|j|☆chakkal
|j|☆TooToedscool
|html|chakkalTooToedscool    
|uhtml|bestof|Game 1 of a best-of-3
|t:|1782741850
|gametype|doubles
|player|p1|chakkal|169|1099
|player|p2|TooToedscool|169|1201
|gen|9
|tier|[Gen 9 Champions] VGC 2026 Reg M-B (Bo3)
|rated|
|rule|Species Clause: Limit one of each Pokémon
|rule|Item Clause: Limit 1 of each item
|clearpoke
|poke|p1|Swampert, L50, M|
|poke|p1|Mawile, L50, M|
|poke|p1|Pelipper, L50, M|
|poke|p1|Sinistcha, L50|
|poke|p1|Farigiraf, L50, M|
|poke|p1|Archaludon, L50, F|
|poke|p2|Metagross, L50|
|poke|p2|Dragonite, L50, M|
|poke|p2|Incineroar, L50, F|
|poke|p2|Sinistcha, L50|
|poke|p2|Politoed, L50, F|
|poke|p2|Archaludon, L50, M|
|teampreview|4
|showteam|p1|Swampert||Swampertite|Torrent|HighHorsepower,WaveCrash,IcePunch,Protect|Adamant||M|||50|]Mawile||Mawilite|Intimidate|PlayRough,IronHead,Protect,SuckerPunch|Adamant||M|||50|]Pelipper||LifeOrb|Drizzle|Protect,WeatherBall,Tailwind,Hurricane|Modest||M|||50|]Sinistcha||KasibBerry|Hospitality|MatchaGotcha,RagePowder,TrickRoom,Protect|Relaxed|||||50|]Farigiraf||SitrusBerry|ArmorTail|Psychic,Thunder,TrickRoom,Protect|Sassy||M|||50|]Archaludon||Leftovers|Stamina|ElectroShot,DragonPulse,FlashCannon,Protect|Timid||F|||50|
|showteam|p2|Metagross||Metagrossite|ClearBody|IronHead,PsychicFangs,BrickBreak,Protect|Adamant|||||50|]Dragonite||Dragoninite|InnerFocus|DracoMeteor,Hurricane,WeatherBall,Protect|Modest||M|||50|]Incineroar||ChopleBerry|Intimidate|FakeOut,ThroatChop,PartingShot,FlareBlitz|Impish||F|||50|]Sinistcha||KasibBerry|Hospitality|MatchaGotcha,RagePowder,TrickRoom,Protect|Bold|||||50|]Politoed||SitrusBerry|Drizzle|WeatherBall,PerishSong,HelpingHand,Protect|Calm||F|||50|]Archaludon||Leftovers|Stamina|ElectroShot,DragonPulse,FlashCannon,Protect|Bold||M|||50|
|inactive|Battle timer is ON: inactive players will automatically lose when time's up. (requested by chakkal)
|
|t:|1782741899
|teamsize|p1|4
|teamsize|p2|4
|start
|switch|p1a: Mawile|Mawile, L50, M|100/100
|switch|p1b: Farigiraf|Farigiraf, L50, M|100/100
|switch|p2a: Metagross|Metagross, L50|100/100
|switch|p2b: Incineroar|Incineroar, L50, F|100/100
|-ability|p2b: Incineroar|Intimidate|boost
|-unboost|p1a: Mawile|atk|1
|-unboost|p1b: Farigiraf|atk|1
|-ability|p1a: Mawile|Intimidate|boost
|-fail|p2a: Metagross|unboost|[from] ability: Clear Body|[of] p2a: Metagross
|-unboost|p2b: Incineroar|atk|1
|turn|1
|inactive|chakkal has 30 seconds left.
|
|t:|1782741930
|switch|p1a: Pelipper|Pelipper, L50, M|100/100
|-weather|RainDance|[from] ability: Drizzle|[of] p1a: Pelipper
|detailschange|p2a: Metagross|Metagross-Mega, L50
|-mega|p2a: Metagross|Metagross|Metagrossite
|move|p2a: Metagross|Iron Head|p1b: Farigiraf
|-damage|p1b: Farigiraf|46/100
|-enditem|p1b: Farigiraf|Sitrus Berry|[eat]
|-heal|p1b: Farigiraf|71/100|[from] item: Sitrus Berry
|move|p2b: Incineroar|Parting Shot|p1a: Pelipper
|-unboost|p1a: Pelipper|atk|1
|-unboost|p1a: Pelipper|spa|1
|
|t:|1782741943
|switch|p2b: Archaludon|Archaludon, L50, M|100/100|[from] Parting Shot
|move|p1b: Farigiraf|Thunder|p2a: Metagross
|-damage|p2a: Metagross|69/100
|
|-weather|RainDance|[upkeep]
|upkeep
|turn|2
|
|t:|1782741966
|switch|p1b: Archaludon|Archaludon, L50, F|100/100
|move|p1a: Pelipper|Protect|p1a: Pelipper
|-singleturn|p1a: Pelipper|Protect
|move|p2a: Metagross|Iron Head|p1b: Archaludon
|-resisted|p1b: Archaludon|1
|-damage|p1b: Archaludon|71/100
|-ability|p1b: Archaludon|Stamina|boost
|-boost|p1b: Archaludon|def|1
|move|p2b: Archaludon|Electro Shot||[still]
|-prepare|p2b: Archaludon|Electro Shot
|-boost|p2b: Archaludon|spa|1
|-anim|p2b: Archaludon|Electro Shot|p1b: Archaludon
|-resisted|p1b: Archaludon|1
|-damage|p1b: Archaludon|28/100
|-ability|p1b: Archaludon|Stamina|boost
|-boost|p1b: Archaludon|def|1
|
|-weather|RainDance|[upkeep]
|-heal|p1b: Archaludon|34/100|[from] item: Leftovers
|upkeep
|turn|3
|
|t:|1782741986
|move|p1b: Archaludon|Protect|p1b: Archaludon
|-singleturn|p1b: Archaludon|Protect
|move|p2a: Metagross|Brick Break|p1b: Archaludon
|-activate|p1b: Archaludon|move: Protect
|move|p2b: Archaludon|Electro Shot||[still]
|-prepare|p2b: Archaludon|Electro Shot
|-boost|p2b: Archaludon|spa|1
|-anim|p2b: Archaludon|Electro Shot|p1a: Pelipper
|-supereffective|p1a: Pelipper|2
|-damage|p1a: Pelipper|0 fnt
|faint|p1a: Pelipper
|
|-weather|RainDance|[upkeep]
|-heal|p1b: Archaludon|40/100|[from] item: Leftovers
|upkeep
|
|t:|1782742002
|switch|p1a: Mawile|Mawile, L50, M|100/100
|-ability|p1a: Mawile|Intimidate|boost
|-unboost|p2a: Metagross|atk|1
|-unboost|p2b: Archaludon|atk|1
|turn|4
|
|t:|1782742013
|switch|p2a: Incineroar|Incineroar, L50, F|100/100
|-ability|p2a: Incineroar|Intimidate|boost
|-unboost|p1a: Mawile|atk|1
|-unboost|p1b: Archaludon|atk|1
|detailschange|p1a: Mawile|Mawile-Mega, L50, M
|-mega|p1a: Mawile|Mawile|Mawilite
|move|p1a: Mawile|Sucker Punch||[still]
|-fail|p1a: Mawile
|move|p1b: Archaludon|Dragon Pulse|p2b: Archaludon
|-damage|p2b: Archaludon|51/100
|-ability|p2b: Archaludon|Stamina|boost
|-boost|p2b: Archaludon|def|1
|move|p2b: Archaludon|Dragon Pulse|p1b: Archaludon
|-damage|p1b: Archaludon|0 fnt
|faint|p1b: Archaludon
|
|-weather|RainDance|[upkeep]
|-heal|p2b: Archaludon|57/100|[from] item: Leftovers
|upkeep
|
|t:|1782742028
|switch|p1b: Farigiraf|Farigiraf, L50, M|71/100
|turn|5
|
|t:|1782742037
|move|p2b: Archaludon|Electro Shot||[still]
|-prepare|p2b: Archaludon|Electro Shot
|-boost|p2b: Archaludon|spa|1
|-anim|p2b: Archaludon|Electro Shot|p1b: Farigiraf
|-damage|p1b: Farigiraf|0 fnt
|faint|p1b: Farigiraf
|move|p2a: Incineroar|Parting Shot|p1a: Mawile
|-unboost|p1a: Mawile|atk|1
|-unboost|p1a: Mawile|spa|1
|
|t:|1782742046
|switch|p2a: Sinistcha|Sinistcha, L50|100/100|[from] Parting Shot
|-heal|p2b: Archaludon|82/100|[from] ability: Hospitality|[of] p2a: Sinistcha
|move|p1a: Mawile|Play Rough|p2b: Archaludon
|-damage|p2b: Archaludon|63/100
|-ability|p2b: Archaludon|Stamina|boost
|-boost|p2b: Archaludon|def|1
|
|-weather|none
|-heal|p2b: Archaludon|69/100|[from] item: Leftovers
|upkeep
|turn|6
|-message|chakkal forfeited.
|
|win|TooToedscool
|l|☆chakkal
|player|p1|
