|j|☆NathanNat11
|j|☆grus kujo
|html|NathanNat11grus kujo    
|uhtml|bestof|Game 2 of a best-of-3
|t:|1757700926
|gametype|doubles
|player|p1|NathanNat11|blackbelt-gen4dp|1098
|player|p2|grus kujo|101|1043
|gen|9
|tier|[Gen 9] VGC 2025 Reg H (Bo3)
|rated|
|rule|Species Clause: Limit one of each Pokémon
|rule|Item Clause: Limit 1 of each item
|clearpoke
|poke|p1|Archaludon, L50, F|
|poke|p1|Grimmsnarl, L50, M|
|poke|p1|Basculegion, L50, M|
|poke|p1|Annihilape, L50, F|
|poke|p1|Pelipper, L50, F|
|poke|p1|Maushold-Four, L50|
|poke|p2|Tyranitar, L50, F|
|poke|p2|Lycanroc, L50, M|
|poke|p2|Vikavolt, L50, M|
|poke|p2|Whimsicott, L50, M|
|poke|p2|Garchomp, L50, M|
|poke|p2|Gallade, L50, M|
|teampreview|4
|showteam|p1|Archaludon||AssaultVest|Stamina|ElectroShot,FlashCannon,DracoMeteor,BodyPress|||F|||50|,,,,,Fairy]Grimmsnarl||LightClay|Prankster|ThunderWave,Reflect,LightScreen,SpiritBreak|||M|||50|,,,,,Ghost]Basculegion||ChoiceBand|SwiftSwim|WaveCrash,AquaJet,LastRespects,Liquidation|||M|||50|,,,,,Water]Annihilape||SafetyGoggles|Defiant|BulkUp,DrainPunch,RageFist,Protect|||F|||50|,,,,,Steel]Pelipper||CovertCloak|Drizzle|WideGuard,Tailwind,WeatherBall,Hurricane|||F|||50|,,,,,Grass]Maushold-Four||FocusSash|FriendGuard|FollowMe,Encore,BeatUp,SuperFang||||||50|,,,,,Ghost
|showteam|p2|Tyranitar||AssaultVest|SandStream|RockSlide,Earthquake,KnockOff,TeraBlast|||F|||50|,,,,,Flying]Lycanroc||FocusSash|SandRush|DrillRun,RockSlide,Endeavor,Protect|||M|||50|,,,,,Steel]Vikavolt||SafetyGoggles|Levitate|Thunderbolt,BugBuzz,VoltSwitch,Protect|||M|||50|,,,,,Poison]Whimsicott||CovertCloak|Prankster|Moonblast,Encore,Tailwind,MistyTerrain|||M|||50|,,,,,Dragon]Garchomp||LifeOrb|SandVeil|StompingTantrum,Earthquake,DragonClaw,Protect|||M|||50|,,,,,Fire]Gallade||SitrusBerry|Sharpness|SacredSword,PsychoCut,TrickRoom,Protect|||M|||50|,,,,,Fire
|inactive|Battle timer is ON: inactive players will automatically lose when time's up. (requested by NathanNat11)
|
|t:|1757700950
|teamsize|p1|4
|teamsize|p2|4
|start
|switch|p1a: Grimmsnarl|Grimmsnarl, L50, M|100/100
|switch|p1b: Annihilape|Annihilape, L50, F|100/100
|switch|p2a: Garchomp|Garchomp, L50, M|100/100
|switch|p2b: Vikavolt|Vikavolt, L50, M|100/100
|turn|1
|inactive|NathanNat11 has 30 seconds left.
|inactive|NathanNat11 has 20 seconds left.
|
|t:|1757700990
|move|p1a: Grimmsnarl|Light Screen|p1a: Grimmsnarl
|-sidestart|p1: NathanNat11|move: Light Screen
|move|p2a: Garchomp|Earthquake|p1b: Annihilape|[spread] p1a,p1b
|-immune|p2b: Vikavolt|[from] ability: Levitate
|-damage|p1a: Grimmsnarl|28/100
|-damage|p1b: Annihilape|50/100
|-damage|p2a: Garchomp|91/100|[from] item: Life Orb
|move|p1b: Annihilape|Bulk Up|p1b: Annihilape
|-boost|p1b: Annihilape|atk|1
|-boost|p1b: Annihilape|def|1
|move|p2b: Vikavolt|Volt Switch|p1b: Annihilape
|-damage|p1b: Annihilape|24/100
|
|t:|1757701008
|switch|p2b: Whimsicott|Whimsicott, L50, M|100/100|[from] Volt Switch
|
|upkeep
|turn|2
|inactive|grus kujo has 30 seconds left.
|inactive|grus kujo has 20 seconds left.
|
|t:|1757701047
|move|p1b: Annihilape|Protect|p1b: Annihilape
|-singleturn|p1b: Annihilape|Protect
|move|p2b: Whimsicott|Encore|p1b: Annihilape
|-activate|p1b: Annihilape|move: Protect
|move|p1a: Grimmsnarl|Reflect|p1a: Grimmsnarl
|-sidestart|p1: NathanNat11|Reflect
|move|p2a: Garchomp|Stomping Tantrum|p1a: Grimmsnarl
|-damage|p1a: Grimmsnarl|0 fnt
|faint|p1a: Grimmsnarl
|-damage|p2a: Garchomp|81/100|[from] item: Life Orb
|
|upkeep
|
|t:|1757701064
|switch|p1a: Pelipper|Pelipper, L50, F|100/100
|-weather|RainDance|[from] ability: Drizzle|[of] p1a: Pelipper
|turn|3
|
|t:|1757701087
|switch|p1b: Archaludon|Archaludon, L50, F|100/100
|move|p2b: Whimsicott|Encore||[still]
|-fail|p2b: Whimsicott
|move|p2a: Garchomp|Dragon Claw|p1a: Pelipper
|-damage|p1a: Pelipper|61/100
|-damage|p2a: Garchomp|71/100|[from] item: Life Orb
|move|p1a: Pelipper|Hurricane|p2b: Whimsicott
|-supereffective|p2b: Whimsicott
|-damage|p2b: Whimsicott|0 fnt
|faint|p2b: Whimsicott
|
|-weather|RainDance|[upkeep]
|upkeep
|
|t:|1757701102
|switch|p2b: Tyranitar|Tyranitar, L50, F|100/100
|-weather|Sandstorm|[from] ability: Sand Stream|[of] p2b: Tyranitar
|turn|4
|
|t:|1757701119
|switch|p2b: Vikavolt|Vikavolt, L50, M|100/100
|-terastallize|p1b: Archaludon|Fairy
|move|p1a: Pelipper|Wide Guard|p1a: Pelipper
|-singleturn|p1a: Pelipper|Wide Guard
|move|p2a: Garchomp|Earthquake|p1b: Archaludon|[spread] 
|-activate|p1a: Pelipper|move: Wide Guard
|-activate|p1b: Archaludon|move: Wide Guard
|-immune|p2b: Vikavolt|[from] ability: Levitate
|move|p1b: Archaludon|Draco Meteor|p2a: Garchomp|[miss]
|-miss|p1b: Archaludon|p2a: Garchomp
|
|-weather|Sandstorm|[upkeep]
|-damage|p1b: Archaludon|94/100|[from] Sandstorm
|-damage|p1a: Pelipper|55/100|[from] Sandstorm
|upkeep
|turn|5
|inactive|grus kujo has 30 seconds left.
|
|t:|1757701151
|move|p2a: Garchomp|Stomping Tantrum|p1b: Archaludon
|-damage|p1b: Archaludon|35/100
|-ability|p1b: Archaludon|Stamina|boost
|-boost|p1b: Archaludon|def|1
|-damage|p2a: Garchomp|61/100|[from] item: Life Orb
|move|p1b: Archaludon|Draco Meteor|p2a: Garchomp|[miss]
|-miss|p1b: Archaludon|p2a: Garchomp
|move|p1a: Pelipper|Weather Ball|p2b: Vikavolt
|-supereffective|p2b: Vikavolt
|-damage|p2b: Vikavolt|32/100
|move|p2b: Vikavolt|Volt Switch|p1b: Archaludon
|-crit|p1b: Archaludon
|-damage|p1b: Archaludon|0 fnt
|faint|p1b: Archaludon
|
|t:|1757701171
|switch|p2b: Tyranitar|Tyranitar, L50, F|100/100|[from] Volt Switch
|
|-weather|Sandstorm|[upkeep]
|-damage|p1a: Pelipper|49/100|[from] Sandstorm
|upkeep
|
|t:|1757701174
|switch|p1b: Annihilape|Annihilape, L50, F|24/100
|turn|6
|
|t:|1757701189
|-terastallize|p2b: Tyranitar|Flying
|move|p2a: Garchomp|Protect|p2a: Garchomp
|-singleturn|p2a: Garchomp|Protect
|move|p1b: Annihilape|Protect|p1b: Annihilape
|-singleturn|p1b: Annihilape|Protect
|move|p1a: Pelipper|Tailwind|p1a: Pelipper
|-sidestart|p1: NathanNat11|move: Tailwind
|move|p2b: Tyranitar|Rock Slide|p1b: Annihilape|[spread] p1a
|-activate|p1b: Annihilape|move: Protect
|-supereffective|p1a: Pelipper
|-damage|p1a: Pelipper|6/100
|
|-weather|Sandstorm|[upkeep]
|-damage|p1a: Pelipper|0 fnt|[from] Sandstorm
|-damage|p2b: Tyranitar|94/100|[from] Sandstorm
|faint|p1a: Pelipper
|upkeep
|turn|7
|
|t:|1757701211
|move|p1b: Annihilape|Rage Fist|p2b: Tyranitar
|-damage|p2b: Tyranitar|25/100
|move|p2a: Garchomp|Dragon Claw|p1b: Annihilape
|-damage|p1b: Annihilape|0 fnt
|faint|p1b: Annihilape
|-damage|p2a: Garchomp|51/100|[from] item: Life Orb
|
|win|grus kujo
||NathanNat11 is ready for game 3.
|inactive|grus kujo has 30 seconds to confirm battle start!
||grus kujo is ready for game 3.
|uhtml|next|Next: Game 3 of 3
|l|☆grus kujo
|player|p2|
