|j|☆jaso2008
|j|☆Blankman0013
|html|jaso2008Blankman0013    
|uhtml|bestof|Game 1 of a best-of-3
|t:|1782442891
|gametype|doubles
|player|p1|jaso2008|clair|1076
|player|p2|Blankman0013|102|1029
|gen|9
|tier|[Gen 9 Champions] VGC 2026 Reg M-B (Bo3)
|rated|
|rule|Species Clause: Limit one of each Pokémon
|rule|Item Clause: Limit 1 of each item
|clearpoke
|poke|p1|Starmie, L50|
|poke|p1|Ampharos, L50, F|
|poke|p1|Pelipper, L50, F|
|poke|p1|Ariados, L50, M|
|poke|p1|Cofagrigus, L50, F|
|poke|p1|Kingambit, L50, M|
|poke|p2|Dragalge, L50, M|
|poke|p2|Sinistcha, L50|
|poke|p2|Hatterene, L50, F|
|poke|p2|Grimmsnarl, L50, M|
|poke|p2|Staraptor, L50, F|
|poke|p2|Excadrill, L50, M|
|teampreview|4
|showteam|p1|Starmie||Starminite|NaturalCure|AquaJet,Liquidation,ZenHeadbutt,Protect|Jolly|||||50|]Ampharos||Ampharosite|Static|DragonPulse,Thunder,DazzlingGleam,Protect|Quiet||F|||50|]Pelipper||SitrusBerry|Drizzle|Hurricane,Tailwind,WideGuard,Protect|Bold||F|||50|]Ariados||LifeOrb|Insomnia|PoisonJab,RagePowder,Toxic,FirstImpression|Careful||M|||50|]Cofagrigus||Leftovers|Mummy|Curse,DestinyBond,WillOWisp,TrickRoom|Relaxed||F|||50|]Kingambit||ChopleBerry|Defiant|SuckerPunch,KowtowCleave,IronHead,LowKick|Relaxed||M|||50|
|showteam|p2|Dragalge||Dragalgite|Adaptability|DracoMeteor,AcidSpray,Thunderbolt,FlipTurn|Sassy||M|||50|]Sinistcha||Leftovers|Hospitality|StrengthSap,LifeDew,MatchaGotcha,Scald|Bold|||||50|]Hatterene||WiseGlasses|Healer|TrickRoom,ExpandingForce,Nuzzle,DazzlingGleam|Quiet||F|||50|]Grimmsnarl||LightClay|Prankster|Reflect,PartingShot,SpiritBreak,ScaryFace|Impish||M|||50|]Staraptor||Staraptite|Intimidate|Roost,CloseCombat,BraveBird,SteelWing|Adamant||F|||50|]Excadrill||ChoiceScarf|MoldBreaker|HighHorsepower,IronHead,BrickBreak,XScissor|Jolly||M|||50|
|inactive|Battle timer is ON: inactive players will automatically lose when time's up. (requested by Blankman0013)
|inactive|jaso2008 has 60 seconds left.
|inactive|Blankman0013 has 60 seconds left.
|
|t:|1782442943
|teamsize|p1|4
|teamsize|p2|4
|start
|switch|p1a: Pelipper|Pelipper, L50, F|100/100
|switch|p1b: Kingambit|Kingambit, L50, M|100/100
|switch|p2a: Dragalge|Dragalge, L50, M|100/100
|switch|p2b: Grimmsnarl|Grimmsnarl, L50, M|100/100
|-weather|RainDance|[from] ability: Drizzle|[of] p1a: Pelipper
|turn|1
|
|t:|1782442961
|detailschange|p2a: Dragalge|Dragalge-Mega, L50, M
|-mega|p2a: Dragalge|Dragalge|Dragalgite
|move|p2b: Grimmsnarl|Reflect|p2b: Grimmsnarl
|-sidestart|p2: Blankman0013|Reflect
|move|p1a: Pelipper|Hurricane|p2b: Grimmsnarl
|-damage|p2b: Grimmsnarl|65/100
|move|p1b: Kingambit|Iron Head|p2b: Grimmsnarl
|-supereffective|p2b: Grimmsnarl|1
|-damage|p2b: Grimmsnarl|12/100
|move|p2a: Dragalge|Thunderbolt|p1a: Pelipper
|-supereffective|p1a: Pelipper|2
|-damage|p1a: Pelipper|0 fnt
|faint|p1a: Pelipper
|
|-weather|RainDance|[upkeep]
|upkeep
|
|t:|1782442975
|switch|p1a: Ampharos|Ampharos, L50, F|100/100
|turn|2
|
|t:|1782442989
|move|p2b: Grimmsnarl|Parting Shot|p1a: Ampharos
|-unboost|p1a: Ampharos|atk|1
|-unboost|p1a: Ampharos|spa|1
|
|t:|1782442992
|switch|p2b: Excadrill|Excadrill, L50, M|100/100|[from] Parting Shot
|-ability|p2b: Excadrill|Mold Breaker
|move|p1a: Ampharos|Dragon Pulse|p2a: Dragalge
|-supereffective|p2a: Dragalge|1
|-damage|p2a: Dragalge|80/100
|move|p1b: Kingambit|Iron Head|p2b: Excadrill
|-resisted|p2b: Excadrill|1
|-damage|p2b: Excadrill|84/100
|move|p2a: Dragalge|Acid Spray|p1a: Ampharos
|-crit|p1a: Ampharos
|-damage|p1a: Ampharos|73/100
|-unboost|p1a: Ampharos|spd|2
|
|-weather|RainDance|[upkeep]
|upkeep
|turn|3
|
|t:|1782443012
|switch|p1a: Cofagrigus|Cofagrigus, L50, F|100/100
|move|p2b: Excadrill|Brick Break|p1b: Kingambit
|-supereffective|p1b: Kingambit|2
|-enditem|p1b: Kingambit|Chople Berry|[eat]
|-enditem|p1b: Kingambit|Chople Berry|[weaken]
|-damage|p1b: Kingambit|67/100
|move|p1b: Kingambit|Iron Head|p2a: Dragalge
|-damage|p2a: Dragalge|55/100
|move|p2a: Dragalge|Draco Meteor|p1a: Cofagrigus
|-damage|p1a: Cofagrigus|50/100g
|-unboost|p2a: Dragalge|spa|2
|
|-weather|RainDance|[upkeep]
|-heal|p1a: Cofagrigus|56/100|[from] item: Leftovers
|upkeep
|turn|4
|
|t:|1782443035
|move|p2b: Excadrill|Brick Break|p1b: Kingambit
|-supereffective|p1b: Kingambit|2
|-damage|p1b: Kingambit|0 fnt
|faint|p1b: Kingambit
|move|p2a: Dragalge|Flip Turn|p1a: Cofagrigus
|-damage|p1a: Cofagrigus|41/100
|-activate|p1a: Cofagrigus|ability: Mummy|p2a: Dragalge|[ability] Regenerator
|
|t:|1782443046
|switch|p2a: Grimmsnarl|Grimmsnarl, L50, M|12/100|[from] Flip Turn
|move|p1a: Cofagrigus|Will-O-Wisp|p2b: Excadrill
|-status|p2b: Excadrill|brn
|
|-weather|RainDance|[upkeep]
|-heal|p1a: Cofagrigus|47/100|[from] item: Leftovers
|-damage|p2b: Excadrill|78/100 brn|[from] brn
|upkeep
|
|t:|1782443052
|switch|p1b: Ampharos|Ampharos, L50, F|73/100
|turn|5
|
|t:|1782443061
|switch|p2b: Dragalge|Dragalge-Mega, L50, M|55/100
|detailschange|p1b: Ampharos|Ampharos-Mega, L50, F
|-mega|p1b: Ampharos|Ampharos|Ampharosite
|-ability|p1b: Ampharos|Mold Breaker
|move|p1b: Ampharos|Protect|p1b: Ampharos
|-singleturn|p1b: Ampharos|Protect
|move|p2a: Grimmsnarl|Spirit Break|p1b: Ampharos
|-activate|p1b: Ampharos|move: Protect
|move|p1a: Cofagrigus|Trick Room|p1a: Cofagrigus
|-fieldstart|move: Trick Room|[of] p1a: Cofagrigus
|
|-weather|none
|-heal|p1a: Cofagrigus|53/100|[from] item: Leftovers
|upkeep
|turn|6
|inactive|jaso2008 has 30 seconds left.
|
|t:|1782443088
|move|p2a: Grimmsnarl|Scary Face|p2b: Dragalge
|-unboost|p2b: Dragalge|spe|2
|move|p2b: Dragalge|Draco Meteor|p1b: Ampharos
|-supereffective|p1b: Ampharos|1
|-damage|p1b: Ampharos|0 fnt
|-unboost|p2b: Dragalge|spa|2
|faint|p1b: Ampharos
|move|p1a: Cofagrigus|Will-O-Wisp|p2a: Grimmsnarl
|-status|p2a: Grimmsnarl|brn
|
|-heal|p1a: Cofagrigus|60/100|[from] item: Leftovers
|-damage|p2a: Grimmsnarl|6/100 brn|[from] brn
|upkeep
|turn|7
|c|☆jaso2008|Ggs!
|inactive|Blankman0013 has 30 seconds left.
|
|t:|1782443114
|move|p2a: Grimmsnarl|Parting Shot|p1a: Cofagrigus
|-unboost|p1a: Cofagrigus|atk|1
|-unboost|p1a: Cofagrigus|spa|1
|
|t:|1782443118
|switch|p2a: Sinistcha|Sinistcha, L50|100/100|[from] Parting Shot
|-heal|p2b: Dragalge|80/100|[from] ability: Hospitality|[of] p2a: Sinistcha
|move|p2b: Dragalge|Flip Turn|p1a: Cofagrigus
|-damage|p1a: Cofagrigus|49/100
|-activate|p1a: Cofagrigus|ability: Mummy|p2b: Dragalge|[ability] Regenerator
|c|☆jaso2008|Good team you got
|
|t:|1782443128
|switch|p2b: Grimmsnarl|Grimmsnarl, L50, M|6/100 brn|[from] Flip Turn
|move|p1a: Cofagrigus|Curse|p2b: Grimmsnarl
|-start|p2b: Grimmsnarl|Curse|[of] p1a: Cofagrigus
|-damage|p1a: Cofagrigus|0 fnt
|faint|p1a: Cofagrigus
|
|win|Blankman0013
