|j|☆30YrOldOPMEnjoyer
|j|☆knoxvillninja
|html|30YrOldOPMEnjoyerknoxvillninja    
|uhtml|bestof|Game 2 of a best-of-3
|t:|1784613408
|gametype|doubles
|player|p1|30YrOldOPMEnjoyer|169|
|player|p2|knoxvillninja|2|
|gen|9
|tier|[Gen 9 Champions] VGC 2026 Reg M-B (Bo3)
|rule|Species Clause: Limit one of each Pokémon
|rule|Item Clause: Limit 1 of each item
|clearpoke
|poke|p1|Tyranitar, L50, M|
|poke|p1|Garchomp, L50, M|
|poke|p1|Hydreigon, L50, F|
|poke|p1|Milotic, L50, F|
|poke|p1|Excadrill, L50, M|
|poke|p1|Sableye, L50, F|
|poke|p2|Charizard, L50, M|
|poke|p2|Basculegion, L50, M|
|poke|p2|Aerodactyl, L50, F|
|poke|p2|Venusaur, L50, M|
|poke|p2|Krookodile, L50, M|
|poke|p2|Greninja, L50, M|
|teampreview|4
|showteam|p1|Tyranitar||Tyranitarite|SandStream|KnockOff,RockSlide,IcePunch,Protect|Adamant||M|||50|]Garchomp||LifeOrb|SandVeil|RockSlide,Earthquake,DragonClaw,PoisonJab|Jolly||M|||50|]Hydreigon||ChoiceScarf|Levitate|DragonPulse,HeatWave,DarkPulse,FlashCannon|Timid||F|||50|]Milotic||Leftovers|MarvelScale|IcyWind,Scald,Protect,Coil|Bold||F|||50|]Excadrill||FocusSash|SandRush|RockSlide,IronHead,Earthquake,Protect|Adamant||M|||50|]Sableye||LightClay|Prankster|LightScreen,Reflect,WillOWisp,FakeOut|Careful||F|||50|
|showteam|p2|Charizard||CharizarditeY|Blaze|HeatWave,SolarBeam,WeatherBall,Protect|Modest||M|||50|]Basculegion||ChoiceScarf|Adaptability|LastRespects,WaveCrash,AquaJet,FlipTurn|Adamant||M|||50|]Aerodactyl||FocusSash|Unnerve|RockSlide,IceFang,Tailwind,RainDance|Jolly||F|||50|]Venusaur||WideLens|Chlorophyll|SleepPowder,EarthPower,LeafStorm,Protect|Timid||M|||50|]Krookodile||LifeOrb|Intimidate|Earthquake,Crunch,RockSlide,Protect|Jolly||M|||50|]Greninja||Greninjite|Protean|HydroPump,DarkPulse,IceBeam,Protect|Timid||M|||50|
|
|t:|1784613428
|teamsize|p1|4
|teamsize|p2|4
|start
|switch|p1a: Sableye|Sableye, L50, F|100/100
|switch|p1b: Milotic|Milotic, L50, F|100/100
|switch|p2a: Krookodile|Krookodile, L50, M|100/100
|switch|p2b: Aerodactyl|Aerodactyl, L50, F|100/100
|-ability|p2b: Aerodactyl|Unnerve
|-ability|p2a: Krookodile|Intimidate|boost
|-unboost|p1a: Sableye|atk|1
|-unboost|p1b: Milotic|atk|1
|turn|1
|
|t:|1784613463
|move|p2a: Krookodile|Protect|p2a: Krookodile
|-singleturn|p2a: Krookodile|Protect
|move|p1a: Sableye|Reflect|p1a: Sableye
|-sidestart|p1: 30YrOldOPMEnjoyer|Reflect
|move|p2b: Aerodactyl|Tailwind|p2b: Aerodactyl
|-sidestart|p2: knoxvillninja|move: Tailwind
|move|p1b: Milotic|Scald|p2a: Krookodile
|-activate|p2a: Krookodile|move: Protect
|
|upkeep
|turn|2
|
|t:|1784613496
|move|p1a: Sableye|Light Screen|p1a: Sableye
|-sidestart|p1: 30YrOldOPMEnjoyer|move: Light Screen
|move|p2b: Aerodactyl|Rock Slide|p1b: Milotic|[spread] p1a,p1b
|-damage|p1a: Sableye|74/100
|-damage|p1b: Milotic|88/100
|move|p2a: Krookodile|Earthquake|p1a: Sableye|[spread] p1a,p1b
|-immune|p2b: Aerodactyl
|-damage|p1a: Sableye|29/100
|-damage|p1b: Milotic|62/100
|-damage|p2a: Krookodile|90/100|[from] item: Life Orb
|cant|p1b: Milotic|flinch
|
|-heal|p1b: Milotic|68/100|[from] item: Leftovers
|upkeep
|turn|3
|inactive|Battle timer is ON: inactive players will automatically lose when time's up. (requested by 30YrOldOPMEnjoyer)
|
|t:|1784613527
|move|p1b: Milotic|Protect|p1b: Milotic
|-singleturn|p1b: Milotic|Protect
|move|p1a: Sableye|Will-O-Wisp|p2a: Krookodile
|-hint|Since gen 7, Dark is immune to Prankster moves.
|-immune|p2a: Krookodile
|move|p2b: Aerodactyl|Rock Slide|p1b: Milotic|[spread] p1a
|-activate|p1b: Milotic|move: Protect
|-damage|p1a: Sableye|5/100
|move|p2a: Krookodile|Earthquake|p1a: Sableye|[spread] p1a
|-activate|p1b: Milotic|move: Protect
|-immune|p2b: Aerodactyl
|-damage|p1a: Sableye|0 fnt
|faint|p1a: Sableye
|-damage|p2a: Krookodile|80/100|[from] item: Life Orb
|
|-heal|p1b: Milotic|74/100|[from] item: Leftovers
|upkeep
|
|t:|1784613535
|switch|p1a: Tyranitar|Tyranitar, L50, M|100/100
|-weather|Sandstorm|[from] ability: Sand Stream|[of] p1a: Tyranitar
|turn|4
|inactive|knoxvillninja has 30 seconds left.
|
|t:|1784613561
|switch|p2a: Basculegion|Basculegion, L50, M|100/100
|move|p2b: Aerodactyl|Rain Dance|p2b: Aerodactyl
|-weather|RainDance
|move|p1b: Milotic|Icy Wind|p2a: Basculegion|[spread] p2a,p2b
|-resisted|p2a: Basculegion|1
|-supereffective|p2b: Aerodactyl|1
|-damage|p2a: Basculegion|93/100
|-damage|p2b: Aerodactyl|69/100
|-unboost|p2a: Basculegion|spe|1
|-unboost|p2b: Aerodactyl|spe|1
|move|p1a: Tyranitar|Rock Slide|p2a: Basculegion|[spread] p2a,p2b
|-supereffective|p2b: Aerodactyl|1
|-damage|p2a: Basculegion|56/100
|-damage|p2b: Aerodactyl|0 fnt
|faint|p2b: Aerodactyl
|
|-weather|RainDance|[upkeep]
|-heal|p1b: Milotic|80/100|[from] item: Leftovers
|-sideend|p2: knoxvillninja|move: Tailwind
|upkeep
|
|t:|1784613576
|switch|p2b: Greninja|Greninja, L50, M|100/100
|turn|5
|
|t:|1784613596
|detailschange|p2b: Greninja|Greninja-Mega, L50, M
|-mega|p2b: Greninja|Greninja|Greninjite
|detailschange|p1a: Tyranitar|Tyranitar-Mega, L50, M
|-mega|p1a: Tyranitar|Tyranitar|Tyranitarite
|-weather|Sandstorm|[from] ability: Sand Stream|[of] p1a: Tyranitar
|move|p2b: Greninja|Dark Pulse|p1b: Milotic
|-start|p2b: Greninja|typechange|Dark|[from] ability: Protean
|-crit|p1b: Milotic
|-damage|p1b: Milotic|35/100
|move|p2a: Basculegion|Wave Crash|p1a: Tyranitar
|-supereffective|p1a: Tyranitar|1
|-crit|p1a: Tyranitar
|-damage|p1a: Tyranitar|0 fnt
|faint|p1a: Tyranitar
|-damage|p2a: Basculegion|22/100|[from] Recoil
|move|p1b: Milotic|Icy Wind|p2b: Greninja|[spread] p2a,p2b
|-resisted|p2a: Basculegion|1
|-crit|p2b: Greninja
|-damage|p2a: Basculegion|16/100
|-damage|p2b: Greninja|78/100
|-unboost|p2a: Basculegion|spe|1
|-unboost|p2b: Greninja|spe|1
|
|-weather|Sandstorm|[upkeep]
|-damage|p2b: Greninja|72/100|[from] Sandstorm
|-damage|p1b: Milotic|29/100|[from] Sandstorm
|-damage|p2a: Basculegion|10/100|[from] Sandstorm
|-heal|p1b: Milotic|35/100|[from] item: Leftovers
|upkeep
|
|t:|1784613608
|switch|p1a: Excadrill|Excadrill, L50, M|100/100
|turn|6
|
|t:|1784613624
|move|p1b: Milotic|Protect|p1b: Milotic
|-singleturn|p1b: Milotic|Protect
|move|p1a: Excadrill|Earthquake|p2a: Basculegion|[spread] p2a,p2b
|-activate|p1b: Milotic|move: Protect
|-damage|p2a: Basculegion|0 fnt
|-damage|p2b: Greninja|9/100
|faint|p2a: Basculegion
|move|p2b: Greninja|Dark Pulse|p1b: Milotic
|-activate|p1b: Milotic|move: Protect
|
|-weather|Sandstorm|[upkeep]
|-damage|p2b: Greninja|3/100|[from] Sandstorm
|-damage|p1b: Milotic|29/100|[from] Sandstorm
|-heal|p1b: Milotic|35/100|[from] item: Leftovers
|upkeep
|
|t:|1784613637
|switch|p2a: Krookodile|Krookodile, L50, M|80/100
|-ability|p2a: Krookodile|Intimidate|boost
|-unboost|p1a: Excadrill|atk|1
|-unboost|p1b: Milotic|atk|1
|turn|7
|inactive|knoxvillninja has 30 seconds left.
|
|t:|1784613668
|move|p2a: Krookodile|Protect|p2a: Krookodile
|-singleturn|p2a: Krookodile|Protect
|move|p1a: Excadrill|Rock Slide|p2a: Krookodile|[spread] p2b
|-activate|p2a: Krookodile|move: Protect
|-damage|p2b: Greninja|0 fnt
|faint|p2b: Greninja
|move|p1b: Milotic|Scald|p2a: Krookodile
|-activate|p2a: Krookodile|move: Protect
|
|-weather|Sandstorm|[upkeep]
|-damage|p1b: Milotic|29/100|[from] Sandstorm
|-heal|p1b: Milotic|35/100|[from] item: Leftovers
|upkeep
|turn|8
|
|t:|1784613681
|move|p1a: Excadrill|Iron Head|p2a: Krookodile
|-damage|p2a: Krookodile|38/100
|move|p2a: Krookodile|Earthquake|p1a: Excadrill|[spread] p1a,p1b
|-supereffective|p1a: Excadrill|1
|-damage|p1a: Excadrill|13/100
|-damage|p1b: Milotic|13/100
|-damage|p2a: Krookodile|28/100|[from] item: Life Orb
|move|p1b: Milotic|Scald|p2a: Krookodile
|-supereffective|p2a: Krookodile|1
|-damage|p2a: Krookodile|0 fnt
|faint|p2a: Krookodile
|
|win|30YrOldOPMEnjoyer
