|j|☆ToastedArt
|j|☆ShadowEliteYT
|html|ToastedArtShadowEliteYT    
|uhtml|bestof|Game 1 of a best-of-3
|t:|1784477627
|gametype|doubles
|player|p1|ToastedArt|iris|1000
|player|p2|ShadowEliteYT|2|1055
|gen|9
|tier|[Gen 9 Champions] VGC 2026 Reg M-B (Bo3)
|rated|
|rule|Species Clause: Limit one of each Pokémon
|rule|Item Clause: Limit 1 of each item
|clearpoke
|poke|p1|Falinks, L50, shiny|
|poke|p1|Incineroar, L50, F|
|poke|p1|Vanilluxe, L50, F, shiny|
|poke|p1|Basculegion, L50, M, shiny|
|poke|p1|Sneasler, L50, M|
|poke|p1|Dragonite, L50, M, shiny|
|poke|p2|Swampert, L50, M|
|poke|p2|Pelipper, L50, F|
|poke|p2|Garchomp, L50, M|
|poke|p2|Whimsicott, L50, F|
|poke|p2|Gengar, L50, M, shiny|
|poke|p2|Decidueye-Hisui, L50, M|
|teampreview|4
|showteam|p1|Falinks||Falinksite|Defiant|NoRetreat,CloseCombat,RockSlide,Protect|Adamant|||||50|]Incineroar||Charcoal|Intimidate|FlareBlitz,ThroatChop,FakeOut,PartingShot|Adamant||F|||50|]Vanilluxe||ChoiceScarf|SnowWarning|Blizzard,FreezeDry,IcyWind,SheerCold|Modest||F|||50|]Basculegion||SitrusBerry|Adaptability|WaveCrash,LastRespects,AquaJet,Protect|Adamant||M|||50|]Sneasler||FocusSash|PoisonTouch|PoisonJab,CloseCombat,FakeOut,Coaching|Jolly||M|||50|]Dragonite||DragonFang|Multiscale|DragonClaw,ExtremeSpeed,LowKick,Tailwind|Adamant||M|||50|
|showteam|p2|Swampert||Swampertite|Damp|WaveCrash,IcePunch,Earthquake,Protect|Adamant||M|||50|]Pelipper||Leftovers|Drizzle|Hurricane,WeatherBall,WideGuard,Tailwind|Modest||F|||50|]Garchomp||LifeOrb|RoughSkin|DragonClaw,StompingTantrum,RockSlide,Protect|Adamant||M|||50|]Whimsicott||FocusSash|Prankster|Moonblast,Tailwind,Encore,Protect|Timid||F|||50|]Gengar||Gengarite|CursedBody|ShadowBall,SludgeWave,Disable,Protect|Timid||M|||50|]Decidueye-Hisui||ExpertBelt|Scrappy|TripleArrows,LeafBlade,SuckerPunch,Protect|Jolly||M|||50|
|inactive|Battle timer is ON: inactive players will automatically lose when time's up. (requested by ToastedArt)
|inactive|ToastedArt has 60 seconds left.
|
|t:|1784477682
|teamsize|p1|4
|teamsize|p2|4
|start
|switch|p1a: Sneasler|Sneasler, L50, M|100/100
|switch|p1b: Vanilluxe|Vanilluxe, L50, F, shiny|100/100
|switch|p2a: Pelipper|Pelipper, L50, F|100/100
|switch|p2b: Garchomp|Garchomp, L50, M|100/100
|-weather|Snowscape|[from] ability: Snow Warning|[of] p1b: Vanilluxe
|-weather|RainDance|[from] ability: Drizzle|[of] p2a: Pelipper
|turn|1
|
|t:|1784477705
|move|p1a: Sneasler|Fake Out|p2b: Garchomp
|-damage|p2b: Garchomp|85/100
|-damage|p1a: Sneasler|87/100|[from] ability: Rough Skin|[of] p2b: Garchomp
|-status|p2b: Garchomp|psn|[from] ability: Poison Touch|[of] p1a: Sneasler
|move|p1b: Vanilluxe|Freeze-Dry|p2a: Pelipper
|-supereffective|p2a: Pelipper|2
|-damage|p2a: Pelipper|0 fnt
|faint|p2a: Pelipper
|cant|p2b: Garchomp|flinch
|
|-weather|RainDance|[upkeep]
|-damage|p2b: Garchomp|73/100 psn|[from] psn
|upkeep
|
|t:|1784477721
|switch|p2a: Whimsicott|Whimsicott, L50, F|100/100
|turn|2
|
|t:|1784477732
|move|p2a: Whimsicott|Encore|p1a: Sneasler
|-start|p1a: Sneasler|Encore
|move|p1a: Sneasler|Fake Out||[still]
|-hint|Fake Out only works on your first turn out.
|-fail|p1a: Sneasler
|move|p1b: Vanilluxe|Freeze-Dry|p2b: Garchomp
|-supereffective|p2b: Garchomp|2
|-damage|p2b: Garchomp|0 fnt
|faint|p2b: Garchomp
|
|-weather|RainDance|[upkeep]
|upkeep
|
|t:|1784477739
|switch|p2b: Swampert|Swampert, L50, M|100/100
|turn|3
|
|t:|1784477753
|switch|p1a: Incineroar|Incineroar, L50, F|100/100
|-ability|p1a: Incineroar|Intimidate|boost
|-unboost|p2a: Whimsicott|atk|1
|-unboost|p2b: Swampert|atk|1
|detailschange|p2b: Swampert|Swampert-Mega, L50, M
|-mega|p2b: Swampert|Swampert|Swampertite
|move|p2a: Whimsicott|Tailwind|p2a: Whimsicott
|-sidestart|p2: ShadowEliteYT|move: Tailwind
|move|p2b: Swampert|Wave Crash|p1b: Vanilluxe
|-damage|p1b: Vanilluxe|0 fnt
|faint|p1b: Vanilluxe
|-damage|p2b: Swampert|75/100|[from] Recoil
|
|-weather|RainDance|[upkeep]
|upkeep
|
|t:|1784477773
|switch|p1b: Sneasler|Sneasler, L50, M|87/100
|turn|4
|
|t:|1784477781
|move|p1a: Incineroar|Fake Out|p2b: Swampert
|-damage|p2b: Swampert|64/100
|move|p2a: Whimsicott|Moonblast|p1a: Incineroar
|-damage|p1a: Incineroar|75/100
|cant|p2b: Swampert|flinch
|move|p1b: Sneasler|Coaching|p1a: Incineroar
|-boost|p1a: Incineroar|atk|1
|-boost|p1a: Incineroar|def|1
|
|-weather|RainDance|[upkeep]
|upkeep
|turn|5
|
|t:|1784477796
|move|p2a: Whimsicott|Moonblast|p1a: Incineroar
|-damage|p1a: Incineroar|48/100
|move|p2b: Swampert|Wave Crash|p1a: Incineroar
|-supereffective|p1a: Incineroar|1
|-damage|p1a: Incineroar|0 fnt
|faint|p1a: Incineroar
|-damage|p2b: Swampert|49/100|[from] Recoil
|move|p1b: Sneasler|Poison Jab|p2a: Whimsicott
|-supereffective|p2a: Whimsicott|2
|-enditem|p2a: Whimsicott|Focus Sash
|-damage|p2a: Whimsicott|1/100
|
|-weather|none
|upkeep
|
|t:|1784477805
|switch|p1a: Falinks|Falinks, L50, shiny|100/100
|turn|6
|
|t:|1784477816
|detailschange|p1a: Falinks|Falinks-Mega, L50, shiny
|-mega|p1a: Falinks|Falinks|Falinksite
|move|p2a: Whimsicott|Protect|p2a: Whimsicott
|-singleturn|p2a: Whimsicott|Protect
|move|p1b: Sneasler|Poison Jab|p2a: Whimsicott
|-activate|p2a: Whimsicott|move: Protect
|move|p2b: Swampert|Earthquake|p1b: Sneasler|[spread] p1a,p1b
|-activate|p2a: Whimsicott|move: Protect
|-supereffective|p1b: Sneasler|1
|-damage|p1a: Falinks|68/100
|-damage|p1b: Sneasler|0 fnt
|faint|p1b: Sneasler
|move|p1a: Falinks|No Retreat|p1a: Falinks
|-boost|p1a: Falinks|atk|1
|-boost|p1a: Falinks|def|1
|-boost|p1a: Falinks|spa|1
|-boost|p1a: Falinks|spd|1
|-boost|p1a: Falinks|spe|1
|-start|p1a: Falinks|move: No Retreat
|
|-sideend|p2: ShadowEliteYT|move: Tailwind
|upkeep
|turn|7
|
|t:|1784477834
|move|p2a: Whimsicott|Tailwind|p2a: Whimsicott
|-sidestart|p2: ShadowEliteYT|move: Tailwind
|move|p1a: Falinks|Rock Slide|p2a: Whimsicott|[spread] p2b
|-miss|p1a: Falinks|p2a: Whimsicott
|-resisted|p2b: Swampert|1
|-damage|p2b: Swampert|37/100
|move|p2b: Swampert|Wave Crash|p1a: Falinks
|-damage|p1a: Falinks|34/100
|-damage|p2b: Swampert|29/100|[from] Recoil
|
|upkeep
|turn|8
|
|t:|1784477844
|move|p2a: Whimsicott|Moonblast|p1a: Falinks
|-supereffective|p1a: Falinks|1
|-damage|p1a: Falinks|0 fnt
|faint|p1a: Falinks
|
|win|ShadowEliteYT
