|j|☆theshinychatot
|j|☆FlashoGoing
|html|theshinychatotFlashoGoing    
|uhtml|bestof|Game 2 of a best-of-3
|t:|1785892076
|gametype|doubles
|player|p1|theshinychatot|skyla|1220
|player|p2|FlashoGoing|pokemaniac|1149
|gen|9
|tier|[Gen 9 Champions] VGC 2026 Reg M-B (Bo3)
|rated|
|rule|Species Clause: Limit one of each Pokémon
|rule|Item Clause: Limit 1 of each item
|clearpoke
|poke|p1|Kingambit, L50, F|
|poke|p1|Charizard, L50, M|
|poke|p1|Aerodactyl, L50, F|
|poke|p1|Farigiraf, L50, F|
|poke|p1|Garchomp, L50, F|
|poke|p1|Sylveon, L50, F|
|poke|p2|Whimsicott, L50, M|
|poke|p2|Ninetales-Alola, L50, F|
|poke|p2|Glimmora, L50, F|
|poke|p2|Incineroar, L50, F|
|poke|p2|Rotom-Wash, L50|
|poke|p2|Blastoise, L50, F|
|teampreview|4
|showteam|p1|Kingambit||FocusSash|Defiant|KowtowCleave,IronHead,SuckerPunch,LowKick|Adamant||F|||50|]Charizard||CharizarditeY|Blaze|HeatWave,SolarBeam,WeatherBall,Protect|Modest||M|||50|]Aerodactyl||Aerodactylite|Unnerve|RockSlide,DualWingbeat,IceFang,Tailwind|Jolly||F|||50|]Farigiraf||SitrusBerry|ArmorTail|Psychic,Thunderbolt,TrickRoom,Protect|Bold||F|||50|]Garchomp||LifeOrb|RoughSkin|Earthquake,DragonClaw,StompingTantrum,Protect|Jolly||F|||50|]Sylveon||FairyFeather|Pixilate|HyperVoice,HyperBeam,QuickAttack,Protect|Modest||F|||50|
|showteam|p2|Whimsicott||FocusSash|Prankster|Tailwind,Moonblast,Encore,Protect|Timid||M|||50|]Ninetales-Alola||NeverMeltIce|SnowWarning|Blizzard,FreezeDry,AuroraVeil,Protect|Timid||F|||50|]Glimmora||Glimmoranite|ToxicDebris|PowerGem,SludgeBomb,EarthPower,SpikyShield|Timid||F|||50|]Incineroar|||Intimidate|FakeOut,FlareBlitz,ThroatChop,PartingShot|Careful||F|||50|]Rotom-Wash||SitrusBerry|Levitate|Thunderbolt,HydroPump,WillOWisp,LightScreen|Modest|||||50|]Blastoise||Blastoisinite|Torrent|WaterSpout,WaterPulse,AuraSphere,Protect|Modest||F|||50|
|inactive|Battle timer is ON: inactive players will automatically lose when time's up. (requested by theshinychatot)
|
|t:|1785892110
|teamsize|p1|4
|teamsize|p2|4
|start
|switch|p1a: Charizard|Charizard, L50, M|100/100
|switch|p1b: Garchomp|Garchomp, L50, F|100/100
|switch|p2a: Whimsicott|Whimsicott, L50, M|100/100
|switch|p2b: Rotom|Rotom-Wash, L50|100/100
|turn|1
|inactive|theshinychatot has 30 seconds left.
|inactive|theshinychatot has 20 seconds left.
|
|t:|1785892148
|detailschange|p1a: Charizard|Charizard-Mega-Y, L50, M
|-mega|p1a: Charizard|Charizard|Charizardite Y
|-weather|SunnyDay|[from] ability: Drought|[of] p1a: Charizard
|move|p1b: Garchomp|Protect|p1b: Garchomp
|-singleturn|p1b: Garchomp|Protect
|move|p2a: Whimsicott|Tailwind|p2a: Whimsicott
|-sidestart|p2: FlashoGoing|move: Tailwind
|move|p2b: Rotom|Will-O-Wisp|p1b: Garchomp
|-activate|p1b: Garchomp|move: Protect
|move|p1a: Charizard|Solar Beam||[still]
|-prepare|p1a: Charizard|Solar Beam
|-anim|p1a: Charizard|Solar Beam|p2b: Rotom
|-supereffective|p2b: Rotom|1
|-damage|p2b: Rotom|0 fnt
|faint|p2b: Rotom
|
|-weather|SunnyDay|[upkeep]
|upkeep
|
|t:|1785892166
|switch|p2b: Glimmora|Glimmora, L50, F|100/100
|turn|2
|inactive|theshinychatot has 30 seconds left.
|inactive|theshinychatot has 20 seconds left.
|
|t:|1785892206
|detailschange|p2b: Glimmora|Glimmora-Mega, L50, F
|-mega|p2b: Glimmora|Glimmora|Glimmoranite
|move|p2a: Whimsicott|Encore|p1b: Garchomp
|-start|p1b: Garchomp|Encore
|move|p1b: Garchomp|Protect||[still]
|-fail|p1b: Garchomp
|move|p2b: Glimmora|Power Gem|p1a: Charizard
|-supereffective|p1a: Charizard|2
|-damage|p1a: Charizard|0 fnt
|faint|p1a: Charizard
|
|-weather|SunnyDay|[upkeep]
|upkeep
|
|t:|1785892225
|switch|p1a: Farigiraf|Farigiraf, L50, F|100/100
|turn|3
|
|t:|1785892248
|move|p1b: Garchomp|Protect|p1b: Garchomp
|-singleturn|p1b: Garchomp|Protect
|move|p1a: Farigiraf|Protect|p1a: Farigiraf
|-singleturn|p1a: Farigiraf|Protect
|move|p2a: Whimsicott|Moonblast|p1a: Farigiraf
|-activate|p1a: Farigiraf|move: Protect
|move|p2b: Glimmora|Sludge Bomb|p1a: Farigiraf
|-activate|p1a: Farigiraf|move: Protect
|
|-weather|SunnyDay|[upkeep]
|upkeep
|turn|4
|
|t:|1785892265
|switch|p1b: Sylveon|Sylveon, L50, F|100/100
|move|p2a: Whimsicott|Moonblast|p1b: Sylveon
|-damage|p1b: Sylveon|73/100
|move|p2b: Glimmora|Sludge Bomb|p1b: Sylveon
|-supereffective|p1b: Sylveon|1
|-damage|p1b: Sylveon|0 fnt
|faint|p1b: Sylveon
|move|p1a: Farigiraf|Trick Room|p1a: Farigiraf
|-fieldstart|move: Trick Room|[of] p1a: Farigiraf
|
|-weather|SunnyDay|[upkeep]
|-sideend|p2: FlashoGoing|move: Tailwind
|upkeep
|
|t:|1785892275
|switch|p1b: Garchomp|Garchomp, L50, F|100/100
|turn|5
|
|t:|1785892300
|move|p2a: Whimsicott|Protect|p2a: Whimsicott
|-singleturn|p2a: Whimsicott|Protect
|move|p2b: Glimmora|Spiky Shield|p2b: Glimmora
|-singleturn|p2b: Glimmora|move: Protect
|move|p1a: Farigiraf|Psychic|p2a: Whimsicott
|-activate|p2a: Whimsicott|move: Protect
|move|p1b: Garchomp|Stomping Tantrum|p2b: Glimmora
|-activate|p2b: Glimmora|move: Protect
|-damage|p1b: Garchomp|87/100|[from] Spiky Shield|[of] p2b: Glimmora
|
|-weather|none
|upkeep
|turn|6
|
|t:|1785892316
|switch|p2b: Incineroar|Incineroar, L50, F|100/100
|-ability|p2b: Incineroar|Intimidate|boost
|-unboost|p1a: Farigiraf|atk|1
|-unboost|p1b: Garchomp|atk|1
|move|p1a: Farigiraf|Psychic|p2a: Whimsicott
|-damage|p2a: Whimsicott|45/100
|move|p1b: Garchomp|Stomping Tantrum|p2b: Incineroar
|-supereffective|p2b: Incineroar|1
|-damage|p2b: Incineroar|38/100
|-damage|p1b: Garchomp|77/100|[from] item: Life Orb
|move|p2a: Whimsicott|Moonblast|p1b: Garchomp
|-supereffective|p1b: Garchomp|1
|-damage|p1b: Garchomp|0 fnt
|faint|p1b: Garchomp
|
|upkeep
|turn|7
|-message|theshinychatot forfeited.
|
|win|FlashoGoing
||theshinychatot is ready for game 3.
||FlashoGoing is ready for game 3.
|uhtml|next|Next: Game 3 of 3
