|j|☆Markknight05
|j|☆3-4 worlds
|html|Markknight053-4 worlds    
|uhtml|bestof|Game 3 of a best-of-3
|t:|1785176289
|gametype|doubles
|player|p1|Markknight05|2|1129
|player|p2|3-4 worlds|emma|1161
|gen|9
|tier|[Gen 9 Champions] VGC 2026 Reg M-B (Bo3)
|rated|
|rule|Species Clause: Limit one of each Pokémon
|rule|Item Clause: Limit 1 of each item
|clearpoke
|poke|p1|Sinistcha, L50|
|poke|p1|Tyranitar, L50, M|
|poke|p1|Steelix, L50, F|
|poke|p1|Rotom-Wash, L50|
|poke|p1|Sneasler, L50, M|
|poke|p1|Talonflame, L50, F|
|poke|p2|Charizard, L50, M|
|poke|p2|Glimmora, L50, M|
|poke|p2|Ninetales-Alola, L50, M|
|poke|p2|Sylveon, L50, M|
|poke|p2|Kingambit, L50, F|
|poke|p2|Whimsicott, L50, F|
|teampreview|4
|showteam|p1|Sinistcha||SitrusBerry|Hospitality|MatchaGotcha,RagePowder,Protect,TrickRoom|Bold|||||50|]Tyranitar||Tyranitarite|SandStream|DragonDance,RockSlide,KnockOff,Protect|Adamant||M|||50|]Steelix||Steelixite|Sturdy|HeavySlam,WideGuard,HighHorsepower,Protect|Brave||F|||50|]Rotom-Wash||Leftovers|Levitate|Thunderbolt,HydroPump,WillOWisp,LightScreen|Calm|||||50|]Sneasler||WhiteHerb|Unburden|FakeOut,CloseCombat,DireClaw,Protect|Adamant||M|||50|]Talonflame||SharpBeak|GaleWings|SwordsDance,Protect,FlareBlitz,BraveBird|Jolly||F|||50|
|showteam|p2|Charizard||CharizarditeY|Blaze|HeatWave,WeatherBall,SolarBeam,Protect|Modest||M|||50|]Glimmora||Glimmoranite|ToxicDebris|SludgeBomb,PowerGem,EarthPower,SpikyShield|Modest||M|||50|]Ninetales-Alola||NeverMeltIce|SnowWarning|Blizzard,FreezeDry,Disable,Protect|Timid||M|||50|]Sylveon||FairyFeather|Pixilate|HyperVoice,HyperBeam,QuickAttack,Detect|Modest||M|||50|]Kingambit||BlackGlasses|Defiant|KowtowCleave,IronHead,SuckerPunch,Protect|Adamant||F|||50|]Whimsicott||FocusSash|Prankster|Moonblast,Tailwind,Encore,Protect|Timid||F|||50|
|inactive|Battle timer is ON: inactive players will automatically lose when time's up. (requested by 3-4 worlds)
|inactive|Markknight05 has 60 seconds left.
|
|t:|1785176325
|teamsize|p1|4
|teamsize|p2|4
|start
|switch|p1a: Tyranitar|Tyranitar, L50, M|100/100
|switch|p1b: Rotom|Rotom-Wash, L50|100/100
|switch|p2a: Whimsicott|Whimsicott, L50, F|100/100
|switch|p2b: Glimmora|Glimmora, L50, M|100/100
|-weather|Sandstorm|[from] ability: Sand Stream|[of] p1a: Tyranitar
|turn|1
|
|t:|1785176343
|detailschange|p2b: Glimmora|Glimmora-Mega, L50, M
|-mega|p2b: Glimmora|Glimmora|Glimmoranite
|move|p2a: Whimsicott|Moonblast|p1a: Tyranitar
|-supereffective|p1a: Tyranitar|1
|-damage|p1a: Tyranitar|58/100
|move|p2b: Glimmora|Power Gem|p1b: Rotom
|-damage|p1b: Rotom|43/100
|move|p1a: Tyranitar|Dragon Dance|p1a: Tyranitar
|-boost|p1a: Tyranitar|atk|1
|-boost|p1a: Tyranitar|spe|1
|move|p1b: Rotom|Light Screen|p1b: Rotom
|-sidestart|p1: Markknight05|move: Light Screen
|
|-weather|Sandstorm|[upkeep]
|-damage|p2a: Whimsicott|94/100|[from] Sandstorm
|-damage|p1b: Rotom|38/100|[from] Sandstorm
|-heal|p1b: Rotom|43/100|[from] item: Leftovers
|upkeep
|turn|2
|
|t:|1785176366
|move|p2a: Whimsicott|Encore|p1b: Rotom
|-start|p1b: Rotom|Encore
|move|p1a: Tyranitar|Rock Slide|p2a: Whimsicott|[spread] p2a,p2b
|-damage|p2a: Whimsicott|34/100
|-damage|p2b: Glimmora|58/100
|move|p2b: Glimmora|Earth Power|p1a: Tyranitar
|-supereffective|p1a: Tyranitar|1
|-damage|p1a: Tyranitar|32/100
|-unboost|p1a: Tyranitar|spd|1
|move|p1b: Rotom|Light Screen||[still]
|-fail|p1b: Rotom
|
|-weather|Sandstorm|[upkeep]
|-damage|p2a: Whimsicott|28/100|[from] Sandstorm
|-damage|p1b: Rotom|38/100|[from] Sandstorm
|-heal|p1b: Rotom|43/100|[from] item: Leftovers
|upkeep
|turn|3
|
|t:|1785176388
|switch|p1b: Sinistcha|Sinistcha, L50|100/100
|-heal|p1a: Tyranitar|57/100|[from] ability: Hospitality|[of] p1b: Sinistcha
|move|p1a: Tyranitar|Protect|p1a: Tyranitar
|-singleturn|p1a: Tyranitar|Protect
|move|p2a: Whimsicott|Moonblast|p1a: Tyranitar
|-activate|p1a: Tyranitar|move: Protect
|move|p2b: Glimmora|Power Gem|p1b: Sinistcha
|-damage|p1b: Sinistcha|58/100
|
|-weather|Sandstorm|[upkeep]
|-damage|p2a: Whimsicott|22/100|[from] Sandstorm
|-damage|p1b: Sinistcha|52/100|[from] Sandstorm
|upkeep
|turn|4
|
|t:|1785176408
|move|p2a: Whimsicott|Tailwind|p2a: Whimsicott
|-sidestart|p2: 3-4 worlds|move: Tailwind
|move|p2b: Glimmora|Sludge Bomb|p1b: Sinistcha
|-damage|p1b: Sinistcha|2/100
|-enditem|p1b: Sinistcha|Sitrus Berry|[eat]
|-heal|p1b: Sinistcha|27/100|[from] item: Sitrus Berry
|move|p1a: Tyranitar|Rock Slide|p2b: Glimmora|[spread] p2a,p2b
|-damage|p2a: Whimsicott|0 fnt
|-damage|p2b: Glimmora|18/100
|faint|p2a: Whimsicott
|move|p1b: Sinistcha|Matcha Gotcha|p2b: Glimmora|[miss]
|-miss|p1b: Sinistcha|p2b: Glimmora
|
|-weather|Sandstorm|[upkeep]
|-damage|p1b: Sinistcha|21/100|[from] Sandstorm
|upkeep
|
|t:|1785176421
|switch|p2a: Sylveon|Sylveon, L50, M|100/100
|turn|5
|
|t:|1785176440
|switch|p1b: Sneasler|Sneasler, L50, M|100/100
|move|p2b: Glimmora|Spiky Shield|p2b: Glimmora
|-singleturn|p2b: Glimmora|move: Protect
|move|p1a: Tyranitar|Protect|p1a: Tyranitar
|-singleturn|p1a: Tyranitar|Protect
|move|p2a: Sylveon|Hyper Voice|p1a: Tyranitar|[spread] p1b
|-activate|p1a: Tyranitar|move: Protect
|-damage|p1b: Sneasler|54/100
|
|-weather|none
|-sideend|p1: Markknight05|move: Light Screen
|upkeep
|turn|6
|inactive|Markknight05 has 30 seconds left.
|inactive|3-4 worlds has 30 seconds left.
|
|t:|1785176474
|detailschange|p1a: Tyranitar|Tyranitar-Mega, L50, M
|-mega|p1a: Tyranitar|Tyranitar|Tyranitarite
|-weather|Sandstorm|[from] ability: Sand Stream|[of] p1a: Tyranitar
|move|p1b: Sneasler|Fake Out|p2a: Sylveon
|-damage|p2a: Sylveon|82/100
|move|p2b: Glimmora|Earth Power|p1a: Tyranitar
|-supereffective|p1a: Tyranitar|1
|-damage|p1a: Tyranitar|8/100
|move|p1a: Tyranitar|Rock Slide|p2a: Sylveon|[spread] p2b
|-miss|p1a: Tyranitar|p2a: Sylveon
|-damage|p2b: Glimmora|0 fnt
|faint|p2b: Glimmora
|cant|p2a: Sylveon|flinch
|
|-weather|Sandstorm|[upkeep]
|-damage|p1b: Sneasler|48/100|[from] Sandstorm
|-damage|p2a: Sylveon|75/100|[from] Sandstorm
|upkeep
|
|t:|1785176481
|switch|p2b: Kingambit|Kingambit, L50, F|100/100
|turn|7
|
|t:|1785176498
|move|p1a: Tyranitar|Protect|p1a: Tyranitar
|-singleturn|p1a: Tyranitar|Protect
|move|p1b: Sneasler|Dire Claw|p2a: Sylveon
|-supereffective|p2a: Sylveon|1
|-damage|p2a: Sylveon|0 fnt
|faint|p2a: Sylveon
|move|p2b: Kingambit|Kowtow Cleave|p1b: Sneasler
|-resisted|p1b: Sneasler|1
|-damage|p1b: Sneasler|3/100
|
|-weather|Sandstorm|[upkeep]
|-damage|p1b: Sneasler|0 fnt|[from] Sandstorm
|faint|p1b: Sneasler
|-sideend|p2: 3-4 worlds|move: Tailwind
|upkeep
|
|t:|1785176511
|switch|p1b: Sinistcha|Sinistcha, L50|21/100
|-heal|p1a: Tyranitar|32/100|[from] ability: Hospitality|[of] p1b: Sinistcha
|turn|8
|
|t:|1785176528
|move|p1b: Sinistcha|Rage Powder|p1b: Sinistcha
|-singleturn|p1b: Sinistcha|move: Rage Powder
|move|p1a: Tyranitar|Dragon Dance|p1a: Tyranitar
|-boost|p1a: Tyranitar|atk|1
|-boost|p1a: Tyranitar|spe|1
|move|p2b: Kingambit|Kowtow Cleave|p1b: Sinistcha
|-supereffective|p1b: Sinistcha|1
|-damage|p1b: Sinistcha|0 fnt
|faint|p1b: Sinistcha
|
|-weather|Sandstorm|[upkeep]
|upkeep
|
|t:|1785176537
|switch|p1b: Rotom|Rotom-Wash, L50|43/100
|turn|9
|
|t:|1785176556
|move|p1a: Tyranitar|Protect|p1a: Tyranitar
|-singleturn|p1a: Tyranitar|Protect
|move|p1b: Rotom|Will-O-Wisp|p2b: Kingambit
|-status|p2b: Kingambit|brn
|move|p2b: Kingambit|Iron Head|p1a: Tyranitar
|-activate|p1a: Tyranitar|move: Protect
|
|-weather|Sandstorm|[upkeep]
|-damage|p1b: Rotom|38/100|[from] Sandstorm
|-heal|p1b: Rotom|43/100|[from] item: Leftovers
|-damage|p2b: Kingambit|93/100 brn|[from] brn
|upkeep
|turn|10
|
|t:|1785176578
|move|p1a: Tyranitar|Rock Slide|p2b: Kingambit
|-resisted|p2b: Kingambit|1
|-damage|p2b: Kingambit|62/100 brn
|move|p1b: Rotom|Thunderbolt|p2b: Kingambit
|-damage|p2b: Kingambit|28/100 brn
|move|p2b: Kingambit|Iron Head|p1a: Tyranitar
|-supereffective|p1a: Tyranitar|1
|-damage|p1a: Tyranitar|2/100
|
|-weather|none
|-heal|p1b: Rotom|49/100|[from] item: Leftovers
|-damage|p2b: Kingambit|22/100 brn|[from] brn
|upkeep
|turn|11
|
|t:|1785176593
|move|p1a: Tyranitar|Rock Slide|p2b: Kingambit
|-resisted|p2b: Kingambit|1
|-damage|p2b: Kingambit|0 fnt
|faint|p2b: Kingambit
|
|win|Markknight05
|raw|Markknight05's rating: 1129 → 1156(+27 for winning)
|raw|3-4 worlds's rating: 1161 → 1134(-27 for losing)
|j| tedidn
