|j|☆subhamcheee
|j|☆Senli
|html|subhamcheeeSenli    
|uhtml|bestof|Game 1 of a best-of-3
|t:|1786027692
|gametype|doubles
|player|p1|subhamcheee|cynthia|1262
|player|p2|Senli|florian-bb|1190
|gen|9
|tier|[Gen 9 Champions] VGC 2026 Reg M-B (Bo3)
|rated|
|rule|Species Clause: Limit one of each Pokémon
|rule|Item Clause: Limit 1 of each item
|clearpoke
|poke|p1|Gardevoir, L50, F, shiny|
|poke|p1|Meowstic, L50, M|
|poke|p1|Sneasler, L50, M|
|poke|p1|Torkoal, L50, M|
|poke|p1|Armarouge, L50, F, shiny|
|poke|p1|Basculegion, L50, M|
|poke|p2|Staraptor, L50, M, shiny|
|poke|p2|Glimmora, L50, F, shiny|
|poke|p2|Kingambit, L50, M, shiny|
|poke|p2|Whimsicott, L50, F, shiny|
|poke|p2|Delphox, L50, M, shiny|
|poke|p2|Garchomp, L50, F, shiny|
|teampreview|4
|showteam|p1|Gardevoir||Gardevoirite|Trace|Protect,ShadowBall,ExpandingForce,HyperVoice|Modest||F|||50|]Meowstic||FocusSash|Prankster|FakeOut,Protect,PsychicTerrain,ExpandingForce|Timid||M|||50|]Sneasler||WhiteHerb|Unburden|FakeOut,Protect,PoisonJab,CloseCombat|Adamant||M|||50|]Torkoal||Charcoal|Drought|Protect,HelpingHand,WeatherBall,Eruption|Modest||M|||50|]Armarouge||ColburBerry|FlashFire|SolarBeam,TrickRoom,ExpandingForce,ArmorCannon|Quiet||F|||50|]Basculegion||ChoiceScarf|Adaptability|WaveCrash,LastRespects,AquaJet,FlipTurn|Jolly||M|||50|
|showteam|p2|Staraptor||Staraptite|Intimidate|CloseCombat,BraveBird,Roost,Protect|Jolly||M|||50|]Glimmora||FocusSash|ToxicDebris|PowerGem,SludgeBomb,EarthPower,SpikyShield|Timid||F|||50|]Kingambit||ChopleBerry|Defiant|KowtowCleave,IronHead,LowKick,SuckerPunch|Adamant||M|||50|]Whimsicott||OccaBerry|Prankster|Tailwind,Moonblast,Charm,LightScreen|Timid||F|||50|]Delphox||Delphoxite|Blaze|HeatWave,Psychic,Substitute,Protect|Timid||M|||50|]Garchomp||ChoiceScarf|RoughSkin|DragonClaw,RockSlide,Earthquake,StompingTantrum|Jolly||F|||50|
|inactive|Battle timer is ON: inactive players will automatically lose when time's up. (requested by Senli)
|inactive|Senli has 60 seconds left.
|
|t:|1786027735
|teamsize|p1|4
|teamsize|p2|4
|start
|switch|p1a: Meowstic|Meowstic, L50, M|100/100
|switch|p1b: Sneasler|Sneasler, L50, M|100/100
|switch|p2a: Garchomp|Garchomp, L50, F, shiny|100/100
|switch|p2b: Delphox|Delphox, L50, M, shiny|100/100
|turn|1
|inactive|Senli has 30 seconds left.
|
|t:|1786027765
|detailschange|p2b: Delphox|Delphox-Mega, L50, M, shiny
|-mega|p2b: Delphox|Delphox|Delphoxite
|move|p2b: Delphox|Protect|p2b: Delphox
|-singleturn|p2b: Delphox|Protect
|move|p1a: Meowstic|Fake Out|p2a: Garchomp
|-damage|p2a: Garchomp|95/100
|-damage|p1a: Meowstic|88/100|[from] ability: Rough Skin|[of] p2a: Garchomp
|cant|p2a: Garchomp|flinch
|move|p1b: Sneasler|Close Combat|p2a: Garchomp
|-damage|p2a: Garchomp|26/100
|-unboost|p1b: Sneasler|def|1
|-unboost|p1b: Sneasler|spd|1
|-damage|p1b: Sneasler|87/100|[from] ability: Rough Skin|[of] p2a: Garchomp
|-enditem|p1b: Sneasler|White Herb
|-clearnegativeboost|p1b: Sneasler|[silent]
|
|upkeep
|turn|2
|inactive|subhamcheee has 30 seconds left.
|
|t:|1786027792
|switch|p1a: Basculegion|Basculegion, L50, M|100/100
|move|p1b: Sneasler|Close Combat|p2a: Garchomp
|-damage|p2a: Garchomp|0 fnt
|-unboost|p1b: Sneasler|def|1
|-unboost|p1b: Sneasler|spd|1
|-damage|p1b: Sneasler|75/100|[from] ability: Rough Skin|[of] p2a: Garchomp
|faint|p2a: Garchomp
|move|p2b: Delphox|Psychic|p1b: Sneasler
|-supereffective|p1b: Sneasler|2
|-damage|p1b: Sneasler|0 fnt
|faint|p1b: Sneasler
|
|upkeep
|
|t:|1786027806
|switch|p1b: Meowstic|Meowstic, L50, M|88/100
|switch|p2a: Kingambit|Kingambit, L50, M, shiny|100/100
|turn|3
|
|t:|1786027816
|move|p1b: Meowstic|Fake Out|p2a: Kingambit
|-resisted|p2a: Kingambit|1
|-damage|p2a: Kingambit|98/100
|cant|p2a: Kingambit|flinch
|move|p1a: Basculegion|Wave Crash|p2a: Kingambit
|-damage|p2a: Kingambit|40/100
|-damage|p1a: Basculegion|79/100|[from] Recoil
|move|p2b: Delphox|Substitute|p2b: Delphox
|-start|p2b: Delphox|Substitute
|-damage|p2b: Delphox|75/100
|
|upkeep
|turn|4
|
|t:|1786027831
|switch|p1a: Gardevoir|Gardevoir, L50, F, shiny|100/100
|-ability|p1a: Gardevoir|Defiant|Trace|[from] ability: Trace|[of] p2a: Kingambit
|move|p1b: Meowstic|Psychic Terrain|p1b: Meowstic
|-fieldstart|move: Psychic Terrain
|move|p2a: Kingambit|Sucker Punch||[still]
|-fail|p2a: Kingambit
|move|p2b: Delphox|Heat Wave|p1a: Gardevoir|[spread] p1a,p1b
|-damage|p1a: Gardevoir|63/100
|-damage|p1b: Meowstic|28/100
|
|upkeep
|turn|5
|
|t:|1786027850
|switch|p1b: Basculegion|Basculegion, L50, M|79/100
|switch|p2a: Whimsicott|Whimsicott, L50, F, shiny|100/100
|detailschange|p1a: Gardevoir|Gardevoir-Mega, L50, F, shiny
|-mega|p1a: Gardevoir|Gardevoir|Gardevoirite
|move|p2b: Delphox|Heat Wave|p1a: Gardevoir|[spread] p1a,p1b
|-resisted|p1b: Basculegion|1
|-damage|p1a: Gardevoir|30/100
|-damage|p1b: Basculegion|57/100
|move|p1a: Gardevoir|Hyper Voice|p2a: Whimsicott|[spread] p2a,p2b
|-resisted|p2b: Delphox|1
|-damage|p2a: Whimsicott|31/100
|-damage|p2b: Delphox|52/100
|
|upkeep
|turn|6
|
|t:|1786027874
|move|p2a: Whimsicott|Tailwind|p2a: Whimsicott
|-sidestart|p2: Senli|move: Tailwind
|move|p2b: Delphox|Heat Wave|p1b: Basculegion|[spread] p1a,p1b
|-resisted|p1b: Basculegion|1
|-damage|p1a: Gardevoir|1/100
|-damage|p1b: Basculegion|32/100
|move|p1b: Basculegion|Last Respects|p2b: Delphox
|-supereffective|p2b: Delphox|1
|-end|p2b: Delphox|Substitute
|move|p1a: Gardevoir|Hyper Voice|p2a: Whimsicott|[spread] p2a,p2b
|-resisted|p2b: Delphox|1
|-damage|p2a: Whimsicott|0 fnt
|-damage|p2b: Delphox|30/100
|faint|p2a: Whimsicott
|
|upkeep
|
|t:|1786027884
|switch|p2a: Kingambit|Kingambit, L50, M, shiny|40/100
|turn|7
|inactive|subhamcheee has 30 seconds left.
|
|t:|1786027912
|move|p2b: Delphox|Heat Wave|p1a: Gardevoir|[spread] p1a,p1b
|-resisted|p1b: Basculegion|1
|-damage|p1a: Gardevoir|0 fnt
|-damage|p1b: Basculegion|9/100
|faint|p1a: Gardevoir
|move|p1b: Basculegion|Last Respects|p2a: Kingambit
|-resisted|p2a: Kingambit|1
|-damage|p2a: Kingambit|3/100
|move|p2a: Kingambit|Kowtow Cleave|p1b: Basculegion
|-supereffective|p1b: Basculegion|1
|-damage|p1b: Basculegion|0 fnt
|faint|p1b: Basculegion
|
|upkeep
|-message|subhamcheee forfeited.
|
|win|Senli
|l|☆subhamcheee
|player|p1|
||subhamcheee is ready for game 2.
||Senli is ready for game 2.
|uhtml|next|Next: Game 2 of 3
