|j|☆maza2
|j|☆viatles
|html|maza2viatles    
|uhtml|bestof|Game 3 of a best-of-3
|t:|1756753392
|gametype|doubles
|player|p1|maza2|roxie|1090
|player|p2|viatles|hiker|1023
|gen|9
|tier|[Gen 9] VGC 2025 Reg H (Bo3)
|rated|
|rule|Species Clause: Limit one of each Pokémon
|rule|Item Clause: Limit 1 of each item
|clearpoke
|poke|p1|Maushold-Four, L50|
|poke|p1|Annihilape, L50, F|
|poke|p1|Sinistcha, L50|
|poke|p1|Dragonite, L50, F|
|poke|p1|Sneasler, L50, F|
|poke|p1|Klefki, L50, M|
|poke|p2|Oricorio-Sensu, L50, M|
|poke|p2|Volcarona, L50, F|
|poke|p2|Garchomp, L50, F|
|poke|p2|Scizor, L50, M|
|poke|p2|Mienshao, L50, M|
|poke|p2|Milotic, L50, F|
|teampreview|4
|showteam|p1|Maushold-Four||SafetyGoggles|FriendGuard|FollowMe,Taunt,BeatUp,HelpingHand||||||50|,,,,,Ghost]Annihilape||Leftovers|Defiant|Protect,BulkUp,DrainPunch,RageFist|||F|||50|,,,,,Fire]Sinistcha||SitrusBerry|Hospitality|MatchaGotcha,TrickRoom,LifeDew,RagePowder||||||50|,,,,,Water]Dragonite||LoadedDice|Multiscale|ExtremeSpeed,ScaleShot,Tailwind,Protect|||F|||50|,,,,,Normal]Sneasler||FocusSash|Unburden|DireClaw,Coaching,CloseCombat,ThroatChop|||F|||50|,,,,,Dark]Klefki||LightClay|Prankster|Reflect,LightScreen,MistyTerrain,DazzlingGleam|||M|||50|,,,,,Ghost
|showteam|p2|Oricorio-Sensu||FocusSash|Dancer|QuiverDance,BatonPass,RevelationDance,Protect|||M|||50|,,,,,Fighting]Volcarona||SitrusBerry|FlameBody|QuiverDance,GigaDrain,FieryDance,Protect|||F|||50|,,,,,Grass]Garchomp||ClearAmulet|RoughSkin|IronHead,DragonClaw,RockSlide,Earthquake|||F|||50|,,,,,Steel]Scizor||AssaultVest|Technician|BulletPunch,BugBite,DualWingbeat,Thief|||M|||50|,,,,,Stellar]Mienshao||SafetyGoggles|InnerFocus|FakeOut,CloseCombat,TripleAxel,WideGuard|||M|||50|,,,,,Fire]Milotic||Leftovers|Competitive|Scald,Protect,IcyWind,LifeDew|||F|||50|,,,,,Grass
|inactive|Battle timer is ON: inactive players will automatically lose when time's up. (requested by viatles)
|
|t:|1756753415
|teamsize|p1|4
|teamsize|p2|4
|start
|switch|p1a: Annihilape|Annihilape, L50, F, shiny|100/100
|switch|p1b: Dragonite|Dragonite, L50, F|100/100
|switch|p2a: Milotic|Milotic, L50, F|100/100
|switch|p2b: Garchomp|Garchomp, L50, F|100/100
|turn|1
|
|t:|1756753439
|move|p2b: Garchomp|Rock Slide|p1b: Dragonite|[spread] p1a,p1b
|-resisted|p1a: Annihilape
|-supereffective|p1b: Dragonite
|-damage|p1a: Annihilape|90/100
|-damage|p1b: Dragonite|78/100
|move|p1a: Annihilape|Bulk Up|p1a: Annihilape
|-boost|p1a: Annihilape|atk|1
|-boost|p1a: Annihilape|def|1
|move|p1b: Dragonite|Tailwind|p1b: Dragonite
|-sidestart|p1: maza2|move: Tailwind
|move|p2a: Milotic|Icy Wind|p1a: Annihilape|[spread] p1a,p1b
|-supereffective|p1b: Dragonite
|-crit|p1b: Dragonite
|-damage|p1a: Annihilape|80/100
|-damage|p1b: Dragonite|7/100
|-unboost|p1a: Annihilape|spe|1
|-ability|p1a: Annihilape|Defiant|boost
|-boost|p1a: Annihilape|atk|2
|-unboost|p1b: Dragonite|spe|1
|
|-heal|p1a: Annihilape|87/100|[from] item: Leftovers
|upkeep
|turn|2
|inactive|maza2 has 30 seconds left.
|
|t:|1756753464
|switch|p1b: Klefki|Klefki, L50, M|100/100
|move|p1a: Annihilape|Protect|p1a: Annihilape
|-singleturn|p1a: Annihilape|Protect
|move|p2b: Garchomp|Iron Head|p1a: Annihilape
|-activate|p1a: Annihilape|move: Protect
|move|p2a: Milotic|Icy Wind|p1b: Klefki|[spread] p1b
|-activate|p1a: Annihilape|move: Protect
|-resisted|p1b: Klefki
|-damage|p1b: Klefki|96/100
|-unboost|p1b: Klefki|spe|1
|
|-heal|p1a: Annihilape|93/100|[from] item: Leftovers
|upkeep
|turn|3
|inactive|viatles has 30 seconds left.
|
|t:|1756753492
|move|p2a: Milotic|Protect|p2a: Milotic
|-singleturn|p2a: Milotic|Protect
|move|p1b: Klefki|Misty Terrain|p1b: Klefki
|-fieldstart|move: Misty Terrain
|move|p1a: Annihilape|Rage Fist|p2b: Garchomp
|-damage|p2b: Garchomp|0 fnt
|-damage|p1a: Annihilape|80/100|[from] ability: Rough Skin|[of] p2b: Garchomp
|faint|p2b: Garchomp
|
|-heal|p1a: Annihilape|87/100|[from] item: Leftovers
|upkeep
|
|t:|1756753506
|switch|p2b: Oricorio|Oricorio-Sensu, L50, M|100/100
|turn|4
|
|t:|1756753528
|move|p1a: Annihilape|Protect|p1a: Annihilape
|-singleturn|p1a: Annihilape|Protect
|move|p1b: Klefki|Light Screen|p1b: Klefki
|-sidestart|p1: maza2|move: Light Screen
|move|p2b: Oricorio|Revelation Dance|p1a: Annihilape
|-activate|p1a: Annihilape|move: Protect
|move|p2a: Milotic|Life Dew||[still]|[still]|[spread] 
|-fail|p2a: Milotic|heal
|-fail|p2b: Oricorio|heal
|
|-heal|p1a: Annihilape|93/100|[from] item: Leftovers
|-sideend|p1: maza2|move: Tailwind
|upkeep
|turn|5
|inactive|maza2 has 30 seconds left.
|
|t:|1756753559
|switch|p1b: Sinistcha|Sinistcha, L50|100/100
|-heal|p1a: Annihilape|100/100|[from] ability: Hospitality|[of] p1b: Sinistcha
|move|p2b: Oricorio|Revelation Dance|p1a: Annihilape
|-supereffective|p1a: Annihilape
|-damage|p1a: Annihilape|58/100
|move|p2a: Milotic|Scald|p1a: Annihilape
|-damage|p1a: Annihilape|38/100
|move|p1a: Annihilape|Drain Punch|p2a: Milotic
|-damage|p2a: Milotic|20/100
|-heal|p1a: Annihilape|77/100|[from] drain|[of] p2a: Milotic
|
|-heal|p2a: Milotic|26/100|[from] item: Leftovers
|-heal|p1a: Annihilape|83/100|[from] item: Leftovers
|upkeep
|turn|6
|inactive|maza2 has 30 seconds left.
|inactive|viatles has 30 seconds left.
|inactive|viatles has 20 seconds left.
|inactive|maza2 has 20 seconds left.
|
|t:|1756753607
|-terastallize|p1a: Annihilape|Fire
|move|p2b: Oricorio|Quiver Dance|p2b: Oricorio
|-boost|p2b: Oricorio|spa|1
|-boost|p2b: Oricorio|spd|1
|-boost|p2b: Oricorio|spe|1
|move|p2a: Milotic|Icy Wind|p1b: Sinistcha|[spread] p1a,p1b
|-resisted|p1a: Annihilape
|-supereffective|p1b: Sinistcha
|-damage|p1a: Annihilape|80/100
|-damage|p1b: Sinistcha|83/100
|-unboost|p1a: Annihilape|spe|1
|-ability|p1a: Annihilape|Defiant|boost
|-boost|p1a: Annihilape|atk|2
|-unboost|p1b: Sinistcha|spe|1
|move|p1a: Annihilape|Rage Fist|p2b: Oricorio
|-supereffective|p2b: Oricorio
|-enditem|p2b: Oricorio|Focus Sash
|-damage|p2b: Oricorio|1/100
|move|p1b: Sinistcha|Matcha Gotcha|p2a: Milotic|[spread] p2a,p2b
|-supereffective|p2a: Milotic
|-resisted|p2b: Oricorio
|-damage|p2a: Milotic|0 fnt
|-heal|p1b: Sinistcha|98/100|[from] drain|[of] p2a: Milotic
|-damage|p2b: Oricorio|0 fnt
|-heal|p1b: Sinistcha|98/100|[from] drain|[of] p2b: Oricorio
|faint|p2a: Milotic
|faint|p2b: Oricorio
|
|-heal|p1a: Annihilape|86/100|[from] item: Leftovers
|upkeep
|inactive|viatles has 30 seconds left.
|
|t:|1756753634
|switch|p2b: Scizor|Scizor, L50, M|100/100
|turn|7
|c|☆viatles|gg
|c|☆maza2|Eres pésimo jugando
|c|☆maza2|Maloo
|c|☆viatles|annihilape really is your pokemon then isnt it XD
|inactive|viatles has 30 seconds left.
|
|t:|1756753662
|move|p2b: Scizor|Bug Bite|p1a: Annihilape
|-resisted|p1a: Annihilape
|-crit|p1a: Annihilape
|-damage|p1a: Annihilape|49/100
|move|p1a: Annihilape|Drain Punch|p2b: Scizor
|-damage|p2b: Scizor|0 fnt
|-heal|p1a: Annihilape|91/100|[from] drain|[of] p2b: Scizor
|faint|p2b: Scizor
|
|win|maza2
|raw|maza2's rating: 1090 → 1111(+21 for winning)
|raw|viatles's rating: 1023 → 1012(-11 for losing)
