|j|☆ShmebKing
|j|☆bananamandoge420
|html|ShmebKingbananamandoge420    
|uhtml|bestof|Game 2 of a best-of-3
|t:|1783314499
|gametype|doubles
|player|p1|ShmebKing|juan|
|player|p2|bananamandoge420|102|
|gen|9
|tier|[Gen 9 Champions] VGC 2026 Reg M-B (Bo3)
|rule|Species Clause: Limit one of each Pokémon
|rule|Item Clause: Limit 1 of each item
|clearpoke
|poke|p1|Scolipede, L50, M|
|poke|p1|Staraptor, L50, M|
|poke|p1|Zoroark-Hisui, L50, M|
|poke|p1|Aerodactyl, L50, M|
|poke|p1|Sylveon, L50, M|
|poke|p1|Liepard, L50, F|
|poke|p2|Sinistcha, L50|
|poke|p2|Farigiraf, L50, M|
|poke|p2|Kingambit, L50, M|
|poke|p2|Skarmory, L50, F, shiny|
|poke|p2|Dragonite, L50, M|
|poke|p2|Pelipper, L50, M|
|teampreview|4
|showteam|p1|Scolipede||FocusSash|SpeedBoost|Megahorn,Round,Protect,RockSlide|Jolly||M|||50|]Staraptor||Staraptite|Reckless|CloseCombat,BraveBird,Protect,Roost|Jolly||M|||50|]Zoroark-Hisui||ChoiceScarf|Illusion|Round,BitterMalice,Flamethrower,Trick|Timid||M|||50|]Aerodactyl||ChartiBerry|RockHead|RockSlide,IceFang,Protect,Tailwind|Jolly||M|||50|]Sylveon||LifeOrb|Pixilate|Round,QuickAttack,HyperVoice,Protect|Quiet||M|||50|]Liepard||MentalHerb|Prankster|FakeOut,KnockOff,Protect,Copycat|Jolly||F|||50|
|showteam|p2|Sinistcha||Leftovers|Hospitality|MatchaGotcha,ShadowBall,RagePowder,Protect|Quiet|||||50|]Farigiraf||SitrusBerry|ArmorTail|TwinBeam,Protect,TrickRoom,HelpingHand|Sassy||M|||50|]Kingambit||FocusSash|SupremeOverlord|SuckerPunch,LowKick,ThroatChop,IronHead|Brave||M|||50|]Skarmory||Skarmorite|KeenEye|Protect,BraveBird,BodyPress,IronHead|Adamant||F|||50|]Dragonite||IronBall|Multiscale|Fling,DragonRush,ExtremeSpeed,LightScreen|Adamant||M|||50|]Pelipper||LifeOrb|Drizzle|Hurricane,WeatherBall,Tailwind,Uturn|Modest||M|||50|
|inactive|Battle timer is ON: inactive players will automatically lose when time's up. (requested by ShmebKing)
|j| Diglett1
|inactive|ShmebKing has 60 seconds left.
|
|t:|1783314542
|teamsize|p1|4
|teamsize|p2|4
|start
|switch|p1a: Bane|Scolipede, L50, M|100/100
|switch|p1b: Applause|Sylveon, L50, M|100/100
|switch|p2a: Figga|Farigiraf, L50, M|100/100
|switch|p2b: Queen's Gambit|Kingambit, L50, M|100/100
|turn|1
|inactive|ShmebKing has 30 seconds left.
|inactive|bananamandoge420 has 30 seconds left.
|inactive|ShmebKing has 20 seconds left.
|inactive|ShmebKing has 15 seconds left.
|inactive|ShmebKing has 10 seconds left.
|
|t:|1783314588
|move|p2a: Figga|Protect|p2a: Figga
|-singleturn|p2a: Figga|Protect
|move|p2b: Queen's Gambit|Sucker Punch|p1a: Bane
|-damage|p1a: Bane|38/100
|move|p1b: Applause|Flamethrower|p2a: Figga
|-activate|p2a: Figga|move: Protect
|move|p1a: Bane|Megahorn|p2a: Figga
|-activate|p2a: Figga|move: Protect
|
|-ability|p1a: Bane|Speed Boost|boost
|-boost|p1a: Bane|spe|1
|upkeep
|turn|2
|inactive|ShmebKing has 30 seconds left.
|inactive|bananamandoge420 has 30 seconds left.
|inactive|ShmebKing has 20 seconds left.
|inactive|bananamandoge420 has 20 seconds left.
|inactive|ShmebKing has 15 seconds left.
|inactive|bananamandoge420 has 15 seconds left.
|inactive|ShmebKing has 10 seconds left.
|inactive|bananamandoge420 has 10 seconds left.
|inactive|ShmebKing has 5 seconds left.
|
|t:|1783314640
|switch|p1a: Dynamic|Aerodactyl, L50, M|100/100
|switch|p2a: MegaSkar|Skarmory, L50, F, shiny|100/100
|move|p2b: Queen's Gambit|Sucker Punch||[still]
|-fail|p2b: Queen's Gambit
|move|p1b: Applause|Flamethrower|p2b: Queen's Gambit
|-supereffective|p2b: Queen's Gambit|1
|-crit|p2b: Queen's Gambit
|-damage|p2b: Queen's Gambit|1/100
|
|upkeep
|turn|3
|inactive|ShmebKing has 30 seconds left.
|inactive|bananamandoge420 has 30 seconds left.
|inactive|ShmebKing has 20 seconds left.
|inactive|bananamandoge420 has 20 seconds left.
|inactive|ShmebKing has 15 seconds left.
|
|t:|1783314682
|switch|p1b: Bane|Scolipede, L50, M|38/100
|detailschange|p2a: MegaSkar|Skarmory-Mega, L50, F, shiny
|-mega|p2a: MegaSkar|Skarmory|Skarmorite
|move|p2b: Queen's Gambit|Sucker Punch||[still]
|-fail|p2b: Queen's Gambit
|move|p1a: Dynamic|Rock Slide|p2a: MegaSkar|[spread] p2b
|-miss|p1a: Dynamic|p2a: MegaSkar
|-resisted|p2b: Queen's Gambit|1
|-crit|p2b: Queen's Gambit
|-damage|p2b: Queen's Gambit|0 fnt
|faint|p2b: Queen's Gambit
|-end|p2b: Queen's Gambit|fallenundefined|[silent]
|move|p2a: MegaSkar|Brave Bird|p1a: Dynamic
|-resisted|p1a: Dynamic|1
|-damage|p1a: Dynamic|40/100
|-damage|p2a: MegaSkar|81/100|[from] Recoil
|
|upkeep
|
|t:|1783314702
|switch|p2b: Figga|Farigiraf, L50, M|100/100
|turn|4
|
|t:|1783314722
|move|p2b: Figga|Protect|p2b: Figga
|-singleturn|p2b: Figga|Protect
|move|p1a: Dynamic|Rock Slide|p2b: Figga|[spread] p2a
|-activate|p2b: Figga|move: Protect
|-damage|p2a: MegaSkar|56/100
|move|p1b: Bane|Megahorn|p2b: Figga
|-activate|p2b: Figga|move: Protect
|move|p2a: MegaSkar|Iron Head|p1b: Bane
|-damage|p1b: Bane|0 fnt
|faint|p1b: Bane
|
|upkeep
|
|t:|1783314734
|switch|p1b: Applause|Sylveon, L50, M|100/100
|turn|5
|inactive|ShmebKing has 30 seconds left.
|inactive|bananamandoge420 has 30 seconds left.
|
|t:|1783314768
|move|p2a: MegaSkar|Protect|p2a: MegaSkar
|-singleturn|p2a: MegaSkar|Protect
|move|p1b: Applause|Flamethrower|p2a: MegaSkar
|-activate|p2a: MegaSkar|move: Protect
|move|p1a: Dynamic|Rock Slide|p2a: MegaSkar|[spread] 
|-activate|p2a: MegaSkar|move: Protect
|-miss|p1a: Dynamic|p2b: Figga
|move|p2b: Figga|Trick Room|p2b: Figga
|-fieldstart|move: Trick Room|[of] p2b: Figga
|
|upkeep
|turn|6
|inactive|ShmebKing has 30 seconds left.
|inactive|ShmebKing has 20 seconds left.
|
|t:|1783314805
|move|p2b: Figga|Twin Beam|p1a: Dynamic
|-damage|p1a: Dynamic|18/100
|-damage|p1a: Dynamic|0 fnt
|faint|p1a: Dynamic
|-hitcount|p1: Dynamic|2
|move|p2a: MegaSkar|Brave Bird|p1b: Applause
|-damage|p1b: Applause|0 fnt
|replace|p1b: Hi Andy|Zoroark-Hisui, L50, M
|-end|p1b: Hi Andy|Illusion
|faint|p1b: Hi Andy
|-damage|p2a: MegaSkar|29/100|[from] Recoil
|
|upkeep
|
|t:|1783314811
|switch|p1b: Applause|Sylveon, L50, M|100/100
|turn|7
|
|t:|1783314830
|move|p1b: Applause|Hyper Voice|p2a: MegaSkar|[spread] p2a,p2b
|-resisted|p2a: MegaSkar|1
|-damage|p2a: MegaSkar|1/100
|-damage|p2b: Figga|53/100
|-damage|p1b: Applause|90/100|[from] item: Life Orb
|move|p2b: Figga|Twin Beam|p1b: Applause
|-damage|p1b: Applause|75/100
|-damage|p1b: Applause|61/100
|-hitcount|p1b: Applause|2
|move|p2a: MegaSkar|Iron Head|p1b: Applause
|-supereffective|p1b: Applause|1
|-damage|p1b: Applause|0 fnt
|faint|p1b: Applause
|
|win|bananamandoge420
|l|☆bananamandoge420
|player|p2|
