|j|☆Mkellyvgc
|j|☆Rafax
|html|MkellyvgcRafax    
|uhtml|bestof|Game 2 of a best-of-3
|t:|1756864461
|gametype|doubles
|player|p1|Mkellyvgc|265|1075
|player|p2|Rafax|101|1144
|gen|9
|tier|[Gen 9] VGC 2025 Reg H (Bo3)
|rated|
|rule|Species Clause: Limit one of each Pokémon
|rule|Item Clause: Limit 1 of each item
|clearpoke
|poke|p1|Kommo-o, L50, F|
|poke|p1|Basculegion, L50, M|
|poke|p1|Rillaboom, L50, M|
|poke|p1|Ninetales-Alola, L50, F|
|poke|p1|Kingambit, L50, M|
|poke|p1|Arcanine-Hisui, L50, F|
|poke|p2|Indeedee-F, L50, F|
|poke|p2|Delphox, L50, F|
|poke|p2|Archaludon, L50, M|
|poke|p2|Murkrow, L50, M|
|poke|p2|Basculegion-F, L50, F|
|poke|p2|Sneasler, L50, M|
|teampreview|4
|showteam|p1|Kommo-o||ThroatSpray|Overcoat|ClangorousSoul,ClangingScales,Flamethrower,Protect|||F|||50|,,,,,Fire]Basculegion||ChoiceScarf|Adaptability|WaveCrash,LastRespects,FlipTurn,TeraBlast|||M|||50|,,,,,Fighting]Rillaboom||AssaultVest|GrassySurge|GrassyGlide,WoodHammer,FakeOut,HighHorsepower|||M|||50|,,,,,Water]Ninetales-Alola||FocusSash|SnowWarning|Blizzard,IcyWind,AuroraVeil,Protect|||F|||50|,,,,,Ghost]Kingambit||SafetyGoggles|Defiant|KowtowCleave,SuckerPunch,SwordsDance,Protect|||M|||50|,,,,,Dark]Arcanine-Hisui||ChoiceBand|Intimidate|FlareBlitz,RockSlide,ExtremeSpeed,TeraBlast|||F|||50|,,,,,Fairy
|showteam|p2|Indeedee-F||SafetyGoggles|PsychicSurge|Imprison,FollowMe,HelpingHand,TrickRoom|||F|||50|,,,,,Fairy]Delphox||LifeOrb|Blaze|ExpandingForce,HeatWave,FocusBlast,Protect|||F|||50|,,,,,Psychic]Archaludon||AssaultVest|Stamina|BodyPress,DragonPulse,FlashCannon,Snarl|||M|||50|,,,,,Steel]Murkrow||Eviolite|Prankster|FoulPlay,Tailwind,Haze,SunnyDay|||M|||50|,,,,,Ghost]Basculegion-F||ChoiceScarf|Adaptability|ShadowBall,IcyWind,TeraBlast,MuddyWater|||F|||50|,,,,,Grass]Sneasler||PsychicSeed|Unburden|CloseCombat,DireClaw,Acrobatics,Protect|||M|||50|,,,,,Flying
|inactive|Battle timer is ON: inactive players will automatically lose when time's up. (requested by Rafax)
|
|t:|1756864482
|teamsize|p1|4
|teamsize|p2|4
|start
|switch|p1a: Ninetales|Ninetales-Alola, L50, F|100/100
|switch|p1b: Basculegion|Basculegion, L50, M|100/100
|switch|p2a: Indeedee|Indeedee-F, L50, F, shiny|100/100
|switch|p2b: Delphox|Delphox, L50, F|100/100
|-weather|Snowscape|[from] ability: Snow Warning|[of] p1a: Ninetales
|-fieldstart|move: Psychic Terrain|[from] ability: Psychic Surge|[of] p2a: Indeedee
|turn|1
|
|t:|1756864506
|-terastallize|p2b: Delphox|Psychic
|move|p2a: Indeedee|Follow Me|p2a: Indeedee
|-singleturn|p2a: Indeedee|move: Follow Me
|move|p1b: Basculegion|Flip Turn|p2a: Indeedee
|-damage|p2a: Indeedee|63/100
|
|t:|1756864511
|switch|p1b: Rillaboom|Rillaboom, L50, M|100/100|[from] Flip Turn
|-fieldstart|move: Grassy Terrain|[from] ability: Grassy Surge|[of] p1b: Rillaboom
|move|p1a: Ninetales|Aurora Veil|p1a: Ninetales
|-sidestart|p1: Mkellyvgc|move: Aurora Veil
|move|p2b: Delphox|Expanding Force|p1a: Ninetales
|-damage|p1a: Ninetales|46/100
|-damage|p2b: Delphox|90/100|[from] item: Life Orb
|
|-weather|Snowscape|[upkeep]
|-heal|p1a: Ninetales|52/100|[from] Grassy Terrain
|-heal|p2b: Delphox|96/100|[from] Grassy Terrain
|-heal|p2a: Indeedee|69/100|[from] Grassy Terrain
|upkeep
|turn|2
|inactive|Rafax has 30 seconds left.
|
|t:|1756864539
|switch|p2a: Sneasler|Sneasler, L50, M|100/100
|move|p2b: Delphox|Protect|p2b: Delphox
|-singleturn|p2b: Delphox|Protect
|move|p1b: Rillaboom|Fake Out|p2b: Delphox
|-activate|p2b: Delphox|move: Protect
|move|p1a: Ninetales|Blizzard|p2b: Delphox|[spread] p2a
|-activate|p2b: Delphox|move: Protect
|-damage|p2a: Sneasler|66/100
|-status|p2a: Sneasler|frz
|
|-weather|Snowscape|[upkeep]
|-heal|p1a: Ninetales|58/100|[from] Grassy Terrain
|-heal|p2b: Delphox|100/100|[from] Grassy Terrain
|-heal|p2a: Sneasler|72/100 frz|[from] Grassy Terrain
|upkeep
|turn|3
|
|t:|1756864559
|move|p1a: Ninetales|Blizzard|p2b: Delphox|[spread] p2a,p2b
|-damage|p2a: Sneasler|32/100 frz
|-damage|p2b: Delphox|62/100
|move|p2b: Delphox|Heat Wave|p1a: Ninetales|[spread] p1a,p1b
|-supereffective|p1a: Ninetales
|-supereffective|p1b: Rillaboom
|-damage|p1a: Ninetales|0 fnt
|-damage|p1b: Rillaboom|56/100
|-status|p1b: Rillaboom|brn
|faint|p1a: Ninetales
|-damage|p2b: Delphox|52/100|[from] item: Life Orb
|-curestatus|p2a: Sneasler|frz|[msg]
|move|p2a: Sneasler|Dire Claw|p1b: Rillaboom
|-supereffective|p1b: Rillaboom
|-damage|p1b: Rillaboom|0 fnt
|faint|p1b: Rillaboom
|
|-weather|Snowscape|[upkeep]
|-heal|p2b: Delphox|58/100|[from] Grassy Terrain
|-heal|p2a: Sneasler|38/100|[from] Grassy Terrain
|upkeep
|
|t:|1756864576
|switch|p1a: Basculegion|Basculegion, L50, M|100/100
|switch|p1b: Kommo-o|Kommo-o, L50, F|100/100
|turn|4
|inactive|Rafax has 30 seconds left.
|inactive|Rafax has 20 seconds left.
|
|t:|1756864611
|move|p1a: Basculegion|Wave Crash|p2b: Delphox
|-damage|p2b: Delphox|0 fnt
|faint|p2b: Delphox
|-damage|p1a: Basculegion|86/100|[from] Recoil
|move|p2a: Sneasler|Acrobatics|p1b: Kommo-o
|-supereffective|p1b: Kommo-o
|-damage|p1b: Kommo-o|75/100
|move|p1b: Kommo-o|Clangorous Soul|p1b: Kommo-o
|-boost|p1b: Kommo-o|atk|1
|-boost|p1b: Kommo-o|def|1
|-boost|p1b: Kommo-o|spa|1
|-boost|p1b: Kommo-o|spd|1
|-boost|p1b: Kommo-o|spe|1
|-damage|p1b: Kommo-o|42/100
|-enditem|p1b: Kommo-o|Throat Spray
|-boost|p1b: Kommo-o|spa|1|[from] item: Throat Spray
|
|-weather|Snowscape|[upkeep]
|-heal|p1b: Kommo-o|48/100|[from] Grassy Terrain
|-heal|p1a: Basculegion|92/100|[from] Grassy Terrain
|-heal|p2a: Sneasler|44/100|[from] Grassy Terrain
|upkeep
|
|t:|1756864623
|switch|p2b: Indeedee|Indeedee-F, L50, F, shiny|69/100
|-fieldstart|move: Psychic Terrain|[from] ability: Psychic Surge|[of] p2b: Indeedee
|-enditem|p2a: Sneasler|Psychic Seed
|-boost|p2a: Sneasler|spd|1|[from] item: Psychic Seed
|turn|5
|
|t:|1756864640
|move|p1b: Kommo-o|Protect|p1b: Kommo-o
|-singleturn|p1b: Kommo-o|Protect
|move|p2b: Indeedee|Follow Me|p2b: Indeedee
|-singleturn|p2b: Indeedee|move: Follow Me
|move|p2a: Sneasler|Close Combat|p1b: Kommo-o
|-activate|p1b: Kommo-o|move: Protect
|move|p1a: Basculegion|Wave Crash|p2b: Indeedee
|-damage|p2b: Indeedee|0 fnt
|faint|p2b: Indeedee
|-damage|p1a: Basculegion|72/100|[from] Recoil
|
|-weather|none
|-sideend|p1: Mkellyvgc|move: Aurora Veil
|upkeep
|
|t:|1756864643
|switch|p2b: Basculegion|Basculegion-F, L50, F|100/100
|turn|6
|
|t:|1756864660
|-terastallize|p1b: Kommo-o|Fire
|move|p2a: Sneasler|Dire Claw|p1a: Basculegion
|-resisted|p1a: Basculegion
|-damage|p1a: Basculegion|43/100
|-status|p1a: Basculegion|par
|move|p1b: Kommo-o|Clanging Scales|p2a: Sneasler|[spread] p2a,p2b
|-damage|p2a: Sneasler|0 fnt
|-damage|p2b: Basculegion|25/100
|faint|p2a: Sneasler
|-unboost|p1b: Kommo-o|def|1
|move|p2b: Basculegion|Shadow Ball|p1b: Kommo-o
|-damage|p1b: Kommo-o|10/100
|move|p1a: Basculegion|Wave Crash|p2b: Basculegion
|-resisted|p2b: Basculegion
|-damage|p2b: Basculegion|0 fnt
|faint|p2b: Basculegion
|-damage|p1a: Basculegion|35/100 par|[from] Recoil
|
|win|Mkellyvgc
||Rafax is ready for game 3.
|inactive|Mkellyvgc has 30 seconds to confirm battle start!
||Mkellyvgc is ready for game 3.
|uhtml|next|Next: Game 3 of 3
|l|☆Mkellyvgc
|player|p1|
