|j|☆kheld
|j|☆CianMck18
|html|kheldCianMck18    
|uhtml|bestof|Game 2 of a best-of-3
|t:|1757771858
|gametype|doubles
|player|p1|kheld|266|1151
|player|p2|CianMck18|170|1185
|gen|9
|tier|[Gen 9] VGC 2025 Reg H (Bo3)
|rated|
|rule|Species Clause: Limit one of each Pokémon
|rule|Item Clause: Limit 1 of each item
|clearpoke
|poke|p1|Armarouge, L50, F|
|poke|p1|Oranguru, L50, M|
|poke|p1|Indeedee-F, L50, F|
|poke|p1|Ursaluna, L50, M|
|poke|p1|Torkoal, L50, M|
|poke|p1|Lilligant-Hisui, L50, F|
|poke|p2|Annihilape, L50, F|
|poke|p2|Maushold-Four, L50|
|poke|p2|Gholdengo, L50|
|poke|p2|Rillaboom, L50, F|
|poke|p2|Sneasler, L50, M|
|poke|p2|Ninetales-Alola, L50, F|
|teampreview|4
|showteam|p1|Armarouge||CovertCloak|FlashFire|ExpandingForce,Protect,TrickRoom,ArmorCannon|||F|||50|,,,,,Grass]Oranguru||SafetyGoggles|Telepathy|TrickRoom,Instruct,Protect,FoulPlay|||M|||50|,,,,,Fairy]Indeedee-F||RockyHelmet|PsychicSurge|DazzlingGleam,FollowMe,HelpingHand,TrickRoom|||F|||50|,,,,,Grass]Ursaluna||FlameOrb|Guts|Facade,HeadlongRush,Earthquake,Protect|||M|||50|,,,,,Ghost]Torkoal||Charcoal|Drought|Eruption,HeatWave,EarthPower,Protect|||M|||50|,,,,,Fire]Lilligant-Hisui||FocusSash|Chlorophyll|LeafBlade,CloseCombat,AfterYou,SleepPowder|||F|||50|,,,,,Ghost
|showteam|p2|Annihilape||Leftovers|Defiant|Protect,BulkUp,DrainPunch,RageFist|||F|||50|,,,,,Fire]Maushold-Four||SafetyGoggles|FriendGuard|FollowMe,Taunt,BeatUp,Protect||||||50|,,,,,Ghost]Gholdengo||LifeOrb|GoodasGold|Protect,NastyPlot,MakeItRain,ShadowBall||||||50|,,,,,Dragon]Rillaboom||AssaultVest|GrassySurge|FakeOut,GrassyGlide,WoodHammer,HighHorsepower|||F|||50|,,,,,Fire]Sneasler||FocusSash|Unburden|Protect,FakeOut,DireClaw,CloseCombat|||M|||50|,,,,,Stellar]Ninetales-Alola||LightClay|SnowWarning|Encore,IcyWind,Blizzard,AuroraVeil|||F|||50|,,,,,Ghost
|inactive|Battle timer is ON: inactive players will automatically lose when time's up. (requested by CianMck18)
|
|t:|1757771877
|teamsize|p1|4
|teamsize|p2|4
|start
|switch|p1a: Armarouge|Armarouge, L50, F, shiny|100/100
|switch|p1b: Indeedee|Indeedee-F, L50, F|100/100
|switch|p2a: Maushold|Maushold-Four, L50|100/100
|switch|p2b: Gholdengo|Gholdengo, L50|100/100
|-fieldstart|move: Psychic Terrain|[from] ability: Psychic Surge|[of] p1b: Indeedee
|turn|1
|
|t:|1757771890
|move|p2b: Gholdengo|Protect|p2b: Gholdengo
|-singleturn|p2b: Gholdengo|Protect
|move|p1b: Indeedee|Follow Me|p1b: Indeedee
|-singleturn|p1b: Indeedee|move: Follow Me
|move|p2a: Maushold|Taunt|p1b: Indeedee
|-start|p1b: Indeedee|move: Taunt
|move|p1a: Armarouge|Trick Room|p1a: Armarouge
|-fieldstart|move: Trick Room|[of] p1a: Armarouge
|
|upkeep
|turn|2
|
|t:|1757771908
|switch|p1b: Torkoal|Torkoal, L50, M|100/100
|-weather|SunnyDay|[from] ability: Drought|[of] p1b: Torkoal
|-terastallize|p2b: Gholdengo|Dragon
|move|p2a: Maushold|Protect|p2a: Maushold
|-singleturn|p2a: Maushold|Protect
|move|p1a: Armarouge|Expanding Force|p2a: Maushold|[spread] p2b
|-activate|p2a: Maushold|move: Protect
|-damage|p2b: Gholdengo|40/100
|move|p2b: Gholdengo|Shadow Ball|p1a: Armarouge
|-supereffective|p1a: Armarouge
|-damage|p1a: Armarouge|0 fnt
|faint|p1a: Armarouge
|-damage|p2b: Gholdengo|31/100|[from] item: Life Orb
|
|-weather|SunnyDay|[upkeep]
|upkeep
|inactive|kheld has 30 seconds left.
|
|t:|1757771934
|switch|p1a: Oranguru|Oranguru, L50, M|100/100
|turn|3
|
|t:|1757771944
|switch|p2a: Ninetales|Ninetales-Alola, L50, F|100/100
|-weather|Snowscape|[from] ability: Snow Warning|[of] p2a: Ninetales
|-terastallize|p1b: Torkoal|Fire
|move|p2b: Gholdengo|Protect|p2b: Gholdengo
|-singleturn|p2b: Gholdengo|Protect
|move|p1b: Torkoal|Eruption|p2a: Ninetales|[spread] p2a
|-activate|p2b: Gholdengo|move: Protect
|-supereffective|p2a: Ninetales
|-damage|p2a: Ninetales|0 fnt
|faint|p2a: Ninetales
|move|p1a: Oranguru|Instruct|p1b: Torkoal
|-singleturn|p1b: Torkoal|move: Instruct|[of] p1a: Oranguru
|move|p1b: Torkoal|Eruption|p2b: Gholdengo
|-activate|p2b: Gholdengo|move: Protect
|
|-weather|Snowscape|[upkeep]
|upkeep
|
|t:|1757771952
|switch|p2a: Rillaboom|Rillaboom, L50, F|100/100
|-fieldstart|move: Grassy Terrain|[from] ability: Grassy Surge|[of] p2a: Rillaboom
|turn|4
|inactive|kheld has 30 seconds left.
|
|t:|1757771983
|switch|p1a: Indeedee|Indeedee-F, L50, F|100/100
|-fieldstart|move: Psychic Terrain|[from] ability: Psychic Surge|[of] p1a: Indeedee
|switch|p2a: Maushold|Maushold-Four, L50|100/100
|move|p1b: Torkoal|Eruption|p2a: Maushold|[spread] p2a,p2b
|-resisted|p2b: Gholdengo
|-damage|p2a: Maushold|4/100
|-damage|p2b: Gholdengo|0 fnt
|faint|p2b: Gholdengo
|
|-weather|Snowscape|[upkeep]
|upkeep
|
|t:|1757771993
|switch|p2b: Rillaboom|Rillaboom, L50, F|100/100
|-fieldstart|move: Grassy Terrain|[from] ability: Grassy Surge|[of] p2b: Rillaboom
|turn|5
|
|t:|1757772003
|move|p2a: Maushold|Protect|p2a: Maushold
|-singleturn|p2a: Maushold|Protect
|move|p2b: Rillaboom|Fake Out|p1b: Torkoal
|-damage|p1b: Torkoal|89/100
|cant|p1b: Torkoal|flinch
|move|p1a: Indeedee|Dazzling Gleam|p2a: Maushold|[spread] p2b
|-activate|p2a: Maushold|move: Protect
|-crit|p2b: Rillaboom
|-damage|p2b: Rillaboom|89/100
|
|-weather|Snowscape|[upkeep]
|-heal|p1b: Torkoal|95/100|[from] Grassy Terrain
|-heal|p2b: Rillaboom|95/100|[from] Grassy Terrain
|-heal|p2a: Maushold|10/100|[from] Grassy Terrain
|-fieldend|move: Trick Room
|upkeep
|turn|6
|
|t:|1757772016
|move|p1a: Indeedee|Follow Me|p1a: Indeedee
|-singleturn|p1a: Indeedee|move: Follow Me
|move|p2a: Maushold|Beat Up|p1a: Indeedee
|-supereffective|p1a: Indeedee
|-damage|p1a: Indeedee|96/100
|-supereffective|p1a: Indeedee
|-damage|p1a: Indeedee|89/100
|-hitcount|p1a: Indeedee|2
|move|p2b: Rillaboom|High Horsepower|p1a: Indeedee
|-damage|p1a: Indeedee|59/100
|-damage|p2b: Rillaboom|79/100|[from] item: Rocky Helmet|[of] p1a: Indeedee
|move|p1b: Torkoal|Eruption|p2b: Rillaboom|[spread] p2a,p2b
|-supereffective|p2b: Rillaboom
|-damage|p2a: Maushold|0 fnt
|-damage|p2b: Rillaboom|6/100
|faint|p2a: Maushold
|
|-weather|Snowscape|[upkeep]
|-heal|p2b: Rillaboom|12/100|[from] Grassy Terrain
|-heal|p1a: Indeedee|65/100|[from] Grassy Terrain
|-heal|p1b: Torkoal|100/100|[from] Grassy Terrain
|upkeep
|turn|7
|-message|CianMck18 forfeited.
|
|win|kheld
|l|☆CianMck18
|player|p2|
||kheld is ready for game 3.
|inactive|CianMck18 has 30 seconds to confirm battle start!
||CianMck18 is ready for game 3.
|uhtml|next|Next: Game 3 of 3
|l|☆kheld
|player|p1|
