|j|☆Tallin de Kefta
|j|☆il mule
|html|Tallin de Keftail mule    
|uhtml|bestof|Game 2 of a best-of-3
|t:|1783330524
|gametype|doubles
|player|p1|Tallin de Kefta|iono|1321
|player|p2|il mule|169|1494
|gen|9
|tier|[Gen 9 Champions] VGC 2026 Reg M-B (Bo3)
|rated|
|rule|Species Clause: Limit one of each Pokémon
|rule|Item Clause: Limit 1 of each item
|clearpoke
|poke|p1|Aerodactyl, L50, F|
|poke|p1|Scovillain, L50, F|
|poke|p1|Kingambit, L50, M|
|poke|p1|Toxapex, L50, M|
|poke|p1|Snorlax, L50, M|
|poke|p1|Basculegion, L50, M|
|poke|p2|Excadrill, L50, M|
|poke|p2|Tyranitar, L50, M|
|poke|p2|Sneasler, L50, F|
|poke|p2|Incineroar, L50, F|
|poke|p2|Froslass, L50, F|
|poke|p2|Sinistcha, L50|
|teampreview|4
|showteam|p1|Aerodactyl||Aerodactylite|Unnerve|RockSlide,DualWingbeat,IceFang,Tailwind|Jolly||F|||50|]Scovillain||Scovillainite|Moody|Overheat,RagePowder,LeechSeed,Protect|Calm||F|||50|]Kingambit||ChopleBerry|Defiant|KowtowCleave,Protect,LowKick,SuckerPunch|Adamant||M|||50|]Toxapex||Leftovers|Regenerator|Infestation,WideGuard,Recover,Protect|Bold||M|||50|]Snorlax||SitrusBerry|ThickFat|Fissure,Yawn,Protect,DoubleEdge|Relaxed||M|||50|]Basculegion||ChoiceScarf|Adaptability|WaveCrash,LastRespects,FlipTurn,AquaJet|Jolly||M|||50|
|showteam|p2|Excadrill||FocusSash|SandRush|HighHorsepower,RockSlide,IronHead,Protect|Adamant||M|||50|]Tyranitar||Tyranitarite|SandStream|KnockOff,RockSlide,DragonDance,Protect|Adamant||M|||50|]Sneasler||WhiteHerb|Unburden|CloseCombat,DireClaw,Coaching,FakeOut|Jolly||F|||50|]Incineroar||SitrusBerry|Intimidate|FlareBlitz,HelpingHand,PartingShot,FakeOut|Impish||F|||50|]Froslass||Froslassite|CursedBody|Blizzard,ShadowBall,NastyPlot,Protect|Timid||F|||50|]Sinistcha||ColburBerry|Hospitality|MatchaGotcha,ShadowBall,RagePowder,Protect|Bold|||||50|
|j| mafav2
|j| pirro9
|j| Tridello
|j| lakaka siuuu
|inactive|Battle timer is ON: inactive players will automatically lose when time's up. (requested by Tallin de Kefta)
|
|t:|1783330566
|teamsize|p1|4
|teamsize|p2|4
|start
|switch|p1a: Scovillain|Scovillain, L50, F|100/100
|switch|p1b: Basculegion|Basculegion, L50, M|100/100
|switch|p2a: Sabotage|Sneasler, L50, F|100/100
|switch|p2b: Quando provo|Tyranitar, L50, M|100/100
|-weather|Sandstorm|[from] ability: Sand Stream|[of] p2b: Quando provo
|turn|1
|
|t:|1783330581
|switch|p2a: Sidy|Incineroar, L50, F|100/100
|-ability|p2a: Sidy|Intimidate|boost
|-unboost|p1a: Scovillain|atk|1
|-unboost|p1b: Basculegion|atk|1
|detailschange|p2b: Quando provo|Tyranitar-Mega, L50, M
|-mega|p2b: Quando provo|Tyranitar|Tyranitarite
|move|p1b: Basculegion|Wave Crash|p2b: Quando provo
|-supereffective|p2b: Quando provo|1
|-damage|p2b: Quando provo|40/100
|-damage|p1b: Basculegion|79/100|[from] Recoil
|move|p2b: Quando provo|Dragon Dance|p2b: Quando provo
|-boost|p2b: Quando provo|atk|1
|-boost|p2b: Quando provo|spe|1
|move|p1a: Scovillain|Leech Seed|p2a: Sidy
|-start|p2a: Sidy|move: Leech Seed
|
|-weather|Sandstorm|[upkeep]
|-damage|p1b: Basculegion|73/100|[from] Sandstorm
|-damage|p1a: Scovillain|94/100|[from] Sandstorm
|-damage|p2a: Sidy|94/100|[from] Sandstorm
|-damage|p2a: Sidy|81/100|[from] Leech Seed|[of] p1a: Scovillain
|-heal|p1a: Scovillain|100/100|[silent]
|-ability|p1a: Scovillain|Moody|boost
|-boost|p1a: Scovillain|spe|2
|-unboost|p1a: Scovillain|def|1
|upkeep
|turn|2
|
|t:|1783330600
|move|p2b: Quando provo|Protect|p2b: Quando provo
|-singleturn|p2b: Quando provo|Protect
|move|p1b: Basculegion|Wave Crash|p2b: Quando provo
|-activate|p2b: Quando provo|move: Protect
|move|p1a: Scovillain|Leech Seed|p2b: Quando provo
|-activate|p2b: Quando provo|move: Protect
|move|p2a: Sidy|Parting Shot|p1b: Basculegion
|-unboost|p1b: Basculegion|atk|1
|-unboost|p1b: Basculegion|spa|1
|
|t:|1783330608
|switch|p2a: Sabotage|Sneasler, L50, F|100/100|[from] Parting Shot
|
|-weather|Sandstorm|[upkeep]
|-damage|p1b: Basculegion|67/100|[from] Sandstorm
|-damage|p1a: Scovillain|94/100|[from] Sandstorm
|-damage|p2a: Sabotage|94/100|[from] Sandstorm
|-ability|p1a: Scovillain|Moody|boost
|-boost|p1a: Scovillain|spe|2
|-unboost|p1a: Scovillain|def|1
|upkeep
|turn|3
|
|t:|1783330629
|switch|p1a: Toxapex|Toxapex, L50, M|100/100
|switch|p1b: Kingambit|Kingambit, L50, M|100/100
|switch|p2a: Sidy|Incineroar, L50, F|81/100
|-ability|p2a: Sidy|Intimidate|boost
|-unboost|p1a: Toxapex|atk|1
|-unboost|p1b: Kingambit|atk|1
|-ability|p1b: Kingambit|Defiant|boost
|-boost|p1b: Kingambit|atk|2
|move|p2b: Quando provo|Rock Slide|p1a: Toxapex|[spread] p1a,p1b
|-resisted|p1b: Kingambit|1
|-damage|p1a: Toxapex|67/100
|-damage|p1b: Kingambit|82/100
|
|-weather|Sandstorm|[upkeep]
|-damage|p2a: Sidy|75/100|[from] Sandstorm
|-damage|p1a: Toxapex|61/100|[from] Sandstorm
|-heal|p1a: Toxapex|67/100|[from] item: Leftovers
|upkeep
|turn|4
|inactive|Tallin de Kefta has 30 seconds left.
|inactive|il mule has 30 seconds left.
|
|t:|1783330660
|move|p2b: Quando provo|Rock Slide|p1a: Toxapex|[spread] p1a
|-miss|p2b: Quando provo|p1b: Kingambit
|-damage|p1a: Toxapex|30/100
|move|p2a: Sidy|Flare Blitz|p1b: Kingambit
|-supereffective|p1b: Kingambit|1
|-damage|p1b: Kingambit|11/100
|-damage|p2a: Sidy|51/100|[from] Recoil
|move|p1b: Kingambit|Low Kick|p2b: Quando provo
|-supereffective|p2b: Quando provo|2
|-damage|p2b: Quando provo|0 fnt
|faint|p2b: Quando provo
|move|p1a: Toxapex|Infestation|p2a: Sidy
|-damage|p2a: Sidy|49/100
|-activate|p2a: Sidy|move: Infestation|[of] p1a: Toxapex
|-enditem|p2a: Sidy|Sitrus Berry|[eat]
|-heal|p2a: Sidy|73/100|[from] item: Sitrus Berry
|
|-weather|Sandstorm|[upkeep]
|-damage|p2a: Sidy|67/100|[from] Sandstorm
|-damage|p1a: Toxapex|24/100|[from] Sandstorm
|-heal|p1a: Toxapex|30/100|[from] item: Leftovers
|-damage|p2a: Sidy|55/100|[from] move: Infestation|[partiallytrapped]
|upkeep
|c|☆il mule|ma che hof atto di male
|c|☆il mule|cosa ho fatto di male
|c|☆il mule|qualcuno me lo dica
|c| lakaka siuuu|che confusione
|
|t:|1783330680
|switch|p2b: Gervasoni|Excadrill, L50, M|100/100
|turn|5
|c| lakaka siuuu|sarà perché ti amo
|
|t:|1783330689
|move|p2b: Gervasoni|Protect|p2b: Gervasoni
|-singleturn|p2b: Gervasoni|Protect
|move|p1b: Kingambit|Protect|p1b: Kingambit
|-singleturn|p1b: Kingambit|Protect
|move|p1a: Toxapex|Protect|p1a: Toxapex
|-singleturn|p1a: Toxapex|Protect
|move|p2a: Sidy|Parting Shot|p1a: Toxapex
|-activate|p1a: Toxapex|move: Protect
|
|-weather|none
|-heal|p1a: Toxapex|36/100|[from] item: Leftovers
|-damage|p2a: Sidy|43/100|[from] move: Infestation|[partiallytrapped]
|upkeep
|turn|6
|c|☆il mule|e vabbè è persa
|
|t:|1783330704
|move|p1b: Kingambit|Sucker Punch|p2b: Gervasoni
|-damage|p2b: Gervasoni|18/100
|move|p2b: Gervasoni|High Horsepower|p1a: Toxapex
|-supereffective|p1a: Toxapex|1
|-crit|p1a: Toxapex
|-damage|p1a: Toxapex|0 fnt
|faint|p1a: Toxapex
|move|p2a: Sidy|Flare Blitz|p1b: Kingambit
|-supereffective|p1b: Kingambit|1
|-damage|p1b: Kingambit|0 fnt
|faint|p1b: Kingambit
|-damage|p2a: Sidy|39/100|[from] Recoil
|
|-end|p2a: Sidy|Infestation|[partiallytrapped]|[silent]
|upkeep
|c|☆il mule|complimenti
|
|t:|1783330710
|switch|p1b: Scovillain|Scovillain, L50, F|94/100
|switch|p1a: Basculegion|Basculegion, L50, M|67/100
|turn|7
|c| mafav2|Mulo comunque anche tu dovevi coprire wide guard che poteva fare
|
|t:|1783330725
|move|p2b: Gervasoni|Protect|p2b: Gervasoni
|-singleturn|p2b: Gervasoni|Protect
|move|p1a: Basculegion|Wave Crash|p2b: Gervasoni
|-activate|p2b: Gervasoni|move: Protect
|move|p1b: Scovillain|Leech Seed|p2a: Sidy
|-start|p2a: Sidy|move: Leech Seed
|move|p2a: Sidy|Parting Shot|p1a: Basculegion
|-unboost|p1a: Basculegion|atk|1
|-unboost|p1a: Basculegion|spa|1
|j| Jenny Nencioni
|c| lakaka siuuu|ma che fa
|c|☆il mule|stai zitto de falco
|
|t:|1783330738
|switch|p2a: Sabotage|Sneasler, L50, F|94/100|[from] Parting Shot
|
|-ability|p1b: Scovillain|Moody|boost
|-boost|p1b: Scovillain|atk|2
|-unboost|p1b: Scovillain|spa|1
|upkeep
|turn|8
|c| Jenny Nencioni|Coperta corta corta
|c| lakaka siuuu|cosa stai facendo amico mio
|c|☆il mule|amole lungo lungo
|c| Tridello|veloci andate sottocoperta
|inactive|il mule has 30 seconds left.
|c| Jenny Nencioni|Sole cuore amore
|inactive|il mule has 20 seconds left.
|
|t:|1783330774
|switch|p2b: Sidy|Incineroar, L50, F|39/100
|-ability|p2b: Sidy|Intimidate|boost
|-unboost|p1a: Basculegion|atk|1
|-unboost|p1b: Scovillain|atk|1
|move|p1b: Scovillain|Protect|p1b: Scovillain
|-singleturn|p1b: Scovillain|Protect
|move|p1a: Basculegion|Wave Crash|p2b: Sidy
|-supereffective|p2b: Sidy|1
|-damage|p2b: Sidy|0 fnt
|faint|p2b: Sidy
|-damage|p1a: Basculegion|54/100|[from] Recoil
|move|p2a: Sabotage|Dire Claw|p1a: Basculegion
|-resisted|p1a: Basculegion|1
|-damage|p1a: Basculegion|32/100
|
|-ability|p1b: Scovillain|Moody|boost
|-boost|p1b: Scovillain|def|2
|-unboost|p1b: Scovillain|spe|1
|upkeep
|l| Jenny Nencioni
|c|☆il mule|ci sta provando in ogni modo a perdere
|c|☆il mule|ma il gioco lo sostiene
|
|t:|1783330797
|switch|p2b: Gervasoni|Excadrill, L50, M|18/100
|turn|9
|c| Tridello|e ha comunque preso + difesa
|c| Tridello|assurdo
|
|t:|1783330805
|detailschange|p1b: Scovillain|Scovillain-Mega, L50, F
|-mega|p1b: Scovillain|Scovillain|Scovillainite
|move|p2b: Gervasoni|Protect|p2b: Gervasoni
|-singleturn|p2b: Gervasoni|Protect
|move|p1b: Scovillain|Rage Powder|p1b: Scovillain
|-singleturn|p1b: Scovillain|move: Rage Powder
|move|p1a: Basculegion|Wave Crash|p2b: Gervasoni
|-activate|p2b: Gervasoni|move: Protect
|move|p2a: Sabotage|Dire Claw|p1b: Scovillain
|-supereffective|p1b: Scovillain|1
|-damage|p1b: Scovillain|58/100
|-status|p1b: Scovillain|psn
|-status|p2a: Sabotage|brn|[from] ability: Spicy Spray|[of] p1b: Scovillain
|
|-damage|p1b: Scovillain|45/100 psn|[from] psn
|-damage|p2a: Sabotage|88/100 brn|[from] brn
|upkeep
|turn|10
|j| Jenny Nencioni
|
|t:|1783330823
|move|p2b: Gervasoni|Protect||[still]
|-fail|p2b: Gervasoni
|move|p1a: Basculegion|Wave Crash|p2b: Gervasoni
|-supereffective|p2b: Gervasoni|1
|-damage|p2b: Gervasoni|0 fnt
|faint|p2b: Gervasoni
|-damage|p1a: Basculegion|26/100|[from] Recoil
|move|p2a: Sabotage|Dire Claw|p1a: Basculegion
|-resisted|p1a: Basculegion|1
|-damage|p1a: Basculegion|14/100
|-status|p1a: Basculegion|par
|move|p1b: Scovillain|Leech Seed|p2a: Sabotage
|-start|p2a: Sabotage|move: Leech Seed
|
|-damage|p2a: Sabotage|76/100 brn|[from] Leech Seed|[of] p1b: Scovillain
|-heal|p1b: Scovillain|58/100 psn|[silent]
|-damage|p1b: Scovillain|45/100 psn|[from] psn
|-damage|p2a: Sabotage|70/100 brn|[from] brn
|upkeep
|turn|11
|c| Jenny Nencioni|Sostiene Pereira
|
|t:|1783330839
|move|p2a: Sabotage|Dire Claw|p1a: Basculegion
|-resisted|p1a: Basculegion|1
|-damage|p1a: Basculegion|2/100 par
|move|p1a: Basculegion|Wave Crash|p2a: Sabotage
|-damage|p2a: Sabotage|23/100 brn
|-damage|p1a: Basculegion|0 fnt|[from] Recoil
|faint|p1a: Basculegion
|move|p1b: Scovillain|Overheat|p2a: Sabotage
|-damage|p2a: Sabotage|0 fnt
|-unboost|p1b: Scovillain|spa|2
|faint|p2a: Sabotage
|
|win|Tallin de Kefta
|raw|Tallin de Kefta's rating: 1321 → 1350(+29 for winning)
|raw|il mule's rating: 1494 → 1465(-29 for losing)
|c|☆Tallin de Kefta|Gg
|l| mafav2
|c|☆il mule|gg
|c|☆il mule|ottima partita
|c|☆il mule|42 punti persi
|l|☆il mule
|player|p2|
|l| Jenny Nencioni
|l| lakaka siuuu
|l|☆Tallin de Kefta
|player|p1|
|l| pirro9
|j|☆Tallin de Kefta
|player|p1|Tallin de Kefta|iono|
|l| Tridello
