|j|☆ikerros2010
|j|☆iloveships
|html|ikerros2010iloveships    
|uhtml|bestof|Game 1 of a best-of-3
|t:|1785431894
|gametype|doubles
|player|p1|ikerros2010|leon|1314
|player|p2|iloveships|emmet|1167
|gen|9
|tier|[Gen 9 Champions] VGC 2026 Reg M-B (Bo3)
|rated|
|rule|Species Clause: Limit one of each Pokémon
|rule|Item Clause: Limit 1 of each item
|clearpoke
|poke|p1|Kangaskhan, L50, F|
|poke|p1|Farigiraf, L50, F|
|poke|p1|Torkoal, L50, M|
|poke|p1|Hatterene, L50, F|
|poke|p1|Kingambit, L50, M|
|poke|p1|Venusaur, L50, M|
|poke|p2|Talonflame, L50, M|
|poke|p2|Raichu, L50, M|
|poke|p2|Maushold, L50|
|poke|p2|Garchomp, L50, F|
|poke|p2|Floette-Eternal, L50, F|
|poke|p2|Kingambit, L50, F|
|teampreview|4
|showteam|p1|Kangaskhan||Kangaskhanite|Scrappy|FakeOut,DoubleEdge,Crunch,DrainPunch|Brave||F|||50|]Farigiraf||SitrusBerry|ArmorTail|Psychic,HyperVoice,TrickRoom,Protect|Quiet||F|||50|]Torkoal||Charcoal|Drought|Eruption,WeatherBall,EarthPower,Protect|Quiet||M|||50|]Hatterene||LifeOrb|MagicBounce|Psychic,DazzlingGleam,Protect,TrickRoom|Quiet||F|||50|]Kingambit||ExpertBelt|Defiant|KowtowCleave,SuckerPunch,IronHead,LowKick|Brave||M|||50|]Venusaur||FocusSash|Chlorophyll|EarthPower,SludgeBomb,SleepPowder,Protect|Modest||M|||50|
|showteam|p2|Talonflame||SharpBeak|GaleWings|Tailwind,QuickGuard,Overheat,Taunt|Jolly||M|||50|]Raichu||RaichuniteY|LightningRod|FakeOut,Protect,ZapCannon,FocusBlast|Serious||M|||50|]Maushold||WideLens|Technician|FollowMe,Protect,PopulationBomb,Encore|Serious|||||50|]Garchomp||LifeOrb|RoughSkin|DragonClaw,RockSlide,Earthquake,Protect|Jolly||F|||50|]Floette-Eternal||Floettite|FlowerVeil|Protect,DazzlingGleam,Moonblast,LightofRuin|Modest||F|||50|]Kingambit||FocusSash|Defiant|SuckerPunch,KowtowCleave,IronHead,Protect|Adamant||F|||50|
|inactive|Battle timer is ON: inactive players will automatically lose when time's up. (requested by iloveships)
|inactive|iloveships has 60 seconds left.
|
|t:|1785431936
|teamsize|p1|4
|teamsize|p2|4
|start
|switch|p1a: Kangaskhan|Kangaskhan, L50, F|100/100
|switch|p1b: Farigiraf|Farigiraf, L50, F|100/100
|switch|p2a: Talonflame|Talonflame, L50, M|100/100
|switch|p2b: Maushold|Maushold, L50|100/100
|turn|1
|inactive|iloveships has 30 seconds left.
|
|t:|1785431966
|detailschange|p1a: Kangaskhan|Kangaskhan-Mega, L50, F
|-mega|p1a: Kangaskhan|Kangaskhan|Kangaskhanite
|move|p2a: Talonflame|Quick Guard|p2a: Talonflame
|-singleturn|p2a: Talonflame|Quick Guard
|move|p2b: Maushold|Population Bomb|p1b: Farigiraf
|-damage|p1b: Farigiraf|90/100
|-damage|p1b: Farigiraf|80/100
|-damage|p1b: Farigiraf|69/100
|-damage|p1b: Farigiraf|59/100
|-damage|p1b: Farigiraf|48/100
|-enditem|p1b: Farigiraf|Sitrus Berry|[eat]
|-heal|p1b: Farigiraf|73/100|[from] item: Sitrus Berry
|-damage|p1b: Farigiraf|63/100
|-damage|p1b: Farigiraf|52/100
|-damage|p1b: Farigiraf|42/100
|-damage|p1b: Farigiraf|31/100
|-damage|p1b: Farigiraf|20/100y
|-hitcount|p1b: Farigiraf|10
|move|p1a: Kangaskhan|Double-Edge|p2b: Maushold
|-damage|p2b: Maushold|0 fnt
|faint|p2b: Maushold
|-damage|p1a: Kangaskhan|75/100|[from] Recoil
|move|p1b: Farigiraf|Trick Room|p1b: Farigiraf
|-fieldstart|move: Trick Room|[of] p1b: Farigiraf
|
|upkeep
|inactive|iloveships has 30 seconds left.
|
|t:|1785431994
|switch|p2b: Garchomp|Garchomp, L50, F|100/100
|turn|2
|inactive|iloveships has 30 seconds left.
|
|t:|1785432025
|move|p2b: Garchomp|Protect|p2b: Garchomp
|-singleturn|p2b: Garchomp|Protect
|move|p1b: Farigiraf|Psychic|p2b: Garchomp
|-activate|p2b: Garchomp|move: Protect
|move|p1a: Kangaskhan|Double-Edge|p2a: Talonflame
|-damage|p2a: Talonflame|19/100
|-damage|p2a: Talonflame|1/100
|-hitcount|p2a: Talonflame|2
|-damage|p1a: Kangaskhan|51/100|[from] Recoil
|move|p2a: Talonflame|Overheat|p1a: Kangaskhan
|-damage|p1a: Kangaskhan|22/100
|-unboost|p2a: Talonflame|spa|2
|
|upkeep
|turn|3
|inactive|iloveships has 30 seconds left.
|inactive|iloveships has 20 seconds left.
|
|t:|1785432063
|switch|p2b: Raichu|Raichu, L50, M|100/100
|move|p1b: Farigiraf|Hyper Voice|p2a: Talonflame|[spread] p2a,p2b
|-damage|p2a: Talonflame|0 fnt
|-damage|p2b: Raichu|56/100
|faint|p2a: Talonflame
|move|p1a: Kangaskhan|Double-Edge|p2b: Raichu
|-damage|p2b: Raichu|0 fnt
|faint|p2b: Raichu
|-damage|p1a: Kangaskhan|8/100|[from] Recoil
|
|upkeep
|
|t:|1785432072
|switch|p2a: Garchomp|Garchomp, L50, F|100/100
|turn|4
|
|t:|1785432082
|move|p2a: Garchomp|Protect|p2a: Garchomp
|-singleturn|p2a: Garchomp|Protect
|move|p1b: Farigiraf|Psychic|p2a: Garchomp
|-activate|p2a: Garchomp|move: Protect
|move|p1a: Kangaskhan|Double-Edge|p2a: Garchomp
|-activate|p2a: Garchomp|move: Protect
|
|upkeep
|turn|5
|
|t:|1785432091
|move|p2a: Garchomp|Protect||[still]
|-fail|p2a: Garchomp
|move|p1b: Farigiraf|Psychic|p2a: Garchomp
|-damage|p2a: Garchomp|56/100
|move|p1a: Kangaskhan|Double-Edge|p2a: Garchomp
|-damage|p2a: Garchomp|4/100
|-damage|p1a: Kangaskhan|0 fnt|[from] ability: Rough Skin|[of] p2a: Garchomp
|faint|p1a: Kangaskhan
|
|-fieldend|move: Trick Room
|upkeep
|
|t:|1785432095
|switch|p1a: Venusaur|Venusaur, L50, M|100/100
|turn|6
|-message|iloveships forfeited.
|
|win|ikerros2010
