|j|☆Esdeath0w0
|j|☆LeDGeNDaRY95
|html|Esdeath0w0LeDGeNDaRY95    
|uhtml|bestof|Game 2 of a best-of-3
|t:|1757040399
|gametype|doubles
|player|p1|Esdeath0w0|richboy|1011
|player|p2|LeDGeNDaRY95|lucas|1021
|gen|9
|tier|[Gen 9] VGC 2025 Reg H (Bo3)
|rated|
|rule|Species Clause: Limit one of each Pokémon
|rule|Item Clause: Limit 1 of each item
|clearpoke
|poke|p1|Amoonguss, L50, M|
|poke|p1|Sneasler, L50, F|
|poke|p1|Gholdengo, L50|
|poke|p1|Incineroar, L50, M|
|poke|p1|Ursaluna-Bloodmoon, L50, M|
|poke|p1|Dragonite, L50, F|
|poke|p2|Mamoswine, L50, M|
|poke|p2|Talonflame, L50, M|
|poke|p2|Archaludon, L50, F|
|poke|p2|Conkeldurr, L50, M|
|poke|p2|Dragapult, L50, M|
|poke|p2|Sinistcha, L50|
|teampreview|4
|showteam|p1|Amoonguss||RockyHelmet|Regenerator|RagePowder,Spore,PollenPuff,Protect|||M|||50|,,,,,Psychic]Sneasler||FocusSash|Unburden|Protect,DireClaw,CloseCombat,ThroatChop|||F|||50|,,,,,Stellar]Gholdengo||LifeOrb|GoodasGold|Protect,MakeItRain,ShadowBall,NastyPlot||||||50|,,,,,Water]Incineroar||SafetyGoggles|Intimidate|KnockOff,PartingShot,FlareBlitz,FakeOut|||M|||50|,,,,,Ghost]Ursaluna-Bloodmoon||AssaultVest|MindsEye|BloodMoon,EarthPower,VacuumWave,HyperVoice|||M|||50|,,,,,Water]Dragonite||LoadedDice|Multiscale|ScaleShot,Tailwind,Haze,Protect|||F|||50|,,,,,Fairy
|showteam|p2|Mamoswine||LoadedDice|ThickFat|Protect,HighHorsepower,IcicleSpear,Haze|||M|||50|,,,,,Bug]Talonflame||CovertCloak|GaleWings|Protect,Tailwind,BraveBird,FlareBlitz|||M|||50|,,,,,Fire]Archaludon||AssaultVest|Stamina|DragonPulse,Thunderbolt,FlashCannon,BodyPress|||F|||50|,,,,,Grass]Conkeldurr||FlameOrb|Guts|Protect,CloseCombat,MachPunch,ThunderPunch|||M|||50|,,,,,Dark]Dragapult||ChoiceBand|ClearBody|DragonDarts,SuckerPunch,TeraBlast,Uturn|||M|||50|,,,,,Ghost]Sinistcha||SitrusBerry|Hospitality|TrickRoom,MatchaGotcha,LifeDew,RagePowder||||||50|,,,,,Fire
|inactive|Battle timer is ON: inactive players will automatically lose when time's up. (requested by LeDGeNDaRY95)
|inactive|Esdeath0w0 has 60 seconds left.
|inactive|LeDGeNDaRY95 has 60 seconds left.
|inactive|LeDGeNDaRY95 has 30 seconds left.
|
|t:|1757040466
|teamsize|p1|4
|teamsize|p2|4
|start
|switch|p1a: Dragonite|Dragonite, L50, F|100/100
|switch|p1b: Sneasler|Sneasler, L50, F, shiny|100/100
|switch|p2a: Talonflame|Talonflame, L50, M, shiny|100/100
|switch|p2b: Conkeldurr|Conkeldurr, L50, M|100/100
|turn|1
|inactive|Esdeath0w0 has 30 seconds left.
|
|t:|1757040496
|-terastallize|p1a: Dragonite|Fairy
|move|p1b: Sneasler|Protect|p1b: Sneasler
|-singleturn|p1b: Sneasler|Protect
|move|p2b: Conkeldurr|Protect|p2b: Conkeldurr
|-singleturn|p2b: Conkeldurr|Protect
|move|p2a: Talonflame|Tailwind|p2a: Talonflame
|-sidestart|p2: LeDGeNDaRY95|move: Tailwind
|move|p1a: Dragonite|Tailwind|p1a: Dragonite
|-sidestart|p1: Esdeath0w0|move: Tailwind
|
|-status|p2b: Conkeldurr|brn|[from] item: Flame Orb
|upkeep
|turn|2
|inactive|Esdeath0w0 has 30 seconds left.
|inactive|Esdeath0w0 has 20 seconds left.
|inactive|Esdeath0w0 has 15 seconds left.
|
|t:|1757040537
|move|p2a: Talonflame|Brave Bird|p1b: Sneasler
|-supereffective|p1b: Sneasler
|-enditem|p1b: Sneasler|Focus Sash
|-damage|p1b: Sneasler|1/100
|-damage|p2a: Talonflame|67/100|[from] Recoil
|move|p2b: Conkeldurr|Mach Punch|p1b: Sneasler
|-resisted|p1b: Sneasler
|-crit|p1b: Sneasler
|-damage|p1b: Sneasler|0 fnt
|faint|p1b: Sneasler
|move|p1a: Dragonite|Scale Shot|p2b: Conkeldurr
|-damage|p2b: Conkeldurr|88/100 brn
|-crit|p2b: Conkeldurr
|-damage|p2b: Conkeldurr|67/100 brn
|-damage|p2b: Conkeldurr|54/100 brn
|-damage|p2b: Conkeldurr|41/100 brn
|-hitcount|p2b: Conkeldurr|4
|-unboost|p1a: Dragonite|def|1
|-boost|p1a: Dragonite|spe|1
|
|-damage|p2b: Conkeldurr|34/100 brn|[from] brn
|upkeep
|
|t:|1757040556
|switch|p1b: Incineroar|Incineroar, L50, M, shiny|100/100
|-ability|p1b: Incineroar|Intimidate|boost
|-unboost|p2a: Talonflame|atk|1
|-unboost|p2b: Conkeldurr|atk|1
|turn|3
|
|t:|1757040574
|switch|p2b: Archaludon|Archaludon, L50, F, shiny|100/100
|move|p1b: Incineroar|Fake Out|p2a: Talonflame
|-crit|p2a: Talonflame
|-damage|p2a: Talonflame|40/100
|move|p1a: Dragonite|Scale Shot|p2b: Archaludon
|-damage|p2b: Archaludon|90/100
|-ability|p2b: Archaludon|Stamina|boost
|-boost|p2b: Archaludon|def|1
|-damage|p2b: Archaludon|82/100
|-ability|p2b: Archaludon|Stamina|boost
|-boost|p2b: Archaludon|def|1
|-damage|p2b: Archaludon|77/100
|-ability|p2b: Archaludon|Stamina|boost
|-boost|p2b: Archaludon|def|1
|-damage|p2b: Archaludon|72/100
|-ability|p2b: Archaludon|Stamina|boost
|-boost|p2b: Archaludon|def|1
|-damage|p2b: Archaludon|68/100
|-ability|p2b: Archaludon|Stamina|boost
|-boost|p2b: Archaludon|def|1
|-hitcount|p2b: Archaludon|5
|-unboost|p1a: Dragonite|def|1
|-boost|p1a: Dragonite|spe|1
|move|p2a: Talonflame|Brave Bird|p1a: Dragonite
|-damage|p1a: Dragonite|68/100
|-damage|p2a: Talonflame|28/100|[from] Recoil
|
|upkeep
|turn|4
|inactive|Esdeath0w0 has 30 seconds left.
|inactive|LeDGeNDaRY95 has 30 seconds left.
|inactive|LeDGeNDaRY95 has 20 seconds left.
|
|t:|1757040609
|move|p2a: Talonflame|Protect|p2a: Talonflame
|-singleturn|p2a: Talonflame|Protect
|move|p1a: Dragonite|Haze|p1a: Dragonite
|-clearallboost
|move|p2b: Archaludon|Body Press|p1b: Incineroar
|-supereffective|p1b: Incineroar
|-damage|p1b: Incineroar|59/100
|move|p1b: Incineroar|Parting Shot|p2b: Archaludon
|-unboost|p2b: Archaludon|atk|1
|-unboost|p2b: Archaludon|spa|1
|
|t:|1757040620
|switch|p1b: Gholdengo|Gholdengo, L50, shiny|100/100|[from] Parting Shot
|
|-sideend|p1: Esdeath0w0|move: Tailwind
|-sideend|p2: LeDGeNDaRY95|move: Tailwind
|upkeep
|turn|5
|inactive|Esdeath0w0 has 30 seconds left.
|
|t:|1757040645
|move|p1b: Gholdengo|Protect|p1b: Gholdengo
|-singleturn|p1b: Gholdengo|Protect
|move|p2a: Talonflame|Tailwind|p2a: Talonflame
|-sidestart|p2: LeDGeNDaRY95|move: Tailwind
|move|p2b: Archaludon|Flash Cannon|p1a: Dragonite
|-supereffective|p1a: Dragonite
|-damage|p1a: Dragonite|10/100
|move|p1a: Dragonite|Tailwind|p1a: Dragonite
|-sidestart|p1: Esdeath0w0|move: Tailwind
|
|upkeep
|turn|6
|
|t:|1757040669
|move|p1a: Dragonite|Protect|p1a: Dragonite
|-singleturn|p1a: Dragonite|Protect
|move|p2a: Talonflame|Brave Bird|p1a: Dragonite
|-activate|p1a: Dragonite|move: Protect
|move|p1b: Gholdengo|Shadow Ball|p2a: Talonflame
|-damage|p2a: Talonflame|0 fnt
|faint|p2a: Talonflame
|-damage|p1b: Gholdengo|91/100|[from] item: Life Orb
|move|p2b: Archaludon|Thunderbolt|p1b: Gholdengo
|-damage|p1b: Gholdengo|69/100
|
|upkeep
|
|t:|1757040683
|switch|p2a: Conkeldurr|Conkeldurr, L50, M|34/100 brn
|turn|7
|
|t:|1757040703
|switch|p1a: Incineroar|Incineroar, L50, M, shiny|59/100
|-ability|p1a: Incineroar|Intimidate|boost
|-unboost|p2a: Conkeldurr|atk|1
|-unboost|p2b: Archaludon|atk|1
|move|p2a: Conkeldurr|Mach Punch|p1a: Incineroar
|-supereffective|p1a: Incineroar
|-damage|p1a: Incineroar|14/100
|move|p1b: Gholdengo|Make It Rain|p2b: Archaludon|[spread] p2a,p2b
|-resisted|p2b: Archaludon
|-damage|p2a: Conkeldurr|0 fnt
|-damage|p2b: Archaludon|46/100
|-unboost|p1b: Gholdengo|spa|1
|-ability|p2b: Archaludon|Stamina|boost
|-boost|p2b: Archaludon|def|1
|faint|p2a: Conkeldurr
|-damage|p1b: Gholdengo|59/100|[from] item: Life Orb
|move|p2b: Archaludon|Dragon Pulse|p1b: Gholdengo
|-resisted|p1b: Gholdengo
|-damage|p1b: Gholdengo|46/100
|
|upkeep
|
|t:|1757040713
|switch|p2a: Mamoswine|Mamoswine, L50, M|100/100
|turn|8
|inactive|Esdeath0w0 has 30 seconds left.
|inactive|Esdeath0w0 has 20 seconds left.
|inactive|Esdeath0w0 has 15 seconds left.
|
|t:|1757040754
|move|p2a: Mamoswine|Protect|p2a: Mamoswine
|-singleturn|p2a: Mamoswine|Protect
|move|p1a: Incineroar|Fake Out|p2a: Mamoswine
|-activate|p2a: Mamoswine|move: Protect
|move|p1b: Gholdengo|Make It Rain|p2a: Mamoswine|[spread] p2b
|-activate|p2a: Mamoswine|move: Protect
|-resisted|p2b: Archaludon
|-damage|p2b: Archaludon|33/100
|-unboost|p1b: Gholdengo|spa|1
|-ability|p2b: Archaludon|Stamina|boost
|-boost|p2b: Archaludon|def|1
|-damage|p1b: Gholdengo|36/100|[from] item: Life Orb
|move|p2b: Archaludon|Body Press|p1a: Incineroar
|-supereffective|p1a: Incineroar
|-damage|p1a: Incineroar|0 fnt
|faint|p1a: Incineroar
|
|-sideend|p1: Esdeath0w0|move: Tailwind
|-sideend|p2: LeDGeNDaRY95|move: Tailwind
|upkeep
|
|t:|1757040771
|switch|p1a: Dragonite|Dragonite, L50, F, tera:Fairy|10/100
|turn|9
|inactive|Esdeath0w0 has 30 seconds left.
|inactive|Esdeath0w0 has 20 seconds left.
|
|t:|1757040809
|-terastallize|p2a: Mamoswine|Bug
|move|p1b: Gholdengo|Protect|p1b: Gholdengo
|-singleturn|p1b: Gholdengo|Protect
|move|p1a: Dragonite|Tailwind|p1a: Dragonite
|-sidestart|p1: Esdeath0w0|move: Tailwind
|move|p2a: Mamoswine|High Horsepower|p1b: Gholdengo
|-activate|p1b: Gholdengo|move: Protect
|move|p2b: Archaludon|Flash Cannon|p1a: Dragonite
|-supereffective|p1a: Dragonite
|-damage|p1a: Dragonite|0 fnt
|faint|p1a: Dragonite
|
|upkeep
|turn|10
|inactive|LeDGeNDaRY95 has 30 seconds left.
|
|t:|1757040835
|move|p1b: Gholdengo|Make It Rain|p2a: Mamoswine|[spread] p2a,p2b
|-resisted|p2b: Archaludon
|-damage|p2a: Mamoswine|65/100
|-damage|p2b: Archaludon|23/100
|-unboost|p1b: Gholdengo|spa|1
|-ability|p2b: Archaludon|Stamina|boost
|-boost|p2b: Archaludon|def|1
|-damage|p1b: Gholdengo|27/100|[from] item: Life Orb
|move|p2a: Mamoswine|High Horsepower|p1b: Gholdengo
|-supereffective|p1b: Gholdengo
|-damage|p1b: Gholdengo|0 fnt
|faint|p1b: Gholdengo
|
|win|LeDGeNDaRY95
||LeDGeNDaRY95 is ready for game 3.
||Esdeath0w0 is ready for game 3.
|uhtml|next|Next: Game 3 of 3
|l|☆Esdeath0w0
|player|p1|
