|j|☆ferchoxx
|j|‽tavinn_n
|html|ferchoxxtavinn_n    
|uhtml|bestof|Game 1 of a best-of-3
|t:|1786037012
|gametype|doubles
|player|p1|ferchoxx|ghetsis|1327
|player|p2|tavinn_n|ghetsis|1323
|gen|9
|tier|[Gen 9 Champions] VGC 2026 Reg M-B (Bo3)
|rated|
|rule|Species Clause: Limit one of each Pokémon
|rule|Item Clause: Limit 1 of each item
|clearpoke
|poke|p1|Tyranitar, L50, M|
|poke|p1|Staraptor, L50, M|
|poke|p1|Excadrill, L50, M|
|poke|p1|Gholdengo, L50|
|poke|p1|Milotic, L50, F|
|poke|p1|Sinistcha, L50|
|poke|p2|Staraptor, L50, M|
|poke|p2|Delphox, L50, F|
|poke|p2|Whimsicott, L50, M|
|poke|p2|Glimmora, L50, M|
|poke|p2|Garchomp, L50, M|
|poke|p2|Kingambit, L50, M|
|teampreview|4
|showteam|p1|Tyranitar||Tyranitarite|SandStream|RockSlide,KnockOff,LowKick,Protect|Adamant||M|||50|]Staraptor||Staraptite|Intimidate|BraveBird,CloseCombat,Tailwind,Protect|Jolly||M|||50|]Excadrill||FocusSash|SandRush|HighHorsepower,IronHead,RockSlide,Protect|Jolly||M|||50|]Gholdengo||LifeOrb|GoodasGold|MakeItRain,ShadowBall,NastyPlot,Protect|Timid|||||50|]Milotic||SitrusBerry|Competitive|Protect,IceBeam,Scald,IcyWind|Bold||F|||50|]Sinistcha||ColburBerry|Hospitality|MatchaGotcha,RagePowder,TrickRoom,Protect|Bold|||||50|
|showteam|p2|Staraptor||Staraptite|Intimidate|Protect,Roost,BraveBird,CloseCombat|Jolly||M|||50|]Delphox||Delphoxite|Blaze|Protect,Encore,HeatWave,Psychic|Timid||F|||50|]Whimsicott||OccaBerry|Prankster|Tailwind,Charm,Moonblast,LightScreen|Bold||M|||50|]Glimmora||FocusSash|ToxicDebris|SpikyShield,PowerGem,EarthPower,SludgeBomb|Timid||M|||50|]Garchomp||ChoiceScarf|RoughSkin|RockSlide,Earthquake,StompingTantrum,DragonClaw|Jolly||M|||50|]Kingambit||ChopleBerry|Defiant|IronHead,LowKick,SuckerPunch,KowtowCleave|Adamant||M|||50|
|inactive|Battle timer is ON: inactive players will automatically lose when time's up. (requested by tavinn_n)
|inactive|ferchoxx has 60 seconds left.
|inactive|tavinn_n has 60 seconds left.
|c|☆ferchoxx|te conozco?
|inactive|ferchoxx has 30 seconds left.
|inactive|ferchoxx has 20 seconds left.
|inactive|ferchoxx has 15 seconds left.
|inactive|ferchoxx has 10 seconds left.
|inactive|ferchoxx has 5 seconds left.
|
|t:|1786037098
|teamsize|p1|4
|teamsize|p2|4
|start
|switch|p1a: Milotic|Milotic, L50, F|100/100
|switch|p1b: Sinistcha|Sinistcha, L50|100/100
|switch|p2a: Garchomp|Garchomp, L50, M|100/100
|switch|p2b: Whimsicott|Whimsicott, L50, M|100/100
|turn|1
|inactive|tavinn_n has 30 seconds left.
|
|t:|1786037125
|switch|p2a: Kingambit|Kingambit, L50, M|100/100
|move|p2b: Whimsicott|Light Screen|p2b: Whimsicott
|-sidestart|p2: tavinn_n|move: Light Screen
|move|p1a: Milotic|Ice Beam|p2a: Kingambit
|-resisted|p2a: Kingambit|1
|-damage|p2a: Kingambit|93/100
|move|p1b: Sinistcha|Trick Room|p1b: Sinistcha
|-fieldstart|move: Trick Room|[of] p1b: Sinistcha
|
|upkeep
|turn|2
|inactive|ferchoxx has 30 seconds left.
|
|t:|1786037157
|switch|p1b: Tyranitar|Tyranitar, L50, M|100/100
|-weather|Sandstorm|[from] ability: Sand Stream|[of] p1b: Tyranitar
|move|p2a: Kingambit|Kowtow Cleave|p1b: Tyranitar
|-resisted|p1b: Tyranitar|1
|-damage|p1b: Tyranitar|78/100
|move|p1a: Milotic|Ice Beam|p2b: Whimsicott
|-supereffective|p2b: Whimsicott|1
|-damage|p2b: Whimsicott|53/100
|move|p2b: Whimsicott|Moonblast|p1b: Tyranitar
|-supereffective|p1b: Tyranitar|1
|-damage|p1b: Tyranitar|39/100
|
|-weather|Sandstorm|[upkeep]
|-damage|p1a: Milotic|93/100|[from] Sandstorm
|-damage|p2b: Whimsicott|47/100|[from] Sandstorm
|upkeep
|turn|3
|inactive|ferchoxx has 30 seconds left.
|inactive|tavinn_n has 30 seconds left.
|
|t:|1786037190
|switch|p2b: Garchomp|Garchomp, L50, M|100/100
|move|p1b: Tyranitar|Protect|p1b: Tyranitar
|-singleturn|p1b: Tyranitar|Protect
|move|p2a: Kingambit|Kowtow Cleave|p1a: Milotic
|-damage|p1a: Milotic|53/100
|move|p1a: Milotic|Ice Beam|p2b: Garchomp
|-supereffective|p2b: Garchomp|2
|-damage|p2b: Garchomp|39/100
|
|-weather|Sandstorm|[upkeep]
|-damage|p1a: Milotic|47/100|[from] Sandstorm
|-enditem|p1a: Milotic|Sitrus Berry|[eat]
|-heal|p1a: Milotic|72/100|[from] item: Sitrus Berry
|upkeep
|turn|4
|
|t:|1786037216
|switch|p1b: Sinistcha|Sinistcha, L50|100/100
|-heal|p1a: Milotic|96/100|[from] ability: Hospitality|[of] p1b: Sinistcha
|move|p2a: Kingambit|Low Kick|p1b: Sinistcha
|-immune|p1b: Sinistcha
|move|p1a: Milotic|Ice Beam|p2b: Garchomp
|-supereffective|p2b: Garchomp|2
|-damage|p2b: Garchomp|0 fnt
|faint|p2b: Garchomp
|
|-weather|Sandstorm|[upkeep]
|-damage|p1b: Sinistcha|94/100|[from] Sandstorm
|-damage|p1a: Milotic|90/100|[from] Sandstorm
|upkeep
|
|t:|1786037228
|switch|p2b: Whimsicott|Whimsicott, L50, M|47/100
|turn|5
|
|t:|1786037233
|move|p1b: Sinistcha|Rage Powder|p1b: Sinistcha
|-singleturn|p1b: Sinistcha|move: Rage Powder
|move|p2a: Kingambit|Kowtow Cleave|p1b: Sinistcha
|-supereffective|p1b: Sinistcha|1
|-enditem|p1b: Sinistcha|Colbur Berry|[eat]
|-enditem|p1b: Sinistcha|Colbur Berry|[weaken]
|-damage|p1b: Sinistcha|57/100
|move|p1a: Milotic|Ice Beam|p2b: Whimsicott
|-supereffective|p2b: Whimsicott|1
|-damage|p2b: Whimsicott|3/100
|-status|p2b: Whimsicott|frz
|cant|p2b: Whimsicott|frz
|
|-weather|Sandstorm|[upkeep]
|-damage|p1b: Sinistcha|51/100|[from] Sandstorm
|-damage|p1a: Milotic|84/100|[from] Sandstorm
|-damage|p2b: Whimsicott|0 fnt|[from] Sandstorm
|faint|p2b: Whimsicott
|-sideend|p2: tavinn_n|move: Light Screen
|-fieldend|move: Trick Room
|upkeep
|
|t:|1786037243
|switch|p2b: Staraptor|Staraptor, L50, M|100/100
|-ability|p2b: Staraptor|Intimidate|boost
|-unboost|p1a: Milotic|atk|1
|-ability|p1a: Milotic|Competitive|boost
|-boost|p1a: Milotic|spa|2
|-unboost|p1b: Sinistcha|atk|1
|turn|6
|
|t:|1786037259
|detailschange|p2b: Staraptor|Staraptor-Mega, L50, M
|-mega|p2b: Staraptor|Staraptor|Staraptite
|move|p1b: Sinistcha|Rage Powder|p1b: Sinistcha
|-singleturn|p1b: Sinistcha|move: Rage Powder
|move|p2b: Staraptor|Close Combat|p1b: Sinistcha
|-immune|p1b: Sinistcha
|move|p1a: Milotic|Scald|p2a: Kingambit
|-damage|p2a: Kingambit|40/100
|-status|p2a: Kingambit|brn
|move|p2a: Kingambit|Kowtow Cleave|p1b: Sinistcha
|-supereffective|p1b: Sinistcha|1
|-damage|p1b: Sinistcha|14/100
|
|-weather|none
|-damage|p2a: Kingambit|34/100 brn|[from] brn
|upkeep
|turn|7
|
|t:|1786037275
|move|p1b: Sinistcha|Rage Powder|p1b: Sinistcha
|-singleturn|p1b: Sinistcha|move: Rage Powder
|move|p2b: Staraptor|Close Combat|p1b: Sinistcha
|-immune|p1b: Sinistcha
|move|p1a: Milotic|Scald|p2a: Kingambit
|-damage|p2a: Kingambit|0 fnt
|faint|p2a: Kingambit
|
|upkeep
|turn|8
|
|t:|1786037285
|move|p1b: Sinistcha|Rage Powder|p1b: Sinistcha
|-singleturn|p1b: Sinistcha|move: Rage Powder
|move|p2b: Staraptor|Close Combat|p1b: Sinistcha
|-immune|p1b: Sinistcha
|move|p1a: Milotic|Ice Beam|p2b: Staraptor
|-supereffective|p2b: Staraptor|1
|-damage|p2b: Staraptor|10/100
|
|upkeep
|turn|9
|
|t:|1786037293
|move|p1b: Sinistcha|Rage Powder|p1b: Sinistcha
|-singleturn|p1b: Sinistcha|move: Rage Powder
|move|p2b: Staraptor|Close Combat|p1b: Sinistcha
|-immune|p1b: Sinistcha
|move|p1a: Milotic|Ice Beam|p2b: Staraptor
|-supereffective|p2b: Staraptor|1
|-damage|p2b: Staraptor|0 fnt
|faint|p2b: Staraptor
|
|win|ferchoxx
||tavinn_n is ready for game 2.
