|j|☆Ringeril
|j|☆Aikalytics
|html|RingerilAikalytics    
|uhtml|bestof|Game 2 of a best-of-3
|t:|1757743773
|gametype|doubles
|player|p1|Ringeril|1|
|player|p2|Aikalytics|roxie|
|gen|9
|tier|[Gen 9] VGC 2025 Reg H (Bo3)
|rule|Species Clause: Limit one of each Pokémon
|rule|Item Clause: Limit 1 of each item
|clearpoke
|poke|p1|Volcarona, L50, F|
|poke|p1|Grimmsnarl, L50, M|
|poke|p1|Torterra, L50, M|
|poke|p1|Incineroar, L50, M|
|poke|p1|Toxapex, L50, M|
|poke|p1|Electabuzz, L50, F|
|poke|p2|Ceruledge, L50, M|
|poke|p2|Hatterene, L50, F|
|poke|p2|Sylveon, L50, F|
|poke|p2|Dragapult, L50, M|
|poke|p2|Indeedee-F, L50, F|
|poke|p2|Dragonite, L50, M|
|teampreview|4
|showteam|p1|Volcarona||Leftovers|FlameBody|FieryDance,BugBuzz,QuiverDance,Protect|||F|||50|,,,,,Dragon]Grimmsnarl||LightClay|Prankster|SpiritBreak,Reflect,LightScreen,PartingShot|||M|||50|,,,,,Ghost]Torterra||SitrusBerry|ShellArmor|HeadlongRush,IronDefense,LeechSeed,Protect|||M|||50|,,,,,Water]Incineroar||SafetyGoggles|Intimidate|FakeOut,Snarl,KnockOff,PartingShot|||M|||50|,,,,,Ghost]Toxapex||BlackSludge|Regenerator|Toxic,Haze,Infestation,BanefulBunker|||M|||50|,,,,,Dark]Electabuzz||Eviolite|VitalSpirit|FollowMe,Taunt,EerieImpulse,Electroweb|||F|||50|,,,,,Ghost
|showteam|p2|Ceruledge||ClearAmulet|FlashFire|BitterBlade,BulkUp,ShadowSneak,Protect|||M|||50|,,,,,Grass]Hatterene||LifeOrb|MagicBounce|DazzlingGleam,MysticalFire,TrickRoom,Psychic|||F|||50|,,,,,Fire]Sylveon||ChoiceSpecs|Pixilate|HyperVoice,Moonblast,Psyshock,ShadowBall|||F|||50|,,,,,Fairy]Dragapult||FocusSash|ClearBody|WillOWisp,ThunderWave,LightScreen,PhantomForce|||M|||50|,,,,,Steel]Indeedee-F||RockyHelmet|PsychicSurge|DazzlingGleam,FollowMe,HelpingHand,TrickRoom|||F|||50|,,,,,Water]Dragonite||LumBerry|Multiscale|ExtremeSpeed,IceSpinner,DragonDance,Protect|||M|||50|,,,,,Normal
|inactive|Battle timer is ON: inactive players will automatically lose when time's up. (requested by Ringeril)
|inactive|Ringeril has 60 seconds left.
|
|t:|1757743815
|teamsize|p1|4
|teamsize|p2|4
|start
|switch|p1a: Electabubbbbzzz|Electabuzz, L50, F|100/100
|switch|p1b: Tortillera|Torterra, L50, M|100/100
|switch|p2a: Hatterene|Hatterene, L50, F|100/100
|switch|p2b: Enfermera Joy|Indeedee-F, L50, F|100/100
|-fieldstart|move: Psychic Terrain|[from] ability: Psychic Surge|[of] p2b: Enfermera Joy
|turn|1
|inactive|Ringeril has 30 seconds left.
|
|t:|1757743846
|move|p1b: Tortillera|Protect|p1b: Tortillera
|-singleturn|p1b: Tortillera|Protect
|move|p2b: Enfermera Joy|Follow Me|p2b: Enfermera Joy
|-singleturn|p2b: Enfermera Joy|move: Follow Me
|move|p1a: Electabubbbbzzz|Taunt|p2b: Enfermera Joy
|-start|p2b: Enfermera Joy|move: Taunt
|move|p2a: Hatterene|Trick Room|p2a: Hatterene
|-fieldstart|move: Trick Room|[of] p2a: Hatterene
|
|upkeep
|turn|2
|inactive|Ringeril has 30 seconds left.
|inactive|Ringeril has 20 seconds left.
|inactive|Ringeril has 15 seconds left.
|inactive|Ringeril has 10 seconds left.
|inactive|Ringeril has 5 seconds left.
|
|t:|1757743898
|move|p1b: Tortillera|Protect||[still]
|-fail|p1b: Tortillera
|move|p2a: Hatterene|Dazzling Gleam|p1a: Electabubbbbzzz|[spread] p1a,p1b
|-crit|p1a: Electabubbbbzzz
|-damage|p1a: Electabubbbbzzz|49/100
|-damage|p1b: Tortillera|65/100
|-damage|p2a: Hatterene|91/100|[from] item: Life Orb
|move|p2b: Enfermera Joy|Dazzling Gleam|p1b: Tortillera|[spread] p1a,p1b
|-damage|p1a: Electabubbbbzzz|39/100
|-damage|p1b: Tortillera|56/100
|move|p1a: Electabubbbbzzz|Eerie Impulse|p2b: Enfermera Joy
|-unboost|p2b: Enfermera Joy|spa|2
|
|upkeep
|turn|3
|inactive|Ringeril has 30 seconds left.
|inactive|Ringeril has 20 seconds left.
|
|t:|1757743933
|switch|p2b: Ceruledge|Ceruledge, L50, M|100/100
|move|p2a: Hatterene|Dazzling Gleam|p1b: Tortillera|[spread] p1a,p1b
|-damage|p1a: Electabubbbbzzz|2/100
|-damage|p1b: Tortillera|18/100
|-enditem|p1b: Tortillera|Sitrus Berry|[eat]
|-heal|p1b: Tortillera|43/100|[from] item: Sitrus Berry
|-damage|p2a: Hatterene|82/100|[from] item: Life Orb
|move|p1b: Tortillera|Headlong Rush|p2a: Hatterene
|-damage|p2a: Hatterene|30/100
|-unboost|p1b: Tortillera|def|1
|-unboost|p1b: Tortillera|spd|1
|move|p1a: Electabubbbbzzz|Taunt|p2a: Hatterene
|move|p2a: Hatterene|Taunt|p1a: Electabubbbbzzz|[from] ability: Magic Bounce
|-start|p1a: Electabubbbbzzz|move: Taunt
|
|upkeep
|turn|4
|
|t:|1757743957
|switch|p1a: Incigato|Incineroar, L50, M|100/100
|-ability|p1a: Incigato|Intimidate|boost
|-unboost|p2a: Hatterene|atk|1
|-fail|p2b: Ceruledge|unboost|[from] item: Clear Amulet|[of] p2b: Ceruledge
|move|p2a: Hatterene|Dazzling Gleam|p1b: Tortillera|[spread] p1a,p1b
|-damage|p1a: Incigato|67/100
|-damage|p1b: Tortillera|0 fnt
|faint|p1b: Tortillera
|-damage|p2a: Hatterene|21/100|[from] item: Life Orb
|move|p2b: Ceruledge|Bulk Up|p2b: Ceruledge
|-boost|p2b: Ceruledge|atk|1
|-boost|p2b: Ceruledge|def|1
|
|upkeep
|
|t:|1757743974
|switch|p1b: Sudor-apex|Toxapex, L50, M|100/100
|turn|5
|
|t:|1757743987
|-terastallize|p1b: Sudor-apex|Dark
|move|p2a: Hatterene|Psychic|p1b: Sudor-apex
|-immune|p1b: Sudor-apex
|move|p1b: Sudor-apex|Toxic|p2b: Ceruledge
|-status|p2b: Ceruledge|tox
|move|p1a: Incigato|Knock Off|p2b: Ceruledge
|-supereffective|p2b: Ceruledge
|-damage|p2b: Ceruledge|28/100 tox
|-enditem|p2b: Ceruledge|Clear Amulet|[from] move: Knock Off|[of] p1a: Incigato
|move|p2b: Ceruledge|Bulk Up|p2b: Ceruledge
|-boost|p2b: Ceruledge|atk|1
|-boost|p2b: Ceruledge|def|1
|
|-damage|p1b: Sudor-apex|88/100|[from] item: Black Sludge
|-damage|p2b: Ceruledge|22/100 tox|[from] psn
|-fieldend|move: Trick Room
|-fieldend|move: Psychic Terrain
|upkeep
|turn|6
|
|t:|1757744011
|switch|p1a: Electabubbbbzzz|Electabuzz, L50, F|2/100
|switch|p2a: Enfermera Joy|Indeedee-F, L50, F|100/100
|-fieldstart|move: Psychic Terrain|[from] ability: Psychic Surge|[of] p2a: Enfermera Joy
|move|p2b: Ceruledge|Protect|p2b: Ceruledge
|-singleturn|p2b: Ceruledge|Protect
|move|p1b: Sudor-apex|Baneful Bunker||[still]
|-fail|p1b: Sudor-apex
|
|-damage|p1b: Sudor-apex|76/100|[from] item: Black Sludge
|-damage|p2b: Ceruledge|10/100 tox|[from] psn
|upkeep
|turn|7
|inactive|Ringeril has 30 seconds left.
|inactive|Ringeril has 20 seconds left.
|
|t:|1757744049
|move|p1b: Sudor-apex|Baneful Bunker|p1b: Sudor-apex
|-singleturn|p1b: Sudor-apex|move: Protect
|move|p1a: Electabubbbbzzz|Taunt|p2a: Enfermera Joy
|-start|p2a: Enfermera Joy|move: Taunt
|move|p2b: Ceruledge|Bitter Blade|p1b: Sudor-apex
|-activate|p1b: Sudor-apex|move: Protect
|move|p2a: Enfermera Joy|Dazzling Gleam|p1b: Sudor-apex|[spread] p1a
|-activate|p1b: Sudor-apex|move: Protect
|-damage|p1a: Electabubbbbzzz|0 fnt
|faint|p1a: Electabubbbbzzz
|
|-damage|p1b: Sudor-apex|64/100|[from] item: Black Sludge
|-damage|p2b: Ceruledge|0 fnt|[from] psn
|faint|p2b: Ceruledge
|upkeep
|
|t:|1757744068
|switch|p1a: Incigato|Incineroar, L50, M|67/100
|switch|p2b: Hatterene|Hatterene, L50, F|21/100
|-ability|p1a: Incigato|Intimidate|boost
|-unboost|p2a: Enfermera Joy|atk|1
|-unboost|p2b: Hatterene|atk|1
|turn|8
|
|t:|1757744084
|move|p2a: Enfermera Joy|Dazzling Gleam|p1a: Incigato|[spread] p1a,p1b
|-supereffective|p1b: Sudor-apex
|-damage|p1a: Incigato|57/100
|-damage|p1b: Sudor-apex|45/100
|move|p1a: Incigato|Knock Off|p2b: Hatterene
|-damage|p2b: Hatterene|0 fnt
|-enditem|p2b: Hatterene|Life Orb|[from] move: Knock Off|[of] p1a: Incigato
|faint|p2b: Hatterene
|move|p1b: Sudor-apex|Toxic|p2a: Enfermera Joy
|-status|p2a: Enfermera Joy|tox
|
|-damage|p1b: Sudor-apex|33/100|[from] item: Black Sludge
|-damage|p2a: Enfermera Joy|94/100 tox|[from] psn
|upkeep
|
|t:|1757744095
|switch|p2b: Barney|Dragonite, L50, M|100/100
|turn|9
|
|t:|1757744115
|move|p2b: Barney|Dragon Dance|p2b: Barney
|-boost|p2b: Barney|atk|1
|-boost|p2b: Barney|spe|1
|move|p2a: Enfermera Joy|Dazzling Gleam|p1a: Incigato|[spread] p1a,p1b
|-supereffective|p1b: Sudor-apex
|-damage|p1a: Incigato|48/100
|-damage|p1b: Sudor-apex|14/100
|move|p1a: Incigato|Knock Off|p2b: Barney
|-damage|p2b: Barney|79/100
|-enditem|p2b: Barney|Lum Berry|[from] move: Knock Off|[of] p1a: Incigato
|move|p1b: Sudor-apex|Toxic|p2b: Barney
|-status|p2b: Barney|tox
|
|-damage|p1b: Sudor-apex|2/100|[from] item: Black Sludge
|-damage|p2b: Barney|73/100 tox|[from] psn
|-damage|p2a: Enfermera Joy|82/100 tox|[from] psn
|-end|p2a: Enfermera Joy|move: Taunt
|upkeep
|turn|10
|
|t:|1757744137
|move|p2a: Enfermera Joy|Helping Hand|p2b: Barney
|-singleturn|p2b: Barney|Helping Hand|[of] p2a: Enfermera Joy
|move|p2b: Barney|Extreme Speed|p1a: Incigato
|-activate|p1a: Incigato|move: Psychic Terrain
|move|p1a: Incigato|Knock Off|p2a: Enfermera Joy
|-supereffective|p2a: Enfermera Joy
|-damage|p2a: Enfermera Joy|11/100 tox
|-damage|p1a: Incigato|32/100|[from] item: Rocky Helmet|[of] p2a: Enfermera Joy
|-enditem|p2a: Enfermera Joy|Rocky Helmet|[from] move: Knock Off|[of] p1a: Incigato
|move|p1b: Sudor-apex|Infestation|p2b: Barney
|-resisted|p2b: Barney
|-damage|p2b: Barney|72/100 tox
|-activate|p2b: Barney|move: Infestation|[of] p1b: Sudor-apex
|
|-damage|p1b: Sudor-apex|0 fnt|[from] item: Black Sludge
|faint|p1b: Sudor-apex
|-damage|p2b: Barney|60/100 tox|[from] psn
|-damage|p2a: Enfermera Joy|0 fnt|[from] psn
|faint|p2a: Enfermera Joy
|-end|p2b: Barney|Infestation|[partiallytrapped]|[silent]
|-fieldend|move: Psychic Terrain
|upkeep
|turn|11
|inactive|Ringeril has 30 seconds left.
|inactive|Ringeril has 20 seconds left.
|inactive|Ringeril has 15 seconds left.
|
|t:|1757744179
|-terastallize|p2b: Barney|Normal
|move|p2b: Barney|Extreme Speed|p1a: Incigato
|-damage|p1a: Incigato|0 fnt
|faint|p1a: Incigato
|
|win|Aikalytics
||Ringeril is ready for game 3.
||Aikalytics is ready for game 3.
|uhtml|next|Next: Game 3 of 3
|l|☆Aikalytics
|player|p2|
