|j|☆eviovulpix
|j|☆Jay is decent
|html|eviovulpixJay is decent    
|uhtml|bestof|Game 1 of a best-of-3
|t:|1782330583
|gametype|doubles
|player|p1|eviovulpix|101|
|player|p2|Jay is decent|101|
|gen|9
|tier|[Gen 9 Champions] VGC 2026 Reg M-B (Bo3)
|rule|Species Clause: Limit one of each Pokémon
|rule|Item Clause: Limit 1 of each item
|clearpoke
|poke|p1|Mawile, L50, F, shiny|
|poke|p1|Pelipper, L50, M, shiny|
|poke|p1|Archaludon, L50, M, shiny|
|poke|p1|Sinistcha, L50, shiny|
|poke|p1|Swampert, L50, F, shiny|
|poke|p1|Farigiraf, L50, F, shiny|
|poke|p2|Blaziken, L50, F, shiny|
|poke|p2|Kingambit, L50, F|
|poke|p2|Basculegion, L50, M|
|poke|p2|Grimmsnarl, L50, M|
|poke|p2|Sinistcha, L50|
|poke|p2|Floette-Eternal, L50, F|
|teampreview|4
|showteam|p1|Mawile||Mawilite|HyperCutter|IronHead,PlayRough,RockSlide,Protect|Adamant||F|||50|]Pelipper||FocusSash|Drizzle|WeatherBall,Hurricane,Tailwind,Protect|Modest||M|||50|]Archaludon||Leftovers|Stamina|ElectroShot,FlashCannon,DragonPulse,Protect|Modest||M|||50|]Sinistcha||KasibBerry|Hospitality|ShadowBall,RagePowder,MatchaGotcha,TrickRoom|Bold|||||50|]Swampert||Swampertite|Torrent|IcePunch,HighHorsepower,WaveCrash,Protect|Adamant||F|||50|]Farigiraf||SitrusBerry|ArmorTail|TrickRoom,Thunderbolt,TwinBeam,HelpingHand|Modest||F|||50|
|showteam|p2|Blaziken||Blazikenite|SpeedBoost|FlareBlitz,CloseCombat,RockSlide,Detect|Adamant||F|||50|]Kingambit||BlackGlasses|Defiant|KowtowCleave,SuckerPunch,SwordsDance,Protect|Adamant||F|||50|]Basculegion||FocusSash|Adaptability|Liquidation,LastRespects,AquaJet,Protect|Adamant||M|||50|]Grimmsnarl||RoseliBerry|Prankster|FakeOut,SpiritBreak,PartingShot,ScaryFace|Careful||M|||50|]Sinistcha||KasibBerry|Hospitality|MatchaGotcha,RagePowder,TrickRoom,Protect|Bold|||||50|]Floette-Eternal||Floettite|FlowerVeil|Moonblast,DazzlingGleam,CalmMind,Protect|Modest||F|||50|
|
|t:|1782330629
|teamsize|p1|4
|teamsize|p2|4
|start
|switch|p1a: Mawile|Mawile, L50, F, shiny|100/100
|switch|p1b: Farigiraf|Farigiraf, L50, F, shiny|100/100
|switch|p2a: Sinistcha|Sinistcha, L50|100/100
|switch|p2b: Floette|Floette-Eternal, L50, F|100/100
|turn|1
|
|t:|1782330646
|switch|p2b: Kingambit|Kingambit, L50, F|100/100
|switch|p1b: Pelipper|Pelipper, L50, M, shiny|100/100
|-weather|RainDance|[from] ability: Drizzle|[of] p1b: Pelipper
|detailschange|p1a: Mawile|Mawile-Mega, L50, F, shiny
|-mega|p1a: Mawile|Mawile|Mawilite
|move|p2a: Sinistcha|Matcha Gotcha|p1a: Mawile|[spread] p1a,p1b
|-resisted|p1a: Mawile|1
|-damage|p1a: Mawile|84/100
|-damage|p1b: Pelipper|60/100
|move|p1a: Mawile|Iron Head|p2b: Kingambit
|-resisted|p2b: Kingambit|1
|-damage|p2b: Kingambit|72/100
|
|-weather|RainDance|[upkeep]
|upkeep
|turn|2
|
|t:|1782330677
|move|p1a: Mawile|Protect|p1a: Mawile
|-singleturn|p1a: Mawile|Protect
|move|p2b: Kingambit|Sucker Punch||[still]
|-fail|p2b: Kingambit
|move|p1b: Pelipper|Tailwind|p1b: Pelipper
|-sidestart|p1: eviovulpix|move: Tailwind
|move|p2a: Sinistcha|Matcha Gotcha|p1b: Pelipper|[spread] p1b
|-activate|p1a: Mawile|move: Protect
|-damage|p1b: Pelipper|18/100
|
|-weather|RainDance|[upkeep]
|upkeep
|turn|3
|
|t:|1782330709
|switch|p1a: Farigiraf|Farigiraf, L50, F, shiny|100/100
|move|p2a: Sinistcha|Protect|p2a: Sinistcha
|-singleturn|p2a: Sinistcha|Protect
|move|p1b: Pelipper|Hurricane|p2a: Sinistcha
|-activate|p2a: Sinistcha|move: Protect
|move|p2b: Kingambit|Kowtow Cleave|p1b: Pelipper
|-damage|p1b: Pelipper|0 fnt
|faint|p1b: Pelipper
|
|-weather|RainDance|[upkeep]
|upkeep
|
|t:|1782330718
|switch|p1b: Mawile|Mawile-Mega, L50, F, shiny|84/100
|turn|4
|
|t:|1782330739
|move|p1a: Farigiraf|Helping Hand|p1b: Mawile
|-singleturn|p1b: Mawile|Helping Hand|[of] p1a: Farigiraf
|move|p2a: Sinistcha|Rage Powder|p2a: Sinistcha
|-singleturn|p2a: Sinistcha|move: Rage Powder
|move|p1b: Mawile|Play Rough|p2a: Sinistcha|[miss]
|-miss|p1b: Mawile|p2a: Sinistcha
|move|p2b: Kingambit|Swords Dance|p2b: Kingambit
|-boost|p2b: Kingambit|atk|2
|
|-weather|RainDance|[upkeep]
|upkeep
|turn|5
|
|t:|1782330755
|move|p2a: Sinistcha|Rage Powder|p2a: Sinistcha
|-singleturn|p2a: Sinistcha|move: Rage Powder
|move|p1b: Mawile|Play Rough|p2a: Sinistcha
|-damage|p2a: Sinistcha|31/100
|move|p2b: Kingambit|Kowtow Cleave|p1a: Farigiraf
|-supereffective|p1a: Farigiraf|1
|-damage|p1a: Farigiraf|0 fnt
|faint|p1a: Farigiraf
|
|-weather|none
|-sideend|p1: eviovulpix|move: Tailwind
|upkeep
|
|t:|1782330760
|switch|p1a: Archaludon|Archaludon, L50, M, shiny|100/100
|turn|6
|
|t:|1782330782
|move|p2a: Sinistcha|Rage Powder|p2a: Sinistcha
|-singleturn|p2a: Sinistcha|move: Rage Powder
|move|p1a: Archaludon|Dragon Pulse|p2a: Sinistcha
|-damage|p2a: Sinistcha|0 fnt
|faint|p2a: Sinistcha
|move|p1b: Mawile|Play Rough|p2b: Kingambit
|-damage|p2b: Kingambit|6/100
|move|p2b: Kingambit|Kowtow Cleave|p1b: Mawile
|-resisted|p1b: Mawile|1
|-crit|p1b: Mawile
|-damage|p1b: Mawile|6/100
|
|upkeep
|
|t:|1782330796
|switch|p2a: Floette|Floette-Eternal, L50, F|100/100
|turn|7
|
|t:|1782330803
|detailschange|p2a: Floette|Floette-Mega, L50, F
|-mega|p2a: Floette|Floette|Floettite
|-ability|p2a: Floette|Fairy Aura
|move|p1b: Mawile|Protect|p1b: Mawile
|-singleturn|p1b: Mawile|Protect
|move|p2b: Kingambit|Sucker Punch|p1a: Archaludon
|-damage|p1a: Archaludon|35/100
|-ability|p1a: Archaludon|Stamina|boost
|-boost|p1a: Archaludon|def|1
|move|p2a: Floette|Dazzling Gleam|p1a: Archaludon|[spread] p1a
|-activate|p1b: Mawile|move: Protect
|-damage|p1a: Archaludon|0 fnt
|faint|p1a: Archaludon
|
|upkeep
|turn|8
|
|t:|1782330812
|move|p2a: Floette|Dazzling Gleam|p1b: Mawile
|-resisted|p1b: Mawile|1
|-damage|p1b: Mawile|0 fnt
|faint|p1b: Mawile
|
|win|Jay is decent
||Jay is decent is ready for game 2.
|inactive|eviovulpix has 30 seconds to confirm battle start!
||eviovulpix is ready for game 2.
|uhtml|next|Next: Game 2 of 3
