|j|☆washingtongargacha
|j|☆red john7777
|html|washingtongargachared john7777    
|uhtml|bestof|Game 2 of a best-of-3
|t:|1756982231
|gametype|doubles
|player|p1|washingtongargacha|2|1160
|player|p2|red john7777|ghetsis-gen5bw|1000
|gen|9
|tier|[Gen 9] VGC 2025 Reg H (Bo3)
|rated|
|rule|Species Clause: Limit one of each Pokémon
|rule|Item Clause: Limit 1 of each item
|clearpoke
|poke|p1|Talonflame, L50, M|
|poke|p1|Gholdengo, L50|
|poke|p1|Dragonite, L50, M|
|poke|p1|Archaludon, L50, F|
|poke|p1|Tyranitar, L50, M|
|poke|p1|Garchomp, L50, M|
|poke|p2|Incineroar, L50, F|
|poke|p2|Sylveon, L50, M|
|poke|p2|Honchkrow, L50, M|
|poke|p2|Dragonite, L50, F|
|poke|p2|Electabuzz, L50, M|
|poke|p2|Ursaluna-Bloodmoon, L50, M|
|teampreview|4
|showteam|p1|Talonflame||CovertCloak|GaleWings|Tailwind,BraveBird,Taunt,WillOWisp|||M|||50|,,,,,Ghost]Gholdengo||ChoiceSpecs|GoodasGold|MakeItRain,SteelBeam,ShadowBall,PowerGem||||||50|,,,,,Steel]Dragonite||LoadedDice|Multiscale|ScaleShot,IceSpinner,Haze,Protect|||M|||50|,,,,,Steel]Archaludon||PowerHerb|Sturdy|FlashCannon,ElectroShot,DracoMeteor,Protect|||F|||50|,,,,,Flying]Tyranitar||AssaultVest|SandStream|KnockOff,RockSlide,TeraBlast,LowKick|||M|||50|,,,,,Flying]Garchomp||LifeOrb|RoughSkin|DragonClaw,StompingTantrum,Earthquake,Protect|||M|||50|,,,,,Steel
|showteam|p2|Incineroar||SitrusBerry|Intimidate|FakeOut,Protect,PartingShot,FlareBlitz|||F|||50|,,,,,Ghost]Sylveon||WiseGlasses|Pixilate|HyperVoice,Protect,HelpingHand,Yawn|||M|||50|,,,,,Fairy]Honchkrow||FocusSash|SuperLuck|Tailwind,NightSlash,Protect,Haze|||M|||50|,,,,,Flying]Dragonite||AssaultVest|Multiscale|DragonClaw,BodySlam,ThunderPunch,ScaleShot|||F|||50|,,,,,Stellar]Electabuzz||Eviolite|VitalSpirit|FollowMe,Taunt,Protect,HelpingHand|||M|||50|,,,,,Electric]Ursaluna-Bloodmoon||LifeOrb|MindsEye|BloodMoon,Protect,HyperVoice,EarthPower|||M|||50|,,,,,Ghost
|inactive|Battle timer is ON: inactive players will automatically lose when time's up. (requested by red john7777)
|inactive|washingtongargacha has 60 seconds left.
|
|t:|1756982274
|teamsize|p1|4
|teamsize|p2|4
|start
|switch|p1a: Talonflame|Talonflame, L50, M|100/100
|switch|p1b: Gholdengo|Gholdengo, L50|100/100
|switch|p2a: Ursaluna|Ursaluna-Bloodmoon, L50, M|100/100
|switch|p2b: Honchkrow|Honchkrow, L50, M|100/100
|turn|1
|inactive|washingtongargacha has 30 seconds left.
|
|t:|1756982304
|switch|p2b: Incineroar|Incineroar, L50, F|100/100
|-ability|p2b: Incineroar|Intimidate|boost
|-unboost|p1a: Talonflame|atk|1
|-unboost|p1b: Gholdengo|atk|1
|move|p1a: Talonflame|Brave Bird|p2a: Ursaluna
|-damage|p2a: Ursaluna|81/100
|-damage|p1a: Talonflame|94/100|[from] Recoil
|move|p1b: Gholdengo|Make It Rain|p2a: Ursaluna|[spread] p2a,p2b
|-resisted|p2b: Incineroar
|-damage|p2a: Ursaluna|0 fnt
|-damage|p2b: Incineroar|73/100
|-unboost|p1b: Gholdengo|spa|1
|faint|p2a: Ursaluna
|
|upkeep
|
|t:|1756982319
|switch|p2a: Sylveon|Sylveon, L50, M|100/100
|turn|2
|
|t:|1756982327
|-terastallize|p1b: Gholdengo|Steel
|-terastallize|p2a: Sylveon|Fairy
|move|p2b: Incineroar|Fake Out|p1b: Gholdengo
|-resisted|p1b: Gholdengo
|-damage|p1b: Gholdengo|94/100
|move|p1a: Talonflame|Tailwind|p1a: Talonflame
|-sidestart|p1: washingtongargacha|move: Tailwind
|cant|p1b: Gholdengo|flinch
|move|p2a: Sylveon|Hyper Voice|p1b: Gholdengo|[spread] p1a,p1b
|-resisted|p1a: Talonflame
|-resisted|p1b: Gholdengo
|-damage|p1a: Talonflame|59/100
|-damage|p1b: Gholdengo|62/100
|
|upkeep
|turn|3
|inactive|washingtongargacha has 30 seconds left.
|
|t:|1756982353
|move|p2a: Sylveon|Protect|p2a: Sylveon
|-singleturn|p2a: Sylveon|Protect
|move|p1a: Talonflame|Brave Bird|p2b: Incineroar
|-damage|p2b: Incineroar|50/100
|-enditem|p2b: Incineroar|Sitrus Berry|[eat]
|-heal|p2b: Incineroar|75/100|[from] item: Sitrus Berry
|-damage|p1a: Talonflame|51/100|[from] Recoil
|move|p1b: Gholdengo|Make It Rain|p2b: Incineroar|[spread] p2b
|-activate|p2a: Sylveon|move: Protect
|-resisted|p2b: Incineroar
|-damage|p2b: Incineroar|49/100
|-unboost|p1b: Gholdengo|spa|1
|move|p2b: Incineroar|Flare Blitz|p1b: Gholdengo
|-supereffective|p1b: Gholdengo
|-damage|p1b: Gholdengo|0 fnt
|faint|p1b: Gholdengo
|-damage|p2b: Incineroar|30/100|[from] Recoil
|
|upkeep
|
|t:|1756982371
|switch|p1b: Garchomp|Garchomp, L50, M|100/100
|turn|4
|
|t:|1756982383
|move|p1a: Talonflame|Brave Bird|p2a: Sylveon
|-damage|p2a: Sylveon|75/100
|-damage|p1a: Talonflame|43/100|[from] Recoil
|move|p1b: Garchomp|Earthquake|p2b: Incineroar|[spread] p2a,p2b
|-immune|p1a: Talonflame
|-supereffective|p2b: Incineroar
|-damage|p2a: Sylveon|13/100
|-damage|p2b: Incineroar|0 fnt
|faint|p2b: Incineroar
|-damage|p1b: Garchomp|91/100|[from] item: Life Orb
|move|p2a: Sylveon|Hyper Voice|p1b: Garchomp|[spread] p1a,p1b
|-resisted|p1a: Talonflame
|-supereffective|p1b: Garchomp
|-damage|p1a: Talonflame|8/100
|-damage|p1b: Garchomp|0 fnt
|faint|p1b: Garchomp
|
|upkeep
|
|t:|1756982398
|switch|p1b: Archaludon|Archaludon, L50, F|100/100
|switch|p2b: Honchkrow|Honchkrow, L50, M|100/100
|turn|5
|
|t:|1756982422
|move|p2a: Sylveon|Protect|p2a: Sylveon
|-singleturn|p2a: Sylveon|Protect
|move|p1a: Talonflame|Brave Bird|p2a: Sylveon
|-activate|p2a: Sylveon|move: Protect
|move|p1b: Archaludon|Electro Shot||[still]
|-prepare|p1b: Archaludon|Electro Shot
|-boost|p1b: Archaludon|spa|1
|-enditem|p1b: Archaludon|Power Herb
|-anim|p1b: Archaludon|Electro Shot|p2b: Honchkrow
|-supereffective|p2b: Honchkrow
|-enditem|p2b: Honchkrow|Focus Sash
|-damage|p2b: Honchkrow|1/100
|move|p2b: Honchkrow|Night Slash|p1a: Talonflame
|-damage|p1a: Talonflame|0 fnt
|faint|p1a: Talonflame
|
|-sideend|p1: washingtongargacha|move: Tailwind
|upkeep
|turn|6
|
|t:|1756982442
|move|p2b: Honchkrow|Protect|p2b: Honchkrow
|-singleturn|p2b: Honchkrow|Protect
|move|p1b: Archaludon|Flash Cannon|p2a: Sylveon
|-supereffective|p2a: Sylveon
|-damage|p2a: Sylveon|0 fnt
|faint|p2a: Sylveon
|
|upkeep
|turn|7
|-message|red john7777 forfeited.
|
|win|washingtongargacha
|raw|washingtongargacha's rating: 1160 → 1174(+14 for winning)
|raw|red john7777's rating: 1000 → 1000(+0 for losing)
