|j|☆Maffles
|j|☆randomsnore_gam
|html|Mafflesrandomsnore_gam    
|uhtml|bestof|Game 1 of a best-of-3
|t:|1783515561
|gametype|doubles
|player|p1|Maffles|265|1217
|player|p2|randomsnore_gam|chili|1209
|gen|9
|tier|[Gen 9 Champions] VGC 2026 Reg M-B (Bo3)
|rated|
|rule|Species Clause: Limit one of each Pokémon
|rule|Item Clause: Limit 1 of each item
|clearpoke
|poke|p1|Gengar, L50, F|
|poke|p1|Kingambit, L50, F|
|poke|p1|Ninetales-Alola, L50, M|
|poke|p1|Toxapex, L50, F|
|poke|p1|Basculegion, L50, M|
|poke|p1|Lopunny, L50, M|
|poke|p2|Chandelure, L50, M, shiny|
|poke|p2|Raichu, L50, F, shiny|
|poke|p2|Whimsicott, L50, F|
|poke|p2|Garchomp, L50, M|
|poke|p2|Corviknight, L50, M|
|poke|p2|Palafin, L50, F|
|teampreview|4
|showteam|p1|Gengar||Gengarite|CursedBody|SludgeBomb,Disable,PerishSong,Protect|Timid||F|||50|]Kingambit||ChopleBerry|Defiant|KowtowCleave,SuckerPunch,SwordsDance,Protect|Brave||F|||50|]Ninetales-Alola||FocusSash|SnowWarning|Blizzard,Moonblast,Encore,Protect|Timid||M|||50|]Toxapex||Leftovers|Regenerator|Infestation,Toxic,WideGuard,BanefulBunker|Sassy||F|||50|]Basculegion||SitrusBerry|Adaptability|LastRespects,FlipTurn,Soak,Protect|Sassy||M|||50|]Lopunny||Lopunnite|CuteCharm|CloseCombat,FakeOut,Encore,Protect|Jolly||M|||50|
|showteam|p2|Chandelure||Chandelurite|FlameBody|HeatWave,EnergyBall,ShadowBall,Protect|Modest||M|||50|]Raichu||RaichuniteX|LightningRod|DrainPunch,PlayRough,VoltTackle,Protect|Adamant||F|||50|]Whimsicott||FocusSash|Prankster|Moonblast,Tailwind,Encore,Protect|Timid||F|||50|]Garchomp||LifeOrb|RoughSkin|StompingTantrum,DragonClaw,RockSlide,Protect|Adamant||M|||50|]Corviknight||Leftovers|MirrorArmor|BodyPress,IronHead,Roost,IronDefense|Careful||M|||50|]Palafin||MysticWater|ZerotoHero|IcePunch,CloseCombat,WaveCrash,Protect|Adamant||F|||50|
|inactive|Battle timer is ON: inactive players will automatically lose when time's up. (requested by randomsnore_gam)
|inactive|randomsnore_gam has 60 seconds left.
|
|t:|1783515601
|teamsize|p1|4
|teamsize|p2|4
|start
|switch|p1a: Kingambit|Kingambit, L50, F|100/100
|switch|p1b: Lopunny|Lopunny, L50, M|100/100
|switch|p2a: HUFFLEPUFF!|Whimsicott, L50, F|100/100
|switch|p2b: Woah...|Chandelure, L50, M, shiny|100/100
|turn|1
|
|t:|1783515614
|detailschange|p1b: Lopunny|Lopunny-Mega, L50, M
|-mega|p1b: Lopunny|Lopunny|Lopunnite
|detailschange|p2b: Woah...|Chandelure-Mega, L50, M, shiny
|-mega|p2b: Woah...|Chandelure|Chandelurite
|move|p1b: Lopunny|Fake Out|p2b: Woah...
|-damage|p2b: Woah...|78/100
|move|p2a: HUFFLEPUFF!|Tailwind|p2a: HUFFLEPUFF!
|-sidestart|p2: randomsnore_gam|move: Tailwind
|cant|p2b: Woah...|flinch
|move|p1a: Kingambit|Kowtow Cleave|p2b: Woah...
|-supereffective|p2b: Woah...|1
|-damage|p2b: Woah...|0 fnt
|faint|p2b: Woah...
|
|upkeep
|
|t:|1783515636
|switch|p2b: Birb|Corviknight, L50, M|100/100
|turn|2
|
|t:|1783515642
|switch|p1b: Ninetales|Ninetales-Alola, L50, M|100/100
|-weather|Snowscape|[from] ability: Snow Warning|[of] p1b: Ninetales
|move|p2a: HUFFLEPUFF!|Encore||[still]
|-fail|p2a: HUFFLEPUFF!
|move|p2b: Birb|Iron Defense|p2b: Birb
|-boost|p2b: Birb|def|2
|move|p1a: Kingambit|Swords Dance|p1a: Kingambit
|-boost|p1a: Kingambit|atk|2
|
|-weather|Snowscape|[upkeep]
|upkeep
|turn|3
|
|t:|1783515654
|move|p2a: HUFFLEPUFF!|Moonblast|p1b: Ninetales
|-damage|p1b: Ninetales|63/100
|move|p1b: Ninetales|Encore|p2b: Birb
|-start|p2b: Birb|Encore
|move|p2b: Birb|Iron Defense|p2b: Birb
|-boost|p2b: Birb|def|2
|move|p1a: Kingambit|Kowtow Cleave|p2b: Birb
|-damage|p2b: Birb|75/100
|
|-weather|Snowscape|[upkeep]
|-heal|p2b: Birb|81/100|[from] item: Leftovers
|upkeep
|turn|4
|
|t:|1783515667
|move|p2a: HUFFLEPUFF!|Protect|p2a: HUFFLEPUFF!
|-singleturn|p2a: HUFFLEPUFF!|Protect
|move|p1b: Ninetales|Blizzard|p2b: Birb|[spread] p2b
|-activate|p2a: HUFFLEPUFF!|move: Protect
|-damage|p2b: Birb|55/100
|move|p2b: Birb|Iron Defense|p2b: Birb
|-boost|p2b: Birb|def|2
|move|p1a: Kingambit|Kowtow Cleave|p2a: HUFFLEPUFF!
|-activate|p2a: HUFFLEPUFF!|move: Protect
|
|-weather|Snowscape|[upkeep]
|-heal|p2b: Birb|61/100|[from] item: Leftovers
|-sideend|p2: randomsnore_gam|move: Tailwind
|upkeep
|turn|5
|
|t:|1783515672
|move|p2a: HUFFLEPUFF!|Tailwind|p2a: HUFFLEPUFF!
|-sidestart|p2: randomsnore_gam|move: Tailwind
|move|p1b: Ninetales|Blizzard|p2a: HUFFLEPUFF!|[spread] p2a,p2b
|-supereffective|p2a: HUFFLEPUFF!|1
|-damage|p2a: HUFFLEPUFF!|10/100
|-damage|p2b: Birb|37/100
|move|p2b: Birb|Iron Defense|p2b: Birb
|-boost|p2b: Birb|def|0
|move|p1a: Kingambit|Kowtow Cleave|p2a: HUFFLEPUFF!
|-resisted|p2a: HUFFLEPUFF!|1
|-damage|p2a: HUFFLEPUFF!|0 fnt
|faint|p2a: HUFFLEPUFF!
|
|-weather|Snowscape|[upkeep]
|-heal|p2b: Birb|43/100|[from] item: Leftovers
|-end|p2b: Birb|Encore
|upkeep
|
|t:|1783515676
|switch|p2a: CHOMP CHOMP!|Garchomp, L50, M|100/100
|turn|6
|
|t:|1783515691
|switch|p1b: Basculegion|Basculegion, L50, M|100/100
|move|p1a: Kingambit|Protect|p1a: Kingambit
|-singleturn|p1a: Kingambit|Protect
|move|p2a: CHOMP CHOMP!|Rock Slide|p1a: Kingambit|[spread] p1b
|-activate|p1a: Kingambit|move: Protect
|-damage|p1b: Basculegion|73/100
|-damage|p2a: CHOMP CHOMP!|90/100|[from] item: Life Orb
|move|p2b: Birb|Body Press|p1a: Kingambit
|-activate|p1a: Kingambit|move: Protect
|
|-weather|none
|-heal|p2b: Birb|49/100|[from] item: Leftovers
|upkeep
|turn|7
|inactive|Maffles has 30 seconds left.
|
|t:|1783515720
|move|p1a: Kingambit|Sucker Punch|p2b: Birb
|-damage|p2b: Birb|33/100
|move|p2a: CHOMP CHOMP!|Dragon Claw|p1b: Basculegion
|-damage|p1b: Basculegion|14/100
|-enditem|p1b: Basculegion|Sitrus Berry|[eat]
|-heal|p1b: Basculegion|39/100|[from] item: Sitrus Berry
|-damage|p2a: CHOMP CHOMP!|80/100|[from] item: Life Orb
|move|p2b: Birb|Body Press|p1a: Kingambit
|-supereffective|p1a: Kingambit|2
|-enditem|p1a: Kingambit|Chople Berry|[eat]
|-enditem|p1a: Kingambit|Chople Berry|[weaken]
|-damage|p1a: Kingambit|0 fnt
|faint|p1a: Kingambit
|move|p1b: Basculegion|Last Respects|p2b: Birb
|-damage|p2b: Birb|22/100
|
|-heal|p2b: Birb|28/100|[from] item: Leftovers
|upkeep
|
|t:|1783515731
|switch|p1a: Lopunny|Lopunny-Mega, L50, M|100/100
|turn|8
|
|t:|1783515744
|move|p1a: Lopunny|Fake Out|p2b: Birb
|-resisted|p2b: Birb|1
|-damage|p2b: Birb|26/100
|move|p2a: CHOMP CHOMP!|Stomping Tantrum|p1a: Lopunny
|-damage|p1a: Lopunny|23/100
|-damage|p2a: CHOMP CHOMP!|70/100|[from] item: Life Orb
|cant|p2b: Birb|flinch
|move|p1b: Basculegion|Last Respects|p2b: Birb
|-damage|p2b: Birb|15/100
|
|-heal|p2b: Birb|21/100|[from] item: Leftovers
|-sideend|p2: randomsnore_gam|move: Tailwind
|upkeep
|turn|9
|
|t:|1783515758
|move|p1a: Lopunny|Encore|p2b: Birb
|-start|p2b: Birb|Encore
|move|p2a: CHOMP CHOMP!|Stomping Tantrum|p1b: Basculegion
|-damage|p1b: Basculegion|0 fnt
|faint|p1b: Basculegion
|-damage|p2a: CHOMP CHOMP!|61/100|[from] item: Life Orb
|move|p2b: Birb|Body Press|p1a: Lopunny
|-supereffective|p1a: Lopunny|1
|-damage|p1a: Lopunny|0 fnt
|faint|p1a: Lopunny
|
|-heal|p2b: Birb|27/100|[from] item: Leftovers
|upkeep
|
|t:|1783515764
|switch|p1b: Ninetales|Ninetales-Alola, L50, M|63/100
|-weather|Snowscape|[from] ability: Snow Warning|[of] p1b: Ninetales
|turn|10
|
|t:|1783515774
|move|p1b: Ninetales|Blizzard|p2b: Birb|[spread] p2a,p2b
|-supereffective|p2a: CHOMP CHOMP!|2
|-damage|p2a: CHOMP CHOMP!|0 fnt
|-damage|p2b: Birb|3/100
|faint|p2a: CHOMP CHOMP!
|move|p2b: Birb|Body Press|p1b: Ninetales
|-damage|p1b: Ninetales|0 fnt
|faint|p1b: Ninetales
|
|win|randomsnore_gam
||randomsnore_gam is ready for game 2.
|l|☆Maffles
|player|p1|
||Maffles is ready for game 2.
|uhtml|next|Next: Game 2 of 3
