|j|☆JayTodd13
|j|☆exessvgc
|html|JayTodd13exessvgc    
|uhtml|bestof|Game 1 of a best-of-3
|t:|1782249310
|gametype|doubles
|player|p1|JayTodd13|266|1101
|player|p2|exessvgc|265|1165
|gen|9
|tier|[Gen 9 Champions] VGC 2026 Reg M-B (Bo3)
|rated|
|rule|Species Clause: Limit one of each Pokémon
|rule|Item Clause: Limit 1 of each item
|clearpoke
|poke|p1|Ninetales, L50, F, shiny|
|poke|p1|Pyroar, L50, M|
|poke|p1|Whimsicott, L50, F|
|poke|p1|Farigiraf, L50, M|
|poke|p1|Floette-Eternal, L50, F|
|poke|p1|Basculegion, L50, M|
|poke|p2|Sceptile, L50, M|
|poke|p2|Rotom-Heat, L50|
|poke|p2|Basculegion, L50, M|
|poke|p2|Aerodactyl, L50, M|
|poke|p2|Garchomp, L50, M|
|poke|p2|Floette-Eternal, L50, F|
|teampreview|4
|showteam|p1|Ninetales||ChoiceScarf|Drought|HeatWave,FakeTears,SolarBeam,Overheat|Modest||F|||50|]Pyroar||Pyroarite|Unnerve|HeatWave,Overheat,SolarBeam,Protect|Timid||M|||50|]Whimsicott||FocusSash|Prankster|Tailwind,SunnyDay,Moonblast,Protect|Timid||F|||50|]Farigiraf||SitrusBerry|ArmorTail|TrickRoom,Imprison,TwinBeam,Thunderbolt|Quiet||M|||50|]Floette-Eternal||Floettite|FlowerVeil|Protect,DazzlingGleam,LightofRuin,Moonblast|Timid||F|||50|]Basculegion||LifeOrb|Adaptability|WaveCrash,LastRespects,AquaJet,Protect|Jolly||M|||50|
|showteam|p2|Sceptile||Sceptilite|Overgrow|GrassKnot,DragonPulse,EarthPower,Detect|Modest||M|||50|]Rotom-Heat||ChoiceScarf|Levitate|Thunderbolt,Overheat,VoltSwitch,Discharge|Timid|||||50|]Basculegion||SitrusBerry|Adaptability|WaveCrash,LastRespects,AquaJet,Protect|Adamant||M|||50|]Aerodactyl||FocusSash|Unnerve|RockSlide,DualWingbeat,Tailwind,WideGuard|Jolly||M|||50|]Garchomp||LifeOrb|RoughSkin|DragonClaw,Earthquake,RockSlide,Protect|Jolly||M|||50|]Floette-Eternal||Floettite|FlowerVeil|Moonblast,DazzlingGleam,LightofRuin,Protect|Timid||F|||50|
|
|t:|1782249395
|teamsize|p1|4
|teamsize|p2|4
|start
|switch|p1a: Whimsicott|Whimsicott, L50, F|100/100
|switch|p1b: Floette|Floette-Eternal, L50, F|100/100
|switch|p2a: Aerodactyl|Aerodactyl, L50, M|100/100
|switch|p2b: Basculegion|Basculegion, L50, M|100/100
|-ability|p2a: Aerodactyl|Unnerve
|turn|1
|
|t:|1782249420
|detailschange|p1b: Floette|Floette-Mega, L50, F
|-mega|p1b: Floette|Floette|Floettite
|-ability|p1b: Floette|Fairy Aura
|move|p1a: Whimsicott|Tailwind|p1a: Whimsicott
|-sidestart|p1: JayTodd13|move: Tailwind
|move|p1b: Floette|Moonblast|p2a: Aerodactyl
|-enditem|p2a: Aerodactyl|Focus Sash
|-damage|p2a: Aerodactyl|1/100
|move|p2a: Aerodactyl|Tailwind|p2a: Aerodactyl
|-sidestart|p2: exessvgc|move: Tailwind
|move|p2b: Basculegion|Wave Crash|p1b: Floette
|-damage|p1b: Floette|3/100
|-damage|p2b: Basculegion|75/100|[from] Recoil
|
|upkeep
|turn|2
|
|t:|1782249470
|move|p1a: Whimsicott|Protect|p1a: Whimsicott
|-singleturn|p1a: Whimsicott|Protect
|move|p2a: Aerodactyl|Rock Slide|p1a: Whimsicott|[spread] p1b
|-activate|p1a: Whimsicott|move: Protect
|-damage|p1b: Floette|0 fnt
|faint|p1b: Floette
|move|p2b: Basculegion|Last Respects|p1a: Whimsicott
|-activate|p1a: Whimsicott|move: Protect
|
|upkeep
|
|t:|1782249473
|switch|p1b: Basculegion|Basculegion, L50, M|100/100
|turn|3
|
|t:|1782249498
|move|p2a: Aerodactyl|Dual Wingbeat|p1a: Whimsicott
|-supereffective|p1a: Whimsicott|1
|-damage|p1a: Whimsicott|46/100
|-supereffective|p1a: Whimsicott|1
|-damage|p1a: Whimsicott|0 fnt
|faint|p1a: Whimsicott
|-hitcount|p1: Whimsicott|2
|move|p1b: Basculegion|Last Respects|p2b: Basculegion
|-supereffective|p2b: Basculegion|1
|-damage|p2b: Basculegion|0 fnt
|faint|p2b: Basculegion
|-damage|p1b: Basculegion|90/100|[from] item: Life Orb
|
|upkeep
|
|t:|1782249509
|switch|p1a: Ninetales|Ninetales, L50, F, shiny|100/100
|switch|p2b: Sceptile|Sceptile, L50, M|100/100
|-weather|SunnyDay|[from] ability: Drought|[of] p1a: Ninetales
|turn|4
|
|t:|1782249539
|detailschange|p2b: Sceptile|Sceptile-Mega, L50, M
|-mega|p2b: Sceptile|Sceptile|Sceptilite
|move|p2b: Sceptile|Detect|p2b: Sceptile
|-singleturn|p2b: Sceptile|Protect
|move|p1a: Ninetales|Overheat|p2b: Sceptile
|-activate|p2b: Sceptile|move: Protect
|move|p2a: Aerodactyl|Rock Slide|p1a: Ninetales|[spread] p1a,p1b
|-supereffective|p1a: Ninetales|1
|-damage|p1a: Ninetales|22/100
|-damage|p1b: Basculegion|62/100
|move|p1b: Basculegion|Last Respects|p2b: Sceptile
|-activate|p2b: Sceptile|move: Protect
|
|-weather|SunnyDay|[upkeep]
|-sideend|p2: exessvgc|move: Tailwind
|-sideend|p1: JayTodd13|move: Tailwind
|upkeep
|turn|5
|
|t:|1782249560
|switch|p2b: Rotom|Rotom-Heat, L50|100/100
|move|p1a: Ninetales|Overheat|p2a: Aerodactyl
|-resisted|p2a: Aerodactyl|1
|-damage|p2a: Aerodactyl|0 fnt
|-unboost|p1a: Ninetales|spa|2
|faint|p2a: Aerodactyl
|move|p1b: Basculegion|Last Respects|p2b: Rotom
|-damage|p2b: Rotom|0 fnt
|faint|p2b: Rotom
|-damage|p1b: Basculegion|52/100|[from] item: Life Orb
|
|-weather|SunnyDay|[upkeep]
|upkeep
|
|t:|1782249569
|switch|p2a: Sceptile|Sceptile-Mega, L50, M|100/100
|turn|6
|
|t:|1782249584
|move|p2a: Sceptile|Detect|p2a: Sceptile
|-singleturn|p2a: Sceptile|Protect
|move|p1b: Basculegion|Aqua Jet|p2a: Sceptile
|-activate|p2a: Sceptile|move: Protect
|move|p1a: Ninetales|Overheat|p2a: Sceptile
|-activate|p2a: Sceptile|move: Protect
|
|-weather|SunnyDay|[upkeep]
|upkeep
|turn|7
|
|t:|1782249605
|move|p1a: Ninetales|Overheat|p2a: Sceptile
|-damage|p2a: Sceptile|42/100
|-unboost|p1a: Ninetales|spa|2
|move|p2a: Sceptile|Grass Knot|p1b: Basculegion
|-supereffective|p1b: Basculegion|1
|-damage|p1b: Basculegion|0 fnt
|faint|p1b: Basculegion
|
|-weather|SunnyDay|[upkeep]
|upkeep
|turn|8
|
|t:|1782249612
|move|p2a: Sceptile|Detect|p2a: Sceptile
|-singleturn|p2a: Sceptile|Protect
|move|p1a: Ninetales|Overheat|p2a: Sceptile
|-activate|p2a: Sceptile|move: Protect
|
|-weather|none
|upkeep
|turn|9
|
|t:|1782249615
|move|p1a: Ninetales|Overheat|p2a: Sceptile
|-damage|p2a: Sceptile|19/100
|-unboost|p1a: Ninetales|spa|2
|move|p2a: Sceptile|Earth Power|p1a: Ninetales
|-supereffective|p1a: Ninetales|1
|-damage|p1a: Ninetales|0 fnt
|faint|p1a: Ninetales
|
|win|exessvgc
|j| mvfcg64
||JayTodd13 is ready for game 2.
||exessvgc is ready for game 2.
|uhtml|next|Next: Game 2 of 3
|l| mvfcg64
|l|☆JayTodd13
|player|p1|
