|j|☆MidoMidori
|j|☆A Regu1ar Guy
|html|MidoMidoriA Regu1ar Guy    
|uhtml|bestof|Game 2 of a best-of-3
|t:|1756645019
|gametype|doubles
|player|p1|MidoMidori|roxanne-gen6|1236
|player|p2|A Regu1ar Guy|elesa|1455
|gen|9
|tier|[Gen 9] VGC 2025 Reg H (Bo3)
|rated|
|rule|Species Clause: Limit one of each Pokémon
|rule|Item Clause: Limit 1 of each item
|clearpoke
|poke|p1|Sneasler, L50, F|
|poke|p1|Indeedee, L50, M|
|poke|p1|Volcarona, L50, M|
|poke|p1|Ursaluna-Bloodmoon, L50, M|
|poke|p1|Annihilape, L50, F|
|poke|p1|Tyranitar, L50, M|
|poke|p2|Volcarona, L50, M|
|poke|p2|Rillaboom, L50, F|
|poke|p2|Electabuzz, L50, M|
|poke|p2|Tauros-Paldea-Aqua, L50, M|
|poke|p2|Dragonite, L50, M|
|poke|p2|Ninetales-Alola, L50, F|
|teampreview|4
|showteam|p1|Sneasler||PsychicSeed|Unburden|CloseCombat,DireClaw,ThroatChop,Protect|||F|||50|,,,,,Dark]Indeedee||FocusSash|PsychicSurge|ExpandingForce,TeraBlast,TrickRoom,Protect|||M|||50|,,,,,Fighting]Volcarona||SitrusBerry|FlameBody|Overheat,StruggleBug,RagePowder,Tailwind|||M|||50|,,,,,Grass]Ursaluna-Bloodmoon||LifeOrb|MindsEye|BloodMoon,HyperVoice,EarthPower,Protect|||M|||50|,,,,,Normal]Annihilape||SafetyGoggles|Defiant|CloseCombat,RageFist,Taunt,FinalGambit|||F|||50|,,,,,Fairy]Tyranitar||AssaultVest|SandStream|RockSlide,KnockOff,TeraBlast,LowKick|||M|||50|,,,,,Flying
|showteam|p2|Volcarona||GrassySeed|FlameBody|HeatWave,GigaDrain,QuiverDance,Protect|||M|||50|,,,,,Grass]Rillaboom||AssaultVest|GrassySurge|FakeOut,WoodHammer,GrassyGlide,HighHorsepower|||F|||50|,,,,,Fire]Electabuzz||Eviolite|VitalSpirit|Thunderbolt,FollowMe,Taunt,Protect|||M|||50|,,,,,Ghost]Tauros-Paldea-Aqua||MirrorHerb|Intimidate|WaveCrash,AquaJet,CloseCombat,Protect|||M|||50|,,,,,Water]Dragonite||LoadedDice|Multiscale|ScaleShot,ExtremeSpeed,Haze,Protect|||M|||50|,,,,,Fairy]Ninetales-Alola||FocusSash|SnowWarning|Blizzard,IcyWind,Mist,AuroraVeil|||F|||50|,,,,,Ghost
|
|t:|1756645041
|teamsize|p1|4
|teamsize|p2|4
|start
|switch|p1a: Indeedee|Indeedee, L50, M|100/100
|switch|p1b: Sneasler|Sneasler, L50, F|100/100
|switch|p2a: Volcarona|Volcarona, L50, M, shiny|100/100
|switch|p2b: Tauros|Tauros-Paldea-Aqua, L50, M|100/100
|-ability|p2b: Tauros|Intimidate|boost
|-unboost|p1a: Indeedee|atk|1
|-unboost|p1b: Sneasler|atk|1
|-fieldstart|move: Psychic Terrain|[from] ability: Psychic Surge|[of] p1a: Indeedee
|-enditem|p1b: Sneasler|Psychic Seed
|-boost|p1b: Sneasler|spd|1|[from] item: Psychic Seed
|-enditem|p2b: Tauros|Mirror Herb
|-boost|p2b: Tauros|spd|1|[from] item: Mirror Herb
|turn|1
|j| Arkhept
|
|t:|1756645058
|-terastallize|p2b: Tauros|Water
|move|p1b: Sneasler|Dire Claw|p2b: Tauros
|-damage|p2b: Tauros|66/100
|-status|p2b: Tauros|psn
|move|p2b: Tauros|Wave Crash|p1b: Sneasler
|-damage|p1b: Sneasler|0 fnt
|faint|p1b: Sneasler
|-damage|p2b: Tauros|34/100 psn|[from] Recoil
|move|p1a: Indeedee|Expanding Force|p2b: Tauros|[spread] p2a,p2b
|-damage|p2a: Volcarona|52/100
|-damage|p2b: Tauros|0 fnt
|faint|p2b: Tauros
|move|p2a: Volcarona|Quiver Dance|p2a: Volcarona
|-boost|p2a: Volcarona|spa|1
|-boost|p2a: Volcarona|spd|1
|-boost|p2a: Volcarona|spe|1
|
|upkeep
|
|t:|1756645072
|switch|p1b: Tyranitar|Tyranitar, L50, M|100/100
|switch|p2b: Rillaboom|Rillaboom, L50, F|100/100
|-fieldstart|move: Grassy Terrain|[from] ability: Grassy Surge|[of] p2b: Rillaboom
|-enditem|p2a: Volcarona|Grassy Seed
|-boost|p2a: Volcarona|def|1|[from] item: Grassy Seed
|-weather|Sandstorm|[from] ability: Sand Stream|[of] p1b: Tyranitar
|turn|2
|
|t:|1756645082
|switch|p1b: Volcarona|Volcarona, L50, M|100/100
|move|p2b: Rillaboom|Fake Out|p1b: Volcarona
|-damage|p1b: Volcarona|83/100
|-status|p2b: Rillaboom|brn|[from] ability: Flame Body|[of] p1b: Volcarona
|move|p2a: Volcarona|Heat Wave|p1b: Volcarona|[spread] p1a
|-miss|p2a: Volcarona|p1b: Volcarona
|-damage|p1a: Indeedee|29/100
|move|p1a: Indeedee|Trick Room|p1a: Indeedee
|-fieldstart|move: Trick Room|[of] p1a: Indeedee
|
|-weather|Sandstorm|[upkeep]
|-damage|p2b: Rillaboom|95/100 brn|[from] Sandstorm
|-damage|p1a: Indeedee|23/100|[from] Sandstorm
|-damage|p1b: Volcarona|77/100|[from] Sandstorm
|-damage|p2a: Volcarona|45/100|[from] Sandstorm
|-heal|p2b: Rillaboom|100/100 brn|[from] Grassy Terrain
|-heal|p1a: Indeedee|29/100|[from] Grassy Terrain
|-heal|p1b: Volcarona|83/100|[from] Grassy Terrain
|-heal|p2a: Volcarona|52/100|[from] Grassy Terrain
|-damage|p2b: Rillaboom|95/100 brn|[from] brn
|upkeep
|turn|3
|
|t:|1756645102
|move|p1a: Indeedee|Protect|p1a: Indeedee
|-singleturn|p1a: Indeedee|Protect
|move|p2b: Rillaboom|Wood Hammer|p1a: Indeedee
|-activate|p1a: Indeedee|move: Protect
|move|p1b: Volcarona|Overheat|p2a: Volcarona
|-damage|p2a: Volcarona|15/100
|-unboost|p1b: Volcarona|spa|2
|move|p2a: Volcarona|Heat Wave|p1a: Indeedee|[spread] p1b
|-activate|p1a: Indeedee|move: Protect
|-damage|p1b: Volcarona|35/100
|-enditem|p1b: Volcarona|Sitrus Berry|[eat]
|-heal|p1b: Volcarona|60/100|[from] item: Sitrus Berry
|
|-weather|Sandstorm|[upkeep]
|-damage|p2b: Rillaboom|89/100 brn|[from] Sandstorm
|-damage|p1a: Indeedee|23/100|[from] Sandstorm
|-damage|p1b: Volcarona|54/100|[from] Sandstorm
|-damage|p2a: Volcarona|9/100|[from] Sandstorm
|-heal|p2b: Rillaboom|95/100 brn|[from] Grassy Terrain
|-heal|p1a: Indeedee|29/100|[from] Grassy Terrain
|-heal|p1b: Volcarona|60/100|[from] Grassy Terrain
|-heal|p2a: Volcarona|15/100|[from] Grassy Terrain
|-damage|p2b: Rillaboom|89/100 brn|[from] brn
|upkeep
|turn|4
|
|t:|1756645128
|switch|p1a: Tyranitar|Tyranitar, L50, M|100/100
|move|p2b: Rillaboom|Wood Hammer|p1a: Tyranitar
|-supereffective|p1a: Tyranitar
|-damage|p1a: Tyranitar|25/100
|-damage|p2b: Rillaboom|66/100 brn|[from] Recoil
|move|p1b: Volcarona|Overheat|p2a: Volcarona
|-damage|p2a: Volcarona|0 fnt
|-unboost|p1b: Volcarona|spa|2
|faint|p2a: Volcarona
|
|-weather|Sandstorm|[upkeep]
|-damage|p2b: Rillaboom|60/100 brn|[from] Sandstorm
|-damage|p1b: Volcarona|54/100|[from] Sandstorm
|-heal|p1a: Tyranitar|30/100|[from] Grassy Terrain
|-heal|p2b: Rillaboom|66/100 brn|[from] Grassy Terrain
|-heal|p1b: Volcarona|60/100|[from] Grassy Terrain
|-damage|p2b: Rillaboom|60/100 brn|[from] brn
|upkeep
|
|t:|1756645137
|switch|p2a: Ninetales|Ninetales-Alola, L50, F|100/100
|-weather|Snowscape|[from] ability: Snow Warning|[of] p2a: Ninetales
|turn|5
|
|t:|1756645146
|-terastallize|p1a: Tyranitar|Flying
|move|p1a: Tyranitar|Rock Slide|p2b: Rillaboom|[spread] p2a,p2b
|-supereffective|p2a: Ninetales
|-crit|p2b: Rillaboom
|-damage|p2a: Ninetales|35/100
|-damage|p2b: Rillaboom|17/100 brn
|cant|p2b: Rillaboom|flinch
|move|p1b: Volcarona|Overheat|p2a: Ninetales
|-supereffective|p2a: Ninetales
|-damage|p2a: Ninetales|0 fnt
|-unboost|p1b: Volcarona|spa|2
|faint|p2a: Ninetales
|
|-weather|Snowscape|[upkeep]
|-heal|p2b: Rillaboom|23/100 brn|[from] Grassy Terrain
|-heal|p1b: Volcarona|66/100|[from] Grassy Terrain
|-damage|p2b: Rillaboom|17/100 brn|[from] brn
|upkeep
|turn|6
|
|t:|1756645156
|move|p1a: Tyranitar|Tera Blast|p2b: Rillaboom|[anim] Tera Blast Flying
|-supereffective|p2b: Rillaboom
|-crit|p2b: Rillaboom
|-damage|p2b: Rillaboom|0 fnt
|faint|p2b: Rillaboom
|
|win|MidoMidori
||MidoMidori is ready for game 3.
||A Regu1ar Guy is ready for game 3.
|uhtml|next|Next: Game 3 of 3
