|j|☆ladderal
|j|☆marcoslegui
|html|ladderalmarcoslegui    
|uhtml|bestof|Game 2 of a best-of-3
|t:|1756382972
|gametype|doubles
|player|p1|ladderal|170|1171
|player|p2|marcoslegui|pokekid|1063
|gen|9
|tier|[Gen 9] VGC 2025 Reg H (Bo3)
|rated|
|rule|Species Clause: Limit one of each Pokémon
|rule|Item Clause: Limit 1 of each item
|clearpoke
|poke|p1|Kingambit, L50, M|
|poke|p1|Primarina, L50, M|
|poke|p1|Sneasler, L50, M|
|poke|p1|Magmar, L50, F|
|poke|p1|Rillaboom, L50, M|
|poke|p1|Dragapult, L50, F|
|poke|p2|Sneasler, L50, F|
|poke|p2|Volcarona, L50, M|
|poke|p2|Kingambit, L50, M|
|poke|p2|Baxcalibur, L50, F|
|poke|p2|Basculegion, L50, M|
|poke|p2|Rillaboom, L50, F|
|teampreview|4
|showteam|p1|Kingambit||BlackGlasses|Defiant|KowtowCleave,SuckerPunch,SwordsDance,Protect|||M|||50|,,,,,Dark]Primarina||SitrusBerry|LiquidVoice|HyperVoice,Moonblast,Haze,Protect|||M|||50|,,,,,Poison]Sneasler||FocusSash|PoisonTouch|CloseCombat,DireClaw,FakeOut,Protect|||M|||50|,,,,,Ghost]Magmar||Eviolite|VitalSpirit|Overheat,WillOWisp,FollowMe,Protect|||F|||50|,,,,,Ghost]Rillaboom||AssaultVest|GrassySurge|WoodHammer,GrassyGlide,HighHorsepower,FakeOut|||M|||50|,,,,,Fire]Dragapult||ChoiceBand|ClearBody|DragonDarts,PhantomForce,Outrage,Uturn|||F|||50|,,,,,Dragon
|showteam|p2|Sneasler||FocusSash|Unburden|DireClaw,CloseCombat,Protect,Coaching|||F|||50|,,,,,Stellar]Volcarona||CovertCloak|FlameBody|HeatWave,TeraBlast,QuiverDance,Protect|||M|||50|,,,,,Fairy]Kingambit||AssaultVest|Defiant|KowtowCleave,SuckerPunch,IronHead,LowKick|||M|||50|,,,,,Ghost]Baxcalibur||LoadedDice|ThermalExchange|IcicleSpear,ScaleShot,IceShard,Protect|||F|||50|,,,,,Ghost]Basculegion||ChoiceScarf|Adaptability|WaveCrash,FlipTurn,LastRespects,TeraBlast|||M|||50|,,,,,Fairy]Rillaboom||MiracleSeed|GrassySurge|WoodHammer,GrassyGlide,HighHorsepower,FakeOut|||F|||50|,,,,,Fire
|
|t:|1756382993
|teamsize|p1|4
|teamsize|p2|4
|start
|switch|p1a: Dragapult|Dragapult, L50, F|100/100
|switch|p1b: Sneasler|Sneasler, L50, M|100/100
|switch|p2a: Baxcalibur|Baxcalibur, L50, F|100/100
|switch|p2b: Volcarona|Volcarona, L50, M|100/100
|turn|1
|
|t:|1756383043
|-terastallize|p2a: Baxcalibur|Ghost
|move|p1b: Sneasler|Fake Out|p2b: Volcarona
|-damage|p2b: Volcarona|85/100
|move|p1a: Dragapult|U-turn|p2b: Volcarona
|-resisted|p2b: Volcarona
|-damage|p2b: Volcarona|62/100
|-status|p1a: Dragapult|brn|[from] ability: Flame Body|[of] p2b: Volcarona
|
|t:|1756383049
|switch|p1a: Primarina|Primarina, L50, M|100/100|[from] U-turn
|move|p2a: Baxcalibur|Scale Shot|p1b: Sneasler
|-damage|p1b: Sneasler|77/100
|-damage|p1b: Sneasler|49/100
|-damage|p1b: Sneasler|20/100
|-damage|p1b: Sneasler|0 fnt
|faint|p1b: Sneasler
|-hitcount|p1: Sneasler|4
|-unboost|p2a: Baxcalibur|def|1
|-boost|p2a: Baxcalibur|spe|1
|move|p2b: Volcarona|Quiver Dance|p2b: Volcarona
|-boost|p2b: Volcarona|spa|1
|-boost|p2b: Volcarona|spd|1
|-boost|p2b: Volcarona|spe|1
|
|upkeep
|
|t:|1756383055
|switch|p1b: Magmar|Magmar, L50, F|100/100
|turn|2
|
|t:|1756383077
|move|p1b: Magmar|Follow Me|p1b: Magmar
|-singleturn|p1b: Magmar|move: Follow Me
|move|p2a: Baxcalibur|Scale Shot|p1b: Magmar
|-damage|p1b: Magmar|87/100
|-damage|p1b: Magmar|74/100
|-damage|p1b: Magmar|62/100
|-damage|p1b: Magmar|48/100
|-damage|p1b: Magmar|34/100
|-hitcount|p1b: Magmar|5
|-unboost|p2a: Baxcalibur|def|1
|-boost|p2a: Baxcalibur|spe|1
|move|p2b: Volcarona|Heat Wave|p1a: Primarina|[spread] p1a
|-miss|p2b: Volcarona|p1b: Magmar
|-resisted|p1a: Primarina
|-damage|p1a: Primarina|79/100
|-status|p1a: Primarina|brn
|move|p1a: Primarina|Hyper Voice|p2b: Volcarona|[spread] p2a,p2b
|-supereffective|p2b: Volcarona
|-damage|p2a: Baxcalibur|66/100
|-damage|p2b: Volcarona|28/100
|
|-damage|p1a: Primarina|73/100 brn|[from] brn
|upkeep
|turn|3
|
|t:|1756383105
|move|p1b: Magmar|Protect|p1b: Magmar
|-singleturn|p1b: Magmar|Protect
|move|p2a: Baxcalibur|Icicle Spear|p1b: Magmar
|-activate|p1b: Magmar|move: Protect
|move|p2b: Volcarona|Tera Blast|p1a: Primarina
|-damage|p1a: Primarina|36/100 brn
|-enditem|p1a: Primarina|Sitrus Berry|[eat]
|-heal|p1a: Primarina|61/100 brn|[from] item: Sitrus Berry
|move|p1a: Primarina|Hyper Voice|p2a: Baxcalibur|[spread] p2a,p2b
|-supereffective|p2b: Volcarona
|-damage|p2a: Baxcalibur|36/100
|-damage|p2b: Volcarona|0 fnt
|faint|p2b: Volcarona
|
|-damage|p1a: Primarina|55/100 brn|[from] brn
|upkeep
|
|t:|1756383120
|switch|p2b: Basculegion|Basculegion, L50, M|100/100
|turn|4
|
|t:|1756383133
|move|p2a: Baxcalibur|Protect|p2a: Baxcalibur
|-singleturn|p2a: Baxcalibur|Protect
|move|p2b: Basculegion|Last Respects|p1a: Primarina
|-damage|p1a: Primarina|0 fnt
|faint|p1a: Primarina
|move|p1b: Magmar|Will-O-Wisp|p2b: Basculegion
|-status|p2b: Basculegion|brn
|
|-damage|p2b: Basculegion|94/100 brn|[from] brn
|upkeep
|
|t:|1756383138
|switch|p1a: Dragapult|Dragapult, L50, F|100/100 brn
|turn|5
|
|t:|1756383156
|move|p2a: Baxcalibur|Icicle Spear|p1a: Dragapult
|-supereffective|p1a: Dragapult
|-damage|p1a: Dragapult|59/100 brn
|-supereffective|p1a: Dragapult
|-damage|p1a: Dragapult|18/100 brn
|-supereffective|p1a: Dragapult
|-damage|p1a: Dragapult|0 fnt
|faint|p1a: Dragapult
|-hitcount|p1: Dragapult|3
|move|p2b: Basculegion|Last Respects|p1b: Magmar
|-damage|p1b: Magmar|10/100
|move|p1b: Magmar|Overheat|p2a: Baxcalibur
|-damage|p2a: Baxcalibur|0 fnt
|-unboost|p1b: Magmar|spa|2
|faint|p2a: Baxcalibur
|
|-damage|p2b: Basculegion|88/100 brn|[from] brn
|upkeep
|-message|ladderal forfeited.
|
|win|marcoslegui
|l|☆ladderal
|player|p1|
||ladderal is ready for game 3.
|inactive|marcoslegui has 30 seconds to confirm battle start!
||marcoslegui is ready for game 3.
|uhtml|next|Next: Game 3 of 3
|l|☆marcoslegui
|player|p2|
|j|☆marcoslegui
|player|p2|marcoslegui|pokekid|
