|j|☆GizmoBaneling
|j|☆NonnoNanniVGC
|html|GizmoBanelingNonnoNanniVGC    
|uhtml|bestof|Game 3 of a best-of-3
|t:|1783104366
|gametype|doubles
|player|p1|GizmoBaneling|265|1057
|player|p2|NonnoNanniVGC|102|1100
|gen|9
|tier|[Gen 9 Champions] VGC 2026 Reg M-B (Bo3)
|rated|
|rule|Species Clause: Limit one of each Pokémon
|rule|Item Clause: Limit 1 of each item
|clearpoke
|poke|p1|Blaziken, L50, F|
|poke|p1|Aerodactyl, L50, M|
|poke|p1|Kingambit, L50, F|
|poke|p1|Basculegion, L50, M|
|poke|p1|Sylveon, L50, F|
|poke|p1|Torkoal, L50, M|
|poke|p2|Meowstic, L50, M|
|poke|p2|Sneasler, L50, M|
|poke|p2|Delphox, L50, M|
|poke|p2|Klefki, L50, F|
|poke|p2|Overqwil, L50, M|
|poke|p2|Sableye, L50, M|
|teampreview|4
|showteam|p1|Blaziken||Blazikenite|SpeedBoost|FlareBlitz,CloseCombat,Protect,RockSlide|Adamant||F|||50|]Aerodactyl||Aerodactylite|Unnerve|RockSlide,DualWingbeat,IceFang,Tailwind|Jolly||M|||50|]Kingambit||LifeOrb|Defiant|KowtowCleave,Protect,IronHead,SuckerPunch|Adamant||F|||50|]Basculegion||FocusSash|Adaptability|Liquidation,Protect,LastRespects,AquaJet|Adamant||M|||50|]Sylveon||FairyFeather|Pixilate|HyperVoice,Moonblast,QuickAttack,Protect|Modest||F|||50|]Torkoal||Leftovers|Drought|BurningJealousy,WeatherBall,Protect,Yawn|Relaxed||M|||50|
|showteam|p2|Meowstic||BrightPowder|Prankster|Yawn,SkillSwap,SunnyDay,FakeOut|Impish||M|||50|]Sneasler||FocusSash|PoisonTouch|PoisonJab,CloseCombat,FakeOut,QuickGuard|Jolly||M|||50|]Delphox||Delphoxite|Blaze|HeatWave,PsychUp,StoredPower,Protect|Timid||M|||50|]Klefki||SitrusBerry|Prankster|DrainingKiss,CalmMind,Substitute,PsychUp|Bold||F|||50|]Overqwil||Leftovers|Intimidate|BarbBarrage,Stockpile,Minimize,Protect|Careful||M|||50|]Sableye||Sablenite|Prankster|FoulPlay,DarkPulse,PsychUp,PainSplit|Sassy||M|||50|
|inactive|Battle timer is ON: inactive players will automatically lose when time's up. (requested by GizmoBaneling)
|inactive|GizmoBaneling has 60 seconds left.
|
|t:|1783104402
|teamsize|p1|4
|teamsize|p2|4
|start
|switch|p1a: Blaziken|Blaziken, L50, F|100/100
|switch|p1b: Kingambit|Kingambit, L50, F|100/100
|switch|p2a: Overqwil|Overqwil, L50, M|100/100
|switch|p2b: Meowstic|Meowstic, L50, M|100/100
|-ability|p2a: Overqwil|Intimidate|boost
|-unboost|p1a: Blaziken|atk|1
|-unboost|p1b: Kingambit|atk|1
|-ability|p1b: Kingambit|Defiant|boost
|-boost|p1b: Kingambit|atk|2
|turn|1
|
|t:|1783104425
|detailschange|p1a: Blaziken|Blaziken-Mega, L50, F
|-mega|p1a: Blaziken|Blaziken|Blazikenite
|move|p2b: Meowstic|Skill Swap|p2a: Overqwil
|-activate|p2b: Meowstic|Skill Swap|||[of] p2a: Overqwil
|-ability|p2b: Meowstic|Intimidate|boost
|-unboost|p1a: Blaziken|atk|1
|-unboost|p1b: Kingambit|atk|1
|-ability|p1b: Kingambit|Defiant|boost
|-boost|p1b: Kingambit|atk|2
|move|p2a: Overqwil|Minimize|p2a: Overqwil
|-boost|p2a: Overqwil|evasion|2
|move|p1a: Blaziken|Flare Blitz|p2a: Overqwil
|-damage|p2a: Overqwil|65/100
|-damage|p1a: Blaziken|85/100|[from] Recoil
|move|p1b: Kingambit|Kowtow Cleave|p2b: Meowstic
|-supereffective|p2b: Meowstic|1
|-damage|p2b: Meowstic|0 fnt
|faint|p2b: Meowstic
|-damage|p1b: Kingambit|90/100|[from] item: Life Orb
|
|-heal|p2a: Overqwil|71/100|[from] item: Leftovers
|-ability|p1a: Blaziken|Speed Boost|boost
|-boost|p1a: Blaziken|spe|1
|upkeep
|
|t:|1783104429
|switch|p2b: Sneasler|Sneasler, L50, M|100/100
|turn|2
|inactive|GizmoBaneling has 30 seconds left.
|inactive|GizmoBaneling has 20 seconds left.
|
|t:|1783104468
|switch|p1a: Basculegion|Basculegion, L50, M|100/100
|move|p2a: Overqwil|Minimize|p2a: Overqwil
|-boost|p2a: Overqwil|evasion|2
|move|p2b: Sneasler|Close Combat|p1b: Kingambit
|-supereffective|p1b: Kingambit|2
|-damage|p1b: Kingambit|0 fnt
|-unboost|p2b: Sneasler|def|1
|-unboost|p2b: Sneasler|spd|1
|faint|p1b: Kingambit
|
|-heal|p2a: Overqwil|77/100|[from] item: Leftovers
|upkeep
|
|t:|1783104480
|switch|p1b: Torkoal|Torkoal, L50, M|100/100
|-weather|SunnyDay|[from] ability: Drought|[of] p1b: Torkoal
|turn|3
|
|t:|1783104488
|move|p2a: Overqwil|Minimize|p2a: Overqwil
|-boost|p2a: Overqwil|evasion|2
|move|p2b: Sneasler|Poison Jab|p1a: Basculegion
|-resisted|p1a: Basculegion|1
|-damage|p1a: Basculegion|74/100
|move|p1a: Basculegion|Last Respects|p2b: Sneasler
|-enditem|p2b: Sneasler|Focus Sash
|-damage|p2b: Sneasler|1/100
|move|p1b: Torkoal|Burning Jealousy|p2b: Sneasler|[spread] p2b
|-miss|p1b: Torkoal|p2a: Overqwil
|-damage|p2b: Sneasler|0 fnt
|faint|p2b: Sneasler
|
|-weather|SunnyDay|[upkeep]
|-heal|p2a: Overqwil|83/100|[from] item: Leftovers
|upkeep
|
|t:|1783104495
|switch|p2b: Delphox|Delphox, L50, M|100/100
|turn|4
|
|t:|1783104507
|detailschange|p2b: Delphox|Delphox-Mega, L50, M
|-mega|p2b: Delphox|Delphox|Delphoxite
|move|p2b: Delphox|Protect|p2b: Delphox
|-singleturn|p2b: Delphox|Protect
|move|p2a: Overqwil|Stockpile|p2a: Overqwil
|-start|p2a: Overqwil|stockpile1
|-boost|p2a: Overqwil|def|1
|-boost|p2a: Overqwil|spd|1
|move|p1a: Basculegion|Liquidation|p2b: Delphox
|-activate|p2b: Delphox|move: Protect
|move|p1b: Torkoal|Burning Jealousy|p2a: Overqwil|[spread] p2a
|-activate|p2b: Delphox|move: Protect
|-damage|p2a: Overqwil|66/100
|-status|p2a: Overqwil|brn
|
|-weather|SunnyDay|[upkeep]
|-heal|p2a: Overqwil|72/100 brn|[from] item: Leftovers
|-damage|p2a: Overqwil|66/100 brn|[from] brn
|upkeep
|turn|5
|
|t:|1783104517
|move|p2a: Overqwil|Stockpile|p2a: Overqwil
|-start|p2a: Overqwil|stockpile2
|-boost|p2a: Overqwil|def|1
|-boost|p2a: Overqwil|spd|1
|move|p2b: Delphox|Psych Up|p2a: Overqwil
|-copyboost|p2b: Delphox|p2a: Overqwil|[from] move: Psych Up
|move|p1a: Basculegion|Liquidation|p2b: Delphox
|-supereffective|p2b: Delphox|1
|-damage|p2b: Delphox|63/100
|move|p1b: Torkoal|Burning Jealousy|p2b: Delphox|[spread] 
|-miss|p1b: Torkoal|p2a: Overqwil
|-miss|p1b: Torkoal|p2b: Delphox
|
|-weather|SunnyDay|[upkeep]
|-heal|p2a: Overqwil|72/100 brn|[from] item: Leftovers
|-damage|p2a: Overqwil|66/100 brn|[from] brn
|upkeep
|turn|6
|inactive|GizmoBaneling has 30 seconds left.
|
|t:|1783104548
|move|p1a: Basculegion|Protect|p1a: Basculegion
|-singleturn|p1a: Basculegion|Protect
|move|p2b: Delphox|Stored Power|p1a: Basculegion
|-activate|p1a: Basculegion|move: Protect
|move|p2a: Overqwil|Barb Barrage|p1b: Torkoal
|-damage|p1b: Torkoal|92/100
|-status|p1b: Torkoal|psn
|move|p1b: Torkoal|Burning Jealousy|p2a: Overqwil|[spread] p2a
|-miss|p1b: Torkoal|p2b: Delphox
|-damage|p2a: Overqwil|53/100 brn
|
|-weather|SunnyDay|[upkeep]
|-heal|p2a: Overqwil|59/100 brn|[from] item: Leftovers
|-heal|p1b: Torkoal|98/100 psn|[from] item: Leftovers
|-damage|p1b: Torkoal|86/100 psn|[from] psn
|-damage|p2a: Overqwil|53/100 brn|[from] brn
|upkeep
|turn|7
|inactive|GizmoBaneling has 30 seconds left.
|
|t:|1783104574
|switch|p1a: Blaziken|Blaziken-Mega, L50, F|85/100
|move|p2b: Delphox|Stored Power|p1a: Blaziken
|-supereffective|p1a: Blaziken|1
|-damage|p1a: Blaziken|0 fnt
|faint|p1a: Blaziken
|move|p2a: Overqwil|Barb Barrage|p1b: Torkoal
|-damage|p1b: Torkoal|69/100 psn
|move|p1b: Torkoal|Yawn|p2b: Delphox
|-start|p2b: Delphox|move: Yawn|[of] p1b: Torkoal
|
|-weather|none
|-heal|p2a: Overqwil|59/100 brn|[from] item: Leftovers
|-heal|p1b: Torkoal|76/100 psn|[from] item: Leftovers
|-damage|p1b: Torkoal|63/100 psn|[from] psn
|-damage|p2a: Overqwil|53/100 brn|[from] brn
|upkeep
|
|t:|1783104589
|switch|p1a: Basculegion|Basculegion, L50, M|74/100
|turn|8
|
|t:|1783104598
|move|p2b: Delphox|Stored Power|p1b: Torkoal
|-damage|p1b: Torkoal|0 fnt
|faint|p1b: Torkoal
|move|p1a: Basculegion|Liquidation|p2b: Delphox|[miss]
|-miss|p1a: Basculegion|p2b: Delphox
|move|p2a: Overqwil|Barb Barrage|p1a: Basculegion
|-resisted|p1a: Basculegion|1
|-damage|p1a: Basculegion|67/100
|
|-heal|p2a: Overqwil|59/100 brn|[from] item: Leftovers
|-damage|p2a: Overqwil|53/100 brn|[from] brn
|-end|p2b: Delphox|move: Yawn|[silent]
|-status|p2b: Delphox|slp
|upkeep
|turn|9
|-message|GizmoBaneling forfeited.
|raw|GizmoBaneling's rating: 1057 → 1041(-16 for losing)
|raw|NonnoNanniVGC's rating: 1100 → 1122(+22 for winning)
|
|win|NonnoNanniVGC
