|j|☆raylof
|j|☆aefrmm
|html|raylofaefrmm    
|uhtml|bestof|Game 3 of a best-of-3
|t:|1756185289
|gametype|doubles
|player|p1|raylof|2|
|player|p2|aefrmm|pokemonrangerf-gen4|
|gen|9
|tier|[Gen 9] VGC 2025 Reg H (Bo3)
|rule|Species Clause: Limit one of each Pokémon
|rule|Item Clause: Limit 1 of each item
|clearpoke
|poke|p1|Dragonite, L50, M|
|poke|p1|Ursaluna-Bloodmoon, L50, M|
|poke|p1|Gholdengo, L50|
|poke|p1|Incineroar, L50, M|
|poke|p1|Amoonguss, L50, F|
|poke|p1|Ninetales-Alola, L50, F|
|poke|p2|Ninetales-Alola, L50, F|
|poke|p2|Basculegion, L50, M|
|poke|p2|Magmar, L50, M|
|poke|p2|Sneasler, L50, M|
|poke|p2|Rillaboom, L50, M|
|poke|p2|Kingambit, L50, M|
|teampreview|4
|showteam|p1|Dragonite||LoadedDice|Multiscale|ScaleShot,Haze,Protect,Tailwind|||M|||50|,,,,,Fairy]Ursaluna-Bloodmoon||AssaultVest|MindsEye|BloodMoon,HyperVoice,VacuumWave,EarthPower|||M|||50|,,,,,Ghost]Gholdengo||LifeOrb|GoodasGold|MakeItRain,ShadowBall,Protect,NastyPlot||||||50|,,,,,Water]Incineroar||SafetyGoggles|Intimidate|KnockOff,FakeOut,FlareBlitz,PartingShot|||M|||50|,,,,,Ghost]Amoonguss||SitrusBerry|Regenerator|PollenPuff,Spore,RagePowder,Protect|||F|||50|,,,,,Water]Ninetales-Alola||LightClay|SnowWarning|IcyWind,FreezeDry,Protect,AuroraVeil|||F|||50|,,,,,Ghost
|showteam|p2|Ninetales-Alola||LifeOrb|SnowWarning|Blizzard,FreezeDry,Encore,Protect|||F|||50|,,,,,Ghost]Basculegion||ChoiceScarf|Adaptability|WaveCrash,LastRespects,FlipTurn,TeraBlast|||M|||50|,,,,,Fighting]Magmar||Eviolite|VitalSpirit|Taunt,HeatWave,FollowMe,Protect|||M|||50|,,,,,Water]Sneasler||FocusSash|PoisonTouch|CloseCombat,DireClaw,FakeOut,Protect|||M|||50|,,,,,Stellar]Rillaboom||AssaultVest|GrassySurge|WoodHammer,GrassyGlide,Uturn,FakeOut|||M|||50|,,,,,Water]Kingambit||BlackGlasses|Defiant|KowtowCleave,SuckerPunch,SwordsDance,Protect|||M|||50|,,,,,Fire
|inactive|Battle timer is ON: inactive players will automatically lose when time's up. (requested by aefrmm)
|inactive|raylof has 60 seconds left.
|inactive|aefrmm has 60 seconds left.
|inactive|raylof has 30 seconds left.
|
|t:|1756185352
|teamsize|p1|4
|teamsize|p2|4
|start
|switch|p1a: Ninetales|Ninetales-Alola, L50, F, shiny|100/100
|switch|p1b: Gholdengo|Gholdengo, L50|100/100
|switch|p2a: Rillaboom|Rillaboom, L50, M|100/100
|switch|p2b: Sneasler|Sneasler, L50, M|100/100
|-weather|Snowscape|[from] ability: Snow Warning|[of] p1a: Ninetales
|-fieldstart|move: Grassy Terrain|[from] ability: Grassy Surge|[of] p2a: Rillaboom
|turn|1
|
|t:|1756185375
|-terastallize|p1a: Ninetales|Ghost
|-terastallize|p2a: Rillaboom|Water
|move|p1a: Ninetales|Aurora Veil|p1a: Ninetales
|-sidestart|p1: raylof|move: Aurora Veil
|move|p2b: Sneasler|Dire Claw|p1a: Ninetales
|-resisted|p1a: Ninetales
|-damage|p1a: Ninetales|81/100
|move|p1b: Gholdengo|Nasty Plot|p1b: Gholdengo
|-boost|p1b: Gholdengo|spa|2
|move|p2a: Rillaboom|Wood Hammer|p1b: Gholdengo
|-resisted|p1b: Gholdengo
|-damage|p1b: Gholdengo|75/100
|-damage|p2a: Rillaboom|93/100|[from] Recoil
|
|-weather|Snowscape|[upkeep]
|-heal|p1a: Ninetales|87/100|[from] Grassy Terrain
|-heal|p1b: Gholdengo|81/100|[from] Grassy Terrain
|-heal|p2a: Rillaboom|99/100|[from] Grassy Terrain
|upkeep
|turn|2
|inactive|aefrmm has 30 seconds left.
|
|t:|1756185407
|switch|p2a: Ninetales|Ninetales-Alola, L50, F|100/100
|move|p1a: Ninetales|Icy Wind|p2b: Sneasler|[spread] p2a,p2b
|-resisted|p2a: Ninetales
|-damage|p2a: Ninetales|94/100
|-damage|p2b: Sneasler|83/100
|-unboost|p2a: Ninetales|spe|1
|-unboost|p2b: Sneasler|spe|1
|move|p1b: Gholdengo|Shadow Ball|p2a: Ninetales
|-damage|p2a: Ninetales|0 fnt
|faint|p2a: Ninetales
|-damage|p1b: Gholdengo|71/100|[from] item: Life Orb
|move|p2b: Sneasler|Dire Claw|p1a: Ninetales
|-resisted|p1a: Ninetales
|-damage|p1a: Ninetales|68/100
|-status|p1a: Ninetales|psn|[from] ability: Poison Touch|[of] p2b: Sneasler
|
|-weather|Snowscape|[upkeep]
|-heal|p1a: Ninetales|74/100 psn|[from] Grassy Terrain
|-heal|p1b: Gholdengo|78/100|[from] Grassy Terrain
|-heal|p2b: Sneasler|89/100|[from] Grassy Terrain
|-damage|p1a: Ninetales|61/100 psn|[from] psn
|upkeep
|
|t:|1756185423
|switch|p2a: Basculegion|Basculegion, L50, M|100/100
|turn|3
|
|t:|1756185442
|move|p1b: Gholdengo|Protect|p1b: Gholdengo
|-singleturn|p1b: Gholdengo|Protect
|move|p2a: Basculegion|Last Respects|p1b: Gholdengo
|-activate|p1b: Gholdengo|move: Protect
|move|p1a: Ninetales|Icy Wind|p2b: Sneasler|[spread] p2a,p2b
|-resisted|p2a: Basculegion
|-damage|p2a: Basculegion|93/100
|-damage|p2b: Sneasler|72/100
|-unboost|p2a: Basculegion|spe|1
|-unboost|p2b: Sneasler|spe|1
|move|p2b: Sneasler|Dire Claw|p1a: Ninetales
|-resisted|p1a: Ninetales
|-damage|p1a: Ninetales|43/100 psn
|
|-weather|Snowscape|[upkeep]
|-heal|p1a: Ninetales|49/100 psn|[from] Grassy Terrain
|-heal|p1b: Gholdengo|84/100|[from] Grassy Terrain
|-heal|p2a: Basculegion|99/100|[from] Grassy Terrain
|-heal|p2b: Sneasler|77/100|[from] Grassy Terrain
|-damage|p1a: Ninetales|37/100 psn|[from] psn
|upkeep
|turn|4
|inactive|raylof has 30 seconds left.
|
|t:|1756185472
|move|p1a: Ninetales|Icy Wind|p2a: Basculegion|[spread] p2b
|-miss|p1a: Ninetales|p2a: Basculegion
|-crit|p2b: Sneasler
|-damage|p2b: Sneasler|52/100
|-unboost|p2b: Sneasler|spe|1
|move|p1b: Gholdengo|Shadow Ball|p2a: Basculegion
|-supereffective|p2a: Basculegion
|-damage|p2a: Basculegion|0 fnt
|faint|p2a: Basculegion
|-damage|p1b: Gholdengo|74/100|[from] item: Life Orb
|move|p2b: Sneasler|Dire Claw|p1a: Ninetales
|-resisted|p1a: Ninetales
|-damage|p1a: Ninetales|17/100 psn
|
|-weather|Snowscape|[upkeep]
|-heal|p1a: Ninetales|23/100 psn|[from] Grassy Terrain
|-heal|p1b: Gholdengo|80/100|[from] Grassy Terrain
|-heal|p2b: Sneasler|58/100|[from] Grassy Terrain
|-damage|p1a: Ninetales|11/100 psn|[from] psn
|upkeep
|
|t:|1756185482
|switch|p2a: Rillaboom|Rillaboom, L50, M, tera:Water|99/100
|turn|5
|
|t:|1756185496
|move|p2b: Sneasler|Protect|p2b: Sneasler
|-singleturn|p2b: Sneasler|Protect
|move|p2a: Rillaboom|Grassy Glide|p1a: Ninetales
|-damage|p1a: Ninetales|0 fnt
|faint|p1a: Ninetales
|move|p1b: Gholdengo|Make It Rain|p2a: Rillaboom|[spread] p2a
|-activate|p2b: Sneasler|move: Protect
|-resisted|p2a: Rillaboom
|-damage|p2a: Rillaboom|59/100
|-unboost|p1b: Gholdengo|spa|1
|-damage|p1b: Gholdengo|71/100|[from] item: Life Orb
|
|-weather|none
|-heal|p1b: Gholdengo|77/100|[from] Grassy Terrain
|-heal|p2a: Rillaboom|65/100|[from] Grassy Terrain
|-heal|p2b: Sneasler|63/100|[from] Grassy Terrain
|-fieldend|move: Grassy Terrain
|upkeep
|
|t:|1756185511
|switch|p1a: Incineroar|Incineroar, L50, M|100/100
|-ability|p1a: Incineroar|Intimidate|boost
|-unboost|p2a: Rillaboom|atk|1
|-unboost|p2b: Sneasler|atk|1
|turn|6
|
|t:|1756185525
|move|p1a: Incineroar|Fake Out|p2b: Sneasler
|-damage|p2b: Sneasler|43/100
|move|p1b: Gholdengo|Make It Rain|p2a: Rillaboom|[spread] p2a,p2b
|-resisted|p2a: Rillaboom
|-damage|p2a: Rillaboom|35/100
|-damage|p2b: Sneasler|0 fnt
|-unboost|p1b: Gholdengo|spa|1
|faint|p2b: Sneasler
|-damage|p1b: Gholdengo|68/100|[from] item: Life Orb
|move|p2a: Rillaboom|Wood Hammer|p1b: Gholdengo
|-resisted|p1b: Gholdengo
|-damage|p1b: Gholdengo|54/100
|-damage|p2a: Rillaboom|31/100|[from] Recoil
|
|upkeep
|turn|7
|
|t:|1756185542
|move|p1b: Gholdengo|Shadow Ball|p2a: Rillaboom
|-damage|p2a: Rillaboom|0 fnt
|faint|p2a: Rillaboom
|-damage|p1b: Gholdengo|45/100|[from] item: Life Orb
|
|win|raylof
