|j|☆KingCobra42
|j|☆Derocker714
|html|KingCobra42Derocker714    
|uhtml|bestof|Game 2 of a best-of-3
|t:|1783261064
|gametype|doubles
|player|p1|KingCobra42|2|
|player|p2|Derocker714|colress|
|gen|9
|tier|[Gen 9 Champions] VGC 2026 Reg M-B (Bo3)
|rule|Species Clause: Limit one of each Pokémon
|rule|Item Clause: Limit 1 of each item
|clearpoke
|poke|p1|Pelipper, L50, M, shiny|
|poke|p1|Meganium, L50, F|
|poke|p1|Mr. Rime, L50, M|
|poke|p1|Dragonite, L50, M|
|poke|p1|Archaludon, L50, F|
|poke|p1|Palafin, L50, M|
|poke|p2|Gengar, L50, M, shiny|
|poke|p2|Maushold-Four, L50|
|poke|p2|Tinkaton, L50, F|
|poke|p2|Ninetales, L50, M, shiny|
|poke|p2|Kommo-o, L50, F, shiny|
|poke|p2|Rotom-Mow, L50|
|teampreview|4
|showteam|p1|Pelipper||SitrusBerry|Drizzle|Hurricane,WideGuard,Tailwind,WeatherBall|Timid||M|||50|]Meganium||Meganiumite|Overgrow|SolarBeam,Protect,WeatherBall,DazzlingGleam|Modest||F|||50|]Mr. Rime||FocusSash|ScreenCleaner|SkillSwap,Reflect,HelpingHand,FakeOut|Bold||M|||50|]Dragonite||DragonFang|Multiscale|ExtremeSpeed,IceSpinner,DragonClaw,Protect|Serious||M|||50|]Archaludon||Leftovers|Stamina|ElectroShot,FlashCannon,DragonPulse,Protect|Modest||F|||50|]Palafin||MysticWater|ZerotoHero|WaveCrash,JetPunch,BulkUp,Protect|Adamant||M|||50|
|showteam|p2|Gengar||Gengarite|CursedBody|Protect,Disable,PerishSong,SludgeBomb|Calm||M|||50|]Maushold-Four||SitrusBerry|FriendGuard|Protect,FollowMe,Encore,SuperFang|Jolly|||||50|]Tinkaton||FocusSash|MoldBreaker|FakeOut,PlayRough,GigatonHammer,Encore|Jolly||F|||50|]Ninetales||PasshoBerry|Drought|Protect,Encore,Disable,MysticalFire|Timid||M|||50|]Kommo-o||Leftovers|Soundproof|Protect,ClangingScales,AuraSphere,ClangorousSoul|Modest||F|||50|]Rotom-Mow||ChoiceScarf|Levitate|VoltSwitch,Thunderbolt,Trick,LeafStorm|Timid|||||50|
|
|t:|1783261109
|teamsize|p1|4
|teamsize|p2|4
|start
|switch|p1a: Mr. Rime|Mr. Rime, L50, M|100/100
|switch|p1b: Archaludon|Archaludon, L50, F|100/100
|switch|p2a: Dragon Frontiers|Kommo-o, L50, F, shiny|100/100
|switch|p2b: Platinum|Rotom-Mow, L50|100/100
|turn|1
|
|t:|1783261155
|move|p2a: Dragon Frontiers|Protect|p2a: Dragon Frontiers
|-singleturn|p2a: Dragon Frontiers|Protect
|move|p1a: Mr. Rime|Fake Out|p2a: Dragon Frontiers
|-activate|p2a: Dragon Frontiers|move: Protect
|move|p2b: Platinum|Volt Switch|p1a: Mr. Rime
|-damage|p1a: Mr. Rime|67/100
|
|t:|1783261165
|switch|p2b: Phantom Forces|Gengar, L50, M, shiny|100/100|[from] Volt Switch
|move|p1b: Archaludon|Dragon Pulse|p2a: Dragon Frontiers
|-activate|p2a: Dragon Frontiers|move: Protect
|
|upkeep
|turn|2
|
|t:|1783261188
|switch|p2a: Double Crisis|Maushold-Four, L50|100/100
|detailschange|p2b: Phantom Forces|Gengar-Mega, L50, M, shiny
|-mega|p2b: Phantom Forces|Gengar|Gengarite
|move|p2b: Phantom Forces|Sludge Bomb|p1a: Mr. Rime
|-damage|p1a: Mr. Rime|24/100
|move|p1b: Archaludon|Dragon Pulse|p2b: Phantom Forces
|-damage|p2b: Phantom Forces|76/100
|move|p1a: Mr. Rime|Skill Swap|p2b: Phantom Forces
|-activate|p1a: Mr. Rime|Skill Swap|Shadow Tag|Screen Cleaner|[of] p2b: Phantom Forces
|
|upkeep
|turn|3
|
|t:|1783261224
|switch|p1a: Pelipper|Pelipper, L50, M, shiny|100/100
|-weather|RainDance|[from] ability: Drizzle|[of] p1a: Pelipper
|move|p2b: Phantom Forces|Sludge Bomb|p1a: Pelipper
|-damage|p1a: Pelipper|14/100
|-enditem|p1a: Pelipper|Sitrus Berry|[eat]
|-heal|p1a: Pelipper|39/100|[from] item: Sitrus Berry
|move|p2a: Double Crisis|Super Fang|p1b: Archaludon
|-damage|p1b: Archaludon|50/100g
|-ability|p1b: Archaludon|Stamina|boost
|-boost|p1b: Archaludon|def|1
|move|p1b: Archaludon|Electro Shot||[still]
|-prepare|p1b: Archaludon|Electro Shot
|-boost|p1b: Archaludon|spa|1
|-anim|p1b: Archaludon|Electro Shot|p2a: Double Crisis
|-damage|p2a: Double Crisis|35/100
|-enditem|p2a: Double Crisis|Sitrus Berry|[eat]
|-heal|p2a: Double Crisis|60/100|[from] item: Sitrus Berry
|
|-weather|RainDance|[upkeep]
|-heal|p1b: Archaludon|56/100|[from] item: Leftovers
|upkeep
|turn|4
|
|t:|1783261278
|move|p2a: Double Crisis|Follow Me|p2a: Double Crisis
|-singleturn|p2a: Double Crisis|move: Follow Me
|move|p2b: Phantom Forces|Sludge Bomb|p1a: Pelipper
|-damage|p1a: Pelipper|0 fnt
|faint|p1a: Pelipper
|move|p1b: Archaludon|Electro Shot||[still]
|-prepare|p1b: Archaludon|Electro Shot
|-boost|p1b: Archaludon|spa|1
|-anim|p1b: Archaludon|Electro Shot|p2a: Double Crisis
|-damage|p2a: Double Crisis|0 fnt
|faint|p2a: Double Crisis
|
|-weather|RainDance|[upkeep]
|-heal|p1b: Archaludon|62/100|[from] item: Leftovers
|upkeep
|
|t:|1783261311
|switch|p2a: Dragon Frontiers|Kommo-o, L50, F, shiny|100/100
|switch|p1a: Mr. Rime|Mr. Rime, L50, M|24/100
|turn|5
|
|t:|1783261363
|move|p2a: Dragon Frontiers|Protect|p2a: Dragon Frontiers
|-singleturn|p2a: Dragon Frontiers|Protect
|move|p1a: Mr. Rime|Fake Out|p2a: Dragon Frontiers
|-activate|p2a: Dragon Frontiers|move: Protect
|move|p2b: Phantom Forces|Sludge Bomb|p1a: Mr. Rime
|-damage|p1a: Mr. Rime|0 fnt
|faint|p1a: Mr. Rime
|move|p1b: Archaludon|Dragon Pulse|p2a: Dragon Frontiers
|-activate|p2a: Dragon Frontiers|move: Protect
|
|-weather|RainDance|[upkeep]
|-heal|p1b: Archaludon|68/100|[from] item: Leftovers
|upkeep
|
|t:|1783261365
|switch|p1a: Meganium|Meganium, L50, F|100/100
|turn|6
|
|t:|1783261398
|detailschange|p1a: Meganium|Meganium-Mega, L50, F
|-mega|p1a: Meganium|Meganium|Meganiumite
|move|p1b: Archaludon|Protect|p1b: Archaludon
|-singleturn|p1b: Archaludon|Protect
|move|p2b: Phantom Forces|Disable|p1b: Archaludon
|-activate|p1b: Archaludon|move: Protect
|move|p2a: Dragon Frontiers|Aura Sphere|p1b: Archaludon
|-activate|p1b: Archaludon|move: Protect
|move|p1a: Meganium|Dazzling Gleam|p2b: Phantom Forces|[spread] p2a,p2b
|-supereffective|p2a: Dragon Frontiers|2
|-resisted|p2b: Phantom Forces|1
|-damage|p2a: Dragon Frontiers|0 fnt
|-damage|p2b: Phantom Forces|59/100
|faint|p2a: Dragon Frontiers
|
|-weather|RainDance|[upkeep]
|-heal|p1b: Archaludon|74/100|[from] item: Leftovers
|upkeep
|
|t:|1783261413
|switch|p2a: Platinum|Rotom-Mow, L50|100/100
|turn|7
|
|t:|1783261421
|move|p2a: Platinum|Trick|p1b: Archaludon
|-activate|p2a: Platinum|move: Trick|[of] p1b: Archaludon
|-item|p1b: Archaludon|Choice Scarf|[from] move: Trick
|-item|p2a: Platinum|Leftovers|[from] move: Trick
|move|p2b: Phantom Forces|Sludge Bomb|p1a: Meganium
|-supereffective|p1a: Meganium|2
|-damage|p1a: Meganium|0 fnt
|faint|p1a: Meganium
|move|p1b: Archaludon|Electro Shot||[still]
|-prepare|p1b: Archaludon|Electro Shot
|-boost|p1b: Archaludon|spa|1
|-anim|p1b: Archaludon|Electro Shot|p2b: Phantom Forces
|-damage|p2b: Phantom Forces|0 fnt
|faint|p2b: Phantom Forces
|
|-weather|none
|upkeep
|turn|8
|
|t:|1783261442
|move|p1b: Archaludon|Electro Shot||[still]
|-prepare|p1b: Archaludon|Electro Shot
|-boost|p1b: Archaludon|spa|1
|move|p2a: Platinum|Leaf Storm|p1b: Archaludon|[miss]
|-miss|p2a: Platinum|p1b: Archaludon
|
|upkeep
|turn|9
|
|t:|1783261453
|move|p1b: Archaludon|Electro Shot|p2a: Platinum|[from] lockedmove
|-resisted|p2a: Platinum|2
|-damage|p2a: Platinum|59/100
|move|p2a: Platinum|Leaf Storm|p1b: Archaludon
|-resisted|p1b: Archaludon|2
|-damage|p1b: Archaludon|61/100
|-unboost|p2a: Platinum|spa|2
|-ability|p1b: Archaludon|Stamina|boost
|-boost|p1b: Archaludon|def|1
|
|-heal|p2a: Platinum|65/100|[from] item: Leftovers
|upkeep
|turn|10
|c|☆Derocker714|gg
|-message|Derocker714 forfeited.
|
|win|KingCobra42
|l|☆Derocker714
|player|p2|
|c|☆KingCobra42|gg
||Derocker714 is ready for game 3.
||KingCobra42 is ready for game 3.
|uhtml|next|Next: Game 3 of 3
|l|☆KingCobra42
|player|p1|
|j|☆Derocker714
|player|p2|Derocker714|colress|
