|j|☆GetaJobApplication
|j|☆lettitripppp
|html|GetaJobApplicationlettitripppp    
|uhtml|bestof|Game 1 of a best-of-3
|t:|1784236689
|gametype|doubles
|player|p1|GetaJobApplication|cynthia|1186
|player|p2|lettitripppp|lucas|1284
|gen|9
|tier|[Gen 9 Champions] VGC 2026 Reg M-B (Bo3)
|rated|
|rule|Species Clause: Limit one of each Pokémon
|rule|Item Clause: Limit 1 of each item
|clearpoke
|poke|p1|Incineroar, L50, F|
|poke|p1|Kingambit, L50, F|
|poke|p1|Sneasler, L50, M|
|poke|p1|Floette-Eternal, L50, F|
|poke|p1|Sinistcha, L50|
|poke|p1|Dragonite, L50, M|
|poke|p2|Charizard, L50, F, shiny|
|poke|p2|Basculegion, L50, M, shiny|
|poke|p2|Pelipper, L50, M|
|poke|p2|Venusaur, L50, M|
|poke|p2|Archaludon, L50, F|
|poke|p2|Grimmsnarl, L50, M, shiny|
|teampreview|4
|showteam|p1|Incineroar||SitrusBerry|Intimidate|FakeOut,FlareBlitz,DarkestLariat,PartingShot|Careful||F|||50|]Kingambit||ChopleBerry|Defiant|KowtowCleave,SuckerPunch,IronHead,Protect|Adamant||F|||50|]Sneasler||FocusSash|PoisonTouch|FakeOut,Protect,CloseCombat,PoisonJab|Jolly||M|||50|]Floette-Eternal||Floettite|FlowerVeil|CalmMind,Protect,DrainingKiss,DazzlingGleam|Bold||F|||50|]Sinistcha||Leftovers|Hospitality|TrickRoom,RagePowder,MatchaGotcha,Protect|Bold|||||50|]Dragonite||LifeOrb|InnerFocus|ExtremeSpeed,DragonClaw,Protect,LowKick|Adamant||M|||50|
|showteam|p2|Charizard||CharizarditeY|Blaze|WeatherBall,SolarBeam,HeatWave,Protect|Modest||F|||50|]Basculegion||ChoiceScarf|Adaptability|LastRespects,WaveCrash,FlipTurn,AquaJet|Jolly||M|||50|]Pelipper||SitrusBerry|Drizzle|WeatherBall,WideGuard,Hurricane,Tailwind|Modest||M|||50|]Venusaur||FocusSash|Chlorophyll|SleepPowder,SludgeBomb,EarthPower,Protect|Modest||M|||50|]Archaludon||Leftovers|Stamina|FlashCannon,DragonPulse,ElectroShot,Protect|Calm||F|||50|]Grimmsnarl||LightClay|Prankster|PartingShot,LightScreen,SpiritBreak,Reflect|Relaxed||M|||50|
|inactive|Battle timer is ON: inactive players will automatically lose when time's up. (requested by lettitripppp)
|
|t:|1784236714
|teamsize|p1|4
|teamsize|p2|4
|start
|switch|p1a: Floette|Floette-Eternal, L50, F|100/100
|switch|p1b: Sneasler|Sneasler, L50, M|100/100
|switch|p2a: AGNI|Charizard, L50, F, shiny|100/100
|switch|p2b: GO JOHAN|Grimmsnarl, L50, M, shiny|100/100
|turn|1
|
|t:|1784236726
|detailschange|p2a: AGNI|Charizard-Mega-Y, L50, F, shiny
|-mega|p2a: AGNI|Charizard|Charizardite Y
|-weather|SunnyDay|[from] ability: Drought|[of] p2a: AGNI
|detailschange|p1a: Floette|Floette-Mega, L50, F
|-mega|p1a: Floette|Floette|Floettite
|-ability|p1a: Floette|Fairy Aura
|move|p1b: Sneasler|Fake Out|p2b: GO JOHAN
|-damage|p2b: GO JOHAN|85/100
|-status|p2b: GO JOHAN|psn|[from] ability: Poison Touch|[of] p1b: Sneasler
|cant|p2b: GO JOHAN|flinch
|move|p2a: AGNI|Heat Wave|p1b: Sneasler|[spread] p1a,p1b
|-damage|p1a: Floette|58/100
|-damage|p1b: Sneasler|17/100
|-status|p1b: Sneasler|brn
|move|p1a: Floette|Calm Mind|p1a: Floette
|-boost|p1a: Floette|spa|1
|-boost|p1a: Floette|spd|1
|
|-weather|SunnyDay|[upkeep]
|-damage|p2b: GO JOHAN|73/100 psn|[from] psn
|-damage|p1b: Sneasler|11/100 brn|[from] brn
|upkeep
|turn|2
|
|t:|1784236745
|move|p1a: Floette|Protect|p1a: Floette
|-singleturn|p1a: Floette|Protect
|move|p2b: GO JOHAN|Light Screen|p2b: GO JOHAN
|-sidestart|p2: lettitripppp|move: Light Screen
|move|p1b: Sneasler|Poison Jab|p2b: GO JOHAN
|-supereffective|p2b: GO JOHAN|1
|-damage|p2b: GO JOHAN|36/100 psn
|move|p2a: AGNI|Weather Ball|p1a: Floette
|-activate|p1a: Floette|move: Protect
|
|-weather|SunnyDay|[upkeep]
|-damage|p2b: GO JOHAN|23/100 psn|[from] psn
|-damage|p1b: Sneasler|5/100 brn|[from] brn
|upkeep
|turn|3
|
|t:|1784236769
|move|p2b: GO JOHAN|Reflect|p2b: GO JOHAN
|-sidestart|p2: lettitripppp|Reflect
|move|p1b: Sneasler|Poison Jab|p2a: AGNI
|-damage|p2a: AGNI|84/100
|move|p2a: AGNI|Heat Wave|p1a: Floette|[spread] p1a,p1b
|-damage|p1a: Floette|29/100
|-damage|p1b: Sneasler|0 fnt
|faint|p1b: Sneasler
|move|p1a: Floette|Calm Mind|p1a: Floette
|-boost|p1a: Floette|spa|1
|-boost|p1a: Floette|spd|1
|
|-weather|SunnyDay|[upkeep]
|-damage|p2b: GO JOHAN|11/100 psn|[from] psn
|upkeep
|
|t:|1784236774
|switch|p1b: Dragonite|Dragonite, L50, M|100/100
|turn|4
|
|t:|1784236782
|move|p1b: Dragonite|Extreme Speed|p2b: GO JOHAN
|-damage|p2b: GO JOHAN|0 fnt
|faint|p2b: GO JOHAN
|-damage|p1b: Dragonite|90/100|[from] item: Life Orb
|move|p2a: AGNI|Weather Ball|p1a: Floette
|-damage|p1a: Floette|0 fnt
|faint|p1a: Floette
|
|-weather|SunnyDay|[upkeep]
|upkeep
|
|t:|1784236792
|switch|p1a: Incineroar|Incineroar, L50, F|100/100
|switch|p2b: SOFT-SLEEP|Venusaur, L50, M|100/100
|-ability|p1a: Incineroar|Intimidate|boost
|-unboost|p2a: AGNI|atk|1
|-unboost|p2b: SOFT-SLEEP|atk|1
|turn|5
|
|t:|1784236801
|move|p2b: SOFT-SLEEP|Protect|p2b: SOFT-SLEEP
|-singleturn|p2b: SOFT-SLEEP|Protect
|move|p2a: AGNI|Protect|p2a: AGNI
|-singleturn|p2a: AGNI|Protect
|move|p1a: Incineroar|Fake Out|p2b: SOFT-SLEEP
|-activate|p2b: SOFT-SLEEP|move: Protect
|move|p1b: Dragonite|Dragon Claw|p2b: SOFT-SLEEP
|-activate|p2b: SOFT-SLEEP|move: Protect
|
|-weather|none
|upkeep
|turn|6
|
|t:|1784236809
|switch|p2a: GHOSTWAVE|Basculegion, L50, M, shiny|100/100
|move|p2b: SOFT-SLEEP|Sleep Powder|p1a: Incineroar|[miss]
|-miss|p2b: SOFT-SLEEP|p1a: Incineroar
|move|p1b: Dragonite|Dragon Claw|p2b: SOFT-SLEEP
|-damage|p2b: SOFT-SLEEP|42/100
|-damage|p1b: Dragonite|80/100|[from] item: Life Orb
|move|p1a: Incineroar|Flare Blitz|p2b: SOFT-SLEEP
|-supereffective|p2b: SOFT-SLEEP|1
|-damage|p2b: SOFT-SLEEP|0 fnt
|faint|p2b: SOFT-SLEEP
|-damage|p1a: Incineroar|89/100|[from] Recoil
|
|upkeep
|
|t:|1784236819
|switch|p2b: AGNI|Charizard-Mega-Y, L50, F, shiny|84/100
|-weather|SunnyDay|[from] ability: Drought|[of] p2b: AGNI
|turn|7
|
|t:|1784236829
|move|p1b: Dragonite|Extreme Speed|p2b: AGNI
|-damage|p2b: AGNI|54/100
|-damage|p1b: Dragonite|71/100|[from] item: Life Orb
|move|p2a: GHOSTWAVE|Last Respects|p1b: Dragonite
|-damage|p1b: Dragonite|0 fnt
|faint|p1b: Dragonite
|move|p2b: AGNI|Weather Ball|p1a: Incineroar
|-resisted|p1a: Incineroar|1
|-damage|p1a: Incineroar|54/100
|move|p1a: Incineroar|Darkest Lariat|p2a: GHOSTWAVE
|-supereffective|p2a: GHOSTWAVE|1
|-damage|p2a: GHOSTWAVE|40/100
|
|-weather|SunnyDay|[upkeep]
|upkeep
|turn|8
|
|t:|1784236849
|move|p2a: GHOSTWAVE|Last Respects|p1a: Incineroar
|-resisted|p1a: Incineroar|1
|-damage|p1a: Incineroar|12/100
|-enditem|p1a: Incineroar|Sitrus Berry|[eat]
|-heal|p1a: Incineroar|37/100|[from] item: Sitrus Berry
|move|p2b: AGNI|Weather Ball|p1a: Incineroar
|-resisted|p1a: Incineroar|1
|-damage|p1a: Incineroar|1/100
|move|p1a: Incineroar|Flare Blitz|p2b: AGNI
|-resisted|p2b: AGNI|1
|-damage|p2b: AGNI|29/100
|-damage|p1a: Incineroar|0 fnt|[from] Recoil
|faint|p1a: Incineroar
|
|win|lettitripppp
||GetaJobApplication is ready for game 2.
