|j|☆PopoVGC
|j|☆baggedchikin
|html|PopoVGCbaggedchikin    
|uhtml|bestof|Game 1 of a best-of-3
|t:|1786048059
|gametype|doubles
|player|p1|PopoVGC|silver|1311
|player|p2|baggedchikin|169|1348
|gen|9
|tier|[Gen 9 Champions] VGC 2026 Reg M-B (Bo3)
|rated|
|rule|Species Clause: Limit one of each Pokémon
|rule|Item Clause: Limit 1 of each item
|clearpoke
|poke|p1|Gholdengo, L50|
|poke|p1|Tyranitar, L50, F|
|poke|p1|Excadrill, L50, F|
|poke|p1|Pidgeot, L50, M|
|poke|p1|Tsareena, L50, F|
|poke|p1|Rotom-Wash, L50|
|poke|p2|Tyranitar, L50, M|
|poke|p2|Excadrill, L50, M|
|poke|p2|Whimsicott, L50, M|
|poke|p2|Gholdengo, L50|
|poke|p2|Milotic, L50, F|
|poke|p2|Delphox, L50, M|
|teampreview|4
|showteam|p1|Gholdengo||LifeOrb|GoodasGold|MakeItRain,ShadowBall,NastyPlot,Protect|Timid|||||50|]Tyranitar||Tyranitarite|SandStream|RockSlide,KnockOff,Protect,LowKick|Jolly||F|||50|]Excadrill||FocusSash|SandRush|IronHead,Earthquake,RockSlide,Protect|Adamant||F|||50|]Pidgeot||Pidgeotite|BigPecks|Hurricane,HeatWave,Protect,Tailwind|Timid||M|||50|]Tsareena||ChoiceScarf|QueenlyMajesty|PowerWhip,TripleAxel,Uturn,LowKick|Jolly||F|||50|]Rotom-Wash||SitrusBerry|Levitate|Thunderbolt,HydroPump,Protect,WillOWisp|Bold|||||50|
|showteam|p2|Tyranitar||Tyranitarite|SandStream|Protect,RockSlide,KnockOff,LowKick|Adamant||M|||50|]Excadrill||LifeOrb|SandRush|Protect,IronHead,HighHorsepower,Earthquake|Adamant||M|||50|]Whimsicott||FocusSash|Prankster|Protect,Tailwind,Moonblast,Encore|Timid||M|||50|]Gholdengo||ColburBerry|GoodasGold|Protect,NastyPlot,MakeItRain,ShadowBall|Modest|||||50|]Milotic||Leftovers|Competitive|Protect,Coil,Hypnosis,MuddyWater|Bold||F|||50|]Delphox||Delphoxite|Blaze|Protect,HeatWave,Psychic,NastyPlot|Timid||M|||50|
|
|t:|1786048109
|teamsize|p1|4
|teamsize|p2|4
|start
|switch|p1a: Pidgeot|Pidgeot, L50, M|100/100
|switch|p1b: Rotom|Rotom-Wash, L50|100/100
|switch|p2a: Delphox|Delphox, L50, M|100/100
|switch|p2b: Excadrill|Excadrill, L50, M|100/100
|turn|1
|
|t:|1786048142
|detailschange|p2a: Delphox|Delphox-Mega, L50, M
|-mega|p2a: Delphox|Delphox|Delphoxite
|detailschange|p1a: Pidgeot|Pidgeot-Mega, L50, M
|-mega|p1a: Pidgeot|Pidgeot|Pidgeotite
|move|p2b: Excadrill|Protect|p2b: Excadrill
|-singleturn|p2b: Excadrill|Protect
|move|p2a: Delphox|Heat Wave|p1b: Rotom|[spread] p1a,p1b
|-resisted|p1b: Rotom|1
|-damage|p1a: Pidgeot|41/100
|-damage|p1b: Rotom|76/100
|move|p1a: Pidgeot|Tailwind|p1a: Pidgeot
|-sidestart|p1: PopoVGC|move: Tailwind
|move|p1b: Rotom|Hydro Pump|p2b: Excadrill
|-activate|p2b: Excadrill|move: Protect
|
|upkeep
|turn|2
|
|t:|1786048162
|switch|p2b: Whimsicott|Whimsicott, L50, M|100/100
|move|p2a: Delphox|Protect|p2a: Delphox
|-singleturn|p2a: Delphox|Protect
|move|p1a: Pidgeot|Heat Wave|p2b: Whimsicott|[spread] p2b
|-activate|p2a: Delphox|move: Protect
|-supereffective|p2b: Whimsicott|1
|-damage|p2b: Whimsicott|20/100r
|move|p1b: Rotom|Hydro Pump|p2a: Delphox
|-activate|p2a: Delphox|move: Protect
|
|upkeep
|turn|3
|
|t:|1786048174
|switch|p1a: Tyranitar|Tyranitar, L50, F|100/100
|-weather|Sandstorm|[from] ability: Sand Stream|[of] p1a: Tyranitar
|move|p2b: Whimsicott|Tailwind|p2b: Whimsicott
|-sidestart|p2: baggedchikin|move: Tailwind
|move|p2a: Delphox|Heat Wave|p1a: Tyranitar|[spread] p1a,p1b
|-resisted|p1a: Tyranitar|1
|-resisted|p1b: Rotom|1
|-damage|p1a: Tyranitar|86/100
|-damage|p1b: Rotom|54/100
|move|p1b: Rotom|Hydro Pump|p2a: Delphox
|-supereffective|p2a: Delphox|1
|-damage|p2a: Delphox|20/100y
|
|-weather|Sandstorm|[upkeep]
|-damage|p2a: Delphox|14/100|[from] Sandstorm
|-damage|p2b: Whimsicott|14/100|[from] Sandstorm
|-damage|p1b: Rotom|49/100|[from] Sandstorm
|-enditem|p1b: Rotom|Sitrus Berry|[eat]
|-heal|p1b: Rotom|73/100|[from] item: Sitrus Berry
|upkeep
|turn|4
|
|t:|1786048194
|move|p1b: Rotom|Protect|p1b: Rotom
|-singleturn|p1b: Rotom|Protect
|move|p1a: Tyranitar|Protect|p1a: Tyranitar
|-singleturn|p1a: Tyranitar|Protect
|move|p2a: Delphox|Psychic|p1b: Rotom
|-activate|p1b: Rotom|move: Protect
|move|p2b: Whimsicott|Moonblast|p1b: Rotom
|-activate|p1b: Rotom|move: Protect
|
|-weather|Sandstorm|[upkeep]
|-damage|p2a: Delphox|8/100|[from] Sandstorm
|-damage|p2b: Whimsicott|8/100|[from] Sandstorm
|-damage|p1b: Rotom|67/100|[from] Sandstorm
|-sideend|p1: PopoVGC|move: Tailwind
|upkeep
|turn|5
|
|t:|1786048209
|move|p2a: Delphox|Psychic|p1b: Rotom
|-crit|p1b: Rotom
|-damage|p1b: Rotom|0 fnt
|faint|p1b: Rotom
|move|p2b: Whimsicott|Moonblast|p1a: Tyranitar
|-supereffective|p1a: Tyranitar|1
|-damage|p1a: Tyranitar|35/100
|move|p1a: Tyranitar|Rock Slide|p2a: Delphox|[spread] p2a,p2b
|-supereffective|p2a: Delphox|1
|-damage|p2a: Delphox|0 fnt
|-damage|p2b: Whimsicott|0 fnt
|faint|p2a: Delphox
|faint|p2b: Whimsicott
|
|-weather|Sandstorm|[upkeep]
|upkeep
|
|t:|1786048219
|switch|p2a: Gholdengo|Gholdengo, L50|100/100
|switch|p2b: Excadrill|Excadrill, L50, M|100/100
|switch|p1b: Excadrill|Excadrill, L50, F|100/100
|turn|6
|
|t:|1786048230
|move|p1b: Excadrill|Protect|p1b: Excadrill
|-singleturn|p1b: Excadrill|Protect
|move|p1a: Tyranitar|Protect|p1a: Tyranitar
|-singleturn|p1a: Tyranitar|Protect
|move|p2b: Excadrill|High Horsepower|p1b: Excadrill
|-activate|p1b: Excadrill|move: Protect
|move|p2a: Gholdengo|Make It Rain|p1a: Tyranitar|[spread] 
|-activate|p1a: Tyranitar|move: Protect
|-activate|p1b: Excadrill|move: Protect
|
|-weather|Sandstorm|[upkeep]
|-sideend|p2: baggedchikin|move: Tailwind
|upkeep
|turn|7
|
|t:|1786048278
|move|p1b: Excadrill|Earthquake|p2b: Excadrill|[spread] p1a,p2a,p2b
|-supereffective|p1a: Tyranitar|1
|-supereffective|p2a: Gholdengo|1
|-supereffective|p2b: Excadrill|1
|-damage|p1a: Tyranitar|0 fnt
|-damage|p2a: Gholdengo|17/100
|-damage|p2b: Excadrill|0 fnt
|faint|p1a: Tyranitar
|faint|p2b: Excadrill
|move|p2a: Gholdengo|Make It Rain|p1b: Excadrill
|-resisted|p1b: Excadrill|1
|-damage|p1b: Excadrill|54/100
|-unboost|p2a: Gholdengo|spa|2
|
|-weather|none
|upkeep
|-message|baggedchikin forfeited.
|
|win|PopoVGC
|l|☆baggedchikin
|player|p2|
||baggedchikin is ready for game 2.
||PopoVGC is ready for game 2.
|uhtml|next|Next: Game 2 of 3
