|j|☆FerKillerVGC
|j|☆mak2012
|html|FerKillerVGCmak2012    
|uhtml|bestof|Game 1 of a best-of-3
|t:|1782186086
|gametype|doubles
|player|p1|FerKillerVGC|102|1113
|player|p2|mak2012|1|1138
|gen|9
|tier|[Gen 9 Champions] VGC 2026 Reg M-B (Bo3)
|rated|
|rule|Species Clause: Limit one of each Pokémon
|rule|Item Clause: Limit 1 of each item
|clearpoke
|poke|p1|Snorlax, L50, M|
|poke|p1|Sableye, L50, F|
|poke|p1|Armarouge, L50, F|
|poke|p1|Clefable, L50, F|
|poke|p1|Kingambit, L50, M|
|poke|p1|Venusaur, L50, M|
|poke|p2|Sceptile, L50, F|
|poke|p2|Sylveon, L50, F|
|poke|p2|Garchomp, L50, F|
|poke|p2|Rotom-Heat, L50|
|poke|p2|Whimsicott, L50, M|
|poke|p2|Aegislash, L50, F|
|teampreview|4
|showteam|p1|Snorlax||SitrusBerry|ThickFat|Facade,BodyPress,Stockpile,Recycle|Impish||M|||50|]Sableye||RoseliBerry|Prankster|FoulPlay,WillOWisp,Quash,FakeOut|Careful||F|||50|]Armarouge||FocusSash|FlashFire|HeatWave,Psychic,WideGuard,TrickRoom|Quiet||F|||50|]Clefable||Clefablite|Unaware|Moonblast,Flamethrower,FollowMe,Protect|Bold||F|||50|]Kingambit||BlackGlasses|Defiant|KowtowCleave,IronHead,SuckerPunch,Protect|Adamant||M|||50|]Venusaur||Venusaurite|Chlorophyll|SludgeBomb,GigaDrain,EarthPower,Protect|Modest||M|||50|
|showteam|p2|Sceptile||Sceptilite|Overgrow|EnergyBall,EarthPower,DragonPulse,Detect|Timid||F|||50|]Sylveon||FairyFeather|Pixilate|HyperVoice,HyperBeam,Detect,HelpingHand|Timid||F|||50|]Garchomp||ChoiceScarf|RoughSkin|RockSlide,DragonClaw,Crunch,Earthquake|Jolly||F|||50|]Rotom-Heat||SitrusBerry|Levitate|Discharge,Reflect,VoltSwitch,Overheat|Modest|||||50|]Whimsicott||FocusSash|Prankster|Tailwind,Encore,Moonblast,LightScreen|Timid||M|||50|]Aegislash||LifeOrb|StanceChange|SacredSword,PsychoCut,KingsShield,IronHead|Adamant||F|||50|
|
|t:|1782186120
|teamsize|p1|4
|teamsize|p2|4
|start
|switch|p1a: Clefable|Clefable, L50, F|100/100
|switch|p1b: Armarouge|Armarouge, L50, F|100/100
|switch|p2a: Garchomp|Garchomp, L50, F|100/100
|switch|p2b: Rotom|Rotom-Heat, L50|100/100
|turn|1
|
|t:|1782186155
|move|p1b: Armarouge|Wide Guard|p1b: Armarouge
|-singleturn|p1b: Armarouge|Wide Guard
|move|p2a: Garchomp|Earthquake|p1a: Clefable|[spread] 
|-activate|p1a: Clefable|move: Wide Guard
|-activate|p1b: Armarouge|move: Wide Guard
|-immune|p2b: Rotom|[from] ability: Levitate
|move|p2b: Rotom|Discharge|p1b: Armarouge|[spread] 
|-activate|p1a: Clefable|move: Wide Guard
|-activate|p1b: Armarouge|move: Wide Guard
|-immune|p2a: Garchomp
|move|p1a: Clefable|Moonblast|p2a: Garchomp
|-supereffective|p2a: Garchomp|1
|-damage|p2a: Garchomp|34/100
|
|upkeep
|turn|2
|
|t:|1782186187
|switch|p2a: Sceptile|Sceptile, L50, F|100/100
|move|p1b: Armarouge|Wide Guard|p1b: Armarouge
|-singleturn|p1b: Armarouge|Wide Guard
|move|p2b: Rotom|Volt Switch|p1b: Armarouge
|-damage|p1b: Armarouge|59/100
|
|t:|1782186194
|switch|p2b: Aegislash|Aegislash, L50, F|100/100|[from] Volt Switch
|move|p1a: Clefable|Flamethrower|p2a: Sceptile
|-supereffective|p2a: Sceptile|1
|-damage|p2a: Sceptile|44/100
|
|upkeep
|turn|3
|
|t:|1782186230
|detailschange|p2a: Sceptile|Sceptile-Mega, L50, F
|-mega|p2a: Sceptile|Sceptile|Sceptilite
|move|p1a: Clefable|Follow Me|p1a: Clefable
|-singleturn|p1a: Clefable|move: Follow Me
|move|p2a: Sceptile|Earth Power|p1a: Clefable
|-damage|p1a: Clefable|65/100
|-formechange|p2b: Aegislash|Aegislash-Blade|
|move|p2b: Aegislash|Iron Head|p1a: Clefable
|-supereffective|p1a: Clefable|1
|-damage|p1a: Clefable|0 fnt
|faint|p1a: Clefable
|-damage|p2b: Aegislash|90/100|[from] item: Life Orb
|move|p1b: Armarouge|Trick Room|p1b: Armarouge
|-fieldstart|move: Trick Room|[of] p1b: Armarouge
|
|upkeep
|
|t:|1782186240
|switch|p1a: Venusaur|Venusaur, L50, M|100/100
|turn|4
|
|t:|1782186261
|switch|p2a: Rotom|Rotom-Heat, L50|100/100
|detailschange|p1a: Venusaur|Venusaur-Mega, L50, M
|-mega|p1a: Venusaur|Venusaur|Venusaurite
|-formechange|p2b: Aegislash|Aegislash|
|move|p2b: Aegislash|King's Shield|p2b: Aegislash
|-singleturn|p2b: Aegislash|Protect
|move|p1b: Armarouge|Heat Wave|p2a: Rotom|[spread] p2a
|-activate|p2b: Aegislash|move: Protect
|-resisted|p2a: Rotom|1
|-damage|p2a: Rotom|77/100
|move|p1a: Venusaur|Sludge Bomb|p2a: Rotom
|-damage|p2a: Rotom|35/100
|-enditem|p2a: Rotom|Sitrus Berry|[eat]
|-heal|p2a: Rotom|59/100|[from] item: Sitrus Berry
|
|upkeep
|turn|5
|
|t:|1782186295
|-formechange|p2b: Aegislash|Aegislash-Blade|
|move|p2b: Aegislash|Psycho Cut|p1a: Venusaur
|-supereffective|p1a: Venusaur|1
|-damage|p1a: Venusaur|42/100
|-damage|p2b: Aegislash|80/100|[from] item: Life Orb
|move|p1b: Armarouge|Heat Wave|p2b: Aegislash|[spread] p2a,p2b
|-resisted|p2a: Rotom|1
|-supereffective|p2b: Aegislash|1
|-damage|p2a: Rotom|36/100
|-damage|p2b: Aegislash|0 fnt
|faint|p2b: Aegislash
|move|p2a: Rotom|Overheat|p1a: Venusaur
|-supereffective|p1a: Venusaur|1
|-damage|p1a: Venusaur|0 fnt
|-unboost|p2a: Rotom|spa|2
|faint|p1a: Venusaur
|
|upkeep
|
|t:|1782186317
|switch|p2b: Garchomp|Garchomp, L50, F|34/100
|switch|p1a: Snorlax|Snorlax, L50, M|100/100
|turn|6
|
|t:|1782186328
|move|p1a: Snorlax|Stockpile|p1a: Snorlax
|-start|p1a: Snorlax|stockpile1
|-boost|p1a: Snorlax|def|1
|-boost|p1a: Snorlax|spd|1
|move|p1b: Armarouge|Psychic|p2b: Garchomp
|-damage|p2b: Garchomp|0 fnt
|faint|p2b: Garchomp
|move|p2a: Rotom|Volt Switch|p1a: Snorlax
|-damage|p1a: Snorlax|93/100
|
|t:|1782186337
|switch|p2a: Sceptile|Sceptile-Mega, L50, F|44/100|[from] Volt Switch
|
|upkeep
|
|t:|1782186340
|switch|p2b: Rotom|Rotom-Heat, L50|36/100
|turn|7
|
|t:|1782186353
|move|p2a: Sceptile|Detect|p2a: Sceptile
|-singleturn|p2a: Sceptile|Protect
|move|p1a: Snorlax|Stockpile|p1a: Snorlax
|-start|p1a: Snorlax|stockpile2
|-boost|p1a: Snorlax|def|1
|-boost|p1a: Snorlax|spd|1
|move|p1b: Armarouge|Psychic|p2b: Rotom
|-damage|p2b: Rotom|0 fnt
|faint|p2b: Rotom
|
|-fieldend|move: Trick Room
|upkeep
|turn|8
|
|t:|1782186371
|move|p2a: Sceptile|Earth Power|p1b: Armarouge
|-supereffective|p1b: Armarouge|1
|-damage|p1b: Armarouge|0 fnt
|faint|p1b: Armarouge
|move|p1a: Snorlax|Body Press|p2a: Sceptile
|-damage|p2a: Sceptile|0 fnt
|faint|p2a: Sceptile
|
|win|FerKillerVGC
||FerKillerVGC is ready for game 2.
||mak2012 is ready for game 2.
|uhtml|next|Next: Game 2 of 3
|l|☆mak2012
|player|p2|
