|j|☆spyjus
|j|☆Crowy09
|html|spyjusCrowy09    
|uhtml|bestof|Game 1 of a best-of-3
|t:|1786154990
|gametype|doubles
|player|p1|spyjus|2|1022
|player|p2|Crowy09|chuck|1099
|gen|9
|tier|[Gen 9 Champions] VGC 2026 Reg M-B (Bo3)
|rated|
|rule|Species Clause: Limit one of each Pokémon
|rule|Item Clause: Limit 1 of each item
|clearpoke
|poke|p1|Heracross, L50, F|
|poke|p1|Whimsicott, L50, F|
|poke|p1|Typhlosion, L50, F|
|poke|p1|Samurott-Hisui, L50, F|
|poke|p1|Meganium, L50, M|
|poke|p1|Gyarados, L50, F|
|poke|p2|Annihilape, L50, M|
|poke|p2|Charizard, L50, M|
|poke|p2|Toxapex, L50, F|
|poke|p2|Metagross, L50|
|poke|p2|Incineroar, L50, M|
|poke|p2|Hydreigon, L50, M|
|teampreview|4
|showteam|p1|Heracross||Heracronite|Guts|RockBlast,PinMissile,BulletSeed,Protect|Adamant||F|||50|]Whimsicott||FocusSash|Prankster|Tailwind,Encore,ShadowBall,Protect|Bold||F|||50|]Typhlosion||LifeOrb|FlashFire|Eruption,Extrasensory,ShadowBall,Protect|Timid||F|||50|]Samurott-Hisui||ScopeLens|Sharpness|AquaCutter,SacredSword,FocusEnergy,Protect|Jolly||F|||50|]Meganium||Meganiumite|Overgrow|SolarBeam,WeatherBall,Synthesis,Protect|Timid||M|||50|]Gyarados||Leftovers|Intimidate|DragonDance,AquaTail,StoneEdge,Protect|Adamant||F|||50|
|showteam|p2|Annihilape||FocusSash|Defiant|PhantomForce,CloseCombat,RockTomb,Protect|Adamant||M|||50|]Charizard||CharizarditeY|Blaze|HeatWave,WeatherBall,SolarBeam,Protect|Modest||M|||50|]Toxapex||Leftovers|Regenerator|Toxic,Infestation,WideGuard,BanefulBunker|Bold||F|||50|]Metagross||Metagrossite|ClearBody|BulletPunch,PsychicFangs,StompingTantrum,Protect|Jolly|||||50|]Incineroar||SitrusBerry|Intimidate|FlareBlitz,ThroatChop,PartingShot,FakeOut|Impish||M|||50|]Hydreigon||ChoiceScarf|Levitate|DarkPulse,DracoMeteor,Snarl,HeatWave|Modest||M|||50|
|inactive|Battle timer is ON: inactive players will automatically lose when time's up. (requested by spyjus)
|inactive|Crowy09 has 60 seconds left.
|
|t:|1786155048
|teamsize|p1|4
|teamsize|p2|4
|start
|switch|p1a: Typhlosion|Typhlosion, L50, F|100/100
|switch|p1b: Whimsicott|Whimsicott, L50, F|100/100
|switch|p2a: Toxapex|Toxapex, L50, F|100/100
|switch|p2b: Charizard|Charizard, L50, M|100/100
|turn|1
|inactive|spyjus has 30 seconds left.
|
|t:|1786155074
|detailschange|p2b: Charizard|Charizard-Mega-Y, L50, M
|-mega|p2b: Charizard|Charizard|Charizardite Y
|-weather|SunnyDay|[from] ability: Drought|[of] p2b: Charizard
|move|p1b: Whimsicott|Tailwind|p1b: Whimsicott
|-sidestart|p1: spyjus|move: Tailwind
|move|p1a: Typhlosion|Eruption|p2a: Toxapex|[spread] p2a,p2b
|-resisted|p2a: Toxapex|1
|-resisted|p2b: Charizard|1
|-damage|p2a: Toxapex|58/100
|-damage|p2b: Charizard|58/100
|-damage|p1a: Typhlosion|90/100|[from] item: Life Orb
|move|p2b: Charizard|Heat Wave|p1a: Typhlosion|[spread] p1b
|-start|p1a: Typhlosion|ability: Flash Fire
|-supereffective|p1b: Whimsicott|1
|-enditem|p1b: Whimsicott|Focus Sash
|-damage|p1b: Whimsicott|1/100
|move|p2a: Toxapex|Toxic|p1b: Whimsicott
|-status|p1b: Whimsicott|tox
|
|-weather|SunnyDay|[upkeep]
|-heal|p2a: Toxapex|64/100|[from] item: Leftovers
|-damage|p1b: Whimsicott|0 fnt|[from] psn
|faint|p1b: Whimsicott
|upkeep
|inactive|spyjus has 30 seconds left.
|
|t:|1786155101
|switch|p1b: Gyarados|Gyarados, L50, F|100/100
|-ability|p1b: Gyarados|Intimidate|boost
|-unboost|p2a: Toxapex|atk|1
|-unboost|p2b: Charizard|atk|1
|turn|2
|inactive|Crowy09 has 30 seconds left.
|
|t:|1786155126
|switch|p2b: Incineroar|Incineroar, L50, M|100/100
|-ability|p2b: Incineroar|Intimidate|boost
|-unboost|p1a: Typhlosion|atk|1
|-unboost|p1b: Gyarados|atk|1
|move|p2a: Toxapex|Wide Guard|p2a: Toxapex
|-singleturn|p2a: Toxapex|Wide Guard
|move|p1a: Typhlosion|Eruption|p2b: Incineroar|[spread] 
|-activate|p2a: Toxapex|move: Wide Guard
|-activate|p2b: Incineroar|move: Wide Guard
|move|p1b: Gyarados|Stone Edge|p2b: Incineroar
|-supereffective|p2b: Incineroar|1
|-damage|p2b: Incineroar|66/100
|
|-weather|SunnyDay|[upkeep]
|-heal|p2a: Toxapex|70/100|[from] item: Leftovers
|upkeep
|turn|3
|inactive|spyjus has 30 seconds left.
|inactive|Crowy09 has 30 seconds left.
|
|t:|1786155159
|-end|p1a: Typhlosion|ability: Flash Fire|[silent]
|switch|p1a: Heracross|Heracross, L50, F|100/100
|move|p2b: Incineroar|Fake Out|p1b: Gyarados
|-damage|p1b: Gyarados|85/100
|cant|p1b: Gyarados|flinch
|move|p2a: Toxapex|Toxic|p1a: Heracross
|-status|p1a: Heracross|tox
|
|-weather|SunnyDay|[upkeep]
|-heal|p1b: Gyarados|91/100|[from] item: Leftovers
|-heal|p2a: Toxapex|75/100|[from] item: Leftovers
|-damage|p1a: Heracross|94/100 tox|[from] psn
|upkeep
|turn|4
|inactive|Crowy09 has 30 seconds left.
|
|t:|1786155186
|detailschange|p1a: Heracross|Heracross-Mega, L50, F
|-mega|p1a: Heracross|Heracross|Heracronite
|move|p1b: Gyarados|Dragon Dance|p1b: Gyarados
|-boost|p1b: Gyarados|atk|1
|-boost|p1b: Gyarados|spe|1
|move|p1a: Heracross|Rock Blast|p2b: Incineroar|[miss]
|-miss|p1a: Heracross|p2b: Incineroar
|move|p2b: Incineroar|Parting Shot|p1a: Heracross
|-unboost|p1a: Heracross|atk|1
|-unboost|p1a: Heracross|spa|1
|
|t:|1786155197
|switch|p2b: Hydreigon|Hydreigon, L50, M|100/100|[from] Parting Shot
|move|p2a: Toxapex|Infestation|p1a: Heracross
|-resisted|p1a: Heracross|1
|-damage|p1a: Heracross|92/100 tox
|-activate|p1a: Heracross|move: Infestation|[of] p2a: Toxapex
|
|-weather|SunnyDay|[upkeep]
|-heal|p1b: Gyarados|97/100|[from] item: Leftovers
|-heal|p2a: Toxapex|81/100|[from] item: Leftovers
|-damage|p1a: Heracross|80/100 tox|[from] psn
|-damage|p1a: Heracross|68/100 tox|[from] move: Infestation|[partiallytrapped]
|-sideend|p1: spyjus|move: Tailwind
|upkeep
|turn|5
|inactive|spyjus has 30 seconds left.
|
|t:|1786155223
|switch|p2b: Incineroar|Incineroar, L50, M|66/100
|-ability|p2b: Incineroar|Intimidate|boost
|-unboost|p1a: Heracross|atk|1
|-unboost|p1b: Gyarados|atk|1
|move|p1b: Gyarados|Stone Edge|p2a: Toxapex
|-damage|p2a: Toxapex|65/100
|move|p1a: Heracross|Pin Missile|p2b: Incineroar
|-damage|p2b: Incineroar|58/100
|-damage|p2b: Incineroar|52/100
|-damage|p2b: Incineroar|45/100
|-enditem|p2b: Incineroar|Sitrus Berry|[eat]
|-heal|p2b: Incineroar|69/100|[from] item: Sitrus Berry
|-damage|p2b: Incineroar|62/100
|-damage|p2b: Incineroar|55/100
|-hitcount|p2b: Incineroar|5
|move|p2a: Toxapex|Toxic|p1b: Gyarados
|-status|p1b: Gyarados|tox
|
|-weather|none
|-heal|p1b: Gyarados|100/100 tox|[from] item: Leftovers
|-heal|p2a: Toxapex|71/100|[from] item: Leftovers
|-damage|p1b: Gyarados|94/100 tox|[from] psn
|-damage|p1a: Heracross|50/100g tox|[from] psn
|-damage|p1a: Heracross|38/100 tox|[from] move: Infestation|[partiallytrapped]
|upkeep
|turn|6
|inactive|spyjus has 30 seconds left.
|inactive|Crowy09 has 30 seconds left.
|
|t:|1786155253
|move|p2b: Incineroar|Fake Out|p1a: Heracross
|-damage|p1a: Heracross|29/100 tox
|move|p1b: Gyarados|Stone Edge|p2b: Incineroar
|-supereffective|p2b: Incineroar|1
|-crit|p2b: Incineroar
|-damage|p2b: Incineroar|0 fnt
|faint|p2b: Incineroar
|cant|p1a: Heracross|flinch
|move|p2a: Toxapex|Infestation|p1b: Gyarados
|-resisted|p1b: Gyarados|1
|-damage|p1b: Gyarados|92/100 tox
|-activate|p1b: Gyarados|move: Infestation|[of] p2a: Toxapex
|
|-heal|p1b: Gyarados|98/100 tox|[from] item: Leftovers
|-heal|p2a: Toxapex|77/100|[from] item: Leftovers
|-damage|p1b: Gyarados|86/100 tox|[from] psn
|-damage|p1a: Heracross|5/100 tox|[from] psn
|-damage|p1b: Gyarados|74/100 tox|[from] move: Infestation|[partiallytrapped]
|-damage|p1a: Heracross|0 fnt|[from] move: Infestation|[partiallytrapped]
|faint|p1a: Heracross
|upkeep
|
|t:|1786155269
|switch|p1a: Typhlosion|Typhlosion, L50, F|90/100
|switch|p2b: Hydreigon|Hydreigon, L50, M|100/100
|turn|7
|
|t:|1786155286
|move|p2b: Hydreigon|Dark Pulse|p1a: Typhlosion
|-damage|p1a: Typhlosion|32/100
|move|p1b: Gyarados|Dragon Dance|p1b: Gyarados
|-boost|p1b: Gyarados|atk|1
|-boost|p1b: Gyarados|spe|1
|move|p1a: Typhlosion|Extrasensory|p2a: Toxapex
|-supereffective|p2a: Toxapex|1
|-damage|p2a: Toxapex|25/100
|-damage|p1a: Typhlosion|22/100|[from] item: Life Orb
|move|p2a: Toxapex|Toxic|p1a: Typhlosion
|-status|p1a: Typhlosion|tox
|
|-heal|p1b: Gyarados|80/100 tox|[from] item: Leftovers
|-heal|p2a: Toxapex|31/100|[from] item: Leftovers
|-damage|p1b: Gyarados|62/100 tox|[from] psn
|-damage|p1a: Typhlosion|16/100 tox|[from] psn
|-damage|p1b: Gyarados|50/100g tox|[from] move: Infestation|[partiallytrapped]
|upkeep
|turn|8
|-message|spyjus forfeited.
|
|win|Crowy09
|l|☆spyjus
|player|p1|
||spyjus is ready for game 2.
||Crowy09 is ready for game 2.
|uhtml|next|Next: Game 2 of 3
