|j|☆fgyhung
|j|☆fumomarlboro
|html|fgyhungfumomarlboro    
|uhtml|bestof|Game 1 of a best-of-3
|t:|1756523412
|gametype|doubles
|player|p1|fgyhung|2|1179
|player|p2|fumomarlboro|169|1201
|gen|9
|tier|[Gen 9] VGC 2025 Reg H (Bo3)
|rated|
|rule|Species Clause: Limit one of each Pokémon
|rule|Item Clause: Limit 1 of each item
|clearpoke
|poke|p1|Weezing-Galar, L50, F|
|poke|p1|Dragapult, L50, M|
|poke|p1|Gholdengo, L50|
|poke|p1|Murkrow, L50, F|
|poke|p1|Annihilape, L50, M|
|poke|p1|Incineroar, L50, M|
|poke|p2|Archaludon, L50, F|
|poke|p2|Dragonite, L50, F|
|poke|p2|Pelipper, L50, F|
|poke|p2|Ursaluna, L50, M|
|poke|p2|Sinistcha, L50|
|poke|p2|Gholdengo, L50|
|teampreview|4
|showteam|p1|Weezing-Galar||SitrusBerry|NeutralizingGas|ToxicSpikes,Toxic,StrangeSteam,Protect|||F|||50|,,,,,Grass]Dragapult||ChoiceSpecs|ClearBody|Uturn,ShadowBall,FireBlast,DracoMeteor|||M|||50|,,,,,Dragon]Gholdengo||Leftovers|GoodasGold|MakeItRain,ShadowBall,NastyPlot,Protect||||||50|,,,,,Water]Murkrow||FocusSash|Prankster|SunnyDay,Tailwind,Haze,FoulPlay|||F|||50|,,,,,Ghost]Annihilape||SafetyGoggles|Defiant|BulkUp,RageFist,DrainPunch,Protect|||M|||50|,,,,,Water]Incineroar||AssaultVest|Intimidate|FakeOut,FlareBlitz,KnockOff,Uturn|||M|||50|,,,,,Bug
|showteam|p2|Archaludon||AssaultVest|Stamina|FlashCannon,BodyPress,ElectroShot,Snarl|||F|||50|,,,,,Fighting]Dragonite||LoadedDice|Multiscale|ScaleShot,Tailwind,Haze,Protect|||F|||50|,,,,,Fairy]Pelipper||FocusSash|Drizzle|MuddyWater,Hurricane,Tailwind,Protect|||F|||50|,,,,,Ghost]Ursaluna||FlameOrb|Guts|Facade,HeadlongRush,Earthquake,Protect|||M|||50|,,,,,Ghost]Sinistcha||SitrusBerry|Hospitality|MatchaGotcha,LifeDew,RagePowder,TrickRoom||||||50|,,,,,Dark]Gholdengo||ChoiceScarf|GoodasGold|MakeItRain,ShadowBall,Trick,Protect||||||50|,,,,,Flying
|inactive|Battle timer is ON: inactive players will automatically lose when time's up. (requested by fumomarlboro)
|inactive|fumomarlboro has 60 seconds left.
|
|t:|1756523473
|teamsize|p1|4
|teamsize|p2|4
|start
|switch|p1a: Weezing|Weezing-Galar, L50, F|100/100
|switch|p1b: Dragapult|Dragapult, L50, M|100/100
|switch|p2a: Sinistcha|Sinistcha, L50|100/100
|switch|p2b: Ursaluna|Ursaluna, L50, M|100/100
|-ability|p1a: Weezing|Neutralizing Gas
|turn|1
|inactive|fgyhung has 30 seconds left.
|inactive|fumomarlboro has 30 seconds left.
|inactive|fgyhung has 20 seconds left.
|inactive|fgyhung has 15 seconds left.
|inactive|fgyhung has 10 seconds left.
|
|t:|1756523519
|-terastallize|p2a: Sinistcha|Dark
|-terastallize|p1a: Weezing|Grass
|move|p1b: Dragapult|Fire Blast|p2a: Sinistcha
|-damage|p2a: Sinistcha|54/100
|-status|p2a: Sinistcha|brn
|move|p2b: Ursaluna|Headlong Rush|p1a: Weezing
|-resisted|p1a: Weezing
|-damage|p1a: Weezing|70/100
|-unboost|p2b: Ursaluna|def|1
|-unboost|p2b: Ursaluna|spd|1
|move|p1a: Weezing|Toxic Spikes|p2b: Ursaluna
|-sidestart|p2: fumomarlboro|move: Toxic Spikes
|move|p2a: Sinistcha|Trick Room|p2a: Sinistcha
|-fieldstart|move: Trick Room|[of] p2a: Sinistcha
|
|-damage|p2a: Sinistcha|48/100 brn|[from] brn
|-status|p2b: Ursaluna|brn|[from] item: Flame Orb
|upkeep
|-enditem|p2a: Sinistcha|Sitrus Berry|[eat]
|-heal|p2a: Sinistcha|73/100 brn|[from] item: Sitrus Berry
|turn|2
|inactive|fumomarlboro has 30 seconds left.
|
|t:|1756523545
|switch|p2a: Archaludon|Archaludon, L50, F|100/100
|switch|p1b: Incineroar|Incineroar, L50, M|100/100
|move|p1a: Weezing|Protect|p1a: Weezing
|-singleturn|p1a: Weezing|Protect
|move|p2b: Ursaluna|Headlong Rush|p1b: Incineroar
|-supereffective|p1b: Incineroar
|-damage|p1b: Incineroar|46/100
|-unboost|p2b: Ursaluna|def|1
|-unboost|p2b: Ursaluna|spd|1
|
|-damage|p2b: Ursaluna|95/100 brn|[from] brn
|upkeep
|turn|3
|inactive|fgyhung has 30 seconds left.
|
|t:|1756523571
|move|p2b: Ursaluna|Protect|p2b: Ursaluna
|-singleturn|p2b: Ursaluna|Protect
|move|p1b: Incineroar|Fake Out|p2b: Ursaluna
|-activate|p2b: Ursaluna|move: Protect
|move|p1a: Weezing|Strange Steam|p2a: Archaludon
|-damage|p2a: Archaludon|82/100
|move|p2a: Archaludon|Body Press|p1b: Incineroar
|-supereffective|p1b: Incineroar
|-damage|p1b: Incineroar|6/100
|
|-damage|p2b: Ursaluna|89/100 brn|[from] brn
|upkeep
|turn|4
|
|t:|1756523590
|switch|p1b: Annihilape|Annihilape, L50, M|100/100
|move|p1a: Weezing|Protect|p1a: Weezing
|-singleturn|p1a: Weezing|Protect
|move|p2b: Ursaluna|Facade|p1a: Weezing
|-activate|p1a: Weezing|move: Protect
|move|p2a: Archaludon|Flash Cannon|p1b: Annihilape
|-damage|p1b: Annihilape|71/100
|
|-damage|p2b: Ursaluna|83/100 brn|[from] brn
|upkeep
|turn|5
|
|t:|1756523609
|-end|p1a: Weezing|ability: Neutralizing Gas
|switch|p1a: Incineroar|Incineroar, L50, M|6/100
|-ability|p1a: Incineroar|Intimidate|boost
|-unboost|p2a: Archaludon|atk|1
|-unboost|p2b: Ursaluna|atk|1
|switch|p2a: Gholdengo|Gholdengo, L50|100/100
|move|p1b: Annihilape|Protect|p1b: Annihilape
|-singleturn|p1b: Annihilape|Protect
|move|p2b: Ursaluna|Facade|p1a: Incineroar
|-damage|p1a: Incineroar|0 fnt
|faint|p1a: Incineroar
|
|-damage|p2b: Ursaluna|77/100 brn|[from] brn
|-fieldend|move: Trick Room
|upkeep
|
|t:|1756523623
|switch|p1a: Dragapult|Dragapult, L50, M|100/100
|turn|6
|inactive|fumomarlboro has 30 seconds left.
|inactive|fumomarlboro has 20 seconds left.
|
|t:|1756523659
|switch|p1b: Weezing|Weezing-Galar, L50, F, tera:Grass|70/100
|-ability|p1b: Weezing|Neutralizing Gas
|move|p1a: Dragapult|Shadow Ball|p2a: Gholdengo
|-supereffective|p2a: Gholdengo
|-damage|p2a: Gholdengo|0 fnt
|faint|p2a: Gholdengo
|move|p2b: Ursaluna|Earthquake|p1b: Weezing|[spread] p1a,p1b
|-resisted|p1b: Weezing
|-damage|p1a: Dragapult|78/100
|-damage|p1b: Weezing|64/100
|
|-damage|p2b: Ursaluna|71/100 brn|[from] brn
|upkeep
|
|t:|1756523668
|switch|p2a: Archaludon|Archaludon, L50, F|82/100
|turn|7
|
|t:|1756523692
|switch|p1a: Annihilape|Annihilape, L50, M|71/100
|move|p2a: Archaludon|Flash Cannon|p1a: Annihilape
|-damage|p1a: Annihilape|44/100
|-unboost|p1a: Annihilape|spd|1
|move|p2b: Ursaluna|Headlong Rush|p1a: Annihilape
|-damage|p1a: Annihilape|19/100
|-unboost|p2b: Ursaluna|def|1
|-unboost|p2b: Ursaluna|spd|1
|move|p1b: Weezing|Strange Steam|p2b: Ursaluna
|-damage|p2b: Ursaluna|5/100 brn
|
|-damage|p2b: Ursaluna|0 fnt|[from] brn
|faint|p2b: Ursaluna
|upkeep
|
|t:|1756523704
|switch|p2b: Sinistcha|Sinistcha, L50, tera:Dark|73/100 brn
|turn|8
|inactive|fgyhung has 30 seconds left.
|
|t:|1756523733
|move|p1a: Annihilape|Drain Punch|p2b: Sinistcha
|-supereffective|p2b: Sinistcha
|-damage|p2b: Sinistcha|8/100 brn
|-heal|p1a: Annihilape|46/100|[from] drain|[of] p2b: Sinistcha
|move|p2a: Archaludon|Flash Cannon|p1a: Annihilape
|-damage|p1a: Annihilape|7/100
|-unboost|p1a: Annihilape|spd|1
|move|p1b: Weezing|Strange Steam|p2b: Sinistcha
|-supereffective|p2b: Sinistcha
|-damage|p2b: Sinistcha|0 fnt
|faint|p2b: Sinistcha
|
|upkeep
|turn|9
|-message|fumomarlboro forfeited.
|
|win|fgyhung
||fumomarlboro is ready for game 2.
||fumomarlboro is ready for game 2.
||fgyhung is ready for game 2.
|uhtml|next|Next: Game 2 of 3
