|j|☆Lkizzz
|j|☆uglybeast
|html|Lkizzzuglybeast    
|uhtml|bestof|Game 3 of a best-of-3
|t:|1756325636
|gametype|doubles
|player|p1|Lkizzz|swimmer-gen4dp|1198
|player|p2|uglybeast|lucas|1281
|gen|9
|tier|[Gen 9] VGC 2025 Reg H (Bo3)
|rated|
|rule|Species Clause: Limit one of each Pokémon
|rule|Item Clause: Limit 1 of each item
|clearpoke
|poke|p1|Porygon2, L50|
|poke|p1|Ursaluna, L50, M|
|poke|p1|Amoonguss, L50, M|
|poke|p1|Incineroar, L50, F|
|poke|p1|Basculegion, L50, M|
|poke|p1|Dragonite, L50, M|
|poke|p2|Murkrow, L50, F|
|poke|p2|Ursaluna-Bloodmoon, L50, M|
|poke|p2|Sneasler, L50, F|
|poke|p2|Dragapult, L50, F|
|poke|p2|Armarouge, L50, M|
|poke|p2|Indeedee-F, L50, F|
|teampreview|4
|showteam|p1|Porygon2||Eviolite|Download|TrickRoom,Recover,TeraBlast,IceBeam||||||50|,,,,,Flying]Ursaluna||FlameOrb|Guts|Protect,Facade,HeadlongRush,Earthquake|||M|||50|,,,,,Ghost]Amoonguss||RockyHelmet|Regenerator|Protect,Spore,RagePowder,PollenPuff|||M|||50|,,,,,Water]Incineroar||SafetyGoggles|Intimidate|FakeOut,KnockOff,FlareBlitz,PartingShot|||F|||50|,,,,,Ghost]Basculegion||ChoiceScarf|Adaptability|WaveCrash,AquaJet,LastRespects,FlipTurn|||M|||50|,,,,,Water]Dragonite||LoadedDice|Multiscale|Protect,ScaleShot,Haze,Tailwind|||M|||50|,,,,,Fairy
|showteam|p2|Murkrow||Eviolite|Prankster|Haze,SunnyDay,Tailwind,BraveBird|||F|||50|,,,,,Ghost]Ursaluna-Bloodmoon||LifeOrb|MindsEye|BloodMoon,HyperVoice,Protect,EarthPower|||M|||50|,,,,,Normal]Sneasler||PsychicSeed|Unburden|ThroatChop,DireClaw,CloseCombat,Protect|||F|||50|,,,,,Dark]Dragapult||ChoiceBand|ClearBody|DragonDarts,Outrage,Uturn,PhantomForce|||F|||50|,,,,,Dragon]Armarouge||PowerHerb|FlashFire|HeatWave,MeteorBeam,ExpandingForce,Protect|||M|||50|,,,,,Grass]Indeedee-F||RockyHelmet|PsychicSurge|DazzlingGleam,FollowMe,HelpingHand,TrickRoom|||F|||50|,,,,,Grass
|j| 13XH
|
|t:|1756325651
|teamsize|p1|4
|teamsize|p2|4
|start
|switch|p1a: Dragonite|Dragonite, L50, M|100/100
|switch|p1b: Big G|Incineroar, L50, F|100/100
|switch|p2a: Blade|Indeedee-F, L50, F|100/100
|switch|p2b: Giandam|Armarouge, L50, M|100/100
|-ability|p1b: Big G|Intimidate|boost
|-unboost|p2a: Blade|atk|1
|-unboost|p2b: Giandam|atk|1
|-fieldstart|move: Psychic Terrain|[from] ability: Psychic Surge|[of] p2a: Blade
|turn|1
|inactive|Battle timer is ON: inactive players will automatically lose when time's up. (requested by uglybeast)
|
|t:|1756325711
|switch|p1b: Ursaluna|Ursaluna, L50, M|100/100
|move|p2a: Blade|Follow Me|p2a: Blade
|-singleturn|p2a: Blade|move: Follow Me
|move|p1a: Dragonite|Scale Shot|p2a: Blade
|-damage|p2a: Blade|86/100
|-damage|p2a: Blade|74/100
|-damage|p2a: Blade|62/100
|-damage|p2a: Blade|47/100
|-hitcount|p2a: Blade|4
|-unboost|p1a: Dragonite|def|1
|-boost|p1a: Dragonite|spe|1
|move|p2b: Giandam|Meteor Beam||[still]
|-prepare|p2b: Giandam|Meteor Beam
|-boost|p2b: Giandam|spa|1
|-enditem|p2b: Giandam|Power Herb
|-anim|p2b: Giandam|Meteor Beam|p1a: Dragonite
|-supereffective|p1a: Dragonite
|-damage|p1a: Dragonite|33/100
|
|-status|p1b: Ursaluna|brn|[from] item: Flame Orb
|upkeep
|turn|2
|inactive|Lkizzz has 30 seconds left.
|inactive|uglybeast has 30 seconds left.
|inactive|Lkizzz has 20 seconds left.
|inactive|Lkizzz has 15 seconds left.
|inactive|Lkizzz has 10 seconds left.
|
|t:|1756325759
|-terastallize|p2b: Giandam|Grass
|move|p2a: Blade|Follow Me|p2a: Blade
|-singleturn|p2a: Blade|move: Follow Me
|move|p1a: Dragonite|Scale Shot|p2a: Blade
|-damage|p2a: Blade|35/100
|-damage|p2a: Blade|23/100
|-damage|p2a: Blade|9/100
|-damage|p2a: Blade|0 fnt
|faint|p2a: Blade
|-hitcount|p2: Blade|4
|-unboost|p1a: Dragonite|def|1
|-boost|p1a: Dragonite|spe|1
|move|p2b: Giandam|Expanding Force|p1b: Ursaluna|[spread] p1a,p1b
|-crit|p1b: Ursaluna
|-damage|p1a: Dragonite|0 fnt
|-damage|p1b: Ursaluna|0 fnt
|faint|p1a: Dragonite
|faint|p1b: Ursaluna
|
|upkeep
|inactive|uglybeast has 30 seconds left.
|
|t:|1756325787
|switch|p1a: Big G|Incineroar, L50, F|100/100
|switch|p2a: Kwstas|Murkrow, L50, F|100/100
|switch|p1b: Basculegion|Basculegion, L50, M|100/100
|-ability|p1a: Big G|Intimidate|boost
|-unboost|p2a: Kwstas|atk|1
|-unboost|p2b: Giandam|atk|1
|turn|3
|inactive|Lkizzz has 30 seconds left.
|inactive|uglybeast has 30 seconds left.
|inactive|uglybeast has 20 seconds left.
|inactive|Lkizzz has 20 seconds left.
|
|t:|1756325832
|-terastallize|p1b: Basculegion|Water
|move|p2b: Giandam|Protect|p2b: Giandam
|-singleturn|p2b: Giandam|Protect
|move|p2a: Kwstas|Tailwind|p2a: Kwstas
|-sidestart|p2: uglybeast|move: Tailwind
|move|p1b: Basculegion|Wave Crash|p2b: Giandam
|-activate|p2b: Giandam|move: Protect
|move|p1a: Big G|Knock Off|p2b: Giandam
|-activate|p2b: Giandam|move: Protect
|
|upkeep
|turn|4
|
|t:|1756325850
|move|p2a: Kwstas|Sunny Day|p2a: Kwstas
|-weather|SunnyDay
|move|p2b: Giandam|Expanding Force|p1a: Big G|[spread] p1b
|-immune|p1a: Big G
|-damage|p1b: Basculegion|7/100
|move|p1b: Basculegion|Wave Crash|p2b: Giandam
|-resisted|p2b: Giandam
|-damage|p2b: Giandam|76/100
|-damage|p1b: Basculegion|0 fnt|[from] Recoil
|faint|p1b: Basculegion
|move|p1a: Big G|Knock Off|p2b: Giandam
|-damage|p2b: Giandam|48/100
|
|-weather|SunnyDay|[upkeep]
|upkeep
|turn|5
|
|t:|1756325880
|move|p2b: Giandam|Meteor Beam||[still]
|-prepare|p2b: Giandam|Meteor Beam
|-boost|p2b: Giandam|spa|1
|move|p2a: Kwstas|Brave Bird|p1a: Big G
|-damage|p1a: Big G|75/100
|-damage|p2a: Kwstas|90/100|[from] Recoil
|move|p1a: Big G|Flare Blitz|p2a: Kwstas
|-damage|p2a: Kwstas|9/100
|-damage|p1a: Big G|54/100|[from] Recoil
|
|-weather|SunnyDay|[upkeep]
|-fieldend|move: Psychic Terrain
|upkeep
|turn|6
|
|t:|1756325891
|move|p2b: Giandam|Meteor Beam|p1a: Big G|[from] lockedmove|[miss]
|-miss|p2b: Giandam|p1a: Big G
|move|p2a: Kwstas|Brave Bird|p1a: Big G
|-damage|p1a: Big G|29/100
|-damage|p2a: Kwstas|0 fnt|[from] Recoil
|faint|p2a: Kwstas
|move|p1a: Big G|Knock Off|p2b: Giandam
|-damage|p2b: Giandam|20/100
|
|-weather|SunnyDay|[upkeep]
|-sideend|p2: uglybeast|move: Tailwind
|upkeep
|
|t:|1756325900
|switch|p2a: Anagnoman|Sneasler, L50, F|100/100
|turn|7
|
|t:|1756325912
|move|p2a: Anagnoman|Close Combat|p1a: Big G
|-supereffective|p1a: Big G
|-damage|p1a: Big G|0 fnt
|-unboost|p2a: Anagnoman|def|1
|-unboost|p2a: Anagnoman|spd|1
|faint|p1a: Big G
|
|win|uglybeast
|raw|Lkizzz's rating: 1198 → 1179(-19 for losing)
|raw|uglybeast's rating: 1281 → 1300(+19 for winning)
|l|☆Lkizzz
|player|p1|
|l|☆uglybeast
|player|p2|
|l| 13XH
|j|☆uglybeast
|player|p2|uglybeast|lucas|
