|j|☆pink spoon
|j|☆almagroalanzarote
|html|pink spoonalmagroalanzarote    
|uhtml|bestof|Game 2 of a best-of-3
|t:|1784298236
|gametype|doubles
|player|p1|pink spoon|parasollady|1203
|player|p2|almagroalanzarote|nate|1271
|gen|9
|tier|[Gen 9 Champions] VGC 2026 Reg M-B (Bo3)
|rated|
|rule|Species Clause: Limit one of each Pokémon
|rule|Item Clause: Limit 1 of each item
|clearpoke
|poke|p1|Lopunny, L50, F|
|poke|p1|Zoroark-Hisui, L50, M|
|poke|p1|Mamoswine, L50, M|
|poke|p1|Arcanine-Hisui, L50, F|
|poke|p1|Hydreigon, L50, M|
|poke|p1|Mawile, L50, M|
|poke|p2|Grimmsnarl, L50, M|
|poke|p2|Venusaur, L50, M|
|poke|p2|Pelipper, L50, F|
|poke|p2|Archaludon, L50, M|
|poke|p2|Charizard, L50, M|
|poke|p2|Basculegion, L50, M|
|teampreview|4
|showteam|p1|Lopunny||Lopunnite|Limber|CloseCombat,MegaKick,FakeOut,Protect|Jolly||F|||50|]Zoroark-Hisui||FocusSash|Illusion|HyperVoice,ShadowBall,NastyPlot,Protect|Timid||M|||50|]Mamoswine||LifeOrb|Oblivious|IcicleCrash,HighHorsepower,IceShard,Protect|Adamant||M|||50|]Arcanine-Hisui||PasshoBerry|RockHead|FlareBlitz,RockSlide,ExtremeSpeed,Protect|Jolly||F|||50|]Hydreigon||SitrusBerry|Levitate|DracoMeteor,Snarl,NastyPlot,Protect|Modest||M|||50|]Mawile||Mawilite|HyperCutter|PlayRough,SuckerPunch,SwordsDance,Protect|Brave||M|||50|
|showteam|p2|Grimmsnarl||LightClay|Prankster|SpiritBreak,Reflect,LightScreen,PartingShot|Careful||M|||50|]Venusaur||FocusSash|Chlorophyll|SludgeBomb,EarthPower,SleepPowder,Protect|Modest||M|||50|]Pelipper||SitrusBerry|Drizzle|WeatherBall,Hurricane,Tailwind,WideGuard|Modest||F|||50|]Archaludon||Leftovers|Stamina|ElectroShot,FlashCannon,DragonPulse,Protect|Modest||M|||50|]Charizard||CharizarditeY|Blaze|WeatherBall,HeatWave,SolarBeam,Protect|Modest||M|||50|]Basculegion||ChoiceScarf|Adaptability|WaveCrash,FlipTurn,AquaJet,LastRespects|Jolly||M|||50|
|inactive|Battle timer is ON: inactive players will automatically lose when time's up. (requested by almagroalanzarote)
|
|t:|1784298255
|teamsize|p1|4
|teamsize|p2|4
|start
|switch|p1a: Lopunny|Lopunny, L50, F|100/100
|switch|p1b: Mamoswine|Mamoswine, L50, M|100/100
|switch|p2a: Basculegion|Basculegion, L50, M|100/100
|switch|p2b: Archaludon|Archaludon, L50, M|100/100
|turn|1
|
|t:|1784298269
|detailschange|p1a: Lopunny|Lopunny-Mega, L50, F
|-mega|p1a: Lopunny|Lopunny|Lopunnite
|move|p2b: Archaludon|Protect|p2b: Archaludon
|-singleturn|p2b: Archaludon|Protect
|move|p1a: Lopunny|Fake Out|p2a: Basculegion
|-damage|p2a: Basculegion|71/100
|cant|p2a: Basculegion|flinch
|move|p1b: Mamoswine|Shadow Ball|p2a: Basculegion
|-supereffective|p2a: Basculegion|1
|-damage|p2a: Basculegion|0 fnt
|faint|p2a: Basculegion
|
|upkeep
|
|t:|1784298287
|switch|p2a: Charizard|Charizard, L50, M|100/100
|turn|2
|
|t:|1784298305
|switch|p2b: Pelipper|Pelipper, L50, F|100/100
|-weather|RainDance|[from] ability: Drizzle|[of] p2b: Pelipper
|detailschange|p2a: Charizard|Charizard-Mega-Y, L50, M
|-mega|p2a: Charizard|Charizard|Charizardite Y
|-weather|SunnyDay|[from] ability: Drought|[of] p2a: Charizard
|move|p1a: Lopunny|Close Combat|p2b: Pelipper
|-resisted|p2b: Pelipper|1
|-damage|p2b: Pelipper|67/100
|-unboost|p1a: Lopunny|def|1
|-unboost|p1a: Lopunny|spd|1
|move|p1b: Mamoswine|Hyper Voice|p2a: Charizard|[spread] p2a,p2b
|-damage|p2a: Charizard|71/100
|-damage|p2b: Pelipper|30/100
|-enditem|p2b: Pelipper|Sitrus Berry|[eat]
|-heal|p2b: Pelipper|55/100|[from] item: Sitrus Berry
|move|p2a: Charizard|Weather Ball|p1a: Lopunny
|-damage|p1a: Lopunny|0 fnt
|faint|p1a: Lopunny
|
|-weather|SunnyDay|[upkeep]
|upkeep
|
|t:|1784298324
|switch|p1a: Hydreigon|Hydreigon, L50, M|100/100
|turn|3
|
|t:|1784298340
|move|p1b: Mamoswine|Nasty Plot|p1b: Mamoswine
|-boost|p1b: Mamoswine|spa|2
|move|p2a: Charizard|Heat Wave|p1a: Hydreigon|[spread] p1a,p1b
|-resisted|p1a: Hydreigon|1
|-damage|p1a: Hydreigon|74/100
|-enditem|p1b: Mamoswine|Focus Sash
|-damage|p1b: Mamoswine|1/100
|replace|p1b: Zoroark|Zoroark-Hisui, L50, M
|-end|p1b: Zoroark|Illusion
|move|p1a: Hydreigon|Draco Meteor|p2b: Pelipper
|-damage|p2b: Pelipper|0 fnt
|-unboost|p1a: Hydreigon|spa|2
|faint|p2b: Pelipper
|
|-weather|SunnyDay|[upkeep]
|upkeep
|
|t:|1784298355
|switch|p2b: Archaludon|Archaludon, L50, M|100/100
|turn|4
|
|t:|1784298370
|switch|p1a: Mamoswine|Mamoswine, L50, M|100/100
|move|p1b: Zoroark|Protect|p1b: Zoroark
|-singleturn|p1b: Zoroark|Protect
|move|p2a: Charizard|Heat Wave|p1b: Zoroark|[spread] p1a
|-activate|p1b: Zoroark|move: Protect
|-supereffective|p1a: Mamoswine|1
|-damage|p1a: Mamoswine|0 fnt
|faint|p1a: Mamoswine
|move|p2b: Archaludon|Dragon Pulse|p1b: Zoroark
|-activate|p1b: Zoroark|move: Protect
|
|-weather|SunnyDay|[upkeep]
|upkeep
|
|t:|1784298376
|switch|p1a: Hydreigon|Hydreigon, L50, M|74/100
|turn|5
|
|t:|1784298392
|move|p2b: Archaludon|Protect|p2b: Archaludon
|-singleturn|p2b: Archaludon|Protect
|move|p1b: Zoroark|Hyper Voice|p2a: Charizard|[spread] p2a
|-activate|p2b: Archaludon|move: Protect
|-damage|p2a: Charizard|9/100
|move|p2a: Charizard|Heat Wave|p1b: Zoroark|[spread] p1a,p1b
|-resisted|p1a: Hydreigon|1
|-damage|p1a: Hydreigon|46/100
|-damage|p1b: Zoroark|0 fnt
|-enditem|p1a: Hydreigon|Sitrus Berry|[eat]
|-heal|p1a: Hydreigon|70/100|[from] item: Sitrus Berry
|faint|p1b: Zoroark
|move|p1a: Hydreigon|Snarl|p2b: Archaludon|[spread] p2a
|-activate|p2b: Archaludon|move: Protect
|-damage|p2a: Charizard|0 fnt
|faint|p2a: Charizard
|
|-weather|SunnyDay|[upkeep]
|upkeep
|turn|6
|
|t:|1784298409
|move|p1a: Hydreigon|Snarl|p2b: Archaludon
|-damage|p2b: Archaludon|72/100
|-unboost|p2b: Archaludon|spa|1
|-ability|p2b: Archaludon|Stamina|boost
|-boost|p2b: Archaludon|def|1
|move|p2b: Archaludon|Dragon Pulse|p1a: Hydreigon
|-supereffective|p1a: Hydreigon|1
|-damage|p1a: Hydreigon|22/100
|
|-weather|none
|-heal|p2b: Archaludon|78/100|[from] item: Leftovers
|upkeep
|turn|7
|
|t:|1784298422
|move|p1a: Hydreigon|Draco Meteor|p2b: Archaludon
|-damage|p2b: Archaludon|15/100
|-unboost|p1a: Hydreigon|spa|2
|-ability|p2b: Archaludon|Stamina|boost
|-boost|p2b: Archaludon|def|1
|move|p2b: Archaludon|Dragon Pulse|p1a: Hydreigon
|-supereffective|p1a: Hydreigon|1
|-damage|p1a: Hydreigon|0 fnt
|faint|p1a: Hydreigon
|
|win|almagroalanzarote
