|j|☆Anazawa Nizimi
|j|☆Il Mule
|html|Anazawa NizimiIl Mule    
|uhtml|bestof|Game 3 of a best-of-3
|t:|1786027044
|gametype|doubles
|player|p1|Anazawa Nizimi|169|1394
|player|p2|Il Mule|salvatore|1583
|gen|9
|tier|[Gen 9 Champions] VGC 2026 Reg M-B (Bo3)
|rated|
|rule|Species Clause: Limit one of each Pokémon
|rule|Item Clause: Limit 1 of each item
|clearpoke
|poke|p1|Froslass, L50, F|
|poke|p1|Dragonite, L50, M|
|poke|p1|Sneasler, L50, F|
|poke|p1|Basculegion, L50, M|
|poke|p1|Kingambit, L50, F|
|poke|p1|Arcanine-Hisui, L50, F|
|poke|p2|Excadrill, L50, F|
|poke|p2|Tyranitar, L50, F|
|poke|p2|Sneasler, L50, M|
|poke|p2|Incineroar, L50, F|
|poke|p2|Froslass, L50, F|
|poke|p2|Sinistcha, L50|
|teampreview|4
|showteam|p1|Froslass||Froslassite|CursedBody|Blizzard,ShadowBall,AuroraVeil,Protect|Timid||F|||50|]Dragonite||Dragoninite|InnerFocus|DragonPulse,HeatWave,Thunderbolt,Tailwind|Modest||M|||50|]Sneasler||WhiteHerb|Unburden|DireClaw,CloseCombat,FakeOut,Coaching|Adamant||F|||50|]Basculegion||SitrusBerry|Adaptability|WaveCrash,LastRespects,AquaJet,Protect|Adamant||M|||50|]Kingambit||ChopleBerry|Defiant|KowtowCleave,SuckerPunch,IronHead,LowKick|Adamant||F|||50|]Arcanine-Hisui||FocusSash|RockHead|FlareBlitz,ExtremeSpeed,HeadSmash,Protect|Jolly||F|||50|
|showteam|p2|Excadrill||FocusSash|SandRush|RockSlide,HighHorsepower,IronHead,Protect|Adamant||F|||50|]Tyranitar||Tyranitarite|SandStream|RockSlide,KnockOff,DragonDance,Protect|Jolly||F|||50|]Sneasler||WhiteHerb|Unburden|CloseCombat,DireClaw,Coaching,FakeOut|Jolly||M|||50|]Incineroar||SitrusBerry|Intimidate|FlareBlitz,HelpingHand,PartingShot,FakeOut|Impish||F|||50|]Froslass||Froslassite|CursedBody|Blizzard,ShadowBall,NastyPlot,Protect|Timid||F|||50|]Sinistcha||ColburBerry|Hospitality|MatchaGotcha,TrickRoom,RagePowder,Protect|Bold|||||50|
|j| rovesciaporci
|j| cheat99
|
|t:|1786027089
|teamsize|p1|4
|teamsize|p2|4
|start
|switch|p1a: Froslass|Froslass, L50, F|100/100
|switch|p1b: Sneasler|Sneasler, L50, F|100/100
|switch|p2a: Sabotage|Sneasler, L50, M|100/100
|switch|p2b: Quando provo|Tyranitar, L50, F|100/100
|-weather|Sandstorm|[from] ability: Sand Stream|[of] p2b: Quando provo
|turn|1
|
|t:|1786027119
|move|p2a: Sabotage|Fake Out|p1b: Sneasler
|-damage|p1b: Sneasler|85/100
|move|p1a: Froslass|Shadow Ball|p2a: Sabotage
|-damage|p2a: Sabotage|71/100
|cant|p1b: Sneasler|flinch
|move|p2b: Quando provo|Dragon Dance|p2b: Quando provo
|-boost|p2b: Quando provo|atk|1
|-boost|p2b: Quando provo|spe|1
|
|-weather|Sandstorm|[upkeep]
|-damage|p2a: Sabotage|65/100|[from] Sandstorm
|-damage|p1a: Froslass|94/100|[from] Sandstorm
|-damage|p1b: Sneasler|79/100|[from] Sandstorm
|upkeep
|turn|2
|j| Spadello
|
|t:|1786027163
|detailschange|p1a: Froslass|Froslass-Mega, L50, F
|-mega|p1a: Froslass|Froslass|Froslassite
|-weather|Snowscape|[from] ability: Snow Warning|[of] p1a: Froslass
|move|p2a: Sabotage|Coaching|p2b: Quando provo
|-boost|p2b: Quando provo|atk|1
|-boost|p2b: Quando provo|def|1
|move|p2b: Quando provo|Dragon Dance|p2b: Quando provo
|-boost|p2b: Quando provo|atk|1
|-boost|p2b: Quando provo|spe|1
|move|p1a: Froslass|Aurora Veil|p1a: Froslass
|-sidestart|p1: Anazawa Nizimi|move: Aurora Veil
|move|p1b: Sneasler|Close Combat|p2b: Quando provo
|-supereffective|p2b: Quando provo|2
|-damage|p2b: Quando provo|0 fnt
|-unboost|p1b: Sneasler|def|1
|-unboost|p1b: Sneasler|spd|1
|faint|p2b: Quando provo
|-enditem|p1b: Sneasler|White Herb
|-clearnegativeboost|p1b: Sneasler|[silent]
|
|-weather|Snowscape|[upkeep]
|upkeep
|c|☆Il Mule|cazzo ho miss clickato
|j| lakaka siuuu
|c|☆Il Mule|porca puttana
|c|☆Il Mule|porca puttana
|c|☆Il Mule|cazzo
|
|t:|1786027182
|switch|p2b: Gervasoni|Excadrill, L50, F|100/100
|turn|3
|c| rovesciaporci|ottimo
|c|☆Il Mule|che gioco di merda era stravinta
|
|t:|1786027193
|move|p2b: Gervasoni|Protect|p2b: Gervasoni
|-singleturn|p2b: Gervasoni|Protect
|move|p1b: Sneasler|Close Combat|p2b: Gervasoni
|-activate|p2b: Gervasoni|move: Protect
|move|p2a: Sabotage|Coaching|p2b: Gervasoni
|-boost|p2b: Gervasoni|atk|1
|-boost|p2b: Gervasoni|def|1
|move|p1a: Froslass|Blizzard|p2a: Sabotage|[spread] p2a
|-activate|p2b: Gervasoni|move: Protect
|-crit|p2a: Sabotage
|-damage|p2a: Sabotage|0 fnt
|faint|p2a: Sabotage
|
|-weather|Snowscape|[upkeep]
|upkeep
|c|☆Il Mule|mi hanno distratto
|
|t:|1786027203
|switch|p2a: Sidy|Incineroar, L50, F|100/100
|-ability|p2a: Sidy|Intimidate|boost
|-unboost|p1a: Froslass|atk|1
|-unboost|p1b: Sneasler|atk|1
|turn|4
|c| rovesciaporci|volevi premere protex?
|
|t:|1786027218
|move|p2a: Sidy|Fake Out|p1b: Sneasler
|-damage|p1b: Sneasler|71/100
|cant|p1b: Sneasler|flinch
|move|p1a: Froslass|Blizzard|p2a: Sidy|[spread] p2a,p2b
|-resisted|p2a: Sidy|1
|-damage|p2a: Sidy|83/100
|-damage|p2b: Gervasoni|45/100
|move|p2b: Gervasoni|High Horsepower|p1b: Sneasler
|-supereffective|p1b: Sneasler|1
|-damage|p1b: Sneasler|0 fnt
|faint|p1b: Sneasler
|
|-weather|Snowscape|[upkeep]
|upkeep
|c|☆Il Mule|ero andato a calcolare off a +2
|c|☆Il Mule|ed era un buon roll
|c|☆Il Mule|mega off
|
|t:|1786027231
|switch|p1b: Arcanine|Arcanine-Hisui, L50, F|100/100
|turn|5
|c|☆Il Mule|però non me lo volevo giocare
|c|☆Il Mule|non sapendo la bulk
|c|☆Il Mule|quindi sì coaching protect
|c|☆Il Mule|e se uoma dentro insigne
|
|t:|1786027256
|move|p2b: Gervasoni|Protect|p2b: Gervasoni
|-singleturn|p2b: Gervasoni|Protect
|move|p1a: Froslass|Blizzard|p2b: Gervasoni|[spread] p2a
|-activate|p2b: Gervasoni|move: Protect
|-resisted|p2a: Sidy|1
|-damage|p2a: Sidy|67/100
|move|p1b: Arcanine|Head Smash|p2a: Sidy
|-supereffective|p2a: Sidy|1
|-damage|p2a: Sidy|0 fnt
|faint|p2a: Sidy
|
|-weather|Snowscape|[upkeep]
|upkeep
|turn|6
|-message|Il Mule forfeited.
|
|win|Anazawa Nizimi
