|j|☆Bergmann VGC
|j|☆rodjilius
|html|Bergmann VGCrodjilius    
|uhtml|bestof|Game 3 of a best-of-3
|t:|1754825503
|gametype|doubles
|player|p1|Bergmann VGC|roark|1244
|player|p2|rodjilius|benga|1265
|gen|9
|tier|[Gen 9] VGC 2025 Reg H (Bo3)
|rated|
|rule|Species Clause: Limit one of each Pokémon
|rule|Item Clause: Limit 1 of each item
|clearpoke
|poke|p1|Charizard, L50, F|
|poke|p1|Torkoal, L50, F|
|poke|p1|Porygon2, L50|
|poke|p1|Incineroar, L50, F|
|poke|p1|Jumpluff, L50, F|
|poke|p1|Ursaluna, L50, F|
|poke|p2|Dragapult, L50, F|
|poke|p2|Sneasler, L50, M|
|poke|p2|Indeedee, L50, M|
|poke|p2|Incineroar, L50, M|
|poke|p2|Typhlosion-Hisui, L50, F|
|poke|p2|Whimsicott, L50, F|
|teampreview|4
|showteam|p1|Charizard||ChoiceSpecs|SolarPower|HeatWave,Overheat,WeatherBall,AirSlash|||F|||50|,,,,,Ghost]Torkoal||EjectPack|Drought|Eruption,Overheat,HelpingHand,Protect|||F|||50|,,,,,Fire]Porygon2||Eviolite|Download|TeraBlast,IceBeam,Recover,TrickRoom||||||50|,,,,,Fighting]Incineroar||SafetyGoggles|Intimidate|FlareBlitz,KnockOff,FakeOut,PartingShot|||F|||50|,,,,,Ghost]Jumpluff||CovertCloak|Chlorophyll|SleepPowder,SunnyDay,RagePowder,Tailwind|||F|||50|,,,,,Water]Ursaluna||FlameOrb|Guts|HeadlongRush,Facade,Earthquake,Protect|||F|||50|,,,,,Ghost
|showteam|p2|Dragapult||ChoiceBand|ClearBody|DragonDarts,PhantomForce,Uturn,Outrage|||F|||50|,,,,,Dragon]Sneasler||PsychicSeed|Unburden|DireClaw,ThroatChop,CloseCombat,Protect|||M|||50|,,,,,Dark]Indeedee||FocusSash|PsychicSurge|ExpandingForce,Imprison,TeraBlast,TrickRoom|||M|||50|,,,,,Fighting]Incineroar||SafetyGoggles|Intimidate|FakeOut,Taunt,KnockOff,PartingShot|||M|||50|,,,,,Bug]Typhlosion-Hisui||ChoiceSpecs|Blaze|Eruption,HeatWave,ShadowBall,SolarBeam|||F|||50|,,,,,Fire]Whimsicott||CovertCloak|Prankster|Moonblast,Protect,Tailwind,SunnyDay|||F|||50|,,,,,Steel
|inactive|Battle timer is ON: inactive players will automatically lose when time's up. (requested by rodjilius)
|inactive|rodjilius has 60 seconds left.
|
|t:|1754825546
|teamsize|p1|4
|teamsize|p2|4
|start
|switch|p1a: Jumpluff|Jumpluff, L50, F|100/100
|switch|p1b: Torkoal|Torkoal, L50, F|100/100
|switch|p2a: Whimsicott|Whimsicott, L50, F|100/100
|switch|p2b: Typhlosion|Typhlosion-Hisui, L50, F|100/100
|-weather|SunnyDay|[from] ability: Drought|[of] p1b: Torkoal
|turn|1
|inactive|rodjilius has 30 seconds left.
|inactive|Bergmann VGC has 30 seconds left.
|inactive|rodjilius has 20 seconds left.
|
|t:|1754825584
|switch|p2b: Incineroar|Incineroar, L50, M|100/100
|-ability|p2b: Incineroar|Intimidate|boost
|-unboost|p1a: Jumpluff|atk|1
|-unboost|p1b: Torkoal|atk|1
|-enditem|p1b: Torkoal|Eject Pack
|
|t:|1754825589
|switch|p1b: Ursaluna|Ursaluna, L50, F|100/100
|-terastallize|p1a: Jumpluff|Water
|move|p2a: Whimsicott|Protect|p2a: Whimsicott
|-singleturn|p2a: Whimsicott|Protect
|move|p1a: Jumpluff|Sleep Powder|p2b: Incineroar
|-activate|p2b: Incineroar|item: Safety Goggles|Sleep Powder
|
|-weather|SunnyDay|[upkeep]
|-status|p1b: Ursaluna|brn|[from] item: Flame Orb
|upkeep
|turn|2
|
|t:|1754825607
|move|p1b: Ursaluna|Protect|p1b: Ursaluna
|-singleturn|p1b: Ursaluna|Protect
|move|p2a: Whimsicott|Tailwind|p2a: Whimsicott
|-sidestart|p2: rodjilius|move: Tailwind
|move|p1a: Jumpluff|Tailwind|p1a: Jumpluff
|-sidestart|p1: Bergmann VGC|move: Tailwind
|move|p2b: Incineroar|Taunt|p1a: Jumpluff
|-start|p1a: Jumpluff|move: Taunt
|
|-weather|SunnyDay|[upkeep]
|-damage|p1b: Ursaluna|95/100 brn|[from] brn
|upkeep
|turn|3
|
|t:|1754825631
|switch|p1a: Charizard|Charizard, L50, F|100/100
|move|p2a: Whimsicott|Moonblast|p1a: Charizard
|-resisted|p1a: Charizard
|-damage|p1a: Charizard|79/100
|-unboost|p1a: Charizard|spa|1
|move|p2b: Incineroar|Knock Off|p1a: Charizard
|-damage|p1a: Charizard|19/100
|-enditem|p1a: Charizard|Choice Specs|[from] move: Knock Off|[of] p2b: Incineroar
|move|p1b: Ursaluna|Earthquake|p2b: Incineroar|[spread] p2a,p2b
|-immune|p1a: Charizard
|-resisted|p2a: Whimsicott
|-supereffective|p2b: Incineroar
|-damage|p2a: Whimsicott|59/100
|-damage|p2b: Incineroar|0 fnt
|faint|p2b: Incineroar
|
|-weather|SunnyDay|[upkeep]
|-damage|p1a: Charizard|7/100|[from] ability: Solar Power|[of] p1a: Charizard
|-damage|p1b: Ursaluna|89/100 brn|[from] brn
|upkeep
|
|t:|1754825645
|switch|p2b: Typhlosion|Typhlosion-Hisui, L50, F|100/100
|turn|4
|inactive|Bergmann VGC has 30 seconds left.
|
|t:|1754825672
|move|p2a: Whimsicott|Moonblast|p1b: Ursaluna
|-damage|p1b: Ursaluna|59/100 brn
|move|p1a: Charizard|Overheat|p2b: Typhlosion
|-resisted|p2b: Typhlosion
|-damage|p2b: Typhlosion|34/100
|-unboost|p1a: Charizard|spa|2
|move|p2b: Typhlosion|Eruption|p1b: Ursaluna|[spread] p1a,p1b
|-resisted|p1a: Charizard
|-damage|p1a: Charizard|0 fnt
|-damage|p1b: Ursaluna|22/100 brn
|faint|p1a: Charizard
|move|p1b: Ursaluna|Earthquake|p2a: Whimsicott|[spread] p2a,p2b
|-resisted|p2a: Whimsicott
|-supereffective|p2b: Typhlosion
|-damage|p2a: Whimsicott|16/100
|-damage|p2b: Typhlosion|0 fnt
|faint|p2b: Typhlosion
|
|-weather|SunnyDay|[upkeep]
|-damage|p1b: Ursaluna|17/100 brn|[from] brn
|upkeep
|
|t:|1754825685
|switch|p1a: Jumpluff|Jumpluff, L50, F, tera:Water|100/100
|switch|p2b: Indeedee|Indeedee, L50, M|100/100
|-fieldstart|move: Psychic Terrain|[from] ability: Psychic Surge|[of] p2b: Indeedee
|turn|5
|
|t:|1754825702
|move|p1b: Ursaluna|Protect|p1b: Ursaluna
|-singleturn|p1b: Ursaluna|Protect
|move|p1a: Jumpluff|Sleep Powder|p2b: Indeedee|[miss]
|-miss|p1a: Jumpluff|p2b: Indeedee
|move|p2a: Whimsicott|Moonblast|p1b: Ursaluna
|-activate|p1b: Ursaluna|move: Protect
|move|p2b: Indeedee|Expanding Force|p1a: Jumpluff|[spread] p1a
|-activate|p1b: Ursaluna|move: Protect
|-damage|p1a: Jumpluff|45/100
|
|-weather|none
|-damage|p1b: Ursaluna|11/100 brn|[from] brn
|-sideend|p2: rodjilius|move: Tailwind
|-sideend|p1: Bergmann VGC|move: Tailwind
|upkeep
|turn|6
|
|t:|1754825718
|switch|p1b: Torkoal|Torkoal, L50, F|100/100
|-weather|SunnyDay|[from] ability: Drought|[of] p1b: Torkoal
|move|p2a: Whimsicott|Tailwind|p2a: Whimsicott
|-sidestart|p2: rodjilius|move: Tailwind
|move|p1a: Jumpluff|Sleep Powder|p2b: Indeedee
|-status|p2b: Indeedee|slp|[from] move: Sleep Powder
|cant|p2b: Indeedee|slp
|
|-weather|SunnyDay|[upkeep]
|upkeep
|turn|7
|
|t:|1754825736
|move|p1a: Jumpluff|Tailwind|p1a: Jumpluff
|-sidestart|p1: Bergmann VGC|move: Tailwind
|move|p2a: Whimsicott|Moonblast|p1b: Torkoal
|-resisted|p1b: Torkoal
|-damage|p1b: Torkoal|78/100
|cant|p2b: Indeedee|slp
|move|p1b: Torkoal|Eruption|p2b: Indeedee|[spread] p2a,p2b
|-supereffective|p2a: Whimsicott
|-damage|p2a: Whimsicott|0 fnt
|-damage|p2b: Indeedee|18/100 slp
|faint|p2a: Whimsicott
|
|-weather|SunnyDay|[upkeep]
|upkeep
|turn|8
|
|t:|1754825750
|move|p1a: Jumpluff|Sleep Powder|p2b: Indeedee
|-fail|p2b: Indeedee|slp
|-curestatus|p2b: Indeedee|slp|[msg]
|move|p2b: Indeedee|Expanding Force|p1b: Torkoal|[spread] p1a,p1b
|-damage|p1a: Jumpluff|0 fnt
|-damage|p1b: Torkoal|13/100
|faint|p1a: Jumpluff
|move|p1b: Torkoal|Overheat|p2b: Indeedee
|-damage|p2b: Indeedee|0 fnt
|-unboost|p1b: Torkoal|spa|2
|faint|p2b: Indeedee
|
|win|Bergmann VGC
|raw|Bergmann VGC's rating: 1244 → 1271(+27 for winning)
|raw|rodjilius's rating: 1265 → 1238(-27 for losing)
