|j|☆Kyooby
|j|☆Nearshort
|html|KyoobyNearshort    
|uhtml|bestof|Game 3 of a best-of-3
|t:|1757675087
|gametype|doubles
|player|p1|Kyooby|volkner|1108
|player|p2|Nearshort|birdkeeper-gen4dp|1155
|gen|9
|tier|[Gen 9] VGC 2025 Reg H (Bo3)
|rated|
|rule|Species Clause: Limit one of each Pokémon
|rule|Item Clause: Limit 1 of each item
|clearpoke
|poke|p1|Sinistcha, L50|
|poke|p1|Archaludon, L50, M|
|poke|p1|Pelipper, L50, M|
|poke|p1|Basculegion, L50, M|
|poke|p1|Hydreigon, L50, M|
|poke|p1|Electrode-Hisui, L50|
|poke|p2|Tyranitar, L50, M|
|poke|p2|Orthworm, L50, F|
|poke|p2|Excadrill, L50, M|
|poke|p2|Amoonguss, L50, M|
|poke|p2|Indeedee-F, L50, F|
|poke|p2|Armarouge, L50, M|
|teampreview|4
|showteam|p1|Sinistcha||SitrusBerry|Hospitality|MatchaGotcha,StrengthSap,RagePowder,TrickRoom||||||50|,,,,,Fire]Archaludon||AssaultVest|Stamina|DragonPulse,FlashCannon,ElectroShot,BodyPress|||M|||50|,,,,,Bug]Pelipper||FocusSash|Drizzle|WeatherBall,Hurricane,Tailwind,Protect|||M|||50|,,,,,Stellar]Basculegion||LifeOrb|SwiftSwim|WaveCrash,LastRespects,AquaJet,Protect|||M|||50|,,,,,Grass]Hydreigon||ScopeLens|Levitate|DracoMeteor,DarkPulse,FocusEnergy,Protect|||M|||50|,,,,,Steel]Electrode-Hisui||LoadedDice|Soundproof|BulletSeed,Electroweb,Taunt,RainDance||||||50|,,,,,Ghost
|showteam|p2|Tyranitar||AssaultVest|SandStream|RockSlide,LowKick,TeraBlast,KnockOff|||M|||50|,,,,,Flying]Orthworm||SitrusBerry|EarthEater|ShedTail,RockBlast,HelpingHand,Protect|||F|||50|,,,,,Poison]Excadrill||ChoiceScarf|SandForce|Earthquake,RockSlide,ShadowClaw,IronHead|||M|||50|,,,,,Ground]Amoonguss||RockyHelmet|Regenerator|RagePowder,Protect,ClearSmog,Spore|||M|||50|,,,,,Water]Indeedee-F||SafetyGoggles|PsychicSurge|FollowMe,Psychic,Protect,TrickRoom|||F|||50|,,,,,Fairy]Armarouge||PowerHerb|WeakArmor|ExpandingForce,HeatWave,Protect,MeteorBeam|||M|||50|,,,,,Grass
|inactive|Battle timer is ON: inactive players will automatically lose when time's up. (requested by Kyooby)
|inactive|Nearshort has 60 seconds left.
|
|t:|1757675143
|teamsize|p1|4
|teamsize|p2|4
|start
|switch|p1a: Electrode|Electrode-Hisui, L50, shiny|100/100
|switch|p1b: Hydreigon|Hydreigon, L50, M|100/100
|switch|p2a: Excadrill|Excadrill, L50, M|100/100
|switch|p2b: Armarouge|Armarouge, L50, M|100/100
|turn|1
|inactive|Kyooby has 30 seconds left.
|
|t:|1757675170
|-terastallize|p1b: Hydreigon|Steel
|-terastallize|p2b: Armarouge|Grass
|move|p1a: Electrode|Rain Dance|p1a: Electrode
|-weather|RainDance
|move|p2a: Excadrill|Earthquake|p1b: Hydreigon|[spread] p2b,p1a
|-immune|p1b: Hydreigon|[from] ability: Levitate
|-resisted|p2b: Armarouge
|-damage|p2b: Armarouge|79/100
|-damage|p1a: Electrode|41/100
|-ability|p2b: Armarouge|Weak Armor|boost
|-unboost|p2b: Armarouge|def|1
|-boost|p2b: Armarouge|spe|2
|move|p2b: Armarouge|Meteor Beam||[still]
|-prepare|p2b: Armarouge|Meteor Beam
|-boost|p2b: Armarouge|spa|1
|-enditem|p2b: Armarouge|Power Herb
|-anim|p2b: Armarouge|Meteor Beam|p1b: Hydreigon
|-resisted|p1b: Hydreigon
|-crit|p1b: Hydreigon
|-damage|p1b: Hydreigon|52/100
|move|p1b: Hydreigon|Focus Energy|p1b: Hydreigon
|-start|p1b: Hydreigon|move: Focus Energy
|
|-weather|RainDance|[upkeep]
|upkeep
|turn|2
|inactive|Kyooby has 30 seconds left.
|
|t:|1757675202
|switch|p2a: Tyranitar|Tyranitar, L50, M|100/100
|-weather|Sandstorm|[from] ability: Sand Stream|[of] p2a: Tyranitar
|move|p2b: Armarouge|Heat Wave|p1a: Electrode|[spread] p1a,p1b
|-supereffective|p1a: Electrode
|-supereffective|p1b: Hydreigon
|-damage|p1a: Electrode|0 fnt
|-damage|p1b: Hydreigon|0 fnt
|faint|p1a: Electrode
|faint|p1b: Hydreigon
|
|-weather|Sandstorm|[upkeep]
|-damage|p2b: Armarouge|73/100|[from] Sandstorm
|upkeep
|
|t:|1757675208
|switch|p1a: Pelipper|Pelipper, L50, M|100/100
|switch|p1b: Archaludon|Archaludon, L50, M|100/100
|-weather|RainDance|[from] ability: Drizzle|[of] p1a: Pelipper
|turn|3
|
|t:|1757675220
|switch|p2a: Indeedee|Indeedee-F, L50, F|100/100
|-fieldstart|move: Psychic Terrain|[from] ability: Psychic Surge|[of] p2a: Indeedee
|move|p2b: Armarouge|Protect|p2b: Armarouge
|-singleturn|p2b: Armarouge|Protect
|move|p1a: Pelipper|Weather Ball|p2a: Indeedee
|-damage|p2a: Indeedee|32/100
|move|p1b: Archaludon|Dragon Pulse|p2b: Armarouge
|-activate|p2b: Armarouge|move: Protect
|
|-weather|RainDance|[upkeep]
|upkeep
|turn|4
|
|t:|1757675239
|move|p2a: Indeedee|Follow Me|p2a: Indeedee
|-singleturn|p2a: Indeedee|move: Follow Me
|move|p2b: Armarouge|Expanding Force|p1a: Pelipper|[spread] p1a,p1b
|-resisted|p1b: Archaludon
|-enditem|p1a: Pelipper|Focus Sash
|-damage|p1a: Pelipper|1/100
|-damage|p1b: Archaludon|73/100
|-ability|p1b: Archaludon|Stamina|boost
|-boost|p1b: Archaludon|def|1
|move|p1a: Pelipper|Hurricane|p2a: Indeedee
|-damage|p2a: Indeedee|0 fnt
|faint|p2a: Indeedee
|move|p1b: Archaludon|Electro Shot||[still]
|-prepare|p1b: Archaludon|Electro Shot
|-boost|p1b: Archaludon|spa|1
|-anim|p1b: Archaludon|Electro Shot|p2b: Armarouge
|-resisted|p2b: Armarouge
|-damage|p2b: Armarouge|31/100
|
|-weather|RainDance|[upkeep]
|upkeep
|
|t:|1757675250
|switch|p2a: Tyranitar|Tyranitar, L50, M|100/100
|-weather|Sandstorm|[from] ability: Sand Stream|[of] p2a: Tyranitar
|turn|5
|
|t:|1757675265
|move|p2b: Armarouge|Heat Wave|p1a: Pelipper|[spread] p1a,p1b
|-resisted|p1a: Pelipper
|-damage|p1a: Pelipper|0 fnt
|-damage|p1b: Archaludon|35/100
|-ability|p1b: Archaludon|Stamina|boost
|-boost|p1b: Archaludon|def|1
|faint|p1a: Pelipper
|move|p1b: Archaludon|Body Press|p2a: Tyranitar
|-supereffective|p2a: Tyranitar
|-damage|p2a: Tyranitar|0 fnt
|faint|p2a: Tyranitar
|
|-weather|Sandstorm|[upkeep]
|-damage|p2b: Armarouge|25/100|[from] Sandstorm
|upkeep
|
|t:|1757675274
|switch|p2a: Excadrill|Excadrill, L50, M|100/100
|turn|6
|
|t:|1757675290
|move|p2b: Armarouge|Heat Wave|p1b: Archaludon
|-damage|p1b: Archaludon|0 fnt
|faint|p1b: Archaludon
|
|win|Nearshort
|raw|Kyooby's rating: 1108 → 1086(-22 for losing)
|raw|Nearshort's rating: 1155 → 1177(+22 for winning)
