|j|☆ahyy
|j|☆Pre-Burnt Tower
|html|ahyyPre-Burnt Tower    
|uhtml|bestof|Game 1 of a best-of-3
|t:|1757932688
|gametype|doubles
|player|p1|ahyy|ghetsis-gen5bw|1020
|player|p2|Pre-Burnt Tower|265|1098
|gen|9
|tier|[Gen 9] VGC 2025 Reg H (Bo3)
|rated|
|rule|Species Clause: Limit one of each Pokémon
|rule|Item Clause: Limit 1 of each item
|clearpoke
|poke|p1|Noivern, L50, F|
|poke|p1|Bombirdier, L50, M|
|poke|p1|Electabuzz, L50, M|
|poke|p1|Toxtricity, L50, F|
|poke|p1|Amoonguss, L50, F|
|poke|p1|Quaquaval, L50, F|
|poke|p2|Annihilape, L50, M|
|poke|p2|Incineroar, L50, M|
|poke|p2|Ursaluna-Bloodmoon, L50, M|
|poke|p2|Ribombee, L50, M|
|poke|p2|Gholdengo, L50|
|poke|p2|Dragonite, L50, F|
|teampreview|4
|showteam|p1|Noivern||CovertCloak|Frisk|SuperFang,Tailwind,Taunt,DracoMeteor|||F|||50|,,,,,Steel]Bombirdier||LoadedDice|RockyPayload|KnockOff,DualWingbeat,RockBlast,SuckerPunch|||M|||50|,,,,,Ghost]Electabuzz||Eviolite|VitalSpirit|Electroweb,Protect,FollowMe,Taunt|||M|||50|,,,,,Fairy]Toxtricity||ChoiceSpecs|PunkRock|Overdrive,SludgeBomb,Boomburst,VoltSwitch|||F|||50|,,,,,Normal]Amoonguss||SitrusBerry|Regenerator|PollenPuff,RagePowder,Spore,ClearSmog|||F|||50|,,,,,Water]Quaquaval||FocusSash|Moxie|AquaStep,UpperHand,CloseCombat,Protect|||F|||50|,,,,,Water
|showteam|p2|Annihilape||SafetyGoggles|Defiant|CloseCombat,FinalGambit,Taunt,RageFist|||M|||50|,,,,,Fire]Incineroar||AssaultVest|Intimidate|Uturn,FakeOut,FlareBlitz,KnockOff|||M|||50|,,,,,Grass]Ursaluna-Bloodmoon||ThroatSpray|MindsEye|BloodMoon,HyperVoice,EarthPower,Protect|||M|||50|,,,,,Normal]Ribombee||FocusSash|ShieldDust|Moonblast,FakeTears,Tailwind,Protect|||M|||50|,,,,,Ghost]Gholdengo||ChoiceSpecs|GoodasGold|MakeItRain,ShadowBall,Trick,Protect||||||50|,,,,,Steel]Dragonite||LoadedDice|Multiscale|ScaleShot,IceSpinner,ExtremeSpeed,Protect|||F|||50|,,,,,Steel
|inactive|Battle timer is ON: inactive players will automatically lose when time's up. (requested by ahyy)
|inactive|ahyy has 60 seconds left.
|inactive|Pre-Burnt Tower has 60 seconds left.
|inactive|ahyy has 30 seconds left.
|inactive|ahyy has 20 seconds left.
|inactive|ahyy has 15 seconds left.
|inactive|ahyy has 10 seconds left.
|
|t:|1757932772
|teamsize|p1|4
|teamsize|p2|4
|start
|switch|p1a: Electabuzz|Electabuzz, L50, M|100/100
|switch|p1b: Noivern|Noivern, L50, F|100/100
|switch|p2a: Ribombee|Ribombee, L50, M|100/100
|switch|p2b: Gholdengo|Gholdengo, L50|100/100
|-item|p2a: Ribombee|Focus Sash|[from] ability: Frisk|[of] p1b: Noivern
|-item|p2b: Gholdengo|Choice Specs|[from] ability: Frisk|[of] p1b: Noivern
|turn|1
|l|☆Pre-Burnt Tower
|inactive|Pre-Burnt Tower disconnected and has a minute to reconnect!
|player|p2|
|inactive|ahyy has 30 seconds left.
|inactive|Pre-Burnt Tower has 30 seconds left.
|inactive|Pre-Burnt Tower has 20 seconds left.
|inactive|Pre-Burnt Tower has 15 seconds left.
|inactive|Pre-Burnt Tower has 10 seconds left.
|j|☆Pre-Burnt Tower
|inactive|Pre-Burnt Tower reconnected and has 10 seconds left.
|player|p2|Pre-Burnt Tower|265|
|inactive|Pre-Burnt Tower has 5 seconds left.
|
|t:|1757932826
|-terastallize|p2b: Gholdengo|Steel
|move|p2a: Ribombee|Fake Tears|p1a: Electabuzz
|-unboost|p1a: Electabuzz|spd|2
|move|p1b: Noivern|Tailwind|p1b: Noivern
|-sidestart|p1: ahyy|move: Tailwind
|move|p1a: Electabuzz|Taunt|p2a: Ribombee
|-start|p2a: Ribombee|move: Taunt
|move|p2b: Gholdengo|Make It Rain|p1a: Electabuzz|[spread] p1a,p1b
|-resisted|p1a: Electabuzz
|-damage|p1a: Electabuzz|34/100
|-damage|p1b: Noivern|0 fnt
|-unboost|p2b: Gholdengo|spa|1
|faint|p1b: Noivern
|
|upkeep
|
|t:|1757932843
|switch|p1b: momo|Quaquaval, L50, F, shiny|100/100
|turn|2
|
|t:|1757932865
|switch|p2b: Annihilape|Annihilape, L50, M|100/100
|move|p1b: momo|Aqua Step|p2a: Ribombee
|-damage|p2a: Ribombee|20/100
|-boost|p1b: momo|spe|1
|move|p1a: Electabuzz|Electroweb|p2a: Ribombee|[spread] p2a,p2b
|-damage|p2a: Ribombee|0 fnt
|-damage|p2b: Annihilape|89/100
|-unboost|p2b: Annihilape|spe|1
|-ability|p2b: Annihilape|Defiant|boost
|-boost|p2b: Annihilape|atk|2
|faint|p2a: Ribombee
|
|upkeep
|
|t:|1757932881
|switch|p2a: Incineroar|Incineroar, L50, M|100/100
|-ability|p2a: Incineroar|Intimidate|boost
|-unboost|p1a: Electabuzz|atk|1
|-unboost|p1b: momo|atk|1
|turn|3
|inactive|Pre-Burnt Tower has 30 seconds left.
|
|t:|1757932906
|switch|p2a: Gholdengo|Gholdengo, L50, tera:Steel|100/100
|move|p1b: momo|Upper Hand||[still]
|-fail|p1b: momo
|move|p1a: Electabuzz|Taunt|p2b: Annihilape
|-start|p2b: Annihilape|move: Taunt
|move|p2b: Annihilape|Rage Fist|p1b: momo
|-enditem|p1b: momo|Focus Sash
|-damage|p1b: momo|1/100
|
|upkeep
|turn|4
|
|t:|1757932927
|switch|p2a: Incineroar|Incineroar, L50, M|100/100
|-ability|p2a: Incineroar|Intimidate|boost
|-unboost|p1a: Electabuzz|atk|1
|-unboost|p1b: momo|atk|1
|move|p1b: momo|Close Combat|p2a: Incineroar
|-supereffective|p2a: Incineroar
|-damage|p2a: Incineroar|37/100
|-unboost|p1b: momo|def|1
|-unboost|p1b: momo|spd|1
|move|p1a: Electabuzz|Electroweb|p2b: Annihilape|[spread] p2a,p2b
|-damage|p2a: Incineroar|28/100
|-damage|p2b: Annihilape|75/100
|-unboost|p2a: Incineroar|spe|1
|-unboost|p2b: Annihilape|spe|1
|-ability|p2b: Annihilape|Defiant|boost
|-boost|p2b: Annihilape|atk|2
|move|p2b: Annihilape|Rage Fist|p1b: momo
|-damage|p1b: momo|0 fnt
|faint|p1b: momo
|
|-sideend|p1: ahyy|move: Tailwind
|upkeep
|
|t:|1757932950
|switch|p1b: Toxtricity|Toxtricity, L50, F|100/100
|turn|5
|
|t:|1757932971
|-terastallize|p1b: Toxtricity|Normal
|move|p2a: Incineroar|Fake Out|p1b: Toxtricity
|-damage|p1b: Toxtricity|83/100
|move|p1a: Electabuzz|Electroweb|p2a: Incineroar|[spread] p2a,p2b
|-damage|p2a: Incineroar|20/100
|-damage|p2b: Annihilape|62/100
|-unboost|p2a: Incineroar|spe|1
|-unboost|p2b: Annihilape|spe|1
|-ability|p2b: Annihilape|Defiant|boost
|-boost|p2b: Annihilape|atk|2
|cant|p1b: Toxtricity|flinch
|move|p2b: Annihilape|Rage Fist|p1b: Toxtricity
|-immune|p1b: Toxtricity
|
|-end|p2b: Annihilape|move: Taunt
|upkeep
|turn|6
|inactive|Pre-Burnt Tower has 30 seconds left.
|inactive|Pre-Burnt Tower has 20 seconds left.
|
|t:|1757933009
|move|p1a: Electabuzz|Follow Me|p1a: Electabuzz
|-singleturn|p1a: Electabuzz|move: Follow Me
|move|p1b: Toxtricity|Overdrive|p2a: Incineroar|[spread] p2a,p2b
|-damage|p2a: Incineroar|0 fnt
|-damage|p2b: Annihilape|7/100
|faint|p2a: Incineroar
|move|p2b: Annihilape|Close Combat|p1a: Electabuzz
|-damage|p1a: Electabuzz|0 fnt
|-unboost|p2b: Annihilape|def|1
|-unboost|p2b: Annihilape|spd|1
|faint|p1a: Electabuzz
|
|upkeep
|
|t:|1757933021
|switch|p2a: Gholdengo|Gholdengo, L50, tera:Steel|100/100
|turn|7
|
|t:|1757933029
|move|p1b: Toxtricity|Overdrive|p2b: Annihilape|[spread] p2a,p2b
|-damage|p2a: Gholdengo|31/100
|-damage|p2b: Annihilape|0 fnt
|faint|p2b: Annihilape
|move|p2a: Gholdengo|Make It Rain|p1b: Toxtricity
|-damage|p1b: Toxtricity|0 fnt
|-unboost|p2a: Gholdengo|spa|1
|faint|p1b: Toxtricity
|
|win|Pre-Burnt Tower
||ahyy is ready for game 2.
||Pre-Burnt Tower is ready for game 2.
|uhtml|next|Next: Game 2 of 3
|l|☆Pre-Burnt Tower
|player|p2|
|l|☆ahyy
|player|p1|
