|j|☆DonnyBoy766
|j|☆MegaMetaBestMeta
|html|DonnyBoy766MegaMetaBestMeta    
|uhtml|bestof|Game 2 of a best-of-3
|t:|1756399497
|gametype|doubles
|player|p1|DonnyBoy766|fisherman-gen4|1111
|player|p2|MegaMetaBestMeta|266|1136
|gen|9
|tier|[Gen 9] VGC 2025 Reg H (Bo3)
|rated|
|rule|Species Clause: Limit one of each Pokémon
|rule|Item Clause: Limit 1 of each item
|clearpoke
|poke|p1|Tyranitar, L50, F|
|poke|p1|Corviknight, L50, F|
|poke|p1|Ursaluna-Bloodmoon, L50, M|
|poke|p1|Annihilape, L50, F|
|poke|p1|Indeedee, L50, M|
|poke|p1|Sneasler, L50, M|
|poke|p2|Ursaluna, L50, M|
|poke|p2|Dragapult, L50, F|
|poke|p2|Empoleon, L50, M|
|poke|p2|Porygon2, L50|
|poke|p2|Blaziken, L50, F|
|poke|p2|Amoonguss, L50, M|
|teampreview|4
|showteam|p1|Tyranitar||AssaultVest|SandStream|KnockOff,TeraBlast,LowKick,RockSlide|||F|||50|,,,,,Flying]Corviknight||CovertCloak|MirrorArmor|BraveBird,BulkUp,Roost,Tailwind|||F|||50|,,,,,Fire]Ursaluna-Bloodmoon||LifeOrb|MindsEye|BloodMoon,HyperVoice,EarthPower,Protect|||M|||50|,,,,,Normal]Annihilape||SafetyGoggles|Defiant|CloseCombat,RageFist,Taunt,Protect|||F|||50|,,,,,Fire]Indeedee||ChoiceScarf|PsychicSurge|ExpandingForce,TeraBlast,Trick,Protect|||M|||50|,,,,,Psychic]Sneasler||PsychicSeed|Unburden|CloseCombat,DireClaw,ThroatChop,Protect|||M|||50|,,,,,Dark
|showteam|p2|Ursaluna||FlameOrb|Guts|HeadlongRush,Facade,HelpingHand,Protect|||M|||50|,,,,,Ghost]Dragapult||ChoiceBand|ClearBody|DragonDarts,PhantomForce,Uturn,TeraBlast|||F|||50|,,,,,Ghost]Empoleon||AssaultVest|Competitive|WaterPledge,IceBeam,FlipTurn,FlashCannon|||M|||50|,,,,,Flying]Porygon2||Eviolite|Download|TeraBlast,IceBeam,Recover,TrickRoom||||||50|,,,,,Fighting]Blaziken||FocusSash|SpeedBoost|CloseCombat,FirePledge,UpperHand,Detect|||F|||50|,,,,,Fighting]Amoonguss||SitrusBerry|Regenerator|Protect,RagePowder,PollenPuff,Spore|||M|||50|,,,,,Fairy
|
|t:|1756399555
|teamsize|p1|4
|teamsize|p2|4
|start
|switch|p1a: Tyranitar|Tyranitar, L50, F|100/100
|switch|p1b: Sneasler|Sneasler, L50, M|100/100
|switch|p2a: Dragapult|Dragapult, L50, F|100/100
|switch|p2b: Blaziken|Blaziken, L50, F|100/100
|-weather|Sandstorm|[from] ability: Sand Stream|[of] p1a: Tyranitar
|turn|1
|
|t:|1756399607
|switch|p2b: Empoleon|Empoleon, L50, M|100/100
|-terastallize|p1a: Tyranitar|Flying
|move|p2a: Dragapult|U-turn|p1a: Tyranitar
|-resisted|p1a: Tyranitar
|-damage|p1a: Tyranitar|85/100
|
|t:|1756399616
|switch|p2a: Blaziken|Blaziken, L50, F|100/100|[from] U-turn
|move|p1b: Sneasler|Dire Claw|p2a: Blaziken
|-crit|p2a: Blaziken
|-enditem|p2a: Blaziken|Focus Sash
|-damage|p2a: Blaziken|1/100
|move|p1a: Tyranitar|Tera Blast|p2b: Empoleon|[anim] Tera Blast Flying
|-resisted|p2b: Empoleon
|-damage|p2b: Empoleon|78/100
|
|-weather|Sandstorm|[upkeep]
|-damage|p1b: Sneasler|95/100|[from] Sandstorm
|-damage|p2a: Blaziken|0 fnt|[from] Sandstorm
|-damage|p1a: Tyranitar|79/100|[from] Sandstorm
|faint|p2a: Blaziken
|upkeep
|
|t:|1756399632
|switch|p2a: Porygon2|Porygon2, L50|100/100
|-ability|p2a: Porygon2|Download|boost
|-boost|p2a: Porygon2|atk|1
|turn|2
|
|t:|1756399677
|switch|p1a: Indeedee|Indeedee, L50, M|100/100
|-fieldstart|move: Psychic Terrain|[from] ability: Psychic Surge|[of] p1a: Indeedee
|-enditem|p1b: Sneasler|Psychic Seed
|-boost|p1b: Sneasler|spd|1|[from] item: Psychic Seed
|-terastallize|p2a: Porygon2|Fighting
|move|p1b: Sneasler|Close Combat|p2a: Porygon2
|-damage|p2a: Porygon2|62/100
|-unboost|p1b: Sneasler|def|1
|-unboost|p1b: Sneasler|spd|1
|move|p2b: Empoleon|Water Pledge|p1b: Sneasler
|-damage|p1b: Sneasler|44/100
|move|p2a: Porygon2|Tera Blast|p1a: Indeedee|[anim] Tera Blast Fighting
|-damage|p1a: Indeedee|26/100
|
|-weather|Sandstorm|[upkeep]
|-damage|p1b: Sneasler|38/100|[from] Sandstorm
|-damage|p1a: Indeedee|20/100|[from] Sandstorm
|-damage|p2a: Porygon2|56/100|[from] Sandstorm
|upkeep
|turn|3
|
|t:|1756399711
|move|p1b: Sneasler|Dire Claw|p2a: Porygon2
|-damage|p2a: Porygon2|31/100
|move|p1a: Indeedee|Expanding Force|p2a: Porygon2|[spread] p2a,p2b
|-supereffective|p2a: Porygon2
|-resisted|p2b: Empoleon
|-damage|p2a: Porygon2|0 fnt
|-damage|p2b: Empoleon|62/100
|faint|p2a: Porygon2
|move|p2b: Empoleon|Flash Cannon|p1b: Sneasler
|-damage|p1b: Sneasler|0 fnt
|faint|p1b: Sneasler
|
|-weather|Sandstorm|[upkeep]
|-damage|p1a: Indeedee|15/100|[from] Sandstorm
|upkeep
|
|t:|1756399724
|switch|p1b: Ursaluna|Ursaluna-Bloodmoon, L50, M|100/100
|switch|p2a: Dragapult|Dragapult, L50, F|100/100
|turn|4
|
|t:|1756399735
|move|p1a: Indeedee|Expanding Force|p2a: Dragapult|[spread] p2a,p2b
|-resisted|p2b: Empoleon
|-damage|p2a: Dragapult|23/100
|-damage|p2b: Empoleon|47/100
|move|p2a: Dragapult|Dragon Darts|p1a: Indeedee
|-damage|p1a: Indeedee|0 fnt
|-anim|p2a: Dragapult|Dragon Darts|p1b: Ursaluna
|-damage|p1b: Ursaluna|70/100
|faint|p1a: Indeedee
|move|p1b: Ursaluna|Hyper Voice|p2a: Dragapult|[spread] p2a,p2b
|-resisted|p2b: Empoleon
|-damage|p2a: Dragapult|0 fnt
|-damage|p2b: Empoleon|32/100
|faint|p2a: Dragapult
|-damage|p1b: Ursaluna|61/100|[from] item: Life Orb
|move|p2b: Empoleon|Water Pledge|p1b: Ursaluna
|-supereffective|p1b: Ursaluna
|-damage|p1b: Ursaluna|0 fnt
|faint|p1b: Ursaluna
|
|-weather|Sandstorm|[upkeep]
|upkeep
|
|t:|1756399754
|switch|p1b: Tyranitar|Tyranitar, L50, F, tera:Flying|79/100
|turn|5
|
|t:|1756399763
|move|p1b: Tyranitar|Knock Off|p2b: Empoleon
|-damage|p2b: Empoleon|0 fnt
|-enditem|p2b: Empoleon|Assault Vest|[from] move: Knock Off|[of] p1b: Tyranitar
|faint|p2b: Empoleon
|
|win|DonnyBoy766
||MegaMetaBestMeta is ready for game 3.
||DonnyBoy766 is ready for game 3.
|uhtml|next|Next: Game 3 of 3
|l|☆MegaMetaBestMeta
|player|p2|
