|j|☆kingjdjdjd
|j|☆3-4 worlds
|html|kingjdjdjd3-4 worlds    
|uhtml|bestof|Game 1 of a best-of-3
|t:|1785110095
|gametype|doubles
|player|p1|kingjdjdjd|170|1136
|player|p2|3-4 worlds|emma|1163
|gen|9
|tier|[Gen 9 Champions] VGC 2026 Reg M-B (Bo3)
|rated|
|rule|Species Clause: Limit one of each Pokémon
|rule|Item Clause: Limit 1 of each item
|clearpoke
|poke|p1|Charizard, L50, F|
|poke|p1|Garchomp, L50, M|
|poke|p1|Hydreigon, L50, M|
|poke|p1|Incineroar, L50, F|
|poke|p1|Grimmsnarl, L50, M|
|poke|p1|Toxapex, L50, M|
|poke|p2|Blaziken, L50, F|
|poke|p2|Aerodactyl, L50, F|
|poke|p2|Basculegion, L50, M|
|poke|p2|Sylveon, L50, M|
|poke|p2|Torkoal, L50, F|
|poke|p2|Kingambit, L50, F|
|teampreview|4
|showteam|p1|Charizard||CharizarditeY|SolarPower|HeatWave,WeatherBall,SolarBeam,Protect|Modest||F|||50|]Garchomp||LifeOrb|RoughSkin|Protect,RockSlide,DragonClaw,Earthquake|Jolly||M|||50|]Hydreigon||FocusSash|Levitate|Tailwind,HelpingHand,Protect,DracoMeteor|Modest||M|||50|]Incineroar||WhiteHerb|Intimidate|FakeOut,CloseCombat,FlareBlitz,PartingShot|Adamant||F|||50|]Grimmsnarl||LightClay|Prankster|LightScreen,Reflect,SpiritBreak,PartingShot|Careful||M|||50|]Toxapex||Leftovers|Regenerator|BanefulBunker,Infestation,Toxic,WideGuard|Bold||M|||50|
|showteam|p2|Blaziken||Blazikenite|SpeedBoost|CloseCombat,FlareBlitz,RockSlide,Detect|Adamant||F|||50|]Aerodactyl||Aerodactylite|Unnerve|DualWingbeat,IceFang,RockSlide,Tailwind|Jolly||F|||50|]Basculegion||FocusSash|Adaptability|LastRespects,Liquidation,AquaJet,Protect|Adamant||M|||50|]Sylveon||FairyFeather|Pixilate|Moonblast,HyperVoice,QuickAttack,Detect|Modest||M|||50|]Torkoal||Leftovers|Drought|HeatWave,WeatherBall,Yawn,Protect|Relaxed||F|||50|]Kingambit||LifeOrb|Defiant|KowtowCleave,IronHead,SuckerPunch,Protect|Adamant||F|||50|
|inactive|Battle timer is ON: inactive players will automatically lose when time's up. (requested by 3-4 worlds)
|inactive|kingjdjdjd has 60 seconds left.
|inactive|3-4 worlds has 60 seconds left.
|
|t:|1785110147
|teamsize|p1|4
|teamsize|p2|4
|start
|switch|p1a: Grimmsnarl|Grimmsnarl, L50, M|100/100
|switch|p1b: Toxapex|Toxapex, L50, M|100/100
|switch|p2a: Aerodactyl|Aerodactyl, L50, F|100/100
|switch|p2b: Blaziken|Blaziken, L50, F|100/100
|-ability|p2a: Aerodactyl|Unnerve
|turn|1
|
|t:|1785110166
|move|p1a: Grimmsnarl|Reflect|p1a: Grimmsnarl
|-sidestart|p1: kingjdjdjd|Reflect
|move|p2a: Aerodactyl|Rock Slide|p1a: Grimmsnarl|[spread] p1a,p1b
|-damage|p1a: Grimmsnarl|77/100
|-damage|p1b: Toxapex|89/100
|move|p2b: Blaziken|Rock Slide|p1b: Toxapex|[spread] p1a,p1b
|-damage|p1a: Grimmsnarl|60/100
|-damage|p1b: Toxapex|81/100
|move|p1b: Toxapex|Infestation|p2b: Blaziken
|-resisted|p2b: Blaziken|2
|-damage|p2b: Blaziken|98/100
|-activate|p2b: Blaziken|move: Infestation|[of] p1b: Toxapex
|
|-heal|p1b: Toxapex|87/100|[from] item: Leftovers
|-damage|p2b: Blaziken|86/100|[from] move: Infestation|[partiallytrapped]
|-ability|p2b: Blaziken|Speed Boost|boost
|-boost|p2b: Blaziken|spe|1
|upkeep
|turn|2
|
|t:|1785110190
|detailschange|p2b: Blaziken|Blaziken-Mega, L50, F
|-mega|p2b: Blaziken|Blaziken|Blazikenite
|move|p1a: Grimmsnarl|Parting Shot|p2b: Blaziken
|-unboost|p2b: Blaziken|atk|1
|-unboost|p2b: Blaziken|spa|1
|
|t:|1785110194
|switch|p1a: Incineroar|Incineroar, L50, F|100/100|[from] Parting Shot
|-ability|p1a: Incineroar|Intimidate|boost
|-unboost|p2a: Aerodactyl|atk|1
|-unboost|p2b: Blaziken|atk|1
|move|p2b: Blaziken|Rock Slide|p1a: Incineroar|[spread] p1a,p1b
|-supereffective|p1a: Incineroar|1
|-damage|p1a: Incineroar|81/100
|-damage|p1b: Toxapex|82/100
|move|p2a: Aerodactyl|Dual Wingbeat|p1b: Toxapex
|-damage|p1b: Toxapex|77/100
|-damage|p1b: Toxapex|71/100
|-hitcount|p1b: Toxapex|2
|move|p1b: Toxapex|Toxic|p2b: Blaziken
|-status|p2b: Blaziken|tox
|
|-heal|p1b: Toxapex|77/100|[from] item: Leftovers
|-damage|p2b: Blaziken|80/100 tox|[from] psn
|-damage|p2b: Blaziken|68/100 tox|[from] move: Infestation|[partiallytrapped]
|-ability|p2b: Blaziken|Speed Boost|boost
|-boost|p2b: Blaziken|spe|1
|upkeep
|turn|3
|inactive|kingjdjdjd has 30 seconds left.
|inactive|kingjdjdjd has 20 seconds left.
|inactive|kingjdjdjd has 15 seconds left.
|inactive|kingjdjdjd has 10 seconds left.
|
|t:|1785110241
|move|p1a: Incineroar|Fake Out|p2a: Aerodactyl
|-resisted|p2a: Aerodactyl|1
|-damage|p2a: Aerodactyl|88/100
|move|p2b: Blaziken|Rock Slide|p1b: Toxapex|[spread] p1a,p1b
|-supereffective|p1a: Incineroar|1
|-damage|p1a: Incineroar|65/100
|-damage|p1b: Toxapex|71/100
|cant|p2a: Aerodactyl|flinch
|move|p1b: Toxapex|Infestation|p2a: Aerodactyl
|-resisted|p2a: Aerodactyl|1
|-damage|p2a: Aerodactyl|86/100
|-activate|p2a: Aerodactyl|move: Infestation|[of] p1b: Toxapex
|
|-heal|p1b: Toxapex|77/100|[from] item: Leftovers
|-damage|p2b: Blaziken|57/100 tox|[from] psn
|-damage|p2b: Blaziken|45/100 tox|[from] move: Infestation|[partiallytrapped]
|-damage|p2a: Aerodactyl|74/100|[from] move: Infestation|[partiallytrapped]
|-ability|p2b: Blaziken|Speed Boost|boost
|-boost|p2b: Blaziken|spe|1
|upkeep
|turn|4
|inactive|kingjdjdjd has 30 seconds left.
|
|t:|1785110267
|move|p2b: Blaziken|Rock Slide|p1b: Toxapex|[spread] p1a,p1b
|-supereffective|p1a: Incineroar|1
|-damage|p1a: Incineroar|46/100
|-damage|p1b: Toxapex|72/100
|move|p2a: Aerodactyl|Rock Slide|p1a: Incineroar|[spread] p1a,p1b
|-supereffective|p1a: Incineroar|1
|-damage|p1a: Incineroar|18/100
|-damage|p1b: Toxapex|65/100
|cant|p1a: Incineroar|flinch
|move|p1b: Toxapex|Toxic|p2a: Aerodactyl
|-status|p2a: Aerodactyl|tox
|
|-heal|p1b: Toxapex|71/100|[from] item: Leftovers
|-damage|p2b: Blaziken|28/100 tox|[from] psn
|-damage|p2a: Aerodactyl|68/100 tox|[from] psn
|-damage|p2b: Blaziken|15/100 tox|[from] move: Infestation|[partiallytrapped]
|-damage|p2a: Aerodactyl|56/100 tox|[from] move: Infestation|[partiallytrapped]
|-ability|p2b: Blaziken|Speed Boost|boost
|-boost|p2b: Blaziken|spe|1
|upkeep
|turn|5
|
|t:|1785110286
|switch|p1a: Grimmsnarl|Grimmsnarl, L50, M|60/100
|move|p1b: Toxapex|Baneful Bunker|p1b: Toxapex
|-singleturn|p1b: Toxapex|move: Protect
|move|p2b: Blaziken|Rock Slide|p1b: Toxapex|[spread] p1a
|-activate|p1b: Toxapex|move: Protect
|-crit|p1a: Grimmsnarl
|-damage|p1a: Grimmsnarl|12/100
|move|p2a: Aerodactyl|Rock Slide|p1b: Toxapex|[spread] 
|-activate|p1b: Toxapex|move: Protect
|-miss|p2a: Aerodactyl|p1a: Grimmsnarl
|
|-heal|p1b: Toxapex|77/100|[from] item: Leftovers
|-damage|p2b: Blaziken|0 fnt|[from] psn
|faint|p2b: Blaziken
|-damage|p2a: Aerodactyl|45/100 tox|[from] psn
|-damage|p2a: Aerodactyl|33/100 tox|[from] move: Infestation|[partiallytrapped]
|upkeep
|
|t:|1785110294
|switch|p2b: Kingambit|Kingambit, L50, F|100/100
|turn|6
|inactive|kingjdjdjd has 30 seconds left.
|inactive|kingjdjdjd has 20 seconds left.
|inactive|kingjdjdjd has 15 seconds left.
|
|t:|1785110337
|move|p2a: Aerodactyl|Rock Slide|p1a: Grimmsnarl|[spread] p1a,p1b
|-damage|p1a: Grimmsnarl|0 fnt
|-damage|p1b: Toxapex|70/100
|faint|p1a: Grimmsnarl
|move|p2b: Kingambit|Kowtow Cleave|p1b: Toxapex
|-damage|p1b: Toxapex|44/100
|-damage|p2b: Kingambit|90/100|[from] item: Life Orb
|move|p1b: Toxapex|Infestation|p2b: Kingambit
|-damage|p2b: Kingambit|86/100
|-activate|p2b: Kingambit|move: Infestation|[of] p1b: Toxapex
|
|-heal|p1b: Toxapex|50/100g|[from] item: Leftovers
|-damage|p2a: Aerodactyl|15/100 tox|[from] psn
|-damage|p2a: Aerodactyl|3/100 tox|[from] move: Infestation|[partiallytrapped]
|-damage|p2b: Kingambit|74/100|[from] move: Infestation|[partiallytrapped]
|upkeep
|
|t:|1785110359
|switch|p1a: Garchomp|Garchomp, L50, M|100/100
|turn|7
|inactive|3-4 worlds has 30 seconds left.
|
|t:|1785110387
|move|p1b: Toxapex|Baneful Bunker|p1b: Toxapex
|-singleturn|p1b: Toxapex|move: Protect
|move|p2a: Aerodactyl|Ice Fang|p1a: Garchomp
|-supereffective|p1a: Garchomp|2
|-damage|p1a: Garchomp|61/100
|-damage|p2a: Aerodactyl|0 fnt|[from] ability: Rough Skin|[of] p1a: Garchomp
|faint|p2a: Aerodactyl
|move|p1a: Garchomp|Earthquake|p2b: Kingambit|[spread] p2b
|-activate|p1b: Toxapex|move: Protect
|-supereffective|p2b: Kingambit|1
|-crit|p2b: Kingambit
|-damage|p2b: Kingambit|0 fnt
|faint|p2b: Kingambit
|-damage|p1a: Garchomp|51/100|[from] item: Life Orb
|
|-heal|p1b: Toxapex|56/100|[from] item: Leftovers
|upkeep
|
|t:|1785110390
|switch|p2b: Sylveon|Sylveon, L50, M|100/100
|turn|8
|
|t:|1785110409
|move|p1a: Garchomp|Rock Slide|p2b: Sylveon
|-damage|p2b: Sylveon|62/100
|-damage|p1a: Garchomp|41/100|[from] item: Life Orb
|move|p2b: Sylveon|Hyper Voice|p1a: Garchomp|[spread] p1a,p1b
|-supereffective|p1a: Garchomp|1
|-resisted|p1b: Toxapex|1
|-damage|p1a: Garchomp|0 fnt
|-damage|p1b: Toxapex|33/100
|faint|p1a: Garchomp
|move|p1b: Toxapex|Toxic|p2b: Sylveon
|-status|p2b: Sylveon|tox
|
|-heal|p1b: Toxapex|39/100|[from] item: Leftovers
|-damage|p2b: Sylveon|55/100 tox|[from] psn
|-sideend|p1: kingjdjdjd|Reflect
|upkeep
|
|t:|1785110415
|switch|p1a: Incineroar|Incineroar, L50, F|18/100
|-ability|p1a: Incineroar|Intimidate|boost
|-unboost|p2b: Sylveon|atk|1
|turn|9
|
|t:|1785110430
|move|p1a: Incineroar|Fake Out|p2b: Sylveon
|-damage|p2b: Sylveon|38/100 tox
|cant|p2b: Sylveon|flinch
|move|p1b: Toxapex|Infestation|p2b: Sylveon
|-resisted|p2b: Sylveon|1
|-damage|p2b: Sylveon|37/100 tox
|-activate|p2b: Sylveon|move: Infestation|[of] p1b: Toxapex
|
|-heal|p1b: Toxapex|45/100|[from] item: Leftovers
|-damage|p2b: Sylveon|25/100 tox|[from] psn
|-damage|p2b: Sylveon|12/100 tox|[from] move: Infestation|[partiallytrapped]
|upkeep
|turn|10
|
|t:|1785110445
|move|p1b: Toxapex|Baneful Bunker|p1b: Toxapex
|-singleturn|p1b: Toxapex|move: Protect
|move|p1a: Incineroar|Flare Blitz|p2b: Sylveon
|-damage|p2b: Sylveon|0 fnt
|faint|p2b: Sylveon
|-damage|p1a: Incineroar|13/100|[from] Recoil
|
|win|kingjdjdjd
||kingjdjdjd is ready for game 2.
|inactive|3-4 worlds has 30 seconds to confirm battle start!
||3-4 worlds is ready for game 2.
|uhtml|next|Next: Game 2 of 3
|l|☆3-4 worlds
|player|p2|
