|j|☆PiablosVGC
|j|☆kommander
|html|PiablosVGCkommander    
|uhtml|bestof|Game 1 of a best-of-3
|t:|1784393916
|gametype|doubles
|player|p1|PiablosVGC|169|
|player|p2|kommander|#smogonxnpa2025winner|
|gen|9
|tier|[Gen 9 Champions] VGC 2026 Reg M-B (Bo3)
|rule|Species Clause: Limit one of each Pokémon
|rule|Item Clause: Limit 1 of each item
|clearpoke
|poke|p1|Incineroar, L50, M|
|poke|p1|Sneasler, L50, F|
|poke|p1|Kingambit, L50, M|
|poke|p1|Basculegion, L50, M|
|poke|p1|Dragonite, L50, M|
|poke|p1|Froslass, L50, F|
|poke|p2|Delphox, L50, F|
|poke|p2|Blastoise, L50, F|
|poke|p2|Sneasler, L50, F|
|poke|p2|Incineroar, L50, M|
|poke|p2|Sinistcha, L50|
|poke|p2|Kingambit, L50, F|
|teampreview|4
|showteam|p1|Incineroar||SitrusBerry|Intimidate|FakeOut,PartingShot,FlareBlitz,DarkestLariat|Careful||M|||50|]Sneasler||WhiteHerb|Unburden|Protect,FakeOut,DireClaw,CloseCombat|Jolly||F|||50|]Kingambit||BlackGlasses|Defiant|SuckerPunch,IronHead,Protect,KowtowCleave|Adamant||M|||50|]Basculegion||LifeOrb|Adaptability|Protect,LastRespects,WaveCrash,AquaJet|Jolly||M|||50|]Dragonite||Dragoninite|InnerFocus|Tailwind,Protect,DragonPulse,Flamethrower|Timid||M|||50|]Froslass||Froslassite|CursedBody|Protect,Blizzard,ShadowBall,AuroraVeil|Timid||F|||50|
|showteam|p2|Delphox||Delphoxite|Blaze|HeatWave,Psyshock,NastyPlot,Protect|Timid||F|||50|]Blastoise||Blastoisinite|RainDish|WaterSpout,DarkPulse,ShellSmash,Protect|Modest||F|||50|]Sneasler||FocusSash|PoisonTouch|DireClaw,CloseCombat,FakeOut,QuickGuard|Jolly||F|||50|]Incineroar||SitrusBerry|Intimidate|ThroatChop,FlareBlitz,FakeOut,PartingShot|Impish||M|||50|]Sinistcha||OccaBerry|Hospitality|MatchaGotcha,RagePowder,TrickRoom,Protect|Relaxed|||||50|]Kingambit||BlackGlasses|Defiant|KowtowCleave,SuckerPunch,SwordsDance,Protect|Adamant||F|||50|
|c|☆PiablosVGC|gl
|c|☆PiablosVGC|hf
|l|☆kommander
|player|p2|
|j|☆kommander
|player|p2|kommander|#smogonxnpa2025winner|
|c|☆PiablosVGC|no entiendo mucho mi team la verdad
|c|☆kommander|Hf
|c|☆PiablosVGC|calma
|j| NXPULT DARK
|j| Destro16
|j| charliezard7
|j| Lugia▼▲²JP
|inactive|Battle timer is ON: inactive players will automatically lose when time's up. (requested by PiablosVGC)
|
|t:|1784394027
|teamsize|p1|4
|teamsize|p2|4
|start
|switch|p1a: Sneasler|Sneasler, L50, F|100/100
|switch|p1b: Kingambit|Kingambit, L50, M|100/100
|switch|p2a: Sneasler|Sneasler, L50, F|100/100
|switch|p2b: Blastoise|Blastoise, L50, F|100/100
|turn|1
|inactive|PiablosVGC has 30 seconds left.
|j| haxlolo
|j| peum
|inactive|PiablosVGC has 20 seconds left.
|inactive|kommander has 30 seconds left.
|
|t:|1784394068
|switch|p1b: Dragonite|Dragonite, L50, M|100/100
|detailschange|p2b: Blastoise|Blastoise-Mega, L50, F
|-mega|p2b: Blastoise|Blastoise|Blastoisinite
|move|p2a: Sneasler|Fake Out|p1b: Dragonite
|-damage|p1b: Dragonite|83/100
|move|p1a: Sneasler|Fake Out|p2b: Blastoise
|-damage|p2b: Blastoise|85/100
|cant|p2b: Blastoise|flinch
|
|upkeep
|turn|2
|j| rooftni
|inactive|PiablosVGC has 30 seconds left.
|inactive|kommander has 30 seconds left.
|inactive|PiablosVGC has 20 seconds left.
|inactive|kommander has 20 seconds left.
|inactive|kommander has 15 seconds left.
|inactive|kommander has 10 seconds left.
|
|t:|1784394114
|switch|p2b: Sinistcha|Sinistcha, L50|100/100
|detailschange|p1b: Dragonite|Dragonite-Mega, L50, M
|-mega|p1b: Dragonite|Dragonite|Dragoninite
|move|p1a: Sneasler|Close Combat|p2b: Sinistcha
|-immune|p2b: Sinistcha
|move|p2a: Sneasler|Dire Claw|p1b: Dragonite
|-damage|p1b: Dragonite|41/100
|move|p1b: Dragonite|Tailwind|p1b: Dragonite
|-sidestart|p1: PiablosVGC|move: Tailwind
|
|upkeep
|turn|3
|inactive|kommander has 30 seconds left.
|inactive|kommander has 20 seconds left.
|
|t:|1784394150
|move|p1a: Sneasler|Dire Claw|p2a: Sneasler
|-resisted|p2a: Sneasler|1
|-damage|p2a: Sneasler|62/100
|-status|p2a: Sneasler|slp
|move|p1b: Dragonite|Dragon Pulse|p2a: Sneasler
|-damage|p2a: Sneasler|0 fnt
|faint|p2a: Sneasler
|move|p2b: Sinistcha|Trick Room|p2b: Sinistcha
|-fieldstart|move: Trick Room|[of] p2b: Sinistcha
|
|upkeep
|
|t:|1784394158
|switch|p2a: Blastoise|Blastoise-Mega, L50, F|85/100
|turn|4
|
|t:|1784394182
|move|p2b: Sinistcha|Matcha Gotcha|p1b: Dragonite|[spread] p1a
|-miss|p2b: Sinistcha|p1b: Dragonite
|-resisted|p1a: Sneasler|1
|-damage|p1a: Sneasler|84/100
|move|p2a: Blastoise|Water Spout|p1b: Dragonite|[spread] p1a,p1b
|-resisted|p1b: Dragonite|1
|-damage|p1a: Sneasler|1/100
|-damage|p1b: Dragonite|17/100
|move|p1b: Dragonite|Dragon Pulse|p2a: Blastoise
|-damage|p2a: Blastoise|38/100
|move|p1a: Sneasler|Dire Claw|p2a: Blastoise
|-damage|p2a: Blastoise|0 fnt
|faint|p2a: Blastoise
|
|upkeep
|
|t:|1784394191
|switch|p2a: Incineroar|Incineroar, L50, M|100/100
|-ability|p2a: Incineroar|Intimidate|boost
|-unboost|p1a: Sneasler|atk|1
|-unboost|p1b: Dragonite|atk|1
|-enditem|p1a: Sneasler|White Herb
|-clearnegativeboost|p1a: Sneasler|[silent]
|turn|5
|
|t:|1784394215
|move|p1b: Dragonite|Protect|p1b: Dragonite
|-singleturn|p1b: Dragonite|Protect
|move|p1a: Sneasler|Protect|p1a: Sneasler
|-singleturn|p1a: Sneasler|Protect
|move|p2b: Sinistcha|Matcha Gotcha|p1a: Sneasler|[spread] 
|-activate|p1a: Sneasler|move: Protect
|-activate|p1b: Dragonite|move: Protect
|move|p2a: Incineroar|Throat Chop|p1b: Dragonite
|-activate|p1b: Dragonite|move: Protect
|
|-sideend|p1: PiablosVGC|move: Tailwind
|upkeep
|turn|6
|
|t:|1784394230
|switch|p1a: Kingambit|Kingambit, L50, M|100/100
|move|p1b: Dragonite|Protect||[still]
|-fail|p1b: Dragonite
|move|p2b: Sinistcha|Matcha Gotcha|p1b: Dragonite|[spread] p1a,p1b
|-resisted|p1a: Kingambit|1
|-resisted|p1b: Dragonite|2
|-crit|p1b: Dragonite
|-damage|p1a: Kingambit|89/100
|-damage|p1b: Dragonite|11/100
|move|p2a: Incineroar|Throat Chop|p1b: Dragonite
|-damage|p1b: Dragonite|0 fnt
|faint|p1b: Dragonite
|
|upkeep
|inactive|PiablosVGC has 30 seconds left.
|inactive|PiablosVGC has 20 seconds left.
|
|t:|1784394265
|switch|p1b: Sneasler|Sneasler, L50, F|1/100
|turn|7
|
|t:|1784394271
|move|p1b: Sneasler|Fake Out|p2a: Incineroar
|-damage|p2a: Incineroar|90/100
|move|p1a: Kingambit|Kowtow Cleave|p2b: Sinistcha
|-supereffective|p2b: Sinistcha|1
|-damage|p2b: Sinistcha|17/100
|move|p2b: Sinistcha|Matcha Gotcha|p1b: Sneasler|[spread] p1a,p1b
|-resisted|p1a: Kingambit|1
|-resisted|p1b: Sneasler|1
|-damage|p1a: Kingambit|80/100
|-heal|p2b: Sinistcha|23/100|[from] drain|[of] p1a: Kingambit
|-damage|p1b: Sneasler|0 fnt
|-heal|p2b: Sinistcha|24/100|[from] drain|[of] p1b: Sneasler
|faint|p1b: Sneasler
|cant|p2a: Incineroar|flinch
|
|-fieldend|move: Trick Room
|upkeep
|
|t:|1784394279
|switch|p1b: Basculegion|Basculegion, L50, M|100/100
|turn|8
|inactive|PiablosVGC has 30 seconds left.
|inactive|PiablosVGC has 20 seconds left.
|
|t:|1784394318
|move|p1b: Basculegion|Protect|p1b: Basculegion
|-singleturn|p1b: Basculegion|Protect
|move|p2b: Sinistcha|Rage Powder|p2b: Sinistcha
|-singleturn|p2b: Sinistcha|move: Rage Powder
|move|p2a: Incineroar|Throat Chop|p1b: Basculegion
|-activate|p1b: Basculegion|move: Protect
|move|p1a: Kingambit|Kowtow Cleave|p2b: Sinistcha
|-supereffective|p2b: Sinistcha|1
|-damage|p2b: Sinistcha|0 fnt
|faint|p2b: Sinistcha
|
|upkeep
|turn|9
|
|t:|1784394331
|move|p1b: Basculegion|Wave Crash|p2a: Incineroar
|-supereffective|p2a: Incineroar|1
|-damage|p2a: Incineroar|0 fnt
|faint|p2a: Incineroar
|-damage|p1b: Basculegion|69/100|[from] Recoil
|-damage|p1b: Basculegion|59/100|[from] item: Life Orb
|
|win|PiablosVGC
||kommander is ready for game 2.
|c|☆PiablosVGC|gg
||PiablosVGC is ready for game 2.
|uhtml|next|Next: Game 2 of 3
|j| woopre
|l| Lugia▼▲²JP
|j| greninja-war-bond
|l|☆PiablosVGC
|player|p1|
