|j|☆Ryugami0
|j|☆MolluskVGC
|html|Ryugami0MolluskVGC    
|uhtml|bestof|Game 2 of a best-of-3
|t:|1784358535
|gametype|doubles
|player|p1|Ryugami0|101|
|player|p2|MolluskVGC|hiker-gen4|
|gen|9
|tier|[Gen 9 Champions] VGC 2026 Reg M-B (Bo3)
|rule|Species Clause: Limit one of each Pokémon
|rule|Item Clause: Limit 1 of each item
|clearpoke
|poke|p1|Gengar, L50, F|
|poke|p1|Archaludon, L50, M|
|poke|p1|Politoed, L50, M|
|poke|p1|Swampert, L50, M|
|poke|p1|Vivillon, L50, F|
|poke|p1|Incineroar, L50, F|
|poke|p2|Charizard, L50, F|
|poke|p2|Grimmsnarl, L50, M|
|poke|p2|Pelipper, L50, F|
|poke|p2|Archaludon, L50, M|
|poke|p2|Basculegion, L50, M|
|poke|p2|Venusaur, L50, M|
|teampreview|4
|showteam|p1|Gengar||Gengarite|CursedBody|ShadowBall,SludgeBomb,PerishSong,Protect|Modest||F|||50|]Archaludon||Leftovers|Stamina|ElectroShot,DragonPulse,FlashCannon,Protect|Bold||M|||50|]Politoed||RindoBerry|Drizzle|WeatherBall,Hypnosis,PerishSong,Protect|Calm||M|||50|]Swampert||Swampertite|Torrent|WaveCrash,Earthquake,IcePunch,Protect|Adamant||M|||50|]Vivillon||FocusSash|CompoundEyes|Hurricane,SleepPowder,RagePowder,Protect|Timid||F|||50|]Incineroar||SitrusBerry|Intimidate|ThroatChop,FakeOut,PartingShot,Protect|Impish||F|||50|
|showteam|p2|Charizard||CharizarditeY|Blaze|HeatWave,WeatherBall,SolarBeam,Protect|Modest||F|||50|]Grimmsnarl||LightClay|Prankster|SpiritBreak,Reflect,LightScreen,PartingShot|Sassy||M|||50|]Pelipper||SitrusBerry|Drizzle|WeatherBall,Hurricane,Tailwind,WideGuard|Modest||F|||50|]Archaludon||Leftovers|Stamina|FlashCannon,DragonPulse,ElectroShot,Protect|Calm||M|||50|]Basculegion||ChoiceScarf|Adaptability|WaveCrash,AquaJet,LastRespects,FlipTurn|Jolly||M|||50|]Venusaur||FocusSash|Chlorophyll|SludgeBomb,EarthPower,SleepPowder,Protect|Modest||M|||50|
|inactive|Battle timer is ON: inactive players will automatically lose when time's up. (requested by MolluskVGC)
|inactive|Ryugami0 has 60 seconds left.
|inactive|MolluskVGC has 60 seconds left.
|inactive|Ryugami0 has 30 seconds left.
|inactive|Ryugami0 has 20 seconds left.
|inactive|Ryugami0 has 15 seconds left.
|inactive|Ryugami0 has 10 seconds left.
|
|t:|1784358616
|teamsize|p1|4
|teamsize|p2|4
|start
|switch|p1a: Gengar|Gengar, L50, F|100/100
|switch|p1b: Incineroar|Incineroar, L50, F|100/100
|switch|p2a: Charizard|Charizard, L50, F|100/100
|switch|p2b: Venusaur|Venusaur, L50, M|100/100
|-ability|p1b: Incineroar|Intimidate|boost
|-unboost|p2a: Charizard|atk|1
|-unboost|p2b: Venusaur|atk|1
|turn|1
|
|t:|1784358627
|detailschange|p2a: Charizard|Charizard-Mega-Y, L50, F
|-mega|p2a: Charizard|Charizard|Charizardite Y
|-weather|SunnyDay|[from] ability: Drought|[of] p2a: Charizard
|detailschange|p1a: Gengar|Gengar-Mega, L50, F
|-mega|p1a: Gengar|Gengar|Gengarite
|move|p1b: Incineroar|Fake Out|p2b: Venusaur
|-damage|p2b: Venusaur|86/100
|cant|p2b: Venusaur|flinch
|move|p1a: Gengar|Shadow Ball|p2a: Charizard
|-damage|p2a: Charizard|58/100
|move|p2a: Charizard|Weather Ball|p1a: Gengar
|-damage|p1a: Gengar|15/100
|
|-weather|SunnyDay|[upkeep]
|upkeep
|turn|2
|inactive|MolluskVGC has 30 seconds left.
|
|t:|1784358658
|move|p1a: Gengar|Protect|p1a: Gengar
|-singleturn|p1a: Gengar|Protect
|move|p2b: Venusaur|Earth Power|p1a: Gengar
|-activate|p1a: Gengar|move: Protect
|move|p2a: Charizard|Weather Ball|p1b: Incineroar
|-resisted|p1b: Incineroar|1
|-damage|p1b: Incineroar|66/100
|move|p1b: Incineroar|Parting Shot|p2a: Charizard
|-unboost|p2a: Charizard|atk|1
|-unboost|p2a: Charizard|spa|1
|
|t:|1784358672
|switch|p1b: Archaludon|Archaludon, L50, M|100/100|[from] Parting Shot
|
|-weather|SunnyDay|[upkeep]
|upkeep
|turn|3
|
|t:|1784358691
|switch|p1a: Politoed|Politoed, L50, M|100/100
|-weather|RainDance|[from] ability: Drizzle|[of] p1a: Politoed
|move|p2a: Charizard|Heat Wave|p1a: Politoed|[spread] p1a,p1b
|-resisted|p1a: Politoed|1
|-damage|p1a: Politoed|95/100
|-damage|p1b: Archaludon|87/100
|-ability|p1b: Archaludon|Stamina|boost
|-boost|p1b: Archaludon|def|1
|move|p2b: Venusaur|Sleep Powder|p1b: Archaludon
|-status|p1b: Archaludon|slp|[from] move: Sleep Powder
|cant|p1b: Archaludon|slp
|
|-weather|RainDance|[upkeep]
|-heal|p1b: Archaludon|93/100 slp|[from] item: Leftovers
|upkeep
|turn|4
|
|t:|1784358717
|switch|p2a: Archaludon|Archaludon, L50, M|100/100
|move|p2b: Venusaur|Earth Power|p1b: Archaludon
|-supereffective|p1b: Archaludon|1
|-damage|p1b: Archaludon|38/100 slp
|-ability|p1b: Archaludon|Stamina|boost
|-boost|p1b: Archaludon|def|1
|cant|p1b: Archaludon|slp
|move|p1a: Politoed|Hypnosis|p2b: Venusaur
|-status|p2b: Venusaur|slp|[from] move: Hypnosis
|
|-weather|RainDance|[upkeep]
|-heal|p1b: Archaludon|44/100 slp|[from] item: Leftovers
|upkeep
|turn|5
|inactive|Ryugami0 has 30 seconds left.
|
|t:|1784358746
|switch|p1b: Incineroar|Incineroar, L50, F|66/100
|-ability|p1b: Incineroar|Intimidate|boost
|-unboost|p2a: Archaludon|atk|1
|-unboost|p2b: Venusaur|atk|1
|cant|p2b: Venusaur|slp
|move|p2a: Archaludon|Electro Shot||[still]
|-prepare|p2a: Archaludon|Electro Shot
|-boost|p2a: Archaludon|spa|1
|-anim|p2a: Archaludon|Electro Shot|p1a: Politoed
|-supereffective|p1a: Politoed|1
|-damage|p1a: Politoed|14/100
|move|p1a: Politoed|Perish Song|p1a: Politoed
|-start|p1a: Politoed|perish3|[silent]
|-start|p1b: Incineroar|perish3|[silent]
|-start|p2a: Archaludon|perish3|[silent]
|-start|p2b: Venusaur|perish3|[silent]
|-fieldactivate|move: Perish Song
|
|-weather|RainDance|[upkeep]
|-start|p2b: Venusaur|perish3
|-start|p2a: Archaludon|perish3
|-start|p1a: Politoed|perish3
|-start|p1b: Incineroar|perish3
|upkeep
|turn|6
|inactive|Ryugami0 has 30 seconds left.
|inactive|MolluskVGC has 30 seconds left.
|
|t:|1784358777
|switch|p2a: Basculegion|Basculegion, L50, M|100/100
|move|p1b: Incineroar|Fake Out|p2a: Basculegion
|-immune|p2a: Basculegion
|cant|p2b: Venusaur|slp
|move|p1a: Politoed|Hypnosis|p2b: Venusaur
|-fail|p2b: Venusaur|slp
|
|-weather|RainDance|[upkeep]
|-start|p2b: Venusaur|perish2
|-start|p1a: Politoed|perish2
|-start|p1b: Incineroar|perish2
|upkeep
|turn|7
|-message|Ryugami0 forfeited.
|
|win|MolluskVGC
|c|☆Ryugami0|ggs
|c|☆MolluskVGC|Gg
|l|☆MolluskVGC
|player|p2|
|l|☆Ryugami0
|player|p1|
|j|☆MolluskVGC
|player|p2|MolluskVGC|hiker-gen4|
