|j|☆anino23
|j|☆Daniw9
|html|anino23Daniw9    
|uhtml|bestof|Game 3 of a best-of-3
|t:|1757103382
|gametype|doubles
|player|p1|anino23|1|1156
|player|p2|Daniw9|169|1198
|gen|9
|tier|[Gen 9] VGC 2025 Reg H (Bo3)
|rated|
|rule|Species Clause: Limit one of each Pokémon
|rule|Item Clause: Limit 1 of each item
|clearpoke
|poke|p1|Gholdengo, L50|
|poke|p1|Ursaluna, L50, F|
|poke|p1|Incineroar, L50, M|
|poke|p1|Porygon2, L50|
|poke|p1|Kilowattrel, L50, F|
|poke|p1|Amoonguss, L50, F|
|poke|p2|Garchomp, L50, F|
|poke|p2|Tyranitar, L50, M|
|poke|p2|Indeedee-F, L50, F|
|poke|p2|Gardevoir, L50, M|
|poke|p2|Talonflame, L50, F|
|poke|p2|Annihilape, L50, M|
|teampreview|4
|showteam|p1|Gholdengo||LifeOrb|GoodasGold|MakeItRain,NastyPlot,ShadowBall,Protect||||||50|,,,,,Dark]Ursaluna||FlameOrb|Guts|Facade,HeadlongRush,Earthquake,Protect|||F|||50|,,,,,Ghost]Incineroar||SafetyGoggles|Intimidate|FakeOut,FlareBlitz,KnockOff,PartingShot|||M|||50|,,,,,Bug]Porygon2||Eviolite|Download|IceBeam,TeraBlast,Recover,TrickRoom||||||50|,,,,,Fighting]Kilowattrel||FocusSash|Competitive|Thunderbolt,AirSlash,Protect,Tailwind|||F|||50|,,,,,Electric]Amoonguss||SitrusBerry|Regenerator|RagePowder,ClearSmog,Spore,PollenPuff|||F|||50|,,,,,Water
|showteam|p2|Garchomp||ClearAmulet|SandVeil|Earthquake,StompingTantrum,Protect,DragonClaw|||F|||50|,,,,,Steel]Tyranitar||AssaultVest|SandStream|RockSlide,TeraBlast,KnockOff,LowKick|||M|||50|,,,,,Flying]Indeedee-F||SafetyGoggles|PsychicSurge|DazzlingGleam,TrickRoom,FollowMe,HelpingHand|||F|||50|,,,,,Water]Gardevoir||ChoiceScarf|Telepathy|IcyWind,Moonblast,ExpandingForce,MysticalFire|||M|||50|,,,,,Fire]Talonflame||CovertCloak|GaleWings|Tailwind,DualWingbeat,FlareBlitz,Taunt|||F|||50|,,,,,Flying]Annihilape||SitrusBerry|Defiant|CloseCombat,RageFist,Coaching,FinalGambit|||M|||50|,,,,,Grass
|inactive|Battle timer is ON: inactive players will automatically lose when time's up. (requested by anino23)
|inactive|anino23 has 60 seconds left.
|
|t:|1757103441
|teamsize|p1|4
|teamsize|p2|4
|start
|switch|p1a: Incineroar|Incineroar, L50, M|100/100
|switch|p1b: Porygon2|Porygon2, L50|100/100
|switch|p2a: Annihilape|Annihilape, L50, M|100/100
|switch|p2b: Talonflame|Talonflame, L50, F|100/100
|-ability|p1a: Incineroar|Intimidate|boost
|-unboost|p2a: Annihilape|atk|1
|-ability|p2a: Annihilape|Defiant|boost
|-boost|p2a: Annihilape|atk|2
|-unboost|p2b: Talonflame|atk|1
|-ability|p1b: Porygon2|Download|boost
|-boost|p1b: Porygon2|atk|1
|turn|1
|inactive|anino23 has 30 seconds left.
|
|t:|1757103471
|switch|p1b: Gholdengo|Gholdengo, L50|100/100
|-terastallize|p1a: Incineroar|Bug
|move|p2b: Talonflame|Taunt|p1b: Gholdengo
|-immune|p1b: Gholdengo|[from] ability: Good as Gold
|move|p2a: Annihilape|Close Combat|p1a: Incineroar
|-resisted|p1a: Incineroar
|-damage|p1a: Incineroar|71/100
|-unboost|p2a: Annihilape|def|1
|-unboost|p2a: Annihilape|spd|1
|move|p1a: Incineroar|Knock Off|p2a: Annihilape
|-damage|p2a: Annihilape|39/100
|-enditem|p2a: Annihilape|Sitrus Berry|[from] move: Knock Off|[of] p1a: Incineroar
|
|upkeep
|turn|2
|inactive|anino23 has 30 seconds left.
|
|t:|1757103503
|switch|p2b: Garchomp|Garchomp, L50, F|100/100
|switch|p1b: Porygon2|Porygon2, L50|100/100
|-ability|p1b: Porygon2|Download|boost
|-boost|p1b: Porygon2|spa|1
|move|p2a: Annihilape|Rage Fist|p1a: Incineroar
|-damage|p1a: Incineroar|15/100
|move|p1a: Incineroar|Knock Off|p2a: Annihilape
|-damage|p2a: Annihilape|0 fnt
|faint|p2a: Annihilape
|
|upkeep
|
|t:|1757103515
|switch|p2a: Talonflame|Talonflame, L50, F|100/100
|turn|3
|inactive|anino23 has 30 seconds left.
|
|t:|1757103544
|move|p2a: Talonflame|Taunt|p1b: Porygon2
|-start|p1b: Porygon2|move: Taunt
|move|p2b: Garchomp|Earthquake|p1b: Porygon2|[spread] p1a,p1b
|-immune|p2a: Talonflame
|-resisted|p1a: Incineroar
|-crit|p1b: Porygon2
|-damage|p1a: Incineroar|0 fnt
|-damage|p1b: Porygon2|67/100
|faint|p1a: Incineroar
|move|p1b: Porygon2|Ice Beam|p2a: Talonflame
|-damage|p2a: Talonflame|46/100
|
|upkeep
|
|t:|1757103555
|switch|p1a: Gholdengo|Gholdengo, L50|100/100
|turn|4
|
|t:|1757103573
|switch|p1a: Ursaluna|Ursaluna, L50, F|100/100
|-terastallize|p2b: Garchomp|Steel
|move|p2a: Talonflame|Flare Blitz|p1b: Porygon2
|-damage|p1b: Porygon2|44/100
|-status|p1b: Porygon2|brn
|-damage|p2a: Talonflame|37/100|[from] Recoil
|move|p2b: Garchomp|Earthquake|p1b: Porygon2|[spread] p1a,p1b
|-immune|p2a: Talonflame
|-damage|p1a: Ursaluna|65/100
|-damage|p1b: Porygon2|18/100 brn
|move|p1b: Porygon2|Ice Beam|p2a: Talonflame
|-damage|p2a: Talonflame|0 fnt
|faint|p2a: Talonflame
|
|-damage|p1b: Porygon2|12/100 brn|[from] brn
|-status|p1a: Ursaluna|brn|[from] item: Flame Orb
|upkeep
|
|t:|1757103587
|switch|p2a: Gardevoir|Gardevoir, L50, M|100/100
|turn|5
|
|t:|1757103609
|move|p2a: Gardevoir|Moonblast|p1a: Ursaluna
|-damage|p1a: Ursaluna|13/100 brn
|move|p2b: Garchomp|Earthquake|p1b: Porygon2|[spread] p1a,p1b
|-activate|p2a: Gardevoir|ability: Telepathy
|-crit|p1a: Ursaluna
|-damage|p1a: Ursaluna|0 fnt
|-damage|p1b: Porygon2|0 fnt
|faint|p1a: Ursaluna
|faint|p1b: Porygon2
|
|upkeep
|
|t:|1757103619
|switch|p1a: Gholdengo|Gholdengo, L50|100/100
|turn|6
|
|t:|1757103628
|move|p2a: Gardevoir|Moonblast|p1a: Gholdengo
|-resisted|p1a: Gholdengo
|-damage|p1a: Gholdengo|70/100
|-unboost|p1a: Gholdengo|spa|1
|move|p2b: Garchomp|Earthquake|p1a: Gholdengo|[spread] p1a
|-activate|p2a: Gardevoir|ability: Telepathy
|-supereffective|p1a: Gholdengo
|-damage|p1a: Gholdengo|0 fnt
|faint|p1a: Gholdengo
|
|win|Daniw9
|raw|anino23's rating: 1156 → 1134(-22 for losing)
|raw|Daniw9's rating: 1198 → 1220(+22 for winning)
|l|☆anino23
|player|p1|
