|j|☆good kid 00
|j|☆Cdogp
|html|good kid 00Cdogp    
|uhtml|bestof|Game 3 of a best-of-3
|t:|1754166737
|gametype|doubles
|player|p1|good kid 00|giovanni|1217
|player|p2|Cdogp|collector|1317
|gen|9
|tier|[Gen 9] VGC 2025 Reg H (Bo3)
|rated|
|rule|Species Clause: Limit one of each Pokémon
|rule|Item Clause: Limit 1 of each item
|clearpoke
|poke|p1|Sneasler, L50, F|
|poke|p1|Incineroar, L50, F|
|poke|p1|Kingambit, L50, F|
|poke|p1|Volcarona, L50, M|
|poke|p1|Baxcalibur, L50, M|
|poke|p1|Rillaboom, L50, F|
|poke|p2|Milotic, L50, M|
|poke|p2|Tyranitar, L50, F|
|poke|p2|Talonflame, L50, F|
|poke|p2|Garchomp, L50, F|
|poke|p2|Amoonguss, L50, F|
|poke|p2|Gholdengo, L50|
|teampreview|4
|showteam|p1|Sneasler||FocusSash|Unburden|CloseCombat,DireClaw,Coaching,FakeOut|||F|||50|,,,,,Stellar]Incineroar||MirrorHerb|Intimidate|FlareBlitz,KnockOff,PartingShot,FakeOut|||F|||50|,,,,,Ghost]Kingambit||SafetyGoggles|Defiant|KowtowCleave,SuckerPunch,SwordsDance,Protect|||F|||50|,,,,,Ghost]Volcarona||Leftovers|FlameBody|HeatWave,TeraBlast,QuiverDance,Protect|||M|||50|,,,,,Fairy]Baxcalibur||LoadedDice|ThermalExchange|ScaleShot,IcicleSpear,HighHorsepower,Protect|||M|||50|,,,,,Ghost]Rillaboom||AssaultVest|GrassySurge|WoodHammer,GrassyGlide,HighHorsepower,FakeOut|||F|||50|,,,,,Fire
|showteam|p2|Milotic||SafetyGoggles|Competitive|Scald,IcyWind,Haze,Protect|||M|||50|,,,,,Dragon]Tyranitar||AssaultVest|SandStream|RockSlide,KnockOff,LowKick,TeraBlast|||F|||50|,,,,,Flying]Talonflame||CovertCloak|GaleWings|BraveBird,Tailwind,WillOWisp,Taunt|||F|||50|,,,,,Ghost]Garchomp||LifeOrb|RoughSkin|Protect,StompingTantrum,Earthquake,DragonClaw|||F|||50|,,,,,Steel]Amoonguss||SitrusBerry|Regenerator|Protect,RagePowder,Spore,PollenPuff|||F|||50|,,,,,Water]Gholdengo||IronPlate|GoodasGold|MakeItRain,ShadowBall,NastyPlot,Protect||||||50|,,,,,Flying
|inactive|Battle timer is ON: inactive players will automatically lose when time's up. (requested by good kid 00)
|inactive|Cdogp also wants the timer to be on.
|
|t:|1754166755
|teamsize|p1|4
|teamsize|p2|4
|start
|switch|p1a: Incineroar|Incineroar, L50, F|100/100
|switch|p1b: Sneasler|Sneasler, L50, F, shiny|100/100
|switch|p2a: Gholdengo|Gholdengo, L50|100/100
|switch|p2b: Talonflame|Talonflame, L50, F|100/100
|-ability|p1a: Incineroar|Intimidate|boost
|-unboost|p2a: Gholdengo|atk|1
|-unboost|p2b: Talonflame|atk|1
|turn|1
|
|t:|1754166770
|switch|p2a: Garchomp|Garchomp, L50, F|100/100
|move|p2b: Talonflame|Will-O-Wisp|p1b: Sneasler
|-status|p1b: Sneasler|brn
|move|p1b: Sneasler|Coaching|p1a: Incineroar
|-boost|p1a: Incineroar|atk|1
|-boost|p1a: Incineroar|def|1
|move|p1a: Incineroar|Knock Off|p2a: Garchomp
|-damage|p2a: Garchomp|39/100
|-damage|p1a: Incineroar|88/100|[from] ability: Rough Skin|[of] p2a: Garchomp
|-enditem|p2a: Garchomp|Life Orb|[from] move: Knock Off|[of] p1a: Incineroar
|
|-damage|p1b: Sneasler|95/100 brn|[from] brn
|upkeep
|turn|2
|inactive|good kid 00 has 30 seconds left.
|inactive|good kid 00 has 20 seconds left.
|
|t:|1754166808
|-terastallize|p1a: Incineroar|Ghost
|move|p2b: Talonflame|Brave Bird|p1b: Sneasler
|-supereffective|p1b: Sneasler
|-damage|p1b: Sneasler|13/100 brn
|-damage|p2b: Talonflame|78/100|[from] Recoil
|move|p1b: Sneasler|Coaching|p1a: Incineroar
|-boost|p1a: Incineroar|atk|1
|-boost|p1a: Incineroar|def|1
|move|p2a: Garchomp|Stomping Tantrum|p1a: Incineroar
|-damage|p1a: Incineroar|71/100
|move|p1a: Incineroar|Knock Off|p2b: Talonflame
|-damage|p2b: Talonflame|0 fnt
|-enditem|p2b: Talonflame|Covert Cloak|[from] move: Knock Off|[of] p1a: Incineroar
|faint|p2b: Talonflame
|
|-damage|p1b: Sneasler|7/100 brn|[from] brn
|upkeep
|
|t:|1754166815
|switch|p2b: Gholdengo|Gholdengo, L50|100/100
|turn|3
|
|t:|1754166832
|move|p1b: Sneasler|Dire Claw|p2a: Garchomp
|-resisted|p2a: Garchomp
|-damage|p2a: Garchomp|29/100
|-damage|p1b: Sneasler|0 fnt|[from] ability: Rough Skin|[of] p2a: Garchomp
|faint|p1b: Sneasler
|move|p2a: Garchomp|Stomping Tantrum|p1a: Incineroar
|-damage|p1a: Incineroar|54/100
|move|p2b: Gholdengo|Shadow Ball|p1a: Incineroar
|-supereffective|p1a: Incineroar
|-damage|p1a: Incineroar|0 fnt
|faint|p1a: Incineroar
|
|upkeep
|
|t:|1754166838
|switch|p1b: Rillaboom|Rillaboom, L50, F|100/100
|switch|p1a: Baxcalibur|Baxcalibur, L50, M|100/100
|-fieldstart|move: Grassy Terrain|[from] ability: Grassy Surge|[of] p1b: Rillaboom
|turn|4
|
|t:|1754166856
|move|p1a: Baxcalibur|Protect|p1a: Baxcalibur
|-singleturn|p1a: Baxcalibur|Protect
|move|p2b: Gholdengo|Protect|p2b: Gholdengo
|-singleturn|p2b: Gholdengo|Protect
|move|p2a: Garchomp|Dragon Claw|p1a: Baxcalibur
|-activate|p1a: Baxcalibur|move: Protect
|move|p1b: Rillaboom|High Horsepower|p2b: Gholdengo
|-activate|p2b: Gholdengo|move: Protect
|
|-heal|p2a: Garchomp|35/100|[from] Grassy Terrain
|upkeep
|turn|5
|
|t:|1754166873
|-terastallize|p2a: Garchomp|Steel
|move|p1b: Rillaboom|Grassy Glide|p2a: Garchomp
|-resisted|p2a: Garchomp
|-damage|p2a: Garchomp|15/100
|-damage|p1b: Rillaboom|88/100|[from] ability: Rough Skin|[of] p2a: Garchomp
|move|p2a: Garchomp|Dragon Claw|p1a: Baxcalibur
|-supereffective|p1a: Baxcalibur
|-damage|p1a: Baxcalibur|19/100
|move|p1a: Baxcalibur|Icicle Spear|p2b: Gholdengo
|-resisted|p2b: Gholdengo
|-damage|p2b: Gholdengo|94/100
|-resisted|p2b: Gholdengo
|-damage|p2b: Gholdengo|86/100
|-resisted|p2b: Gholdengo
|-crit|p2b: Gholdengo
|-damage|p2b: Gholdengo|74/100
|-resisted|p2b: Gholdengo
|-damage|p2b: Gholdengo|67/100
|-resisted|p2b: Gholdengo
|-damage|p2b: Gholdengo|59/100
|-hitcount|p2b: Gholdengo|5
|move|p2b: Gholdengo|Make It Rain|p1b: Rillaboom|[spread] p1a,p1b
|-supereffective|p1a: Baxcalibur
|-damage|p1a: Baxcalibur|0 fnt
|-damage|p1b: Rillaboom|41/100
|-unboost|p2b: Gholdengo|spa|1
|faint|p1a: Baxcalibur
|
|-heal|p2a: Garchomp|21/100|[from] Grassy Terrain
|-heal|p2b: Gholdengo|65/100|[from] Grassy Terrain
|-heal|p1b: Rillaboom|48/100|[from] Grassy Terrain
|upkeep
|turn|6
|-message|good kid 00 forfeited.
|
|win|Cdogp
|raw|good kid 00's rating: 1217 → 1199(-18 for losing)
|raw|Cdogp's rating: 1317 → 1331(+14 for winning)
|l|☆Cdogp
|player|p2|
