|j|☆onescoopmann
|j|☆snailboss
|html|onescoopmannsnailboss    
|uhtml|bestof|Game 1 of a best-of-3
|t:|1756420953
|gametype|doubles
|player|p1|onescoopmann|1|1189
|player|p2|snailboss|hilda-wonderlauncher|1195
|gen|9
|tier|[Gen 9] VGC 2025 Reg H (Bo3)
|rated|
|rule|Species Clause: Limit one of each Pokémon
|rule|Item Clause: Limit 1 of each item
|clearpoke
|poke|p1|Indeedee-F, L50, F|
|poke|p1|Hatterene, L50, F|
|poke|p1|Torkoal, L50, F|
|poke|p1|Lilligant-Hisui, L50, F|
|poke|p1|Ursaluna, L50, M|
|poke|p1|Gallade, L50, M|
|poke|p2|Tyranitar, L50, M|
|poke|p2|Excadrill, L50, F|
|poke|p2|Indeedee-F, L50, F|
|poke|p2|Zoroark-Hisui, L50, M|
|poke|p2|Corviknight, L50, F|
|poke|p2|Amoonguss, L50, F|
|teampreview|4
|showteam|p1|Indeedee-F||PsychicSeed|PsychicSurge|FollowMe,Psychic,HelpingHand,TrickRoom|||F|||50|,,,,,Grass]Hatterene||LifeOrb|MagicBounce|ExpandingForce,DazzlingGleam,TrickRoom,Protect|||F|||50|,,,,,Fire]Torkoal||Charcoal|Drought|Eruption,WeatherBall,HeatWave,Protect|||F|||50|,,,,,Fire]Lilligant-Hisui||FocusSash|Chlorophyll|SleepPowder,AfterYou,LeafBlade,CloseCombat|||F|||50|,,,,,Ghost]Ursaluna||FlameOrb|Guts|HeadlongRush,Facade,SwordsDance,Protect|||M|||50|,,,,,Normal]Gallade||ClearAmulet|Sharpness|SacredSword,PsychoCut,WideGuard,TrickRoom|||M|||50|,,,,,Grass
|showteam|p2|Tyranitar||AssaultVest|SandStream|RockSlide,KnockOff,LowKick,TeraBlast|||M|||50|,,,,,Flying]Excadrill||FocusSash|SandRush|IronHead,Protect,SwordsDance,Earthquake|||F|||50|,,,,,Ground]Indeedee-F||SafetyGoggles|PsychicSurge|TrickRoom,FollowMe,Psychic,HelpingHand|||F|||50|,,,,,Fairy]Zoroark-Hisui||ChoiceSpecs|Illusion|HyperVoice,ShadowBall,HyperBeam,Flamethrower|||M|||50|,,,,,Normal]Corviknight||PsychicSeed|MirrorArmor|BraveBird,PowerTrip,BulkUp,Roost|||F|||50|,,,,,Rock]Amoonguss||SitrusBerry|Regenerator|Spore,RagePowder,Protect,ClearSmog|||F|||50|,,,,,Water
|inactive|Battle timer is ON: inactive players will automatically lose when time's up. (requested by onescoopmann)
|
|t:|1756420984
|teamsize|p1|4
|teamsize|p2|4
|start
|switch|p1a: Indeedee|Indeedee-F, L50, F|100/100
|switch|p1b: Hatterene|Hatterene, L50, F|100/100
|switch|p2a: Excadrill|Excadrill, L50, F|100/100
|switch|p2b: Indeedee|Indeedee-F, L50, F|100/100
|-fieldstart|move: Psychic Terrain|[from] ability: Psychic Surge|[of] p2b: Indeedee
|-enditem|p1a: Indeedee|Psychic Seed
|-boost|p1a: Indeedee|spd|1|[from] item: Psychic Seed
|turn|1
|
|t:|1756421006
|-terastallize|p2a: Excadrill|Normal
|move|p2b: Indeedee|Helping Hand|p2a: Excadrill
|-singleturn|p2a: Excadrill|Helping Hand|[of] p2b: Indeedee
|move|p1a: Indeedee|Follow Me|p1a: Indeedee
|-singleturn|p1a: Indeedee|move: Follow Me
|move|p2a: Excadrill|Hyper Voice|p1b: Hatterene|[spread] p1a,p1b
|-damage|p1a: Indeedee|30/100
|-damage|p1b: Hatterene|0 fnt
|faint|p1b: Hatterene
|
|upkeep
|c|☆onescoopmann|oh i see
|inactive|onescoopmann has 30 seconds left.
|c|☆onescoopmann|i understand it now
|
|t:|1756421037
|switch|p1b: Gallade|Gallade, L50, M|100/100
|turn|2
|c|☆snailboss|my joker's trick
|
|t:|1756421050
|switch|p2a: Tyranitar|Tyranitar, L50, M|100/100
|-weather|Sandstorm|[from] ability: Sand Stream|[of] p2a: Tyranitar
|move|p1b: Gallade|Wide Guard|p1b: Gallade
|-singleturn|p1b: Gallade|Wide Guard
|move|p2b: Indeedee|Trick Room|p2b: Indeedee
|-fieldstart|move: Trick Room|[of] p2b: Indeedee
|move|p1a: Indeedee|Trick Room|p1a: Indeedee
|-fieldend|move: Trick Room
|
|-weather|Sandstorm|[upkeep]
|-damage|p1a: Indeedee|24/100|[from] Sandstorm
|-damage|p1b: Gallade|95/100|[from] Sandstorm
|upkeep
|turn|3
|
|t:|1756421076
|move|p2b: Indeedee|Helping Hand|p2a: Tyranitar
|-singleturn|p2a: Tyranitar|Helping Hand|[of] p2b: Indeedee
|move|p2a: Tyranitar|Knock Off|p1b: Gallade
|-damage|p1b: Gallade|0 fnt
|-enditem|p1b: Gallade|Clear Amulet|[from] move: Knock Off|[of] p2a: Tyranitar
|faint|p1b: Gallade
|move|p1a: Indeedee|Trick Room|p1a: Indeedee
|-fieldstart|move: Trick Room|[of] p1a: Indeedee
|
|-weather|Sandstorm|[upkeep]
|-damage|p1a: Indeedee|18/100|[from] Sandstorm
|upkeep
|
|t:|1756421084
|switch|p1b: Torkoal|Torkoal, L50, F|100/100
|-weather|SunnyDay|[from] ability: Drought|[of] p1b: Torkoal
|turn|4
|
|t:|1756421090
|-terastallize|p1b: Torkoal|Fire
|move|p1a: Indeedee|Helping Hand|p1b: Torkoal
|-singleturn|p1b: Torkoal|Helping Hand|[of] p1a: Indeedee
|move|p2b: Indeedee|Helping Hand|p2a: Tyranitar
|-singleturn|p2a: Tyranitar|Helping Hand|[of] p2b: Indeedee
|move|p1b: Torkoal|Eruption|p2a: Tyranitar|[spread] p2a,p2b
|-resisted|p2a: Tyranitar
|-damage|p2a: Tyranitar|43/100
|-damage|p2b: Indeedee|0 fnt
|faint|p2b: Indeedee
|move|p2a: Tyranitar|Rock Slide|p1b: Torkoal|[spread] p1a,p1b
|-crit|p1a: Indeedee
|-supereffective|p1b: Torkoal
|-damage|p1a: Indeedee|0 fnt
|-damage|p1b: Torkoal|29/100
|faint|p1a: Indeedee
|
|-weather|SunnyDay|[upkeep]
|upkeep
|
|t:|1756421104
|switch|p2b: Excadrill|Excadrill, L50, F|100/100
|turn|5
|
|t:|1756421108
|move|p1b: Torkoal|Heat Wave|p2b: Excadrill|[spread] p2a,p2b
|-resisted|p2a: Tyranitar
|-supereffective|p2b: Excadrill
|-damage|p2a: Tyranitar|16/100
|-enditem|p2b: Excadrill|Focus Sash
|-damage|p2b: Excadrill|1/100
|move|p2a: Tyranitar|Rock Slide|p1b: Torkoal
|-supereffective|p1b: Torkoal
|-damage|p1b: Torkoal|0 fnt
|faint|p1b: Torkoal
|
|win|snailboss
||onescoopmann is ready for game 2.
