|j|☆spellbreakvgc
|j|☆Cm3112
|html|spellbreakvgcCm3112    
|uhtml|bestof|Game 3 of a best-of-3
|t:|1756795558
|gametype|doubles
|player|p1|spellbreakvgc|lance|1129
|player|p2|Cm3112|169|1279
|gen|9
|tier|[Gen 9] VGC 2025 Reg H (Bo3)
|rated|
|rule|Species Clause: Limit one of each Pokémon
|rule|Item Clause: Limit 1 of each item
|clearpoke
|poke|p1|Garchomp, L50, F|
|poke|p1|Weezing-Galar, L50, M|
|poke|p1|Archaludon, L50, M|
|poke|p1|Gholdengo, L50|
|poke|p1|Talonflame, L50, F|
|poke|p1|Annihilape, L50, M|
|poke|p2|Archaludon, L50, F|
|poke|p2|Annihilape, L50, F|
|poke|p2|Maushold-Four, L50|
|poke|p2|Pelipper, L50, F|
|poke|p2|Basculegion, L50, M|
|poke|p2|Sinistcha, L50|
|teampreview|4
|showteam|p1|Garchomp||LifeOrb|RoughSkin|DragonClaw,Earthquake,StompingTantrum,Protect|||F|||50|,,,,,Ground]Weezing-Galar||FocusSash|NeutralizingGas|Protect,SludgeBomb,Taunt,StrangeSteam|||M|||50|,,,,,Flying]Archaludon||PowerHerb|Sturdy|ElectroShot,Thunderbolt,DracoMeteor,Protect|||M|||50|,,,,,Electric]Gholdengo||ChoiceSpecs|GoodasGold|ShadowBall,DazzlingGleam,PowerGem,MakeItRain||||||50|,,,,,Fairy]Talonflame||CovertCloak|GaleWings|Tailwind,DualWingbeat,WillOWisp,FlareBlitz|||F|||50|,,,,,Stellar]Annihilape||AssaultVest|Defiant|CloseCombat,RageFist,FinalGambit,IcePunch|||M|||50|,,,,,Grass
|showteam|p2|Archaludon||AssaultVest|Stamina|FlashCannon,ElectroShot,DracoMeteor,BodyPress|||F|||50|,,,,,Fairy]Annihilape||SafetyGoggles|Defiant|DrainPunch,RageFist,BulkUp,Protect|||F|||50|,,,,,Dragon]Maushold-Four||WideLens|Technician|PopulationBomb,BeatUp,FollowMe,Protect||||||50|,,,,,Ghost]Pelipper||FocusSash|Drizzle|MuddyWater,Hurricane,WideGuard,Tailwind|||F|||50|,,,,,Water]Basculegion||ChoiceBand|SwiftSwim|WaveCrash,FlipTurn,AquaJet,LastRespects|||M|||50|,,,,,Dark]Sinistcha||RockyHelmet|Hospitality|MatchaGotcha,RagePowder,StrengthSap,TrickRoom||||||50|,,,,,Fairy
|inactive|Battle timer is ON: inactive players will automatically lose when time's up. (requested by spellbreakvgc)
|j| Auragap
|l| Auragap
|
|t:|1756795587
|teamsize|p1|4
|teamsize|p2|4
|start
|switch|p1a: Weezing|Weezing-Galar, L50, M|100/100
|switch|p1b: Garchomp|Garchomp, L50, F|100/100
|switch|p2a: Archaludon|Archaludon, L50, F|100/100
|switch|p2b: Maushold|Maushold-Four, L50|100/100
|-ability|p1a: Weezing|Neutralizing Gas
|turn|1
|j| Auragap
|
|t:|1756795612
|switch|p2a: Pelipper|Pelipper, L50, F|100/100
|-terastallize|p1b: Garchomp|Ground
|move|p2b: Maushold|Protect|p2b: Maushold
|-singleturn|p2b: Maushold|Protect
|move|p1a: Weezing|Protect|p1a: Weezing
|-singleturn|p1a: Weezing|Protect
|move|p1b: Garchomp|Earthquake|p2b: Maushold|[spread] 
|-activate|p1a: Weezing|move: Protect
|-activate|p2b: Maushold|move: Protect
|-immune|p2a: Pelipper
|
|upkeep
|turn|2
|inactive|spellbreakvgc has 30 seconds left.
|inactive|spellbreakvgc has 20 seconds left.
|inactive|spellbreakvgc has 15 seconds left.
|inactive|spellbreakvgc has 10 seconds left.
|
|t:|1756795661
|-end|p1a: Weezing|ability: Neutralizing Gas
|-weather|RainDance|[from] ability: Drizzle|[of] p2a: Pelipper
|switch|p1a: Annihilape|Annihilape, L50, M|100/100
|move|p2b: Maushold|Population Bomb|p1a: Annihilape
|-immune|p1a: Annihilape
|move|p1b: Garchomp|Stomping Tantrum|p2b: Maushold
|-damage|p2b: Maushold|0 fnt
|faint|p2b: Maushold
|-damage|p1b: Garchomp|91/100|[from] item: Life Orb
|move|p2a: Pelipper|Muddy Water|p1b: Garchomp|[spread] p1a,p1b
|-supereffective|p1b: Garchomp
|-damage|p1a: Annihilape|69/100
|-damage|p1b: Garchomp|0 fnt
|-unboost|p1a: Annihilape|accuracy|1
|-ability|p1a: Annihilape|Defiant|boost
|-boost|p1a: Annihilape|atk|2
|faint|p1b: Garchomp
|
|-weather|RainDance|[upkeep]
|upkeep
|
|t:|1756795680
|switch|p2b: Basculegion|Basculegion, L50, M|100/100
|switch|p1b: Weezing|Weezing-Galar, L50, M|100/100
|-ability|p1b: Weezing|Neutralizing Gas
|turn|3
|
|t:|1756795704
|-terastallize|p2b: Basculegion|Dark
|move|p1a: Annihilape|Rage Fist|p2b: Basculegion
|-resisted|p2b: Basculegion
|-damage|p2b: Basculegion|40/100
|move|p2b: Basculegion|Wave Crash|p1b: Weezing
|-enditem|p1b: Weezing|Focus Sash
|-damage|p1b: Weezing|1/100
|-damage|p2b: Basculegion|18/100|[from] Recoil
|move|p2a: Pelipper|Hurricane|p1a: Annihilape
|-supereffective|p1a: Annihilape
|-damage|p1a: Annihilape|0 fnt
|faint|p1a: Annihilape
|move|p1b: Weezing|Sludge Bomb|p2a: Pelipper
|-damage|p2a: Pelipper|25/100
|-status|p2a: Pelipper|psn
|
|-weather|RainDance|[upkeep]
|-damage|p2a: Pelipper|13/100 psn|[from] psn
|upkeep
|
|t:|1756795722
|switch|p1a: Archaludon|Archaludon, L50, M|100/100
|turn|4
|
|t:|1756795744
|move|p1b: Weezing|Protect|p1b: Weezing
|-singleturn|p1b: Weezing|Protect
|move|p1a: Archaludon|Electro Shot||[still]
|-prepare|p1a: Archaludon|Electro Shot
|-boost|p1a: Archaludon|spa|1
|-anim|p1a: Archaludon|Electro Shot|p2a: Pelipper
|-supereffective|p2a: Pelipper
|-damage|p2a: Pelipper|0 fnt
|faint|p2a: Pelipper
|move|p2b: Basculegion|Wave Crash|p1b: Weezing
|-activate|p1b: Weezing|move: Protect
|
|-weather|RainDance|[upkeep]
|upkeep
|
|t:|1756795749
|switch|p2a: Archaludon|Archaludon, L50, F|100/100
|turn|5
|
|t:|1756795766
|move|p1b: Weezing|Protect|p1b: Weezing
|-singleturn|p1b: Weezing|Protect
|move|p1a: Archaludon|Electro Shot||[still]
|-prepare|p1a: Archaludon|Electro Shot
|-boost|p1a: Archaludon|spa|1
|-anim|p1a: Archaludon|Electro Shot|p2b: Basculegion
|-crit|p2b: Basculegion
|-damage|p2b: Basculegion|0 fnt
|faint|p2b: Basculegion
|move|p2a: Archaludon|Electro Shot||[still]
|-prepare|p2a: Archaludon|Electro Shot
|-boost|p2a: Archaludon|spa|1
|-anim|p2a: Archaludon|Electro Shot|p1b: Weezing
|-activate|p1b: Weezing|move: Protect
|
|-weather|RainDance|[upkeep]
|upkeep
|turn|6
|-message|Cm3112 forfeited.
|
|win|spellbreakvgc
