|j|☆ChoraoSofa
|j|☆pupusaeater
|html|ChoraoSofapupusaeater    
|uhtml|bestof|Game 1 of a best-of-3
|t:|1757797511
|gametype|doubles
|player|p1|ChoraoSofa|swimmer-gen4|1071
|player|p2|pupusaeater|265|1047
|gen|9
|tier|[Gen 9] VGC 2025 Reg H (Bo3)
|rated|
|rule|Species Clause: Limit one of each Pokémon
|rule|Item Clause: Limit 1 of each item
|clearpoke
|poke|p1|Scovillain, L50, M|
|poke|p1|Rotom-Wash, L50|
|poke|p1|Garchomp, L50, F|
|poke|p1|Ambipom, L50, F|
|poke|p1|Torkoal, L50, M|
|poke|p1|Yanmega, L50, M|
|poke|p2|Dragonite, L50, M|
|poke|p2|Sneasler, L50, M|
|poke|p2|Rillaboom, L50, F|
|poke|p2|Gholdengo, L50|
|poke|p2|Incineroar, L50, M|
|poke|p2|Ursaluna-Bloodmoon, L50, M|
|teampreview|4
|showteam|p1|Scovillain||SitrusBerry|Chlorophyll|RagePowder,SolarBeam,Protect,SpicyExtract|||M|||50|,,,,,Ghost]Rotom-Wash||ChoiceSpecs|Levitate|Discharge,VoltSwitch,HydroPump,Trick||||||50|,,,,,Poison]Garchomp||LifeOrb|RoughSkin|Earthquake,DragonClaw,Protect,StompingTantrum|||F|||50|,,,,,Fire]Ambipom||ClearAmulet|Technician|FakeOut,TripleAxel,Protect,DoubleHit|||F|||50|,,,,,Stellar]Torkoal||EjectPack|Drought|Eruption,Protect,Overheat,HeatWave|||M|||50|,,,,,Fire]Yanmega||FocusSash|SpeedBoost|Tailwind,Protect,Uturn,AirSlash|||M|||50|,,,,,Rock
|showteam|p2|Dragonite||LoadedDice|Multiscale|ScaleShot,ExtremeSpeed,Haze,Protect|||M|||50|,,,,,Normal]Sneasler||FocusSash|PoisonTouch|CloseCombat,DireClaw,FakeOut,Coaching|||M|||50|,,,,,Stellar]Rillaboom||AssaultVest|GrassySurge|WoodHammer,GrassyGlide,HighHorsepower,FakeOut|||F|||50|,,,,,Fire]Gholdengo||LifeOrb|GoodasGold|MakeItRain,ShadowBall,NastyPlot,Protect||||||50|,,,,,Water]Incineroar||SafetyGoggles|Intimidate|FlareBlitz,KnockOff,FakeOut,PartingShot|||M|||50|,,,,,Ghost]Ursaluna-Bloodmoon||Leftovers|MindsEye|BloodMoon,EarthPower,HyperVoice,Protect|||M|||50|,,,,,Electric
|inactive|Battle timer is ON: inactive players will automatically lose when time's up. (requested by pupusaeater)
|inactive|ChoraoSofa also wants the timer to be on.
|inactive|ChoraoSofa has 60 seconds left.
|inactive|pupusaeater has 60 seconds left.
|
|t:|1757797560
|teamsize|p1|4
|teamsize|p2|4
|start
|switch|p1a: Ambipom|Ambipom, L50, F|100/100
|switch|p1b: Yanmega|Yanmega, L50, M|100/100
|switch|p2a: Mamalona|Dragonite, L50, M, shiny|100/100
|switch|p2b: Incineroar|Incineroar, L50, M|100/100
|-ability|p2b: Incineroar|Intimidate|boost
|-fail|p1a: Ambipom|unboost|[from] item: Clear Amulet|[of] p1a: Ambipom
|-unboost|p1b: Yanmega|atk|1
|turn|1
|inactive|pupusaeater has 30 seconds left.
|inactive|pupusaeater has 20 seconds left.
|inactive|pupusaeater has 15 seconds left.
|inactive|pupusaeater has 10 seconds left.
|inactive|pupusaeater has 5 seconds left.
|
|t:|1757797616
|move|p1a: Ambipom|Protect|p1a: Ambipom
|-singleturn|p1a: Ambipom|Protect
|move|p1b: Yanmega|U-turn|p2b: Incineroar
|-damage|p2b: Incineroar|92/100
|
|t:|1757797635
|switch|p1b: Scovillain|Scovillain, L50, M|100/100|[from] U-turn
|move|p2a: Mamalona|Scale Shot|p1a: Ambipom
|-activate|p1a: Ambipom|move: Protect
|move|p2b: Incineroar|Flare Blitz|p1b: Scovillain
|-damage|p1b: Scovillain|24/100
|-enditem|p1b: Scovillain|Sitrus Berry|[eat]
|-heal|p1b: Scovillain|49/100|[from] item: Sitrus Berry
|-damage|p2b: Incineroar|70/100|[from] Recoil
|
|upkeep
|turn|2
|
|t:|1757797657
|move|p1b: Scovillain|Protect|p1b: Scovillain
|-singleturn|p1b: Scovillain|Protect
|move|p1a: Ambipom|Triple Axel|p2a: Mamalona
|-supereffective|p2a: Mamalona
|-damage|p2a: Mamalona|80/100
|-supereffective|p2a: Mamalona
|-damage|p2a: Mamalona|6/100
|-supereffective|p2a: Mamalona
|-damage|p2a: Mamalona|0 fnt
|faint|p2a: Mamalona
|-hitcount|p2: Mamalona|3
|move|p2b: Incineroar|Knock Off|p1a: Ambipom
|-damage|p1a: Ambipom|34/100
|-enditem|p1a: Ambipom|Clear Amulet|[from] move: Knock Off|[of] p2b: Incineroar
|
|upkeep
|
|t:|1757797677
|switch|p2a: Ursaluna|Ursaluna-Bloodmoon, L50, M|100/100
|turn|3
|
|t:|1757797700
|move|p1b: Scovillain|Rage Powder|p1b: Scovillain
|-singleturn|p1b: Scovillain|move: Rage Powder
|move|p1a: Ambipom|Triple Axel|p2a: Ursaluna
|-supereffective|p2a: Ursaluna
|-damage|p2a: Ursaluna|87/100
|-supereffective|p2a: Ursaluna
|-damage|p2a: Ursaluna|60/100
|-supereffective|p2a: Ursaluna
|-damage|p2a: Ursaluna|25/100
|-hitcount|p2a: Ursaluna|3
|move|p2a: Ursaluna|Hyper Voice|p1a: Ambipom|[spread] p1a,p1b
|-damage|p1a: Ambipom|0 fnt
|-damage|p1b: Scovillain|0 fnt
|faint|p1a: Ambipom
|faint|p1b: Scovillain
|move|p2b: Incineroar|Flare Blitz|p1: Ambipom|[notarget]
|-fail|p2b: Incineroar
|
|-heal|p2a: Ursaluna|31/100|[from] item: Leftovers
|upkeep
|
|t:|1757797714
|switch|p1a: Yanmega|Yanmega, L50, M|100/100
|switch|p1b: Torkoal|Torkoal, L50, M|100/100
|-weather|SunnyDay|[from] ability: Drought|[of] p1b: Torkoal
|turn|4
|
|t:|1757797738
|-terastallize|p1a: Yanmega|Rock
|move|p1a: Yanmega|Air Slash|p2a: Ursaluna
|-damage|p2a: Ursaluna|0 fnt
|faint|p2a: Ursaluna
|move|p2b: Incineroar|Flare Blitz|p1b: Torkoal
|-resisted|p1b: Torkoal
|-damage|p1b: Torkoal|71/100
|-damage|p2b: Incineroar|61/100|[from] Recoil
|move|p1b: Torkoal|Heat Wave|p2b: Incineroar
|-resisted|p2b: Incineroar
|-damage|p2b: Incineroar|38/100
|
|-weather|SunnyDay|[upkeep]
|-ability|p1a: Yanmega|Speed Boost|boost
|-boost|p1a: Yanmega|spe|1
|upkeep
|
|t:|1757797751
|switch|p2a: Gholdengo|Gholdengo, L50|100/100
|turn|5
|inactive|ChoraoSofa has 30 seconds left.
|inactive|pupusaeater has 30 seconds left.
|inactive|ChoraoSofa has 20 seconds left.
|inactive|pupusaeater has 20 seconds left.
|inactive|ChoraoSofa has 15 seconds left.
|
|t:|1757797793
|-terastallize|p2a: Gholdengo|Water
|move|p1a: Yanmega|Air Slash|p2a: Gholdengo
|-damage|p2a: Gholdengo|62/100
|move|p2a: Gholdengo|Shadow Ball|p1a: Yanmega
|-damage|p1a: Yanmega|4/100
|-damage|p2a: Gholdengo|52/100|[from] item: Life Orb
|move|p2b: Incineroar|Knock Off|p1a: Yanmega
|-damage|p1a: Yanmega|0 fnt
|-enditem|p1a: Yanmega|Focus Sash|[from] move: Knock Off|[of] p2b: Incineroar
|faint|p1a: Yanmega
|move|p1b: Torkoal|Heat Wave|p2b: Incineroar|[spread] p2a,p2b
|-resisted|p2a: Gholdengo
|-resisted|p2b: Incineroar
|-damage|p2a: Gholdengo|31/100
|-damage|p2b: Incineroar|20/100
|
|-weather|SunnyDay|[upkeep]
|upkeep
|turn|6
|inactive|ChoraoSofa has 30 seconds left.
|
|t:|1757797827
|move|p2a: Gholdengo|Protect|p2a: Gholdengo
|-singleturn|p2a: Gholdengo|Protect
|move|p2b: Incineroar|Parting Shot|p1b: Torkoal
|-unboost|p1b: Torkoal|atk|1
|-unboost|p1b: Torkoal|spa|1
|move|p1b: Torkoal|Overheat|p2a: Gholdengo
|-activate|p2a: Gholdengo|move: Protect
|
|-weather|SunnyDay|[upkeep]
|upkeep
|turn|7
|inactive|pupusaeater has 30 seconds left.
|
|t:|1757797858
|move|p2a: Gholdengo|Shadow Ball|p1b: Torkoal
|-damage|p1b: Torkoal|0 fnt
|faint|p1b: Torkoal
|-damage|p2a: Gholdengo|22/100|[from] item: Life Orb
|
|win|pupusaeater
||ChoraoSofa is ready for game 2.
||pupusaeater is ready for game 2.
|uhtml|next|Next: Game 2 of 3
|l|☆ChoraoSofa
|player|p1|
