|j|☆TheDark69420
|j|☆lolgz
|html|TheDark69420lolgz    
|uhtml|bestof|Game 3 of a best-of-3
|t:|1784882070
|gametype|doubles
|player|p1|TheDark69420|ghetsis-gen5bw|1276
|player|p2|lolgz|dawn|1324
|gen|9
|tier|[Gen 9 Champions] VGC 2026 Reg M-B (Bo3)
|rated|
|rule|Species Clause: Limit one of each Pokémon
|rule|Item Clause: Limit 1 of each item
|clearpoke
|poke|p1|Gengar, L50, F|
|poke|p1|Incineroar, L50, M|
|poke|p1|Kommo-o, L50, F|
|poke|p1|Raichu, L50, F|
|poke|p1|Ninetales-Alola, L50, M|
|poke|p1|Volcarona, L50, F|
|poke|p2|Blastoise, L50, M|
|poke|p2|Vivillon, L50, M|
|poke|p2|Farigiraf, L50, M|
|poke|p2|Gallade, L50, M|
|poke|p2|Kingambit, L50, F|
|poke|p2|Camerupt, L50, M|
|teampreview|4
|showteam|p1|Gengar||Gengarite|CursedBody|SludgeBomb,ShadowBall,Substitute,Protect|Modest||F|||50|]Incineroar||PasshoBerry|Intimidate|FlareBlitz,ThroatChop,FakeOut,PartingShot|Adamant||M|||50|]Kommo-o||Leftovers|Soundproof|ClangingScales,AuraSphere,ClangorousSoul,Protect|Modest||F|||50|]Raichu||RaichuniteX|LightningRod|VoltTackle,VoltSwitch,FakeOut,Protect|Jolly||F|||50|]Ninetales-Alola||ChoiceScarf|SnowWarning|Blizzard,FreezeDry,IcyWind,Moonblast|Timid||M|||50|]Volcarona||SitrusBerry|FlameBody|Flamethrower,StruggleBug,RagePowder,Protect|Bold||F|||50|
|showteam|p2|Blastoise||Blastoisinite|Torrent|WaterSpout,DarkPulse,FakeOut,ShellSmash|Modest||M|||50|]Vivillon||ChoiceScarf|CompoundEyes|SleepPowder,RagePowder,Tailwind,Hurricane|Timid||M|||50|]Farigiraf||SitrusBerry|ArmorTail|TrickRoom,Psychic,HelpingHand,Protect|Relaxed||M|||50|]Gallade||IronBall|Sharpness|SacredSword,PsychoCut,LeafBlade,TrickRoom|Brave||M|||50|]Kingambit||LifeOrb|Defiant|SuckerPunch,KowtowCleave,IronHead,Protect|Brave||F|||50|]Camerupt||Cameruptite|MagmaArmor|HeatWave,EarthPower,AncientPower,Protect|Quiet||M|||50|
|inactive|Battle timer is ON: inactive players will automatically lose when time's up. (requested by lolgz)
|inactive|TheDark69420 also wants the timer to be on.
|
|t:|1784882088
|teamsize|p1|4
|teamsize|p2|4
|start
|switch|p1a: Volcarona|Volcarona, L50, F|100/100
|switch|p1b: Raichu|Raichu, L50, F|100/100
|switch|p2a: Farigiraf|Farigiraf, L50, M|100/100
|switch|p2b: Gallade|Gallade, L50, M|100/100
|turn|1
|
|t:|1784882115
|detailschange|p1b: Raichu|Raichu-Mega-X, L50, F
|-mega|p1b: Raichu|Raichu|Raichunite X
|-fieldstart|move: Electric Terrain|[from] ability: Electric Surge|[of] p1b: Raichu
|move|p2a: Farigiraf|Protect|p2a: Farigiraf
|-singleturn|p2a: Farigiraf|Protect
|move|p1b: Raichu|Volt Tackle|p2a: Farigiraf
|-activate|p2a: Farigiraf|move: Protect
|move|p1a: Volcarona|Struggle Bug|p2a: Farigiraf|[spread] p2b
|-activate|p2a: Farigiraf|move: Protect
|-damage|p2b: Gallade|82/100
|-unboost|p2b: Gallade|spa|1
|move|p2b: Gallade|Trick Room|p2b: Gallade
|-fieldstart|move: Trick Room|[of] p2b: Gallade
|
|upkeep
|turn|2
|
|t:|1784882138
|move|p2a: Farigiraf|Helping Hand|p2b: Gallade
|-singleturn|p2b: Gallade|Helping Hand|[of] p2a: Farigiraf
|move|p2b: Gallade|Psycho Cut|p1a: Volcarona
|-damage|p1a: Volcarona|15/100
|-enditem|p1a: Volcarona|Sitrus Berry|[eat]
|-heal|p1a: Volcarona|40/100|[from] item: Sitrus Berry
|move|p1a: Volcarona|Struggle Bug|p2b: Gallade|[spread] p2a,p2b
|-supereffective|p2a: Farigiraf|1
|-damage|p2a: Farigiraf|67/100
|-damage|p2b: Gallade|68/100
|-unboost|p2a: Farigiraf|spa|1
|-unboost|p2b: Gallade|spa|1
|move|p1b: Raichu|Volt Tackle|p2b: Gallade
|-damage|p2b: Gallade|0 fnt
|faint|p2b: Gallade
|-damage|p1b: Raichu|74/100|[from] Recoil
|
|upkeep
|
|t:|1784882141
|switch|p2b: Camerupt|Camerupt, L50, M|100/100
|turn|3
|
|t:|1784882154
|detailschange|p2b: Camerupt|Camerupt-Mega, L50, M
|-mega|p2b: Camerupt|Camerupt|Cameruptite
|move|p2a: Farigiraf|Helping Hand|p2b: Camerupt
|-singleturn|p2b: Camerupt|Helping Hand|[of] p2a: Farigiraf
|move|p1a: Volcarona|Protect|p1a: Volcarona
|-singleturn|p1a: Volcarona|Protect
|move|p1b: Raichu|Protect|p1b: Raichu
|-singleturn|p1b: Raichu|Protect
|move|p2b: Camerupt|Heat Wave|p1b: Raichu|[spread] 
|-activate|p1a: Volcarona|move: Protect
|-activate|p1b: Raichu|move: Protect
|
|upkeep
|turn|4
|
|t:|1784882167
|switch|p1b: Incineroar|Incineroar, L50, M|100/100
|-ability|p1b: Incineroar|Intimidate|boost
|-unboost|p2a: Farigiraf|atk|1
|-unboost|p2b: Camerupt|atk|1
|move|p2a: Farigiraf|Helping Hand|p2b: Camerupt
|-singleturn|p2b: Camerupt|Helping Hand|[of] p2a: Farigiraf
|move|p2b: Camerupt|Heat Wave|p1b: Incineroar|[spread] p1a,p1b
|-resisted|p1b: Incineroar|1
|-damage|p1a: Volcarona|0 fnt
|-damage|p1b: Incineroar|60/100
|faint|p1a: Volcarona
|
|upkeep
|
|t:|1784882183
|switch|p1a: Kommo-o|Kommo-o, L50, F|100/100
|turn|5
|
|t:|1784882190
|move|p1a: Kommo-o|Protect|p1a: Kommo-o
|-singleturn|p1a: Kommo-o|Protect
|move|p2b: Camerupt|Earth Power|p1b: Incineroar
|-supereffective|p1b: Incineroar|1
|-damage|p1b: Incineroar|0 fnt
|faint|p1b: Incineroar
|move|p2a: Farigiraf|Psychic|p1a: Kommo-o
|-activate|p1a: Kommo-o|move: Protect
|
|-fieldend|move: Trick Room
|-fieldend|move: Electric Terrain
|upkeep
|
|t:|1784882195
|switch|p1b: Raichu|Raichu-Mega-X, L50, F|74/100
|-fieldstart|move: Electric Terrain|[from] ability: Electric Surge|[of] p1b: Raichu
|turn|6
|
|t:|1784882205
|move|p2a: Farigiraf|Protect|p2a: Farigiraf
|-singleturn|p2a: Farigiraf|Protect
|move|p1b: Raichu|Volt Tackle|p2a: Farigiraf
|-activate|p2a: Farigiraf|move: Protect
|move|p1a: Kommo-o|Clangorous Soul|p1a: Kommo-o
|-boost|p1a: Kommo-o|atk|1
|-boost|p1a: Kommo-o|def|1
|-boost|p1a: Kommo-o|spa|1
|-boost|p1a: Kommo-o|spd|1
|-boost|p1a: Kommo-o|spe|1
|-damage|p1a: Kommo-o|67/100
|move|p2b: Camerupt|Earth Power|p1b: Raichu
|-supereffective|p1b: Raichu|1
|-damage|p1b: Raichu|0 fnt
|faint|p1b: Raichu
|
|-heal|p1a: Kommo-o|73/100|[from] item: Leftovers
|upkeep
|turn|7
|
|t:|1784882214
|move|p1a: Kommo-o|Clanging Scales|p2b: Camerupt|[spread] p2a,p2b
|-damage|p2a: Farigiraf|16/100
|-damage|p2b: Camerupt|43/100
|-enditem|p2a: Farigiraf|Sitrus Berry|[eat]
|-heal|p2a: Farigiraf|41/100|[from] item: Sitrus Berry
|-unboost|p1a: Kommo-o|def|1
|move|p2b: Camerupt|Earth Power|p1a: Kommo-o
|-damage|p1a: Kommo-o|18/100
|move|p2a: Farigiraf|Trick Room|p2a: Farigiraf
|-fieldstart|move: Trick Room|[of] p2a: Farigiraf
|
|-heal|p1a: Kommo-o|24/100|[from] item: Leftovers
|upkeep
|turn|8
|
|t:|1784882224
|move|p2b: Camerupt|Earth Power|p1a: Kommo-o
|-damage|p1a: Kommo-o|0 fnt
|faint|p1a: Kommo-o
|
|win|lolgz
|raw|TheDark69420's rating: 1276 → 1254(-22 for losing)
|raw|lolgz's rating: 1324 → 1341(+17 for winning)
