|j|☆fili53
|j|☆MrTedno
|html|fili53MrTedno    
|uhtml|bestof|Game 2 of a best-of-3
|t:|1756161066
|gametype|doubles
|player|p1|fili53|cress|1230
|player|p2|MrTedno|barry|1234
|gen|9
|tier|[Gen 9] VGC 2025 Reg H (Bo3)
|rated|
|rule|Species Clause: Limit one of each Pokémon
|rule|Item Clause: Limit 1 of each item
|clearpoke
|poke|p1|Arcanine-Hisui, L50, M|
|poke|p1|Rillaboom, L50, M|
|poke|p1|Clefable, L50, F|
|poke|p1|Inteleon, L50, M|
|poke|p1|Sneasler, L50, M|
|poke|p1|Dragapult, L50, F|
|poke|p2|Dondozo, L50, M|
|poke|p2|Tatsugiri, L50, M|
|poke|p2|Politoed, L50, M|
|poke|p2|Archaludon, L50, F|
|poke|p2|Amoonguss, L50, M|
|poke|p2|Overqwil, L50, F|
|teampreview|4
|showteam|p1|Arcanine-Hisui||ClearAmulet|Intimidate|FlareBlitz,RockSlide,ExtremeSpeed,Protect|||M|||50|,,,,,Water]Rillaboom||AssaultVest|GrassySurge|WoodHammer,GrassyGlide,HighHorsepower,FakeOut|||M|||50|,,,,,Fire]Clefable||SafetyGoggles|Unaware|Moonblast,FollowMe,HelpingHand,Protect|||F|||50|,,,,,Poison]Inteleon||RazorClaw|Sniper|SnipeShot,IceBeam,Taunt,Protect|||M|||50|,,,,,Water]Sneasler||FocusSash|Unburden|CloseCombat,DireClaw,FakeOut,Protect|||M|||50|,,,,,Stellar]Dragapult||ChoiceBand|ClearBody|DragonDarts,Outrage,PhantomForce,Uturn|||F|||50|,,,,,Dragon
|showteam|p2|Dondozo||LifeOrb|Unaware|Surf,Protect,SleepTalk|||M|||50|,,,,,Water]Tatsugiri||FocusSash|Commander|DracoMeteor,Protect,MuddyWater,Taunt|||M|||50|,,,,,Stellar]Politoed||SitrusBerry|Drizzle|WeatherBall,IceBeam,Haze,Protect|||M|||50|,,,,,Ghost]Archaludon||AssaultVest|Stamina|BodyPress,ElectroShot,DragonPulse,FlashCannon|||F|||50|,,,,,Grass]Amoonguss||RockyHelmet|Regenerator|Spore,RagePowder,PollenPuff,Protect|||M|||50|,,,,,Fairy]Overqwil||ChoiceBand|SwiftSwim|PoisonJab,ThroatChop,Liquidation,PinMissile|||F|||50|,,,,,Ghost
|
|t:|1756161116
|teamsize|p1|4
|teamsize|p2|4
|start
|switch|p1a: Sneasler|Sneasler, L50, M|100/100
|switch|p1b: Rillaboom|Rillaboom, L50, M|100/100
|switch|p2a: Shellington|Overqwil, L50, F|100/100
|switch|p2b: Barnacles|Archaludon, L50, F|100/100
|-fieldstart|move: Grassy Terrain|[from] ability: Grassy Surge|[of] p1b: Rillaboom
|turn|1
|
|t:|1756161143
|switch|p2b: Tweak|Politoed, L50, M|100/100
|-weather|RainDance|[from] ability: Drizzle|[of] p2b: Tweak
|-terastallize|p1a: Sneasler|Stellar
|-terastallize|p2a: Shellington|Ghost
|move|p1b: Rillaboom|Fake Out|p2a: Shellington
|-immune|p2a: Shellington
|move|p2a: Shellington|Poison Jab|p1b: Rillaboom
|-supereffective|p1b: Rillaboom
|-damage|p1b: Rillaboom|0 fnt
|faint|p1b: Rillaboom
|move|p1a: Sneasler|Close Combat|p2b: Tweak
|-damage|p2b: Tweak|10/100
|-unboost|p1a: Sneasler|def|1
|-unboost|p1a: Sneasler|spd|1
|-enditem|p2b: Tweak|Sitrus Berry|[eat]
|-heal|p2b: Tweak|35/100|[from] item: Sitrus Berry
|
|-weather|RainDance|[upkeep]
|-heal|p2b: Tweak|41/100|[from] Grassy Terrain
|upkeep
|
|t:|1756161155
|switch|p1b: Dragapult|Dragapult, L50, F|100/100
|turn|2
|inactive|Battle timer is ON: inactive players will automatically lose when time's up. (requested by fili53)
|
|t:|1756161178
|switch|p2a: Barnacles|Archaludon, L50, F|100/100
|switch|p1b: Clefable|Clefable, L50, F|100/100
|move|p1a: Sneasler|Dire Claw|p2b: Tweak
|-damage|p2b: Tweak|0 fnt
|faint|p2b: Tweak
|
|-weather|RainDance|[upkeep]
|upkeep
|inactive|MrTedno has 30 seconds left.
|
|t:|1756161212
|switch|p2b: Peso|Tatsugiri, L50, M|100/100
|turn|3
|
|t:|1756161229
|switch|p2a: Shellington|Overqwil, L50, F, tera:Ghost|100/100
|move|p1a: Sneasler|Protect|p1a: Sneasler
|-singleturn|p1a: Sneasler|Protect
|move|p2b: Peso|Muddy Water|p1a: Sneasler|[spread] p1b
|-activate|p1a: Sneasler|move: Protect
|-damage|p1b: Clefable|61/100
|-unboost|p1b: Clefable|accuracy|1
|move|p1b: Clefable|Moonblast|p2b: Peso|[miss]
|-miss|p1b: Clefable|p2b: Peso
|
|-weather|RainDance|[upkeep]
|-heal|p1b: Clefable|67/100|[from] Grassy Terrain
|upkeep
|turn|4
|inactive|fili53 has 30 seconds left.
|inactive|MrTedno has 30 seconds left.
|inactive|MrTedno has 20 seconds left.
|inactive|MrTedno has 15 seconds left.
|inactive|MrTedno has 10 seconds left.
|
|t:|1756161277
|move|p2a: Shellington|Poison Jab|p1a: Sneasler
|-resisted|p1a: Sneasler
|-damage|p1a: Sneasler|31/100
|move|p1a: Sneasler|Dire Claw|p2b: Peso
|-damage|p2b: Peso|21/100
|move|p2b: Peso|Muddy Water|p1a: Sneasler|[spread] p1a,p1b
|-damage|p1a: Sneasler|0 fnt
|-damage|p1b: Clefable|22/100
|-unboost|p1b: Clefable|accuracy|1
|faint|p1a: Sneasler
|move|p1b: Clefable|Moonblast|p2b: Peso
|-supereffective|p2b: Peso
|-damage|p2b: Peso|0 fnt
|faint|p2b: Peso
|
|-weather|RainDance|[upkeep]
|-heal|p1b: Clefable|28/100|[from] Grassy Terrain
|upkeep
|
|t:|1756161288
|switch|p1a: Dragapult|Dragapult, L50, F|100/100
|switch|p2b: Barnacles|Archaludon, L50, F|100/100
|turn|5
|inactive|fili53 has 30 seconds left.
|inactive|MrTedno has 30 seconds left.
|inactive|MrTedno has 20 seconds left.
|inactive|MrTedno has 15 seconds left.
|inactive|MrTedno has 10 seconds left.
|
|t:|1756161337
|move|p1b: Clefable|Follow Me|p1b: Clefable
|-singleturn|p1b: Clefable|move: Follow Me
|move|p2a: Shellington|Poison Jab|p1b: Clefable
|-supereffective|p1b: Clefable
|-damage|p1b: Clefable|0 fnt
|faint|p1b: Clefable
|move|p1a: Dragapult|Phantom Force||[still]
|-prepare|p1a: Dragapult|Phantom Force
|move|p2b: Barnacles|Dragon Pulse|p1a: Dragapult|[miss]
|-miss|p2b: Barnacles|p1a: Dragapult
|
|-weather|none
|-fieldend|move: Grassy Terrain
|upkeep
|turn|6
|
|t:|1756161353
|move|p1a: Dragapult|Phantom Force|p2a: Shellington|[from] lockedmove
|-supereffective|p2a: Shellington
|-damage|p2a: Shellington|0 fnt
|faint|p2a: Shellington
|move|p2b: Barnacles|Dragon Pulse|p1a: Dragapult
|-supereffective|p1a: Dragapult
|-damage|p1a: Dragapult|0 fnt
|faint|p1a: Dragapult
|
|win|MrTedno
|raw|fili53's rating: 1230 → 1205(-25 for losing)
|raw|MrTedno's rating: 1234 → 1259(+25 for winning)
|c|☆MrTedno|ggwp
|l|☆fili53
|player|p1|
