|j|☆chrispygreens
|j|☆buxtonator22
|html|chrispygreensbuxtonator22    
|uhtml|bestof|Game 1 of a best-of-3
|t:|1757073477
|gametype|doubles
|player|p1|chrispygreens|palmer|1042
|player|p2|buxtonator22|ethan|1099
|gen|9
|tier|[Gen 9] VGC 2025 Reg H (Bo3)
|rated|
|rule|Species Clause: Limit one of each Pokémon
|rule|Item Clause: Limit 1 of each item
|clearpoke
|poke|p1|Incineroar, L50, M|
|poke|p1|Amoonguss, L50, F|
|poke|p1|Archaludon, L50, F|
|poke|p1|Blaziken, L50, M|
|poke|p1|Salamence, L50, M|
|poke|p1|Grimmsnarl, L50, M|
|poke|p2|Sneasler, L50, F|
|poke|p2|Talonflame, L50, M|
|poke|p2|Ursaluna-Bloodmoon, L50, M|
|poke|p2|Indeedee, L50, M|
|poke|p2|Gholdengo, L50|
|poke|p2|Amoonguss, L50, M|
|teampreview|4
|showteam|p1|Incineroar||SafetyGoggles|Intimidate|FlareBlitz,FakeOut,KnockOff,PartingShot|||M|||50|,,,,,Bug]Amoonguss||Leftovers|Regenerator|Spore,SludgeBomb,RagePowder,GigaDrain|||F|||50|,,,,,Dark]Archaludon||PowerHerb|Stamina|ElectroShot,DragonPulse,BodyPress,FlashCannon|||F|||50|,,,,,Fighting]Blaziken||LifeOrb|SpeedBoost|FlareBlitz,BraveBird,CloseCombat,Protect|||M|||50|,,,,,Flying]Salamence||EjectButton|Intimidate|IronHead,DualWingbeat,Outrage,Tailwind|||M|||50|,,,,,Steel]Grimmsnarl||LightClay|Prankster|LightScreen,Reflect,SpiritBreak,Taunt|||M|||50|,,,,,Fairy
|showteam|p2|Sneasler||PsychicSeed|Unburden|Protect,ThroatChop,DireClaw,CloseCombat|||F|||50|,,,,,Dark]Talonflame||CovertCloak|GaleWings|Taunt,Tailwind,WillOWisp,FlareBlitz|||M|||50|,,,,,Ghost]Ursaluna-Bloodmoon||AssaultVest|MindsEye|VacuumWave,EarthPower,HyperVoice,BloodMoon|||M|||50|,,,,,Bug]Indeedee||FocusSash|PsychicSurge|Protect,HelpingHand,TrickRoom,ExpandingForce|||M|||50|,,,,,Psychic]Gholdengo||Leftovers|GoodasGold|Protect,NastyPlot,ShadowBall,MakeItRain||||||50|,,,,,Water]Amoonguss||SitrusBerry|Regenerator|Protect,Spore,RagePowder,PollenPuff|||M|||50|,,,,,Psychic
|inactive|Battle timer is ON: inactive players will automatically lose when time's up. (requested by buxtonator22)
|
|t:|1757073511
|teamsize|p1|4
|teamsize|p2|4
|start
|switch|p1a: Incineroar|Incineroar, L50, M|100/100
|switch|p1b: Amoonguss|Amoonguss, L50, F|100/100
|switch|p2a: Indeedee|Indeedee, L50, M, shiny|100/100
|switch|p2b: Sneasler|Sneasler, L50, F|100/100
|-fieldstart|move: Psychic Terrain|[from] ability: Psychic Surge|[of] p2a: Indeedee
|-enditem|p2b: Sneasler|Psychic Seed
|-boost|p2b: Sneasler|spd|1|[from] item: Psychic Seed
|-ability|p1a: Incineroar|Intimidate|boost
|-unboost|p2a: Indeedee|atk|1
|-unboost|p2b: Sneasler|atk|1
|turn|1
|
|t:|1757073534
|-terastallize|p1b: Amoonguss|Dark
|move|p2b: Sneasler|Dire Claw|p1a: Incineroar
|-damage|p1a: Incineroar|73/100
|move|p2a: Indeedee|Expanding Force|p1a: Incineroar|[spread] 
|-immune|p1a: Incineroar
|-immune|p1b: Amoonguss
|move|p1a: Incineroar|Flare Blitz|p2b: Sneasler
|-damage|p2b: Sneasler|0 fnt
|faint|p2b: Sneasler
|-damage|p1a: Incineroar|48/100|[from] Recoil
|move|p1b: Amoonguss|Spore|p2a: Indeedee
|-status|p2a: Indeedee|slp|[from] move: Spore
|
|upkeep
|
|t:|1757073552
|switch|p2b: Amoonguss|Amoonguss, L50, M, shiny|100/100
|turn|2
|
|t:|1757073560
|cant|p2a: Indeedee|slp
|move|p1a: Incineroar|Flare Blitz|p2b: Amoonguss
|-supereffective|p2b: Amoonguss
|-damage|p2b: Amoonguss|7/100
|-enditem|p2b: Amoonguss|Sitrus Berry|[eat]
|-heal|p2b: Amoonguss|32/100|[from] item: Sitrus Berry
|-damage|p1a: Incineroar|14/100|[from] Recoil
|move|p2b: Amoonguss|Spore|p1b: Amoonguss
|-status|p1b: Amoonguss|slp|[from] move: Spore
|cant|p1b: Amoonguss|slp
|
|upkeep
|turn|3
|
|t:|1757073579
|switch|p2a: Gholdengo|Gholdengo, L50|100/100
|move|p2b: Amoonguss|Protect|p2b: Amoonguss
|-singleturn|p2b: Amoonguss|Protect
|move|p1a: Incineroar|Flare Blitz|p2b: Amoonguss
|-activate|p2b: Amoonguss|move: Protect
|-curestatus|p1b: Amoonguss|slp|[msg]
|move|p1b: Amoonguss|Giga Drain|p2a: Gholdengo
|-resisted|p2a: Gholdengo
|-damage|p2a: Gholdengo|83/100
|
|-heal|p2a: Gholdengo|89/100|[from] item: Leftovers
|upkeep
|turn|4
|
|t:|1757073603
|switch|p2b: Indeedee|Indeedee, L50, M, shiny|100/100 slp
|-terastallize|p2a: Gholdengo|Water
|move|p2a: Gholdengo|Nasty Plot|p2a: Gholdengo
|-boost|p2a: Gholdengo|spa|2
|move|p1a: Incineroar|Flare Blitz|p2a: Gholdengo
|-resisted|p2a: Gholdengo
|-damage|p2a: Gholdengo|53/100
|-damage|p1a: Incineroar|4/100|[from] Recoil
|move|p1b: Amoonguss|Sludge Bomb|p2b: Indeedee
|-damage|p2b: Indeedee|45/100 slp
|
|-heal|p2a: Gholdengo|58/100|[from] item: Leftovers
|upkeep
|turn|5
|
|t:|1757073624
|-curestatus|p2b: Indeedee|slp|[msg]
|move|p2b: Indeedee|Protect|p2b: Indeedee
|-singleturn|p2b: Indeedee|Protect
|move|p2a: Gholdengo|Make It Rain|p1a: Incineroar|[spread] p1a,p1b
|-resisted|p1a: Incineroar
|-damage|p1a: Incineroar|0 fnt
|-damage|p1b: Amoonguss|11/100
|-unboost|p2a: Gholdengo|spa|1
|faint|p1a: Incineroar
|move|p1b: Amoonguss|Giga Drain|p2a: Gholdengo
|-supereffective|p2a: Gholdengo
|-damage|p2a: Gholdengo|0 fnt
|-heal|p1b: Amoonguss|33/100|[from] drain|[of] p2a: Gholdengo
|faint|p2a: Gholdengo
|
|-heal|p1b: Amoonguss|39/100|[from] item: Leftovers
|-fieldend|move: Psychic Terrain
|upkeep
|
|t:|1757073643
|switch|p2a: Amoonguss|Amoonguss, L50, M, shiny|65/100
|switch|p1a: Blaziken|Blaziken, L50, M|100/100
|turn|6
|
|t:|1757073652
|move|p1a: Blaziken|Protect|p1a: Blaziken
|-singleturn|p1a: Blaziken|Protect
|move|p2b: Indeedee|Expanding Force|p1a: Blaziken
|-activate|p1a: Blaziken|move: Protect
|move|p1b: Amoonguss|Spore|p2b: Indeedee
|-status|p2b: Indeedee|slp|[from] move: Spore
|move|p2a: Amoonguss|Pollen Puff|p1b: Amoonguss
|-supereffective|p1b: Amoonguss
|-damage|p1b: Amoonguss|6/100
|
|-heal|p1b: Amoonguss|12/100|[from] item: Leftovers
|-ability|p1a: Blaziken|Speed Boost|boost
|-boost|p1a: Blaziken|spe|1
|upkeep
|turn|7
|-message|buxtonator22 forfeited.
|
|win|chrispygreens
|l|☆buxtonator22
|player|p2|
||chrispygreens is ready for game 2.
||buxtonator22 is ready for game 2.
|uhtml|next|Next: Game 2 of 3
|l|☆chrispygreens
|player|p1|
|j|☆chrispygreens
|player|p1|chrispygreens|palmer|
