|j|☆alexander1111
|j|☆escapadian
|html|alexander1111escapadian    
|uhtml|bestof|Game 1 of a best-of-3
|t:|1783907253
|gametype|doubles
|player|p1|alexander1111|preschooler|1207
|player|p2|escapadian|rocketgruntf|1156
|gen|9
|tier|[Gen 9 Champions] VGC 2026 Reg M-B (Bo3)
|rated|
|rule|Species Clause: Limit one of each Pokémon
|rule|Item Clause: Limit 1 of each item
|clearpoke
|poke|p1|Milotic, L50, M|
|poke|p1|Maushold-Four, L50|
|poke|p1|Charizard, L50, F, shiny|
|poke|p1|Whimsicott, L50, F, shiny|
|poke|p1|Kingambit, L50, F|
|poke|p1|Garchomp, L50, F|
|poke|p2|Floette-Eternal, L50, F|
|poke|p2|Whimsicott, L50, F|
|poke|p2|Basculegion, L50, M, shiny|
|poke|p2|Charizard, L50, F|
|poke|p2|Garchomp, L50, F|
|poke|p2|Kingambit, L50, M|
|teampreview|4
|showteam|p1|Milotic||SitrusBerry|Competitive|Scald,IceBeam,HelpingHand,Protect|Modest||M|||50|]Maushold-Four||WideLens|Technician|PopulationBomb,FollowMe,Protect,SunnyDay|Jolly|||||50|]Charizard||CharizarditeY|Blaze|SolarBeam,HeatWave,WeatherBall,Protect|Timid||F|||50|]Whimsicott||FocusSash|Prankster|Tailwind,Moonblast,Protect,Encore|Timid||F|||50|]Kingambit||ChopleBerry|Defiant|KowtowCleave,SuckerPunch,IronHead,LowKick|Adamant||F|||50|]Garchomp||LifeOrb|RoughSkin|RockSlide,Earthquake,DragonClaw,Protect|Jolly||F|||50|
|showteam|p2|Floette-Eternal||Floettite|FlowerVeil|Moonblast,DazzlingGleam,LightofRuin,Protect|Timid||F|||50|]Whimsicott||FocusSash|Prankster|Moonblast,Tailwind,Encore,Protect|Timid||F|||50|]Basculegion||MysticWater|Adaptability|WaveCrash,LastRespects,AquaJet,Protect|Adamant||M|||50|]Charizard||CharizarditeY|Blaze|HeatWave,WeatherBall,SolarBeam,Protect|Modest||F|||50|]Garchomp||LifeOrb|RoughSkin|DragonClaw,Protect,RockSlide,Earthquake|Jolly||F|||50|]Kingambit||BlackGlasses|Defiant|KowtowCleave,IronHead,SuckerPunch,Protect|Adamant||M|||50|
|
|t:|1783907305
|teamsize|p1|4
|teamsize|p2|4
|start
|switch|p1a: Milotic|Milotic, L50, M|100/100
|switch|p1b: Whimsicott|Whimsicott, L50, F, shiny|100/100
|switch|p2a: Floette|Floette-Eternal, L50, F|100/100
|switch|p2b: Basculegion|Basculegion, L50, M, shiny|100/100
|turn|1
|
|t:|1783907342
|detailschange|p2a: Floette|Floette-Mega, L50, F
|-mega|p2a: Floette|Floette|Floettite
|-ability|p2a: Floette|Fairy Aura
|move|p1b: Whimsicott|Tailwind|p1b: Whimsicott
|-sidestart|p1: alexander1111|move: Tailwind
|move|p2b: Basculegion|Aqua Jet|p1b: Whimsicott
|-resisted|p1b: Whimsicott|1
|-damage|p1b: Whimsicott|73/100
|move|p1a: Milotic|Scald|p2b: Basculegion
|-resisted|p2b: Basculegion|1
|-damage|p2b: Basculegion|80/100
|move|p2a: Floette|Dazzling Gleam|p1b: Whimsicott|[spread] p1a,p1b
|-damage|p1a: Milotic|67/100
|-damage|p1b: Whimsicott|0 fnt
|faint|p1b: Whimsicott
|
|upkeep
|
|t:|1783907369
|switch|p1b: Kingambit|Kingambit, L50, F|100/100
|turn|2
|
|t:|1783907384
|switch|p2b: Whimsicott|Whimsicott, L50, F|100/100
|move|p1a: Milotic|Scald|p2b: Whimsicott
|-resisted|p2b: Whimsicott|1
|-damage|p2b: Whimsicott|73/100
|move|p2a: Floette|Dazzling Gleam|p1a: Milotic|[spread] p1a,p1b
|-damage|p1a: Milotic|34/100
|-damage|p1b: Kingambit|56/100
|-enditem|p1a: Milotic|Sitrus Berry|[eat]
|-heal|p1a: Milotic|58/100|[from] item: Sitrus Berry
|move|p1b: Kingambit|Iron Head|p2a: Floette
|-supereffective|p2a: Floette|1
|-damage|p2a: Floette|0 fnt
|faint|p2a: Floette
|
|upkeep
|
|t:|1783907398
|switch|p2a: Garchomp|Garchomp, L50, F|100/100
|turn|3
|inactive|Battle timer is ON: inactive players will automatically lose when time's up. (requested by escapadian)
|
|t:|1783907462
|switch|p1b: Charizard|Charizard, L50, F, shiny|100/100
|move|p2a: Garchomp|Protect|p2a: Garchomp
|-singleturn|p2a: Garchomp|Protect
|move|p2b: Whimsicott|Tailwind|p2b: Whimsicott
|-sidestart|p2: escapadian|move: Tailwind
|move|p1a: Milotic|Ice Beam|p2a: Garchomp
|-activate|p2a: Garchomp|move: Protect
|
|upkeep
|turn|4
|inactive|alexander1111 has 30 seconds left.
|
|t:|1783907493
|switch|p1b: Kingambit|Kingambit, L50, F|56/100
|move|p2b: Whimsicott|Moonblast|p1a: Milotic
|-damage|p1a: Milotic|31/100
|move|p2a: Garchomp|Rock Slide|p1a: Milotic|[spread] p1a,p1b
|-resisted|p1b: Kingambit|1
|-damage|p1a: Milotic|5/100
|-damage|p1b: Kingambit|47/100
|-damage|p2a: Garchomp|90/100|[from] item: Life Orb
|move|p1a: Milotic|Ice Beam|p2a: Garchomp
|-supereffective|p2a: Garchomp|2
|-damage|p2a: Garchomp|0 fnt
|faint|p2a: Garchomp
|
|-sideend|p1: alexander1111|move: Tailwind
|upkeep
|
|t:|1783907506
|switch|p2a: Basculegion|Basculegion, L50, M, shiny|80/100
|turn|5
|inactive|alexander1111 has 30 seconds left.
|
|t:|1783907535
|move|p1a: Milotic|Protect|p1a: Milotic
|-singleturn|p1a: Milotic|Protect
|move|p2a: Basculegion|Aqua Jet|p1a: Milotic
|-activate|p1a: Milotic|move: Protect
|move|p1b: Kingambit|Sucker Punch||[still]
|-fail|p1b: Kingambit
|move|p2b: Whimsicott|Moonblast|p1b: Kingambit
|-damage|p1b: Kingambit|9/100
|
|upkeep
|turn|6
|inactive|alexander1111 has 30 seconds left.
|inactive|alexander1111 has 20 seconds left.
|inactive|alexander1111 has 15 seconds left.
|inactive|alexander1111 has 10 seconds left.
|
|t:|1783907584
|switch|p1a: Charizard|Charizard, L50, F, shiny|100/100
|move|p2a: Basculegion|Aqua Jet|p1a: Charizard
|-supereffective|p1a: Charizard|1
|-damage|p1a: Charizard|12/100
|move|p1b: Kingambit|Sucker Punch||[still]
|-fail|p1b: Kingambit
|move|p2b: Whimsicott|Moonblast|p1b: Kingambit
|-damage|p1b: Kingambit|0 fnt
|faint|p1b: Kingambit
|
|-sideend|p2: escapadian|move: Tailwind
|upkeep
|
|t:|1783907590
|switch|p1b: Milotic|Milotic, L50, M|5/100
|turn|7
|-message|alexander1111 forfeited.
|
|win|escapadian
||alexander1111 is ready for game 2.
||escapadian is ready for game 2.
|uhtml|next|Next: Game 2 of 3
|l|☆escapadian
|player|p2|
