|j|☆foiledfeline
|j|☆imphen
|html|foiledfelineimphen    
|uhtml|bestof|Game 2 of a best-of-3
|t:|1756353674
|gametype|doubles
|player|p1|foiledfeline|1|1149
|player|p2|imphen|2|1147
|gen|9
|tier|[Gen 9] VGC 2025 Reg H (Bo3)
|rated|
|rule|Species Clause: Limit one of each Pokémon
|rule|Item Clause: Limit 1 of each item
|clearpoke
|poke|p1|Delphox, L50, F|
|poke|p1|Sneasler, L50, M|
|poke|p1|Indeedee, L50, M|
|poke|p1|Whimsicott, L50, F|
|poke|p1|Annihilape, L50, F|
|poke|p1|Maushold-Four, L50|
|poke|p2|Kingambit, L50, F|
|poke|p2|Incineroar, L50, F|
|poke|p2|Amoonguss, L50, M|
|poke|p2|Ninetales-Alola, L50, M|
|poke|p2|Garchomp, L50, M|
|poke|p2|Dragonite, L50, M|
|teampreview|4
|showteam|p1|Delphox||LifeOrb|Blaze|HeatWave,ExpandingForce,TeraBlast,Protect|||F|||50|,,,,,Fighting]Sneasler||PsychicSeed|Unburden|CloseCombat,DireClaw,ThroatChop,Protect|||M|||50|,,,,,Dark]Indeedee||FocusSash|PsychicSurge|ExpandingForce,TrickRoom,Protect,TeraBlast|||M|||50|,,,,,Fighting]Whimsicott||CovertCloak|Prankster|Tailwind,BeatUp,SunnyDay,Moonblast|||F|||50|,,,,,Water]Annihilape||SafetyGoggles|Defiant|CloseCombat,RageFist,Taunt,FinalGambit|||F|||50|,,,,,Fire]Maushold-Four||WideLens|Technician|Protect,PopulationBomb,BeatUp,FollowMe||||||50|,,,,,Normal
|showteam|p2|Kingambit||BlackGlasses|Defiant|Protect,KowtowCleave,SuckerPunch,SwordsDance|||F|||50|,,,,,Dark]Incineroar||SafetyGoggles|Intimidate|KnockOff,FlareBlitz,PartingShot,FakeOut|||F|||50|,,,,,Ghost]Amoonguss||SitrusBerry|Regenerator|Protect,PollenPuff,RagePowder,Spore|||M|||50|,,,,,Water]Ninetales-Alola||FocusSash|SnowWarning|Protect,Blizzard,Moonblast,IcyWind|||M|||50|,,,,,Water]Garchomp||LifeOrb|RoughSkin|Protect,DragonClaw,Earthquake,StompingTantrum|||M|||50|,,,,,Steel]Dragonite||LoadedDice|Multiscale|Protect,ScaleShot,TeraBlast,Haze|||M|||50|,,,,,Flying
|
|t:|1756353724
|teamsize|p1|4
|teamsize|p2|4
|start
|switch|p1a: Fluffy|Whimsicott, L50, F, shiny|100/100
|switch|p1b: ahem has horns|Indeedee, L50, M|100/100
|switch|p2a: Garchomp|Garchomp, L50, M|100/100
|switch|p2b: Ninetales|Ninetales-Alola, L50, M|100/100
|-weather|Snowscape|[from] ability: Snow Warning|[of] p2b: Ninetales
|-fieldstart|move: Psychic Terrain|[from] ability: Psychic Surge|[of] p1b: ahem has horns
|turn|1
|
|t:|1756353770
|move|p1a: Fluffy|Tailwind|p1a: Fluffy
|-sidestart|p1: foiledfeline|move: Tailwind
|move|p1b: ahem has horns|Expanding Force|p2a: Garchomp|[spread] p2a,p2b
|-damage|p2a: Garchomp|42/100
|-damage|p2b: Ninetales|35/100
|move|p2b: Ninetales|Blizzard|p1a: Fluffy|[spread] p1a,p1b
|-supereffective|p1a: Fluffy
|-damage|p1a: Fluffy|13/100
|-damage|p1b: ahem has horns|53/100
|move|p2a: Garchomp|Stomping Tantrum|p1b: ahem has horns
|-damage|p1b: ahem has horns|0 fnt
|faint|p1b: ahem has horns
|-damage|p2a: Garchomp|32/100|[from] item: Life Orb
|
|-weather|Snowscape|[upkeep]
|upkeep
|
|t:|1756353784
|switch|p1b: Mommy|Delphox, L50, F|100/100
|turn|2
|
|t:|1756353806
|-terastallize|p2a: Garchomp|Steel
|move|p2b: Ninetales|Protect|p2b: Ninetales
|-singleturn|p2b: Ninetales|Protect
|move|p1a: Fluffy|Sunny Day|p1a: Fluffy
|-weather|SunnyDay
|move|p1b: Mommy|Expanding Force|p2b: Ninetales|[spread] p2a
|-activate|p2b: Ninetales|move: Protect
|-resisted|p2a: Garchomp
|-damage|p2a: Garchomp|0 fnt
|faint|p2a: Garchomp
|-damage|p1b: Mommy|91/100|[from] item: Life Orb
|
|-weather|SunnyDay|[upkeep]
|upkeep
|
|t:|1756353818
|switch|p2a: Dragonite|Dragonite, L50, M|100/100
|turn|3
|
|t:|1756353846
|switch|p2b: Amoonguss|Amoonguss, L50, M|100/100
|move|p2a: Dragonite|Protect|p2a: Dragonite
|-singleturn|p2a: Dragonite|Protect
|move|p1b: Mommy|Expanding Force|p2b: Amoonguss|[spread] p2b
|-activate|p2a: Dragonite|move: Protect
|-supereffective|p2b: Amoonguss
|-damage|p2b: Amoonguss|0 fnt
|faint|p2b: Amoonguss
|-damage|p1b: Mommy|82/100|[from] item: Life Orb
|move|p1a: Fluffy|Moonblast|p2a: Dragonite
|-activate|p2a: Dragonite|move: Protect
|
|-weather|SunnyDay|[upkeep]
|upkeep
|
|t:|1756353859
|switch|p2b: Ninetales|Ninetales-Alola, L50, M|35/100
|-weather|Snowscape|[from] ability: Snow Warning|[of] p2b: Ninetales
|turn|4
|
|t:|1756353871
|move|p2b: Ninetales|Protect|p2b: Ninetales
|-singleturn|p2b: Ninetales|Protect
|move|p2a: Dragonite|Protect|p2a: Dragonite
|-singleturn|p2a: Dragonite|Protect
|move|p1b: Mommy|Expanding Force|p2a: Dragonite|[spread] 
|-activate|p2a: Dragonite|move: Protect
|-activate|p2b: Ninetales|move: Protect
|move|p1a: Fluffy|Moonblast|p2a: Dragonite
|-activate|p2a: Dragonite|move: Protect
|
|-weather|Snowscape|[upkeep]
|-sideend|p1: foiledfeline|move: Tailwind
|upkeep
|turn|5
|
|t:|1756353905
|move|p2b: Ninetales|Protect|p2b: Ninetales
|-singleturn|p2b: Ninetales|Protect
|move|p1a: Fluffy|Tailwind|p1a: Fluffy
|-sidestart|p1: foiledfeline|move: Tailwind
|move|p1b: Mommy|Expanding Force|p2a: Dragonite|[spread] p2a
|-activate|p2b: Ninetales|move: Protect
|-damage|p2a: Dragonite|68/100
|-damage|p1b: Mommy|72/100|[from] item: Life Orb
|move|p2a: Dragonite|Scale Shot|p1b: Mommy
|-damage|p1b: Mommy|47/100
|-damage|p1b: Mommy|23/100
|-damage|p1b: Mommy|0 fnt
|faint|p1b: Mommy
|-hitcount|p1: Mommy|3
|-unboost|p2a: Dragonite|def|1
|-boost|p2a: Dragonite|spe|1
|
|-weather|Snowscape|[upkeep]
|-fieldend|move: Psychic Terrain
|upkeep
|
|t:|1756353927
|switch|p1b: Scary|Annihilape, L50, F, shiny|100/100
|turn|6
|
|t:|1756353952
|-terastallize|p1b: Scary|Fire
|move|p2a: Dragonite|Protect|p2a: Dragonite
|-singleturn|p2a: Dragonite|Protect
|move|p1a: Fluffy|Beat Up|p1b: Scary
|-damage|p1b: Scary|99/100
|-damage|p1b: Scary|96/100
|-hitcount|p1b: Scary|2
|move|p1b: Scary|Rage Fist|p2a: Dragonite
|-activate|p2a: Dragonite|move: Protect
|move|p2b: Ninetales|Icy Wind|p1a: Fluffy|[spread] p1a,p1b
|-supereffective|p1a: Fluffy
|-resisted|p1b: Scary
|-damage|p1a: Fluffy|0 fnt
|-damage|p1b: Scary|88/100
|-unboost|p1b: Scary|spe|1
|-ability|p1b: Scary|Defiant|boost
|-boost|p1b: Scary|atk|2
|faint|p1a: Fluffy
|
|-weather|Snowscape|[upkeep]
|upkeep
|turn|7
|
|t:|1756353995
|move|p1b: Scary|Rage Fist|p2a: Dragonite
|-damage|p2a: Dragonite|0 fnt
|faint|p2a: Dragonite
|move|p2b: Ninetales|Blizzard|p1b: Scary
|-resisted|p1b: Scary
|-damage|p1b: Scary|70/100
|
|-weather|Snowscape|[upkeep]
|upkeep
|turn|8
|
|t:|1756354004
|move|p2b: Ninetales|Protect|p2b: Ninetales
|-singleturn|p2b: Ninetales|Protect
|move|p1b: Scary|Rage Fist|p2b: Ninetales
|-activate|p2b: Ninetales|move: Protect
|
|-weather|none
|-sideend|p1: foiledfeline|move: Tailwind
|upkeep
|turn|9
|
|t:|1756354013
|move|p2b: Ninetales|Blizzard|p1b: Scary|[miss]
|-miss|p2b: Ninetales|p1b: Scary
|move|p1b: Scary|Rage Fist|p2b: Ninetales
|-damage|p2b: Ninetales|0 fnt
|faint|p2b: Ninetales
|
|win|foiledfeline
|raw|foiledfeline's rating: 1149 → 1174(+25 for winning)
|raw|imphen's rating: 1147 → 1122(-25 for losing)
|l|☆imphen
|player|p2|
|c|☆foiledfeline|ggs
