|j|☆enyelvgc
|j|☆bellytelevision
|html|enyelvgcbellytelevision    
|uhtml|bestof|Game 2 of a best-of-3
|t:|1782241927
|gametype|doubles
|player|p1|enyelvgc|1|1092
|player|p2|bellytelevision|biker|1000
|gen|9
|tier|[Gen 9 Champions] VGC 2026 Reg M-B (Bo3)
|rated|
|rule|Species Clause: Limit one of each Pokémon
|rule|Item Clause: Limit 1 of each item
|clearpoke
|poke|p1|Maushold, L50, shiny|
|poke|p1|Aerodactyl, L50, F|
|poke|p1|Farigiraf, L50, M, shiny|
|poke|p1|Garchomp, L50, F|
|poke|p1|Charizard, L50, M, shiny|
|poke|p1|Sinistcha-Masterpiece, L50|
|poke|p2|Venusaur, L50, M, shiny|
|poke|p2|Swampert, L50, M|
|poke|p2|Sinistcha, L50|
|poke|p2|Pelipper, L50, F|
|poke|p2|Archaludon, L50, M, shiny|
|poke|p2|Sableye, L50, F, shiny|
|teampreview|4
|showteam|p1|Maushold||WideLens|Technician|FollowMe,Protect,PopulationBomb,SuperFang|Jolly|||||50|]Aerodactyl||FocusSash|Unnerve|Tailwind,Protect,WideGuard,RockSlide|Jolly||F|||50|]Farigiraf||SitrusBerry|ArmorTail|TrickRoom,HelpingHand,Psychic,Imprison|Relaxed||M|||50|]Garchomp||LifeOrb|RoughSkin|Earthquake,StompingTantrum,DragonClaw,Protect|Jolly||F|||50|]Charizard||CharizarditeY|Blaze|HeatWave,WeatherBall,SolarBeam,Protect|Timid||M|||50|]Sinistcha-Masterpiece||Leftovers|Hospitality|MatchaGotcha,RagePowder,Protect,CalmMind|Bold|||||50|
|showteam|p2|Venusaur||Venusaurite|Chlorophyll|GigaDrain,SludgeBomb,Protect,EarthPower|Modest||M|||50|]Swampert||Swampertite|Torrent|WaveCrash,IcePunch,HighHorsepower,Protect|Adamant||M|||50|]Sinistcha||CobaBerry|Hospitality|RagePowder,MatchaGotcha,LifeDew,TrickRoom|Sassy|||||50|]Pelipper||SitrusBerry|Drizzle|Tailwind,Hurricane,WeatherBall,WideGuard|Bold||F|||50|]Archaludon||Leftovers|Stamina|ElectroShot,FlashCannon,DragonPulse,Protect|Modest||M|||50|]Sableye||LightClay|Prankster|RainDance,Reflect,LightScreen,WillOWisp|Sassy||F|||50|
|inactive|Battle timer is ON: inactive players will automatically lose when time's up. (requested by enyelvgc)
|inactive|enyelvgc has 60 seconds left.
|
|t:|1782242036
|teamsize|p1|4
|teamsize|p2|4
|start
|switch|p1a: Farigiraf|Farigiraf, L50, M, shiny|100/100
|switch|p1b: Garchomp|Garchomp, L50, F|100/100
|switch|p2a: Pelipper|Pelipper, L50, F|100/100
|switch|p2b: Sableye|Sableye, L50, F, shiny|100/100
|-weather|RainDance|[from] ability: Drizzle|[of] p2a: Pelipper
|turn|1
|
|t:|1782242061
|switch|p2a: Archaludon|Archaludon, L50, M, shiny|100/100
|move|p2b: Sableye|Will-O-Wisp||[still]
|cant|p1a: Farigiraf|ability: Armor Tail|Will-O-Wisp|[of] p2b: Sableye
|move|p1b: Garchomp|Dragon Claw|p2a: Archaludon
|-damage|p2a: Archaludon|60/100
|-ability|p2a: Archaludon|Stamina|boost
|-boost|p2a: Archaludon|def|1
|-damage|p1b: Garchomp|90/100|[from] item: Life Orb
|move|p1a: Farigiraf|Psychic|p2a: Archaludon
|-resisted|p2a: Archaludon|1
|-damage|p2a: Archaludon|44/100
|-ability|p2a: Archaludon|Stamina|boost
|-boost|p2a: Archaludon|def|1
|
|-weather|RainDance|[upkeep]
|-heal|p2a: Archaludon|51/100|[from] item: Leftovers
|upkeep
|turn|2
|inactive|enyelvgc has 30 seconds left.
|inactive|bellytelevision has 30 seconds left.
|inactive|enyelvgc has 20 seconds left.
|inactive|enyelvgc has 15 seconds left.
|inactive|enyelvgc has 10 seconds left.
|
|t:|1782242109
|move|p2a: Archaludon|Protect|p2a: Archaludon
|-singleturn|p2a: Archaludon|Protect
|move|p2b: Sableye|Reflect|p2b: Sableye
|-sidestart|p2: bellytelevision|Reflect
|move|p1b: Garchomp|Stomping Tantrum|p2a: Archaludon
|-activate|p2a: Archaludon|move: Protect
|move|p1a: Farigiraf|Psychic|p2a: Archaludon
|-activate|p2a: Archaludon|move: Protect
|
|-weather|RainDance|[upkeep]
|-heal|p2a: Archaludon|57/100|[from] item: Leftovers
|upkeep
|turn|3
|
|t:|1782242131
|move|p2b: Sableye|Light Screen|p2b: Sableye
|-sidestart|p2: bellytelevision|move: Light Screen
|move|p1b: Garchomp|Stomping Tantrum|p2a: Archaludon
|-supereffective|p2a: Archaludon|1
|-damage|p2a: Archaludon|30/100
|-ability|p2a: Archaludon|Stamina|boost
|-boost|p2a: Archaludon|def|1
|-damage|p1b: Garchomp|80/100|[from] item: Life Orb
|move|p2a: Archaludon|Electro Shot||[still]
|-prepare|p2a: Archaludon|Electro Shot
|-boost|p2a: Archaludon|spa|1
|-anim|p2a: Archaludon|Electro Shot|p1a: Farigiraf
|-damage|p1a: Farigiraf|44/100
|-enditem|p1a: Farigiraf|Sitrus Berry|[eat]
|-heal|p1a: Farigiraf|69/100|[from] item: Sitrus Berry
|move|p1a: Farigiraf|Psychic|p2a: Archaludon
|-resisted|p2a: Archaludon|1
|-damage|p2a: Archaludon|18/100
|-unboost|p2a: Archaludon|spd|1
|-ability|p2a: Archaludon|Stamina|boost
|-boost|p2a: Archaludon|def|1
|
|-weather|RainDance|[upkeep]
|-heal|p2a: Archaludon|25/100|[from] item: Leftovers
|upkeep
|turn|4
|inactive|enyelvgc has 30 seconds left.
|inactive|enyelvgc has 20 seconds left.
|
|t:|1782242168
|switch|p1a: Maushold|Maushold, L50, shiny|100/100
|switch|p2b: Swampert|Swampert, L50, M|100/100
|move|p2a: Archaludon|Protect|p2a: Archaludon
|-singleturn|p2a: Archaludon|Protect
|move|p1b: Garchomp|Dragon Claw|p2b: Swampert
|-damage|p2b: Swampert|64/100
|-damage|p1b: Garchomp|70/100|[from] item: Life Orb
|
|-weather|RainDance|[upkeep]
|-heal|p2a: Archaludon|31/100|[from] item: Leftovers
|upkeep
|turn|5
|inactive|bellytelevision has 30 seconds left.
|
|t:|1782242200
|move|p2b: Swampert|Protect|p2b: Swampert
|-singleturn|p2b: Swampert|Protect
|move|p1a: Maushold|Follow Me|p1a: Maushold
|-singleturn|p1a: Maushold|move: Follow Me
|move|p1b: Garchomp|Dragon Claw|p2b: Swampert
|-activate|p2b: Swampert|move: Protect
|move|p2a: Archaludon|Electro Shot||[still]
|-prepare|p2a: Archaludon|Electro Shot
|-boost|p2a: Archaludon|spa|1
|-anim|p2a: Archaludon|Electro Shot|p1a: Maushold
|-damage|p1a: Maushold|6/100
|
|-weather|none
|-heal|p2a: Archaludon|37/100|[from] item: Leftovers
|upkeep
|turn|6
|inactive|bellytelevision has 30 seconds left.
|
|t:|1782242231
|switch|p2b: Pelipper|Pelipper, L50, F|100/100
|-weather|RainDance|[from] ability: Drizzle|[of] p2b: Pelipper
|move|p1a: Maushold|Super Fang|p2b: Pelipper
|-damage|p2b: Pelipper|50/100y
|-enditem|p2b: Pelipper|Sitrus Berry|[eat]
|-heal|p2b: Pelipper|74/100|[from] item: Sitrus Berry
|move|p1b: Garchomp|Dragon Claw|p2b: Pelipper
|-damage|p2b: Pelipper|37/100
|-damage|p1b: Garchomp|61/100|[from] item: Life Orb
|move|p2a: Archaludon|Dragon Pulse|p1b: Garchomp
|-supereffective|p1b: Garchomp|1
|-damage|p1b: Garchomp|0 fnt
|faint|p1b: Garchomp
|
|-weather|RainDance|[upkeep]
|-heal|p2a: Archaludon|43/100|[from] item: Leftovers
|upkeep
|
|t:|1782242246
|switch|p1b: Charizard|Charizard, L50, M, shiny|100/100
|turn|7
|
|t:|1782242259
|switch|p2b: Sableye|Sableye, L50, F, shiny|100/100
|detailschange|p1b: Charizard|Charizard-Mega-Y, L50, M, shiny
|-mega|p1b: Charizard|Charizard|Charizardite Y
|-weather|SunnyDay|[from] ability: Drought|[of] p1b: Charizard
|move|p2a: Archaludon|Protect|p2a: Archaludon
|-singleturn|p2a: Archaludon|Protect
|move|p1a: Maushold|Population Bomb|p2b: Sableye
|-immune|p2b: Sableye
|move|p1b: Charizard|Weather Ball|p2a: Archaludon
|-activate|p2a: Archaludon|move: Protect
|
|-weather|SunnyDay|[upkeep]
|-heal|p2a: Archaludon|50/100y|[from] item: Leftovers
|upkeep
|turn|8
|
|t:|1782242278
|move|p2b: Sableye|Rain Dance|p2b: Sableye
|-weather|RainDance
|move|p1a: Maushold|Super Fang|p2a: Archaludon
|-damage|p2a: Archaludon|25/100
|-ability|p2a: Archaludon|Stamina|boost
|-boost|p2a: Archaludon|def|1
|move|p1b: Charizard|Weather Ball|p2a: Archaludon
|-resisted|p2a: Archaludon|1
|-damage|p2a: Archaludon|0 fnt
|faint|p2a: Archaludon
|
|-weather|RainDance|[upkeep]
|upkeep
|
|t:|1782242291
|switch|p2a: Swampert|Swampert, L50, M|64/100
|turn|9
|
|t:|1782242303
|switch|p1b: Farigiraf|Farigiraf, L50, M, shiny|69/100
|move|p2a: Swampert|Protect|p2a: Swampert
|-singleturn|p2a: Swampert|Protect
|move|p2b: Sableye|Will-O-Wisp||[still]
|cant|p1b: Farigiraf|ability: Armor Tail|Will-O-Wisp|[of] p2b: Sableye
|move|p1a: Maushold|Population Bomb|p2a: Swampert
|-activate|p2a: Swampert|move: Protect
|
|-weather|RainDance|[upkeep]
|-sideend|p2: bellytelevision|Reflect
|upkeep
|turn|10
|inactive|bellytelevision has 30 seconds left.
|inactive|bellytelevision has 20 seconds left.
|inactive|bellytelevision has 15 seconds left.
|inactive|enyelvgc has 30 seconds left.
|
|t:|1782242360
|switch|p2a: Pelipper|Pelipper, L50, F|37/100
|move|p1b: Farigiraf|Helping Hand|p1a: Maushold
|-singleturn|p1a: Maushold|Helping Hand|[of] p1b: Farigiraf
|move|p2b: Sableye|Reflect|p2b: Sableye
|-sidestart|p2: bellytelevision|Reflect
|move|p1a: Maushold|Population Bomb|p2a: Pelipper
|-damage|p2a: Pelipper|28/100
|-damage|p2a: Pelipper|20/100y
|-damage|p2a: Pelipper|10/100
|-damage|p2a: Pelipper|2/100
|-damage|p2a: Pelipper|0 fnt
|faint|p2a: Pelipper
|-hitcount|p2: Pelipper|5
|
|-weather|RainDance|[upkeep]
|-sideend|p2: bellytelevision|move: Light Screen
|upkeep
|
|t:|1782242375
|switch|p2a: Swampert|Swampert, L50, M|64/100
|turn|11
|
|t:|1782242393
|switch|p1b: Charizard|Charizard-Mega-Y, L50, M, shiny|100/100
|-weather|SunnyDay|[from] ability: Drought|[of] p1b: Charizard
|detailschange|p2a: Swampert|Swampert-Mega, L50, M
|-mega|p2a: Swampert|Swampert|Swampertite
|move|p2b: Sableye|Light Screen|p2b: Sableye
|-sidestart|p2: bellytelevision|move: Light Screen
|move|p1a: Maushold|Population Bomb|p2a: Swampert
|-damage|p2a: Swampert|59/100
|-damage|p2a: Swampert|53/100
|-damage|p2a: Swampert|48/100
|-damage|p2a: Swampert|43/100
|-damage|p2a: Swampert|39/100
|-damage|p2a: Swampert|34/100
|-damage|p2a: Swampert|29/100
|-damage|p2a: Swampert|24/100
|-damage|p2a: Swampert|18/100
|-damage|p2a: Swampert|13/100
|-hitcount|p2a: Swampert|10
|move|p2a: Swampert|Ice Punch|p1a: Maushold
|-damage|p1a: Maushold|0 fnt
|faint|p1a: Maushold
|
|-weather|SunnyDay|[upkeep]
|upkeep
|
|t:|1782242415
|switch|p1a: Farigiraf|Farigiraf, L50, M, shiny|69/100
|turn|12
|
|t:|1782242422
|move|p1a: Farigiraf|Helping Hand|p1b: Charizard
|-singleturn|p1b: Charizard|Helping Hand|[of] p1a: Farigiraf
|move|p2a: Swampert|Protect|p2a: Swampert
|-singleturn|p2a: Swampert|Protect
|move|p2b: Sableye|Rain Dance|p2b: Sableye
|-weather|RainDance
|move|p1b: Charizard|Heat Wave|p2a: Swampert|[spread] p2b
|-activate|p2a: Swampert|move: Protect
|-damage|p2b: Sableye|73/100
|
|-weather|RainDance|[upkeep]
|upkeep
|turn|13
|inactive|enyelvgc has 30 seconds left.
|inactive|bellytelevision has 30 seconds left.
|inactive|bellytelevision has 20 seconds left.
|
|t:|1782242458
|move|p1a: Farigiraf|Helping Hand|p1b: Charizard
|-singleturn|p1b: Charizard|Helping Hand|[of] p1a: Farigiraf
|move|p2b: Sableye|Rain Dance||[still]
|-fail|p2b: Sableye
|move|p2a: Swampert|Wave Crash|p1b: Charizard
|-supereffective|p1b: Charizard|1
|-damage|p1b: Charizard|0 fnt
|faint|p1b: Charizard
|-damage|p2a: Swampert|0 fnt|[from] Recoil
|faint|p2a: Swampert
|
|-weather|RainDance|[upkeep]
|upkeep
|turn|14
|c|☆bellytelevision|gg
|-message|bellytelevision forfeited.
|
|win|enyelvgc
|l|☆bellytelevision
|player|p2|
||bellytelevision is ready for game 3.
|inactive|enyelvgc has 30 seconds to confirm battle start!
|inactive|enyelvgc has 20 seconds to confirm battle start!
|inactive|enyelvgc has 10 seconds to confirm battle start!
|j|☆bellytelevision
|player|p2|bellytelevision|biker|
|uhtml|next|Next: Game 3 of 3
