|j|☆sgt254
|j|☆robby w
|html|sgt254robby w    
|uhtml|bestof|Game 1 of a best-of-3
|t:|1756564675
|gametype|doubles
|player|p1|sgt254|parasollady|1136
|player|p2|robby w|pokekid|1338
|gen|9
|tier|[Gen 9] VGC 2025 Reg H (Bo3)
|rated|
|rule|Species Clause: Limit one of each Pokémon
|rule|Item Clause: Limit 1 of each item
|clearpoke
|poke|p1|Politoed, L50, M|
|poke|p1|Kingdra, L50, M|
|poke|p1|Archaludon, L50, M|
|poke|p1|Amoonguss, L50, F|
|poke|p1|Incineroar, L50, F|
|poke|p1|Gothitelle, L50, F|
|poke|p2|Dondozo, L50, M|
|poke|p2|Tatsugiri, L50, F|
|poke|p2|Sneasler, L50, F|
|poke|p2|Indeedee, L50, M|
|poke|p2|Ursaluna-Bloodmoon, L50, M|
|poke|p2|Electabuzz, L50, F|
|teampreview|4
|showteam|p1|Politoed||Leftovers|Drizzle|PerishSong,WeatherBall,Protect,IceBeam|||M|||50|,,,,,Grass]Kingdra||LifeOrb|SwiftSwim|MuddyWater,DracoMeteor,Protect,WeatherBall|||M|||50|,,,,,Stellar]Archaludon||PowerHerb|Stalwart|ElectroShot,FlashCannon,Protect,DragonPulse|||M|||50|,,,,,Electric]Amoonguss||EjectButton|Regenerator|RagePowder,Spore,Protect,PollenPuff|||F|||50|,,,,,Fire]Incineroar||SafetyGoggles|Intimidate|Protect,FakeOut,KnockOff,PartingShot|||F|||50|,,,,,Ghost]Gothitelle||SitrusBerry|ShadowTag|Taunt,FakeOut,Psychic,Protect|||F|||50|,,,,,Dark
|showteam|p2|Dondozo||Leftovers|Unaware|Protect,WaveCrash,Earthquake,OrderUp|||M|||50|,,,,,Grass]Tatsugiri||ChoiceScarf|Commander|DragonPulse,IcyWind,DracoMeteor,MuddyWater|||F|||50|,,,,,Stellar]Sneasler||PsychicSeed|Unburden|DireClaw,CloseCombat,Protect,ThroatChop|||F|||50|,,,,,Dark]Indeedee||FocusSash|PsychicSurge|DazzlingGleam,TrickRoom,ExpandingForce,Protect|||M|||50|,,,,,Fairy]Ursaluna-Bloodmoon||LifeOrb|MindsEye|BloodMoon,Protect,HyperVoice,EarthPower|||M|||50|,,,,,Normal]Electabuzz||Eviolite|VitalSpirit|Electroweb,Protect,FollowMe,Taunt|||F|||50|,,,,,Ghost
|
|t:|1756564705
|teamsize|p1|4
|teamsize|p2|4
|start
|switch|p1a: Kingdra|Kingdra, L50, M, shiny|100/100
|switch|p1b: Amoonguss|Amoonguss, L50, F, shiny|100/100
|switch|p2a: Sneasler|Sneasler, L50, F|100/100
|switch|p2b: Dondozo|Dondozo, L50, M, shiny|100/100
|turn|1
|
|t:|1756564745
|switch|p2a: Tatsugiri|Tatsugiri, L50, F|100/100
|-activate|p2a: Tatsugiri|ability: Commander|[of] p2b: Dondozo
|-boost|p2b: Dondozo|atk|2
|-boost|p2b: Dondozo|spa|2
|-boost|p2b: Dondozo|spe|2
|-boost|p2b: Dondozo|def|2
|-boost|p2b: Dondozo|spd|2
|-terastallize|p2b: Dondozo|Grass
|move|p2b: Dondozo|Order Up|p1a: Kingdra
|-supereffective|p1a: Kingdra
|-damage|p1a: Kingdra|0 fnt
|faint|p1a: Kingdra
|-boost|p2b: Dondozo|atk|1
|move|p1b: Amoonguss|Spore|p2a: Tatsugiri|[miss]
|-miss|p1b: Amoonguss|p2a: Tatsugiri
|
|upkeep
|
|t:|1756564755
|switch|p1a: Politoed|Politoed, L50, M|100/100
|-weather|RainDance|[from] ability: Drizzle|[of] p1a: Politoed
|turn|2
|
|t:|1756564773
|move|p1b: Amoonguss|Rage Powder|p1b: Amoonguss
|-singleturn|p1b: Amoonguss|move: Rage Powder
|move|p2b: Dondozo|Order Up|p1a: Politoed
|-damage|p1a: Politoed|31/100
|-boost|p2b: Dondozo|atk|1
|move|p1a: Politoed|Perish Song|p1a: Politoed
|-start|p1a: Politoed|perish3|[silent]
|-start|p1b: Amoonguss|perish3|[silent]
|-miss|p1a: Politoed|p2a: Tatsugiri
|-start|p2b: Dondozo|perish3|[silent]
|-fieldactivate|move: Perish Song
|
|-weather|RainDance|[upkeep]
|-heal|p1a: Politoed|37/100|[from] item: Leftovers
|-start|p2b: Dondozo|perish3
|-start|p1a: Politoed|perish3
|-start|p1b: Amoonguss|perish3
|upkeep
|turn|3
|
|t:|1756564797
|switch|p1b: Gothitelle|Gothitelle, L50, F|100/100
|move|p1a: Politoed|Protect|p1a: Politoed
|-singleturn|p1a: Politoed|Protect
|move|p2b: Dondozo|Earthquake|p1a: Politoed|[spread] p1b
|-miss|p2b: Dondozo|p2a: Tatsugiri
|-activate|p1a: Politoed|move: Protect
|-damage|p1b: Gothitelle|31/100
|-enditem|p1b: Gothitelle|Sitrus Berry|[eat]
|-heal|p1b: Gothitelle|56/100|[from] item: Sitrus Berry
|
|-weather|RainDance|[upkeep]
|-heal|p1a: Politoed|43/100|[from] item: Leftovers
|-start|p2b: Dondozo|perish2
|-start|p1a: Politoed|perish2
|upkeep
|turn|4
|
|t:|1756564814
|switch|p1a: Amoonguss|Amoonguss, L50, F, shiny|100/100
|move|p1b: Gothitelle|Fake Out|p2b: Dondozo
|-damage|p2b: Dondozo|98/100
|cant|p2b: Dondozo|flinch
|
|-weather|RainDance|[upkeep]
|-heal|p2b: Dondozo|100/100|[from] item: Leftovers
|-start|p2b: Dondozo|perish1
|upkeep
|turn|5
|
|t:|1756564830
|move|p1b: Gothitelle|Protect|p1b: Gothitelle
|-singleturn|p1b: Gothitelle|Protect
|move|p1a: Amoonguss|Protect|p1a: Amoonguss
|-singleturn|p1a: Amoonguss|Protect
|move|p2b: Dondozo|Earthquake|p1b: Gothitelle|[spread] 
|-miss|p2b: Dondozo|p2a: Tatsugiri
|-activate|p1a: Amoonguss|move: Protect
|-activate|p1b: Gothitelle|move: Protect
|
|-weather|RainDance|[upkeep]
|-start|p2b: Dondozo|perish0
|faint|p2b: Dondozo
|upkeep
|
|t:|1756564844
|switch|p2b: Indeedee|Indeedee, L50, M|100/100
|-fieldstart|move: Psychic Terrain|[from] ability: Psychic Surge|[of] p2b: Indeedee
|turn|6
|inactive|Battle timer is ON: inactive players will automatically lose when time's up. (requested by robby w)
|
|t:|1756564866
|-terastallize|p1b: Gothitelle|Dark
|move|p1a: Amoonguss|Rage Powder|p1a: Amoonguss
|-singleturn|p1a: Amoonguss|move: Rage Powder
|move|p2a: Tatsugiri|Muddy Water|p1a: Amoonguss|[spread] p1a,p1b
|-resisted|p1a: Amoonguss
|-damage|p1a: Amoonguss|84/100
|-damage|p1b: Gothitelle|23/100
|-unboost|p1a: Amoonguss|accuracy|1
|-enditem|p1a: Amoonguss|Eject Button
|
|t:|1756564875
|switch|p1a: Politoed|Politoed, L50, M|43/100
|move|p2b: Indeedee|Expanding Force|p1a: Politoed|[spread] p1a
|-immune|p1b: Gothitelle
|-damage|p1a: Politoed|8/100
|move|p1b: Gothitelle|Psychic|p2a: Tatsugiri
|-damage|p2a: Tatsugiri|52/100
|
|-weather|none
|-heal|p1a: Politoed|14/100|[from] item: Leftovers
|upkeep
|turn|7
|inactive|sgt254 has 30 seconds left.
|
|t:|1756564909
|switch|p1b: Amoonguss|Amoonguss, L50, F, shiny|100/100
|move|p1a: Politoed|Protect|p1a: Politoed
|-singleturn|p1a: Politoed|Protect
|move|p2a: Tatsugiri|Muddy Water|p1a: Politoed|[spread] p1b
|-activate|p1a: Politoed|move: Protect
|-resisted|p1b: Amoonguss
|-damage|p1b: Amoonguss|89/100
|move|p2b: Indeedee|Dazzling Gleam|p1a: Politoed|[spread] p1b
|-activate|p1a: Politoed|move: Protect
|-resisted|p1b: Amoonguss
|-damage|p1b: Amoonguss|82/100
|
|-heal|p1a: Politoed|20/100|[from] item: Leftovers
|upkeep
|turn|8
|inactive|sgt254 has 30 seconds left.
|inactive|robby w has 30 seconds left.
|
|t:|1756564939
|switch|p1a: Gothitelle|Gothitelle, L50, F, tera:Dark|23/100
|move|p2a: Tatsugiri|Muddy Water|p1b: Amoonguss|[spread] p1a,p1b
|-resisted|p1b: Amoonguss
|-damage|p1a: Gothitelle|0 fnt
|-damage|p1b: Amoonguss|72/100
|-unboost|p1b: Amoonguss|accuracy|1
|faint|p1a: Gothitelle
|move|p2b: Indeedee|Expanding Force|p1b: Amoonguss
|-supereffective|p1b: Amoonguss
|-damage|p1b: Amoonguss|0 fnt
|faint|p1b: Amoonguss
|
|upkeep
|
|t:|1756564946
|switch|p1b: Politoed|Politoed, L50, M|20/100
|-weather|RainDance|[from] ability: Drizzle|[of] p1b: Politoed
|turn|9
|
|t:|1756564956
|move|p2a: Tatsugiri|Muddy Water|p1b: Politoed
|-resisted|p1b: Politoed
|-damage|p1b: Politoed|0 fnt
|faint|p1b: Politoed
|
|win|robby w
||sgt254 is ready for game 2.
||robby w is ready for game 2.
|uhtml|next|Next: Game 2 of 3
