|j|☆danicruz.music
|j|☆redpandavgclol
|html|danicruz.musicredpandavgclol    
|uhtml|bestof|Game 1 of a best-of-3
|t:|1757737921
|gametype|doubles
|player|p1|danicruz.music|whitney|1082
|player|p2|redpandavgclol|pokemonranger-gen4|1072
|gen|9
|tier|[Gen 9] VGC 2025 Reg H (Bo3)
|rated|
|rule|Species Clause: Limit one of each Pokémon
|rule|Item Clause: Limit 1 of each item
|clearpoke
|poke|p1|Dondozo, L50, M|
|poke|p1|Tatsugiri-Droopy, L50, F|
|poke|p1|Pelipper, L50, F|
|poke|p1|Archaludon, L50, M|
|poke|p1|Weezing-Galar, L50, F|
|poke|p1|Dragapult, L50, F|
|poke|p2|Rillaboom, L50, M|
|poke|p2|Archaludon, L50, F|
|poke|p2|Grimmsnarl, L50, M|
|poke|p2|Basculegion, L50, M|
|poke|p2|Politoed, L50, M|
|poke|p2|Incineroar, L50, F|
|teampreview|4
|showteam|p1|Dondozo||Leftovers|Unaware|WaveCrash,Earthquake,OrderUp,Protect|||M|||50|,,,,,Ground]Tatsugiri-Droopy||AssaultVest|Commander|DragonPulse,MirrorCoat,MuddyWater,IcyWind|||F|||50|,,,,,Fairy]Pelipper||FocusSash|Drizzle|Hurricane,WeatherBall,WideGuard,Tailwind|||F|||50|,,,,,Fire]Archaludon||PowerHerb|Stalwart|ElectroShot,FlashCannon,DracoMeteor,Protect|||M|||50|,,,,,Electric]Weezing-Galar||RockyHelmet|NeutralizingGas|DazzlingGleam,PoisonGas,SludgeBomb,Protect|||F|||50|,,,,,Flying]Dragapult||LifeOrb|ClearBody|DragonDarts,Protect,PhantomForce,TeraBlast|||F|||50|,,,,,Fighting
|showteam|p2|Rillaboom||AssaultVest|GrassySurge|GrassyGlide,Uturn,FakeOut,WoodHammer|||M|||50|,,,,,Fire]Archaludon||Leftovers|Stamina|ElectroShot,FlashCannon,BodyPress,Protect|||F|||50|,,,,,Fairy]Grimmsnarl||LightClay|Prankster|PartingShot,ThunderWave,LightScreen,Reflect|||M|||50|,,,,,Ghost]Basculegion||LifeOrb|Adaptability|AquaJet,LastRespects,WaveCrash,Protect|||M|||50|,,,,,Water]Politoed||SitrusBerry|Drizzle|Protect,WeatherBall,Haze,HelpingHand|||M|||50|,,,,,Grass]Incineroar||IapapaBerry|Intimidate|FakeOut,KnockOff,Taunt,PartingShot|||F|||50|,,,,,Grass
|inactive|Battle timer is ON: inactive players will automatically lose when time's up. (requested by danicruz.music)
|
|t:|1757737942
|teamsize|p1|4
|teamsize|p2|4
|start
|switch|p1a: Pelipper|Pelipper, L50, F|100/100
|switch|p1b: Archaludon|Archaludon, L50, M|100/100
|switch|p2a: frog|Grimmsnarl, L50, M, shiny|100/100
|switch|p2b: HoodRich|Rillaboom, L50, M|100/100
|-fieldstart|move: Grassy Terrain|[from] ability: Grassy Surge|[of] p2b: HoodRich
|-weather|RainDance|[from] ability: Drizzle|[of] p1a: Pelipper
|turn|1
|
|t:|1757737960
|-terastallize|p1b: Archaludon|Electric
|move|p2b: HoodRich|Fake Out|p1a: Pelipper
|-damage|p1a: Pelipper|86/100
|move|p2a: frog|Light Screen|p2a: frog
|-sidestart|p2: redpandavgclol|move: Light Screen
|move|p1b: Archaludon|Electro Shot||[still]
|-prepare|p1b: Archaludon|Electro Shot
|-boost|p1b: Archaludon|spa|1
|-anim|p1b: Archaludon|Electro Shot|p2a: frog
|-damage|p2a: frog|34/100
|cant|p1a: Pelipper|flinch
|
|-weather|RainDance|[upkeep]
|-heal|p2a: frog|40/100|[from] Grassy Terrain
|upkeep
|turn|2
|inactive|redpandavgclol has 30 seconds left.
|
|t:|1757737986
|move|p2a: frog|Parting Shot|p1b: Archaludon
|-unboost|p1b: Archaludon|atk|1
|-unboost|p1b: Archaludon|spa|1
|
|t:|1757737993
|switch|p2a: anguish|Incineroar, L50, F|100/100|[from] Parting Shot
|-ability|p2a: anguish|Intimidate|boost
|-unboost|p1a: Pelipper|atk|1
|-unboost|p1b: Archaludon|atk|1
|move|p1b: Archaludon|Electro Shot||[still]
|-prepare|p1b: Archaludon|Electro Shot
|-boost|p1b: Archaludon|spa|1
|-anim|p1b: Archaludon|Electro Shot|p2a: anguish
|-damage|p2a: anguish|46/100
|move|p2b: HoodRich|Wood Hammer|p1b: Archaludon
|-damage|p1b: Archaludon|28/100
|-damage|p2b: HoodRich|81/100|[from] Recoil
|move|p1a: Pelipper|Hurricane|p2b: HoodRich
|-supereffective|p2b: HoodRich
|-damage|p2b: HoodRich|35/100
|-start|p2b: HoodRich|confusion
|
|-weather|RainDance|[upkeep]
|-heal|p1b: Archaludon|34/100|[from] Grassy Terrain
|-heal|p2b: HoodRich|41/100|[from] Grassy Terrain
|-heal|p2a: anguish|52/100|[from] Grassy Terrain
|upkeep
|turn|3
|inactive|redpandavgclol has 30 seconds left.
|
|t:|1757738020
|move|p1b: Archaludon|Protect|p1b: Archaludon
|-singleturn|p1b: Archaludon|Protect
|move|p2a: anguish|Fake Out|p1a: Pelipper
|-damage|p1a: Pelipper|74/100
|-activate|p2b: HoodRich|confusion
|-damage|p2b: HoodRich|27/100|[from] confusion
|cant|p1a: Pelipper|flinch
|
|-weather|RainDance|[upkeep]
|-heal|p1b: Archaludon|40/100|[from] Grassy Terrain
|-heal|p2b: HoodRich|32/100|[from] Grassy Terrain
|-heal|p2a: anguish|58/100|[from] Grassy Terrain
|upkeep
|turn|4
|inactive|redpandavgclol has 30 seconds left.
|
|t:|1757738047
|-end|p2b: HoodRich|confusion
|move|p2b: HoodRich|Grassy Glide|p1b: Archaludon
|-damage|p1b: Archaludon|4/100
|move|p1b: Archaludon|Electro Shot||[still]
|-prepare|p1b: Archaludon|Electro Shot
|-boost|p1b: Archaludon|spa|1
|-anim|p1b: Archaludon|Electro Shot|p2b: HoodRich
|-resisted|p2b: HoodRich
|-damage|p2b: HoodRich|0 fnt
|faint|p2b: HoodRich
|move|p2a: anguish|Knock Off|p1b: Archaludon
|-damage|p1b: Archaludon|0 fnt
|-enditem|p1b: Archaludon|Power Herb|[from] move: Knock Off|[of] p2a: anguish
|faint|p1b: Archaludon
|move|p1a: Pelipper|Weather Ball|p2a: anguish
|-supereffective|p2a: anguish
|-damage|p2a: anguish|0 fnt
|faint|p2a: anguish
|
|-weather|RainDance|[upkeep]
|upkeep
|
|t:|1757738064
|switch|p1b: Weezing|Weezing-Galar, L50, F|100/100
|switch|p2b: peepoclap|Politoed, L50, M, shiny|100/100
|switch|p2a: frog|Grimmsnarl, L50, M, shiny|40/100
|-ability|p1b: Weezing|Neutralizing Gas
|turn|5
|
|t:|1757738083
|move|p2b: peepoclap|Weather Ball|p1b: Weezing
|-damage|p1b: Weezing|39/100
|move|p1b: Weezing|Sludge Bomb|p2a: frog
|-supereffective|p2a: frog
|-damage|p2a: frog|0 fnt
|faint|p2a: frog
|move|p1a: Pelipper|Hurricane|p2b: peepoclap
|-damage|p2b: peepoclap|79/100
|
|-weather|none
|-heal|p2b: peepoclap|85/100|[from] Grassy Terrain
|-heal|p1b: Weezing|45/100|[from] Grassy Terrain
|-fieldend|move: Grassy Terrain
|upkeep
|turn|6
|
|t:|1757738099
|move|p2b: peepoclap|Weather Ball|p1b: Weezing
|-damage|p1b: Weezing|29/100
|move|p1b: Weezing|Poison Gas|p2b: peepoclap|[miss]
|-miss|p1b: Weezing|p2b: peepoclap
|move|p1a: Pelipper|Tailwind|p1a: Pelipper
|-sidestart|p1: danicruz.music|move: Tailwind
|
|upkeep
|turn|7
|
|t:|1757738122
|move|p1b: Weezing|Dazzling Gleam|p2b: peepoclap
|-damage|p2b: peepoclap|69/100
|move|p1a: Pelipper|Hurricane|p2b: peepoclap
|-damage|p2b: peepoclap|44/100
|-enditem|p2b: peepoclap|Sitrus Berry|[eat]
|-heal|p2b: peepoclap|69/100|[from] item: Sitrus Berry
|move|p2b: peepoclap|Weather Ball|p1b: Weezing
|-damage|p1b: Weezing|13/100
|
|upkeep
|turn|8
|
|t:|1757738132
|move|p1b: Weezing|Sludge Bomb|p2b: peepoclap
|-damage|p2b: peepoclap|52/100
|-status|p2b: peepoclap|psn
|move|p1a: Pelipper|Hurricane|p2b: peepoclap|[miss]
|-miss|p1a: Pelipper|p2b: peepoclap
|move|p2b: peepoclap|Weather Ball|p1b: Weezing
|-damage|p1b: Weezing|0 fnt
|faint|p1b: Weezing
|-end|p1b: Weezing|ability: Neutralizing Gas
|-weather|RainDance|[from] ability: Drizzle|[of] p1a: Pelipper
|
|-weather|RainDance|[upkeep]
|-damage|p2b: peepoclap|39/100 psn|[from] psn
|-sideend|p2: redpandavgclol|move: Light Screen
|upkeep
|
|t:|1757738138
|switch|p1b: Tatsugiri|Tatsugiri-Droopy, L50, F|100/100
|turn|9
|
|t:|1757738150
|move|p1b: Tatsugiri|Muddy Water|p2b: peepoclap
|-resisted|p2b: peepoclap
|-damage|p2b: peepoclap|14/100 psn
|move|p1a: Pelipper|Hurricane|p2b: peepoclap
|-damage|p2b: peepoclap|0 fnt
|faint|p2b: peepoclap
|
|win|danicruz.music
|l|☆danicruz.music
|player|p1|
||danicruz.music is ready for game 2.
||redpandavgclol is ready for game 2.
|uhtml|next|Next: Game 2 of 3
