|j|☆NettoFagundes
|j|☆SeymoursLeftToeVGC
|html|NettoFagundesSeymoursLeftToeVGC    
|uhtml|bestof|Game 1 of a best-of-3
|t:|1782257152
|gametype|doubles
|player|p1|NettoFagundes|hugh|1077
|player|p2|SeymoursLeftToeVGC|marlon|1070
|gen|9
|tier|[Gen 9 Champions] VGC 2026 Reg M-B (Bo3)
|rated|
|rule|Species Clause: Limit one of each Pokémon
|rule|Item Clause: Limit 1 of each item
|clearpoke
|poke|p1|Swampert, L50, M|
|poke|p1|Raichu, L50, M|
|poke|p1|Archaludon, L50, M|
|poke|p1|Pelipper, L50, M|
|poke|p1|Basculegion, L50, M|
|poke|p1|Grimmsnarl, L50, M|
|poke|p2|Whimsicott, L50, F, shiny|
|poke|p2|Typhlosion-Hisui, L50, M, shiny|
|poke|p2|Farigiraf, L50, F|
|poke|p2|Sceptile, L50, M, shiny|
|poke|p2|Rotom-Wash, L50, shiny|
|poke|p2|Tyranitar, L50, F, shiny|
|teampreview|4
|showteam|p1|Swampert||Swampertite|Torrent|WaveCrash,Earthquake,PoisonJab,Protect|Adamant||M|||50|]Raichu||RaichuniteY|LightningRod|FakeOut,ZapCannon,FocusBlast,VoltSwitch|Hasty||M|||50|]Archaludon||Leftovers|Stamina|FlashCannon,DracoMeteor,ElectroShot,Protect|Calm||M|||50|]Pelipper||FocusSash|Drizzle|Hurricane,Protect,WeatherBall,Tailwind|Bold||M|||50|]Basculegion||ChoiceScarf|Adaptability|WaveCrash,AquaJet,LastRespects,FlipTurn|Jolly||M|||50|]Grimmsnarl||LightClay|Prankster|SpiritBreak,Reflect,LightScreen,PartingShot|Careful||M|||50|
|showteam|p2|Whimsicott||FocusSash|Prankster|Moonblast,FakeTears,Protect,Tailwind|Modest||F|||50|]Typhlosion-Hisui||Charcoal|Blaze|Eruption,Protect,ShadowBall,HeatWave|Modest||M|||50|]Farigiraf||LifeOrb|ArmorTail|HyperVoice,TwinBeam,Protect,HelpingHand|Modest||F|||50|]Sceptile||Sceptilite|Overgrow|FrenzyPlant,DragonPulse,Protect,GigaDrain|Timid||M|||50|]Rotom-Wash||ChoiceScarf|Levitate|HydroPump,Discharge,VoltSwitch,Electroweb|Timid|||||50|]Tyranitar||Tyranitarite|SandStream|RockSlide,KnockOff,Protect,DragonDance|Adamant||F|||50|
|inactive|Battle timer is ON: inactive players will automatically lose when time's up. (requested by SeymoursLeftToeVGC)
|inactive|SeymoursLeftToeVGC has 60 seconds left.
|
|t:|1782257205
|teamsize|p1|4
|teamsize|p2|4
|start
|switch|p1a: Archaludon|Archaludon, L50, M|100/100
|switch|p1b: Grimmsnarl|Grimmsnarl, L50, M|100/100
|switch|p2a: Sceptile|Sceptile, L50, M, shiny|100/100
|switch|p2b: Rotom|Rotom-Wash, L50, shiny|100/100
|turn|1
|inactive|NettoFagundes has 30 seconds left.
|
|t:|1782257237
|detailschange|p2a: Sceptile|Sceptile-Mega, L50, M, shiny
|-mega|p2a: Sceptile|Sceptile|Sceptilite
|move|p1b: Grimmsnarl|Light Screen|p1b: Grimmsnarl
|-sidestart|p1: NettoFagundes|move: Light Screen
|move|p2b: Rotom|Discharge|p1a: Archaludon|[spread] p1a,p1b
|-ability|p2a: Sceptile|Lightning Rod|boost
|-boost|p2a: Sceptile|spa|1
|-resisted|p1a: Archaludon|1
|-damage|p1a: Archaludon|91/100
|-damage|p1b: Grimmsnarl|86/100
|-ability|p1a: Archaludon|Stamina|boost
|-boost|p1a: Archaludon|def|1
|move|p2a: Sceptile|Dragon Pulse|p1a: Archaludon
|-damage|p1a: Archaludon|47/100
|-ability|p1a: Archaludon|Stamina|boost
|-boost|p1a: Archaludon|def|1
|move|p1a: Archaludon|Draco Meteor|p2a: Sceptile|[miss]
|-miss|p1a: Archaludon|p2a: Sceptile
|
|-heal|p1a: Archaludon|53/100|[from] item: Leftovers
|upkeep
|turn|2
|inactive|NettoFagundes has 30 seconds left.
|inactive|SeymoursLeftToeVGC has 30 seconds left.
|
|t:|1782257269
|move|p1a: Archaludon|Protect|p1a: Archaludon
|-singleturn|p1a: Archaludon|Protect
|move|p2b: Rotom|Discharge|p1a: Archaludon|[spread] p1b
|-activate|p1a: Archaludon|move: Protect
|-ability|p2a: Sceptile|Lightning Rod|boost
|-boost|p2a: Sceptile|spa|1
|-damage|p1b: Grimmsnarl|71/100
|move|p2a: Sceptile|Dragon Pulse|p1a: Archaludon
|-activate|p1a: Archaludon|move: Protect
|move|p1b: Grimmsnarl|Spirit Break|p2a: Sceptile
|-supereffective|p2a: Sceptile|1
|-damage|p2a: Sceptile|4/100
|-unboost|p2a: Sceptile|spa|1
|
|-heal|p1a: Archaludon|59/100|[from] item: Leftovers
|upkeep
|turn|3
|inactive|NettoFagundes has 30 seconds left.
|
|t:|1782257302
|move|p1b: Grimmsnarl|Parting Shot|p2a: Sceptile
|-unboost|p2a: Sceptile|atk|1
|-unboost|p2a: Sceptile|spa|1
|
|t:|1782257307
|switch|p1b: Pelipper|Pelipper, L50, M|100/100|[from] Parting Shot
|-weather|RainDance|[from] ability: Drizzle|[of] p1b: Pelipper
|move|p2b: Rotom|Discharge|p1b: Pelipper|[spread] p1a,p1b
|-ability|p2a: Sceptile|Lightning Rod|boost
|-boost|p2a: Sceptile|spa|1
|-resisted|p1a: Archaludon|1
|-supereffective|p1b: Pelipper|2
|-crit|p1b: Pelipper
|-damage|p1a: Archaludon|51/100
|-enditem|p1b: Pelipper|Focus Sash
|-damage|p1b: Pelipper|1/100
|-status|p1a: Archaludon|par
|-ability|p1a: Archaludon|Stamina|boost
|-boost|p1a: Archaludon|def|1
|move|p2a: Sceptile|Dragon Pulse|p1a: Archaludon
|-damage|p1a: Archaludon|9/100 par
|-ability|p1a: Archaludon|Stamina|boost
|-boost|p1a: Archaludon|def|1
|move|p1a: Archaludon|Flash Cannon|p2a: Sceptile
|-damage|p2a: Sceptile|0 fnt
|faint|p2a: Sceptile
|
|-weather|RainDance|[upkeep]
|-heal|p1a: Archaludon|15/100 par|[from] item: Leftovers
|upkeep
|
|t:|1782257330
|switch|p2a: Whimsicott|Whimsicott, L50, F, shiny|100/100
|turn|4
|
|t:|1782257337
|switch|p1b: Grimmsnarl|Grimmsnarl, L50, M|71/100
|move|p1a: Archaludon|Protect|p1a: Archaludon
|-singleturn|p1a: Archaludon|Protect
|move|p2a: Whimsicott|Tailwind|p2a: Whimsicott
|-sidestart|p2: SeymoursLeftToeVGC|move: Tailwind
|move|p2b: Rotom|Discharge|p1a: Archaludon|[spread] p2a,p1b
|-activate|p1a: Archaludon|move: Protect
|-resisted|p2a: Whimsicott|1
|-damage|p2a: Whimsicott|77/100
|-damage|p1b: Grimmsnarl|58/100
|
|-weather|RainDance|[upkeep]
|-heal|p1a: Archaludon|21/100 par|[from] item: Leftovers
|upkeep
|turn|5
|
|t:|1782257353
|move|p2a: Whimsicott|Fake Tears|p1a: Archaludon
|-unboost|p1a: Archaludon|spd|2
|move|p2b: Rotom|Discharge|p1b: Grimmsnarl|[spread] p2a,p1a,p1b
|-resisted|p2a: Whimsicott|1
|-resisted|p1a: Archaludon|1
|-damage|p2a: Whimsicott|56/100
|-damage|p1a: Archaludon|7/100 par
|-damage|p1b: Grimmsnarl|45/100
|-ability|p1a: Archaludon|Stamina|boost
|-boost|p1a: Archaludon|def|1
|move|p1b: Grimmsnarl|Spirit Break|p2b: Rotom
|-damage|p2b: Rotom|60/100
|-unboost|p2b: Rotom|spa|1
|move|p1a: Archaludon|Electro Shot||[still]
|-prepare|p1a: Archaludon|Electro Shot
|-boost|p1a: Archaludon|spa|1
|-anim|p1a: Archaludon|Electro Shot|p2b: Rotom
|-damage|p2b: Rotom|0 fnt
|faint|p2b: Rotom
|
|-weather|RainDance|[upkeep]
|-heal|p1a: Archaludon|13/100 par|[from] item: Leftovers
|upkeep
|
|t:|1782257370
|switch|p2b: Farigiraf|Farigiraf, L50, F|100/100
|turn|6
|
|t:|1782257383
|move|p2a: Whimsicott|Moonblast|p1b: Grimmsnarl
|-supereffective|p1b: Grimmsnarl|1
|-damage|p1b: Grimmsnarl|5/100
|move|p2b: Farigiraf|Hyper Voice|p1b: Grimmsnarl|[spread] p1a,p1b
|-resisted|p1a: Archaludon|1
|-damage|p1a: Archaludon|0 fnt
|-damage|p1b: Grimmsnarl|0 fnt
|faint|p1a: Archaludon
|faint|p1b: Grimmsnarl
|-damage|p2b: Farigiraf|90/100|[from] item: Life Orb
|
|-weather|RainDance|[upkeep]
|upkeep
|
|t:|1782257391
|switch|p1a: Pelipper|Pelipper, L50, M|1/100
|switch|p1b: Swampert|Swampert, L50, M|100/100
|turn|7
|
|t:|1782257405
|detailschange|p1b: Swampert|Swampert-Mega, L50, M
|-mega|p1b: Swampert|Swampert|Swampertite
|move|p2a: Whimsicott|Fake Tears|p1b: Swampert
|-unboost|p1b: Swampert|spd|2
|move|p2b: Farigiraf|Hyper Voice|p1b: Swampert|[spread] p1a,p1b
|-damage|p1a: Pelipper|0 fnt
|-damage|p1b: Swampert|53/100
|faint|p1a: Pelipper
|-damage|p2b: Farigiraf|80/100|[from] item: Life Orb
|move|p1b: Swampert|Earthquake|p2b: Farigiraf|[spread] p2a,p2b
|-resisted|p2a: Whimsicott|1
|-damage|p2a: Whimsicott|18/100
|-damage|p2b: Farigiraf|28/100
|
|-weather|none
|-sideend|p2: SeymoursLeftToeVGC|move: Tailwind
|upkeep
|turn|8
|
|t:|1782257424
|move|p2a: Whimsicott|Tailwind|p2a: Whimsicott
|-sidestart|p2: SeymoursLeftToeVGC|move: Tailwind
|move|p2b: Farigiraf|Hyper Voice|p1b: Swampert
|-damage|p1b: Swampert|0 fnt
|faint|p1b: Swampert
|-damage|p2b: Farigiraf|18/100|[from] item: Life Orb
|
|win|SeymoursLeftToeVGC
