|j|☆AbadanRiyi92
|j|‽Somekidjon
|html|AbadanRiyi92Somekidjon    
|uhtml|bestof|Game 1 of a best-of-3
|t:|1785608201
|gametype|doubles
|player|p1|AbadanRiyi92|colress|1249
|player|p2|Somekidjon|scientistf|1144
|gen|9
|tier|[Gen 9 Champions] VGC 2026 Reg M-B (Bo3)
|rated|
|rule|Species Clause: Limit one of each Pokémon
|rule|Item Clause: Limit 1 of each item
|clearpoke
|poke|p1|Gengar, L50, F, shiny|
|poke|p1|Maushold-Four, L50|
|poke|p1|Annihilape, L50, F|
|poke|p1|Incineroar, L50, M|
|poke|p1|Politoed, L50, F, shiny|
|poke|p1|Archaludon, L50, M|
|poke|p2|Primarina, L50, M|
|poke|p2|Hatterene, L50, F|
|poke|p2|Staraptor, L50, F|
|poke|p2|Farigiraf, L50, F|
|poke|p2|Camerupt, L50, F|
|poke|p2|Kangaskhan, L50, F|
|teampreview|4
|showteam|p1|Gengar||Gengarite|CursedBody|ShadowBall,Disable,PerishSong,Protect|Timid||F|||50|]Maushold-Four||FocusSash|FriendGuard|FollowMe,Encore,BeatUp,Protect|Jolly|||||50|]Annihilape||RoseliBerry|Defiant|RageFist,CloseCombat,Taunt,Protect|Jolly||F|||50|]Incineroar||PasshoBerry|Intimidate|PartingShot,ThroatChop,Protect,FakeOut|Sassy||M|||50|]Politoed||SitrusBerry|Drizzle|WeatherBall,Encore,PerishSong,Protect|Calm||F|||50|]Archaludon||Leftovers|Stamina|DragonPulse,FlashCannon,ElectroShot,Protect|Bold||M|||50|
|showteam|p2|Primarina||Leftovers|LiquidVoice|HyperVoice,Protect,Moonblast,CalmMind|Modest||M|||50|]Hatterene||FocusSash|MagicBounce|Psychic,Protect,DazzlingGleam,TrickRoom|Quiet||F|||50|]Staraptor||ChoiceScarf|Intimidate|FinalGambit,CloseCombat,BraveBird,Uturn|Adamant||F|||50|]Farigiraf||SitrusBerry|ArmorTail|DazzlingGleam,Protect,Thunderbolt,TrickRoom|Quiet||F|||50|]Camerupt||Cameruptite|SolidRock|HeatWave,AncientPower,EarthPower,Protect|Quiet||F|||50|]Kangaskhan||Kangaskhanite|Scrappy|FakeOut,HammerArm,IcePunch,DoubleEdge|Adamant||F|||50|
|inactive|Battle timer is ON: inactive players will automatically lose when time's up. (requested by AbadanRiyi92)
|inactive|AbadanRiyi92 has 60 seconds left.
|
|t:|1785608322
|teamsize|p1|4
|teamsize|p2|4
|start
|switch|p1a: Maushold|Maushold-Four, L50|100/100
|switch|p1b: Annihilape|Annihilape, L50, F|100/100
|switch|p2a: Farigiraf|Farigiraf, L50, F|100/100
|switch|p2b: Camerupt|Camerupt, L50, F|100/100
|turn|1
|inactive|AbadanRiyi92 has 30 seconds left.
|inactive|AbadanRiyi92 has 20 seconds left.
|
|t:|1785608358
|detailschange|p2b: Camerupt|Camerupt-Mega, L50, F
|-mega|p2b: Camerupt|Camerupt|Cameruptite
|move|p2b: Camerupt|Protect|p2b: Camerupt
|-singleturn|p2b: Camerupt|Protect
|move|p1a: Maushold|Follow Me|p1a: Maushold
|-singleturn|p1a: Maushold|move: Follow Me
|move|p1b: Annihilape|Taunt|p2a: Farigiraf
|-start|p2a: Farigiraf|move: Taunt
|cant|p2a: Farigiraf|move: Taunt|Trick Room
|
|upkeep
|turn|2
|
|t:|1785608382
|switch|p2b: Kangaskhan|Kangaskhan, L50, F|100/100
|move|p1a: Maushold|Beat Up|p1b: Annihilape
|-damage|p1b: Annihilape|98/100
|-damage|p1b: Annihilape|95/100
|-damage|p1b: Annihilape|93/100
|-damage|p1b: Annihilape|91/100
|-hitcount|p1b: Annihilape|4
|move|p1b: Annihilape|Rage Fist|p2b: Kangaskhan
|-immune|p2b: Kangaskhan
|move|p2a: Farigiraf|Dazzling Gleam|p1a: Maushold|[spread] p1a,p1b
|-supereffective|p1b: Annihilape|1
|-enditem|p1b: Annihilape|Roseli Berry|[eat]
|-enditem|p1b: Annihilape|Roseli Berry|[weaken]
|-damage|p1a: Maushold|77/100
|-damage|p1b: Annihilape|80/100
|
|upkeep
|turn|3
|inactive|AbadanRiyi92 has 30 seconds left.
|
|t:|1785608409
|switch|p1b: Archaludon|Archaludon, L50, M|100/100
|move|p1a: Maushold|Protect|p1a: Maushold
|-singleturn|p1a: Maushold|Protect
|move|p2b: Kangaskhan|Fake Out|p1b: Archaludon
|-resisted|p1b: Archaludon|1
|-damage|p1b: Archaludon|95/100
|-ability|p1b: Archaludon|Stamina|boost
|-boost|p1b: Archaludon|def|1
|move|p2a: Farigiraf|Dazzling Gleam|p1b: Archaludon|[spread] p1b
|-activate|p1a: Maushold|move: Protect
|-damage|p1b: Archaludon|83/100
|-ability|p1b: Archaludon|Stamina|boost
|-boost|p1b: Archaludon|def|1
|
|-heal|p1b: Archaludon|89/100|[from] item: Leftovers
|-end|p2a: Farigiraf|move: Taunt
|upkeep
|turn|4
|
|t:|1785608429
|switch|p1a: Politoed|Politoed, L50, F, shiny|100/100
|-weather|RainDance|[from] ability: Drizzle|[of] p1a: Politoed
|switch|p2a: Hatterene|Hatterene, L50, F|100/100
|move|p2b: Kangaskhan|Hammer Arm|p1a: Politoed
|-damage|p1a: Politoed|73/100
|-unboost|p2b: Kangaskhan|spe|1
|move|p1b: Archaludon|Electro Shot||[still]
|-prepare|p1b: Archaludon|Electro Shot
|-boost|p1b: Archaludon|spa|1
|-anim|p1b: Archaludon|Electro Shot|p2b: Kangaskhan
|-damage|p2b: Kangaskhan|44/100
|
|-weather|RainDance|[upkeep]
|-heal|p1b: Archaludon|95/100|[from] item: Leftovers
|upkeep
|turn|5
|
|t:|1785608453
|move|p2a: Hatterene|Protect|p2a: Hatterene
|-singleturn|p2a: Hatterene|Protect
|move|p1b: Archaludon|Flash Cannon|p2a: Hatterene
|-activate|p2a: Hatterene|move: Protect
|move|p1a: Politoed|Weather Ball|p2a: Hatterene
|-activate|p2a: Hatterene|move: Protect
|move|p2b: Kangaskhan|Double-Edge|p1a: Politoed
|-damage|p1a: Politoed|20/100y
|-enditem|p1a: Politoed|Sitrus Berry|[eat]
|-heal|p1a: Politoed|45/100|[from] item: Sitrus Berry
|-damage|p2b: Kangaskhan|27/100|[from] Recoil
|
|-weather|RainDance|[upkeep]
|-heal|p1b: Archaludon|100/100|[from] item: Leftovers
|upkeep
|turn|6
|
|t:|1785608475
|move|p1b: Archaludon|Flash Cannon|p2a: Hatterene
|-supereffective|p2a: Hatterene|1
|-enditem|p2a: Hatterene|Focus Sash
|-damage|p2a: Hatterene|1/100
|move|p1a: Politoed|Weather Ball|p2a: Hatterene
|-damage|p2a: Hatterene|0 fnt
|faint|p2a: Hatterene
|move|p2b: Kangaskhan|Double-Edge|p1a: Politoed
|-damage|p1a: Politoed|0 fnt
|faint|p1a: Politoed
|-damage|p2b: Kangaskhan|14/100|[from] Recoil
|
|-weather|RainDance|[upkeep]
|upkeep
|
|t:|1785608489
|switch|p1a: Maushold|Maushold-Four, L50|77/100
|switch|p2a: Camerupt|Camerupt-Mega, L50, F|100/100
|turn|7
|
|t:|1785608508
|move|p1a: Maushold|Follow Me|p1a: Maushold
|-singleturn|p1a: Maushold|move: Follow Me
|move|p1b: Archaludon|Electro Shot||[still]
|-prepare|p1b: Archaludon|Electro Shot
|-boost|p1b: Archaludon|spa|1
|-anim|p1b: Archaludon|Electro Shot|p2b: Kangaskhan
|-damage|p2b: Kangaskhan|0 fnt
|faint|p2b: Kangaskhan
|move|p2a: Camerupt|Earth Power|p1a: Maushold
|-damage|p1a: Maushold|0 fnt
|faint|p1a: Maushold
|
|-weather|RainDance|[upkeep]
|upkeep
|
|t:|1785608519
|switch|p1a: Annihilape|Annihilape, L50, F|80/100
|switch|p2b: Farigiraf|Farigiraf, L50, F|100/100
|turn|8
|
|t:|1785608529
|move|p2b: Farigiraf|Protect|p2b: Farigiraf
|-singleturn|p2b: Farigiraf|Protect
|move|p1a: Annihilape|Taunt|p2b: Farigiraf
|-activate|p2b: Farigiraf|move: Protect
|move|p1b: Archaludon|Dragon Pulse|p2a: Camerupt
|-damage|p2a: Camerupt|35/100
|move|p2a: Camerupt|Earth Power|p1b: Archaludon
|-supereffective|p1b: Archaludon|1
|-damage|p1b: Archaludon|0 fnt
|faint|p1b: Archaludon
|
|-weather|none
|upkeep
|turn|9
|inactive|AbadanRiyi92 has 30 seconds left.
|
|t:|1785608558
|move|p2a: Camerupt|Protect|p2a: Camerupt
|-singleturn|p2a: Camerupt|Protect
|move|p1a: Annihilape|Taunt|p2b: Farigiraf
|-start|p2b: Farigiraf|move: Taunt
|move|p2b: Farigiraf|Dazzling Gleam|p1a: Annihilape
|-supereffective|p1a: Annihilape|1
|-damage|p1a: Annihilape|38/100
|
|upkeep
|turn|10
|
|t:|1785608568
|move|p1a: Annihilape|Rage Fist|p2a: Camerupt
|-damage|p2a: Camerupt|0 fnt
|faint|p2a: Camerupt
|move|p2b: Farigiraf|Dazzling Gleam|p1a: Annihilape
|-supereffective|p1a: Annihilape|1
|-damage|p1a: Annihilape|1/100
|
|upkeep
|turn|11
|
|t:|1785608578
|move|p1a: Annihilape|Close Combat|p2b: Farigiraf
|-damage|p2b: Farigiraf|56/100
|-unboost|p1a: Annihilape|def|1
|-unboost|p1a: Annihilape|spd|1
|move|p2b: Farigiraf|Thunderbolt|p1a: Annihilape
|-damage|p1a: Annihilape|0 fnt
|faint|p1a: Annihilape
|
|win|Somekidjon
