|j|☆Abnan
|j|‽jjavi
|html|Abnanjjavi    
|uhtml|bestof|Game 3 of a best-of-3
|t:|1784801270
|gametype|doubles
|player|p1|Abnan|silver|1000
|player|p2|jjavi|n|1049
|gen|9
|tier|[Gen 9 Champions] VGC 2026 Reg M-B (Bo3)
|rated|
|rule|Species Clause: Limit one of each Pokémon
|rule|Item Clause: Limit 1 of each item
|clearpoke
|poke|p1|Tyranitar, L50, F|
|poke|p1|Excadrill, L50, M|
|poke|p1|Staraptor, L50, M|
|poke|p1|Milotic, L50, M|
|poke|p1|Sinistcha, L50|
|poke|p1|Gholdengo, L50|
|poke|p2|Staraptor, L50, M|
|poke|p2|Metagross, L50|
|poke|p2|Farigiraf, L50, F|
|poke|p2|Whimsicott, L50, F|
|poke|p2|Garchomp, L50, F|
|poke|p2|Ceruledge, L50, M|
|teampreview|4
|showteam|p1|Tyranitar||Tyranitarite|SandStream|Protect,RockSlide,KnockOff,LowKick|Adamant||F|||50|]Excadrill||FocusSash|SandRush|Protect,HighHorsepower,RockSlide,IronHead|Adamant||M|||50|]Staraptor||Staraptite|Intimidate|Protect,BraveBird,CloseCombat,Tailwind|Jolly||M|||50|]Milotic||SitrusBerry|Competitive|Protect,Recover,IcyWind,Scald|Bold||M|||50|]Sinistcha||ColburBerry|Hospitality|Protect,MatchaGotcha,RagePowder,TrickRoom|Bold|||||50|]Gholdengo||LifeOrb|GoodasGold|Protect,ShadowBall,MakeItRain,NastyPlot|Modest|||||50|
|showteam|p2|Staraptor||Staraptite|Intimidate|Protect,CloseCombat,BraveBird,Roost|Jolly||M|||50|]Metagross||Metagrossite|ClearBody|Protect,IronHead,PsychicFangs,StompingTantrum|Adamant|||||50|]Farigiraf||SitrusBerry|ArmorTail|HelpingHand,Psychic,Thunderbolt,TrickRoom|Calm||F|||50|]Whimsicott||FocusSash|Prankster|Moonblast,Tailwind,Charm,Encore|Timid||F|||50|]Garchomp||LifeOrb|RoughSkin|Protect,StompingTantrum,RockSlide,DragonClaw|Jolly||F|||50|]Ceruledge||ColburBerry|FlashFire|Protect,ShadowSneak,BulkUp,BitterBlade|Adamant||M|||50|
|inactive|Battle timer is ON: inactive players will automatically lose when time's up. (requested by jjavi)
|
|t:|1784801297
|teamsize|p1|4
|teamsize|p2|4
|start
|switch|p1a: Staraptor|Staraptor, L50, M|100/100
|switch|p1b: Gholdengo|Gholdengo, L50|100/100
|switch|p2a: Garchomp|Garchomp, L50, F|100/100
|switch|p2b: Ceruledge|Ceruledge, L50, M|100/100
|-ability|p1a: Staraptor|Intimidate|boost
|-unboost|p2a: Garchomp|atk|1
|-unboost|p2b: Ceruledge|atk|1
|turn|1
|inactive|jjavi has 30 seconds left.
|
|t:|1784801332
|detailschange|p1a: Staraptor|Staraptor-Mega, L50, M
|-mega|p1a: Staraptor|Staraptor|Staraptite
|move|p1a: Staraptor|Close Combat|p2a: Garchomp
|-damage|p2a: Garchomp|33/100
|-boost|p1a: Staraptor|def|1
|-boost|p1a: Staraptor|spd|1
|-damage|p1a: Staraptor|88/100|[from] ability: Rough Skin|[of] p2a: Garchomp
|move|p2a: Garchomp|Stomping Tantrum|p1b: Gholdengo
|-supereffective|p1b: Gholdengo|1
|-damage|p1b: Gholdengo|24/100
|-damage|p2a: Garchomp|23/100|[from] item: Life Orb
|move|p1b: Gholdengo|Make It Rain|p2b: Ceruledge|[spread] p2a
|-miss|p1b: Gholdengo|p2b: Ceruledge
|-damage|p2a: Garchomp|0 fnt
|-unboost|p1b: Gholdengo|spa|2
|faint|p2a: Garchomp
|-damage|p1b: Gholdengo|15/100|[from] item: Life Orb
|move|p2b: Ceruledge|Bulk Up|p2b: Ceruledge
|-boost|p2b: Ceruledge|atk|1
|-boost|p2b: Ceruledge|def|1
|
|upkeep
|
|t:|1784801346
|switch|p2a: Whimsicott|Whimsicott, L50, F|100/100
|turn|2
|
|t:|1784801362
|move|p2a: Whimsicott|Moonblast|p1a: Staraptor
|-supereffective|p1a: Staraptor|1
|-crit|p1a: Staraptor
|-damage|p1a: Staraptor|0 fnt
|faint|p1a: Staraptor
|move|p1b: Gholdengo|Make It Rain|p2a: Whimsicott|[spread] p2b
|-miss|p1b: Gholdengo|p2a: Whimsicott
|-resisted|p2b: Ceruledge|1
|-damage|p2b: Ceruledge|83/100
|-unboost|p1b: Gholdengo|spa|2
|-damage|p1b: Gholdengo|5/100|[from] item: Life Orb
|move|p2b: Ceruledge|Bulk Up|p2b: Ceruledge
|-boost|p2b: Ceruledge|atk|1
|-boost|p2b: Ceruledge|def|1
|
|upkeep
|
|t:|1784801374
|switch|p1a: Excadrill|Excadrill, L50, M|100/100
|turn|3
|inactive|jjavi has 30 seconds left.
|
|t:|1784801406
|switch|p1b: Tyranitar|Tyranitar, L50, F|100/100
|-weather|Sandstorm|[from] ability: Sand Stream|[of] p1b: Tyranitar
|move|p2a: Whimsicott|Charm|p1a: Excadrill
|-unboost|p1a: Excadrill|atk|2
|move|p1a: Excadrill|High Horsepower|p2b: Ceruledge
|-supereffective|p2b: Ceruledge|1
|-damage|p2b: Ceruledge|49/100
|move|p2b: Ceruledge|Bitter Blade|p1a: Excadrill
|-supereffective|p1a: Excadrill|1
|-enditem|p1a: Excadrill|Focus Sash
|-damage|p1a: Excadrill|1/100
|-heal|p2b: Ceruledge|100/100|[from] drain|[of] p1a: Excadrill
|
|-weather|Sandstorm|[upkeep]
|-damage|p2a: Whimsicott|94/100|[from] Sandstorm
|-damage|p2b: Ceruledge|93/100|[from] Sandstorm
|upkeep
|turn|4
|inactive|jjavi has 30 seconds left.
|inactive|jjavi has 20 seconds left.
|inactive|jjavi has 15 seconds left.
|
|t:|1784801447
|switch|p1a: Gholdengo|Gholdengo, L50|5/100
|move|p2a: Whimsicott|Moonblast|p1b: Tyranitar
|-supereffective|p1b: Tyranitar|1
|-damage|p1b: Tyranitar|55/100
|move|p2b: Ceruledge|Bitter Blade|p1b: Tyranitar
|-resisted|p1b: Tyranitar|1
|-damage|p1b: Tyranitar|25/100
|-heal|p2b: Ceruledge|100/100|[from] drain|[of] p1b: Tyranitar
|move|p1b: Tyranitar|Rock Slide|p2a: Whimsicott|[spread] p2a,p2b
|-supereffective|p2b: Ceruledge|1
|-damage|p2a: Whimsicott|50/100g
|-damage|p2b: Ceruledge|67/100
|
|-weather|Sandstorm|[upkeep]
|-damage|p2a: Whimsicott|44/100|[from] Sandstorm
|-damage|p2b: Ceruledge|60/100|[from] Sandstorm
|upkeep
|turn|5
|
|t:|1784801465
|move|p2b: Ceruledge|Shadow Sneak|p1a: Gholdengo
|-supereffective|p1a: Gholdengo|1
|-crit|p1a: Gholdengo
|-damage|p1a: Gholdengo|0 fnt
|faint|p1a: Gholdengo
|move|p2a: Whimsicott|Moonblast|p1b: Tyranitar
|-supereffective|p1b: Tyranitar|1
|-damage|p1b: Tyranitar|0 fnt
|faint|p1b: Tyranitar
|
|-weather|Sandstorm|[upkeep]
|-damage|p2a: Whimsicott|38/100|[from] Sandstorm
|-damage|p2b: Ceruledge|54/100|[from] Sandstorm
|upkeep
|-message|Abnan forfeited.
|
|win|jjavi
|raw|Abnan's rating: 1000 → 1000(+0 for losing)
|raw|jjavi's rating: 1049 → 1077(+28 for winning)
