|j|☆yizhongchang
|j|☆lalalaing
|html|yizhongchanglalalaing    
|uhtml|bestof|Game 1 of a best-of-3
|t:|1785938507
|gametype|doubles
|player|p1|yizhongchang|1|1354
|player|p2|lalalaing|chili|1379
|gen|9
|tier|[Gen 9 Champions] VGC 2026 Reg M-B (Bo3)
|rated|
|rule|Species Clause: Limit one of each Pokémon
|rule|Item Clause: Limit 1 of each item
|clearpoke
|poke|p1|Staraptor, L50, F|
|poke|p1|Raichu, L50, M|
|poke|p1|Farigiraf, L50, M|
|poke|p1|Sylveon, L50, F|
|poke|p1|Arcanine-Hisui, L50, M|
|poke|p1|Kingambit, L50, M|
|poke|p2|Gengar, L50, M|
|poke|p2|Swampert, L50, F|
|poke|p2|Archaludon, L50, F|
|poke|p2|Politoed, L50, M|
|poke|p2|Vivillon-Marine, L50, F|
|poke|p2|Incineroar, L50, M|
|teampreview|4
|showteam|p1|Staraptor||Staraptite|Intimidate|DualWingbeat,CloseCombat,Roost,Protect|Jolly||F|||50|]Raichu||RaichuniteY|Static|ZapCannon,FocusBlast,FakeOut,Protect|Timid||M|||50|]Farigiraf||SitrusBerry|ArmorTail|Psychic,TrickRoom,HelpingHand,Protect|Bold||M|||50|]Sylveon||FairyFeather|Pixilate|HyperVoice,QuickAttack,HyperBeam,Protect|Modest||F|||50|]Arcanine-Hisui||FocusSash|RockHead|FlareBlitz,ExtremeSpeed,HeadSmash,Protect|Jolly||M|||50|]Kingambit||LifeOrb|Defiant|KowtowCleave,SuckerPunch,SwordsDance,Protect|Adamant||M|||50|
|showteam|p2|Gengar||Gengarite|CursedBody|ShadowBall,PerishSong,Disable,Protect|Modest||M|||50|]Swampert||Swampertite|Torrent|WaveCrash,Earthquake,IcePunch,Protect|Adamant||F|||50|]Archaludon||Leftovers|Stamina|FlashCannon,DragonPulse,ElectroShot,Protect|Modest||F|||50|]Politoed||SitrusBerry|Drizzle|WeatherBall,Encore,PerishSong,Protect|Calm||M|||50|]Vivillon-Marine||FocusSash|CompoundEyes|Hurricane,SleepPowder,RagePowder,Protect|Timid||F|||50|]Incineroar||ChopleBerry|Intimidate|ThroatChop,FakeOut,PartingShot,Protect|Impish||M|||50|
|inactive|Battle timer is ON: inactive players will automatically lose when time's up. (requested by lalalaing)
|inactive|yizhongchang has 60 seconds left.
|inactive|yizhongchang has 30 seconds left.
|
|t:|1785938591
|teamsize|p1|4
|teamsize|p2|4
|start
|switch|p1a: Raichu|Raichu, L50, M|100/100
|switch|p1b: Kingambit|Kingambit, L50, M|100/100
|switch|p2a: Gengar|Gengar, L50, M|100/100
|switch|p2b: Vivillon|Vivillon-Marine, L50, F|100/100
|turn|1
|inactive|lalalaing has 30 seconds left.
|
|t:|1785938625
|detailschange|p1a: Raichu|Raichu-Mega-Y, L50, M
|-mega|p1a: Raichu|Raichu|Raichunite Y
|detailschange|p2a: Gengar|Gengar-Mega, L50, M
|-mega|p2a: Gengar|Gengar|Gengarite
|move|p2a: Gengar|Protect|p2a: Gengar
|-singleturn|p2a: Gengar|Protect
|move|p2b: Vivillon|Protect|p2b: Vivillon
|-singleturn|p2b: Vivillon|Protect
|move|p1a: Raichu|Zap Cannon|p2a: Gengar
|-activate|p2a: Gengar|move: Protect
|move|p1b: Kingambit|Kowtow Cleave|p2a: Gengar
|-activate|p2a: Gengar|move: Protect
|
|upkeep
|turn|2
|
|t:|1785938637
|switch|p2a: Archaludon|Archaludon, L50, F|100/100
|move|p1a: Raichu|Zap Cannon|p2a: Archaludon
|-resisted|p2a: Archaludon|1
|-damage|p2a: Archaludon|60/100
|-status|p2a: Archaludon|par
|-ability|p2a: Archaludon|Stamina|boost
|-boost|p2a: Archaludon|def|1
|move|p2b: Vivillon|Sleep Powder|p1a: Raichu
|-status|p1a: Raichu|slp|[from] move: Sleep Powder
|move|p1b: Kingambit|Swords Dance|p1b: Kingambit
|-boost|p1b: Kingambit|atk|2
|
|-heal|p2a: Archaludon|67/100 par|[from] item: Leftovers
|upkeep
|turn|3
|
|t:|1785938648
|cant|p1a: Raichu|slp
|move|p2b: Vivillon|Sleep Powder|p1b: Kingambit
|-status|p1b: Kingambit|slp|[from] move: Sleep Powder
|cant|p1b: Kingambit|slp
|cant|p2a: Archaludon|par
|
|-heal|p2a: Archaludon|73/100 par|[from] item: Leftovers
|upkeep
|turn|4
|
|t:|1785938657
|move|p2b: Vivillon|Protect|p2b: Vivillon
|-singleturn|p2b: Vivillon|Protect
|cant|p1a: Raichu|slp
|cant|p1b: Kingambit|slp
|move|p2a: Archaludon|Dragon Pulse|p1a: Raichu
|-damage|p1a: Raichu|32/100 slp
|
|-heal|p2a: Archaludon|79/100 par|[from] item: Leftovers
|upkeep
|turn|5
|
|t:|1785938674
|-curestatus|p1a: Raichu|slp|[msg]
|move|p1a: Raichu|Protect|p1a: Raichu
|-singleturn|p1a: Raichu|Protect
|move|p2b: Vivillon|Protect|p2b: Vivillon
|-singleturn|p2b: Vivillon|Protect
|-curestatus|p1b: Kingambit|slp|[msg]
|move|p1b: Kingambit|Kowtow Cleave|p2b: Vivillon
|-activate|p2b: Vivillon|move: Protect
|move|p2a: Archaludon|Dragon Pulse|p1a: Raichu
|-activate|p1a: Raichu|move: Protect
|
|-heal|p2a: Archaludon|85/100 par|[from] item: Leftovers
|upkeep
|turn|6
|
|t:|1785938684
|move|p1a: Raichu|Zap Cannon|p2b: Vivillon
|-supereffective|p2b: Vivillon|1
|-enditem|p2b: Vivillon|Focus Sash
|-damage|p2b: Vivillon|1/100
|-status|p2b: Vivillon|par
|move|p2b: Vivillon|Sleep Powder|p1b: Kingambit
|-status|p1b: Kingambit|slp|[from] move: Sleep Powder
|cant|p1b: Kingambit|slp
|move|p2a: Archaludon|Dragon Pulse|p1a: Raichu
|-crit|p1a: Raichu
|-damage|p1a: Raichu|0 fnt
|faint|p1a: Raichu
|
|-heal|p2a: Archaludon|92/100 par|[from] item: Leftovers
|upkeep
|
|t:|1785938699
|switch|p1a: Sylveon|Sylveon, L50, F|100/100
|turn|7
|
|t:|1785938722
|switch|p2b: Politoed|Politoed, L50, M|100/100
|-weather|RainDance|[from] ability: Drizzle|[of] p2b: Politoed
|move|p1a: Sylveon|Protect|p1a: Sylveon
|-singleturn|p1a: Sylveon|Protect
|cant|p1b: Kingambit|slp
|move|p2a: Archaludon|Electro Shot||[still]
|-prepare|p2a: Archaludon|Electro Shot
|-boost|p2a: Archaludon|spa|1
|-anim|p2a: Archaludon|Electro Shot|p1b: Kingambit
|-damage|p1b: Kingambit|35/100 slp
|
|-weather|RainDance|[upkeep]
|-heal|p2a: Archaludon|98/100 par|[from] item: Leftovers
|upkeep
|turn|8
|inactive|yizhongchang has 30 seconds left.
|
|t:|1785938749
|move|p2b: Politoed|Protect|p2b: Politoed
|-singleturn|p2b: Politoed|Protect
|move|p1a: Sylveon|Hyper Beam|p2a: Archaludon
|-damage|p2a: Archaludon|0 fnt
|-mustrecharge|p1a: Sylveon
|faint|p2a: Archaludon
|-curestatus|p1b: Kingambit|slp|[msg]
|move|p1b: Kingambit|Kowtow Cleave|p2b: Politoed
|-activate|p2b: Politoed|move: Protect
|
|-weather|RainDance|[upkeep]
|upkeep
|
|t:|1785938760
|switch|p2a: Gengar|Gengar-Mega, L50, M|100/100
|turn|9
|
|t:|1785938770
|move|p1b: Kingambit|Sucker Punch||[still]
|-fail|p1b: Kingambit
|move|p2a: Gengar|Disable|p1b: Kingambit
|-start|p1b: Kingambit|Disable|Sucker Punch
|cant|p1a: Sylveon|recharge
|move|p2b: Politoed|Encore|p1b: Kingambit
|-start|p1b: Kingambit|Encore
|
|-weather|RainDance|[upkeep]
|upkeep
|turn|10
|-message|yizhongchang forfeited.
|
|win|lalalaing
||lalalaing is ready for game 2.
||yizhongchang is ready for game 2.
|uhtml|next|Next: Game 2 of 3
