|j|☆AN555GEL
|j|☆pokesita
|html|AN555GELpokesita    
|uhtml|bestof|Game 1 of a best-of-3
|t:|1756232587
|gametype|doubles
|player|p1|AN555GEL|170|1125
|player|p2|pokesita|2|1169
|gen|9
|tier|[Gen 9] VGC 2025 Reg H (Bo3)
|rated|
|rule|Species Clause: Limit one of each Pokémon
|rule|Item Clause: Limit 1 of each item
|clearpoke
|poke|p1|Archaludon, L50, M|
|poke|p1|Basculegion, L50, M|
|poke|p1|Pelipper, L50, M|
|poke|p1|Incineroar, L50, F|
|poke|p1|Clefable, L50, M|
|poke|p1|Gholdengo, L50|
|poke|p2|Typhlosion-Hisui, L50, F|
|poke|p2|Whimsicott, L50, M|
|poke|p2|Tauros-Paldea-Aqua, L50, M|
|poke|p2|Ursaluna-Bloodmoon, L50, M|
|poke|p2|Kingambit, L50, F|
|poke|p2|Maushold-Four, L50|
|teampreview|4
|showteam|p1|Archaludon||AssaultVest|Stamina|ElectroShot,BodyPress,DragonPulse,Snarl|||M|||50|,,,,,Grass]Basculegion||ChoiceBand|SwiftSwim|AquaJet,WaveCrash,FlipTurn,LastRespects|||M|||50|,,,,,Water]Pelipper||FocusSash|Drizzle|WeatherBall,Hurricane,Tailwind,Protect|||M|||50|,,,,,Ghost]Incineroar||SitrusBerry|Intimidate|FakeOut,KnockOff,Taunt,PartingShot|||F|||50|,,,,,Ghost]Clefable||SafetyGoggles|Unaware|Moonblast,FollowMe,Protect,LifeDew|||M|||50|,,,,,Water]Gholdengo||LifeOrb|GoodasGold|MakeItRain,NastyPlot,ShadowBall,Protect||||||50|,,,,,Water
|showteam|p2|Typhlosion-Hisui||ChoiceSpecs|Blaze|Eruption,HeatWave,ShadowBall,SleepTalk|||F|||50|,,,,,Fire]Whimsicott||CovertCloak|Prankster|Tailwind,SunnyDay,Encore,Moonblast|||M|||50|,,,,,Water]Tauros-Paldea-Aqua||MirrorHerb|Intimidate|Protect,AquaJet,RagingBull,CloseCombat|||M|||50|,,,,,Grass]Ursaluna-Bloodmoon||LifeOrb|MindsEye|Protect,BloodMoon,HyperVoice,EarthPower|||M|||50|,,,,,Normal]Kingambit||AssaultVest|Defiant|KowtowCleave,SuckerPunch,IronHead,LowKick|||F|||50|,,,,,Fairy]Maushold-Four||WideLens|FriendGuard|PopulationBomb,Taunt,FollowMe,Protect||||||50|,,,,,Normal
|inactive|Battle timer is ON: inactive players will automatically lose when time's up. (requested by pokesita)
|
|t:|1756232618
|teamsize|p1|4
|teamsize|p2|4
|start
|switch|p1a: Incineroar|Incineroar, L50, F, shiny|100/100
|switch|p1b: Basculegion|Basculegion, L50, M|100/100
|switch|p2a: Typhlosion|Typhlosion-Hisui, L50, F|100/100
|switch|p2b: Whimsicott|Whimsicott, L50, M|100/100
|-ability|p1a: Incineroar|Intimidate|boost
|-unboost|p2a: Typhlosion|atk|1
|-unboost|p2b: Whimsicott|atk|1
|turn|1
|inactive|pokesita has 30 seconds left.
|
|t:|1756232645
|switch|p1a: Pelipper|Pelipper, L50, M, shiny|100/100
|-weather|RainDance|[from] ability: Drizzle|[of] p1a: Pelipper
|move|p1b: Basculegion|Aqua Jet|p2a: Typhlosion
|-supereffective|p2a: Typhlosion
|-damage|p2a: Typhlosion|0 fnt
|faint|p2a: Typhlosion
|move|p2b: Whimsicott|Tailwind|p2b: Whimsicott
|-sidestart|p2: pokesita|move: Tailwind
|
|-weather|RainDance|[upkeep]
|upkeep
|
|t:|1756232656
|switch|p2a: Kingambit|Kingambit, L50, F|100/100
|turn|2
|
|t:|1756232672
|switch|p1b: Clefable|Clefable, L50, M|100/100
|move|p2b: Whimsicott|Encore||[still]
|-fail|p2b: Whimsicott
|move|p2a: Kingambit|Kowtow Cleave|p1b: Clefable
|-resisted|p1b: Clefable
|-crit|p1b: Clefable
|-damage|p1b: Clefable|69/100
|move|p1a: Pelipper|Weather Ball|p2a: Kingambit
|-damage|p2a: Kingambit|54/100
|
|-weather|RainDance|[upkeep]
|upkeep
|turn|3
|inactive|AN555GEL has 30 seconds left.
|inactive|pokesita has 30 seconds left.
|inactive|AN555GEL has 20 seconds left.
|
|t:|1756232710
|move|p1a: Pelipper|Protect|p1a: Pelipper
|-singleturn|p1a: Pelipper|Protect
|move|p1b: Clefable|Protect|p1b: Clefable
|-singleturn|p1b: Clefable|Protect
|move|p2b: Whimsicott|Sunny Day|p2b: Whimsicott
|-weather|SunnyDay
|move|p2a: Kingambit|Iron Head|p1a: Pelipper
|-activate|p1a: Pelipper|move: Protect
|
|-weather|SunnyDay|[upkeep]
|upkeep
|turn|4
|inactive|AN555GEL has 30 seconds left.
|
|t:|1756232736
|-terastallize|p1b: Clefable|Water
|move|p1b: Clefable|Follow Me|p1b: Clefable
|-singleturn|p1b: Clefable|move: Follow Me
|move|p2b: Whimsicott|Encore|p1b: Clefable
|-start|p1b: Clefable|Encore
|move|p2a: Kingambit|Iron Head|p1b: Clefable
|-resisted|p1b: Clefable
|-damage|p1b: Clefable|50/100
|move|p1a: Pelipper|Weather Ball|p2a: Kingambit
|-supereffective|p2a: Kingambit
|-damage|p2a: Kingambit|0 fnt
|faint|p2a: Kingambit
|
|-weather|SunnyDay|[upkeep]
|-sideend|p2: pokesita|move: Tailwind
|upkeep
|
|t:|1756232745
|switch|p2a: Tauros|Tauros-Paldea-Aqua, L50, M|100/100
|-ability|p2a: Tauros|Intimidate|boost
|-unboost|p1a: Pelipper|atk|1
|-unboost|p1b: Clefable|atk|1
|turn|5
|
|t:|1756232768
|switch|p1a: Incineroar|Incineroar, L50, F, shiny|100/100
|-ability|p1a: Incineroar|Intimidate|boost
|-unboost|p2a: Tauros|atk|1
|-unboost|p2b: Whimsicott|atk|1
|switch|p1b: Basculegion|Basculegion, L50, M|100/100
|move|p2b: Whimsicott|Moonblast|p1a: Incineroar
|-damage|p1a: Incineroar|75/100
|move|p2a: Tauros|Raging Bull|p1a: Incineroar
|-supereffective|p1a: Incineroar
|-damage|p1a: Incineroar|50/100
|-enditem|p1a: Incineroar|Sitrus Berry|[eat]
|-heal|p1a: Incineroar|75/100|[from] item: Sitrus Berry
|
|-weather|SunnyDay|[upkeep]
|upkeep
|turn|6
|inactive|AN555GEL has 30 seconds left.
|
|t:|1756232799
|move|p2a: Tauros|Protect|p2a: Tauros
|-singleturn|p2a: Tauros|Protect
|move|p2b: Whimsicott|Tailwind|p2b: Whimsicott
|-sidestart|p2: pokesita|move: Tailwind
|move|p1b: Basculegion|Flip Turn|p2b: Whimsicott
|-resisted|p2b: Whimsicott
|-damage|p2b: Whimsicott|88/100
|
|t:|1756232811
|switch|p1b: Pelipper|Pelipper, L50, M, shiny|100/100|[from] Flip Turn
|-weather|RainDance|[from] ability: Drizzle|[of] p1b: Pelipper
|move|p1a: Incineroar|Taunt|p2b: Whimsicott
|-start|p2b: Whimsicott|move: Taunt
|
|-weather|RainDance|[upkeep]
|upkeep
|turn|7
|
|t:|1756232836
|switch|p1a: Clefable|Clefable, L50, M, tera:Water|50/100
|move|p1b: Pelipper|Protect|p1b: Pelipper
|-singleturn|p1b: Pelipper|Protect
|move|p2b: Whimsicott|Moonblast|p1b: Pelipper
|-activate|p1b: Pelipper|move: Protect
|move|p2a: Tauros|Raging Bull|p1a: Clefable
|-resisted|p1a: Clefable
|-damage|p1a: Clefable|20/100
|
|-weather|RainDance|[upkeep]
|upkeep
|turn|8
|inactive|AN555GEL has 30 seconds left.
|inactive|pokesita has 30 seconds left.
|inactive|pokesita has 20 seconds left.
|
|t:|1756232872
|move|p2a: Tauros|Protect|p2a: Tauros
|-singleturn|p2a: Tauros|Protect
|move|p1a: Clefable|Follow Me|p1a: Clefable
|-singleturn|p1a: Clefable|move: Follow Me
|move|p2b: Whimsicott|Moonblast|p1a: Clefable
|-damage|p1a: Clefable|0 fnt
|faint|p1a: Clefable
|move|p1b: Pelipper|Hurricane|p2b: Whimsicott
|-supereffective|p2b: Whimsicott
|-damage|p2b: Whimsicott|0 fnt
|faint|p2b: Whimsicott
|
|-weather|RainDance|[upkeep]
|upkeep
|
|t:|1756232881
|switch|p1a: Incineroar|Incineroar, L50, F, shiny|75/100
|-ability|p1a: Incineroar|Intimidate|boost
|-unboost|p2a: Tauros|atk|1
|turn|9
|
|t:|1756232891
|switch|p1a: Basculegion|Basculegion, L50, M|100/100
|move|p2a: Tauros|Protect||[still]
|-fail|p2a: Tauros
|move|p1b: Pelipper|Tailwind|p1b: Pelipper
|-sidestart|p1: AN555GEL|move: Tailwind
|
|-weather|RainDance|[upkeep]
|-sideend|p2: pokesita|move: Tailwind
|upkeep
|turn|10
|
|t:|1756232908
|switch|p1b: Incineroar|Incineroar, L50, F, shiny|75/100
|-ability|p1b: Incineroar|Intimidate|boost
|-unboost|p2a: Tauros|atk|1
|-terastallize|p2a: Tauros|Grass
|move|p2a: Tauros|Aqua Jet|p1b: Incineroar
|-supereffective|p1b: Incineroar
|-damage|p1b: Incineroar|53/100
|move|p1a: Basculegion|Last Respects|p2a: Tauros
|-damage|p2a: Tauros|19/100
|
|-weather|none
|upkeep
|turn|11
|-message|pokesita forfeited.
|raw|AN555GEL's rating: 1125 → 1153(+28 for winning)
|raw|pokesita's rating: 1169 → 1141(-28 for losing)
|
|win|AN555GEL
|l|☆pokesita
|player|p2|
