|j|☆AN555GEL
|j|☆ManuButtowski
|html|AN555GELManuButtowski    
|uhtml|bestof|Game 1 of a best-of-3
|t:|1756807369
|gametype|doubles
|player|p1|AN555GEL|102|
|player|p2|ManuButtowski|marshal|
|gen|9
|tier|[Gen 9] VGC 2025 Reg H (Bo3)
|rule|Species Clause: Limit one of each Pokémon
|rule|Item Clause: Limit 1 of each item
|clearpoke
|poke|p1|Dragonite, L50, F|
|poke|p1|Ursaluna, L50, F|
|poke|p1|Archaludon, L50, F|
|poke|p1|Sinistcha-Masterpiece, L50|
|poke|p1|Pelipper, L50, M|
|poke|p1|Gholdengo, L50|
|poke|p2|Incineroar, L50, F|
|poke|p2|Amoonguss, L50, M|
|poke|p2|Ursaluna-Bloodmoon, L50, M|
|poke|p2|Sneasler, L50, F|
|poke|p2|Gholdengo, L50|
|poke|p2|Dragonite, L50, F|
|teampreview|4
|showteam|p1|Dragonite||LoadedDice|Multiscale|ScaleShot,Protect,Tailwind,Haze|||F|||50|,,,,,Fairy]Ursaluna||FlameOrb|Guts|Facade,HeadlongRush,Earthquake,Protect|||F|||50|,,,,,Ghost]Archaludon||AssaultVest|Stamina|BodyPress,Snarl,ElectroShot,FlashCannon|||F|||50|,,,,,Fighting]Sinistcha-Masterpiece||SitrusBerry|Hospitality|MatchaGotcha,RagePowder,TrickRoom,LifeDew||||||50|,,,,,Dark]Pelipper||FocusSash|Drizzle|MuddyWater,Hurricane,Tailwind,Protect|||M|||50|,,,,,Ghost]Gholdengo||ChoiceScarf|GoodasGold|MakeItRain,TeraBlast,ShadowBall,Trick||||||50|,,,,,Water
|showteam|p2|Incineroar||SafetyGoggles|Intimidate|FlareBlitz,KnockOff,PartingShot,FakeOut|||F|||50|,,,,,Ghost]Amoonguss||SitrusBerry|Regenerator|Spore,RagePowder,PollenPuff,Protect|||M|||50|,,,,,Psychic]Ursaluna-Bloodmoon||AssaultVest|MindsEye|HyperVoice,BloodMoon,EarthPower,VacuumWave|||M|||50|,,,,,Water]Sneasler||FocusSash|Unburden|CloseCombat,DireClaw,ThroatChop,Protect|||F|||50|,,,,,Stellar]Gholdengo||LifeOrb|GoodasGold|MakeItRain,ShadowBall,NastyPlot,Protect||||||50|,,,,,Water]Dragonite||LoadedDice|Multiscale|ScaleShot,Tailwind,Haze,Protect|||F|||50|,,,,,Fairy
|
|t:|1756807457
|teamsize|p1|4
|teamsize|p2|4
|start
|switch|p1a: Pelipper|Pelipper, L50, M, shiny|100/100
|switch|p1b: Archaludon|Archaludon, L50, F|100/100
|switch|p2a: Dragonite|Dragonite, L50, F|100/100
|switch|p2b: Ursaluna|Ursaluna-Bloodmoon, L50, M|100/100
|-weather|RainDance|[from] ability: Drizzle|[of] p1a: Pelipper
|turn|1
|inactive|Battle timer is ON: inactive players will automatically lose when time's up. (requested by AN555GEL)
|inactiveoff|Battle timer is now OFF.
|c|☆AN555GEL|perdon
|c|☆AN555GEL|la costumbre
|
|t:|1756807547
|-terastallize|p1b: Archaludon|Fighting
|-terastallize|p2b: Ursaluna|Water
|move|p2a: Dragonite|Tailwind|p2a: Dragonite
|-sidestart|p2: ManuButtowski|move: Tailwind
|move|p2b: Ursaluna|Earth Power|p1b: Archaludon
|-damage|p1b: Archaludon|67/100
|-ability|p1b: Archaludon|Stamina|boost
|-boost|p1b: Archaludon|def|1
|move|p1a: Pelipper|Tailwind|p1a: Pelipper
|-sidestart|p1: AN555GEL|move: Tailwind
|move|p1b: Archaludon|Snarl|p2b: Ursaluna|[spread] p2a,p2b
|-damage|p2a: Dragonite|94/100
|-damage|p2b: Ursaluna|93/100
|-unboost|p2a: Dragonite|spa|1
|-unboost|p2b: Ursaluna|spa|1
|
|-weather|RainDance|[upkeep]
|upkeep
|turn|2
|
|t:|1756807625
|switch|p1a: Sinistcha|Sinistcha-Masterpiece, L50|100/100
|-heal|p1b: Archaludon|92/100|[from] ability: Hospitality|[of] p1a: Sinistcha
|move|p2a: Dragonite|Scale Shot|p1b: Archaludon
|-damage|p1b: Archaludon|85/100
|-ability|p1b: Archaludon|Stamina|boost
|-boost|p1b: Archaludon|def|1
|-damage|p1b: Archaludon|80/100
|-ability|p1b: Archaludon|Stamina|boost
|-boost|p1b: Archaludon|def|1
|-damage|p1b: Archaludon|75/100
|-ability|p1b: Archaludon|Stamina|boost
|-boost|p1b: Archaludon|def|1
|-damage|p1b: Archaludon|72/100
|-ability|p1b: Archaludon|Stamina|boost
|-boost|p1b: Archaludon|def|1
|-hitcount|p1b: Archaludon|4
|-unboost|p2a: Dragonite|def|1
|-boost|p2a: Dragonite|spe|1
|move|p1b: Archaludon|Electro Shot||[still]
|-prepare|p1b: Archaludon|Electro Shot
|-boost|p1b: Archaludon|spa|1
|-anim|p1b: Archaludon|Electro Shot|p2b: Ursaluna
|-supereffective|p2b: Ursaluna
|-damage|p2b: Ursaluna|23/100
|move|p2b: Ursaluna|Blood Moon|p1b: Archaludon
|-damage|p1b: Archaludon|36/100
|-ability|p1b: Archaludon|Stamina|boost
|-boost|p1b: Archaludon|def|1
|
|-weather|RainDance|[upkeep]
|upkeep
|turn|3
|
|t:|1756807670
|switch|p2b: Sneasler|Sneasler, L50, F|100/100
|move|p2a: Dragonite|Haze|p2a: Dragonite
|-clearallboost
|move|p1b: Archaludon|Electro Shot||[still]
|-prepare|p1b: Archaludon|Electro Shot
|-boost|p1b: Archaludon|spa|1
|-anim|p1b: Archaludon|Electro Shot|p2b: Sneasler
|-damage|p2b: Sneasler|19/100
|move|p1a: Sinistcha|Trick Room|p1a: Sinistcha
|-fieldstart|move: Trick Room|[of] p1a: Sinistcha
|
|-weather|RainDance|[upkeep]
|upkeep
|turn|4
|
|t:|1756807695
|move|p2a: Dragonite|Protect|p2a: Dragonite
|-singleturn|p2a: Dragonite|Protect
|move|p2b: Sneasler|Protect|p2b: Sneasler
|-singleturn|p2b: Sneasler|Protect
|move|p1a: Sinistcha|Life Dew||[still]|[spread] p1a,p1b
|-fail|p1a: Sinistcha|heal
|-heal|p1b: Archaludon|61/100
|move|p1b: Archaludon|Electro Shot||[still]
|-prepare|p1b: Archaludon|Electro Shot
|-boost|p1b: Archaludon|spa|1
|-anim|p1b: Archaludon|Electro Shot|p2b: Sneasler
|-activate|p2b: Sneasler|move: Protect
|
|-weather|RainDance|[upkeep]
|-sideend|p2: ManuButtowski|move: Tailwind
|-sideend|p1: AN555GEL|move: Tailwind
|upkeep
|turn|5
|
|t:|1756807721
|switch|p2a: Incineroar|Incineroar, L50, F|100/100
|-ability|p2a: Incineroar|Intimidate|boost
|-unboost|p1a: Sinistcha|atk|1
|-unboost|p1b: Archaludon|atk|1
|switch|p2b: Ursaluna|Ursaluna-Bloodmoon, L50, M, tera:Water|23/100
|move|p1a: Sinistcha|Life Dew||[still]|[spread] p1a,p1b
|-fail|p1a: Sinistcha|heal
|-heal|p1b: Archaludon|86/100
|move|p1b: Archaludon|Electro Shot||[still]
|-prepare|p1b: Archaludon|Electro Shot
|-boost|p1b: Archaludon|spa|1
|-anim|p1b: Archaludon|Electro Shot|p2a: Incineroar
|-damage|p2a: Incineroar|23/100
|
|-weather|none
|upkeep
|turn|6
|
|t:|1756807752
|move|p2a: Incineroar|Fake Out|p1b: Archaludon
|-damage|p1b: Archaludon|79/100
|-ability|p1b: Archaludon|Stamina|boost
|-boost|p1b: Archaludon|def|1
|move|p2b: Ursaluna|Blood Moon|p1b: Archaludon
|-damage|p1b: Archaludon|26/100
|-ability|p1b: Archaludon|Stamina|boost
|-boost|p1b: Archaludon|def|1
|move|p1a: Sinistcha|Matcha Gotcha|p2a: Incineroar|[spread] p2a
|-miss|p1a: Sinistcha|p2b: Ursaluna
|-resisted|p2a: Incineroar
|-damage|p2a: Incineroar|14/100
|cant|p1b: Archaludon|flinch
|
|upkeep
|turn|7
|
|t:|1756807807
|switch|p1b: Ursaluna|Ursaluna, L50, F, shiny|100/100
|move|p2b: Ursaluna|Hyper Voice|p1b: Ursaluna|[spread] p1a,p1b
|-damage|p1a: Sinistcha|65/100
|-damage|p1b: Ursaluna|65/100
|move|p2a: Incineroar|Knock Off|p1a: Sinistcha
|-supereffective|p1a: Sinistcha
|-damage|p1a: Sinistcha|0 fnt
|-enditem|p1a: Sinistcha|Sitrus Berry|[from] move: Knock Off|[of] p2a: Incineroar
|faint|p1a: Sinistcha
|
|-fieldend|move: Trick Room
|-status|p1b: Ursaluna|brn|[from] item: Flame Orb
|upkeep
|
|t:|1756807824
|switch|p1a: Pelipper|Pelipper, L50, M, shiny|100/100
|-weather|RainDance|[from] ability: Drizzle|[of] p1a: Pelipper
|turn|8
|
|t:|1756807862
|switch|p2a: Dragonite|Dragonite, L50, F|94/100
|move|p1a: Pelipper|Tailwind|p1a: Pelipper
|-sidestart|p1: AN555GEL|move: Tailwind
|move|p1b: Ursaluna|Earthquake|p2a: Dragonite|[spread] p2b
|-immune|p1a: Pelipper
|-immune|p2a: Dragonite
|-damage|p2b: Ursaluna|0 fnt
|faint|p2b: Ursaluna
|
|-weather|RainDance|[upkeep]
|-damage|p1b: Ursaluna|59/100 brn|[from] brn
|upkeep
|
|t:|1756807873
|switch|p2b: Incineroar|Incineroar, L50, F|14/100
|-ability|p2b: Incineroar|Intimidate|boost
|-unboost|p1a: Pelipper|atk|1
|-unboost|p1b: Ursaluna|atk|1
|turn|9
|
|t:|1756807933
|switch|p1b: Archaludon|Archaludon, L50, F, tera:Fighting|26/100
|move|p2b: Incineroar|Fake Out|p1b: Archaludon
|-damage|p1b: Archaludon|19/100
|-ability|p1b: Archaludon|Stamina|boost
|-boost|p1b: Archaludon|def|1
|move|p1a: Pelipper|Hurricane|p2a: Dragonite
|-damage|p2a: Dragonite|44/100
|move|p2a: Dragonite|Tailwind|p2a: Dragonite
|-sidestart|p2: ManuButtowski|move: Tailwind
|
|-weather|RainDance|[upkeep]
|upkeep
|turn|10
|
|t:|1756808041
|move|p2a: Dragonite|Scale Shot|p1b: Archaludon
|-damage|p1b: Archaludon|13/100
|-ability|p1b: Archaludon|Stamina|boost
|-boost|p1b: Archaludon|def|1
|-damage|p1b: Archaludon|8/100
|-ability|p1b: Archaludon|Stamina|boost
|-boost|p1b: Archaludon|def|1
|-damage|p1b: Archaludon|3/100
|-ability|p1b: Archaludon|Stamina|boost
|-boost|p1b: Archaludon|def|1
|-damage|p1b: Archaludon|0 fnt
|faint|p1b: Archaludon
|-hitcount|p1: Archaludon|4
|-unboost|p2a: Dragonite|def|1
|-boost|p2a: Dragonite|spe|1
|move|p1a: Pelipper|Muddy Water|p2a: Dragonite|[spread] p2a,p2b
|-resisted|p2a: Dragonite
|-crit|p2a: Dragonite
|-supereffective|p2b: Incineroar
|-damage|p2a: Dragonite|5/100
|-damage|p2b: Incineroar|0 fnt
|-unboost|p2a: Dragonite|accuracy|1
|faint|p2b: Incineroar
|
|-weather|RainDance|[upkeep]
|upkeep
|
|t:|1756808060
|switch|p1b: Ursaluna|Ursaluna, L50, F, shiny|59/100 brn
|switch|p2b: Sneasler|Sneasler, L50, F|19/100
|turn|11
|
|t:|1756808099
|move|p2a: Dragonite|Protect|p2a: Dragonite
|-singleturn|p2a: Dragonite|Protect
|move|p2b: Sneasler|Protect|p2b: Sneasler
|-singleturn|p2b: Sneasler|Protect
|move|p1a: Pelipper|Muddy Water|p2b: Sneasler|[spread] 
|-activate|p2a: Dragonite|move: Protect
|-activate|p2b: Sneasler|move: Protect
|move|p1b: Ursaluna|Facade|p2a: Dragonite
|-activate|p2a: Dragonite|move: Protect
|
|-weather|RainDance|[upkeep]
|-damage|p1b: Ursaluna|53/100 brn|[from] brn
|-sideend|p1: AN555GEL|move: Tailwind
|upkeep
|turn|12
|
|t:|1756808166
|move|p2a: Dragonite|Haze|p2a: Dragonite
|-clearallboost
|move|p2b: Sneasler|Close Combat|p1b: Ursaluna
|-supereffective|p1b: Ursaluna
|-damage|p1b: Ursaluna|0 fnt
|-unboost|p2b: Sneasler|def|1
|-unboost|p2b: Sneasler|spd|1
|faint|p1b: Ursaluna
|move|p1a: Pelipper|Muddy Water|p2b: Sneasler|[spread] p2a,p2b
|-resisted|p2a: Dragonite
|-damage|p2a: Dragonite|0 fnt
|-damage|p2b: Sneasler|0 fnt
|faint|p2a: Dragonite
|faint|p2b: Sneasler
|
|win|AN555GEL
|c|☆AN555GEL|gg
|inactive|AN555GEL has 30 seconds to confirm battle start!
|inactive|ManuButtowski has 30 seconds to confirm battle start!
||AN555GEL is ready for game 2.
|c|☆ManuButtowski|gg
||ManuButtowski is ready for game 2.
|uhtml|next|Next: Game 2 of 3
|l|☆ManuButtowski
|player|p2|
