|j|☆Tractie
|j|☆Cristante terabug
|html|TractieCristante terabug    
|uhtml|bestof|Game 2 of a best-of-3
|t:|1756675548
|gametype|doubles
|player|p1|Tractie|170|1243
|player|p2|Cristante terabug|kieran-champion|1341
|gen|9
|tier|[Gen 9] VGC 2025 Reg H (Bo3)
|rated|
|rule|Species Clause: Limit one of each Pokémon
|rule|Item Clause: Limit 1 of each item
|clearpoke
|poke|p1|Gothitelle, L50, F|
|poke|p1|Dondozo, L50, F|
|poke|p1|Kingambit, L50, F|
|poke|p1|Rillaboom, L50, F|
|poke|p1|Incineroar, L50, F|
|poke|p1|Dragapult, L50, F|
|poke|p2|Incineroar, L50, M|
|poke|p2|Pelipper, L50, M|
|poke|p2|Archaludon, L50, M|
|poke|p2|Dragonite, L50, M|
|poke|p2|Sinistcha, L50|
|poke|p2|Ursaluna, L50, M|
|teampreview|4
|showteam|p1|Gothitelle||SitrusBerry|ShadowTag|FakeOut,Psychic,TrickRoom,Protect|||F|||50|,,,,,Water]Dondozo||Leftovers|Unaware|WaveCrash,BodyPress,Yawn,Protect|||F|||50|,,,,,Electric]Kingambit||BlackGlasses|Defiant|SuckerPunch,KowtowCleave,SwordsDance,Protect|||F|||50|,,,,,Dark]Rillaboom||ChoiceBand|GrassySurge|WoodHammer,GrassyGlide,HighHorsepower,Uturn|||F|||50|,,,,,Ghost]Incineroar||SafetyGoggles|Intimidate|FakeOut,FlareBlitz,KnockOff,PartingShot|||F|||50|,,,,,Ghost]Dragapult||LifeOrb|ClearBody|ShadowBall,DracoMeteor,TeraBlast,Protect|||F|||50|,,,,,Fairy
|showteam|p2|Incineroar||SafetyGoggles|Intimidate|FakeOut,PartingShot,KnockOff,FlareBlitz|||M|||50|,,,,,Flying]Pelipper||FocusSash|Drizzle|Hurricane,MuddyWater,Tailwind,Protect|||M|||50|,,,,,Ghost]Archaludon||AssaultVest|Stamina|ElectroShot,Snarl,FlashCannon,BodyPress|||M|||50|,,,,,Bug]Dragonite||LoadedDice|Multiscale|ScaleShot,Tailwind,Haze,Protect|||M|||50|,,,,,Fairy]Sinistcha||SitrusBerry|Hospitality|MatchaGotcha,RagePowder,LifeDew,TrickRoom||||||50|,,,,,Dark]Ursaluna||FlameOrb|Guts|Earthquake,Facade,HeadlongRush,Protect|||M|||50|,,,,,Ghost
|inactive|Battle timer is ON: inactive players will automatically lose when time's up. (requested by Tractie)
|inactive|Tractie has 60 seconds left.
|inactive|Cristante terabug has 60 seconds left.
|
|t:|1756675597
|teamsize|p1|4
|teamsize|p2|4
|start
|switch|p1a: Dondozo|Dondozo, L50, F|100/100
|switch|p1b: Gothitelle|Gothitelle, L50, F|100/100
|switch|p2a: Paolo|Dragonite, L50, M|100/100
|switch|p2b: Olmo|Ursaluna, L50, M|100/100
|turn|1
|inactive|Tractie has 30 seconds left.
|
|t:|1756675622
|switch|p1b: Incineroar|Incineroar, L50, F|100/100
|-ability|p1b: Incineroar|Intimidate|boost
|-unboost|p2a: Paolo|atk|1
|-unboost|p2b: Olmo|atk|1
|-terastallize|p2b: Olmo|Ghost
|move|p2a: Paolo|Scale Shot|p1a: Dondozo|[miss]
|-miss|p2a: Paolo|p1a: Dondozo
|move|p2b: Olmo|Earthquake|p1b: Incineroar|[spread] p1a,p1b
|-immune|p2a: Paolo
|-supereffective|p1b: Incineroar
|-damage|p1a: Dondozo|73/100
|-damage|p1b: Incineroar|46/100
|move|p1a: Dondozo|Wave Crash|p2b: Olmo
|-damage|p2b: Olmo|69/100
|-damage|p1a: Dondozo|65/100|[from] Recoil
|
|-heal|p1a: Dondozo|71/100|[from] item: Leftovers
|-status|p2b: Olmo|brn|[from] item: Flame Orb
|upkeep
|turn|2
|inactive|Tractie has 30 seconds left.
|inactive|Tractie has 20 seconds left.
|
|t:|1756675658
|move|p2a: Paolo|Protect|p2a: Paolo
|-singleturn|p2a: Paolo|Protect
|move|p2b: Olmo|Protect|p2b: Olmo
|-singleturn|p2b: Olmo|Protect
|move|p1a: Dondozo|Protect|p1a: Dondozo
|-singleturn|p1a: Dondozo|Protect
|move|p1b: Incineroar|Parting Shot|p2a: Paolo
|-activate|p2a: Paolo|move: Protect
|
|-heal|p1a: Dondozo|77/100|[from] item: Leftovers
|-damage|p2b: Olmo|63/100 brn|[from] brn
|upkeep
|turn|3
|inactive|Tractie has 30 seconds left.
|
|t:|1756675684
|move|p2a: Paolo|Haze|p2a: Paolo
|-clearallboost
|move|p2b: Olmo|Earthquake|p1a: Dondozo|[spread] p1a,p1b
|-immune|p2a: Paolo
|-crit|p1a: Dondozo
|-supereffective|p1b: Incineroar
|-damage|p1a: Dondozo|14/100
|-damage|p1b: Incineroar|0 fnt
|faint|p1b: Incineroar
|move|p1a: Dondozo|Yawn|p2a: Paolo
|-start|p2a: Paolo|move: Yawn|[of] p1a: Dondozo
|
|-heal|p1a: Dondozo|20/100|[from] item: Leftovers
|-damage|p2b: Olmo|57/100 brn|[from] brn
|upkeep
|
|t:|1756675696
|switch|p1b: Gothitelle|Gothitelle, L50, F|100/100
|turn|4
|
|t:|1756675718
|move|p1b: Gothitelle|Protect|p1b: Gothitelle
|-singleturn|p1b: Gothitelle|Protect
|move|p2a: Paolo|Scale Shot|p1a: Dondozo
|-damage|p1a: Dondozo|11/100
|-damage|p1a: Dondozo|2/100
|-damage|p1a: Dondozo|0 fnt
|faint|p1a: Dondozo
|-hitcount|p1: Dondozo|3
|-unboost|p2a: Paolo|def|1
|-boost|p2a: Paolo|spe|1
|move|p2b: Olmo|Facade|p1b: Gothitelle
|-activate|p1b: Gothitelle|move: Protect
|
|-damage|p2b: Olmo|51/100 brn|[from] brn
|-end|p2a: Paolo|move: Yawn|[silent]
|-status|p2a: Paolo|slp
|upkeep
|
|t:|1756675733
|switch|p1a: Kingambit|Kingambit, L50, F|100/100
|turn|5
|
|t:|1756675743
|switch|p2b: Luca|Archaludon, L50, M|100/100
|cant|p2a: Paolo|slp
|move|p1a: Kingambit|Swords Dance|p1a: Kingambit
|-boost|p1a: Kingambit|atk|2
|move|p1b: Gothitelle|Trick Room|p1b: Gothitelle
|-fieldstart|move: Trick Room|[of] p1b: Gothitelle
|
|upkeep
|turn|6
|
|t:|1756675767
|move|p1a: Kingambit|Kowtow Cleave|p2b: Luca
|-damage|p2b: Luca|19/100
|-ability|p2b: Luca|Stamina|boost
|-boost|p2b: Luca|def|1
|move|p1b: Gothitelle|Psychic|p2a: Paolo
|-damage|p2a: Paolo|86/100 slp
|move|p2b: Luca|Body Press|p1a: Kingambit
|-supereffective|p1a: Kingambit
|-damage|p1a: Kingambit|0 fnt
|faint|p1a: Kingambit
|-curestatus|p2a: Paolo|slp|[msg]
|move|p2a: Paolo|Scale Shot|p1b: Gothitelle|[miss]
|-miss|p2a: Paolo|p1b: Gothitelle
|
|upkeep
|turn|7
|-message|Tractie forfeited.
|
|win|Cristante terabug
|l|☆Tractie
|player|p1|
||Tractie is ready for game 3.
