|j|‽SomeKidJon
|j|☆ground tera
|html|SomeKidJonground tera    
|uhtml|bestof|Game 1 of a best-of-3
|t:|1784309934
|gametype|doubles
|player|p1|SomeKidJon|scientistf|1231
|player|p2|ground tera|2|1247
|gen|9
|tier|[Gen 9 Champions] VGC 2026 Reg M-B (Bo3)
|rated|
|rule|Species Clause: Limit one of each Pokémon
|rule|Item Clause: Limit 1 of each item
|clearpoke
|poke|p1|Dragonite, L50, M|
|poke|p1|Chandelure, L50, F|
|poke|p1|Sylveon, L50, M|
|poke|p1|Tsareena, L50, F|
|poke|p1|Kingambit, L50, F|
|poke|p1|Samurott-Hisui, L50, F|
|poke|p2|Archaludon, L50, M|
|poke|p2|Basculegion, L50, M|
|poke|p2|Charizard, L50, F|
|poke|p2|Grimmsnarl, L50, M|
|poke|p2|Pelipper, L50, F|
|poke|p2|Venusaur, L50, F|
|teampreview|4
|showteam|p1|Dragonite||ChartiBerry|Multiscale|ScaleShot,Tailwind,Protect,ExtremeSpeed|Adamant||M|||50|]Chandelure||Chandelurite|FlashFire|HeatWave,ShadowBall,Protect,TrickRoom|Modest||F|||50|]Sylveon||FairyFeather|Pixilate|QuickAttack,Detect,HyperVoice,HyperBeam|Modest||M|||50|]Tsareena||WideLens|QueenlyMajesty|TripleAxel,PowerWhip,PlayRough,Protect|Adamant||F|||50|]Kingambit||FocusSash|Defiant|LowKick,SuckerPunch,IronHead,KowtowCleave|Adamant||F|||50|]Samurott-Hisui||LifeOrb|Sharpness|Protect,SacredSword,AquaCutter,SuckerPunch|Adamant||F|||50|
|showteam|p2|Archaludon||Leftovers|Stamina|FlashCannon,DragonPulse,ElectroShot,Protect|Calm||M|||50|]Basculegion||ChoiceScarf|Adaptability|WaveCrash,AquaJet,LastRespects,FlipTurn|Jolly||M|||50|]Charizard||CharizarditeY|Blaze|HeatWave,WeatherBall,SolarBeam,Protect|Modest||F|||50|]Grimmsnarl||LightClay|Prankster|SpiritBreak,Reflect,LightScreen,PartingShot|Sassy||M|||50|]Pelipper||SitrusBerry|Drizzle|WeatherBall,Hurricane,Tailwind,WideGuard|Modest||F|||50|]Venusaur||FocusSash|Chlorophyll|SludgeBomb,EarthPower,SleepPowder,Protect|Modest||F|||50|
|inactive|Battle timer is ON: inactive players will automatically lose when time's up. (requested by ground tera)
|inactive|ground tera has 60 seconds left.
|
|t:|1784309985
|teamsize|p1|4
|teamsize|p2|4
|start
|switch|p1a: Dragonite|Dragonite, L50, M|100/100
|switch|p1b: Kingambit|Kingambit, L50, F|100/100
|switch|p2a: Charizard|Charizard, L50, F|100/100
|switch|p2b: Venusaur|Venusaur, L50, F|100/100
|turn|1
|
|t:|1784309998
|detailschange|p2a: Charizard|Charizard-Mega-Y, L50, F
|-mega|p2a: Charizard|Charizard|Charizardite Y
|-weather|SunnyDay|[from] ability: Drought|[of] p2a: Charizard
|move|p1b: Kingambit|Sucker Punch|p2a: Charizard
|-damage|p2a: Charizard|54/100
|move|p2b: Venusaur|Sleep Powder|p1a: Dragonite
|-status|p1a: Dragonite|slp|[from] move: Sleep Powder
|move|p2a: Charizard|Heat Wave|p1b: Kingambit|[spread] p1a,p1b
|-resisted|p1a: Dragonite|1
|-crit|p1a: Dragonite
|-supereffective|p1b: Kingambit|1
|-damage|p1a: Dragonite|77/100 slp
|-enditem|p1b: Kingambit|Focus Sash
|-damage|p1b: Kingambit|1/100
|cant|p1a: Dragonite|slp
|
|-weather|SunnyDay|[upkeep]
|upkeep
|turn|2
|
|t:|1784310022
|move|p1b: Kingambit|Sucker Punch|p2b: Venusaur
|-damage|p2b: Venusaur|48/100
|move|p2b: Venusaur|Sludge Bomb|p1a: Dragonite
|-damage|p1a: Dragonite|35/100 slp
|move|p2a: Charizard|Heat Wave|p1b: Kingambit|[spread] p1a
|-miss|p2a: Charizard|p1b: Kingambit
|-resisted|p1a: Dragonite|1
|-damage|p1a: Dragonite|4/100 slp
|cant|p1a: Dragonite|slp
|
|-weather|SunnyDay|[upkeep]
|upkeep
|turn|3
|
|t:|1784310037
|switch|p2b: Basculegion|Basculegion, L50, M|100/100
|move|p1b: Kingambit|Sucker Punch|p2a: Charizard
|-damage|p2a: Charizard|8/100
|move|p2a: Charizard|Heat Wave|p1b: Kingambit|[spread] 
|-miss|p2a: Charizard|p1a: Dragonite
|-miss|p2a: Charizard|p1b: Kingambit
|-curestatus|p1a: Dragonite|slp|[msg]
|move|p1a: Dragonite|Tailwind|p1a: Dragonite
|-sidestart|p1: SomeKidJon|move: Tailwind
|
|-weather|SunnyDay|[upkeep]
|upkeep
|turn|4
|
|t:|1784310055
|move|p1a: Dragonite|Extreme Speed|p2a: Charizard
|-damage|p2a: Charizard|0 fnt
|faint|p2a: Charizard
|move|p2b: Basculegion|Aqua Jet|p1b: Kingambit
|-damage|p1b: Kingambit|0 fnt
|faint|p1b: Kingambit
|
|-weather|SunnyDay|[upkeep]
|upkeep
|
|t:|1784310066
|switch|p2a: Pelipper|Pelipper, L50, F|100/100
|switch|p1b: Samurott|Samurott-Hisui, L50, F|100/100
|-weather|RainDance|[from] ability: Drizzle|[of] p2a: Pelipper
|turn|5
|
|t:|1784310079
|move|p1a: Dragonite|Protect|p1a: Dragonite
|-singleturn|p1a: Dragonite|Protect
|move|p2b: Basculegion|Aqua Jet|p1a: Dragonite
|-activate|p1a: Dragonite|move: Protect
|move|p1b: Samurott|Aqua Cutter|p2b: Basculegion
|-resisted|p2b: Basculegion|1
|-damage|p2b: Basculegion|37/100
|-damage|p1b: Samurott|90/100|[from] item: Life Orb
|move|p2a: Pelipper|Hurricane|p1b: Samurott
|-damage|p1b: Samurott|32/100
|
|-weather|RainDance|[upkeep]
|upkeep
|turn|6
|
|t:|1784310096
|switch|p2b: Venusaur|Venusaur, L50, F|48/100
|move|p1a: Dragonite|Extreme Speed|p2a: Pelipper
|-damage|p2a: Pelipper|70/100
|move|p1b: Samurott|Aqua Cutter|p2a: Pelipper
|-resisted|p2a: Pelipper|1
|-damage|p2a: Pelipper|23/100
|-enditem|p2a: Pelipper|Sitrus Berry|[eat]
|-heal|p2a: Pelipper|48/100|[from] item: Sitrus Berry
|-damage|p1b: Samurott|22/100|[from] item: Life Orb
|move|p2a: Pelipper|Hurricane|p1b: Samurott
|-damage|p1b: Samurott|0 fnt
|faint|p1b: Samurott
|
|-weather|RainDance|[upkeep]
|-sideend|p1: SomeKidJon|move: Tailwind
|upkeep
|
|t:|1784310114
|switch|p1b: Chandelure|Chandelure, L50, F|100/100
|turn|7
|inactive|SomeKidJon has 30 seconds left.
|
|t:|1784310139
|detailschange|p1b: Chandelure|Chandelure-Mega, L50, F
|-mega|p1b: Chandelure|Chandelure|Chandelurite
|move|p1b: Chandelure|Shadow Ball|p2a: Pelipper
|-damage|p2a: Pelipper|0 fnt
|faint|p2a: Pelipper
|move|p2b: Venusaur|Sludge Bomb|p1a: Dragonite
|-damage|p1a: Dragonite|0 fnt
|faint|p1a: Dragonite
|
|-weather|RainDance|[upkeep]
|upkeep
|
|t:|1784310146
|switch|p2a: Basculegion|Basculegion, L50, M|37/100
|turn|8
|
|t:|1784310153
|move|p2a: Basculegion|Last Respects|p1b: Chandelure
|-supereffective|p1b: Chandelure|1
|-damage|p1b: Chandelure|0 fnt
|faint|p1b: Chandelure
|
|win|ground tera
||SomeKidJon is ready for game 2.
||ground tera is ready for game 2.
|uhtml|next|Next: Game 2 of 3
