|j|☆marin le paon
|j|☆benjitulio
|html|marin le paonbenjitulio    
|uhtml|bestof|Game 3 of a best-of-3
|t:|1784225536
|gametype|doubles
|player|p1|marin le paon|169|1249
|player|p2|benjitulio|wattson|1077
|gen|9
|tier|[Gen 9 Champions] VGC 2026 Reg M-B (Bo3)
|rated|
|rule|Species Clause: Limit one of each Pokémon
|rule|Item Clause: Limit 1 of each item
|clearpoke
|poke|p1|Scizor, L50, M|
|poke|p1|Tyranitar, L50, M|
|poke|p1|Rotom-Mow, L50|
|poke|p1|Sylveon, L50, M|
|poke|p1|Volcarona, L50, M|
|poke|p1|Milotic, L50, F|
|poke|p2|Maushold-Four, L50|
|poke|p2|Incineroar, L50, F|
|poke|p2|Metagross, L50|
|poke|p2|Aerodactyl, L50, F|
|poke|p2|Primarina, L50, M|
|poke|p2|Sinistcha, L50|
|teampreview|4
|showteam|p1|Scizor||Scizorite|Technician|BulletPunch,BugBite,SwordsDance,Protect|Adamant||M|||50|]Tyranitar||Tyranitarite|SandStream|RockSlide,Crunch,DragonDance,Protect|Jolly||M|||50|]Rotom-Mow||ExpertBelt|Levitate|Thunderbolt,LeafStorm,Electroweb,Protect|Modest|||||50|]Sylveon||FairyFeather|Pixilate|HyperVoice,HyperBeam,QuickAttack,Detect|Modest||M|||50|]Volcarona||PasshoBerry|FlameBody|Overheat,StruggleBug,RagePowder,Tailwind|Bold||M|||50|]Milotic||Leftovers|Competitive|MuddyWater,Coil,Hypnosis,Protect|Modest||F|||50|
|showteam|p2|Maushold-Four||FocusSash|FriendGuard|FollowMe,RainDance,PopulationBomb,SuperFang|Jolly|||||50|]Incineroar||ChopleBerry|Intimidate|FakeOut,FlareBlitz,PartingShot,DarkestLariat|Impish||F|||50|]Metagross||Metagrossite|ClearBody|IronHead,Protect,PsychicFangs,Earthquake|Adamant|||||50|]Aerodactyl||Aerodactylite|Unnerve|RockSlide,Protect,Tailwind,IceFang|Jolly||F|||50|]Primarina||ChoiceScarf|LiquidVoice|HyperVoice,HydroPump,IcyWind,Moonblast|Modest||M|||50|]Sinistcha||SitrusBerry|Hospitality|MatchaGotcha,LifeDew,ShadowBall,RagePowder|Calm|||||50|
|inactive|Battle timer is ON: inactive players will automatically lose when time's up. (requested by benjitulio)
|
|t:|1784225563
|teamsize|p1|4
|teamsize|p2|4
|start
|switch|p1a: Milotic|Milotic, L50, F|100/100
|switch|p1b: Volcarona|Volcarona, L50, M|100/100
|switch|p2a: Sinistcha|Sinistcha, L50|100/100
|switch|p2b: Primarina|Primarina, L50, M|100/100
|turn|1
|inactive|marin le paon has 30 seconds left.
|inactive|benjitulio has 30 seconds left.
|inactive|benjitulio has 20 seconds left.
|
|t:|1784225600
|switch|p1a: Rotom|Rotom-Mow, L50|100/100
|switch|p2a: Incineroar|Incineroar, L50, F|100/100
|-ability|p2a: Incineroar|Intimidate|boost
|-unboost|p1a: Rotom|atk|1
|-unboost|p1b: Volcarona|atk|1
|move|p2b: Primarina|Moonblast|p1a: Rotom
|-damage|p1a: Rotom|42/100
|-unboost|p1a: Rotom|spa|1
|move|p1b: Volcarona|Overheat|p2a: Incineroar
|-resisted|p2a: Incineroar|1
|-damage|p2a: Incineroar|70/100
|-unboost|p1b: Volcarona|spa|2
|
|upkeep
|turn|2
|inactive|benjitulio has 30 seconds left.
|
|t:|1784225625
|move|p1a: Rotom|Protect|p1a: Rotom
|-singleturn|p1a: Rotom|Protect
|move|p2b: Primarina|Moonblast|p1a: Rotom
|-activate|p1a: Rotom|move: Protect
|move|p1b: Volcarona|Tailwind|p1b: Volcarona
|-sidestart|p1: marin le paon|move: Tailwind
|move|p2a: Incineroar|Parting Shot|p1b: Volcarona
|-unboost|p1b: Volcarona|atk|1
|-unboost|p1b: Volcarona|spa|1
|
|t:|1784225636
|switch|p2a: Sinistcha|Sinistcha, L50|100/100|[from] Parting Shot
|
|upkeep
|turn|3
|
|t:|1784225645
|move|p1a: Rotom|Leaf Storm|p2b: Primarina
|-supereffective|p2b: Primarina|1
|-damage|p2b: Primarina|8/100
|-unboost|p1a: Rotom|spa|2
|move|p1b: Volcarona|Struggle Bug|p2b: Primarina|[spread] p2a,p2b
|-resisted|p2b: Primarina|1
|-crit|p2b: Primarina
|-damage|p2a: Sinistcha|94/100
|-damage|p2b: Primarina|0 fnt
|-unboost|p2a: Sinistcha|spa|1
|faint|p2b: Primarina
|move|p2a: Sinistcha|Shadow Ball|p1b: Volcarona
|-damage|p1b: Volcarona|80/100
|
|upkeep
|
|t:|1784225654
|switch|p2b: Incineroar|Incineroar, L50, F|70/100
|-ability|p2b: Incineroar|Intimidate|boost
|-unboost|p1a: Rotom|atk|1
|-unboost|p1b: Volcarona|atk|1
|turn|4
|inactive|marin le paon has 30 seconds left.
|
|t:|1784225683
|switch|p1a: Scizor|Scizor, L50, M|100/100
|move|p2b: Incineroar|Fake Out|p1b: Volcarona
|-damage|p1b: Volcarona|70/100
|cant|p1b: Volcarona|flinch
|move|p2a: Sinistcha|Life Dew|p2a: Sinistcha|[spread] p2a,p2b
|-heal|p2a: Sinistcha|100/100
|-heal|p2b: Incineroar|95/100
|
|upkeep
|turn|5
|inactive|marin le paon has 30 seconds left.
|
|t:|1784225708
|detailschange|p1a: Scizor|Scizor-Mega, L50, M
|-mega|p1a: Scizor|Scizor|Scizorite
|move|p1b: Volcarona|Rage Powder|p1b: Volcarona
|-singleturn|p1b: Volcarona|move: Rage Powder
|move|p1a: Scizor|Swords Dance|p1a: Scizor
|-boost|p1a: Scizor|atk|2
|move|p2b: Incineroar|Flare Blitz|p1b: Volcarona
|-damage|p1b: Volcarona|21/100
|-damage|p2b: Incineroar|80/100|[from] Recoil
|move|p2a: Sinistcha|Shadow Ball|p1b: Volcarona
|-damage|p1b: Volcarona|3/100
|
|-sideend|p1: marin le paon|move: Tailwind
|upkeep
|turn|6
|inactive|benjitulio has 30 seconds left.
|
|t:|1784225741
|move|p1b: Volcarona|Rage Powder|p1b: Volcarona
|-singleturn|p1b: Volcarona|move: Rage Powder
|move|p2b: Incineroar|Flare Blitz|p1b: Volcarona
|-damage|p1b: Volcarona|0 fnt
|faint|p1b: Volcarona
|-damage|p2b: Incineroar|79/100|[from] Recoil
|move|p1a: Scizor|Bug Bite|p2b: Incineroar
|-damage|p2b: Incineroar|0 fnt
|-enditem|p2b: Incineroar|Chople Berry|[from] stealeat|[move] Bug Bite|[of] p1a: Scizor
|faint|p2b: Incineroar
|move|p2a: Sinistcha|Life Dew||[still]
|-fail|p2a: Sinistcha|heal
|
|upkeep
|
|t:|1784225762
|switch|p1b: Milotic|Milotic, L50, F|100/100
|switch|p2b: Metagross|Metagross, L50|100/100
|turn|7
|
|t:|1784225785
|detailschange|p2b: Metagross|Metagross-Mega, L50
|-mega|p2b: Metagross|Metagross|Metagrossite
|move|p2b: Metagross|Protect|p2b: Metagross
|-singleturn|p2b: Metagross|Protect
|move|p1b: Milotic|Protect|p1b: Milotic
|-singleturn|p1b: Milotic|Protect
|move|p1a: Scizor|Bug Bite|p2a: Sinistcha
|-damage|p2a: Sinistcha|0 fnt
|-enditem|p2a: Sinistcha|Sitrus Berry|[from] stealeat|[move] Bug Bite|[of] p1a: Scizor
|faint|p2a: Sinistcha
|
|upkeep
|turn|8
|
|t:|1784225799
|move|p2b: Metagross|Earthquake|p1a: Scizor|[spread] p1a,p1b
|-damage|p1a: Scizor|74/100
|-damage|p1b: Milotic|72/100
|move|p1b: Milotic|Coil|p1b: Milotic
|-boost|p1b: Milotic|atk|1
|-boost|p1b: Milotic|def|1
|-boost|p1b: Milotic|accuracy|1
|move|p1a: Scizor|Bug Bite|p2b: Metagross
|-damage|p2b: Metagross|9/100
|
|-heal|p1b: Milotic|78/100|[from] item: Leftovers
|upkeep
|turn|9
|
|t:|1784225810
|move|p1a: Scizor|Bullet Punch|p2b: Metagross
|-resisted|p2b: Metagross|1
|-damage|p2b: Metagross|0 fnt
|faint|p2b: Metagross
|
|win|marin le paon
|raw|marin le paon's rating: 1249 → 1263(+14 for winning)
|raw|benjitulio's rating: 1077 → 1065(-12 for losing)
