|j|☆red john7777
|j|☆OreburghRanger
|html|red john7777OreburghRanger    
|uhtml|bestof|Game 1 of a best-of-3
|t:|1756410694
|gametype|doubles
|player|p1|red john7777|ghetsis-gen5bw|
|player|p2|OreburghRanger|pokemonranger-gen4|
|gen|9
|tier|[Gen 9] VGC 2025 Reg H (Bo3)
|rule|Species Clause: Limit one of each Pokémon
|rule|Item Clause: Limit 1 of each item
|clearpoke
|poke|p1|Ursaluna, L50, F|
|poke|p1|Kilowattrel, L50, F|
|poke|p1|Gholdengo, L50|
|poke|p1|Incineroar, L50, F|
|poke|p1|Amoonguss, L50, M|
|poke|p1|Porygon2, L50|
|poke|p2|Charizard, L50, M|
|poke|p2|Torkoal, L50, F|
|poke|p2|Porygon2, L50|
|poke|p2|Incineroar, L50, M|
|poke|p2|Jumpluff, L50, F|
|poke|p2|Ursaluna, L50, M|
|teampreview|4
|showteam|p1|Ursaluna||FlameOrb|Guts|Facade,HeadlongRush,Earthquake,Protect|||F|||50|,,,,,Fairy]Kilowattrel||FocusSash|Competitive|Thunderbolt,AirSlash,Tailwind,Protect|||F|||50|,,,,,Ghost]Gholdengo||LifeOrb|GoodasGold|MakeItRain,ShadowBall,NastyPlot,Protect||||||50|,,,,,Flying]Incineroar||AssaultVest|Intimidate|KnockOff,FlareBlitz,Uturn,FakeOut|||F|||50|,,,,,Grass]Amoonguss||SitrusBerry|Regenerator|Spore,RagePowder,SludgeBomb,Protect|||M|||50|,,,,,Water]Porygon2||Eviolite|Download|TeraBlast,IceBeam,Recover,TrickRoom||||||50|,,,,,Fighting
|showteam|p2|Charizard||ChoiceSpecs|SolarPower|HeatWave,Overheat,WeatherBall,AirSlash|||M|||50|,,,,,Ghost]Torkoal||EjectPack|Drought|Eruption,Overheat,HelpingHand,Protect|||F|||50|,,,,,Fire]Porygon2||Eviolite|Download|TeraBlast,IceBeam,Recover,TrickRoom||||||50|,,,,,Fighting]Incineroar||SafetyGoggles|Intimidate|FlareBlitz,KnockOff,FakeOut,PartingShot|||M|||50|,,,,,Ghost]Jumpluff||CovertCloak|Chlorophyll|SleepPowder,SunnyDay,RagePowder,Tailwind|||F|||50|,,,,,Water]Ursaluna||FlameOrb|Guts|HeadlongRush,Facade,Earthquake,Protect|||M|||50|,,,,,Ghost
|inactive|Battle timer is ON: inactive players will automatically lose when time's up. (requested by OreburghRanger)
|c|☆OreburghRanger|glhf!
|c|☆red john7777|Gg
|inactive|OreburghRanger has 60 seconds left.
|
|t:|1756410756
|teamsize|p1|4
|teamsize|p2|4
|start
|switch|p1a: Big Bird|Kilowattrel, L50, F|100/100
|switch|p1b: Pumpy the Grumpy|Incineroar, L50, F, shiny|100/100
|switch|p2a: Musashi|Incineroar, L50, M|100/100
|switch|p2b: Ayanami|Porygon2, L50, shiny|100/100
|-ability|p2a: Musashi|Intimidate|boost
|-unboost|p1a: Big Bird|atk|1
|-ability|p1a: Big Bird|Competitive|boost
|-boost|p1a: Big Bird|spa|2
|-unboost|p1b: Pumpy the Grumpy|atk|1
|-ability|p1b: Pumpy the Grumpy|Intimidate|boost
|-unboost|p2a: Musashi|atk|1
|-unboost|p2b: Ayanami|atk|1
|-ability|p2b: Ayanami|Download|boost
|-boost|p2b: Ayanami|atk|1
|turn|1
|
|t:|1756410773
|move|p2a: Musashi|Fake Out|p1b: Pumpy the Grumpy
|-damage|p1b: Pumpy the Grumpy|92/100
|cant|p1b: Pumpy the Grumpy|flinch
|move|p1a: Big Bird|Thunderbolt|p2a: Musashi
|-damage|p2a: Musashi|25/100
|move|p2b: Ayanami|Trick Room|p2b: Ayanami
|-fieldstart|move: Trick Room|[of] p2b: Ayanami
|
|upkeep
|turn|2
|inactive|OreburghRanger has 30 seconds left.
|
|t:|1756410799
|switch|p2b: Koshamain|Ursaluna, L50, M|100/100
|move|p1a: Big Bird|Protect|p1a: Big Bird
|-singleturn|p1a: Big Bird|Protect
|move|p1b: Pumpy the Grumpy|Knock Off|p2b: Koshamain
|-damage|p2b: Koshamain|76/100
|-enditem|p2b: Koshamain|Flame Orb|[from] move: Knock Off|[of] p1b: Pumpy the Grumpy
|move|p2a: Musashi|Parting Shot|p1b: Pumpy the Grumpy
|-unboost|p1b: Pumpy the Grumpy|atk|1
|-unboost|p1b: Pumpy the Grumpy|spa|1
|
|t:|1756410811
|switch|p2a: Ryo the Stern|Torkoal, L50, F|100/100|[from] Parting Shot
|-weather|SunnyDay|[from] ability: Drought|[of] p2a: Ryo the Stern
|
|-weather|SunnyDay|[upkeep]
|upkeep
|turn|3
|
|t:|1756410835
|move|p1a: Big Bird|Protect||[still]
|-fail|p1a: Big Bird
|move|p2a: Ryo the Stern|Eruption|p1a: Big Bird|[spread] p1a,p1b
|-resisted|p1b: Pumpy the Grumpy
|-enditem|p1a: Big Bird|Focus Sash
|-damage|p1a: Big Bird|1/100
|-damage|p1b: Pumpy the Grumpy|69/100
|move|p2b: Koshamain|Headlong Rush|p1b: Pumpy the Grumpy
|-supereffective|p1b: Pumpy the Grumpy
|-damage|p1b: Pumpy the Grumpy|0 fnt
|-unboost|p2b: Koshamain|def|1
|-unboost|p2b: Koshamain|spd|1
|faint|p1b: Pumpy the Grumpy
|
|-weather|SunnyDay|[upkeep]
|upkeep
|
|t:|1756410847
|switch|p1b: Dinko|Ursaluna, L50, F|100/100
|turn|4
|
|t:|1756410863
|move|p1b: Dinko|Protect|p1b: Dinko
|-singleturn|p1b: Dinko|Protect
|move|p1a: Big Bird|Protect|p1a: Big Bird
|-singleturn|p1a: Big Bird|Protect
|move|p2a: Ryo the Stern|Overheat|p1b: Dinko
|-activate|p1b: Dinko|move: Protect
|move|p2b: Koshamain|Facade|p1a: Big Bird
|-activate|p1a: Big Bird|move: Protect
|
|-weather|SunnyDay|[upkeep]
|-status|p1b: Dinko|brn|[from] item: Flame Orb
|upkeep
|turn|5
|inactive|red john7777 has 30 seconds left.
|
|t:|1756410889
|-terastallize|p1b: Dinko|Fairy
|move|p1a: Big Bird|Protect||[still]
|-fail|p1a: Big Bird
|move|p2a: Ryo the Stern|Overheat|p1b: Dinko
|-damage|p1b: Dinko|15/100 brn
|-unboost|p2a: Ryo the Stern|spa|2
|-enditem|p2a: Ryo the Stern|Eject Pack
|
|t:|1756410900
|switch|p2a: Musashi|Incineroar, L50, M|25/100
|-ability|p2a: Musashi|Intimidate|boost
|-unboost|p1a: Big Bird|atk|1
|-ability|p1a: Big Bird|Competitive|boost
|-boost|p1a: Big Bird|spa|2
|-unboost|p1b: Dinko|atk|1
|move|p2b: Koshamain|Facade|p1a: Big Bird
|-damage|p1a: Big Bird|0 fnt
|faint|p1a: Big Bird
|move|p1b: Dinko|Earthquake|p2a: Musashi|[spread] p2a,p2b
|-supereffective|p2a: Musashi
|-damage|p2a: Musashi|0 fnt
|-damage|p2b: Koshamain|26/100
|faint|p2a: Musashi
|
|-weather|SunnyDay|[upkeep]
|-damage|p1b: Dinko|9/100 brn|[from] brn
|-fieldend|move: Trick Room
|upkeep
|
|t:|1756410918
|switch|p1a: Mr Worldwide|Gholdengo, L50|100/100
|switch|p2a: Ayanami|Porygon2, L50, shiny|100/100
|-ability|p2a: Ayanami|Download|boost
|-boost|p2a: Ayanami|spa|1
|turn|6
|
|t:|1756410935
|move|p1a: Mr Worldwide|Nasty Plot|p1a: Mr Worldwide
|-boost|p1a: Mr Worldwide|spa|2
|move|p1b: Dinko|Facade|p2b: Koshamain
|-damage|p2b: Koshamain|0 fnt
|faint|p2b: Koshamain
|move|p2a: Ayanami|Trick Room|p2a: Ayanami
|-fieldstart|move: Trick Room|[of] p2a: Ayanami
|
|-weather|none
|-damage|p1b: Dinko|3/100 brn|[from] brn
|upkeep
|
|t:|1756410939
|switch|p2b: Ryo the Stern|Torkoal, L50, F|100/100
|-weather|SunnyDay|[from] ability: Drought|[of] p2b: Ryo the Stern
|turn|7
|
|t:|1756410950
|-terastallize|p2b: Ryo the Stern|Fire
|move|p1b: Dinko|Protect|p1b: Dinko
|-singleturn|p1b: Dinko|Protect
|move|p1a: Mr Worldwide|Protect|p1a: Mr Worldwide
|-singleturn|p1a: Mr Worldwide|Protect
|move|p2b: Ryo the Stern|Eruption|p1b: Dinko|[spread] 
|-activate|p1a: Mr Worldwide|move: Protect
|-activate|p1b: Dinko|move: Protect
|move|p2a: Ayanami|Tera Blast|p1b: Dinko
|-activate|p1b: Dinko|move: Protect
|
|-weather|SunnyDay|[upkeep]
|-damage|p1b: Dinko|0 fnt|[from] brn
|faint|p1b: Dinko
|upkeep
|turn|8
|
|t:|1756410967
|move|p2b: Ryo the Stern|Eruption|p1a: Mr Worldwide
|-supereffective|p1a: Mr Worldwide
|-damage|p1a: Mr Worldwide|0 fnt
|faint|p1a: Mr Worldwide
|
|win|OreburghRanger
