|j|☆HalcyonJon
|j|☆fdaza
|html|HalcyonJonfdaza    
|uhtml|bestof|Game 1 of a best-of-3
|t:|1757652202
|gametype|doubles
|player|p1|HalcyonJon|pokemonbreeder|1190
|player|p2|fdaza|steven|1272
|gen|9
|tier|[Gen 9] VGC 2025 Reg H (Bo3)
|rated|
|rule|Species Clause: Limit one of each Pokémon
|rule|Item Clause: Limit 1 of each item
|clearpoke
|poke|p1|Sinistcha-Masterpiece, L50|
|poke|p1|Pelipper, L50, F|
|poke|p1|Indeedee-F, L50, F|
|poke|p1|Slowking, L50, F|
|poke|p1|Drednaw, L50, F|
|poke|p1|Blastoise, L50, M|
|poke|p2|Gholdengo, L50|
|poke|p2|Sneasler, L50, M|
|poke|p2|Incineroar, L50, M|
|poke|p2|Weezing, L50, M|
|poke|p2|Toedscruel, L50, F|
|poke|p2|Slaking, L50, M|
|teampreview|4
|showteam|p1|Sinistcha-Masterpiece||MentalHerb|Hospitality|MatchaGotcha,ShadowBall,StrengthSap,Protect||||||50|,,,,,Dark]Pelipper||CovertCloak|Drizzle|Hurricane,WeatherBall,Tailwind,WideGuard|||F|||50|,,,,,Ground]Indeedee-F||RockyHelmet|PsychicSurge|Psychic,FollowMe,HelpingHand,TrickRoom|||F|||50|,,,,,Fairy]Slowking||LifeOrb|Oblivious|ExpandingForce,Scald,IceBeam,TrickRoom|||F|||50|,,,,,Grass]Drednaw||FocusSash|SwiftSwim|Liquidation,RockSlide,SkitterSmack,Protect|||F|||50|,,,,,Bug]Blastoise||WhiteHerb|RainDish|WaterSpout,WeatherBall,AuraSphere,ShellSmash|||M|||50|,,,,,Fighting
|showteam|p2|Gholdengo||ChoiceSpecs|GoodasGold|MakeItRain,ShadowBall,Thunderbolt,PowerGem||||||50|,,,,,Water]Sneasler||FocusSash|PoisonTouch|ThroatChop,DireClaw,CloseCombat,Protect|||M|||50|,,,,,Stellar]Incineroar||AbilityShield|Intimidate|FakeOut,FlareBlitz,KnockOff,PartingShot|||M|||50|,,,,,Ghost]Weezing||Leftovers|NeutralizingGas|Haze,SludgeBomb,Protect,WillOWisp|||M|||50|,,,,,Flying]Toedscruel||CovertCloak|MyceliumMight|RagePowder,EarthPower,Taunt,Spore|||F|||50|,,,,,Water]Slaking||ChoiceBand|Truant|DoubleEdge,HighHorsepower,SuckerPunch,PlayRough|||M|||50|,,,,,Ghost
|l|☆fdaza
|player|p2|
|inactive|Battle timer is ON: inactive players will automatically lose when time's up. (requested by HalcyonJon)
|j|☆fdaza
|inactive|fdaza reconnected and has 75 seconds left.
|player|p2|fdaza|steven|
|
|t:|1757652308
|teamsize|p1|4
|teamsize|p2|4
|start
|switch|p1a: Slowking|Slowking, L50, F|100/100
|switch|p1b: Sinistcha|Sinistcha-Masterpiece, L50|100/100
|switch|p2a: Weezing|Weezing, L50, M, shiny|100/100
|switch|p2b: Slaking|Slaking, L50, M, shiny|100/100
|-ability|p2a: Weezing|Neutralizing Gas
|turn|1
|inactive|HalcyonJon has 30 seconds left.
|
|t:|1757652342
|move|p2b: Slaking|Double-Edge|p1a: Slowking
|-damage|p1a: Slowking|0 fnt
|faint|p1a: Slowking
|-damage|p2b: Slaking|72/100|[from] Recoil
|move|p1b: Sinistcha|Matcha Gotcha|p2a: Weezing|[spread] p2a,p2b
|-resisted|p2a: Weezing
|-damage|p2a: Weezing|79/100
|-damage|p2b: Slaking|43/100
|move|p2a: Weezing|Sludge Bomb|p1b: Sinistcha
|-damage|p1b: Sinistcha|69/100
|
|-heal|p2a: Weezing|85/100|[from] item: Leftovers
|upkeep
|l|☆fdaza
|inactive|fdaza disconnected and has a minute to reconnect!
|player|p2|
|
|t:|1757652359
|switch|p1a: Indeedee|Indeedee-F, L50, F|100/100
|turn|2
|j|☆fdaza
|inactive|fdaza reconnected and has 45 seconds left.
|player|p2|fdaza|steven|
|
|t:|1757652379
|switch|p2b: Incineroar|Incineroar, L50, M, shiny|100/100
|-ability|p2b: Incineroar|Intimidate|boost
|-unboost|p1a: Indeedee|atk|1
|-unboost|p1b: Sinistcha|atk|1
|move|p2a: Weezing|Protect|p2a: Weezing
|-singleturn|p2a: Weezing|Protect
|move|p1b: Sinistcha|Matcha Gotcha|p2a: Weezing|[spread] p2b
|-activate|p2a: Weezing|move: Protect
|-resisted|p2b: Incineroar
|-damage|p2b: Incineroar|89/100
|-heal|p1b: Sinistcha|76/100|[from] drain|[of] p2b: Incineroar
|move|p1a: Indeedee|Trick Room|p1a: Indeedee
|-fieldstart|move: Trick Room|[of] p1a: Indeedee
|
|-heal|p2a: Weezing|92/100|[from] item: Leftovers
|upkeep
|turn|3
|inactive|HalcyonJon has 30 seconds left.
|
|t:|1757652414
|-terastallize|p2a: Weezing|Flying
|-terastallize|p1b: Sinistcha|Dark
|move|p2a: Weezing|Sludge Bomb|p1b: Sinistcha
|-damage|p1b: Sinistcha|42/100
|-status|p1b: Sinistcha|psn
|move|p2b: Incineroar|Knock Off|p1b: Sinistcha
|-resisted|p1b: Sinistcha
|-damage|p1b: Sinistcha|24/100 psn
|-enditem|p1b: Sinistcha|Mental Herb|[from] move: Knock Off|[of] p2b: Incineroar
|move|p1a: Indeedee|Psychic|p2a: Weezing
|-damage|p2a: Weezing|50/100
|move|p1b: Sinistcha|Strength Sap|p2b: Incineroar
|-unboost|p2b: Incineroar|atk|1
|-heal|p1b: Sinistcha|100/100 psn
|
|-heal|p2a: Weezing|56/100|[from] item: Leftovers
|-damage|p1b: Sinistcha|88/100 psn|[from] psn
|upkeep
|turn|4
|inactive|HalcyonJon has 30 seconds left.
|inactive|fdaza has 30 seconds left.
|
|t:|1757652446
|move|p2b: Incineroar|Knock Off|p1a: Indeedee
|-supereffective|p1a: Indeedee
|-damage|p1a: Indeedee|52/100
|-damage|p2b: Incineroar|72/100|[from] item: Rocky Helmet|[of] p1a: Indeedee
|-enditem|p1a: Indeedee|Rocky Helmet|[from] move: Knock Off|[of] p2b: Incineroar
|move|p2a: Weezing|Sludge Bomb|p1a: Indeedee
|-crit|p1a: Indeedee
|-damage|p1a: Indeedee|12/100
|move|p1a: Indeedee|Psychic|p2a: Weezing
|-damage|p2a: Weezing|18/100
|move|p1b: Sinistcha|Strength Sap|p2b: Incineroar
|-unboost|p2b: Incineroar|atk|1
|-heal|p1b: Sinistcha|100/100 psn
|
|-heal|p2a: Weezing|24/100|[from] item: Leftovers
|-damage|p1b: Sinistcha|88/100 psn|[from] psn
|upkeep
|turn|5
|inactive|HalcyonJon has 30 seconds left.
|
|t:|1757652476
|switch|p1a: Blastoise|Blastoise, L50, M|100/100
|move|p2a: Weezing|Sludge Bomb|p1a: Blastoise
|-damage|p1a: Blastoise|68/100
|move|p2b: Incineroar|Parting Shot|p1b: Sinistcha
|-unboost|p1b: Sinistcha|atk|1
|-unboost|p1b: Sinistcha|spa|1
|
|t:|1757652484
|switch|p2b: Slaking|Slaking, L50, M, shiny|43/100|[from] Parting Shot
|move|p1b: Sinistcha|Matcha Gotcha|p2b: Slaking|[spread] p2a,p2b
|-resisted|p2a: Weezing
|-damage|p2a: Weezing|11/100
|-heal|p1b: Sinistcha|94/100 psn|[from] drain|[of] p2a: Weezing
|-damage|p2b: Slaking|23/100
|-heal|p1b: Sinistcha|100/100 psn|[from] drain|[of] p2b: Slaking
|
|-heal|p2a: Weezing|17/100|[from] item: Leftovers
|-damage|p1b: Sinistcha|88/100 psn|[from] psn
|upkeep
|turn|6
|inactive|HalcyonJon has 30 seconds left.
|
|t:|1757652512
|move|p2a: Weezing|Protect|p2a: Weezing
|-singleturn|p2a: Weezing|Protect
|move|p2b: Slaking|Sucker Punch|p1a: Blastoise
|-damage|p1a: Blastoise|17/100
|move|p1b: Sinistcha|Matcha Gotcha|p2b: Slaking|[spread] p2b
|-activate|p2a: Weezing|move: Protect
|-damage|p2b: Slaking|4/100
|-heal|p1b: Sinistcha|100/100 psn|[from] drain|[of] p2b: Slaking
|-status|p2b: Slaking|brn
|move|p1a: Blastoise|Water Spout|p2b: Slaking|[spread] p2b
|-activate|p2a: Weezing|move: Protect
|-damage|p2b: Slaking|0 fnt
|faint|p2b: Slaking
|
|-heal|p2a: Weezing|24/100|[from] item: Leftovers
|-damage|p1b: Sinistcha|88/100 psn|[from] psn
|-fieldend|move: Trick Room
|upkeep
|
|t:|1757652531
|switch|p2b: Sneasler|Sneasler, L50, M|100/100
|turn|7
|-message|HalcyonJon forfeited.
|
|win|fdaza
||HalcyonJon is ready for game 2.
|l|☆fdaza
|player|p2|
||fdaza is ready for game 2.
|uhtml|next|Next: Game 2 of 3
