|j|☆natsukookie
|j|☆faizaa
|html|natsukookiefaizaa    
|uhtml|bestof|Game 1 of a best-of-3
|t:|1785597296
|gametype|doubles
|player|p1|natsukookie|102|1000
|player|p2|faizaa|101|1023
|gen|9
|tier|[Gen 9 Champions] VGC 2026 Reg M-B (Bo3)
|rated|
|rule|Species Clause: Limit one of each Pokémon
|rule|Item Clause: Limit 1 of each item
|clearpoke
|poke|p1|Hatterene, L50, F|
|poke|p1|Oranguru, L50, M|
|poke|p1|Mawile, L50, F|
|poke|p1|Kangaskhan, L50, F|
|poke|p1|Venusaur, L50, F|
|poke|p1|Torkoal, L50, M|
|poke|p2|Vivillon, L50, M|
|poke|p2|Vileplume, L50, M|
|poke|p2|Whimsicott, L50, M|
|poke|p2|Archaludon, L50, M|
|poke|p2|Pelipper, L50, M|
|poke|p2|Blastoise, L50, F|
|teampreview|4
|showteam|p1|Hatterene||LifeOrb|MagicBounce|Protect,Psychic,TrickRoom,DazzlingGleam|Quiet||F|||50|]Oranguru||MentalHerb|InnerFocus|Protect,Instruct,Psychic,TrickRoom|Bold||M|||50|]Mawile||Mawilite|HyperCutter|SuckerPunch,PlayRough,Protect,IronHead|Brave||F|||50|]Kangaskhan||SilkScarf|Scrappy|LastResort,FakeOut|Brave||F|||50|]Venusaur||FocusSash|Chlorophyll|LeafStorm,SludgeBomb,SleepPowder,Protect|Modest||F|||50|]Torkoal||Charcoal|Drought|Eruption,Protect,EarthPower,HeatWave|Quiet||M|||50|
|showteam|p2|Vivillon||ChoiceScarf|CompoundEyes|SleepPowder,Uturn,RagePowder,BugBuzz|Timid||M|||50|]Vileplume||SitrusBerry|EffectSpore|SleepPowder,StrengthSap,SludgeWave,BulletSeed|Timid||M|||50|]Whimsicott||BrightPowder|Prankster|Tailwind,Moonblast,TrickRoom,Hurricane|Timid||M|||50|]Archaludon||Leftovers|Stamina|DracoMeteor,ElectroShot,DragonPulse,FlashCannon|Timid||M|||50|]Pelipper||FocusSash|Drizzle|WideGuard,Hurricane,Tailwind,WeatherBall|Timid||M|||50|]Blastoise||Blastoisinite|Torrent|FakeOut,WaterSpout,DragonPulse,DarkPulse|Timid||F|||50|
|inactive|Battle timer is ON: inactive players will automatically lose when time's up. (requested by faizaa)
|
|t:|1785597374
|teamsize|p1|4
|teamsize|p2|4
|start
|switch|p1a: Oranguru|Oranguru, L50, M|100/100
|switch|p1b: Torkoal|Torkoal, L50, M|100/100
|switch|p2a: Whimsicott|Whimsicott, L50, M|100/100
|switch|p2b: Vivillon|Vivillon, L50, M|100/100
|-weather|SunnyDay|[from] ability: Drought|[of] p1b: Torkoal
|turn|1
|
|t:|1785597397
|switch|p2a: Pelipper|Pelipper, L50, M|100/100
|-weather|RainDance|[from] ability: Drizzle|[of] p2a: Pelipper
|move|p1b: Torkoal|Protect|p1b: Torkoal
|-singleturn|p1b: Torkoal|Protect
|move|p2b: Vivillon|Sleep Powder|p1b: Torkoal
|-activate|p1b: Torkoal|move: Protect
|move|p1a: Oranguru|Trick Room|p1a: Oranguru
|-fieldstart|move: Trick Room|[of] p1a: Oranguru
|
|-weather|RainDance|[upkeep]
|upkeep
|turn|2
|inactive|natsukookie has 30 seconds left.
|inactive|natsukookie has 20 seconds left.
|inactive|natsukookie has 15 seconds left.
|inactive|natsukookie has 10 seconds left.
|inactive|faizaa has 30 seconds left.
|inactive|natsukookie has 5 seconds left.
|inactive|faizaa has 20 seconds left.
|
|t:|1785597462
|move|p1b: Torkoal|Eruption|p2a: Pelipper|[spread] p2a,p2b
|-resisted|p2a: Pelipper|1
|-supereffective|p2b: Vivillon|1
|-damage|p2a: Pelipper|74/100
|-damage|p2b: Vivillon|10/100
|move|p1a: Oranguru|Instruct|p1b: Torkoal
|-singleturn|p1b: Torkoal|move: Instruct|[of] p1a: Oranguru
|move|p1b: Torkoal|Eruption|p2a: Pelipper|[spread] p2a,p2b
|-resisted|p2a: Pelipper|1
|-supereffective|p2b: Vivillon|1
|-damage|p2a: Pelipper|49/100
|-damage|p2b: Vivillon|0 fnt
|faint|p2b: Vivillon
|move|p2a: Pelipper|Weather Ball|p1b: Torkoal
|-supereffective|p1b: Torkoal|1
|-damage|p1b: Torkoal|0 fnt
|faint|p1b: Torkoal
|
|-weather|RainDance|[upkeep]
|upkeep
|
|t:|1785597481
|switch|p1b: Mawile|Mawile, L50, F|100/100
|switch|p2b: Whimsicott|Whimsicott, L50, M|100/100
|turn|3
|inactive|natsukookie has 30 seconds left.
|inactive|faizaa has 30 seconds left.
|
|t:|1785597518
|detailschange|p1b: Mawile|Mawile-Mega, L50, F
|-mega|p1b: Mawile|Mawile|Mawilite
|move|p1b: Mawile|Iron Head|p2b: Whimsicott
|-supereffective|p2b: Whimsicott|1
|-damage|p2b: Whimsicott|0 fnt
|faint|p2b: Whimsicott
|move|p1a: Oranguru|Instruct|p1b: Mawile
|-singleturn|p1b: Mawile|move: Instruct|[of] p1a: Oranguru
|move|p1b: Mawile|Iron Head|p2a: Pelipper
|-resisted|p2a: Pelipper|1
|-damage|p2a: Pelipper|1/100
|move|p2a: Pelipper|Tailwind|p2a: Pelipper
|-sidestart|p2: faizaa|move: Tailwind
|
|-weather|RainDance|[upkeep]
|upkeep
|
|t:|1785597533
|switch|p2b: Blastoise|Blastoise, L50, F|100/100
|turn|4
|
|t:|1785597550
|move|p2b: Blastoise|Fake Out|p1b: Mawile
|-resisted|p1b: Mawile|1
|-damage|p1b: Mawile|96/100
|cant|p1b: Mawile|flinch
|move|p1a: Oranguru|Instruct|p1b: Mawile
|-singleturn|p1b: Mawile|move: Instruct|[of] p1a: Oranguru
|cant|p1b: Mawile|flinch
|move|p2a: Pelipper|Weather Ball|p1a: Oranguru
|-damage|p1a: Oranguru|60/100
|
|-weather|RainDance|[upkeep]
|upkeep
|turn|5
|inactive|faizaa has 30 seconds left.
|
|t:|1785597578
|detailschange|p2b: Blastoise|Blastoise-Mega, L50, F
|-mega|p2b: Blastoise|Blastoise|Blastoisinite
|move|p1a: Oranguru|Protect|p1a: Oranguru
|-singleturn|p1a: Oranguru|Protect
|move|p1b: Mawile|Iron Head|p2a: Pelipper
|-resisted|p2a: Pelipper|1
|-damage|p2a: Pelipper|0 fnt
|faint|p2a: Pelipper
|move|p2b: Blastoise|Water Spout|p1a: Oranguru|[spread] p1b
|-activate|p1a: Oranguru|move: Protect
|-damage|p1b: Mawile|3/100
|
|-weather|none
|-fieldend|move: Trick Room
|upkeep
|turn|6
|inactive|natsukookie has 30 seconds left.
|
|t:|1785597605
|move|p1b: Mawile|Sucker Punch|p2b: Blastoise
|-damage|p2b: Blastoise|58/100
|move|p2b: Blastoise|Water Spout|p1b: Mawile|[spread] p1a,p1b
|-crit|p1b: Mawile
|-damage|p1a: Oranguru|37/100
|-damage|p1b: Mawile|0 fnt
|faint|p1b: Mawile
|move|p1a: Oranguru|Psychic|p2b: Blastoise
|-damage|p2b: Blastoise|33/100
|
|-sideend|p2: faizaa|move: Tailwind
|upkeep
|
|t:|1785597615
|switch|p1b: Venusaur|Venusaur, L50, F|100/100
|turn|7
|
|t:|1785597625
|move|p2b: Blastoise|Dragon Pulse|p1a: Oranguru
|-damage|p1a: Oranguru|7/100
|move|p1b: Venusaur|Leaf Storm|p2b: Blastoise
|-supereffective|p2b: Blastoise|1
|-damage|p2b: Blastoise|0 fnt
|-unboost|p1b: Venusaur|spa|2
|faint|p2b: Blastoise
|
|win|natsukookie
|inactive|natsukookie has 30 seconds to confirm battle start!
|inactive|faizaa has 30 seconds to confirm battle start!
||natsukookie is ready for game 2.
|raw|natsukookie's rating: 1000 → 1043(+43 for winning)
|raw|faizaa's rating: 1023 → 1009(-14 for losing)
|l|☆faizaa
|player|p2|
