|j|☆ikerros2010
|j|☆rojo53
|html|ikerros2010rojo53    
|uhtml|bestof|Game 3 of a best-of-3
|t:|1783359587
|gametype|doubles
|player|p1|ikerros2010|benga|
|player|p2|rojo53|adaman|
|gen|9
|tier|[Gen 9 Champions] VGC 2026 Reg M-B (Bo3)
|rule|Species Clause: Limit one of each Pokémon
|rule|Item Clause: Limit 1 of each item
|clearpoke
|poke|p1|Delphox, L50, M|
|poke|p1|Sylveon, L50, F|
|poke|p1|Sneasler, L50, F|
|poke|p1|Incineroar, L50, F|
|poke|p1|Sinistcha-Masterpiece, L50|
|poke|p1|Kingambit, L50, M|
|poke|p2|Tyranitar, L50, F|
|poke|p2|Excadrill, L50, F|
|poke|p2|Gyarados, L50, M|
|poke|p2|Mimikyu, L50, F|
|poke|p2|Typhlosion-Hisui, L50, M|
|poke|p2|Kingambit, L50, F|
|teampreview|4
|showteam|p1|Delphox||Delphoxite|Blaze|HeatWave,Psychic,Protect,NastyPlot|Timid||M|||50|]Sylveon||FairyFeather|Pixilate|HyperBeam,HyperVoice,Protect,QuickAttack|Modest||F|||50|]Sneasler||FocusSash|PoisonTouch|CloseCombat,DireClaw,QuickGuard,FakeOut|Jolly||F|||50|]Incineroar||SitrusBerry|Intimidate|FakeOut,DarkestLariat,PartingShot,FlareBlitz|Impish||F|||50|]Sinistcha-Masterpiece||KasibBerry|Hospitality|MatchaGotcha,RagePowder,Protect,TrickRoom|Relaxed|||||50|]Kingambit||BlackGlasses|Defiant|KowtowCleave,SuckerPunch,SwordsDance,Protect|Adamant||M|||50|
|showteam|p2|Tyranitar||Tyranitarite|SandStream|RockSlide,KnockOff,DragonDance,Protect|Adamant||F|||50|]Excadrill||FocusSash|SandRush|RockSlide,HighHorsepower,IronHead,Protect|Adamant||F|||50|]Gyarados||SitrusBerry|Intimidate|Waterfall,IceFang,DragonDance,Protect|Adamant||M|||50|]Mimikyu||WhiteHerb|Disguise|PlayRough,ShadowSneak,ShadowClaw,Protect|Adamant||F|||50|]Typhlosion-Hisui||ChoiceScarf|Blaze|HeatWave,ShadowBall,Overheat,Eruption|Modest||M|||50|]Kingambit||BlackGlasses|Defiant|KowtowCleave,SuckerPunch,IronHead,Protect|Adamant||F|||50|
|inactive|Battle timer is ON: inactive players will automatically lose when time's up. (requested by ikerros2010)
|inactive|rojo53 has 60 seconds left.
|inactive|rojo53 has 30 seconds left.
|
|t:|1783359654
|teamsize|p1|4
|teamsize|p2|4
|start
|switch|p1a: Sneasler|Sneasler, L50, F|100/100
|switch|p1b: Kingambit|Kingambit, L50, M|100/100
|switch|p2a: Mimi|Mimikyu, L50, F|100/100
|switch|p2b: Ratatopo|Excadrill, L50, F|100/100
|turn|1
|
|t:|1783359671
|switch|p2a: Tyranitar|Tyranitar, L50, F|100/100
|-weather|Sandstorm|[from] ability: Sand Stream|[of] p2a: Tyranitar
|move|p1a: Sneasler|Fake Out|p2b: Ratatopo
|-resisted|p2b: Ratatopo|1
|-damage|p2b: Ratatopo|90/100
|cant|p2b: Ratatopo|flinch
|move|p1b: Kingambit|Swords Dance|p1b: Kingambit
|-boost|p1b: Kingambit|atk|2
|
|-weather|Sandstorm|[upkeep]
|-damage|p1a: Sneasler|94/100|[from] Sandstorm
|upkeep
|turn|2
|
|t:|1783359697
|switch|p2a: Typhlosion|Typhlosion-Hisui, L50, M|100/100
|move|p2b: Ratatopo|Protect|p2b: Ratatopo
|-singleturn|p2b: Ratatopo|Protect
|move|p1b: Kingambit|Sucker Punch||[still]
|-fail|p1b: Kingambit
|move|p1a: Sneasler|Close Combat|p2a: Typhlosion
|-immune|p2a: Typhlosion
|
|-weather|Sandstorm|[upkeep]
|-damage|p2a: Typhlosion|93/100|[from] Sandstorm
|-damage|p1a: Sneasler|88/100|[from] Sandstorm
|upkeep
|turn|3
|
|t:|1783359714
|move|p1b: Kingambit|Sucker Punch|p2a: Typhlosion
|-supereffective|p2a: Typhlosion|1
|-damage|p2a: Typhlosion|0 fnt
|faint|p2a: Typhlosion
|move|p2b: Ratatopo|High Horsepower|p1b: Kingambit
|-supereffective|p1b: Kingambit|1
|-damage|p1b: Kingambit|23/100
|move|p1a: Sneasler|Close Combat|p2b: Ratatopo
|-supereffective|p2b: Ratatopo|1
|-damage|p2b: Ratatopo|0 fnt
|-unboost|p1a: Sneasler|def|1
|-unboost|p1a: Sneasler|spd|1
|faint|p2b: Ratatopo
|
|-weather|Sandstorm|[upkeep]
|-damage|p1a: Sneasler|82/100|[from] Sandstorm
|upkeep
|
|t:|1783359716
|switch|p2a: Mimi|Mimikyu, L50, F|100/100
|switch|p2b: Tyranitar|Tyranitar, L50, F|100/100
|turn|4
|
|t:|1783359735
|switch|p1a: Incineroar|Incineroar, L50, F|100/100
|-ability|p1a: Incineroar|Intimidate|boost
|-unboost|p2a: Mimi|atk|1
|-unboost|p2b: Tyranitar|atk|1
|-enditem|p2a: Mimi|White Herb
|-clearnegativeboost|p2a: Mimi|[silent]
|move|p2b: Tyranitar|Protect|p2b: Tyranitar
|-singleturn|p2b: Tyranitar|Protect
|move|p1b: Kingambit|Protect|p1b: Kingambit
|-singleturn|p1b: Kingambit|Protect
|move|p2a: Mimi|Play Rough|p1b: Kingambit
|-activate|p1b: Kingambit|move: Protect
|
|-weather|Sandstorm|[upkeep]
|-damage|p2a: Mimi|93/100|[from] Sandstorm
|-damage|p1a: Incineroar|94/100|[from] Sandstorm
|upkeep
|turn|5
|
|t:|1783359755
|detailschange|p2b: Tyranitar|Tyranitar-Mega, L50, F
|-mega|p2b: Tyranitar|Tyranitar|Tyranitarite
|move|p1a: Incineroar|Fake Out|p2b: Tyranitar
|-resisted|p2b: Tyranitar|1
|-damage|p2b: Tyranitar|97/100
|move|p1b: Kingambit|Sucker Punch|p2a: Mimi
|-activate|p2a: Mimi|ability: Disguise
|-damage|p2a: Mimi|93/100
|detailschange|p2a: Mimi|Mimikyu-Busted, L50, F
|-damage|p2a: Mimi|81/100|[from] pokemon: Mimikyu-Busted
|move|p2a: Mimi|Play Rough|p1b: Kingambit
|-damage|p1b: Kingambit|0 fnt
|faint|p1b: Kingambit
|cant|p2b: Tyranitar|flinch
|
|-weather|none
|upkeep
|
|t:|1783359765
|switch|p1b: Sylveon|Sylveon, L50, F|100/100
|turn|6
|
|t:|1783359787
|move|p2a: Mimi|Play Rough|p1b: Sylveon
|-damage|p1b: Sylveon|51/100
|move|p2b: Tyranitar|Rock Slide|p1b: Sylveon|[spread] p1a,p1b
|-supereffective|p1a: Incineroar|1
|-damage|p1a: Incineroar|58/100
|-damage|p1b: Sylveon|22/100
|move|p1b: Sylveon|Hyper Voice|p2b: Tyranitar|[spread] p2a,p2b
|-supereffective|p2b: Tyranitar|1
|-damage|p2a: Mimi|20/100y
|-damage|p2b: Tyranitar|20/100y
|cant|p1a: Incineroar|flinch
|
|upkeep
|turn|7
|inactive|ikerros2010 has 30 seconds left.
|
|t:|1783359814
|move|p1b: Sylveon|Protect|p1b: Sylveon
|-singleturn|p1b: Sylveon|Protect
|move|p2a: Mimi|Shadow Sneak|p1b: Sylveon
|-activate|p1b: Sylveon|move: Protect
|move|p2b: Tyranitar|Rock Slide|p1a: Incineroar|[spread] 
|-activate|p1b: Sylveon|move: Protect
|-miss|p2b: Tyranitar|p1a: Incineroar
|move|p1a: Incineroar|Flare Blitz|p2a: Mimi
|-damage|p2a: Mimi|0 fnt
|faint|p2a: Mimi
|-damage|p1a: Incineroar|53/100|[from] Recoil
|
|upkeep
|turn|8
|
|t:|1783359835
|move|p1b: Sylveon|Quick Attack|p2b: Tyranitar
|-supereffective|p2b: Tyranitar|1
|-damage|p2b: Tyranitar|5/100
|move|p2b: Tyranitar|Rock Slide|p1b: Sylveon|[spread] p1a,p1b
|-supereffective|p1a: Incineroar|1
|-damage|p1a: Incineroar|17/100
|-damage|p1b: Sylveon|0 fnt
|-enditem|p1a: Incineroar|Sitrus Berry|[eat]
|-heal|p1a: Incineroar|42/100|[from] item: Sitrus Berry
|faint|p1b: Sylveon
|cant|p1a: Incineroar|flinch
|
|upkeep
|
|t:|1783359845
|switch|p1b: Sneasler|Sneasler, L50, F|82/100
|turn|9
|
|t:|1783359851
|move|p1b: Sneasler|Fake Out|p2b: Tyranitar
|-resisted|p2b: Tyranitar|1
|-damage|p2b: Tyranitar|1/100
|-status|p2b: Tyranitar|psn|[from] ability: Poison Touch|[of] p1b: Sneasler
|cant|p2b: Tyranitar|flinch
|move|p1a: Incineroar|Flare Blitz|p2b: Tyranitar
|-resisted|p2b: Tyranitar|1
|-damage|p2b: Tyranitar|0 fnt
|faint|p2b: Tyranitar
|-damage|p1a: Incineroar|41/100|[from] Recoil
|
|win|ikerros2010
|c|☆ikerros2010|ggs
|c|☆rojo53|gg
|c|☆rojo53|perfecto
|l|☆ikerros2010
|player|p1|
|l|☆rojo53
|player|p2|
|j|☆rojo53
|player|p2|rojo53|adaman|
