|j|☆Daniw9
|j|☆Tractie
|html|Daniw9Tractie    
|uhtml|bestof|Game 2 of a best-of-3
|t:|1757111433
|gametype|doubles
|player|p1|Daniw9|169|1226
|player|p2|Tractie|170|1327
|gen|9
|tier|[Gen 9] VGC 2025 Reg H (Bo3)
|rated|
|rule|Species Clause: Limit one of each Pokémon
|rule|Item Clause: Limit 1 of each item
|clearpoke
|poke|p1|Garchomp, L50, M|
|poke|p1|Tyranitar, L50, F|
|poke|p1|Indeedee-F, L50, F|
|poke|p1|Gardevoir, L50, F|
|poke|p1|Annihilape, L50, F|
|poke|p1|Talonflame, L50, F|
|poke|p2|Gothitelle, L50, F|
|poke|p2|Dondozo, L50, F|
|poke|p2|Kingambit, L50, F|
|poke|p2|Incineroar, L50, F|
|poke|p2|Amoonguss, L50, M|
|poke|p2|Zoroark-Hisui, L50, M|
|teampreview|4
|showteam|p1|Garchomp||ClearAmulet|SandVeil|Earthquake,StompingTantrum,Protect,DragonClaw|||M|||50|,,,,,Steel]Tyranitar||AssaultVest|SandStream|RockSlide,TeraBlast,KnockOff,LowKick|||F|||50|,,,,,Flying]Indeedee-F||SafetyGoggles|PsychicSurge|DazzlingGleam,TrickRoom,FollowMe,HelpingHand|||F|||50|,,,,,Water]Gardevoir||ChoiceScarf|Telepathy|IcyWind,Moonblast,ExpandingForce,MysticalFire|||F|||50|,,,,,Fire]Annihilape||SitrusBerry|Defiant|CloseCombat,RageFist,Coaching,FinalGambit|||F|||50|,,,,,Grass]Talonflame||CovertCloak|GaleWings|Tailwind,DualWingbeat,FlareBlitz,Taunt|||F|||50|,,,,,Flying
|showteam|p2|Gothitelle||SitrusBerry|ShadowTag|FakeOut,Psychic,TrickRoom,Protect|||F|||50|,,,,,Water]Dondozo||Leftovers|Unaware|WaveCrash,BodyPress,Yawn,Protect|||F|||50|,,,,,Electric]Kingambit||BlackGlasses|Defiant|SuckerPunch,KowtowCleave,SwordsDance,Protect|||F|||50|,,,,,Dark]Incineroar||SafetyGoggles|Intimidate|FakeOut,FlareBlitz,KnockOff,PartingShot|||F|||50|,,,,,Ghost]Amoonguss||RockyHelmet|Regenerator|Spore,RagePowder,PollenPuff,Protect|||M|||50|,,,,,Fairy]Zoroark-Hisui||LifeOrb|Illusion|ShadowBall,TeraBlast,FocusBlast,Protect|||M|||50|,,,,,Stellar
|inactive|Battle timer is ON: inactive players will automatically lose when time's up. (requested by Tractie)
|inactive|Tractie has 60 seconds left.
|inactive|Tractie has 30 seconds left.
|
|t:|1757111500
|teamsize|p1|4
|teamsize|p2|4
|start
|switch|p1a: Annihilape|Annihilape, L50, F|100/100
|switch|p1b: Talonflame|Talonflame, L50, F|100/100
|switch|p2a: Gothitelle|Gothitelle, L50, F|100/100
|switch|p2b: Dondozo|Dondozo, L50, F|100/100
|turn|1
|inactive|Tractie has 30 seconds left.
|inactive|Daniw9 has 30 seconds left.
|
|t:|1757111540
|move|p2a: Gothitelle|Protect|p2a: Gothitelle
|-singleturn|p2a: Gothitelle|Protect
|move|p1b: Talonflame|Taunt|p2a: Gothitelle
|-activate|p2a: Gothitelle|move: Protect
|move|p1a: Annihilape|Final Gambit|p2b: Dondozo
|-damage|p2b: Dondozo|16/100
|faint|p1a: Annihilape
|move|p2b: Dondozo|Wave Crash|p1b: Talonflame
|-supereffective|p1b: Talonflame
|-damage|p1b: Talonflame|0 fnt
|faint|p1b: Talonflame
|-damage|p2b: Dondozo|0 fnt|[from] Recoil
|faint|p2b: Dondozo
|
|upkeep
|
|t:|1757111555
|switch|p1b: Tyranitar|Tyranitar, L50, F|100/100
|switch|p1a: Garchomp|Garchomp, L50, M|100/100
|switch|p2b: Incineroar|Incineroar, L50, F|100/100
|-weather|Sandstorm|[from] ability: Sand Stream|[of] p1b: Tyranitar
|-ability|p2b: Incineroar|Intimidate|boost
|-fail|p1a: Garchomp|unboost|[from] item: Clear Amulet|[of] p1a: Garchomp
|-unboost|p1b: Tyranitar|atk|1
|turn|2
|inactive|Tractie has 30 seconds left.
|inactive|Tractie has 20 seconds left.
|inactive|Tractie has 15 seconds left.
|inactive|Tractie has 10 seconds left.
|
|t:|1757111602
|move|p2b: Incineroar|Fake Out|p1a: Garchomp|[miss]
|-miss|p2b: Incineroar|p1a: Garchomp
|move|p1a: Garchomp|Stomping Tantrum|p2b: Incineroar
|-supereffective|p2b: Incineroar
|-crit|p2b: Incineroar
|-damage|p2b: Incineroar|0 fnt
|faint|p2b: Incineroar
|move|p1b: Tyranitar|Knock Off|p2a: Gothitelle
|-supereffective|p2a: Gothitelle
|-damage|p2a: Gothitelle|35/100
|-enditem|p2a: Gothitelle|Sitrus Berry|[from] move: Knock Off|[of] p1b: Tyranitar
|move|p2a: Gothitelle|Trick Room|p2a: Gothitelle
|-fieldstart|move: Trick Room|[of] p2a: Gothitelle
|
|-weather|Sandstorm|[upkeep]
|-damage|p2a: Gothitelle|28/100|[from] Sandstorm
|upkeep
|
|t:|1757111618
|switch|p2b: Amoonguss|Amoonguss, L50, M|100/100
|turn|3
|
|t:|1757111625
|-terastallize|p1b: Tyranitar|Flying
|move|p2a: Gothitelle|Protect|p2a: Gothitelle
|-singleturn|p2a: Gothitelle|Protect
|move|p2b: Amoonguss|Spore|p1b: Tyranitar
|-status|p1b: Tyranitar|slp|[from] move: Spore
|cant|p1b: Tyranitar|slp
|move|p1a: Garchomp|Earthquake|p2b: Amoonguss|[spread] p2b
|-activate|p2a: Gothitelle|move: Protect
|-immune|p1b: Tyranitar
|-damage|p2b: Amoonguss|68/100
|
|-weather|Sandstorm|[upkeep]
|-damage|p2b: Amoonguss|62/100|[from] Sandstorm
|-damage|p2a: Gothitelle|22/100|[from] Sandstorm
|-damage|p1b: Tyranitar|94/100 slp|[from] Sandstorm
|upkeep
|turn|4
|
|t:|1757111644
|move|p2b: Amoonguss|Spore|p1a: Garchomp
|-status|p1a: Garchomp|slp|[from] move: Spore
|move|p2a: Gothitelle|Psychic|p1b: Tyranitar
|-damage|p1b: Tyranitar|76/100 slp
|cant|p1b: Tyranitar|slp
|cant|p1a: Garchomp|slp
|
|-weather|Sandstorm|[upkeep]
|-damage|p2b: Amoonguss|56/100|[from] Sandstorm
|-damage|p2a: Gothitelle|16/100|[from] Sandstorm
|-damage|p1b: Tyranitar|70/100 slp|[from] Sandstorm
|upkeep
|turn|5
|
|t:|1757111663
|move|p2b: Amoonguss|Pollen Puff|p2a: Gothitelle
|-heal|p2a: Gothitelle|66/100
|move|p2a: Gothitelle|Psychic|p1b: Tyranitar
|-damage|p1b: Tyranitar|52/100 slp
|cant|p1b: Tyranitar|slp
|cant|p1a: Garchomp|slp
|
|-weather|Sandstorm|[upkeep]
|-damage|p2b: Amoonguss|50/100|[from] Sandstorm
|-damage|p2a: Gothitelle|60/100|[from] Sandstorm
|-damage|p1b: Tyranitar|46/100 slp|[from] Sandstorm
|upkeep
|turn|6
|
|t:|1757111679
|-terastallize|p2a: Gothitelle|Water
|move|p2b: Amoonguss|Pollen Puff|p2a: Gothitelle
|-heal|p2a: Gothitelle|100/100
|move|p2a: Gothitelle|Psychic|p1b: Tyranitar
|-damage|p1b: Tyranitar|27/100 slp
|-unboost|p1b: Tyranitar|spd|1
|-curestatus|p1b: Tyranitar|slp|[msg]
|move|p1b: Tyranitar|Tera Blast|p2b: Amoonguss|[anim] Tera Blast Flying
|-supereffective|p2b: Amoonguss
|-damage|p2b: Amoonguss|9/100
|-curestatus|p1a: Garchomp|slp|[msg]
|move|p1a: Garchomp|Earthquake|p2b: Amoonguss|[spread] p2a,p2b
|-immune|p1b: Tyranitar
|-damage|p2a: Gothitelle|61/100
|-damage|p2b: Amoonguss|0 fnt
|faint|p2b: Amoonguss
|
|-weather|none
|-fieldend|move: Trick Room
|upkeep
|turn|7
|
|t:|1757111702
|move|p1a: Garchomp|Earthquake|p2a: Gothitelle|[spread] p2a
|-immune|p1b: Tyranitar
|-crit|p2a: Gothitelle
|-damage|p2a: Gothitelle|2/100
|move|p1b: Tyranitar|Tera Blast|p2a: Gothitelle|[anim] Tera Blast Flying
|-damage|p2a: Gothitelle|0 fnt
|faint|p2a: Gothitelle
|
|win|Daniw9
|raw|Daniw9's rating: 1226 → 1258(+32 for winning)
|raw|Tractie's rating: 1327 → 1301(-26 for losing)
