|j|☆divra7
|j|☆Iceman5687
|html|divra7Iceman5687    
|uhtml|bestof|Game 1 of a best-of-3
|t:|1782217451
|gametype|doubles
|player|p1|divra7|170|1211
|player|p2|Iceman5687|169|1222
|gen|9
|tier|[Gen 9 Champions] VGC 2026 Reg M-B (Bo3)
|rated|
|rule|Species Clause: Limit one of each Pokémon
|rule|Item Clause: Limit 1 of each item
|clearpoke
|poke|p1|Delphox, L50, M|
|poke|p1|Sneasler, L50, M|
|poke|p1|Sinistcha, L50|
|poke|p1|Basculegion, L50, M|
|poke|p1|Incineroar, L50, M|
|poke|p1|Floette-Eternal, L50, F|
|poke|p2|Floette-Eternal, L50, F|
|poke|p2|Charizard, L50, F|
|poke|p2|Kingambit, L50, M|
|poke|p2|Whimsicott, L50, M|
|poke|p2|Basculegion, L50, M|
|poke|p2|Garchomp, L50, M|
|teampreview|4
|showteam|p1|Delphox||Delphoxite|Blaze|HeatWave,Psyshock,NastyPlot,Protect|Timid||M|||50|]Sneasler||WhiteHerb|Unburden|CloseCombat,DireClaw,FakeOut,Protect|Adamant||M|||50|]Sinistcha||KasibBerry|Hospitality|MatchaGotcha,RagePowder,TrickRoom,LifeDew|Bold|||||50|]Basculegion||LifeOrb|Adaptability|WaveCrash,LastRespects,AquaJet,Protect|Adamant||M|||50|]Incineroar||SitrusBerry|Intimidate|FlareBlitz,ThroatChop,FakeOut,PartingShot|Careful||M|||50|]Floette-Eternal||Floettite|FlowerVeil|DazzlingGleam,DrainingKiss,CalmMind,Protect|Timid||F|||50|
|showteam|p2|Floette-Eternal||Floettite|FlowerVeil|LightofRuin,Moonblast,DazzlingGleam,Protect|Modest||F|||50|]Charizard||CharizarditeY|Blaze|SolarBeam,HeatWave,WeatherBall,Protect|Modest||F|||50|]Kingambit||ChopleBerry|Defiant|IronHead,LowKick,KowtowCleave,SuckerPunch|Adamant||M|||50|]Whimsicott||FocusSash|Prankster|Moonblast,Tailwind,Encore,Protect|Timid||M|||50|]Basculegion||LifeOrb|Adaptability|WaveCrash,Protect,LastRespects,AquaJet|Adamant||M|||50|]Garchomp||RoseliBerry|RoughSkin|Earthquake,RockSlide,PoisonJab,DragonClaw|Adamant||M|||50|
|inactive|Battle timer is ON: inactive players will automatically lose when time's up. (requested by divra7)
|inactive|divra7 has 60 seconds left.
|inactive|Iceman5687 has 60 seconds left.
|inactive|Iceman5687 has 30 seconds left.
|
|t:|1782217514
|teamsize|p1|4
|teamsize|p2|4
|start
|switch|p1a: Delphox|Delphox, L50, M|100/100
|switch|p1b: Sinistcha|Sinistcha, L50|100/100
|switch|p2a: Whimsicott|Whimsicott, L50, M|100/100
|switch|p2b: Garchomp|Garchomp, L50, M|100/100
|turn|1
|inactive|divra7 has 30 seconds left.
|
|t:|1782217546
|detailschange|p1a: Delphox|Delphox-Mega, L50, M
|-mega|p1a: Delphox|Delphox|Delphoxite
|move|p2a: Whimsicott|Protect|p2a: Whimsicott
|-singleturn|p2a: Whimsicott|Protect
|move|p1b: Sinistcha|Rage Powder|p1b: Sinistcha
|-singleturn|p1b: Sinistcha|move: Rage Powder
|move|p1a: Delphox|Nasty Plot|p1a: Delphox
|-boost|p1a: Delphox|spa|2
|move|p2b: Garchomp|Rock Slide|p1b: Sinistcha|[spread] p1a,p1b
|-supereffective|p1a: Delphox|1
|-damage|p1a: Delphox|49/100
|-damage|p1b: Sinistcha|84/100
|
|upkeep
|turn|2
|
|t:|1782217567
|move|p1b: Sinistcha|Rage Powder|p1b: Sinistcha
|-singleturn|p1b: Sinistcha|move: Rage Powder
|move|p2a: Whimsicott|Encore|p1a: Delphox
|-start|p1a: Delphox|Encore
|move|p1a: Delphox|Nasty Plot|p1a: Delphox
|-boost|p1a: Delphox|spa|2
|move|p2b: Garchomp|Rock Slide|p1a: Delphox|[spread] p1a,p1b
|-supereffective|p1a: Delphox|1
|-damage|p1a: Delphox|0 fnt
|-damage|p1b: Sinistcha|70/100
|faint|p1a: Delphox
|
|upkeep
|c|☆divra7|i forgor
|c|☆Iceman5687|happends
|c|☆divra7|rage powder dosent work on graass
|
|t:|1782217587
|switch|p1a: Sneasler|Sneasler, L50, M|100/100
|turn|3
|
|t:|1782217608
|move|p2a: Whimsicott|Protect|p2a: Whimsicott
|-singleturn|p2a: Whimsicott|Protect
|move|p1a: Sneasler|Fake Out|p2b: Garchomp
|-damage|p2b: Garchomp|86/100
|-damage|p1a: Sneasler|87/100|[from] ability: Rough Skin|[of] p2b: Garchomp
|cant|p2b: Garchomp|flinch
|move|p1b: Sinistcha|Matcha Gotcha|p2b: Garchomp|[spread] p2b
|-activate|p2a: Whimsicott|move: Protect
|-damage|p2b: Garchomp|62/100
|-heal|p1b: Sinistcha|84/100|[from] drain|[of] p2b: Garchomp
|
|upkeep
|turn|4
|inactive|Iceman5687 has 30 seconds left.
|
|t:|1782217634
|move|p2a: Whimsicott|Encore|p1a: Sneasler
|-start|p1a: Sneasler|Encore
|move|p1a: Sneasler|Fake Out||[still]
|-hint|Fake Out only works on your first turn out.
|-fail|p1a: Sneasler
|move|p2b: Garchomp|Dragon Claw|p1b: Sinistcha
|-damage|p1b: Sinistcha|54/100
|move|p1b: Sinistcha|Life Dew|p1b: Sinistcha|[spread] p1a,p1b
|-heal|p1a: Sneasler|100/100
|-heal|p1b: Sinistcha|79/100
|
|upkeep
|turn|5
|c|☆divra7|oml i hate encore
|
|t:|1782217653
|switch|p1a: Basculegion|Basculegion, L50, M|100/100
|move|p2a: Whimsicott|Moonblast|p1b: Sinistcha
|-damage|p1b: Sinistcha|51/100
|move|p2b: Garchomp|Earthquake|p1b: Sinistcha|[spread] p2a,p1a,p1b
|-resisted|p2a: Whimsicott|1
|-resisted|p1b: Sinistcha|1
|-damage|p2a: Whimsicott|78/100
|-damage|p1a: Basculegion|49/100
|-damage|p1b: Sinistcha|35/100
|move|p1b: Sinistcha|Matcha Gotcha|p2a: Whimsicott|[spread] p2a,p2b
|-resisted|p2a: Whimsicott|1
|-damage|p2a: Whimsicott|60/100
|-heal|p1b: Sinistcha|43/100|[from] drain|[of] p2a: Whimsicott
|-damage|p2b: Garchomp|37/100
|-heal|p1b: Sinistcha|58/100|[from] drain|[of] p2b: Garchomp
|
|upkeep
|turn|6
|inactive|divra7 has 30 seconds left.
|inactive|Iceman5687 has 30 seconds left.
|
|t:|1782217685
|move|p1b: Sinistcha|Rage Powder|p1b: Sinistcha
|-singleturn|p1b: Sinistcha|move: Rage Powder
|move|p2a: Whimsicott|Moonblast|p1a: Basculegion
|-damage|p1a: Basculegion|16/100
|-unboost|p1a: Basculegion|spa|1
|move|p2b: Garchomp|Earthquake|p1b: Sinistcha|[spread] p2a,p1a,p1b
|-resisted|p2a: Whimsicott|1
|-resisted|p1b: Sinistcha|1
|-damage|p2a: Whimsicott|38/100
|-damage|p1a: Basculegion|0 fnt
|-damage|p1b: Sinistcha|41/100
|faint|p1a: Basculegion
|
|upkeep
|
|t:|1782217693
|switch|p1a: Sneasler|Sneasler, L50, M|100/100
|turn|7
|
|t:|1782217715
|move|p2a: Whimsicott|Tailwind|p2a: Whimsicott
|-sidestart|p2: Iceman5687|move: Tailwind
|move|p2b: Garchomp|Earthquake|p1b: Sinistcha|[spread] p2a,p1a,p1b
|-resisted|p2a: Whimsicott|1
|-supereffective|p1a: Sneasler|1
|-resisted|p1b: Sinistcha|1
|-damage|p2a: Whimsicott|16/100
|-damage|p1a: Sneasler|0 fnt
|-damage|p1b: Sinistcha|25/100
|faint|p1a: Sneasler
|move|p1b: Sinistcha|Matcha Gotcha|p2b: Garchomp|[spread] p2a,p2b
|-resisted|p2a: Whimsicott|1
|-damage|p2a: Whimsicott|0 fnt
|-heal|p1b: Sinistcha|31/100|[from] drain|[of] p2a: Whimsicott
|-damage|p2b: Garchomp|13/100
|-heal|p1b: Sinistcha|46/100|[from] drain|[of] p2b: Garchomp
|-status|p2b: Garchomp|brn
|faint|p2a: Whimsicott
|
|-damage|p2b: Garchomp|7/100 brn|[from] brn
|upkeep
|
|t:|1782217729
|switch|p2a: Charizard|Charizard, L50, F|100/100
|turn|8
|-message|divra7 forfeited.
|
|win|Iceman5687
