|j|☆lox1sm
|j|☆baarboo
|html|lox1smbaarboo    
|uhtml|bestof|Game 3 of a best-of-3
|t:|1782989268
|gametype|doubles
|player|p1|lox1sm|veteran|1259
|player|p2|baarboo|169|1315
|gen|9
|tier|[Gen 9 Champions] VGC 2026 Reg M-B (Bo3)
|rated|
|rule|Species Clause: Limit one of each Pokémon
|rule|Item Clause: Limit 1 of each item
|clearpoke
|poke|p1|Charizard, L50, F|
|poke|p1|Aerodactyl, L50, M|
|poke|p1|Garchomp, L50, F|
|poke|p1|Kingambit, L50, F|
|poke|p1|Farigiraf, L50, M|
|poke|p1|Primarina, L50, F|
|poke|p2|Charizard, L50, F|
|poke|p2|Kingambit, L50, M|
|poke|p2|Sylveon, L50, F|
|poke|p2|Farigiraf, L50, M|
|poke|p2|Garchomp, L50, M|
|poke|p2|Aerodactyl, L50, F|
|teampreview|4
|showteam|p1|Charizard||CharizarditeY|Blaze|HeatWave,WeatherBall,SolarBeam,Protect|Modest||F|||50|]Aerodactyl||Aerodactylite|RockHead|RockSlide,IceFang,Tailwind,Protect|Jolly||M|||50|]Garchomp||LifeOrb|RoughSkin|DragonClaw,Earthquake,RockSlide,Protect|Jolly||F|||50|]Kingambit||FocusSash|Defiant|KowtowCleave,SuckerPunch,IronHead,LowKick|Adamant||F|||50|]Farigiraf||ExpertBelt|ArmorTail|Psychic,DazzlingGleam,Thunderbolt,TrickRoom|Modest||M|||50|]Primarina||MysticWater|LiquidVoice|HyperVoice,Moonblast,Haze,Protect|Modest||F|||50|
|showteam|p2|Charizard||CharizarditeY|SolarPower|SolarBeam,WeatherBall,Protect,HeatWave|Modest||F|||50|]Kingambit||FocusSash|Defiant|KowtowCleave,SuckerPunch,LowKick,IronHead|Adamant||M|||50|]Sylveon||FairyFeather|Pixilate|Protect,HyperBeam,HyperVoice,QuickAttack|Modest||F|||50|]Farigiraf||SitrusBerry|ArmorTail|TrickRoom,TwinBeam,GrassKnot,Thunderbolt|Bold||M|||50|]Garchomp||LifeOrb|RoughSkin|Protect,Earthquake,DragonClaw,StompingTantrum|Jolly||M|||50|]Aerodactyl||Aerodactylite|Unnerve|RockSlide,IceFang,Tailwind,DualWingbeat|Jolly||F|||50|
|inactive|Battle timer is ON: inactive players will automatically lose when time's up. (requested by baarboo)
|inactive|lox1sm has 60 seconds left.
|
|t:|1782989311
|teamsize|p1|4
|teamsize|p2|4
|start
|switch|p1a: Aerodactyl|Aerodactyl, L50, M|100/100
|switch|p1b: Primarina|Primarina, L50, F|100/100
|switch|p2a: Charizard|Charizard, L50, F|100/100
|switch|p2b: Kingambit|Kingambit, L50, M|100/100
|turn|1
|inactive|lox1sm has 30 seconds left.
|
|t:|1782989339
|detailschange|p2a: Charizard|Charizard-Mega-Y, L50, F
|-mega|p2a: Charizard|Charizard|Charizardite Y
|-weather|SunnyDay|[from] ability: Drought|[of] p2a: Charizard
|move|p1a: Aerodactyl|Protect|p1a: Aerodactyl
|-singleturn|p1a: Aerodactyl|Protect
|move|p2a: Charizard|Protect|p2a: Charizard
|-singleturn|p2a: Charizard|Protect
|move|p1b: Primarina|Protect|p1b: Primarina
|-singleturn|p1b: Primarina|Protect
|move|p2b: Kingambit|Iron Head|p1a: Aerodactyl
|-activate|p1a: Aerodactyl|move: Protect
|
|-weather|SunnyDay|[upkeep]
|upkeep
|turn|2
|inactive|lox1sm has 30 seconds left.
|
|t:|1782989369
|switch|p2a: Sylveon|Sylveon, L50, F|100/100
|detailschange|p1a: Aerodactyl|Aerodactyl-Mega, L50, M
|-mega|p1a: Aerodactyl|Aerodactyl|Aerodactylite
|move|p1a: Aerodactyl|Rock Slide|p2a: Sylveon|[spread] p2a,p2b
|-resisted|p2b: Kingambit|1
|-damage|p2a: Sylveon|71/100
|-damage|p2b: Kingambit|89/100
|move|p1b: Primarina|Moonblast|p2b: Kingambit
|-damage|p2b: Kingambit|24/100
|move|p2b: Kingambit|Iron Head|p1a: Aerodactyl
|-supereffective|p1a: Aerodactyl|1
|-damage|p1a: Aerodactyl|0 fnt
|faint|p1a: Aerodactyl
|
|-weather|SunnyDay|[upkeep]
|upkeep
|inactive|lox1sm has 30 seconds left.
|
|t:|1782989396
|switch|p1a: Kingambit|Kingambit, L50, F|100/100
|turn|3
|
|t:|1782989410
|move|p2a: Sylveon|Protect|p2a: Sylveon
|-singleturn|p2a: Sylveon|Protect
|move|p2b: Kingambit|Sucker Punch|p1b: Primarina
|-resisted|p1b: Primarina|1
|-damage|p1b: Primarina|68/100
|move|p1b: Primarina|Hyper Voice|p2a: Sylveon|[spread] p2b
|-activate|p2a: Sylveon|move: Protect
|-damage|p2b: Kingambit|0 fnt
|faint|p2b: Kingambit
|move|p1a: Kingambit|Kowtow Cleave|p2a: Sylveon
|-activate|p2a: Sylveon|move: Protect
|
|-weather|SunnyDay|[upkeep]
|upkeep
|
|t:|1782989411
|switch|p2b: Charizard|Charizard-Mega-Y, L50, F|100/100
|turn|4
|
|t:|1782989422
|move|p1a: Kingambit|Sucker Punch|p2b: Charizard
|-damage|p2b: Charizard|61/100
|move|p2a: Sylveon|Quick Attack|p1a: Kingambit
|-damage|p1a: Kingambit|88/100
|move|p2b: Charizard|Heat Wave|p1a: Kingambit|[spread] p1a,p1b
|-supereffective|p1a: Kingambit|1
|-resisted|p1b: Primarina|1
|-damage|p1a: Kingambit|0 fnt
|-damage|p1b: Primarina|39/100
|faint|p1a: Kingambit
|move|p1b: Primarina|Moonblast|p2a: Sylveon
|-damage|p2a: Sylveon|27/100
|-unboost|p2a: Sylveon|spa|1
|
|-weather|SunnyDay|[upkeep]
|upkeep
|
|t:|1782989435
|switch|p1a: Farigiraf|Farigiraf, L50, M|100/100
|turn|5
|
|t:|1782989442
|move|p1b: Primarina|Protect|p1b: Primarina
|-singleturn|p1b: Primarina|Protect
|move|p2b: Charizard|Weather Ball|p1a: Farigiraf
|-damage|p1a: Farigiraf|2/100
|move|p2a: Sylveon|Hyper Beam|p1a: Farigiraf
|-damage|p1a: Farigiraf|0 fnt
|-mustrecharge|p2a: Sylveon
|faint|p1a: Farigiraf
|
|-weather|none
|upkeep
|turn|6
|-message|lox1sm forfeited.
|
|win|baarboo
|raw|lox1sm's rating: 1259 → 1238(-21 for losing)
|raw|baarboo's rating: 1315 → 1332(+17 for winning)
