|j|☆viivnz
|j|☆indiofiero
|html|viivnzindiofiero    
|uhtml|bestof|Game 3 of a best-of-3
|t:|1756432170
|gametype|doubles
|player|p1|viivnz|1|1173
|player|p2|indiofiero|swimmerf-gen4|1164
|gen|9
|tier|[Gen 9] VGC 2025 Reg H (Bo3)
|rated|
|rule|Species Clause: Limit one of each Pokémon
|rule|Item Clause: Limit 1 of each item
|clearpoke
|poke|p1|Drifblim, L50, F|
|poke|p1|Indeedee, L50, M|
|poke|p1|Arcanine, L50, F|
|poke|p1|Dragapult, L50, M|
|poke|p1|Volcarona, L50, M|
|poke|p1|Maushold-Four, L50|
|poke|p2|Archaludon, L50, F|
|poke|p2|Dragonite, L50, F|
|poke|p2|Pelipper, L50, F|
|poke|p2|Ursaluna, L50, F|
|poke|p2|Sinistcha, L50|
|poke|p2|Gholdengo, L50|
|teampreview|4
|showteam|p1|Drifblim||PsychicSeed|Unburden|Acrobatics,Tailwind,WillOWisp,Haze|||F|||50|,,,,,Grass]Indeedee||FocusSash|PsychicSurge|ExpandingForce,TeraBlast,TrickRoom,Imprison|||M|||50|,,,,,Ground]Arcanine||CovertCloak|Intimidate|FlareBlitz,PlayRough,Howl,Protect|||F|||50|,,,,,Water]Dragapult||ChoiceBand|ClearBody|DragonDarts,PhantomForce,TeraBlast,Uturn|||M|||50|,,,,,Ghost]Volcarona||LifeOrb|FlameBody|HeatWave,BugBuzz,TeraBlast,Protect|||M|||50|,,,,,Fairy]Maushold-Four||WideLens|Technician|PopulationBomb,Taunt,FollowMe,Protect||||||50|,,,,,Normal
|showteam|p2|Archaludon||AssaultVest|Stamina|FlashCannon,BodyPress,ElectroShot,Snarl|||F|||50|,,,,,Fighting]Dragonite||LoadedDice|Multiscale|ScaleShot,Tailwind,Haze,Protect|||F|||50|,,,,,Fairy]Pelipper||FocusSash|Drizzle|MuddyWater,Hurricane,Tailwind,Protect|||F|||50|,,,,,Ghost]Ursaluna||FlameOrb|Guts|Facade,HeadlongRush,Earthquake,Protect|||F|||50|,,,,,Ghost]Sinistcha||SitrusBerry|Hospitality|MatchaGotcha,LifeDew,RagePowder,TrickRoom||||||50|,,,,,Dark]Gholdengo||ChoiceScarf|GoodasGold|MakeItRain,ShadowBall,Trick,Protect||||||50|,,,,,Flying
|
|t:|1756432201
|teamsize|p1|4
|teamsize|p2|4
|start
|switch|p1a: Indeedee|Indeedee, L50, M|100/100
|switch|p1b: Dragapult|Dragapult, L50, M|100/100
|switch|p2a: Sinistcha|Sinistcha, L50|100/100
|switch|p2b: Dragonite|Dragonite, L50, F|100/100
|-fieldstart|move: Psychic Terrain|[from] ability: Psychic Surge|[of] p1a: Indeedee
|turn|1
|
|t:|1756432223
|-terastallize|p2a: Sinistcha|Dark
|move|p1b: Dragapult|Dragon Darts|p2a: Sinistcha
|-damage|p2a: Sinistcha|66/100
|-anim|p1b: Dragapult|Dragon Darts|p2b: Dragonite
|-supereffective|p2b: Dragonite
|-damage|p2b: Dragonite|56/100
|move|p1a: Indeedee|Expanding Force|p2a: Sinistcha|[spread] p2b
|-immune|p2a: Sinistcha
|-damage|p2b: Dragonite|0 fnt
|faint|p2b: Dragonite
|move|p2a: Sinistcha|Matcha Gotcha|p1a: Indeedee|[spread] p1a,p1b
|-resisted|p1b: Dragapult
|-damage|p1a: Indeedee|64/100
|-heal|p2a: Sinistcha|80/100|[from] drain|[of] p1a: Indeedee
|-damage|p1b: Dragapult|85/100
|-heal|p2a: Sinistcha|88/100|[from] drain|[of] p1b: Dragapult
|
|upkeep
|
|t:|1756432243
|switch|p2b: Ursaluna|Ursaluna, L50, F|100/100
|turn|2
|
|t:|1756432256
|switch|p2a: Pelipper|Pelipper, L50, F|100/100
|-weather|RainDance|[from] ability: Drizzle|[of] p2a: Pelipper
|move|p1b: Dragapult|Dragon Darts|p2a: Pelipper
|-damage|p2a: Pelipper|50/100
|-anim|p1b: Dragapult|Dragon Darts|p2b: Ursaluna
|-damage|p2b: Ursaluna|66/100
|move|p1a: Indeedee|Imprison|p1a: Indeedee
|-start|p1a: Indeedee|move: Imprison
|move|p2b: Ursaluna|Earthquake|p1b: Dragapult|[spread] p1a,p1b
|-immune|p2a: Pelipper
|-damage|p1a: Indeedee|0 fnt
|-damage|p1b: Dragapult|24/100
|faint|p1a: Indeedee
|
|-weather|RainDance|[upkeep]
|-status|p2b: Ursaluna|brn|[from] item: Flame Orb
|upkeep
|
|t:|1756432270
|switch|p1a: Drifblim|Drifblim, L50, F|100/100
|-enditem|p1a: Drifblim|Psychic Seed
|-boost|p1a: Drifblim|spd|1|[from] item: Psychic Seed
|turn|3
|
|t:|1756432284
|switch|p2a: Sinistcha|Sinistcha, L50, tera:Dark|88/100
|-heal|p2b: Ursaluna|91/100 brn|[from] ability: Hospitality|[of] p2a: Sinistcha
|move|p1a: Drifblim|Acrobatics|p2b: Ursaluna
|-damage|p2b: Ursaluna|59/100 brn
|move|p1b: Dragapult|Dragon Darts|p2a: Sinistcha
|-damage|p2a: Sinistcha|54/100
|-anim|p1b: Dragapult|Dragon Darts|p2b: Ursaluna
|-damage|p2b: Ursaluna|28/100 brn
|move|p2b: Ursaluna|Headlong Rush|p1b: Dragapult
|-damage|p1b: Dragapult|0 fnt
|-unboost|p2b: Ursaluna|def|1
|-unboost|p2b: Ursaluna|spd|1
|faint|p1b: Dragapult
|
|-weather|RainDance|[upkeep]
|-damage|p2b: Ursaluna|22/100 brn|[from] brn
|upkeep
|
|t:|1756432294
|switch|p1b: Volcarona|Volcarona, L50, M|100/100
|turn|4
|
|t:|1756432307
|switch|p2b: Pelipper|Pelipper, L50, F|50/100
|-terastallize|p1b: Volcarona|Fairy
|move|p1a: Drifblim|Acrobatics|p2b: Pelipper
|-damage|p2b: Pelipper|3/100
|move|p1b: Volcarona|Tera Blast|p2a: Sinistcha|[anim] Tera Blast Fairy
|-supereffective|p2a: Sinistcha
|-damage|p2a: Sinistcha|0 fnt
|faint|p2a: Sinistcha
|-damage|p1b: Volcarona|91/100|[from] item: Life Orb
|
|-weather|RainDance|[upkeep]
|upkeep
|
|t:|1756432315
|switch|p2a: Ursaluna|Ursaluna, L50, F|22/100 brn
|turn|5
|-message|indiofiero forfeited.
|
|win|viivnz
|raw|viivnz's rating: 1173 → 1197(+24 for winning)
|raw|indiofiero's rating: 1164 → 1140(-24 for losing)
|l|☆viivnz
|player|p1|
