|j|☆LorGhez
|j|☆Franchino00
|html|LorGhezFranchino00    
|uhtml|bestof|Game 2 of a best-of-3
|t:|1782244647
|gametype|doubles
|player|p1|LorGhez|265|
|player|p2|Franchino00|266|
|gen|9
|tier|[Gen 9 Champions] VGC 2026 Reg M-B (Bo3)
|rule|Species Clause: Limit one of each Pokémon
|rule|Item Clause: Limit 1 of each item
|clearpoke
|poke|p1|Swampert, L50, M|
|poke|p1|Pelipper, L50, F|
|poke|p1|Archaludon, L50, M|
|poke|p1|Sinistcha, L50|
|poke|p1|Grimmsnarl, L50, M|
|poke|p1|Sylveon, L50, F|
|poke|p2|Pyroar, L50, F|
|poke|p2|Torkoal, L50, F|
|poke|p2|Venusaur, L50, M|
|poke|p2|Garchomp, L50, F|
|poke|p2|Aerodactyl, L50, F|
|poke|p2|Basculegion, L50, M|
|teampreview|4
|showteam|p1|Swampert||Swampertite|Torrent|WaveCrash,Earthquake,IceBeam,Protect|Adamant||M|||50|]Pelipper||FocusSash|Drizzle|Hurricane,WeatherBall,Tailwind,HelpingHand|Bold||F|||50|]Archaludon||Leftovers|Stamina|DragonPulse,FlashCannon,ElectroShot,Protect|Modest||M|||50|]Sinistcha||SitrusBerry|Hospitality|MatchaGotcha,LifeDew,RagePowder,TrickRoom|Bold|||||50|]Grimmsnarl||LightClay|Prankster|PartingShot,LightScreen,Reflect,SpiritBreak|Careful||M|||50|]Sylveon||FairyFeather|Pixilate|Protect,Yawn,QuickAttack,HyperVoice|Modest||F|||50|
|showteam|p2|Pyroar||Pyroarite|Rivalry|HeatWave,Overheat,SolarBeam,Protect|Modest||F|||50|]Torkoal||HeatRock|Drought|HeatWave,HelpingHand,Yawn,Protect|Relaxed||F|||50|]Venusaur||FocusSash|Chlorophyll|LeafStorm,SludgeBomb,SleepPowder,Protect|Modest||M|||50|]Garchomp||LifeOrb|RoughSkin|StompingTantrum,DragonClaw,RockSlide,Protect|Jolly||F|||50|]Aerodactyl||Aerodactylite|RockHead|RockSlide,IceFang,DualWingbeat,Tailwind|Jolly||F|||50|]Basculegion||MuscleBand|Adaptability|WaveCrash,AquaJet,LastRespects,Protect|Adamant||M|||50|
|inactive|Battle timer is ON: inactive players will automatically lose when time's up. (requested by LorGhez)
|inactive|LorGhez has 60 seconds left.
|inactive|Franchino00 has 60 seconds left.
|
|t:|1782244698
|teamsize|p1|4
|teamsize|p2|4
|start
|switch|p1a: Grimmsnarl|Grimmsnarl, L50, M|100/100
|switch|p1b: Swampert|Swampert, L50, M|100/100
|switch|p2a: Basculegion|Basculegion, L50, M|100/100
|switch|p2b: Pyroar|Pyroar, L50, F|100/100
|turn|1
|inactive|LorGhez has 30 seconds left.
|inactive|LorGhez has 20 seconds left.
|inactive|LorGhez has 15 seconds left.
|inactive|LorGhez has 10 seconds left.
|
|t:|1782244745
|switch|p2b: Venusaur|Venusaur, L50, M|100/100
|detailschange|p1b: Swampert|Swampert-Mega, L50, M
|-mega|p1b: Swampert|Swampert|Swampertite
|move|p1a: Grimmsnarl|Parting Shot|p2a: Basculegion
|-unboost|p2a: Basculegion|atk|1
|-unboost|p2a: Basculegion|spa|1
|
|t:|1782244753
|switch|p1a: Pelipper|Pelipper, L50, F|100/100|[from] Parting Shot
|-weather|RainDance|[from] ability: Drizzle|[of] p1a: Pelipper
|move|p1b: Swampert|Wave Crash|p2b: Venusaur
|-resisted|p2b: Venusaur|1
|-damage|p2b: Venusaur|24/100
|-damage|p1b: Swampert|77/100|[from] Recoil
|move|p2a: Basculegion|Wave Crash|p1b: Swampert
|-damage|p1b: Swampert|0 fnt
|faint|p1b: Swampert
|-damage|p2a: Basculegion|77/100|[from] Recoil
|
|-weather|RainDance|[upkeep]
|upkeep
|inactive|LorGhez has 30 seconds left.
|
|t:|1782244781
|switch|p1b: Sylveon|Sylveon, L50, F|100/100
|turn|2
|inactive|LorGhez has 30 seconds left.
|
|t:|1782244806
|switch|p2a: Torkoal|Torkoal, L50, F|100/100
|-weather|SunnyDay|[from] ability: Drought|[of] p2a: Torkoal
|move|p1b: Sylveon|Protect|p1b: Sylveon
|-singleturn|p1b: Sylveon|Protect
|move|p2b: Venusaur|Sleep Powder|p1b: Sylveon
|-activate|p1b: Sylveon|move: Protect
|move|p1a: Pelipper|Tailwind|p1a: Pelipper
|-sidestart|p1: LorGhez|move: Tailwind
|
|-weather|SunnyDay|[upkeep]
|upkeep
|turn|3
|inactive|LorGhez has 30 seconds left.
|inactive|Franchino00 has 30 seconds left.
|
|t:|1782244838
|move|p2a: Torkoal|Helping Hand|p2b: Venusaur
|-singleturn|p2b: Venusaur|Helping Hand|[of] p2a: Torkoal
|move|p2b: Venusaur|Sludge Bomb|p1b: Sylveon
|-supereffective|p1b: Sylveon|1
|-damage|p1b: Sylveon|5/100
|move|p1a: Pelipper|Weather Ball|p2b: Venusaur
|-supereffective|p2b: Venusaur|1
|-crit|p2b: Venusaur
|-damage|p2b: Venusaur|0 fnt
|faint|p2b: Venusaur
|move|p1b: Sylveon|Hyper Voice|p2a: Torkoal
|-resisted|p2a: Torkoal|1
|-damage|p2a: Torkoal|69/100
|
|-weather|SunnyDay|[upkeep]
|upkeep
|
|t:|1782244854
|switch|p2b: Basculegion|Basculegion, L50, M|77/100
|turn|4
|inactive|LorGhez has 30 seconds left.
|inactive|LorGhez has 20 seconds left.
|inactive|LorGhez has 15 seconds left.
|inactive|LorGhez has 10 seconds left.
|inactive|LorGhez has 5 seconds left.
|
|t:|1782244908
|move|p1b: Sylveon|Protect|p1b: Sylveon
|-singleturn|p1b: Sylveon|Protect
|move|p2b: Basculegion|Protect|p2b: Basculegion
|-singleturn|p2b: Basculegion|Protect
|move|p1a: Pelipper|Weather Ball|p2b: Basculegion
|-activate|p2b: Basculegion|move: Protect
|move|p2a: Torkoal|Yawn|p1a: Pelipper
|-start|p1a: Pelipper|move: Yawn|[of] p2a: Torkoal
|
|-weather|SunnyDay|[upkeep]
|upkeep
|turn|5
|
|t:|1782244930
|switch|p1a: Grimmsnarl|Grimmsnarl, L50, M|100/100
|move|p2b: Basculegion|Aqua Jet|p1b: Sylveon
|-damage|p1b: Sylveon|0 fnt
|faint|p1b: Sylveon
|move|p2a: Torkoal|Yawn|p1a: Grimmsnarl
|-start|p1a: Grimmsnarl|move: Yawn|[of] p2a: Torkoal
|
|-weather|SunnyDay|[upkeep]
|-sideend|p1: LorGhez|move: Tailwind
|upkeep
|inactive|LorGhez has 30 seconds left.
|
|t:|1782244955
|switch|p1b: Pelipper|Pelipper, L50, F|100/100
|-weather|RainDance|[from] ability: Drizzle|[of] p1b: Pelipper
|turn|6
|
|t:|1782244977
|switch|p2b: Pyroar|Pyroar, L50, F|100/100
|move|p2a: Torkoal|Protect|p2a: Torkoal
|-singleturn|p2a: Torkoal|Protect
|move|p1b: Pelipper|Hurricane|p2a: Torkoal
|-activate|p2a: Torkoal|move: Protect
|move|p1a: Grimmsnarl|Spirit Break|p2b: Pyroar
|-resisted|p2b: Pyroar|1
|-damage|p2b: Pyroar|79/100
|-unboost|p2b: Pyroar|spa|1
|
|-weather|RainDance|[upkeep]
|-end|p1a: Grimmsnarl|move: Yawn|[silent]
|-status|p1a: Grimmsnarl|slp
|upkeep
|turn|7
|inactive|Franchino00 has 30 seconds left.
|
|t:|1782245004
|switch|p2a: Basculegion|Basculegion, L50, M|77/100
|move|p2b: Pyroar|Protect|p2b: Pyroar
|-singleturn|p2b: Pyroar|Protect
|cant|p1a: Grimmsnarl|slp
|move|p1b: Pelipper|Hurricane|p2a: Basculegion
|-damage|p2a: Basculegion|35/100
|-start|p2a: Basculegion|confusion
|
|-weather|RainDance|[upkeep]
|upkeep
|turn|8
|
|t:|1782245027
|cant|p1a: Grimmsnarl|slp
|move|p2b: Pyroar|Heat Wave|p1a: Grimmsnarl|[spread] p1a,p1b
|-resisted|p1b: Pelipper|1
|-damage|p1a: Grimmsnarl|92/100 slp
|-damage|p1b: Pelipper|86/100
|move|p1b: Pelipper|Weather Ball|p2b: Pyroar
|-supereffective|p2b: Pyroar|1
|-damage|p2b: Pyroar|0 fnt
|faint|p2b: Pyroar
|-activate|p2a: Basculegion|confusion
|move|p2a: Basculegion|Last Respects|p1b: Pelipper
|-damage|p1b: Pelipper|0 fnt
|faint|p1b: Pelipper
|
|-weather|RainDance|[upkeep]
|upkeep
|
|t:|1782245040
|switch|p2b: Torkoal|Torkoal, L50, F|69/100
|-weather|SunnyDay|[from] ability: Drought|[of] p2b: Torkoal
|turn|9
|
|t:|1782245058
|move|p2b: Torkoal|Helping Hand|p2a: Basculegion
|-singleturn|p2a: Basculegion|Helping Hand|[of] p2b: Torkoal
|-activate|p2a: Basculegion|confusion
|move|p2a: Basculegion|Wave Crash|p1a: Grimmsnarl
|-crit|p1a: Grimmsnarl
|-damage|p1a: Grimmsnarl|0 fnt
|faint|p1a: Grimmsnarl
|-damage|p2a: Basculegion|5/100|[from] Recoil
|
|win|Franchino00
|inactive|LorGhez has 30 seconds to confirm battle start!
|inactive|Franchino00 has 30 seconds to confirm battle start!
|l|☆Franchino00
|player|p2|
||LorGhez is ready for game 3.
||Franchino00 is ready for game 3.
|uhtml|next|Next: Game 3 of 3
