|j|☆ilbattipagliano
|j|☆Freecko99
|html|ilbattipaglianoFreecko99    
|uhtml|bestof|Game 1 of a best-of-3
|t:|1757936761
|gametype|doubles
|player|p1|ilbattipagliano|169|1120
|player|p2|Freecko99|265|1229
|gen|9
|tier|[Gen 9] VGC 2025 Reg H (Bo3)
|rated|
|rule|Species Clause: Limit one of each Pokémon
|rule|Item Clause: Limit 1 of each item
|clearpoke
|poke|p1|Incineroar, L50, M|
|poke|p1|Gholdengo, L50|
|poke|p1|Dragonite, L50, F|
|poke|p1|Rillaboom, L50, M|
|poke|p1|Sneasler, L50, M|
|poke|p1|Ursaluna-Bloodmoon, L50, M|
|poke|p2|Gholdengo, L50|
|poke|p2|Whimsicott, L50, M|
|poke|p2|Pelipper, L50, M|
|poke|p2|Archaludon, L50, M|
|poke|p2|Indeedee-F, L50, F|
|poke|p2|Annihilape, L50, M|
|teampreview|4
|showteam|p1|Incineroar||SafetyGoggles|Intimidate|FakeOut,KnockOff,FlareBlitz,PartingShot|||M|||50|,,,,,Ghost]Gholdengo||LifeOrb|GoodasGold|Protect,NastyPlot,ShadowBall,MakeItRain||||||50|,,,,,Water]Dragonite||LoadedDice|Multiscale|ScaleShot,Haze,Protect,Tailwind|||F|||50|,,,,,Fairy]Rillaboom||AssaultVest|GrassySurge|FakeOut,WoodHammer,HighHorsepower,GrassyGlide|||M|||50|,,,,,Fire]Sneasler||FocusSash|PoisonTouch|DireClaw,CloseCombat,Protect,Coaching|||M|||50|,,,,,Stellar]Ursaluna-Bloodmoon||Leftovers|MindsEye|Protect,CalmMind,BloodMoon,EarthPower|||M|||50|,,,,,Electric
|showteam|p2|Gholdengo||ChoiceScarf|GoodasGold|MakeItRain,ShadowBall,PowerGem,Trick||||||50|,,,,,Steel]Whimsicott||CovertCloak|Prankster|Moonblast,Tailwind,FakeTears,BeatUp|||M|||50|,,,,,Dark]Pelipper||SafetyGoggles|Drizzle|WeatherBall,Hurricane,Tailwind,Protect|||M|||50|,,,,,Ghost]Archaludon||AssaultVest|Stamina|DragonPulse,ElectroShot,BodyPress,FlashCannon|||M|||50|,,,,,Grass]Indeedee-F||PsychicSeed|PsychicSurge|Imprison,TrickRoom,FollowMe,Psychic|||F|||50|,,,,,Dark]Annihilape||SitrusBerry|Defiant|CloseCombat,DrainPunch,RageFist,Protect|||M|||50|,,,,,Fire
|inactive|Battle timer is ON: inactive players will automatically lose when time's up. (requested by ilbattipagliano)
|inactive|ilbattipagliano has 60 seconds left.
|inactive|Freecko99 has 60 seconds left.
|inactive|Freecko99 has 30 seconds left.
|
|t:|1757936826
|teamsize|p1|4
|teamsize|p2|4
|start
|switch|p1a: Ursaluna|Ursaluna-Bloodmoon, L50, M|100/100
|switch|p1b: Rillaboom|Rillaboom, L50, M|100/100
|switch|p2a: Whimsicott|Whimsicott, L50, M|100/100
|switch|p2b: Annihilape|Annihilape, L50, M|100/100
|-fieldstart|move: Grassy Terrain|[from] ability: Grassy Surge|[of] p1b: Rillaboom
|turn|1
|inactive|ilbattipagliano has 30 seconds left.
|inactive|Freecko99 has 30 seconds left.
|inactive|Freecko99 has 20 seconds left.
|inactive|Freecko99 has 15 seconds left.
|inactive|Freecko99 has 10 seconds left.
|inactive|Freecko99 has 5 seconds left.
|
|t:|1757936881
|move|p2a: Whimsicott|Beat Up|p2b: Annihilape
|-damage|p2b: Annihilape|98/100
|-damage|p2b: Annihilape|95/100
|-damage|p2b: Annihilape|92/100
|-damage|p2b: Annihilape|89/100
|-hitcount|p2b: Annihilape|4
|move|p2b: Annihilape|Rage Fist|p1b: Rillaboom
|-damage|p1b: Rillaboom|2/100
|move|p1b: Rillaboom|Wood Hammer|p2b: Annihilape
|-damage|p2b: Annihilape|0 fnt
|faint|p2b: Annihilape
|-damage|p1b: Rillaboom|0 fnt|[from] Recoil
|faint|p1b: Rillaboom
|move|p1a: Ursaluna|Blood Moon|p2a: Whimsicott
|-damage|p2a: Whimsicott|5/100
|
|-heal|p2a: Whimsicott|11/100|[from] Grassy Terrain
|upkeep
|
|t:|1757936904
|switch|p2b: Gholdengo|Gholdengo, L50|100/100
|switch|p1b: Incineroar|Incineroar, L50, M|100/100
|-ability|p1b: Incineroar|Intimidate|boost
|-unboost|p2a: Whimsicott|atk|1
|-unboost|p2b: Gholdengo|atk|1
|turn|2
|
|t:|1757936929
|-terastallize|p1a: Ursaluna|Electric
|move|p1b: Incineroar|Fake Out|p2a: Whimsicott
|-damage|p2a: Whimsicott|0 fnt
|faint|p2a: Whimsicott
|move|p2b: Gholdengo|Power Gem|p1b: Incineroar
|-supereffective|p1b: Incineroar
|-damage|p1b: Incineroar|37/100
|move|p1a: Ursaluna|Earth Power|p2b: Gholdengo
|-supereffective|p2b: Gholdengo
|-damage|p2b: Gholdengo|4/100
|
|-heal|p2b: Gholdengo|10/100|[from] Grassy Terrain
|-heal|p1b: Incineroar|43/100|[from] Grassy Terrain
|upkeep
|
|t:|1757936941
|switch|p2a: Archaludon|Archaludon, L50, M|100/100
|turn|3
|
|t:|1757936963
|-terastallize|p2a: Archaludon|Grass
|move|p2b: Gholdengo|Power Gem|p1a: Ursaluna
|-damage|p1a: Ursaluna|73/100
|move|p2a: Archaludon|Body Press|p1b: Incineroar
|-supereffective|p1b: Incineroar
|-damage|p1b: Incineroar|4/100
|move|p1b: Incineroar|Knock Off|p2a: Archaludon
|-damage|p2a: Archaludon|73/100
|-ability|p2a: Archaludon|Stamina|boost
|-boost|p2a: Archaludon|def|1
|-enditem|p2a: Archaludon|Assault Vest|[from] move: Knock Off|[of] p1b: Incineroar
|move|p1a: Ursaluna|Earth Power|p2a: Archaludon
|-resisted|p2a: Archaludon
|-damage|p2a: Archaludon|47/100
|-ability|p2a: Archaludon|Stamina|boost
|-boost|p2a: Archaludon|def|1
|
|-heal|p2b: Gholdengo|16/100|[from] Grassy Terrain
|-heal|p2a: Archaludon|53/100|[from] Grassy Terrain
|-heal|p1b: Incineroar|10/100|[from] Grassy Terrain
|-heal|p1a: Ursaluna|79/100|[from] Grassy Terrain
|-heal|p1a: Ursaluna|85/100|[from] item: Leftovers
|upkeep
|turn|4
|
|t:|1757936984
|move|p2b: Gholdengo|Power Gem|p1b: Incineroar
|-supereffective|p1b: Incineroar
|-damage|p1b: Incineroar|0 fnt
|faint|p1b: Incineroar
|move|p2a: Archaludon|Body Press|p1a: Ursaluna
|-damage|p1a: Ursaluna|53/100
|move|p1a: Ursaluna|Blood Moon|p2a: Archaludon
|-damage|p2a: Archaludon|0 fnt
|faint|p2a: Archaludon
|
|-heal|p2b: Gholdengo|22/100|[from] Grassy Terrain
|-heal|p1a: Ursaluna|59/100|[from] Grassy Terrain
|-heal|p1a: Ursaluna|65/100|[from] item: Leftovers
|upkeep
|
|t:|1757936988
|switch|p1b: Gholdengo|Gholdengo, L50|100/100
|turn|5
|
|t:|1757936999
|move|p2b: Gholdengo|Power Gem|p1a: Ursaluna
|-damage|p1a: Ursaluna|34/100
|move|p1b: Gholdengo|Shadow Ball|p2b: Gholdengo
|-supereffective|p2b: Gholdengo
|-damage|p2b: Gholdengo|0 fnt
|faint|p2b: Gholdengo
|-damage|p1b: Gholdengo|91/100|[from] item: Life Orb
|
|win|ilbattipagliano
||ilbattipagliano is ready for game 2.
||Freecko99 is ready for game 2.
|uhtml|next|Next: Game 2 of 3
|l|☆ilbattipagliano
|player|p1|
