|j|☆yosiel
|j|☆rushikeshraut1
|html|yosielrushikeshraut1    
|uhtml|bestof|Game 1 of a best-of-3
|t:|1783968179
|gametype|doubles
|player|p1|yosiel|acetrainersnow|1000
|player|p2|rushikeshraut1|266|1015
|gen|9
|tier|[Gen 9 Champions] VGC 2026 Reg M-B (Bo3)
|rated|
|rule|Species Clause: Limit one of each Pokémon
|rule|Item Clause: Limit 1 of each item
|clearpoke
|poke|p1|Venusaur, L50, F, shiny|
|poke|p1|Garchomp, L50, M, shiny|
|poke|p1|Gardevoir, L50, F, shiny|
|poke|p1|Staraptor, L50, M, shiny|
|poke|p1|Torkoal, L50, M, shiny|
|poke|p1|Raichu, L50, M, shiny|
|poke|p2|Hydrapple, L50, F|
|poke|p2|Mawile, L50, M|
|poke|p2|Farigiraf, L50, F|
|poke|p2|Incineroar, L50, M|
|poke|p2|Pelipper, L50, M|
|poke|p2|Dragalge, L50, M|
|teampreview|4
|showteam|p1|Venusaur||LifeOrb|Chlorophyll|Protect,EarthPower,SolarBeam,SludgeBomb|Modest||F|||50|]Garchomp||RoseliBerry|RoughSkin|Protect,IronHead,RockSlide,Earthquake|Jolly||M|||50|]Gardevoir||SitrusBerry|Telepathy|Moonblast,HelpingHand,HealPulse,TrickRoom|Bold||F|||50|]Staraptor||Staraptite|Intimidate|DualWingbeat,Protect,CloseCombat,Roost|Jolly||M|||50|]Torkoal||Charcoal|Drought|Eruption,Protect,EarthPower,HeatWave|Quiet||M|||50|]Raichu||FocusSash|LightningRod|Protect,FakeOut,Electroweb,VoltSwitch|Timid||M|||50|
|showteam|p2|Hydrapple||LifeOrb|Regenerator|FickleBeam,EarthPower,GigaDrain,Protect|Quiet||F|||50|]Mawile||Mawilite|Intimidate|PlayRough,IronHead,SuckerPunch,Protect|Brave||M|||50|]Farigiraf||Leftovers|ArmorTail|TrickRoom,HelpingHand,PsychicNoise,Protect|Sassy||F|||50|]Incineroar||SitrusBerry|Intimidate|FakeOut,PartingShot,FlareBlitz,DarkestLariat|Careful||M|||50|]Pelipper||DampRock|Drizzle|Tailwind,Hurricane,HydroPump,WideGuard|Modest||M|||50|]Dragalge||WiseGlasses|Adaptability|DracoMeteor,SludgeBomb,HydroPump,FlipTurn|Quiet||M|||50|
|
|t:|1783968218
|teamsize|p1|4
|teamsize|p2|4
|start
|switch|p1a: Torkoal|Torkoal, L50, M, shiny|100/100
|switch|p1b: Gardevoir|Gardevoir, L50, F, shiny|100/100
|switch|p2a: Incineroar|Incineroar, L50, M|100/100
|switch|p2b: Farigiraf|Farigiraf, L50, F|100/100
|-ability|p2a: Incineroar|Intimidate|boost
|-unboost|p1a: Torkoal|atk|1
|-unboost|p1b: Gardevoir|atk|1
|-weather|SunnyDay|[from] ability: Drought|[of] p1a: Torkoal
|turn|1
|inactive|Battle timer is ON: inactive players will automatically lose when time's up. (requested by yosiel)
|
|t:|1783968259
|move|p1a: Torkoal|Protect|p1a: Torkoal
|-singleturn|p1a: Torkoal|Protect
|move|p2a: Incineroar|Fake Out|p1a: Torkoal
|-activate|p1a: Torkoal|move: Protect
|move|p1b: Gardevoir|Moonblast|p2a: Incineroar
|-damage|p2a: Incineroar|69/100
|move|p2b: Farigiraf|Psychic Noise|p1a: Torkoal
|-activate|p1a: Torkoal|move: Protect
|
|-weather|SunnyDay|[upkeep]
|upkeep
|turn|2
|
|t:|1783968280
|switch|p1a: Raichu|Raichu, L50, M, shiny|100/100
|move|p2a: Incineroar|Darkest Lariat|p1a: Raichu
|-damage|p1a: Raichu|25/100
|move|p2b: Farigiraf|Psychic Noise|p1a: Raichu
|-damage|p1a: Raichu|0 fnt
|faint|p1a: Raichu
|move|p1b: Gardevoir|Trick Room|p1b: Gardevoir
|-fieldstart|move: Trick Room|[of] p1b: Gardevoir
|
|-weather|SunnyDay|[upkeep]
|upkeep
|
|t:|1783968293
|switch|p1a: Torkoal|Torkoal, L50, M, shiny|100/100
|turn|3
|
|t:|1783968313
|move|p2b: Farigiraf|Helping Hand|p2a: Incineroar
|-singleturn|p2a: Incineroar|Helping Hand|[of] p2b: Farigiraf
|move|p1b: Gardevoir|Helping Hand|p1a: Torkoal
|-singleturn|p1a: Torkoal|Helping Hand|[of] p1b: Gardevoir
|move|p1a: Torkoal|Eruption|p2a: Incineroar|[spread] p2a,p2b
|-resisted|p2a: Incineroar|1
|-damage|p2a: Incineroar|22/100
|-damage|p2b: Farigiraf|0 fnt
|-enditem|p2a: Incineroar|Sitrus Berry|[eat]
|-heal|p2a: Incineroar|47/100|[from] item: Sitrus Berry
|faint|p2b: Farigiraf
|move|p2a: Incineroar|Darkest Lariat|p1a: Torkoal
|-damage|p1a: Torkoal|55/100
|
|-weather|SunnyDay|[upkeep]
|upkeep
|
|t:|1783968330
|switch|p2b: Pelipper|Pelipper, L50, M|100/100
|-weather|RainDance|[from] ability: Drizzle|[of] p2b: Pelipper
|turn|4
|inactive|rushikeshraut1 has 30 seconds left.
|
|t:|1783968365
|switch|p1a: Venusaur|Venusaur, L50, F, shiny|100/100
|move|p2a: Incineroar|Darkest Lariat|p1b: Gardevoir
|-damage|p1b: Gardevoir|58/100
|move|p2b: Pelipper|Hydro Pump|p1a: Venusaur
|-resisted|p1a: Venusaur|1
|-damage|p1a: Venusaur|63/100
|move|p1b: Gardevoir|Moonblast|p2b: Pelipper
|-damage|p2b: Pelipper|38/100
|
|-weather|RainDance|[upkeep]
|upkeep
|turn|5
|
|t:|1783968389
|switch|p1a: Torkoal|Torkoal, L50, M, shiny|55/100
|-weather|SunnyDay|[from] ability: Drought|[of] p1a: Torkoal
|move|p2a: Incineroar|Darkest Lariat|p1b: Gardevoir
|-crit|p1b: Gardevoir
|-damage|p1b: Gardevoir|4/100
|-enditem|p1b: Gardevoir|Sitrus Berry|[eat]
|-heal|p1b: Gardevoir|28/100|[from] item: Sitrus Berry
|move|p2b: Pelipper|Hurricane|p1a: Torkoal|[miss]
|-miss|p2b: Pelipper|p1a: Torkoal
|move|p1b: Gardevoir|Heal Pulse|p1a: Torkoal
|-heal|p1a: Torkoal|100/100
|
|-weather|SunnyDay|[upkeep]
|upkeep
|turn|6
|-message|rushikeshraut1 forfeited.
|
|win|yosiel
|l|☆rushikeshraut1
|player|p2|
