|j|☆roman_legend
|j|☆Miguedeth
|html|roman_legendMiguedeth    
|uhtml|bestof|Game 1 of a best-of-3
|t:|1756588888
|gametype|doubles
|player|p1|roman_legend|2|1000
|player|p2|Miguedeth|266|1068
|gen|9
|tier|[Gen 9] VGC 2025 Reg H (Bo3)
|rated|
|rule|Species Clause: Limit one of each Pokémon
|rule|Item Clause: Limit 1 of each item
|clearpoke
|poke|p1|Gholdengo, L50|
|poke|p1|Sneasler, L50, M|
|poke|p1|Rillaboom, L50, F|
|poke|p1|Dragonite, L50, F|
|poke|p1|Ninetales-Alola, L50, F|
|poke|p1|Arcanine-Hisui, L50, F|
|poke|p2|Volcarona, L50, M|
|poke|p2|Gholdengo, L50|
|poke|p2|Dragonite, L50, F|
|poke|p2|Incineroar, L50, F|
|poke|p2|Sneasler, L50, F|
|poke|p2|Basculegion, L50, M|
|teampreview|4
|showteam|p1|Gholdengo||GrassySeed|GoodasGold|NastyPlot,MakeItRain,ShadowBall,Protect||||||50|,,,,,Water]Sneasler||WhiteHerb|Unburden|CloseCombat,DireClaw,Coaching,Protect|||M|||50|,,,,,Ghost]Rillaboom||AssaultVest|GrassySurge|FakeOut,GrassyGlide,DrumBeating,HighHorsepower|||F|||50|,,,,,Fire]Dragonite||LoadedDice|Multiscale|ScaleShot,StompingTantrum,Tailwind,Protect|||F|||50|,,,,,Ground]Ninetales-Alola||FocusSash|SnowWarning|Blizzard,IcyWind,Encore,AuroraVeil|||F|||50|,,,,,Ghost]Arcanine-Hisui||ClearAmulet|Intimidate|RockSlide,FlareBlitz,ExtremeSpeed,Protect|||F|||50|,,,,,Water
|showteam|p2|Volcarona||CovertCloak|FlameBody|QuiverDance,TeraBlast,HeatWave,Protect|||M|||50|,,,,,Fairy]Gholdengo||ChoiceSpecs|GoodasGold|MakeItRain,PowerGem,Thunderbolt,ShadowBall||||||50|,,,,,Steel]Dragonite||LoadedDice|Multiscale|Tailwind,ExtremeSpeed,ScaleShot,Haze|||F|||50|,,,,,Fairy]Incineroar||MirrorHerb|Intimidate|FakeOut,KnockOff,FlareBlitz,PartingShot|||F|||50|,,,,,Ghost]Sneasler||FocusSash|Unburden|DireClaw,CloseCombat,FakeOut,Coaching|||F|||50|,,,,,Stellar]Basculegion||ChoiceScarf|Adaptability|WaveCrash,LastRespects,TeraBlast,FlipTurn|||M|||50|,,,,,Water
|inactive|Battle timer is ON: inactive players will automatically lose when time's up. (requested by roman_legend)
|
|t:|1756588919
|teamsize|p1|4
|teamsize|p2|4
|start
|switch|p1a: Sneasler|Sneasler, L50, M, shiny|100/100
|switch|p1b: Dragonite|Dragonite, L50, F|100/100
|switch|p2a: Sneasler|Sneasler, L50, F|100/100
|switch|p2b: Basculegion|Basculegion, L50, M, shiny|100/100
|turn|1
|
|t:|1756588938
|move|p1a: Sneasler|Protect|p1a: Sneasler
|-singleturn|p1a: Sneasler|Protect
|move|p1b: Dragonite|Protect|p1b: Dragonite
|-singleturn|p1b: Dragonite|Protect
|move|p2a: Sneasler|Fake Out|p1b: Dragonite
|-activate|p1b: Dragonite|move: Protect
|move|p2b: Basculegion|Flip Turn|p1a: Sneasler
|-activate|p1a: Sneasler|move: Protect
|
|upkeep
|turn|2
|inactive|roman_legend has 30 seconds left.
|
|t:|1756588966
|-terastallize|p2b: Basculegion|Water
|move|p2b: Basculegion|Flip Turn|p1a: Sneasler
|-damage|p1a: Sneasler|41/100
|
|t:|1756588970
|switch|p2b: Dragonite|Dragonite, L50, F|100/100|[from] Flip Turn
|move|p2a: Sneasler|Coaching|p2b: Dragonite
|-boost|p2b: Dragonite|atk|1
|-boost|p2b: Dragonite|def|1
|move|p1a: Sneasler|Coaching|p1b: Dragonite
|-boost|p1b: Dragonite|atk|1
|-boost|p1b: Dragonite|def|1
|move|p1b: Dragonite|Scale Shot|p2a: Sneasler
|-damage|p2a: Sneasler|62/100
|-damage|p2a: Sneasler|26/100
|-damage|p2a: Sneasler|0 fnt
|faint|p2a: Sneasler
|-hitcount|p2: Sneasler|3
|-unboost|p1b: Dragonite|def|1
|-boost|p1b: Dragonite|spe|1
|
|upkeep
|
|t:|1756588990
|switch|p2a: Basculegion|Basculegion, L50, M, shiny, tera:Water|100/100
|turn|3
|
|t:|1756589008
|switch|p1a: Ninetales|Ninetales-Alola, L50, F|100/100
|-weather|Snowscape|[from] ability: Snow Warning|[of] p1a: Ninetales
|move|p1b: Dragonite|Scale Shot|p2b: Dragonite
|-supereffective|p2b: Dragonite
|-damage|p2b: Dragonite|82/100
|-supereffective|p2b: Dragonite
|-crit|p2b: Dragonite
|-damage|p2b: Dragonite|7/100
|-supereffective|p2b: Dragonite
|-damage|p2b: Dragonite|0 fnt
|faint|p2b: Dragonite
|-hitcount|p2: Dragonite|3
|-unboost|p1b: Dragonite|def|1
|-boost|p1b: Dragonite|spe|1
|move|p2a: Basculegion|Flip Turn|p1a: Ninetales
|-damage|p1a: Ninetales|49/100
|
|t:|1756589023
|switch|p2a: Volcarona|Volcarona, L50, M, shiny|100/100|[from] Flip Turn
|
|-weather|Snowscape|[upkeep]
|upkeep
|
|t:|1756589027
|switch|p2b: Basculegion|Basculegion, L50, M, shiny, tera:Water|100/100
|turn|4
|inactive|roman_legend has 30 seconds left.
|
|t:|1756589055
|move|p1b: Dragonite|Scale Shot|p2b: Basculegion
|-damage|p2b: Basculegion|74/100
|-damage|p2b: Basculegion|45/100
|-damage|p2b: Basculegion|14/100
|-damage|p2b: Basculegion|0 fnt
|faint|p2b: Basculegion
|-hitcount|p2: Basculegion|4
|-unboost|p1b: Dragonite|def|1
|-boost|p1b: Dragonite|spe|1
|move|p1a: Ninetales|Aurora Veil|p1a: Ninetales
|-sidestart|p1: roman_legend|move: Aurora Veil
|move|p2a: Volcarona|Heat Wave|p1b: Dragonite|[spread] p1a,p1b
|-supereffective|p1a: Ninetales
|-resisted|p1b: Dragonite
|-damage|p1a: Ninetales|0 fnt
|-damage|p1b: Dragonite|93/100
|faint|p1a: Ninetales
|
|-weather|Snowscape|[upkeep]
|upkeep
|
|t:|1756589061
|switch|p1a: Gholdengo|Gholdengo, L50, shiny|100/100
|turn|5
|-message|Miguedeth forfeited.
|
|win|roman_legend
|l|☆Miguedeth
|player|p2|
||Miguedeth is ready for game 2.
||roman_legend is ready for game 2.
|uhtml|next|Next: Game 2 of 3
