|j|☆iamtay
|j|☆lemonancy
|html|iamtaylemonancy    
|uhtml|bestof|Game 3 of a best-of-3
|t:|1782960175
|gametype|doubles
|player|p1|iamtay|266|
|player|p2|lemonancy|bellelba|
|gen|9
|tier|[Gen 9 Champions] VGC 2026 Reg M-B (Bo3)
|rule|Species Clause: Limit one of each Pokémon
|rule|Item Clause: Limit 1 of each item
|clearpoke
|poke|p1|Swampert, L50, M|
|poke|p1|Archaludon, L50, F|
|poke|p1|Politoed, L50, F|
|poke|p1|Incineroar, L50, F|
|poke|p1|Vivillon, L50, F|
|poke|p1|Gengar, L50, M|
|poke|p2|Delphox, L50, F|
|poke|p2|Kingambit, L50, M|
|poke|p2|Incineroar, L50, F|
|poke|p2|Floette-Eternal, L50, F|
|poke|p2|Sinistcha, L50|
|poke|p2|Sneasler, L50, F|
|teampreview|4
|showteam|p1|Swampert||Swampertite|Torrent|WaveCrash,Earthquake,FlipTurn,Protect|Adamant||M|||50|]Archaludon||Leftovers|Stamina|ElectroShot,DragonPulse,FlashCannon,Protect|Bold||F|||50|]Politoed||SitrusBerry|Drizzle|WeatherBall,Encore,PerishSong,Protect|Calm||F|||50|]Incineroar||PasshoBerry|Intimidate|FakeOut,DarkestLariat,PartingShot,Protect|Sassy||F|||50|]Vivillon||FocusSash|CompoundEyes|SleepPowder,Hurricane,RagePowder,Protect|Timid||F|||50|]Gengar||Gengarite|CursedBody|ShadowBall,SludgeBomb,PerishSong,Protect|Timid||M|||50|
|showteam|p2|Delphox||Delphoxite|Blaze|HeatWave,NastyPlot,Psyshock,Protect|Timid||F|||50|]Kingambit||BlackGlasses|Defiant|KowtowCleave,SuckerPunch,SwordsDance,Protect|Adamant||M|||50|]Incineroar||SitrusBerry|Intimidate|FlareBlitz,ThroatChop,FakeOut,PartingShot|Careful||F|||50|]Floette-Eternal||Floettite|FlowerVeil|Moonblast,DazzlingGleam,Protect,CalmMind|Timid||F|||50|]Sinistcha||OccaBerry|Hospitality|MatchaGotcha,TrickRoom,RagePowder,Protect|Bold|||||50|]Sneasler||FocusSash|PoisonTouch|CloseCombat,PoisonJab,FakeOut,QuickGuard|Jolly||F|||50|
|j| WeAreSudozZen
|j| Lepotatochip
|j| GradientVector
|j| shrimplyasapphic
|j| Autin Mago
|j| Evelyie
|inactive|Battle timer is ON: inactive players will automatically lose when time's up. (requested by lemonancy)
|
|t:|1782960218
|teamsize|p1|4
|teamsize|p2|4
|start
|switch|p1a: Gengar|Gengar, L50, M|100/100
|switch|p1b: Vivillon|Vivillon, L50, F|100/100
|switch|p2a: FreshFknMani|Sneasler, L50, F|100/100
|switch|p2b: Drag King|Kingambit, L50, M|100/100
|turn|1
|inactive|iamtay has 30 seconds left.
|
|t:|1782960247
|detailschange|p1a: Gengar|Gengar-Mega, L50, M
|-mega|p1a: Gengar|Gengar|Gengarite
|move|p1a: Gengar|Protect|p1a: Gengar
|-singleturn|p1a: Gengar|Protect
|move|p1b: Vivillon|Protect|p1b: Vivillon
|-singleturn|p1b: Vivillon|Protect
|move|p2a: FreshFknMani|Fake Out|p1b: Vivillon
|-activate|p1b: Vivillon|move: Protect
|move|p2b: Drag King|Kowtow Cleave|p1a: Gengar
|-activate|p1a: Gengar|move: Protect
|
|upkeep
|turn|2
|inactive|lemonancy has 30 seconds left.
|inactive|lemonancy has 20 seconds left.
|
|t:|1782960283
|move|p1a: Gengar|Perish Song|p1a: Gengar
|-start|p1a: Gengar|perish3|[silent]
|-start|p1b: Vivillon|perish3|[silent]
|-start|p2a: FreshFknMani|perish3|[silent]
|-start|p2b: Drag King|perish3|[silent]
|-fieldactivate|move: Perish Song
|move|p2a: FreshFknMani|Poison Jab|p1b: Vivillon
|-damage|p1b: Vivillon|21/100
|move|p1b: Vivillon|Sleep Powder|p2b: Drag King
|-status|p2b: Drag King|slp|[from] move: Sleep Powder
|cant|p2b: Drag King|slp
|
|-start|p1a: Gengar|perish3
|-start|p2a: FreshFknMani|perish3
|-start|p1b: Vivillon|perish3
|-start|p2b: Drag King|perish3
|upkeep
|turn|3
|inactive|iamtay has 30 seconds left.
|inactive|lemonancy has 30 seconds left.
|
|t:|1782960316
|switch|p1b: Politoed|Politoed, L50, F|100/100
|-weather|RainDance|[from] ability: Drizzle|[of] p1b: Politoed
|move|p1a: Gengar|Shadow Ball|p2a: FreshFknMani
|-damage|p2a: FreshFknMani|39/100
|move|p2a: FreshFknMani|Poison Jab|p1b: Politoed
|-damage|p1b: Politoed|55/100
|-status|p1b: Politoed|psn
|cant|p2b: Drag King|slp
|
|-weather|RainDance|[upkeep]
|-damage|p1b: Politoed|43/100 psn|[from] psn
|-start|p1a: Gengar|perish2
|-start|p2a: FreshFknMani|perish2
|-start|p2b: Drag King|perish2
|upkeep
|-enditem|p1b: Politoed|Sitrus Berry|[eat]
|-heal|p1b: Politoed|68/100 psn|[from] item: Sitrus Berry
|turn|4
|inactive|iamtay has 30 seconds left.
|inactive|lemonancy has 30 seconds left.
|
|t:|1782960348
|move|p1a: Gengar|Protect|p1a: Gengar
|-singleturn|p1a: Gengar|Protect
|move|p1b: Politoed|Protect|p1b: Politoed
|-singleturn|p1b: Politoed|Protect
|move|p2a: FreshFknMani|Close Combat|p1b: Politoed
|-activate|p1b: Politoed|move: Protect
|-curestatus|p2b: Drag King|slp|[msg]
|move|p2b: Drag King|Kowtow Cleave|p1a: Gengar
|-activate|p1a: Gengar|move: Protect
|
|-weather|RainDance|[upkeep]
|-damage|p1b: Politoed|56/100 psn|[from] psn
|-start|p1a: Gengar|perish1
|-start|p2a: FreshFknMani|perish1
|-start|p2b: Drag King|perish1
|upkeep
|turn|5
|inactive|lemonancy has 30 seconds left.
|
|t:|1782960383
|switch|p1a: Incineroar|Incineroar, L50, F|100/100
|-ability|p1a: Incineroar|Intimidate|boost
|-unboost|p2a: FreshFknMani|atk|1
|-unboost|p2b: Drag King|atk|1
|-ability|p2b: Drag King|Defiant|boost
|-boost|p2b: Drag King|atk|2
|switch|p1b: Vivillon|Vivillon, L50, F|21/100
|move|p2a: FreshFknMani|Poison Jab|p1a: Incineroar
|-damage|p1a: Incineroar|77/100
|-status|p1a: Incineroar|psn
|move|p2b: Drag King|Kowtow Cleave|p1b: Vivillon
|-damage|p1b: Vivillon|0 fnt
|faint|p1b: Vivillon
|
|-weather|RainDance|[upkeep]
|-damage|p1a: Incineroar|65/100 psn|[from] psn
|-start|p2a: FreshFknMani|perish0
|-start|p2b: Drag King|perish0
|upkeep
|faint|p2a: FreshFknMani
|faint|p2b: Drag King
|inactive|lemonancy has 30 seconds left.
|
|t:|1782960410
|switch|p2a: Daddy's Girl|Floette-Eternal, L50, F|100/100
|switch|p1b: Gengar|Gengar-Mega, L50, M|100/100
|switch|p2b: A Teagirl|Sinistcha, L50|100/100
|turn|6
|
|t:|1782960427
|detailschange|p2a: Daddy's Girl|Floette-Mega, L50, F
|-mega|p2a: Daddy's Girl|Floette|Floettite
|-ability|p2a: Daddy's Girl|Fairy Aura
|move|p1a: Incineroar|Fake Out|p2a: Daddy's Girl
|-damage|p2a: Daddy's Girl|87/100
|move|p1b: Gengar|Perish Song|p1b: Gengar
|-start|p1a: Incineroar|perish3|[silent]
|-start|p1b: Gengar|perish3|[silent]
|-start|p2a: Daddy's Girl|perish3|[silent]
|-start|p2b: A Teagirl|perish3|[silent]
|-fieldactivate|move: Perish Song
|cant|p2a: Daddy's Girl|flinch
|move|p2b: A Teagirl|Trick Room|p2b: A Teagirl
|-fieldstart|move: Trick Room|[of] p2b: A Teagirl
|
|-weather|RainDance|[upkeep]
|-damage|p1a: Incineroar|52/100 psn|[from] psn
|-start|p1a: Incineroar|perish3
|-start|p2b: A Teagirl|perish3
|-start|p2a: Daddy's Girl|perish3
|-start|p1b: Gengar|perish3
|upkeep
|turn|7
|inactive|iamtay has 30 seconds left.
|inactive|lemonancy has 30 seconds left.
|
|t:|1782960461
|move|p1b: Gengar|Protect|p1b: Gengar
|-singleturn|p1b: Gengar|Protect
|move|p1a: Incineroar|Parting Shot|p2a: Daddy's Girl
|-unboost|p2a: Daddy's Girl|atk|1
|-unboost|p2a: Daddy's Girl|spa|1
|
|t:|1782960466
|switch|p1a: Politoed|Politoed, L50, F|56/100 psn|[from] Parting Shot
|move|p2b: A Teagirl|Matcha Gotcha|p1b: Gengar|[spread] p1a
|-activate|p1b: Gengar|move: Protect
|-supereffective|p1a: Politoed|1
|-damage|p1a: Politoed|19/100 psn
|move|p2a: Daddy's Girl|Calm Mind|p2a: Daddy's Girl
|-boost|p2a: Daddy's Girl|spa|1
|-boost|p2a: Daddy's Girl|spd|1
|
|-weather|none
|-damage|p1a: Politoed|7/100 psn|[from] psn
|-start|p2b: A Teagirl|perish2
|-start|p2a: Daddy's Girl|perish2
|-start|p1b: Gengar|perish2
|upkeep
|turn|8
|
|t:|1782960490
|move|p2b: A Teagirl|Matcha Gotcha|p1b: Gengar|[spread] p1a,p1b
|-supereffective|p1a: Politoed|1
|-crit|p1a: Politoed
|-resisted|p1b: Gengar|1
|-damage|p1a: Politoed|0 fnt
|-damage|p1b: Gengar|87/100
|-status|p1b: Gengar|brn
|faint|p1a: Politoed
|move|p2a: Daddy's Girl|Dazzling Gleam|p1b: Gengar
|-resisted|p1b: Gengar|1
|-damage|p1b: Gengar|53/100 brn
|move|p1b: Gengar|Sludge Bomb|p2a: Daddy's Girl
|-supereffective|p2a: Daddy's Girl|1
|-damage|p2a: Daddy's Girl|34/100
|
|-damage|p1b: Gengar|47/100 brn|[from] brn
|-start|p2b: A Teagirl|perish1
|-start|p2a: Daddy's Girl|perish1
|-start|p1b: Gengar|perish1
|upkeep
|
|t:|1782960497
|switch|p1a: Incineroar|Incineroar, L50, F|52/100 psn
|-ability|p1a: Incineroar|Intimidate|boost
|-unboost|p2a: Daddy's Girl|atk|1
|-unboost|p2b: A Teagirl|atk|1
|turn|9
|c| Evelyie|iamtay con perish..
|l| Lepotatochip
|c| WeAreSudozZen|6 con 7
|c|☆lemonancy|wp
|l| Autin Mago
|-message|lemonancy forfeited.
|
|win|iamtay
|c|☆iamtay|gg
|l| Evelyie
|c|☆lemonancy|yeah
|l| WeAreSudozZen
|l| shrimplyasapphic
|l| GradientVector
|l|☆iamtay
|player|p1|
