|j|☆gundnub
|j|☆blisswy
|html|gundnubblisswy    
|uhtml|bestof|Game 2 of a best-of-3
|t:|1783281296
|gametype|doubles
|player|p1|gundnub|pokemonranger-gen4|
|player|p2|blisswy|lady-gen4|
|gen|9
|tier|[Gen 9 Champions] VGC 2026 Reg M-B (Bo3)
|rule|Species Clause: Limit one of each Pokémon
|rule|Item Clause: Limit 1 of each item
|clearpoke
|poke|p1|Altaria, L50, F|
|poke|p1|Gliscor, L50, F|
|poke|p1|Ariados, L50, F|
|poke|p1|Arcanine, L50, F|
|poke|p1|Aggron, L50, M|
|poke|p1|Blastoise, L50, F|
|poke|p2|Krookodile, L50, F|
|poke|p2|Klefki, L50, M|
|poke|p2|Floette-Eternal, L50, F|
|poke|p2|Charizard, L50, M|
|poke|p2|Gengar, L50, F|
|poke|p2|Pinsir, L50, M|
|teampreview|4
|showteam|p1|Altaria||Altarianite|NaturalCure|Protect,HyperVoice,DragonPulse,Roost|Modest||F|||50|]Gliscor||LifeOrb|HyperCutter|Protect,HighHorsepower,DualWingbeat,Tailwind|Adamant||F|||50|]Ariados||SitrusBerry|Insomnia|Protect,KnockOff,RagePowder,StringShot|Impish||F|||50|]Arcanine||PasshoBerry|Intimidate|Protect,FlareBlitz,ExtremeSpeed,WillOWisp|Careful||F|||50|]Aggron||Aggronite|Sturdy|Protect,HeavySlam,BodyPress,IronDefense|Impish||M|||50|]Blastoise||MysticWater|Torrent|WaterSpout,LifeDew,FlipTurn,FakeOut|Modest||F|||50|
|showteam|p2|Krookodile||LifeOrb|Intimidate|Earthquake,KnockOff,Protect,Snarl|Jolly||F|||50|]Klefki||LightClay|Prankster|Reflect,LightScreen,DazzlingGleam,SunnyDay|Sassy||M|||50|]Floette-Eternal||FairyFeather|FlowerVeil|DrainingKiss,CalmMind,DazzlingGleam,Protect|Modest||F|||50|]Charizard||ChoiceScarf|SolarPower|HeatWave,WeatherBall,DragonPulse,SolarBeam|Modest||M|||50|]Gengar||FocusSash|CursedBody|ShadowBall,Taunt,IcyWind,SludgeBomb|Timid||F|||50|]Pinsir||Pinsirite|HyperCutter|BodySlam,Lunge,Protect,QuickAttack|Jolly||M|||50|
|inactive|Battle timer is ON: inactive players will automatically lose when time's up. (requested by gundnub)
|inactive|gundnub has 60 seconds left.
|
|t:|1783281327
|teamsize|p1|4
|teamsize|p2|4
|start
|switch|p1a: Aggron|Aggron, L50, M|100/100
|switch|p1b: Blastoise|Blastoise, L50, F|100/100
|switch|p2a: Floette|Floette-Eternal, L50, F|100/100
|switch|p2b: Gengar|Gengar, L50, F|100/100
|turn|1
|inactive|blisswy has 30 seconds left.
|
|t:|1783281360
|switch|p2a: Klefki|Klefki, L50, M|100/100
|detailschange|p1a: Aggron|Aggron-Mega, L50, M
|-mega|p1a: Aggron|Aggron|Aggronite
|move|p2b: Gengar|Shadow Ball|p1b: Blastoise
|-damage|p1b: Blastoise|64/100
|-unboost|p1b: Blastoise|spd|1
|move|p1b: Blastoise|Water Spout|p2a: Klefki|[spread] p2a,p2b
|-damage|p2a: Klefki|68/100
|-damage|p2b: Gengar|44/100
|move|p1a: Aggron|Heavy Slam|p2b: Gengar
|-damage|p2b: Gengar|0 fnt
|-start|p1a: Aggron|Disable|Heavy Slam|[from] ability: Cursed Body|[of] p2b: Gengar
|faint|p2b: Gengar
|
|upkeep
|
|t:|1783281379
|switch|p2b: Charizard|Charizard, L50, M|100/100
|turn|2
|inactive|gundnub has 30 seconds left.
|
|t:|1783281411
|switch|p1b: Ariados|Ariados, L50, F|100/100
|switch|p1a: Arcanine|Arcanine, L50, F|100/100
|-ability|p1a: Arcanine|Intimidate|boost
|-unboost|p2a: Klefki|atk|1
|-unboost|p2b: Charizard|atk|1
|move|p2a: Klefki|Sunny Day|p2a: Klefki
|-weather|SunnyDay
|move|p2b: Charizard|Heat Wave|p1b: Ariados|[spread] p1b
|-miss|p2b: Charizard|p1a: Arcanine
|-supereffective|p1b: Ariados|1
|-damage|p1b: Ariados|0 fnt
|faint|p1b: Ariados
|
|-weather|SunnyDay|[upkeep]
|-damage|p2b: Charizard|87/100|[from] ability: Solar Power|[of] p2b: Charizard
|upkeep
|
|t:|1783281423
|switch|p1b: Blastoise|Blastoise, L50, F|64/100
|turn|3
|
|t:|1783281435
|move|p1b: Blastoise|Fake Out|p2b: Charizard
|-damage|p2b: Charizard|77/100
|move|p2a: Klefki|Reflect|p2a: Klefki
|-sidestart|p2: blisswy|Reflect
|cant|p2b: Charizard|flinch
|move|p1a: Arcanine|Flare Blitz|p2b: Charizard
|-resisted|p2b: Charizard|1
|-damage|p2b: Charizard|47/100
|-damage|p1a: Arcanine|92/100|[from] Recoil
|
|-weather|SunnyDay|[upkeep]
|-damage|p2b: Charizard|35/100|[from] ability: Solar Power|[of] p2b: Charizard
|upkeep
|turn|4
|
|t:|1783281449
|move|p2a: Klefki|Light Screen|p2a: Klefki
|-sidestart|p2: blisswy|move: Light Screen
|move|p2b: Charizard|Heat Wave|p1a: Arcanine|[spread] p1a,p1b
|-resisted|p1a: Arcanine|1
|-resisted|p1b: Blastoise|1
|-damage|p1a: Arcanine|56/100
|-damage|p1b: Blastoise|30/100
|move|p1a: Arcanine|Flare Blitz|p2b: Charizard
|-resisted|p2b: Charizard|1
|-damage|p2b: Charizard|3/100
|-damage|p1a: Arcanine|47/100|[from] Recoil
|move|p1b: Blastoise|Life Dew|p1b: Blastoise|[spread] p1a,p1b
|-heal|p1a: Arcanine|72/100
|-heal|p1b: Blastoise|55/100
|
|-weather|SunnyDay|[upkeep]
|-damage|p2b: Charizard|0 fnt|[from] ability: Solar Power|[of] p2b: Charizard
|faint|p2b: Charizard
|upkeep
|
|t:|1783281459
|switch|p2b: Floette|Floette-Eternal, L50, F|100/100
|turn|5
|
|t:|1783281469
|move|p2b: Floette|Calm Mind|p2b: Floette
|-boost|p2b: Floette|spa|1
|-boost|p2b: Floette|spd|1
|move|p1a: Arcanine|Flare Blitz|p2a: Klefki
|-supereffective|p2a: Klefki|1
|-damage|p2a: Klefki|0 fnt
|faint|p2a: Klefki
|-damage|p1a: Arcanine|53/100|[from] Recoil
|move|p1b: Blastoise|Flip Turn|p2b: Floette
|-damage|p2b: Floette|90/100
|
|t:|1783281472
|switch|p1b: Aggron|Aggron-Mega, L50, M|100/100|[from] Flip Turn
|
|-weather|SunnyDay|[upkeep]
|upkeep
|turn|6
|
|t:|1783281477
|move|p2b: Floette|Draining Kiss|p1a: Arcanine
|-resisted|p1a: Arcanine|1
|-damage|p1a: Arcanine|33/100
|-heal|p2b: Floette|100/100|[from] drain|[of] p1a: Arcanine
|move|p1a: Arcanine|Flare Blitz|p2b: Floette
|-damage|p2b: Floette|30/100
|-status|p2b: Floette|brn
|-damage|p1a: Arcanine|14/100|[from] Recoil
|move|p1b: Aggron|Heavy Slam|p2b: Floette
|-supereffective|p2b: Floette|1
|-damage|p2b: Floette|0 fnt
|faint|p2b: Floette
|
|win|gundnub
||blisswy is ready for game 3.
||gundnub is ready for game 3.
|uhtml|next|Next: Game 3 of 3
|l|☆blisswy
|player|p2|
