|j|☆alexander1111
|j|☆lukashz
|html|alexander1111lukashz    
|uhtml|bestof|Game 1 of a best-of-3
|t:|1784265842
|gametype|doubles
|player|p1|alexander1111|preschooler|1380
|player|p2|lukashz|elesa|1331
|gen|9
|tier|[Gen 9 Champions] VGC 2026 Reg M-B (Bo3)
|rated|
|rule|Species Clause: Limit one of each Pokémon
|rule|Item Clause: Limit 1 of each item
|clearpoke
|poke|p1|Milotic, L50, M|
|poke|p1|Maushold-Four, L50|
|poke|p1|Charizard, L50, M, shiny|
|poke|p1|Whimsicott, L50, F, shiny|
|poke|p1|Kingambit, L50, M|
|poke|p1|Garchomp, L50, M|
|poke|p2|Charizard, L50, M|
|poke|p2|Incineroar, L50, F|
|poke|p2|Sylveon, L50, F|
|poke|p2|Farigiraf, L50, M|
|poke|p2|Garchomp, L50, F|
|poke|p2|Aerodactyl, L50, M|
|teampreview|4
|showteam|p1|Milotic||SitrusBerry|Competitive|Scald,IceBeam,HelpingHand,Protect|Modest||M|||50|]Maushold-Four||WideLens|Technician|PopulationBomb,FollowMe,Protect,SunnyDay|Jolly|||||50|]Charizard||CharizarditeY|Blaze|SolarBeam,HeatWave,WeatherBall,Protect|Timid||M|||50|]Whimsicott||FocusSash|Prankster|Tailwind,Moonblast,Protect,Encore|Timid||F|||50|]Kingambit||ChopleBerry|Defiant|KowtowCleave,SuckerPunch,IronHead,LowKick|Adamant||M|||50|]Garchomp||LifeOrb|RoughSkin|RockSlide,Earthquake,DragonClaw,Protect|Jolly||M|||50|
|showteam|p2|Charizard||CharizarditeY|Blaze|HeatWave,WeatherBall,SolarBeam,Protect|Modest||M|||50|]Incineroar||Charcoal|Intimidate|FlareBlitz,DarkestLariat,FakeOut,PartingShot|Brave||F|||50|]Sylveon||FairyFeather|Pixilate|HyperVoice,Yawn,QuickAttack,Protect|Modest||F|||50|]Farigiraf||SitrusBerry|ArmorTail|Psyshock,HelpingHand,TrickRoom,Protect|Calm||M|||50|]Garchomp||LifeOrb|RoughSkin|Earthquake,Protect,DragonClaw,StompingTantrum|Jolly||F|||50|]Aerodactyl||FocusSash|Unnerve|RockSlide,Tailwind,WideGuard,Protect|Jolly||M|||50|
|
|t:|1784265878
|teamsize|p1|4
|teamsize|p2|4
|start
|switch|p1a: Milotic|Milotic, L50, M|100/100
|switch|p1b: Whimsicott|Whimsicott, L50, F, shiny|100/100
|switch|p2a: Garchomp|Garchomp, L50, F|100/100
|switch|p2b: Charizard|Charizard, L50, M|100/100
|turn|1
|inactive|Battle timer is ON: inactive players will automatically lose when time's up. (requested by lukashz)
|inactive|lukashz has 60 seconds left.
|
|t:|1784265925
|detailschange|p2b: Charizard|Charizard-Mega-Y, L50, M
|-mega|p2b: Charizard|Charizard|Charizardite Y
|-weather|SunnyDay|[from] ability: Drought|[of] p2b: Charizard
|move|p1b: Whimsicott|Tailwind|p1b: Whimsicott
|-sidestart|p1: alexander1111|move: Tailwind
|move|p1a: Milotic|Ice Beam|p2a: Garchomp
|-supereffective|p2a: Garchomp|2
|-damage|p2a: Garchomp|0 fnt
|faint|p2a: Garchomp
|move|p2b: Charizard|Heat Wave|p1a: Milotic|[spread] p1a,p1b
|-resisted|p1a: Milotic|1
|-supereffective|p1b: Whimsicott|1
|-damage|p1a: Milotic|73/100
|-enditem|p1b: Whimsicott|Focus Sash
|-damage|p1b: Whimsicott|1/100
|
|-weather|SunnyDay|[upkeep]
|upkeep
|
|t:|1784265936
|switch|p2a: Sylveon|Sylveon, L50, F|100/100
|turn|2
|inactive|alexander1111 has 30 seconds left.
|
|t:|1784265965
|switch|p1b: Charizard|Charizard, L50, M, shiny|100/100
|move|p1a: Milotic|Scald|p2b: Charizard
|-supereffective|p2b: Charizard|1
|-damage|p2b: Charizard|67/100
|move|p2b: Charizard|Heat Wave|p1a: Milotic|[spread] p1a,p1b
|-resisted|p1a: Milotic|1
|-resisted|p1b: Charizard|1
|-damage|p1a: Milotic|47/100
|-damage|p1b: Charizard|56/100
|-enditem|p1a: Milotic|Sitrus Berry|[eat]
|-heal|p1a: Milotic|71/100|[from] item: Sitrus Berry
|move|p2a: Sylveon|Yawn|p1a: Milotic
|-start|p1a: Milotic|move: Yawn|[of] p2a: Sylveon
|
|-weather|SunnyDay|[upkeep]
|upkeep
|turn|3
|inactive|alexander1111 has 30 seconds left.
|inactive|lukashz has 30 seconds left.
|
|t:|1784265990
|switch|p1a: Whimsicott|Whimsicott, L50, F, shiny|1/100
|switch|p2a: Incineroar|Incineroar, L50, F|100/100
|-ability|p2a: Incineroar|Intimidate|boost
|-unboost|p1a: Whimsicott|atk|1
|-unboost|p1b: Charizard|atk|1
|detailschange|p1b: Charizard|Charizard-Mega-Y, L50, M, shiny
|-mega|p1b: Charizard|Charizard|Charizardite Y
|move|p2b: Charizard|Protect|p2b: Charizard
|-singleturn|p2b: Charizard|Protect
|move|p1b: Charizard|Heat Wave|p2a: Incineroar|[spread] 
|-activate|p2b: Charizard|move: Protect
|-miss|p1b: Charizard|p2a: Incineroar
|
|-weather|SunnyDay|[upkeep]
|upkeep
|turn|4
|
|t:|1784266009
|move|p1a: Whimsicott|Protect|p1a: Whimsicott
|-singleturn|p1a: Whimsicott|Protect
|move|p1b: Charizard|Protect|p1b: Charizard
|-singleturn|p1b: Charizard|Protect
|move|p2b: Charizard|Heat Wave|p1b: Charizard|[spread] 
|-activate|p1a: Whimsicott|move: Protect
|-activate|p1b: Charizard|move: Protect
|move|p2a: Incineroar|Darkest Lariat|p1b: Charizard
|-activate|p1b: Charizard|move: Protect
|
|-weather|SunnyDay|[upkeep]
|-sideend|p1: alexander1111|move: Tailwind
|upkeep
|turn|5
|inactive|alexander1111 has 30 seconds left.
|inactive|alexander1111 has 20 seconds left.
|inactive|alexander1111 has 15 seconds left.
|inactive|alexander1111 has 10 seconds left.
|
|t:|1784266057
|switch|p1b: Garchomp|Garchomp, L50, M|100/100
|move|p1a: Whimsicott|Moonblast|p2a: Incineroar
|-damage|p2a: Incineroar|65/100
|move|p2b: Charizard|Heat Wave|p1b: Garchomp|[spread] p1a
|-miss|p2b: Charizard|p1b: Garchomp
|-supereffective|p1a: Whimsicott|1
|-damage|p1a: Whimsicott|0 fnt
|faint|p1a: Whimsicott
|move|p2a: Incineroar|Parting Shot|p1b: Garchomp
|-unboost|p1b: Garchomp|atk|1
|-unboost|p1b: Garchomp|spa|1
|
|t:|1784266064
|switch|p2a: Sylveon|Sylveon, L50, F|100/100|[from] Parting Shot
|
|-weather|none
|upkeep
|
|t:|1784266066
|switch|p1a: Charizard|Charizard-Mega-Y, L50, M, shiny|56/100
|-weather|SunnyDay|[from] ability: Drought|[of] p1a: Charizard
|turn|6
|inactive|alexander1111 has 30 seconds left.
|inactive|alexander1111 has 20 seconds left.
|
|t:|1784266105
|switch|p2b: Incineroar|Incineroar, L50, F|65/100
|-ability|p2b: Incineroar|Intimidate|boost
|-unboost|p1a: Charizard|atk|1
|-unboost|p1b: Garchomp|atk|1
|move|p1b: Garchomp|Protect|p1b: Garchomp
|-singleturn|p1b: Garchomp|Protect
|move|p2a: Sylveon|Protect|p2a: Sylveon
|-singleturn|p2a: Sylveon|Protect
|move|p1a: Charizard|Weather Ball|p2a: Sylveon
|-activate|p2a: Sylveon|move: Protect
|
|-weather|SunnyDay|[upkeep]
|upkeep
|turn|7
|
|t:|1784266123
|switch|p1b: Milotic|Milotic, L50, M|71/100
|move|p1a: Charizard|Heat Wave|p2a: Sylveon|[spread] p2a,p2b
|-resisted|p2b: Incineroar|1
|-damage|p2a: Sylveon|50/100g
|-damage|p2b: Incineroar|32/100
|move|p2a: Sylveon|Hyper Voice|p1b: Milotic|[spread] p1a,p1b
|-resisted|p1a: Charizard|1
|-damage|p1a: Charizard|31/100
|-damage|p1b: Milotic|33/100
|move|p2b: Incineroar|Darkest Lariat|p1b: Milotic
|-damage|p1b: Milotic|0 fnt
|faint|p1b: Milotic
|
|-weather|SunnyDay|[upkeep]
|upkeep
|
|t:|1784266130
|switch|p1b: Garchomp|Garchomp, L50, M|100/100
|turn|8
|
|t:|1784266154
|move|p2a: Sylveon|Protect|p2a: Sylveon
|-singleturn|p2a: Sylveon|Protect
|move|p1b: Garchomp|Rock Slide|p2a: Sylveon|[spread] p2b
|-activate|p2a: Sylveon|move: Protect
|-supereffective|p2b: Incineroar|1
|-damage|p2b: Incineroar|0 fnt
|faint|p2b: Incineroar
|-damage|p1b: Garchomp|90/100|[from] item: Life Orb
|move|p1a: Charizard|Weather Ball|p2a: Sylveon
|-activate|p2a: Sylveon|move: Protect
|
|-weather|SunnyDay|[upkeep]
|upkeep
|
|t:|1784266163
|switch|p2b: Charizard|Charizard-Mega-Y, L50, M|67/100
|turn|9
|
|t:|1784266168
|move|p1b: Garchomp|Rock Slide|p2b: Charizard|[spread] p2a,p2b
|-supereffective|p2b: Charizard|2
|-damage|p2a: Sylveon|18/100
|-damage|p2b: Charizard|0 fnt
|faint|p2b: Charizard
|-damage|p1b: Garchomp|80/100|[from] item: Life Orb
|move|p1a: Charizard|Weather Ball|p2a: Sylveon
|-damage|p2a: Sylveon|0 fnt
|faint|p2a: Sylveon
|
|win|alexander1111
||alexander1111 is ready for game 2.
||lukashz is ready for game 2.
|uhtml|next|Next: Game 2 of 3
