|j|☆taka89
|j|☆MR. HEROW
|html|taka89MR. HEROW    
|uhtml|bestof|Game 2 of a best-of-3
|t:|1756901282
|gametype|doubles
|player|p1|taka89|clerk-boss|1160
|player|p2|MR. HEROW|102|1083
|gen|9
|tier|[Gen 9] VGC 2025 Reg H (Bo3)
|rated|
|rule|Species Clause: Limit one of each Pokémon
|rule|Item Clause: Limit 1 of each item
|clearpoke
|poke|p1|Flamigo, L50, M|
|poke|p1|Porygon2, L50|
|poke|p1|Ursaluna, L50, M|
|poke|p1|Archaludon, L50, M|
|poke|p1|Tyranitar, L50, M|
|poke|p1|Incineroar, L50, M|
|poke|p2|Oricorio-Sensu, L50, M|
|poke|p2|Volcarona, L50, M|
|poke|p2|Indeedee-F, L50, F|
|poke|p2|Murkrow, L50, F|
|poke|p2|Dragapult, L50, M|
|poke|p2|Garchomp, L50, M|
|teampreview|4
|showteam|p1|Flamigo||ChoiceScarf|Scrappy|BraveBird,DualWingbeat,CloseCombat,Uturn|||M|||50|,,,,,Ghost]Porygon2||Eviolite|Download|Thunderbolt,TeraBlast,TrickRoom,Protect||||||50|,,,,,Flying]Ursaluna||FlameOrb|Guts|Facade,Earthquake,HeadlongRush,Protect|||M|||50|,,,,,Ghost]Archaludon||AssaultVest|Stamina|ElectroShot,DarkPulse,BodyPress,DracoMeteor|||M|||50|,,,,,Grass]Tyranitar||FocusSash|SandStream|RockSlide,LowKick,KnockOff,Protect|||M|||50|,,,,,Flying]Incineroar||PasshoBerry|Intimidate|KnockOff,FlareBlitz,FakeOut,PartingShot|||M|||50|,,,,,Ghost
|showteam|p2|Oricorio-Sensu||SitrusBerry|Dancer|Tailwind,QuiverDance,RevelationDance,Protect|||M|||50|,,,,,Flying]Volcarona||Leftovers|FlameBody|QuiverDance,BugBuzz,FieryDance,Protect|||M|||50|,,,,,Fairy]Indeedee-F||MentalHerb|PsychicSurge|TrickRoom,Psychic,FollowMe,Imprison|||F|||50|,,,,,Grass]Murkrow||Eviolite|Prankster|Tailwind,FoulPlay,FeatherDance,Haze|||F|||50|,,,,,Dark]Dragapult||LifeOrb|Infiltrator|DragonDarts,Uturn,DragonClaw,PhantomForce|||M|||50|,,,,,Dragon]Garchomp||ChoiceScarf|RoughSkin|DragonClaw,Earthquake,StompingTantrum,RockSlide|||M|||50|,,,,,Fire
|inactive|Battle timer is ON: inactive players will automatically lose when time's up. (requested by taka89)
|
|t:|1756901320
|teamsize|p1|4
|teamsize|p2|4
|start
|switch|p1a: zapper|Tyranitar, L50, M, shiny|100/100
|switch|p1b: Winglade|Flamigo, L50, M|100/100
|switch|p2a: Garchomp|Garchomp, L50, M|100/100
|switch|p2b: Murkrow|Murkrow, L50, F|100/100
|-weather|Sandstorm|[from] ability: Sand Stream|[of] p1a: zapper
|turn|1
|inactive|taka89 has 30 seconds left.
|inactive|MR. HEROW has 30 seconds left.
|inactive|taka89 has 20 seconds left.
|
|t:|1756901356
|switch|p1a: Balthizard|Ursaluna, L50, M, shiny|100/100
|move|p2b: Murkrow|Feather Dance|p1b: Winglade
|-unboost|p1b: Winglade|atk|2
|move|p1b: Winglade|U-turn|p2a: Garchomp
|-damage|p2a: Garchomp|90/100
|-damage|p1b: Winglade|88/100|[from] ability: Rough Skin|[of] p2a: Garchomp
|
|t:|1756901368
|switch|p1b: swatchling|Porygon2, L50|100/100|[from] U-turn
|-ability|p1b: swatchling|Download|boost
|-boost|p1b: swatchling|spa|1
|move|p2a: Garchomp|Rock Slide|p1a: Balthizard|[spread] p1a,p1b
|-resisted|p1a: Balthizard
|-damage|p1a: Balthizard|94/100
|-damage|p1b: swatchling|86/100
|
|-weather|Sandstorm|[upkeep]
|-damage|p2b: Murkrow|95/100|[from] Sandstorm
|-damage|p1b: swatchling|81/100|[from] Sandstorm
|-status|p1a: Balthizard|brn|[from] item: Flame Orb
|upkeep
|turn|2
|inactive|taka89 has 30 seconds left.
|
|t:|1756901397
|move|p1a: Balthizard|Protect|p1a: Balthizard
|-singleturn|p1a: Balthizard|Protect
|move|p2a: Garchomp|Rock Slide|p1b: swatchling|[spread] p1b
|-activate|p1a: Balthizard|move: Protect
|-damage|p1b: swatchling|67/100
|move|p2b: Murkrow|Foul Play|p1a: Balthizard
|-activate|p1a: Balthizard|move: Protect
|move|p1b: swatchling|Thunderbolt|p2b: Murkrow
|-supereffective|p2b: Murkrow
|-damage|p2b: Murkrow|13/100
|
|-weather|Sandstorm|[upkeep]
|-damage|p2b: Murkrow|7/100|[from] Sandstorm
|-damage|p1b: swatchling|61/100|[from] Sandstorm
|-damage|p1a: Balthizard|88/100 brn|[from] brn
|upkeep
|turn|3
|inactive|taka89 has 30 seconds left.
|
|t:|1756901428
|switch|p2b: Oricorio|Oricorio-Sensu, L50, M|100/100
|switch|p1a: zapper|Tyranitar, L50, M, shiny|100/100
|move|p2a: Garchomp|Rock Slide|p1a: zapper|[spread] p1a,p1b
|-damage|p1a: zapper|84/100
|-damage|p1b: swatchling|47/100
|cant|p1b: swatchling|flinch
|
|-weather|Sandstorm|[upkeep]
|-damage|p2b: Oricorio|94/100|[from] Sandstorm
|-damage|p1b: swatchling|41/100|[from] Sandstorm
|upkeep
|turn|4
|
|t:|1756901450
|move|p2b: Oricorio|Protect|p2b: Oricorio
|-singleturn|p2b: Oricorio|Protect
|move|p2a: Garchomp|Rock Slide|p1b: swatchling|[spread] p1b
|-miss|p2a: Garchomp|p1a: zapper
|-damage|p1b: swatchling|29/100
|move|p1a: zapper|Rock Slide|p2b: Oricorio|[spread] p2a
|-activate|p2b: Oricorio|move: Protect
|-resisted|p2a: Garchomp
|-damage|p2a: Garchomp|76/100
|move|p1b: swatchling|Trick Room|p1b: swatchling
|-fieldstart|move: Trick Room|[of] p1b: swatchling
|
|-weather|Sandstorm|[upkeep]
|-damage|p1b: swatchling|23/100|[from] Sandstorm
|-damage|p2b: Oricorio|88/100|[from] Sandstorm
|upkeep
|turn|5
|inactive|taka89 has 30 seconds left.
|
|t:|1756901475
|switch|p2a: Murkrow|Murkrow, L50, F|7/100
|-terastallize|p2b: Oricorio|Flying
|move|p1b: swatchling|Tera Blast|p2a: Murkrow
|-crit|p2a: Murkrow
|-damage|p2a: Murkrow|0 fnt
|faint|p2a: Murkrow
|move|p1a: zapper|Rock Slide|p2b: Oricorio
|-supereffective|p2b: Oricorio
|-damage|p2b: Oricorio|0 fnt
|faint|p2b: Oricorio
|
|-weather|none
|upkeep
|
|t:|1756901479
|switch|p2b: Garchomp|Garchomp, L50, M|76/100
|switch|p2a: Volcarona|Volcarona, L50, M|100/100
|turn|6
|
|t:|1756901501
|move|p1b: swatchling|Tera Blast|p2b: Garchomp
|-damage|p2b: Garchomp|25/100
|move|p1a: zapper|Rock Slide|p2a: Volcarona|[spread] p2b
|-miss|p1a: zapper|p2a: Volcarona
|-resisted|p2b: Garchomp
|-damage|p2b: Garchomp|11/100
|move|p2a: Volcarona|Bug Buzz|p1a: zapper
|-supereffective|p1a: zapper
|-damage|p1a: zapper|0 fnt
|faint|p1a: zapper
|move|p2b: Garchomp|Stomping Tantrum|p1b: swatchling
|-damage|p1b: swatchling|0 fnt
|faint|p1b: swatchling
|
|upkeep
|
|t:|1756901520
|switch|p1b: Winglade|Flamigo, L50, M|88/100
|switch|p1a: Balthizard|Ursaluna, L50, M, shiny|88/100 brn
|turn|7
|inactive|taka89 has 30 seconds left.
|
|t:|1756901548
|move|p1a: Balthizard|Facade|p2a: Volcarona
|-damage|p2a: Volcarona|0 fnt
|faint|p2a: Volcarona
|move|p2b: Garchomp|Stomping Tantrum|p1a: Balthizard
|-damage|p1a: Balthizard|63/100 brn
|move|p1b: Winglade|Brave Bird|p2b: Garchomp
|-damage|p2b: Garchomp|0 fnt
|-damage|p1b: Winglade|76/100|[from] ability: Rough Skin|[of] p2b: Garchomp
|faint|p2b: Garchomp
|-damage|p1b: Winglade|72/100|[from] Recoil
|
|win|taka89
|raw|taka89's rating: 1160 → 1180(+20 for winning)
|raw|MR. HEROW's rating: 1083 → 1065(-18 for losing)
|l|☆MR. HEROW
|player|p2|
