|j|☆kyo_is_de4d
|j|☆PokemonWhileWork
|html|kyo_is_de4dPokemonWhileWork    
|uhtml|bestof|Game 1 of a best-of-3
|t:|1784224346
|gametype|doubles
|player|p1|kyo_is_de4d|170|1072
|player|p2|PokemonWhileWork|hugh|1062
|gen|9
|tier|[Gen 9 Champions] VGC 2026 Reg M-B (Bo3)
|rated|
|rule|Species Clause: Limit one of each Pokémon
|rule|Item Clause: Limit 1 of each item
|clearpoke
|poke|p1|Floette-Eternal, L50, F|
|poke|p1|Charizard, L50, F, shiny|
|poke|p1|Kingambit, L50, F, shiny|
|poke|p1|Whimsicott, L50, M, shiny|
|poke|p1|Basculegion, L50, M, shiny|
|poke|p1|Garchomp, L50, M, shiny|
|poke|p2|Ceruledge, L50, M|
|poke|p2|Incineroar, L50, M|
|poke|p2|Kangaskhan, L50, F|
|poke|p2|Aerodactyl, L50, M|
|poke|p2|Garchomp, L50, F|
|poke|p2|Sylveon, L50, M|
|teampreview|4
|showteam|p1|Floette-Eternal||Floettite|FlowerVeil|Protect,LightofRuin,Moonblast,DazzlingGleam|Modest||F|||50|]Charizard||CharizarditeY|Blaze|SolarBeam,HeatWave,WeatherBall,Protect|Modest||F|||50|]Kingambit||ChopleBerry|Defiant|IronHead,LowKick,KowtowCleave,SuckerPunch|Adamant||F|||50|]Whimsicott||FocusSash|Prankster|Moonblast,Tailwind,Encore,Protect|Timid||M|||50|]Basculegion||MysticWater|Adaptability|WaveCrash,Protect,LastRespects,AquaJet|Adamant||M|||50|]Garchomp||LifeOrb|RoughSkin|Earthquake,RockSlide,Protect,DragonClaw|Jolly||M|||50|
|showteam|p2|Ceruledge||ColburBerry|FlashFire|Protect,BulkUp,BitterBlade,ShadowSneak|Adamant||M|||50|]Incineroar||SitrusBerry|Intimidate|Protect,FakeOut,PartingShot,FlareBlitz|Adamant||M|||50|]Kangaskhan||Kangaskhanite|Scrappy|FakeOut,DrainPunch,DoubleEdge,SuckerPunch|Adamant||F|||50|]Aerodactyl||Aerodactylite|Unnerve|WideGuard,Tailwind,IceFang,RockSlide|Jolly||M|||50|]Garchomp||LifeOrb|RoughSkin|Protect,RockSlide,ScaleShot,Earthquake|Jolly||F|||50|]Sylveon||FairyFeather|Pixilate|Protect,QuickAttack,HyperVoice,HyperBeam|Modest||M|||50|
|inactive|Battle timer is ON: inactive players will automatically lose when time's up. (requested by PokemonWhileWork)
|inactive|kyo_is_de4d has 60 seconds left.
|inactive|PokemonWhileWork has 60 seconds left.
|inactive|kyo_is_de4d has 30 seconds left.
|
|t:|1784224406
|teamsize|p1|4
|teamsize|p2|4
|start
|switch|p1a: Kingambit|Kingambit, L50, F, shiny|100/100
|switch|p1b: Garchomp|Garchomp, L50, M, shiny|100/100
|switch|p2a: Aerodactyl|Aerodactyl, L50, M|100/100
|switch|p2b: Ceruledge|Ceruledge, L50, M|100/100
|-ability|p2a: Aerodactyl|Unnerve
|turn|1
|inactive|kyo_is_de4d has 30 seconds left.
|inactive|kyo_is_de4d has 20 seconds left.
|
|t:|1784224445
|detailschange|p2a: Aerodactyl|Aerodactyl-Mega, L50, M
|-mega|p2a: Aerodactyl|Aerodactyl|Aerodactylite
|move|p2a: Aerodactyl|Ice Fang|p1b: Garchomp
|-supereffective|p1b: Garchomp|2
|-damage|p1b: Garchomp|0 fnt
|-damage|p2a: Aerodactyl|87/100|[from] ability: Rough Skin|[of] p1b: Garchomp
|faint|p1b: Garchomp
|move|p2b: Ceruledge|Bulk Up|p2b: Ceruledge
|-boost|p2b: Ceruledge|atk|1
|-boost|p2b: Ceruledge|def|1
|move|p1a: Kingambit|Kowtow Cleave|p2b: Ceruledge
|-supereffective|p2b: Ceruledge|1
|-crit|p2b: Ceruledge
|-enditem|p2b: Ceruledge|Colbur Berry|[eat]
|-enditem|p2b: Ceruledge|Colbur Berry|[weaken]
|-damage|p2b: Ceruledge|7/100
|
|upkeep
|
|t:|1784224458
|switch|p1b: Charizard|Charizard, L50, F, shiny|100/100
|turn|2
|inactive|PokemonWhileWork has 30 seconds left.
|
|t:|1784224486
|switch|p1b: Whimsicott|Whimsicott, L50, M, shiny|100/100
|move|p2b: Ceruledge|Protect|p2b: Ceruledge
|-singleturn|p2b: Ceruledge|Protect
|move|p1a: Kingambit|Sucker Punch||[still]
|-fail|p1a: Kingambit
|move|p2a: Aerodactyl|Rock Slide|p1b: Whimsicott|[spread] p1a,p1b
|-resisted|p1a: Kingambit|1
|-damage|p1a: Kingambit|88/100
|-damage|p1b: Whimsicott|60/100
|
|upkeep
|turn|3
|inactive|kyo_is_de4d has 30 seconds left.
|
|t:|1784224514
|move|p1b: Whimsicott|Encore|p2b: Ceruledge
|-start|p2b: Ceruledge|Encore
|move|p2b: Ceruledge|Protect||[still]
|-fail|p2b: Ceruledge
|move|p2a: Aerodactyl|Rock Slide|p1b: Whimsicott|[spread] p1a,p1b
|-resisted|p1a: Kingambit|1
|-damage|p1a: Kingambit|78/100
|-damage|p1b: Whimsicott|22/100
|cant|p1a: Kingambit|flinch
|
|upkeep
|turn|4
|inactive|PokemonWhileWork has 30 seconds left.
|
|t:|1784224547
|switch|p2b: Garchomp|Garchomp, L50, F|100/100
|move|p1b: Whimsicott|Tailwind|p1b: Whimsicott
|-sidestart|p1: kyo_is_de4d|move: Tailwind
|move|p2a: Aerodactyl|Tailwind|p2a: Aerodactyl
|-sidestart|p2: PokemonWhileWork|move: Tailwind
|move|p1a: Kingambit|Low Kick|p2a: Aerodactyl
|-damage|p2a: Aerodactyl|48/100
|
|upkeep
|turn|5
|inactive|kyo_is_de4d has 30 seconds left.
|
|t:|1784224572
|move|p2b: Garchomp|Protect|p2b: Garchomp
|-singleturn|p2b: Garchomp|Protect
|move|p1b: Whimsicott|Encore|p2a: Aerodactyl
|-start|p2a: Aerodactyl|Encore
|move|p2a: Aerodactyl|Tailwind||[still]
|-fail|p2a: Aerodactyl
|move|p1a: Kingambit|Kowtow Cleave|p2b: Garchomp
|-activate|p2b: Garchomp|move: Protect
|
|upkeep
|turn|6
|
|t:|1784224587
|switch|p2a: Sylveon|Sylveon, L50, M|100/100
|move|p1b: Whimsicott|Encore|p2b: Garchomp
|-start|p2b: Garchomp|Encore
|move|p2b: Garchomp|Protect|p2b: Garchomp
|-singleturn|p2b: Garchomp|Protect
|move|p1a: Kingambit|Iron Head|p2a: Sylveon
|-supereffective|p2a: Sylveon|1
|-damage|p2a: Sylveon|0 fnt
|faint|p2a: Sylveon
|
|upkeep
|
|t:|1784224598
|switch|p2a: Aerodactyl|Aerodactyl-Mega, L50, M|48/100
|turn|7
|
|t:|1784224617
|switch|p2b: Ceruledge|Ceruledge, L50, M|7/100
|move|p1b: Whimsicott|Protect|p1b: Whimsicott
|-singleturn|p1b: Whimsicott|Protect
|move|p2a: Aerodactyl|Rock Slide|p1a: Kingambit|[spread] p1a
|-activate|p1b: Whimsicott|move: Protect
|-resisted|p1a: Kingambit|1
|-damage|p1a: Kingambit|66/100
|cant|p1a: Kingambit|flinch
|
|-sideend|p1: kyo_is_de4d|move: Tailwind
|-sideend|p2: PokemonWhileWork|move: Tailwind
|upkeep
|turn|8
|
|t:|1784224635
|move|p1b: Whimsicott|Tailwind|p1b: Whimsicott
|-sidestart|p1: kyo_is_de4d|move: Tailwind
|move|p1a: Kingambit|Sucker Punch|p2b: Ceruledge
|-supereffective|p2b: Ceruledge|1
|-damage|p2b: Ceruledge|0 fnt
|faint|p2b: Ceruledge
|move|p2a: Aerodactyl|Ice Fang|p1b: Whimsicott
|-supereffective|p1b: Whimsicott|1
|-damage|p1b: Whimsicott|0 fnt
|faint|p1b: Whimsicott
|
|upkeep
|
|t:|1784224642
|switch|p1b: Charizard|Charizard, L50, F, shiny|100/100
|switch|p2b: Garchomp|Garchomp, L50, F|100/100
|turn|9
|inactive|kyo_is_de4d has 30 seconds left.
|
|t:|1784224670
|detailschange|p1b: Charizard|Charizard-Mega-Y, L50, F, shiny
|-mega|p1b: Charizard|Charizard|Charizardite Y
|-weather|SunnyDay|[from] ability: Drought|[of] p1b: Charizard
|move|p2a: Aerodactyl|Wide Guard|p2a: Aerodactyl
|-singleturn|p2a: Aerodactyl|Wide Guard
|move|p1a: Kingambit|Sucker Punch||[still]
|-fail|p1a: Kingambit
|move|p1b: Charizard|Heat Wave|p2b: Garchomp|[spread] 
|-activate|p2a: Aerodactyl|move: Wide Guard
|-activate|p2b: Garchomp|move: Wide Guard
|move|p2b: Garchomp|Earthquake|p1b: Charizard|[spread] p1a
|-activate|p2a: Aerodactyl|move: Wide Guard
|-immune|p1b: Charizard
|-supereffective|p1a: Kingambit|1
|-damage|p1a: Kingambit|0 fnt
|faint|p1a: Kingambit
|-damage|p2b: Garchomp|90/100|[from] item: Life Orb
|
|-weather|SunnyDay|[upkeep]
|upkeep
|turn|10
|
|t:|1784224689
|move|p1b: Charizard|Solar Beam||[still]
|-prepare|p1b: Charizard|Solar Beam
|-anim|p1b: Charizard|Solar Beam|p2b: Garchomp
|-crit|p2b: Garchomp
|-damage|p2b: Garchomp|4/100
|move|p2a: Aerodactyl|Rock Slide|p1b: Charizard
|-supereffective|p1b: Charizard|2
|-damage|p1b: Charizard|0 fnt
|faint|p1b: Charizard
|
|win|PokemonWhileWork
