|j|☆miwabeast
|j|☆Seteshy
|html|miwabeastSeteshy    
|uhtml|bestof|Game 1 of a best-of-3
|t:|1785299536
|gametype|doubles
|player|p1|miwabeast|1|1060
|player|p2|Seteshy|1|1002
|gen|9
|tier|[Gen 9 Champions] VGC 2026 Reg M-B (Bo3)
|rated|
|rule|Species Clause: Limit one of each Pokémon
|rule|Item Clause: Limit 1 of each item
|clearpoke
|poke|p1|Toxapex, L50, M|
|poke|p1|Charizard, L50, F|
|poke|p1|Grimmsnarl, L50, M|
|poke|p1|Hydreigon, L50, M|
|poke|p1|Metagross, L50|
|poke|p1|Garchomp, L50, M|
|poke|p2|Tyranitar, L50, F|
|poke|p2|Glimmora, L50, M|
|poke|p2|Garganacl, L50, M|
|poke|p2|Kleavor, L50, F|
|poke|p2|Arcanine-Hisui, L50, F|
|poke|p2|Aerodactyl, L50, F|
|teampreview|4
|showteam|p1|Toxapex||Leftovers|Regenerator|BanefulBunker,Infestation,Toxic,WideGuard|Bold||M|||50|]Charizard||CharizarditeY|Blaze|Protect,HeatWave,SolarBeam,WeatherBall|Timid||F|||50|]Grimmsnarl||LightClay|Prankster|FakeOut,FoulPlay,Reflect,PartingShot|Sassy||M|||50|]Hydreigon||ChoiceScarf|Levitate|HeatWave,DarkPulse,DracoMeteor,Snarl|Modest||M|||50|]Metagross||Metagrossite|ClearBody|IronHead,HammerArm,BulletPunch,Protect|Adamant|||||50|]Garchomp||SitrusBerry|RoughSkin|Earthquake,RockSlide,DragonClaw,Protect|Adamant||M|||50|
|showteam|p2|Tyranitar||ChoiceScarf|SandStream|RockSlide,KnockOff,IcePunch,LowKick|Adamant||F|||50|]Glimmora||Glimmoranite|ToxicDebris|PowerGem,SpikyShield,EarthPower,MortalSpin|Modest||M|||50|]Garganacl||Leftovers|PurifyingSalt|SaltCure,BodyPress,IronDefense,Recover|Careful||M|||50|]Kleavor||LifeOrb|Sharpness|StoneAxe,XScissor,Uturn,CloseCombat|Adamant||F|||50|]Arcanine-Hisui||FocusSash|RockHead|FlareBlitz,HeadSmash,WildCharge,ExtremeSpeed|Adamant||F|||50|]Aerodactyl||Aerodactylite|Unnerve|RockSlide,Tailwind,DualWingbeat,Protect|Jolly||F|||50|
|inactive|Battle timer is ON: inactive players will automatically lose when time's up. (requested by Seteshy)
|
|t:|1785299591
|teamsize|p1|4
|teamsize|p2|4
|start
|switch|p1a: Hydreigon|Hydreigon, L50, M|100/100
|switch|p1b: Garchomp|Garchomp, L50, M|100/100
|switch|p2a: Tyranitar|Tyranitar, L50, F|100/100
|switch|p2b: Garganacl|Garganacl, L50, M|100/100
|-weather|Sandstorm|[from] ability: Sand Stream|[of] p2a: Tyranitar
|turn|1
|inactive|miwabeast has 30 seconds left.
|
|t:|1785299617
|move|p1a: Hydreigon|Snarl|p2b: Garganacl|[spread] 
|-miss|p1a: Hydreigon|p2a: Tyranitar
|-miss|p1a: Hydreigon|p2b: Garganacl
|move|p1b: Garchomp|Earthquake|p2b: Garganacl|[spread] p2a,p2b
|-immune|p1a: Hydreigon|[from] ability: Levitate
|-supereffective|p2a: Tyranitar|1
|-supereffective|p2b: Garganacl|1
|-damage|p2a: Tyranitar|42/100
|-damage|p2b: Garganacl|44/100
|move|p2a: Tyranitar|Ice Punch|p1b: Garchomp
|-supereffective|p1b: Garchomp|2
|-damage|p1b: Garchomp|0 fnt
|-damage|p2a: Tyranitar|29/100|[from] ability: Rough Skin|[of] p1b: Garchomp
|faint|p1b: Garchomp
|move|p2b: Garganacl|Iron Defense|p2b: Garganacl
|-boost|p2b: Garganacl|def|2
|
|-weather|Sandstorm|[upkeep]
|-damage|p1a: Hydreigon|94/100|[from] Sandstorm
|-heal|p2b: Garganacl|50/100g|[from] item: Leftovers
|upkeep
|
|t:|1785299634
|switch|p1b: Metagross|Metagross, L50|100/100
|turn|2
|inactive|Seteshy has 30 seconds left.
|inactive|Seteshy has 20 seconds left.
|
|t:|1785299672
|switch|p2a: Glimmora|Glimmora, L50, M|100/100
|detailschange|p1b: Metagross|Metagross-Mega, L50
|-mega|p1b: Metagross|Metagross|Metagrossite
|move|p1b: Metagross|Bullet Punch|p2a: Glimmora
|-supereffective|p2a: Glimmora|1
|-damage|p2a: Glimmora|20/100y
|-activate|p2a: Glimmora|ability: Toxic Debris
|-sidestart|p1: miwabeast|move: Toxic Spikes
|move|p1a: Hydreigon|Snarl|p2a: Glimmora|[spread] p2a,p2b
|-damage|p2a: Glimmora|3/100
|-damage|p2b: Garganacl|40/100
|-unboost|p2a: Glimmora|spa|1
|-unboost|p2b: Garganacl|spa|1
|move|p2b: Garganacl|Salt Cure|p1b: Metagross
|-resisted|p1b: Metagross|1
|-damage|p1b: Metagross|95/100
|-start|p1b: Metagross|Salt Cure
|
|-weather|Sandstorm|[upkeep]
|-damage|p1a: Hydreigon|88/100|[from] Sandstorm
|-heal|p2b: Garganacl|46/100|[from] item: Leftovers
|-damage|p1b: Metagross|82/100|[from] Salt Cure
|upkeep
|turn|3
|inactive|Seteshy has 30 seconds left.
|
|t:|1785299703
|detailschange|p2a: Glimmora|Glimmora-Mega, L50, M
|-mega|p2a: Glimmora|Glimmora|Glimmoranite
|move|p2a: Glimmora|Spiky Shield|p2a: Glimmora
|-singleturn|p2a: Glimmora|move: Protect
|move|p1b: Metagross|Bullet Punch|p2b: Garganacl
|-supereffective|p2b: Garganacl|1
|-damage|p2b: Garganacl|25/100
|move|p1a: Hydreigon|Snarl|p2b: Garganacl|[spread] p2b
|-activate|p2a: Glimmora|move: Protect
|-damage|p2b: Garganacl|15/100
|-unboost|p2b: Garganacl|spa|1
|move|p2b: Garganacl|Recover|p2b: Garganacl
|-heal|p2b: Garganacl|66/100
|
|-weather|Sandstorm|[upkeep]
|-damage|p1a: Hydreigon|82/100|[from] Sandstorm
|-heal|p2b: Garganacl|71/100|[from] item: Leftovers
|-damage|p1b: Metagross|70/100|[from] Salt Cure
|upkeep
|turn|4
|inactive|Seteshy has 30 seconds left.
|inactive|Seteshy has 20 seconds left.
|
|t:|1785299742
|move|p1a: Hydreigon|Snarl|p2a: Glimmora|[spread] p2a,p2b
|-damage|p2a: Glimmora|0 fnt
|-damage|p2b: Garganacl|62/100
|-unboost|p2b: Garganacl|spa|1
|faint|p2a: Glimmora
|move|p1b: Metagross|Iron Head|p2b: Garganacl
|-supereffective|p2b: Garganacl|1
|-damage|p2b: Garganacl|21/100
|cant|p2b: Garganacl|flinch
|
|-weather|Sandstorm|[upkeep]
|-damage|p1a: Hydreigon|77/100|[from] Sandstorm
|-heal|p2b: Garganacl|27/100|[from] item: Leftovers
|-damage|p1b: Metagross|57/100|[from] Salt Cure
|upkeep
|
|t:|1785299758
|switch|p2a: Kleavor|Kleavor, L50, F|100/100
|turn|5
|inactive|miwabeast has 30 seconds left.
|inactive|Seteshy has 30 seconds left.
|
|t:|1785299790
|move|p1b: Metagross|Bullet Punch|p2b: Garganacl
|-supereffective|p2b: Garganacl|1
|-damage|p2b: Garganacl|3/100
|move|p1a: Hydreigon|Snarl|p2a: Kleavor|[spread] p2a,p2b
|-damage|p2a: Kleavor|76/100
|-damage|p2b: Garganacl|0 fnt
|-unboost|p2a: Kleavor|spa|1
|faint|p2b: Garganacl
|move|p2a: Kleavor|U-turn|p1a: Hydreigon
|-supereffective|p1a: Hydreigon|1
|-crit|p1a: Hydreigon
|-damage|p1a: Hydreigon|0 fnt
|faint|p1a: Hydreigon
|-damage|p2a: Kleavor|67/100|[from] item: Life Orb
|
|t:|1785299802
|switch|p2a: Tyranitar|Tyranitar, L50, F|29/100|[from] U-turn
|
|-weather|none
|-damage|p1b: Metagross|45/100|[from] Salt Cure
|upkeep
|
|t:|1785299809
|switch|p1a: Toxapex|Toxapex, L50, M|100/100
|switch|p2b: Kleavor|Kleavor, L50, F|67/100
|-sideend|p1: miwabeast|move: Toxic Spikes|[of] p1a: Toxapex
|turn|6
|inactive|Seteshy has 30 seconds left.
|inactive|Seteshy has 20 seconds left.
|
|t:|1785299849
|move|p1b: Metagross|Bullet Punch|p2a: Tyranitar
|-supereffective|p2a: Tyranitar|1
|-damage|p2a: Tyranitar|0 fnt
|faint|p2a: Tyranitar
|move|p2b: Kleavor|X-Scissor|p1b: Metagross
|-damage|p1b: Metagross|0 fnt
|faint|p1b: Metagross
|-damage|p2b: Kleavor|57/100|[from] item: Life Orb
|move|p1a: Toxapex|Toxic|p2b: Kleavor
|-status|p2b: Kleavor|tox
|
|-damage|p2b: Kleavor|51/100 tox|[from] psn
|upkeep
|turn|7
|
|t:|1785299865
|move|p1a: Toxapex|Baneful Bunker|p1a: Toxapex
|-singleturn|p1a: Toxapex|move: Protect
|move|p2b: Kleavor|X-Scissor|p1a: Toxapex
|-activate|p1a: Toxapex|move: Protect
|
|-damage|p2b: Kleavor|39/100 tox|[from] psn
|upkeep
|turn|8
|inactive|miwabeast has 30 seconds left.
|inactive|Seteshy has 30 seconds left.
|inactive|miwabeast has 20 seconds left.
|
|t:|1785299904
|move|p2b: Kleavor|X-Scissor|p1a: Toxapex
|-resisted|p1a: Toxapex|1
|-damage|p1a: Toxapex|67/100
|-damage|p2b: Kleavor|29/100 tox|[from] item: Life Orb
|move|p1a: Toxapex|Infestation|p2b: Kleavor
|-damage|p2b: Kleavor|25/100 tox
|-activate|p2b: Kleavor|move: Infestation|[of] p1a: Toxapex
|
|-heal|p1a: Toxapex|73/100|[from] item: Leftovers
|-damage|p2b: Kleavor|6/100 tox|[from] psn
|-damage|p2b: Kleavor|0 fnt|[from] move: Infestation|[partiallytrapped]
|faint|p2b: Kleavor
|
|win|miwabeast
|inactive|miwabeast has 30 seconds to confirm battle start!
|inactive|Seteshy has 30 seconds to confirm battle start!
||miwabeast is ready for game 2.
