|j|☆RockEmpoleon
|j|☆ToastedArt
|html|RockEmpoleonToastedArt    
|uhtml|bestof|Game 1 of a best-of-3
|t:|1785290721
|gametype|doubles
|player|p1|RockEmpoleon|psychic|1066
|player|p2|ToastedArt|iris|1116
|gen|9
|tier|[Gen 9 Champions] VGC 2026 Reg M-B (Bo3)
|rated|
|rule|Species Clause: Limit one of each Pokémon
|rule|Item Clause: Limit 1 of each item
|clearpoke
|poke|p1|Sableye, L50, M|
|poke|p1|Empoleon, L50, M|
|poke|p1|Charizard, L50, F|
|poke|p1|Sneasler, L50, F|
|poke|p1|Whimsicott, L50, M|
|poke|p1|Garganacl, L50, F|
|poke|p2|Falinks, L50, shiny|
|poke|p2|Gholdengo, L50|
|poke|p2|Sinistcha, L50|
|poke|p2|Arcanine-Hisui, L50, M|
|poke|p2|Incineroar, L50, M|
|poke|p2|Ninetales-Alola, L50, F|
|teampreview|4
|showteam|p1|Sableye||BrightPowder|Prankster|Quash,Protect,FoulPlay,Taunt|Impish||M|||50|]Empoleon||ShucaBerry|Competitive|FlashCannon,Protect,IceBeam,HydroPump|Modest||M|||50|]Charizard||CharizarditeY|Blaze|HeatWave,Protect,AirSlash,ScorchingSands|Timid||F|||50|]Sneasler||FocusSash|PoisonTouch|FakeOut,DireClaw,BrickBreak,LowKick|Jolly||F|||50|]Whimsicott||MentalHerb|Prankster|FakeTears,Tailwind,Charm,Moonblast|Timid||M|||50|]Garganacl||Leftovers|PurifyingSalt|SaltCure,BodyPress,Recover,WideGuard|Impish||F|||50|
|showteam|p2|Falinks||Falinksite|Defiant|NoRetreat,CloseCombat,RockSlide,Protect|Adamant|||||50|]Gholdengo||LifeOrb|GoodasGold|MakeItRain,ShadowBall,NastyPlot,Protect|Modest|||||50|]Sinistcha||ColburBerry|Hospitality|MatchaGotcha,RagePowder,TrickRoom,Protect|Relaxed|||||50|]Arcanine-Hisui||FocusSash|RockHead|FlareBlitz,HeadSmash,ExtremeSpeed,Protect|Jolly||M|||50|]Incineroar||SitrusBerry|Intimidate|PartingShot,FlareBlitz,ThroatChop,FakeOut|Careful||M|||50|]Ninetales-Alola||NeverMeltIce|SnowWarning|Blizzard,FreezeDry,Encore,Protect|Timid||F|||50|
|inactive|Battle timer is ON: inactive players will automatically lose when time's up. (requested by ToastedArt)
|inactive|RockEmpoleon has 60 seconds left.
|inactive|ToastedArt has 60 seconds left.
|inactive|ToastedArt has 30 seconds left.
|inactive|ToastedArt has 20 seconds left.
|
|t:|1785290794
|teamsize|p1|4
|teamsize|p2|4
|start
|switch|p1a: Steelice|Empoleon, L50, M|100/100
|switch|p1b: Steeleye|Sableye, L50, M|100/100
|switch|p2a: Falinks|Falinks, L50, shiny|100/100
|switch|p2b: Arcanine|Arcanine-Hisui, L50, M|100/100
|turn|1
|inactive|RockEmpoleon has 30 seconds left.
|inactive|RockEmpoleon has 20 seconds left.
|inactive|RockEmpoleon has 15 seconds left.
|
|t:|1785290835
|detailschange|p2a: Falinks|Falinks-Mega, L50, shiny
|-mega|p2a: Falinks|Falinks|Falinksite
|move|p1b: Steeleye|Taunt|p2a: Falinks
|-start|p2a: Falinks|move: Taunt
|move|p2b: Arcanine|Flare Blitz|p1a: Steelice
|-damage|p1a: Steelice|40/100
|move|p2a: Falinks|Close Combat|p1a: Steelice
|-supereffective|p1a: Steelice|1
|-damage|p1a: Steelice|0 fnt
|-unboost|p2a: Falinks|def|1
|-unboost|p2a: Falinks|spd|1
|faint|p1a: Steelice
|
|upkeep
|inactive|RockEmpoleon has 30 seconds left.
|
|t:|1785290865
|switch|p1a: Steelsler|Sneasler, L50, F|100/100
|turn|2
|inactive|RockEmpoleon has 30 seconds left.
|inactive|RockEmpoleon has 20 seconds left.
|inactive|RockEmpoleon has 15 seconds left.
|inactive|RockEmpoleon has 10 seconds left.
|
|t:|1785290913
|switch|p2b: Gholdengo|Gholdengo, L50|100/100
|switch|p2a: Incineroar|Incineroar, L50, M|100/100
|-ability|p2a: Incineroar|Intimidate|boost
|-unboost|p1a: Steelsler|atk|1
|-unboost|p1b: Steeleye|atk|1
|move|p1a: Steelsler|Low Kick|p2b: Gholdengo
|-immune|p2b: Gholdengo
|move|p1b: Steeleye|Foul Play|p2b: Gholdengo
|-supereffective|p2b: Gholdengo|1
|-damage|p2b: Gholdengo|56/100
|
|upkeep
|turn|3
|inactive|RockEmpoleon has 30 seconds left.
|inactive|ToastedArt has 30 seconds left.
|inactive|RockEmpoleon has 20 seconds left.
|
|t:|1785290953
|move|p1a: Steelsler|Dire Claw|p2a: Incineroar
|-damage|p2a: Incineroar|73/100
|move|p2b: Gholdengo|Make It Rain|p1b: Steeleye|[spread] p1a,p1b
|-damage|p1a: Steelsler|9/100
|-damage|p1b: Steeleye|9/100
|-unboost|p2b: Gholdengo|spa|2
|-damage|p2b: Gholdengo|46/100|[from] item: Life Orb
|move|p2a: Incineroar|Flare Blitz|p1a: Steelsler
|-damage|p1a: Steelsler|0 fnt
|faint|p1a: Steelsler
|-damage|p2a: Incineroar|70/100|[from] Recoil
|move|p1b: Steeleye|Foul Play|p2b: Gholdengo
|-supereffective|p2b: Gholdengo|1
|-damage|p2b: Gholdengo|8/100
|
|upkeep
|
|t:|1785290967
|switch|p1a: Steellicks|Garganacl, L50, F|100/100
|turn|4
|
|t:|1785290981
|move|p1a: Steellicks|Wide Guard|p1a: Steellicks
|-singleturn|p1a: Steellicks|Wide Guard
|move|p2b: Gholdengo|Make It Rain|p1a: Steellicks|[spread] 
|-activate|p1a: Steellicks|move: Wide Guard
|-activate|p1b: Steeleye|move: Wide Guard
|move|p2a: Incineroar|Flare Blitz|p1b: Steeleye
|-damage|p1b: Steeleye|0 fnt
|faint|p1b: Steeleye
|-damage|p2a: Incineroar|68/100|[from] Recoil
|
|upkeep
|turn|5
|
|t:|1785290998
|switch|p2a: Falinks|Falinks-Mega, L50, shiny|100/100
|move|p2b: Gholdengo|Make It Rain|p1a: Steellicks
|-supereffective|p1a: Steellicks|1
|-damage|p1a: Steellicks|28/100
|-unboost|p2b: Gholdengo|spa|2
|-damage|p2b: Gholdengo|0 fnt|[from] item: Life Orb
|faint|p2b: Gholdengo
|move|p1a: Steellicks|Salt Cure|p2a: Falinks
|-resisted|p2a: Falinks|1
|-damage|p2a: Falinks|93/100
|-start|p2a: Falinks|Salt Cure
|
|-heal|p1a: Steellicks|34/100|[from] item: Leftovers
|-damage|p2a: Falinks|87/100|[from] Salt Cure
|upkeep
|
|t:|1785291010
|switch|p2b: Incineroar|Incineroar, L50, M|68/100
|-ability|p2b: Incineroar|Intimidate|boost
|-unboost|p1a: Steellicks|atk|1
|turn|6
|
|t:|1785291015
|move|p2a: Falinks|No Retreat|p2a: Falinks
|-boost|p2a: Falinks|atk|1
|-boost|p2a: Falinks|def|1
|-boost|p2a: Falinks|spa|1
|-boost|p2a: Falinks|spd|1
|-boost|p2a: Falinks|spe|1
|-start|p2a: Falinks|move: No Retreat
|move|p2b: Incineroar|Flare Blitz|p1a: Steellicks
|-resisted|p1a: Steellicks|1
|-damage|p1a: Steellicks|21/100
|-damage|p2b: Incineroar|64/100|[from] Recoil
|move|p1a: Steellicks|Salt Cure|p2b: Incineroar
|-supereffective|p2b: Incineroar|1
|-damage|p2b: Incineroar|49/100
|-start|p2b: Incineroar|Salt Cure
|-enditem|p2b: Incineroar|Sitrus Berry|[eat]
|-heal|p2b: Incineroar|73/100|[from] item: Sitrus Berry
|
|-heal|p1a: Steellicks|27/100|[from] item: Leftovers
|-damage|p2a: Falinks|81/100|[from] Salt Cure
|-damage|p2b: Incineroar|67/100|[from] Salt Cure
|upkeep
|turn|7
|
|t:|1785291020
|move|p2a: Falinks|Close Combat|p1a: Steellicks
|-supereffective|p1a: Steellicks|1
|-damage|p1a: Steellicks|0 fnt
|-unboost|p2a: Falinks|def|1
|-unboost|p2a: Falinks|spd|1
|faint|p1a: Steellicks
|
|win|ToastedArt
