|j|☆steveman19
|j|☆JeanChasuble
|html|steveman19JeanChasuble    
|uhtml|bestof|Game 3 of a best-of-3
|t:|1756411430
|gametype|doubles
|player|p1|steveman19|fisherman-gen4|1136
|player|p2|JeanChasuble|cheren-gen5bw2|1110
|gen|9
|tier|[Gen 9] VGC 2025 Reg H (Bo3)
|rated|
|rule|Species Clause: Limit one of each Pokémon
|rule|Item Clause: Limit 1 of each item
|clearpoke
|poke|p1|Ursaluna, L50, M|
|poke|p1|Porygon2, L50|
|poke|p1|Dedenne, L50, M|
|poke|p1|Incineroar, L50, M|
|poke|p1|Pelipper, L50, F|
|poke|p1|Archaludon, L50, F|
|poke|p2|Volcarona, L50, F|
|poke|p2|Rillaboom, L50, F|
|poke|p2|Electabuzz, L50, F|
|poke|p2|Sneasler, L50, M|
|poke|p2|Kingambit, L50, M|
|poke|p2|Dragonite, L50, M|
|teampreview|4
|showteam|p1|Ursaluna||FlameOrb|Guts|Facade,HeadlongRush,Earthquake,Protect|||M|||50|,,,,,Ghost]Porygon2||Eviolite|Download|TeraBlast,IceBeam,TrickRoom,Recover||||||50|,,,,,Fighting]Dedenne||FocusSash|Pickup|Nuzzle,Electroweb,SuperFang,Protect|||M|||50|,,,,,Electric]Incineroar||SafetyGoggles|Intimidate|FakeOut,KnockOff,PartingShot,WillOWisp|||M|||50|,,,,,Grass]Pelipper||CovertCloak|Drizzle|WeatherBall,Hurricane,Tailwind,Protect|||F|||50|,,,,,Grass]Archaludon||AssaultVest|Stamina|ElectroShot,FlashCannon,DragonPulse,Snarl|||F|||50|,,,,,Bug
|showteam|p2|Volcarona||GrassySeed|FlameBody|HeatWave,TeraBlast,QuiverDance,Protect|||F|||50|,,,,,Fairy]Rillaboom||AssaultVest|GrassySurge|WoodHammer,GrassyGlide,FakeOut,HighHorsepower|||F|||50|,,,,,Fire]Electabuzz||Eviolite|VitalSpirit|Electroweb,FollowMe,Taunt,Protect|||F|||50|,,,,,Ghost]Sneasler||FocusSash|PoisonTouch|DireClaw,CloseCombat,FakeOut,Coaching|||M|||50|,,,,,Stellar]Kingambit||SafetyGoggles|Defiant|SuckerPunch,KowtowCleave,SwordsDance,Protect|||M|||50|,,,,,Dark]Dragonite||LoadedDice|Multiscale|ScaleShot,ExtremeSpeed,Haze,Protect|||M|||50|,,,,,Normal
|
|t:|1756411510
|teamsize|p1|4
|teamsize|p2|4
|start
|switch|p1a: Porygon2|Porygon2, L50|100/100
|switch|p1b: Incineroar|Incineroar, L50, M|100/100
|switch|p2a: Electabuzz|Electabuzz, L50, F|100/100
|switch|p2b: Volcarona|Volcarona, L50, F|100/100
|-ability|p1a: Porygon2|Download|boost
|-boost|p1a: Porygon2|atk|1
|-ability|p1b: Incineroar|Intimidate|boost
|-unboost|p2a: Electabuzz|atk|1
|-unboost|p2b: Volcarona|atk|1
|turn|1
|inactive|Battle timer is ON: inactive players will automatically lose when time's up. (requested by JeanChasuble)
|inactive|steveman19 has 60 seconds left.
|
|t:|1756411548
|switch|p1a: Ursaluna|Ursaluna, L50, M|100/100
|-terastallize|p2a: Electabuzz|Ghost
|move|p2b: Volcarona|Quiver Dance|p2b: Volcarona
|-boost|p2b: Volcarona|spa|1
|-boost|p2b: Volcarona|spd|1
|-boost|p2b: Volcarona|spe|1
|move|p2a: Electabuzz|Taunt|p1a: Ursaluna
|-start|p1a: Ursaluna|move: Taunt
|move|p1b: Incineroar|Knock Off|p2a: Electabuzz
|-supereffective|p2a: Electabuzz
|-damage|p2a: Electabuzz|47/100
|-enditem|p2a: Electabuzz|Eviolite|[from] move: Knock Off|[of] p1b: Incineroar
|
|-status|p1a: Ursaluna|brn|[from] item: Flame Orb
|upkeep
|turn|2
|inactive|steveman19 has 30 seconds left.
|inactive|JeanChasuble has 30 seconds left.
|inactive|steveman19 has 20 seconds left.
|inactive|JeanChasuble has 20 seconds left.
|inactive|steveman19 has 15 seconds left.
|inactive|JeanChasuble has 15 seconds left.
|inactive|steveman19 has 10 seconds left.
|
|t:|1756411596
|move|p2a: Electabuzz|Follow Me|p2a: Electabuzz
|-singleturn|p2a: Electabuzz|move: Follow Me
|move|p2b: Volcarona|Quiver Dance|p2b: Volcarona
|-boost|p2b: Volcarona|spa|1
|-boost|p2b: Volcarona|spd|1
|-boost|p2b: Volcarona|spe|1
|move|p1a: Ursaluna|Facade|p2a: Electabuzz
|-immune|p2a: Electabuzz
|move|p1b: Incineroar|Knock Off|p2a: Electabuzz
|-supereffective|p2a: Electabuzz
|-damage|p2a: Electabuzz|0 fnt
|faint|p2a: Electabuzz
|
|-damage|p1a: Ursaluna|95/100 brn|[from] brn
|upkeep
|
|t:|1756411609
|switch|p2a: Rillaboom|Rillaboom, L50, F|100/100
|-fieldstart|move: Grassy Terrain|[from] ability: Grassy Surge|[of] p2a: Rillaboom
|-enditem|p2b: Volcarona|Grassy Seed
|-boost|p2b: Volcarona|def|1|[from] item: Grassy Seed
|turn|3
|inactive|JeanChasuble has 30 seconds left.
|inactive|JeanChasuble has 20 seconds left.
|
|t:|1756411645
|switch|p1a: Pelipper|Pelipper, L50, F|100/100
|-weather|RainDance|[from] ability: Drizzle|[of] p1a: Pelipper
|move|p2b: Volcarona|Heat Wave|p1b: Incineroar|[spread] p1a,p1b
|-resisted|p1a: Pelipper
|-resisted|p1b: Incineroar
|-crit|p1b: Incineroar
|-damage|p1a: Pelipper|75/100
|-damage|p1b: Incineroar|81/100
|move|p2a: Rillaboom|Wood Hammer|p1a: Pelipper
|-damage|p1a: Pelipper|0 fnt
|faint|p1a: Pelipper
|-damage|p2a: Rillaboom|82/100|[from] Recoil
|move|p1b: Incineroar|Parting Shot|p2b: Volcarona
|-unboost|p2b: Volcarona|atk|1
|-unboost|p2b: Volcarona|spa|1
|
|t:|1756411660
|switch|p1b: Porygon2|Porygon2, L50|100/100|[from] Parting Shot
|-ability|p1b: Porygon2|Download|boost
|-boost|p1b: Porygon2|atk|1
|
|-weather|RainDance|[upkeep]
|-heal|p2a: Rillaboom|87/100|[from] Grassy Terrain
|upkeep
|
|t:|1756411667
|switch|p1a: Incineroar|Incineroar, L50, M|81/100
|-ability|p1a: Incineroar|Intimidate|boost
|-unboost|p2a: Rillaboom|atk|1
|-unboost|p2b: Volcarona|atk|1
|turn|4
|inactive|JeanChasuble has 30 seconds left.
|
|t:|1756411697
|switch|p2a: Sneasler|Sneasler, L50, M|100/100
|move|p1a: Incineroar|Fake Out|p2b: Volcarona
|-damage|p2b: Volcarona|92/100
|cant|p2b: Volcarona|flinch
|move|p1b: Porygon2|Trick Room|p1b: Porygon2
|-fieldstart|move: Trick Room|[of] p1b: Porygon2
|
|-weather|RainDance|[upkeep]
|-heal|p1a: Incineroar|87/100|[from] Grassy Terrain
|-heal|p2b: Volcarona|98/100|[from] Grassy Terrain
|upkeep
|turn|5
|
|t:|1756411720
|move|p1a: Incineroar|Parting Shot|p2b: Volcarona
|-unboost|p2b: Volcarona|atk|1
|-unboost|p2b: Volcarona|spa|1
|
|t:|1756411724
|switch|p1a: Ursaluna|Ursaluna, L50, M|95/100 brn|[from] Parting Shot
|move|p1b: Porygon2|Tera Blast|p2a: Sneasler
|-damage|p2a: Sneasler|47/100
|move|p2a: Sneasler|Coaching|p2b: Volcarona
|-boost|p2b: Volcarona|atk|1
|-boost|p2b: Volcarona|def|1
|move|p2b: Volcarona|Heat Wave|p1a: Ursaluna|[spread] p1a,p1b
|-damage|p1a: Ursaluna|79/100 brn
|-damage|p1b: Porygon2|88/100
|
|-weather|RainDance|[upkeep]
|-heal|p1b: Porygon2|94/100|[from] Grassy Terrain
|-heal|p1a: Ursaluna|84/100 brn|[from] Grassy Terrain
|-heal|p2a: Sneasler|52/100|[from] Grassy Terrain
|-heal|p2b: Volcarona|100/100|[from] Grassy Terrain
|-damage|p1a: Ursaluna|79/100 brn|[from] brn
|upkeep
|turn|6
|inactive|steveman19 has 30 seconds left.
|inactive|steveman19 has 20 seconds left.
|inactive|steveman19 has 15 seconds left.
|inactive|steveman19 has 10 seconds left.
|inactive|steveman19 has 5 seconds left.
|
|t:|1756411777
|switch|p2a: Rillaboom|Rillaboom, L50, F|87/100
|move|p2b: Volcarona|Protect|p2b: Volcarona
|-singleturn|p2b: Volcarona|Protect
|move|p1b: Porygon2|Tera Blast|p2a: Rillaboom
|-damage|p2a: Rillaboom|61/100
|move|p1a: Ursaluna|Facade|p2b: Volcarona
|-activate|p2b: Volcarona|move: Protect
|
|-weather|RainDance|[upkeep]
|-heal|p1b: Porygon2|100/100|[from] Grassy Terrain
|-heal|p1a: Ursaluna|84/100 brn|[from] Grassy Terrain
|-heal|p2a: Rillaboom|67/100|[from] Grassy Terrain
|-damage|p1a: Ursaluna|79/100 brn|[from] brn
|upkeep
|turn|7
|inactive|steveman19 has 30 seconds left.
|inactive|JeanChasuble has 30 seconds left.
|inactive|steveman19 has 20 seconds left.
|inactive|JeanChasuble has 20 seconds left.
|inactive|JeanChasuble has 15 seconds left.
|
|t:|1756411818
|-terastallize|p1a: Ursaluna|Ghost
|move|p2a: Rillaboom|Fake Out|p1a: Ursaluna
|-immune|p1a: Ursaluna
|move|p1b: Porygon2|Tera Blast|p2a: Rillaboom
|-damage|p2a: Rillaboom|43/100
|move|p1a: Ursaluna|Facade|p2b: Volcarona
|-damage|p2b: Volcarona|24/100
|move|p2b: Volcarona|Heat Wave|p1b: Porygon2|[spread] p1a,p1b
|-damage|p1a: Ursaluna|61/100 brn
|-damage|p1b: Porygon2|89/100
|
|-weather|none
|-heal|p1b: Porygon2|95/100|[from] Grassy Terrain
|-heal|p1a: Ursaluna|67/100 brn|[from] Grassy Terrain
|-heal|p2a: Rillaboom|49/100|[from] Grassy Terrain
|-heal|p2b: Volcarona|30/100|[from] Grassy Terrain
|-damage|p1a: Ursaluna|61/100 brn|[from] brn
|-fieldend|move: Grassy Terrain
|upkeep
|turn|8
|inactive|steveman19 has 30 seconds left.
|inactive|steveman19 has 20 seconds left.
|inactive|steveman19 has 15 seconds left.
|inactive|steveman19 has 10 seconds left.
|inactive|steveman19 has 5 seconds left.
|
|t:|1756411873
|switch|p1a: Incineroar|Incineroar, L50, M|87/100
|-ability|p1a: Incineroar|Intimidate|boost
|-unboost|p2a: Rillaboom|atk|1
|-unboost|p2b: Volcarona|atk|1
|switch|p2a: Sneasler|Sneasler, L50, M|52/100
|move|p2b: Volcarona|Protect|p2b: Volcarona
|-singleturn|p2b: Volcarona|Protect
|move|p1b: Porygon2|Tera Blast|p2b: Volcarona
|-activate|p2b: Volcarona|move: Protect
|
|-fieldend|move: Trick Room
|upkeep
|turn|9
|inactive|JeanChasuble has 30 seconds left.
|inactive|JeanChasuble has 20 seconds left.
|
|t:|1756411909
|move|p1a: Incineroar|Fake Out|p2a: Sneasler
|-damage|p2a: Sneasler|34/100
|move|p2b: Volcarona|Heat Wave|p1b: Porygon2|[spread] p1a,p1b
|-resisted|p1a: Incineroar
|-damage|p1a: Incineroar|72/100
|-damage|p1b: Porygon2|71/100
|cant|p2a: Sneasler|flinch
|move|p1b: Porygon2|Trick Room|p1b: Porygon2
|-fieldstart|move: Trick Room|[of] p1b: Porygon2
|
|upkeep
|turn|10
|inactive|steveman19 has 30 seconds left.
|inactive|steveman19 has 20 seconds left.
|
|t:|1756411944
|switch|p2a: Rillaboom|Rillaboom, L50, F|49/100
|-fieldstart|move: Grassy Terrain|[from] ability: Grassy Surge|[of] p2a: Rillaboom
|move|p1a: Incineroar|Knock Off|p2a: Rillaboom
|-damage|p2a: Rillaboom|14/100
|-enditem|p2a: Rillaboom|Assault Vest|[from] move: Knock Off|[of] p1a: Incineroar
|move|p1b: Porygon2|Tera Blast|p2b: Volcarona
|-damage|p2b: Volcarona|14/100
|move|p2b: Volcarona|Heat Wave|p1b: Porygon2|[spread] p1a
|-miss|p2b: Volcarona|p1b: Porygon2
|-resisted|p1a: Incineroar
|-damage|p1a: Incineroar|57/100
|
|-heal|p1a: Incineroar|63/100|[from] Grassy Terrain
|-heal|p1b: Porygon2|78/100|[from] Grassy Terrain
|-heal|p2a: Rillaboom|20/100|[from] Grassy Terrain
|-heal|p2b: Volcarona|20/100|[from] Grassy Terrain
|upkeep
|turn|11
|inactive|steveman19 has 30 seconds left.
|inactive|JeanChasuble has 30 seconds left.
|
|t:|1756411976
|move|p2a: Rillaboom|Fake Out|p1b: Porygon2
|-damage|p1b: Porygon2|69/100
|move|p1a: Incineroar|Knock Off|p2a: Rillaboom
|-damage|p2a: Rillaboom|0 fnt
|faint|p2a: Rillaboom
|cant|p1b: Porygon2|flinch
|move|p2b: Volcarona|Heat Wave|p1b: Porygon2|[spread] p1a,p1b
|-resisted|p1a: Incineroar
|-damage|p1a: Incineroar|48/100
|-damage|p1b: Porygon2|45/100
|
|-heal|p1a: Incineroar|54/100|[from] Grassy Terrain
|-heal|p1b: Porygon2|52/100|[from] Grassy Terrain
|-heal|p2b: Volcarona|27/100|[from] Grassy Terrain
|upkeep
|
|t:|1756411981
|switch|p2a: Sneasler|Sneasler, L50, M|34/100
|turn|12
|
|t:|1756412005
|move|p2a: Sneasler|Fake Out|p1b: Porygon2
|-crit|p1b: Porygon2
|-damage|p1b: Porygon2|39/100
|move|p1a: Incineroar|Knock Off|p2a: Sneasler
|-resisted|p2a: Sneasler
|-damage|p2a: Sneasler|0 fnt
|-enditem|p2a: Sneasler|Focus Sash|[from] move: Knock Off|[of] p1a: Incineroar
|faint|p2a: Sneasler
|cant|p1b: Porygon2|flinch
|move|p2b: Volcarona|Heat Wave|p1b: Porygon2|[spread] p1a,p1b
|-resisted|p1a: Incineroar
|-damage|p1a: Incineroar|41/100
|-damage|p1b: Porygon2|14/100
|
|-heal|p1a: Incineroar|47/100|[from] Grassy Terrain
|-heal|p1b: Porygon2|20/100|[from] Grassy Terrain
|-heal|p2b: Volcarona|33/100|[from] Grassy Terrain
|upkeep
|turn|13
|inactive|steveman19 has 30 seconds left.
|
|t:|1756412031
|move|p1a: Incineroar|Parting Shot|p1b: Porygon2
|-unboost|p1b: Porygon2|atk|1
|-unboost|p1b: Porygon2|spa|1
|
|t:|1756412035
|switch|p1a: Ursaluna|Ursaluna, L50, M, tera:Ghost|61/100 brn|[from] Parting Shot
|move|p1b: Porygon2|Recover|p1b: Porygon2
|-heal|p1b: Porygon2|70/100
|move|p2b: Volcarona|Heat Wave|p1a: Ursaluna|[spread] p1a,p1b
|-damage|p1a: Ursaluna|30/100 brn
|-damage|p1b: Porygon2|48/100
|
|-heal|p1b: Porygon2|54/100|[from] Grassy Terrain
|-heal|p1a: Ursaluna|35/100 brn|[from] Grassy Terrain
|-heal|p2b: Volcarona|39/100|[from] Grassy Terrain
|-damage|p1a: Ursaluna|30/100 brn|[from] brn
|-fieldend|move: Trick Room
|upkeep
|turn|14
|
|t:|1756412051
|switch|p1a: Incineroar|Incineroar, L50, M|47/100
|-ability|p1a: Incineroar|Intimidate|boost
|-unboost|p2b: Volcarona|atk|1
|move|p2b: Volcarona|Heat Wave|p1a: Incineroar|[spread] p1a,p1b
|-resisted|p1a: Incineroar
|-damage|p1a: Incineroar|32/100
|-damage|p1b: Porygon2|31/100
|move|p1b: Porygon2|Tera Blast|p2b: Volcarona
|-damage|p2b: Volcarona|28/100
|
|-heal|p2b: Volcarona|34/100|[from] Grassy Terrain
|-heal|p1b: Porygon2|37/100|[from] Grassy Terrain
|-heal|p1a: Incineroar|38/100|[from] Grassy Terrain
|-fieldend|move: Grassy Terrain
|upkeep
|turn|15
|inactive|steveman19 has 30 seconds left.
|
|t:|1756412069
|move|p2b: Volcarona|Protect|p2b: Volcarona
|-singleturn|p2b: Volcarona|Protect
|move|p1a: Incineroar|Fake Out|p2b: Volcarona
|-activate|p2b: Volcarona|move: Protect
|move|p1b: Porygon2|Trick Room|p1b: Porygon2
|-fieldstart|move: Trick Room|[of] p1b: Porygon2
|
|upkeep
|turn|16
|inactive|steveman19 has 25 seconds left this turn.
|inactive|steveman19 has 20 seconds left.
|inactive|steveman19 has 15 seconds left.
|inactive|steveman19 has 10 seconds left.
|inactive|steveman19 has 5 seconds left.
|-message|steveman19 lost due to inactivity.
|
|win|JeanChasuble
|raw|steveman19's rating: 1136 → 1109(-27 for losing)
|raw|JeanChasuble's rating: 1110 → 1137(+27 for winning)
