|j|☆quebecquagsires
|j|☆Jtw1313
|html|quebecquagsiresJtw1313    
|uhtml|bestof|Game 1 of a best-of-3
|t:|1784385412
|gametype|doubles
|player|p1|quebecquagsires|2|
|player|p2|Jtw1313|265|
|gen|9
|tier|[Gen 9 Champions] VGC 2026 Reg M-B (Bo3)
|rule|Species Clause: Limit one of each Pokémon
|rule|Item Clause: Limit 1 of each item
|clearpoke
|poke|p1|Dragonite, L50, M, shiny|
|poke|p1|Meganium, L50, M, shiny|
|poke|p1|Klefki, L50, F, shiny|
|poke|p1|Lycanroc-Dusk, L50, F|
|poke|p1|Rotom-Mow, L50, shiny|
|poke|p1|Kangaskhan, L50, F, shiny|
|poke|p2|Toxicroak, L50, M|
|poke|p2|Swampert, L50, F|
|poke|p2|Pelipper, L50, M|
|poke|p2|Kleavor, L50, F|
|poke|p2|Mimikyu, L50, F|
|poke|p2|Venusaur, L50, F|
|teampreview|4
|showteam|p1|Dragonite||Dragoninite|Multiscale|Hurricane,Thunderbolt,DragonPulse,Protect|Timid||M|||50|]Meganium||Meganiumite|Overgrow|Synthesis,DazzlingGleam,SolarBeam,Protect|Modest||M|||50|]Klefki||LightClay|Prankster|Reflect,LightScreen,ThunderWave,MetalSound|Bold||F|||50|]Lycanroc-Dusk||FocusSash|ToughClaws|RockSlide,PsychicFangs,CloseCombat,Accelerock|Jolly||F|||50|]Rotom-Mow||SitrusBerry|Levitate|LeafStorm,VoltSwitch,Electroweb,Protect|Calm|||||50|]Kangaskhan||SilkScarf|Scrappy|FakeOut,LastResort|Adamant||F|||50|
|showteam|p2|Toxicroak||LifeOrb|DrySkin|Protect,PoisonJab,CloseCombat,IcePunch|Jolly||M|||50|]Swampert||Swampertite|Torrent|Protect,Earthquake,WaveCrash,PoisonJab|Adamant||F|||50|]Pelipper||FocusSash|Drizzle|Tailwind,Protect,Hurricane,WeatherBall|Modest||M|||50|]Kleavor||ChoiceScarf|Sharpness|XScissor,StoneAxe,CloseCombat,Uturn|Adamant||F|||50|]Mimikyu||FairyFeather|Disguise|Protect,SwordsDance,PlayRough,LeechLife|Jolly||F|||50|]Venusaur||Venusaurite|Overgrow|EarthPower,Protect,LeechSeed,SludgeBomb|Calm||F|||50|
|
|t:|1784385468
|teamsize|p1|4
|teamsize|p2|4
|start
|switch|p1a: Klefki|Klefki, L50, F, shiny|100/100
|switch|p1b: Dragonite|Dragonite, L50, M, shiny|100/100
|switch|p2a: Toxicroak|Toxicroak, L50, M|100/100
|switch|p2b: Pelipper|Pelipper, L50, M|100/100
|-weather|RainDance|[from] ability: Drizzle|[of] p2b: Pelipper
|turn|1
|
|t:|1784385499
|detailschange|p1b: Dragonite|Dragonite-Mega, L50, M, shiny
|-mega|p1b: Dragonite|Dragonite|Dragoninite
|move|p2a: Toxicroak|Protect|p2a: Toxicroak
|-singleturn|p2a: Toxicroak|Protect
|move|p1a: Klefki|Reflect|p1a: Klefki
|-sidestart|p1: quebecquagsires|Reflect
|move|p1b: Dragonite|Hurricane|p2a: Toxicroak
|-activate|p2a: Toxicroak|move: Protect
|move|p2b: Pelipper|Tailwind|p2b: Pelipper
|-sidestart|p2: Jtw1313|move: Tailwind
|
|-weather|RainDance|[upkeep]
|upkeep
|turn|2
|
|t:|1784385532
|move|p1a: Klefki|Light Screen|p1a: Klefki
|-sidestart|p1: quebecquagsires|move: Light Screen
|move|p2a: Toxicroak|Ice Punch|p1b: Dragonite
|-supereffective|p1b: Dragonite|2
|-damage|p1b: Dragonite|63/100
|-damage|p2a: Toxicroak|90/100|[from] item: Life Orb
|move|p2b: Pelipper|Weather Ball|p1b: Dragonite
|-resisted|p1b: Dragonite|1
|-damage|p1b: Dragonite|43/100
|move|p1b: Dragonite|Hurricane|p2a: Toxicroak
|-supereffective|p2a: Toxicroak|1
|-damage|p2a: Toxicroak|0 fnt
|faint|p2a: Toxicroak
|
|-weather|RainDance|[upkeep]
|upkeep
|
|t:|1784385549
|switch|p2a: Swampert|Swampert, L50, F|100/100
|turn|3
|
|t:|1784385580
|switch|p1a: Kangaskhan|Kangaskhan, L50, F, shiny|100/100
|detailschange|p2a: Swampert|Swampert-Mega, L50, F
|-mega|p2a: Swampert|Swampert|Swampertite
|move|p1b: Dragonite|Protect|p1b: Dragonite
|-singleturn|p1b: Dragonite|Protect
|move|p2a: Swampert|Earthquake|p1a: Kangaskhan|[spread] p1a
|-activate|p1b: Dragonite|move: Protect
|-immune|p2b: Pelipper
|-damage|p1a: Kangaskhan|70/100
|move|p2b: Pelipper|Weather Ball|p1b: Dragonite
|-activate|p1b: Dragonite|move: Protect
|
|-weather|RainDance|[upkeep]
|upkeep
|turn|4
|
|t:|1784385608
|move|p1a: Kangaskhan|Fake Out|p2a: Swampert
|-damage|p2a: Swampert|79/100
|cant|p2a: Swampert|flinch
|move|p2b: Pelipper|Hurricane|p1a: Kangaskhan
|-damage|p1a: Kangaskhan|33/100
|move|p1b: Dragonite|Thunderbolt|p2b: Pelipper
|-supereffective|p2b: Pelipper|2
|-enditem|p2b: Pelipper|Focus Sash
|-damage|p2b: Pelipper|1/100
|
|-weather|RainDance|[upkeep]
|-sideend|p2: Jtw1313|move: Tailwind
|upkeep
|turn|5
|
|t:|1784385645
|move|p2b: Pelipper|Protect|p2b: Pelipper
|-singleturn|p2b: Pelipper|Protect
|move|p2a: Swampert|Wave Crash|p1a: Kangaskhan
|-damage|p1a: Kangaskhan|0 fnt
|faint|p1a: Kangaskhan
|-damage|p2a: Swampert|66/100|[from] Recoil
|move|p1b: Dragonite|Hurricane|p2a: Swampert
|-damage|p2a: Swampert|22/100
|-start|p2a: Swampert|confusion
|
|-weather|none
|upkeep
|
|t:|1784385660
|switch|p1a: Rotom|Rotom-Mow, L50, shiny|100/100
|turn|6
|
|t:|1784385676
|switch|p2a: Kleavor|Kleavor, L50, F|100/100
|move|p1b: Dragonite|Dragon Pulse|p2a: Kleavor
|-damage|p2a: Kleavor|38/100
|move|p1a: Rotom|Electroweb|p2a: Kleavor|[spread] p2a,p2b
|-supereffective|p2b: Pelipper|2
|-damage|p2a: Kleavor|16/100
|-damage|p2b: Pelipper|0 fnt
|-unboost|p2a: Kleavor|spe|1
|faint|p2b: Pelipper
|
|upkeep
|
|t:|1784385688
|switch|p2b: Swampert|Swampert-Mega, L50, F|22/100
|turn|7
|
|t:|1784385695
|move|p1b: Dragonite|Dragon Pulse|p2b: Swampert
|-damage|p2b: Swampert|0 fnt
|faint|p2b: Swampert
|move|p1a: Rotom|Volt Switch|p2a: Kleavor
|-damage|p2a: Kleavor|0 fnt
|faint|p2a: Kleavor
|
|win|quebecquagsires
|inactive|quebecquagsires has 30 seconds to confirm battle start!
|inactive|Jtw1313 has 30 seconds to confirm battle start!
