|j|☆Setta09
|j|☆inexon
|html|Setta09inexon    
|uhtml|bestof|Game 1 of a best-of-3
|t:|1756287285
|gametype|doubles
|player|p1|Setta09|101|1134
|player|p2|inexon|265|1089
|gen|9
|tier|[Gen 9] VGC 2025 Reg H (Bo3)
|rated|
|rule|Species Clause: Limit one of each Pokémon
|rule|Item Clause: Limit 1 of each item
|clearpoke
|poke|p1|Dragonite, L50, M|
|poke|p1|Annihilape, L50, F|
|poke|p1|Gholdengo, L50|
|poke|p1|Electabuzz, L50, F|
|poke|p1|Incineroar, L50, F|
|poke|p1|Rillaboom, L50, F|
|poke|p2|Dragonite, L50, M|
|poke|p2|Gholdengo, L50|
|poke|p2|Sneasler, L50, F|
|poke|p2|Indeedee, L50, M|
|poke|p2|Incineroar, L50, F|
|poke|p2|Ursaluna-Bloodmoon, L50, M|
|teampreview|4
|showteam|p1|Dragonite||LoadedDice|Multiscale|ScaleShot,ExtremeSpeed,Haze,Protect|||M|||50|,,,,,Fairy]Annihilape||FocusSash|Defiant|RageFist,CloseCombat,Coaching,Taunt|||F|||50|,,,,,Stellar]Gholdengo||SitrusBerry|GoodasGold|MakeItRain,ShadowBall,NastyPlot,Protect||||||50|,,,,,Water]Electabuzz||Eviolite|VitalSpirit|Thunderbolt,Electroweb,FollowMe,Protect|||F|||50|,,,,,Dragon]Incineroar||MirrorHerb|Intimidate|FakeOut,FlareBlitz,KnockOff,PartingShot|||F|||50|,,,,,Ghost]Rillaboom||AssaultVest|GrassySurge|WoodHammer,GrassyGlide,Uturn,FakeOut|||F|||50|,,,,,Fire
|showteam|p2|Dragonite||LoadedDice|Multiscale|ScaleShot,ExtremeSpeed,Haze,Protect|||M|||50|,,,,,Flying]Gholdengo||LifeOrb|GoodasGold|MakeItRain,ShadowBall,NastyPlot,Protect||||||50|,,,,,Steel]Sneasler||PsychicSeed|Unburden|DireClaw,ThroatChop,FakeOut,CloseCombat|||F|||50|,,,,,Dark]Indeedee||SitrusBerry|PsychicSurge|ExpandingForce,TrickRoom,ShadowBall,Protect|||M|||50|,,,,,Ghost]Incineroar||SafetyGoggles|Intimidate|FakeOut,PartingShot,KnockOff,FlareBlitz|||F|||50|,,,,,Water]Ursaluna-Bloodmoon||AssaultVest|MindsEye|BloodMoon,HyperVoice,EarthPower,VacuumWave|||M|||50|,,,,,Ghost
|inactive|Battle timer is ON: inactive players will automatically lose when time's up. (requested by inexon)
|inactive|Setta09 has 60 seconds left.
|inactive|Setta09 has 30 seconds left.
|inactive|Setta09 has 20 seconds left.
|inactive|Setta09 has 15 seconds left.
|inactive|Setta09 has 10 seconds left.
|
|t:|1756287368
|teamsize|p1|4
|teamsize|p2|4
|start
|switch|p1a: Gholdengo|Gholdengo, L50|100/100
|switch|p1b: Rillaboom|Rillaboom, L50, F|100/100
|switch|p2a: Sneasler|Sneasler, L50, F|100/100
|switch|p2b: Indeedee|Indeedee, L50, M|100/100
|-fieldstart|move: Psychic Terrain|[from] ability: Psychic Surge|[of] p2b: Indeedee
|-enditem|p2a: Sneasler|Psychic Seed
|-boost|p2a: Sneasler|spd|1|[from] item: Psychic Seed
|-fieldstart|move: Grassy Terrain|[from] ability: Grassy Surge|[of] p1b: Rillaboom
|turn|1
|inactive|inexon has 30 seconds left.
|inactive|inexon has 20 seconds left.
|
|t:|1756287403
|move|p1b: Rillaboom|Fake Out|p2a: Sneasler
|-damage|p2a: Sneasler|76/100
|cant|p2a: Sneasler|flinch
|move|p2b: Indeedee|Expanding Force|p1a: Gholdengo
|-resisted|p1a: Gholdengo
|-damage|p1a: Gholdengo|84/100
|move|p1a: Gholdengo|Nasty Plot|p1a: Gholdengo
|-boost|p1a: Gholdengo|spa|2
|
|-heal|p2a: Sneasler|82/100|[from] Grassy Terrain
|-heal|p1a: Gholdengo|90/100|[from] Grassy Terrain
|upkeep
|turn|2
|inactive|Setta09 has 30 seconds left.
|
|t:|1756287435
|switch|p1b: Incineroar|Incineroar, L50, F|100/100
|-ability|p1b: Incineroar|Intimidate|boost
|-unboost|p2a: Sneasler|atk|1
|-unboost|p2b: Indeedee|atk|1
|-terastallize|p1a: Gholdengo|Water
|move|p2a: Sneasler|Dire Claw|p1b: Incineroar
|-damage|p1b: Incineroar|71/100
|move|p2b: Indeedee|Shadow Ball|p1a: Gholdengo
|-damage|p1a: Gholdengo|64/100
|-unboost|p1a: Gholdengo|spd|1
|move|p1a: Gholdengo|Make It Rain|p2b: Indeedee|[spread] p2a,p2b
|-damage|p2a: Sneasler|4/100
|-damage|p2b: Indeedee|0 fnt
|-unboost|p1a: Gholdengo|spa|1
|faint|p2b: Indeedee
|
|-heal|p2a: Sneasler|10/100|[from] Grassy Terrain
|-heal|p1a: Gholdengo|70/100|[from] Grassy Terrain
|-heal|p1b: Incineroar|77/100|[from] Grassy Terrain
|upkeep
|
|t:|1756287440
|switch|p2b: Gholdengo|Gholdengo, L50|100/100
|turn|3
|inactive|Setta09 has 30 seconds left.
|
|t:|1756287470
|-terastallize|p2b: Gholdengo|Steel
|move|p1b: Incineroar|Fake Out|p2a: Sneasler
|-damage|p2a: Sneasler|0 fnt
|faint|p2a: Sneasler
|move|p2b: Gholdengo|Make It Rain|p1b: Incineroar|[spread] p1a,p1b
|-resisted|p1a: Gholdengo
|-crit|p1a: Gholdengo
|-resisted|p1b: Incineroar
|-damage|p1a: Gholdengo|0 fnt
|-damage|p1b: Incineroar|35/100
|-unboost|p2b: Gholdengo|spa|1
|faint|p1a: Gholdengo
|-damage|p2b: Gholdengo|91/100|[from] item: Life Orb
|
|-heal|p2b: Gholdengo|97/100|[from] Grassy Terrain
|-heal|p1b: Incineroar|41/100|[from] Grassy Terrain
|upkeep
|
|t:|1756287484
|switch|p2a: Dragonite|Dragonite, L50, M|100/100
|switch|p1a: Annihilape|Annihilape, L50, F|100/100
|turn|4
|
|t:|1756287506
|move|p2b: Gholdengo|Protect|p2b: Gholdengo
|-singleturn|p2b: Gholdengo|Protect
|move|p1a: Annihilape|Close Combat|p2b: Gholdengo
|-activate|p2b: Gholdengo|move: Protect
|move|p2a: Dragonite|Scale Shot|p1a: Annihilape
|-damage|p1a: Annihilape|82/100
|-damage|p1a: Annihilape|66/100
|-damage|p1a: Annihilape|49/100
|-damage|p1a: Annihilape|32/100
|-hitcount|p1a: Annihilape|4
|-unboost|p2a: Dragonite|def|1
|-boost|p2a: Dragonite|spe|1
|-enditem|p1b: Incineroar|Mirror Herb
|-boost|p1b: Incineroar|spe|1|[from] item: Mirror Herb
|move|p1b: Incineroar|Knock Off|p2a: Dragonite
|-damage|p2a: Dragonite|70/100
|-enditem|p2a: Dragonite|Loaded Dice|[from] move: Knock Off|[of] p1b: Incineroar
|
|-heal|p1b: Incineroar|47/100|[from] Grassy Terrain
|-heal|p1a: Annihilape|38/100|[from] Grassy Terrain
|-heal|p2b: Gholdengo|100/100|[from] Grassy Terrain
|upkeep
|turn|5
|inactive|Setta09 has 30 seconds left.
|inactive|Setta09 has 20 seconds left.
|inactive|Setta09 has 15 seconds left.
|
|t:|1756287549
|move|p2a: Dragonite|Scale Shot|p1a: Annihilape
|-damage|p1a: Annihilape|21/100
|-damage|p1a: Annihilape|4/100
|-hitcount|p1a: Annihilape|2
|-unboost|p2a: Dragonite|def|1
|-boost|p2a: Dragonite|spe|1
|move|p1b: Incineroar|Flare Blitz|p2b: Gholdengo
|-supereffective|p2b: Gholdengo
|-damage|p2b: Gholdengo|0 fnt
|faint|p2b: Gholdengo
|-damage|p1b: Incineroar|21/100|[from] Recoil
|move|p1a: Annihilape|Close Combat|p2a: Dragonite
|-resisted|p2a: Dragonite
|-damage|p2a: Dragonite|14/100
|-unboost|p1a: Annihilape|def|1
|-unboost|p1a: Annihilape|spd|1
|
|-heal|p1b: Incineroar|27/100|[from] Grassy Terrain
|-heal|p1a: Annihilape|10/100|[from] Grassy Terrain
|-fieldend|move: Grassy Terrain
|upkeep
|turn|6
|
|t:|1756287564
|move|p2a: Dragonite|Extreme Speed|p1a: Annihilape
|-immune|p1a: Annihilape
|move|p1b: Incineroar|Knock Off|p2a: Dragonite
|-damage|p2a: Dragonite|0 fnt
|faint|p2a: Dragonite
|
|win|Setta09
||Setta09 is ready for game 2.
||inexon is ready for game 2.
|uhtml|next|Next: Game 2 of 3
|l|☆inexon
|player|p2|
