|j|☆boober_magmar
|j|☆anderitur
|html|boober_magmaranderitur    
|uhtml|bestof|Game 3 of a best-of-3
|t:|1755814391
|gametype|doubles
|player|p1|boober_magmar|gambler|1237
|player|p2|anderitur|cyclistf-gen4|1170
|gen|9
|tier|[Gen 9] VGC 2025 Reg H (Bo3)
|rated|
|rule|Species Clause: Limit one of each Pokémon
|rule|Item Clause: Limit 1 of each item
|clearpoke
|poke|p1|Gholdengo, L50|
|poke|p1|Dragonite, L50, M|
|poke|p1|Incineroar, L50, M|
|poke|p1|Annihilape, L50, F|
|poke|p1|Electabuzz, L50, M|
|poke|p1|Ursaluna-Bloodmoon, L50, M|
|poke|p2|Grimmsnarl, L50, M|
|poke|p2|Sinistcha, L50|
|poke|p2|Archaludon, L50, M|
|poke|p2|Maushold, L50|
|poke|p2|Pelipper, L50, F|
|poke|p2|Annihilape, L50, M|
|teampreview|4
|showteam|p1|Gholdengo||LifeOrb|GoodasGold|MakeItRain,ShadowBall,NastyPlot,Protect||||||50|,,,,,Water]Dragonite||LoadedDice|Multiscale|ScaleShot,Haze,Tailwind,Protect|||M|||50|,,,,,Fairy]Incineroar||SafetyGoggles|Intimidate|FakeOut,FlareBlitz,KnockOff,PartingShot|||M|||50|,,,,,Grass]Annihilape||FocusSash|Defiant|CloseCombat,RageFist,Taunt,Protect|||F|||50|,,,,,Stellar]Electabuzz||Eviolite|VitalSpirit|Thunderbolt,Electroweb,FollowMe,Protect|||M|||50|,,,,,Ghost]Ursaluna-Bloodmoon||AssaultVest|MindsEye|HyperVoice,EarthPower,BloodMoon,VacuumWave|||M|||50|,,,,,Poison
|showteam|p2|Grimmsnarl||LightClay|Prankster|SpiritBreak,ThunderWave,Reflect,LightScreen|||M|||50|,,,,,Ghost]Sinistcha||SitrusBerry|Hospitality|MatchaGotcha,LifeDew,RagePowder,TrickRoom||||||50|,,,,,Dark]Archaludon||AssaultVest|Stamina|ElectroShot,FlashCannon,BodyPress,DracoMeteor|||M|||50|,,,,,Grass]Maushold||SafetyGoggles|FriendGuard|BeatUp,Taunt,FollowMe,Protect||||||50|,,,,,Ghost]Pelipper||FocusSash|Drizzle|Hurricane,WeatherBall,Tailwind,Protect|||F|||50|,,,,,Ghost]Annihilape||Leftovers|Defiant|DrainPunch,RageFist,BulkUp,Protect|||M|||50|,,,,,Water
|inactive|Battle timer is ON: inactive players will automatically lose when time's up. (requested by anderitur)
|inactive|boober_magmar has 60 seconds left.
|inactive|anderitur has 60 seconds left.
|
|t:|1755814445
|teamsize|p1|4
|teamsize|p2|4
|start
|switch|p1a: Gholdengo|Gholdengo, L50|100/100
|switch|p1b: Annihilape|Annihilape, L50, F|100/100
|switch|p2a: Grimmsnarl|Grimmsnarl, L50, M|100/100
|switch|p2b: Annihilape|Annihilape, L50, M|100/100
|turn|1
|
|t:|1755814464
|-terastallize|p2b: Annihilape|Water
|move|p2a: Grimmsnarl|Light Screen|p2a: Grimmsnarl
|-sidestart|p2: anderitur|move: Light Screen
|move|p2b: Annihilape|Bulk Up|p2b: Annihilape
|-boost|p2b: Annihilape|atk|1
|-boost|p2b: Annihilape|def|1
|move|p1b: Annihilape|Taunt|p2b: Annihilape
|-start|p2b: Annihilape|move: Taunt
|move|p1a: Gholdengo|Nasty Plot|p1a: Gholdengo
|-boost|p1a: Gholdengo|spa|2
|
|upkeep
|turn|2
|inactive|anderitur has 30 seconds left.
|
|t:|1755814492
|switch|p1b: Electabuzz|Electabuzz, L50, M|100/100
|-terastallize|p1a: Gholdengo|Water
|move|p2a: Grimmsnarl|Reflect|p2a: Grimmsnarl
|-sidestart|p2: anderitur|Reflect
|move|p2b: Annihilape|Rage Fist|p1a: Gholdengo
|-damage|p1a: Gholdengo|71/100
|move|p1a: Gholdengo|Nasty Plot|p1a: Gholdengo
|-boost|p1a: Gholdengo|spa|2
|
|upkeep
|turn|3
|
|t:|1755814514
|switch|p2a: Maushold|Maushold, L50|100/100
|move|p1b: Electabuzz|Follow Me|p1b: Electabuzz
|-singleturn|p1b: Electabuzz|move: Follow Me
|move|p2b: Annihilape|Drain Punch|p1b: Electabuzz
|-damage|p1b: Electabuzz|59/100
|move|p1a: Gholdengo|Nasty Plot|p1a: Gholdengo
|-boost|p1a: Gholdengo|spa|2
|
|upkeep
|turn|4
|
|t:|1755814538
|move|p1b: Electabuzz|Protect|p1b: Electabuzz
|-singleturn|p1b: Electabuzz|Protect
|move|p2a: Maushold|Beat Up|p2b: Annihilape
|-damage|p2b: Annihilape|99/100
|-damage|p2b: Annihilape|98/100
|-damage|p2b: Annihilape|97/100
|-damage|p2b: Annihilape|96/100
|-hitcount|p2b: Annihilape|4
|move|p2b: Annihilape|Rage Fist|p1a: Gholdengo
|-damage|p1a: Gholdengo|0 fnt
|faint|p1a: Gholdengo
|
|-heal|p2b: Annihilape|100/100|[from] item: Leftovers
|-end|p2b: Annihilape|move: Taunt
|upkeep
|c|☆boober_magmar|Que puyos huevos
|c|☆boober_magmar|Putos clickers
|
|t:|1755814555
|switch|p1a: Annihilape|Annihilape, L50, F|100/100
|turn|5
|
|t:|1755814571
|move|p2a: Maushold|Follow Me|p2a: Maushold
|-singleturn|p2a: Maushold|move: Follow Me
|move|p1b: Electabuzz|Follow Me|p1b: Electabuzz
|-singleturn|p1b: Electabuzz|move: Follow Me
|move|p2b: Annihilape|Rage Fist|p1b: Electabuzz
|-damage|p1b: Electabuzz|0 fnt
|faint|p1b: Electabuzz
|move|p1a: Annihilape|Close Combat|p2a: Maushold
|-supereffective|p2a: Maushold
|-damage|p2a: Maushold|0 fnt
|-unboost|p1a: Annihilape|def|1
|-unboost|p1a: Annihilape|spd|1
|faint|p2a: Maushold
|
|upkeep
|
|t:|1755814587
|switch|p2a: Grimmsnarl|Grimmsnarl, L50, M|100/100
|switch|p1b: Ursaluna|Ursaluna-Bloodmoon, L50, M|100/100
|turn|6
|
|t:|1755814609
|move|p2a: Grimmsnarl|Thunder Wave|p1a: Annihilape
|-status|p1a: Annihilape|par
|move|p2b: Annihilape|Drain Punch|p1b: Ursaluna
|-supereffective|p1b: Ursaluna
|-damage|p1b: Ursaluna|23/100
|move|p1b: Ursaluna|Hyper Voice|p2a: Grimmsnarl|[spread] p2a,p2b
|-damage|p2a: Grimmsnarl|78/100
|-damage|p2b: Annihilape|75/100
|move|p1a: Annihilape|Close Combat|p2b: Annihilape
|-damage|p2b: Annihilape|44/100
|-unboost|p1a: Annihilape|def|1
|-unboost|p1a: Annihilape|spd|1
|
|-heal|p2b: Annihilape|50/100|[from] item: Leftovers
|upkeep
|turn|7
|
|t:|1755814628
|move|p1b: Ursaluna|Vacuum Wave|p2b: Annihilape
|-damage|p2b: Annihilape|41/100
|move|p2a: Grimmsnarl|Reflect||[still]
|-fail|p2a: Grimmsnarl
|move|p2b: Annihilape|Drain Punch|p1b: Ursaluna
|-supereffective|p1b: Ursaluna
|-damage|p1b: Ursaluna|0 fnt
|-heal|p2b: Annihilape|51/100|[from] drain|[of] p1b: Ursaluna
|faint|p1b: Ursaluna
|move|p1a: Annihilape|Close Combat|p2b: Annihilape
|-damage|p2b: Annihilape|21/100
|-unboost|p1a: Annihilape|def|1
|-unboost|p1a: Annihilape|spd|1
|
|-heal|p2b: Annihilape|26/100|[from] item: Leftovers
|upkeep
|turn|8
|-message|boober_magmar forfeited.
|raw|boober_magmar's rating: 1237 → 1207(-30 for losing)
|raw|anderitur's rating: 1170 → 1200(+30 for winning)
|
|win|anderitur
