|j|☆G00mB
|j|☆MeshyDL
|html|G00mBMeshyDL    
|uhtml|bestof|Game 2 of a best-of-3
|t:|1785714594
|gametype|doubles
|player|p1|G00mB|ghetsis|
|player|p2|MeshyDL|266|
|gen|9
|tier|[Gen 9 Champions] VGC 2026 Reg M-B (Bo3)
|rule|Species Clause: Limit one of each Pokémon
|rule|Item Clause: Limit 1 of each item
|clearpoke
|poke|p1|Metagross, L50|
|poke|p1|Scrafty, L50, F|
|poke|p1|Talonflame, L50, M|
|poke|p1|Kangaskhan, L50, F|
|poke|p1|Volcarona, L50, M|
|poke|p1|Zoroark-Hisui, L50, F, shiny|
|poke|p2|Maushold, L50|
|poke|p2|Ninetales-Alola, L50, F|
|poke|p2|Gengar, L50, M|
|poke|p2|Politoed, L50, M|
|poke|p2|Falinks, L50|
|poke|p2|Dragonite, L50, M|
|teampreview|4
|showteam|p1|Metagross||Metagrossite|ClearBody|PsychicFangs,StompingTantrum,BulletPunch,Protect|Adamant|||||50|]Scrafty||Scraftinite|Intimidate|DrainPunch,KnockOff,FakeOut,Coaching|Adamant||F|||50|]Talonflame||SharpBeak|GaleWings|FlareBlitz,DualWingbeat,Tailwind,Protect|Jolly||M|||50|]Kangaskhan||ChopleBerry|Scrappy|DoubleEdge,SuckerPunch,DrainPunch,FakeOut|Adamant||F|||50|]Volcarona||SitrusBerry|FlameBody|HeatWave,GigaDrain,QuiverDance,Protect|Modest||M|||50|]Zoroark-Hisui||FocusSash|Illusion|BitterMalice,IcyWind,Taunt,Protect|Timid||F|||50|
|showteam|p2|Maushold||WideLens|Technician|FollowMe,PopulationBomb,Protect,Taunt|Jolly|||||50|]Ninetales-Alola||NeverMeltIce|SnowWarning|AuroraVeil,FreezeDry,Blizzard,Protect|Timid||F|||50|]Gengar||Gengarite|CursedBody|PerishSong,Protect,ShadowBall,SludgeBomb|Timid||M|||50|]Politoed||SitrusBerry|Drizzle|PerishSong,Protect,Encore,MuddyWater|Calm||M|||50|]Falinks||Falinksite|Defiant|CloseCombat,NoRetreat,Protect,RockSlide|Adamant|||||50|]Dragonite||LifeOrb|InnerFocus|Tailwind,DragonClaw,Protect,ExtremeSpeed|Adamant||M|||50|
|c|☆G00mB|https://open.spotify.com/track/0mEdbdeRFQwBhN4xfyIeUM?si=9db30e20a8924b90
|
|t:|1785714692
|teamsize|p1|4
|teamsize|p2|4
|start
|switch|p1a: No Dad?|Kangaskhan, L50, F|100/100
|switch|p1b: BigXThaplug|Metagross, L50|100/100
|switch|p2a: Dragonite|Dragonite, L50, M|100/100
|switch|p2b: Maushold|Maushold, L50|100/100
|turn|1
|c|☆MeshyDL|yo
|c|☆MeshyDL|is that real
|c|☆G00mB|whos to say
|c|☆MeshyDL|fuuuu
|c|☆MeshyDL|k
|c|☆MeshyDL|gamble time
|
|t:|1785714754
|detailschange|p1b: BigXThaplug|Metagross-Mega, L50
|-mega|p1b: BigXThaplug|Metagross|Metagrossite
|move|p2b: Maushold|Protect|p2b: Maushold
|-singleturn|p2b: Maushold|Protect
|move|p1a: No Dad?|Fake Out|p2a: Dragonite
|-damage|p2a: Dragonite|80/100
|move|p2a: Dragonite|Dragon Claw|p1a: No Dad?
|-damage|p1a: No Dad?|38/100
|-damage|p2a: Dragonite|70/100|[from] item: Life Orb
|move|p1b: BigXThaplug|Psychic Fangs|p2a: Dragonite
|-damage|p2a: Dragonite|0 fnt
|faint|p2a: Dragonite
|
|upkeep
|c|☆G00mB|is real
|
|t:|1785714777
|switch|p2a: Falinks|Falinks, L50|100/100
|turn|2
|c|☆MeshyDL|clearly lol
|
|t:|1785714794
|detailschange|p2a: Falinks|Falinks-Mega, L50
|-mega|p2a: Falinks|Falinks|Falinksite
|move|p2b: Maushold|Follow Me|p2b: Maushold
|-singleturn|p2b: Maushold|move: Follow Me
|move|p2a: Falinks|No Retreat|p2a: Falinks
|-boost|p2a: Falinks|atk|1
|-boost|p2a: Falinks|def|1
|-boost|p2a: Falinks|spa|1
|-boost|p2a: Falinks|spd|1
|-boost|p2a: Falinks|spe|1
|-start|p2a: Falinks|move: No Retreat
|move|p1b: BigXThaplug|Psychic Fangs|p2b: Maushold
|-damage|p2b: Maushold|0 fnt
|faint|p2b: Maushold
|move|p1a: No Dad?|Drain Punch|p2a: Falinks
|-damage|p2a: Falinks|85/100
|-heal|p1a: No Dad?|43/100|[from] drain|[of] p2a: Falinks
|
|upkeep
|
|t:|1785714806
|switch|p2b: Ninetales|Ninetales-Alola, L50, F|100/100
|-weather|Snowscape|[from] ability: Snow Warning|[of] p2b: Ninetales
|turn|3
|
|t:|1785714825
|move|p1b: BigXThaplug|Protect|p1b: BigXThaplug
|-singleturn|p1b: BigXThaplug|Protect
|move|p2a: Falinks|Rock Slide|p1b: BigXThaplug|[spread] p1a
|-activate|p1b: BigXThaplug|move: Protect
|-damage|p1a: No Dad?|11/100
|move|p2b: Ninetales|Aurora Veil|p2b: Ninetales
|-sidestart|p2: MeshyDL|move: Aurora Veil
|cant|p1a: No Dad?|flinch
|
|-weather|Snowscape|[upkeep]
|upkeep
|turn|4
|
|t:|1785714844
|move|p1b: BigXThaplug|Bullet Punch|p2b: Ninetales
|-supereffective|p2b: Ninetales|2
|-damage|p2b: Ninetales|18/100
|move|p1a: No Dad?|Sucker Punch|p2a: Falinks
|-resisted|p2a: Falinks|1
|-crit|p2a: Falinks
|-damage|p2a: Falinks|69/100
|move|p2a: Falinks|Close Combat|p1b: BigXThaplug
|-damage|p1b: BigXThaplug|36/100
|-unboost|p2a: Falinks|def|1
|-unboost|p2a: Falinks|spd|1
|move|p2b: Ninetales|Blizzard|p1b: BigXThaplug|[spread] p1a,p1b
|-resisted|p1b: BigXThaplug|1
|-damage|p1a: No Dad?|0 fnt
|-damage|p1b: BigXThaplug|19/100
|faint|p1a: No Dad?
|
|-weather|Snowscape|[upkeep]
|upkeep
|
|t:|1785714854
|switch|p1a: GOBIRBS|Talonflame, L50, M|100/100
|turn|5
|c|☆G00mB|is this real?
|
|t:|1785714887
|move|p2b: Ninetales|Protect|p2b: Ninetales
|-singleturn|p2b: Ninetales|Protect
|move|p1a: GOBIRBS|Dual Wingbeat|p2a: Falinks
|-supereffective|p2a: Falinks|1
|-damage|p2a: Falinks|42/100
|-supereffective|p2a: Falinks|1
|-damage|p2a: Falinks|19/100
|-hitcount|p2a: Falinks|2
|move|p1b: BigXThaplug|Bullet Punch|p2b: Ninetales
|-activate|p2b: Ninetales|move: Protect
|move|p2a: Falinks|Rock Slide|p1b: BigXThaplug|[spread] p1a,p1b
|-supereffective|p1a: GOBIRBS|2
|-resisted|p1b: BigXThaplug|1
|-damage|p1a: GOBIRBS|0 fnt
|-damage|p1b: BigXThaplug|9/100
|faint|p1a: GOBIRBS
|
|-weather|Snowscape|[upkeep]
|upkeep
|
|t:|1785714898
|switch|p1a: Draftpoint|Scrafty, L50, F|100/100
|-ability|p1a: Draftpoint|Intimidate|boost
|-unboost|p2a: Falinks|atk|1
|-ability|p2a: Falinks|Defiant|boost
|-boost|p2a: Falinks|atk|2
|-unboost|p2b: Ninetales|atk|1
|turn|6
|c|☆MeshyDL|damn u bigxthaplug
|c|☆G00mB|back oin my bs
|
|t:|1785714944
|move|p1a: Draftpoint|Fake Out|p2a: Falinks
|-damage|p2a: Falinks|11/100
|move|p1b: BigXThaplug|Bullet Punch|p2b: Ninetales
|-supereffective|p2b: Ninetales|2
|-damage|p2b: Ninetales|0 fnt
|faint|p2b: Ninetales
|cant|p2a: Falinks|flinch
|
|-weather|Snowscape|[upkeep]
|upkeep
|turn|7
|c|☆MeshyDL|rockslide flinch incoming
|
|t:|1785714962
|move|p1b: BigXThaplug|Bullet Punch|p2a: Falinks
|-damage|p2a: Falinks|0 fnt
|faint|p2a: Falinks
|
|win|G00mB
|c|☆MeshyDL|kappa chungus
|c|☆MeshyDL|ggs
