|j|☆elxoxo21
|j|☆Pelosis
|html|elxoxo21Pelosis    
|uhtml|bestof|Game 1 of a best-of-3
|t:|1784561116
|gametype|doubles
|player|p1|elxoxo21|102|1125
|player|p2|Pelosis|170|1159
|gen|9
|tier|[Gen 9 Champions] VGC 2026 Reg M-B (Bo3)
|rated|
|rule|Species Clause: Limit one of each Pokémon
|rule|Item Clause: Limit 1 of each item
|clearpoke
|poke|p1|Gengar, L50, M|
|poke|p1|Politoed, L50, M|
|poke|p1|Whimsicott, L50, F|
|poke|p1|Meganium, L50, M|
|poke|p1|Gholdengo, L50|
|poke|p1|Incineroar, L50, F, shiny|
|poke|p2|Mawile, L50, F|
|poke|p2|Farigiraf, L50, M|
|poke|p2|Incineroar, L50, F|
|poke|p2|Torkoal, L50, F|
|poke|p2|Venusaur, L50, F|
|poke|p2|Scrafty, L50, F|
|teampreview|4
|showteam|p1|Gengar||Gengarite|CursedBody|Protect,PerishSong,Disable,ShadowBall|Timid||M|||50|]Politoed||SitrusBerry|Drizzle|Protect,PerishSong,HelpingHand,WeatherBall|Bold||M|||50|]Whimsicott||FocusSash|Prankster|Protect,Encore,Tailwind,Moonblast|Timid||F|||50|]Meganium||Meganiumite|LeafGuard|Protect,WeatherBall,SolarBeam,DazzlingGleam|Modest||M|||50|]Gholdengo||LifeOrb|GoodasGold|Protect,NastyPlot,ShadowBall,MakeItRain|Modest|||||50|]Incineroar||WhiteHerb|Intimidate|FakeOut,PartingShot,DarkestLariat,CloseCombat|Adamant||F|||50|
|showteam|p2|Mawile||Mawilite|HyperCutter|Protect,PlayRough,RockSlide,SuckerPunch|Brave||F|||50|]Farigiraf||SitrusBerry|ArmorTail|TrickRoom,TwinBeam,Thunderbolt,HelpingHand|Quiet||M|||50|]Incineroar||WhiteHerb|Intimidate|FakeOut,CloseCombat,FlareBlitz,DarkestLariat|Brave||F|||50|]Torkoal||Charcoal|Drought|Protect,Eruption,HeatWave,WeatherBall|Quiet||F|||50|]Venusaur||FocusSash|Chlorophyll|SleepPowder,EarthPower,EnergyBall,SludgeBomb|Modest||F|||50|]Scrafty||Scraftinite|Intimidate|FakeOut,CloseCombat,KnockOff,IcePunch|Brave||F|||50|
|inactive|Battle timer is ON: inactive players will automatically lose when time's up. (requested by elxoxo21)
|
|t:|1784561149
|teamsize|p1|4
|teamsize|p2|4
|start
|switch|p1a: Whimsicott|Whimsicott, L50, F|100/100
|switch|p1b: Incineroar|Incineroar, L50, F, shiny|100/100
|switch|p2a: Farigiraf|Farigiraf, L50, M|100/100
|switch|p2b: Incineroar|Incineroar, L50, F|100/100
|-ability|p1b: Incineroar|Intimidate|boost
|-unboost|p2a: Farigiraf|atk|1
|-unboost|p2b: Incineroar|atk|1
|-ability|p2b: Incineroar|Intimidate|boost
|-unboost|p1a: Whimsicott|atk|1
|-unboost|p1b: Incineroar|atk|1
|-enditem|p1b: Incineroar|White Herb
|-clearnegativeboost|p1b: Incineroar|[silent]
|-enditem|p2b: Incineroar|White Herb
|-clearnegativeboost|p2b: Incineroar|[silent]
|turn|1
|
|t:|1784561170
|move|p2b: Incineroar|Fake Out|p1b: Incineroar
|-damage|p1b: Incineroar|83/100
|move|p1a: Whimsicott|Moonblast|p2a: Farigiraf
|-damage|p2a: Farigiraf|64/100
|-unboost|p2a: Farigiraf|spa|1
|cant|p1b: Incineroar|flinch
|move|p2a: Farigiraf|Trick Room|p2a: Farigiraf
|-fieldstart|move: Trick Room|[of] p2a: Farigiraf
|
|upkeep
|turn|2
|inactive|elxoxo21 has 30 seconds left.
|inactive|Pelosis has 30 seconds left.
|
|t:|1784561208
|switch|p2a: Torkoal|Torkoal, L50, F|100/100
|-weather|SunnyDay|[from] ability: Drought|[of] p2a: Torkoal
|switch|p1b: Gengar|Gengar, L50, M|100/100
|move|p2b: Incineroar|Flare Blitz|p1a: Whimsicott
|-supereffective|p1a: Whimsicott|1
|-enditem|p1a: Whimsicott|Focus Sash
|-damage|p1a: Whimsicott|1/100
|-damage|p2b: Incineroar|77/100|[from] Recoil
|move|p1a: Whimsicott|Moonblast|p2a: Torkoal
|-resisted|p2a: Torkoal|1
|-damage|p2a: Torkoal|76/100
|
|-weather|SunnyDay|[upkeep]
|upkeep
|turn|3
|inactive|Pelosis has 30 seconds left.
|
|t:|1784561238
|detailschange|p1b: Gengar|Gengar-Mega, L50, M
|-mega|p1b: Gengar|Gengar|Gengarite
|move|p1a: Whimsicott|Protect|p1a: Whimsicott
|-singleturn|p1a: Whimsicott|Protect
|move|p1b: Gengar|Protect|p1b: Gengar
|-singleturn|p1b: Gengar|Protect
|move|p2a: Torkoal|Eruption|p1b: Gengar|[spread] 
|-activate|p1a: Whimsicott|move: Protect
|-activate|p1b: Gengar|move: Protect
|move|p2b: Incineroar|Close Combat|p1a: Whimsicott
|-activate|p1a: Whimsicott|move: Protect
|
|-weather|SunnyDay|[upkeep]
|upkeep
|turn|4
|inactive|elxoxo21 has 30 seconds left.
|
|t:|1784561269
|switch|p1a: Politoed|Politoed, L50, M|100/100
|-weather|RainDance|[from] ability: Drizzle|[of] p1a: Politoed
|switch|p1b: Incineroar|Incineroar, L50, F, shiny|83/100
|-ability|p1b: Incineroar|Intimidate|boost
|-unboost|p2a: Torkoal|atk|1
|-unboost|p2b: Incineroar|atk|1
|move|p2a: Torkoal|Eruption|p1a: Politoed|[spread] p1a,p1b
|-resisted|p1a: Politoed|1
|-resisted|p1b: Incineroar|1
|-damage|p1a: Politoed|89/100
|-damage|p1b: Incineroar|72/100
|move|p2b: Incineroar|Close Combat|p1b: Incineroar
|-supereffective|p1b: Incineroar|1
|-damage|p1b: Incineroar|15/100
|-unboost|p2b: Incineroar|def|1
|-unboost|p2b: Incineroar|spd|1
|
|-weather|RainDance|[upkeep]
|upkeep
|turn|5
|inactive|elxoxo21 has 30 seconds left.
|inactive|Pelosis has 30 seconds left.
|inactive|Pelosis has 20 seconds left.
|inactive|Pelosis has 15 seconds left.
|
|t:|1784561312
|switch|p2b: Farigiraf|Farigiraf, L50, M|64/100
|move|p2a: Torkoal|Weather Ball|p1b: Incineroar
|-supereffective|p1b: Incineroar|1
|-damage|p1b: Incineroar|0 fnt
|faint|p1b: Incineroar
|move|p1a: Politoed|Weather Ball|p2b: Farigiraf
|-damage|p2b: Farigiraf|12/100
|-enditem|p2b: Farigiraf|Sitrus Berry|[eat]
|-heal|p2b: Farigiraf|37/100|[from] item: Sitrus Berry
|
|-weather|RainDance|[upkeep]
|-fieldend|move: Trick Room
|upkeep
|
|t:|1784561332
|switch|p1b: Gengar|Gengar-Mega, L50, M|100/100
|turn|6
|
|t:|1784561343
|move|p1b: Gengar|Shadow Ball|p2a: Torkoal
|-damage|p2a: Torkoal|4/100
|move|p1a: Politoed|Weather Ball|p2b: Farigiraf
|-damage|p2b: Farigiraf|0 fnt
|faint|p2b: Farigiraf
|move|p2a: Torkoal|Weather Ball|p1b: Gengar
|-damage|p1b: Gengar|44/100
|
|-weather|RainDance|[upkeep]
|upkeep
|inactive|Pelosis has 30 seconds left.
|
|t:|1784561374
|switch|p2b: Incineroar|Incineroar, L50, F|77/100
|-ability|p2b: Incineroar|Intimidate|boost
|-unboost|p1a: Politoed|atk|1
|-unboost|p1b: Gengar|atk|1
|turn|7
|
|t:|1784561389
|move|p1b: Gengar|Shadow Ball|p2a: Torkoal
|-damage|p2a: Torkoal|0 fnt
|faint|p2a: Torkoal
|move|p1a: Politoed|Weather Ball|p2b: Incineroar
|-supereffective|p2b: Incineroar|1
|-damage|p2b: Incineroar|0 fnt
|faint|p2b: Incineroar
|
|-weather|RainDance|[upkeep]
|upkeep
|
|t:|1784561406
|switch|p2b: Scrafty|Scrafty, L50, F|100/100
|-ability|p2b: Scrafty|Intimidate|boost
|-unboost|p1a: Politoed|atk|1
|-unboost|p1b: Gengar|atk|1
|turn|8
|inactive|elxoxo21 has 30 seconds left.
|inactive|elxoxo21 has 20 seconds left.
|
|t:|1784561445
|detailschange|p2b: Scrafty|Scrafty-Mega, L50, F
|-mega|p2b: Scrafty|Scrafty|Scraftinite
|-ability|p2b: Scrafty|Intimidate|boost
|-unboost|p1a: Politoed|atk|1
|-unboost|p1b: Gengar|atk|1
|move|p1b: Gengar|Shadow Ball|p2b: Scrafty
|-resisted|p2b: Scrafty|1
|-damage|p2b: Scrafty|80/100
|move|p1a: Politoed|Weather Ball|p2b: Scrafty
|-damage|p2b: Scrafty|37/100
|move|p2b: Scrafty|Knock Off|p1a: Politoed
|-damage|p1a: Politoed|44/100
|-enditem|p1a: Politoed|Sitrus Berry|[from] move: Knock Off|[of] p2b: Scrafty
|
|-weather|none
|upkeep
|turn|9
|
|t:|1784561462
|move|p1a: Politoed|Helping Hand|p1b: Gengar
|-singleturn|p1b: Gengar|Helping Hand|[of] p1a: Politoed
|move|p1b: Gengar|Shadow Ball|p2b: Scrafty
|-resisted|p2b: Scrafty|1
|-damage|p2b: Scrafty|6/100
|-unboost|p2b: Scrafty|spd|1
|move|p2b: Scrafty|Knock Off|p1b: Gengar
|-supereffective|p1b: Gengar|1
|-damage|p1b: Gengar|0 fnt
|faint|p1b: Gengar
|
|upkeep
|
|t:|1784561470
|switch|p1b: Whimsicott|Whimsicott, L50, F|1/100
|turn|10
|
|t:|1784561477
|move|p1b: Whimsicott|Moonblast|p2b: Scrafty
|-supereffective|p2b: Scrafty|2
|-damage|p2b: Scrafty|0 fnt
|faint|p2b: Scrafty
|
|win|elxoxo21
||elxoxo21 is ready for game 2.
||Pelosis is ready for game 2.
|uhtml|next|Next: Game 2 of 3
|l|☆elxoxo21
|player|p1|
