|j|☆Welwitchia
|j|☆flippertv
|html|Welwitchiaflippertv    
|uhtml|bestof|Game 1 of a best-of-3
|t:|1784723012
|gametype|doubles
|player|p1|Welwitchia|pokemonbreeder-gen4|1028
|player|p2|flippertv|265|1131
|gen|9
|tier|[Gen 9 Champions] VGC 2026 Reg M-B (Bo3)
|rated|
|rule|Species Clause: Limit one of each Pokémon
|rule|Item Clause: Limit 1 of each item
|clearpoke
|poke|p1|Corviknight, L50, M|
|poke|p1|Tyranitar, L50, F, shiny|
|poke|p1|Trevenant, L50, M|
|poke|p1|Azumarill, L50, F, shiny|
|poke|p1|Slowking-Galar, L50, M|
|poke|p1|Camerupt, L50, F, shiny|
|poke|p2|Delphox, L50, M|
|poke|p2|Kingambit, L50, M|
|poke|p2|Rotom-Wash, L50|
|poke|p2|Sneasler, L50, M|
|poke|p2|Sinistcha, L50|
|poke|p2|Farigiraf, L50, M|
|teampreview|4
|showteam|p1|Corviknight||Leftovers|Pressure|Spite,IronHead,Roost,Protect|Impish||M|||50|]Tyranitar||Tyranitarite|SandStream|Spite,Protect,RockSlide,LowKick|Careful||F|||50|]Trevenant||SitrusBerry|Harvest|PainSplit,FoulPlay,ForestsCurse,BurningJealousy|Calm||M|||50|]Azumarill||FairyFeather|SapSipper|BellyDrum,AquaJet,IceSpinner,DrainingKiss|Brave||F|||50|]Slowking-Galar||ShucaBerry|CuriousMedicine|SkillSwap,ThunderWave,EerieSpell,TrickRoom|Sassy||M|||50|]Camerupt||Cameruptite|SolidRock|EarthPower,HeatWave,SolarBeam,StealthRock|Modest||F|||50|
|showteam|p2|Delphox||Delphoxite|Blaze|Psychic,HeatWave,NastyPlot,Protect|Serious||M|||50|]Kingambit||BlackGlasses|Defiant|KowtowCleave,IronHead,SuckerPunch,Protect|Adamant||M|||50|]Rotom-Wash||SitrusBerry|Levitate|HydroPump,Thunderbolt,Protect,WillOWisp|Calm|||||50|]Sneasler||PayapaBerry|PoisonTouch|PoisonJab,CloseCombat,FakeOut,QuickGuard|Jolly||M|||50|]Sinistcha||CobaBerry|Hospitality|RagePowder,Protect,MatchaGotcha,TrickRoom|Bold|||||50|]Farigiraf||ColburBerry|ArmorTail|Thunderbolt,HelpingHand,SunnyDay,Roar|Bold||M|||50|
|
|t:|1784723034
|teamsize|p1|4
|teamsize|p2|4
|start
|switch|p1a: Tyranitar|Tyranitar, L50, F, shiny|100/100
|switch|p1b: Corviknight|Corviknight, L50, M|100/100
|switch|p2a: Sneasler|Sneasler, L50, M|100/100
|switch|p2b: Delphox|Delphox, L50, M|100/100
|-ability|p1b: Corviknight|Pressure
|-weather|Sandstorm|[from] ability: Sand Stream|[of] p1a: Tyranitar
|turn|1
|
|t:|1784723071
|detailschange|p2b: Delphox|Delphox-Mega, L50, M
|-mega|p2b: Delphox|Delphox|Delphoxite
|move|p2b: Delphox|Protect|p2b: Delphox
|-singleturn|p2b: Delphox|Protect
|move|p1a: Tyranitar|Protect|p1a: Tyranitar
|-singleturn|p1a: Tyranitar|Protect
|move|p2a: Sneasler|Close Combat|p1a: Tyranitar
|-activate|p1a: Tyranitar|move: Protect
|move|p1b: Corviknight|Iron Head|p2a: Sneasler
|-damage|p2a: Sneasler|59/100
|
|-weather|Sandstorm|[upkeep]
|-damage|p2a: Sneasler|53/100|[from] Sandstorm
|-damage|p2b: Delphox|94/100|[from] Sandstorm
|upkeep
|turn|2
|
|t:|1784723088
|switch|p2b: Rotom|Rotom-Wash, L50|100/100
|switch|p1a: Trevenant|Trevenant, L50, M|100/100
|move|p1b: Corviknight|Protect|p1b: Corviknight
|-singleturn|p1b: Corviknight|Protect
|move|p2a: Sneasler|Close Combat|p1a: Trevenant
|-immune|p1a: Trevenant
|
|-weather|Sandstorm|[upkeep]
|-damage|p2a: Sneasler|47/100|[from] Sandstorm
|-damage|p2b: Rotom|94/100|[from] Sandstorm
|-damage|p1a: Trevenant|94/100|[from] Sandstorm
|upkeep
|turn|3
|
|t:|1784723125
|switch|p2b: Delphox|Delphox-Mega, L50, M|94/100
|move|p2a: Sneasler|Poison Jab|p1a: Trevenant
|-damage|p1a: Trevenant|43/100
|-enditem|p1a: Trevenant|Sitrus Berry|[eat]
|-heal|p1a: Trevenant|68/100|[from] item: Sitrus Berry
|move|p1b: Corviknight|Spite||[still]
|-fail|p1b: Corviknight
|move|p1a: Trevenant|Forest's Curse|p2a: Sneasler
|-start|p2a: Sneasler|typeadd|Grass|[from] move: Forest's Curse
|
|-weather|Sandstorm|[upkeep]
|-damage|p2a: Sneasler|41/100|[from] Sandstorm
|-damage|p2b: Delphox|88/100|[from] Sandstorm
|-damage|p1a: Trevenant|62/100|[from] Sandstorm
|upkeep
|turn|4
|
|t:|1784723142
|switch|p1a: Tyranitar|Tyranitar, L50, F, shiny|100/100
|move|p1b: Corviknight|Protect|p1b: Corviknight
|-singleturn|p1b: Corviknight|Protect
|move|p2a: Sneasler|Poison Jab|p1a: Tyranitar
|-resisted|p1a: Tyranitar|1
|-damage|p1a: Tyranitar|82/100
|-status|p1a: Tyranitar|psn
|move|p2b: Delphox|Nasty Plot|p2b: Delphox
|-boost|p2b: Delphox|spa|2
|
|-weather|Sandstorm|[upkeep]
|-damage|p2a: Sneasler|36/100|[from] Sandstorm
|-damage|p2b: Delphox|83/100|[from] Sandstorm
|-damage|p1a: Tyranitar|70/100 psn|[from] psn
|upkeep
|turn|5
|
|t:|1784723169
|switch|p1a: Slowking|Slowking-Galar, L50, M|100/100
|-clearboost|p1b: Corviknight|[from] ability: Curious Medicine|[of] p1a: Slowking
|move|p2a: Sneasler|Close Combat|p1a: Slowking
|-resisted|p1a: Slowking|2
|-damage|p1a: Slowking|83/100
|-unboost|p2a: Sneasler|def|1
|-unboost|p2a: Sneasler|spd|1
|move|p2b: Delphox|Heat Wave|p1a: Slowking|[spread] p1a,p1b
|-supereffective|p1b: Corviknight|1
|-damage|p1a: Slowking|32/100
|-damage|p1b: Corviknight|0 fnt
|faint|p1b: Corviknight
|
|-weather|none
|upkeep
|
|t:|1784723182
|switch|p1b: Tyranitar|Tyranitar, L50, F, shiny|70/100 psn
|-weather|Sandstorm|[from] ability: Sand Stream|[of] p1b: Tyranitar
|turn|6
|
|t:|1784723190
|move|p1b: Tyranitar|Protect|p1b: Tyranitar
|-singleturn|p1b: Tyranitar|Protect
|move|p2a: Sneasler|Close Combat|p1b: Tyranitar
|-activate|p1b: Tyranitar|move: Protect
|move|p2b: Delphox|Psychic|p1a: Slowking
|-damage|p1a: Slowking|0 fnt
|faint|p1a: Slowking
|
|-weather|Sandstorm|[upkeep]
|-damage|p2a: Sneasler|30/100|[from] Sandstorm
|-damage|p2b: Delphox|77/100|[from] Sandstorm
|-damage|p1b: Tyranitar|57/100 psn|[from] psn
|upkeep
|
|t:|1784723199
|switch|p1a: Trevenant|Trevenant, L50, M|62/100
|turn|7
|
|t:|1784723205
|detailschange|p1b: Tyranitar|Tyranitar-Mega, L50, F, shiny
|-mega|p1b: Tyranitar|Tyranitar|Tyranitarite
|move|p2a: Sneasler|Close Combat|p1b: Tyranitar
|-supereffective|p1b: Tyranitar|2
|-damage|p1b: Tyranitar|0 fnt
|-unboost|p2a: Sneasler|def|1
|-unboost|p2a: Sneasler|spd|1
|faint|p1b: Tyranitar
|move|p2b: Delphox|Heat Wave|p1a: Trevenant
|-supereffective|p1a: Trevenant|1
|-damage|p1a: Trevenant|0 fnt
|faint|p1a: Trevenant
|
|win|flippertv
