|j|☆Duyheeee
|j|☆Dungx showdown
|html|DuyheeeeDungx showdown    
|uhtml|bestof|Game 1 of a best-of-3
|t:|1757761775
|gametype|doubles
|player|p1|Duyheeee|parasollady|
|player|p2|Dungx showdown|101|
|gen|9
|tier|[Gen 9] VGC 2025 Reg H (Bo3)
|rule|Species Clause: Limit one of each Pokémon
|rule|Item Clause: Limit 1 of each item
|clearpoke
|poke|p1|Indeedee, L50, M|
|poke|p1|Sneasler, L50, F|
|poke|p1|Pelipper, L50, F|
|poke|p1|Archaludon, L50, F|
|poke|p1|Basculegion, L50, M|
|poke|p1|Salamence, L50, M|
|poke|p2|Annihilape, L50, M|
|poke|p2|Whimsicott, L50, F|
|poke|p2|Archaludon, L50, M|
|poke|p2|Basculegion, L50, M|
|poke|p2|Pelipper, L50, M|
|poke|p2|Rillaboom, L50, M|
|teampreview|4
|showteam|p1|Indeedee||ChoiceScarf|PsychicSurge|ExpandingForce,HyperVoice,DazzlingGleam,Trick|||M|||50|,,,,,Psychic]Sneasler||PsychicSeed|Unburden|ThroatChop,DireClaw,CloseCombat,Protect|||F|||50|,,,,,Dark]Pelipper||FocusSash|Drizzle|Hurricane,WeatherBall,Protect,WideGuard|||F|||50|,,,,,Ground]Archaludon||AssaultVest|Stamina|BodyPress,DracoMeteor,FlashCannon,ElectroShot|||F|||50|,,,,,Grass]Basculegion||ChoiceBand|SwiftSwim|WaveCrash,HeadSmash,FlipTurn,LastRespects|||M|||50|,,,,,Water]Salamence||CovertCloak|Intimidate|Tailwind,Hurricane,DracoMeteor,Protect|||M|||50|,,,,,Dragon
|showteam|p2|Annihilape||ChoiceScarf|Defiant|FinalGambit,DrainPunch,Earthquake,RageFist|||M|||50|,,,,,Ghost]Whimsicott||CovertCloak|Prankster|Moonblast,Taunt,Tailwind,StunSpore|||F|||50|,,,,,Dragon]Archaludon||PowerHerb|Stalwart|ElectroShot,DragonPulse,FlashCannon,Protect|||M|||50|,,,,,Electric]Basculegion||ChoiceBand|Adaptability|WaveCrash,HeadSmash,LastRespects,FlipTurn|||M|||50|,,,,,Rock]Pelipper||FocusSash|Drizzle|WeatherBall,Hurricane,Tailwind,Protect|||M|||50|,,,,,Ground]Rillaboom||AssaultVest|GrassySurge|WoodHammer,Uturn,FakeOut,HighHorsepower|||M|||50|,,,,,Ground
|l|☆Duyheeee
|player|p1|
|j|☆Duyheeee
|player|p1|Duyheeee|parasollady|
|n|☆Duyheeee|duyheeee
|inactive|Battle timer is ON: inactive players will automatically lose when time's up. (requested by Dungx showdown)
|
|t:|1757761807
|teamsize|p1|4
|teamsize|p2|4
|start
|switch|p1a: Pelipper|Pelipper, L50, F|100/100
|switch|p1b: Archaludon|Archaludon, L50, F|100/100
|switch|p2a: Luminous|Whimsicott, L50, F|100/100
|switch|p2b: Roblox|Archaludon, L50, M|100/100
|-weather|RainDance|[from] ability: Drizzle|[of] p1a: Pelipper
|turn|1
|
|t:|1757761828
|-terastallize|p1a: Pelipper|Ground
|move|p2a: Luminous|Stun Spore|p1b: Archaludon|[miss]
|-miss|p2a: Luminous|p1b: Archaludon
|move|p2b: Roblox|Electro Shot||[still]
|-prepare|p2b: Roblox|Electro Shot
|-boost|p2b: Roblox|spa|1
|-anim|p2b: Roblox|Electro Shot|p1a: Pelipper
|-immune|p1a: Pelipper
|move|p1a: Pelipper|Hurricane|p2a: Luminous
|-supereffective|p2a: Luminous
|-damage|p2a: Luminous|0 fnt
|faint|p2a: Luminous
|move|p1b: Archaludon|Body Press|p2b: Roblox
|-supereffective|p2b: Roblox
|-crit|p2b: Roblox
|-damage|p2b: Roblox|37/100
|
|-weather|RainDance|[upkeep]
|upkeep
|
|t:|1757761840
|switch|p2a: Mồm to|Pelipper, L50, M, shiny|100/100
|turn|2
|
|t:|1757761855
|move|p2b: Roblox|Protect|p2b: Roblox
|-singleturn|p2b: Roblox|Protect
|move|p1a: Pelipper|Hurricane|p2b: Roblox
|-activate|p2b: Roblox|move: Protect
|move|p2a: Mồm to|Tailwind|p2a: Mồm to
|-sidestart|p2: Dungx showdown|move: Tailwind
|move|p1b: Archaludon|Electro Shot||[still]
|-prepare|p1b: Archaludon|Electro Shot
|-boost|p1b: Archaludon|spa|1
|-anim|p1b: Archaludon|Electro Shot|p2a: Mồm to
|-supereffective|p2a: Mồm to
|-enditem|p2a: Mồm to|Focus Sash
|-damage|p2a: Mồm to|1/100
|
|-weather|RainDance|[upkeep]
|upkeep
|turn|3
|
|t:|1757761874
|move|p2b: Roblox|Electro Shot||[still]
|-prepare|p2b: Roblox|Electro Shot
|-boost|p2b: Roblox|spa|1
|-anim|p2b: Roblox|Electro Shot|p1b: Archaludon
|-resisted|p1b: Archaludon
|-damage|p1b: Archaludon|69/100
|-ability|p1b: Archaludon|Stamina|boost
|-boost|p1b: Archaludon|def|1
|move|p2a: Mồm to|Weather Ball|p1a: Pelipper
|-supereffective|p1a: Pelipper
|-enditem|p1a: Pelipper|Focus Sash
|-damage|p1a: Pelipper|1/100
|move|p1a: Pelipper|Weather Ball|p2a: Mồm to
|-resisted|p2a: Mồm to
|-damage|p2a: Mồm to|0 fnt
|faint|p2a: Mồm to
|move|p1b: Archaludon|Body Press|p2b: Roblox
|-supereffective|p2b: Roblox
|-damage|p2b: Roblox|0 fnt
|faint|p2b: Roblox
|
|-weather|RainDance|[upkeep]
|upkeep
|
|t:|1757761884
|switch|p2b: "support"|Rillaboom, L50, M|100/100
|-fieldstart|move: Grassy Terrain|[from] ability: Grassy Surge|[of] p2b: "support"
|turn|4
|
|t:|1757761892
|switch|p1b: Indeedee|Indeedee, L50, M|100/100
|-fieldstart|move: Psychic Terrain|[from] ability: Psychic Surge|[of] p1b: Indeedee
|move|p2b: "support"|Fake Out|p1a: Pelipper
|-activate|p1a: Pelipper|move: Psychic Terrain
|move|p1a: Pelipper|Hurricane|p2b: "support"
|-supereffective|p2b: "support"
|-damage|p2b: "support"|34/100
|
|-weather|RainDance|[upkeep]
|upkeep
|turn|5
|
|t:|1757761903
|move|p1b: Indeedee|Expanding Force|p2b: "support"
|-damage|p2b: "support"|0 fnt
|faint|p2b: "support"
|
|win|Duyheeee
||Duyheeee is ready for game 2.
||Dungx showdown is ready for game 2.
|uhtml|next|Next: Game 2 of 3
|l|☆Dungx showdown
|player|p2|
|l|☆Duyheeee
|player|p1|
|j|☆Duyheeee
|player|p1|Duyheeee|parasollady|
