|j|☆Bellbottoms
|j|☆Fedemitra9
|html|BellbottomsFedemitra9    
|uhtml|bestof|Game 2 of a best-of-3
|t:|1757839813
|gametype|doubles
|player|p1|Bellbottoms|pokemonbreederf-gen4|1504
|player|p2|Fedemitra9|hiker-gen4|1472
|gen|9
|tier|[Gen 9] VGC 2025 Reg H (Bo3)
|rated|
|rule|Species Clause: Limit one of each Pokémon
|rule|Item Clause: Limit 1 of each item
|clearpoke
|poke|p1|Gastrodon-East, L50, F|
|poke|p1|Volcarona, L50, F|
|poke|p1|Rillaboom, L50, M|
|poke|p1|Incineroar, L50, M|
|poke|p1|Ursaluna-Bloodmoon, L50, M|
|poke|p1|Annihilape, L50, F|
|poke|p2|Amoonguss, L50, F|
|poke|p2|Archaludon, L50, M|
|poke|p2|Basculegion, L50, M|
|poke|p2|Incineroar, L50, F|
|poke|p2|Gholdengo, L50|
|poke|p2|Pelipper, L50, F|
|teampreview|4
|showteam|p1|Gastrodon-East||Leftovers|StormDrain|EarthPower,Yawn,IcyWind,Protect|||F|||50|,,,,,Poison]Volcarona||CovertCloak|FlameBody|HeatWave,QuiverDance,RagePowder,TeraBlast|||F|||50|,,,,,Fairy]Rillaboom||AssaultVest|GrassySurge|FakeOut,WoodHammer,Uturn,GrassyGlide|||M|||50|,,,,,Fire]Incineroar||ClearAmulet|Intimidate|FakeOut,FlareBlitz,KnockOff,Uturn|||M|||50|,,,,,Ghost]Ursaluna-Bloodmoon||LifeOrb|MindsEye|EarthPower,BloodMoon,HyperVoice,Protect|||M|||50|,,,,,Ghost]Annihilape||SafetyGoggles|Defiant|DrainPunch,BulkUp,RageFist,Protect|||F|||50|,,,,,Fire
|showteam|p2|Amoonguss||SitrusBerry|Regenerator|Spore,PollenPuff,Protect,RagePowder|||F|||50|,,,,,Fairy]Archaludon||AssaultVest|Stamina|ElectroShot,DragonPulse,FlashCannon,BodyPress|||M|||50|,,,,,Bug]Basculegion||ChoiceBand|SwiftSwim|WaveCrash,AquaJet,LastRespects,FlipTurn|||M|||50|,,,,,Water]Incineroar||SafetyGoggles|Intimidate|FakeOut,KnockOff,Taunt,PartingShot|||F|||50|,,,,,Ghost]Gholdengo||LifeOrb|GoodasGold|MakeItRain,ShadowBall,NastyPlot,Protect||||||50|,,,,,Water]Pelipper||FocusSash|Drizzle|Hurricane,WeatherBall,Tailwind,Protect|||F|||50|,,,,,Ground
|inactive|Battle timer is ON: inactive players will automatically lose when time's up. (requested by Fedemitra9)
|inactive|Fedemitra9 has 60 seconds left.
|
|t:|1757839853
|teamsize|p1|4
|teamsize|p2|4
|start
|switch|p1a: Volcarona|Volcarona, L50, F|100/100
|switch|p1b: Rillaboom|Rillaboom, L50, M|100/100
|switch|p2a: Incineroar|Incineroar, L50, F|100/100
|switch|p2b: Archaludon|Archaludon, L50, M|100/100
|-fieldstart|move: Grassy Terrain|[from] ability: Grassy Surge|[of] p1b: Rillaboom
|-ability|p2a: Incineroar|Intimidate|boost
|-unboost|p1a: Volcarona|atk|1
|-unboost|p1b: Rillaboom|atk|1
|turn|1
|inactive|Fedemitra9 has 30 seconds left.
|inactive|Fedemitra9 has 20 seconds left.
|inactive|Fedemitra9 has 15 seconds left.
|inactive|Fedemitra9 has 10 seconds left.
|
|t:|1757839898
|switch|p1a: Annihilape|Annihilape, L50, F|100/100
|move|p1b: Rillaboom|U-turn|p2a: Incineroar
|-damage|p2a: Incineroar|85/100
|
|t:|1757839902
|switch|p1b: Gastrodon|Gastrodon-East, L50, F|100/100|[from] U-turn
|move|p2a: Incineroar|Knock Off|p1b: Gastrodon
|-damage|p1b: Gastrodon|65/100
|-enditem|p1b: Gastrodon|Leftovers|[from] move: Knock Off|[of] p2a: Incineroar
|move|p2b: Archaludon|Dragon Pulse|p1a: Annihilape
|-crit|p1a: Annihilape
|-damage|p1a: Annihilape|42/100
|
|-heal|p1a: Annihilape|48/100|[from] Grassy Terrain
|-heal|p2a: Incineroar|91/100|[from] Grassy Terrain
|-heal|p1b: Gastrodon|72/100|[from] Grassy Terrain
|upkeep
|turn|2
|
|t:|1757839923
|-terastallize|p2b: Archaludon|Bug
|move|p1a: Annihilape|Drain Punch|p2a: Incineroar
|-supereffective|p2a: Incineroar
|-damage|p2a: Incineroar|19/100
|-heal|p1a: Annihilape|86/100|[from] drain|[of] p2a: Incineroar
|move|p2a: Incineroar|Taunt|p1b: Gastrodon
|-start|p1b: Gastrodon|move: Taunt
|move|p2b: Archaludon|Dragon Pulse|p1a: Annihilape
|-damage|p1a: Annihilape|46/100
|cant|p1b: Gastrodon|move: Taunt|Yawn
|
|-heal|p1a: Annihilape|52/100|[from] Grassy Terrain
|-heal|p2a: Incineroar|25/100|[from] Grassy Terrain
|-heal|p1b: Gastrodon|78/100|[from] Grassy Terrain
|upkeep
|turn|3
|
|t:|1757839942
|switch|p2a: Pelipper|Pelipper, L50, F|100/100
|-weather|RainDance|[from] ability: Drizzle|[of] p2a: Pelipper
|switch|p1b: Volcarona|Volcarona, L50, F|100/100
|move|p1a: Annihilape|Rage Fist|p2a: Pelipper
|-damage|p2a: Pelipper|9/100
|move|p2b: Archaludon|Electro Shot||[still]
|-prepare|p2b: Archaludon|Electro Shot
|-boost|p2b: Archaludon|spa|1
|-anim|p2b: Archaludon|Electro Shot|p1a: Annihilape
|-damage|p1a: Annihilape|0 fnt
|faint|p1a: Annihilape
|
|-weather|RainDance|[upkeep]
|upkeep
|
|t:|1757839951
|switch|p1a: Rillaboom|Rillaboom, L50, M|100/100
|turn|4
|
|t:|1757839973
|move|p1a: Rillaboom|Grassy Glide|p2a: Pelipper
|-damage|p2a: Pelipper|0 fnt
|faint|p2a: Pelipper
|move|p1b: Volcarona|Quiver Dance|p1b: Volcarona
|-boost|p1b: Volcarona|spa|1
|-boost|p1b: Volcarona|spd|1
|-boost|p1b: Volcarona|spe|1
|move|p2b: Archaludon|Electro Shot||[still]
|-prepare|p2b: Archaludon|Electro Shot
|-boost|p2b: Archaludon|spa|1
|-anim|p2b: Archaludon|Electro Shot|p1b: Volcarona
|-damage|p1b: Volcarona|45/100
|
|-weather|RainDance|[upkeep]
|-heal|p1b: Volcarona|51/100|[from] Grassy Terrain
|upkeep
|
|t:|1757839994
|switch|p2a: Basculegion|Basculegion, L50, M|100/100
|turn|5
|
|t:|1757840019
|switch|p2a: Incineroar|Incineroar, L50, F|25/100
|-ability|p2a: Incineroar|Intimidate|boost
|-unboost|p1a: Rillaboom|atk|1
|-unboost|p1b: Volcarona|atk|1
|move|p1a: Rillaboom|Grassy Glide|p2a: Incineroar
|-resisted|p2a: Incineroar
|-damage|p2a: Incineroar|14/100
|move|p1b: Volcarona|Heat Wave|p2b: Archaludon|[spread] p2a,p2b
|-resisted|p2a: Incineroar
|-crit|p2a: Incineroar
|-supereffective|p2b: Archaludon
|-damage|p2a: Incineroar|0 fnt
|-damage|p2b: Archaludon|59/100
|-ability|p2b: Archaludon|Stamina|boost
|-boost|p2b: Archaludon|def|1
|faint|p2a: Incineroar
|move|p2b: Archaludon|Dragon Pulse|p1a: Rillaboom
|-crit|p1a: Rillaboom
|-damage|p1a: Rillaboom|12/100
|
|-weather|RainDance|[upkeep]
|-heal|p1b: Volcarona|57/100|[from] Grassy Terrain
|-heal|p1a: Rillaboom|17/100|[from] Grassy Terrain
|-heal|p2b: Archaludon|66/100|[from] Grassy Terrain
|-fieldend|move: Grassy Terrain
|upkeep
|-message|Bellbottoms forfeited.
|
|win|Fedemitra9
||Bellbottoms is ready for game 3.
|inactive|Fedemitra9 has 30 seconds to confirm battle start!
||Fedemitra9 is ready for game 3.
|uhtml|next|Next: Game 3 of 3
|l|☆Fedemitra9
|player|p2|
|l|☆Bellbottoms
|player|p1|
