|j|☆parkertrainingarc
|j|☆Hackervgc
|html|parkertrainingarcHackervgc    
|uhtml|bestof|Game 1 of a best-of-3
|t:|1756918534
|gametype|doubles
|player|p1|parkertrainingarc|lady|1190
|player|p2|Hackervgc|gentleman-gen4|1125
|gen|9
|tier|[Gen 9] VGC 2025 Reg H (Bo3)
|rated|
|rule|Species Clause: Limit one of each Pokémon
|rule|Item Clause: Limit 1 of each item
|clearpoke
|poke|p1|Sneasler, L50, F|
|poke|p1|Indeedee, L50, M|
|poke|p1|Volcarona, L50, F|
|poke|p1|Ursaluna-Bloodmoon, L50, M|
|poke|p1|Annihilape, L50, F|
|poke|p1|Tyranitar, L50, M|
|poke|p2|Kingambit, L50, F|
|poke|p2|Magmar, L50, M|
|poke|p2|Dragonite, L50, M|
|poke|p2|Sneasler, L50, M|
|poke|p2|Ursaluna-Bloodmoon, L50, M|
|poke|p2|Farigiraf, L50, M|
|teampreview|4
|showteam|p1|Sneasler||PsychicSeed|Unburden|CloseCombat,DireClaw,ThroatChop,Protect|||F|||50|,,,,,Dark]Indeedee||ChoiceScarf|PsychicSurge|ExpandingForce,TeraBlast,Trick,Protect|||M|||50|,,,,,Psychic]Volcarona||SitrusBerry|FlameBody|Overheat,StruggleBug,RagePowder,Tailwind|||F|||50|,,,,,Grass]Ursaluna-Bloodmoon||LifeOrb|MindsEye|BloodMoon,HyperVoice,EarthPower,Protect|||M|||50|,,,,,Normal]Annihilape||SafetyGoggles|Defiant|CloseCombat,RageFist,Taunt,FinalGambit|||F|||50|,,,,,Fairy]Tyranitar||AssaultVest|SandStream|RockSlide,KnockOff,TeraBlast,LowKick|||M|||50|,,,,,Flying
|showteam|p2|Kingambit||AssaultVest|Defiant|KowtowCleave,SuckerPunch,LowKick,TeraBlast|||F|||50|,,,,,Flying]Magmar||Eviolite|VitalSpirit|FollowMe,Protect,Flamethrower,WillOWisp|||M|||50|,,,,,Grass]Dragonite||LoadedDice|Multiscale|ScaleShot,Protect,IceSpinner,Tailwind|||M|||50|,,,,,Fairy]Sneasler||FocusSash|Unburden|Coaching,DireClaw,CloseCombat,Protect|||M|||50|,,,,,Stellar]Ursaluna-Bloodmoon||LifeOrb|MindsEye|BloodMoon,Protect,EarthPower,HyperVoice|||M|||50|,,,,,Normal]Farigiraf||SitrusBerry|ArmorTail|TrickRoom,HelpingHand,Psychic,Protect|||M|||50|,,,,,Water
|
|t:|1756918601
|teamsize|p1|4
|teamsize|p2|4
|start
|switch|p1a: Aldehydes|Volcarona, L50, F|100/100
|switch|p1b: Porcelain Hands|Annihilape, L50, F|100/100
|switch|p2a: Kingambit|Kingambit, L50, F|100/100
|switch|p2b: Sneasler|Sneasler, L50, M|100/100
|turn|1
|
|t:|1756918624
|move|p2b: Sneasler|Protect|p2b: Sneasler
|-singleturn|p2b: Sneasler|Protect
|move|p1a: Aldehydes|Tailwind|p1a: Aldehydes
|-sidestart|p1: parkertrainingarc|move: Tailwind
|move|p1b: Porcelain Hands|Final Gambit|p2a: Kingambit
|-damage|p2a: Kingambit|0 fnt
|faint|p1b: Porcelain Hands
|faint|p2a: Kingambit
|
|upkeep
|
|t:|1756918633
|switch|p1b: Mio Min Mio|Ursaluna-Bloodmoon, L50, M|100/100
|switch|p2a: Ursaluna|Ursaluna-Bloodmoon, L50, M|100/100
|turn|2
|
|t:|1756918662
|-terastallize|p1b: Mio Min Mio|Normal
|-terastallize|p2b: Sneasler|Stellar
|move|p1a: Aldehydes|Rage Powder|p1a: Aldehydes
|-singleturn|p1a: Aldehydes|move: Rage Powder
|move|p1b: Mio Min Mio|Hyper Voice|p2a: Ursaluna|[spread] p2a,p2b
|-damage|p2a: Ursaluna|21/100
|-damage|p2b: Sneasler|9/100
|-damage|p1b: Mio Min Mio|91/100|[from] item: Life Orb
|move|p2b: Sneasler|Close Combat|p1a: Aldehydes
|-resisted|p1a: Aldehydes
|-damage|p1a: Aldehydes|52/100
|-unboost|p2b: Sneasler|def|1
|-unboost|p2b: Sneasler|spd|1
|move|p2a: Ursaluna|Blood Moon|p1a: Aldehydes
|-damage|p1a: Aldehydes|0 fnt
|faint|p1a: Aldehydes
|-damage|p2a: Ursaluna|11/100|[from] item: Life Orb
|
|upkeep
|
|t:|1756918677
|switch|p1a: Tiara|Tyranitar, L50, M|100/100
|-weather|Sandstorm|[from] ability: Sand Stream|[of] p1a: Tiara
|turn|3
|
|t:|1756918686
|move|p1b: Mio Min Mio|Protect|p1b: Mio Min Mio
|-singleturn|p1b: Mio Min Mio|Protect
|move|p2b: Sneasler|Protect|p2b: Sneasler
|-singleturn|p2b: Sneasler|Protect
|move|p1a: Tiara|Rock Slide|p2b: Sneasler|[spread] p2a
|-activate|p2b: Sneasler|move: Protect
|-resisted|p2a: Ursaluna
|-damage|p2a: Ursaluna|1/100
|move|p2a: Ursaluna|Earth Power|p1a: Tiara
|-supereffective|p1a: Tiara
|-damage|p1a: Tiara|39/100
|-damage|p2a: Ursaluna|0 fnt|[from] item: Life Orb
|faint|p2a: Ursaluna
|
|-weather|Sandstorm|[upkeep]
|-damage|p1b: Mio Min Mio|85/100|[from] Sandstorm
|-damage|p2b: Sneasler|3/100|[from] Sandstorm
|upkeep
|
|t:|1756918698
|switch|p2a: Dragonita|Dragonite, L50, M|100/100
|turn|4
|
|t:|1756918719
|move|p2a: Dragonita|Protect|p2a: Dragonita
|-singleturn|p2a: Dragonita|Protect
|move|p1a: Tiara|Rock Slide|p2b: Sneasler|[spread] p2b
|-activate|p2a: Dragonita|move: Protect
|-resisted|p2b: Sneasler
|-damage|p2b: Sneasler|0 fnt
|faint|p2b: Sneasler
|move|p1b: Mio Min Mio|Hyper Voice|p2a: Dragonita
|-activate|p2a: Dragonita|move: Protect
|
|-weather|Sandstorm|[upkeep]
|-damage|p1b: Mio Min Mio|79/100|[from] Sandstorm
|-damage|p2a: Dragonita|95/100|[from] Sandstorm
|-sideend|p1: parkertrainingarc|move: Tailwind
|upkeep
|turn|5
|
|t:|1756918731
|move|p2a: Dragonita|Scale Shot|p1a: Tiara
|-damage|p1a: Tiara|26/100
|-damage|p1a: Tiara|15/100
|-damage|p1a: Tiara|2/100
|-damage|p1a: Tiara|0 fnt
|faint|p1a: Tiara
|-hitcount|p1: Tiara|4
|-unboost|p2a: Dragonita|def|1
|-boost|p2a: Dragonita|spe|1
|move|p1b: Mio Min Mio|Blood Moon|p2a: Dragonita
|-damage|p2a: Dragonita|0 fnt
|faint|p2a: Dragonita
|-damage|p1b: Mio Min Mio|70/100|[from] item: Life Orb
|
|win|parkertrainingarc
||Hackervgc is ready for game 2.
|inactive|parkertrainingarc has 30 seconds to confirm battle start!
||parkertrainingarc is ready for game 2.
|uhtml|next|Next: Game 2 of 3
