|j|☆dambro222
|j|☆WolfeWithTheGlicky
|html|dambro222WolfeWithTheGlicky    
|uhtml|bestof|Game 1 of a best-of-3
|t:|1756280910
|gametype|doubles
|player|p1|dambro222|ethan|1147
|player|p2|WolfeWithTheGlicky|policeman-gen4|1156
|gen|9
|tier|[Gen 9] VGC 2025 Reg H (Bo3)
|rated|
|rule|Species Clause: Limit one of each Pokémon
|rule|Item Clause: Limit 1 of each item
|clearpoke
|poke|p1|Dragonite, L50, M|
|poke|p1|Volcarona, L50, F|
|poke|p1|Sneasler, L50, M|
|poke|p1|Rillaboom, L50, M|
|poke|p1|Electabuzz, L50, M|
|poke|p1|Kingambit, L50, M|
|poke|p2|Porygon2, L50|
|poke|p2|Ursaluna, L50, M|
|poke|p2|Volcarona, L50, M|
|poke|p2|Grimmsnarl, L50, M|
|poke|p2|Annihilape, L50, M|
|poke|p2|Gholdengo, L50|
|teampreview|4
|showteam|p1|Dragonite||LoadedDice|Multiscale|ScaleShot,ExtremeSpeed,Haze,Protect|||M|||50|,,,,,Fairy]Volcarona||CovertCloak|FlameBody|HeatWave,TeraBlast,QuiverDance,Protect|||F|||50|,,,,,Fairy]Sneasler||FocusSash|Unburden|CloseCombat,DireClaw,Coaching,Protect|||M|||50|,,,,,Stellar]Rillaboom||AssaultVest|GrassySurge|WoodHammer,GrassyGlide,HighHorsepower,FakeOut|||M|||50|,,,,,Water]Electabuzz||Eviolite|VitalSpirit|Electroweb,FollowMe,Taunt,Protect|||M|||50|,,,,,Ghost]Kingambit||BlackGlasses|Defiant|KowtowCleave,SuckerPunch,SwordsDance,Protect|||M|||50|,,,,,Dark
|showteam|p2|Porygon2||Eviolite|Trace|TriAttack,ShadowBall,Recover,TrickRoom||||||50|,,,,,Ghost]Ursaluna||FlameOrb|Guts|Facade,Earthquake,HeadlongRush,Protect|||M|||50|,,,,,Fairy]Volcarona||CovertCloak|FlameBody|Overheat,StruggleBug,RagePowder,WillOWisp|||M|||50|,,,,,Dragon]Grimmsnarl||LightClay|Prankster|SpiritBreak,Reflect,LightScreen,Taunt|||M|||50|,,,,,Steel]Annihilape||SafetyGoggles|Defiant|RageFist,DrainPunch,Protect,BulkUp|||M|||50|,,,,,Fire]Gholdengo||ChoiceSpecs|GoodasGold|ShadowBall,MakeItRain,PowerGem,Trick||||||50|,,,,,Dragon
|inactive|Battle timer is ON: inactive players will automatically lose when time's up. (requested by dambro222)
|inactive|dambro222 has 60 seconds left.
|inactive|WolfeWithTheGlicky has 60 seconds left.
|inactive|WolfeWithTheGlicky has 30 seconds left.
|inactive|WolfeWithTheGlicky has 20 seconds left.
|inactive|WolfeWithTheGlicky has 15 seconds left.
|inactive|WolfeWithTheGlicky has 10 seconds left.
|inactive|WolfeWithTheGlicky has 5 seconds left.
|
|t:|1756281000
|teamsize|p1|4
|teamsize|p2|4
|start
|switch|p1a: Volcarona|Volcarona, L50, F|100/100
|switch|p1b: Electabuzz|Electabuzz, L50, M|100/100
|switch|p2a: Gholdengo|Gholdengo, L50|100/100
|switch|p2b: Porygon2|Porygon2, L50, shiny|100/100
|-ability|p2b: Porygon2|Flame Body|Trace|[from] ability: Trace|[of] p1a: Volcarona
|turn|1
|inactive|dambro222 has 30 seconds left.
|inactive|WolfeWithTheGlicky has 30 seconds left.
|inactive|WolfeWithTheGlicky has 20 seconds left.
|
|t:|1756281036
|-terastallize|p2a: Gholdengo|Dragon
|move|p1a: Volcarona|Protect|p1a: Volcarona
|-singleturn|p1a: Volcarona|Protect
|move|p1b: Electabuzz|Taunt|p2b: Porygon2
|-start|p2b: Porygon2|move: Taunt
|move|p2a: Gholdengo|Shadow Ball|p1b: Electabuzz
|-damage|p1b: Electabuzz|53/100
|move|p2b: Porygon2|Tri Attack|p1b: Electabuzz
|-damage|p1b: Electabuzz|27/100
|
|upkeep
|turn|2
|inactive|dambro222 has 30 seconds left.
|
|t:|1756281063
|switch|p2b: Volcarona|Volcarona, L50, M|100/100
|move|p1b: Electabuzz|Protect|p1b: Electabuzz
|-singleturn|p1b: Electabuzz|Protect
|move|p1a: Volcarona|Quiver Dance|p1a: Volcarona
|-boost|p1a: Volcarona|spa|1
|-boost|p1a: Volcarona|spd|1
|-boost|p1a: Volcarona|spe|1
|move|p2a: Gholdengo|Shadow Ball|p1b: Electabuzz
|-activate|p1b: Electabuzz|move: Protect
|
|upkeep
|turn|3
|inactive|dambro222 has 30 seconds left.
|inactive|dambro222 has 20 seconds left.
|
|t:|1756281103
|move|p2b: Volcarona|Rage Powder|p2b: Volcarona
|-singleturn|p2b: Volcarona|move: Rage Powder
|move|p1a: Volcarona|Heat Wave|p2a: Gholdengo|[spread] p2a,p2b
|-resisted|p2a: Gholdengo
|-damage|p2a: Gholdengo|70/100
|-damage|p2b: Volcarona|48/100
|move|p1b: Electabuzz|Electroweb|p2b: Volcarona|[spread] p2a,p2b
|-resisted|p2a: Gholdengo
|-damage|p2a: Gholdengo|63/100
|-damage|p2b: Volcarona|35/100
|-unboost|p2a: Gholdengo|spe|1
|move|p2a: Gholdengo|Shadow Ball|p1b: Electabuzz
|-damage|p1b: Electabuzz|0 fnt
|faint|p1b: Electabuzz
|
|upkeep
|
|t:|1756281119
|switch|p1b: Rillaboom|Rillaboom, L50, M|100/100
|-fieldstart|move: Grassy Terrain|[from] ability: Grassy Surge|[of] p1b: Rillaboom
|turn|4
|
|t:|1756281143
|switch|p2b: Annihilape|Annihilape, L50, M|100/100
|move|p1b: Rillaboom|Fake Out|p2a: Gholdengo
|-damage|p2a: Gholdengo|49/100
|move|p1a: Volcarona|Heat Wave|p2b: Annihilape|[spread] p2b
|-miss|p1a: Volcarona|p2a: Gholdengo
|-damage|p2b: Annihilape|48/100
|cant|p2a: Gholdengo|flinch
|
|-heal|p2b: Annihilape|54/100|[from] Grassy Terrain
|-heal|p2a: Gholdengo|55/100|[from] Grassy Terrain
|upkeep
|turn|5
|inactive|dambro222 has 30 seconds left.
|inactive|dambro222 has 20 seconds left.
|inactive|dambro222 has 15 seconds left.
|
|t:|1756281184
|switch|p2a: Porygon2|Porygon2, L50, shiny|100/100
|-ability|p2a: Porygon2|Grassy Surge|Trace|[from] ability: Trace|[of] p1b: Rillaboom
|move|p2b: Annihilape|Protect|p2b: Annihilape
|-singleturn|p2b: Annihilape|Protect
|move|p1b: Rillaboom|Grassy Glide|p2b: Annihilape
|-activate|p2b: Annihilape|move: Protect
|move|p1a: Volcarona|Heat Wave|p2b: Annihilape|[spread] 
|-activate|p2b: Annihilape|move: Protect
|-miss|p1a: Volcarona|p2a: Porygon2
|
|-heal|p2b: Annihilape|60/100|[from] Grassy Terrain
|upkeep
|turn|6
|
|t:|1756281203
|-terastallize|p1a: Volcarona|Fairy
|move|p1a: Volcarona|Tera Blast|p2b: Annihilape|[anim] Tera Blast Fairy
|-supereffective|p2b: Annihilape
|-damage|p2b: Annihilape|0 fnt
|faint|p2b: Annihilape
|move|p1b: Rillaboom|Wood Hammer|p2a: Porygon2
|-damage|p2a: Porygon2|55/100
|-damage|p1b: Rillaboom|86/100|[from] Recoil
|move|p2a: Porygon2|Trick Room|p2a: Porygon2
|-fieldstart|move: Trick Room|[of] p2a: Porygon2
|
|-heal|p2a: Porygon2|61/100|[from] Grassy Terrain
|-heal|p1b: Rillaboom|92/100|[from] Grassy Terrain
|upkeep
|
|t:|1756281209
|switch|p2b: Gholdengo|Gholdengo, L50, tera:Dragon|55/100
|turn|7
|
|t:|1756281225
|switch|p1b: Sneasler|Sneasler, L50, M|100/100
|move|p1a: Volcarona|Protect|p1a: Volcarona
|-singleturn|p1a: Volcarona|Protect
|move|p2a: Porygon2|Tri Attack|p1b: Sneasler
|-damage|p1b: Sneasler|52/100
|move|p2b: Gholdengo|Make It Rain|p1b: Sneasler|[spread] p1b
|-activate|p1a: Volcarona|move: Protect
|-damage|p1b: Sneasler|0 fnt
|-unboost|p2b: Gholdengo|spa|1
|faint|p1b: Sneasler
|
|-heal|p2a: Porygon2|67/100|[from] Grassy Terrain
|-heal|p2b: Gholdengo|61/100|[from] Grassy Terrain
|upkeep
|
|t:|1756281240
|switch|p1b: Rillaboom|Rillaboom, L50, M|92/100
|turn|8
|inactive|dambro222 has 30 seconds left.
|inactive|dambro222 has 20 seconds left.
|inactive|dambro222 has 15 seconds left.
|
|t:|1756281285
|switch|p2b: Volcarona|Volcarona, L50, M|35/100
|move|p2a: Porygon2|Recover|p2a: Porygon2
|-heal|p2a: Porygon2|100/100
|move|p1b: Rillaboom|Wood Hammer|p2a: Porygon2
|-damage|p2a: Porygon2|50/100
|-damage|p1b: Rillaboom|76/100|[from] Recoil
|move|p1a: Volcarona|Heat Wave|p2b: Volcarona|[spread] p2a,p2b
|-damage|p2a: Porygon2|14/100
|-damage|p2b: Volcarona|0 fnt
|faint|p2b: Volcarona
|
|-heal|p2a: Porygon2|20/100|[from] Grassy Terrain
|-heal|p1b: Rillaboom|82/100|[from] Grassy Terrain
|-fieldend|move: Grassy Terrain
|upkeep
|
|t:|1756281290
|switch|p2b: Gholdengo|Gholdengo, L50, tera:Dragon|61/100
|turn|9
|
|t:|1756281307
|move|p1a: Volcarona|Protect|p1a: Volcarona
|-singleturn|p1a: Volcarona|Protect
|move|p2a: Porygon2|Recover|p2a: Porygon2
|-heal|p2a: Porygon2|70/100
|move|p1b: Rillaboom|Wood Hammer|p2a: Porygon2
|-damage|p2a: Porygon2|34/100
|-damage|p1b: Rillaboom|71/100|[from] Recoil
|move|p2b: Gholdengo|Make It Rain|p1b: Rillaboom|[spread] p1b
|-activate|p1a: Volcarona|move: Protect
|-damage|p1b: Rillaboom|15/100
|-unboost|p2b: Gholdengo|spa|1
|
|upkeep
|turn|10
|inactive|dambro222 has 30 seconds left.
|
|t:|1756281338
|move|p2a: Porygon2|Tri Attack|p1b: Rillaboom
|-damage|p1b: Rillaboom|0 fnt
|faint|p1b: Rillaboom
|move|p2b: Gholdengo|Make It Rain|p1a: Volcarona
|-supereffective|p1a: Volcarona
|-damage|p1a: Volcarona|18/100
|-unboost|p2b: Gholdengo|spa|1
|move|p1a: Volcarona|Tera Blast|p2b: Gholdengo|[anim] Tera Blast Fairy
|-supereffective|p2b: Gholdengo
|-damage|p2b: Gholdengo|0 fnt
|faint|p2b: Gholdengo
|
|-fieldend|move: Trick Room
|upkeep
|turn|11
|
|t:|1756281355
|move|p1a: Volcarona|Tera Blast|p2a: Porygon2|[anim] Tera Blast Fairy
|-damage|p2a: Porygon2|0 fnt
|faint|p2a: Porygon2
|
|win|dambro222
||dambro222 is ready for game 2.
|inactive|WolfeWithTheGlicky has 30 seconds to confirm battle start!
|inactive|WolfeWithTheGlicky has 20 seconds to confirm battle start!
|inactive|WolfeWithTheGlicky has 10 seconds to confirm battle start!
|uhtml|next|Next: Game 2 of 3
|l|☆dambro222
|player|p1|
|j|☆dambro222
|player|p1|dambro222|ethan|
