|j|☆Qicide
|j|☆probandoteammvp
|html|Qicideprobandoteammvp    
|uhtml|bestof|Game 1 of a best-of-3
|t:|1756844280
|gametype|doubles
|player|p1|Qicide|red|1264
|player|p2|probandoteammvp|1|1254
|gen|9
|tier|[Gen 9] VGC 2025 Reg H (Bo3)
|rated|
|rule|Species Clause: Limit one of each Pokémon
|rule|Item Clause: Limit 1 of each item
|clearpoke
|poke|p1|Porygon2, L50|
|poke|p1|Incineroar, L50, F|
|poke|p1|Ursaluna, L50, F|
|poke|p1|Jumpluff, L50, F|
|poke|p1|Charizard, L50, M|
|poke|p1|Torkoal, L50, F|
|poke|p2|Typhlosion-Hisui, L50, M|
|poke|p2|Arcanine-Hisui, L50, M|
|poke|p2|Gholdengo, L50|
|poke|p2|Farigiraf, L50, F|
|poke|p2|Whimsicott, L50, F|
|poke|p2|Ursaluna, L50, M|
|teampreview|4
|showteam|p1|Porygon2||Eviolite|Download|TeraBlast,IceBeam,TrickRoom,Recover||||||50|,,,,,Fighting]Incineroar||SitrusBerry|Intimidate|FakeOut,KnockOff,FlareBlitz,PartingShot|||F|||50|,,,,,Ghost]Ursaluna||FlameOrb|Guts|HeadlongRush,Facade,Earthquake,Protect|||F|||50|,,,,,Ghost]Jumpluff||CovertCloak|Chlorophyll|RagePowder,PollenPuff,Tailwind,SleepPowder|||F|||50|,,,,,Water]Charizard||ChoiceSpecs|SolarPower|HeatWave,Overheat,WeatherBall,DragonPulse|||M|||50|,,,,,Ghost]Torkoal||EjectPack|Drought|Overheat,Eruption,HelpingHand,Protect|||F|||50|,,,,,Fire
|showteam|p2|Typhlosion-Hisui||FlamePlate|Blaze|Eruption,Flamethrower,ShadowBall,Protect|||M|||50|,,,,,Fire]Arcanine-Hisui||ClearAmulet|RockHead|ExtremeSpeed,HeadSmash,FlareBlitz,Protect|||M|||50|,,,,,Grass]Gholdengo||ChoiceSpecs|GoodasGold|MakeItRain,ShadowBall,Thunderbolt,DazzlingGleam||||||50|,,,,,Steel]Farigiraf||SitrusBerry|ArmorTail|Psychic,HelpingHand,TrickRoom,Protect|||F|||50|,,,,,Water]Whimsicott||CovertCloak|Prankster|Tailwind,Moonblast,SunnyDay,Taunt|||F|||50|,,,,,Ghost]Ursaluna||FlameOrb|Guts|Facade,HeadlongRush,Earthquake,Protect|||M|||50|,,,,,Dragon
|inactive|Battle timer is ON: inactive players will automatically lose when time's up. (requested by Qicide)
|inactive|Qicide has 60 seconds left.
|inactive|probandoteammvp has 60 seconds left.
|inactive|Qicide has 30 seconds left.
|inactive|Qicide has 20 seconds left.
|
|t:|1756844351
|teamsize|p1|4
|teamsize|p2|4
|start
|switch|p1a: Jumpluff|Jumpluff, L50, F|100/100
|switch|p1b: Incineroar|Incineroar, L50, F|100/100
|switch|p2a: Whimsicott|Whimsicott, L50, F, shiny|100/100
|switch|p2b: Typhlosion|Typhlosion-Hisui, L50, M, shiny|100/100
|-ability|p1b: Incineroar|Intimidate|boost
|-unboost|p2a: Whimsicott|atk|1
|-unboost|p2b: Typhlosion|atk|1
|turn|1
|
|t:|1756844364
|-terastallize|p1a: Jumpluff|Water
|move|p2b: Typhlosion|Protect|p2b: Typhlosion
|-singleturn|p2b: Typhlosion|Protect
|move|p2a: Whimsicott|Taunt|p1a: Jumpluff
|-start|p1a: Jumpluff|move: Taunt
|move|p1a: Jumpluff|Pollen Puff|p1b: Incineroar
|move|p1b: Incineroar|Flare Blitz|p2a: Whimsicott
|-supereffective|p2a: Whimsicott
|-damage|p2a: Whimsicott|0 fnt
|faint|p2a: Whimsicott
|-damage|p1b: Incineroar|76/100|[from] Recoil
|
|upkeep
|
|t:|1756844369
|switch|p2a: Arcanine|Arcanine-Hisui, L50, M, shiny|100/100
|turn|2
|
|t:|1756844388
|move|p1a: Jumpluff|Pollen Puff|p1b: Incineroar
|-heal|p1b: Incineroar|100/100
|move|p2b: Typhlosion|Eruption|p1b: Incineroar|[spread] p1a,p1b
|-resisted|p1a: Jumpluff
|-resisted|p1b: Incineroar
|-damage|p1a: Jumpluff|64/100
|-damage|p1b: Incineroar|71/100
|move|p2a: Arcanine|Head Smash|p1b: Incineroar|[miss]
|-miss|p2a: Arcanine|p1b: Incineroar
|move|p1b: Incineroar|Knock Off|p2b: Typhlosion
|-supereffective|p2b: Typhlosion
|-damage|p2b: Typhlosion|0 fnt
|-enditem|p2b: Typhlosion|Flame Plate|[from] move: Knock Off|[of] p1b: Incineroar
|faint|p2b: Typhlosion
|
|upkeep
|
|t:|1756844398
|switch|p2b: Ursaluna|Ursaluna, L50, M, shiny|100/100
|turn|3
|
|t:|1756844406
|switch|p1b: Porygon2|Porygon2, L50, shiny|100/100
|-ability|p1b: Porygon2|Download|boost
|-boost|p1b: Porygon2|spa|1
|move|p1a: Jumpluff|Pollen Puff|p1b: Porygon2
|move|p2a: Arcanine|Head Smash|p1b: Porygon2
|-damage|p1b: Porygon2|58/100
|move|p2b: Ursaluna|Facade|p1a: Jumpluff
|-damage|p1a: Jumpluff|16/100
|
|-end|p1a: Jumpluff|move: Taunt
|-status|p2b: Ursaluna|brn|[from] item: Flame Orb
|upkeep
|turn|4
|
|t:|1756844422
|move|p1a: Jumpluff|Rage Powder|p1a: Jumpluff
|-singleturn|p1a: Jumpluff|move: Rage Powder
|move|p2a: Arcanine|Extreme Speed|p1a: Jumpluff
|-damage|p1a: Jumpluff|0 fnt
|faint|p1a: Jumpluff
|move|p2b: Ursaluna|Facade|p1b: Porygon2
|-damage|p1b: Porygon2|0 fnt
|faint|p1b: Porygon2
|
|-damage|p2b: Ursaluna|95/100 brn|[from] brn
|upkeep
|
|t:|1756844431
|switch|p1a: Incineroar|Incineroar, L50, F|71/100
|switch|p1b: Ursaluna|Ursaluna, L50, F|100/100
|-ability|p1a: Incineroar|Intimidate|boost
|-fail|p2a: Arcanine|unboost|[from] item: Clear Amulet|[of] p2a: Arcanine
|-unboost|p2b: Ursaluna|atk|1
|turn|5
|
|t:|1756844451
|move|p2a: Arcanine|Protect|p2a: Arcanine
|-singleturn|p2a: Arcanine|Protect
|move|p1a: Incineroar|Fake Out|p2a: Arcanine
|-activate|p2a: Arcanine|move: Protect
|move|p1b: Ursaluna|Headlong Rush|p2b: Ursaluna
|-damage|p2b: Ursaluna|37/100 brn
|-unboost|p1b: Ursaluna|def|1
|-unboost|p1b: Ursaluna|spd|1
|move|p2b: Ursaluna|Headlong Rush|p1a: Incineroar
|-supereffective|p1a: Incineroar
|-damage|p1a: Incineroar|0 fnt
|-unboost|p2b: Ursaluna|def|1
|-unboost|p2b: Ursaluna|spd|1
|faint|p1a: Incineroar
|
|-damage|p2b: Ursaluna|31/100 brn|[from] brn
|-status|p1b: Ursaluna|brn|[from] item: Flame Orb
|upkeep
|turn|6
|
|t:|1756844467
|-terastallize|p2a: Arcanine|Grass
|move|p2a: Arcanine|Flare Blitz|p1b: Ursaluna
|-damage|p1b: Ursaluna|29/100 brn
|move|p1b: Ursaluna|Earthquake|p2a: Arcanine|[spread] p2a,p2b
|-resisted|p2a: Arcanine
|-damage|p2a: Arcanine|55/100
|-damage|p2b: Ursaluna|0 fnt
|faint|p2b: Ursaluna
|
|-damage|p1b: Ursaluna|23/100 brn|[from] brn
|upkeep
|turn|7
|
|t:|1756844475
|move|p2a: Arcanine|Flare Blitz|p1b: Ursaluna
|-damage|p1b: Ursaluna|0 fnt
|faint|p1b: Ursaluna
|
|win|probandoteammvp
||probandoteammvp is ready for game 2.
