|j|☆Chavo666
|j|☆LynxVGC
|html|Chavo666LynxVGC    
|uhtml|bestof|Game 1 of a best-of-3
|t:|1784293052
|gametype|doubles
|player|p1|Chavo666|steven|1133
|player|p2|LynxVGC|larry|1260
|gen|9
|tier|[Gen 9 Champions] VGC 2026 Reg M-B (Bo3)
|rated|
|rule|Species Clause: Limit one of each Pokémon
|rule|Item Clause: Limit 1 of each item
|clearpoke
|poke|p1|Farigiraf, L50, F|
|poke|p1|Clefable, L50, M|
|poke|p1|Sneasler, L50, M|
|poke|p1|Archaludon, L50, F|
|poke|p1|Basculegion, L50, M|
|poke|p1|Meowstic, L50, M|
|poke|p2|Basculegion, L50, M|
|poke|p2|Kingambit, L50, M|
|poke|p2|Maushold, L50|
|poke|p2|Gardevoir, L50, F|
|poke|p2|Talonflame, L50, F|
|poke|p2|Garchomp, L50, M|
|teampreview|4
|showteam|p1|Farigiraf||ColburBerry|ArmorTail|DazzlingGleam,Psychic,TrickRoom,LightScreen|Sassy||F|||50|]Clefable||SitrusBerry|MagicGuard|FollowMe,Moonblast,BatonPass,CosmicPower|Bold||M|||50|]Sneasler||FocusSash|Unburden|DireClaw,CloseCombat,FakeOut,Coaching|Jolly||M|||50|]Archaludon||Leftovers|Stamina|ElectroShot,DragonPulse,FlashCannon,Protect|Calm||F|||50|]Basculegion||LifeOrb|SwiftSwim|Protect,AquaJet,LastRespects,WaveCrash|Jolly||M|||50|]Meowstic||Meowsticite|Prankster|CalmMind,RainDance,Psychic,AlluringVoice|Timid||M|||50|
|showteam|p2|Basculegion||ChoiceScarf|Adaptability|FlipTurn,AquaJet,WaveCrash,LastRespects|Jolly||M|||50|]Kingambit||FocusSash|Defiant|KowtowCleave,LowKick,SuckerPunch,IronHead|Adamant||M|||50|]Maushold||ChopleBerry|FriendGuard|SuperFang,FollowMe,Feint,Protect|Timid|||||50|]Gardevoir||Gardevoirite|Telepathy|HyperVoice,Psyshock,VacuumWave,Protect|Modest||F|||50|]Talonflame||SharpBeak|GaleWings|BraveBird,Tailwind,QuickGuard,FlareBlitz|Jolly||F|||50|]Garchomp||LifeOrb|RoughSkin|DragonClaw,Earthquake,RockTomb,Protect|Jolly||M|||50|
|
|t:|1784293110
|teamsize|p1|4
|teamsize|p2|4
|start
|switch|p1a: Sneasler|Sneasler, L50, M|100/100
|switch|p1b: Meowstic|Meowstic, L50, M|100/100
|switch|p2a: Basculegion|Basculegion, L50, M|100/100
|switch|p2b: Kingambit|Kingambit, L50, M|100/100
|turn|1
|
|t:|1784293147
|switch|p1b: Archaludon|Archaludon, L50, F|100/100
|move|p2a: Basculegion|Flip Turn|p1a: Sneasler
|-damage|p1a: Sneasler|29/100
|
|t:|1784293153
|switch|p2a: Gardevoir|Gardevoir, L50, F|100/100|[from] Flip Turn
|move|p1a: Sneasler|Close Combat|p2b: Kingambit
|-supereffective|p2b: Kingambit|2
|-enditem|p2b: Kingambit|Focus Sash
|-damage|p2b: Kingambit|1/100
|-unboost|p1a: Sneasler|def|1
|-unboost|p1a: Sneasler|spd|1
|move|p2b: Kingambit|Kowtow Cleave|p1b: Archaludon
|-damage|p1b: Archaludon|53/100
|-ability|p1b: Archaludon|Stamina|boost
|-boost|p1b: Archaludon|def|1
|
|-heal|p1b: Archaludon|59/100|[from] item: Leftovers
|upkeep
|turn|2
|
|t:|1784293182
|detailschange|p2a: Gardevoir|Gardevoir-Mega, L50, F
|-mega|p2a: Gardevoir|Gardevoir|Gardevoirite
|move|p1b: Archaludon|Protect|p1b: Archaludon
|-singleturn|p1b: Archaludon|Protect
|move|p2b: Kingambit|Sucker Punch||[still]
|-fail|p2b: Kingambit
|move|p1a: Sneasler|Coaching|p1b: Archaludon
|-boost|p1b: Archaludon|atk|1
|-boost|p1b: Archaludon|def|1
|move|p2a: Gardevoir|Hyper Voice|p1b: Archaludon|[spread] p1a
|-activate|p1b: Archaludon|move: Protect
|-damage|p1a: Sneasler|0 fnt
|faint|p1a: Sneasler
|
|-heal|p1b: Archaludon|65/100|[from] item: Leftovers
|upkeep
|
|t:|1784293235
|switch|p1a: Meowstic|Meowstic, L50, M|100/100
|turn|3
|
|t:|1784293252
|switch|p2b: Basculegion|Basculegion, L50, M|100/100
|detailschange|p1a: Meowstic|Meowstic-M-Mega, L50, M
|-mega|p1a: Meowstic|Meowstic|Meowsticite
|-ability|p1a: Meowstic|Pixilate|Trace|[from] ability: Trace|[of] p2a: Gardevoir
|move|p1a: Meowstic|Rain Dance|p1a: Meowstic
|-weather|RainDance
|move|p2a: Gardevoir|Hyper Voice|p1a: Meowstic|[spread] p1a,p1b
|-damage|p1a: Meowstic|33/100
|-damage|p1b: Archaludon|11/100
|-ability|p1b: Archaludon|Stamina|boost
|-boost|p1b: Archaludon|def|1
|move|p1b: Archaludon|Electro Shot||[still]
|-prepare|p1b: Archaludon|Electro Shot
|-boost|p1b: Archaludon|spa|1
|-anim|p1b: Archaludon|Electro Shot|p2a: Gardevoir
|-damage|p2a: Gardevoir|47/100
|
|-weather|RainDance|[upkeep]
|-heal|p1b: Archaludon|17/100|[from] item: Leftovers
|upkeep
|turn|4
|
|t:|1784293274
|move|p1b: Archaludon|Protect|p1b: Archaludon
|-singleturn|p1b: Archaludon|Protect
|move|p2b: Basculegion|Aqua Jet|p1a: Meowstic
|-damage|p1a: Meowstic|0 fnt
|faint|p1a: Meowstic
|move|p2a: Gardevoir|Vacuum Wave|p1b: Archaludon
|-activate|p1b: Archaludon|move: Protect
|
|-weather|RainDance|[upkeep]
|-heal|p1b: Archaludon|23/100|[from] item: Leftovers
|upkeep
|
|t:|1784293283
|switch|p1a: Basculegion|Basculegion, L50, M|100/100
|turn|5
|
|t:|1784293291
|switch|p2b: Garchomp|Garchomp, L50, M|100/100
|move|p1a: Basculegion|Aqua Jet|p2a: Gardevoir
|-crit|p2a: Gardevoir
|-damage|p2a: Gardevoir|0 fnt
|faint|p2a: Gardevoir
|-damage|p1a: Basculegion|90/100|[from] item: Life Orb
|move|p1b: Archaludon|Electro Shot||[still]
|-prepare|p1b: Archaludon|Electro Shot
|-boost|p1b: Archaludon|spa|1
|-anim|p1b: Archaludon|Electro Shot|p2b: Garchomp
|-immune|p2b: Garchomp
|
|-weather|RainDance|[upkeep]
|-heal|p1b: Archaludon|29/100|[from] item: Leftovers
|upkeep
|
|t:|1784293304
|switch|p2a: Basculegion|Basculegion, L50, M|100/100
|turn|6
|
|t:|1784293330
|switch|p2a: Kingambit|Kingambit, L50, M|1/100
|move|p1b: Archaludon|Protect|p1b: Archaludon
|-singleturn|p1b: Archaludon|Protect
|move|p1a: Basculegion|Last Respects|p2a: Kingambit
|-resisted|p2a: Kingambit|1
|-damage|p2a: Kingambit|0 fnt
|faint|p2a: Kingambit
|-damage|p1a: Basculegion|80/100|[from] item: Life Orb
|move|p2b: Garchomp|Earthquake|p1a: Basculegion|[spread] p1a
|-activate|p1b: Archaludon|move: Protect
|-damage|p1a: Basculegion|20/100y
|-damage|p2b: Garchomp|90/100|[from] item: Life Orb
|
|-weather|RainDance|[upkeep]
|-heal|p1b: Archaludon|35/100|[from] item: Leftovers
|upkeep
|
|t:|1784293345
|switch|p2a: Basculegion|Basculegion, L50, M|100/100
|turn|7
|
|t:|1784293359
|move|p2a: Basculegion|Aqua Jet|p1a: Basculegion
|-resisted|p1a: Basculegion|1
|-damage|p1a: Basculegion|0 fnt
|faint|p1a: Basculegion
|move|p2b: Garchomp|Earthquake|p1b: Archaludon|[spread] p2a,p1b
|-supereffective|p1b: Archaludon|1
|-damage|p2a: Basculegion|37/100
|-damage|p1b: Archaludon|0 fnt
|faint|p1b: Archaludon
|-damage|p2b: Garchomp|80/100|[from] item: Life Orb
|
|win|LynxVGC
||Chavo666 is ready for game 2.
||LynxVGC is ready for game 2.
|uhtml|next|Next: Game 2 of 3
