|j|☆yeet58
|j|☆atahualpamaia
|html|yeet58atahualpamaia    
|uhtml|bestof|Game 1 of a best-of-3
|t:|1757024377
|gametype|doubles
|player|p1|yeet58|iris-gen5bw2|1160
|player|p2|atahualpamaia|lucas|1036
|gen|9
|tier|[Gen 9] VGC 2025 Reg H (Bo3)
|rated|
|rule|Species Clause: Limit one of each Pokémon
|rule|Item Clause: Limit 1 of each item
|clearpoke
|poke|p1|Kommo-o, L50, M|
|poke|p1|Sneasler, L50, M|
|poke|p1|Rillaboom, L50, M|
|poke|p1|Kingambit, L50, M|
|poke|p1|Ursaluna-Bloodmoon, L50, M|
|poke|p1|Sableye, L50, M|
|poke|p2|Dragonite, L50, F|
|poke|p2|Ursaluna-Bloodmoon, L50, M|
|poke|p2|Sneasler, L50, M|
|poke|p2|Braviary, L50, M|
|poke|p2|Whimsicott, L50, F|
|poke|p2|Farigiraf, L50, M|
|teampreview|4
|showteam|p1|Kommo-o||SitrusBerry|Overcoat|Coaching,BreakingSwipe,Protect,BodyPress|||M|||50|,,,,,Steel]Sneasler||GrassySeed|Unburden|CloseCombat,DireClaw,Protect,ThroatChop|||M|||50|,,,,,Stellar]Rillaboom||AssaultVest|GrassySurge|Uturn,WoodHammer,FakeOut,GrassyGlide|||M|||50|,,,,,Fire]Kingambit||BlackGlasses|Defiant|SuckerPunch,KowtowCleave,SwordsDance,Protect|||M|||50|,,,,,Dark]Ursaluna-Bloodmoon||LifeOrb|MindsEye|BloodMoon,HyperVoice,EarthPower,Protect|||M|||50|,,,,,Normal]Sableye||SafetyGoggles|Prankster|Taunt,Quash,FoulPlay,WillOWisp|||M|||50|,,,,,Dragon
|showteam|p2|Dragonite||LoadedDice|Multiscale|ScaleShot,IcePunch,StompingTantrum,Protect|||F|||50|,,,,,Steel]Ursaluna-Bloodmoon||SitrusBerry|MindsEye|BloodMoon,EarthPower,HyperVoice,Protect|||M|||50|,,,,,Ghost]Sneasler||WhiteHerb|Unburden|CloseCombat,DireClaw,ThroatChop,Protect|||M|||50|,,,,,Ghost]Braviary||LifeOrb|Defiant|BraveBird,CloseCombat,HelpingHand,Protect|||M|||50|,,,,,Flying]Whimsicott||FocusSash|Prankster|Moonblast,Taunt,Tailwind,Protect|||F|||50|,,,,,Ghost]Farigiraf||ThroatSpray|ArmorTail|HyperVoice,HelpingHand,TrickRoom,Protect|||M|||50|,,,,,Water
|inactive|Battle timer is ON: inactive players will automatically lose when time's up. (requested by yeet58)
|inactive|atahualpamaia also wants the timer to be on.
|inactive|yeet58 has 60 seconds left.
|inactive|atahualpamaia has 60 seconds left.
|
|t:|1757024428
|teamsize|p1|4
|teamsize|p2|4
|start
|switch|p1a: Sableye|Sableye, L50, M|100/100
|switch|p1b: Ursaluna|Ursaluna-Bloodmoon, L50, M|100/100
|switch|p2a: Sneasler|Sneasler, L50, M|100/100
|switch|p2b: Dragonite|Dragonite, L50, F|100/100
|turn|1
|
|t:|1757024447
|move|p2a: Sneasler|Protect|p2a: Sneasler
|-singleturn|p2a: Sneasler|Protect
|move|p1b: Ursaluna|Protect|p1b: Ursaluna
|-singleturn|p1b: Ursaluna|Protect
|move|p1a: Sableye|Will-O-Wisp|p2b: Dragonite
|-status|p2b: Dragonite|brn
|move|p2b: Dragonite|Scale Shot|p1a: Sableye
|-damage|p1a: Sableye|92/100
|-damage|p1a: Sableye|83/100
|-damage|p1a: Sableye|73/100
|-damage|p1a: Sableye|63/100
|-hitcount|p1a: Sableye|4
|-unboost|p2b: Dragonite|def|1
|-boost|p2b: Dragonite|spe|1
|
|-damage|p2b: Dragonite|95/100 brn|[from] brn
|upkeep
|turn|2
|inactive|atahualpamaia has 30 seconds left.
|
|t:|1757024475
|move|p1a: Sableye|Quash|p2a: Sneasler
|-activate|p2a: Sneasler|move: Quash
|move|p2b: Dragonite|Stomping Tantrum|p1a: Sableye
|-damage|p1a: Sableye|43/100
|move|p1b: Ursaluna|Blood Moon|p2a: Sneasler
|-damage|p2a: Sneasler|0 fnt
|faint|p2a: Sneasler
|-damage|p1b: Ursaluna|90/100|[from] item: Life Orb
|
|-damage|p2b: Dragonite|89/100 brn|[from] brn
|upkeep
|inactive|atahualpamaia has 30 seconds left.
|
|t:|1757024503
|switch|p2a: Braviary|Braviary, L50, M|100/100
|turn|3
|
|t:|1757024511
|move|p2a: Braviary|Protect|p2a: Braviary
|-singleturn|p2a: Braviary|Protect
|move|p1b: Ursaluna|Protect|p1b: Ursaluna
|-singleturn|p1b: Ursaluna|Protect
|move|p2b: Dragonite|Scale Shot|p1a: Sableye
|-damage|p1a: Sableye|32/100
|-damage|p1a: Sableye|22/100
|-damage|p1a: Sableye|13/100
|-crit|p1a: Sableye
|-damage|p1a: Sableye|0 fnt
|faint|p1a: Sableye
|-hitcount|p1: Sableye|4
|-unboost|p2b: Dragonite|def|1
|-boost|p2b: Dragonite|spe|1
|
|-damage|p2b: Dragonite|83/100 brn|[from] brn
|upkeep
|
|t:|1757024526
|switch|p1a: Rillaboom|Rillaboom, L50, M|100/100
|-fieldstart|move: Grassy Terrain|[from] ability: Grassy Surge|[of] p1a: Rillaboom
|turn|4
|
|t:|1757024545
|switch|p2b: Farigiraf|Farigiraf, L50, M|100/100
|-terastallize|p2a: Braviary|Flying
|-terastallize|p1b: Ursaluna|Normal
|move|p1a: Rillaboom|Fake Out||[still]
|cant|p2b: Farigiraf|ability: Armor Tail|Fake Out|[of] p1a: Rillaboom
|move|p2a: Braviary|Close Combat|p1b: Ursaluna
|-supereffective|p1b: Ursaluna
|-damage|p1b: Ursaluna|20/100
|-unboost|p2a: Braviary|def|1
|-unboost|p2a: Braviary|spd|1
|-damage|p2a: Braviary|91/100|[from] item: Life Orb
|move|p1b: Ursaluna|Hyper Voice|p2a: Braviary|[spread] p2a,p2b
|-damage|p2a: Braviary|0 fnt
|-damage|p2b: Farigiraf|39/100
|faint|p2a: Braviary
|-damage|p1b: Ursaluna|10/100|[from] item: Life Orb
|
|-heal|p2b: Farigiraf|45/100|[from] Grassy Terrain
|-heal|p1b: Ursaluna|15/100|[from] Grassy Terrain
|upkeep
|
|t:|1757024565
|switch|p2a: Dragonite|Dragonite, L50, F|83/100 brn
|turn|5
|
|t:|1757024574
|move|p2a: Dragonite|Scale Shot|p1b: Ursaluna
|-damage|p1b: Ursaluna|10/100
|-damage|p1b: Ursaluna|5/100
|-damage|p1b: Ursaluna|0 fnt
|faint|p1b: Ursaluna
|-hitcount|p1: Ursaluna|3
|-unboost|p2a: Dragonite|def|1
|-boost|p2a: Dragonite|spe|1
|move|p1a: Rillaboom|U-turn|p2b: Farigiraf
|-supereffective|p2b: Farigiraf
|-damage|p2b: Farigiraf|0 fnt
|faint|p2b: Farigiraf
|
|t:|1757024578
|switch|p1a: Sneasler|Sneasler, L50, M|100/100|[from] U-turn
|-enditem|p1a: Sneasler|Grassy Seed
|-boost|p1a: Sneasler|def|1|[from] item: Grassy Seed
|
|-damage|p2a: Dragonite|77/100 brn|[from] brn
|upkeep
|
|t:|1757024579
|switch|p1b: Rillaboom|Rillaboom, L50, M|100/100
|turn|6
|-message|atahualpamaia forfeited.
|
|win|yeet58
||yeet58 is ready for game 2.
