|j|☆Person_McSomeone
|j|☆BigIronChungus
|html|Person_McSomeoneBigIronChungus    
|uhtml|bestof|Game 1 of a best-of-3
|t:|1784969744
|gametype|doubles
|player|p1|Person_McSomeone|bryony|1040
|player|p2|BigIronChungus|arezu|1199
|gen|9
|tier|[Gen 9 Champions] VGC 2026 Reg M-B (Bo3)
|rated|
|rule|Species Clause: Limit one of each Pokémon
|rule|Item Clause: Limit 1 of each item
|clearpoke
|poke|p1|Swampert, L50, F|
|poke|p1|Pelipper, L50, F|
|poke|p1|Archaludon, L50, F|
|poke|p1|Venusaur, L50, M|
|poke|p1|Kingambit, L50, M|
|poke|p1|Grimmsnarl, L50, M|
|poke|p2|Milotic, L50, F|
|poke|p2|Staraptor, L50, F|
|poke|p2|Tyranitar, L50, M|
|poke|p2|Gholdengo, L50|
|poke|p2|Excadrill, L50, M|
|poke|p2|Sinistcha, L50|
|teampreview|4
|showteam|p1|Swampert||Swampertite|Damp|IcePunch,WaveCrash,HighHorsepower,Protect|Adamant||F|||50|]Pelipper||SitrusBerry|Drizzle|Tailwind,WeatherBall,Hurricane,Protect|Timid||F|||50|]Archaludon||Leftovers|Stamina|ElectroShot,DracoMeteor,AuraSphere,Protect|Modest||F|||50|]Venusaur||Venusaurite|Chlorophyll|EarthPower,GigaDrain,LeechSeed,Protect|Modest||M|||50|]Kingambit||OccaBerry|Defiant|SuckerPunch,KowtowCleave,IronHead,Protect|Adamant||M|||50|]Grimmsnarl||LightClay|Prankster|Reflect,LightScreen,ScaryFace,SpiritBreak|Careful||M|||50|
|showteam|p2|Milotic||Leftovers|Competitive|Protect,IceBeam,Scald,IcyWind|Modest||F|||50|]Staraptor||Staraptite|Intimidate|Protect,BraveBird,CloseCombat,Tailwind|Jolly||F|||50|]Tyranitar||Tyranitarite|SandStream|Protect,KnockOff,RockSlide,LowKick|Adamant||M|||50|]Gholdengo||LifeOrb|GoodasGold|Protect,ShadowBall,NastyPlot,MakeItRain|Modest|||||50|]Excadrill||FocusSash|SandRush|Protect,IronHead,RockSlide,HighHorsepower|Adamant||M|||50|]Sinistcha||SitrusBerry|Hospitality|Protect,TrickRoom,RagePowder,MatchaGotcha|Bold|||||50|
|inactive|Battle timer is ON: inactive players will automatically lose when time's up. (requested by Person_McSomeone)
|inactive|Person_McSomeone has 60 seconds left.
|inactive|BigIronChungus has 60 seconds left.
|
|t:|1784969800
|teamsize|p1|4
|teamsize|p2|4
|start
|switch|p1a: Grimmsnarl|Grimmsnarl, L50, M|100/100
|switch|p1b: Swampert|Swampert, L50, F|100/100
|switch|p2a: Sinistcha|Sinistcha, L50|100/100
|switch|p2b: Gholdengo|Gholdengo, L50|100/100
|turn|1
|inactive|Person_McSomeone has 30 seconds left.
|inactive|Person_McSomeone has 20 seconds left.
|inactive|Person_McSomeone has 15 seconds left.
|
|t:|1784969844
|detailschange|p1b: Swampert|Swampert-Mega, L50, F
|-mega|p1b: Swampert|Swampert|Swampertite
|move|p2b: Gholdengo|Protect|p2b: Gholdengo
|-singleturn|p2b: Gholdengo|Protect
|move|p1b: Swampert|Protect|p1b: Swampert
|-singleturn|p1b: Swampert|Protect
|move|p1a: Grimmsnarl|Light Screen|p1a: Grimmsnarl
|-sidestart|p1: Person_McSomeone|move: Light Screen
|move|p2a: Sinistcha|Trick Room|p2a: Sinistcha
|-fieldstart|move: Trick Room|[of] p2a: Sinistcha
|
|upkeep
|turn|2
|
|t:|1784969866
|switch|p1b: Kingambit|Kingambit, L50, M|100/100
|switch|p2b: Staraptor|Staraptor, L50, F|100/100
|-ability|p2b: Staraptor|Intimidate|boost
|-unboost|p1a: Grimmsnarl|atk|1
|-unboost|p1b: Kingambit|atk|1
|-ability|p1b: Kingambit|Defiant|boost
|-boost|p1b: Kingambit|atk|2
|move|p1a: Grimmsnarl|Spirit Break|p2a: Sinistcha
|-damage|p2a: Sinistcha|85/100
|-unboost|p2a: Sinistcha|spa|1
|move|p2a: Sinistcha|Matcha Gotcha|p1a: Grimmsnarl|[spread] p1a
|-miss|p2a: Sinistcha|p1b: Kingambit
|-damage|p1a: Grimmsnarl|90/100
|-heal|p2a: Sinistcha|91/100|[from] drain|[of] p1a: Grimmsnarl
|
|upkeep
|turn|3
|inactive|Person_McSomeone has 30 seconds left.
|
|t:|1784969895
|detailschange|p2b: Staraptor|Staraptor-Mega, L50, F
|-mega|p2b: Staraptor|Staraptor|Staraptite
|move|p2a: Sinistcha|Protect|p2a: Sinistcha
|-singleturn|p2a: Sinistcha|Protect
|move|p1a: Grimmsnarl|Reflect|p1a: Grimmsnarl
|-sidestart|p1: Person_McSomeone|Reflect
|move|p1b: Kingambit|Kowtow Cleave|p2a: Sinistcha
|-activate|p2a: Sinistcha|move: Protect
|move|p2b: Staraptor|Close Combat|p1b: Kingambit
|-supereffective|p1b: Kingambit|2
|-damage|p1b: Kingambit|0 fnt
|-boost|p2b: Staraptor|def|1
|-boost|p2b: Staraptor|spd|1
|faint|p1b: Kingambit
|
|upkeep
|
|t:|1784969902
|switch|p1b: Pelipper|Pelipper, L50, F|100/100
|-weather|RainDance|[from] ability: Drizzle|[of] p1b: Pelipper
|turn|4
|
|t:|1784969923
|move|p2b: Staraptor|Protect|p2b: Staraptor
|-singleturn|p2b: Staraptor|Protect
|move|p1a: Grimmsnarl|Scary Face|p2b: Staraptor
|-activate|p2b: Staraptor|move: Protect
|move|p2a: Sinistcha|Matcha Gotcha|p1a: Grimmsnarl|[spread] p1a,p1b
|-damage|p1a: Grimmsnarl|80/100
|-heal|p2a: Sinistcha|97/100|[from] drain|[of] p1a: Grimmsnarl
|-damage|p1b: Pelipper|82/100
|-heal|p2a: Sinistcha|100/100|[from] drain|[of] p1b: Pelipper
|move|p1b: Pelipper|Hurricane|p2a: Sinistcha
|-supereffective|p2a: Sinistcha|1
|-damage|p2a: Sinistcha|19/100
|-start|p2a: Sinistcha|confusion
|-enditem|p2a: Sinistcha|Sitrus Berry|[eat]
|-heal|p2a: Sinistcha|43/100|[from] item: Sitrus Berry
|
|-weather|RainDance|[upkeep]
|upkeep
|turn|5
|
|t:|1784969939
|-activate|p2a: Sinistcha|confusion
|-damage|p2a: Sinistcha|38/100|[from] confusion
|move|p1a: Grimmsnarl|Spirit Break|p2a: Sinistcha
|-damage|p2a: Sinistcha|22/100
|-unboost|p2a: Sinistcha|spa|1
|move|p1b: Pelipper|Hurricane|p2b: Staraptor
|-supereffective|p2b: Staraptor|1
|-damage|p2b: Staraptor|40/100
|move|p2b: Staraptor|Close Combat|p1a: Grimmsnarl
|-damage|p1a: Grimmsnarl|37/100
|-boost|p2b: Staraptor|def|1
|-boost|p2b: Staraptor|spd|1
|
|-weather|RainDance|[upkeep]
|-fieldend|move: Trick Room
|upkeep
|turn|6
|inactive|Person_McSomeone has 30 seconds left.
|
|t:|1784969964
|switch|p1a: Swampert|Swampert-Mega, L50, F|100/100
|-activate|p2a: Sinistcha|confusion
|move|p2a: Sinistcha|Rage Powder|p2a: Sinistcha
|-singleturn|p2a: Sinistcha|move: Rage Powder
|move|p2b: Staraptor|Tailwind|p2b: Staraptor
|-sidestart|p2: BigIronChungus|move: Tailwind
|move|p1b: Pelipper|Hurricane|p2a: Sinistcha
|-supereffective|p2a: Sinistcha|1
|-damage|p2a: Sinistcha|0 fnt
|faint|p2a: Sinistcha
|
|-weather|RainDance|[upkeep]
|upkeep
|
|t:|1784969974
|switch|p2a: Tyranitar|Tyranitar, L50, M|100/100
|-weather|Sandstorm|[from] ability: Sand Stream|[of] p2a: Tyranitar
|turn|7
|
|t:|1784969985
|switch|p1b: Grimmsnarl|Grimmsnarl, L50, M|37/100
|move|p1a: Swampert|Protect|p1a: Swampert
|-singleturn|p1a: Swampert|Protect
|move|p2b: Staraptor|Close Combat|p1a: Swampert
|-activate|p1a: Swampert|move: Protect
|move|p2a: Tyranitar|Rock Slide|p1b: Grimmsnarl|[spread] p1b
|-activate|p1a: Swampert|move: Protect
|-damage|p1b: Grimmsnarl|17/100
|
|-weather|Sandstorm|[upkeep]
|-damage|p2b: Staraptor|34/100|[from] Sandstorm
|-damage|p1b: Grimmsnarl|11/100|[from] Sandstorm
|upkeep
|turn|8
|inactive|BigIronChungus has 30 seconds left.
|inactive|BigIronChungus has 20 seconds left.
|
|t:|1784970027
|move|p2b: Staraptor|Close Combat|p1a: Swampert
|-damage|p1a: Swampert|58/100
|-boost|p2b: Staraptor|def|1
|-boost|p2b: Staraptor|spd|1
|move|p2a: Tyranitar|Knock Off|p1a: Swampert
|-damage|p1a: Swampert|37/100
|move|p1a: Swampert|Wave Crash|p2a: Tyranitar
|-supereffective|p2a: Tyranitar|1
|-damage|p2a: Tyranitar|0 fnt
|faint|p2a: Tyranitar
|-damage|p1a: Swampert|1/100|[from] Recoil
|move|p1b: Grimmsnarl|Spirit Break|p2b: Staraptor
|-supereffective|p2b: Staraptor|1
|-damage|p2b: Staraptor|7/100
|-boost|p2b: Staraptor|spa|1
|
|-weather|Sandstorm|[upkeep]
|-damage|p2b: Staraptor|1/100|[from] Sandstorm
|-damage|p1b: Grimmsnarl|5/100|[from] Sandstorm
|-sideend|p1: Person_McSomeone|move: Light Screen
|upkeep
|
|t:|1784970040
|switch|p2a: Gholdengo|Gholdengo, L50|100/100
|turn|9
|
|t:|1784970059
|switch|p1a: Pelipper|Pelipper, L50, F|82/100
|-weather|RainDance|[from] ability: Drizzle|[of] p1a: Pelipper
|move|p2b: Staraptor|Close Combat|p1b: Grimmsnarl
|-damage|p1b: Grimmsnarl|0 fnt
|-boost|p2b: Staraptor|def|1
|-boost|p2b: Staraptor|spd|1
|faint|p1b: Grimmsnarl
|move|p2a: Gholdengo|Shadow Ball|p1a: Pelipper
|-damage|p1a: Pelipper|6/100
|-enditem|p1a: Pelipper|Sitrus Berry|[eat]
|-heal|p1a: Pelipper|31/100|[from] item: Sitrus Berry
|-damage|p2a: Gholdengo|90/100|[from] item: Life Orb
|
|-weather|RainDance|[upkeep]
|-sideend|p2: BigIronChungus|move: Tailwind
|upkeep
|
|t:|1784970067
|switch|p1b: Swampert|Swampert-Mega, L50, F|1/100
|turn|10
|
|t:|1784970082
|move|p2b: Staraptor|Protect|p2b: Staraptor
|-singleturn|p2b: Staraptor|Protect
|move|p1b: Swampert|Ice Punch|p2b: Staraptor
|-activate|p2b: Staraptor|move: Protect
|move|p1a: Pelipper|Weather Ball|p2a: Gholdengo
|-damage|p2a: Gholdengo|36/100
|move|p2a: Gholdengo|Make It Rain|p1b: Swampert|[spread] p1a,p1b
|-resisted|p1a: Pelipper|1
|-resisted|p1b: Swampert|1
|-damage|p1a: Pelipper|0 fnt
|-damage|p1b: Swampert|0 fnt
|-unboost|p2a: Gholdengo|spa|2
|faint|p1a: Pelipper
|faint|p1b: Swampert
|-damage|p2a: Gholdengo|26/100|[from] item: Life Orb
|
|win|BigIronChungus
||Person_McSomeone is ready for game 2.
|inactive|BigIronChungus has 30 seconds to confirm battle start!
||BigIronChungus is ready for game 2.
|uhtml|next|Next: Game 2 of 3
|l|☆Person_McSomeone
|player|p1|
