|j|☆Rodolfus
|j|☆rooofe
|html|Rodolfusrooofe    
|uhtml|bestof|Game 2 of a best-of-3
|t:|1786050472
|gametype|doubles
|player|p1|Rodolfus|102|
|player|p2|rooofe|1|
|gen|9
|tier|[Gen 9 Champions] VGC 2026 Reg M-B (Bo3)
|rule|Species Clause: Limit one of each Pokémon
|rule|Item Clause: Limit 1 of each item
|clearpoke
|poke|p1|Swampert, L50, F|
|poke|p1|Pelipper, L50, F|
|poke|p1|Talonflame, L50, M|
|poke|p1|Pinsir, L50, F|
|poke|p1|Hydreigon, L50, F|
|poke|p1|Archaludon, L50, F|
|poke|p2|Sceptile, L50, F|
|poke|p2|Basculegion, L50, M|
|poke|p2|Aerodactyl, L50, M|
|poke|p2|Rotom-Heat, L50|
|poke|p2|Zoroark-Hisui, L50, M|
|poke|p2|Hippowdon, L50, M|
|teampreview|4
|showteam|p1|Swampert||Swampertite|Torrent|Liquidation,Earthquake,RockSlide,Protect|Adamant||F|||50|]Pelipper||FocusSash|Drizzle|Surf,Hurricane,Protect,Tailwind|Serious||F|||50|]Talonflame||LifeOrb|GaleWings|Tailwind,Protect,FlareBlitz,BraveBird|Adamant||M|||50|]Pinsir||Pinsirite|HyperCutter|RockSlide,BodySlam,Protect,Lunge|Jolly||F|||50|]Hydreigon||ChoiceScarf|Levitate|DracoMeteor,DarkPulse,Flamethrower,FocusBlast|Modest||F|||50|]Archaludon||Leftovers|Stamina|FlashCannon,Protect,ElectroShot,DracoMeteor|Modest||F|||50|
|showteam|p2|Sceptile||Sceptilite|Overgrow|GrassKnot,DragonPulse,EarthPower,Detect|Timid||F|||50|]Basculegion||SitrusBerry|SwiftSwim|LastRespects,WaveCrash,Protect,AquaJet|Hasty||M|||50|]Aerodactyl||FocusSash|Unnerve|RockSlide,DualWingbeat,Tailwind,Protect|Jolly||M|||50|]Rotom-Heat||ChoiceScarf|Levitate|Overheat,Thunderbolt,VoltSwitch,Discharge|Timid|||||50|]Zoroark-Hisui||Leftovers|Illusion|ShadowBall,DarkPulse,ConfuseRay,Detect|Timid||M|||50|]Hippowdon||LifeOrb|SandStream|HighHorsepower,RockSlide,Protect,Yawn|Careful||M|||50|
|
|t:|1786050527
|teamsize|p1|4
|teamsize|p2|4
|start
|switch|p1a: Talonflame|Talonflame, L50, M|100/100
|switch|p1b: Swampert|Swampert, L50, F|100/100
|switch|p2a: Sceptile|Sceptile, L50, F|100/100
|switch|p2b: Rotom|Rotom-Heat, L50|100/100
|turn|1
|
|t:|1786050571
|detailschange|p2a: Sceptile|Sceptile-Mega, L50, F
|-mega|p2a: Sceptile|Sceptile|Sceptilite
|move|p1b: Swampert|Protect|p1b: Swampert
|-singleturn|p1b: Swampert|Protect
|move|p1a: Talonflame|Brave Bird|p2a: Sceptile
|-supereffective|p2a: Sceptile|1
|-damage|p2a: Sceptile|0 fnt
|faint|p2a: Sceptile
|-damage|p1a: Talonflame|68/100|[from] Recoil
|-damage|p1a: Talonflame|58/100|[from] item: Life Orb
|move|p2b: Rotom|Discharge|p1b: Swampert|[spread] p1a
|-activate|p1b: Swampert|move: Protect
|-supereffective|p1a: Talonflame|1
|-damage|p1a: Talonflame|0 fnt
|faint|p1a: Talonflame
|
|upkeep
|
|t:|1786050613
|switch|p2a: Aerodactyl|Aerodactyl, L50, M|100/100
|switch|p1a: Archaludon|Archaludon, L50, F|100/100
|-ability|p2a: Aerodactyl|Unnerve
|turn|2
|
|t:|1786050638
|switch|p1b: Pelipper|Pelipper, L50, F|100/100
|-weather|RainDance|[from] ability: Drizzle|[of] p1b: Pelipper
|move|p2a: Aerodactyl|Protect|p2a: Aerodactyl
|-singleturn|p2a: Aerodactyl|Protect
|move|p2b: Rotom|Discharge|p1a: Archaludon|[spread] p1a,p1b
|-activate|p2a: Aerodactyl|move: Protect
|-resisted|p1a: Archaludon|1
|-supereffective|p1b: Pelipper|2
|-damage|p1a: Archaludon|84/100
|-enditem|p1b: Pelipper|Focus Sash
|-damage|p1b: Pelipper|1/100
|-ability|p1a: Archaludon|Stamina|boost
|-boost|p1a: Archaludon|def|1
|move|p1a: Archaludon|Electro Shot||[still]
|-prepare|p1a: Archaludon|Electro Shot
|-boost|p1a: Archaludon|spa|1
|-anim|p1a: Archaludon|Electro Shot|p2a: Aerodactyl
|-activate|p2a: Aerodactyl|move: Protect
|
|-weather|RainDance|[upkeep]
|-heal|p1a: Archaludon|90/100|[from] item: Leftovers
|upkeep
|turn|3
|
|t:|1786050682
|move|p2a: Aerodactyl|Protect|p2a: Aerodactyl
|-singleturn|p2a: Aerodactyl|Protect
|move|p1b: Pelipper|Protect|p1b: Pelipper
|-singleturn|p1b: Pelipper|Protect
|move|p2b: Rotom|Discharge|p1a: Archaludon|[spread] p1a
|-activate|p2a: Aerodactyl|move: Protect
|-activate|p1b: Pelipper|move: Protect
|-resisted|p1a: Archaludon|1
|-damage|p1a: Archaludon|76/100
|-ability|p1a: Archaludon|Stamina|boost
|-boost|p1a: Archaludon|def|1
|move|p1a: Archaludon|Flash Cannon|p2a: Aerodactyl
|-activate|p2a: Aerodactyl|move: Protect
|
|-weather|RainDance|[upkeep]
|-heal|p1a: Archaludon|82/100|[from] item: Leftovers
|upkeep
|turn|4
|
|t:|1786050723
|switch|p1b: Swampert|Swampert, L50, F|100/100
|move|p2b: Rotom|Discharge|p1a: Archaludon|[spread] p2a,p1a
|-immune|p1b: Swampert
|-supereffective|p2a: Aerodactyl|1
|-resisted|p1a: Archaludon|1
|-damage|p2a: Aerodactyl|22/100
|-damage|p1a: Archaludon|67/100
|-ability|p1a: Archaludon|Stamina|boost
|-boost|p1a: Archaludon|def|1
|move|p2a: Aerodactyl|Rock Slide|p1a: Archaludon|[spread] p1a,p1b
|-resisted|p1a: Archaludon|1
|-resisted|p1b: Swampert|1
|-damage|p1a: Archaludon|64/100
|-damage|p1b: Swampert|86/100
|-ability|p1a: Archaludon|Stamina|boost
|-boost|p1a: Archaludon|def|1
|cant|p1a: Archaludon|flinch
|
|-weather|RainDance|[upkeep]
|-heal|p1a: Archaludon|70/100|[from] item: Leftovers
|upkeep
|turn|5
|
|t:|1786050749
|detailschange|p1b: Swampert|Swampert-Mega, L50, F
|-mega|p1b: Swampert|Swampert|Swampertite
|move|p2a: Aerodactyl|Protect|p2a: Aerodactyl
|-singleturn|p2a: Aerodactyl|Protect
|move|p1b: Swampert|Liquidation|p2b: Rotom
|-supereffective|p2b: Rotom|1
|-crit|p2b: Rotom
|-damage|p2b: Rotom|0 fnt
|faint|p2b: Rotom
|move|p1a: Archaludon|Flash Cannon|p2a: Aerodactyl
|-activate|p2a: Aerodactyl|move: Protect
|
|-weather|RainDance|[upkeep]
|-heal|p1a: Archaludon|76/100|[from] item: Leftovers
|upkeep
|
|t:|1786050760
|switch|p2b: Basculegion|Basculegion, L50, M|100/100
|turn|6
|
|t:|1786050776
|move|p2b: Basculegion|Protect|p2b: Basculegion
|-singleturn|p2b: Basculegion|Protect
|move|p1b: Swampert|Liquidation|p2a: Aerodactyl
|-supereffective|p2a: Aerodactyl|1
|-damage|p2a: Aerodactyl|0 fnt
|faint|p2a: Aerodactyl
|move|p1a: Archaludon|Electro Shot||[still]
|-prepare|p1a: Archaludon|Electro Shot
|-boost|p1a: Archaludon|spa|1
|-anim|p1a: Archaludon|Electro Shot|p2b: Basculegion
|-activate|p2b: Basculegion|move: Protect
|
|-weather|none
|-heal|p1a: Archaludon|83/100|[from] item: Leftovers
|upkeep
|turn|7
|
|t:|1786050807
|switch|p1b: Pelipper|Pelipper, L50, F|1/100
|-weather|RainDance|[from] ability: Drizzle|[of] p1b: Pelipper
|move|p2b: Basculegion|Last Respects|p1a: Archaludon
|-damage|p1a: Archaludon|60/100
|-ability|p1a: Archaludon|Stamina|boost
|-boost|p1a: Archaludon|def|1
|move|p1a: Archaludon|Electro Shot||[still]
|-prepare|p1a: Archaludon|Electro Shot
|-boost|p1a: Archaludon|spa|1
|-anim|p1a: Archaludon|Electro Shot|p2b: Basculegion
|-supereffective|p2b: Basculegion|1
|-damage|p2b: Basculegion|0 fnt
|faint|p2b: Basculegion
|
|win|Rodolfus
|c|☆Rodolfus|good luck good luckkkkkkkkkkk
|inactive|Rodolfus has 30 seconds to confirm battle start!
|inactive|rooofe has 30 seconds to confirm battle start!
|inactive|Rodolfus has 20 seconds to confirm battle start!
|inactive|rooofe has 20 seconds to confirm battle start!
||Rodolfus is ready for game 3.
|inactive|rooofe has 10 seconds to confirm battle start!
||rooofe is ready for game 3.
|uhtml|next|Next: Game 3 of 3
