|j|☆FabioVelho
|j|☆cartulo
|html|FabioVelhocartulo    
|uhtml|bestof|Game 3 of a best-of-3
|t:|1782328530
|gametype|doubles
|player|p1|FabioVelho|sage|
|player|p2|cartulo|blue|
|gen|9
|tier|[Gen 9 Champions] VGC 2026 Reg M-B (Bo3)
|rule|Species Clause: Limit one of each Pokémon
|rule|Item Clause: Limit 1 of each item
|clearpoke
|poke|p1|Metagross, L50|
|poke|p1|Kommo-o, L50, M|
|poke|p1|Sylveon, L50, F|
|poke|p1|Aerodactyl, L50, F|
|poke|p1|Incineroar, L50, F|
|poke|p1|Milotic, L50, M|
|poke|p2|Grimmsnarl, L50, M|
|poke|p2|Charizard, L50, M|
|poke|p2|Gallade, L50, M|
|poke|p2|Farigiraf, L50, M|
|poke|p2|Kangaskhan, L50, F|
|poke|p2|Torkoal, L50, F|
|teampreview|4
|showteam|p1|Metagross||Metagrossite|ClearBody|IronHead,PsychicFangs,StompingTantrum,Protect|Adamant|||||50|]Kommo-o||Leftovers|Soundproof|ClangingScales,AuraSphere,ClangorousSoul,Protect|Modest||M|||50|]Sylveon||FairyFeather|Pixilate|HyperVoice,HyperBeam,QuickAttack,Detect|Modest||F|||50|]Aerodactyl||Aerodactylite|Unnerve|RockSlide,DualWingbeat,Tailwind,Protect|Jolly||F|||50|]Incineroar||PasshoBerry|Intimidate|FlareBlitz,ThroatChop,PartingShot,FakeOut|Careful||F|||50|]Milotic||SitrusBerry|Competitive|Scald,IcyWind,LifeDew,Protect|Modest||M|||50|
|showteam|p2|Grimmsnarl||LightClay|Prankster|FakeOut,SpiritBreak,Reflect,LightScreen|Careful||M|||50|]Charizard||CharizarditeY|Blaze|HeatWave,WeatherBall,ScorchingSands,Protect|Modest||M|||50|]Gallade||IronBall|Sharpness|PsychoCut,SacredSword,LeafBlade,TrickRoom|Brave||M|||50|]Farigiraf||SitrusBerry|ArmorTail|Psychic,HyperVoice,TrickRoom,Protect|Quiet||M|||50|]Kangaskhan||Kangaskhanite|EarlyBird|FakeOut,DoubleEdge,HammerArm,Crunch|Adamant||F|||50|]Torkoal||LifeOrb|Drought|Eruption,WeatherBall,EarthPower,Protect|Quiet||F|||50|
|inactive|Battle timer is ON: inactive players will automatically lose when time's up. (requested by cartulo)
|
|t:|1782328560
|teamsize|p1|4
|teamsize|p2|4
|start
|switch|p1a: Aerodactyl|Aerodactyl, L50, F|100/100
|switch|p1b: Sylveon|Sylveon, L50, F|100/100
|switch|p2a: SOUCARLOS IMENSO|Grimmsnarl, L50, M|100/100
|switch|p2b: Charizard|Charizard, L50, M|100/100
|-ability|p1a: Aerodactyl|Unnerve
|turn|1
|inactive|FabioVelho has 30 seconds left.
|
|t:|1782328586
|detailschange|p1a: Aerodactyl|Aerodactyl-Mega, L50, F
|-mega|p1a: Aerodactyl|Aerodactyl|Aerodactylite
|detailschange|p2b: Charizard|Charizard-Mega-Y, L50, M
|-mega|p2b: Charizard|Charizard|Charizardite Y
|-weather|SunnyDay|[from] ability: Drought|[of] p2b: Charizard
|move|p2a: SOUCARLOS IMENSO|Fake Out|p1a: Aerodactyl
|-resisted|p1a: Aerodactyl|1
|-damage|p1a: Aerodactyl|94/100
|cant|p1a: Aerodactyl|flinch
|move|p2b: Charizard|Weather Ball|p1b: Sylveon
|-damage|p1b: Sylveon|27/100
|move|p1b: Sylveon|Hyper Voice|p2a: SOUCARLOS IMENSO|[spread] p2a,p2b
|-supereffective|p2a: SOUCARLOS IMENSO|1
|-resisted|p2b: Charizard|1
|-damage|p2a: SOUCARLOS IMENSO|16/100
|-damage|p2b: Charizard|78/100
|
|-weather|SunnyDay|[upkeep]
|upkeep
|turn|2
|
|t:|1782328609
|move|p1b: Sylveon|Detect|p1b: Sylveon
|-singleturn|p1b: Sylveon|Protect
|move|p2a: SOUCARLOS IMENSO|Reflect|p2a: SOUCARLOS IMENSO
|-sidestart|p2: cartulo|Reflect
|move|p1a: Aerodactyl|Rock Slide|p2a: SOUCARLOS IMENSO|[spread] p2b
|-miss|p1a: Aerodactyl|p2a: SOUCARLOS IMENSO
|-supereffective|p2b: Charizard|2
|-damage|p2b: Charizard|1/100
|move|p2b: Charizard|Heat Wave|p1b: Sylveon|[spread] p1a
|-activate|p1b: Sylveon|move: Protect
|-resisted|p1a: Aerodactyl|1
|-damage|p1a: Aerodactyl|60/100
|
|-weather|SunnyDay|[upkeep]
|upkeep
|turn|3
|c|☆cartulo|!showset 2
|c| cartulo|/raw Charizard @ Charizardite Y  Ability: Blaze  Level: 50  EVs: 32 HP / 9 Def / 11 SpA / 14 Spe  Modest Nature  - Heat Wave  - Weather Ball  - Scorching Sands  - Protect  
|inactive|FabioVelho has 30 seconds left.
|inactive|FabioVelho has 20 seconds left.
|
|t:|1782328648
|switch|p1b: Incineroar|Incineroar, L50, F|100/100
|-ability|p1b: Incineroar|Intimidate|boost
|-unboost|p2a: SOUCARLOS IMENSO|atk|1
|-unboost|p2b: Charizard|atk|1
|move|p2a: SOUCARLOS IMENSO|Light Screen|p2a: SOUCARLOS IMENSO
|-sidestart|p2: cartulo|move: Light Screen
|move|p1a: Aerodactyl|Rock Slide|p2a: SOUCARLOS IMENSO|[spread] p2a,p2b
|-supereffective|p2b: Charizard|2
|-damage|p2a: SOUCARLOS IMENSO|0 fnt
|-damage|p2b: Charizard|0 fnt
|faint|p2a: SOUCARLOS IMENSO
|faint|p2b: Charizard
|
|-weather|SunnyDay|[upkeep]
|upkeep
|
|t:|1782328654
|switch|p2b: BOLINHA1578|Farigiraf, L50, M|100/100
|switch|p2a: CELSO|Gallade, L50, M|100/100
|turn|4
|
|t:|1782328674
|move|p1a: Aerodactyl|Dual Wingbeat|p2a: CELSO
|-supereffective|p2a: CELSO|1
|-damage|p2a: CELSO|49/100
|-supereffective|p2a: CELSO|1
|-damage|p2a: CELSO|1/100
|-hitcount|p2a: CELSO|2
|move|p1b: Incineroar|Throat Chop|p2b: BOLINHA1578
|-supereffective|p2b: BOLINHA1578|1
|-damage|p2b: BOLINHA1578|63/100
|-start|p2b: BOLINHA1578|Throat Chop|[silent]
|move|p2a: CELSO|Sacred Sword|p1a: Aerodactyl
|-damage|p1a: Aerodactyl|0 fnt
|faint|p1a: Aerodactyl
|move|p2b: BOLINHA1578|Trick Room|p2b: BOLINHA1578
|-fieldstart|move: Trick Room|[of] p2b: BOLINHA1578
|
|-weather|SunnyDay|[upkeep]
|upkeep
|
|t:|1782328693
|switch|p1a: Milotic|Milotic, L50, M|100/100
|turn|5
|-message|cartulo forfeited.
|
|win|FabioVelho
