|j|☆antopeizYZ
|j|☆StarDoor01
|html|antopeizYZStarDoor01    
|uhtml|bestof|Game 2 of a best-of-3
|t:|1785489310
|gametype|doubles
|player|p1|antopeizYZ|hilda|1189
|player|p2|StarDoor01|265|1240
|gen|9
|tier|[Gen 9 Champions] VGC 2026 Reg M-B (Bo3)
|rated|
|rule|Species Clause: Limit one of each Pokémon
|rule|Item Clause: Limit 1 of each item
|clearpoke
|poke|p1|Hatterene, L50, F, shiny|
|poke|p1|Farigiraf, L50, F|
|poke|p1|Camerupt, L50, M|
|poke|p1|Grimmsnarl, L50, M, shiny|
|poke|p1|Sinistcha, L50|
|poke|p1|Dragalge, L50, F|
|poke|p2|Scovillain, L50, M|
|poke|p2|Sylveon, L50, F|
|poke|p2|Kingambit, L50, F|
|poke|p2|Lycanroc-Dusk, L50, F|
|poke|p2|Basculegion, L50, M|
|poke|p2|Metagross, L50|
|teampreview|4
|showteam|p1|Hatterene||LifeOrb|MagicBounce|DazzlingGleam,TrickRoom,Psychic,Protect|Quiet||F|||50|]Farigiraf||SitrusBerry|ArmorTail|TrickRoom,TwinBeam,Protect,HelpingHand|Relaxed||F|||50|]Camerupt||Cameruptite|SolidRock|AncientPower,HeatWave,EarthPower,Protect|Quiet||M|||50|]Grimmsnarl||LightClay|Prankster|SpiritBreak,Reflect,LightScreen,PartingShot|Sassy||M|||50|]Sinistcha||Leftovers|Hospitality|MatchaGotcha,RagePowder,TrickRoom,Protect|Relaxed|||||50|]Dragalge||Dragalgite|Adaptability|SludgeBomb,DracoMeteor,DragonPulse,Protect|Relaxed||F|||50|
|showteam|p2|Scovillain||Scovillainite|Moody|GigaDrain,Overheat,RagePowder,Protect|Bold||M|||50|]Sylveon||FairyFeather|Pixilate|HyperVoice,HyperBeam,QuickAttack,Detect|Modest||F|||50|]Kingambit||BlackGlasses|Defiant|KowtowCleave,SuckerPunch,SwordsDance,Protect|Adamant||F|||50|]Lycanroc-Dusk||FocusSash|ToughClaws|CloseCombat,Accelerock,RockSlide,Protect|Adamant||F|||50|]Basculegion||SitrusBerry|Adaptability|WaveCrash,LastRespects,AquaJet,Protect|Adamant||M|||50|]Metagross||Metagrossite|ClearBody|PsychicFangs,IcePunch,IronHead,Protect|Jolly|||||50|
|inactive|Battle timer is ON: inactive players will automatically lose when time's up. (requested by antopeizYZ)
|
|t:|1785489330
|teamsize|p1|4
|teamsize|p2|4
|start
|switch|p1a: Sinistcha|Sinistcha, L50|100/100
|switch|p1b: Camerupt|Camerupt, L50, M|100/100
|switch|p2a: Metagross|Metagross, L50|100/100
|switch|p2b: Basculegion|Basculegion, L50, M|100/100
|turn|1
|inactive|antopeizYZ has 30 seconds left.
|inactive|StarDoor01 has 30 seconds left.
|
|t:|1785489364
|detailschange|p2a: Metagross|Metagross-Mega, L50
|-mega|p2a: Metagross|Metagross|Metagrossite
|detailschange|p1b: Camerupt|Camerupt-Mega, L50, M
|-mega|p1b: Camerupt|Camerupt|Cameruptite
|move|p1a: Sinistcha|Rage Powder|p1a: Sinistcha
|-singleturn|p1a: Sinistcha|move: Rage Powder
|move|p2a: Metagross|Ice Punch|p1a: Sinistcha
|-supereffective|p1a: Sinistcha|1
|-damage|p1a: Sinistcha|46/100
|move|p2b: Basculegion|Wave Crash|p1a: Sinistcha
|-resisted|p1a: Sinistcha|1
|-damage|p1a: Sinistcha|14/100
|-damage|p2b: Basculegion|91/100|[from] Recoil
|move|p1b: Camerupt|Heat Wave|p2b: Basculegion|[spread] p2a
|-miss|p1b: Camerupt|p2b: Basculegion
|-supereffective|p2a: Metagross|1
|-damage|p2a: Metagross|0 fnt
|faint|p2a: Metagross
|
|-heal|p1a: Sinistcha|20/100y|[from] item: Leftovers
|upkeep
|
|t:|1785489376
|switch|p2a: Sylveon|Sylveon, L50, F|100/100
|turn|2
|
|t:|1785489402
|move|p2b: Basculegion|Protect|p2b: Basculegion
|-singleturn|p2b: Basculegion|Protect
|move|p1a: Sinistcha|Protect|p1a: Sinistcha
|-singleturn|p1a: Sinistcha|Protect
|move|p1b: Camerupt|Protect|p1b: Camerupt
|-singleturn|p1b: Camerupt|Protect
|move|p2a: Sylveon|Hyper Voice|p1b: Camerupt|[spread] 
|-activate|p1a: Sinistcha|move: Protect
|-activate|p1b: Camerupt|move: Protect
|
|-heal|p1a: Sinistcha|26/100|[from] item: Leftovers
|upkeep
|turn|3
|
|t:|1785489427
|switch|p1b: Farigiraf|Farigiraf, L50, F|100/100
|move|p1a: Sinistcha|Rage Powder|p1a: Sinistcha
|-singleturn|p1a: Sinistcha|move: Rage Powder
|move|p2b: Basculegion|Last Respects|p1a: Sinistcha
|-supereffective|p1a: Sinistcha|1
|-damage|p1a: Sinistcha|0 fnt
|faint|p1a: Sinistcha
|move|p2a: Sylveon|Hyper Voice|p1b: Farigiraf
|-damage|p1b: Farigiraf|50/100g
|
|upkeep
|
|t:|1785489439
|switch|p1a: Hatterene|Hatterene, L50, F, shiny|100/100
|turn|4
|inactive|StarDoor01 has 30 seconds left.
|
|t:|1785489470
|move|p1a: Hatterene|Protect|p1a: Hatterene
|-singleturn|p1a: Hatterene|Protect
|move|p2b: Basculegion|Last Respects|p1a: Hatterene
|-activate|p1a: Hatterene|move: Protect
|move|p2a: Sylveon|Hyper Beam|p1b: Farigiraf
|-damage|p1b: Farigiraf|0 fnt
|-mustrecharge|p2a: Sylveon
|faint|p1b: Farigiraf
|
|upkeep
|
|t:|1785489477
|switch|p1b: Camerupt|Camerupt-Mega, L50, M|100/100
|turn|5
|
|t:|1785489486
|move|p1b: Camerupt|Protect|p1b: Camerupt
|-singleturn|p1b: Camerupt|Protect
|move|p2b: Basculegion|Last Respects|p1a: Hatterene
|-supereffective|p1a: Hatterene|1
|-damage|p1a: Hatterene|0 fnt
|faint|p1a: Hatterene
|cant|p2a: Sylveon|recharge
|
|upkeep
|turn|6
|-message|antopeizYZ forfeited.
|
|win|StarDoor01
|raw|antopeizYZ's rating: 1189 → 1168(-21 for losing)
|raw|StarDoor01's rating: 1240 → 1261(+21 for winning)
|l|☆antopeizYZ
|player|p1|
