|j|☆TMJS01
|j|☆doorbag
|html|TMJS01doorbag    
|uhtml|bestof|Game 1 of a best-of-3
|t:|1782526804
|gametype|doubles
|player|p1|TMJS01|unknown|1392
|player|p2|doorbag|1|1276
|gen|9
|tier|[Gen 9 Champions] VGC 2026 Reg M-B (Bo3)
|rated|
|rule|Species Clause: Limit one of each Pokémon
|rule|Item Clause: Limit 1 of each item
|clearpoke
|poke|p1|Sinistcha, L50|
|poke|p1|Incineroar, L50, F|
|poke|p1|Garchomp, L50, M|
|poke|p1|Floette-Eternal, L50, F|
|poke|p1|Delphox, L50, F|
|poke|p1|Kingambit, L50, F|
|poke|p2|Maushold-Four, L50|
|poke|p2|Staraptor, L50, F|
|poke|p2|Incineroar, L50, F|
|poke|p2|Sinistcha, L50|
|poke|p2|Ceruledge, L50, F|
|poke|p2|Tsareena, L50, F|
|teampreview|4
|showteam|p1|Sinistcha||KasibBerry|Hospitality|MatchaGotcha,RagePowder,TrickRoom,LifeDew|Relaxed|||||50|]Incineroar||ChopleBerry|Intimidate|ThroatChop,FlareBlitz,PartingShot,FakeOut|Impish||F|||50|]Garchomp||LifeOrb|RoughSkin|ScaleShot,StompingTantrum,Protect,RockTomb|Jolly||M|||50|]Floette-Eternal||Floettite|FlowerVeil|Protect,CalmMind,Moonblast,DazzlingGleam|Modest||F|||50|]Delphox||Delphoxite|Blaze|NastyPlot,HeatWave,Psyshock,Protect|Timid||F|||50|]Kingambit||FocusSash|Defiant|SuckerPunch,IronHead,KowtowCleave,LowKick|Brave||F|||50|
|showteam|p2|Maushold-Four||FocusSash|FriendGuard|FollowMe,Charm,SunnyDay,Protect|Timid|||||50|]Staraptor||Staraptite|Intimidate|CloseCombat,BraveBird,Roost,Protect|Jolly||F|||50|]Incineroar||SitrusBerry|Intimidate|FakeOut,FlareBlitz,ThroatChop,PartingShot|Relaxed||F|||50|]Sinistcha||ColburBerry|Hospitality|RagePowder,MatchaGotcha,LifeDew,Protect|Bold|||||50|]Ceruledge||KasibBerry|FlashFire|SwordsDance,BitterBlade,ShadowSneak,Protect|Adamant||F|||50|]Tsareena||WideLens|QueenlyMajesty|PowerWhip,TripleAxel,HighJumpKick,Protect|Jolly||F|||50|
|inactive|Battle timer is ON: inactive players will automatically lose when time's up. (requested by TMJS01)
|
|t:|1782526826
|teamsize|p1|4
|teamsize|p2|4
|start
|switch|p1a: Floette|Floette-Eternal, L50, F|100/100
|switch|p1b: Incineroar|Incineroar, L50, F|100/100
|switch|p2a: Ceruledge|Ceruledge, L50, F|100/100
|switch|p2b: Incineroar|Incineroar, L50, F|100/100
|-ability|p1b: Incineroar|Intimidate|boost
|-unboost|p2a: Ceruledge|atk|1
|-unboost|p2b: Incineroar|atk|1
|-ability|p2b: Incineroar|Intimidate|boost
|-unboost|p1a: Floette|atk|1
|-unboost|p1b: Incineroar|atk|1
|turn|1
|
|t:|1782526843
|detailschange|p1a: Floette|Floette-Mega, L50, F
|-mega|p1a: Floette|Floette|Floettite
|-ability|p1a: Floette|Fairy Aura
|move|p2b: Incineroar|Fake Out|p1a: Floette
|-damage|p1a: Floette|92/100
|cant|p1a: Floette|flinch
|move|p2a: Ceruledge|Swords Dance|p2a: Ceruledge
|-boost|p2a: Ceruledge|atk|2
|move|p1b: Incineroar|Throat Chop|p2a: Ceruledge
|-supereffective|p2a: Ceruledge|1
|-damage|p2a: Ceruledge|52/100
|-start|p2a: Ceruledge|Throat Chop|[silent]
|
|upkeep
|turn|2
|inactive|doorbag has 30 seconds left.
|
|t:|1782526869
|move|p1a: Floette|Protect|p1a: Floette
|-singleturn|p1a: Floette|Protect
|move|p2a: Ceruledge|Protect|p2a: Ceruledge
|-singleturn|p2a: Ceruledge|Protect
|move|p1b: Incineroar|Throat Chop|p2b: Incineroar
|-resisted|p2b: Incineroar|1
|-damage|p2b: Incineroar|92/100
|-start|p2b: Incineroar|Throat Chop|[silent]
|cant|p2b: Incineroar|move: Throat Chop
|
|-end|p2a: Ceruledge|Throat Chop|[silent]
|upkeep
|turn|3
|
|t:|1782526879
|switch|p2b: Sinistcha|Sinistcha, L50|100/100
|-heal|p2a: Ceruledge|77/100|[from] ability: Hospitality|[of] p2b: Sinistcha
|move|p1a: Floette|Moonblast|p2b: Sinistcha
|-damage|p2b: Sinistcha|14/100
|move|p2a: Ceruledge|Bitter Blade|p1a: Floette
|-damage|p1a: Floette|24/100
|-heal|p2a: Ceruledge|100/100|[from] drain|[of] p1a: Floette
|move|p1b: Incineroar|Throat Chop|p2a: Ceruledge
|-supereffective|p2a: Ceruledge|1
|-damage|p2a: Ceruledge|53/100
|-start|p2a: Ceruledge|Throat Chop|[silent]
|
|upkeep
|turn|4
|
|t:|1782526902
|switch|p2b: Incineroar|Incineroar, L50, F|92/100
|-ability|p2b: Incineroar|Intimidate|boost
|-unboost|p1a: Floette|atk|1
|-unboost|p1b: Incineroar|atk|1
|switch|p1b: Sinistcha|Sinistcha, L50|100/100
|-heal|p1a: Floette|49/100|[from] ability: Hospitality|[of] p1b: Sinistcha
|move|p2a: Ceruledge|Protect|p2a: Ceruledge
|-singleturn|p2a: Ceruledge|Protect
|move|p1a: Floette|Dazzling Gleam|p2a: Ceruledge|[spread] p2b
|-activate|p2a: Ceruledge|move: Protect
|-damage|p2b: Incineroar|52/100
|
|-end|p2a: Ceruledge|Throat Chop|[silent]
|upkeep
|turn|5
|
|t:|1782526925
|switch|p1b: Kingambit|Kingambit, L50, F|100/100
|move|p1a: Floette|Moonblast|p2b: Incineroar
|-damage|p2b: Incineroar|0 fnt
|faint|p2b: Incineroar
|move|p2a: Ceruledge|Swords Dance|p2a: Ceruledge
|-boost|p2a: Ceruledge|atk|2
|
|upkeep
|
|t:|1782526939
|switch|p2b: Sinistcha|Sinistcha, L50|14/100
|-heal|p2a: Ceruledge|78/100|[from] ability: Hospitality|[of] p2b: Sinistcha
|turn|6
|inactive|doorbag has 30 seconds left.
|
|t:|1782526970
|move|p1a: Floette|Dazzling Gleam|p2a: Ceruledge|[spread] p2a,p2b
|-resisted|p2a: Ceruledge|1
|-damage|p2a: Ceruledge|53/100
|-damage|p2b: Sinistcha|0 fnt
|faint|p2b: Sinistcha
|move|p2a: Ceruledge|Bitter Blade|p1b: Kingambit
|-supereffective|p1b: Kingambit|1
|-enditem|p1b: Kingambit|Focus Sash
|-damage|p1b: Kingambit|1/100
|-heal|p2a: Ceruledge|100/100|[from] drain|[of] p1b: Kingambit
|move|p1b: Kingambit|Kowtow Cleave|p2a: Ceruledge
|-supereffective|p2a: Ceruledge|1
|-damage|p2a: Ceruledge|0 fnt
|faint|p2a: Ceruledge
|
|upkeep
|-message|doorbag forfeited.
|
|win|TMJS01
|l|☆doorbag
|player|p2|
||doorbag is ready for game 2.
||TMJS01 is ready for game 2.
|uhtml|next|Next: Game 2 of 3
|l|☆TMJS01
|player|p1|
|j|☆TMJS01
|player|p1|TMJS01|unknown|
