|j|☆miraai1
|j|☆azulite_poke
|html|miraai1azulite_poke    
|uhtml|bestof|Game 1 of a best-of-3
|t:|1784401394
|gametype|doubles
|player|p1|miraai1|caitlin|
|player|p2|azulite_poke|#smogonxnpa2026draftee|
|gen|9
|tier|[Gen 9 Champions] VGC 2026 Reg M-B (Bo3)
|rule|Species Clause: Limit one of each Pokémon
|rule|Item Clause: Limit 1 of each item
|clearpoke
|poke|p1|Aerodactyl, L50, M|
|poke|p1|Metagross, L50, shiny|
|poke|p1|Kommo-o, L50, F|
|poke|p1|Kingambit, L50, M|
|poke|p1|Basculegion, L50, M|
|poke|p1|Sneasler, L50, M|
|poke|p2|Kingambit, L50, M|
|poke|p2|Froslass, L50, F|
|poke|p2|Basculegion, L50, M|
|poke|p2|Scovillain, L50, M, shiny|
|poke|p2|Lycanroc-Dusk, L50, M|
|poke|p2|Sneasler, L50, F|
|teampreview|4
|showteam|p1|Aerodactyl||Aerodactylite|Unnerve|RockSlide,DualWingbeat,Tailwind,WideGuard|Jolly||M|||50|]Metagross||Metagrossite|ClearBody|PsychicFangs,BulletPunch,Protect,IcePunch|Jolly|||||50|]Kommo-o||LifeOrb|Overcoat|AuraSphere,VacuumWave,ClangingScales,Protect|Modest||F|||50|]Kingambit||BlackGlasses|Defiant|IronHead,SuckerPunch,KowtowCleave,Protect|Adamant||M|||50|]Basculegion||ChoiceScarf|Adaptability|WaveCrash,FlipTurn,LastRespects,AquaJet|Jolly||M|||50|]Sneasler||FocusSash|PoisonTouch|PoisonJab,RockTomb,CloseCombat,FakeOut|Jolly||M|||50|
|showteam|p2|Kingambit||LifeOrb|Defiant|KowtowCleave,SuckerPunch,SwordsDance,Protect|Adamant||M|||50|]Froslass||Froslassite|CursedBody|Blizzard,ShadowBall,AuroraVeil,Protect|Timid||F|||50|]Basculegion||SitrusBerry|Adaptability|WaveCrash,LastRespects,AquaJet,Protect|Adamant||M|||50|]Scovillain||Scovillainite|Moody|Overheat,GigaDrain,RagePowder,Protect|Bold||M|||50|]Lycanroc-Dusk||FocusSash|ToughClaws|RockSlide,CloseCombat,Accelerock,Protect|Adamant||M|||50|]Sneasler||WhiteHerb|Unburden|CloseCombat,GunkShot,FakeOut,Protect|Adamant||F|||50|
|c|☆azulite_poke|sending links
|j| Axior
|c|☆miraai1|same
|c|☆miraai1|glhf
|j| NJ11VGC
|c|☆azulite_poke|u2
|l| NJ11VGC
|j| DarkJorch
|j| FBISurveillanceMan
|j| hhomashonami
|j| A Regu1ar Guy
|j| baaaaat_
|j| chicago pkm
|j| Finabas
|j| TabuVGC
|n| coachfiivee|chicagopkm
|j| Triir
|l| coachfiivee
|j| jmodri
|j| coachfiivee
|l| A Regu1ar Guy
|l| DarkJorch
|l| hhomashonami
|
|t:|1784401548
|teamsize|p1|4
|teamsize|p2|4
|start
|switch|p1a: Sneasler|Sneasler, L50, M|100/100
|switch|p1b: Basculegion|Basculegion, L50, M|100/100
|switch|p2a: Scovillain|Scovillain, L50, M, shiny|100/100
|switch|p2b: Basculegion|Basculegion, L50, M|100/100
|turn|1
|
|t:|1784401577
|switch|p1b: Kommo-o|Kommo-o, L50, F|100/100
|move|p2a: Scovillain|Protect|p2a: Scovillain
|-singleturn|p2a: Scovillain|Protect
|move|p1a: Sneasler|Poison Jab|p2b: Basculegion
|-resisted|p2b: Basculegion|1
|-crit|p2b: Basculegion
|-damage|p2b: Basculegion|69/100
|move|p2b: Basculegion|Wave Crash|p1a: Sneasler
|-crit|p1a: Sneasler
|-enditem|p1a: Sneasler|Focus Sash
|-damage|p1a: Sneasler|1/100
|-damage|p2b: Basculegion|46/100|[from] Recoil
|-enditem|p2b: Basculegion|Sitrus Berry|[eat]
|-heal|p2b: Basculegion|70/100|[from] item: Sitrus Berry
|
|-ability|p2a: Scovillain|Moody|boost
|-boost|p2a: Scovillain|spd|2
|-unboost|p2a: Scovillain|spe|1
|upkeep
|turn|2
|j| A Regu1ar Guy
|
|t:|1784401609
|detailschange|p2a: Scovillain|Scovillain-Mega, L50, M, shiny
|-mega|p2a: Scovillain|Scovillain|Scovillainite
|move|p2b: Basculegion|Aqua Jet|p1a: Sneasler
|-damage|p1a: Sneasler|0 fnt
|faint|p1a: Sneasler
|move|p1b: Kommo-o|Clanging Scales|p2b: Basculegion|[spread] p2a,p2b
|-damage|p2a: Scovillain|74/100
|-damage|p2b: Basculegion|16/100
|-status|p1b: Kommo-o|brn|[from] ability: Spicy Spray|[of] p2a: Scovillain
|-unboost|p1b: Kommo-o|def|1
|-damage|p1b: Kommo-o|90/100 brn|[from] item: Life Orb
|move|p2a: Scovillain|Giga Drain|p1b: Kommo-o
|-resisted|p1b: Kommo-o|1
|-damage|p1b: Kommo-o|69/100 brn
|-heal|p2a: Scovillain|83/100|[from] drain|[of] p1b: Kommo-o
|
|-damage|p1b: Kommo-o|63/100 brn|[from] brn
|upkeep
|j|+Radio Free C-Side
|l| FBISurveillanceMan
|j| Code
|
|t:|1784401636
|switch|p1a: Basculegion|Basculegion, L50, M|100/100
|turn|3
|
|t:|1784401646
|switch|p1a: Aerodactyl|Aerodactyl, L50, M|100/100
|-ability|p1a: Aerodactyl|Unnerve
|move|p2a: Scovillain|Protect|p2a: Scovillain
|-singleturn|p2a: Scovillain|Protect
|move|p2b: Basculegion|Aqua Jet|p1b: Kommo-o
|-resisted|p1b: Kommo-o|1
|-damage|p1b: Kommo-o|46/100 brn
|move|p1b: Kommo-o|Clanging Scales|p2b: Basculegion|[spread] p2b
|-activate|p2a: Scovillain|move: Protect
|-damage|p2b: Basculegion|0 fnt
|faint|p2b: Basculegion
|-unboost|p1b: Kommo-o|def|1
|-damage|p1b: Kommo-o|36/100 brn|[from] item: Life Orb
|
|-damage|p1b: Kommo-o|30/100 brn|[from] brn
|upkeep
|
|t:|1784401656
|switch|p2b: Kingambit|Kingambit, L50, M|100/100
|turn|4
|j| DarkJorch
|
|t:|1784401678
|detailschange|p1a: Aerodactyl|Aerodactyl-Mega, L50, M
|-mega|p1a: Aerodactyl|Aerodactyl|Aerodactylite
|move|p1b: Kommo-o|Vacuum Wave|p2b: Kingambit
|-supereffective|p2b: Kingambit|2
|-damage|p2b: Kingambit|0 fnt
|faint|p2b: Kingambit
|-damage|p1b: Kommo-o|20/100y brn|[from] item: Life Orb
|move|p1a: Aerodactyl|Dual Wingbeat|p2a: Scovillain
|-supereffective|p2a: Scovillain|1
|-damage|p2a: Scovillain|34/100
|-status|p1a: Aerodactyl|brn|[from] ability: Spicy Spray|[of] p2a: Scovillain
|-supereffective|p2a: Scovillain|1
|-crit|p2a: Scovillain
|-damage|p2a: Scovillain|0 fnt
|faint|p2a: Scovillain
|-hitcount|p2: Scovillain|2
|
|-damage|p1a: Aerodactyl|93/100 brn|[from] brn
|-damage|p1b: Kommo-o|14/100 brn|[from] brn
|upkeep
|j| FBISurveillanceMan
|
|t:|1784401687
|switch|p2b: Sneasler|Sneasler, L50, F|100/100
|turn|5
|
|t:|1784401703
|move|p1a: Aerodactyl|Dual Wingbeat|p2b: Sneasler
|-supereffective|p2b: Sneasler|1
|-damage|p2b: Sneasler|70/100
|-supereffective|p2b: Sneasler|1
|-damage|p2b: Sneasler|39/100
|-hitcount|p2b: Sneasler|2
|move|p2b: Sneasler|Close Combat|p1a: Aerodactyl
|-damage|p1a: Aerodactyl|34/100 brn
|-unboost|p2b: Sneasler|def|1
|-unboost|p2b: Sneasler|spd|1
|-enditem|p2b: Sneasler|White Herb
|-clearnegativeboost|p2b: Sneasler|[silent]
|move|p1b: Kommo-o|Clanging Scales|p2b: Sneasler
|-damage|p2b: Sneasler|0 fnt
|faint|p2b: Sneasler
|-damage|p1b: Kommo-o|4/100 brn|[from] item: Life Orb
|
|win|miraai1
|inactive|miraai1 has 30 seconds to confirm battle start!
|inactive|azulite_poke has 30 seconds to confirm battle start!
||miraai1 is ready for game 2.
||azulite_poke is ready for game 2.
|uhtml|next|Next: Game 2 of 3
|l|+Radio Free C-Side
|j| frostvg
|j| YOASOBI stan
|l| Finabas
|j| Finabas
|j| xmarsh
|l| xmarsh
|l| jmodri
|l| frostvg
|j| thebusinesspiggy2
|l| coachfiivee
|l| Triir
|l| Finabas
|l| FBISurveillanceMan
|l| Axior
|l|☆azulite_poke
|player|p2|
|j| Clipperz
|l| YOASOBI stan
|l| DarkJorch
|j| larperwatchparty
|l| A Regu1ar Guy
|l| larperwatchparty
|l| Clipperz
|l| thebusinesspiggy2
|j| MajorStar
|l| Code
|j| beben la lechee
|j| tryingsomethingnew
|j| timcheesevgc
|j| DubiousVGC
|l| DubiousVGC
|l| beben la lechee
|l| timcheesevgc
|l| tryingsomethingnew
|j|+Nails
