|j|☆SP1R1T_41
|j|☆FunkleVGC
|html|SP1R1T_41FunkleVGC    
|uhtml|bestof|Game 3 of a best-of-3
|t:|1784231855
|gametype|doubles
|player|p1|SP1R1T_41|101|1062
|player|p2|FunkleVGC|fisherman-gen4|1088
|gen|9
|tier|[Gen 9 Champions] VGC 2026 Reg M-B (Bo3)
|rated|
|rule|Species Clause: Limit one of each Pokémon
|rule|Item Clause: Limit 1 of each item
|clearpoke
|poke|p1|Froslass, L50, F|
|poke|p1|Scovillain, L50, F|
|poke|p1|Basculegion, L50, M|
|poke|p1|Kingambit, L50, M|
|poke|p1|Sneasler, L50, F|
|poke|p1|Lycanroc-Dusk, L50, M|
|poke|p2|Grimmsnarl, L50, M|
|poke|p2|Gholdengo, L50, shiny|
|poke|p2|Tyranitar, L50, M|
|poke|p2|Garchomp, L50, F|
|poke|p2|Scovillain, L50, F, shiny|
|poke|p2|Rotom-Wash, L50|
|teampreview|4
|showteam|p1|Froslass||Froslassite|SnowCloak|Blizzard,ShadowBall,AuroraVeil,Protect|Timid||F|||50|]Scovillain||Scovillainite|Chlorophyll|GigaDrain,Overheat,RagePowder,Protect|Bold||F|||50|]Basculegion||SitrusBerry|Adaptability|WaveCrash,LastRespects,AquaJet,Protect|Adamant||M|||50|]Kingambit||LifeOrb|Defiant|KowtowCleave,SuckerPunch,SwordsDance,Protect|Adamant||M|||50|]Sneasler||WhiteHerb|Unburden|CloseCombat,DireClaw,Protect,FakeOut|Adamant||F|||50|]Lycanroc-Dusk||FocusSash|ToughClaws|CloseCombat,Accelerock,RockSlide,Protect|Adamant||M|||50|
|showteam|p2|Grimmsnarl||LightClay|Prankster|SpiritBreak,Reflect,LightScreen,PartingShot|Careful||M|||50|]Gholdengo||Leftovers|GoodasGold|MakeItRain,ShadowBall,NastyPlot,Protect|Modest|||||50|]Tyranitar||Tyranitarite|SandStream|RockSlide,KnockOff,LowKick,Protect|Adamant||M|||50|]Garchomp||LifeOrb|RoughSkin|DragonClaw,Earthquake,StompingTantrum,Protect|Jolly||F|||50|]Scovillain||Scovillainite|Moody|Flamethrower,LeechSeed,RagePowder,Protect|Bold||F|||50|]Rotom-Wash||SitrusBerry|Levitate|HydroPump,Thunderbolt,WillOWisp,Protect|Bold|||||50|
|inactive|Battle timer is ON: inactive players will automatically lose when time's up. (requested by SP1R1T_41)
|inactive|SP1R1T_41 has 60 seconds left.
|
|t:|1784231895
|teamsize|p1|4
|teamsize|p2|4
|start
|switch|p1a: Scovillain|Scovillain, L50, F|100/100
|switch|p1b: Sneasler|Sneasler, L50, F|100/100
|switch|p2a: Garchomp|Garchomp, L50, F|100/100
|switch|p2b: Rotom|Rotom-Wash, L50|100/100
|turn|1
|
|t:|1784231909
|detailschange|p1a: Scovillain|Scovillain-Mega, L50, F
|-mega|p1a: Scovillain|Scovillain|Scovillainite
|move|p2a: Garchomp|Protect|p2a: Garchomp
|-singleturn|p2a: Garchomp|Protect
|move|p1b: Sneasler|Fake Out|p2a: Garchomp
|-activate|p2a: Garchomp|move: Protect
|move|p2b: Rotom|Hydro Pump|p1a: Scovillain
|-damage|p1a: Scovillain|57/100
|-status|p2b: Rotom|brn|[from] ability: Spicy Spray|[of] p1a: Scovillain
|move|p1a: Scovillain|Giga Drain|p2b: Rotom
|-supereffective|p2b: Rotom|1
|-damage|p2b: Rotom|25/100 brn
|-heal|p1a: Scovillain|91/100|[from] drain|[of] p2b: Rotom
|-enditem|p2b: Rotom|Sitrus Berry|[eat]
|-heal|p2b: Rotom|50/100g brn|[from] item: Sitrus Berry
|
|-damage|p2b: Rotom|44/100 brn|[from] brn
|upkeep
|turn|2
|inactive|SP1R1T_41 has 30 seconds left.
|
|t:|1784231937
|move|p1b: Sneasler|Protect|p1b: Sneasler
|-singleturn|p1b: Sneasler|Protect
|move|p2a: Garchomp|Earthquake|p1a: Scovillain|[spread] p1a
|-activate|p1b: Sneasler|move: Protect
|-immune|p2b: Rotom|[from] ability: Levitate
|-damage|p1a: Scovillain|43/100
|-status|p2a: Garchomp|brn|[from] ability: Spicy Spray|[of] p1a: Scovillain
|-damage|p2a: Garchomp|90/100 brn|[from] item: Life Orb
|move|p2b: Rotom|Hydro Pump|p1a: Scovillain
|-damage|p1a: Scovillain|1/100
|move|p1a: Scovillain|Giga Drain|p2a: Garchomp
|-damage|p2a: Garchomp|52/100 brn
|-heal|p1a: Scovillain|20/100y|[from] drain|[of] p2a: Garchomp
|
|-damage|p2a: Garchomp|47/100 brn|[from] brn
|-damage|p2b: Rotom|39/100 brn|[from] brn
|upkeep
|turn|3
|inactive|SP1R1T_41 has 30 seconds left.
|inactive|SP1R1T_41 has 20 seconds left.
|
|t:|1784231976
|move|p1a: Scovillain|Protect|p1a: Scovillain
|-singleturn|p1a: Scovillain|Protect
|move|p1b: Sneasler|Close Combat|p2a: Garchomp
|-damage|p2a: Garchomp|0 fnt
|-unboost|p1b: Sneasler|def|1
|-unboost|p1b: Sneasler|spd|1
|-damage|p1b: Sneasler|87/100|[from] ability: Rough Skin|[of] p2a: Garchomp
|faint|p2a: Garchomp
|-enditem|p1b: Sneasler|White Herb
|-clearnegativeboost|p1b: Sneasler|[silent]
|move|p2b: Rotom|Will-O-Wisp|p1b: Sneasler
|-status|p1b: Sneasler|brn
|
|-damage|p1b: Sneasler|82/100 brn|[from] brn
|-damage|p2b: Rotom|33/100 brn|[from] brn
|upkeep
|
|t:|1784231992
|switch|p2a: Grimmsnarl|Grimmsnarl, L50, M|100/100
|turn|4
|inactive|SP1R1T_41 has 30 seconds left.
|
|t:|1784232019
|move|p2a: Grimmsnarl|Reflect|p2a: Grimmsnarl
|-sidestart|p2: FunkleVGC|Reflect
|move|p1b: Sneasler|Dire Claw|p2a: Grimmsnarl
|-supereffective|p2a: Grimmsnarl|1
|-damage|p2a: Grimmsnarl|69/100
|move|p2b: Rotom|Hydro Pump|p1a: Scovillain
|-damage|p1a: Scovillain|0 fnt
|faint|p1a: Scovillain
|
|-damage|p1b: Sneasler|76/100 brn|[from] brn
|-damage|p2b: Rotom|27/100 brn|[from] brn
|upkeep
|
|t:|1784232034
|switch|p1a: Basculegion|Basculegion, L50, M|100/100
|turn|5
|
|t:|1784232051
|move|p1a: Basculegion|Protect|p1a: Basculegion
|-singleturn|p1a: Basculegion|Protect
|move|p2a: Grimmsnarl|Parting Shot|p1a: Basculegion
|-activate|p1a: Basculegion|move: Protect
|move|p1b: Sneasler|Dire Claw|p2a: Grimmsnarl
|-supereffective|p2a: Grimmsnarl|1
|-damage|p2a: Grimmsnarl|37/100
|-status|p2a: Grimmsnarl|slp
|move|p2b: Rotom|Will-O-Wisp|p1a: Basculegion
|-activate|p1a: Basculegion|move: Protect
|
|-damage|p1b: Sneasler|70/100 brn|[from] brn
|-damage|p2b: Rotom|21/100 brn|[from] brn
|upkeep
|turn|6
|c|☆FunkleVGC|dude
|inactive|SP1R1T_41 has 30 seconds left.
|
|t:|1784232076
|move|p1a: Basculegion|Aqua Jet|p2a: Grimmsnarl
|-damage|p2a: Grimmsnarl|17/100 slp
|cant|p2a: Grimmsnarl|slp
|move|p1b: Sneasler|Dire Claw|p2b: Rotom
|-damage|p2b: Rotom|8/100 brn
|move|p2b: Rotom|Will-O-Wisp|p1a: Basculegion
|-status|p1a: Basculegion|brn
|
|-damage|p1b: Sneasler|64/100 brn|[from] brn
|-damage|p1a: Basculegion|93/100 brn|[from] brn
|-damage|p2b: Rotom|3/100 brn|[from] brn
|upkeep
|turn|7
|
|t:|1784232092
|move|p1a: Basculegion|Aqua Jet|p2b: Rotom
|-resisted|p2b: Rotom|1
|-damage|p2b: Rotom|0 fnt
|faint|p2b: Rotom
|cant|p2a: Grimmsnarl|slp
|move|p1b: Sneasler|Dire Claw|p2a: Grimmsnarl
|-supereffective|p2a: Grimmsnarl|1
|-damage|p2a: Grimmsnarl|0 fnt
|-fail|p2a: Grimmsnarl
|faint|p2a: Grimmsnarl
|
|-damage|p1b: Sneasler|59/100 brn|[from] brn
|-damage|p1a: Basculegion|87/100 brn|[from] brn
|upkeep
|
|t:|1784232101
|switch|p2b: Tyranitar|Tyranitar, L50, M|100/100
|-weather|Sandstorm|[from] ability: Sand Stream|[of] p2b: Tyranitar
|turn|8
|
|t:|1784232106
|detailschange|p2b: Tyranitar|Tyranitar-Mega, L50, M
|-mega|p2b: Tyranitar|Tyranitar|Tyranitarite
|move|p1b: Sneasler|Close Combat|p2b: Tyranitar
|-supereffective|p2b: Tyranitar|2
|-damage|p2b: Tyranitar|41/100
|-unboost|p1b: Sneasler|def|1
|-unboost|p1b: Sneasler|spd|1
|move|p1a: Basculegion|Wave Crash|p2b: Tyranitar
|-supereffective|p2b: Tyranitar|1
|-damage|p2b: Tyranitar|4/100
|-damage|p1a: Basculegion|75/100 brn|[from] Recoil
|move|p2b: Tyranitar|Knock Off|p1a: Basculegion
|-supereffective|p1a: Basculegion|1
|-damage|p1a: Basculegion|0 fnt
|-enditem|p1a: Basculegion|Sitrus Berry|[from] move: Knock Off|[of] p2b: Tyranitar
|faint|p1a: Basculegion
|
|-weather|Sandstorm|[upkeep]
|-damage|p1b: Sneasler|53/100 brn|[from] Sandstorm
|-damage|p1b: Sneasler|47/100 brn|[from] brn
|upkeep
|
|t:|1784232115
|switch|p1a: Lycanroc|Lycanroc-Dusk, L50, M|100/100
|turn|9
|c|☆FunkleVGC|so luckt
|-message|FunkleVGC forfeited.
|
|win|SP1R1T_41
|raw|SP1R1T_41's rating: 1062 → 1095(+33 for winning)
|raw|FunkleVGC's rating: 1088 → 1063(-25 for losing)
