|j|☆pink spoon
|j|☆CrawlingKingSnake
|html|pink spoonCrawlingKingSnake    
|uhtml|bestof|Game 1 of a best-of-3
|t:|1784833158
|gametype|doubles
|player|p1|pink spoon|parasollady|1145
|player|p2|CrawlingKingSnake|kamado-armor|1000
|gen|9
|tier|[Gen 9 Champions] VGC 2026 Reg M-B (Bo3)
|rated|
|rule|Species Clause: Limit one of each Pokémon
|rule|Item Clause: Limit 1 of each item
|clearpoke
|poke|p1|Floette-Eternal, L50, F|
|poke|p1|Ceruledge, L50, M|
|poke|p1|Tsareena, L50, F|
|poke|p1|Samurott-Hisui, L50, M|
|poke|p1|Sneasler, L50, M|
|poke|p1|Raichu, L50, M|
|poke|p2|Floette-Eternal, L50, F|
|poke|p2|Palafin, L50, F, shiny|
|poke|p2|Incineroar, L50, M|
|poke|p2|Toxapex, L50, M|
|poke|p2|Delphox, L50, F|
|poke|p2|Kingambit, L50, F|
|teampreview|4
|showteam|p1|Floette-Eternal||Floettite|FlowerVeil|Moonblast,LightofRuin,DazzlingGleam,Protect|Timid||F|||50|]Ceruledge||LifeOrb|FlashFire|Poltergeist,BitterBlade,ShadowSneak,Protect|Adamant||M|||50|]Tsareena||WideLens|QueenlyMajesty|PowerWhip,TripleAxel,LowKick,Protect|Jolly||F|||50|]Samurott-Hisui||SitrusBerry|Sharpness|NightSlash,AquaCutter,SacredSword,Detect|Adamant||M|||50|]Sneasler||WhiteHerb|Unburden|CloseCombat,DireClaw,Coaching,Protect|Jolly||M|||50|]Raichu||RaichuniteY|Static|ZapCannon,FocusBlast,FakeOut,Protect|Hasty||M|||50|
|showteam|p2|Floette-Eternal||Floettite|FlowerVeil|DazzlingGleam,DrainingKiss,CalmMind,Protect|Modest||F|||50|]Palafin||LifeOrb|ZerotoHero|WaveCrash,JetPunch,CloseCombat,Protect|Adamant||F|||50|]Incineroar||SitrusBerry|Intimidate|FlareBlitz,FakeOut,DarkestLariat,PartingShot|Careful||M|||50|]Toxapex||Leftovers|Regenerator|Infestation,Toxic,WideGuard,BanefulBunker|Bold||M|||50|]Delphox||Delphoxite|Blaze|HeatWave,Psychic,NastyPlot,Protect|Timid||F|||50|]Kingambit||FocusSash|Defiant|KowtowCleave,SuckerPunch,IronHead,LowKick|Adamant||F|||50|
|inactive|Battle timer is ON: inactive players will automatically lose when time's up. (requested by CrawlingKingSnake)
|inactive|pink spoon has 60 seconds left.
|inactive|CrawlingKingSnake has 60 seconds left.
|inactive|pink spoon has 30 seconds left.
|inactive|CrawlingKingSnake has 30 seconds left.
|
|t:|1784833231
|teamsize|p1|4
|teamsize|p2|4
|start
|switch|p1a: Ceruledge|Ceruledge, L50, M|100/100
|switch|p1b: Sneasler|Sneasler, L50, M|100/100
|switch|p2a: Palafin|Palafin, L50, F, shiny|100/100
|switch|p2b: Delphox|Delphox, L50, F|100/100
|turn|1
|inactive|pink spoon has 30 seconds left.
|inactive|CrawlingKingSnake has 30 seconds left.
|inactive|pink spoon has 20 seconds left.
|inactive|CrawlingKingSnake has 20 seconds left.
|inactive|pink spoon has 15 seconds left.
|inactive|pink spoon has 10 seconds left.
|
|t:|1784833284
|switch|p1b: Samurott|Samurott-Hisui, L50, M|100/100
|detailschange|p2a: Palafin|Palafin-Hero, L50, F, shiny
|switch|p2a: Toxapex|Toxapex, L50, M|100/100
|detailschange|p2b: Delphox|Delphox-Mega, L50, F
|-mega|p2b: Delphox|Delphox|Delphoxite
|move|p2b: Delphox|Protect|p2b: Delphox
|-singleturn|p2b: Delphox|Protect
|move|p1a: Ceruledge|Protect||[still]
|-fail|p1a: Ceruledge
|
|upkeep
|turn|2
|inactive|CrawlingKingSnake has 30 seconds left.
|inactive|CrawlingKingSnake has 20 seconds left.
|
|t:|1784833319
|switch|p2b: Kingambit|Kingambit, L50, F|100/100
|move|p1a: Ceruledge|Poltergeist|p2b: Kingambit|[miss]
|-miss|p1a: Ceruledge|p2b: Kingambit
|move|p1b: Samurott|Sacred Sword|p2b: Kingambit
|-supereffective|p2b: Kingambit|2
|-enditem|p2b: Kingambit|Focus Sash
|-damage|p2b: Kingambit|1/100
|move|p2a: Toxapex|Toxic|p1a: Ceruledge
|-status|p1a: Ceruledge|tox
|
|-damage|p1a: Ceruledge|94/100 tox|[from] psn
|upkeep
|turn|3
|inactive|CrawlingKingSnake has 30 seconds left.
|
|t:|1784833353
|switch|p1b: Raichu|Raichu, L50, M|100/100
|move|p1a: Ceruledge|Shadow Sneak|p2b: Kingambit
|-resisted|p2b: Kingambit|1
|-damage|p2b: Kingambit|0 fnt
|faint|p2b: Kingambit
|-damage|p1a: Ceruledge|84/100 tox|[from] item: Life Orb
|move|p2a: Toxapex|Infestation|p1a: Ceruledge
|-resisted|p1a: Ceruledge|2
|-damage|p1a: Ceruledge|84/100 tox
|-activate|p1a: Ceruledge|move: Infestation|[of] p2a: Toxapex
|
|-damage|p1a: Ceruledge|72/100 tox|[from] psn
|-damage|p1a: Ceruledge|60/100 tox|[from] move: Infestation|[partiallytrapped]
|upkeep
|
|t:|1784833365
|switch|p2b: Delphox|Delphox-Mega, L50, F|100/100
|turn|4
|
|t:|1784833382
|detailschange|p1b: Raichu|Raichu-Mega-Y, L50, M
|-mega|p1b: Raichu|Raichu|Raichunite Y
|move|p2b: Delphox|Protect|p2b: Delphox
|-singleturn|p2b: Delphox|Protect
|move|p2a: Toxapex|Baneful Bunker|p2a: Toxapex
|-singleturn|p2a: Toxapex|move: Protect
|move|p1a: Ceruledge|Shadow Sneak|p2b: Delphox
|-activate|p2b: Delphox|move: Protect
|move|p1b: Raichu|Zap Cannon|p2a: Toxapex
|-activate|p2a: Toxapex|move: Protect
|
|-damage|p1a: Ceruledge|43/100 tox|[from] psn
|-damage|p1a: Ceruledge|31/100 tox|[from] move: Infestation|[partiallytrapped]
|upkeep
|turn|5
|inactive|CrawlingKingSnake has 30 seconds left.
|inactive|CrawlingKingSnake has 20 seconds left.
|inactive|CrawlingKingSnake has 15 seconds left.
|inactive|CrawlingKingSnake has 10 seconds left.
|
|t:|1784833428
|move|p1a: Ceruledge|Shadow Sneak|p2b: Delphox
|-supereffective|p2b: Delphox|1
|-damage|p2b: Delphox|23/100
|-damage|p1a: Ceruledge|22/100 tox|[from] item: Life Orb
|move|p2b: Delphox|Psychic|p1a: Ceruledge
|-damage|p1a: Ceruledge|0 fnt
|faint|p1a: Ceruledge
|move|p1b: Raichu|Zap Cannon|p2a: Toxapex
|-supereffective|p2a: Toxapex|1
|-damage|p2a: Toxapex|0 fnt
|faint|p2a: Toxapex
|
|upkeep
|
|t:|1784833437
|switch|p1a: Samurott|Samurott-Hisui, L50, M|100/100
|switch|p2a: Palafin|Palafin-Hero, L50, F, shiny|100/100
|-activate|p2a: Palafin|ability: Zero to Hero
|turn|6
|
|t:|1784833452
|move|p2a: Palafin|Jet Punch|p1b: Raichu
|-damage|p1b: Raichu|0 fnt
|faint|p1b: Raichu
|-damage|p2a: Palafin|90/100|[from] item: Life Orb
|move|p2b: Delphox|Heat Wave|p1a: Samurott
|-resisted|p1a: Samurott|1
|-damage|p1a: Samurott|69/100
|move|p1a: Samurott|Night Slash|p2b: Delphox
|-supereffective|p2b: Delphox|1
|-damage|p2b: Delphox|0 fnt
|faint|p2b: Delphox
|
|upkeep
|
|t:|1784833459
|switch|p1b: Sneasler|Sneasler, L50, M|100/100
|turn|7
|
|t:|1784833476
|move|p1b: Sneasler|Close Combat|p2a: Palafin
|-damage|p2a: Palafin|28/100
|-unboost|p1b: Sneasler|def|1
|-unboost|p1b: Sneasler|spd|1
|-enditem|p1b: Sneasler|White Herb
|-clearnegativeboost|p1b: Sneasler|[silent]
|move|p2a: Palafin|Close Combat|p1a: Samurott
|-supereffective|p1a: Samurott|1
|-damage|p1a: Samurott|0 fnt
|-unboost|p2a: Palafin|def|1
|-unboost|p2a: Palafin|spd|1
|faint|p1a: Samurott
|-damage|p2a: Palafin|19/100|[from] item: Life Orb
|
|upkeep
|turn|8
|
|t:|1784833486
|move|p2a: Palafin|Jet Punch|p1b: Sneasler
|-damage|p1b: Sneasler|17/100
|-damage|p2a: Palafin|9/100|[from] item: Life Orb
|move|p1b: Sneasler|Close Combat|p2a: Palafin
|-damage|p2a: Palafin|0 fnt
|-unboost|p1b: Sneasler|def|1
|-unboost|p1b: Sneasler|spd|1
|faint|p2a: Palafin
|
|win|pink spoon
||pink spoon is ready for game 2.
||CrawlingKingSnake is ready for game 2.
|uhtml|next|Next: Game 2 of 3
