|j|☆abgesaftet
|j|☆GiBy0520
|html|abgesaftetGiBy0520    
|uhtml|bestof|Game 2 of a best-of-3
|t:|1785933469
|gametype|doubles
|player|p1|abgesaftet|ballguy|1346
|player|p2|GiBy0520|101|1238
|gen|9
|tier|[Gen 9 Champions] VGC 2026 Reg M-B (Bo3)
|rated|
|rule|Species Clause: Limit one of each Pokémon
|rule|Item Clause: Limit 1 of each item
|clearpoke
|poke|p1|Froslass, L50, F|
|poke|p1|Basculegion, L50, M|
|poke|p1|Kingambit, L50, F|
|poke|p1|Sneasler, L50, F|
|poke|p1|Lycanroc-Dusk, L50, M|
|poke|p1|Scovillain, L50, M, shiny|
|poke|p2|Staraptor, L50, M|
|poke|p2|Garchomp, L50, M|
|poke|p2|Whimsicott, L50, M|
|poke|p2|Delphox, L50, M|
|poke|p2|Glimmora, L50, M|
|poke|p2|Kingambit, L50, M|
|teampreview|4
|showteam|p1|Froslass||Froslassite|CursedBody|Blizzard,ShadowBall,AuroraVeil,Protect|Timid||F|||50|]Basculegion||SitrusBerry|Adaptability|WaveCrash,LastRespects,AquaJet,Protect|Adamant||M|||50|]Kingambit||LifeOrb|Defiant|KowtowCleave,SuckerPunch,SwordsDance,Protect|Adamant||F|||50|]Sneasler||WhiteHerb|Unburden|CloseCombat,GunkShot,Protect,FakeOut|Adamant||F|||50|]Lycanroc-Dusk||FocusSash|ToughClaws|CloseCombat,Accelerock,RockSlide,Protect|Adamant||M|||50|]Scovillain||Scovillainite|Moody|GigaDrain,Overheat,RagePowder,Protect|Bold||M|||50|
|showteam|p2|Staraptor||Staraptite|Intimidate|Protect,Roost,CloseCombat,BraveBird|Jolly||M|||50|]Garchomp||LifeOrb|RoughSkin|Protect,RockSlide,Earthquake,DragonClaw|Jolly||M|||50|]Whimsicott||OccaBerry|Prankster|Moonblast,Tailwind,Charm,LightScreen|Timid||M|||50|]Delphox||Delphoxite|Magician|Protect,Psychic,HeatWave,Substitute|Timid||M|||50|]Glimmora||FocusSash|ToxicDebris|SpikyShield,SludgeBomb,EarthPower,PowerGem|Timid||M|||50|]Kingambit||ChopleBerry|Defiant|SuckerPunch,LowKick,IronHead,KowtowCleave|Adamant||M|||50|
|inactive|Battle timer is ON: inactive players will automatically lose when time's up. (requested by GiBy0520)
|inactive|abgesaftet has 60 seconds left.
|
|t:|1785933502
|teamsize|p1|4
|teamsize|p2|4
|start
|switch|p1a: Lycanroc|Lycanroc-Dusk, L50, M|100/100
|switch|p1b: Sneasler|Sneasler, L50, F|100/100
|switch|p2a: Whimsicott|Whimsicott, L50, M|100/100
|switch|p2b: Kingambit|Kingambit, L50, M|100/100
|turn|1
|
|t:|1785933516
|switch|p2b: Garchomp|Garchomp, L50, M|100/100
|move|p2a: Whimsicott|Tailwind|p2a: Whimsicott
|-sidestart|p2: GiBy0520|move: Tailwind
|move|p1a: Lycanroc|Close Combat|p2b: Garchomp
|-damage|p2b: Garchomp|45/100
|-unboost|p1a: Lycanroc|def|1
|-unboost|p1a: Lycanroc|spd|1
|-damage|p1a: Lycanroc|88/100|[from] ability: Rough Skin|[of] p2b: Garchomp
|move|p1b: Sneasler|Gunk Shot|p2a: Whimsicott
|-supereffective|p2a: Whimsicott|2
|-damage|p2a: Whimsicott|0 fnt
|faint|p2a: Whimsicott
|
|upkeep
|inactive|GiBy0520 has 30 seconds left.
|
|t:|1785933541
|switch|p2a: Delphox|Delphox, L50, M|100/100
|turn|2
|
|t:|1785933555
|switch|p1b: Basculegion|Basculegion, L50, M|100/100
|move|p2a: Delphox|Protect|p2a: Delphox
|-singleturn|p2a: Delphox|Protect
|move|p1a: Lycanroc|Protect|p1a: Lycanroc
|-singleturn|p1a: Lycanroc|Protect
|move|p2b: Garchomp|Earthquake|p1b: Basculegion|[spread] p1b
|-activate|p2a: Delphox|move: Protect
|-activate|p1a: Lycanroc|move: Protect
|-damage|p1b: Basculegion|51/100
|-damage|p2b: Garchomp|35/100|[from] item: Life Orb
|
|upkeep
|turn|3
|
|t:|1785933576
|switch|p2a: Kingambit|Kingambit, L50, M|100/100
|move|p1a: Lycanroc|Accelerock|p2b: Garchomp
|-resisted|p2b: Garchomp|1
|-damage|p2b: Garchomp|20/100y
|-damage|p1a: Lycanroc|76/100|[from] ability: Rough Skin|[of] p2b: Garchomp
|move|p1b: Basculegion|Aqua Jet|p2b: Garchomp
|-damage|p2b: Garchomp|0 fnt
|-damage|p1b: Basculegion|38/100|[from] ability: Rough Skin|[of] p2b: Garchomp
|-enditem|p1b: Basculegion|Sitrus Berry|[eat]
|-heal|p1b: Basculegion|63/100|[from] item: Sitrus Berry
|faint|p2b: Garchomp
|
|upkeep
|
|t:|1785933585
|switch|p2b: Delphox|Delphox, L50, M|100/100
|turn|4
|
|t:|1785933592
|move|p2b: Delphox|Protect|p2b: Delphox
|-singleturn|p2b: Delphox|Protect
|move|p1a: Lycanroc|Protect|p1a: Lycanroc
|-singleturn|p1a: Lycanroc|Protect
|move|p1b: Basculegion|Protect|p1b: Basculegion
|-singleturn|p1b: Basculegion|Protect
|move|p2a: Kingambit|Iron Head|p1a: Lycanroc
|-activate|p1a: Lycanroc|move: Protect
|
|-sideend|p2: GiBy0520|move: Tailwind
|upkeep
|turn|5
|
|t:|1785933598
|detailschange|p2b: Delphox|Delphox-Mega, L50, M
|-mega|p2b: Delphox|Delphox|Delphoxite
|move|p1a: Lycanroc|Accelerock|p2b: Delphox
|-supereffective|p2b: Delphox|1
|-damage|p2b: Delphox|33/100
|move|p1b: Basculegion|Aqua Jet|p2b: Delphox
|-supereffective|p2b: Delphox|1
|-damage|p2b: Delphox|0 fnt
|faint|p2b: Delphox
|move|p2a: Kingambit|Sucker Punch||[still]
|-fail|p2a: Kingambit
|
|upkeep
|turn|6
|
|t:|1785933608
|move|p1a: Lycanroc|Close Combat|p2a: Kingambit
|-supereffective|p2a: Kingambit|2
|-enditem|p2a: Kingambit|Chople Berry|[eat]
|-enditem|p2a: Kingambit|Chople Berry|[weaken]
|-damage|p2a: Kingambit|16/100
|-unboost|p1a: Lycanroc|def|1
|-unboost|p1a: Lycanroc|spd|1
|move|p1b: Basculegion|Wave Crash|p2a: Kingambit
|-damage|p2a: Kingambit|0 fnt
|faint|p2a: Kingambit
|-damage|p1b: Basculegion|58/100|[from] Recoil
|
|win|abgesaftet
