|j|☆mygreat
|j|☆bandicoot25
|html|mygreatbandicoot25    
|uhtml|bestof|Game 1 of a best-of-3
|t:|1783075705
|gametype|doubles
|player|p1|mygreat|veteran|1148
|player|p2|bandicoot25|blaine|1235
|gen|9
|tier|[Gen 9 Champions] VGC 2026 Reg M-B (Bo3)
|rated|
|rule|Species Clause: Limit one of each Pokémon
|rule|Item Clause: Limit 1 of each item
|clearpoke
|poke|p1|Whimsicott, L50, M|
|poke|p1|Charizard, L50, M|
|poke|p1|Garchomp, L50, F|
|poke|p1|Sneasler, L50, F|
|poke|p1|Kingambit, L50, F|
|poke|p1|Basculegion, L50, M|
|poke|p2|Ceruledge, L50, F|
|poke|p2|Ninetales-Alola, L50, F|
|poke|p2|Raichu, L50, M|
|poke|p2|Milotic, L50, F|
|poke|p2|Incineroar, L50, F|
|poke|p2|Sneasler, L50, M|
|teampreview|4
|showteam|p1|Whimsicott||FocusSash|Prankster|Tailwind,Moonblast,Encore,Protect|Timid||M|||50|]Charizard||CharizarditeY|Blaze|SolarBeam,WeatherBall,HeatWave,Protect|Modest||M|||50|]Garchomp||LifeOrb|RoughSkin|DragonClaw,RockSlide,Earthquake,Protect|Jolly||F|||50|]Sneasler||WhiteHerb|Unburden|DireClaw,CloseCombat,FakeOut,Protect|Adamant||F|||50|]Kingambit||ChopleBerry|Defiant|LowKick,IronHead,KowtowCleave,SuckerPunch|Adamant||F|||50|]Basculegion||MysticWater|Adaptability|WaveCrash,AquaJet,LastRespects,Protect|Adamant||M|||50|
|showteam|p2|Ceruledge||ColburBerry|FlashFire|Protect,BulkUp,BitterBlade,ShadowSneak|Adamant||F|||50|]Ninetales-Alola||NeverMeltIce|SnowWarning|Protect,Encore,FreezeDry,Blizzard|Timid||F|||50|]Raichu||RaichuniteY|Static|FocusBlast,ZapCannon,Protect,FakeOut|Timid||M|||50|]Milotic||Leftovers|Competitive|Recover,Coil,Hypnosis,MuddyWater|Calm||F|||50|]Incineroar||SitrusBerry|Intimidate|FakeOut,FlareBlitz,ThroatChop,PartingShot|Impish||F|||50|]Sneasler||FocusSash|PoisonTouch|FakeOut,Protect,CloseCombat,DireClaw|Jolly||M|||50|
|inactive|Battle timer is ON: inactive players will automatically lose when time's up. (requested by bandicoot25)
|
|t:|1783075740
|teamsize|p1|4
|teamsize|p2|4
|start
|switch|p1a: Whimsicott|Whimsicott, L50, M|100/100
|switch|p1b: Basculegion|Basculegion, L50, M|100/100
|switch|p2a: Ninetales|Ninetales-Alola, L50, F|100/100
|switch|p2b: Sneasler|Sneasler, L50, M|100/100
|-weather|Snowscape|[from] ability: Snow Warning|[of] p2a: Ninetales
|turn|1
|
|t:|1783075753
|move|p1a: Whimsicott|Protect|p1a: Whimsicott
|-singleturn|p1a: Whimsicott|Protect
|move|p2b: Sneasler|Dire Claw|p1a: Whimsicott
|-activate|p1a: Whimsicott|move: Protect
|move|p2a: Ninetales|Blizzard|p1a: Whimsicott|[spread] p1b
|-activate|p1a: Whimsicott|move: Protect
|-resisted|p1b: Basculegion|1
|-damage|p1b: Basculegion|78/100
|move|p1b: Basculegion|Wave Crash|p2a: Ninetales
|-damage|p2a: Ninetales|2/100
|-damage|p1b: Basculegion|53/100|[from] Recoil
|
|-weather|Snowscape|[upkeep]
|upkeep
|turn|2
|
|t:|1783075770
|move|p2b: Sneasler|Dire Claw|p1b: Basculegion
|-resisted|p1b: Basculegion|1
|-damage|p1b: Basculegion|32/100
|move|p1a: Whimsicott|Moonblast|p2a: Ninetales
|-damage|p2a: Ninetales|0 fnt
|faint|p2a: Ninetales
|move|p1b: Basculegion|Last Respects|p2b: Sneasler
|-damage|p2b: Sneasler|43/100
|
|-weather|Snowscape|[upkeep]
|upkeep
|
|t:|1783075783
|switch|p2a: Raichu|Raichu, L50, M|100/100
|turn|3
|
|t:|1783075793
|detailschange|p2a: Raichu|Raichu-Mega-Y, L50, M
|-mega|p2a: Raichu|Raichu|Raichunite Y
|move|p1a: Whimsicott|Protect|p1a: Whimsicott
|-singleturn|p1a: Whimsicott|Protect
|move|p1b: Basculegion|Protect|p1b: Basculegion
|-singleturn|p1b: Basculegion|Protect
|move|p2a: Raichu|Zap Cannon|p1a: Whimsicott
|-activate|p1a: Whimsicott|move: Protect
|move|p2b: Sneasler|Dire Claw|p1a: Whimsicott
|-activate|p1a: Whimsicott|move: Protect
|
|-weather|Snowscape|[upkeep]
|upkeep
|turn|4
|
|t:|1783075803
|move|p1a: Whimsicott|Tailwind|p1a: Whimsicott
|-sidestart|p1: mygreat|move: Tailwind
|move|p1b: Basculegion|Wave Crash|p2a: Raichu
|-damage|p2a: Raichu|0 fnt
|faint|p2a: Raichu
|-damage|p1b: Basculegion|4/100|[from] Recoil
|move|p2b: Sneasler|Dire Claw|p1a: Whimsicott
|-supereffective|p1a: Whimsicott|2
|-enditem|p1a: Whimsicott|Focus Sash
|-damage|p1a: Whimsicott|1/100
|
|-weather|Snowscape|[upkeep]
|upkeep
|
|t:|1783075808
|switch|p2a: Ceruledge|Ceruledge, L50, F|100/100
|turn|5
|
|t:|1783075814
|move|p2a: Ceruledge|Protect|p2a: Ceruledge
|-singleturn|p2a: Ceruledge|Protect
|move|p1a: Whimsicott|Moonblast|p2b: Sneasler
|-damage|p2b: Sneasler|0 fnt
|faint|p2b: Sneasler
|move|p1b: Basculegion|Wave Crash|p2a: Ceruledge
|-activate|p2a: Ceruledge|move: Protect
|
|-weather|none
|upkeep
|turn|6
|
|t:|1783075822
|move|p1a: Whimsicott|Encore|p2a: Ceruledge
|-start|p2a: Ceruledge|Encore
|move|p2a: Ceruledge|Protect||[still]
|-fail|p2a: Ceruledge
|move|p1b: Basculegion|Wave Crash|p2a: Ceruledge
|-supereffective|p2a: Ceruledge|1
|-damage|p2a: Ceruledge|0 fnt
|faint|p2a: Ceruledge
|-damage|p1b: Basculegion|0 fnt|[from] Recoil
|faint|p1b: Basculegion
|
|win|mygreat
