|j|☆thebossadry
|j|☆Voltage Gaming101
|html|thebossadryVoltage Gaming101    
|uhtml|bestof|Game 3 of a best-of-3
|t:|1756654568
|gametype|doubles
|player|p1|thebossadry|pryce|1042
|player|p2|Voltage Gaming101|red|1048
|gen|9
|tier|[Gen 9] VGC 2025 Reg H (Bo3)
|rated|
|rule|Species Clause: Limit one of each Pokémon
|rule|Item Clause: Limit 1 of each item
|clearpoke
|poke|p1|Incineroar, L50, M|
|poke|p1|Rillaboom, L50, M|
|poke|p1|Grimmsnarl, L50, M|
|poke|p1|Gholdengo, L50|
|poke|p1|Archaludon, L50, F|
|poke|p1|Pelipper, L50, F|
|poke|p2|Mienshao, L50, F|
|poke|p2|Slowking-Galar, L50, M|
|poke|p2|Baxcalibur, L50, F|
|poke|p2|Rillaboom, L50, F|
|poke|p2|Cinderace, L50, F|
|poke|p2|Pelipper, L50, M|
|teampreview|4
|showteam|p1|Incineroar||AssaultVest|Intimidate|FakeOut,Uturn,FlareBlitz,KnockOff|||M|||50|,,,,,Ghost]Rillaboom||CovertCloak|GrassySurge|FakeOut,Uturn,GrassyGlide,WoodHammer|||M|||50|,,,,,Fire]Grimmsnarl|||Prankster|Reflect,LightScreen,Taunt,SpiritBreak|||M|||50|,,,,,Dark]Gholdengo||LifeOrb|GoodasGold|MakeItRain,ShadowBall,Protect,NastyPlot||||||50|,,,,,Steel]Archaludon||PowerHerb|Stamina|ElectroShot,DracoMeteor,Protect,BodyPress|||F|||50|,,,,,Dragon]Pelipper||FocusSash|Drizzle|Protect,Tailwind,Hurricane,WeatherBall|||F|||50|,,,,,Fighting
|showteam|p2|Mienshao||LifeOrb|Regenerator|CloseCombat,KnockOff,PoisonJab,Uturn|||F|||50|,,,,,Steel]Slowking-Galar||BlackSludge|Regenerator|ChillyReception,ThunderWave,SludgeBomb,FutureSight|||M|||50|,,,,,Flying]Baxcalibur||LoadedDice|ThermalExchange|Protect,DragonDance,IcicleSpear,ScaleShot|||F|||50|,,,,,Fairy]Rillaboom||AssaultVest|GrassySurge|GrassyGlide,KnockOff,Uturn,FakeOut|||F|||50|,,,,,Ground]Cinderace||CovertCloak|Libero|FlareBlitz,HighJumpKick,Taunt,Coaching|||F|||50|,,,,,Fighting]Pelipper||DampRock|Drizzle|Hurricane,WeatherBall,Tailwind,Uturn|||M|||50|,,,,,Electric
|
|t:|1756654606
|teamsize|p1|4
|teamsize|p2|4
|start
|switch|p1a: Pelipper|Pelipper, L50, F|100/100
|switch|p1b: Grimmsnarl|Grimmsnarl, L50, M|100/100
|switch|p2a: Mienshao|Mienshao, L50, F, shiny|100/100
|switch|p2b: Pelipper|Pelipper, L50, M|100/100
|-weather|RainDance|[from] ability: Drizzle|[of] p1a: Pelipper
|turn|1
|
|t:|1756654636
|-terastallize|p2a: Mienshao|Steel
|move|p1b: Grimmsnarl|Reflect|p1b: Grimmsnarl
|-sidestart|p1: thebossadry|Reflect
|move|p2a: Mienshao|Knock Off|p1a: Pelipper
|-damage|p1a: Pelipper|65/100
|-enditem|p1a: Pelipper|Focus Sash|[from] move: Knock Off|[of] p2a: Mienshao
|-damage|p2a: Mienshao|90/100|[from] item: Life Orb
|move|p1a: Pelipper|Weather Ball|p2a: Mienshao
|-damage|p2a: Mienshao|0 fnt
|faint|p2a: Mienshao
|move|p2b: Pelipper|Tailwind|p2b: Pelipper
|-sidestart|p2: Voltage Gaming101|move: Tailwind
|
|-weather|RainDance|[upkeep]
|upkeep
|
|t:|1756654643
|switch|p2a: Baxcalibur|Baxcalibur, L50, F|100/100
|turn|2
|
|t:|1756654666
|move|p1a: Pelipper|Protect|p1a: Pelipper
|-singleturn|p1a: Pelipper|Protect
|move|p1b: Grimmsnarl|Taunt|p2b: Pelipper
|-start|p2b: Pelipper|move: Taunt
|move|p2a: Baxcalibur|Icicle Spear|p1a: Pelipper
|-activate|p1a: Pelipper|move: Protect
|move|p2b: Pelipper|Weather Ball|p1b: Grimmsnarl
|-damage|p1b: Grimmsnarl|44/100
|
|-weather|RainDance|[upkeep]
|upkeep
|turn|3
|
|t:|1756654684
|move|p1b: Grimmsnarl|Light Screen|p1b: Grimmsnarl
|-sidestart|p1: thebossadry|move: Light Screen
|move|p2a: Baxcalibur|Icicle Spear|p1a: Pelipper
|-damage|p1a: Pelipper|52/100
|-damage|p1a: Pelipper|38/100
|-damage|p1a: Pelipper|25/100
|-damage|p1a: Pelipper|12/100
|-hitcount|p1a: Pelipper|4
|move|p2b: Pelipper|Weather Ball|p1b: Grimmsnarl
|-damage|p1b: Grimmsnarl|11/100
|move|p1a: Pelipper|Tailwind|p1a: Pelipper
|-sidestart|p1: thebossadry|move: Tailwind
|
|-weather|RainDance|[upkeep]
|upkeep
|turn|4
|
|t:|1756654703
|move|p2a: Baxcalibur|Protect|p2a: Baxcalibur
|-singleturn|p2a: Baxcalibur|Protect
|move|p1a: Pelipper|Hurricane|p2a: Baxcalibur
|-activate|p2a: Baxcalibur|move: Protect
|move|p2b: Pelipper|U-turn|p1b: Grimmsnarl
|-damage|p1b: Grimmsnarl|6/100
|
|t:|1756654711
|switch|p2b: Cinderace|Cinderace, L50, F, shiny|100/100|[from] U-turn
|move|p1b: Grimmsnarl|Spirit Break|p2a: Baxcalibur
|-activate|p2a: Baxcalibur|move: Protect
|
|-weather|RainDance|[upkeep]
|-sideend|p2: Voltage Gaming101|move: Tailwind
|upkeep
|turn|5
|
|t:|1756654724
|switch|p2b: Pelipper|Pelipper, L50, M|100/100
|move|p1a: Pelipper|Weather Ball|p2b: Pelipper
|-resisted|p2b: Pelipper
|-damage|p2b: Pelipper|54/100
|move|p1b: Grimmsnarl|Spirit Break|p2a: Baxcalibur
|-supereffective|p2a: Baxcalibur
|-damage|p2a: Baxcalibur|34/100
|-unboost|p2a: Baxcalibur|spa|1
|move|p2a: Baxcalibur|Icicle Spear|p1b: Grimmsnarl
|-damage|p1b: Grimmsnarl|0 fnt
|faint|p1b: Grimmsnarl
|-hitcount|p1: Grimmsnarl|1
|
|-weather|none
|-sideend|p1: thebossadry|Reflect
|upkeep
|
|t:|1756654742
|switch|p1b: Archaludon|Archaludon, L50, F|100/100
|turn|6
|
|t:|1756654758
|move|p2a: Baxcalibur|Protect|p2a: Baxcalibur
|-singleturn|p2a: Baxcalibur|Protect
|move|p1a: Pelipper|Hurricane|p2a: Baxcalibur
|-activate|p2a: Baxcalibur|move: Protect
|move|p1b: Archaludon|Electro Shot||[still]
|-prepare|p1b: Archaludon|Electro Shot
|-boost|p1b: Archaludon|spa|1
|-enditem|p1b: Archaludon|Power Herb
|-anim|p1b: Archaludon|Electro Shot|p2b: Pelipper
|-supereffective|p2b: Pelipper
|-damage|p2b: Pelipper|0 fnt
|faint|p2b: Pelipper
|
|-sideend|p1: thebossadry|move: Tailwind
|upkeep
|
|t:|1756654762
|switch|p2b: Cinderace|Cinderace, L50, F, shiny|100/100
|turn|7
|
|t:|1756654796
|move|p2b: Cinderace|Coaching|p2a: Baxcalibur
|-start|p2b: Cinderace|typechange|Fighting|[from] ability: Libero
|-boost|p2a: Baxcalibur|atk|1
|-boost|p2a: Baxcalibur|def|1
|move|p2a: Baxcalibur|Scale Shot|p1b: Archaludon
|-damage|p1b: Archaludon|85/100
|-ability|p1b: Archaludon|Stamina|boost
|-boost|p1b: Archaludon|def|1
|-damage|p1b: Archaludon|73/100
|-ability|p1b: Archaludon|Stamina|boost
|-boost|p1b: Archaludon|def|1
|-damage|p1b: Archaludon|63/100
|-ability|p1b: Archaludon|Stamina|boost
|-boost|p1b: Archaludon|def|1
|-damage|p1b: Archaludon|57/100
|-ability|p1b: Archaludon|Stamina|boost
|-boost|p1b: Archaludon|def|1
|-hitcount|p1b: Archaludon|4
|-unboost|p2a: Baxcalibur|def|1
|-boost|p2a: Baxcalibur|spe|1
|move|p1a: Pelipper|Hurricane|p2b: Cinderace|[miss]
|-miss|p1a: Pelipper|p2b: Cinderace
|move|p1b: Archaludon|Body Press|p2a: Baxcalibur
|-supereffective|p2a: Baxcalibur
|-damage|p2a: Baxcalibur|0 fnt
|faint|p2a: Baxcalibur
|
|-sideend|p1: thebossadry|move: Light Screen
|upkeep
|turn|8
|
|t:|1756654827
|move|p1a: Pelipper|Protect|p1a: Pelipper
|-singleturn|p1a: Pelipper|Protect
|move|p1b: Archaludon|Protect|p1b: Archaludon
|-singleturn|p1b: Archaludon|Protect
|move|p2b: Cinderace|High Jump Kick|p1b: Archaludon
|-activate|p1b: Archaludon|move: Protect
|-damage|p2b: Cinderace|51/100|[from] highjumpkick
|
|upkeep
|turn|9
|-message|Voltage Gaming101 forfeited.
|
|win|thebossadry
|raw|thebossadry's rating: 1042 → 1076(+34 for winning)
|raw|Voltage Gaming101's rating: 1048 → 1031(-17 for losing)
