|j|☆KUTF1
|j|☆eusebio pesca
|html|KUTF1eusebio pesca    
|uhtml|bestof|Game 2 of a best-of-3
|t:|1782678808
|gametype|doubles
|player|p1|KUTF1|pokemonbreederf-gen4|1070
|player|p2|eusebio pesca|steven|1053
|gen|9
|tier|[Gen 9 Champions] VGC 2026 Reg M-B (Bo3)
|rated|
|rule|Species Clause: Limit one of each Pokémon
|rule|Item Clause: Limit 1 of each item
|clearpoke
|poke|p1|Raichu, L50, M|
|poke|p1|Clefable, L50, F|
|poke|p1|Mamoswine, L50, F|
|poke|p1|Ditto, L50|
|poke|p1|Musharna, L50, M|
|poke|p1|Whimsicott, L50, F|
|poke|p2|Sceptile, L50, F|
|poke|p2|Kingambit, L50, M|
|poke|p2|Sneasler, L50, F|
|poke|p2|Primarina, L50, M|
|poke|p2|Rotom-Heat, L50, shiny|
|poke|p2|Scizor, L50, M|
|teampreview|4
|showteam|p1|Raichu||RaichuniteY|LightningRod|ZapCannon,Protect,FakeOut,FocusBlast|Timid||M|||50|]Clefable||Clefablite|MagicGuard|DazzlingGleam,Protect,CalmMind,Flamethrower|Modest||F|||50|]Mamoswine||FocusSash|Oblivious|Earthquake,Protect,IcicleCrash,IceShard|Jolly||F|||50|]Ditto||ChoiceScarf|Imposter|Transform|Bold|||||50|]Musharna||ColburBerry|Telepathy|Psychic,Protect,TrickRoom,Moonblast|Relaxed||M|||50|]Whimsicott||MentalHerb|Prankster|Moonblast,Encore,Tailwind,Taunt|Timid||F|||50|
|showteam|p2|Sceptile||Sceptilite|Overgrow|DragonPulse,LeafStorm,EarthPower,Protect|Timid||F|||50|]Kingambit||ChopleBerry|Defiant|SuckerPunch,KowtowCleave,IronHead,Protect|Adamant||M|||50|]Sneasler||WhiteHerb|Unburden|CloseCombat,DireClaw,Coaching,Protect|Jolly||F|||50|]Primarina||SitrusBerry|LiquidVoice|HyperVoice,Moonblast,IcyWind,EnergyBall|Modest||M|||50|]Rotom-Heat||ChoiceScarf|Levitate|Thunderbolt,Overheat,Discharge,VoltSwitch|Timid|||||50|]Scizor||Scizorite|Technician|BulletPunch,BugBite,SwordsDance,Protect|Adamant||M|||50|
|inactive|Battle timer is ON: inactive players will automatically lose when time's up. (requested by KUTF1)
|c|☆KUTF1|Literally didn’t expect it to land
|
|t:|1782678833
|teamsize|p1|4
|teamsize|p2|4
|start
|switch|p1a: Squishmello|Musharna, L50, M|100/100
|switch|p1b: Chiba|Mamoswine, L50, F|100/100
|switch|p2a: kevin|Kingambit, L50, M|100/100
|switch|p2b: samil|Sneasler, L50, F|100/100
|turn|1
|c|☆eusebio pesca|no problem mate
|inactive|eusebio pesca has 30 seconds left.
|
|t:|1782678860
|move|p2b: samil|Coaching|p2a: kevin
|-boost|p2a: kevin|atk|1
|-boost|p2a: kevin|def|1
|move|p1b: Chiba|Earthquake|p2b: samil|[spread] p2a,p2b
|-activate|p1a: Squishmello|ability: Telepathy
|-supereffective|p2a: kevin|1
|-supereffective|p2b: samil|1
|-damage|p2a: kevin|67/100
|-damage|p2b: samil|0 fnt
|faint|p2b: samil
|move|p2a: kevin|Kowtow Cleave|p1a: Squishmello
|-supereffective|p1a: Squishmello|1
|-enditem|p1a: Squishmello|Colbur Berry|[eat]
|-enditem|p1a: Squishmello|Colbur Berry|[weaken]
|-damage|p1a: Squishmello|55/100
|move|p1a: Squishmello|Trick Room|p1a: Squishmello
|-fieldstart|move: Trick Room|[of] p1a: Squishmello
|
|upkeep
|
|t:|1782678876
|switch|p2b: saiki|Scizor, L50, M|100/100
|turn|2
|
|t:|1782678890
|detailschange|p2b: saiki|Scizor-Mega, L50, M
|-mega|p2b: saiki|Scizor|Scizorite
|move|p1a: Squishmello|Moonblast|p2a: kevin
|-damage|p2a: kevin|46/100
|move|p2a: kevin|Iron Head|p1b: Chiba
|-supereffective|p1b: Chiba|1
|-enditem|p1b: Chiba|Focus Sash
|-damage|p1b: Chiba|1/100
|move|p2b: saiki|Bug Bite|p1a: Squishmello
|-supereffective|p1a: Squishmello|1
|-damage|p1a: Squishmello|0 fnt
|faint|p1a: Squishmello
|cant|p1b: Chiba|flinch
|
|upkeep
|c|☆eusebio pesca|wow
|
|t:|1782678910
|switch|p1a: 100 Rats|Raichu, L50, M|100/100
|turn|3
|
|t:|1782678930
|detailschange|p1a: 100 Rats|Raichu-Mega-Y, L50, M
|-mega|p1a: 100 Rats|Raichu|Raichunite Y
|move|p2a: kevin|Protect|p2a: kevin
|-singleturn|p2a: kevin|Protect
|move|p2b: saiki|Protect|p2b: saiki
|-singleturn|p2b: saiki|Protect
|move|p1b: Chiba|Icicle Crash|p2b: saiki
|-activate|p2b: saiki|move: Protect
|move|p1a: 100 Rats|Focus Blast|p2a: kevin
|-activate|p2a: kevin|move: Protect
|
|upkeep
|turn|4
|c|☆KUTF1|Cause I landed that zap
|
|t:|1782678944
|switch|p1b: Derple|Ditto, L50|100/100
|-transform|p1b: Derple|p2a: kevin|[from] ability: Imposter
|move|p1a: 100 Rats|Protect|p1a: 100 Rats
|-singleturn|p1a: 100 Rats|Protect
|move|p2b: saiki|Bullet Punch|p1b: Derple
|-resisted|p1b: Derple|1
|-damage|p1b: Derple|88/100
|move|p2a: kevin|Kowtow Cleave|p1a: 100 Rats
|-activate|p1a: 100 Rats|move: Protect
|
|upkeep
|turn|5
|inactive|KUTF1 has 30 seconds left.
|
|t:|1782678972
|switch|p1a: Chiba|Mamoswine, L50, F|1/100
|move|p2a: kevin|Kowtow Cleave|p1a: Chiba
|-damage|p1a: Chiba|0 fnt
|faint|p1a: Chiba
|move|p2b: saiki|Swords Dance|p2b: saiki
|-boost|p2b: saiki|atk|2
|move|p1b: Derple|Kowtow Cleave|p2b: saiki
|-damage|p2b: saiki|46/100
|
|-fieldend|move: Trick Room
|upkeep
|
|t:|1782678975
|switch|p1a: 100 Rats|Raichu-Mega-Y, L50, M|100/100
|turn|6
|
|t:|1782678987
|move|p2b: saiki|Protect|p2b: saiki
|-singleturn|p2b: saiki|Protect
|move|p2a: kevin|Protect|p2a: kevin
|-singleturn|p2a: kevin|Protect
|move|p1a: 100 Rats|Focus Blast|p2a: kevin
|-activate|p2a: kevin|move: Protect
|move|p1b: Derple|Kowtow Cleave|p2b: saiki
|-activate|p2b: saiki|move: Protect
|
|upkeep
|turn|7
|inactive|eusebio pesca has 30 seconds left.
|
|t:|1782679014
|move|p2b: saiki|Bullet Punch|p1a: 100 Rats
|-resisted|p1a: 100 Rats|1
|-damage|p1a: 100 Rats|18/100
|move|p1a: 100 Rats|Focus Blast|p2a: kevin
|-supereffective|p2a: kevin|2
|-enditem|p2a: kevin|Chople Berry|[eat]
|-enditem|p2a: kevin|Chople Berry|[weaken]
|-damage|p2a: kevin|0 fnt
|faint|p2a: kevin
|move|p1b: Derple|Kowtow Cleave|p2b: saiki
|-damage|p2b: saiki|0 fnt
|faint|p2b: saiki
|
|upkeep
|c|☆eusebio pesca|gg
|
|t:|1782679028
|switch|p2b: paul|Primarina, L50, M|100/100
|turn|8
|c|☆KUTF1|Gg
|
|t:|1782679040
|move|p1a: 100 Rats|Zap Cannon|p2b: paul
|-supereffective|p2b: paul|1
|-damage|p2b: paul|0 fnt
|faint|p2b: paul
|
|win|KUTF1
|raw|KUTF1's rating: 1070 → 1098(+28 for winning)
|raw|eusebio pesca's rating: 1053 → 1036(-17 for losing)
|l|☆eusebio pesca
|player|p2|
