|j|☆aliciadoors
|j|☆RaikuDraco
|html|aliciadoorsRaikuDraco    
|uhtml|bestof|Game 2 of a best-of-3
|t:|1757728183
|gametype|doubles
|player|p1|aliciadoors|jasmine|1227
|player|p2|RaikuDraco|drake-gen3|1327
|gen|9
|tier|[Gen 9] VGC 2025 Reg H (Bo3)
|rated|
|rule|Species Clause: Limit one of each Pokémon
|rule|Item Clause: Limit 1 of each item
|clearpoke
|poke|p1|Tyranitar, L50, F|
|poke|p1|Excadrill, L50, M|
|poke|p1|Corviknight, L50, F|
|poke|p1|Indeedee, L50, M|
|poke|p1|Sneasler, L50, M|
|poke|p1|Archaludon, L50, M|
|poke|p2|Archaludon, L50, M|
|poke|p2|Sinistcha-Masterpiece, L50|
|poke|p2|Dragonite, L50, M|
|poke|p2|Pelipper, L50, F|
|poke|p2|Ursaluna, L50, F|
|poke|p2|Gholdengo, L50|
|teampreview|4
|showteam|p1|Tyranitar||AssaultVest|SandStream|RockSlide,KnockOff,TeraBlast,LowKick|||F|||50|,,,,,Flying]Excadrill||FocusSash|SandRush|Earthquake,HighHorsepower,IronHead,Protect|||M|||50|,,,,,Ground]Corviknight||SitrusBerry|MirrorArmor|BraveBird,Tailwind,BulkUp,Roost|||F|||50|,,,,,Dragon]Indeedee||ChoiceScarf|PsychicSurge|ExpandingForce,TeraBlast,Trick,Protect|||M|||50|,,,,,Psychic]Sneasler||PsychicSeed|Unburden|CloseCombat,DireClaw,ThroatChop,Protect|||M|||50|,,,,,Stellar]Archaludon||PowerHerb|Sturdy|FlashCannon,DracoMeteor,ElectroShot,Protect|||M|||50|,,,,,Stellar
|showteam|p2|Archaludon||AssaultVest|Stamina|BodyPress,Snarl,ElectroShot,FlashCannon|||M|||50|,,,,,Fighting]Sinistcha-Masterpiece||SitrusBerry|Hospitality|MatchaGotcha,RagePowder,TrickRoom,LifeDew||||||50|,,,,,Dark]Dragonite||LoadedDice|Multiscale|ScaleShot,Protect,Tailwind,Haze|||M|||50|,,,,,Steel]Pelipper||FocusSash|Drizzle|WeatherBall,Hurricane,Tailwind,Protect|||F|||50|,,,,,Ground]Ursaluna||FlameOrb|Guts|Facade,HeadlongRush,Earthquake,Protect|||F|||50|,,,,,Ghost]Gholdengo||ChoiceScarf|GoodasGold|MakeItRain,TeraBlast,ShadowBall,Trick||||||50|,,,,,Water
|inactive|Battle timer is ON: inactive players will automatically lose when time's up. (requested by aliciadoors)
|inactive|aliciadoors has 60 seconds left.
|inactive|RaikuDraco has 60 seconds left.
|inactive|RaikuDraco has 30 seconds left.
|inactive|RaikuDraco has 20 seconds left.
|
|t:|1757728258
|teamsize|p1|4
|teamsize|p2|4
|start
|switch|p1a: Excadrill|Excadrill, L50, M|100/100
|switch|p1b: Tyranitar|Tyranitar, L50, F|100/100
|switch|p2a: Gholdengo|Gholdengo, L50|100/100
|switch|p2b: Ursaluna|Ursaluna, L50, F|100/100
|-weather|Sandstorm|[from] ability: Sand Stream|[of] p1b: Tyranitar
|turn|1
|inactive|aliciadoors has 30 seconds left.
|inactive|RaikuDraco has 30 seconds left.
|inactive|aliciadoors has 20 seconds left.
|inactive|aliciadoors has 15 seconds left.
|
|t:|1757728302
|switch|p2b: Pelipper|Pelipper, L50, F|100/100
|-weather|RainDance|[from] ability: Drizzle|[of] p2b: Pelipper
|-terastallize|p2a: Gholdengo|Water
|-terastallize|p1b: Tyranitar|Flying
|move|p2a: Gholdengo|Make It Rain|p1a: Excadrill|[spread] p1a,p1b
|-resisted|p1a: Excadrill
|-crit|p1b: Tyranitar
|-damage|p1a: Excadrill|63/100
|-damage|p1b: Tyranitar|57/100
|-unboost|p2a: Gholdengo|spa|1
|move|p1a: Excadrill|Earthquake|p2b: Pelipper|[spread] p2a
|-immune|p1b: Tyranitar
|-immune|p2b: Pelipper
|-damage|p2a: Gholdengo|49/100
|move|p1b: Tyranitar|Knock Off|p2a: Gholdengo
|-damage|p2a: Gholdengo|0 fnt
|-enditem|p2a: Gholdengo|Choice Scarf|[from] move: Knock Off|[of] p1b: Tyranitar
|faint|p2a: Gholdengo
|
|-weather|RainDance|[upkeep]
|upkeep
|inactive|RaikuDraco has 30 seconds left.
|inactive|RaikuDraco has 20 seconds left.
|
|t:|1757728338
|switch|p2a: Sinistcha|Sinistcha-Masterpiece, L50|100/100
|turn|2
|inactive|RaikuDraco has 30 seconds left.
|
|t:|1757728366
|move|p1a: Excadrill|Iron Head|p2b: Pelipper
|-resisted|p2b: Pelipper
|-damage|p2b: Pelipper|69/100
|move|p2b: Pelipper|Weather Ball|p1b: Tyranitar
|-damage|p1b: Tyranitar|23/100
|move|p1b: Tyranitar|Knock Off|p2a: Sinistcha
|-supereffective|p2a: Sinistcha
|-damage|p2a: Sinistcha|13/100
|-enditem|p2a: Sinistcha|Sitrus Berry|[from] move: Knock Off|[of] p1b: Tyranitar
|move|p2a: Sinistcha|Trick Room|p2a: Sinistcha
|-fieldstart|move: Trick Room|[of] p2a: Sinistcha
|
|-weather|RainDance|[upkeep]
|upkeep
|turn|3
|inactive|RaikuDraco has 30 seconds left.
|inactive|aliciadoors has 30 seconds left.
|inactive|RaikuDraco has 20 seconds left.
|
|t:|1757728405
|move|p1b: Tyranitar|Rock Slide|p2b: Pelipper|[spread] p2b
|-miss|p1b: Tyranitar|p2a: Sinistcha
|-supereffective|p2b: Pelipper
|-damage|p2b: Pelipper|0 fnt
|faint|p2b: Pelipper
|move|p2a: Sinistcha|Life Dew|p2a: Sinistcha
|-heal|p2a: Sinistcha|38/100
|move|p1a: Excadrill|High Horsepower|p2a: Sinistcha
|-resisted|p2a: Sinistcha
|-damage|p2a: Sinistcha|15/100
|
|-weather|RainDance|[upkeep]
|upkeep
|
|t:|1757728418
|switch|p2b: Ursaluna|Ursaluna, L50, F|100/100
|turn|4
|inactive|aliciadoors has 30 seconds left.
|
|t:|1757728453
|move|p1b: Tyranitar|Knock Off|p2b: Ursaluna
|-damage|p2b: Ursaluna|51/100
|-enditem|p2b: Ursaluna|Flame Orb|[from] move: Knock Off|[of] p1b: Tyranitar
|move|p2a: Sinistcha|Life Dew|p2a: Sinistcha|[spread] p2a,p2b
|-heal|p2a: Sinistcha|40/100
|-heal|p2b: Ursaluna|76/100
|move|p2b: Ursaluna|Facade|p1b: Tyranitar
|-damage|p1b: Tyranitar|0 fnt
|faint|p1b: Tyranitar
|move|p1a: Excadrill|Iron Head|p2a: Sinistcha
|-damage|p2a: Sinistcha|3/100
|
|-weather|RainDance|[upkeep]
|upkeep
|
|t:|1757728476
|switch|p1b: Sneasler|Sneasler, L50, M|100/100
|turn|5
|inactive|aliciadoors has 30 seconds left.
|inactive|RaikuDraco has 30 seconds left.
|inactive|RaikuDraco has 20 seconds left.
|inactive|RaikuDraco has 15 seconds left.
|
|t:|1757728519
|move|p2b: Ursaluna|Protect|p2b: Ursaluna
|-singleturn|p2b: Ursaluna|Protect
|move|p1a: Excadrill|Protect|p1a: Excadrill
|-singleturn|p1a: Excadrill|Protect
|move|p1b: Sneasler|Protect|p1b: Sneasler
|-singleturn|p1b: Sneasler|Protect
|move|p2a: Sinistcha|Life Dew|p2a: Sinistcha|[spread] p2a,p2b
|-heal|p2a: Sinistcha|28/100
|-heal|p2b: Ursaluna|100/100
|
|-weather|none
|upkeep
|turn|6
|inactive|aliciadoors has 30 seconds left.
|inactive|RaikuDraco has 30 seconds left.
|
|t:|1757728550
|move|p1a: Excadrill|Protect||[still]
|-fail|p1a: Excadrill
|move|p1b: Sneasler|Protect||[still]
|-fail|p1b: Sneasler
|move|p2a: Sinistcha|Matcha Gotcha|p1b: Sneasler|[spread] p1a,p1b
|-resisted|p1b: Sneasler
|-damage|p1a: Excadrill|31/100
|-heal|p2a: Sinistcha|45/100|[from] drain|[of] p1a: Excadrill
|-damage|p1b: Sneasler|84/100
|-heal|p2a: Sinistcha|52/100|[from] drain|[of] p1b: Sneasler
|move|p2b: Ursaluna|Earthquake|p1b: Sneasler|[spread] p2a,p1a,p1b
|-resisted|p2a: Sinistcha
|-supereffective|p1a: Excadrill
|-supereffective|p1b: Sneasler
|-damage|p2a: Sinistcha|34/100
|-damage|p1a: Excadrill|0 fnt
|-damage|p1b: Sneasler|0 fnt
|faint|p1a: Excadrill
|faint|p1b: Sneasler
|
|-fieldend|move: Trick Room
|upkeep
|
|t:|1757728556
|switch|p1b: Indeedee|Indeedee, L50, M|100/100
|-fieldstart|move: Psychic Terrain|[from] ability: Psychic Surge|[of] p1b: Indeedee
|turn|7
|inactive|RaikuDraco has 30 seconds left.
|inactive|RaikuDraco has 20 seconds left.
|inactive|RaikuDraco has 15 seconds left.
|
|t:|1757728597
|move|p1b: Indeedee|Expanding Force|p2b: Ursaluna|[spread] p2a,p2b
|-damage|p2a: Sinistcha|0 fnt
|-damage|p2b: Ursaluna|36/100
|faint|p2a: Sinistcha
|move|p2b: Ursaluna|Headlong Rush|p1b: Indeedee
|-damage|p1b: Indeedee|0 fnt
|-unboost|p2b: Ursaluna|def|1
|-unboost|p2b: Ursaluna|spd|1
|faint|p1b: Indeedee
|
|win|RaikuDraco
||RaikuDraco is ready for game 3.
|inactive|aliciadoors has 30 seconds to confirm battle start!
||aliciadoors is ready for game 3.
|uhtml|next|Next: Game 3 of 3
|l|☆aliciadoors
|player|p1|
