|j|☆notdoodenberg
|j|☆notTonyStark
|html|notdoodenbergnotTonyStark    
|uhtml|bestof|Game 2 of a best-of-3
|t:|1784566228
|gametype|doubles
|player|p1|notdoodenberg|265|1165
|player|p2|notTonyStark|266|1099
|gen|9
|tier|[Gen 9 Champions] VGC 2026 Reg M-B (Bo3)
|rated|
|rule|Species Clause: Limit one of each Pokémon
|rule|Item Clause: Limit 1 of each item
|clearpoke
|poke|p1|Floette-Eternal, L50, F|
|poke|p1|Delphox, L50, M|
|poke|p1|Sneasler, L50, M|
|poke|p1|Incineroar, L50, M|
|poke|p1|Kingambit, L50, M|
|poke|p1|Sinistcha, L50|
|poke|p2|Blaziken, L50, F|
|poke|p2|Torkoal, L50, F|
|poke|p2|Vileplume, L50, M|
|poke|p2|Trevenant, L50, M|
|poke|p2|Slowbro-Galar, L50, F|
|poke|p2|Wyrdeer, L50, M|
|teampreview|4
|showteam|p1|Floette-Eternal||Floettite|FlowerVeil|Protect,CalmMind,DazzlingGleam,Moonblast|Timid||F|||50|]Delphox||Delphoxite|Blaze|Protect,NastyPlot,Psychic,HeatWave|Modest||M|||50|]Sneasler||FocusSash|PoisonTouch|FakeOut,PoisonJab,CloseCombat,RockTomb|Jolly||M|||50|]Incineroar||SitrusBerry|Intimidate|FakeOut,ThroatChop,PartingShot,FlareBlitz|Careful||M|||50|]Kingambit||LifeOrb|Defiant|Protect,SwordsDance,SuckerPunch,KowtowCleave|Adamant||M|||50|]Sinistcha||OccaBerry|Hospitality|Protect,TrickRoom,RagePowder,MatchaGotcha|Bold|||||50|
|showteam|p2|Blaziken||Blazikenite|SpeedBoost|Protect,RockSlide,CloseCombat,FlareBlitz|Adamant||F|||50|]Torkoal||Charcoal|Drought|Eruption,EarthPower,SolarBeam,Protect|Quiet||F|||50|]Vileplume||Leftovers|Chlorophyll|AfterYou,StrengthSap,SludgeBomb,Protect|Timid||M|||50|]Trevenant||SitrusBerry|Harvest|HornLeech,SuckerPunch,WillOWisp,Protect|Sassy||M|||50|]Slowbro-Galar||QuickClaw|QuickDraw|ShellSideArm,DrainPunch,ZenHeadbutt,Protect|Relaxed||F|||50|]Wyrdeer||FocusSash|Intimidate|Protect,TrickRoom,FutureSight,Reflect|Sassy||M|||50|
|inactive|Battle timer is ON: inactive players will automatically lose when time's up. (requested by notTonyStark)
|
|t:|1784566249
|teamsize|p1|4
|teamsize|p2|4
|start
|switch|p1a: Delphox|Delphox, L50, M|100/100
|switch|p1b: Incineroar|Incineroar, L50, M|100/100
|switch|p2a: Blaziken|Blaziken, L50, F|100/100
|switch|p2b: Trevenant|Trevenant, L50, M|100/100
|-ability|p1b: Incineroar|Intimidate|boost
|-unboost|p2a: Blaziken|atk|1
|-unboost|p2b: Trevenant|atk|1
|turn|1
|inactive|notTonyStark has 30 seconds left.
|
|t:|1784566277
|detailschange|p1a: Delphox|Delphox-Mega, L50, M
|-mega|p1a: Delphox|Delphox|Delphoxite
|detailschange|p2a: Blaziken|Blaziken-Mega, L50, F
|-mega|p2a: Blaziken|Blaziken|Blazikenite
|move|p1a: Delphox|Nasty Plot|p1a: Delphox
|-boost|p1a: Delphox|spa|2
|move|p2a: Blaziken|Rock Slide|p1b: Incineroar|[spread] p1a,p1b
|-supereffective|p1a: Delphox|1
|-supereffective|p1b: Incineroar|1
|-damage|p1a: Delphox|54/100
|-damage|p1b: Incineroar|71/100
|move|p1b: Incineroar|Parting Shot|p2b: Trevenant
|-unboost|p2b: Trevenant|atk|1
|-unboost|p2b: Trevenant|spa|1
|
|t:|1784566288
|switch|p1b: Sinistcha|Sinistcha, L50|100/100|[from] Parting Shot
|-heal|p1a: Delphox|79/100|[from] ability: Hospitality|[of] p1b: Sinistcha
|move|p2b: Trevenant|Horn Leech|p1a: Delphox
|-resisted|p1a: Delphox|1
|-damage|p1a: Delphox|71/100
|
|-ability|p2a: Blaziken|Speed Boost|boost
|-boost|p2a: Blaziken|spe|1
|upkeep
|turn|2
|
|t:|1784566301
|switch|p1b: Incineroar|Incineroar, L50, M|71/100
|-ability|p1b: Incineroar|Intimidate|boost
|-unboost|p2a: Blaziken|atk|1
|-unboost|p2b: Trevenant|atk|1
|move|p2a: Blaziken|Protect|p2a: Blaziken
|-singleturn|p2a: Blaziken|Protect
|move|p2b: Trevenant|Sucker Punch|p1a: Delphox
|-supereffective|p1a: Delphox|1
|-damage|p1a: Delphox|53/100
|move|p1a: Delphox|Heat Wave|p2b: Trevenant|[spread] p2b
|-activate|p2a: Blaziken|move: Protect
|-supereffective|p2b: Trevenant|1
|-damage|p2b: Trevenant|0 fnt
|faint|p2b: Trevenant
|
|-ability|p2a: Blaziken|Speed Boost|boost
|-boost|p2a: Blaziken|spe|1
|upkeep
|
|t:|1784566316
|switch|p2b: Slowbro|Slowbro-Galar, L50, F|100/100
|turn|3
|
|t:|1784566333
|switch|p2a: Torkoal|Torkoal, L50, F|100/100
|-weather|SunnyDay|[from] ability: Drought|[of] p2a: Torkoal
|move|p1b: Incineroar|Fake Out|p2a: Torkoal
|-damage|p2a: Torkoal|91/100
|move|p1a: Delphox|Psychic|p2a: Torkoal
|-damage|p2a: Torkoal|0 fnt
|faint|p2a: Torkoal
|move|p2b: Slowbro|Shell Side Arm|p1a: Delphox|[anim] Shell Side Arm Physical
|-crit|p1a: Delphox
|-damage|p1a: Delphox|0 fnt
|-hint|Physical Shell Side Arm
|faint|p1a: Delphox
|
|-weather|SunnyDay|[upkeep]
|upkeep
|
|t:|1784566346
|switch|p1a: Sinistcha|Sinistcha, L50|100/100
|switch|p2a: Blaziken|Blaziken-Mega, L50, F|100/100
|-heal|p1b: Incineroar|96/100|[from] ability: Hospitality|[of] p1a: Sinistcha
|turn|4
|
|t:|1784566362
|move|p1a: Sinistcha|Rage Powder|p1a: Sinistcha
|-singleturn|p1a: Sinistcha|move: Rage Powder
|move|p2a: Blaziken|Flare Blitz|p1a: Sinistcha
|-supereffective|p1a: Sinistcha|1
|-enditem|p1a: Sinistcha|Occa Berry|[eat]
|-enditem|p1a: Sinistcha|Occa Berry|[weaken]
|-damage|p1a: Sinistcha|14/100
|-damage|p2a: Blaziken|71/100|[from] Recoil
|move|p1b: Incineroar|Throat Chop|p2b: Slowbro
|-supereffective|p2b: Slowbro|1
|-damage|p2b: Slowbro|43/100
|-start|p2b: Slowbro|Throat Chop|[silent]
|move|p2b: Slowbro|Shell Side Arm|p1a: Sinistcha|[anim] Shell Side Arm Physical
|-damage|p1a: Sinistcha|0 fnt
|-hint|Physical Shell Side Arm
|faint|p1a: Sinistcha
|
|-weather|SunnyDay|[upkeep]
|-ability|p2a: Blaziken|Speed Boost|boost
|-boost|p2a: Blaziken|spe|1
|upkeep
|
|t:|1784566373
|switch|p1a: Sneasler|Sneasler, L50, M|100/100
|turn|5
|-activate|p2b: Slowbro|ability: Quick Draw
|
|t:|1784566384
|move|p2a: Blaziken|Protect|p2a: Blaziken
|-singleturn|p2a: Blaziken|Protect
|move|p1a: Sneasler|Fake Out|p2a: Blaziken
|-activate|p2a: Blaziken|move: Protect
|move|p2b: Slowbro|Zen Headbutt|p1a: Sneasler
|-supereffective|p1a: Sneasler|2
|-enditem|p1a: Sneasler|Focus Sash
|-damage|p1a: Sneasler|1/100
|move|p1b: Incineroar|Throat Chop|p2b: Slowbro
|-supereffective|p2b: Slowbro|1
|-damage|p2b: Slowbro|0 fnt
|faint|p2b: Slowbro
|
|-weather|SunnyDay|[upkeep]
|-ability|p2a: Blaziken|Speed Boost|boost
|-boost|p2a: Blaziken|spe|1
|upkeep
|turn|6
|inactive|notdoodenberg has 30 seconds left.
|
|t:|1784566410
|move|p2a: Blaziken|Rock Slide|p1a: Sneasler|[spread] p1a,p1b
|-resisted|p1a: Sneasler|1
|-supereffective|p1b: Incineroar|1
|-damage|p1a: Sneasler|0 fnt
|-damage|p1b: Incineroar|50/100g
|faint|p1a: Sneasler
|move|p1b: Incineroar|Flare Blitz|p2a: Blaziken
|-resisted|p2a: Blaziken|1
|-damage|p2a: Blaziken|28/100
|-damage|p1b: Incineroar|37/100|[from] Recoil
|-enditem|p1b: Incineroar|Sitrus Berry|[eat]
|-heal|p1b: Incineroar|62/100|[from] item: Sitrus Berry
|
|-weather|SunnyDay|[upkeep]
|-ability|p2a: Blaziken|Speed Boost|boost
|-boost|p2a: Blaziken|spe|1
|upkeep
|turn|7
|
|t:|1784566424
|move|p2a: Blaziken|Close Combat|p1b: Incineroar
|-supereffective|p1b: Incineroar|1
|-damage|p1b: Incineroar|0 fnt
|-unboost|p2a: Blaziken|def|1
|-unboost|p2a: Blaziken|spd|1
|faint|p1b: Incineroar
|
|win|notTonyStark
|raw|notdoodenberg's rating: 1165 → 1135(-30 for losing)
|raw|notTonyStark's rating: 1099 → 1129(+30 for winning)
