|j|☆The Best Optimel
|j|☆DerpieHAHAHA
|html|The Best OptimelDerpieHAHAHA    
|uhtml|bestof|Game 2 of a best-of-3
|t:|1784398575
|gametype|doubles
|player|p1|The Best Optimel|acetrainer-gen4dp|
|player|p2|DerpieHAHAHA|2|
|gen|9
|tier|[Gen 9 Champions] VGC 2026 Reg M-B (Bo3)
|rule|Species Clause: Limit one of each Pokémon
|rule|Item Clause: Limit 1 of each item
|clearpoke
|poke|p1|Delphox, L50, F|
|poke|p1|Whimsicott, L50, F|
|poke|p1|Garchomp, L50, F|
|poke|p1|Sinistcha, L50|
|poke|p1|Staraptor, L50, M|
|poke|p1|Maushold, L50|
|poke|p2|Sableye, L50, M|
|poke|p2|Dragapult, L50, M|
|poke|p2|Pelipper, L50, M|
|poke|p2|Primarina, L50, M|
|poke|p2|Incineroar, L50, F|
|poke|p2|Kingambit, L50, M|
|teampreview|4
|showteam|p1|Delphox||Delphoxite|Blaze|HeatWave,Psychic,Substitute,Protect|Timid||F|||50|]Whimsicott||FocusSash|Prankster|Moonblast,Tailwind,FakeTears,SunnyDay|Bold||F|||50|]Garchomp||LifeOrb|RoughSkin|DragonClaw,Earthquake,RockSlide,Protect|Jolly||F|||50|]Sinistcha||KasibBerry|Hospitality|MatchaGotcha,RagePowder,StrengthSap,TrickRoom|Bold|||||50|]Staraptor||Staraptite|Intimidate|CloseCombat,BraveBird,Roost,Protect|Jolly||M|||50|]Maushold||ChopleBerry|FriendGuard|SuperFang,Charm,FollowMe,Protect|Jolly|||||50|
|showteam|p2|Sableye||Sablenite|Prankster|FoulPlay,Protect,Recover,WillOWisp|Calm||M|||50|]Dragapult||Leftovers|Infiltrator|DragonDance,DragonDarts,Protect,Substitute|Jolly||M|||50|]Pelipper||FocusSash|Drizzle|Hurricane,Tailwind,Protect,WideGuard|Timid||M|||50|]Primarina||SitrusBerry|Torrent|Moonblast,HydroPump,IcyWind,Protect|Modest||M|||50|]Incineroar||ExpertBelt|Intimidate|FakeOut,PartingShot,FlareBlitz,Protect|Careful||F|||50|]Kingambit||LifeOrb|SupremeOverlord|KowtowCleave,SuckerPunch,SwordsDance,Protect|Adamant||M|||50|
|
|t:|1784398675
|teamsize|p1|4
|teamsize|p2|4
|start
|switch|p1a: Whimsicott|Whimsicott, L50, F|100/100
|switch|p1b: Staraptor|Staraptor, L50, M|100/100
|switch|p2a: Sableye|Sableye, L50, M|100/100
|switch|p2b: Kingambit|Kingambit, L50, M|100/100
|-ability|p1b: Staraptor|Intimidate|boost
|-unboost|p2a: Sableye|atk|1
|-unboost|p2b: Kingambit|atk|1
|turn|1
|
|t:|1784398723
|move|p1b: Staraptor|Protect|p1b: Staraptor
|-singleturn|p1b: Staraptor|Protect
|move|p2b: Kingambit|Sucker Punch||[still]
|-fail|p2b: Kingambit
|move|p2a: Sableye|Will-O-Wisp|p1b: Staraptor
|-activate|p1b: Staraptor|move: Protect
|move|p1a: Whimsicott|Moonblast|p2a: Sableye
|-supereffective|p2a: Sableye|1
|-damage|p2a: Sableye|27/100
|
|upkeep
|turn|2
|
|t:|1784398809
|detailschange|p1b: Staraptor|Staraptor-Mega, L50, M
|-mega|p1b: Staraptor|Staraptor|Staraptite
|move|p1a: Whimsicott|Tailwind|p1a: Whimsicott
|-sidestart|p1: The Best Optimel|move: Tailwind
|move|p2a: Sableye|Recover|p2a: Sableye
|-heal|p2a: Sableye|77/100
|move|p1b: Staraptor|Brave Bird|p2a: Sableye
|-damage|p2a: Sableye|0 fnt
|faint|p2a: Sableye
|-damage|p1b: Staraptor|79/100|[from] Recoil
|move|p2b: Kingambit|Swords Dance|p2b: Kingambit
|-boost|p2b: Kingambit|atk|2
|
|upkeep
|
|t:|1784398824
|switch|p2a: Pelipper|Pelipper, L50, M|100/100
|-weather|RainDance|[from] ability: Drizzle|[of] p2a: Pelipper
|turn|3
|
|t:|1784398886
|move|p2b: Kingambit|Protect|p2b: Kingambit
|-singleturn|p2b: Kingambit|Protect
|move|p1a: Whimsicott|Sunny Day|p1a: Whimsicott
|-weather|SunnyDay
|move|p1b: Staraptor|Close Combat|p2b: Kingambit
|-activate|p2b: Kingambit|move: Protect
|move|p2a: Pelipper|Hurricane|p1a: Whimsicott
|-supereffective|p1a: Whimsicott|1
|-damage|p1a: Whimsicott|12/100
|-start|p1a: Whimsicott|confusion
|
|-weather|SunnyDay|[upkeep]
|upkeep
|turn|4
|
|t:|1784398966
|switch|p1a: Sinistcha|Sinistcha, L50|100/100
|-heal|p1b: Staraptor|100/100|[from] ability: Hospitality|[of] p1a: Sinistcha
|move|p2b: Kingambit|Sucker Punch|p1b: Staraptor
|-resisted|p1b: Staraptor|1
|-damage|p1b: Staraptor|53/100
|-damage|p2b: Kingambit|90/100|[from] item: Life Orb
|move|p1b: Staraptor|Close Combat|p2b: Kingambit
|-supereffective|p2b: Kingambit|2
|-crit|p2b: Kingambit
|-damage|p2b: Kingambit|0 fnt
|-boost|p1b: Staraptor|def|1
|-boost|p1b: Staraptor|spd|1
|faint|p2b: Kingambit
|-end|p2b: Kingambit|fallenundefined|[silent]
|move|p2a: Pelipper|Hurricane|p1b: Staraptor
|-supereffective|p1b: Staraptor|1
|-damage|p1b: Staraptor|0 fnt
|faint|p1b: Staraptor
|
|-weather|SunnyDay|[upkeep]
|upkeep
|
|t:|1784398984
|switch|p1b: Garchomp|Garchomp, L50, F|100/100
|switch|p2b: Primarina|Primarina, L50, M|100/100
|turn|5
|
|t:|1784399039
|move|p1b: Garchomp|Protect|p1b: Garchomp
|-singleturn|p1b: Garchomp|Protect
|move|p2a: Pelipper|Protect|p2a: Pelipper
|-singleturn|p2a: Pelipper|Protect
|move|p1a: Sinistcha|Matcha Gotcha|p2a: Pelipper|[spread] p2b
|-activate|p2a: Pelipper|move: Protect
|-supereffective|p2b: Primarina|1
|-damage|p2b: Primarina|50/100g
|move|p2b: Primarina|Icy Wind|p1a: Sinistcha|[spread] p1a
|-activate|p1b: Garchomp|move: Protect
|-supereffective|p1a: Sinistcha|1
|-damage|p1a: Sinistcha|64/100
|-unboost|p1a: Sinistcha|spe|1
|
|-weather|SunnyDay|[upkeep]
|-sideend|p1: The Best Optimel|move: Tailwind
|upkeep
|turn|6
|
|t:|1784399128
|move|p2b: Primarina|Protect|p2b: Primarina
|-singleturn|p2b: Primarina|Protect
|move|p1b: Garchomp|Earthquake|p2b: Primarina|[spread] p1a
|-activate|p2b: Primarina|move: Protect
|-immune|p2a: Pelipper
|-resisted|p1a: Sinistcha|1
|-damage|p1a: Sinistcha|45/100
|-damage|p1b: Garchomp|90/100|[from] item: Life Orb
|move|p2a: Pelipper|Hurricane|p1a: Sinistcha
|-supereffective|p1a: Sinistcha|1
|-damage|p1a: Sinistcha|0 fnt
|faint|p1a: Sinistcha
|
|-weather|SunnyDay|[upkeep]
|upkeep
|
|t:|1784399140
|switch|p1a: Whimsicott|Whimsicott, L50, F|12/100
|turn|7
|
|t:|1784399165
|move|p1b: Garchomp|Earthquake|p2a: Pelipper|[spread] p1a,p2b
|-immune|p2a: Pelipper
|-resisted|p1a: Whimsicott|1
|-damage|p1a: Whimsicott|0 fnt
|-damage|p2b: Primarina|0 fnt
|faint|p1a: Whimsicott
|faint|p2b: Primarina
|-damage|p1b: Garchomp|80/100|[from] item: Life Orb
|move|p2a: Pelipper|Tailwind|p2a: Pelipper
|-sidestart|p2: DerpieHAHAHA|move: Tailwind
|
|-weather|none
|upkeep
|turn|8
|
|t:|1784399183
|move|p2a: Pelipper|Hurricane|p1b: Garchomp
|-damage|p1b: Garchomp|40/100
|-start|p1b: Garchomp|confusion
|-activate|p1b: Garchomp|confusion
|-damage|p1b: Garchomp|26/100|[from] confusion
|
|upkeep
|turn|9
|
|t:|1784399197
|move|p2a: Pelipper|Hurricane|p1b: Garchomp
|-damage|p1b: Garchomp|0 fnt
|faint|p1b: Garchomp
|
|win|DerpieHAHAHA
|c|☆The Best Optimel|gg
