|badge|p1|bronze|gen9ou|100-6
|uhtml|medal-msg|Curious what those medals under the avatar are? PS now has Ladder Seasons! For more information, check out the thread on Smogon.
|j|☆JackRG1
|j|☆TreyBayBay
|html|JackRG1TreyBayBay    
|uhtml|bestof|Game 1 of a best-of-3
|t:|1757697872
|gametype|doubles
|player|p1|JackRG1|dawn-gen4pt|1167
|player|p2|TreyBayBay|ninjaboy|1154
|gen|9
|tier|[Gen 9] VGC 2025 Reg H (Bo3)
|rated|
|rule|Species Clause: Limit one of each Pokémon
|rule|Item Clause: Limit 1 of each item
|clearpoke
|poke|p1|Tyranitar, L50, F|
|poke|p1|Excadrill, L50, F|
|poke|p1|Milotic, L50, M|
|poke|p1|Indeedee-F, L50, F|
|poke|p1|Volcarona, L50, F|
|poke|p1|Hatterene, L50, F|
|poke|p2|Ninetales-Alola, L50, F|
|poke|p2|Farigiraf, L50, F|
|poke|p2|Sneasler, L50, M|
|poke|p2|Incineroar, L50, F|
|poke|p2|Archaludon, L50, F|
|poke|p2|Hydreigon, L50, F|
|teampreview|4
|showteam|p1|Tyranitar||AssaultVest|SandStream|RockSlide,KnockOff,LowKick,TeraBlast|||F|||50|,,,,,Flying]Excadrill||FocusSash|SandRush|Earthquake,HighHorsepower,IronHead,Protect|||F|||50|,,,,,Stellar]Milotic||CovertCloak|Competitive|Scald,IcyWind,Haze,Protect|||M|||50|,,,,,Grass]Indeedee-F||SafetyGoggles|PsychicSurge|TrickRoom,Protect,Psychic,FollowMe|||F|||50|,,,,,Fairy]Volcarona||Leftovers|FlameBody|Protect,HeatWave,QuiverDance,GigaDrain|||F|||50|,,,,,Grass]Hatterene||LifeOrb|MagicBounce|DazzlingGleam,TrickRoom,ExpandingForce,Protect|||F|||50|,,,,,Fairy
|showteam|p2|Ninetales-Alola||LightClay|SnowWarning|Protect,Blizzard,Moonblast,AuroraVeil|||F|||50|,,,,,Ghost]Farigiraf||ThroatSpray|ArmorTail|ExpandingForce,HyperVoice,TrickRoom,Imprison|||F|||50|,,,,,Fairy]Sneasler||FocusSash|PoisonTouch|FakeOut,DireClaw,CloseCombat,Taunt|||M|||50|,,,,,Stellar]Incineroar||SafetyGoggles|Intimidate|FakeOut,FlareBlitz,KnockOff,WillOWisp|||F|||50|,,,,,Ghost]Archaludon||AssaultVest|Stamina|DracoMeteor,FlashCannon,BodyPress,Snarl|||F|||50|,,,,,Bug]Hydreigon||CovertCloak|Levitate|DarkPulse,EarthPower,NastyPlot,Tailwind|||F|||50|,,,,,Ghost
|inactive|Battle timer is ON: inactive players will automatically lose when time's up. (requested by JackRG1)
|inactive|JackRG1 has 60 seconds left.
|
|t:|1757697928
|teamsize|p1|4
|teamsize|p2|4
|start
|switch|p1a: Milotic|Milotic, L50, M|100/100
|switch|p1b: Volcarona|Volcarona, L50, F|100/100
|switch|p2a: Hydreigon|Hydreigon, L50, F, shiny|100/100
|switch|p2b: Farigiraf|Farigiraf, L50, F, shiny|100/100
|turn|1
|
|t:|1757697950
|move|p1b: Volcarona|Quiver Dance|p1b: Volcarona
|-boost|p1b: Volcarona|spa|1
|-boost|p1b: Volcarona|spd|1
|-boost|p1b: Volcarona|spe|1
|move|p2a: Hydreigon|Tailwind|p2a: Hydreigon
|-sidestart|p2: TreyBayBay|move: Tailwind
|move|p2b: Farigiraf|Hyper Voice|p1b: Volcarona|[spread] p1a,p1b
|-damage|p1a: Milotic|83/100
|-damage|p1b: Volcarona|84/100
|-enditem|p2b: Farigiraf|Throat Spray
|-boost|p2b: Farigiraf|spa|1|[from] item: Throat Spray
|move|p1a: Milotic|Icy Wind|p2a: Hydreigon|[spread] p2a,p2b
|-supereffective|p2a: Hydreigon
|-damage|p2a: Hydreigon|80/100
|-damage|p2b: Farigiraf|89/100
|-unboost|p2b: Farigiraf|spe|1
|
|-heal|p1b: Volcarona|90/100|[from] item: Leftovers
|upkeep
|turn|2
|
|t:|1757697970
|switch|p2a: Archaludon|Archaludon, L50, F, shiny|100/100
|move|p1b: Volcarona|Quiver Dance|p1b: Volcarona
|-boost|p1b: Volcarona|spa|1
|-boost|p1b: Volcarona|spd|1
|-boost|p1b: Volcarona|spe|1
|move|p2b: Farigiraf|Hyper Voice|p1b: Volcarona|[spread] p1a,p1b
|-damage|p1a: Milotic|54/100
|-damage|p1b: Volcarona|71/100
|move|p1a: Milotic|Icy Wind|p2b: Farigiraf|[spread] p2a,p2b
|-damage|p2a: Archaludon|93/100
|-damage|p2b: Farigiraf|78/100
|-unboost|p2a: Archaludon|spe|1
|-unboost|p2b: Farigiraf|spe|1
|-ability|p2a: Archaludon|Stamina|boost
|-boost|p2a: Archaludon|def|1
|
|-heal|p1b: Volcarona|77/100|[from] item: Leftovers
|upkeep
|turn|3
|
|t:|1757697991
|move|p1b: Volcarona|Heat Wave|p2a: Archaludon|[spread] p2a,p2b
|-damage|p2a: Archaludon|46/100
|-damage|p2b: Farigiraf|8/100
|-ability|p2a: Archaludon|Stamina|boost
|-boost|p2a: Archaludon|def|1
|move|p2a: Archaludon|Snarl|p1b: Volcarona|[spread] p1a,p1b
|-damage|p1a: Milotic|46/100
|-damage|p1b: Volcarona|71/100
|-unboost|p1b: Volcarona|spa|1
|move|p1a: Milotic|Icy Wind|p2b: Farigiraf|[spread] p2a,p2b
|-crit|p2a: Archaludon
|-damage|p2a: Archaludon|35/100
|-damage|p2b: Farigiraf|0 fnt
|-unboost|p2a: Archaludon|spe|1
|-ability|p2a: Archaludon|Stamina|boost
|-boost|p2a: Archaludon|def|1
|faint|p2b: Farigiraf
|
|-heal|p1b: Volcarona|77/100|[from] item: Leftovers
|upkeep
|
|t:|1757698007
|switch|p2b: Hydreigon|Hydreigon, L50, F, shiny|80/100
|turn|4
|
|t:|1757698022
|move|p1b: Volcarona|Heat Wave|p2a: Archaludon|[spread] p2a,p2b
|-resisted|p2b: Hydreigon
|-damage|p2a: Archaludon|2/100
|-damage|p2b: Hydreigon|57/100
|-ability|p2a: Archaludon|Stamina|boost
|-boost|p2a: Archaludon|def|1
|move|p2b: Hydreigon|Nasty Plot|p2b: Hydreigon
|-boost|p2b: Hydreigon|spa|2
|move|p2a: Archaludon|Snarl|p1a: Milotic|[spread] p1a,p1b
|-damage|p1a: Milotic|37/100
|-damage|p1b: Volcarona|72/100
|-unboost|p1b: Volcarona|spa|1
|move|p1a: Milotic|Icy Wind|p2b: Hydreigon|[spread] p2a,p2b
|-supereffective|p2b: Hydreigon
|-damage|p2a: Archaludon|0 fnt
|-damage|p2b: Hydreigon|34/100
|faint|p2a: Archaludon
|
|-heal|p1b: Volcarona|78/100|[from] item: Leftovers
|-sideend|p2: TreyBayBay|move: Tailwind
|upkeep
|
|t:|1757698038
|switch|p2a: Ninetales|Ninetales-Alola, L50, F, shiny|100/100
|-weather|Snowscape|[from] ability: Snow Warning|[of] p2a: Ninetales
|turn|5
|
|t:|1757698053
|switch|p1a: Tyranitar|Tyranitar, L50, F|100/100
|-weather|Sandstorm|[from] ability: Sand Stream|[of] p1a: Tyranitar
|move|p1b: Volcarona|Quiver Dance|p1b: Volcarona
|-boost|p1b: Volcarona|spa|1
|-boost|p1b: Volcarona|spd|1
|-boost|p1b: Volcarona|spe|1
|move|p2a: Ninetales|Aurora Veil||[still]
|-fail|p2a: Ninetales
|move|p2b: Hydreigon|Dark Pulse|p1b: Volcarona
|-crit|p1b: Volcarona
|-damage|p1b: Volcarona|0 fnt
|faint|p1b: Volcarona
|
|-weather|Sandstorm|[upkeep]
|-damage|p2a: Ninetales|94/100|[from] Sandstorm
|-damage|p2b: Hydreigon|28/100|[from] Sandstorm
|upkeep
|
|t:|1757698060
|switch|p1b: Excadrill|Excadrill, L50, F|100/100
|turn|6
|
|t:|1757698076
|move|p1b: Excadrill|Iron Head|p2b: Hydreigon
|-damage|p2b: Hydreigon|0 fnt
|faint|p2b: Hydreigon
|move|p2a: Ninetales|Moonblast|p1b: Excadrill
|-resisted|p1b: Excadrill
|-damage|p1b: Excadrill|77/100
|move|p1a: Tyranitar|Rock Slide|p2a: Ninetales
|-supereffective|p2a: Ninetales
|-damage|p2a: Ninetales|0 fnt
|faint|p2a: Ninetales
|
|win|JackRG1
