|j|☆Limitl3ssVGC
|j|☆Oriozz
|html|Limitl3ssVGCOriozz    
|uhtml|bestof|Game 1 of a best-of-3
|t:|1783308364
|gametype|doubles
|player|p1|Limitl3ssVGC|swimmerf-gen4|1000
|player|p2|Oriozz|1|1087
|gen|9
|tier|[Gen 9 Champions] VGC 2026 Reg M-B (Bo3)
|rated|
|rule|Species Clause: Limit one of each Pokémon
|rule|Item Clause: Limit 1 of each item
|clearpoke
|poke|p1|Hydreigon, L50, F|
|poke|p1|Garchomp, L50, F|
|poke|p1|Metagross, L50|
|poke|p1|Charizard, L50, M|
|poke|p1|Grimmsnarl, L50, M|
|poke|p1|Toxapex, L50, F|
|poke|p2|Kingambit, L50, M|
|poke|p2|Floette-Eternal, L50, F|
|poke|p2|Sneasler, L50, F|
|poke|p2|Incineroar, L50, M|
|poke|p2|Garchomp, L50, F|
|poke|p2|Sinistcha, L50|
|teampreview|4
|showteam|p1|Hydreigon||ChoiceScarf|Levitate|HeatWave,DarkPulse,DracoMeteor,Snarl|Modest||F|||50|]Garchomp||SitrusBerry|RoughSkin|Earthquake,RockSlide,DragonClaw,Protect|Adamant||F|||50|]Metagross||Metagrossite|ClearBody|IronHead,HammerArm,BulletPunch,Protect|Adamant|||||50|]Charizard||CharizarditeY|Blaze|Protect,HeatWave,SolarBeam,WeatherBall|Timid||M|||50|]Grimmsnarl||RoseliBerry|Prankster|FakeOut,FoulPlay,Reflect,PartingShot|Sassy||M|||50|]Toxapex||Leftovers|Regenerator|Infestation,Toxic,BanefulBunker,WideGuard|Bold||F|||50|
|showteam|p2|Kingambit||ChopleBerry|Defiant|KowtowCleave,Protect,SuckerPunch,IronHead|Adamant||M|||50|]Floette-Eternal||Floettite|FlowerVeil|DazzlingGleam,DrainingKiss,Protect,CalmMind|Bold||F|||50|]Sneasler||FocusSash|Unburden|FakeOut,DireClaw,CloseCombat,Coaching|Jolly||F|||50|]Incineroar||Leftovers|Intimidate|FakeOut,FlareBlitz,PartingShot,HelpingHand|Careful||M|||50|]Garchomp||Garchompite|RoughSkin|Earthquake,StompingTantrum,RockSlide,Protect|Adamant||F|||50|]Sinistcha||SitrusBerry|Hospitality|Protect,MatchaGotcha,TrickRoom,RagePowder|Bold|||||50|
|inactive|Battle timer is ON: inactive players will automatically lose when time's up. (requested by Oriozz)
|inactive|Limitl3ssVGC has 60 seconds left.
|inactive|Oriozz has 60 seconds left.
|inactive|Oriozz has 30 seconds left.
|inactive|Oriozz has 20 seconds left.
|inactive|Oriozz has 15 seconds left.
|
|t:|1783308448
|teamsize|p1|4
|teamsize|p2|4
|start
|switch|p1a: Metagross|Metagross, L50|100/100
|switch|p1b: Grimmsnarl|Grimmsnarl, L50, M|100/100
|switch|p2a: Sneasler|Sneasler, L50, F|100/100
|switch|p2b: Garchomp|Garchomp, L50, F|100/100
|turn|1
|inactive|Limitl3ssVGC has 30 seconds left.
|inactive|Oriozz has 30 seconds left.
|inactive|Limitl3ssVGC has 20 seconds left.
|inactive|Oriozz has 20 seconds left.
|inactive|Limitl3ssVGC has 15 seconds left.
|inactive|Limitl3ssVGC has 10 seconds left.
|
|t:|1783308495
|detailschange|p1a: Metagross|Metagross-Mega, L50
|-mega|p1a: Metagross|Metagross|Metagrossite
|move|p1a: Metagross|Protect|p1a: Metagross
|-singleturn|p1a: Metagross|Protect
|move|p2a: Sneasler|Fake Out|p1a: Metagross
|-activate|p1a: Metagross|move: Protect
|move|p1b: Grimmsnarl|Reflect|p1b: Grimmsnarl
|-sidestart|p1: Limitl3ssVGC|Reflect
|move|p2b: Garchomp|Stomping Tantrum|p1a: Metagross
|-activate|p1a: Metagross|move: Protect
|
|upkeep
|turn|2
|inactive|Limitl3ssVGC has 30 seconds left.
|inactive|Oriozz has 30 seconds left.
|inactive|Limitl3ssVGC has 20 seconds left.
|inactive|Limitl3ssVGC has 15 seconds left.
|inactive|Limitl3ssVGC has 10 seconds left.
|inactive|Limitl3ssVGC has 5 seconds left.
|
|t:|1783308547
|switch|p2a: Incineroar|Incineroar, L50, M|100/100
|-ability|p2a: Incineroar|Intimidate|boost
|-unboost|p1a: Metagross|atk|1
|-unboost|p1b: Grimmsnarl|atk|1
|move|p2b: Garchomp|Stomping Tantrum|p1a: Metagross
|-supereffective|p1a: Metagross|1
|-damage|p1a: Metagross|58/100
|move|p1a: Metagross|Hammer Arm|p2b: Garchomp
|-damage|p2b: Garchomp|67/100
|-unboost|p1a: Metagross|spe|1
|-damage|p1a: Metagross|45/100|[from] ability: Rough Skin|[of] p2b: Garchomp
|move|p1b: Grimmsnarl|Foul Play|p2b: Garchomp
|-damage|p2b: Garchomp|18/100
|-damage|p1b: Grimmsnarl|87/100|[from] ability: Rough Skin|[of] p2b: Garchomp
|
|upkeep
|turn|3
|inactive|Limitl3ssVGC has 30 seconds left.
|inactive|Oriozz has 30 seconds left.
|inactive|Oriozz has 20 seconds left.
|
|t:|1783308585
|switch|p1a: Hydreigon|Hydreigon, L50, F|100/100
|move|p2a: Incineroar|Fake Out|p1b: Grimmsnarl
|-damage|p1b: Grimmsnarl|80/100
|move|p2b: Garchomp|Earthquake|p1b: Grimmsnarl|[spread] p2a,p1b
|-immune|p1a: Hydreigon|[from] ability: Levitate
|-supereffective|p2a: Incineroar|1
|-damage|p2a: Incineroar|25/100
|-damage|p1b: Grimmsnarl|52/100
|cant|p1b: Grimmsnarl|flinch
|
|-heal|p2a: Incineroar|31/100|[from] item: Leftovers
|upkeep
|turn|4
|inactive|Limitl3ssVGC has 30 seconds left.
|inactive|Oriozz has 30 seconds left.
|
|t:|1783308613
|switch|p2a: Sneasler|Sneasler, L50, F|100/100
|switch|p1b: Toxapex|Toxapex, L50, F|100/100
|move|p2b: Garchomp|Protect|p2b: Garchomp
|-singleturn|p2b: Garchomp|Protect
|move|p1a: Hydreigon|Dark Pulse|p2b: Garchomp
|-activate|p2b: Garchomp|move: Protect
|
|upkeep
|turn|5
|inactive|Limitl3ssVGC has 30 seconds left.
|inactive|Oriozz has 30 seconds left.
|
|t:|1783308640
|switch|p2b: Kingambit|Kingambit, L50, M|100/100
|move|p1a: Hydreigon|Dark Pulse|p2b: Kingambit
|-resisted|p2b: Kingambit|1
|-damage|p2b: Kingambit|80/100
|move|p2a: Sneasler|Close Combat|p1a: Hydreigon
|-supereffective|p1a: Hydreigon|1
|-damage|p1a: Hydreigon|10/100
|-unboost|p2a: Sneasler|def|1
|-unboost|p2a: Sneasler|spd|1
|move|p1b: Toxapex|Infestation|p2b: Kingambit
|-damage|p2b: Kingambit|76/100
|-activate|p2b: Kingambit|move: Infestation|[of] p1b: Toxapex
|
|-damage|p2b: Kingambit|64/100|[from] move: Infestation|[partiallytrapped]
|-sideend|p1: Limitl3ssVGC|Reflect
|upkeep
|turn|6
|inactive|Oriozz has 30 seconds left.
|inactive|Limitl3ssVGC has 30 seconds left.
|inactive|Oriozz has 20 seconds left.
|inactive|Limitl3ssVGC has 20 seconds left.
|
|t:|1783308686
|switch|p2a: Incineroar|Incineroar, L50, M|31/100
|-ability|p2a: Incineroar|Intimidate|boost
|-unboost|p1a: Hydreigon|atk|1
|-unboost|p1b: Toxapex|atk|1
|move|p1a: Hydreigon|Dark Pulse|p2b: Kingambit
|-resisted|p2b: Kingambit|1
|-damage|p2b: Kingambit|43/100
|cant|p2b: Kingambit|flinch
|move|p1b: Toxapex|Infestation|p2a: Incineroar
|-damage|p2a: Incineroar|29/100
|-activate|p2a: Incineroar|move: Infestation|[of] p1b: Toxapex
|
|-heal|p2a: Incineroar|35/100|[from] item: Leftovers
|-damage|p2a: Incineroar|22/100|[from] move: Infestation|[partiallytrapped]
|-damage|p2b: Kingambit|31/100|[from] move: Infestation|[partiallytrapped]
|upkeep
|turn|7
|inactive|Limitl3ssVGC has 30 seconds left.
|inactive|Oriozz has 30 seconds left.
|inactive|Oriozz has 20 seconds left.
|
|t:|1783308721
|move|p2a: Incineroar|Fake Out|p1b: Toxapex
|-damage|p1b: Toxapex|92/100
|move|p1a: Hydreigon|Dark Pulse|p2a: Incineroar
|-resisted|p2a: Incineroar|1
|-damage|p2a: Incineroar|7/100
|move|p2b: Kingambit|Kowtow Cleave|p1a: Hydreigon
|-resisted|p1a: Hydreigon|1
|-damage|p1a: Hydreigon|0 fnt
|faint|p1a: Hydreigon
|cant|p1b: Toxapex|flinch
|
|-heal|p2a: Incineroar|13/100|[from] item: Leftovers
|-heal|p1b: Toxapex|98/100|[from] item: Leftovers
|-damage|p2a: Incineroar|1/100|[from] move: Infestation|[partiallytrapped]
|-damage|p2b: Kingambit|19/100|[from] move: Infestation|[partiallytrapped]
|upkeep
|
|t:|1783308740
|switch|p1a: Grimmsnarl|Grimmsnarl, L50, M|52/100
|turn|8
|inactive|Oriozz has 30 seconds left.
|
|t:|1783308777
|move|p1a: Grimmsnarl|Reflect|p1a: Grimmsnarl
|-sidestart|p1: Limitl3ssVGC|Reflect
|move|p2a: Incineroar|Flare Blitz|p1a: Grimmsnarl
|-damage|p1a: Grimmsnarl|22/100
|-damage|p2a: Incineroar|0 fnt|[from] Recoil
|faint|p2a: Incineroar
|move|p2b: Kingambit|Kowtow Cleave|p1b: Toxapex
|-damage|p1b: Toxapex|77/100
|move|p1b: Toxapex|Infestation|p2b: Kingambit
|-damage|p2b: Kingambit|15/100
|
|-heal|p1b: Toxapex|83/100|[from] item: Leftovers
|-damage|p2b: Kingambit|3/100|[from] move: Infestation|[partiallytrapped]
|upkeep
|
|t:|1783308791
|switch|p2a: Sneasler|Sneasler, L50, F|100/100
|turn|9
|inactive|Limitl3ssVGC has 30 seconds left.
|inactive|Oriozz has 30 seconds left.
|
|t:|1783308820
|move|p1a: Grimmsnarl|Parting Shot|p2a: Sneasler
|-unboost|p2a: Sneasler|atk|1
|-unboost|p2a: Sneasler|spa|1
|
|t:|1783308825
|switch|p1a: Metagross|Metagross-Mega, L50|45/100|[from] Parting Shot
|move|p2a: Sneasler|Dire Claw|p1a: Metagross
|-immune|p1a: Metagross
|move|p2b: Kingambit|Kowtow Cleave|p1b: Toxapex
|-damage|p1b: Toxapex|61/100
|move|p1b: Toxapex|Infestation|p2a: Sneasler
|-resisted|p2a: Sneasler|2
|-damage|p2a: Sneasler|99/100
|-activate|p2a: Sneasler|move: Infestation|[of] p1b: Toxapex
|
|-heal|p1b: Toxapex|66/100|[from] item: Leftovers
|-damage|p2a: Sneasler|87/100|[from] move: Infestation|[partiallytrapped]
|-end|p2b: Kingambit|Infestation|[partiallytrapped]
|upkeep
|turn|10
|inactive|Limitl3ssVGC has 30 seconds left.
|inactive|Oriozz has 30 seconds left.
|inactive|Oriozz has 20 seconds left.
|inactive|Oriozz has 15 seconds left.
|
|t:|1783308869
|switch|p2b: Garchomp|Garchomp, L50, F|18/100
|move|p1a: Metagross|Bullet Punch|p2b: Garchomp
|-damage|p2b: Garchomp|0 fnt
|-damage|p1a: Metagross|33/100|[from] ability: Rough Skin|[of] p2b: Garchomp
|faint|p2b: Garchomp
|move|p2a: Sneasler|Coaching|p2: Garchomp|[notarget]
|-fail|p2a: Sneasler
|move|p1b: Toxapex|Infestation|p2a: Sneasler
|-resisted|p2a: Sneasler|2
|-damage|p2a: Sneasler|86/100
|
|-heal|p1b: Toxapex|72/100|[from] item: Leftovers
|-damage|p2a: Sneasler|74/100|[from] move: Infestation|[partiallytrapped]
|upkeep
|
|t:|1783308882
|switch|p2b: Kingambit|Kingambit, L50, M|3/100
|turn|11
|
|t:|1783308893
|-heal|p1b: Toxapex|100/100|[from] ability: Regenerator|[silent]
|switch|p1b: Grimmsnarl|Grimmsnarl, L50, M|22/100
|move|p2b: Kingambit|Protect|p2b: Kingambit
|-singleturn|p2b: Kingambit|Protect
|move|p1a: Metagross|Bullet Punch|p2b: Kingambit
|-activate|p2b: Kingambit|move: Protect
|move|p2a: Sneasler|Close Combat|p1a: Metagross
|-damage|p1a: Metagross|14/100
|-unboost|p2a: Sneasler|def|1
|-unboost|p2a: Sneasler|spd|1
|
|-end|p2a: Sneasler|Infestation|[partiallytrapped]|[silent]
|upkeep
|turn|12
|inactive|Oriozz has 30 seconds left.
|
|t:|1783308920
|move|p2b: Kingambit|Protect||[still]
|-fail|p2b: Kingambit
|move|p1a: Metagross|Bullet Punch|p2b: Kingambit
|-resisted|p2b: Kingambit|1
|-damage|p2b: Kingambit|0 fnt
|faint|p2b: Kingambit
|move|p2a: Sneasler|Close Combat|p1a: Metagross
|-damage|p1a: Metagross|0 fnt
|-unboost|p2a: Sneasler|def|1
|-unboost|p2a: Sneasler|spd|1
|faint|p1a: Metagross
|move|p1b: Grimmsnarl|Foul Play|p2a: Sneasler
|-resisted|p2a: Sneasler|1
|-damage|p2a: Sneasler|22/100
|
|-sideend|p1: Limitl3ssVGC|Reflect
|upkeep
|
|t:|1783308933
|switch|p1a: Toxapex|Toxapex, L50, F|100/100
|turn|13
|
|t:|1783308938
|move|p1b: Grimmsnarl|Reflect|p1b: Grimmsnarl
|-sidestart|p1: Limitl3ssVGC|Reflect
|move|p2a: Sneasler|Close Combat|p1b: Grimmsnarl
|-damage|p1b: Grimmsnarl|0 fnt
|-unboost|p2a: Sneasler|def|1
|-unboost|p2a: Sneasler|spd|1
|faint|p1b: Grimmsnarl
|move|p1a: Toxapex|Infestation|p2a: Sneasler
|-resisted|p2a: Sneasler|2
|-damage|p2a: Sneasler|19/100
|-activate|p2a: Sneasler|move: Infestation|[of] p1a: Toxapex
|
|-damage|p2a: Sneasler|7/100|[from] move: Infestation|[partiallytrapped]
|upkeep
|turn|14
|
|t:|1783308953
|move|p1a: Toxapex|Baneful Bunker|p1a: Toxapex
|-singleturn|p1a: Toxapex|move: Protect
|move|p2a: Sneasler|Close Combat|p1a: Toxapex
|-activate|p1a: Toxapex|move: Protect
|
|-damage|p2a: Sneasler|0 fnt|[from] move: Infestation|[partiallytrapped]
|faint|p2a: Sneasler
|
|win|Limitl3ssVGC
||Oriozz is ready for game 2.
|inactive|Limitl3ssVGC has 30 seconds to confirm battle start!
||Limitl3ssVGC is ready for game 2.
|uhtml|next|Next: Game 2 of 3
|l|☆Limitl3ssVGC
|player|p1|
