|j|☆spodermees
|j|☆crescentsoul
|html|spodermeescrescentsoul    
|uhtml|bestof|Game 1 of a best-of-3
|t:|1785068991
|gametype|doubles
|player|p1|spodermees|sailor|1305
|player|p2|crescentsoul|steven|1269
|gen|9
|tier|[Gen 9 Champions] VGC 2026 Reg M-B (Bo3)
|rated|
|rule|Species Clause: Limit one of each Pokémon
|rule|Item Clause: Limit 1 of each item
|clearpoke
|poke|p1|Charizard, L50, M|
|poke|p1|Staraptor, L50, F|
|poke|p1|Whimsicott, L50, F|
|poke|p1|Basculegion, L50, M|
|poke|p1|Garchomp, L50, M|
|poke|p1|Incineroar, L50, M|
|poke|p2|Glimmora, L50, F|
|poke|p2|Ninetales-Alola, L50, M|
|poke|p2|Talonflame, L50, F|
|poke|p2|Basculegion, L50, M|
|poke|p2|Kommo-o, L50, M|
|poke|p2|Kingambit, L50, M|
|teampreview|4
|showteam|p1|Charizard||CharizarditeY|Blaze|HeatWave,WeatherBall,SolarBeam,Protect|Modest||M|||50|]Staraptor||Staraptite|Intimidate|CloseCombat,BraveBird,Roost,Protect|Jolly||F|||50|]Whimsicott||FocusSash|Prankster|Moonblast,Tickle,Tailwind,Encore|Bold||F|||50|]Basculegion||MysticWater|Adaptability|WaveCrash,LastRespects,AquaJet,Protect|Jolly||M|||50|]Garchomp||LifeOrb|RoughSkin|Protect,Earthquake,RockSlide,DragonClaw|Jolly||M|||50|]Incineroar||SitrusBerry|Intimidate|FakeOut,FlareBlitz,DarkestLariat,PartingShot|Careful||M|||50|
|showteam|p2|Glimmora||Glimmoranite|ToxicDebris|PowerGem,SludgeBomb,EarthPower,SpikyShield|Modest||F|||50|]Ninetales-Alola||NeverMeltIce|SnowWarning|Blizzard,FreezeDry,AuroraVeil,Protect|Timid||M|||50|]Talonflame||SharpBeak|GaleWings|DualWingbeat,FlareBlitz,Tailwind,QuickGuard|Jolly||F|||50|]Basculegion||ChoiceScarf|Adaptability|WaveCrash,AquaJet,FlipTurn,LastRespects|Jolly||M|||50|]Kommo-o||LifeOrb|Soundproof|ClangingScales,DracoMeteor,AuraSphere,Protect|Modest||M|||50|]Kingambit||FocusSash|Defiant|SuckerPunch,KowtowCleave,IronHead,LowKick|Adamant||M|||50|
|inactive|Battle timer is ON: inactive players will automatically lose when time's up. (requested by spodermees)
|inactive|crescentsoul has 60 seconds left.
|inactive|crescentsoul has 30 seconds left.
|inactive|crescentsoul has 20 seconds left.
|inactive|crescentsoul has 15 seconds left.
|
|t:|1785069070
|teamsize|p1|4
|teamsize|p2|4
|start
|switch|p1a: Staraptor|Staraptor, L50, F|100/100
|switch|p1b: Whimsicott|Whimsicott, L50, F|100/100
|switch|p2a: Talonflame|Talonflame, L50, F|100/100
|switch|p2b: Glimmora|Glimmora, L50, F|100/100
|-ability|p1a: Staraptor|Intimidate|boost
|-unboost|p2a: Talonflame|atk|1
|-unboost|p2b: Glimmora|atk|1
|turn|1
|
|t:|1785069090
|detailschange|p1a: Staraptor|Staraptor-Mega, L50, F
|-mega|p1a: Staraptor|Staraptor|Staraptite
|detailschange|p2b: Glimmora|Glimmora-Mega, L50, F
|-mega|p2b: Glimmora|Glimmora|Glimmoranite
|move|p2b: Glimmora|Spiky Shield|p2b: Glimmora
|-singleturn|p2b: Glimmora|move: Protect
|move|p2a: Talonflame|Tailwind|p2a: Talonflame
|-sidestart|p2: crescentsoul|move: Tailwind
|move|p1b: Whimsicott|Tailwind|p1b: Whimsicott
|-sidestart|p1: spodermees|move: Tailwind
|move|p1a: Staraptor|Close Combat|p2a: Talonflame
|-resisted|p2a: Talonflame|1
|-damage|p2a: Talonflame|48/100
|-boost|p1a: Staraptor|def|1
|-boost|p1a: Staraptor|spd|1
|
|upkeep
|turn|2
|inactive|crescentsoul has 30 seconds left.
|
|t:|1785069125
|switch|p2a: Basculegion|Basculegion, L50, M|100/100
|move|p1b: Whimsicott|Tickle|p1a: Staraptor
|-boost|p1a: Staraptor|atk|1
|-boost|p1a: Staraptor|def|1
|move|p1a: Staraptor|Close Combat|p2a: Basculegion
|-immune|p2a: Basculegion
|move|p2b: Glimmora|Sludge Bomb|p1a: Staraptor
|-damage|p1a: Staraptor|42/100
|
|upkeep
|turn|3
|inactive|crescentsoul has 30 seconds left.
|inactive|crescentsoul has 20 seconds left.
|
|t:|1785069161
|move|p1a: Staraptor|Protect|p1a: Staraptor
|-singleturn|p1a: Staraptor|Protect
|move|p2b: Glimmora|Spiky Shield|p2b: Glimmora
|-singleturn|p2b: Glimmora|move: Protect
|move|p1b: Whimsicott|Tickle|p2a: Basculegion
|-unboost|p2a: Basculegion|atk|1
|-unboost|p2a: Basculegion|def|1
|move|p2a: Basculegion|Wave Crash|p1a: Staraptor
|-activate|p1a: Staraptor|move: Protect
|
|upkeep
|turn|4
|
|t:|1785069175
|move|p1b: Whimsicott|Encore|p2b: Glimmora
|-start|p2b: Glimmora|Encore
|move|p2b: Glimmora|Spiky Shield||[still]
|-fail|p2b: Glimmora
|move|p2a: Basculegion|Wave Crash|p1a: Staraptor
|-damage|p1a: Staraptor|12/100
|-damage|p2a: Basculegion|91/100|[from] Recoil
|move|p1a: Staraptor|Roost|p1a: Staraptor
|-heal|p1a: Staraptor|62/100
|-singleturn|p1a: Staraptor|move: Roost
|
|-sideend|p1: spodermees|move: Tailwind
|-sideend|p2: crescentsoul|move: Tailwind
|upkeep
|turn|5
|
|t:|1785069186
|switch|p2b: Talonflame|Talonflame, L50, F|48/100
|move|p1b: Whimsicott|Tailwind|p1b: Whimsicott
|-sidestart|p1: spodermees|move: Tailwind
|move|p1a: Staraptor|Brave Bird|p2a: Basculegion
|-damage|p2a: Basculegion|0 fnt
|faint|p2a: Basculegion
|-damage|p1a: Staraptor|25/100|[from] Recoil
|
|upkeep
|
|t:|1785069193
|switch|p2a: Glimmora|Glimmora-Mega, L50, F|100/100
|turn|6
|inactive|crescentsoul has 30 seconds left.
|
|t:|1785069224
|switch|p1b: Garchomp|Garchomp, L50, M|100/100
|move|p1a: Staraptor|Roost|p1a: Staraptor
|-heal|p1a: Staraptor|75/100
|-singleturn|p1a: Staraptor|move: Roost
|move|p2b: Talonflame|Flare Blitz|p1a: Staraptor
|-damage|p1a: Staraptor|47/100
|-damage|p2b: Talonflame|38/100|[from] Recoil
|move|p2a: Glimmora|Sludge Bomb|p1a: Staraptor
|-damage|p1a: Staraptor|0 fnt
|faint|p1a: Staraptor
|
|upkeep
|
|t:|1785069236
|switch|p1a: Basculegion|Basculegion, L50, M|100/100
|turn|7
|inactive|crescentsoul has 30 seconds left.
|inactive|crescentsoul has 20 seconds left.
|inactive|crescentsoul has 15 seconds left.
|
|t:|1785069279
|move|p2a: Glimmora|Spiky Shield|p2a: Glimmora
|-singleturn|p2a: Glimmora|move: Protect
|move|p1b: Garchomp|Rock Slide|p2a: Glimmora|[spread] p2b
|-activate|p2a: Glimmora|move: Protect
|-supereffective|p2b: Talonflame|2
|-damage|p2b: Talonflame|0 fnt
|faint|p2b: Talonflame
|-damage|p1b: Garchomp|90/100|[from] item: Life Orb
|move|p1a: Basculegion|Wave Crash|p2a: Glimmora
|-activate|p2a: Glimmora|move: Protect
|-damage|p1a: Basculegion|87/100|[from] Spiky Shield|[of] p2a: Glimmora
|
|upkeep
|
|t:|1785069293
|switch|p2b: Kingambit|Kingambit, L50, M|100/100
|turn|8
|inactive|crescentsoul has 30 seconds left.
|inactive|crescentsoul has 20 seconds left.
|inactive|crescentsoul has 15 seconds left.
|
|t:|1785069336
|move|p1a: Basculegion|Aqua Jet|p2b: Kingambit
|-damage|p2b: Kingambit|71/100
|move|p1b: Garchomp|Earthquake|p2b: Kingambit|[spread] p1a,p2a,p2b
|-supereffective|p2a: Glimmora|2
|-supereffective|p2b: Kingambit|1
|-damage|p1a: Basculegion|20/100y
|-damage|p2a: Glimmora|0 fnt
|-damage|p2b: Kingambit|0 fnt
|faint|p2a: Glimmora
|faint|p2b: Kingambit
|-damage|p1b: Garchomp|80/100|[from] item: Life Orb
|
|win|spodermees
