|j|☆Arkhept
|j|☆uglybeast
|html|Arkheptuglybeast    
|uhtml|bestof|Game 3 of a best-of-3
|t:|1756976739
|gametype|doubles
|player|p1|Arkhept|misty|1270
|player|p2|uglybeast|lucas|1301
|gen|9
|tier|[Gen 9] VGC 2025 Reg H (Bo3)
|rated|
|rule|Species Clause: Limit one of each Pokémon
|rule|Item Clause: Limit 1 of each item
|clearpoke
|poke|p1|Ninetales-Alola, L50, M|
|poke|p1|Sneasler, L50, F|
|poke|p1|Metagross, L50|
|poke|p1|Rillaboom, L50, M|
|poke|p1|Kingambit, L50, M|
|poke|p1|Electabuzz, L50, M|
|poke|p2|Murkrow, L50, M|
|poke|p2|Ursaluna-Bloodmoon, L50, M|
|poke|p2|Sneasler, L50, M|
|poke|p2|Dragapult, L50, F|
|poke|p2|Armarouge, L50, F|
|poke|p2|Indeedee-F, L50, F|
|teampreview|4
|showteam|p1|Ninetales-Alola||NeverMeltIce|SnowWarning|Blizzard,FreezeDry,AuroraVeil,Protect|||M|||50|,,,,,Ice]Sneasler||FocusSash|PoisonTouch|Coaching,CloseCombat,DireClaw,Protect|||F|||50|,,,,,Flying]Metagross||AssaultVest|ClearBody|HeavySlam,PsychicFangs,StompingTantrum,BulletPunch||||||50|,,,,,Water]Rillaboom||MiracleSeed|GrassySurge|FakeOut,HighHorsepower,GrassyGlide,WoodHammer|||M|||50|,,,,,Grass]Kingambit||BlackGlasses|Defiant|KowtowCleave,SwordsDance,SuckerPunch,Protect|||M|||50|,,,,,Dark]Electabuzz||Eviolite|VitalSpirit|Electroweb,FollowMe,Taunt,Protect|||M|||50|,,,,,Ghost
|showteam|p2|Murkrow||Eviolite|Prankster|Haze,SunnyDay,Tailwind,BraveBird|||M|||50|,,,,,Ghost]Ursaluna-Bloodmoon||LifeOrb|MindsEye|BloodMoon,HyperVoice,Protect,EarthPower|||M|||50|,,,,,Normal]Sneasler||PsychicSeed|Unburden|ThroatChop,DireClaw,CloseCombat,Protect|||M|||50|,,,,,Dark]Dragapult||ChoiceBand|ClearBody|DragonDarts,Outrage,Uturn,PhantomForce|||F|||50|,,,,,Dragon]Armarouge||PowerHerb|FlashFire|HeatWave,MeteorBeam,ExpandingForce,Protect|||F|||50|,,,,,Grass]Indeedee-F||RockyHelmet|PsychicSurge|DazzlingGleam,FollowMe,HelpingHand,TrickRoom|||F|||50|,,,,,Grass
|l|☆uglybeast
|player|p2|
|j|☆uglybeast
|player|p2|uglybeast|lucas|
|inactive|Battle timer is ON: inactive players will automatically lose when time's up. (requested by Arkhept)
|
|t:|1756976838
|teamsize|p1|4
|teamsize|p2|4
|start
|switch|p1a: Sneasler|Sneasler, L50, F|100/100
|switch|p1b: Metagross|Metagross, L50|100/100
|switch|p2a: Paschalis|Ursaluna-Bloodmoon, L50, M|100/100
|switch|p2b: Anagnoman|Sneasler, L50, M|100/100
|turn|1
|inactive|uglybeast has 30 seconds left.
|inactive|Arkhept has 30 seconds left.
|inactive|Arkhept has 20 seconds left.
|inactive|Arkhept has 15 seconds left.
|inactive|Arkhept has 10 seconds left.
|inactive|Arkhept has 5 seconds left.
|
|t:|1756976900
|switch|p2a: Blade|Indeedee-F, L50, F|100/100
|-fieldstart|move: Psychic Terrain|[from] ability: Psychic Surge|[of] p2a: Blade
|-enditem|p2b: Anagnoman|Psychic Seed
|-boost|p2b: Anagnoman|spd|1|[from] item: Psychic Seed
|-terastallize|p2b: Anagnoman|Dark
|move|p2b: Anagnoman|Throat Chop|p1b: Metagross
|-supereffective|p1b: Metagross
|-damage|p1b: Metagross|30/100
|-start|p1b: Metagross|Throat Chop|[silent]
|move|p1a: Sneasler|Close Combat|p2a: Blade
|-damage|p2a: Blade|43/100
|-unboost|p1a: Sneasler|def|1
|-unboost|p1a: Sneasler|spd|1
|-damage|p1a: Sneasler|84/100|[from] item: Rocky Helmet|[of] p2a: Blade
|-status|p2a: Blade|psn|[from] ability: Poison Touch|[of] p1a: Sneasler
|move|p1b: Metagross|Heavy Slam|p2b: Anagnoman
|-damage|p2b: Anagnoman|0 fnt
|faint|p2b: Anagnoman
|
|-damage|p2a: Blade|30/100 psn|[from] psn
|upkeep
|inactive|uglybeast has 30 seconds left.
|inactive|uglybeast has 20 seconds left.
|
|t:|1756976937
|switch|p2b: Giandam|Armarouge, L50, F|100/100
|turn|2
|inactive|Arkhept has 30 seconds left.
|
|t:|1756976962
|move|p1a: Sneasler|Protect|p1a: Sneasler
|-singleturn|p1a: Sneasler|Protect
|move|p2a: Blade|Follow Me|p2a: Blade
|-singleturn|p2a: Blade|move: Follow Me
|move|p2b: Giandam|Heat Wave|p1a: Sneasler|[spread] p1b
|-activate|p1a: Sneasler|move: Protect
|-supereffective|p1b: Metagross
|-damage|p1b: Metagross|0 fnt
|faint|p1b: Metagross
|
|-damage|p2a: Blade|18/100 psn|[from] psn
|upkeep
|
|t:|1756976970
|switch|p1b: Ninetales|Ninetales-Alola, L50, M|100/100
|-weather|Snowscape|[from] ability: Snow Warning|[of] p1b: Ninetales
|turn|3
|inactive|Arkhept has 30 seconds left.
|
|t:|1756976999
|switch|p1a: Rillaboom|Rillaboom, L50, M|100/100
|-fieldstart|move: Grassy Terrain|[from] ability: Grassy Surge|[of] p1a: Rillaboom
|switch|p2a: Paschalis|Ursaluna-Bloodmoon, L50, M|100/100
|move|p1b: Ninetales|Blizzard|p2b: Giandam|[spread] p2a,p2b
|-supereffective|p2a: Paschalis
|-resisted|p2b: Giandam
|-damage|p2a: Paschalis|26/100
|-damage|p2b: Giandam|79/100
|move|p2b: Giandam|Meteor Beam||[still]
|-prepare|p2b: Giandam|Meteor Beam
|-boost|p2b: Giandam|spa|1
|-enditem|p2b: Giandam|Power Herb
|-anim|p2b: Giandam|Meteor Beam|p1b: Ninetales
|-supereffective|p1b: Ninetales
|-damage|p1b: Ninetales|0 fnt
|faint|p1b: Ninetales
|
|-weather|Snowscape|[upkeep]
|-heal|p2b: Giandam|85/100|[from] Grassy Terrain
|-heal|p2a: Paschalis|32/100|[from] Grassy Terrain
|upkeep
|
|t:|1756977010
|switch|p1b: Sneasler|Sneasler, L50, F|84/100
|turn|4
|inactive|uglybeast has 30 seconds left.
|
|t:|1756977040
|move|p2b: Giandam|Protect|p2b: Giandam
|-singleturn|p2b: Giandam|Protect
|move|p1b: Sneasler|Close Combat|p2a: Paschalis
|-supereffective|p2a: Paschalis
|-damage|p2a: Paschalis|0 fnt
|-unboost|p1b: Sneasler|def|1
|-unboost|p1b: Sneasler|spd|1
|faint|p2a: Paschalis
|move|p1a: Rillaboom|High Horsepower|p2b: Giandam
|-activate|p2b: Giandam|move: Protect
|
|-weather|Snowscape|[upkeep]
|-heal|p1b: Sneasler|90/100|[from] Grassy Terrain
|-heal|p2b: Giandam|91/100|[from] Grassy Terrain
|upkeep
|
|t:|1756977051
|switch|p2a: Blade|Indeedee-F, L50, F|18/100 psn
|-fieldstart|move: Psychic Terrain|[from] ability: Psychic Surge|[of] p2a: Blade
|turn|5
|
|t:|1756977076
|move|p2a: Blade|Helping Hand|p2b: Giandam
|-singleturn|p2b: Giandam|Helping Hand|[of] p2a: Blade
|move|p1b: Sneasler|Close Combat|p2b: Giandam
|-resisted|p2b: Giandam
|-damage|p2b: Giandam|59/100
|-unboost|p1b: Sneasler|def|1
|-unboost|p1b: Sneasler|spd|1
|move|p2b: Giandam|Heat Wave|p1a: Rillaboom|[spread] p1a,p1b
|-supereffective|p1a: Rillaboom
|-damage|p1a: Rillaboom|0 fnt
|-damage|p1b: Sneasler|0 fnt
|faint|p1a: Rillaboom
|faint|p1b: Sneasler
|
|win|uglybeast
|raw|Arkhept's rating: 1270 → 1247(-23 for losing)
|raw|uglybeast's rating: 1301 → 1319(+18 for winning)
