|j|☆shiroblast
|j|☆oscraft89
|html|shiroblastoscraft89    
|uhtml|bestof|Game 2 of a best-of-3
|t:|1785701975
|gametype|doubles
|player|p1|shiroblast|benga|1209
|player|p2|oscraft89|ethan|1336
|gen|9
|tier|[Gen 9 Champions] VGC 2026 Reg M-B (Bo3)
|rated|
|rule|Species Clause: Limit one of each Pokémon
|rule|Item Clause: Limit 1 of each item
|clearpoke
|poke|p1|Staraptor, L50, M|
|poke|p1|Garchomp, L50, M|
|poke|p1|Whimsicott, L50, M|
|poke|p1|Delphox, L50, M|
|poke|p1|Glimmora, L50, M|
|poke|p1|Kingambit, L50, M|
|poke|p2|Excadrill, L50, F|
|poke|p2|Tyranitar, L50, F|
|poke|p2|Sneasler, L50, M|
|poke|p2|Incineroar, L50, M|
|poke|p2|Froslass, L50, F|
|poke|p2|Sinistcha, L50|
|teampreview|4
|showteam|p1|Staraptor||Staraptite|Intimidate|Protect,Roost,CloseCombat,BraveBird|Jolly||M|||50|]Garchomp||LifeOrb|RoughSkin|Protect,RockSlide,Earthquake,DragonClaw|Jolly||M|||50|]Whimsicott||OccaBerry|Prankster|Moonblast,Tailwind,Charm,LightScreen|Timid||M|||50|]Delphox||Delphoxite|Magician|Protect,Psychic,HeatWave,Substitute|Timid||M|||50|]Glimmora||FocusSash|ToxicDebris|SpikyShield,SludgeBomb,EarthPower,PowerGem|Timid||M|||50|]Kingambit||ChopleBerry|Defiant|SuckerPunch,LowKick,IronHead,KowtowCleave|Adamant||M|||50|
|showteam|p2|Excadrill||FocusSash|SandRush|HighHorsepower,IronHead,RockSlide,Protect|Adamant||F|||50|]Tyranitar||Tyranitarite|SandStream|RockSlide,KnockOff,DragonDance,Protect|Adamant||F|||50|]Sneasler||WhiteHerb|Unburden|CloseCombat,DireClaw,FakeOut,Coaching|Jolly||M|||50|]Incineroar||SitrusBerry|Intimidate|FlareBlitz,FakeOut,PartingShot,HelpingHand|Impish||M|||50|]Froslass||Froslassite|CursedBody|Blizzard,ShadowBall,NastyPlot,Protect|Timid||F|||50|]Sinistcha||ColburBerry|Hospitality|LeafStorm,ShadowBall,RagePowder,Protect|Bold|||||50|
|
|t:|1785701999
|teamsize|p1|4
|teamsize|p2|4
|start
|switch|p1a: Delphox|Delphox, L50, M|100/100
|switch|p1b: Whimsicott|Whimsicott, L50, M|100/100
|switch|p2a: Incineroar|Incineroar, L50, M|100/100
|switch|p2b: Froslass|Froslass, L50, F|100/100
|-ability|p2a: Incineroar|Intimidate|boost
|-unboost|p1a: Delphox|atk|1
|-unboost|p1b: Whimsicott|atk|1
|turn|1
|
|t:|1785702022
|switch|p2b: Tyranitar|Tyranitar, L50, F|100/100
|-weather|Sandstorm|[from] ability: Sand Stream|[of] p2b: Tyranitar
|move|p1a: Delphox|Protect|p1a: Delphox
|-singleturn|p1a: Delphox|Protect
|move|p1b: Whimsicott|Tailwind|p1b: Whimsicott
|-sidestart|p1: shiroblast|move: Tailwind
|move|p2a: Incineroar|Parting Shot|p1a: Delphox
|-activate|p1a: Delphox|move: Protect
|
|-weather|Sandstorm|[upkeep]
|-damage|p1b: Whimsicott|94/100|[from] Sandstorm
|-damage|p1a: Delphox|93/100|[from] Sandstorm
|-damage|p2a: Incineroar|94/100|[from] Sandstorm
|upkeep
|turn|2
|
|t:|1785702045
|switch|p1b: Staraptor|Staraptor, L50, M|100/100
|-ability|p1b: Staraptor|Intimidate|boost
|-unboost|p2a: Incineroar|atk|1
|-unboost|p2b: Tyranitar|atk|1
|switch|p1a: Garchomp|Garchomp, L50, M|100/100
|move|p2b: Tyranitar|Dragon Dance|p2b: Tyranitar
|-boost|p2b: Tyranitar|atk|1
|-boost|p2b: Tyranitar|spe|1
|move|p2a: Incineroar|Flare Blitz|p1b: Staraptor
|-damage|p1b: Staraptor|61/100
|-damage|p2a: Incineroar|82/100|[from] Recoil
|
|-weather|Sandstorm|[upkeep]
|-damage|p1b: Staraptor|56/100|[from] Sandstorm
|-damage|p2a: Incineroar|76/100|[from] Sandstorm
|upkeep
|turn|3
|
|t:|1785702065
|switch|p2a: Froslass|Froslass, L50, F|100/100
|detailschange|p1b: Staraptor|Staraptor-Mega, L50, M
|-mega|p1b: Staraptor|Staraptor|Staraptite
|move|p1b: Staraptor|Close Combat|p2a: Froslass
|-immune|p2a: Froslass
|move|p1a: Garchomp|Rock Slide|p2a: Froslass|[spread] p2a,p2b
|-supereffective|p2a: Froslass|1
|-damage|p2a: Froslass|30/100
|-damage|p2b: Tyranitar|80/100
|-damage|p1a: Garchomp|90/100|[from] item: Life Orb
|move|p2b: Tyranitar|Rock Slide|p1a: Garchomp|[spread] p1a,p1b
|-resisted|p1a: Garchomp|1
|-damage|p1a: Garchomp|75/100
|-damage|p1b: Staraptor|31/100
|
|-weather|Sandstorm|[upkeep]
|-damage|p1b: Staraptor|25/100|[from] Sandstorm
|-damage|p2a: Froslass|24/100|[from] Sandstorm
|upkeep
|turn|4
|
|t:|1785702089
|move|p2a: Froslass|Protect|p2a: Froslass
|-singleturn|p2a: Froslass|Protect
|move|p2b: Tyranitar|Protect|p2b: Tyranitar
|-singleturn|p2b: Tyranitar|Protect
|move|p1b: Staraptor|Close Combat|p2b: Tyranitar
|-activate|p2b: Tyranitar|move: Protect
|move|p1a: Garchomp|Earthquake|p2b: Tyranitar|[spread] 
|-activate|p2a: Froslass|move: Protect
|-activate|p2b: Tyranitar|move: Protect
|-immune|p1b: Staraptor
|
|-weather|Sandstorm|[upkeep]
|-damage|p1b: Staraptor|20/100y|[from] Sandstorm
|-damage|p2a: Froslass|18/100|[from] Sandstorm
|-sideend|p1: shiroblast|move: Tailwind
|upkeep
|turn|5
|
|t:|1785702105
|detailschange|p2a: Froslass|Froslass-Mega, L50, F
|-mega|p2a: Froslass|Froslass|Froslassite
|-weather|Snowscape|[from] ability: Snow Warning|[of] p2a: Froslass
|move|p2a: Froslass|Blizzard|p1a: Garchomp|[spread] p1a,p1b
|-supereffective|p1a: Garchomp|2
|-supereffective|p1b: Staraptor|1
|-damage|p1a: Garchomp|0 fnt
|-damage|p1b: Staraptor|0 fnt
|faint|p1a: Garchomp
|faint|p1b: Staraptor
|move|p2b: Tyranitar|Dragon Dance|p2b: Tyranitar
|-boost|p2b: Tyranitar|atk|1
|-boost|p2b: Tyranitar|spe|1
|
|-weather|Snowscape|[upkeep]
|upkeep
|
|t:|1785702117
|switch|p1b: Delphox|Delphox, L50, M|93/100
|switch|p1a: Whimsicott|Whimsicott, L50, M|94/100
|turn|6
|
|t:|1785702125
|move|p1b: Delphox|Protect|p1b: Delphox
|-singleturn|p1b: Delphox|Protect
|move|p1a: Whimsicott|Tailwind|p1a: Whimsicott
|-sidestart|p1: shiroblast|move: Tailwind
|move|p2b: Tyranitar|Rock Slide|p1b: Delphox|[spread] p1a
|-activate|p1b: Delphox|move: Protect
|-damage|p1a: Whimsicott|37/100
|move|p2a: Froslass|Blizzard|p1b: Delphox|[spread] p1a
|-activate|p1b: Delphox|move: Protect
|-supereffective|p1a: Whimsicott|1
|-damage|p1a: Whimsicott|0 fnt
|faint|p1a: Whimsicott
|
|-weather|Snowscape|[upkeep]
|upkeep
|turn|7
|
|t:|1785702141
|switch|p2a: Incineroar|Incineroar, L50, M|76/100
|-ability|p2a: Incineroar|Intimidate|boost
|-unboost|p1b: Delphox|atk|1
|move|p1b: Delphox|Heat Wave|p2a: Incineroar|[spread] p2a
|-miss|p1b: Delphox|p2b: Tyranitar
|-resisted|p2a: Incineroar|1
|-damage|p2a: Incineroar|62/100
|move|p2b: Tyranitar|Knock Off|p1b: Delphox
|-supereffective|p1b: Delphox|1
|-damage|p1b: Delphox|0 fnt
|faint|p1b: Delphox
|
|win|oscraft89
|raw|shiroblast's rating: 1209 → 1193(-16 for losing)
|raw|oscraft89's rating: 1336 → 1349(+13 for winning)
|l|☆oscraft89
|player|p2|
