|j|☆seafan13
|j|☆geminiduality2
|html|seafan13geminiduality2    
|uhtml|bestof|Game 1 of a best-of-3
|t:|1785107772
|gametype|doubles
|player|p1|seafan13|n|
|player|p2|geminiduality2|caitlin|
|gen|9
|tier|[Gen 9 Champions] VGC 2026 Reg M-B (Bo3)
|rule|Species Clause: Limit one of each Pokémon
|rule|Item Clause: Limit 1 of each item
|clearpoke
|poke|p1|Milotic, L50, F, shiny|
|poke|p1|Umbreon, L50, M, shiny|
|poke|p1|Venusaur, L50, F, shiny|
|poke|p1|Goodra-Hisui, L50, M, shiny|
|poke|p1|Talonflame, L50, M, shiny|
|poke|p1|Mudsdale, L50, M, shiny|
|poke|p2|Whimsicott, L50, F, shiny|
|poke|p2|Greninja, L50, F|
|poke|p2|Froslass, L50, F, shiny|
|poke|p2|Sinistcha-Masterpiece, L50|
|poke|p2|Empoleon, L50, F|
|poke|p2|Incineroar, L50, M|
|teampreview|4
|showteam|p1|Milotic||RindoBerry|Competitive|Recover,IceBeam,Scald,Protect|Bold||F|||50|]Umbreon||Leftovers|Synchronize|Protect,Moonlight,FoulPlay,Toxic|Calm||M|||50|]Venusaur||Venusaurite|Chlorophyll|GigaDrain,SludgeBomb,Protect,Synthesis|Modest||F|||50|]Goodra-Hisui||ShellBell|SapSipper|Protect,DracoMeteor,DragonPulse,FlashCannon|Modest||M|||50|]Talonflame||LifeOrb|GaleWings|Protect,Roost,FlareBlitz,BraveBird|Jolly||M|||50|]Mudsdale||MuscleBand|Stamina|Protect,HighHorsepower,BodyPress,RockSlide|Impish||M|||50|
|showteam|p2|Whimsicott||MentalHerb|Prankster|Encore,Moonblast,Tailwind,HelpingHand|Bold||F|||50|]Greninja||Greninjite|Protean|HydroPump,GunkShot,Extrasensory,IceBeam|Hasty||F|||50|]Froslass||Froslassite|CursedBody|Blizzard,ShadowBall,Protect,AuroraVeil|Timid||F|||50|]Sinistcha-Masterpiece||Leftovers|Hospitality|RagePowder,StrengthSap,MatchaGotcha,ShadowBall|Calm|||||50|]Empoleon||LifeOrb|Competitive|Blizzard,HydroPump,FlashCannon,AquaJet|Modest||F|||50|]Incineroar||SitrusBerry|Intimidate|FakeOut,FlareBlitz,PartingShot,BrickBreak|Careful||M|||50|
|j| terosath
|j| Jaybird112233
|
|t:|1785107913
|teamsize|p1|4
|teamsize|p2|4
|start
|switch|p1a: Talonflame|Talonflame, L50, M, shiny|100/100
|switch|p1b: Umbreon|Umbreon, L50, M, shiny|100/100
|switch|p2a: Iceheart|Froslass, L50, F, shiny|100/100
|switch|p2b: Tea Time|Sinistcha-Masterpiece, L50|100/100
|turn|1
|
|t:|1785107960
|detailschange|p2a: Iceheart|Froslass-Mega, L50, F, shiny
|-mega|p2a: Iceheart|Froslass|Froslassite
|-weather|Snowscape|[from] ability: Snow Warning|[of] p2a: Iceheart
|move|p2b: Tea Time|Rage Powder|p2b: Tea Time
|-singleturn|p2b: Tea Time|move: Rage Powder
|move|p1a: Talonflame|Flare Blitz|p2b: Tea Time
|-supereffective|p2b: Tea Time|1
|-damage|p2b: Tea Time|0 fnt
|faint|p2b: Tea Time
|-damage|p1a: Talonflame|61/100|[from] Recoil
|-damage|p1a: Talonflame|52/100|[from] item: Life Orb
|move|p2a: Iceheart|Aurora Veil|p2a: Iceheart
|-sidestart|p2: geminiduality2|move: Aurora Veil
|move|p1b: Umbreon|Foul Play|p2a: Iceheart
|-supereffective|p2a: Iceheart|1
|-damage|p2a: Iceheart|61/100
|
|-weather|Snowscape|[upkeep]
|upkeep
|
|t:|1785107983
|switch|p2b: Vgc Cat|Incineroar, L50, M|100/100
|-ability|p2b: Vgc Cat|Intimidate|boost
|-unboost|p1a: Talonflame|atk|1
|-unboost|p1b: Umbreon|atk|1
|turn|2
|j| Bingus Von Bongus
|
|t:|1785108015
|switch|p1a: Milotic|Milotic, L50, F, shiny|100/100
|move|p2b: Vgc Cat|Fake Out|p1b: Umbreon
|-damage|p1b: Umbreon|90/100
|move|p2a: Iceheart|Blizzard|p1b: Umbreon|[spread] p1a,p1b
|-resisted|p1a: Milotic|1
|-damage|p1a: Milotic|84/100
|-damage|p1b: Umbreon|66/100
|-status|p1a: Milotic|frz
|-status|p1b: Umbreon|frz
|cant|p1b: Umbreon|frz
|
|-weather|Snowscape|[upkeep]
|-heal|p1b: Umbreon|72/100 frz|[from] item: Leftovers
|upkeep
|turn|3
|
|t:|1785108047
|move|p2a: Iceheart|Shadow Ball|p1a: Milotic
|-damage|p1a: Milotic|49/100 frz
|-curestatus|p1a: Milotic|frz|[from] move: Scald
|move|p1a: Milotic|Scald|p2b: Vgc Cat
|-supereffective|p2b: Vgc Cat|1
|-damage|p2b: Vgc Cat|70/100
|cant|p1b: Umbreon|frz
|move|p2b: Vgc Cat|Brick Break|p1b: Umbreon
|-supereffective|p1b: Umbreon|1
|-damage|p1b: Umbreon|34/100 frz
|
|-weather|Snowscape|[upkeep]
|-heal|p1b: Umbreon|40/100 frz|[from] item: Leftovers
|upkeep
|turn|4
|
|t:|1785108065
|move|p2a: Iceheart|Blizzard|p1b: Umbreon|[spread] p1a,p1b
|-resisted|p1a: Milotic|1
|-crit|p1a: Milotic
|-damage|p1a: Milotic|22/100
|-damage|p1b: Umbreon|16/100 frz
|move|p1a: Milotic|Recover|p1a: Milotic
|-heal|p1a: Milotic|72/100
|-curestatus|p1b: Umbreon|frz|[msg]
|move|p1b: Umbreon|Moonlight|p1b: Umbreon
|-heal|p1b: Umbreon|41/100
|move|p2b: Vgc Cat|Brick Break|p1b: Umbreon
|-supereffective|p1b: Umbreon|1
|-damage|p1b: Umbreon|6/100
|
|-weather|Snowscape|[upkeep]
|-heal|p1b: Umbreon|12/100|[from] item: Leftovers
|upkeep
|turn|5
|
|t:|1785108088
|switch|p1b: Talonflame|Talonflame, L50, M, shiny|52/100
|move|p2a: Iceheart|Blizzard|p1a: Milotic|[spread] p1a,p1b
|-resisted|p1a: Milotic|1
|-damage|p1a: Milotic|55/100
|-damage|p1b: Talonflame|0 fnt
|faint|p1b: Talonflame
|move|p1a: Milotic|Scald|p2b: Vgc Cat
|-supereffective|p2b: Vgc Cat|1
|-damage|p2b: Vgc Cat|40/100
|-enditem|p2b: Vgc Cat|Sitrus Berry|[eat]
|-heal|p2b: Vgc Cat|65/100|[from] item: Sitrus Berry
|move|p2b: Vgc Cat|Brick Break|p1a: Milotic
|-damage|p1a: Milotic|39/100
|
|-weather|none
|-sideend|p2: geminiduality2|move: Aurora Veil
|upkeep
|
|t:|1785108104
|switch|p1b: Goodra|Goodra-Hisui, L50, M, shiny|100/100
|turn|6
|
|t:|1785108115
|move|p2a: Iceheart|Protect|p2a: Iceheart
|-singleturn|p2a: Iceheart|Protect
|move|p1b: Goodra|Protect|p1b: Goodra
|-singleturn|p1b: Goodra|Protect
|move|p1a: Milotic|Scald|p2b: Vgc Cat
|-supereffective|p2b: Vgc Cat|1
|-damage|p2b: Vgc Cat|19/100
|move|p2b: Vgc Cat|Flare Blitz|p1b: Goodra
|-activate|p1b: Goodra|move: Protect
|
|upkeep
|turn|7
|
|t:|1785108145
|switch|p2a: Napoleon|Empoleon, L50, F|100/100
|move|p1a: Milotic|Scald|p2b: Vgc Cat
|-supereffective|p2b: Vgc Cat|1
|-damage|p2b: Vgc Cat|0 fnt
|faint|p2b: Vgc Cat
|move|p1b: Goodra|Flash Cannon|p2a: Napoleon
|-resisted|p2a: Napoleon|2
|-damage|p2a: Napoleon|90/100
|
|upkeep
|
|t:|1785108153
|switch|p2b: Iceheart|Froslass-Mega, L50, F, shiny|61/100
|-weather|Snowscape|[from] ability: Snow Warning|[of] p2b: Iceheart
|turn|8
|
|t:|1785108173
|move|p2b: Iceheart|Protect|p2b: Iceheart
|-singleturn|p2b: Iceheart|Protect
|move|p1a: Milotic|Protect|p1a: Milotic
|-singleturn|p1a: Milotic|Protect
|move|p1b: Goodra|Protect|p1b: Goodra
|-singleturn|p1b: Goodra|Protect
|move|p2a: Napoleon|Blizzard|p1a: Milotic|[spread] 
|-activate|p1a: Milotic|move: Protect
|-activate|p1b: Goodra|move: Protect
|
|-weather|Snowscape|[upkeep]
|upkeep
|turn|9
|
|t:|1785108193
|move|p2b: Iceheart|Blizzard|p1a: Milotic|[spread] p1a,p1b
|-resisted|p1a: Milotic|1
|-damage|p1a: Milotic|21/100
|-damage|p1b: Goodra|67/100
|-status|p1b: Goodra|frz
|move|p1a: Milotic|Recover|p1a: Milotic
|-heal|p1a: Milotic|71/100
|move|p2a: Napoleon|Blizzard|p1a: Milotic|[spread] p1a,p1b
|-resisted|p1a: Milotic|1
|-damage|p1a: Milotic|58/100
|-damage|p1b: Goodra|43/100 frz
|-damage|p2a: Napoleon|80/100|[from] item: Life Orb
|cant|p1b: Goodra|frz
|
|-weather|Snowscape|[upkeep]
|upkeep
|turn|10
|
|t:|1785108221
|move|p2b: Iceheart|Blizzard|p1b: Goodra|[spread] p1a,p1b
|-resisted|p1a: Milotic|1
|-damage|p1a: Milotic|43/100
|-damage|p1b: Goodra|12/100 frz
|move|p1a: Milotic|Scald|p2a: Napoleon
|-resisted|p2a: Napoleon|1
|-damage|p2a: Napoleon|69/100
|move|p2a: Napoleon|Blizzard|p1b: Goodra|[spread] p1a,p1b
|-resisted|p1a: Milotic|1
|-damage|p1a: Milotic|28/100
|-damage|p1b: Goodra|0 fnt
|faint|p1b: Goodra
|-damage|p2a: Napoleon|59/100|[from] item: Life Orb
|
|-weather|Snowscape|[upkeep]
|upkeep
|
|t:|1785108234
|switch|p1b: Umbreon|Umbreon, L50, M, shiny|12/100
|turn|11
|
|t:|1785108245
|move|p1b: Umbreon|Protect|p1b: Umbreon
|-singleturn|p1b: Umbreon|Protect
|move|p2b: Iceheart|Shadow Ball|p1a: Milotic
|-damage|p1a: Milotic|0 fnt
|faint|p1a: Milotic
|move|p2a: Napoleon|Blizzard|p1b: Umbreon
|-activate|p1b: Umbreon|move: Protect
|
|-weather|Snowscape|[upkeep]
|-heal|p1b: Umbreon|18/100|[from] item: Leftovers
|upkeep
|turn|12
|
|t:|1785108284
|move|p2a: Napoleon|Aqua Jet|p1b: Umbreon
|-damage|p1b: Umbreon|5/100
|-damage|p2a: Napoleon|49/100|[from] item: Life Orb
|move|p2b: Iceheart|Blizzard|p1b: Umbreon
|-damage|p1b: Umbreon|0 fnt
|faint|p1b: Umbreon
|
|win|geminiduality2
|inactive|seafan13 has 30 seconds to confirm battle start!
|inactive|geminiduality2 has 30 seconds to confirm battle start!
||seafan13 is ready for game 2.
||geminiduality2 is ready for game 2.
|uhtml|next|Next: Game 2 of 3
|l|☆geminiduality2
|player|p2|
|l| Jaybird112233
|l| terosath
