|j|‽Sushi Bum
|j|☆14#coder9
|html|Sushi Bum14#coder9    
|uhtml|bestof|Game 3 of a best-of-3
|t:|1785886560
|gametype|doubles
|player|p1|Sushi Bum|beni-ninja|1115
|player|p2|14#coder9|unknown|1193
|gen|9
|tier|[Gen 9 Champions] VGC 2026 Reg M-B (Bo3)
|rated|
|rule|Species Clause: Limit one of each Pokémon
|rule|Item Clause: Limit 1 of each item
|clearpoke
|poke|p1|Talonflame, L50, M|
|poke|p1|Tsareena, L50, F|
|poke|p1|Raichu, L50, M|
|poke|p1|Heliolisk, L50, M, shiny|
|poke|p1|Venusaur, L50, M|
|poke|p1|Mamoswine, L50, F|
|poke|p2|Charizard, L50, M, shiny|
|poke|p2|Whimsicott, L50, M, shiny|
|poke|p2|Incineroar, L50, M|
|poke|p2|Garchomp, L50, F, shiny|
|poke|p2|Rotom-Wash, L50|
|poke|p2|Staraptor, L50, F, shiny|
|teampreview|4
|showteam|p1|Talonflame||SharpBeak|GaleWings|BraveBird,Taunt,Tailwind,UpperHand|Adamant||M|||50|]Tsareena||ChoiceScarf|QueenlyMajesty|TripleAxel,TropKick,KnockOff,LowKick|Jolly||F|||50|]Raichu||RaichuniteY|LightningRod|ZapCannon,GrassKnot,FocusBlast,Protect|Timid||M|||50|]Heliolisk||ExpertBelt|DrySkin|Thunderbolt,HyperVoice,Protect,AllySwitch|Timid||M|||50|]Venusaur||LifeOrb|Chlorophyll|SludgeBomb,SleepPowder,GigaDrain,EarthPower|Timid||M|||50|]Mamoswine||FocusSash|Oblivious|StompingTantrum,IceShard,IcicleCrash,Protect|Jolly||F|||50|
|showteam|p2|Charizard||CharizarditeY|Blaze|HeatWave,Overheat,SolarBeam,Protect|Modest||M|||50|]Whimsicott||FocusSash|Prankster|SunnyDay,Tailwind,Moonblast,Encore|Timid||M|||50|]Incineroar||ChopleBerry|Intimidate|FlareBlitz,PartingShot,FakeOut,ThroatChop|Careful||M|||50|]Garchomp||LifeOrb|RoughSkin|RockSlide,DragonClaw,Earthquake,Protect|Jolly||F|||50|]Rotom-Wash||SitrusBerry|Levitate|HydroPump,VoltSwitch,WillOWisp,Electroweb|Bold|||||50|]Staraptor||Staraptite|Intimidate|Protect,CloseCombat,BraveBird,Roost|Jolly||F|||50|
|
|t:|1785886578
|teamsize|p1|4
|teamsize|p2|4
|start
|switch|p1a: Mamoswine|Mamoswine, L50, F|100/100
|switch|p1b: Talonflame|Talonflame, L50, M|100/100
|switch|p2a: Incineroar|Incineroar, L50, M|100/100
|switch|p2b: Garchomp|Garchomp, L50, F, shiny|100/100
|-ability|p2a: Incineroar|Intimidate|boost
|-fail|p1a: Mamoswine|unboost|Attack|[from] ability: Oblivious|[of] p1a: Mamoswine
|-unboost|p1b: Talonflame|atk|1
|turn|1
|inactive|Battle timer is ON: inactive players will automatically lose when time's up. (requested by 14#coder9)
|
|t:|1785886595
|switch|p2b: Whimsicott|Whimsicott, L50, M, shiny|100/100
|move|p1b: Talonflame|Upper Hand||[still]
|-fail|p1b: Talonflame
|move|p1a: Mamoswine|Icicle Crash|p2b: Whimsicott|[miss]
|-miss|p1a: Mamoswine|p2b: Whimsicott
|move|p2a: Incineroar|Flare Blitz|p1a: Mamoswine
|-supereffective|p1a: Mamoswine|1
|-enditem|p1a: Mamoswine|Focus Sash
|-damage|p1a: Mamoswine|1/100
|-damage|p2a: Incineroar|69/100|[from] Recoil
|
|upkeep
|turn|2
|
|t:|1785886619
|move|p1b: Talonflame|Tailwind|p1b: Talonflame
|-sidestart|p1: Sushi Bum|move: Tailwind
|move|p2b: Whimsicott|Tailwind|p2b: Whimsicott
|-sidestart|p2: 14#coder9|move: Tailwind
|move|p1a: Mamoswine|Stomping Tantrum|p2a: Incineroar
|-supereffective|p2a: Incineroar|1
|-damage|p2a: Incineroar|0 fnt
|faint|p2a: Incineroar
|
|upkeep
|
|t:|1785886629
|switch|p2a: Charizard|Charizard, L50, M, shiny|100/100
|turn|3
|
|t:|1785886638
|detailschange|p2a: Charizard|Charizard-Mega-Y, L50, M, shiny
|-mega|p2a: Charizard|Charizard|Charizardite Y
|-weather|SunnyDay|[from] ability: Drought|[of] p2a: Charizard
|move|p1a: Mamoswine|Protect|p1a: Mamoswine
|-singleturn|p1a: Mamoswine|Protect
|move|p1b: Talonflame|Brave Bird|p2a: Charizard
|-damage|p2a: Charizard|55/100
|-damage|p1b: Talonflame|83/100|[from] Recoil
|move|p2b: Whimsicott|Encore|p1b: Talonflame
|-start|p1b: Talonflame|Encore
|move|p2a: Charizard|Heat Wave|p1b: Talonflame|[spread] p1b
|-activate|p1a: Mamoswine|move: Protect
|-resisted|p1b: Talonflame|1
|-damage|p1b: Talonflame|30/100
|
|-weather|SunnyDay|[upkeep]
|upkeep
|turn|4
|inactive|Sushi Bum has 30 seconds left.
|inactive|Sushi Bum has 20 seconds left.
|
|t:|1785886675
|move|p2b: Whimsicott|Encore|p1a: Mamoswine
|-start|p1a: Mamoswine|Encore
|move|p1a: Mamoswine|Protect||[still]
|-fail|p1a: Mamoswine
|move|p1b: Talonflame|Brave Bird|p2a: Charizard
|-damage|p2a: Charizard|11/100
|-damage|p1b: Talonflame|13/100|[from] Recoil
|move|p2a: Charizard|Heat Wave|p1a: Mamoswine|[spread] p1a,p1b
|-supereffective|p1a: Mamoswine|1
|-resisted|p1b: Talonflame|1
|-damage|p1a: Mamoswine|0 fnt
|-damage|p1b: Talonflame|0 fnt
|faint|p1a: Mamoswine
|faint|p1b: Talonflame
|
|-weather|SunnyDay|[upkeep]
|upkeep
|
|t:|1785886678
|switch|p1b: Tsareena|Tsareena, L50, F|100/100
|switch|p1a: Raichu|Raichu, L50, M|100/100
|turn|5
|inactive|14#coder9 has 30 seconds left.
|
|t:|1785886709
|switch|p2b: Garchomp|Garchomp, L50, F, shiny|100/100
|detailschange|p1a: Raichu|Raichu-Mega-Y, L50, M
|-mega|p1a: Raichu|Raichu|Raichunite Y
|move|p2a: Charizard|Protect|p2a: Charizard
|-singleturn|p2a: Charizard|Protect
|move|p1b: Tsareena|Triple Axel|p2b: Garchomp
|-supereffective|p2b: Garchomp|2
|-damage|p2b: Garchomp|69/100
|-damage|p1b: Tsareena|87/100|[from] ability: Rough Skin|[of] p2b: Garchomp
|-supereffective|p2b: Garchomp|2
|-damage|p2b: Garchomp|11/100
|-damage|p1b: Tsareena|75/100|[from] ability: Rough Skin|[of] p2b: Garchomp
|-hitcount|p2b: Garchomp|2
|move|p1a: Raichu|Zap Cannon|p2a: Charizard
|-activate|p2a: Charizard|move: Protect
|
|-weather|SunnyDay|[upkeep]
|-sideend|p2: 14#coder9|move: Tailwind
|-sideend|p1: Sushi Bum|move: Tailwind
|upkeep
|turn|6
|inactive|14#coder9 has 30 seconds left.
|
|t:|1785886737
|switch|p2a: Whimsicott|Whimsicott, L50, M, shiny|100/100
|move|p2b: Garchomp|Protect|p2b: Garchomp
|-singleturn|p2b: Garchomp|Protect
|move|p1b: Tsareena|Triple Axel|p2b: Garchomp
|-activate|p2b: Garchomp|move: Protect
|move|p1a: Raichu|Zap Cannon|p2a: Whimsicott
|-resisted|p2a: Whimsicott|1
|-damage|p2a: Whimsicott|58/100
|-status|p2a: Whimsicott|par
|
|-weather|SunnyDay|[upkeep]
|upkeep
|turn|7
|
|t:|1785886759
|move|p2a: Whimsicott|Tailwind|p2a: Whimsicott
|-sidestart|p2: 14#coder9|move: Tailwind
|move|p2b: Garchomp|Earthquake|p1b: Tsareena|[spread] p2a,p1a,p1b
|-resisted|p2a: Whimsicott|1
|-supereffective|p1a: Raichu|1
|-resisted|p1b: Tsareena|1
|-damage|p2a: Whimsicott|32/100 par
|-damage|p1a: Raichu|0 fnt
|-damage|p1b: Tsareena|46/100
|faint|p1a: Raichu
|-damage|p2b: Garchomp|1/100|[from] item: Life Orb
|move|p1b: Tsareena|Triple Axel|p2a: Whimsicott
|-supereffective|p2a: Whimsicott|1
|-damage|p2a: Whimsicott|16/100 par
|-supereffective|p2a: Whimsicott|1
|-damage|p2a: Whimsicott|0 fnt
|faint|p2a: Whimsicott
|-hitcount|p2: Whimsicott|2
|
|-weather|none
|upkeep
|l|‽Sushi Bum
|inactive|Sushi Bum disconnected and has a minute to reconnect!
|player|p1|
|
|t:|1785886773
|switch|p2a: Charizard|Charizard-Mega-Y, L50, M, shiny|11/100
|-weather|SunnyDay|[from] ability: Drought|[of] p2a: Charizard
|turn|8
|c|☆14#coder9|gg
|inactive|Sushi Bum has 30 seconds left.
|inactive|Sushi Bum has 20 seconds left.
|inactive|Sushi Bum has 15 seconds left.
|inactive|Sushi Bum has 10 seconds left.
|inactive|Sushi Bum has 5 seconds left.
|-message|Sushi Bum lost due to inactivity.
|
|win|14#coder9
|raw|Sushi Bum's rating: 1132 → 1111(-21 for losing)
|raw|14#coder9's rating: 1193 → 1214(+21 for winning)
