|j|☆IronStandsEternal
|j|☆mjs_12
|html|IronStandsEternalmjs_12    
|uhtml|bestof|Game 3 of a best-of-3
|t:|1757102832
|gametype|doubles
|player|p1|IronStandsEternal|flint|1206
|player|p2|mjs_12|102|1155
|gen|9
|tier|[Gen 9] VGC 2025 Reg H (Bo3)
|rated|
|rule|Species Clause: Limit one of each Pokémon
|rule|Item Clause: Limit 1 of each item
|clearpoke
|poke|p1|Rillaboom, L50, M|
|poke|p1|Dragonite, L50, M|
|poke|p1|Sneasler, L50, M|
|poke|p1|Ninetales-Alola, L50, F|
|poke|p1|Kingambit, L50, M|
|poke|p1|Volcarona, L50, M|
|poke|p2|Reuniclus, L50, M|
|poke|p2|Indeedee-F, L50, F|
|poke|p2|Tyranitar, L50, F|
|poke|p2|Annihilape, L50, F|
|poke|p2|Incineroar, L50, F|
|poke|p2|Primarina, L50, M|
|teampreview|4
|showteam|p1|Rillaboom||AssaultVest|GrassySurge|WoodHammer,GrassyGlide,HighHorsepower,FakeOut|||M|||50|,,,,,Fire]Dragonite||LoadedDice|Multiscale|Protect,ScaleShot,LowKick,Haze|||M|||50|,,,,,Fairy]Sneasler||WhiteHerb|Unburden|Protect,DireClaw,CloseCombat,Coaching|||M|||50|,,,,,Ghost]Ninetales-Alola||ChoiceSpecs|SnowWarning|Blizzard,IcyWind,Moonblast,FreezeDry|||F|||50|,,,,,Ghost]Kingambit||SafetyGoggles|Defiant|Protect,KowtowCleave,SuckerPunch,SwordsDance|||M|||50|,,,,,Dark]Volcarona||CovertCloak|FlameBody|StruggleBug,RagePowder,Overheat,WillOWisp|||M|||50|,,,,,Fairy
|showteam|p2|Reuniclus||LifeOrb|MagicGuard|ExpandingForce,TrickRoom,EnergyBall,Protect|||M|||50|,,,,,Grass]Indeedee-F||SafetyGoggles|PsychicSurge|FollowMe,TrickRoom,Psychic,SkillSwap|||F|||50|,,,,,Fairy]Tyranitar||ClearAmulet|SandStream|RockSlide,Protect,KnockOff,HelpingHand|||F|||50|,,,,,Ghost]Annihilape||ChoiceScarf|Defiant|CloseCombat,FinalGambit,RageFist,Uturn|||F|||50|,,,,,Fire]Incineroar||AssaultVest|Intimidate|FakeOut,KnockOff,Uturn,FlareBlitz|||F|||50|,,,,,Ghost]Primarina||Leftovers|LiquidVoice|HyperVoice,Moonblast,Haze,Protect|||M|||50|,,,,,Water
|
|t:|1757102874
|teamsize|p1|4
|teamsize|p2|4
|start
|switch|p1a: Dragonite|Dragonite, L50, M|100/100
|switch|p1b: Sneasler|Sneasler, L50, M|100/100
|switch|p2a: Annihilape|Annihilape, L50, F|100/100
|switch|p2b: Indeedee|Indeedee-F, L50, F|100/100
|-fieldstart|move: Psychic Terrain|[from] ability: Psychic Surge|[of] p2b: Indeedee
|turn|1
|
|t:|1757102902
|-terastallize|p1b: Sneasler|Ghost
|move|p2a: Annihilape|U-turn|p1b: Sneasler
|-resisted|p1b: Sneasler
|-damage|p1b: Sneasler|86/100
|
|t:|1757102907
|switch|p2a: Reuniclus|Reuniclus, L50, M|100/100|[from] U-turn
|move|p1b: Sneasler|Dire Claw|p2b: Indeedee
|-damage|p2b: Indeedee|56/100
|-status|p2b: Indeedee|psn
|move|p1a: Dragonite|Scale Shot|p2a: Reuniclus
|-damage|p2a: Reuniclus|86/100
|-damage|p2a: Reuniclus|72/100
|-damage|p2a: Reuniclus|58/100
|-damage|p2a: Reuniclus|41/100
|-hitcount|p2a: Reuniclus|4
|-unboost|p1a: Dragonite|def|1
|-boost|p1a: Dragonite|spe|1
|move|p2b: Indeedee|Trick Room|p2b: Indeedee
|-fieldstart|move: Trick Room|[of] p2b: Indeedee
|
|-damage|p2b: Indeedee|44/100 psn|[from] psn
|upkeep
|turn|2
|
|t:|1757102942
|move|p1b: Sneasler|Protect|p1b: Sneasler
|-singleturn|p1b: Sneasler|Protect
|move|p1a: Dragonite|Protect|p1a: Dragonite
|-singleturn|p1a: Dragonite|Protect
|move|p2b: Indeedee|Follow Me|p2b: Indeedee
|-singleturn|p2b: Indeedee|move: Follow Me
|move|p2a: Reuniclus|Expanding Force|p1a: Dragonite|[spread] 
|-activate|p1a: Dragonite|move: Protect
|-activate|p1b: Sneasler|move: Protect
|
|-damage|p2b: Indeedee|32/100 psn|[from] psn
|upkeep
|turn|3
|
|t:|1757102971
|switch|p2b: Tyranitar|Tyranitar, L50, F|100/100
|-weather|Sandstorm|[from] ability: Sand Stream|[of] p2b: Tyranitar
|switch|p1b: Rillaboom|Rillaboom, L50, M|100/100
|-fieldstart|move: Grassy Terrain|[from] ability: Grassy Surge|[of] p1b: Rillaboom
|move|p2a: Reuniclus|Protect|p2a: Reuniclus
|-singleturn|p2a: Reuniclus|Protect
|move|p1a: Dragonite|Scale Shot|p2b: Tyranitar
|-damage|p2b: Tyranitar|88/100
|-damage|p2b: Tyranitar|76/100
|-damage|p2b: Tyranitar|63/100
|-damage|p2b: Tyranitar|52/100
|-crit|p2b: Tyranitar
|-damage|p2b: Tyranitar|33/100
|-hitcount|p2b: Tyranitar|5
|-unboost|p1a: Dragonite|def|1
|-boost|p1a: Dragonite|spe|1
|
|-weather|Sandstorm|[upkeep]
|-damage|p1b: Rillaboom|94/100|[from] Sandstorm
|-damage|p1a: Dragonite|95/100|[from] Sandstorm
|-heal|p2a: Reuniclus|47/100|[from] Grassy Terrain
|-heal|p2b: Tyranitar|39/100|[from] Grassy Terrain
|-heal|p1b: Rillaboom|100/100|[from] Grassy Terrain
|upkeep
|turn|4
|
|t:|1757102997
|switch|p2b: Indeedee|Indeedee-F, L50, F|32/100 psn
|-fieldstart|move: Psychic Terrain|[from] ability: Psychic Surge|[of] p2b: Indeedee
|move|p2a: Reuniclus|Expanding Force|p1a: Dragonite|[spread] p1a,p1b
|-crit|p1a: Dragonite
|-damage|p1a: Dragonite|0 fnt
|-damage|p1b: Rillaboom|34/100
|faint|p1a: Dragonite
|move|p1b: Rillaboom|Grassy Glide|p2b: Indeedee
|-damage|p2b: Indeedee|0 fnt
|faint|p2b: Indeedee
|
|-weather|Sandstorm|[upkeep]
|-damage|p1b: Rillaboom|27/100|[from] Sandstorm
|upkeep
|
|t:|1757103009
|switch|p2b: Tyranitar|Tyranitar, L50, F|39/100
|switch|p1a: Sneasler|Sneasler, L50, M, tera:Ghost|86/100
|turn|5
|
|t:|1757103018
|move|p2b: Tyranitar|Helping Hand|p2a: Reuniclus
|-singleturn|p2a: Reuniclus|Helping Hand|[of] p2b: Tyranitar
|move|p1a: Sneasler|Protect|p1a: Sneasler
|-singleturn|p1a: Sneasler|Protect
|move|p2a: Reuniclus|Expanding Force|p1a: Sneasler|[spread] p1b
|-activate|p1a: Sneasler|move: Protect
|-damage|p1b: Rillaboom|0 fnt
|faint|p1b: Rillaboom
|
|-weather|Sandstorm|[upkeep]
|-damage|p1a: Sneasler|80/100|[from] Sandstorm
|-fieldend|move: Trick Room
|upkeep
|
|t:|1757103025
|switch|p1b: Ninetales|Ninetales-Alola, L50, F|100/100
|-weather|Snowscape|[from] ability: Snow Warning|[of] p1b: Ninetales
|turn|6
|
|t:|1757103064
|-terastallize|p2b: Tyranitar|Ghost
|move|p1a: Sneasler|Close Combat|p2a: Reuniclus
|-resisted|p2a: Reuniclus
|-damage|p2a: Reuniclus|18/100
|-unboost|p1a: Sneasler|def|1
|-unboost|p1a: Sneasler|spd|1
|-enditem|p1a: Sneasler|White Herb
|-clearnegativeboost|p1a: Sneasler|[silent]
|move|p1b: Ninetales|Blizzard|p2b: Tyranitar|[spread] p2a,p2b
|-damage|p2a: Reuniclus|0 fnt
|-damage|p2b: Tyranitar|0 fnt
|faint|p2a: Reuniclus
|faint|p2b: Tyranitar
|
|-weather|Snowscape|[upkeep]
|upkeep
|
|t:|1757103079
|switch|p2b: Annihilape|Annihilape, L50, F|100/100
|turn|7
|
|t:|1757103094
|move|p1a: Sneasler|Dire Claw|p2b: Annihilape
|-resisted|p2b: Annihilape
|-damage|p2b: Annihilape|83/100
|move|p2b: Annihilape|Rage Fist|p1a: Sneasler
|-supereffective|p1a: Sneasler
|-damage|p1a: Sneasler|0 fnt
|faint|p1a: Sneasler
|move|p1b: Ninetales|Blizzard|p2b: Annihilape
|-damage|p2b: Annihilape|27/100
|-status|p2b: Annihilape|frz
|
|-weather|Snowscape|[upkeep]
|upkeep
|turn|8
|
|t:|1757103112
|cant|p2b: Annihilape|frz
|move|p1b: Ninetales|Blizzard|p2b: Annihilape
|-damage|p2b: Annihilape|0 fnt
|faint|p2b: Annihilape
|
|win|IronStandsEternal
|raw|IronStandsEternal's rating: 1206 → 1227(+21 for winning)
|raw|mjs_12's rating: 1155 → 1134(-21 for losing)
