|j|☆rokotroko
|j|☆SunshineTufo
|html|rokotrokoSunshineTufo    
|uhtml|bestof|Game 3 of a best-of-3
|t:|1785439458
|gametype|doubles
|player|p1|rokotroko|266|1246
|player|p2|SunshineTufo|li|1318
|gen|9
|tier|[Gen 9 Champions] VGC 2026 Reg M-B (Bo3)
|rated|
|rule|Species Clause: Limit one of each Pokémon
|rule|Item Clause: Limit 1 of each item
|clearpoke
|poke|p1|Charizard, L50, F|
|poke|p1|Whimsicott, L50, M|
|poke|p1|Zoroark-Hisui, L50, M|
|poke|p1|Sneasler, L50, F|
|poke|p1|Gardevoir, L50, M|
|poke|p1|Basculegion, L50, M|
|poke|p2|Raichu, L50, M, shiny|
|poke|p2|Decidueye-Hisui, L50, M|
|poke|p2|Floette-Eternal, L50, F|
|poke|p2|Aerodactyl, L50, M, shiny|
|poke|p2|Kingambit, L50, M, shiny|
|poke|p2|Basculegion, L50, M, shiny|
|teampreview|4
|showteam|p1|Charizard||CharizarditeY|Blaze|SolarBeam,WeatherBall,HeatWave,Protect|Timid||F|||50|]Whimsicott||FocusSash|Prankster|Moonblast,Encore,Tailwind,SunnyDay|Timid||M|||50|]Zoroark-Hisui||LifeOrb|Illusion|ShadowBall,Protect,Taunt,DarkPulse|Timid||M|||50|]Sneasler||WhiteHerb|Unburden|DireClaw,CloseCombat,Protect,QuickGuard|Jolly||F|||50|]Gardevoir||Gardevoirite|Synchronize|Psychic,HyperVoice,Moonblast,Protect|Modest||M|||50|]Basculegion||ChoiceScarf|Adaptability|LastRespects,WaveCrash,AquaJet,FlipTurn|Jolly||M|||50|
|showteam|p2|Raichu||RaichuniteY|Static|ZapCannon,FocusBlast,FakeOut,Protect|Timid||M|||50|]Decidueye-Hisui||ScopeLens|Scrappy|TripleArrows,LeafBlade,Protect,Taunt|Adamant||M|||50|]Floette-Eternal||Floettite|FlowerVeil|Moonblast,DazzlingGleam,LightofRuin,Protect|Timid||F|||50|]Aerodactyl||FocusSash|Unnerve|RockSlide,DualWingbeat,Tailwind,Protect|Jolly||M|||50|]Kingambit||ChopleBerry|Defiant|KowtowCleave,IronHead,SuckerPunch,LowKick|Adamant||M|||50|]Basculegion||LifeOrb|Adaptability|WaveCrash,AquaJet,LastRespects,Protect|Adamant||M|||50|
|inactive|Battle timer is ON: inactive players will automatically lose when time's up. (requested by SunshineTufo)
|inactive|rokotroko has 60 seconds left.
|
|t:|1785439508
|teamsize|p1|4
|teamsize|p2|4
|start
|switch|p1a: Whimsicott|Whimsicott, L50, M|100/100
|switch|p1b: Gardevoir|Gardevoir, L50, M|100/100
|switch|p2a: Aerodactyl|Aerodactyl, L50, M, shiny|100/100
|switch|p2b: Kingambit|Kingambit, L50, M, shiny|100/100
|-ability|p2a: Aerodactyl|Unnerve
|turn|1
|inactive|SunshineTufo has 30 seconds left.
|inactive|SunshineTufo has 20 seconds left.
|
|t:|1785439547
|detailschange|p1b: Gardevoir|Gardevoir-Mega, L50, M
|-mega|p1b: Gardevoir|Gardevoir|Gardevoirite
|move|p1a: Whimsicott|Tailwind|p1a: Whimsicott
|-sidestart|p1: rokotroko|move: Tailwind
|move|p1b: Gardevoir|Hyper Voice|p2a: Aerodactyl|[spread] p2a,p2b
|-damage|p2a: Aerodactyl|25/100
|-damage|p2b: Kingambit|36/100
|move|p2a: Aerodactyl|Tailwind|p2a: Aerodactyl
|-sidestart|p2: SunshineTufo|move: Tailwind
|move|p2b: Kingambit|Iron Head|p1b: Gardevoir
|-supereffective|p1b: Gardevoir|1
|-damage|p1b: Gardevoir|0 fnt
|faint|p1b: Gardevoir
|
|upkeep
|
|t:|1785439572
|switch|p1b: Sneasler|Sneasler, L50, F|100/100
|turn|2
|
|t:|1785439578
|switch|p2b: Basculegion|Basculegion, L50, M, shiny|100/100
|move|p2a: Aerodactyl|Protect|p2a: Aerodactyl
|-singleturn|p2a: Aerodactyl|Protect
|move|p1a: Whimsicott|Encore|p2a: Aerodactyl
|-activate|p2a: Aerodactyl|move: Protect
|move|p1b: Sneasler|Close Combat|p2b: Basculegion
|-immune|p2b: Basculegion
|
|upkeep
|turn|3
|
|t:|1785439592
|switch|p2a: Kingambit|Kingambit, L50, M, shiny|36/100
|move|p1b: Sneasler|Close Combat|p2a: Kingambit
|-supereffective|p2a: Kingambit|2
|-enditem|p2a: Kingambit|Chople Berry|[eat]
|-enditem|p2a: Kingambit|Chople Berry|[weaken]
|-damage|p2a: Kingambit|0 fnt
|-unboost|p1b: Sneasler|def|1
|-unboost|p1b: Sneasler|spd|1
|faint|p2a: Kingambit
|-enditem|p1b: Sneasler|White Herb
|-clearnegativeboost|p1b: Sneasler|[silent]
|move|p1a: Whimsicott|Moonblast|p2b: Basculegion
|-damage|p2b: Basculegion|62/100
|move|p2b: Basculegion|Wave Crash|p1b: Sneasler
|-damage|p1b: Sneasler|0 fnt
|faint|p1b: Sneasler
|-damage|p2b: Basculegion|36/100|[from] Recoil
|-damage|p2b: Basculegion|26/100|[from] item: Life Orb
|
|upkeep
|
|t:|1785439610
|switch|p1b: Basculegion|Basculegion, L50, M|100/100
|switch|p2a: Aerodactyl|Aerodactyl, L50, M, shiny|25/100
|-ability|p2a: Aerodactyl|Unnerve
|turn|4
|
|t:|1785439624
|move|p2b: Basculegion|Aqua Jet|p1b: Basculegion
|-resisted|p1b: Basculegion|1
|-damage|p1b: Basculegion|76/100
|-damage|p2b: Basculegion|16/100|[from] item: Life Orb
|move|p1b: Basculegion|Last Respects|p2a: Aerodactyl
|-damage|p2a: Aerodactyl|0 fnt
|faint|p2a: Aerodactyl
|move|p1a: Whimsicott|Moonblast|p2b: Basculegion
|-damage|p2b: Basculegion|0 fnt
|faint|p2b: Basculegion
|
|-sideend|p2: SunshineTufo|move: Tailwind
|-sideend|p1: rokotroko|move: Tailwind
|upkeep
|
|t:|1785439630
|switch|p2b: Raichu|Raichu, L50, M, shiny|100/100
|turn|5
|
|t:|1785439641
|detailschange|p2b: Raichu|Raichu-Mega-Y, L50, M, shiny
|-mega|p2b: Raichu|Raichu|Raichunite Y
|move|p1a: Whimsicott|Tailwind|p1a: Whimsicott
|-sidestart|p1: rokotroko|move: Tailwind
|move|p1b: Basculegion|Last Respects|p2b: Raichu
|-damage|p2b: Raichu|0 fnt
|faint|p2b: Raichu
|
|win|rokotroko
|raw|rokotroko's rating: 1246 → 1276(+30 for winning)
|raw|SunshineTufo's rating: 1318 → 1294(-24 for losing)
