|j|☆Yinzo
|j|☆Larchete
|html|YinzoLarchete    
|uhtml|bestof|Game 2 of a best-of-3
|t:|1755906672
|gametype|doubles
|player|p1|Yinzo|drayden|1341
|player|p2|Larchete|101|1470
|gen|9
|tier|[Gen 9] VGC 2025 Reg H (Bo3)
|rated|
|rule|Species Clause: Limit one of each Pokémon
|rule|Item Clause: Limit 1 of each item
|clearpoke
|poke|p1|Amoonguss, L50, M|
|poke|p1|Ursaluna, L50, F|
|poke|p1|Incineroar, L50, M|
|poke|p1|Bronzong, L50|
|poke|p1|Porygon2, L50|
|poke|p1|Torkoal, L50, F|
|poke|p2|Armarouge, L50, F|
|poke|p2|Indeedee-F, L50, F|
|poke|p2|Talonflame, L50, F|
|poke|p2|Tatsugiri, L50, F|
|poke|p2|Maushold, L50|
|poke|p2|Dondozo, L50, M|
|teampreview|4
|showteam|p1|Amoonguss||SitrusBerry|Regenerator|PollenPuff,Spore,RagePowder,Protect|||M|||50|,,,,,Water]Ursaluna||FlameOrb|Guts|Facade,HeadlongRush,Earthquake,Protect|||F|||50|,,,,,Ghost]Incineroar||AssaultVest|Intimidate|FlareBlitz,KnockOff,Uturn,FakeOut|||M|||50|,,,,,Grass]Bronzong||SafetyGoggles|Levitate|IceSpinner,BodyPress,TrickRoom,SunnyDay||||||50|,,,,,Water]Porygon2||Eviolite|Download|TeraBlast,ShadowBall,Protect,TrickRoom||||||50|,,,,,Fighting]Torkoal||Charcoal|Drought|Eruption,WeatherBall,ClearSmog,Protect|||F|||50|,,,,,Ghost
|showteam|p2|Armarouge||PowerHerb|FlashFire|TrickRoom,MeteorBeam,HeatWave,ExpandingForce|||F|||50|,,,,,Psychic]Indeedee-F||PsychicSeed|PsychicSurge|FollowMe,Psychic,HelpingHand,TrickRoom|||F|||50|,,,,,Grass]Talonflame||LifeOrb|GaleWings|BraveBird,FlareBlitz,Protect,Tailwind|||F|||50|,,,,,Stellar]Tatsugiri||ChoiceSpecs|Commander|MuddyWater,IcyWind,TeraBlast,DracoMeteor|||F|||50|,,,,,Poison]Maushold||WideLens|Technician|Protect,HelpingHand,PopulationBomb,FollowMe||||||50|,,,,,Normal]Dondozo||Leftovers|Unaware|Protect,WaveCrash,Earthquake,OrderUp|||M|||50|,,,,,Grass
|inactive|Battle timer is ON: inactive players will automatically lose when time's up. (requested by Yinzo)
|j| spicy rider
|inactive|Yinzo has 60 seconds left.
|
|t:|1755906727
|teamsize|p1|4
|teamsize|p2|4
|start
|switch|p1a: Bronzong|Bronzong, L50|100/100
|switch|p1b: Ursaluna|Ursaluna, L50, F|100/100
|switch|p2a: Armarouge|Armarouge, L50, F|100/100
|switch|p2b: Indeedee|Indeedee-F, L50, F|100/100
|-fieldstart|move: Psychic Terrain|[from] ability: Psychic Surge|[of] p2b: Indeedee
|-enditem|p2b: Indeedee|Psychic Seed
|-boost|p2b: Indeedee|spd|1|[from] item: Psychic Seed
|turn|1
|inactive|Yinzo has 30 seconds left.
|inactive|Larchete has 30 seconds left.
|inactive|Larchete has 20 seconds left.
|inactive|Larchete has 15 seconds left.
|inactive|Larchete has 10 seconds left.
|inactive|Larchete has 5 seconds left.
|
|t:|1755906782
|move|p1b: Ursaluna|Protect|p1b: Ursaluna
|-singleturn|p1b: Ursaluna|Protect
|move|p2b: Indeedee|Follow Me|p2b: Indeedee
|-singleturn|p2b: Indeedee|move: Follow Me
|move|p1a: Bronzong|Ice Spinner|p2b: Indeedee
|-damage|p2b: Indeedee|84/100
|-fieldend|move: Psychic Terrain
|move|p2a: Armarouge|Trick Room|p2a: Armarouge
|-fieldstart|move: Trick Room|[of] p2a: Armarouge
|
|-status|p1b: Ursaluna|brn|[from] item: Flame Orb
|upkeep
|turn|2
|
|t:|1755906805
|switch|p2a: Tatsugiri|Tatsugiri, L50, F|100/100
|switch|p2b: Dondozo|Dondozo, L50, M|100/100
|-activate|p2a: Tatsugiri|ability: Commander|[of] p2b: Dondozo
|-boost|p2b: Dondozo|atk|2
|-boost|p2b: Dondozo|spa|2
|-boost|p2b: Dondozo|spe|2
|-boost|p2b: Dondozo|def|2
|-boost|p2b: Dondozo|spd|2
|move|p1a: Bronzong|Ice Spinner|p2a: Tatsugiri|[miss]
|-miss|p1a: Bronzong|p2a: Tatsugiri
|move|p1b: Ursaluna|Earthquake|p2a: Tatsugiri|[spread] p2b
|-miss|p1b: Ursaluna|p2a: Tatsugiri
|-immune|p1a: Bronzong|[from] ability: Levitate
|-damage|p2b: Dondozo|77/100
|
|-heal|p2b: Dondozo|83/100|[from] item: Leftovers
|-damage|p1b: Ursaluna|95/100 brn|[from] brn
|upkeep
|turn|3
|inactive|Yinzo has 30 seconds left.
|inactive|Yinzo has 20 seconds left.
|inactive|Yinzo has 15 seconds left.
|
|t:|1755906849
|switch|p1a: Torkoal|Torkoal, L50, F|100/100
|-weather|SunnyDay|[from] ability: Drought|[of] p1a: Torkoal
|move|p1b: Ursaluna|Facade|p2b: Dondozo
|-damage|p2b: Dondozo|41/100
|move|p2b: Dondozo|Earthquake|p1b: Ursaluna|[spread] p1a,p1b
|-miss|p2b: Dondozo|p2a: Tatsugiri
|-supereffective|p1a: Torkoal
|-damage|p1a: Torkoal|29/100
|-damage|p1b: Ursaluna|64/100 brn
|
|-weather|SunnyDay|[upkeep]
|-heal|p2b: Dondozo|47/100|[from] item: Leftovers
|-damage|p1b: Ursaluna|58/100 brn|[from] brn
|upkeep
|turn|4
|
|t:|1755906865
|move|p2b: Dondozo|Protect|p2b: Dondozo
|-singleturn|p2b: Dondozo|Protect
|move|p1a: Torkoal|Clear Smog|p2b: Dondozo
|-activate|p2b: Dondozo|move: Protect
|move|p1b: Ursaluna|Facade|p2b: Dondozo
|-activate|p2b: Dondozo|move: Protect
|
|-weather|SunnyDay|[upkeep]
|-heal|p2b: Dondozo|54/100|[from] item: Leftovers
|-damage|p1b: Ursaluna|52/100 brn|[from] brn
|upkeep
|turn|5
|
|t:|1755906869
|move|p2b: Dondozo|Protect||[still]
|-fail|p2b: Dondozo
|move|p1a: Torkoal|Clear Smog|p2b: Dondozo
|-damage|p2b: Dondozo|47/100
|-clearboost|p2b: Dondozo
|move|p1b: Ursaluna|Facade|p2b: Dondozo
|-damage|p2b: Dondozo|0 fnt
|faint|p2b: Dondozo
|
|-weather|SunnyDay|[upkeep]
|-damage|p1b: Ursaluna|46/100 brn|[from] brn
|-fieldend|move: Trick Room
|upkeep
|
|t:|1755906873
|switch|p2b: Armarouge|Armarouge, L50, F|100/100
|turn|6
|inactive|Yinzo has 30 seconds left.
|
|t:|1755906906
|move|p1b: Ursaluna|Protect|p1b: Ursaluna
|-singleturn|p1b: Ursaluna|Protect
|move|p2a: Tatsugiri|Muddy Water|p1a: Torkoal|[spread] p1a
|-activate|p1b: Ursaluna|move: Protect
|-supereffective|p1a: Torkoal
|-damage|p1a: Torkoal|0 fnt
|faint|p1a: Torkoal
|move|p2b: Armarouge|Heat Wave|p1b: Ursaluna
|-activate|p1b: Ursaluna|move: Protect
|
|-weather|SunnyDay|[upkeep]
|-damage|p1b: Ursaluna|41/100 brn|[from] brn
|upkeep
|
|t:|1755906928
|switch|p1a: Bronzong|Bronzong, L50|100/100
|turn|7
|
|t:|1755906948
|switch|p2a: Indeedee|Indeedee-F, L50, F|84/100
|-fieldstart|move: Psychic Terrain|[from] ability: Psychic Surge|[of] p2a: Indeedee
|switch|p1b: Incineroar|Incineroar, L50, M, shiny|100/100
|-ability|p1b: Incineroar|Intimidate|boost
|-unboost|p2a: Indeedee|atk|1
|-unboost|p2b: Armarouge|atk|1
|-terastallize|p2b: Armarouge|Psychic
|move|p2b: Armarouge|Expanding Force|p1a: Bronzong|[spread] p1a
|-immune|p1b: Incineroar
|-resisted|p1a: Bronzong
|-damage|p1a: Bronzong|87/100
|move|p1a: Bronzong|Trick Room|p1a: Bronzong
|-fieldstart|move: Trick Room|[of] p1a: Bronzong
|
|-weather|none
|upkeep
|turn|8
|inactive|Yinzo has 30 seconds left.
|inactive|Yinzo has 20 seconds left.
|inactive|Yinzo has 15 seconds left.
|inactive|Yinzo has 10 seconds left.
|inactive|Yinzo has 5 seconds left.
|
|t:|1755907001
|-terastallize|p1b: Incineroar|Grass
|move|p2a: Indeedee|Follow Me|p2a: Indeedee
|-singleturn|p2a: Indeedee|move: Follow Me
|move|p1a: Bronzong|Ice Spinner|p2a: Indeedee
|-crit|p2a: Indeedee
|-damage|p2a: Indeedee|58/100
|-fieldend|move: Psychic Terrain
|move|p1b: Incineroar|U-turn|p2a: Indeedee
|-supereffective|p2a: Indeedee
|-damage|p2a: Indeedee|13/100
|
|t:|1755907010
|switch|p1b: Ursaluna|Ursaluna, L50, F|41/100 brn|[from] U-turn
|move|p2b: Armarouge|Heat Wave|p1b: Ursaluna|[spread] p1a,p1b
|-supereffective|p1a: Bronzong
|-damage|p1a: Bronzong|30/100
|-damage|p1b: Ursaluna|6/100 brn
|
|-damage|p1b: Ursaluna|0 fnt|[from] brn
|faint|p1b: Ursaluna
|upkeep
|
|t:|1755907019
|switch|p1b: Incineroar|Incineroar, L50, M, shiny, tera:Grass|100/100
|-ability|p1b: Incineroar|Intimidate|boost
|-unboost|p2a: Indeedee|atk|1
|-unboost|p2b: Armarouge|atk|1
|turn|9
|inactive|Larchete has 30 seconds left.
|inactive|Larchete has 20 seconds left.
|inactive|Larchete has 15 seconds left.
|
|t:|1755907061
|move|p2a: Indeedee|Follow Me|p2a: Indeedee
|-singleturn|p2a: Indeedee|move: Follow Me
|move|p1a: Bronzong|Body Press|p2a: Indeedee
|-damage|p2a: Indeedee|0 fnt
|faint|p2a: Indeedee
|move|p1b: Incineroar|Knock Off|p2b: Armarouge
|-supereffective|p2b: Armarouge
|-damage|p2b: Armarouge|21/100
|-enditem|p2b: Armarouge|Power Herb|[from] move: Knock Off|[of] p1b: Incineroar
|move|p2b: Armarouge|Heat Wave|p1a: Bronzong|[spread] p1a
|-miss|p2b: Armarouge|p1b: Incineroar
|-supereffective|p1a: Bronzong
|-damage|p1a: Bronzong|0 fnt
|faint|p1a: Bronzong
|
|upkeep
|
|t:|1755907070
|switch|p2a: Tatsugiri|Tatsugiri, L50, F|100/100
|turn|10
|
|t:|1755907085
|move|p1b: Incineroar|Knock Off|p2b: Armarouge
|-supereffective|p2b: Armarouge
|-damage|p2b: Armarouge|0 fnt
|faint|p2b: Armarouge
|move|p2a: Tatsugiri|Icy Wind|p1b: Incineroar
|-supereffective|p1b: Incineroar
|-damage|p1b: Incineroar|66/100
|-unboost|p1b: Incineroar|spe|1
|
|upkeep
|turn|11
|
|t:|1755907100
|move|p1b: Incineroar|Knock Off|p2a: Tatsugiri
|-damage|p2a: Tatsugiri|38/100
|-enditem|p2a: Tatsugiri|Choice Specs|[from] move: Knock Off|[of] p1b: Incineroar
|move|p2a: Tatsugiri|Icy Wind|p1b: Incineroar
|-supereffective|p1b: Incineroar
|-damage|p1b: Incineroar|40/100
|-unboost|p1b: Incineroar|spe|1
|
|-fieldend|move: Trick Room
|upkeep
|turn|12
|
|t:|1755907109
|move|p2a: Tatsugiri|Draco Meteor|p1b: Incineroar
|-damage|p1b: Incineroar|0 fnt
|-unboost|p2a: Tatsugiri|spa|2
|faint|p1b: Incineroar
|
|win|Larchete
|raw|Yinzo's rating: 1341 → 1328(-13 for losing)
|raw|Larchete's rating: 1470 → 1483(+13 for winning)
