|j|☆DonDeLenguas
|j|☆rodjilius
|html|DonDeLenguasrodjilius    
|uhtml|bestof|Game 1 of a best-of-3
|t:|1756312828
|gametype|doubles
|player|p1|DonDeLenguas|266|1211
|player|p2|rodjilius|unknown|1357
|gen|9
|tier|[Gen 9] VGC 2025 Reg H (Bo3)
|rated|
|rule|Species Clause: Limit one of each Pokémon
|rule|Item Clause: Limit 1 of each item
|clearpoke
|poke|p1|Kilowattrel, L50, F|
|poke|p1|Garchomp, L50, F|
|poke|p1|Gardevoir, L50, M|
|poke|p1|Incineroar, L50, F|
|poke|p1|Gholdengo, L50|
|poke|p1|Weezing, L50, F|
|poke|p2|Dragapult, L50, F|
|poke|p2|Sneasler, L50, M|
|poke|p2|Indeedee, L50, M|
|poke|p2|Incineroar, L50, M|
|poke|p2|Typhlosion-Hisui, L50, F|
|poke|p2|Whimsicott, L50, F|
|teampreview|4
|showteam|p1|Kilowattrel||FocusSash|Competitive|Protect,Tailwind,AirSlash,Discharge|||F|||50|,,,,,Ghost]Garchomp||LifeOrb|RoughSkin|Protect,DragonClaw,StompingTantrum,Earthquake|||F|||50|,,,,,Ground]Gardevoir||ChoiceScarf|Telepathy|Moonblast,DazzlingGleam,ExpandingForce,MysticalFire|||M|||50|,,,,,Fire]Incineroar||AbilityShield|Intimidate|FakeOut,FlareBlitz,KnockOff,PartingShot|||F|||50|,,,,,Grass]Gholdengo||AirBalloon|GoodasGold|Protect,ShadowBall,MakeItRain,NastyPlot||||||50|,,,,,Flying]Weezing||SitrusBerry|NeutralizingGas|Protect,SludgeBomb,WillOWisp,Haze|||F|||50|,,,,,Water
|showteam|p2|Dragapult||ChoiceBand|ClearBody|DragonDarts,PhantomForce,Uturn,Outrage|||F|||50|,,,,,Dragon]Sneasler||PsychicSeed|Unburden|DireClaw,CloseCombat,Protect,ThroatChop|||M|||50|,,,,,Dark]Indeedee||FocusSash|PsychicSurge|ExpandingForce,Imprison,TeraBlast,TrickRoom|||M|||50|,,,,,Fighting]Incineroar||SafetyGoggles|Intimidate|FakeOut,FlareBlitz,KnockOff,PartingShot|||M|||50|,,,,,Bug]Typhlosion-Hisui||ChoiceSpecs|Blaze|Eruption,HeatWave,ShadowBall,Overheat|||F|||50|,,,,,Fire]Whimsicott||CovertCloak|Prankster|Moonblast,Protect,Tailwind,SunnyDay|||F|||50|,,,,,Steel
|inactive|Battle timer is ON: inactive players will automatically lose when time's up. (requested by rodjilius)
|inactive|DonDeLenguas has 60 seconds left.
|inactive|rodjilius has 60 seconds left.
|inactive|DonDeLenguas has 30 seconds left.
|
|t:|1756312893
|teamsize|p1|4
|teamsize|p2|4
|start
|switch|p1a: Weezing|Weezing, L50, F|100/100
|switch|p1b: Incineroar|Incineroar, L50, F|100/100
|switch|p2a: Dragapult|Dragapult, L50, F|100/100
|switch|p2b: Whimsicott|Whimsicott, L50, F|100/100
|-ability|p1a: Weezing|Neutralizing Gas
|-block|p1b: Incineroar|item: Ability Shield
|-ability|p1b: Incineroar|Intimidate|boost
|-unboost|p2a: Dragapult|atk|1
|-unboost|p2b: Whimsicott|atk|1
|turn|1
|
|t:|1756312907
|move|p2b: Whimsicott|Protect|p2b: Whimsicott
|-singleturn|p2b: Whimsicott|Protect
|move|p2a: Dragapult|U-turn|p1b: Incineroar
|-damage|p1b: Incineroar|84/100
|
|t:|1756312919
|switch|p2a: Sneasler|Sneasler, L50, M|100/100|[from] U-turn
|move|p1a: Weezing|Sludge Bomb|p2b: Whimsicott
|-activate|p2b: Whimsicott|move: Protect
|move|p1b: Incineroar|Knock Off|p2a: Sneasler
|-resisted|p2a: Sneasler
|-damage|p2a: Sneasler|71/100
|-enditem|p2a: Sneasler|Psychic Seed|[from] move: Knock Off|[of] p1b: Incineroar
|
|upkeep
|turn|2
|
|t:|1756312941
|switch|p1b: Garchomp|Garchomp, L50, F|100/100
|-terastallize|p2b: Whimsicott|Steel
|move|p2a: Sneasler|Protect|p2a: Sneasler
|-singleturn|p2a: Sneasler|Protect
|move|p2b: Whimsicott|Moonblast|p1b: Garchomp
|-supereffective|p1b: Garchomp
|-damage|p1b: Garchomp|23/100
|move|p1a: Weezing|Will-O-Wisp|p2a: Sneasler
|-activate|p2a: Sneasler|move: Protect
|
|upkeep
|turn|3
|
|t:|1756312960
|switch|p2a: Indeedee|Indeedee, L50, M|100/100
|move|p2b: Whimsicott|Moonblast|p1b: Garchomp
|-supereffective|p1b: Garchomp
|-damage|p1b: Garchomp|0 fnt
|faint|p1b: Garchomp
|move|p1a: Weezing|Will-O-Wisp|p2a: Indeedee|[miss]
|-miss|p1a: Weezing|p2a: Indeedee
|
|upkeep
|
|t:|1756312966
|switch|p1b: Incineroar|Incineroar, L50, F|84/100
|-ability|p1b: Incineroar|Intimidate|boost
|-unboost|p2a: Indeedee|atk|1
|-unboost|p2b: Whimsicott|atk|1
|turn|4
|inactive|rodjilius has 30 seconds left.
|inactive|DonDeLenguas has 30 seconds left.
|
|t:|1756313006
|switch|p2a: Sneasler|Sneasler, L50, M|71/100
|-terastallize|p1a: Weezing|Water
|move|p2b: Whimsicott|Tailwind|p2b: Whimsicott
|-sidestart|p2: rodjilius|move: Tailwind
|move|p1a: Weezing|Sludge Bomb|p2a: Sneasler
|-resisted|p2a: Sneasler
|-damage|p2a: Sneasler|53/100
|move|p1b: Incineroar|Flare Blitz|p2b: Whimsicott
|-supereffective|p2b: Whimsicott
|-damage|p2b: Whimsicott|0 fnt
|faint|p2b: Whimsicott
|-damage|p1b: Incineroar|59/100|[from] Recoil
|
|upkeep
|
|t:|1756313019
|switch|p2b: Dragapult|Dragapult, L50, F|100/100
|turn|5
|
|t:|1756313028
|switch|p1b: Gardevoir|Gardevoir, L50, M|100/100
|move|p2b: Dragapult|Phantom Force||[still]
|-prepare|p2b: Dragapult|Phantom Force
|move|p2a: Sneasler|Close Combat|p1b: Gardevoir
|-resisted|p1b: Gardevoir
|-damage|p1b: Gardevoir|79/100
|-unboost|p2a: Sneasler|def|1
|-unboost|p2a: Sneasler|spd|1
|move|p1a: Weezing|Will-O-Wisp|p2a: Sneasler
|-status|p2a: Sneasler|brn
|
|-damage|p2a: Sneasler|47/100 brn|[from] brn
|upkeep
|turn|6
|
|t:|1756313040
|switch|p1b: Incineroar|Incineroar, L50, F|59/100
|-ability|p1b: Incineroar|Intimidate|boost
|-unboost|p2a: Sneasler|atk|1
|-unboost|p2b: Dragapult|atk|1
|move|p1a: Weezing|Protect|p1a: Weezing
|-singleturn|p1a: Weezing|Protect
|move|p2b: Dragapult|Phantom Force|p1a: Weezing|[from] lockedmove
|-activate|p1a: Weezing|move: Phantom Force|[broken]
|-damage|p1a: Weezing|64/100
|move|p2a: Sneasler|Dire Claw|p1b: Incineroar
|-damage|p1b: Incineroar|49/100
|-status|p1b: Incineroar|psn
|
|-damage|p1b: Incineroar|37/100 psn|[from] psn
|-damage|p2a: Sneasler|40/100 brn|[from] brn
|upkeep
|turn|7
|inactive|rodjilius has 30 seconds left.
|
|t:|1756313066
|move|p2b: Dragapult|Phantom Force||[still]
|-prepare|p2b: Dragapult|Phantom Force
|move|p2a: Sneasler|Close Combat|p1a: Weezing
|-damage|p1a: Weezing|49/100
|-unboost|p2a: Sneasler|def|1
|-unboost|p2a: Sneasler|spd|1
|-enditem|p1a: Weezing|Sitrus Berry|[eat]
|-heal|p1a: Weezing|74/100|[from] item: Sitrus Berry
|move|p1a: Weezing|Sludge Bomb|p2a: Sneasler
|-resisted|p2a: Sneasler
|-damage|p2a: Sneasler|5/100 brn
|move|p1b: Incineroar|Flare Blitz|p2a: Sneasler
|-damage|p2a: Sneasler|0 fnt
|faint|p2a: Sneasler
|-damage|p1b: Incineroar|35/100 psn|[from] Recoil
|
|-damage|p1b: Incineroar|23/100 psn|[from] psn
|-sideend|p2: rodjilius|move: Tailwind
|upkeep
|
|t:|1756313078
|switch|p2a: Indeedee|Indeedee, L50, M|100/100
|turn|8
|
|t:|1756313090
|move|p2b: Dragapult|Phantom Force|p1a: Weezing|[from] lockedmove
|-damage|p1a: Weezing|38/100
|move|p2a: Indeedee|Tera Blast|p1b: Incineroar
|-crit|p1b: Incineroar
|-damage|p1b: Incineroar|0 fnt
|faint|p1b: Incineroar
|move|p1a: Weezing|Sludge Bomb|p2a: Indeedee
|-damage|p2a: Indeedee|60/100
|
|upkeep
|
|t:|1756313098
|switch|p1b: Gardevoir|Gardevoir, L50, M|79/100
|turn|9
|
|t:|1756313108
|move|p2b: Dragapult|Phantom Force||[still]
|-prepare|p2b: Dragapult|Phantom Force
|move|p1b: Gardevoir|Moonblast|p2b: Dragapult|[miss]
|-miss|p1b: Gardevoir|p2b: Dragapult
|move|p2a: Indeedee|Tera Blast|p1b: Gardevoir
|-damage|p1b: Gardevoir|43/100
|move|p1a: Weezing|Sludge Bomb|p2a: Indeedee
|-damage|p2a: Indeedee|21/100
|
|upkeep
|turn|10
|inactive|DonDeLenguas has 30 seconds left.
|
|t:|1756313141
|move|p2b: Dragapult|Phantom Force|p1b: Gardevoir|[from] lockedmove
|-supereffective|p1b: Gardevoir
|-damage|p1b: Gardevoir|0 fnt
|faint|p1b: Gardevoir
|move|p2a: Indeedee|Expanding Force|p1a: Weezing
|-damage|p1a: Weezing|0 fnt
|faint|p1a: Weezing
|-end|p1a: Weezing|ability: Neutralizing Gas
|-fieldstart|move: Psychic Terrain|[from] ability: Psychic Surge|[of] p2a: Indeedee
|
|win|rodjilius
||DonDeLenguas is ready for game 2.
||rodjilius is ready for game 2.
|uhtml|next|Next: Game 2 of 3
|l|☆rodjilius
|player|p2|
|j|☆rodjilius
|player|p2|rodjilius|unknown|
