|j|☆the crimson craig
|j|☆DeewompostYT
|html|the crimson craigDeewompostYT    
|uhtml|bestof|Game 2 of a best-of-3
|t:|1783138488
|gametype|doubles
|player|p1|the crimson craig|marshal|1341
|player|p2|DeewompostYT|guitarist|1247
|gen|9
|tier|[Gen 9 Champions] VGC 2026 Reg M-B (Bo3)
|rated|
|rule|Species Clause: Limit one of each Pokémon
|rule|Item Clause: Limit 1 of each item
|clearpoke
|poke|p1|Charizard, L50, M|
|poke|p1|Glimmora, L50, F|
|poke|p1|Basculegion, L50, M|
|poke|p1|Whimsicott, L50, M|
|poke|p1|Aegislash, L50, M|
|poke|p1|Hydreigon, L50, F|
|poke|p2|Scovillain, L50, M|
|poke|p2|Grimmsnarl, L50, M|
|poke|p2|Basculegion, L50, M|
|poke|p2|Kingambit, L50, F|
|poke|p2|Garchomp, L50, F|
|poke|p2|Floette-Eternal, L50, F|
|teampreview|4
|showteam|p1|Charizard||CharizarditeY|Blaze|HeatWave,WeatherBall,SolarBeam,Protect|Modest||M|||50|]Glimmora||Glimmoranite|ToxicDebris|PowerGem,SludgeBomb,EarthPower,SpikyShield|Modest||F|||50|]Basculegion||ChoiceScarf|Adaptability|WaveCrash,FlipTurn,LastRespects,AquaJet|Jolly||M|||50|]Whimsicott||LifeOrb|Prankster|Moonblast,EnergyBall,Tailwind,Protect|Timid||M|||50|]Aegislash||ColburBerry|StanceChange|IronHead,ShadowSneak,SacredSword,KingsShield|Adamant||M|||50|]Hydreigon||HabanBerry|Levitate|DracoMeteor,DarkPulse,EarthPower,Protect|Modest||F|||50|
|showteam|p2|Scovillain||Scovillainite|Moody|RagePowder,Flamethrower,GigaDrain,Protect|Calm||M|||50|]Grimmsnarl||LightClay|Prankster|LightScreen,Reflect,SpiritBreak,PartingShot|Careful||M|||50|]Basculegion||MysticWater|Adaptability|WaveCrash,LastRespects,AquaJet,Protect|Adamant||M|||50|]Kingambit||BlackGlasses|Defiant|KowtowCleave,SuckerPunch,IronHead,Protect|Adamant||F|||50|]Garchomp||LifeOrb|RoughSkin|Earthquake,DragonClaw,RockSlide,Protect|Jolly||F|||50|]Floette-Eternal||Floettite|FlowerVeil|DazzlingGleam,CalmMind,Moonblast,Protect|Modest||F|||50|
|inactive|Battle timer is ON: inactive players will automatically lose when time's up. (requested by the crimson craig)
|
|t:|1783138520
|teamsize|p1|4
|teamsize|p2|4
|start
|switch|p1a: Hydreigon|Hydreigon, L50, F|100/100
|switch|p1b: Whimsicott|Whimsicott, L50, M|100/100
|switch|p2a: Garchomp|Garchomp, L50, F|100/100
|switch|p2b: Scovillain|Scovillain, L50, M|100/100
|turn|1
|
|t:|1783138537
|move|p1b: Whimsicott|Protect|p1b: Whimsicott
|-singleturn|p1b: Whimsicott|Protect
|move|p2a: Garchomp|Protect|p2a: Garchomp
|-singleturn|p2a: Garchomp|Protect
|move|p2b: Scovillain|Protect|p2b: Scovillain
|-singleturn|p2b: Scovillain|Protect
|move|p1a: Hydreigon|Draco Meteor|p2a: Garchomp
|-activate|p2a: Garchomp|move: Protect
|
|-ability|p2b: Scovillain|Moody|boost
|-boost|p2b: Scovillain|atk|2
|-unboost|p2b: Scovillain|def|1
|upkeep
|turn|2
|inactive|DeewompostYT has 30 seconds left.
|
|t:|1783138564
|switch|p1b: Charizard|Charizard, L50, M|100/100
|switch|p2a: Grimmsnarl|Grimmsnarl, L50, M|100/100
|move|p1a: Hydreigon|Dark Pulse|p2b: Scovillain
|-damage|p2b: Scovillain|56/100
|cant|p2b: Scovillain|flinch
|
|-ability|p2b: Scovillain|Moody|boost
|-boost|p2b: Scovillain|spd|2
|-unboost|p2b: Scovillain|spa|1
|upkeep
|turn|3
|inactive|the crimson craig has 30 seconds left.
|inactive|DeewompostYT has 30 seconds left.
|inactive|DeewompostYT has 20 seconds left.
|inactive|DeewompostYT has 15 seconds left.
|
|t:|1783138607
|switch|p1a: Glimmora|Glimmora, L50, F|100/100
|switch|p2b: Garchomp|Garchomp, L50, F|100/100
|detailschange|p1b: Charizard|Charizard-Mega-Y, L50, M
|-mega|p1b: Charizard|Charizard|Charizardite Y
|-weather|SunnyDay|[from] ability: Drought|[of] p1b: Charizard
|move|p2a: Grimmsnarl|Light Screen|p2a: Grimmsnarl
|-sidestart|p2: DeewompostYT|move: Light Screen
|move|p1b: Charizard|Heat Wave|p2a: Grimmsnarl|[spread] p2a,p2b
|-crit|p2a: Grimmsnarl
|-resisted|p2b: Garchomp|1
|-damage|p2a: Grimmsnarl|22/100
|-damage|p2b: Garchomp|76/100
|
|-weather|SunnyDay|[upkeep]
|upkeep
|turn|4
|inactive|the crimson craig has 30 seconds left.
|inactive|the crimson craig has 20 seconds left.
|inactive|DeewompostYT has 30 seconds left.
|inactive|DeewompostYT has 20 seconds left.
|inactive|DeewompostYT has 15 seconds left.
|
|t:|1783138661
|switch|p1b: Whimsicott|Whimsicott, L50, M|100/100
|move|p2b: Garchomp|Rock Slide|p1a: Glimmora|[spread] p1a,p1b
|-damage|p1a: Glimmora|69/100
|-damage|p1b: Whimsicott|62/100
|-activate|p1a: Glimmora|ability: Toxic Debris
|-sidestart|p2: DeewompostYT|move: Toxic Spikes
|-damage|p2b: Garchomp|66/100|[from] item: Life Orb
|cant|p1a: Glimmora|flinch
|move|p2a: Grimmsnarl|Spirit Break|p1a: Glimmora
|-resisted|p1a: Glimmora|1
|-damage|p1a: Glimmora|52/100
|-unboost|p1a: Glimmora|spa|1
|-activate|p1a: Glimmora|ability: Toxic Debris
|-sidestart|p2: DeewompostYT|move: Toxic Spikes
|
|-weather|SunnyDay|[upkeep]
|upkeep
|turn|5
|
|t:|1783138680
|move|p2b: Garchomp|Protect|p2b: Garchomp
|-singleturn|p2b: Garchomp|Protect
|move|p2a: Grimmsnarl|Parting Shot|p1b: Whimsicott
|-unboost|p1b: Whimsicott|atk|1
|-unboost|p1b: Whimsicott|spa|1
|
|t:|1783138689
|switch|p2a: Kingambit|Kingambit, L50, F|100/100|[from] Parting Shot
|move|p1b: Whimsicott|Moonblast|p2b: Garchomp
|-activate|p2b: Garchomp|move: Protect
|move|p1a: Glimmora|Sludge Bomb|p2a: Kingambit
|-immune|p2a: Kingambit
|
|-weather|SunnyDay|[upkeep]
|upkeep
|turn|6
|inactive|DeewompostYT has 30 seconds left.
|
|t:|1783138721
|switch|p2b: Scovillain|Scovillain, L50, M|56/100
|-status|p2b: Scovillain|tox
|switch|p1a: Hydreigon|Hydreigon, L50, F|100/100
|move|p1b: Whimsicott|Protect|p1b: Whimsicott
|-singleturn|p1b: Whimsicott|Protect
|move|p2a: Kingambit|Kowtow Cleave|p1a: Hydreigon
|-resisted|p1a: Hydreigon|1
|-damage|p1a: Hydreigon|72/100
|
|-weather|SunnyDay|[upkeep]
|-damage|p2b: Scovillain|50/100g tox|[from] psn
|-ability|p2b: Scovillain|Moody|boost
|-boost|p2b: Scovillain|spe|2
|-unboost|p2b: Scovillain|spa|1
|upkeep
|turn|7
|inactive|the crimson craig has 30 seconds left.
|inactive|DeewompostYT has 30 seconds left.
|
|t:|1783138752
|switch|p1b: Glimmora|Glimmora, L50, F|52/100
|detailschange|p2b: Scovillain|Scovillain-Mega, L50, M
|-mega|p2b: Scovillain|Scovillain|Scovillainite
|move|p2a: Kingambit|Protect|p2a: Kingambit
|-singleturn|p2a: Kingambit|Protect
|move|p2b: Scovillain|Flamethrower|p1b: Glimmora
|-resisted|p1b: Glimmora|1
|-damage|p1b: Glimmora|25/100
|move|p1a: Hydreigon|Draco Meteor|p2b: Scovillain
|-damage|p2b: Scovillain|12/100 tox
|-unboost|p1a: Hydreigon|spa|2
|-status|p1a: Hydreigon|brn|[from] ability: Spicy Spray|[of] p2b: Scovillain
|
|-weather|none
|-damage|p2b: Scovillain|1/100 tox|[from] psn
|-damage|p1a: Hydreigon|66/100 brn|[from] brn
|upkeep
|turn|8
|inactive|the crimson craig has 30 seconds left.
|inactive|DeewompostYT has 30 seconds left.
|inactive|DeewompostYT has 20 seconds left.
|inactive|DeewompostYT has 15 seconds left.
|inactive|DeewompostYT has 10 seconds left.
|inactive|DeewompostYT has 5 seconds left.
|
|t:|1783138803
|switch|p1a: Charizard|Charizard-Mega-Y, L50, M|100/100
|-weather|SunnyDay|[from] ability: Drought|[of] p1a: Charizard
|move|p2a: Kingambit|Sucker Punch|p1b: Glimmora
|-damage|p1b: Glimmora|0 fnt
|faint|p1b: Glimmora
|move|p2b: Scovillain|Flamethrower|p1a: Charizard
|-resisted|p1a: Charizard|1
|-damage|p1a: Charizard|80/100
|
|-weather|SunnyDay|[upkeep]
|-damage|p2b: Scovillain|0 fnt|[from] psn
|faint|p2b: Scovillain
|upkeep
|
|t:|1783138823
|switch|p1b: Whimsicott|Whimsicott, L50, M|62/100
|switch|p2b: Garchomp|Garchomp, L50, F|66/100
|-status|p2b: Garchomp|tox
|turn|9
|
|t:|1783138829
|move|p1b: Whimsicott|Moonblast|p2b: Garchomp
|-supereffective|p2b: Garchomp|1
|-damage|p2b: Garchomp|0 fnt
|faint|p2b: Garchomp
|-damage|p1b: Whimsicott|53/100|[from] item: Life Orb
|move|p1a: Charizard|Weather Ball|p2a: Kingambit
|-supereffective|p2a: Kingambit|1
|-damage|p2a: Kingambit|0 fnt
|faint|p2a: Kingambit
|
|-weather|SunnyDay|[upkeep]
|upkeep
|
|t:|1783138835
|switch|p2b: Grimmsnarl|Grimmsnarl, L50, M|22/100
|-status|p2b: Grimmsnarl|tox
|turn|10
|
|t:|1783138841
|move|p1b: Whimsicott|Moonblast|p2b: Grimmsnarl
|-supereffective|p2b: Grimmsnarl|1
|-damage|p2b: Grimmsnarl|0 fnt
|faint|p2b: Grimmsnarl
|-damage|p1b: Whimsicott|43/100|[from] item: Life Orb
|
|win|the crimson craig
