|j|☆spellbreakvgc
|j|☆Bl0ste
|html|spellbreakvgcBl0ste    
|uhtml|bestof|Game 1 of a best-of-3
|t:|1756987747
|gametype|doubles
|player|p1|spellbreakvgc|lance|1123
|player|p2|Bl0ste|li|1067
|gen|9
|tier|[Gen 9] VGC 2025 Reg H (Bo3)
|rated|
|rule|Species Clause: Limit one of each Pokémon
|rule|Item Clause: Limit 1 of each item
|clearpoke
|poke|p1|Garganacl, L50, F|
|poke|p1|Dragapult, L50, M|
|poke|p1|Grimmsnarl, L50, M|
|poke|p1|Incineroar, L50, M|
|poke|p1|Dondozo, L50, F|
|poke|p1|Tatsugiri, L50, F|
|poke|p2|Indeedee-F, L50, F|
|poke|p2|Gallade, L50, M|
|poke|p2|Torkoal, L50, M|
|poke|p2|Ursaluna, L50, F|
|poke|p2|Exeggutor, L50, M|
|poke|p2|Zoroark-Hisui, L50, F|
|teampreview|4
|showteam|p1|Garganacl||Leftovers|PurifyingSalt|SaltCure,Recover,WideGuard,Protect|||F|||50|,,,,,Bug]Dragapult||ChoiceBand|ClearBody|DragonDarts,PhantomForce,Uturn,SuckerPunch|||M|||50|,,,,,Dragon]Grimmsnarl||LightClay|Prankster|Reflect,LightScreen,SpiritBreak,ThunderWave|||M|||50|,,,,,Ghost]Incineroar||SafetyGoggles|Intimidate|FakeOut,PartingShot,KnockOff,WillOWisp|||M|||50|,,,,,Ghost]Dondozo||CovertCloak|Unaware|WaveCrash,Earthquake,Yawn,Protect|||F|||50|,,,,,Grass]Tatsugiri||ChoiceScarf|Commander|MuddyWater,IcyWind,DracoMeteor,DragonPulse|||F|||50|,,,,,Ghost
|showteam|p2|Indeedee-F||RockyHelmet|PsychicSurge|Psychic,HelpingHand,FollowMe,TrickRoom|||F|||50|,,,,,Grass]Gallade||ScopeLens|Sharpness|SacredSword,PsychoCut,TrickRoom,WideGuard|||M|||50|,,,,,Grass]Torkoal||Charcoal|Drought|Eruption,WeatherBall,ClearSmog,Protect|||M|||50|,,,,,Fire]Ursaluna||FlameOrb|Guts|Facade,HeadlongRush,Earthquake,Protect|||F|||50|,,,,,Ghost]Exeggutor||FocusSash|Chlorophyll|ExpandingForce,LeafStorm,SleepPowder,TrickRoom|||M|||50|,,,,,Psychic]Zoroark-Hisui||ChoiceSpecs|Illusion|HyperBeam,HyperVoice,ShadowBall,FocusBlast|||F|||50|,,,,,Normal
|inactive|Battle timer is ON: inactive players will automatically lose when time's up. (requested by spellbreakvgc)
|inactive|spellbreakvgc has 60 seconds left.
|
|t:|1756987813
|teamsize|p1|4
|teamsize|p2|4
|start
|switch|p1a: Garganacl|Garganacl, L50, F|100/100
|switch|p1b: Dondozo|Dondozo, L50, F|100/100
|switch|p2a: Gallade|Gallade, L50, M|100/100
|switch|p2b: Exeggutor|Exeggutor, L50, M|100/100
|turn|1
|inactive|spellbreakvgc has 30 seconds left.
|inactive|spellbreakvgc has 20 seconds left.
|inactive|spellbreakvgc has 15 seconds left.
|
|t:|1756987853
|switch|p1b: Grimmsnarl|Grimmsnarl, L50, M|100/100
|-terastallize|p1a: Garganacl|Bug
|move|p2a: Gallade|Hyper Beam|p1a: Garganacl
|-damage|p1a: Garganacl|29/100
|-mustrecharge|p2a: Gallade
|move|p2b: Exeggutor|Sleep Powder|p1b: Grimmsnarl
|-status|p1b: Grimmsnarl|slp|[from] move: Sleep Powder
|move|p1a: Garganacl|Salt Cure|p2b: Exeggutor
|-damage|p2b: Exeggutor|84/100
|-start|p2b: Exeggutor|Salt Cure
|
|-heal|p1a: Garganacl|35/100|[from] item: Leftovers
|-damage|p2b: Exeggutor|72/100|[from] Salt Cure
|upkeep
|turn|2
|
|t:|1756987873
|switch|p2b: Gallade|Gallade, L50, M|100/100
|move|p1a: Garganacl|Protect|p1a: Garganacl
|-singleturn|p1a: Garganacl|Protect
|cant|p1b: Grimmsnarl|slp
|cant|p2a: Gallade|recharge
|
|-heal|p1a: Garganacl|41/100|[from] item: Leftovers
|upkeep
|turn|3
|
|t:|1756987888
|switch|p2a: Exeggutor|Exeggutor, L50, M|72/100
|cant|p1b: Grimmsnarl|slp
|move|p2b: Gallade|Sacred Sword|p1a: Garganacl
|-resisted|p1a: Garganacl
|-damage|p1a: Garganacl|16/100
|move|p1a: Garganacl|Recover|p1a: Garganacl
|-heal|p1a: Garganacl|67/100
|
|-heal|p1a: Garganacl|72/100|[from] item: Leftovers
|upkeep
|turn|4
|inactive|Bl0ste has 30 seconds left.
|
|t:|1756987923
|switch|p2a: Torkoal|Torkoal, L50, M|100/100
|-weather|SunnyDay|[from] ability: Drought|[of] p2a: Torkoal
|move|p1a: Garganacl|Protect|p1a: Garganacl
|-singleturn|p1a: Garganacl|Protect
|cant|p1b: Grimmsnarl|slp
|move|p2b: Gallade|Trick Room|p2b: Gallade
|-fieldstart|move: Trick Room|[of] p2b: Gallade
|
|-weather|SunnyDay|[upkeep]
|-heal|p1a: Garganacl|78/100|[from] item: Leftovers
|upkeep
|turn|5
|
|t:|1756987942
|switch|p1a: Incineroar|Incineroar, L50, M|100/100
|-ability|p1a: Incineroar|Intimidate|boost
|-unboost|p2a: Torkoal|atk|1
|-unboost|p2b: Gallade|atk|1
|-curestatus|p1b: Grimmsnarl|slp|[msg]
|move|p1b: Grimmsnarl|Light Screen|p1b: Grimmsnarl
|-sidestart|p1: spellbreakvgc|move: Light Screen
|move|p2a: Torkoal|Weather Ball|p1a: Incineroar
|-resisted|p1a: Incineroar
|-crit|p1a: Incineroar
|-damage|p1a: Incineroar|59/100
|move|p2b: Gallade|Psycho Cut|p1a: Incineroar
|-immune|p1a: Incineroar
|
|-weather|SunnyDay|[upkeep]
|upkeep
|turn|6
|
|t:|1756987968
|-terastallize|p2a: Torkoal|Fire
|move|p1b: Grimmsnarl|Reflect|p1b: Grimmsnarl
|-sidestart|p1: spellbreakvgc|Reflect
|move|p2a: Torkoal|Eruption|p1a: Incineroar|[spread] p1a,p1b
|-resisted|p1a: Incineroar
|-damage|p1a: Incineroar|34/100
|-damage|p1b: Grimmsnarl|34/100
|move|p2b: Gallade|Sacred Sword|p1a: Incineroar
|-supereffective|p1a: Incineroar
|-damage|p1a: Incineroar|0 fnt
|faint|p1a: Incineroar
|
|-weather|SunnyDay|[upkeep]
|upkeep
|
|t:|1756987984
|switch|p1a: Dondozo|Dondozo, L50, F|100/100
|turn|7
|
|t:|1756987993
|move|p1b: Grimmsnarl|Thunder Wave|p2b: Gallade
|-status|p2b: Gallade|par
|move|p2a: Torkoal|Eruption|p1a: Dondozo|[spread] p1a,p1b
|-resisted|p1a: Dondozo
|-damage|p1a: Dondozo|76/100
|-damage|p1b: Grimmsnarl|0 fnt
|faint|p1b: Grimmsnarl
|move|p2b: Gallade|Sacred Sword|p1a: Dondozo
|-damage|p1a: Dondozo|44/100
|move|p1a: Dondozo|Wave Crash|p2a: Torkoal
|-supereffective|p2a: Torkoal
|-damage|p2a: Torkoal|69/100
|-damage|p1a: Dondozo|37/100|[from] Recoil
|
|-weather|SunnyDay|[upkeep]
|upkeep
|
|t:|1756988009
|switch|p1b: Garganacl|Garganacl, L50, F, tera:Bug|78/100
|turn|8
|
|t:|1756988023
|switch|p2b: Exeggutor|Exeggutor, L50, M|72/100
|move|p2a: Torkoal|Protect|p2a: Torkoal
|-singleturn|p2a: Torkoal|Protect
|move|p1a: Dondozo|Protect|p1a: Dondozo
|-singleturn|p1a: Dondozo|Protect
|move|p1b: Garganacl|Salt Cure|p2a: Torkoal
|-activate|p2a: Torkoal|move: Protect
|
|-weather|none
|-heal|p1b: Garganacl|84/100|[from] item: Leftovers
|-fieldend|move: Trick Room
|upkeep
|turn|9
|
|t:|1756988041
|switch|p2a: Torkoal|Torkoal, L50, M|100/100
|move|p2b: Exeggutor|Leaf Storm|p1a: Dondozo
|-supereffective|p1a: Dondozo
|-damage|p1a: Dondozo|0 fnt
|-unboost|p2b: Exeggutor|spa|2
|faint|p1a: Dondozo
|move|p1b: Garganacl|Salt Cure|p2b: Exeggutor
|-damage|p2b: Exeggutor|53/100
|-start|p2b: Exeggutor|Salt Cure
|
|-heal|p1b: Garganacl|90/100|[from] item: Leftovers
|-damage|p2b: Exeggutor|40/100|[from] Salt Cure
|upkeep
|turn|10
|
|t:|1756988055
|move|p2a: Torkoal|Hyper Beam|p1b: Garganacl
|-damage|p1b: Garganacl|43/100
|-mustrecharge|p2a: Torkoal
|move|p2b: Exeggutor|Sleep Powder|p1b: Garganacl
|-immune|p1b: Garganacl|[from] ability: Purifying Salt
|move|p1b: Garganacl|Salt Cure|p2a: Torkoal
|-damage|p2a: Torkoal|71/100
|-start|p2a: Torkoal|Salt Cure
|replace|p2a: Zoroark|Zoroark-Hisui, L50, F
|-end|p2a: Zoroark|Illusion
|
|-heal|p1b: Garganacl|48/100|[from] item: Leftovers
|-damage|p2a: Zoroark|59/100|[from] Salt Cure
|-damage|p2b: Exeggutor|28/100|[from] Salt Cure
|upkeep
|turn|11
|
|t:|1756988072
|switch|p2b: Torkoal|Torkoal, L50, M, tera:Fire|69/100
|-weather|SunnyDay|[from] ability: Drought|[of] p2b: Torkoal
|cant|p2a: Zoroark|recharge
|move|p1b: Garganacl|Salt Cure|p2b: Torkoal
|-supereffective|p2b: Torkoal
|-damage|p2b: Torkoal|45/100
|-start|p2b: Torkoal|Salt Cure
|
|-weather|SunnyDay|[upkeep]
|-heal|p1b: Garganacl|54/100|[from] item: Leftovers
|-damage|p2a: Zoroark|46/100|[from] Salt Cure
|-damage|p2b: Torkoal|32/100|[from] Salt Cure
|upkeep
|turn|12
|
|t:|1756988086
|move|p1b: Garganacl|Protect|p1b: Garganacl
|-singleturn|p1b: Garganacl|Protect
|move|p2a: Zoroark|Hyper Beam|p1b: Garganacl
|-activate|p1b: Garganacl|move: Protect
|move|p2b: Torkoal|Weather Ball|p1b: Garganacl
|-activate|p1b: Garganacl|move: Protect
|
|-weather|SunnyDay|[upkeep]
|-heal|p1b: Garganacl|60/100|[from] item: Leftovers
|-damage|p2a: Zoroark|34/100|[from] Salt Cure
|-damage|p2b: Torkoal|20/100|[from] Salt Cure
|-sideend|p1: spellbreakvgc|move: Light Screen
|upkeep
|turn|13
|
|t:|1756988103
|move|p2a: Zoroark|Hyper Beam|p1b: Garganacl|[miss]
|-miss|p2a: Zoroark|p1b: Garganacl
|move|p1b: Garganacl|Salt Cure|p2a: Zoroark
|-damage|p2a: Zoroark|7/100
|move|p2b: Torkoal|Weather Ball|p1b: Garganacl
|-supereffective|p1b: Garganacl
|-damage|p1b: Garganacl|0 fnt
|faint|p1b: Garganacl
|
|win|Bl0ste
||spellbreakvgc is ready for game 2.
||Bl0ste is ready for game 2.
|uhtml|next|Next: Game 2 of 3
