|j|☆enrique132132
|j|☆lugo1234
|html|enrique132132lugo1234    
|uhtml|bestof|Game 3 of a best-of-3
|t:|1756187493
|gametype|doubles
|player|p1|enrique132132|266|1146
|player|p2|lugo1234|emmet|1180
|gen|9
|tier|[Gen 9] VGC 2025 Reg H (Bo3)
|rated|
|rule|Species Clause: Limit one of each Pokémon
|rule|Item Clause: Limit 1 of each item
|clearpoke
|poke|p1|Indeedee, L50, M|
|poke|p1|Sneasler, L50, F|
|poke|p1|Talonflame, L50, M|
|poke|p1|Ursaluna-Bloodmoon, L50, M|
|poke|p1|Electabuzz, L50, F|
|poke|p1|Incineroar, L50, M|
|poke|p2|Dragonite, L50, M|
|poke|p2|Kingambit, L50, M|
|poke|p2|Ursaluna-Bloodmoon, L50, M|
|poke|p2|Ninetales-Alola, L50, F|
|poke|p2|Annihilape, L50, F|
|poke|p2|Incineroar, L50, M|
|teampreview|4
|showteam|p1|Indeedee||FocusSash|PsychicSurge|ExpandingForce,HelpingHand,TrickRoom,Protect|||M|||50|,,,,,Psychic]Sneasler||PsychicSeed|Unburden|CloseCombat,DireClaw,ThroatChop,Protect|||F|||50|,,,,,Dark]Talonflame||CovertCloak|GaleWings|FlareBlitz,DualWingbeat,WillOWisp,Tailwind|||M|||50|,,,,,Fairy]Ursaluna-Bloodmoon||LifeOrb|MindsEye|BloodMoon,HyperVoice,EarthPower,Protect|||M|||50|,,,,,Normal]Electabuzz||Eviolite|VitalSpirit|Electroweb,FollowMe,Taunt,Protect|||F|||50|,,,,,Dragon]Incineroar||SafetyGoggles|Intimidate|FlareBlitz,KnockOff,PartingShot,FakeOut|||M|||50|,,,,,Ghost
|showteam|p2|Dragonite||LoadedDice|Multiscale|ScaleShot,ExtremeSpeed,Haze,Protect|||M|||50|,,,,,Fairy]Kingambit||BlackGlasses|Defiant|KowtowCleave,SuckerPunch,LowKick,Protect|||M|||50|,,,,,Dark]Ursaluna-Bloodmoon||AssaultVest|MindsEye|BloodMoon,HyperVoice,EarthPower,VacuumWave|||M|||50|,,,,,Normal]Ninetales-Alola||LightClay|SnowWarning|Blizzard,AuroraVeil,Protect,FreezeDry|||F|||50|,,,,,Ice]Annihilape||FocusSash|VitalSpirit|CloseCombat,RageFist,Protect,FinalGambit|||F|||50|,,,,,Water]Incineroar||SafetyGoggles|Intimidate|FlareBlitz,FakeOut,PartingShot,KnockOff|||M|||50|,,,,,Bug
|inactive|Battle timer is ON: inactive players will automatically lose when time's up. (requested by enrique132132)
|
|t:|1756187517
|teamsize|p1|4
|teamsize|p2|4
|start
|switch|p1a: Indeedee|Indeedee, L50, M|100/100
|switch|p1b: Sneasler|Sneasler, L50, F|100/100
|switch|p2a: Dragonite|Dragonite, L50, M|100/100
|switch|p2b: Ninetales|Ninetales-Alola, L50, F|100/100
|-weather|Snowscape|[from] ability: Snow Warning|[of] p2b: Ninetales
|-fieldstart|move: Psychic Terrain|[from] ability: Psychic Surge|[of] p1a: Indeedee
|-enditem|p1b: Sneasler|Psychic Seed
|-boost|p1b: Sneasler|spd|1|[from] item: Psychic Seed
|turn|1
|
|t:|1756187532
|move|p1b: Sneasler|Dire Claw|p2a: Dragonite
|-damage|p2a: Dragonite|78/100
|move|p2b: Ninetales|Aurora Veil|p2b: Ninetales
|-sidestart|p2: lugo1234|move: Aurora Veil
|move|p1a: Indeedee|Expanding Force|p2a: Dragonite|[spread] p2a,p2b
|-damage|p2a: Dragonite|42/100
|-damage|p2b: Ninetales|60/100
|move|p2a: Dragonite|Scale Shot|p1b: Sneasler
|-damage|p1b: Sneasler|77/100
|-damage|p1b: Sneasler|54/100
|-damage|p1b: Sneasler|35/100
|-damage|p1b: Sneasler|14/100
|-hitcount|p1b: Sneasler|4
|-unboost|p2a: Dragonite|def|1
|-boost|p2a: Dragonite|spe|1
|
|-weather|Snowscape|[upkeep]
|upkeep
|turn|2
|
|t:|1756187550
|move|p1b: Sneasler|Protect|p1b: Sneasler
|-singleturn|p1b: Sneasler|Protect
|move|p2a: Dragonite|Scale Shot|p1a: Indeedee
|-damage|p1a: Indeedee|69/100
|-damage|p1a: Indeedee|42/100
|-crit|p1a: Indeedee
|-damage|p1a: Indeedee|0 fnt
|faint|p1a: Indeedee
|-hitcount|p1: Indeedee|3
|-unboost|p2a: Dragonite|def|1
|-boost|p2a: Dragonite|spe|1
|move|p2b: Ninetales|Blizzard|p1b: Sneasler
|-activate|p1b: Sneasler|move: Protect
|
|-weather|Snowscape|[upkeep]
|upkeep
|
|t:|1756187558
|switch|p1a: Electabuzz|Electabuzz, L50, F|100/100
|turn|3
|
|t:|1756187564
|move|p1b: Sneasler|Dire Claw|p2a: Dragonite
|-damage|p2a: Dragonite|0 fnt
|faint|p2a: Dragonite
|move|p2b: Ninetales|Blizzard|p1a: Electabuzz|[spread] p1a,p1b
|-damage|p1a: Electabuzz|74/100
|-damage|p1b: Sneasler|0 fnt
|faint|p1b: Sneasler
|move|p1a: Electabuzz|Electroweb|p2b: Ninetales
|-damage|p2b: Ninetales|45/100
|-unboost|p2b: Ninetales|spe|1
|
|-weather|Snowscape|[upkeep]
|upkeep
|
|t:|1756187574
|switch|p1b: Ursaluna|Ursaluna-Bloodmoon, L50, M|100/100
|switch|p2a: Ursaluna|Ursaluna-Bloodmoon, L50, M|100/100
|turn|4
|
|t:|1756187587
|-terastallize|p1b: Ursaluna|Normal
|-terastallize|p2a: Ursaluna|Normal
|move|p1a: Electabuzz|Protect|p1a: Electabuzz
|-singleturn|p1a: Electabuzz|Protect
|move|p2b: Ninetales|Blizzard|p1b: Ursaluna|[spread] p1b
|-activate|p1a: Electabuzz|move: Protect
|-damage|p1b: Ursaluna|57/100
|move|p1b: Ursaluna|Hyper Voice|p2b: Ninetales|[spread] p2a,p2b
|-damage|p2a: Ursaluna|68/100
|-damage|p2b: Ninetales|0 fnt
|faint|p2b: Ninetales
|-damage|p1b: Ursaluna|48/100|[from] item: Life Orb
|move|p2a: Ursaluna|Hyper Voice|p1b: Ursaluna|[spread] p1b
|-activate|p1a: Electabuzz|move: Protect
|-damage|p1b: Ursaluna|0 fnt
|faint|p1b: Ursaluna
|
|-weather|Snowscape|[upkeep]
|upkeep
|
|t:|1756187595
|switch|p2b: Annihilape|Annihilape, L50, F|100/100
|turn|5
|
|t:|1756187609
|move|p1a: Electabuzz|Electroweb|p2a: Ursaluna|[spread] p2a,p2b
|-damage|p2a: Ursaluna|62/100
|-damage|p2b: Annihilape|90/100
|-unboost|p2a: Ursaluna|spe|1
|-unboost|p2b: Annihilape|spe|1
|move|p2b: Annihilape|Rage Fist|p1a: Electabuzz
|-damage|p1a: Electabuzz|27/100
|move|p2a: Ursaluna|Earth Power|p1a: Electabuzz
|-supereffective|p1a: Electabuzz
|-damage|p1a: Electabuzz|0 fnt
|faint|p1a: Electabuzz
|
|win|lugo1234
|raw|enrique132132's rating: 1146 → 1123(-23 for losing)
|raw|lugo1234's rating: 1180 → 1203(+23 for winning)
|l|☆lugo1234
|player|p2|
