|j|☆cereales raton
|j|☆sandy ghost 5
|html|cereales ratonsandy ghost 5    
|uhtml|bestof|Game 3 of a best-of-3
|t:|1757076044
|gametype|doubles
|player|p1|cereales raton|2|1381
|player|p2|sandy ghost 5|baker|1327
|gen|9
|tier|[Gen 9] VGC 2025 Reg H (Bo3)
|rated|
|rule|Species Clause: Limit one of each Pokémon
|rule|Item Clause: Limit 1 of each item
|clearpoke
|poke|p1|Gholdengo, L50|
|poke|p1|Ursaluna-Bloodmoon, L50, M|
|poke|p1|Dragonite, L50, M|
|poke|p1|Annihilape, L50, F|
|poke|p1|Maushold-Four, L50|
|poke|p1|Rillaboom, L50, F|
|poke|p2|Tyranitar, L50, M|
|poke|p2|Excadrill, L50, F|
|poke|p2|Sinistcha-Masterpiece, L50|
|poke|p2|Salamence, L50, M|
|poke|p2|Blaziken, L50, F|
|poke|p2|Bruxish, L50, M|
|teampreview|4
|showteam|p1|Gholdengo||LifeOrb|GoodasGold|MakeItRain,ShadowBall,NastyPlot,Protect||||||50|,,,,,Water]Ursaluna-Bloodmoon||AssaultVest|MindsEye|BloodMoon,EarthPower,HyperVoice,VacuumWave|||M|||50|,,,,,Water]Dragonite||LoadedDice|Multiscale|ScaleShot,Tailwind,Haze,Protect|||M|||50|,,,,,Fairy]Annihilape||SitrusBerry|Defiant|DrainPunch,RageFist,BulkUp,Protect|||F|||50|,,,,,Fire]Maushold-Four||FocusSash|FriendGuard|SuperFang,BeatUp,FollowMe,Protect||||||50|,,,,,Ghost]Rillaboom||MiracleSeed|GrassySurge|WoodHammer,GrassyGlide,HighHorsepower,FakeOut|||F|||50|,,,,,Fire
|showteam|p2|Tyranitar||ClearAmulet|SandStream|RockSlide,KnockOff,DragonDance,Protect|||M|||50|,,,,,Grass]Excadrill||AssaultVest|SandRush|Earthquake,IronHead,HighHorsepower,RockSlide|||F|||50|,,,,,Ghost]Sinistcha-Masterpiece||SitrusBerry|Hospitality|ShadowBall,MatchaGotcha,RagePowder,Protect||||||50|,,,,,Dark]Salamence||LifeOrb|Intimidate|DracoMeteor,AirSlash,Protect,Tailwind|||M|||50|,,,,,Ghost]Blaziken||CovertCloak|SpeedBoost|AuraSphere,HeatWave,Coaching,WillOWisp|||F|||50|,,,,,Dragon]Bruxish||ChoiceScarf|Dazzling|PsychicFangs,FlipTurn,WaveCrash,SuperFang|||M|||50|,,,,,Water
|inactive|Battle timer is ON: inactive players will automatically lose when time's up. (requested by cereales raton)
|
|t:|1757076076
|teamsize|p1|4
|teamsize|p2|4
|start
|switch|p1a: Gholdengo|Gholdengo, L50|100/100
|switch|p1b: Rillaboom|Rillaboom, L50, F|100/100
|switch|p2a: Puppet|Sinistcha-Masterpiece, L50|100/100
|switch|p2b: Tyranitar|Tyranitar, L50, M|100/100
|-fieldstart|move: Grassy Terrain|[from] ability: Grassy Surge|[of] p1b: Rillaboom
|-weather|Sandstorm|[from] ability: Sand Stream|[of] p2b: Tyranitar
|turn|1
|
|t:|1757076095
|switch|p2b: Excadrill|Excadrill, L50, F|100/100
|move|p1b: Rillaboom|Fake Out|p2b: Excadrill
|-resisted|p2b: Excadrill
|-damage|p2b: Excadrill|91/100
|move|p1a: Gholdengo|Nasty Plot|p1a: Gholdengo
|-boost|p1a: Gholdengo|spa|2
|move|p2a: Puppet|Shadow Ball|p1a: Gholdengo
|-supereffective|p1a: Gholdengo
|-damage|p1a: Gholdengo|16/100
|-unboost|p1a: Gholdengo|spd|1
|
|-weather|Sandstorm|[upkeep]
|-damage|p1b: Rillaboom|94/100|[from] Sandstorm
|-damage|p2a: Puppet|94/100|[from] Sandstorm
|-heal|p2b: Excadrill|97/100|[from] Grassy Terrain
|-heal|p1a: Gholdengo|22/100|[from] Grassy Terrain
|-heal|p1b: Rillaboom|100/100|[from] Grassy Terrain
|-heal|p2a: Puppet|100/100|[from] Grassy Terrain
|upkeep
|turn|2
|
|t:|1757076113
|switch|p2a: Salamence|Salamence, L50, M|100/100
|-ability|p2a: Salamence|Intimidate|boost
|-unboost|p1a: Gholdengo|atk|1
|-unboost|p1b: Rillaboom|atk|1
|move|p1a: Gholdengo|Protect|p1a: Gholdengo
|-singleturn|p1a: Gholdengo|Protect
|move|p2b: Excadrill|Iron Head|p1b: Rillaboom
|-damage|p1b: Rillaboom|58/100
|move|p1b: Rillaboom|Wood Hammer|p2b: Excadrill
|-damage|p2b: Excadrill|0 fnt
|faint|p2b: Excadrill
|-damage|p1b: Rillaboom|28/100|[from] Recoil
|
|-weather|Sandstorm|[upkeep]
|-damage|p2a: Salamence|95/100|[from] Sandstorm
|-damage|p1b: Rillaboom|22/100|[from] Sandstorm
|-heal|p1a: Gholdengo|28/100|[from] Grassy Terrain
|-heal|p1b: Rillaboom|28/100|[from] Grassy Terrain
|upkeep
|
|t:|1757076127
|switch|p2b: Tyranitar|Tyranitar, L50, M|100/100
|turn|3
|
|t:|1757076139
|switch|p1b: Maushold|Maushold-Four, L50|100/100
|-terastallize|p2b: Tyranitar|Grass
|move|p2a: Salamence|Tailwind|p2a: Salamence
|-sidestart|p2: sandy ghost 5|move: Tailwind
|move|p2b: Tyranitar|Knock Off|p1a: Gholdengo
|-supereffective|p1a: Gholdengo
|-damage|p1a: Gholdengo|0 fnt
|-enditem|p1a: Gholdengo|Life Orb|[from] move: Knock Off|[of] p2b: Tyranitar
|faint|p1a: Gholdengo
|
|-weather|Sandstorm|[upkeep]
|-damage|p2a: Salamence|89/100|[from] Sandstorm
|-damage|p2b: Tyranitar|94/100|[from] Sandstorm
|-damage|p1b: Maushold|94/100|[from] Sandstorm
|-heal|p2b: Tyranitar|100/100|[from] Grassy Terrain
|-heal|p1b: Maushold|100/100|[from] Grassy Terrain
|upkeep
|
|t:|1757076150
|switch|p1a: Ursaluna|Ursaluna-Bloodmoon, L50, M|100/100
|turn|4
|
|t:|1757076160
|move|p2a: Salamence|Air Slash|p1b: Maushold
|-damage|p1b: Maushold|39/100
|-damage|p2a: Salamence|79/100|[from] item: Life Orb
|move|p2b: Tyranitar|Knock Off|p1b: Maushold
|-damage|p1b: Maushold|0 fnt
|-enditem|p1b: Maushold|Focus Sash|[from] move: Knock Off|[of] p2b: Tyranitar
|faint|p1b: Maushold
|move|p1a: Ursaluna|Blood Moon|p2a: Salamence
|-damage|p2a: Salamence|0 fnt
|faint|p2a: Salamence
|
|-weather|Sandstorm|[upkeep]
|-damage|p2b: Tyranitar|94/100|[from] Sandstorm
|-heal|p2b: Tyranitar|100/100|[from] Grassy Terrain
|upkeep
|
|t:|1757076171
|switch|p1b: Rillaboom|Rillaboom, L50, F|28/100
|switch|p2a: Puppet|Sinistcha-Masterpiece, L50|100/100
|turn|5
|
|t:|1757076189
|move|p1b: Rillaboom|Fake Out|p2b: Tyranitar
|-damage|p2b: Tyranitar|86/100
|cant|p2b: Tyranitar|flinch
|move|p2a: Puppet|Matcha Gotcha|p1b: Rillaboom|[spread] p1b
|-miss|p2a: Puppet|p1a: Ursaluna
|-resisted|p1b: Rillaboom
|-damage|p1b: Rillaboom|7/100
|move|p1a: Ursaluna|Hyper Voice|p2a: Puppet|[spread] p2a,p2b
|-damage|p2a: Puppet|68/100
|-damage|p2b: Tyranitar|49/100
|
|-weather|none
|-heal|p2b: Tyranitar|56/100|[from] Grassy Terrain
|-heal|p2a: Puppet|74/100|[from] Grassy Terrain
|-heal|p1b: Rillaboom|13/100|[from] Grassy Terrain
|-fieldend|move: Grassy Terrain
|upkeep
|turn|6
|
|t:|1757076202
|move|p2b: Tyranitar|Knock Off|p1a: Ursaluna
|-damage|p1a: Ursaluna|61/100
|-enditem|p1a: Ursaluna|Assault Vest|[from] move: Knock Off|[of] p2b: Tyranitar
|move|p2a: Puppet|Matcha Gotcha|p1a: Ursaluna|[spread] p1a,p1b
|-supereffective|p1a: Ursaluna
|-resisted|p1b: Rillaboom
|-damage|p1a: Ursaluna|12/100
|-heal|p2a: Puppet|100/100|[from] drain|[of] p1a: Ursaluna
|-damage|p1b: Rillaboom|0 fnt
|faint|p1b: Rillaboom
|move|p1a: Ursaluna|Blood Moon|p2a: Puppet
|-damage|p2a: Puppet|25/100
|-enditem|p2a: Puppet|Sitrus Berry|[eat]
|-heal|p2a: Puppet|50/100|[from] item: Sitrus Berry
|
|-sideend|p2: sandy ghost 5|move: Tailwind
|upkeep
|turn|7
|c|☆sandy ghost 5|gg
|
|t:|1757076219
|move|p2b: Tyranitar|Knock Off|p1a: Ursaluna
|-damage|p1a: Ursaluna|0 fnt
|faint|p1a: Ursaluna
|
|win|sandy ghost 5
|raw|cereales raton's rating: 1381 → 1358(-23 for losing)
|raw|sandy ghost 5's rating: 1327 → 1350(+23 for winning)
