|j|☆RosieAndJim
|j|☆BodiPlayGames
|html|RosieAndJimBodiPlayGames    
|uhtml|bestof|Game 2 of a best-of-3
|t:|1756515923
|gametype|doubles
|player|p1|RosieAndJim|169|1076
|player|p2|BodiPlayGames|170|1154
|gen|9
|tier|[Gen 9] VGC 2025 Reg H (Bo3)
|rated|
|rule|Species Clause: Limit one of each Pokémon
|rule|Item Clause: Limit 1 of each item
|clearpoke
|poke|p1|Archaludon, L50, M|
|poke|p1|Garchomp, L50, M|
|poke|p1|Incineroar, L50, M|
|poke|p1|Pelipper, L50, M|
|poke|p1|Talonflame, L50, F|
|poke|p1|Amoonguss, L50, M|
|poke|p2|Annihilape, L50, F|
|poke|p2|Sinistcha, L50|
|poke|p2|Maushold-Four, L50|
|poke|p2|Klefki, L50, M|
|poke|p2|Ursaluna-Bloodmoon, L50, M|
|poke|p2|Ninetales-Alola, L50, F|
|teampreview|4
|showteam|p1|Archaludon||AssaultVest|Stamina|ElectroShot,DragonPulse,BodyPress,Snarl|||M|||50|,,,,,Grass]Garchomp||LifeOrb|RoughSkin|Earthquake,DragonClaw,StompingTantrum,Protect|||M|||50|,,,,,Ground]Incineroar||SafetyGoggles|Intimidate|FlareBlitz,KnockOff,PartingShot,FakeOut|||M|||50|,,,,,Ghost]Pelipper||FocusSash|Drizzle|WeatherBall,Hurricane,Tailwind,Protect|||M|||50|,,,,,Stellar]Talonflame||CovertCloak|GaleWings|BraveBird,Tailwind,Taunt,RainDance|||F|||50|,,,,,Flying]Amoonguss||SitrusBerry|Regenerator|PollenPuff,ClearSmog,Spore,RagePowder|||M|||50|,,,,,Psychic
|showteam|p2|Annihilape||Leftovers|Defiant|Protect,BulkUp,DrainPunch,RageFist|||F|||50|,,,,,Fire]Sinistcha||SitrusBerry|Hospitality|MatchaGotcha,TrickRoom,LifeDew,RagePowder||||||50|,,,,,Water]Maushold-Four||SafetyGoggles|FriendGuard|FollowMe,Taunt,BeatUp,Protect||||||50|,,,,,Ghost]Klefki||LightClay|Prankster|Reflect,LightScreen,MistyTerrain,DazzlingGleam|||M|||50|,,,,,Ghost]Ursaluna-Bloodmoon||AssaultVest|MindsEye|BloodMoon,HyperVoice,EarthPower,VacuumWave|||M|||50|,,,,,Water]Ninetales-Alola||FocusSash|SnowWarning|Protect,Encore,FreezeDry,Blizzard|||F|||50|,,,,,Ghost
|
|t:|1756515932
|teamsize|p1|4
|teamsize|p2|4
|start
|switch|p1a: Talonflame|Talonflame, L50, F|100/100
|switch|p1b: Garchomp|Garchomp, L50, M|100/100
|switch|p2a: Annihilape|Annihilape, L50, F, shiny|100/100
|switch|p2b: Maushold|Maushold-Four, L50|100/100
|turn|1
|inactive|Battle timer is ON: inactive players will automatically lose when time's up. (requested by RosieAndJim)
|
|t:|1756515952
|-terastallize|p1b: Garchomp|Ground
|move|p2b: Maushold|Follow Me|p2b: Maushold
|-singleturn|p2b: Maushold|move: Follow Me
|move|p1a: Talonflame|Taunt|p2b: Maushold
|-start|p2b: Maushold|move: Taunt
|move|p1b: Garchomp|Earthquake|p2b: Maushold|[spread] p2a,p2b
|-immune|p1a: Talonflame
|-damage|p2a: Annihilape|48/100
|-damage|p2b: Maushold|24/100
|-damage|p1b: Garchomp|91/100|[from] item: Life Orb
|move|p2a: Annihilape|Bulk Up|p2a: Annihilape
|-boost|p2a: Annihilape|atk|1
|-boost|p2a: Annihilape|def|1
|
|-heal|p2a: Annihilape|54/100|[from] item: Leftovers
|upkeep
|turn|2
|
|t:|1756515975
|move|p2a: Annihilape|Protect|p2a: Annihilape
|-singleturn|p2a: Annihilape|Protect
|move|p1a: Talonflame|Brave Bird|p2a: Annihilape
|-activate|p2a: Annihilape|move: Protect
|move|p2b: Maushold|Beat Up|p1b: Garchomp
|-damage|p1b: Garchomp|87/100
|-damage|p1b: Garchomp|85/100
|-damage|p1b: Garchomp|83/100
|-damage|p1b: Garchomp|80/100
|-hitcount|p1b: Garchomp|4
|move|p1b: Garchomp|Earthquake|p2b: Maushold|[spread] p2b
|-activate|p2a: Annihilape|move: Protect
|-immune|p1a: Talonflame
|-damage|p2b: Maushold|0 fnt
|faint|p2b: Maushold
|-damage|p1b: Garchomp|71/100|[from] item: Life Orb
|
|-heal|p2a: Annihilape|61/100|[from] item: Leftovers
|upkeep
|
|t:|1756515981
|switch|p2b: Ninetales|Ninetales-Alola, L50, F, shiny|100/100
|-weather|Snowscape|[from] ability: Snow Warning|[of] p2b: Ninetales
|turn|3
|inactive|RosieAndJim has 30 seconds left.
|
|t:|1756516013
|move|p1a: Talonflame|Tailwind|p1a: Talonflame
|-sidestart|p1: RosieAndJim|move: Tailwind
|move|p1b: Garchomp|Earthquake|p2a: Annihilape|[spread] p2a,p2b
|-immune|p1a: Talonflame
|-damage|p2a: Annihilape|11/100
|-damage|p2b: Ninetales|39/100
|-damage|p1b: Garchomp|61/100|[from] item: Life Orb
|move|p2b: Ninetales|Blizzard|p1a: Talonflame|[spread] p1a,p1b
|-supereffective|p1b: Garchomp
|-damage|p1a: Talonflame|54/100
|-damage|p1b: Garchomp|0 fnt
|faint|p1b: Garchomp
|move|p2a: Annihilape|Drain Punch|p1a: Talonflame
|-resisted|p1a: Talonflame
|-damage|p1a: Talonflame|20/100
|-heal|p2a: Annihilape|24/100|[from] drain|[of] p1a: Talonflame
|
|-weather|Snowscape|[upkeep]
|-heal|p2a: Annihilape|30/100|[from] item: Leftovers
|upkeep
|
|t:|1756516030
|switch|p1b: Pelipper|Pelipper, L50, M|100/100
|-weather|RainDance|[from] ability: Drizzle|[of] p1b: Pelipper
|turn|4
|
|t:|1756516049
|switch|p2b: Klefki|Klefki, L50, M|100/100
|move|p2a: Annihilape|Protect|p2a: Annihilape
|-singleturn|p2a: Annihilape|Protect
|move|p1a: Talonflame|Brave Bird|p2b: Klefki
|-resisted|p2b: Klefki
|-damage|p2b: Klefki|75/100
|-damage|p1a: Talonflame|11/100|[from] Recoil
|move|p1b: Pelipper|Hurricane|p2a: Annihilape
|-activate|p2a: Annihilape|move: Protect
|
|-weather|RainDance|[upkeep]
|-heal|p2a: Annihilape|36/100|[from] item: Leftovers
|upkeep
|turn|5
|inactive|BodiPlayGames has 30 seconds left.
|
|t:|1756516077
|-terastallize|p2a: Annihilape|Fire
|move|p2b: Klefki|Light Screen|p2b: Klefki
|-sidestart|p2: BodiPlayGames|move: Light Screen
|move|p1a: Talonflame|Brave Bird|p2a: Annihilape
|-damage|p2a: Annihilape|5/100
|-damage|p1a: Talonflame|0 fnt|[from] Recoil
|faint|p1a: Talonflame
|move|p1b: Pelipper|Weather Ball|p2a: Annihilape
|-supereffective|p2a: Annihilape
|-damage|p2a: Annihilape|0 fnt
|faint|p2a: Annihilape
|
|-weather|RainDance|[upkeep]
|upkeep
|
|t:|1756516088
|switch|p1a: Archaludon|Archaludon, L50, M|100/100
|switch|p2a: Ninetales|Ninetales-Alola, L50, F, shiny|39/100
|-weather|Snowscape|[from] ability: Snow Warning|[of] p2a: Ninetales
|turn|6
|
|t:|1756516096
|move|p1b: Pelipper|Protect|p1b: Pelipper
|-singleturn|p1b: Pelipper|Protect
|move|p1a: Archaludon|Snarl|p2b: Klefki|[spread] p2a,p2b
|-resisted|p2a: Ninetales
|-resisted|p2b: Klefki
|-damage|p2a: Ninetales|35/100
|-damage|p2b: Klefki|71/100
|-unboost|p2a: Ninetales|spa|1
|-unboost|p2b: Klefki|spa|1
|move|p2a: Ninetales|Freeze-Dry|p1b: Pelipper
|-activate|p1b: Pelipper|move: Protect
|move|p2b: Klefki|Dazzling Gleam|p1b: Pelipper|[spread] p1a
|-activate|p1b: Pelipper|move: Protect
|-damage|p1a: Archaludon|92/100
|-ability|p1a: Archaludon|Stamina|boost
|-boost|p1a: Archaludon|def|1
|
|-weather|Snowscape|[upkeep]
|-sideend|p1: RosieAndJim|move: Tailwind
|upkeep
|turn|7
|inactive|RosieAndJim has 30 seconds left.
|
|t:|1756516122
|move|p2a: Ninetales|Encore|p1a: Archaludon
|-start|p1a: Archaludon|Encore
|move|p1a: Archaludon|Snarl|p2a: Ninetales|[spread] p2a,p2b
|-resisted|p2a: Ninetales
|-resisted|p2b: Klefki
|-damage|p2a: Ninetales|30/100
|-damage|p2b: Klefki|67/100
|-unboost|p2a: Ninetales|spa|1
|-unboost|p2b: Klefki|spa|1
|move|p1b: Pelipper|Tailwind|p1b: Pelipper
|-sidestart|p1: RosieAndJim|move: Tailwind
|move|p2b: Klefki|Dazzling Gleam|p1a: Archaludon|[spread] p1a,p1b
|-damage|p1a: Archaludon|86/100
|-damage|p1b: Pelipper|85/100
|-ability|p1a: Archaludon|Stamina|boost
|-boost|p1a: Archaludon|def|1
|
|-weather|Snowscape|[upkeep]
|upkeep
|turn|8
|
|t:|1756516138
|move|p1b: Pelipper|Protect|p1b: Pelipper
|-singleturn|p1b: Pelipper|Protect
|move|p1a: Archaludon|Snarl|p2b: Klefki|[spread] p2a
|-miss|p1a: Archaludon|p2b: Klefki
|-resisted|p2a: Ninetales
|-damage|p2a: Ninetales|25/100
|-unboost|p2a: Ninetales|spa|1
|move|p2a: Ninetales|Blizzard|p1b: Pelipper|[spread] p1a
|-activate|p1b: Pelipper|move: Protect
|-damage|p1a: Archaludon|77/100
|-ability|p1a: Archaludon|Stamina|boost
|-boost|p1a: Archaludon|def|1
|move|p2b: Klefki|Dazzling Gleam|p1a: Archaludon|[spread] p1a
|-activate|p1b: Pelipper|move: Protect
|-damage|p1a: Archaludon|70/100
|-ability|p1a: Archaludon|Stamina|boost
|-boost|p1a: Archaludon|def|1
|
|-weather|Snowscape|[upkeep]
|upkeep
|turn|9
|
|t:|1756516163
|move|p1a: Archaludon|Snarl|p2a: Ninetales|[spread] p2a,p2b
|-resisted|p2a: Ninetales
|-resisted|p2b: Klefki
|-damage|p2a: Ninetales|21/100
|-damage|p2b: Klefki|63/100
|-unboost|p2a: Ninetales|spa|1
|-unboost|p2b: Klefki|spa|1
|move|p1b: Pelipper|Weather Ball|p2a: Ninetales
|-resisted|p2a: Ninetales
|-damage|p2a: Ninetales|9/100
|move|p2a: Ninetales|Freeze-Dry|p1b: Pelipper
|-supereffective|p1b: Pelipper
|-damage|p1b: Pelipper|20/100
|move|p2b: Klefki|Dazzling Gleam|p1a: Archaludon|[spread] p1a,p1b
|-damage|p1a: Archaludon|65/100
|-damage|p1b: Pelipper|6/100
|-ability|p1a: Archaludon|Stamina|boost
|-boost|p1a: Archaludon|def|1
|
|-weather|Snowscape|[upkeep]
|-end|p1a: Archaludon|Encore
|upkeep
|turn|10
|
|t:|1756516186
|move|p1b: Pelipper|Protect|p1b: Pelipper
|-singleturn|p1b: Pelipper|Protect
|move|p2a: Ninetales|Protect|p2a: Ninetales
|-singleturn|p2a: Ninetales|Protect
|move|p1a: Archaludon|Body Press|p2b: Klefki
|-damage|p2b: Klefki|0 fnt
|faint|p2b: Klefki
|
|-weather|none
|-sideend|p1: RosieAndJim|move: Tailwind
|upkeep
|turn|11
|
|t:|1756516199
|move|p2a: Ninetales|Blizzard|p1b: Pelipper|[spread] p1b
|-miss|p2a: Ninetales|p1a: Archaludon
|-damage|p1b: Pelipper|0 fnt
|faint|p1b: Pelipper
|move|p1a: Archaludon|Body Press|p2a: Ninetales
|-damage|p2a: Ninetales|0 fnt
|faint|p2a: Ninetales
|
|win|RosieAndJim
