|j|☆Captain No Reads
|j|☆SunDiazVGC
|html|Captain No ReadsSunDiazVGC    
|uhtml|bestof|Game 2 of a best-of-3
|t:|1756849824
|gametype|doubles
|player|p1|Captain No Reads|skier|1193
|player|p2|SunDiazVGC|marley|1129
|gen|9
|tier|[Gen 9] VGC 2025 Reg H (Bo3)
|rated|
|rule|Species Clause: Limit one of each Pokémon
|rule|Item Clause: Limit 1 of each item
|clearpoke
|poke|p1|Dragonite, L50, F|
|poke|p1|Archaludon, L50, F|
|poke|p1|Gholdengo, L50|
|poke|p1|Amoonguss, L50, F|
|poke|p1|Ursaluna-Bloodmoon, L50, M|
|poke|p1|Incineroar, L50, F|
|poke|p2|Politoed, L50, F|
|poke|p2|Gothitelle, L50, F|
|poke|p2|Archaludon, L50, F|
|poke|p2|Incineroar, L50, F|
|poke|p2|Amoonguss, L50, M|
|poke|p2|Kingdra, L50, F|
|teampreview|4
|showteam|p1|Dragonite||LoadedDice|Multiscale|Protect,ScaleShot,Haze,Tailwind|||F|||50|,,,,,Fairy]Archaludon||PowerHerb|Sturdy|Protect,ElectroShot,DracoMeteor,FlashCannon|||F|||50|,,,,,Electric]Gholdengo||LifeOrb|GoodasGold|Protect,MakeItRain,ShadowBall,NastyPlot||||||50|,,,,,Water]Amoonguss||CovertCloak|Regenerator|Protect,Spore,RagePowder,SludgeBomb|||F|||50|,,,,,Water]Ursaluna-Bloodmoon||AssaultVest|MindsEye|HyperVoice,BloodMoon,EarthPower,VacuumWave|||M|||50|,,,,,Ghost]Incineroar||SafetyGoggles|Intimidate|KnockOff,FakeOut,PartingShot,FlareBlitz|||F|||50|,,,,,Ghost
|showteam|p2|Politoed||Leftovers|Drizzle|PerishSong,Protect,WeatherBall,Encore|||F|||50|,,,,,Grass]Gothitelle||SitrusBerry|ShadowTag|FakeOut,Protect,TrickRoom,Psychic|||F|||50|,,,,,Dark]Archaludon||PowerHerb|Sturdy|Protect,ElectroShot,DragonPulse,FlashCannon|||F|||50|,,,,,Electric]Incineroar||SafetyGoggles|Intimidate|Protect,KnockOff,PartingShot,FakeOut|||F|||50|,,,,,Water]Amoonguss||EjectButton|Regenerator|Protect,RagePowder,Spore,PollenPuff|||M|||50|,,,,,Fairy]Kingdra||LifeOrb|SwiftSwim|Protect,DracoMeteor,WeatherBall,MuddyWater|||F|||50|,,,,,Stellar
|inactive|Battle timer is ON: inactive players will automatically lose when time's up. (requested by Captain No Reads)
|inactive|Captain No Reads has 60 seconds left.
|
|t:|1756849854
|teamsize|p1|4
|teamsize|p2|4
|start
|switch|p1a: Amoonguss|Amoonguss, L50, F|100/100
|switch|p1b: Gholdengo|Gholdengo, L50|100/100
|switch|p2a: Archaludon|Archaludon, L50, F|100/100
|switch|p2b: Politoed|Politoed, L50, F|100/100
|-weather|RainDance|[from] ability: Drizzle|[of] p2b: Politoed
|turn|1
|
|t:|1756849873
|switch|p2b: Incineroar|Incineroar, L50, F|100/100
|-ability|p2b: Incineroar|Intimidate|boost
|-unboost|p1a: Amoonguss|atk|1
|-unboost|p1b: Gholdengo|atk|1
|-terastallize|p1b: Gholdengo|Water
|move|p1a: Amoonguss|Rage Powder|p1a: Amoonguss
|-singleturn|p1a: Amoonguss|move: Rage Powder
|move|p2a: Archaludon|Dragon Pulse|p1a: Amoonguss
|-damage|p1a: Amoonguss|66/100
|move|p1b: Gholdengo|Nasty Plot|p1b: Gholdengo
|-boost|p1b: Gholdengo|spa|2
|
|-weather|RainDance|[upkeep]
|upkeep
|turn|2
|
|t:|1756849882
|switch|p1a: Incineroar|Incineroar, L50, F|100/100
|-ability|p1a: Incineroar|Intimidate|boost
|-unboost|p2a: Archaludon|atk|1
|-unboost|p2b: Incineroar|atk|1
|move|p1b: Gholdengo|Protect|p1b: Gholdengo
|-singleturn|p1b: Gholdengo|Protect
|move|p2b: Incineroar|Fake Out|p1a: Incineroar
|-damage|p1a: Incineroar|94/100
|move|p2a: Archaludon|Electro Shot||[still]
|-prepare|p2a: Archaludon|Electro Shot
|-boost|p2a: Archaludon|spa|1
|-anim|p2a: Archaludon|Electro Shot|p1b: Gholdengo
|-activate|p1b: Gholdengo|move: Protect
|
|-weather|RainDance|[upkeep]
|upkeep
|turn|3
|j| subhamcheee
|
|t:|1756849896
|move|p2a: Archaludon|Protect|p2a: Archaludon
|-singleturn|p2a: Archaludon|Protect
|move|p1a: Incineroar|Fake Out|p2a: Archaludon
|-activate|p2a: Archaludon|move: Protect
|move|p1b: Gholdengo|Shadow Ball|p2b: Incineroar
|-resisted|p2b: Incineroar
|-damage|p2b: Incineroar|66/100
|-damage|p1b: Gholdengo|91/100|[from] item: Life Orb
|move|p2b: Incineroar|Knock Off|p1a: Incineroar
|-resisted|p1a: Incineroar
|-damage|p1a: Incineroar|81/100
|-enditem|p1a: Incineroar|Safety Goggles|[from] move: Knock Off|[of] p2b: Incineroar
|
|-weather|RainDance|[upkeep]
|upkeep
|turn|4
|
|t:|1756849910
|move|p1b: Gholdengo|Protect|p1b: Gholdengo
|-singleturn|p1b: Gholdengo|Protect
|move|p2a: Archaludon|Electro Shot||[still]
|-prepare|p2a: Archaludon|Electro Shot
|-boost|p2a: Archaludon|spa|1
|-anim|p2a: Archaludon|Electro Shot|p1b: Gholdengo
|-activate|p1b: Gholdengo|move: Protect
|move|p1a: Incineroar|Parting Shot|p2a: Archaludon
|-unboost|p2a: Archaludon|atk|1
|-unboost|p2a: Archaludon|spa|1
|
|t:|1756849918
|switch|p1a: Amoonguss|Amoonguss, L50, F|99/100|[from] Parting Shot
|move|p2b: Incineroar|Parting Shot|p1a: Amoonguss
|-unboost|p1a: Amoonguss|atk|1
|-unboost|p1a: Amoonguss|spa|1
|
|t:|1756849927
|switch|p2b: Kingdra|Kingdra, L50, F|100/100|[from] Parting Shot
|
|-weather|RainDance|[upkeep]
|upkeep
|turn|5
|
|t:|1756849944
|move|p1a: Amoonguss|Rage Powder|p1a: Amoonguss
|-singleturn|p1a: Amoonguss|move: Rage Powder
|move|p2b: Kingdra|Draco Meteor|p1a: Amoonguss|[miss]
|-miss|p2b: Kingdra|p1a: Amoonguss
|move|p2a: Archaludon|Electro Shot||[still]
|-prepare|p2a: Archaludon|Electro Shot
|-boost|p2a: Archaludon|spa|1
|-anim|p2a: Archaludon|Electro Shot|p1a: Amoonguss
|-resisted|p1a: Amoonguss
|-damage|p1a: Amoonguss|60/100
|move|p1b: Gholdengo|Shadow Ball|p2a: Archaludon
|-ability|p2a: Archaludon|Sturdy
|-damage|p2a: Archaludon|1/100
|-damage|p1b: Gholdengo|81/100|[from] item: Life Orb
|
|-weather|none
|upkeep
|turn|6
|
|t:|1756849959
|switch|p2b: Politoed|Politoed, L50, F|100/100
|-weather|RainDance|[from] ability: Drizzle|[of] p2b: Politoed
|move|p2a: Archaludon|Protect|p2a: Archaludon
|-singleturn|p2a: Archaludon|Protect
|move|p1a: Amoonguss|Rage Powder|p1a: Amoonguss
|-singleturn|p1a: Amoonguss|move: Rage Powder
|move|p1b: Gholdengo|Make It Rain|p2b: Politoed|[spread] p2b
|-activate|p2a: Archaludon|move: Protect
|-resisted|p2b: Politoed
|-damage|p2b: Politoed|56/100
|-unboost|p1b: Gholdengo|spa|1
|-damage|p1b: Gholdengo|71/100|[from] item: Life Orb
|
|-weather|RainDance|[upkeep]
|-heal|p2b: Politoed|62/100|[from] item: Leftovers
|upkeep
|turn|7
|
|t:|1756849972
|move|p2b: Politoed|Protect|p2b: Politoed
|-singleturn|p2b: Politoed|Protect
|move|p1a: Amoonguss|Rage Powder|p1a: Amoonguss
|-singleturn|p1a: Amoonguss|move: Rage Powder
|move|p2a: Archaludon|Electro Shot||[still]
|-prepare|p2a: Archaludon|Electro Shot
|-boost|p2a: Archaludon|spa|1
|-anim|p2a: Archaludon|Electro Shot|p1a: Amoonguss
|-resisted|p1a: Amoonguss
|-damage|p1a: Amoonguss|14/100
|move|p1b: Gholdengo|Shadow Ball|p2a: Archaludon
|-damage|p2a: Archaludon|0 fnt
|faint|p2a: Archaludon
|-damage|p1b: Gholdengo|61/100|[from] item: Life Orb
|
|-weather|RainDance|[upkeep]
|-heal|p2b: Politoed|68/100|[from] item: Leftovers
|upkeep
|
|t:|1756849974
|switch|p2a: Kingdra|Kingdra, L50, F|100/100
|turn|8
|
|t:|1756849995
|move|p2a: Kingdra|Protect|p2a: Kingdra
|-singleturn|p2a: Kingdra|Protect
|move|p1a: Amoonguss|Rage Powder|p1a: Amoonguss
|-singleturn|p1a: Amoonguss|move: Rage Powder
|move|p1b: Gholdengo|Shadow Ball|p2a: Kingdra
|-activate|p2a: Kingdra|move: Protect
|move|p2b: Politoed|Weather Ball|p1a: Amoonguss
|-resisted|p1a: Amoonguss
|-damage|p1a: Amoonguss|0 fnt
|faint|p1a: Amoonguss
|
|-weather|RainDance|[upkeep]
|-heal|p2b: Politoed|74/100|[from] item: Leftovers
|upkeep
|
|t:|1756849997
|switch|p1a: Incineroar|Incineroar, L50, F|81/100
|-ability|p1a: Incineroar|Intimidate|boost
|-unboost|p2a: Kingdra|atk|1
|-unboost|p2b: Politoed|atk|1
|turn|9
|
|t:|1756850012
|switch|p2a: Incineroar|Incineroar, L50, F|66/100
|-ability|p2a: Incineroar|Intimidate|boost
|-unboost|p1a: Incineroar|atk|1
|-unboost|p1b: Gholdengo|atk|1
|move|p1a: Incineroar|Fake Out|p2a: Incineroar
|-damage|p2a: Incineroar|59/100
|move|p1b: Gholdengo|Shadow Ball|p2b: Politoed
|-damage|p2b: Politoed|14/100
|-damage|p1b: Gholdengo|51/100|[from] item: Life Orb
|move|p2b: Politoed|Weather Ball|p1a: Incineroar
|-supereffective|p1a: Incineroar
|-damage|p1a: Incineroar|4/100
|
|-weather|RainDance|[upkeep]
|-heal|p2b: Politoed|20/100|[from] item: Leftovers
|upkeep
|turn|10
|
|t:|1756850031
|move|p2b: Politoed|Protect|p2b: Politoed
|-singleturn|p2b: Politoed|Protect
|move|p1b: Gholdengo|Make It Rain|p2b: Politoed|[spread] p2a
|-activate|p2b: Politoed|move: Protect
|-resisted|p2a: Incineroar
|-damage|p2a: Incineroar|30/100
|-unboost|p1b: Gholdengo|spa|1
|-damage|p1b: Gholdengo|41/100|[from] item: Life Orb
|move|p1a: Incineroar|Parting Shot|p2a: Incineroar
|-unboost|p2a: Incineroar|atk|1
|-unboost|p2a: Incineroar|spa|1
|
|t:|1756850041
|switch|p1a: Dragonite|Dragonite, L50, F|100/100|[from] Parting Shot
|move|p2a: Incineroar|Knock Off|p1a: Dragonite
|-damage|p1a: Dragonite|87/100
|-enditem|p1a: Dragonite|Loaded Dice|[from] move: Knock Off|[of] p2a: Incineroar
|
|-weather|none
|-heal|p2b: Politoed|26/100|[from] item: Leftovers
|upkeep
|turn|11
|
|t:|1756850057
|switch|p2b: Kingdra|Kingdra, L50, F|100/100
|move|p1b: Gholdengo|Nasty Plot|p1b: Gholdengo
|-boost|p1b: Gholdengo|spa|2
|move|p1a: Dragonite|Tailwind|p1a: Dragonite
|-sidestart|p1: Captain No Reads|move: Tailwind
|move|p2a: Incineroar|Parting Shot|p1a: Dragonite
|-unboost|p1a: Dragonite|atk|1
|-unboost|p1a: Dragonite|spa|1
|
|t:|1756850067
|switch|p2a: Politoed|Politoed, L50, F|26/100|[from] Parting Shot
|-weather|RainDance|[from] ability: Drizzle|[of] p2a: Politoed
|
|-weather|RainDance|[upkeep]
|-heal|p2a: Politoed|32/100|[from] item: Leftovers
|upkeep
|turn|12
|
|t:|1756850080
|switch|p2a: Incineroar|Incineroar, L50, F|30/100
|-ability|p2a: Incineroar|Intimidate|boost
|-unboost|p1a: Dragonite|atk|1
|-unboost|p1b: Gholdengo|atk|1
|move|p2b: Kingdra|Draco Meteor|p1a: Dragonite
|-supereffective|p1a: Dragonite
|-crit|p1a: Dragonite
|-damage|p1a: Dragonite|0 fnt
|-unboost|p2b: Kingdra|spa|2
|faint|p1a: Dragonite
|-damage|p2b: Kingdra|91/100|[from] item: Life Orb
|move|p1b: Gholdengo|Make It Rain|p2b: Kingdra|[spread] p2a,p2b
|-resisted|p2a: Incineroar
|-resisted|p2b: Kingdra
|-damage|p2a: Incineroar|0 fnt
|-damage|p2b: Kingdra|16/100
|-unboost|p1b: Gholdengo|spa|1
|faint|p2a: Incineroar
|-damage|p1b: Gholdengo|31/100|[from] item: Life Orb
|
|-weather|RainDance|[upkeep]
|upkeep
|
|t:|1756850087
|switch|p1a: Incineroar|Incineroar, L50, F|4/100
|switch|p2a: Politoed|Politoed, L50, F|32/100
|-ability|p1a: Incineroar|Intimidate|boost
|-unboost|p2a: Politoed|atk|1
|-unboost|p2b: Kingdra|atk|1
|turn|13
|
|t:|1756850103
|move|p2b: Kingdra|Protect|p2b: Kingdra
|-singleturn|p2b: Kingdra|Protect
|move|p2a: Politoed|Protect|p2a: Politoed
|-singleturn|p2a: Politoed|Protect
|move|p1a: Incineroar|Fake Out|p2a: Politoed
|-activate|p2a: Politoed|move: Protect
|move|p1b: Gholdengo|Nasty Plot|p1b: Gholdengo
|-boost|p1b: Gholdengo|spa|2
|
|-weather|RainDance|[upkeep]
|-heal|p2a: Politoed|39/100|[from] item: Leftovers
|upkeep
|turn|14
|inactive|Captain No Reads has 30 seconds left.
|
|t:|1756850151
|-terastallize|p2b: Kingdra|Stellar
|move|p1b: Gholdengo|Protect|p1b: Gholdengo
|-singleturn|p1b: Gholdengo|Protect
|move|p2b: Kingdra|Draco Meteor|p1b: Gholdengo
|-activate|p1b: Gholdengo|move: Protect
|move|p1a: Incineroar|Knock Off|p2b: Kingdra
|-damage|p2b: Kingdra|0 fnt
|-enditem|p2b: Kingdra|Life Orb|[from] move: Knock Off|[of] p1a: Incineroar
|faint|p2b: Kingdra
|move|p2a: Politoed|Weather Ball|p1a: Incineroar
|-supereffective|p1a: Incineroar
|-damage|p1a: Incineroar|0 fnt
|faint|p1a: Incineroar
|
|-weather|RainDance|[upkeep]
|-heal|p2a: Politoed|45/100|[from] item: Leftovers
|-sideend|p1: Captain No Reads|move: Tailwind
|upkeep
|turn|15
|
|t:|1756850160
|move|p1b: Gholdengo|Shadow Ball|p2a: Politoed
|-damage|p2a: Politoed|0 fnt
|faint|p2a: Politoed
|-damage|p1b: Gholdengo|21/100|[from] item: Life Orb
|
|win|Captain No Reads
||SunDiazVGC is ready for game 3.
||Captain No Reads is ready for game 3.
|uhtml|next|Next: Game 3 of 3
|l|☆SunDiazVGC
|player|p2|
|l| subhamcheee
