|j|☆Googy11
|j|☆orosun
|html|Googy11orosun    
|uhtml|bestof|Game 1 of a best-of-3
|t:|1785285308
|gametype|doubles
|player|p1|Googy11|ethan|
|player|p2|orosun|266|
|gen|9
|tier|[Gen 9 Champions] VGC 2026 Reg M-B (Bo3)
|rule|Species Clause: Limit one of each Pokémon
|rule|Item Clause: Limit 1 of each item
|clearpoke
|poke|p1|Sceptile, L50, M|
|poke|p1|Rotom-Heat, L50|
|poke|p1|Mamoswine, L50, M|
|poke|p1|Tinkaton, L50, F|
|poke|p1|Gardevoir, L50, F, shiny|
|poke|p1|Basculegion, L50, M|
|poke|p2|Gengar, L50, F|
|poke|p2|Incineroar, L50, F|
|poke|p2|Blastoise, L50, M|
|poke|p2|Lucario, L50, M|
|poke|p2|Scrafty, L50, M|
|poke|p2|Ariados, L50, F|
|teampreview|4
|showteam|p1|Sceptile||Sceptilite|Overgrow|DragonPulse,EarthPower,EnergyBall,Protect|Timid||M|||50|]Rotom-Heat||ChoiceScarf|Levitate|Electroweb,Discharge,Overheat,VoltSwitch|Timid|||||50|]Mamoswine||FocusSash|Oblivious|RockSlide,IcicleCrash,HighHorsepower,Protect|Jolly||M|||50|]Tinkaton||SitrusBerry|MoldBreaker|FakeOut,PlayRough,KnockOff,Protect|Adamant||F|||50|]Gardevoir||Gardevoirite|Synchronize|HyperVoice,MysticalFire,Thunderbolt,Protect|Modest||F|||50|]Basculegion||LifeOrb|Adaptability|WaveCrash,AquaJet,LastRespects,Protect|Jolly||M|||50|
|showteam|p2|Gengar||Gengarite|CursedBody|ShadowBall,Disable,PerishSong,Protect|Timid||F|||50|]Incineroar||SitrusBerry|Intimidate|FakeOut,ThroatChop,PartingShot,Protect|Sassy||F|||50|]Blastoise||Leftovers|Torrent|FakeOut,WaveCrash,FlipTurn,Protect|Sassy||M|||50|]Lucario||ChoiceScarf|InnerFocus|FinalGambit,CloseCombat,MeteorMash,Crunch|Jolly||M|||50|]Scrafty||Scraftinite|Intimidate|DrainPunch,FirePunch,DragonDance,Detect|Adamant||M|||50|]Ariados||FocusSash|Insomnia|RagePowder,LeechLife,SuckerPunch,Protect|Brave||F|||50|
|
|t:|1785285371
|teamsize|p1|4
|teamsize|p2|4
|start
|switch|p1a: Rotom|Rotom-Heat, L50|100/100
|switch|p1b: Sceptile|Sceptile, L50, M|100/100
|switch|p2a: Scrafty|Scrafty, L50, M|100/100
|switch|p2b: Lucario|Lucario, L50, M|100/100
|-ability|p2a: Scrafty|Intimidate|boost
|-unboost|p1a: Rotom|atk|1
|-unboost|p1b: Sceptile|atk|1
|turn|1
|inactive|Battle timer is ON: inactive players will automatically lose when time's up. (requested by orosun)
|
|t:|1785285396
|detailschange|p1b: Sceptile|Sceptile-Mega, L50, M
|-mega|p1b: Sceptile|Sceptile|Sceptilite
|move|p1b: Sceptile|Protect|p1b: Sceptile
|-singleturn|p1b: Sceptile|Protect
|move|p2b: Lucario|Final Gambit|p1b: Sceptile
|-activate|p1b: Sceptile|move: Protect
|move|p1a: Rotom|Electroweb|p2a: Scrafty|[spread] p2a,p2b
|-damage|p2a: Scrafty|82/100
|-damage|p2b: Lucario|74/100
|-unboost|p2a: Scrafty|spe|1
|-unboost|p2b: Lucario|spe|1
|move|p2a: Scrafty|Dragon Dance|p2a: Scrafty
|-boost|p2a: Scrafty|atk|1
|-boost|p2a: Scrafty|spe|1
|
|upkeep
|turn|2
|inactive|Googy11 has 30 seconds left.
|inactive|orosun has 30 seconds left.
|inactive|orosun has 20 seconds left.
|inactive|orosun has 15 seconds left.
|inactive|orosun has 10 seconds left.
|
|t:|1785285442
|switch|p1a: Basculegion|Basculegion, L50, M|100/100
|detailschange|p2a: Scrafty|Scrafty-Mega, L50, M
|-mega|p2a: Scrafty|Scrafty|Scraftinite
|-ability|p2a: Scrafty|Intimidate|boost
|-unboost|p1a: Basculegion|atk|1
|-unboost|p1b: Sceptile|atk|1
|move|p1b: Sceptile|Earth Power|p2b: Lucario
|-supereffective|p2b: Lucario|1
|-damage|p2b: Lucario|0 fnt
|faint|p2b: Lucario
|move|p2a: Scrafty|Drain Punch|p1b: Sceptile
|-damage|p1b: Sceptile|11/100
|-heal|p2a: Scrafty|100/100|[from] drain|[of] p1b: Sceptile
|
|upkeep
|
|t:|1785285460
|switch|p2b: Incineroar|Incineroar, L50, F|100/100
|-ability|p2b: Incineroar|Intimidate|boost
|-unboost|p1a: Basculegion|atk|1
|-unboost|p1b: Sceptile|atk|1
|turn|3
|inactive|orosun has 30 seconds left.
|inactive|orosun has 20 seconds left.
|inactive|orosun has 15 seconds left.
|inactive|orosun has 10 seconds left.
|
|t:|1785285506
|switch|p1a: Rotom|Rotom-Heat, L50|100/100
|move|p1b: Sceptile|Protect|p1b: Sceptile
|-singleturn|p1b: Sceptile|Protect
|move|p2b: Incineroar|Protect|p2b: Incineroar
|-singleturn|p2b: Incineroar|Protect
|move|p2a: Scrafty|Drain Punch|p1b: Sceptile
|-activate|p1b: Sceptile|move: Protect
|
|upkeep
|turn|4
|inactive|orosun has 30 seconds left.
|
|t:|1785285532
|switch|p2b: Ariados|Ariados, L50, F|100/100
|move|p1a: Rotom|Discharge|p2a: Scrafty|[spread] p2a,p2b
|-ability|p1b: Sceptile|Lightning Rod|boost
|-boost|p1b: Sceptile|spa|1
|-crit|p2a: Scrafty
|-damage|p2a: Scrafty|66/100
|-damage|p2b: Ariados|64/100
|-status|p2b: Ariados|par
|move|p1b: Sceptile|Energy Ball|p2a: Scrafty
|-damage|p2a: Scrafty|8/100
|move|p2a: Scrafty|Drain Punch|p1a: Rotom
|-crit|p1a: Rotom
|-damage|p1a: Rotom|0 fnt
|-heal|p2a: Scrafty|45/100|[from] drain|[of] p1a: Rotom
|faint|p1a: Rotom
|
|upkeep
|inactive|Googy11 has 30 seconds left.
|
|t:|1785285559
|switch|p1a: Basculegion|Basculegion, L50, M|100/100
|turn|5
|inactive|Googy11 has 30 seconds left.
|
|t:|1785285596
|switch|p1a: Mamoswine|Mamoswine, L50, M|100/100
|switch|p2a: Incineroar|Incineroar, L50, F|100/100
|-ability|p2a: Incineroar|Intimidate|boost
|-fail|p1a: Mamoswine|unboost|Attack|[from] ability: Oblivious|[of] p1a: Mamoswine
|-unboost|p1b: Sceptile|atk|1
|move|p2b: Ariados|Sucker Punch|p1b: Sceptile
|-damage|p1b: Sceptile|0 fnt
|faint|p1b: Sceptile
|
|upkeep
|
|t:|1785285604
|switch|p1b: Basculegion|Basculegion, L50, M|100/100
|turn|6
|
|t:|1785285623
|move|p1a: Mamoswine|Protect|p1a: Mamoswine
|-singleturn|p1a: Mamoswine|Protect
|move|p2a: Incineroar|Fake Out|p1a: Mamoswine
|-activate|p1a: Mamoswine|move: Protect
|move|p2b: Ariados|Sucker Punch|p1b: Basculegion
|-supereffective|p1b: Basculegion|1
|-damage|p1b: Basculegion|45/100
|move|p1b: Basculegion|Wave Crash|p2a: Incineroar
|-supereffective|p2a: Incineroar|1
|-damage|p2a: Incineroar|0 fnt
|faint|p2a: Incineroar
|-damage|p1b: Basculegion|11/100|[from] Recoil
|-damage|p1b: Basculegion|1/100|[from] item: Life Orb
|
|upkeep
|
|t:|1785285637
|switch|p2a: Scrafty|Scrafty-Mega, L50, M|45/100
|-ability|p2a: Scrafty|Intimidate|boost
|-fail|p1a: Mamoswine|unboost|Attack|[from] ability: Oblivious|[of] p1a: Mamoswine
|-unboost|p1b: Basculegion|atk|1
|turn|7
|inactive|orosun has 30 seconds left.
|inactive|orosun has 20 seconds left.
|
|t:|1785285672
|move|p2b: Ariados|Rage Powder|p2b: Ariados
|-singleturn|p2b: Ariados|move: Rage Powder
|move|p1b: Basculegion|Aqua Jet|p2b: Ariados
|-crit|p2b: Ariados
|-damage|p2b: Ariados|0 fnt
|faint|p2b: Ariados
|-damage|p1b: Basculegion|0 fnt|[from] item: Life Orb
|faint|p1b: Basculegion
|move|p1a: Mamoswine|Icicle Crash|p2a: Scrafty
|-damage|p2a: Scrafty|11/100
|move|p2a: Scrafty|Drain Punch|p1a: Mamoswine
|-supereffective|p1a: Mamoswine|1
|-damage|p1a: Mamoswine|2/100
|-heal|p2a: Scrafty|64/100|[from] drain|[of] p1a: Mamoswine
|
|upkeep
|turn|8
|
|t:|1785285685
|move|p1a: Mamoswine|Icicle Crash|p2a: Scrafty
|-damage|p2a: Scrafty|27/100
|move|p2a: Scrafty|Drain Punch|p1a: Mamoswine
|-supereffective|p1a: Mamoswine|1
|-damage|p1a: Mamoswine|0 fnt
|-heal|p2a: Scrafty|29/100|[from] drain|[of] p1a: Mamoswine
|faint|p1a: Mamoswine
|
|win|orosun
|c|☆Googy11|gg
|c|☆orosun|gg
