|j|☆palle synchro
|j|‽Slackermaru
|html|palle synchroSlackermaru    
|uhtml|bestof|Game 3 of a best-of-3
|t:|1754513971
|gametype|doubles
|player|p1|palle synchro|volkner|1323
|player|p2|Slackermaru|workerice|1358
|gen|9
|tier|[Gen 9] VGC 2025 Reg H (Bo3)
|rated|
|rule|Species Clause: Limit one of each Pokémon
|rule|Item Clause: Limit 1 of each item
|clearpoke
|poke|p1|Whimsicott, L50, M|
|poke|p1|Dragonite, L50, F|
|poke|p1|Indeedee, L50, M|
|poke|p1|Sneasler, L50, M|
|poke|p1|Ursaluna-Bloodmoon, L50, M|
|poke|p1|Archaludon, L50, F|
|poke|p2|Porygon2, L50|
|poke|p2|Hydreigon, L50, F|
|poke|p2|Incineroar, L50, M|
|poke|p2|Garchomp, L50, M|
|poke|p2|Amoonguss, L50, F|
|poke|p2|Gholdengo, L50|
|teampreview|4
|showteam|p1|Whimsicott||CovertCloak|Prankster|Moonblast,Taunt,Tailwind,FakeTears|||M|||50|,,,,,Water]Dragonite||LoadedDice|Multiscale|ScaleShot,StompingTantrum,Haze,Protect|||F|||50|,,,,,Steel]Indeedee||FocusSash|PsychicSurge|ExpandingForce,TeraBlast,Imprison,TrickRoom|||M|||50|,,,,,Psychic]Sneasler||PsychicSeed|Unburden|CloseCombat,DireClaw,ThroatChop,Protect|||M|||50|,,,,,Dark]Ursaluna-Bloodmoon||LifeOrb|MindsEye|HyperVoice,BloodMoon,EarthPower,Protect|||M|||50|,,,,,Normal]Archaludon||PowerHerb|Stalwart|ElectroShot,DragonPulse,Thunderbolt,Protect|||F|||50|,,,,,Electric
|showteam|p2|Porygon2||Eviolite|Download|TeraBlast,IceBeam,TrickRoom,Recover||||||50|,,,,,Fighting]Hydreigon||SafetyGoggles|Levitate|Snarl,DracoMeteor,Tailwind,Protect|||F|||50|,,,,,Ghost]Incineroar||SitrusBerry|Intimidate|FlareBlitz,KnockOff,PartingShot,FakeOut|||M|||50|,,,,,Grass]Garchomp||LoadedDice|RoughSkin|ScaleShot,Earthquake,StompingTantrum,Protect|||M|||50|,,,,,Fire]Amoonguss||CovertCloak|Regenerator|PollenPuff,Spore,RagePowder,Protect|||F|||50|,,,,,Fire]Gholdengo||MetalCoat|GoodasGold|MakeItRain,ShadowBall,NastyPlot,Protect||||||50|,,,,,Flying
|inactive|Battle timer is ON: inactive players will automatically lose when time's up. (requested by palle synchro)
|
|t:|1754513994
|teamsize|p1|4
|teamsize|p2|4
|start
|switch|p1a: Whimsicott|Whimsicott, L50, M|100/100
|switch|p1b: Ursaluna|Ursaluna-Bloodmoon, L50, M|100/100
|switch|p2a: Incineroar|Incineroar, L50, M, shiny|100/100
|switch|p2b: Hydreigon|Hydreigon, L50, F, shiny|100/100
|-ability|p2a: Incineroar|Intimidate|boost
|-unboost|p1a: Whimsicott|atk|1
|-unboost|p1b: Ursaluna|atk|1
|turn|1
|
|t:|1754514010
|move|p2a: Incineroar|Fake Out|p1b: Ursaluna
|-damage|p1b: Ursaluna|90/100
|move|p1a: Whimsicott|Moonblast|p2b: Hydreigon
|-supereffective|p2b: Hydreigon
|-damage|p2b: Hydreigon|0 fnt
|faint|p2b: Hydreigon
|cant|p1b: Ursaluna|flinch
|
|upkeep
|
|t:|1754514017
|switch|p2b: Porygon2|Porygon2, L50, shiny|100/100
|-ability|p2b: Porygon2|Download|boost
|-boost|p2b: Porygon2|spa|1
|turn|2
|
|t:|1754514030
|-terastallize|p1a: Whimsicott|Water
|move|p1a: Whimsicott|Fake Tears|p2b: Porygon2
|-unboost|p2b: Porygon2|spd|2
|move|p2a: Incineroar|Knock Off|p1b: Ursaluna
|-damage|p1b: Ursaluna|58/100
|-enditem|p1b: Ursaluna|Life Orb|[from] move: Knock Off|[of] p2a: Incineroar
|move|p1b: Ursaluna|Blood Moon|p2b: Porygon2
|-damage|p2b: Porygon2|2/100
|move|p2b: Porygon2|Trick Room|p2b: Porygon2
|-fieldstart|move: Trick Room|[of] p2b: Porygon2
|
|upkeep
|turn|3
|inactive|Slackermaru has 30 seconds left.
|inactive|palle synchro has 30 seconds left.
|inactive|Slackermaru has 20 seconds left.
|inactive|Slackermaru has 15 seconds left.
|inactive|Slackermaru has 10 seconds left.
|
|t:|1754514076
|switch|p1b: Sneasler|Sneasler, L50, M|100/100
|move|p2b: Porygon2|Recover|p2b: Porygon2
|-heal|p2b: Porygon2|52/100
|move|p2a: Incineroar|Knock Off|p1a: Whimsicott
|-damage|p1a: Whimsicott|50/100
|-enditem|p1a: Whimsicott|Covert Cloak|[from] move: Knock Off|[of] p2a: Incineroar
|move|p1a: Whimsicott|Moonblast|p2b: Porygon2
|-crit|p2b: Porygon2
|-damage|p2b: Porygon2|2/100
|
|upkeep
|turn|4
|inactive|palle synchro has 30 seconds left.
|inactive|Slackermaru has 30 seconds left.
|
|t:|1754514103
|move|p1b: Sneasler|Protect|p1b: Sneasler
|-singleturn|p1b: Sneasler|Protect
|move|p1a: Whimsicott|Taunt|p2b: Porygon2
|-start|p2b: Porygon2|move: Taunt
|move|p2b: Porygon2|Tera Blast|p1a: Whimsicott
|-damage|p1a: Whimsicott|0 fnt
|faint|p1a: Whimsicott
|move|p2a: Incineroar|Parting Shot|p1b: Sneasler
|-activate|p1b: Sneasler|move: Protect
|
|upkeep
|
|t:|1754514113
|switch|p1a: Ursaluna|Ursaluna-Bloodmoon, L50, M|58/100
|turn|5
|
|t:|1754514133
|-terastallize|p2a: Incineroar|Grass
|move|p1a: Ursaluna|Protect|p1a: Ursaluna
|-singleturn|p1a: Ursaluna|Protect
|move|p2b: Porygon2|Tera Blast|p1b: Sneasler
|-damage|p1b: Sneasler|20/100
|move|p2a: Incineroar|Flare Blitz|p1b: Sneasler
|-damage|p1b: Sneasler|0 fnt
|faint|p1b: Sneasler
|-damage|p2a: Incineroar|95/100|[from] Recoil
|
|upkeep
|
|t:|1754514142
|switch|p1b: Archaludon|Archaludon, L50, F|100/100
|turn|6
|
|t:|1754514150
|move|p1a: Ursaluna|Protect|p1a: Ursaluna
|-singleturn|p1a: Ursaluna|Protect
|move|p1b: Archaludon|Protect|p1b: Archaludon
|-singleturn|p1b: Archaludon|Protect
|move|p2b: Porygon2|Ice Beam|p1a: Ursaluna
|-activate|p1a: Ursaluna|move: Protect
|move|p2a: Incineroar|Knock Off|p1b: Archaludon
|-activate|p1b: Archaludon|move: Protect
|
|-end|p2b: Porygon2|move: Taunt
|-fieldend|move: Trick Room
|upkeep
|turn|7
|
|t:|1754514168
|move|p1b: Archaludon|Electro Shot||[still]
|-prepare|p1b: Archaludon|Electro Shot
|-boost|p1b: Archaludon|spa|1
|-enditem|p1b: Archaludon|Power Herb
|-anim|p1b: Archaludon|Electro Shot|p2b: Porygon2
|-damage|p2b: Porygon2|0 fnt
|faint|p2b: Porygon2
|move|p2a: Incineroar|Knock Off|p1b: Archaludon
|-damage|p1b: Archaludon|77/100
|move|p1a: Ursaluna|Blood Moon|p2a: Incineroar
|-damage|p2a: Incineroar|16/100
|-enditem|p2a: Incineroar|Sitrus Berry|[eat]
|-heal|p2a: Incineroar|41/100|[from] item: Sitrus Berry
|
|upkeep
|
|t:|1754514181
|switch|p2b: Garchomp|Garchomp, L50, M, shiny|100/100
|turn|8
|
|t:|1754514204
|move|p2b: Garchomp|Earthquake|p1a: Ursaluna|[spread] p2a,p1a,p1b
|-resisted|p2a: Incineroar
|-supereffective|p1b: Archaludon
|-damage|p2a: Incineroar|22/100
|-damage|p1a: Ursaluna|22/100
|-damage|p1b: Archaludon|5/100
|move|p1b: Archaludon|Dragon Pulse|p2b: Garchomp
|-supereffective|p2b: Garchomp
|-damage|p2b: Garchomp|0 fnt
|faint|p2b: Garchomp
|move|p2a: Incineroar|Flare Blitz|p1a: Ursaluna
|-damage|p1a: Ursaluna|0 fnt
|faint|p1a: Ursaluna
|-damage|p2a: Incineroar|15/100|[from] Recoil
|
|upkeep
|turn|9
|
|t:|1754514229
|move|p1b: Archaludon|Dragon Pulse|p2a: Incineroar
|-damage|p2a: Incineroar|0 fnt
|faint|p2a: Incineroar
|
|win|palle synchro
|raw|palle synchro's rating: 1323 → 1345(+22 for winning)
|raw|Slackermaru's rating: 1358 → 1336(-22 for losing)
