|j|☆duvansans48
|j|☆madaranxyz
|html|duvansans48madaranxyz    
|uhtml|bestof|Game 3 of a best-of-3
|t:|1784595957
|gametype|doubles
|player|p1|duvansans48|benga|
|player|p2|madaranxyz|dawn|
|gen|9
|tier|[Gen 9 Champions] VGC 2026 Reg M-B (Bo3)
|rule|Species Clause: Limit one of each Pokémon
|rule|Item Clause: Limit 1 of each item
|clearpoke
|poke|p1|Charizard, L50, M|
|poke|p1|Incineroar, L50, M|
|poke|p1|Whimsicott, L50, F|
|poke|p1|Oranguru, L50, M|
|poke|p1|Garchomp, L50, M, shiny|
|poke|p1|Annihilape, L50, M|
|poke|p2|Milotic, L50, F, shiny|
|poke|p2|Pelipper, L50, M|
|poke|p2|Archaludon, L50, M|
|poke|p2|Incineroar, L50, M|
|poke|p2|Sinistcha, L50|
|poke|p2|Garchomp, L50, F|
|teampreview|4
|showteam|p1|Charizard||CharizarditeY|SolarPower|HeatWave,SolarBeam,Protect,AirSlash|Modest||M|||50|]Incineroar||SitrusBerry|Intimidate|FakeOut,FlareBlitz,PartingShot,Taunt|Adamant||M|||50|]Whimsicott||FocusSash|Prankster|Tailwind,Encore,Protect,Moonblast|Timid||F|||50|]Oranguru||MentalHerb|Telepathy|TrickRoom,Yawn,Protect,Instruct|Sassy||M|||50|]Garchomp||Garchompite|RoughSkin|Earthquake,DragonClaw,Protect,RockSlide|Adamant||M|||50|]Annihilape||Leftovers|Defiant|RageFist,DrainPunch,Protect,BulkUp|Adamant||M|||50|
|showteam|p2|Milotic||Leftovers|Competitive|Scald,IcyWind,Recover,Protect|Modest||F|||50|]Pelipper||FocusSash|Drizzle|Hurricane,Tailwind,Surf,Protect|Modest||M|||50|]Archaludon||WhiteHerb|Stamina|ElectroShot,FlashCannon,DracoMeteor,Protect|Modest||M|||50|]Incineroar||SitrusBerry|Intimidate|FakeOut,FlareBlitz,DarkPulse,PartingShot|Adamant||M|||50|]Sinistcha||OccaBerry|Hospitality|MatchaGotcha,ShadowBall,RagePowder,Protect|Bold|||||50|]Garchomp||LifeOrb|RoughSkin|Earthquake,DragonClaw,IronHead,Protect|Jolly||F|||50|
|
|t:|1784595992
|teamsize|p1|4
|teamsize|p2|4
|start
|switch|p1a: Oranguru|Oranguru, L50, M|100/100
|switch|p1b: Annihilape|Annihilape, L50, M|100/100
|switch|p2a: Archaludon|Archaludon, L50, M|100/100
|switch|p2b: Milotic|Milotic, L50, F, shiny|100/100
|turn|1
|j| UI Rain
|
|t:|1784596074
|move|p1b: Annihilape|Bulk Up|p1b: Annihilape
|-boost|p1b: Annihilape|atk|1
|-boost|p1b: Annihilape|def|1
|move|p2a: Archaludon|Electro Shot||[still]
|-prepare|p2a: Archaludon|Electro Shot
|-boost|p2a: Archaludon|spa|1
|move|p2b: Milotic|Icy Wind|p1b: Annihilape|[spread] p1a,p1b
|-damage|p1a: Oranguru|92/100
|-damage|p1b: Annihilape|87/100
|-unboost|p1a: Oranguru|spe|1
|-unboost|p1b: Annihilape|spe|1
|-ability|p1b: Annihilape|Defiant|boost
|-boost|p1b: Annihilape|atk|2
|move|p1a: Oranguru|Yawn|p2a: Archaludon
|-start|p2a: Archaludon|move: Yawn|[of] p1a: Oranguru
|
|-heal|p1b: Annihilape|93/100|[from] item: Leftovers
|upkeep
|turn|2
|
|t:|1784596108
|move|p2a: Archaludon|Electro Shot|p1b: Annihilape|[from] lockedmove
|-damage|p1b: Annihilape|23/100
|move|p2b: Milotic|Scald|p1b: Annihilape
|-damage|p1b: Annihilape|0 fnt
|faint|p1b: Annihilape
|move|p1a: Oranguru|Trick Room|p1a: Oranguru
|-fieldstart|move: Trick Room|[of] p1a: Oranguru
|
|-end|p2a: Archaludon|move: Yawn|[silent]
|-status|p2a: Archaludon|slp
|upkeep
|
|t:|1784596117
|switch|p1b: Whimsicott|Whimsicott, L50, F|100/100
|turn|3
|
|t:|1784596153
|cant|p2a: Archaludon|slp
|move|p1a: Oranguru|Yawn|p2b: Milotic
|-start|p2b: Milotic|move: Yawn|[of] p1a: Oranguru
|move|p2b: Milotic|Icy Wind|p1a: Oranguru|[spread] p1a,p1b
|-supereffective|p1b: Whimsicott|1
|-damage|p1a: Oranguru|84/100
|-damage|p1b: Whimsicott|57/100
|-unboost|p1a: Oranguru|spe|1
|-unboost|p1b: Whimsicott|spe|1
|move|p1b: Whimsicott|Moonblast|p2a: Archaludon
|-damage|p2a: Archaludon|58/100 slp
|-unboost|p2a: Archaludon|spa|1
|-ability|p2a: Archaludon|Stamina|boost
|-boost|p2a: Archaludon|def|1
|
|upkeep
|turn|4
|
|t:|1784596178
|-curestatus|p2a: Archaludon|slp|[msg]
|move|p2a: Archaludon|Protect|p2a: Archaludon
|-singleturn|p2a: Archaludon|Protect
|move|p1a: Oranguru|Instruct|p1b: Whimsicott
|-singleturn|p1b: Whimsicott|move: Instruct|[of] p1a: Oranguru
|move|p1b: Whimsicott|Moonblast|p2a: Archaludon
|-activate|p2a: Archaludon|move: Protect
|move|p2b: Milotic|Icy Wind|p1a: Oranguru|[spread] p1a,p1b
|-supereffective|p1b: Whimsicott|1
|-damage|p1a: Oranguru|76/100
|-damage|p1b: Whimsicott|13/100
|-unboost|p1a: Oranguru|spe|1
|-unboost|p1b: Whimsicott|spe|1
|move|p1b: Whimsicott|Moonblast|p2a: Archaludon
|-activate|p2a: Archaludon|move: Protect
|
|-end|p2b: Milotic|move: Yawn|[silent]
|-status|p2b: Milotic|slp
|upkeep
|turn|5
|
|t:|1784596214
|move|p1b: Whimsicott|Encore|p2a: Archaludon
|-start|p2a: Archaludon|Encore
|move|p2a: Archaludon|Protect|p2a: Archaludon
|-singleturn|p2a: Archaludon|Protect
|move|p1a: Oranguru|Instruct|p1b: Whimsicott
|-singleturn|p1b: Whimsicott|move: Instruct|[of] p1a: Oranguru
|move|p1b: Whimsicott|Encore|p2a: Archaludon
|-activate|p2a: Archaludon|move: Protect
|cant|p2b: Milotic|slp
|
|upkeep
|turn|6
|
|t:|1784596231
|move|p2a: Archaludon|Protect||[still]
|-fail|p2a: Archaludon
|move|p1a: Oranguru|Instruct|p1b: Whimsicott
|-singleturn|p1b: Whimsicott|move: Instruct|[of] p1a: Oranguru
|move|p1b: Whimsicott|Encore||[still]
|-fail|p1b: Whimsicott
|move|p1b: Whimsicott|Moonblast|p2a: Archaludon
|-damage|p2a: Archaludon|12/100
|-ability|p2a: Archaludon|Stamina|boost
|-boost|p2a: Archaludon|def|1
|cant|p2b: Milotic|slp
|
|-fieldend|move: Trick Room
|upkeep
|turn|7
|
|t:|1784596259
|move|p1b: Whimsicott|Protect|p1b: Whimsicott
|-singleturn|p1b: Whimsicott|Protect
|move|p2a: Archaludon|Protect|p2a: Archaludon
|-singleturn|p2a: Archaludon|Protect
|-curestatus|p2b: Milotic|slp|[msg]
|move|p2b: Milotic|Icy Wind|p1b: Whimsicott|[spread] p1a
|-activate|p1b: Whimsicott|move: Protect
|-damage|p1a: Oranguru|68/100
|-unboost|p1a: Oranguru|spe|1
|move|p1a: Oranguru|Trick Room|p1a: Oranguru
|-fieldstart|move: Trick Room|[of] p1a: Oranguru
|
|-end|p2a: Archaludon|Encore
|upkeep
|turn|8
|
|t:|1784596285
|move|p2a: Archaludon|Protect|p2a: Archaludon
|-singleturn|p2a: Archaludon|Protect
|move|p1a: Oranguru|Yawn|p2b: Milotic
|-start|p2b: Milotic|move: Yawn|[of] p1a: Oranguru
|move|p1b: Whimsicott|Moonblast|p2a: Archaludon
|-activate|p2a: Archaludon|move: Protect
|move|p2b: Milotic|Icy Wind|p1b: Whimsicott|[spread] p1a,p1b
|-crit|p1a: Oranguru
|-supereffective|p1b: Whimsicott|1
|-damage|p1a: Oranguru|56/100
|-damage|p1b: Whimsicott|0 fnt
|-unboost|p1a: Oranguru|spe|1
|faint|p1b: Whimsicott
|
|upkeep
|
|t:|1784596299
|switch|p1b: Garchomp|Garchomp, L50, M, shiny|100/100
|turn|9
|
|t:|1784596320
|move|p1b: Garchomp|Protect|p1b: Garchomp
|-singleturn|p1b: Garchomp|Protect
|move|p1a: Oranguru|Yawn|p2a: Archaludon
|-start|p2a: Archaludon|move: Yawn|[of] p1a: Oranguru
|move|p2b: Milotic|Scald|p1a: Oranguru
|-damage|p1a: Oranguru|31/100
|move|p2a: Archaludon|Draco Meteor|p1b: Garchomp
|-activate|p1b: Garchomp|move: Protect
|
|-end|p2b: Milotic|move: Yawn|[silent]
|-status|p2b: Milotic|slp
|upkeep
|turn|10
|
|t:|1784596343
|detailschange|p1b: Garchomp|Garchomp-Mega, L50, M, shiny
|-mega|p1b: Garchomp|Garchomp|Garchompite
|move|p1a: Oranguru|Instruct|p1b: Garchomp
|-singleturn|p1b: Garchomp|move: Instruct|[of] p1a: Oranguru
|move|p1b: Garchomp|Protect|p1b: Garchomp
|-singleturn|p1b: Garchomp|Protect
|cant|p2b: Milotic|slp
|move|p2a: Archaludon|Draco Meteor|p1b: Garchomp
|-activate|p1b: Garchomp|move: Protect
|move|p1b: Garchomp|Earthquake|p2b: Milotic|[spread] p2a,p2b
|-activate|p1a: Oranguru|ability: Telepathy
|-supereffective|p2a: Archaludon|1
|-damage|p2a: Archaludon|0 fnt
|-damage|p2b: Milotic|45/100 slp
|faint|p2a: Archaludon
|
|-heal|p2b: Milotic|50/100g slp|[from] item: Leftovers
|upkeep
|
|t:|1784596369
|switch|p2a: Garchomp|Garchomp, L50, F|100/100
|turn|11
|
|t:|1784596382
|move|p1a: Oranguru|Instruct|p1b: Garchomp
|-singleturn|p1b: Garchomp|move: Instruct|[of] p1a: Oranguru
|move|p1b: Garchomp|Earthquake|p2a: Garchomp|[spread] p2a,p2b
|-activate|p1a: Oranguru|ability: Telepathy
|-damage|p2a: Garchomp|45/100
|-damage|p2b: Milotic|0 fnt
|faint|p2b: Milotic
|move|p1b: Garchomp|Dragon Claw|p2a: Garchomp
|-supereffective|p2a: Garchomp|1
|-crit|p2a: Garchomp
|-damage|p2a: Garchomp|0 fnt
|-damage|p1b: Garchomp|87/100|[from] ability: Rough Skin|[of] p2a: Garchomp
|faint|p2a: Garchomp
|
|-fieldend|move: Trick Room
|upkeep
|
|t:|1784596405
|switch|p2b: Pelipper|Pelipper, L50, M|100/100
|-weather|RainDance|[from] ability: Drizzle|[of] p2b: Pelipper
|turn|12
|
|t:|1784596419
|move|p1b: Garchomp|Rock Slide|p2b: Pelipper
|-supereffective|p2b: Pelipper|1
|-enditem|p2b: Pelipper|Focus Sash
|-damage|p2b: Pelipper|1/100
|cant|p2b: Pelipper|flinch
|move|p1a: Oranguru|Yawn|p2b: Pelipper
|-start|p2b: Pelipper|move: Yawn|[of] p1a: Oranguru
|
|-weather|RainDance|[upkeep]
|upkeep
|turn|13
|
|t:|1784596454
|move|p1b: Garchomp|Dragon Claw|p2b: Pelipper
|-damage|p2b: Pelipper|0 fnt
|faint|p2b: Pelipper
|
|win|duvansans48
|l| UI Rain
