|j|☆weefus
|j|☆washingtongargacha
|html|weefuswashingtongargacha    
|uhtml|bestof|Game 1 of a best-of-3
|t:|1757090154
|gametype|doubles
|player|p1|weefus|cynthia-gen4|1054
|player|p2|washingtongargacha|2|1152
|gen|9
|tier|[Gen 9] VGC 2025 Reg H (Bo3)
|rated|
|rule|Species Clause: Limit one of each Pokémon
|rule|Item Clause: Limit 1 of each item
|clearpoke
|poke|p1|Malamar, L50, M|
|poke|p1|Sinistcha-Masterpiece, L50|
|poke|p1|Pelipper, L50, F|
|poke|p1|Archaludon, L50, F|
|poke|p1|Rillaboom, L50, F|
|poke|p1|Basculegion, L50, M|
|poke|p2|Gholdengo, L50|
|poke|p2|Ursaluna, L50, M|
|poke|p2|Archaludon, L50, F|
|poke|p2|Murkrow, L50, F|
|poke|p2|Tsareena, L50, F|
|poke|p2|Sneasler, L50, F|
|teampreview|4
|showteam|p1|Malamar||SitrusBerry|Contrary|Superpower,KnockOff,SkillSwap,Protect|||M|||50|,,,,,Steel]Sinistcha-Masterpiece||RockyHelmet|Hospitality|MatchaGotcha,StrengthSap,RagePowder,LeafStorm||||||50|,,,,,Water]Pelipper||FocusSash|Drizzle|WeatherBall,Hurricane,WideGuard,Tailwind|||F|||50|,,,,,Ghost]Archaludon||PowerHerb|Stamina|ElectroShot,DracoMeteor,FlashCannon,Protect|||F|||50|,,,,,Electric]Rillaboom||AssaultVest|GrassySurge|FakeOut,HighHorsepower,WoodHammer,Uturn|||F|||50|,,,,,Fire]Basculegion||ChoiceBand|SwiftSwim|WaveCrash,FlipTurn,AquaJet,LastRespects|||M|||50|,,,,,Water
|showteam|p2|Gholdengo||ChoiceSpecs|GoodasGold|ShadowBall,MakeItRain,PowerGem,SteelBeam||||||50|,,,,,Steel]Ursaluna||FlameOrb|Guts|Facade,HeadlongRush,Earthquake,Protect|||M|||50|,,,,,Grass]Archaludon||PowerHerb|Sturdy|ElectroShot,FlashCannon,DracoMeteor,Protect|||F|||50|,,,,,Grass]Murkrow||Eviolite|Prankster|Tailwind,RainDance,FoulPlay,Haze|||F|||50|,,,,,Poison]Tsareena||WideLens|QueenlyMajesty|TripleAxel,Protect,PowerWhip,HelpingHand|||F|||50|,,,,,Water]Sneasler||WhiteHerb|Unburden|DireClaw,CloseCombat,Protect,ThroatChop|||F|||50|,,,,,Flying
|
|t:|1757090217
|teamsize|p1|4
|teamsize|p2|4
|start
|switch|p1a: Rillaboom|Rillaboom, L50, F|100/100
|switch|p1b: Archaludon|Archaludon, L50, F|100/100
|switch|p2a: Archaludon|Archaludon, L50, F|100/100
|switch|p2b: Tsareena|Tsareena, L50, F|100/100
|-fieldstart|move: Grassy Terrain|[from] ability: Grassy Surge|[of] p1a: Rillaboom
|turn|1
|
|t:|1757090265
|move|p2a: Archaludon|Draco Meteor|p1b: Archaludon
|-damage|p1b: Archaludon|13/100
|-unboost|p2a: Archaludon|spa|2
|-ability|p1b: Archaludon|Stamina|boost
|-boost|p1b: Archaludon|def|1
|move|p1b: Archaludon|Electro Shot||[still]
|-prepare|p1b: Archaludon|Electro Shot
|-boost|p1b: Archaludon|spa|1
|-enditem|p1b: Archaludon|Power Herb
|-anim|p1b: Archaludon|Electro Shot|p2a: Archaludon
|-resisted|p2a: Archaludon
|-damage|p2a: Archaludon|50/100
|move|p1a: Rillaboom|U-turn|p2b: Tsareena
|-supereffective|p2b: Tsareena
|-damage|p2b: Tsareena|52/100
|
|t:|1757090283
|switch|p1a: Malamar|Malamar, L50, M|100/100|[from] U-turn
|move|p2b: Tsareena|Triple Axel|p1b: Archaludon
|-damage|p1b: Archaludon|9/100
|-ability|p1b: Archaludon|Stamina|boost
|-boost|p1b: Archaludon|def|1
|-damage|p1b: Archaludon|3/100
|-ability|p1b: Archaludon|Stamina|boost
|-boost|p1b: Archaludon|def|1
|-damage|p1b: Archaludon|0 fnt
|faint|p1b: Archaludon
|-hitcount|p1: Archaludon|3
|
|-heal|p2a: Archaludon|56/100|[from] Grassy Terrain
|-heal|p2b: Tsareena|59/100|[from] Grassy Terrain
|upkeep
|
|t:|1757090304
|switch|p1b: Rillaboom|Rillaboom, L50, F|100/100
|turn|2
|
|t:|1757090336
|move|p2b: Tsareena|Protect|p2b: Tsareena
|-singleturn|p2b: Tsareena|Protect
|move|p2a: Archaludon|Electro Shot||[still]
|-prepare|p2a: Archaludon|Electro Shot
|-boost|p2a: Archaludon|spa|1
|-enditem|p2a: Archaludon|Power Herb
|-anim|p2a: Archaludon|Electro Shot|p1a: Malamar
|-damage|p1a: Malamar|76/100
|move|p1b: Rillaboom|High Horsepower|p2a: Archaludon
|-supereffective|p2a: Archaludon
|-damage|p2a: Archaludon|0 fnt
|faint|p2a: Archaludon
|move|p1a: Malamar|Knock Off|p2b: Tsareena
|-activate|p2b: Tsareena|move: Protect
|
|-heal|p1a: Malamar|82/100|[from] Grassy Terrain
|-heal|p2b: Tsareena|65/100|[from] Grassy Terrain
|upkeep
|
|t:|1757090359
|switch|p2a: Ursaluna|Ursaluna, L50, M|100/100
|turn|3
|
|t:|1757090400
|move|p2a: Ursaluna|Protect|p2a: Ursaluna
|-singleturn|p2a: Ursaluna|Protect
|move|p1b: Rillaboom|U-turn|p2b: Tsareena
|-supereffective|p2b: Tsareena
|-damage|p2b: Tsareena|14/100
|
|t:|1757090404
|switch|p1b: Pelipper|Pelipper, L50, F|100/100|[from] U-turn
|-weather|RainDance|[from] ability: Drizzle|[of] p1b: Pelipper
|move|p1a: Malamar|Knock Off|p2a: Ursaluna
|-activate|p2a: Ursaluna|move: Protect
|move|p2b: Tsareena|Triple Axel|p1b: Pelipper
|-damage|p1b: Pelipper|92/100
|-damage|p1b: Pelipper|75/100
|-damage|p1b: Pelipper|53/100
|-hitcount|p1b: Pelipper|3
|
|-weather|RainDance|[upkeep]
|-heal|p1a: Malamar|89/100|[from] Grassy Terrain
|-heal|p2b: Tsareena|21/100|[from] Grassy Terrain
|-status|p2a: Ursaluna|brn|[from] item: Flame Orb
|upkeep
|turn|4
|
|t:|1757090444
|-terastallize|p1a: Malamar|Steel
|move|p1b: Pelipper|Hurricane|p2b: Tsareena
|-supereffective|p2b: Tsareena
|-damage|p2b: Tsareena|0 fnt
|faint|p2b: Tsareena
|move|p2a: Ursaluna|Facade|p1a: Malamar
|-resisted|p1a: Malamar
|-damage|p1a: Malamar|29/100
|-enditem|p1a: Malamar|Sitrus Berry|[eat]
|-heal|p1a: Malamar|54/100|[from] item: Sitrus Berry
|move|p1a: Malamar|Superpower|p2a: Ursaluna
|-supereffective|p2a: Ursaluna
|-damage|p2a: Ursaluna|56/100 brn
|-boost|p1a: Malamar|atk|1
|-boost|p1a: Malamar|def|1
|
|-weather|RainDance|[upkeep]
|-heal|p2a: Ursaluna|62/100 brn|[from] Grassy Terrain
|-heal|p1a: Malamar|60/100|[from] Grassy Terrain
|-damage|p2a: Ursaluna|56/100 brn|[from] brn
|upkeep
|
|t:|1757090461
|switch|p2b: Sneasler|Sneasler, L50, F|100/100
|turn|5
|
|t:|1757090481
|-terastallize|p2b: Sneasler|Flying
|move|p1a: Malamar|Protect|p1a: Malamar
|-singleturn|p1a: Malamar|Protect
|move|p2b: Sneasler|Dire Claw|p1b: Pelipper
|-damage|p1b: Pelipper|0 fnt
|faint|p1b: Pelipper
|move|p2a: Ursaluna|Earthquake|p1a: Malamar|[spread] 
|-activate|p1a: Malamar|move: Protect
|-immune|p2b: Sneasler
|
|-weather|RainDance|[upkeep]
|-heal|p2a: Ursaluna|62/100 brn|[from] Grassy Terrain
|-heal|p1a: Malamar|66/100|[from] Grassy Terrain
|-damage|p2a: Ursaluna|56/100 brn|[from] brn
|-fieldend|move: Grassy Terrain
|upkeep
|
|t:|1757090495
|switch|p1b: Rillaboom|Rillaboom, L50, F|100/100
|-fieldstart|move: Grassy Terrain|[from] ability: Grassy Surge|[of] p1b: Rillaboom
|turn|6
|
|t:|1757090520
|move|p1b: Rillaboom|Fake Out|p2b: Sneasler
|-damage|p2b: Sneasler|77/100
|cant|p2b: Sneasler|flinch
|move|p2a: Ursaluna|Facade|p1b: Rillaboom
|-damage|p1b: Rillaboom|0 fnt
|faint|p1b: Rillaboom
|move|p1a: Malamar|Superpower|p2a: Ursaluna
|-supereffective|p2a: Ursaluna
|-damage|p2a: Ursaluna|0 fnt
|-boost|p1a: Malamar|atk|1
|-boost|p1a: Malamar|def|1
|faint|p2a: Ursaluna
|
|-weather|RainDance|[upkeep]
|-heal|p1a: Malamar|73/100|[from] Grassy Terrain
|upkeep
|turn|7
|
|t:|1757090543
|move|p2b: Sneasler|Close Combat|p1a: Malamar
|-supereffective|p1a: Malamar
|-damage|p1a: Malamar|12/100
|-unboost|p2b: Sneasler|def|1
|-unboost|p2b: Sneasler|spd|1
|-enditem|p2b: Sneasler|White Herb
|-clearnegativeboost|p2b: Sneasler|[silent]
|move|p1a: Malamar|Knock Off|p2b: Sneasler
|-crit|p2b: Sneasler
|-damage|p2b: Sneasler|0 fnt
|faint|p2b: Sneasler
|
|win|weefus
