|j|☆f0rsworN
|j|☆NathanaelW19
|html|f0rsworNNathanaelW19    
|uhtml|bestof|Game 2 of a best-of-3
|t:|1782586954
|gametype|doubles
|player|p1|f0rsworN|266|1080
|player|p2|NathanaelW19|dragontamer|1098
|gen|9
|tier|[Gen 9 Champions] VGC 2026 Reg M-B (Bo3)
|rated|
|rule|Species Clause: Limit one of each Pokémon
|rule|Item Clause: Limit 1 of each item
|clearpoke
|poke|p1|Jolteon, L50, M|
|poke|p1|Raichu, L50, F|
|poke|p1|Whimsicott, L50, M|
|poke|p1|Swampert, L50, M|
|poke|p1|Sableye, L50, F|
|poke|p1|Heracross, L50, M|
|poke|p2|Eelektross, L50, M|
|poke|p2|Whimsicott, L50, M|
|poke|p2|Garchomp, L50, M|
|poke|p2|Basculegion, L50, M|
|poke|p2|Charizard, L50, F|
|poke|p2|Overqwil, L50, F|
|teampreview|4
|showteam|p1|Jolteon||LifeOrb|VoltAbsorb|RisingVoltage,Detect,Thunder,RainDance|Timid||M|||50|]Raichu||RaichuniteX|LightningRod|FakeOut,VoltTackle,PlayRough,Protect|Jolly||F|||50|]Whimsicott||FocusSash|Prankster|Tailwind,Encore,Moonblast,Endeavor|Timid||M|||50|]Swampert||Swampertite|Damp|HighHorsepower,WaveCrash,Protect,IcePunch|Adamant||M|||50|]Sableye||Leftovers|Prankster|RainDance,FoulPlay,WillOWisp,Protect|Careful||F|||50|]Heracross||ExpertBelt|Guts|Megahorn,CloseCombat,HighHorsepower,SwordsDance|Jolly||M|||50|
|showteam|p2|Eelektross||Eelektrossite|Levitate|Thunderbolt,DragonPulse,Flamethrower,Protect|Modest||M|||50|]Whimsicott||FocusSash|Prankster|Tailwind,Moonblast,Encore,Protect|Timid||M|||50|]Garchomp||LifeOrb|RoughSkin|Earthquake,DragonClaw,RockSlide,Protect|Jolly||M|||50|]Basculegion||ChoiceScarf|Adaptability|LastRespects,AquaJet,WaveCrash,FlipTurn|Jolly||M|||50|]Charizard||CharizarditeY|Blaze|Protect,HeatWave,WeatherBall,SolarBeam|Timid||F|||50|]Overqwil||SitrusBerry|Intimidate|GunkShot,ThroatChop,AcidSpray,Protect|Adamant||F|||50|
|inactive|Battle timer is ON: inactive players will automatically lose when time's up. (requested by NathanaelW19)
|
|t:|1782586961
|teamsize|p1|4
|teamsize|p2|4
|start
|switch|p1a: Sableye|Sableye, L50, F|100/100
|switch|p1b: Swampert|Swampert, L50, M|100/100
|switch|p2a: Whimsicott|Whimsicott, L50, M|100/100
|switch|p2b: Basculegion|Basculegion, L50, M|100/100
|turn|1
|
|t:|1782586980
|switch|p2b: Eelektross|Eelektross, L50, M|100/100
|detailschange|p1b: Swampert|Swampert-Mega, L50, M
|-mega|p1b: Swampert|Swampert|Swampertite
|move|p1a: Sableye|Will-O-Wisp|p2b: Eelektross
|-status|p2b: Eelektross|brn
|move|p2a: Whimsicott|Moonblast|p1a: Sableye
|-supereffective|p1a: Sableye|1
|-damage|p1a: Sableye|14/100
|move|p1b: Swampert|Ice Punch|p2a: Whimsicott
|-supereffective|p2a: Whimsicott|1
|-damage|p2a: Whimsicott|8/100
|
|-heal|p1a: Sableye|20/100y|[from] item: Leftovers
|-damage|p2b: Eelektross|93/100 brn|[from] brn
|upkeep
|turn|2
|
|t:|1782587001
|switch|p2b: Basculegion|Basculegion, L50, M|100/100
|move|p1a: Sableye|Rain Dance|p1a: Sableye
|-weather|RainDance
|move|p1b: Swampert|Wave Crash|p2a: Whimsicott
|-resisted|p2a: Whimsicott|1
|-damage|p2a: Whimsicott|0 fnt
|faint|p2a: Whimsicott
|-damage|p1b: Swampert|97/100|[from] Recoil
|
|-weather|RainDance|[upkeep]
|-heal|p1a: Sableye|26/100|[from] item: Leftovers
|upkeep
|
|t:|1782587010
|switch|p2a: Garchomp|Garchomp, L50, M|100/100
|turn|3
|
|t:|1782587031
|move|p1b: Swampert|Protect|p1b: Swampert
|-singleturn|p1b: Swampert|Protect
|move|p2b: Basculegion|Flip Turn|p1a: Sableye
|-damage|p1a: Sableye|0 fnt
|faint|p1a: Sableye
|
|t:|1782587035
|switch|p2b: Eelektross|Eelektross, L50, M|93/100 brn|[from] Flip Turn
|move|p2a: Garchomp|Earthquake|p1b: Swampert|[spread] 
|-activate|p1b: Swampert|move: Protect
|-immune|p2b: Eelektross|[from] ability: Levitate
|
|-weather|RainDance|[upkeep]
|-damage|p2b: Eelektross|87/100 brn|[from] brn
|upkeep
|
|t:|1782587046
|switch|p1a: Whimsicott|Whimsicott, L50, M|100/100
|turn|4
|
|t:|1782587056
|detailschange|p2b: Eelektross|Eelektross-Mega, L50, M
|-mega|p2b: Eelektross|Eelektross|Eelektrossite
|move|p1a: Whimsicott|Tailwind|p1a: Whimsicott
|-sidestart|p1: f0rsworN|move: Tailwind
|move|p1b: Swampert|Wave Crash|p2a: Garchomp
|-damage|p2a: Garchomp|0 fnt
|-damage|p1b: Swampert|85/100|[from] ability: Rough Skin|[of] p2a: Garchomp
|faint|p2a: Garchomp
|-damage|p1b: Swampert|50/100g|[from] Recoil
|move|p2b: Eelektross|Dragon Pulse|p1b: Swampert
|-damage|p1b: Swampert|18/100
|
|-weather|RainDance|[upkeep]
|-damage|p2b: Eelektross|81/100 brn|[from] brn
|upkeep
|
|t:|1782587062
|switch|p2a: Basculegion|Basculegion, L50, M|100/100
|turn|5
|
|t:|1782587086
|move|p2a: Basculegion|Aqua Jet|p1b: Swampert
|-damage|p1b: Swampert|0 fnt
|faint|p1b: Swampert
|move|p1a: Whimsicott|Moonblast|p2a: Basculegion
|-damage|p2a: Basculegion|70/100
|move|p2b: Eelektross|Flamethrower|p1a: Whimsicott
|-supereffective|p1a: Whimsicott|1
|-crit|p1a: Whimsicott
|-damage|p1a: Whimsicott|29/100
|
|-weather|RainDance|[upkeep]
|-damage|p2b: Eelektross|75/100 brn|[from] brn
|upkeep
|
|t:|1782587098
|switch|p1b: Heracross|Heracross, L50, M|100/100
|turn|6
|
|t:|1782587114
|move|p2a: Basculegion|Aqua Jet|p1b: Heracross
|-damage|p1b: Heracross|42/100
|move|p1a: Whimsicott|Moonblast|p2a: Basculegion
|-damage|p2a: Basculegion|36/100
|move|p1b: Heracross|High Horsepower|p2a: Basculegion
|-damage|p2a: Basculegion|0 fnt
|faint|p2a: Basculegion
|move|p2b: Eelektross|Thunderbolt|p1b: Heracross
|-damage|p1b: Heracross|0 fnt
|faint|p1b: Heracross
|-ability|p2b: Eelektross|Eelevate|boost
|-boost|p2b: Eelektross|spa|1
|
|-weather|none
|-damage|p2b: Eelektross|69/100 brn|[from] brn
|upkeep
|turn|7
|
|t:|1782587131
|move|p1a: Whimsicott|Moonblast|p2b: Eelektross
|-damage|p2b: Eelektross|37/100 brn
|move|p2b: Eelektross|Flamethrower|p1a: Whimsicott
|-supereffective|p1a: Whimsicott|1
|-damage|p1a: Whimsicott|0 fnt
|faint|p1a: Whimsicott
|
|win|NathanaelW19
|raw|f0rsworN's rating: 1080 → 1059(-21 for losing)
|raw|NathanaelW19's rating: 1098 → 1122(+24 for winning)
