|j|☆iiTzFresH
|j|☆finalbossbackwiper
|html|iiTzFresHfinalbossbackwiper    
|uhtml|bestof|Game 1 of a best-of-3
|t:|1783299968
|gametype|doubles
|player|p1|iiTzFresH|cynthia|1106
|player|p2|finalbossbackwiper|102|1113
|gen|9
|tier|[Gen 9 Champions] VGC 2026 Reg M-B (Bo3)
|rated|
|rule|Species Clause: Limit one of each Pokémon
|rule|Item Clause: Limit 1 of each item
|clearpoke
|poke|p1|Garchomp, L50, M, shiny|
|poke|p1|Grimmsnarl, L50, M, shiny|
|poke|p1|Staraptor, L50, M, shiny|
|poke|p1|Clefable, L50, F, shiny|
|poke|p1|Malamar, L50, M, shiny|
|poke|p1|Garbodor, L50, M, shiny|
|poke|p2|Charizard, L50, F|
|poke|p2|Torkoal, L50, F|
|poke|p2|Sinistcha, L50|
|poke|p2|Glimmora, L50, M|
|poke|p2|Grimmsnarl, L50, M|
|poke|p2|Annihilape, L50, M|
|teampreview|4
|showteam|p1|Garchomp||ExpertBelt|RoughSkin|RockSlide,Earthquake,DragonClaw,Protect|Jolly||M|||50|]Grimmsnarl||SitrusBerry|Prankster|FoulPlay,PartingShot,ScaryFace,FakeTears|Calm||M|||50|]Staraptor||Staraptite|Intimidate|CloseCombat,DualWingbeat,Protect,Roost|Adamant||M|||50|]Clefable||BabiriBerry|Unaware|FollowMe,LifeDew,Moonblast,HelpingHand|Calm||F|||50|]Malamar||Malamarite|Contrary|PsychoCut,Protect,Superpower,ThroatChop|Adamant||M|||50|]Garbodor||PoisonBarb|Aftermath|PoisonJab,DrainPunch,Protect,RockBlast|Adamant||M|||50|
|showteam|p2|Charizard||CharizarditeX|Blaze|FlameCharge,BreakingSwipe,Roost,Protect|Adamant||F|||50|]Torkoal||Charcoal|Drought|Eruption,WeatherBall,HelpingHand,Protect|Quiet||F|||50|]Sinistcha||OccaBerry|Hospitality|EnergyBall,RagePowder,TrickRoom,Protect|Calm|||||50|]Glimmora||FocusSash|ToxicDebris|SludgeBomb,EarthPower,MortalSpin,SpikyShield|Modest||M|||50|]Grimmsnarl||RoseliBerry|Prankster|SpiritBreak,Assurance,FakeOut,PartingShot|Adamant||M|||50|]Annihilape||ChoiceScarf|Defiant|CloseCombat,PhantomForce,PoisonJab,Coaching|Adamant||M|||50|
|inactive|Battle timer is ON: inactive players will automatically lose when time's up. (requested by finalbossbackwiper)
|inactive|iiTzFresH has 60 seconds left.
|inactive|finalbossbackwiper has 60 seconds left.
|inactive|finalbossbackwiper has 30 seconds left.
|inactive|finalbossbackwiper has 20 seconds left.
|
|t:|1783300047
|teamsize|p1|4
|teamsize|p2|4
|start
|switch|p1a: Garchomp|Garchomp, L50, M, shiny|100/100
|switch|p1b: Grimmsnarl|Grimmsnarl, L50, M, shiny|100/100
|switch|p2a: Sinistcha|Sinistcha, L50|100/100
|switch|p2b: Torkoal|Torkoal, L50, F|100/100
|-weather|SunnyDay|[from] ability: Drought|[of] p2b: Torkoal
|turn|1
|
|t:|1783300063
|move|p2b: Torkoal|Protect|p2b: Torkoal
|-singleturn|p2b: Torkoal|Protect
|move|p1a: Garchomp|Rock Slide|p2a: Sinistcha|[spread] p2a
|-activate|p2b: Torkoal|move: Protect
|-crit|p2a: Sinistcha
|-damage|p2a: Sinistcha|73/100
|move|p1b: Grimmsnarl|Foul Play|p2a: Sinistcha
|-supereffective|p2a: Sinistcha|1
|-damage|p2a: Sinistcha|35/100
|move|p2a: Sinistcha|Trick Room|p2a: Sinistcha
|-fieldstart|move: Trick Room|[of] p2a: Sinistcha
|
|-weather|SunnyDay|[upkeep]
|upkeep
|turn|2
|inactive|iiTzFresH has 30 seconds left.
|inactive|iiTzFresH has 20 seconds left.
|
|t:|1783300100
|move|p2a: Sinistcha|Rage Powder|p2a: Sinistcha
|-singleturn|p2a: Sinistcha|move: Rage Powder
|move|p1b: Grimmsnarl|Parting Shot|p2a: Sinistcha
|-unboost|p2a: Sinistcha|atk|1
|-unboost|p2a: Sinistcha|spa|1
|
|t:|1783300104
|switch|p1b: Garbodor|Garbodor, L50, M, shiny|100/100|[from] Parting Shot
|move|p2b: Torkoal|Eruption|p1a: Garchomp|[spread] p1a,p1b
|-resisted|p1a: Garchomp|1
|-damage|p1a: Garchomp|51/100
|-damage|p1b: Garbodor|0 fnt
|faint|p1b: Garbodor
|move|p1a: Garchomp|Earthquake|p2a: Sinistcha|[spread] p2a,p2b
|-resisted|p2a: Sinistcha|1
|-supereffective|p2b: Torkoal|1
|-damage|p2a: Sinistcha|18/100
|-damage|p2b: Torkoal|33/100
|
|-weather|SunnyDay|[upkeep]
|upkeep
|
|t:|1783300116
|switch|p1b: Grimmsnarl|Grimmsnarl, L50, M, shiny|100/100
|turn|3
|inactive|finalbossbackwiper has 30 seconds left.
|
|t:|1783300141
|move|p1a: Garchomp|Protect|p1a: Garchomp
|-singleturn|p1a: Garchomp|Protect
|move|p2a: Sinistcha|Rage Powder|p2a: Sinistcha
|-singleturn|p2a: Sinistcha|move: Rage Powder
|move|p2b: Torkoal|Weather Ball|p1b: Grimmsnarl
|-damage|p1b: Grimmsnarl|37/100
|-enditem|p1b: Grimmsnarl|Sitrus Berry|[eat]
|-heal|p1b: Grimmsnarl|61/100|[from] item: Sitrus Berry
|move|p1b: Grimmsnarl|Foul Play|p2a: Sinistcha
|-supereffective|p2a: Sinistcha|1
|-damage|p2a: Sinistcha|0 fnt
|faint|p2a: Sinistcha
|
|-weather|SunnyDay|[upkeep]
|upkeep
|
|t:|1783300146
|switch|p2a: Grimmsnarl|Grimmsnarl, L50, M|100/100
|turn|4
|inactive|iiTzFresH has 30 seconds left.
|
|t:|1783300178
|move|p1b: Grimmsnarl|Parting Shot|p2b: Torkoal
|-unboost|p2b: Torkoal|atk|1
|-unboost|p2b: Torkoal|spa|1
|
|t:|1783300181
|switch|p1b: Malamar|Malamar, L50, M, shiny|100/100|[from] Parting Shot
|move|p2b: Torkoal|Weather Ball|p1a: Garchomp
|-resisted|p1a: Garchomp|1
|-damage|p1a: Garchomp|22/100
|move|p2a: Grimmsnarl|Spirit Break|p1a: Garchomp
|-supereffective|p1a: Garchomp|1
|-damage|p1a: Garchomp|0 fnt
|-damage|p2a: Grimmsnarl|87/100|[from] ability: Rough Skin|[of] p1a: Garchomp
|faint|p1a: Garchomp
|
|-weather|SunnyDay|[upkeep]
|upkeep
|
|t:|1783300190
|switch|p1a: Grimmsnarl|Grimmsnarl, L50, M, shiny|61/100
|turn|5
|
|t:|1783300210
|detailschange|p1b: Malamar|Malamar-Mega, L50, M, shiny
|-mega|p1b: Malamar|Malamar|Malamarite
|move|p1a: Grimmsnarl|Fake Tears|p1b: Malamar
|-boost|p1b: Malamar|spd|2
|move|p2b: Torkoal|Weather Ball|p1b: Malamar
|-damage|p1b: Malamar|79/100
|move|p2a: Grimmsnarl|Spirit Break|p1a: Grimmsnarl
|-supereffective|p1a: Grimmsnarl|1
|-damage|p1a: Grimmsnarl|0 fnt
|faint|p1a: Grimmsnarl
|move|p1b: Malamar|Superpower|p2a: Grimmsnarl
|-damage|p2a: Grimmsnarl|47/100
|-boost|p1b: Malamar|atk|1
|-boost|p1b: Malamar|def|1
|
|-weather|none
|-fieldend|move: Trick Room
|upkeep
|turn|6
|
|t:|1783300231
|switch|p2a: Charizard|Charizard, L50, F|100/100
|move|p2b: Torkoal|Protect|p2b: Torkoal
|-singleturn|p2b: Torkoal|Protect
|move|p1b: Malamar|Superpower|p2b: Torkoal
|-activate|p2b: Torkoal|move: Protect
|
|upkeep
|turn|7
|
|t:|1783300240
|detailschange|p2a: Charizard|Charizard-Mega-X, L50, F
|-mega|p2a: Charizard|Charizard|Charizardite X
|move|p2b: Torkoal|Helping Hand|p2a: Charizard
|-singleturn|p2a: Charizard|Helping Hand|[of] p2b: Torkoal
|move|p2a: Charizard|Flame Charge|p1b: Malamar
|-damage|p1b: Malamar|41/100
|-boost|p2a: Charizard|spe|1
|move|p1b: Malamar|Psycho Cut|p2a: Charizard
|-damage|p2a: Charizard|52/100
|
|upkeep
|turn|8
|
|t:|1783300253
|move|p2b: Torkoal|Helping Hand|p2a: Charizard
|-singleturn|p2a: Charizard|Helping Hand|[of] p2b: Torkoal
|move|p2a: Charizard|Flame Charge|p1b: Malamar
|-crit|p1b: Malamar
|-damage|p1b: Malamar|0 fnt
|-boost|p2a: Charizard|spe|1
|faint|p1b: Malamar
|
|win|finalbossbackwiper
|l|☆iiTzFresH
|player|p1|
||finalbossbackwiper is ready for game 2.
|inactive|iiTzFresH has 30 seconds to confirm battle start!
|inactive|iiTzFresH has 20 seconds to confirm battle start!
