|j|☆tirion
|j|☆Fell Blue
|html|tirionFell Blue    
|uhtml|bestof|Game 2 of a best-of-3
|t:|1782449501
|gametype|doubles
|player|p1|tirion|169|1028
|player|p2|Fell Blue|gwynn|1145
|gen|9
|tier|[Gen 9 Champions] VGC 2026 Reg M-B (Bo3)
|rated|
|rule|Species Clause: Limit one of each Pokémon
|rule|Item Clause: Limit 1 of each item
|clearpoke
|poke|p1|Blastoise, L50, M|
|poke|p1|Archaludon, L50, M|
|poke|p1|Sinistcha, L50|
|poke|p1|Politoed, L50, F|
|poke|p1|Scizor, L50, F|
|poke|p1|Farigiraf, L50, F|
|poke|p2|Torkoal, L50, F|
|poke|p2|Pyroar, L50, M|
|poke|p2|Farigiraf, L50, M|
|poke|p2|Mawile, L50, F|
|poke|p2|Gyarados, L50, F|
|poke|p2|Kangaskhan, L50, F|
|teampreview|4
|showteam|p1|Blastoise||Blastoisinite|RainDish|WaterSpout,AuraSphere,DarkPulse,FakeOut|Quiet||M|||50|]Archaludon||Leftovers|Stamina|ElectroShot,AuraSphere,FlashCannon,Protect|Bold||M|||50|]Sinistcha||CobaBerry|Hospitality|MatchaGotcha,RagePowder,TrickRoom,LifeDew|Sassy|||||50|]Politoed||MysticWater|Drizzle|ChillingWater,IceBeam,WeatherBall,HelpingHand|Bold||F|||50|]Scizor||Scizorite|Technician|BugBite,BulletPunch,KnockOff,SwordsDance|Brave||F|||50|]Farigiraf||ColburBerry|ArmorTail|TwinBeam,TrickRoom,RainDance,Protect|Relaxed||F|||50|
|showteam|p2|Torkoal||Charcoal|Drought|Eruption,WeatherBall,HelpingHand,Protect|Quiet||F|||50|]Pyroar||Pyroarite|Rivalry|Overheat,HeatWave,Flamethrower,Protect|Timid||M|||50|]Farigiraf||SitrusBerry|ArmorTail|Psychic,TrickRoom,HelpingHand,Protect|Bold||M|||50|]Mawile||Mawilite|HyperCutter|PlayRough,BrickBreak,SuckerPunch,Protect|Brave||F|||50|]Gyarados||ExpertBelt|Intimidate|StoneEdge,PowerWhip,IceFang,Protect|Adamant||F|||50|]Kangaskhan||SilkScarf|Scrappy|FakeOut,LastResort|Brave||F|||50|
|c|☆Fell Blue|Gyarados is handy
|
|t:|1782449553
|teamsize|p1|4
|teamsize|p2|4
|start
|switch|p1a: Farigiraf|Farigiraf, L50, F|100/100
|switch|p1b: Blastoise|Blastoise, L50, M|100/100
|switch|p2a: Farigiraf|Farigiraf, L50, M|100/100
|switch|p2b: Gyarados|Gyarados, L50, F|100/100
|-ability|p2b: Gyarados|Intimidate|boost
|-unboost|p1a: Farigiraf|atk|1
|-unboost|p1b: Blastoise|atk|1
|turn|1
|
|t:|1782449614
|switch|p1b: Scizor|Scizor, L50, F|100/100
|move|p2b: Gyarados|Power Whip|p1b: Scizor
|-resisted|p1b: Scizor|2
|-damage|p1b: Scizor|89/100
|move|p2a: Farigiraf|Trick Room|p2a: Farigiraf
|-fieldstart|move: Trick Room|[of] p2a: Farigiraf
|move|p1a: Farigiraf|Trick Room|p1a: Farigiraf
|-fieldend|move: Trick Room
|
|upkeep
|turn|2
|
|t:|1782449649
|switch|p2b: Torkoal|Torkoal, L50, F|100/100
|-weather|SunnyDay|[from] ability: Drought|[of] p2b: Torkoal
|detailschange|p1b: Scizor|Scizor-Mega, L50, F
|-mega|p1b: Scizor|Scizor|Scizorite
|move|p1b: Scizor|Knock Off|p2b: Torkoal
|-damage|p2b: Torkoal|69/100
|-enditem|p2b: Torkoal|Charcoal|[from] move: Knock Off|[of] p1b: Scizor
|move|p1a: Farigiraf|Twin Beam|p2b: Torkoal
|-damage|p2b: Torkoal|48/100
|-damage|p2b: Torkoal|28/100
|-hitcount|p2b: Torkoal|2
|move|p2a: Farigiraf|Trick Room|p2a: Farigiraf
|-fieldstart|move: Trick Room|[of] p2a: Farigiraf
|
|-weather|SunnyDay|[upkeep]
|upkeep
|turn|3
|
|t:|1782449669
|switch|p1b: Politoed|Politoed, L50, F|100/100
|-weather|RainDance|[from] ability: Drizzle|[of] p1b: Politoed
|move|p2a: Farigiraf|Helping Hand|p2b: Torkoal
|-singleturn|p2b: Torkoal|Helping Hand|[of] p2a: Farigiraf
|move|p2b: Torkoal|Weather Ball|p1b: Politoed
|-resisted|p1b: Politoed|1
|-damage|p1b: Politoed|71/100
|move|p1a: Farigiraf|Twin Beam|p2b: Torkoal
|-damage|p2b: Torkoal|7/100
|-damage|p2b: Torkoal|0 fnt
|faint|p2b: Torkoal
|-hitcount|p2: Torkoal|2
|
|-weather|RainDance|[upkeep]
|upkeep
|
|t:|1782449674
|switch|p2b: Mawile|Mawile, L50, F|100/100
|turn|4
|
|t:|1782449707
|switch|p1a: Scizor|Scizor-Mega, L50, F|89/100
|detailschange|p2b: Mawile|Mawile-Mega, L50, F
|-mega|p2b: Mawile|Mawile|Mawilite
|move|p2a: Farigiraf|Helping Hand|p2b: Mawile
|-singleturn|p2b: Mawile|Helping Hand|[of] p2a: Farigiraf
|move|p2b: Mawile|Play Rough|p1a: Scizor|[miss]
|-miss|p2b: Mawile|p1a: Scizor
|move|p1b: Politoed|Chilling Water|p2b: Mawile
|-damage|p2b: Mawile|63/100
|-unboost|p2b: Mawile|atk|1
|
|-weather|RainDance|[upkeep]
|upkeep
|turn|5
|
|t:|1782449744
|move|p2a: Farigiraf|Helping Hand|p2b: Mawile
|-singleturn|p2b: Mawile|Helping Hand|[of] p2a: Farigiraf
|move|p2b: Mawile|Brick Break|p1a: Scizor
|-damage|p1a: Scizor|53/100
|move|p1a: Scizor|Swords Dance|p1a: Scizor
|-boost|p1a: Scizor|atk|2
|move|p1b: Politoed|Weather Ball|p2b: Mawile
|-damage|p2b: Mawile|0 fnt
|faint|p2b: Mawile
|
|-weather|RainDance|[upkeep]
|upkeep
|
|t:|1782449748
|switch|p2b: Gyarados|Gyarados, L50, F|100/100
|-ability|p2b: Gyarados|Intimidate|boost
|-unboost|p1a: Scizor|atk|1
|-unboost|p1b: Politoed|atk|1
|turn|6
|-message|Fell Blue forfeited.
|
|win|tirion
||Fell Blue is ready for game 3.
|inactive|tirion has 30 seconds to confirm battle start!
|inactive|tirion has 20 seconds to confirm battle start!
||tirion is ready for game 3.
|uhtml|next|Next: Game 3 of 3
