|j|☆azuredreamer vg
|j|☆danicruz.music
|html|azuredreamer vgdanicruz.music    
|uhtml|bestof|Game 1 of a best-of-3
|t:|1756377286
|gametype|doubles
|player|p1|azuredreamer vg|170|1154
|player|p2|danicruz.music|whitney|1096
|gen|9
|tier|[Gen 9] VGC 2025 Reg H (Bo3)
|rated|
|rule|Species Clause: Limit one of each Pokémon
|rule|Item Clause: Limit 1 of each item
|clearpoke
|poke|p1|Annihilape, L50, F|
|poke|p1|Archaludon, L50, M|
|poke|p1|Ursaluna-Bloodmoon, L50, M|
|poke|p1|Whimsicott, L50, F|
|poke|p1|Dragonite, L50, M|
|poke|p1|Pelipper, L50, F|
|poke|p2|Dondozo, L50, F|
|poke|p2|Tatsugiri, L50, F|
|poke|p2|Pelipper, L50, M|
|poke|p2|Archaludon, L50, M|
|poke|p2|Corviknight, L50, F|
|poke|p2|Primarina, L50, M|
|teampreview|4
|showteam|p1|Annihilape||ChoiceScarf|Defiant|FinalGambit,RageFist,Uturn,CloseCombat|||F|||50|,,,,,Grass]Archaludon||AssaultVest|Stamina|BodyPress,FlashCannon,ElectroShot,DracoMeteor|||M|||50|,,,,,Water]Ursaluna-Bloodmoon||LifeOrb|MindsEye|EarthPower,BloodMoon,HyperVoice,Protect|||M|||50|,,,,,Normal]Whimsicott||FocusSash|Prankster|Moonblast,BeatUp,Tailwind,Taunt|||F|||50|,,,,,Ghost]Dragonite||LoadedDice|InnerFocus|ScaleShot,IceSpinner,Haze,Protect|||M|||50|,,,,,Steel]Pelipper||CovertCloak|Drizzle|WeatherBall,Hurricane,Tailwind,Protect|||F|||50|,,,,,Ghost
|showteam|p2|Dondozo||Leftovers|Unaware|WaveCrash,Earthquake,OrderUp,Protect|||F|||50|,,,,,Ground]Tatsugiri||FocusSash|Commander|DragonPulse,DracoMeteor,MuddyWater,IcyWind|||F|||50|,,,,,Fairy]Pelipper||CovertCloak|Drizzle|Hurricane,WeatherBall,WideGuard,Tailwind|||M|||50|,,,,,Water]Archaludon||PowerHerb|Stalwart|ElectroShot,MeteorBeam,DracoMeteor,Protect|||M|||50|,,,,,Electric]Corviknight||SitrusBerry|Unnerve|BraveBird,Tailwind,Roost,Protect|||F|||50|,,,,,Flying]Primarina||ThroatSpray|LiquidVoice|HyperVoice,Moonblast,DazzlingGleam,Protect|||M|||50|,,,,,Water
|inactive|Battle timer is ON: inactive players will automatically lose when time's up. (requested by azuredreamer vg)
|inactive|danicruz.music also wants the timer to be on.
|
|t:|1756377304
|teamsize|p1|4
|teamsize|p2|4
|start
|switch|p1a: Annihilape|Annihilape, L50, F|100/100
|switch|p1b: Whimsicott|Whimsicott, L50, F|100/100
|switch|p2a: Corviknight|Corviknight, L50, F|100/100
|switch|p2b: Primarina|Primarina, L50, M|100/100
|-ability|p2a: Corviknight|Unnerve
|turn|1
|
|t:|1756377318
|-terastallize|p1a: Annihilape|Grass
|move|p1b: Whimsicott|Beat Up|p1a: Annihilape
|-damage|p1a: Annihilape|98/100
|-damage|p1a: Annihilape|96/100
|-damage|p1a: Annihilape|92/100
|-damage|p1a: Annihilape|89/100
|-hitcount|p1a: Annihilape|4
|move|p1a: Annihilape|Rage Fist|p2a: Corviknight
|-damage|p2a: Corviknight|17/100
|-enditem|p2a: Corviknight|Sitrus Berry|[eat]
|-heal|p2a: Corviknight|42/100|[from] item: Sitrus Berry
|move|p2a: Corviknight|Brave Bird|p1b: Whimsicott
|-supereffective|p1b: Whimsicott
|-enditem|p1b: Whimsicott|Focus Sash
|-damage|p1b: Whimsicott|1/100
|-damage|p2a: Corviknight|20/100|[from] Recoil
|move|p2b: Primarina|Hyper Voice|p1b: Whimsicott|[spread] p1a,p1b
|-resisted|p1a: Annihilape
|-resisted|p1b: Whimsicott
|-damage|p1a: Annihilape|72/100
|-damage|p1b: Whimsicott|0 fnt
|faint|p1b: Whimsicott
|-enditem|p2b: Primarina|Throat Spray
|-boost|p2b: Primarina|spa|1|[from] item: Throat Spray
|
|upkeep
|inactive|azuredreamer vg has 30 seconds left.
|
|t:|1756377350
|switch|p1b: Dragonite|Dragonite, L50, M, shiny|100/100
|turn|2
|
|t:|1756377362
|move|p1a: Annihilape|Rage Fist|p2b: Primarina
|-damage|p2b: Primarina|0 fnt
|faint|p2b: Primarina
|move|p1b: Dragonite|Scale Shot|p2a: Corviknight|[miss]
|-miss|p1b: Dragonite|p2a: Corviknight
|move|p2a: Corviknight|Roost|p2a: Corviknight
|-heal|p2a: Corviknight|70/100
|-singleturn|p2a: Corviknight|move: Roost
|
|upkeep
|
|t:|1756377370
|switch|p2b: Tatsugiri|Tatsugiri, L50, F|100/100
|turn|3
|
|t:|1756377387
|switch|p1b: Archaludon|Archaludon, L50, M, shiny|100/100
|-terastallize|p2b: Tatsugiri|Fairy
|move|p1a: Annihilape|Rage Fist|p2a: Corviknight
|-damage|p2a: Corviknight|0 fnt
|faint|p2a: Corviknight
|move|p2b: Tatsugiri|Icy Wind|p1a: Annihilape|[spread] p1a,p1b
|-supereffective|p1a: Annihilape
|-damage|p1a: Annihilape|47/100
|-damage|p1b: Archaludon|91/100
|-unboost|p1a: Annihilape|spe|1
|-ability|p1a: Annihilape|Defiant|boost
|-boost|p1a: Annihilape|atk|2
|-unboost|p1b: Archaludon|spe|1
|-ability|p1b: Archaludon|Stamina|boost
|-boost|p1b: Archaludon|def|1
|
|upkeep
|
|t:|1756377402
|switch|p2a: Dondozo|Dondozo, L50, F|100/100
|-activate|p2b: Tatsugiri|ability: Commander|[of] p2a: Dondozo
|-boost|p2a: Dondozo|atk|2
|-boost|p2a: Dondozo|spa|2
|-boost|p2a: Dondozo|spe|2
|-boost|p2a: Dondozo|def|2
|-boost|p2a: Dondozo|spd|2
|turn|4
|inactive|azuredreamer vg has 30 seconds left.
|
|t:|1756377429
|switch|p1a: Dragonite|Dragonite, L50, M, shiny|100/100
|move|p2a: Dondozo|Order Up|p1b: Archaludon
|-damage|p1b: Archaludon|54/100
|-ability|p1b: Archaludon|Stamina|boost
|-boost|p1b: Archaludon|def|1
|-boost|p2a: Dondozo|atk|1
|move|p1b: Archaludon|Draco Meteor|p2a: Dondozo
|-damage|p2a: Dondozo|70/100
|-unboost|p1b: Archaludon|spa|2
|
|-heal|p2a: Dondozo|76/100|[from] item: Leftovers
|upkeep
|turn|5
|
|t:|1756377444
|move|p1a: Dragonite|Haze|p1a: Dragonite
|-clearallboost
|move|p1b: Archaludon|Draco Meteor|p2a: Dondozo
|-damage|p2a: Dondozo|19/100
|-unboost|p1b: Archaludon|spa|2
|move|p2a: Dondozo|Order Up|p1a: Dragonite
|-supereffective|p1a: Dragonite
|-damage|p1a: Dragonite|48/100
|-boost|p2a: Dondozo|atk|1
|
|-heal|p2a: Dondozo|25/100|[from] item: Leftovers
|upkeep
|turn|6
|
|t:|1756377458
|move|p2a: Dondozo|Protect|p2a: Dondozo
|-singleturn|p2a: Dondozo|Protect
|move|p1a: Dragonite|Scale Shot|p2a: Dondozo
|-activate|p2a: Dondozo|move: Protect
|move|p1b: Archaludon|Flash Cannon|p2b: Tatsugiri|[miss]
|-miss|p1b: Archaludon|p2b: Tatsugiri
|
|-heal|p2a: Dondozo|31/100|[from] item: Leftovers
|upkeep
|turn|7
|
|t:|1756377464
|move|p1a: Dragonite|Scale Shot|p2a: Dondozo
|-damage|p2a: Dondozo|22/100
|-damage|p2a: Dondozo|11/100
|-damage|p2a: Dondozo|2/100
|-damage|p2a: Dondozo|0 fnt
|faint|p2a: Dondozo
|-hitcount|p2: Dondozo|4
|-unboost|p1a: Dragonite|def|1
|-boost|p1a: Dragonite|spe|1
|move|p1b: Archaludon|Flash Cannon|p2b: Tatsugiri
|-supereffective|p2b: Tatsugiri
|-damage|p2b: Tatsugiri|49/100
|
|upkeep
|turn|8
|
|t:|1756377479
|move|p1a: Dragonite|Ice Spinner|p2b: Tatsugiri
|-damage|p2b: Tatsugiri|0 fnt
|faint|p2b: Tatsugiri
|
|win|azuredreamer vg
