|j|☆cowking1736
|j|☆KingK0opa
|html|cowking1736KingK0opa    
|uhtml|bestof|Game 2 of a best-of-3
|t:|1784740491
|gametype|doubles
|player|p1|cowking1736|ethan|
|player|p2|KingK0opa|bugsy|
|gen|9
|tier|[Gen 9 Champions] VGC 2026 Reg M-B (Bo3)
|rule|Species Clause: Limit one of each Pokémon
|rule|Item Clause: Limit 1 of each item
|clearpoke
|poke|p1|Charizard, L50, M|
|poke|p1|Venusaur, L50, M|
|poke|p1|Garchomp, L50, M|
|poke|p1|Archaludon, L50, F|
|poke|p1|Pelipper, L50, F|
|poke|p1|Basculegion, L50, M|
|poke|p2|Chimecho, L50, F|
|poke|p2|Mudsdale, L50, F|
|poke|p2|Farigiraf, L50, M|
|poke|p2|Vivillon, L50, M|
|poke|p2|Vanilluxe, L50, M|
|poke|p2|Scrafty, L50, M|
|teampreview|4
|showteam|p1|Charizard||CharizarditeY|Blaze|Protect,WeatherBall,HeatWave,HelpingHand|Modest||M|||50|]Venusaur||FocusSash|Chlorophyll|Protect,SleepPowder,EarthPower,SludgeBomb|Modest||M|||50|]Garchomp||ChoiceScarf|RoughSkin|Earthquake,StompingTantrum,DragonClaw,RockSlide|Adamant||M|||50|]Archaludon||Leftovers|Stamina|Protect,ElectroShot,FlashCannon,DragonPulse|Calm||F|||50|]Pelipper||SitrusBerry|Drizzle|WideGuard,WeatherBall,Hurricane,Tailwind|Modest||F|||50|]Basculegion||LifeOrb|Adaptability|Protect,WaveCrash,LastRespects,AquaJet|Adamant||M|||50|
|showteam|p2|Chimecho||Chimechite|Levitate|Psychic,FlashCannon,CalmMind,TrickRoom|Quiet||F|||50|]Mudsdale||LifeOrb|InnerFocus|Earthquake,HighHorsepower,RockSlide,HeavySlam|Brave||F|||50|]Farigiraf||SitrusBerry|ArmorTail|PsychicNoise,Thunderbolt,TrickRoom,Protect|Relaxed||M|||50|]Vivillon||FocusSash|CompoundEyes|Hurricane,SleepPowder,RagePowder,Protect|Timid||M|||50|]Vanilluxe||NeverMeltIce|SnowWarning|Blizzard,FreezeDry,IceShard,Protect|Quiet||M|||50|]Scrafty||Scraftinite|Intimidate|FakeOut,CloseCombat,Crunch,IronHead|Brave||M|||50|
|inactive|Battle timer is ON: inactive players will automatically lose when time's up. (requested by KingK0opa)
|inactive|KingK0opa has 60 seconds left.
|
|t:|1784740536
|teamsize|p1|4
|teamsize|p2|4
|start
|switch|p1a: Charizard|Charizard, L50, M|100/100
|switch|p1b: Venusaur|Venusaur, L50, M|100/100
|switch|p2a: Farigiraf|Farigiraf, L50, M|100/100
|switch|p2b: Scrafty|Scrafty, L50, M|100/100
|-ability|p2b: Scrafty|Intimidate|boost
|-unboost|p1a: Charizard|atk|1
|-unboost|p1b: Venusaur|atk|1
|turn|1
|
|t:|1784740550
|detailschange|p1a: Charizard|Charizard-Mega-Y, L50, M
|-mega|p1a: Charizard|Charizard|Charizardite Y
|-weather|SunnyDay|[from] ability: Drought|[of] p1a: Charizard
|detailschange|p2b: Scrafty|Scrafty-Mega, L50, M
|-mega|p2b: Scrafty|Scrafty|Scraftinite
|-ability|p2b: Scrafty|Intimidate|boost
|-unboost|p1a: Charizard|atk|1
|-unboost|p1b: Venusaur|atk|1
|move|p2b: Scrafty|Fake Out|p1b: Venusaur
|-damage|p1b: Venusaur|80/100
|cant|p1b: Venusaur|flinch
|move|p1a: Charizard|Weather Ball|p2a: Farigiraf
|-damage|p2a: Farigiraf|24/100
|-enditem|p2a: Farigiraf|Sitrus Berry|[eat]
|-heal|p2a: Farigiraf|49/100|[from] item: Sitrus Berry
|move|p2a: Farigiraf|Trick Room|p2a: Farigiraf
|-fieldstart|move: Trick Room|[of] p2a: Farigiraf
|
|-weather|SunnyDay|[upkeep]
|upkeep
|turn|2
|inactive|KingK0opa has 30 seconds left.
|
|t:|1784740583
|switch|p2b: Vanilluxe|Vanilluxe, L50, M|100/100
|-weather|Snowscape|[from] ability: Snow Warning|[of] p2b: Vanilluxe
|move|p2a: Farigiraf|Psychic Noise|p1b: Venusaur
|-supereffective|p1b: Venusaur|1
|-damage|p1b: Venusaur|18/100
|-start|p1b: Venusaur|move: Heal Block
|move|p1a: Charizard|Heat Wave|p2a: Farigiraf|[spread] p2a,p2b
|-supereffective|p2b: Vanilluxe|1
|-damage|p2a: Farigiraf|13/100
|-damage|p2b: Vanilluxe|19/100
|move|p1b: Venusaur|Sleep Powder|p2b: Vanilluxe
|-status|p2b: Vanilluxe|slp|[from] move: Sleep Powder
|
|-weather|Snowscape|[upkeep]
|upkeep
|turn|3
|inactive|KingK0opa has 30 seconds left.
|
|t:|1784740613
|switch|p2b: Mudsdale|Mudsdale, L50, F|100/100
|move|p1b: Venusaur|Protect|p1b: Venusaur
|-singleturn|p1b: Venusaur|Protect
|move|p2a: Farigiraf|Thunderbolt|p1a: Charizard
|-supereffective|p1a: Charizard|1
|-damage|p1a: Charizard|63/100
|-status|p1a: Charizard|par
|move|p1a: Charizard|Heat Wave|p2b: Mudsdale|[spread] p2b
|-miss|p1a: Charizard|p2a: Farigiraf
|-damage|p2b: Mudsdale|62/100
|
|-weather|Snowscape|[upkeep]
|-end|p1b: Venusaur|move: Heal Block
|upkeep
|turn|4
|
|t:|1784740637
|switch|p1b: Pelipper|Pelipper, L50, F|100/100
|-weather|RainDance|[from] ability: Drizzle|[of] p1b: Pelipper
|move|p2b: Mudsdale|Rock Slide|p1b: Pelipper|[spread] p1a,p1b
|-supereffective|p1a: Charizard|2
|-supereffective|p1b: Pelipper|1
|-damage|p1a: Charizard|0 fnt
|-damage|p1b: Pelipper|45/100
|-enditem|p1b: Pelipper|Sitrus Berry|[eat]
|-heal|p1b: Pelipper|70/100|[from] item: Sitrus Berry
|faint|p1a: Charizard
|-damage|p2b: Mudsdale|52/100|[from] item: Life Orb
|move|p2a: Farigiraf|Psychic Noise|p1b: Pelipper
|-damage|p1b: Pelipper|31/100
|-start|p1b: Pelipper|move: Heal Block
|
|-weather|RainDance|[upkeep]
|upkeep
|
|t:|1784740658
|switch|p1a: Venusaur|Venusaur, L50, M|18/100
|turn|5
|inactive|KingK0opa has 30 seconds left.
|inactive|KingK0opa has 20 seconds left.
|
|t:|1784740696
|switch|p2b: Vanilluxe|Vanilluxe, L50, M|19/100 slp
|-weather|Snowscape|[from] ability: Snow Warning|[of] p2b: Vanilluxe
|switch|p1b: Archaludon|Archaludon, L50, F|100/100
|move|p2a: Farigiraf|Psychic Noise|p1b: Archaludon
|-resisted|p1b: Archaludon|1
|-damage|p1b: Archaludon|86/100
|-start|p1b: Archaludon|move: Heal Block
|-ability|p1b: Archaludon|Stamina|boost
|-boost|p1b: Archaludon|def|1
|move|p1a: Venusaur|Sleep Powder|p2b: Vanilluxe
|-fail|p2b: Vanilluxe|slp
|
|-weather|Snowscape|[upkeep]
|-fieldend|move: Trick Room
|upkeep
|turn|6
|inactive|cowking1736 has 30 seconds left.
|inactive|KingK0opa has 30 seconds left.
|inactive|KingK0opa has 20 seconds left.
|inactive|KingK0opa has 15 seconds left.
|
|t:|1784740745
|switch|p1a: Pelipper|Pelipper, L50, F|31/100
|-weather|RainDance|[from] ability: Drizzle|[of] p1a: Pelipper
|switch|p2b: Mudsdale|Mudsdale, L50, F|52/100
|move|p2a: Farigiraf|Protect|p2a: Farigiraf
|-singleturn|p2a: Farigiraf|Protect
|move|p1b: Archaludon|Electro Shot||[still]
|-prepare|p1b: Archaludon|Electro Shot
|-boost|p1b: Archaludon|spa|1
|-anim|p1b: Archaludon|Electro Shot|p2a: Farigiraf
|-activate|p2a: Farigiraf|move: Protect
|
|-weather|RainDance|[upkeep]
|-end|p1b: Archaludon|move: Heal Block
|upkeep
|turn|7
|
|t:|1784740766
|switch|p2a: Vanilluxe|Vanilluxe, L50, M|19/100 slp
|-weather|Snowscape|[from] ability: Snow Warning|[of] p2a: Vanilluxe
|move|p1b: Archaludon|Flash Cannon|p2a: Vanilluxe
|-supereffective|p2a: Vanilluxe|1
|-damage|p2a: Vanilluxe|0 fnt
|faint|p2a: Vanilluxe
|move|p1a: Pelipper|Weather Ball|p2b: Mudsdale
|-supereffective|p2b: Mudsdale|1
|-damage|p2b: Mudsdale|4/100
|move|p2b: Mudsdale|Rock Slide|p1a: Pelipper|[spread] p1a,p1b
|-supereffective|p1a: Pelipper|1
|-resisted|p1b: Archaludon|1
|-damage|p1a: Pelipper|0 fnt
|-damage|p1b: Archaludon|80/100
|-ability|p1b: Archaludon|Stamina|boost
|-boost|p1b: Archaludon|def|1
|faint|p1a: Pelipper
|-damage|p2b: Mudsdale|0 fnt|[from] item: Life Orb
|faint|p2b: Mudsdale
|
|-weather|Snowscape|[upkeep]
|-heal|p1b: Archaludon|86/100|[from] item: Leftovers
|upkeep
|
|t:|1784740783
|switch|p2a: Farigiraf|Farigiraf, L50, M|13/100
|switch|p1a: Venusaur|Venusaur, L50, M|18/100
|switch|p2b: Scrafty|Scrafty-Mega, L50, M|100/100
|-ability|p2b: Scrafty|Intimidate|boost
|-unboost|p1a: Venusaur|atk|1
|-unboost|p1b: Archaludon|atk|1
|turn|8
|
|t:|1784740800
|move|p2a: Farigiraf|Protect|p2a: Farigiraf
|-singleturn|p2a: Farigiraf|Protect
|move|p2b: Scrafty|Fake Out|p1a: Venusaur
|-damage|p1a: Venusaur|0 fnt
|faint|p1a: Venusaur
|move|p1b: Archaludon|Dragon Pulse|p2a: Farigiraf
|-activate|p2a: Farigiraf|move: Protect
|
|-weather|Snowscape|[upkeep]
|-heal|p1b: Archaludon|92/100|[from] item: Leftovers
|upkeep
|turn|9
|
|t:|1784740812
|move|p1b: Archaludon|Dragon Pulse|p2a: Farigiraf
|-damage|p2a: Farigiraf|0 fnt
|faint|p2a: Farigiraf
|move|p2b: Scrafty|Close Combat|p1b: Archaludon
|-supereffective|p1b: Archaludon|1
|-damage|p1b: Archaludon|42/100
|-unboost|p2b: Scrafty|def|1
|-unboost|p2b: Scrafty|spd|1
|-ability|p1b: Archaludon|Stamina|boost
|-boost|p1b: Archaludon|def|1
|
|-weather|Snowscape|[upkeep]
|-heal|p1b: Archaludon|48/100|[from] item: Leftovers
|upkeep
|turn|10
|
|t:|1784740823
|move|p1b: Archaludon|Dragon Pulse|p2b: Scrafty
|-damage|p2b: Scrafty|40/100
|move|p2b: Scrafty|Close Combat|p1b: Archaludon
|-supereffective|p1b: Archaludon|1
|-damage|p1b: Archaludon|5/100
|-unboost|p2b: Scrafty|def|1
|-unboost|p2b: Scrafty|spd|1
|-ability|p1b: Archaludon|Stamina|boost
|-boost|p1b: Archaludon|def|1
|
|-weather|Snowscape|[upkeep]
|-heal|p1b: Archaludon|11/100|[from] item: Leftovers
|upkeep
|turn|11
|
|t:|1784740828
|move|p1b: Archaludon|Dragon Pulse|p2b: Scrafty
|-crit|p2b: Scrafty
|-damage|p2b: Scrafty|0 fnt
|faint|p2b: Scrafty
|
|win|cowking1736
||cowking1736 is ready for game 3.
|c|☆KingK0opa|gr
||KingK0opa is ready for game 3.
|uhtml|next|Next: Game 3 of 3
|l|☆cowking1736
|player|p1|
