|j|☆RagCheese
|j|☆jiaco5
|html|RagCheesejiaco5    
|uhtml|bestof|Game 2 of a best-of-3
|t:|1783993246
|gametype|doubles
|player|p1|RagCheese|bellelba|1135
|player|p2|jiaco5|102|1191
|gen|9
|tier|[Gen 9 Champions] VGC 2026 Reg M-B (Bo3)
|rated|
|rule|Species Clause: Limit one of each Pokémon
|rule|Item Clause: Limit 1 of each item
|clearpoke
|poke|p1|Raichu, L50, F|
|poke|p1|Pelipper, L50, F|
|poke|p1|Garchomp, L50, M|
|poke|p1|Reuniclus, L50, F|
|poke|p1|Gyarados, L50, M|
|poke|p1|Araquanid, L50, M|
|poke|p2|Blastoise, L50, M|
|poke|p2|Sinistcha, L50|
|poke|p2|Delphox, L50, M|
|poke|p2|Sneasler, L50, M|
|poke|p2|Incineroar, L50, F|
|poke|p2|Kingambit, L50, M|
|teampreview|4
|showteam|p1|Raichu||RaichuniteX|LightningRod|Protect,FakeOut,PlayRough,RisingVoltage|Quiet||F|||50|]Pelipper||FocusSash|Drizzle|Hurricane,WeatherBall,Tailwind,WideGuard|Modest||F|||50|]Garchomp||Leftovers|RoughSkin|Earthquake,DragonClaw,SwordsDance,RockSlide|Adamant||M|||50|]Reuniclus||LifeOrb|Regenerator|AllySwitch,Psychic,TrickRoom,PainSplit|Quiet||F|||50|]Gyarados||WhiteHerb|Intimidate|DragonDance,IcyWind,Protect,Waterfall|Adamant||M|||50|]Araquanid||CobaBerry|WaterBubble|Entrainment,HydroPump,Protect,WideGuard|Relaxed||M|||50|
|showteam|p2|Blastoise||Blastoisinite|RainDish|WaterSpout,DarkPulse,ShellSmash,Protect|Modest||M|||50|]Sinistcha||OccaBerry|Hospitality|MatchaGotcha,TrickRoom,RagePowder,Protect|Relaxed|||||50|]Delphox||Delphoxite|Blaze|HeatWave,Psyshock,NastyPlot,Protect|Timid||M|||50|]Sneasler||FocusSash|PoisonTouch|CloseCombat,DireClaw,FakeOut,QuickGuard|Jolly||M|||50|]Incineroar||SitrusBerry|Intimidate|FlareBlitz,FakeOut,ThroatChop,PartingShot|Impish||F|||50|]Kingambit||LifeOrb|Defiant|KowtowCleave,SuckerPunch,SwordsDance,Protect|Adamant||M|||50|
|inactive|Battle timer is ON: inactive players will automatically lose when time's up. (requested by jiaco5)
|
|t:|1783993294
|teamsize|p1|4
|teamsize|p2|4
|start
|switch|p1a: Reuniclus|Reuniclus, L50, F|100/100
|switch|p1b: Garchomp|Garchomp, L50, M|100/100
|switch|p2a: Delphox|Delphox, L50, M|100/100
|switch|p2b: Sneasler|Sneasler, L50, M|100/100
|turn|1
|inactive|RagCheese has 30 seconds left.
|inactive|jiaco5 has 30 seconds left.
|inactive|RagCheese has 20 seconds left.
|inactive|RagCheese has 15 seconds left.
|inactive|RagCheese has 10 seconds left.
|
|t:|1783993341
|detailschange|p2a: Delphox|Delphox-Mega, L50, M
|-mega|p2a: Delphox|Delphox|Delphoxite
|move|p2b: Sneasler|Fake Out|p1b: Garchomp
|-damage|p1b: Garchomp|87/100
|-damage|p2b: Sneasler|87/100|[from] ability: Rough Skin|[of] p1b: Garchomp
|move|p2a: Delphox|Nasty Plot|p2a: Delphox
|-boost|p2a: Delphox|spa|2
|cant|p1b: Garchomp|flinch
|move|p1a: Reuniclus|Trick Room|p1a: Reuniclus
|-fieldstart|move: Trick Room|[of] p1a: Reuniclus
|
|-heal|p1b: Garchomp|93/100|[from] item: Leftovers
|upkeep
|turn|2
|
|t:|1783993365
|switch|p2b: Sinistcha|Sinistcha, L50|100/100
|move|p2a: Delphox|Protect|p2a: Delphox
|-singleturn|p2a: Delphox|Protect
|move|p1a: Reuniclus|Psychic|p2b: Sinistcha
|-damage|p2b: Sinistcha|49/100
|-damage|p1a: Reuniclus|90/100|[from] item: Life Orb
|move|p1b: Garchomp|Rock Slide|p2b: Sinistcha|[spread] p2b
|-activate|p2a: Delphox|move: Protect
|-damage|p2b: Sinistcha|30/100
|
|-heal|p1b: Garchomp|100/100|[from] item: Leftovers
|upkeep
|turn|3
|inactive|RagCheese has 30 seconds left.
|
|t:|1783993398
|switch|p2b: Kingambit|Kingambit, L50, M|100/100
|move|p1a: Reuniclus|Psychic|p2b: Kingambit
|-immune|p2b: Kingambit
|move|p1b: Garchomp|Rock Slide|p2b: Kingambit|[spread] p2a,p2b
|-supereffective|p2a: Delphox|1
|-resisted|p2b: Kingambit|1
|-damage|p2a: Delphox|48/100
|-damage|p2b: Kingambit|91/100
|move|p2a: Delphox|Psyshock|p1b: Garchomp
|-damage|p1b: Garchomp|34/100
|
|-heal|p1b: Garchomp|40/100|[from] item: Leftovers
|upkeep
|turn|4
|inactive|RagCheese has 30 seconds left.
|inactive|jiaco5 has 30 seconds left.
|inactive|RagCheese has 20 seconds left.
|inactive|RagCheese has 15 seconds left.
|inactive|RagCheese has 10 seconds left.
|
|t:|1783993446
|move|p1a: Reuniclus|Psychic|p2a: Delphox
|-resisted|p2a: Delphox|1
|-damage|p2a: Delphox|25/100
|-damage|p1a: Reuniclus|80/100|[from] item: Life Orb
|move|p2b: Kingambit|Kowtow Cleave|p1b: Garchomp
|-damage|p1b: Garchomp|0 fnt
|-damage|p2b: Kingambit|79/100|[from] ability: Rough Skin|[of] p1b: Garchomp
|faint|p1b: Garchomp
|-damage|p2b: Kingambit|69/100|[from] item: Life Orb
|move|p2a: Delphox|Heat Wave|p1a: Reuniclus
|-damage|p1a: Reuniclus|0 fnt
|faint|p1a: Reuniclus
|
|upkeep
|
|t:|1783993460
|switch|p1a: Gyarados|Gyarados, L50, M|100/100
|switch|p1b: Pay No Heed|Araquanid, L50, M|100/100
|-ability|p1a: Gyarados|Intimidate|boost
|-unboost|p2a: Delphox|atk|1
|-unboost|p2b: Kingambit|atk|1
|-ability|p2b: Kingambit|Defiant|boost
|-boost|p2b: Kingambit|atk|2
|turn|5
|inactive|RagCheese has 30 seconds left.
|inactive|RagCheese has 20 seconds left.
|inactive|RagCheese has 15 seconds left.
|
|t:|1783993500
|move|p2a: Delphox|Protect|p2a: Delphox
|-singleturn|p2a: Delphox|Protect
|move|p1b: Pay No Heed|Hydro Pump|p2b: Kingambit
|-damage|p2b: Kingambit|6/100
|move|p2b: Kingambit|Kowtow Cleave|p1b: Pay No Heed
|-damage|p1b: Pay No Heed|5/100
|-damage|p2b: Kingambit|0 fnt|[from] item: Life Orb
|faint|p2b: Kingambit
|move|p1a: Gyarados|Waterfall|p2a: Delphox
|-activate|p2a: Delphox|move: Protect
|
|-fieldend|move: Trick Room
|upkeep
|
|t:|1783993512
|switch|p2b: Sinistcha|Sinistcha, L50|30/100
|-heal|p2a: Delphox|49/100|[from] ability: Hospitality|[of] p2b: Sinistcha
|turn|6
|inactive|RagCheese has 30 seconds left.
|
|t:|1783993547
|move|p2b: Sinistcha|Rage Powder|p2b: Sinistcha
|-singleturn|p2b: Sinistcha|move: Rage Powder
|move|p2a: Delphox|Psyshock|p1a: Gyarados
|-damage|p1a: Gyarados|5/100
|move|p1a: Gyarados|Icy Wind|p2b: Sinistcha|[spread] p2a
|-miss|p1a: Gyarados|p2b: Sinistcha
|-resisted|p2a: Delphox|1
|-damage|p2a: Delphox|47/100
|-unboost|p2a: Delphox|spe|1
|move|p1b: Pay No Heed|Hydro Pump|p2b: Sinistcha
|-resisted|p2b: Sinistcha|1
|-damage|p2b: Sinistcha|0 fnt
|faint|p2b: Sinistcha
|
|upkeep
|
|t:|1783993560
|switch|p2b: Sneasler|Sneasler, L50, M|87/100
|turn|7
|-message|RagCheese forfeited.
|
|win|jiaco5
|raw|RagCheese's rating: 1135 → 1114(-21 for losing)
|raw|jiaco5's rating: 1191 → 1212(+21 for winning)
|l|☆RagCheese
|player|p1|
|l|☆jiaco5
|player|p2|
|j|☆jiaco5
|player|p2|jiaco5|102|
