|j|☆XiaoBling
|j|☆naibot2814
|html|XiaoBlingnaibot2814    
|uhtml|bestof|Game 1 of a best-of-3
|t:|1784752797
|gametype|doubles
|player|p1|XiaoBling|fisherman|1440
|player|p2|naibot2814|colress|1376
|gen|9
|tier|[Gen 9 Champions] VGC 2026 Reg M-B (Bo3)
|rated|
|rule|Species Clause: Limit one of each Pokémon
|rule|Item Clause: Limit 1 of each item
|clearpoke
|poke|p1|Charizard, L50, M|
|poke|p1|Venusaur, L50, F|
|poke|p1|Grimmsnarl, L50, M|
|poke|p1|Archaludon, L50, M|
|poke|p1|Basculegion, L50, M|
|poke|p1|Pelipper, L50, M|
|poke|p2|Gholdengo, L50|
|poke|p2|Kommo-o, L50, M|
|poke|p2|Whimsicott, L50, F|
|poke|p2|Glimmora, L50, M|
|poke|p2|Ninetales-Alola, L50, F|
|poke|p2|Basculegion, L50, M|
|teampreview|4
|showteam|p1|Charizard||CharizarditeY|Blaze|HeatWave,WeatherBall,SolarBeam,Protect|Modest||M|||50|]Venusaur||FocusSash|Chlorophyll|SleepPowder,SludgeBomb,EarthPower,Protect|Modest||F|||50|]Grimmsnarl||LightClay|Prankster|Reflect,LightScreen,SpiritBreak,PartingShot|Impish||M|||50|]Archaludon||Leftovers|Stamina|ElectroShot,DragonPulse,FlashCannon,Protect|Calm||M|||50|]Basculegion||ChoiceScarf|Adaptability|WaveCrash,LastRespects,AquaJet,FlipTurn|Jolly||M|||50|]Pelipper||SitrusBerry|Drizzle|Hurricane,WeatherBall,WideGuard,Tailwind|Bold||M|||50|
|showteam|p2|Gholdengo||SpellTag|GoodasGold|ShadowBall,MakeItRain,NastyPlot,Protect|Modest|||||50|]Kommo-o||LifeOrb|Overcoat|ClangingScales,AuraSphere,VacuumWave,Protect|Modest||M|||50|]Whimsicott||FocusSash|Prankster|Tailwind,Encore,Moonblast,Protect|Timid||F|||50|]Glimmora||Glimmoranite|ToxicDebris|PowerGem,SludgeBomb,EarthPower,SpikyShield|Timid||M|||50|]Ninetales-Alola||NeverMeltIce|SnowWarning|Blizzard,AuroraVeil,FreezeDry,Protect|Timid||F|||50|]Basculegion||ChoiceScarf|SwiftSwim|WaveCrash,LastRespects,AquaJet,FlipTurn|Jolly||M|||50|
|inactive|Battle timer is ON: inactive players will automatically lose when time's up. (requested by XiaoBling)
|inactive|XiaoBling has 60 seconds left.
|inactive|naibot2814 has 60 seconds left.
|
|t:|1784752850
|teamsize|p1|4
|teamsize|p2|4
|start
|switch|p1a: Archaludon|Archaludon, L50, M|100/100
|switch|p1b: Grimmsnarl|Grimmsnarl, L50, M|100/100
|switch|p2a: Kommo-o|Kommo-o, L50, M|100/100
|switch|p2b: Whimsicott|Whimsicott, L50, F|100/100
|turn|1
|
|t:|1784752861
|move|p2a: Kommo-o|Protect|p2a: Kommo-o
|-singleturn|p2a: Kommo-o|Protect
|move|p1b: Grimmsnarl|Light Screen|p1b: Grimmsnarl
|-sidestart|p1: XiaoBling|move: Light Screen
|move|p2b: Whimsicott|Moonblast|p1b: Grimmsnarl
|-supereffective|p1b: Grimmsnarl|1
|-damage|p1b: Grimmsnarl|50/100y
|move|p1a: Archaludon|Dragon Pulse|p2a: Kommo-o
|-activate|p2a: Kommo-o|move: Protect
|
|upkeep
|turn|2
|
|t:|1784752882
|switch|p2a: Ninetales|Ninetales-Alola, L50, F|100/100
|-weather|Snowscape|[from] ability: Snow Warning|[of] p2a: Ninetales
|move|p1b: Grimmsnarl|Parting Shot|p2a: Ninetales
|-unboost|p2a: Ninetales|atk|1
|-unboost|p2a: Ninetales|spa|1
|
|t:|1784752885
|switch|p1b: Charizard|Charizard, L50, M|100/100|[from] Parting Shot
|move|p2b: Whimsicott|Moonblast|p1b: Charizard
|-resisted|p1b: Charizard|1
|-damage|p1b: Charizard|86/100
|move|p1a: Archaludon|Dragon Pulse|p2a: Ninetales
|-immune|p2a: Ninetales
|
|-weather|Snowscape|[upkeep]
|upkeep
|turn|3
|inactive|naibot2814 has 30 seconds left.
|
|t:|1784752914
|switch|p2a: Kommo-o|Kommo-o, L50, M|100/100
|detailschange|p1b: Charizard|Charizard-Mega-Y, L50, M
|-mega|p1b: Charizard|Charizard|Charizardite Y
|-weather|SunnyDay|[from] ability: Drought|[of] p1b: Charizard
|move|p2b: Whimsicott|Tailwind|p2b: Whimsicott
|-sidestart|p2: naibot2814|move: Tailwind
|move|p1b: Charizard|Heat Wave|p2a: Kommo-o|[spread] p2a,p2b
|-resisted|p2a: Kommo-o|1
|-supereffective|p2b: Whimsicott|1
|-damage|p2a: Kommo-o|68/100
|-enditem|p2b: Whimsicott|Focus Sash
|-damage|p2b: Whimsicott|1/100
|move|p1a: Archaludon|Flash Cannon|p2b: Whimsicott
|-supereffective|p2b: Whimsicott|1
|-damage|p2b: Whimsicott|0 fnt
|faint|p2b: Whimsicott
|
|-weather|SunnyDay|[upkeep]
|upkeep
|
|t:|1784752919
|switch|p2b: Glimmora|Glimmora, L50, M|100/100
|turn|4
|
|t:|1784752927
|detailschange|p2b: Glimmora|Glimmora-Mega, L50, M
|-mega|p2b: Glimmora|Glimmora|Glimmoranite
|move|p1b: Charizard|Protect|p1b: Charizard
|-singleturn|p1b: Charizard|Protect
|move|p2b: Glimmora|Earth Power|p1a: Archaludon
|-supereffective|p1a: Archaludon|1
|-damage|p1a: Archaludon|61/100
|-ability|p1a: Archaludon|Stamina|boost
|-boost|p1a: Archaludon|def|1
|move|p2a: Kommo-o|Aura Sphere|p1a: Archaludon
|-supereffective|p1a: Archaludon|1
|-damage|p1a: Archaludon|0 fnt
|faint|p1a: Archaludon
|-damage|p2a: Kommo-o|58/100|[from] item: Life Orb
|
|-weather|SunnyDay|[upkeep]
|upkeep
|
|t:|1784752934
|switch|p1a: Grimmsnarl|Grimmsnarl, L50, M|50/100y
|turn|5
|
|t:|1784752952
|move|p2a: Kommo-o|Protect|p2a: Kommo-o
|-singleturn|p2a: Kommo-o|Protect
|move|p1a: Grimmsnarl|Parting Shot|p2b: Glimmora
|-unboost|p2b: Glimmora|atk|1
|-unboost|p2b: Glimmora|spa|1
|
|t:|1784752954
|switch|p1a: Pelipper|Pelipper, L50, M|100/100|[from] Parting Shot
|-weather|RainDance|[from] ability: Drizzle|[of] p1a: Pelipper
|move|p2b: Glimmora|Power Gem|p1b: Charizard
|-supereffective|p1b: Charizard|2
|-damage|p1b: Charizard|0 fnt
|faint|p1b: Charizard
|
|-weather|RainDance|[upkeep]
|upkeep
|-message|XiaoBling forfeited.
|
|win|naibot2814
|l|☆XiaoBling
|player|p1|
||XiaoBling is ready for game 2.
||naibot2814 is ready for game 2.
|uhtml|next|Next: Game 2 of 3
