|j|☆palle synchro
|j|☆Kosluger
|html|palle synchroKosluger    
|uhtml|bestof|Game 3 of a best-of-3
|t:|1785842652
|gametype|doubles
|player|p1|palle synchro|ethan|1412
|player|p2|Kosluger|101|1456
|gen|9
|tier|[Gen 9 Champions] VGC 2026 Reg M-B (Bo3)
|rated|
|rule|Species Clause: Limit one of each Pokémon
|rule|Item Clause: Limit 1 of each item
|clearpoke
|poke|p1|Whimsicott, L50, M|
|poke|p1|Basculegion, L50, M|
|poke|p1|Kingambit, L50, F|
|poke|p1|Floette-Eternal, L50, F|
|poke|p1|Garchomp, L50, M|
|poke|p1|Charizard, L50, M|
|poke|p2|Farigiraf, L50, F|
|poke|p2|Incineroar, L50, F|
|poke|p2|Camerupt, L50, F|
|poke|p2|Kingambit, L50, F|
|poke|p2|Ninetales-Alola, L50, M|
|poke|p2|Vivillon, L50, M|
|teampreview|4
|showteam|p1|Whimsicott||FocusSash|Prankster|Protect,Moonblast,Tailwind,Encore|Timid||M|||50|]Basculegion||MysticWater|Adaptability|WaveCrash,Protect,LastRespects,AquaJet|Adamant||M|||50|]Kingambit||ChopleBerry|Defiant|KowtowCleave,LowKick,SuckerPunch,IronHead|Adamant||F|||50|]Floette-Eternal||Floettite|FlowerVeil|Moonblast,DazzlingGleam,LightofRuin,Protect|Modest||F|||50|]Garchomp||LifeOrb|RoughSkin|Protect,StompingTantrum,DragonClaw,RockSlide|Jolly||M|||50|]Charizard||CharizarditeY|Blaze|HeatWave,SolarBeam,WeatherBall,Protect|Modest||M|||50|
|showteam|p2|Farigiraf||ColburBerry|ArmorTail|HelpingHand,Thunderbolt,TrickRoom,Psychic|Quiet||F|||50|]Incineroar||Charcoal|Intimidate|FakeOut,PartingShot,Taunt,FlareBlitz|Brave||F|||50|]Camerupt||Cameruptite|SolidRock|Protect,HeatWave,AncientPower,EarthPower|Quiet||F|||50|]Kingambit||LifeOrb|Defiant|SuckerPunch,KowtowCleave,IronHead,Protect|Adamant||F|||50|]Ninetales-Alola||FocusSash|SnowWarning|Blizzard,FreezeDry,Protect,Disable|Timid||M|||50|]Vivillon||ChoiceScarf|CompoundEyes|SleepPowder,RagePowder,Hurricane,StringShot|Timid||M|||50|
|inactive|Battle timer is ON: inactive players will automatically lose when time's up. (requested by palle synchro)
|inactive|Kosluger has 60 seconds left.
|inactive|Kosluger has 30 seconds left.
|
|t:|1785842724
|teamsize|p1|4
|teamsize|p2|4
|start
|switch|p1a: Kingambit|Kingambit, L50, F|100/100
|switch|p1b: Floette|Floette-Eternal, L50, F|100/100
|switch|p2a: Farigiraf|Farigiraf, L50, F|100/100
|switch|p2b: Incineroar|Incineroar, L50, F|100/100
|-ability|p2b: Incineroar|Intimidate|boost
|-unboost|p1a: Kingambit|atk|1
|-ability|p1a: Kingambit|Defiant|boost
|-boost|p1a: Kingambit|atk|2
|-unboost|p1b: Floette|atk|1
|turn|1
|
|t:|1785842745
|detailschange|p1b: Floette|Floette-Mega, L50, F
|-mega|p1b: Floette|Floette|Floettite
|-ability|p1b: Floette|Fairy Aura
|move|p2b: Incineroar|Fake Out|p1b: Floette
|-damage|p1b: Floette|80/100
|cant|p1b: Floette|flinch
|move|p1a: Kingambit|Low Kick|p2b: Incineroar
|-supereffective|p2b: Incineroar|1
|-damage|p2b: Incineroar|20/100y
|move|p2a: Farigiraf|Trick Room|p2a: Farigiraf
|-fieldstart|move: Trick Room|[of] p2a: Farigiraf
|
|upkeep
|turn|2
|
|t:|1785842765
|move|p1a: Kingambit|Kowtow Cleave|p2b: Incineroar
|-resisted|p2b: Incineroar|1
|-damage|p2b: Incineroar|0 fnt
|faint|p2b: Incineroar
|move|p2a: Farigiraf|Psychic|p1a: Kingambit
|-immune|p1a: Kingambit
|move|p1b: Floette|Light of Ruin|p2a: Farigiraf
|-damage|p2a: Farigiraf|0 fnt
|faint|p2a: Farigiraf
|-damage|p1b: Floette|5/100|[from] Recoil
|
|upkeep
|
|t:|1785842770
|switch|p2a: Camerupt|Camerupt, L50, F|100/100
|switch|p2b: Ninetales|Ninetales-Alola, L50, M|100/100
|-weather|Snowscape|[from] ability: Snow Warning|[of] p2b: Ninetales
|turn|3
|
|t:|1785842791
|detailschange|p2a: Camerupt|Camerupt-Mega, L50, F
|-mega|p2a: Camerupt|Camerupt|Cameruptite
|move|p1b: Floette|Protect|p1b: Floette
|-singleturn|p1b: Floette|Protect
|move|p1a: Kingambit|Sucker Punch|p2b: Ninetales
|-resisted|p2b: Ninetales|1
|-damage|p2b: Ninetales|68/100
|move|p2a: Camerupt|Heat Wave|p1a: Kingambit|[spread] p1a
|-activate|p1b: Floette|move: Protect
|-supereffective|p1a: Kingambit|1
|-damage|p1a: Kingambit|3/100
|move|p2b: Ninetales|Blizzard|p1b: Floette|[spread] p1a
|-activate|p1b: Floette|move: Protect
|-resisted|p1a: Kingambit|1
|-damage|p1a: Kingambit|0 fnt
|faint|p1a: Kingambit
|
|-weather|Snowscape|[upkeep]
|upkeep
|
|t:|1785842799
|switch|p1a: Basculegion|Basculegion, L50, M|100/100
|turn|4
|
|t:|1785842818
|move|p2a: Camerupt|Protect|p2a: Camerupt
|-singleturn|p2a: Camerupt|Protect
|move|p1a: Basculegion|Wave Crash|p2a: Camerupt
|-activate|p2a: Camerupt|move: Protect
|move|p1b: Floette|Moonblast|p2b: Ninetales
|-damage|p2b: Ninetales|0 fnt
|faint|p2b: Ninetales
|
|-weather|Snowscape|[upkeep]
|upkeep
|turn|5
|-message|Kosluger forfeited.
|
|win|palle synchro
|raw|palle synchro's rating: 1412 → 1435(+23 for winning)
|raw|Kosluger's rating: 1456 → 1433(-23 for losing)
