|j|☆SunshineTufo
|j|☆bambam420
|html|SunshineTufobambam420    
|uhtml|bestof|Game 1 of a best-of-3
|t:|1784807574
|gametype|doubles
|player|p1|SunshineTufo|li|1312
|player|p2|bambam420|266|1275
|gen|9
|tier|[Gen 9 Champions] VGC 2026 Reg M-B (Bo3)
|rated|
|rule|Species Clause: Limit one of each Pokémon
|rule|Item Clause: Limit 1 of each item
|clearpoke
|poke|p1|Charizard, L50, M, shiny|
|poke|p1|Incineroar, L50, M, shiny|
|poke|p1|Sylveon, L50, M, shiny|
|poke|p1|Aerodactyl, L50, M, shiny|
|poke|p1|Garchomp, L50, M, shiny|
|poke|p1|Farigiraf, L50, M, shiny|
|poke|p2|Delphox, L50, F|
|poke|p2|Blastoise, L50, M|
|poke|p2|Kingambit, L50, F|
|poke|p2|Incineroar, L50, M|
|poke|p2|Sinistcha, L50|
|poke|p2|Sneasler, L50, M|
|teampreview|4
|showteam|p1|Charizard||CharizarditeY|SolarPower|HeatWave,WeatherBall,SolarBeam,Protect|Modest||M|||50|]Incineroar||Charcoal|Intimidate|FlareBlitz,DarkestLariat,FakeOut,PartingShot|Brave||M|||50|]Sylveon||FairyFeather|Pixilate|HyperVoice,QuickAttack,HyperBeam,Detect|Modest||M|||50|]Aerodactyl||Aerodactylite|Unnerve|WideGuard,RockSlide,DualWingbeat,Tailwind|Jolly||M|||50|]Garchomp||LifeOrb|RoughSkin|Protect,StompingTantrum,DragonClaw,Earthquake|Adamant||M|||50|]Farigiraf||SitrusBerry|ArmorTail|SunnyDay,PsychicFangs,Thunderbolt,TrickRoom|Relaxed||M|||50|
|showteam|p2|Delphox||Delphoxite|Blaze|HeatWave,NastyPlot,Psyshock,Protect|Timid||F|||50|]Blastoise||Blastoisinite|RainDish|WaterSpout,DarkPulse,ShellSmash,Protect|Modest||M|||50|]Kingambit||BlackGlasses|Defiant|KowtowCleave,SuckerPunch,SwordsDance,Protect|Adamant||F|||50|]Incineroar||SitrusBerry|Intimidate|FlareBlitz,FakeOut,DarkestLariat,PartingShot|Careful||M|||50|]Sinistcha||KasibBerry|Hospitality|MatchaGotcha,RagePowder,TrickRoom,Protect|Bold|||||50|]Sneasler||FocusSash|PoisonTouch|CloseCombat,FakeOut,PoisonJab,Protect|Jolly||M|||50|
|inactive|Battle timer is ON: inactive players will automatically lose when time's up. (requested by SunshineTufo)
|inactive|bambam420 has 60 seconds left.
|inactive|bambam420 has 30 seconds left.
|
|t:|1784807643
|teamsize|p1|4
|teamsize|p2|4
|start
|switch|p1a: Aerodactyl|Aerodactyl, L50, M, shiny|100/100
|switch|p1b: Charizard|Charizard, L50, M, shiny|100/100
|switch|p2a: Incineroar|Incineroar, L50, M|100/100
|switch|p2b: Delphox|Delphox, L50, F|100/100
|-ability|p1a: Aerodactyl|Unnerve
|-ability|p2a: Incineroar|Intimidate|boost
|-unboost|p1a: Aerodactyl|atk|1
|-unboost|p1b: Charizard|atk|1
|turn|1
|
|t:|1784807661
|switch|p1b: Farigiraf|Farigiraf, L50, M, shiny|100/100
|detailschange|p1a: Aerodactyl|Aerodactyl-Mega, L50, M, shiny
|-mega|p1a: Aerodactyl|Aerodactyl|Aerodactylite
|detailschange|p2b: Delphox|Delphox-Mega, L50, F
|-mega|p2b: Delphox|Delphox|Delphoxite
|move|p2a: Incineroar|Fake Out||[still]
|cant|p1b: Farigiraf|ability: Armor Tail|Fake Out|[of] p2a: Incineroar
|move|p1a: Aerodactyl|Rock Slide|p2b: Delphox|[spread] p2a,p2b
|-supereffective|p2a: Incineroar|1
|-supereffective|p2b: Delphox|1
|-damage|p2a: Incineroar|67/100
|-damage|p2b: Delphox|51/100
|move|p2b: Delphox|Nasty Plot|p2b: Delphox
|-boost|p2b: Delphox|spa|2
|
|upkeep
|turn|2
|
|t:|1784807671
|switch|p2a: Sinistcha|Sinistcha, L50|100/100
|-heal|p2b: Delphox|76/100|[from] ability: Hospitality|[of] p2a: Sinistcha
|switch|p1b: Garchomp|Garchomp, L50, M, shiny|100/100
|move|p2b: Delphox|Protect|p2b: Delphox
|-singleturn|p2b: Delphox|Protect
|move|p1a: Aerodactyl|Rock Slide|p2a: Sinistcha|[spread] p2a
|-activate|p2b: Delphox|move: Protect
|-damage|p2a: Sinistcha|86/100
|
|upkeep
|turn|3
|
|t:|1784807684
|switch|p2a: Incineroar|Incineroar, L50, M|67/100
|-ability|p2a: Incineroar|Intimidate|boost
|-unboost|p1a: Aerodactyl|atk|1
|-unboost|p1b: Garchomp|atk|1
|move|p1a: Aerodactyl|Rock Slide|p2b: Delphox|[spread] p2a,p2b
|-supereffective|p2a: Incineroar|1
|-supereffective|p2b: Delphox|1
|-damage|p2a: Incineroar|42/100
|-damage|p2b: Delphox|37/100
|-enditem|p2a: Incineroar|Sitrus Berry|[eat]
|-heal|p2a: Incineroar|67/100|[from] item: Sitrus Berry
|move|p2b: Delphox|Psyshock|p1a: Aerodactyl
|-damage|p1a: Aerodactyl|0 fnt
|faint|p1a: Aerodactyl
|move|p1b: Garchomp|Dragon Claw|p2b: Delphox
|-damage|p2b: Delphox|0 fnt
|faint|p2b: Delphox
|-damage|p1b: Garchomp|90/100|[from] item: Life Orb
|
|upkeep
|inactive|bambam420 has 30 seconds left.
|
|t:|1784807710
|switch|p1a: Charizard|Charizard, L50, M, shiny|100/100
|switch|p2b: Sinistcha|Sinistcha, L50|86/100
|-heal|p2a: Incineroar|92/100|[from] ability: Hospitality|[of] p2b: Sinistcha
|turn|4
|inactive|bambam420 has 30 seconds left.
|
|t:|1784807737
|move|p2b: Sinistcha|Protect|p2b: Sinistcha
|-singleturn|p2b: Sinistcha|Protect
|move|p1b: Garchomp|Earthquake|p2a: Incineroar|[spread] p2a
|-activate|p2b: Sinistcha|move: Protect
|-immune|p1a: Charizard
|-supereffective|p2a: Incineroar|1
|-damage|p2a: Incineroar|37/100
|-damage|p1b: Garchomp|80/100|[from] item: Life Orb
|move|p1a: Charizard|Heat Wave|p2b: Sinistcha|[spread] p2a
|-activate|p2b: Sinistcha|move: Protect
|-resisted|p2a: Incineroar|1
|-damage|p2a: Incineroar|26/100
|move|p2a: Incineroar|Parting Shot|p1a: Charizard
|-unboost|p1a: Charizard|atk|1
|-unboost|p1a: Charizard|spa|1
|
|t:|1784807752
|switch|p2a: Sneasler|Sneasler, L50, M|100/100|[from] Parting Shot
|
|upkeep
|turn|5
|
|t:|1784807767
|move|p2a: Sneasler|Poison Jab|p1a: Charizard
|-damage|p1a: Charizard|57/100
|move|p1b: Garchomp|Earthquake|p2b: Sinistcha|[spread] p2a,p2b
|-immune|p1a: Charizard
|-supereffective|p2a: Sneasler|1
|-resisted|p2b: Sinistcha|1
|-enditem|p2a: Sneasler|Focus Sash
|-damage|p2a: Sneasler|1/100
|-damage|p2b: Sinistcha|73/100
|-damage|p1b: Garchomp|71/100|[from] item: Life Orb
|move|p1a: Charizard|Heat Wave|p2b: Sinistcha|[spread] p2a,p2b
|-supereffective|p2b: Sinistcha|1
|-damage|p2a: Sneasler|0 fnt
|-damage|p2b: Sinistcha|36/100
|faint|p2a: Sneasler
|move|p2b: Sinistcha|Matcha Gotcha|p1a: Charizard|[spread] p1a,p1b
|-resisted|p1a: Charizard|2
|-damage|p1a: Charizard|50/100g
|-heal|p2b: Sinistcha|40/100|[from] drain|[of] p1a: Charizard
|-damage|p1b: Garchomp|47/100
|-heal|p2b: Sinistcha|53/100|[from] drain|[of] p1b: Garchomp
|
|upkeep
|
|t:|1784807786
|switch|p2a: Incineroar|Incineroar, L50, M|26/100
|-ability|p2a: Incineroar|Intimidate|boost
|-unboost|p1a: Charizard|atk|1
|-unboost|p1b: Garchomp|atk|1
|turn|6
|
|t:|1784807792
|switch|p1a: Farigiraf|Farigiraf, L50, M, shiny|100/100
|move|p2a: Incineroar|Fake Out||[still]
|cant|p1a: Farigiraf|ability: Armor Tail|Fake Out|[of] p2a: Incineroar
|move|p1b: Garchomp|Stomping Tantrum|p2a: Incineroar
|-supereffective|p2a: Incineroar|1
|-damage|p2a: Incineroar|0 fnt
|faint|p2a: Incineroar
|-damage|p1b: Garchomp|37/100|[from] item: Life Orb
|move|p2b: Sinistcha|Matcha Gotcha|p1a: Farigiraf|[spread] p1a,p1b
|-damage|p1a: Farigiraf|76/100
|-heal|p2b: Sinistcha|68/100|[from] drain|[of] p1a: Farigiraf
|-damage|p1b: Garchomp|10/100
|-heal|p2b: Sinistcha|83/100|[from] drain|[of] p1b: Garchomp
|-status|p1b: Garchomp|brn
|
|-damage|p1b: Garchomp|4/100 brn|[from] brn
|upkeep
|turn|7
|
|t:|1784807803
|move|p1b: Garchomp|Dragon Claw|p2b: Sinistcha
|-damage|p2b: Sinistcha|73/100
|-damage|p1b: Garchomp|0 fnt|[from] item: Life Orb
|faint|p1b: Garchomp
|move|p2b: Sinistcha|Matcha Gotcha|p1a: Farigiraf
|-damage|p1a: Farigiraf|48/100
|-heal|p2b: Sinistcha|91/100|[from] drain|[of] p1a: Farigiraf
|-enditem|p1a: Farigiraf|Sitrus Berry|[eat]
|-heal|p1a: Farigiraf|73/100|[from] item: Sitrus Berry
|move|p1a: Farigiraf|Psychic Fangs|p2b: Sinistcha
|-damage|p2b: Sinistcha|69/100
|
|upkeep
|
|t:|1784807805
|switch|p1b: Charizard|Charizard, L50, M, shiny|50/100g
|turn|8
|-message|bambam420 forfeited.
|
|win|SunshineTufo
|l|☆bambam420
|player|p2|
||SunshineTufo is ready for game 2.
|inactive|bambam420 has 30 seconds to confirm battle start!
|inactive|bambam420 has 20 seconds to confirm battle start!
|inactive|bambam420 has 10 seconds to confirm battle start!
|uhtml|next|Next: Game 2 of 3
