|j|☆Pineyfressh
|j|☆andiom123
|html|Pineyfresshandiom123    
|uhtml|bestof|Game 1 of a best-of-3
|t:|1784393248
|gametype|doubles
|player|p1|Pineyfressh|101|1147
|player|p2|andiom123|red|1200
|gen|9
|tier|[Gen 9 Champions] VGC 2026 Reg M-B (Bo3)
|rated|
|rule|Species Clause: Limit one of each Pokémon
|rule|Item Clause: Limit 1 of each item
|clearpoke
|poke|p1|Scolipede, L50, M|
|poke|p1|Garchomp, L50, F|
|poke|p1|Maushold-Four, L50|
|poke|p1|Sylveon, L50, F|
|poke|p1|Gengar, L50, M|
|poke|p1|Whimsicott, L50, F|
|poke|p2|Incineroar, L50, F|
|poke|p2|Farigiraf, L50, F|
|poke|p2|Sylveon, L50, F|
|poke|p2|Torkoal, L50, M|
|poke|p2|Kangaskhan, L50, F|
|poke|p2|Mawile, L50, F|
|teampreview|4
|showteam|p1|Scolipede||Scolipite|SpeedBoost|LeechLife,SwordsDance,PoisonJab,Protect|Adamant||M|||50|]Garchomp||RoseliBerry|RoughSkin|SwordsDance,Earthquake,RockSlide,Protect|Jolly||F|||50|]Maushold-Four||MentalHerb|FriendGuard|FollowMe,Protect,HelpingHand,Taunt|Timid|||||50|]Sylveon||LifeOrb|Pixilate|HyperBeam,HyperVoice,Protect,CalmMind|Modest||F|||50|]Gengar||Gengarite|CursedBody|ShadowBall,NastyPlot,SludgeWave,Protect|Timid||M|||50|]Whimsicott||FocusSash|Prankster|Tailwind,Endeavor,Taunt,Moonblast|Bold||F|||50|
|showteam|p2|Incineroar||MuscleBand|Intimidate|ThroatChop,FlareBlitz,FakeOut,PartingShot|Brave||F|||50|]Farigiraf||SitrusBerry|ArmorTail|FoulPlay,PsychicNoise,TrickRoom,HelpingHand|Relaxed||F|||50|]Sylveon||FairyFeather|Pixilate|HyperVoice,HyperBeam,Yawn,Detect|Modest||F|||50|]Torkoal||Charcoal|Drought|Eruption,EarthPower,Flamethrower,Protect|Quiet||M|||50|]Kangaskhan||Kangaskhanite|Scrappy|DoubleEdge,FakeOut,IcePunch,HammerArm|Brave||F|||50|]Mawile||Mawilite|HyperCutter|RockSlide,PlayRough,SuckerPunch,Protect|Brave||F|||50|
|
|t:|1784393313
|teamsize|p1|4
|teamsize|p2|4
|start
|switch|p1a: Gengar|Gengar, L50, M|100/100
|switch|p1b: Whimsicott|Whimsicott, L50, F|100/100
|switch|p2a: Farigiraf|Farigiraf, L50, F|100/100
|switch|p2b: Incineroar|Incineroar, L50, F|100/100
|-ability|p2b: Incineroar|Intimidate|boost
|-unboost|p1a: Gengar|atk|1
|-unboost|p1b: Whimsicott|atk|1
|turn|1
|inactive|Battle timer is ON: inactive players will automatically lose when time's up. (requested by Pineyfressh)
|
|t:|1784393351
|detailschange|p1a: Gengar|Gengar-Mega, L50, M
|-mega|p1a: Gengar|Gengar|Gengarite
|move|p1b: Whimsicott|Taunt||[still]
|cant|p2a: Farigiraf|ability: Armor Tail|Taunt|[of] p1b: Whimsicott
|move|p1a: Gengar|Nasty Plot|p1a: Gengar
|-boost|p1a: Gengar|spa|2
|move|p2b: Incineroar|Parting Shot|p1b: Whimsicott
|-unboost|p1b: Whimsicott|atk|1
|-unboost|p1b: Whimsicott|spa|1
|
|t:|1784393362
|switch|p2b: Torkoal|Torkoal, L50, M|100/100|[from] Parting Shot
|-weather|SunnyDay|[from] ability: Drought|[of] p2b: Torkoal
|move|p2a: Farigiraf|Trick Room|p2a: Farigiraf
|-fieldstart|move: Trick Room|[of] p2a: Farigiraf
|
|-weather|SunnyDay|[upkeep]
|upkeep
|turn|2
|inactive|Pineyfressh has 30 seconds left.
|
|t:|1784393389
|move|p2a: Farigiraf|Helping Hand|p2b: Torkoal
|-singleturn|p2b: Torkoal|Helping Hand|[of] p2a: Farigiraf
|move|p1a: Gengar|Protect|p1a: Gengar
|-singleturn|p1a: Gengar|Protect
|move|p2b: Torkoal|Eruption|p1b: Whimsicott|[spread] p1b
|-activate|p1a: Gengar|move: Protect
|-supereffective|p1b: Whimsicott|1
|-enditem|p1b: Whimsicott|Focus Sash
|-damage|p1b: Whimsicott|1/100
|move|p1b: Whimsicott|Endeavor|p2a: Farigiraf
|-damage|p2a: Farigiraf|1/100
|-enditem|p2a: Farigiraf|Sitrus Berry|[eat]
|-heal|p2a: Farigiraf|25/100|[from] item: Sitrus Berry
|
|-weather|SunnyDay|[upkeep]
|upkeep
|turn|3
|
|t:|1784393411
|switch|p1a: Sylveon|Sylveon, L50, F|100/100
|move|p2a: Farigiraf|Helping Hand|p2b: Torkoal
|-singleturn|p2b: Torkoal|Helping Hand|[of] p2a: Farigiraf
|move|p2b: Torkoal|Eruption|p1b: Whimsicott|[spread] p1a,p1b
|-supereffective|p1b: Whimsicott|1
|-damage|p1a: Sylveon|15/100
|-damage|p1b: Whimsicott|0 fnt
|faint|p1b: Whimsicott
|
|-weather|SunnyDay|[upkeep]
|upkeep
|
|t:|1784393421
|switch|p1b: Garchomp|Garchomp, L50, F|100/100
|turn|4
|
|t:|1784393434
|move|p1b: Garchomp|Protect|p1b: Garchomp
|-singleturn|p1b: Garchomp|Protect
|move|p2b: Torkoal|Eruption|p1a: Sylveon|[spread] p1a
|-activate|p1b: Garchomp|move: Protect
|-damage|p1a: Sylveon|0 fnt
|faint|p1a: Sylveon
|move|p2a: Farigiraf|Foul Play|p1b: Garchomp
|-activate|p1b: Garchomp|move: Protect
|
|-weather|SunnyDay|[upkeep]
|upkeep
|
|t:|1784393444
|switch|p1a: Gengar|Gengar-Mega, L50, M|100/100
|turn|5
|
|t:|1784393453
|move|p1a: Gengar|Protect|p1a: Gengar
|-singleturn|p1a: Gengar|Protect
|move|p2b: Torkoal|Eruption|p1b: Garchomp|[spread] p1b
|-activate|p1a: Gengar|move: Protect
|-resisted|p1b: Garchomp|1
|-damage|p1b: Garchomp|54/100
|move|p2a: Farigiraf|Foul Play|p1b: Garchomp
|-damage|p1b: Garchomp|20/100y
|-damage|p2a: Farigiraf|12/100|[from] ability: Rough Skin|[of] p1b: Garchomp
|move|p1b: Garchomp|Earthquake|p2b: Torkoal|[spread] p2a,p2b
|-activate|p1a: Gengar|move: Protect
|-supereffective|p2b: Torkoal|1
|-damage|p2a: Farigiraf|0 fnt
|-damage|p2b: Torkoal|41/100
|faint|p2a: Farigiraf
|
|-weather|none
|-fieldend|move: Trick Room
|upkeep
|inactive|andiom123 has 30 seconds left.
|
|t:|1784393480
|switch|p2a: Sylveon|Sylveon, L50, F|100/100
|turn|6
|
|t:|1784393501
|move|p1b: Garchomp|Protect|p1b: Garchomp
|-singleturn|p1b: Garchomp|Protect
|move|p2a: Sylveon|Detect|p2a: Sylveon
|-singleturn|p2a: Sylveon|Protect
|move|p1a: Gengar|Sludge Wave|p2b: Torkoal|[spread] p2b
|-activate|p1b: Garchomp|move: Protect
|-activate|p2a: Sylveon|move: Protect
|-damage|p2b: Torkoal|0 fnt
|faint|p2b: Torkoal
|
|upkeep
|
|t:|1784393511
|switch|p2b: Incineroar|Incineroar, L50, F|100/100
|-ability|p2b: Incineroar|Intimidate|boost
|-unboost|p1a: Gengar|atk|1
|-unboost|p1b: Garchomp|atk|1
|turn|7
|
|t:|1784393524
|move|p1a: Gengar|Sludge Wave|p2a: Sylveon|[spread] p1b,p2a,p2b
|-resisted|p1b: Garchomp|1
|-supereffective|p2a: Sylveon|1
|-damage|p1b: Garchomp|0 fnt
|-damage|p2a: Sylveon|33/100
|-damage|p2b: Incineroar|54/100
|-status|p2a: Sylveon|psn
|faint|p1b: Garchomp
|move|p2a: Sylveon|Hyper Voice|p1a: Gengar
|-resisted|p1a: Gengar|1
|-damage|p1a: Gengar|56/100
|move|p2b: Incineroar|Throat Chop|p1a: Gengar
|-supereffective|p1a: Gengar|1
|-damage|p1a: Gengar|0 fnt
|faint|p1a: Gengar
|
|win|andiom123
||Pineyfressh is ready for game 2.
|inactive|andiom123 has 30 seconds to confirm battle start!
||andiom123 is ready for game 2.
|uhtml|next|Next: Game 2 of 3
|l|☆Pineyfressh
|player|p1|
