|j|☆Poppin722
|j|☆rockmadlegend
|html|Poppin722rockmadlegend    
|uhtml|bestof|Game 2 of a best-of-3
|t:|1785369832
|gametype|doubles
|player|p1|Poppin722|2|
|player|p2|rockmadlegend|gentleman-gen4dp|
|gen|9
|tier|[Gen 9 Champions] VGC 2026 Reg M-B (Bo3)
|rule|Species Clause: Limit one of each Pokémon
|rule|Item Clause: Limit 1 of each item
|clearpoke
|poke|p1|Pelipper, L50, F|
|poke|p1|Archaludon, L50, M|
|poke|p1|Dragonite, L50, F|
|poke|p1|Raichu, L50, M|
|poke|p1|Toxicroak, L50, M|
|poke|p1|Scizor, L50, F|
|poke|p2|Sceptile, L50, M, shiny|
|poke|p2|Sinistcha, L50, shiny|
|poke|p2|Eelektross, L50, M, shiny|
|poke|p2|Klefki, L50, F, shiny|
|poke|p2|Hatterene, L50, F, shiny|
|poke|p2|Politoed, L50, F, shiny|
|teampreview|4
|showteam|p1|Pelipper||FocusSash|Drizzle|Hurricane,WeatherBall,Tailwind,Protect|Modest||F|||50|]Archaludon||Leftovers|Stalwart|ElectroShot,DragonPulse,FlashCannon,Protect|Modest||M|||50|]Dragonite||Dragoninite|Multiscale|DragonDance,Hurricane,Thunder,Protect|Jolly||F|||50|]Raichu||QuickClaw|LightningRod|FakeOut,Thunder,VoltSwitch,Encore|Calm||M|||50|]Toxicroak||BlackBelt|DrySkin|DrainPunch,GunkShot,SuckerPunch,Protect|Jolly||M|||50|]Scizor||LifeOrb|Technician|BulletPunch,Roost,SwordsDance,Uturn|Adamant||F|||50|
|showteam|p2|Sceptile||Sceptilite|Overgrow|GigaDrain,DragonPulse,Protect,FocusBlast|Timid||M|||50|]Sinistcha||SitrusBerry|Hospitality|MatchaGotcha,RagePowder,StrengthSap,Protect|Bold|||||50|]Eelektross||Magnet|Levitate|Thunderbolt,Flamethrower,KnockOff,Protect|Sassy||M|||50|]Klefki||LightClay|Prankster|Reflect,LightScreen,ThunderWave,FoulPlay|Bold||F|||50|]Hatterene||LifeOrb|MagicBounce|TrickRoom,DazzlingGleam,Psychic,MysticalFire|Serious||F|||50|]Politoed||DampRock|Drizzle|WeatherBall,HelpingHand,IcyWind,Protect|Calm||F|||50|
|j| palumbo1012
|
|t:|1785369853
|teamsize|p1|4
|teamsize|p2|4
|start
|switch|p1a: Pelipper|Pelipper, L50, F|100/100
|switch|p1b: Raichu|Raichu, L50, M|100/100
|switch|p2a: Sceptile|Sceptile, L50, M, shiny|100/100
|switch|p2b: Eelektross|Eelektross, L50, M, shiny|100/100
|-weather|RainDance|[from] ability: Drizzle|[of] p1a: Pelipper
|turn|1
|
|t:|1785369912
|detailschange|p2a: Sceptile|Sceptile-Mega, L50, M, shiny
|-mega|p2a: Sceptile|Sceptile|Sceptilite
|move|p1b: Raichu|Fake Out|p2a: Sceptile
|-damage|p2a: Sceptile|87/100
|cant|p2a: Sceptile|flinch
|move|p1a: Pelipper|Hurricane|p2a: Sceptile
|-supereffective|p2a: Sceptile|1
|-damage|p2a: Sceptile|0 fnt
|faint|p2a: Sceptile
|move|p2b: Eelektross|Knock Off|p1a: Pelipper
|-damage|p1a: Pelipper|74/100
|-enditem|p1a: Pelipper|Focus Sash|[from] move: Knock Off|[of] p2b: Eelektross
|
|-weather|RainDance|[upkeep]
|upkeep
|
|t:|1785369921
|switch|p2a: Hatterene|Hatterene, L50, F, shiny|100/100
|turn|2
|-activate|p1b: Raichu|item: Quick Claw
|
|t:|1785369934
|move|p1b: Raichu|Thunder|p2a: Hatterene
|-damage|p2a: Hatterene|62/100
|-status|p2a: Hatterene|par
|move|p1a: Pelipper|Hurricane|p2a: Hatterene
|-damage|p2a: Hatterene|6/100 par
|-start|p2a: Hatterene|confusion
|move|p2b: Eelektross|Knock Off|p1b: Raichu
|-damage|p1b: Raichu|45/100
|-enditem|p1b: Raichu|Quick Claw|[from] move: Knock Off|[of] p2b: Eelektross
|-activate|p2a: Hatterene|confusion
|move|p2a: Hatterene|Trick Room|p2a: Hatterene
|-fieldstart|move: Trick Room|[of] p2a: Hatterene
|
|-weather|RainDance|[upkeep]
|upkeep
|turn|3
|j| Red_zhar
|
|t:|1785369955
|switch|p2b: Sinistcha|Sinistcha, L50, shiny|100/100
|-heal|p2a: Hatterene|31/100 par|[from] ability: Hospitality|[of] p2b: Sinistcha
|move|p1a: Pelipper|Protect|p1a: Pelipper
|-singleturn|p1a: Pelipper|Protect
|-activate|p2a: Hatterene|confusion
|-damage|p2a: Hatterene|21/100 par|[from] confusion
|move|p1b: Raichu|Volt Switch|p2a: Hatterene
|-damage|p2a: Hatterene|0 fnt
|faint|p2a: Hatterene
|
|t:|1785369971
|switch|p1b: Archaludon|Archaludon, L50, M|100/100|[from] Volt Switch
|
|-weather|RainDance|[upkeep]
|upkeep
|
|t:|1785369976
|switch|p2a: Eelektross|Eelektross, L50, M, shiny|100/100
|turn|4
|
|t:|1785369991
|move|p2a: Eelektross|Thunderbolt|p1a: Pelipper
|-supereffective|p1a: Pelipper|2
|-damage|p1a: Pelipper|0 fnt
|faint|p1a: Pelipper
|move|p2b: Sinistcha|Strength Sap|p1b: Archaludon
|-unboost|p1b: Archaludon|atk|1
|move|p1b: Archaludon|Dragon Pulse|p2a: Eelektross
|-damage|p2a: Eelektross|63/100
|
|-weather|RainDance|[upkeep]
|upkeep
|c| palumbo1012|great game 2 by poppin
|
|t:|1785370007
|switch|p1a: Dragonite|Dragonite, L50, F|100/100
|turn|5
|
|t:|1785370023
|move|p2b: Sinistcha|Rage Powder|p2b: Sinistcha
|-singleturn|p2b: Sinistcha|move: Rage Powder
|move|p2a: Eelektross|Thunderbolt|p1a: Dragonite
|-damage|p1a: Dragonite|78/100
|move|p1b: Archaludon|Dragon Pulse|p2a: Eelektross
|-damage|p2a: Eelektross|25/100
|move|p1a: Dragonite|Dragon Dance|p1a: Dragonite
|-boost|p1a: Dragonite|atk|1
|-boost|p1a: Dragonite|spe|1
|
|-weather|none
|upkeep
|turn|6
|c|☆rockmadlegend|why did rage powder not trigger ?
|
|t:|1785370074
|move|p2a: Eelektross|Protect|p2a: Eelektross
|-singleturn|p2a: Eelektross|Protect
|move|p2b: Sinistcha|Matcha Gotcha|p1b: Archaludon|[spread] p1a,p1b
|-resisted|p1a: Dragonite|2
|-resisted|p1b: Archaludon|2
|-damage|p1a: Dragonite|71/100
|-damage|p1b: Archaludon|92/100
|move|p1b: Archaludon|Dragon Pulse|p2a: Eelektross
|-activate|p2a: Eelektross|move: Protect
|move|p1a: Dragonite|Dragon Dance|p1a: Dragonite
|-boost|p1a: Dragonite|atk|1
|-boost|p1a: Dragonite|spe|1
|
|-heal|p1b: Archaludon|98/100|[from] item: Leftovers
|-fieldend|move: Trick Room
|upkeep
|turn|7
|
|t:|1785370098
|move|p1a: Dragonite|Hurricane|p2b: Sinistcha
|-supereffective|p2b: Sinistcha|1
|-damage|p2b: Sinistcha|15/100
|-enditem|p2b: Sinistcha|Sitrus Berry|[eat]
|-heal|p2b: Sinistcha|40/100|[from] item: Sitrus Berry
|move|p1b: Archaludon|Dragon Pulse|p2a: Eelektross
|-damage|p2a: Eelektross|0 fnt
|faint|p2a: Eelektross
|move|p2b: Sinistcha|Strength Sap|p1a: Dragonite
|-unboost|p1a: Dragonite|atk|1
|-heal|p2b: Sinistcha|100/100
|
|-heal|p1b: Archaludon|100/100|[from] item: Leftovers
|upkeep
|turn|8
|
|t:|1785370121
|move|p1a: Dragonite|Hurricane|p2b: Sinistcha|[miss]
|-miss|p1a: Dragonite|p2b: Sinistcha
|move|p1b: Archaludon|Dragon Pulse|p2b: Sinistcha
|-damage|p2b: Sinistcha|47/100
|move|p2b: Sinistcha|Matcha Gotcha|p1a: Dragonite|[spread] p1a,p1b
|-resisted|p1a: Dragonite|2
|-resisted|p1b: Archaludon|2
|-damage|p1a: Dragonite|65/100
|-heal|p2b: Sinistcha|51/100|[from] drain|[of] p1a: Dragonite
|-damage|p1b: Archaludon|92/100
|-heal|p2b: Sinistcha|55/100|[from] drain|[of] p1b: Archaludon
|
|-heal|p1b: Archaludon|98/100|[from] item: Leftovers
|upkeep
|turn|9
|
|t:|1785370140
|move|p1a: Dragonite|Hurricane|p2b: Sinistcha
|-supereffective|p2b: Sinistcha|1
|-damage|p2b: Sinistcha|0 fnt
|faint|p2b: Sinistcha
|
|win|Poppin722
||rockmadlegend is ready for game 3.
||Poppin722 is ready for game 3.
|uhtml|next|Next: Game 3 of 3
|l| Red_zhar
|l|☆Poppin722
|player|p1|
|l| palumbo1012
|j| Red_zhar
|l| Red_zhar
