|j|☆beeetch
|j|☆A Regu1ar Guy
|html|beeetchA Regu1ar Guy    
|uhtml|bestof|Game 2 of a best-of-3
|t:|1755781548
|gametype|doubles
|player|p1|beeetch|beauty-gen4dp|1341
|player|p2|A Regu1ar Guy|elesa|1341
|gen|9
|tier|[Gen 9] VGC 2025 Reg H (Bo3)
|rated|
|rule|Species Clause: Limit one of each Pokémon
|rule|Item Clause: Limit 1 of each item
|clearpoke
|poke|p1|Toedscruel, L50, F|
|poke|p1|Weezing-Galar, L50, F|
|poke|p1|Corviknight, L50, F|
|poke|p1|Pawmot, L50, M|
|poke|p1|Garchomp, L50, M|
|poke|p1|Typhlosion-Hisui, L50, F|
|poke|p2|Volcarona, L50, M|
|poke|p2|Rillaboom, L50, M|
|poke|p2|Electabuzz, L50, M|
|poke|p2|Incineroar, L50, M|
|poke|p2|Ninetales-Alola, L50, F|
|poke|p2|Garchomp, L50, F|
|teampreview|4
|showteam|p1|Toedscruel||CovertCloak|MyceliumMight|Spore,EarthPower,AcidSpray,RagePowder|||F|||50|,,,,,Water]Weezing-Galar||ChoiceSpecs|NeutralizingGas|DazzlingGleam,SludgeBomb,StrangeSteam,Flamethrower|||F|||50|,,,,,Fire]Corviknight||SitrusBerry|MirrorArmor|Protect,Tailwind,Roost,BraveBird|||F|||50|,,,,,Dragon]Pawmot||FocusSash|NaturalCure|Protect,CloseCombat,DoubleShock,FakeOut|||M|||50|,,,,,Electric]Garchomp||LifeOrb|RoughSkin|Protect,Earthquake,DragonClaw,StompingTantrum|||M|||50|,,,,,Ground]Typhlosion-Hisui||ChoiceScarf|Blaze|Eruption,SleepTalk,HeatWave,ShadowBall|||F|||50|,,,,,Fire
|showteam|p2|Volcarona||GrassySeed|FlameBody|HeatWave,GigaDrain,QuiverDance,Protect|||M|||50|,,,,,Grass]Rillaboom||AssaultVest|GrassySurge|FakeOut,WoodHammer,GrassyGlide,HighHorsepower|||M|||50|,,,,,Fire]Electabuzz||Eviolite|VitalSpirit|Thunderbolt,FollowMe,Taunt,Protect|||M|||50|,,,,,Ghost]Incineroar||SafetyGoggles|Intimidate|FakeOut,KnockOff,FlareBlitz,PartingShot|||M|||50|,,,,,Ghost]Ninetales-Alola||FocusSash|SnowWarning|Blizzard,Encore,AuroraVeil,HelpingHand|||F|||50|,,,,,Ghost]Garchomp||LifeOrb|RoughSkin|StompingTantrum,Earthquake,DragonClaw,Protect|||F|||50|,,,,,Steel
|
|t:|1755781576
|teamsize|p1|4
|teamsize|p2|4
|start
|switch|p1a: Weezing|Weezing-Galar, L50, F|100/100
|switch|p1b: Garchomp|Garchomp, L50, M|100/100
|switch|p2a: Volcarona|Volcarona, L50, M, shiny|100/100
|switch|p2b: Garchomp|Garchomp, L50, F|100/100
|-ability|p1a: Weezing|Neutralizing Gas
|turn|1
|
|t:|1755781599
|switch|p2b: Incineroar|Incineroar, L50, M|100/100
|-terastallize|p1b: Garchomp|Ground
|move|p1b: Garchomp|Dragon Claw|p2a: Volcarona
|-damage|p2a: Volcarona|42/100
|-damage|p1b: Garchomp|91/100|[from] item: Life Orb
|move|p2a: Volcarona|Quiver Dance|p2a: Volcarona
|-boost|p2a: Volcarona|spa|1
|-boost|p2a: Volcarona|spd|1
|-boost|p2a: Volcarona|spe|1
|move|p1a: Weezing|Sludge Bomb|p2a: Volcarona
|-damage|p2a: Volcarona|12/100
|-status|p2a: Volcarona|psn
|
|-damage|p2a: Volcarona|0 fnt|[from] psn
|faint|p2a: Volcarona
|upkeep
|
|t:|1755781608
|switch|p2a: Garchomp|Garchomp, L50, F|100/100
|turn|2
|
|t:|1755781623
|-end|p1a: Weezing|ability: Neutralizing Gas
|-ability|p2b: Incineroar|Intimidate|boost
|-unboost|p1a: Weezing|atk|1
|-unboost|p1b: Garchomp|atk|1
|switch|p1a: Corviknight|Corviknight, L50, F|100/100
|move|p1b: Garchomp|Protect|p1b: Garchomp
|-singleturn|p1b: Garchomp|Protect
|move|p2a: Garchomp|Dragon Claw|p1a: Corviknight
|-resisted|p1a: Corviknight
|-damage|p1a: Corviknight|79/100
|-damage|p2a: Garchomp|91/100|[from] item: Life Orb
|move|p2b: Incineroar|Flare Blitz|p1a: Corviknight
|-supereffective|p1a: Corviknight
|-damage|p1a: Corviknight|0 fnt
|faint|p1a: Corviknight
|-damage|p2b: Incineroar|74/100|[from] Recoil
|
|upkeep
|
|t:|1755781647
|switch|p1a: Typhlosion|Typhlosion-Hisui, L50, F|100/100
|turn|3
|
|t:|1755781666
|switch|p1b: Weezing|Weezing-Galar, L50, F|100/100
|-ability|p1b: Weezing|Neutralizing Gas
|switch|p2b: Ninetales|Ninetales-Alola, L50, F|100/100
|move|p1a: Typhlosion|Eruption|p2b: Ninetales|[spread] p2a,p2b
|-resisted|p2a: Garchomp
|-supereffective|p2b: Ninetales
|-damage|p2a: Garchomp|59/100
|-enditem|p2b: Ninetales|Focus Sash
|-damage|p2b: Ninetales|1/100
|move|p2a: Garchomp|Stomping Tantrum|p1a: Typhlosion
|-supereffective|p1a: Typhlosion
|-damage|p1a: Typhlosion|0 fnt
|faint|p1a: Typhlosion
|-damage|p2a: Garchomp|49/100|[from] item: Life Orb
|
|upkeep
|
|t:|1755781703
|switch|p1a: Garchomp|Garchomp, L50, M, tera:Ground|91/100
|turn|4
|
|t:|1755781722
|move|p2b: Ninetales|Blizzard|p1b: Weezing|[spread] p1b
|-miss|p2b: Ninetales|p1a: Garchomp
|-damage|p1b: Weezing|55/100
|move|p1a: Garchomp|Stomping Tantrum|p2b: Ninetales
|-damage|p2b: Ninetales|0 fnt
|faint|p2b: Ninetales
|-damage|p1a: Garchomp|81/100|[from] item: Life Orb
|move|p2a: Garchomp|Stomping Tantrum|p1b: Weezing
|-supereffective|p1b: Weezing
|-damage|p1b: Weezing|0 fnt
|faint|p1b: Weezing
|-end|p1b: Weezing|ability: Neutralizing Gas
|-damage|p2a: Garchomp|39/100|[from] item: Life Orb
|
|upkeep
|
|t:|1755781726
|switch|p2b: Incineroar|Incineroar, L50, M|74/100
|-ability|p2b: Incineroar|Intimidate|boost
|-unboost|p1a: Garchomp|atk|1
|turn|5
|
|t:|1755781735
|move|p1a: Garchomp|Protect|p1a: Garchomp
|-singleturn|p1a: Garchomp|Protect
|move|p2b: Incineroar|Fake Out|p1a: Garchomp
|-activate|p1a: Garchomp|move: Protect
|move|p2a: Garchomp|Stomping Tantrum|p1a: Garchomp
|-activate|p1a: Garchomp|move: Protect
|
|upkeep
|turn|6
|
|t:|1755781750
|-terastallize|p2a: Garchomp|Steel
|move|p1a: Garchomp|Earthquake|p2b: Incineroar|[spread] p2a,p2b
|-supereffective|p2a: Garchomp
|-supereffective|p2b: Incineroar
|-damage|p2a: Garchomp|0 fnt
|-damage|p2b: Incineroar|0 fnt
|faint|p2a: Garchomp
|faint|p2b: Incineroar
|-damage|p1a: Garchomp|71/100|[from] item: Life Orb
|
|win|beeetch
|raw|beeetch's rating: 1341 → 1361(+20 for winning)
|raw|A Regu1ar Guy's rating: 1341 → 1321(-20 for losing)
|l|☆A Regu1ar Guy
|player|p2|
