|j|☆raylof
|j|☆practicesemijrlman
|html|raylofpracticesemijrlman    
|uhtml|bestof|Game 2 of a best-of-3
|t:|1757225253
|gametype|doubles
|player|p1|raylof|266|1276
|player|p2|practicesemijrlman|leon-tower|1210
|gen|9
|tier|[Gen 9] VGC 2025 Reg H (Bo3)
|rated|
|rule|Species Clause: Limit one of each Pokémon
|rule|Item Clause: Limit 1 of each item
|clearpoke
|poke|p1|Pelipper, L50, M|
|poke|p1|Archaludon, L50, M|
|poke|p1|Sinistcha, L50|
|poke|p1|Ursaluna, L50, F|
|poke|p1|Dragonite, L50, F|
|poke|p1|Incineroar, L50, M|
|poke|p2|Dondozo, L50, F|
|poke|p2|Tatsugiri, L50, F|
|poke|p2|Indeedee, L50, M|
|poke|p2|Garchomp, L50, M|
|poke|p2|Gholdengo, L50|
|poke|p2|Murkrow, L50, M|
|teampreview|4
|showteam|p1|Pelipper||FocusSash|Drizzle|MuddyWater,Hurricane,Protect,Tailwind|||M|||50|,,,,,Ghost]Archaludon||AssaultVest|Stamina|FlashCannon,BodyPress,ElectroShot,Snarl|||M|||50|,,,,,Fighting]Sinistcha||SitrusBerry|Hospitality|MatchaGotcha,LifeDew,RagePowder,TrickRoom||||||50|,,,,,Dark]Ursaluna||FlameOrb|Guts|Protect,Facade,HeadlongRush,Earthquake|||F|||50|,,,,,Ghost]Dragonite||LoadedDice|Multiscale|Protect,ScaleShot,Haze,Tailwind|||F|||50|,,,,,Fairy]Incineroar||SafetyGoggles|Intimidate|FlareBlitz,KnockOff,FakeOut,PartingShot|||M|||50|,,,,,Ghost
|showteam|p2|Dondozo||Leftovers|Unaware|OrderUp,Earthquake,WaveCrash,Protect|||F|||50|,,,,,Grass]Tatsugiri||FocusSash|Commander|DracoMeteor,MuddyWater,IcyWind,Protect|||F|||50|,,,,,Stellar]Indeedee||ChoiceScarf|PsychicSurge|ExpandingForce,Trick,AfterYou,HyperVoice|||M|||50|,,,,,Psychic]Garchomp||LifeOrb|RoughSkin|Earthquake,StompingTantrum,DragonClaw,Protect|||M|||50|,,,,,Ground]Gholdengo||ChoiceSpecs|GoodasGold|MakeItRain,ShadowBall,SteelBeam,Thunderbolt||||||50|,,,,,Steel]Murkrow||Eviolite|Prankster|FoulPlay,Tailwind,Quash,Haze|||M|||50|,,,,,Ghost
|inactive|Battle timer is ON: inactive players will automatically lose when time's up. (requested by practicesemijrlman)
|inactive|raylof has 60 seconds left.
|
|t:|1757225293
|teamsize|p1|4
|teamsize|p2|4
|start
|switch|p1a: Incineroar|Incineroar, L50, M|100/100
|switch|p1b: Archaludon|Archaludon, L50, M|100/100
|switch|p2a: Indeedee|Indeedee, L50, M|100/100
|switch|p2b: Gholdengo|Gholdengo, L50|100/100
|-fieldstart|move: Psychic Terrain|[from] ability: Psychic Surge|[of] p2a: Indeedee
|-ability|p1a: Incineroar|Intimidate|boost
|-unboost|p2a: Indeedee|atk|1
|-unboost|p2b: Gholdengo|atk|1
|turn|1
|inactive|raylof has 30 seconds left.
|
|t:|1757225325
|move|p2a: Indeedee|Trick|p1b: Archaludon
|-activate|p2a: Indeedee|move: Trick|[of] p1b: Archaludon
|-item|p1b: Archaludon|Choice Scarf|[from] move: Trick
|-item|p2a: Indeedee|Assault Vest|[from] move: Trick
|move|p1b: Archaludon|Snarl|p2a: Indeedee|[spread] p2a,p2b
|-supereffective|p2a: Indeedee
|-supereffective|p2b: Gholdengo
|-damage|p2a: Indeedee|80/100
|-damage|p2b: Gholdengo|75/100
|-unboost|p2a: Indeedee|spa|1
|-unboost|p2b: Gholdengo|spa|1
|move|p2b: Gholdengo|Shadow Ball|p1b: Archaludon
|-damage|p1b: Archaludon|55/100
|-ability|p1b: Archaludon|Stamina|boost
|-boost|p1b: Archaludon|def|1
|move|p1a: Incineroar|Knock Off|p2a: Indeedee
|-supereffective|p2a: Indeedee
|-damage|p2a: Indeedee|0 fnt
|-enditem|p2a: Indeedee|Assault Vest|[from] move: Knock Off|[of] p1a: Incineroar
|faint|p2a: Indeedee
|
|upkeep
|
|t:|1757225333
|switch|p2a: Dondozo|Dondozo, L50, F|100/100
|turn|2
|
|t:|1757225356
|switch|p2b: Tatsugiri|Tatsugiri, L50, F, shiny|100/100
|-activate|p2b: Tatsugiri|ability: Commander|[of] p2a: Dondozo
|-boost|p2a: Dondozo|atk|2
|-boost|p2a: Dondozo|spa|2
|-boost|p2a: Dondozo|spe|2
|-boost|p2a: Dondozo|def|2
|-boost|p2a: Dondozo|spd|2
|move|p1b: Archaludon|Snarl|p2b: Tatsugiri|[spread] p2a
|-miss|p1b: Archaludon|p2b: Tatsugiri
|-damage|p2a: Dondozo|95/100
|-unboost|p2a: Dondozo|spa|1
|move|p2a: Dondozo|Order Up|p1b: Archaludon
|-damage|p1b: Archaludon|24/100
|-ability|p1b: Archaludon|Stamina|boost
|-boost|p1b: Archaludon|def|1
|-boost|p2a: Dondozo|atk|1
|move|p1a: Incineroar|Parting Shot|p2a: Dondozo
|-unboost|p2a: Dondozo|atk|1
|-unboost|p2a: Dondozo|spa|1
|
|t:|1757225372
|switch|p1a: Dragonite|Dragonite, L50, F|100/100|[from] Parting Shot
|
|-heal|p2a: Dondozo|100/100|[from] item: Leftovers
|upkeep
|turn|3
|
|t:|1757225385
|switch|p1b: Incineroar|Incineroar, L50, M|100/100
|-ability|p1b: Incineroar|Intimidate|boost
|-unboost|p2a: Dondozo|atk|1
|-unboost|p2b: Tatsugiri|atk|1
|move|p2a: Dondozo|Order Up|p1a: Dragonite
|-supereffective|p1a: Dragonite
|-damage|p1a: Dragonite|67/100
|-boost|p2a: Dondozo|atk|1
|move|p1a: Dragonite|Haze|p1a: Dragonite
|-clearallboost
|
|upkeep
|turn|4
|inactive|raylof has 30 seconds left.
|
|t:|1757225411
|move|p1a: Dragonite|Protect|p1a: Dragonite
|-singleturn|p1a: Dragonite|Protect
|move|p1b: Incineroar|Parting Shot|p2a: Dondozo
|-unboost|p2a: Dondozo|atk|1
|-unboost|p2a: Dondozo|spa|1
|
|t:|1757225416
|switch|p1b: Sinistcha|Sinistcha, L50|100/100|[from] Parting Shot
|-heal|p1a: Dragonite|92/100|[from] ability: Hospitality|[of] p1b: Sinistcha
|move|p2a: Dondozo|Order Up|p1a: Dragonite
|-activate|p1a: Dragonite|move: Protect
|
|upkeep
|turn|5
|
|t:|1757225440
|-terastallize|p1a: Dragonite|Fairy
|move|p1a: Dragonite|Scale Shot|p2a: Dondozo
|-damage|p2a: Dondozo|91/100
|-damage|p2a: Dondozo|81/100
|-damage|p2a: Dondozo|72/100
|-damage|p2a: Dondozo|63/100
|-hitcount|p2a: Dondozo|4
|-unboost|p1a: Dragonite|def|1
|-boost|p1a: Dragonite|spe|1
|move|p1b: Sinistcha|Matcha Gotcha|p2a: Dondozo|[spread] p2a
|-miss|p1b: Sinistcha|p2b: Tatsugiri
|-supereffective|p2a: Dondozo
|-damage|p2a: Dondozo|21/100
|move|p2a: Dondozo|Order Up|p1a: Dragonite
|-immune|p1a: Dragonite
|
|-heal|p2a: Dondozo|27/100|[from] item: Leftovers
|-fieldend|move: Psychic Terrain
|upkeep
|turn|6
|
|t:|1757225463
|switch|p1b: Incineroar|Incineroar, L50, M|100/100
|-ability|p1b: Incineroar|Intimidate|boost
|-unboost|p2a: Dondozo|atk|1
|-unboost|p2b: Tatsugiri|atk|1
|move|p1a: Dragonite|Scale Shot|p2a: Dondozo
|-damage|p2a: Dondozo|18/100
|-damage|p2a: Dondozo|9/100
|-damage|p2a: Dondozo|0 fnt
|faint|p2a: Dondozo
|-hitcount|p2: Dondozo|3
|-unboost|p1a: Dragonite|def|1
|-boost|p1a: Dragonite|spe|1
|
|upkeep
|inactive|practicesemijrlman has 30 seconds left.
|
|t:|1757225488
|switch|p2a: Gholdengo|Gholdengo, L50|75/100
|turn|7
|
|t:|1757225495
|-terastallize|p2a: Gholdengo|Steel
|move|p1a: Dragonite|Tailwind|p1a: Dragonite
|-sidestart|p1: raylof|move: Tailwind
|move|p1b: Incineroar|Flare Blitz|p2a: Gholdengo
|-supereffective|p2a: Gholdengo
|-damage|p2a: Gholdengo|0 fnt
|faint|p2a: Gholdengo
|-damage|p1b: Incineroar|81/100|[from] Recoil
|move|p2b: Tatsugiri|Muddy Water|p1b: Incineroar|[spread] p1b
|-miss|p2b: Tatsugiri|p1a: Dragonite
|-supereffective|p1b: Incineroar
|-crit|p1b: Incineroar
|-damage|p1b: Incineroar|0 fnt
|faint|p1b: Incineroar
|
|upkeep
|
|t:|1757225508
|switch|p1b: Archaludon|Archaludon, L50, M|24/100
|turn|8
|
|t:|1757225514
|move|p1a: Dragonite|Scale Shot|p2b: Tatsugiri
|-supereffective|p2b: Tatsugiri
|-damage|p2b: Tatsugiri|46/100
|-supereffective|p2b: Tatsugiri
|-damage|p2b: Tatsugiri|0 fnt
|faint|p2b: Tatsugiri
|-hitcount|p2: Tatsugiri|2
|
|win|raylof
|raw|raylof's rating: 1276 → 1296(+20 for winning)
|raw|practicesemijrlman's rating: 1210 → 1190(-20 for losing)
|l|☆practicesemijrlman
|player|p2|
