|j|☆MrPhoenixGC
|j|☆redx50
|html|MrPhoenixGCredx50    
|uhtml|bestof|Game 1 of a best-of-3
|t:|1757221599
|gametype|doubles
|player|p1|MrPhoenixGC|steven|1152
|player|p2|redx50|red|1238
|gen|9
|tier|[Gen 9] VGC 2025 Reg H (Bo3)
|rated|
|rule|Species Clause: Limit one of each Pokémon
|rule|Item Clause: Limit 1 of each item
|clearpoke
|poke|p1|Gholdengo, L50|
|poke|p1|Pelipper, L50, M|
|poke|p1|Archaludon, L50, M|
|poke|p1|Ursaluna, L50, F|
|poke|p1|Dragonite, L50, M|
|poke|p1|Sinistcha, L50|
|poke|p2|Charizard, L50, F|
|poke|p2|Torkoal, L50, M|
|poke|p2|Porygon2, L50|
|poke|p2|Incineroar, L50, F|
|poke|p2|Jumpluff, L50, F|
|poke|p2|Ursaluna, L50, M|
|teampreview|4
|showteam|p1|Gholdengo||ChoiceSpecs|GoodasGold|MakeItRain,ShadowBall,Trick,Protect||||||50|,,,,,Water]Pelipper||FocusSash|Drizzle|Protect,MuddyWater,Hurricane,WideGuard|||M|||50|,,,,,Ghost]Archaludon||AssaultVest|Stamina|BodyPress,Snarl,ElectroShot,FlashCannon|||M|||50|,,,,,Bug]Ursaluna||FlameOrb|Guts|Protect,Facade,Earthquake,HeadlongRush|||F|||50|,,,,,Ghost]Dragonite||LoadedDice|Multiscale|ScaleShot,Haze,Tailwind,HelpingHand|||M|||50|,,,,,Fairy]Sinistcha||SitrusBerry|Hospitality|TrickRoom,MatchaGotcha,LifeDew,RagePowder||||||50|,,,,,Dark
|showteam|p2|Charizard||ChoiceSpecs|SolarPower|HeatWave,Overheat,WeatherBall,AirSlash|||F|||50|,,,,,Ghost]Torkoal||EjectPack|Drought|Eruption,Overheat,HelpingHand,Protect|||M|||50|,,,,,Fire]Porygon2||Eviolite|Download|IceBeam,TeraBlast,TrickRoom,Recover||||||50|,,,,,Fighting]Incineroar||SitrusBerry|Intimidate|FlareBlitz,KnockOff,FakeOut,PartingShot|||F|||50|,,,,,Ghost]Jumpluff||CovertCloak|Chlorophyll|SleepPowder,SunnyDay,RagePowder,Tailwind|||F|||50|,,,,,Water]Ursaluna||FlameOrb|Guts|HeadlongRush,Facade,Earthquake,Protect|||M|||50|,,,,,Ghost
|inactive|Battle timer is ON: inactive players will automatically lose when time's up. (requested by redx50)
|inactive|redx50 has 60 seconds left.
|
|t:|1757221653
|teamsize|p1|4
|teamsize|p2|4
|start
|switch|p1a: Gholdengo|Gholdengo, L50|100/100
|switch|p1b: Dragonite|Dragonite, L50, M|100/100
|switch|p2a: Jumpluff|Jumpluff, L50, F|100/100
|switch|p2b: Charizard|Charizard, L50, F|100/100
|turn|1
|inactive|MrPhoenixGC has 30 seconds left.
|
|t:|1757221680
|move|p1b: Dragonite|Helping Hand|p1a: Gholdengo
|-immune|p1a: Gholdengo|[from] ability: Good as Gold
|move|p2a: Jumpluff|Sunny Day|p2a: Jumpluff
|-weather|SunnyDay
|move|p2b: Charizard|Heat Wave|p1b: Dragonite|[spread] p1a,p1b
|-supereffective|p1a: Gholdengo
|-resisted|p1b: Dragonite
|-damage|p1a: Gholdengo|0 fnt
|-damage|p1b: Dragonite|71/100
|faint|p1a: Gholdengo
|
|-weather|SunnyDay|[upkeep]
|-damage|p2b: Charizard|88/100|[from] ability: Solar Power|[of] p2b: Charizard
|upkeep
|inactive|MrPhoenixGC has 30 seconds left.
|inactive|MrPhoenixGC has 20 seconds left.
|inactive|MrPhoenixGC has 15 seconds left.
|inactive|MrPhoenixGC has 10 seconds left.
|inactive|MrPhoenixGC has 5 seconds left.
|
|t:|1757221735
|switch|p1a: Pelipper|Pelipper, L50, M|100/100
|-weather|RainDance|[from] ability: Drizzle|[of] p1a: Pelipper
|turn|2
|inactive|MrPhoenixGC has 30 seconds left.
|
|t:|1757221769
|switch|p2b: Incineroar|Incineroar, L50, F|100/100
|-ability|p2b: Incineroar|Intimidate|boost
|-unboost|p1a: Pelipper|atk|1
|-unboost|p1b: Dragonite|atk|1
|move|p1b: Dragonite|Helping Hand|p1a: Pelipper
|-singleturn|p1a: Pelipper|Helping Hand|[of] p1b: Dragonite
|move|p2a: Jumpluff|Tailwind|p2a: Jumpluff
|-sidestart|p2: redx50|move: Tailwind
|move|p1a: Pelipper|Muddy Water|p2b: Incineroar|[spread] p2a,p2b
|-resisted|p2a: Jumpluff
|-supereffective|p2b: Incineroar
|-crit|p2b: Incineroar
|-damage|p2a: Jumpluff|64/100
|-damage|p2b: Incineroar|0 fnt
|faint|p2b: Incineroar
|
|-weather|RainDance|[upkeep]
|upkeep
|
|t:|1757221780
|switch|p2b: Charizard|Charizard, L50, F|88/100
|turn|3
|inactive|MrPhoenixGC has 30 seconds left.
|
|t:|1757221807
|move|p1b: Dragonite|Helping Hand|p1a: Pelipper
|-singleturn|p1a: Pelipper|Helping Hand|[of] p1b: Dragonite
|move|p2a: Jumpluff|Sunny Day|p2a: Jumpluff
|-weather|SunnyDay
|move|p2b: Charizard|Air Slash|p1b: Dragonite
|-damage|p1b: Dragonite|0 fnt
|faint|p1b: Dragonite
|move|p1a: Pelipper|Muddy Water|p2b: Charizard|[spread] p2b
|-miss|p1a: Pelipper|p2a: Jumpluff
|-supereffective|p2b: Charizard
|-damage|p2b: Charizard|24/100
|-unboost|p2b: Charizard|accuracy|1
|
|-weather|SunnyDay|[upkeep]
|-damage|p2b: Charizard|12/100|[from] ability: Solar Power|[of] p2b: Charizard
|upkeep
|
|t:|1757221820
|switch|p1b: Sinistcha|Sinistcha, L50|100/100
|turn|4
|
|t:|1757221842
|move|p1b: Sinistcha|Rage Powder|p1b: Sinistcha
|-singleturn|p1b: Sinistcha|move: Rage Powder
|move|p2a: Jumpluff|Sleep Powder|p1a: Pelipper
|-status|p1a: Pelipper|slp|[from] move: Sleep Powder
|move|p2b: Charizard|Air Slash|p1b: Sinistcha|[miss]
|-miss|p2b: Charizard|p1b: Sinistcha
|cant|p1a: Pelipper|slp
|
|-weather|SunnyDay|[upkeep]
|-damage|p2b: Charizard|0 fnt|[from] ability: Solar Power|[of] p2b: Charizard
|faint|p2b: Charizard
|upkeep
|
|t:|1757221845
|switch|p2b: Ursaluna|Ursaluna, L50, M|100/100
|turn|5
|inactive|redx50 has 30 seconds left.
|
|t:|1757221874
|-terastallize|p2b: Ursaluna|Ghost
|move|p2a: Jumpluff|Rage Powder|p2a: Jumpluff
|-singleturn|p2a: Jumpluff|move: Rage Powder
|move|p2b: Ursaluna|Headlong Rush|p1b: Sinistcha
|-resisted|p1b: Sinistcha
|-damage|p1b: Sinistcha|67/100
|-unboost|p2b: Ursaluna|def|1
|-unboost|p2b: Ursaluna|spd|1
|-curestatus|p1a: Pelipper|slp|[msg]
|move|p1a: Pelipper|Muddy Water|p2a: Jumpluff|[spread] p2a,p2b
|-resisted|p2a: Jumpluff
|-damage|p2a: Jumpluff|56/100
|-damage|p2b: Ursaluna|79/100
|move|p1b: Sinistcha|Matcha Gotcha|p2a: Jumpluff|[spread] 
|-miss|p1b: Sinistcha|p2a: Jumpluff
|-miss|p1b: Sinistcha|p2b: Ursaluna
|
|-weather|SunnyDay|[upkeep]
|-sideend|p2: redx50|move: Tailwind
|-status|p2b: Ursaluna|brn|[from] item: Flame Orb
|upkeep
|turn|6
|inactive|MrPhoenixGC has 30 seconds left.
|
|t:|1757221902
|move|p1a: Pelipper|Protect|p1a: Pelipper
|-singleturn|p1a: Pelipper|Protect
|move|p2a: Jumpluff|Sleep Powder|p1a: Pelipper
|-activate|p1a: Pelipper|move: Protect
|move|p1b: Sinistcha|Matcha Gotcha|p2a: Jumpluff|[spread] p2a
|-miss|p1b: Sinistcha|p2b: Ursaluna
|-resisted|p2a: Jumpluff
|-damage|p2a: Jumpluff|49/100
|-heal|p1b: Sinistcha|70/100|[from] drain|[of] p2a: Jumpluff
|move|p2b: Ursaluna|Headlong Rush|p1b: Sinistcha
|-resisted|p1b: Sinistcha
|-damage|p1b: Sinistcha|22/100
|-unboost|p2b: Ursaluna|def|1
|-unboost|p2b: Ursaluna|spd|1
|-enditem|p1b: Sinistcha|Sitrus Berry|[eat]
|-heal|p1b: Sinistcha|47/100|[from] item: Sitrus Berry
|
|-weather|SunnyDay|[upkeep]
|-damage|p2b: Ursaluna|73/100 brn|[from] brn
|upkeep
|turn|7
|
|t:|1757221926
|move|p1a: Pelipper|Protect||[still]
|-fail|p1a: Pelipper
|move|p2a: Jumpluff|Sleep Powder|p1a: Pelipper|[miss]
|-miss|p2a: Jumpluff|p1a: Pelipper
|move|p1b: Sinistcha|Matcha Gotcha|p2a: Jumpluff|[spread] p2a,p2b
|-resisted|p2a: Jumpluff
|-damage|p2a: Jumpluff|42/100
|-heal|p1b: Sinistcha|50/100|[from] drain|[of] p2a: Jumpluff
|-damage|p2b: Ursaluna|28/100 brn
|-heal|p1b: Sinistcha|78/100|[from] drain|[of] p2b: Ursaluna
|move|p2b: Ursaluna|Headlong Rush|p1b: Sinistcha
|-resisted|p1b: Sinistcha
|-damage|p1b: Sinistcha|26/100
|-unboost|p2b: Ursaluna|def|1
|-unboost|p2b: Ursaluna|spd|1
|
|-weather|none
|-damage|p2b: Ursaluna|22/100 brn|[from] brn
|upkeep
|turn|8
|
|t:|1757221947
|move|p1a: Pelipper|Protect|p1a: Pelipper
|-singleturn|p1a: Pelipper|Protect
|move|p2b: Ursaluna|Protect|p2b: Ursaluna
|-singleturn|p2b: Ursaluna|Protect
|move|p2a: Jumpluff|Tailwind|p2a: Jumpluff
|-sidestart|p2: redx50|move: Tailwind
|move|p1b: Sinistcha|Matcha Gotcha|p2a: Jumpluff|[spread] p2a
|-activate|p2b: Ursaluna|move: Protect
|-resisted|p2a: Jumpluff
|-damage|p2a: Jumpluff|35/100
|-heal|p1b: Sinistcha|30/100|[from] drain|[of] p2a: Jumpluff
|
|-damage|p2b: Ursaluna|17/100 brn|[from] brn
|upkeep
|turn|9
|
|t:|1757221963
|move|p1a: Pelipper|Protect||[still]
|-fail|p1a: Pelipper
|move|p2a: Jumpluff|Sleep Powder|p1a: Pelipper
|-status|p1a: Pelipper|slp|[from] move: Sleep Powder
|move|p2b: Ursaluna|Headlong Rush|p1b: Sinistcha
|-resisted|p1b: Sinistcha
|-damage|p1b: Sinistcha|0 fnt
|-unboost|p2b: Ursaluna|def|1
|-unboost|p2b: Ursaluna|spd|1
|faint|p1b: Sinistcha
|
|-damage|p2b: Ursaluna|11/100 brn|[from] brn
|upkeep
|turn|10
|
|t:|1757221975
|cant|p1a: Pelipper|slp
|move|p2a: Jumpluff|Sunny Day|p2a: Jumpluff
|-weather|SunnyDay
|move|p2b: Ursaluna|Facade|p1a: Pelipper
|-enditem|p1a: Pelipper|Focus Sash
|-damage|p1a: Pelipper|1/100 slp
|
|-weather|SunnyDay|[upkeep]
|-damage|p2b: Ursaluna|5/100 brn|[from] brn
|upkeep
|turn|11
|
|t:|1757221984
|cant|p1a: Pelipper|slp
|move|p2a: Jumpluff|Rage Powder|p2a: Jumpluff
|-singleturn|p2a: Jumpluff|move: Rage Powder
|move|p2b: Ursaluna|Facade|p1a: Pelipper
|-damage|p1a: Pelipper|0 fnt
|faint|p1a: Pelipper
|
|win|redx50
||redx50 is ready for game 2.
|l|☆MrPhoenixGC
|player|p1|
|inactive|MrPhoenixGC has 30 seconds to confirm battle start!
|j|☆MrPhoenixGC
|player|p1|MrPhoenixGC|steven|
