|j|☆ParroTiest
|j|☆Dysarster
|html|ParroTiestDysarster    
|uhtml|bestof|Game 3 of a best-of-3
|t:|1756322345
|gametype|doubles
|player|p1|ParroTiest|265|1143
|player|p2|Dysarster|swimmer-gen4dp|1085
|gen|9
|tier|[Gen 9] VGC 2025 Reg H (Bo3)
|rated|
|rule|Species Clause: Limit one of each Pokémon
|rule|Item Clause: Limit 1 of each item
|clearpoke
|poke|p1|Grimmsnarl, L50, M|
|poke|p1|Ursaluna-Bloodmoon, L50, M|
|poke|p1|Farigiraf, L50, F|
|poke|p1|Gholdengo, L50|
|poke|p1|Rillaboom, L50, M|
|poke|p1|Volcarona, L50, M|
|poke|p2|Glaceon, L50, F|
|poke|p2|Ninetales-Alola, L50, F|
|poke|p2|Arcanine-Hisui, L50, M|
|poke|p2|Hydreigon, L50, M|
|poke|p2|Palafin, L50, M|
|poke|p2|Mienshao, L50, F|
|teampreview|4
|showteam|p1|Grimmsnarl||LightClay|Prankster|Reflect,LightScreen,SpiritBreak,Taunt|||M|||50|,,,,,Ghost]Ursaluna-Bloodmoon||LifeOrb|MindsEye|BloodMoon,HyperVoice,EarthPower,Protect|||M|||50|,,,,,Normal]Farigiraf||ThroatSpray|ArmorTail|HyperVoice,Psychic,TrickRoom,Protect|||F|||50|,,,,,Fairy]Gholdengo||ChoiceSpecs|GoodasGold|MakeItRain,ShadowBall,PowerGem,Trick||||||50|,,,,,Water]Rillaboom||AssaultVest|GrassySurge|FakeOut,WoodHammer,GrassyGlide,Uturn|||M|||50|,,,,,Fire]Volcarona||Leftovers|FlameBody|QuiverDance,HeatWave,GigaDrain,Protect|||M|||50|,,,,,Grass
|showteam|p2|Glaceon||LifeOrb|SnowCloak|FreezeDry,Blizzard,WeatherBall,Protect|||F|||50|,,,,,Ice]Ninetales-Alola||LightClay|SnowWarning|AuroraVeil,IcyWind,Moonblast,HelpingHand|||F|||50|,,,,,Ghost]Arcanine-Hisui||SafetyGoggles|Intimidate|FlareBlitz,RockSlide,ExtremeSpeed,Protect|||M|||50|,,,,,Ghost]Hydreigon||CovertCloak|Levitate|DracoMeteor,Snarl,Tailwind,Protect|||M|||50|,,,,,Steel]Palafin||MysticWater|ZerotoHero|JetPunch,WaveCrash,CloseCombat,Haze|||M|||50|,,,,,Grass]Mienshao||FocusSash|InnerFocus|FakeOut,KnockOff,CloseCombat,WideGuard|||F|||50|,,,,,Fighting
|inactive|Battle timer is ON: inactive players will automatically lose when time's up. (requested by ParroTiest)
|inactive|Dysarster also wants the timer to be on.
|
|t:|1756322368
|teamsize|p1|4
|teamsize|p2|4
|start
|switch|p1a: instakill button|Ursaluna-Bloodmoon, L50, M|100/100
|switch|p1b: setup kill button|Volcarona, L50, M|100/100
|switch|p2a: Ninetales|Ninetales-Alola, L50, F|100/100
|switch|p2b: Arcanine|Arcanine-Hisui, L50, M|100/100
|-weather|Snowscape|[from] ability: Snow Warning|[of] p2a: Ninetales
|-ability|p2b: Arcanine|Intimidate|boost
|-unboost|p1a: instakill button|atk|1
|-unboost|p1b: setup kill button|atk|1
|turn|1
|
|t:|1756322382
|move|p1b: setup kill button|Protect|p1b: setup kill button
|-singleturn|p1b: setup kill button|Protect
|move|p2a: Ninetales|Aurora Veil|p2a: Ninetales
|-sidestart|p2: Dysarster|move: Aurora Veil
|move|p2b: Arcanine|Rock Slide|p1b: setup kill button|[spread] p1a
|-activate|p1b: setup kill button|move: Protect
|-resisted|p1a: instakill button
|-damage|p1a: instakill button|90/100
|move|p1a: instakill button|Earth Power|p2b: Arcanine
|-supereffective|p2b: Arcanine
|-damage|p2b: Arcanine|0 fnt
|faint|p2b: Arcanine
|-damage|p1a: instakill button|80/100|[from] item: Life Orb
|
|-weather|Snowscape|[upkeep]
|upkeep
|
|t:|1756322400
|switch|p2b: Glaceon|Glaceon, L50, F|100/100
|turn|2
|
|t:|1756322416
|switch|p2a: Mienshao|Mienshao, L50, F|100/100
|-terastallize|p2b: Glaceon|Ice
|-terastallize|p1a: instakill button|Normal
|move|p1b: setup kill button|Quiver Dance|p1b: setup kill button
|-boost|p1b: setup kill button|spa|1
|-boost|p1b: setup kill button|spd|1
|-boost|p1b: setup kill button|spe|1
|move|p2b: Glaceon|Blizzard|p1a: instakill button|[spread] p1a,p1b
|-resisted|p1b: setup kill button
|-damage|p1a: instakill button|0 fnt
|-damage|p1b: setup kill button|75/100
|faint|p1a: instakill button
|-damage|p2b: Glaceon|91/100|[from] item: Life Orb
|
|-weather|Snowscape|[upkeep]
|-heal|p1b: setup kill button|81/100|[from] item: Leftovers
|upkeep
|
|t:|1756322435
|switch|p1a: monke|Rillaboom, L50, M|100/100
|-fieldstart|move: Grassy Terrain|[from] ability: Grassy Surge|[of] p1a: monke
|turn|3
|
|t:|1756322451
|move|p2a: Mienshao|Fake Out|p1b: setup kill button
|-damage|p1b: setup kill button|60/100
|-status|p2a: Mienshao|brn|[from] ability: Flame Body|[of] p1b: setup kill button
|move|p1a: monke|Fake Out|p2b: Glaceon
|-damage|p2b: Glaceon|85/100
|cant|p1b: setup kill button|flinch
|cant|p2b: Glaceon|flinch
|
|-weather|Snowscape|[upkeep]
|-heal|p1b: setup kill button|66/100|[from] Grassy Terrain
|-heal|p1b: setup kill button|72/100|[from] item: Leftovers
|-heal|p2b: Glaceon|91/100|[from] Grassy Terrain
|-damage|p2a: Mienshao|95/100 brn|[from] brn
|upkeep
|turn|4
|
|t:|1756322473
|switch|p1a: no fake out|Farigiraf, L50, F|100/100
|move|p2a: Mienshao|Wide Guard|p2a: Mienshao
|-singleturn|p2a: Mienshao|Wide Guard
|move|p1b: setup kill button|Heat Wave|p2a: Mienshao|[spread] 
|-activate|p2a: Mienshao|move: Wide Guard
|-activate|p2b: Glaceon|move: Wide Guard
|move|p2b: Glaceon|Blizzard|p1b: setup kill button|[spread] p1a,p1b
|-resisted|p1b: setup kill button
|-damage|p1a: no fake out|34/100
|-damage|p1b: setup kill button|46/100
|-damage|p2b: Glaceon|81/100|[from] item: Life Orb
|
|-weather|Snowscape|[upkeep]
|-heal|p1b: setup kill button|52/100|[from] Grassy Terrain
|-heal|p1b: setup kill button|58/100|[from] item: Leftovers
|-heal|p2a: Mienshao|100/100 brn|[from] Grassy Terrain
|-heal|p2b: Glaceon|87/100|[from] Grassy Terrain
|-heal|p1a: no fake out|40/100|[from] Grassy Terrain
|-damage|p2a: Mienshao|95/100 brn|[from] brn
|upkeep
|turn|5
|
|t:|1756322492
|move|p1a: no fake out|Protect|p1a: no fake out
|-singleturn|p1a: no fake out|Protect
|move|p2a: Mienshao|Wide Guard|p2a: Mienshao
|-singleturn|p2a: Mienshao|Wide Guard
|move|p1b: setup kill button|Giga Drain|p2a: Mienshao
|-damage|p2a: Mienshao|28/100 brn
|-heal|p1b: setup kill button|86/100|[from] drain|[of] p2a: Mienshao
|move|p2b: Glaceon|Blizzard|p1b: setup kill button|[spread] p1b
|-activate|p1a: no fake out|move: Protect
|-resisted|p1b: setup kill button
|-damage|p1b: setup kill button|61/100
|-damage|p2b: Glaceon|77/100|[from] item: Life Orb
|
|-weather|none
|-heal|p1b: setup kill button|67/100|[from] Grassy Terrain
|-heal|p1b: setup kill button|73/100|[from] item: Leftovers
|-heal|p2a: Mienshao|34/100 brn|[from] Grassy Terrain
|-heal|p2b: Glaceon|82/100|[from] Grassy Terrain
|-heal|p1a: no fake out|46/100|[from] Grassy Terrain
|-damage|p2a: Mienshao|28/100 brn|[from] brn
|upkeep
|turn|6
|
|t:|1756322514
|switch|p2a: Ninetales|Ninetales-Alola, L50, F|100/100
|-weather|Snowscape|[from] ability: Snow Warning|[of] p2a: Ninetales
|move|p1b: setup kill button|Heat Wave|p2a: Ninetales|[spread] p2a,p2b
|-supereffective|p2a: Ninetales
|-supereffective|p2b: Glaceon
|-damage|p2a: Ninetales|9/100
|-damage|p2b: Glaceon|13/100
|move|p2b: Glaceon|Blizzard|p1b: setup kill button|[spread] p1a,p1b
|-resisted|p1b: setup kill button
|-crit|p1b: setup kill button
|-damage|p1a: no fake out|0 fnt
|-damage|p1b: setup kill button|12/100
|faint|p1a: no fake out
|-damage|p2b: Glaceon|3/100|[from] item: Life Orb
|
|-weather|Snowscape|[upkeep]
|-heal|p1b: setup kill button|18/100|[from] Grassy Terrain
|-heal|p1b: setup kill button|24/100|[from] item: Leftovers
|-heal|p2a: Ninetales|15/100|[from] Grassy Terrain
|-heal|p2b: Glaceon|9/100|[from] Grassy Terrain
|upkeep
|
|t:|1756322521
|switch|p1a: monke|Rillaboom, L50, M|100/100
|turn|7
|
|t:|1756322536
|move|p2b: Glaceon|Protect|p2b: Glaceon
|-singleturn|p2b: Glaceon|Protect
|move|p1a: monke|Grassy Glide|p2b: Glaceon
|-activate|p2b: Glaceon|move: Protect
|move|p1b: setup kill button|Giga Drain|p2a: Ninetales
|-damage|p2a: Ninetales|0 fnt
|-heal|p1b: setup kill button|30/100|[from] drain|[of] p2a: Ninetales
|faint|p2a: Ninetales
|
|-weather|Snowscape|[upkeep]
|-heal|p1b: setup kill button|36/100|[from] Grassy Terrain
|-heal|p1b: setup kill button|42/100|[from] item: Leftovers
|-heal|p2b: Glaceon|14/100|[from] Grassy Terrain
|-fieldend|move: Grassy Terrain
|upkeep
|
|t:|1756322550
|switch|p2a: Mienshao|Mienshao, L50, F|28/100 brn
|turn|8
|inactive|Dysarster has 30 seconds left.
|
|t:|1756322579
|move|p1b: setup kill button|Protect|p1b: setup kill button
|-singleturn|p1b: setup kill button|Protect
|move|p2a: Mienshao|Fake Out|p1b: setup kill button
|-activate|p1b: setup kill button|move: Protect
|move|p1a: monke|Wood Hammer|p2b: Glaceon
|-damage|p2b: Glaceon|0 fnt
|faint|p2b: Glaceon
|-damage|p1a: monke|97/100|[from] Recoil
|
|-weather|Snowscape|[upkeep]
|-heal|p1b: setup kill button|48/100|[from] item: Leftovers
|-damage|p2a: Mienshao|22/100 brn|[from] brn
|-sideend|p2: Dysarster|move: Aurora Veil
|upkeep
|turn|9
|
|t:|1756322594
|move|p1b: setup kill button|Giga Drain|p2a: Mienshao
|-damage|p2a: Mienshao|0 fnt
|-heal|p1b: setup kill button|57/100|[from] drain|[of] p2a: Mienshao
|faint|p2a: Mienshao
|
|win|ParroTiest
|raw|ParroTiest's rating: 1143 → 1164(+21 for winning)
|raw|Dysarster's rating: 1085 → 1066(-19 for losing)
