|j|☆t8mcrae
|j|‽Regilover2015
|html|t8mcraeRegilover2015    
|uhtml|bestof|Game 2 of a best-of-3
|t:|1757722781
|gametype|doubles
|player|p1|t8mcrae|265|1220
|player|p2|Regilover2015|hilbert|1235
|gen|9
|tier|[Gen 9] VGC 2025 Reg H (Bo3)
|rated|
|rule|Species Clause: Limit one of each Pokémon
|rule|Item Clause: Limit 1 of each item
|clearpoke
|poke|p1|Annihilape, L50, F|
|poke|p1|Maushold-Four, L50|
|poke|p1|Talonflame, L50, M|
|poke|p1|Ursaluna-Bloodmoon, L50, M|
|poke|p1|Farigiraf, L50, M|
|poke|p1|Gholdengo, L50|
|poke|p2|Whimsicott, L50, F|
|poke|p2|Annihilape, L50, F|
|poke|p2|Incineroar, L50, F|
|poke|p2|Rillaboom, L50, M|
|poke|p2|Ursaluna-Bloodmoon, L50, M|
|poke|p2|Dragonite, L50, M|
|teampreview|4
|showteam|p1|Annihilape||SafetyGoggles|Defiant|DrainPunch,RageFist,BulkUp,Protect|||F|||50|,,,,,Fire]Maushold-Four||FocusSash|FriendGuard|AfterYou,BeatUp,FollowMe,Protect||||||50|,,,,,Ghost]Talonflame||SharpBeak|GaleWings|DualWingbeat,FlareBlitz,Tailwind,Protect|||M|||50|,,,,,Ghost]Ursaluna-Bloodmoon||LifeOrb|MindsEye|HyperVoice,BloodMoon,EarthPower,Protect|||M|||50|,,,,,Normal]Farigiraf||ThroatSpray|ArmorTail|HyperVoice,PsychicNoise,TrickRoom,HelpingHand|||M|||50|,,,,,Fairy]Gholdengo||MetalCoat|GoodasGold|MakeItRain,ShadowBall,NastyPlot,Protect||||||50|,,,,,Water
|showteam|p2|Whimsicott||CovertCloak|Prankster|BeatUp,Moonblast,Tailwind,Encore|||F|||50|,,,,,Ghost]Annihilape||SafetyGoggles|Defiant|RageFist,CloseCombat,FinalGambit,Taunt|||F|||50|,,,,,Water]Incineroar||SitrusBerry|Intimidate|FakeOut,KnockOff,FlareBlitz,PartingShot|||F|||50|,,,,,Ghost]Rillaboom||AssaultVest|GrassySurge|FakeOut,GrassyGlide,WoodHammer,HighHorsepower|||M|||50|,,,,,Grass]Ursaluna-Bloodmoon||LifeOrb|MindsEye|HyperVoice,BloodMoon,EarthPower,Protect|||M|||50|,,,,,Fairy]Dragonite||LoadedDice|Multiscale|ScaleShot,Tailwind,Haze,Protect|||M|||50|,,,,,Fairy
|
|t:|1757722804
|teamsize|p1|4
|teamsize|p2|4
|start
|switch|p1a: Farigiraf|Farigiraf, L50, M|100/100
|switch|p1b: Maushold|Maushold-Four, L50|100/100
|switch|p2a: Whimsicott|Whimsicott, L50, F|100/100
|switch|p2b: Dragonite|Dragonite, L50, M|100/100
|turn|1
|inactive|Battle timer is ON: inactive players will automatically lose when time's up. (requested by t8mcrae)
|inactive|Regilover2015 has 60 seconds left.
|
|t:|1757722865
|switch|p2a: Annihilape|Annihilape, L50, F|100/100
|-terastallize|p1a: Farigiraf|Fairy
|move|p1b: Maushold|Protect|p1b: Maushold
|-singleturn|p1b: Maushold|Protect
|move|p2b: Dragonite|Scale Shot|p1a: Farigiraf
|-immune|p1a: Farigiraf
|move|p1a: Farigiraf|Hyper Voice|p2b: Dragonite|[spread] p2b
|-immune|p2a: Annihilape
|-damage|p2b: Dragonite|82/100
|-enditem|p1a: Farigiraf|Throat Spray
|-boost|p1a: Farigiraf|spa|1|[from] item: Throat Spray
|
|upkeep
|turn|2
|inactive|t8mcrae has 30 seconds left.
|
|t:|1757722892
|switch|p2b: Ursaluna|Ursaluna-Bloodmoon, L50, M|100/100
|move|p1b: Maushold|After You|p1a: Farigiraf
|-activate|p1a: Farigiraf|move: After You
|move|p1a: Farigiraf|Psychic Noise|p2a: Annihilape
|-supereffective|p2a: Annihilape
|-damage|p2a: Annihilape|0 fnt
|faint|p2a: Annihilape
|
|upkeep
|
|t:|1757722907
|switch|p2a: Whimsicott|Whimsicott, L50, F|100/100
|turn|3
|j| timmytheglueeater
|inactive|t8mcrae has 30 seconds left.
|
|t:|1757722939
|move|p1b: Maushold|Follow Me|p1b: Maushold
|-singleturn|p1b: Maushold|move: Follow Me
|move|p2a: Whimsicott|Moonblast|p1b: Maushold
|-damage|p1b: Maushold|61/100
|move|p2b: Ursaluna|Hyper Voice|p1b: Maushold|[spread] p1a,p1b
|-crit|p1a: Farigiraf
|-damage|p1a: Farigiraf|52/100
|-damage|p1b: Maushold|7/100
|-damage|p2b: Ursaluna|91/100|[from] item: Life Orb
|move|p1a: Farigiraf|Trick Room|p1a: Farigiraf
|-fieldstart|move: Trick Room|[of] p1a: Farigiraf
|
|upkeep
|turn|4
|inactive|Regilover2015 has 30 seconds left.
|
|t:|1757722973
|move|p1b: Maushold|Protect|p1b: Maushold
|-singleturn|p1b: Maushold|Protect
|move|p1a: Farigiraf|Psychic Noise|p2b: Ursaluna
|-damage|p2b: Ursaluna|16/100
|-start|p2b: Ursaluna|move: Heal Block
|move|p2b: Ursaluna|Hyper Voice|p1b: Maushold|[spread] p1a
|-activate|p1b: Maushold|move: Protect
|-damage|p1a: Farigiraf|23/100
|-damage|p2b: Ursaluna|7/100|[from] item: Life Orb
|move|p2a: Whimsicott|Moonblast|p1a: Farigiraf
|-damage|p1a: Farigiraf|1/100
|
|upkeep
|turn|5
|
|t:|1757722988
|move|p2b: Ursaluna|Protect|p2b: Ursaluna
|-singleturn|p2b: Ursaluna|Protect
|move|p1b: Maushold|Follow Me|p1b: Maushold
|-singleturn|p1b: Maushold|move: Follow Me
|move|p1a: Farigiraf|Hyper Voice|p2b: Ursaluna|[spread] p2a
|-activate|p2b: Ursaluna|move: Protect
|-damage|p2a: Whimsicott|31/100
|move|p2a: Whimsicott|Moonblast|p1b: Maushold
|-damage|p1b: Maushold|0 fnt
|faint|p1b: Maushold
|
|-end|p2b: Ursaluna|move: Heal Block
|upkeep
|
|t:|1757722999
|switch|p1b: Ursaluna|Ursaluna-Bloodmoon, L50, M|100/100
|turn|6
|
|t:|1757723012
|switch|p2b: Dragonite|Dragonite, L50, M|82/100
|move|p1a: Farigiraf|Hyper Voice|p2b: Dragonite|[spread] p2a,p2b
|-damage|p2a: Whimsicott|0 fnt
|-damage|p2b: Dragonite|33/100
|faint|p2a: Whimsicott
|move|p1b: Ursaluna|Hyper Voice|p2b: Dragonite
|-damage|p2b: Dragonite|0 fnt
|faint|p2b: Dragonite
|-damage|p1b: Ursaluna|91/100|[from] item: Life Orb
|
|upkeep
|
|t:|1757723018
|switch|p2b: Ursaluna|Ursaluna-Bloodmoon, L50, M|7/100
|turn|7
|
|t:|1757723027
|move|p2b: Ursaluna|Protect|p2b: Ursaluna
|-singleturn|p2b: Ursaluna|Protect
|move|p1a: Farigiraf|Hyper Voice|p2b: Ursaluna
|-activate|p2b: Ursaluna|move: Protect
|move|p1b: Ursaluna|Hyper Voice|p2b: Ursaluna
|-activate|p2b: Ursaluna|move: Protect
|
|-fieldend|move: Trick Room
|upkeep
|turn|8
|
|t:|1757723035
|move|p1a: Farigiraf|Helping Hand|p1b: Ursaluna
|-singleturn|p1b: Ursaluna|Helping Hand|[of] p1a: Farigiraf
|move|p2b: Ursaluna|Hyper Voice|p1a: Farigiraf|[spread] p1a,p1b
|-damage|p1a: Farigiraf|0 fnt
|-damage|p1b: Ursaluna|24/100
|faint|p1a: Farigiraf
|-damage|p2b: Ursaluna|0 fnt|[from] item: Life Orb
|faint|p2b: Ursaluna
|
|win|t8mcrae
|raw|t8mcrae's rating: 1220 → 1246(+26 for winning)
|raw|Regilover2015's rating: 1235 → 1209(-26 for losing)
