|j|☆gum cuzzler3301
|j|☆Karissel
|html|gum cuzzler3301Karissel    
|uhtml|bestof|Game 1 of a best-of-3
|t:|1783908746
|gametype|doubles
|player|p1|gum cuzzler3301|marshal|
|player|p2|Karissel|miku-ground|
|gen|9
|tier|[Gen 9 Champions] VGC 2026 Reg M-B (Bo3)
|rule|Species Clause: Limit one of each Pokémon
|rule|Item Clause: Limit 1 of each item
|clearpoke
|poke|p1|Blaziken, L50, M|
|poke|p1|Glimmora, L50, F|
|poke|p1|Kingambit, L50, M|
|poke|p1|Ninetales-Alola, L50, F|
|poke|p1|Basculegion, L50, M|
|poke|p1|Whimsicott, L50, F|
|poke|p2|Froslass, L50, F|
|poke|p2|Scovillain, L50, M, shiny|
|poke|p2|Basculegion, L50, M|
|poke|p2|Kingambit, L50, M|
|poke|p2|Sneasler, L50, M|
|poke|p2|Lycanroc-Dusk, L50, F, shiny|
|teampreview|4
|showteam|p1|Blaziken||Blazikenite|SpeedBoost|CloseCombat,FlareBlitz,StoneEdge,Detect|Adamant||M|||50|]Glimmora||Glimmoranite|ToxicDebris|SludgeBomb,PowerGem,EarthPower,SpikyShield|Modest||F|||50|]Kingambit||LifeOrb|Defiant|KowtowCleave,SuckerPunch,LowKick,Protect|Adamant||M|||50|]Ninetales-Alola||NeverMeltIce|SnowWarning|Blizzard,FreezeDry,Snowscape,Protect|Timid||F|||50|]Basculegion||ChoiceScarf|Adaptability|WaveCrash,FlipTurn,LastRespects,AquaJet|Jolly||M|||50|]Whimsicott||FocusSash|Prankster|Moonblast,Tailwind,Encore,Protect|Timid||F|||50|
|showteam|p2|Froslass||Froslassite|CursedBody|Blizzard,ShadowBall,AuroraVeil,Protect|Modest||F|||50|]Scovillain||Scovillainite|Moody|GigaDrain,Overheat,RagePowder,Protect|Bold||M|||50|]Basculegion||SitrusBerry|Adaptability|WaveCrash,LastRespects,AquaJet,Protect|Adamant||M|||50|]Kingambit||BlackGlasses|Defiant|KowtowCleave,SuckerPunch,SwordsDance,Protect|Adamant||M|||50|]Sneasler||WhiteHerb|Unburden|CloseCombat,GunkShot,Protect,FakeOut|Adamant||M|||50|]Lycanroc-Dusk||FocusSash|ToughClaws|CloseCombat,Accelerock,RockSlide,Protect|Adamant||F|||50|
|inactive|Battle timer is ON: inactive players will automatically lose when time's up. (requested by gum cuzzler3301)
|inactive|Karissel also wants the timer to be on.
|j| 5-3 merchant
|inactive|Karissel has 60 seconds left.
|
|t:|1783908801
|teamsize|p1|4
|teamsize|p2|4
|start
|switch|p1a: Glimmora|Glimmora, L50, F|100/100
|switch|p1b: Kingambit|Kingambit, L50, M|100/100
|switch|p2a: fih is calling|Basculegion, L50, M|100/100
|switch|p2b: Sonion ring|Sneasler, L50, M|100/100
|turn|1
|inactive|gum cuzzler3301 has 30 seconds left.
|inactive|Karissel has 30 seconds left.
|inactive|gum cuzzler3301 has 20 seconds left.
|inactive|gum cuzzler3301 has 15 seconds left.
|inactive|Karissel has 20 seconds left.
|inactive|Karissel has 15 seconds left.
|
|t:|1783908850
|switch|p2b: Paul|Kingambit, L50, M|100/100
|switch|p1a: Basculegion|Basculegion, L50, M|100/100
|move|p2a: fih is calling|Protect|p2a: fih is calling
|-singleturn|p2a: fih is calling|Protect
|move|p1b: Kingambit|Sucker Punch||[still]
|-fail|p1b: Kingambit
|
|upkeep
|turn|2
|inactive|Karissel has 30 seconds left.
|inactive|Karissel has 20 seconds left.
|inactive|Karissel has 15 seconds left.
|
|t:|1783908891
|switch|p1a: Blaziken|Blaziken, L50, M|100/100
|move|p2b: Paul|Protect|p2b: Paul
|-singleturn|p2b: Paul|Protect
|move|p2a: fih is calling|Last Respects|p1a: Blaziken
|-damage|p1a: Blaziken|48/100
|move|p1b: Kingambit|Low Kick|p2b: Paul
|-activate|p2b: Paul|move: Protect
|
|upkeep
|turn|3
|
|t:|1783908912
|switch|p2b: Sonion ring|Sneasler, L50, M|100/100
|detailschange|p1a: Blaziken|Blaziken-Mega, L50, M
|-mega|p1a: Blaziken|Blaziken|Blazikenite
|move|p1a: Blaziken|Detect|p1a: Blaziken
|-singleturn|p1a: Blaziken|Protect
|move|p2a: fih is calling|Aqua Jet|p1a: Blaziken
|-activate|p1a: Blaziken|move: Protect
|move|p1b: Kingambit|Low Kick|p2b: Sonion ring
|-resisted|p2b: Sonion ring|1
|-damage|p2b: Sonion ring|79/100
|-damage|p1b: Kingambit|90/100|[from] item: Life Orb
|
|-ability|p1a: Blaziken|Speed Boost|boost
|-boost|p1a: Blaziken|spe|1
|upkeep
|turn|4
|
|t:|1783908925
|switch|p1a: Basculegion|Basculegion, L50, M|100/100
|move|p1b: Kingambit|Protect|p1b: Kingambit
|-singleturn|p1b: Kingambit|Protect
|move|p2a: fih is calling|Aqua Jet|p1a: Basculegion
|-resisted|p1a: Basculegion|1
|-damage|p1a: Basculegion|84/100
|move|p2b: Sonion ring|Close Combat|p1b: Kingambit
|-activate|p1b: Kingambit|move: Protect
|
|upkeep
|turn|5
|inactive|Karissel has 30 seconds left.
|inactive|Karissel has 20 seconds left.
|
|t:|1783908962
|switch|p2b: Paul|Kingambit, L50, M|100/100
|move|p2a: fih is calling|Protect|p2a: fih is calling
|-singleturn|p2a: fih is calling|Protect
|move|p1a: Basculegion|Wave Crash|p2b: Paul
|-damage|p2b: Paul|47/100
|-damage|p1a: Basculegion|66/100|[from] Recoil
|move|p1b: Kingambit|Kowtow Cleave|p2a: fih is calling
|-activate|p2a: fih is calling|move: Protect
|
|upkeep
|turn|6
|inactive|Karissel has 30 seconds left.
|inactive|Karissel has 20 seconds left.
|l| 5-3 merchant
|
|t:|1783908999
|switch|p1a: Blaziken|Blaziken-Mega, L50, M|48/100
|move|p2b: Paul|Protect|p2b: Paul
|-singleturn|p2b: Paul|Protect
|move|p2a: fih is calling|Aqua Jet|p1a: Blaziken
|-supereffective|p1a: Blaziken|1
|-crit|p1a: Blaziken
|-damage|p1a: Blaziken|0 fnt
|faint|p1a: Blaziken
|move|p1b: Kingambit|Sucker Punch||[still]
|-fail|p1b: Kingambit
|
|upkeep
|
|t:|1783909007
|switch|p1a: Glimmora|Glimmora, L50, F|100/100
|turn|7
|
|t:|1783909026
|move|p2a: fih is calling|Protect|p2a: fih is calling
|-singleturn|p2a: fih is calling|Protect
|move|p2b: Paul|Sucker Punch|p1a: Glimmora
|-damage|p1a: Glimmora|45/100
|-activate|p1a: Glimmora|ability: Toxic Debris
|-sidestart|p2: Karissel|move: Toxic Spikes
|move|p1a: Glimmora|Earth Power|p2b: Paul
|-supereffective|p2b: Paul|1
|-damage|p2b: Paul|0 fnt
|faint|p2b: Paul
|move|p1b: Kingambit|Kowtow Cleave|p2a: fih is calling
|-activate|p2a: fih is calling|move: Protect
|
|upkeep
|
|t:|1783909034
|switch|p2b: Sonion ring|Sneasler, L50, M|79/100
|-sideend|p2: Karissel|move: Toxic Spikes|[of] p2b: Sonion ring
|turn|8
|
|t:|1783909051
|switch|p1b: Basculegion|Basculegion, L50, M|66/100
|move|p2a: fih is calling|Aqua Jet|p1a: Glimmora
|-supereffective|p1a: Glimmora|1
|-damage|p1a: Glimmora|0 fnt
|-activate|p1a: Glimmora|ability: Toxic Debris
|-sidestart|p2: Karissel|move: Toxic Spikes
|faint|p1a: Glimmora
|move|p2b: Sonion ring|Close Combat|p1b: Basculegion
|-immune|p1b: Basculegion
|
|upkeep
|
|t:|1783909056
|switch|p1a: Kingambit|Kingambit, L50, M|90/100
|turn|9
|inactive|Karissel has 30 seconds left.
|inactive|Karissel has 20 seconds left.
|
|t:|1783909092
|move|p2a: fih is calling|Protect|p2a: fih is calling
|-singleturn|p2a: fih is calling|Protect
|move|p1a: Kingambit|Protect|p1a: Kingambit
|-singleturn|p1a: Kingambit|Protect
|move|p1b: Basculegion|Last Respects|p2a: fih is calling
|-activate|p2a: fih is calling|move: Protect
|move|p2b: Sonion ring|Close Combat|p1a: Kingambit
|-activate|p1a: Kingambit|move: Protect
|
|upkeep
|turn|10
|inactive|Karissel has 30 seconds left.
|inactive|Karissel has 20 seconds left.
|inactive|Karissel has 15 seconds left.
|inactive|Karissel has 10 seconds left.
|
|t:|1783909139
|move|p2b: Sonion ring|Protect|p2b: Sonion ring
|-singleturn|p2b: Sonion ring|Protect
|move|p1b: Basculegion|Last Respects|p2b: Sonion ring
|-activate|p2b: Sonion ring|move: Protect
|move|p2a: fih is calling|Last Respects|p1b: Basculegion
|-supereffective|p1b: Basculegion|1
|-damage|p1b: Basculegion|0 fnt
|faint|p1b: Basculegion
|move|p1a: Kingambit|Kowtow Cleave|p2a: fih is calling
|-supereffective|p2a: fih is calling|1
|-crit|p2a: fih is calling
|-damage|p2a: fih is calling|0 fnt
|faint|p2a: fih is calling
|-damage|p1a: Kingambit|80/100|[from] item: Life Orb
|
|upkeep
|
|t:|1783909144
|switch|p2a: Rock miss|Lycanroc-Dusk, L50, F, shiny|100/100
|-status|p2a: Rock miss|psn
|turn|11
|
|t:|1783909153
|move|p1a: Kingambit|Sucker Punch|p2a: Rock miss
|-damage|p2a: Rock miss|5/100 psn
|-damage|p1a: Kingambit|71/100|[from] item: Life Orb
|move|p2b: Sonion ring|Close Combat|p1a: Kingambit
|-supereffective|p1a: Kingambit|2
|-damage|p1a: Kingambit|0 fnt
|-unboost|p2b: Sonion ring|def|1
|-unboost|p2b: Sonion ring|spd|1
|faint|p1a: Kingambit
|
|win|Karissel
