|j|☆po1510
|j|☆MasterJalan
|html|po1510MasterJalan    
|uhtml|bestof|Game 1 of a best-of-3
|t:|1785945151
|gametype|doubles
|player|p1|po1510|liko|1255
|player|p2|MasterJalan|argenta|1162
|gen|9
|tier|[Gen 9 Champions] VGC 2026 Reg M-B (Bo3)
|rated|
|rule|Species Clause: Limit one of each Pokémon
|rule|Item Clause: Limit 1 of each item
|clearpoke
|poke|p1|Farigiraf, L50, F|
|poke|p1|Blaziken, L50, M|
|poke|p1|Basculegion, L50, M|
|poke|p1|Venusaur, L50, M|
|poke|p1|Kingambit, L50, M|
|poke|p1|Ninetales-Alola, L50, M|
|poke|p2|Alcremie-Ruby-Swirl, L50, F|
|poke|p2|Sneasler, L50, M|
|poke|p2|Farigiraf, L50, F, shiny|
|poke|p2|Kingambit, L50, M, shiny|
|poke|p2|Froslass, L50, F|
|poke|p2|Aerodactyl, L50, M, shiny|
|teampreview|4
|showteam|p1|Farigiraf||SitrusBerry|ArmorTail|HelpingHand,Psychic,Thunderbolt,TrickRoom|Bold||F|||50|]Blaziken||Blazikenite|SpeedBoost|CloseCombat,Detect,FlareBlitz,RockSlide|Adamant||M|||50|]Basculegion||LifeOrb|Adaptability|Protect,WaveCrash,LastRespects,AquaJet|Adamant||M|||50|]Venusaur||Venusaurite|Chlorophyll|Protect,SludgeBomb,EarthPower,GigaDrain|Modest||M|||50|]Kingambit||ChopleBerry|Defiant|KowtowCleave,IronHead,SuckerPunch,LowKick|Adamant||M|||50|]Ninetales-Alola||LightClay|SnowWarning|Blizzard,AuroraVeil,Encore,Protect|Timid||M|||50|
|showteam|p2|Alcremie-Ruby-Swirl||MentalHerb|SweetVeil|Decorate,Protect,Encore,DazzlingGleam|Relaxed||F|||50|]Sneasler||FocusSash|Unburden|DireClaw,CloseCombat,FakeOut,Coaching|Jolly||M|||50|]Farigiraf||SitrusBerry|ArmorTail|TrickRoom,HyperVoice,Psychic,HelpingHand|Sassy||F|||50|]Kingambit||ChopleBerry|Defiant|SwordsDance,SuckerPunch,KowtowCleave,IronHead|Brave||M|||50|]Froslass||Froslassite|SnowCloak|AuroraVeil,Blizzard,ShadowBall,Protect|Timid||F|||50|]Aerodactyl||ChoiceScarf|Unnerve|RockSlide,DualWingbeat,StoneEdge,ThunderFang|Adamant||M|||50|
|inactive|Battle timer is ON: inactive players will automatically lose when time's up. (requested by po1510)
|inactive|po1510 has 60 seconds left.
|inactive|MasterJalan has 60 seconds left.
|inactive|po1510 has 30 seconds left.
|
|t:|1785945213
|teamsize|p1|4
|teamsize|p2|4
|start
|switch|p1a: Kingambit|Kingambit, L50, M|100/100
|switch|p1b: Blaziken|Blaziken, L50, M|100/100
|switch|p2a: White gurl|Froslass, L50, F|100/100
|switch|p2b: Cutie Pie|Alcremie-Ruby-Swirl, L50, F|100/100
|turn|1
|inactive|MasterJalan has 30 seconds left.
|inactive|MasterJalan has 20 seconds left.
|
|t:|1785945251
|switch|p2b: 2 for flinching|Aerodactyl, L50, M, shiny|100/100
|-ability|p2b: 2 for flinching|Unnerve
|detailschange|p2a: White gurl|Froslass-Mega, L50, F
|-mega|p2a: White gurl|Froslass|Froslassite
|-weather|Snowscape|[from] ability: Snow Warning|[of] p2a: White gurl
|detailschange|p1b: Blaziken|Blaziken-Mega, L50, M
|-mega|p1b: Blaziken|Blaziken|Blazikenite
|move|p2a: White gurl|Aurora Veil|p2a: White gurl
|-sidestart|p2: MasterJalan|move: Aurora Veil
|move|p1b: Blaziken|Flare Blitz|p2a: White gurl
|-supereffective|p2a: White gurl|1
|-damage|p2a: White gurl|0 fnt
|faint|p2a: White gurl
|-damage|p1b: Blaziken|68/100|[from] Recoil
|move|p1a: Kingambit|Iron Head|p2b: 2 for flinching
|-supereffective|p2b: 2 for flinching|1
|-damage|p2b: 2 for flinching|7/100
|
|-weather|Snowscape|[upkeep]
|-ability|p1b: Blaziken|Speed Boost|boost
|-boost|p1b: Blaziken|spe|1
|upkeep
|inactive|MasterJalan has 30 seconds left.
|
|t:|1785945280
|switch|p2a: Pressure|Kingambit, L50, M, shiny|100/100
|turn|2
|
|t:|1785945299
|switch|p2b: Cutie Pie|Alcremie-Ruby-Swirl, L50, F|100/100
|move|p1a: Kingambit|Sucker Punch||[still]
|-fail|p1a: Kingambit
|move|p1b: Blaziken|Close Combat|p2a: Pressure
|-supereffective|p2a: Pressure|2
|-enditem|p2a: Pressure|Chople Berry|[eat]
|-enditem|p2a: Pressure|Chople Berry|[weaken]
|-damage|p2a: Pressure|22/100
|-unboost|p1b: Blaziken|def|1
|-unboost|p1b: Blaziken|spd|1
|move|p2a: Pressure|Swords Dance|p2a: Pressure
|-boost|p2a: Pressure|atk|2
|
|-weather|Snowscape|[upkeep]
|-ability|p1b: Blaziken|Speed Boost|boost
|-boost|p1b: Blaziken|spe|1
|upkeep
|turn|3
|
|t:|1785945319
|switch|p1a: Farigiraf|Farigiraf, L50, F|100/100
|move|p2a: Pressure|Sucker Punch||[still]
|cant|p1a: Farigiraf|ability: Armor Tail|Sucker Punch|[of] p2a: Pressure
|move|p1b: Blaziken|Flare Blitz|p2a: Pressure
|-supereffective|p2a: Pressure|1
|-damage|p2a: Pressure|0 fnt
|faint|p2a: Pressure
|-damage|p1b: Blaziken|58/100|[from] Recoil
|move|p2b: Cutie Pie|Decorate|p2: Pressure|[notarget]
|-fail|p2b: Cutie Pie
|
|-weather|Snowscape|[upkeep]
|-ability|p1b: Blaziken|Speed Boost|boost
|-boost|p1b: Blaziken|spe|1
|upkeep
|
|t:|1785945336
|switch|p2a: 2 for flinching|Aerodactyl, L50, M, shiny|7/100
|-ability|p2a: 2 for flinching|Unnerve
|turn|4
|
|t:|1785945348
|move|p1a: Farigiraf|Helping Hand|p1b: Blaziken
|-singleturn|p1b: Blaziken|Helping Hand|[of] p1a: Farigiraf
|move|p1b: Blaziken|Rock Slide|p2b: Cutie Pie|[spread] p2a,p2b
|-supereffective|p2a: 2 for flinching|1
|-damage|p2a: 2 for flinching|0 fnt
|-damage|p2b: Cutie Pie|77/100
|faint|p2a: 2 for flinching
|move|p2b: Cutie Pie|Encore|p1b: Blaziken
|-start|p1b: Blaziken|Encore
|
|-weather|Snowscape|[upkeep]
|-ability|p1b: Blaziken|Speed Boost|boost
|-boost|p1b: Blaziken|spe|1
|upkeep
|turn|5
|
|t:|1785945364
|move|p1b: Blaziken|Rock Slide|p2b: Cutie Pie
|-damage|p2b: Cutie Pie|58/100
|move|p1a: Farigiraf|Psychic|p2b: Cutie Pie
|-damage|p2b: Cutie Pie|40/100
|cant|p2b: Cutie Pie|flinch
|
|-weather|none
|-sideend|p2: MasterJalan|move: Aurora Veil
|-ability|p1b: Blaziken|Speed Boost|boost
|-boost|p1b: Blaziken|spe|1
|upkeep
|turn|6
|
|t:|1785945383
|move|p1b: Blaziken|Rock Slide|p2b: Cutie Pie
|-damage|p2b: Cutie Pie|11/100
|move|p1a: Farigiraf|Psychic|p2b: Cutie Pie
|-damage|p2b: Cutie Pie|0 fnt
|faint|p2b: Cutie Pie
|
|win|po1510
