|j|☆kengo19
|j|☆NorthernVGC
|html|kengo19NorthernVGC    
|uhtml|bestof|Game 1 of a best-of-3
|t:|1784590662
|gametype|doubles
|player|p1|kengo19|102|
|player|p2|NorthernVGC|sabrina|
|gen|9
|tier|[Gen 9 Champions] VGC 2026 Reg M-B (Bo3)
|rule|Species Clause: Limit one of each Pokémon
|rule|Item Clause: Limit 1 of each item
|clearpoke
|poke|p1|Meowstic, L50, M|
|poke|p1|Basculegion, L50, M|
|poke|p1|Archaludon, L50, F|
|poke|p1|Meganium, L50, M|
|poke|p1|Swampert, L50, M|
|poke|p1|Zoroark, L50, F|
|poke|p2|Scovillain, L50, F|
|poke|p2|Umbreon, L50, M|
|poke|p2|Froslass, L50, F|
|poke|p2|Aegislash, L50, M|
|poke|p2|Qwilfish, L50, F|
|poke|p2|Vivillon-Fancy, L50, M|
|teampreview|4
|showteam|p1|Meowstic||LightClay|Prankster|Psychic,Reflect,LightScreen,RainDance|Bold||M|||50|]Basculegion||LifeOrb|SwiftSwim|AquaJet,WaveCrash,HeadSmash,LastRespects|Adamant||M|||50|]Archaludon||FocusSash|Stalwart|ElectroShot,SteelBeam,DracoMeteor,Protect|Modest||F|||50|]Meganium||Meganiumite|Overgrow|SolarBeam,DazzlingGleam,WeatherBall,Protect|Modest||M|||50|]Swampert||Swampertite|Torrent|WaveCrash,HighHorsepower,IcePunch,Protect|Adamant||M|||50|]Zoroark||ChoiceScarf|Illusion|NightDaze,Flamethrower,BrickBreak,Uturn|Modest||F|||50|
|showteam|p2|Scovillain||Scovillainite|Moody|GigaDrain,RagePowder,LeechSeed,Protect|Bold||F|||50|]Umbreon||Leftovers|InnerFocus|Yawn,Protect,Wish,Snarl|Bold||M|||50|]Froslass||Froslassite|CursedBody|Blizzard,Protect,AuroraVeil,ShadowBall|Modest||F|||50|]Aegislash||LifeOrb|StanceChange|ShadowSneak,KingsShield,IronHead,SacredSword|Adamant||M|||50|]Qwilfish||ChoiceScarf|Intimidate|Acupressure,FlipTurn,IcyWind,Whirlpool|Jolly||F|||50|]Vivillon-Fancy||FocusSash|CompoundEyes|SleepPowder,Hurricane,RagePowder,SunnyDay|Timid||M|||50|
|
|t:|1784590738
|teamsize|p1|4
|teamsize|p2|4
|start
|switch|p1a: Meowstic|Meowstic, L50, M|100/100
|switch|p1b: Meganium|Meganium, L50, M|100/100
|switch|p2a: Scovillain|Scovillain, L50, F|100/100
|switch|p2b: Aegislash|Aegislash, L50, M|100/100
|turn|1
|
|t:|1784590774
|detailschange|p2a: Scovillain|Scovillain-Mega, L50, F
|-mega|p2a: Scovillain|Scovillain|Scovillainite
|move|p1a: Meowstic|Reflect|p1a: Meowstic
|-sidestart|p1: kengo19|Reflect
|move|p1b: Meganium|Night Daze|p2b: Aegislash
|-supereffective|p2b: Aegislash|1
|-damage|p2b: Aegislash|26/100
|move|p2a: Scovillain|Giga Drain|p1a: Meowstic
|-crit|p1a: Meowstic
|-damage|p1a: Meowstic|48/100
|-formechange|p2b: Aegislash|Aegislash-Blade|
|move|p2b: Aegislash|Iron Head|p1b: Meganium
|-damage|p1b: Meganium|38/100
|replace|p1b: Zoroark|Zoroark, L50, F
|-end|p1b: Zoroark|Illusion
|-damage|p2b: Aegislash|17/100|[from] item: Life Orb
|
|upkeep
|turn|2
|
|t:|1784590802
|move|p1a: Meowstic|Rain Dance|p1a: Meowstic
|-weather|RainDance
|move|p2b: Aegislash|Shadow Sneak|p1a: Meowstic
|-supereffective|p1a: Meowstic|1
|-damage|p1a: Meowstic|7/100
|-damage|p2b: Aegislash|7/100|[from] item: Life Orb
|move|p1b: Zoroark|Night Daze|p2b: Aegislash
|-supereffective|p2b: Aegislash|1
|-damage|p2b: Aegislash|0 fnt
|faint|p2b: Aegislash
|move|p2a: Scovillain|Giga Drain|p1b: Zoroark
|-damage|p1b: Zoroark|0 fnt
|faint|p1b: Zoroark
|
|-weather|RainDance|[upkeep]
|upkeep
|
|t:|1784590820
|switch|p1b: Basculegion|Basculegion, L50, M|100/100
|switch|p2b: Vivillon|Vivillon-Fancy, L50, M|100/100
|turn|3
|
|t:|1784590865
|move|p2a: Scovillain|Protect|p2a: Scovillain
|-singleturn|p2a: Scovillain|Protect
|move|p1a: Meowstic|Light Screen|p1a: Meowstic
|-sidestart|p1: kengo19|move: Light Screen
|move|p1b: Basculegion|Head Smash|p2b: Vivillon|[miss]
|-miss|p1b: Basculegion|p2b: Vivillon
|move|p2b: Vivillon|Sleep Powder|p1b: Basculegion
|-status|p1b: Basculegion|slp|[from] move: Sleep Powder
|
|-weather|RainDance|[upkeep]
|upkeep
|turn|4
|
|t:|1784590891
|cant|p1b: Basculegion|slp
|move|p2b: Vivillon|Hurricane|p1a: Meowstic
|-damage|p1a: Meowstic|0 fnt
|faint|p1a: Meowstic
|move|p2a: Scovillain|Giga Drain|p1b: Basculegion
|-supereffective|p1b: Basculegion|1
|-damage|p1b: Basculegion|49/100 slp
|
|-weather|RainDance|[upkeep]
|upkeep
|
|t:|1784590900
|switch|p1a: Meganium|Meganium, L50, M|100/100
|turn|5
|
|t:|1784590934
|detailschange|p1a: Meganium|Meganium-Mega, L50, M
|-mega|p1a: Meganium|Meganium|Meganiumite
|cant|p1b: Basculegion|slp
|move|p2b: Vivillon|Hurricane|p1a: Meganium
|-supereffective|p1a: Meganium|1
|-damage|p1a: Meganium|41/100
|-start|p1a: Meganium|confusion
|-activate|p1a: Meganium|confusion
|move|p1a: Meganium|Weather Ball|p2b: Vivillon
|-supereffective|p2b: Vivillon|1
|-enditem|p2b: Vivillon|Focus Sash
|-damage|p2b: Vivillon|1/100
|move|p2a: Scovillain|Giga Drain|p1b: Basculegion
|-supereffective|p1b: Basculegion|1
|-damage|p1b: Basculegion|0 fnt
|faint|p1b: Basculegion
|
|-weather|RainDance|[upkeep]
|upkeep
|turn|6
|
|t:|1784590965
|move|p2b: Vivillon|Hurricane|p1a: Meganium
|-supereffective|p1a: Meganium|1
|-damage|p1a: Meganium|0 fnt
|faint|p1a: Meganium
|
|win|NorthernVGC
||kengo19 is ready for game 2.
||NorthernVGC is ready for game 2.
|uhtml|next|Next: Game 2 of 3
