|j|☆sorecruiser
|j|☆Mrmikeyk
|html|sorecruiserMrmikeyk    
|uhtml|bestof|Game 1 of a best-of-3
|t:|1757121943
|gametype|doubles
|player|p1|sorecruiser|furisodegirl-black|1147
|player|p2|Mrmikeyk|zinzolin|1179
|gen|9
|tier|[Gen 9] VGC 2025 Reg H (Bo3)
|rated|
|rule|Species Clause: Limit one of each Pokémon
|rule|Item Clause: Limit 1 of each item
|clearpoke
|poke|p1|Gholdengo, L50|
|poke|p1|Whimsicott, L50, M|
|poke|p1|Sneasler, L50, M|
|poke|p1|Basculegion, L50, M|
|poke|p1|Hydreigon, L50, M|
|poke|p1|Magmar, L50, M|
|poke|p2|Dondozo, L50, M|
|poke|p2|Tatsugiri, L50, F|
|poke|p2|Incineroar, L50, M|
|poke|p2|Gholdengo, L50|
|poke|p2|Dragonite, L50, M|
|poke|p2|Ursaluna-Bloodmoon, L50, M|
|teampreview|4
|showteam|p1|Gholdengo||MetalCoat|GoodasGold|MakeItRain,ShadowBall,NastyPlot,Protect||||||50|,,,,,Steel]Whimsicott||CovertCloak|Prankster|Tailwind,Encore,FakeTears,Moonblast|||M|||50|,,,,,Dark]Sneasler||FocusSash|PoisonTouch|Protect,CloseCombat,DireClaw,ThroatChop|||M|||50|,,,,,Dark]Basculegion||ChoiceScarf|Adaptability|LastRespects,WaveCrash,AquaJet,FlipTurn|||M|||50|,,,,,Ghost]Hydreigon||ChoiceSpecs|Levitate|DarkPulse,DracoMeteor,Snarl,HeatWave|||M|||50|,,,,,Fire]Magmar||Eviolite|VitalSpirit|Protect,FollowMe,HeatWave,Taunt|||M|||50|,,,,,Ghost
|showteam|p2|Dondozo||Leftovers|Unaware|WaveCrash,OrderUp,Earthquake,Protect|||M|||50|,,,,,Grass]Tatsugiri||FocusSash|Commander|MuddyWater,DracoMeteor,IcyWind,Protect|||F|||50|,,,,,Stellar]Incineroar||SitrusBerry|Intimidate|KnockOff,FlareBlitz,FakeOut,PartingShot|||M|||50|,,,,,Grass]Gholdengo||LifeOrb|GoodasGold|MakeItRain,ShadowBall,NastyPlot,Protect||||||50|,,,,,Water]Dragonite||LoadedDice|Multiscale|ScaleShot,Tailwind,Haze,Protect|||M|||50|,,,,,Fairy]Ursaluna-Bloodmoon||AssaultVest|MindsEye|HyperVoice,EarthPower,BloodMoon,VacuumWave|||M|||50|,,,,,Water
|inactive|Battle timer is ON: inactive players will automatically lose when time's up. (requested by Mrmikeyk)
|inactive|sorecruiser has 60 seconds left.
|inactive|Mrmikeyk has 60 seconds left.
|inactive|sorecruiser has 30 seconds left.
|inactive|sorecruiser has 20 seconds left.
|inactive|sorecruiser has 15 seconds left.
|inactive|sorecruiser has 10 seconds left.
|
|t:|1757122025
|teamsize|p1|4
|teamsize|p2|4
|start
|switch|p1a: Whimsicott|Whimsicott, L50, M|100/100
|switch|p1b: Sneasler|Sneasler, L50, M|100/100
|switch|p2a: Dragonite|Dragonite, L50, M|100/100
|switch|p2b: Incineroar|Incineroar, L50, M|100/100
|-ability|p2b: Incineroar|Intimidate|boost
|-unboost|p1a: Whimsicott|atk|1
|-unboost|p1b: Sneasler|atk|1
|turn|1
|inactive|Mrmikeyk has 30 seconds left.
|
|t:|1757122055
|move|p1b: Sneasler|Protect|p1b: Sneasler
|-singleturn|p1b: Sneasler|Protect
|move|p2b: Incineroar|Fake Out|p1b: Sneasler
|-activate|p1b: Sneasler|move: Protect
|move|p1a: Whimsicott|Tailwind|p1a: Whimsicott
|-sidestart|p1: sorecruiser|move: Tailwind
|move|p2a: Dragonite|Tailwind|p2a: Dragonite
|-sidestart|p2: Mrmikeyk|move: Tailwind
|
|upkeep
|turn|2
|inactive|Mrmikeyk has 30 seconds left.
|
|t:|1757122089
|switch|p2a: Dondozo|Dondozo, L50, M|100/100
|move|p1a: Whimsicott|Encore||[still]
|-fail|p1a: Whimsicott
|move|p1b: Sneasler|Close Combat|p2b: Incineroar
|-supereffective|p2b: Incineroar
|-damage|p2b: Incineroar|24/100
|-unboost|p1b: Sneasler|def|1
|-unboost|p1b: Sneasler|spd|1
|-enditem|p2b: Incineroar|Sitrus Berry|[eat]
|-heal|p2b: Incineroar|49/100|[from] item: Sitrus Berry
|move|p2b: Incineroar|Parting Shot|p1b: Sneasler
|-unboost|p1b: Sneasler|atk|1
|-unboost|p1b: Sneasler|spa|1
|
|t:|1757122103
|switch|p2b: Dragonite|Dragonite, L50, M|100/100|[from] Parting Shot
|
|upkeep
|turn|3
|inactive|sorecruiser has 30 seconds left.
|inactive|sorecruiser has 20 seconds left.
|
|t:|1757122140
|move|p1b: Sneasler|Protect|p1b: Sneasler
|-singleturn|p1b: Sneasler|Protect
|move|p1a: Whimsicott|Fake Tears|p2a: Dondozo
|-unboost|p2a: Dondozo|spd|2
|move|p2b: Dragonite|Scale Shot|p1b: Sneasler
|-activate|p1b: Sneasler|move: Protect
|move|p2a: Dondozo|Wave Crash|p1a: Whimsicott
|-resisted|p1a: Whimsicott
|-damage|p1a: Whimsicott|71/100
|-damage|p2a: Dondozo|93/100|[from] Recoil
|
|-heal|p2a: Dondozo|99/100|[from] item: Leftovers
|upkeep
|turn|4
|inactive|sorecruiser has 30 seconds left.
|
|t:|1757122174
|switch|p2a: Incineroar|Incineroar, L50, M|49/100
|-ability|p2a: Incineroar|Intimidate|boost
|-unboost|p1a: Whimsicott|atk|1
|-unboost|p1b: Sneasler|atk|1
|move|p1a: Whimsicott|Encore|p2a: Incineroar
|-hint|Since gen 7, Dark is immune to Prankster moves.
|-immune|p2a: Incineroar
|move|p1b: Sneasler|Dire Claw|p2b: Dragonite
|-damage|p2b: Dragonite|92/100
|-status|p2b: Dragonite|psn|[from] ability: Poison Touch|[of] p1b: Sneasler
|move|p2b: Dragonite|Scale Shot|p1b: Sneasler
|-damage|p1b: Sneasler|62/100
|-damage|p1b: Sneasler|27/100
|-damage|p1b: Sneasler|0 fnt
|faint|p1b: Sneasler
|-hitcount|p1: Sneasler|3
|-unboost|p2b: Dragonite|def|1
|-boost|p2b: Dragonite|spe|1
|
|-damage|p2b: Dragonite|80/100 psn|[from] psn
|-sideend|p2: Mrmikeyk|move: Tailwind
|-sideend|p1: sorecruiser|move: Tailwind
|upkeep
|
|t:|1757122188
|switch|p1b: Basculegion|Basculegion, L50, M|100/100
|turn|5
|
|t:|1757122210
|-terastallize|p1b: Basculegion|Ghost
|-terastallize|p2a: Incineroar|Grass
|move|p2b: Dragonite|Protect|p2b: Dragonite
|-singleturn|p2b: Dragonite|Protect
|move|p1a: Whimsicott|Tailwind|p1a: Whimsicott
|-sidestart|p1: sorecruiser|move: Tailwind
|move|p1b: Basculegion|Last Respects|p2b: Dragonite
|-activate|p2b: Dragonite|move: Protect
|move|p2a: Incineroar|Parting Shot|p1b: Basculegion
|-unboost|p1b: Basculegion|atk|1
|-unboost|p1b: Basculegion|spa|1
|
|t:|1757122223
|switch|p2a: Dondozo|Dondozo, L50, M|99/100|[from] Parting Shot
|
|-heal|p2a: Dondozo|100/100|[from] item: Leftovers
|-damage|p2b: Dragonite|68/100 psn|[from] psn
|upkeep
|turn|6
|
|t:|1757122247
|switch|p2b: Incineroar|Incineroar, L50, M, tera:Grass|49/100
|-ability|p2b: Incineroar|Intimidate|boost
|-unboost|p1a: Whimsicott|atk|1
|-unboost|p1b: Basculegion|atk|1
|move|p1b: Basculegion|Last Respects|p2a: Dondozo
|-damage|p2a: Dondozo|40/100
|move|p1a: Whimsicott|Moonblast|p2b: Incineroar
|-damage|p2b: Incineroar|29/100
|-unboost|p2b: Incineroar|spa|1
|move|p2a: Dondozo|Wave Crash|p1b: Basculegion
|-damage|p1b: Basculegion|32/100
|-damage|p2a: Dondozo|20/100|[from] Recoil
|
|-heal|p2a: Dondozo|27/100|[from] item: Leftovers
|upkeep
|turn|7
|inactive|sorecruiser has 30 seconds left.
|inactive|Mrmikeyk has 30 seconds left.
|inactive|Mrmikeyk has 20 seconds left.
|inactive|Mrmikeyk has 15 seconds left.
|
|t:|1757122291
|move|p2a: Dondozo|Protect|p2a: Dondozo
|-singleturn|p2a: Dondozo|Protect
|move|p1b: Basculegion|Last Respects|p2a: Dondozo
|-activate|p2a: Dondozo|move: Protect
|move|p1a: Whimsicott|Moonblast|p2b: Incineroar
|-damage|p2b: Incineroar|11/100
|move|p2b: Incineroar|Parting Shot|p1b: Basculegion
|-unboost|p1b: Basculegion|atk|1
|-unboost|p1b: Basculegion|spa|1
|
|t:|1757122302
|switch|p2b: Dragonite|Dragonite, L50, M|68/100 psn|[from] Parting Shot
|
|-heal|p2a: Dondozo|33/100|[from] item: Leftovers
|-damage|p2b: Dragonite|56/100 psn|[from] psn
|upkeep
|turn|8
|
|t:|1757122323
|switch|p2a: Incineroar|Incineroar, L50, M, tera:Grass|11/100
|-ability|p2a: Incineroar|Intimidate|boost
|-unboost|p1a: Whimsicott|atk|1
|-unboost|p1b: Basculegion|atk|1
|move|p1b: Basculegion|Last Respects|p2a: Incineroar
|-damage|p2a: Incineroar|0 fnt
|faint|p2a: Incineroar
|move|p1a: Whimsicott|Moonblast|p2b: Dragonite
|-supereffective|p2b: Dragonite
|-damage|p2b: Dragonite|0 fnt
|faint|p2b: Dragonite
|
|-sideend|p1: sorecruiser|move: Tailwind
|upkeep
|
|t:|1757122334
|switch|p2b: Tatsugiri|Tatsugiri, L50, F|100/100
|switch|p2a: Dondozo|Dondozo, L50, M|33/100
|-activate|p2b: Tatsugiri|ability: Commander|[of] p2a: Dondozo
|-boost|p2a: Dondozo|atk|2
|-boost|p2a: Dondozo|spa|2
|-boost|p2a: Dondozo|spe|2
|-boost|p2a: Dondozo|def|2
|-boost|p2a: Dondozo|spd|2
|turn|9
|
|t:|1757122345
|move|p1a: Whimsicott|Tailwind|p1a: Whimsicott
|-sidestart|p1: sorecruiser|move: Tailwind
|move|p1b: Basculegion|Last Respects|p2a: Dondozo
|-damage|p2a: Dondozo|3/100
|move|p2a: Dondozo|Earthquake|p1a: Whimsicott|[spread] p1a,p1b
|-miss|p2a: Dondozo|p2b: Tatsugiri
|-resisted|p1a: Whimsicott
|-damage|p1a: Whimsicott|44/100
|-damage|p1b: Basculegion|0 fnt
|faint|p1b: Basculegion
|
|-heal|p2a: Dondozo|9/100|[from] item: Leftovers
|upkeep
|
|t:|1757122352
|switch|p1b: Gholdengo|Gholdengo, L50|100/100
|turn|10
|
|t:|1757122362
|move|p2a: Dondozo|Protect|p2a: Dondozo
|-singleturn|p2a: Dondozo|Protect
|move|p1a: Whimsicott|Moonblast|p2a: Dondozo
|-activate|p2a: Dondozo|move: Protect
|move|p1b: Gholdengo|Shadow Ball|p2a: Dondozo
|-activate|p2a: Dondozo|move: Protect
|
|-heal|p2a: Dondozo|16/100|[from] item: Leftovers
|upkeep
|turn|11
|
|t:|1757122374
|move|p1a: Whimsicott|Encore|p2a: Dondozo
|-start|p2a: Dondozo|Encore
|move|p1b: Gholdengo|Nasty Plot|p1b: Gholdengo
|-boost|p1b: Gholdengo|spa|2
|move|p2a: Dondozo|Protect||[still]
|-fail|p2a: Dondozo
|
|-heal|p2a: Dondozo|22/100|[from] item: Leftovers
|upkeep
|turn|12
|
|t:|1757122388
|move|p2a: Dondozo|Protect|p2a: Dondozo
|-singleturn|p2a: Dondozo|Protect
|move|p1a: Whimsicott|Fake Tears|p2a: Dondozo
|-activate|p2a: Dondozo|move: Protect
|move|p1b: Gholdengo|Nasty Plot|p1b: Gholdengo
|-boost|p1b: Gholdengo|spa|2
|
|-heal|p2a: Dondozo|28/100|[from] item: Leftovers
|-sideend|p1: sorecruiser|move: Tailwind
|upkeep
|turn|13
|
|t:|1757122395
|move|p2a: Dondozo|Protect||[still]
|-fail|p2a: Dondozo
|move|p1a: Whimsicott|Fake Tears|p2a: Dondozo
|-unboost|p2a: Dondozo|spd|2
|move|p1b: Gholdengo|Nasty Plot|p1b: Gholdengo
|-boost|p1b: Gholdengo|spa|2
|
|-heal|p2a: Dondozo|34/100|[from] item: Leftovers
|-end|p2a: Dondozo|Encore
|upkeep
|turn|14
|
|t:|1757122406
|move|p1a: Whimsicott|Tailwind|p1a: Whimsicott
|-sidestart|p1: sorecruiser|move: Tailwind
|move|p1b: Gholdengo|Shadow Ball|p2a: Dondozo
|-damage|p2a: Dondozo|0 fnt
|faint|p2a: Dondozo
|
|upkeep
|turn|15
|
|t:|1757122416
|move|p1a: Whimsicott|Moonblast|p2b: Tatsugiri
|-supereffective|p2b: Tatsugiri
|-damage|p2b: Tatsugiri|34/100
|move|p1b: Gholdengo|Shadow Ball|p2b: Tatsugiri
|-damage|p2b: Tatsugiri|0 fnt
|faint|p2b: Tatsugiri
|
|win|sorecruiser
||Mrmikeyk is ready for game 2.
