|j|☆Rexolboy
|j|☆Toslowbro30
|html|RexolboyToslowbro30    
|uhtml|bestof|Game 2 of a best-of-3
|t:|1756552928
|gametype|doubles
|player|p1|Rexolboy|266|1096
|player|p2|Toslowbro30|101|1145
|gen|9
|tier|[Gen 9] VGC 2025 Reg H (Bo3)
|rated|
|rule|Species Clause: Limit one of each Pokémon
|rule|Item Clause: Limit 1 of each item
|clearpoke
|poke|p1|Archaludon, L50, M|
|poke|p1|Incineroar, L50, M|
|poke|p1|Whimsicott, L50, F|
|poke|p1|Ursaluna, L50, M|
|poke|p1|Indeedee-F, L50, F|
|poke|p1|Armarouge, L50, F|
|poke|p2|Tyranitar, L50, F|
|poke|p2|Lycanroc, L50, M|
|poke|p2|Indeedee, L50, M|
|poke|p2|Gastrodon-East, L50, M|
|poke|p2|Annihilape, L50, F|
|poke|p2|Gholdengo, L50|
|teampreview|4
|showteam|p1|Archaludon||PowerHerb|Stalwart|ElectroShot,AuraSphere,DragonPulse,Protect|||M|||50|,,,,,Electric]Incineroar||SitrusBerry|Intimidate|FlareBlitz,KnockOff,FakeOut,PartingShot|||M|||50|,,,,,Ghost]Whimsicott||CovertCloak|Prankster|Moonblast,Encore,LightScreen,Tailwind|||F|||50|,,,,,Water]Ursaluna||FlameOrb|Guts|Facade,RainDance,HeadlongRush,Protect|||M|||50|,,,,,Ghost]Indeedee-F||SafetyGoggles|PsychicSurge|DazzlingGleam,HelpingHand,FollowMe,TrickRoom|||F|||50|,,,,,Fairy]Armarouge||LifeOrb|FlashFire|ExpandingForce,ArmorCannon,EnergyBall,Protect|||F|||50|,,,,,Stellar
|showteam|p2|Tyranitar||AguavBerry|SandStream|RockSlide,KnockOff,TeraBlast,Protect|||F|||50|,,,,,Bug]Lycanroc||FocusSash|SandRush|RockSlide,CloseCombat,Taunt,Protect|||M|||50|,,,,,Fighting]Indeedee||ChoiceScarf|PsychicSurge|ExpandingForce,TeraBlast,Trick,Protect|||M|||50|,,,,,Psychic]Gastrodon-East||Leftovers|StormDrain|EarthPower,Yawn,ClearSmog,Protect|||M|||50|,,,,,Grass]Annihilape||PsychicSeed|Defiant|DrainPunch,RageFist,BulkUp,Protect|||F|||50|,,,,,Water]Gholdengo||LifeOrb|GoodasGold|MakeItRain,ShadowBall,NastyPlot,Protect||||||50|,,,,,Flying
|inactive|Battle timer is ON: inactive players will automatically lose when time's up. (requested by Toslowbro30)
|
|t:|1756552956
|teamsize|p1|4
|teamsize|p2|4
|start
|switch|p1a: Whimsicott|Whimsicott, L50, F|100/100
|switch|p1b: Archaludon|Archaludon, L50, M|100/100
|switch|p2a: Tyranitar|Tyranitar, L50, F|100/100
|switch|p2b: Lycanroc|Lycanroc, L50, M|100/100
|-weather|Sandstorm|[from] ability: Sand Stream|[of] p2a: Tyranitar
|turn|1
|inactive|Toslowbro30 has 30 seconds left.
|inactive|Rexolboy has 30 seconds left.
|inactive|Toslowbro30 has 20 seconds left.
|inactive|Toslowbro30 has 15 seconds left.
|
|t:|1756553000
|-terastallize|p1b: Archaludon|Electric
|move|p2b: Lycanroc|Protect|p2b: Lycanroc
|-singleturn|p2b: Lycanroc|Protect
|move|p1b: Archaludon|Electro Shot||[still]
|-prepare|p1b: Archaludon|Electro Shot
|-boost|p1b: Archaludon|spa|1
|-enditem|p1b: Archaludon|Power Herb
|-anim|p1b: Archaludon|Electro Shot|p2b: Lycanroc
|-activate|p2b: Lycanroc|move: Protect
|move|p1a: Whimsicott|Moonblast|p2b: Lycanroc
|-activate|p2b: Lycanroc|move: Protect
|move|p2a: Tyranitar|Knock Off|p1b: Archaludon
|-damage|p1b: Archaludon|68/100
|
|-weather|Sandstorm|[upkeep]
|-damage|p1b: Archaludon|62/100|[from] Sandstorm
|-damage|p1a: Whimsicott|95/100|[from] Sandstorm
|upkeep
|turn|2
|inactive|Toslowbro30 has 30 seconds left.
|inactive|Toslowbro30 has 20 seconds left.
|
|t:|1756553036
|-terastallize|p2a: Tyranitar|Bug
|move|p1a: Whimsicott|Encore|p2b: Lycanroc
|-start|p2b: Lycanroc|Encore
|move|p2b: Lycanroc|Protect|p2b: Lycanroc
|-singleturn|p2b: Lycanroc|Protect
|move|p1b: Archaludon|Aura Sphere|p2a: Tyranitar
|-resisted|p2a: Tyranitar
|-damage|p2a: Tyranitar|81/100
|move|p2a: Tyranitar|Tera Blast|p1a: Whimsicott|[anim] Tera Blast Bug
|-damage|p1a: Whimsicott|50/100
|
|-weather|Sandstorm|[upkeep]
|-damage|p1b: Archaludon|56/100|[from] Sandstorm
|-damage|p1a: Whimsicott|44/100|[from] Sandstorm
|-damage|p2a: Tyranitar|76/100|[from] Sandstorm
|upkeep
|turn|3
|inactive|Rexolboy has 30 seconds left.
|
|t:|1756553069
|switch|p2b: Annihilape|Annihilape, L50, F|100/100
|move|p2a: Tyranitar|Protect|p2a: Tyranitar
|-singleturn|p2a: Tyranitar|Protect
|move|p1a: Whimsicott|Tailwind|p1a: Whimsicott
|-sidestart|p1: Rexolboy|move: Tailwind
|move|p1b: Archaludon|Dragon Pulse|p2b: Annihilape
|-damage|p2b: Annihilape|37/100
|
|-weather|Sandstorm|[upkeep]
|-damage|p1b: Archaludon|50/100|[from] Sandstorm
|-damage|p1a: Whimsicott|38/100|[from] Sandstorm
|-damage|p2b: Annihilape|31/100|[from] Sandstorm
|-damage|p2a: Tyranitar|70/100|[from] Sandstorm
|upkeep
|turn|4
|
|t:|1756553089
|switch|p1a: Incineroar|Incineroar, L50, M, shiny|100/100
|-ability|p1a: Incineroar|Intimidate|boost
|-unboost|p2a: Tyranitar|atk|1
|-unboost|p2b: Annihilape|atk|1
|-ability|p2b: Annihilape|Defiant|boost
|-boost|p2b: Annihilape|atk|2
|switch|p2a: Gastrodon|Gastrodon-East, L50, M|100/100
|move|p2b: Annihilape|Protect|p2b: Annihilape
|-singleturn|p2b: Annihilape|Protect
|move|p1b: Archaludon|Dragon Pulse|p2b: Annihilape
|-activate|p2b: Annihilape|move: Protect
|
|-weather|Sandstorm|[upkeep]
|-damage|p1b: Archaludon|44/100|[from] Sandstorm
|-damage|p1a: Incineroar|95/100|[from] Sandstorm
|-damage|p2b: Annihilape|25/100|[from] Sandstorm
|upkeep
|turn|5
|inactive|Rexolboy has 30 seconds left.
|inactive|Toslowbro30 has 30 seconds left.
|inactive|Rexolboy has 20 seconds left.
|inactive|Toslowbro30 has 20 seconds left.
|
|t:|1756553127
|move|p1b: Archaludon|Dragon Pulse|p2a: Gastrodon
|-damage|p2a: Gastrodon|38/100
|move|p1a: Incineroar|Flare Blitz|p2b: Annihilape
|-damage|p2b: Annihilape|0 fnt
|faint|p2b: Annihilape
|-damage|p1a: Incineroar|86/100|[from] Recoil
|move|p2a: Gastrodon|Earth Power|p1a: Incineroar
|-supereffective|p1a: Incineroar
|-damage|p1a: Incineroar|36/100
|-enditem|p1a: Incineroar|Sitrus Berry|[eat]
|-heal|p1a: Incineroar|60/100|[from] item: Sitrus Berry
|
|-weather|none
|-heal|p2a: Gastrodon|44/100|[from] item: Leftovers
|upkeep
|
|t:|1756553140
|switch|p2b: Lycanroc|Lycanroc, L50, M|100/100
|turn|6
|inactive|Rexolboy has 30 seconds left.
|
|t:|1756553175
|switch|p1a: Whimsicott|Whimsicott, L50, F|38/100
|move|p2b: Lycanroc|Protect|p2b: Lycanroc
|-singleturn|p2b: Lycanroc|Protect
|move|p2a: Gastrodon|Protect|p2a: Gastrodon
|-singleturn|p2a: Gastrodon|Protect
|move|p1b: Archaludon|Electro Shot||[still]
|-prepare|p1b: Archaludon|Electro Shot
|-boost|p1b: Archaludon|spa|1
|
|-heal|p2a: Gastrodon|50/100|[from] item: Leftovers
|-sideend|p1: Rexolboy|move: Tailwind
|upkeep
|turn|7
|
|t:|1756553197
|switch|p2b: Tyranitar|Tyranitar, L50, F, tera:Bug|70/100
|-weather|Sandstorm|[from] ability: Sand Stream|[of] p2b: Tyranitar
|move|p1a: Whimsicott|Encore|p2a: Gastrodon
|-start|p2a: Gastrodon|Encore
|move|p1b: Archaludon|Electro Shot|p2b: Tyranitar|[from] lockedmove
|-damage|p2b: Tyranitar|0 fnt
|faint|p2b: Tyranitar
|move|p2a: Gastrodon|Protect||[still]
|-fail|p2a: Gastrodon
|
|-weather|Sandstorm|[upkeep]
|-damage|p1b: Archaludon|38/100|[from] Sandstorm
|-damage|p1a: Whimsicott|32/100|[from] Sandstorm
|-heal|p2a: Gastrodon|57/100|[from] item: Leftovers
|upkeep
|
|t:|1756553205
|switch|p2b: Lycanroc|Lycanroc, L50, M|100/100
|turn|8
|c|☆Toslowbro30|gg wp
|
|t:|1756553225
|switch|p1a: Incineroar|Incineroar, L50, M, shiny|60/100
|-ability|p1a: Incineroar|Intimidate|boost
|-unboost|p2a: Gastrodon|atk|1
|-unboost|p2b: Lycanroc|atk|1
|move|p1b: Archaludon|Protect|p1b: Archaludon
|-singleturn|p1b: Archaludon|Protect
|move|p2a: Gastrodon|Protect|p2a: Gastrodon
|-singleturn|p2a: Gastrodon|Protect
|move|p2b: Lycanroc|Rock Slide|p1b: Archaludon|[spread] 
|-activate|p1b: Archaludon|move: Protect
|-miss|p2b: Lycanroc|p1a: Incineroar
|
|-weather|Sandstorm|[upkeep]
|-damage|p1b: Archaludon|32/100|[from] Sandstorm
|-damage|p1a: Incineroar|54/100|[from] Sandstorm
|-heal|p2a: Gastrodon|63/100|[from] item: Leftovers
|upkeep
|turn|9
|
|t:|1756553243
|move|p2b: Lycanroc|Protect|p2b: Lycanroc
|-singleturn|p2b: Lycanroc|Protect
|move|p2a: Gastrodon|Protect||[still]
|-fail|p2a: Gastrodon
|move|p1a: Incineroar|Fake Out|p2b: Lycanroc
|-activate|p2b: Lycanroc|move: Protect
|move|p1b: Archaludon|Dragon Pulse|p2a: Gastrodon
|-damage|p2a: Gastrodon|0 fnt
|faint|p2a: Gastrodon
|
|-weather|Sandstorm|[upkeep]
|-damage|p1b: Archaludon|26/100|[from] Sandstorm
|-damage|p1a: Incineroar|49/100|[from] Sandstorm
|upkeep
|turn|10
|
|t:|1756553255
|switch|p1a: Whimsicott|Whimsicott, L50, F|32/100
|move|p1b: Archaludon|Protect|p1b: Archaludon
|-singleturn|p1b: Archaludon|Protect
|move|p2b: Lycanroc|Rock Slide|p1a: Whimsicott|[spread] p1a
|-activate|p1b: Archaludon|move: Protect
|-damage|p1a: Whimsicott|12/100
|
|-weather|Sandstorm|[upkeep]
|-damage|p1b: Archaludon|20/100|[from] Sandstorm
|-damage|p1a: Whimsicott|6/100|[from] Sandstorm
|upkeep
|turn|11
|
|t:|1756553263
|move|p1a: Whimsicott|Tailwind|p1a: Whimsicott
|-sidestart|p1: Rexolboy|move: Tailwind
|move|p2b: Lycanroc|Rock Slide|p1b: Archaludon|[spread] p1a,p1b
|-damage|p1a: Whimsicott|0 fnt
|-damage|p1b: Archaludon|4/100
|faint|p1a: Whimsicott
|move|p1b: Archaludon|Aura Sphere|p2b: Lycanroc
|-supereffective|p2b: Lycanroc
|-enditem|p2b: Lycanroc|Focus Sash
|-damage|p2b: Lycanroc|1/100
|
|-weather|none
|upkeep
|
|t:|1756553265
|switch|p1a: Incineroar|Incineroar, L50, M, shiny|49/100
|-ability|p1a: Incineroar|Intimidate|boost
|-unboost|p2b: Lycanroc|atk|1
|turn|12
|
|t:|1756553271
|move|p1a: Incineroar|Fake Out|p2b: Lycanroc
|-resisted|p2b: Lycanroc
|-damage|p2b: Lycanroc|0 fnt
|faint|p2b: Lycanroc
|
|win|Rexolboy
||Toslowbro30 is ready for game 3.
