|j|☆roman_legend
|j|☆franny6767
|html|roman_legendfranny6767    
|uhtml|bestof|Game 1 of a best-of-3
|t:|1756860248
|gametype|doubles
|player|p1|roman_legend|102|1077
|player|p2|franny6767|265|1128
|gen|9
|tier|[Gen 9] VGC 2025 Reg H (Bo3)
|rated|
|rule|Species Clause: Limit one of each Pokémon
|rule|Item Clause: Limit 1 of each item
|clearpoke
|poke|p1|Gholdengo, L50|
|poke|p1|Sneasler, L50, M|
|poke|p1|Rillaboom, L50, M|
|poke|p1|Dragonite, L50, F|
|poke|p1|Ninetales-Alola, L50, F|
|poke|p1|Arcanine-Hisui, L50, F|
|poke|p2|Dragonite, L50, F|
|poke|p2|Annihilape, L50, M|
|poke|p2|Garchomp, L50, F|
|poke|p2|Whimsicott, L50, M|
|poke|p2|Incineroar, L50, F|
|poke|p2|Gholdengo, L50|
|teampreview|4
|showteam|p1|Gholdengo||GrassySeed|GoodasGold|NastyPlot,MakeItRain,ShadowBall,Protect||||||50|,,,,,Water]Sneasler||WhiteHerb|Unburden|CloseCombat,DireClaw,Coaching,Protect|||M|||50|,,,,,Ghost]Rillaboom||AssaultVest|GrassySurge|FakeOut,GrassyGlide,DrumBeating,HighHorsepower|||M|||50|,,,,,Fire]Dragonite||LoadedDice|Multiscale|ScaleShot,StompingTantrum,Tailwind,Protect|||F|||50|,,,,,Ground]Ninetales-Alola||FocusSash|SnowWarning|Blizzard,IcyWind,Encore,AuroraVeil|||F|||50|,,,,,Ghost]Arcanine-Hisui||ClearAmulet|Intimidate|RockSlide,FlareBlitz,ExtremeSpeed,Protect|||F|||50|,,,,,Water
|showteam|p2|Dragonite||LoadedDice|Multiscale|ScaleShot,Protect,Tailwind,Haze|||F|||50|,,,,,Fairy]Annihilape||SafetyGoggles|Defiant|CloseCombat,FinalGambit,RageFist,Coaching|||M|||50|,,,,,Fire]Garchomp||LifeOrb|RoughSkin|Earthquake,DragonClaw,StompingTantrum,Protect|||F|||50|,,,,,Fairy]Whimsicott||FocusSash|Prankster|Moonblast,Taunt,Tailwind,BeatUp|||M|||50|,,,,,Ghost]Incineroar||MirrorHerb|Intimidate|KnockOff,FlareBlitz,FakeOut,PartingShot|||F|||50|,,,,,Ghost]Gholdengo||ChoiceSpecs|GoodasGold|MakeItRain,SteelBeam,ShadowBall,PowerGem||||||50|,,,,,Flying
|inactive|Battle timer is ON: inactive players will automatically lose when time's up. (requested by franny6767)
|inactive|roman_legend has 60 seconds left.
|inactive|franny6767 has 60 seconds left.
|
|t:|1756860292
|teamsize|p1|4
|teamsize|p2|4
|start
|switch|p1a: Dragonite|Dragonite, L50, F|100/100
|switch|p1b: Ninetales|Ninetales-Alola, L50, F|100/100
|switch|p2a: Annihilape|Annihilape, L50, M|100/100
|switch|p2b: Whimsicott|Whimsicott, L50, M|100/100
|-weather|Snowscape|[from] ability: Snow Warning|[of] p1b: Ninetales
|turn|1
|inactive|roman_legend has 30 seconds left.
|
|t:|1756860322
|move|p2b: Whimsicott|Tailwind|p2b: Whimsicott
|-sidestart|p2: franny6767|move: Tailwind
|move|p2a: Annihilape|Final Gambit|p1a: Dragonite
|-damage|p1a: Dragonite|0 fnt
|faint|p2a: Annihilape
|faint|p1a: Dragonite
|move|p1b: Ninetales|Blizzard|p2b: Whimsicott
|-supereffective|p2b: Whimsicott
|-enditem|p2b: Whimsicott|Focus Sash
|-damage|p2b: Whimsicott|1/100
|-status|p2b: Whimsicott|frz
|
|-weather|Snowscape|[upkeep]
|upkeep
|
|t:|1756860332
|switch|p2a: Gholdengo|Gholdengo, L50|100/100
|switch|p1a: Gholdengo|Gholdengo, L50, shiny|100/100
|turn|2
|
|t:|1756860351
|-terastallize|p2a: Gholdengo|Flying
|-terastallize|p1a: Gholdengo|Water
|cant|p2b: Whimsicott|frz
|move|p2a: Gholdengo|Make It Rain|p1b: Ninetales|[spread] p1a,p1b
|-resisted|p1a: Gholdengo
|-supereffective|p1b: Ninetales
|-damage|p1a: Gholdengo|61/100
|-enditem|p1b: Ninetales|Focus Sash
|-damage|p1b: Ninetales|1/100
|-unboost|p2a: Gholdengo|spa|1
|move|p1b: Ninetales|Blizzard|p2b: Whimsicott|[spread] p2a,p2b
|-supereffective|p2a: Gholdengo
|-supereffective|p2b: Whimsicott
|-damage|p2a: Gholdengo|31/100
|-damage|p2b: Whimsicott|0 fnt
|faint|p2b: Whimsicott
|move|p1a: Gholdengo|Shadow Ball|p2a: Gholdengo
|-damage|p2a: Gholdengo|0 fnt
|faint|p2a: Gholdengo
|
|-weather|Snowscape|[upkeep]
|upkeep
|
|t:|1756860356
|switch|p2b: Garchomp|Garchomp, L50, F|100/100
|turn|3
|
|t:|1756860380
|move|p2b: Garchomp|Earthquake|p1a: Gholdengo|[spread] p1a,p1b
|-damage|p1a: Gholdengo|15/100
|-damage|p1b: Ninetales|0 fnt
|faint|p1b: Ninetales
|-damage|p2b: Garchomp|91/100|[from] item: Life Orb
|move|p1a: Gholdengo|Shadow Ball|p2b: Garchomp
|-crit|p2b: Garchomp
|-damage|p2b: Garchomp|23/100
|
|-weather|Snowscape|[upkeep]
|upkeep
|
|t:|1756860387
|switch|p1b: Sneasler|Sneasler, L50, M, shiny|100/100
|turn|4
|
|t:|1756860398
|move|p1b: Sneasler|Protect|p1b: Sneasler
|-singleturn|p1b: Sneasler|Protect
|move|p1a: Gholdengo|Protect|p1a: Gholdengo
|-singleturn|p1a: Gholdengo|Protect
|move|p2b: Garchomp|Earthquake|p1a: Gholdengo|[spread] 
|-activate|p1a: Gholdengo|move: Protect
|-activate|p1b: Sneasler|move: Protect
|
|-weather|Snowscape|[upkeep]
|-sideend|p2: franny6767|move: Tailwind
|upkeep
|turn|5
|
|t:|1756860405
|move|p2b: Garchomp|Earthquake|p1b: Sneasler|[spread] p1a,p1b
|-supereffective|p1b: Sneasler
|-damage|p1a: Gholdengo|0 fnt
|-damage|p1b: Sneasler|0 fnt
|faint|p1a: Gholdengo
|faint|p1b: Sneasler
|-damage|p2b: Garchomp|14/100|[from] item: Life Orb
|
|win|franny6767
||franny6767 is ready for game 2.
||roman_legend is ready for game 2.
|uhtml|next|Next: Game 2 of 3
