|j|☆flubberbut
|j|☆kenepa21
|html|flubberbutkenepa21    
|uhtml|bestof|Game 3 of a best-of-3
|t:|1755133218
|gametype|doubles
|player|p1|flubberbut|102|1291
|player|p2|kenepa21|266|1300
|gen|9
|tier|[Gen 9] VGC 2025 Reg H (Bo3)
|rated|
|rule|Species Clause: Limit one of each Pokémon
|rule|Item Clause: Limit 1 of each item
|clearpoke
|poke|p1|Talonflame, L50, F|
|poke|p1|Dondozo, L50, F|
|poke|p1|Gholdengo, L50|
|poke|p1|Tatsugiri, L50, M|
|poke|p1|Clefable, L50, M|
|poke|p1|Dragapult, L50, F|
|poke|p2|Dragonite, L50, M|
|poke|p2|Archaludon, L50, F|
|poke|p2|Sinistcha, L50|
|poke|p2|Incineroar, L50, M|
|poke|p2|Pelipper, L50, M|
|poke|p2|Kingdra, L50, F|
|teampreview|4
|showteam|p1|Talonflame||ClearAmulet|GaleWings|BraveBird,FlareBlitz,Tailwind,Taunt|||F|||50|,,,,,Ghost]Dondozo||CovertCloak|Unaware|WaveCrash,Earthquake,OrderUp,Protect|||F|||50|,,,,,Grass]Gholdengo||ChoiceSpecs|GoodasGold|MakeItRain,ShadowBall,PowerGem,Thunderbolt||||||50|,,,,,Steel]Tatsugiri||FocusSash|Commander|DracoMeteor,MuddyWater,DragonPulse,Protect|||M|||50|,,,,,Stellar]Clefable||SitrusBerry|Unaware|FollowMe,Protect,Thunderbolt,Moonblast|||M|||50|,,,,,Water]Dragapult||ChoiceBand|ClearBody|DragonDarts,PhantomForce,Uturn,Outrage|||F|||50|,,,,,Dragon
|showteam|p2|Dragonite||LoadedDice|Multiscale|ScaleShot,ExtremeSpeed,Haze,Protect|||M|||50|,,,,,Fairy]Archaludon||AssaultVest|Stamina|ElectroShot,DragonPulse,FlashCannon,BodyPress|||F|||50|,,,,,Bug]Sinistcha||Leftovers|Hospitality|MatchaGotcha,RagePowder,TrickRoom,ShadowBall||||||50|,,,,,Grass]Incineroar||SafetyGoggles|Intimidate|KnockOff,FakeOut,PartingShot,FlareBlitz|||M|||50|,,,,,Water]Pelipper||FocusSash|Drizzle|Hurricane,WeatherBall,Tailwind,Protect|||M|||50|,,,,,Stellar]Kingdra||LifeOrb|SwiftSwim|WeatherBall,DracoMeteor,MuddyWater,Protect|||F|||50|,,,,,Water
|inactive|Battle timer is ON: inactive players will automatically lose when time's up. (requested by flubberbut)
|
|t:|1755133229
|teamsize|p1|4
|teamsize|p2|4
|start
|switch|p1a: Talonflame|Talonflame, L50, F|100/100
|switch|p1b: Gholdengo|Gholdengo, L50|100/100
|switch|p2a: Pelipper|Pelipper, L50, M|100/100
|switch|p2b: Kingdra|Kingdra, L50, F|100/100
|-weather|RainDance|[from] ability: Drizzle|[of] p2a: Pelipper
|turn|1
|inactive|flubberbut has 30 seconds left.
|inactive|flubberbut has 20 seconds left.
|
|t:|1755133268
|move|p1a: Talonflame|Tailwind|p1a: Talonflame
|-sidestart|p1: flubberbut|move: Tailwind
|move|p1b: Gholdengo|Make It Rain|p2a: Pelipper|[spread] p2a,p2b
|-resisted|p2a: Pelipper
|-resisted|p2b: Kingdra
|-damage|p2a: Pelipper|37/100
|-damage|p2b: Kingdra|54/100
|-unboost|p1b: Gholdengo|spa|1
|move|p2b: Kingdra|Muddy Water|p1a: Talonflame|[spread] p1a,p1b
|-supereffective|p1a: Talonflame
|-damage|p1a: Talonflame|0 fnt
|-damage|p1b: Gholdengo|31/100
|-unboost|p1b: Gholdengo|accuracy|1
|faint|p1a: Talonflame
|-damage|p2b: Kingdra|44/100|[from] item: Life Orb
|move|p2a: Pelipper|Tailwind|p2a: Pelipper
|-sidestart|p2: kenepa21|move: Tailwind
|
|-weather|RainDance|[upkeep]
|upkeep
|
|t:|1755133274
|switch|p1a: Dondozo|Dondozo, L50, F|100/100
|turn|2
|
|t:|1755133293
|switch|p1b: Tatsugiri|Tatsugiri, L50, M|100/100
|-activate|p1b: Tatsugiri|ability: Commander|[of] p1a: Dondozo
|-boost|p1a: Dondozo|atk|2
|-boost|p1a: Dondozo|spa|2
|-boost|p1a: Dondozo|spe|2
|-boost|p1a: Dondozo|def|2
|-boost|p1a: Dondozo|spd|2
|switch|p2a: Archaludon|Archaludon, L50, F|100/100
|move|p2b: Kingdra|Draco Meteor|p1a: Dondozo
|-damage|p1a: Dondozo|56/100
|-unboost|p2b: Kingdra|spa|2
|-damage|p2b: Kingdra|34/100|[from] item: Life Orb
|move|p1a: Dondozo|Order Up|p2a: Archaludon
|-damage|p2a: Archaludon|65/100
|-ability|p2a: Archaludon|Stamina|boost
|-boost|p2a: Archaludon|def|1
|-boost|p1a: Dondozo|atk|1
|
|-weather|RainDance|[upkeep]
|upkeep
|turn|3
|
|t:|1755133314
|-terastallize|p1a: Dondozo|Grass
|move|p2b: Kingdra|Draco Meteor|p1a: Dondozo
|-damage|p1a: Dondozo|9/100
|-unboost|p2b: Kingdra|spa|2
|-damage|p2b: Kingdra|24/100|[from] item: Life Orb
|move|p1a: Dondozo|Earthquake|p2a: Archaludon|[spread] p2a,p2b
|-miss|p1a: Dondozo|p1b: Tatsugiri
|-supereffective|p2a: Archaludon
|-damage|p2a: Archaludon|0 fnt
|-damage|p2b: Kingdra|0 fnt
|faint|p2a: Archaludon
|faint|p2b: Kingdra
|
|-weather|RainDance|[upkeep]
|upkeep
|
|t:|1755133320
|switch|p2a: Dragonite|Dragonite, L50, M|100/100
|switch|p2b: Pelipper|Pelipper, L50, M|37/100
|turn|4
|inactive|flubberbut has 30 seconds left.
|
|t:|1755133353
|move|p1a: Dondozo|Order Up|p2a: Dragonite
|-supereffective|p2a: Dragonite
|-damage|p2a: Dragonite|40/100
|-boost|p1a: Dondozo|atk|1
|move|p2a: Dragonite|Scale Shot|p1a: Dondozo
|-damage|p1a: Dondozo|4/100
|-damage|p1a: Dondozo|0 fnt
|faint|p1a: Dondozo
|-hitcount|p1: Dondozo|2
|-unboost|p2a: Dragonite|def|1
|-boost|p2a: Dragonite|spe|1
|move|p2b: Pelipper|Hurricane|p1b: Tatsugiri
|-damage|p1b: Tatsugiri|28/100
|-start|p1b: Tatsugiri|confusion
|
|-weather|RainDance|[upkeep]
|-sideend|p1: flubberbut|move: Tailwind
|-sideend|p2: kenepa21|move: Tailwind
|upkeep
|
|t:|1755133359
|switch|p1a: Gholdengo|Gholdengo, L50|31/100
|turn|5
|
|t:|1755133375
|-terastallize|p2a: Dragonite|Fairy
|move|p2a: Dragonite|Scale Shot|p1a: Gholdengo
|-resisted|p1a: Gholdengo
|-damage|p1a: Gholdengo|23/100
|-resisted|p1a: Gholdengo
|-damage|p1a: Gholdengo|15/100
|-resisted|p1a: Gholdengo
|-damage|p1a: Gholdengo|7/100
|-resisted|p1a: Gholdengo
|-damage|p1a: Gholdengo|0 fnt
|faint|p1a: Gholdengo
|-hitcount|p1: Gholdengo|4
|-unboost|p2a: Dragonite|def|1
|-boost|p2a: Dragonite|spe|1
|-activate|p1b: Tatsugiri|confusion
|-damage|p1b: Tatsugiri|21/100|[from] confusion
|move|p2b: Pelipper|Tailwind|p2b: Pelipper
|-sidestart|p2: kenepa21|move: Tailwind
|
|-weather|none
|upkeep
|turn|6
|
|t:|1755133396
|move|p2a: Dragonite|Extreme Speed|p1b: Tatsugiri
|-crit|p1b: Tatsugiri
|-damage|p1b: Tatsugiri|0 fnt
|faint|p1b: Tatsugiri
|
|win|kenepa21
|raw|flubberbut's rating: 1291 → 1267(-24 for losing)
|raw|kenepa21's rating: 1300 → 1324(+24 for winning)
|l|☆flubberbut
|player|p1|
