|j|☆Poiunllkj
|j|☆TopekaMelon
|html|PoiunllkjTopekaMelon    
|uhtml|bestof|Game 1 of a best-of-3
|t:|1783625914
|gametype|doubles
|player|p1|Poiunllkj|266|1000
|player|p2|TopekaMelon|sabrina|1000
|gen|9
|tier|[Gen 9 Champions] VGC 2026 Reg M-B (Bo3)
|rated|
|rule|Species Clause: Limit one of each Pokémon
|rule|Item Clause: Limit 1 of each item
|clearpoke
|poke|p1|Salazzle, L50, F|
|poke|p1|Grimmsnarl, L50, M|
|poke|p1|Chesnaught, L50, F|
|poke|p1|Whimsicott, L50, F|
|poke|p1|Palafin, L50, M|
|poke|p1|Politoed, L50, F|
|poke|p2|Kangaskhan, L50, F|
|poke|p2|Farigiraf, L50, F|
|poke|p2|Torkoal, L50, M|
|poke|p2|Mawile, L50, F|
|poke|p2|Pyroar, L50, F|
|poke|p2|Gallade, L50, M|
|teampreview|4
|showteam|p1|Salazzle||FocusSash|Corrosion|Endeavor,FakeOut,Toxic,HeatWave|Timid||F|||50|]Grimmsnarl||LightClay|Prankster|SpiritBreak,LightScreen,Reflect,Assurance|Adamant||M|||50|]Chesnaught||Chesnaughtite|Bulletproof|DrainPunch,SpikyShield,GrassyGlide,BellyDrum|Adamant||F|||50|]Whimsicott||FairyFeather|Prankster|Moonblast,Tailwind,Protect,GrassyTerrain|Timid||F|||50|]Palafin||MysticWater|ZerotoHero|JetPunch,CloseCombat,Protect,FlipTurn|Jolly||M|||50|]Politoed||Leftovers|Drizzle|Haze,IceBeam,MuddyWater,Protect|Calm||F|||50|
|showteam|p2|Kangaskhan||SilkScarf|Scrappy|FakeOut,LastResort|Brave||F|||50|]Farigiraf||SitrusBerry|ArmorTail|HelpingHand,TrickRoom,Psychic,Thunderbolt|Quiet||F|||50|]Torkoal||Charcoal|Drought|Protect,Eruption,WeatherBall,EarthPower|Quiet||M|||50|]Mawile||Mawilite|Intimidate|Protect,SuckerPunch,PlayRough,RockSlide|Brave||F|||50|]Pyroar||Pyroarite|Rivalry|Protect,HeatWave,Overheat,SolarBeam|Timid||F|||50|]Gallade||WhiteHerb|Sharpness|SacredSword,PsychoCut,LeafBlade,TrickRoom|Brave||M|||50|
|
|t:|1783625948
|teamsize|p1|4
|teamsize|p2|4
|start
|switch|p1a: Whimsicott|Whimsicott, L50, F|100/100
|switch|p1b: Salazzle|Salazzle, L50, F|100/100
|switch|p2a: Farigiraf|Farigiraf, L50, F|100/100
|switch|p2b: Kangaskhan|Kangaskhan, L50, F|100/100
|turn|1
|
|t:|1783625973
|move|p1b: Salazzle|Fake Out||[still]
|cant|p2a: Farigiraf|ability: Armor Tail|Fake Out|[of] p1b: Salazzle
|move|p2b: Kangaskhan|Fake Out|p1b: Salazzle
|-damage|p1b: Salazzle|54/100
|move|p1a: Whimsicott|Moonblast|p2a: Farigiraf
|-damage|p2a: Farigiraf|68/100
|move|p2a: Farigiraf|Trick Room|p2a: Farigiraf
|-fieldstart|move: Trick Room|[of] p2a: Farigiraf
|
|upkeep
|turn|2
|
|t:|1783625992
|switch|p2a: Torkoal|Torkoal, L50, M|100/100
|-weather|SunnyDay|[from] ability: Drought|[of] p2a: Torkoal
|move|p1a: Whimsicott|Grassy Terrain|p1a: Whimsicott
|-fieldstart|move: Grassy Terrain
|move|p2b: Kangaskhan|Last Resort|p1b: Salazzle
|-damage|p1b: Salazzle|0 fnt
|faint|p1b: Salazzle
|
|-weather|SunnyDay|[upkeep]
|upkeep
|
|t:|1783626005
|switch|p1b: Chesnaught|Chesnaught, L50, F|100/100
|turn|3
|
|t:|1783626019
|switch|p1a: Politoed|Politoed, L50, F|100/100
|-weather|RainDance|[from] ability: Drizzle|[of] p1a: Politoed
|detailschange|p1b: Chesnaught|Chesnaught-Mega, L50, F
|-mega|p1b: Chesnaught|Chesnaught|Chesnaughtite
|move|p1b: Chesnaught|Grassy Glide|p2b: Kangaskhan
|-damage|p2b: Kangaskhan|57/100
|move|p2a: Torkoal|Eruption|p1a: Politoed|[spread] p1a,p1b
|-resisted|p1a: Politoed|1
|-supereffective|p1b: Chesnaught|1
|-damage|p1a: Politoed|90/100
|-damage|p1b: Chesnaught|56/100
|move|p2b: Kangaskhan|Last Resort|p1b: Chesnaught
|-damage|p1b: Chesnaught|10/100
|
|-weather|RainDance|[upkeep]
|-heal|p1b: Chesnaught|16/100|[from] Grassy Terrain
|-heal|p1a: Politoed|96/100|[from] Grassy Terrain
|-heal|p1a: Politoed|100/100|[from] item: Leftovers
|-heal|p2b: Kangaskhan|63/100|[from] Grassy Terrain
|upkeep
|turn|4
|
|t:|1783626047
|switch|p2a: Farigiraf|Farigiraf, L50, F|68/100
|move|p1b: Chesnaught|Drain Punch|p2b: Kangaskhan
|-supereffective|p2b: Kangaskhan|1
|-damage|p2b: Kangaskhan|0 fnt
|-heal|p1b: Chesnaught|51/100|[from] drain|[of] p2b: Kangaskhan
|faint|p2b: Kangaskhan
|move|p1a: Politoed|Muddy Water|p2a: Farigiraf
|-crit|p2a: Farigiraf
|-damage|p2a: Farigiraf|18/100
|-enditem|p2a: Farigiraf|Sitrus Berry|[eat]
|-heal|p2a: Farigiraf|42/100|[from] item: Sitrus Berry
|
|-weather|RainDance|[upkeep]
|-heal|p1b: Chesnaught|57/100|[from] Grassy Terrain
|-heal|p2a: Farigiraf|48/100|[from] Grassy Terrain
|upkeep
|
|t:|1783626061
|switch|p2b: Gallade|Gallade, L50, M|100/100
|turn|5
|
|t:|1783626074
|move|p1b: Chesnaught|Spiky Shield|p1b: Chesnaught
|-singleturn|p1b: Chesnaught|move: Protect
|move|p2a: Farigiraf|Psychic|p1b: Chesnaught
|-activate|p1b: Chesnaught|move: Protect
|move|p2b: Gallade|Leaf Blade|p1a: Politoed
|-supereffective|p1a: Politoed|1
|-damage|p1a: Politoed|0 fnt
|faint|p1a: Politoed
|
|-weather|RainDance|[upkeep]
|-heal|p1b: Chesnaught|63/100|[from] Grassy Terrain
|-heal|p2a: Farigiraf|55/100|[from] Grassy Terrain
|-fieldend|move: Trick Room
|upkeep
|
|t:|1783626088
|switch|p1a: Whimsicott|Whimsicott, L50, F|100/100
|turn|6
|
|t:|1783626099
|move|p1a: Whimsicott|Moonblast|p2b: Gallade
|-supereffective|p2b: Gallade|1
|-damage|p2b: Gallade|26/100
|move|p2b: Gallade|Psycho Cut|p1b: Chesnaught
|-supereffective|p1b: Chesnaught|1
|-damage|p1b: Chesnaught|0 fnt
|faint|p1b: Chesnaught
|move|p2a: Farigiraf|Psychic|p1a: Whimsicott
|-damage|p1a: Whimsicott|49/100
|
|-weather|RainDance|[upkeep]
|-heal|p1a: Whimsicott|55/100|[from] Grassy Terrain
|-heal|p2b: Gallade|32/100|[from] Grassy Terrain
|-heal|p2a: Farigiraf|61/100|[from] Grassy Terrain
|-fieldend|move: Grassy Terrain
|upkeep
|turn|7
|
|t:|1783626116
|switch|p2b: Torkoal|Torkoal, L50, M|100/100
|-weather|SunnyDay|[from] ability: Drought|[of] p2b: Torkoal
|move|p1a: Whimsicott|Moonblast|p2b: Torkoal
|-resisted|p2b: Torkoal|1
|-damage|p2b: Torkoal|69/100
|move|p2a: Farigiraf|Psychic|p1a: Whimsicott
|-damage|p1a: Whimsicott|8/100
|
|-weather|SunnyDay|[upkeep]
|upkeep
|turn|8
|-message|Poiunllkj forfeited.
|raw|Poiunllkj's rating: 1000 → 1000(+0 for losing)
|raw|TopekaMelon's rating: 1000 → 1040(+40 for winning)
|
|win|TopekaMelon
|l|☆Poiunllkj
|player|p1|
