|j|☆Treecko25
|j|☆andiom123
|html|Treecko25andiom123    
|uhtml|bestof|Game 1 of a best-of-3
|t:|1783299985
|gametype|doubles
|player|p1|Treecko25|hilda|1147
|player|p2|andiom123|red|1178
|gen|9
|tier|[Gen 9 Champions] VGC 2026 Reg M-B (Bo3)
|rated|
|rule|Species Clause: Limit one of each Pokémon
|rule|Item Clause: Limit 1 of each item
|clearpoke
|poke|p1|Sceptile, L50, F, shiny|
|poke|p1|Rotom-Wash, L50|
|poke|p1|Floette-Eternal, L50, F|
|poke|p1|Garchomp, L50, F|
|poke|p1|Kingambit, L50, M|
|poke|p1|Talonflame, L50, M|
|poke|p2|Incineroar, L50, M|
|poke|p2|Farigiraf, L50, F|
|poke|p2|Sylveon, L50, M|
|poke|p2|Torkoal, L50, M|
|poke|p2|Kangaskhan, L50, F|
|poke|p2|Mawile, L50, M|
|teampreview|4
|showteam|p1|Sceptile||Sceptilite|Overgrow|DragonPulse,EnergyBall,EarthPower,Protect|Timid||F|||50|]Rotom-Wash||ChoiceScarf|Levitate|Discharge,HydroPump,Thunderbolt,VoltSwitch|Timid|||||50|]Floette-Eternal||Floettite|FlowerVeil|Moonblast,DazzlingGleam,LightofRuin,Protect|Modest||F|||50|]Garchomp||LifeOrb|RoughSkin|StompingTantrum,DragonClaw,RockSlide,Protect|Jolly||F|||50|]Kingambit||ChopleBerry|Defiant|KowtowCleave,SuckerPunch,IronHead,Protect|Adamant||M|||50|]Talonflame||SharpBeak|GaleWings|DualWingbeat,FlareBlitz,Tailwind,QuickGuard|Jolly||M|||50|
|showteam|p2|Incineroar||MuscleBand|Intimidate|ThroatChop,FlareBlitz,FakeOut,PartingShot|Brave||M|||50|]Farigiraf||SitrusBerry|ArmorTail|FoulPlay,PsychicNoise,TrickRoom,HelpingHand|Relaxed||F|||50|]Sylveon||LifeOrb|Pixilate|HyperVoice,HyperBeam,QuickAttack,Detect|Modest||M|||50|]Torkoal||Charcoal|Drought|Eruption,EarthPower,Flamethrower,Protect|Quiet||M|||50|]Kangaskhan||Kangaskhanite|Scrappy|DoubleEdge,FakeOut,IcePunch,HammerArm|Brave||F|||50|]Mawile||Mawilite|HyperCutter|RockSlide,PlayRough,SuckerPunch,Protect|Brave||M|||50|
|
|t:|1783300013
|teamsize|p1|4
|teamsize|p2|4
|start
|switch|p1a: Talonflame|Talonflame, L50, M|100/100
|switch|p1b: Floette|Floette-Eternal, L50, F|100/100
|switch|p2a: Farigiraf|Farigiraf, L50, F|100/100
|switch|p2b: Kangaskhan|Kangaskhan, L50, F|100/100
|turn|1
|inactive|Battle timer is ON: inactive players will automatically lose when time's up. (requested by Treecko25)
|
|t:|1783300029
|detailschange|p1b: Floette|Floette-Mega, L50, F
|-mega|p1b: Floette|Floette|Floettite
|-ability|p1b: Floette|Fairy Aura
|detailschange|p2b: Kangaskhan|Kangaskhan-Mega, L50, F
|-mega|p2b: Kangaskhan|Kangaskhan|Kangaskhanite
|move|p1a: Talonflame|Quick Guard|p1a: Talonflame
|-singleturn|p1a: Talonflame|Quick Guard
|move|p2b: Kangaskhan|Fake Out|p1b: Floette
|-activate|p1b: Floette|move: Quick Guard
|move|p1b: Floette|Dazzling Gleam|p2a: Farigiraf|[spread] p2a,p2b
|-damage|p2a: Farigiraf|51/100
|-damage|p2b: Kangaskhan|64/100
|move|p2a: Farigiraf|Trick Room|p2a: Farigiraf
|-fieldstart|move: Trick Room|[of] p2a: Farigiraf
|
|upkeep
|turn|2
|inactive|andiom123 has 30 seconds left.
|
|t:|1783300054
|move|p2a: Farigiraf|Helping Hand|p2b: Kangaskhan
|-singleturn|p2b: Kangaskhan|Helping Hand|[of] p2a: Farigiraf
|move|p1b: Floette|Protect|p1b: Floette
|-singleturn|p1b: Floette|Protect
|move|p2b: Kangaskhan|Double-Edge|p1a: Talonflame
|-damage|p1a: Talonflame|0 fnt
|faint|p1a: Talonflame
|-damage|p2b: Kangaskhan|39/100|[from] Recoil
|
|upkeep
|
|t:|1783300063
|switch|p1a: Kingambit|Kingambit, L50, M|100/100
|turn|3
|
|t:|1783300078
|move|p2a: Farigiraf|Helping Hand|p2b: Kangaskhan
|-singleturn|p2b: Kangaskhan|Helping Hand|[of] p2a: Farigiraf
|move|p1a: Kingambit|Kowtow Cleave|p2b: Kangaskhan
|-damage|p2b: Kangaskhan|0 fnt
|faint|p2b: Kangaskhan
|move|p1b: Floette|Moonblast|p2a: Farigiraf
|-damage|p2a: Farigiraf|0 fnt
|faint|p2a: Farigiraf
|
|upkeep
|
|t:|1783300088
|switch|p2a: Torkoal|Torkoal, L50, M|100/100
|switch|p2b: Sylveon|Sylveon, L50, M|100/100
|-weather|SunnyDay|[from] ability: Drought|[of] p2a: Torkoal
|turn|4
|
|t:|1783300098
|move|p1a: Kingambit|Protect|p1a: Kingambit
|-singleturn|p1a: Kingambit|Protect
|move|p1b: Floette|Protect|p1b: Floette
|-singleturn|p1b: Floette|Protect
|move|p2a: Torkoal|Eruption|p1b: Floette|[spread] 
|-activate|p1a: Kingambit|move: Protect
|-activate|p1b: Floette|move: Protect
|move|p2b: Sylveon|Hyper Voice|p1b: Floette|[spread] 
|-activate|p1a: Kingambit|move: Protect
|-activate|p1b: Floette|move: Protect
|
|-weather|SunnyDay|[upkeep]
|upkeep
|turn|5
|inactive|Treecko25 has 30 seconds left.
|inactive|Treecko25 has 20 seconds left.
|
|t:|1783300134
|move|p1a: Kingambit|Sucker Punch|p2a: Torkoal
|-damage|p2a: Torkoal|71/100
|move|p2a: Torkoal|Eruption|p1b: Floette|[spread] p1a,p1b
|-supereffective|p1a: Kingambit|1
|-damage|p1a: Kingambit|0 fnt
|-damage|p1b: Floette|50/100g
|faint|p1a: Kingambit
|move|p2b: Sylveon|Hyper Voice|p1b: Floette
|-damage|p1b: Floette|0 fnt
|faint|p1b: Floette
|-damage|p2b: Sylveon|90/100|[from] item: Life Orb
|
|-weather|SunnyDay|[upkeep]
|-fieldend|move: Trick Room
|upkeep
|
|t:|1783300143
|switch|p1b: ガブリアス|Garchomp, L50, F|100/100
|turn|6
|
|t:|1783300163
|move|p2a: Torkoal|Protect|p2a: Torkoal
|-singleturn|p2a: Torkoal|Protect
|move|p1b: ガブリアス|Rock Slide|p2b: Sylveon|[spread] p2b
|-activate|p2a: Torkoal|move: Protect
|-crit|p2b: Sylveon
|-damage|p2b: Sylveon|52/100
|-damage|p1b: ガブリアス|90/100|[from] item: Life Orb
|move|p2b: Sylveon|Hyper Beam|p1b: ガブリアス
|-supereffective|p1b: ガブリアス|1
|-damage|p1b: ガブリアス|0 fnt
|-mustrecharge|p2b: Sylveon
|faint|p1b: ガブリアス
|-damage|p2b: Sylveon|43/100|[from] item: Life Orb
|
|win|andiom123
|inactive|Treecko25 has 30 seconds to confirm battle start!
|inactive|andiom123 has 30 seconds to confirm battle start!
||Treecko25 is ready for game 2.
||andiom123 is ready for game 2.
|uhtml|next|Next: Game 2 of 3
|l|☆Treecko25
|player|p1|
