|j|☆I_LIKE_BREAD7
|j|☆afkahaoai
|html|I_LIKE_BREAD7afkahaoai    
|uhtml|bestof|Game 2 of a best-of-3
|t:|1756347474
|gametype|doubles
|player|p1|I_LIKE_BREAD7|170|1050
|player|p2|afkahaoai|102|1006
|gen|9
|tier|[Gen 9] VGC 2025 Reg H (Bo3)
|rated|
|rule|Species Clause: Limit one of each Pokémon
|rule|Item Clause: Limit 1 of each item
|clearpoke
|poke|p1|Primarina, L50, M|
|poke|p1|Gothitelle, L50, F|
|poke|p1|Ursaluna-Bloodmoon, L50, M|
|poke|p1|Incineroar, L50, M|
|poke|p1|Gholdengo, L50|
|poke|p1|Murkrow, L50, F|
|poke|p2|Annihilape, L50, M|
|poke|p2|Ninetales-Alola, L50, F|
|poke|p2|Talonflame, L50, M|
|poke|p2|Garchomp, L50, M|
|poke|p2|Vivillon-Ocean, L50, F|
|poke|p2|Gholdengo, L50|
|teampreview|4
|showteam|p1|Primarina||ThroatSpray|LiquidVoice|Protect,HyperVoice,Moonblast,PerishSong|||M|||50|,,,,,Dragon]Gothitelle||MentalHerb|ShadowTag|Protect,FakeOut,Psychic,TrickRoom|||F|||50|,,,,,Water]Ursaluna-Bloodmoon||LifeOrb|MindsEye|Protect,HyperVoice,EarthPower,BloodMoon|||M|||50|,,,,,Normal]Incineroar||SitrusBerry|Intimidate|Protect,FakeOut,KnockOff,FlareBlitz|||M|||50|,,,,,Grass]Gholdengo||ChoiceSpecs|GoodasGold|MakeItRain,ShadowBall,Thunderbolt,PowerGem||||||50|,,,,,Steel]Murkrow||FocusSash|Prankster|Protect,Tailwind,PerishSong,FoulPlay|||F|||50|,,,,,Ghost
|showteam|p2|Annihilape||SafetyGoggles|Defiant|RageFist,DrainPunch,BulkUp,Protect|||M|||50|,,,,,Water]Ninetales-Alola||CovertCloak|SnowWarning|Blizzard,FreezeDry,AuroraVeil,Protect|||F|||50|,,,,,Ice]Talonflame||SharpBeak|GaleWings|DualWingbeat,Tailwind,WillOWisp,Protect|||M|||50|,,,,,Ghost]Garchomp||LifeOrb|RoughSkin|Earthquake,StompingTantrum,DragonClaw,Protect|||M|||50|,,,,,Steel]Vivillon-Ocean||FocusSash|CompoundEyes|SleepPowder,Hurricane,RagePowder,Protect|||F|||50|,,,,,Ghost]Gholdengo||IronPlate|GoodasGold|MakeItRain,ShadowBall,NastyPlot,Protect||||||50|,,,,,Steel
|inactive|Battle timer is ON: inactive players will automatically lose when time's up. (requested by afkahaoai)
|inactive|I_LIKE_BREAD7 has 60 seconds left.
|
|t:|1756347505
|teamsize|p1|4
|teamsize|p2|4
|start
|switch|p1a: Murkrow|Murkrow, L50, F|100/100
|switch|p1b: Primarina|Primarina, L50, M|100/100
|switch|p2a: Vivillon|Vivillon-Ocean, L50, F|100/100
|switch|p2b: Talonflame|Talonflame, L50, M|100/100
|turn|1
|inactive|I_LIKE_BREAD7 has 30 seconds left.
|
|t:|1756347532
|switch|p1a: Incineroar|Incineroar, L50, M|100/100
|-ability|p1a: Incineroar|Intimidate|boost
|-unboost|p2a: Vivillon|atk|1
|-unboost|p2b: Talonflame|atk|1
|move|p1b: Primarina|Protect|p1b: Primarina
|-singleturn|p1b: Primarina|Protect
|move|p2b: Talonflame|Tailwind|p2b: Talonflame
|-sidestart|p2: afkahaoai|move: Tailwind
|move|p2a: Vivillon|Sleep Powder|p1b: Primarina
|-activate|p1b: Primarina|move: Protect
|
|upkeep
|turn|2
|inactive|afkahaoai has 30 seconds left.
|
|t:|1756347561
|move|p2a: Vivillon|Protect|p2a: Vivillon
|-singleturn|p2a: Vivillon|Protect
|move|p1a: Incineroar|Fake Out|p2a: Vivillon
|-activate|p2a: Vivillon|move: Protect
|move|p2b: Talonflame|Dual Wingbeat|p1a: Incineroar
|-damage|p1a: Incineroar|88/100
|-damage|p1a: Incineroar|75/100
|-hitcount|p1a: Incineroar|2
|move|p1b: Primarina|Hyper Voice|p2b: Talonflame|[spread] p2b
|-activate|p2a: Vivillon|move: Protect
|-supereffective|p2b: Talonflame
|-damage|p2b: Talonflame|0 fnt
|faint|p2b: Talonflame
|-enditem|p1b: Primarina|Throat Spray
|-boost|p1b: Primarina|spa|1|[from] item: Throat Spray
|
|upkeep
|
|t:|1756347572
|switch|p2b: Ninetales|Ninetales-Alola, L50, F, shiny|100/100
|-weather|Snowscape|[from] ability: Snow Warning|[of] p2b: Ninetales
|turn|3
|
|t:|1756347595
|move|p2b: Ninetales|Protect|p2b: Ninetales
|-singleturn|p2b: Ninetales|Protect
|move|p2a: Vivillon|Sleep Powder|p1b: Primarina
|-status|p1b: Primarina|slp|[from] move: Sleep Powder
|move|p1a: Incineroar|Flare Blitz|p2a: Vivillon
|-supereffective|p2a: Vivillon
|-enditem|p2a: Vivillon|Focus Sash
|-damage|p2a: Vivillon|1/100
|-damage|p1a: Incineroar|49/100|[from] Recoil
|-enditem|p1a: Incineroar|Sitrus Berry|[eat]
|-heal|p1a: Incineroar|74/100|[from] item: Sitrus Berry
|cant|p1b: Primarina|slp
|
|-weather|Snowscape|[upkeep]
|upkeep
|turn|4
|
|t:|1756347609
|switch|p1b: Murkrow|Murkrow, L50, F|100/100
|move|p1a: Incineroar|Protect|p1a: Incineroar
|-singleturn|p1a: Incineroar|Protect
|move|p2b: Ninetales|Aurora Veil|p2b: Ninetales
|-sidestart|p2: afkahaoai|move: Aurora Veil
|move|p2a: Vivillon|Sleep Powder|p1a: Incineroar
|-activate|p1a: Incineroar|move: Protect
|
|-weather|Snowscape|[upkeep]
|-sideend|p2: afkahaoai|move: Tailwind
|upkeep
|turn|5
|inactive|I_LIKE_BREAD7 has 30 seconds left.
|inactive|I_LIKE_BREAD7 has 20 seconds left.
|inactive|I_LIKE_BREAD7 has 15 seconds left.
|inactive|I_LIKE_BREAD7 has 10 seconds left.
|
|t:|1756347654
|-terastallize|p1a: Incineroar|Grass
|move|p2a: Vivillon|Protect|p2a: Vivillon
|-singleturn|p2a: Vivillon|Protect
|move|p1b: Murkrow|Tailwind|p1b: Murkrow
|-sidestart|p1: I_LIKE_BREAD7|move: Tailwind
|move|p2b: Ninetales|Blizzard|p1a: Incineroar|[spread] p1a,p1b
|-supereffective|p1a: Incineroar
|-supereffective|p1b: Murkrow
|-damage|p1a: Incineroar|15/100
|-enditem|p1b: Murkrow|Focus Sash
|-damage|p1b: Murkrow|1/100
|-status|p1a: Incineroar|frz
|-curestatus|p1a: Incineroar|frz|[from] move: Flare Blitz
|move|p1a: Incineroar|Flare Blitz|p2b: Ninetales
|-supereffective|p2b: Ninetales
|-damage|p2b: Ninetales|14/100
|-damage|p1a: Incineroar|0 fnt|[from] Recoil
|faint|p1a: Incineroar
|
|-weather|Snowscape|[upkeep]
|upkeep
|
|t:|1756347675
|switch|p1a: Ursaluna|Ursaluna-Bloodmoon, L50, M|100/100
|turn|6
|
|t:|1756347693
|move|p1b: Murkrow|Foul Play|p2a: Vivillon
|-damage|p2a: Vivillon|0 fnt
|faint|p2a: Vivillon
|move|p1a: Ursaluna|Hyper Voice|p2b: Ninetales
|-damage|p2b: Ninetales|0 fnt
|faint|p2b: Ninetales
|-damage|p1a: Ursaluna|91/100|[from] item: Life Orb
|
|-weather|Snowscape|[upkeep]
|upkeep
|
|t:|1756347701
|switch|p2b: Garchomp|Garchomp, L50, M|100/100
|turn|7
|
|t:|1756347724
|-terastallize|p2b: Garchomp|Steel
|move|p1b: Murkrow|Perish Song|p1b: Murkrow
|-start|p1a: Ursaluna|perish3|[silent]
|-start|p1b: Murkrow|perish3|[silent]
|-start|p2b: Garchomp|perish3|[silent]
|-fieldactivate|move: Perish Song
|move|p1a: Ursaluna|Blood Moon|p2b: Garchomp
|-resisted|p2b: Garchomp
|-damage|p2b: Garchomp|61/100
|-damage|p1a: Ursaluna|81/100|[from] item: Life Orb
|move|p2b: Garchomp|Dragon Claw|p1a: Ursaluna
|-damage|p1a: Ursaluna|40/100
|-damage|p2b: Garchomp|51/100|[from] item: Life Orb
|
|-weather|none
|-start|p1b: Murkrow|perish3
|-start|p1a: Ursaluna|perish3
|-start|p2b: Garchomp|perish3
|upkeep
|turn|8
|
|t:|1756347740
|move|p1b: Murkrow|Protect|p1b: Murkrow
|-singleturn|p1b: Murkrow|Protect
|move|p1a: Ursaluna|Protect|p1a: Ursaluna
|-singleturn|p1a: Ursaluna|Protect
|move|p2b: Garchomp|Dragon Claw|p1a: Ursaluna
|-activate|p1a: Ursaluna|move: Protect
|
|-start|p1b: Murkrow|perish2
|-start|p1a: Ursaluna|perish2
|-start|p2b: Garchomp|perish2
|-sideend|p1: I_LIKE_BREAD7|move: Tailwind
|-sideend|p2: afkahaoai|move: Aurora Veil
|upkeep
|turn|9
|
|t:|1756347757
|move|p1b: Murkrow|Tailwind|p1b: Murkrow
|-sidestart|p1: I_LIKE_BREAD7|move: Tailwind
|move|p1a: Ursaluna|Earth Power|p2b: Garchomp
|-supereffective|p2b: Garchomp
|-crit|p2b: Garchomp
|-damage|p2b: Garchomp|0 fnt
|faint|p2b: Garchomp
|-damage|p1a: Ursaluna|30/100|[from] item: Life Orb
|
|win|I_LIKE_BREAD7
|raw|I_LIKE_BREAD7's rating: 1050 → 1078(+28 for winning)
|raw|afkahaoai's rating: 1006 → 1000(-6 for losing)
|l|☆afkahaoai
|player|p2|
