|j|☆Navizz0
|j|☆new mental
|html|Navizz0new mental    
|uhtml|bestof|Game 1 of a best-of-3
|t:|1783591113
|gametype|doubles
|player|p1|Navizz0|ethan|1318
|player|p2|new mental|volkner|1299
|gen|9
|tier|[Gen 9 Champions] VGC 2026 Reg M-B (Bo3)
|rated|
|rule|Species Clause: Limit one of each Pokémon
|rule|Item Clause: Limit 1 of each item
|clearpoke
|poke|p1|Mawile, L50, F|
|poke|p1|Sinistcha, L50|
|poke|p1|Blaziken, L50, M|
|poke|p1|Palafin, L50, F|
|poke|p1|Hydreigon, L50, F|
|poke|p1|Glimmora, L50, M|
|poke|p2|Charizard, L50, F|
|poke|p2|Kingambit, L50, F|
|poke|p2|Sylveon, L50, F|
|poke|p2|Garchomp, L50, M|
|poke|p2|Aerodactyl, L50, F|
|poke|p2|Farigiraf, L50, M|
|teampreview|4
|showteam|p1|Mawile||Mawilite|HyperCutter|PlayRough,SuckerPunch,IronHead,Protect|Adamant||F|||50|]Sinistcha||SitrusBerry|Hospitality|MatchaGotcha,Protect,TrickRoom,RagePowder|Bold|||||50|]Blaziken||Blazikenite|SpeedBoost|AuraSphere,HeatWave,ScorchingSands,Protect|Modest||M|||50|]Palafin||LifeOrb|ZerotoHero|JetPunch,WaveCrash,CloseCombat,Protect|Jolly||F|||50|]Hydreigon||ChoiceScarf|Levitate|DracoMeteor,DarkPulse,Snarl,EarthPower|Timid||F|||50|]Glimmora||FocusSash|ToxicDebris|PowerGem,SludgeBomb,SpikyShield,EarthPower|Modest||M|||50|
|showteam|p2|Charizard||CharizarditeY|SolarPower|Protect,HeatWave,SolarBeam,WeatherBall|Modest||F|||50|]Kingambit||FocusSash|Defiant|IronHead,SuckerPunch,KowtowCleave,LowKick|Adamant||F|||50|]Sylveon||FairyFeather|Pixilate|Detect,HyperVoice,HyperBeam,QuickAttack|Modest||F|||50|]Garchomp||LifeOrb|RoughSkin|Protect,DragonClaw,Earthquake,RockSlide|Jolly||M|||50|]Aerodactyl||Aerodactylite|Unnerve|IceFang,RockSlide,Tailwind,DualWingbeat|Jolly||F|||50|]Farigiraf||SitrusBerry|ArmorTail|TrickRoom,Psychic,Thunderbolt,Roar|Bold||M|||50|
|inactive|Battle timer is ON: inactive players will automatically lose when time's up. (requested by Navizz0)
|inactive|Navizz0 has 60 seconds left.
|inactive|new mental has 60 seconds left.
|inactive|new mental has 30 seconds left.
|inactive|new mental has 20 seconds left.
|inactive|new mental has 15 seconds left.
|inactive|new mental has 10 seconds left.
|inactive|new mental has 5 seconds left.
|
|t:|1783591199
|teamsize|p1|4
|teamsize|p2|4
|start
|switch|p1a: Hydreigon|Hydreigon, L50, F|100/100
|switch|p1b: Mawile|Mawile, L50, F|100/100
|switch|p2a: Farigiraf|Farigiraf, L50, M|100/100
|switch|p2b: Sylveon|Sylveon, L50, F|100/100
|turn|1
|
|t:|1783591217
|switch|p2a: Charizard|Charizard, L50, F|100/100
|detailschange|p1b: Mawile|Mawile-Mega, L50, F
|-mega|p1b: Mawile|Mawile|Mawilite
|move|p2b: Sylveon|Detect|p2b: Sylveon
|-singleturn|p2b: Sylveon|Protect
|move|p1a: Hydreigon|Dark Pulse|p2a: Charizard
|-damage|p2a: Charizard|56/100
|move|p1b: Mawile|Iron Head|p2b: Sylveon
|-activate|p2b: Sylveon|move: Protect
|
|upkeep
|turn|2
|
|t:|1783591234
|detailschange|p2a: Charizard|Charizard-Mega-Y, L50, F
|-mega|p2a: Charizard|Charizard|Charizardite Y
|-weather|SunnyDay|[from] ability: Drought|[of] p2a: Charizard
|move|p1b: Mawile|Protect|p1b: Mawile
|-singleturn|p1b: Mawile|Protect
|move|p1a: Hydreigon|Dark Pulse|p2a: Charizard
|-damage|p2a: Charizard|17/100
|move|p2a: Charizard|Heat Wave|p1a: Hydreigon|[spread] p1a
|-activate|p1b: Mawile|move: Protect
|-resisted|p1a: Hydreigon|1
|-damage|p1a: Hydreigon|68/100
|move|p2b: Sylveon|Hyper Voice|p1b: Mawile|[spread] p1a
|-activate|p1b: Mawile|move: Protect
|-supereffective|p1a: Hydreigon|2
|-damage|p1a: Hydreigon|0 fnt
|faint|p1a: Hydreigon
|
|-weather|SunnyDay|[upkeep]
|upkeep
|
|t:|1783591238
|switch|p1a: Glimmora|Glimmora, L50, M|100/100
|turn|3
|inactive|new mental has 30 seconds left.
|
|t:|1783591268
|move|p2b: Sylveon|Detect|p2b: Sylveon
|-singleturn|p2b: Sylveon|Protect
|move|p1b: Mawile|Sucker Punch|p2a: Charizard
|-damage|p2a: Charizard|0 fnt
|faint|p2a: Charizard
|move|p1a: Glimmora|Sludge Bomb|p2b: Sylveon
|-activate|p2b: Sylveon|move: Protect
|
|-weather|SunnyDay|[upkeep]
|upkeep
|
|t:|1783591275
|switch|p2a: Garchomp|Garchomp, L50, M|100/100
|turn|4
|
|t:|1783591290
|switch|p1b: Sinistcha|Sinistcha, L50|100/100
|move|p2b: Sylveon|Quick Attack|p1a: Glimmora
|-resisted|p1a: Glimmora|1
|-damage|p1a: Glimmora|92/100
|-activate|p1a: Glimmora|ability: Toxic Debris
|-sidestart|p2: new mental|move: Toxic Spikes
|move|p2a: Garchomp|Earthquake|p1a: Glimmora|[spread] p2b,p1a,p1b
|-supereffective|p1a: Glimmora|2
|-resisted|p1b: Sinistcha|1
|-damage|p2b: Sylveon|45/100
|-damage|p1a: Glimmora|0 fnt
|-damage|p1b: Sinistcha|82/100
|-activate|p1a: Glimmora|ability: Toxic Debris
|-sidestart|p2: new mental|move: Toxic Spikes
|faint|p1a: Glimmora
|-damage|p2a: Garchomp|90/100|[from] item: Life Orb
|
|-weather|SunnyDay|[upkeep]
|upkeep
|
|t:|1783591297
|switch|p1a: Mawile|Mawile-Mega, L50, F|100/100
|turn|5
|
|t:|1783591302
|move|p1a: Mawile|Protect|p1a: Mawile
|-singleturn|p1a: Mawile|Protect
|move|p2a: Garchomp|Dragon Claw|p1b: Sinistcha
|-damage|p1b: Sinistcha|42/100
|-enditem|p1b: Sinistcha|Sitrus Berry|[eat]
|-heal|p1b: Sinistcha|67/100|[from] item: Sitrus Berry
|-damage|p2a: Garchomp|80/100|[from] item: Life Orb
|move|p2b: Sylveon|Hyper Voice|p1b: Sinistcha|[spread] p1b
|-activate|p1a: Mawile|move: Protect
|-damage|p1b: Sinistcha|19/100
|move|p1b: Sinistcha|Trick Room|p1b: Sinistcha
|-fieldstart|move: Trick Room|[of] p1b: Sinistcha
|
|-weather|SunnyDay|[upkeep]
|upkeep
|turn|6
|
|t:|1783591321
|move|p1a: Mawile|Iron Head|p2b: Sylveon
|-supereffective|p2b: Sylveon|1
|-damage|p2b: Sylveon|0 fnt
|faint|p2b: Sylveon
|move|p1b: Sinistcha|Matcha Gotcha|p2a: Garchomp
|-damage|p2a: Garchomp|42/100
|-heal|p1b: Sinistcha|39/100|[from] drain|[of] p2a: Garchomp
|move|p2a: Garchomp|Dragon Claw|p1b: Sinistcha
|-damage|p1b: Sinistcha|0 fnt
|faint|p1b: Sinistcha
|-damage|p2a: Garchomp|32/100|[from] item: Life Orb
|
|-weather|none
|upkeep
|
|t:|1783591324
|switch|p2b: Farigiraf|Farigiraf, L50, M|100/100
|-status|p2b: Farigiraf|tox
|turn|7
|
|t:|1783591335
|move|p2a: Garchomp|Protect|p2a: Garchomp
|-singleturn|p2a: Garchomp|Protect
|move|p1a: Mawile|Iron Head|p2b: Farigiraf
|-damage|p2b: Farigiraf|36/100 tox
|-enditem|p2b: Farigiraf|Sitrus Berry|[eat]
|-heal|p2b: Farigiraf|61/100 tox|[from] item: Sitrus Berry
|cant|p2b: Farigiraf|flinch
|
|-damage|p2b: Farigiraf|55/100 tox|[from] psn
|upkeep
|turn|8
|
|t:|1783591347
|move|p1a: Mawile|Play Rough|p2a: Garchomp
|-supereffective|p2a: Garchomp|1
|-damage|p2a: Garchomp|0 fnt
|-damage|p1a: Mawile|87/100|[from] ability: Rough Skin|[of] p2a: Garchomp
|faint|p2a: Garchomp
|move|p2b: Farigiraf|Psychic|p1a: Mawile
|-resisted|p1a: Mawile|1
|-damage|p1a: Mawile|69/100
|
|-damage|p2b: Farigiraf|44/100 tox|[from] psn
|upkeep
|turn|9
|
|t:|1783591354
|move|p1a: Mawile|Play Rough|p2b: Farigiraf
|-crit|p2b: Farigiraf
|-damage|p2b: Farigiraf|0 fnt
|faint|p2b: Farigiraf
|
|win|Navizz0
||new mental is ready for game 2.
||Navizz0 is ready for game 2.
|uhtml|next|Next: Game 2 of 3
|l|☆Navizz0
|player|p1|
