|j|☆bloodnirvana98
|j|☆r4ka
|html|bloodnirvana98r4ka    
|uhtml|bestof|Game 1 of a best-of-3
|t:|1756316203
|gametype|doubles
|player|p1|bloodnirvana98|giovanni|1054
|player|p2|r4ka|169|1095
|gen|9
|tier|[Gen 9] VGC 2025 Reg H (Bo3)
|rated|
|rule|Species Clause: Limit one of each Pokémon
|rule|Item Clause: Limit 1 of each item
|clearpoke
|poke|p1|Garchomp, L50, F|
|poke|p1|Charizard, L50, M|
|poke|p1|Jumpluff, L50, F|
|poke|p1|Amoonguss, L50, M|
|poke|p1|Incineroar, L50, F|
|poke|p1|Ditto, L50|
|poke|p2|Rillaboom, L50, F|
|poke|p2|Dragonite, L50, M|
|poke|p2|Sneasler, L50, M|
|poke|p2|Kingambit, L50, M|
|poke|p2|Electabuzz, L50, M|
|poke|p2|Volcarona, L50, M|
|teampreview|4
|showteam|p1|Garchomp||LifeOrb|RoughSkin|RockSlide,Earthquake,FireFang,Protect|||F|||50|,,,,,Ground]Charizard||QuickClaw|SolarPower|Flamethrower,HeatWave,DragonPulse,Protect|||M|||50|,,,,,Fire]Jumpluff||CovertCloak|Chlorophyll|RagePowder,PollenPuff,Tailwind,SunnyDay|||F|||50|,,,,,Water]Amoonguss||RockyHelmet|Regenerator|RagePowder,Spore,PollenPuff,Protect|||M|||50|,,,,,Dark]Incineroar||SafetyGoggles|Intimidate|FakeOut,KnockOff,FlareBlitz,SunnyDay|||F|||50|,,,,,Ghost]Ditto||ChoiceScarf|Imposter|Transform||||||50|,,,,,Normal
|showteam|p2|Rillaboom||AssaultVest|GrassySurge|FakeOut,Uturn,WoodHammer,GrassyGlide|||F|||50|,,,,,Fire]Dragonite||LoadedDice|Multiscale|ExtremeSpeed,ScaleShot,Protect,Haze|||M|||50|,,,,,Fairy]Sneasler||FocusSash|PoisonTouch|DireClaw,CloseCombat,FakeOut,Coaching|||M|||50|,,,,,Stellar]Kingambit||BlackGlasses|Defiant|KowtowCleave,SuckerPunch,SwordsDance,Protect|||M|||50|,,,,,Dark]Electabuzz||Eviolite|VitalSpirit|Thunderbolt,Taunt,Protect,FollowMe|||M|||50|,,,,,Ghost]Volcarona||Leftovers|FlameBody|HeatWave,TeraBlast,QuiverDance,Protect|||M|||50|,,,,,Fairy
|inactive|Battle timer is ON: inactive players will automatically lose when time's up. (requested by bloodnirvana98)
|inactive|bloodnirvana98 has 60 seconds left.
|inactive|r4ka has 60 seconds left.
|
|t:|1756316240
|teamsize|p1|4
|teamsize|p2|4
|start
|switch|p1a: Amoonguss|Amoonguss, L50, M|100/100
|switch|p1b: Ditto|Ditto, L50|100/100
|switch|p2a: Dragonite|Dragonite, L50, M|100/100
|switch|p2b: Volcarona|Volcarona, L50, M|100/100
|-transform|p1b: Ditto|p2a: Dragonite|[from] ability: Imposter
|turn|1
|inactive|bloodnirvana98 has 30 seconds left.
|inactive|r4ka has 30 seconds left.
|
|t:|1756316273
|-terastallize|p2a: Dragonite|Fairy
|move|p2b: Volcarona|Protect|p2b: Volcarona
|-singleturn|p2b: Volcarona|Protect
|move|p1b: Ditto|Scale Shot|p2a: Dragonite
|-immune|p2a: Dragonite
|move|p2a: Dragonite|Scale Shot|p1b: Ditto
|-supereffective|p1b: Ditto
|-damage|p1b: Ditto|82/100
|-supereffective|p1b: Ditto
|-damage|p1b: Ditto|46/100
|-supereffective|p1b: Ditto
|-damage|p1b: Ditto|11/100
|-supereffective|p1b: Ditto
|-damage|p1b: Ditto|0 fnt
|faint|p1b: Ditto
|-hitcount|p1: Ditto|4
|-unboost|p2a: Dragonite|def|1
|-boost|p2a: Dragonite|spe|1
|move|p1a: Amoonguss|Spore|p2b: Volcarona
|-activate|p2b: Volcarona|move: Protect
|
|upkeep
|
|t:|1756316280
|switch|p1b: Jumpluff|Jumpluff, L50, F|100/100
|turn|2
|inactive|r4ka has 30 seconds left.
|
|t:|1756316312
|move|p2a: Dragonite|Scale Shot|p1b: Jumpluff
|-damage|p1b: Jumpluff|82/100
|-damage|p1b: Jumpluff|62/100
|-damage|p1b: Jumpluff|43/100
|-damage|p1b: Jumpluff|23/100
|-damage|p1b: Jumpluff|4/100
|-hitcount|p1b: Jumpluff|5
|-unboost|p2a: Dragonite|def|1
|-boost|p2a: Dragonite|spe|1
|move|p1b: Jumpluff|Tailwind|p1b: Jumpluff
|-sidestart|p1: bloodnirvana98|move: Tailwind
|move|p2b: Volcarona|Heat Wave|p1a: Amoonguss|[spread] p1a,p1b
|-supereffective|p1a: Amoonguss
|-supereffective|p1b: Jumpluff
|-damage|p1a: Amoonguss|35/100
|-damage|p1b: Jumpluff|0 fnt
|faint|p1b: Jumpluff
|move|p1a: Amoonguss|Spore|p2b: Volcarona
|-status|p2b: Volcarona|slp|[from] move: Spore
|
|upkeep
|
|t:|1756316315
|switch|p1b: Garchomp|Garchomp, L50, F|100/100
|turn|3
|inactive|r4ka has 30 seconds left.
|
|t:|1756316345
|-terastallize|p1b: Garchomp|Ground
|move|p2a: Dragonite|Protect|p2a: Dragonite
|-singleturn|p2a: Dragonite|Protect
|cant|p2b: Volcarona|slp
|move|p1a: Amoonguss|Protect|p1a: Amoonguss
|-singleturn|p1a: Amoonguss|Protect
|move|p1b: Garchomp|Earthquake|p2a: Dragonite|[spread] p2b
|-activate|p1a: Amoonguss|move: Protect
|-activate|p2a: Dragonite|move: Protect
|-damage|p2b: Volcarona|19/100 slp
|-damage|p1b: Garchomp|91/100|[from] item: Life Orb
|
|-heal|p2b: Volcarona|25/100 slp|[from] item: Leftovers
|upkeep
|turn|4
|inactive|r4ka has 30 seconds left.
|inactive|r4ka has 20 seconds left.
|
|t:|1756316382
|move|p1b: Garchomp|Rock Slide|p2b: Volcarona|[spread] p2a,p2b
|-supereffective|p2b: Volcarona
|-damage|p2a: Dragonite|68/100
|-damage|p2b: Volcarona|0 fnt
|faint|p2b: Volcarona
|-damage|p1b: Garchomp|81/100|[from] item: Life Orb
|move|p2a: Dragonite|Scale Shot|p1a: Amoonguss
|-damage|p1a: Amoonguss|21/100
|-damage|p1a: Amoonguss|6/100
|-damage|p1a: Amoonguss|0 fnt
|faint|p1a: Amoonguss
|-hitcount|p1: Amoonguss|3
|-unboost|p2a: Dragonite|def|1
|-boost|p2a: Dragonite|spe|1
|
|upkeep
|
|t:|1756316396
|switch|p2b: Sneasler|Sneasler, L50, M|100/100
|turn|5
|
|t:|1756316403
|move|p2a: Dragonite|Protect|p2a: Dragonite
|-singleturn|p2a: Dragonite|Protect
|move|p1b: Garchomp|Protect|p1b: Garchomp
|-singleturn|p1b: Garchomp|Protect
|move|p2b: Sneasler|Coaching|p2a: Dragonite
|-boost|p2a: Dragonite|atk|1
|-boost|p2a: Dragonite|def|1
|
|-sideend|p1: bloodnirvana98|move: Tailwind
|upkeep
|turn|6
|
|t:|1756316415
|move|p2a: Dragonite|Extreme Speed|p1b: Garchomp
|-damage|p1b: Garchomp|37/100
|-damage|p2a: Dragonite|56/100|[from] ability: Rough Skin|[of] p1b: Garchomp
|move|p2b: Sneasler|Close Combat|p1b: Garchomp
|-damage|p1b: Garchomp|0 fnt
|-unboost|p2b: Sneasler|def|1
|-unboost|p2b: Sneasler|spd|1
|-damage|p2b: Sneasler|88/100|[from] ability: Rough Skin|[of] p1b: Garchomp
|faint|p1b: Garchomp
|
|win|r4ka
||bloodnirvana98 is ready for game 2.
||r4ka is ready for game 2.
|uhtml|next|Next: Game 2 of 3
