|j|☆ShdaowForece
|j|☆itwasallyellow
|html|ShdaowForeceitwasallyellow    
|uhtml|bestof|Game 2 of a best-of-3
|t:|1756268684
|gametype|doubles
|player|p1|ShdaowForece|lucas|1215
|player|p2|itwasallyellow|guitarist-gen4|1117
|gen|9
|tier|[Gen 9] VGC 2025 Reg H (Bo3)
|rated|
|rule|Species Clause: Limit one of each Pokémon
|rule|Item Clause: Limit 1 of each item
|clearpoke
|poke|p1|Gholdengo, L50|
|poke|p1|Incineroar, L50, F|
|poke|p1|Rillaboom, L50, M|
|poke|p1|Dragonite, L50, F|
|poke|p1|Sneasler, L50, F|
|poke|p1|Whimsicott, L50, M|
|poke|p2|Pelipper, L50, M|
|poke|p2|Sinistcha, L50|
|poke|p2|Blastoise, L50, F|
|poke|p2|Noivern, L50, F|
|poke|p2|Ursaluna-Bloodmoon, L50, M|
|poke|p2|Incineroar, L50, F|
|teampreview|4
|showteam|p1|Gholdengo||Leftovers|GoodasGold|MakeItRain,ShadowBall,NastyPlot,Protect||||||50|,,,,,Steel]Incineroar||SitrusBerry|Intimidate|FlareBlitz,KnockOff,FakeOut,PartingShot|||F|||50|,,,,,Grass]Rillaboom||AssaultVest|GrassySurge|WoodHammer,FakeOut,GrassyGlide,HighHorsepower|||M|||50|,,,,,Water]Dragonite||ChoiceBand|InnerFocus|ExtremeSpeed,Outrage,StompingTantrum,IceSpinner|||F|||50|,,,,,Normal]Sneasler||WhiteHerb|Unburden|CloseCombat,DireClaw,Coaching,Protect|||F|||50|,,,,,Stellar]Whimsicott||CovertCloak|Prankster|Moonblast,Tailwind,Encore,FakeTears|||M|||50|,,,,,Poison
|showteam|p2|Pelipper||FocusSash|Drizzle|Hurricane,WeatherBall,IcyWind,WideGuard|||M|||50|,,,,,Grass]Sinistcha||SitrusBerry|Hospitality|MatchaGotcha,RagePowder,TrickRoom,LifeDew||||||50|,,,,,Fairy]Blastoise||MysticWater|RainDish|WaterSpout,MuddyWater,FakeOut,Protect|||F|||50|,,,,,Water]Noivern||EjectPack|Infiltrator|Tailwind,Protect,DracoMeteor,DarkPulse|||F|||50|,,,,,Ghost]Ursaluna-Bloodmoon||AssaultVest|MindsEye|HyperVoice,BloodMoon,EarthPower,VacuumWave|||M|||50|,,,,,Ghost]Incineroar||SafetyGoggles|Intimidate|FakeOut,KnockOff,PartingShot,FlareBlitz|||F|||50|,,,,,Ghost
|inactive|Battle timer is ON: inactive players will automatically lose when time's up. (requested by itwasallyellow)
|inactive|itwasallyellow has 60 seconds left.
|inactive|itwasallyellow has 30 seconds left.
|inactive|itwasallyellow has 20 seconds left.
|inactive|ShdaowForece has 60 seconds left.
|inactive|itwasallyellow has 15 seconds left.
|
|t:|1756268771
|teamsize|p1|4
|teamsize|p2|4
|start
|switch|p1a: Incineroar|Incineroar, L50, F|100/100
|switch|p1b: Sneasler|Sneasler, L50, F|100/100
|switch|p2a: Pelipper|Pelipper, L50, M|100/100
|switch|p2b: Noivern|Noivern, L50, F|100/100
|-ability|p1a: Incineroar|Intimidate|boost
|-unboost|p2a: Pelipper|atk|1
|-unboost|p2b: Noivern|atk|1
|-weather|RainDance|[from] ability: Drizzle|[of] p2a: Pelipper
|-enditem|p2b: Noivern|Eject Pack
|
|t:|1756268795
|switch|p2b: Incineroar|Incineroar, L50, F|100/100
|-ability|p2b: Incineroar|Intimidate|boost
|-unboost|p1a: Incineroar|atk|1
|-unboost|p1b: Sneasler|atk|1
|-enditem|p1b: Sneasler|White Herb
|-clearnegativeboost|p1b: Sneasler|[silent]
|turn|1
|
|t:|1756268816
|switch|p1a: Dragonite|Dragonite, L50, F|100/100
|move|p2b: Incineroar|Fake Out|p1a: Dragonite
|-damage|p1a: Dragonite|88/100
|move|p1b: Sneasler|Coaching|p1a: Dragonite
|-boost|p1a: Dragonite|atk|1
|-boost|p1a: Dragonite|def|1
|move|p2a: Pelipper|Weather Ball|p1a: Dragonite
|-resisted|p1a: Dragonite
|-damage|p1a: Dragonite|51/100
|
|-weather|RainDance|[upkeep]
|upkeep
|turn|2
|inactive|itwasallyellow has 30 seconds left.
|inactive|itwasallyellow has 20 seconds left.
|
|t:|1756268853
|move|p1b: Sneasler|Dire Claw|p2a: Pelipper
|-damage|p2a: Pelipper|60/100
|-status|p2a: Pelipper|par
|move|p1a: Dragonite|Outrage|p2a: Pelipper
|-damage|p2a: Pelipper|0 fnt
|faint|p2a: Pelipper
|move|p2b: Incineroar|Parting Shot|p1b: Sneasler
|-unboost|p1b: Sneasler|atk|1
|-unboost|p1b: Sneasler|spa|1
|
|t:|1756268874
|switch|p2b: Blastoise|Blastoise, L50, F|100/100|[from] Parting Shot
|
|-weather|RainDance|[upkeep]
|upkeep
|
|t:|1756268882
|switch|p2a: Incineroar|Incineroar, L50, F|100/100
|-ability|p2a: Incineroar|Intimidate|boost
|-fail|p1a: Dragonite|unboost|Attack|[from] ability: Inner Focus|[of] p1a: Dragonite
|-unboost|p1b: Sneasler|atk|1
|turn|3
|
|t:|1756268904
|move|p2a: Incineroar|Fake Out|p1b: Sneasler
|-damage|p1b: Sneasler|81/100
|cant|p1b: Sneasler|flinch
|move|p1a: Dragonite|Outrage|p2a: Incineroar|[from] lockedmove
|-damage|p2a: Incineroar|0 fnt
|faint|p2a: Incineroar
|-start|p1a: Dragonite|confusion|[fatigue]
|move|p2b: Blastoise|Muddy Water|p1a: Dragonite|[spread] p1a,p1b
|-resisted|p1a: Dragonite
|-damage|p1a: Dragonite|24/100
|-damage|p1b: Sneasler|9/100
|
|-weather|RainDance|[upkeep]
|upkeep
|
|t:|1756268918
|switch|p2a: Noivern|Noivern, L50, F|100/100
|turn|4
|
|t:|1756268935
|move|p1b: Sneasler|Dire Claw|p2a: Noivern
|-damage|p2a: Noivern|74/100
|-status|p2a: Noivern|slp
|cant|p2a: Noivern|slp
|-activate|p1a: Dragonite|confusion
|-damage|p1a: Dragonite|6/100|[from] confusion
|move|p2b: Blastoise|Muddy Water|p1a: Dragonite|[spread] p1b
|-miss|p2b: Blastoise|p1a: Dragonite
|-crit|p1b: Sneasler
|-damage|p1b: Sneasler|0 fnt
|faint|p1b: Sneasler
|
|-weather|RainDance|[upkeep]
|upkeep
|
|t:|1756268947
|switch|p1b: Incineroar|Incineroar, L50, F|100/100
|-ability|p1b: Incineroar|Intimidate|boost
|-unboost|p2a: Noivern|atk|1
|-unboost|p2b: Blastoise|atk|1
|turn|5
|
|t:|1756268966
|cant|p2a: Noivern|slp
|move|p2b: Blastoise|Protect|p2b: Blastoise
|-singleturn|p2b: Blastoise|Protect
|move|p1b: Incineroar|Fake Out|p2b: Blastoise
|-activate|p2b: Blastoise|move: Protect
|-activate|p1a: Dragonite|confusion
|move|p1a: Dragonite|Outrage|p2b: Blastoise
|-activate|p2b: Blastoise|move: Protect
|
|-weather|none
|upkeep
|turn|6
|
|t:|1756268983
|-terastallize|p1b: Incineroar|Grass
|cant|p2a: Noivern|slp
|-activate|p1a: Dragonite|confusion
|move|p1a: Dragonite|Outrage|p2b: Blastoise
|-damage|p2b: Blastoise|0 fnt
|faint|p2b: Blastoise
|move|p1b: Incineroar|Knock Off|p2a: Noivern
|-damage|p2a: Noivern|35/100 slp
|
|upkeep
|turn|7
|-message|itwasallyellow forfeited.
|
|win|ShdaowForece
|raw|ShdaowForece's rating: 1215 → 1233(+18 for winning)
|raw|itwasallyellow's rating: 1117 → 1099(-18 for losing)
|l|☆itwasallyellow
|player|p2|
