|j|☆dreamsWGH
|j|☆lukashz
|html|dreamsWGHlukashz    
|uhtml|bestof|Game 2 of a best-of-3
|t:|1782962121
|gametype|doubles
|player|p1|dreamsWGH|lenora|1132
|player|p2|lukashz|elesa|1260
|gen|9
|tier|[Gen 9 Champions] VGC 2026 Reg M-B (Bo3)
|rated|
|rule|Species Clause: Limit one of each Pokémon
|rule|Item Clause: Limit 1 of each item
|clearpoke
|poke|p1|Farigiraf, L50, M|
|poke|p1|Mawile, L50, M|
|poke|p1|Incineroar, L50, M|
|poke|p1|Charizard, L50, F|
|poke|p1|Aerodactyl, L50, F|
|poke|p1|Garchomp, L50, M|
|poke|p2|Chandelure, L50, F|
|poke|p2|Kangaskhan, L50, F|
|poke|p2|Basculegion, L50, M|
|poke|p2|Sylveon, L50, F|
|poke|p2|Kingambit, L50, F|
|poke|p2|Sneasler, L50, M|
|teampreview|4
|showteam|p1|Farigiraf||SitrusBerry|ArmorTail|PsychicNoise,Thunderbolt,HelpingHand,TrickRoom|Relaxed||M|||50|]Mawile||Mawilite|HyperCutter|SuckerPunch,PlayRough,SwordsDance,Protect|Brave||M|||50|]Incineroar||WhiteHerb|Intimidate|FlareBlitz,FakeOut,DarkestLariat,CloseCombat|Adamant||M|||50|]Charizard||CharizarditeY|Blaze|HeatWave,WeatherBall,SolarBeam,Protect|Modest||F|||50|]Aerodactyl||FocusSash|Unnerve|DualWingbeat,RockSlide,WideGuard,Tailwind|Jolly||F|||50|]Garchomp||LifeOrb|RoughSkin|Earthquake,RockSlide,DragonClaw,Protect|Jolly||M|||50|
|showteam|p2|Chandelure||FocusSash|FlashFire|HeatWave,ShadowBall,TrickRoom,Taunt|Quiet||F|||50|]Kangaskhan||Kangaskhanite|InnerFocus|FakeOut,IcyWind,DoubleEdge,SuckerPunch|Brave||F|||50|]Basculegion||MysticWater|Adaptability|WaveCrash,LastRespects,AquaJet,Protect|Brave||M|||50|]Sylveon||FairyFeather|Pixilate|HyperVoice,Protect,HyperBeam,QuickAttack|Quiet||F|||50|]Kingambit||BlackGlasses|Defiant|KowtowCleave,SuckerPunch,IronHead,LowKick|Brave||F|||50|]Sneasler||MentalHerb|Unburden|FakeOut,Coaching,CloseCombat,DireClaw|Jolly||M|||50|
|
|t:|1782962168
|teamsize|p1|4
|teamsize|p2|4
|start
|switch|p1a: Aerodactyl|Aerodactyl, L50, F|100/100
|switch|p1b: Garchomp|Garchomp, L50, M|100/100
|switch|p2a: Sneasler|Sneasler, L50, M|100/100
|switch|p2b: Sylveon|Sylveon, L50, F|100/100
|-ability|p1a: Aerodactyl|Unnerve
|turn|1
|inactive|Battle timer is ON: inactive players will automatically lose when time's up. (requested by lukashz)
|
|t:|1782962187
|move|p1b: Garchomp|Protect|p1b: Garchomp
|-singleturn|p1b: Garchomp|Protect
|move|p1a: Aerodactyl|Rock Slide|p2b: Sylveon|[spread] p2a
|-miss|p1a: Aerodactyl|p2b: Sylveon
|-resisted|p2a: Sneasler|1
|-damage|p2a: Sneasler|81/100
|cant|p2a: Sneasler|flinch
|move|p2b: Sylveon|Hyper Voice|p1b: Garchomp|[spread] p1a
|-activate|p1b: Garchomp|move: Protect
|-damage|p1a: Aerodactyl|36/100
|
|upkeep
|turn|2
|inactive|lukashz has 30 seconds left.
|inactive|lukashz has 20 seconds left.
|inactive|lukashz has 15 seconds left.
|inactive|lukashz has 10 seconds left.
|
|t:|1782962236
|move|p1a: Aerodactyl|Wide Guard|p1a: Aerodactyl
|-singleturn|p1a: Aerodactyl|Wide Guard
|move|p2a: Sneasler|Coaching|p2b: Sylveon
|-boost|p2b: Sylveon|atk|1
|-boost|p2b: Sylveon|def|1
|move|p1b: Garchomp|Earthquake|p2a: Sneasler|[spread] p2a,p2b
|-activate|p1a: Aerodactyl|move: Wide Guard
|-supereffective|p2a: Sneasler|1
|-damage|p2a: Sneasler|0 fnt
|-damage|p2b: Sylveon|65/100
|faint|p2a: Sneasler
|-damage|p1b: Garchomp|90/100|[from] item: Life Orb
|move|p2b: Sylveon|Hyper Beam|p1b: Garchomp
|-supereffective|p1b: Garchomp|1
|-damage|p1b: Garchomp|0 fnt
|-mustrecharge|p2b: Sylveon
|faint|p1b: Garchomp
|
|upkeep
|inactive|dreamsWGH has 30 seconds left.
|
|t:|1782962262
|switch|p2a: Basculegion|Basculegion, L50, M|100/100
|switch|p1b: Mawile|Mawile, L50, M|100/100
|turn|3
|
|t:|1782962286
|switch|p1a: Incineroar|Incineroar, L50, M|100/100
|-ability|p1a: Incineroar|Intimidate|boost
|-unboost|p2a: Basculegion|atk|1
|-unboost|p2b: Sylveon|atk|1
|detailschange|p1b: Mawile|Mawile-Mega, L50, M
|-mega|p1b: Mawile|Mawile|Mawilite
|move|p2a: Basculegion|Wave Crash|p1a: Incineroar
|-supereffective|p1a: Incineroar|1
|-damage|p1a: Incineroar|0 fnt
|faint|p1a: Incineroar
|-damage|p2a: Basculegion|70/100|[from] Recoil
|cant|p2b: Sylveon|recharge
|move|p1b: Mawile|Swords Dance|p1b: Mawile
|-boost|p1b: Mawile|atk|2
|
|upkeep
|
|t:|1782962299
|switch|p1a: Aerodactyl|Aerodactyl, L50, F|36/100
|-ability|p1a: Aerodactyl|Unnerve
|turn|4
|inactive|dreamsWGH has 30 seconds left.
|
|t:|1782962330
|move|p2a: Basculegion|Aqua Jet|p1a: Aerodactyl
|-supereffective|p1a: Aerodactyl|1
|-damage|p1a: Aerodactyl|0 fnt
|faint|p1a: Aerodactyl
|move|p1b: Mawile|Sucker Punch||[still]
|-fail|p1b: Mawile
|move|p2b: Sylveon|Hyper Beam|p1b: Mawile
|-resisted|p1b: Mawile|1
|-damage|p1b: Mawile|42/100
|-mustrecharge|p2b: Sylveon
|
|upkeep
|turn|5
|
|t:|1782962341
|move|p2a: Basculegion|Aqua Jet|p1b: Mawile
|-damage|p1b: Mawile|22/100
|cant|p2b: Sylveon|recharge
|move|p1b: Mawile|Play Rough|p2a: Basculegion
|-damage|p2a: Basculegion|0 fnt
|faint|p2a: Basculegion
|
|upkeep
|
|t:|1782962350
|switch|p2a: Chandelure|Chandelure, L50, F|100/100
|turn|6
|
|t:|1782962354
|move|p1b: Mawile|Sucker Punch|p2b: Sylveon
|-resisted|p2b: Sylveon|1
|-damage|p2b: Sylveon|32/100
|move|p2a: Chandelure|Shadow Ball|p1b: Mawile
|-damage|p1b: Mawile|0 fnt
|faint|p1b: Mawile
|
|win|lukashz
|raw|dreamsWGH's rating: 1132 → 1116(-16 for losing)
|raw|lukashz's rating: 1260 → 1276(+16 for winning)
