|j|☆Prepucio Santos
|j|☆kheld
|html|Prepucio Santoskheld    
|uhtml|bestof|Game 3 of a best-of-3
|t:|1783534786
|gametype|doubles
|player|p1|Prepucio Santos|striker|1353
|player|p2|kheld|1|1381
|gen|9
|tier|[Gen 9 Champions] VGC 2026 Reg M-B (Bo3)
|rated|
|rule|Species Clause: Limit one of each Pokémon
|rule|Item Clause: Limit 1 of each item
|clearpoke
|poke|p1|Incineroar, L50, F|
|poke|p1|Sinistcha-Masterpiece, L50, shiny|
|poke|p1|Floette-Eternal, L50, F|
|poke|p1|Kingambit, L50, F|
|poke|p1|Sneasler, L50, F|
|poke|p1|Delphox, L50, M, shiny|
|poke|p2|Farigiraf, L50, F|
|poke|p2|Incineroar, L50, M|
|poke|p2|Camerupt, L50, F|
|poke|p2|Abomasnow, L50, M|
|poke|p2|Kingambit, L50, F|
|poke|p2|Vivillon-Fancy, L50, F|
|teampreview|4
|showteam|p1|Incineroar||SitrusBerry|Intimidate|FakeOut,PartingShot,ThroatChop,FlareBlitz|Careful||F|||50|]Sinistcha-Masterpiece||KasibBerry|Hospitality|MatchaGotcha,LifeDew,RagePowder,TrickRoom|Bold|||||50|]Floette-Eternal||Floettite|FlowerVeil|Moonblast,DazzlingGleam,CalmMind,Protect|Modest||F|||50|]Kingambit||BlackGlasses|Defiant|KowtowCleave,SuckerPunch,SwordsDance,Protect|Adamant||F|||50|]Sneasler||FocusSash|PoisonTouch|FakeOut,CloseCombat,DireClaw,QuickGuard|Jolly||F|||50|]Delphox||Delphoxite|Blaze|HeatWave,Psyshock,NastyPlot,Protect|Timid||M|||50|
|showteam|p2|Farigiraf||SitrusBerry|ArmorTail|TrickRoom,HelpingHand,Psychic,Protect|Sassy||F|||50|]Incineroar||LifeOrb|Intimidate|FakeOut,FlareBlitz,PartingShot,DarkestLariat|Brave||M|||50|]Camerupt||Cameruptite|MagmaArmor|HeatWave,Earthquake,AncientPower,Protect|Quiet||F|||50|]Abomasnow||Abomasite|SnowWarning|Blizzard,EnergyBall,IceShard,EarthPower|Quiet||M|||50|]Kingambit||BlackGlasses|Defiant|KowtowCleave,SuckerPunch,IronHead,SwordsDance|Brave||F|||50|]Vivillon-Fancy||FocusSash|CompoundEyes|SleepPowder,RagePowder,Hurricane,Protect|Timid||F|||50|
|inactive|Battle timer is ON: inactive players will automatically lose when time's up. (requested by Prepucio Santos)
|
|t:|1783534847
|teamsize|p1|4
|teamsize|p2|4
|start
|switch|p1a: Sneasler|Sneasler, L50, F|100/100
|switch|p1b: Floette|Floette-Eternal, L50, F|100/100
|switch|p2a: Farigiraf|Farigiraf, L50, F|100/100
|switch|p2b: Vivillon|Vivillon-Fancy, L50, F|100/100
|turn|1
|
|t:|1783534858
|switch|p1b: Sinistcha|Sinistcha-Masterpiece, L50, shiny|100/100
|move|p1a: Sneasler|Dire Claw|p2b: Vivillon
|-damage|p2b: Vivillon|17/100
|-status|p2b: Vivillon|psn
|move|p2b: Vivillon|Sleep Powder|p1b: Sinistcha
|-immune|p1b: Sinistcha
|move|p2a: Farigiraf|Trick Room|p2a: Farigiraf
|-fieldstart|move: Trick Room|[of] p2a: Farigiraf
|
|-damage|p2b: Vivillon|5/100 psn|[from] psn
|upkeep
|turn|2
|inactive|Prepucio Santos has 30 seconds left.
|
|t:|1783534893
|switch|p1a: Floette|Floette-Eternal, L50, F|100/100
|move|p2a: Farigiraf|Psychic|p1a: Floette
|-damage|p1a: Floette|71/100
|move|p2b: Vivillon|Sleep Powder|p1a: Floette
|-status|p1a: Floette|slp|[from] move: Sleep Powder
|move|p1b: Sinistcha|Trick Room|p1b: Sinistcha
|-fieldend|move: Trick Room
|
|-damage|p2b: Vivillon|0 fnt|[from] psn
|faint|p2b: Vivillon
|upkeep
|
|t:|1783534903
|switch|p2b: Kingambit|Kingambit, L50, F|100/100
|turn|3
|
|t:|1783534910
|switch|p1a: Kingambit|Kingambit, L50, F|100/100
|move|p1b: Sinistcha|Matcha Gotcha|p2a: Farigiraf|[spread] p2a
|-miss|p1b: Sinistcha|p2b: Kingambit
|-damage|p2a: Farigiraf|82/100
|move|p2b: Kingambit|Kowtow Cleave|p1b: Sinistcha
|-supereffective|p1b: Sinistcha|1
|-damage|p1b: Sinistcha|12/100
|move|p2a: Farigiraf|Trick Room|p2a: Farigiraf
|-fieldstart|move: Trick Room|[of] p2a: Farigiraf
|
|upkeep
|turn|4
|
|t:|1783534928
|switch|p2b: Camerupt|Camerupt, L50, F|100/100
|switch|p1b: Floette|Floette-Eternal, L50, F|71/100 slp
|move|p1a: Kingambit|Kowtow Cleave|p2a: Farigiraf
|-supereffective|p2a: Farigiraf|1
|-damage|p2a: Farigiraf|0 fnt
|faint|p2a: Farigiraf
|
|upkeep
|
|t:|1783534937
|switch|p2a: Kingambit|Kingambit, L50, F|100/100
|turn|5
|inactive|Prepucio Santos has 30 seconds left.
|inactive|Prepucio Santos has 20 seconds left.
|inactive|Prepucio Santos has 15 seconds left.
|inactive|Prepucio Santos has 10 seconds left.
|
|t:|1783534985
|detailschange|p2b: Camerupt|Camerupt-Mega, L50, F
|-mega|p2b: Camerupt|Camerupt|Cameruptite
|detailschange|p1b: Floette|Floette-Mega, L50, F
|-mega|p1b: Floette|Floette|Floettite
|-ability|p1b: Floette|Fairy Aura
|move|p1a: Kingambit|Protect|p1a: Kingambit
|-singleturn|p1a: Kingambit|Protect
|cant|p1b: Floette|slp
|move|p2b: Camerupt|Heat Wave|p1b: Floette|[spread] p1b
|-activate|p1a: Kingambit|move: Protect
|-damage|p1b: Floette|33/100 slp
|move|p2a: Kingambit|Iron Head|p1b: Floette
|-supereffective|p1b: Floette|1
|-damage|p1b: Floette|0 fnt
|faint|p1b: Floette
|
|upkeep
|
|t:|1783534991
|switch|p1b: Sneasler|Sneasler, L50, F|100/100
|turn|6
|
|t:|1783535009
|move|p1b: Sneasler|Fake Out|p2b: Camerupt
|-damage|p2b: Camerupt|86/100
|cant|p2b: Camerupt|flinch
|move|p2a: Kingambit|Iron Head|p1b: Sneasler
|-damage|p1b: Sneasler|22/100
|move|p1a: Kingambit|Kowtow Cleave|p2b: Camerupt
|-damage|p2b: Camerupt|27/100
|
|upkeep
|turn|7
|inactive|kheld has 30 seconds left.
|
|t:|1783535035
|switch|p1b: Sinistcha|Sinistcha-Masterpiece, L50, shiny|12/100
|move|p2b: Camerupt|Protect|p2b: Camerupt
|-singleturn|p2b: Camerupt|Protect
|move|p1a: Kingambit|Sucker Punch||[still]
|-fail|p1a: Kingambit
|move|p2a: Kingambit|Iron Head|p1b: Sinistcha
|-damage|p1b: Sinistcha|0 fnt
|faint|p1b: Sinistcha
|
|-fieldend|move: Trick Room
|upkeep
|
|t:|1783535039
|switch|p1b: Sneasler|Sneasler, L50, F|22/100
|turn|8
|
|t:|1783535044
|move|p2b: Camerupt|Protect|p2b: Camerupt
|-singleturn|p2b: Camerupt|Protect
|move|p1b: Sneasler|Fake Out|p2a: Kingambit
|-resisted|p2a: Kingambit|1
|-damage|p2a: Kingambit|95/100
|cant|p2a: Kingambit|flinch
|move|p1a: Kingambit|Kowtow Cleave|p2b: Camerupt
|-activate|p2b: Camerupt|move: Protect
|
|upkeep
|turn|9
|inactive|kheld has 30 seconds left.
|
|t:|1783535078
|move|p2a: Kingambit|Sucker Punch|p1b: Sneasler
|-resisted|p1b: Sneasler|1
|-crit|p1b: Sneasler
|-damage|p1b: Sneasler|0 fnt
|faint|p1b: Sneasler
|move|p1a: Kingambit|Kowtow Cleave|p2b: Camerupt
|-damage|p2b: Camerupt|0 fnt
|faint|p2b: Camerupt
|
|upkeep
|turn|10
|inactive|kheld has 30 seconds left.
|
|t:|1783535110
|move|p1a: Kingambit|Swords Dance|p1a: Kingambit
|-boost|p1a: Kingambit|atk|2
|move|p2a: Kingambit|Swords Dance|p2a: Kingambit
|-boost|p2a: Kingambit|atk|2
|
|upkeep
|turn|11
|
|t:|1783535119
|move|p1a: Kingambit|Kowtow Cleave|p2a: Kingambit
|-resisted|p2a: Kingambit|1
|-crit|p2a: Kingambit
|-damage|p2a: Kingambit|31/100
|move|p2a: Kingambit|Kowtow Cleave|p1a: Kingambit
|-resisted|p1a: Kingambit|1
|-damage|p1a: Kingambit|54/100
|
|upkeep
|turn|12
|c|☆kheld|:p
|
|t:|1783535134
|move|p2a: Kingambit|Sucker Punch|p1a: Kingambit
|-resisted|p1a: Kingambit|1
|-damage|p1a: Kingambit|17/100
|move|p1a: Kingambit|Kowtow Cleave|p2a: Kingambit
|-resisted|p2a: Kingambit|1
|-damage|p2a: Kingambit|0 fnt
|faint|p2a: Kingambit
|
|win|Prepucio Santos
