|j|☆new mental
|j|☆ZZSACHI
|html|new mentalZZSACHI    
|uhtml|bestof|Game 3 of a best-of-3
|t:|1783868102
|gametype|doubles
|player|p1|new mental|volkner|1327
|player|p2|ZZSACHI|2|1337
|gen|9
|tier|[Gen 9 Champions] VGC 2026 Reg M-B (Bo3)
|rated|
|rule|Species Clause: Limit one of each Pokémon
|rule|Item Clause: Limit 1 of each item
|clearpoke
|poke|p1|Charizard, L50, F|
|poke|p1|Kingambit, L50, M|
|poke|p1|Sylveon, L50, F|
|poke|p1|Garchomp, L50, F|
|poke|p1|Aerodactyl, L50, M|
|poke|p1|Farigiraf, L50, F|
|poke|p2|Incineroar, L50, M|
|poke|p2|Maushold, L50|
|poke|p2|Sinistcha, L50|
|poke|p2|Sneasler, L50, M|
|poke|p2|Blastoise, L50, F|
|poke|p2|Delphox, L50, F|
|teampreview|4
|showteam|p1|Charizard||CharizarditeY|SolarPower|Protect,HeatWave,SolarBeam,WeatherBall|Modest||F|||50|]Kingambit||FocusSash|Defiant|IronHead,SuckerPunch,KowtowCleave,LowKick|Adamant||M|||50|]Sylveon||FairyFeather|Pixilate|Detect,HyperVoice,HyperBeam,QuickAttack|Modest||F|||50|]Garchomp||LifeOrb|RoughSkin|Protect,DragonClaw,Earthquake,RockSlide|Jolly||F|||50|]Aerodactyl||Aerodactylite|Unnerve|IceFang,RockSlide,Tailwind,DualWingbeat|Jolly||M|||50|]Farigiraf||SitrusBerry|ArmorTail|TrickRoom,Psychic,Thunderbolt,Roar|Bold||F|||50|
|showteam|p2|Incineroar||SitrusBerry|Intimidate|FakeOut,FlareBlitz,DarkestLariat,PartingShot|Impish||M|||50|]Maushold||ChopleBerry|FriendGuard|SuperFang,Feint,FollowMe,Protect|Impish|||||50|]Sinistcha||KasibBerry|Hospitality|MatchaGotcha,LifeDew,RagePowder,Protect|Bold|||||50|]Sneasler||FocusSash|PoisonTouch|FakeOut,CloseCombat,PoisonJab,QuickGuard|Jolly||M|||50|]Blastoise||Blastoisinite|Torrent|WaterSpout,DarkPulse,ShellSmash,Protect|Modest||F|||50|]Delphox||Delphoxite|Blaze|HeatWave,Psychic,NastyPlot,Protect|Timid||F|||50|
|inactive|Battle timer is ON: inactive players will automatically lose when time's up. (requested by ZZSACHI)
|
|t:|1783868114
|teamsize|p1|4
|teamsize|p2|4
|start
|switch|p1a: Aerodactyl|Aerodactyl, L50, M|100/100
|switch|p1b: Sylveon|Sylveon, L50, F|100/100
|switch|p2a: Maushold|Maushold, L50|100/100
|switch|p2b: Blastoise|Blastoise, L50, F|100/100
|-ability|p1a: Aerodactyl|Unnerve
|turn|1
|
|t:|1783868135
|detailschange|p1a: Aerodactyl|Aerodactyl-Mega, L50, M
|-mega|p1a: Aerodactyl|Aerodactyl|Aerodactylite
|detailschange|p2b: Blastoise|Blastoise-Mega, L50, F
|-mega|p2b: Blastoise|Blastoise|Blastoisinite
|move|p2a: Maushold|Protect|p2a: Maushold
|-singleturn|p2a: Maushold|Protect
|move|p1a: Aerodactyl|Tailwind|p1a: Aerodactyl
|-sidestart|p1: new mental|move: Tailwind
|move|p1b: Sylveon|Hyper Voice|p2a: Maushold|[spread] p2b
|-activate|p2a: Maushold|move: Protect
|-damage|p2b: Blastoise|60/100
|move|p2b: Blastoise|Water Spout|p1a: Aerodactyl|[spread] p1a,p1b
|-supereffective|p1a: Aerodactyl|1
|-damage|p1a: Aerodactyl|12/100
|-damage|p1b: Sylveon|68/100
|
|upkeep
|turn|2
|
|t:|1783868157
|switch|p2b: Sneasler|Sneasler, L50, M|100/100
|move|p2a: Maushold|Feint|p1a: Aerodactyl
|-resisted|p1a: Aerodactyl|1
|-damage|p1a: Aerodactyl|8/100
|move|p1a: Aerodactyl|Rock Slide|p2b: Sneasler|[spread] p2a,p2b
|-resisted|p2b: Sneasler|1
|-damage|p2a: Maushold|74/100
|-damage|p2b: Sneasler|83/100
|move|p1b: Sylveon|Hyper Voice|p2b: Sneasler|[spread] p2a,p2b
|-damage|p2a: Maushold|20/100y
|-damage|p2b: Sneasler|32/100
|
|upkeep
|turn|3
|inactive|ZZSACHI has 30 seconds left.
|
|t:|1783868189
|move|p2b: Sneasler|Fake Out|p1a: Aerodactyl
|-resisted|p1a: Aerodactyl|1
|-damage|p1a: Aerodactyl|1/100
|cant|p1a: Aerodactyl|flinch
|move|p1b: Sylveon|Hyper Voice|p2b: Sneasler|[spread] p2a,p2b
|-damage|p2a: Maushold|0 fnt
|-damage|p2b: Sneasler|0 fnt
|faint|p2a: Maushold
|faint|p2b: Sneasler
|
|upkeep
|
|t:|1783868193
|switch|p2b: Blastoise|Blastoise-Mega, L50, F|60/100
|switch|p2a: Sinistcha|Sinistcha, L50|100/100
|-heal|p2b: Blastoise|85/100|[from] ability: Hospitality|[of] p2a: Sinistcha
|turn|4
|
|t:|1783868204
|move|p2b: Blastoise|Protect|p2b: Blastoise
|-singleturn|p2b: Blastoise|Protect
|move|p1a: Aerodactyl|Rock Slide|p2b: Blastoise|[spread] 
|-activate|p2b: Blastoise|move: Protect
|-miss|p1a: Aerodactyl|p2a: Sinistcha
|move|p1b: Sylveon|Hyper Voice|p2a: Sinistcha|[spread] p2a
|-activate|p2b: Blastoise|move: Protect
|-damage|p2a: Sinistcha|56/100
|move|p2a: Sinistcha|Matcha Gotcha|p1a: Aerodactyl|[spread] p1a,p1b
|-damage|p1a: Aerodactyl|0 fnt
|-heal|p2a: Sinistcha|57/100|[from] drain|[of] p1a: Aerodactyl
|-damage|p1b: Sylveon|48/100
|-heal|p2a: Sinistcha|67/100|[from] drain|[of] p1b: Sylveon
|-status|p1b: Sylveon|brn
|faint|p1a: Aerodactyl
|
|-damage|p1b: Sylveon|42/100 brn|[from] brn
|-sideend|p1: new mental|move: Tailwind
|upkeep
|
|t:|1783868210
|switch|p1a: Farigiraf|Farigiraf, L50, F|100/100
|turn|5
|
|t:|1783868234
|move|p2b: Blastoise|Dark Pulse|p1a: Farigiraf
|-supereffective|p1a: Farigiraf|1
|-damage|p1a: Farigiraf|10/100
|-enditem|p1a: Farigiraf|Sitrus Berry|[eat]
|-heal|p1a: Farigiraf|35/100|[from] item: Sitrus Berry
|move|p1b: Sylveon|Hyper Voice|p2a: Sinistcha|[spread] p2a,p2b
|-damage|p2a: Sinistcha|23/100
|-damage|p2b: Blastoise|38/100
|move|p2a: Sinistcha|Life Dew|p2a: Sinistcha|[spread] p2a,p2b
|-heal|p2a: Sinistcha|48/100
|-heal|p2b: Blastoise|63/100
|move|p1a: Farigiraf|Trick Room|p1a: Farigiraf
|-fieldstart|move: Trick Room|[of] p1a: Farigiraf
|
|-damage|p1b: Sylveon|36/100 brn|[from] brn
|upkeep
|turn|6
|
|t:|1783868250
|move|p2b: Blastoise|Protect|p2b: Blastoise
|-singleturn|p2b: Blastoise|Protect
|move|p1a: Farigiraf|Psychic|p2b: Blastoise
|-activate|p2b: Blastoise|move: Protect
|move|p2a: Sinistcha|Life Dew|p2a: Sinistcha|[spread] p2a,p2b
|-heal|p2a: Sinistcha|73/100
|-heal|p2b: Blastoise|89/100
|move|p1b: Sylveon|Hyper Voice|p2b: Blastoise|[spread] p2a
|-activate|p2b: Blastoise|move: Protect
|-damage|p2a: Sinistcha|31/100
|
|-damage|p1b: Sylveon|29/100 brn|[from] brn
|upkeep
|turn|7
|inactive|ZZSACHI has 30 seconds left.
|inactive|ZZSACHI has 20 seconds left.
|
|t:|1783868286
|move|p2a: Sinistcha|Protect|p2a: Sinistcha
|-singleturn|p2a: Sinistcha|Protect
|move|p1a: Farigiraf|Psychic|p2b: Blastoise
|-damage|p2b: Blastoise|56/100
|move|p1b: Sylveon|Hyper Voice|p2a: Sinistcha|[spread] p2b
|-activate|p2a: Sinistcha|move: Protect
|-damage|p2b: Blastoise|5/100
|move|p2b: Blastoise|Water Spout|p1b: Sylveon|[spread] p1a,p1b
|-damage|p1a: Farigiraf|31/100
|-damage|p1b: Sylveon|27/100 brn
|
|-damage|p1b: Sylveon|21/100 brn|[from] brn
|upkeep
|turn|8
|
|t:|1783868298
|move|p2b: Blastoise|Protect|p2b: Blastoise
|-singleturn|p2b: Blastoise|Protect
|move|p1a: Farigiraf|Psychic|p2a: Sinistcha
|-damage|p2a: Sinistcha|2/100
|move|p2a: Sinistcha|Life Dew|p2a: Sinistcha|[spread] p2a,p2b
|-heal|p2a: Sinistcha|27/100
|-heal|p2b: Blastoise|30/100
|move|p1b: Sylveon|Hyper Voice|p2b: Blastoise|[spread] p2a
|-activate|p2b: Blastoise|move: Protect
|-damage|p2a: Sinistcha|0 fnt
|faint|p2a: Sinistcha
|
|-damage|p1b: Sylveon|15/100 brn|[from] brn
|upkeep
|turn|9
|
|t:|1783868302
|move|p2b: Blastoise|Protect|p2b: Blastoise
|-singleturn|p2b: Blastoise|Protect
|move|p1a: Farigiraf|Thunderbolt|p2b: Blastoise
|-activate|p2b: Blastoise|move: Protect
|move|p1b: Sylveon|Hyper Voice|p2b: Blastoise
|-activate|p2b: Blastoise|move: Protect
|
|-damage|p1b: Sylveon|9/100 brn|[from] brn
|-fieldend|move: Trick Room
|upkeep
|turn|10
|
|t:|1783868313
|move|p1b: Sylveon|Quick Attack|p2b: Blastoise
|-damage|p2b: Blastoise|25/100
|move|p2b: Blastoise|Dark Pulse|p1a: Farigiraf
|-supereffective|p1a: Farigiraf|1
|-damage|p1a: Farigiraf|0 fnt
|faint|p1a: Farigiraf
|
|-damage|p1b: Sylveon|2/100 brn|[from] brn
|upkeep
|
|t:|1783868317
|switch|p1a: Kingambit|Kingambit, L50, M|100/100
|turn|11
|
|t:|1783868323
|move|p2b: Blastoise|Protect|p2b: Blastoise
|-singleturn|p2b: Blastoise|Protect
|move|p1a: Kingambit|Kowtow Cleave|p2b: Blastoise
|-activate|p2b: Blastoise|move: Protect
|move|p1b: Sylveon|Hyper Voice|p2b: Blastoise
|-activate|p2b: Blastoise|move: Protect
|
|-damage|p1b: Sylveon|0 fnt|[from] brn
|faint|p1b: Sylveon
|upkeep
|turn|12
|
|t:|1783868330
|move|p2b: Blastoise|Water Spout|p1a: Kingambit
|-damage|p1a: Kingambit|74/100
|move|p1a: Kingambit|Kowtow Cleave|p2b: Blastoise
|-damage|p2b: Blastoise|0 fnt
|faint|p2b: Blastoise
|
|win|new mental
|raw|new mental's rating: 1327 → 1348(+21 for winning)
|raw|ZZSACHI's rating: 1337 → 1316(-21 for losing)
|l|☆ZZSACHI
|player|p2|
