|j|☆bancomat 2
|j|‽Hagriddd
|html|bancomat 2Hagriddd    
|uhtml|bestof|Game 1 of a best-of-3
|t:|1783340933
|gametype|doubles
|player|p1|bancomat 2|volkner|1000
|player|p2|Hagriddd|2|1000
|gen|9
|tier|[Gen 9 Champions] VGC 2026 Reg M-B (Bo3)
|rated|
|rule|Species Clause: Limit one of each Pokémon
|rule|Item Clause: Limit 1 of each item
|clearpoke
|poke|p1|Charizard, L50, M, shiny|
|poke|p1|Aerodactyl, L50, M|
|poke|p1|Garchomp, L50, M|
|poke|p1|Sylveon, L50, M|
|poke|p1|Kingambit, L50, M|
|poke|p1|Basculegion, L50, M|
|poke|p2|Pelipper, L50, F|
|poke|p2|Swampert, L50, F|
|poke|p2|Archaludon, L50, M|
|poke|p2|Whimsicott, L50, M|
|poke|p2|Raichu, L50, F|
|poke|p2|Incineroar, L50, M|
|teampreview|4
|showteam|p1|Charizard||CharizarditeY|Blaze|HeatWave,WeatherBall,SolarBeam,Protect|Modest||M|||50|]Aerodactyl||Aerodactylite|Unnerve|RockSlide,DualWingbeat,Tailwind,IceFang|Jolly||M|||50|]Garchomp||LifeOrb|RoughSkin|DragonClaw,Earthquake,RockTomb,Protect|Jolly||M|||50|]Sylveon||FairyFeather|Pixilate|HyperVoice,HyperBeam,QuickAttack,Detect|Modest||M|||50|]Kingambit||FocusSash|Defiant|KowtowCleave,SuckerPunch,IronHead,LowKick|Adamant||M|||50|]Basculegion||ChoiceScarf|Adaptability|Waterfall,AquaJet,LastRespects,Protect|Jolly||M|||50|
|showteam|p2|Pelipper||DampRock|Drizzle|WideGuard,Tailwind,Hurricane,WeatherBall|Modest||F|||50|]Swampert||Swampertite|Torrent|WaveCrash,Liquidation,Earthquake,Protect|Adamant||F|||50|]Archaludon||Leftovers|Stamina|DragonPulse,ElectroShot,FlashCannon,Protect|Modest||M|||50|]Whimsicott||FocusSash|Prankster|Tailwind,LightScreen,BeatUp,Moonblast|Timid||M|||50|]Raichu||RaichuniteY|LightningRod|ZapCannon,FocusBlast,DazzlingGleam,Protect|Timid||F|||50|]Incineroar||SitrusBerry|Intimidate|FakeOut,FlareBlitz,PartingShot,DarkestLariat|Impish||M|||50|
|inactive|Battle timer is ON: inactive players will automatically lose when time's up. (requested by Hagriddd)
|inactive|bancomat 2 has 60 seconds left.
|inactive|Hagriddd has 60 seconds left.
|
|t:|1783340995
|teamsize|p1|4
|teamsize|p2|4
|start
|switch|p1a: Basculegion|Basculegion, L50, M|100/100
|switch|p1b: Sylveon|Sylveon, L50, M|100/100
|switch|p2a: Archaludon|Archaludon, L50, M|100/100
|switch|p2b: Whimsicott|Whimsicott, L50, M|100/100
|turn|1
|inactive|bancomat 2 has 30 seconds left.
|
|t:|1783341025
|move|p2b: Whimsicott|Light Screen|p2b: Whimsicott
|-sidestart|p2: Hagriddd|move: Light Screen
|move|p1a: Basculegion|Last Respects|p2b: Whimsicott
|-damage|p2b: Whimsicott|64/100
|move|p2a: Archaludon|Flash Cannon|p1b: Sylveon
|-supereffective|p1b: Sylveon|1
|-damage|p1b: Sylveon|23/100
|move|p1b: Sylveon|Hyper Voice|p2a: Archaludon|[spread] p2a,p2b
|-damage|p2a: Archaludon|62/100
|-damage|p2b: Whimsicott|13/100
|-ability|p2a: Archaludon|Stamina|boost
|-boost|p2a: Archaludon|def|1
|
|-heal|p2a: Archaludon|68/100|[from] item: Leftovers
|upkeep
|turn|2
|
|t:|1783341043
|switch|p1b: Charizard|Charizard, L50, M, shiny|100/100
|move|p2a: Archaludon|Protect|p2a: Archaludon
|-singleturn|p2a: Archaludon|Protect
|move|p2b: Whimsicott|Tailwind|p2b: Whimsicott
|-sidestart|p2: Hagriddd|move: Tailwind
|move|p1a: Basculegion|Last Respects|p2b: Whimsicott
|-damage|p2b: Whimsicott|0 fnt
|faint|p2b: Whimsicott
|
|-heal|p2a: Archaludon|74/100|[from] item: Leftovers
|upkeep
|
|t:|1783341049
|switch|p2b: Swampert|Swampert, L50, F|100/100
|turn|3
|
|t:|1783341067
|switch|p1a: Sylveon|Sylveon, L50, M|23/100
|move|p2b: Swampert|Protect|p2b: Swampert
|-singleturn|p2b: Swampert|Protect
|move|p1b: Charizard|Protect|p1b: Charizard
|-singleturn|p1b: Charizard|Protect
|move|p2a: Archaludon|Dragon Pulse|p1a: Sylveon
|-immune|p1a: Sylveon
|
|-heal|p2a: Archaludon|80/100|[from] item: Leftovers
|upkeep
|turn|4
|
|t:|1783341084
|switch|p1b: Kingambit|Kingambit, L50, M|100/100
|move|p2a: Archaludon|Protect|p2a: Archaludon
|-singleturn|p2a: Archaludon|Protect
|move|p2b: Swampert|Wave Crash|p1b: Kingambit
|-damage|p1b: Kingambit|46/100
|-damage|p2b: Swampert|83/100|[from] Recoil
|move|p1a: Sylveon|Hyper Voice|p2a: Archaludon|[spread] p2b
|-activate|p2a: Archaludon|move: Protect
|-damage|p2b: Swampert|51/100
|
|-heal|p2a: Archaludon|86/100|[from] item: Leftovers
|upkeep
|turn|5
|
|t:|1783341105
|switch|p2b: Pelipper|Pelipper, L50, F|100/100
|-weather|RainDance|[from] ability: Drizzle|[of] p2b: Pelipper
|move|p1a: Sylveon|Detect|p1a: Sylveon
|-singleturn|p1a: Sylveon|Protect
|move|p1b: Kingambit|Sucker Punch||[still]
|-fail|p1b: Kingambit
|move|p2a: Archaludon|Electro Shot||[still]
|-prepare|p2a: Archaludon|Electro Shot
|-boost|p2a: Archaludon|spa|1
|-anim|p2a: Archaludon|Electro Shot|p1b: Kingambit
|-damage|p1b: Kingambit|0 fnt
|faint|p1b: Kingambit
|
|-weather|RainDance|[upkeep]
|-heal|p2a: Archaludon|92/100|[from] item: Leftovers
|-sideend|p2: Hagriddd|move: Light Screen
|-sideend|p2: Hagriddd|move: Tailwind
|upkeep
|
|t:|1783341110
|switch|p1b: Charizard|Charizard, L50, M, shiny|100/100
|turn|6
|
|t:|1783341129
|switch|p2b: Swampert|Swampert, L50, F|51/100
|detailschange|p1b: Charizard|Charizard-Mega-Y, L50, M, shiny
|-mega|p1b: Charizard|Charizard|Charizardite Y
|-weather|SunnyDay|[from] ability: Drought|[of] p1b: Charizard
|move|p1b: Charizard|Solar Beam||[still]
|-prepare|p1b: Charizard|Solar Beam
|-anim|p1b: Charizard|Solar Beam|p2b: Swampert
|-supereffective|p2b: Swampert|2
|-damage|p2b: Swampert|0 fnt
|faint|p2b: Swampert
|move|p2a: Archaludon|Dragon Pulse|p1b: Charizard
|-damage|p1b: Charizard|39/100
|move|p1a: Sylveon|Hyper Voice|p2a: Archaludon
|-damage|p2a: Archaludon|25/100
|-ability|p2a: Archaludon|Stamina|boost
|-boost|p2a: Archaludon|def|1
|
|-weather|SunnyDay|[upkeep]
|-heal|p2a: Archaludon|31/100|[from] item: Leftovers
|upkeep
|
|t:|1783341139
|switch|p2b: Pelipper|Pelipper, L50, F|100/100
|-weather|RainDance|[from] ability: Drizzle|[of] p2b: Pelipper
|turn|7
|
|t:|1783341153
|move|p1b: Charizard|Weather Ball|p2a: Archaludon
|-resisted|p2a: Archaludon|1
|-damage|p2a: Archaludon|0 fnt
|faint|p2a: Archaludon
|move|p2b: Pelipper|Tailwind|p2b: Pelipper
|-sidestart|p2: Hagriddd|move: Tailwind
|move|p1a: Sylveon|Hyper Beam|p2b: Pelipper|[miss]
|-miss|p1a: Sylveon|p2b: Pelipper
|
|-weather|RainDance|[upkeep]
|upkeep
|turn|8
|
|t:|1783341165
|switch|p1b: Basculegion|Basculegion, L50, M|100/100
|move|p1a: Sylveon|Detect|p1a: Sylveon
|-singleturn|p1a: Sylveon|Protect
|move|p2b: Pelipper|Weather Ball|p1a: Sylveon
|-activate|p1a: Sylveon|move: Protect
|
|-weather|RainDance|[upkeep]
|upkeep
|turn|9
|l|‽Hagriddd
|inactive|Hagriddd disconnected and has a minute to reconnect!
|player|p2|
|inactive|Hagriddd has 30 seconds left.
|inactive|Hagriddd has 20 seconds left.
|inactive|Hagriddd has 15 seconds left.
|inactive|Hagriddd has 10 seconds left.
|inactive|Hagriddd has 5 seconds left.
|-message|Hagriddd lost due to inactivity.
|
|win|bancomat 2
