|j|☆moicito
|j|☆mmaaxxkk
|html|moicitommaaxxkk    
|uhtml|bestof|Game 1 of a best-of-3
|t:|1756952793
|gametype|doubles
|player|p1|moicito|caitlin|1109
|player|p2|mmaaxxkk|waitress-gen4|1040
|gen|9
|tier|[Gen 9] VGC 2025 Reg H (Bo3)
|rated|
|rule|Species Clause: Limit one of each Pokémon
|rule|Item Clause: Limit 1 of each item
|clearpoke
|poke|p1|Incineroar, L50, M|
|poke|p1|Rillaboom, L50, F|
|poke|p1|Ursaluna-Bloodmoon, L50, M|
|poke|p1|Sneasler, L50, F|
|poke|p1|Dragonite, L50, M|
|poke|p1|Gholdengo, L50|
|poke|p2|Ursaluna-Bloodmoon, L50, M|
|poke|p2|Gholdengo, L50|
|poke|p2|Dragonite, L50, M|
|poke|p2|Sneasler, L50, M|
|poke|p2|Incineroar, L50, M|
|poke|p2|Amoonguss, L50, F|
|teampreview|4
|showteam|p1|Incineroar||SafetyGoggles|Intimidate|FlareBlitz,KnockOff,FakeOut,PartingShot|||M|||50|,,,,,Ghost]Rillaboom||AssaultVest|GrassySurge|WoodHammer,GrassyGlide,HighHorsepower,FakeOut|||F|||50|,,,,,Fire]Ursaluna-Bloodmoon||Leftovers|MindsEye|BloodMoon,HyperVoice,EarthPower,Protect|||M|||50|,,,,,Electric]Sneasler||FocusSash|PoisonTouch|CloseCombat,DireClaw,Coaching,FakeOut|||F|||50|,,,,,Stellar]Dragonite||LoadedDice|Multiscale|ScaleShot,Haze,ExtremeSpeed,Protect|||M|||50|,,,,,Fairy]Gholdengo||LifeOrb|GoodasGold|NastyPlot,MakeItRain,ShadowBall,Protect||||||50|,,,,,Water
|showteam|p2|Ursaluna-Bloodmoon||AssaultVest|MindsEye|BloodMoon,EarthPower,VacuumWave,HyperVoice|||M|||50|,,,,,Water]Gholdengo||LifeOrb|GoodasGold|Protect,MakeItRain,ShadowBall,NastyPlot||||||50|,,,,,Water]Dragonite||LoadedDice|Multiscale|ScaleShot,Tailwind,Haze,Protect|||M|||50|,,,,,Fairy]Sneasler||FocusSash|Unburden|Protect,DireClaw,CloseCombat,ThroatChop|||M|||50|,,,,,Stellar]Incineroar||SafetyGoggles|Intimidate|KnockOff,PartingShot,FlareBlitz,FakeOut|||M|||50|,,,,,Ghost]Amoonguss||SitrusBerry|Regenerator|RagePowder,Spore,PollenPuff,Protect|||F|||50|,,,,,Psychic
|inactive|Battle timer is ON: inactive players will automatically lose when time's up. (requested by mmaaxxkk)
|
|t:|1756952866
|teamsize|p1|4
|teamsize|p2|4
|start
|switch|p1a: Pelito|Sneasler, L50, F|100/100
|switch|p1b: Monederito|Gholdengo, L50|100/100
|switch|p2a: Incineroar|Incineroar, L50, M|100/100
|switch|p2b: Gholdengo|Gholdengo, L50|100/100
|-ability|p2a: Incineroar|Intimidate|boost
|-unboost|p1a: Pelito|atk|1
|-unboost|p1b: Monederito|atk|1
|turn|1
|inactive|moicito has 30 seconds left.
|inactive|mmaaxxkk has 30 seconds left.
|inactive|moicito has 20 seconds left.
|inactive|moicito has 15 seconds left.
|
|t:|1756952910
|-terastallize|p2b: Gholdengo|Water
|-terastallize|p1b: Monederito|Water
|move|p1a: Pelito|Fake Out|p2a: Incineroar
|-damage|p2a: Incineroar|92/100
|cant|p2a: Incineroar|flinch
|move|p2b: Gholdengo|Make It Rain|p1a: Pelito|[spread] p1a,p1b
|-resisted|p1b: Monederito
|-damage|p1a: Pelito|31/100
|-damage|p1b: Monederito|70/100
|-unboost|p2b: Gholdengo|spa|1
|-damage|p2b: Gholdengo|91/100|[from] item: Life Orb
|move|p1b: Monederito|Nasty Plot|p1b: Monederito
|-boost|p1b: Monederito|spa|2
|
|upkeep
|turn|2
|inactive|moicito has 30 seconds left.
|inactive|mmaaxxkk has 30 seconds left.
|
|t:|1756952938
|move|p2b: Gholdengo|Protect|p2b: Gholdengo
|-singleturn|p2b: Gholdengo|Protect
|move|p1a: Pelito|Close Combat|p2a: Incineroar
|-supereffective|p2a: Incineroar
|-damage|p2a: Incineroar|7/100
|-unboost|p1a: Pelito|def|1
|-unboost|p1a: Pelito|spd|1
|move|p1b: Monederito|Make It Rain|p2a: Incineroar|[spread] p2a
|-activate|p2b: Gholdengo|move: Protect
|-resisted|p2a: Incineroar
|-damage|p2a: Incineroar|0 fnt
|-unboost|p1b: Monederito|spa|1
|faint|p2a: Incineroar
|-damage|p1b: Monederito|60/100|[from] item: Life Orb
|
|upkeep
|
|t:|1756952952
|switch|p2a: Sneasler|Sneasler, L50, M|100/100
|turn|3
|inactive|mmaaxxkk has 30 seconds left.
|inactive|mmaaxxkk has 20 seconds left.
|
|t:|1756952987
|switch|p1a: Changuito|Rillaboom, L50, F, shiny|100/100
|-fieldstart|move: Grassy Terrain|[from] ability: Grassy Surge|[of] p1a: Changuito
|move|p1b: Monederito|Protect|p1b: Monederito
|-singleturn|p1b: Monederito|Protect
|move|p2a: Sneasler|Close Combat|p1b: Monederito
|-activate|p1b: Monederito|move: Protect
|move|p2b: Gholdengo|Make It Rain|p1b: Monederito|[spread] p1a
|-activate|p1b: Monederito|move: Protect
|-damage|p1a: Changuito|72/100
|-unboost|p2b: Gholdengo|spa|1
|-damage|p2b: Gholdengo|82/100|[from] item: Life Orb
|
|-heal|p2b: Gholdengo|88/100|[from] Grassy Terrain
|-heal|p1b: Monederito|67/100|[from] Grassy Terrain
|-heal|p1a: Changuito|78/100|[from] Grassy Terrain
|upkeep
|turn|4
|inactive|moicito has 30 seconds left.
|inactive|mmaaxxkk has 30 seconds left.
|inactive|mmaaxxkk has 20 seconds left.
|
|t:|1756953026
|move|p2a: Sneasler|Protect|p2a: Sneasler
|-singleturn|p2a: Sneasler|Protect
|move|p1a: Changuito|Fake Out|p2a: Sneasler
|-activate|p2a: Sneasler|move: Protect
|move|p2b: Gholdengo|Nasty Plot|p2b: Gholdengo
|-boost|p2b: Gholdengo|spa|2
|move|p1b: Monederito|Nasty Plot|p1b: Monederito
|-boost|p1b: Monederito|spa|2
|
|-heal|p2b: Gholdengo|94/100|[from] Grassy Terrain
|-heal|p1b: Monederito|73/100|[from] Grassy Terrain
|-heal|p1a: Changuito|84/100|[from] Grassy Terrain
|upkeep
|turn|5
|
|t:|1756953046
|move|p1b: Monederito|Protect|p1b: Monederito
|-singleturn|p1b: Monederito|Protect
|move|p2a: Sneasler|Close Combat|p1b: Monederito
|-activate|p1b: Monederito|move: Protect
|move|p2b: Gholdengo|Make It Rain|p1a: Changuito|[spread] p1a
|-activate|p1b: Monederito|move: Protect
|-damage|p1a: Changuito|44/100
|-unboost|p2b: Gholdengo|spa|1
|-damage|p2b: Gholdengo|84/100|[from] item: Life Orb
|move|p1a: Changuito|High Horsepower|p2a: Sneasler
|-supereffective|p2a: Sneasler
|-enditem|p2a: Sneasler|Focus Sash
|-damage|p2a: Sneasler|1/100
|
|-heal|p2a: Sneasler|7/100|[from] Grassy Terrain
|-heal|p2b: Gholdengo|90/100|[from] Grassy Terrain
|-heal|p1b: Monederito|79/100|[from] Grassy Terrain
|-heal|p1a: Changuito|50/100|[from] Grassy Terrain
|upkeep
|turn|6
|inactive|mmaaxxkk has 30 seconds left.
|
|t:|1756953074
|move|p2a: Sneasler|Protect|p2a: Sneasler
|-singleturn|p2a: Sneasler|Protect
|move|p1a: Changuito|Grassy Glide|p2a: Sneasler
|-activate|p2a: Sneasler|move: Protect
|move|p2b: Gholdengo|Nasty Plot|p2b: Gholdengo
|-boost|p2b: Gholdengo|spa|2
|move|p1b: Monederito|Make It Rain|p2a: Sneasler|[spread] p2b
|-activate|p2a: Sneasler|move: Protect
|-resisted|p2b: Gholdengo
|-damage|p2b: Gholdengo|6/100
|-unboost|p1b: Monederito|spa|1
|-damage|p1b: Monederito|69/100|[from] item: Life Orb
|
|-heal|p2a: Sneasler|13/100|[from] Grassy Terrain
|-heal|p2b: Gholdengo|12/100|[from] Grassy Terrain
|-heal|p1b: Monederito|75/100|[from] Grassy Terrain
|-heal|p1a: Changuito|56/100|[from] Grassy Terrain
|upkeep
|turn|7
|inactive|moicito has 30 seconds left.
|inactive|mmaaxxkk has 30 seconds left.
|
|t:|1756953107
|move|p1a: Changuito|Grassy Glide|p2a: Sneasler
|-resisted|p2a: Sneasler
|-damage|p2a: Sneasler|0 fnt
|faint|p2a: Sneasler
|move|p2b: Gholdengo|Make It Rain|p1a: Changuito|[spread] p1a,p1b
|-resisted|p1b: Monederito
|-damage|p1a: Changuito|0 fnt
|-damage|p1b: Monederito|32/100
|-unboost|p2b: Gholdengo|spa|1
|faint|p1a: Changuito
|-damage|p2b: Gholdengo|3/100|[from] item: Life Orb
|move|p1b: Monederito|Shadow Ball|p2b: Gholdengo
|-damage|p2b: Gholdengo|0 fnt
|faint|p2b: Gholdengo
|-damage|p1b: Monederito|22/100|[from] item: Life Orb
|
|-heal|p1b: Monederito|29/100|[from] Grassy Terrain
|-fieldend|move: Grassy Terrain
|upkeep
|
|t:|1756953126
|switch|p2b: Ursaluna|Ursaluna-Bloodmoon, L50, M|100/100
|switch|p1a: Pelito|Sneasler, L50, F|31/100
|turn|8
|
|t:|1756953141
|move|p1a: Pelito|Fake Out|p2b: Ursaluna
|-damage|p2b: Ursaluna|90/100
|move|p1b: Monederito|Make It Rain|p2b: Ursaluna
|-damage|p2b: Ursaluna|0 fnt
|-unboost|p1b: Monederito|spa|1
|faint|p2b: Ursaluna
|-damage|p1b: Monederito|19/100|[from] item: Life Orb
|
|win|moicito
||mmaaxxkk is ready for game 2.
||moicito is ready for game 2.
|uhtml|next|Next: Game 2 of 3
|l|☆mmaaxxkk
|player|p2|
