|j|☆castoriceball
|j|☆manikman
|html|castoriceballmanikman    
|uhtml|bestof|Game 1 of a best-of-3
|t:|1783811545
|gametype|doubles
|player|p1|castoriceball|miku-flying|1343
|player|p2|manikman|steven|1220
|gen|9
|tier|[Gen 9 Champions] VGC 2026 Reg M-B (Bo3)
|rated|
|rule|Species Clause: Limit one of each Pokémon
|rule|Item Clause: Limit 1 of each item
|clearpoke
|poke|p1|Garchomp, L50, M|
|poke|p1|Floette-Eternal, L50, F|
|poke|p1|Talonflame, L50, F|
|poke|p1|Rotom-Wash, L50, shiny|
|poke|p1|Glimmora, L50, M|
|poke|p1|Sinistcha, L50|
|poke|p2|Scolipede, L50, M|
|poke|p2|Raichu, L50, M|
|poke|p2|Sinistcha, L50|
|poke|p2|Weavile, L50, M|
|poke|p2|Ceruledge, L50, F|
|poke|p2|Milotic, L50, F|
|teampreview|4
|showteam|p1|Garchomp||LifeOrb|RoughSkin|DragonClaw,Earthquake,RockSlide,Protect|Adamant||M|||50|]Floette-Eternal||Floettite|FlowerVeil|Moonblast,DazzlingGleam,LightofRuin,Protect|Modest||F|||50|]Talonflame||SharpBeak|GaleWings|Tailwind,DualWingbeat,QuickGuard,Protect|Jolly||F|||50|]Rotom-Wash||Magnet|Levitate|Thunderbolt,HydroPump,Electroweb,Protect|Modest|||||50|]Glimmora||Glimmoranite|ToxicDebris|PowerGem,SludgeBomb,EarthPower,Protect|Modest||M|||50|]Sinistcha||OccaBerry|Hospitality|TrickRoom,ShadowBall,RagePowder,MatchaGotcha|Calm|||||50|
|showteam|p2|Scolipede||Scolipite|SpeedBoost|LeechLife,PoisonJab,SwordsDance,Protect|Jolly||M|||50|]Raichu||RaichuniteY|LightningRod|ZapCannon,FocusBlast,Protect,FakeOut|Timid||M|||50|]Sinistcha||KasibBerry|Hospitality|MatchaGotcha,LifeDew,Protect,RagePowder|Relaxed|||||50|]Weavile||FocusSash|Pickpocket|KnockOff,TripleAxel,LowKick,FakeOut|Jolly||M|||50|]Ceruledge||ColburBerry|FlashFire|BitterBlade,ShadowSneak,Protect,BulkUp|Adamant||F|||50|]Milotic||Leftovers|Competitive|MuddyWater,Coil,Protect,Hypnosis|Calm||F|||50|
|inactive|Battle timer is ON: inactive players will automatically lose when time's up. (requested by manikman)
|inactive|castoriceball has 60 seconds left.
|inactive|manikman has 60 seconds left.
|
|t:|1783811601
|teamsize|p1|4
|teamsize|p2|4
|start
|switch|p1a: BIRDD|Talonflame, L50, F|100/100
|switch|p1b: jarchomp|Garchomp, L50, M|100/100
|switch|p2a: Weavile|Weavile, L50, M|100/100
|switch|p2b: Milotic|Milotic, L50, F|100/100
|turn|1
|inactive|castoriceball has 30 seconds left.
|inactive|castoriceball has 20 seconds left.
|
|t:|1783811638
|switch|p1b: Laundry List|Rotom-Wash, L50, shiny|100/100
|move|p1a: BIRDD|Dual Wingbeat|p2a: Weavile
|-damage|p2a: Weavile|68/100
|-damage|p2a: Weavile|35/100
|-hitcount|p2a: Weavile|2
|move|p2a: Weavile|Triple Axel|p1b: Laundry List
|-resisted|p1b: Laundry List|1
|-damage|p1b: Laundry List|94/100
|-resisted|p1b: Laundry List|1
|-damage|p1b: Laundry List|85/100
|-resisted|p1b: Laundry List|1
|-damage|p1b: Laundry List|69/100
|-hitcount|p1b: Laundry List|3
|move|p2b: Milotic|Coil|p2b: Milotic
|-boost|p2b: Milotic|atk|1
|-boost|p2b: Milotic|def|1
|-boost|p2b: Milotic|accuracy|1
|
|upkeep
|turn|2
|inactive|castoriceball has 30 seconds left.
|inactive|manikman has 30 seconds left.
|
|t:|1783811667
|switch|p2a: Raichu|Raichu, L50, M|100/100
|move|p1a: BIRDD|Dual Wingbeat|p2a: Raichu
|-resisted|p2a: Raichu|1
|-damage|p2a: Raichu|86/100
|-resisted|p2a: Raichu|1
|-damage|p2a: Raichu|73/100
|-hitcount|p2a: Raichu|2
|move|p2b: Milotic|Coil|p2b: Milotic
|-boost|p2b: Milotic|atk|1
|-boost|p2b: Milotic|def|1
|-boost|p2b: Milotic|accuracy|1
|move|p1b: Laundry List|Thunderbolt|p2a: Raichu
|-activate|p2a: Raichu|ability: Lightning Rod
|-ability|p2a: Raichu|Lightning Rod|boost
|-boost|p2a: Raichu|spa|1
|
|upkeep
|turn|3
|inactive|castoriceball has 30 seconds left.
|
|t:|1783811695
|switch|p1a: jarchomp|Garchomp, L50, M|100/100
|move|p2a: Raichu|Fake Out|p1a: jarchomp
|-damage|p1a: jarchomp|91/100
|-damage|p2a: Raichu|61/100|[from] ability: Rough Skin|[of] p1a: jarchomp
|move|p2b: Milotic|Hypnosis|p1b: Laundry List
|-status|p1b: Laundry List|slp|[from] move: Hypnosis
|cant|p1b: Laundry List|slp
|
|upkeep
|turn|4
|
|t:|1783811708
|move|p2a: Raichu|Protect|p2a: Raichu
|-singleturn|p2a: Raichu|Protect
|move|p1a: jarchomp|Earthquake|p2a: Raichu|[spread] p2b
|-activate|p2a: Raichu|move: Protect
|-immune|p1b: Laundry List|[from] ability: Levitate
|-damage|p2b: Milotic|74/100
|-damage|p1a: jarchomp|82/100|[from] item: Life Orb
|move|p2b: Milotic|Hypnosis|p1a: jarchomp
|-status|p1a: jarchomp|slp|[from] move: Hypnosis
|cant|p1b: Laundry List|slp
|
|-heal|p2b: Milotic|80/100|[from] item: Leftovers
|upkeep
|turn|5
|
|t:|1783811726
|detailschange|p2a: Raichu|Raichu-Mega-Y, L50, M
|-mega|p2a: Raichu|Raichu|Raichunite Y
|move|p2a: Raichu|Zap Cannon|p1b: Laundry List
|-damage|p1b: Laundry List|0 fnt
|faint|p1b: Laundry List
|cant|p1a: jarchomp|slp
|move|p2b: Milotic|Muddy Water|p1a: jarchomp
|-damage|p1a: jarchomp|48/100 slp
|
|-heal|p2b: Milotic|86/100|[from] item: Leftovers
|upkeep
|
|t:|1783811739
|switch|p1b: BIRDD|Talonflame, L50, F|100/100
|turn|6
|
|t:|1783811758
|move|p1b: BIRDD|Protect|p1b: BIRDD
|-singleturn|p1b: BIRDD|Protect
|move|p2a: Raichu|Focus Blast|p1a: jarchomp
|-damage|p1a: jarchomp|0 fnt
|faint|p1a: jarchomp
|move|p2b: Milotic|Muddy Water|p1b: BIRDD
|-activate|p1b: BIRDD|move: Protect
|
|-heal|p2b: Milotic|92/100|[from] item: Leftovers
|upkeep
|
|t:|1783811760
|switch|p1a: Glimmora|Glimmora, L50, M|100/100
|turn|7
|inactive|castoriceball has 30 seconds left.
|
|t:|1783811790
|detailschange|p1a: Glimmora|Glimmora-Mega, L50, M
|-mega|p1a: Glimmora|Glimmora|Glimmoranite
|move|p1b: BIRDD|Tailwind|p1b: BIRDD
|-sidestart|p1: castoriceball|move: Tailwind
|move|p1a: Glimmora|Power Gem|p2b: Milotic
|-damage|p2b: Milotic|50/100g
|move|p2a: Raichu|Zap Cannon|p1b: BIRDD
|-supereffective|p1b: BIRDD|1
|-damage|p1b: BIRDD|0 fnt
|faint|p1b: BIRDD
|move|p2b: Milotic|Hypnosis|p1a: Glimmora
|-status|p1a: Glimmora|slp|[from] move: Hypnosis
|
|-heal|p2b: Milotic|56/100|[from] item: Leftovers
|upkeep
|turn|8
|-message|castoriceball forfeited.
|
|win|manikman
