|j|☆AGreatRobot
|j|☆LovelyLilypad
|html|AGreatRobotLovelyLilypad    
|uhtml|bestof|Game 2 of a best-of-3
|t:|1757107636
|gametype|doubles
|player|p1|AGreatRobot|wattson|
|player|p2|LovelyLilypad|caitlin|
|gen|9
|tier|[Gen 9] VGC 2025 Reg H (Bo3)
|rule|Species Clause: Limit one of each Pokémon
|rule|Item Clause: Limit 1 of each item
|clearpoke
|poke|p1|Bisharp, L50, M|
|poke|p1|Clodsire, L50, F|
|poke|p1|Tatsugiri-Stretchy, L50, M|
|poke|p1|Murkrow, L50, F|
|poke|p1|Oranguru, L50, M|
|poke|p1|Weavile, L50, M|
|poke|p2|Glaceon, L50, F|
|poke|p2|Yanmega, L50, F|
|poke|p2|Arcanine, L50, F|
|poke|p2|Slowking, L50, M|
|poke|p2|Gallade, L50, M|
|poke|p2|Meowscarada, L50, F|
|teampreview|4
|showteam|p1|Bisharp||Eviolite|Defiant|IronHead,ThroatChop,SuckerPunch,Protect|||M|||50|,,,,,Water]Clodsire||SitrusBerry|WaterAbsorb|BodyPress,AfterYou,Stockpile,Yawn|||F|||50|,,,,,Grass]Tatsugiri-Stretchy||ChoiceSpecs|StormDrain|Surf,DracoMeteor,HydroPump,MuddyWater|||M|||50|,,,,,Water]Murkrow||FocusSash|Prankster|Tailwind,RainDance,Taunt,FoulPlay|||F|||50|,,,,,Ghost]Oranguru||SafetyGoggles|Telepathy|Instruct,TrickRoom,Protect,KnockOff|||M|||50|,,,,,Dark]Weavile||LifeOrb|Pressure|TripleAxel,KnockOff,FakeOut,Protect|||M|||50|,,,,,Ice
|showteam|p2|Glaceon||NeverMeltIce|SnowCloak|Protect,Blizzard,FreezeDry,Snowscape|||F|||50|,,,,,Ice]Yanmega||FocusSash|SpeedBoost|Protect,Tailwind,AirSlash,BugBuzz|||F|||50|,,,,,Ghost]Arcanine||SitrusBerry|Intimidate|Protect,FlareBlitz,ExtremeSpeed,Snarl|||F|||50|,,,,,Grass]Slowking||CovertCloak|Oblivious|Scald,Psychic,TrickRoom,ChillyReception|||M|||50|,,,,,Grass]Gallade||LifeOrb|Sharpness|Protect,PsychoCut,SacredSword,LeafBlade|||M|||50|,,,,,Psychic]Meowscarada||ChoiceBand|Protean|FlowerTrick,KnockOff,TripleAxel,Uturn|||F|||50|,,,,,Ghost
|
|t:|1757107659
|teamsize|p1|4
|teamsize|p2|4
|start
|switch|p1a: Half a Murder|Murkrow, L50, F, shiny|100/100
|switch|p1b: Ice Ice Baby|Weavile, L50, M|100/100
|switch|p2a: BZZT!|Yanmega, L50, F|100/100
|switch|p2b: Zero|Gallade, L50, M|100/100
|-ability|p1b: Ice Ice Baby|Pressure
|turn|1
|
|t:|1757107679
|switch|p2b: Dog'shuki|Arcanine, L50, F|100/100
|-ability|p2b: Dog'shuki|Intimidate|boost
|-unboost|p1a: Half a Murder|atk|1
|-unboost|p1b: Ice Ice Baby|atk|1
|move|p2a: BZZT!|Protect|p2a: BZZT!
|-singleturn|p2a: BZZT!|Protect
|move|p1a: Half a Murder|Taunt|p2a: BZZT!
|-activate|p2a: BZZT!|move: Protect
|move|p1b: Ice Ice Baby|Knock Off|p2b: Dog'shuki
|-damage|p2b: Dog'shuki|58/100
|-enditem|p2b: Dog'shuki|Sitrus Berry|[from] move: Knock Off|[of] p1b: Ice Ice Baby
|-damage|p1b: Ice Ice Baby|91/100|[from] item: Life Orb
|
|-ability|p2a: BZZT!|Speed Boost|boost
|-boost|p2a: BZZT!|spe|1
|upkeep
|turn|2
|
|t:|1757107706
|switch|p1b: Lil Bro|Bisharp, L50, M|100/100
|move|p1a: Half a Murder|Rain Dance|p1a: Half a Murder
|-weather|RainDance
|move|p2a: BZZT!|Bug Buzz|p1b: Lil Bro
|-damage|p1b: Lil Bro|55/100
|move|p2b: Dog'shuki|Flare Blitz|p1b: Lil Bro
|-supereffective|p1b: Lil Bro
|-damage|p1b: Lil Bro|20/100
|-damage|p2b: Dog'shuki|49/100|[from] Recoil
|
|-weather|RainDance|[upkeep]
|-ability|p2a: BZZT!|Speed Boost|boost
|-boost|p2a: BZZT!|spe|1
|upkeep
|turn|3
|
|t:|1757107736
|move|p2b: Dog'shuki|Extreme Speed|p1a: Half a Murder
|-crit|p1a: Half a Murder
|-damage|p1a: Half a Murder|50/100
|move|p1a: Half a Murder|Taunt|p2a: BZZT!
|-start|p2a: BZZT!|move: Taunt
|move|p1b: Lil Bro|Sucker Punch|p2a: BZZT!
|-damage|p2a: BZZT!|54/100
|move|p2a: BZZT!|Bug Buzz|p1b: Lil Bro
|-damage|p1b: Lil Bro|0 fnt
|faint|p1b: Lil Bro
|
|-weather|RainDance|[upkeep]
|-ability|p2a: BZZT!|Speed Boost|boost
|-boost|p2a: BZZT!|spe|1
|upkeep
|
|t:|1757107751
|switch|p1b: fren :)|Clodsire, L50, F|100/100
|turn|4
|
|t:|1757107784
|move|p2b: Dog'shuki|Protect|p2b: Dog'shuki
|-singleturn|p2b: Dog'shuki|Protect
|move|p2a: BZZT!|Bug Buzz|p1a: Half a Murder
|-damage|p1a: Half a Murder|0 fnt
|faint|p1a: Half a Murder
|move|p1b: fren :)|Stockpile|p1b: fren :)
|-start|p1b: fren :)|stockpile1
|-boost|p1b: fren :)|def|1
|-boost|p1b: fren :)|spd|1
|
|-weather|RainDance|[upkeep]
|-ability|p2a: BZZT!|Speed Boost|boost
|-boost|p2a: BZZT!|spe|1
|upkeep
|
|t:|1757107788
|switch|p1a: Ice Ice Baby|Weavile, L50, M|91/100
|-ability|p1a: Ice Ice Baby|Pressure
|turn|5
|
|t:|1757107811
|-terastallize|p2a: BZZT!|Ghost
|-terastallize|p1a: Ice Ice Baby|Ice
|move|p2a: BZZT!|Bug Buzz|p1a: Ice Ice Baby
|-damage|p1a: Ice Ice Baby|29/100
|move|p1a: Ice Ice Baby|Knock Off|p2a: BZZT!
|-supereffective|p2a: BZZT!
|-damage|p2a: BZZT!|0 fnt
|-enditem|p2a: BZZT!|Focus Sash|[from] move: Knock Off|[of] p1a: Ice Ice Baby
|faint|p2a: BZZT!
|-damage|p1a: Ice Ice Baby|19/100|[from] item: Life Orb
|move|p2b: Dog'shuki|Flare Blitz|p1a: Ice Ice Baby
|-supereffective|p1a: Ice Ice Baby
|-damage|p1a: Ice Ice Baby|0 fnt
|faint|p1a: Ice Ice Baby
|-damage|p2b: Dog'shuki|44/100|[from] Recoil
|move|p1b: fren :)|Stockpile|p1b: fren :)
|-start|p1b: fren :)|stockpile2
|-boost|p1b: fren :)|def|1
|-boost|p1b: fren :)|spd|1
|
|-weather|RainDance|[upkeep]
|upkeep
|
|t:|1757107831
|switch|p2a: Zero|Gallade, L50, M|100/100
|turn|6
|
|t:|1757107840
|move|p2a: Zero|Psycho Cut|p1b: fren :)
|-supereffective|p1b: fren :)
|-damage|p1b: fren :)|50/100
|-enditem|p1b: fren :)|Sitrus Berry|[eat]
|-heal|p1b: fren :)|75/100|[from] item: Sitrus Berry
|-damage|p2a: Zero|91/100|[from] item: Life Orb
|move|p2b: Dog'shuki|Flare Blitz|p1b: fren :)
|-crit|p1b: fren :)
|-damage|p1b: fren :)|46/100
|-damage|p2b: Dog'shuki|33/100|[from] Recoil
|move|p1b: fren :)|Yawn|p2a: Zero
|-start|p2a: Zero|move: Yawn|[of] p1b: fren :)
|
|-weather|none
|upkeep
|turn|7
|
|t:|1757107855
|move|p2a: Zero|Psycho Cut|p1b: fren :)
|-supereffective|p1b: fren :)
|-damage|p1b: fren :)|0 fnt
|faint|p1b: fren :)
|-damage|p2a: Zero|81/100|[from] item: Life Orb
|
|win|LovelyLilypad
||AGreatRobot is ready for game 3.
||LovelyLilypad is ready for game 3.
|uhtml|next|Next: Game 3 of 3
|l|☆AGreatRobot
|player|p1|
