|j|☆PaniniWeenie
|j|☆celaerity
|html|PaniniWeeniecelaerity    
|uhtml|bestof|Game 2 of a best-of-3
|t:|1783882725
|gametype|doubles
|player|p1|PaniniWeenie|pokemaniac|
|player|p2|celaerity|mars|
|gen|9
|tier|[Gen 9 Champions] VGC 2026 Reg M-B (Bo3)
|rule|Species Clause: Limit one of each Pokémon
|rule|Item Clause: Limit 1 of each item
|clearpoke
|poke|p1|Blaziken, L50, M|
|poke|p1|Venusaur, L50, M|
|poke|p1|Ninetales-Alola, L50, M|
|poke|p1|Lycanroc-Dusk, L50, F|
|poke|p1|Kingambit, L50, F|
|poke|p1|Basculegion, L50, M|
|poke|p2|Sneasler, L50, M|
|poke|p2|Blastoise, L50, M|
|poke|p2|Kingambit, L50, M|
|poke|p2|Incineroar, L50, M|
|poke|p2|Delphox, L50, F|
|poke|p2|Sinistcha, L50|
|teampreview|4
|showteam|p1|Blaziken||Blazikenite|SpeedBoost|CloseCombat,FlareBlitz,StoneEdge,Detect|Adamant||M|||50|]Venusaur||Venusaurite|Chlorophyll|GigaDrain,SludgeBomb,EarthPower,Protect|Modest||M|||50|]Ninetales-Alola||NeverMeltIce|SnowWarning|Blizzard,FreezeDry,Encore,Protect|Timid||M|||50|]Lycanroc-Dusk||FocusSash|ToughClaws|Accelerock,RockSlide,CloseCombat,Protect|Adamant||F|||50|]Kingambit||LifeOrb|Defiant|KowtowCleave,SuckerPunch,IronHead,Protect|Adamant||F|||50|]Basculegion||ChoiceScarf|Adaptability|WaveCrash,LastRespects,FlipTurn,AquaJet|Jolly||M|||50|
|showteam|p2|Sneasler||FocusSash|PoisonTouch|PoisonJab,CloseCombat,FakeOut,QuickGuard|Jolly||M|||50|]Blastoise||Blastoisinite|RainDish|DarkPulse,WaterSpout,ShellSmash,Protect|Modest||M|||50|]Kingambit||BlackGlasses|Defiant|KowtowCleave,SuckerPunch,SwordsDance,Protect|Adamant||M|||50|]Incineroar||SitrusBerry|Intimidate|FlareBlitz,HelpingHand,PartingShot,FakeOut|Careful||M|||50|]Delphox||Delphoxite|Blaze|HeatWave,NastyPlot,Psyshock,Protect|Modest||F|||50|]Sinistcha||KasibBerry|Hospitality|MatchaGotcha,RagePowder,TrickRoom,Protect|Bold|||||50|
|j| thepostmanp
|j| ChoiceClick
|inactive|Battle timer is ON: inactive players will automatically lose when time's up. (requested by PaniniWeenie)
|inactive|celaerity has 60 seconds left.
|inactive|celaerity has 30 seconds left.
|inactive|celaerity has 20 seconds left.
|inactive|celaerity has 15 seconds left.
|
|t:|1783882829
|teamsize|p1|4
|teamsize|p2|4
|start
|switch|p1a: Blaziken|Blaziken, L50, M|100/100
|switch|p1b: Basculegion|Basculegion, L50, M|100/100
|switch|p2a: Blastoise|Blastoise, L50, M|100/100
|switch|p2b: Kingambit|Kingambit, L50, M|100/100
|turn|1
|inactive|PaniniWeenie has 30 seconds left.
|inactive|celaerity has 30 seconds left.
|inactive|PaniniWeenie has 20 seconds left.
|
|t:|1783882866
|switch|p1b: Kingambit|Kingambit, L50, F|100/100
|detailschange|p1a: Blaziken|Blaziken-Mega, L50, M
|-mega|p1a: Blaziken|Blaziken|Blazikenite
|detailschange|p2a: Blastoise|Blastoise-Mega, L50, M
|-mega|p2a: Blastoise|Blastoise|Blastoisinite
|move|p2b: Kingambit|Protect|p2b: Kingambit
|-singleturn|p2b: Kingambit|Protect
|move|p1a: Blaziken|Close Combat|p2a: Blastoise
|-damage|p2a: Blastoise|29/100
|-unboost|p1a: Blaziken|def|1
|-unboost|p1a: Blaziken|spd|1
|move|p2a: Blastoise|Water Spout|p1a: Blaziken|[spread] p1a,p1b
|-supereffective|p1a: Blaziken|1
|-crit|p1a: Blaziken
|-damage|p1a: Blaziken|0 fnt
|-damage|p1b: Kingambit|81/100
|faint|p1a: Blaziken
|
|upkeep
|
|t:|1783882882
|switch|p1a: Lycanroc|Lycanroc-Dusk, L50, F|100/100
|turn|2
|
|t:|1783882897
|switch|p2b: Sinistcha|Sinistcha, L50|100/100
|-heal|p2a: Blastoise|54/100|[from] ability: Hospitality|[of] p2b: Sinistcha
|move|p1a: Lycanroc|Close Combat|p2b: Sinistcha
|-immune|p2b: Sinistcha
|move|p2a: Blastoise|Shell Smash|p2a: Blastoise
|-unboost|p2a: Blastoise|def|1
|-unboost|p2a: Blastoise|spd|1
|-boost|p2a: Blastoise|atk|2
|-boost|p2a: Blastoise|spa|2
|-boost|p2a: Blastoise|spe|2
|move|p1b: Kingambit|Kowtow Cleave|p2a: Blastoise
|-damage|p2a: Blastoise|0 fnt
|faint|p2a: Blastoise
|-damage|p1b: Kingambit|71/100|[from] item: Life Orb
|
|upkeep
|
|t:|1783882906
|switch|p2a: Sneasler|Sneasler, L50, M|100/100
|turn|3
|j| Autumnal Rein
|
|t:|1783882940
|move|p1a: Lycanroc|Protect|p1a: Lycanroc
|-singleturn|p1a: Lycanroc|Protect
|move|p2a: Sneasler|Close Combat|p1b: Kingambit
|-supereffective|p1b: Kingambit|2
|-damage|p1b: Kingambit|0 fnt
|-unboost|p2a: Sneasler|def|1
|-unboost|p2a: Sneasler|spd|1
|faint|p1b: Kingambit
|move|p2b: Sinistcha|Matcha Gotcha|p1a: Lycanroc
|-activate|p1a: Lycanroc|move: Protect
|
|upkeep
|
|t:|1783882946
|switch|p1b: Basculegion|Basculegion, L50, M|100/100
|turn|4
|
|t:|1783882965
|move|p1b: Basculegion|Last Respects|p2b: Sinistcha
|-supereffective|p2b: Sinistcha|1
|-enditem|p2b: Sinistcha|Kasib Berry|[eat]
|-enditem|p2b: Sinistcha|Kasib Berry|[weaken]
|-damage|p2b: Sinistcha|28/100
|move|p2a: Sneasler|Close Combat|p1a: Lycanroc
|-supereffective|p1a: Lycanroc|1
|-enditem|p1a: Lycanroc|Focus Sash
|-damage|p1a: Lycanroc|1/100
|-unboost|p2a: Sneasler|def|1
|-unboost|p2a: Sneasler|spd|1
|move|p1a: Lycanroc|Rock Slide|p2b: Sinistcha|[spread] p2a,p2b
|-resisted|p2a: Sneasler|1
|-damage|p2a: Sneasler|46/100
|-damage|p2b: Sinistcha|2/100
|cant|p2b: Sinistcha|flinch
|
|upkeep
|turn|5
|inactive|PaniniWeenie has 30 seconds left.
|inactive|celaerity has 30 seconds left.
|
|t:|1783882993
|move|p1a: Lycanroc|Protect|p1a: Lycanroc
|-singleturn|p1a: Lycanroc|Protect
|move|p2b: Sinistcha|Protect|p2b: Sinistcha
|-singleturn|p2b: Sinistcha|Protect
|move|p1b: Basculegion|Last Respects|p2a: Sneasler
|-damage|p2a: Sneasler|0 fnt
|faint|p2a: Sneasler
|
|upkeep
|
|t:|1783882995
|switch|p2a: Kingambit|Kingambit, L50, M|100/100
|turn|6
|j| Gdrampa
|j| DmanVGC
|inactive|PaniniWeenie has 30 seconds left.
|
|t:|1783883026
|move|p2a: Kingambit|Sucker Punch|p1b: Basculegion
|-supereffective|p1b: Basculegion|1
|-damage|p1b: Basculegion|1/100
|move|p1b: Basculegion|Last Respects|p2b: Sinistcha
|-supereffective|p2b: Sinistcha|1
|-damage|p2b: Sinistcha|0 fnt
|faint|p2b: Sinistcha
|move|p1a: Lycanroc|Close Combat|p2a: Kingambit
|-supereffective|p2a: Kingambit|2
|-damage|p2a: Kingambit|0 fnt
|-unboost|p1a: Lycanroc|def|1
|-unboost|p1a: Lycanroc|spd|1
|faint|p2a: Kingambit
|
|win|PaniniWeenie
|c|☆celaerity|gg
|c|☆PaniniWeenie|gg
|l| ChoiceClick
|c|☆celaerity|Basc libvving that is wild
|c|☆celaerity|lmao
|l| thepostmanp
|l| Gdrampa
