|j|☆Romarijuan98
|j|☆craser13
|html|Romarijuan98craser13    
|uhtml|bestof|Game 1 of a best-of-3
|t:|1784585558
|gametype|doubles
|player|p1|Romarijuan98|266|
|player|p2|craser13|alder|
|gen|9
|tier|[Gen 9 Champions] VGC 2026 Reg M-B (Bo3)
|rule|Species Clause: Limit one of each Pokémon
|rule|Item Clause: Limit 1 of each item
|clearpoke
|poke|p1|Swampert, L50, M|
|poke|p1|Pelipper, L50, F|
|poke|p1|Farigiraf, L50, M|
|poke|p1|Sneasler, L50, F|
|poke|p1|Mawile, L50, F|
|poke|p1|Archaludon, L50, M|
|poke|p2|Floette-Eternal, L50, F|
|poke|p2|Charizard, L50, F|
|poke|p2|Garchomp, L50, M|
|poke|p2|Whimsicott, L50, F|
|poke|p2|Basculegion, L50, M|
|poke|p2|Kingambit, L50, F|
|teampreview|4
|showteam|p1|Swampert||Swampertite|Damp|IcePunch,WaveCrash,HighHorsepower,Protect|Adamant||M|||50|]Pelipper||LifeOrb|Drizzle|WeatherBall,Tailwind,Hurricane,WideGuard|Modest||F|||50|]Farigiraf||SitrusBerry|ArmorTail|Psychic,TrickRoom,Thunderbolt,HelpingHand|Bold||M|||50|]Sneasler||FocusSash|Unburden|FakeOut,Protect,DireClaw,CloseCombat|Jolly||F|||50|]Mawile||Mawilite|HyperCutter|PlayRough,SuckerPunch,SwordsDance,BrickBreak|Adamant||F|||50|]Archaludon||Leftovers|Stamina|ElectroShot,FlashCannon,DragonPulse,Protect|Modest||M|||50|
|showteam|p2|Floette-Eternal||Floettite|FlowerVeil|Moonblast,DazzlingGleam,LightofRuin,Protect|Modest||F|||50|]Charizard||CharizarditeY|Blaze|HeatWave,SolarBeam,WeatherBall,Protect|Timid||F|||50|]Garchomp||LifeOrb|RoughSkin|Earthquake,RockSlide,DragonClaw,Protect|Jolly||M|||50|]Whimsicott||FocusSash|Prankster|Moonblast,Tailwind,Encore,Protect|Timid||F|||50|]Basculegion||MysticWater|Adaptability|WaveCrash,LastRespects,AquaJet,Protect|Adamant||M|||50|]Kingambit||BlackGlasses|Defiant|KowtowCleave,SuckerPunch,LowKick,Protect|Adamant||F|||50|
|inactive|Battle timer is ON: inactive players will automatically lose when time's up. (requested by Romarijuan98)
|j| Miss It Rain
|j| Drakengor
|j| UpstartMannekin
|inactive|Romarijuan98 has 60 seconds left.
|j| Esponjo
|inactive|Romarijuan98 has 30 seconds left.
|inactive|Romarijuan98 has 20 seconds left.
|inactive|Romarijuan98 has 15 seconds left.
|
|t:|1784585635
|teamsize|p1|4
|teamsize|p2|4
|start
|switch|p1a: Palindromo|Farigiraf, L50, M|100/100
|switch|p1b: Kevin Hart|Sneasler, L50, F|100/100
|switch|p2a: Whimsicott|Whimsicott, L50, F|100/100
|switch|p2b: Charizard|Charizard, L50, F|100/100
|turn|1
|
|t:|1784585659
|move|p2a: Whimsicott|Protect|p2a: Whimsicott
|-singleturn|p2a: Whimsicott|Protect
|move|p2b: Charizard|Protect|p2b: Charizard
|-singleturn|p2b: Charizard|Protect
|move|p1b: Kevin Hart|Fake Out|p2b: Charizard
|-activate|p2b: Charizard|move: Protect
|move|p1a: Palindromo|Trick Room|p1a: Palindromo
|-fieldstart|move: Trick Room|[of] p1a: Palindromo
|
|upkeep
|turn|2
|inactive|Romarijuan98 has 30 seconds left.
|
|t:|1784585684
|detailschange|p2b: Charizard|Charizard-Mega-Y, L50, F
|-mega|p2b: Charizard|Charizard|Charizardite Y
|-weather|SunnyDay|[from] ability: Drought|[of] p2b: Charizard
|move|p2a: Whimsicott|Encore||[still]
|cant|p1a: Palindromo|ability: Armor Tail|Encore|[of] p2a: Whimsicott
|move|p1a: Palindromo|Thunderbolt|p2b: Charizard
|-supereffective|p2b: Charizard|1
|-damage|p2b: Charizard|54/100
|move|p2b: Charizard|Heat Wave|p1a: Palindromo|[spread] p1a,p1b
|-damage|p1a: Palindromo|44/100
|-damage|p1b: Kevin Hart|24/100
|-enditem|p1a: Palindromo|Sitrus Berry|[eat]
|-heal|p1a: Palindromo|69/100|[from] item: Sitrus Berry
|move|p1b: Kevin Hart|Dire Claw|p2a: Whimsicott
|-supereffective|p2a: Whimsicott|2
|-enditem|p2a: Whimsicott|Focus Sash
|-damage|p2a: Whimsicott|1/100
|-status|p2a: Whimsicott|slp
|
|-weather|SunnyDay|[upkeep]
|upkeep
|turn|3
|inactive|craser13 has 30 seconds left.
|
|t:|1784585716
|switch|p2a: Kingambit|Kingambit, L50, F|100/100
|switch|p1b: Fuentealbilla|Pelipper, L50, F|100/100
|-weather|RainDance|[from] ability: Drizzle|[of] p1b: Fuentealbilla
|move|p1a: Palindromo|Thunderbolt|p2b: Charizard
|-supereffective|p2b: Charizard|1
|-damage|p2b: Charizard|7/100
|move|p2b: Charizard|Heat Wave|p1b: Fuentealbilla|[spread] p1a,p1b
|-resisted|p1b: Fuentealbilla|1
|-damage|p1a: Palindromo|51/100
|-damage|p1b: Fuentealbilla|85/100
|-status|p1a: Palindromo|brn
|
|-weather|RainDance|[upkeep]
|-damage|p1a: Palindromo|45/100 brn|[from] brn
|upkeep
|turn|4
|inactive|Romarijuan98 has 30 seconds left.
|inactive|craser13 has 30 seconds left.
|inactive|Romarijuan98 has 20 seconds left.
|inactive|craser13 has 20 seconds left.
|inactive|craser13 has 15 seconds left.
|
|t:|1784585756
|move|p1a: Palindromo|Helping Hand|p1b: Fuentealbilla
|-singleturn|p1b: Fuentealbilla|Helping Hand|[of] p1a: Palindromo
|move|p2b: Charizard|Protect|p2b: Charizard
|-singleturn|p2b: Charizard|Protect
|move|p2a: Kingambit|Kowtow Cleave|p1a: Palindromo
|-supereffective|p1a: Palindromo|1
|-damage|p1a: Palindromo|0 fnt
|faint|p1a: Palindromo
|move|p1b: Fuentealbilla|Weather Ball|p2a: Kingambit
|-damage|p2a: Kingambit|0 fnt
|faint|p2a: Kingambit
|-damage|p1b: Fuentealbilla|76/100|[from] item: Life Orb
|
|-weather|RainDance|[upkeep]
|upkeep
|
|t:|1784585775
|switch|p2a: Garchomp|Garchomp, L50, M|100/100
|switch|p1a: Kevin Hart|Sneasler, L50, F|24/100
|turn|5
|
|t:|1784585797
|switch|p2b: Whimsicott|Whimsicott, L50, F|1/100 slp
|move|p2a: Garchomp|Protect|p2a: Garchomp
|-singleturn|p2a: Garchomp|Protect
|move|p1a: Kevin Hart|Fake Out|p2b: Whimsicott
|-damage|p2b: Whimsicott|0 fnt
|faint|p2b: Whimsicott
|move|p1b: Fuentealbilla|Weather Ball|p2a: Garchomp
|-activate|p2a: Garchomp|move: Protect
|
|-weather|RainDance|[upkeep]
|-fieldend|move: Trick Room
|upkeep
|
|t:|1784585808
|switch|p2b: Charizard|Charizard-Mega-Y, L50, F|7/100
|-weather|SunnyDay|[from] ability: Drought|[of] p2b: Charizard
|turn|6
|
|t:|1784585820
|switch|p1b: Vereneta|Swampert, L50, M|100/100
|move|p1a: Kevin Hart|Protect|p1a: Kevin Hart
|-singleturn|p1a: Kevin Hart|Protect
|move|p2a: Garchomp|Rock Slide|p1a: Kevin Hart|[spread] p1b
|-activate|p1a: Kevin Hart|move: Protect
|-resisted|p1b: Vereneta|1
|-damage|p1b: Vereneta|88/100
|-damage|p2a: Garchomp|90/100|[from] item: Life Orb
|move|p2b: Charizard|Heat Wave|p1b: Vereneta|[spread] p1b
|-activate|p1a: Kevin Hart|move: Protect
|-resisted|p1b: Vereneta|1
|-damage|p1b: Vereneta|56/100
|
|-weather|SunnyDay|[upkeep]
|upkeep
|turn|7
|inactive|Romarijuan98 has 30 seconds left.
|inactive|craser13 has 30 seconds left.
|
|t:|1784585849
|switch|p1a: Fuentealbilla|Pelipper, L50, F|76/100
|-weather|RainDance|[from] ability: Drizzle|[of] p1a: Fuentealbilla
|detailschange|p1b: Vereneta|Swampert-Mega, L50, M
|-mega|p1b: Vereneta|Swampert|Swampertite
|move|p1b: Vereneta|Ice Punch|p2a: Garchomp
|-supereffective|p2a: Garchomp|2
|-damage|p2a: Garchomp|0 fnt
|-damage|p1b: Vereneta|44/100|[from] ability: Rough Skin|[of] p2a: Garchomp
|faint|p2a: Garchomp
|move|p2b: Charizard|Heat Wave|p1a: Fuentealbilla|[spread] p1b
|-miss|p2b: Charizard|p1a: Fuentealbilla
|-resisted|p1b: Vereneta|1
|-damage|p1b: Vereneta|36/100
|
|-weather|RainDance|[upkeep]
|upkeep
|turn|8
|
|t:|1784585863
|move|p1b: Vereneta|Wave Crash|p2b: Charizard
|-supereffective|p2b: Charizard|1
|-damage|p2b: Charizard|0 fnt
|faint|p2b: Charizard
|-damage|p1b: Vereneta|34/100|[from] Recoil
|
|win|Romarijuan98
||craser13 is ready for game 2.
|inactive|Romarijuan98 has 30 seconds to confirm battle start!
||Romarijuan98 is ready for game 2.
|uhtml|next|Next: Game 2 of 3
|l| Drakengor
