|j|☆M0ckingEJ
|j|☆ShdaowForece
|html|M0ckingEJShdaowForece    
|uhtml|bestof|Game 2 of a best-of-3
|t:|1756773059
|gametype|doubles
|player|p1|M0ckingEJ|n|1117
|player|p2|ShdaowForece|lucas|1079
|gen|9
|tier|[Gen 9] VGC 2025 Reg H (Bo3)
|rated|
|rule|Species Clause: Limit one of each Pokémon
|rule|Item Clause: Limit 1 of each item
|clearpoke
|poke|p1|Pelipper, L50, F|
|poke|p1|Overqwil, L50, M|
|poke|p1|Archaludon, L50, F|
|poke|p1|Gastrodon-East, L50, F|
|poke|p1|Sinistcha, L50|
|poke|p1|Ursaluna, L50, M|
|poke|p2|Gholdengo, L50|
|poke|p2|Incineroar, L50, F|
|poke|p2|Rillaboom, L50, F|
|poke|p2|Dragonite, L50, M|
|poke|p2|Sneasler, L50, F|
|poke|p2|Whimsicott, L50, M|
|teampreview|4
|showteam|p1|Pelipper||CovertCloak|Drizzle|Hurricane,WeatherBall,Tailwind,Protect|||F|||50|,,,,,Stellar]Overqwil||LifeOrb|SwiftSwim|ThroatChop,Liquidation,GunkShot,Haze|||M|||50|,,,,,Water]Archaludon||AssaultVest|Stamina|DracoMeteor,ElectroShot,FlashCannon,BodyPress|||F|||50|,,,,,Bug]Gastrodon-East||Leftovers|StormDrain|Protect,EarthPower,MuddyWater,HelpingHand|||F|||50|,,,,,Fire]Sinistcha||SitrusBerry|Hospitality|MatchaGotcha,ShadowBall,LifeDew,Protect||||||50|,,,,,Fire]Ursaluna||FlameOrb|Guts|Earthquake,Facade,Protect,HeadlongRush|||M|||50|,,,,,Poison
|showteam|p2|Gholdengo||Leftovers|GoodasGold|MakeItRain,ShadowBall,NastyPlot,Protect||||||50|,,,,,Steel]Incineroar||SitrusBerry|Intimidate|FlareBlitz,KnockOff,FakeOut,PartingShot|||F|||50|,,,,,Grass]Rillaboom||AssaultVest|GrassySurge|WoodHammer,FakeOut,GrassyGlide,HighHorsepower|||F|||50|,,,,,Water]Dragonite||ChoiceBand|InnerFocus|ExtremeSpeed,Outrage,StompingTantrum,IceSpinner|||M|||50|,,,,,Normal]Sneasler||WhiteHerb|Unburden|CloseCombat,DireClaw,Coaching,Protect|||F|||50|,,,,,Stellar]Whimsicott||CovertCloak|Prankster|Moonblast,Tailwind,Encore,FakeTears|||M|||50|,,,,,Poison
|
|t:|1756773093
|teamsize|p1|4
|teamsize|p2|4
|start
|switch|p1a: Pelipper|Pelipper, L50, F, shiny|100/100
|switch|p1b: Gastrodon|Gastrodon-East, L50, F, shiny|100/100
|switch|p2a: Gholdengo|Gholdengo, L50|100/100
|switch|p2b: Rillaboom|Rillaboom, L50, F|100/100
|-weather|RainDance|[from] ability: Drizzle|[of] p1a: Pelipper
|-fieldstart|move: Grassy Terrain|[from] ability: Grassy Surge|[of] p2b: Rillaboom
|turn|1
|
|t:|1756773113
|move|p1b: Gastrodon|Protect|p1b: Gastrodon
|-singleturn|p1b: Gastrodon|Protect
|move|p2b: Rillaboom|Fake Out|p1b: Gastrodon
|-activate|p1b: Gastrodon|move: Protect
|move|p2a: Gholdengo|Nasty Plot|p2a: Gholdengo
|-boost|p2a: Gholdengo|spa|2
|move|p1a: Pelipper|Tailwind|p1a: Pelipper
|-sidestart|p1: M0ckingEJ|move: Tailwind
|
|-weather|RainDance|[upkeep]
|upkeep
|turn|2
|
|t:|1756773160
|-terastallize|p1b: Gastrodon|Fire
|move|p1a: Pelipper|Hurricane|p2b: Rillaboom
|-supereffective|p2b: Rillaboom
|-damage|p2b: Rillaboom|40/100
|move|p1b: Gastrodon|Earth Power|p2a: Gholdengo
|-supereffective|p2a: Gholdengo
|-damage|p2a: Gholdengo|25/100
|move|p2a: Gholdengo|Make It Rain|p1b: Gastrodon|[spread] p1a,p1b
|-resisted|p1a: Pelipper
|-resisted|p1b: Gastrodon
|-damage|p1a: Pelipper|25/100
|-damage|p1b: Gastrodon|54/100
|-unboost|p2a: Gholdengo|spa|1
|move|p2b: Rillaboom|Wood Hammer|p1b: Gastrodon
|-resisted|p1b: Gastrodon
|-damage|p1b: Gastrodon|17/100
|-damage|p2b: Rillaboom|28/100|[from] Recoil
|
|-weather|RainDance|[upkeep]
|-heal|p1b: Gastrodon|24/100|[from] Grassy Terrain
|-heal|p1b: Gastrodon|30/100|[from] item: Leftovers
|-heal|p2a: Gholdengo|32/100|[from] Grassy Terrain
|-heal|p2a: Gholdengo|38/100|[from] item: Leftovers
|-heal|p2b: Rillaboom|33/100|[from] Grassy Terrain
|upkeep
|turn|3
|
|t:|1756773193
|switch|p1a: Sinistcha|Sinistcha, L50, shiny|100/100
|-heal|p1b: Gastrodon|55/100|[from] ability: Hospitality|[of] p1a: Sinistcha
|move|p2a: Gholdengo|Protect|p2a: Gholdengo
|-singleturn|p2a: Gholdengo|Protect
|move|p1b: Gastrodon|Earth Power|p2a: Gholdengo
|-activate|p2a: Gholdengo|move: Protect
|move|p2b: Rillaboom|High Horsepower|p1b: Gastrodon
|-supereffective|p1b: Gastrodon
|-damage|p1b: Gastrodon|0 fnt
|faint|p1b: Gastrodon
|
|-weather|RainDance|[upkeep]
|-heal|p2a: Gholdengo|44/100|[from] Grassy Terrain
|-heal|p2a: Gholdengo|50/100|[from] item: Leftovers
|-heal|p2b: Rillaboom|39/100|[from] Grassy Terrain
|upkeep
|
|t:|1756773199
|switch|p1b: Overqwil|Overqwil, L50, M, shiny|100/100
|turn|4
|
|t:|1756773216
|switch|p2a: Sneasler|Sneasler, L50, F|100/100
|move|p1b: Overqwil|Gunk Shot|p2b: Rillaboom
|-supereffective|p2b: Rillaboom
|-damage|p2b: Rillaboom|0 fnt
|faint|p2b: Rillaboom
|-damage|p1b: Overqwil|91/100|[from] item: Life Orb
|move|p1a: Sinistcha|Shadow Ball|p2a: Sneasler
|-damage|p2a: Sneasler|50/100
|
|-weather|RainDance|[upkeep]
|-heal|p1b: Overqwil|97/100|[from] Grassy Terrain
|-heal|p2a: Sneasler|56/100|[from] Grassy Terrain
|-sideend|p1: M0ckingEJ|move: Tailwind
|upkeep
|
|t:|1756773229
|switch|p2b: Whimsicott|Whimsicott, L50, M|100/100
|turn|5
|
|t:|1756773263
|-terastallize|p2b: Whimsicott|Poison
|move|p2a: Sneasler|Protect|p2a: Sneasler
|-singleturn|p2a: Sneasler|Protect
|move|p1b: Overqwil|Liquidation|p2a: Sneasler
|-activate|p2a: Sneasler|move: Protect
|move|p2b: Whimsicott|Moonblast|p1b: Overqwil
|-damage|p1b: Overqwil|52/100
|-unboost|p1b: Overqwil|spa|1
|move|p1a: Sinistcha|Shadow Ball|p2a: Sneasler
|-activate|p2a: Sneasler|move: Protect
|
|-weather|none
|-heal|p1b: Overqwil|58/100|[from] Grassy Terrain
|-heal|p2a: Sneasler|61/100|[from] Grassy Terrain
|-fieldend|move: Grassy Terrain
|upkeep
|turn|6
|
|t:|1756773284
|switch|p1a: Pelipper|Pelipper, L50, F, shiny|25/100
|-weather|RainDance|[from] ability: Drizzle|[of] p1a: Pelipper
|move|p1b: Overqwil|Liquidation|p2a: Sneasler
|-damage|p2a: Sneasler|0 fnt
|faint|p2a: Sneasler
|-damage|p1b: Overqwil|48/100|[from] item: Life Orb
|move|p2b: Whimsicott|Moonblast|p1b: Overqwil
|-damage|p1b: Overqwil|9/100
|
|-weather|RainDance|[upkeep]
|upkeep
|
|t:|1756773295
|switch|p2a: Gholdengo|Gholdengo, L50|50/100
|turn|7
|
|t:|1756773309
|switch|p1a: Sinistcha|Sinistcha, L50, shiny|100/100
|-heal|p1b: Overqwil|33/100|[from] ability: Hospitality|[of] p1a: Sinistcha
|move|p2a: Gholdengo|Protect|p2a: Gholdengo
|-singleturn|p2a: Gholdengo|Protect
|move|p1b: Overqwil|Throat Chop|p2a: Gholdengo
|-activate|p2a: Gholdengo|move: Protect
|move|p2b: Whimsicott|Moonblast|p1b: Overqwil
|-damage|p1b: Overqwil|0 fnt
|faint|p1b: Overqwil
|
|-weather|RainDance|[upkeep]
|-heal|p2a: Gholdengo|57/100|[from] item: Leftovers
|upkeep
|
|t:|1756773314
|switch|p1b: Pelipper|Pelipper, L50, F, shiny|25/100
|turn|8
|
|t:|1756773325
|move|p2b: Whimsicott|Fake Tears|p1a: Sinistcha
|-unboost|p1a: Sinistcha|spd|2
|move|p2a: Gholdengo|Make It Rain|p1a: Sinistcha|[spread] p1a,p1b
|-resisted|p1b: Pelipper
|-damage|p1a: Sinistcha|0 fnt
|-damage|p1b: Pelipper|0 fnt
|-unboost|p2a: Gholdengo|spa|1
|faint|p1a: Sinistcha
|faint|p1b: Pelipper
|
|win|ShdaowForece
||M0ckingEJ is ready for game 3.
||ShdaowForece is ready for game 3.
|uhtml|next|Next: Game 3 of 3
|l|☆ShdaowForece
|player|p2|
