|j|☆mario16172005
|j|☆Zaiistired
|html|mario16172005Zaiistired    
|uhtml|bestof|Game 2 of a best-of-3
|t:|1756416879
|gametype|doubles
|player|p1|mario16172005|workerice|1169
|player|p2|Zaiistired|pokemonbreeder-gen4|1127
|gen|9
|tier|[Gen 9] VGC 2025 Reg H (Bo3)
|rated|
|rule|Species Clause: Limit one of each Pokémon
|rule|Item Clause: Limit 1 of each item
|clearpoke
|poke|p1|Excadrill, L50, F|
|poke|p1|Tyranitar, L50, M|
|poke|p1|Dragonite, L50, F|
|poke|p1|Indeedee-F, L50, F|
|poke|p1|Gholdengo, L50|
|poke|p1|Sneasler, L50, F|
|poke|p2|Baxcalibur, L50, F|
|poke|p2|Annihilape, L50, M|
|poke|p2|Gholdengo, L50|
|poke|p2|Rillaboom, L50, F|
|poke|p2|Incineroar, L50, F|
|poke|p2|Electabuzz, L50, M|
|teampreview|4
|showteam|p1|Excadrill||FocusSash|SandRush|Earthquake,HighHorsepower,IronHead,Protect|||F|||50|,,,,,Stellar]Tyranitar||AssaultVest|SandStream|KnockOff,RockSlide,LowKick,TeraBlast|||M|||50|,,,,,Flying]Dragonite||LoadedDice|Multiscale|ScaleShot,Tailwind,Haze,Protect|||F|||50|,,,,,Fairy]Indeedee-F||PsychicSeed|PsychicSurge|Psychic,Imprison,TrickRoom,Protect|||F|||50|,,,,,Psychic]Gholdengo||LifeOrb|GoodasGold|MakeItRain,ShadowBall,NastyPlot,Protect||||||50|,,,,,Water]Sneasler||WhiteHerb|Unburden|DireClaw,CloseCombat,Coaching,FakeOut|||F|||50|,,,,,Flying
|showteam|p2|Baxcalibur||LoadedDice|ThermalExchange|IcicleSpear,ScaleShot,HighHorsepower,Protect|||F|||50|,,,,,Ghost]Annihilape||FocusSash|Defiant|RageFist,CloseCombat,Coaching,Protect|||M|||50|,,,,,Stellar]Gholdengo||GrassySeed|GoodasGold|MakeItRain,ShadowBall,NastyPlot,Protect||||||50|,,,,,Water]Rillaboom||AssaultVest|GrassySurge|FakeOut,GrassyGlide,WoodHammer,HighHorsepower|||F|||50|,,,,,Fire]Incineroar||SafetyGoggles|Intimidate|FakeOut,FlareBlitz,KnockOff,PartingShot|||F|||50|,,,,,Ghost]Electabuzz||Eviolite|VitalSpirit|Electroweb,FollowMe,Taunt,Protect|||M|||50|,,,,,Fairy
|
|t:|1756416931
|teamsize|p1|4
|teamsize|p2|4
|start
|switch|p1a: Sneasler|Sneasler, L50, F|100/100
|switch|p1b: Tyranitar|Tyranitar, L50, M, shiny|100/100
|switch|p2a: Baxcalibur|Baxcalibur, L50, F, shiny|100/100
|switch|p2b: Incineroar|Incineroar, L50, F|100/100
|-weather|Sandstorm|[from] ability: Sand Stream|[of] p1b: Tyranitar
|-ability|p2b: Incineroar|Intimidate|boost
|-unboost|p1a: Sneasler|atk|1
|-unboost|p1b: Tyranitar|atk|1
|-enditem|p1a: Sneasler|White Herb
|-clearnegativeboost|p1a: Sneasler|[silent]
|turn|1
|
|t:|1756416965
|switch|p1b: Indeedee|Indeedee-F, L50, F|100/100
|-fieldstart|move: Psychic Terrain|[from] ability: Psychic Surge|[of] p1b: Indeedee
|-enditem|p1b: Indeedee|Psychic Seed
|-boost|p1b: Indeedee|spd|1|[from] item: Psychic Seed
|move|p2a: Baxcalibur|Protect|p2a: Baxcalibur
|-singleturn|p2a: Baxcalibur|Protect
|move|p1a: Sneasler|Close Combat|p2b: Incineroar
|-supereffective|p2b: Incineroar
|-damage|p2b: Incineroar|0 fnt
|-unboost|p1a: Sneasler|def|1
|-unboost|p1a: Sneasler|spd|1
|faint|p2b: Incineroar
|
|-weather|Sandstorm|[upkeep]
|-damage|p1a: Sneasler|95/100|[from] Sandstorm
|-damage|p2a: Baxcalibur|95/100|[from] Sandstorm
|-damage|p1b: Indeedee|94/100|[from] Sandstorm
|upkeep
|
|t:|1756416981
|switch|p2b: Rillaboom|Rillaboom, L50, F|100/100
|-fieldstart|move: Grassy Terrain|[from] ability: Grassy Surge|[of] p2b: Rillaboom
|turn|2
|
|t:|1756417010
|switch|p1a: Tyranitar|Tyranitar, L50, M, shiny|100/100
|move|p1b: Indeedee|Protect|p1b: Indeedee
|-singleturn|p1b: Indeedee|Protect
|move|p2b: Rillaboom|Fake Out|p1a: Tyranitar
|-resisted|p1a: Tyranitar
|-crit|p1a: Tyranitar
|-damage|p1a: Tyranitar|92/100
|move|p2a: Baxcalibur|Scale Shot|p1a: Tyranitar
|-damage|p1a: Tyranitar|80/100
|-damage|p1a: Tyranitar|67/100
|-damage|p1a: Tyranitar|54/100
|-damage|p1a: Tyranitar|41/100
|-hitcount|p1a: Tyranitar|4
|-unboost|p2a: Baxcalibur|def|1
|-boost|p2a: Baxcalibur|spe|1
|
|-weather|Sandstorm|[upkeep]
|-damage|p2a: Baxcalibur|89/100|[from] Sandstorm
|-damage|p2b: Rillaboom|94/100|[from] Sandstorm
|-damage|p1b: Indeedee|88/100|[from] Sandstorm
|-heal|p2a: Baxcalibur|95/100|[from] Grassy Terrain
|-heal|p2b: Rillaboom|100/100|[from] Grassy Terrain
|-heal|p1a: Tyranitar|47/100|[from] Grassy Terrain
|-heal|p1b: Indeedee|94/100|[from] Grassy Terrain
|upkeep
|turn|3
|
|t:|1756417035
|-terastallize|p1a: Tyranitar|Flying
|move|p2a: Baxcalibur|Protect|p2a: Baxcalibur
|-singleturn|p2a: Baxcalibur|Protect
|move|p2b: Rillaboom|Wood Hammer|p1b: Indeedee
|-damage|p1b: Indeedee|13/100
|-damage|p2b: Rillaboom|76/100|[from] Recoil
|move|p1a: Tyranitar|Tera Blast|p2b: Rillaboom|[anim] Tera Blast Flying
|-supereffective|p2b: Rillaboom
|-damage|p2b: Rillaboom|0 fnt
|faint|p2b: Rillaboom
|move|p1b: Indeedee|Trick Room|p1b: Indeedee
|-fieldstart|move: Trick Room|[of] p1b: Indeedee
|
|-weather|Sandstorm|[upkeep]
|-damage|p1b: Indeedee|7/100|[from] Sandstorm
|-damage|p1a: Tyranitar|41/100|[from] Sandstorm
|-damage|p2a: Baxcalibur|89/100|[from] Sandstorm
|-heal|p1b: Indeedee|13/100|[from] Grassy Terrain
|-heal|p2a: Baxcalibur|95/100|[from] Grassy Terrain
|upkeep
|
|t:|1756417050
|switch|p2b: Gholdengo|Gholdengo, L50, shiny|100/100
|-enditem|p2b: Gholdengo|Grassy Seed
|-boost|p2b: Gholdengo|def|1|[from] item: Grassy Seed
|turn|4
|
|t:|1756417090
|-terastallize|p2b: Gholdengo|Water
|move|p1a: Tyranitar|Low Kick|p2a: Baxcalibur
|-supereffective|p2a: Baxcalibur
|-damage|p2a: Baxcalibur|0 fnt
|faint|p2a: Baxcalibur
|move|p1b: Indeedee|Psychic|p2b: Gholdengo
|-damage|p2b: Gholdengo|67/100
|move|p2b: Gholdengo|Make It Rain|p1b: Indeedee|[spread] p1a,p1b
|-damage|p1a: Tyranitar|12/100
|-damage|p1b: Indeedee|0 fnt
|-unboost|p2b: Gholdengo|spa|1
|faint|p1b: Indeedee
|
|-weather|Sandstorm|[upkeep]
|-damage|p1a: Tyranitar|6/100|[from] Sandstorm
|-damage|p2b: Gholdengo|61/100|[from] Sandstorm
|-heal|p2b: Gholdengo|67/100|[from] Grassy Terrain
|upkeep
|
|t:|1756417104
|switch|p1b: Sneasler|Sneasler, L50, F|95/100
|turn|5
|
|t:|1756417115
|move|p2b: Gholdengo|Protect|p2b: Gholdengo
|-singleturn|p2b: Gholdengo|Protect
|move|p1b: Sneasler|Fake Out|p2b: Gholdengo
|-activate|p2b: Gholdengo|move: Protect
|move|p1a: Tyranitar|Tera Blast|p2b: Gholdengo|[anim] Tera Blast Flying
|-activate|p2b: Gholdengo|move: Protect
|
|-weather|none
|-heal|p2b: Gholdengo|73/100|[from] Grassy Terrain
|-heal|p1b: Sneasler|100/100|[from] Grassy Terrain
|upkeep
|turn|6
|
|t:|1756417135
|move|p1a: Tyranitar|Tera Blast|p2b: Gholdengo|[anim] Tera Blast Flying
|-damage|p2b: Gholdengo|45/100
|move|p2b: Gholdengo|Make It Rain|p1b: Sneasler|[spread] p1a,p1b
|-damage|p1a: Tyranitar|0 fnt
|-damage|p1b: Sneasler|61/100
|-unboost|p2b: Gholdengo|spa|1
|faint|p1a: Tyranitar
|move|p1b: Sneasler|Close Combat|p2b: Gholdengo
|-damage|p2b: Gholdengo|4/100
|-unboost|p1b: Sneasler|def|1
|-unboost|p1b: Sneasler|spd|1
|
|-heal|p2b: Gholdengo|10/100|[from] Grassy Terrain
|-heal|p1b: Sneasler|67/100|[from] Grassy Terrain
|-fieldend|move: Grassy Terrain
|upkeep
|
|t:|1756417148
|switch|p1a: Excadrill|Excadrill, L50, F|100/100
|turn|7
|
|t:|1756417156
|move|p2b: Gholdengo|Shadow Ball|p1b: Sneasler
|-damage|p1b: Sneasler|26/100
|move|p1a: Excadrill|Iron Head|p2b: Gholdengo
|-resisted|p2b: Gholdengo
|-crit|p2b: Gholdengo
|-damage|p2b: Gholdengo|0 fnt
|faint|p2b: Gholdengo
|
|win|mario16172005
||Zaiistired is ready for game 3.
||mario16172005 is ready for game 3.
|uhtml|next|Next: Game 3 of 3
|l|☆mario16172005
|player|p1|
