|j|☆moicito
|j|☆UUYoai
|html|moicitoUUYoai    
|uhtml|bestof|Game 1 of a best-of-3
|t:|1756785247
|gametype|doubles
|player|p1|moicito|caitlin|1164
|player|p2|UUYoai|bugcatcher-gen4dp|1093
|gen|9
|tier|[Gen 9] VGC 2025 Reg H (Bo3)
|rated|
|rule|Species Clause: Limit one of each Pokémon
|rule|Item Clause: Limit 1 of each item
|clearpoke
|poke|p1|Incineroar, L50, M|
|poke|p1|Rillaboom, L50, F|
|poke|p1|Ursaluna-Bloodmoon, L50, M|
|poke|p1|Sneasler, L50, F|
|poke|p1|Dragonite, L50, F|
|poke|p1|Gholdengo, L50|
|poke|p2|Tyranitar, L50, M|
|poke|p2|Excadrill, L50, M|
|poke|p2|Talonflame, L50, M|
|poke|p2|Rotom-Mow, L50|
|poke|p2|Tauros-Paldea-Aqua, L50, M|
|poke|p2|Magmortar, L50, M|
|teampreview|4
|showteam|p1|Incineroar||SafetyGoggles|Intimidate|FlareBlitz,KnockOff,FakeOut,PartingShot|||M|||50|,,,,,Ghost]Rillaboom||AssaultVest|GrassySurge|WoodHammer,GrassyGlide,HighHorsepower,FakeOut|||F|||50|,,,,,Fire]Ursaluna-Bloodmoon||Leftovers|MindsEye|BloodMoon,HyperVoice,EarthPower,Protect|||M|||50|,,,,,Electric]Sneasler||FocusSash|PoisonTouch|CloseCombat,DireClaw,Coaching,FakeOut|||F|||50|,,,,,Stellar]Dragonite||LoadedDice|Multiscale|ScaleShot,Haze,ExtremeSpeed,Protect|||F|||50|,,,,,Fairy]Gholdengo||LifeOrb|GoodasGold|NastyPlot,MakeItRain,ShadowBall,Protect||||||50|,,,,,Water
|showteam|p2|Tyranitar||LifeOrb|SandStream|RockSlide,KnockOff,LowKick,Protect|||M|||50|,,,,,Rock]Excadrill||FocusSash|SandRush|Earthquake,IronHead,SwordsDance,Protect|||M|||50|,,,,,Ground]Talonflame||SafetyGoggles|GaleWings|DualWingbeat,Taunt,Tailwind,Protect|||M|||50|,,,,,Ghost]Rotom-Mow||ChoiceScarf|Levitate|LeafStorm,Thunderbolt,VoltSwitch,Trick||||||50|,,,,,Ghost]Tauros-Paldea-Aqua||ClearAmulet|Intimidate|WaveCrash,AquaJet,CloseCombat,Protect|||M|||50|,,,,,Stellar]Magmortar||CovertCloak|FlameBody|Overheat,HelpingHand,ClearSmog,FollowMe|||M|||50|,,,,,Grass
|inactive|Battle timer is ON: inactive players will automatically lose when time's up. (requested by UUYoai)
|
|t:|1756785313
|teamsize|p1|4
|teamsize|p2|4
|start
|switch|p1a: Dragoncito|Dragonite, L50, F|100/100
|switch|p1b: Gatito|Incineroar, L50, M|100/100
|switch|p2a: Talonflame|Talonflame, L50, M|100/100
|switch|p2b: Magmortar|Magmortar, L50, M|100/100
|-ability|p1b: Gatito|Intimidate|boost
|-unboost|p2a: Talonflame|atk|1
|-unboost|p2b: Magmortar|atk|1
|turn|1
|inactive|UUYoai has 30 seconds left.
|
|t:|1756785345
|switch|p2a: Tyranitar|Tyranitar, L50, M|100/100
|-weather|Sandstorm|[from] ability: Sand Stream|[of] p2a: Tyranitar
|move|p1a: Dragoncito|Extreme Speed|p2a: Tyranitar
|-resisted|p2a: Tyranitar
|-damage|p2a: Tyranitar|89/100
|move|p1b: Gatito|Knock Off|p2a: Tyranitar
|-resisted|p2a: Tyranitar
|-damage|p2a: Tyranitar|74/100
|-enditem|p2a: Tyranitar|Life Orb|[from] move: Knock Off|[of] p1b: Gatito
|move|p2b: Magmortar|Clear Smog|p1a: Dragoncito
|-damage|p1a: Dragoncito|93/100
|-clearboost|p1a: Dragoncito
|
|-weather|Sandstorm|[upkeep]
|-damage|p1a: Dragoncito|87/100|[from] Sandstorm
|-damage|p2b: Magmortar|94/100|[from] Sandstorm
|upkeep
|turn|2
|inactive|moicito has 30 seconds left.
|inactive|UUYoai has 30 seconds left.
|inactive|moicito has 20 seconds left.
|
|t:|1756785380
|move|p2b: Magmortar|Follow Me|p2b: Magmortar
|-singleturn|p2b: Magmortar|move: Follow Me
|move|p1a: Dragoncito|Scale Shot|p2b: Magmortar
|-damage|p2b: Magmortar|79/100
|-damage|p2b: Magmortar|65/100
|-damage|p2b: Magmortar|52/100
|-damage|p2b: Magmortar|38/100
|-damage|p2b: Magmortar|23/100
|-hitcount|p2b: Magmortar|5
|-unboost|p1a: Dragoncito|def|1
|-boost|p1a: Dragoncito|spe|1
|move|p1b: Gatito|Parting Shot|p2b: Magmortar
|-unboost|p2b: Magmortar|atk|1
|-unboost|p2b: Magmortar|spa|1
|
|t:|1756785399
|switch|p1b: Monederito|Gholdengo, L50|100/100|[from] Parting Shot
|move|p2a: Tyranitar|Rock Slide|p1a: Dragoncito|[spread] p1a
|-miss|p2a: Tyranitar|p1b: Monederito
|-supereffective|p1a: Dragoncito
|-damage|p1a: Dragoncito|0 fnt
|faint|p1a: Dragoncito
|
|-weather|Sandstorm|[upkeep]
|-damage|p2b: Magmortar|17/100|[from] Sandstorm
|upkeep
|
|t:|1756785410
|switch|p1a: Gatito|Incineroar, L50, M|100/100
|-ability|p1a: Gatito|Intimidate|boost
|-unboost|p2a: Tyranitar|atk|1
|-unboost|p2b: Magmortar|atk|1
|turn|3
|
|t:|1756785432
|switch|p2a: Talonflame|Talonflame, L50, M|100/100
|move|p1a: Gatito|Fake Out|p2a: Talonflame
|-damage|p2a: Talonflame|83/100
|move|p1b: Monederito|Make It Rain|p2a: Talonflame|[spread] p2a,p2b
|-resisted|p2a: Talonflame
|-resisted|p2b: Magmortar
|-damage|p2a: Talonflame|40/100
|-damage|p2b: Magmortar|0 fnt
|-unboost|p1b: Monederito|spa|1
|faint|p2b: Magmortar
|-damage|p1b: Monederito|91/100|[from] item: Life Orb
|
|-weather|Sandstorm|[upkeep]
|upkeep
|
|t:|1756785444
|switch|p2b: Excadrill|Excadrill, L50, M|100/100
|turn|4
|
|t:|1756785466
|switch|p1a: Osito|Ursaluna-Bloodmoon, L50, M|100/100
|-terastallize|p2b: Excadrill|Ground
|move|p1b: Monederito|Protect|p1b: Monederito
|-singleturn|p1b: Monederito|Protect
|move|p2b: Excadrill|Earthquake|p1a: Osito|[spread] p1a
|-activate|p1b: Monederito|move: Protect
|-immune|p2a: Talonflame
|-damage|p1a: Osito|57/100
|move|p2a: Talonflame|Dual Wingbeat|p1a: Osito
|-damage|p1a: Osito|47/100
|-damage|p1a: Osito|37/100
|-hitcount|p1a: Osito|2
|
|-weather|Sandstorm|[upkeep]
|-heal|p1a: Osito|43/100|[from] item: Leftovers
|upkeep
|turn|5
|inactive|moicito has 30 seconds left.
|
|t:|1756785491
|switch|p1b: Gatito|Incineroar, L50, M|100/100
|-ability|p1b: Gatito|Intimidate|boost
|-unboost|p2a: Talonflame|atk|1
|-unboost|p2b: Excadrill|atk|1
|move|p1a: Osito|Protect|p1a: Osito
|-singleturn|p1a: Osito|Protect
|move|p2b: Excadrill|Earthquake|p1a: Osito|[spread] p1b
|-activate|p1a: Osito|move: Protect
|-immune|p2a: Talonflame
|-supereffective|p1b: Gatito
|-damage|p1b: Gatito|27/100
|move|p2a: Talonflame|Dual Wingbeat|p1b: Gatito
|-damage|p1b: Gatito|18/100
|-damage|p1b: Gatito|7/100
|-hitcount|p1b: Gatito|2
|
|-weather|none
|-heal|p1a: Osito|49/100|[from] item: Leftovers
|upkeep
|turn|6
|
|t:|1756785513
|move|p2a: Talonflame|Protect|p2a: Talonflame
|-singleturn|p2a: Talonflame|Protect
|move|p2b: Excadrill|Protect|p2b: Excadrill
|-singleturn|p2b: Excadrill|Protect
|move|p1b: Gatito|Fake Out|p2b: Excadrill
|-activate|p2b: Excadrill|move: Protect
|move|p1a: Osito|Hyper Voice|p2b: Excadrill|[spread] 
|-activate|p2a: Talonflame|move: Protect
|-activate|p2b: Excadrill|move: Protect
|
|-heal|p1a: Osito|55/100|[from] item: Leftovers
|upkeep
|turn|7
|
|t:|1756785535
|move|p2a: Talonflame|Dual Wingbeat|p1a: Osito
|-damage|p1a: Osito|48/100
|-crit|p1a: Osito
|-damage|p1a: Osito|32/100
|-hitcount|p1a: Osito|2
|move|p2b: Excadrill|Earthquake|p1b: Gatito|[spread] p1a,p1b
|-immune|p2a: Talonflame
|-crit|p1a: Osito
|-supereffective|p1b: Gatito
|-damage|p1a: Osito|0 fnt
|-damage|p1b: Gatito|0 fnt
|faint|p1a: Osito
|faint|p1b: Gatito
|
|upkeep
|-message|moicito forfeited.
|
|win|UUYoai
||moicito is ready for game 2.
||UUYoai is ready for game 2.
|uhtml|next|Next: Game 2 of 3
|l|☆UUYoai
|player|p2|
