|j|☆HumpingTiger
|j|☆jowemama
|html|HumpingTigerjowemama    
|uhtml|bestof|Game 1 of a best-of-3
|t:|1756481885
|gametype|doubles
|player|p1|HumpingTiger|musician|1098
|player|p2|jowemama|scientistf|1129
|gen|9
|tier|[Gen 9] VGC 2025 Reg H (Bo3)
|rated|
|rule|Species Clause: Limit one of each Pokémon
|rule|Item Clause: Limit 1 of each item
|clearpoke
|poke|p1|Indeedee-F, L50, F|
|poke|p1|Hatterene, L50, F|
|poke|p1|Torkoal, L50, M|
|poke|p1|Kingambit, L50, F|
|poke|p1|Gallade, L50, M|
|poke|p1|Exeggutor, L50, M|
|poke|p2|Pelipper, L50, F|
|poke|p2|Archaludon, L50, M|
|poke|p2|Dragonite, L50, F|
|poke|p2|Incineroar, L50, M|
|poke|p2|Ursaluna, L50, M|
|poke|p2|Sinistcha, L50|
|teampreview|4
|showteam|p1|Indeedee-F||RockyHelmet|PsychicSurge|Psychic,HelpingHand,FollowMe,TrickRoom|||F|||50|,,,,,Grass]Hatterene||LifeOrb|MagicBounce|ExpandingForce,DazzlingGleam,MysticalFire,TrickRoom|||F|||50|,,,,,Fire]Torkoal||Charcoal|Drought|Eruption,WeatherBall,HeatWave,Protect|||M|||50|,,,,,Fire]Kingambit||SafetyGoggles|Defiant|KowtowCleave,SuckerPunch,LowKick,SwordsDance|||F|||50|,,,,,Dark]Gallade||ClearAmulet|Sharpness|SacredSword,PsychoCut,TrickRoom,Protect|||M|||50|,,,,,Grass]Exeggutor||FocusSash|Chlorophyll|ExpandingForce,LeafStorm,SleepPowder,TrickRoom|||M|||50|,,,,,Psychic
|showteam|p2|Pelipper||FocusSash|Drizzle|WeatherBall,Hurricane,Tailwind,Protect|||F|||50|,,,,,Ghost]Archaludon||AssaultVest|Stamina|FlashCannon,ElectroShot,BodyPress,Snarl|||M|||50|,,,,,Bug]Dragonite||LoadedDice|Multiscale|ScaleShot,Tailwind,Haze,Protect|||F|||50|,,,,,Fairy]Incineroar||SafetyGoggles|Intimidate|KnockOff,WillOWisp,PartingShot,FakeOut|||M|||50|,,,,,Bug]Ursaluna||FlameOrb|Guts|Facade,HeadlongRush,Earthquake,Protect|||M|||50|,,,,,Ghost]Sinistcha||SitrusBerry|Hospitality|MatchaGotcha,LifeDew,RagePowder,TrickRoom||||||50|,,,,,Dark
|inactive|Battle timer is ON: inactive players will automatically lose when time's up. (requested by jowemama)
|inactive|jowemama has 60 seconds left.
|
|t:|1756481916
|teamsize|p1|4
|teamsize|p2|4
|start
|switch|p1a: Exeggutor|Exeggutor, L50, M|100/100
|switch|p1b: Indeedee|Indeedee-F, L50, F|100/100
|switch|p2a: Dragonite|Dragonite, L50, F|100/100
|switch|p2b: Archaludon|Archaludon, L50, M|100/100
|-fieldstart|move: Psychic Terrain|[from] ability: Psychic Surge|[of] p1b: Indeedee
|turn|1
|
|t:|1756481934
|switch|p2a: Incineroar|Incineroar, L50, M|100/100
|-ability|p2a: Incineroar|Intimidate|boost
|-unboost|p1a: Exeggutor|atk|1
|-unboost|p1b: Indeedee|atk|1
|move|p2b: Archaludon|Snarl|p1b: Indeedee|[spread] p1a,p1b
|-supereffective|p1a: Exeggutor
|-supereffective|p1b: Indeedee
|-damage|p1a: Exeggutor|69/100
|-damage|p1b: Indeedee|77/100
|-unboost|p1a: Exeggutor|spa|1
|-unboost|p1b: Indeedee|spa|1
|move|p1a: Exeggutor|Sleep Powder|p2b: Archaludon
|-status|p2b: Archaludon|slp|[from] move: Sleep Powder
|move|p1b: Indeedee|Psychic|p2a: Incineroar
|-immune|p2a: Incineroar
|
|upkeep
|turn|2
|
|t:|1756481958
|switch|p1a: Torkoal|Torkoal, L50, M|100/100
|-weather|SunnyDay|[from] ability: Drought|[of] p1a: Torkoal
|move|p2a: Incineroar|Knock Off|p1a: Torkoal
|-damage|p1a: Torkoal|72/100
|-enditem|p1a: Torkoal|Charcoal|[from] move: Knock Off|[of] p2a: Incineroar
|cant|p2b: Archaludon|slp
|move|p1b: Indeedee|Trick Room|p1b: Indeedee
|-fieldstart|move: Trick Room|[of] p1b: Indeedee
|
|-weather|SunnyDay|[upkeep]
|upkeep
|turn|3
|
|t:|1756481973
|switch|p1a: Gallade|Gallade, L50, M|100/100
|move|p1b: Indeedee|Psychic|p2a: Incineroar
|-immune|p2a: Incineroar
|-curestatus|p2b: Archaludon|slp|[msg]
|move|p2b: Archaludon|Snarl|p1b: Indeedee|[spread] p1a,p1b
|-supereffective|p1b: Indeedee
|-damage|p1a: Gallade|90/100
|-damage|p1b: Indeedee|55/100
|-unboost|p1b: Indeedee|spa|1
|move|p2a: Incineroar|Knock Off|p1b: Indeedee
|-supereffective|p1b: Indeedee
|-damage|p1b: Indeedee|0 fnt
|-damage|p2a: Incineroar|84/100|[from] item: Rocky Helmet|[of] p1b: Indeedee
|-enditem|p1b: Indeedee|Rocky Helmet|[from] move: Knock Off|[of] p2a: Incineroar
|faint|p1b: Indeedee
|
|-weather|SunnyDay|[upkeep]
|upkeep
|
|t:|1756481978
|switch|p1b: Exeggutor|Exeggutor, L50, M|69/100
|turn|4
|
|t:|1756481996
|switch|p2b: Dragonite|Dragonite, L50, F|100/100
|-terastallize|p2a: Incineroar|Bug
|move|p1a: Gallade|Psycho Cut|p2b: Dragonite
|-damage|p2b: Dragonite|59/100
|move|p2a: Incineroar|Will-O-Wisp|p1a: Gallade
|-status|p1a: Gallade|brn
|move|p1b: Exeggutor|Expanding Force|p2b: Dragonite|[spread] p2a,p2b
|-damage|p2a: Incineroar|25/100
|-damage|p2b: Dragonite|0 fnt
|faint|p2b: Dragonite
|
|-weather|SunnyDay|[upkeep]
|-damage|p1a: Gallade|84/100 brn|[from] brn
|upkeep
|
|t:|1756482009
|switch|p2b: Ursaluna|Ursaluna, L50, M|100/100
|turn|5
|
|t:|1756482017
|switch|p1b: Torkoal|Torkoal, L50, M|72/100
|-terastallize|p1a: Gallade|Grass
|move|p2b: Ursaluna|Protect|p2b: Ursaluna
|-singleturn|p2b: Ursaluna|Protect
|move|p2a: Incineroar|Parting Shot|p1b: Torkoal
|-unboost|p1b: Torkoal|atk|1
|-unboost|p1b: Torkoal|spa|1
|
|t:|1756482025
|switch|p2a: Archaludon|Archaludon, L50, M|100/100|[from] Parting Shot
|move|p1a: Gallade|Trick Room|p1a: Gallade
|-fieldend|move: Trick Room
|
|-weather|SunnyDay|[upkeep]
|-damage|p1a: Gallade|78/100 brn|[from] brn
|-fieldend|move: Psychic Terrain
|-status|p2b: Ursaluna|brn|[from] item: Flame Orb
|upkeep
|turn|6
|
|t:|1756482035
|move|p2a: Archaludon|Snarl|p1b: Torkoal|[spread] 
|-miss|p2a: Archaludon|p1a: Gallade
|-miss|p2a: Archaludon|p1b: Torkoal
|move|p1a: Gallade|Sacred Sword|p2b: Ursaluna
|-supereffective|p2b: Ursaluna
|-damage|p2b: Ursaluna|39/100 brn
|move|p2b: Ursaluna|Facade|p1a: Gallade
|-damage|p1a: Gallade|0 fnt
|faint|p1a: Gallade
|move|p1b: Torkoal|Weather Ball|p2a: Archaludon
|-crit|p2a: Archaludon
|-damage|p2a: Archaludon|34/100
|-ability|p2a: Archaludon|Stamina|boost
|-boost|p2a: Archaludon|def|1
|
|-weather|none
|-damage|p2b: Ursaluna|33/100 brn|[from] brn
|upkeep
|
|t:|1756482042
|switch|p1a: Exeggutor|Exeggutor, L50, M|69/100
|turn|7
|
|t:|1756482054
|move|p2a: Archaludon|Snarl|p1b: Torkoal|[spread] p1a,p1b
|-supereffective|p1a: Exeggutor
|-damage|p1a: Exeggutor|37/100
|-damage|p1b: Torkoal|57/100
|-unboost|p1a: Exeggutor|spa|1
|-unboost|p1b: Torkoal|spa|1
|move|p1a: Exeggutor|Sleep Powder|p2a: Archaludon
|-status|p2a: Archaludon|slp|[from] move: Sleep Powder
|move|p2b: Ursaluna|Facade|p1a: Exeggutor
|-damage|p1a: Exeggutor|0 fnt
|faint|p1a: Exeggutor
|move|p1b: Torkoal|Heat Wave|p2b: Ursaluna|[spread] p2a,p2b
|-damage|p2a: Archaludon|24/100 slp
|-damage|p2b: Ursaluna|16/100 brn
|-ability|p2a: Archaludon|Stamina|boost
|-boost|p2a: Archaludon|def|1
|
|-damage|p2b: Ursaluna|10/100 brn|[from] brn
|upkeep
|turn|8
|
|t:|1756482066
|move|p1b: Torkoal|Protect|p1b: Torkoal
|-singleturn|p1b: Torkoal|Protect
|cant|p2a: Archaludon|slp
|move|p2b: Ursaluna|Headlong Rush|p1b: Torkoal
|-activate|p1b: Torkoal|move: Protect
|
|-damage|p2b: Ursaluna|4/100 brn|[from] brn
|upkeep
|turn|9
|
|t:|1756482073
|move|p1b: Torkoal|Protect||[still]
|-fail|p1b: Torkoal
|cant|p2a: Archaludon|slp
|move|p2b: Ursaluna|Headlong Rush|p1b: Torkoal
|-supereffective|p1b: Torkoal
|-damage|p1b: Torkoal|0 fnt
|-unboost|p2b: Ursaluna|def|1
|-unboost|p2b: Ursaluna|spd|1
|faint|p1b: Torkoal
|
|win|jowemama
||HumpingTiger is ready for game 2.
||jowemama is ready for game 2.
|uhtml|next|Next: Game 2 of 3
