|j|☆Kiula45494
|j|‽sconet ~
|html|Kiula45494sconet ~    
|uhtml|bestof|Game 1 of a best-of-3
|t:|1786206234
|gametype|doubles
|player|p1|Kiula45494|preschoolerf|
|player|p2|sconet ~|102|
|gen|9
|tier|[Gen 9 Champions] VGC 2026 Reg M-B (Bo3)
|rule|Species Clause: Limit one of each Pokémon
|rule|Item Clause: Limit 1 of each item
|clearpoke
|poke|p1|Steelix, L50, M|
|poke|p1|Sylveon, L50, M, shiny|
|poke|p1|Zoroark, L50, M, shiny|
|poke|p1|Luxray, L50, M, shiny|
|poke|p1|Mr. Rime, L50, F, shiny|
|poke|p1|Kleavor, L50, F, shiny|
|poke|p2|Runerigus, L50, M|
|poke|p2|Emboar, L50, F|
|poke|p2|Kleavor, L50, M|
|poke|p2|Sableye, L50, F|
|poke|p2|Simipour, L50, M|
|poke|p2|Sylveon, L50, F|
|teampreview|4
|showteam|p1|Steelix||Steelixite|Sturdy|HeavySlam,HighHorsepower,Protect,Earthquake|Adamant||M|||50|]Sylveon||FairyFeather|Pixilate|HyperVoice,ShadowBall,MysticalFire,HyperBeam|Quiet||M|||50|]Zoroark||LifeOrb|Illusion|DarkPulse,FocusBlast,Uturn,Protect|Timid||M|||50|]Luxray||SitrusBerry|Intimidate|PlayRough,SupercellSlam,Superpower,ThroatChop|Adamant||M|||50|]Mr. Rime||OccaBerry|ScreenCleaner|Psychic,FakeOut,TrickRoom,FreezeDry|Quiet||F|||50|]Kleavor||FocusSash|Sharpness|StoneAxe,XScissor,SwordsDance,Trailblaze|Jolly||F|||50|
|showteam|p2|Runerigus||Leftovers|WanderingSpirit|BodyPress,IronDefense,ShadowClaw,TrickRoom|Relaxed||M|||50|]Emboar||Emboarite|Reckless|FlareBlitz,DrainPunch,BulkUp,Protect|Brave||F|||50|]Kleavor||ChoiceScarf|Sharpness|StoneAxe,XScissor,CloseCombat,RockSlide|Jolly||M|||50|]Sableye||LightClay|Prankster|FoulPlay,Reflect,LightScreen,FakeOut|Impish||F|||50|]Simipour||SitrusBerry|Torrent|Scald,IceBeam,NastyPlot,Protect|Modest||M|||50|]Sylveon||FairyFeather|CuteCharm|HyperVoice,HyperBeam,Yawn,Protect|Quiet||F|||50|
|j| TheBergentruck1
|l| TheBergentruck1
|
|t:|1786206283
|teamsize|p1|4
|teamsize|p2|4
|start
|switch|p1a: Mr. Rime|Mr. Rime, L50, F, shiny|100/100
|switch|p1b: Luxray|Luxray, L50, M, shiny|100/100
|switch|p2a: Kleavor|Kleavor, L50, M|100/100
|switch|p2b: Sableye|Sableye, L50, F|100/100
|-ability|p1b: Luxray|Intimidate|boost
|-unboost|p2a: Kleavor|atk|1
|-unboost|p2b: Sableye|atk|1
|turn|1
|
|t:|1786206330
|switch|p2a: Sylveon|Sylveon, L50, F|100/100
|move|p1a: Mr. Rime|Fake Out|p2a: Sylveon
|-damage|p2a: Sylveon|89/100
|move|p2b: Sableye|Fake Out|p1b: Luxray
|-damage|p1b: Luxray|92/100
|cant|p1b: Luxray|flinch
|
|upkeep
|turn|2
|
|t:|1786206366
|move|p2b: Sableye|Reflect|p2b: Sableye
|-sidestart|p2: sconet ~|Reflect
|move|p1b: Luxray|Supercell Slam|p2a: Sylveon
|-damage|p2a: Sylveon|42/100
|move|p1a: Mr. Rime|Psychic|p2a: Sylveon
|-damage|p2a: Sylveon|7/100
|move|p2a: Sylveon|Hyper Voice|p1a: Mr. Rime|[spread] p1a,p1b
|-damage|p1a: Mr. Rime|78/100
|-damage|p1b: Luxray|61/100
|
|upkeep
|turn|3
|
|t:|1786206384
|move|p2a: Sylveon|Protect|p2a: Sylveon
|-singleturn|p2a: Sylveon|Protect
|move|p1b: Luxray|Throat Chop|p2a: Sylveon
|-activate|p2a: Sylveon|move: Protect
|move|p2b: Sableye|Foul Play|p1a: Mr. Rime
|-supereffective|p1a: Mr. Rime|1
|-damage|p1a: Mr. Rime|11/100
|move|p1a: Mr. Rime|Trick Room|p1a: Mr. Rime
|-fieldstart|move: Trick Room|[of] p1a: Mr. Rime
|
|upkeep
|turn|4
|
|t:|1786206400
|move|p2b: Sableye|Foul Play|p1b: Luxray
|-damage|p1b: Luxray|0 fnt
|faint|p1b: Luxray
|move|p2a: Sylveon|Hyper Voice|p1a: Mr. Rime
|-damage|p1a: Mr. Rime|0 fnt
|faint|p1a: Mr. Rime
|
|upkeep
|
|t:|1786206404
|switch|p1a: Sylveon|Sylveon, L50, M, shiny|100/100
|switch|p1b: Steelix|Steelix, L50, M|100/100
|turn|5
|
|t:|1786206444
|detailschange|p1b: Steelix|Steelix-Mega, L50, M
|-mega|p1b: Steelix|Steelix|Steelixite
|move|p2b: Sableye|Light Screen|p2b: Sableye
|-sidestart|p2: sconet ~|move: Light Screen
|move|p1b: Steelix|Heavy Slam|p2a: Sylveon
|-supereffective|p2a: Sylveon|1
|-damage|p2a: Sylveon|0 fnt
|faint|p2a: Sylveon
|move|p1a: Sylveon|Hyper Voice|p2b: Sableye
|-supereffective|p2b: Sableye|1
|-damage|p2b: Sableye|0 fnt
|faint|p2b: Sableye
|
|upkeep
|
|t:|1786206454
|switch|p2b: Kleavor|Kleavor, L50, M|100/100
|switch|p2a: Emboar|Emboar, L50, F|100/100
|turn|6
|
|t:|1786206482
|detailschange|p2a: Emboar|Emboar-Mega, L50, F
|-mega|p2a: Emboar|Emboar|Emboarite
|-ability|p2a: Emboar|Mold Breaker
|move|p2a: Emboar|Protect|p2a: Emboar
|-singleturn|p2a: Emboar|Protect
|move|p1b: Steelix|Heavy Slam|p2a: Emboar
|-activate|p2a: Emboar|move: Protect
|move|p1a: Sylveon|Hyper Beam|p2b: Kleavor
|-damage|p2b: Kleavor|0 fnt
|-mustrecharge|p1a: Sylveon
|faint|p2b: Kleavor
|
|upkeep
|turn|7
|
|t:|1786206498
|move|p1b: Steelix|High Horsepower|p2a: Emboar
|-supereffective|p2a: Emboar|1
|-damage|p2a: Emboar|31/100
|cant|p1a: Sylveon|recharge
|move|p2a: Emboar|Flare Blitz|p1a: Sylveon
|-damage|p1a: Sylveon|0 fnt
|faint|p1a: Sylveon
|-damage|p2a: Emboar|5/100|[from] Recoil
|
|-fieldend|move: Trick Room
|upkeep
|turn|8
|
|t:|1786206513
|move|p2a: Emboar|Drain Punch|p1b: Steelix
|-supereffective|p1b: Steelix|1
|-damage|p1b: Steelix|44/100
|-heal|p2a: Emboar|24/100|[from] drain|[of] p1b: Steelix
|move|p1b: Steelix|High Horsepower|p2a: Emboar
|-supereffective|p2a: Emboar|1
|-damage|p2a: Emboar|0 fnt
|faint|p2a: Emboar
|
|win|Kiula45494
||Kiula45494 is ready for game 2.
||sconet ~ is ready for game 2.
|uhtml|next|Next: Game 2 of 3
