|j|☆moyesball
|j|☆sbhaga34
|html|moyesballsbhaga34    
|uhtml|bestof|Game 3 of a best-of-3
|t:|1756173165
|gametype|doubles
|player|p1|moyesball|cyrus|1378
|player|p2|sbhaga34|hugh|1239
|gen|9
|tier|[Gen 9] VGC 2025 Reg H (Bo3)
|rated|
|rule|Species Clause: Limit one of each Pokémon
|rule|Item Clause: Limit 1 of each item
|clearpoke
|poke|p1|Gholdengo, L50|
|poke|p1|Sneasler, L50, M|
|poke|p1|Rillaboom, L50, F|
|poke|p1|Dragonite, L50, M|
|poke|p1|Ninetales-Alola, L50, M|
|poke|p1|Arcanine-Hisui, L50, M|
|poke|p2|Indeedee-F, L50, F|
|poke|p2|Murkrow, L50, M|
|poke|p2|Tyranitar, L50, F|
|poke|p2|Excadrill, L50, M|
|poke|p2|Gardevoir, L50, M|
|poke|p2|Incineroar, L50, F|
|teampreview|4
|showteam|p1|Gholdengo||GrassySeed|GoodasGold|NastyPlot,MakeItRain,ShadowBall,Protect||||||50|,,,,,Water]Sneasler||WhiteHerb|Unburden|CloseCombat,DireClaw,Coaching,Protect|||M|||50|,,,,,Ghost]Rillaboom||AssaultVest|GrassySurge|FakeOut,GrassyGlide,DrumBeating,HighHorsepower|||F|||50|,,,,,Fire]Dragonite||LoadedDice|Multiscale|ScaleShot,StompingTantrum,Tailwind,Protect|||M|||50|,,,,,Steel]Ninetales-Alola||FocusSash|SnowWarning|Blizzard,IcyWind,Encore,AuroraVeil|||M|||50|,,,,,Ghost]Arcanine-Hisui||ClearAmulet|Intimidate|RockSlide,FlareBlitz,ExtremeSpeed,Protect|||M|||50|,,,,,Water
|showteam|p2|Indeedee-F||SafetyGoggles|PsychicSurge|FollowMe,TrickRoom,Imprison,Psychic|||F|||50|,,,,,Water]Murkrow||Eviolite|Prankster|Tailwind,Haze,BraveBird,FoulPlay|||M|||50|,,,,,Ghost]Tyranitar||WeaknessPolicy|SandStream|RockSlide,KnockOff,LowKick,Protect|||F|||50|,,,,,Flying]Excadrill||FocusSash|SandRush|Earthquake,IronHead,SwordsDance,Protect|||M|||50|,,,,,Ground]Gardevoir||ChoiceScarf|Telepathy|ExpandingForce,DazzlingGleam,Moonblast,IcyWind|||M|||50|,,,,,Psychic]Incineroar||AssaultVest|Intimidate|FakeOut,FlareBlitz,KnockOff,Uturn|||F|||50|,,,,,Grass
|inactive|Battle timer is ON: inactive players will automatically lose when time's up. (requested by moyesball)
|inactive|moyesball has 60 seconds left.
|
|t:|1756173204
|teamsize|p1|4
|teamsize|p2|4
|start
|switch|p1a: Gholdengo|Gholdengo, L50|100/100
|switch|p1b: Arcanine|Arcanine-Hisui, L50, M|100/100
|switch|p2a: Gardevoir|Gardevoir, L50, M, shiny|100/100
|switch|p2b: Tyranitar|Tyranitar, L50, F|100/100
|-ability|p1b: Arcanine|Intimidate|boost
|-unboost|p2a: Gardevoir|atk|1
|-unboost|p2b: Tyranitar|atk|1
|-weather|Sandstorm|[from] ability: Sand Stream|[of] p2b: Tyranitar
|turn|1
|
|t:|1756173216
|switch|p1b: Rillaboom|Rillaboom, L50, F|100/100
|-fieldstart|move: Grassy Terrain|[from] ability: Grassy Surge|[of] p1b: Rillaboom
|-enditem|p1a: Gholdengo|Grassy Seed
|-boost|p1a: Gholdengo|def|1|[from] item: Grassy Seed
|switch|p2b: Indeedee|Indeedee-F, L50, F|100/100
|-fieldstart|move: Psychic Terrain|[from] ability: Psychic Surge|[of] p2b: Indeedee
|-terastallize|p2a: Gardevoir|Psychic
|move|p2a: Gardevoir|Expanding Force|p1b: Rillaboom|[spread] p1a,p1b
|-resisted|p1a: Gholdengo
|-damage|p1a: Gholdengo|61/100
|-damage|p1b: Rillaboom|37/100
|move|p1a: Gholdengo|Nasty Plot|p1a: Gholdengo
|-boost|p1a: Gholdengo|spa|2
|
|-weather|Sandstorm|[upkeep]
|-damage|p2a: Gardevoir|95/100|[from] Sandstorm
|-damage|p1b: Rillaboom|31/100|[from] Sandstorm
|upkeep
|turn|2
|
|t:|1756173241
|switch|p1b: Ninetales|Ninetales-Alola, L50, M, shiny|100/100
|-weather|Snowscape|[from] ability: Snow Warning|[of] p1b: Ninetales
|move|p2a: Gardevoir|Expanding Force|p1b: Ninetales|[spread] p1a,p1b
|-resisted|p1a: Gholdengo
|-damage|p1a: Gholdengo|19/100
|-damage|p1b: Ninetales|4/100
|move|p1a: Gholdengo|Make It Rain|p2b: Indeedee|[spread] p2a,p2b
|-damage|p2a: Gardevoir|2/100
|-damage|p2b: Indeedee|17/100
|-unboost|p1a: Gholdengo|spa|1
|move|p2b: Indeedee|Trick Room|p2b: Indeedee
|-fieldstart|move: Trick Room|[of] p2b: Indeedee
|
|-weather|Snowscape|[upkeep]
|upkeep
|turn|3
|inactive|moyesball has 30 seconds left.
|inactive|moyesball has 20 seconds left.
|inactive|moyesball has 15 seconds left.
|
|t:|1756173290
|switch|p1b: Rillaboom|Rillaboom, L50, F|31/100
|-fieldstart|move: Grassy Terrain|[from] ability: Grassy Surge|[of] p1b: Rillaboom
|switch|p2a: Tyranitar|Tyranitar, L50, F|100/100
|-weather|Sandstorm|[from] ability: Sand Stream|[of] p2a: Tyranitar
|move|p2b: Indeedee|Psychic|p1a: Gholdengo
|-resisted|p1a: Gholdengo
|-damage|p1a: Gholdengo|3/100
|move|p1a: Gholdengo|Make It Rain|p2a: Tyranitar|[spread] p2a,p2b
|-supereffective|p2a: Tyranitar
|-damage|p2a: Tyranitar|4/100
|-damage|p2b: Indeedee|0 fnt
|-unboost|p1a: Gholdengo|spa|1
|-enditem|p2a: Tyranitar|Weakness Policy
|-boost|p2a: Tyranitar|atk|2|[from] item: Weakness Policy
|-boost|p2a: Tyranitar|spa|2|[from] item: Weakness Policy
|faint|p2b: Indeedee
|
|-weather|Sandstorm|[upkeep]
|-damage|p1b: Rillaboom|25/100|[from] Sandstorm
|-heal|p2a: Tyranitar|10/100|[from] Grassy Terrain
|-heal|p1a: Gholdengo|9/100|[from] Grassy Terrain
|-heal|p1b: Rillaboom|31/100|[from] Grassy Terrain
|upkeep
|
|t:|1756173312
|switch|p2b: Excadrill|Excadrill, L50, M, shiny|100/100
|turn|4
|
|t:|1756173328
|move|p2a: Tyranitar|Protect|p2a: Tyranitar
|-singleturn|p2a: Tyranitar|Protect
|move|p1b: Rillaboom|Grassy Glide|p2a: Tyranitar
|-activate|p2a: Tyranitar|move: Protect
|move|p1a: Gholdengo|Make It Rain|p2b: Excadrill|[spread] p2b
|-activate|p2a: Tyranitar|move: Protect
|-resisted|p2b: Excadrill
|-damage|p2b: Excadrill|71/100
|-unboost|p1a: Gholdengo|spa|1
|move|p2b: Excadrill|Iron Head|p1b: Rillaboom
|-damage|p1b: Rillaboom|0 fnt
|faint|p1b: Rillaboom
|
|-weather|Sandstorm|[upkeep]
|-heal|p2a: Tyranitar|16/100|[from] Grassy Terrain
|-heal|p1a: Gholdengo|16/100|[from] Grassy Terrain
|-heal|p2b: Excadrill|77/100|[from] Grassy Terrain
|upkeep
|inactive|moyesball has 30 seconds left.
|inactive|moyesball has 20 seconds left.
|
|t:|1756173365
|switch|p1b: Arcanine|Arcanine-Hisui, L50, M|100/100
|-ability|p1b: Arcanine|Intimidate|boost
|-unboost|p2a: Tyranitar|atk|1
|-unboost|p2b: Excadrill|atk|1
|turn|5
|inactive|moyesball has 30 seconds left.
|inactive|sbhaga34 has 30 seconds left.
|
|t:|1756173403
|move|p2a: Tyranitar|Rock Slide|p1b: Arcanine|[spread] 
|-miss|p2a: Tyranitar|p1a: Gholdengo
|-miss|p2a: Tyranitar|p1b: Arcanine
|move|p1a: Gholdengo|Make It Rain|p2b: Excadrill|[spread] p2a,p2b
|-supereffective|p2a: Tyranitar
|-crit|p2a: Tyranitar
|-resisted|p2b: Excadrill
|-damage|p2a: Tyranitar|0 fnt
|-damage|p2b: Excadrill|56/100
|-unboost|p1a: Gholdengo|spa|1
|faint|p2a: Tyranitar
|move|p1b: Arcanine|Flare Blitz|p2b: Excadrill
|-supereffective|p2b: Excadrill
|-damage|p2b: Excadrill|0 fnt
|faint|p2b: Excadrill
|-damage|p1b: Arcanine|81/100|[from] Recoil
|
|-weather|Sandstorm|[upkeep]
|-heal|p1a: Gholdengo|22/100|[from] Grassy Terrain
|-heal|p1b: Arcanine|86/100|[from] Grassy Terrain
|upkeep
|c|☆sbhaga34|BRO
|c|☆sbhaga34|OMG
|c|☆sbhaga34|FUCK this
|c|☆sbhaga34|get lost
|c|☆sbhaga34|fucking losert
|inactive|sbhaga34 has 30 seconds left.
|-message|sbhaga34 forfeited.
|
|win|moyesball
