|j|☆chaoticfarmer
|j|☆IngeVGC
|html|chaoticfarmerIngeVGC    
|uhtml|bestof|Game 2 of a best-of-3
|t:|1757039686
|gametype|doubles
|player|p1|chaoticfarmer|norman|1340
|player|p2|IngeVGC|fisherman-gen4|1364
|gen|9
|tier|[Gen 9] VGC 2025 Reg H (Bo3)
|rated|
|rule|Species Clause: Limit one of each Pokémon
|rule|Item Clause: Limit 1 of each item
|clearpoke
|poke|p1|Rillaboom, L50, M|
|poke|p1|Pelipper, L50, M|
|poke|p1|Sneasler, L50, F|
|poke|p1|Cetitan, L50, M|
|poke|p1|Malamar, L50, F|
|poke|p1|Ursaluna-Bloodmoon, L50, M|
|poke|p2|Volcarona, L50, M|
|poke|p2|Kingambit, L50, M|
|poke|p2|Dragonite, L50, F|
|poke|p2|Sneasler, L50, F|
|poke|p2|Rillaboom, L50, M|
|poke|p2|Electabuzz, L50, F|
|teampreview|4
|showteam|p1|Rillaboom||AssaultVest|GrassySurge|FakeOut,GrassyGlide,WoodHammer,Uturn|||M|||50|,,,,,Fire]Pelipper||FocusSash|Drizzle|Tailwind,Hurricane,WideGuard,WeatherBall|||M|||50|,,,,,Fairy]Sneasler||GrassySeed|Unburden|CloseCombat,DireClaw,ThroatChop,Protect|||F|||50|,,,,,Dark]Cetitan||LifeOrb|SheerForce|IcicleCrash,Liquidation,IceShard,Protect|||M|||50|,,,,,Water]Malamar||CovertCloak|Contrary|PsychoCut,KnockOff,Superpower,TrickRoom|||F|||50|,,,,,Steel]Ursaluna-Bloodmoon||SilkScarf|MindsEye|BloodMoon,HyperVoice,EarthPower,Protect|||M|||50|,,,,,Ghost
|showteam|p2|Volcarona||CovertCloak|FlameBody|HeatWave,TeraBlast,QuiverDance,Protect|||M|||50|,,,,,Fairy]Kingambit||BlackGlasses|Defiant|KowtowCleave,SuckerPunch,SwordsDance,Protect|||M|||50|,,,,,Dark]Dragonite||LoadedDice|Multiscale|ScaleShot,ExtremeSpeed,Haze,Protect|||F|||50|,,,,,Steel]Sneasler||FocusSash|PoisonTouch|CloseCombat,DireClaw,FakeOut,Coaching|||F|||50|,,,,,Stellar]Rillaboom||AssaultVest|GrassySurge|WoodHammer,GrassyGlide,HighHorsepower,FakeOut|||M|||50|,,,,,Fire]Electabuzz||Eviolite|VitalSpirit|Thunderbolt,Taunt,FollowMe,Protect|||F|||50|,,,,,Ghost
|inactive|Battle timer is ON: inactive players will automatically lose when time's up. (requested by chaoticfarmer)
|
|t:|1757039702
|teamsize|p1|4
|teamsize|p2|4
|start
|switch|p1a: Rillaboom|Rillaboom, L50, M|100/100
|switch|p1b: Malamar|Malamar, L50, F|100/100
|switch|p2a: Volcarona|Volcarona, L50, M|100/100
|switch|p2b: Electabuzz|Electabuzz, L50, F|100/100
|-fieldstart|move: Grassy Terrain|[from] ability: Grassy Surge|[of] p1a: Rillaboom
|turn|1
|
|t:|1757039716
|move|p2a: Volcarona|Quiver Dance|p2a: Volcarona
|-boost|p2a: Volcarona|spa|1
|-boost|p2a: Volcarona|spd|1
|-boost|p2a: Volcarona|spe|1
|move|p2b: Electabuzz|Taunt|p1b: Malamar
|-start|p1b: Malamar|move: Taunt
|move|p1a: Rillaboom|Wood Hammer|p2b: Electabuzz
|-damage|p2b: Electabuzz|40/100
|-damage|p1a: Rillaboom|83/100|[from] Recoil
|move|p1b: Malamar|Knock Off|p2b: Electabuzz
|-damage|p2b: Electabuzz|10/100
|-enditem|p2b: Electabuzz|Eviolite|[from] move: Knock Off|[of] p1b: Malamar
|
|-heal|p2b: Electabuzz|16/100|[from] Grassy Terrain
|-heal|p1a: Rillaboom|88/100|[from] Grassy Terrain
|upkeep
|turn|2
|
|t:|1757039737
|move|p2b: Electabuzz|Protect|p2b: Electabuzz
|-singleturn|p2b: Electabuzz|Protect
|move|p2a: Volcarona|Quiver Dance|p2a: Volcarona
|-boost|p2a: Volcarona|spa|1
|-boost|p2a: Volcarona|spd|1
|-boost|p2a: Volcarona|spe|1
|move|p1a: Rillaboom|U-turn|p2b: Electabuzz
|-activate|p2b: Electabuzz|move: Protect
|move|p1b: Malamar|Knock Off|p2a: Volcarona
|-crit|p2a: Volcarona
|-damage|p2a: Volcarona|29/100
|-enditem|p2a: Volcarona|Covert Cloak|[from] move: Knock Off|[of] p1b: Malamar
|
|-heal|p2a: Volcarona|35/100|[from] Grassy Terrain
|-heal|p2b: Electabuzz|22/100|[from] Grassy Terrain
|-heal|p1a: Rillaboom|94/100|[from] Grassy Terrain
|upkeep
|turn|3
|inactive|chaoticfarmer has 30 seconds left.
|
|t:|1757039772
|-terastallize|p2a: Volcarona|Fairy
|move|p2b: Electabuzz|Follow Me|p2b: Electabuzz
|-singleturn|p2b: Electabuzz|move: Follow Me
|move|p1a: Rillaboom|Grassy Glide|p2b: Electabuzz
|-damage|p2b: Electabuzz|0 fnt
|faint|p2b: Electabuzz
|move|p2a: Volcarona|Tera Blast|p1b: Malamar|[anim] Tera Blast Fairy
|-supereffective|p1b: Malamar
|-damage|p1b: Malamar|0 fnt
|faint|p1b: Malamar
|
|-heal|p2a: Volcarona|41/100|[from] Grassy Terrain
|-heal|p1a: Rillaboom|99/100|[from] Grassy Terrain
|upkeep
|
|t:|1757039783
|switch|p2b: Rillaboom|Rillaboom, L50, M|100/100
|switch|p1b: Sneasler|Sneasler, L50, F|100/100
|-enditem|p1b: Sneasler|Grassy Seed
|-boost|p1b: Sneasler|def|1|[from] item: Grassy Seed
|turn|4
|
|t:|1757039806
|-terastallize|p1a: Rillaboom|Fire
|move|p1b: Sneasler|Protect|p1b: Sneasler
|-singleturn|p1b: Sneasler|Protect
|move|p2a: Volcarona|Heat Wave|p1a: Rillaboom|[spread] p1a
|-activate|p1b: Sneasler|move: Protect
|-resisted|p1a: Rillaboom
|-damage|p1a: Rillaboom|73/100
|move|p2b: Rillaboom|High Horsepower|p1b: Sneasler
|-activate|p1b: Sneasler|move: Protect
|move|p1a: Rillaboom|Wood Hammer|p2a: Volcarona
|-damage|p2a: Volcarona|0 fnt
|faint|p2a: Volcarona
|-damage|p1a: Rillaboom|60/100|[from] Recoil
|
|-heal|p1a: Rillaboom|66/100|[from] Grassy Terrain
|upkeep
|
|t:|1757039811
|switch|p2a: Kingambit|Kingambit, L50, M|100/100
|turn|5
|
|t:|1757039827
|move|p2a: Kingambit|Protect|p2a: Kingambit
|-singleturn|p2a: Kingambit|Protect
|move|p1b: Sneasler|Close Combat|p2a: Kingambit
|-activate|p2a: Kingambit|move: Protect
|move|p2b: Rillaboom|High Horsepower|p1b: Sneasler
|-supereffective|p1b: Sneasler
|-damage|p1b: Sneasler|23/100
|move|p1a: Rillaboom|U-turn|p2b: Rillaboom
|-supereffective|p2b: Rillaboom
|-damage|p2b: Rillaboom|48/100
|
|t:|1757039838
|switch|p1a: Cetitan|Cetitan, L50, M|100/100|[from] U-turn
|
|-heal|p1b: Sneasler|29/100|[from] Grassy Terrain
|-heal|p2b: Rillaboom|54/100|[from] Grassy Terrain
|-fieldend|move: Grassy Terrain
|upkeep
|turn|6
|inactive|IngeVGC has 30 seconds left.
|
|t:|1757039863
|move|p2a: Kingambit|Sucker Punch|p1b: Sneasler
|-resisted|p1b: Sneasler
|-damage|p1b: Sneasler|0 fnt
|faint|p1b: Sneasler
|move|p2b: Rillaboom|Wood Hammer|p1a: Cetitan
|-damage|p1a: Cetitan|52/100
|-damage|p2b: Rillaboom|34/100|[from] Recoil
|move|p1a: Cetitan|Icicle Crash|p2b: Rillaboom
|-supereffective|p2b: Rillaboom
|-damage|p2b: Rillaboom|0 fnt
|faint|p2b: Rillaboom
|
|upkeep
|
|t:|1757039874
|switch|p1b: Rillaboom|Rillaboom, L50, M, tera:Fire|66/100
|-fieldstart|move: Grassy Terrain|[from] ability: Grassy Surge|[of] p1b: Rillaboom
|turn|7
|
|t:|1757039879
|move|p2a: Kingambit|Protect|p2a: Kingambit
|-singleturn|p2a: Kingambit|Protect
|move|p1b: Rillaboom|Fake Out|p2a: Kingambit
|-activate|p2a: Kingambit|move: Protect
|move|p1a: Cetitan|Liquidation|p2a: Kingambit
|-activate|p2a: Kingambit|move: Protect
|
|-heal|p1b: Rillaboom|72/100|[from] Grassy Terrain
|-heal|p1a: Cetitan|58/100|[from] Grassy Terrain
|upkeep
|turn|8
|
|t:|1757039888
|move|p1b: Rillaboom|Wood Hammer|p2a: Kingambit
|-resisted|p2a: Kingambit
|-damage|p2a: Kingambit|72/100
|-damage|p1b: Rillaboom|61/100|[from] Recoil
|move|p1a: Cetitan|Liquidation|p2a: Kingambit
|-damage|p2a: Kingambit|36/100
|move|p2a: Kingambit|Swords Dance|p2a: Kingambit
|-boost|p2a: Kingambit|atk|2
|
|-heal|p1b: Rillaboom|67/100|[from] Grassy Terrain
|-heal|p1a: Cetitan|64/100|[from] Grassy Terrain
|-heal|p2a: Kingambit|42/100|[from] Grassy Terrain
|upkeep
|turn|9
|inactive|chaoticfarmer has 30 seconds left.
|
|t:|1757039921
|move|p2a: Kingambit|Protect|p2a: Kingambit
|-singleturn|p2a: Kingambit|Protect
|move|p1b: Rillaboom|Grassy Glide|p2a: Kingambit
|-activate|p2a: Kingambit|move: Protect
|move|p1a: Cetitan|Ice Shard|p2a: Kingambit
|-activate|p2a: Kingambit|move: Protect
|
|-heal|p1b: Rillaboom|73/100|[from] Grassy Terrain
|-heal|p1a: Cetitan|70/100|[from] Grassy Terrain
|-heal|p2a: Kingambit|47/100|[from] Grassy Terrain
|upkeep
|turn|10
|
|t:|1757039930
|move|p2a: Kingambit|Sucker Punch|p1a: Cetitan
|-damage|p1a: Cetitan|0 fnt
|faint|p1a: Cetitan
|move|p1b: Rillaboom|Wood Hammer|p2a: Kingambit
|-resisted|p2a: Kingambit
|-damage|p2a: Kingambit|14/100
|-damage|p1b: Rillaboom|61/100|[from] Recoil
|
|-heal|p1b: Rillaboom|67/100|[from] Grassy Terrain
|-heal|p2a: Kingambit|20/100|[from] Grassy Terrain
|upkeep
|turn|11
|
|t:|1757039939
|move|p2a: Kingambit|Protect|p2a: Kingambit
|-singleturn|p2a: Kingambit|Protect
|move|p1b: Rillaboom|Wood Hammer|p2a: Kingambit
|-activate|p2a: Kingambit|move: Protect
|
|-heal|p1b: Rillaboom|72/100|[from] Grassy Terrain
|-heal|p2a: Kingambit|26/100|[from] Grassy Terrain
|-fieldend|move: Grassy Terrain
|upkeep
|turn|12
|
|t:|1757039944
|move|p2a: Kingambit|Sucker Punch|p1b: Rillaboom
|-damage|p1b: Rillaboom|0 fnt
|faint|p1b: Rillaboom
|
|win|IngeVGC
|raw|chaoticfarmer's rating: 1340 → 1321(-19 for losing)
|raw|IngeVGC's rating: 1364 → 1383(+19 for winning)
|l|☆chaoticfarmer
|player|p1|
