|j|☆ko1d_lol
|j|☆iannaVi
|html|ko1d_loliannaVi    
|uhtml|bestof|Game 1 of a best-of-3
|t:|1783959914
|gametype|doubles
|player|p1|ko1d_lol|1|1291
|player|p2|iannaVi|cheren-gen5bw2|1314
|gen|9
|tier|[Gen 9 Champions] VGC 2026 Reg M-B (Bo3)
|rated|
|rule|Species Clause: Limit one of each Pokémon
|rule|Item Clause: Limit 1 of each item
|clearpoke
|poke|p1|Grimmsnarl, L50, M|
|poke|p1|Swampert, L50, M|
|poke|p1|Pelipper, L50, M|
|poke|p1|Archaludon, L50, M|
|poke|p1|Sinistcha, L50|
|poke|p1|Metagross, L50|
|poke|p2|Sylveon, L50, M|
|poke|p2|Charizard, L50, M|
|poke|p2|Garchomp, L50, F|
|poke|p2|Aerodactyl, L50, F|
|poke|p2|Kingambit, L50, F|
|poke|p2|Farigiraf, L50, M|
|teampreview|4
|showteam|p1|Grimmsnarl||LightClay|Prankster|FoulPlay,PartingShot,Reflect,LightScreen|Calm||M|||50|]Swampert||Swampertite|Damp|WaveCrash,Earthquake,IcePunch,Protect|Adamant||M|||50|]Pelipper||SitrusBerry|Drizzle|Hurricane,WeatherBall,Tailwind,WideGuard|Modest||M|||50|]Archaludon||Leftovers|Stamina|ElectroShot,DragonPulse,FlashCannon,Protect|Modest||M|||50|]Sinistcha||CobaBerry|Hospitality|MatchaGotcha,RagePowder,TrickRoom,Protect|Relaxed|||||50|]Metagross||Metagrossite|ClearBody|IronHead,PsychicFangs,BodyPress,Protect|Jolly|||||50|
|showteam|p2|Sylveon||FairyFeather|Pixilate|HyperVoice,HyperBeam,QuickAttack,Detect|Modest||M|||50|]Charizard||CharizarditeY|Blaze|WeatherBall,HeatWave,SolarBeam,Protect|Modest||M|||50|]Garchomp||LifeOrb|RoughSkin|DragonClaw,Protect,StompingTantrum,Earthquake|Jolly||F|||50|]Aerodactyl||Aerodactylite|Unnerve|RockSlide,IceFang,Tailwind,DualWingbeat|Jolly||F|||50|]Kingambit||FocusSash|Defiant|KowtowCleave,IronHead,SuckerPunch,LowKick|Adamant||F|||50|]Farigiraf||SitrusBerry|ArmorTail|TwinBeam,Thunderbolt,TrickRoom,Roar|Relaxed||M|||50|
|inactive|Battle timer is ON: inactive players will automatically lose when time's up. (requested by ko1d_lol)
|
|t:|1783959960
|teamsize|p1|4
|teamsize|p2|4
|start
|switch|p1a: Grimmsnarl|Grimmsnarl, L50, M|100/100
|switch|p1b: Swampert|Swampert, L50, M|100/100
|switch|p2a: Farigiraf|Farigiraf, L50, M|100/100
|switch|p2b: Sylveon|Sylveon, L50, M|100/100
|turn|1
|inactive|ko1d_lol has 30 seconds left.
|
|t:|1783959987
|detailschange|p1b: Swampert|Swampert-Mega, L50, M
|-mega|p1b: Swampert|Swampert|Swampertite
|move|p1a: Grimmsnarl|Light Screen|p1a: Grimmsnarl
|-sidestart|p1: ko1d_lol|move: Light Screen
|move|p1b: Swampert|Wave Crash|p2b: Sylveon
|-damage|p2b: Sylveon|1/100
|-damage|p1b: Swampert|67/100|[from] Recoil
|move|p2b: Sylveon|Hyper Voice|p1a: Grimmsnarl|[spread] p1a,p1b
|-supereffective|p1a: Grimmsnarl|1
|-damage|p1a: Grimmsnarl|40/100
|-damage|p1b: Swampert|41/100
|move|p2a: Farigiraf|Trick Room|p2a: Farigiraf
|-fieldstart|move: Trick Room|[of] p2a: Farigiraf
|
|upkeep
|turn|2
|inactive|ko1d_lol has 30 seconds left.
|
|t:|1783960019
|move|p1b: Swampert|Protect|p1b: Swampert
|-singleturn|p1b: Swampert|Protect
|move|p2a: Farigiraf|Twin Beam|p1b: Swampert
|-activate|p1b: Swampert|move: Protect
|move|p1a: Grimmsnarl|Foul Play|p2b: Sylveon
|-resisted|p2b: Sylveon|1
|-damage|p2b: Sylveon|0 fnt
|faint|p2b: Sylveon
|
|upkeep
|
|t:|1783960034
|switch|p2b: Kingambit|Kingambit, L50, F|100/100
|turn|3
|
|t:|1783960057
|switch|p1b: Pelipper|Pelipper, L50, M|100/100
|-weather|RainDance|[from] ability: Drizzle|[of] p1b: Pelipper
|move|p1a: Grimmsnarl|Parting Shot||[still]
|cant|p2a: Farigiraf|ability: Armor Tail|Parting Shot|[of] p1a: Grimmsnarl
|move|p2b: Kingambit|Sucker Punch||[still]
|-fail|p2b: Kingambit
|move|p2a: Farigiraf|Twin Beam|p1b: Pelipper
|-damage|p1b: Pelipper|88/100
|-damage|p1b: Pelipper|75/100
|-hitcount|p1b: Pelipper|2
|
|-weather|RainDance|[upkeep]
|upkeep
|turn|4
|
|t:|1783960078
|switch|p1b: Archaludon|Archaludon, L50, M|100/100
|move|p2a: Farigiraf|Thunderbolt|p1b: Archaludon
|-resisted|p1b: Archaludon|1
|-damage|p1b: Archaludon|92/100
|-ability|p1b: Archaludon|Stamina|boost
|-boost|p1b: Archaludon|def|1
|move|p1a: Grimmsnarl|Foul Play|p2a: Farigiraf
|-supereffective|p2a: Farigiraf|1
|-damage|p2a: Farigiraf|56/100
|move|p2b: Kingambit|Iron Head|p1a: Grimmsnarl
|-supereffective|p1a: Grimmsnarl|1
|-damage|p1a: Grimmsnarl|0 fnt
|faint|p1a: Grimmsnarl
|
|-weather|RainDance|[upkeep]
|-heal|p1b: Archaludon|98/100|[from] item: Leftovers
|upkeep
|
|t:|1783960094
|switch|p1a: Swampert|Swampert-Mega, L50, M|41/100
|turn|5
|
|t:|1783960114
|move|p1a: Swampert|Protect|p1a: Swampert
|-singleturn|p1a: Swampert|Protect
|move|p2b: Kingambit|Kowtow Cleave|p1a: Swampert
|-activate|p1a: Swampert|move: Protect
|move|p1b: Archaludon|Dragon Pulse|p2a: Farigiraf
|-damage|p2a: Farigiraf|16/100
|-enditem|p2a: Farigiraf|Sitrus Berry|[eat]
|-heal|p2a: Farigiraf|41/100|[from] item: Sitrus Berry
|move|p2a: Farigiraf|Roar|p1b: Archaludon
|drag|p1b: Pelipper|Pelipper, L50, M|75/100
|
|-weather|RainDance|[upkeep]
|-fieldend|move: Trick Room
|upkeep
|turn|6
|inactive|iannaVi has 30 seconds left.
|
|t:|1783960140
|move|p2b: Kingambit|Sucker Punch|p1a: Swampert
|-damage|p1a: Swampert|5/100
|move|p1a: Swampert|Earthquake|p2b: Kingambit|[spread] p2a,p2b
|-immune|p1b: Pelipper
|-supereffective|p2b: Kingambit|1
|-damage|p2a: Farigiraf|9/100
|-damage|p2b: Kingambit|11/100
|move|p1b: Pelipper|Weather Ball|p2b: Kingambit
|-damage|p2b: Kingambit|0 fnt
|faint|p2b: Kingambit
|move|p2a: Farigiraf|Thunderbolt|p1b: Pelipper
|-supereffective|p1b: Pelipper|2
|-damage|p1b: Pelipper|6/100
|-status|p1b: Pelipper|par
|-enditem|p1b: Pelipper|Sitrus Berry|[eat]
|-heal|p1b: Pelipper|31/100 par|[from] item: Sitrus Berry
|
|-weather|RainDance|[upkeep]
|upkeep
|
|t:|1783960156
|switch|p2b: Charizard|Charizard, L50, M|100/100
|turn|7
|inactive|iannaVi has 30 seconds left.
|
|t:|1783960190
|switch|p1b: Archaludon|Archaludon, L50, M|98/100
|move|p1a: Swampert|Protect|p1a: Swampert
|-singleturn|p1a: Swampert|Protect
|move|p2b: Charizard|Protect|p2b: Charizard
|-singleturn|p2b: Charizard|Protect
|move|p2a: Farigiraf|Twin Beam|p1a: Swampert
|-activate|p1a: Swampert|move: Protect
|
|-weather|none
|-heal|p1b: Archaludon|100/100|[from] item: Leftovers
|upkeep
|turn|8
|inactive|ko1d_lol has 30 seconds left.
|inactive|iannaVi has 30 seconds left.
|inactive|iannaVi has 20 seconds left.
|
|t:|1783960227
|detailschange|p2b: Charizard|Charizard-Mega-Y, L50, M
|-mega|p2b: Charizard|Charizard|Charizardite Y
|-weather|SunnyDay|[from] ability: Drought|[of] p2b: Charizard
|move|p2b: Charizard|Heat Wave|p1a: Swampert|[spread] p1a,p1b
|-resisted|p1a: Swampert|1
|-damage|p1a: Swampert|0 fnt
|-damage|p1b: Archaludon|59/100
|-ability|p1b: Archaludon|Stamina|boost
|-boost|p1b: Archaludon|def|1
|faint|p1a: Swampert
|move|p1b: Archaludon|Dragon Pulse|p2a: Farigiraf
|-crit|p2a: Farigiraf
|-damage|p2a: Farigiraf|0 fnt
|faint|p2a: Farigiraf
|
|-weather|SunnyDay|[upkeep]
|-heal|p1b: Archaludon|65/100|[from] item: Leftovers
|-sideend|p1: ko1d_lol|move: Light Screen
|upkeep
|
|t:|1783960241
|switch|p1a: Pelipper|Pelipper, L50, M|31/100 par
|-weather|RainDance|[from] ability: Drizzle|[of] p1a: Pelipper
|turn|9
|
|t:|1783960249
|move|p2b: Charizard|Weather Ball|p1a: Pelipper
|-resisted|p1a: Pelipper|1
|-damage|p1a: Pelipper|0 fnt
|faint|p1a: Pelipper
|move|p1b: Archaludon|Electro Shot||[still]
|-prepare|p1b: Archaludon|Electro Shot
|-boost|p1b: Archaludon|spa|1
|-anim|p1b: Archaludon|Electro Shot|p2b: Charizard
|-supereffective|p2b: Charizard|1
|-damage|p2b: Charizard|0 fnt
|faint|p2b: Charizard
|
|win|ko1d_lol
||iannaVi is ready for game 2.
||ko1d_lol is ready for game 2.
|uhtml|next|Next: Game 2 of 3
