|j|☆chrispygreens
|j|☆buxtonator22
|html|chrispygreensbuxtonator22    
|uhtml|bestof|Game 2 of a best-of-3
|t:|1757073670
|gametype|doubles
|player|p1|chrispygreens|palmer|1042
|player|p2|buxtonator22|ethan|1099
|gen|9
|tier|[Gen 9] VGC 2025 Reg H (Bo3)
|rated|
|rule|Species Clause: Limit one of each Pokémon
|rule|Item Clause: Limit 1 of each item
|clearpoke
|poke|p1|Incineroar, L50, M|
|poke|p1|Amoonguss, L50, F|
|poke|p1|Archaludon, L50, F|
|poke|p1|Blaziken, L50, M|
|poke|p1|Salamence, L50, M|
|poke|p1|Grimmsnarl, L50, M|
|poke|p2|Sneasler, L50, F|
|poke|p2|Talonflame, L50, M|
|poke|p2|Ursaluna-Bloodmoon, L50, M|
|poke|p2|Indeedee, L50, M|
|poke|p2|Gholdengo, L50|
|poke|p2|Amoonguss, L50, M|
|teampreview|4
|showteam|p1|Incineroar||SafetyGoggles|Intimidate|FlareBlitz,FakeOut,KnockOff,PartingShot|||M|||50|,,,,,Bug]Amoonguss||Leftovers|Regenerator|Spore,SludgeBomb,RagePowder,GigaDrain|||F|||50|,,,,,Dark]Archaludon||PowerHerb|Stamina|ElectroShot,DragonPulse,BodyPress,FlashCannon|||F|||50|,,,,,Fighting]Blaziken||LifeOrb|SpeedBoost|FlareBlitz,BraveBird,CloseCombat,Protect|||M|||50|,,,,,Flying]Salamence||EjectButton|Intimidate|IronHead,DualWingbeat,Outrage,Tailwind|||M|||50|,,,,,Steel]Grimmsnarl||LightClay|Prankster|LightScreen,Reflect,SpiritBreak,Taunt|||M|||50|,,,,,Fairy
|showteam|p2|Sneasler||PsychicSeed|Unburden|Protect,ThroatChop,DireClaw,CloseCombat|||F|||50|,,,,,Dark]Talonflame||CovertCloak|GaleWings|Taunt,Tailwind,WillOWisp,FlareBlitz|||M|||50|,,,,,Ghost]Ursaluna-Bloodmoon||AssaultVest|MindsEye|VacuumWave,EarthPower,HyperVoice,BloodMoon|||M|||50|,,,,,Bug]Indeedee||FocusSash|PsychicSurge|Protect,HelpingHand,TrickRoom,ExpandingForce|||M|||50|,,,,,Psychic]Gholdengo||Leftovers|GoodasGold|Protect,NastyPlot,ShadowBall,MakeItRain||||||50|,,,,,Water]Amoonguss||SitrusBerry|Regenerator|Protect,Spore,RagePowder,PollenPuff|||M|||50|,,,,,Psychic
|inactive|Battle timer is ON: inactive players will automatically lose when time's up. (requested by chrispygreens)
|inactive|buxtonator22 has 60 seconds left.
|
|t:|1757073734
|teamsize|p1|4
|teamsize|p2|4
|start
|switch|p1a: Blaziken|Blaziken, L50, M|100/100
|switch|p1b: Salamence|Salamence, L50, M|100/100
|switch|p2a: Ursaluna|Ursaluna-Bloodmoon, L50, M|100/100
|switch|p2b: Amoonguss|Amoonguss, L50, M, shiny|100/100
|-ability|p1b: Salamence|Intimidate|boost
|-unboost|p2a: Ursaluna|atk|1
|-unboost|p2b: Amoonguss|atk|1
|turn|1
|inactive|buxtonator22 has 30 seconds left.
|
|t:|1757073768
|move|p1a: Blaziken|Protect|p1a: Blaziken
|-singleturn|p1a: Blaziken|Protect
|move|p2b: Amoonguss|Protect|p2b: Amoonguss
|-singleturn|p2b: Amoonguss|Protect
|move|p1b: Salamence|Dual Wingbeat|p2b: Amoonguss
|-activate|p2b: Amoonguss|move: Protect
|move|p2a: Ursaluna|Blood Moon|p1b: Salamence
|-damage|p1b: Salamence|0 fnt
|faint|p1b: Salamence
|
|-ability|p1a: Blaziken|Speed Boost|boost
|-boost|p1a: Blaziken|spe|1
|upkeep
|
|t:|1757073781
|switch|p1b: Incineroar|Incineroar, L50, M|100/100
|-ability|p1b: Incineroar|Intimidate|boost
|-unboost|p2a: Ursaluna|atk|1
|-unboost|p2b: Amoonguss|atk|1
|turn|2
|
|t:|1757073790
|switch|p2a: Indeedee|Indeedee, L50, M, shiny|100/100
|-fieldstart|move: Psychic Terrain|[from] ability: Psychic Surge|[of] p2a: Indeedee
|move|p1b: Incineroar|Fake Out|p2b: Amoonguss
|-activate|p2b: Amoonguss|move: Psychic Terrain
|move|p1a: Blaziken|Close Combat|p2a: Indeedee
|-enditem|p2a: Indeedee|Focus Sash
|-damage|p2a: Indeedee|1/100
|-unboost|p1a: Blaziken|def|1
|-unboost|p1a: Blaziken|spd|1
|-damage|p1a: Blaziken|91/100|[from] item: Life Orb
|move|p2b: Amoonguss|Spore|p1a: Blaziken
|-status|p1a: Blaziken|slp|[from] move: Spore
|
|-ability|p1a: Blaziken|Speed Boost|boost
|-boost|p1a: Blaziken|spe|1
|upkeep
|turn|3
|inactive|buxtonator22 has 30 seconds left.
|
|t:|1757073825
|cant|p1a: Blaziken|slp
|move|p2a: Indeedee|Expanding Force|p1b: Incineroar|[spread] p1a
|-immune|p1b: Incineroar
|-supereffective|p1a: Blaziken
|-damage|p1a: Blaziken|0 fnt
|faint|p1a: Blaziken
|move|p1b: Incineroar|Flare Blitz|p2b: Amoonguss
|-supereffective|p2b: Amoonguss
|-damage|p2b: Amoonguss|4/100
|-enditem|p2b: Amoonguss|Sitrus Berry|[eat]
|-heal|p2b: Amoonguss|29/100|[from] item: Sitrus Berry
|-damage|p1b: Incineroar|66/100|[from] Recoil
|move|p2b: Amoonguss|Pollen Puff|p2a: Indeedee
|-heal|p2a: Indeedee|51/100
|
|upkeep
|
|t:|1757073839
|switch|p1a: Archaludon|Archaludon, L50, F|100/100
|turn|4
|inactive|buxtonator22 has 30 seconds left.
|
|t:|1757073866
|move|p2a: Indeedee|Protect|p2a: Indeedee
|-singleturn|p2a: Indeedee|Protect
|move|p2b: Amoonguss|Protect|p2b: Amoonguss
|-singleturn|p2b: Amoonguss|Protect
|move|p1a: Archaludon|Electro Shot||[still]
|-prepare|p1a: Archaludon|Electro Shot
|-boost|p1a: Archaludon|spa|1
|-enditem|p1a: Archaludon|Power Herb
|-anim|p1a: Archaludon|Electro Shot|p2b: Amoonguss
|-activate|p2b: Amoonguss|move: Protect
|move|p1b: Incineroar|Knock Off|p2a: Indeedee
|-activate|p2a: Indeedee|move: Protect
|
|upkeep
|turn|5
|inactive|buxtonator22 has 30 seconds left.
|
|t:|1757073897
|switch|p2b: Ursaluna|Ursaluna-Bloodmoon, L50, M|100/100
|move|p1a: Archaludon|Dragon Pulse|p2b: Ursaluna
|-damage|p2b: Ursaluna|55/100
|move|p2a: Indeedee|Expanding Force|p1b: Incineroar|[spread] p1a
|-immune|p1b: Incineroar
|-resisted|p1a: Archaludon
|-damage|p1a: Archaludon|57/100
|-ability|p1a: Archaludon|Stamina|boost
|-boost|p1a: Archaludon|def|1
|move|p1b: Incineroar|Knock Off|p2a: Indeedee
|-supereffective|p2a: Indeedee
|-damage|p2a: Indeedee|0 fnt
|faint|p2a: Indeedee
|
|upkeep
|
|t:|1757073915
|switch|p2a: Sneasler|Sneasler, L50, F|100/100
|-enditem|p2a: Sneasler|Psychic Seed
|-boost|p2a: Sneasler|spd|1|[from] item: Psychic Seed
|turn|6
|
|t:|1757073935
|-terastallize|p1a: Archaludon|Fighting
|move|p2a: Sneasler|Close Combat|p1a: Archaludon
|-damage|p1a: Archaludon|22/100
|-unboost|p2a: Sneasler|def|1
|-unboost|p2a: Sneasler|spd|1
|-ability|p1a: Archaludon|Stamina|boost
|-boost|p1a: Archaludon|def|1
|move|p1a: Archaludon|Body Press|p2b: Ursaluna
|-supereffective|p2b: Ursaluna
|-damage|p2b: Ursaluna|0 fnt
|faint|p2b: Ursaluna
|move|p1b: Incineroar|Flare Blitz|p2a: Sneasler
|-damage|p2a: Sneasler|0 fnt
|faint|p2a: Sneasler
|-damage|p1b: Incineroar|41/100|[from] Recoil
|
|-fieldend|move: Psychic Terrain
|upkeep
|
|t:|1757073957
|switch|p2b: Amoonguss|Amoonguss, L50, M, shiny|62/100
|turn|7
|
|t:|1757073972
|-terastallize|p2b: Amoonguss|Psychic
|move|p1a: Archaludon|Dragon Pulse|p2b: Amoonguss
|-damage|p2b: Amoonguss|11/100
|move|p1b: Incineroar|Flare Blitz|p2b: Amoonguss
|-damage|p2b: Amoonguss|0 fnt
|faint|p2b: Amoonguss
|-damage|p1b: Incineroar|37/100|[from] Recoil
|
|win|chrispygreens
|raw|chrispygreens's rating: 1042 → 1081(+39 for winning)
|raw|buxtonator22's rating: 1099 → 1070(-29 for losing)
|c|☆chrispygreens|gg
|l|☆chrispygreens
|player|p1|
|l|☆buxtonator22
|player|p2|
|j|☆chrispygreens
|player|p1|chrispygreens|palmer|
