|j|☆Eggy’sDad
|j|☆AxolotlChamp
|html|Eggy’sDadAxolotlChamp    
|uhtml|bestof|Game 1 of a best-of-3
|t:|1785259243
|gametype|doubles
|player|p1|Eggy’sDad|102|1126
|player|p2|AxolotlChamp|baker|1000
|gen|9
|tier|[Gen 9 Champions] VGC 2026 Reg M-B (Bo3)
|rated|
|rule|Species Clause: Limit one of each Pokémon
|rule|Item Clause: Limit 1 of each item
|clearpoke
|poke|p1|Pyroar, L50, M|
|poke|p1|Whimsicott, L50, M|
|poke|p1|Ninetales, L50, M|
|poke|p1|Farigiraf, L50, M|
|poke|p1|Basculegion, L50, M|
|poke|p1|Floette-Eternal, L50, F|
|poke|p2|Golurk, L50|
|poke|p2|Milotic, L50, M, shiny|
|poke|p2|Farigiraf, L50, F, shiny|
|poke|p2|Floette-Eternal, L50, F|
|poke|p2|Ceruledge, L50, M|
|poke|p2|Whimsicott, L50, F|
|teampreview|4
|showteam|p1|Pyroar||Pyroarite|Unnerve|HeatWave,SolarBeam,Overheat,Protect|Timid||M|||50|]Whimsicott||FocusSash|Prankster|Moonblast,Tailwind,SunnyDay,Protect|Timid||M|||50|]Ninetales||ChoiceScarf|Drought|Overheat,HeatWave,SolarBeam,FakeTears|Modest||M|||50|]Farigiraf||SitrusBerry|ArmorTail|Thunderbolt,TwinBeam,TrickRoom,HelpingHand|Bold||M|||50|]Basculegion||LifeOrb|Adaptability|WaveCrash,LastRespects,AquaJet,Protect|Adamant||M|||50|]Floette-Eternal||Floettite|FlowerVeil|Moonblast,DazzlingGleam,LightofRuin,Protect|Timid||F|||50|
|showteam|p2|Golurk||Golurkite|IronFist|HeadlongRush,Poltergeist,Earthquake,Protect|Adamant|||||50|]Milotic||MysticWater|MarvelScale|Scald,Surf,Protect,LightScreen|Modest||M|||50|]Farigiraf||SitrusBerry|ArmorTail|Psychic,Protect,Roar,TrickRoom|Bold||F|||50|]Floette-Eternal||Floettite|FlowerVeil|Moonblast,DrainingKiss,Protect,CalmMind|Timid||F|||50|]Ceruledge||ExpertBelt|FlashFire|BitterBlade,BulkUp,ShadowSneak,Protect|Adamant||M|||50|]Whimsicott||FocusSash|Prankster|Moonblast,Taunt,Protect,Tailwind|Timid||F|||50|
|
|t:|1785259305
|teamsize|p1|4
|teamsize|p2|4
|start
|switch|p1a: Whimsicott|Whimsicott, L50, M|100/100
|switch|p1b: Basculegion|Basculegion, L50, M|100/100
|switch|p2a: Floette|Floette-Eternal, L50, F|100/100
|switch|p2b: Ceruledge|Ceruledge, L50, M|100/100
|turn|1
|
|t:|1785259358
|detailschange|p2a: Floette|Floette-Mega, L50, F
|-mega|p2a: Floette|Floette|Floettite
|-ability|p2a: Floette|Fairy Aura
|move|p1a: Whimsicott|Tailwind|p1a: Whimsicott
|-sidestart|p1: Eggy’sDad|move: Tailwind
|move|p1b: Basculegion|Wave Crash|p2b: Ceruledge
|-supereffective|p2b: Ceruledge|1
|-damage|p2b: Ceruledge|0 fnt
|faint|p2b: Ceruledge
|-damage|p1b: Basculegion|74/100|[from] Recoil
|-damage|p1b: Basculegion|64/100|[from] item: Life Orb
|move|p2a: Floette|Moonblast|p1b: Basculegion
|-damage|p1b: Basculegion|0 fnt
|faint|p1b: Basculegion
|
|upkeep
|
|t:|1785259378
|switch|p2b: Milotic|Milotic, L50, M, shiny|100/100
|switch|p1b: Floette|Floette-Eternal, L50, F|100/100
|turn|2
|
|t:|1785259407
|detailschange|p1b: Floette|Floette-Mega, L50, F
|-mega|p1b: Floette|Floette|Floettite
|-ability|p1b: Floette|Fairy Aura
|move|p1a: Whimsicott|Moonblast|p2a: Floette
|-damage|p2a: Floette|65/100
|move|p1b: Floette|Moonblast|p2a: Floette
|-damage|p2a: Floette|15/100
|move|p2a: Floette|Calm Mind|p2a: Floette
|-boost|p2a: Floette|spa|1
|-boost|p2a: Floette|spd|1
|move|p2b: Milotic|Light Screen|p2b: Milotic
|-sidestart|p2: AxolotlChamp|move: Light Screen
|
|upkeep
|turn|3
|
|t:|1785259433
|switch|p2a: Whimsicott|Whimsicott, L50, F|100/100
|move|p1a: Whimsicott|Moonblast|p2b: Milotic
|-crit|p2b: Milotic
|-damage|p2b: Milotic|41/100
|move|p1b: Floette|Dazzling Gleam|p2a: Whimsicott|[spread] p2a,p2b
|-damage|p2a: Whimsicott|54/100
|-damage|p2b: Milotic|16/100
|move|p2b: Milotic|Scald|p1b: Floette
|-damage|p1b: Floette|61/100
|
|upkeep
|turn|4
|
|t:|1785259465
|move|p2a: Whimsicott|Tailwind|p2a: Whimsicott
|-sidestart|p2: AxolotlChamp|move: Tailwind
|move|p1a: Whimsicott|Moonblast|p2b: Milotic
|-damage|p2b: Milotic|0 fnt
|faint|p2b: Milotic
|move|p1b: Floette|Moonblast|p2a: Whimsicott
|-damage|p2a: Whimsicott|0 fnt
|faint|p2a: Whimsicott
|
|-sideend|p1: Eggy’sDad|move: Tailwind
|upkeep
|
|t:|1785259472
|switch|p2b: Floette|Floette-Mega, L50, F|15/100
|-ability|p2b: Floette|Fairy Aura
|turn|5
|
|t:|1785259484
|move|p1a: Whimsicott|Tailwind|p1a: Whimsicott
|-sidestart|p1: Eggy’sDad|move: Tailwind
|move|p1b: Floette|Moonblast|p2b: Floette
|-damage|p2b: Floette|0 fnt
|faint|p2b: Floette
|
|win|Eggy’sDad
