|j|☆BajoJajoVGC
|j|☆Truevillany123
|html|BajoJajoVGCTruevillany123    
|uhtml|bestof|Game 2 of a best-of-3
|t:|1757788540
|gametype|doubles
|player|p1|BajoJajoVGC|266|1110
|player|p2|Truevillany123|102|1172
|gen|9
|tier|[Gen 9] VGC 2025 Reg H (Bo3)
|rated|
|rule|Species Clause: Limit one of each Pokémon
|rule|Item Clause: Limit 1 of each item
|clearpoke
|poke|p1|Kommo-o, L50, F|
|poke|p1|Grimmsnarl, L50, M|
|poke|p1|Rillaboom, L50, F|
|poke|p1|Incineroar, L50, F|
|poke|p1|Pelipper, L50, F|
|poke|p1|Archaludon, L50, F|
|poke|p2|Dragonite, L50, M|
|poke|p2|Ursaluna-Bloodmoon, L50, M|
|poke|p2|Gholdengo, L50|
|poke|p2|Annihilape, L50, M|
|poke|p2|Ninetales-Alola, L50, F|
|poke|p2|Rillaboom, L50, F|
|teampreview|4
|showteam|p1|Kommo-o||Leftovers|Overcoat|Protect,BodyPress,Flamethrower,IronDefense|||F|||50|,,,,,Steel]Grimmsnarl||LightClay|Prankster|FoulPlay,Reflect,LightScreen,ThunderWave|||M|||50|,,,,,Ghost]Rillaboom||LoadedDice|GrassySurge|Protect,BulletSeed,GrassyGlide,FakeOut|||F|||50|,,,,,Grass]Incineroar||SafetyGoggles|Intimidate|PartingShot,FlareBlitz,KnockOff,FakeOut|||F|||50|,,,,,Water]Pelipper||FocusSash|Drizzle|Protect,WeatherBall,Hurricane,Tailwind|||F|||50|,,,,,Ghost]Archaludon||AssaultVest|Stamina|ElectroShot,BodyPress,DracoMeteor,FlashCannon|||F|||50|,,,,,Grass
|showteam|p2|Dragonite||LoadedDice|Multiscale|ScaleShot,Protect,Haze,Tailwind|||M|||50|,,,,,Fairy]Ursaluna-Bloodmoon||LifeOrb|MindsEye|BloodMoon,HyperVoice,EarthPower,Protect|||M|||50|,,,,,Normal]Gholdengo||GrassySeed|GoodasGold|MakeItRain,ShadowBall,Protect,NastyPlot||||||50|,,,,,Water]Annihilape||SafetyGoggles|Defiant|DrainPunch,RageFist,Protect,BulkUp|||M|||50|,,,,,Fire]Ninetales-Alola||FocusSash|SnowWarning|IcyWind,AuroraVeil,Encore,IcicleSpear|||F|||50|,,,,,Ghost]Rillaboom||AssaultVest|GrassySurge|FakeOut,WoodHammer,HighHorsepower,Uturn|||F|||50|,,,,,Fire
|inactive|Battle timer is ON: inactive players will automatically lose when time's up. (requested by BajoJajoVGC)
|
|t:|1757788567
|teamsize|p1|4
|teamsize|p2|4
|start
|switch|p1a: Grimmsnarl|Grimmsnarl, L50, M|100/100
|switch|p1b: Incineroar|Incineroar, L50, F|100/100
|switch|p2a: Rillaboom|Rillaboom, L50, F|100/100
|switch|p2b: Gholdengo|Gholdengo, L50|100/100
|-fieldstart|move: Grassy Terrain|[from] ability: Grassy Surge|[of] p2a: Rillaboom
|-enditem|p2b: Gholdengo|Grassy Seed
|-boost|p2b: Gholdengo|def|1|[from] item: Grassy Seed
|-ability|p1b: Incineroar|Intimidate|boost
|-unboost|p2a: Rillaboom|atk|1
|-unboost|p2b: Gholdengo|atk|1
|turn|1
|inactive|BajoJajoVGC has 30 seconds left.
|
|t:|1757788599
|move|p2a: Rillaboom|Fake Out|p1b: Incineroar
|-damage|p1b: Incineroar|91/100
|move|p1a: Grimmsnarl|Light Screen|p1a: Grimmsnarl
|-sidestart|p1: BajoJajoVGC|move: Light Screen
|move|p2b: Gholdengo|Nasty Plot|p2b: Gholdengo
|-boost|p2b: Gholdengo|spa|2
|cant|p1b: Incineroar|flinch
|
|-heal|p1b: Incineroar|97/100|[from] Grassy Terrain
|upkeep
|turn|2
|
|t:|1757788614
|-terastallize|p2b: Gholdengo|Water
|move|p1a: Grimmsnarl|Reflect|p1a: Grimmsnarl
|-sidestart|p1: BajoJajoVGC|Reflect
|move|p2b: Gholdengo|Nasty Plot|p2b: Gholdengo
|-boost|p2b: Gholdengo|spa|2
|move|p2a: Rillaboom|High Horsepower|p1b: Incineroar
|-supereffective|p1b: Incineroar
|-damage|p1b: Incineroar|64/100
|move|p1b: Incineroar|Flare Blitz|p2b: Gholdengo
|-resisted|p2b: Gholdengo
|-damage|p2b: Gholdengo|79/100
|-damage|p1b: Incineroar|58/100|[from] Recoil
|
|-heal|p2b: Gholdengo|85/100|[from] Grassy Terrain
|-heal|p1b: Incineroar|64/100|[from] Grassy Terrain
|upkeep
|turn|3
|inactive|BajoJajoVGC has 30 seconds left.
|inactive|Truevillany123 has 30 seconds left.
|
|t:|1757788649
|move|p1a: Grimmsnarl|Thunder Wave|p2a: Rillaboom
|-status|p2a: Rillaboom|par
|move|p2b: Gholdengo|Make It Rain|p1b: Incineroar|[spread] p1a,p1b
|-supereffective|p1a: Grimmsnarl
|-resisted|p1b: Incineroar
|-damage|p1a: Grimmsnarl|0 fnt
|-damage|p1b: Incineroar|26/100
|-unboost|p2b: Gholdengo|spa|1
|faint|p1a: Grimmsnarl
|move|p1b: Incineroar|Parting Shot|p2a: Rillaboom
|-unboost|p2a: Rillaboom|atk|1
|-unboost|p2a: Rillaboom|spa|1
|
|t:|1757788666
|switch|p1b: Pelipper|Pelipper, L50, F|100/100|[from] Parting Shot
|-weather|RainDance|[from] ability: Drizzle|[of] p1b: Pelipper
|cant|p2a: Rillaboom|par
|
|-weather|RainDance|[upkeep]
|-heal|p2b: Gholdengo|91/100|[from] Grassy Terrain
|upkeep
|
|t:|1757788683
|switch|p1a: Archaludon|Archaludon, L50, F|100/100
|turn|4
|inactive|Truevillany123 has 30 seconds left.
|
|t:|1757788710
|switch|p1a: Incineroar|Incineroar, L50, F|26/100
|-ability|p1a: Incineroar|Intimidate|boost
|-unboost|p2a: Rillaboom|atk|1
|-unboost|p2b: Gholdengo|atk|1
|switch|p2a: Ninetales|Ninetales-Alola, L50, F|100/100
|-weather|Snowscape|[from] ability: Snow Warning|[of] p2a: Ninetales
|move|p2b: Gholdengo|Shadow Ball|p1a: Incineroar
|-resisted|p1a: Incineroar
|-damage|p1a: Incineroar|0 fnt
|faint|p1a: Incineroar
|move|p1b: Pelipper|Tailwind|p1b: Pelipper
|-sidestart|p1: BajoJajoVGC|move: Tailwind
|
|-weather|Snowscape|[upkeep]
|-heal|p2b: Gholdengo|97/100|[from] Grassy Terrain
|upkeep
|
|t:|1757788721
|switch|p1a: Archaludon|Archaludon, L50, F|100/100
|turn|5
|
|t:|1757788737
|move|p2b: Gholdengo|Protect|p2b: Gholdengo
|-singleturn|p2b: Gholdengo|Protect
|move|p1a: Archaludon|Electro Shot||[still]
|-prepare|p1a: Archaludon|Electro Shot
|-boost|p1a: Archaludon|spa|1
|move|p1b: Pelipper|Hurricane|p2b: Gholdengo
|-activate|p2b: Gholdengo|move: Protect
|move|p2a: Ninetales|Aurora Veil|p2a: Ninetales
|-sidestart|p2: Truevillany123|move: Aurora Veil
|
|-weather|Snowscape|[upkeep]
|-heal|p2b: Gholdengo|100/100|[from] Grassy Terrain
|-fieldend|move: Grassy Terrain
|upkeep
|turn|6
|
|t:|1757788754
|switch|p2b: Rillaboom|Rillaboom, L50, F|100/100 par
|-fieldstart|move: Grassy Terrain|[from] ability: Grassy Surge|[of] p2b: Rillaboom
|move|p1a: Archaludon|Electro Shot|p2b: Rillaboom|[from] lockedmove
|-resisted|p2b: Rillaboom
|-damage|p2b: Rillaboom|81/100 par
|move|p1b: Pelipper|Hurricane|p2b: Rillaboom|[miss]
|-miss|p1b: Pelipper|p2b: Rillaboom
|move|p2a: Ninetales|Encore|p1a: Archaludon
|-start|p1a: Archaludon|Encore
|
|-weather|Snowscape|[upkeep]
|-heal|p2b: Rillaboom|87/100 par|[from] Grassy Terrain
|upkeep
|turn|7
|
|t:|1757788776
|-terastallize|p1b: Pelipper|Ghost
|move|p1a: Archaludon|Electro Shot||[still]
|-prepare|p1a: Archaludon|Electro Shot
|-boost|p1a: Archaludon|spa|1
|move|p1b: Pelipper|Weather Ball|p2b: Rillaboom
|-supereffective|p2b: Rillaboom
|-damage|p2b: Rillaboom|54/100 par
|move|p2a: Ninetales|Icy Wind|p1b: Pelipper|[spread] p1a,p1b
|-damage|p1a: Archaludon|92/100
|-damage|p1b: Pelipper|83/100
|-unboost|p1a: Archaludon|spe|1
|-unboost|p1b: Pelipper|spe|1
|-ability|p1a: Archaludon|Stamina|boost
|-boost|p1a: Archaludon|def|1
|move|p2b: Rillaboom|U-turn|p1b: Pelipper
|-resisted|p1b: Pelipper
|-damage|p1b: Pelipper|72/100
|
|t:|1757788793
|switch|p2b: Annihilape|Annihilape, L50, M|100/100|[from] U-turn
|
|-weather|Snowscape|[upkeep]
|-heal|p1a: Archaludon|98/100|[from] Grassy Terrain
|-heal|p1b: Pelipper|78/100|[from] Grassy Terrain
|-sideend|p1: BajoJajoVGC|move: Tailwind
|upkeep
|turn|8
|
|t:|1757788806
|move|p2b: Annihilape|Protect|p2b: Annihilape
|-singleturn|p2b: Annihilape|Protect
|move|p2a: Ninetales|Icy Wind|p1a: Archaludon|[spread] p1a
|-miss|p2a: Ninetales|p1b: Pelipper
|-damage|p1a: Archaludon|90/100
|-unboost|p1a: Archaludon|spe|1
|-ability|p1a: Archaludon|Stamina|boost
|-boost|p1a: Archaludon|def|1
|move|p1b: Pelipper|Hurricane|p2a: Ninetales
|-damage|p2a: Ninetales|59/100
|-start|p2a: Ninetales|confusion
|move|p1a: Archaludon|Electro Shot|p2a: Ninetales|[from] lockedmove
|-damage|p2a: Ninetales|0 fnt
|faint|p2a: Ninetales
|
|-weather|none
|-heal|p1b: Pelipper|84/100|[from] Grassy Terrain
|-heal|p1a: Archaludon|96/100|[from] Grassy Terrain
|-sideend|p1: BajoJajoVGC|move: Light Screen
|upkeep
|
|t:|1757788827
|switch|p2a: Gholdengo|Gholdengo, L50, tera:Water|100/100
|turn|9
|
|t:|1757788846
|move|p2b: Annihilape|Bulk Up|p2b: Annihilape
|-boost|p2b: Annihilape|atk|1
|-boost|p2b: Annihilape|def|1
|move|p2a: Gholdengo|Nasty Plot|p2a: Gholdengo
|-boost|p2a: Gholdengo|spa|2
|move|p1b: Pelipper|Tailwind|p1b: Pelipper
|-sidestart|p1: BajoJajoVGC|move: Tailwind
|move|p1a: Archaludon|Electro Shot||[still]
|-prepare|p1a: Archaludon|Electro Shot
|-boost|p1a: Archaludon|spa|1
|
|-heal|p1b: Pelipper|89/100|[from] Grassy Terrain
|-heal|p1a: Archaludon|100/100|[from] Grassy Terrain
|-end|p1a: Archaludon|Encore
|-sideend|p1: BajoJajoVGC|Reflect
|-sideend|p2: Truevillany123|move: Aurora Veil
|upkeep
|turn|10
|
|t:|1757788859
|move|p2a: Gholdengo|Protect|p2a: Gholdengo
|-singleturn|p2a: Gholdengo|Protect
|move|p1b: Pelipper|Hurricane|p2b: Annihilape|[miss]
|-miss|p1b: Pelipper|p2b: Annihilape
|move|p2b: Annihilape|Rage Fist|p1b: Pelipper
|-supereffective|p1b: Pelipper
|-damage|p1b: Pelipper|10/100
|move|p1a: Archaludon|Electro Shot|p2a: Gholdengo|[from] lockedmove
|-activate|p2a: Gholdengo|move: Protect
|
|-heal|p1b: Pelipper|16/100|[from] Grassy Terrain
|-fieldend|move: Grassy Terrain
|upkeep
|turn|11
|
|t:|1757788879
|move|p2b: Annihilape|Protect|p2b: Annihilape
|-singleturn|p2b: Annihilape|Protect
|move|p1b: Pelipper|Hurricane|p2a: Gholdengo
|-damage|p2a: Gholdengo|37/100
|-start|p2a: Gholdengo|confusion
|-activate|p2a: Gholdengo|confusion
|-damage|p2a: Gholdengo|32/100|[from] confusion
|move|p1a: Archaludon|Draco Meteor|p2a: Gholdengo|[miss]
|-miss|p1a: Archaludon|p2a: Gholdengo
|
|upkeep
|turn|12
|inactive|Truevillany123 has 30 seconds left.
|inactive|BajoJajoVGC has 30 seconds left.
|
|t:|1757788917
|move|p1b: Pelipper|Hurricane|p2a: Gholdengo
|-damage|p2a: Gholdengo|0 fnt
|faint|p2a: Gholdengo
|move|p2b: Annihilape|Rage Fist|p1b: Pelipper
|-supereffective|p1b: Pelipper
|-damage|p1b: Pelipper|0 fnt
|faint|p1b: Pelipper
|move|p1a: Archaludon|Electro Shot||[still]
|-prepare|p1a: Archaludon|Electro Shot
|-boost|p1a: Archaludon|spa|1
|
|-sideend|p1: BajoJajoVGC|move: Tailwind
|upkeep
|
|t:|1757788925
|switch|p2a: Rillaboom|Rillaboom, L50, F|54/100 par
|-fieldstart|move: Grassy Terrain|[from] ability: Grassy Surge|[of] p2a: Rillaboom
|turn|13
|
|t:|1757788938
|move|p2a: Rillaboom|Fake Out|p1a: Archaludon
|-resisted|p1a: Archaludon
|-damage|p1a: Archaludon|98/100
|-ability|p1a: Archaludon|Stamina|boost
|-boost|p1a: Archaludon|def|1
|move|p2b: Annihilape|Bulk Up|p2b: Annihilape
|-boost|p2b: Annihilape|atk|1
|-boost|p2b: Annihilape|def|1
|cant|p1a: Archaludon|flinch
|
|-heal|p2a: Rillaboom|60/100 par|[from] Grassy Terrain
|-heal|p1a: Archaludon|100/100|[from] Grassy Terrain
|upkeep
|turn|14
|
|t:|1757788950
|move|p2b: Annihilape|Drain Punch|p1a: Archaludon
|-supereffective|p1a: Archaludon
|-damage|p1a: Archaludon|66/100
|-ability|p1a: Archaludon|Stamina|boost
|-boost|p1a: Archaludon|def|1
|cant|p2a: Rillaboom|par
|move|p1a: Archaludon|Draco Meteor|p2b: Annihilape
|-damage|p2b: Annihilape|0 fnt
|-unboost|p1a: Archaludon|spa|2
|faint|p2b: Annihilape
|
|-heal|p2a: Rillaboom|67/100 par|[from] Grassy Terrain
|-heal|p1a: Archaludon|72/100|[from] Grassy Terrain
|upkeep
|turn|15
|
|t:|1757788963
|move|p2a: Rillaboom|High Horsepower|p1a: Archaludon
|-supereffective|p1a: Archaludon
|-damage|p1a: Archaludon|53/100
|-ability|p1a: Archaludon|Stamina|boost
|-boost|p1a: Archaludon|def|1
|move|p1a: Archaludon|Draco Meteor|p2a: Rillaboom
|-damage|p2a: Rillaboom|0 fnt
|-unboost|p1a: Archaludon|spa|2
|faint|p2a: Rillaboom
|
|win|BajoJajoVGC
