|j|☆TsukiiVGC
|j|☆AxolatiletheSecond
|html|TsukiiVGCAxolatiletheSecond    
|uhtml|bestof|Game 2 of a best-of-3
|t:|1756943315
|gametype|doubles
|player|p1|TsukiiVGC|riley|1150
|player|p2|AxolatiletheSecond|iris|1053
|gen|9
|tier|[Gen 9] VGC 2025 Reg H (Bo3)
|rated|
|rule|Species Clause: Limit one of each Pokémon
|rule|Item Clause: Limit 1 of each item
|clearpoke
|poke|p1|Porygon2, L50|
|poke|p1|Incineroar, L50, M|
|poke|p1|Amoonguss, L50, M|
|poke|p1|Ursaluna, L50, F|
|poke|p1|Pelipper, L50, M|
|poke|p1|Archaludon, L50, M|
|poke|p2|Ceruledge, L50, M|
|poke|p2|Whimsicott, L50, F|
|poke|p2|Farigiraf, L50, M|
|poke|p2|Sneasler, L50, F|
|poke|p2|Ursaluna-Bloodmoon, L50, M|
|poke|p2|Baxcalibur, L50, M|
|teampreview|4
|showteam|p1|Porygon2||Eviolite|Download|TeraBlast,IceBeam,Recover,TrickRoom||||||50|,,,,,Fairy]Incineroar||SafetyGoggles|Intimidate|FakeOut,PartingShot,KnockOff,FlareBlitz|||M|||50|,,,,,Ghost]Amoonguss||SitrusBerry|Regenerator|PollenPuff,Spore,RagePowder,Protect|||M|||50|,,,,,Dark]Ursaluna||FlameOrb|Guts|Facade,HeadlongRush,Substitute,Protect|||F|||50|,,,,,Fairy]Pelipper||RockyHelmet|Drizzle|Hurricane,WeatherBall,WideGuard,Protect|||M|||50|,,,,,Ghost]Archaludon||AssaultVest|Stamina|ElectroShot,DracoMeteor,FlashCannon,BodyPress|||M|||50|,,,,,Grass
|showteam|p2|Ceruledge||LifeOrb|FlashFire|CloseCombat,Poltergeist,FlareBlitz,Protect|||M|||50|,,,,,Fighting]Whimsicott||FocusSash|Prankster|Moonblast,Tailwind,Encore,GrassKnot|||F|||50|,,,,,Ghost]Farigiraf||ThroatSpray|CudChew|HyperVoice,TwinBeam,TrickRoom,Imprison|||M|||50|,,,,,Fairy]Sneasler||WhiteHerb|Unburden|CloseCombat,Protect,GunkShot,Taunt|||F|||50|,,,,,Grass]Ursaluna-Bloodmoon||ChoiceSpecs|MindsEye|HyperVoice,EarthPower,VacuumWave,Moonblast|||M|||50|,,,,,Ghost]Baxcalibur||LoadedDice|ThermalExchange|IcicleSpear,ScaleShot,Protect,IceShard|||M|||50|,,,,,Ghost
|
|t:|1756943331
|teamsize|p1|4
|teamsize|p2|4
|start
|switch|p1a: Pelipper|Pelipper, L50, M|100/100
|switch|p1b: Archaludon|Archaludon, L50, M|100/100
|switch|p2a: Ursaluna|Ursaluna-Bloodmoon, L50, M|100/100
|switch|p2b: Sneasler|Sneasler, L50, F|100/100
|-weather|RainDance|[from] ability: Drizzle|[of] p1a: Pelipper
|turn|1
|
|t:|1756943364
|-terastallize|p1a: Pelipper|Ghost
|move|p2b: Sneasler|Gunk Shot|p1a: Pelipper
|-resisted|p1a: Pelipper
|-damage|p1a: Pelipper|69/100
|move|p1b: Archaludon|Electro Shot||[still]
|-prepare|p1b: Archaludon|Electro Shot
|-boost|p1b: Archaludon|spa|1
|-anim|p1b: Archaludon|Electro Shot|p2b: Sneasler
|-damage|p2b: Sneasler|26/100
|move|p1a: Pelipper|Weather Ball|p2a: Ursaluna
|-supereffective|p2a: Ursaluna
|-damage|p2a: Ursaluna|0 fnt
|faint|p2a: Ursaluna
|
|-weather|RainDance|[upkeep]
|upkeep
|
|t:|1756943383
|switch|p2a: Ceruledge|Ceruledge, L50, M|100/100
|turn|2
|
|t:|1756943442
|switch|p1a: Incineroar|Incineroar, L50, M|100/100
|-ability|p1a: Incineroar|Intimidate|boost
|-unboost|p2a: Ceruledge|atk|1
|-unboost|p2b: Sneasler|atk|1
|-enditem|p2b: Sneasler|White Herb
|-clearnegativeboost|p2b: Sneasler|[silent]
|move|p2b: Sneasler|Close Combat|p1b: Archaludon
|-supereffective|p1b: Archaludon
|-damage|p1b: Archaludon|11/100
|-unboost|p2b: Sneasler|def|1
|-unboost|p2b: Sneasler|spd|1
|-ability|p1b: Archaludon|Stamina|boost
|-boost|p1b: Archaludon|def|1
|move|p2a: Ceruledge|Poltergeist|p1a: Incineroar|[miss]
|-miss|p2a: Ceruledge|p1a: Incineroar
|move|p1b: Archaludon|Electro Shot||[still]
|-prepare|p1b: Archaludon|Electro Shot
|-boost|p1b: Archaludon|spa|1
|-anim|p1b: Archaludon|Electro Shot|p2b: Sneasler
|-damage|p2b: Sneasler|0 fnt
|faint|p2b: Sneasler
|
|-weather|RainDance|[upkeep]
|upkeep
|
|t:|1756943451
|switch|p2b: Whimsicott|Whimsicott, L50, F|100/100
|turn|3
|
|t:|1756943481
|-terastallize|p2a: Ceruledge|Fighting
|move|p2b: Whimsicott|Moonblast|p1b: Archaludon
|-damage|p1b: Archaludon|0 fnt
|faint|p1b: Archaludon
|move|p2a: Ceruledge|Close Combat|p1a: Incineroar
|-supereffective|p1a: Incineroar
|-damage|p1a: Incineroar|3/100
|-unboost|p2a: Ceruledge|def|1
|-unboost|p2a: Ceruledge|spd|1
|-damage|p2a: Ceruledge|91/100|[from] item: Life Orb
|move|p1a: Incineroar|Knock Off|p2a: Ceruledge
|-resisted|p2a: Ceruledge
|-damage|p2a: Ceruledge|52/100
|-enditem|p2a: Ceruledge|Life Orb|[from] move: Knock Off|[of] p1a: Incineroar
|
|-weather|RainDance|[upkeep]
|upkeep
|
|t:|1756943489
|switch|p1b: Pelipper|Pelipper, L50, M, tera:Ghost|69/100
|turn|4
|
|t:|1756943509
|switch|p1a: Amoonguss|Amoonguss, L50, M|100/100
|move|p2b: Whimsicott|Moonblast|p1a: Amoonguss
|-resisted|p1a: Amoonguss
|-damage|p1a: Amoonguss|85/100
|move|p2a: Ceruledge|Poltergeist|p1b: Pelipper|[miss]
|-miss|p2a: Ceruledge|p1b: Pelipper
|move|p1b: Pelipper|Hurricane|p2a: Ceruledge
|-supereffective|p2a: Ceruledge
|-damage|p2a: Ceruledge|0 fnt
|faint|p2a: Ceruledge
|
|-weather|RainDance|[upkeep]
|upkeep
|turn|5
|-message|AxolatiletheSecond forfeited.
|
|win|TsukiiVGC
|raw|TsukiiVGC's rating: 1150 → 1168(+18 for winning)
|raw|AxolatiletheSecond's rating: 1053 → 1040(-13 for losing)
|l|☆AxolatiletheSecond
|player|p2|
|l|☆TsukiiVGC
|player|p1|
|j|☆TsukiiVGC
|player|p1|TsukiiVGC|riley|
