|j|☆YouMeteorMyBeam
|j|☆BlueLockVI
|html|YouMeteorMyBeamBlueLockVI    
|uhtml|bestof|Game 3 of a best-of-3
|t:|1754497615
|gametype|doubles
|player|p1|YouMeteorMyBeam|harmony|1267
|player|p2|BlueLockVI|alder|1143
|gen|9
|tier|[Gen 9] VGC 2025 Reg H (Bo3)
|rated|
|rule|Species Clause: Limit one of each Pokémon
|rule|Item Clause: Limit 1 of each item
|clearpoke
|poke|p1|Incineroar, L50, M|
|poke|p1|Amoonguss, L50, F|
|poke|p1|Annihilape, L50, F|
|poke|p1|Ninetales-Alola, L50, F|
|poke|p1|Rillaboom, L50, M|
|poke|p1|Glimmora, L50, M|
|poke|p2|Tyranitar, L50, F|
|poke|p2|Kommo-o, L50, F|
|poke|p2|Rillaboom, L50, M|
|poke|p2|Volcarona, L50, M|
|poke|p2|Whimsicott, L50, F|
|poke|p2|Clefable, L50, F|
|teampreview|4
|showteam|p1|Incineroar||AssaultVest|Intimidate|FakeOut,KnockOff,FlareBlitz,Uturn|||M|||50|,,,,,Ghost]Amoonguss||RockyHelmet|Regenerator|PollenPuff,ClearSmog,RagePowder,Spore|||F|||50|,,,,,Fairy]Annihilape||Leftovers|Defiant|RageFist,DrainPunch,BulkUp,Protect|||F|||50|,,,,,Fire]Ninetales-Alola||CovertCloak|SnowWarning|Blizzard,Encore,Moonblast,AuroraVeil|||F|||50|,,,,,Fire]Rillaboom||MiracleSeed|GrassySurge|Uturn,WoodHammer,GrassyGlide,FakeOut|||M|||50|,,,,,Fire]Glimmora||PowerHerb|ToxicDebris|MeteorBeam,EarthPower,SludgeBomb,SpikyShield|||M|||50|,,,,,Grass
|showteam|p2|Tyranitar||AssaultVest|SandStream|KnockOff,RockSlide,LowKick,TeraBlast|||F|||50|,,,,,Flying]Kommo-o||ChoiceSpecs|Overcoat|DracoMeteor,ClangingScales,Flamethrower,AuraSphere|||F|||50|,,,,,Fire]Rillaboom||MiracleSeed|GrassySurge|FakeOut,Protect,GrassyGlide,WoodHammer|||M|||50|,,,,,Grass]Volcarona||Leftovers|FlameBody|Flamethrower,BugBuzz,QuiverDance,Protect|||M|||50|,,,,,Dragon]Whimsicott||CovertCloak|Prankster|Tailwind,Moonblast,Encore,FakeTears|||F|||50|,,,,,Fire]Clefable||SitrusBerry|Unaware|Protect,FollowMe,LifeDew,Moonblast|||F|||50|,,,,,Water
|inactive|Battle timer is ON: inactive players will automatically lose when time's up. (requested by YouMeteorMyBeam)
|inactive|BlueLockVI also wants the timer to be on.
|
|t:|1754497642
|teamsize|p1|4
|teamsize|p2|4
|start
|switch|p1a: Glimmora|Glimmora, L50, M|100/100
|switch|p1b: Incineroar|Incineroar, L50, M, shiny|100/100
|switch|p2a: Kommo-o|Kommo-o, L50, F|100/100
|switch|p2b: Whimsicott|Whimsicott, L50, F|100/100
|-ability|p1b: Incineroar|Intimidate|boost
|-unboost|p2a: Kommo-o|atk|1
|-unboost|p2b: Whimsicott|atk|1
|turn|1
|
|t:|1754497664
|switch|p2b: Tyranitar|Tyranitar, L50, F|100/100
|-weather|Sandstorm|[from] ability: Sand Stream|[of] p2b: Tyranitar
|move|p1a: Glimmora|Spiky Shield|p1a: Glimmora
|-singleturn|p1a: Glimmora|move: Protect
|move|p2a: Kommo-o|Clanging Scales|p1a: Glimmora|[spread] p1b
|-activate|p1a: Glimmora|move: Protect
|-damage|p1b: Incineroar|65/100
|-unboost|p2a: Kommo-o|def|1
|move|p1b: Incineroar|Flare Blitz|p2b: Tyranitar
|-resisted|p2b: Tyranitar
|-damage|p2b: Tyranitar|81/100
|-damage|p1b: Incineroar|58/100|[from] Recoil
|
|-weather|Sandstorm|[upkeep]
|-damage|p1b: Incineroar|52/100|[from] Sandstorm
|upkeep
|turn|2
|
|t:|1754497681
|switch|p2b: Clefable|Clefable, L50, F|100/100
|switch|p1b: Ninetales|Ninetales-Alola, L50, F|100/100
|-weather|Snowscape|[from] ability: Snow Warning|[of] p1b: Ninetales
|move|p1a: Glimmora|Meteor Beam||[still]
|-prepare|p1a: Glimmora|Meteor Beam
|-boost|p1a: Glimmora|spa|1
|-enditem|p1a: Glimmora|Power Herb
|-anim|p1a: Glimmora|Meteor Beam|p2a: Kommo-o
|-resisted|p2a: Kommo-o
|-damage|p2a: Kommo-o|49/100
|move|p2a: Kommo-o|Clanging Scales|p1a: Glimmora|[spread] p1a
|-immune|p1b: Ninetales
|-crit|p1a: Glimmora
|-damage|p1a: Glimmora|0 fnt
|faint|p1a: Glimmora
|-unboost|p2a: Kommo-o|def|1
|
|-weather|Snowscape|[upkeep]
|upkeep
|
|t:|1754497697
|switch|p1a: Rillaboom|Rillaboom, L50, M, shiny|100/100
|-fieldstart|move: Grassy Terrain|[from] ability: Grassy Surge|[of] p1a: Rillaboom
|turn|3
|
|t:|1754497702
|switch|p2a: Whimsicott|Whimsicott, L50, F|100/100
|move|p1b: Ninetales|Blizzard|p2b: Clefable|[spread] p2a,p2b
|-supereffective|p2a: Whimsicott
|-damage|p2a: Whimsicott|22/100
|-damage|p2b: Clefable|72/100
|move|p1a: Rillaboom|Wood Hammer|p2b: Clefable
|-damage|p2b: Clefable|0 fnt
|faint|p2b: Clefable
|-damage|p1a: Rillaboom|77/100|[from] Recoil
|
|-weather|Snowscape|[upkeep]
|-heal|p2a: Whimsicott|28/100|[from] Grassy Terrain
|-heal|p1a: Rillaboom|83/100|[from] Grassy Terrain
|upkeep
|
|t:|1754497711
|switch|p2b: Tyranitar|Tyranitar, L50, F|81/100
|-weather|Sandstorm|[from] ability: Sand Stream|[of] p2b: Tyranitar
|turn|4
|
|t:|1754497734
|switch|p1a: Incineroar|Incineroar, L50, M, shiny|52/100
|-ability|p1a: Incineroar|Intimidate|boost
|-unboost|p2a: Whimsicott|atk|1
|-unboost|p2b: Tyranitar|atk|1
|move|p2a: Whimsicott|Tailwind|p2a: Whimsicott
|-sidestart|p2: BlueLockVI|move: Tailwind
|move|p2b: Tyranitar|Rock Slide|p1b: Ninetales|[spread] p1a,p1b
|-supereffective|p1a: Incineroar
|-supereffective|p1b: Ninetales
|-damage|p1a: Incineroar|21/100
|-damage|p1b: Ninetales|39/100
|move|p1b: Ninetales|Blizzard|p2a: Whimsicott|[spread] p2a,p2b
|-supereffective|p2a: Whimsicott
|-damage|p2a: Whimsicott|0 fnt
|-damage|p2b: Tyranitar|70/100
|faint|p2a: Whimsicott
|
|-weather|Sandstorm|[upkeep]
|-damage|p1b: Ninetales|33/100|[from] Sandstorm
|-damage|p1a: Incineroar|15/100|[from] Sandstorm
|-heal|p2b: Tyranitar|75/100|[from] Grassy Terrain
|-heal|p1b: Ninetales|39/100|[from] Grassy Terrain
|-heal|p1a: Incineroar|21/100|[from] Grassy Terrain
|upkeep
|
|t:|1754497744
|switch|p2a: Kommo-o|Kommo-o, L50, F|49/100
|turn|5
|
|t:|1754497769
|switch|p1b: Rillaboom|Rillaboom, L50, M, shiny|83/100
|-terastallize|p2a: Kommo-o|Fire
|move|p1a: Incineroar|Fake Out|p2a: Kommo-o
|-damage|p2a: Kommo-o|38/100
|cant|p2a: Kommo-o|flinch
|move|p2b: Tyranitar|Rock Slide|p1b: Rillaboom|[spread] p1a,p1b
|-supereffective|p1a: Incineroar
|-damage|p1a: Incineroar|0 fnt
|-damage|p1b: Rillaboom|64/100
|faint|p1a: Incineroar
|
|-weather|Sandstorm|[upkeep]
|-damage|p1b: Rillaboom|58/100|[from] Sandstorm
|-heal|p2a: Kommo-o|44/100|[from] Grassy Terrain
|-heal|p2b: Tyranitar|81/100|[from] Grassy Terrain
|-heal|p1b: Rillaboom|64/100|[from] Grassy Terrain
|upkeep
|
|t:|1754497779
|switch|p1a: Ninetales|Ninetales-Alola, L50, F|39/100
|-weather|Snowscape|[from] ability: Snow Warning|[of] p1a: Ninetales
|turn|6
|inactive|YouMeteorMyBeam has 30 seconds left.
|inactive|YouMeteorMyBeam has 20 seconds left.
|
|t:|1754497816
|-terastallize|p1a: Ninetales|Fire
|move|p1b: Rillaboom|Fake Out|p2b: Tyranitar
|-resisted|p2b: Tyranitar
|-damage|p2b: Tyranitar|76/100
|move|p2a: Kommo-o|Flamethrower|p1b: Rillaboom
|-supereffective|p1b: Rillaboom
|-damage|p1b: Rillaboom|0 fnt
|faint|p1b: Rillaboom
|cant|p2b: Tyranitar|flinch
|move|p1a: Ninetales|Moonblast|p2b: Tyranitar
|-supereffective|p2b: Tyranitar
|-damage|p2b: Tyranitar|35/100
|
|-weather|Snowscape|[upkeep]
|-heal|p2a: Kommo-o|50/100|[from] Grassy Terrain
|-heal|p2b: Tyranitar|41/100|[from] Grassy Terrain
|-heal|p1a: Ninetales|45/100|[from] Grassy Terrain
|upkeep
|turn|7
|
|t:|1754497835
|move|p2a: Kommo-o|Flamethrower|p1a: Ninetales
|-resisted|p1a: Ninetales
|-damage|p1a: Ninetales|6/100
|move|p2b: Tyranitar|Knock Off|p1a: Ninetales
|-damage|p1a: Ninetales|0 fnt
|-enditem|p1a: Ninetales|Covert Cloak|[from] move: Knock Off|[of] p2b: Tyranitar
|faint|p1a: Ninetales
|
|win|BlueLockVI
|raw|YouMeteorMyBeam's rating: 1267 → 1233(-34 for losing)
|raw|BlueLockVI's rating: 1143 → 1177(+34 for winning)
|l|☆YouMeteorMyBeam
|player|p1|
