|j|☆Morgan's Soul
|j|☆F63
|html|Morgan's SoulF63    
|uhtml|bestof|Game 1 of a best-of-3
|t:|1784407790
|gametype|doubles
|player|p1|Morgan's Soul|blue|
|player|p2|F63|miku-ghost|
|gen|9
|tier|[Gen 9 Champions] VGC 2026 Reg M-B (Bo3)
|rule|Species Clause: Limit one of each Pokémon
|rule|Item Clause: Limit 1 of each item
|clearpoke
|poke|p1|Farigiraf, L50, M|
|poke|p1|Sylveon, L50, F|
|poke|p1|Tyranitar, L50, M|
|poke|p1|Aerodactyl, L50, M|
|poke|p1|Delphox, L50, M|
|poke|p1|Swampert, L50, M|
|poke|p2|Sinistcha, L50|
|poke|p2|Skeledirge, L50, M|
|poke|p2|Sableye, L50, F|
|poke|p2|Lopunny, L50, F, shiny|
|poke|p2|Metagross, L50|
|poke|p2|Archaludon, L50, M|
|teampreview|4
|showteam|p1|Farigiraf||ColburBerry|ArmorTail|TrickRoom,HyperVoice,HelpingHand,DazzlingGleam|Relaxed||M|||50|]Sylveon||FairyFeather|Pixilate|HyperVoice,CalmMind,Protect,ShadowBall|Quiet||F|||50|]Tyranitar||ExpertBelt|SandStream|KnockOff,RockSlide,DragonDance,Protect|Adamant||M|||50|]Aerodactyl||Aerodactylite|RockHead|DualWingbeat,RockSlide,Tailwind,Protect|Adamant||M|||50|]Delphox||Delphoxite|Blaze|HeatWave,Psychic,ShadowBall,Protect|Calm||M|||50|]Swampert||ChoiceScarf|Torrent|Earthquake,FlipTurn,WaveCrash,Protect|Adamant||M|||50|
|showteam|p2|Sinistcha||OccaBerry|Hospitality|MatchaGotcha,RagePowder,LifeDew,TrickRoom|Bold|||||50|]Skeledirge||SitrusBerry|Unaware|TorchSong,ShadowBall,Roar,Protect|Calm||M|||50|]Sableye||FocusSash|Prankster|FakeOut,Quash,LightScreen,RainDance|Calm||F|||50|]Lopunny||Lopunnite|CuteCharm|FakeOut,HighJumpKick,AfterYou,Protect|Jolly||F|||50|]Metagross||Metagrossite|ClearBody|PsychicFangs,IronHead,RockSlide,Protect|Jolly|||||50|]Archaludon||Leftovers|Stamina|ElectroShot,FlashCannon,AuraSphere,Protect|Modest||M|||50|
|j| ItzZinnia
|j| Khyrsos
|
|t:|1784407949
|teamsize|p1|4
|teamsize|p2|4
|start
|switch|p1a: the binding chain.|Farigiraf, L50, M|100/100
|switch|p1b: Chud McCallister|Delphox, L50, M|100/100
|switch|p2a: Peter|Skeledirge, L50, M|100/100
|switch|p2b: Sydney Sweeney|Lopunny, L50, F, shiny|100/100
|turn|1
|
|t:|1784408016
|detailschange|p2b: Sydney Sweeney|Lopunny-Mega, L50, F, shiny
|-mega|p2b: Sydney Sweeney|Lopunny|Lopunnite
|detailschange|p1b: Chud McCallister|Delphox-Mega, L50, M
|-mega|p1b: Chud McCallister|Delphox|Delphoxite
|move|p1a: the binding chain.|Helping Hand|p1b: Chud McCallister
|-singleturn|p1b: Chud McCallister|Helping Hand|[of] p1a: the binding chain.
|move|p2b: Sydney Sweeney|After You|p2a: Peter
|-activate|p2a: Peter|move: After You
|move|p2a: Peter|Roar|p1a: the binding chain.
|drag|p1a: That one guy|Swampert, L50, M|100/100
|move|p1b: Chud McCallister|Shadow Ball|p2a: Peter
|-supereffective|p2a: Peter|1
|-damage|p2a: Peter|19/100
|-enditem|p2a: Peter|Sitrus Berry|[eat]
|-heal|p2a: Peter|44/100|[from] item: Sitrus Berry
|
|upkeep
|turn|2
|
|t:|1784408108
|switch|p2a: Just a little guy|Sableye, L50, F|100/100
|move|p2b: Sydney Sweeney|Protect|p2b: Sydney Sweeney
|-singleturn|p2b: Sydney Sweeney|Protect
|move|p1a: That one guy|Earthquake|p2b: Sydney Sweeney|[spread] p2a
|-activate|p2b: Sydney Sweeney|move: Protect
|-immune|p1b: Chud McCallister|[from] ability: Levitate
|-damage|p2a: Just a little guy|48/100
|move|p1b: Chud McCallister|Psychic|p2b: Sydney Sweeney
|-activate|p2b: Sydney Sweeney|move: Protect
|
|upkeep
|turn|3
|
|t:|1784408171
|switch|p1b: the binding chain.|Farigiraf, L50, M|100/100
|move|p2a: Just a little guy|Light Screen|p2a: Just a little guy
|-sidestart|p2: F63|move: Light Screen
|move|p2b: Sydney Sweeney|High Jump Kick|p1a: That one guy
|-damage|p1a: That one guy|18/100
|move|p1a: That one guy|Earthquake|p2b: Sydney Sweeney|[spread] p1b,p2a,p2b
|-damage|p1b: the binding chain.|70/100
|-damage|p2a: Just a little guy|0 fnt
|-damage|p2b: Sydney Sweeney|52/100
|faint|p2a: Just a little guy
|
|upkeep
|
|t:|1784408182
|switch|p2a: Peter|Skeledirge, L50, M|44/100
|turn|4
|
|t:|1784408221
|move|p2b: Sydney Sweeney|High Jump Kick|p1b: the binding chain.
|-damage|p1b: the binding chain.|12/100
|move|p1a: That one guy|Earthquake|p2b: Sydney Sweeney|[spread] p1b,p2a,p2b
|-supereffective|p2a: Peter|1
|-damage|p1b: the binding chain.|0 fnt
|-damage|p2a: Peter|0 fnt
|-damage|p2b: Sydney Sweeney|0 fnt
|faint|p1b: the binding chain.
|faint|p2a: Peter
|faint|p2b: Sydney Sweeney
|
|upkeep
|
|t:|1784408232
|switch|p2b: Ponte 25 de abril|Archaludon, L50, M|100/100
|switch|p1b: Chud McCallister|Delphox-Mega, L50, M|100/100
|turn|5
|
|t:|1784408264
|move|p2b: Ponte 25 de abril|Protect|p2b: Ponte 25 de abril
|-singleturn|p2b: Ponte 25 de abril|Protect
|move|p1a: That one guy|Earthquake|p2b: Ponte 25 de abril|[spread] 
|-activate|p2b: Ponte 25 de abril|move: Protect
|-immune|p1b: Chud McCallister|[from] ability: Levitate
|move|p1b: Chud McCallister|Heat Wave|p2b: Ponte 25 de abril
|-activate|p2b: Ponte 25 de abril|move: Protect
|
|upkeep
|turn|6
|
|t:|1784408295
|move|p1a: That one guy|Earthquake|p2b: Ponte 25 de abril|[spread] p2b
|-immune|p1b: Chud McCallister|[from] ability: Levitate
|-supereffective|p2b: Ponte 25 de abril|1
|-damage|p2b: Ponte 25 de abril|47/100
|-ability|p2b: Ponte 25 de abril|Stamina|boost
|-boost|p2b: Ponte 25 de abril|def|1
|move|p1b: Chud McCallister|Heat Wave|p2b: Ponte 25 de abril|[miss]
|-miss|p1b: Chud McCallister|p2b: Ponte 25 de abril
|move|p2b: Ponte 25 de abril|Flash Cannon|p1a: That one guy
|-resisted|p1a: That one guy|1
|-damage|p1a: That one guy|0 fnt
|faint|p1a: That one guy
|
|-heal|p2b: Ponte 25 de abril|53/100|[from] item: Leftovers
|upkeep
|
|t:|1784408305
|switch|p1a: Gojira-kun|Tyranitar, L50, M|100/100
|-weather|Sandstorm|[from] ability: Sand Stream|[of] p1a: Gojira-kun
|turn|7
|
|t:|1784408315
|move|p1b: Chud McCallister|Heat Wave|p2b: Ponte 25 de abril
|-damage|p2b: Ponte 25 de abril|3/100
|-ability|p2b: Ponte 25 de abril|Stamina|boost
|-boost|p2b: Ponte 25 de abril|def|1
|move|p2b: Ponte 25 de abril|Aura Sphere|p1a: Gojira-kun
|-supereffective|p1a: Gojira-kun|2
|-damage|p1a: Gojira-kun|36/100
|move|p1a: Gojira-kun|Knock Off|p2b: Ponte 25 de abril
|-damage|p2b: Ponte 25 de abril|0 fnt
|-enditem|p2b: Ponte 25 de abril|Leftovers|[from] move: Knock Off|[of] p1a: Gojira-kun
|faint|p2b: Ponte 25 de abril
|
|win|Morgan's Soul
||F63 is ready for game 2.
||Morgan's Soul is ready for game 2.
|uhtml|next|Next: Game 2 of 3
|l| Khyrsos
