|j|☆dragapultintin
|j|☆ultraclaw1
|html|dragapultintinultraclaw1    
|uhtml|bestof|Game 2 of a best-of-3
|t:|1786019422
|gametype|doubles
|player|p1|dragapultintin|ethan-gen2|1231
|player|p2|ultraclaw1|brycenman|1312
|gen|9
|tier|[Gen 9 Champions] VGC 2026 Reg M-B (Bo3)
|rated|
|rule|Species Clause: Limit one of each Pokémon
|rule|Item Clause: Limit 1 of each item
|clearpoke
|poke|p1|Charizard, L50, F, shiny|
|poke|p1|Whimsicott, L50, F|
|poke|p1|Mawile, L50, F, shiny|
|poke|p1|Kingambit, L50, M|
|poke|p1|Farigiraf, L50, F|
|poke|p1|Basculegion, L50, M, shiny|
|poke|p2|Maushold, L50|
|poke|p2|Kingambit, L50, F|
|poke|p2|Garchomp, L50, F|
|poke|p2|Basculegion, L50, M|
|poke|p2|Talonflame, L50, F|
|poke|p2|Floette-Eternal, L50, F|
|teampreview|4
|showteam|p1|Charizard||CharizarditeY|SolarPower|HeatWave,WeatherBall,SolarBeam,Protect|Modest||F|||50|]Whimsicott||FocusSash|Prankster|Moonblast,Tailwind,Encore,Protect|Timid||F|||50|]Mawile||Mawilite|HyperCutter|PlayRough,Protect,RockSlide,SuckerPunch|Adamant||F|||50|]Kingambit||LifeOrb|Defiant|KowtowCleave,SuckerPunch,SwordsDance,Protect|Adamant||M|||50|]Farigiraf||SitrusBerry|ArmorTail|Psychic,Thunderbolt,TrickRoom,HelpingHand|Modest||F|||50|]Basculegion||MysticWater|Adaptability|WaveCrash,AquaJet,LastRespects,Protect|Adamant||M|||50|
|showteam|p2|Maushold||FocusSash|FriendGuard|SuperFang,Taunt,FollowMe,Protect|Timid|||||50|]Kingambit||ChopleBerry|Defiant|KowtowCleave,SuckerPunch,LowKick,IronHead|Adamant||F|||50|]Garchomp||LifeOrb|RoughSkin|RockSlide,Earthquake,DragonClaw,Protect|Jolly||F|||50|]Basculegion||MysticWater|Adaptability|WaveCrash,LastRespects,AquaJet,Protect|Adamant||M|||50|]Talonflame||SharpBeak|GaleWings|QuickGuard,DualWingbeat,Tailwind,Protect|Jolly||F|||50|]Floette-Eternal||Floettite|FlowerVeil|LightofRuin,Protect,Moonblast,DazzlingGleam|Modest||F|||50|
|inactive|Battle timer is ON: inactive players will automatically lose when time's up. (requested by ultraclaw1)
|inactive|dragapultintin also wants the timer to be on.
|
|t:|1786019444
|teamsize|p1|4
|teamsize|p2|4
|start
|switch|p1a: Whimsicott|Whimsicott, L50, F|100/100
|switch|p1b: Mawile|Mawile, L50, F, shiny|100/100
|switch|p2a: Floette|Floette-Eternal, L50, F|100/100
|switch|p2b: Talonflame|Talonflame, L50, F|100/100
|turn|1
|
|t:|1786019456
|detailschange|p2a: Floette|Floette-Mega, L50, F
|-mega|p2a: Floette|Floette|Floettite
|-ability|p2a: Floette|Fairy Aura
|detailschange|p1b: Mawile|Mawile-Mega, L50, F, shiny
|-mega|p1b: Mawile|Mawile|Mawilite
|move|p1a: Whimsicott|Protect|p1a: Whimsicott
|-singleturn|p1a: Whimsicott|Protect
|move|p2b: Talonflame|Tailwind|p2b: Talonflame
|-sidestart|p2: ultraclaw1|move: Tailwind
|move|p2a: Floette|Moonblast|p1b: Mawile
|-resisted|p1b: Mawile|1
|-damage|p1b: Mawile|47/100
|move|p1b: Mawile|Play Rough|p2a: Floette
|-crit|p2a: Floette
|-damage|p2a: Floette|0 fnt
|faint|p2a: Floette
|
|upkeep
|
|t:|1786019459
|switch|p2a: Garchomp|Garchomp, L50, F|100/100
|turn|2
|inactive|dragapultintin has 30 seconds left.
|
|t:|1786019490
|switch|p1a: Farigiraf|Farigiraf, L50, F|100/100
|move|p1b: Mawile|Protect|p1b: Mawile
|-singleturn|p1b: Mawile|Protect
|move|p2b: Talonflame|Dual Wingbeat||[still]
|cant|p1a: Farigiraf|ability: Armor Tail|Dual Wingbeat|[of] p2b: Talonflame
|move|p2a: Garchomp|Earthquake|p1b: Mawile|[spread] p1a
|-activate|p1b: Mawile|move: Protect
|-immune|p2b: Talonflame
|-damage|p1a: Farigiraf|51/100
|-damage|p2a: Garchomp|90/100|[from] item: Life Orb
|
|upkeep
|turn|3
|
|t:|1786019499
|switch|p2b: Basculegion|Basculegion, L50, M|100/100
|switch|p1b: Basculegion|Basculegion, L50, M, shiny|100/100
|move|p2a: Garchomp|Dragon Claw|p1a: Farigiraf
|-damage|p1a: Farigiraf|5/100
|-enditem|p1a: Farigiraf|Sitrus Berry|[eat]
|-heal|p1a: Farigiraf|30/100|[from] item: Sitrus Berry
|-damage|p2a: Garchomp|80/100|[from] item: Life Orb
|move|p1a: Farigiraf|Trick Room|p1a: Farigiraf
|-fieldstart|move: Trick Room|[of] p1a: Farigiraf
|
|upkeep
|turn|4
|
|t:|1786019508
|move|p2b: Basculegion|Protect|p2b: Basculegion
|-singleturn|p2b: Basculegion|Protect
|move|p2a: Garchomp|Protect|p2a: Garchomp
|-singleturn|p2a: Garchomp|Protect
|move|p1a: Farigiraf|Thunderbolt|p2b: Basculegion
|-activate|p2b: Basculegion|move: Protect
|move|p1b: Basculegion|Last Respects|p2b: Basculegion
|-activate|p2b: Basculegion|move: Protect
|
|-sideend|p2: ultraclaw1|move: Tailwind
|upkeep
|turn|5
|
|t:|1786019515
|move|p1a: Farigiraf|Thunderbolt|p2b: Basculegion
|-supereffective|p2b: Basculegion|1
|-damage|p2b: Basculegion|43/100
|move|p1b: Basculegion|Last Respects|p2b: Basculegion
|-supereffective|p2b: Basculegion|1
|-damage|p2b: Basculegion|0 fnt
|faint|p2b: Basculegion
|move|p2a: Garchomp|Dragon Claw|p1a: Farigiraf
|-damage|p1a: Farigiraf|0 fnt
|faint|p1a: Farigiraf
|-damage|p2a: Garchomp|70/100|[from] item: Life Orb
|
|upkeep
|
|t:|1786019520
|switch|p1a: Mawile|Mawile-Mega, L50, F, shiny|47/100
|switch|p2b: Talonflame|Talonflame, L50, F|100/100
|turn|6
|
|t:|1786019527
|move|p2a: Garchomp|Protect|p2a: Garchomp
|-singleturn|p2a: Garchomp|Protect
|move|p2b: Talonflame|Protect|p2b: Talonflame
|-singleturn|p2b: Talonflame|Protect
|move|p1a: Mawile|Rock Slide|p2a: Garchomp|[spread] 
|-activate|p2a: Garchomp|move: Protect
|-activate|p2b: Talonflame|move: Protect
|move|p1b: Basculegion|Last Respects|p2a: Garchomp
|-activate|p2a: Garchomp|move: Protect
|
|upkeep
|turn|7
|
|t:|1786019531
|move|p2a: Garchomp|Protect||[still]
|-fail|p2a: Garchomp
|move|p2b: Talonflame|Protect||[still]
|-fail|p2b: Talonflame
|move|p1a: Mawile|Rock Slide|p2a: Garchomp|[spread] p2a,p2b
|-resisted|p2a: Garchomp|1
|-supereffective|p2b: Talonflame|2
|-damage|p2a: Garchomp|52/100
|-damage|p2b: Talonflame|0 fnt
|faint|p2b: Talonflame
|move|p1b: Basculegion|Last Respects|p2a: Garchomp
|-damage|p2a: Garchomp|0 fnt
|faint|p2a: Garchomp
|
|win|dragapultintin
||ultraclaw1 is ready for game 3.
|l|☆ultraclaw1
|player|p2|
|inactive|dragapultintin has 30 seconds to confirm battle start!
