|j|☆MixedMurse
|j|☆Ryan65
|html|MixedMurseRyan65    
|uhtml|bestof|Game 3 of a best-of-3
|t:|1757826778
|gametype|doubles
|player|p1|MixedMurse|1|
|player|p2|Ryan65|170|
|gen|9
|tier|[Gen 9] VGC 2025 Reg H (Bo3)
|rule|Species Clause: Limit one of each Pokémon
|rule|Item Clause: Limit 1 of each item
|clearpoke
|poke|p1|Tyranitar, L50, M|
|poke|p1|Garchomp, L50, F|
|poke|p1|Gholdengo, L50|
|poke|p1|Talonflame, L50, F|
|poke|p1|Amoonguss, L50, M|
|poke|p1|Milotic, L50, M|
|poke|p2|Incineroar, L50, F|
|poke|p2|Rillaboom, L50, F|
|poke|p2|Bronzong, L50|
|poke|p2|Primarina, L50, F|
|poke|p2|Gholdengo, L50|
|poke|p2|Dragapult, L50, M|
|teampreview|4
|showteam|p1|Tyranitar||AssaultVest|SandStream|RockSlide,KnockOff,LowKick,TeraBlast|||M|||50|,,,,,Flying]Garchomp||LifeOrb|RoughSkin|Earthquake,StompingTantrum,DragonClaw,Protect|||F|||50|,,,,,Fire]Gholdengo||MetalCoat|GoodasGold|MakeItRain,ShadowBall,NastyPlot,Protect||||||50|,,,,,Flying]Talonflame||CovertCloak|GaleWings|DualWingbeat,Tailwind,WillOWisp,Taunt|||F|||50|,,,,,Ghost]Amoonguss||SitrusBerry|Regenerator|PollenPuff,Spore,RagePowder,Protect|||M|||50|,,,,,Water]Milotic||SafetyGoggles|Competitive|Scald,IceBeam,Haze,Protect|||M|||50|,,,,,Steel
|showteam|p2|Incineroar||SafetyGoggles|Intimidate|FakeOut,PartingShot,KnockOff,FlareBlitz|||F|||50|,,,,,Ghost]Rillaboom||AssaultVest|GrassySurge|GrassyGlide,FakeOut,Uturn,DrumBeating|||F|||50|,,,,,Rock]Bronzong||LightClay|Levitate|BodyPress,LightScreen,Reflect,Psychic||||||50|,,,,,Fighting]Primarina||ThroatSpray|LiquidVoice|HyperVoice,DazzlingGleam,FlipTurn,Protect|||F|||50|,,,,,Ground]Gholdengo||MetalCoat|GoodasGold|MakeItRain,ShadowBall,NastyPlot,Protect||||||50|,,,,,Water]Dragapult||LifeOrb|ClearBody|DragonDarts,DragonClaw,PsychicFangs,PhantomForce|||M|||50|,,,,,Steel
|
|t:|1757826826
|teamsize|p1|4
|teamsize|p2|4
|start
|switch|p1a: Tyranitar|Tyranitar, L50, M|100/100
|switch|p1b: Amoonguss|Amoonguss, L50, M, shiny|100/100
|switch|p2a: Primarina|Primarina, L50, F|100/100
|switch|p2b: Gholdengo|Gholdengo, L50|100/100
|-weather|Sandstorm|[from] ability: Sand Stream|[of] p1a: Tyranitar
|turn|1
|
|t:|1757826874
|-terastallize|p1a: Tyranitar|Flying
|move|p2b: Gholdengo|Nasty Plot|p2b: Gholdengo
|-boost|p2b: Gholdengo|spa|2
|move|p1a: Tyranitar|Knock Off|p2b: Gholdengo
|-supereffective|p2b: Gholdengo
|-damage|p2b: Gholdengo|4/100
|-enditem|p2b: Gholdengo|Metal Coat|[from] move: Knock Off|[of] p1a: Tyranitar
|move|p2a: Primarina|Flip Turn|p1a: Tyranitar
|-damage|p1a: Tyranitar|89/100
|
|t:|1757826884
|switch|p2a: Incineroar|Incineroar, L50, F|100/100|[from] Flip Turn
|-ability|p2a: Incineroar|Intimidate|boost
|-unboost|p1a: Tyranitar|atk|1
|-unboost|p1b: Amoonguss|atk|1
|move|p1b: Amoonguss|Spore|p2a: Incineroar
|-activate|p2a: Incineroar|item: Safety Goggles|Spore
|
|-weather|Sandstorm|[upkeep]
|-damage|p1a: Tyranitar|83/100|[from] Sandstorm
|-damage|p1b: Amoonguss|95/100|[from] Sandstorm
|upkeep
|turn|2
|
|t:|1757826911
|switch|p1a: Milotic|Milotic, L50, M|100/100
|move|p2b: Gholdengo|Make It Rain|p1a: Milotic|[spread] p1a,p1b
|-resisted|p1a: Milotic
|-damage|p1a: Milotic|63/100
|-damage|p1b: Amoonguss|14/100
|-unboost|p2b: Gholdengo|spa|1
|-enditem|p1b: Amoonguss|Sitrus Berry|[eat]
|-heal|p1b: Amoonguss|39/100|[from] item: Sitrus Berry
|move|p2a: Incineroar|Flare Blitz|p1b: Amoonguss
|-supereffective|p1b: Amoonguss
|-damage|p1b: Amoonguss|0 fnt
|faint|p1b: Amoonguss
|-damage|p2a: Incineroar|87/100|[from] Recoil
|
|-weather|Sandstorm|[upkeep]
|upkeep
|
|t:|1757826925
|switch|p1b: Talonflame|Talonflame, L50, F|100/100
|turn|3
|
|t:|1757826998
|-terastallize|p2a: Incineroar|Ghost
|move|p1b: Talonflame|Tailwind|p1b: Talonflame
|-sidestart|p1: MixedMurse|move: Tailwind
|move|p1a: Milotic|Scald|p2b: Gholdengo
|-damage|p2b: Gholdengo|0 fnt
|faint|p2b: Gholdengo
|move|p2a: Incineroar|Knock Off|p1b: Talonflame
|-damage|p1b: Talonflame|36/100
|-enditem|p1b: Talonflame|Covert Cloak|[from] move: Knock Off|[of] p2a: Incineroar
|
|-weather|Sandstorm|[upkeep]
|-damage|p1b: Talonflame|30/100|[from] Sandstorm
|upkeep
|
|t:|1757827011
|switch|p2b: Primarina|Primarina, L50, F|100/100
|turn|4
|
|t:|1757827036
|move|p1b: Talonflame|Will-O-Wisp|p2b: Primarina
|-status|p2b: Primarina|brn
|move|p1a: Milotic|Scald|p2b: Primarina
|-resisted|p2b: Primarina
|-damage|p2b: Primarina|88/100 brn
|move|p2b: Primarina|Hyper Voice|p1a: Milotic|[spread] p1a,p1b
|-resisted|p1a: Milotic
|-supereffective|p1b: Talonflame
|-damage|p1a: Milotic|49/100
|-damage|p1b: Talonflame|0 fnt
|faint|p1b: Talonflame
|-enditem|p2b: Primarina|Throat Spray
|-boost|p2b: Primarina|spa|1|[from] item: Throat Spray
|move|p2a: Incineroar|Parting Shot|p1a: Milotic
|-unboost|p1a: Milotic|atk|1
|-ability|p1a: Milotic|Competitive|boost
|-boost|p1a: Milotic|spa|2
|-unboost|p1a: Milotic|spa|1
|-ability|p1a: Milotic|Competitive|boost
|-boost|p1a: Milotic|spa|2
|
|t:|1757827054
|switch|p2a: Rillaboom|Rillaboom, L50, F|100/100|[from] Parting Shot
|-fieldstart|move: Grassy Terrain|[from] ability: Grassy Surge|[of] p2a: Rillaboom
|
|-weather|Sandstorm|[upkeep]
|-damage|p2a: Rillaboom|95/100|[from] Sandstorm
|-damage|p2b: Primarina|82/100 brn|[from] Sandstorm
|-heal|p1a: Milotic|55/100|[from] Grassy Terrain
|-heal|p2a: Rillaboom|100/100|[from] Grassy Terrain
|-heal|p2b: Primarina|88/100 brn|[from] Grassy Terrain
|-damage|p2b: Primarina|82/100 brn|[from] brn
|upkeep
|
|t:|1757827059
|switch|p1b: Tyranitar|Tyranitar, L50, M, tera:Flying|83/100
|turn|5
|
|t:|1757827078
|move|p2a: Rillaboom|Fake Out|p1a: Milotic
|-damage|p1a: Milotic|42/100
|cant|p1a: Milotic|flinch
|move|p1b: Tyranitar|Tera Blast|p2a: Rillaboom|[anim] Tera Blast Flying
|-supereffective|p2a: Rillaboom
|-damage|p2a: Rillaboom|31/100
|move|p2b: Primarina|Dazzling Gleam|p1a: Milotic|[spread] p1a,p1b
|-damage|p1a: Milotic|6/100
|-damage|p1b: Tyranitar|55/100
|
|-weather|none
|-heal|p1a: Milotic|12/100|[from] Grassy Terrain
|-heal|p2a: Rillaboom|37/100|[from] Grassy Terrain
|-heal|p2b: Primarina|88/100 brn|[from] Grassy Terrain
|-damage|p2b: Primarina|82/100 brn|[from] brn
|upkeep
|turn|6
|
|t:|1757827102
|move|p2a: Rillaboom|Grassy Glide|p1a: Milotic
|-supereffective|p1a: Milotic
|-damage|p1a: Milotic|0 fnt
|faint|p1a: Milotic
|move|p1b: Tyranitar|Tera Blast|p2b: Primarina|[anim] Tera Blast Flying
|-crit|p2b: Primarina
|-damage|p2b: Primarina|0 fnt
|faint|p2b: Primarina
|
|-heal|p2a: Rillaboom|43/100|[from] Grassy Terrain
|-sideend|p1: MixedMurse|move: Tailwind
|upkeep
|
|t:|1757827112
|switch|p2b: Incineroar|Incineroar, L50, F, tera:Ghost|87/100
|-ability|p2b: Incineroar|Intimidate|boost
|-unboost|p1b: Tyranitar|atk|1
|turn|7
|
|t:|1757827124
|move|p2b: Incineroar|Fake Out|p1b: Tyranitar
|-damage|p1b: Tyranitar|45/100
|move|p2a: Rillaboom|Drum Beating|p1b: Tyranitar
|-resisted|p1b: Tyranitar
|-damage|p1b: Tyranitar|23/100
|-unboost|p1b: Tyranitar|spe|1
|cant|p1b: Tyranitar|flinch
|
|-heal|p2a: Rillaboom|48/100|[from] Grassy Terrain
|-heal|p2b: Incineroar|93/100|[from] Grassy Terrain
|upkeep
|turn|8
|
|t:|1757827139
|move|p2a: Rillaboom|Drum Beating|p1b: Tyranitar
|-resisted|p1b: Tyranitar
|-damage|p1b: Tyranitar|0 fnt
|faint|p1b: Tyranitar
|
|win|Ryan65
|l|☆MixedMurse
|player|p1|
