|j|☆seeyouatthetip
|j|☆TrevenantHugger
|html|seeyouatthetipTrevenantHugger    
|uhtml|bestof|Game 2 of a best-of-3
|t:|1756829664
|gametype|doubles
|player|p1|seeyouatthetip|hiker-gen4|1360
|player|p2|TrevenantHugger|1|1320
|gen|9
|tier|[Gen 9] VGC 2025 Reg H (Bo3)
|rated|
|rule|Species Clause: Limit one of each Pokémon
|rule|Item Clause: Limit 1 of each item
|clearpoke
|poke|p1|Amoonguss, L50, F|
|poke|p1|Incineroar, L50, F|
|poke|p1|Gholdengo, L50|
|poke|p1|Annihilape, L50, M|
|poke|p1|Kingambit, L50, M|
|poke|p1|Dragonite, L50, F|
|poke|p2|Incineroar, L50, M|
|poke|p2|Ursaluna, L50, F|
|poke|p2|Annihilape, L50, F|
|poke|p2|Rillaboom, L50, F|
|poke|p2|Electabuzz, L50, M|
|poke|p2|Sneasler, L50, F|
|teampreview|4
|showteam|p1|Amoonguss||SitrusBerry|Regenerator|Spore,RagePowder,SludgeBomb,Protect|||F|||50|,,,,,Fire]Incineroar||SafetyGoggles|Intimidate|FlareBlitz,FakeOut,PartingShot,KnockOff|||F|||50|,,,,,Ghost]Gholdengo||LifeOrb|GoodasGold|MakeItRain,ShadowBall,NastyPlot,Protect||||||50|,,,,,Steel]Annihilape||FocusSash|Defiant|CloseCombat,RageFist,Coaching,FinalGambit|||M|||50|,,,,,Grass]Kingambit||AssaultVest|Defiant|KowtowCleave,SuckerPunch,IronHead,LowKick|||M|||50|,,,,,Water]Dragonite||LoadedDice|Multiscale|ScaleShot,ExtremeSpeed,Haze,Protect|||F|||50|,,,,,Normal
|showteam|p2|Incineroar||SafetyGoggles|Intimidate|FakeOut,Uturn,FlareBlitz,KnockOff|||M|||50|,,,,,Grass]Ursaluna||FlameOrb|Guts|Protect,Facade,HeadlongRush,Earthquake|||F|||50|,,,,,Dark]Annihilape||Leftovers|Defiant|DrainPunch,RageFist,Protect,BulkUp|||F|||50|,,,,,Fire]Rillaboom||AssaultVest|GrassySurge|GrassyGlide,FakeOut,DrumBeating,Uturn|||F|||50|,,,,,Fire]Electabuzz||Eviolite|VitalSpirit|FollowMe,Electroweb,Taunt,VoltSwitch|||M|||50|,,,,,Ghost]Sneasler||FocusSash|Unburden|CloseCombat,DireClaw,FakeOut,Protect|||F|||50|,,,,,Ghost
|inactive|Battle timer is ON: inactive players will automatically lose when time's up. (requested by TrevenantHugger)
|inactive|seeyouatthetip has 60 seconds left.
|
|t:|1756829710
|teamsize|p1|4
|teamsize|p2|4
|start
|switch|p1a: Dragonite|Dragonite, L50, F|100/100
|switch|p1b: Gholdengo|Gholdengo, L50|100/100
|switch|p2a: Rillaboom|Rillaboom, L50, F|100/100
|switch|p2b: Annihilape|Annihilape, L50, F|100/100
|-fieldstart|move: Grassy Terrain|[from] ability: Grassy Surge|[of] p2a: Rillaboom
|turn|1
|
|t:|1756829735
|-terastallize|p2b: Annihilape|Fire
|move|p1a: Dragonite|Protect|p1a: Dragonite
|-singleturn|p1a: Dragonite|Protect
|move|p1b: Gholdengo|Nasty Plot|p1b: Gholdengo
|-boost|p1b: Gholdengo|spa|2
|move|p2b: Annihilape|Drain Punch|p1b: Gholdengo
|-immune|p1b: Gholdengo
|move|p2a: Rillaboom|U-turn|p2b: Annihilape
|-resisted|p2b: Annihilape
|-damage|p2b: Annihilape|92/100
|
|t:|1756829742
|switch|p2a: Electabuzz|Electabuzz, L50, M|100/100|[from] U-turn
|
|-heal|p2b: Annihilape|98/100|[from] Grassy Terrain
|-heal|p2b: Annihilape|100/100|[from] item: Leftovers
|upkeep
|turn|2
|
|t:|1756829760
|move|p1b: Gholdengo|Protect|p1b: Gholdengo
|-singleturn|p1b: Gholdengo|Protect
|move|p2a: Electabuzz|Electroweb|p1b: Gholdengo|[spread] p1a
|-activate|p1b: Gholdengo|move: Protect
|-crit|p1a: Dragonite
|-damage|p1a: Dragonite|89/100
|-unboost|p1a: Dragonite|spe|1
|move|p2b: Annihilape|Rage Fist|p1b: Gholdengo
|-activate|p1b: Gholdengo|move: Protect
|move|p1a: Dragonite|Scale Shot|p2a: Electabuzz
|-damage|p2a: Electabuzz|84/100
|-damage|p2a: Electabuzz|69/100
|-crit|p2a: Electabuzz
|-damage|p2a: Electabuzz|42/100
|-damage|p2a: Electabuzz|27/100
|-damage|p2a: Electabuzz|9/100
|-hitcount|p2a: Electabuzz|5
|-unboost|p1a: Dragonite|def|1
|-boost|p1a: Dragonite|spe|1
|
|-heal|p2a: Electabuzz|15/100|[from] Grassy Terrain
|upkeep
|turn|3
|inactive|seeyouatthetip has 30 seconds left.
|
|t:|1756829791
|move|p1a: Dragonite|Extreme Speed|p2a: Electabuzz
|-damage|p2a: Electabuzz|0 fnt
|faint|p2a: Electabuzz
|move|p1b: Gholdengo|Shadow Ball|p2b: Annihilape
|-damage|p2b: Annihilape|8/100
|-unboost|p2b: Annihilape|spd|1
|-ability|p2b: Annihilape|Defiant|boost
|-boost|p2b: Annihilape|atk|2
|-damage|p1b: Gholdengo|91/100|[from] item: Life Orb
|move|p2b: Annihilape|Rage Fist|p1b: Gholdengo
|-supereffective|p1b: Gholdengo
|-damage|p1b: Gholdengo|0 fnt
|faint|p1b: Gholdengo
|
|-heal|p2b: Annihilape|14/100|[from] Grassy Terrain
|-heal|p2b: Annihilape|20/100|[from] item: Leftovers
|upkeep
|
|t:|1756829814
|switch|p2a: Ursaluna|Ursaluna, L50, F|100/100
|switch|p1b: Annihilape|Annihilape, L50, M|100/100
|turn|4
|
|t:|1756829837
|-terastallize|p1a: Dragonite|Normal
|move|p2b: Annihilape|Protect|p2b: Annihilape
|-singleturn|p2b: Annihilape|Protect
|move|p1a: Dragonite|Extreme Speed|p2b: Annihilape
|-activate|p2b: Annihilape|move: Protect
|move|p1b: Annihilape|Close Combat|p2a: Ursaluna
|-supereffective|p2a: Ursaluna
|-damage|p2a: Ursaluna|36/100
|-unboost|p1b: Annihilape|def|1
|-unboost|p1b: Annihilape|spd|1
|move|p2a: Ursaluna|Facade|p1a: Dragonite
|-damage|p1a: Dragonite|26/100
|
|-heal|p1a: Dragonite|32/100|[from] Grassy Terrain
|-heal|p2b: Annihilape|26/100|[from] Grassy Terrain
|-heal|p2b: Annihilape|32/100|[from] item: Leftovers
|-heal|p2a: Ursaluna|42/100|[from] Grassy Terrain
|-status|p2a: Ursaluna|brn|[from] item: Flame Orb
|upkeep
|turn|5
|inactive|seeyouatthetip has 30 seconds left.
|
|t:|1756829869
|move|p2a: Ursaluna|Protect|p2a: Ursaluna
|-singleturn|p2a: Ursaluna|Protect
|move|p1a: Dragonite|Extreme Speed|p2b: Annihilape
|-crit|p2b: Annihilape
|-damage|p2b: Annihilape|0 fnt
|faint|p2b: Annihilape
|move|p1b: Annihilape|Close Combat|p2a: Ursaluna
|-activate|p2a: Ursaluna|move: Protect
|
|-heal|p1a: Dragonite|38/100|[from] Grassy Terrain
|-heal|p2a: Ursaluna|48/100 brn|[from] Grassy Terrain
|-damage|p2a: Ursaluna|42/100 brn|[from] brn
|-fieldend|move: Grassy Terrain
|upkeep
|
|t:|1756829874
|switch|p2b: Rillaboom|Rillaboom, L50, F|100/100
|-fieldstart|move: Grassy Terrain|[from] ability: Grassy Surge|[of] p2b: Rillaboom
|turn|6
|
|t:|1756829887
|move|p1a: Dragonite|Protect|p1a: Dragonite
|-singleturn|p1a: Dragonite|Protect
|move|p1b: Annihilape|Close Combat|p2a: Ursaluna
|-supereffective|p2a: Ursaluna
|-damage|p2a: Ursaluna|0 fnt
|-unboost|p1b: Annihilape|def|1
|-unboost|p1b: Annihilape|spd|1
|faint|p2a: Ursaluna
|move|p2b: Rillaboom|Drum Beating|p1b: Annihilape
|-enditem|p1b: Annihilape|Focus Sash
|-damage|p1b: Annihilape|1/100
|-unboost|p1b: Annihilape|spe|1
|-ability|p1b: Annihilape|Defiant|boost
|-boost|p1b: Annihilape|atk|2
|
|-heal|p1a: Dragonite|44/100|[from] Grassy Terrain
|-heal|p1b: Annihilape|7/100|[from] Grassy Terrain
|upkeep
|turn|7
|l|☆TrevenantHugger
|inactive|TrevenantHugger disconnected and has a minute to reconnect!
|player|p2|
|
|t:|1756829899
|move|p1a: Dragonite|Extreme Speed|p2b: Rillaboom
|-crit|p2b: Rillaboom
|-damage|p2b: Rillaboom|36/100
|move|p2b: Rillaboom|Grassy Glide|p1b: Annihilape
|-damage|p1b: Annihilape|0 fnt
|faint|p1b: Annihilape
|
|-heal|p1a: Dragonite|50/100|[from] Grassy Terrain
|-heal|p2b: Rillaboom|42/100|[from] Grassy Terrain
|upkeep
|j|☆TrevenantHugger
|inactive|TrevenantHugger reconnected.
|player|p2|TrevenantHugger|1|
|
|t:|1756829906
|switch|p1b: Amoonguss|Amoonguss, L50, F|100/100
|turn|8
|
|t:|1756829912
|move|p1a: Dragonite|Extreme Speed|p2b: Rillaboom
|-damage|p2b: Rillaboom|0 fnt
|faint|p2b: Rillaboom
|
|win|seeyouatthetip
||seeyouatthetip is ready for game 3.
||TrevenantHugger is ready for game 3.
|uhtml|next|Next: Game 3 of 3
|l|☆TrevenantHugger
|player|p2|
