|j|☆TheCrazyMonkey14
|j|☆ninaez
|html|TheCrazyMonkey14ninaez    
|uhtml|bestof|Game 1 of a best-of-3
|t:|1756413985
|gametype|doubles
|player|p1|TheCrazyMonkey14|benga|1113
|player|p2|ninaez|169|1219
|gen|9
|tier|[Gen 9] VGC 2025 Reg H (Bo3)
|rated|
|rule|Species Clause: Limit one of each Pokémon
|rule|Item Clause: Limit 1 of each item
|clearpoke
|poke|p1|Gholdengo, L50|
|poke|p1|Amoonguss, L50, F|
|poke|p1|Basculegion, L50, M|
|poke|p1|Pelipper, L50, M|
|poke|p1|Incineroar, L50, M|
|poke|p1|Archaludon, L50, F|
|poke|p2|Incineroar, L50, F|
|poke|p2|Annihilape, L50, F|
|poke|p2|Whimsicott, L50, M|
|poke|p2|Dragonite, L50, F|
|poke|p2|Ursaluna-Bloodmoon, L50, M|
|poke|p2|Archaludon, L50, F|
|teampreview|4
|showteam|p1|Gholdengo||LifeOrb|GoodasGold|MakeItRain,ShadowBall,NastyPlot,Protect||||||50|,,,,,Water]Amoonguss||SitrusBerry|Regenerator|Spore,RagePowder,PollenPuff,Protect|||F|||50|,,,,,Psychic]Basculegion||ChoiceBand|SwiftSwim|WaveCrash,FlipTurn,LastRespects,AquaJet|||M|||50|,,,,,Water]Pelipper||FocusSash|Drizzle|WeatherBall,Hurricane,Tailwind,Protect|||M|||50|,,,,,Ground]Incineroar||SafetyGoggles|Intimidate|FlareBlitz,KnockOff,PartingShot,FakeOut|||M|||50|,,,,,Ghost]Archaludon||AssaultVest|Stamina|ElectroShot,FlashCannon,DracoMeteor,BodyPress|||F|||50|,,,,,Bug
|showteam|p2|Incineroar||SitrusBerry|Intimidate|FakeOut,PartingShot,KnockOff,FlareBlitz|||F|||50|,,,,,Grass]Annihilape||SafetyGoggles|Defiant|Coaching,RageFist,CloseCombat,FinalGambit|||F|||50|,,,,,Water]Whimsicott||FocusSash|Prankster|Moonblast,Tailwind,Encore,FakeTears|||M|||50|,,,,,Ghost]Dragonite||LoadedDice|Multiscale|ScaleShot,Protect,ExtremeSpeed,Haze|||F|||50|,,,,,Steel]Ursaluna-Bloodmoon||AssaultVest|MindsEye|BloodMoon,HyperVoice,EarthPower,VacuumWave|||M|||50|,,,,,Poison]Archaludon||PowerHerb|Stalwart|Thunderbolt,DragonPulse,ElectroShot,Protect|||F|||50|,,,,,Electric
|inactive|Battle timer is ON: inactive players will automatically lose when time's up. (requested by ninaez)
|inactive|TheCrazyMonkey14 has 60 seconds left.
|
|t:|1756414038
|teamsize|p1|4
|teamsize|p2|4
|start
|switch|p1a: Pelipper|Pelipper, L50, M|100/100
|switch|p1b: Archaludon|Archaludon, L50, F|100/100
|switch|p2a: Whimsicott|Whimsicott, L50, M|100/100
|switch|p2b: Archaludon|Archaludon, L50, F|100/100
|-weather|RainDance|[from] ability: Drizzle|[of] p1a: Pelipper
|turn|1
|inactive|TheCrazyMonkey14 has 30 seconds left.
|inactive|TheCrazyMonkey14 has 20 seconds left.
|inactive|TheCrazyMonkey14 has 15 seconds left.
|
|t:|1756414079
|-terastallize|p2b: Archaludon|Electric
|move|p2a: Whimsicott|Tailwind|p2a: Whimsicott
|-sidestart|p2: ninaez|move: Tailwind
|move|p2b: Archaludon|Electro Shot||[still]
|-prepare|p2b: Archaludon|Electro Shot
|-boost|p2b: Archaludon|spa|1
|-anim|p2b: Archaludon|Electro Shot|p1b: Archaludon
|-resisted|p1b: Archaludon
|-damage|p1b: Archaludon|66/100
|-ability|p1b: Archaludon|Stamina|boost
|-boost|p1b: Archaludon|def|1
|move|p1b: Archaludon|Electro Shot||[still]
|-prepare|p1b: Archaludon|Electro Shot
|-boost|p1b: Archaludon|spa|1
|-anim|p1b: Archaludon|Electro Shot|p2b: Archaludon
|-resisted|p2b: Archaludon
|-damage|p2b: Archaludon|55/100
|move|p1a: Pelipper|Hurricane|p2a: Whimsicott
|-supereffective|p2a: Whimsicott
|-enditem|p2a: Whimsicott|Focus Sash
|-damage|p2a: Whimsicott|1/100
|
|-weather|RainDance|[upkeep]
|upkeep
|turn|2
|inactive|TheCrazyMonkey14 has 30 seconds left.
|inactive|TheCrazyMonkey14 has 20 seconds left.
|inactive|TheCrazyMonkey14 has 15 seconds left.
|
|t:|1756414121
|switch|p1b: Incineroar|Incineroar, L50, M|100/100
|-ability|p1b: Incineroar|Intimidate|boost
|-unboost|p2a: Whimsicott|atk|1
|-unboost|p2b: Archaludon|atk|1
|move|p2a: Whimsicott|Fake Tears|p1b: Incineroar
|-hint|Since gen 7, Dark is immune to Prankster moves.
|-immune|p1b: Incineroar
|move|p2b: Archaludon|Electro Shot||[still]
|-prepare|p2b: Archaludon|Electro Shot
|-boost|p2b: Archaludon|spa|1
|-anim|p2b: Archaludon|Electro Shot|p1b: Incineroar
|-damage|p1b: Incineroar|0 fnt
|faint|p1b: Incineroar
|move|p1a: Pelipper|Tailwind|p1a: Pelipper
|-sidestart|p1: TheCrazyMonkey14|move: Tailwind
|
|-weather|RainDance|[upkeep]
|upkeep
|
|t:|1756414142
|switch|p1b: Basculegion|Basculegion, L50, M|100/100
|turn|3
|
|t:|1756414161
|move|p2b: Archaludon|Protect|p2b: Archaludon
|-singleturn|p2b: Archaludon|Protect
|move|p2a: Whimsicott|Encore|p1a: Pelipper
|-start|p1a: Pelipper|Encore
|move|p1b: Basculegion|Last Respects|p2b: Archaludon
|-activate|p2b: Archaludon|move: Protect
|move|p1a: Pelipper|Tailwind||[still]
|-fail|p1a: Pelipper
|
|-weather|RainDance|[upkeep]
|upkeep
|turn|4
|
|t:|1756414179
|switch|p2b: Dragonite|Dragonite, L50, F|100/100
|switch|p1a: Archaludon|Archaludon, L50, F|66/100
|move|p1b: Basculegion|Last Respects|p2b: Dragonite
|-damage|p2b: Dragonite|56/100
|move|p2a: Whimsicott|Moonblast|p1a: Archaludon
|-damage|p1a: Archaludon|42/100
|-ability|p1a: Archaludon|Stamina|boost
|-boost|p1a: Archaludon|def|1
|
|-weather|RainDance|[upkeep]
|-sideend|p2: ninaez|move: Tailwind
|upkeep
|turn|5
|
|t:|1756414199
|move|p2a: Whimsicott|Tailwind|p2a: Whimsicott
|-sidestart|p2: ninaez|move: Tailwind
|move|p1b: Basculegion|Last Respects|p2a: Whimsicott
|-damage|p2a: Whimsicott|0 fnt
|faint|p2a: Whimsicott
|move|p2b: Dragonite|Scale Shot|p1b: Basculegion
|-damage|p1b: Basculegion|83/100
|-damage|p1b: Basculegion|65/100
|-damage|p1b: Basculegion|46/100
|-damage|p1b: Basculegion|26/100
|-damage|p1b: Basculegion|8/100
|-hitcount|p1b: Basculegion|5
|-unboost|p2b: Dragonite|def|1
|-boost|p2b: Dragonite|spe|1
|move|p1a: Archaludon|Electro Shot||[still]
|-prepare|p1a: Archaludon|Electro Shot
|-boost|p1a: Archaludon|spa|1
|-anim|p1a: Archaludon|Electro Shot|p2b: Dragonite
|-damage|p2b: Dragonite|0 fnt
|faint|p2b: Dragonite
|
|-weather|none
|-sideend|p1: TheCrazyMonkey14|move: Tailwind
|upkeep
|
|t:|1756414213
|switch|p2a: Archaludon|Archaludon, L50, F, tera:Electric|55/100
|switch|p2b: Ursaluna|Ursaluna-Bloodmoon, L50, M|100/100
|turn|6
|inactive|TheCrazyMonkey14 has 30 seconds left.
|inactive|TheCrazyMonkey14 has 20 seconds left.
|inactive|TheCrazyMonkey14 has 15 seconds left.
|
|t:|1756414254
|switch|p1a: Pelipper|Pelipper, L50, M|100/100
|-weather|RainDance|[from] ability: Drizzle|[of] p1a: Pelipper
|move|p2a: Archaludon|Protect|p2a: Archaludon
|-singleturn|p2a: Archaludon|Protect
|move|p1b: Basculegion|Last Respects|p2a: Archaludon
|-activate|p2a: Archaludon|move: Protect
|move|p2b: Ursaluna|Hyper Voice|p1a: Pelipper|[spread] p1a,p1b
|-damage|p1a: Pelipper|34/100
|-damage|p1b: Basculegion|0 fnt
|faint|p1b: Basculegion
|
|-weather|RainDance|[upkeep]
|upkeep
|
|t:|1756414267
|switch|p1b: Archaludon|Archaludon, L50, F|42/100
|turn|7
|
|t:|1756414272
|move|p2a: Archaludon|Dragon Pulse|p1b: Archaludon
|-damage|p1b: Archaludon|8/100
|-ability|p1b: Archaludon|Stamina|boost
|-boost|p1b: Archaludon|def|1
|move|p2b: Ursaluna|Hyper Voice|p1a: Pelipper|[spread] p1a,p1b
|-resisted|p1b: Archaludon
|-damage|p1a: Pelipper|0 fnt
|-damage|p1b: Archaludon|0 fnt
|faint|p1a: Pelipper
|faint|p1b: Archaludon
|
|win|ninaez
||ninaez is ready for game 2.
||TheCrazyMonkey14 is ready for game 2.
|uhtml|next|Next: Game 2 of 3
