|j|☆jandriv
|j|☆darthmorton
|html|jandrivdarthmorton    
|uhtml|bestof|Game 2 of a best-of-3
|t:|1785350307
|gametype|doubles
|player|p1|jandriv|drayden|
|player|p2|darthmorton|red|
|gen|9
|tier|[Gen 9 Champions] VGC 2026 Reg M-B (Bo3)
|rule|Species Clause: Limit one of each Pokémon
|rule|Item Clause: Limit 1 of each item
|clearpoke
|poke|p1|Hatterene, L50, F|
|poke|p1|Oranguru, L50, M|
|poke|p1|Mawile, L50, M|
|poke|p1|Kangaskhan, L50, F|
|poke|p1|Venusaur, L50, M|
|poke|p1|Torkoal, L50, M|
|poke|p2|Garchomp, L50, F|
|poke|p2|Incineroar, L50, M|
|poke|p2|Floette-Eternal, L50, F|
|poke|p2|Sinistcha, L50|
|poke|p2|Sneasler, L50, F|
|poke|p2|Kingambit, L50, F|
|teampreview|4
|showteam|p1|Hatterene||LifeOrb|MagicBounce|Protect,Psychic,TrickRoom,DazzlingGleam|Quiet||F|||50|]Oranguru||MentalHerb|InnerFocus|Protect,Instruct,Psychic,TrickRoom|Bold||M|||50|]Mawile||Mawilite|HyperCutter|SuckerPunch,PlayRough,Protect,IronHead|Brave||M|||50|]Kangaskhan||SilkScarf|Scrappy|LastResort,FakeOut|Brave||F|||50|]Venusaur||FocusSash|Chlorophyll|LeafStorm,SludgeBomb,SleepPowder,Protect|Modest||M|||50|]Torkoal||Charcoal|Drought|Eruption,Protect,EarthPower,HeatWave|Quiet||M|||50|
|showteam|p2|Garchomp||Garchompite|SandVeil|RockSlide,StompingTantrum,Earthquake,Protect|Adamant||F|||50|]Incineroar||Leftovers|Intimidate|FlareBlitz,HelpingHand,PartingShot,FakeOut|Sassy||M|||50|]Floette-Eternal||Floettite|FlowerVeil|DazzlingGleam,DrainingKiss,CalmMind,Protect|Timid||F|||50|]Sinistcha||SitrusBerry|Hospitality|MatchaGotcha,RagePowder,TrickRoom,Protect|Bold|||||50|]Sneasler||FocusSash|PoisonTouch|CloseCombat,DireClaw,FakeOut,Coaching|Naive||F|||50|]Kingambit||ChopleBerry|Defiant|KowtowCleave,SuckerPunch,IronHead,Protect|Adamant||F|||50|
|inactive|Battle timer is ON: inactive players will automatically lose when time's up. (requested by darthmorton)
|inactive|jandriv has 60 seconds left.
|
|t:|1785350347
|teamsize|p1|4
|teamsize|p2|4
|start
|switch|p1a: Torkoal|Torkoal, L50, M|100/100
|switch|p1b: Venusaur|Venusaur, L50, M|100/100
|switch|p2a: Incineroar|Incineroar, L50, M|100/100
|switch|p2b: Kingambit|Kingambit, L50, F|100/100
|-ability|p2a: Incineroar|Intimidate|boost
|-unboost|p1a: Torkoal|atk|1
|-unboost|p1b: Venusaur|atk|1
|-weather|SunnyDay|[from] ability: Drought|[of] p1a: Torkoal
|turn|1
|inactive|darthmorton has 30 seconds left.
|
|t:|1785350380
|move|p1a: Torkoal|Protect|p1a: Torkoal
|-singleturn|p1a: Torkoal|Protect
|move|p2a: Incineroar|Fake Out|p1a: Torkoal
|-activate|p1a: Torkoal|move: Protect
|move|p1b: Venusaur|Sleep Powder|p2b: Kingambit
|-status|p2b: Kingambit|slp|[from] move: Sleep Powder
|cant|p2b: Kingambit|slp
|
|-weather|SunnyDay|[upkeep]
|upkeep
|turn|2
|
|t:|1785350392
|switch|p1b: Oranguru|Oranguru, L50, M|100/100
|move|p2a: Incineroar|Parting Shot|p1a: Torkoal
|-unboost|p1a: Torkoal|atk|1
|-unboost|p1a: Torkoal|spa|1
|
|t:|1785350398
|switch|p2a: Garchomp|Garchomp, L50, F|100/100|[from] Parting Shot
|-curestatus|p2b: Kingambit|slp|[msg]
|move|p2b: Kingambit|Kowtow Cleave|p1a: Torkoal
|-damage|p1a: Torkoal|64/100
|move|p1a: Torkoal|Eruption|p2a: Garchomp|[spread] p2a,p2b
|-resisted|p2a: Garchomp|1
|-supereffective|p2b: Kingambit|1
|-damage|p2a: Garchomp|82/100
|-damage|p2b: Kingambit|30/100
|
|-weather|SunnyDay|[upkeep]
|upkeep
|turn|3
|inactive|jandriv has 30 seconds left.
|
|t:|1785350427
|detailschange|p2a: Garchomp|Garchomp-Mega, L50, F
|-mega|p2a: Garchomp|Garchomp|Garchompite
|move|p2a: Garchomp|Stomping Tantrum|p1b: Oranguru
|-damage|p1b: Oranguru|60/100
|move|p2b: Kingambit|Kowtow Cleave|p1b: Oranguru
|-supereffective|p1b: Oranguru|1
|-damage|p1b: Oranguru|0 fnt
|faint|p1b: Oranguru
|move|p1a: Torkoal|Heat Wave|p2b: Kingambit|[spread] p2a,p2b
|-resisted|p2a: Garchomp|1
|-supereffective|p2b: Kingambit|1
|-crit|p2b: Kingambit
|-damage|p2a: Garchomp|65/100
|-damage|p2b: Kingambit|0 fnt
|faint|p2b: Kingambit
|
|-weather|SunnyDay|[upkeep]
|upkeep
|
|t:|1785350438
|switch|p1b: Mawile|Mawile, L50, M|100/100
|switch|p2b: Incineroar|Incineroar, L50, M|100/100
|-ability|p2b: Incineroar|Intimidate|boost
|-unboost|p1a: Torkoal|atk|1
|-fail|p1b: Mawile|unboost|Attack|[from] ability: Hyper Cutter|[of] p1b: Mawile
|turn|4
|
|t:|1785350454
|move|p2a: Garchomp|Protect|p2a: Garchomp
|-singleturn|p2a: Garchomp|Protect
|move|p1b: Mawile|Protect|p1b: Mawile
|-singleturn|p1b: Mawile|Protect
|move|p1a: Torkoal|Protect|p1a: Torkoal
|-singleturn|p1a: Torkoal|Protect
|move|p2b: Incineroar|Parting Shot|p1b: Mawile
|-activate|p1b: Mawile|move: Protect
|
|-weather|SunnyDay|[upkeep]
|upkeep
|turn|5
|
|t:|1785350466
|switch|p1a: Venusaur|Venusaur, L50, M|100/100
|detailschange|p1b: Mawile|Mawile-Mega, L50, M
|-mega|p1b: Mawile|Mawile|Mawilite
|move|p2a: Garchomp|Stomping Tantrum|p1a: Venusaur
|-damage|p1a: Venusaur|30/100
|move|p2b: Incineroar|Flare Blitz|p1b: Mawile
|-supereffective|p1b: Mawile|1
|-damage|p1b: Mawile|0 fnt
|faint|p1b: Mawile
|-damage|p2b: Incineroar|74/100|[from] Recoil
|
|-weather|none
|-heal|p2b: Incineroar|80/100|[from] item: Leftovers
|upkeep
|
|t:|1785350476
|switch|p1b: Torkoal|Torkoal, L50, M|64/100
|-weather|SunnyDay|[from] ability: Drought|[of] p1b: Torkoal
|turn|6
|
|t:|1785350490
|move|p1a: Venusaur|Sleep Powder|p2a: Garchomp
|-status|p2a: Garchomp|slp|[from] move: Sleep Powder
|cant|p2a: Garchomp|slp
|move|p2b: Incineroar|Parting Shot|p1b: Torkoal
|-unboost|p1b: Torkoal|atk|1
|-unboost|p1b: Torkoal|spa|1
|
|t:|1785350495
|switch|p2b: Sinistcha|Sinistcha, L50|100/100|[from] Parting Shot
|-heal|p2a: Garchomp|90/100 slp|[from] ability: Hospitality|[of] p2b: Sinistcha
|move|p1b: Torkoal|Earth Power|p2b: Sinistcha
|-resisted|p2b: Sinistcha|1
|-damage|p2b: Sinistcha|91/100
|
|-weather|SunnyDay|[upkeep]
|upkeep
|turn|7
|
|t:|1785350506
|move|p2b: Sinistcha|Protect|p2b: Sinistcha
|-singleturn|p2b: Sinistcha|Protect
|move|p1a: Venusaur|Sludge Bomb|p2b: Sinistcha
|-activate|p2b: Sinistcha|move: Protect
|cant|p2a: Garchomp|slp
|move|p1b: Torkoal|Heat Wave|p2b: Sinistcha|[spread] p2a
|-activate|p2b: Sinistcha|move: Protect
|-resisted|p2a: Garchomp|1
|-damage|p2a: Garchomp|75/100 slp
|
|-weather|SunnyDay|[upkeep]
|upkeep
|turn|8
|
|t:|1785350521
|move|p1a: Venusaur|Leaf Storm|p2a: Garchomp
|-damage|p2a: Garchomp|25/100 slp
|-unboost|p1a: Venusaur|spa|2
|-curestatus|p2a: Garchomp|slp|[msg]
|move|p2a: Garchomp|Earthquake|p1b: Torkoal|[spread] p2b,p1a,p1b
|-resisted|p2b: Sinistcha|1
|-supereffective|p1b: Torkoal|1
|-damage|p2b: Sinistcha|70/100
|-damage|p1a: Venusaur|0 fnt
|-damage|p1b: Torkoal|0 fnt
|faint|p1a: Venusaur
|faint|p1b: Torkoal
|
|win|darthmorton
