|j|☆mr no sauce
|j|☆PursatiEvol
|html|mr no saucePursatiEvol    
|uhtml|bestof|Game 1 of a best-of-3
|t:|1756354895
|gametype|doubles
|player|p1|mr no sauce|courtney|1129
|player|p2|PursatiEvol|1|1079
|gen|9
|tier|[Gen 9] VGC 2025 Reg H (Bo3)
|rated|
|rule|Species Clause: Limit one of each Pokémon
|rule|Item Clause: Limit 1 of each item
|clearpoke
|poke|p1|Illumise, L50, F|
|poke|p1|Archaludon, L50, M|
|poke|p1|Pelipper, L50, F|
|poke|p1|Basculegion, L50, M|
|poke|p1|Amoonguss, L50, F|
|poke|p1|Ursaluna, L50, M|
|poke|p2|Sneasler, L50, F|
|poke|p2|Dragapult, L50, F|
|poke|p2|Primarina, L50, F|
|poke|p2|Rillaboom, L50, M|
|poke|p2|Kingambit, L50, M|
|poke|p2|Magmar, L50, M|
|teampreview|4
|showteam|p1|Illumise||CovertCloak|Prankster|StruggleBug,Tailwind,RainDance,Encore|||F|||50|,,,,,Dark]Archaludon||AssaultVest|Stamina|DragonPulse,FlashCannon,ElectroShot,BodyPress|||M|||50|,,,,,Bug]Pelipper||FocusSash|Drizzle|Hurricane,WeatherBall,WideGuard,Protect|||F|||50|,,,,,Stellar]Basculegion||ChoiceBand|SwiftSwim|WaveCrash,LastRespects,FlipTurn,AquaJet|||M|||50|,,,,,Water]Amoonguss||SitrusBerry|Regenerator|PollenPuff,Spore,RagePowder,Protect|||F|||50|,,,,,Water]Ursaluna||FlameOrb|Guts|Facade,HeadlongRush,Substitute,Protect|||M|||50|,,,,,Poison
|showteam|p2|Sneasler||FocusSash|PoisonTouch|CloseCombat,DireClaw,FakeOut,Protect|||F|||50|,,,,,Stellar]Dragapult||ChoiceBand|ClearBody|DragonDarts,TeraBlast,PhantomForce,Uturn|||F|||50|,,,,,Ghost]Primarina||SitrusBerry|LiquidVoice|HyperVoice,Moonblast,Haze,Protect|||F|||50|,,,,,Water]Rillaboom||AssaultVest|GrassySurge|WoodHammer,GrassyGlide,HighHorsepower,FakeOut|||M|||50|,,,,,Fire]Kingambit||BlackGlasses|Defiant|KowtowCleave,SuckerPunch,SwordsDance,Protect|||M|||50|,,,,,Ghost]Magmar||Eviolite|VitalSpirit|Overheat,WillOWisp,FollowMe,Protect|||M|||50|,,,,,Ghost
|
|t:|1756354938
|teamsize|p1|4
|teamsize|p2|4
|start
|switch|p1a: Illumise|Illumise, L50, F|100/100
|switch|p1b: Basculegion|Basculegion, L50, M, shiny|100/100
|switch|p2a: Magmar|Magmar, L50, M|100/100
|switch|p2b: Kingambit|Kingambit, L50, M|100/100
|turn|1
|
|t:|1756354978
|-terastallize|p1b: Basculegion|Water
|move|p2a: Magmar|Follow Me|p2a: Magmar
|-singleturn|p2a: Magmar|move: Follow Me
|move|p1a: Illumise|Rain Dance|p1a: Illumise
|-weather|RainDance
|move|p1b: Basculegion|Flip Turn|p2a: Magmar
|-supereffective|p2a: Magmar
|-damage|p2a: Magmar|0 fnt
|faint|p2a: Magmar
|
|t:|1756354994
|switch|p1b: Archaludon|Archaludon, L50, M|100/100|[from] Flip Turn
|move|p2b: Kingambit|Swords Dance|p2b: Kingambit
|-boost|p2b: Kingambit|atk|2
|
|-weather|RainDance|[upkeep]
|upkeep
|
|t:|1756355009
|switch|p2a: Sneasler|Sneasler, L50, F|100/100
|turn|2
|
|t:|1756355031
|-terastallize|p2a: Sneasler|Stellar
|move|p1a: Illumise|Tailwind|p1a: Illumise
|-sidestart|p1: mr no sauce|move: Tailwind
|move|p1b: Archaludon|Electro Shot||[still]
|-prepare|p1b: Archaludon|Electro Shot
|-boost|p1b: Archaludon|spa|1
|-anim|p1b: Archaludon|Electro Shot|p2a: Sneasler
|-damage|p2a: Sneasler|4/100
|move|p2a: Sneasler|Close Combat|p1b: Archaludon
|-supereffective|p1b: Archaludon
|-damage|p1b: Archaludon|0 fnt
|-unboost|p2a: Sneasler|def|1
|-unboost|p2a: Sneasler|spd|1
|faint|p1b: Archaludon
|move|p2b: Kingambit|Kowtow Cleave|p1a: Illumise
|-damage|p1a: Illumise|0 fnt
|faint|p1a: Illumise
|
|-weather|RainDance|[upkeep]
|upkeep
|
|t:|1756355048
|switch|p1b: Basculegion|Basculegion, L50, M, shiny, tera:Water|100/100
|switch|p1a: Amoonguss|Amoonguss, L50, F, shiny|100/100
|turn|3
|
|t:|1756355074
|move|p1b: Basculegion|Wave Crash|p2b: Kingambit
|-damage|p2b: Kingambit|0 fnt
|faint|p2b: Kingambit
|-damage|p1b: Basculegion|68/100|[from] Recoil
|move|p2a: Sneasler|Dire Claw|p1b: Basculegion
|-damage|p1b: Basculegion|2/100
|-status|p1b: Basculegion|slp
|move|p1a: Amoonguss|Pollen Puff|p2a: Sneasler
|-resisted|p2a: Sneasler
|-damage|p2a: Sneasler|0 fnt
|faint|p2a: Sneasler
|
|-weather|RainDance|[upkeep]
|upkeep
|
|t:|1756355085
|switch|p2b: Rillaboom|Rillaboom, L50, M|100/100
|-fieldstart|move: Grassy Terrain|[from] ability: Grassy Surge|[of] p2b: Rillaboom
|turn|4
|
|t:|1756355108
|move|p2b: Rillaboom|Fake Out|p1b: Basculegion
|-damage|p1b: Basculegion|0 fnt
|faint|p1b: Basculegion
|move|p1a: Amoonguss|Pollen Puff|p2b: Rillaboom
|-supereffective|p2b: Rillaboom
|-damage|p2b: Rillaboom|73/100
|
|-weather|RainDance|[upkeep]
|-heal|p2b: Rillaboom|79/100|[from] Grassy Terrain
|upkeep
|turn|5
|
|t:|1756355117
|move|p2b: Rillaboom|High Horsepower|p1a: Amoonguss
|-damage|p1a: Amoonguss|76/100
|move|p1a: Amoonguss|Pollen Puff|p2b: Rillaboom
|-supereffective|p2b: Rillaboom
|-damage|p2b: Rillaboom|50/100
|
|-weather|none
|-heal|p2b: Rillaboom|56/100|[from] Grassy Terrain
|-heal|p1a: Amoonguss|82/100|[from] Grassy Terrain
|-sideend|p1: mr no sauce|move: Tailwind
|upkeep
|turn|6
|
|t:|1756355121
|move|p2b: Rillaboom|High Horsepower|p1a: Amoonguss
|-damage|p1a: Amoonguss|58/100
|move|p1a: Amoonguss|Pollen Puff|p2b: Rillaboom
|-supereffective|p2b: Rillaboom
|-damage|p2b: Rillaboom|26/100
|
|-heal|p2b: Rillaboom|32/100|[from] Grassy Terrain
|-heal|p1a: Amoonguss|64/100|[from] Grassy Terrain
|upkeep
|turn|7
|
|t:|1756355125
|move|p2b: Rillaboom|High Horsepower|p1a: Amoonguss
|-damage|p1a: Amoonguss|38/100
|-enditem|p1a: Amoonguss|Sitrus Berry|[eat]
|-heal|p1a: Amoonguss|63/100|[from] item: Sitrus Berry
|move|p1a: Amoonguss|Pollen Puff|p2b: Rillaboom
|-supereffective|p2b: Rillaboom
|-damage|p2b: Rillaboom|3/100
|
|-heal|p2b: Rillaboom|9/100|[from] Grassy Terrain
|-heal|p1a: Amoonguss|69/100|[from] Grassy Terrain
|upkeep
|turn|8
|
|t:|1756355132
|move|p2b: Rillaboom|High Horsepower|p1a: Amoonguss
|-damage|p1a: Amoonguss|41/100
|move|p1a: Amoonguss|Pollen Puff|p2b: Rillaboom
|-supereffective|p2b: Rillaboom
|-damage|p2b: Rillaboom|0 fnt
|faint|p2b: Rillaboom
|
|win|mr no sauce
||mr no sauce is ready for game 2.
|inactive|PursatiEvol has 30 seconds to confirm battle start!
|inactive|PursatiEvol has 20 seconds to confirm battle start!
||PursatiEvol is ready for game 2.
|uhtml|next|Next: Game 2 of 3
|l|☆mr no sauce
|player|p1|
|j|☆mr no sauce
|player|p1|mr no sauce|courtney|
