|j|☆elmono11
|j|☆trinton07
|html|elmono11trinton07    
|uhtml|bestof|Game 1 of a best-of-3
|t:|1785612336
|gametype|doubles
|player|p1|elmono11|101|1415
|player|p2|trinton07|265|1270
|gen|9
|tier|[Gen 9 Champions] VGC 2026 Reg M-B (Bo3)
|rated|
|rule|Species Clause: Limit one of each Pokémon
|rule|Item Clause: Limit 1 of each item
|clearpoke
|poke|p1|Charizard, L50, M|
|poke|p1|Floette-Eternal, L50, F|
|poke|p1|Garchomp, L50, F|
|poke|p1|Kingambit, L50, M|
|poke|p1|Basculegion, L50, M|
|poke|p1|Whimsicott, L50, F|
|poke|p2|Gengar, L50, F|
|poke|p2|Archaludon, L50, M|
|poke|p2|Politoed, L50, F|
|poke|p2|Swampert, L50, F|
|poke|p2|Vivillon, L50, F|
|poke|p2|Incineroar, L50, F|
|teampreview|4
|showteam|p1|Charizard||CharizarditeY|Blaze|HeatWave,WeatherBall,SolarBeam,Protect|Modest||M|||50|]Floette-Eternal||Floettite|FlowerVeil|Moonblast,DazzlingGleam,LightofRuin,Protect|Modest||F|||50|]Garchomp||LifeOrb|RoughSkin|Earthquake,DragonClaw,RockSlide,Protect|Jolly||F|||50|]Kingambit||BlackGlasses|Defiant|KowtowCleave,SuckerPunch,IronHead,Protect|Adamant||M|||50|]Basculegion||MysticWater|Adaptability|WaveCrash,LastRespects,AquaJet,Protect|Adamant||M|||50|]Whimsicott||FocusSash|Prankster|Moonblast,Tailwind,Encore,Protect|Timid||F|||50|
|showteam|p2|Gengar||Gengarite|CursedBody|ShadowBall,SludgeBomb,PerishSong,Protect|Modest||F|||50|]Archaludon||Leftovers|Stamina|ElectroShot,DragonPulse,FlashCannon,Protect|Bold||M|||50|]Politoed||SitrusBerry|Drizzle|WeatherBall,Hypnosis,PerishSong,Protect|Calm||F|||50|]Swampert||Swampertite|Torrent|WaveCrash,Earthquake,IcePunch,Protect|Adamant||F|||50|]Vivillon||FocusSash|CompoundEyes|Hurricane,SleepPowder,RagePowder,Protect|Timid||F|||50|]Incineroar||PasshoBerry|Intimidate|ThroatChop,FakeOut,PartingShot,Protect|Impish||F|||50|
|inactive|Battle timer is ON: inactive players will automatically lose when time's up. (requested by elmono11)
|
|t:|1785612370
|teamsize|p1|4
|teamsize|p2|4
|start
|switch|p1a: Basculegion|Basculegion, L50, M|100/100
|switch|p1b: Kingambit|Kingambit, L50, M|100/100
|switch|p2a: Gengar|Gengar, L50, F|100/100
|switch|p2b: Vivillon|Vivillon, L50, F|100/100
|turn|1
|
|t:|1785612388
|switch|p2a: Politoed|Politoed, L50, F|100/100
|-weather|RainDance|[from] ability: Drizzle|[of] p2a: Politoed
|switch|p1a: Whimsicott|Whimsicott, L50, F|100/100
|move|p1b: Kingambit|Protect|p1b: Kingambit
|-singleturn|p1b: Kingambit|Protect
|move|p2b: Vivillon|Sleep Powder|p1a: Whimsicott
|-immune|p1a: Whimsicott
|
|-weather|RainDance|[upkeep]
|upkeep
|turn|2
|inactive|elmono11 has 30 seconds left.
|inactive|elmono11 has 20 seconds left.
|
|t:|1785612427
|move|p1a: Whimsicott|Moonblast|p2b: Vivillon
|-damage|p2b: Vivillon|29/100
|move|p2b: Vivillon|Sleep Powder|p1b: Kingambit
|-status|p1b: Kingambit|slp|[from] move: Sleep Powder
|cant|p1b: Kingambit|slp
|move|p2a: Politoed|Perish Song|p2a: Politoed
|-start|p1a: Whimsicott|perish3|[silent]
|-start|p1b: Kingambit|perish3|[silent]
|-start|p2a: Politoed|perish3|[silent]
|-start|p2b: Vivillon|perish3|[silent]
|-fieldactivate|move: Perish Song
|
|-weather|RainDance|[upkeep]
|-start|p1a: Whimsicott|perish3
|-start|p2b: Vivillon|perish3
|-start|p1b: Kingambit|perish3
|-start|p2a: Politoed|perish3
|upkeep
|turn|3
|inactive|elmono11 has 30 seconds left.
|
|t:|1785612452
|switch|p2a: Gengar|Gengar, L50, F|100/100
|move|p1a: Whimsicott|Encore||[still]
|-fail|p1a: Whimsicott
|move|p2b: Vivillon|Sleep Powder|p1b: Kingambit
|-fail|p1b: Kingambit|slp
|cant|p1b: Kingambit|slp
|
|-weather|RainDance|[upkeep]
|-start|p1a: Whimsicott|perish2
|-start|p2b: Vivillon|perish2
|-start|p1b: Kingambit|perish2
|upkeep
|turn|4
|inactive|elmono11 has 30 seconds left.
|inactive|elmono11 has 20 seconds left.
|inactive|elmono11 has 15 seconds left.
|
|t:|1785612494
|switch|p2b: Politoed|Politoed, L50, F|100/100
|switch|p1b: Charizard|Charizard, L50, M|100/100
|detailschange|p2a: Gengar|Gengar-Mega, L50, F
|-mega|p2a: Gengar|Gengar|Gengarite
|move|p2a: Gengar|Protect|p2a: Gengar
|-singleturn|p2a: Gengar|Protect
|move|p1a: Whimsicott|Moonblast|p2b: Politoed
|-crit|p2b: Politoed
|-damage|p2b: Politoed|61/100
|
|-weather|RainDance|[upkeep]
|-start|p1a: Whimsicott|perish1
|upkeep
|turn|5
|
|t:|1785612513
|switch|p2a: Incineroar|Incineroar, L50, F|100/100
|-ability|p2a: Incineroar|Intimidate|boost
|-unboost|p1a: Whimsicott|atk|1
|-unboost|p1b: Charizard|atk|1
|detailschange|p1b: Charizard|Charizard-Mega-Y, L50, M
|-mega|p1b: Charizard|Charizard|Charizardite Y
|-weather|SunnyDay|[from] ability: Drought|[of] p1b: Charizard
|move|p1a: Whimsicott|Tailwind|p1a: Whimsicott
|-sidestart|p1: elmono11|move: Tailwind
|move|p1b: Charizard|Heat Wave|p2b: Politoed|[spread] p2a,p2b
|-resisted|p2a: Incineroar|1
|-resisted|p2b: Politoed|1
|-damage|p2a: Incineroar|75/100
|-damage|p2b: Politoed|36/100
|-enditem|p2b: Politoed|Sitrus Berry|[eat]
|-heal|p2b: Politoed|61/100|[from] item: Sitrus Berry
|move|p2b: Politoed|Weather Ball|p1b: Charizard
|-resisted|p1b: Charizard|1
|-damage|p1b: Charizard|86/100
|
|-weather|SunnyDay|[upkeep]
|-start|p1a: Whimsicott|perish0
|faint|p1a: Whimsicott
|upkeep
|
|t:|1785612521
|switch|p1a: Basculegion|Basculegion, L50, M|100/100
|turn|6
|inactive|elmono11 has 30 seconds left.
|inactive|trinton07 has 30 seconds left.
|inactive|elmono11 has 20 seconds left.
|inactive|trinton07 has 20 seconds left.
|inactive|trinton07 has 15 seconds left.
|
|t:|1785612564
|switch|p1b: Kingambit|Kingambit, L50, M|100/100 slp
|switch|p2b: Vivillon|Vivillon, L50, F|29/100
|move|p1a: Basculegion|Last Respects|p2b: Vivillon
|-damage|p2b: Vivillon|0 fnt
|faint|p2b: Vivillon
|move|p2a: Incineroar|Throat Chop|p1a: Basculegion
|-supereffective|p1a: Basculegion|1
|-damage|p1a: Basculegion|38/100
|-start|p1a: Basculegion|Throat Chop|[silent]
|
|-weather|SunnyDay|[upkeep]
|upkeep
|
|t:|1785612575
|switch|p2b: Gengar|Gengar-Mega, L50, F|100/100
|turn|7
|inactive|elmono11 has 30 seconds left.
|inactive|elmono11 has 20 seconds left.
|inactive|trinton07 has 30 seconds left.
|inactive|elmono11 has 15 seconds left.
|inactive|elmono11 has 10 seconds left.
|
|t:|1785612621
|move|p1a: Basculegion|Protect|p1a: Basculegion
|-singleturn|p1a: Basculegion|Protect
|move|p2b: Gengar|Protect|p2b: Gengar
|-singleturn|p2b: Gengar|Protect
|-curestatus|p1b: Kingambit|slp|[msg]
|move|p1b: Kingambit|Kowtow Cleave|p2b: Gengar
|-activate|p2b: Gengar|move: Protect
|move|p2a: Incineroar|Parting Shot|p1a: Basculegion
|-activate|p1a: Basculegion|move: Protect
|
|-weather|SunnyDay|[upkeep]
|-end|p1a: Basculegion|Throat Chop|[silent]
|upkeep
|turn|8
|inactive|elmono11 has 30 seconds left.
|
|t:|1785612652
|switch|p2b: Politoed|Politoed, L50, F|61/100
|-weather|RainDance|[from] ability: Drizzle|[of] p2b: Politoed
|move|p1a: Basculegion|Wave Crash|p2a: Incineroar
|-supereffective|p2a: Incineroar|1
|-enditem|p2a: Incineroar|Passho Berry|[eat]
|-enditem|p2a: Incineroar|Passho Berry|[weaken]
|-damage|p2a: Incineroar|0 fnt
|faint|p2a: Incineroar
|-damage|p1a: Basculegion|13/100|[from] Recoil
|move|p1b: Kingambit|Kowtow Cleave|p2b: Politoed
|-damage|p2b: Politoed|10/100
|
|-weather|RainDance|[upkeep]
|-sideend|p1: elmono11|move: Tailwind
|upkeep
|
|t:|1785612664
|switch|p2a: Gengar|Gengar-Mega, L50, F|100/100
|turn|9
|
|t:|1785612673
|move|p2b: Politoed|Protect|p2b: Politoed
|-singleturn|p2b: Politoed|Protect
|move|p2a: Gengar|Shadow Ball|p1a: Basculegion
|-supereffective|p1a: Basculegion|1
|-damage|p1a: Basculegion|0 fnt
|faint|p1a: Basculegion
|move|p1b: Kingambit|Kowtow Cleave|p2a: Gengar
|-supereffective|p2a: Gengar|1
|-damage|p2a: Gengar|0 fnt
|faint|p2a: Gengar
|
|-weather|RainDance|[upkeep]
|upkeep
|
|t:|1785612678
|switch|p1a: Charizard|Charizard-Mega-Y, L50, M|86/100
|-weather|SunnyDay|[from] ability: Drought|[of] p1a: Charizard
|turn|10
|
|t:|1785612688
|move|p1a: Charizard|Weather Ball|p2b: Politoed
|-resisted|p2b: Politoed|1
|-damage|p2b: Politoed|0 fnt
|faint|p2b: Politoed
|
|win|elmono11
