|j|☆Lorido
|j|☆nefifi
|html|Loridonefifi    
|uhtml|bestof|Game 2 of a best-of-3
|t:|1784654013
|gametype|doubles
|player|p1|Lorido|101|1213
|player|p2|nefifi|burglar|1188
|gen|9
|tier|[Gen 9 Champions] VGC 2026 Reg M-B (Bo3)
|rated|
|rule|Species Clause: Limit one of each Pokémon
|rule|Item Clause: Limit 1 of each item
|clearpoke
|poke|p1|Aerodactyl, L50, M|
|poke|p1|Kingambit, L50, F|
|poke|p1|Sylveon, L50, M|
|poke|p1|Charizard, L50, F|
|poke|p1|Garchomp, L50, F|
|poke|p1|Farigiraf, L50, F|
|poke|p2|Primarina, L50, F|
|poke|p2|Froslass, L50, F, shiny|
|poke|p2|Meowstic, L50, M|
|poke|p2|Blaziken, L50, F|
|poke|p2|Lycanroc-Dusk, L50, M|
|poke|p2|Garchomp, L50, F|
|teampreview|4
|showteam|p1|Aerodactyl||Aerodactylite|Unnerve|RockSlide,DualWingbeat,IceFang,Tailwind|Jolly||M|||50|]Kingambit||BlackGlasses|Defiant|KowtowCleave,IronHead,SuckerPunch,LowKick|Jolly||F|||50|]Sylveon||FairyFeather|Pixilate|HyperVoice,QuickAttack,HyperBeam,Detect|Modest||M|||50|]Charizard||CharizarditeY|Blaze|HeatWave,WeatherBall,SolarBeam,Protect|Modest||F|||50|]Garchomp||LifeOrb|RoughSkin|DragonClaw,Earthquake,RockSlide,Protect|Jolly||F|||50|]Farigiraf||SitrusBerry|ArmorTail|TwinBeam,Thunderbolt,TrickRoom,HelpingHand|Relaxed||F|||50|
|showteam|p2|Primarina||ExpertBelt|LiquidVoice|Moonblast,Protect,EnergyBall,HyperVoice|Calm||F|||50|]Froslass||Froslassite|CursedBody|Blizzard,AuroraVeil,Protect,Hex|Modest||F|||50|]Meowstic||FocusSash|Prankster|FakeOut,Psychic,ThunderWave,Protect|Timid||M|||50|]Blaziken||Blazikenite|SpeedBoost|PoisonJab,BrickBreak,BlazeKick,Protect|Adamant||F|||50|]Lycanroc-Dusk||KingsRock|ToughClaws|CloseCombat,Accelerock,RockSlide,Protect|Adamant||M|||50|]Garchomp||MuscleBand|RoughSkin|Earthquake,Outrage,IronHead,Protect|Jolly||F|||50|
|inactive|Battle timer is ON: inactive players will automatically lose when time's up. (requested by Lorido)
|inactive|Lorido has 60 seconds left.
|inactive|Lorido has 30 seconds left.
|inactive|Lorido has 20 seconds left.
|
|t:|1784654088
|teamsize|p1|4
|teamsize|p2|4
|start
|switch|p1a: Sylveon|Sylveon, L50, M|100/100
|switch|p1b: Kingambit|Kingambit, L50, F|100/100
|switch|p2a: Primarina|Primarina, L50, F|100/100
|switch|p2b: Garchomp|Garchomp, L50, F|100/100
|turn|1
|inactive|Lorido has 30 seconds left.
|inactive|nefifi has 30 seconds left.
|
|t:|1784654121
|move|p2b: Garchomp|Protect|p2b: Garchomp
|-singleturn|p2b: Garchomp|Protect
|move|p1a: Sylveon|Detect|p1a: Sylveon
|-singleturn|p1a: Sylveon|Protect
|move|p1b: Kingambit|Kowtow Cleave|p2b: Garchomp
|-activate|p2b: Garchomp|move: Protect
|move|p2a: Primarina|Moonblast|p1b: Kingambit
|-damage|p1b: Kingambit|50/100g
|
|upkeep
|turn|2
|
|t:|1784654140
|move|p2b: Garchomp|Iron Head|p1a: Sylveon
|-supereffective|p1a: Sylveon|1
|-damage|p1a: Sylveon|38/100
|move|p1b: Kingambit|Iron Head|p2a: Primarina
|-damage|p2a: Primarina|40/100
|move|p1a: Sylveon|Hyper Voice|p2a: Primarina|[spread] p2a,p2b
|-supereffective|p2b: Garchomp|1
|-damage|p2a: Primarina|8/100
|-damage|p2b: Garchomp|10/100
|move|p2a: Primarina|Moonblast|p1b: Kingambit
|-damage|p1b: Kingambit|0 fnt
|faint|p1b: Kingambit
|
|upkeep
|
|t:|1784654155
|switch|p1b: Charizard|Charizard, L50, F|100/100
|turn|3
|
|t:|1784654166
|detailschange|p1b: Charizard|Charizard-Mega-Y, L50, F
|-mega|p1b: Charizard|Charizard|Charizardite Y
|-weather|SunnyDay|[from] ability: Drought|[of] p1b: Charizard
|move|p2b: Garchomp|Protect|p2b: Garchomp
|-singleturn|p2b: Garchomp|Protect
|move|p2a: Primarina|Protect|p2a: Primarina
|-singleturn|p2a: Primarina|Protect
|move|p1a: Sylveon|Quick Attack|p2b: Garchomp
|-activate|p2b: Garchomp|move: Protect
|move|p1b: Charizard|Solar Beam||[still]
|-prepare|p1b: Charizard|Solar Beam
|-anim|p1b: Charizard|Solar Beam|p2a: Primarina
|-activate|p2a: Primarina|move: Protect
|
|-weather|SunnyDay|[upkeep]
|upkeep
|turn|4
|
|t:|1784654185
|move|p2b: Garchomp|Iron Head|p1a: Sylveon
|-supereffective|p1a: Sylveon|1
|-damage|p1a: Sylveon|0 fnt
|faint|p1a: Sylveon
|move|p1b: Charizard|Heat Wave|p2b: Garchomp|[spread] p2a,p2b
|-resisted|p2a: Primarina|1
|-resisted|p2b: Garchomp|1
|-damage|p2a: Primarina|0 fnt
|-damage|p2b: Garchomp|0 fnt
|faint|p2a: Primarina
|faint|p2b: Garchomp
|
|-weather|SunnyDay|[upkeep]
|upkeep
|
|t:|1784654197
|switch|p2b: Froslass|Froslass, L50, F, shiny|100/100
|switch|p1a: Farigiraf|Farigiraf, L50, F|100/100
|switch|p2a: Lycanroc|Lycanroc-Dusk, L50, M|100/100
|turn|5
|
|t:|1784654210
|detailschange|p2b: Froslass|Froslass-Mega, L50, F, shiny
|-mega|p2b: Froslass|Froslass|Froslassite
|-weather|Snowscape|[from] ability: Snow Warning|[of] p2b: Froslass
|move|p1b: Charizard|Protect|p1b: Charizard
|-singleturn|p1b: Charizard|Protect
|move|p2b: Froslass|Aurora Veil|p2b: Froslass
|-sidestart|p2: nefifi|move: Aurora Veil
|move|p2a: Lycanroc|Rock Slide|p1b: Charizard|[spread] p1a
|-activate|p1b: Charizard|move: Protect
|-damage|p1a: Farigiraf|77/100
|move|p1a: Farigiraf|Trick Room|p1a: Farigiraf
|-fieldstart|move: Trick Room|[of] p1a: Farigiraf
|
|-weather|Snowscape|[upkeep]
|upkeep
|turn|6
|
|t:|1784654233
|move|p1a: Farigiraf|Twin Beam|p2a: Lycanroc
|-damage|p2a: Lycanroc|82/100
|-damage|p2a: Lycanroc|66/100
|-hitcount|p2a: Lycanroc|2
|move|p1b: Charizard|Heat Wave|p2b: Froslass|[spread] p2a
|-miss|p1b: Charizard|p2b: Froslass
|-resisted|p2a: Lycanroc|1
|-damage|p2a: Lycanroc|43/100
|move|p2a: Lycanroc|Rock Slide|p1b: Charizard|[spread] p1a,p1b
|-supereffective|p1b: Charizard|2
|-damage|p1a: Farigiraf|54/100
|-damage|p1b: Charizard|0 fnt
|faint|p1b: Charizard
|move|p2b: Froslass|Blizzard|p1a: Farigiraf
|-damage|p1a: Farigiraf|0 fnt
|faint|p1a: Farigiraf
|
|win|nefifi
