|j|☆Aronaldo2
|j|☆meikh_neiht
|html|Aronaldo2meikh_neiht    
|uhtml|bestof|Game 3 of a best-of-3
|t:|1782529927
|gametype|doubles
|player|p1|Aronaldo2|265|1140
|player|p2|meikh_neiht|lucas|1053
|gen|9
|tier|[Gen 9 Champions] VGC 2026 Reg M-B (Bo3)
|rated|
|rule|Species Clause: Limit one of each Pokémon
|rule|Item Clause: Limit 1 of each item
|clearpoke
|poke|p1|Beartic, L50, M|
|poke|p1|Pelipper, L50, M|
|poke|p1|Swampert, L50, M|
|poke|p1|Sableye, L50, F|
|poke|p1|Incineroar, L50, F|
|poke|p1|Kingambit, L50, F|
|poke|p2|Staraptor, L50, M|
|poke|p2|Sinistcha, L50|
|poke|p2|Maushold, L50|
|poke|p2|Kingambit, L50, M|
|poke|p2|Sneasler, L50, M|
|poke|p2|Delphox, L50, F|
|teampreview|4
|showteam|p1|Beartic||LifeOrb|SwiftSwim|IcicleCrash,RockSlide,Protect,HardPress|Jolly||M|||50|]Pelipper||FocusSash|Drizzle|Protect,WeatherBall,Hurricane,WideGuard|Timid||M|||50|]Swampert||Swampertite|Torrent|Protect,WaveCrash,HighHorsepower,FlipTurn|Adamant||M|||50|]Sableye||MentalHerb|Prankster|Encore,Disable,RainDance,Protect|Sassy||F|||50|]Incineroar||SitrusBerry|Intimidate|FakeOut,PartingShot,ThroatChop,Protect|Impish||F|||50|]Kingambit||BlackGlasses|Defiant|SwordsDance,SuckerPunch,KowtowCleave,Protect|Adamant||F|||50|
|showteam|p2|Staraptor||Staraptite|Intimidate|CloseCombat,BraveBird,Roost,Protect|Adamant||M|||50|]Sinistcha||SitrusBerry|Hospitality|RagePowder,MatchaGotcha,TrickRoom,LifeDew|Calm|||||50|]Maushold||ChopleBerry|FriendGuard|Encore,Charm,FollowMe,Protect|Timid|||||50|]Kingambit||OccaBerry|Defiant|KowtowCleave,SuckerPunch,SwordsDance,Protect|Adamant||M|||50|]Sneasler||WhiteHerb|Unburden|DireClaw,Protect,FakeOut,CloseCombat|Jolly||M|||50|]Delphox||Delphoxite|Blaze|HeatWave,Psyshock,NastyPlot,Protect|Timid||F|||50|
|inactive|Battle timer is ON: inactive players will automatically lose when time's up. (requested by Aronaldo2)
|inactive|Aronaldo2 has 60 seconds left.
|
|t:|1782529960
|teamsize|p1|4
|teamsize|p2|4
|start
|switch|p1a: Kingambit|Kingambit, L50, F|100/100
|switch|p1b: Sableye|Sableye, L50, F|100/100
|switch|p2a: Kingambit|Kingambit, L50, M|100/100
|switch|p2b: Sneasler|Sneasler, L50, M|100/100
|turn|1
|inactive|meikh_neiht has 30 seconds left.
|inactive|Aronaldo2 has 30 seconds left.
|inactive|Aronaldo2 has 20 seconds left.
|inactive|Aronaldo2 has 15 seconds left.
|
|t:|1782530012
|switch|p2b: Staraptor|Staraptor, L50, M|100/100
|-ability|p2b: Staraptor|Intimidate|boost
|-unboost|p1a: Kingambit|atk|1
|-ability|p1a: Kingambit|Defiant|boost
|-boost|p1a: Kingambit|atk|2
|-unboost|p1b: Sableye|atk|1
|switch|p1b: Pelipper|Pelipper, L50, M|100/100
|-weather|RainDance|[from] ability: Drizzle|[of] p1b: Pelipper
|move|p1a: Kingambit|Protect|p1a: Kingambit
|-singleturn|p1a: Kingambit|Protect
|move|p2a: Kingambit|Swords Dance|p2a: Kingambit
|-boost|p2a: Kingambit|atk|2
|
|-weather|RainDance|[upkeep]
|upkeep
|turn|2
|inactive|Aronaldo2 has 30 seconds left.
|inactive|Aronaldo2 has 20 seconds left.
|inactive|Aronaldo2 has 15 seconds left.
|
|t:|1782530054
|detailschange|p2b: Staraptor|Staraptor-Mega, L50, M
|-mega|p2b: Staraptor|Staraptor|Staraptite
|move|p2b: Staraptor|Protect|p2b: Staraptor
|-singleturn|p2b: Staraptor|Protect
|move|p1a: Kingambit|Sucker Punch|p2a: Kingambit
|-resisted|p2a: Kingambit|1
|-damage|p2a: Kingambit|73/100
|move|p1b: Pelipper|Weather Ball|p2a: Kingambit
|-damage|p2a: Kingambit|15/100
|move|p2a: Kingambit|Kowtow Cleave|p1b: Pelipper
|-enditem|p1b: Pelipper|Focus Sash
|-damage|p1b: Pelipper|1/100
|
|-weather|RainDance|[upkeep]
|upkeep
|turn|3
|
|t:|1782530078
|switch|p1b: Sableye|Sableye, L50, F|100/100
|move|p2a: Kingambit|Sucker Punch||[still]
|-fail|p2a: Kingambit
|move|p1a: Kingambit|Sucker Punch||[still]
|-fail|p1a: Kingambit
|move|p2b: Staraptor|Close Combat|p1a: Kingambit
|-supereffective|p1a: Kingambit|2
|-damage|p1a: Kingambit|0 fnt
|-boost|p2b: Staraptor|def|1
|-boost|p2b: Staraptor|spd|1
|faint|p1a: Kingambit
|
|-weather|RainDance|[upkeep]
|upkeep
|
|t:|1782530088
|switch|p1a: Swampert|Swampert, L50, M|100/100
|turn|4
|inactive|meikh_neiht has 30 seconds left.
|
|t:|1782530118
|switch|p2b: Sinistcha|Sinistcha, L50|100/100
|-heal|p2a: Kingambit|40/100|[from] ability: Hospitality|[of] p2b: Sinistcha
|detailschange|p1a: Swampert|Swampert-Mega, L50, M
|-mega|p1a: Swampert|Swampert|Swampertite
|move|p2a: Kingambit|Protect|p2a: Kingambit
|-singleturn|p2a: Kingambit|Protect
|move|p1b: Sableye|Disable||[still]
|-fail|p1b: Sableye
|move|p1a: Swampert|Flip Turn|p2a: Kingambit
|-activate|p2a: Kingambit|move: Protect
|
|-weather|RainDance|[upkeep]
|upkeep
|turn|5
|inactive|meikh_neiht has 30 seconds left.
|
|t:|1782530151
|switch|p1b: Pelipper|Pelipper, L50, M|1/100
|move|p2b: Sinistcha|Rage Powder|p2b: Sinistcha
|-singleturn|p2b: Sinistcha|move: Rage Powder
|move|p1a: Swampert|Flip Turn|p2b: Sinistcha
|-resisted|p2b: Sinistcha|1
|-damage|p2b: Sinistcha|72/100
|
|t:|1782530156
|switch|p1a: Sableye|Sableye, L50, F|100/100|[from] Flip Turn
|move|p2a: Kingambit|Kowtow Cleave|p1a: Sableye
|-damage|p1a: Sableye|0 fnt
|faint|p1a: Sableye
|
|-weather|none
|upkeep
|-message|Aronaldo2 forfeited.
|
|win|meikh_neiht
|raw|Aronaldo2's rating: 1140 → 1109(-31 for losing)
|raw|meikh_neiht's rating: 1053 → 1093(+40 for winning)
|l|☆Aronaldo2
|player|p1|
