|j|☆bingleston iii
|j|☆testdigi
|html|bingleston iiitestdigi    
|uhtml|bestof|Game 1 of a best-of-3
|t:|1785424306
|gametype|doubles
|player|p1|bingleston iii|1|1205
|player|p2|testdigi|169|1139
|gen|9
|tier|[Gen 9 Champions] VGC 2026 Reg M-B (Bo3)
|rated|
|rule|Species Clause: Limit one of each Pokémon
|rule|Item Clause: Limit 1 of each item
|clearpoke
|poke|p1|Charizard, L50, F|
|poke|p1|Glimmora, L50, F|
|poke|p1|Kingambit, L50, M|
|poke|p1|Mamoswine, L50, F|
|poke|p1|Basculegion, L50, M|
|poke|p1|Whimsicott, L50, M|
|poke|p2|Tyranitar, L50, F|
|poke|p2|Excadrill, L50, F|
|poke|p2|Gholdengo, L50, shiny|
|poke|p2|Milotic, L50, M, shiny|
|poke|p2|Sinistcha, L50|
|poke|p2|Staraptor, L50, M|
|teampreview|4
|showteam|p1|Charizard||CharizarditeY|Blaze|HeatWave,WeatherBall,SolarBeam,Protect|Modest||F|||50|]Glimmora||Glimmoranite|ToxicDebris|PowerGem,SludgeBomb,EarthPower,SpikyShield|Timid||F|||50|]Kingambit||ChopleBerry|Defiant|KowtowCleave,SuckerPunch,LowKick,Protect|Adamant||M|||50|]Mamoswine||LifeOrb|Oblivious|IcicleCrash,HighHorsepower,IceShard,Protect|Adamant||F|||50|]Basculegion||MysticWater|Adaptability|WaveCrash,LastRespects,AquaJet,Protect|Adamant||M|||50|]Whimsicott||FocusSash|Prankster|Moonblast,Tailwind,Encore,Protect|Timid||M|||50|
|showteam|p2|Tyranitar||Tyranitarite|SandStream|RockSlide,KnockOff,LowKick,Protect|Adamant||F|||50|]Excadrill||FocusSash|SandRush|HighHorsepower,IronHead,RockTomb,Protect|Adamant||F|||50|]Gholdengo||LifeOrb|GoodasGold|ShadowBall,MakeItRain,NastyPlot,Protect|Modest|||||50|]Milotic||Leftovers|Competitive|Scald,Recover,IcyWind,Protect|Calm||M|||50|]Sinistcha||ColburBerry|Hospitality|MatchaGotcha,ShadowBall,RagePowder,Protect|Relaxed|||||50|]Staraptor||Staraptite|Intimidate|CloseCombat,BraveBird,Tailwind,Protect|Jolly||M|||50|
|inactive|Battle timer is ON: inactive players will automatically lose when time's up. (requested by testdigi)
|
|t:|1785424364
|teamsize|p1|4
|teamsize|p2|4
|start
|switch|p1a: Whimsicott|Whimsicott, L50, M|100/100
|switch|p1b: Mamoswine|Mamoswine, L50, F|100/100
|switch|p2a: Milotic|Milotic, L50, M, shiny|100/100
|switch|p2b: Tyranitar|Tyranitar, L50, F|100/100
|-weather|Sandstorm|[from] ability: Sand Stream|[of] p2b: Tyranitar
|turn|1
|inactive|bingleston iii has 30 seconds left.
|inactive|testdigi has 30 seconds left.
|
|t:|1785424399
|move|p2b: Tyranitar|Protect|p2b: Tyranitar
|-singleturn|p2b: Tyranitar|Protect
|move|p1a: Whimsicott|Tailwind|p1a: Whimsicott
|-sidestart|p1: bingleston iii|move: Tailwind
|move|p1b: Mamoswine|High Horsepower|p2b: Tyranitar
|-activate|p2b: Tyranitar|move: Protect
|move|p2a: Milotic|Icy Wind|p1a: Whimsicott|[spread] p1a,p1b
|-supereffective|p1a: Whimsicott|1
|-damage|p1a: Whimsicott|64/100
|-damage|p1b: Mamoswine|85/100
|-unboost|p1a: Whimsicott|spe|1
|-unboost|p1b: Mamoswine|spe|1
|
|-weather|Sandstorm|[upkeep]
|-damage|p1a: Whimsicott|59/100|[from] Sandstorm
|-damage|p2a: Milotic|94/100|[from] Sandstorm
|-heal|p2a: Milotic|100/100|[from] item: Leftovers
|upkeep
|turn|2
|
|t:|1785424421
|switch|p2b: Sinistcha|Sinistcha, L50|100/100
|move|p1a: Whimsicott|Encore|p2a: Milotic
|-start|p2a: Milotic|Encore
|move|p1b: Mamoswine|High Horsepower|p2b: Sinistcha
|-resisted|p2b: Sinistcha|1
|-damage|p2b: Sinistcha|73/100
|-damage|p1b: Mamoswine|75/100|[from] item: Life Orb
|move|p2a: Milotic|Icy Wind|p1b: Mamoswine|[spread] p1a,p1b
|-supereffective|p1a: Whimsicott|1
|-damage|p1a: Whimsicott|25/100
|-damage|p1b: Mamoswine|62/100
|-unboost|p1a: Whimsicott|spe|1
|-unboost|p1b: Mamoswine|spe|1
|
|-weather|Sandstorm|[upkeep]
|-damage|p1a: Whimsicott|19/100|[from] Sandstorm
|-damage|p2a: Milotic|94/100|[from] Sandstorm
|-damage|p2b: Sinistcha|67/100|[from] Sandstorm
|-heal|p2a: Milotic|100/100|[from] item: Leftovers
|upkeep
|turn|3
|inactive|testdigi has 30 seconds left.
|
|t:|1785424461
|switch|p1a: Glimmora|Glimmora, L50, F|100/100
|move|p2b: Sinistcha|Protect|p2b: Sinistcha
|-singleturn|p2b: Sinistcha|Protect
|move|p1b: Mamoswine|Icicle Crash|p2b: Sinistcha
|-activate|p2b: Sinistcha|move: Protect
|move|p2a: Milotic|Icy Wind|p1b: Mamoswine|[spread] p1a,p1b
|-damage|p1a: Glimmora|91/100
|-damage|p1b: Mamoswine|47/100
|-unboost|p1a: Glimmora|spe|1
|-unboost|p1b: Mamoswine|spe|1
|
|-weather|Sandstorm|[upkeep]
|-damage|p2a: Milotic|94/100|[from] Sandstorm
|-damage|p2b: Sinistcha|61/100|[from] Sandstorm
|-heal|p2a: Milotic|100/100|[from] item: Leftovers
|upkeep
|turn|4
|
|t:|1785424485
|switch|p2b: Tyranitar|Tyranitar, L50, F|100/100
|detailschange|p1a: Glimmora|Glimmora-Mega, L50, F
|-mega|p1a: Glimmora|Glimmora|Glimmoranite
|move|p1a: Glimmora|Sludge Bomb|p2a: Milotic
|-damage|p2a: Milotic|51/100
|move|p1b: Mamoswine|High Horsepower|p2a: Milotic
|-damage|p2a: Milotic|0 fnt
|faint|p2a: Milotic
|-damage|p1b: Mamoswine|37/100|[from] item: Life Orb
|
|-weather|Sandstorm|[upkeep]
|-sideend|p1: bingleston iii|move: Tailwind
|upkeep
|
|t:|1785424493
|switch|p2a: Excadrill|Excadrill, L50, F|100/100
|turn|5
|
|t:|1785424510
|detailschange|p2b: Tyranitar|Tyranitar-Mega, L50, F
|-mega|p2b: Tyranitar|Tyranitar|Tyranitarite
|move|p1a: Glimmora|Spiky Shield|p1a: Glimmora
|-singleturn|p1a: Glimmora|move: Protect
|move|p1b: Mamoswine|Ice Shard|p2a: Excadrill
|-damage|p2a: Excadrill|56/100
|-damage|p1b: Mamoswine|28/100|[from] item: Life Orb
|move|p2a: Excadrill|High Horsepower|p1a: Glimmora
|-activate|p1a: Glimmora|move: Protect
|-damage|p2a: Excadrill|43/100|[from] Spiky Shield|[of] p1a: Glimmora
|move|p2b: Tyranitar|Rock Slide|p1b: Mamoswine|[spread] p1b
|-activate|p1a: Glimmora|move: Protect
|-damage|p1b: Mamoswine|0 fnt
|faint|p1b: Mamoswine
|
|-weather|none
|upkeep
|
|t:|1785424526
|switch|p1b: Whimsicott|Whimsicott, L50, M|19/100
|turn|6
|
|t:|1785424540
|switch|p2b: Sinistcha|Sinistcha, L50|61/100
|-heal|p2a: Excadrill|68/100|[from] ability: Hospitality|[of] p2b: Sinistcha
|move|p2a: Excadrill|Protect|p2a: Excadrill
|-singleturn|p2a: Excadrill|Protect
|move|p1b: Whimsicott|Tailwind|p1b: Whimsicott
|-sidestart|p1: bingleston iii|move: Tailwind
|move|p1a: Glimmora|Earth Power|p2a: Excadrill
|-activate|p2a: Excadrill|move: Protect
|
|upkeep
|turn|7
|inactive|bingleston iii has 30 seconds left.
|
|t:|1785424572
|switch|p1b: Basculegion|Basculegion, L50, M|100/100
|switch|p2a: Tyranitar|Tyranitar-Mega, L50, F|100/100
|-weather|Sandstorm|[from] ability: Sand Stream|[of] p2a: Tyranitar
|move|p1a: Glimmora|Spiky Shield|p1a: Glimmora
|-singleturn|p1a: Glimmora|move: Protect
|move|p2b: Sinistcha|Rage Powder|p2b: Sinistcha
|-singleturn|p2b: Sinistcha|move: Rage Powder
|
|-weather|Sandstorm|[upkeep]
|-damage|p1b: Basculegion|93/100|[from] Sandstorm
|-damage|p2b: Sinistcha|56/100|[from] Sandstorm
|upkeep
|turn|8
|
|t:|1785424595
|move|p2b: Sinistcha|Rage Powder|p2b: Sinistcha
|-singleturn|p2b: Sinistcha|move: Rage Powder
|move|p1b: Basculegion|Last Respects|p2b: Sinistcha
|-supereffective|p2b: Sinistcha|1
|-damage|p2b: Sinistcha|0 fnt
|faint|p2b: Sinistcha
|move|p1a: Glimmora|Earth Power|p2a: Tyranitar
|-supereffective|p2a: Tyranitar|1
|-damage|p2a: Tyranitar|62/100
|move|p2a: Tyranitar|Knock Off|p1b: Basculegion
|-supereffective|p1b: Basculegion|1
|-damage|p1b: Basculegion|0 fnt
|-enditem|p1b: Basculegion|Mystic Water|[from] move: Knock Off|[of] p2a: Tyranitar
|faint|p1b: Basculegion
|
|-weather|Sandstorm|[upkeep]
|upkeep
|
|t:|1785424605
|switch|p1b: Whimsicott|Whimsicott, L50, M|19/100
|switch|p2b: Excadrill|Excadrill, L50, F|68/100
|turn|9
|
|t:|1785424626
|move|p2a: Tyranitar|Protect|p2a: Tyranitar
|-singleturn|p2a: Tyranitar|Protect
|move|p1b: Whimsicott|Moonblast|p2a: Tyranitar
|-activate|p2a: Tyranitar|move: Protect
|move|p2b: Excadrill|Iron Head|p1b: Whimsicott
|-supereffective|p1b: Whimsicott|1
|-damage|p1b: Whimsicott|0 fnt
|faint|p1b: Whimsicott
|move|p1a: Glimmora|Earth Power|p2b: Excadrill
|-supereffective|p2b: Excadrill|1
|-damage|p2b: Excadrill|0 fnt
|faint|p2b: Excadrill
|
|-weather|Sandstorm|[upkeep]
|-sideend|p1: bingleston iii|move: Tailwind
|upkeep
|turn|10
|
|t:|1785424646
|move|p1a: Glimmora|Spiky Shield|p1a: Glimmora
|-singleturn|p1a: Glimmora|move: Protect
|move|p2a: Tyranitar|Rock Slide|p1a: Glimmora
|-activate|p1a: Glimmora|move: Protect
|
|-weather|Sandstorm|[upkeep]
|upkeep
|turn|11
|
|t:|1785424659
|move|p1a: Glimmora|Spiky Shield||[still]
|-fail|p1a: Glimmora
|move|p2a: Tyranitar|Rock Slide|p1a: Glimmora
|-damage|p1a: Glimmora|43/100
|
|-weather|none
|upkeep
|turn|12
|
|t:|1785424671
|move|p2a: Tyranitar|Knock Off|p1a: Glimmora
|-damage|p1a: Glimmora|0 fnt
|faint|p1a: Glimmora
|
|win|testdigi
||testdigi is ready for game 2.
||bingleston iii is ready for game 2.
|uhtml|next|Next: Game 2 of 3
|l|☆bingleston iii
|player|p1|
