|j|☆DrXJ13
|j|☆rbassa
|html|DrXJ13rbassa    
|uhtml|bestof|Game 2 of a best-of-3
|t:|1782989728
|gametype|doubles
|player|p1|DrXJ13|cyrus|1252
|player|p2|rbassa|101|1221
|gen|9
|tier|[Gen 9 Champions] VGC 2026 Reg M-B (Bo3)
|rated|
|rule|Species Clause: Limit one of each Pokémon
|rule|Item Clause: Limit 1 of each item
|clearpoke
|poke|p1|Froslass, L50, F|
|poke|p1|Sneasler, L50, F|
|poke|p1|Kingambit, L50, M|
|poke|p1|Scovillain, L50, M|
|poke|p1|Basculegion, L50, M|
|poke|p1|Lycanroc-Dusk, L50, M|
|poke|p2|Sylveon, L50, M|
|poke|p2|Aerodactyl, L50, F|
|poke|p2|Kingambit, L50, M|
|poke|p2|Garchomp, L50, F|
|poke|p2|Charizard, L50, F|
|poke|p2|Farigiraf, L50, F|
|teampreview|4
|showteam|p1|Froslass||Froslassite|CursedBody|Blizzard,ShadowBall,AuroraVeil,Protect|Modest||F|||50|]Sneasler||WhiteHerb|Unburden|FakeOut,CloseCombat,DireClaw,Protect|Jolly||F|||50|]Kingambit||BlackGlasses|Defiant|SwordsDance,SuckerPunch,Protect,KowtowCleave|Adamant||M|||50|]Scovillain||Scovillainite|Moody|Overheat,GigaDrain,RagePowder,Protect|Bold||M|||50|]Basculegion||ChoiceScarf|Adaptability|AquaJet,FlipTurn,WaveCrash,LastRespects|Jolly||M|||50|]Lycanroc-Dusk||FocusSash|ToughClaws|Accelerock,CloseCombat,RockSlide,Protect|Adamant||M|||50|
|showteam|p2|Sylveon||FairyFeather|Pixilate|HyperVoice,HyperBeam,QuickAttack,Detect|Modest||M|||50|]Aerodactyl||Aerodactylite|Unnerve|RockSlide,DualWingbeat,Tailwind,IceFang|Jolly||F|||50|]Kingambit||FocusSash|Defiant|KowtowCleave,SuckerPunch,IronHead,LowKick|Adamant||M|||50|]Garchomp||LifeOrb|RoughSkin|Earthquake,StompingTantrum,DragonClaw,Protect|Jolly||F|||50|]Charizard||CharizarditeY|Blaze|HeatWave,WeatherBall,SolarBeam,Protect|Modest||F|||50|]Farigiraf||SitrusBerry|ArmorTail|Thunderbolt,Psychic,TrickRoom,Protect|Relaxed||F|||50|
|inactive|Battle timer is ON: inactive players will automatically lose when time's up. (requested by DrXJ13)
|
|t:|1782989756
|teamsize|p1|4
|teamsize|p2|4
|start
|switch|p1a: Sneasler|Sneasler, L50, F|100/100
|switch|p1b: Lycanroc|Lycanroc-Dusk, L50, M|100/100
|switch|p2a: Aerodactyl|Aerodactyl, L50, F|100/100
|switch|p2b: Kingambit|Kingambit, L50, M|100/100
|-ability|p2a: Aerodactyl|Unnerve
|turn|1
|
|t:|1782989770
|detailschange|p2a: Aerodactyl|Aerodactyl-Mega, L50, F
|-mega|p2a: Aerodactyl|Aerodactyl|Aerodactylite
|move|p1a: Sneasler|Fake Out|p2a: Aerodactyl
|-resisted|p2a: Aerodactyl|1
|-damage|p2a: Aerodactyl|93/100
|cant|p2a: Aerodactyl|flinch
|move|p1b: Lycanroc|Close Combat|p2b: Kingambit
|-supereffective|p2b: Kingambit|2
|-enditem|p2b: Kingambit|Focus Sash
|-damage|p2b: Kingambit|1/100
|-unboost|p1b: Lycanroc|def|1
|-unboost|p1b: Lycanroc|spd|1
|move|p2b: Kingambit|Iron Head|p1b: Lycanroc
|-supereffective|p1b: Lycanroc|1
|-enditem|p1b: Lycanroc|Focus Sash
|-damage|p1b: Lycanroc|1/100
|
|upkeep
|turn|2
|inactive|DrXJ13 has 30 seconds left.
|
|t:|1782989801
|switch|p2b: Sylveon|Sylveon, L50, M|100/100
|move|p1b: Lycanroc|Accelerock|p2a: Aerodactyl
|-supereffective|p2a: Aerodactyl|1
|-damage|p2a: Aerodactyl|31/100
|move|p2a: Aerodactyl|Dual Wingbeat|p1a: Sneasler
|-supereffective|p1a: Sneasler|1
|-damage|p1a: Sneasler|40/100
|-supereffective|p1a: Sneasler|1
|-damage|p1a: Sneasler|0 fnt
|faint|p1a: Sneasler
|-hitcount|p1: Sneasler|2
|
|upkeep
|
|t:|1782989806
|switch|p1a: Froslass|Froslass, L50, F|100/100
|turn|3
|
|t:|1782989829
|switch|p2a: Kingambit|Kingambit, L50, M|1/100
|detailschange|p1a: Froslass|Froslass-Mega, L50, F
|-mega|p1a: Froslass|Froslass|Froslassite
|-weather|Snowscape|[from] ability: Snow Warning|[of] p1a: Froslass
|move|p1b: Lycanroc|Accelerock|p2b: Sylveon
|-damage|p2b: Sylveon|69/100
|move|p1a: Froslass|Blizzard|p2a: Kingambit|[spread] p2a,p2b
|-resisted|p2a: Kingambit|1
|-damage|p2a: Kingambit|0 fnt
|-damage|p2b: Sylveon|33/100
|-status|p2b: Sylveon|frz
|faint|p2a: Kingambit
|cant|p2b: Sylveon|frz
|
|-weather|Snowscape|[upkeep]
|upkeep
|
|t:|1782989840
|switch|p2a: Charizard|Charizard, L50, F|100/100
|turn|4
|
|t:|1782989845
|move|p2a: Charizard|Protect|p2a: Charizard
|-singleturn|p2a: Charizard|Protect
|move|p1b: Lycanroc|Accelerock|p2a: Charizard
|-activate|p2a: Charizard|move: Protect
|cant|p2b: Sylveon|frz
|move|p1a: Froslass|Shadow Ball|p2b: Sylveon
|-damage|p2b: Sylveon|0 fnt
|faint|p2b: Sylveon
|
|-weather|Snowscape|[upkeep]
|upkeep
|
|t:|1782989853
|switch|p2b: Aerodactyl|Aerodactyl-Mega, L50, F|31/100
|turn|5
|
|t:|1782989862
|move|p1b: Lycanroc|Accelerock|p2a: Charizard
|-supereffective|p2a: Charizard|2
|-damage|p2a: Charizard|0 fnt
|faint|p2a: Charizard
|move|p2b: Aerodactyl|Rock Slide|p1a: Froslass|[spread] p1a,p1b
|-supereffective|p1a: Froslass|1
|-crit|p1b: Lycanroc
|-damage|p1a: Froslass|52/100
|-damage|p1b: Lycanroc|0 fnt
|faint|p1b: Lycanroc
|move|p1a: Froslass|Shadow Ball|p2b: Aerodactyl
|-damage|p2b: Aerodactyl|0 fnt
|faint|p2b: Aerodactyl
|
|win|DrXJ13
