|j|☆Farigi no raf
|j|☆dialghite
|html|Farigi no rafdialghite    
|uhtml|bestof|Game 1 of a best-of-3
|t:|1756388516
|gametype|doubles
|player|p1|Farigi no raf|265|1234
|player|p2|dialghite|volkner|1395
|gen|9
|tier|[Gen 9] VGC 2025 Reg H (Bo3)
|rated|
|rule|Species Clause: Limit one of each Pokémon
|rule|Item Clause: Limit 1 of each item
|clearpoke
|poke|p1|Dragonite, L50, M|
|poke|p1|Gholdengo, L50|
|poke|p1|Sneasler, L50, F|
|poke|p1|Rillaboom, L50, M|
|poke|p1|Ursaluna-Bloodmoon, L50, M|
|poke|p1|Magmar, L50, F|
|poke|p2|Whimsicott, L50, M|
|poke|p2|Meowscarada, L50, F|
|poke|p2|Indeedee, L50, M|
|poke|p2|Sneasler, L50, F|
|poke|p2|Ursaluna-Bloodmoon, L50, M|
|poke|p2|Archaludon, L50, M|
|teampreview|4
|showteam|p1|Dragonite||LoadedDice|Multiscale|ScaleShot,Tailwind,ExtremeSpeed,Protect|||M|||50|,,,,,Fairy]Gholdengo||LifeOrb|GoodasGold|MakeItRain,ShadowBall,NastyPlot,Protect||||||50|,,,,,Water]Sneasler||FocusSash|PoisonTouch|CloseCombat,DireClaw,Coaching,FakeOut|||F|||50|,,,,,Ghost]Rillaboom||AssaultVest|GrassySurge|WoodHammer,FakeOut,GrassyGlide,HighHorsepower|||M|||50|,,,,,Fire]Ursaluna-Bloodmoon||SilkScarf|MindsEye|HyperVoice,EarthPower,BloodMoon,Protect|||M|||50|,,,,,Water]Magmar||Eviolite|FlameBody|FollowMe,BurningJealousy,ClearSmog,Protect|||F|||50|,,,,,Dragon
|showteam|p2|Whimsicott||CovertCloak|Prankster|Moonblast,Taunt,Tailwind,FakeTears|||M|||50|,,,,,Water]Meowscarada||ChoiceBand|Protean|FlowerTrick,KnockOff,TripleAxel,Uturn|||F|||50|,,,,,Ghost]Indeedee||FocusSash|PsychicSurge|ExpandingForce,TeraBlast,Imprison,TrickRoom|||M|||50|,,,,,Psychic]Sneasler||PsychicSeed|Unburden|CloseCombat,DireClaw,ThroatChop,Protect|||F|||50|,,,,,Dark]Ursaluna-Bloodmoon||LifeOrb|MindsEye|HyperVoice,BloodMoon,EarthPower,Protect|||M|||50|,,,,,Normal]Archaludon||PowerHerb|Stalwart|ElectroShot,DragonPulse,Thunderbolt,Protect|||M|||50|,,,,,Electric
|
|t:|1756388565
|teamsize|p1|4
|teamsize|p2|4
|start
|switch|p1a: Dragonite|Dragonite, L50, M|100/100
|switch|p1b: Sneasler|Sneasler, L50, F|100/100
|switch|p2a: Whimsicott|Whimsicott, L50, M|100/100
|switch|p2b: Ursaluna|Ursaluna-Bloodmoon, L50, M|100/100
|turn|1
|
|t:|1756388581
|switch|p2b: Meowscarada|Meowscarada, L50, F|100/100
|-terastallize|p2a: Whimsicott|Water
|move|p2a: Whimsicott|Taunt|p1a: Dragonite
|-start|p1a: Dragonite|move: Taunt
|move|p1b: Sneasler|Dire Claw|p2a: Whimsicott
|-damage|p2a: Whimsicott|47/100
|cant|p1a: Dragonite|move: Taunt|Tailwind
|
|upkeep
|turn|2
|
|t:|1756388608
|-terastallize|p1a: Dragonite|Fairy
|move|p2a: Whimsicott|Tailwind|p2a: Whimsicott
|-sidestart|p2: dialghite|move: Tailwind
|move|p2b: Meowscarada|Triple Axel|p1b: Sneasler
|-start|p2b: Meowscarada|typechange|Ice|[from] ability: Protean
|-damage|p1b: Sneasler|77/100
|-damage|p1b: Sneasler|27/100
|-damage|p1b: Sneasler|0 fnt
|faint|p1b: Sneasler
|-hitcount|p1: Sneasler|3
|move|p1a: Dragonite|Scale Shot|p2a: Whimsicott
|-damage|p2a: Whimsicott|28/100
|-damage|p2a: Whimsicott|7/100
|-damage|p2a: Whimsicott|0 fnt
|faint|p2a: Whimsicott
|-hitcount|p2: Whimsicott|3
|-unboost|p1a: Dragonite|def|1
|-boost|p1a: Dragonite|spe|1
|
|upkeep
|
|t:|1756388629
|switch|p1b: Rillaboom|Rillaboom, L50, M|100/100
|switch|p2a: Ursaluna|Ursaluna-Bloodmoon, L50, M|100/100
|-fieldstart|move: Grassy Terrain|[from] ability: Grassy Surge|[of] p1b: Rillaboom
|turn|3
|
|t:|1756388642
|switch|p1b: Gholdengo|Gholdengo, L50|100/100
|move|p2b: Meowscarada|Triple Axel|p1b: Gholdengo
|-resisted|p1b: Gholdengo
|-damage|p1b: Gholdengo|92/100
|-resisted|p1b: Gholdengo
|-damage|p1b: Gholdengo|79/100
|-hitcount|p1b: Gholdengo|2
|move|p2a: Ursaluna|Blood Moon|p1a: Dragonite
|-damage|p1a: Dragonite|51/100
|-damage|p2a: Ursaluna|91/100|[from] item: Life Orb
|move|p1a: Dragonite|Scale Shot|p2b: Meowscarada|[miss]
|-miss|p1a: Dragonite|p2b: Meowscarada
|
|-heal|p2a: Ursaluna|97/100|[from] Grassy Terrain
|-heal|p1a: Dragonite|57/100|[from] Grassy Terrain
|-heal|p1b: Gholdengo|85/100|[from] Grassy Terrain
|-end|p1a: Dragonite|move: Taunt
|upkeep
|turn|4
|
|t:|1756388671
|move|p1b: Gholdengo|Protect|p1b: Gholdengo
|-singleturn|p1b: Gholdengo|Protect
|move|p2b: Meowscarada|Triple Axel|p1b: Gholdengo
|-activate|p1b: Gholdengo|move: Protect
|move|p2a: Ursaluna|Hyper Voice|p1b: Gholdengo|[spread] p1a
|-activate|p1b: Gholdengo|move: Protect
|-damage|p1a: Dragonite|10/100
|-damage|p2a: Ursaluna|87/100|[from] item: Life Orb
|move|p1a: Dragonite|Scale Shot|p2b: Meowscarada
|-damage|p2b: Meowscarada|78/100
|-damage|p2b: Meowscarada|56/100
|-damage|p2b: Meowscarada|33/100
|-damage|p2b: Meowscarada|9/100
|-damage|p2b: Meowscarada|0 fnt
|faint|p2b: Meowscarada
|-hitcount|p2: Meowscarada|5
|-unboost|p1a: Dragonite|def|1
|-boost|p1a: Dragonite|spe|1
|
|-heal|p1a: Dragonite|16/100|[from] Grassy Terrain
|-heal|p2a: Ursaluna|93/100|[from] Grassy Terrain
|-heal|p1b: Gholdengo|91/100|[from] Grassy Terrain
|upkeep
|
|t:|1756388676
|switch|p2b: Archaludon|Archaludon, L50, M|100/100
|turn|5
|
|t:|1756388699
|switch|p1b: Rillaboom|Rillaboom, L50, M|100/100
|move|p1a: Dragonite|Protect|p1a: Dragonite
|-singleturn|p1a: Dragonite|Protect
|move|p2b: Archaludon|Electro Shot||[still]
|-prepare|p2b: Archaludon|Electro Shot
|-boost|p2b: Archaludon|spa|1
|-enditem|p2b: Archaludon|Power Herb
|-anim|p2b: Archaludon|Electro Shot|p1b: Rillaboom
|-resisted|p1b: Rillaboom
|-damage|p1b: Rillaboom|73/100
|move|p2a: Ursaluna|Hyper Voice|p1b: Rillaboom|[spread] p1b
|-activate|p1a: Dragonite|move: Protect
|-damage|p1b: Rillaboom|37/100
|-damage|p2a: Ursaluna|84/100|[from] item: Life Orb
|
|-heal|p1a: Dragonite|22/100|[from] Grassy Terrain
|-heal|p2a: Ursaluna|89/100|[from] Grassy Terrain
|-heal|p1b: Rillaboom|43/100|[from] Grassy Terrain
|-sideend|p2: dialghite|move: Tailwind
|upkeep
|turn|6
|
|t:|1756388741
|move|p1b: Rillaboom|Grassy Glide|p2a: Ursaluna
|-supereffective|p2a: Ursaluna
|-damage|p2a: Ursaluna|26/100
|move|p1a: Dragonite|Scale Shot|p2b: Archaludon
|-damage|p2b: Archaludon|87/100
|-damage|p2b: Archaludon|74/100
|-damage|p2b: Archaludon|61/100
|-damage|p2b: Archaludon|49/100
|-hitcount|p2b: Archaludon|4
|-unboost|p1a: Dragonite|def|1
|-boost|p1a: Dragonite|spe|1
|move|p2b: Archaludon|Dragon Pulse|p1b: Rillaboom
|-damage|p1b: Rillaboom|0 fnt
|faint|p1b: Rillaboom
|move|p2a: Ursaluna|Hyper Voice|p1a: Dragonite
|-damage|p1a: Dragonite|0 fnt
|faint|p1a: Dragonite
|-damage|p2a: Ursaluna|16/100|[from] item: Life Orb
|
|-heal|p2b: Archaludon|55/100|[from] Grassy Terrain
|-heal|p2a: Ursaluna|22/100|[from] Grassy Terrain
|upkeep
|
|t:|1756388753
|switch|p1b: Gholdengo|Gholdengo, L50|91/100
|turn|7
|
|t:|1756388760
|move|p2b: Archaludon|Protect|p2b: Archaludon
|-singleturn|p2b: Archaludon|Protect
|move|p1b: Gholdengo|Make It Rain|p2a: Ursaluna|[spread] p2a
|-activate|p2b: Archaludon|move: Protect
|-damage|p2a: Ursaluna|0 fnt
|-unboost|p1b: Gholdengo|spa|1
|faint|p2a: Ursaluna
|-damage|p1b: Gholdengo|82/100|[from] item: Life Orb
|
|-heal|p1b: Gholdengo|88/100|[from] Grassy Terrain
|-heal|p2b: Archaludon|61/100|[from] Grassy Terrain
|-fieldend|move: Grassy Terrain
|upkeep
|turn|8
|
|t:|1756388767
|move|p1b: Gholdengo|Nasty Plot|p1b: Gholdengo
|-boost|p1b: Gholdengo|spa|2
|move|p2b: Archaludon|Thunderbolt|p1b: Gholdengo
|-damage|p1b: Gholdengo|35/100
|-status|p1b: Gholdengo|par
|
|upkeep
|turn|9
|
|t:|1756388774
|move|p2b: Archaludon|Thunderbolt|p1b: Gholdengo
|-damage|p1b: Gholdengo|0 fnt
|faint|p1b: Gholdengo
|
|win|dialghite
