|j|☆goodfish6211
|j|‽redpkmntrainer14
|html|goodfish6211redpkmntrainer14    
|uhtml|bestof|Game 3 of a best-of-3
|t:|1784795618
|gametype|doubles
|player|p1|goodfish6211|102|1067
|player|p2|redpkmntrainer14|guitarist|1149
|gen|9
|tier|[Gen 9 Champions] VGC 2026 Reg M-B (Bo3)
|rated|
|rule|Species Clause: Limit one of each Pokémon
|rule|Item Clause: Limit 1 of each item
|clearpoke
|poke|p1|Incineroar, L50, F|
|poke|p1|Sneasler, L50, F, shiny|
|poke|p1|Whimsicott, L50, M|
|poke|p1|Sinistcha-Masterpiece, L50|
|poke|p1|Sylveon, L50, M, shiny|
|poke|p1|Tyranitar, L50, M|
|poke|p2|Charizard, L50, M|
|poke|p2|Sinistcha, L50|
|poke|p2|Sneasler, L50, F|
|poke|p2|Kingambit, L50, M|
|poke|p2|Scizor, L50, M, shiny|
|poke|p2|Glimmora, L50, M|
|teampreview|4
|showteam|p1|Incineroar||PasshoBerry|Intimidate|FakeOut,FlareBlitz,DarkestLariat,PartingShot|Adamant||F|||50|]Sneasler||WhiteHerb|Unburden|CloseCombat,FakeOut,DireClaw,Protect|Adamant||F|||50|]Whimsicott||FocusSash|Prankster|Tailwind,Moonblast,Encore,Protect|Timid||M|||50|]Sinistcha-Masterpiece||SitrusBerry|Hospitality|MatchaGotcha,TrickRoom,RagePowder,Protect|Bold|||||50|]Sylveon||LifeOrb|Pixilate|HyperVoice,QuickAttack,DrainingKiss,Protect|Modest||M|||50|]Tyranitar||Tyranitarite|SandStream|KnockOff,RockSlide,DragonDance,Protect|Adamant||M|||50|
|showteam|p2|Charizard||CharizarditeX|Blaze|BellyDrum,BreakingSwipe,FlareBlitz,Protect|Jolly||M|||50|]Sinistcha||SitrusBerry|Hospitality|RagePowder,MatchaGotcha,LifeDew,StrengthSap|Modest|||||50|]Sneasler||FocusSash|PoisonTouch|DireClaw,Uturn,CloseCombat,FakeOut|Adamant||F|||50|]Kingambit||LifeOrb|SupremeOverlord|Protect,KowtowCleave,IronHead,SuckerPunch|Adamant||M|||50|]Scizor||Scizorite|Technician|BulletPunch,CloseCombat,SwordsDance,BugBite|Adamant||M|||50|]Glimmora||ShucaBerry|ToxicDebris|DazzlingGleam,EarthPower,PowerGem,SludgeBomb|Modest||M|||50|
|inactive|Battle timer is ON: inactive players will automatically lose when time's up. (requested by goodfish6211)
|inactive|goodfish6211 has 60 seconds left.
|inactive|goodfish6211 has 30 seconds left.
|
|t:|1784795685
|teamsize|p1|4
|teamsize|p2|4
|start
|switch|p1a: Whimsicott|Whimsicott, L50, M|100/100
|switch|p1b: Sneasler|Sneasler, L50, F, shiny|100/100
|switch|p2a: Sneasler|Sneasler, L50, F|100/100
|switch|p2b: Charizard|Charizard, L50, M|100/100
|turn|1
|
|t:|1784795703
|switch|p2b: Sinistcha|Sinistcha, L50|100/100
|move|p1a: Whimsicott|Protect|p1a: Whimsicott
|-singleturn|p1a: Whimsicott|Protect
|move|p2a: Sneasler|Fake Out|p1a: Whimsicott
|-activate|p1a: Whimsicott|move: Protect
|move|p1b: Sneasler|Fake Out|p2b: Sinistcha
|-immune|p2b: Sinistcha
|
|upkeep
|turn|2
|
|t:|1784795718
|switch|p1b: Incineroar|Incineroar, L50, F|100/100
|-ability|p1b: Incineroar|Intimidate|boost
|-unboost|p2a: Sneasler|atk|1
|-unboost|p2b: Sinistcha|atk|1
|move|p1a: Whimsicott|Moonblast|p2b: Sinistcha
|-damage|p2b: Sinistcha|62/100
|move|p2a: Sneasler|Dire Claw|p1a: Whimsicott
|-supereffective|p1a: Whimsicott|2
|-enditem|p1a: Whimsicott|Focus Sash
|-damage|p1a: Whimsicott|1/100
|move|p2b: Sinistcha|Matcha Gotcha|p1b: Incineroar|[spread] p1a,p1b
|-resisted|p1a: Whimsicott|1
|-resisted|p1b: Incineroar|1
|-damage|p1a: Whimsicott|0 fnt
|-heal|p2b: Sinistcha|63/100|[from] drain|[of] p1a: Whimsicott
|-damage|p1b: Incineroar|88/100
|-heal|p2b: Sinistcha|71/100|[from] drain|[of] p1b: Incineroar
|faint|p1a: Whimsicott
|
|upkeep
|
|t:|1784795736
|switch|p1a: Tyranitar|Tyranitar, L50, M|100/100
|-weather|Sandstorm|[from] ability: Sand Stream|[of] p1a: Tyranitar
|turn|3
|
|t:|1784795752
|switch|p2b: Charizard|Charizard, L50, M|100/100
|detailschange|p1a: Tyranitar|Tyranitar-Mega, L50, M
|-mega|p1a: Tyranitar|Tyranitar|Tyranitarite
|move|p1b: Incineroar|Fake Out|p2a: Sneasler
|-damage|p2a: Sneasler|80/100
|cant|p2a: Sneasler|flinch
|move|p1a: Tyranitar|Dragon Dance|p1a: Tyranitar
|-boost|p1a: Tyranitar|atk|1
|-boost|p1a: Tyranitar|spe|1
|
|-weather|Sandstorm|[upkeep]
|-damage|p2a: Sneasler|74/100|[from] Sandstorm
|-damage|p2b: Charizard|94/100|[from] Sandstorm
|-damage|p1b: Incineroar|82/100|[from] Sandstorm
|upkeep
|turn|4
|
|t:|1784795770
|detailschange|p2b: Charizard|Charizard-Mega-X, L50, M
|-mega|p2b: Charizard|Charizard|Charizardite X
|move|p1a: Tyranitar|Protect|p1a: Tyranitar
|-singleturn|p1a: Tyranitar|Protect
|move|p2a: Sneasler|Close Combat|p1a: Tyranitar
|-activate|p1a: Tyranitar|move: Protect
|move|p2b: Charizard|Breaking Swipe|p1a: Tyranitar|[spread] p1b
|-activate|p1a: Tyranitar|move: Protect
|-damage|p1b: Incineroar|59/100
|-unboost|p1b: Incineroar|atk|1
|move|p1b: Incineroar|Parting Shot|p2b: Charizard
|-unboost|p2b: Charizard|atk|1
|-unboost|p2b: Charizard|spa|1
|
|t:|1784795773
|switch|p1b: Sneasler|Sneasler, L50, F, shiny|100/100|[from] Parting Shot
|
|-weather|Sandstorm|[upkeep]
|-damage|p1b: Sneasler|94/100|[from] Sandstorm
|-damage|p2a: Sneasler|69/100|[from] Sandstorm
|-damage|p2b: Charizard|88/100|[from] Sandstorm
|upkeep
|turn|5
|
|t:|1784795785
|switch|p2a: Sinistcha|Sinistcha, L50|71/100
|-heal|p2b: Charizard|100/100|[from] ability: Hospitality|[of] p2a: Sinistcha
|move|p2b: Charizard|Protect|p2b: Charizard
|-singleturn|p2b: Charizard|Protect
|move|p1b: Sneasler|Fake Out|p2a: Sinistcha
|-immune|p2a: Sinistcha
|move|p1a: Tyranitar|Rock Slide|p2b: Charizard|[spread] p2a
|-activate|p2b: Charizard|move: Protect
|-damage|p2a: Sinistcha|17/100
|-enditem|p2a: Sinistcha|Sitrus Berry|[eat]
|-heal|p2a: Sinistcha|41/100|[from] item: Sitrus Berry
|
|-weather|Sandstorm|[upkeep]
|-damage|p1b: Sneasler|88/100|[from] Sandstorm
|-damage|p2b: Charizard|94/100|[from] Sandstorm
|-damage|p2a: Sinistcha|35/100|[from] Sandstorm
|upkeep
|turn|6
|inactive|goodfish6211 has 30 seconds left.
|
|t:|1784795813
|switch|p1b: Incineroar|Incineroar, L50, F|59/100
|-ability|p1b: Incineroar|Intimidate|boost
|-unboost|p2a: Sinistcha|atk|1
|-unboost|p2b: Charizard|atk|1
|move|p1a: Tyranitar|Rock Slide|p2a: Sinistcha|[spread] p2a,p2b
|-supereffective|p2b: Charizard|1
|-damage|p2a: Sinistcha|0 fnt
|-damage|p2b: Charizard|0 fnt
|faint|p2a: Sinistcha
|faint|p2b: Charizard
|
|-weather|Sandstorm|[upkeep]
|-damage|p1b: Incineroar|53/100|[from] Sandstorm
|upkeep
|
|t:|1784795820
|switch|p2b: Scizor|Scizor, L50, M, shiny|100/100
|switch|p2a: Sneasler|Sneasler, L50, F|69/100
|turn|7
|
|t:|1784795839
|switch|p1b: Sneasler|Sneasler, L50, F, shiny|88/100
|move|p1a: Tyranitar|Protect|p1a: Tyranitar
|-singleturn|p1a: Tyranitar|Protect
|move|p2a: Sneasler|Fake Out|p1b: Sneasler
|-damage|p1b: Sneasler|59/100
|move|p2b: Scizor|Close Combat|p1a: Tyranitar
|-activate|p1a: Tyranitar|move: Protect
|
|-weather|none
|upkeep
|turn|8
|inactive|goodfish6211 has 30 seconds left.
|inactive|goodfish6211 has 20 seconds left.
|
|t:|1784795878
|move|p1b: Sneasler|Fake Out|p2a: Sneasler
|-damage|p2a: Sneasler|40/100
|move|p1a: Tyranitar|Knock Off|p2b: Scizor
|-damage|p2b: Scizor|35/100
|cant|p2a: Sneasler|flinch
|move|p2b: Scizor|Close Combat|p1a: Tyranitar
|-supereffective|p1a: Tyranitar|2
|-damage|p1a: Tyranitar|0 fnt
|-unboost|p2b: Scizor|def|1
|-unboost|p2b: Scizor|spd|1
|faint|p1a: Tyranitar
|
|upkeep
|
|t:|1784795884
|switch|p1a: Incineroar|Incineroar, L50, F|53/100
|-ability|p1a: Incineroar|Intimidate|boost
|-unboost|p2a: Sneasler|atk|1
|-unboost|p2b: Scizor|atk|1
|turn|9
|
|t:|1784795899
|move|p1a: Incineroar|Fake Out|p2a: Sneasler
|-damage|p2a: Sneasler|20/100y
|move|p2b: Scizor|Bullet Punch|p1b: Sneasler
|-damage|p1b: Sneasler|22/100
|move|p1b: Sneasler|Close Combat|p2b: Scizor
|-damage|p2b: Scizor|0 fnt
|-unboost|p1b: Sneasler|def|1
|-unboost|p1b: Sneasler|spd|1
|faint|p2b: Scizor
|-enditem|p1b: Sneasler|White Herb
|-clearnegativeboost|p1b: Sneasler|[silent]
|cant|p2a: Sneasler|flinch
|
|upkeep
|turn|10
|-message|redpkmntrainer14 forfeited.
|
|win|goodfish6211
|raw|goodfish6211's rating: 1067 → 1104(+37 for winning)
|raw|redpkmntrainer14's rating: 1149 → 1118(-31 for losing)
|l|‽redpkmntrainer14
|player|p2|
