|j|☆stevie.bot
|j|☆DJ_Arcigno
|html|stevie.botDJ_Arcigno    
|uhtml|bestof|Game 2 of a best-of-3
|t:|1755901183
|gametype|doubles
|player|p1|stevie.bot|liza|1134
|player|p2|DJ_Arcigno|emmet|1184
|gen|9
|tier|[Gen 9] VGC 2025 Reg H (Bo3)
|rated|
|rule|Species Clause: Limit one of each Pokémon
|rule|Item Clause: Limit 1 of each item
|clearpoke
|poke|p1|Sneasler, L50, M|
|poke|p1|Dragapult, L50, M|
|poke|p1|Primarina, L50, F|
|poke|p1|Rillaboom, L50, M|
|poke|p1|Kingambit, L50, F|
|poke|p1|Magmar, L50, M|
|poke|p2|Ursaluna, L50, M|
|poke|p2|Kilowattrel, L50, F|
|poke|p2|Gholdengo, L50|
|poke|p2|Incineroar, L50, F|
|poke|p2|Amoonguss, L50, M|
|poke|p2|Porygon2, L50|
|teampreview|4
|showteam|p1|Sneasler||FocusSash|PoisonTouch|CloseCombat,DireClaw,FakeOut,Protect|||M|||50|,,,,,Stellar]Dragapult||ChoiceBand|ClearBody|DragonDarts,TeraBlast,PhantomForce,Uturn|||M|||50|,,,,,Ghost]Primarina||SitrusBerry|LiquidVoice|HyperVoice,Moonblast,Haze,Protect|||F|||50|,,,,,Water]Rillaboom||AssaultVest|GrassySurge|WoodHammer,GrassyGlide,HighHorsepower,FakeOut|||M|||50|,,,,,Fire]Kingambit||BlackGlasses|Defiant|KowtowCleave,SuckerPunch,SwordsDance,Protect|||F|||50|,,,,,Ghost]Magmar||Eviolite|VitalSpirit|Overheat,WillOWisp,FollowMe,Protect|||M|||50|,,,,,Fairy
|showteam|p2|Ursaluna||FlameOrb|Guts|Facade,HeadlongRush,Earthquake,Protect|||M|||50|,,,,,Fairy]Kilowattrel||FocusSash|Competitive|Thunderbolt,AirSlash,Tailwind,Protect|||F|||50|,,,,,Ghost]Gholdengo||LifeOrb|GoodasGold|MakeItRain,ShadowBall,NastyPlot,Protect||||||50|,,,,,Steel]Incineroar||SafetyGoggles|Intimidate|KnockOff,FlareBlitz,PartingShot,FakeOut|||F|||50|,,,,,Grass]Amoonguss||SitrusBerry|Regenerator|Spore,RagePowder,SludgeBomb,Protect|||M|||50|,,,,,Water]Porygon2||Eviolite|Download|TeraBlast,IceBeam,Recover,TrickRoom||||||50|,,,,,Fighting
|
|t:|1755901212
|teamsize|p1|4
|teamsize|p2|4
|start
|switch|p1a: Sneasler|Sneasler, L50, M|100/100
|switch|p1b: Kingambit|Kingambit, L50, F|100/100
|switch|p2a: Kilowattrel|Kilowattrel, L50, F|100/100
|switch|p2b: Ursaluna|Ursaluna, L50, M|100/100
|turn|1
|
|t:|1755901253
|-terastallize|p2b: Ursaluna|Fairy
|move|p1a: Sneasler|Fake Out|p2a: Kilowattrel
|-damage|p2a: Kilowattrel|74/100
|cant|p2a: Kilowattrel|flinch
|move|p2b: Ursaluna|Headlong Rush|p1b: Kingambit
|-supereffective|p1b: Kingambit
|-damage|p1b: Kingambit|0 fnt
|-unboost|p2b: Ursaluna|def|1
|-unboost|p2b: Ursaluna|spd|1
|faint|p1b: Kingambit
|
|-status|p2b: Ursaluna|brn|[from] item: Flame Orb
|upkeep
|
|t:|1755901264
|switch|p1b: Primarina|Primarina, L50, F|100/100
|turn|2
|
|t:|1755901282
|move|p2b: Ursaluna|Protect|p2b: Ursaluna
|-singleturn|p2b: Ursaluna|Protect
|move|p2a: Kilowattrel|Tailwind|p2a: Kilowattrel
|-sidestart|p2: DJ_Arcigno|move: Tailwind
|move|p1a: Sneasler|Dire Claw|p2b: Ursaluna
|-activate|p2b: Ursaluna|move: Protect
|move|p1b: Primarina|Moonblast|p2a: Kilowattrel
|-damage|p2a: Kilowattrel|0 fnt
|faint|p2a: Kilowattrel
|
|-damage|p2b: Ursaluna|95/100 brn|[from] brn
|upkeep
|
|t:|1755901292
|switch|p2a: Gholdengo|Gholdengo, L50|100/100
|turn|3
|
|t:|1755901298
|move|p1a: Sneasler|Protect|p1a: Sneasler
|-singleturn|p1a: Sneasler|Protect
|move|p1b: Primarina|Protect|p1b: Primarina
|-singleturn|p1b: Primarina|Protect
|move|p2a: Gholdengo|Make It Rain|p1b: Primarina|[spread] 
|-activate|p1a: Sneasler|move: Protect
|-activate|p1b: Primarina|move: Protect
|move|p2b: Ursaluna|Facade|p1a: Sneasler
|-activate|p1a: Sneasler|move: Protect
|
|-damage|p2b: Ursaluna|89/100 brn|[from] brn
|upkeep
|turn|4
|
|t:|1755901310
|switch|p1a: Rillaboom|Rillaboom, L50, M|100/100
|-fieldstart|move: Grassy Terrain|[from] ability: Grassy Surge|[of] p1a: Rillaboom
|-terastallize|p1b: Primarina|Water
|move|p2a: Gholdengo|Make It Rain|p1b: Primarina|[spread] p1a,p1b
|-resisted|p1b: Primarina
|-damage|p1a: Rillaboom|57/100
|-damage|p1b: Primarina|75/100
|-unboost|p2a: Gholdengo|spa|1
|-damage|p2a: Gholdengo|91/100|[from] item: Life Orb
|move|p2b: Ursaluna|Facade|p1a: Rillaboom
|-damage|p1a: Rillaboom|0 fnt
|faint|p1a: Rillaboom
|move|p1b: Primarina|Hyper Voice|p2b: Ursaluna|[spread] p2a,p2b
|-damage|p2a: Gholdengo|46/100
|-damage|p2b: Ursaluna|20/100 brn
|
|-heal|p2a: Gholdengo|52/100|[from] Grassy Terrain
|-heal|p2b: Ursaluna|26/100 brn|[from] Grassy Terrain
|-heal|p1b: Primarina|81/100|[from] Grassy Terrain
|-damage|p2b: Ursaluna|20/100 brn|[from] brn
|upkeep
|
|t:|1755901323
|switch|p1a: Sneasler|Sneasler, L50, M|100/100
|turn|5
|
|t:|1755901339
|switch|p2b: Amoonguss|Amoonguss, L50, M, shiny|100/100
|move|p1a: Sneasler|Protect|p1a: Sneasler
|-singleturn|p1a: Sneasler|Protect
|move|p1b: Primarina|Protect|p1b: Primarina
|-singleturn|p1b: Primarina|Protect
|move|p2a: Gholdengo|Nasty Plot|p2a: Gholdengo
|-boost|p2a: Gholdengo|spa|2
|
|-heal|p2a: Gholdengo|58/100|[from] Grassy Terrain
|-heal|p1b: Primarina|87/100|[from] Grassy Terrain
|-sideend|p2: DJ_Arcigno|move: Tailwind
|upkeep
|turn|6
|
|t:|1755901351
|move|p2a: Gholdengo|Protect|p2a: Gholdengo
|-singleturn|p2a: Gholdengo|Protect
|move|p1a: Sneasler|Dire Claw|p2b: Amoonguss
|-damage|p2b: Amoonguss|66/100
|-status|p2b: Amoonguss|par
|move|p1b: Primarina|Hyper Voice|p2a: Gholdengo|[spread] p2b
|-activate|p2a: Gholdengo|move: Protect
|-resisted|p2b: Amoonguss
|-damage|p2b: Amoonguss|48/100 par
|-enditem|p2b: Amoonguss|Sitrus Berry|[eat]
|-heal|p2b: Amoonguss|73/100 par|[from] item: Sitrus Berry
|move|p2b: Amoonguss|Spore|p1b: Primarina
|-status|p1b: Primarina|slp|[from] move: Spore
|
|-heal|p2a: Gholdengo|64/100|[from] Grassy Terrain
|-heal|p1b: Primarina|93/100 slp|[from] Grassy Terrain
|-heal|p2b: Amoonguss|78/100 par|[from] Grassy Terrain
|upkeep
|turn|7
|
|t:|1755901373
|move|p1a: Sneasler|Protect|p1a: Sneasler
|-singleturn|p1a: Sneasler|Protect
|move|p2a: Gholdengo|Make It Rain|p1b: Primarina|[spread] p1b
|-activate|p1a: Sneasler|move: Protect
|-resisted|p1b: Primarina
|-damage|p1b: Primarina|58/100 slp
|-unboost|p2a: Gholdengo|spa|1
|-damage|p2a: Gholdengo|54/100|[from] item: Life Orb
|cant|p1b: Primarina|slp
|move|p2b: Amoonguss|Sludge Bomb|p1a: Sneasler
|-activate|p1a: Sneasler|move: Protect
|
|-heal|p2a: Gholdengo|60/100|[from] Grassy Terrain
|-heal|p1b: Primarina|64/100 slp|[from] Grassy Terrain
|-heal|p2b: Amoonguss|84/100 par|[from] Grassy Terrain
|upkeep
|turn|8
|
|t:|1755901391
|move|p1a: Sneasler|Dire Claw|p2b: Amoonguss
|-damage|p2b: Amoonguss|46/100 par
|move|p2a: Gholdengo|Shadow Ball|p1a: Sneasler
|-damage|p1a: Sneasler|28/100
|-damage|p2a: Gholdengo|51/100|[from] item: Life Orb
|-curestatus|p1b: Primarina|slp|[msg]
|move|p1b: Primarina|Hyper Voice|p2a: Gholdengo|[spread] p2a,p2b
|-resisted|p2b: Amoonguss
|-damage|p2a: Gholdengo|3/100
|-damage|p2b: Amoonguss|28/100 par
|move|p2b: Amoonguss|Sludge Bomb|p1a: Sneasler
|-resisted|p1a: Sneasler
|-damage|p1a: Sneasler|10/100
|
|-heal|p1a: Sneasler|15/100|[from] Grassy Terrain
|-heal|p2a: Gholdengo|9/100|[from] Grassy Terrain
|-heal|p1b: Primarina|70/100|[from] Grassy Terrain
|-heal|p2b: Amoonguss|34/100 par|[from] Grassy Terrain
|-fieldend|move: Grassy Terrain
|upkeep
|turn|9
|
|t:|1755901411
|move|p1a: Sneasler|Protect|p1a: Sneasler
|-singleturn|p1a: Sneasler|Protect
|move|p2b: Amoonguss|Protect|p2b: Amoonguss
|-singleturn|p2b: Amoonguss|Protect
|move|p2a: Gholdengo|Make It Rain|p1b: Primarina|[spread] p1b
|-activate|p1a: Sneasler|move: Protect
|-resisted|p1b: Primarina
|-damage|p1b: Primarina|44/100
|-unboost|p2a: Gholdengo|spa|1
|-enditem|p1b: Primarina|Sitrus Berry|[eat]
|-heal|p1b: Primarina|69/100|[from] item: Sitrus Berry
|-damage|p2a: Gholdengo|0 fnt|[from] item: Life Orb
|faint|p2a: Gholdengo
|move|p1b: Primarina|Moonblast|p2b: Amoonguss
|-activate|p2b: Amoonguss|move: Protect
|
|upkeep
|
|t:|1755901413
|switch|p2a: Ursaluna|Ursaluna, L50, M, tera:Fairy|20/100 brn
|turn|10
|
|t:|1755901423
|move|p1a: Sneasler|Protect|p1a: Sneasler
|-singleturn|p1a: Sneasler|Protect
|cant|p2b: Amoonguss|par
|move|p2a: Ursaluna|Earthquake|p1b: Primarina|[spread] p2b,p1b
|-activate|p1a: Sneasler|move: Protect
|-damage|p2b: Amoonguss|0 fnt
|-damage|p1b: Primarina|0 fnt
|faint|p2b: Amoonguss
|faint|p1b: Primarina
|
|-damage|p2a: Ursaluna|15/100 brn|[from] brn
|upkeep
|turn|11
|
|t:|1755901438
|move|p1a: Sneasler|Dire Claw|p2a: Ursaluna
|-supereffective|p2a: Ursaluna
|-damage|p2a: Ursaluna|0 fnt
|faint|p2a: Ursaluna
|
|win|stevie.bot
|raw|stevie.bot's rating: 1134 → 1163(+29 for winning)
|raw|DJ_Arcigno's rating: 1184 → 1155(-29 for losing)
|c|☆stevie.bot|ggs
|l|☆stevie.bot
|player|p1|
