|j|☆Gambling42699
|j|☆Realfrytki
|html|Gambling42699Realfrytki    
|uhtml|bestof|Game 2 of a best-of-3
|t:|1755958526
|gametype|doubles
|player|p1|Gambling42699|giovanni|1436
|player|p2|Realfrytki|veteranf|1387
|gen|9
|tier|[Gen 9] VGC 2025 Reg H (Bo3)
|rated|
|rule|Species Clause: Limit one of each Pokémon
|rule|Item Clause: Limit 1 of each item
|clearpoke
|poke|p1|Ninetales-Alola, L50, F|
|poke|p1|Ursaluna-Bloodmoon, L50, M|
|poke|p1|Maushold-Four, L50|
|poke|p1|Annihilape, L50, M|
|poke|p1|Klefki, L50, F|
|poke|p1|Sinistcha-Masterpiece, L50|
|poke|p2|Volcarona, L50, F|
|poke|p2|Rillaboom, L50, F|
|poke|p2|Dragonite, L50, F|
|poke|p2|Kingambit, L50, F|
|poke|p2|Sneasler, L50, F|
|poke|p2|Electabuzz, L50, M|
|teampreview|4
|showteam|p1|Ninetales-Alola||FocusSash|SnowWarning|Blizzard,FreezeDry,Encore,Protect|||F|||50|,,,,,Ghost]Ursaluna-Bloodmoon||AssaultVest|MindsEye|BloodMoon,EarthPower,HyperVoice,VacuumWave|||M|||50|,,,,,Water]Maushold-Four||SafetyGoggles|FriendGuard|BeatUp,Taunt,FollowMe,Protect||||||50|,,,,,Ghost]Annihilape||Leftovers|Defiant|DrainPunch,RageFist,BulkUp,Protect|||M|||50|,,,,,Fire]Klefki||LightClay|Prankster|DazzlingGleam,Reflect,LightScreen,MistyTerrain|||F|||50|,,,,,Ghost]Sinistcha-Masterpiece||SitrusBerry|Hospitality|MatchaGotcha,RagePowder,LifeDew,TrickRoom||||||50|,,,,,Water
|showteam|p2|Volcarona||Leftovers|FlameBody|HeatWave,TeraBlast,QuiverDance,Protect|||F|||50|,,,,,Fairy]Rillaboom||MiracleSeed|GrassySurge|WoodHammer,GrassyGlide,FakeOut,HighHorsepower|||F|||50|,,,,,Fire]Dragonite||LoadedDice|Multiscale|ScaleShot,ExtremeSpeed,Haze,Protect|||F|||50|,,,,,Steel]Kingambit||AssaultVest|Defiant|KowtowCleave,SuckerPunch,IronHead,TeraBlast|||F|||50|,,,,,Flying]Sneasler||FocusSash|Unburden|CloseCombat,DireClaw,Coaching,FakeOut|||F|||50|,,,,,Stellar]Electabuzz||Eviolite|VitalSpirit|Thunderbolt,FollowMe,Taunt,Protect|||M|||50|,,,,,Ghost
|inactive|Battle timer is ON: inactive players will automatically lose when time's up. (requested by Gambling42699)
|
|t:|1755958560
|teamsize|p1|4
|teamsize|p2|4
|start
|switch|p1a: Annihilape|Annihilape, L50, M|100/100
|switch|p1b: Klefki|Klefki, L50, F|100/100
|switch|p2a: Sneasler|Sneasler, L50, F|100/100
|switch|p2b: Kingambit|Kingambit, L50, F|100/100
|turn|1
|
|t:|1755958578
|-terastallize|p2b: Kingambit|Flying
|move|p2a: Sneasler|Fake Out|p1b: Klefki
|-resisted|p1b: Klefki
|-damage|p1b: Klefki|93/100
|cant|p1b: Klefki|flinch
|move|p1a: Annihilape|Bulk Up|p1a: Annihilape
|-boost|p1a: Annihilape|atk|1
|-boost|p1a: Annihilape|def|1
|move|p2b: Kingambit|Tera Blast|p1a: Annihilape|[anim] Tera Blast Flying
|-supereffective|p1a: Annihilape
|-damage|p1a: Annihilape|40/100
|
|-heal|p1a: Annihilape|46/100|[from] item: Leftovers
|upkeep
|turn|2
|
|t:|1755958596
|switch|p2a: Dragonite|Dragonite, L50, F|100/100
|-terastallize|p1a: Annihilape|Fire
|move|p1b: Klefki|Reflect|p1b: Klefki
|-sidestart|p1: Gambling42699|Reflect
|move|p1a: Annihilape|Bulk Up|p1a: Annihilape
|-boost|p1a: Annihilape|atk|1
|-boost|p1a: Annihilape|def|1
|move|p2b: Kingambit|Iron Head|p1b: Klefki
|-damage|p1b: Klefki|65/100
|
|-heal|p1a: Annihilape|53/100|[from] item: Leftovers
|upkeep
|turn|3
|
|t:|1755958615
|move|p1a: Annihilape|Rage Fist|p2a: Dragonite
|-damage|p2a: Dragonite|57/100
|move|p2a: Dragonite|Haze|p2a: Dragonite
|-clearallboost
|move|p1b: Klefki|Dazzling Gleam|p2b: Kingambit|[spread] p2a,p2b
|-supereffective|p2a: Dragonite
|-damage|p2a: Dragonite|21/100
|-damage|p2b: Kingambit|89/100
|move|p2b: Kingambit|Iron Head|p1b: Klefki
|-damage|p1b: Klefki|34/100
|
|-heal|p1a: Annihilape|59/100|[from] item: Leftovers
|upkeep
|turn|4
|
|t:|1755958639
|switch|p1b: Sinistcha|Sinistcha-Masterpiece, L50|100/100
|-heal|p1a: Annihilape|84/100|[from] ability: Hospitality|[of] p1b: Sinistcha
|move|p1a: Annihilape|Rage Fist|p2a: Dragonite
|-damage|p2a: Dragonite|0 fnt
|faint|p2a: Dragonite
|move|p2b: Kingambit|Kowtow Cleave|p1a: Annihilape
|-damage|p1a: Annihilape|48/100
|
|-heal|p1a: Annihilape|55/100|[from] item: Leftovers
|upkeep
|
|t:|1755958651
|switch|p2a: Rillaboom|Rillaboom, L50, F|100/100
|-fieldstart|move: Grassy Terrain|[from] ability: Grassy Surge|[of] p2a: Rillaboom
|turn|5
|
|t:|1755958662
|switch|p1b: Klefki|Klefki, L50, F|34/100
|move|p1a: Annihilape|Protect|p1a: Annihilape
|-singleturn|p1a: Annihilape|Protect
|move|p2a: Rillaboom|High Horsepower|p1a: Annihilape
|-activate|p1a: Annihilape|move: Protect
|move|p2b: Kingambit|Kowtow Cleave|p1a: Annihilape
|-activate|p1a: Annihilape|move: Protect
|
|-heal|p1a: Annihilape|61/100|[from] Grassy Terrain
|-heal|p1a: Annihilape|67/100|[from] item: Leftovers
|-heal|p1b: Klefki|40/100|[from] Grassy Terrain
|upkeep
|turn|6
|
|t:|1755958680
|switch|p1b: Sinistcha|Sinistcha-Masterpiece, L50|100/100
|-heal|p1a: Annihilape|92/100|[from] ability: Hospitality|[of] p1b: Sinistcha
|move|p1a: Annihilape|Rage Fist|p2a: Rillaboom
|-damage|p2a: Rillaboom|37/100
|move|p2a: Rillaboom|High Horsepower|p1a: Annihilape
|-supereffective|p1a: Annihilape
|-damage|p1a: Annihilape|43/100
|move|p2b: Kingambit|Kowtow Cleave|p1a: Annihilape
|-damage|p1a: Annihilape|10/100
|
|-heal|p1a: Annihilape|16/100|[from] Grassy Terrain
|-heal|p1a: Annihilape|22/100|[from] item: Leftovers
|-heal|p2a: Rillaboom|43/100|[from] Grassy Terrain
|upkeep
|turn|7
|
|t:|1755958700
|switch|p1b: Klefki|Klefki, L50, F|40/100
|move|p1a: Annihilape|Protect|p1a: Annihilape
|-singleturn|p1a: Annihilape|Protect
|move|p2a: Rillaboom|Wood Hammer|p1b: Klefki
|-resisted|p1b: Klefki
|-damage|p1b: Klefki|7/100
|-damage|p2a: Rillaboom|34/100|[from] Recoil
|move|p2b: Kingambit|Kowtow Cleave|p1b: Klefki
|-resisted|p1b: Klefki
|-damage|p1b: Klefki|0 fnt
|faint|p1b: Klefki
|
|-heal|p1a: Annihilape|28/100|[from] Grassy Terrain
|-heal|p1a: Annihilape|34/100|[from] item: Leftovers
|-heal|p2a: Rillaboom|40/100|[from] Grassy Terrain
|upkeep
|
|t:|1755958705
|switch|p1b: Sinistcha|Sinistcha-Masterpiece, L50|100/100
|-heal|p1a: Annihilape|59/100|[from] ability: Hospitality|[of] p1b: Sinistcha
|turn|8
|
|t:|1755958725
|switch|p2a: Sneasler|Sneasler, L50, F|100/100
|move|p1a: Annihilape|Rage Fist|p2b: Kingambit
|-damage|p2b: Kingambit|16/100
|move|p1b: Sinistcha|Life Dew||[still]|[spread] p1a,p1b
|-heal|p1a: Annihilape|84/100
|-fail|p1b: Sinistcha|heal
|move|p2b: Kingambit|Kowtow Cleave|p1b: Sinistcha
|-supereffective|p1b: Sinistcha
|-damage|p1b: Sinistcha|49/100
|-enditem|p1b: Sinistcha|Sitrus Berry|[eat]
|-heal|p1b: Sinistcha|74/100|[from] item: Sitrus Berry
|
|-heal|p1a: Annihilape|90/100|[from] Grassy Terrain
|-heal|p1a: Annihilape|97/100|[from] item: Leftovers
|-heal|p1b: Sinistcha|80/100|[from] Grassy Terrain
|upkeep
|turn|9
|
|t:|1755958745
|move|p2a: Sneasler|Fake Out|p1a: Annihilape
|-damage|p1a: Annihilape|87/100
|cant|p1a: Annihilape|flinch
|move|p1b: Sinistcha|Matcha Gotcha|p2a: Sneasler|[spread] p2a,p2b
|-resisted|p2a: Sneasler
|-resisted|p2b: Kingambit
|-crit|p2b: Kingambit
|-damage|p2a: Sneasler|79/100
|-heal|p1b: Sinistcha|89/100|[from] drain|[of] p2a: Sneasler
|-damage|p2b: Kingambit|0 fnt
|-heal|p1b: Sinistcha|99/100|[from] drain|[of] p2b: Kingambit
|faint|p2b: Kingambit
|
|-heal|p2a: Sneasler|85/100|[from] Grassy Terrain
|-heal|p1a: Annihilape|93/100|[from] Grassy Terrain
|-heal|p1a: Annihilape|99/100|[from] item: Leftovers
|-heal|p1b: Sinistcha|100/100|[from] Grassy Terrain
|-sideend|p1: Gambling42699|Reflect
|-fieldend|move: Grassy Terrain
|upkeep
|
|t:|1755958762
|switch|p2b: Rillaboom|Rillaboom, L50, F|40/100
|-fieldstart|move: Grassy Terrain|[from] ability: Grassy Surge|[of] p2b: Rillaboom
|turn|10
|
|t:|1755958770
|move|p2b: Rillaboom|Fake Out|p1a: Annihilape
|-damage|p1a: Annihilape|83/100
|move|p2a: Sneasler|Coaching|p2b: Rillaboom
|-boost|p2b: Rillaboom|atk|1
|-boost|p2b: Rillaboom|def|1
|cant|p1a: Annihilape|flinch
|move|p1b: Sinistcha|Matcha Gotcha|p2a: Sneasler|[spread] p2a,p2b
|-resisted|p2a: Sneasler
|-resisted|p2b: Rillaboom
|-damage|p2a: Sneasler|65/100
|-damage|p2b: Rillaboom|24/100
|-status|p2a: Sneasler|brn
|-status|p2b: Rillaboom|brn
|
|-heal|p2a: Sneasler|71/100 brn|[from] Grassy Terrain
|-heal|p1a: Annihilape|89/100|[from] Grassy Terrain
|-heal|p1a: Annihilape|95/100|[from] item: Leftovers
|-heal|p2b: Rillaboom|30/100 brn|[from] Grassy Terrain
|-damage|p2a: Sneasler|65/100 brn|[from] brn
|-damage|p2b: Rillaboom|24/100 brn|[from] brn
|upkeep
|turn|11
|
|t:|1755958793
|move|p1b: Sinistcha|Rage Powder|p1b: Sinistcha
|-singleturn|p1b: Sinistcha|move: Rage Powder
|move|p2a: Sneasler|Dire Claw|p1b: Sinistcha
|-damage|p1b: Sinistcha|83/100
|-status|p1b: Sinistcha|par
|move|p1a: Annihilape|Rage Fist|p2a: Sneasler
|-damage|p2a: Sneasler|0 fnt
|faint|p2a: Sneasler
|move|p2b: Rillaboom|High Horsepower|p1a: Annihilape
|-supereffective|p1a: Annihilape
|-damage|p1a: Annihilape|42/100
|
|-heal|p1a: Annihilape|48/100|[from] Grassy Terrain
|-heal|p1a: Annihilape|55/100|[from] item: Leftovers
|-heal|p2b: Rillaboom|30/100 brn|[from] Grassy Terrain
|-heal|p1b: Sinistcha|89/100 par|[from] Grassy Terrain
|-damage|p2b: Rillaboom|24/100 brn|[from] brn
|upkeep
|turn|12
|-message|Realfrytki forfeited.
|
|win|Gambling42699
|raw|Gambling42699's rating: 1436 → 1453(+17 for winning)
|raw|Realfrytki's rating: 1387 → 1370(-17 for losing)
|l|☆Realfrytki
|player|p2|
|l|☆Gambling42699
|player|p1|
|j|☆Gambling42699
|player|p1|Gambling42699|giovanni|
