|j|☆f27 BuffLucario
|j|☆Nesuts
|html|f27 BuffLucarioNesuts    
|uhtml|bestof|Game 1 of a best-of-3
|t:|1785081356
|gametype|doubles
|player|p1|f27 BuffLucario|265|
|player|p2|Nesuts|blue|
|gen|9
|tier|[Gen 9 Champions] VGC 2026 Reg M-B (Bo3)
|rule|Species Clause: Limit one of each Pokémon
|rule|Item Clause: Limit 1 of each item
|clearpoke
|poke|p1|Gardevoir, L50, F|
|poke|p1|Maushold-Four, L50|
|poke|p1|Basculegion, L50, M|
|poke|p1|Garchomp, L50, F|
|poke|p1|Kingambit, L50, M|
|poke|p1|Talonflame, L50, M|
|poke|p2|Staraptor, L50, M|
|poke|p2|Vanilluxe, L50, M|
|poke|p2|Farigiraf, L50, M|
|poke|p2|Blastoise, L50, M|
|poke|p2|Kingambit, L50, M|
|poke|p2|Camerupt, L50, M|
|teampreview|4
|showteam|p1|Gardevoir||Gardevoirite|Trace|HyperVoice,Psyshock,TrickRoom,Protect|Modest||F|||50|]Maushold-Four||ChopleBerry|FriendGuard|Feint,FollowMe,Protect,SuperFang|Impish|||||50|]Basculegion||MysticWater|Adaptability|WaveCrash,AquaJet,LastRespects,Protect|Adamant||M|||50|]Garchomp||SitrusBerry|RoughSkin|Earthquake,StompingTantrum,Protect,RockTomb|Jolly||F|||50|]Kingambit||FocusSash|Defiant|KowtowCleave,SuckerPunch,IronHead,LowKick|Adamant||M|||50|]Talonflame||LifeOrb|GaleWings|BraveBird,Protect,Tailwind,FlareBlitz|Jolly||M|||50|
|showteam|p2|Staraptor||ChoiceScarf|Intimidate|FinalGambit,BraveBird,CloseCombat,Uturn|Jolly||M|||50|]Vanilluxe||NeverMeltIce|SnowWarning|Blizzard,FreezeDry,Protect,IceShard|Quiet||M|||50|]Farigiraf||SitrusBerry|ArmorTail|PsychicFangs,HyperVoice,HelpingHand,TrickRoom|Relaxed||M|||50|]Blastoise||Blastoisinite|RainDish|FakeOut,WaterSpout,AuraSphere,DarkPulse|Quiet||M|||50|]Kingambit||LifeOrb|Defiant|KowtowCleave,IronHead,Protect,SuckerPunch|Brave||M|||50|]Camerupt||Cameruptite|SolidRock|HeatWave,EarthPower,Protect,AncientPower|Quiet||M|||50|
|c|☆f27 BuffLucario|Suerte
|c|☆Nesuts|=
|l|☆f27 BuffLucario
|player|p1|
|j| WeatherCode76
|j| BygameJorge
|j|☆f27 BuffLucario
|player|p1|f27 BuffLucario|265|
|j| kotamager34
|inactive|Battle timer is ON: inactive players will automatically lose when time's up. (requested by f27 BuffLucario)
|
|t:|1785081416
|teamsize|p1|4
|teamsize|p2|4
|start
|switch|p1a: Kingambit|Kingambit, L50, M|100/100
|switch|p1b: Basculegion|Basculegion, L50, M|100/100
|switch|p2a: Brachiosaur|Farigiraf, L50, M|100/100
|switch|p2b: Blastoise|Blastoise, L50, M|100/100
|turn|1
|j| marttos
|l| marttos
|inactive|Nesuts has 30 seconds left.
|
|t:|1785081444
|switch|p1a: Garchomp|Garchomp, L50, F|100/100
|detailschange|p2b: Blastoise|Blastoise-Mega, L50, M
|-mega|p2b: Blastoise|Blastoise|Blastoisinite
|move|p2b: Blastoise|Fake Out|p1a: Garchomp
|-damage|p1a: Garchomp|92/100
|-damage|p2b: Blastoise|87/100|[from] ability: Rough Skin|[of] p1a: Garchomp
|move|p1b: Basculegion|Wave Crash|p2a: Brachiosaur
|-damage|p2a: Brachiosaur|18/100
|-enditem|p2a: Brachiosaur|Sitrus Berry|[eat]
|-heal|p2a: Brachiosaur|43/100|[from] item: Sitrus Berry
|-damage|p1b: Basculegion|70/100|[from] Recoil
|move|p2a: Brachiosaur|Trick Room|p2a: Brachiosaur
|-fieldstart|move: Trick Room|[of] p2a: Brachiosaur
|
|upkeep
|turn|2
|inactive|f27 BuffLucario has 30 seconds left.
|inactive|Nesuts has 30 seconds left.
|inactive|Nesuts has 20 seconds left.
|inactive|Nesuts has 15 seconds left.
|
|t:|1785081485
|switch|p2a: Vanilluxe|Vanilluxe, L50, M|100/100
|-weather|Snowscape|[from] ability: Snow Warning|[of] p2a: Vanilluxe
|move|p1b: Basculegion|Protect|p1b: Basculegion
|-singleturn|p1b: Basculegion|Protect
|move|p2b: Blastoise|Water Spout|p1b: Basculegion|[spread] p1a
|-activate|p1b: Basculegion|move: Protect
|-damage|p1a: Garchomp|41/100
|-enditem|p1a: Garchomp|Sitrus Berry|[eat]
|-heal|p1a: Garchomp|65/100|[from] item: Sitrus Berry
|move|p1a: Garchomp|Earthquake|p2b: Blastoise|[spread] p2a,p2b
|-activate|p1b: Basculegion|move: Protect
|-damage|p2a: Vanilluxe|74/100
|-damage|p2b: Blastoise|56/100
|
|-weather|Snowscape|[upkeep]
|upkeep
|turn|3
|inactive|f27 BuffLucario has 30 seconds left.
|inactive|Nesuts has 30 seconds left.
|inactive|f27 BuffLucario has 20 seconds left.
|j| f50 NemesisVGC
|
|t:|1785081520
|move|p1a: Garchomp|Protect|p1a: Garchomp
|-singleturn|p1a: Garchomp|Protect
|move|p2b: Blastoise|Aura Sphere|p1b: Basculegion
|-immune|p1b: Basculegion
|move|p2a: Vanilluxe|Blizzard|p1b: Basculegion|[spread] p1b
|-activate|p1a: Garchomp|move: Protect
|-resisted|p1b: Basculegion|1
|-damage|p1b: Basculegion|44/100
|move|p1b: Basculegion|Last Respects|p2a: Vanilluxe
|-damage|p2a: Vanilluxe|48/100
|
|-weather|Snowscape|[upkeep]
|upkeep
|turn|4
|inactive|Nesuts has 30 seconds left.
|
|t:|1785081549
|switch|p1a: Kingambit|Kingambit, L50, M|100/100
|move|p1b: Basculegion|Protect|p1b: Basculegion
|-singleturn|p1b: Basculegion|Protect
|move|p2b: Blastoise|Aura Sphere|p1a: Kingambit
|-supereffective|p1a: Kingambit|2
|-enditem|p1a: Kingambit|Focus Sash
|-damage|p1a: Kingambit|1/100
|move|p2a: Vanilluxe|Blizzard|p1b: Basculegion|[spread] p1a
|-activate|p1b: Basculegion|move: Protect
|-resisted|p1a: Kingambit|1
|-damage|p1a: Kingambit|0 fnt
|faint|p1a: Kingambit
|
|-weather|Snowscape|[upkeep]
|upkeep
|
|t:|1785081557
|switch|p1a: Gardevoir|Gardevoir, L50, F|100/100
|-ability|p1a: Gardevoir|Mega Launcher|Trace|[from] ability: Trace|[of] p2b: Blastoise
|turn|5
|
|t:|1785081581
|move|p1a: Gardevoir|Protect|p1a: Gardevoir
|-singleturn|p1a: Gardevoir|Protect
|move|p1b: Basculegion|Aqua Jet|p2b: Blastoise
|-resisted|p2b: Blastoise|1
|-damage|p2b: Blastoise|44/100
|move|p2b: Blastoise|Dark Pulse|p1a: Gardevoir
|-activate|p1a: Gardevoir|move: Protect
|move|p2a: Vanilluxe|Freeze-Dry|p1b: Basculegion
|-supereffective|p1b: Basculegion|1
|-damage|p1b: Basculegion|0 fnt
|faint|p1b: Basculegion
|
|-weather|Snowscape|[upkeep]
|-fieldend|move: Trick Room
|upkeep
|
|t:|1785081585
|switch|p1b: Garchomp|Garchomp, L50, F|65/100
|turn|6
|
|t:|1785081603
|detailschange|p1a: Gardevoir|Gardevoir-Mega, L50, F
|-mega|p1a: Gardevoir|Gardevoir|Gardevoirite
|move|p1b: Garchomp|Protect|p1b: Garchomp
|-singleturn|p1b: Garchomp|Protect
|move|p2a: Vanilluxe|Ice Shard|p1b: Garchomp
|-activate|p1b: Garchomp|move: Protect
|move|p1a: Gardevoir|Hyper Voice|p2b: Blastoise|[spread] p2a,p2b
|-damage|p2a: Vanilluxe|2/100
|-damage|p2b: Blastoise|2/100
|move|p2b: Blastoise|Dark Pulse|p1b: Garchomp
|-activate|p1b: Garchomp|move: Protect
|
|-weather|none
|upkeep
|turn|7
|inactive|Nesuts has 30 seconds left.
|inactive|Nesuts has 20 seconds left.
|
|t:|1785081639
|move|p2a: Vanilluxe|Ice Shard|p1b: Garchomp
|-supereffective|p1b: Garchomp|2
|-damage|p1b: Garchomp|15/100
|move|p1b: Garchomp|Stomping Tantrum|p2b: Blastoise
|-crit|p2b: Blastoise
|-damage|p2b: Blastoise|0 fnt
|faint|p2b: Blastoise
|move|p1a: Gardevoir|Hyper Voice|p2a: Vanilluxe
|-damage|p2a: Vanilluxe|0 fnt
|faint|p2a: Vanilluxe
|
|upkeep
|
|t:|1785081649
|switch|p2a: Brachiosaur|Farigiraf, L50, M|43/100
|switch|p2b: Samurai Edge|Kingambit, L50, M|100/100
|turn|8
|
|t:|1785081668
|move|p2b: Samurai Edge|Sucker Punch|p1b: Garchomp
|-damage|p1b: Garchomp|0 fnt
|-damage|p2b: Samurai Edge|87/100|[from] ability: Rough Skin|[of] p1b: Garchomp
|faint|p1b: Garchomp
|-damage|p2b: Samurai Edge|78/100|[from] item: Life Orb
|move|p1a: Gardevoir|Hyper Voice|p2a: Brachiosaur|[spread] p2a,p2b
|-damage|p2a: Brachiosaur|0 fnt
|-damage|p2b: Samurai Edge|30/100
|faint|p2a: Brachiosaur
|
|upkeep
|turn|9
|
|t:|1785081680
|move|p2b: Samurai Edge|Sucker Punch|p1a: Gardevoir
|-damage|p1a: Gardevoir|37/100
|-damage|p2b: Samurai Edge|20/100y|[from] item: Life Orb
|move|p1a: Gardevoir|Hyper Voice|p2b: Samurai Edge
|-damage|p2b: Samurai Edge|0 fnt
|faint|p2b: Samurai Edge
|
|win|f27 BuffLucario
||f27 BuffLucario is ready for game 2.
||Nesuts is ready for game 2.
|uhtml|next|Next: Game 2 of 3
|l| f50 NemesisVGC
|l|☆Nesuts
|player|p2|
|l| BygameJorge
