|j|☆Notaplaceofhonor
|j|☆MiraiPidgeon
|html|NotaplaceofhonorMiraiPidgeon    
|uhtml|bestof|Game 2 of a best-of-3
|t:|1757113742
|gametype|doubles
|player|p1|Notaplaceofhonor|juan-gen3|1196
|player|p2|MiraiPidgeon|102|1280
|gen|9
|tier|[Gen 9] VGC 2025 Reg H (Bo3)
|rated|
|rule|Species Clause: Limit one of each Pokémon
|rule|Item Clause: Limit 1 of each item
|clearpoke
|poke|p1|Dondozo, L50, M|
|poke|p1|Tatsugiri, L50, F|
|poke|p1|Glimmora, L50, F|
|poke|p1|Talonflame, L50, F|
|poke|p1|Gholdengo, L50|
|poke|p1|Annihilape, L50, F|
|poke|p2|Talonflame, L50, F|
|poke|p2|Garchomp, L50, M|
|poke|p2|Annihilape, L50, M|
|poke|p2|Tyranitar, L50, M|
|poke|p2|Gholdengo, L50|
|poke|p2|Amoonguss, L50, M|
|teampreview|4
|showteam|p1|Dondozo||Leftovers|Unaware|Protect,WaveCrash,OrderUp,Earthquake|||M|||50|,,,,,Grass]Tatsugiri||FocusSash|Commander|Protect,DragonPulse,DracoMeteor,MuddyWater|||F|||50|,,,,,Stellar]Glimmora||PowerHerb|ToxicDebris|SpikyShield,MeteorBeam,SludgeBomb,EarthPower|||F|||50|,,,,,Grass]Talonflame||LifeOrb|GaleWings|Protect,Tailwind,BraveBird,FlareBlitz|||F|||50|,,,,,Flying]Gholdengo||ChoiceSpecs|GoodasGold|MakeItRain,ShadowBall,Thunderbolt,Trick||||||50|,,,,,Steel]Annihilape||SafetyGoggles|Defiant|CloseCombat,FinalGambit,RageFist,Taunt|||F|||50|,,,,,Fire
|showteam|p2|Talonflame||SharpBeak|GaleWings|Tailwind,DualWingbeat,WillOWisp,Protect|||F|||50|,,,,,Ghost]Garchomp||LoadedDice|RoughSkin|Earthquake,ScaleShot,Protect,StompingTantrum|||M|||50|,,,,,Fairy]Annihilape||FocusSash|Defiant|CloseCombat,RageFist,Coaching,Taunt|||M|||50|,,,,,Water]Tyranitar||AssaultVest|SandStream|KnockOff,RockSlide,LowKick,TeraBlast|||M|||50|,,,,,Flying]Gholdengo||MetalCoat|GoodasGold|MakeItRain,ShadowBall,NastyPlot,Protect||||||50|,,,,,Water]Amoonguss||SitrusBerry|Regenerator|Spore,RagePowder,PollenPuff,ClearSmog|||M|||50|,,,,,Water
|
|t:|1757113790
|teamsize|p1|4
|teamsize|p2|4
|start
|switch|p1a: Annihilape|Annihilape, L50, F|100/100
|switch|p1b: Talonflame|Talonflame, L50, F|100/100
|switch|p2a: Talonflame|Talonflame, L50, F|100/100
|switch|p2b: Garchomp|Garchomp, L50, M|100/100
|turn|1
|
|t:|1757113822
|move|p1b: Talonflame|Brave Bird|p2b: Garchomp
|-damage|p2b: Garchomp|32/100
|-damage|p1b: Talonflame|88/100|[from] ability: Rough Skin|[of] p2b: Garchomp
|-damage|p1b: Talonflame|61/100|[from] Recoil
|-damage|p1b: Talonflame|51/100|[from] item: Life Orb
|move|p2a: Talonflame|Dual Wingbeat|p1a: Annihilape
|-supereffective|p1a: Annihilape
|-damage|p1a: Annihilape|60/100
|-supereffective|p1a: Annihilape
|-damage|p1a: Annihilape|20/100
|-hitcount|p1a: Annihilape|2
|move|p2b: Garchomp|Scale Shot|p1b: Talonflame
|-damage|p1b: Talonflame|33/100
|-damage|p1b: Talonflame|13/100
|-damage|p1b: Talonflame|0 fnt
|faint|p1b: Talonflame
|-hitcount|p1: Talonflame|3
|-unboost|p2b: Garchomp|def|1
|-boost|p2b: Garchomp|spe|1
|move|p1a: Annihilape|Close Combat|p2b: Garchomp
|-damage|p2b: Garchomp|0 fnt
|-unboost|p1a: Annihilape|def|1
|-unboost|p1a: Annihilape|spd|1
|-damage|p1a: Annihilape|7/100|[from] ability: Rough Skin|[of] p2b: Garchomp
|faint|p2b: Garchomp
|
|upkeep
|
|t:|1757113843
|switch|p1b: Glimmora|Glimmora, L50, F|100/100
|switch|p2b: Amoonguss|Amoonguss, L50, M|100/100
|turn|2
|
|t:|1757113860
|-terastallize|p1b: Glimmora|Grass
|move|p2a: Talonflame|Protect|p2a: Talonflame
|-singleturn|p2a: Talonflame|Protect
|move|p1a: Annihilape|Rage Fist|p2b: Amoonguss
|-damage|p2b: Amoonguss|50/100
|-enditem|p2b: Amoonguss|Sitrus Berry|[eat]
|-heal|p2b: Amoonguss|74/100|[from] item: Sitrus Berry
|move|p1b: Glimmora|Meteor Beam||[still]
|-prepare|p1b: Glimmora|Meteor Beam
|-boost|p1b: Glimmora|spa|1
|-enditem|p1b: Glimmora|Power Herb
|-anim|p1b: Glimmora|Meteor Beam|p2a: Talonflame
|-activate|p2a: Talonflame|move: Protect
|move|p2b: Amoonguss|Pollen Puff|p1a: Annihilape
|-resisted|p1a: Annihilape
|-damage|p1a: Annihilape|0 fnt
|faint|p1a: Annihilape
|
|upkeep
|
|t:|1757113876
|switch|p1a: Gholdengo|Gholdengo, L50|100/100
|turn|3
|
|t:|1757113893
|move|p1b: Glimmora|Spiky Shield|p1b: Glimmora
|-singleturn|p1b: Glimmora|move: Protect
|move|p2a: Talonflame|Dual Wingbeat|p1b: Glimmora
|-activate|p1b: Glimmora|move: Protect
|-damage|p2a: Talonflame|88/100|[from] Spiky Shield|[of] p1b: Glimmora
|move|p1a: Gholdengo|Shadow Ball|p2a: Talonflame
|-damage|p2a: Talonflame|0 fnt
|faint|p2a: Talonflame
|move|p2b: Amoonguss|Clear Smog|p1b: Glimmora
|-activate|p1b: Glimmora|move: Protect
|
|upkeep
|
|t:|1757113901
|switch|p2a: Gholdengo|Gholdengo, L50|100/100
|turn|4
|
|t:|1757113922
|move|p2a: Gholdengo|Protect|p2a: Gholdengo
|-singleturn|p2a: Gholdengo|Protect
|move|p1b: Glimmora|Earth Power|p2a: Gholdengo
|-activate|p2a: Gholdengo|move: Protect
|move|p1a: Gholdengo|Shadow Ball|p2b: Amoonguss
|-damage|p2b: Amoonguss|22/100
|move|p2b: Amoonguss|Clear Smog|p1b: Glimmora
|-supereffective|p1b: Glimmora
|-damage|p1b: Glimmora|58/100
|-clearboost|p1b: Glimmora
|
|upkeep
|turn|5
|
|t:|1757113947
|-terastallize|p2a: Gholdengo|Water
|move|p1b: Glimmora|Sludge Bomb|p2b: Amoonguss
|-damage|p2b: Amoonguss|0 fnt
|faint|p2b: Amoonguss
|move|p2a: Gholdengo|Make It Rain|p1a: Gholdengo|[spread] p1a,p1b
|-resisted|p1a: Gholdengo
|-crit|p1a: Gholdengo
|-damage|p1a: Gholdengo|57/100
|-damage|p1b: Glimmora|0 fnt
|-unboost|p2a: Gholdengo|spa|1
|faint|p1b: Glimmora
|move|p1a: Gholdengo|Shadow Ball|p2a: Gholdengo
|-damage|p2a: Gholdengo|26/100
|-unboost|p2a: Gholdengo|spd|1
|
|upkeep
|turn|6
|
|t:|1757113957
|move|p2a: Gholdengo|Shadow Ball|p1a: Gholdengo
|-supereffective|p1a: Gholdengo
|-damage|p1a: Gholdengo|0 fnt
|faint|p1a: Gholdengo
|
|win|MiraiPidgeon
|raw|Notaplaceofhonor's rating: 1196 → 1177(-19 for losing)
|raw|MiraiPidgeon's rating: 1280 → 1299(+19 for winning)
