|j|☆puli95
|j|☆RoadToWorlds44
|html|puli95RoadToWorlds44    
|uhtml|bestof|Game 2 of a best-of-3
|t:|1756741089
|gametype|doubles
|player|p1|puli95|266|1048
|player|p2|RoadToWorlds44|169|1142
|gen|9
|tier|[Gen 9] VGC 2025 Reg H (Bo3)
|rated|
|rule|Species Clause: Limit one of each Pokémon
|rule|Item Clause: Limit 1 of each item
|clearpoke
|poke|p1|Volcarona, L50, F|
|poke|p1|Shiftry, L50, F|
|poke|p1|Milotic, L50, M|
|poke|p1|Dragonite, L50, F|
|poke|p1|Ursaluna-Bloodmoon, L50, M|
|poke|p1|Torkoal, L50, F|
|poke|p2|Incineroar, L50, M|
|poke|p2|Porygon2, L50|
|poke|p2|Amoonguss, L50, M|
|poke|p2|Ursaluna, L50, M|
|poke|p2|Gholdengo, L50|
|poke|p2|Tyranitar, L50, M|
|teampreview|4
|showteam|p1|Volcarona||Leftovers|FlameBody|HeatWave,GigaDrain,QuiverDance,Protect|||F|||50|,,,,,Grass]Shiftry||ClearAmulet|WindRider|LeafBlade,KnockOff,UpperHand,Protect|||F|||50|,,,,,Fire]Milotic||CovertCloak|Competitive|Scald,IcyWind,Coil,Hypnosis|||M|||50|,,,,,Dragon]Dragonite||LifeOrb|InnerFocus|ScaleShot,ExtremeSpeed,Tailwind,Haze|||F|||50|,,,,,Normal]Ursaluna-Bloodmoon||FocusSash|MindsEye|EarthPower,BloodMoon,VacuumWave,Protect|||M|||50|,,,,,Stellar]Torkoal||ChoiceSpecs|Drought|Eruption,HeatWave,EarthPower,SolarBeam|||F|||50|,,,,,Fire
|showteam|p2|Incineroar||SafetyGoggles|Intimidate|FlareBlitz,KnockOff,FakeOut,PartingShot|||M|||50|,,,,,Ghost]Porygon2||Eviolite|Download|TeraBlast,IceBeam,Recover,TrickRoom||||||50|,,,,,Fighting]Amoonguss||CovertCloak|Regenerator|RagePowder,Spore,PollenPuff,ClearSmog|||M|||50|,,,,,Fairy]Ursaluna||FlameOrb|Guts|Facade,HeadlongRush,Earthquake,Protect|||M|||50|,,,,,Ghost]Gholdengo||LifeOrb|GoodasGold|MakeItRain,ShadowBall,NastyPlot,Protect||||||50|,,,,,Water]Tyranitar||AssaultVest|SandStream|RockSlide,KnockOff,LowKick,TeraBlast|||M|||50|,,,,,Flying
|inactive|Battle timer is ON: inactive players will automatically lose when time's up. (requested by RoadToWorlds44)
|inactive|RoadToWorlds44 has 60 seconds left.
|inactive|RoadToWorlds44 has 30 seconds left.
|inactive|RoadToWorlds44 has 20 seconds left.
|inactive|RoadToWorlds44 has 15 seconds left.
|inactive|RoadToWorlds44 has 10 seconds left.
|inactive|RoadToWorlds44 has 5 seconds left.
|
|t:|1756741178
|teamsize|p1|4
|teamsize|p2|4
|start
|switch|p1a: Milotic|Milotic, L50, M|100/100
|switch|p1b: Shiftry|Shiftry, L50, F|100/100
|switch|p2a: Gholdengo|Gholdengo, L50|100/100
|switch|p2b: Amoonguss|Amoonguss, L50, M|100/100
|turn|1
|inactive|puli95 has 30 seconds left.
|inactive|RoadToWorlds44 has 30 seconds left.
|inactive|puli95 has 20 seconds left.
|inactive|RoadToWorlds44 has 20 seconds left.
|inactive|RoadToWorlds44 has 15 seconds left.
|inactive|RoadToWorlds44 has 10 seconds left.
|
|t:|1756741226
|move|p2a: Gholdengo|Protect|p2a: Gholdengo
|-singleturn|p2a: Gholdengo|Protect
|move|p1b: Shiftry|Protect|p1b: Shiftry
|-singleturn|p1b: Shiftry|Protect
|move|p1a: Milotic|Icy Wind|p2a: Gholdengo|[spread] p2b
|-activate|p2a: Gholdengo|move: Protect
|-supereffective|p2b: Amoonguss
|-damage|p2b: Amoonguss|86/100
|move|p2b: Amoonguss|Spore|p1a: Milotic
|-status|p1a: Milotic|slp|[from] move: Spore
|
|upkeep
|turn|2
|inactive|puli95 has 30 seconds left.
|inactive|RoadToWorlds44 has 30 seconds left.
|inactive|RoadToWorlds44 has 20 seconds left.
|inactive|RoadToWorlds44 has 15 seconds left.
|inactive|RoadToWorlds44 has 10 seconds left.
|
|t:|1756741274
|switch|p2a: Tyranitar|Tyranitar, L50, M|100/100
|-weather|Sandstorm|[from] ability: Sand Stream|[of] p2a: Tyranitar
|switch|p1b: Torkoal|Torkoal, L50, F|100/100
|-weather|SunnyDay|[from] ability: Drought|[of] p1b: Torkoal
|cant|p1a: Milotic|slp
|move|p2b: Amoonguss|Pollen Puff|p1b: Torkoal
|-resisted|p1b: Torkoal
|-damage|p1b: Torkoal|88/100
|
|-weather|SunnyDay|[upkeep]
|upkeep
|turn|3
|inactive|RoadToWorlds44 has 30 seconds left.
|inactive|RoadToWorlds44 has 20 seconds left.
|
|t:|1756741310
|switch|p2b: Incineroar|Incineroar, L50, M|100/100
|-ability|p2b: Incineroar|Intimidate|boost
|-unboost|p1a: Milotic|atk|1
|-ability|p1a: Milotic|Competitive|boost
|-boost|p1a: Milotic|spa|2
|-unboost|p1b: Torkoal|atk|1
|cant|p1a: Milotic|slp
|move|p2a: Tyranitar|Rock Slide|p1a: Milotic|[spread] p1a,p1b
|-supereffective|p1b: Torkoal
|-damage|p1a: Milotic|73/100 slp
|-damage|p1b: Torkoal|40/100
|move|p1b: Torkoal|Heat Wave|p2b: Incineroar|[spread] p2a,p2b
|-resisted|p2a: Tyranitar
|-resisted|p2b: Incineroar
|-damage|p2a: Tyranitar|80/100
|-damage|p2b: Incineroar|70/100
|
|-weather|SunnyDay|[upkeep]
|upkeep
|turn|4
|inactive|RoadToWorlds44 has 30 seconds left.
|inactive|RoadToWorlds44 has 20 seconds left.
|inactive|RoadToWorlds44 has 15 seconds left.
|inactive|puli95 has 30 seconds left.
|inactive|RoadToWorlds44 has 10 seconds left.
|inactive|RoadToWorlds44 has 5 seconds left.
|
|t:|1756741365
|switch|p1b: Shiftry|Shiftry, L50, F|100/100
|-terastallize|p2a: Tyranitar|Flying
|-curestatus|p1a: Milotic|slp|[msg]
|move|p1a: Milotic|Coil|p1a: Milotic
|-boost|p1a: Milotic|atk|1
|-boost|p1a: Milotic|def|1
|-boost|p1a: Milotic|accuracy|1
|move|p2b: Incineroar|Knock Off|p1b: Shiftry
|-resisted|p1b: Shiftry
|-damage|p1b: Shiftry|64/100
|-enditem|p1b: Shiftry|Clear Amulet|[from] move: Knock Off|[of] p2b: Incineroar
|move|p2a: Tyranitar|Knock Off|p1a: Milotic
|-damage|p1a: Milotic|43/100
|-enditem|p1a: Milotic|Covert Cloak|[from] move: Knock Off|[of] p2a: Tyranitar
|
|-weather|SunnyDay|[upkeep]
|upkeep
|turn|5
|inactive|RoadToWorlds44 has 30 seconds left.
|inactive|RoadToWorlds44 has 20 seconds left.
|inactive|RoadToWorlds44 has 15 seconds left.
|inactive|RoadToWorlds44 has 10 seconds left.
|inactive|RoadToWorlds44 has 5 seconds left.
|
|t:|1756741420
|move|p1b: Shiftry|Protect|p1b: Shiftry
|-singleturn|p1b: Shiftry|Protect
|move|p1a: Milotic|Icy Wind|p2a: Tyranitar|[spread] p2a,p2b
|-supereffective|p2a: Tyranitar
|-resisted|p2b: Incineroar
|-damage|p2a: Tyranitar|57/100
|-damage|p2b: Incineroar|61/100
|-unboost|p2a: Tyranitar|spe|1
|-unboost|p2b: Incineroar|spe|1
|move|p2b: Incineroar|Flare Blitz|p1b: Shiftry
|-activate|p1b: Shiftry|move: Protect
|move|p2a: Tyranitar|Tera Blast|p1a: Milotic|[anim] Tera Blast Flying
|-damage|p1a: Milotic|17/100
|
|-weather|SunnyDay|[upkeep]
|upkeep
|turn|6
|inactive|RoadToWorlds44 has 30 seconds left.
|
|t:|1756741453
|move|p1b: Shiftry|Knock Off|p2a: Tyranitar
|-damage|p2a: Tyranitar|22/100
|-enditem|p2a: Tyranitar|Assault Vest|[from] move: Knock Off|[of] p1b: Shiftry
|move|p1a: Milotic|Hypnosis|p2b: Incineroar
|-status|p2b: Incineroar|slp|[from] move: Hypnosis
|cant|p2b: Incineroar|slp
|move|p2a: Tyranitar|Tera Blast|p1b: Shiftry|[anim] Tera Blast Flying
|-supereffective|p1b: Shiftry
|-damage|p1b: Shiftry|0 fnt
|faint|p1b: Shiftry
|
|-weather|none
|upkeep
|
|t:|1756741465
|switch|p1b: Ursaluna|Ursaluna-Bloodmoon, L50, M|100/100
|turn|7
|inactive|RoadToWorlds44 has 30 seconds left.
|
|t:|1756741500
|move|p1a: Milotic|Scald|p2a: Tyranitar
|-damage|p2a: Tyranitar|0 fnt
|faint|p2a: Tyranitar
|move|p1b: Ursaluna|Earth Power|p2b: Incineroar
|-supereffective|p2b: Incineroar
|-damage|p2b: Incineroar|0 fnt
|faint|p2b: Incineroar
|
|upkeep
|
|t:|1756741507
|switch|p2b: Amoonguss|Amoonguss, L50, M|100/100
|switch|p2a: Gholdengo|Gholdengo, L50|100/100
|turn|8
|inactive|RoadToWorlds44 has 30 seconds left.
|inactive|RoadToWorlds44 has 20 seconds left.
|inactive|puli95 has 30 seconds left.
|inactive|RoadToWorlds44 has 15 seconds left.
|inactive|RoadToWorlds44 has 10 seconds left.
|
|t:|1756741552
|-terastallize|p1b: Ursaluna|Stellar
|move|p2b: Amoonguss|Rage Powder|p2b: Amoonguss
|-singleturn|p2b: Amoonguss|move: Rage Powder
|move|p2a: Gholdengo|Make It Rain|p1b: Ursaluna|[spread] p1a,p1b
|-resisted|p1a: Milotic
|-damage|p1a: Milotic|0 fnt
|-damage|p1b: Ursaluna|20/100
|-unboost|p2a: Gholdengo|spa|1
|faint|p1a: Milotic
|-damage|p2a: Gholdengo|91/100|[from] item: Life Orb
|move|p1b: Ursaluna|Earth Power|p2b: Amoonguss
|-damage|p2b: Amoonguss|47/100
|
|upkeep
|
|t:|1756741564
|switch|p1a: Torkoal|Torkoal, L50, F|40/100
|-weather|SunnyDay|[from] ability: Drought|[of] p1a: Torkoal
|turn|9
|inactive|RoadToWorlds44 has 30 seconds left.
|inactive|RoadToWorlds44 has 20 seconds left.
|
|t:|1756741603
|move|p1b: Ursaluna|Protect|p1b: Ursaluna
|-singleturn|p1b: Ursaluna|Protect
|move|p2b: Amoonguss|Rage Powder|p2b: Amoonguss
|-singleturn|p2b: Amoonguss|move: Rage Powder
|move|p2a: Gholdengo|Shadow Ball|p1a: Torkoal
|-damage|p1a: Torkoal|0 fnt
|faint|p1a: Torkoal
|-damage|p2a: Gholdengo|82/100|[from] item: Life Orb
|
|-weather|SunnyDay|[upkeep]
|upkeep
|turn|10
|
|t:|1756741617
|move|p2b: Amoonguss|Rage Powder|p2b: Amoonguss
|-singleturn|p2b: Amoonguss|move: Rage Powder
|move|p2a: Gholdengo|Make It Rain|p1b: Ursaluna
|-damage|p1b: Ursaluna|0 fnt
|-unboost|p2a: Gholdengo|spa|1
|faint|p1b: Ursaluna
|-damage|p2a: Gholdengo|72/100|[from] item: Life Orb
|
|win|RoadToWorlds44
||puli95 is ready for game 3.
