|j|☆Parchesin
|j|☆Ilia6566
|html|ParchesinIlia6566    
|uhtml|bestof|Game 2 of a best-of-3
|t:|1756701917
|gametype|doubles
|player|p1|Parchesin|102|1087
|player|p2|Ilia6566|1|1000
|gen|9
|tier|[Gen 9] VGC 2025 Reg H (Bo3)
|rated|
|rule|Species Clause: Limit one of each Pokémon
|rule|Item Clause: Limit 1 of each item
|clearpoke
|poke|p1|Weezing, L50, M|
|poke|p1|Tyranitar, L50, M|
|poke|p1|Garchomp, L50, F|
|poke|p1|Vivillon-Archipelago, L50, F|
|poke|p1|Primarina, L50, M|
|poke|p1|Incineroar, L50, F|
|poke|p2|Maushold, L50|
|poke|p2|Samurott-Hisui, L50, M|
|poke|p2|Scizor, L50, M|
|poke|p2|Dragapult, L50, M|
|poke|p2|Skeledirge, L50, F|
|poke|p2|Rillaboom, L50, F|
|teampreview|4
|showteam|p1|Weezing||SitrusBerry|NeutralizingGas|SludgeBomb,WillOWisp,Haze,Protect|||M|||50|,,,,,Grass]Tyranitar||AssaultVest|SandStream|RockSlide,LowKick,TeraBlast,KnockOff|||M|||50|,,,,,Flying]Garchomp||LifeOrb|SandVeil|Earthquake,RockSlide,StompingTantrum,Protect|||F|||50|,,,,,Ground]Vivillon-Archipelago||FocusSash|CompoundEyes|SleepPowder,Hurricane,Protect,Tailwind|||F|||50|,,,,,Ghost]Primarina||MysticWater|LiquidVoice|HyperVoice,Moonblast,Protect,CalmMind|||M|||50|,,,,,Grass]Incineroar||AbilityShield|Intimidate|FlareBlitz,FakeOut,PartingShot,KnockOff|||F|||50|,,,,,Grass
|showteam|p2|Maushold||SilkScarf|Technician|PopulationBomb,FollowMe,Encore,TidyUp||||||50|,,,,,Normal]Samurott-Hisui||LifeOrb|Sharpness|AquaCutter,CeaselessEdge,SuckerPunch,SwordsDance|||M|||50|,,,,,Water]Scizor||SalacBerry|Technician|BulletPunch,Lunge,Uturn,Protect|||M|||50|,,,,,Steel]Dragapult||WhiteHerb|CursedBody|DracoMeteor,Acrobatics,ShadowBall,ThunderWave|||M|||50|,,,,,Flying]Skeledirge||AssaultVest|Blaze|TorchSong,HeatWave,ShadowBall,TeraBlast|||F|||50|,,,,,Normal]Rillaboom||RockyHelmet|GrassySurge|FakeOut,GrassyGlide,WoodHammer,DoubleEdge|||F|||50|,,,,,Grass
|inactive|Battle timer is ON: inactive players will automatically lose when time's up. (requested by Parchesin)
|
|t:|1756701935
|teamsize|p1|4
|teamsize|p2|4
|start
|switch|p1a: Weezing|Weezing, L50, M, shiny|100/100
|switch|p1b: Incineroar|Incineroar, L50, F, shiny|100/100
|switch|p2a: Dragapult|Dragapult, L50, M|100/100
|switch|p2b: Skeledirge|Skeledirge, L50, F, shiny|100/100
|-ability|p1a: Weezing|Neutralizing Gas
|-block|p1b: Incineroar|item: Ability Shield
|-ability|p1b: Incineroar|Intimidate|boost
|-unboost|p2a: Dragapult|atk|1
|-unboost|p2b: Skeledirge|atk|1
|-enditem|p2a: Dragapult|White Herb
|-clearnegativeboost|p2a: Dragapult|[silent]
|turn|1
|inactive|Parchesin has 30 seconds left.
|inactive|Ilia6566 has 30 seconds left.
|inactive|Parchesin has 20 seconds left.
|inactive|Parchesin has 15 seconds left.
|
|t:|1756701976
|-end|p1a: Weezing|ability: Neutralizing Gas
|switch|p1a: Primarina|Primarina, L50, M, shiny|100/100
|move|p2a: Dragapult|Draco Meteor|p1b: Incineroar
|-damage|p1b: Incineroar|45/100
|-unboost|p2a: Dragapult|spa|2
|move|p2b: Skeledirge|Torch Song|p1a: Primarina
|-resisted|p1a: Primarina
|-damage|p1a: Primarina|87/100
|-boost|p2b: Skeledirge|spa|1
|move|p1b: Incineroar|Knock Off|p2b: Skeledirge
|-supereffective|p2b: Skeledirge
|-damage|p2b: Skeledirge|9/100
|-enditem|p2b: Skeledirge|Assault Vest|[from] move: Knock Off|[of] p1b: Incineroar
|
|upkeep
|turn|2
|inactive|Parchesin has 30 seconds left.
|inactive|Ilia6566 has 30 seconds left.
|inactive|Ilia6566 has 20 seconds left.
|inactive|Ilia6566 has 15 seconds left.
|inactive|Ilia6566 has 10 seconds left.
|inactive|Ilia6566 has 5 seconds left.
|
|t:|1756702031
|move|p2a: Dragapult|Draco Meteor|p1a: Primarina
|-immune|p1a: Primarina
|move|p2b: Skeledirge|Torch Song|p1a: Primarina
|-resisted|p1a: Primarina
|-damage|p1a: Primarina|55/100
|-boost|p2b: Skeledirge|spa|1
|move|p1b: Incineroar|Knock Off|p2a: Dragapult
|-supereffective|p2a: Dragapult
|-damage|p2a: Dragapult|29/100
|move|p1a: Primarina|Hyper Voice|p2a: Dragapult|[spread] p2a,p2b
|-resisted|p2a: Dragapult
|-crit|p2a: Dragapult
|-supereffective|p2b: Skeledirge
|-damage|p2a: Dragapult|0 fnt
|-damage|p2b: Skeledirge|0 fnt
|-start|p1a: Primarina|Disable|Hyper Voice|[from] ability: Cursed Body|[of] p2a: Dragapult
|faint|p2a: Dragapult
|faint|p2b: Skeledirge
|
|upkeep
|
|t:|1756702050
|switch|p2a: Rillaboom|Rillaboom, L50, F|100/100
|switch|p2b: Scizor|Scizor, L50, M|100/100
|-fieldstart|move: Grassy Terrain|[from] ability: Grassy Surge|[of] p2a: Rillaboom
|turn|3
|
|t:|1756702064
|switch|p1a: Weezing|Weezing, L50, M, shiny|100/100
|-ability|p1a: Weezing|Neutralizing Gas
|-block|p1b: Incineroar|item: Ability Shield
|move|p2a: Rillaboom|Fake Out|p1b: Incineroar
|-damage|p1b: Incineroar|33/100
|move|p2b: Scizor|Bullet Punch|p1a: Weezing
|-damage|p1a: Weezing|85/100
|cant|p1b: Incineroar|flinch
|
|-heal|p1a: Weezing|91/100|[from] Grassy Terrain
|-heal|p1b: Incineroar|39/100|[from] Grassy Terrain
|upkeep
|turn|4
|inactive|Parchesin has 30 seconds left.
|inactive|Ilia6566 has 30 seconds left.
|
|t:|1756702095
|switch|p1b: Primarina|Primarina, L50, M, shiny|55/100
|move|p2a: Rillaboom|Double-Edge|p1b: Primarina
|-damage|p1b: Primarina|17/100
|-damage|p2a: Rillaboom|87/100|[from] Recoil
|move|p2b: Scizor|Lunge|p1a: Weezing
|-resisted|p1a: Weezing
|-damage|p1a: Weezing|73/100
|-unboost|p1a: Weezing|atk|1
|move|p1a: Weezing|Will-O-Wisp|p2a: Rillaboom
|-status|p2a: Rillaboom|brn
|
|-heal|p2a: Rillaboom|92/100 brn|[from] Grassy Terrain
|-heal|p1a: Weezing|79/100|[from] Grassy Terrain
|-heal|p1b: Primarina|22/100|[from] Grassy Terrain
|-damage|p2a: Rillaboom|87/100 brn|[from] brn
|upkeep
|turn|5
|inactive|Ilia6566 has 30 seconds left.
|inactive|Ilia6566 has 20 seconds left.
|inactive|Ilia6566 has 15 seconds left.
|inactive|Ilia6566 has 10 seconds left.
|inactive|Ilia6566 has 5 seconds left.
|
|t:|1756702149
|switch|p1b: Incineroar|Incineroar, L50, F, shiny|39/100
|-ability|p1b: Incineroar|Intimidate|boost
|-unboost|p2a: Rillaboom|atk|1
|-unboost|p2b: Scizor|atk|1
|-terastallize|p2a: Rillaboom|Grass
|move|p2a: Rillaboom|Wood Hammer|p1b: Incineroar
|-resisted|p1b: Incineroar
|-damage|p1b: Incineroar|23/100
|-damage|p2a: Rillaboom|81/100 brn|[from] Recoil
|move|p2b: Scizor|Lunge|p1a: Weezing
|-resisted|p1a: Weezing
|-damage|p1a: Weezing|69/100
|-unboost|p1a: Weezing|atk|1
|move|p1a: Weezing|Will-O-Wisp|p2b: Scizor|[miss]
|-miss|p1a: Weezing|p2b: Scizor
|
|-heal|p2a: Rillaboom|87/100 brn|[from] Grassy Terrain
|-heal|p1a: Weezing|74/100|[from] Grassy Terrain
|-heal|p1b: Incineroar|30/100|[from] Grassy Terrain
|-damage|p2a: Rillaboom|81/100 brn|[from] brn
|upkeep
|turn|6
|inactive|Parchesin has 30 seconds left.
|
|t:|1756702175
|move|p2b: Scizor|Protect|p2b: Scizor
|-singleturn|p2b: Scizor|Protect
|move|p1b: Incineroar|Fake Out|p2b: Scizor
|-activate|p2b: Scizor|move: Protect
|move|p2a: Rillaboom|Double-Edge|p1b: Incineroar
|-damage|p1b: Incineroar|18/100
|-damage|p2a: Rillaboom|76/100 brn|[from] Recoil
|move|p1a: Weezing|Will-O-Wisp|p2b: Scizor
|-activate|p2b: Scizor|move: Protect
|
|-heal|p2a: Rillaboom|82/100 brn|[from] Grassy Terrain
|-heal|p1a: Weezing|80/100|[from] Grassy Terrain
|-heal|p1b: Incineroar|24/100|[from] Grassy Terrain
|-damage|p2a: Rillaboom|76/100 brn|[from] brn
|upkeep
|turn|7
|inactive|Ilia6566 has 30 seconds left.
|
|t:|1756702201
|switch|p1b: Primarina|Primarina, L50, M, shiny|22/100
|move|p2a: Rillaboom|Wood Hammer|p1b: Primarina
|-supereffective|p1b: Primarina
|-damage|p1b: Primarina|0 fnt
|faint|p1b: Primarina
|-damage|p2a: Rillaboom|68/100 brn|[from] Recoil
|move|p2b: Scizor|Lunge|p1a: Weezing
|-resisted|p1a: Weezing
|-damage|p1a: Weezing|69/100
|-unboost|p1a: Weezing|atk|1
|move|p1a: Weezing|Will-O-Wisp|p2b: Scizor
|-status|p2b: Scizor|brn
|
|-heal|p2a: Rillaboom|74/100 brn|[from] Grassy Terrain
|-heal|p1a: Weezing|74/100|[from] Grassy Terrain
|-damage|p2a: Rillaboom|68/100 brn|[from] brn
|-damage|p2b: Scizor|94/100 brn|[from] brn
|-fieldend|move: Grassy Terrain
|upkeep
|
|t:|1756702222
|switch|p1b: Incineroar|Incineroar, L50, F, shiny|24/100
|-ability|p1b: Incineroar|Intimidate|boost
|-unboost|p2a: Rillaboom|atk|1
|-unboost|p2b: Scizor|atk|1
|turn|8
|
|t:|1756702232
|move|p2a: Rillaboom|Double-Edge|p1b: Incineroar
|-damage|p1b: Incineroar|15/100
|-damage|p2a: Rillaboom|65/100 brn|[from] Recoil
|move|p2b: Scizor|Lunge|p1b: Incineroar
|-damage|p1b: Incineroar|5/100
|-unboost|p1b: Incineroar|atk|1
|move|p1a: Weezing|Sludge Bomb|p2a: Rillaboom
|-supereffective|p2a: Rillaboom
|-damage|p2a: Rillaboom|3/100 brn
|move|p1b: Incineroar|Flare Blitz|p2b: Scizor
|-supereffective|p2b: Scizor
|-damage|p2b: Scizor|0 fnt
|faint|p2b: Scizor
|-damage|p1b: Incineroar|0 fnt|[from] Recoil
|faint|p1b: Incineroar
|
|-damage|p2a: Rillaboom|0 fnt|[from] brn
|faint|p2a: Rillaboom
|
|win|Parchesin
|raw|Parchesin's rating: 1087 → 1107(+20 for winning)
|raw|Ilia6566's rating: 1000 → 1000(+0 for losing)
|l|☆Ilia6566
|player|p2|
