|j|☆babayaga27
|j|☆Cbilla
|html|babayaga27Cbilla    
|uhtml|bestof|Game 2 of a best-of-3
|t:|1783264565
|gametype|doubles
|player|p1|babayaga27|101|
|player|p2|Cbilla|102|
|gen|9
|tier|[Gen 9 Champions] VGC 2026 Reg M-B (Bo3)
|rule|Species Clause: Limit one of each Pokémon
|rule|Item Clause: Limit 1 of each item
|clearpoke
|poke|p1|Delphox, L50, M, shiny|
|poke|p1|Mamoswine, L50, F|
|poke|p1|Kangaskhan, L50, F|
|poke|p1|Ninetales-Alola, L50, M, shiny|
|poke|p1|Greninja, L50, M, shiny|
|poke|p1|Whimsicott, L50, M, shiny|
|poke|p2|Espathra, L50, M|
|poke|p2|Klefki, L50, M|
|poke|p2|Staraptor, L50, M|
|poke|p2|Archaludon, L50, F|
|poke|p2|Starmie, L50|
|poke|p2|Goodra-Hisui, L50, F|
|teampreview|4
|showteam|p1|Delphox||Delphoxite|Blaze|Psychic,ShadowBall,HeatWave,Protect|Timid||M|||50|]Mamoswine||ChoiceScarf|Oblivious|IcicleCrash,IceShard,Earthquake,RockSlide|Jolly||F|||50|]Kangaskhan||SilkScarf|Scrappy|FakeOut,LastResort|Adamant||F|||50|]Ninetales-Alola||NeverMeltIce|SnowWarning|Blizzard,Moonblast,Protect,Encore|Timid||M|||50|]Greninja||LifeOrb|Protean|Protect,Blizzard,DarkPulse,IcyWind|Timid||M|||50|]Whimsicott||FocusSash|Prankster|Tailwind,Moonblast,Taunt,Encore|Modest||M|||50|
|showteam|p2|Espathra||FocusSash|Opportunist|BatonPass,LuminaCrash,Endure,Protect|Timid||M|||50|]Klefki||Leftovers|Prankster|ThunderWave,Reflect,FoulPlay,Protect|Bold||M|||50|]Staraptor||Staraptite|Intimidate|QuickAttack,CloseCombat,BraveBird,Uturn|Jolly||M|||50|]Archaludon||WhiteHerb|Stamina|AuraSphere,DracoMeteor,ElectroShot,Protect|Timid||F|||50|]Starmie||MysticWater|Analytic|AquaJet,Psychic,HydroPump,RainDance|Hasty|||||50|]Goodra-Hisui||LifeOrb|SapSipper|DracoMeteor,FireBlast,FlashCannon,SludgeBomb|Modest||F|||50|
|
|t:|1783264583
|teamsize|p1|4
|teamsize|p2|4
|start
|switch|p1a: Tusk|Mamoswine, L50, F|100/100
|switch|p1b: Magician|Delphox, L50, M, shiny|100/100
|switch|p2a: Espathra|Espathra, L50, M|100/100
|switch|p2b: Klefki|Klefki, L50, M|100/100
|turn|1
|
|t:|1783264624
|detailschange|p1b: Magician|Delphox-Mega, L50, M, shiny
|-mega|p1b: Magician|Delphox|Delphoxite
|move|p2b: Klefki|Protect|p2b: Klefki
|-singleturn|p2b: Klefki|Protect
|move|p2a: Espathra|Protect|p2a: Espathra
|-singleturn|p2a: Espathra|Protect
|move|p1a: Tusk|Earthquake|p2b: Klefki|[spread] 
|-activate|p2a: Espathra|move: Protect
|-activate|p2b: Klefki|move: Protect
|-immune|p1b: Magician|[from] ability: Levitate
|move|p1b: Magician|Heat Wave|p2b: Klefki|[spread] 
|-activate|p2a: Espathra|move: Protect
|-activate|p2b: Klefki|move: Protect
|
|upkeep
|turn|2
|j| asbdsp
|
|t:|1783264665
|move|p2b: Klefki|Thunder Wave|p1b: Magician
|-status|p1b: Magician|par
|move|p1a: Tusk|Earthquake|p2b: Klefki|[spread] p2a,p2b
|-immune|p1b: Magician|[from] ability: Levitate
|-supereffective|p2b: Klefki|1
|-damage|p2a: Espathra|46/100
|-damage|p2b: Klefki|30/100
|move|p2a: Espathra|Lumina Crash|p1a: Tusk
|-damage|p1a: Tusk|62/100
|-unboost|p1a: Tusk|spd|2
|move|p1b: Magician|Heat Wave|p2b: Klefki|[spread] p2a,p2b
|-supereffective|p2b: Klefki|1
|-damage|p2a: Espathra|0 fnt
|-damage|p2b: Klefki|0 fnt
|faint|p2a: Espathra
|faint|p2b: Klefki
|
|upkeep
|
|t:|1783264683
|switch|p2a: Goodra|Goodra-Hisui, L50, F|100/100
|switch|p2b: Staraptor|Staraptor, L50, M|100/100
|-ability|p2b: Staraptor|Intimidate|boost
|-fail|p1a: Tusk|unboost|Attack|[from] ability: Oblivious|[of] p1a: Tusk
|-unboost|p1b: Magician|atk|1
|turn|3
|
|t:|1783264700
|switch|p1a: Mommy|Kangaskhan, L50, F|100/100
|detailschange|p2b: Staraptor|Staraptor-Mega, L50, M
|-mega|p2b: Staraptor|Staraptor|Staraptite
|move|p2b: Staraptor|Close Combat|p1b: Magician
|-resisted|p1b: Magician|1
|-damage|p1b: Magician|49/100 par
|-boost|p2b: Staraptor|def|1
|-boost|p2b: Staraptor|spd|1
|cant|p1b: Magician|par
|move|p2a: Goodra|Fire Blast|p1a: Mommy
|-damage|p1a: Mommy|46/100
|-damage|p2a: Goodra|90/100|[from] item: Life Orb
|
|upkeep
|turn|4
|c| asbdsp|gl
|
|t:|1783264743
|move|p1a: Mommy|Fake Out|p2b: Staraptor
|-damage|p2b: Staraptor|82/100
|cant|p2b: Staraptor|flinch
|move|p1b: Magician|Psychic|p2b: Staraptor
|-supereffective|p2b: Staraptor|1
|-damage|p2b: Staraptor|0 fnt
|faint|p2b: Staraptor
|move|p2a: Goodra|Flash Cannon|p1a: Mommy
|-damage|p1a: Mommy|0 fnt
|faint|p1a: Mommy
|-damage|p2a: Goodra|80/100|[from] item: Life Orb
|
|upkeep
|
|t:|1783264759
|switch|p1a: Tusk|Mamoswine, L50, F|62/100
|turn|5
|
|t:|1783264768
|move|p1a: Tusk|Earthquake|p2a: Goodra|[spread] p2a
|-immune|p1b: Magician|[from] ability: Levitate
|-supereffective|p2a: Goodra|1
|-damage|p2a: Goodra|9/100
|move|p1b: Magician|Heat Wave|p2a: Goodra
|-damage|p2a: Goodra|0 fnt
|faint|p2a: Goodra
|
|win|babayaga27
