|j|☆beckybug
|j|☆an attack child
|html|beckybugan attack child    
|uhtml|bestof|Game 2 of a best-of-3
|t:|1754949118
|gametype|doubles
|player|p1|beckybug|briar|1240
|player|p2|an attack child|102|1365
|gen|9
|tier|[Gen 9] VGC 2025 Reg H (Bo3)
|rated|
|rule|Species Clause: Limit one of each Pokémon
|rule|Item Clause: Limit 1 of each item
|clearpoke
|poke|p1|Indeedee-F, L50, F|
|poke|p1|Sneasler, L50, M|
|poke|p1|Armarouge, L50, F|
|poke|p1|Torkoal, L50, F|
|poke|p1|Lilligant-Hisui, L50, F|
|poke|p1|Gallade, L50, M|
|poke|p2|Annihilape, L50, F|
|poke|p2|Sinistcha, L50|
|poke|p2|Maushold-Four, L50|
|poke|p2|Klefki, L50, F|
|poke|p2|Ursaluna-Bloodmoon, L50, M|
|poke|p2|Ninetales-Alola, L50, F|
|teampreview|4
|showteam|p1|Indeedee-F||SafetyGoggles|PsychicSurge|Psychic,HelpingHand,FollowMe,TrickRoom|||F|||50|,,,,,Fairy]Sneasler||PsychicSeed|Unburden|DireClaw,CloseCombat,ThroatChop,Protect|||M|||50|,,,,,Dark]Armarouge||LifeOrb|FlashFire|ExpandingForce,ArmorCannon,TrickRoom,Protect|||F|||50|,,,,,Grass]Torkoal||Charcoal|Drought|Eruption,WeatherBall,EarthPower,Protect|||F|||50|,,,,,Fire]Lilligant-Hisui||FocusSash|Chlorophyll|CloseCombat,SolarBlade,IceSpinner,AfterYou|||F|||50|,,,,,Ghost]Gallade||ClearAmulet|Sharpness|SacredSword,PsychoCut,WideGuard,TrickRoom|||M|||50|,,,,,Steel
|showteam|p2|Annihilape||Leftovers|Defiant|Protect,BulkUp,DrainPunch,RageFist|||F|||50|,,,,,Fire]Sinistcha||SitrusBerry|Hospitality|MatchaGotcha,TrickRoom,LifeDew,RagePowder||||||50|,,,,,Water]Maushold-Four||SafetyGoggles|FriendGuard|FollowMe,Taunt,BeatUp,Protect||||||50|,,,,,Ghost]Klefki||LightClay|Prankster|Reflect,LightScreen,MistyTerrain,DazzlingGleam|||F|||50|,,,,,Ghost]Ursaluna-Bloodmoon||AssaultVest|MindsEye|BloodMoon,HyperVoice,EarthPower,VacuumWave|||M|||50|,,,,,Water]Ninetales-Alola||FocusSash|SnowWarning|Protect,Encore,FreezeDry,Blizzard|||F|||50|,,,,,Ghost
|inactive|Battle timer is ON: inactive players will automatically lose when time's up. (requested by an attack child)
|inactive|beckybug has 60 seconds left.
|j| teamthief420
|
|t:|1754949157
|teamsize|p1|4
|teamsize|p2|4
|start
|switch|p1a: Torkoal|Torkoal, L50, F|100/100
|switch|p1b: Lilligant|Lilligant-Hisui, L50, F|100/100
|switch|p2a: Annihilape|Annihilape, L50, F, shiny|100/100
|switch|p2b: Klefki|Klefki, L50, F|100/100
|-weather|SunnyDay|[from] ability: Drought|[of] p1a: Torkoal
|turn|1
|
|t:|1754949170
|-terastallize|p2a: Annihilape|Fire
|-terastallize|p1a: Torkoal|Fire
|move|p2b: Klefki|Light Screen|p2b: Klefki
|-sidestart|p2: an attack child|move: Light Screen
|move|p1b: Lilligant|After You|p1a: Torkoal
|-activate|p1a: Torkoal|move: After You
|move|p1a: Torkoal|Eruption|p2a: Annihilape|[spread] p2a,p2b
|-resisted|p2a: Annihilape
|-supereffective|p2b: Klefki
|-damage|p2a: Annihilape|66/100
|-damage|p2b: Klefki|0 fnt
|faint|p2b: Klefki
|move|p2a: Annihilape|Bulk Up|p2a: Annihilape
|-boost|p2a: Annihilape|atk|1
|-boost|p2a: Annihilape|def|1
|
|-weather|SunnyDay|[upkeep]
|-heal|p2a: Annihilape|72/100|[from] item: Leftovers
|upkeep
|
|t:|1754949178
|switch|p2b: Ursaluna|Ursaluna-Bloodmoon, L50, M|100/100
|turn|2
|
|t:|1754949189
|switch|p1a: Indeedee|Indeedee-F, L50, F|100/100
|-fieldstart|move: Psychic Terrain|[from] ability: Psychic Surge|[of] p1a: Indeedee
|move|p1b: Lilligant|Solar Blade||[still]
|-prepare|p1b: Lilligant|Solar Blade
|-anim|p1b: Lilligant|Solar Blade|p2b: Ursaluna
|-supereffective|p2b: Ursaluna
|-crit|p2b: Ursaluna
|-damage|p2b: Ursaluna|0 fnt
|faint|p2b: Ursaluna
|move|p2a: Annihilape|Drain Punch|p1a: Indeedee
|-damage|p1a: Indeedee|58/100
|-heal|p2a: Annihilape|90/100|[from] drain|[of] p1a: Indeedee
|
|-weather|SunnyDay|[upkeep]
|-heal|p2a: Annihilape|97/100|[from] item: Leftovers
|upkeep
|
|t:|1754949196
|switch|p2b: Sinistcha|Sinistcha, L50|100/100
|-heal|p2a: Annihilape|100/100|[from] ability: Hospitality|[of] p2b: Sinistcha
|turn|3
|
|t:|1754949219
|move|p1a: Indeedee|Helping Hand|p1b: Lilligant
|-singleturn|p1b: Lilligant|Helping Hand|[of] p1a: Indeedee
|move|p1b: Lilligant|Ice Spinner|p2b: Sinistcha
|-supereffective|p2b: Sinistcha
|-damage|p2b: Sinistcha|44/100
|-fieldend|move: Psychic Terrain
|-enditem|p2b: Sinistcha|Sitrus Berry|[eat]
|-heal|p2b: Sinistcha|69/100|[from] item: Sitrus Berry
|move|p2a: Annihilape|Drain Punch|p1a: Indeedee
|-damage|p1a: Indeedee|17/100
|move|p2b: Sinistcha|Matcha Gotcha|p1b: Lilligant|[spread] p1b
|-miss|p2b: Sinistcha|p1a: Indeedee
|-resisted|p1b: Lilligant
|-damage|p1b: Lilligant|81/100
|-heal|p2b: Sinistcha|77/100|[from] drain|[of] p1b: Lilligant
|
|-weather|SunnyDay|[upkeep]
|upkeep
|turn|4
|
|t:|1754949237
|move|p1b: Lilligant|After You|p1a: Indeedee
|-activate|p1a: Indeedee|move: After You
|move|p1a: Indeedee|Trick Room|p1a: Indeedee
|-fieldstart|move: Trick Room|[of] p1a: Indeedee
|move|p2b: Sinistcha|Matcha Gotcha|p1a: Indeedee|[spread] p1a,p1b
|-resisted|p1b: Lilligant
|-damage|p1a: Indeedee|0 fnt
|-heal|p2b: Sinistcha|85/100|[from] drain|[of] p1a: Indeedee
|-damage|p1b: Lilligant|64/100
|-heal|p2b: Sinistcha|93/100|[from] drain|[of] p1b: Lilligant
|-status|p1b: Lilligant|brn
|faint|p1a: Indeedee
|move|p2a: Annihilape|Rage Fist|p1b: Lilligant
|-damage|p1b: Lilligant|0 fnt
|faint|p1b: Lilligant
|
|-weather|SunnyDay|[upkeep]
|upkeep
|
|t:|1754949242
|switch|p1a: Torkoal|Torkoal, L50, F, tera:Fire|100/100
|switch|p1b: Sneasler|Sneasler, L50, M|100/100
|turn|5
|
|t:|1754949255
|move|p2b: Sinistcha|Rage Powder|p2b: Sinistcha
|-singleturn|p2b: Sinistcha|move: Rage Powder
|move|p1a: Torkoal|Eruption|p2a: Annihilape|[spread] p2a,p2b
|-resisted|p2a: Annihilape
|-supereffective|p2b: Sinistcha
|-damage|p2a: Annihilape|67/100
|-damage|p2b: Sinistcha|0 fnt
|faint|p2b: Sinistcha
|move|p2a: Annihilape|Rage Fist|p1a: Torkoal
|-damage|p1a: Torkoal|26/100
|move|p1b: Sneasler|Dire Claw|p2a: Annihilape
|-damage|p2a: Annihilape|38/100
|-status|p2a: Annihilape|psn
|
|-weather|none
|-heal|p2a: Annihilape|45/100 psn|[from] item: Leftovers
|-damage|p2a: Annihilape|32/100 psn|[from] psn
|upkeep
|turn|6
|inactive|beckybug has 30 seconds left.
|
|t:|1754949280
|move|p1a: Torkoal|Protect|p1a: Torkoal
|-singleturn|p1a: Torkoal|Protect
|move|p1b: Sneasler|Protect|p1b: Sneasler
|-singleturn|p1b: Sneasler|Protect
|move|p2a: Annihilape|Drain Punch|p1b: Sneasler
|-activate|p1b: Sneasler|move: Protect
|
|-heal|p2a: Annihilape|38/100 psn|[from] item: Leftovers
|-damage|p2a: Annihilape|26/100 psn|[from] psn
|upkeep
|turn|7
|
|t:|1754949285
|move|p2a: Annihilape|Protect|p2a: Annihilape
|-singleturn|p2a: Annihilape|Protect
|move|p1a: Torkoal|Earth Power|p2a: Annihilape
|-activate|p2a: Annihilape|move: Protect
|move|p1b: Sneasler|Dire Claw|p2a: Annihilape
|-activate|p2a: Annihilape|move: Protect
|
|-heal|p2a: Annihilape|32/100 psn|[from] item: Leftovers
|-damage|p2a: Annihilape|20/100 psn|[from] psn
|upkeep
|turn|8
|
|t:|1754949290
|move|p2a: Annihilape|Protect||[still]
|-fail|p2a: Annihilape
|move|p1a: Torkoal|Earth Power|p2a: Annihilape
|-supereffective|p2a: Annihilape
|-damage|p2a: Annihilape|0 fnt
|faint|p2a: Annihilape
|
|win|beckybug
|raw|beckybug's rating: 1240 → 1274(+34 for winning)
|raw|an attack child's rating: 1365 → 1338(-27 for losing)
|l|☆an attack child
|player|p2|
|l| teamthief420
