|j|☆KingCorba
|j|☆Los Ramirez
|html|KingCorbaLos Ramirez    
|uhtml|bestof|Game 2 of a best-of-3
|t:|1783008925
|gametype|doubles
|player|p1|KingCorba|266|1312
|player|p2|Los Ramirez|will|1270
|gen|9
|tier|[Gen 9 Champions] VGC 2026 Reg M-B (Bo3)
|rated|
|rule|Species Clause: Limit one of each Pokémon
|rule|Item Clause: Limit 1 of each item
|clearpoke
|poke|p1|Pelipper, L50, F|
|poke|p1|Archaludon, L50, F|
|poke|p1|Basculegion, L50, M|
|poke|p1|Grimmsnarl, L50, M|
|poke|p1|Venusaur, L50, F|
|poke|p1|Raichu, L50, F|
|poke|p2|Floette-Eternal, L50, F|
|poke|p2|Incineroar, L50, M|
|poke|p2|Sinistcha, L50|
|poke|p2|Ditto, L50|
|poke|p2|Blaziken, L50, M|
|poke|p2|Sneasler, L50, F|
|teampreview|4
|showteam|p1|Pelipper||FocusSash|Drizzle|Hurricane,WeatherBall,Tailwind,Protect|Modest||F|||50|]Archaludon||Leftovers|Stamina|ElectroShot,DragonPulse,FlashCannon,Protect|Modest||F|||50|]Basculegion||LifeOrb|SwiftSwim|Protect,WaveCrash,LastRespects,AquaJet|Adamant||M|||50|]Grimmsnarl||LightClay|Prankster|SpiritBreak,Reflect,LightScreen,PartingShot|Careful||M|||50|]Venusaur||Venusaurite|Chlorophyll|GigaDrain,SludgeBomb,EarthPower,Protect|Modest||F|||50|]Raichu||RaichuniteY|LightningRod|FocusBlast,ZapCannon,VoltSwitch,FakeOut|Timid||F|||50|
|showteam|p2|Floette-Eternal||Floettite|FlowerVeil|Protect,DazzlingGleam,CalmMind,DrainingKiss|Modest||F|||50|]Incineroar||PasshoBerry|Intimidate|FakeOut,FlareBlitz,PartingShot,ThroatChop|Impish||M|||50|]Sinistcha||KasibBerry|Hospitality|LifeDew,MatchaGotcha,RagePowder,TrickRoom|Calm|||||50|]Ditto||FocusSash|Imposter|Transform|Timid|||||50|]Blaziken||Blazikenite|SpeedBoost|Protect,FlareBlitz,CloseCombat,SwordsDance|Adamant||M|||50|]Sneasler||WhiteHerb|Unburden|Protect,CloseCombat,DireClaw,FakeOut|Jolly||F|||50|
|inactive|Battle timer is ON: inactive players will automatically lose when time's up. (requested by Los Ramirez)
|inactive|KingCorba has 60 seconds left.
|
|t:|1783008965
|teamsize|p1|4
|teamsize|p2|4
|start
|switch|p1a: Raichu|Raichu, L50, F|100/100
|switch|p1b: Basculegion|Basculegion, L50, M|100/100
|switch|p2a: Sneasler|Sneasler, L50, F|100/100
|switch|p2b: Floette|Floette-Eternal, L50, F|100/100
|turn|1
|inactive|KingCorba has 30 seconds left.
|inactive|KingCorba has 20 seconds left.
|
|t:|1783009004
|switch|p2b: Sinistcha|Sinistcha, L50|100/100
|detailschange|p1a: Raichu|Raichu-Mega-Y, L50, F
|-mega|p1a: Raichu|Raichu|Raichunite Y
|move|p2a: Sneasler|Protect|p2a: Sneasler
|-singleturn|p2a: Sneasler|Protect
|move|p1a: Raichu|Fake Out|p2a: Sneasler
|-activate|p2a: Sneasler|move: Protect
|move|p1b: Basculegion|Wave Crash|p2b: Sinistcha
|-resisted|p2b: Sinistcha|1
|-damage|p2b: Sinistcha|65/100
|-damage|p1b: Basculegion|89/100|[from] Recoil
|-damage|p1b: Basculegion|80/100|[from] item: Life Orb
|
|upkeep
|turn|2
|inactive|KingCorba has 30 seconds left.
|inactive|KingCorba has 20 seconds left.
|
|t:|1783009039
|move|p1b: Basculegion|Protect|p1b: Basculegion
|-singleturn|p1b: Basculegion|Protect
|move|p1a: Raichu|Volt Switch|p2a: Sneasler
|-damage|p2a: Sneasler|47/100
|
|t:|1783009052
|switch|p1a: Venusaur|Venusaur, L50, F|100/100|[from] Volt Switch
|move|p2a: Sneasler|Close Combat|p1a: Venusaur
|-resisted|p1a: Venusaur|1
|-damage|p1a: Venusaur|62/100
|-unboost|p2a: Sneasler|def|1
|-unboost|p2a: Sneasler|spd|1
|-enditem|p2a: Sneasler|White Herb
|-clearnegativeboost|p2a: Sneasler|[silent]
|move|p2b: Sinistcha|Matcha Gotcha|p1b: Basculegion|[spread] p1a
|-activate|p1b: Basculegion|move: Protect
|-resisted|p1a: Venusaur|2
|-damage|p1a: Venusaur|57/100
|-heal|p2b: Sinistcha|68/100|[from] drain|[of] p1a: Venusaur
|
|upkeep
|turn|3
|inactive|KingCorba has 30 seconds left.
|
|t:|1783009080
|switch|p1b: Raichu|Raichu-Mega-Y, L50, F|100/100
|move|p2a: Sneasler|Dire Claw|p1a: Venusaur
|-damage|p1a: Venusaur|13/100
|move|p1a: Venusaur|Earth Power|p2a: Sneasler
|-supereffective|p2a: Sneasler|1
|-damage|p2a: Sneasler|0 fnt
|faint|p2a: Sneasler
|move|p2b: Sinistcha|Matcha Gotcha|p1a: Venusaur|[spread] p1a,p1b
|-resisted|p1a: Venusaur|2
|-damage|p1a: Venusaur|7/100
|-heal|p2b: Sinistcha|71/100|[from] drain|[of] p1a: Venusaur
|-damage|p1b: Raichu|67/100
|-heal|p2b: Sinistcha|86/100|[from] drain|[of] p1b: Raichu
|
|upkeep
|
|t:|1783009096
|switch|p2a: Ditto|Ditto, L50|100/100
|-transform|p2a: Ditto|p1b: Raichu|[from] ability: Imposter
|turn|4
|inactive|KingCorba has 30 seconds left.
|
|t:|1783009122
|move|p1b: Raichu|Fake Out|p2a: Ditto
|-crit|p2a: Ditto
|-damage|p2a: Ditto|80/100
|cant|p2a: Ditto|flinch
|move|p1a: Venusaur|Earth Power|p2a: Ditto
|-supereffective|p2a: Ditto|1
|-damage|p2a: Ditto|9/100
|move|p2b: Sinistcha|Matcha Gotcha|p1a: Venusaur|[spread] p1a,p1b
|-resisted|p1a: Venusaur|2
|-damage|p1a: Venusaur|1/100
|-heal|p2b: Sinistcha|89/100|[from] drain|[of] p1a: Venusaur
|-damage|p1b: Raichu|35/100
|-heal|p2b: Sinistcha|100/100|[from] drain|[of] p1b: Raichu
|
|upkeep
|turn|5
|inactive|KingCorba has 30 seconds left.
|
|t:|1783009148
|move|p2b: Sinistcha|Rage Powder|p2b: Sinistcha
|-singleturn|p2b: Sinistcha|move: Rage Powder
|move|p1b: Raichu|Volt Switch|p2b: Sinistcha
|-resisted|p2b: Sinistcha|1
|-damage|p2b: Sinistcha|83/100
|
|t:|1783009156
|switch|p1b: Pelipper|Pelipper, L50, F|100/100|[from] Volt Switch
|-weather|RainDance|[from] ability: Drizzle|[of] p1b: Pelipper
|move|p2a: Ditto|Zap Cannon|p1a: Venusaur
|-resisted|p1a: Venusaur|1
|-damage|p1a: Venusaur|0 fnt
|faint|p1a: Venusaur
|
|-weather|RainDance|[upkeep]
|upkeep
|
|t:|1783009167
|switch|p1a: Raichu|Raichu-Mega-Y, L50, F|35/100
|turn|6
|
|t:|1783009176
|switch|p2a: Floette|Floette-Eternal, L50, F|100/100
|move|p1a: Raichu|Fake Out|p2a: Floette
|-damage|p2a: Floette|90/100
|move|p1b: Pelipper|Hurricane|p2b: Sinistcha
|-supereffective|p2b: Sinistcha|1
|-damage|p2b: Sinistcha|1/100
|move|p2b: Sinistcha|Matcha Gotcha|p1a: Raichu|[spread] p1a
|-miss|p2b: Sinistcha|p1b: Pelipper
|-damage|p1a: Raichu|7/100
|-heal|p2b: Sinistcha|13/100|[from] drain|[of] p1a: Raichu
|
|-weather|RainDance|[upkeep]
|upkeep
|turn|7
|inactive|KingCorba has 30 seconds left.
|inactive|KingCorba has 20 seconds left.
|
|t:|1783009215
|detailschange|p2a: Floette|Floette-Mega, L50, F
|-mega|p2a: Floette|Floette|Floettite
|-ability|p2a: Floette|Fairy Aura
|move|p2b: Sinistcha|Rage Powder|p2b: Sinistcha
|-singleturn|p2b: Sinistcha|move: Rage Powder
|move|p1a: Raichu|Volt Switch|p2b: Sinistcha
|-resisted|p2b: Sinistcha|1
|-damage|p2b: Sinistcha|0 fnt
|faint|p2b: Sinistcha
|
|t:|1783009222
|switch|p1a: Basculegion|Basculegion, L50, M|80/100|[from] Volt Switch
|move|p2a: Floette|Draining Kiss|p1b: Pelipper
|-damage|p1b: Pelipper|27/100
|-heal|p2a: Floette|100/100|[from] drain|[of] p1b: Pelipper
|move|p1b: Pelipper|Tailwind|p1b: Pelipper
|-sidestart|p1: KingCorba|move: Tailwind
|
|-weather|RainDance|[upkeep]
|upkeep
|
|t:|1783009230
|switch|p2b: Ditto|Ditto, L50|9/100
|-transform|p2b: Ditto|p1a: Basculegion|[from] ability: Imposter
|turn|8
|inactive|KingCorba has 30 seconds left.
|
|t:|1783009255
|move|p2b: Ditto|Protect|p2b: Ditto
|-singleturn|p2b: Ditto|Protect
|move|p1a: Basculegion|Aqua Jet|p2b: Ditto
|-activate|p2b: Ditto|move: Protect
|move|p1b: Pelipper|Weather Ball|p2a: Floette
|-damage|p2a: Floette|53/100
|move|p2a: Floette|Dazzling Gleam|p1a: Basculegion|[spread] p1a,p1b
|-damage|p1a: Basculegion|24/100
|-damage|p1b: Pelipper|0 fnt
|faint|p1b: Pelipper
|
|-weather|RainDance|[upkeep]
|upkeep
|
|t:|1783009267
|switch|p1b: Raichu|Raichu-Mega-Y, L50, F|7/100
|turn|9
|
|t:|1783009276
|move|p1b: Raichu|Fake Out|p2a: Floette
|-damage|p2a: Floette|45/100
|move|p1a: Basculegion|Aqua Jet|p2b: Ditto
|-resisted|p2b: Ditto|1
|-damage|p2b: Ditto|0 fnt
|faint|p2b: Ditto
|-damage|p1a: Basculegion|14/100|[from] item: Life Orb
|cant|p2a: Floette|flinch
|
|-weather|none
|upkeep
|turn|10
|
|t:|1783009293
|move|p2a: Floette|Protect|p2a: Floette
|-singleturn|p2a: Floette|Protect
|move|p1b: Raichu|Zap Cannon|p2a: Floette
|-activate|p2a: Floette|move: Protect
|move|p1a: Basculegion|Last Respects|p2a: Floette
|-activate|p2a: Floette|move: Protect
|
|-sideend|p1: KingCorba|move: Tailwind
|upkeep
|turn|11
|inactive|Los Ramirez has 30 seconds left.
|
|t:|1783009324
|move|p1b: Raichu|Zap Cannon|p2a: Floette
|-damage|p2a: Floette|3/100
|-status|p2a: Floette|par
|move|p1a: Basculegion|Last Respects|p2a: Floette
|-damage|p2a: Floette|0 fnt
|faint|p2a: Floette
|-damage|p1a: Basculegion|5/100|[from] item: Life Orb
|
|win|KingCorba
