|j|☆heycoachitsnate
|j|☆intifadaaa
|html|heycoachitsnateintifadaaa    
|uhtml|bestof|Game 2 of a best-of-3
|t:|1785734867
|gametype|doubles
|player|p1|heycoachitsnate|n|1132
|player|p2|intifadaaa|workerice|1016
|gen|9
|tier|[Gen 9 Champions] VGC 2026 Reg M-B (Bo3)
|rated|
|rule|Species Clause: Limit one of each Pokémon
|rule|Item Clause: Limit 1 of each item
|clearpoke
|poke|p1|Venusaur, L50, M|
|poke|p1|Charizard, L50, F, shiny|
|poke|p1|Garchomp, L50, F|
|poke|p1|Annihilape, L50, M, shiny|
|poke|p1|Incineroar, L50, F|
|poke|p1|Toxapex, L50, M, shiny|
|poke|p2|Hatterene, L50, F, shiny|
|poke|p2|Kangaskhan, L50, F|
|poke|p2|Venusaur, L50, F|
|poke|p2|Torkoal, L50, M|
|poke|p2|Oranguru, L50, F, shiny|
|poke|p2|Mawile, L50, F, shiny|
|teampreview|4
|showteam|p1|Venusaur||LifeOrb|Chlorophyll|SolarBeam,SludgeBomb,EarthPower,Protect|Modest||M|||50|]Charizard||CharizarditeY|Blaze|HeatWave,WeatherBall,HelpingHand,Protect|Bold||F|||50|]Garchomp||ChoiceScarf|RoughSkin|RockSlide,DragonClaw,Earthquake,StompingTantrum|Adamant||F|||50|]Annihilape||FocusSash|Defiant|PhantomForce,CloseCombat,RockTomb,Protect|Jolly||M|||50|]Incineroar||SitrusBerry|Intimidate|FlareBlitz,ThroatChop,PartingShot,FakeOut|Impish||F|||50|]Toxapex||Leftovers|Regenerator|Infestation,Toxic,WideGuard,BanefulBunker|Impish||M|||50|
|showteam|p2|Hatterene||LifeOrb|MagicBounce|DazzlingGleam,Psychic,TrickRoom,Protect|Quiet||F|||50|]Kangaskhan||SilkScarf|Scrappy|LastResort,FakeOut|Adamant||F|||50|]Venusaur||FocusSash|Chlorophyll|LeafStorm,SludgeBomb,Protect,SleepPowder|Modest||F|||50|]Torkoal||Charcoal|Drought|Eruption,HeatWave,Protect,EarthPower|Modest||M|||50|]Oranguru||MentalHerb|InnerFocus|Psychic,Instruct,Protect,TrickRoom|Sassy||F|||50|]Mawile||Mawilite|SheerForce|PlayRough,IronHead,Protect,SuckerPunch|Adamant||F|||50|
|inactive|Battle timer is ON: inactive players will automatically lose when time's up. (requested by heycoachitsnate)
|inactive|heycoachitsnate has 60 seconds left.
|
|t:|1785734901
|teamsize|p1|4
|teamsize|p2|4
|start
|switch|p1a: Venusaur|Venusaur, L50, M|100/100
|switch|p1b: Charizard|Charizard, L50, F, shiny|100/100
|switch|p2a: Sabrina|Hatterene, L50, F, shiny|100/100
|switch|p2b: Burt|Torkoal, L50, M|100/100
|-weather|SunnyDay|[from] ability: Drought|[of] p2b: Burt
|turn|1
|inactive|heycoachitsnate has 30 seconds left.
|inactive|intifadaaa has 30 seconds left.
|inactive|intifadaaa has 20 seconds left.
|inactive|intifadaaa has 15 seconds left.
|
|t:|1785734943
|detailschange|p1b: Charizard|Charizard-Mega-Y, L50, F, shiny
|-mega|p1b: Charizard|Charizard|Charizardite Y
|move|p1a: Venusaur|Sludge Bomb|p2a: Sabrina
|-supereffective|p2a: Sabrina|1
|-damage|p2a: Sabrina|0 fnt
|faint|p2a: Sabrina
|-damage|p1a: Venusaur|90/100|[from] item: Life Orb
|move|p1b: Charizard|Heat Wave|p2b: Burt|[miss]
|-miss|p1b: Charizard|p2b: Burt
|move|p2b: Burt|Eruption|p1b: Charizard|[spread] p1a,p1b
|-supereffective|p1a: Venusaur|1
|-resisted|p1b: Charizard|1
|-damage|p1a: Venusaur|0 fnt
|-damage|p1b: Charizard|65/100
|faint|p1a: Venusaur
|
|-weather|SunnyDay|[upkeep]
|upkeep
|
|t:|1785734962
|switch|p1a: Incineroar|Incineroar, L50, F|100/100
|switch|p2a: Harambe|Oranguru, L50, F, shiny|100/100
|-ability|p1a: Incineroar|Intimidate|boost
|-fail|p2a: Harambe|unboost|Attack|[from] ability: Inner Focus|[of] p2a: Harambe
|-unboost|p2b: Burt|atk|1
|turn|2
|
|t:|1785734985
|move|p1b: Charizard|Helping Hand|p1a: Incineroar
|-singleturn|p1a: Incineroar|Helping Hand|[of] p1b: Charizard
|move|p2b: Burt|Protect|p2b: Burt
|-singleturn|p2b: Burt|Protect
|move|p1a: Incineroar|Throat Chop|p2a: Harambe
|-supereffective|p2a: Harambe|1
|-damage|p2a: Harambe|18/100
|-start|p2a: Harambe|Throat Chop|[silent]
|move|p2a: Harambe|Trick Room|p2a: Harambe
|-fieldstart|move: Trick Room|[of] p2a: Harambe
|
|-weather|SunnyDay|[upkeep]
|upkeep
|turn|3
|
|t:|1785734999
|move|p2b: Burt|Eruption|p1a: Incineroar|[spread] p1a,p1b
|-resisted|p1a: Incineroar|1
|-resisted|p1b: Charizard|1
|-damage|p1a: Incineroar|58/100
|-damage|p1b: Charizard|29/100
|move|p2a: Harambe|Instruct|p2b: Burt
|-singleturn|p2b: Burt|move: Instruct|[of] p2a: Harambe
|move|p2b: Burt|Eruption|p1a: Incineroar|[spread] p1a,p1b
|-resisted|p1a: Incineroar|1
|-resisted|p1b: Charizard|1
|-damage|p1a: Incineroar|17/100
|-damage|p1b: Charizard|0 fnt
|-enditem|p1a: Incineroar|Sitrus Berry|[eat]
|-heal|p1a: Incineroar|42/100|[from] item: Sitrus Berry
|faint|p1b: Charizard
|move|p1a: Incineroar|Throat Chop|p2b: Burt
|-damage|p2b: Burt|74/100
|-start|p2b: Burt|Throat Chop|[silent]
|
|-weather|SunnyDay|[upkeep]
|-end|p2a: Harambe|Throat Chop|[silent]
|upkeep
|
|t:|1785735014
|switch|p1b: Toxapex|Toxapex, L50, M, shiny|100/100
|turn|4
|
|t:|1785735036
|move|p2b: Burt|Protect|p2b: Burt
|-singleturn|p2b: Burt|Protect
|move|p1b: Toxapex|Baneful Bunker|p1b: Toxapex
|-singleturn|p1b: Toxapex|move: Protect
|move|p2a: Harambe|Psychic|p1b: Toxapex
|-activate|p1b: Toxapex|move: Protect
|move|p1a: Incineroar|Throat Chop|p2a: Harambe
|-supereffective|p2a: Harambe|1
|-damage|p2a: Harambe|0 fnt
|faint|p2a: Harambe
|
|-weather|SunnyDay|[upkeep]
|-end|p2b: Burt|Throat Chop|[silent]
|upkeep
|
|t:|1785735047
|switch|p2a: Cutie Fly|Mawile, L50, F, shiny|100/100
|turn|5
|inactive|heycoachitsnate has 30 seconds left.
|
|t:|1785735073
|detailschange|p2a: Cutie Fly|Mawile-Mega, L50, F, shiny
|-mega|p2a: Cutie Fly|Mawile|Mawilite
|move|p2a: Cutie Fly|Protect|p2a: Cutie Fly
|-singleturn|p2a: Cutie Fly|Protect
|move|p2b: Burt|Eruption|p1a: Incineroar|[spread] p1a,p1b
|-resisted|p1a: Incineroar|1
|-resisted|p1b: Toxapex|1
|-damage|p1a: Incineroar|14/100
|-damage|p1b: Toxapex|77/100
|move|p1b: Toxapex|Toxic|p2b: Burt
|-status|p2b: Burt|tox
|move|p1a: Incineroar|Flare Blitz|p2a: Cutie Fly
|-activate|p2a: Cutie Fly|move: Protect
|
|-weather|none
|-heal|p1b: Toxapex|83/100|[from] item: Leftovers
|-damage|p2b: Burt|68/100 tox|[from] psn
|upkeep
|turn|6
|inactive|intifadaaa has 30 seconds left.
|inactive|intifadaaa has 20 seconds left.
|inactive|intifadaaa has 15 seconds left.
|inactive|intifadaaa has 10 seconds left.
|
|t:|1785735122
|move|p2b: Burt|Eruption|p1b: Toxapex|[spread] p1a,p1b
|-resisted|p1a: Incineroar|1
|-resisted|p1b: Toxapex|1
|-damage|p1a: Incineroar|0 fnt
|-damage|p1b: Toxapex|70/100
|faint|p1a: Incineroar
|move|p1b: Toxapex|Infestation|p2a: Cutie Fly
|-resisted|p2a: Cutie Fly|2
|-damage|p2a: Cutie Fly|99/100
|-activate|p2a: Cutie Fly|move: Infestation|[of] p1b: Toxapex
|move|p2a: Cutie Fly|Play Rough|p1b: Toxapex
|-resisted|p1b: Toxapex|1
|-damage|p1b: Toxapex|38/100
|
|-heal|p1b: Toxapex|43/100|[from] item: Leftovers
|-damage|p2b: Burt|55/100 tox|[from] psn
|-damage|p2a: Cutie Fly|87/100|[from] move: Infestation|[partiallytrapped]
|-fieldend|move: Trick Room
|upkeep
|turn|7
|
|t:|1785735138
|move|p1b: Toxapex|Baneful Bunker|p1b: Toxapex
|-singleturn|p1b: Toxapex|move: Protect
|move|p2a: Cutie Fly|Sucker Punch||[still]
|-fail|p2a: Cutie Fly
|move|p2b: Burt|Earth Power|p1b: Toxapex
|-activate|p1b: Toxapex|move: Protect
|
|-heal|p1b: Toxapex|49/100|[from] item: Leftovers
|-damage|p2b: Burt|37/100 tox|[from] psn
|-damage|p2a: Cutie Fly|75/100|[from] move: Infestation|[partiallytrapped]
|upkeep
|turn|8
|
|t:|1785735152
|move|p2a: Cutie Fly|Sucker Punch|p1b: Toxapex
|-crit|p1b: Toxapex
|-damage|p1b: Toxapex|7/100
|move|p1b: Toxapex|Infestation|p2b: Burt
|-resisted|p2b: Burt|1
|-damage|p2b: Burt|35/100 tox
|-activate|p2b: Burt|move: Infestation|[of] p1b: Toxapex
|move|p2b: Burt|Earth Power|p1b: Toxapex
|-supereffective|p1b: Toxapex|1
|-damage|p1b: Toxapex|0 fnt
|faint|p1b: Toxapex
|
|win|intifadaaa
||heycoachitsnate is ready for game 3.
|inactive|intifadaaa has 30 seconds to confirm battle start!
||intifadaaa is ready for game 3.
|uhtml|next|Next: Game 3 of 3
