|j|☆meikh_neiht
|j|☆x5414
|html|meikh_neihtx5414    
|uhtml|bestof|Game 1 of a best-of-3
|t:|1782626235
|gametype|doubles
|player|p1|meikh_neiht|lucas|1241
|player|p2|x5414|2|1211
|gen|9
|tier|[Gen 9 Champions] VGC 2026 Reg M-B (Bo3)
|rated|
|rule|Species Clause: Limit one of each Pokémon
|rule|Item Clause: Limit 1 of each item
|clearpoke
|poke|p1|Staraptor, L50, M|
|poke|p1|Sinistcha, L50|
|poke|p1|Maushold, L50|
|poke|p1|Kingambit, L50, F|
|poke|p1|Sneasler, L50, F|
|poke|p1|Delphox, L50, F|
|poke|p2|Grimmsnarl, L50, M|
|poke|p2|Incineroar, L50, F|
|poke|p2|Whimsicott, L50, F|
|poke|p2|Sinistcha, L50|
|poke|p2|Staraptor, L50, M|
|poke|p2|Glimmora, L50, M|
|teampreview|4
|showteam|p1|Staraptor||Staraptite|Intimidate|CloseCombat,BraveBird,Roost,Protect|Adamant||M|||50|]Sinistcha||SitrusBerry|Hospitality|RagePowder,MatchaGotcha,StrengthSap,LifeDew|Calm|||||50|]Maushold||ChopleBerry|FriendGuard|Encore,Charm,FollowMe,Protect|Timid|||||50|]Kingambit||OccaBerry|Defiant|KowtowCleave,SuckerPunch,SwordsDance,Protect|Adamant||F|||50|]Sneasler||WhiteHerb|Unburden|DireClaw,Protect,FakeOut,CloseCombat|Jolly||F|||50|]Delphox||Delphoxite|Blaze|HeatWave,Psyshock,NastyPlot,Protect|Timid||F|||50|
|showteam|p2|Grimmsnarl||LightClay|Prankster|LightScreen,Reflect,PartingShot,SpiritBreak|Careful||M|||50|]Incineroar||SitrusBerry|Intimidate|FakeOut,FlareBlitz,DarkestLariat,PartingShot|Relaxed||F|||50|]Whimsicott||FocusSash|Prankster|Protect,Charm,Encore,Tailwind|Bold||F|||50|]Sinistcha||OccaBerry|Hospitality|MatchaGotcha,RagePowder,TrickRoom,LifeDew|Sassy|||||50|]Staraptor||Staraptite|Intimidate|BraveBird,CloseCombat,Roost,Protect|Jolly||M|||50|]Glimmora||ChoiceScarf|ToxicDebris|MortalSpin,EarthPower,PowerGem,SludgeBomb|Timid||M|||50|
|
|t:|1782626322
|teamsize|p1|4
|teamsize|p2|4
|start
|switch|p1a: Delphox|Delphox, L50, F|100/100
|switch|p1b: Sneasler|Sneasler, L50, F|100/100
|switch|p2a: Grimmsnarl|Grimmsnarl, L50, M|100/100
|switch|p2b: Staraptor|Staraptor, L50, M|100/100
|-ability|p2b: Staraptor|Intimidate|boost
|-unboost|p1a: Delphox|atk|1
|-unboost|p1b: Sneasler|atk|1
|-enditem|p1b: Sneasler|White Herb
|-clearnegativeboost|p1b: Sneasler|[silent]
|turn|1
|
|t:|1782626336
|switch|p2b: Incineroar|Incineroar, L50, F|100/100
|-ability|p2b: Incineroar|Intimidate|boost
|-unboost|p1a: Delphox|atk|1
|-unboost|p1b: Sneasler|atk|1
|detailschange|p1a: Delphox|Delphox-Mega, L50, F
|-mega|p1a: Delphox|Delphox|Delphoxite
|move|p1b: Sneasler|Fake Out|p2b: Incineroar
|-damage|p2b: Incineroar|92/100
|move|p1a: Delphox|Nasty Plot|p1a: Delphox
|-boost|p1a: Delphox|spa|2
|move|p2a: Grimmsnarl|Spirit Break|p1a: Delphox
|-resisted|p1a: Delphox|1
|-damage|p1a: Delphox|79/100
|-unboost|p1a: Delphox|spa|1
|
|upkeep
|turn|2
|inactive|Battle timer is ON: inactive players will automatically lose when time's up. (requested by x5414)
|
|t:|1782626350
|switch|p1b: Maushold|Maushold, L50|100/100
|move|p1a: Delphox|Protect|p1a: Delphox
|-singleturn|p1a: Delphox|Protect
|move|p2a: Grimmsnarl|Reflect|p2a: Grimmsnarl
|-sidestart|p2: x5414|Reflect
|move|p2b: Incineroar|Darkest Lariat|p1a: Delphox
|-activate|p1a: Delphox|move: Protect
|
|upkeep
|turn|3
|
|t:|1782626366
|move|p2a: Grimmsnarl|Light Screen|p2a: Grimmsnarl
|-sidestart|p2: x5414|move: Light Screen
|move|p1a: Delphox|Nasty Plot|p1a: Delphox
|-boost|p1a: Delphox|spa|2
|move|p1b: Maushold|Charm|p2b: Incineroar
|-unboost|p2b: Incineroar|atk|2
|move|p2b: Incineroar|Flare Blitz|p1b: Maushold
|-damage|p1b: Maushold|67/100
|-damage|p2b: Incineroar|83/100|[from] Recoil
|
|upkeep
|turn|4
|
|t:|1782626385
|move|p1b: Maushold|Follow Me|p1b: Maushold
|-singleturn|p1b: Maushold|move: Follow Me
|move|p1a: Delphox|Nasty Plot|p1a: Delphox
|-boost|p1a: Delphox|spa|2
|move|p2a: Grimmsnarl|Spirit Break|p1b: Maushold
|-damage|p1b: Maushold|25/100
|-unboost|p1b: Maushold|spa|1
|move|p2b: Incineroar|Flare Blitz|p1b: Maushold
|-damage|p1b: Maushold|0 fnt
|faint|p1b: Maushold
|-damage|p2b: Incineroar|75/100|[from] Recoil
|
|upkeep
|
|t:|1782626395
|switch|p1b: Sneasler|Sneasler, L50, F|100/100
|turn|5
|
|t:|1782626402
|switch|p2a: Glimmora|Glimmora, L50, M|100/100
|move|p1a: Delphox|Heat Wave|p2b: Incineroar|[spread] p2a,p2b
|-resisted|p2a: Glimmora|1
|-resisted|p2b: Incineroar|1
|-damage|p2a: Glimmora|40/100
|-damage|p2b: Incineroar|36/100
|-enditem|p2b: Incineroar|Sitrus Berry|[eat]
|-heal|p2b: Incineroar|60/100|[from] item: Sitrus Berry
|move|p1b: Sneasler|Close Combat|p2b: Incineroar
|-supereffective|p2b: Incineroar|1
|-damage|p2b: Incineroar|0 fnt
|-unboost|p1b: Sneasler|def|1
|-unboost|p1b: Sneasler|spd|1
|faint|p2b: Incineroar
|
|upkeep
|
|t:|1782626414
|switch|p2b: Staraptor|Staraptor, L50, M|100/100
|-ability|p2b: Staraptor|Intimidate|boost
|-unboost|p1a: Delphox|atk|1
|-unboost|p1b: Sneasler|atk|1
|turn|6
|
|t:|1782626428
|detailschange|p2b: Staraptor|Staraptor-Mega, L50, M
|-mega|p2b: Staraptor|Staraptor|Staraptite
|move|p1a: Delphox|Protect|p1a: Delphox
|-singleturn|p1a: Delphox|Protect
|move|p2a: Glimmora|Power Gem|p1a: Delphox
|-activate|p1a: Delphox|move: Protect
|move|p1b: Sneasler|Close Combat|p2a: Glimmora
|-damage|p2a: Glimmora|4/100
|-unboost|p1b: Sneasler|def|1
|-unboost|p1b: Sneasler|spd|1
|-activate|p2a: Glimmora|ability: Toxic Debris
|-sidestart|p1: meikh_neiht|move: Toxic Spikes
|move|p2b: Staraptor|Brave Bird|p1b: Sneasler
|-supereffective|p1b: Sneasler|1
|-damage|p1b: Sneasler|0 fnt
|faint|p1b: Sneasler
|-damage|p2b: Staraptor|72/100|[from] Recoil
|
|upkeep
|
|t:|1782626439
|switch|p1b: Sinistcha|Sinistcha, L50|100/100
|-status|p1b: Sinistcha|psn
|-heal|p1a: Delphox|100/100|[from] ability: Hospitality|[of] p1b: Sinistcha
|turn|7
|
|t:|1782626451
|switch|p2a: Grimmsnarl|Grimmsnarl, L50, M|100/100
|move|p1b: Sinistcha|Rage Powder|p1b: Sinistcha
|-singleturn|p1b: Sinistcha|move: Rage Powder
|move|p1a: Delphox|Psyshock|p2b: Staraptor
|-supereffective|p2b: Staraptor|1
|-damage|p2b: Staraptor|0 fnt
|faint|p2b: Staraptor
|
|-damage|p1b: Sinistcha|87/100 psn|[from] psn
|upkeep
|
|t:|1782626461
|switch|p2b: Glimmora|Glimmora, L50, M|4/100
|turn|8
|
|t:|1782626472
|move|p1b: Sinistcha|Rage Powder|p1b: Sinistcha
|-singleturn|p1b: Sinistcha|move: Rage Powder
|move|p2b: Glimmora|Power Gem|p1b: Sinistcha
|-crit|p1b: Sinistcha
|-damage|p1b: Sinistcha|28/100 psn
|-enditem|p1b: Sinistcha|Sitrus Berry|[eat]
|-heal|p1b: Sinistcha|53/100 psn|[from] item: Sitrus Berry
|move|p1a: Delphox|Heat Wave|p2a: Grimmsnarl|[spread] p2a
|-miss|p1a: Delphox|p2b: Glimmora
|-damage|p2a: Grimmsnarl|30/100
|move|p2a: Grimmsnarl|Spirit Break|p1b: Sinistcha
|-crit|p1b: Sinistcha
|-damage|p1b: Sinistcha|14/100 psn
|-unboost|p1b: Sinistcha|spa|1
|
|-damage|p1b: Sinistcha|2/100 psn|[from] psn
|upkeep
|turn|9
|
|t:|1782626494
|move|p1b: Sinistcha|Rage Powder|p1b: Sinistcha
|-singleturn|p1b: Sinistcha|move: Rage Powder
|move|p2b: Glimmora|Power Gem|p1b: Sinistcha
|-damage|p1b: Sinistcha|0 fnt
|faint|p1b: Sinistcha
|move|p1a: Delphox|Heat Wave|p2a: Grimmsnarl|[spread] p2a,p2b
|-resisted|p2b: Glimmora|1
|-damage|p2a: Grimmsnarl|0 fnt
|-damage|p2b: Glimmora|0 fnt
|faint|p2a: Grimmsnarl
|faint|p2b: Glimmora
|
|win|meikh_neiht
||x5414 is ready for game 2.
||meikh_neiht is ready for game 2.
|uhtml|next|Next: Game 2 of 3
|l|☆x5414
|player|p2|
