|j|☆huanyu0.0
|j|☆Ayabe0119
|html|huanyu0.0Ayabe0119    
|uhtml|bestof|Game 1 of a best-of-3
|t:|1786021944
|gametype|doubles
|player|p1|huanyu0.0|265|
|player|p2|Ayabe0119|102|
|gen|9
|tier|[Gen 9 Champions] VGC 2026 Reg M-B (Bo3)
|rule|Species Clause: Limit one of each Pokémon
|rule|Item Clause: Limit 1 of each item
|clearpoke
|poke|p1|Gardevoir, L50, F|
|poke|p1|Maushold, L50|
|poke|p1|Talonflame, L50, F|
|poke|p1|Garchomp, L50, F|
|poke|p1|Kingambit, L50, F|
|poke|p1|Basculegion, L50, M|
|poke|p2|Charizard, L50, F|
|poke|p2|Garchomp, L50, F|
|poke|p2|Whimsicott, L50, M|
|poke|p2|Basculegion, L50, M|
|poke|p2|Floette-Eternal, L50, F|
|poke|p2|Kingambit, L50, F|
|teampreview|4
|showteam|p1|Gardevoir||Gardevoirite|Trace|HyperVoice,Psyshock,TrickRoom,Protect|Modest||F|||50|]Maushold||FocusSash|FriendGuard|SuperFang,Feint,FollowMe,Protect|Impish|||||50|]Talonflame||SharpBeak|GaleWings|FlareBlitz,DualWingbeat,Tailwind,QuickGuard|Jolly||F|||50|]Garchomp||SitrusBerry|RoughSkin|DragonClaw,StompingTantrum,RockTomb,Protect|Adamant||F|||50|]Kingambit||ChopleBerry|Defiant|KowtowCleave,SuckerPunch,IronHead,LowKick|Adamant||F|||50|]Basculegion||MysticWater|Adaptability|WaveCrash,LastRespects,AquaJet,Protect|Adamant||M|||50|
|showteam|p2|Charizard||CharizarditeY|Blaze|HeatWave,SolarBeam,WeatherBall,Protect|Modest||F|||50|]Garchomp||LifeOrb|RoughSkin|DragonClaw,StompingTantrum,RockSlide,Protect|Jolly||F|||50|]Whimsicott||FocusSash|Prankster|Moonblast,Tailwind,Encore,Protect|Timid||M|||50|]Basculegion||MysticWater|Adaptability|WaveCrash,LastRespects,AquaJet,Protect|Adamant||M|||50|]Floette-Eternal||Floettite|FlowerVeil|Moonblast,DazzlingGleam,LightofRuin,Protect|Modest||F|||50|]Kingambit||ChopleBerry|Defiant|KowtowCleave,LowKick,SuckerPunch,IronHead|Adamant||F|||50|
|inactive|Battle timer is ON: inactive players will automatically lose when time's up. (requested by huanyu0.0)
|inactive|Ayabe0119 has 60 seconds left.
|inactive|huanyu0.0 has 60 seconds left.
|
|t:|1786022003
|teamsize|p1|4
|teamsize|p2|4
|start
|switch|p1a: Gardevoir|Gardevoir, L50, F|100/100
|switch|p1b: Maushold|Maushold, L50|100/100
|switch|p2a: Garchomp|Garchomp, L50, F|100/100
|switch|p2b: Basculegion|Basculegion, L50, M|100/100
|-ability|p1a: Gardevoir|Adaptability|Trace|[from] ability: Trace|[of] p2b: Basculegion
|turn|1
|inactive|huanyu0.0 has 30 seconds left.
|inactive|Ayabe0119 has 30 seconds left.
|inactive|huanyu0.0 has 20 seconds left.
|inactive|Ayabe0119 has 20 seconds left.
|inactive|huanyu0.0 has 15 seconds left.
|inactive|Ayabe0119 has 15 seconds left.
|inactive|huanyu0.0 has 10 seconds left.
|inactive|Ayabe0119 has 10 seconds left.
|inactive|huanyu0.0 has 5 seconds left.
|
|t:|1786022060
|switch|p2a: Charizard|Charizard, L50, F|100/100
|detailschange|p1a: Gardevoir|Gardevoir-Mega, L50, F
|-mega|p1a: Gardevoir|Gardevoir|Gardevoirite
|move|p1b: Maushold|Follow Me|p1b: Maushold
|-singleturn|p1b: Maushold|move: Follow Me
|move|p2b: Basculegion|Wave Crash|p1b: Maushold
|-enditem|p1b: Maushold|Focus Sash
|-damage|p1b: Maushold|1/100
|-damage|p2b: Basculegion|69/100|[from] Recoil
|move|p1a: Gardevoir|Trick Room|p1a: Gardevoir
|-fieldstart|move: Trick Room|[of] p1a: Gardevoir
|
|upkeep
|turn|2
|inactive|huanyu0.0 has 30 seconds left.
|inactive|Ayabe0119 has 30 seconds left.
|inactive|huanyu0.0 has 20 seconds left.
|inactive|Ayabe0119 has 20 seconds left.
|j| dd9261248
|inactive|huanyu0.0 has 15 seconds left.
|inactive|Ayabe0119 has 15 seconds left.
|inactive|Ayabe0119 has 10 seconds left.
|j| bbbb87
|inactive|Ayabe0119 has 5 seconds left.
|
|t:|1786022114
|detailschange|p2a: Charizard|Charizard-Mega-Y, L50, F
|-mega|p2a: Charizard|Charizard|Charizardite Y
|-weather|SunnyDay|[from] ability: Drought|[of] p2a: Charizard
|move|p1a: Gardevoir|Protect|p1a: Gardevoir
|-singleturn|p1a: Gardevoir|Protect
|move|p2b: Basculegion|Wave Crash|p1b: Maushold
|-damage|p1b: Maushold|0 fnt
|faint|p1b: Maushold
|-damage|p2b: Basculegion|69/100|[from] Recoil
|move|p2a: Charizard|Weather Ball|p1a: Gardevoir
|-activate|p1a: Gardevoir|move: Protect
|
|-weather|SunnyDay|[upkeep]
|upkeep
|inactive|huanyu0.0 has 30 seconds left.
|
|t:|1786022141
|switch|p1b: Kingambit|Kingambit, L50, F|100/100
|turn|3
|inactive|Ayabe0119 has 30 seconds left.
|inactive|Ayabe0119 has 20 seconds left.
|inactive|Ayabe0119 has 15 seconds left.
|inactive|Ayabe0119 has 10 seconds left.
|inactive|Ayabe0119 has 5 seconds left.
|
|t:|1786022195
|move|p2b: Basculegion|Protect|p2b: Basculegion
|-singleturn|p2b: Basculegion|Protect
|move|p1b: Kingambit|Kowtow Cleave|p2a: Charizard
|-damage|p2a: Charizard|54/100
|move|p2a: Charizard|Heat Wave|p1b: Kingambit|[spread] p1a,p1b
|-supereffective|p1b: Kingambit|1
|-damage|p1a: Gardevoir|42/100
|-damage|p1b: Kingambit|0 fnt
|faint|p1b: Kingambit
|move|p1a: Gardevoir|Psyshock|p2a: Charizard
|-damage|p2a: Charizard|4/100
|
|-weather|SunnyDay|[upkeep]
|upkeep
|
|t:|1786022201
|switch|p1b: Basculegion|Basculegion, L50, M|100/100
|turn|4
|inactive|Ayabe0119 has 30 seconds left.
|inactive|Ayabe0119 has 20 seconds left.
|inactive|Ayabe0119 has 15 seconds left.
|inactive|Ayabe0119 has 10 seconds left.
|inactive|Ayabe0119 has 5 seconds left.
|
|t:|1786022253
|switch|p2a: Whimsicott|Whimsicott, L50, M|100/100
|move|p2b: Basculegion|Protect||[still]
|-fail|p2b: Basculegion
|move|p1b: Basculegion|Last Respects|p2b: Basculegion
|-supereffective|p2b: Basculegion|1
|-damage|p2b: Basculegion|0 fnt
|faint|p2b: Basculegion
|move|p1a: Gardevoir|Hyper Voice|p2a: Whimsicott
|-enditem|p2a: Whimsicott|Focus Sash
|-damage|p2a: Whimsicott|1/100
|
|-weather|SunnyDay|[upkeep]
|upkeep
|
|t:|1786022271
|switch|p2b: Garchomp|Garchomp, L50, F|100/100
|turn|5
|inactive|huanyu0.0 has 30 seconds left.
|l| dd9261248
|
|t:|1786022299
|move|p2a: Whimsicott|Protect|p2a: Whimsicott
|-singleturn|p2a: Whimsicott|Protect
|move|p2b: Garchomp|Protect|p2b: Garchomp
|-singleturn|p2b: Garchomp|Protect
|move|p1b: Basculegion|Last Respects|p2a: Whimsicott
|-activate|p2a: Whimsicott|move: Protect
|move|p1a: Gardevoir|Hyper Voice|p2b: Garchomp|[spread] 
|-activate|p2a: Whimsicott|move: Protect
|-activate|p2b: Garchomp|move: Protect
|
|-weather|SunnyDay|[upkeep]
|-fieldend|move: Trick Room
|upkeep
|turn|6
|
|t:|1786022322
|move|p1a: Gardevoir|Protect|p1a: Gardevoir
|-singleturn|p1a: Gardevoir|Protect
|move|p2a: Whimsicott|Encore|p1b: Basculegion
|-start|p1b: Basculegion|Encore
|move|p2b: Garchomp|Stomping Tantrum|p1a: Gardevoir
|-activate|p1a: Gardevoir|move: Protect
|move|p1b: Basculegion|Last Respects|p2b: Garchomp
|-damage|p2b: Garchomp|0 fnt
|faint|p2b: Garchomp
|
|-weather|none
|upkeep
|
|t:|1786022327
|switch|p2b: Charizard|Charizard-Mega-Y, L50, F|4/100
|-weather|SunnyDay|[from] ability: Drought|[of] p2b: Charizard
|turn|7
|
|t:|1786022336
|move|p2a: Whimsicott|Encore|p1a: Gardevoir
|-start|p1a: Gardevoir|Encore
|move|p1a: Gardevoir|Protect||[still]
|-fail|p1a: Gardevoir
|move|p2b: Charizard|Solar Beam||[still]
|-prepare|p2b: Charizard|Solar Beam
|-anim|p2b: Charizard|Solar Beam|p1b: Basculegion
|-supereffective|p1b: Basculegion|1
|-damage|p1b: Basculegion|1/100
|move|p1b: Basculegion|Last Respects|p2b: Charizard
|-damage|p2b: Charizard|0 fnt
|faint|p2b: Charizard
|
|-weather|SunnyDay|[upkeep]
|upkeep
|turn|8
|
|t:|1786022344
|move|p1a: Gardevoir|Protect|p1a: Gardevoir
|-singleturn|p1a: Gardevoir|Protect
|move|p2a: Whimsicott|Moonblast|p1b: Basculegion
|-damage|p1b: Basculegion|0 fnt
|faint|p1b: Basculegion
|
|-weather|SunnyDay|[upkeep]
|upkeep
|turn|9
|-message|huanyu0.0 forfeited.
|
|win|Ayabe0119
||huanyu0.0 is ready for game 2.
||Ayabe0119 is ready for game 2.
|uhtml|next|Next: Game 2 of 3
