|j|☆Cecho8
|j|☆IronStandsEternal
|html|Cecho8IronStandsEternal    
|uhtml|bestof|Game 2 of a best-of-3
|t:|1757117954
|gametype|doubles
|player|p1|Cecho8|shadowtriad|1182
|player|p2|IronStandsEternal|flint|1232
|gen|9
|tier|[Gen 9] VGC 2025 Reg H (Bo3)
|rated|
|rule|Species Clause: Limit one of each Pokémon
|rule|Item Clause: Limit 1 of each item
|clearpoke
|poke|p1|Archaludon, L50, F|
|poke|p1|Pelipper, L50, F|
|poke|p1|Gholdengo, L50|
|poke|p1|Basculegion, L50, M|
|poke|p1|Amoonguss, L50, F|
|poke|p1|Annihilape, L50, M|
|poke|p2|Rillaboom, L50, M|
|poke|p2|Dragonite, L50, M|
|poke|p2|Sneasler, L50, M|
|poke|p2|Ninetales-Alola, L50, F|
|poke|p2|Kingambit, L50, M|
|poke|p2|Volcarona, L50, M|
|teampreview|4
|showteam|p1|Archaludon||AssaultVest|Stamina|DragonPulse,ElectroShot,BodyPress,Snarl|||F|||50|,,,,,Bug]Pelipper||FocusSash|Drizzle|WeatherBall,Hurricane,Tailwind,Protect|||F|||50|,,,,,Ghost]Gholdengo||LifeOrb|GoodasGold|MakeItRain,ShadowBall,NastyPlot,Protect||||||50|,,,,,Water]Basculegion||ChoiceBand|SwiftSwim|AquaJet,WaveCrash,LastRespects,FlipTurn|||M|||50|,,,,,Water]Amoonguss||SitrusBerry|Regenerator|RagePowder,Spore,PollenPuff,Protect|||F|||50|,,,,,Fairy]Annihilape||SafetyGoggles|Defiant|RageFist,CloseCombat,FinalGambit,Taunt|||M|||50|,,,,,Fire
|showteam|p2|Rillaboom||AssaultVest|GrassySurge|WoodHammer,GrassyGlide,HighHorsepower,FakeOut|||M|||50|,,,,,Fire]Dragonite||LoadedDice|Multiscale|Protect,ScaleShot,LowKick,Haze|||M|||50|,,,,,Fairy]Sneasler||WhiteHerb|Unburden|Protect,DireClaw,CloseCombat,Coaching|||M|||50|,,,,,Ghost]Ninetales-Alola||ChoiceSpecs|SnowWarning|Blizzard,IcyWind,Moonblast,FreezeDry|||F|||50|,,,,,Ghost]Kingambit||SafetyGoggles|Defiant|Protect,KowtowCleave,SuckerPunch,SwordsDance|||M|||50|,,,,,Dark]Volcarona||CovertCloak|FlameBody|StruggleBug,RagePowder,Overheat,WillOWisp|||M|||50|,,,,,Fairy
|inactive|Battle timer is ON: inactive players will automatically lose when time's up. (requested by Cecho8)
|inactive|IronStandsEternal has 60 seconds left.
|
|t:|1757118030
|teamsize|p1|4
|teamsize|p2|4
|start
|switch|p1a: Pelipper|Pelipper, L50, F|100/100
|switch|p1b: Basculegion|Basculegion, L50, M|100/100
|switch|p2a: Dragonite|Dragonite, L50, M|100/100
|switch|p2b: Sneasler|Sneasler, L50, M|100/100
|-weather|RainDance|[from] ability: Drizzle|[of] p1a: Pelipper
|turn|1
|inactive|Cecho8 has 30 seconds left.
|inactive|IronStandsEternal has 30 seconds left.
|inactive|IronStandsEternal has 20 seconds left.
|inactive|IronStandsEternal has 15 seconds left.
|inactive|IronStandsEternal has 10 seconds left.
|
|t:|1757118079
|switch|p1a: Archaludon|Archaludon, L50, F|100/100
|move|p2b: Sneasler|Protect|p2b: Sneasler
|-singleturn|p2b: Sneasler|Protect
|move|p2a: Dragonite|Protect|p2a: Dragonite
|-singleturn|p2a: Dragonite|Protect
|move|p1b: Basculegion|Wave Crash|p2b: Sneasler
|-activate|p2b: Sneasler|move: Protect
|
|-weather|RainDance|[upkeep]
|upkeep
|turn|2
|inactive|Cecho8 has 30 seconds left.
|inactive|IronStandsEternal has 30 seconds left.
|
|t:|1757118107
|switch|p2b: Ninetales|Ninetales-Alola, L50, F|100/100
|-weather|Snowscape|[from] ability: Snow Warning|[of] p2b: Ninetales
|-terastallize|p2a: Dragonite|Fairy
|-terastallize|p1a: Archaludon|Bug
|move|p2a: Dragonite|Scale Shot|p1b: Basculegion
|-damage|p1b: Basculegion|80/100
|-damage|p1b: Basculegion|60/100
|-damage|p1b: Basculegion|41/100
|-damage|p1b: Basculegion|22/100
|-hitcount|p1b: Basculegion|4
|-unboost|p2a: Dragonite|def|1
|-boost|p2a: Dragonite|spe|1
|move|p1b: Basculegion|Wave Crash|p2a: Dragonite
|-damage|p2a: Dragonite|18/100
|-damage|p1b: Basculegion|0 fnt|[from] Recoil
|faint|p1b: Basculegion
|move|p1a: Archaludon|Electro Shot||[still]
|-prepare|p1a: Archaludon|Electro Shot
|-boost|p1a: Archaludon|spa|1
|
|-weather|Snowscape|[upkeep]
|upkeep
|
|t:|1757118124
|switch|p1b: Pelipper|Pelipper, L50, F|100/100
|-weather|RainDance|[from] ability: Drizzle|[of] p1b: Pelipper
|turn|3
|inactive|IronStandsEternal has 30 seconds left.
|
|t:|1757118149
|move|p2a: Dragonite|Protect|p2a: Dragonite
|-singleturn|p2a: Dragonite|Protect
|move|p2b: Ninetales|Freeze-Dry|p1b: Pelipper
|-supereffective|p1b: Pelipper
|-enditem|p1b: Pelipper|Focus Sash
|-damage|p1b: Pelipper|1/100
|move|p1b: Pelipper|Hurricane|p2b: Ninetales
|-damage|p2b: Ninetales|49/100
|move|p1a: Archaludon|Electro Shot|p2a: Dragonite|[from] lockedmove
|-activate|p2a: Dragonite|move: Protect
|
|-weather|RainDance|[upkeep]
|upkeep
|turn|4
|inactive|IronStandsEternal has 30 seconds left.
|inactive|IronStandsEternal has 20 seconds left.
|
|t:|1757118186
|switch|p1b: Amoonguss|Amoonguss, L50, F|100/100
|move|p2a: Dragonite|Scale Shot|p1b: Amoonguss
|-damage|p1b: Amoonguss|88/100
|-damage|p1b: Amoonguss|76/100
|-damage|p1b: Amoonguss|63/100
|-crit|p1b: Amoonguss
|-damage|p1b: Amoonguss|44/100
|-enditem|p1b: Amoonguss|Sitrus Berry|[eat]
|-heal|p1b: Amoonguss|69/100|[from] item: Sitrus Berry
|-hitcount|p1b: Amoonguss|4
|-unboost|p2a: Dragonite|def|1
|-boost|p2a: Dragonite|spe|1
|move|p2b: Ninetales|Freeze-Dry|p1a: Archaludon
|-damage|p1a: Archaludon|66/100
|-ability|p1a: Archaludon|Stamina|boost
|-boost|p1a: Archaludon|def|1
|move|p1a: Archaludon|Electro Shot||[still]
|-prepare|p1a: Archaludon|Electro Shot
|-boost|p1a: Archaludon|spa|1
|-anim|p1a: Archaludon|Electro Shot|p2b: Ninetales
|-damage|p2b: Ninetales|0 fnt
|faint|p2b: Ninetales
|
|-weather|RainDance|[upkeep]
|upkeep
|inactive|IronStandsEternal has 30 seconds left.
|
|t:|1757118211
|switch|p2b: Sneasler|Sneasler, L50, M|100/100
|turn|5
|inactive|IronStandsEternal has 30 seconds left.
|
|t:|1757118243
|move|p2a: Dragonite|Protect|p2a: Dragonite
|-singleturn|p2a: Dragonite|Protect
|move|p2b: Sneasler|Dire Claw|p1b: Amoonguss
|-damage|p1b: Amoonguss|35/100
|move|p1a: Archaludon|Electro Shot||[still]
|-prepare|p1a: Archaludon|Electro Shot
|-boost|p1a: Archaludon|spa|1
|-anim|p1a: Archaludon|Electro Shot|p2b: Sneasler
|-damage|p2b: Sneasler|0 fnt
|faint|p2b: Sneasler
|move|p1b: Amoonguss|Spore|p2a: Dragonite
|-activate|p2a: Dragonite|move: Protect
|
|-weather|RainDance|[upkeep]
|upkeep
|
|t:|1757118258
|switch|p2b: Kingambit|Kingambit, L50, M|100/100
|turn|6
|inactive|Cecho8 has 30 seconds left.
|inactive|IronStandsEternal has 30 seconds left.
|inactive|Cecho8 has 20 seconds left.
|
|t:|1757118297
|move|p2a: Dragonite|Haze|p2a: Dragonite
|-clearallboost
|move|p1a: Archaludon|Electro Shot||[still]
|-prepare|p1a: Archaludon|Electro Shot
|-boost|p1a: Archaludon|spa|1
|-anim|p1a: Archaludon|Electro Shot|p2a: Dragonite
|-damage|p2a: Dragonite|0 fnt
|faint|p2a: Dragonite
|move|p2b: Kingambit|Kowtow Cleave|p1b: Amoonguss
|-damage|p1b: Amoonguss|0 fnt
|faint|p1b: Amoonguss
|
|-weather|RainDance|[upkeep]
|upkeep
|
|t:|1757118308
|switch|p1b: Pelipper|Pelipper, L50, F|1/100
|turn|7
|
|t:|1757118323
|move|p2b: Kingambit|Protect|p2b: Kingambit
|-singleturn|p2b: Kingambit|Protect
|move|p1b: Pelipper|Weather Ball|p2b: Kingambit
|-activate|p2b: Kingambit|move: Protect
|move|p1a: Archaludon|Body Press|p2b: Kingambit
|-activate|p2b: Kingambit|move: Protect
|
|-weather|none
|upkeep
|turn|8
|
|t:|1757118333
|move|p1b: Pelipper|Hurricane|p2b: Kingambit|[miss]
|-miss|p1b: Pelipper|p2b: Kingambit
|move|p1a: Archaludon|Body Press|p2b: Kingambit
|-supereffective|p2b: Kingambit
|-damage|p2b: Kingambit|27/100
|move|p2b: Kingambit|Swords Dance|p2b: Kingambit
|-boost|p2b: Kingambit|atk|2
|
|upkeep
|turn|9
|
|t:|1757118351
|move|p2b: Kingambit|Sucker Punch|p1a: Archaludon
|-damage|p1a: Archaludon|10/100
|-ability|p1a: Archaludon|Stamina|boost
|-boost|p1a: Archaludon|def|1
|move|p1b: Pelipper|Hurricane|p2b: Kingambit
|-resisted|p2b: Kingambit
|-damage|p2b: Kingambit|5/100
|-start|p2b: Kingambit|confusion
|move|p1a: Archaludon|Body Press|p2b: Kingambit
|-supereffective|p2b: Kingambit
|-damage|p2b: Kingambit|0 fnt
|faint|p2b: Kingambit
|
|win|Cecho8
||Cecho8 is ready for game 3.
|inactive|IronStandsEternal has 30 seconds to confirm battle start!
|inactive|IronStandsEternal has 20 seconds to confirm battle start!
||IronStandsEternal is ready for game 3.
|uhtml|next|Next: Game 3 of 3
|l|☆Cecho8
|player|p1|
