|j|☆prosta1
|j|☆Swift Demise
|html|prosta1Swift Demise    
|uhtml|bestof|Game 2 of a best-of-3
|t:|1784459359
|gametype|doubles
|player|p1|prosta1|266|1203
|player|p2|Swift Demise|lucas|1324
|gen|9
|tier|[Gen 9 Champions] VGC 2026 Reg M-B (Bo3)
|rated|
|rule|Species Clause: Limit one of each Pokémon
|rule|Item Clause: Limit 1 of each item
|clearpoke
|poke|p1|Grimmsnarl, L50, M|
|poke|p1|Feraligatr, L50, M|
|poke|p1|Charizard, L50, F|
|poke|p1|Pelipper, L50, M|
|poke|p1|Venusaur, L50, M|
|poke|p1|Archaludon, L50, M|
|poke|p2|Goodra, L50, M|
|poke|p2|Sinistcha, L50|
|poke|p2|Incineroar, L50, M|
|poke|p2|Milotic, L50, M|
|poke|p2|Floette-Eternal, L50, F|
|poke|p2|Sneasler, L50, M|
|teampreview|4
|showteam|p1|Grimmsnarl||LightClay|Prankster|SpiritBreak,PartingShot,Reflect,FakeOut|Sassy||M|||50|]Feraligatr||LifeOrb|SheerForce|Liquidation,Protect,DragonDance,IcePunch|Adamant||M|||50|]Charizard||CharizarditeY|Blaze|Protect,HeatWave,WeatherBall,SolarBeam|Modest||F|||50|]Pelipper||SitrusBerry|Drizzle|Hurricane,WeatherBall,Tailwind,WideGuard|Modest||M|||50|]Venusaur||WideLens|Chlorophyll|SludgeBomb,SleepPowder,EarthPower,Protect|Modest||M|||50|]Archaludon||Leftovers|Stamina|ElectroShot,DragonPulse,FlashCannon,Protect|Calm||M|||50|
|showteam|p2|Goodra||LifeOrb|SapSipper|RockSlide,Superpower,DragonClaw,Protect|Jolly||M|||50|]Sinistcha||KasibBerry|Hospitality|MatchaGotcha,LifeDew,RagePowder,Protect|Bold|||||50|]Incineroar||SitrusBerry|Intimidate|FlareBlitz,DarkestLariat,FakeOut,PartingShot|Impish||M|||50|]Milotic||Leftovers|Competitive|MuddyWater,Coil,Hypnosis,Protect|Calm||M|||50|]Floette-Eternal||Floettite|FlowerVeil|Protect,DrainingKiss,CalmMind,DazzlingGleam|Timid||F|||50|]Sneasler||FocusSash|PoisonTouch|CloseCombat,PoisonJab,ThroatChop,FakeOut|Jolly||M|||50|
|inactive|Battle timer is ON: inactive players will automatically lose when time's up. (requested by prosta1)
|
|t:|1784459420
|teamsize|p1|4
|teamsize|p2|4
|start
|switch|p1a: Grimmsnarl|Grimmsnarl, L50, M|100/100
|switch|p1b: Feraligatr|Feraligatr, L50, M|100/100
|switch|p2a: Goodra|Goodra, L50, M|100/100
|switch|p2b: Incineroar|Incineroar, L50, M|100/100
|-ability|p2b: Incineroar|Intimidate|boost
|-unboost|p1a: Grimmsnarl|atk|1
|-unboost|p1b: Feraligatr|atk|1
|turn|1
|
|t:|1784459438
|move|p2b: Incineroar|Fake Out|p1a: Grimmsnarl
|-damage|p1a: Grimmsnarl|89/100
|cant|p1a: Grimmsnarl|flinch
|move|p2a: Goodra|Dragon Claw|p1b: Feraligatr
|-damage|p1b: Feraligatr|56/100
|-damage|p2a: Goodra|90/100|[from] item: Life Orb
|move|p1b: Feraligatr|Dragon Dance|p1b: Feraligatr
|-boost|p1b: Feraligatr|atk|1
|-boost|p1b: Feraligatr|spe|1
|
|upkeep
|turn|2
|
|t:|1784459462
|move|p1a: Grimmsnarl|Reflect|p1a: Grimmsnarl
|-sidestart|p1: prosta1|Reflect
|move|p1b: Feraligatr|Ice Punch|p2a: Goodra
|-supereffective|p2a: Goodra|1
|-damage|p2a: Goodra|0 fnt
|faint|p2a: Goodra
|move|p2b: Incineroar|Parting Shot|p1b: Feraligatr
|-unboost|p1b: Feraligatr|atk|1
|-unboost|p1b: Feraligatr|spa|1
|
|t:|1784459470
|switch|p2b: Floette|Floette-Eternal, L50, F|100/100|[from] Parting Shot
|
|upkeep
|
|t:|1784459473
|switch|p2a: Incineroar|Incineroar, L50, M|100/100
|-ability|p2a: Incineroar|Intimidate|boost
|-unboost|p1a: Grimmsnarl|atk|1
|-unboost|p1b: Feraligatr|atk|1
|turn|3
|
|t:|1784459490
|detailschange|p2b: Floette|Floette-Mega, L50, F
|-mega|p2b: Floette|Floette|Floettite
|-ability|p2b: Floette|Fairy Aura
|move|p2a: Incineroar|Fake Out|p1a: Grimmsnarl
|-damage|p1a: Grimmsnarl|82/100
|cant|p1a: Grimmsnarl|flinch
|move|p2b: Floette|Calm Mind|p2b: Floette
|-boost|p2b: Floette|spa|1
|-boost|p2b: Floette|spd|1
|move|p1b: Feraligatr|Dragon Dance|p1b: Feraligatr
|-boost|p1b: Feraligatr|atk|1
|-boost|p1b: Feraligatr|spe|1
|
|upkeep
|turn|4
|inactive|Swift Demise has 30 seconds left.
|inactive|Swift Demise has 20 seconds left.
|inactive|Swift Demise has 15 seconds left.
|
|t:|1784459531
|move|p1a: Grimmsnarl|Parting Shot|p2b: Floette
|-unboost|p2b: Floette|atk|1
|-unboost|p2b: Floette|spa|1
|
|t:|1784459535
|switch|p1a: Pelipper|Pelipper, L50, M|100/100|[from] Parting Shot
|-weather|RainDance|[from] ability: Drizzle|[of] p1a: Pelipper
|move|p1b: Feraligatr|Dragon Dance|p1b: Feraligatr
|-boost|p1b: Feraligatr|atk|1
|-boost|p1b: Feraligatr|spe|1
|move|p2b: Floette|Dazzling Gleam|p1b: Feraligatr|[spread] p1a,p1b
|-damage|p1a: Pelipper|47/100
|-damage|p1b: Feraligatr|7/100
|-enditem|p1a: Pelipper|Sitrus Berry|[eat]
|-heal|p1a: Pelipper|72/100|[from] item: Sitrus Berry
|move|p2a: Incineroar|Darkest Lariat|p1b: Feraligatr
|-damage|p1b: Feraligatr|0 fnt
|faint|p1b: Feraligatr
|
|-weather|RainDance|[upkeep]
|upkeep
|
|t:|1784459554
|switch|p1b: Archaludon|Archaludon, L50, M|100/100
|turn|5
|inactive|prosta1 has 30 seconds left.
|
|t:|1784459581
|move|p2b: Floette|Calm Mind|p2b: Floette
|-boost|p2b: Floette|spa|1
|-boost|p2b: Floette|spd|1
|move|p1b: Archaludon|Electro Shot||[still]
|-prepare|p1b: Archaludon|Electro Shot
|-boost|p1b: Archaludon|spa|1
|-anim|p1b: Archaludon|Electro Shot|p2b: Floette
|-damage|p2b: Floette|76/100
|move|p1a: Pelipper|Tailwind|p1a: Pelipper
|-sidestart|p1: prosta1|move: Tailwind
|move|p2a: Incineroar|Parting Shot|p1b: Archaludon
|-unboost|p1b: Archaludon|atk|1
|-unboost|p1b: Archaludon|spa|1
|
|t:|1784459594
|switch|p2a: Sinistcha|Sinistcha, L50|100/100|[from] Parting Shot
|-heal|p2b: Floette|100/100|[from] ability: Hospitality|[of] p2a: Sinistcha
|
|-weather|RainDance|[upkeep]
|upkeep
|turn|6
|inactive|Swift Demise has 30 seconds left.
|
|t:|1784459627
|move|p2a: Sinistcha|Rage Powder|p2a: Sinistcha
|-singleturn|p2a: Sinistcha|move: Rage Powder
|move|p1b: Archaludon|Electro Shot||[still]
|-prepare|p1b: Archaludon|Electro Shot
|-boost|p1b: Archaludon|spa|1
|-anim|p1b: Archaludon|Electro Shot|p2a: Sinistcha
|-resisted|p2a: Sinistcha|1
|-damage|p2a: Sinistcha|73/100
|move|p1a: Pelipper|Hurricane|p2a: Sinistcha
|-supereffective|p2a: Sinistcha|1
|-damage|p2a: Sinistcha|0 fnt
|faint|p2a: Sinistcha
|move|p2b: Floette|Draining Kiss|p1b: Archaludon
|-damage|p1b: Archaludon|55/100
|-ability|p1b: Archaludon|Stamina|boost
|-boost|p1b: Archaludon|def|1
|
|-weather|RainDance|[upkeep]
|-heal|p1b: Archaludon|61/100|[from] item: Leftovers
|upkeep
|
|t:|1784459642
|switch|p2a: Incineroar|Incineroar, L50, M|100/100
|-ability|p2a: Incineroar|Intimidate|boost
|-unboost|p1a: Pelipper|atk|1
|-unboost|p1b: Archaludon|atk|1
|turn|7
|inactive|Swift Demise has 30 seconds left.
|
|t:|1784459668
|move|p2a: Incineroar|Fake Out|p1b: Archaludon
|-resisted|p1b: Archaludon|1
|-damage|p1b: Archaludon|59/100
|-ability|p1b: Archaludon|Stamina|boost
|-boost|p1b: Archaludon|def|1
|cant|p1b: Archaludon|flinch
|move|p1a: Pelipper|Weather Ball|p2a: Incineroar
|-supereffective|p2a: Incineroar|1
|-damage|p2a: Incineroar|0 fnt
|faint|p2a: Incineroar
|move|p2b: Floette|Dazzling Gleam|p1a: Pelipper|[spread] p1a,p1b
|-crit|p1a: Pelipper
|-damage|p1a: Pelipper|0 fnt
|-damage|p1b: Archaludon|11/100
|-ability|p1b: Archaludon|Stamina|boost
|-boost|p1b: Archaludon|def|1
|faint|p1a: Pelipper
|
|-weather|RainDance|[upkeep]
|-heal|p1b: Archaludon|17/100|[from] item: Leftovers
|upkeep
|
|t:|1784459685
|switch|p1a: Grimmsnarl|Grimmsnarl, L50, M|82/100
|turn|8
|
|t:|1784459691
|move|p1a: Grimmsnarl|Fake Out|p2b: Floette
|-damage|p2b: Floette|87/100
|move|p1b: Archaludon|Electro Shot||[still]
|-prepare|p1b: Archaludon|Electro Shot
|-boost|p1b: Archaludon|spa|1
|-anim|p1b: Archaludon|Electro Shot|p2b: Floette
|-damage|p2b: Floette|58/100
|cant|p2b: Floette|flinch
|
|-weather|none
|-heal|p1b: Archaludon|23/100|[from] item: Leftovers
|-sideend|p1: prosta1|move: Tailwind
|upkeep
|turn|9
|inactive|prosta1 has 30 seconds left.
|inactive|prosta1 has 20 seconds left.
|
|t:|1784459727
|move|p1b: Archaludon|Protect|p1b: Archaludon
|-singleturn|p1b: Archaludon|Protect
|move|p2b: Floette|Dazzling Gleam|p1b: Archaludon|[spread] p1a
|-activate|p1b: Archaludon|move: Protect
|-supereffective|p1a: Grimmsnarl|1
|-damage|p1a: Grimmsnarl|0 fnt
|faint|p1a: Grimmsnarl
|
|-heal|p1b: Archaludon|29/100|[from] item: Leftovers
|-sideend|p1: prosta1|Reflect
|upkeep
|turn|10
|
|t:|1784459737
|move|p2b: Floette|Dazzling Gleam|p1b: Archaludon
|-damage|p1b: Archaludon|0 fnt
|faint|p1b: Archaludon
|
|win|Swift Demise
|raw|prosta1's rating: 1203 → 1186(-17 for losing)
|raw|Swift Demise's rating: 1324 → 1337(+13 for winning)
