|j|☆Daniw9
|j|☆Dkelly1126
|html|Daniw9Dkelly1126    
|uhtml|bestof|Game 2 of a best-of-3
|t:|1756001438
|gametype|doubles
|player|p1|Daniw9|265|1120
|player|p2|Dkelly1126|blue|1280
|gen|9
|tier|[Gen 9] VGC 2025 Reg H (Bo3)
|rated|
|rule|Species Clause: Limit one of each Pokémon
|rule|Item Clause: Limit 1 of each item
|clearpoke
|poke|p1|Murkrow, L50, F|
|poke|p1|Gholdengo, L50|
|poke|p1|Dragonite, L50, M|
|poke|p1|Ursaluna-Bloodmoon, L50, M|
|poke|p1|Rillaboom, L50, M|
|poke|p1|Incineroar, L50, F|
|poke|p2|Talonflame, L50, F|
|poke|p2|Ursaluna-Bloodmoon, L50, M|
|poke|p2|Electabuzz, L50, M|
|poke|p2|Dragonite, L50, M|
|poke|p2|Indeedee, L50, M|
|poke|p2|Sneasler, L50, M|
|teampreview|4
|showteam|p1|Murkrow||Eviolite|Prankster|Tailwind,BraveBird,Haze,Quash|||F|||50|,,,,,Ghost]Gholdengo||MetalCoat|GoodasGold|MakeItRain,ShadowBall,NastyPlot,Protect||||||50|,,,,,Water]Dragonite||LoadedDice|Multiscale|ScaleShot,Protect,TeraBlast,StompingTantrum|||M|||50|,,,,,Fairy]Ursaluna-Bloodmoon||LifeOrb|MindsEye|EarthPower,BloodMoon,HyperVoice,Protect|||M|||50|,,,,,Normal]Rillaboom||AssaultVest|GrassySurge|Uturn,WoodHammer,GrassyGlide,FakeOut|||M|||50|,,,,,Fire]Incineroar||SitrusBerry|Intimidate|FlareBlitz,FakeOut,PartingShot,KnockOff|||F|||50|,,,,,Ghost
|showteam|p2|Talonflame||CovertCloak|GaleWings|Tailwind,DualWingbeat,WillOWisp,FlareBlitz|||F|||50|,,,,,Fairy]Ursaluna-Bloodmoon||LifeOrb|MindsEye|BloodMoon,Protect,HyperVoice,EarthPower|||M|||50|,,,,,Normal]Electabuzz||Eviolite|VitalSpirit|FollowMe,Electroweb,Protect,Taunt|||M|||50|,,,,,Ghost]Dragonite||LoadedDice|Multiscale|ScaleShot,StompingTantrum,Haze,Protect|||M|||50|,,,,,Fairy]Indeedee||FocusSash|PsychicSurge|ExpandingForce,TrickRoom,Imprison,HelpingHand|||M|||50|,,,,,Psychic]Sneasler||PsychicSeed|Unburden|DireClaw,CloseCombat,ThroatChop,Protect|||M|||50|,,,,,Dark
|
|t:|1756001505
|teamsize|p1|4
|teamsize|p2|4
|start
|switch|p1a: Incineroar|Incineroar, L50, F|100/100
|switch|p1b: Ursaluna|Ursaluna-Bloodmoon, L50, M|100/100
|switch|p2a: Talonflame|Talonflame, L50, F|100/100
|switch|p2b: Dragonite|Dragonite, L50, M|100/100
|-ability|p1a: Incineroar|Intimidate|boost
|-unboost|p2a: Talonflame|atk|1
|-unboost|p2b: Dragonite|atk|1
|turn|1
|
|t:|1756001535
|switch|p2a: Indeedee|Indeedee, L50, M|100/100
|-fieldstart|move: Psychic Terrain|[from] ability: Psychic Surge|[of] p2a: Indeedee
|-terastallize|p1b: Ursaluna|Normal
|move|p2b: Dragonite|Protect|p2b: Dragonite
|-singleturn|p2b: Dragonite|Protect
|move|p1a: Incineroar|Fake Out|p2b: Dragonite
|-hint|Psychic Terrain doesn't affect Pokémon immune to Ground.
|-activate|p2b: Dragonite|move: Protect
|move|p1b: Ursaluna|Hyper Voice|p2b: Dragonite|[spread] p2a
|-activate|p2b: Dragonite|move: Protect
|-damage|p2a: Indeedee|12/100
|-damage|p1b: Ursaluna|91/100|[from] item: Life Orb
|
|upkeep
|turn|2
|
|t:|1756001560
|-terastallize|p2a: Indeedee|Psychic
|move|p1b: Ursaluna|Protect|p1b: Ursaluna
|-singleturn|p1b: Ursaluna|Protect
|move|p2a: Indeedee|Expanding Force|p1a: Incineroar|[spread] 
|-activate|p1b: Ursaluna|move: Protect
|-immune|p1a: Incineroar
|move|p2b: Dragonite|Stomping Tantrum|p1a: Incineroar
|-supereffective|p1a: Incineroar
|-damage|p1a: Incineroar|61/100
|move|p1a: Incineroar|Parting Shot|p2b: Dragonite
|-unboost|p2b: Dragonite|atk|1
|-unboost|p2b: Dragonite|spa|1
|
|t:|1756001573
|switch|p1a: Rillaboom|Rillaboom, L50, M|100/100|[from] Parting Shot
|-fieldstart|move: Grassy Terrain|[from] ability: Grassy Surge|[of] p1a: Rillaboom
|
|-heal|p2a: Indeedee|18/100|[from] Grassy Terrain
|-heal|p1b: Ursaluna|97/100|[from] Grassy Terrain
|upkeep
|turn|3
|
|t:|1756001601
|switch|p2a: Talonflame|Talonflame, L50, F|100/100
|switch|p1b: Incineroar|Incineroar, L50, F|61/100
|-ability|p1b: Incineroar|Intimidate|boost
|-unboost|p2a: Talonflame|atk|1
|-unboost|p2b: Dragonite|atk|1
|move|p2b: Dragonite|Haze|p2b: Dragonite
|-clearallboost
|move|p1a: Rillaboom|U-turn|p2a: Talonflame
|-resisted|p2a: Talonflame
|-damage|p2a: Talonflame|91/100
|
|t:|1756001613
|switch|p1a: Ursaluna|Ursaluna-Bloodmoon, L50, M, tera:Normal|97/100|[from] U-turn
|
|-heal|p1a: Ursaluna|100/100|[from] Grassy Terrain
|-heal|p1b: Incineroar|67/100|[from] Grassy Terrain
|upkeep
|turn|4
|
|t:|1756001644
|move|p1b: Incineroar|Fake Out|p2b: Dragonite
|-damage|p2b: Dragonite|94/100
|move|p2a: Talonflame|Flare Blitz|p1a: Ursaluna
|-damage|p1a: Ursaluna|62/100
|-damage|p2a: Talonflame|75/100|[from] Recoil
|cant|p2b: Dragonite|flinch
|move|p1a: Ursaluna|Hyper Voice|p2a: Talonflame|[spread] p2a,p2b
|-damage|p2a: Talonflame|0 fnt
|-damage|p2b: Dragonite|16/100
|faint|p2a: Talonflame
|-damage|p1a: Ursaluna|52/100|[from] item: Life Orb
|
|-heal|p1a: Ursaluna|58/100|[from] Grassy Terrain
|-heal|p1b: Incineroar|73/100|[from] Grassy Terrain
|upkeep
|
|t:|1756001659
|switch|p2a: Sneasler|Sneasler, L50, M|100/100
|turn|5
|
|t:|1756001669
|switch|p2b: Indeedee|Indeedee, L50, M, tera:Psychic|18/100
|-fieldstart|move: Psychic Terrain|[from] ability: Psychic Surge|[of] p2b: Indeedee
|-enditem|p2a: Sneasler|Psychic Seed
|-boost|p2a: Sneasler|spd|1|[from] item: Psychic Seed
|switch|p1b: Gholdengo|Gholdengo, L50|100/100
|move|p1a: Ursaluna|Protect|p1a: Ursaluna
|-singleturn|p1a: Ursaluna|Protect
|move|p2a: Sneasler|Close Combat|p1a: Ursaluna
|-activate|p1a: Ursaluna|move: Protect
|
|upkeep
|turn|6
|
|t:|1756001693
|switch|p1b: Incineroar|Incineroar, L50, F|73/100
|-ability|p1b: Incineroar|Intimidate|boost
|-unboost|p2a: Sneasler|atk|1
|-unboost|p2b: Indeedee|atk|1
|switch|p1a: Rillaboom|Rillaboom, L50, M|100/100
|-fieldstart|move: Grassy Terrain|[from] ability: Grassy Surge|[of] p1a: Rillaboom
|move|p2a: Sneasler|Throat Chop|p1a: Rillaboom
|-damage|p1a: Rillaboom|79/100
|-start|p1a: Rillaboom|Throat Chop|[silent]
|move|p2b: Indeedee|Expanding Force|p1b: Incineroar
|-immune|p1b: Incineroar
|
|-heal|p2b: Indeedee|23/100|[from] Grassy Terrain
|-heal|p1a: Rillaboom|85/100|[from] Grassy Terrain
|-heal|p1b: Incineroar|79/100|[from] Grassy Terrain
|upkeep
|turn|7
|
|t:|1756001714
|move|p2b: Indeedee|Helping Hand|p2a: Sneasler
|-singleturn|p2a: Sneasler|Helping Hand|[of] p2b: Indeedee
|move|p1a: Rillaboom|Fake Out|p2a: Sneasler
|-damage|p2a: Sneasler|73/100
|cant|p2a: Sneasler|flinch
|move|p1b: Incineroar|Parting Shot|p2a: Sneasler
|-unboost|p2a: Sneasler|atk|1
|-unboost|p2a: Sneasler|spa|1
|
|t:|1756001722
|switch|p1b: Gholdengo|Gholdengo, L50|100/100|[from] Parting Shot
|
|-heal|p2a: Sneasler|79/100|[from] Grassy Terrain
|-heal|p2b: Indeedee|29/100|[from] Grassy Terrain
|-heal|p1a: Rillaboom|91/100|[from] Grassy Terrain
|-end|p1a: Rillaboom|Throat Chop|[silent]
|upkeep
|turn|8
|
|t:|1756001736
|switch|p2a: Dragonite|Dragonite, L50, M|16/100
|switch|p1a: Incineroar|Incineroar, L50, F|79/100
|-ability|p1a: Incineroar|Intimidate|boost
|-unboost|p2a: Dragonite|atk|1
|-unboost|p2b: Indeedee|atk|1
|move|p2b: Indeedee|Expanding Force|p1a: Incineroar
|-immune|p1a: Incineroar
|move|p1b: Gholdengo|Nasty Plot|p1b: Gholdengo
|-boost|p1b: Gholdengo|spa|2
|
|-heal|p2b: Indeedee|35/100|[from] Grassy Terrain
|-heal|p1a: Incineroar|85/100|[from] Grassy Terrain
|upkeep
|turn|9
|
|t:|1756001756
|move|p1a: Incineroar|Fake Out|p2a: Dragonite
|-damage|p2a: Dragonite|3/100
|move|p2b: Indeedee|Expanding Force|p1b: Gholdengo
|-resisted|p1b: Gholdengo
|-damage|p1b: Gholdengo|73/100
|move|p1b: Gholdengo|Make It Rain|p2a: Dragonite|[spread] p2a,p2b
|-damage|p2a: Dragonite|0 fnt
|-damage|p2b: Indeedee|0 fnt
|-unboost|p1b: Gholdengo|spa|1
|faint|p2a: Dragonite
|faint|p2b: Indeedee
|
|-heal|p1b: Gholdengo|79/100|[from] Grassy Terrain
|-heal|p1a: Incineroar|91/100|[from] Grassy Terrain
|upkeep
|
|t:|1756001764
|switch|p2b: Sneasler|Sneasler, L50, M|79/100
|turn|10
|
|t:|1756001769
|switch|p1a: Rillaboom|Rillaboom, L50, M|91/100
|move|p1b: Gholdengo|Protect|p1b: Gholdengo
|-singleturn|p1b: Gholdengo|Protect
|move|p2b: Sneasler|Throat Chop|p1b: Gholdengo
|-activate|p1b: Gholdengo|move: Protect
|
|-heal|p2b: Sneasler|84/100|[from] Grassy Terrain
|-heal|p1b: Gholdengo|85/100|[from] Grassy Terrain
|-heal|p1a: Rillaboom|97/100|[from] Grassy Terrain
|-fieldend|move: Grassy Terrain
|upkeep
|turn|11
|
|t:|1756001780
|move|p1a: Rillaboom|Fake Out|p2b: Sneasler
|-damage|p2b: Sneasler|56/100
|cant|p2b: Sneasler|flinch
|move|p1b: Gholdengo|Shadow Ball|p2b: Sneasler
|-damage|p2b: Sneasler|0 fnt
|faint|p2b: Sneasler
|
|win|Daniw9
|raw|Daniw9's rating: 1120 → 1156(+36 for winning)
|raw|Dkelly1126's rating: 1280 → 1244(-36 for losing)
