|j|☆Noyomi
|j|☆EddyG_7889
|html|NoyomiEddyG_7889    
|uhtml|bestof|Game 2 of a best-of-3
|t:|1785015707
|gametype|doubles
|player|p1|Noyomi|266|
|player|p2|EddyG_7889|artist-gen4|
|gen|9
|tier|[Gen 9 Champions] VGC 2026 Reg M-B (Bo3)
|rule|Species Clause: Limit one of each Pokémon
|rule|Item Clause: Limit 1 of each item
|clearpoke
|poke|p1|Charizard, L50, M|
|poke|p1|Garchomp, L50, F|
|poke|p1|Sneasler, L50, M|
|poke|p1|Venusaur, L50, F|
|poke|p1|Milotic, L50, M|
|poke|p1|Ampharos, L50, M|
|poke|p2|Annihilape, L50, M, shiny|
|poke|p2|Maushold, L50|
|poke|p2|Archaludon, L50, M|
|poke|p2|Sinistcha, L50|
|poke|p2|Pelipper, L50, F|
|poke|p2|Swampert, L50, M|
|teampreview|4
|showteam|p1|Charizard||CharizarditeY|Blaze|HeatWave,SolarBeam,Protect,ScorchingSands|Timid||M|||50|]Garchomp||SitrusBerry|RoughSkin|Earthquake,DragonClaw,Protect,RockSlide|Adamant||F|||50|]Sneasler||WhiteHerb|Unburden|CloseCombat,DireClaw,FakeOut,Protect|Adamant||M|||50|]Venusaur||FocusSash|Chlorophyll|SleepPowder,SludgeBomb,Protect,GigaDrain|Timid||F|||50|]Milotic||Leftovers|Competitive|Scald,IcyWind,Protect,LifeDew|Calm||M|||50|]Ampharos||Ampharosite|Static|DragonPulse,ParabolicCharge,Protect,HelpingHand|Modest||M|||50|
|showteam|p2|Annihilape||SitrusBerry|Defiant|RageFist,DrainPunch,BulkUp,Protect|Adamant||M|||50|]Maushold||ChopleBerry|FriendGuard|BeatUp,FollowMe,RainDance,Protect|Jolly|||||50|]Archaludon||Leftovers|Stamina|ElectroShot,FlashCannon,DragonPulse,Protect|Modest||M|||50|]Sinistcha||CobaBerry|Hospitality|MatchaGotcha,RagePowder,LifeDew,TrickRoom|Relaxed|||||50|]Pelipper||FocusSash|Drizzle|Hurricane,WeatherBall,Tailwind,Protect|Modest||F|||50|]Swampert||Swampertite|Damp|WaveCrash,Earthquake,RockSlide,Protect|Adamant||M|||50|
|
|t:|1785015749
|teamsize|p1|4
|teamsize|p2|4
|start
|switch|p1a: ku-chau|Sneasler, L50, M|100/100
|switch|p1b: Sssssss|Milotic, L50, M|100/100
|switch|p2a: Archaludon|Archaludon, L50, M|100/100
|switch|p2b: Maushold|Maushold, L50|100/100
|turn|1
|
|t:|1785015783
|move|p2b: Maushold|Protect|p2b: Maushold
|-singleturn|p2b: Maushold|Protect
|move|p2a: Archaludon|Protect|p2a: Archaludon
|-singleturn|p2a: Archaludon|Protect
|move|p1a: ku-chau|Close Combat|p2b: Maushold
|-activate|p2b: Maushold|move: Protect
|move|p1b: Sssssss|Scald|p2b: Maushold
|-activate|p2b: Maushold|move: Protect
|
|upkeep
|turn|2
|
|t:|1785015806
|move|p1a: ku-chau|Close Combat|p2b: Maushold
|-supereffective|p2b: Maushold|1
|-enditem|p2b: Maushold|Chople Berry|[eat]
|-enditem|p2b: Maushold|Chople Berry|[weaken]
|-damage|p2b: Maushold|16/100
|-unboost|p1a: ku-chau|def|1
|-unboost|p1a: ku-chau|spd|1
|-enditem|p1a: ku-chau|White Herb
|-clearnegativeboost|p1a: ku-chau|[silent]
|move|p2b: Maushold|Beat Up|p2a: Archaludon
|-damage|p2a: Archaludon|97/100
|-ability|p2a: Archaludon|Stamina|boost
|-boost|p2a: Archaludon|def|1
|-damage|p2a: Archaludon|96/100
|-ability|p2a: Archaludon|Stamina|boost
|-boost|p2a: Archaludon|def|1
|-damage|p2a: Archaludon|95/100
|-ability|p2a: Archaludon|Stamina|boost
|-boost|p2a: Archaludon|def|1
|-damage|p2a: Archaludon|95/100
|-ability|p2a: Archaludon|Stamina|boost
|-boost|p2a: Archaludon|def|1
|-hitcount|p2a: Archaludon|4
|move|p2a: Archaludon|Electro Shot||[still]
|-prepare|p2a: Archaludon|Electro Shot
|-boost|p2a: Archaludon|spa|1
|move|p1b: Sssssss|Scald|p2b: Maushold
|-damage|p2b: Maushold|0 fnt
|faint|p2b: Maushold
|
|-heal|p2a: Archaludon|100/100|[from] item: Leftovers
|upkeep
|
|t:|1785015837
|switch|p2b: Pelipper|Pelipper, L50, F|100/100
|-weather|RainDance|[from] ability: Drizzle|[of] p2b: Pelipper
|turn|3
|
|t:|1785015857
|move|p1b: Sssssss|Protect|p1b: Sssssss
|-singleturn|p1b: Sssssss|Protect
|move|p1a: ku-chau|Close Combat|p2a: Archaludon
|-supereffective|p2a: Archaludon|1
|-damage|p2a: Archaludon|65/100
|-unboost|p1a: ku-chau|def|1
|-unboost|p1a: ku-chau|spd|1
|-ability|p2a: Archaludon|Stamina|boost
|-boost|p2a: Archaludon|def|1
|move|p2b: Pelipper|Hurricane|p1a: ku-chau
|-supereffective|p1a: ku-chau|1
|-damage|p1a: ku-chau|0 fnt
|faint|p1a: ku-chau
|move|p2a: Archaludon|Electro Shot|p1b: Sssssss|[from] lockedmove
|-activate|p1b: Sssssss|move: Protect
|
|-weather|RainDance|[upkeep]
|-heal|p2a: Archaludon|71/100|[from] item: Leftovers
|upkeep
|
|t:|1785015875
|switch|p1a: Chi|Ampharos, L50, M|100/100
|turn|4
|
|t:|1785015899
|switch|p2b: Swampert|Swampert, L50, M|100/100
|detailschange|p1a: Chi|Ampharos-Mega, L50, M
|-mega|p1a: Chi|Ampharos|Ampharosite
|-ability|p1a: Chi|Mold Breaker
|move|p2a: Archaludon|Electro Shot||[still]
|-prepare|p2a: Archaludon|Electro Shot
|-boost|p2a: Archaludon|spa|1
|-anim|p2a: Archaludon|Electro Shot|p1b: Sssssss
|-supereffective|p1b: Sssssss|1
|-damage|p1b: Sssssss|4/100
|move|p1b: Sssssss|Scald|p2b: Swampert
|-damage|p2b: Swampert|55/100
|-status|p2b: Swampert|brn
|move|p1a: Chi|Dragon Pulse|p2a: Archaludon
|-damage|p2a: Archaludon|24/100
|-ability|p2a: Archaludon|Stamina|boost
|-boost|p2a: Archaludon|def|1
|
|-weather|RainDance|[upkeep]
|-heal|p2a: Archaludon|30/100|[from] item: Leftovers
|-heal|p1b: Sssssss|10/100|[from] item: Leftovers
|-damage|p2b: Swampert|49/100 brn|[from] brn
|upkeep
|turn|5
|
|t:|1785015952
|detailschange|p2b: Swampert|Swampert-Mega, L50, M
|-mega|p2b: Swampert|Swampert|Swampertite
|move|p1b: Sssssss|Protect|p1b: Sssssss
|-singleturn|p1b: Sssssss|Protect
|move|p2b: Swampert|Rock Slide|p1a: Chi|[spread] p1a
|-activate|p1b: Sssssss|move: Protect
|-damage|p1a: Chi|90/100
|move|p2a: Archaludon|Dragon Pulse|p1a: Chi
|-supereffective|p1a: Chi|1
|-crit|p1a: Chi
|-damage|p1a: Chi|0 fnt
|faint|p1a: Chi
|
|-weather|RainDance|[upkeep]
|-heal|p2a: Archaludon|36/100|[from] item: Leftovers
|-heal|p1b: Sssssss|16/100|[from] item: Leftovers
|-damage|p2b: Swampert|43/100 brn|[from] brn
|upkeep
|
|t:|1785015967
|switch|p1a: Uy temblaste|Garchomp, L50, F|100/100
|turn|6
|
|t:|1785015990
|move|p1a: Uy temblaste|Protect|p1a: Uy temblaste
|-singleturn|p1a: Uy temblaste|Protect
|move|p2b: Swampert|Rock Slide|p1b: Sssssss|[spread] p1b
|-activate|p1a: Uy temblaste|move: Protect
|-damage|p1b: Sssssss|6/100
|move|p2a: Archaludon|Dragon Pulse|p1a: Uy temblaste
|-activate|p1a: Uy temblaste|move: Protect
|move|p1b: Sssssss|Scald|p2a: Archaludon
|-resisted|p2a: Archaludon|1
|-damage|p2a: Archaludon|18/100
|
|-weather|RainDance|[upkeep]
|-heal|p2a: Archaludon|24/100|[from] item: Leftovers
|-heal|p1b: Sssssss|12/100|[from] item: Leftovers
|-damage|p2b: Swampert|38/100 brn|[from] brn
|upkeep
|turn|7
|
|t:|1785016009
|move|p2a: Archaludon|Protect|p2a: Archaludon
|-singleturn|p2a: Archaludon|Protect
|move|p1b: Sssssss|Protect|p1b: Sssssss
|-singleturn|p1b: Sssssss|Protect
|move|p2b: Swampert|Earthquake|p1a: Uy temblaste|[spread] p1a
|-activate|p2a: Archaludon|move: Protect
|-activate|p1b: Sssssss|move: Protect
|-crit|p1a: Uy temblaste
|-damage|p1a: Uy temblaste|66/100
|move|p1a: Uy temblaste|Earthquake|p2a: Archaludon|[spread] p2b
|-activate|p1b: Sssssss|move: Protect
|-activate|p2a: Archaludon|move: Protect
|-damage|p2b: Swampert|0 fnt
|faint|p2b: Swampert
|
|-weather|none
|-heal|p2a: Archaludon|30/100|[from] item: Leftovers
|-heal|p1b: Sssssss|18/100|[from] item: Leftovers
|upkeep
|
|t:|1785016025
|switch|p2b: Pelipper|Pelipper, L50, F|100/100
|-weather|RainDance|[from] ability: Drizzle|[of] p2b: Pelipper
|turn|8
|
|t:|1785016049
|move|p1a: Uy temblaste|Protect|p1a: Uy temblaste
|-singleturn|p1a: Uy temblaste|Protect
|move|p2b: Pelipper|Hurricane|p1b: Sssssss
|-damage|p1b: Sssssss|0 fnt
|faint|p1b: Sssssss
|move|p2a: Archaludon|Dragon Pulse|p1a: Uy temblaste
|-activate|p1a: Uy temblaste|move: Protect
|
|-weather|RainDance|[upkeep]
|-heal|p2a: Archaludon|36/100|[from] item: Leftovers
|upkeep
|turn|9
|
|t:|1785016071
|move|p1a: Uy temblaste|Dragon Claw|p2a: Archaludon
|-damage|p2a: Archaludon|28/100
|move|p2b: Pelipper|Weather Ball|p1a: Uy temblaste
|-damage|p1a: Uy temblaste|1/100
|-enditem|p1a: Uy temblaste|Sitrus Berry|[eat]
|-heal|p1a: Uy temblaste|26/100|[from] item: Sitrus Berry
|move|p2a: Archaludon|Dragon Pulse|p1a: Uy temblaste
|-supereffective|p1a: Uy temblaste|1
|-damage|p1a: Uy temblaste|0 fnt
|faint|p1a: Uy temblaste
|
|win|EddyG_7889
