|j|☆PewPewMewMew
|j|☆monsoonisbest
|html|PewPewMewMewmonsoonisbest    
|uhtml|bestof|Game 3 of a best-of-3
|t:|1785143692
|gametype|doubles
|player|p1|PewPewMewMew|101|1331
|player|p2|monsoonisbest|265|1218
|gen|9
|tier|[Gen 9 Champions] VGC 2026 Reg M-B (Bo3)
|rated|
|rule|Species Clause: Limit one of each Pokémon
|rule|Item Clause: Limit 1 of each item
|clearpoke
|poke|p1|Charizard, L50, F|
|poke|p1|Venusaur, L50, M|
|poke|p1|Grimmsnarl, L50, M|
|poke|p1|Basculegion, L50, M|
|poke|p1|Pelipper, L50, M|
|poke|p1|Archaludon, L50, F|
|poke|p2|Gengar, L50, M|
|poke|p2|Swampert, L50, M|
|poke|p2|Incineroar, L50, M|
|poke|p2|Politoed, L50, M|
|poke|p2|Archaludon, L50, M|
|poke|p2|Vivillon-Monsoon, L50, F|
|teampreview|4
|showteam|p1|Charizard||CharizarditeY|Blaze|HeatWave,SolarBeam,WeatherBall,Protect|Timid||F|||50|]Venusaur||LifeOrb|Chlorophyll|EarthPower,LeafStorm,SleepPowder,Protect|Timid||M|||50|]Grimmsnarl||LightClay|Prankster|SpiritBreak,PartingShot,LightScreen,Reflect|Sassy||M|||50|]Basculegion||ChoiceScarf|Adaptability|WaveCrash,LastRespects,FlipTurn,AquaJet|Jolly||M|||50|]Pelipper||SitrusBerry|Drizzle|WeatherBall,Hurricane,Tailwind,WideGuard|Modest||M|||50|]Archaludon||Leftovers|Stamina|ElectroShot,DragonPulse,FlashCannon,Protect|Calm||F|||50|
|showteam|p2|Gengar||Gengarite|CursedBody|ShadowBall,PerishSong,SludgeBomb,Protect|Timid||M|||50|]Swampert||Swampertite|Damp|WaveCrash,Earthquake,IcePunch,Protect|Adamant||M|||50|]Incineroar||PasshoBerry|Intimidate|ThroatChop,PartingShot,FakeOut,Protect|Sassy||M|||50|]Politoed||SitrusBerry|Drizzle|WeatherBall,PerishSong,Encore,Protect|Calm||M|||50|]Archaludon||Leftovers|Stamina|DragonPulse,FlashCannon,ElectroShot,Protect|Bold||M|||50|]Vivillon-Monsoon||FocusSash|CompoundEyes|Hurricane,SleepPowder,RagePowder,Protect|Timid||F|||50|
|
|t:|1785143714
|teamsize|p1|4
|teamsize|p2|4
|start
|switch|p1a: Charizard|Charizard, L50, F|100/100
|switch|p1b: Venusaur|Venusaur, L50, M|100/100
|switch|p2a: Incineroar|Incineroar, L50, M|100/100
|switch|p2b: Gengar|Gengar, L50, M|100/100
|-ability|p2a: Incineroar|Intimidate|boost
|-unboost|p1a: Charizard|atk|1
|-unboost|p1b: Venusaur|atk|1
|turn|1
|
|t:|1785143729
|detailschange|p1a: Charizard|Charizard-Mega-Y, L50, F
|-mega|p1a: Charizard|Charizard|Charizardite Y
|-weather|SunnyDay|[from] ability: Drought|[of] p1a: Charizard
|detailschange|p2b: Gengar|Gengar-Mega, L50, M
|-mega|p2b: Gengar|Gengar|Gengarite
|move|p2a: Incineroar|Fake Out|p1b: Venusaur
|-damage|p1b: Venusaur|85/100
|cant|p1b: Venusaur|flinch
|move|p2b: Gengar|Perish Song|p2b: Gengar
|-start|p1a: Charizard|perish3|[silent]
|-start|p1b: Venusaur|perish3|[silent]
|-start|p2a: Incineroar|perish3|[silent]
|-start|p2b: Gengar|perish3|[silent]
|-fieldactivate|move: Perish Song
|move|p1a: Charizard|Weather Ball|p2a: Incineroar
|-resisted|p2a: Incineroar|1
|-damage|p2a: Incineroar|70/100
|
|-weather|SunnyDay|[upkeep]
|-start|p1b: Venusaur|perish3
|-start|p2b: Gengar|perish3
|-start|p1a: Charizard|perish3
|-start|p2a: Incineroar|perish3
|upkeep
|turn|2
|
|t:|1785143738
|move|p2b: Gengar|Protect|p2b: Gengar
|-singleturn|p2b: Gengar|Protect
|move|p2a: Incineroar|Protect|p2a: Incineroar
|-singleturn|p2a: Incineroar|Protect
|move|p1b: Venusaur|Earth Power|p2a: Incineroar
|-activate|p2a: Incineroar|move: Protect
|move|p1a: Charizard|Weather Ball|p2a: Incineroar
|-activate|p2a: Incineroar|move: Protect
|
|-weather|SunnyDay|[upkeep]
|-start|p1b: Venusaur|perish2
|-start|p2b: Gengar|perish2
|-start|p1a: Charizard|perish2
|-start|p2a: Incineroar|perish2
|upkeep
|turn|3
|
|t:|1785143744
|switch|p2b: Politoed|Politoed, L50, M|100/100
|-weather|RainDance|[from] ability: Drizzle|[of] p2b: Politoed
|move|p1a: Charizard|Weather Ball|p2b: Politoed
|-resisted|p2b: Politoed|1
|-damage|p2b: Politoed|79/100
|move|p1b: Venusaur|Earth Power|p2b: Politoed
|-damage|p2b: Politoed|52/100
|-damage|p1b: Venusaur|75/100|[from] item: Life Orb
|move|p2a: Incineroar|Parting Shot|p2b: Politoed
|-unboost|p2b: Politoed|atk|1
|-unboost|p2b: Politoed|spa|1
|
|t:|1785143753
|switch|p2a: Gengar|Gengar-Mega, L50, M|100/100|[from] Parting Shot
|
|-weather|RainDance|[upkeep]
|-start|p1a: Charizard|perish1
|-start|p1b: Venusaur|perish1
|upkeep
|turn|4
|
|t:|1785143767
|move|p2a: Gengar|Protect|p2a: Gengar
|-singleturn|p2a: Gengar|Protect
|move|p2b: Politoed|Protect|p2b: Politoed
|-singleturn|p2b: Politoed|Protect
|move|p1a: Charizard|Weather Ball|p2b: Politoed
|-activate|p2b: Politoed|move: Protect
|move|p1b: Venusaur|Earth Power|p2a: Gengar
|-activate|p2a: Gengar|move: Protect
|
|-weather|RainDance|[upkeep]
|-start|p1a: Charizard|perish0
|-start|p1b: Venusaur|perish0
|faint|p1a: Charizard
|faint|p1b: Venusaur
|upkeep
|
|t:|1785143769
|switch|p1a: Basculegion|Basculegion, L50, M|100/100
|switch|p1b: Archaludon|Archaludon, L50, F|100/100
|turn|5
|
|t:|1785143775
|switch|p2a: Incineroar|Incineroar, L50, M|70/100
|-ability|p2a: Incineroar|Intimidate|boost
|-unboost|p1a: Basculegion|atk|1
|-unboost|p1b: Archaludon|atk|1
|move|p1a: Basculegion|Last Respects|p2a: Incineroar
|-resisted|p2a: Incineroar|1
|-damage|p2a: Incineroar|44/100
|move|p1b: Archaludon|Electro Shot||[still]
|-prepare|p1b: Archaludon|Electro Shot
|-boost|p1b: Archaludon|spa|1
|-anim|p1b: Archaludon|Electro Shot|p2b: Politoed
|-supereffective|p2b: Politoed|1
|-damage|p2b: Politoed|0 fnt
|faint|p2b: Politoed
|
|-weather|RainDance|[upkeep]
|upkeep
|
|t:|1785143788
|switch|p2b: Archaludon|Archaludon, L50, M|100/100
|turn|6
|
|t:|1785143796
|move|p1a: Basculegion|Last Respects|p2b: Archaludon
|-damage|p2b: Archaludon|64/100
|-ability|p2b: Archaludon|Stamina|boost
|-boost|p2b: Archaludon|def|1
|move|p1b: Archaludon|Dragon Pulse|p2b: Archaludon
|-damage|p2b: Archaludon|14/100
|-ability|p2b: Archaludon|Stamina|boost
|-boost|p2b: Archaludon|def|1
|move|p2b: Archaludon|Electro Shot||[still]
|-prepare|p2b: Archaludon|Electro Shot
|-boost|p2b: Archaludon|spa|1
|-anim|p2b: Archaludon|Electro Shot|p1a: Basculegion
|-supereffective|p1a: Basculegion|1
|-damage|p1a: Basculegion|0 fnt
|faint|p1a: Basculegion
|move|p2a: Incineroar|Throat Chop|p1b: Archaludon
|-damage|p1b: Archaludon|77/100
|-start|p1b: Archaludon|Throat Chop|[silent]
|-ability|p1b: Archaludon|Stamina|boost
|-boost|p1b: Archaludon|def|1
|
|-weather|RainDance|[upkeep]
|-heal|p1b: Archaludon|83/100|[from] item: Leftovers
|-heal|p2b: Archaludon|20/100y|[from] item: Leftovers
|upkeep
|turn|7
|
|t:|1785143811
|move|p2b: Archaludon|Protect|p2b: Archaludon
|-singleturn|p2b: Archaludon|Protect
|move|p1b: Archaludon|Electro Shot||[still]
|-prepare|p1b: Archaludon|Electro Shot
|-boost|p1b: Archaludon|spa|1
|-anim|p1b: Archaludon|Electro Shot|p2a: Incineroar
|-damage|p2a: Incineroar|0 fnt
|faint|p2a: Incineroar
|
|-weather|none
|-heal|p1b: Archaludon|90/100|[from] item: Leftovers
|-heal|p2b: Archaludon|26/100|[from] item: Leftovers
|-end|p1b: Archaludon|Throat Chop|[silent]
|upkeep
|
|t:|1785143817
|switch|p2a: Gengar|Gengar-Mega, L50, M|100/100
|turn|8
|
|t:|1785143833
|move|p2a: Gengar|Shadow Ball|p1b: Archaludon
|-damage|p1b: Archaludon|52/100
|-ability|p1b: Archaludon|Stamina|boost
|-boost|p1b: Archaludon|def|1
|move|p1b: Archaludon|Dragon Pulse|p2b: Archaludon
|-damage|p2b: Archaludon|0 fnt
|faint|p2b: Archaludon
|
|-heal|p1b: Archaludon|58/100|[from] item: Leftovers
|upkeep
|turn|9
|
|t:|1785143852
|move|p1b: Archaludon|Protect|p1b: Archaludon
|-singleturn|p1b: Archaludon|Protect
|move|p2a: Gengar|Shadow Ball|p1b: Archaludon
|-activate|p1b: Archaludon|move: Protect
|
|-heal|p1b: Archaludon|64/100|[from] item: Leftovers
|upkeep
|turn|10
|
|t:|1785143855
|move|p2a: Gengar|Perish Song|p2a: Gengar
|-start|p1b: Archaludon|perish3|[silent]
|-start|p2a: Gengar|perish3|[silent]
|-fieldactivate|move: Perish Song
|move|p1b: Archaludon|Dragon Pulse|p2a: Gengar
|-damage|p2a: Gengar|24/100
|
|-heal|p1b: Archaludon|70/100|[from] item: Leftovers
|-start|p2a: Gengar|perish3
|-start|p1b: Archaludon|perish3
|upkeep
|turn|11
|
|t:|1785143858
|move|p2a: Gengar|Protect|p2a: Gengar
|-singleturn|p2a: Gengar|Protect
|move|p1b: Archaludon|Dragon Pulse|p2a: Gengar
|-activate|p2a: Gengar|move: Protect
|
|-heal|p1b: Archaludon|77/100|[from] item: Leftovers
|-start|p2a: Gengar|perish2
|-start|p1b: Archaludon|perish2
|upkeep
|turn|12
|
|t:|1785143861
|move|p2a: Gengar|Protect||[still]
|-fail|p2a: Gengar
|move|p1b: Archaludon|Dragon Pulse|p2a: Gengar
|-damage|p2a: Gengar|0 fnt
|faint|p2a: Gengar
|
|win|PewPewMewMew
|raw|PewPewMewMew's rating: 1331 → 1345(+14 for winning)
|raw|monsoonisbest's rating: 1218 → 1201(-17 for losing)
