|j|â˜†fubaguy
|j|â˜†Geauxing2anfield
|html|fubaguyGeauxing2anfield    
|uhtml|bestof|Game 2 of a best-of-3
|t:|1782266815
|gametype|doubles
|player|p1|fubaguy|hilda-wonderlauncher|
|player|p2|Geauxing2anfield|bugcatcher-gen4dp|
|gen|9
|tier|[Gen 9 Champions] VGC 2026 Reg M-B (Bo3)
|rule|Species Clause: Limit one of each PokÃ©mon
|rule|Item Clause: Limit 1 of each item
|clearpoke
|poke|p1|Corviknight, L50, F|
|poke|p1|Bastiodon, L50, F, shiny|
|poke|p1|Samurott-Hisui, L50, M, shiny|
|poke|p1|Gardevoir, L50, M|
|poke|p1|Vanilluxe, L50, F|
|poke|p1|Espathra, L50, F|
|poke|p2|Meowstic, L50, M|
|poke|p2|Floette-Eternal, L50, F|
|poke|p2|Sharpedo, L50, F|
|poke|p2|Orthworm, L50, M|
|poke|p2|Scovillain, L50, F|
|poke|p2|Golurk, L50|
|teampreview|4
|showteam|p1|Corviknight||LifeOrb|MirrorArmor|IronHead,BraveBird,Tailwind,Roost|Adamant||F|||50|]Bastiodon||Leftovers|Sturdy|IronHead,FoulPlay,WideGuard,BodyPress|Adamant||F|||50|]Samurott-Hisui||FocusSash|Sharpness|RazorShell,CeaselessEdge,SacredSword,Protect|Adamant||M|||50|]Gardevoir||Gardevoirite|Trace|HyperVoice,ShadowBall,Moonblast,Protect|Modest||M|||50|]Vanilluxe||ChoiceScarf|SnowWarning|Blizzard,FreezeDry,FlashCannon,IcyWind|Modest||F|||50|]Espathra||SitrusBerry|SpeedBoost|LuminaCrash,ShadowBall,FlashCannon,Protect|Modest||F|||50|
|showteam|p2|Meowstic||Meowsticite|Prankster|TrickRoom,FakeOut,ThunderWave,RainDance|Sassy||M|||50|]Floette-Eternal||Floettite|FlowerVeil|LightofRuin,Moonblast,Psychic,Protect|Timid||F|||50|]Sharpedo||Sharpedonite|SpeedBoost|Protect,CloseCombat,IceFang,Liquidation|Jolly||F|||50|]Orthworm||FocusSash|EarthEater|RockSlide,BodyPress,IronDefense,HighHorsepower|Adamant||M|||50|]Scovillain||MentalHerb|Chlorophyll|RagePowder,SuperFang,WillOWisp,SunnyDay|Timid||F|||50|]Golurk||LifeOrb|NoGuard|Earthquake,IcePunch,ShadowPunch,Protect|Adamant|||||50|
|
|t:|1782266850
|teamsize|p1|4
|teamsize|p2|4
|start
|switch|p1a: Darth Vader|Corviknight, L50, F|100/100
|switch|p1b: Chewbacca|Bastiodon, L50, F, shiny|100/100
|switch|p2a: Scovillain|Scovillain, L50, F|100/100
|switch|p2b: Sharpedo|Sharpedo, L50, F|100/100
|turn|1
|
|t:|1782266881
|move|p2b: Sharpedo|Close Combat|p1b: Chewbacca
|-supereffective|p1b: Chewbacca|2
|-ability|p1b: Chewbacca|Sturdy
|-damage|p1b: Chewbacca|1/100
|-unboost|p2b: Sharpedo|def|1
|-unboost|p2b: Sharpedo|spd|1
|move|p2a: Scovillain|Super Fang|p1a: Darth Vader
|-damage|p1a: Darth Vader|50/100g
|move|p1a: Darth Vader|Brave Bird|p2a: Scovillain
|-supereffective|p2a: Scovillain|1
|-damage|p2a: Scovillain|0 fnt
|faint|p2a: Scovillain
|-damage|p1a: Darth Vader|22/100|[from] Recoil
|-damage|p1a: Darth Vader|13/100|[from] item: Life Orb
|move|p1b: Chewbacca|Body Press|p2b: Sharpedo
|-supereffective|p2b: Sharpedo|1
|-damage|p2b: Sharpedo|0 fnt
|faint|p2b: Sharpedo
|
|-heal|p1b: Chewbacca|6/100|[from] item: Leftovers
|upkeep
|
|t:|1782266905
|switch|p2b: Floette|Floette-Eternal, L50, F|100/100
|switch|p2a: Meowstic|Meowstic, L50, M|100/100
|turn|2
|
|t:|1782266938
|detailschange|p2b: Floette|Floette-Mega, L50, F
|-mega|p2b: Floette|Floette|Floettite
|-ability|p2b: Floette|Fairy Aura
|move|p2a: Meowstic|Fake Out|p1a: Darth Vader
|-resisted|p1a: Darth Vader|1
|-damage|p1a: Darth Vader|11/100
|move|p1b: Chewbacca|Wide Guard|p1b: Chewbacca
|-singleturn|p1b: Chewbacca|Wide Guard
|move|p2b: Floette|Moonblast|p1a: Darth Vader
|-resisted|p1a: Darth Vader|1
|-damage|p1a: Darth Vader|0 fnt
|faint|p1a: Darth Vader
|
|-heal|p1b: Chewbacca|12/100|[from] item: Leftovers
|upkeep
|
|t:|1782266977
|switch|p1a: R2-D2|Vanilluxe, L50, F|100/100
|-weather|Snowscape|[from] ability: Snow Warning|[of] p1a: R2-D2
|turn|3
|j| frosteefromyt
|
|t:|1782266993
|move|p2b: Floette|Protect|p2b: Floette
|-singleturn|p2b: Floette|Protect
|move|p2a: Meowstic|Rain Dance|p2a: Meowstic
|-weather|RainDance
|move|p1a: R2-D2|Flash Cannon|p2b: Floette
|-activate|p2b: Floette|move: Protect
|move|p1b: Chewbacca|Iron Head|p2b: Floette
|-activate|p2b: Floette|move: Protect
|
|-weather|RainDance|[upkeep]
|-heal|p1b: Chewbacca|18/100|[from] item: Leftovers
|upkeep
|turn|4
|
|t:|1782267017
|move|p2a: Meowstic|Thunder Wave|p1b: Chewbacca
|-status|p1b: Chewbacca|par
|move|p1a: R2-D2|Flash Cannon|p2b: Floette
|-supereffective|p2b: Floette|1
|-damage|p2b: Floette|54/100
|move|p2b: Floette|Moonblast|p1a: R2-D2
|-damage|p1a: R2-D2|16/100
|move|p1b: Chewbacca|Iron Head|p2b: Floette
|-supereffective|p2b: Floette|1
|-damage|p2b: Floette|0 fnt
|faint|p2b: Floette
|
|-weather|RainDance|[upkeep]
|-heal|p1b: Chewbacca|24/100 par|[from] item: Leftovers
|upkeep
|turn|5
|
|t:|1782267039
|move|p2a: Meowstic|Thunder Wave|p1a: R2-D2
|-status|p1a: R2-D2|par
|move|p1a: R2-D2|Flash Cannon|p2a: Meowstic
|-damage|p2a: Meowstic|79/100
|move|p1b: Chewbacca|Foul Play|p2a: Meowstic
|-supereffective|p2a: Meowstic|1
|-damage|p2a: Meowstic|49/100
|
|-weather|RainDance|[upkeep]
|-heal|p1b: Chewbacca|30/100 par|[from] item: Leftovers
|upkeep
|turn|6
|c|â˜†Geauxing2anfield|I played this game REALLY poorly smh
|c|â˜†Geauxing2anfield|gg
|
|t:|1782267059
|cant|p1a: R2-D2|par
|move|p1b: Chewbacca|Iron Head|p2a: Meowstic
|-damage|p2a: Meowstic|14/100
|move|p2a: Meowstic|Trick Room|p2a: Meowstic
|-fieldstart|move: Trick Room|[of] p2a: Meowstic
|
|-weather|RainDance|[upkeep]
|-heal|p1b: Chewbacca|36/100 par|[from] item: Leftovers
|upkeep
|turn|7
|
|t:|1782267069
|move|p1b: Chewbacca|Iron Head|p2a: Meowstic
|-damage|p2a: Meowstic|0 fnt
|faint|p2a: Meowstic
|
|win|fubaguy
|c|â˜†fubaguy|ggwp
|c|â˜†fubaguy|you got unlucky in game 1 with 2 misses
|l| frosteefromyt
|c|â˜†Geauxing2anfield|Yeah. Great prep on your end though without doubt
|l|â˜†Geauxing2anfield
|player|p2|
|c|â˜†fubaguy|thank you  appreciate it bastiodon has been big for 3 points for far
