|j|☆SimonStork
|j|☆LeonardPlayz
|html|SimonStorkLeonardPlayz    
|uhtml|bestof|Game 2 of a best-of-3
|t:|1783597963
|gametype|doubles
|player|p1|SimonStork|169|1148
|player|p2|LeonardPlayz|hilbert-wonderlauncher|1110
|gen|9
|tier|[Gen 9 Champions] VGC 2026 Reg M-B (Bo3)
|rated|
|rule|Species Clause: Limit one of each Pokémon
|rule|Item Clause: Limit 1 of each item
|clearpoke
|poke|p1|Maushold-Four, L50|
|poke|p1|Annihilape, L50, F|
|poke|p1|Swampert, L50, M|
|poke|p1|Gholdengo, L50|
|poke|p1|Archaludon, L50, M|
|poke|p1|Pelipper, L50, F|
|poke|p2|Aerodactyl, L50, M|
|poke|p2|Sceptile, L50, F|
|poke|p2|Rotom-Wash, L50|
|poke|p2|Mamoswine, L50, F|
|poke|p2|Gholdengo, L50|
|poke|p2|Grimmsnarl, L50, M|
|teampreview|4
|showteam|p1|Maushold-Four||WideLens|Technician|PopulationBomb,FollowMe,TidyUp,BeatUp|Jolly|||||50|]Annihilape||SitrusBerry|Defiant|DrainPunch,RageFist,Protect,RockSlide|Jolly||F|||50|]Swampert||Swampertite|Torrent|HighHorsepower,WaveCrash,Protect,BulkUp|Jolly||M|||50|]Gholdengo||ChoiceScarf|GoodasGold|MakeItRain,ShadowBall,NastyPlot,Trick|Modest|||||50|]Archaludon||Leftovers|Stamina|DragonPulse,FlashCannon,ElectroShot,Protect|Calm||M|||50|]Pelipper||ShellBell|Drizzle|Hurricane,WeatherBall,Tailwind,Protect|Modest||F|||50|
|showteam|p2|Aerodactyl||Aerodactylite|Unnerve|Tailwind,RockSlide,DualWingbeat,Protect|Jolly||M|||50|]Sceptile||Sceptilite|Overgrow|GigaDrain,DragonPulse,EarthPower,Protect|Timid||F|||50|]Rotom-Wash||ChoiceScarf|Levitate|HydroPump,Thunderbolt,Discharge,VoltSwitch|Timid|||||50|]Mamoswine||LifeOrb|Oblivious|IceShard,HighHorsepower,RockSlide,Protect|Adamant||F|||50|]Gholdengo||MetalCoat|GoodasGold|MakeItRain,ShadowBall,NastyPlot,Protect|Modest|||||50|]Grimmsnarl||LightClay|Prankster|FakeOut,Reflect,FoulPlay,PartingShot|Impish||M|||50|
|inactive|Battle timer is ON: inactive players will automatically lose when time's up. (requested by LeonardPlayz)
|inactive|LeonardPlayz has 60 seconds left.
|
|t:|1783598002
|teamsize|p1|4
|teamsize|p2|4
|start
|switch|p1a: Swampert|Swampert, L50, M|100/100
|switch|p1b: Pelipper|Pelipper, L50, F|100/100
|switch|p2a: Sceptile|Sceptile, L50, F|100/100
|switch|p2b: Rotom|Rotom-Wash, L50|100/100
|-weather|RainDance|[from] ability: Drizzle|[of] p1b: Pelipper
|turn|1
|inactive|SimonStork has 30 seconds left.
|
|t:|1783598035
|switch|p1a: Archaludon|Archaludon, L50, M|100/100
|detailschange|p2a: Sceptile|Sceptile-Mega, L50, F
|-mega|p2a: Sceptile|Sceptile|Sceptilite
|move|p1b: Pelipper|Protect|p1b: Pelipper
|-singleturn|p1b: Pelipper|Protect
|move|p2b: Rotom|Discharge|p1b: Pelipper|[spread] p1a
|-activate|p1b: Pelipper|move: Protect
|-ability|p2a: Sceptile|Lightning Rod|boost
|-boost|p2a: Sceptile|spa|1
|-resisted|p1a: Archaludon|1
|-damage|p1a: Archaludon|89/100
|-ability|p1a: Archaludon|Stamina|boost
|-boost|p1a: Archaludon|def|1
|move|p2a: Sceptile|Giga Drain|p1b: Pelipper
|-activate|p1b: Pelipper|move: Protect
|
|-weather|RainDance|[upkeep]
|-heal|p1a: Archaludon|95/100|[from] item: Leftovers
|upkeep
|turn|2
|inactive|SimonStork has 30 seconds left.
|
|t:|1783598065
|move|p1a: Archaludon|Protect|p1a: Archaludon
|-singleturn|p1a: Archaludon|Protect
|move|p2b: Rotom|Discharge|p1a: Archaludon|[spread] p1b
|-activate|p1a: Archaludon|move: Protect
|-ability|p2a: Sceptile|Lightning Rod|boost
|-boost|p2a: Sceptile|spa|1
|-supereffective|p1b: Pelipper|2
|-damage|p1b: Pelipper|0 fnt
|faint|p1b: Pelipper
|move|p2a: Sceptile|Earth Power|p1a: Archaludon
|-activate|p1a: Archaludon|move: Protect
|
|-weather|RainDance|[upkeep]
|-heal|p1a: Archaludon|100/100|[from] item: Leftovers
|upkeep
|
|t:|1783598079
|switch|p1b: Swampert|Swampert, L50, M|100/100
|turn|3
|
|t:|1783598097
|detailschange|p1b: Swampert|Swampert-Mega, L50, M
|-mega|p1b: Swampert|Swampert|Swampertite
|move|p1b: Swampert|High Horsepower|p2a: Sceptile
|-resisted|p2a: Sceptile|1
|-damage|p2a: Sceptile|57/100
|move|p2b: Rotom|Discharge|p1b: Swampert|[spread] p1a
|-ability|p2a: Sceptile|Lightning Rod|boost
|-boost|p2a: Sceptile|spa|1
|-immune|p1b: Swampert
|-resisted|p1a: Archaludon|1
|-damage|p1a: Archaludon|87/100
|-ability|p1a: Archaludon|Stamina|boost
|-boost|p1a: Archaludon|def|1
|move|p2a: Sceptile|Earth Power|p1a: Archaludon
|-supereffective|p1a: Archaludon|1
|-damage|p1a: Archaludon|0 fnt
|faint|p1a: Archaludon
|
|-weather|RainDance|[upkeep]
|upkeep
|
|t:|1783598112
|switch|p1a: Gholdengo|Gholdengo, L50|100/100
|turn|4
|
|t:|1783598128
|move|p2a: Sceptile|Protect|p2a: Sceptile
|-singleturn|p2a: Sceptile|Protect
|move|p1b: Swampert|High Horsepower|p2a: Sceptile
|-activate|p2a: Sceptile|move: Protect
|move|p2b: Rotom|Discharge|p1b: Swampert|[spread] p1a
|-activate|p2a: Sceptile|move: Protect
|-immune|p1b: Swampert
|-damage|p1a: Gholdengo|68/100
|move|p1a: Gholdengo|Shadow Ball|p2a: Sceptile
|-activate|p2a: Sceptile|move: Protect
|
|-weather|RainDance|[upkeep]
|upkeep
|turn|5
|
|t:|1783598145
|move|p1b: Swampert|High Horsepower|p2a: Sceptile
|-resisted|p2a: Sceptile|1
|-crit|p2a: Sceptile
|-damage|p2a: Sceptile|0 fnt
|faint|p2a: Sceptile
|move|p2b: Rotom|Discharge|p1b: Swampert|[spread] p1a
|-immune|p1b: Swampert
|-damage|p1a: Gholdengo|38/100
|move|p1a: Gholdengo|Shadow Ball|p2b: Rotom
|-damage|p2b: Rotom|33/100
|-unboost|p2b: Rotom|spd|1
|
|-weather|none
|upkeep
|
|t:|1783598155
|switch|p2a: Mamoswine|Mamoswine, L50, F|100/100
|turn|6
|
|t:|1783598170
|move|p2b: Rotom|Discharge|p1a: Gholdengo|[spread] p1a
|-immune|p2a: Mamoswine
|-immune|p1b: Swampert
|-damage|p1a: Gholdengo|6/100
|-status|p1a: Gholdengo|par
|move|p1b: Swampert|Wave Crash|p2b: Rotom
|-resisted|p2b: Rotom|1
|-damage|p2b: Rotom|0 fnt
|faint|p2b: Rotom
|-damage|p1b: Swampert|92/100|[from] Recoil
|move|p2a: Mamoswine|High Horsepower|p1b: Swampert
|-damage|p1b: Swampert|26/100
|-damage|p2a: Mamoswine|90/100|[from] item: Life Orb
|move|p1a: Gholdengo|Shadow Ball|p2a: Mamoswine
|-damage|p2a: Mamoswine|22/100
|
|upkeep
|
|t:|1783598182
|switch|p2b: Aerodactyl|Aerodactyl, L50, M|100/100
|-ability|p2b: Aerodactyl|Unnerve
|turn|7
|
|t:|1783598192
|move|p2a: Mamoswine|Ice Shard|p1b: Swampert
|-damage|p1b: Swampert|1/100
|-damage|p2a: Mamoswine|12/100|[from] item: Life Orb
|move|p2b: Aerodactyl|Rock Slide|p1a: Gholdengo|[spread] p1a,p1b
|-resisted|p1a: Gholdengo|1
|-resisted|p1b: Swampert|1
|-damage|p1a: Gholdengo|0 fnt
|-damage|p1b: Swampert|0 fnt
|faint|p1a: Gholdengo
|faint|p1b: Swampert
|
|win|LeonardPlayz
||SimonStork is ready for game 3.
||LeonardPlayz is ready for game 3.
|uhtml|next|Next: Game 3 of 3
|l|☆SimonStork
|player|p1|
