|j|☆WASHINGTONGARGACHA
|j|☆laufey#1fan
|html|WASHINGTONGARGACHAlaufey#1fan    
|uhtml|bestof|Game 1 of a best-of-3
|t:|1756529665
|gametype|doubles
|player|p1|WASHINGTONGARGACHA|170|1226
|player|p2|laufey#1fan|lady|1202
|gen|9
|tier|[Gen 9] VGC 2025 Reg H (Bo3)
|rated|
|rule|Species Clause: Limit one of each Pokémon
|rule|Item Clause: Limit 1 of each item
|clearpoke
|poke|p1|Gholdengo, L50|
|poke|p1|Ursaluna, L50, M|
|poke|p1|Archaludon, L50, M|
|poke|p1|Murkrow, L50, M|
|poke|p1|Farigiraf, L50, F|
|poke|p1|Palafin, L50, F|
|poke|p2|Gholdengo, L50|
|poke|p2|Ursaluna-Bloodmoon, L50, M|
|poke|p2|Incineroar, L50, F|
|poke|p2|Maushold-Four, L50|
|poke|p2|Annihilape, L50, M|
|poke|p2|Dragonite, L50, F|
|teampreview|4
|showteam|p1|Gholdengo||LifeOrb|GoodasGold|ShadowBall,MakeItRain,NastyPlot,Protect||||||50|,,,,,Water]Ursaluna||FlameOrb|Guts|Facade,Earthquake,Protect,HeadlongRush|||M|||50|,,,,,Ghost]Archaludon||PowerHerb|Stamina|ElectroShot,FlashCannon,DracoMeteor,Protect|||M|||50|,,,,,Grass]Murkrow||Eviolite|Prankster|Tailwind,RainDance,FoulPlay,Haze|||M|||50|,,,,,Dark]Farigiraf||ThroatSpray|ArmorTail|HyperVoice,TrickRoom,Psychic,Protect|||F|||50|,,,,,Fairy]Palafin||MysticWater|ZerotoHero|FlipTurn,Protect,JetPunch,WaveCrash|||F|||50|,,,,,Water
|showteam|p2|Gholdengo||LifeOrb|GoodasGold|MakeItRain,NastyPlot,ShadowBall,Protect||||||50|,,,,,Water]Ursaluna-Bloodmoon||AssaultVest|MindsEye|BloodMoon,EarthPower,HyperVoice,VacuumWave|||M|||50|,,,,,Water]Incineroar||SafetyGoggles|Intimidate|FakeOut,FlareBlitz,PartingShot,KnockOff|||F|||50|,,,,,Ghost]Maushold-Four||FocusSash|FriendGuard|SuperFang,FollowMe,BeatUp,Protect||||||50|,,,,,Grass]Annihilape||SitrusBerry|Defiant|DrainPunch,BulkUp,RageFist,Protect|||M|||50|,,,,,Fire]Dragonite||LoadedDice|Multiscale|ScaleShot,ExtremeSpeed,Protect,Tailwind|||F|||50|,,,,,Fairy
|inactive|Battle timer is ON: inactive players will automatically lose when time's up. (requested by laufey#1fan)
|j| bcoffey1010
|l| bcoffey1010
|
|t:|1756529723
|teamsize|p1|4
|teamsize|p2|4
|start
|switch|p1a: Farigiraf|Farigiraf, L50, F|100/100
|switch|p1b: Palafin|Palafin, L50, F|100/100
|switch|p2a: Sabotage|Annihilape, L50, M, shiny|100/100
|switch|p2b: Carousel|Maushold-Four, L50|100/100
|turn|1
|inactive|WASHINGTONGARGACHA has 30 seconds left.
|
|t:|1756529751
|move|p2b: Carousel|Beat Up|p2a: Sabotage
|-damage|p2a: Sabotage|98/100
|-damage|p2a: Sabotage|96/100
|-damage|p2a: Sabotage|94/100
|-damage|p2a: Sabotage|92/100
|-hitcount|p2a: Sabotage|4
|move|p1b: Palafin|Flip Turn|p2a: Sabotage
|-damage|p2a: Sabotage|72/100
|
|t:|1756529768
|detailschange|p1b: Palafin|Palafin-Hero, L50, F
|switch|p1b: Ursaluna|Ursaluna, L50, M|100/100|[from] Flip Turn
|move|p2a: Sabotage|Bulk Up|p2a: Sabotage
|-boost|p2a: Sabotage|atk|1
|-boost|p2a: Sabotage|def|1
|move|p1a: Farigiraf|Psychic|p2a: Sabotage
|-supereffective|p2a: Sabotage
|-damage|p2a: Sabotage|20/100
|-enditem|p2a: Sabotage|Sitrus Berry|[eat]
|-heal|p2a: Sabotage|45/100|[from] item: Sitrus Berry
|
|-status|p1b: Ursaluna|brn|[from] item: Flame Orb
|upkeep
|turn|2
|inactive|WASHINGTONGARGACHA has 30 seconds left.
|inactive|laufey#1fan has 30 seconds left.
|inactive|WASHINGTONGARGACHA has 20 seconds left.
|
|t:|1756529805
|move|p1a: Farigiraf|Protect|p1a: Farigiraf
|-singleturn|p1a: Farigiraf|Protect
|move|p2b: Carousel|Super Fang|p1a: Farigiraf
|-activate|p1a: Farigiraf|move: Protect
|move|p2a: Sabotage|Drain Punch|p1a: Farigiraf
|-activate|p1a: Farigiraf|move: Protect
|move|p1b: Ursaluna|Earthquake|p2b: Carousel|[spread] p2a,p2b
|-activate|p1a: Farigiraf|move: Protect
|-damage|p2a: Sabotage|14/100
|-damage|p2b: Carousel|17/100
|
|-damage|p1b: Ursaluna|94/100 brn|[from] brn
|upkeep
|turn|3
|inactive|WASHINGTONGARGACHA has 30 seconds left.
|inactive|WASHINGTONGARGACHA has 20 seconds left.
|inactive|WASHINGTONGARGACHA has 15 seconds left.
|
|t:|1756529846
|-terastallize|p1b: Ursaluna|Ghost
|move|p2b: Carousel|Super Fang|p1a: Farigiraf
|-damage|p1a: Farigiraf|51/100
|move|p2a: Sabotage|Drain Punch|p1a: Farigiraf
|-damage|p1a: Farigiraf|0 fnt
|-heal|p2a: Sabotage|39/100|[from] drain|[of] p1a: Farigiraf
|faint|p1a: Farigiraf
|move|p1b: Ursaluna|Headlong Rush|p2a: Sabotage
|-damage|p2a: Sabotage|0 fnt
|-unboost|p1b: Ursaluna|def|1
|-unboost|p1b: Ursaluna|spd|1
|faint|p2a: Sabotage
|
|-damage|p1b: Ursaluna|88/100 brn|[from] brn
|upkeep
|inactive|WASHINGTONGARGACHA has 30 seconds left.
|
|t:|1756529873
|switch|p2a: Snow white|Incineroar, L50, F, shiny|100/100
|switch|p1a: Archaludon|Archaludon, L50, M|100/100
|-ability|p2a: Snow white|Intimidate|boost
|-unboost|p1a: Archaludon|atk|1
|-unboost|p1b: Ursaluna|atk|1
|turn|4
|inactive|laufey#1fan has 30 seconds left.
|inactive|laufey#1fan has 20 seconds left.
|inactive|WASHINGTONGARGACHA has 30 seconds left.
|inactive|laufey#1fan has 15 seconds left.
|inactive|laufey#1fan has 10 seconds left.
|inactive|laufey#1fan has 5 seconds left.
|
|t:|1756529927
|move|p2a: Snow white|Fake Out|p1a: Archaludon
|-resisted|p1a: Archaludon
|-damage|p1a: Archaludon|96/100
|-ability|p1a: Archaludon|Stamina|boost
|-boost|p1a: Archaludon|def|1
|move|p2b: Carousel|Super Fang|p1a: Archaludon
|-damage|p1a: Archaludon|48/100
|-ability|p1a: Archaludon|Stamina|boost
|-boost|p1a: Archaludon|def|1
|cant|p1a: Archaludon|flinch
|move|p1b: Ursaluna|Headlong Rush|p2a: Snow white
|-supereffective|p2a: Snow white
|-damage|p2a: Snow white|0 fnt
|-unboost|p1b: Ursaluna|def|1
|-unboost|p1b: Ursaluna|spd|1
|faint|p2a: Snow white
|
|-damage|p1b: Ursaluna|82/100 brn|[from] brn
|upkeep
|
|t:|1756529938
|switch|p2a: Mr.Eclectic|Ursaluna-Bloodmoon, L50, M|100/100
|turn|5
|
|t:|1756529963
|move|p2b: Carousel|Protect|p2b: Carousel
|-singleturn|p2b: Carousel|Protect
|move|p1a: Archaludon|Flash Cannon|p2b: Carousel
|-activate|p2b: Carousel|move: Protect
|move|p1b: Ursaluna|Headlong Rush|p2b: Carousel
|-activate|p2b: Carousel|move: Protect
|move|p2a: Mr.Eclectic|Hyper Voice|p1b: Ursaluna|[spread] p1a,p1b
|-resisted|p1a: Archaludon
|-crit|p1b: Ursaluna
|-damage|p1a: Archaludon|20/100
|-damage|p1b: Ursaluna|0 fnt
|-ability|p1a: Archaludon|Stamina|boost
|-boost|p1a: Archaludon|def|1
|faint|p1b: Ursaluna
|
|upkeep
|
|t:|1756529975
|switch|p1b: Palafin|Palafin-Hero, L50, F|100/100
|-activate|p1b: Palafin|ability: Zero to Hero
|turn|6
|
|t:|1756529988
|-terastallize|p2a: Mr.Eclectic|Water
|move|p1b: Palafin|Jet Punch|p2b: Carousel
|-damage|p2b: Carousel|0 fnt
|faint|p2b: Carousel
|move|p1a: Archaludon|Draco Meteor|p2a: Mr.Eclectic
|-damage|p2a: Mr.Eclectic|57/100
|-unboost|p1a: Archaludon|spa|2
|move|p2a: Mr.Eclectic|Earth Power|p1a: Archaludon
|-supereffective|p1a: Archaludon
|-damage|p1a: Archaludon|0 fnt
|faint|p1a: Archaludon
|
|upkeep
|turn|7
|
|t:|1756530010
|move|p1b: Palafin|Jet Punch|p2a: Mr.Eclectic
|-resisted|p2a: Mr.Eclectic
|-crit|p2a: Mr.Eclectic
|-damage|p2a: Mr.Eclectic|31/100
|move|p2a: Mr.Eclectic|Blood Moon|p1b: Palafin
|-damage|p1b: Palafin|12/100
|
|upkeep
|turn|8
|
|t:|1756530020
|move|p2a: Mr.Eclectic|Vacuum Wave|p1b: Palafin
|-damage|p1b: Palafin|0 fnt
|faint|p1b: Palafin
|
|win|laufey#1fan
||laufey#1fan is ready for game 2.
||WASHINGTONGARGACHA is ready for game 2.
|uhtml|next|Next: Game 2 of 3
|l|☆WASHINGTONGARGACHA
|player|p1|
