|j|☆camala64
|j|☆Allmightpalafin
|html|camala64Allmightpalafin    
|uhtml|bestof|Game 1 of a best-of-3
|t:|1785774258
|gametype|doubles
|player|p1|camala64|lance-masters2|
|player|p2|Allmightpalafin|misty|
|gen|9
|tier|[Gen 9 Champions] VGC 2026 Reg M-B (Bo3)
|rule|Species Clause: Limit one of each Pokémon
|rule|Item Clause: Limit 1 of each item
|clearpoke
|poke|p1|Glimmora, L50, F, shiny|
|poke|p1|Ninetales-Alola, L50, F, shiny|
|poke|p1|Kommo-o, L50, F, shiny|
|poke|p1|Incineroar, L50, F|
|poke|p1|Sinistcha-Masterpiece, L50, shiny|
|poke|p1|Mawile, L50, M, shiny|
|poke|p2|Charizard, L50, F, shiny|
|poke|p2|Farigiraf, L50, M, shiny|
|poke|p2|Sylveon, L50, F, shiny|
|poke|p2|Lycanroc-Dusk, L50, F|
|poke|p2|Drampa, L50, F|
|poke|p2|Whimsicott, L50, F|
|teampreview|4
|showteam|p1|Glimmora||Glimmoranite|ToxicDebris|PowerGem,SludgeBomb,EarthPower,SpikyShield|Timid||F|||50|]Ninetales-Alola||FocusSash|SnowWarning|Blizzard,FreezeDry,AuroraVeil,Protect|Timid||F|||50|]Kommo-o||LifeOrb|Soundproof|AuraSphere,ClangingScales,ClangorousSoul,Protect|Modest||F|||50|]Incineroar||SitrusBerry|Intimidate|FakeOut,FlareBlitz,PartingShot,DarkestLariat|Adamant||F|||50|]Sinistcha-Masterpiece||KasibBerry|Hospitality|MatchaGotcha,RagePowder,TrickRoom,Protect|Bold|||||50|]Mawile||Mawilite|Intimidate|PlayRough,SuckerPunch,SwordsDance,Protect|Brave||M|||50|
|showteam|p2|Charizard||CharizarditeY|Blaze|HeatWave,WeatherBall,SolarBeam,Protect|Bold||F|||50|]Farigiraf||SitrusBerry|ArmorTail|TrickRoom,Thunderbolt,HelpingHand,Psychic|Bold||M|||50|]Sylveon||FairyFeather|Pixilate|HyperVoice,QuickAttack,Detect,HyperBeam|Quiet||F|||50|]Lycanroc-Dusk||FocusSash|ToughClaws|CloseCombat,Accelerock,Protect,RockSlide|Jolly||F|||50|]Drampa||Drampanite|CloudNine|HyperVoice,CalmMind,Flamethrower,Protect|Quiet||F|||50|]Whimsicott||OccaBerry|Prankster|Moonblast,Tailwind,Protect,Encore|Timid||F|||50|
|c|☆camala64|Glhf
|c|☆Allmightpalafin|Glhf
|
|t:|1785774352
|teamsize|p1|4
|teamsize|p2|4
|start
|switch|p1a: Glimmora|Glimmora, L50, F, shiny|100/100
|switch|p1b: Incineroar|Incineroar, L50, F|100/100
|switch|p2a: Sylveon|Sylveon, L50, F, shiny|100/100
|switch|p2b: Farigiraf|Farigiraf, L50, M, shiny|100/100
|-ability|p1b: Incineroar|Intimidate|boost
|-unboost|p2a: Sylveon|atk|1
|-unboost|p2b: Farigiraf|atk|1
|turn|1
|
|t:|1785774380
|detailschange|p1a: Glimmora|Glimmora-Mega, L50, F, shiny
|-mega|p1a: Glimmora|Glimmora|Glimmoranite
|move|p1a: Glimmora|Sludge Bomb|p2a: Sylveon
|-supereffective|p2a: Sylveon|1
|-damage|p2a: Sylveon|0 fnt
|faint|p2a: Sylveon
|move|p1b: Incineroar|Parting Shot|p2b: Farigiraf
|-unboost|p2b: Farigiraf|atk|1
|-unboost|p2b: Farigiraf|spa|1
|
|t:|1785774394
|switch|p1b: Kommo-o|Kommo-o, L50, F, shiny|100/100|[from] Parting Shot
|move|p2b: Farigiraf|Psychic|p1a: Glimmora
|-supereffective|p1a: Glimmora|1
|-damage|p1a: Glimmora|54/100
|
|upkeep
|
|t:|1785774400
|switch|p2a: Lycanroc|Lycanroc-Dusk, L50, F|100/100
|turn|2
|
|t:|1785774414
|switch|p1a: Incineroar|Incineroar, L50, F|100/100
|-ability|p1a: Incineroar|Intimidate|boost
|-unboost|p2a: Lycanroc|atk|1
|-unboost|p2b: Farigiraf|atk|1
|move|p2a: Lycanroc|Close Combat|p1a: Incineroar
|-supereffective|p1a: Incineroar|1
|-crit|p1a: Incineroar
|-damage|p1a: Incineroar|0 fnt
|-unboost|p2a: Lycanroc|def|1
|-unboost|p2a: Lycanroc|spd|1
|faint|p1a: Incineroar
|move|p1b: Kommo-o|Clanging Scales|p2b: Farigiraf|[spread] p2a,p2b
|-enditem|p2a: Lycanroc|Focus Sash
|-damage|p2a: Lycanroc|1/100
|-damage|p2b: Farigiraf|49/100
|-enditem|p2b: Farigiraf|Sitrus Berry|[eat]
|-heal|p2b: Farigiraf|74/100|[from] item: Sitrus Berry
|-unboost|p1b: Kommo-o|def|1
|-damage|p1b: Kommo-o|90/100|[from] item: Life Orb
|move|p2b: Farigiraf|Trick Room|p2b: Farigiraf
|-fieldstart|move: Trick Room|[of] p2b: Farigiraf
|
|upkeep
|
|t:|1785774439
|switch|p1a: Ninetales|Ninetales-Alola, L50, F, shiny|100/100
|-weather|Snowscape|[from] ability: Snow Warning|[of] p1a: Ninetales
|turn|3
|
|t:|1785774456
|switch|p2b: Drampa|Drampa, L50, F|100/100
|-ability|p2b: Drampa|Cloud Nine
|move|p2a: Lycanroc|Accelerock|p1a: Ninetales
|-supereffective|p1a: Ninetales|1
|-damage|p1a: Ninetales|48/100
|move|p1b: Kommo-o|Clanging Scales|p2b: Drampa|[spread] p2a,p2b
|-supereffective|p2b: Drampa|1
|-damage|p2a: Lycanroc|0 fnt
|-damage|p2b: Drampa|0 fnt
|faint|p2a: Lycanroc
|faint|p2b: Drampa
|-unboost|p1b: Kommo-o|def|1
|-damage|p1b: Kommo-o|80/100|[from] item: Life Orb
|move|p1a: Ninetales|Blizzard|p2: Lycanroc|[notarget]
|-fail|p1a: Ninetales
|
|-weather|Snowscape|[upkeep]
|upkeep
|
|t:|1785774472
|switch|p2b: Farigiraf|Farigiraf, L50, M, shiny|74/100
|turn|4
|
|t:|1785774480
|move|p1b: Kommo-o|Protect|p1b: Kommo-o
|-singleturn|p1b: Kommo-o|Protect
|move|p1a: Ninetales|Protect|p1a: Ninetales
|-singleturn|p1a: Ninetales|Protect
|move|p2b: Farigiraf|Psychic|p1b: Kommo-o
|-activate|p1b: Kommo-o|move: Protect
|
|-weather|Snowscape|[upkeep]
|upkeep
|turn|5
|
|t:|1785774493
|move|p2b: Farigiraf|Psychic|p1b: Kommo-o
|-supereffective|p1b: Kommo-o|1
|-damage|p1b: Kommo-o|0 fnt
|faint|p1b: Kommo-o
|move|p1a: Ninetales|Blizzard|p2b: Farigiraf
|-damage|p2b: Farigiraf|31/100
|
|-weather|Snowscape|[upkeep]
|upkeep
|
|t:|1785774499
|switch|p1b: Glimmora|Glimmora-Mega, L50, F, shiny|54/100
|turn|6
|
|t:|1785774503
|move|p1b: Glimmora|Spiky Shield|p1b: Glimmora
|-singleturn|p1b: Glimmora|move: Protect
|move|p1a: Ninetales|Protect|p1a: Ninetales
|-singleturn|p1a: Ninetales|Protect
|move|p2b: Farigiraf|Psychic|p1a: Ninetales
|-activate|p1a: Ninetales|move: Protect
|
|-weather|Snowscape|[upkeep]
|-fieldend|move: Trick Room
|upkeep
|turn|7
|
|t:|1785774512
|move|p1a: Ninetales|Blizzard|p2b: Farigiraf
|-damage|p2b: Farigiraf|0 fnt
|faint|p2b: Farigiraf
|
|win|camala64
||Allmightpalafin is ready for game 2.
||camala64 is ready for game 2.
|uhtml|next|Next: Game 2 of 3
