|j|☆ShinySkdor
|j|☆MarillRag1
|html|ShinySkdorMarillRag1    
|uhtml|bestof|Game 2 of a best-of-3
|t:|1786017182
|gametype|doubles
|player|p1|ShinySkdor|red|1122
|player|p2|MarillRag1|265|1219
|gen|9
|tier|[Gen 9 Champions] VGC 2026 Reg M-B (Bo3)
|rated|
|rule|Species Clause: Limit one of each Pokémon
|rule|Item Clause: Limit 1 of each item
|clearpoke
|poke|p1|Charizard, L50, F|
|poke|p1|Grimmsnarl, L50, M|
|poke|p1|Pelipper, L50, F|
|poke|p1|Archaludon, L50, M|
|poke|p1|Basculegion, L50, M|
|poke|p1|Venusaur, L50, M|
|poke|p2|Charizard, L50, F|
|poke|p2|Venusaur, L50, M|
|poke|p2|Pelipper, L50, F|
|poke|p2|Grimmsnarl, L50, M|
|poke|p2|Archaludon, L50, F|
|poke|p2|Swampert, L50, M|
|teampreview|4
|showteam|p1|Charizard||CharizarditeY|Blaze|Protect,HeatWave,WeatherBall,SolarBeam|Modest||F|||50|]Grimmsnarl||LightClay|Prankster|SpiritBreak,Reflect,LightScreen,PartingShot|Sassy||M|||50|]Pelipper||SitrusBerry|Drizzle|Hurricane,WeatherBall,Tailwind,WideGuard|Modest||F|||50|]Archaludon||Leftovers|Stamina|Protect,ElectroShot,DragonPulse,FlashCannon|Calm||M|||50|]Basculegion||ChoiceScarf|Adaptability|FlipTurn,WaveCrash,AquaJet,LastRespects|Jolly||M|||50|]Venusaur||FocusSash|Chlorophyll|Protect,SleepPowder,SludgeBomb,EarthPower|Modest||M|||50|
|showteam|p2|Charizard||CharizarditeY|Blaze|Protect,HeatWave,Hurricane,WeatherBall|Modest||F|||50|]Venusaur||FocusSash|Chlorophyll|Protect,LeafStorm,SludgeBomb,SleepPowder|Modest||M|||50|]Pelipper||SitrusBerry|Drizzle|Hurricane,WeatherBall,WideGuard,Tailwind|Modest||F|||50|]Grimmsnarl||LightClay|Prankster|SpiritBreak,LightScreen,PartingShot,Reflect|Sassy||M|||50|]Archaludon||Leftovers|Stamina|Protect,ElectroShot,DragonPulse,FlashCannon|Calm||F|||50|]Swampert||Swampertite|Torrent|Protect,WaveCrash,Earthquake,IcePunch|Adamant||M|||50|
|inactive|Battle timer is ON: inactive players will automatically lose when time's up. (requested by MarillRag1)
|
|t:|1786017260
|teamsize|p1|4
|teamsize|p2|4
|start
|switch|p1a: Charizard|Charizard, L50, F|100/100
|switch|p1b: Venusaur|Venusaur, L50, M|100/100
|switch|p2a: Swampert|Swampert, L50, M|100/100
|switch|p2b: Grimmsnarl|Grimmsnarl, L50, M|100/100
|turn|1
|inactive|MarillRag1 has 30 seconds left.
|
|t:|1786017291
|detailschange|p1a: Charizard|Charizard-Mega-Y, L50, F
|-mega|p1a: Charizard|Charizard|Charizardite Y
|-weather|SunnyDay|[from] ability: Drought|[of] p1a: Charizard
|detailschange|p2a: Swampert|Swampert-Mega, L50, M
|-mega|p2a: Swampert|Swampert|Swampertite
|move|p2b: Grimmsnarl|Parting Shot|p1a: Charizard
|-unboost|p1a: Charizard|atk|1
|-unboost|p1a: Charizard|spa|1
|
|t:|1786017299
|switch|p2b: Pelipper|Pelipper, L50, F|100/100|[from] Parting Shot
|-weather|RainDance|[from] ability: Drizzle|[of] p2b: Pelipper
|move|p2a: Swampert|Ice Punch|p1b: Venusaur
|-supereffective|p1b: Venusaur|1
|-crit|p1b: Venusaur
|-enditem|p1b: Venusaur|Focus Sash
|-damage|p1b: Venusaur|1/100
|-status|p1b: Venusaur|frz
|move|p1a: Charizard|Weather Ball|p2b: Pelipper
|-resisted|p2b: Pelipper|1
|-damage|p2b: Pelipper|72/100
|cant|p1b: Venusaur|frz
|
|-weather|RainDance|[upkeep]
|upkeep
|turn|2
|
|t:|1786017323
|switch|p1b: Basculegion|Basculegion, L50, M|100/100
|move|p1a: Charizard|Protect|p1a: Charizard
|-singleturn|p1a: Charizard|Protect
|move|p2a: Swampert|Earthquake|p1b: Basculegion|[spread] p1b
|-activate|p1a: Charizard|move: Protect
|-immune|p2b: Pelipper
|-damage|p1b: Basculegion|35/100
|move|p2b: Pelipper|Weather Ball|p1a: Charizard
|-activate|p1a: Charizard|move: Protect
|
|-weather|RainDance|[upkeep]
|upkeep
|turn|3
|
|t:|1786017341
|switch|p1a: Grimmsnarl|Grimmsnarl, L50, M|100/100
|move|p2a: Swampert|Earthquake|p1b: Basculegion|[spread] p1a,p1b
|-immune|p2b: Pelipper
|-damage|p1a: Grimmsnarl|48/100
|-damage|p1b: Basculegion|0 fnt
|faint|p1b: Basculegion
|move|p2b: Pelipper|Weather Ball|p1a: Grimmsnarl
|-damage|p1a: Grimmsnarl|0 fnt
|faint|p1a: Grimmsnarl
|
|-weather|RainDance|[upkeep]
|upkeep
|
|t:|1786017348
|switch|p1b: Venusaur|Venusaur, L50, M|1/100 frz
|switch|p1a: Charizard|Charizard-Mega-Y, L50, F|100/100
|-weather|SunnyDay|[from] ability: Drought|[of] p1a: Charizard
|turn|4
|
|t:|1786017358
|switch|p2b: Grimmsnarl|Grimmsnarl, L50, M|100/100
|move|p2a: Swampert|Protect|p2a: Swampert
|-singleturn|p2a: Swampert|Protect
|-curestatus|p1b: Venusaur|frz|[msg]
|move|p1b: Venusaur|Sleep Powder|p2b: Grimmsnarl
|-status|p2b: Grimmsnarl|slp|[from] move: Sleep Powder
|move|p1a: Charizard|Solar Beam||[still]
|-prepare|p1a: Charizard|Solar Beam
|-anim|p1a: Charizard|Solar Beam|p2a: Swampert
|-activate|p2a: Swampert|move: Protect
|
|-weather|SunnyDay|[upkeep]
|upkeep
|turn|5
|
|t:|1786017376
|switch|p2b: Pelipper|Pelipper, L50, F|72/100
|-weather|RainDance|[from] ability: Drizzle|[of] p2b: Pelipper
|move|p2a: Swampert|Ice Punch|p1b: Venusaur
|-supereffective|p1b: Venusaur|1
|-damage|p1b: Venusaur|0 fnt
|faint|p1b: Venusaur
|move|p1a: Charizard|Solar Beam||[still]
|-prepare|p1a: Charizard|Solar Beam
|
|-weather|RainDance|[upkeep]
|upkeep
|turn|6
|
|t:|1786017382
|move|p2a: Swampert|Protect|p2a: Swampert
|-singleturn|p2a: Swampert|Protect
|move|p1a: Charizard|Solar Beam|p2a: Swampert|[from] lockedmove
|-activate|p2a: Swampert|move: Protect
|move|p2b: Pelipper|Weather Ball|p1a: Charizard
|-supereffective|p1a: Charizard|1
|-damage|p1a: Charizard|0 fnt
|faint|p1a: Charizard
|
|win|MarillRag1
|raw|ShinySkdor's rating: 1122 → 1104(-18 for losing)
|raw|MarillRag1's rating: 1219 → 1237(+18 for winning)
|l|☆ShinySkdor
|player|p1|
