|j|☆Inkerious
|j|☆Plopy14
|html|InkeriousPlopy14    
|uhtml|bestof|Game 2 of a best-of-3
|t:|1785978248
|gametype|doubles
|player|p1|Inkerious|102|1143
|player|p2|Plopy14|bugcatcher|1246
|gen|9
|tier|[Gen 9 Champions] VGC 2026 Reg M-B (Bo3)
|rated|
|rule|Species Clause: Limit one of each Pokémon
|rule|Item Clause: Limit 1 of each item
|clearpoke
|poke|p1|Gholdengo, L50|
|poke|p1|Tyranitar, L50, M|
|poke|p1|Excadrill, L50, F|
|poke|p1|Milotic, L50, M|
|poke|p1|Staraptor, L50, F|
|poke|p1|Sinistcha, L50|
|poke|p2|Floette-Eternal, L50, F|
|poke|p2|Incineroar, L50, M|
|poke|p2|Sneasler, L50, F|
|poke|p2|Kingambit, L50, M|
|poke|p2|Sinistcha, L50|
|poke|p2|Delphox, L50, M|
|teampreview|4
|showteam|p1|Gholdengo||LifeOrb|GoodasGold|MakeItRain,ShadowBall,NastyPlot,Protect|Modest|||||50|]Tyranitar||Tyranitarite|SandStream|RockSlide,KnockOff,HighHorsepower,Protect|Jolly||M|||50|]Excadrill||FocusSash|SandRush|IronHead,HighHorsepower,RockSlide,Protect|Jolly||F|||50|]Milotic||SitrusBerry|Competitive|Scald,IcyWind,Haze,Protect|Calm||M|||50|]Staraptor||Staraptite|Intimidate|CloseCombat,BraveBird,Tailwind,Protect|Jolly||F|||50|]Sinistcha||ColburBerry|Hospitality|MatchaGotcha,ShadowBall,RagePowder,Protect|Bold|||||50|
|showteam|p2|Floette-Eternal||Floettite|FlowerVeil|DazzlingGleam,Moonblast,CalmMind,Protect|Modest||F|||50|]Incineroar||SitrusBerry|Intimidate|FakeOut,FlareBlitz,HelpingHand,PartingShot|Careful||M|||50|]Sneasler||FocusSash|PoisonTouch|FakeOut,PoisonJab,CloseCombat,QuickGuard|Jolly||F|||50|]Kingambit||BlackGlasses|Defiant|KowtowCleave,SuckerPunch,SwordsDance,Protect|Adamant||M|||50|]Sinistcha||OccaBerry|Hospitality|MatchaGotcha,RagePowder,TrickRoom,Protect|Bold|||||50|]Delphox||Delphoxite|Blaze|HeatWave,Psyshock,NastyPlot,Protect|Timid||M|||50|
|inactive|Battle timer is ON: inactive players will automatically lose when time's up. (requested by Inkerious)
|inactive|Inkerious has 60 seconds left.
|inactive|Plopy14 has 60 seconds left.
|j| dman12352
|
|t:|1785978302
|teamsize|p1|4
|teamsize|p2|4
|start
|switch|p1a: Staraptor|Staraptor, L50, F|100/100
|switch|p1b: Tyranitar|Tyranitar, L50, M|100/100
|switch|p2a: Floette|Floette-Eternal, L50, F|100/100
|switch|p2b: Incineroar|Incineroar, L50, M|100/100
|-ability|p1a: Staraptor|Intimidate|boost
|-unboost|p2a: Floette|atk|1
|-unboost|p2b: Incineroar|atk|1
|-weather|Sandstorm|[from] ability: Sand Stream|[of] p1b: Tyranitar
|-ability|p2b: Incineroar|Intimidate|boost
|-unboost|p1a: Staraptor|atk|1
|-unboost|p1b: Tyranitar|atk|1
|turn|1
|inactive|Inkerious has 30 seconds left.
|inactive|Inkerious has 20 seconds left.
|
|t:|1785978341
|detailschange|p2a: Floette|Floette-Mega, L50, F
|-mega|p2a: Floette|Floette|Floettite
|-ability|p2a: Floette|Fairy Aura
|detailschange|p1b: Tyranitar|Tyranitar-Mega, L50, M
|-mega|p1b: Tyranitar|Tyranitar|Tyranitarite
|move|p1a: Staraptor|Tailwind|p1a: Staraptor
|-sidestart|p1: Inkerious|move: Tailwind
|move|p1b: Tyranitar|Rock Slide|p2b: Incineroar|[spread] p2a,p2b
|-supereffective|p2b: Incineroar|1
|-damage|p2a: Floette|77/100
|-damage|p2b: Incineroar|61/100
|cant|p2a: Floette|flinch
|move|p2b: Incineroar|Parting Shot|p1a: Staraptor
|-unboost|p1a: Staraptor|atk|1
|-unboost|p1a: Staraptor|spa|1
|
|t:|1785978365
|switch|p2b: Sinistcha|Sinistcha, L50|100/100|[from] Parting Shot
|-heal|p2a: Floette|100/100|[from] ability: Hospitality|[of] p2b: Sinistcha
|
|-weather|Sandstorm|[upkeep]
|-damage|p1a: Staraptor|94/100|[from] Sandstorm
|-damage|p2a: Floette|93/100|[from] Sandstorm
|-damage|p2b: Sinistcha|93/100|[from] Sandstorm
|upkeep
|turn|2
|
|t:|1785978383
|switch|p1a: Excadrill|Excadrill, L50, F|100/100
|switch|p2b: Incineroar|Incineroar, L50, M|61/100
|-ability|p2b: Incineroar|Intimidate|boost
|-unboost|p1a: Excadrill|atk|1
|-unboost|p1b: Tyranitar|atk|1
|move|p1b: Tyranitar|Rock Slide|p2a: Floette|[spread] p2a,p2b
|-supereffective|p2b: Incineroar|1
|-damage|p2a: Floette|76/100
|-damage|p2b: Incineroar|28/100
|-enditem|p2b: Incineroar|Sitrus Berry|[eat]
|-heal|p2b: Incineroar|53/100|[from] item: Sitrus Berry
|move|p2a: Floette|Calm Mind|p2a: Floette
|-boost|p2a: Floette|spa|1
|-boost|p2a: Floette|spd|1
|
|-weather|Sandstorm|[upkeep]
|-damage|p2a: Floette|70/100|[from] Sandstorm
|-damage|p2b: Incineroar|47/100|[from] Sandstorm
|upkeep
|turn|3
|
|t:|1785978403
|move|p1a: Excadrill|Protect|p1a: Excadrill
|-singleturn|p1a: Excadrill|Protect
|move|p2b: Incineroar|Fake Out|p1a: Excadrill
|-activate|p1a: Excadrill|move: Protect
|move|p1b: Tyranitar|High Horsepower|p2b: Incineroar
|-supereffective|p2b: Incineroar|1
|-damage|p2b: Incineroar|9/100
|move|p2a: Floette|Moonblast|p1b: Tyranitar
|-supereffective|p1b: Tyranitar|1
|-damage|p1b: Tyranitar|0 fnt
|faint|p1b: Tyranitar
|
|-weather|Sandstorm|[upkeep]
|-damage|p2a: Floette|63/100|[from] Sandstorm
|-damage|p2b: Incineroar|3/100|[from] Sandstorm
|upkeep
|
|t:|1785978416
|switch|p1b: Milotic|Milotic, L50, M|100/100
|turn|4
|inactive|Plopy14 has 30 seconds left.
|
|t:|1785978448
|switch|p2b: Sinistcha|Sinistcha, L50|93/100
|-heal|p2a: Floette|88/100|[from] ability: Hospitality|[of] p2b: Sinistcha
|move|p2a: Floette|Protect|p2a: Floette
|-singleturn|p2a: Floette|Protect
|move|p1a: Excadrill|Iron Head|p2a: Floette
|-activate|p2a: Floette|move: Protect
|move|p1b: Milotic|Icy Wind|p2a: Floette|[spread] 
|-activate|p2a: Floette|move: Protect
|-miss|p1b: Milotic|p2b: Sinistcha
|
|-weather|Sandstorm|[upkeep]
|-damage|p1b: Milotic|94/100|[from] Sandstorm
|-damage|p2a: Floette|82/100|[from] Sandstorm
|-damage|p2b: Sinistcha|87/100|[from] Sandstorm
|-sideend|p1: Inkerious|move: Tailwind
|upkeep
|turn|5
|
|t:|1785978461
|move|p1a: Excadrill|Protect|p1a: Excadrill
|-singleturn|p1a: Excadrill|Protect
|move|p2a: Floette|Dazzling Gleam|p1a: Excadrill|[spread] p1b
|-activate|p1a: Excadrill|move: Protect
|-damage|p1b: Milotic|46/100
|-enditem|p1b: Milotic|Sitrus Berry|[eat]
|-heal|p1b: Milotic|71/100|[from] item: Sitrus Berry
|move|p1b: Milotic|Haze|p1b: Milotic
|-clearallboost
|move|p2b: Sinistcha|Matcha Gotcha|p1b: Milotic|[spread] p1b
|-activate|p1a: Excadrill|move: Protect
|-supereffective|p1b: Milotic|1
|-damage|p1b: Milotic|40/100
|-heal|p2b: Sinistcha|100/100|[from] drain|[of] p1b: Milotic
|
|-weather|none
|upkeep
|turn|6
|inactive|Inkerious has 30 seconds left.
|inactive|Plopy14 has 30 seconds left.
|
|t:|1785978490
|switch|p2a: Incineroar|Incineroar, L50, M|3/100
|-ability|p2a: Incineroar|Intimidate|boost
|-unboost|p1a: Excadrill|atk|1
|-unboost|p1b: Milotic|atk|1
|-ability|p1b: Milotic|Competitive|boost
|-boost|p1b: Milotic|spa|2
|move|p1a: Excadrill|Iron Head|p2a: Incineroar
|-resisted|p2a: Incineroar|1
|-damage|p2a: Incineroar|0 fnt
|faint|p2a: Incineroar
|move|p1b: Milotic|Icy Wind|p2b: Sinistcha
|-supereffective|p2b: Sinistcha|1
|-damage|p2b: Sinistcha|50/100g
|-unboost|p2b: Sinistcha|spe|1
|move|p2b: Sinistcha|Matcha Gotcha|p1b: Milotic|[spread] p1a,p1b
|-supereffective|p1b: Milotic|1
|-damage|p1a: Excadrill|66/100
|-heal|p2b: Sinistcha|68/100|[from] drain|[of] p1a: Excadrill
|-damage|p1b: Milotic|8/100
|-heal|p2b: Sinistcha|85/100|[from] drain|[of] p1b: Milotic
|
|upkeep
|
|t:|1785978512
|switch|p2a: Floette|Floette-Mega, L50, F|82/100
|-ability|p2a: Floette|Fairy Aura
|turn|7
|
|t:|1785978529
|move|p1a: Excadrill|Rock Slide|p2a: Floette|[spread] p2b
|-miss|p1a: Excadrill|p2a: Floette
|-damage|p2b: Sinistcha|75/100
|move|p2a: Floette|Dazzling Gleam|p1b: Milotic|[spread] p1a,p1b
|-resisted|p1a: Excadrill|1
|-damage|p1a: Excadrill|37/100
|-damage|p1b: Milotic|0 fnt
|faint|p1b: Milotic
|move|p2b: Sinistcha|Trick Room|p2b: Sinistcha
|-fieldstart|move: Trick Room|[of] p2b: Sinistcha
|
|upkeep
|-message|Inkerious forfeited.
|
|win|Plopy14
|raw|Inkerious's rating: 1143 → 1125(-18 for losing)
|raw|Plopy14's rating: 1246 → 1264(+18 for winning)
|l|☆Inkerious
|player|p1|
|l| dman12352
