|j|☆ga sneasler
|j|☆shminki
|html|ga sneaslershminki    
|uhtml|bestof|Game 1 of a best-of-3
|t:|1756872747
|gametype|doubles
|player|p1|ga sneasler|170|1301
|player|p2|shminki|ethan|1208
|gen|9
|tier|[Gen 9] VGC 2025 Reg H (Bo3)
|rated|
|rule|Species Clause: Limit one of each Pokémon
|rule|Item Clause: Limit 1 of each item
|clearpoke
|poke|p1|Dragapult, L50, M|
|poke|p1|Kingambit, L50, F|
|poke|p1|Electabuzz, L50, M|
|poke|p1|Blaziken, L50, F|
|poke|p1|Primarina, L50, M|
|poke|p1|Rillaboom, L50, F|
|poke|p2|Gholdengo, L50|
|poke|p2|Sneasler, L50, M|
|poke|p2|Rillaboom, L50, F|
|poke|p2|Dragonite, L50, F|
|poke|p2|Ninetales-Alola, L50, M|
|poke|p2|Arcanine-Hisui, L50, M|
|teampreview|4
|showteam|p1|Dragapult||ChoiceBand|ClearBody|Outrage,DragonDarts,PhantomForce,Uturn|||M|||50|,,,,,Dragon]Kingambit||SafetyGoggles|Defiant|KowtowCleave,SuckerPunch,SwordsDance,Protect|||F|||50|,,,,,Dark]Electabuzz||Eviolite|VitalSpirit|Thunderbolt,HelpingHand,FollowMe,Protect|||M|||50|,,,,,Ghost]Blaziken||FocusSash|SpeedBoost|HeatWave,AuraSphere,Coaching,Detect|||F|||50|,,,,,Stellar]Primarina||SitrusBerry|LiquidVoice|Moonblast,HyperVoice,Haze,Protect|||M|||50|,,,,,Water]Rillaboom||AssaultVest|GrassySurge|WoodHammer,GrassyGlide,FakeOut,Uturn|||F|||50|,,,,,Fire
|showteam|p2|Gholdengo||GrassySeed|GoodasGold|NastyPlot,MakeItRain,ShadowBall,Protect||||||50|,,,,,Water]Sneasler||WhiteHerb|Unburden|CloseCombat,DireClaw,Coaching,Protect|||M|||50|,,,,,Ghost]Rillaboom||AssaultVest|GrassySurge|FakeOut,GrassyGlide,DrumBeating,HighHorsepower|||F|||50|,,,,,Fire]Dragonite||LoadedDice|Multiscale|ScaleShot,StompingTantrum,Tailwind,Protect|||F|||50|,,,,,Ground]Ninetales-Alola||FocusSash|SnowWarning|Blizzard,IcyWind,Encore,AuroraVeil|||M|||50|,,,,,Ghost]Arcanine-Hisui||ClearAmulet|Intimidate|RockSlide,FlareBlitz,ExtremeSpeed,Protect|||M|||50|,,,,,Water
|inactive|Battle timer is ON: inactive players will automatically lose when time's up. (requested by shminki)
|inactive|ga sneasler also wants the timer to be on.
|inactive|ga sneasler has 60 seconds left.
|inactive|shminki has 60 seconds left.
|inactive|shminki has 30 seconds left.
|
|t:|1756872812
|teamsize|p1|4
|teamsize|p2|4
|start
|switch|p1a: Bird|Blaziken, L50, F|100/100
|switch|p1b: Zap|Electabuzz, L50, M|100/100
|switch|p2a: Dragonite|Dragonite, L50, F|100/100
|switch|p2b: Ninetales|Ninetales-Alola, L50, M|100/100
|-weather|Snowscape|[from] ability: Snow Warning|[of] p2b: Ninetales
|turn|1
|
|t:|1756872838
|move|p1b: Zap|Follow Me|p1b: Zap
|-singleturn|p1b: Zap|move: Follow Me
|move|p2b: Ninetales|Aurora Veil|p2b: Ninetales
|-sidestart|p2: shminki|move: Aurora Veil
|move|p1a: Bird|Heat Wave|p2a: Dragonite|[spread] p2a,p2b
|-resisted|p2a: Dragonite
|-supereffective|p2b: Ninetales
|-damage|p2a: Dragonite|95/100
|-damage|p2b: Ninetales|44/100
|-status|p2b: Ninetales|brn
|move|p2a: Dragonite|Tailwind|p2a: Dragonite
|-sidestart|p2: shminki|move: Tailwind
|
|-weather|Snowscape|[upkeep]
|-damage|p2b: Ninetales|38/100 brn|[from] brn
|-ability|p1a: Bird|Speed Boost|boost
|-boost|p1a: Bird|spe|1
|upkeep
|turn|2
|inactive|ga sneasler has 30 seconds left.
|inactive|shminki has 30 seconds left.
|
|t:|1756872865
|move|p1a: Bird|Detect|p1a: Bird
|-singleturn|p1a: Bird|Protect
|move|p1b: Zap|Protect|p1b: Zap
|-singleturn|p1b: Zap|Protect
|move|p2b: Ninetales|Encore|p1b: Zap
|-activate|p1b: Zap|move: Protect
|move|p2a: Dragonite|Scale Shot|p1a: Bird
|-activate|p1a: Bird|move: Protect
|
|-weather|Snowscape|[upkeep]
|-damage|p2b: Ninetales|32/100 brn|[from] brn
|-ability|p1a: Bird|Speed Boost|boost
|-boost|p1a: Bird|spe|1
|upkeep
|turn|3
|
|t:|1756872881
|move|p1b: Zap|Follow Me|p1b: Zap
|-singleturn|p1b: Zap|move: Follow Me
|move|p2b: Ninetales|Encore|p1b: Zap
|-start|p1b: Zap|Encore
|move|p1a: Bird|Heat Wave|p2a: Dragonite|[spread] p2a,p2b
|-resisted|p2a: Dragonite
|-supereffective|p2b: Ninetales
|-damage|p2a: Dragonite|83/100
|-damage|p2b: Ninetales|0 fnt
|faint|p2b: Ninetales
|move|p2a: Dragonite|Scale Shot|p1b: Zap
|-damage|p1b: Zap|88/100
|-damage|p1b: Zap|76/100
|-crit|p1b: Zap
|-damage|p1b: Zap|58/100
|-damage|p1b: Zap|46/100
|-hitcount|p1b: Zap|4
|-unboost|p2a: Dragonite|def|1
|-boost|p2a: Dragonite|spe|1
|
|-weather|Snowscape|[upkeep]
|-ability|p1a: Bird|Speed Boost|boost
|-boost|p1a: Bird|spe|1
|upkeep
|
|t:|1756872891
|switch|p2b: Gholdengo|Gholdengo, L50|100/100
|turn|4
|inactive|ga sneasler has 30 seconds left.
|
|t:|1756872918
|-terastallize|p2b: Gholdengo|Water
|move|p1b: Zap|Follow Me|p1b: Zap
|-singleturn|p1b: Zap|move: Follow Me
|move|p2a: Dragonite|Scale Shot|p1b: Zap
|-damage|p1b: Zap|35/100
|-damage|p1b: Zap|23/100
|-damage|p1b: Zap|10/100
|-damage|p1b: Zap|0 fnt
|faint|p1b: Zap
|-hitcount|p1: Zap|4
|-unboost|p2a: Dragonite|def|1
|-boost|p2a: Dragonite|spe|1
|move|p1a: Bird|Heat Wave|p2a: Dragonite|[spread] p2a,p2b
|-resisted|p2a: Dragonite
|-resisted|p2b: Gholdengo
|-damage|p2a: Dragonite|71/100
|-damage|p2b: Gholdengo|90/100
|move|p2b: Gholdengo|Nasty Plot|p2b: Gholdengo
|-boost|p2b: Gholdengo|spa|2
|
|-weather|Snowscape|[upkeep]
|-sideend|p2: shminki|move: Tailwind
|-ability|p1a: Bird|Speed Boost|boost
|-boost|p1a: Bird|spe|1
|upkeep
|
|t:|1756872927
|switch|p1b: Check|Kingambit, L50, F|100/100
|turn|5
|
|t:|1756872946
|move|p1a: Bird|Detect|p1a: Bird
|-singleturn|p1a: Bird|Protect
|move|p1b: Check|Protect|p1b: Check
|-singleturn|p1b: Check|Protect
|move|p2a: Dragonite|Tailwind|p2a: Dragonite
|-sidestart|p2: shminki|move: Tailwind
|move|p2b: Gholdengo|Make It Rain|p1b: Check|[spread] 
|-activate|p1a: Bird|move: Protect
|-activate|p1b: Check|move: Protect
|
|-weather|none
|-sideend|p2: shminki|move: Aurora Veil
|-ability|p1a: Bird|Speed Boost|boost
|-boost|p1a: Bird|spe|1
|upkeep
|turn|6
|inactive|shminki has 30 seconds left.
|
|t:|1756872977
|switch|p2a: Sneasler|Sneasler, L50, M|100/100
|-terastallize|p1b: Check|Dark
|move|p1b: Check|Sucker Punch|p2b: Gholdengo
|-damage|p2b: Gholdengo|37/100
|move|p1a: Bird|Aura Sphere|p2b: Gholdengo
|-damage|p2b: Gholdengo|0 fnt
|faint|p2b: Gholdengo
|
|-ability|p1a: Bird|Speed Boost|boost
|-boost|p1a: Bird|spe|1
|upkeep
|
|t:|1756872985
|switch|p2b: Dragonite|Dragonite, L50, F|71/100
|turn|7
|-message|shminki forfeited.
|
|win|ga sneasler
||ga sneasler is ready for game 2.
||shminki is ready for game 2.
|uhtml|next|Next: Game 2 of 3
