|j|☆shieeeee
|j|☆hideinarea0
|html|shieeeeehideinarea0    
|uhtml|bestof|Game 3 of a best-of-3
|t:|1757002463
|gametype|doubles
|player|p1|shieeeee|169|1247
|player|p2|hideinarea0|lance|1150
|gen|9
|tier|[Gen 9] VGC 2025 Reg H (Bo3)
|rated|
|rule|Species Clause: Limit one of each Pokémon
|rule|Item Clause: Limit 1 of each item
|clearpoke
|poke|p1|Whimsicott, L50, M|
|poke|p1|Garchomp, L50, F|
|poke|p1|Gholdengo, L50|
|poke|p1|Incineroar, L50, F|
|poke|p1|Sneasler, L50, F|
|poke|p1|Dragonite, L50, M|
|poke|p2|Dragonite, L50, F|
|poke|p2|Gholdengo, L50|
|poke|p2|Ursaluna-Bloodmoon, L50, M|
|poke|p2|Annihilape, L50, M|
|poke|p2|Maushold-Four, L50|
|poke|p2|Rillaboom, L50, M|
|teampreview|4
|showteam|p1|Whimsicott||FocusSash|Prankster|Moonblast,Tailwind,Encore,Protect|||M|||50|,,,,,Ghost]Garchomp||LifeOrb|RoughSkin|Earthquake,DragonClaw,StompingTantrum,Protect|||F|||50|,,,,,Ground]Gholdengo||ChoiceSpecs|GoodasGold|MakeItRain,ShadowBall,Trick,Protect||||||50|,,,,,Steel]Incineroar||AssaultVest|Intimidate|FlareBlitz,FakeOut,KnockOff,Uturn|||F|||50|,,,,,Grass]Sneasler||WhiteHerb|Unburden|FakeOut,DireClaw,CloseCombat,Protect|||F|||50|,,,,,Stellar]Dragonite||ChoiceBand|InnerFocus|ExtremeSpeed,Outrage,IceSpinner,StompingTantrum|||M|||50|,,,,,Normal
|showteam|p2|Dragonite||LoadedDice|Multiscale|ScaleShot,Tailwind,Haze,Protect|||F|||50|,,,,,Fairy]Gholdengo||LifeOrb|GoodasGold|MakeItRain,ShadowBall,NastyPlot,Protect||||||50|,,,,,Water]Ursaluna-Bloodmoon||AssaultVest|MindsEye|BloodMoon,EarthPower,HyperVoice,VacuumWave|||M|||50|,,,,,Water]Annihilape||SitrusBerry|Defiant|DrainPunch,RageFist,BulkUp,Protect|||M|||50|,,,,,Grass]Maushold-Four||FocusSash|FriendGuard|SuperFang,BeatUp,FollowMe,Protect||||||50|,,,,,Ghost]Rillaboom||MiracleSeed|GrassySurge|WoodHammer,GrassyGlide,HighHorsepower,FakeOut|||M|||50|,,,,,Fire
|inactive|Battle timer is ON: inactive players will automatically lose when time's up. (requested by shieeeee)
|inactive|shieeeee has 60 seconds left.
|inactive|shieeeee has 30 seconds left.
|inactive|shieeeee has 20 seconds left.
|
|t:|1757002544
|teamsize|p1|4
|teamsize|p2|4
|start
|switch|p1a: Gholdengo|Gholdengo, L50|100/100
|switch|p1b: Sneasler|Sneasler, L50, F|100/100
|switch|p2a: Maushold|Maushold-Four, L50|100/100
|switch|p2b: Ursaluna|Ursaluna-Bloodmoon, L50, M|100/100
|turn|1
|
|t:|1757002562
|switch|p2b: Gholdengo|Gholdengo, L50|100/100
|move|p2a: Maushold|Protect|p2a: Maushold
|-singleturn|p2a: Maushold|Protect
|move|p1b: Sneasler|Fake Out|p2b: Gholdengo
|-immune|p2b: Gholdengo
|move|p1a: Gholdengo|Make It Rain|p2a: Maushold|[spread] p2b
|-activate|p2a: Maushold|move: Protect
|-resisted|p2b: Gholdengo
|-damage|p2b: Gholdengo|73/100
|-unboost|p1a: Gholdengo|spa|1
|
|upkeep
|turn|2
|inactive|shieeeee has 30 seconds left.
|inactive|hideinarea0 has 30 seconds left.
|inactive|shieeeee has 20 seconds left.
|inactive|shieeeee has 15 seconds left.
|inactive|hideinarea0 has 20 seconds left.
|
|t:|1757002615
|move|p2a: Maushold|Super Fang|p1b: Sneasler
|-damage|p1b: Sneasler|51/100
|move|p1b: Sneasler|Dire Claw|p2a: Maushold
|-damage|p2a: Maushold|48/100
|move|p2b: Gholdengo|Nasty Plot|p2b: Gholdengo
|-boost|p2b: Gholdengo|spa|2
|move|p1a: Gholdengo|Make It Rain|p2b: Gholdengo|[spread] p2a,p2b
|-resisted|p2b: Gholdengo
|-damage|p2a: Maushold|0 fnt
|-damage|p2b: Gholdengo|55/100
|-unboost|p1a: Gholdengo|spa|1
|faint|p2a: Maushold
|
|upkeep
|
|t:|1757002627
|switch|p2a: Rillaboom|Rillaboom, L50, M|100/100
|-fieldstart|move: Grassy Terrain|[from] ability: Grassy Surge|[of] p2a: Rillaboom
|turn|3
|inactive|hideinarea0 has 30 seconds left.
|
|t:|1757002653
|switch|p1a: Dragonite|Dragonite, L50, M, shiny|100/100
|switch|p2a: Ursaluna|Ursaluna-Bloodmoon, L50, M|100/100
|move|p1b: Sneasler|Protect|p1b: Sneasler
|-singleturn|p1b: Sneasler|Protect
|move|p2b: Gholdengo|Shadow Ball|p1a: Dragonite
|-damage|p1a: Dragonite|9/100
|-damage|p2b: Gholdengo|45/100|[from] item: Life Orb
|
|-heal|p1b: Sneasler|57/100|[from] Grassy Terrain
|-heal|p2b: Gholdengo|51/100|[from] Grassy Terrain
|upkeep
|turn|4
|inactive|shieeeee has 30 seconds left.
|inactive|hideinarea0 has 30 seconds left.
|inactive|shieeeee has 20 seconds left.
|inactive|shieeeee has 15 seconds left.
|inactive|shieeeee has 10 seconds left.
|
|t:|1757002701
|switch|p2a: Rillaboom|Rillaboom, L50, M|100/100
|move|p1a: Dragonite|Extreme Speed|p2a: Rillaboom
|-damage|p2a: Rillaboom|55/100
|move|p1b: Sneasler|Close Combat|p2a: Rillaboom
|-damage|p2a: Rillaboom|0 fnt
|-unboost|p1b: Sneasler|def|1
|-unboost|p1b: Sneasler|spd|1
|faint|p2a: Rillaboom
|-enditem|p1b: Sneasler|White Herb
|-clearnegativeboost|p1b: Sneasler|[silent]
|move|p2b: Gholdengo|Make It Rain|p1b: Sneasler|[spread] p1a,p1b
|-damage|p1a: Dragonite|0 fnt
|-damage|p1b: Sneasler|0 fnt
|-unboost|p2b: Gholdengo|spa|1
|faint|p1a: Dragonite
|faint|p1b: Sneasler
|-damage|p2b: Gholdengo|42/100|[from] item: Life Orb
|
|-heal|p2b: Gholdengo|48/100|[from] Grassy Terrain
|upkeep
|
|t:|1757002720
|switch|p1b: Garchomp|Garchomp, L50, F, shiny|100/100
|switch|p2a: Ursaluna|Ursaluna-Bloodmoon, L50, M|100/100
|switch|p1a: Gholdengo|Gholdengo, L50|100/100
|turn|5
|inactive|hideinarea0 has 30 seconds left.
|
|t:|1757002749
|-terastallize|p1a: Gholdengo|Steel
|-terastallize|p2a: Ursaluna|Water
|move|p2b: Gholdengo|Protect|p2b: Gholdengo
|-singleturn|p2b: Gholdengo|Protect
|move|p1b: Garchomp|Dragon Claw|p2a: Ursaluna
|-damage|p2a: Ursaluna|62/100
|-damage|p1b: Garchomp|91/100|[from] item: Life Orb
|move|p1a: Gholdengo|Make It Rain|p2a: Ursaluna|[spread] p2a
|-activate|p2b: Gholdengo|move: Protect
|-resisted|p2a: Ursaluna
|-damage|p2a: Ursaluna|27/100
|-unboost|p1a: Gholdengo|spa|1
|move|p2a: Ursaluna|Earth Power|p1a: Gholdengo
|-supereffective|p1a: Gholdengo
|-damage|p1a: Gholdengo|0 fnt
|faint|p1a: Gholdengo
|
|-heal|p1b: Garchomp|97/100|[from] Grassy Terrain
|-heal|p2b: Gholdengo|54/100|[from] Grassy Terrain
|-heal|p2a: Ursaluna|33/100|[from] Grassy Terrain
|upkeep
|turn|6
|inactive|hideinarea0 has 30 seconds left.
|
|t:|1757002776
|move|p1b: Garchomp|Protect|p1b: Garchomp
|-singleturn|p1b: Garchomp|Protect
|move|p2b: Gholdengo|Make It Rain|p1b: Garchomp
|-activate|p1b: Garchomp|move: Protect
|move|p2a: Ursaluna|Blood Moon|p1b: Garchomp
|-activate|p1b: Garchomp|move: Protect
|
|-heal|p1b: Garchomp|100/100|[from] Grassy Terrain
|-heal|p2b: Gholdengo|60/100|[from] Grassy Terrain
|-heal|p2a: Ursaluna|39/100|[from] Grassy Terrain
|upkeep
|turn|7
|inactive|shieeeee has 30 seconds left.
|
|t:|1757002805
|move|p1b: Garchomp|Stomping Tantrum|p2b: Gholdengo
|-supereffective|p2b: Gholdengo
|-damage|p2b: Gholdengo|0 fnt
|faint|p2b: Gholdengo
|-damage|p1b: Garchomp|91/100|[from] item: Life Orb
|move|p2a: Ursaluna|Hyper Voice|p1b: Garchomp
|-damage|p1b: Garchomp|39/100
|
|-heal|p1b: Garchomp|45/100|[from] Grassy Terrain
|-heal|p2a: Ursaluna|44/100|[from] Grassy Terrain
|-fieldend|move: Grassy Terrain
|upkeep
|turn|8
|
|t:|1757002820
|move|p1b: Garchomp|Dragon Claw|p2a: Ursaluna
|-damage|p2a: Ursaluna|1/100
|-damage|p1b: Garchomp|35/100|[from] item: Life Orb
|move|p2a: Ursaluna|Hyper Voice|p1b: Garchomp
|-damage|p1b: Garchomp|0 fnt
|faint|p1b: Garchomp
|
|win|hideinarea0
|raw|shieeeee's rating: 1247 → 1215(-32 for losing)
|raw|hideinarea0's rating: 1150 → 1182(+32 for winning)
