|j|☆ESCharge
|j|‽YarikFireDragon
|html|ESChargeYarikFireDragon    
|uhtml|bestof|Game 3 of a best-of-3
|t:|1785867892
|gametype|doubles
|player|p1|ESCharge|byron|
|player|p2|YarikFireDragon|firebreather|
|gen|9
|tier|[Gen 9 Champions] VGC 2026 Reg M-B (Bo3)
|rule|Species Clause: Limit one of each Pokémon
|rule|Item Clause: Limit 1 of each item
|clearpoke
|poke|p1|Heliolisk, L50, M|
|poke|p1|Slowbro, L50, M|
|poke|p1|Simisage, L50, M|
|poke|p1|Runerigus, L50, F, shiny|
|poke|p1|Zoroark, L50, M|
|poke|p1|Tinkaton, L50, F|
|poke|p2|Runerigus, L50, M|
|poke|p2|Abomasnow, L50, F|
|poke|p2|Mr. Rime, L50, F|
|poke|p2|Slowbro, L50, F|
|poke|p2|Steelix, L50, F|
|poke|p2|Toucannon, L50, M|
|teampreview|4
|showteam|p1|Heliolisk||WiseGlasses|SolarPower|Discharge,MorningSun,Substitute,HyperVoice|Timid||M|||50|]Slowbro||Slowbronite|Oblivious|SlackOff,IronDefense,Amnesia,StoredPower|Calm||M|||50|]Simisage||HeatRock|Gluttony|FakeOut,SunnyDay,SolarBlade,ThroatChop|Jolly||M|||50|]Runerigus||ColburBerry|WanderingSpirit|IronDefense,BodyPress,DestinyBond,TrickRoom|Calm||F|||50|]Zoroark||ExpertBelt|Illusion|Snarl,FocusBlast,Protect,CalmMind|Timid||M|||50|]Tinkaton||Leftovers|OwnTempo|GigatonHammer,IceHammer,PlayRough,FakeOut|Adamant||F|||50|
|showteam|p2|Runerigus||SitrusBerry|WanderingSpirit|TrickRoom,BodyPress,Earthquake,Poltergeist|Sassy||M|||50|]Abomasnow||Abomasite|SnowWarning|Blizzard,IceBeam,Earthquake,Protect|Quiet||F|||50|]Mr. Rime||LightClay|IceBody|LightScreen,Reflect,Psychic,TrickRoom|Sassy||F|||50|]Slowbro||LifeOrb|Oblivious|TrickRoom,ExpandingForce,HydroPump,PsychicTerrain|Quiet||F|||50|]Steelix||Steelixite|RockHead|BodyPress,HeavySlam,WideGuard,HighHorsepower|Relaxed||F|||50|]Toucannon||FocusSash|SkillLink|Acrobatics,RockBlast,KnockOff,BulletSeed|Brave||M|||50|
|inactive|Battle timer is ON: inactive players will automatically lose when time's up. (requested by ESCharge)
|inactive|YarikFireDragon has 60 seconds left.
|c|☆ESCharge|Я то думал, что всхую буду проигрывать
|c|☆ESCharge|Пх
|c|☆ESCharge|Всухую*
|
|t:|1785867949
|teamsize|p1|4
|teamsize|p2|4
|start
|switch|p1a: Simisage|Simisage, L50, M|100/100
|switch|p1b: Tinkaton|Tinkaton, L50, F|100/100
|switch|p2a: Runerigus|Runerigus, L50, M|100/100
|switch|p2b: Slowbro|Slowbro, L50, F|100/100
|turn|1
|
|t:|1785867972
|move|p1b: Tinkaton|Snarl|p2a: Runerigus|[spread] p2a,p2b
|-supereffective|p2a: Runerigus|1
|-supereffective|p2b: Slowbro|1
|-crit|p2b: Slowbro
|-damage|p2a: Runerigus|60/100
|-damage|p2b: Slowbro|31/100
|-unboost|p2a: Runerigus|spa|1
|-unboost|p2b: Slowbro|spa|1
|move|p1a: Simisage|Sunny Day|p1a: Simisage
|-weather|SunnyDay
|move|p2b: Slowbro|Psychic Terrain|p2b: Slowbro
|-fieldstart|move: Psychic Terrain
|move|p2a: Runerigus|Trick Room|p2a: Runerigus
|-fieldstart|move: Trick Room|[of] p2a: Runerigus
|
|-weather|SunnyDay|[upkeep]
|upkeep
|turn|2
|l|☆ESCharge
|inactive|ESCharge disconnected and has 300 seconds to reconnect!
|player|p1|
|inactive|ESCharge has 270 seconds to reconnect!
|j|☆ESCharge
|inactive|ESCharge reconnected and has 40 seconds left.
|player|p1|ESCharge|byron|
|inactive|ESCharge has 30 seconds left.
|
|t:|1785868046
|move|p2a: Runerigus|Earthquake|p1a: Simisage|[spread] p2b,p1a,p1b
|-resisted|p1a: Simisage|1
|-damage|p2b: Slowbro|10/100
|-damage|p1a: Simisage|80/100
|-damage|p1b: Tinkaton|54/100
|replace|p1b: Zoroark|Zoroark, L50, M
|-end|p1b: Zoroark|Illusion
|move|p2b: Slowbro|Expanding Force|p1b: Zoroark|[spread] p1a
|-immune|p1b: Zoroark
|-damage|p1a: Simisage|0 fnt
|faint|p1a: Simisage
|-damage|p2b: Slowbro|1/100|[from] item: Life Orb
|move|p1b: Zoroark|Snarl|p2a: Runerigus|[spread] p2a,p2b
|-supereffective|p2a: Runerigus|1
|-supereffective|p2b: Slowbro|1
|-damage|p2a: Runerigus|24/100
|-damage|p2b: Slowbro|0 fnt
|-unboost|p2a: Runerigus|spa|1
|-enditem|p2a: Runerigus|Sitrus Berry|[eat]
|-heal|p2a: Runerigus|49/100|[from] item: Sitrus Berry
|faint|p2b: Slowbro
|
|-weather|SunnyDay|[upkeep]
|upkeep
|inactive|ESCharge has 30 seconds left.
|
|t:|1785868071
|switch|p2b: Abomasnow|Abomasnow, L50, F|100/100
|switch|p1a: Slowgobrrr|Slowbro, L50, M|100/100
|-weather|Snowscape|[from] ability: Snow Warning|[of] p2b: Abomasnow
|turn|3
|inactive|ESCharge has 30 seconds left.
|
|t:|1785868098
|detailschange|p1a: Slowgobrrr|Slowbro-Mega, L50, M
|-mega|p1a: Slowgobrrr|Slowbro|Slowbronite
|detailschange|p2b: Abomasnow|Abomasnow-Mega, L50, F
|-mega|p2b: Abomasnow|Abomasnow|Abomasite
|move|p2b: Abomasnow|Blizzard|p1a: Slowgobrrr|[spread] p1a,p1b
|-resisted|p1a: Slowgobrrr|1
|-damage|p1a: Slowgobrrr|82/100
|-damage|p1b: Zoroark|0 fnt
|faint|p1b: Zoroark
|move|p2a: Runerigus|Poltergeist|p1a: Slowgobrrr
|-activate|p1a: Slowgobrrr|move: Poltergeist|Slowbronite
|-supereffective|p1a: Slowgobrrr|1
|-damage|p1a: Slowgobrrr|39/100
|move|p1a: Slowgobrrr|Iron Defense|p1a: Slowgobrrr
|-boost|p1a: Slowgobrrr|def|2
|
|-weather|Snowscape|[upkeep]
|upkeep
|
|t:|1785868115
|switch|p1b: Tinkaton|Tinkaton, L50, F|100/100
|turn|4
|
|t:|1785868131
|move|p1b: Tinkaton|Fake Out|p2b: Abomasnow
|-activate|p2b: Abomasnow|move: Psychic Terrain
|move|p2a: Runerigus|Poltergeist|p1a: Slowgobrrr|[miss]
|-miss|p2a: Runerigus|p1a: Slowgobrrr
|move|p2b: Abomasnow|Earthquake|p1b: Tinkaton|[spread] p2a,p1a,p1b
|-supereffective|p1b: Tinkaton|1
|-damage|p2a: Runerigus|30/100
|-damage|p1a: Slowgobrrr|33/100
|-damage|p1b: Tinkaton|46/100
|move|p1a: Slowgobrrr|Slack Off|p1a: Slowgobrrr
|-heal|p1a: Slowgobrrr|83/100
|
|-weather|Snowscape|[upkeep]
|-heal|p1b: Tinkaton|53/100|[from] item: Leftovers
|upkeep
|turn|5
|
|t:|1785868151
|move|p2b: Abomasnow|Earthquake|p1a: Slowgobrrr|[spread] p2a,p1a,p1b
|-supereffective|p1b: Tinkaton|1
|-damage|p2a: Runerigus|15/100
|-damage|p1a: Slowgobrrr|77/100
|-damage|p1b: Tinkaton|4/100
|move|p2a: Runerigus|Poltergeist|p1a: Slowgobrrr
|-activate|p1a: Slowgobrrr|move: Poltergeist|Slowbronite
|-supereffective|p1a: Slowgobrrr|1
|-damage|p1a: Slowgobrrr|55/100
|move|p1a: Slowgobrrr|Iron Defense|p1a: Slowgobrrr
|-boost|p1a: Slowgobrrr|def|2
|move|p1b: Tinkaton|Gigaton Hammer|p2b: Abomasnow
|-supereffective|p2b: Abomasnow|1
|-damage|p2b: Abomasnow|27/100
|
|-weather|Snowscape|[upkeep]
|-heal|p1b: Tinkaton|10/100|[from] item: Leftovers
|-fieldend|move: Trick Room
|-fieldend|move: Psychic Terrain
|upkeep
|turn|6
|inactive|ESCharge has 30 seconds left.
|
|t:|1785868179
|move|p1b: Tinkaton|Play Rough|p2b: Abomasnow
|-damage|p2b: Abomasnow|3/100
|move|p1a: Slowgobrrr|Stored Power|p2a: Runerigus
|-damage|p2a: Runerigus|0 fnt
|faint|p2a: Runerigus
|move|p2b: Abomasnow|Earthquake|p1b: Tinkaton|[spread] p1a,p1b
|-supereffective|p1b: Tinkaton|1
|-damage|p1a: Slowgobrrr|51/100
|-damage|p1b: Tinkaton|0 fnt
|faint|p1b: Tinkaton
|
|-weather|Snowscape|[upkeep]
|upkeep
|
|t:|1785868185
|switch|p2a: Toucannon|Toucannon, L50, M|100/100
|turn|7
|
|t:|1785868199
|move|p2a: Toucannon|Bullet Seed|p1a: Slowgobrrr
|-supereffective|p1a: Slowgobrrr|1
|-damage|p1a: Slowgobrrr|46/100
|-supereffective|p1a: Slowgobrrr|1
|-damage|p1a: Slowgobrrr|42/100
|-supereffective|p1a: Slowgobrrr|1
|-damage|p1a: Slowgobrrr|38/100
|-supereffective|p1a: Slowgobrrr|1
|-damage|p1a: Slowgobrrr|34/100
|-supereffective|p1a: Slowgobrrr|1
|-damage|p1a: Slowgobrrr|30/100
|-hitcount|p1a: Slowgobrrr|5
|move|p1a: Slowgobrrr|Iron Defense|p1a: Slowgobrrr
|-boost|p1a: Slowgobrrr|def|2
|move|p2b: Abomasnow|Blizzard|p1a: Slowgobrrr
|-resisted|p1a: Slowgobrrr|1
|-damage|p1a: Slowgobrrr|5/100
|
|-weather|none
|upkeep
|turn|8
|
|t:|1785868216
|move|p2a: Toucannon|Bullet Seed|p1a: Slowgobrrr
|-supereffective|p1a: Slowgobrrr|1
|-damage|p1a: Slowgobrrr|2/100
|-supereffective|p1a: Slowgobrrr|1
|-damage|p1a: Slowgobrrr|0 fnt
|faint|p1a: Slowgobrrr
|-hitcount|p1: Slowgobrrr|2
|
|win|YarikFireDragon
