|j|☆mil0battles
|j|☆LiarChoir
|html|mil0battlesLiarChoir    
|uhtml|bestof|Game 3 of a best-of-3
|t:|1756600396
|gametype|doubles
|player|p1|mil0battles|pokemonranger-gen4|1165
|player|p2|LiarChoir|candice|1233
|gen|9
|tier|[Gen 9] VGC 2025 Reg H (Bo3)
|rated|
|rule|Species Clause: Limit one of each Pokémon
|rule|Item Clause: Limit 1 of each item
|clearpoke
|poke|p1|Incineroar, L50, M|
|poke|p1|Primarina, L50, F|
|poke|p1|Gholdengo, L50|
|poke|p1|Sneasler, L50, F|
|poke|p1|Kilowattrel, L50, M|
|poke|p1|Rillaboom, L50, M|
|poke|p2|Sinistcha, L50|
|poke|p2|Ninetales-Alola, L50, M|
|poke|p2|Ursaluna-Bloodmoon, L50, M|
|poke|p2|Incineroar, L50, M|
|poke|p2|Dragapult, L50, F|
|poke|p2|Primarina, L50, F|
|teampreview|4
|showteam|p1|Incineroar||SafetyGoggles|Intimidate|FakeOut,KnockOff,PartingShot,FlareBlitz|||M|||50|,,,,,Ghost]Primarina||ThroatSpray|LiquidVoice|HyperVoice,Moonblast,Haze,Protect|||F|||50|,,,,,Poison]Gholdengo||LifeOrb|GoodasGold|NastyPlot,MakeItRain,ShadowBall,Protect||||||50|,,,,,Water]Sneasler||WhiteHerb|Unburden|DireClaw,CloseCombat,FakeOut,Protect|||F|||50|,,,,,Stellar]Kilowattrel||FocusSash|Competitive|AirSlash,Thunderbolt,Tailwind,Protect|||M|||50|,,,,,Ghost]Rillaboom||AssaultVest|GrassySurge|GrassyGlide,WoodHammer,FakeOut,Uturn|||M|||50|,,,,,Fire
|showteam|p2|Sinistcha||RockyHelmet|Hospitality|RagePowder,MatchaGotcha,ShadowBall,TrickRoom||||||50|,,,,,Water]Ninetales-Alola||LightClay|SnowWarning|AuroraVeil,FreezeDry,Blizzard,Protect|||M|||50|,,,,,Ghost]Ursaluna-Bloodmoon||AssaultVest|MindsEye|BloodMoon,HyperVoice,VacuumWave,EarthPower|||M|||50|,,,,,Ghost]Incineroar||SafetyGoggles|Intimidate|FlareBlitz,KnockOff,PartingShot,FakeOut|||M|||50|,,,,,Ghost]Dragapult||ChoiceBand|ClearBody|DragonDarts,PhantomForce,Uturn,SuckerPunch|||F|||50|,,,,,Dragon]Primarina||ThroatSpray|LiquidVoice|HyperVoice,Moonblast,Haze,Protect|||F|||50|,,,,,Water
|
|t:|1756600430
|teamsize|p1|4
|teamsize|p2|4
|start
|switch|p1a: Kilowattrel|Kilowattrel, L50, M|100/100
|switch|p1b: Sneasler|Sneasler, L50, F|100/100
|switch|p2a: Ninetales|Ninetales-Alola, L50, M|100/100
|switch|p2b: Ursaluna|Ursaluna-Bloodmoon, L50, M|100/100
|-weather|Snowscape|[from] ability: Snow Warning|[of] p2a: Ninetales
|turn|1
|inactive|Battle timer is ON: inactive players will automatically lose when time's up. (requested by mil0battles)
|
|t:|1756600447
|-terastallize|p2b: Ursaluna|Ghost
|move|p1a: Kilowattrel|Tailwind|p1a: Kilowattrel
|-sidestart|p1: mil0battles|move: Tailwind
|move|p1b: Sneasler|Dire Claw|p2a: Ninetales
|-supereffective|p2a: Ninetales
|-damage|p2a: Ninetales|3/100
|-status|p2a: Ninetales|psn
|move|p2a: Ninetales|Aurora Veil|p2a: Ninetales
|-sidestart|p2: LiarChoir|move: Aurora Veil
|move|p2b: Ursaluna|Hyper Voice|p1b: Sneasler|[spread] p1a,p1b
|-damage|p1a: Kilowattrel|29/100
|-damage|p1b: Sneasler|52/100
|
|-weather|Snowscape|[upkeep]
|-damage|p2a: Ninetales|0 fnt|[from] psn
|faint|p2a: Ninetales
|upkeep
|
|t:|1756600462
|switch|p2a: Primarina|Primarina, L50, F|100/100
|turn|2
|
|t:|1756600474
|move|p1a: Kilowattrel|Thunderbolt|p2b: Ursaluna
|-damage|p2b: Ursaluna|81/100
|move|p1b: Sneasler|Dire Claw|p2b: Ursaluna
|-resisted|p2b: Ursaluna
|-damage|p2b: Ursaluna|71/100
|move|p2b: Ursaluna|Hyper Voice|p1b: Sneasler|[spread] p1a,p1b
|-damage|p1a: Kilowattrel|0 fnt
|-damage|p1b: Sneasler|1/100
|faint|p1a: Kilowattrel
|move|p2a: Primarina|Hyper Voice|p1b: Sneasler
|-damage|p1b: Sneasler|0 fnt
|faint|p1b: Sneasler
|-enditem|p2a: Primarina|Throat Spray
|-boost|p2a: Primarina|spa|1|[from] item: Throat Spray
|
|-weather|Snowscape|[upkeep]
|upkeep
|
|t:|1756600484
|switch|p1a: Gholdengo|Gholdengo, L50|100/100
|switch|p1b: Primarina|Primarina, L50, F|100/100
|turn|3
|
|t:|1756600495
|-terastallize|p1a: Gholdengo|Water
|move|p1a: Gholdengo|Shadow Ball|p2b: Ursaluna
|-supereffective|p2b: Ursaluna
|-damage|p2b: Ursaluna|23/100
|-unboost|p2b: Ursaluna|spd|1
|-damage|p1a: Gholdengo|91/100|[from] item: Life Orb
|move|p1b: Primarina|Hyper Voice|p2a: Primarina|[spread] p2a,p2b
|-resisted|p2a: Primarina
|-damage|p2a: Primarina|94/100
|-damage|p2b: Ursaluna|0 fnt
|faint|p2b: Ursaluna
|-enditem|p1b: Primarina|Throat Spray
|-boost|p1b: Primarina|spa|1|[from] item: Throat Spray
|move|p2a: Primarina|Moonblast|p1b: Primarina
|-damage|p1b: Primarina|45/100
|-unboost|p1b: Primarina|spa|1
|
|-weather|Snowscape|[upkeep]
|upkeep
|
|t:|1756600511
|switch|p2b: Dragapult|Dragapult, L50, F|100/100
|turn|4
|
|t:|1756600525
|move|p2b: Dragapult|Sucker Punch|p1a: Gholdengo
|-damage|p1a: Gholdengo|57/100
|move|p1a: Gholdengo|Shadow Ball|p2b: Dragapult
|-supereffective|p2b: Dragapult
|-damage|p2b: Dragapult|10/100
|-damage|p1a: Gholdengo|48/100|[from] item: Life Orb
|move|p1b: Primarina|Hyper Voice|p2b: Dragapult|[spread] p2a,p2b
|-resisted|p2a: Primarina
|-resisted|p2b: Dragapult
|-damage|p2a: Primarina|86/100
|-damage|p2b: Dragapult|0 fnt
|faint|p2b: Dragapult
|move|p2a: Primarina|Moonblast|p1a: Gholdengo
|-damage|p1a: Gholdengo|0 fnt
|faint|p1a: Gholdengo
|
|-weather|Snowscape|[upkeep]
|-sideend|p1: mil0battles|move: Tailwind
|upkeep
|turn|5
|
|t:|1756600541
|move|p1b: Primarina|Moonblast|p2a: Primarina
|-damage|p2a: Primarina|65/100
|move|p2a: Primarina|Moonblast|p1b: Primarina
|-damage|p1b: Primarina|0 fnt
|faint|p1b: Primarina
|
|win|LiarChoir
|raw|mil0battles's rating: 1165 → 1145(-20 for losing)
|raw|LiarChoir's rating: 1233 → 1253(+20 for winning)
