|j|☆Hemz0 0
|j|☆huntr/x rumi
|html|Hemz0 0huntr/x rumi    
|uhtml|bestof|Game 3 of a best-of-3
|t:|1755646008
|gametype|doubles
|player|p1|Hemz0 0|depotagent|1231
|player|p2|huntr/x rumi|acetrainerf|1307
|gen|9
|tier|[Gen 9] VGC 2025 Reg H (Bo3)
|rated|
|rule|Species Clause: Limit one of each Pokémon
|rule|Item Clause: Limit 1 of each item
|clearpoke
|poke|p1|Incineroar, L50, F|
|poke|p1|Ursaluna, L50, M|
|poke|p1|Pelipper, L50, F|
|poke|p1|Sinistcha, L50|
|poke|p1|Archaludon, L50, M|
|poke|p1|Dragonite, L50, F|
|poke|p2|Whimsicott, L50, M|
|poke|p2|Gholdengo, L50|
|poke|p2|Garchomp, L50, F|
|poke|p2|Ditto, L50|
|poke|p2|Incineroar, L50, M|
|poke|p2|Milotic, L50, F|
|teampreview|4
|showteam|p1|Incineroar||SafetyGoggles|Intimidate|Taunt,KnockOff,FakeOut,PartingShot|||F|||50|,,,,,Ghost]Ursaluna||FlameOrb|Guts|Protect,Facade,HeadlongRush,Earthquake|||M|||50|,,,,,Ghost]Pelipper||FocusSash|Drizzle|Protect,MuddyWater,Hurricane,Tailwind|||F|||50|,,,,,Stellar]Sinistcha||SitrusBerry|Hospitality|MatchaGotcha,LifeDew,RagePowder,TrickRoom||||||50|,,,,,Fire]Archaludon||AssaultVest|Stamina|FlashCannon,BodyPress,ElectroShot,Snarl|||M|||50|,,,,,Bug]Dragonite||LoadedDice|Multiscale|ExtremeSpeed,ScaleShot,Tailwind,Haze|||F|||50|,,,,,Fairy
|showteam|p2|Whimsicott||FocusSash|Prankster|Protect,Moonblast,Tailwind,Encore|||M|||50|,,,,,Ghost]Gholdengo||ChoiceSpecs|GoodasGold|MakeItRain,ShadowBall,Protect,Trick||||||50|,,,,,Steel]Garchomp||LifeOrb|RoughSkin|Protect,StompingTantrum,DragonClaw,Earthquake|||F|||50|,,,,,Ground]Ditto||CovertCloak|Imposter|Transform||||||50|,,,,,Grass]Incineroar||SafetyGoggles|Intimidate|FakeOut,FlareBlitz,KnockOff,PartingShot|||M|||50|,,,,,Ghost]Milotic||SitrusBerry|Competitive|IcyWind,Scald,Protect,Haze|||F|||50|,,,,,Grass
|
|t:|1755646015
|teamsize|p1|4
|teamsize|p2|4
|start
|switch|p1a: Dragonite|Dragonite, L50, F|100/100
|switch|p1b: Archaludon|Archaludon, L50, M|100/100
|switch|p2a: Whimsicott|Whimsicott, L50, M, shiny|100/100
|switch|p2b: Garchomp|Garchomp, L50, F|100/100
|turn|1
|
|t:|1755646029
|-terastallize|p2b: Garchomp|Ground
|-terastallize|p1a: Dragonite|Fairy
|move|p2a: Whimsicott|Moonblast|p1a: Dragonite
|-damage|p1a: Dragonite|83/100
|-unboost|p1a: Dragonite|spa|1
|move|p2b: Garchomp|Stomping Tantrum|p1b: Archaludon
|-supereffective|p1b: Archaludon
|-damage|p1b: Archaludon|3/100
|-ability|p1b: Archaludon|Stamina|boost
|-boost|p1b: Archaludon|def|1
|-damage|p2b: Garchomp|91/100|[from] item: Life Orb
|move|p1a: Dragonite|Scale Shot|p2b: Garchomp
|-damage|p2b: Garchomp|74/100
|-damage|p2b: Garchomp|60/100
|-damage|p2b: Garchomp|43/100
|-crit|p2b: Garchomp
|-damage|p2b: Garchomp|21/100
|-damage|p2b: Garchomp|4/100
|-hitcount|p2b: Garchomp|5
|-unboost|p1a: Dragonite|def|1
|-boost|p1a: Dragonite|spe|1
|move|p1b: Archaludon|Flash Cannon|p2a: Whimsicott
|-supereffective|p2a: Whimsicott
|-crit|p2a: Whimsicott
|-enditem|p2a: Whimsicott|Focus Sash
|-damage|p2a: Whimsicott|1/100
|
|upkeep
|turn|2
|
|t:|1755646072
|move|p1a: Dragonite|Extreme Speed|p2b: Garchomp
|-damage|p2b: Garchomp|0 fnt
|-damage|p1a: Dragonite|71/100|[from] ability: Rough Skin|[of] p2b: Garchomp
|faint|p2b: Garchomp
|move|p2a: Whimsicott|Encore|p1a: Dragonite
|-start|p1a: Dragonite|Encore
|move|p1b: Archaludon|Snarl|p2a: Whimsicott
|-resisted|p2a: Whimsicott
|-damage|p2a: Whimsicott|0 fnt
|faint|p2a: Whimsicott
|
|upkeep
|
|t:|1755646083
|switch|p2a: Ditto|Ditto, L50, shiny|100/100
|switch|p2b: Gholdengo|Gholdengo, L50|100/100
|-transform|p2a: Ditto|p1b: Archaludon|[from] ability: Imposter
|turn|3
|
|t:|1755646098
|switch|p1a: Pelipper|Pelipper, L50, F|100/100
|-weather|RainDance|[from] ability: Drizzle|[of] p1a: Pelipper
|move|p2b: Gholdengo|Make It Rain|p1a: Pelipper|[spread] p1a,p1b
|-resisted|p1a: Pelipper
|-resisted|p1b: Archaludon
|-damage|p1a: Pelipper|30/100
|-damage|p1b: Archaludon|0 fnt
|-unboost|p2b: Gholdengo|spa|1
|faint|p1b: Archaludon
|move|p2a: Ditto|Body Press|p1a: Pelipper
|-resisted|p1a: Pelipper
|-damage|p1a: Pelipper|9/100
|
|-weather|RainDance|[upkeep]
|upkeep
|
|t:|1755646130
|switch|p1b: Ursaluna|Ursaluna, L50, M|100/100
|turn|4
|
|t:|1755646139
|move|p1b: Ursaluna|Protect|p1b: Ursaluna
|-singleturn|p1b: Ursaluna|Protect
|move|p2b: Gholdengo|Make It Rain|p1a: Pelipper|[spread] p1a
|-activate|p1b: Ursaluna|move: Protect
|-resisted|p1a: Pelipper
|-damage|p1a: Pelipper|0 fnt
|-unboost|p2b: Gholdengo|spa|1
|faint|p1a: Pelipper
|move|p2a: Ditto|Body Press|p1b: Ursaluna
|-activate|p1b: Ursaluna|move: Protect
|
|-weather|RainDance|[upkeep]
|-status|p1b: Ursaluna|brn|[from] item: Flame Orb
|upkeep
|
|t:|1755646145
|switch|p1a: Dragonite|Dragonite, L50, F, tera:Fairy|71/100
|turn|5
|
|t:|1755646223
|move|p2b: Gholdengo|Make It Rain|p1b: Ursaluna|[spread] p1a,p1b
|-supereffective|p1a: Dragonite
|-damage|p1a: Dragonite|0 fnt
|-damage|p1b: Ursaluna|64/100 brn
|-unboost|p2b: Gholdengo|spa|1
|faint|p1a: Dragonite
|move|p2a: Ditto|Body Press|p1b: Ursaluna
|-supereffective|p1b: Ursaluna
|-damage|p1b: Ursaluna|16/100 brn
|move|p1b: Ursaluna|Earthquake|p2b: Gholdengo|[spread] p2a,p2b
|-supereffective|p2a: Ditto
|-supereffective|p2b: Gholdengo
|-damage|p2a: Ditto|26/100
|-damage|p2b: Gholdengo|0 fnt
|-ability|p2a: Ditto|Stamina|boost
|-boost|p2a: Ditto|def|1
|faint|p2b: Gholdengo
|
|-weather|RainDance|[upkeep]
|-damage|p1b: Ursaluna|9/100 brn|[from] brn
|upkeep
|turn|6
|
|t:|1755646238
|move|p2a: Ditto|Body Press|p1b: Ursaluna
|-supereffective|p1b: Ursaluna
|-damage|p1b: Ursaluna|0 fnt
|faint|p1b: Ursaluna
|
|win|huntr/x rumi
|raw|Hemz0 0's rating: 1231 → 1211(-20 for losing)
|raw|huntr/x rumi's rating: 1307 → 1323(+16 for winning)
|c|☆Hemz0 0|gg
|l|☆Hemz0 0
|player|p1|
