|j|â˜†notmetastuff
|j|â˜†SnrubYesthatlldo
|html|notmetastuffSnrubYesthatlldo    
|uhtml|bestof|Game 2 of a best-of-3
|t:|1757660932
|gametype|doubles
|player|p1|notmetastuff|170|1198
|player|p2|SnrubYesthatlldo|1|1193
|gen|9
|tier|[Gen 9] VGC 2025 Reg H (Bo3)
|rated|
|rule|Species Clause: Limit one of each PokÃ©mon
|rule|Item Clause: Limit 1 of each item
|clearpoke
|poke|p1|Ninetales-Alola, L50, M|
|poke|p1|Gholdengo, L50|
|poke|p1|Rillaboom, L50, M|
|poke|p1|Annihilape, L50, F|
|poke|p1|Dragonite, L50, F|
|poke|p1|Ursaluna-Bloodmoon, L50, M|
|poke|p2|Volcarona, L50, F|
|poke|p2|Gyarados, L50, F|
|poke|p2|Rillaboom, L50, M|
|poke|p2|Gholdengo, L50|
|poke|p2|Ninetales-Alola, L50, M|
|poke|p2|Garchomp, L50, M|
|teampreview|4
|showteam|p1|Ninetales-Alola||FocusSash|SnowWarning|IcicleSpear,Blizzard,AuroraVeil,IcyWind|||M|||50|,,,,,Ghost]Gholdengo||LifeOrb|GoodasGold|MakeItRain,ShadowBall,NastyPlot,Protect||||||50|,,,,,Water]Rillaboom||MiracleSeed|GrassySurge|WoodHammer,FakeOut,GrassyGlide,Protect|||M|||50|,,,,,Fire]Annihilape||SafetyGoggles|Defiant|RageFist,DrainPunch,BulkUp,Protect|||F|||50|,,,,,Fire]Dragonite||LoadedDice|Multiscale|ScaleShot,Haze,Tailwind,Protect|||F|||50|,,,,,Fairy]Ursaluna-Bloodmoon||AssaultVest|MindsEye|BloodMoon,HyperVoice,EarthPower,VacuumWave|||M|||50|,,,,,Water
|showteam|p2|Volcarona||CovertCloak|FlameBody|FieryDance,StruggleBug,QuiverDance,Tailwind|||F|||50|,,,,,Fairy]Gyarados||LumBerry|Intimidate|Protect,Waterfall,Taunt,ThunderWave|||F|||50|,,,,,Steel]Rillaboom||AssaultVest|GrassySurge|FakeOut,GrassyGlide,WoodHammer,HighHorsepower|||M|||50|,,,,,Fire]Gholdengo||GrassySeed|GoodasGold|Protect,MakeItRain,ShadowBall,NastyPlot||||||50|,,,,,Water]Ninetales-Alola||FocusSash|SnowWarning|Protect,Blizzard,AuroraVeil,Encore|||M|||50|,,,,,Ghost]Garchomp||LifeOrb|RoughSkin|Protect,StompingTantrum,DragonClaw,Earthquake|||M|||50|,,,,,Steel
|inactive|Battle timer is ON: inactive players will automatically lose when time's up. (requested by notmetastuff)
|inactive|SnrubYesthatlldo has 60 seconds left.
|
|t:|1757660974
|teamsize|p1|4
|teamsize|p2|4
|start
|switch|p1a: Dragonite|Dragonite, L50, F|100/100
|switch|p1b: Gholdengo|Gholdengo, L50|100/100
|switch|p2a: Volcarona|Volcarona, L50, F|100/100
|switch|p2b: Ninetales|Ninetales-Alola, L50, M|100/100
|-weather|Snowscape|[from] ability: Snow Warning|[of] p2b: Ninetales
|turn|1
|inactive|notmetastuff has 30 seconds left.
|inactive|notmetastuff has 20 seconds left.
|
|t:|1757661011
|move|p1b: Gholdengo|Protect|p1b: Gholdengo
|-singleturn|p1b: Gholdengo|Protect
|move|p2b: Ninetales|Blizzard|p1a: Dragonite|[spread] p1a
|-activate|p1b: Gholdengo|move: Protect
|-supereffective|p1a: Dragonite
|-damage|p1a: Dragonite|31/100
|move|p2a: Volcarona|Quiver Dance|p2a: Volcarona
|-boost|p2a: Volcarona|spa|1
|-boost|p2a: Volcarona|spd|1
|-boost|p2a: Volcarona|spe|1
|move|p1a: Dragonite|Tailwind|p1a: Dragonite
|-sidestart|p1: notmetastuff|move: Tailwind
|
|-weather|Snowscape|[upkeep]
|upkeep
|turn|2
|inactive|notmetastuff has 30 seconds left.
|inactive|SnrubYesthatlldo has 30 seconds left.
|
|t:|1757661041
|-terastallize|p1b: Gholdengo|Water
|move|p1b: Gholdengo|Make It Rain|p2b: Ninetales|[spread] p2a,p2b
|-resisted|p2a: Volcarona
|-supereffective|p2b: Ninetales
|-damage|p2a: Volcarona|84/100
|-enditem|p2b: Ninetales|Focus Sash
|-damage|p2b: Ninetales|1/100
|-unboost|p1b: Gholdengo|spa|1
|-damage|p1b: Gholdengo|91/100|[from] item: Life Orb
|move|p1a: Dragonite|Haze|p1a: Dragonite
|-clearallboost
|move|p2b: Ninetales|Blizzard|p1a: Dragonite|[spread] p1a,p1b
|-supereffective|p1a: Dragonite
|-resisted|p1b: Gholdengo
|-damage|p1a: Dragonite|0 fnt
|-damage|p1b: Gholdengo|73/100
|faint|p1a: Dragonite
|move|p2a: Volcarona|Tailwind|p2a: Volcarona
|-sidestart|p2: SnrubYesthatlldo|move: Tailwind
|
|-weather|Snowscape|[upkeep]
|upkeep
|
|t:|1757661063
|switch|p1a: Ninetales|Ninetales-Alola, L50, M|100/100
|turn|3
|
|t:|1757661080
|-terastallize|p2a: Volcarona|Fairy
|move|p2b: Ninetales|Protect|p2b: Ninetales
|-singleturn|p2b: Ninetales|Protect
|move|p1a: Ninetales|Icy Wind|p2b: Ninetales|[spread] p2a
|-activate|p2b: Ninetales|move: Protect
|-damage|p2a: Volcarona|70/100
|move|p1b: Gholdengo|Make It Rain|p2a: Volcarona|[spread] p2a
|-activate|p2b: Ninetales|move: Protect
|-supereffective|p2a: Volcarona
|-damage|p2a: Volcarona|0 fnt
|-unboost|p1b: Gholdengo|spa|1
|faint|p2a: Volcarona
|-damage|p1b: Gholdengo|64/100|[from] item: Life Orb
|
|-weather|Snowscape|[upkeep]
|upkeep
|c|â˜†SnrubYesthatlldo|I um don't recall clicking tera there lol
|inactive|SnrubYesthatlldo has 30 seconds left.
|c|â˜†SnrubYesthatlldo|not gonna lie that is less than ideal
|inactive|SnrubYesthatlldo has 20 seconds left.
|inactive|SnrubYesthatlldo has 15 seconds left.
|
|t:|1757661122
|switch|p2a: Gholdengo|Gholdengo, L50|100/100
|turn|4
|inactive|SnrubYesthatlldo has 30 seconds left.
|inactive|SnrubYesthatlldo has 20 seconds left.
|inactive|SnrubYesthatlldo has 15 seconds left.
|
|t:|1757661166
|move|p2b: Ninetales|Aurora Veil|p2b: Ninetales
|-sidestart|p2: SnrubYesthatlldo|move: Aurora Veil
|move|p1a: Ninetales|Icy Wind|p2b: Ninetales|[spread] p2a,p2b
|-resisted|p2a: Gholdengo
|-resisted|p2b: Ninetales
|-damage|p2a: Gholdengo|96/100
|-damage|p2b: Ninetales|0 fnt
|-unboost|p2a: Gholdengo|spe|1
|faint|p2b: Ninetales
|move|p1b: Gholdengo|Shadow Ball|p2a: Gholdengo
|-supereffective|p2a: Gholdengo
|-damage|p2a: Gholdengo|53/100
|-damage|p1b: Gholdengo|54/100|[from] item: Life Orb
|move|p2a: Gholdengo|Nasty Plot|p2a: Gholdengo
|-boost|p2a: Gholdengo|spa|2
|
|-weather|Snowscape|[upkeep]
|-sideend|p1: notmetastuff|move: Tailwind
|upkeep
|
|t:|1757661170
|switch|p2b: Garchomp|Garchomp, L50, M|100/100
|turn|5
|inactive|notmetastuff has 30 seconds left.
|inactive|notmetastuff has 20 seconds left.
|inactive|notmetastuff has 15 seconds left.
|
|t:|1757661210
|move|p2b: Garchomp|Stomping Tantrum|p1a: Ninetales
|-damage|p1a: Ninetales|45/100
|-damage|p2b: Garchomp|91/100|[from] item: Life Orb
|move|p1a: Ninetales|Blizzard|p2b: Garchomp|[spread] p2a,p2b
|-resisted|p2a: Gholdengo
|-supereffective|p2b: Garchomp
|-damage|p2a: Gholdengo|44/100
|-damage|p2b: Garchomp|10/100
|move|p2a: Gholdengo|Make It Rain|p1a: Ninetales|[spread] p1a,p1b
|-supereffective|p1a: Ninetales
|-resisted|p1b: Gholdengo
|-damage|p1a: Ninetales|0 fnt
|-damage|p1b: Gholdengo|5/100
|-unboost|p2a: Gholdengo|spa|1
|faint|p1a: Ninetales
|move|p1b: Gholdengo|Nasty Plot|p1b: Gholdengo
|-boost|p1b: Gholdengo|spa|2
|
|-weather|none
|-sideend|p2: SnrubYesthatlldo|move: Tailwind
|upkeep
|
|t:|1757661230
|switch|p1a: Ursaluna|Ursaluna-Bloodmoon, L50, M|100/100
|turn|6
|
|t:|1757661242
|move|p2b: Garchomp|Protect|p2b: Garchomp
|-singleturn|p2b: Garchomp|Protect
|move|p1b: Gholdengo|Protect|p1b: Gholdengo
|-singleturn|p1b: Gholdengo|Protect
|move|p1a: Ursaluna|Hyper Voice|p2a: Gholdengo|[spread] p2a
|-activate|p2b: Garchomp|move: Protect
|-resisted|p2a: Gholdengo
|-damage|p2a: Gholdengo|34/100
|move|p2a: Gholdengo|Make It Rain|p1b: Gholdengo|[spread] p1a
|-activate|p1b: Gholdengo|move: Protect
|-damage|p1a: Ursaluna|54/100
|-unboost|p2a: Gholdengo|spa|1
|
|upkeep
|turn|7
|
|t:|1757661265
|move|p2a: Gholdengo|Protect|p2a: Gholdengo
|-singleturn|p2a: Gholdengo|Protect
|move|p1a: Ursaluna|Vacuum Wave|p2b: Garchomp
|-damage|p2b: Garchomp|0 fnt
|faint|p2b: Garchomp
|move|p1b: Gholdengo|Shadow Ball|p2a: Gholdengo
|-activate|p2a: Gholdengo|move: Protect
|
|upkeep
|turn|8
|-message|SnrubYesthatlldo forfeited.
|
|win|notmetastuff
||SnrubYesthatlldo is ready for game 3.
||notmetastuff is ready for game 3.
|uhtml|next|Next: Game 3 of 3
|l|â˜†notmetastuff
|player|p1|
