|j|☆flaminanmol
|j|☆StrikerMohamud
|html|flaminanmolStrikerMohamud    
|uhtml|bestof|Game 1 of a best-of-3
|t:|1783565194
|gametype|doubles
|player|p1|flaminanmol|red|1123
|player|p2|StrikerMohamud|unknown|1000
|gen|9
|tier|[Gen 9 Champions] VGC 2026 Reg M-B (Bo3)
|rated|
|rule|Species Clause: Limit one of each Pokémon
|rule|Item Clause: Limit 1 of each item
|clearpoke
|poke|p1|Sneasler, L50, M|
|poke|p1|Whimsicott, L50, F|
|poke|p1|Incineroar, L50, M|
|poke|p1|Staraptor, L50, M|
|poke|p1|Garchomp, L50, F|
|poke|p1|Farigiraf, L50, F|
|poke|p2|Scrafty, L50, F, shiny|
|poke|p2|Farigiraf, L50, M|
|poke|p2|Rotom-Wash, L50, shiny|
|poke|p2|Ceruledge, L50, M|
|poke|p2|Venusaur, L50, F|
|poke|p2|Dragonite, L50, F|
|teampreview|4
|showteam|p1|Sneasler||FocusSash|Unburden|DireClaw,CloseCombat,FakeOut,Protect|Adamant||M|||50|]Whimsicott||MentalHerb|Prankster|Tailwind,Protect,Moonblast,Charm|Timid||F|||50|]Incineroar||SitrusBerry|Intimidate|FakeOut,FlareBlitz,DarkestLariat,PartingShot|Brave||M|||50|]Staraptor||Staraptite|Intimidate|CloseCombat,BraveBird,Protect,Roost|Adamant||M|||50|]Garchomp||ChoiceScarf|RoughSkin|DragonClaw,Earthquake,Outrage,RockSlide|Adamant||F|||50|]Farigiraf||SilkScarf|ArmorTail|HyperVoice,TrickRoom,HelpingHand,Protect|Quiet||F|||50|
|showteam|p2|Scrafty||Scraftinite|Intimidate|FakeOut,KnockOff,CloseCombat,Protect|Adamant||F|||50|]Farigiraf||LifeOrb|ArmorTail|HyperVoice,Psychic,TrickRoom,Protect|Modest||M|||50|]Rotom-Wash||SitrusBerry|Levitate|Thunderbolt,HydroPump,WillOWisp,LightScreen|Bold|||||50|]Ceruledge||ColburBerry|FlashFire|BitterBlade,ShadowSneak,SwordsDance,Protect|Adamant||M|||50|]Venusaur||Venusaurite|Chlorophyll|LeafStorm,SludgeBomb,SleepPowder,Protect|Modest||F|||50|]Dragonite||DragonFang|InnerFocus|DragonClaw,ExtremeSpeed,Tailwind,Protect|Adamant||F|||50|
|inactive|Battle timer is ON: inactive players will automatically lose when time's up. (requested by flaminanmol)
|
|t:|1783565238
|teamsize|p1|4
|teamsize|p2|4
|start
|switch|p1a: Whimsicott|Whimsicott, L50, F|100/100
|switch|p1b: Staraptor|Staraptor, L50, M|100/100
|switch|p2a: Scrafty|Scrafty, L50, F, shiny|100/100
|switch|p2b: Ceruledge|Ceruledge, L50, M|100/100
|-ability|p1b: Staraptor|Intimidate|boost
|-unboost|p2a: Scrafty|atk|1
|-unboost|p2b: Ceruledge|atk|1
|-ability|p2a: Scrafty|Intimidate|boost
|-unboost|p1a: Whimsicott|atk|1
|-unboost|p1b: Staraptor|atk|1
|turn|1
|
|t:|1783565265
|switch|p1a: Farigiraf|Farigiraf, L50, F|100/100
|detailschange|p1b: Staraptor|Staraptor-Mega, L50, M
|-mega|p1b: Staraptor|Staraptor|Staraptite
|move|p2a: Scrafty|Fake Out||[still]
|cant|p1a: Farigiraf|ability: Armor Tail|Fake Out|[of] p2a: Scrafty
|move|p1b: Staraptor|Close Combat|p2a: Scrafty
|-supereffective|p2a: Scrafty|1
|-damage|p2a: Scrafty|0 fnt
|-boost|p1b: Staraptor|def|1
|-boost|p1b: Staraptor|spd|1
|faint|p2a: Scrafty
|move|p2b: Ceruledge|Swords Dance|p2b: Ceruledge
|-boost|p2b: Ceruledge|atk|2
|
|upkeep
|
|t:|1783565269
|switch|p2a: Rotom|Rotom-Wash, L50, shiny|100/100
|turn|2
|inactive|flaminanmol has 30 seconds left.
|
|t:|1783565299
|move|p1a: Farigiraf|Helping Hand|p1b: Staraptor
|-singleturn|p1b: Staraptor|Helping Hand|[of] p1a: Farigiraf
|move|p1b: Staraptor|Close Combat|p2a: Rotom
|-damage|p2a: Rotom|33/100
|-boost|p1b: Staraptor|def|1
|-boost|p1b: Staraptor|spd|1
|-enditem|p2a: Rotom|Sitrus Berry|[eat]
|-heal|p2a: Rotom|57/100|[from] item: Sitrus Berry
|move|p2a: Rotom|Will-O-Wisp|p1b: Staraptor
|-status|p1b: Staraptor|brn
|move|p2b: Ceruledge|Swords Dance|p2b: Ceruledge
|-boost|p2b: Ceruledge|atk|2
|
|-damage|p1b: Staraptor|93/100 brn|[from] brn
|upkeep
|turn|3
|
|t:|1783565323
|switch|p1b: Garchomp|Garchomp, L50, F|100/100
|move|p2a: Rotom|Thunderbolt|p1b: Garchomp
|-immune|p1b: Garchomp
|move|p2b: Ceruledge|Bitter Blade|p1b: Garchomp
|-resisted|p1b: Garchomp|1
|-damage|p1b: Garchomp|42/100
|-damage|p2b: Ceruledge|87/100|[from] ability: Rough Skin|[of] p1b: Garchomp
|move|p1a: Farigiraf|Hyper Voice|p2b: Ceruledge|[spread] p2a
|-immune|p2b: Ceruledge
|-damage|p2a: Rotom|17/100
|
|upkeep
|turn|4
|
|t:|1783565341
|move|p1b: Garchomp|Earthquake|p2b: Ceruledge|[spread] p1a,p2b
|-immune|p2a: Rotom|[from] ability: Levitate
|-supereffective|p2b: Ceruledge|1
|-damage|p1a: Farigiraf|61/100
|-damage|p2b: Ceruledge|0 fnt
|faint|p2b: Ceruledge
|move|p2a: Rotom|Will-O-Wisp|p1b: Garchomp
|-status|p1b: Garchomp|brn
|move|p1a: Farigiraf|Hyper Voice|p2a: Rotom
|-damage|p2a: Rotom|0 fnt
|faint|p2a: Rotom
|
|-damage|p1b: Garchomp|36/100 brn|[from] brn
|upkeep
|
|t:|1783565350
|switch|p2a: Farigiraf|Farigiraf, L50, M|100/100
|turn|5
|
|t:|1783565361
|move|p1b: Garchomp|Earthquake|p2a: Farigiraf|[spread] p1a,p2a
|-crit|p1a: Farigiraf
|-damage|p1a: Farigiraf|33/100
|-damage|p2a: Farigiraf|73/100
|move|p1a: Farigiraf|Hyper Voice|p2a: Farigiraf
|-damage|p2a: Farigiraf|32/100
|move|p2a: Farigiraf|Trick Room|p2a: Farigiraf
|-fieldstart|move: Trick Room|[of] p2a: Farigiraf
|
|-damage|p1b: Garchomp|30/100 brn|[from] brn
|upkeep
|turn|6
|
|t:|1783565373
|move|p2a: Farigiraf|Hyper Voice|p1a: Farigiraf|[spread] p1a,p1b
|-damage|p1a: Farigiraf|0 fnt
|-damage|p1b: Garchomp|0 fnt
|faint|p1a: Farigiraf
|faint|p1b: Garchomp
|-damage|p2a: Farigiraf|22/100|[from] item: Life Orb
|
|upkeep
|
|t:|1783565380
|switch|p1a: Staraptor|Staraptor-Mega, L50, M|93/100 brn
|switch|p1b: Whimsicott|Whimsicott, L50, F|100/100
|turn|7
|
|t:|1783565393
|move|p2a: Farigiraf|Psychic|p1a: Staraptor
|-supereffective|p1a: Staraptor|1
|-damage|p1a: Staraptor|0 fnt
|faint|p1a: Staraptor
|-damage|p2a: Farigiraf|13/100|[from] item: Life Orb
|move|p1b: Whimsicott|Moonblast|p2a: Farigiraf
|-damage|p2a: Farigiraf|0 fnt
|faint|p2a: Farigiraf
|
|win|flaminanmol
|inactive|flaminanmol has 30 seconds to confirm battle start!
|inactive|StrikerMohamud has 30 seconds to confirm battle start!
||flaminanmol is ready for game 2.
||StrikerMohamud is ready for game 2.
|uhtml|next|Next: Game 2 of 3
