|j|☆VGChris6
|j|☆breadconsumer124
|html|VGChris6breadconsumer124    
|uhtml|bestof|Game 2 of a best-of-3
|t:|1757194532
|gametype|doubles
|player|p1|VGChris6|169|1094
|player|p2|breadconsumer124|265|1138
|gen|9
|tier|[Gen 9] VGC 2025 Reg H (Bo3)
|rated|
|rule|Species Clause: Limit one of each Pokémon
|rule|Item Clause: Limit 1 of each item
|clearpoke
|poke|p1|Archaludon, L50, F|
|poke|p1|Pelipper, L50, M|
|poke|p1|Basculegion, L50, M|
|poke|p1|Annihilape, L50, F|
|poke|p1|Whimsicott, L50, M|
|poke|p1|Ursaluna-Bloodmoon, L50, M|
|poke|p2|Tauros-Paldea-Aqua, L50, M|
|poke|p2|Rillaboom, L50, F|
|poke|p2|Volcarona, L50, M|
|poke|p2|Farigiraf, L50, M|
|poke|p2|Kingambit, L50, M|
|poke|p2|Ninetales-Alola, L50, M|
|teampreview|4
|showteam|p1|Archaludon||PowerHerb|Sturdy|ElectroShot,DragonPulse,FlashCannon,Protect|||F|||50|,,,,,Ghost]Pelipper||FocusSash|Drizzle|Tailwind,WeatherBall,Hurricane,WideGuard|||M|||50|,,,,,Ghost]Basculegion||ChoiceScarf|Adaptability|LastRespects,FlipTurn,WaveCrash,AquaJet|||M|||50|,,,,,Dark]Annihilape||SitrusBerry|Defiant|DrainPunch,Protect,RageFist,BulkUp|||F|||50|,,,,,Steel]Whimsicott||CovertCloak|Prankster|Taunt,Tailwind,Encore,Moonblast|||M|||50|,,,,,Dark]Ursaluna-Bloodmoon||AssaultVest|MindsEye|HyperVoice,BloodMoon,EarthPower,VacuumWave|||M|||50|,,,,,Ghost
|showteam|p2|Tauros-Paldea-Aqua||AssaultVest|Intimidate|WaveCrash,CloseCombat,AquaJet,WildCharge|||M|||50|,,,,,Electric]Rillaboom||MiracleSeed|GrassySurge|WoodHammer,GrassyGlide,FakeOut,Uturn|||F|||50|,,,,,Grass]Volcarona||SafetyGoggles|FlameBody|Flamethrower,StruggleBug,RagePowder,Protect|||M|||50|,,,,,Dragon]Farigiraf||ThroatSpray|ArmorTail|HyperVoice,Psychic,TrickRoom,Protect|||M|||50|,,,,,Grass]Kingambit||LifeOrb|Defiant|KowtowCleave,SuckerPunch,IronHead,Protect|||M|||50|,,,,,Dark]Ninetales-Alola||ChoiceScarf|SnowWarning|Blizzard,Moonblast,IceBeam,Roar|||M|||50|,,,,,Ice
|inactive|Battle timer is ON: inactive players will automatically lose when time's up. (requested by VGChris6)
|
|t:|1757194562
|teamsize|p1|4
|teamsize|p2|4
|start
|switch|p1a: Archaludon|Archaludon, L50, F|100/100
|switch|p1b: Annihilape|Annihilape, L50, F|100/100
|switch|p2a: Volcarona|Volcarona, L50, M|100/100
|switch|p2b: Ninetales|Ninetales-Alola, L50, M|100/100
|-weather|Snowscape|[from] ability: Snow Warning|[of] p2b: Ninetales
|turn|1
|inactive|VGChris6 has 30 seconds left.
|
|t:|1757194591
|switch|p1b: Whimsicott|Whimsicott, L50, M|100/100
|-terastallize|p2b: Ninetales|Ice
|move|p2b: Ninetales|Blizzard|p1a: Archaludon|[spread] p1a,p1b
|-supereffective|p1b: Whimsicott
|-damage|p1a: Archaludon|26/100
|-damage|p1b: Whimsicott|0 fnt
|faint|p1b: Whimsicott
|move|p2a: Volcarona|Flamethrower|p1a: Archaludon
|-damage|p1a: Archaludon|0 fnt
|faint|p1a: Archaludon
|
|-weather|Snowscape|[upkeep]
|upkeep
|
|t:|1757194603
|switch|p1b: Annihilape|Annihilape, L50, F|100/100
|switch|p1a: Basculegion|Basculegion, L50, M|100/100
|turn|2
|
|t:|1757194612
|-terastallize|p1b: Annihilape|Steel
|move|p2a: Volcarona|Rage Powder|p2a: Volcarona
|-singleturn|p2a: Volcarona|move: Rage Powder
|move|p2b: Ninetales|Blizzard|p1a: Basculegion|[spread] p1a,p1b
|-resisted|p1a: Basculegion
|-resisted|p1b: Annihilape
|-damage|p1a: Basculegion|75/100
|-damage|p1b: Annihilape|79/100
|move|p1a: Basculegion|Last Respects|p2a: Volcarona
|-damage|p2a: Volcarona|0 fnt
|faint|p2a: Volcarona
|move|p1b: Annihilape|Drain Punch|p2b: Ninetales
|-supereffective|p2b: Ninetales
|-damage|p2b: Ninetales|40/100
|-heal|p1b: Annihilape|100/100|[from] drain|[of] p2b: Ninetales
|
|-weather|Snowscape|[upkeep]
|upkeep
|
|t:|1757194622
|switch|p2a: Rillaboom|Rillaboom, L50, F|100/100
|-fieldstart|move: Grassy Terrain|[from] ability: Grassy Surge|[of] p2a: Rillaboom
|turn|3
|
|t:|1757194631
|move|p1b: Annihilape|Protect|p1b: Annihilape
|-singleturn|p1b: Annihilape|Protect
|move|p2a: Rillaboom|Grassy Glide|p1a: Basculegion
|-supereffective|p1a: Basculegion
|-damage|p1a: Basculegion|0 fnt
|faint|p1a: Basculegion
|move|p2b: Ninetales|Blizzard|p1b: Annihilape
|-activate|p1b: Annihilape|move: Protect
|
|-weather|Snowscape|[upkeep]
|-heal|p2b: Ninetales|47/100|[from] Grassy Terrain
|upkeep
|turn|4
|
|t:|1757194643
|move|p2b: Ninetales|Blizzard|p1b: Annihilape
|-resisted|p1b: Annihilape
|-damage|p1b: Annihilape|73/100
|-status|p1b: Annihilape|frz
|cant|p1b: Annihilape|frz
|move|p2a: Rillaboom|Wood Hammer|p1b: Annihilape
|-resisted|p1b: Annihilape
|-damage|p1b: Annihilape|35/100 frz
|-enditem|p1b: Annihilape|Sitrus Berry|[eat]
|-heal|p1b: Annihilape|59/100 frz|[from] item: Sitrus Berry
|-damage|p2a: Rillaboom|86/100|[from] Recoil
|
|-weather|Snowscape|[upkeep]
|-heal|p2b: Ninetales|53/100|[from] Grassy Terrain
|-heal|p1b: Annihilape|65/100 frz|[from] Grassy Terrain
|-heal|p2a: Rillaboom|93/100|[from] Grassy Terrain
|upkeep
|turn|5
|
|t:|1757194658
|move|p2b: Ninetales|Blizzard|p1b: Annihilape
|-resisted|p1b: Annihilape
|-damage|p1b: Annihilape|36/100 frz
|cant|p1b: Annihilape|frz
|move|p2a: Rillaboom|Wood Hammer|p1b: Annihilape
|-resisted|p1b: Annihilape
|-damage|p1b: Annihilape|0 fnt
|faint|p1b: Annihilape
|-damage|p2a: Rillaboom|80/100|[from] Recoil
|
|win|breadconsumer124
