|j|☆dalanores
|j|☆DummyDowner
|html|dalanoresDummyDowner    
|uhtml|bestof|Game 1 of a best-of-3
|t:|1786142274
|gametype|doubles
|player|p1|dalanores|backers|
|player|p2|DummyDowner|proton|
|gen|9
|tier|[Gen 9 Champions] VGC 2026 Reg M-B (Bo3)
|rule|Species Clause: Limit one of each Pokémon
|rule|Item Clause: Limit 1 of each item
|clearpoke
|poke|p1|Froslass, L50, F, shiny|
|poke|p1|Sneasler, L50, M, shiny|
|poke|p1|Kingambit, L50, M|
|poke|p1|Dragonite, L50, M, shiny|
|poke|p1|Alcremie-Rainbow-Swirl, L50, F, shiny|
|poke|p1|Politoed, L50, M, shiny|
|poke|p2|Kangaskhan, L50, F|
|poke|p2|Oranguru, L50, F|
|poke|p2|Camerupt, L50, F, shiny|
|poke|p2|Malamar, L50, F|
|poke|p2|Tyranitar, L50, F|
|poke|p2|Steelix, L50, M, shiny|
|teampreview|4
|showteam|p1|Froslass||Froslassite|CursedBody|Blizzard,ShadowBall,AuroraVeil,Protect|Timid||F|||50|]Sneasler||LifeOrb|PoisonTouch|DireClaw,CloseCombat,FakeOut,QuickGuard|Jolly||M|||50|]Kingambit||ChopleBerry|SupremeOverlord|KowtowCleave,SuckerPunch,IronHead,Protect|Adamant||M|||50|]Dragonite||Dragoninite|InnerFocus|DracoMeteor,Surf,Agility,Whirlwind|Modest||M|||50|]Alcremie-Rainbow-Swirl||BrightPowder|AromaVeil|DazzlingGleam,HelpingHand,Decorate,Protect|Bold||F|||50|]Politoed||FocusSash|WaterAbsorb|Blizzard,MuddyWater,IcyWind,Protect|Modest||M|||50|
|showteam|p2|Kangaskhan||LifeOrb|Scrappy|FakeOut,LastResort|Brave||F|||50|]Oranguru||MentalHerb|InnerFocus|TrickRoom,Psychic,Protect,Instruct|Relaxed||F|||50|]Camerupt||Charcoal|SolidRock|Eruption,Protect,EarthPower,Flamethrower|Quiet||F|||50|]Malamar||Malamarite|Contrary|PsychoCut,Protect,KnockOff,Superpower|Adamant||F|||50|]Tyranitar||ChoiceScarf|SandStream|DarkPulse,IceBeam,Thunder,BodyPress|Modest||F|||50|]Steelix||Leftovers|Sturdy|WideGuard,Bulldoze,BodyPress,IronDefense|Careful||M|||50|
|
|t:|1786142341
|teamsize|p1|4
|teamsize|p2|4
|start
|switch|p1a: Esteem|Dragonite, L50, M, shiny|100/100
|switch|p1b: Memoria|Alcremie-Rainbow-Swirl, L50, F, shiny|100/100
|switch|p2a: Malamar|Malamar, L50, F|100/100
|switch|p2b: Oranguru|Oranguru, L50, F|100/100
|turn|1
|
|t:|1786142388
|detailschange|p2a: Malamar|Malamar-Mega, L50, F
|-mega|p2a: Malamar|Malamar|Malamarite
|move|p1a: Esteem|Agility|p1a: Esteem
|-boost|p1a: Esteem|spe|2
|move|p2a: Malamar|Knock Off|p1b: Memoria
|-resisted|p1b: Memoria|1
|-damage|p1b: Memoria|84/100
|-enditem|p1b: Memoria|Bright Powder|[from] move: Knock Off|[of] p2a: Malamar
|move|p1b: Memoria|Decorate|p1a: Esteem
|-boost|p1a: Esteem|atk|2
|-boost|p1a: Esteem|spa|2
|move|p2b: Oranguru|Trick Room|p2b: Oranguru
|-fieldstart|move: Trick Room|[of] p2b: Oranguru
|
|upkeep
|turn|2
|c|☆dalanores|welp clicked wrong move LOL
|c|☆dalanores|fuck it we ball
|
|t:|1786142448
|detailschange|p1a: Esteem|Dragonite-Mega, L50, M, shiny
|-mega|p1a: Esteem|Dragonite|Dragoninite
|move|p1b: Memoria|Helping Hand|p1a: Esteem
|-singleturn|p1a: Esteem|Helping Hand|[of] p1b: Memoria
|move|p2b: Oranguru|Psychic|p1a: Esteem
|-damage|p1a: Esteem|87/100
|move|p2a: Malamar|Psycho Cut|p1a: Esteem
|-crit|p1a: Esteem
|-damage|p1a: Esteem|49/100
|move|p1a: Esteem|Surf|p2b: Oranguru|[spread] p1b,p2a,p2b
|-damage|p1b: Memoria|15/100
|-damage|p2a: Malamar|46/100
|-damage|p2b: Oranguru|31/100
|
|upkeep
|turn|3
|n|☆DummyDowner|dummydowner
|c|☆DummyDowner|Ruh roh
|
|t:|1786142492
|switch|p1a: Swoon|Kingambit, L50, M|100/100
|move|p2b: Oranguru|Psychic|p1a: Swoon
|-immune|p1a: Swoon
|move|p1b: Memoria|Dazzling Gleam|p2b: Oranguru|[spread] p2a,p2b
|-supereffective|p2a: Malamar|1
|-damage|p2a: Malamar|15/100
|-damage|p2b: Oranguru|11/100
|move|p2a: Malamar|Knock Off|p1a: Swoon
|-resisted|p1a: Swoon|1
|-damage|p1a: Swoon|86/100
|-enditem|p1a: Swoon|Chople Berry|[from] move: Knock Off|[of] p2a: Malamar
|
|upkeep
|turn|4
|
|t:|1786142514
|switch|p2a: Camerupt|Camerupt, L50, F, shiny|100/100
|move|p1a: Swoon|Protect|p1a: Swoon
|-singleturn|p1a: Swoon|Protect
|move|p2b: Oranguru|Psychic|p1b: Memoria
|-damage|p1b: Memoria|0 fnt
|faint|p1b: Memoria
|
|upkeep
|
|t:|1786142530
|switch|p1b: Ateh|Politoed, L50, M, shiny|100/100
|turn|5
|
|t:|1786142546
|-end|p1a: Swoon|fallenundefined|[silent]
|switch|p1a: Esteem|Dragonite-Mega, L50, M, shiny|49/100
|move|p1b: Ateh|Protect|p1b: Ateh
|-singleturn|p1b: Ateh|Protect
|move|p2a: Camerupt|Eruption|p1a: Esteem|[spread] p1a
|-activate|p1b: Ateh|move: Protect
|-resisted|p1a: Esteem|1
|-damage|p1a: Esteem|19/100
|move|p2b: Oranguru|Instruct|p2a: Camerupt
|-singleturn|p2a: Camerupt|move: Instruct|[of] p2b: Oranguru
|move|p2a: Camerupt|Eruption|p1a: Esteem|[spread] p1a
|-activate|p1b: Ateh|move: Protect
|-resisted|p1a: Esteem|1
|-damage|p1a: Esteem|0 fnt
|faint|p1a: Esteem
|
|-fieldend|move: Trick Room
|upkeep
|
|t:|1786142562
|switch|p1a: Swoon|Kingambit, L50, M|86/100
|-activate|p1a: Swoon|ability: Supreme Overlord
|-start|p1a: Swoon|fallen2|[silent]
|turn|6
|
|t:|1786142587
|move|p2a: Camerupt|Protect|p2a: Camerupt
|-singleturn|p2a: Camerupt|Protect
|move|p1b: Ateh|Muddy Water|p2a: Camerupt|[spread] 
|-activate|p2a: Camerupt|move: Protect
|-miss|p1b: Ateh|p2b: Oranguru
|move|p1a: Swoon|Kowtow Cleave|p2b: Oranguru
|-supereffective|p2b: Oranguru|1
|-crit|p2b: Oranguru
|-damage|p2b: Oranguru|0 fnt
|faint|p2b: Oranguru
|
|upkeep
|
|t:|1786142591
|switch|p2b: Kangaskhan|Kangaskhan, L50, F|100/100
|turn|7
|
|t:|1786142605
|move|p1b: Ateh|Protect|p1b: Ateh
|-singleturn|p1b: Ateh|Protect
|move|p1a: Swoon|Protect|p1a: Swoon
|-singleturn|p1a: Swoon|Protect
|move|p2b: Kangaskhan|Fake Out|p1b: Ateh
|-activate|p1b: Ateh|move: Protect
|move|p2a: Camerupt|Eruption|p1b: Ateh|[spread] 
|-activate|p1a: Swoon|move: Protect
|-activate|p1b: Ateh|move: Protect
|
|upkeep
|turn|8
|
|t:|1786142629
|move|p1a: Swoon|Sucker Punch|p2b: Kangaskhan
|-damage|p2b: Kangaskhan|48/100
|move|p2b: Kangaskhan|Last Resort|p1b: Ateh
|-damage|p1b: Ateh|2/100
|-damage|p2b: Kangaskhan|38/100|[from] item: Life Orb
|move|p1b: Ateh|Muddy Water|p2a: Camerupt|[spread] p2a,p2b
|-supereffective|p2a: Camerupt|2
|-damage|p2a: Camerupt|0 fnt
|-damage|p2b: Kangaskhan|7/100
|-unboost|p2b: Kangaskhan|accuracy|1
|faint|p2a: Camerupt
|
|upkeep
|
|t:|1786142634
|switch|p2a: Malamar|Malamar-Mega, L50, F|15/100
|turn|9
|
|t:|1786142656
|move|p2a: Malamar|Protect|p2a: Malamar
|-singleturn|p2a: Malamar|Protect
|move|p1b: Ateh|Protect|p1b: Ateh
|-singleturn|p1b: Ateh|Protect
|move|p1a: Swoon|Protect|p1a: Swoon
|-singleturn|p1a: Swoon|Protect
|move|p2b: Kangaskhan|Last Resort|p1b: Ateh
|-activate|p1b: Ateh|move: Protect
|
|upkeep
|turn|10
|
|t:|1786142694
|move|p1a: Swoon|Sucker Punch|p2b: Kangaskhan
|-damage|p2b: Kangaskhan|0 fnt
|faint|p2b: Kangaskhan
|move|p2a: Malamar|Superpower|p1a: Swoon
|-supereffective|p1a: Swoon|2
|-damage|p1a: Swoon|0 fnt
|-boost|p2a: Malamar|atk|1
|-boost|p2a: Malamar|def|1
|faint|p1a: Swoon
|-end|p1a: Swoon|fallen2|[silent]
|move|p1b: Ateh|Muddy Water|p2a: Malamar
|-damage|p2a: Malamar|0 fnt
|faint|p2a: Malamar
|
|win|dalanores
||DummyDowner is ready for game 2.
|c|☆DummyDowner|Ggs
|inactive|dalanores has 30 seconds to confirm battle start!
|c|☆dalanores|gg
||dalanores is ready for game 2.
|uhtml|next|Next: Game 2 of 3
