|j|☆rennui-
|j|☆Ozzmousis
|html|rennui-Ozzmousis    
|uhtml|bestof|Game 2 of a best-of-3
|t:|1784926038
|gametype|doubles
|player|p1|rennui-|cheryl|1052
|player|p2|Ozzmousis|2|1000
|gen|9
|tier|[Gen 9 Champions] VGC 2026 Reg M-B (Bo3)
|rated|
|rule|Species Clause: Limit one of each Pokémon
|rule|Item Clause: Limit 1 of each item
|clearpoke
|poke|p1|Kingambit, L50, F, shiny|
|poke|p1|Charizard, L50, M, shiny|
|poke|p1|Aerodactyl, L50, F|
|poke|p1|Farigiraf, L50, M, shiny|
|poke|p1|Garchomp, L50, F|
|poke|p1|Sylveon, L50, F|
|poke|p2|Scolipede, L50, F|
|poke|p2|Sinistcha-Masterpiece, L50|
|poke|p2|Altaria, L50, F|
|poke|p2|Ceruledge, L50, M|
|poke|p2|Annihilape, L50, M|
|poke|p2|Kangaskhan, L50, F|
|teampreview|4
|showteam|p1|Kingambit||FocusSash|Defiant|KowtowCleave,IronHead,SuckerPunch,LowKick|Adamant||F|||50|]Charizard||CharizarditeY|Blaze|HeatWave,SolarBeam,WeatherBall,Protect|Modest||M|||50|]Aerodactyl||Aerodactylite|Unnerve|RockSlide,DualWingbeat,IceFang,Tailwind|Jolly||F|||50|]Farigiraf||SitrusBerry|ArmorTail|TwinBeam,HelpingHand,TrickRoom,Protect|Bold||M|||50|]Garchomp||LifeOrb|RoughSkin|RockTomb,DragonClaw,StompingTantrum,Protect|Jolly||F|||50|]Sylveon||FairyFeather|Pixilate|HyperVoice,HyperBeam,QuickAttack,Protect|Modest||F|||50|
|showteam|p2|Scolipede||Scolipite|SpeedBoost|LeechLife,PoisonJab,Protect,RockSlide|Adamant||F|||50|]Sinistcha-Masterpiece||KasibBerry|Hospitality|LifeDew,MatchaGotcha,RagePowder,TrickRoom|Bold|||||50|]Altaria||SitrusBerry|CloudNine|Tailwind,WillOWisp,Roar,DracoMeteor|Timid||F|||50|]Ceruledge||Leftovers|FlashFire|BulkUp,BitterBlade,ShadowSneak,Protect|Adamant||M|||50|]Annihilape||FocusSash|Defiant|Coaching,RockTomb,CloseCombat,Protect|Jolly||M|||50|]Kangaskhan||Kangaskhanite|Scrappy|FakeOut,IcePunch,DoubleEdge,SuckerPunch|Adamant||F|||50|
|inactive|Battle timer is ON: inactive players will automatically lose when time's up. (requested by Ozzmousis)
|inactive|rennui- also wants the timer to be on.
|inactive|Ozzmousis has 60 seconds left.
|
|t:|1784926073
|teamsize|p1|4
|teamsize|p2|4
|start
|switch|p1a: Charizard|Charizard, L50, M, shiny|100/100
|switch|p1b: Farigiraf|Farigiraf, L50, M, shiny|100/100
|switch|p2a: Scolipede|Scolipede, L50, F|100/100
|switch|p2b: Altaria|Altaria, L50, F|100/100
|-ability|p2b: Altaria|Cloud Nine
|turn|1
|inactive|Ozzmousis has 30 seconds left.
|
|t:|1784926100
|detailschange|p1a: Charizard|Charizard-Mega-Y, L50, M, shiny
|-mega|p1a: Charizard|Charizard|Charizardite Y
|-weather|SunnyDay|[from] ability: Drought|[of] p1a: Charizard
|move|p2a: Scolipede|Protect|p2a: Scolipede
|-singleturn|p2a: Scolipede|Protect
|move|p1a: Charizard|Heat Wave|p2b: Altaria|[spread] p2b
|-activate|p2a: Scolipede|move: Protect
|-resisted|p2b: Altaria|1
|-crit|p2b: Altaria
|-damage|p2b: Altaria|73/100
|move|p2b: Altaria|Roar|p1b: Farigiraf
|drag|p1b: Sylveon|Sylveon, L50, F|100/100
|
|-weather|SunnyDay|[upkeep]
|-ability|p2a: Scolipede|Speed Boost|boost
|-boost|p2a: Scolipede|spe|1
|upkeep
|turn|2
|
|t:|1784926120
|switch|p1a: Farigiraf|Farigiraf, L50, M, shiny|100/100
|detailschange|p2a: Scolipede|Scolipede-Mega, L50, F
|-mega|p2a: Scolipede|Scolipede|Scolipite
|move|p2a: Scolipede|Rock Slide|p1a: Farigiraf|[spread] p1a,p1b
|-damage|p1a: Farigiraf|80/100
|-damage|p1b: Sylveon|72/100
|move|p2b: Altaria|Tailwind|p2b: Altaria
|-sidestart|p2: Ozzmousis|move: Tailwind
|move|p1b: Sylveon|Hyper Voice|p2b: Altaria|[spread] p2a,p2b
|-resisted|p2a: Scolipede|1
|-supereffective|p2b: Altaria|1
|-damage|p2a: Scolipede|69/100
|-damage|p2b: Altaria|0 fnt
|faint|p2b: Altaria
|
|-weather|SunnyDay|[upkeep]
|upkeep
|
|t:|1784926140
|switch|p2b: Annihilape|Annihilape, L50, M|100/100
|turn|3
|inactive|rennui- has 30 seconds left.
|
|t:|1784926166
|move|p2a: Scolipede|Leech Life|p1a: Farigiraf
|-supereffective|p1a: Farigiraf|1
|-damage|p1a: Farigiraf|6/100
|-heal|p2a: Scolipede|100/100|[from] drain|[of] p1a: Farigiraf
|-enditem|p1a: Farigiraf|Sitrus Berry|[eat]
|-heal|p1a: Farigiraf|31/100|[from] item: Sitrus Berry
|move|p2b: Annihilape|Coaching|p2a: Scolipede
|-boost|p2a: Scolipede|atk|1
|-boost|p2a: Scolipede|def|1
|move|p1b: Sylveon|Hyper Voice|p2b: Annihilape|[spread] p2a,p2b
|-resisted|p2a: Scolipede|1
|-supereffective|p2b: Annihilape|1
|-damage|p2a: Scolipede|69/100
|-enditem|p2b: Annihilape|Focus Sash
|-damage|p2b: Annihilape|1/100
|move|p1a: Farigiraf|Twin Beam|p2a: Scolipede
|-supereffective|p2a: Scolipede|1
|-damage|p2a: Scolipede|34/100
|-supereffective|p2a: Scolipede|1
|-damage|p2a: Scolipede|0 fnt
|faint|p2a: Scolipede
|-hitcount|p2: Scolipede|2
|
|-weather|SunnyDay|[upkeep]
|upkeep
|
|t:|1784926186
|switch|p2a: Sinistcha|Sinistcha-Masterpiece, L50|100/100
|-heal|p2b: Annihilape|25/100|[from] ability: Hospitality|[of] p2a: Sinistcha
|turn|4
|
|t:|1784926211
|move|p1a: Farigiraf|Helping Hand|p1b: Sylveon
|-singleturn|p1b: Sylveon|Helping Hand|[of] p1a: Farigiraf
|move|p2b: Annihilape|Close Combat|p1b: Sylveon
|-resisted|p1b: Sylveon|1
|-damage|p1b: Sylveon|37/100
|-unboost|p2b: Annihilape|def|1
|-unboost|p2b: Annihilape|spd|1
|move|p2a: Sinistcha|Matcha Gotcha|p1b: Sylveon|[spread] p1b
|-miss|p2a: Sinistcha|p1a: Farigiraf
|-damage|p1b: Sylveon|16/100
|move|p1b: Sylveon|Hyper Voice|p2b: Annihilape|[spread] p2a,p2b
|-supereffective|p2b: Annihilape|1
|-damage|p2a: Sinistcha|31/100
|-damage|p2b: Annihilape|0 fnt
|faint|p2b: Annihilape
|
|-weather|SunnyDay|[upkeep]
|upkeep
|turn|5
|inactive|Ozzmousis has 30 seconds left.
|-message|Ozzmousis forfeited.
|
|win|rennui-
|raw|rennui-'s rating: 1052 → 1079(+27 for winning)
|raw|Ozzmousis's rating: 1000 → 1000(+0 for losing)
