|j|☆MessyBench
|j|☆new mental
|html|MessyBenchnew mental    
|uhtml|bestof|Game 1 of a best-of-3
|t:|1783262875
|gametype|doubles
|player|p1|MessyBench|169|1147
|player|p2|new mental|volkner|1214
|gen|9
|tier|[Gen 9 Champions] VGC 2026 Reg M-B (Bo3)
|rated|
|rule|Species Clause: Limit one of each Pokémon
|rule|Item Clause: Limit 1 of each item
|clearpoke
|poke|p1|Raichu, L50, F|
|poke|p1|Ninetales-Alola, L50, M|
|poke|p1|Rotom-Frost, L50|
|poke|p1|Kingambit, L50, M|
|poke|p1|Garchomp, L50, F|
|poke|p1|Sceptile, L50, F|
|poke|p2|Aerodactyl, L50, F|
|poke|p2|Garchomp, L50, M|
|poke|p2|Kingambit, L50, M|
|poke|p2|Charizard, L50, M|
|poke|p2|Sylveon, L50, F|
|poke|p2|Farigiraf, L50, M|
|teampreview|4
|showteam|p1|Raichu||RaichuniteX|LightningRod|FakeOut,RisingVoltage,AlluringVoice,Protect|Timid||F|||50|]Ninetales-Alola||FocusSash|SnowWarning|Blizzard,FreezeDry,Protect,AuroraVeil|Timid||M|||50|]Rotom-Frost||ChoiceScarf|Levitate|Discharge,Blizzard,Electroweb,Trick|Timid|||||50|]Kingambit||BlackGlasses|Defiant|SuckerPunch,KowtowCleave,IronHead,Protect|Adamant||M|||50|]Garchomp||LifeOrb|RoughSkin|RockSlide,Protect,StompingTantrum,PoisonJab|Jolly||F|||50|]Sceptile||Sceptilite|Overgrow|Protect,LeafStorm,DragonPulse,EarthPower|Timid||F|||50|
|showteam|p2|Aerodactyl||Aerodactylite|Unnerve|IceFang,RockSlide,Tailwind,DualWingbeat|Jolly||F|||50|]Garchomp||LifeOrb|RoughSkin|DragonClaw,StompingTantrum,Earthquake,Protect|Jolly||M|||50|]Kingambit||FocusSash|Defiant|SuckerPunch,KowtowCleave,IronHead,LowKick|Adamant||M|||50|]Charizard||CharizarditeY|SolarPower|Protect,HeatWave,SolarBeam,WeatherBall|Timid||M|||50|]Sylveon||FairyFeather|Pixilate|Protect,HyperVoice,HyperBeam,QuickAttack|Modest||F|||50|]Farigiraf||SitrusBerry|ArmorTail|TrickRoom,Thunderbolt,Psychic,Roar|Bold||M|||50|
|inactive|Battle timer is ON: inactive players will automatically lose when time's up. (requested by new mental)
|
|t:|1783262980
|teamsize|p1|4
|teamsize|p2|4
|start
|switch|p1a: Raichu|Raichu, L50, F|100/100
|switch|p1b: Rotom|Rotom-Frost, L50|100/100
|switch|p2a: Aerodactyl|Aerodactyl, L50, F|100/100
|switch|p2b: Kingambit|Kingambit, L50, M|100/100
|-ability|p2a: Aerodactyl|Unnerve
|turn|1
|
|t:|1783262997
|detailschange|p2a: Aerodactyl|Aerodactyl-Mega, L50, F
|-mega|p2a: Aerodactyl|Aerodactyl|Aerodactylite
|move|p1a: Raichu|Fake Out|p2a: Aerodactyl
|-resisted|p2a: Aerodactyl|1
|-damage|p2a: Aerodactyl|95/100
|cant|p2a: Aerodactyl|flinch
|move|p1b: Rotom|Trick|p2b: Kingambit
|-activate|p1b: Rotom|move: Trick|[of] p2b: Kingambit
|-item|p2b: Kingambit|Choice Scarf|[from] move: Trick
|-item|p1b: Rotom|Focus Sash|[from] move: Trick
|move|p2b: Kingambit|Kowtow Cleave|p1a: Raichu
|-damage|p1a: Raichu|0 fnt
|faint|p1a: Raichu
|
|upkeep
|
|t:|1783263011
|switch|p1a: Garchomp|Garchomp, L50, F|100/100
|turn|2
|
|t:|1783263021
|move|p1a: Garchomp|Protect|p1a: Garchomp
|-singleturn|p1a: Garchomp|Protect
|move|p2a: Aerodactyl|Ice Fang|p1a: Garchomp
|-activate|p1a: Garchomp|move: Protect
|move|p2b: Kingambit|Kowtow Cleave|p1b: Rotom
|-damage|p1b: Rotom|41/100
|move|p1b: Rotom|Electroweb|p2a: Aerodactyl|[spread] p2a,p2b
|-supereffective|p2a: Aerodactyl|1
|-damage|p2a: Aerodactyl|58/100
|-damage|p2b: Kingambit|79/100
|-unboost|p2a: Aerodactyl|spe|1
|-unboost|p2b: Kingambit|spe|1
|-ability|p2b: Kingambit|Defiant|boost
|-boost|p2b: Kingambit|atk|2
|
|upkeep
|turn|3
|
|t:|1783263029
|move|p1a: Garchomp|Stomping Tantrum|p2b: Kingambit
|-supereffective|p2b: Kingambit|1
|-damage|p2b: Kingambit|0 fnt
|faint|p2b: Kingambit
|-damage|p1a: Garchomp|90/100|[from] item: Life Orb
|move|p2a: Aerodactyl|Tailwind|p2a: Aerodactyl
|-sidestart|p2: new mental|move: Tailwind
|move|p1b: Rotom|Discharge|p2a: Aerodactyl|[spread] p2a
|-immune|p1a: Garchomp
|-supereffective|p2a: Aerodactyl|1
|-damage|p2a: Aerodactyl|6/100
|-status|p2a: Aerodactyl|par
|
|upkeep
|
|t:|1783263043
|switch|p2b: Sylveon|Sylveon, L50, F|100/100
|turn|4
|
|t:|1783263051
|move|p1a: Garchomp|Protect|p1a: Garchomp
|-singleturn|p1a: Garchomp|Protect
|move|p2b: Sylveon|Hyper Voice|p1a: Garchomp|[spread] p1b
|-activate|p1a: Garchomp|move: Protect
|-damage|p1b: Rotom|0 fnt
|faint|p1b: Rotom
|move|p2a: Aerodactyl|Rock Slide|p1a: Garchomp
|-activate|p1a: Garchomp|move: Protect
|
|upkeep
|
|t:|1783263057
|switch|p1b: Ninetales|Ninetales-Alola, L50, M|100/100
|-weather|Snowscape|[from] ability: Snow Warning|[of] p1b: Ninetales
|turn|5
|
|t:|1783263062
|move|p2b: Sylveon|Hyper Voice|p1b: Ninetales|[spread] p1a,p1b
|-supereffective|p1a: Garchomp|1
|-damage|p1a: Garchomp|0 fnt
|-damage|p1b: Ninetales|45/100
|faint|p1a: Garchomp
|move|p1b: Ninetales|Blizzard|p2b: Sylveon|[spread] p2a,p2b
|-supereffective|p2a: Aerodactyl|1
|-damage|p2a: Aerodactyl|0 fnt
|-damage|p2b: Sylveon|76/100
|faint|p2a: Aerodactyl
|
|-weather|Snowscape|[upkeep]
|upkeep
|
|t:|1783263064
|switch|p2a: Charizard|Charizard, L50, M|100/100
|turn|6
|
|t:|1783263077
|move|p2a: Charizard|Heat Wave|p1b: Ninetales
|-supereffective|p1b: Ninetales|1
|-damage|p1b: Ninetales|0 fnt
|faint|p1b: Ninetales
|
|win|new mental
||MessyBench is ready for game 2.
||new mental is ready for game 2.
|uhtml|next|Next: Game 2 of 3
|l|☆MessyBench
|player|p1|
