|j|☆toxiccroc12
|j|☆Natsuharusama
|html|toxiccroc12Natsuharusama    
|uhtml|bestof|Game 1 of a best-of-3
|t:|1785990095
|gametype|doubles
|player|p1|toxiccroc12|1|1167
|player|p2|Natsuharusama|pokemaniac|1058
|gen|9
|tier|[Gen 9 Champions] VGC 2026 Reg M-B (Bo3)
|rated|
|rule|Species Clause: Limit one of each Pokémon
|rule|Item Clause: Limit 1 of each item
|clearpoke
|poke|p1|Staraptor, L50, M|
|poke|p1|Glimmora, L50, F|
|poke|p1|Whimsicott, L50, F|
|poke|p1|Kingambit, L50, M|
|poke|p1|Garchomp, L50, M|
|poke|p1|Delphox, L50, M|
|poke|p2|Froslass, L50, F, shiny|
|poke|p2|Sinistcha-Masterpiece, L50, shiny|
|poke|p2|Ninetales-Alola, L50, M, shiny|
|poke|p2|Sneasler, L50, F, shiny|
|poke|p2|Basculegion, L50, M, shiny|
|poke|p2|Dragonite, L50, M, shiny|
|teampreview|4
|showteam|p1|Staraptor||Staraptite|Intimidate|CloseCombat,BraveBird,Roost,Protect|Jolly||M|||50|]Glimmora||FocusSash|ToxicDebris|PowerGem,SludgeBomb,EarthPower,SpikyShield|Modest||F|||50|]Whimsicott||OccaBerry|Prankster|Tailwind,Moonblast,Charm,LightScreen|Timid||F|||50|]Kingambit||ChopleBerry|Defiant|KowtowCleave,IronHead,LowKick,SuckerPunch|Adamant||M|||50|]Garchomp||ChoiceScarf|RoughSkin|Earthquake,DragonClaw,RockSlide,StompingTantrum|Adamant||M|||50|]Delphox||Delphoxite|Blaze|HeatWave,Psychic,Encore,Protect|Timid||M|||50|
|showteam|p2|Froslass||Froslassite|SnowCloak|Blizzard,ShadowBall,Protect,NastyPlot|Timid||F|||50|]Sinistcha-Masterpiece||SitrusBerry|Hospitality|MatchaGotcha,ShadowBall,Imprison,RagePowder|Calm|||||50|]Ninetales-Alola||NeverMeltIce|SnowWarning|Blizzard,AuroraVeil,Moonblast,Protect|Modest||M|||50|]Sneasler||WhiteHerb|PoisonTouch|FakeOut,DireClaw,CloseCombat,Protect|Jolly||F|||50|]Basculegion||LifeOrb|Adaptability|WaveCrash,AquaJet,LastRespects,Protect|Adamant||M|||50|]Dragonite||Dragoninite|Multiscale|Blizzard,Protect,DragonPulse,ExtremeSpeed|Quiet||M|||50|
|
|t:|1785990138
|teamsize|p1|4
|teamsize|p2|4
|start
|switch|p1a: Glimmora|Glimmora, L50, F|100/100
|switch|p1b: Whimsicott|Whimsicott, L50, F|100/100
|switch|p2a: Froslass|Froslass, L50, F, shiny|100/100
|switch|p2b: Sneasler|Sneasler, L50, F, shiny|100/100
|turn|1
|inactive|Battle timer is ON: inactive players will automatically lose when time's up. (requested by Natsuharusama)
|
|t:|1785990177
|detailschange|p2a: Froslass|Froslass-Mega, L50, F, shiny
|-mega|p2a: Froslass|Froslass|Froslassite
|-weather|Snowscape|[from] ability: Snow Warning|[of] p2a: Froslass
|move|p2b: Sneasler|Fake Out|p1b: Whimsicott
|-damage|p1b: Whimsicott|85/100
|cant|p1b: Whimsicott|flinch
|move|p2a: Froslass|Nasty Plot|p2a: Froslass
|-boost|p2a: Froslass|spa|2
|move|p1a: Glimmora|Earth Power|p2b: Sneasler
|-supereffective|p2b: Sneasler|1
|-damage|p2b: Sneasler|3/100
|
|-weather|Snowscape|[upkeep]
|upkeep
|turn|2
|inactive|toxiccroc12 has 30 seconds left.
|inactive|Natsuharusama has 30 seconds left.
|inactive|toxiccroc12 has 20 seconds left.
|inactive|Natsuharusama has 20 seconds left.
|inactive|Natsuharusama has 15 seconds left.
|inactive|Natsuharusama has 10 seconds left.
|
|t:|1785990229
|switch|p2b: Basculegion|Basculegion, L50, M, shiny|100/100
|move|p1b: Whimsicott|Tailwind|p1b: Whimsicott
|-sidestart|p1: toxiccroc12|move: Tailwind
|move|p1a: Glimmora|Power Gem|p2a: Froslass
|-supereffective|p2a: Froslass|1
|-damage|p2a: Froslass|0 fnt
|faint|p2a: Froslass
|
|-weather|Snowscape|[upkeep]
|upkeep
|
|t:|1785990238
|switch|p2a: Sneasler|Sneasler, L50, F, shiny|3/100
|turn|3
|inactive|toxiccroc12 has 30 seconds left.
|
|t:|1785990271
|move|p2a: Sneasler|Fake Out|p1a: Glimmora
|-resisted|p1a: Glimmora|1
|-damage|p1a: Glimmora|91/100
|-activate|p1a: Glimmora|ability: Toxic Debris
|-sidestart|p2: Natsuharusama|move: Toxic Spikes
|move|p1b: Whimsicott|Moonblast|p2a: Sneasler
|-damage|p2a: Sneasler|0 fnt
|faint|p2a: Sneasler
|cant|p1a: Glimmora|flinch
|move|p2b: Basculegion|Wave Crash|p1a: Glimmora
|-supereffective|p1a: Glimmora|1
|-damage|p1a: Glimmora|0 fnt
|-activate|p1a: Glimmora|ability: Toxic Debris
|-sidestart|p2: Natsuharusama|move: Toxic Spikes
|faint|p1a: Glimmora
|-damage|p2b: Basculegion|75/100|[from] Recoil
|-damage|p2b: Basculegion|65/100|[from] item: Life Orb
|
|-weather|Snowscape|[upkeep]
|upkeep
|inactive|Natsuharusama has 30 seconds left.
|
|t:|1785990299
|switch|p2a: Sinistcha|Sinistcha-Masterpiece, L50, shiny|100/100
|switch|p1a: Kingambit|Kingambit, L50, M|100/100
|-status|p2a: Sinistcha|tox
|-heal|p2b: Basculegion|90/100|[from] ability: Hospitality|[of] p2a: Sinistcha
|turn|4
|
|t:|1785990319
|move|p2a: Sinistcha|Rage Powder|p2a: Sinistcha
|-singleturn|p2a: Sinistcha|move: Rage Powder
|move|p1b: Whimsicott|Charm|p2b: Basculegion
|-unboost|p2b: Basculegion|atk|2
|move|p1a: Kingambit|Kowtow Cleave|p2a: Sinistcha
|-supereffective|p2a: Sinistcha|1
|-damage|p2a: Sinistcha|10/100 tox
|-enditem|p2a: Sinistcha|Sitrus Berry|[eat]
|-heal|p2a: Sinistcha|35/100 tox|[from] item: Sitrus Berry
|move|p2b: Basculegion|Wave Crash|p1a: Kingambit
|-damage|p1a: Kingambit|59/100
|-damage|p2b: Basculegion|77/100|[from] Recoil
|-damage|p2b: Basculegion|67/100|[from] item: Life Orb
|
|-weather|Snowscape|[upkeep]
|-damage|p2a: Sinistcha|29/100 tox|[from] psn
|upkeep
|turn|5
|-message|Natsuharusama forfeited.
|
|win|toxiccroc12
|l|☆Natsuharusama
|player|p2|
||Natsuharusama is ready for game 2.
