|j|☆Klefastra
|j|☆gentlemangarby
|html|Klefastragentlemangarby    
|uhtml|bestof|Game 2 of a best-of-3
|t:|1783619134
|gametype|doubles
|player|p1|Klefastra|shauntal|
|player|p2|gentlemangarby|crasherwake|
|gen|9
|tier|[Gen 9 Champions] VGC 2026 Reg M-B (Bo3)
|rule|Species Clause: Limit one of each Pokémon
|rule|Item Clause: Limit 1 of each item
|clearpoke
|poke|p1|Charizard, L50, F|
|poke|p1|Floette-Eternal, L50, F|
|poke|p1|Whimsicott, L50, M|
|poke|p1|Kingambit, L50, M|
|poke|p1|Garchomp, L50, F|
|poke|p1|Basculegion, L50, M|
|poke|p2|Sneasler, L50, M|
|poke|p2|Farigiraf, L50, M|
|poke|p2|Camerupt, L50, M|
|poke|p2|Primarina, L50, M|
|poke|p2|Sinistcha, L50|
|poke|p2|Kingambit, L50, F|
|teampreview|4
|showteam|p1|Charizard||CharizarditeY|Blaze|HeatWave,WeatherBall,SolarBeam,Protect|Modest||F|||50|]Floette-Eternal||Floettite|FlowerVeil|DazzlingGleam,Protect,Moonblast,LightofRuin|Modest||F|||50|]Whimsicott||FocusSash|Prankster|Moonblast,Protect,Tailwind,Encore|Timid||M|||50|]Kingambit||ChopleBerry|Defiant|KowtowCleave,SuckerPunch,IronHead,Protect|Adamant||M|||50|]Garchomp||RoseliBerry|RoughSkin|DragonClaw,Earthquake,RockSlide,PoisonJab|Jolly||F|||50|]Basculegion||LifeOrb|Adaptability|WaveCrash,LastRespects,AquaJet,Protect|Adamant||M|||50|
|showteam|p2|Sneasler||IronBall|Unburden|CloseCombat,GunkShot,Fling,FakeOut|Adamant||M|||50|]Farigiraf||SitrusBerry|ArmorTail|Psychic,Thunderbolt,Protect,TrickRoom|Bold||M|||50|]Camerupt||Cameruptite|SolidRock|HeatWave,EarthPower,AncientPower,Protect|Quiet||M|||50|]Primarina||LifeOrb|LiquidVoice|HyperVoice,Moonblast,AquaJet,Protect|Quiet||M|||50|]Sinistcha||FocusSash|Hospitality|MatchaGotcha,ShadowBall,RagePowder,TrickRoom|Quiet|||||50|]Kingambit||BlackGlasses|Defiant|KowtowCleave,SuckerPunch,IronHead,SwordsDance|Brave||F|||50|
|j| Autin Mago
|j| LunarMageMystia
|j| lylysha
|
|t:|1783619198
|teamsize|p1|4
|teamsize|p2|4
|start
|switch|p1a: Charizard|Charizard, L50, F|100/100
|switch|p1b: Garchomp|Garchomp, L50, F|100/100
|switch|p2a: Farigiraf|Farigiraf, L50, M|100/100
|switch|p2b: Sneasler|Sneasler, L50, M|100/100
|turn|1
|
|t:|1783619212
|detailschange|p1a: Charizard|Charizard-Mega-Y, L50, F
|-mega|p1a: Charizard|Charizard|Charizardite Y
|-weather|SunnyDay|[from] ability: Drought|[of] p1a: Charizard
|move|p2b: Sneasler|Fake Out|p1a: Charizard
|-damage|p1a: Charizard|85/100
|move|p1b: Garchomp|Rock Slide|p2b: Sneasler|[spread] p2b
|-miss|p1b: Garchomp|p2a: Farigiraf
|-resisted|p2b: Sneasler|1
|-damage|p2b: Sneasler|88/100
|cant|p1a: Charizard|flinch
|move|p2a: Farigiraf|Trick Room|p2a: Farigiraf
|-fieldstart|move: Trick Room|[of] p2a: Farigiraf
|
|-weather|SunnyDay|[upkeep]
|upkeep
|turn|2
|
|t:|1783619234
|move|p2b: Sneasler|Close Combat|p1b: Garchomp
|-damage|p1b: Garchomp|39/100
|-unboost|p2b: Sneasler|def|1
|-unboost|p2b: Sneasler|spd|1
|-damage|p2b: Sneasler|76/100|[from] ability: Rough Skin|[of] p1b: Garchomp
|move|p2a: Farigiraf|Psychic|p1b: Garchomp
|-damage|p1b: Garchomp|4/100
|move|p1a: Charizard|Heat Wave|p2b: Sneasler|[spread] p2a,p2b
|-damage|p2a: Farigiraf|41/100
|-damage|p2b: Sneasler|0 fnt
|-enditem|p2a: Farigiraf|Sitrus Berry|[eat]
|-heal|p2a: Farigiraf|66/100|[from] item: Sitrus Berry
|faint|p2b: Sneasler
|move|p1b: Garchomp|Earthquake|p2a: Farigiraf|[spread] p2a
|-immune|p1a: Charizard
|-damage|p2a: Farigiraf|38/100
|
|-weather|SunnyDay|[upkeep]
|upkeep
|
|t:|1783619244
|switch|p2b: Primarina|Primarina, L50, M|100/100
|turn|3
|
|t:|1783619263
|move|p1a: Charizard|Protect|p1a: Charizard
|-singleturn|p1a: Charizard|Protect
|move|p2b: Primarina|Hyper Voice|p1a: Charizard|[spread] p1b
|-activate|p1a: Charizard|move: Protect
|-damage|p1b: Garchomp|0 fnt
|faint|p1b: Garchomp
|-damage|p2b: Primarina|90/100|[from] item: Life Orb
|move|p2a: Farigiraf|Thunderbolt|p1a: Charizard
|-activate|p1a: Charizard|move: Protect
|
|-weather|SunnyDay|[upkeep]
|upkeep
|
|t:|1783619274
|switch|p1b: Kingambit|Kingambit, L50, M|100/100
|turn|4
|
|t:|1783619297
|switch|p2a: Kingambit|Kingambit, L50, F|100/100
|move|p1b: Kingambit|Kowtow Cleave|p2a: Kingambit
|-resisted|p2a: Kingambit|1
|-damage|p2a: Kingambit|81/100
|move|p2b: Primarina|Hyper Voice|p1b: Kingambit|[spread] p1a,p1b
|-supereffective|p1a: Charizard|1
|-damage|p1a: Charizard|43/100
|-damage|p1b: Kingambit|76/100
|-damage|p2b: Primarina|81/100|[from] item: Life Orb
|move|p1a: Charizard|Solar Beam||[still]
|-prepare|p1a: Charizard|Solar Beam
|-anim|p1a: Charizard|Solar Beam|p2b: Primarina
|-supereffective|p2b: Primarina|1
|-damage|p2b: Primarina|5/100
|
|-weather|SunnyDay|[upkeep]
|upkeep
|turn|5
|
|t:|1783619328
|move|p2b: Primarina|Protect|p2b: Primarina
|-singleturn|p2b: Primarina|Protect
|move|p1a: Charizard|Protect|p1a: Charizard
|-singleturn|p1a: Charizard|Protect
|move|p2a: Kingambit|Kowtow Cleave|p1a: Charizard
|-activate|p1a: Charizard|move: Protect
|move|p1b: Kingambit|Kowtow Cleave|p2b: Primarina
|-activate|p2b: Primarina|move: Protect
|
|-weather|none
|-fieldend|move: Trick Room
|upkeep
|turn|6
|
|t:|1783619355
|move|p2a: Kingambit|Sucker Punch|p1a: Charizard
|-damage|p1a: Charizard|0 fnt
|faint|p1a: Charizard
|move|p2b: Primarina|Moonblast|p1b: Kingambit
|-damage|p1b: Kingambit|7/100
|-damage|p2b: Primarina|0 fnt|[from] item: Life Orb
|faint|p2b: Primarina
|move|p1b: Kingambit|Kowtow Cleave|p2a: Kingambit
|-resisted|p2a: Kingambit|1
|-damage|p2a: Kingambit|63/100
|
|upkeep
|
|t:|1783619361
|switch|p1a: Basculegion|Basculegion, L50, M|100/100
|switch|p2b: Farigiraf|Farigiraf, L50, M|38/100
|turn|7
|
|t:|1783619385
|move|p1a: Basculegion|Protect|p1a: Basculegion
|-singleturn|p1a: Basculegion|Protect
|move|p2b: Farigiraf|Thunderbolt|p1b: Kingambit
|-damage|p1b: Kingambit|0 fnt
|faint|p1b: Kingambit
|move|p2a: Kingambit|Kowtow Cleave|p1a: Basculegion
|-activate|p1a: Basculegion|move: Protect
|
|upkeep
|turn|8
|
|t:|1783619392
|move|p2a: Kingambit|Sucker Punch|p1a: Basculegion
|-supereffective|p1a: Basculegion|1
|-damage|p1a: Basculegion|0 fnt
|faint|p1a: Basculegion
|
|win|gentlemangarby
|c|☆gentlemangarby|ggwp
|l| Autin Mago
|l| lylysha
|l| LunarMageMystia
|c|☆Klefastra|ggwp
