|j|☆Shabalako
|j|☆ErTest25
|html|ShabalakoErTest25    
|uhtml|bestof|Game 2 of a best-of-3
|t:|1756757638
|gametype|doubles
|player|p1|Shabalako|102|1069
|player|p2|ErTest25|infielder|1000
|gen|9
|tier|[Gen 9] VGC 2025 Reg H (Bo3)
|rated|
|rule|Species Clause: Limit one of each Pokémon
|rule|Item Clause: Limit 1 of each item
|clearpoke
|poke|p1|Dachsbun, L50, M|
|poke|p1|Torkoal, L50, M|
|poke|p1|Typhlosion-Hisui, L50, M|
|poke|p1|Kingambit, L50, F|
|poke|p1|Rillaboom, L50, M|
|poke|p1|Zoroark-Hisui, L50, M|
|poke|p2|Archaludon, L50, F|
|poke|p2|Gholdengo, L50|
|poke|p2|Ursaluna, L50, M|
|poke|p2|Pelipper, L50, F|
|poke|p2|Sinistcha-Masterpiece, L50|
|poke|p2|Dragonite, L50, F|
|teampreview|4
|showteam|p1|Dachsbun||Leftovers|WellBakedBody|BodyPress,Snarl,Rest,Yawn|||M|||50|,,,,,Steel]Torkoal||SitrusBerry|Drought|WeatherBall,Eruption,LavaPlume,Protect|||M|||50|,,,,,Dragon]Typhlosion-Hisui||ChoiceScarf|Blaze|Eruption,ShadowBall,LavaPlume,Overheat|||M|||50|,,,,,Dark]Kingambit||SafetyGoggles|Defiant|SuckerPunch,Assurance,Protect,SwordsDance|||F|||50|,,,,,Dark]Rillaboom||AssaultVest|GrassySurge|FakeOut,GrassyGlide,WoodHammer,Uturn|||M|||50|,,,,,Grass]Zoroark-Hisui||ChoiceSpecs|Illusion|Snarl,BitterMalice,HyperVoice,HyperBeam|||M|||50|,,,,,Normal
|showteam|p2|Archaludon||AssaultVest|Stamina|FlashCannon,ElectroShot,BodyPress,Snarl|||F|||50|,,,,,Fighting]Gholdengo||ChoiceScarf|GoodasGold|MakeItRain,ShadowBall,PowerGem,Trick||||||50|,,,,,Flying]Ursaluna||FlameOrb|Guts|HeadlongRush,Facade,Earthquake,Protect|||M|||50|,,,,,Water]Pelipper||SafetyGoggles|Drizzle|MuddyWater,Hurricane,Tailwind,Protect|||F|||50|,,,,,Steel]Sinistcha-Masterpiece||SitrusBerry|Hospitality|MatchaGotcha,LifeDew,RagePowder,TrickRoom||||||50|,,,,,Grass]Dragonite||LoadedDice|Multiscale|ScaleShot,Tailwind,Haze,Protect|||F|||50|,,,,,Dragon
|inactive|Battle timer is ON: inactive players will automatically lose when time's up. (requested by Shabalako)
|
|t:|1756757684
|teamsize|p1|4
|teamsize|p2|4
|start
|switch|p1a: Typhlosion|Typhlosion-Hisui, L50, M|100/100
|switch|p1b: Kingambit|Kingambit, L50, F, shiny|100/100
|switch|p2a: Sinistcha|Sinistcha-Masterpiece, L50|100/100
|switch|p2b: Pelipper|Pelipper, L50, F|100/100
|-weather|RainDance|[from] ability: Drizzle|[of] p2b: Pelipper
|turn|1
|inactive|Shabalako has 30 seconds left.
|inactive|ErTest25 has 30 seconds left.
|inactive|Shabalako has 20 seconds left.
|inactive|ErTest25 has 20 seconds left.
|inactive|ErTest25 has 15 seconds left.
|
|t:|1756757729
|move|p1a: Typhlosion|Snarl|p2b: Pelipper|[spread] p2a
|-miss|p1a: Typhlosion|p2b: Pelipper
|-supereffective|p2a: Sinistcha
|-damage|p2a: Sinistcha|65/100
|-unboost|p2a: Sinistcha|spa|1
|move|p2b: Pelipper|Tailwind|p2b: Pelipper
|-sidestart|p2: ErTest25|move: Tailwind
|move|p2a: Sinistcha|Matcha Gotcha|p1b: Kingambit|[spread] p1a,p1b
|-resisted|p1b: Kingambit
|-damage|p1a: Typhlosion|65/100
|-heal|p2a: Sinistcha|77/100|[from] drain|[of] p1a: Typhlosion
|-damage|p1b: Kingambit|92/100
|-heal|p2a: Sinistcha|83/100|[from] drain|[of] p1b: Kingambit
|replace|p1a: Zoroark|Zoroark-Hisui, L50, M, shiny
|-end|p1a: Zoroark|Illusion
|move|p1b: Kingambit|Assurance|p2b: Pelipper
|-damage|p2b: Pelipper|62/100
|
|-weather|RainDance|[upkeep]
|upkeep
|turn|2
|inactive|Shabalako has 30 seconds left.
|inactive|ErTest25 has 30 seconds left.
|inactive|ErTest25 has 20 seconds left.
|
|t:|1756757765
|move|p2b: Pelipper|Muddy Water|p1a: Zoroark|[spread] p1a,p1b
|-damage|p1a: Zoroark|0 fnt
|-damage|p1b: Kingambit|47/100
|faint|p1a: Zoroark
|move|p2a: Sinistcha|Matcha Gotcha|p1b: Kingambit
|-resisted|p1b: Kingambit
|-damage|p1b: Kingambit|37/100
|-heal|p2a: Sinistcha|89/100|[from] drain|[of] p1b: Kingambit
|move|p1b: Kingambit|Assurance|p2b: Pelipper
|-damage|p2b: Pelipper|17/100
|
|-weather|RainDance|[upkeep]
|upkeep
|
|t:|1756757785
|switch|p1a: Typhlosion|Typhlosion-Hisui, L50, M|100/100
|turn|3
|
|t:|1756757794
|switch|p1b: Torkoal|Torkoal, L50, M|100/100
|-weather|SunnyDay|[from] ability: Drought|[of] p1b: Torkoal
|move|p2a: Sinistcha|Rage Powder|p2a: Sinistcha
|-singleturn|p2a: Sinistcha|move: Rage Powder
|move|p2b: Pelipper|Muddy Water|p1a: Typhlosion|[spread] p1a,p1b
|-supereffective|p1a: Typhlosion
|-supereffective|p1b: Torkoal
|-damage|p1a: Typhlosion|64/100
|-damage|p1b: Torkoal|65/100
|move|p1a: Typhlosion|Eruption|p2b: Pelipper|[spread] p2a,p2b
|-supereffective|p2a: Sinistcha
|-resisted|p2b: Pelipper
|-damage|p2a: Sinistcha|0 fnt
|-damage|p2b: Pelipper|0 fnt
|faint|p2a: Sinistcha
|faint|p2b: Pelipper
|
|-weather|SunnyDay|[upkeep]
|upkeep
|
|t:|1756757805
|switch|p2b: Ursaluna|Ursaluna, L50, M|100/100
|switch|p2a: Dragonite|Dragonite, L50, F|100/100
|turn|4
|inactive|Shabalako has 30 seconds left.
|inactive|Shabalako has 20 seconds left.
|inactive|Shabalako has 15 seconds left.
|
|t:|1756757850
|-terastallize|p2b: Ursaluna|Water
|move|p2a: Dragonite|Scale Shot|p1a: Typhlosion
|-damage|p1a: Typhlosion|48/100
|-damage|p1a: Typhlosion|31/100
|-damage|p1a: Typhlosion|14/100
|-damage|p1a: Typhlosion|0 fnt
|faint|p1a: Typhlosion
|-hitcount|p1: Typhlosion|4
|-unboost|p2a: Dragonite|def|1
|-boost|p2a: Dragonite|spe|1
|move|p2b: Ursaluna|Earthquake|p1b: Torkoal|[spread] p1b
|-immune|p2a: Dragonite
|-supereffective|p1b: Torkoal
|-damage|p1b: Torkoal|0 fnt
|faint|p1b: Torkoal
|
|-weather|SunnyDay|[upkeep]
|-sideend|p2: ErTest25|move: Tailwind
|-status|p2b: Ursaluna|brn|[from] item: Flame Orb
|upkeep
|
|t:|1756757868
|switch|p1a: Kingambit|Kingambit, L50, F, shiny|37/100
|turn|5
|
|t:|1756757880
|-terastallize|p1a: Kingambit|Dark
|move|p1a: Kingambit|Sucker Punch|p2b: Ursaluna
|-damage|p2b: Ursaluna|53/100 brn
|move|p2a: Dragonite|Tailwind|p2a: Dragonite
|-sidestart|p2: ErTest25|move: Tailwind
|move|p2b: Ursaluna|Headlong Rush|p1a: Kingambit
|-damage|p1a: Kingambit|0 fnt
|-unboost|p2b: Ursaluna|def|1
|-unboost|p2b: Ursaluna|spd|1
|faint|p1a: Kingambit
|
|win|ErTest25
