|j|☆TobiYume
|j|☆ReonaReona
|html|TobiYumeReonaReona    
|uhtml|bestof|Game 3 of a best-of-3
|t:|1757008952
|gametype|doubles
|player|p1|TobiYume|roxie|1092
|player|p2|ReonaReona|dawn|1088
|gen|9
|tier|[Gen 9] VGC 2025 Reg H (Bo3)
|rated|
|rule|Species Clause: Limit one of each Pokémon
|rule|Item Clause: Limit 1 of each item
|clearpoke
|poke|p1|Garchomp, L50, M|
|poke|p1|Talonflame, L50, F|
|poke|p1|Sylveon, L50, F|
|poke|p1|Tyranitar, L50, M|
|poke|p1|Decidueye-Hisui, L50, F|
|poke|p1|Gholdengo, L50|
|poke|p2|Talonflame, L50, F|
|poke|p2|Indeedee, L50, M|
|poke|p2|Garchomp, L50, F|
|poke|p2|Sneasler, L50, M|
|poke|p2|Glaceon, L50, M|
|poke|p2|Ninetales-Alola, L50, M|
|teampreview|4
|showteam|p1|Garchomp||LifeOrb|RoughSkin|DragonClaw,StompingTantrum,Earthquake,Protect|||M|||50|,,,,,Steel]Talonflame||CovertCloak|GaleWings|Tailwind,WillOWisp,BraveBird,Taunt|||F|||50|,,,,,Grass]Sylveon||ThroatSpray|Pixilate|HyperVoice,HyperBeam,TeraBlast,Protect|||F|||50|,,,,,Water]Tyranitar||AssaultVest|SandStream|RockSlide,KnockOff,TeraBlast,LowKick|||M|||50|,,,,,Flying]Decidueye-Hisui||RazorClaw|Scrappy|TripleArrows,LeafBlade,SuckerPunch,Protect|||F|||50|,,,,,Fire]Gholdengo||Leftovers|GoodasGold|MakeItRain,ShadowBall,NastyPlot,Protect||||||50|,,,,,Dragon
|showteam|p2|Talonflame||CovertCloak|GaleWings|Tailwind,BraveBird,TemperFlare,DualWingbeat|||F|||50|,,,,,Fire]Indeedee||FocusSash|PsychicSurge|ExpandingForce,TeraBlast,Protect,DazzlingGleam|||M|||50|,,,,,Fighting]Garchomp||ChoiceBand|RoughSkin|Earthquake,RockSlide,DragonClaw,Outrage|||F|||50|,,,,,Ground]Sneasler||PsychicSeed|Unburden|DireClaw,CloseCombat,ThroatChop,Protect|||M|||50|,,,,,Fighting]Glaceon||BrightPowder|SnowCloak|Blizzard,FreezeDry,TeraBlast,Protect|||M|||50|,,,,,Fire]Ninetales-Alola||ChoiceSpecs|SnowWarning|Blizzard,FreezeDry,DazzlingGleam,Protect|||M|||50|,,,,,Ice
|inactive|Battle timer is ON: inactive players will automatically lose when time's up. (requested by ReonaReona)
|
|t:|1757008976
|teamsize|p1|4
|teamsize|p2|4
|start
|switch|p1a: Elie|Talonflame, L50, F|100/100
|switch|p1b: Lloyd|Garchomp, L50, M|100/100
|switch|p2a: Talonflame|Talonflame, L50, F|100/100
|switch|p2b: Ninetales|Ninetales-Alola, L50, M|100/100
|-weather|Snowscape|[from] ability: Snow Warning|[of] p2b: Ninetales
|turn|1
|inactive|TobiYume has 30 seconds left.
|
|t:|1757009010
|switch|p1a: Randy|Tyranitar, L50, M|100/100
|-weather|Sandstorm|[from] ability: Sand Stream|[of] p1a: Randy
|switch|p1b: Wazy|Gholdengo, L50|100/100
|move|p2a: Talonflame|Tailwind|p2a: Talonflame
|-sidestart|p2: ReonaReona|move: Tailwind
|move|p2b: Ninetales|Blizzard|p1b: Wazy|[spread] p1a,p1b
|-resisted|p1b: Wazy
|-damage|p1a: Randy|80/100
|-damage|p1b: Wazy|77/100
|
|-weather|Sandstorm|[upkeep]
|-damage|p2a: Talonflame|95/100|[from] Sandstorm
|-damage|p2b: Ninetales|94/100|[from] Sandstorm
|-heal|p1b: Wazy|83/100|[from] item: Leftovers
|upkeep
|turn|2
|inactive|ReonaReona has 30 seconds left.
|inactive|ReonaReona has 20 seconds left.
|
|t:|1757009047
|switch|p2b: Garchomp|Garchomp, L50, F|100/100
|-terastallize|p2a: Talonflame|Fire
|move|p1b: Wazy|Protect|p1b: Wazy
|-singleturn|p1b: Wazy|Protect
|move|p2a: Talonflame|Temper Flare|p1b: Wazy
|-activate|p1b: Wazy|move: Protect
|move|p1a: Randy|Rock Slide|p2a: Talonflame|[spread] p2a,p2b
|-supereffective|p2a: Talonflame
|-resisted|p2b: Garchomp
|-damage|p2a: Talonflame|3/100
|-damage|p2b: Garchomp|84/100
|
|-weather|Sandstorm|[upkeep]
|-damage|p2a: Talonflame|0 fnt|[from] Sandstorm
|faint|p2a: Talonflame
|-heal|p1b: Wazy|90/100|[from] item: Leftovers
|upkeep
|
|t:|1757009061
|switch|p2a: Ninetales|Ninetales-Alola, L50, M|94/100
|-weather|Snowscape|[from] ability: Snow Warning|[of] p2a: Ninetales
|turn|3
|
|t:|1757009070
|-terastallize|p1a: Randy|Flying
|move|p2a: Ninetales|Blizzard|p1b: Wazy|[spread] p1a,p1b
|-supereffective|p1a: Randy
|-resisted|p1b: Wazy
|-damage|p1a: Randy|22/100
|-damage|p1b: Wazy|66/100
|move|p2b: Garchomp|Outrage|p1b: Wazy
|-resisted|p1b: Wazy
|-damage|p1b: Wazy|20/100
|move|p1b: Wazy|Make It Rain|p2b: Garchomp|[spread] p2a,p2b
|-supereffective|p2a: Ninetales
|-crit|p2a: Ninetales
|-damage|p2a: Ninetales|0 fnt
|-damage|p2b: Garchomp|40/100
|-unboost|p1b: Wazy|spa|1
|faint|p2a: Ninetales
|move|p1a: Randy|Rock Slide|p2b: Garchomp
|-resisted|p2b: Garchomp
|-damage|p2b: Garchomp|18/100
|
|-weather|Snowscape|[upkeep]
|-heal|p1b: Wazy|26/100|[from] item: Leftovers
|upkeep
|
|t:|1757009075
|switch|p2a: Indeedee|Indeedee, L50, M|100/100
|-fieldstart|move: Psychic Terrain|[from] ability: Psychic Surge|[of] p2a: Indeedee
|turn|4
|
|t:|1757009091
|switch|p1a: Elie|Talonflame, L50, F|100/100
|move|p1b: Wazy|Protect|p1b: Wazy
|-singleturn|p1b: Wazy|Protect
|move|p2b: Garchomp|Outrage|p1b: Wazy|[from] lockedmove
|-activate|p1b: Wazy|move: Protect
|-start|p2b: Garchomp|confusion|[fatigue]
|move|p2a: Indeedee|Expanding Force|p1b: Wazy|[spread] p1a
|-activate|p1b: Wazy|move: Protect
|-damage|p1a: Elie|28/100
|
|-weather|Snowscape|[upkeep]
|-heal|p1b: Wazy|32/100|[from] item: Leftovers
|-sideend|p2: ReonaReona|move: Tailwind
|upkeep
|turn|5
|
|t:|1757009104
|move|p1a: Elie|Tailwind|p1a: Elie
|-sidestart|p1: TobiYume|move: Tailwind
|move|p1b: Wazy|Make It Rain|p2a: Indeedee|[spread] p2a,p2b
|-damage|p2a: Indeedee|65/100
|-damage|p2b: Garchomp|0 fnt
|-unboost|p1b: Wazy|spa|1
|faint|p2b: Garchomp
|move|p2a: Indeedee|Expanding Force|p1b: Wazy|[spread] p1a,p1b
|-resisted|p1b: Wazy
|-damage|p1a: Elie|0 fnt
|-damage|p1b: Wazy|5/100
|faint|p1a: Elie
|
|-weather|Snowscape|[upkeep]
|-heal|p1b: Wazy|11/100|[from] item: Leftovers
|upkeep
|
|t:|1757009110
|switch|p1a: Randy|Tyranitar, L50, M, tera:Flying|22/100
|-weather|Sandstorm|[from] ability: Sand Stream|[of] p1a: Randy
|turn|6
|
|t:|1757009113
|move|p1b: Wazy|Make It Rain|p2a: Indeedee
|-damage|p2a: Indeedee|29/100
|-unboost|p1b: Wazy|spa|1
|move|p1a: Randy|Knock Off|p2a: Indeedee
|-supereffective|p2a: Indeedee
|-crit|p2a: Indeedee
|-damage|p2a: Indeedee|0 fnt
|-enditem|p2a: Indeedee|Focus Sash|[from] move: Knock Off|[of] p1a: Randy
|faint|p2a: Indeedee
|
|win|TobiYume
|raw|TobiYume's rating: 1092 → 1118(+26 for winning)
|raw|ReonaReona's rating: 1088 → 1065(-23 for losing)
|c|☆ReonaReona|Ggs
