|j|☆emilio.schmitz
|j|☆PanloskyFC
|html|emilio.schmitzPanloskyFC    
|uhtml|bestof|Game 1 of a best-of-3
|t:|1783289439
|gametype|doubles
|player|p1|emilio.schmitz|2|1105
|player|p2|PanloskyFC|policeman-gen4|1000
|gen|9
|tier|[Gen 9 Champions] VGC 2026 Reg M-B (Bo3)
|rated|
|rule|Species Clause: Limit one of each Pokémon
|rule|Item Clause: Limit 1 of each item
|clearpoke
|poke|p1|Tyranitar, L50, M|
|poke|p1|Houndstone, L50, F|
|poke|p1|Excadrill, L50, F|
|poke|p1|Gardevoir, L50, F|
|poke|p1|Hydreigon, L50, F|
|poke|p1|Incineroar, L50, M|
|poke|p2|Charizard, L50, M, shiny|
|poke|p2|Whimsicott, L50, M|
|poke|p2|Sylveon, L50, M|
|poke|p2|Garchomp, L50, M|
|poke|p2|Basculegion, L50, M|
|poke|p2|Kingambit, L50, F|
|teampreview|4
|showteam|p1|Tyranitar||Tyranitarite|SandStream|RockSlide,KnockOff,IcePunch,DragonDance|Adamant||M|||50|]Houndstone||SpellTag|SandRush|LastRespects,WillOWisp,DestinyBond,HelpingHand|Adamant||F|||50|]Excadrill||SoftSand|SandRush|DrillRun,RockSlide,IronHead,Protect|Adamant||F|||50|]Gardevoir||Gardevoirite|Trace|Moonblast,HyperVoice,Psychic,IcyWind|Modest||F|||50|]Hydreigon||LifeOrb|Levitate|DracoMeteor,DarkPulse,EarthPower,Protect|Modest||F|||50|]Incineroar||SitrusBerry|Intimidate|FakeOut,PartingShot,ThroatChop,FlareBlitz|Adamant||M|||50|
|showteam|p2|Charizard||CharizarditeY|Blaze|HeatWave,SolarBeam,Protect,WeatherBall|Modest||M|||50|]Whimsicott||FocusSash|Prankster|Tailwind,Encore,Protect,Moonblast|Timid||M|||50|]Sylveon||FairyFeather|Pixilate|HyperVoice,HyperBeam,Detect,QuickAttack|Modest||M|||50|]Garchomp||LifeOrb|RoughSkin|RockTomb,Earthquake,Protect,DragonClaw|Adamant||M|||50|]Basculegion||ColburBerry|Adaptability|Protect,AquaJet,LastRespects,WaveCrash|Adamant||M|||50|]Kingambit||ChopleBerry|Defiant|SuckerPunch,IronHead,Protect,KowtowCleave|Adamant||F|||50|
|inactive|Battle timer is ON: inactive players will automatically lose when time's up. (requested by PanloskyFC)
|c|☆PanloskyFC|gl
|inactive|emilio.schmitz has 60 seconds left.
|inactive|PanloskyFC has 60 seconds left.
|c|☆emilio.schmitz|gl
|
|t:|1783289513
|teamsize|p1|4
|teamsize|p2|4
|start
|switch|p1a: Tyranitar|Tyranitar, L50, M|100/100
|switch|p1b: Hydreigon|Hydreigon, L50, F|100/100
|switch|p2a: Whimsicott|Whimsicott, L50, M|100/100
|switch|p2b: Sylveon|Sylveon, L50, M|100/100
|-weather|Sandstorm|[from] ability: Sand Stream|[of] p1a: Tyranitar
|turn|1
|
|t:|1783289535
|switch|p1a: Incineroar|Incineroar, L50, M|100/100
|-ability|p1a: Incineroar|Intimidate|boost
|-unboost|p2a: Whimsicott|atk|1
|-unboost|p2b: Sylveon|atk|1
|move|p1b: Hydreigon|Protect|p1b: Hydreigon
|-singleturn|p1b: Hydreigon|Protect
|move|p2a: Whimsicott|Tailwind|p2a: Whimsicott
|-sidestart|p2: PanloskyFC|move: Tailwind
|move|p2b: Sylveon|Hyper Voice|p1a: Incineroar|[spread] p1a
|-activate|p1b: Hydreigon|move: Protect
|-damage|p1a: Incineroar|54/100
|
|-weather|Sandstorm|[upkeep]
|-damage|p2a: Whimsicott|94/100|[from] Sandstorm
|-damage|p2b: Sylveon|93/100|[from] Sandstorm
|-damage|p1b: Hydreigon|93/100|[from] Sandstorm
|-damage|p1a: Incineroar|48/100|[from] Sandstorm
|-enditem|p1a: Incineroar|Sitrus Berry|[eat]
|-heal|p1a: Incineroar|73/100|[from] item: Sitrus Berry
|upkeep
|turn|2
|
|t:|1783289554
|switch|p1b: Excadrill|Excadrill, L50, F|100/100
|move|p2a: Whimsicott|Protect|p2a: Whimsicott
|-singleturn|p2a: Whimsicott|Protect
|move|p1a: Incineroar|Fake Out|p2b: Sylveon
|-damage|p2b: Sylveon|80/100
|cant|p2b: Sylveon|flinch
|
|-weather|Sandstorm|[upkeep]
|-damage|p2a: Whimsicott|88/100|[from] Sandstorm
|-damage|p2b: Sylveon|74/100|[from] Sandstorm
|-damage|p1a: Incineroar|67/100|[from] Sandstorm
|upkeep
|turn|3
|inactive|PanloskyFC has 30 seconds left.
|inactive|PanloskyFC has 20 seconds left.
|
|t:|1783289594
|move|p2b: Sylveon|Detect|p2b: Sylveon
|-singleturn|p2b: Sylveon|Protect
|move|p2a: Whimsicott|Moonblast|p1a: Incineroar
|-damage|p1a: Incineroar|42/100
|move|p1b: Excadrill|Iron Head|p2b: Sylveon
|-activate|p2b: Sylveon|move: Protect
|move|p1a: Incineroar|Flare Blitz|p2a: Whimsicott
|-supereffective|p2a: Whimsicott|1
|-damage|p2a: Whimsicott|0 fnt
|faint|p2a: Whimsicott
|-damage|p1a: Incineroar|20/100y|[from] Recoil
|
|-weather|Sandstorm|[upkeep]
|-damage|p2b: Sylveon|68/100|[from] Sandstorm
|-damage|p1a: Incineroar|14/100|[from] Sandstorm
|upkeep
|inactive|PanloskyFC has 30 seconds left.
|
|t:|1783289623
|switch|p2a: Basculegion|Basculegion, L50, M|100/100
|turn|4
|inactive|emilio.schmitz has 30 seconds left.
|
|t:|1783289651
|move|p2a: Basculegion|Aqua Jet|p1b: Excadrill
|-supereffective|p1b: Excadrill|1
|-damage|p1b: Excadrill|27/100
|move|p2b: Sylveon|Quick Attack|p1a: Incineroar
|-damage|p1a: Incineroar|6/100
|move|p1b: Excadrill|Iron Head|p2b: Sylveon
|-supereffective|p2b: Sylveon|1
|-damage|p2b: Sylveon|0 fnt
|faint|p2b: Sylveon
|move|p1a: Incineroar|Throat Chop|p2a: Basculegion
|-supereffective|p2a: Basculegion|1
|-enditem|p2a: Basculegion|Colbur Berry|[eat]
|-enditem|p2a: Basculegion|Colbur Berry|[weaken]
|-damage|p2a: Basculegion|52/100
|-start|p2a: Basculegion|Throat Chop|[silent]
|
|-weather|Sandstorm|[upkeep]
|-damage|p2a: Basculegion|46/100|[from] Sandstorm
|-damage|p1a: Incineroar|1/100|[from] Sandstorm
|-sideend|p2: PanloskyFC|move: Tailwind
|upkeep
|
|t:|1783289662
|switch|p2b: Kingambit|Kingambit, L50, F|100/100
|turn|5
|
|t:|1783289683
|move|p1b: Excadrill|Protect|p1b: Excadrill
|-singleturn|p1b: Excadrill|Protect
|move|p2a: Basculegion|Aqua Jet|p1b: Excadrill
|-activate|p1b: Excadrill|move: Protect
|move|p2b: Kingambit|Sucker Punch|p1a: Incineroar
|-resisted|p1a: Incineroar|1
|-damage|p1a: Incineroar|0 fnt
|faint|p1a: Incineroar
|
|-weather|none
|-end|p2a: Basculegion|Throat Chop|[silent]
|upkeep
|
|t:|1783289689
|switch|p1a: Tyranitar|Tyranitar, L50, M|100/100
|-weather|Sandstorm|[from] ability: Sand Stream|[of] p1a: Tyranitar
|turn|6
|inactive|PanloskyFC has 30 seconds left.
|
|t:|1783289717
|detailschange|p1a: Tyranitar|Tyranitar-Mega, L50, M
|-mega|p1a: Tyranitar|Tyranitar|Tyranitarite
|move|p2a: Basculegion|Aqua Jet|p1b: Excadrill
|-supereffective|p1b: Excadrill|1
|-damage|p1b: Excadrill|0 fnt
|faint|p1b: Excadrill
|move|p1a: Tyranitar|Knock Off|p2a: Basculegion
|-supereffective|p2a: Basculegion|1
|-damage|p2a: Basculegion|0 fnt
|faint|p2a: Basculegion
|move|p2b: Kingambit|Iron Head|p1a: Tyranitar
|-supereffective|p1a: Tyranitar|1
|-damage|p1a: Tyranitar|38/100
|
|-weather|Sandstorm|[upkeep]
|upkeep
|
|t:|1783289733
|switch|p1b: Hydreigon|Hydreigon, L50, F|93/100
|turn|7
|
|t:|1783289750
|move|p2b: Kingambit|Protect|p2b: Kingambit
|-singleturn|p2b: Kingambit|Protect
|move|p1b: Hydreigon|Earth Power|p2b: Kingambit
|-activate|p2b: Kingambit|move: Protect
|move|p1a: Tyranitar|Knock Off|p2b: Kingambit
|-activate|p2b: Kingambit|move: Protect
|
|-weather|Sandstorm|[upkeep]
|-damage|p1b: Hydreigon|87/100|[from] Sandstorm
|upkeep
|turn|8
|
|t:|1783289764
|move|p1b: Hydreigon|Earth Power|p2b: Kingambit
|-supereffective|p2b: Kingambit|1
|-damage|p2b: Kingambit|8/100
|-damage|p1b: Hydreigon|78/100|[from] item: Life Orb
|move|p1a: Tyranitar|Knock Off|p2b: Kingambit
|-resisted|p2b: Kingambit|1
|-damage|p2b: Kingambit|0 fnt
|-enditem|p2b: Kingambit|Chople Berry|[from] move: Knock Off|[of] p1a: Tyranitar
|faint|p2b: Kingambit
|
|win|emilio.schmitz
|l|☆PanloskyFC
|player|p2|
||PanloskyFC is ready for game 2.
|inactive|emilio.schmitz has 30 seconds to confirm battle start!
||emilio.schmitz is ready for game 2.
|uhtml|next|Next: Game 2 of 3
