|j|☆PixelJaguar
|j|☆glofer
|html|PixelJaguarglofer    
|uhtml|bestof|Game 2 of a best-of-3
|t:|1785764382
|gametype|doubles
|player|p1|PixelJaguar|2|1000
|player|p2|glofer|blackbelt|1080
|gen|9
|tier|[Gen 9 Champions] VGC 2026 Reg M-B (Bo3)
|rated|
|rule|Species Clause: Limit one of each Pokémon
|rule|Item Clause: Limit 1 of each item
|clearpoke
|poke|p1|Staraptor, L50, M|
|poke|p1|Metagross, L50|
|poke|p1|Farigiraf, L50, F|
|poke|p1|Whimsicott, L50, M|
|poke|p1|Garchomp, L50, M|
|poke|p1|Ceruledge, L50, F|
|poke|p2|Bellibolt, L50, F|
|poke|p2|Manectric, L50, M|
|poke|p2|Jolteon, L50, M|
|poke|p2|Eelektross, L50, M|
|poke|p2|Raichu, L50, F|
|poke|p2|Emolga, L50, M|
|teampreview|4
|showteam|p1|Staraptor||Staraptite|Intimidate|CloseCombat,BraveBird,Protect,Roost|Jolly||M|||50|]Metagross||Metagrossite|ClearBody|Protect,IronHead,PsychicFangs,StompingTantrum|Adamant|||||50|]Farigiraf||SitrusBerry|CudChew|HelpingHand,Psychic,Thunderbolt,TrickRoom|Calm||F|||50|]Whimsicott||FocusSash|Prankster|Moonblast,Tailwind,Charm,Encore|Timid||M|||50|]Garchomp||LifeOrb|RoughSkin|Protect,StompingTantrum,RockSlide,DragonClaw|Jolly||M|||50|]Ceruledge||ColburBerry|FlashFire|Protect,ShadowSneak,BulkUp,BitterBlade|Adamant||F|||50|
|showteam|p2|Bellibolt||Leftovers|Electromorphosis|ParabolicCharge,AcidSpray,Soak,Protect|Quiet||F|||50|]Manectric||Manectite|LightningRod|VoltSwitch,Flamethrower,Snarl,Protect|Timid||M|||50|]Jolteon||FocusSash|VoltAbsorb|Discharge,ShadowBall,AlluringVoice,Protect|Timid||M|||50|]Eelektross||LifeOrb|Levitate|SupercellSlam,DrainPunch,Bulldoze,Coil|Brave||M|||50|]Raichu||RaichuniteY|LightningRod|ZapCannon,FocusBlast,FakeOut,Protect|Hasty||F|||50|]Emolga||ChoiceScarf|MotorDrive|ElectroBall,AirSlash,EnergyBall,Encore|Timid||M|||50|
|inactive|Battle timer is ON: inactive players will automatically lose when time's up. (requested by glofer)
|
|t:|1785764407
|teamsize|p1|4
|teamsize|p2|4
|start
|switch|p1a: Garchomp|Garchomp, L50, M|100/100
|switch|p1b: Big Bird|Staraptor, L50, M|100/100
|switch|p2a: Raichu|Raichu, L50, F|100/100
|switch|p2b: Jolteon|Jolteon, L50, M|100/100
|-ability|p1b: Big Bird|Intimidate|boost
|-unboost|p2a: Raichu|atk|1
|-unboost|p2b: Jolteon|atk|1
|turn|1
|inactive|PixelJaguar has 30 seconds left.
|
|t:|1785764434
|detailschange|p1b: Big Bird|Staraptor-Mega, L50, M
|-mega|p1b: Big Bird|Staraptor|Staraptite
|move|p2a: Raichu|Fake Out|p1a: Garchomp
|-damage|p1a: Garchomp|94/100
|-damage|p2a: Raichu|88/100|[from] ability: Rough Skin|[of] p1a: Garchomp
|move|p2b: Jolteon|Discharge|p1b: Big Bird|[spread] p1b
|-ability|p2a: Raichu|Lightning Rod|boost
|-boost|p2a: Raichu|spa|1
|-immune|p1a: Garchomp
|-supereffective|p1b: Big Bird|1
|-damage|p1b: Big Bird|45/100
|-status|p1b: Big Bird|par
|cant|p1a: Garchomp|flinch
|move|p1b: Big Bird|Close Combat|p2a: Raichu
|-damage|p2a: Raichu|0 fnt
|-boost|p1b: Big Bird|def|1
|-boost|p1b: Big Bird|spd|1
|faint|p2a: Raichu
|
|upkeep
|
|t:|1785764455
|switch|p2a: Emolga|Emolga, L50, M|100/100
|turn|2
|inactive|PixelJaguar has 30 seconds left.
|
|t:|1785764483
|move|p2a: Emolga|Air Slash|p1a: Garchomp
|-damage|p1a: Garchomp|65/100
|move|p2b: Jolteon|Alluring Voice|p1a: Garchomp
|-supereffective|p1a: Garchomp|1
|-damage|p1a: Garchomp|9/100
|move|p1a: Garchomp|Stomping Tantrum|p2b: Jolteon
|-supereffective|p2b: Jolteon|1
|-enditem|p2b: Jolteon|Focus Sash
|-damage|p2b: Jolteon|1/100
|-damage|p1a: Garchomp|0 fnt|[from] item: Life Orb
|faint|p1a: Garchomp
|move|p1b: Big Bird|Roost|p1b: Big Bird
|-heal|p1b: Big Bird|95/100 par
|-singleturn|p1b: Big Bird|move: Roost
|
|upkeep
|
|t:|1785764498
|switch|p1a: Whimsicott|Whimsicott, L50, M|100/100
|turn|3
|
|t:|1785764509
|move|p1a: Whimsicott|Tailwind|p1a: Whimsicott
|-sidestart|p1: PixelJaguar|move: Tailwind
|move|p2a: Emolga|Air Slash|p1a: Whimsicott
|-supereffective|p1a: Whimsicott|1
|-damage|p1a: Whimsicott|6/100
|move|p2b: Jolteon|Discharge|p1a: Whimsicott|[spread] p1a,p1b
|-ability|p2a: Emolga|Motor Drive|boost
|-boost|p2a: Emolga|spe|1
|-resisted|p1a: Whimsicott|1
|-supereffective|p1b: Big Bird|1
|-damage|p1a: Whimsicott|0 fnt
|-damage|p1b: Big Bird|57/100 par
|faint|p1a: Whimsicott
|move|p1b: Big Bird|Close Combat|p2b: Jolteon
|-damage|p2b: Jolteon|0 fnt
|-boost|p1b: Big Bird|def|1
|-boost|p1b: Big Bird|spd|1
|faint|p2b: Jolteon
|
|upkeep
|
|t:|1785764525
|switch|p2b: Bellibolt|Bellibolt, L50, F|100/100
|switch|p1a: Ceruledge|Ceruledge, L50, F|100/100
|turn|4
|
|t:|1785764546
|move|p1a: Ceruledge|Shadow Sneak|p2b: Bellibolt
|-damage|p2b: Bellibolt|81/100
|-start|p2b: Bellibolt|Charge|Shadow Sneak|[from] ability: Electromorphosis
|move|p2a: Emolga|Air Slash|p1b: Big Bird
|-supereffective|p1b: Big Bird|1
|-damage|p1b: Big Bird|28/100 par
|move|p1b: Big Bird|Close Combat|p2a: Emolga
|-resisted|p2a: Emolga|1
|-damage|p2a: Emolga|45/100
|-boost|p1b: Big Bird|def|1
|-boost|p1b: Big Bird|spd|1
|move|p2b: Bellibolt|Parabolic Charge|p1b: Big Bird|[spread] p1a,p1b
|-ability|p2a: Emolga|Motor Drive|boost
|-boost|p2a: Emolga|spe|1
|-supereffective|p1b: Big Bird|1
|-damage|p1a: Ceruledge|51/100
|-heal|p2b: Bellibolt|100/100|[from] drain|[of] p1a: Ceruledge
|-damage|p1b: Big Bird|0 fnt
|faint|p1b: Big Bird
|-end|p2b: Bellibolt|Charge|[silent]
|
|upkeep
|turn|5
|
|t:|1785764570
|move|p1a: Ceruledge|Shadow Sneak|p2b: Bellibolt
|-damage|p2b: Bellibolt|81/100
|-start|p2b: Bellibolt|Charge|Shadow Sneak|[from] ability: Electromorphosis
|move|p2a: Emolga|Air Slash|p1a: Ceruledge
|-damage|p1a: Ceruledge|24/100
|move|p2b: Bellibolt|Parabolic Charge|p1a: Ceruledge|[spread] p1a
|-ability|p2a: Emolga|Motor Drive|boost
|-boost|p2a: Emolga|spe|1
|-damage|p1a: Ceruledge|0 fnt
|-heal|p2b: Bellibolt|92/100|[from] drain|[of] p1a: Ceruledge
|faint|p1a: Ceruledge
|-end|p2b: Bellibolt|Charge|[silent]
|
|win|glofer
||glofer is ready for game 3.
|inactive|PixelJaguar has 30 seconds to confirm battle start!
||PixelJaguar is ready for game 3.
|uhtml|next|Next: Game 3 of 3
