|j|☆cristante terabug
|j|☆Pelistorming
|html|cristante terabugPelistorming    
|uhtml|bestof|Game 2 of a best-of-3
|t:|1755010465
|gametype|doubles
|player|p1|cristante terabug|kieran-champion|1287
|player|p2|Pelistorming|winona|1135
|gen|9
|tier|[Gen 9] VGC 2025 Reg H (Bo3)
|rated|
|rule|Species Clause: Limit one of each Pokémon
|rule|Item Clause: Limit 1 of each item
|clearpoke
|poke|p1|Incineroar, L50, M|
|poke|p1|Pelipper, L50, M|
|poke|p1|Archaludon, L50, M|
|poke|p1|Dragonite, L50, M|
|poke|p1|Sinistcha, L50|
|poke|p1|Ursaluna, L50, F|
|poke|p2|Pelipper, L50, M|
|poke|p2|Ursaluna, L50, M|
|poke|p2|Dragapult, L50, F|
|poke|p2|Incineroar, L50, M|
|poke|p2|Amoonguss, L50, M|
|poke|p2|Porygon2, L50|
|teampreview|4
|showteam|p1|Incineroar||SafetyGoggles|Intimidate|FlareBlitz,KnockOff,PartingShot,FakeOut|||M|||50|,,,,,Ghost]Pelipper||FocusSash|Drizzle|Hurricane,MuddyWater,Tailwind,Protect|||M|||50|,,,,,Ghost]Archaludon||AssaultVest|Stamina|ElectroShot,Snarl,FlashCannon,BodyPress|||M|||50|,,,,,Bug]Dragonite||LoadedDice|Multiscale|ScaleShot,Tailwind,Haze,Protect|||M|||50|,,,,,Fairy]Sinistcha||SitrusBerry|Hospitality|MatchaGotcha,RagePowder,LifeDew,TrickRoom||||||50|,,,,,Dark]Ursaluna||FlameOrb|Guts|Earthquake,Facade,HeadlongRush,Protect|||F|||50|,,,,,Ghost
|showteam|p2|Pelipper||LifeOrb|Drizzle|WeatherBall,Hurricane,Protect,WideGuard|||M|||50|,,,,,Grass]Ursaluna||FlameOrb|Guts|Facade,HeadlongRush,Earthquake,Protect|||M|||50|,,,,,Ghost]Dragapult||ChoiceBand|ClearBody|DragonDarts,PhantomForce,Uturn,Outrage|||F|||50|,,,,,Dragon]Incineroar||SafetyGoggles|Intimidate|FakeOut,PartingShot,KnockOff,HelpingHand|||M|||50|,,,,,Ghost]Amoonguss||SitrusBerry|Regenerator|Spore,Protect,RagePowder,PollenPuff|||M|||50|,,,,,Fairy]Porygon2||Eviolite|Download|TeraBlast,IceBeam,TrickRoom,Recover||||||50|,,,,,Fighting
|inactive|Battle timer is ON: inactive players will automatically lose when time's up. (requested by cristante terabug)
|inactive|Pelistorming has 60 seconds left.
|
|t:|1755010511
|teamsize|p1|4
|teamsize|p2|4
|start
|switch|p1a: Incineroar|Incineroar, L50, M|100/100
|switch|p1b: Dragonite|Dragonite, L50, M|100/100
|switch|p2a: Dragapult|Dragapult, L50, F|100/100
|switch|p2b: Porygon2|Porygon2, L50|100/100
|-ability|p1a: Incineroar|Intimidate|boost
|-fail|p2a: Dragapult|unboost|[from] ability: Clear Body|[of] p2a: Dragapult
|-unboost|p2b: Porygon2|atk|1
|-ability|p2b: Porygon2|Download|boost
|-boost|p2b: Porygon2|atk|1
|turn|1
|inactive|cristante terabug has 30 seconds left.
|inactive|Pelistorming has 30 seconds left.
|
|t:|1755010545
|-terastallize|p1b: Dragonite|Fairy
|move|p1a: Incineroar|Fake Out|p2b: Porygon2
|-crit|p2b: Porygon2
|-damage|p2b: Porygon2|90/100
|move|p2a: Dragapult|Phantom Force||[still]
|-prepare|p2a: Dragapult|Phantom Force
|move|p1b: Dragonite|Scale Shot|p2a: Dragapult|[miss]
|-miss|p1b: Dragonite|p2a: Dragapult
|cant|p2b: Porygon2|flinch
|
|upkeep
|turn|2
|
|t:|1755010566
|move|p2a: Dragapult|Phantom Force|p1b: Dragonite|[from] lockedmove
|-crit|p1b: Dragonite
|-damage|p1b: Dragonite|34/100
|move|p1b: Dragonite|Scale Shot|p2b: Porygon2
|-damage|p2b: Porygon2|81/100
|-damage|p2b: Porygon2|72/100
|-damage|p2b: Porygon2|64/100
|-damage|p2b: Porygon2|54/100
|-hitcount|p2b: Porygon2|4
|-unboost|p1b: Dragonite|def|1
|-boost|p1b: Dragonite|spe|1
|move|p1a: Incineroar|Knock Off|p2a: Dragapult
|-supereffective|p2a: Dragapult
|-damage|p2a: Dragapult|0 fnt
|-enditem|p2a: Dragapult|Choice Band|[from] move: Knock Off|[of] p1a: Incineroar
|faint|p2a: Dragapult
|move|p2b: Porygon2|Trick Room|p2b: Porygon2
|-fieldstart|move: Trick Room|[of] p2b: Porygon2
|
|upkeep
|
|t:|1755010587
|switch|p2a: Pelistorm|Pelipper, L50, M, shiny|100/100
|-weather|RainDance|[from] ability: Drizzle|[of] p2a: Pelistorm
|turn|3
|inactive|cristante terabug has 30 seconds left.
|inactive|Pelistorming has 30 seconds left.
|
|t:|1755010616
|switch|p1a: Archaludon|Archaludon, L50, M|100/100
|move|p2b: Porygon2|Tera Blast|p1b: Dragonite
|-damage|p1b: Dragonite|0 fnt
|faint|p1b: Dragonite
|move|p2a: Pelistorm|Weather Ball|p1a: Archaludon
|-resisted|p1a: Archaludon
|-damage|p1a: Archaludon|60/100
|-ability|p1a: Archaludon|Stamina|boost
|-boost|p1a: Archaludon|def|1
|-damage|p2a: Pelistorm|91/100|[from] item: Life Orb
|
|-weather|RainDance|[upkeep]
|upkeep
|
|t:|1755010625
|switch|p1b: Ursaluna|Ursaluna, L50, F|100/100
|turn|4
|inactive|Pelistorming has 30 seconds left.
|
|t:|1755010653
|-terastallize|p2b: Porygon2|Fighting
|move|p1b: Ursaluna|Protect|p1b: Ursaluna
|-singleturn|p1b: Ursaluna|Protect
|move|p2b: Porygon2|Tera Blast|p1a: Archaludon|[anim] Tera Blast Fighting
|-supereffective|p1a: Archaludon
|-damage|p1a: Archaludon|0 fnt
|faint|p1a: Archaludon
|move|p2a: Pelistorm|Weather Ball|p1b: Ursaluna
|-activate|p1b: Ursaluna|move: Protect
|
|-weather|RainDance|[upkeep]
|-status|p1b: Ursaluna|brn|[from] item: Flame Orb
|upkeep
|
|t:|1755010663
|switch|p1a: Incineroar|Incineroar, L50, M|100/100
|-ability|p1a: Incineroar|Intimidate|boost
|-unboost|p2a: Pelistorm|atk|1
|-unboost|p2b: Porygon2|atk|1
|turn|5
|inactive|Pelistorming has 30 seconds left.
|inactive|Pelistorming has 20 seconds left.
|
|t:|1755010700
|move|p2a: Pelistorm|Protect|p2a: Pelistorm
|-singleturn|p2a: Pelistorm|Protect
|move|p1a: Incineroar|Fake Out|p2b: Porygon2
|-damage|p2b: Porygon2|46/100
|cant|p2b: Porygon2|flinch
|move|p1b: Ursaluna|Facade|p2a: Pelistorm
|-activate|p2a: Pelistorm|move: Protect
|
|-weather|RainDance|[upkeep]
|-damage|p1b: Ursaluna|94/100 brn|[from] brn
|upkeep
|turn|6
|
|t:|1755010721
|move|p2b: Porygon2|Tera Blast|p1a: Incineroar|[anim] Tera Blast Fighting
|-supereffective|p1a: Incineroar
|-damage|p1a: Incineroar|29/100
|move|p2a: Pelistorm|Weather Ball|p1a: Incineroar
|-supereffective|p1a: Incineroar
|-damage|p1a: Incineroar|0 fnt
|faint|p1a: Incineroar
|-damage|p2a: Pelistorm|81/100|[from] item: Life Orb
|move|p1b: Ursaluna|Facade|p2a: Pelistorm
|-damage|p2a: Pelistorm|0 fnt
|faint|p2a: Pelistorm
|
|-weather|RainDance|[upkeep]
|-damage|p1b: Ursaluna|88/100 brn|[from] brn
|-fieldend|move: Trick Room
|upkeep
|
|t:|1755010727
|switch|p2a: Incineroar|Incineroar, L50, M|100/100
|-ability|p2a: Incineroar|Intimidate|boost
|-unboost|p1b: Ursaluna|atk|1
|turn|7
|
|t:|1755010751
|move|p1b: Ursaluna|Protect|p1b: Ursaluna
|-singleturn|p1b: Ursaluna|Protect
|move|p2a: Incineroar|Fake Out|p1b: Ursaluna
|-activate|p1b: Ursaluna|move: Protect
|move|p2b: Porygon2|Recover|p2b: Porygon2
|-heal|p2b: Porygon2|96/100
|
|-weather|none
|-damage|p1b: Ursaluna|82/100 brn|[from] brn
|upkeep
|turn|8
|
|t:|1755010773
|move|p2a: Incineroar|Helping Hand|p2b: Porygon2
|-singleturn|p2b: Porygon2|Helping Hand|[of] p2a: Incineroar
|move|p1b: Ursaluna|Facade|p2b: Porygon2
|-damage|p2b: Porygon2|46/100
|move|p2b: Porygon2|Tera Blast|p1b: Ursaluna|[anim] Tera Blast Fighting
|-supereffective|p1b: Ursaluna
|-crit|p1b: Ursaluna
|-damage|p1b: Ursaluna|0 fnt
|faint|p1b: Ursaluna
|
|win|Pelistorming
|raw|cristante terabug's rating: 1287 → 1252(-35 for losing)
|raw|Pelistorming's rating: 1135 → 1170(+35 for winning)
|l|☆cristante terabug
|player|p1|
