|j|☆SlaymonSays
|j|☆ConnerTEP
|html|SlaymonSaysConnerTEP    
|uhtml|bestof|Game 2 of a best-of-3
|t:|1757755997
|gametype|doubles
|player|p1|SlaymonSays|1|1378
|player|p2|ConnerTEP|clair-masters|1362
|gen|9
|tier|[Gen 9] VGC 2025 Reg H (Bo3)
|rated|
|rule|Species Clause: Limit one of each Pokémon
|rule|Item Clause: Limit 1 of each item
|clearpoke
|poke|p1|Ursaluna-Bloodmoon, L50, M|
|poke|p1|Dragonite, L50, F|
|poke|p1|Gholdengo, L50|
|poke|p1|Rillaboom, L50, M|
|poke|p1|Incineroar, L50, F|
|poke|p1|Ninetales-Alola, L50, M|
|poke|p2|Tyranitar, L50, M|
|poke|p2|Excadrill, L50, M|
|poke|p2|Dondozo, L50, F|
|poke|p2|Volcarona, L50, M|
|poke|p2|Electabuzz, L50, M|
|poke|p2|Salamence, L50, M|
|teampreview|4
|showteam|p1|Ursaluna-Bloodmoon||LifeOrb|MindsEye|BloodMoon,HyperVoice,EarthPower,Protect|||M|||50|,,,,,Normal]Dragonite||LoadedDice|InnerFocus|ScaleShot,Haze,Tailwind,Protect|||F|||50|,,,,,Fairy]Gholdengo||Leftovers|GoodasGold|MakeItRain,ShadowBall,NastyPlot,Protect||||||50|,,,,,Water]Rillaboom||AssaultVest|GrassySurge|FakeOut,GrassyGlide,WoodHammer,HighHorsepower|||M|||50|,,,,,Fire]Incineroar||SafetyGoggles|Intimidate|FakeOut,FlareBlitz,KnockOff,PartingShot|||F|||50|,,,,,Ghost]Ninetales-Alola||CovertCloak|SnowWarning|Blizzard,FreezeDry,AuroraVeil,Encore|||M|||50|,,,,,Fire
|showteam|p2|Tyranitar||AssaultVest|SandStream|RockSlide,KnockOff,TeraBlast,LowKick|||M|||50|,,,,,Flying]Excadrill||FocusSash|SandRush|Earthquake,HighHorsepower,IronHead,Protect|||M|||50|,,,,,Ghost]Dondozo||Leftovers|Unaware|Liquidation,Curse,Yawn,Protect|||F|||50|,,,,,Poison]Volcarona||SafetyGoggles|FlameBody|HeatWave,TeraBlast,QuiverDance,Protect|||M|||50|,,,,,Fairy]Electabuzz||Eviolite|VitalSpirit|Electroweb,Taunt,FollowMe,Protect|||M|||50|,,,,,Ghost]Salamence||EjectPack|Intimidate|DracoMeteor,AirSlash,Tailwind,Protect|||M|||50|,,,,,Poison
|inactive|Battle timer is ON: inactive players will automatically lose when time's up. (requested by ConnerTEP)
|inactive|SlaymonSays has 60 seconds left.
|inactive|ConnerTEP has 60 seconds left.
|
|t:|1757756051
|teamsize|p1|4
|teamsize|p2|4
|start
|switch|p1a: Dragonite|Dragonite, L50, F|100/100
|switch|p1b: Incineroar|Incineroar, L50, F|100/100
|switch|p2a: Volcarona|Volcarona, L50, M|100/100
|switch|p2b: Electabuzz|Electabuzz, L50, M|100/100
|-ability|p1b: Incineroar|Intimidate|boost
|-unboost|p2a: Volcarona|atk|1
|-unboost|p2b: Electabuzz|atk|1
|turn|1
|inactive|SlaymonSays has 30 seconds left.
|inactive|SlaymonSays has 20 seconds left.
|
|t:|1757756086
|move|p2b: Electabuzz|Protect|p2b: Electabuzz
|-singleturn|p2b: Electabuzz|Protect
|move|p2a: Volcarona|Protect|p2a: Volcarona
|-singleturn|p2a: Volcarona|Protect
|move|p1a: Dragonite|Scale Shot|p2b: Electabuzz
|-activate|p2b: Electabuzz|move: Protect
|move|p1b: Incineroar|Parting Shot|p2a: Volcarona
|-activate|p2a: Volcarona|move: Protect
|
|upkeep
|turn|2
|
|t:|1757756111
|switch|p2a: Tyranitar|Tyranitar, L50, M|100/100
|-weather|Sandstorm|[from] ability: Sand Stream|[of] p2a: Tyranitar
|move|p2b: Electabuzz|Taunt|p1b: Incineroar
|-start|p1b: Incineroar|move: Taunt
|move|p1a: Dragonite|Tailwind|p1a: Dragonite
|-sidestart|p1: SlaymonSays|move: Tailwind
|cant|p1b: Incineroar|move: Taunt|Parting Shot
|
|-weather|Sandstorm|[upkeep]
|-damage|p1a: Dragonite|95/100|[from] Sandstorm
|-damage|p2b: Electabuzz|94/100|[from] Sandstorm
|upkeep
|turn|3
|inactive|ConnerTEP has 30 seconds left.
|
|t:|1757756142
|switch|p1b: Ninetales|Ninetales-Alola, L50, M|100/100
|-weather|Snowscape|[from] ability: Snow Warning|[of] p1b: Ninetales
|move|p1a: Dragonite|Scale Shot|p2b: Electabuzz
|-damage|p2b: Electabuzz|81/100
|-damage|p2b: Electabuzz|67/100
|-damage|p2b: Electabuzz|52/100
|-damage|p2b: Electabuzz|38/100
|-hitcount|p2b: Electabuzz|4
|-unboost|p1a: Dragonite|def|1
|-boost|p1a: Dragonite|spe|1
|move|p2b: Electabuzz|Electroweb|p1b: Ninetales|[spread] p1a
|-miss|p2b: Electabuzz|p1b: Ninetales
|-damage|p1a: Dragonite|80/100
|-unboost|p1a: Dragonite|spe|1
|move|p2a: Tyranitar|Rock Slide|p1a: Dragonite|[spread] p1a
|-miss|p2a: Tyranitar|p1b: Ninetales
|-supereffective|p1a: Dragonite
|-damage|p1a: Dragonite|0 fnt
|faint|p1a: Dragonite
|
|-weather|Snowscape|[upkeep]
|upkeep
|
|t:|1757756167
|switch|p1a: Rillaboom|Rillaboom, L50, M|100/100
|-fieldstart|move: Grassy Terrain|[from] ability: Grassy Surge|[of] p1a: Rillaboom
|turn|4
|
|t:|1757756179
|switch|p1a: Incineroar|Incineroar, L50, F|100/100
|-ability|p1a: Incineroar|Intimidate|boost
|-unboost|p2a: Tyranitar|atk|1
|-unboost|p2b: Electabuzz|atk|1
|switch|p2a: Volcarona|Volcarona, L50, M|100/100
|move|p2b: Electabuzz|Protect|p2b: Electabuzz
|-singleturn|p2b: Electabuzz|Protect
|move|p1b: Ninetales|Aurora Veil|p1b: Ninetales
|-sidestart|p1: SlaymonSays|move: Aurora Veil
|
|-weather|Snowscape|[upkeep]
|-heal|p2b: Electabuzz|44/100|[from] Grassy Terrain
|upkeep
|turn|5
|
|t:|1757756202
|move|p2b: Electabuzz|Follow Me|p2b: Electabuzz
|-singleturn|p2b: Electabuzz|move: Follow Me
|move|p1b: Ninetales|Blizzard|p2b: Electabuzz|[spread] p2a,p2b
|-resisted|p2a: Volcarona
|-damage|p2a: Volcarona|89/100
|-damage|p2b: Electabuzz|20/100
|move|p1a: Incineroar|Knock Off|p2b: Electabuzz
|-damage|p2b: Electabuzz|0 fnt
|-enditem|p2b: Electabuzz|Eviolite|[from] move: Knock Off|[of] p1a: Incineroar
|faint|p2b: Electabuzz
|move|p2a: Volcarona|Quiver Dance|p2a: Volcarona
|-boost|p2a: Volcarona|spa|1
|-boost|p2a: Volcarona|spd|1
|-boost|p2a: Volcarona|spe|1
|
|-weather|Snowscape|[upkeep]
|-heal|p2a: Volcarona|95/100|[from] Grassy Terrain
|-sideend|p1: SlaymonSays|move: Tailwind
|upkeep
|
|t:|1757756210
|switch|p2b: Tyranitar|Tyranitar, L50, M|100/100
|-weather|Sandstorm|[from] ability: Sand Stream|[of] p2b: Tyranitar
|turn|6
|inactive|SlaymonSays has 30 seconds left.
|
|t:|1757756235
|switch|p1b: Rillaboom|Rillaboom, L50, M|100/100
|move|p2a: Volcarona|Heat Wave|p1b: Rillaboom|[spread] p1a,p1b
|-resisted|p1a: Incineroar
|-supereffective|p1b: Rillaboom
|-damage|p1a: Incineroar|87/100
|-damage|p1b: Rillaboom|43/100
|move|p2b: Tyranitar|Rock Slide|p1a: Incineroar|[spread] p1a
|-miss|p2b: Tyranitar|p1b: Rillaboom
|-supereffective|p1a: Incineroar
|-damage|p1a: Incineroar|41/100
|move|p1a: Incineroar|Flare Blitz|p2a: Volcarona
|-damage|p2a: Volcarona|37/100
|-damage|p1a: Incineroar|23/100|[from] Recoil
|
|-weather|Sandstorm|[upkeep]
|-damage|p1b: Rillaboom|38/100|[from] Sandstorm
|-heal|p2a: Volcarona|43/100|[from] Grassy Terrain
|-heal|p1b: Rillaboom|43/100|[from] Grassy Terrain
|-heal|p1a: Incineroar|29/100|[from] Grassy Terrain
|upkeep
|turn|7
|inactive|SlaymonSays has 30 seconds left.
|
|t:|1757756261
|-terastallize|p2b: Tyranitar|Flying
|move|p1b: Rillaboom|Fake Out|p2b: Tyranitar
|-damage|p2b: Tyranitar|85/100
|move|p2a: Volcarona|Heat Wave|p1a: Incineroar|[spread] p1a,p1b
|-resisted|p1a: Incineroar
|-supereffective|p1b: Rillaboom
|-damage|p1a: Incineroar|15/100
|-damage|p1b: Rillaboom|0 fnt
|faint|p1b: Rillaboom
|cant|p2b: Tyranitar|flinch
|move|p1a: Incineroar|Flare Blitz|p2a: Volcarona
|-damage|p2a: Volcarona|0 fnt
|faint|p2a: Volcarona
|-damage|p1a: Incineroar|2/100|[from] Recoil
|
|-weather|Sandstorm|[upkeep]
|-damage|p2b: Tyranitar|79/100|[from] Sandstorm
|-heal|p1a: Incineroar|8/100|[from] Grassy Terrain
|upkeep
|
|t:|1757756273
|switch|p2a: Excadrill|Excadrill, L50, M|100/100
|switch|p1b: Ninetales|Ninetales-Alola, L50, M|100/100
|-weather|Snowscape|[from] ability: Snow Warning|[of] p1b: Ninetales
|turn|8
|
|t:|1757756283
|-terastallize|p1b: Ninetales|Fire
|move|p1b: Ninetales|Blizzard|p2a: Excadrill|[spread] p2a,p2b
|-supereffective|p2b: Tyranitar
|-damage|p2a: Excadrill|55/100
|-damage|p2b: Tyranitar|35/100
|move|p2a: Excadrill|Iron Head|p1b: Ninetales
|-resisted|p1b: Ninetales
|-damage|p1b: Ninetales|80/100
|move|p2b: Tyranitar|Knock Off|p1a: Incineroar
|-resisted|p1a: Incineroar
|-damage|p1a: Incineroar|0 fnt
|-enditem|p1a: Incineroar|Safety Goggles|[from] move: Knock Off|[of] p2b: Tyranitar
|faint|p1a: Incineroar
|
|-weather|Snowscape|[upkeep]
|-heal|p1b: Ninetales|86/100|[from] Grassy Terrain
|-heal|p2a: Excadrill|61/100|[from] Grassy Terrain
|-sideend|p1: SlaymonSays|move: Aurora Veil
|-fieldend|move: Grassy Terrain
|upkeep
|turn|9
|
|t:|1757756297
|move|p1b: Ninetales|Encore|p2a: Excadrill
|-start|p2a: Excadrill|Encore
|move|p2a: Excadrill|Iron Head|p1b: Ninetales
|-resisted|p1b: Ninetales
|-damage|p1b: Ninetales|54/100
|move|p2b: Tyranitar|Rock Slide|p1b: Ninetales
|-supereffective|p1b: Ninetales
|-damage|p1b: Ninetales|0 fnt
|faint|p1b: Ninetales
|
|win|ConnerTEP
|raw|SlaymonSays's rating: 1378 → 1357(-21 for losing)
|raw|ConnerTEP's rating: 1362 → 1383(+21 for winning)
|l|☆ConnerTEP
|player|p2|
