|j|☆komsu
|j|☆origin_enjoyer
|html|komsuorigin_enjoyer    
|uhtml|bestof|Game 2 of a best-of-3
|t:|1784148111
|gametype|doubles
|player|p1|komsu|gambler|1230
|player|p2|origin_enjoyer|dawn|1160
|gen|9
|tier|[Gen 9 Champions] VGC 2026 Reg M-B (Bo3)
|rated|
|rule|Species Clause: Limit one of each Pokémon
|rule|Item Clause: Limit 1 of each item
|clearpoke
|poke|p1|Kingambit, L50, M|
|poke|p1|Charizard, L50, F|
|poke|p1|Aerodactyl, L50, F|
|poke|p1|Farigiraf, L50, M|
|poke|p1|Garchomp, L50, M|
|poke|p1|Sylveon, L50, M|
|poke|p2|Staraptor, L50, M, shiny|
|poke|p2|Eelektross, L50, M|
|poke|p2|Garchomp, L50, M|
|poke|p2|Empoleon, L50, M|
|poke|p2|Whimsicott, L50, M|
|poke|p2|Sableye, L50, F|
|teampreview|4
|showteam|p1|Kingambit||FocusSash|Defiant|KowtowCleave,IronHead,SuckerPunch,LowKick|Adamant||M|||50|]Charizard||CharizarditeY|Blaze|HeatWave,SolarBeam,WeatherBall,Protect|Modest||F|||50|]Aerodactyl||Aerodactylite|Unnerve|RockSlide,DualWingbeat,IceFang,Tailwind|Jolly||F|||50|]Farigiraf||SitrusBerry|ArmorTail|Psychic,Thunderbolt,TrickRoom,Protect|Bold||M|||50|]Garchomp||LifeOrb|RoughSkin|Earthquake,DragonClaw,RockSlide,Protect|Jolly||M|||50|]Sylveon||FairyFeather|Pixilate|HyperVoice,HyperBeam,QuickAttack,Protect|Modest||M|||50|
|showteam|p2|Staraptor||Staraptite|Intimidate|CloseCombat,BraveBird,Protect,Roost|Jolly||M|||50|]Eelektross||Eelektrossite|Levitate|Protect,Thunderbolt,Flamethrower,Discharge|Modest||M|||50|]Garchomp||LifeOrb|RoughSkin|Protect,DragonClaw,Earthquake,RockSlide|Jolly||M|||50|]Empoleon||SitrusBerry|Competitive|Protect,HydroPump,FlashCannon,IceBeam|Quiet||M|||50|]Whimsicott||FocusSash|Prankster|Tailwind,Moonblast,Protect,Charm|Bold||M|||50|]Sableye||RoseliBerry|Prankster|FakeOut,Quash,LightScreen,Encore|Impish||F|||50|
|
|t:|1784148164
|teamsize|p1|4
|teamsize|p2|4
|start
|switch|p1a: Farigiraf|Farigiraf, L50, M|100/100
|switch|p1b: Sylveon|Sylveon, L50, M|100/100
|switch|p2a: keroro|Garchomp, L50, M|100/100
|switch|p2b: Scalion|Empoleon, L50, M|100/100
|turn|1
|
|t:|1784148185
|move|p1b: Sylveon|Protect|p1b: Sylveon
|-singleturn|p1b: Sylveon|Protect
|move|p2a: keroro|Dragon Claw|p1a: Farigiraf
|-damage|p1a: Farigiraf|60/100
|-damage|p2a: keroro|90/100|[from] item: Life Orb
|move|p1a: Farigiraf|Thunderbolt|p2b: Scalion
|-supereffective|p2b: Scalion|1
|-damage|p2b: Scalion|58/100
|move|p2b: Scalion|Flash Cannon|p1b: Sylveon
|-activate|p1b: Sylveon|move: Protect
|
|upkeep
|turn|2
|
|t:|1784148209
|move|p2a: keroro|Protect|p2a: keroro
|-singleturn|p2a: keroro|Protect
|move|p1b: Sylveon|Hyper Voice|p2b: Scalion|[spread] p2b
|-activate|p2a: keroro|move: Protect
|-resisted|p2b: Scalion|1
|-damage|p2b: Scalion|37/100
|-enditem|p2b: Scalion|Sitrus Berry|[eat]
|-heal|p2b: Scalion|61/100|[from] item: Sitrus Berry
|move|p1a: Farigiraf|Thunderbolt|p2b: Scalion
|-supereffective|p2b: Scalion|1
|-damage|p2b: Scalion|23/100
|move|p2b: Scalion|Flash Cannon|p1b: Sylveon
|-supereffective|p1b: Sylveon|1
|-damage|p1b: Sylveon|38/100
|
|upkeep
|turn|3
|
|t:|1784148227
|switch|p2b: Marty the Martian|Eelektross, L50, M|100/100
|move|p2a: keroro|Earthquake|p1b: Sylveon|[spread] p1a,p1b
|-immune|p2b: Marty the Martian|[from] ability: Levitate
|-crit|p1a: Farigiraf
|-damage|p1a: Farigiraf|1/100
|-damage|p1b: Sylveon|0 fnt
|-enditem|p1a: Farigiraf|Sitrus Berry|[eat]
|-heal|p1a: Farigiraf|25/100|[from] item: Sitrus Berry
|faint|p1b: Sylveon
|-damage|p2a: keroro|80/100|[from] item: Life Orb
|move|p1a: Farigiraf|Thunderbolt|p2b: Marty the Martian
|-resisted|p2b: Marty the Martian|1
|-damage|p2b: Marty the Martian|87/100
|
|upkeep
|
|t:|1784148242
|switch|p1b: Garchomp|Garchomp, L50, M|100/100
|turn|4
|
|t:|1784148253
|detailschange|p2b: Marty the Martian|Eelektross-Mega, L50, M
|-mega|p2b: Marty the Martian|Eelektross|Eelektrossite
|move|p1a: Farigiraf|Protect|p1a: Farigiraf
|-singleturn|p1a: Farigiraf|Protect
|move|p1b: Garchomp|Dragon Claw|p2a: keroro
|-supereffective|p2a: keroro|1
|-damage|p2a: keroro|0 fnt
|-damage|p1b: Garchomp|87/100|[from] ability: Rough Skin|[of] p2a: keroro
|faint|p2a: keroro
|-damage|p1b: Garchomp|77/100|[from] item: Life Orb
|move|p2b: Marty the Martian|Thunderbolt|p1a: Farigiraf
|-activate|p1a: Farigiraf|move: Protect
|
|upkeep
|
|t:|1784148265
|switch|p2a: guillermeta|Whimsicott, L50, M|100/100
|turn|5
|
|t:|1784148288
|move|p1a: Farigiraf|Protect|p1a: Farigiraf
|-singleturn|p1a: Farigiraf|Protect
|move|p2a: guillermeta|Charm||[still]
|cant|p1a: Farigiraf|ability: Armor Tail|Charm|[of] p2a: guillermeta
|move|p1b: Garchomp|Rock Slide|p2b: Marty the Martian|[spread] p2a,p2b
|-damage|p2a: guillermeta|79/100
|-damage|p2b: Marty the Martian|57/100
|-damage|p1b: Garchomp|68/100|[from] item: Life Orb
|move|p2b: Marty the Martian|Thunderbolt|p1a: Farigiraf
|-activate|p1a: Farigiraf|move: Protect
|
|upkeep
|turn|6
|
|t:|1784148335
|move|p1b: Garchomp|Dragon Claw|p2b: Marty the Martian
|-damage|p2b: Marty the Martian|0 fnt
|faint|p2b: Marty the Martian
|-damage|p1b: Garchomp|58/100|[from] item: Life Orb
|move|p2a: guillermeta|Moonblast|p1b: Garchomp
|-supereffective|p1b: Garchomp|1
|-damage|p1b: Garchomp|0 fnt
|faint|p1b: Garchomp
|move|p1a: Farigiraf|Psychic|p2a: guillermeta
|-damage|p2a: guillermeta|34/100
|
|upkeep
|
|t:|1784148346
|switch|p1b: Aerodactyl|Aerodactyl, L50, F|100/100
|switch|p2b: Scalion|Empoleon, L50, M|23/100
|-ability|p1b: Aerodactyl|Unnerve
|turn|7
|
|t:|1784148370
|detailschange|p1b: Aerodactyl|Aerodactyl-Mega, L50, F
|-mega|p1b: Aerodactyl|Aerodactyl|Aerodactylite
|move|p2a: guillermeta|Protect|p2a: guillermeta
|-singleturn|p2a: guillermeta|Protect
|move|p1b: Aerodactyl|Tailwind|p1b: Aerodactyl
|-sidestart|p1: komsu|move: Tailwind
|move|p1a: Farigiraf|Thunderbolt|p2b: Scalion
|-supereffective|p2b: Scalion|1
|-damage|p2b: Scalion|0 fnt
|faint|p2b: Scalion
|
|upkeep
|turn|8
|
|t:|1784148381
|move|p1b: Aerodactyl|Dual Wingbeat|p2a: guillermeta
|-supereffective|p2a: guillermeta|1
|-damage|p2a: guillermeta|0 fnt
|faint|p2a: guillermeta
|-hitcount|p2: guillermeta|1
|
|win|komsu
|raw|komsu's rating: 1230 → 1250(+20 for winning)
|raw|origin_enjoyer's rating: 1160 → 1140(-20 for losing)
