|j|☆Gen4lover2
|j|☆cubeandcroc
|html|Gen4lover2cubeandcroc    
|uhtml|bestof|Game 1 of a best-of-3
|t:|1785932396
|gametype|doubles
|player|p1|Gen4lover2|wallace|1341
|player|p2|cubeandcroc|170|1286
|gen|9
|tier|[Gen 9 Champions] VGC 2026 Reg M-B (Bo3)
|rated|
|rule|Species Clause: Limit one of each Pokémon
|rule|Item Clause: Limit 1 of each item
|clearpoke
|poke|p1|Tyranitar, L50, M|
|poke|p1|Excadrill, L50, F|
|poke|p1|Staraptor, L50, F|
|poke|p1|Milotic, L50, F, shiny|
|poke|p1|Gholdengo, L50|
|poke|p1|Sinistcha-Masterpiece, L50|
|poke|p2|Pelipper, L50, F|
|poke|p2|Archaludon, L50, F|
|poke|p2|Swampert, L50, F|
|poke|p2|Sneasler, L50, F|
|poke|p2|Gholdengo, L50|
|poke|p2|Sableye, L50, F|
|teampreview|4
|showteam|p1|Tyranitar||Tyranitarite|SandStream|RockSlide,KnockOff,LowKick,Protect|Adamant||M|||50|]Excadrill||FocusSash|SandRush|HighHorsepower,IronHead,RockSlide,Protect|Adamant||F|||50|]Staraptor||Staraptite|Intimidate|BraveBird,CloseCombat,Tailwind,Protect|Jolly||F|||50|]Milotic||SitrusBerry|Competitive|Scald,IceBeam,Recover,Protect|Modest||F|||50|]Gholdengo||LifeOrb|GoodasGold|MakeItRain,ShadowBall,NastyPlot,Protect|Modest|||||50|]Sinistcha-Masterpiece||ColburBerry|Hospitality|MatchaGotcha,RagePowder,TrickRoom,Protect|Relaxed|||||50|
|showteam|p2|Pelipper||SitrusBerry|Drizzle|WeatherBall,Hurricane,Tailwind,WideGuard|Modest||F|||50|]Archaludon||Leftovers|Stamina|DragonPulse,AuraSphere,ElectroShot,Protect|Modest||F|||50|]Swampert||Swampertite|Torrent|WaveCrash,Earthquake,IcePunch,Protect|Adamant||F|||50|]Sneasler||WhiteHerb|Unburden|FakeOut,CloseCombat,PoisonJab,RainDance|Jolly||F|||50|]Gholdengo||LifeOrb|GoodasGold|MakeItRain,ShadowBall,NastyPlot,Protect|Timid|||||50|]Sableye||FocusSash|Prankster|FakeOut,Feint,RainDance,Encore|Modest||F|||50|
|inactive|Battle timer is ON: inactive players will automatically lose when time's up. (requested by Gen4lover2)
|inactive|Gen4lover2 has 60 seconds left.
|inactive|cubeandcroc has 60 seconds left.
|inactive|cubeandcroc has 30 seconds left.
|inactive|cubeandcroc has 20 seconds left.
|
|t:|1785932468
|teamsize|p1|4
|teamsize|p2|4
|start
|switch|p1a: Tyranitar|Tyranitar, L50, M|100/100
|switch|p1b: Excadrill|Excadrill, L50, F|100/100
|switch|p2a: Sableye|Sableye, L50, F|100/100
|switch|p2b: Swampert|Swampert, L50, F|100/100
|-weather|Sandstorm|[from] ability: Sand Stream|[of] p1a: Tyranitar
|turn|1
|inactive|Gen4lover2 has 30 seconds left.
|
|t:|1785932497
|switch|p1a: Staraptor|Staraptor, L50, F|100/100
|-ability|p1a: Staraptor|Intimidate|boost
|-unboost|p2a: Sableye|atk|1
|-unboost|p2b: Swampert|atk|1
|detailschange|p2b: Swampert|Swampert-Mega, L50, F
|-mega|p2b: Swampert|Swampert|Swampertite
|move|p2a: Sableye|Rain Dance|p2a: Sableye
|-weather|RainDance
|move|p2b: Swampert|Ice Punch|p1b: Excadrill
|-damage|p1b: Excadrill|72/100
|move|p1b: Excadrill|Iron Head|p2a: Sableye
|-damage|p2a: Sableye|31/100
|
|-weather|RainDance|[upkeep]
|upkeep
|turn|2
|
|t:|1785932520
|switch|p1a: Sinistcha|Sinistcha-Masterpiece, L50|100/100
|-heal|p1b: Excadrill|97/100|[from] ability: Hospitality|[of] p1a: Sinistcha
|move|p2a: Sableye|Feint|p1b: Excadrill
|-resisted|p1b: Excadrill|1
|-damage|p1b: Excadrill|95/100
|move|p2b: Swampert|Wave Crash|p1b: Excadrill
|-supereffective|p1b: Excadrill|1
|-damage|p1b: Excadrill|0 fnt
|faint|p1b: Excadrill
|-damage|p2b: Swampert|70/100|[from] Recoil
|
|-weather|RainDance|[upkeep]
|upkeep
|
|t:|1785932534
|switch|p1b: Staraptor|Staraptor, L50, F|100/100
|-ability|p1b: Staraptor|Intimidate|boost
|-unboost|p2a: Sableye|atk|1
|-unboost|p2b: Swampert|atk|1
|turn|3
|
|t:|1785932544
|switch|p2b: Pelipper|Pelipper, L50, F|100/100
|switch|p2a: Gholdengo|Gholdengo, L50|100/100
|detailschange|p1b: Staraptor|Staraptor-Mega, L50, F
|-mega|p1b: Staraptor|Staraptor|Staraptite
|move|p1b: Staraptor|Close Combat|p2b: Pelipper
|-resisted|p2b: Pelipper|1
|-damage|p2b: Pelipper|68/100
|-boost|p1b: Staraptor|def|1
|-boost|p1b: Staraptor|spd|1
|move|p1a: Sinistcha|Matcha Gotcha|p2b: Pelipper|[spread] p2a,p2b
|-resisted|p2a: Gholdengo|1
|-damage|p2a: Gholdengo|85/100
|-damage|p2b: Pelipper|35/100
|-enditem|p2b: Pelipper|Sitrus Berry|[eat]
|-heal|p2b: Pelipper|60/100|[from] item: Sitrus Berry
|
|-weather|RainDance|[upkeep]
|upkeep
|turn|4
|inactive|Gen4lover2 has 30 seconds left.
|
|t:|1785932573
|switch|p1a: Tyranitar|Tyranitar, L50, M|100/100
|-weather|Sandstorm|[from] ability: Sand Stream|[of] p1a: Tyranitar
|move|p1b: Staraptor|Brave Bird|p2b: Pelipper
|-damage|p2b: Pelipper|1/100
|-damage|p1b: Staraptor|81/100|[from] Recoil
|move|p2a: Gholdengo|Nasty Plot|p2a: Gholdengo
|-boost|p2a: Gholdengo|spa|2
|move|p2b: Pelipper|Tailwind|p2b: Pelipper
|-sidestart|p2: cubeandcroc|move: Tailwind
|
|-weather|Sandstorm|[upkeep]
|-damage|p2b: Pelipper|0 fnt|[from] Sandstorm
|-damage|p1b: Staraptor|75/100|[from] Sandstorm
|faint|p2b: Pelipper
|upkeep
|
|t:|1785932593
|switch|p2b: Sableye|Sableye, L50, F|31/100
|turn|5
|
|t:|1785932602
|switch|p1a: Sinistcha|Sinistcha-Masterpiece, L50|100/100
|-heal|p1b: Staraptor|100/100|[from] ability: Hospitality|[of] p1a: Sinistcha
|move|p2b: Sableye|Feint|p1b: Staraptor
|-damage|p1b: Staraptor|96/100
|move|p2a: Gholdengo|Make It Rain|p1b: Staraptor|[spread] p1a,p1b
|-damage|p1a: Sinistcha|0 fnt
|-damage|p1b: Staraptor|6/100
|-unboost|p2a: Gholdengo|spa|2
|faint|p1a: Sinistcha
|-damage|p2a: Gholdengo|75/100|[from] item: Life Orb
|move|p1b: Staraptor|Brave Bird|p2b: Sableye
|-crit|p2b: Sableye
|-damage|p2b: Sableye|0 fnt
|faint|p2b: Sableye
|-damage|p1b: Staraptor|0 fnt|[from] Recoil
|faint|p1b: Staraptor
|
|-weather|Sandstorm|[upkeep]
|upkeep
|
|t:|1785932617
|switch|p1b: Tyranitar|Tyranitar, L50, M|100/100
|switch|p2b: Swampert|Swampert-Mega, L50, F|70/100
|turn|6
|
|t:|1785932623
|move|p2a: Gholdengo|Make It Rain|p1b: Tyranitar
|-supereffective|p1b: Tyranitar|1
|-damage|p1b: Tyranitar|0 fnt
|-unboost|p2a: Gholdengo|spa|2
|faint|p1b: Tyranitar
|-damage|p2a: Gholdengo|65/100|[from] item: Life Orb
|
|win|cubeandcroc
||cubeandcroc is ready for game 2.
