|j|☆dualedge0224
|j|☆Semyboy
|html|dualedge0224Semyboy    
|uhtml|bestof|Game 1 of a best-of-3
|t:|1756214167
|gametype|doubles
|player|p1|dualedge0224|biker-gen4|1020
|player|p2|Semyboy|265|1028
|gen|9
|tier|[Gen 9] VGC 2025 Reg H (Bo3)
|rated|
|rule|Species Clause: Limit one of each Pokémon
|rule|Item Clause: Limit 1 of each item
|clearpoke
|poke|p1|Incineroar, L50, M|
|poke|p1|Rillaboom, L50, F|
|poke|p1|Farigiraf, L50, M|
|poke|p1|Dragonite, L50, F|
|poke|p1|Ursaluna-Bloodmoon, L50, M|
|poke|p1|Gholdengo, L50|
|poke|p2|Sneasler, L50, M|
|poke|p2|Archaludon, L50, F|
|poke|p2|Whimsicott, L50, M|
|poke|p2|Electabuzz, L50, F|
|poke|p2|Pelipper, L50, F|
|poke|p2|Garchomp, L50, F|
|teampreview|4
|showteam|p1|Incineroar||SafetyGoggles|Intimidate|FakeOut,FlareBlitz,PartingShot,KnockOff|||M|||50|,,,,,Ghost]Rillaboom||AssaultVest|GrassySurge|GrassyGlide,WoodHammer,FakeOut,HighHorsepower|||F|||50|,,,,,Fire]Farigiraf||SitrusBerry|ArmorTail|TrickRoom,Psychic,DazzlingGleam,Protect|||M|||50|,,,,,Fairy]Dragonite||LoadedDice|Multiscale|Tailwind,Haze,Protect,ScaleShot|||F|||50|,,,,,Steel]Ursaluna-Bloodmoon||LifeOrb|MindsEye|EarthPower,Protect,BloodMoon,HyperVoice|||M|||50|,,,,,Ghost]Gholdengo||Leftovers|GoodasGold|MakeItRain,ShadowBall,NastyPlot,Protect||||||50|,,,,,Fairy
|showteam|p2|Sneasler||WhiteHerb|Unburden|CloseCombat,FakeOut,DireClaw,ThroatChop|||M|||50|,,,,,Stellar]Archaludon||AssaultVest|Stamina|FlashCannon,DracoMeteor,ElectroShot,BodyPress|||F|||50|,,,,,Grass]Whimsicott||CovertCloak|Prankster|Moonblast,Tailwind,Protect,Encore|||M|||50|,,,,,Dark]Electabuzz||Eviolite|VitalSpirit|FollowMe,Protect,Electroweb,Taunt|||F|||50|,,,,,Electric]Pelipper||FocusSash|Drizzle|Hurricane,WeatherBall,Protect,IceBeam|||F|||50|,,,,,Stellar]Garchomp||LifeOrb|RoughSkin|Earthquake,StompingTantrum,Protect,DragonClaw|||F|||50|,,,,,Dragon
|
|t:|1756214232
|teamsize|p1|4
|teamsize|p2|4
|start
|switch|p1a: Dragonite|Dragonite, L50, F|100/100
|switch|p1b: Rillaboom|Rillaboom, L50, F|100/100
|switch|p2a: Whimsicott|Whimsicott, L50, M|100/100
|switch|p2b: Pelipper|Pelipper, L50, F|100/100
|-weather|RainDance|[from] ability: Drizzle|[of] p2b: Pelipper
|-fieldstart|move: Grassy Terrain|[from] ability: Grassy Surge|[of] p1b: Rillaboom
|turn|1
|
|t:|1756214262
|switch|p1b: Incineroar|Incineroar, L50, M|100/100
|-ability|p1b: Incineroar|Intimidate|boost
|-unboost|p2a: Whimsicott|atk|1
|-unboost|p2b: Pelipper|atk|1
|move|p2b: Pelipper|Protect|p2b: Pelipper
|-singleturn|p2b: Pelipper|Protect
|move|p2a: Whimsicott|Tailwind|p2a: Whimsicott
|-sidestart|p2: Semyboy|move: Tailwind
|move|p1a: Dragonite|Scale Shot|p2b: Pelipper
|-activate|p2b: Pelipper|move: Protect
|
|-weather|RainDance|[upkeep]
|upkeep
|turn|2
|
|t:|1756214291
|move|p1b: Incineroar|Fake Out|p2b: Pelipper
|-damage|p2b: Pelipper|87/100
|move|p2a: Whimsicott|Moonblast|p1a: Dragonite
|-supereffective|p1a: Dragonite
|-damage|p1a: Dragonite|74/100
|cant|p2b: Pelipper|flinch
|move|p1a: Dragonite|Tailwind|p1a: Dragonite
|-sidestart|p1: dualedge0224|move: Tailwind
|
|-weather|RainDance|[upkeep]
|upkeep
|turn|3
|
|t:|1756214362
|switch|p1a: Rillaboom|Rillaboom, L50, F|100/100
|move|p2a: Whimsicott|Encore||[still]
|-fail|p2a: Whimsicott
|move|p2b: Pelipper|Weather Ball|p1b: Incineroar
|-supereffective|p1b: Incineroar
|-damage|p1b: Incineroar|0 fnt
|faint|p1b: Incineroar
|
|-weather|RainDance|[upkeep]
|upkeep
|
|t:|1756214378
|switch|p1b: Ursaluna|Ursaluna-Bloodmoon, L50, M|100/100
|turn|4
|
|t:|1756214404
|move|p2a: Whimsicott|Protect|p2a: Whimsicott
|-singleturn|p2a: Whimsicott|Protect
|move|p2b: Pelipper|Protect|p2b: Pelipper
|-singleturn|p2b: Pelipper|Protect
|move|p1a: Rillaboom|Fake Out|p2b: Pelipper
|-activate|p2b: Pelipper|move: Protect
|move|p1b: Ursaluna|Hyper Voice|p2a: Whimsicott|[spread] 
|-activate|p2a: Whimsicott|move: Protect
|-activate|p2b: Pelipper|move: Protect
|
|-weather|RainDance|[upkeep]
|-sideend|p2: Semyboy|move: Tailwind
|upkeep
|turn|5
|
|t:|1756214432
|-terastallize|p1b: Ursaluna|Ghost
|move|p2a: Whimsicott|Tailwind|p2a: Whimsicott
|-sidestart|p2: Semyboy|move: Tailwind
|move|p2b: Pelipper|Hurricane|p1a: Rillaboom
|-supereffective|p1a: Rillaboom
|-damage|p1a: Rillaboom|30/100
|move|p1b: Ursaluna|Blood Moon|p2a: Whimsicott
|-damage|p2a: Whimsicott|0 fnt
|faint|p2a: Whimsicott
|-damage|p1b: Ursaluna|91/100|[from] item: Life Orb
|move|p1a: Rillaboom|Wood Hammer|p2b: Pelipper
|-damage|p2b: Pelipper|0 fnt
|faint|p2b: Pelipper
|-damage|p1a: Rillaboom|11/100|[from] Recoil
|
|-weather|none
|-heal|p1b: Ursaluna|97/100|[from] Grassy Terrain
|-heal|p1a: Rillaboom|17/100|[from] Grassy Terrain
|-sideend|p1: dualedge0224|move: Tailwind
|-fieldend|move: Grassy Terrain
|upkeep
|
|t:|1756214451
|switch|p2a: Archaludon|Archaludon, L50, F|100/100
|switch|p2b: Garchomp|Garchomp, L50, F|100/100
|turn|6
|
|t:|1756214478
|switch|p1a: Dragonite|Dragonite, L50, F|74/100
|-terastallize|p2a: Archaludon|Grass
|move|p2b: Garchomp|Dragon Claw|p1a: Dragonite
|-supereffective|p1a: Dragonite
|-damage|p1a: Dragonite|0 fnt
|faint|p1a: Dragonite
|-damage|p2b: Garchomp|91/100|[from] item: Life Orb
|move|p2a: Archaludon|Flash Cannon|p1b: Ursaluna
|-damage|p1b: Ursaluna|46/100
|move|p1b: Ursaluna|Earth Power|p2a: Archaludon
|-resisted|p2a: Archaludon
|-damage|p2a: Archaludon|78/100
|-ability|p2a: Archaludon|Stamina|boost
|-boost|p2a: Archaludon|def|1
|-damage|p1b: Ursaluna|36/100|[from] item: Life Orb
|
|upkeep
|
|t:|1756214484
|switch|p1a: Rillaboom|Rillaboom, L50, F|17/100
|-fieldstart|move: Grassy Terrain|[from] ability: Grassy Surge|[of] p1a: Rillaboom
|turn|7
|
|t:|1756214514
|move|p1b: Ursaluna|Protect|p1b: Ursaluna
|-singleturn|p1b: Ursaluna|Protect
|move|p2b: Garchomp|Dragon Claw|p1a: Rillaboom
|-crit|p1a: Rillaboom
|-damage|p1a: Rillaboom|0 fnt
|faint|p1a: Rillaboom
|-damage|p2b: Garchomp|81/100|[from] item: Life Orb
|move|p2a: Archaludon|Flash Cannon|p1b: Ursaluna
|-activate|p1b: Ursaluna|move: Protect
|
|-heal|p2b: Garchomp|86/100|[from] Grassy Terrain
|-heal|p2a: Archaludon|84/100|[from] Grassy Terrain
|-heal|p1b: Ursaluna|42/100|[from] Grassy Terrain
|upkeep
|turn|8
|-message|dualedge0224 forfeited.
|
|win|Semyboy
|l|☆dualedge0224
|player|p1|
||dualedge0224 is ready for game 2.
|inactive|Semyboy has 30 seconds to confirm battle start!
||Semyboy is ready for game 2.
|uhtml|next|Next: Game 2 of 3
