|j|☆GriseousVGC
|j|☆testaltlol
|html|GriseousVGCtestaltlol    
|uhtml|bestof|Game 1 of a best-of-3
|t:|1756280700
|gametype|doubles
|player|p1|GriseousVGC|volo|
|player|p2|testaltlol|170|
|gen|9
|tier|[Gen 9] VGC 2025 Reg H (Bo3)
|rule|Species Clause: Limit one of each Pokémon
|rule|Item Clause: Limit 1 of each item
|clearpoke
|poke|p1|Hydrapple, L50, F|
|poke|p1|Porygon2, L50|
|poke|p1|Incineroar, L50, M|
|poke|p1|Kingambit, L50, M|
|poke|p1|Araquanid, L50, F|
|poke|p1|Sneasler, L50, F|
|poke|p2|Annihilape, L50, M|
|poke|p2|Gogoat, L50, F|
|poke|p2|Talonflame, L50, F|
|poke|p2|Clefairy, L50, M|
|poke|p2|Gholdengo, L50|
|poke|p2|Ursaluna-Bloodmoon, L50, M|
|teampreview|4
|showteam|p1|Hydrapple||AssaultVest|Regenerator|FickleBeam,EarthPower,LeafStorm,GigaDrain|||F|||50|,,,,,Steel]Porygon2||Eviolite|Download|TeraBlast,IceBeam,TrickRoom,Recover||||||50|,,,,,Fighting]Incineroar||SafetyGoggles|Intimidate|FakeOut,FlareBlitz,KnockOff,PartingShot|||M|||50|,,,,,Ghost]Kingambit||BlackGlasses|Defiant|KowtowCleave,SuckerPunch,SwordsDance,Protect|||M|||50|,,,,,Flying]Araquanid||ClearAmulet|WaterBubble|Liquidation,LeechLife,WideGuard,Protect|||F|||50|,,,,,Grass]Sneasler||FocusSash|PoisonTouch|CloseCombat,DireClaw,FakeOut,Protect|||F|||50|,,,,,Stellar
|showteam|p2|Annihilape||SafetyGoggles|Defiant|Protect,BulkUp,DrainPunch,RageFist|||M|||50|,,,,,Water]Gogoat||Leftovers|SapSipper|BulkUp,HornLeech,PlayRough,Earthquake|||F|||50|,,,,,Ground]Talonflame||CovertCloak|GaleWings|SwordsDance,BraveBird,FlareBlitz,Roost|||F|||50|,,,,,Flying]Clefairy||Eviolite|FriendGuard|FollowMe,Protect,Moonblast,Encore|||M|||50|,,,,,Steel]Gholdengo||MetalCoat|GoodasGold|Protect,NastyPlot,ShadowBall,MakeItRain||||||50|,,,,,Steel]Ursaluna-Bloodmoon||RockyHelmet|MindsEye|CalmMind,BloodMoon,EarthPower,Moonlight|||M|||50|,,,,,Ground
|
|t:|1756280736
|teamsize|p1|4
|teamsize|p2|4
|start
|switch|p1a: Porygon2|Porygon2, L50, shiny|100/100
|switch|p1b: Kingambit|Kingambit, L50, M, shiny|100/100
|switch|p2a: Ursaluna|Ursaluna-Bloodmoon, L50, M|100/100
|switch|p2b: Annihilape|Annihilape, L50, M|100/100
|-ability|p1a: Porygon2|Download|boost
|-boost|p1a: Porygon2|spa|1
|turn|1
|
|t:|1756280759
|-terastallize|p1b: Kingambit|Flying
|move|p2b: Annihilape|Bulk Up|p2b: Annihilape
|-boost|p2b: Annihilape|atk|1
|-boost|p2b: Annihilape|def|1
|move|p2a: Ursaluna|Calm Mind|p2a: Ursaluna
|-boost|p2a: Ursaluna|spa|1
|-boost|p2a: Ursaluna|spd|1
|move|p1b: Kingambit|Swords Dance|p1b: Kingambit
|-boost|p1b: Kingambit|atk|2
|move|p1a: Porygon2|Trick Room|p1a: Porygon2
|-fieldstart|move: Trick Room|[of] p1a: Porygon2
|
|upkeep
|turn|2
|
|t:|1756280797
|move|p1b: Kingambit|Kowtow Cleave|p2a: Ursaluna
|-damage|p2a: Ursaluna|20/100
|-damage|p1b: Kingambit|84/100|[from] item: Rocky Helmet|[of] p2a: Ursaluna
|move|p1a: Porygon2|Ice Beam|p2b: Annihilape
|-damage|p2b: Annihilape|65/100
|move|p2a: Ursaluna|Blood Moon|p1b: Kingambit
|-damage|p1b: Kingambit|0 fnt
|faint|p1b: Kingambit
|move|p2b: Annihilape|Bulk Up|p2b: Annihilape
|-boost|p2b: Annihilape|atk|1
|-boost|p2b: Annihilape|def|1
|
|upkeep
|
|t:|1756280809
|switch|p1b: Hydrapple|Hydrapple, L50, F, shiny|100/100
|turn|3
|
|t:|1756280824
|switch|p2a: Gogoat|Gogoat, L50, F|100/100
|move|p1b: Hydrapple|Leaf Storm|p2b: Annihilape
|-damage|p2b: Annihilape|13/100
|-unboost|p1b: Hydrapple|spa|2
|move|p1a: Porygon2|Ice Beam|p2a: Gogoat
|-supereffective|p2a: Gogoat
|-damage|p2a: Gogoat|48/100
|-status|p2a: Gogoat|frz
|move|p2b: Annihilape|Rage Fist|p1b: Hydrapple
|-damage|p1b: Hydrapple|16/100
|
|-heal|p2a: Gogoat|54/100 frz|[from] item: Leftovers
|upkeep
|turn|4
|
|t:|1756280850
|switch|p1b: Araquanid|Araquanid, L50, F, shiny|100/100
|move|p1a: Porygon2|Ice Beam|p2b: Annihilape
|-damage|p2b: Annihilape|0 fnt
|faint|p2b: Annihilape
|cant|p2a: Gogoat|frz
|
|-heal|p2a: Gogoat|60/100 frz|[from] item: Leftovers
|upkeep
|
|t:|1756280858
|switch|p2b: Talonflame|Talonflame, L50, F|100/100
|turn|5
|
|t:|1756280877
|-terastallize|p2b: Talonflame|Flying
|move|p2b: Talonflame|Brave Bird|p1b: Araquanid
|-supereffective|p1b: Araquanid
|-damage|p1b: Araquanid|0 fnt
|faint|p1b: Araquanid
|-damage|p2b: Talonflame|63/100|[from] Recoil
|move|p1a: Porygon2|Tera Blast|p2a: Gogoat
|-damage|p2a: Gogoat|27/100 frz
|cant|p2a: Gogoat|frz
|
|-heal|p2a: Gogoat|33/100 frz|[from] item: Leftovers
|-fieldend|move: Trick Room
|upkeep
|
|t:|1756280889
|switch|p1b: Hydrapple|Hydrapple, L50, F, shiny|49/100
|turn|6
|
|t:|1756280918
|move|p2b: Talonflame|Roost|p2b: Talonflame
|-heal|p2b: Talonflame|100/100
|-hint|If a Terastallized Pokemon uses Roost, it remains Flying-type.
|cant|p2a: Gogoat|frz
|move|p1b: Hydrapple|Fickle Beam|p2b: Talonflame
|-damage|p2b: Talonflame|38/100
|move|p1a: Porygon2|Trick Room|p1a: Porygon2
|-fieldstart|move: Trick Room|[of] p1a: Porygon2
|
|-heal|p2a: Gogoat|39/100 frz|[from] item: Leftovers
|upkeep
|turn|7
|
|t:|1756280934
|move|p1b: Hydrapple|Fickle Beam|p2a: Gogoat|[anim] Fickle Beam All Out
|-activate|p1b: Hydrapple|move: Fickle Beam
|-damage|p2a: Gogoat|0 fnt
|faint|p2a: Gogoat
|move|p1a: Porygon2|Ice Beam|p2b: Talonflame
|-supereffective|p2b: Talonflame
|-damage|p2b: Talonflame|0 fnt
|faint|p2b: Talonflame
|
|upkeep
|-message|testaltlol forfeited.
|
|win|GriseousVGC
|l|☆testaltlol
|player|p2|
