|j|☆wideguard_user
|j|☆KodeBeast0526
|html|wideguard_userKodeBeast0526    
|uhtml|bestof|Game 2 of a best-of-3
|t:|1756954797
|gametype|doubles
|player|p1|wideguard_user|265|
|player|p2|KodeBeast0526|sailor|
|gen|9
|tier|[Gen 9] VGC 2025 Reg H (Bo3)
|rule|Species Clause: Limit one of each Pokémon
|rule|Item Clause: Limit 1 of each item
|clearpoke
|poke|p1|Gholdengo, L50|
|poke|p1|Sneasler, L50, M|
|poke|p1|Incineroar, L50, M|
|poke|p1|Amoonguss, L50, M|
|poke|p1|Dragonite, L50, M|
|poke|p1|Ursaluna-Bloodmoon, L50, M|
|poke|p2|Excadrill, L50, M|
|poke|p2|Tyranitar, L50, M|
|poke|p2|Sneasler, L50, M|
|poke|p2|Indeedee, L50, M|
|poke|p2|Corviknight, L50, M|
|poke|p2|Annihilape, L50, M|
|teampreview|4
|showteam|p1|Gholdengo||LifeOrb|GoodasGold|MakeItRain,ShadowBall,NastyPlot,Protect||||||50|,,,,,Water]Sneasler||FocusSash|Unburden|ThroatChop,CloseCombat,DireClaw,Protect|||M|||50|,,,,,Stellar]Incineroar||SafetyGoggles|Intimidate|FakeOut,FlareBlitz,KnockOff,PartingShot|||M|||50|,,,,,Ghost]Amoonguss||SitrusBerry|Regenerator|Spore,RagePowder,SludgeBomb,Protect|||M|||50|,,,,,Water]Dragonite||LoadedDice|Multiscale|ScaleShot,Protect,Tailwind,Haze|||M|||50|,,,,,Steel]Ursaluna-Bloodmoon||AssaultVest|MindsEye|HyperVoice,BloodMoon,EarthPower,VacuumWave|||M|||50|,,,,,Normal
|showteam|p2|Excadrill||FocusSash|SandRush|IronHead,HighHorsepower,Earthquake,Protect|||M|||50|,,,,,Stellar]Tyranitar||AssaultVest|SandStream|RockSlide,KnockOff,TeraBlast,LowKick|||M|||50|,,,,,Flying]Sneasler||PsychicSeed|Unburden|DireClaw,CloseCombat,ThroatChop,Protect|||M|||50|,,,,,Dark]Indeedee||ChoiceScarf|PsychicSurge|ExpandingForce,TeraBlast,Protect,Trick|||M|||50|,,,,,Psychic]Corviknight||Leftovers|MirrorArmor|BraveBird,BulkUp,Roost,Tailwind|||M|||50|,,,,,Dragon]Annihilape||SafetyGoggles|Defiant|CloseCombat,FinalGambit,RageFist,Taunt|||M|||50|,,,,,Water
|inactive|Battle timer is ON: inactive players will automatically lose when time's up. (requested by wideguard_user)
|
|t:|1756954834
|teamsize|p1|4
|teamsize|p2|4
|start
|switch|p1a: Gholdengo|Gholdengo, L50|100/100
|switch|p1b: Incineroar|Incineroar, L50, M, shiny|100/100
|switch|p2a: Indeedee|Indeedee, L50, M, shiny|100/100
|switch|p2b: Sneasler|Sneasler, L50, M, shiny|100/100
|-fieldstart|move: Psychic Terrain|[from] ability: Psychic Surge|[of] p2a: Indeedee
|-enditem|p2b: Sneasler|Psychic Seed
|-boost|p2b: Sneasler|spd|1|[from] item: Psychic Seed
|-ability|p1b: Incineroar|Intimidate|boost
|-unboost|p2a: Indeedee|atk|1
|-unboost|p2b: Sneasler|atk|1
|turn|1
|
|t:|1756954849
|-terastallize|p2b: Sneasler|Dark
|-terastallize|p1b: Incineroar|Ghost
|move|p2a: Indeedee|Protect|p2a: Indeedee
|-singleturn|p2a: Indeedee|Protect
|move|p1a: Gholdengo|Protect|p1a: Gholdengo
|-singleturn|p1a: Gholdengo|Protect
|move|p2b: Sneasler|Throat Chop|p1a: Gholdengo
|-activate|p1a: Gholdengo|move: Protect
|move|p1b: Incineroar|Knock Off|p2a: Indeedee
|-activate|p2a: Indeedee|move: Protect
|
|upkeep
|turn|2
|inactive|wideguard_user has 30 seconds left.
|inactive|KodeBeast0526 has 30 seconds left.
|inactive|KodeBeast0526 has 20 seconds left.
|
|t:|1756954885
|switch|p2a: Tyranitar|Tyranitar, L50, M, shiny|100/100
|-weather|Sandstorm|[from] ability: Sand Stream|[of] p2a: Tyranitar
|switch|p1a: Amoonguss|Amoonguss, L50, M|100/100
|move|p2b: Sneasler|Throat Chop|p1b: Incineroar
|-supereffective|p1b: Incineroar
|-damage|p1b: Incineroar|43/100
|-start|p1b: Incineroar|Throat Chop|[silent]
|cant|p1b: Incineroar|move: Throat Chop
|
|-weather|Sandstorm|[upkeep]
|-damage|p2b: Sneasler|95/100|[from] Sandstorm
|-damage|p1a: Amoonguss|95/100|[from] Sandstorm
|upkeep
|turn|3
|inactive|wideguard_user has 30 seconds left.
|inactive|KodeBeast0526 has 30 seconds left.
|
|t:|1756954912
|move|p2b: Sneasler|Dire Claw|p1a: Amoonguss
|-damage|p1a: Amoonguss|70/100
|-status|p1a: Amoonguss|par
|move|p2a: Tyranitar|Rock Slide|p1a: Amoonguss|[spread] p1a,p1b
|-damage|p1a: Amoonguss|48/100 par
|-damage|p1b: Incineroar|17/100
|-enditem|p1a: Amoonguss|Sitrus Berry|[eat]
|-heal|p1a: Amoonguss|73/100 par|[from] item: Sitrus Berry
|move|p1b: Incineroar|Knock Off|p2a: Tyranitar
|-resisted|p2a: Tyranitar
|-damage|p2a: Tyranitar|85/100
|-enditem|p2a: Tyranitar|Assault Vest|[from] move: Knock Off|[of] p1b: Incineroar
|cant|p1a: Amoonguss|flinch
|
|-weather|Sandstorm|[upkeep]
|-damage|p2b: Sneasler|89/100|[from] Sandstorm
|-damage|p1a: Amoonguss|67/100 par|[from] Sandstorm
|-end|p1b: Incineroar|Throat Chop|[silent]
|upkeep
|turn|4
|inactive|wideguard_user has 30 seconds left.
|
|t:|1756954940
|move|p2b: Sneasler|Close Combat|p1a: Amoonguss
|-resisted|p1a: Amoonguss
|-damage|p1a: Amoonguss|48/100 par
|-unboost|p2b: Sneasler|def|1
|-unboost|p2b: Sneasler|spd|1
|move|p2a: Tyranitar|Rock Slide|p1b: Incineroar|[spread] p1a,p1b
|-damage|p1a: Amoonguss|25/100 par
|-damage|p1b: Incineroar|0 fnt
|faint|p1b: Incineroar
|move|p1a: Amoonguss|Spore|p2b: Sneasler
|-status|p2b: Sneasler|slp|[from] move: Spore
|
|-weather|Sandstorm|[upkeep]
|-damage|p2b: Sneasler|83/100 slp|[from] Sandstorm
|-damage|p1a: Amoonguss|19/100 par|[from] Sandstorm
|upkeep
|
|t:|1756954955
|switch|p1b: Gholdengo|Gholdengo, L50|100/100
|turn|5
|inactive|wideguard_user has 30 seconds left.
|inactive|wideguard_user has 20 seconds left.
|inactive|wideguard_user has 15 seconds left.
|inactive|wideguard_user has 10 seconds left.
|inactive|KodeBeast0526 has 30 seconds left.
|
|t:|1756955004
|switch|p1a: Sneasler|Sneasler, L50, M|100/100
|move|p1b: Gholdengo|Protect|p1b: Gholdengo
|-singleturn|p1b: Gholdengo|Protect
|cant|p2b: Sneasler|slp
|move|p2a: Tyranitar|Knock Off|p1b: Gholdengo
|-activate|p1b: Gholdengo|move: Protect
|
|-weather|Sandstorm|[upkeep]
|-damage|p2b: Sneasler|77/100 slp|[from] Sandstorm
|-damage|p1a: Sneasler|95/100|[from] Sandstorm
|-fieldend|move: Psychic Terrain
|upkeep
|turn|6
|
|t:|1756955026
|switch|p2a: Indeedee|Indeedee, L50, M, shiny|100/100
|-fieldstart|move: Psychic Terrain|[from] ability: Psychic Surge|[of] p2a: Indeedee
|cant|p2b: Sneasler|slp
|move|p1a: Sneasler|Close Combat|p2b: Sneasler
|-supereffective|p2b: Sneasler
|-damage|p2b: Sneasler|0 fnt
|-unboost|p1a: Sneasler|def|1
|-unboost|p1a: Sneasler|spd|1
|faint|p2b: Sneasler
|move|p1b: Gholdengo|Make It Rain|p2a: Indeedee
|-damage|p2a: Indeedee|0 fnt
|-unboost|p1b: Gholdengo|spa|1
|faint|p2a: Indeedee
|-damage|p1b: Gholdengo|91/100|[from] item: Life Orb
|
|-weather|none
|upkeep
|
|t:|1756955036
|switch|p2b: Excadrill|Excadrill, L50, M, shiny|100/100
|switch|p2a: Tyranitar|Tyranitar, L50, M, shiny|85/100
|-weather|Sandstorm|[from] ability: Sand Stream|[of] p2a: Tyranitar
|turn|7
|inactive|wideguard_user has 30 seconds left.
|inactive|wideguard_user has 20 seconds left.
|inactive|wideguard_user has 15 seconds left.
|inactive|wideguard_user has 10 seconds left.
|
|t:|1756955084
|move|p2b: Excadrill|Earthquake|p1a: Sneasler|[spread] p2a,p1a,p1b
|-supereffective|p2a: Tyranitar
|-supereffective|p1a: Sneasler
|-supereffective|p1b: Gholdengo
|-damage|p2a: Tyranitar|21/100
|-damage|p1a: Sneasler|0 fnt
|-damage|p1b: Gholdengo|0 fnt
|faint|p1a: Sneasler
|faint|p1b: Gholdengo
|move|p2a: Tyranitar|Knock Off|p1: Sneasler|[notarget]
|-fail|p2a: Tyranitar
|
|-weather|Sandstorm|[upkeep]
|upkeep
|
|t:|1756955096
|switch|p1b: Amoonguss|Amoonguss, L50, M|52/100 par
|turn|8
|
|t:|1756955114
|move|p2b: Excadrill|Iron Head|p1b: Amoonguss
|-damage|p1b: Amoonguss|15/100 par
|move|p2a: Tyranitar|Tera Blast|p1b: Amoonguss
|-damage|p1b: Amoonguss|2/100 par
|move|p1b: Amoonguss|Spore|p2b: Excadrill
|-status|p2b: Excadrill|slp|[from] move: Spore
|
|-weather|Sandstorm|[upkeep]
|-damage|p1b: Amoonguss|0 fnt|[from] Sandstorm
|faint|p1b: Amoonguss
|
|win|KodeBeast0526
|l|☆wideguard_user
|player|p1|
