|j|☆LaraTheGamer
|j|☆AsianJezus
|html|LaraTheGamerAsianJezus    
|uhtml|bestof|Game 1 of a best-of-3
|t:|1783891427
|gametype|doubles
|player|p1|LaraTheGamer|marnie-masters3|1085
|player|p2|AsianJezus|giovanni|1124
|gen|9
|tier|[Gen 9 Champions] VGC 2026 Reg M-B (Bo3)
|rated|
|rule|Species Clause: Limit one of each Pokémon
|rule|Item Clause: Limit 1 of each item
|clearpoke
|poke|p1|Falinks, L50|
|poke|p1|Dragalge, L50, M|
|poke|p1|Aerodactyl, L50, F|
|poke|p1|Kingambit, L50, F|
|poke|p1|Farigiraf, L50, F|
|poke|p1|Sylveon, L50, M|
|poke|p2|Staraptor, L50, M|
|poke|p2|Houndstone, L50, F|
|poke|p2|Tyranitar, L50, F|
|poke|p2|Rotom-Wash, L50|
|poke|p2|Excadrill, L50, M|
|poke|p2|Venusaur, L50, M|
|teampreview|4
|showteam|p1|Falinks||Falinksite|Defiant|CloseCombat,SeedBomb,KnockOff,Protect|Adamant|||||50|]Dragalge||LifeOrb|Adaptability|DracoMeteor,SludgeBomb,FocusBlast,Protect|Modest||M|||50|]Aerodactyl||Aerodactylite|Unnerve|RockSlide,DualWingbeat,IceFang,Tailwind|Jolly||F|||50|]Kingambit||FocusSash|Defiant|KowtowCleave,IronHead,SuckerPunch,LowKick|Adamant||F|||50|]Farigiraf||SitrusBerry|ArmorTail|Psychic,TrickRoom,HelpingHand,Protect|Bold||F|||50|]Sylveon||FairyFeather|Pixilate|HyperVoice,HyperBeam,QuickAttack,Detect|Modest||M|||50|
|showteam|p2|Staraptor||Staraptite|Intimidate|BraveBird,CloseCombat,Tailwind,Protect|Jolly||M|||50|]Houndstone||SitrusBerry|SandRush|LastRespects,WillOWisp,AllySwitch,Protect|Adamant||F|||50|]Tyranitar||ChoiceScarf|SandStream|RockSlide,KnockOff,IcePunch,LowKick|Jolly||F|||50|]Rotom-Wash||Magnet|Levitate|HydroPump,Thunderbolt,VoltSwitch,Protect|Modest|||||50|]Excadrill||FocusSash|SandRush|Earthquake,IronHead,RockSlide,Protect|Adamant||M|||50|]Venusaur||Venusaurite|Chlorophyll|SludgeBomb,EarthPower,SleepPowder,Protect|Modest||M|||50|
|
|t:|1783891457
|teamsize|p1|4
|teamsize|p2|4
|start
|switch|p1a: Falinks|Falinks, L50|100/100
|switch|p1b: Kingambit|Kingambit, L50, F|100/100
|switch|p2a: Tyranitar|Tyranitar, L50, F|100/100
|switch|p2b: Excadrill|Excadrill, L50, M|100/100
|-weather|Sandstorm|[from] ability: Sand Stream|[of] p2a: Tyranitar
|turn|1
|
|t:|1783891503
|switch|p2b: Staraptor|Staraptor, L50, M|100/100
|-ability|p2b: Staraptor|Intimidate|boost
|-unboost|p1a: Falinks|atk|1
|-ability|p1a: Falinks|Defiant|boost
|-boost|p1a: Falinks|atk|2
|-unboost|p1b: Kingambit|atk|1
|-ability|p1b: Kingambit|Defiant|boost
|-boost|p1b: Kingambit|atk|2
|detailschange|p1a: Falinks|Falinks-Mega, L50
|-mega|p1a: Falinks|Falinks|Falinksite
|move|p1b: Kingambit|Sucker Punch||[still]
|-fail|p1b: Kingambit
|move|p2a: Tyranitar|Low Kick|p1b: Kingambit
|-supereffective|p1b: Kingambit|2
|-enditem|p1b: Kingambit|Focus Sash
|-damage|p1b: Kingambit|1/100
|move|p1a: Falinks|Close Combat|p2a: Tyranitar
|-supereffective|p2a: Tyranitar|2
|-damage|p2a: Tyranitar|0 fnt
|-unboost|p1a: Falinks|def|1
|-unboost|p1a: Falinks|spd|1
|faint|p2a: Tyranitar
|
|-weather|Sandstorm|[upkeep]
|-damage|p2b: Staraptor|94/100|[from] Sandstorm
|-damage|p1a: Falinks|94/100|[from] Sandstorm
|upkeep
|
|t:|1783891529
|switch|p2a: Excadrill|Excadrill, L50, M|100/100
|turn|2
|
|t:|1783891558
|detailschange|p2b: Staraptor|Staraptor-Mega, L50, M
|-mega|p2b: Staraptor|Staraptor|Staraptite
|move|p1a: Falinks|Protect|p1a: Falinks
|-singleturn|p1a: Falinks|Protect
|move|p1b: Kingambit|Sucker Punch|p2a: Excadrill
|-damage|p2a: Excadrill|13/100
|move|p2a: Excadrill|Earthquake|p1a: Falinks|[spread] p1b
|-activate|p1a: Falinks|move: Protect
|-immune|p2b: Staraptor
|-supereffective|p1b: Kingambit|1
|-crit|p1b: Kingambit
|-damage|p1b: Kingambit|0 fnt
|faint|p1b: Kingambit
|move|p2b: Staraptor|Tailwind|p2b: Staraptor
|-sidestart|p2: AsianJezus|move: Tailwind
|
|-weather|Sandstorm|[upkeep]
|-damage|p2b: Staraptor|88/100|[from] Sandstorm
|-damage|p1a: Falinks|88/100|[from] Sandstorm
|upkeep
|
|t:|1783891575
|switch|p1b: Farigiraf|Farigiraf, L50, F|100/100
|turn|3
|
|t:|1783891614
|move|p2a: Excadrill|Earthquake|p1a: Falinks|[spread] p1a,p1b
|-immune|p2b: Staraptor
|-damage|p1a: Falinks|34/100
|-damage|p1b: Farigiraf|64/100
|move|p2b: Staraptor|Brave Bird|p1a: Falinks
|-supereffective|p1a: Falinks|1
|-damage|p1a: Falinks|0 fnt
|faint|p1a: Falinks
|-damage|p2b: Staraptor|78/100|[from] Recoil
|move|p1b: Farigiraf|Trick Room|p1b: Farigiraf
|-fieldstart|move: Trick Room|[of] p1b: Farigiraf
|
|-weather|Sandstorm|[upkeep]
|-damage|p1b: Farigiraf|58/100|[from] Sandstorm
|-damage|p2b: Staraptor|72/100|[from] Sandstorm
|upkeep
|
|t:|1783891626
|switch|p1a: Dragalge|Dragalge, L50, M|100/100
|turn|4
|
|t:|1783891659
|move|p1a: Dragalge|Sludge Bomb|p2b: Staraptor
|-damage|p2b: Staraptor|1/100
|-damage|p1a: Dragalge|90/100|[from] item: Life Orb
|move|p1b: Farigiraf|Psychic|p2a: Excadrill
|-resisted|p2a: Excadrill|1
|-damage|p2a: Excadrill|0 fnt
|faint|p2a: Excadrill
|move|p2b: Staraptor|Brave Bird|p1b: Farigiraf
|-damage|p1b: Farigiraf|18/100
|-enditem|p1b: Farigiraf|Sitrus Berry|[eat]
|-heal|p1b: Farigiraf|42/100|[from] item: Sitrus Berry
|-damage|p2b: Staraptor|0 fnt|[from] Recoil
|faint|p2b: Staraptor
|
|-weather|Sandstorm|[upkeep]
|-damage|p1a: Dragalge|84/100|[from] Sandstorm
|-damage|p1b: Farigiraf|36/100|[from] Sandstorm
|upkeep
|
|t:|1783891677
|switch|p2a: Houndstone|Houndstone, L50, F|100/100
|turn|5
|
|t:|1783891690
|move|p1b: Farigiraf|Helping Hand|p1a: Dragalge
|-singleturn|p1a: Dragalge|Helping Hand|[of] p1b: Farigiraf
|move|p1a: Dragalge|Draco Meteor|p2a: Houndstone
|-damage|p2a: Houndstone|0 fnt
|-unboost|p1a: Dragalge|spa|2
|faint|p2a: Houndstone
|-damage|p1a: Dragalge|75/100|[from] item: Life Orb
|
|win|LaraTheGamer
||LaraTheGamer is ready for game 2.
||AsianJezus is ready for game 2.
|uhtml|next|Next: Game 2 of 3
|l|☆AsianJezus
|player|p2|
