|j|☆Koraidonkoalition
|j|☆BeeHoe
|html|KoraidonkoalitionBeeHoe    
|uhtml|bestof|Game 1 of a best-of-3
|t:|1785421128
|gametype|doubles
|player|p1|Koraidonkoalition|colress|1149
|player|p2|BeeHoe|bruno|1028
|gen|9
|tier|[Gen 9 Champions] VGC 2026 Reg M-B (Bo3)
|rated|
|rule|Species Clause: Limit one of each Pokémon
|rule|Item Clause: Limit 1 of each item
|clearpoke
|poke|p1|Delphox, L50, M|
|poke|p1|Garchomp, L50, F|
|poke|p1|Sneasler, L50, F|
|poke|p1|Staraptor, L50, F|
|poke|p1|Kingambit, L50, M|
|poke|p1|Whimsicott, L50, M|
|poke|p2|Watchog, L50, M|
|poke|p2|Garchomp, L50, M|
|poke|p2|Charizard, L50, M|
|poke|p2|Aerodactyl, L50, M|
|poke|p2|Farigiraf, L50, M|
|poke|p2|Venusaur, L50, M|
|teampreview|4
|showteam|p1|Delphox||Delphoxite|Blaze|HeatWave,Psychic,Substitute,Protect|Modest||M|||50|]Garchomp||LifeOrb|RoughSkin|Earthquake,DragonClaw,RockSlide,Protect|Jolly||F|||50|]Sneasler||FocusSash|Unburden|CloseCombat,DireClaw,RockTomb,FakeOut|Naive||F|||50|]Staraptor||Staraptite|Intimidate|CloseCombat,DualWingbeat,Roost,Protect|Jolly||F|||50|]Kingambit||ChopleBerry|Defiant|KowtowCleave,SuckerPunch,IronHead,LowKick|Adamant||M|||50|]Whimsicott||OccaBerry|Prankster|Moonblast,Charm,Tailwind,LightScreen|Timid||M|||50|
|showteam|p2|Watchog||ChopleBerry|Analytic|IcePunch,Detect,LowKick,Hypnosis|Impish||M|||50|]Garchomp||ChoiceScarf|RoughSkin|DragonClaw,RockSlide,StompingTantrum,Earthquake|Adamant||M|||50|]Charizard||CharizarditeY|Blaze|AncientPower,HeatWave,FocusBlast,Protect|Modest||M|||50|]Aerodactyl||WhiteHerb|Unnerve|WideGuard,RockSlide,Tailwind,Taunt|Jolly||M|||50|]Farigiraf||SilkScarf|ArmorTail|Psychic,TrickRoom,Imprison,HyperVoice|Modest||M|||50|]Venusaur||FocusSash|Chlorophyll|SleepPowder,SludgeBomb,Protect,EnergyBall|Timid||M|||50|
|
|t:|1785421155
|teamsize|p1|4
|teamsize|p2|4
|start
|switch|p1a: Staraptor|Staraptor, L50, F|100/100
|switch|p1b: Whimsicott|Whimsicott, L50, M|100/100
|switch|p2a: Aerodactyl|Aerodactyl, L50, M|100/100
|switch|p2b: Farigiraf|Farigiraf, L50, M|100/100
|-ability|p2a: Aerodactyl|Unnerve
|-ability|p1a: Staraptor|Intimidate|boost
|-unboost|p2a: Aerodactyl|atk|1
|-unboost|p2b: Farigiraf|atk|1
|-enditem|p2a: Aerodactyl|White Herb
|-clearnegativeboost|p2a: Aerodactyl|[silent]
|turn|1
|
|t:|1785421171
|detailschange|p1a: Staraptor|Staraptor-Mega, L50, F
|-mega|p1a: Staraptor|Staraptor|Staraptite
|move|p1b: Whimsicott|Charm|p1a: Staraptor
|-boost|p1a: Staraptor|atk|2
|move|p2a: Aerodactyl|Rock Slide|p1b: Whimsicott|[spread] p1a,p1b
|-damage|p1a: Staraptor|70/100
|-damage|p1b: Whimsicott|69/100
|move|p1a: Staraptor|Close Combat|p2b: Farigiraf
|-damage|p2b: Farigiraf|0 fnt
|-boost|p1a: Staraptor|def|1
|-boost|p1a: Staraptor|spd|1
|faint|p2b: Farigiraf
|
|upkeep
|
|t:|1785421182
|switch|p2b: Venusaur|Venusaur, L50, M|100/100
|turn|2
|
|t:|1785421187
|move|p1b: Whimsicott|Tailwind|p1b: Whimsicott
|-sidestart|p1: Koraidonkoalition|move: Tailwind
|move|p1a: Staraptor|Dual Wingbeat|p2b: Venusaur
|-supereffective|p2b: Venusaur|1
|-enditem|p2b: Venusaur|Focus Sash
|-damage|p2b: Venusaur|1/100
|-supereffective|p2b: Venusaur|1
|-damage|p2b: Venusaur|0 fnt
|faint|p2b: Venusaur
|-hitcount|p2: Venusaur|2
|move|p2a: Aerodactyl|Rock Slide|p1b: Whimsicott|[spread] p1a,p1b
|-damage|p1a: Staraptor|51/100
|-damage|p1b: Whimsicott|40/100
|
|upkeep
|
|t:|1785421195
|switch|p2b: Charizard|Charizard, L50, M|100/100
|turn|3
|
|t:|1785421205
|move|p2b: Charizard|Protect|p2b: Charizard
|-singleturn|p2b: Charizard|Protect
|move|p1b: Whimsicott|Light Screen|p1b: Whimsicott
|-sidestart|p1: Koraidonkoalition|move: Light Screen
|move|p1a: Staraptor|Close Combat|p2a: Aerodactyl
|-damage|p2a: Aerodactyl|0 fnt
|-boost|p1a: Staraptor|def|1
|-boost|p1a: Staraptor|spd|1
|faint|p2a: Aerodactyl
|
|upkeep
|turn|4
|
|t:|1785421212
|detailschange|p2b: Charizard|Charizard-Mega-Y, L50, M
|-mega|p2b: Charizard|Charizard|Charizardite Y
|-weather|SunnyDay|[from] ability: Drought|[of] p2b: Charizard
|move|p1b: Whimsicott|Charm|p1a: Staraptor
|-boost|p1a: Staraptor|atk|2
|move|p1a: Staraptor|Dual Wingbeat|p2b: Charizard|[miss]
|-miss|p1a: Staraptor|p2b: Charizard
|move|p2b: Charizard|Heat Wave|p1a: Staraptor|[spread] p1a
|-miss|p2b: Charizard|p1b: Whimsicott
|-damage|p1a: Staraptor|20/100y
|
|-weather|SunnyDay|[upkeep]
|upkeep
|turn|5
|
|t:|1785421223
|move|p1b: Whimsicott|Charm|p1a: Staraptor
|-boost|p1a: Staraptor|atk|2
|move|p1a: Staraptor|Dual Wingbeat|p2b: Charizard
|-damage|p2b: Charizard|0 fnt
|faint|p2b: Charizard
|-hitcount|p2: Charizard|1
|
|win|Koraidonkoalition
