|j|☆FencingMaster13
|j|☆Atlanta Rat
|html|FencingMaster13Atlanta Rat    
|uhtml|bestof|Game 2 of a best-of-3
|t:|1784784347
|gametype|doubles
|player|p1|FencingMaster13|1|1000
|player|p2|Atlanta Rat|rood|1120
|gen|9
|tier|[Gen 9 Champions] VGC 2026 Reg M-B (Bo3)
|rated|
|rule|Species Clause: Limit one of each Pokémon
|rule|Item Clause: Limit 1 of each item
|clearpoke
|poke|p1|Archaludon, L50, M, shiny|
|poke|p1|Sylveon, L50, M, shiny|
|poke|p1|Pelipper, L50, M, shiny|
|poke|p1|Swampert, L50, M|
|poke|p1|Sinistcha-Masterpiece, L50, shiny|
|poke|p1|Sableye, L50, M, shiny|
|poke|p2|Raichu, L50, M|
|poke|p2|Sinistcha, L50|
|poke|p2|Incineroar, L50, M|
|poke|p2|Sylveon, L50, M|
|poke|p2|Metagross, L50|
|poke|p2|Hydreigon, L50, M|
|teampreview|4
|showteam|p1|Archaludon||Leftovers|Stamina|ElectroShot,FlashCannon,DragonPulse,Protect|Modest||M|||50|]Sylveon||LifeOrb|Pixilate|HyperVoice,HyperBeam,QuickAttack,Protect|Timid||M|||50|]Pelipper||FocusSash|Drizzle|Hurricane,WeatherBall,Tailwind,Protect|Timid||M|||50|]Swampert||Swampertite|Damp|WaveCrash,Earthquake,IcePunch,Protect|Adamant||M|||50|]Sinistcha-Masterpiece||KasibBerry|Hospitality|MatchaGotcha,RagePowder,TrickRoom,Protect|Relaxed|||||50|]Sableye||LightClay|Prankster|Quash,RainDance,Reflect,LightScreen|Sassy||M|||50|
|showteam|p2|Raichu||RaichuniteY|LightningRod|ZapCannon,FocusBlast,FakeOut,Protect|Timid||M|||50|]Sinistcha||SitrusBerry|Hospitality|MatchaGotcha,RagePowder,LifeDew,Protect|Bold|||||50|]Incineroar||LumBerry|Intimidate|FlareBlitz,DarkestLariat,PartingShot,FakeOut|Impish||M|||50|]Sylveon||FairyFeather|Pixilate|HyperVoice,Moonblast,CalmMind,Protect|Modest||M|||50|]Metagross||Metagrossite|ClearBody|BulletPunch,PsychicFangs,BodyPress,Protect|Adamant|||||50|]Hydreigon||ChoiceScarf|Levitate|DracoMeteor,DarkPulse,EarthPower,Snarl|Modest||M|||50|
|inactive|Battle timer is ON: inactive players will automatically lose when time's up. (requested by FencingMaster13)
|inactive|Atlanta Rat has 60 seconds left.
|
|t:|1784784382
|teamsize|p1|4
|teamsize|p2|4
|start
|switch|p1a: Swampert|Swampert, L50, M|100/100
|switch|p1b: Pelipper|Pelipper, L50, M, shiny|100/100
|switch|p2a: Gen 1 Rat|Raichu, L50, M|100/100
|switch|p2b: Fairy Kitty Rat|Sylveon, L50, M|100/100
|-weather|RainDance|[from] ability: Drizzle|[of] p1b: Pelipper
|turn|1
|inactive|FencingMaster13 has 30 seconds left.
|inactive|Atlanta Rat has 30 seconds left.
|inactive|Atlanta Rat has 20 seconds left.
|inactive|Atlanta Rat has 15 seconds left.
|
|t:|1784784422
|detailschange|p2a: Gen 1 Rat|Raichu-Mega-Y, L50, M
|-mega|p2a: Gen 1 Rat|Raichu|Raichunite Y
|move|p1a: Swampert|Protect|p1a: Swampert
|-singleturn|p1a: Swampert|Protect
|move|p2a: Gen 1 Rat|Fake Out|p1a: Swampert
|-activate|p1a: Swampert|move: Protect
|move|p1b: Pelipper|Hurricane|p2b: Fairy Kitty Rat
|-damage|p2b: Fairy Kitty Rat|65/100
|-start|p2b: Fairy Kitty Rat|confusion
|-activate|p2b: Fairy Kitty Rat|confusion
|move|p2b: Fairy Kitty Rat|Calm Mind|p2b: Fairy Kitty Rat
|-boost|p2b: Fairy Kitty Rat|spa|1
|-boost|p2b: Fairy Kitty Rat|spd|1
|
|-weather|RainDance|[upkeep]
|upkeep
|turn|2
|inactive|FencingMaster13 has 30 seconds left.
|inactive|Atlanta Rat has 30 seconds left.
|inactive|FencingMaster13 has 20 seconds left.
|inactive|Atlanta Rat has 20 seconds left.
|inactive|FencingMaster13 has 15 seconds left.
|
|t:|1784784464
|detailschange|p1a: Swampert|Swampert-Mega, L50, M
|-mega|p1a: Swampert|Swampert|Swampertite
|-activate|p2b: Fairy Kitty Rat|confusion
|move|p2b: Fairy Kitty Rat|Protect|p2b: Fairy Kitty Rat
|-singleturn|p2b: Fairy Kitty Rat|Protect
|move|p1a: Swampert|Earthquake|p2b: Fairy Kitty Rat|[spread] p2a
|-activate|p2b: Fairy Kitty Rat|move: Protect
|-immune|p1b: Pelipper
|-supereffective|p2a: Gen 1 Rat|1
|-damage|p2a: Gen 1 Rat|0 fnt
|faint|p2a: Gen 1 Rat
|move|p1b: Pelipper|Tailwind|p1b: Pelipper
|-sidestart|p1: FencingMaster13|move: Tailwind
|
|-weather|RainDance|[upkeep]
|upkeep
|
|t:|1784784474
|switch|p2a: Kitty Rat|Incineroar, L50, M|100/100
|-ability|p2a: Kitty Rat|Intimidate|boost
|-unboost|p1a: Swampert|atk|1
|-unboost|p1b: Pelipper|atk|1
|turn|3
|
|t:|1784784486
|switch|p1a: Archaludon|Archaludon, L50, M, shiny|100/100
|switch|p1b: Sableye|Sableye, L50, M, shiny|100/100
|move|p2a: Kitty Rat|Fake Out|p1a: Archaludon
|-resisted|p1a: Archaludon|1
|-damage|p1a: Archaludon|95/100
|-ability|p1a: Archaludon|Stamina|boost
|-boost|p1a: Archaludon|def|1
|-activate|p2b: Fairy Kitty Rat|confusion
|-damage|p2b: Fairy Kitty Rat|58/100|[from] confusion
|
|-weather|RainDance|[upkeep]
|-heal|p1a: Archaludon|100/100|[from] item: Leftovers
|upkeep
|turn|4
|inactive|FencingMaster13 has 30 seconds left.
|
|t:|1784784521
|switch|p2a: Smiley Rat|Sinistcha, L50|100/100
|-heal|p2b: Fairy Kitty Rat|83/100|[from] ability: Hospitality|[of] p2a: Smiley Rat
|move|p1b: Sableye|Light Screen|p1b: Sableye
|-sidestart|p1: FencingMaster13|move: Light Screen
|move|p1a: Archaludon|Electro Shot||[still]
|-prepare|p1a: Archaludon|Electro Shot
|-boost|p1a: Archaludon|spa|1
|-anim|p1a: Archaludon|Electro Shot|p2a: Smiley Rat
|-resisted|p2a: Smiley Rat|1
|-damage|p2a: Smiley Rat|67/100
|-activate|p2b: Fairy Kitty Rat|confusion
|move|p2b: Fairy Kitty Rat|Hyper Voice|p1a: Archaludon|[spread] p1a,p1b
|-supereffective|p1b: Sableye|1
|-damage|p1a: Archaludon|32/100
|-damage|p1b: Sableye|0 fnt
|-ability|p1a: Archaludon|Stamina|boost
|-boost|p1a: Archaludon|def|1
|faint|p1b: Sableye
|
|-weather|RainDance|[upkeep]
|-heal|p1a: Archaludon|38/100|[from] item: Leftovers
|upkeep
|
|t:|1784784543
|switch|p1b: Swampert|Swampert-Mega, L50, M|100/100
|turn|5
|inactive|FencingMaster13 has 30 seconds left.
|inactive|FencingMaster13 has 20 seconds left.
|inactive|FencingMaster13 has 15 seconds left.
|
|t:|1784784585
|move|p1b: Swampert|Ice Punch|p2a: Smiley Rat
|-supereffective|p2a: Smiley Rat|1
|-damage|p2a: Smiley Rat|14/100
|-enditem|p2a: Smiley Rat|Sitrus Berry|[eat]
|-heal|p2a: Smiley Rat|39/100|[from] item: Sitrus Berry
|move|p1a: Archaludon|Dragon Pulse|p2a: Smiley Rat
|-crit|p2a: Smiley Rat
|-damage|p2a: Smiley Rat|0 fnt
|faint|p2a: Smiley Rat
|-end|p2b: Fairy Kitty Rat|confusion
|move|p2b: Fairy Kitty Rat|Hyper Voice|p1b: Swampert|[spread] p1a,p1b
|-damage|p1a: Archaludon|0 fnt
|-damage|p1b: Swampert|59/100
|faint|p1a: Archaludon
|
|-weather|none
|-sideend|p1: FencingMaster13|move: Tailwind
|upkeep
|
|t:|1784784600
|switch|p1a: Pelipper|Pelipper, L50, M, shiny|100/100
|switch|p2a: Kitty Rat|Incineroar, L50, M|100/100
|-weather|RainDance|[from] ability: Drizzle|[of] p1a: Pelipper
|-ability|p2a: Kitty Rat|Intimidate|boost
|-unboost|p1a: Pelipper|atk|1
|-unboost|p1b: Swampert|atk|1
|turn|6
|inactive|FencingMaster13 has 30 seconds left.
|inactive|FencingMaster13 has 20 seconds left.
|
|t:|1784784637
|move|p2a: Kitty Rat|Fake Out|p1b: Swampert
|-damage|p1b: Swampert|48/100
|cant|p1b: Swampert|flinch
|move|p1a: Pelipper|Tailwind|p1a: Pelipper
|-sidestart|p1: FencingMaster13|move: Tailwind
|move|p2b: Fairy Kitty Rat|Hyper Voice|p1a: Pelipper|[spread] p1a,p1b
|-damage|p1a: Pelipper|15/100
|-damage|p1b: Swampert|6/100
|
|-weather|RainDance|[upkeep]
|upkeep
|turn|7
|
|t:|1784784660
|move|p1b: Swampert|Earthquake|p2b: Fairy Kitty Rat|[spread] p2a,p2b
|-immune|p1a: Pelipper
|-supereffective|p2a: Kitty Rat|1
|-damage|p2a: Kitty Rat|48/100
|-damage|p2b: Fairy Kitty Rat|46/100
|move|p1a: Pelipper|Weather Ball|p2a: Kitty Rat
|-supereffective|p2a: Kitty Rat|1
|-damage|p2a: Kitty Rat|0 fnt
|faint|p2a: Kitty Rat
|move|p2b: Fairy Kitty Rat|Hyper Voice|p1a: Pelipper|[spread] p1a,p1b
|-damage|p1a: Pelipper|0 fnt
|-damage|p1b: Swampert|0 fnt
|faint|p1a: Pelipper
|faint|p1b: Swampert
|
|win|Atlanta Rat
|raw|FencingMaster13's rating: 1000 → 1000(+0 for losing)
|raw|Atlanta Rat's rating: 1120 → 1137(+17 for winning)
