|j|☆Oriozz
|j|☆alon34
|html|Oriozzalon34    
|uhtml|bestof|Game 1 of a best-of-3
|t:|1783056641
|gametype|doubles
|player|p1|Oriozz|1|1000
|player|p2|alon34|169|1000
|gen|9
|tier|[Gen 9 Champions] VGC 2026 Reg M-B (Bo3)
|rated|
|rule|Species Clause: Limit one of each Pokémon
|rule|Item Clause: Limit 1 of each item
|clearpoke
|poke|p1|Kingambit, L50, M|
|poke|p1|Floette-Eternal, L50, F|
|poke|p1|Sneasler, L50, M|
|poke|p1|Incineroar, L50, F|
|poke|p1|Garchomp, L50, F|
|poke|p1|Sinistcha, L50|
|poke|p2|Scrafty, L50, F|
|poke|p2|Venusaur, L50, M|
|poke|p2|Torkoal, L50, F|
|poke|p2|Mamoswine, L50, F|
|poke|p2|Farigiraf, L50, M|
|poke|p2|Pyroar, L50, F|
|teampreview|4
|showteam|p1|Kingambit||ChopleBerry|Defiant|KowtowCleave,Protect,SuckerPunch,IronHead|Adamant||M|||50|]Floette-Eternal||Floettite|FlowerVeil|DazzlingGleam,DrainingKiss,Protect,CalmMind|Bold||F|||50|]Sneasler||FocusSash|Unburden|FakeOut,DireClaw,CloseCombat,Coaching|Jolly||M|||50|]Incineroar||Leftovers|Intimidate|FakeOut,FlareBlitz,PartingShot,HelpingHand|Careful||F|||50|]Garchomp||Garchompite|RoughSkin|Earthquake,StompingTantrum,RockSlide,Protect|Adamant||F|||50|]Sinistcha||SitrusBerry|Hospitality|Protect,MatchaGotcha,TrickRoom,RagePowder|Bold|||||50|
|showteam|p2|Scrafty||Scraftinite|Intimidate|KnockOff,FakeOut,DrainPunch,IcePunch|Adamant||F|||50|]Venusaur||LifeOrb|Chlorophyll|SludgeBomb,EarthPower,EnergyBall,Protect|Modest||M|||50|]Torkoal||HeatRock|Drought|WeatherBall,Protect,HelpingHand,Eruption|Quiet||F|||50|]Mamoswine||FocusSash|Oblivious|Protect,RockSlide,IcicleCrash,HighHorsepower|Jolly||F|||50|]Farigiraf||SitrusBerry|ArmorTail|Psychic,Thunderbolt,TrickRoom,Protect|Quiet||M|||50|]Pyroar||Pyroarite|Unnerve|HeatWave,Protect,Yawn,Overheat|Timid||F|||50|
|inactive|Battle timer is ON: inactive players will automatically lose when time's up. (requested by alon34)
|inactive|Oriozz has 60 seconds left.
|inactive|alon34 has 60 seconds left.
|inactive|Oriozz has 30 seconds left.
|inactive|Oriozz has 20 seconds left.
|inactive|Oriozz has 15 seconds left.
|inactive|Oriozz has 10 seconds left.
|
|t:|1783056725
|teamsize|p1|4
|teamsize|p2|4
|start
|switch|p1a: Incineroar|Incineroar, L50, F|100/100
|switch|p1b: Garchomp|Garchomp, L50, F|100/100
|switch|p2a: Farigiraf|Farigiraf, L50, M|100/100
|switch|p2b: Mamoswine|Mamoswine, L50, F|100/100
|-ability|p1a: Incineroar|Intimidate|boost
|-unboost|p2a: Farigiraf|atk|1
|-fail|p2b: Mamoswine|unboost|Attack|[from] ability: Oblivious|[of] p2b: Mamoswine
|turn|1
|inactive|Oriozz has 30 seconds left.
|inactive|alon34 has 30 seconds left.
|inactive|Oriozz has 20 seconds left.
|inactive|Oriozz has 15 seconds left.
|inactive|Oriozz has 10 seconds left.
|
|t:|1783056772
|move|p1b: Garchomp|Stomping Tantrum|p2b: Mamoswine
|-damage|p2b: Mamoswine|52/100
|move|p2b: Mamoswine|Icicle Crash|p1b: Garchomp
|-supereffective|p1b: Garchomp|2
|-damage|p1b: Garchomp|0 fnt
|faint|p1b: Garchomp
|move|p1a: Incineroar|Flare Blitz|p2b: Mamoswine
|-supereffective|p2b: Mamoswine|1
|-damage|p2b: Mamoswine|0 fnt
|faint|p2b: Mamoswine
|-damage|p1a: Incineroar|84/100|[from] Recoil
|move|p2a: Farigiraf|Trick Room|p2a: Farigiraf
|-fieldstart|move: Trick Room|[of] p2a: Farigiraf
|
|-heal|p1a: Incineroar|90/100|[from] item: Leftovers
|upkeep
|
|t:|1783056794
|switch|p2b: Scrafty|Scrafty, L50, F|100/100
|switch|p1b: Floette|Floette-Eternal, L50, F|100/100
|-ability|p2b: Scrafty|Intimidate|boost
|-unboost|p1a: Incineroar|atk|1
|-unboost|p1b: Floette|atk|1
|turn|2
|inactive|Oriozz has 30 seconds left.
|inactive|alon34 has 30 seconds left.
|inactive|Oriozz has 20 seconds left.
|
|t:|1783056838
|detailschange|p2b: Scrafty|Scrafty-Mega, L50, F
|-mega|p2b: Scrafty|Scrafty|Scraftinite
|-ability|p2b: Scrafty|Intimidate|boost
|-unboost|p1a: Incineroar|atk|1
|-unboost|p1b: Floette|atk|1
|detailschange|p1b: Floette|Floette-Mega, L50, F
|-mega|p1b: Floette|Floette|Floettite
|-ability|p1b: Floette|Fairy Aura
|move|p2b: Scrafty|Fake Out|p1b: Floette
|-damage|p1b: Floette|81/100
|move|p2a: Farigiraf|Psychic|p1b: Floette
|-damage|p1b: Floette|47/100
|-unboost|p1b: Floette|spd|1
|move|p1a: Incineroar|Flare Blitz|p2a: Farigiraf
|-damage|p2a: Farigiraf|77/100
|-damage|p1a: Incineroar|81/100|[from] Recoil
|cant|p1b: Floette|flinch
|
|-heal|p1a: Incineroar|87/100|[from] item: Leftovers
|upkeep
|turn|3
|inactive|Oriozz has 30 seconds left.
|inactive|Oriozz has 20 seconds left.
|inactive|Oriozz has 15 seconds left.
|inactive|Oriozz has 10 seconds left.
|inactive|Oriozz has 5 seconds left.
|
|t:|1783056890
|move|p1b: Floette|Protect|p1b: Floette
|-singleturn|p1b: Floette|Protect
|move|p2a: Farigiraf|Psychic|p1b: Floette
|-activate|p1b: Floette|move: Protect
|move|p1a: Incineroar|Parting Shot|p2a: Farigiraf
|-unboost|p2a: Farigiraf|atk|1
|-unboost|p2a: Farigiraf|spa|1
|
|t:|1783056898
|switch|p1a: Sneasler|Sneasler, L50, M|100/100|[from] Parting Shot
|move|p2b: Scrafty|Drain Punch|p1a: Sneasler
|-resisted|p1a: Sneasler|1
|-damage|p1a: Sneasler|61/100
|
|upkeep
|turn|4
|
|t:|1783056918
|switch|p1a: Incineroar|Incineroar, L50, F|87/100
|-ability|p1a: Incineroar|Intimidate|boost
|-unboost|p2a: Farigiraf|atk|1
|-unboost|p2b: Scrafty|atk|1
|move|p2a: Farigiraf|Psychic|p1a: Incineroar
|-immune|p1a: Incineroar
|move|p2b: Scrafty|Ice Punch|p1b: Floette
|-damage|p1b: Floette|26/100
|-status|p1b: Floette|frz
|-curestatus|p1b: Floette|frz|[msg]
|move|p1b: Floette|Draining Kiss|p2b: Scrafty
|-supereffective|p2b: Scrafty|2
|-damage|p2b: Scrafty|0 fnt
|-heal|p1b: Floette|100/100|[from] drain|[of] p2b: Scrafty
|faint|p2b: Scrafty
|
|-heal|p1a: Incineroar|93/100|[from] item: Leftovers
|upkeep
|
|t:|1783056938
|switch|p2b: Venusaur|Venusaur, L50, M|100/100
|turn|5
|
|t:|1783056960
|switch|p1b: Sneasler|Sneasler, L50, M|61/100
|move|p2b: Venusaur|Protect|p2b: Venusaur
|-singleturn|p2b: Venusaur|Protect
|move|p2a: Farigiraf|Psychic|p1b: Sneasler
|-supereffective|p1b: Sneasler|2
|-damage|p1b: Sneasler|0 fnt
|faint|p1b: Sneasler
|move|p1a: Incineroar|Flare Blitz|p2b: Venusaur
|-activate|p2b: Venusaur|move: Protect
|
|-heal|p1a: Incineroar|99/100|[from] item: Leftovers
|-fieldend|move: Trick Room
|upkeep
|
|t:|1783056972
|switch|p1b: Floette|Floette-Mega, L50, F|100/100
|-ability|p1b: Floette|Fairy Aura
|turn|6
|
|t:|1783056987
|move|p1b: Floette|Protect|p1b: Floette
|-singleturn|p1b: Floette|Protect
|move|p2b: Venusaur|Sludge Bomb|p1b: Floette
|-activate|p1b: Floette|move: Protect
|move|p1a: Incineroar|Flare Blitz|p2b: Venusaur
|-supereffective|p2b: Venusaur|1
|-damage|p2b: Venusaur|0 fnt
|faint|p2b: Venusaur
|-damage|p1a: Incineroar|73/100|[from] Recoil
|move|p2a: Farigiraf|Thunderbolt|p1a: Incineroar
|-damage|p1a: Incineroar|58/100
|-status|p1a: Incineroar|par
|
|-heal|p1a: Incineroar|64/100 par|[from] item: Leftovers
|upkeep
|turn|7
|
|t:|1783057010
|move|p1a: Incineroar|Helping Hand|p1b: Floette
|-singleturn|p1b: Floette|Helping Hand|[of] p1a: Incineroar
|move|p1b: Floette|Dazzling Gleam|p2a: Farigiraf
|-damage|p2a: Farigiraf|0 fnt
|faint|p2a: Farigiraf
|
|win|Oriozz
||alon34 is ready for game 2.
|inactive|Oriozz has 30 seconds to confirm battle start!
||Oriozz is ready for game 2.
|uhtml|next|Next: Game 2 of 3
|l|☆alon34
|player|p2|
