|j|☆heycoachitsnate
|j|☆intifadaaa
|html|heycoachitsnateintifadaaa    
|uhtml|bestof|Game 3 of a best-of-3
|t:|1785735166
|gametype|doubles
|player|p1|heycoachitsnate|n|1132
|player|p2|intifadaaa|workerice|1016
|gen|9
|tier|[Gen 9 Champions] VGC 2026 Reg M-B (Bo3)
|rated|
|rule|Species Clause: Limit one of each Pokémon
|rule|Item Clause: Limit 1 of each item
|clearpoke
|poke|p1|Venusaur, L50, M|
|poke|p1|Charizard, L50, M, shiny|
|poke|p1|Garchomp, L50, F|
|poke|p1|Annihilape, L50, M, shiny|
|poke|p1|Incineroar, L50, M|
|poke|p1|Toxapex, L50, F, shiny|
|poke|p2|Hatterene, L50, F, shiny|
|poke|p2|Kangaskhan, L50, F|
|poke|p2|Venusaur, L50, F|
|poke|p2|Torkoal, L50, M|
|poke|p2|Oranguru, L50, M, shiny|
|poke|p2|Mawile, L50, M, shiny|
|teampreview|4
|showteam|p1|Venusaur||LifeOrb|Chlorophyll|SolarBeam,SludgeBomb,EarthPower,Protect|Modest||M|||50|]Charizard||CharizarditeY|Blaze|HeatWave,WeatherBall,HelpingHand,Protect|Bold||M|||50|]Garchomp||ChoiceScarf|RoughSkin|RockSlide,DragonClaw,Earthquake,StompingTantrum|Adamant||F|||50|]Annihilape||FocusSash|Defiant|PhantomForce,CloseCombat,RockTomb,Protect|Jolly||M|||50|]Incineroar||SitrusBerry|Intimidate|FlareBlitz,ThroatChop,PartingShot,FakeOut|Impish||M|||50|]Toxapex||Leftovers|Regenerator|Infestation,Toxic,WideGuard,BanefulBunker|Impish||F|||50|
|showteam|p2|Hatterene||LifeOrb|MagicBounce|DazzlingGleam,Psychic,TrickRoom,Protect|Quiet||F|||50|]Kangaskhan||SilkScarf|Scrappy|LastResort,FakeOut|Adamant||F|||50|]Venusaur||FocusSash|Chlorophyll|LeafStorm,SludgeBomb,Protect,SleepPowder|Modest||F|||50|]Torkoal||Charcoal|Drought|Eruption,HeatWave,Protect,EarthPower|Modest||M|||50|]Oranguru||MentalHerb|InnerFocus|Psychic,Instruct,Protect,TrickRoom|Sassy||M|||50|]Mawile||Mawilite|SheerForce|PlayRough,IronHead,Protect,SuckerPunch|Adamant||M|||50|
|inactive|Battle timer is ON: inactive players will automatically lose when time's up. (requested by heycoachitsnate)
|inactive|intifadaaa has 60 seconds left.
|
|t:|1785735201
|teamsize|p1|4
|teamsize|p2|4
|start
|switch|p1a: Charizard|Charizard, L50, M, shiny|100/100
|switch|p1b: Garchomp|Garchomp, L50, F|100/100
|switch|p2a: Sabrina|Hatterene, L50, F, shiny|100/100
|switch|p2b: Harambe|Oranguru, L50, M, shiny|100/100
|turn|1
|
|t:|1785735222
|detailschange|p1a: Charizard|Charizard-Mega-Y, L50, M, shiny
|-mega|p1a: Charizard|Charizard|Charizardite Y
|-weather|SunnyDay|[from] ability: Drought|[of] p1a: Charizard
|move|p2a: Sabrina|Protect|p2a: Sabrina
|-singleturn|p2a: Sabrina|Protect
|move|p1b: Garchomp|Earthquake|p2a: Sabrina|[spread] p2b
|-activate|p2a: Sabrina|move: Protect
|-immune|p1a: Charizard
|-damage|p2b: Harambe|62/100
|move|p1a: Charizard|Weather Ball|p2a: Sabrina
|-activate|p2a: Sabrina|move: Protect
|move|p2b: Harambe|Trick Room|p2b: Harambe
|-fieldstart|move: Trick Room|[of] p2b: Harambe
|
|-weather|SunnyDay|[upkeep]
|upkeep
|turn|2
|
|t:|1785735246
|switch|p1b: Incineroar|Incineroar, L50, M|100/100
|-ability|p1b: Incineroar|Intimidate|boost
|-unboost|p2a: Sabrina|atk|1
|-fail|p2b: Harambe|unboost|Attack|[from] ability: Inner Focus|[of] p2b: Harambe
|move|p2a: Sabrina|Dazzling Gleam|p1b: Incineroar|[spread] p1a,p1b
|-resisted|p1a: Charizard|1
|-damage|p1a: Charizard|80/100
|-damage|p1b: Incineroar|60/100
|-damage|p2a: Sabrina|90/100|[from] item: Life Orb
|move|p2b: Harambe|Instruct|p2a: Sabrina
|-singleturn|p2a: Sabrina|move: Instruct|[of] p2b: Harambe
|move|p2a: Sabrina|Dazzling Gleam|p1b: Incineroar|[spread] p1a,p1b
|-resisted|p1a: Charizard|1
|-crit|p1a: Charizard
|-damage|p1a: Charizard|49/100
|-damage|p1b: Incineroar|18/100
|-enditem|p1b: Incineroar|Sitrus Berry|[eat]
|-heal|p1b: Incineroar|43/100|[from] item: Sitrus Berry
|-damage|p2a: Sabrina|80/100|[from] item: Life Orb
|move|p1a: Charizard|Heat Wave|p2a: Sabrina|[spread] p2a,p2b
|-damage|p2a: Sabrina|28/100
|-damage|p2b: Harambe|26/100
|
|-weather|SunnyDay|[upkeep]
|upkeep
|turn|3
|inactive|heycoachitsnate has 30 seconds left.
|inactive|heycoachitsnate has 20 seconds left.
|c|☆intifadaaa|instruct go brrrrr fr
|inactive|heycoachitsnate has 15 seconds left.
|
|t:|1785735291
|move|p1b: Incineroar|Fake Out|p2a: Sabrina
|-damage|p2a: Sabrina|12/100
|cant|p2a: Sabrina|flinch
|move|p2b: Harambe|Instruct|p2a: Sabrina
|-singleturn|p2a: Sabrina|move: Instruct|[of] p2b: Harambe
|cant|p2a: Sabrina|flinch
|move|p1a: Charizard|Heat Wave|p2a: Sabrina|[spread] p2a,p2b
|-damage|p2a: Sabrina|0 fnt
|-damage|p2b: Harambe|0 fnt
|faint|p2a: Sabrina
|faint|p2b: Harambe
|
|-weather|SunnyDay|[upkeep]
|upkeep
|c|☆heycoachitsnate|lol
|
|t:|1785735301
|switch|p2a: Baby Mama|Kangaskhan, L50, F|100/100
|switch|p2b: Cutie Fly|Mawile, L50, M, shiny|100/100
|turn|4
|
|t:|1785735322
|switch|p1b: Toxapex|Toxapex, L50, F, shiny|100/100
|switch|p1a: Garchomp|Garchomp, L50, F|100/100
|detailschange|p2b: Cutie Fly|Mawile-Mega, L50, M, shiny
|-mega|p2b: Cutie Fly|Mawile|Mawilite
|move|p2b: Cutie Fly|Protect|p2b: Cutie Fly
|-singleturn|p2b: Cutie Fly|Protect
|move|p2a: Baby Mama|Fake Out|p1a: Garchomp
|-damage|p1a: Garchomp|79/100
|-damage|p2a: Baby Mama|87/100|[from] ability: Rough Skin|[of] p1a: Garchomp
|
|-weather|SunnyDay|[upkeep]
|upkeep
|turn|5
|inactive|heycoachitsnate has 30 seconds left.
|
|t:|1785735348
|move|p1b: Toxapex|Toxic|p2a: Baby Mama
|-status|p2a: Baby Mama|tox
|move|p2b: Cutie Fly|Play Rough|p1a: Garchomp
|-supereffective|p1a: Garchomp|1
|-damage|p1a: Garchomp|0 fnt
|-damage|p2b: Cutie Fly|87/100|[from] ability: Rough Skin|[of] p1a: Garchomp
|faint|p1a: Garchomp
|move|p2a: Baby Mama|Last Resort|p1b: Toxapex
|-damage|p1b: Toxapex|44/100
|
|-weather|none
|-heal|p1b: Toxapex|50/100g|[from] item: Leftovers
|-damage|p2a: Baby Mama|81/100 tox|[from] psn
|-fieldend|move: Trick Room
|upkeep
|
|t:|1785735357
|switch|p1a: Incineroar|Incineroar, L50, M|43/100
|-ability|p1a: Incineroar|Intimidate|boost
|-fail|p2a: Baby Mama|unboost|Attack|[from] ability: Scrappy|[of] p2a: Baby Mama
|-unboost|p2b: Cutie Fly|atk|1
|turn|6
|
|t:|1785735377
|move|p2b: Cutie Fly|Protect|p2b: Cutie Fly
|-singleturn|p2b: Cutie Fly|Protect
|move|p2a: Baby Mama|Last Resort|p1a: Incineroar
|-damage|p1a: Incineroar|0 fnt
|faint|p1a: Incineroar
|move|p1b: Toxapex|Infestation|p2a: Baby Mama
|-damage|p2a: Baby Mama|78/100 tox
|-activate|p2a: Baby Mama|move: Infestation|[of] p1b: Toxapex
|
|-heal|p1b: Toxapex|56/100|[from] item: Leftovers
|-damage|p2a: Baby Mama|66/100 tox|[from] psn
|-damage|p2a: Baby Mama|54/100 tox|[from] move: Infestation|[partiallytrapped]
|upkeep
|
|t:|1785735384
|switch|p1a: Charizard|Charizard-Mega-Y, L50, M, shiny|49/100
|-weather|SunnyDay|[from] ability: Drought|[of] p1a: Charizard
|turn|7
|
|t:|1785735394
|move|p2b: Cutie Fly|Sucker Punch|p1a: Charizard
|-damage|p1a: Charizard|21/100
|move|p1a: Charizard|Heat Wave|p2a: Baby Mama|[spread] p2a,p2b
|-supereffective|p2b: Cutie Fly|1
|-damage|p2a: Baby Mama|0 fnt
|-damage|p2b: Cutie Fly|0 fnt
|faint|p2a: Baby Mama
|faint|p2b: Cutie Fly
|
|win|heycoachitsnate
|raw|heycoachitsnate's rating: 1132 → 1149(+17 for winning)
|raw|intifadaaa's rating: 1016 → 1008(-8 for losing)
|c|☆intifadaaa|how greedy
|c|☆heycoachitsnate|lol
