|j|☆lukashz
|j|☆BastiBlitz
|html|lukashzBastiBlitz    
|uhtml|bestof|Game 2 of a best-of-3
|t:|1782439264
|gametype|doubles
|player|p1|lukashz|elesa|1301
|player|p2|BastiBlitz|ghetsis|1260
|gen|9
|tier|[Gen 9 Champions] VGC 2026 Reg M-B (Bo3)
|rated|
|rule|Species Clause: Limit one of each Pokémon
|rule|Item Clause: Limit 1 of each item
|clearpoke
|poke|p1|Chandelure, L50, M|
|poke|p1|Kangaskhan, L50, F|
|poke|p1|Basculegion, L50, M|
|poke|p1|Sylveon, L50, M|
|poke|p1|Kingambit, L50, F|
|poke|p1|Machamp, L50, F|
|poke|p2|Mawile, L50, F|
|poke|p2|Farigiraf, L50, F|
|poke|p2|Staraptor, L50, M|
|poke|p2|Torkoal, L50, F|
|poke|p2|Vileplume, L50, M|
|poke|p2|Kingambit, L50, F|
|teampreview|4
|showteam|p1|Chandelure||FocusSash|FlashFire|HeatWave,ShadowBall,TrickRoom,Taunt|Quiet||M|||50|]Kangaskhan||Kangaskhanite|InnerFocus|FakeOut,Facade,DoubleEdge,SuckerPunch|Brave||F|||50|]Basculegion||MysticWater|Adaptability|HeadSmash,WaveCrash,LastRespects,AquaJet|Brave||M|||50|]Sylveon||FairyFeather|Pixilate|HyperVoice,Protect,HyperBeam,QuickAttack|Quiet||M|||50|]Kingambit||ChopleBerry|Defiant|KowtowCleave,SuckerPunch,IronHead,Protect|Adamant||F|||50|]Machamp||ChoiceScarf|NoGuard|DynamicPunch,StoneEdge,IcePunch,BulletPunch|Jolly||F|||50|
|showteam|p2|Mawile||Mawilite|Intimidate|PlayRough,IronHead,RockSlide,Protect|Adamant||F|||50|]Farigiraf||SitrusBerry|ArmorTail|TwinBeam,Thunderbolt,HelpingHand,TrickRoom|Bold||F|||50|]Staraptor||ChoiceScarf|Intimidate|FinalGambit,CloseCombat,DualWingbeat,Uturn|Jolly||M|||50|]Torkoal||Charcoal|Drought|Eruption,WeatherBall,HeatWave,SolarBeam|Quiet||F|||50|]Vileplume||FocusSash|Chlorophyll|AfterYou,SleepPowder,SolarBeam,PollenPuff|Timid||M|||50|]Kingambit||ChopleBerry|Defiant|KowtowCleave,SuckerPunch,IronHead,LowKick|Brave||F|||50|
|inactive|Battle timer is ON: inactive players will automatically lose when time's up. (requested by lukashz)
|
|t:|1782439314
|teamsize|p1|4
|teamsize|p2|4
|start
|switch|p1a: Chandelure|Chandelure, L50, M|100/100
|switch|p1b: Machamp|Machamp, L50, F|100/100
|switch|p2a: Farigiraf|Farigiraf, L50, F|100/100
|switch|p2b: Staraptor|Staraptor, L50, M|100/100
|-ability|p2b: Staraptor|Intimidate|boost
|-unboost|p1a: Chandelure|atk|1
|-unboost|p1b: Machamp|atk|1
|turn|1
|inactive|lukashz has 30 seconds left.
|inactive|lukashz has 20 seconds left.
|
|t:|1782439350
|move|p2b: Staraptor|Final Gambit|p1b: Machamp
|-damage|p1b: Machamp|0 fnt
|faint|p2b: Staraptor
|faint|p1b: Machamp
|move|p1a: Chandelure|Heat Wave|p2a: Farigiraf
|-damage|p2a: Farigiraf|46/100
|-status|p2a: Farigiraf|brn
|-enditem|p2a: Farigiraf|Sitrus Berry|[eat]
|-heal|p2a: Farigiraf|71/100 brn|[from] item: Sitrus Berry
|move|p2a: Farigiraf|Twin Beam|p1a: Chandelure
|-damage|p1a: Chandelure|83/100
|-damage|p1a: Chandelure|66/100
|-hitcount|p1a: Chandelure|2
|
|-damage|p2a: Farigiraf|65/100 brn|[from] brn
|upkeep
|inactive|lukashz has 30 seconds left.
|
|t:|1782439381
|switch|p2b: Kingambit|Kingambit, L50, F|100/100
|switch|p1b: Kangaskhan|Kangaskhan, L50, F|100/100
|turn|2
|
|t:|1782439393
|switch|p1a: Sylveon|Sylveon, L50, M|100/100
|switch|p2a: Mawile|Mawile, L50, F|100/100
|-ability|p2a: Mawile|Intimidate|boost
|-unboost|p1a: Sylveon|atk|1
|-fail|p1b: Kangaskhan|unboost|Attack|[from] ability: Inner Focus|[of] p1b: Kangaskhan
|detailschange|p1b: Kangaskhan|Kangaskhan-Mega, L50, F
|-mega|p1b: Kangaskhan|Kangaskhan|Kangaskhanite
|move|p1b: Kangaskhan|Double-Edge|p2a: Mawile
|-resisted|p2a: Mawile|1
|-damage|p2a: Mawile|53/100
|-resisted|p2a: Mawile|1
|-damage|p2a: Mawile|43/100
|-hitcount|p2a: Mawile|2
|-damage|p1b: Kangaskhan|86/100|[from] Recoil
|move|p2b: Kingambit|Kowtow Cleave|p1a: Sylveon
|-resisted|p1a: Sylveon|1
|-damage|p1a: Sylveon|71/100
|
|upkeep
|turn|3
|inactive|lukashz has 30 seconds left.
|inactive|BastiBlitz has 30 seconds left.
|inactive|lukashz has 20 seconds left.
|inactive|BastiBlitz has 20 seconds left.
|inactive|BastiBlitz has 15 seconds left.
|inactive|BastiBlitz has 10 seconds left.
|
|t:|1782439440
|switch|p2a: Farigiraf|Farigiraf, L50, F|65/100 brn
|move|p1b: Kangaskhan|Double-Edge|p2a: Farigiraf
|-damage|p2a: Farigiraf|13/100 brn
|-damage|p2a: Farigiraf|1/100 brn
|-hitcount|p2a: Farigiraf|2
|-damage|p1b: Kangaskhan|64/100|[from] Recoil
|move|p1a: Sylveon|Hyper Beam|p2b: Kingambit
|-damage|p2b: Kingambit|0 fnt
|-mustrecharge|p1a: Sylveon
|faint|p2b: Kingambit
|
|-damage|p2a: Farigiraf|0 fnt|[from] brn
|faint|p2a: Farigiraf
|upkeep
|
|t:|1782439454
|switch|p2a: Mawile|Mawile, L50, F|43/100
|-ability|p2a: Mawile|Intimidate|boost
|-unboost|p1a: Sylveon|atk|1
|-unboost|p1b: Kangaskhan|atk|1
|turn|4
|
|t:|1782439474
|switch|p1b: Chandelure|Chandelure, L50, M|66/100
|detailschange|p2a: Mawile|Mawile-Mega, L50, F
|-mega|p2a: Mawile|Mawile|Mawilite
|cant|p1a: Sylveon|recharge
|move|p2a: Mawile|Rock Slide|p1a: Sylveon|[spread] p1a,p1b
|-supereffective|p1b: Chandelure|1
|-crit|p1b: Chandelure
|-damage|p1a: Sylveon|27/100
|-damage|p1b: Chandelure|0 fnt
|faint|p1b: Chandelure
|
|upkeep
|
|t:|1782439483
|switch|p1b: Kangaskhan|Kangaskhan-Mega, L50, F|64/100
|turn|5
|
|t:|1782439491
|move|p2a: Mawile|Protect|p2a: Mawile
|-singleturn|p2a: Mawile|Protect
|move|p1b: Kangaskhan|Double-Edge|p2a: Mawile
|-activate|p2a: Mawile|move: Protect
|move|p1a: Sylveon|Hyper Voice|p2a: Mawile
|-activate|p2a: Mawile|move: Protect
|
|upkeep
|turn|6
|
|t:|1782439512
|move|p1b: Kangaskhan|Double-Edge|p2a: Mawile
|-resisted|p2a: Mawile|1
|-damage|p2a: Mawile|10/100
|-resisted|p2a: Mawile|1
|-damage|p2a: Mawile|3/100
|-hitcount|p2a: Mawile|2
|-damage|p1b: Kangaskhan|54/100|[from] Recoil
|move|p1a: Sylveon|Hyper Voice|p2a: Mawile
|-resisted|p2a: Mawile|1
|-damage|p2a: Mawile|0 fnt
|faint|p2a: Mawile
|
|win|lukashz
|raw|lukashz's rating: 1301 → 1319(+18 for winning)
|raw|BastiBlitz's rating: 1260 → 1238(-22 for losing)
|l|☆BastiBlitz
|player|p2|
