|j|☆im rune not rine
|j|☆dr. colress acroma
|html|im rune not rinedr. colress acroma    
|uhtml|bestof|Game 1 of a best-of-3
|t:|1783391063
|gametype|doubles
|player|p1|im rune not rine|266|
|player|p2|dr. colress acroma|colress|
|gen|9
|tier|[Gen 9 Champions] VGC 2026 Reg M-B (Bo3)
|rule|Species Clause: Limit one of each Pokémon
|rule|Item Clause: Limit 1 of each item
|clearpoke
|poke|p1|Pelipper, L50, M|
|poke|p1|Azumarill, L50, F, shiny|
|poke|p1|Archaludon, L50, M, shiny|
|poke|p1|Dragonite, L50, M|
|poke|p1|Raichu, L50, M|
|poke|p1|Incineroar, L50, F|
|poke|p2|Gardevoir, L50, F|
|poke|p2|Heracross, L50, F|
|poke|p2|Drampa, L50, F|
|poke|p2|Azumarill, L50, F|
|poke|p2|Corviknight, L50, F, shiny|
|poke|p2|Basculegion-F, L50, F|
|teampreview|4
|showteam|p1|Pelipper||DampRock|Drizzle|Hurricane,Uturn,RainDance,Tailwind|Bold||M|||50|]Azumarill||LifeOrb|HugePower|AquaJet,PlayRough,Encore,IceSpinner|Adamant||F|||50|]Archaludon||QuickClaw|Stamina|AuraSphere,DracoMeteor,ElectroShot,Protect|Timid||M|||50|]Dragonite||Dragoninite|Multiscale|DracoMeteor,ExtremeSpeed,IceBeam,WeatherBall|Quiet||M|||50|]Raichu||RaichuniteY|LightningRod|Encore,FakeOut,ZapCannon,FocusBlast|Modest||M|||50|]Incineroar||Leftovers|Intimidate|CloseCombat,DarkestLariat,FakeOut,PartingShot|Impish||F|||50|
|showteam|p2|Gardevoir||ExpertBelt|Synchronize|MysticalFire,Psychic,CalmMind,DazzlingGleam|Timid||F|||50|]Heracross||SilverPowder|Swarm|Megahorn,Lunge,SwordsDance,LowKick|Jolly||F|||50|]Drampa||RoseliBerry|Berserk|FireBlast,CalmMind,Earthquake,DragonPulse|Quiet||F|||50|]Azumarill||FocusSash|HugePower|PlayRough,IceSpinner,Liquidation,Encore|Adamant||F|||50|]Corviknight||SharpBeak|MirrorArmor|DrillPeck,Roost,Agility,IronHead|Adamant||F|||50|]Basculegion-F||DampRock|SwiftSwim|RainDance,Surf,Hex,Blizzard|Modest||F|||50|
|c|☆im rune not rine|glhf!!
|
|t:|1783391111
|teamsize|p1|4
|teamsize|p2|4
|start
|switch|p1a: plskeeprain|Pelipper, L50, M|100/100
|switch|p1b: BascuIegion|Raichu, L50, M|100/100
|switch|p2a: Grandpa|Drampa, L50, F|100/100
|switch|p2b: Gwyn|Gardevoir, L50, F|100/100
|-weather|RainDance|[from] ability: Drizzle|[of] p1a: plskeeprain
|turn|1
|
|t:|1783391138
|detailschange|p1b: BascuIegion|Raichu-Mega-Y, L50, M
|-mega|p1b: BascuIegion|Raichu|Raichunite Y
|move|p1b: BascuIegion|Fake Out|p2b: Gwyn
|-crit|p2b: Gwyn
|-damage|p2b: Gwyn|79/100
|cant|p2b: Gwyn|flinch
|move|p1a: plskeeprain|Tailwind|p1a: plskeeprain
|-sidestart|p1: im rune not rine|move: Tailwind
|move|p2a: Grandpa|Calm Mind|p2a: Grandpa
|-boost|p2a: Grandpa|spa|1
|-boost|p2a: Grandpa|spd|1
|
|-weather|RainDance|[upkeep]
|upkeep
|turn|2
|
|t:|1783391193
|move|p1b: BascuIegion|Encore|p2a: Grandpa
|-start|p2a: Grandpa|Encore
|move|p1a: plskeeprain|U-turn|p2b: Gwyn
|-damage|p2b: Gwyn|64/100
|
|t:|1783391201
|switch|p1a: BaxcaIibur|Archaludon, L50, M, shiny|100/100|[from] U-turn
|move|p2b: Gwyn|Dazzling Gleam|p1b: BascuIegion|[spread] p1a,p1b
|-crit|p1a: BaxcaIibur
|-damage|p1a: BaxcaIibur|26/100
|-damage|p1b: BascuIegion|51/100
|-ability|p1a: BaxcaIibur|Stamina|boost
|-boost|p1a: BaxcaIibur|def|1
|move|p2a: Grandpa|Calm Mind|p2a: Grandpa
|-boost|p2a: Grandpa|spa|1
|-boost|p2a: Grandpa|spd|1
|
|-weather|RainDance|[upkeep]
|upkeep
|turn|3
|
|t:|1783391220
|move|p1b: BascuIegion|Focus Blast|p2a: Grandpa
|-supereffective|p2a: Grandpa|1
|-damage|p2a: Grandpa|47/100
|-ability|p2a: Grandpa|Berserk|boost
|-boost|p2a: Grandpa|spa|1
|move|p1a: BaxcaIibur|Electro Shot||[still]
|-prepare|p1a: BaxcaIibur|Electro Shot
|-boost|p1a: BaxcaIibur|spa|1
|-anim|p1a: BaxcaIibur|Electro Shot|p2b: Gwyn
|-damage|p2b: Gwyn|0 fnt
|faint|p2b: Gwyn
|move|p2a: Grandpa|Calm Mind|p2a: Grandpa
|-boost|p2a: Grandpa|spa|1
|-boost|p2a: Grandpa|spd|1
|
|-weather|RainDance|[upkeep]
|upkeep
|
|t:|1783391233
|switch|p2b: Big Stall|Azumarill, L50, F|100/100
|turn|4
|-activate|p1a: BaxcaIibur|item: Quick Claw
|
|t:|1783391263
|move|p1a: BaxcaIibur|Electro Shot||[still]
|-prepare|p1a: BaxcaIibur|Electro Shot
|-boost|p1a: BaxcaIibur|spa|1
|-anim|p1a: BaxcaIibur|Electro Shot|p2b: Big Stall
|-supereffective|p2b: Big Stall|1
|-enditem|p2b: Big Stall|Focus Sash
|-damage|p2b: Big Stall|1/100
|move|p1b: BascuIegion|Focus Blast|p2a: Grandpa
|-supereffective|p2a: Grandpa|1
|-damage|p2a: Grandpa|1/100
|move|p2b: Big Stall|Play Rough|p1a: BaxcaIibur
|-damage|p1a: BaxcaIibur|0 fnt
|faint|p1a: BaxcaIibur
|move|p2a: Grandpa|Calm Mind|p2a: Grandpa
|-boost|p2a: Grandpa|spa|1
|-boost|p2a: Grandpa|spd|1
|
|-weather|RainDance|[upkeep]
|-end|p2a: Grandpa|Encore
|-sideend|p1: im rune not rine|move: Tailwind
|upkeep
|
|t:|1783391282
|switch|p1a: plskeeprain|Pelipper, L50, M|100/100
|turn|5
|
|t:|1783391296
|move|p1b: BascuIegion|Zap Cannon|p2a: Grandpa
|-resisted|p2a: Grandpa|1
|-damage|p2a: Grandpa|0 fnt
|faint|p2a: Grandpa
|move|p1a: plskeeprain|Tailwind|p1a: plskeeprain
|-sidestart|p1: im rune not rine|move: Tailwind
|move|p2b: Big Stall|Ice Spinner|p1a: plskeeprain
|-damage|p1a: plskeeprain|71/100
|
|-weather|RainDance|[upkeep]
|upkeep
|
|t:|1783391305
|switch|p2a: Big Boi|Corviknight, L50, F, shiny|100/100
|turn|6
|
|t:|1783391346
|move|p1b: BascuIegion|Zap Cannon|p2a: Big Boi
|-supereffective|p2a: Big Boi|1
|-damage|p2a: Big Boi|0 fnt
|faint|p2a: Big Boi
|move|p1a: plskeeprain|U-turn|p2b: Big Stall
|-resisted|p2b: Big Stall|1
|-damage|p2b: Big Stall|0 fnt
|faint|p2b: Big Stall
|
|win|im rune not rine
||dr. colress acroma is ready for game 2.
|inactive|im rune not rine has 30 seconds to confirm battle start!
||im rune not rine is ready for game 2.
|uhtml|next|Next: Game 2 of 3
|l|☆im rune not rine
|player|p1|
|j|☆im rune not rine
|player|p1|im rune not rine|266|
