|j|☆adjnorr
|j|☆palle synchro
|html|adjnorrpalle synchro    
|uhtml|bestof|Game 1 of a best-of-3
|t:|1784991202
|gametype|doubles
|player|p1|adjnorr|169|1279
|player|p2|palle synchro|volkner|1476
|gen|9
|tier|[Gen 9 Champions] VGC 2026 Reg M-B (Bo3)
|rated|
|rule|Species Clause: Limit one of each Pokémon
|rule|Item Clause: Limit 1 of each item
|clearpoke
|poke|p1|Annihilape, L50, M|
|poke|p1|Whimsicott, L50, M|
|poke|p1|Floette-Eternal, L50, F|
|poke|p1|Basculegion, L50, M|
|poke|p1|Charizard, L50, M|
|poke|p1|Garchomp, L50, F|
|poke|p2|Charizard, L50, F|
|poke|p2|Venusaur, L50, M|
|poke|p2|Grimmsnarl, L50, M|
|poke|p2|Archaludon, L50, F|
|poke|p2|Pelipper, L50, M|
|poke|p2|Swampert, L50, M|
|teampreview|4
|showteam|p1|Annihilape||RoseliBerry|Defiant|RageFist,DrainPunch,Protect,BulkUp|Adamant||M|||50|]Whimsicott||FocusSash|Prankster|Moonblast,Tailwind,Encore,BeatUp|Timid||M|||50|]Floette-Eternal||Floettite|FlowerVeil|Moonblast,DazzlingGleam,LightofRuin,Protect|Modest||F|||50|]Basculegion||LifeOrb|Adaptability|WaveCrash,LastRespects,AquaJet,Protect|Adamant||M|||50|]Charizard||CharizarditeY|Blaze|HeatWave,WeatherBall,SolarBeam,Protect|Modest||M|||50|]Garchomp||SitrusBerry|RoughSkin|DragonClaw,Earthquake,RockSlide,Protect|Adamant||F|||50|
|showteam|p2|Charizard||CharizarditeY|Blaze|HeatWave,WeatherBall,Hurricane,Protect|Modest||F|||50|]Venusaur||FocusSash|Chlorophyll|EnergyBall,SludgeBomb,EarthPower,SleepPowder|Modest||M|||50|]Grimmsnarl||LightClay|Prankster|SpiritBreak,PartingShot,Reflect,LightScreen|Careful||M|||50|]Archaludon||Leftovers|Stamina|ElectroShot,DragonPulse,FlashCannon,Protect|Modest||F|||50|]Pelipper||SitrusBerry|Drizzle|WeatherBall,Hurricane,Tailwind,Protect|Modest||M|||50|]Swampert||Swampertite|Torrent|WaveCrash,HighHorsepower,IcePunch,Protect|Adamant||M|||50|
|inactive|Battle timer is ON: inactive players will automatically lose when time's up. (requested by palle synchro)
|inactive|palle synchro has 60 seconds left.
|
|t:|1784991238
|teamsize|p1|4
|teamsize|p2|4
|start
|switch|p1a: Whimsicott|Whimsicott, L50, M|100/100
|switch|p1b: Basculegion|Basculegion, L50, M|100/100
|switch|p2a: Charizard|Charizard, L50, F|100/100
|switch|p2b: Venusaur|Venusaur, L50, M|100/100
|turn|1
|
|t:|1784991257
|detailschange|p2a: Charizard|Charizard-Mega-Y, L50, F
|-mega|p2a: Charizard|Charizard|Charizardite Y
|-weather|SunnyDay|[from] ability: Drought|[of] p2a: Charizard
|move|p1b: Basculegion|Protect|p1b: Basculegion
|-singleturn|p1b: Basculegion|Protect
|move|p1a: Whimsicott|Tailwind|p1a: Whimsicott
|-sidestart|p1: adjnorr|move: Tailwind
|move|p2b: Venusaur|Energy Ball|p1b: Basculegion
|-activate|p1b: Basculegion|move: Protect
|move|p2a: Charizard|Heat Wave|p1a: Whimsicott|[spread] 
|-activate|p1b: Basculegion|move: Protect
|-miss|p2a: Charizard|p1a: Whimsicott
|
|-weather|SunnyDay|[upkeep]
|upkeep
|turn|2
|inactive|adjnorr has 30 seconds left.
|
|t:|1784991282
|switch|p1b: Garchomp|Garchomp, L50, F|100/100
|move|p1a: Whimsicott|Moonblast|p2b: Venusaur
|-resisted|p2b: Venusaur|1
|-damage|p2b: Venusaur|78/100
|move|p2b: Venusaur|Energy Ball|p1b: Garchomp
|-damage|p1b: Garchomp|63/100
|move|p2a: Charizard|Heat Wave|p1b: Garchomp|[spread] p1a,p1b
|-supereffective|p1a: Whimsicott|1
|-resisted|p1b: Garchomp|1
|-enditem|p1a: Whimsicott|Focus Sash
|-damage|p1a: Whimsicott|1/100
|-damage|p1b: Garchomp|31/100
|-enditem|p1b: Garchomp|Sitrus Berry|[eat]
|-heal|p1b: Garchomp|56/100|[from] item: Sitrus Berry
|
|-weather|SunnyDay|[upkeep]
|upkeep
|turn|3
|inactive|adjnorr has 30 seconds left.
|
|t:|1784991311
|switch|p2a: Archaludon|Archaludon, L50, F|100/100
|move|p1a: Whimsicott|Moonblast|p2a: Archaludon
|-damage|p2a: Archaludon|65/100
|-unboost|p2a: Archaludon|spa|1
|-ability|p2a: Archaludon|Stamina|boost
|-boost|p2a: Archaludon|def|1
|move|p1b: Garchomp|Rock Slide|p2a: Archaludon|[spread] p2a,p2b
|-resisted|p2a: Archaludon|1
|-damage|p2a: Archaludon|61/100
|-damage|p2b: Venusaur|54/100
|-ability|p2a: Archaludon|Stamina|boost
|-boost|p2a: Archaludon|def|1
|cant|p2b: Venusaur|flinch
|
|-weather|SunnyDay|[upkeep]
|-heal|p2a: Archaludon|67/100|[from] item: Leftovers
|upkeep
|turn|4
|inactive|adjnorr has 30 seconds left.
|inactive|palle synchro has 30 seconds left.
|
|t:|1784991343
|switch|p1a: Basculegion|Basculegion, L50, M|100/100
|switch|p2b: Pelipper|Pelipper, L50, M|100/100
|-weather|RainDance|[from] ability: Drizzle|[of] p2b: Pelipper
|move|p1b: Garchomp|Dragon Claw|p2b: Pelipper
|-damage|p2b: Pelipper|57/100
|move|p2a: Archaludon|Dragon Pulse|p1b: Garchomp
|-supereffective|p1b: Garchomp|1
|-damage|p1b: Garchomp|3/100
|
|-weather|RainDance|[upkeep]
|-heal|p2a: Archaludon|73/100|[from] item: Leftovers
|-sideend|p1: adjnorr|move: Tailwind
|upkeep
|turn|5
|
|t:|1784991360
|move|p1a: Basculegion|Protect|p1a: Basculegion
|-singleturn|p1a: Basculegion|Protect
|move|p1b: Garchomp|Rock Slide|p2a: Archaludon|[spread] p2b
|-miss|p1b: Garchomp|p2a: Archaludon
|-supereffective|p2b: Pelipper|1
|-damage|p2b: Pelipper|16/100
|-enditem|p2b: Pelipper|Sitrus Berry|[eat]
|-heal|p2b: Pelipper|41/100|[from] item: Sitrus Berry
|move|p2a: Archaludon|Electro Shot||[still]
|-prepare|p2a: Archaludon|Electro Shot
|-boost|p2a: Archaludon|spa|1
|-anim|p2a: Archaludon|Electro Shot|p1a: Basculegion
|-activate|p1a: Basculegion|move: Protect
|cant|p2b: Pelipper|flinch
|
|-weather|RainDance|[upkeep]
|-heal|p2a: Archaludon|79/100|[from] item: Leftovers
|upkeep
|turn|6
|
|t:|1784991381
|switch|p1a: Whimsicott|Whimsicott, L50, M|1/100
|move|p1b: Garchomp|Rock Slide|p2b: Pelipper|[spread] p2a,p2b
|-resisted|p2a: Archaludon|1
|-supereffective|p2b: Pelipper|1
|-damage|p2a: Archaludon|76/100
|-damage|p2b: Pelipper|1/100
|-ability|p2a: Archaludon|Stamina|boost
|-boost|p2a: Archaludon|def|1
|move|p2a: Archaludon|Electro Shot||[still]
|-prepare|p2a: Archaludon|Electro Shot
|-boost|p2a: Archaludon|spa|1
|-anim|p2a: Archaludon|Electro Shot|p1a: Whimsicott
|-resisted|p1a: Whimsicott|1
|-damage|p1a: Whimsicott|0 fnt
|faint|p1a: Whimsicott
|move|p2b: Pelipper|Tailwind|p2b: Pelipper
|-sidestart|p2: palle synchro|move: Tailwind
|
|-weather|RainDance|[upkeep]
|-heal|p2a: Archaludon|82/100|[from] item: Leftovers
|upkeep
|
|t:|1784991388
|switch|p1a: Floette|Floette-Eternal, L50, F|100/100
|turn|7
|
|t:|1784991402
|detailschange|p1a: Floette|Floette-Mega, L50, F
|-mega|p1a: Floette|Floette|Floettite
|-ability|p1a: Floette|Fairy Aura
|move|p2a: Archaludon|Flash Cannon|p1a: Floette
|-supereffective|p1a: Floette|1
|-damage|p1a: Floette|0 fnt
|faint|p1a: Floette
|move|p2b: Pelipper|Weather Ball|p1b: Garchomp
|-damage|p1b: Garchomp|0 fnt
|faint|p1b: Garchomp
|
|-weather|RainDance|[upkeep]
|-heal|p2a: Archaludon|88/100|[from] item: Leftovers
|upkeep
|
|t:|1784991408
|switch|p1b: Basculegion|Basculegion, L50, M|100/100
|turn|8
|
|t:|1784991414
|move|p2a: Archaludon|Electro Shot||[still]
|-prepare|p2a: Archaludon|Electro Shot
|-boost|p2a: Archaludon|spa|1
|-anim|p2a: Archaludon|Electro Shot|p1b: Basculegion
|-supereffective|p1b: Basculegion|1
|-damage|p1b: Basculegion|0 fnt
|faint|p1b: Basculegion
|
|win|palle synchro
