|j|☆WHERE IS MY WALLET
|j|☆dambro222
|html|WHERE IS MY WALLETdambro222    
|uhtml|bestof|Game 3 of a best-of-3
|t:|1756800952
|gametype|doubles
|player|p1|WHERE IS MY WALLET|miku-fire|1196
|player|p2|dambro222|ethan|1186
|gen|9
|tier|[Gen 9] VGC 2025 Reg H (Bo3)
|rated|
|rule|Species Clause: Limit one of each Pokémon
|rule|Item Clause: Limit 1 of each item
|clearpoke
|poke|p1|Pelipper, L50, F|
|poke|p1|Kingdra, L50, F|
|poke|p1|Electabuzz, L50, M|
|poke|p1|Kingambit, L50, F|
|poke|p1|Rillaboom, L50, M|
|poke|p1|Archaludon, L50, M|
|poke|p2|Dragonite, L50, M|
|poke|p2|Volcarona, L50, F|
|poke|p2|Sneasler, L50, M|
|poke|p2|Rillaboom, L50, M|
|poke|p2|Electabuzz, L50, M|
|poke|p2|Kingambit, L50, M|
|teampreview|4
|showteam|p1|Pelipper||FocusSash|Drizzle|WeatherBall,Hurricane,Tailwind,Protect|||F|||50|,,,,,Ghost]Kingdra||LifeOrb|SwiftSwim|WeatherBall,MuddyWater,DracoMeteor,Protect|||F|||50|,,,,,Stellar]Electabuzz||Eviolite|VitalSpirit|Electroweb,FollowMe,Taunt,Protect|||M|||50|,,,,,Ghost]Kingambit||BlackGlasses|Defiant|KowtowCleave,SuckerPunch,SwordsDance,Protect|||F|||50|,,,,,Dark]Rillaboom||LoadedDice|GrassySurge|FakeOut,BulletSeed,GrassyGlide,HighHorsepower|||M|||50|,,,,,Fire]Archaludon||AssaultVest|Stamina|ElectroShot,DragonPulse,FlashCannon,BodyPress|||M|||50|,,,,,Fairy
|showteam|p2|Dragonite||LoadedDice|Multiscale|ScaleShot,ExtremeSpeed,Haze,Protect|||M|||50|,,,,,Fairy]Volcarona||CovertCloak|FlameBody|HeatWave,TeraBlast,QuiverDance,Protect|||F|||50|,,,,,Fairy]Sneasler||FocusSash|Unburden|CloseCombat,DireClaw,RockSlide,Protect|||M|||50|,,,,,Stellar]Rillaboom||AssaultVest|GrassySurge|WoodHammer,GrassyGlide,HighHorsepower,FakeOut|||M|||50|,,,,,Water]Electabuzz||Eviolite|VitalSpirit|Electroweb,FollowMe,Taunt,Protect|||M|||50|,,,,,Ghost]Kingambit||BlackGlasses|Defiant|KowtowCleave,SuckerPunch,SwordsDance,Protect|||M|||50|,,,,,Dark
|inactive|Battle timer is ON: inactive players will automatically lose when time's up. (requested by dambro222)
|inactive|WHERE IS MY WALLET also wants the timer to be on.
|inactive|WHERE IS MY WALLET has 60 seconds left.
|inactive|WHERE IS MY WALLET has 30 seconds left.
|inactive|WHERE IS MY WALLET has 20 seconds left.
|inactive|WHERE IS MY WALLET has 15 seconds left.
|
|t:|1756801030
|teamsize|p1|4
|teamsize|p2|4
|start
|switch|p1a: Duramente|Kingdra, L50, F|100/100
|switch|p1b: Duct tape|Pelipper, L50, F|100/100
|switch|p2a: Electabuzz|Electabuzz, L50, M|100/100
|switch|p2b: Dragonite|Dragonite, L50, M|100/100
|-weather|RainDance|[from] ability: Drizzle|[of] p1b: Duct tape
|turn|1
|
|t:|1756801058
|switch|p1a: JUSTICE|Archaludon, L50, M|100/100
|move|p2a: Electabuzz|Electroweb|p1a: JUSTICE|[spread] p1a,p1b
|-resisted|p1a: JUSTICE
|-crit|p1a: JUSTICE
|-supereffective|p1b: Duct tape
|-damage|p1a: JUSTICE|93/100
|-enditem|p1b: Duct tape|Focus Sash
|-damage|p1b: Duct tape|1/100
|-unboost|p1a: JUSTICE|spe|1
|-unboost|p1b: Duct tape|spe|1
|-ability|p1a: JUSTICE|Stamina|boost
|-boost|p1a: JUSTICE|def|1
|move|p2b: Dragonite|Scale Shot|p1b: Duct tape
|-damage|p1b: Duct tape|0 fnt
|faint|p1b: Duct tape
|-hitcount|p1: Duct tape|1
|-unboost|p2b: Dragonite|def|1
|-boost|p2b: Dragonite|spe|1
|
|-weather|RainDance|[upkeep]
|upkeep
|
|t:|1756801070
|switch|p1b: Electric bill|Electabuzz, L50, M, shiny|100/100
|turn|2
|
|t:|1756801085
|move|p2b: Dragonite|Protect|p2b: Dragonite
|-singleturn|p2b: Dragonite|Protect
|move|p2a: Electabuzz|Protect|p2a: Electabuzz
|-singleturn|p2a: Electabuzz|Protect
|move|p1b: Electric bill|Taunt|p2a: Electabuzz
|-activate|p2a: Electabuzz|move: Protect
|move|p1a: JUSTICE|Electro Shot||[still]
|-prepare|p1a: JUSTICE|Electro Shot
|-boost|p1a: JUSTICE|spa|1
|-anim|p1a: JUSTICE|Electro Shot|p2b: Dragonite
|-activate|p2b: Dragonite|move: Protect
|
|-weather|RainDance|[upkeep]
|upkeep
|turn|3
|
|t:|1756801098
|move|p2a: Electabuzz|Follow Me|p2a: Electabuzz
|-singleturn|p2a: Electabuzz|move: Follow Me
|move|p2b: Dragonite|Scale Shot|p1b: Electric bill
|-damage|p1b: Electric bill|86/100
|-damage|p1b: Electric bill|70/100
|-damage|p1b: Electric bill|55/100
|-damage|p1b: Electric bill|40/100
|-hitcount|p1b: Electric bill|4
|-unboost|p2b: Dragonite|def|1
|-boost|p2b: Dragonite|spe|1
|move|p1b: Electric bill|Taunt|p2a: Electabuzz
|-start|p2a: Electabuzz|move: Taunt
|move|p1a: JUSTICE|Electro Shot||[still]
|-prepare|p1a: JUSTICE|Electro Shot
|-boost|p1a: JUSTICE|spa|1
|-anim|p1a: JUSTICE|Electro Shot|p2a: Electabuzz
|-resisted|p2a: Electabuzz
|-damage|p2a: Electabuzz|67/100
|
|-weather|RainDance|[upkeep]
|upkeep
|turn|4
|inactive|WHERE IS MY WALLET has 30 seconds left.
|
|t:|1756801126
|move|p2b: Dragonite|Protect|p2b: Dragonite
|-singleturn|p2b: Dragonite|Protect
|move|p1b: Electric bill|Protect|p1b: Electric bill
|-singleturn|p1b: Electric bill|Protect
|move|p2a: Electabuzz|Electroweb|p1a: JUSTICE|[spread] p1a
|-activate|p1b: Electric bill|move: Protect
|-resisted|p1a: JUSTICE
|-damage|p1a: JUSTICE|88/100
|-unboost|p1a: JUSTICE|spe|1
|-ability|p1a: JUSTICE|Stamina|boost
|-boost|p1a: JUSTICE|def|1
|move|p1a: JUSTICE|Electro Shot||[still]
|-prepare|p1a: JUSTICE|Electro Shot
|-boost|p1a: JUSTICE|spa|1
|-anim|p1a: JUSTICE|Electro Shot|p2b: Dragonite
|-activate|p2b: Dragonite|move: Protect
|
|-weather|RainDance|[upkeep]
|upkeep
|turn|5
|
|t:|1756801152
|move|p2b: Dragonite|Haze|p2b: Dragonite
|-clearallboost
|move|p1b: Electric bill|Electroweb|p2b: Dragonite|[spread] p2a,p2b
|-resisted|p2a: Electabuzz
|-damage|p2a: Electabuzz|62/100
|-damage|p2b: Dragonite|93/100
|-unboost|p2a: Electabuzz|spe|1
|-unboost|p2b: Dragonite|spe|1
|move|p1a: JUSTICE|Electro Shot||[still]
|-prepare|p1a: JUSTICE|Electro Shot
|-boost|p1a: JUSTICE|spa|1
|-anim|p1a: JUSTICE|Electro Shot|p2b: Dragonite
|-damage|p2b: Dragonite|30/100
|move|p2a: Electabuzz|Electroweb|p1a: JUSTICE|[spread] p1a,p1b
|-resisted|p1a: JUSTICE
|-resisted|p1b: Electric bill
|-damage|p1a: JUSTICE|83/100
|-damage|p1b: Electric bill|35/100
|-unboost|p1a: JUSTICE|spe|1
|-unboost|p1b: Electric bill|spe|1
|-ability|p1a: JUSTICE|Stamina|boost
|-boost|p1a: JUSTICE|def|1
|
|-weather|none
|upkeep
|turn|6
|inactive|WHERE IS MY WALLET has 30 seconds left.
|inactive|dambro222 has 30 seconds left.
|inactive|WHERE IS MY WALLET has 20 seconds left.
|
|t:|1756801192
|move|p2b: Dragonite|Protect|p2b: Dragonite
|-singleturn|p2b: Dragonite|Protect
|move|p1b: Electric bill|Taunt|p2b: Dragonite
|-activate|p2b: Dragonite|move: Protect
|move|p2a: Electabuzz|Electroweb|p1a: JUSTICE|[spread] p1a,p1b
|-resisted|p1a: JUSTICE
|-resisted|p1b: Electric bill
|-damage|p1a: JUSTICE|78/100
|-damage|p1b: Electric bill|30/100
|-unboost|p1a: JUSTICE|spe|1
|-unboost|p1b: Electric bill|spe|1
|-ability|p1a: JUSTICE|Stamina|boost
|-boost|p1a: JUSTICE|def|1
|move|p1a: JUSTICE|Dragon Pulse|p2b: Dragonite
|-activate|p2b: Dragonite|move: Protect
|
|-end|p2a: Electabuzz|move: Taunt
|upkeep
|turn|7
|
|t:|1756801213
|move|p2a: Electabuzz|Follow Me|p2a: Electabuzz
|-singleturn|p2a: Electabuzz|move: Follow Me
|move|p2b: Dragonite|Scale Shot|p1b: Electric bill
|-damage|p1b: Electric bill|14/100
|-damage|p1b: Electric bill|0 fnt
|faint|p1b: Electric bill
|-hitcount|p1: Electric bill|2
|-unboost|p2b: Dragonite|def|1
|-boost|p2b: Dragonite|spe|1
|move|p1a: JUSTICE|Dragon Pulse|p2a: Electabuzz
|-damage|p2a: Electabuzz|12/100
|
|upkeep
|
|t:|1756801217
|switch|p1b: Duramente|Kingdra, L50, F|100/100
|turn|8
|inactive|WHERE IS MY WALLET has 30 seconds left.
|inactive|dambro222 has 30 seconds left.
|inactive|WHERE IS MY WALLET has 20 seconds left.
|inactive|WHERE IS MY WALLET has 15 seconds left.
|
|t:|1756801263
|move|p2a: Electabuzz|Follow Me|p2a: Electabuzz
|-singleturn|p2a: Electabuzz|move: Follow Me
|move|p1b: Duramente|Weather Ball|p2a: Electabuzz
|-damage|p2a: Electabuzz|0 fnt
|faint|p2a: Electabuzz
|-damage|p1b: Duramente|91/100|[from] item: Life Orb
|move|p2b: Dragonite|Haze|p2b: Dragonite
|-clearallboost
|move|p1a: JUSTICE|Dragon Pulse|p2b: Dragonite
|-supereffective|p2b: Dragonite
|-damage|p2b: Dragonite|0 fnt
|faint|p2b: Dragonite
|
|upkeep
|
|t:|1756801274
|switch|p2a: Volcarona|Volcarona, L50, F|100/100
|switch|p2b: Sneasler|Sneasler, L50, M|100/100
|turn|9
|
|t:|1756801290
|-terastallize|p2a: Volcarona|Fairy
|move|p2b: Sneasler|Dire Claw|p1a: JUSTICE
|-immune|p1a: JUSTICE
|move|p2a: Volcarona|Quiver Dance|p2a: Volcarona
|-boost|p2a: Volcarona|spa|1
|-boost|p2a: Volcarona|spd|1
|-boost|p2a: Volcarona|spe|1
|move|p1b: Duramente|Muddy Water|p2b: Sneasler|[spread] p2a,p2b
|-damage|p2a: Volcarona|74/100
|-damage|p2b: Sneasler|42/100
|-damage|p1b: Duramente|81/100|[from] item: Life Orb
|move|p1a: JUSTICE|Dragon Pulse|p2b: Sneasler
|-damage|p2b: Sneasler|0 fnt
|faint|p2b: Sneasler
|
|upkeep
|turn|10
|c|☆dambro222|hahahah
|c|☆dambro222|ops
|inactive|WHERE IS MY WALLET has 30 seconds left.
|inactive|dambro222 has 30 seconds left.
|inactive|dambro222 has 20 seconds left.
|
|t:|1756801329
|-terastallize|p1a: JUSTICE|Fairy
|move|p1b: Duramente|Protect|p1b: Duramente
|-singleturn|p1b: Duramente|Protect
|move|p2a: Volcarona|Tera Blast|p1b: Duramente|[anim] Tera Blast Fairy
|-activate|p1b: Duramente|move: Protect
|move|p1a: JUSTICE|Flash Cannon|p2a: Volcarona
|-supereffective|p2a: Volcarona
|-damage|p2a: Volcarona|22/100
|
|upkeep
|turn|11
|
|t:|1756801338
|move|p2a: Volcarona|Tera Blast|p1b: Duramente|[anim] Tera Blast Fairy
|-supereffective|p1b: Duramente
|-damage|p1b: Duramente|0 fnt
|faint|p1b: Duramente
|move|p1a: JUSTICE|Flash Cannon|p2a: Volcarona
|-supereffective|p2a: Volcarona
|-crit|p2a: Volcarona
|-damage|p2a: Volcarona|0 fnt
|faint|p2a: Volcarona
|
|win|WHERE IS MY WALLET
|raw|WHERE IS MY WALLET's rating: 1196 → 1220(+24 for winning)
|raw|dambro222's rating: 1186 → 1162(-24 for losing)
