|j|☆EXHOUL
|j|☆Ribombees believer
|html|EXHOULRibombees believer    
|uhtml|bestof|Game 1 of a best-of-3
|t:|1756349716
|gametype|doubles
|player|p1|EXHOUL|shadowtriad|1482
|player|p2|Ribombees believer|skier|1352
|gen|9
|tier|[Gen 9] VGC 2025 Reg H (Bo3)
|rated|
|rule|Species Clause: Limit one of each Pokémon
|rule|Item Clause: Limit 1 of each item
|clearpoke
|poke|p1|Torkoal, L50, M|
|poke|p1|Lilligant-Hisui, L50, F|
|poke|p1|Armarouge, L50, M|
|poke|p1|Indeedee-F, L50, F|
|poke|p1|Incineroar, L50, M|
|poke|p1|Ursaluna, L50, M|
|poke|p2|Dondozo, L50, F|
|poke|p2|Tatsugiri, L50, M|
|poke|p2|Indeedee, L50, M|
|poke|p2|Dragapult, L50, F|
|poke|p2|Hydreigon, L50, F|
|poke|p2|Ribombee, L50, F|
|teampreview|4
|showteam|p1|Torkoal||Charcoal|Drought|Eruption,Flamethrower,ClearSmog,Protect|||M|||50|,,,,,Fire]Lilligant-Hisui||FocusSash|Chlorophyll|SleepPowder,CloseCombat,Encore,AfterYou|||F|||50|,,,,,Ghost]Armarouge||LifeOrb|FlashFire|ExpandingForce,ArmorCannon,WideGuard,TrickRoom|||M|||50|,,,,,Grass]Indeedee-F||RockyHelmet|PsychicSurge|FollowMe,HelpingHand,DazzlingGleam,TrickRoom|||F|||50|,,,,,Steel]Incineroar||SafetyGoggles|Intimidate|FakeOut,PartingShot,KnockOff,FlareBlitz|||M|||50|,,,,,Ghost]Ursaluna||FlameOrb|Guts|Facade,HeadlongRush,Earthquake,Protect|||M|||50|,,,,,Ghost
|showteam|p2|Dondozo||Leftovers|Unaware|WaveCrash,Earthquake,OrderUp,Protect|||F|||50|,,,,,Grass]Tatsugiri||ChoiceScarf|Commander|MuddyWater,DracoMeteor,DragonPulse,TeraBlast|||M|||50|,,,,,Fairy]Indeedee||FocusSash|PsychicSurge|ExpandingForce,TeraBlast,HyperVoice,Protect|||M|||50|,,,,,Fighting]Dragapult||ChoiceBand|ClearBody|DragonDarts,Outrage,PhantomForce,Uturn|||F|||50|,,,,,Dragon]Hydreigon||AssaultVest|Levitate|EarthPower,Snarl,DarkPulse,DracoMeteor|||F|||50|,,,,,Steel]Ribombee||ChoiceSpecs|ShieldDust|Moonblast,PollenPuff,DazzlingGleam,TeraBlast|||F|||50|,,,,,Ground
|inactive|Battle timer is ON: inactive players will automatically lose when time's up. (requested by EXHOUL)
|inactive|Ribombees believer also wants the timer to be on.
|
|t:|1756349730
|teamsize|p1|4
|teamsize|p2|4
|start
|switch|p1a: Indeedee|Indeedee-F, L50, F|100/100
|switch|p1b: Armarouge|Armarouge, L50, M|100/100
|switch|p2a: Hydreigon|Hydreigon, L50, F|100/100
|switch|p2b: Indeedee|Indeedee, L50, M|100/100
|-fieldstart|move: Psychic Terrain|[from] ability: Psychic Surge|[of] p2b: Indeedee
|turn|1
|
|t:|1756349748
|move|p1b: Armarouge|Wide Guard|p1b: Armarouge
|-singleturn|p1b: Armarouge|Wide Guard
|move|p2b: Indeedee|Hyper Voice|p1a: Indeedee|[spread] 
|-activate|p1a: Indeedee|move: Wide Guard
|-activate|p1b: Armarouge|move: Wide Guard
|move|p2a: Hydreigon|Snarl|p1b: Armarouge|[spread] 
|-activate|p1a: Indeedee|move: Wide Guard
|-activate|p1b: Armarouge|move: Wide Guard
|move|p1a: Indeedee|Trick Room|p1a: Indeedee
|-fieldstart|move: Trick Room|[of] p1a: Indeedee
|
|upkeep
|turn|2
|
|t:|1756349760
|switch|p1b: Ursaluna|Ursaluna, L50, M|100/100
|move|p2b: Indeedee|Protect|p2b: Indeedee
|-singleturn|p2b: Indeedee|Protect
|move|p1a: Indeedee|Dazzling Gleam|p2a: Hydreigon|[spread] p2a
|-activate|p2b: Indeedee|move: Protect
|-supereffective|p2a: Hydreigon
|-damage|p2a: Hydreigon|65/100
|move|p2a: Hydreigon|Snarl|p1a: Indeedee|[spread] p1a,p1b
|-supereffective|p1a: Indeedee
|-damage|p1a: Indeedee|60/100
|-damage|p1b: Ursaluna|80/100
|-unboost|p1a: Indeedee|spa|1
|-unboost|p1b: Ursaluna|spa|1
|
|-status|p1b: Ursaluna|brn|[from] item: Flame Orb
|upkeep
|turn|3
|inactive|Ribombees believer has 30 seconds left.
|
|t:|1756349791
|-terastallize|p2a: Hydreigon|Steel
|move|p1b: Ursaluna|Facade|p2b: Indeedee
|-enditem|p2b: Indeedee|Focus Sash
|-damage|p2b: Indeedee|1/100
|move|p1a: Indeedee|Dazzling Gleam|p2b: Indeedee|[spread] p2a,p2b
|-resisted|p2a: Hydreigon
|-damage|p2a: Hydreigon|62/100
|-damage|p2b: Indeedee|0 fnt
|faint|p2b: Indeedee
|move|p2a: Hydreigon|Snarl|p1a: Indeedee|[spread] p1a,p1b
|-supereffective|p1a: Indeedee
|-damage|p1a: Indeedee|21/100
|-damage|p1b: Ursaluna|60/100 brn
|-unboost|p1a: Indeedee|spa|1
|-unboost|p1b: Ursaluna|spa|1
|
|-damage|p1b: Ursaluna|54/100 brn|[from] brn
|upkeep
|
|t:|1756349805
|switch|p2b: Dondozo|Dondozo, L50, F|100/100
|turn|4
|
|t:|1756349819
|switch|p2a: Tatsugiri|Tatsugiri, L50, M|100/100
|-activate|p2a: Tatsugiri|ability: Commander|[of] p2b: Dondozo
|-boost|p2b: Dondozo|atk|2
|-boost|p2b: Dondozo|spa|2
|-boost|p2b: Dondozo|spe|2
|-boost|p2b: Dondozo|def|2
|-boost|p2b: Dondozo|spd|2
|move|p1a: Indeedee|Helping Hand|p1b: Ursaluna
|-singleturn|p1b: Ursaluna|Helping Hand|[of] p1a: Indeedee
|move|p1b: Ursaluna|Facade|p2a: Tatsugiri|[miss]
|-miss|p1b: Ursaluna|p2a: Tatsugiri
|move|p2b: Dondozo|Earthquake|p1a: Indeedee|[spread] p1a,p1b
|-miss|p2b: Dondozo|p2a: Tatsugiri
|-damage|p1a: Indeedee|0 fnt
|-damage|p1b: Ursaluna|22/100 brn
|faint|p1a: Indeedee
|
|-damage|p1b: Ursaluna|16/100 brn|[from] brn
|upkeep
|
|t:|1756349822
|switch|p1a: Torkoal|Torkoal, L50, M|100/100
|-weather|SunnyDay|[from] ability: Drought|[of] p1a: Torkoal
|turn|5
|inactive|Ribombees believer has 30 seconds left.
|
|t:|1756349848
|switch|p1b: Armarouge|Armarouge, L50, M|100/100
|move|p1a: Torkoal|Clear Smog|p2b: Dondozo
|-damage|p2b: Dondozo|91/100
|-clearboost|p2b: Dondozo
|move|p2b: Dondozo|Earthquake|p1a: Torkoal|[spread] p1a,p1b
|-miss|p2b: Dondozo|p2a: Tatsugiri
|-supereffective|p1a: Torkoal
|-supereffective|p1b: Armarouge
|-damage|p1a: Torkoal|68/100
|-damage|p1b: Armarouge|57/100
|
|-weather|SunnyDay|[upkeep]
|-heal|p2b: Dondozo|97/100|[from] item: Leftovers
|-fieldend|move: Trick Room
|-fieldend|move: Psychic Terrain
|upkeep
|turn|6
|
|t:|1756349870
|-terastallize|p1b: Armarouge|Grass
|move|p2b: Dondozo|Earthquake|p1b: Armarouge|[spread] p1a,p1b
|-miss|p2b: Dondozo|p2a: Tatsugiri
|-supereffective|p1a: Torkoal
|-resisted|p1b: Armarouge
|-damage|p1a: Torkoal|33/100
|-damage|p1b: Armarouge|44/100
|move|p1a: Torkoal|Flamethrower|p2b: Dondozo
|-resisted|p2b: Dondozo
|-damage|p2b: Dondozo|59/100
|move|p1b: Armarouge|Trick Room|p1b: Armarouge
|-fieldstart|move: Trick Room|[of] p1b: Armarouge
|
|-weather|SunnyDay|[upkeep]
|-heal|p2b: Dondozo|66/100|[from] item: Leftovers
|upkeep
|turn|7
|
|t:|1756349885
|switch|p1a: Ursaluna|Ursaluna, L50, M|16/100 brn
|move|p2b: Dondozo|Protect|p2b: Dondozo
|-singleturn|p2b: Dondozo|Protect
|move|p1b: Armarouge|Expanding Force|p2b: Dondozo
|-activate|p2b: Dondozo|move: Protect
|
|-weather|SunnyDay|[upkeep]
|-heal|p2b: Dondozo|72/100|[from] item: Leftovers
|-damage|p1a: Ursaluna|10/100 brn|[from] brn
|upkeep
|turn|8
|
|t:|1756349892
|move|p2b: Dondozo|Protect||[still]
|-fail|p2b: Dondozo
|move|p1a: Ursaluna|Facade|p2b: Dondozo
|-damage|p2b: Dondozo|0 fnt
|faint|p2b: Dondozo
|move|p1b: Armarouge|Expanding Force|p2a: Tatsugiri
|-damage|p2a: Tatsugiri|21/100
|-damage|p1b: Armarouge|35/100|[from] item: Life Orb
|
|-weather|SunnyDay|[upkeep]
|-damage|p1a: Ursaluna|4/100 brn|[from] brn
|upkeep
|
|t:|1756349902
|switch|p2b: Hydreigon|Hydreigon, L50, F, tera:Steel|62/100
|turn|9
|
|t:|1756349912
|move|p1a: Ursaluna|Facade|p2a: Tatsugiri
|-damage|p2a: Tatsugiri|0 fnt
|faint|p2a: Tatsugiri
|move|p1b: Armarouge|Armor Cannon|p2b: Hydreigon
|-supereffective|p2b: Hydreigon
|-damage|p2b: Hydreigon|0 fnt
|-unboost|p1b: Armarouge|def|1
|-unboost|p1b: Armarouge|spd|1
|faint|p2b: Hydreigon
|-damage|p1b: Armarouge|25/100|[from] item: Life Orb
|
|win|EXHOUL
