|j|☆failandimprove5
|j|☆James Ferraro
|html|failandimprove5James Ferraro    
|uhtml|bestof|Game 2 of a best-of-3
|t:|1782515444
|gametype|doubles
|player|p1|failandimprove5|102|1370
|player|p2|James Ferraro|veteranf|1254
|gen|9
|tier|[Gen 9 Champions] VGC 2026 Reg M-B (Bo3)
|rated|
|rule|Species Clause: Limit one of each Pokémon
|rule|Item Clause: Limit 1 of each item
|clearpoke
|poke|p1|Charizard, L50, F|
|poke|p1|Floette-Eternal, L50, F|
|poke|p1|Whimsicott, L50, F|
|poke|p1|Basculegion, L50, M|
|poke|p1|Incineroar, L50, F|
|poke|p1|Garchomp, L50, F|
|poke|p2|Basculegion, L50, M|
|poke|p2|Kingambit, L50, F|
|poke|p2|Sneasler, L50, M|
|poke|p2|Incineroar, L50, M|
|poke|p2|Sinistcha, L50|
|poke|p2|Floette-Eternal, L50, F|
|teampreview|4
|showteam|p1|Charizard||CharizarditeY|Blaze|HeatWave,WeatherBall,SolarBeam,Protect|Modest||F|||50|]Floette-Eternal||Floettite|FlowerVeil|Moonblast,DazzlingGleam,LightofRuin,Protect|Timid||F|||50|]Whimsicott||FocusSash|Prankster|Moonblast,Tailwind,Encore,Protect|Timid||F|||50|]Basculegion||MysticWater|Adaptability|WaveCrash,LastRespects,AquaJet,Protect|Adamant||M|||50|]Incineroar||SitrusBerry|Intimidate|FlareBlitz,ThroatChop,PartingShot,FakeOut|Careful||F|||50|]Garchomp||LifeOrb|RoughSkin|Earthquake,RockSlide,DragonClaw,Protect|Jolly||F|||50|
|showteam|p2|Basculegion||ChoiceScarf|Adaptability|LastRespects,WaveCrash,FlipTurn,AquaJet|Adamant||M|||50|]Kingambit||BlackGlasses|Defiant|KowtowCleave,SuckerPunch,SwordsDance,Protect|Adamant||F|||50|]Sneasler||FocusSash|PoisonTouch|CloseCombat,DireClaw,FakeOut,Protect|Jolly||M|||50|]Incineroar||SitrusBerry|Intimidate|FlareBlitz,FakeOut,PartingShot,HelpingHand|Impish||M|||50|]Sinistcha||KasibBerry|Hospitality|MatchaGotcha,LifeDew,RagePowder,Protect|Relaxed|||||50|]Floette-Eternal||Floettite|FlowerVeil|DazzlingGleam,DrainingKiss,CalmMind,Protect|Timid||F|||50|
|l|☆James Ferraro
|player|p2|
|inactive|Battle timer is ON: inactive players will automatically lose when time's up. (requested by failandimprove5)
|j|☆James Ferraro
|inactive|James Ferraro reconnected and has 90 seconds left.
|player|p2|James Ferraro|veteranf|
|
|t:|1782515487
|teamsize|p1|4
|teamsize|p2|4
|start
|switch|p1a: Floette|Floette-Eternal, L50, F|100/100
|switch|p1b: Whimsicott|Whimsicott, L50, F|100/100
|switch|p2a: Sneasler|Sneasler, L50, M|100/100
|switch|p2b: Floette|Floette-Eternal, L50, F|100/100
|turn|1
|
|t:|1782515506
|detailschange|p1a: Floette|Floette-Mega, L50, F
|-mega|p1a: Floette|Floette|Floettite
|-ability|p1a: Floette|Fairy Aura
|detailschange|p2b: Floette|Floette-Mega, L50, F
|-mega|p2b: Floette|Floette|Floettite
|-ability|p2b: Floette|Fairy Aura
|move|p1a: Floette|Protect|p1a: Floette
|-singleturn|p1a: Floette|Protect
|move|p2a: Sneasler|Dire Claw|p1b: Whimsicott
|-supereffective|p1b: Whimsicott|2
|-enditem|p1b: Whimsicott|Focus Sash
|-damage|p1b: Whimsicott|1/100
|move|p1b: Whimsicott|Moonblast|p2b: Floette
|-damage|p2b: Floette|64/100
|move|p2b: Floette|Calm Mind|p2b: Floette
|-boost|p2b: Floette|spa|1
|-boost|p2b: Floette|spd|1
|
|upkeep
|turn|2
|
|t:|1782515522
|move|p1b: Whimsicott|Tailwind|p1b: Whimsicott
|-sidestart|p1: failandimprove5|move: Tailwind
|move|p1a: Floette|Dazzling Gleam|p2a: Sneasler|[spread] p2a,p2b
|-damage|p2a: Sneasler|40/100
|-damage|p2b: Floette|39/100
|move|p2a: Sneasler|Dire Claw|p1a: Floette
|-supereffective|p1a: Floette|1
|-damage|p1a: Floette|0 fnt
|faint|p1a: Floette
|move|p2b: Floette|Draining Kiss|p1b: Whimsicott
|-damage|p1b: Whimsicott|0 fnt
|-heal|p2b: Floette|40/100|[from] drain|[of] p1b: Whimsicott
|faint|p1b: Whimsicott
|
|upkeep
|
|t:|1782515524
|switch|p1b: Garchomp|Garchomp, L50, F|100/100
|switch|p1a: Basculegion|Basculegion, L50, M|100/100
|turn|3
|
|t:|1782515533
|switch|p2a: Incineroar|Incineroar, L50, M|100/100
|-ability|p2a: Incineroar|Intimidate|boost
|-unboost|p1a: Basculegion|atk|1
|-unboost|p1b: Garchomp|atk|1
|move|p2b: Floette|Protect|p2b: Floette
|-singleturn|p2b: Floette|Protect
|move|p1b: Garchomp|Dragon Claw|p2a: Incineroar
|-damage|p2a: Incineroar|74/100
|-damage|p1b: Garchomp|90/100|[from] item: Life Orb
|move|p1a: Basculegion|Last Respects|p2a: Incineroar
|-resisted|p2a: Incineroar|1
|-damage|p2a: Incineroar|51/100
|
|upkeep
|turn|4
|
|t:|1782515549
|switch|p2b: Basculegion|Basculegion, L50, M|100/100
|move|p1b: Garchomp|Rock Slide|p2b: Basculegion|[spread] p2a,p2b
|-supereffective|p2a: Incineroar|1
|-damage|p2a: Incineroar|28/100
|-damage|p2b: Basculegion|77/100
|-enditem|p2a: Incineroar|Sitrus Berry|[eat]
|-heal|p2a: Incineroar|52/100|[from] item: Sitrus Berry
|-damage|p1b: Garchomp|80/100|[from] item: Life Orb
|move|p1a: Basculegion|Last Respects|p2b: Basculegion
|-supereffective|p2b: Basculegion|1
|-damage|p2b: Basculegion|0 fnt
|faint|p2b: Basculegion
|cant|p2a: Incineroar|flinch
|
|upkeep
|
|t:|1782515562
|switch|p2b: Sneasler|Sneasler, L50, M|40/100
|turn|5
|
|t:|1782515574
|move|p2b: Sneasler|Protect|p2b: Sneasler
|-singleturn|p2b: Sneasler|Protect
|move|p1b: Garchomp|Earthquake|p2a: Incineroar|[spread] p1a,p2a
|-activate|p2b: Sneasler|move: Protect
|-supereffective|p2a: Incineroar|1
|-damage|p1a: Basculegion|61/100
|-damage|p2a: Incineroar|2/100
|-damage|p1b: Garchomp|71/100|[from] item: Life Orb
|move|p1a: Basculegion|Last Respects|p2b: Sneasler
|-activate|p2b: Sneasler|move: Protect
|move|p2a: Incineroar|Parting Shot|p1a: Basculegion
|-unboost|p1a: Basculegion|atk|1
|-unboost|p1a: Basculegion|spa|1
|
|t:|1782515586
|switch|p2a: Floette|Floette-Mega, L50, F|40/100|[from] Parting Shot
|-ability|p2a: Floette|Fairy Aura
|
|-sideend|p1: failandimprove5|move: Tailwind
|upkeep
|turn|6
|
|t:|1782515605
|switch|p2b: Incineroar|Incineroar, L50, M|2/100
|-ability|p2b: Incineroar|Intimidate|boost
|-unboost|p1a: Basculegion|atk|1
|-unboost|p1b: Garchomp|atk|1
|move|p1a: Basculegion|Aqua Jet|p2a: Floette
|-damage|p2a: Floette|26/100
|move|p1b: Garchomp|Earthquake|p2b: Incineroar|[spread] p1a,p2a,p2b
|-supereffective|p2b: Incineroar|1
|-damage|p1a: Basculegion|35/100
|-damage|p2a: Floette|1/100
|-damage|p2b: Incineroar|0 fnt
|faint|p2b: Incineroar
|-damage|p1b: Garchomp|61/100|[from] item: Life Orb
|move|p2a: Floette|Draining Kiss|p1b: Garchomp
|-supereffective|p1b: Garchomp|1
|-damage|p1b: Garchomp|0 fnt
|-heal|p2a: Floette|57/100|[from] drain|[of] p1b: Garchomp
|-damage|p2a: Floette|44/100|[from] ability: Rough Skin|[of] p1b: Garchomp
|faint|p1b: Garchomp
|
|upkeep
|-message|failandimprove5 forfeited.
|
|win|James Ferraro
