|j|☆Sedrav
|j|☆sbhaga34
|html|Sedravsbhaga34    
|uhtml|bestof|Game 1 of a best-of-3
|t:|1756942683
|gametype|doubles
|player|p1|Sedrav|265|1131
|player|p2|sbhaga34|hugh|1198
|gen|9
|tier|[Gen 9] VGC 2025 Reg H (Bo3)
|rated|
|rule|Species Clause: Limit one of each Pokémon
|rule|Item Clause: Limit 1 of each item
|clearpoke
|poke|p1|Garchomp, L50, M|
|poke|p1|Talonflame, L50, F|
|poke|p1|Gholdengo, L50|
|poke|p1|Tyranitar, L50, M|
|poke|p1|Amoonguss, L50, M|
|poke|p1|Milotic, L50, M|
|poke|p2|Indeedee-F, L50, F|
|poke|p2|Talonflame, L50, M|
|poke|p2|Tyranitar, L50, F|
|poke|p2|Excadrill, L50, F|
|poke|p2|Gardevoir, L50, M|
|poke|p2|Annihilape, L50, M|
|teampreview|4
|showteam|p1|Garchomp||LifeOrb|RoughSkin|DragonClaw,StompingTantrum,Earthquake,Protect|||M|||50|,,,,,Fairy]Talonflame||CovertCloak|GaleWings|BraveBird,Tailwind,WillOWisp,Taunt|||F|||50|,,,,,Grass]Gholdengo||MetalCoat|GoodasGold|MakeItRain,ShadowBall,NastyPlot,Protect||||||50|,,,,,Flying]Tyranitar||AssaultVest|SandStream|RockSlide,KnockOff,LowKick,TeraBlast|||M|||50|,,,,,Flying]Amoonguss||SitrusBerry|Regenerator|Spore,RagePowder,PollenPuff,Protect|||M|||50|,,,,,Water]Milotic||SafetyGoggles|Competitive|Scald,IcyWind,Haze,Protect|||M|||50|,,,,,Dragon
|showteam|p2|Indeedee-F||SafetyGoggles|PsychicSurge|FollowMe,TrickRoom,HelpingHand,Psychic|||F|||50|,,,,,Water]Talonflame||CovertCloak|GaleWings|Tailwind,Taunt,BraveBird,Uturn|||M|||50|,,,,,Dark]Tyranitar||WeaknessPolicy|SandStream|RockSlide,KnockOff,LowKick,Protect|||F|||50|,,,,,Flying]Excadrill||FocusSash|SandRush|Earthquake,IronHead,SwordsDance,Protect|||F|||50|,,,,,Ground]Gardevoir||ChoiceScarf|Telepathy|ExpandingForce,DazzlingGleam,Moonblast,IcyWind|||M|||50|,,,,,Psychic]Annihilape||Leftovers|Defiant|FinalGambit,CloseCombat,RageFist,Uturn|||M|||50|,,,,,Stellar
|inactive|Battle timer is ON: inactive players will automatically lose when time's up. (requested by Sedrav)
|inactive|sbhaga34 has 60 seconds left.
|inactive|sbhaga34 has 30 seconds left.
|
|t:|1756942750
|teamsize|p1|4
|teamsize|p2|4
|start
|switch|p1a: Garchomp|Garchomp, L50, M|100/100
|switch|p1b: Talonflame|Talonflame, L50, F|100/100
|switch|p2a: Talonflame|Talonflame, L50, M|100/100
|switch|p2b: Tyranitar|Tyranitar, L50, F|100/100
|-weather|Sandstorm|[from] ability: Sand Stream|[of] p2b: Tyranitar
|turn|1
|inactive|Sedrav has 30 seconds left.
|
|t:|1756942777
|-terastallize|p1b: Talonflame|Grass
|move|p2a: Talonflame|Tailwind|p2a: Talonflame
|-sidestart|p2: sbhaga34|move: Tailwind
|move|p2b: Tyranitar|Rock Slide|p1b: Talonflame|[spread] p1a,p1b
|-resisted|p1a: Garchomp
|-damage|p1a: Garchomp|86/100
|-damage|p1b: Talonflame|55/100
|move|p1b: Talonflame|Will-O-Wisp|p2b: Tyranitar
|-status|p2b: Tyranitar|brn
|cant|p1a: Garchomp|flinch
|
|-weather|Sandstorm|[upkeep]
|-damage|p2a: Talonflame|94/100|[from] Sandstorm
|-damage|p1b: Talonflame|49/100|[from] Sandstorm
|-damage|p2b: Tyranitar|95/100 brn|[from] brn
|upkeep
|turn|2
|inactive|Sedrav has 30 seconds left.
|inactive|sbhaga34 has 30 seconds left.
|inactive|Sedrav has 20 seconds left.
|inactive|Sedrav has 15 seconds left.
|inactive|Sedrav has 10 seconds left.
|
|t:|1756942823
|switch|p1b: Tyranitar|Tyranitar, L50, M|100/100
|move|p2a: Talonflame|Brave Bird|p1b: Tyranitar
|-resisted|p1b: Tyranitar
|-damage|p1b: Tyranitar|85/100
|-damage|p2a: Talonflame|88/100|[from] Recoil
|move|p2b: Tyranitar|Knock Off|p1a: Garchomp
|-damage|p1a: Garchomp|56/100
|-damage|p2b: Tyranitar|83/100 brn|[from] ability: Rough Skin|[of] p1a: Garchomp
|-enditem|p1a: Garchomp|Life Orb|[from] move: Knock Off|[of] p2b: Tyranitar
|move|p1a: Garchomp|Stomping Tantrum|p2a: Talonflame
|-immune|p2a: Talonflame
|
|-weather|Sandstorm|[upkeep]
|-damage|p2a: Talonflame|82/100|[from] Sandstorm
|-damage|p2b: Tyranitar|77/100 brn|[from] brn
|upkeep
|turn|3
|
|t:|1756942846
|switch|p1b: Gholdengo|Gholdengo, L50|100/100
|move|p2a: Talonflame|U-turn|p1b: Gholdengo
|-resisted|p1b: Gholdengo
|-damage|p1b: Gholdengo|96/100
|
|t:|1756942853
|switch|p2a: Excadrill|Excadrill, L50, F, shiny|100/100|[from] U-turn
|move|p2b: Tyranitar|Low Kick|p1b: Gholdengo
|-immune|p1b: Gholdengo
|move|p1a: Garchomp|Dragon Claw|p2a: Excadrill
|-resisted|p2a: Excadrill
|-damage|p2a: Excadrill|66/100
|
|-weather|Sandstorm|[upkeep]
|-damage|p2b: Tyranitar|71/100 brn|[from] brn
|upkeep
|turn|4
|
|t:|1756942879
|switch|p2b: Talonflame|Talonflame, L50, M|82/100
|-terastallize|p2a: Excadrill|Ground
|move|p1b: Gholdengo|Protect|p1b: Gholdengo
|-singleturn|p1b: Gholdengo|Protect
|move|p2a: Excadrill|Earthquake|p1b: Gholdengo|[spread] p1a
|-activate|p1b: Gholdengo|move: Protect
|-immune|p2b: Talonflame
|-damage|p1a: Garchomp|0 fnt
|faint|p1a: Garchomp
|
|-weather|Sandstorm|[upkeep]
|-damage|p2b: Talonflame|75/100|[from] Sandstorm
|-sideend|p2: sbhaga34|move: Tailwind
|upkeep
|
|t:|1756942897
|switch|p1a: Talonflame|Talonflame, L50, F, tera:Grass|49/100
|turn|5
|
|t:|1756942908
|move|p2a: Excadrill|Protect|p2a: Excadrill
|-singleturn|p2a: Excadrill|Protect
|move|p1a: Talonflame|Tailwind|p1a: Talonflame
|-sidestart|p1: Sedrav|move: Tailwind
|move|p1b: Gholdengo|Make It Rain|p2a: Excadrill|[spread] p2b
|-activate|p2a: Excadrill|move: Protect
|-resisted|p2b: Talonflame
|-damage|p2b: Talonflame|39/100
|-unboost|p1b: Gholdengo|spa|1
|move|p2b: Talonflame|Tailwind|p2b: Talonflame
|-sidestart|p2: sbhaga34|move: Tailwind
|
|-weather|none
|upkeep
|turn|6
|inactive|Sedrav has 30 seconds left.
|
|t:|1756942933
|switch|p2a: Tyranitar|Tyranitar, L50, F|71/100 brn
|-weather|Sandstorm|[from] ability: Sand Stream|[of] p2a: Tyranitar
|move|p1a: Talonflame|Brave Bird|p2a: Tyranitar
|-resisted|p2a: Tyranitar
|-damage|p2a: Tyranitar|52/100 brn
|-damage|p1a: Talonflame|42/100|[from] Recoil
|move|p2b: Talonflame|Brave Bird|p1a: Talonflame
|-supereffective|p1a: Talonflame
|-damage|p1a: Talonflame|0 fnt
|faint|p1a: Talonflame
|-damage|p2b: Talonflame|27/100|[from] Recoil
|move|p1b: Gholdengo|Shadow Ball|p2a: Tyranitar
|-resisted|p2a: Tyranitar
|-damage|p2a: Tyranitar|43/100 brn
|
|-weather|Sandstorm|[upkeep]
|-damage|p2b: Talonflame|20/100|[from] Sandstorm
|-damage|p2a: Tyranitar|38/100 brn|[from] brn
|upkeep
|
|t:|1756942950
|switch|p1a: Tyranitar|Tyranitar, L50, M|85/100
|turn|7
|
|t:|1756942968
|move|p1b: Gholdengo|Protect|p1b: Gholdengo
|-singleturn|p1b: Gholdengo|Protect
|move|p2b: Talonflame|Brave Bird|p1b: Gholdengo
|-activate|p1b: Gholdengo|move: Protect
|move|p2a: Tyranitar|Low Kick|p1a: Tyranitar
|-supereffective|p1a: Tyranitar
|-damage|p1a: Tyranitar|18/100
|move|p1a: Tyranitar|Low Kick|p2b: Talonflame
|-resisted|p2b: Talonflame
|-damage|p2b: Talonflame|10/100
|
|-weather|Sandstorm|[upkeep]
|-damage|p2b: Talonflame|4/100|[from] Sandstorm
|-damage|p2a: Tyranitar|32/100 brn|[from] brn
|upkeep
|turn|8
|
|t:|1756942986
|move|p2b: Talonflame|Brave Bird|p1b: Gholdengo
|-resisted|p1b: Gholdengo
|-damage|p1b: Gholdengo|75/100
|-damage|p2b: Talonflame|0 fnt|[from] Recoil
|faint|p2b: Talonflame
|move|p1b: Gholdengo|Nasty Plot|p1b: Gholdengo
|-boost|p1b: Gholdengo|spa|2
|move|p2a: Tyranitar|Low Kick|p1a: Tyranitar
|-supereffective|p1a: Tyranitar
|-damage|p1a: Tyranitar|0 fnt
|faint|p1a: Tyranitar
|
|-weather|Sandstorm|[upkeep]
|-damage|p2a: Tyranitar|26/100 brn|[from] brn
|-sideend|p1: Sedrav|move: Tailwind
|-sideend|p2: sbhaga34|move: Tailwind
|upkeep
|-message|Sedrav forfeited.
|
|win|sbhaga34
|l|☆Sedrav
|player|p1|
||sbhaga34 is ready for game 2.
|j|☆Sedrav
|player|p1|Sedrav|265|
