|j|☆SFmrmimers
|j|☆Adriatic Tides
|html|SFmrmimersAdriatic Tides    
|uhtml|bestof|Game 2 of a best-of-3
|t:|1756167881
|gametype|doubles
|player|p1|SFmrmimers|n|1066
|player|p2|Adriatic Tides|leon|1021
|gen|9
|tier|[Gen 9] VGC 2025 Reg H (Bo3)
|rated|
|rule|Species Clause: Limit one of each Pokémon
|rule|Item Clause: Limit 1 of each item
|clearpoke
|poke|p1|Tyranitar, L50, F|
|poke|p1|Excadrill, L50, M|
|poke|p1|Incineroar, L50, M|
|poke|p1|Amoonguss, L50, M|
|poke|p1|Kilowattrel, L50, M|
|poke|p1|Kommo-o, L50, F|
|poke|p2|Pelipper, L50, M|
|poke|p2|Archaludon, L50, F|
|poke|p2|Basculegion, L50, M|
|poke|p2|Amoonguss, L50, F|
|poke|p2|Sneasler, L50, M|
|poke|p2|Indeedee-F, L50, F|
|teampreview|4
|showteam|p1|Tyranitar||AssaultVest|SandStream|RockSlide,KnockOff,TeraBlast,LowKick|||F|||50|,,,,,Flying]Excadrill||FocusSash|SandRush|Earthquake,HighHorsepower,IronHead,Protect|||M|||50|,,,,,Ground]Incineroar||SafetyGoggles|Intimidate|FakeOut,PartingShot,KnockOff,FlareBlitz|||M|||50|,,,,,Ghost]Amoonguss||SitrusBerry|Regenerator|Spore,RagePowder,PollenPuff,Protect|||M|||50|,,,,,Water]Kilowattrel||ChoiceSpecs|Competitive|Thunderbolt,Discharge,VoltSwitch,AirSlash|||M|||50|,,,,,Ghost]Kommo-o||ThroatSpray|Overcoat|ClangingScales,ClangorousSoul,AuraSphere,Protect|||F|||50|,,,,,Fire
|showteam|p2|Pelipper||FocusSash|Drizzle|Tailwind,WeatherBall,RainDance,Hurricane|||M|||50|,,,,,Grass]Archaludon||Leftovers|Stamina|ElectroShot,BodyPress,Protect,DracoMeteor|||F|||50|,,,,,Electric]Basculegion||ChoiceBand|SwiftSwim|LastRespects,WaveCrash,FlipTurn,AquaJet|||M|||50|,,,,,Ghost]Amoonguss||SitrusBerry|Regenerator|PollenPuff,Spore,RagePowder,Protect|||F|||50|,,,,,Water]Sneasler||PsychicSeed|Unburden|ThroatChop,DireClaw,Protect,CloseCombat|||M|||50|,,,,,Dark]Indeedee-F||SafetyGoggles|PsychicSurge|FollowMe,TrickRoom,Psychic,HelpingHand|||F|||50|,,,,,Fairy
|
|t:|1756167912
|teamsize|p1|4
|teamsize|p2|4
|start
|switch|p1a: Incineroar|Incineroar, L50, M|100/100
|switch|p1b: Kommo-o|Kommo-o, L50, F, shiny|100/100
|switch|p2a: Indeedee|Indeedee-F, L50, F|100/100
|switch|p2b: Sneasler|Sneasler, L50, M|100/100
|-fieldstart|move: Psychic Terrain|[from] ability: Psychic Surge|[of] p2a: Indeedee
|-enditem|p2b: Sneasler|Psychic Seed
|-boost|p2b: Sneasler|spd|1|[from] item: Psychic Seed
|-ability|p1a: Incineroar|Intimidate|boost
|-unboost|p2a: Indeedee|atk|1
|-unboost|p2b: Sneasler|atk|1
|turn|1
|
|t:|1756167933
|-terastallize|p1a: Incineroar|Ghost
|move|p2a: Indeedee|Helping Hand|p2b: Sneasler
|-singleturn|p2b: Sneasler|Helping Hand|[of] p2a: Indeedee
|move|p2b: Sneasler|Close Combat|p1a: Incineroar
|-immune|p1a: Incineroar
|move|p1b: Kommo-o|Clangorous Soul|p1b: Kommo-o
|-boost|p1b: Kommo-o|atk|1
|-boost|p1b: Kommo-o|def|1
|-boost|p1b: Kommo-o|spa|1
|-boost|p1b: Kommo-o|spd|1
|-boost|p1b: Kommo-o|spe|1
|-damage|p1b: Kommo-o|68/100
|-enditem|p1b: Kommo-o|Throat Spray
|-boost|p1b: Kommo-o|spa|1|[from] item: Throat Spray
|move|p1a: Incineroar|Parting Shot|p2b: Sneasler
|-unboost|p2b: Sneasler|atk|1
|-unboost|p2b: Sneasler|spa|1
|
|t:|1756167975
|switch|p1a: Tyranitar|Tyranitar, L50, F|100/100|[from] Parting Shot
|-weather|Sandstorm|[from] ability: Sand Stream|[of] p1a: Tyranitar
|
|-weather|Sandstorm|[upkeep]
|-damage|p2b: Sneasler|95/100|[from] Sandstorm
|upkeep
|turn|2
|
|t:|1756168032
|switch|p1a: Incineroar|Incineroar, L50, M, tera:Ghost|100/100
|-ability|p1a: Incineroar|Intimidate|boost
|-unboost|p2a: Indeedee|atk|1
|-unboost|p2b: Sneasler|atk|1
|-terastallize|p2a: Indeedee|Fairy
|move|p2a: Indeedee|Follow Me|p2a: Indeedee
|-singleturn|p2a: Indeedee|move: Follow Me
|move|p2b: Sneasler|Dire Claw|p1b: Kommo-o
|-damage|p1b: Kommo-o|57/100
|-status|p1b: Kommo-o|psn
|move|p1b: Kommo-o|Clanging Scales|p2b: Sneasler|[spread] p2b
|-immune|p2a: Indeedee
|-damage|p2b: Sneasler|36/100
|-unboost|p1b: Kommo-o|def|1
|
|-weather|Sandstorm|[upkeep]
|-damage|p2b: Sneasler|30/100|[from] Sandstorm
|-damage|p1b: Kommo-o|45/100 psn|[from] psn
|upkeep
|turn|3
|
|t:|1756168058
|switch|p2b: Pelipper|Pelipper, L50, M|100/100
|-weather|RainDance|[from] ability: Drizzle|[of] p2b: Pelipper
|move|p1b: Kommo-o|Protect|p1b: Kommo-o
|-singleturn|p1b: Kommo-o|Protect
|move|p2a: Indeedee|Psychic|p1b: Kommo-o
|-activate|p1b: Kommo-o|move: Protect
|move|p1a: Incineroar|Flare Blitz|p2b: Pelipper
|-resisted|p2b: Pelipper
|-damage|p2b: Pelipper|86/100
|-damage|p1a: Incineroar|97/100|[from] Recoil
|
|-weather|RainDance|[upkeep]
|-damage|p1b: Kommo-o|32/100 psn|[from] psn
|upkeep
|turn|4
|
|t:|1756168080
|move|p2a: Indeedee|Follow Me|p2a: Indeedee
|-singleturn|p2a: Indeedee|move: Follow Me
|move|p1b: Kommo-o|Clanging Scales|p2a: Indeedee|[spread] p2b
|-immune|p2a: Indeedee
|-damage|p2b: Pelipper|0 fnt
|faint|p2b: Pelipper
|-unboost|p1b: Kommo-o|def|1
|move|p1a: Incineroar|Parting Shot|p2a: Indeedee
|-unboost|p2a: Indeedee|atk|1
|-unboost|p2a: Indeedee|spa|1
|
|t:|1756168089
|switch|p1a: Tyranitar|Tyranitar, L50, F|100/100|[from] Parting Shot
|-weather|Sandstorm|[from] ability: Sand Stream|[of] p1a: Tyranitar
|
|-weather|Sandstorm|[upkeep]
|-damage|p1b: Kommo-o|20/100 psn|[from] psn
|upkeep
|
|t:|1756168098
|switch|p2b: Sneasler|Sneasler, L50, M|30/100
|turn|5
|
|t:|1756168112
|switch|p1a: Incineroar|Incineroar, L50, M, tera:Ghost|97/100
|-ability|p1a: Incineroar|Intimidate|boost
|-unboost|p2a: Indeedee|atk|1
|-unboost|p2b: Sneasler|atk|1
|move|p2a: Indeedee|Follow Me|p2a: Indeedee
|-singleturn|p2a: Indeedee|move: Follow Me
|move|p1b: Kommo-o|Clanging Scales|p2b: Sneasler|[spread] p2b
|-immune|p2a: Indeedee
|-damage|p2b: Sneasler|0 fnt
|faint|p2b: Sneasler
|-unboost|p1b: Kommo-o|def|1
|
|-weather|Sandstorm|[upkeep]
|-damage|p1b: Kommo-o|8/100 psn|[from] psn
|-fieldend|move: Psychic Terrain
|upkeep
|
|t:|1756168114
|switch|p2b: Archaludon|Archaludon, L50, F|100/100
|turn|6
|
|t:|1756168133
|move|p1a: Incineroar|Fake Out|p2a: Indeedee
|-damage|p2a: Indeedee|88/100
|cant|p2a: Indeedee|flinch
|move|p1b: Kommo-o|Aura Sphere|p2b: Archaludon
|-supereffective|p2b: Archaludon
|-crit|p2b: Archaludon
|-damage|p2b: Archaludon|0 fnt
|faint|p2b: Archaludon
|
|-weather|Sandstorm|[upkeep]
|-damage|p1b: Kommo-o|0 fnt|[from] psn
|faint|p1b: Kommo-o
|upkeep
|
|t:|1756168146
|switch|p1b: Tyranitar|Tyranitar, L50, F|100/100
|turn|7
|-message|Adriatic Tides forfeited.
|
|win|SFmrmimers
||Adriatic Tides is ready for game 3.
||SFmrmimers is ready for game 3.
|uhtml|next|Next: Game 3 of 3
