|j|☆viatles
|j|☆GymGlofer
|html|viatlesGymGlofer    
|uhtml|bestof|Game 3 of a best-of-3
|t:|1784397213
|gametype|doubles
|player|p1|viatles|hiker|1132
|player|p2|GymGlofer|blackbelt|1093
|gen|9
|tier|[Gen 9 Champions] VGC 2026 Reg M-B (Bo3)
|rated|
|rule|Species Clause: Limit one of each Pokémon
|rule|Item Clause: Limit 1 of each item
|clearpoke
|poke|p1|Beedrill, L50, F, shiny|
|poke|p1|Farigiraf, L50, F|
|poke|p1|Sableye, L50, F|
|poke|p1|Torkoal, L50, M|
|poke|p1|Chandelure, L50, M|
|poke|p1|Garchomp, L50, F|
|poke|p2|Arcanine-Hisui, L50, M|
|poke|p2|Ninetales, L50, M|
|poke|p2|Talonflame, L50, F|
|poke|p2|Incineroar, L50, F|
|poke|p2|Delphox, L50, F|
|poke|p2|Emboar, L50, M|
|teampreview|4
|showteam|p1|Beedrill||Beedrillite|Swarm|Uturn,DrillRun,PoisonJab,Protect|Jolly||F|||50|]Farigiraf||SitrusBerry|ArmorTail|TrickRoom,Thunderbolt,TwinBeam,HelpingHand|Bold||F|||50|]Sableye||RoseliBerry|Prankster|FakeOut,FoulPlay,SunnyDay,Quash|Sassy||F|||50|]Torkoal||Charcoal|Drought|Eruption,HelpingHand,EarthPower,Protect|Quiet||M|||50|]Chandelure||FocusSash|FlashFire|TrickRoom,HeatWave,ShadowBall,Protect|Quiet||M|||50|]Garchomp||Garchompite|RoughSkin|Earthquake,RockSlide,DragonClaw,Protect|Adamant||F|||50|
|showteam|p2|Arcanine-Hisui||ChoiceScarf|RockHead|RagingFury,HeadSmash,ExtremeSpeed,RockSlide|Jolly||M|||50|]Ninetales||HeatRock|Drought|MysticalFire,SolarBeam,Encore,Disable|Timid||M|||50|]Talonflame||FocusSash|GaleWings|BlazeKick,DualWingbeat,Tailwind,QuickGuard|Jolly||F|||50|]Incineroar||Leftovers|Intimidate|DarkestLariat,PartingShot,WillOWisp,FakeOut|Serious||F|||50|]Delphox||Delphoxite|Magician|HeatWave,Psyshock,NastyPlot,Protect|Timid||F|||50|]Emboar||Emboarite|Blaze|FlareBlitz,DrainPunch,SuckerPunch,Earthquake|Adamant||M|||50|
|inactive|Battle timer is ON: inactive players will automatically lose when time's up. (requested by GymGlofer)
|
|t:|1784397236
|teamsize|p1|4
|teamsize|p2|4
|start
|switch|p1a: Sableye|Sableye, L50, F|100/100
|switch|p1b: Torkoal|Torkoal, L50, M|100/100
|switch|p2a: Incineroar|Incineroar, L50, F|100/100
|switch|p2b: Arcanine|Arcanine-Hisui, L50, M|100/100
|-ability|p2a: Incineroar|Intimidate|boost
|-unboost|p1a: Sableye|atk|1
|-unboost|p1b: Torkoal|atk|1
|-weather|SunnyDay|[from] ability: Drought|[of] p1b: Torkoal
|turn|1
|
|t:|1784397256
|move|p2a: Incineroar|Fake Out|p1b: Torkoal
|-damage|p1b: Torkoal|92/100
|move|p1a: Sableye|Fake Out|p2b: Arcanine
|-resisted|p2b: Arcanine|1
|-damage|p2b: Arcanine|96/100
|cant|p2b: Arcanine|flinch
|cant|p1b: Torkoal|flinch
|
|-weather|SunnyDay|[upkeep]
|upkeep
|turn|2
|
|t:|1784397276
|move|p1a: Sableye|Quash|p2b: Arcanine
|-activate|p2b: Arcanine|move: Quash
|move|p2a: Incineroar|Darkest Lariat|p1a: Sableye
|-damage|p1a: Sableye|57/100
|move|p1b: Torkoal|Earth Power|p2b: Arcanine
|-supereffective|p2b: Arcanine|2
|-damage|p2b: Arcanine|0 fnt
|faint|p2b: Arcanine
|
|-weather|SunnyDay|[upkeep]
|upkeep
|
|t:|1784397285
|switch|p2b: Ninetales|Ninetales, L50, M|100/100
|turn|3
|
|t:|1784397303
|switch|p1a: Chandelure|Chandelure, L50, M|100/100
|move|p1b: Torkoal|Protect|p1b: Torkoal
|-singleturn|p1b: Torkoal|Protect
|move|p2b: Ninetales|Mystical Fire|p1a: Chandelure
|-start|p1a: Chandelure|ability: Flash Fire
|move|p2a: Incineroar|Darkest Lariat|p1b: Torkoal
|-activate|p1b: Torkoal|move: Protect
|
|-weather|SunnyDay|[upkeep]
|upkeep
|turn|4
|
|t:|1784397316
|switch|p1b: Sableye|Sableye, L50, F|57/100
|move|p1a: Chandelure|Protect|p1a: Chandelure
|-singleturn|p1a: Chandelure|Protect
|move|p2b: Ninetales|Encore||[still]
|-fail|p2b: Ninetales
|move|p2a: Incineroar|Darkest Lariat|p1a: Chandelure
|-activate|p1a: Chandelure|move: Protect
|
|-weather|SunnyDay|[upkeep]
|upkeep
|turn|5
|
|t:|1784397331
|move|p1b: Sableye|Fake Out|p2a: Incineroar
|-damage|p2a: Incineroar|94/100
|move|p2b: Ninetales|Mystical Fire|p1b: Sableye
|-damage|p1b: Sableye|3/100
|-unboost|p1b: Sableye|spa|1
|cant|p2a: Incineroar|flinch
|move|p1a: Chandelure|Trick Room|p1a: Chandelure
|-fieldstart|move: Trick Room|[of] p1a: Chandelure
|
|-weather|none
|-heal|p2a: Incineroar|100/100|[from] item: Leftovers
|upkeep
|turn|6
|
|t:|1784397349
|switch|p1b: Torkoal|Torkoal, L50, M|92/100
|-weather|SunnyDay|[from] ability: Drought|[of] p1b: Torkoal
|move|p2a: Incineroar|Darkest Lariat|p1a: Chandelure
|-supereffective|p1a: Chandelure|1
|-damage|p1a: Chandelure|18/100
|move|p1a: Chandelure|Shadow Ball|p2b: Ninetales
|-damage|p2b: Ninetales|39/100
|move|p2b: Ninetales|Mystical Fire|p1b: Torkoal
|-resisted|p1b: Torkoal|1
|-damage|p1b: Torkoal|63/100
|-unboost|p1b: Torkoal|spa|1
|
|-weather|SunnyDay|[upkeep]
|upkeep
|turn|7
|
|t:|1784397369
|move|p1a: Chandelure|Protect|p1a: Chandelure
|-singleturn|p1a: Chandelure|Protect
|move|p1b: Torkoal|Earth Power|p2a: Incineroar
|-supereffective|p2a: Incineroar|1
|-damage|p2a: Incineroar|64/100
|move|p2a: Incineroar|Darkest Lariat|p1a: Chandelure
|-activate|p1a: Chandelure|move: Protect
|move|p2b: Ninetales|Mystical Fire|p1b: Torkoal
|-resisted|p1b: Torkoal|1
|-damage|p1b: Torkoal|37/100
|-unboost|p1b: Torkoal|spa|1
|
|-weather|SunnyDay|[upkeep]
|-heal|p2a: Incineroar|70/100|[from] item: Leftovers
|upkeep
|turn|8
|
|t:|1784397391
|-end|p1a: Chandelure|ability: Flash Fire|[silent]
|switch|p1a: Garchomp|Garchomp, L50, F|100/100
|move|p1b: Torkoal|Earth Power|p2b: Ninetales
|-supereffective|p2b: Ninetales|1
|-damage|p2b: Ninetales|8/100
|move|p2a: Incineroar|Darkest Lariat|p1a: Garchomp
|-damage|p1a: Garchomp|71/100
|-damage|p2a: Incineroar|57/100|[from] ability: Rough Skin|[of] p1a: Garchomp
|move|p2b: Ninetales|Mystical Fire|p1b: Torkoal
|-resisted|p1b: Torkoal|1
|-damage|p1b: Torkoal|7/100
|-unboost|p1b: Torkoal|spa|1
|
|-weather|SunnyDay|[upkeep]
|-heal|p2a: Incineroar|63/100|[from] item: Leftovers
|upkeep
|turn|9
|inactive|GymGlofer has 30 seconds left.
|
|t:|1784397416
|switch|p1b: Chandelure|Chandelure, L50, M|18/100
|move|p1a: Garchomp|Protect|p1a: Garchomp
|-singleturn|p1a: Garchomp|Protect
|move|p2a: Incineroar|Darkest Lariat|p1a: Garchomp
|-activate|p1a: Garchomp|move: Protect
|move|p2b: Ninetales|Mystical Fire|p1b: Chandelure
|-start|p1b: Chandelure|ability: Flash Fire
|
|-weather|SunnyDay|[upkeep]
|-heal|p2a: Incineroar|69/100|[from] item: Leftovers
|-fieldend|move: Trick Room
|upkeep
|turn|10
|inactive|viatles has 30 seconds left.
|
|t:|1784397445
|move|p1b: Chandelure|Protect|p1b: Chandelure
|-singleturn|p1b: Chandelure|Protect
|move|p2b: Ninetales|Encore|p1a: Garchomp
|-start|p1a: Garchomp|Encore
|move|p1a: Garchomp|Protect||[still]
|-fail|p1a: Garchomp
|move|p2a: Incineroar|Darkest Lariat|p1b: Chandelure
|-activate|p1b: Chandelure|move: Protect
|
|-weather|none
|-heal|p2a: Incineroar|75/100|[from] item: Leftovers
|upkeep
|turn|11
|
|t:|1784397462
|switch|p1a: Sableye|Sableye, L50, F|3/100
|move|p2b: Ninetales|Mystical Fire|p1a: Sableye
|-damage|p1a: Sableye|0 fnt
|faint|p1a: Sableye
|move|p1b: Chandelure|Shadow Ball|p2b: Ninetales
|-damage|p2b: Ninetales|0 fnt
|faint|p2b: Ninetales
|move|p2a: Incineroar|Darkest Lariat|p1b: Chandelure
|-supereffective|p1b: Chandelure|1
|-damage|p1b: Chandelure|0 fnt
|faint|p1b: Chandelure
|
|-heal|p2a: Incineroar|81/100|[from] item: Leftovers
|upkeep
|
|t:|1784397476
|switch|p2b: Delphox|Delphox, L50, F|100/100
|switch|p1b: Garchomp|Garchomp, L50, F|71/100
|switch|p1a: Torkoal|Torkoal, L50, M|7/100
|-weather|SunnyDay|[from] ability: Drought|[of] p1a: Torkoal
|turn|12
|
|t:|1784397498
|detailschange|p2b: Delphox|Delphox-Mega, L50, F
|-mega|p2b: Delphox|Delphox|Delphoxite
|detailschange|p1b: Garchomp|Garchomp-Mega, L50, F
|-mega|p1b: Garchomp|Garchomp|Garchompite
|move|p1a: Torkoal|Helping Hand|p1b: Garchomp
|-singleturn|p1b: Garchomp|Helping Hand|[of] p1a: Torkoal
|move|p2b: Delphox|Protect|p2b: Delphox
|-singleturn|p2b: Delphox|Protect
|move|p1b: Garchomp|Rock Slide|p2a: Incineroar|[spread] p2a
|-activate|p2b: Delphox|move: Protect
|-supereffective|p2a: Incineroar|1
|-crit|p2a: Incineroar
|-damage|p2a: Incineroar|0 fnt
|faint|p2a: Incineroar
|
|-weather|SunnyDay|[upkeep]
|upkeep
|turn|13
|
|t:|1784397517
|move|p1a: Torkoal|Helping Hand|p1b: Garchomp
|-singleturn|p1b: Garchomp|Helping Hand|[of] p1a: Torkoal
|move|p2b: Delphox|Heat Wave|p1b: Garchomp|[spread] p1a,p1b
|-resisted|p1a: Torkoal|1
|-crit|p1a: Torkoal
|-resisted|p1b: Garchomp|1
|-damage|p1a: Torkoal|0 fnt
|-damage|p1b: Garchomp|43/100
|faint|p1a: Torkoal
|move|p1b: Garchomp|Rock Slide|p2b: Delphox|[miss]
|-miss|p1b: Garchomp|p2b: Delphox
|
|-weather|SunnyDay|[upkeep]
|upkeep
|turn|14
|c|☆viatles|welp
|
|t:|1784397538
|move|p2b: Delphox|Psyshock|p1b: Garchomp
|-damage|p1b: Garchomp|9/100
|move|p1b: Garchomp|Rock Slide|p2b: Delphox
|-supereffective|p2b: Delphox|1
|-damage|p2b: Delphox|0 fnt
|faint|p2b: Delphox
|
|win|viatles
|raw|viatles's rating: 1132 → 1154(+22 for winning)
|raw|GymGlofer's rating: 1093 → 1072(-21 for losing)
|l|☆GymGlofer
|player|p2|
|c|☆viatles|ggs wp
