|j|☆SuprEpcGuy
|j|☆elpurole
|html|SuprEpcGuyelpurole    
|uhtml|bestof|Game 3 of a best-of-3
|t:|1784047629
|gametype|doubles
|player|p1|SuprEpcGuy|shauntal|1207
|player|p2|elpurole|koga|1102
|gen|9
|tier|[Gen 9 Champions] VGC 2026 Reg M-B (Bo3)
|rated|
|rule|Species Clause: Limit one of each Pokémon
|rule|Item Clause: Limit 1 of each item
|clearpoke
|poke|p1|Zoroark-Hisui, L50, F|
|poke|p1|Aerodactyl, L50, M|
|poke|p1|Kingambit, L50, F, shiny|
|poke|p1|Basculegion, L50, M|
|poke|p1|Incineroar, L50, M|
|poke|p1|Sylveon, L50, F|
|poke|p2|Gengar, L50, M|
|poke|p2|Incineroar, L50, M|
|poke|p2|Sylveon, L50, F|
|poke|p2|Sneasler, L50, M|
|poke|p2|Swampert, L50, F|
|poke|p2|Politoed, L50, M|
|teampreview|4
|showteam|p1|Zoroark-Hisui||FocusSash|Illusion|ShadowBall,WillOWisp,Taunt,Protect|Timid||F|||50|]Aerodactyl||Aerodactylite|RockHead|RockSlide,IceFang,DualWingbeat,Tailwind|Jolly||M|||50|]Kingambit||ChopleBerry|Defiant|SuckerPunch,KowtowCleave,LowKick,Protect|Adamant||F|||50|]Basculegion||MysticWater|Adaptability|AquaJet,Liquidation,LastRespects,Protect|Adamant||M|||50|]Incineroar||SitrusBerry|Intimidate|FlareBlitz,ThroatChop,PartingShot,FakeOut|Careful||M|||50|]Sylveon||FairyFeather|Pixilate|HyperVoice,QuickAttack,HyperBeam,Protect|Modest||F|||50|
|showteam|p2|Gengar||Gengarite|CursedBody|PerishSong,ShadowBall,Protect,SludgeWave|Timid||M|||50|]Incineroar||ChopleBerry|Intimidate|FakeOut,DarkestLariat,PartingShot,Protect|Calm||M|||50|]Sylveon||LifeOrb|Pixilate|QuickAttack,HyperBeam,HyperVoice,Protect|Modest||F|||50|]Sneasler||WhiteHerb|Unburden|FakeOut,CloseCombat,DireClaw,Protect|Jolly||M|||50|]Swampert||Swampertite|Torrent|WaveCrash,HighHorsepower,KnockOff,Protect|Adamant||F|||50|]Politoed||SitrusBerry|Drizzle|PerishSong,WeatherBall,IceBeam,Protect|Modest||M|||50|
|inactive|Battle timer is ON: inactive players will automatically lose when time's up. (requested by SuprEpcGuy)
|
|t:|1784047647
|teamsize|p1|4
|teamsize|p2|4
|start
|switch|p1a: Big Purr|Incineroar, L50, M|100/100
|switch|p1b: Freight|Aerodactyl, L50, M|100/100
|switch|p2a: Swampert|Swampert, L50, F|100/100
|switch|p2b: Politoed|Politoed, L50, M|100/100
|-weather|RainDance|[from] ability: Drizzle|[of] p2b: Politoed
|-ability|p1a: Big Purr|Intimidate|boost
|-unboost|p2a: Swampert|atk|1
|-unboost|p2b: Politoed|atk|1
|turn|1
|
|t:|1784047666
|switch|p2a: Incineroar|Incineroar, L50, M|100/100
|-ability|p2a: Incineroar|Intimidate|boost
|-unboost|p1a: Big Purr|atk|1
|-unboost|p1b: Freight|atk|1
|move|p2b: Politoed|Protect|p2b: Politoed
|-singleturn|p2b: Politoed|Protect
|move|p1a: Big Purr|Fake Out|p2a: Incineroar
|-damage|p2a: Incineroar|93/100
|move|p1b: Freight|Will-O-Wisp|p2a: Incineroar
|-immune|p2a: Incineroar
|
|-weather|RainDance|[upkeep]
|upkeep
|turn|2
|inactive|SuprEpcGuy has 30 seconds left.
|
|t:|1784047691
|switch|p1a: Reverence|Basculegion, L50, M|100/100
|move|p2a: Incineroar|Fake Out|p1b: Freight
|-immune|p1b: Freight
|move|p1b: Freight|Taunt|p2a: Incineroar
|-start|p2a: Incineroar|move: Taunt
|move|p2b: Politoed|Weather Ball|p1a: Reverence
|-resisted|p1a: Reverence|1
|-damage|p1a: Reverence|65/100
|
|-weather|RainDance|[upkeep]
|upkeep
|turn|3
|inactive|SuprEpcGuy has 30 seconds left.
|inactive|elpurole has 30 seconds left.
|
|t:|1784047722
|switch|p2a: Sneasler|Sneasler, L50, M|100/100
|move|p1b: Freight|Shadow Ball|p2b: Politoed
|-damage|p2b: Politoed|59/100
|-unboost|p2b: Politoed|spd|1
|move|p1a: Reverence|Liquidation|p2b: Politoed
|-resisted|p2b: Politoed|1
|-damage|p2b: Politoed|0 fnt
|faint|p2b: Politoed
|
|-weather|RainDance|[upkeep]
|upkeep
|
|t:|1784047734
|switch|p2b: Swampert|Swampert, L50, F|100/100
|turn|4
|
|t:|1784047747
|detailschange|p2b: Swampert|Swampert-Mega, L50, F
|-mega|p2b: Swampert|Swampert|Swampertite
|move|p1a: Reverence|Protect|p1a: Reverence
|-singleturn|p1a: Reverence|Protect
|move|p2b: Swampert|Wave Crash|p1b: Freight
|-enditem|p1b: Freight|Focus Sash
|-damage|p1b: Freight|1/100
|replace|p1b: Boo|Zoroark-Hisui, L50, F
|-end|p1b: Boo|Illusion
|-damage|p2b: Swampert|75/100|[from] Recoil
|move|p2a: Sneasler|Dire Claw|p1a: Reverence
|-activate|p1a: Reverence|move: Protect
|move|p1b: Boo|Will-O-Wisp|p2b: Swampert
|-status|p2b: Swampert|brn
|
|-weather|RainDance|[upkeep]
|-damage|p2b: Swampert|69/100 brn|[from] brn
|upkeep
|turn|5
|
|t:|1784047771
|switch|p1a: Big Purr|Incineroar, L50, M|100/100
|-ability|p1a: Big Purr|Intimidate|boost
|-unboost|p2a: Sneasler|atk|1
|-unboost|p2b: Swampert|atk|1
|-enditem|p2a: Sneasler|White Herb
|-clearnegativeboost|p2a: Sneasler|[silent]
|move|p1b: Boo|Protect|p1b: Boo
|-singleturn|p1b: Boo|Protect
|move|p2a: Sneasler|Dire Claw|p1b: Boo
|-activate|p1b: Boo|move: Protect
|move|p2b: Swampert|Knock Off|p1a: Big Purr
|-resisted|p1a: Big Purr|1
|-damage|p1a: Big Purr|95/100
|-enditem|p1a: Big Purr|Sitrus Berry|[from] move: Knock Off|[of] p2b: Swampert
|
|-weather|none
|-damage|p2b: Swampert|63/100 brn|[from] brn
|upkeep
|turn|6
|inactive|SuprEpcGuy has 30 seconds left.
|inactive|SuprEpcGuy has 20 seconds left.
|inactive|SuprEpcGuy has 15 seconds left.
|
|t:|1784047813
|move|p1a: Big Purr|Fake Out|p2a: Sneasler
|-damage|p2a: Sneasler|80/100
|cant|p2a: Sneasler|flinch
|move|p1b: Boo|Will-O-Wisp|p2a: Sneasler
|-status|p2a: Sneasler|brn
|move|p2b: Swampert|Knock Off|p1b: Boo
|-supereffective|p1b: Boo|1
|-damage|p1b: Boo|0 fnt
|faint|p1b: Boo
|
|-damage|p2a: Sneasler|74/100 brn|[from] brn
|-damage|p2b: Swampert|57/100 brn|[from] brn
|upkeep
|inactive|SuprEpcGuy has 30 seconds left.
|
|t:|1784047845
|switch|p1b: Reverence|Basculegion, L50, M|65/100
|turn|7
|
|t:|1784047870
|move|p2a: Sneasler|Close Combat|p1a: Big Purr
|-supereffective|p1a: Big Purr|1
|-damage|p1a: Big Purr|41/100
|-unboost|p2a: Sneasler|def|1
|-unboost|p2a: Sneasler|spd|1
|move|p2b: Swampert|Wave Crash|p1a: Big Purr
|-supereffective|p1a: Big Purr|1
|-damage|p1a: Big Purr|1/100
|-damage|p2b: Swampert|41/100 brn|[from] Recoil
|move|p1b: Reverence|Liquidation|p2a: Sneasler
|-damage|p2a: Sneasler|0 fnt
|faint|p2a: Sneasler
|move|p1a: Big Purr|Parting Shot|p2b: Swampert
|-unboost|p2b: Swampert|atk|1
|-unboost|p2b: Swampert|spa|1
|
|t:|1784047882
|switch|p1a: Freight|Aerodactyl, L50, M|100/100|[from] Parting Shot
|
|-damage|p2b: Swampert|35/100 brn|[from] brn
|upkeep
|
|t:|1784047890
|switch|p2a: Incineroar|Incineroar, L50, M|93/100
|-ability|p2a: Incineroar|Intimidate|boost
|-unboost|p1a: Freight|atk|1
|-unboost|p1b: Reverence|atk|1
|turn|8
|inactive|elpurole has 30 seconds left.
|inactive|elpurole has 20 seconds left.
|inactive|elpurole has 15 seconds left.
|inactive|elpurole has 10 seconds left.
|inactive|elpurole has 5 seconds left.
|
|t:|1784047945
|switch|p1a: Big Purr|Incineroar, L50, M|1/100
|-ability|p1a: Big Purr|Intimidate|boost
|-unboost|p2a: Incineroar|atk|1
|-unboost|p2b: Swampert|atk|1
|move|p2a: Incineroar|Fake Out|p1b: Reverence
|-immune|p1b: Reverence
|move|p2b: Swampert|Wave Crash|p1b: Reverence
|-resisted|p1b: Reverence|1
|-damage|p1b: Reverence|56/100
|-damage|p2b: Swampert|31/100 brn|[from] Recoil
|move|p1b: Reverence|Liquidation|p2a: Incineroar
|-supereffective|p2a: Incineroar|1
|-damage|p2a: Incineroar|16/100
|
|-damage|p2b: Swampert|25/100 brn|[from] brn
|upkeep
|turn|9
|inactive|elpurole has 30 seconds left.
|inactive|elpurole has 20 seconds left.
|inactive|elpurole has 15 seconds left.
|inactive|elpurole has 10 seconds left.
|inactive|elpurole has 5 seconds left.
|
|t:|1784048000
|move|p2b: Swampert|Wave Crash|p1b: Reverence
|-resisted|p1b: Reverence|1
|-damage|p1b: Reverence|48/100
|-damage|p2b: Swampert|22/100 brn|[from] Recoil
|move|p1b: Reverence|Liquidation|p2a: Incineroar
|-supereffective|p2a: Incineroar|1
|-damage|p2a: Incineroar|0 fnt
|faint|p2a: Incineroar
|move|p1a: Big Purr|Throat Chop|p2b: Swampert
|-damage|p2b: Swampert|0 fnt
|faint|p2b: Swampert
|
|win|SuprEpcGuy
|raw|SuprEpcGuy's rating: 1222 → 1239(+17 for winning)
|raw|elpurole's rating: 1102 → 1085(-17 for losing)
