|j|☆heatvw
|j|☆zephis215
|html|heatvwzephis215    
|uhtml|bestof|Game 1 of a best-of-3
|t:|1756956731
|gametype|doubles
|player|p1|heatvw|gambler|1167
|player|p2|zephis215|102|1154
|gen|9
|tier|[Gen 9] VGC 2025 Reg H (Bo3)
|rated|
|rule|Species Clause: Limit one of each Pokémon
|rule|Item Clause: Limit 1 of each item
|clearpoke
|poke|p1|Flamigo, L50, M|
|poke|p1|Ninetales-Alola, L50, M|
|poke|p1|Garchomp, L50, M|
|poke|p1|Incineroar, L50, M|
|poke|p1|Amoonguss, L50, M|
|poke|p1|Kingambit, L50, F|
|poke|p2|Mamoswine, L50, M|
|poke|p2|Rillaboom, L50, F|
|poke|p2|Volcarona, L50, M|
|poke|p2|Sneasler, L50, M|
|poke|p2|Clefable, L50, F|
|poke|p2|Arcanine-Hisui, L50, M|
|teampreview|4
|showteam|p1|Flamigo||ChoiceBand|Scrappy|Uturn,CloseCombat,BraveBird,Facade|||M|||50|,,,,,Stellar]Ninetales-Alola||FocusSash|SnowWarning|Protect,Encore,IcyWind,Blizzard|||M|||50|,,,,,Ghost]Garchomp||LifeOrb|RoughSkin|DragonClaw,StompingTantrum,Earthquake,Protect|||M|||50|,,,,,Ground]Incineroar||SafetyGoggles|Intimidate|FakeOut,FlareBlitz,KnockOff,PartingShot|||M|||50|,,,,,Ghost]Amoonguss||SitrusBerry|Regenerator|Spore,RagePowder,PollenPuff,Protect|||M|||50|,,,,,Water]Kingambit||AssaultVest|Defiant|KowtowCleave,IronHead,LowKick,SuckerPunch|||F|||50|,,,,,Fire
|showteam|p2|Mamoswine||LifeOrb|Oblivious|IceShard,IcicleCrash,HighHorsepower,Protect|||M|||50|,,,,,Dragon]Rillaboom||AssaultVest|GrassySurge|FakeOut,GrassyGlide,WoodHammer,Uturn|||F|||50|,,,,,Fire]Volcarona||CovertCloak|FlameBody|HeatWave,GigaDrain,QuiverDance,Protect|||M|||50|,,,,,Dragon]Sneasler||GrassySeed|Unburden|Acrobatics,CloseCombat,DireClaw,Protect|||M|||50|,,,,,Flying]Clefable||SafetyGoggles|Unaware|Moonblast,FollowMe,Encore,LifeDew|||F|||50|,,,,,Water]Arcanine-Hisui||ChoiceBand|Intimidate|RockSlide,FlareBlitz,ExtremeSpeed,TeraBlast|||M|||50|,,,,,Fairy
|inactive|Battle timer is ON: inactive players will automatically lose when time's up. (requested by heatvw)
|inactive|zephis215 has 60 seconds left.
|
|t:|1756956780
|teamsize|p1|4
|teamsize|p2|4
|start
|switch|p1a: Incineroar|Incineroar, L50, M, shiny|100/100
|switch|p1b: Flamigo|Flamigo, L50, M, shiny|100/100
|switch|p2a: Volcarona|Volcarona, L50, M|100/100
|switch|p2b: Rillaboom|Rillaboom, L50, F|100/100
|-fieldstart|move: Grassy Terrain|[from] ability: Grassy Surge|[of] p2b: Rillaboom
|-ability|p1a: Incineroar|Intimidate|boost
|-unboost|p2a: Volcarona|atk|1
|-unboost|p2b: Rillaboom|atk|1
|turn|1
|inactive|heatvw has 30 seconds left.
|inactive|heatvw has 20 seconds left.
|inactive|heatvw has 15 seconds left.
|inactive|heatvw has 10 seconds left.
|
|t:|1756956825
|move|p2b: Rillaboom|Fake Out|p1b: Flamigo
|-damage|p1b: Flamigo|88/100
|move|p1a: Incineroar|Fake Out|p2b: Rillaboom
|-damage|p2b: Rillaboom|90/100
|cant|p1b: Flamigo|flinch
|move|p2a: Volcarona|Quiver Dance|p2a: Volcarona
|-boost|p2a: Volcarona|spa|1
|-boost|p2a: Volcarona|spd|1
|-boost|p2a: Volcarona|spe|1
|
|-heal|p2b: Rillaboom|95/100|[from] Grassy Terrain
|upkeep
|turn|2
|
|t:|1756956841
|move|p2a: Volcarona|Heat Wave|p1b: Flamigo|[spread] p1a,p1b
|-resisted|p1a: Incineroar
|-damage|p1a: Incineroar|71/100
|-damage|p1b: Flamigo|0 fnt
|faint|p1b: Flamigo
|move|p2b: Rillaboom|U-turn|p1a: Incineroar
|-damage|p1a: Incineroar|56/100
|
|t:|1756956844
|switch|p2b: Arcanine|Arcanine-Hisui, L50, M|100/100|[from] U-turn
|-ability|p2b: Arcanine|Intimidate|boost
|-unboost|p1a: Incineroar|atk|1
|move|p1a: Incineroar|Parting Shot|p2b: Arcanine
|-unboost|p2b: Arcanine|atk|1
|-unboost|p2b: Arcanine|spa|1
|
|t:|1756956852
|switch|p1a: Garchomp|Garchomp, L50, M, shiny|100/100|[from] Parting Shot
|
|upkeep
|
|t:|1756956854
|switch|p1b: Incineroar|Incineroar, L50, M, shiny|56/100
|-ability|p1b: Incineroar|Intimidate|boost
|-unboost|p2a: Volcarona|atk|1
|-unboost|p2b: Arcanine|atk|1
|turn|3
|
|t:|1756956878
|switch|p2b: Rillaboom|Rillaboom, L50, F|95/100
|-terastallize|p1a: Garchomp|Ground
|move|p2a: Volcarona|Protect|p2a: Volcarona
|-singleturn|p2a: Volcarona|Protect
|move|p1a: Garchomp|Dragon Claw|p2a: Volcarona
|-activate|p2a: Volcarona|move: Protect
|move|p1b: Incineroar|Knock Off|p2a: Volcarona
|-activate|p2a: Volcarona|move: Protect
|
|-heal|p2b: Rillaboom|100/100|[from] Grassy Terrain
|-heal|p1b: Incineroar|62/100|[from] Grassy Terrain
|upkeep
|turn|4
|
|t:|1756956889
|move|p1a: Garchomp|Protect|p1a: Garchomp
|-singleturn|p1a: Garchomp|Protect
|move|p2b: Rillaboom|Fake Out|p1b: Incineroar
|-damage|p1b: Incineroar|48/100
|move|p2a: Volcarona|Giga Drain|p1a: Garchomp
|-activate|p1a: Garchomp|move: Protect
|cant|p1b: Incineroar|flinch
|
|-heal|p1b: Incineroar|54/100|[from] Grassy Terrain
|upkeep
|turn|5
|
|t:|1756956905
|move|p2a: Volcarona|Giga Drain|p1a: Garchomp
|-supereffective|p1a: Garchomp
|-damage|p1a: Garchomp|0 fnt
|faint|p1a: Garchomp
|move|p2b: Rillaboom|U-turn|p1b: Incineroar
|-damage|p1b: Incineroar|31/100
|
|t:|1756956908
|switch|p2b: Arcanine|Arcanine-Hisui, L50, M|100/100|[from] U-turn
|-ability|p2b: Arcanine|Intimidate|boost
|-unboost|p1b: Incineroar|atk|1
|move|p1b: Incineroar|Knock Off|p2b: Arcanine
|-damage|p2b: Arcanine|64/100
|-enditem|p2b: Arcanine|Choice Band|[from] move: Knock Off|[of] p1b: Incineroar
|
|-heal|p2b: Arcanine|70/100|[from] Grassy Terrain
|-heal|p1b: Incineroar|37/100|[from] Grassy Terrain
|-fieldend|move: Grassy Terrain
|upkeep
|
|t:|1756956911
|switch|p1a: Ninetales|Ninetales-Alola, L50, M|100/100
|-weather|Snowscape|[from] ability: Snow Warning|[of] p1a: Ninetales
|turn|6
|
|t:|1756956917
|move|p2b: Arcanine|Extreme Speed|p1a: Ninetales
|-damage|p1a: Ninetales|74/100
|move|p2a: Volcarona|Heat Wave|p1b: Incineroar|[spread] p1b
|-miss|p2a: Volcarona|p1a: Ninetales
|-resisted|p1b: Incineroar
|-damage|p1b: Incineroar|7/100
|move|p1a: Ninetales|Blizzard|p2b: Arcanine|[spread] p2a,p2b
|-resisted|p2a: Volcarona
|-resisted|p2b: Arcanine
|-damage|p2a: Volcarona|89/100
|-damage|p2b: Arcanine|51/100
|move|p1b: Incineroar|Knock Off|p2a: Volcarona
|-damage|p2a: Volcarona|47/100
|-enditem|p2a: Volcarona|Covert Cloak|[from] move: Knock Off|[of] p1b: Incineroar
|
|-weather|Snowscape|[upkeep]
|upkeep
|turn|7
|
|t:|1756956933
|move|p2b: Arcanine|Extreme Speed|p1b: Incineroar
|-damage|p1b: Incineroar|0 fnt
|faint|p1b: Incineroar
|move|p2a: Volcarona|Heat Wave|p1a: Ninetales
|-supereffective|p1a: Ninetales
|-damage|p1a: Ninetales|0 fnt
|faint|p1a: Ninetales
|
|win|zephis215
||heatvw is ready for game 2.
||zephis215 is ready for game 2.
|uhtml|next|Next: Game 2 of 3
