|j|☆CALAMELLA
|j|☆SakuHeralex
|html|CALAMELLASakuHeralex    
|uhtml|bestof|Game 1 of a best-of-3
|t:|1783142266
|gametype|doubles
|player|p1|CALAMELLA|hiker-gen4|1134
|player|p2|SakuHeralex|2|1000
|gen|9
|tier|[Gen 9 Champions] VGC 2026 Reg M-B (Bo3)
|rated|
|rule|Species Clause: Limit one of each Pokémon
|rule|Item Clause: Limit 1 of each item
|clearpoke
|poke|p1|Gholdengo, L50|
|poke|p1|Incineroar, L50, F|
|poke|p1|Basculegion, L50, M|
|poke|p1|Garchomp, L50, M|
|poke|p1|Charizard, L50, F|
|poke|p1|Whimsicott, L50, F|
|poke|p2|Dragonite, L50, F|
|poke|p2|Sableye, L50, M|
|poke|p2|Palafin, L50, M|
|poke|p2|Roserade, L50, F|
|poke|p2|Incineroar, L50, M|
|poke|p2|Dragapult, L50, F|
|teampreview|4
|showteam|p1|Gholdengo||MetalCoat|GoodasGold|MakeItRain,ShadowBall,NastyPlot,Protect|Modest|||||50|]Incineroar||SitrusBerry|Intimidate|FlareBlitz,ThroatChop,FakeOut,PartingShot|Impish||F|||50|]Basculegion||MysticWater|Adaptability|WaveCrash,LastRespects,AquaJet,Protect|Adamant||M|||50|]Garchomp||LifeOrb|RoughSkin|DragonClaw,Earthquake,RockSlide,Protect|Jolly||M|||50|]Charizard||CharizarditeY|Blaze|HeatWave,SolarBeam,WeatherBall,Protect|Modest||F|||50|]Whimsicott||FocusSash|Prankster|Moonblast,Tailwind,Encore,Protect|Timid||F|||50|
|showteam|p2|Dragonite||Dragoninite|InnerFocus|Blizzard,FocusBlast,DracoMeteor,Tailwind|Modest||F|||50|]Sableye||Leftovers|Prankster|Gravity,SkillSwap,Recover,ShadowSneak|Careful||M|||50|]Palafin||LifeOrb|ZerotoHero|WaveCrash,CloseCombat,IcePunch,FlipTurn|Adamant||M|||50|]Roserade||WiseGlasses|NaturalCure|SludgeBomb,DazzlingGleam,ShadowBall,LeechSeed|Modest||F|||50|]Incineroar||SitrusBerry|Intimidate|FakeOut,PartingShot,FlareBlitz,DarkestLariat|Careful||M|||50|]Dragapult||FocusSash|ClearBody|PhantomForce,PsychicFangs,DragonDarts,Protect|Adamant||F|||50|
|inactive|Battle timer is ON: inactive players will automatically lose when time's up. (requested by SakuHeralex)
|inactive|CALAMELLA has 60 seconds left.
|inactive|CALAMELLA has 30 seconds left.
|
|t:|1783142335
|teamsize|p1|4
|teamsize|p2|4
|start
|switch|p1a: Gholdengo|Gholdengo, L50|100/100
|switch|p1b: Whimsicott|Whimsicott, L50, F|100/100
|switch|p2a: Palafin|Palafin, L50, M|100/100
|switch|p2b: Dragonite|Dragonite, L50, F|100/100
|turn|1
|
|t:|1783142360
|detailschange|p2b: Dragonite|Dragonite-Mega, L50, F
|-mega|p2b: Dragonite|Dragonite|Dragoninite
|move|p1b: Whimsicott|Tailwind|p1b: Whimsicott
|-sidestart|p1: CALAMELLA|move: Tailwind
|move|p1a: Gholdengo|Nasty Plot|p1a: Gholdengo
|-boost|p1a: Gholdengo|spa|2
|move|p2b: Dragonite|Tailwind|p2b: Dragonite
|-sidestart|p2: SakuHeralex|move: Tailwind
|move|p2a: Palafin|Flip Turn|p1b: Whimsicott
|-resisted|p1b: Whimsicott|1
|-damage|p1b: Whimsicott|78/100
|-damage|p2a: Palafin|90/100|[from] item: Life Orb
|
|t:|1783142374
|detailschange|p2a: Palafin|Palafin-Hero, L50, M
|switch|p2a: Sableye|Sableye, L50, M|100/100|[from] Flip Turn
|
|upkeep
|turn|2
|
|t:|1783142395
|move|p1b: Whimsicott|Encore|p2b: Dragonite
|-start|p2b: Dragonite|Encore
|move|p2a: Sableye|Gravity|p2a: Sableye
|-fieldstart|move: Gravity
|move|p1a: Gholdengo|Nasty Plot|p1a: Gholdengo
|-boost|p1a: Gholdengo|spa|2
|move|p2b: Dragonite|Tailwind||[still]
|-fail|p2b: Dragonite
|
|upkeep
|turn|3
|
|t:|1783142408
|switch|p2b: Incineroar|Incineroar, L50, M|100/100
|-ability|p2b: Incineroar|Intimidate|boost
|-unboost|p1a: Gholdengo|atk|1
|-unboost|p1b: Whimsicott|atk|1
|move|p2a: Sableye|Shadow Sneak|p1a: Gholdengo
|-supereffective|p1a: Gholdengo|1
|-damage|p1a: Gholdengo|75/100
|move|p1b: Whimsicott|Moonblast|p2b: Incineroar
|-damage|p2b: Incineroar|73/100
|move|p1a: Gholdengo|Make It Rain|p2a: Sableye|[spread] p2a,p2b
|-resisted|p2b: Incineroar|1
|-damage|p2a: Sableye|0 fnt
|-damage|p2b: Incineroar|9/100
|-unboost|p1a: Gholdengo|spa|2
|-enditem|p2b: Incineroar|Sitrus Berry|[eat]
|-heal|p2b: Incineroar|34/100|[from] item: Sitrus Berry
|faint|p2a: Sableye
|
|upkeep
|
|t:|1783142425
|switch|p2a: Dragonite|Dragonite-Mega, L50, F|100/100
|turn|4
|
|t:|1783142438
|move|p1b: Whimsicott|Protect|p1b: Whimsicott
|-singleturn|p1b: Whimsicott|Protect
|move|p1a: Gholdengo|Protect|p1a: Gholdengo
|-singleturn|p1a: Gholdengo|Protect
|move|p2a: Dragonite|Blizzard|p1a: Gholdengo|[spread] 
|-activate|p1a: Gholdengo|move: Protect
|-activate|p1b: Whimsicott|move: Protect
|move|p2b: Incineroar|Darkest Lariat|p1a: Gholdengo
|-activate|p1a: Gholdengo|move: Protect
|
|-sideend|p1: CALAMELLA|move: Tailwind
|-sideend|p2: SakuHeralex|move: Tailwind
|upkeep
|turn|5
|
|t:|1783142451
|move|p1b: Whimsicott|Tailwind|p1b: Whimsicott
|-sidestart|p1: CALAMELLA|move: Tailwind
|move|p1a: Gholdengo|Make It Rain|p2a: Dragonite|[spread] p2a,p2b
|-resisted|p2b: Incineroar|1
|-damage|p2a: Dragonite|56/100
|-damage|p2b: Incineroar|0 fnt
|-unboost|p1a: Gholdengo|spa|2
|faint|p2b: Incineroar
|move|p2a: Dragonite|Blizzard|p1a: Gholdengo|[spread] p1a,p1b
|-resisted|p1a: Gholdengo|1
|-supereffective|p1b: Whimsicott|1
|-damage|p1a: Gholdengo|55/100
|-damage|p1b: Whimsicott|0 fnt
|-status|p1a: Gholdengo|frz
|faint|p1b: Whimsicott
|
|upkeep
|
|t:|1783142466
|switch|p1b: Garchomp|Garchomp, L50, M|100/100
|switch|p2b: Palafin|Palafin-Hero, L50, M|90/100
|-activate|p2b: Palafin|ability: Zero to Hero
|turn|6
|
|t:|1783142481
|move|p1b: Garchomp|Dragon Claw|p2a: Dragonite
|-supereffective|p2a: Dragonite|1
|-damage|p2a: Dragonite|0 fnt
|faint|p2a: Dragonite
|-damage|p1b: Garchomp|90/100|[from] item: Life Orb
|cant|p1a: Gholdengo|frz
|move|p2b: Palafin|Wave Crash|p1a: Gholdengo
|-damage|p1a: Gholdengo|0 fnt
|faint|p1a: Gholdengo
|-damage|p2b: Palafin|74/100|[from] Recoil
|-damage|p2b: Palafin|65/100|[from] item: Life Orb
|
|-fieldend|move: Gravity
|upkeep
|
|t:|1783142490
|switch|p1a: Charizard|Charizard, L50, F|100/100
|turn|7
|
|t:|1783142494
|detailschange|p1a: Charizard|Charizard-Mega-Y, L50, F
|-mega|p1a: Charizard|Charizard|Charizardite Y
|-weather|SunnyDay|[from] ability: Drought|[of] p1a: Charizard
|move|p1b: Garchomp|Dragon Claw|p2b: Palafin
|-damage|p2b: Palafin|19/100
|-damage|p1b: Garchomp|80/100|[from] item: Life Orb
|move|p1a: Charizard|Solar Beam||[still]
|-prepare|p1a: Charizard|Solar Beam
|-anim|p1a: Charizard|Solar Beam|p2b: Palafin
|-supereffective|p2b: Palafin|1
|-damage|p2b: Palafin|0 fnt
|faint|p2b: Palafin
|
|win|CALAMELLA
||CALAMELLA is ready for game 2.
|l|☆SakuHeralex
|player|p2|
|inactive|SakuHeralex has 30 seconds to confirm battle start!
||SakuHeralex is ready for game 2.
|uhtml|next|Next: Game 2 of 3
