|j|☆Cosentino
|j|☆raimolol
|html|Cosentinoraimolol    
|uhtml|bestof|Game 2 of a best-of-3
|t:|1757912398
|gametype|doubles
|player|p1|Cosentino|clown|1128
|player|p2|raimolol|169|1007
|gen|9
|tier|[Gen 9] VGC 2025 Reg H (Bo3)
|rated|
|rule|Species Clause: Limit one of each Pokémon
|rule|Item Clause: Limit 1 of each item
|clearpoke
|poke|p1|Frosmoth, L50, M|
|poke|p1|Ninetales-Alola, L50, M|
|poke|p1|Incineroar, L50, M|
|poke|p1|Comfey, L50, F|
|poke|p1|Rillaboom, L50, M|
|poke|p1|Dragonite, L50, F|
|poke|p2|Incineroar, L50, M|
|poke|p2|Amoonguss, L50, M|
|poke|p2|Pelipper, L50, M|
|poke|p2|Basculegion-F, L50, F|
|poke|p2|Porygon2, L50|
|poke|p2|Ursaluna, L50, M|
|teampreview|4
|showteam|p1|Frosmoth||Leftovers|IceScales|IceBeam,TeraBlast,Protect,QuiverDance|||M|||50|,,,,,Water]Ninetales-Alola||LightClay|SnowWarning|DazzlingGleam,FreezeDry,AuroraVeil,Protect|||M|||50|,,,,,Ghost]Incineroar||SafetyGoggles|Intimidate|FakeOut,PartingShot,KnockOff,FlareBlitz|||M|||50|,,,,,Fairy]Comfey||SitrusBerry|Triage|FloralHealing,Protect,DrainingKiss,Tailwind|||F|||50|,,,,,Grass]Rillaboom||MiracleSeed|GrassySurge|GrassyGlide,FakeOut,WoodHammer,Taunt|||M|||50|,,,,,Fire]Dragonite||ChoiceBand|InnerFocus|LowKick,IceSpinner,Outrage,ExtremeSpeed|||F|||50|,,,,,Normal
|showteam|p2|Incineroar||SafetyGoggles|Intimidate|FlareBlitz,KnockOff,FakeOut,PartingShot|||M|||50|,,,,,Flying]Amoonguss||AguavBerry|Regenerator|RagePowder,ClearSmog,PollenPuff,Spore|||M|||50|,,,,,Flying]Pelipper||FocusSash|Drizzle|Protect,Tailwind,HelpingHand,Hurricane|||M|||50|,,,,,Water]Basculegion-F||ChoiceSpecs|SwiftSwim|IceBeam,MuddyWater,ShadowBall,TeraBlast|||F|||50|,,,,,Water]Porygon2||Eviolite|Download|Recover,TrickRoom,IceBeam,TeraBlast||||||50|,,,,,Flying]Ursaluna||FlameOrb|Guts|Protect,Facade,Earthquake,CloseCombat|||M|||50|,,,,,Ground
|inactive|Battle timer is ON: inactive players will automatically lose when time's up. (requested by raimolol)
|
|t:|1757912420
|teamsize|p1|4
|teamsize|p2|4
|start
|switch|p1a: Rillaboom|Rillaboom, L50, M|100/100
|switch|p1b: Incineroar|Incineroar, L50, M|100/100
|switch|p2a: Basculegion|Basculegion-F, L50, F, shiny|100/100
|switch|p2b: Incineroar|Incineroar, L50, M, shiny|100/100
|-fieldstart|move: Grassy Terrain|[from] ability: Grassy Surge|[of] p1a: Rillaboom
|-ability|p2b: Incineroar|Intimidate|boost
|-unboost|p1a: Rillaboom|atk|1
|-unboost|p1b: Incineroar|atk|1
|-ability|p1b: Incineroar|Intimidate|boost
|-unboost|p2a: Basculegion|atk|1
|-unboost|p2b: Incineroar|atk|1
|turn|1
|inactive|raimolol has 30 seconds left.
|
|t:|1757912447
|-terastallize|p2a: Basculegion|Water
|move|p2b: Incineroar|Fake Out|p1a: Rillaboom
|-damage|p1a: Rillaboom|93/100
|move|p1b: Incineroar|Fake Out|p2b: Incineroar
|-damage|p2b: Incineroar|94/100
|move|p2a: Basculegion|Muddy Water|p1b: Incineroar|[spread] p1a,p1b
|-resisted|p1a: Rillaboom
|-supereffective|p1b: Incineroar
|-damage|p1a: Rillaboom|60/100
|-damage|p1b: Incineroar|0 fnt
|faint|p1b: Incineroar
|cant|p1a: Rillaboom|flinch
|
|-heal|p1a: Rillaboom|66/100|[from] Grassy Terrain
|-heal|p2b: Incineroar|99/100|[from] Grassy Terrain
|upkeep
|
|t:|1757912456
|switch|p1b: Frosmoth|Frosmoth, L50, M|100/100
|turn|2
|
|t:|1757912472
|move|p1b: Frosmoth|Protect|p1b: Frosmoth
|-singleturn|p1b: Frosmoth|Protect
|move|p2a: Basculegion|Muddy Water|p1b: Frosmoth|[spread] 
|-activate|p1b: Frosmoth|move: Protect
|-miss|p2a: Basculegion|p1a: Rillaboom
|move|p1a: Rillaboom|Wood Hammer|p2a: Basculegion
|-supereffective|p2a: Basculegion
|-damage|p2a: Basculegion|0 fnt
|faint|p2a: Basculegion
|-damage|p1a: Rillaboom|31/100|[from] Recoil
|move|p2b: Incineroar|Flare Blitz|p1a: Rillaboom
|-supereffective|p1a: Rillaboom
|-damage|p1a: Rillaboom|0 fnt
|faint|p1a: Rillaboom
|-damage|p2b: Incineroar|89/100|[from] Recoil
|
|-heal|p2b: Incineroar|95/100|[from] Grassy Terrain
|upkeep
|
|t:|1757912493
|switch|p2a: Amoonguss|Amoonguss, L50, M, shiny|100/100
|switch|p1a: Ninetales|Ninetales-Alola, L50, M|100/100
|-weather|Snowscape|[from] ability: Snow Warning|[of] p1a: Ninetales
|turn|3
|
|t:|1757912517
|-terastallize|p1b: Frosmoth|Water
|move|p2b: Incineroar|Fake Out||[still]
|-hint|Fake Out only works on your first turn out.
|-fail|p2b: Incineroar
|move|p1a: Ninetales|Aurora Veil|p1a: Ninetales
|-sidestart|p1: Cosentino|move: Aurora Veil
|move|p1b: Frosmoth|Tera Blast|p2b: Incineroar|[anim] Tera Blast Water
|-supereffective|p2b: Incineroar
|-damage|p2b: Incineroar|28/100
|move|p2a: Amoonguss|Spore|p1b: Frosmoth
|-status|p1b: Frosmoth|slp|[from] move: Spore
|
|-weather|Snowscape|[upkeep]
|-heal|p2b: Incineroar|34/100|[from] Grassy Terrain
|upkeep
|turn|4
|inactive|raimolol has 30 seconds left.
|
|t:|1757912550
|switch|p2b: Pelipper|Pelipper, L50, M|100/100
|-weather|RainDance|[from] ability: Drizzle|[of] p2b: Pelipper
|move|p1a: Ninetales|Dazzling Gleam|p2a: Amoonguss|[spread] p2a,p2b
|-resisted|p2a: Amoonguss
|-damage|p2a: Amoonguss|92/100
|-damage|p2b: Pelipper|65/100
|cant|p1b: Frosmoth|slp
|move|p2a: Amoonguss|Spore|p1a: Ninetales
|-status|p1a: Ninetales|slp|[from] move: Spore
|
|-weather|RainDance|[upkeep]
|-heal|p2a: Amoonguss|98/100|[from] Grassy Terrain
|upkeep
|turn|5
|
|t:|1757912572
|cant|p1a: Ninetales|slp
|move|p2b: Pelipper|Tailwind|p2b: Pelipper
|-sidestart|p2: raimolol|move: Tailwind
|move|p2a: Amoonguss|Pollen Puff|p2b: Pelipper
|-heal|p2b: Pelipper|100/100
|cant|p1b: Frosmoth|slp
|
|-weather|RainDance|[upkeep]
|-heal|p2a: Amoonguss|100/100|[from] Grassy Terrain
|-fieldend|move: Grassy Terrain
|upkeep
|turn|6
|
|t:|1757912595
|move|p2b: Pelipper|Hurricane|p1b: Frosmoth
|-damage|p1b: Frosmoth|82/100 slp
|cant|p1a: Ninetales|slp
|move|p2a: Amoonguss|Pollen Puff|p1b: Frosmoth
|-damage|p1b: Frosmoth|75/100 slp
|cant|p1b: Frosmoth|slp
|
|-weather|RainDance|[upkeep]
|-heal|p1b: Frosmoth|81/100 slp|[from] item: Leftovers
|upkeep
|turn|7
|
|t:|1757912609
|switch|p2b: Incineroar|Incineroar, L50, M, shiny|34/100
|-ability|p2b: Incineroar|Intimidate|boost
|-unboost|p1a: Ninetales|atk|1
|-unboost|p1b: Frosmoth|atk|1
|cant|p1a: Ninetales|slp
|move|p2a: Amoonguss|Pollen Puff|p2b: Incineroar
|-heal|p2b: Incineroar|84/100
|-curestatus|p1b: Frosmoth|slp|[msg]
|move|p1b: Frosmoth|Ice Beam|p2a: Amoonguss
|-supereffective|p2a: Amoonguss
|-damage|p2a: Amoonguss|26/100
|
|-weather|RainDance|[upkeep]
|-heal|p1b: Frosmoth|87/100|[from] item: Leftovers
|upkeep
|turn|8
|inactive|Cosentino has 30 seconds left.
|
|t:|1757912637
|-curestatus|p1a: Ninetales|slp|[msg]
|move|p1a: Ninetales|Freeze-Dry|p2a: Amoonguss
|-supereffective|p2a: Amoonguss
|-damage|p2a: Amoonguss|0 fnt
|faint|p2a: Amoonguss
|move|p2b: Incineroar|Knock Off|p1a: Ninetales
|-resisted|p1a: Ninetales
|-damage|p1a: Ninetales|81/100
|-enditem|p1a: Ninetales|Light Clay|[from] move: Knock Off|[of] p2b: Incineroar
|move|p1b: Frosmoth|Quiver Dance|p1b: Frosmoth
|-boost|p1b: Frosmoth|spa|1
|-boost|p1b: Frosmoth|spd|1
|-boost|p1b: Frosmoth|spe|1
|
|-weather|none
|-heal|p1b: Frosmoth|92/100|[from] item: Leftovers
|-sideend|p2: raimolol|move: Tailwind
|upkeep
|
|t:|1757912651
|switch|p2a: Pelipper|Pelipper, L50, M|100/100
|-weather|RainDance|[from] ability: Drizzle|[of] p2a: Pelipper
|turn|9
|
|t:|1757912664
|move|p1a: Ninetales|Dazzling Gleam|p2b: Incineroar|[spread] p2a,p2b
|-damage|p2a: Pelipper|64/100
|-damage|p2b: Incineroar|66/100
|move|p1b: Frosmoth|Tera Blast|p2b: Incineroar|[anim] Tera Blast Water
|-supereffective|p2b: Incineroar
|-damage|p2b: Incineroar|0 fnt
|faint|p2b: Incineroar
|move|p2a: Pelipper|Hurricane|p1a: Ninetales
|-damage|p1a: Ninetales|40/100
|
|-weather|RainDance|[upkeep]
|-heal|p1b: Frosmoth|98/100|[from] item: Leftovers
|upkeep
|turn|10
|
|t:|1757912677
|move|p1a: Ninetales|Freeze-Dry|p2a: Pelipper
|-supereffective|p2a: Pelipper
|-damage|p2a: Pelipper|0 fnt
|faint|p2a: Pelipper
|
|win|Cosentino
|raw|Cosentino's rating: 1128 → 1145(+17 for winning)
|raw|raimolol's rating: 1007 → 1000(-7 for losing)
|l|☆raimolol
|player|p2|
|l|☆Cosentino
|player|p1|
