|j|☆zileu
|j|☆StarDoor01
|html|zileuStarDoor01    
|uhtml|bestof|Game 3 of a best-of-3
|t:|1785228635
|gametype|doubles
|player|p1|zileu|cyclist-gen4|1095
|player|p2|StarDoor01|2|1118
|gen|9
|tier|[Gen 9 Champions] VGC 2026 Reg M-B (Bo3)
|rated|
|rule|Species Clause: Limit one of each Pokémon
|rule|Item Clause: Limit 1 of each item
|clearpoke
|poke|p1|Heracross, L50, F|
|poke|p1|Mamoswine, L50, F|
|poke|p1|Gholdengo, L50|
|poke|p1|Milotic, L50, M|
|poke|p1|Farigiraf, L50, F|
|poke|p1|Incineroar, L50, M|
|poke|p2|Scovillain, L50, F|
|poke|p2|Sylveon, L50, M|
|poke|p2|Kingambit, L50, F|
|poke|p2|Lycanroc-Dusk, L50, F|
|poke|p2|Basculegion, L50, M|
|poke|p2|Metagross, L50|
|teampreview|4
|showteam|p1|Heracross||Heracronite|Moxie|PinMissile,RockBlast,CloseCombat,Protect|Brave||F|||50|]Mamoswine||LifeOrb|Oblivious|HighHorsepower,IceShard,IcicleCrash,Protect|Adamant||F|||50|]Gholdengo||FocusSash|GoodasGold|NastyPlot,MakeItRain,ShadowBall,Protect|Timid|||||50|]Milotic||Leftovers|Competitive|Protect,Scald,IceBeam,AlluringVoice|Modest||M|||50|]Farigiraf||ColburBerry|ArmorTail|Protect,TrickRoom,HelpingHand,Psychic|Sassy||F|||50|]Incineroar||SitrusBerry|Intimidate|FakeOut,PartingShot,DarkestLariat,FlareBlitz|Adamant||M|||50|
|showteam|p2|Scovillain||Scovillainite|Moody|GigaDrain,Overheat,RagePowder,Protect|Bold||F|||50|]Sylveon||FairyFeather|Pixilate|HyperVoice,HyperBeam,QuickAttack,Detect|Modest||M|||50|]Kingambit||BlackGlasses|Defiant|KowtowCleave,SuckerPunch,SwordsDance,Protect|Adamant||F|||50|]Lycanroc-Dusk||FocusSash|ToughClaws|CloseCombat,Accelerock,RockSlide,Protect|Adamant||F|||50|]Basculegion||SitrusBerry|Adaptability|WaveCrash,LastRespects,AquaJet,Protect|Adamant||M|||50|]Metagross||Metagrossite|ClearBody|IronHead,PsychicFangs,IcePunch,Protect|Jolly|||||50|
|inactive|Battle timer is ON: inactive players will automatically lose when time's up. (requested by zileu)
|inactive|zileu has 60 seconds left.
|inactive|StarDoor01 has 60 seconds left.
|
|t:|1785228699
|teamsize|p1|4
|teamsize|p2|4
|start
|switch|p1a: Heracross|Heracross, L50, F|100/100
|switch|p1b: Incineroar|Incineroar, L50, M|100/100
|switch|p2a: Sylveon|Sylveon, L50, M|100/100
|switch|p2b: Scovillain|Scovillain, L50, F|100/100
|-ability|p1b: Incineroar|Intimidate|boost
|-unboost|p2a: Sylveon|atk|1
|-unboost|p2b: Scovillain|atk|1
|turn|1
|
|t:|1785228720
|detailschange|p1a: Heracross|Heracross-Mega, L50, F
|-mega|p1a: Heracross|Heracross|Heracronite
|move|p2a: Sylveon|Detect|p2a: Sylveon
|-singleturn|p2a: Sylveon|Protect
|move|p1b: Incineroar|Fake Out|p2b: Scovillain
|-damage|p2b: Scovillain|84/100
|cant|p2b: Scovillain|flinch
|move|p1a: Heracross|Rock Blast|p2a: Sylveon
|-activate|p2a: Sylveon|move: Protect
|
|-ability|p2b: Scovillain|Moody|boost
|-boost|p2b: Scovillain|spd|2
|-unboost|p2b: Scovillain|def|1
|upkeep
|turn|2
|inactive|StarDoor01 has 30 seconds left.
|
|t:|1785228747
|detailschange|p2b: Scovillain|Scovillain-Mega, L50, F
|-mega|p2b: Scovillain|Scovillain|Scovillainite
|move|p1a: Heracross|Protect|p1a: Heracross
|-singleturn|p1a: Heracross|Protect
|move|p2b: Scovillain|Rage Powder|p2b: Scovillain
|-singleturn|p2b: Scovillain|move: Rage Powder
|move|p2a: Sylveon|Hyper Beam|p1a: Heracross
|-activate|p1a: Heracross|move: Protect
|move|p1b: Incineroar|Flare Blitz|p2b: Scovillain
|-damage|p2b: Scovillain|0 fnt
|-immune|p1b: Incineroar
|faint|p2b: Scovillain
|-damage|p1b: Incineroar|76/100|[from] Recoil
|
|upkeep
|
|t:|1785228771
|switch|p2b: Kingambit|Kingambit, L50, F|100/100
|turn|3
|
|t:|1785228779
|switch|p1a: Farigiraf|Farigiraf, L50, F|100/100
|move|p2a: Sylveon|Hyper Beam|p1a: Farigiraf
|-damage|p1a: Farigiraf|38/100
|-mustrecharge|p2a: Sylveon
|move|p1b: Incineroar|Flare Blitz|p2b: Kingambit
|-supereffective|p2b: Kingambit|1
|-damage|p2b: Kingambit|13/100
|-damage|p1b: Incineroar|47/100|[from] Recoil
|-enditem|p1b: Incineroar|Sitrus Berry|[eat]
|-heal|p1b: Incineroar|71/100|[from] item: Sitrus Berry
|move|p2b: Kingambit|Swords Dance|p2b: Kingambit
|-boost|p2b: Kingambit|atk|2
|
|upkeep
|turn|4
|inactive|StarDoor01 has 30 seconds left.
|
|t:|1785228806
|move|p2b: Kingambit|Sucker Punch||[still]
|cant|p1a: Farigiraf|ability: Armor Tail|Sucker Punch|[of] p2b: Kingambit
|cant|p2a: Sylveon|recharge
|move|p1b: Incineroar|Flare Blitz|p2a: Sylveon
|-damage|p2a: Sylveon|25/100
|-damage|p1b: Incineroar|47/100|[from] Recoil
|move|p1a: Farigiraf|Psychic|p2a: Sylveon
|-damage|p2a: Sylveon|1/100
|
|upkeep
|turn|5
|
|t:|1785228829
|move|p2a: Sylveon|Hyper Voice|p1a: Farigiraf|[spread] p1a,p1b
|-damage|p1a: Farigiraf|12/100
|-damage|p1b: Incineroar|6/100
|move|p1b: Incineroar|Flare Blitz|p2b: Kingambit
|-supereffective|p2b: Kingambit|1
|-damage|p2b: Kingambit|0 fnt
|faint|p2b: Kingambit
|-damage|p1b: Incineroar|2/100|[from] Recoil
|move|p1a: Farigiraf|Psychic|p2a: Sylveon
|-damage|p2a: Sylveon|0 fnt
|faint|p2a: Sylveon
|
|upkeep
|
|t:|1785228837
|switch|p2b: Basculegion|Basculegion, L50, M|100/100
|turn|6
|
|t:|1785228857
|move|p2b: Basculegion|Last Respects|p1b: Incineroar
|-resisted|p1b: Incineroar|1
|-damage|p1b: Incineroar|0 fnt
|faint|p1b: Incineroar
|move|p1a: Farigiraf|Trick Room|p1a: Farigiraf
|-fieldstart|move: Trick Room|[of] p1a: Farigiraf
|
|upkeep
|
|t:|1785228861
|switch|p1b: Heracross|Heracross-Mega, L50, F|100/100
|turn|7
|
|t:|1785228867
|move|p1a: Farigiraf|Helping Hand|p1b: Heracross
|-singleturn|p1b: Heracross|Helping Hand|[of] p1a: Farigiraf
|move|p1b: Heracross|Rock Blast|p2b: Basculegion
|-damage|p2b: Basculegion|78/100
|-damage|p2b: Basculegion|55/100
|-damage|p2b: Basculegion|33/100
|-enditem|p2b: Basculegion|Sitrus Berry|[eat]
|-heal|p2b: Basculegion|58/100|[from] item: Sitrus Berry
|-damage|p2b: Basculegion|38/100
|-damage|p2b: Basculegion|16/100
|-hitcount|p2b: Basculegion|5
|move|p2b: Basculegion|Wave Crash|p1a: Farigiraf
|-damage|p1a: Farigiraf|0 fnt
|faint|p1a: Farigiraf
|-damage|p2b: Basculegion|11/100|[from] Recoil
|
|upkeep
|
|t:|1785228880
|switch|p1a: Gholdengo|Gholdengo, L50|100/100
|turn|8
|
|t:|1785228888
|move|p2b: Basculegion|Protect|p2b: Basculegion
|-singleturn|p2b: Basculegion|Protect
|move|p1a: Gholdengo|Protect|p1a: Gholdengo
|-singleturn|p1a: Gholdengo|Protect
|move|p1b: Heracross|Rock Blast|p2b: Basculegion
|-activate|p2b: Basculegion|move: Protect
|
|upkeep
|turn|9
|
|t:|1785228898
|move|p1b: Heracross|Rock Blast|p2b: Basculegion
|-damage|p2b: Basculegion|0 fnt
|faint|p2b: Basculegion
|-hitcount|p2: Basculegion|1
|
|win|zileu
|raw|zileu's rating: 1095 → 1122(+27 for winning)
|raw|StarDoor01's rating: 1118 → 1091(-27 for losing)
