|j|☆raylof
|j|☆Gaspar8
|html|raylofGaspar8    
|uhtml|bestof|Game 2 of a best-of-3
|t:|1757834136
|gametype|doubles
|player|p1|raylof|102|1279
|player|p2|Gaspar8|101|1437
|gen|9
|tier|[Gen 9] VGC 2025 Reg H (Bo3)
|rated|
|rule|Species Clause: Limit one of each Pokémon
|rule|Item Clause: Limit 1 of each item
|clearpoke
|poke|p1|Kilowattrel, L50, M|
|poke|p1|Mamoswine, L50, M|
|poke|p1|Whimsicott, L50, F|
|poke|p1|Dragonite, L50, M|
|poke|p1|Tauros-Paldea-Aqua, L50, M|
|poke|p1|Gholdengo, L50|
|poke|p2|Pelipper, L50, M|
|poke|p2|Archaludon, L50, M|
|poke|p2|Amoonguss, L50, M|
|poke|p2|Incineroar, L50, M|
|poke|p2|Basculegion, L50, M|
|poke|p2|Gholdengo, L50|
|teampreview|4
|showteam|p1|Kilowattrel||ChoiceSpecs|Competitive|Discharge,AirSlash,Thunderbolt,VoltSwitch|||M|||50|,,,,,Ghost]Mamoswine||FocusSash|Oblivious|Earthquake,IceShard,IcicleCrash,Protect|||M|||50|,,,,,Ghost]Whimsicott||CovertCloak|Prankster|Tailwind,Taunt,Moonblast,WorrySeed|||F|||50|,,,,,Dark]Dragonite||LoadedDice|Multiscale|ScaleShot,TeraBlast,Haze,Protect|||M|||50|,,,,,Flying]Tauros-Paldea-Aqua||MirrorHerb|Intimidate|AquaJet,CloseCombat,RagingBull,Protect|||M|||50|,,,,,Ground]Gholdengo||ChoiceScarf|GoodasGold|MakeItRain,ShadowBall,Protect,Trick||||||50|,,,,,Flying
|showteam|p2|Pelipper||FocusSash|Drizzle|Hurricane,WeatherBall,Tailwind,Protect|||M|||50|,,,,,Ghost]Archaludon||AssaultVest|Stamina|ElectroShot,DragonPulse,Snarl,BodyPress|||M|||50|,,,,,Bug]Amoonguss||RockyHelmet|Regenerator|PollenPuff,Spore,RagePowder,Protect|||M|||50|,,,,,Fairy]Incineroar||SitrusBerry|Intimidate|FlareBlitz,KnockOff,FakeOut,PartingShot|||M|||50|,,,,,Ghost]Basculegion||ChoiceBand|SwiftSwim|WaveCrash,LastRespects,FlipTurn,AquaJet|||M|||50|,,,,,Water]Gholdengo||LifeOrb|GoodasGold|MakeItRain,ShadowBall,NastyPlot,Protect||||||50|,,,,,Water
|inactive|Battle timer is ON: inactive players will automatically lose when time's up. (requested by Gaspar8)
|
|t:|1757834175
|teamsize|p1|4
|teamsize|p2|4
|start
|switch|p1a: Whimsicott|Whimsicott, L50, F, shiny|100/100
|switch|p1b: Gholdengo|Gholdengo, L50|100/100
|switch|p2a: Gholdengo|Gholdengo, L50, shiny|100/100
|switch|p2b: Archaludon|Archaludon, L50, M, shiny|100/100
|turn|1
|inactive|raylof has 30 seconds left.
|
|t:|1757834208
|move|p1a: Whimsicott|Tailwind|p1a: Whimsicott
|-sidestart|p1: raylof|move: Tailwind
|move|p1b: Gholdengo|Shadow Ball|p2b: Archaludon
|-damage|p2b: Archaludon|74/100
|-ability|p2b: Archaludon|Stamina|boost
|-boost|p2b: Archaludon|def|1
|move|p2a: Gholdengo|Shadow Ball|p1b: Gholdengo
|-supereffective|p1b: Gholdengo
|-damage|p1b: Gholdengo|0 fnt
|faint|p1b: Gholdengo
|-damage|p2a: Gholdengo|91/100|[from] item: Life Orb
|move|p2b: Archaludon|Snarl|p1a: Whimsicott
|-resisted|p1a: Whimsicott
|-damage|p1a: Whimsicott|92/100
|
|upkeep
|
|t:|1757834222
|switch|p1b: Mamoswine|Mamoswine, L50, M|100/100
|turn|2
|inactive|raylof has 30 seconds left.
|
|t:|1757834250
|switch|p1a: Kilowattrel|Kilowattrel, L50, M|100/100
|switch|p2a: Incineroar|Incineroar, L50, M, shiny|100/100
|-ability|p2a: Incineroar|Intimidate|boost
|-unboost|p1a: Kilowattrel|atk|1
|-ability|p1a: Kilowattrel|Competitive|boost
|-boost|p1a: Kilowattrel|spa|2
|-fail|p1b: Mamoswine|unboost|Attack|[from] ability: Oblivious|[of] p1b: Mamoswine
|move|p1b: Mamoswine|Protect|p1b: Mamoswine
|-singleturn|p1b: Mamoswine|Protect
|move|p2b: Archaludon|Body Press|p1b: Mamoswine
|-activate|p1b: Mamoswine|move: Protect
|
|upkeep
|turn|3
|inactive|raylof has 30 seconds left.
|inactive|Gaspar8 has 30 seconds left.
|inactive|raylof has 20 seconds left.
|inactive|Gaspar8 has 20 seconds left.
|inactive|Gaspar8 has 15 seconds left.
|
|t:|1757834292
|switch|p1b: Whimsicott|Whimsicott, L50, F, shiny|92/100
|-terastallize|p1a: Kilowattrel|Ghost
|-terastallize|p2b: Archaludon|Bug
|move|p1a: Kilowattrel|Discharge|p2a: Incineroar|[spread] p1b,p2a,p2b
|-resisted|p1b: Whimsicott
|-damage|p1b: Whimsicott|48/100
|-damage|p2a: Incineroar|25/100
|-damage|p2b: Archaludon|22/100
|-status|p2a: Incineroar|par
|-ability|p2b: Archaludon|Stamina|boost
|-boost|p2b: Archaludon|def|1
|-enditem|p2a: Incineroar|Sitrus Berry|[eat]
|-heal|p2a: Incineroar|50/100 par|[from] item: Sitrus Berry
|move|p2b: Archaludon|Dragon Pulse|p1a: Kilowattrel
|-damage|p1a: Kilowattrel|38/100
|move|p2a: Incineroar|Flare Blitz|p1a: Kilowattrel
|-damage|p1a: Kilowattrel|0 fnt
|faint|p1a: Kilowattrel
|-damage|p2a: Incineroar|41/100 par|[from] Recoil
|
|upkeep
|
|t:|1757834310
|switch|p1a: Mamoswine|Mamoswine, L50, M|100/100
|turn|4
|
|t:|1757834325
|switch|p2a: Pelipper|Pelipper, L50, M, shiny|100/100
|-weather|RainDance|[from] ability: Drizzle|[of] p2a: Pelipper
|move|p1a: Mamoswine|Earthquake|p2a: Pelipper|[spread] p1b,p2b
|-immune|p2a: Pelipper
|-resisted|p1b: Whimsicott
|-resisted|p2b: Archaludon
|-damage|p1b: Whimsicott|29/100
|-damage|p2b: Archaludon|15/100
|-ability|p2b: Archaludon|Stamina|boost
|-boost|p2b: Archaludon|def|1
|move|p1b: Whimsicott|Moonblast|p2b: Archaludon
|-damage|p2b: Archaludon|0 fnt
|faint|p2b: Archaludon
|
|-weather|RainDance|[upkeep]
|-sideend|p1: raylof|move: Tailwind
|upkeep
|
|t:|1757834341
|switch|p2b: Incineroar|Incineroar, L50, M, shiny|41/100 par
|-ability|p2b: Incineroar|Intimidate|boost
|-fail|p1a: Mamoswine|unboost|Attack|[from] ability: Oblivious|[of] p1a: Mamoswine
|-unboost|p1b: Whimsicott|atk|1
|turn|5
|
|t:|1757834358
|move|p1a: Mamoswine|Protect|p1a: Mamoswine
|-singleturn|p1a: Mamoswine|Protect
|move|p2b: Incineroar|Fake Out|p1a: Mamoswine
|-activate|p1a: Mamoswine|move: Protect
|move|p1b: Whimsicott|Moonblast|p2a: Pelipper
|-damage|p2a: Pelipper|64/100
|-unboost|p2a: Pelipper|spa|1
|move|p2a: Pelipper|Hurricane|p1b: Whimsicott
|-supereffective|p1b: Whimsicott
|-damage|p1b: Whimsicott|0 fnt
|faint|p1b: Whimsicott
|
|-weather|RainDance|[upkeep]
|upkeep
|turn|6
|inactive|raylof has 30 seconds left.
|
|t:|1757834392
|move|p1a: Mamoswine|Icicle Crash|p2a: Pelipper
|-damage|p2a: Pelipper|21/100
|cant|p2a: Pelipper|flinch
|move|p2b: Incineroar|Parting Shot|p1a: Mamoswine
|-unboost|p1a: Mamoswine|atk|1
|-unboost|p1a: Mamoswine|spa|1
|
|t:|1757834400
|switch|p2b: Gholdengo|Gholdengo, L50, shiny|91/100|[from] Parting Shot
|
|-weather|RainDance|[upkeep]
|upkeep
|turn|7
|
|t:|1757834416
|move|p2b: Gholdengo|Protect|p2b: Gholdengo
|-singleturn|p2b: Gholdengo|Protect
|move|p1a: Mamoswine|Earthquake|p2b: Gholdengo|[spread] 
|-activate|p2b: Gholdengo|move: Protect
|-immune|p2a: Pelipper
|move|p2a: Pelipper|Tailwind|p2a: Pelipper
|-sidestart|p2: Gaspar8|move: Tailwind
|
|-weather|RainDance|[upkeep]
|upkeep
|turn|8
|
|t:|1757834427
|move|p1a: Mamoswine|Protect|p1a: Mamoswine
|-singleturn|p1a: Mamoswine|Protect
|move|p2b: Gholdengo|Make It Rain|p1a: Mamoswine
|-activate|p1a: Mamoswine|move: Protect
|move|p2a: Pelipper|Hurricane|p1a: Mamoswine
|-activate|p1a: Mamoswine|move: Protect
|
|-weather|none
|upkeep
|turn|9
|
|t:|1757834447
|move|p2b: Gholdengo|Make It Rain|p1a: Mamoswine
|-supereffective|p1a: Mamoswine
|-crit|p1a: Mamoswine
|-enditem|p1a: Mamoswine|Focus Sash
|-damage|p1a: Mamoswine|1/100
|-unboost|p2b: Gholdengo|spa|1
|-damage|p2b: Gholdengo|81/100|[from] item: Life Orb
|move|p2a: Pelipper|Weather Ball|p1a: Mamoswine
|-damage|p1a: Mamoswine|0 fnt
|faint|p1a: Mamoswine
|
|win|Gaspar8
|inactive|raylof has 30 seconds to confirm battle start!
|inactive|Gaspar8 has 30 seconds to confirm battle start!
|l|☆Gaspar8
|player|p2|
||raylof is ready for game 3.
||Gaspar8 is ready for game 3.
|uhtml|next|Next: Game 3 of 3
|l|☆raylof
|player|p1|
