|j|☆TeyVgc
|j|‽valiantvalerie
|html|TeyVgcvaliantvalerie    
|uhtml|bestof|Game 3 of a best-of-3
|t:|1783313602
|gametype|doubles
|player|p1|TeyVgc|rood|1315
|player|p2|valiantvalerie|gwynn|1352
|gen|9
|tier|[Gen 9 Champions] VGC 2026 Reg M-B (Bo3)
|rated|
|rule|Species Clause: Limit one of each Pokémon
|rule|Item Clause: Limit 1 of each item
|clearpoke
|poke|p1|Sneasler, L50, M|
|poke|p1|Floette-Eternal, L50, F|
|poke|p1|Sinistcha, L50|
|poke|p1|Incineroar, L50, M|
|poke|p1|Kingambit, L50, M|
|poke|p1|Garchomp, L50, M|
|poke|p2|Staraptor, L50, F|
|poke|p2|Incineroar, L50, F|
|poke|p2|Gholdengo, L50|
|poke|p2|Sneasler, L50, F|
|poke|p2|Whimsicott, L50, F|
|poke|p2|Gengar, L50, F|
|teampreview|4
|showteam|p1|Sneasler||WhiteHerb|Unburden|CloseCombat,GunkShot,Coaching,FakeOut|Jolly||M|||50|]Floette-Eternal||Floettite|FlowerVeil|CalmMind,Protect,Moonblast,DazzlingGleam|Modest||F|||50|]Sinistcha||ColburBerry|Hospitality|MatchaGotcha,Protect,RagePowder,TrickRoom|Bold|||||50|]Incineroar||SitrusBerry|Intimidate|FakeOut,FlareBlitz,ThroatChop,PartingShot|Impish||M|||50|]Kingambit||ChopleBerry|Defiant|KowtowCleave,SuckerPunch,IronHead,Protect|Adamant||M|||50|]Garchomp||Garchompite|RoughSkin|DragonClaw,Earthquake,SwordsDance,Protect|Adamant||M|||50|
|showteam|p2|Staraptor||Staraptite|Intimidate|CloseCombat,BraveBird,Roost,Protect|Jolly||F|||50|]Incineroar||PasshoBerry|Intimidate|FakeOut,FlareBlitz,ThroatChop,PartingShot|Careful||F|||50|]Gholdengo||MetalCoat|GoodasGold|MakeItRain,ShadowBall,NastyPlot,Protect|Modest|||||50|]Sneasler||LifeOrb|PoisonTouch|CloseCombat,DireClaw,RockSlide,Protect|Jolly||F|||50|]Whimsicott||FocusSash|Prankster|Moonblast,Tailwind,FakeTears,Protect|Timid||F|||50|]Gengar||Gengarite|CursedBody|ShadowBall,SludgeBomb,Disable,Protect|Modest||F|||50|
|inactive|Battle timer is ON: inactive players will automatically lose when time's up. (requested by valiantvalerie)
|inactive|TeyVgc has 60 seconds left.
|inactive|valiantvalerie has 60 seconds left.
|
|t:|1783313650
|teamsize|p1|4
|teamsize|p2|4
|start
|switch|p1a: Sneasler|Sneasler, L50, M|100/100
|switch|p1b: Garchomp|Garchomp, L50, M|100/100
|switch|p2a: Staraptor|Staraptor, L50, F|100/100
|switch|p2b: Sneasler|Sneasler, L50, F|100/100
|-ability|p2a: Staraptor|Intimidate|boost
|-unboost|p1a: Sneasler|atk|1
|-unboost|p1b: Garchomp|atk|1
|-enditem|p1a: Sneasler|White Herb
|-clearnegativeboost|p1a: Sneasler|[silent]
|turn|1
|
|t:|1783313674
|switch|p2b: Incineroar|Incineroar, L50, F|100/100
|-ability|p2b: Incineroar|Intimidate|boost
|-unboost|p1a: Sneasler|atk|1
|-unboost|p1b: Garchomp|atk|1
|detailschange|p2a: Staraptor|Staraptor-Mega, L50, F
|-mega|p2a: Staraptor|Staraptor|Staraptite
|detailschange|p1b: Garchomp|Garchomp-Mega, L50, M
|-mega|p1b: Garchomp|Garchomp|Garchompite
|move|p1a: Sneasler|Fake Out|p2a: Staraptor
|-damage|p2a: Staraptor|89/100
|cant|p2a: Staraptor|flinch
|move|p1b: Garchomp|Swords Dance|p1b: Garchomp
|-boost|p1b: Garchomp|atk|2
|
|upkeep
|turn|2
|inactive|valiantvalerie has 30 seconds left.
|
|t:|1783313703
|move|p1a: Sneasler|Coaching|p1b: Garchomp
|-boost|p1b: Garchomp|atk|1
|-boost|p1b: Garchomp|def|1
|move|p2a: Staraptor|Close Combat|p1b: Garchomp
|-damage|p1b: Garchomp|69/100
|-boost|p2a: Staraptor|def|1
|-boost|p2a: Staraptor|spd|1
|move|p1b: Garchomp|Swords Dance|p1b: Garchomp
|-boost|p1b: Garchomp|atk|2
|move|p2b: Incineroar|Parting Shot|p2a: Staraptor
|-boost|p2a: Staraptor|atk|1
|-boost|p2a: Staraptor|spa|1
|
|t:|1783313712
|switch|p2b: Sneasler|Sneasler, L50, F|100/100|[from] Parting Shot
|
|upkeep
|turn|3
|
|t:|1783313718
|switch|p1a: Sinistcha|Sinistcha, L50|100/100
|-heal|p1b: Garchomp|94/100|[from] ability: Hospitality|[of] p1a: Sinistcha
|move|p1b: Garchomp|Protect|p1b: Garchomp
|-singleturn|p1b: Garchomp|Protect
|move|p2b: Sneasler|Close Combat|p1b: Garchomp
|-activate|p1b: Garchomp|move: Protect
|move|p2a: Staraptor|Close Combat|p1b: Garchomp
|-activate|p1b: Garchomp|move: Protect
|
|upkeep
|turn|4
|
|t:|1783313737
|switch|p2b: Incineroar|Incineroar, L50, F|100/100
|-ability|p2b: Incineroar|Intimidate|boost
|-unboost|p1a: Sinistcha|atk|1
|-unboost|p1b: Garchomp|atk|1
|move|p1a: Sinistcha|Rage Powder|p1a: Sinistcha
|-singleturn|p1a: Sinistcha|move: Rage Powder
|move|p2a: Staraptor|Brave Bird|p1a: Sinistcha
|-supereffective|p1a: Sinistcha|1
|-damage|p1a: Sinistcha|0 fnt
|faint|p1a: Sinistcha
|-damage|p2a: Staraptor|55/100|[from] Recoil
|move|p1b: Garchomp|Dragon Claw|p2b: Incineroar
|-damage|p2b: Incineroar|8/100
|
|upkeep
|
|t:|1783313752
|switch|p1a: Sneasler|Sneasler, L50, M|100/100
|turn|5
|
|t:|1783313763
|move|p1a: Sneasler|Fake Out|p2a: Staraptor
|-damage|p2a: Staraptor|46/100
|move|p2b: Incineroar|Fake Out|p1b: Garchomp
|-damage|p1b: Garchomp|88/100
|cant|p2a: Staraptor|flinch
|cant|p1b: Garchomp|flinch
|
|upkeep
|turn|6
|
|t:|1783313783
|move|p1a: Sneasler|Coaching|p1b: Garchomp
|-boost|p1b: Garchomp|atk|1
|-boost|p1b: Garchomp|def|1
|move|p2a: Staraptor|Roost|p2a: Staraptor
|-heal|p2a: Staraptor|96/100
|-singleturn|p2a: Staraptor|move: Roost
|move|p1b: Garchomp|Dragon Claw|p2a: Staraptor
|-damage|p2a: Staraptor|17/100
|move|p2b: Incineroar|Parting Shot|p1b: Garchomp
|-unboost|p1b: Garchomp|atk|1
|-unboost|p1b: Garchomp|spa|1
|
|t:|1783313793
|switch|p2b: Sneasler|Sneasler, L50, F|100/100|[from] Parting Shot
|
|upkeep
|turn|7
|
|t:|1783313807
|switch|p2a: Gholdengo|Gholdengo, L50|100/100
|move|p2b: Sneasler|Dire Claw|p1b: Garchomp
|-resisted|p1b: Garchomp|1
|-damage|p1b: Garchomp|78/100
|-status|p1b: Garchomp|slp
|-damage|p2b: Sneasler|90/100|[from] item: Life Orb
|move|p1a: Sneasler|Coaching|p1b: Garchomp
|-boost|p1b: Garchomp|atk|1
|-boost|p1b: Garchomp|def|1
|cant|p1b: Garchomp|slp
|
|upkeep
|turn|8
|
|t:|1783313828
|switch|p1a: Kingambit|Kingambit, L50, M|100/100
|-curestatus|p1b: Garchomp|slp|[msg]
|move|p1b: Garchomp|Protect|p1b: Garchomp
|-singleturn|p1b: Garchomp|Protect
|move|p2b: Sneasler|Close Combat|p1b: Garchomp
|-activate|p1b: Garchomp|move: Protect
|move|p2a: Gholdengo|Make It Rain|p1a: Kingambit|[spread] p1a
|-activate|p1b: Garchomp|move: Protect
|-resisted|p1a: Kingambit|1
|-damage|p1a: Kingambit|73/100
|-unboost|p2a: Gholdengo|spa|2
|
|upkeep
|turn|9
|inactive|TeyVgc has 30 seconds left.
|
|t:|1783313859
|switch|p2a: Staraptor|Staraptor-Mega, L50, F|17/100
|move|p2b: Sneasler|Protect|p2b: Sneasler
|-singleturn|p2b: Sneasler|Protect
|move|p1a: Kingambit|Protect|p1a: Kingambit
|-singleturn|p1a: Kingambit|Protect
|move|p1b: Garchomp|Dragon Claw|p2b: Sneasler
|-activate|p2b: Sneasler|move: Protect
|
|upkeep
|turn|10
|
|t:|1783313875
|move|p1a: Kingambit|Sucker Punch||[still]
|-fail|p1a: Kingambit
|move|p2b: Sneasler|Close Combat|p1b: Garchomp
|-damage|p1b: Garchomp|55/100
|-unboost|p2b: Sneasler|def|1
|-unboost|p2b: Sneasler|spd|1
|-damage|p2b: Sneasler|80/100|[from] item: Life Orb
|move|p2a: Staraptor|Roost|p2a: Staraptor
|-heal|p2a: Staraptor|67/100
|-singleturn|p2a: Staraptor|move: Roost
|move|p1b: Garchomp|Dragon Claw|p2b: Sneasler
|-damage|p2b: Sneasler|0 fnt
|faint|p2b: Sneasler
|
|upkeep
|
|t:|1783313883
|switch|p2b: Incineroar|Incineroar, L50, F|8/100
|-ability|p2b: Incineroar|Intimidate|boost
|-unboost|p1a: Kingambit|atk|1
|-ability|p1a: Kingambit|Defiant|boost
|-boost|p1a: Kingambit|atk|2
|-unboost|p1b: Garchomp|atk|1
|turn|11
|
|t:|1783313891
|move|p1b: Garchomp|Protect|p1b: Garchomp
|-singleturn|p1b: Garchomp|Protect
|move|p1a: Kingambit|Protect|p1a: Kingambit
|-singleturn|p1a: Kingambit|Protect
|move|p2b: Incineroar|Fake Out|p1b: Garchomp
|-activate|p1b: Garchomp|move: Protect
|move|p2a: Staraptor|Close Combat|p2b: Incineroar
|-supereffective|p2b: Incineroar|1
|-damage|p2b: Incineroar|0 fnt
|-boost|p2a: Staraptor|def|1
|-boost|p2a: Staraptor|spd|1
|faint|p2b: Incineroar
|
|upkeep
|
|t:|1783313895
|switch|p2b: Gholdengo|Gholdengo, L50|100/100
|turn|12
|
|t:|1783313906
|move|p2b: Gholdengo|Protect|p2b: Gholdengo
|-singleturn|p2b: Gholdengo|Protect
|move|p1a: Kingambit|Sucker Punch||[still]
|-fail|p1a: Kingambit
|move|p2a: Staraptor|Close Combat|p1a: Kingambit
|-supereffective|p1a: Kingambit|2
|-enditem|p1a: Kingambit|Chople Berry|[eat]
|-enditem|p1a: Kingambit|Chople Berry|[weaken]
|-damage|p1a: Kingambit|0 fnt
|-boost|p2a: Staraptor|def|1
|-boost|p2a: Staraptor|spd|1
|faint|p1a: Kingambit
|move|p1b: Garchomp|Dragon Claw|p2a: Staraptor
|-damage|p2a: Staraptor|13/100
|
|upkeep
|
|t:|1783313920
|switch|p1a: Sneasler|Sneasler, L50, M|100/100
|turn|13
|
|t:|1783313940
|move|p1a: Sneasler|Fake Out|p2a: Staraptor
|-damage|p2a: Staraptor|6/100
|cant|p2a: Staraptor|flinch
|move|p2b: Gholdengo|Nasty Plot|p2b: Gholdengo
|-boost|p2b: Gholdengo|spa|2
|move|p1b: Garchomp|Earthquake|p2a: Staraptor|[spread] p1a,p2b
|-immune|p2a: Staraptor
|-supereffective|p1a: Sneasler|1
|-supereffective|p2b: Gholdengo|1
|-damage|p1a: Sneasler|0 fnt
|-damage|p2b: Gholdengo|0 fnt
|faint|p1a: Sneasler
|faint|p2b: Gholdengo
|
|upkeep
|turn|14
|
|t:|1783313954
|move|p2a: Staraptor|Close Combat|p1b: Garchomp
|-damage|p1b: Garchomp|37/100
|-boost|p2a: Staraptor|def|1
|-boost|p2a: Staraptor|spd|1
|move|p1b: Garchomp|Dragon Claw|p2a: Staraptor
|-damage|p2a: Staraptor|0 fnt
|faint|p2a: Staraptor
|
|win|TeyVgc
|raw|TeyVgc's rating: 1315 → 1337(+22 for winning)
|raw|valiantvalerie's rating: 1352 → 1330(-22 for losing)
