|j|☆suzerdito
|j|☆elmono11
|html|suzerditoelmono11    
|uhtml|bestof|Game 2 of a best-of-3
|t:|1784045784
|gametype|doubles
|player|p1|suzerdito|steven|1282
|player|p2|elmono11|101|1367
|gen|9
|tier|[Gen 9 Champions] VGC 2026 Reg M-B (Bo3)
|rated|
|rule|Species Clause: Limit one of each Pokémon
|rule|Item Clause: Limit 1 of each item
|clearpoke
|poke|p1|Aerodactyl, L50, M|
|poke|p1|Kingambit, L50, F, shiny|
|poke|p1|Charizard, L50, M, shiny|
|poke|p1|Sylveon, L50, M, shiny|
|poke|p1|Farigiraf, L50, M|
|poke|p1|Garchomp, L50, F|
|poke|p2|Charizard, L50, F|
|poke|p2|Annihilape, L50, M|
|poke|p2|Venusaur, L50, M|
|poke|p2|Garchomp, L50, F|
|poke|p2|Incineroar, L50, F|
|poke|p2|Milotic, L50, M|
|teampreview|4
|showteam|p1|Aerodactyl||Aerodactylite|Unnerve|RockSlide,IceFang,Tailwind,DualWingbeat|Jolly||M|||50|]Kingambit||FocusSash|Defiant|KowtowCleave,IronHead,SuckerPunch,LowKick|Adamant||F|||50|]Charizard||CharizarditeY|Blaze|Protect,HeatWave,SolarBeam,WeatherBall|Modest||M|||50|]Sylveon||FairyFeather|Pixilate|Detect,QuickAttack,HyperVoice,HyperBeam|Modest||M|||50|]Farigiraf||SitrusBerry|ArmorTail|Psychic,Thunderbolt,TrickRoom,Roar|Bold||M|||50|]Garchomp||LifeOrb|RoughSkin|Protect,RockSlide,Earthquake,DragonClaw|Jolly||F|||50|
|showteam|p2|Charizard||CharizarditeY|Blaze|HeatWave,WeatherBall,HelpingHand,Protect|Modest||F|||50|]Annihilape||FocusSash|Defiant|PhantomForce,CloseCombat,RockTomb,Protect|Jolly||M|||50|]Venusaur||LifeOrb|Chlorophyll|SolarBeam,SludgeBomb,EarthPower,Protect|Modest||M|||50|]Garchomp||ChoiceScarf|RoughSkin|RockSlide,DragonClaw,Earthquake,StompingTantrum|Adamant||F|||50|]Incineroar||SitrusBerry|Intimidate|FlareBlitz,DarkestLariat,PartingShot,FakeOut|Calm||F|||50|]Milotic||Leftovers|Competitive|MuddyWater,Hypnosis,Coil,Recover|Calm||M|||50|
|inactive|Battle timer is ON: inactive players will automatically lose when time's up. (requested by elmono11)
|inactive|suzerdito also wants the timer to be on.
|
|t:|1784045803
|teamsize|p1|4
|teamsize|p2|4
|start
|switch|p1a: Aerodactyl|Aerodactyl, L50, M|100/100
|switch|p1b: Sylveon|Sylveon, L50, M, shiny|100/100
|switch|p2a: Garchomp|Garchomp, L50, F|100/100
|switch|p2b: Milotic|Milotic, L50, M|100/100
|-ability|p1a: Aerodactyl|Unnerve
|turn|1
|
|t:|1784045817
|detailschange|p1a: Aerodactyl|Aerodactyl-Mega, L50, M
|-mega|p1a: Aerodactyl|Aerodactyl|Aerodactylite
|move|p2a: Garchomp|Rock Slide|p1b: Sylveon|[spread] p1a,p1b
|-supereffective|p1a: Aerodactyl|1
|-damage|p1a: Aerodactyl|57/100
|-damage|p1b: Sylveon|76/100
|move|p1a: Aerodactyl|Tailwind|p1a: Aerodactyl
|-sidestart|p1: suzerdito|move: Tailwind
|move|p1b: Sylveon|Hyper Voice|p2a: Garchomp|[spread] p2a,p2b
|-supereffective|p2a: Garchomp|1
|-crit|p2a: Garchomp
|-damage|p2a: Garchomp|0 fnt
|-damage|p2b: Milotic|71/100
|faint|p2a: Garchomp
|move|p2b: Milotic|Coil|p2b: Milotic
|-boost|p2b: Milotic|atk|1
|-boost|p2b: Milotic|def|1
|-boost|p2b: Milotic|accuracy|1
|
|-heal|p2b: Milotic|77/100|[from] item: Leftovers
|upkeep
|
|t:|1784045827
|switch|p2a: Incineroar|Incineroar, L50, F|100/100
|-ability|p2a: Incineroar|Intimidate|boost
|-unboost|p1a: Aerodactyl|atk|1
|-unboost|p1b: Sylveon|atk|1
|turn|2
|
|t:|1784045843
|switch|p1a: Farigiraf|Farigiraf, L50, M|100/100
|move|p1b: Sylveon|Hyper Voice|p2b: Milotic|[spread] p2a,p2b
|-damage|p2a: Incineroar|62/100
|-damage|p2b: Milotic|44/100
|move|p2b: Milotic|Hypnosis|p1b: Sylveon
|-status|p1b: Sylveon|slp|[from] move: Hypnosis
|move|p2a: Incineroar|Parting Shot|p1b: Sylveon
|-unboost|p1b: Sylveon|atk|1
|-unboost|p1b: Sylveon|spa|1
|
|t:|1784045848
|switch|p2a: Charizard|Charizard, L50, F|100/100|[from] Parting Shot
|
|-heal|p2b: Milotic|50/100g|[from] item: Leftovers
|upkeep
|turn|3
|inactive|suzerdito has 30 seconds left.
|
|t:|1784045874
|switch|p1b: Aerodactyl|Aerodactyl-Mega, L50, M|57/100
|detailschange|p2a: Charizard|Charizard-Mega-Y, L50, F
|-mega|p2a: Charizard|Charizard|Charizardite Y
|-weather|SunnyDay|[from] ability: Drought|[of] p2a: Charizard
|move|p2a: Charizard|Heat Wave|p1a: Farigiraf|[spread] p1a,p1b
|-resisted|p1b: Aerodactyl|1
|-damage|p1a: Farigiraf|46/100
|-damage|p1b: Aerodactyl|24/100
|-enditem|p1a: Farigiraf|Sitrus Berry|[eat]
|-heal|p1a: Farigiraf|71/100|[from] item: Sitrus Berry
|move|p2b: Milotic|Recover|p2b: Milotic
|-heal|p2b: Milotic|100/100
|move|p1a: Farigiraf|Roar|p2b: Milotic
|drag|p2b: Incineroar|Incineroar, L50, F|62/100
|-ability|p2b: Incineroar|Intimidate|boost
|-unboost|p1a: Farigiraf|atk|1
|-unboost|p1b: Aerodactyl|atk|1
|
|-weather|SunnyDay|[upkeep]
|upkeep
|turn|4
|inactive|suzerdito has 30 seconds left.
|
|t:|1784045903
|move|p2a: Charizard|Protect|p2a: Charizard
|-singleturn|p2a: Charizard|Protect
|move|p1b: Aerodactyl|Rock Slide|p2a: Charizard|[spread] p2b
|-activate|p2a: Charizard|move: Protect
|-supereffective|p2b: Incineroar|1
|-damage|p2b: Incineroar|29/100
|-enditem|p2b: Incineroar|Sitrus Berry|[eat]
|-heal|p2b: Incineroar|53/100|[from] item: Sitrus Berry
|move|p1a: Farigiraf|Thunderbolt|p2b: Incineroar
|-damage|p2b: Incineroar|35/100
|move|p2b: Incineroar|Darkest Lariat|p1b: Aerodactyl
|-damage|p1b: Aerodactyl|0 fnt
|faint|p1b: Aerodactyl
|
|-weather|SunnyDay|[upkeep]
|-sideend|p1: suzerdito|move: Tailwind
|upkeep
|
|t:|1784045917
|switch|p1b: Garchomp|Garchomp, L50, F|100/100
|turn|5
|
|t:|1784045936
|switch|p2b: Milotic|Milotic, L50, M|100/100
|move|p1b: Garchomp|Protect|p1b: Garchomp
|-singleturn|p1b: Garchomp|Protect
|move|p2a: Charizard|Heat Wave|p1b: Garchomp|[spread] p1a
|-activate|p1b: Garchomp|move: Protect
|-damage|p1a: Farigiraf|15/100
|move|p1a: Farigiraf|Thunderbolt|p2a: Charizard
|-supereffective|p2a: Charizard|1
|-damage|p2a: Charizard|61/100
|
|-weather|SunnyDay|[upkeep]
|upkeep
|turn|6
|inactive|elmono11 has 30 seconds left.
|
|t:|1784045962
|switch|p2a: Incineroar|Incineroar, L50, F|35/100
|-ability|p2a: Incineroar|Intimidate|boost
|-unboost|p1a: Farigiraf|atk|1
|-unboost|p1b: Garchomp|atk|1
|switch|p1a: Sylveon|Sylveon, L50, M, shiny|76/100 slp
|move|p1b: Garchomp|Rock Slide|p2a: Incineroar|[spread] p2a
|-miss|p1b: Garchomp|p2b: Milotic
|-supereffective|p2a: Incineroar|1
|-damage|p2a: Incineroar|5/100
|-damage|p1b: Garchomp|90/100|[from] item: Life Orb
|move|p2b: Milotic|Hypnosis|p1b: Garchomp|[miss]
|-miss|p2b: Milotic|p1b: Garchomp
|
|-weather|SunnyDay|[upkeep]
|upkeep
|turn|7
|
|t:|1784045981
|move|p1b: Garchomp|Protect|p1b: Garchomp
|-singleturn|p1b: Garchomp|Protect
|move|p2a: Incineroar|Fake Out|p1b: Garchomp
|-activate|p1b: Garchomp|move: Protect
|move|p2b: Milotic|Coil|p2b: Milotic
|-boost|p2b: Milotic|atk|1
|-boost|p2b: Milotic|def|1
|-boost|p2b: Milotic|accuracy|1
|cant|p1a: Sylveon|slp
|
|-weather|none
|upkeep
|turn|8
|
|t:|1784045997
|switch|p1b: Farigiraf|Farigiraf, L50, M|15/100
|move|p2b: Milotic|Hypnosis|p1b: Farigiraf
|-status|p1b: Farigiraf|slp|[from] move: Hypnosis
|move|p2a: Incineroar|Parting Shot|p1a: Sylveon
|-unboost|p1a: Sylveon|atk|1
|-unboost|p1a: Sylveon|spa|1
|
|t:|1784046002
|switch|p2a: Charizard|Charizard-Mega-Y, L50, F|61/100|[from] Parting Shot
|-weather|SunnyDay|[from] ability: Drought|[of] p2a: Charizard
|-curestatus|p1a: Sylveon|slp|[msg]
|move|p1a: Sylveon|Hyper Voice|p2a: Charizard|[spread] p2a,p2b
|-resisted|p2a: Charizard|1
|-damage|p2a: Charizard|48/100
|-damage|p2b: Milotic|78/100
|
|-weather|SunnyDay|[upkeep]
|-heal|p2b: Milotic|84/100|[from] item: Leftovers
|upkeep
|turn|9
|inactive|suzerdito has 30 seconds left.
|
|t:|1784046034
|move|p2a: Charizard|Weather Ball|p1a: Sylveon
|-damage|p1a: Sylveon|11/100
|move|p2b: Milotic|Coil|p2b: Milotic
|-boost|p2b: Milotic|atk|1
|-boost|p2b: Milotic|def|1
|-boost|p2b: Milotic|accuracy|1
|move|p1a: Sylveon|Hyper Voice|p2a: Charizard|[spread] p2a,p2b
|-resisted|p2a: Charizard|1
|-damage|p2a: Charizard|33/100
|-damage|p2b: Milotic|65/100
|cant|p1b: Farigiraf|slp
|
|-weather|SunnyDay|[upkeep]
|-heal|p2b: Milotic|71/100|[from] item: Leftovers
|upkeep
|turn|10
|
|t:|1784046053
|move|p1a: Sylveon|Detect|p1a: Sylveon
|-singleturn|p1a: Sylveon|Protect
|move|p2a: Charizard|Heat Wave|p1a: Sylveon|[spread] p1b
|-activate|p1a: Sylveon|move: Protect
|-damage|p1b: Farigiraf|0 fnt
|faint|p1b: Farigiraf
|move|p2b: Milotic|Recover|p2b: Milotic
|-heal|p2b: Milotic|100/100
|
|-weather|SunnyDay|[upkeep]
|upkeep
|
|t:|1784046062
|switch|p1b: Garchomp|Garchomp, L50, F|90/100
|turn|11
|
|t:|1784046067
|move|p2a: Charizard|Protect|p2a: Charizard
|-singleturn|p2a: Charizard|Protect
|move|p1b: Garchomp|Rock Slide|p2b: Milotic|[spread] p2b
|-activate|p2a: Charizard|move: Protect
|-damage|p2b: Milotic|87/100
|-damage|p1b: Garchomp|80/100|[from] item: Life Orb
|move|p2b: Milotic|Muddy Water|p1b: Garchomp|[spread] p1a,p1b
|-crit|p1a: Sylveon
|-damage|p1a: Sylveon|0 fnt
|-damage|p1b: Garchomp|68/100
|faint|p1a: Sylveon
|
|-weather|SunnyDay|[upkeep]
|-heal|p2b: Milotic|93/100|[from] item: Leftovers
|upkeep
|turn|12
|
|t:|1784046076
|switch|p2a: Incineroar|Incineroar, L50, F|5/100
|-ability|p2a: Incineroar|Intimidate|boost
|-unboost|p1b: Garchomp|atk|1
|move|p1b: Garchomp|Rock Slide|p2a: Incineroar|[spread] p2b
|-miss|p1b: Garchomp|p2a: Incineroar
|-damage|p2b: Milotic|85/100
|-damage|p1b: Garchomp|58/100|[from] item: Life Orb
|move|p2b: Milotic|Hypnosis|p1b: Garchomp
|-status|p1b: Garchomp|slp|[from] move: Hypnosis
|
|-weather|none
|-heal|p2b: Milotic|91/100|[from] item: Leftovers
|upkeep
|turn|13
|-message|suzerdito forfeited.
|
|win|elmono11
|raw|suzerdito's rating: 1282 → 1263(-19 for losing)
|raw|elmono11's rating: 1367 → 1382(+15 for winning)
