|j|☆CorkscrewRacer
|j|☆Cfing
|html|CorkscrewRacerCfing    
|uhtml|bestof|Game 2 of a best-of-3
|t:|1756683138
|gametype|doubles
|player|p1|CorkscrewRacer|169|1123
|player|p2|Cfing|169|1089
|gen|9
|tier|[Gen 9] VGC 2025 Reg H (Bo3)
|rated|
|rule|Species Clause: Limit one of each Pokémon
|rule|Item Clause: Limit 1 of each item
|clearpoke
|poke|p1|Sneasler, L50, M|
|poke|p1|Dondozo, L50, M|
|poke|p1|Tatsugiri, L50, M|
|poke|p1|Indeedee, L50, M|
|poke|p1|Excadrill, L50, M|
|poke|p1|Tyranitar, L50, F|
|poke|p2|Whimsicott, L50, F|
|poke|p2|Annihilape, L50, M|
|poke|p2|Pelipper, L50, F|
|poke|p2|Archaludon, L50, F|
|poke|p2|Sneasler, L50, M|
|poke|p2|Indeedee, L50, M|
|teampreview|4
|showteam|p1|Sneasler||PsychicSeed|Unburden|DireClaw,CloseCombat,Protect,ThroatChop|||M|||50|,,,,,Dark]Dondozo||Leftovers|Unaware|WaveCrash,HeavySlam,OrderUp,Protect|||M|||50|,,,,,Grass]Tatsugiri||ChoiceScarf|Commander|DracoMeteor,MuddyWater,IcyWind,DragonPulse|||M|||50|,,,,,Stellar]Indeedee||FocusSash|PsychicSurge|ExpandingForce,Imprison,TrickRoom,Protect|||M|||50|,,,,,Psychic]Excadrill||ClearAmulet|SandRush|Earthquake,IronHead,HighHorsepower,Protect|||M|||50|,,,,,Ground]Tyranitar||AssaultVest|SandStream|RockSlide,KnockOff,LowKick,TeraBlast|||F|||50|,,,,,Flying
|showteam|p2|Whimsicott||FocusSash|Prankster|Tailwind,Taunt,Moonblast,BeatUp|||F|||50|,,,,,Ghost]Annihilape||AssaultVest|Defiant|RageFist,CloseCombat,RockSlide,DrainPunch|||M|||50|,,,,,Fire]Pelipper||CovertCloak|Drizzle|Tailwind,Hurricane,WeatherBall,Protect|||F|||50|,,,,,Ground]Archaludon||LifeOrb|Stamina|ElectroShot,Protect,DracoMeteor,BodyPress|||F|||50|,,,,,Stellar]Sneasler||PsychicSeed|Unburden|Acrobatics,CloseCombat,DireClaw,ThroatChop|||M|||50|,,,,,Dark]Indeedee||ChoiceSpecs|PsychicSurge|ExpandingForce,Imprison,TrickRoom,Trick|||M|||50|,,,,,Psychic
|inactive|Battle timer is ON: inactive players will automatically lose when time's up. (requested by Cfing)
|inactive|CorkscrewRacer has 60 seconds left.
|j| BLiiNDProdiigy
|
|t:|1756683176
|teamsize|p1|4
|teamsize|p2|4
|start
|switch|p1a: Excadrill|Excadrill, L50, M|100/100
|switch|p1b: Tyranitar|Tyranitar, L50, F|100/100
|switch|p2a: Whimsicott|Whimsicott, L50, F|100/100
|switch|p2b: Annihilape|Annihilape, L50, M|100/100
|-weather|Sandstorm|[from] ability: Sand Stream|[of] p1b: Tyranitar
|turn|1
|inactive|CorkscrewRacer has 30 seconds left.
|inactive|CorkscrewRacer has 20 seconds left.
|
|t:|1756683216
|switch|p1a: Dondozo|Dondozo, L50, M|100/100
|switch|p1b: Tatsugiri|Tatsugiri, L50, M|100/100
|-activate|p1b: Tatsugiri|ability: Commander|[of] p1a: Dondozo
|-boost|p1a: Dondozo|atk|2
|-boost|p1a: Dondozo|spa|2
|-boost|p1a: Dondozo|spe|2
|-boost|p1a: Dondozo|def|2
|-boost|p1a: Dondozo|spd|2
|move|p2a: Whimsicott|Tailwind|p2a: Whimsicott
|-sidestart|p2: Cfing|move: Tailwind
|move|p2b: Annihilape|Close Combat|p1b: Tatsugiri|[miss]
|-miss|p2b: Annihilape|p1b: Tatsugiri
|
|-weather|Sandstorm|[upkeep]
|-damage|p2a: Whimsicott|95/100|[from] Sandstorm
|-damage|p2b: Annihilape|95/100|[from] Sandstorm
|-damage|p1b: Tatsugiri|95/100|[from] Sandstorm
|-damage|p1a: Dondozo|94/100|[from] Sandstorm
|-heal|p1a: Dondozo|100/100|[from] item: Leftovers
|upkeep
|turn|2
|inactive|CorkscrewRacer has 30 seconds left.
|inactive|Cfing has 30 seconds left.
|
|t:|1756683248
|move|p2a: Whimsicott|Beat Up|p2b: Annihilape
|-damage|p2b: Annihilape|93/100
|-damage|p2b: Annihilape|90/100
|-damage|p2b: Annihilape|88/100
|-damage|p2b: Annihilape|85/100
|-hitcount|p2b: Annihilape|4
|move|p2b: Annihilape|Rage Fist|p1a: Dondozo
|-damage|p1a: Dondozo|57/100
|move|p1a: Dondozo|Heavy Slam|p2a: Whimsicott
|-supereffective|p2a: Whimsicott
|-damage|p2a: Whimsicott|0 fnt
|faint|p2a: Whimsicott
|
|-weather|Sandstorm|[upkeep]
|-damage|p2b: Annihilape|79/100|[from] Sandstorm
|-damage|p1b: Tatsugiri|89/100|[from] Sandstorm
|-damage|p1a: Dondozo|50/100|[from] Sandstorm
|-heal|p1a: Dondozo|57/100|[from] item: Leftovers
|upkeep
|
|t:|1756683271
|switch|p2a: Archaludon|Archaludon, L50, F|100/100
|turn|3
|
|t:|1756683289
|-terastallize|p2a: Archaludon|Stellar
|move|p1a: Dondozo|Protect|p1a: Dondozo
|-singleturn|p1a: Dondozo|Protect
|move|p2a: Archaludon|Draco Meteor|p1a: Dondozo
|-activate|p1a: Dondozo|move: Protect
|move|p2b: Annihilape|Rage Fist|p1a: Dondozo
|-activate|p1a: Dondozo|move: Protect
|
|-weather|Sandstorm|[upkeep]
|-damage|p2b: Annihilape|73/100|[from] Sandstorm
|-damage|p1b: Tatsugiri|84/100|[from] Sandstorm
|-damage|p1a: Dondozo|50/100|[from] Sandstorm
|-heal|p1a: Dondozo|57/100|[from] item: Leftovers
|upkeep
|turn|4
|inactive|CorkscrewRacer has 30 seconds left.
|
|t:|1756683322
|move|p1a: Dondozo|Protect||[still]
|-fail|p1a: Dondozo
|move|p2a: Archaludon|Draco Meteor|p1a: Dondozo
|-damage|p1a: Dondozo|0 fnt
|-unboost|p2a: Archaludon|spa|2
|faint|p1a: Dondozo
|-damage|p2a: Archaludon|91/100|[from] item: Life Orb
|move|p2b: Annihilape|Rage Fist|p1b: Tatsugiri
|-damage|p1b: Tatsugiri|0 fnt
|faint|p1b: Tatsugiri
|
|-weather|Sandstorm|[upkeep]
|-damage|p2b: Annihilape|67/100|[from] Sandstorm
|-sideend|p2: Cfing|move: Tailwind
|upkeep
|
|t:|1756683340
|switch|p1b: Tyranitar|Tyranitar, L50, F|100/100
|switch|p1a: Excadrill|Excadrill, L50, M|100/100
|turn|5
|
|t:|1756683364
|switch|p2a: Pelipper|Pelipper, L50, F|100/100
|-weather|RainDance|[from] ability: Drizzle|[of] p2a: Pelipper
|-terastallize|p1b: Tyranitar|Flying
|move|p1a: Excadrill|Earthquake|p2a: Pelipper|[spread] p2b
|-immune|p1b: Tyranitar
|-immune|p2a: Pelipper
|-crit|p2b: Annihilape
|-damage|p2b: Annihilape|9/100
|move|p2b: Annihilape|Close Combat|p1a: Excadrill
|-supereffective|p1a: Excadrill
|-damage|p1a: Excadrill|0 fnt
|-unboost|p2b: Annihilape|def|1
|-unboost|p2b: Annihilape|spd|1
|faint|p1a: Excadrill
|move|p1b: Tyranitar|Tera Blast|p2b: Annihilape|[anim] Tera Blast Flying
|-supereffective|p2b: Annihilape
|-damage|p2b: Annihilape|0 fnt
|faint|p2b: Annihilape
|
|-weather|RainDance|[upkeep]
|upkeep
|
|t:|1756683383
|switch|p2b: Archaludon|Archaludon, L50, F, tera:Stellar|91/100
|turn|6
|
|t:|1756683397
|move|p2b: Archaludon|Electro Shot||[still]
|-prepare|p2b: Archaludon|Electro Shot
|-boost|p2b: Archaludon|spa|1
|-anim|p2b: Archaludon|Electro Shot|p1b: Tyranitar
|-supereffective|p1b: Tyranitar
|-damage|p1b: Tyranitar|0 fnt
|faint|p1b: Tyranitar
|-damage|p2b: Archaludon|81/100|[from] item: Life Orb
|
|win|Cfing
||CorkscrewRacer is ready for game 3.
||Cfing is ready for game 3.
|uhtml|next|Next: Game 3 of 3
|l|☆Cfing
|player|p2|
|l| BLiiNDProdiigy
