|j|☆wittraid
|j|☆Neofalcon
|html|wittraidNeofalcon    
|uhtml|bestof|Game 2 of a best-of-3
|t:|1757157502
|gametype|doubles
|player|p1|wittraid|2|1298
|player|p2|Neofalcon|265|1197
|gen|9
|tier|[Gen 9] VGC 2025 Reg H (Bo3)
|rated|
|rule|Species Clause: Limit one of each Pokémon
|rule|Item Clause: Limit 1 of each item
|clearpoke
|poke|p1|Pelipper, L50, F|
|poke|p1|Archaludon, L50, F|
|poke|p1|Basculegion, L50, M|
|poke|p1|Incineroar, L50, F|
|poke|p1|Sinistcha-Masterpiece, L50|
|poke|p1|Dragonite, L50, F|
|poke|p2|Talonflame, L50, F|
|poke|p2|Garchomp, L50, F|
|poke|p2|Tyranitar, L50, F|
|poke|p2|Milotic, L50, F|
|poke|p2|Amoonguss, L50, M|
|poke|p2|Gholdengo, L50|
|teampreview|4
|showteam|p1|Pelipper||FocusSash|Drizzle|Tailwind,WideGuard,Hurricane,Protect|||F|||50|,,,,,Ghost]Archaludon||AssaultVest|Stamina|ElectroShot,DragonPulse,BodyPress,Snarl|||F|||50|,,,,,Grass]Basculegion||ChoiceBand|SwiftSwim|WaveCrash,LastRespects,AquaJet,FlipTurn|||M|||50|,,,,,Grass]Incineroar||SafetyGoggles|Intimidate|FakeOut,KnockOff,Taunt,PartingShot|||F|||50|,,,,,Ghost]Sinistcha-Masterpiece||SitrusBerry|Hospitality|RagePowder,MatchaGotcha,TrickRoom,Protect||||||50|,,,,,Dark]Dragonite||LoadedDice|InnerFocus|ScaleShot,ExtremeSpeed,Haze,Protect|||F|||50|,,,,,Normal
|showteam|p2|Talonflame||CovertCloak|GaleWings|DualWingbeat,Tailwind,WillOWisp,Taunt|||F|||50|,,,,,Ghost]Garchomp||LifeOrb|RoughSkin|Protect,StompingTantrum,Earthquake,DragonClaw|||F|||50|,,,,,Steel]Tyranitar||AssaultVest|SandStream|RockSlide,KnockOff,LowKick,TeraBlast|||F|||50|,,,,,Flying]Milotic||SafetyGoggles|Competitive|Scald,IcyWind,Haze,Protect|||F|||50|,,,,,Dragon]Amoonguss||SitrusBerry|Regenerator|Protect,RagePowder,Spore,PollenPuff|||M|||50|,,,,,Water]Gholdengo||IronPlate|GoodasGold|MakeItRain,ShadowBall,NastyPlot,Protect||||||50|,,,,,Flying
|inactive|Battle timer is ON: inactive players will automatically lose when time's up. (requested by wittraid)
|inactive|Neofalcon has 60 seconds left.
|
|t:|1757157543
|teamsize|p1|4
|teamsize|p2|4
|start
|switch|p1a: Archaludon|Archaludon, L50, F|100/100
|switch|p1b: Pelipper|Pelipper, L50, F|100/100
|switch|p2a: Milotic|Milotic, L50, F|100/100
|switch|p2b: Garchomp|Garchomp, L50, F|100/100
|-weather|RainDance|[from] ability: Drizzle|[of] p1b: Pelipper
|turn|1
|
|t:|1757157563
|switch|p2b: Tyranitar|Tyranitar, L50, F|100/100
|-weather|Sandstorm|[from] ability: Sand Stream|[of] p2b: Tyranitar
|-terastallize|p1a: Archaludon|Grass
|move|p2a: Milotic|Icy Wind|p1a: Archaludon|[spread] p1a,p1b
|-supereffective|p1a: Archaludon
|-damage|p1a: Archaludon|86/100
|-damage|p1b: Pelipper|84/100
|-unboost|p1a: Archaludon|spe|1
|-unboost|p1b: Pelipper|spe|1
|-ability|p1a: Archaludon|Stamina|boost
|-boost|p1a: Archaludon|def|1
|move|p1a: Archaludon|Electro Shot||[still]
|-prepare|p1a: Archaludon|Electro Shot
|-boost|p1a: Archaludon|spa|1
|move|p1b: Pelipper|Tailwind|p1b: Pelipper
|-sidestart|p1: wittraid|move: Tailwind
|
|-weather|Sandstorm|[upkeep]
|-damage|p1a: Archaludon|80/100|[from] Sandstorm
|-damage|p1b: Pelipper|78/100|[from] Sandstorm
|upkeep
|turn|2
|inactive|Neofalcon has 30 seconds left.
|
|t:|1757157593
|switch|p1b: Sinistcha|Sinistcha-Masterpiece, L50|100/100
|-heal|p1a: Archaludon|100/100|[from] ability: Hospitality|[of] p1b: Sinistcha
|-terastallize|p2b: Tyranitar|Flying
|move|p1a: Archaludon|Electro Shot|p2a: Milotic|[from] lockedmove
|-supereffective|p2a: Milotic
|-damage|p2a: Milotic|6/100
|move|p2a: Milotic|Haze|p2a: Milotic
|-clearallboost
|move|p2b: Tyranitar|Tera Blast|p1a: Archaludon|[anim] Tera Blast Flying
|-supereffective|p1a: Archaludon
|-damage|p1a: Archaludon|43/100
|-ability|p1a: Archaludon|Stamina|boost
|-boost|p1a: Archaludon|def|1
|
|-weather|Sandstorm|[upkeep]
|-damage|p1a: Archaludon|37/100|[from] Sandstorm
|-damage|p1b: Sinistcha|94/100|[from] Sandstorm
|-damage|p2b: Tyranitar|95/100|[from] Sandstorm
|upkeep
|turn|3
|
|t:|1757157616
|switch|p1b: Pelipper|Pelipper, L50, F|78/100
|-weather|RainDance|[from] ability: Drizzle|[of] p1b: Pelipper
|switch|p2b: Garchomp|Garchomp, L50, F|100/100
|move|p2a: Milotic|Protect|p2a: Milotic
|-singleturn|p2a: Milotic|Protect
|move|p1a: Archaludon|Electro Shot||[still]
|-prepare|p1a: Archaludon|Electro Shot
|-boost|p1a: Archaludon|spa|1
|-anim|p1a: Archaludon|Electro Shot|p2b: Garchomp
|-immune|p2b: Garchomp
|
|-weather|RainDance|[upkeep]
|upkeep
|turn|4
|
|t:|1757157639
|switch|p1b: Sinistcha|Sinistcha-Masterpiece, L50|94/100
|-heal|p1a: Archaludon|61/100|[from] ability: Hospitality|[of] p1b: Sinistcha
|switch|p2a: Tyranitar|Tyranitar, L50, F, tera:Flying|95/100
|-weather|Sandstorm|[from] ability: Sand Stream|[of] p2a: Tyranitar
|move|p2b: Garchomp|Protect|p2b: Garchomp
|-singleturn|p2b: Garchomp|Protect
|move|p1a: Archaludon|Snarl|p2a: Tyranitar|[spread] p2a
|-activate|p2b: Garchomp|move: Protect
|-damage|p2a: Tyranitar|85/100
|-unboost|p2a: Tyranitar|spa|1
|
|-weather|Sandstorm|[upkeep]
|-damage|p1a: Archaludon|55/100|[from] Sandstorm
|-damage|p1b: Sinistcha|88/100|[from] Sandstorm
|-damage|p2a: Tyranitar|79/100|[from] Sandstorm
|-sideend|p1: wittraid|move: Tailwind
|upkeep
|turn|5
|inactive|Neofalcon has 30 seconds left.
|
|t:|1757157669
|switch|p2a: Milotic|Milotic, L50, F|6/100
|switch|p1b: Pelipper|Pelipper, L50, F|78/100
|-weather|RainDance|[from] ability: Drizzle|[of] p1b: Pelipper
|move|p2b: Garchomp|Dragon Claw|p1b: Pelipper
|-damage|p1b: Pelipper|21/100
|-damage|p2b: Garchomp|91/100|[from] item: Life Orb
|move|p1a: Archaludon|Electro Shot||[still]
|-prepare|p1a: Archaludon|Electro Shot
|-boost|p1a: Archaludon|spa|1
|-anim|p1a: Archaludon|Electro Shot|p2a: Milotic
|-supereffective|p2a: Milotic
|-damage|p2a: Milotic|0 fnt
|faint|p2a: Milotic
|
|-weather|RainDance|[upkeep]
|upkeep
|
|t:|1757157685
|switch|p2a: Tyranitar|Tyranitar, L50, F, tera:Flying|79/100
|-weather|Sandstorm|[from] ability: Sand Stream|[of] p2a: Tyranitar
|turn|6
|
|t:|1757157697
|switch|p1b: Sinistcha|Sinistcha-Masterpiece, L50|88/100
|-heal|p1a: Archaludon|80/100|[from] ability: Hospitality|[of] p1b: Sinistcha
|move|p2b: Garchomp|Protect|p2b: Garchomp
|-singleturn|p2b: Garchomp|Protect
|move|p1a: Archaludon|Dragon Pulse|p2b: Garchomp
|-activate|p2b: Garchomp|move: Protect
|move|p2a: Tyranitar|Knock Off|p1a: Archaludon
|-damage|p1a: Archaludon|56/100
|-ability|p1a: Archaludon|Stamina|boost
|-boost|p1a: Archaludon|def|1
|-enditem|p1a: Archaludon|Assault Vest|[from] move: Knock Off|[of] p2a: Tyranitar
|
|-weather|Sandstorm|[upkeep]
|-damage|p1a: Archaludon|50/100|[from] Sandstorm
|-damage|p2a: Tyranitar|73/100|[from] Sandstorm
|-damage|p1b: Sinistcha|82/100|[from] Sandstorm
|upkeep
|turn|7
|
|t:|1757157722
|switch|p1b: Pelipper|Pelipper, L50, F|21/100
|-weather|RainDance|[from] ability: Drizzle|[of] p1b: Pelipper
|move|p2b: Garchomp|Dragon Claw|p1b: Pelipper
|-damage|p1b: Pelipper|0 fnt
|faint|p1b: Pelipper
|-damage|p2b: Garchomp|81/100|[from] item: Life Orb
|move|p1a: Archaludon|Electro Shot||[still]
|-prepare|p1a: Archaludon|Electro Shot
|-boost|p1a: Archaludon|spa|1
|-anim|p1a: Archaludon|Electro Shot|p2a: Tyranitar
|-supereffective|p2a: Tyranitar
|-damage|p2a: Tyranitar|0 fnt
|faint|p2a: Tyranitar
|
|-weather|RainDance|[upkeep]
|upkeep
|
|t:|1757157737
|switch|p2a: Gholdengo|Gholdengo, L50|100/100
|switch|p1b: Sinistcha|Sinistcha-Masterpiece, L50|82/100
|-heal|p1a: Archaludon|75/100|[from] ability: Hospitality|[of] p1b: Sinistcha
|turn|8
|inactive|Neofalcon has 30 seconds left.
|
|t:|1757157764
|move|p1b: Sinistcha|Rage Powder|p1b: Sinistcha
|-singleturn|p1b: Sinistcha|move: Rage Powder
|move|p2b: Garchomp|Dragon Claw|p1b: Sinistcha
|-damage|p1b: Sinistcha|38/100
|-enditem|p1b: Sinistcha|Sitrus Berry|[eat]
|-heal|p1b: Sinistcha|63/100|[from] item: Sitrus Berry
|-damage|p2b: Garchomp|71/100|[from] item: Life Orb
|move|p2a: Gholdengo|Make It Rain|p1b: Sinistcha|[spread] p1a,p1b
|-damage|p1a: Archaludon|20/100
|-damage|p1b: Sinistcha|9/100
|-unboost|p2a: Gholdengo|spa|1
|-ability|p1a: Archaludon|Stamina|boost
|-boost|p1a: Archaludon|def|1
|move|p1a: Archaludon|Electro Shot||[still]
|-prepare|p1a: Archaludon|Electro Shot
|-boost|p1a: Archaludon|spa|1
|-anim|p1a: Archaludon|Electro Shot|p2a: Gholdengo
|-damage|p2a: Gholdengo|0 fnt
|faint|p2a: Gholdengo
|
|-weather|RainDance|[upkeep]
|upkeep
|turn|9
|inactive|Neofalcon has 30 seconds left.
|
|t:|1757157793
|move|p1b: Sinistcha|Rage Powder|p1b: Sinistcha
|-singleturn|p1b: Sinistcha|move: Rage Powder
|move|p2b: Garchomp|Dragon Claw|p1b: Sinistcha
|-damage|p1b: Sinistcha|0 fnt
|faint|p1b: Sinistcha
|-damage|p2b: Garchomp|61/100|[from] item: Life Orb
|move|p1a: Archaludon|Dragon Pulse|p2b: Garchomp
|-supereffective|p2b: Garchomp
|-damage|p2b: Garchomp|0 fnt
|faint|p2b: Garchomp
|
|win|wittraid
|raw|wittraid's rating: 1298 → 1316(+18 for winning)
|raw|Neofalcon's rating: 1197 → 1179(-18 for losing)
|l|☆Neofalcon
|player|p2|
