|j|☆Reckzz
|j|☆Atlanta Rat
|html|ReckzzAtlanta Rat    
|uhtml|bestof|Game 1 of a best-of-3
|t:|1785078747
|gametype|doubles
|player|p1|Reckzz|169|1197
|player|p2|Atlanta Rat|rood|1227
|gen|9
|tier|[Gen 9 Champions] VGC 2026 Reg M-B (Bo3)
|rated|
|rule|Species Clause: Limit one of each Pokémon
|rule|Item Clause: Limit 1 of each item
|clearpoke
|poke|p1|Tyranitar, L50, M|
|poke|p1|Excadrill, L50, F|
|poke|p1|Milotic, L50, F|
|poke|p1|Sinistcha, L50|
|poke|p1|Staraptor, L50, M|
|poke|p1|Gholdengo, L50|
|poke|p2|Raichu, L50, F|
|poke|p2|Sinistcha, L50|
|poke|p2|Incineroar, L50, M|
|poke|p2|Sylveon, L50, M|
|poke|p2|Metagross, L50|
|poke|p2|Hydreigon, L50, M|
|teampreview|4
|showteam|p1|Tyranitar||Tyranitarite|SandStream|KnockOff,RockSlide,HighHorsepower,Protect|Jolly||M|||50|]Excadrill||FocusSash|SandRush|Earthquake,IronHead,RockSlide,Protect|Adamant||F|||50|]Milotic||SitrusBerry|Competitive|Scald,IcyWind,Haze,Protect|Calm||F|||50|]Sinistcha||ColburBerry|Hospitality|MatchaGotcha,ShadowBall,Protect,RagePowder|Bold|||||50|]Staraptor||Staraptite|Intimidate|CloseCombat,BraveBird,Tailwind,Protect|Jolly||M|||50|]Gholdengo||LifeOrb|GoodasGold|MakeItRain,ShadowBall,NastyPlot,Protect|Modest|||||50|
|showteam|p2|Raichu||RaichuniteY|LightningRod|ZapCannon,FocusBlast,FakeOut,Protect|Timid||F|||50|]Sinistcha||SitrusBerry|Hospitality|MatchaGotcha,RagePowder,TrickRoom,Protect|Bold|||||50|]Incineroar||ShucaBerry|Intimidate|FlareBlitz,DarkestLariat,PartingShot,FakeOut|Careful||M|||50|]Sylveon||FairyFeather|Pixilate|HyperVoice,QuickAttack,CalmMind,Protect|Modest||M|||50|]Metagross||Metagrossite|ClearBody|HardPress,BodyPress,PsychicFangs,Protect|Adamant|||||50|]Hydreigon||ChoiceScarf|Levitate|DracoMeteor,DarkPulse,EarthPower,Snarl|Modest||M|||50|
|
|t:|1785078823
|teamsize|p1|4
|teamsize|p2|4
|start
|switch|p1a: Milotic|Milotic, L50, F|100/100
|switch|p1b: Gholdengo|Gholdengo, L50|100/100
|switch|p2a: Incineroar|Incineroar, L50, M|100/100
|switch|p2b: Hydreigon|Hydreigon, L50, M|100/100
|-ability|p2a: Incineroar|Intimidate|boost
|-unboost|p1a: Milotic|atk|1
|-ability|p1a: Milotic|Competitive|boost
|-boost|p1a: Milotic|spa|2
|-unboost|p1b: Gholdengo|atk|1
|turn|1
|
|t:|1785078862
|switch|p1b: Tyranitar|Tyranitar, L50, M|100/100
|-weather|Sandstorm|[from] ability: Sand Stream|[of] p1b: Tyranitar
|move|p2a: Incineroar|Fake Out|p1a: Milotic
|-damage|p1a: Milotic|90/100
|move|p2b: Hydreigon|Dark Pulse|p1b: Tyranitar
|-resisted|p1b: Tyranitar|1
|-damage|p1b: Tyranitar|85/100
|cant|p1a: Milotic|flinch
|
|-weather|Sandstorm|[upkeep]
|-damage|p2b: Hydreigon|94/100|[from] Sandstorm
|-damage|p1a: Milotic|84/100|[from] Sandstorm
|-damage|p2a: Incineroar|93/100|[from] Sandstorm
|upkeep
|turn|2
|
|t:|1785078884
|move|p2b: Hydreigon|Dark Pulse|p1a: Milotic
|-damage|p1a: Milotic|55/100
|move|p1b: Tyranitar|Rock Slide|p2a: Incineroar|[spread] p2a,p2b
|-supereffective|p2a: Incineroar|1
|-damage|p2a: Incineroar|41/100
|-damage|p2b: Hydreigon|59/100
|move|p1a: Milotic|Icy Wind|p2b: Hydreigon|[spread] p2a,p2b
|-resisted|p2a: Incineroar|1
|-supereffective|p2b: Hydreigon|1
|-damage|p2a: Incineroar|34/100
|-damage|p2b: Hydreigon|17/100
|-unboost|p2a: Incineroar|spe|1
|-unboost|p2b: Hydreigon|spe|1
|move|p2a: Incineroar|Parting Shot|p1b: Tyranitar
|-unboost|p1b: Tyranitar|atk|1
|-unboost|p1b: Tyranitar|spa|1
|
|t:|1785078899
|switch|p2a: Raichu|Raichu, L50, F|100/100|[from] Parting Shot
|
|-weather|Sandstorm|[upkeep]
|-damage|p2a: Raichu|94/100|[from] Sandstorm
|-damage|p2b: Hydreigon|11/100|[from] Sandstorm
|-damage|p1a: Milotic|50/100y|[from] Sandstorm
|-enditem|p1a: Milotic|Sitrus Berry|[eat]
|-heal|p1a: Milotic|74/100|[from] item: Sitrus Berry
|upkeep
|turn|3
|
|t:|1785078923
|switch|p2b: Incineroar|Incineroar, L50, M|34/100
|-ability|p2b: Incineroar|Intimidate|boost
|-unboost|p1a: Milotic|atk|1
|-ability|p1a: Milotic|Competitive|boost
|-boost|p1a: Milotic|spa|2
|-unboost|p1b: Tyranitar|atk|1
|detailschange|p2a: Raichu|Raichu-Mega-Y, L50, F
|-mega|p2a: Raichu|Raichu|Raichunite Y
|move|p2a: Raichu|Zap Cannon|p1a: Milotic
|-supereffective|p1a: Milotic|1
|-damage|p1a: Milotic|0 fnt
|faint|p1a: Milotic
|move|p1b: Tyranitar|High Horsepower|p2a: Raichu
|-supereffective|p2a: Raichu|1
|-damage|p2a: Raichu|46/100
|
|-weather|Sandstorm|[upkeep]
|-damage|p2a: Raichu|40/100|[from] Sandstorm
|-damage|p2b: Incineroar|28/100|[from] Sandstorm
|upkeep
|
|t:|1785078938
|switch|p1a: Excadrill|Excadrill, L50, F|100/100
|turn|4
|
|t:|1785078948
|move|p1a: Excadrill|Protect|p1a: Excadrill
|-singleturn|p1a: Excadrill|Protect
|move|p1b: Tyranitar|Protect|p1b: Tyranitar
|-singleturn|p1b: Tyranitar|Protect
|move|p2b: Incineroar|Fake Out|p1a: Excadrill
|-activate|p1a: Excadrill|move: Protect
|move|p2a: Raichu|Focus Blast|p1b: Tyranitar
|-activate|p1b: Tyranitar|move: Protect
|
|-weather|Sandstorm|[upkeep]
|-damage|p2a: Raichu|34/100|[from] Sandstorm
|-damage|p2b: Incineroar|22/100|[from] Sandstorm
|upkeep
|turn|5
|
|t:|1785078978
|switch|p1b: Gholdengo|Gholdengo, L50|100/100
|switch|p2b: Sinistcha|Sinistcha, L50|100/100
|-heal|p2a: Raichu|58/100|[from] ability: Hospitality|[of] p2b: Sinistcha
|move|p2a: Raichu|Protect|p2a: Raichu
|-singleturn|p2a: Raichu|Protect
|move|p1a: Excadrill|Rock Slide|p2b: Sinistcha|[spread] p2b
|-activate|p2a: Raichu|move: Protect
|-damage|p2b: Sinistcha|79/100
|
|-weather|none
|upkeep
|turn|6
|
|t:|1785079011
|switch|p2a: Incineroar|Incineroar, L50, M|22/100
|-ability|p2a: Incineroar|Intimidate|boost
|-unboost|p1a: Excadrill|atk|1
|-unboost|p1b: Gholdengo|atk|1
|switch|p1a: Tyranitar|Tyranitar, L50, M|85/100
|-weather|Sandstorm|[from] ability: Sand Stream|[of] p1a: Tyranitar
|move|p1b: Gholdengo|Shadow Ball|p2b: Sinistcha
|-supereffective|p2b: Sinistcha|1
|-damage|p2b: Sinistcha|0 fnt
|faint|p2b: Sinistcha
|-damage|p1b: Gholdengo|90/100|[from] item: Life Orb
|
|-weather|Sandstorm|[upkeep]
|-damage|p2a: Incineroar|16/100|[from] Sandstorm
|upkeep
|
|t:|1785079031
|switch|p2b: Raichu|Raichu-Mega-Y, L50, F|58/100
|turn|7
|
|t:|1785079057
|detailschange|p1a: Tyranitar|Tyranitar-Mega, L50, M
|-mega|p1a: Tyranitar|Tyranitar|Tyranitarite
|move|p2b: Raichu|Focus Blast|p1a: Tyranitar
|-supereffective|p1a: Tyranitar|2
|-damage|p1a: Tyranitar|0 fnt
|faint|p1a: Tyranitar
|move|p1b: Gholdengo|Shadow Ball|p2b: Raichu
|-damage|p2b: Raichu|0 fnt
|faint|p2b: Raichu
|-damage|p1b: Gholdengo|80/100|[from] item: Life Orb
|move|p2a: Incineroar|Flare Blitz|p1b: Gholdengo
|-supereffective|p1b: Gholdengo|1
|-damage|p1b: Gholdengo|4/100
|-damage|p2a: Incineroar|0 fnt|[from] Recoil
|faint|p2a: Incineroar
|
|-weather|Sandstorm|[upkeep]
|upkeep
|
|t:|1785079070
|switch|p2b: Hydreigon|Hydreigon, L50, M|11/100
|switch|p1a: Excadrill|Excadrill, L50, F|100/100
|turn|8
|
|t:|1785079078
|move|p1a: Excadrill|Iron Head|p2b: Hydreigon
|-damage|p2b: Hydreigon|0 fnt
|faint|p2b: Hydreigon
|
|win|Reckzz
