|j|☆Vicentefc2
|j|☆delphigni
|html|Vicentefc2delphigni    
|uhtml|bestof|Game 3 of a best-of-3
|t:|1757204058
|gametype|doubles
|player|p1|Vicentefc2|hilbert|1108
|player|p2|delphigni|dawn|1194
|gen|9
|tier|[Gen 9] VGC 2025 Reg H (Bo3)
|rated|
|rule|Species Clause: Limit one of each Pokémon
|rule|Item Clause: Limit 1 of each item
|clearpoke
|poke|p1|Rillaboom, L50, M|
|poke|p1|Annihilape, L50, M|
|poke|p1|Whimsicott, L50, M|
|poke|p1|Archaludon, L50, M|
|poke|p1|Ursaluna-Bloodmoon, L50, M|
|poke|p1|Milotic, L50, M|
|poke|p2|Kommo-o, L50, F|
|poke|p2|Primarina, L50, F|
|poke|p2|Rillaboom, L50, M|
|poke|p2|Electabuzz, L50, F|
|poke|p2|Sneasler, L50, F|
|poke|p2|Talonflame, L50, F|
|teampreview|4
|showteam|p1|Rillaboom||AssaultVest|GrassySurge|WoodHammer,GrassyGlide,Uturn,FakeOut|||M|||50|,,,,,Fire]Annihilape||Leftovers|Defiant|DrainPunch,RageFist,BulkUp,Protect|||M|||50|,,,,,Fire]Whimsicott||CovertCloak|Prankster|Moonblast,Tailwind,Taunt,BeatUp|||M|||50|,,,,,Steel]Archaludon||PowerHerb|Stamina|ElectroShot,FlashCannon,BodyPress,Protect|||M|||50|,,,,,Poison]Ursaluna-Bloodmoon||LifeOrb|MindsEye|BloodMoon,HyperVoice,EarthPower,Protect|||M|||50|,,,,,Normal]Milotic||SafetyGoggles|Competitive|Scald,IceBeam,RainDance,Haze|||M|||50|,,,,,Poison
|showteam|p2|Kommo-o||ThroatSpray|Soundproof|ClangingScales,Flamethrower,ClangorousSoul,Protect|||F|||50|,,,,,Fire]Primarina||LifeOrb|LiquidVoice|HyperVoice,Moonblast,Haze,Protect|||F|||50|,,,,,Poison]Rillaboom||AssaultVest|GrassySurge|WoodHammer,GrassyGlide,FakeOut,HighHorsepower|||M|||50|,,,,,Fire]Electabuzz||Eviolite|VitalSpirit|FollowMe,Electroweb,Taunt,Protect|||F|||50|,,,,,Dragon]Sneasler||FocusSash|Unburden|DireClaw,CloseCombat,ThroatChop,Protect|||F|||50|,,,,,Dark]Talonflame||SharpBeak|GaleWings|BraveBird,WillOWisp,Tailwind,Protect|||F|||50|,,,,,Ghost
|inactive|Battle timer is ON: inactive players will automatically lose when time's up. (requested by delphigni)
|
|t:|1757204085
|teamsize|p1|4
|teamsize|p2|4
|start
|switch|p1a: Archaludon|Archaludon, L50, M|100/100
|switch|p1b: Rillaboom|Rillaboom, L50, M|100/100
|switch|p2a: Bumblebirb|Electabuzz, L50, F, shiny|100/100
|switch|p2b: Primlance|Primarina, L50, F, shiny|100/100
|-fieldstart|move: Grassy Terrain|[from] ability: Grassy Surge|[of] p1b: Rillaboom
|turn|1
|
|t:|1757204106
|move|p2a: Bumblebirb|Protect|p2a: Bumblebirb
|-singleturn|p2a: Bumblebirb|Protect
|move|p2b: Primlance|Protect|p2b: Primlance
|-singleturn|p2b: Primlance|Protect
|move|p1b: Rillaboom|U-turn|p1a: Archaludon
|-resisted|p1a: Archaludon
|-damage|p1a: Archaludon|91/100
|-ability|p1a: Archaludon|Stamina|boost
|-boost|p1a: Archaludon|def|1
|
|t:|1757204111
|switch|p1b: Ursaluna|Ursaluna-Bloodmoon, L50, M|100/100|[from] U-turn
|move|p1a: Archaludon|Body Press|p2a: Bumblebirb
|-activate|p2a: Bumblebirb|move: Protect
|
|-heal|p1a: Archaludon|97/100|[from] Grassy Terrain
|upkeep
|turn|2
|
|t:|1757204125
|-terastallize|p1b: Ursaluna|Normal
|move|p2a: Bumblebirb|Follow Me|p2a: Bumblebirb
|-singleturn|p2a: Bumblebirb|move: Follow Me
|move|p1a: Archaludon|Body Press|p2a: Bumblebirb
|-damage|p2a: Bumblebirb|67/100
|move|p2b: Primlance|Hyper Voice|p1b: Ursaluna|[spread] p1a,p1b
|-resisted|p1a: Archaludon
|-damage|p1a: Archaludon|76/100
|-damage|p1b: Ursaluna|54/100
|-ability|p1a: Archaludon|Stamina|boost
|-boost|p1a: Archaludon|def|1
|-damage|p2b: Primlance|91/100|[from] item: Life Orb
|move|p1b: Ursaluna|Blood Moon|p2a: Bumblebirb
|-damage|p2a: Bumblebirb|0 fnt
|faint|p2a: Bumblebirb
|-damage|p1b: Ursaluna|44/100|[from] item: Life Orb
|
|-heal|p1a: Archaludon|82/100|[from] Grassy Terrain
|-heal|p2b: Primlance|97/100|[from] Grassy Terrain
|-heal|p1b: Ursaluna|50/100|[from] Grassy Terrain
|upkeep
|
|t:|1757204134
|switch|p2a: Calamity|Sneasler, L50, F, shiny|100/100
|turn|3
|
|t:|1757204156
|-terastallize|p2b: Primlance|Poison
|move|p1a: Archaludon|Protect|p1a: Archaludon
|-singleturn|p1a: Archaludon|Protect
|move|p2a: Calamity|Close Combat|p1b: Ursaluna
|-supereffective|p1b: Ursaluna
|-damage|p1b: Ursaluna|0 fnt
|-unboost|p2a: Calamity|def|1
|-unboost|p2a: Calamity|spd|1
|faint|p1b: Ursaluna
|move|p2b: Primlance|Haze|p2b: Primlance
|-clearallboost
|
|-heal|p1a: Archaludon|88/100|[from] Grassy Terrain
|-heal|p2b: Primlance|100/100|[from] Grassy Terrain
|upkeep
|
|t:|1757204164
|switch|p1b: Rillaboom|Rillaboom, L50, M|100/100
|turn|4
|
|t:|1757204174
|move|p2a: Calamity|Protect|p2a: Calamity
|-singleturn|p2a: Calamity|Protect
|move|p1b: Rillaboom|Fake Out|p2a: Calamity
|-activate|p2a: Calamity|move: Protect
|move|p1a: Archaludon|Electro Shot||[still]
|-prepare|p1a: Archaludon|Electro Shot
|-boost|p1a: Archaludon|spa|1
|-enditem|p1a: Archaludon|Power Herb
|-anim|p1a: Archaludon|Electro Shot|p2a: Calamity
|-activate|p2a: Calamity|move: Protect
|move|p2b: Primlance|Moonblast|p1a: Archaludon
|-damage|p1a: Archaludon|29/100
|-ability|p1a: Archaludon|Stamina|boost
|-boost|p1a: Archaludon|def|1
|-damage|p2b: Primlance|91/100|[from] item: Life Orb
|
|-heal|p1a: Archaludon|35/100|[from] Grassy Terrain
|-heal|p2b: Primlance|97/100|[from] Grassy Terrain
|upkeep
|turn|5
|
|t:|1757204197
|switch|p1b: Annihilape|Annihilape, L50, M|100/100
|move|p1a: Archaludon|Protect|p1a: Archaludon
|-singleturn|p1a: Archaludon|Protect
|move|p2a: Calamity|Close Combat|p1a: Archaludon
|-activate|p1a: Archaludon|move: Protect
|move|p2b: Primlance|Hyper Voice|p1b: Annihilape|[spread] p1b
|-activate|p1a: Archaludon|move: Protect
|-damage|p1b: Annihilape|69/100
|-damage|p2b: Primlance|87/100|[from] item: Life Orb
|
|-heal|p1b: Annihilape|75/100|[from] Grassy Terrain
|-heal|p1b: Annihilape|81/100|[from] item: Leftovers
|-heal|p1a: Archaludon|41/100|[from] Grassy Terrain
|-heal|p2b: Primlance|93/100|[from] Grassy Terrain
|-fieldend|move: Grassy Terrain
|upkeep
|turn|6
|inactive|delphigni has 30 seconds left.
|
|t:|1757204228
|switch|p2b: Yharon|Talonflame, L50, F, shiny|100/100
|move|p2a: Calamity|Protect|p2a: Calamity
|-singleturn|p2a: Calamity|Protect
|move|p1b: Annihilape|Rage Fist|p2b: Yharon
|-damage|p2b: Yharon|46/100
|move|p1a: Archaludon|Flash Cannon|p2b: Yharon
|-resisted|p2b: Yharon
|-damage|p2b: Yharon|8/100
|
|-heal|p1b: Annihilape|87/100|[from] item: Leftovers
|upkeep
|turn|7
|
|t:|1757204249
|move|p2b: Yharon|Tailwind|p2b: Yharon
|-sidestart|p2: delphigni|move: Tailwind
|move|p2a: Calamity|Close Combat|p1a: Archaludon
|-supereffective|p1a: Archaludon
|-damage|p1a: Archaludon|0 fnt
|-unboost|p2a: Calamity|def|1
|-unboost|p2a: Calamity|spd|1
|faint|p1a: Archaludon
|move|p1b: Annihilape|Rage Fist|p2a: Calamity
|-damage|p2a: Calamity|2/100
|
|-heal|p1b: Annihilape|93/100|[from] item: Leftovers
|upkeep
|
|t:|1757204253
|switch|p1a: Rillaboom|Rillaboom, L50, M|100/100
|-fieldstart|move: Grassy Terrain|[from] ability: Grassy Surge|[of] p1a: Rillaboom
|turn|8
|
|t:|1757204266
|move|p2b: Yharon|Protect|p2b: Yharon
|-singleturn|p2b: Yharon|Protect
|move|p2a: Calamity|Protect|p2a: Calamity
|-singleturn|p2a: Calamity|Protect
|move|p1a: Rillaboom|Grassy Glide|p2b: Yharon
|-activate|p2b: Yharon|move: Protect
|move|p1b: Annihilape|Bulk Up|p1b: Annihilape
|-boost|p1b: Annihilape|atk|1
|-boost|p1b: Annihilape|def|1
|
|-heal|p2a: Calamity|8/100|[from] Grassy Terrain
|-heal|p1b: Annihilape|99/100|[from] Grassy Terrain
|-heal|p1b: Annihilape|100/100|[from] item: Leftovers
|upkeep
|turn|9
|
|t:|1757204289
|move|p1a: Rillaboom|Grassy Glide|p2b: Yharon
|-resisted|p2b: Yharon
|-damage|p2b: Yharon|0 fnt
|faint|p2b: Yharon
|move|p2a: Calamity|Dire Claw|p1a: Rillaboom
|-supereffective|p1a: Rillaboom
|-damage|p1a: Rillaboom|8/100
|move|p1b: Annihilape|Bulk Up|p1b: Annihilape
|-boost|p1b: Annihilape|atk|1
|-boost|p1b: Annihilape|def|1
|
|-heal|p2a: Calamity|14/100|[from] Grassy Terrain
|-heal|p1a: Rillaboom|14/100|[from] Grassy Terrain
|upkeep
|
|t:|1757204293
|switch|p2b: Primlance|Primarina, L50, F, shiny, tera:Poison|93/100
|turn|10
|
|t:|1757204304
|move|p2a: Calamity|Protect|p2a: Calamity
|-singleturn|p2a: Calamity|Protect
|move|p1a: Rillaboom|Grassy Glide|p2b: Primlance
|-resisted|p2b: Primlance
|-damage|p2b: Primlance|66/100
|move|p2b: Primlance|Moonblast|p1b: Annihilape
|-supereffective|p1b: Annihilape
|-damage|p1b: Annihilape|3/100
|-damage|p2b: Primlance|56/100|[from] item: Life Orb
|move|p1b: Annihilape|Rage Fist|p2b: Primlance
|-damage|p2b: Primlance|0 fnt
|faint|p2b: Primlance
|
|-heal|p2a: Calamity|20/100|[from] Grassy Terrain
|-heal|p1b: Annihilape|9/100|[from] Grassy Terrain
|-heal|p1b: Annihilape|15/100|[from] item: Leftovers
|-heal|p1a: Rillaboom|20/100|[from] Grassy Terrain
|-sideend|p2: delphigni|move: Tailwind
|upkeep
|turn|11
|
|t:|1757204321
|move|p1a: Rillaboom|Grassy Glide|p2a: Calamity
|-resisted|p2a: Calamity
|-damage|p2a: Calamity|0 fnt
|faint|p2a: Calamity
|
|win|Vicentefc2
|raw|Vicentefc2's rating: 1108 → 1139(+31 for winning)
|raw|delphigni's rating: 1194 → 1163(-31 for losing)
|l|☆Vicentefc2
|player|p1|
