|j|☆UpstartMannekin
|j|☆flameblade_0012
|html|UpstartMannekinflameblade_0012    
|uhtml|bestof|Game 2 of a best-of-3
|t:|1784392305
|gametype|doubles
|player|p1|UpstartMannekin|cheren|1110
|player|p2|flameblade_0012|dawn-gen4pt|1088
|gen|9
|tier|[Gen 9 Champions] VGC 2026 Reg M-B (Bo3)
|rated|
|rule|Species Clause: Limit one of each Pokémon
|rule|Item Clause: Limit 1 of each item
|clearpoke
|poke|p1|Froslass, L50, F|
|poke|p1|Dragonite, L50, F|
|poke|p1|Toxapex, L50, F|
|poke|p1|Sneasler, L50, F|
|poke|p1|Kingambit, L50, F|
|poke|p1|Blaziken, L50, F|
|poke|p2|Raichu, L50, M|
|poke|p2|Whimsicott, L50, F|
|poke|p2|Garchomp, L50, M|
|poke|p2|Farigiraf, L50, F|
|poke|p2|Basculegion, L50, M|
|poke|p2|Ceruledge, L50, F|
|teampreview|4
|showteam|p1|Froslass||Froslassite|CursedBody|Blizzard,ShadowBall,AuroraVeil,Protect|Timid||F|||50|]Dragonite||LifeOrb|InnerFocus|DragonClaw,ExtremeSpeed,LowKick,Protect|Adamant||F|||50|]Toxapex||Leftovers|Regenerator|Infestation,Toxic,WideGuard,BanefulBunker|Bold||F|||50|]Sneasler||FocusSash|PoisonTouch|CloseCombat,PoisonJab,FakeOut,Protect|Jolly||F|||50|]Kingambit||BlackGlasses|Defiant|KowtowCleave,IronHead,SuckerPunch,Protect|Adamant||F|||50|]Blaziken||Blazikenite|SpeedBoost|CloseCombat,FlareBlitz,RockSlide,Protect|Adamant||F|||50|
|showteam|p2|Raichu||RaichuniteY|LightningRod|FakeOut,ZapCannon,Protect,FocusBlast|Modest||M|||50|]Whimsicott||FocusSash|Prankster|Tailwind,Moonblast,Protect,Encore|Timid||F|||50|]Garchomp||LifeOrb|RoughSkin|RockSlide,DragonClaw,StompingTantrum,Protect|Adamant||M|||50|]Farigiraf||ColburBerry|ArmorTail|TrickRoom,Psychic,HyperVoice,Protect|Serious||F|||50|]Basculegion||MysticWater|Adaptability|WaveCrash,AquaJet,Protect,LastRespects|Adamant||M|||50|]Ceruledge||Leftovers|FlashFire|BulkUp,BitterBlade,ShadowSneak,ShadowClaw|Adamant||F|||50|
|inactive|Battle timer is ON: inactive players will automatically lose when time's up. (requested by flameblade_0012)
|
|t:|1784392323
|teamsize|p1|4
|teamsize|p2|4
|start
|switch|p1a: Kingambit|Kingambit, L50, F|100/100
|switch|p1b: Froslass|Froslass, L50, F|100/100
|switch|p2a: Raichu|Raichu, L50, M|100/100
|switch|p2b: Whimsicott|Whimsicott, L50, F|100/100
|turn|1
|
|t:|1784392345
|detailschange|p1b: Froslass|Froslass-Mega, L50, F
|-mega|p1b: Froslass|Froslass|Froslassite
|-weather|Snowscape|[from] ability: Snow Warning|[of] p1b: Froslass
|detailschange|p2a: Raichu|Raichu-Mega-Y, L50, M
|-mega|p2a: Raichu|Raichu|Raichunite Y
|move|p1a: Kingambit|Protect|p1a: Kingambit
|-singleturn|p1a: Kingambit|Protect
|move|p2b: Whimsicott|Tailwind|p2b: Whimsicott
|-sidestart|p2: flameblade_0012|move: Tailwind
|move|p2a: Raichu|Focus Blast|p1a: Kingambit
|-activate|p1a: Kingambit|move: Protect
|move|p1b: Froslass|Blizzard|p2a: Raichu|[spread] p2a,p2b
|-supereffective|p2b: Whimsicott|1
|-damage|p2a: Raichu|53/100
|-enditem|p2b: Whimsicott|Focus Sash
|-damage|p2b: Whimsicott|1/100
|
|-weather|Snowscape|[upkeep]
|upkeep
|turn|2
|
|t:|1784392359
|switch|p2b: Farigiraf|Farigiraf, L50, F|100/100
|move|p1a: Kingambit|Sucker Punch||[still]
|cant|p2b: Farigiraf|ability: Armor Tail|Sucker Punch|[of] p1a: Kingambit
|move|p2a: Raichu|Focus Blast|p1a: Kingambit
|-supereffective|p1a: Kingambit|2
|-damage|p1a: Kingambit|0 fnt
|faint|p1a: Kingambit
|move|p1b: Froslass|Blizzard|p2b: Farigiraf|[spread] p2a,p2b
|-damage|p2a: Raichu|5/100
|-damage|p2b: Farigiraf|61/100
|-status|p2b: Farigiraf|frz
|
|-weather|Snowscape|[upkeep]
|upkeep
|
|t:|1784392365
|switch|p1a: Sneasler|Sneasler, L50, F|100/100
|turn|3
|
|t:|1784392383
|switch|p2b: Garchomp|Garchomp, L50, M|100/100
|move|p2a: Raichu|Zap Cannon|p1b: Froslass
|-damage|p1b: Froslass|15/100
|-status|p1b: Froslass|par
|move|p1a: Sneasler|Poison Jab|p2b: Garchomp
|-resisted|p2b: Garchomp|1
|-damage|p2b: Garchomp|83/100
|-damage|p1a: Sneasler|87/100|[from] ability: Rough Skin|[of] p2b: Garchomp
|-status|p2b: Garchomp|psn|[from] ability: Poison Touch|[of] p1a: Sneasler
|move|p1b: Froslass|Blizzard|p2a: Raichu|[spread] p2a,p2b
|-supereffective|p2b: Garchomp|2
|-damage|p2a: Raichu|0 fnt
|-damage|p2b: Garchomp|0 fnt
|faint|p2a: Raichu
|faint|p2b: Garchomp
|
|-weather|Snowscape|[upkeep]
|upkeep
|
|t:|1784392397
|switch|p2a: Whimsicott|Whimsicott, L50, F|1/100
|switch|p2b: Farigiraf|Farigiraf, L50, F|61/100 frz
|turn|4
|
|t:|1784392406
|move|p2a: Whimsicott|Moonblast|p1b: Froslass
|-damage|p1b: Froslass|0 fnt
|faint|p1b: Froslass
|move|p1a: Sneasler|Poison Jab|p2a: Whimsicott
|-supereffective|p2a: Whimsicott|2
|-damage|p2a: Whimsicott|0 fnt
|faint|p2a: Whimsicott
|cant|p2b: Farigiraf|frz
|
|-weather|Snowscape|[upkeep]
|-sideend|p2: flameblade_0012|move: Tailwind
|upkeep
|
|t:|1784392410
|switch|p1b: Dragonite|Dragonite, L50, F|100/100
|turn|5
|
|t:|1784392418
|move|p1a: Sneasler|Close Combat|p2b: Farigiraf
|-damage|p2b: Farigiraf|0 fnt
|-unboost|p1a: Sneasler|def|1
|-unboost|p1a: Sneasler|spd|1
|faint|p2b: Farigiraf
|
|win|UpstartMannekin
|raw|UpstartMannekin's rating: 1110 → 1133(+23 for winning)
|raw|flameblade_0012's rating: 1088 → 1066(-22 for losing)
|l|☆flameblade_0012
|player|p2|
