|j|☆Tera Park Boys
|j|☆D5f2
|html|Tera Park BoysD5f2    
|uhtml|bestof|Game 2 of a best-of-3
|t:|1757916809
|gametype|doubles
|player|p1|Tera Park Boys|hooligans|1092
|player|p2|D5f2|nate|1230
|gen|9
|tier|[Gen 9] VGC 2025 Reg H (Bo3)
|rated|
|rule|Species Clause: Limit one of each Pokémon
|rule|Item Clause: Limit 1 of each item
|clearpoke
|poke|p1|Dondozo, L50, F|
|poke|p1|Tatsugiri, L50, F|
|poke|p1|Glimmora, L50, F|
|poke|p1|Garchomp, L50, F|
|poke|p1|Tyranitar, L50, F|
|poke|p1|Weezing, L50, M|
|poke|p2|Arcanine-Hisui, L50, M|
|poke|p2|Whimsicott, L50, F|
|poke|p2|Dragapult, L50, M|
|poke|p2|Ursaluna-Bloodmoon, L50, M|
|poke|p2|Clefairy, L50, F|
|poke|p2|Annihilape, L50, M|
|teampreview|4
|showteam|p1|Dondozo||Leftovers|Unaware|Earthquake,OrderUp,WaveCrash,Protect|||F|||50|,,,,,Grass]Tatsugiri||ChoiceScarf|Commander|MuddyWater,IcyWind,DragonPulse,SleepTalk|||F|||50|,,,,,Water]Glimmora||FocusSash|ToxicDebris|MortalSpin,EarthPower,SludgeBomb,SpikyShield|||F|||50|,,,,,Grass]Garchomp||CovertCloak|RoughSkin|RockSlide,Earthquake,Protect,IronHead|||F|||50|,,,,,Steel]Tyranitar||AssaultVest|SandStream|RockSlide,KnockOff,TeraBlast,LowKick|||F|||50|,,,,,Flying]Weezing||SitrusBerry|Levitate|Toxic,WillOWisp,Flamethrower,Protect|||M|||50|,,,,,Electric
|showteam|p2|Arcanine-Hisui||MirrorHerb|Intimidate|FlareBlitz,RockSlide,ExtremeSpeed,Protect|||M|||50|,,,,,Water]Whimsicott||CovertCloak|Prankster|Moonblast,Tailwind,BeatUp,Encore|||F|||50|,,,,,Dark]Dragapult||ChoiceBand|ClearBody|DragonDarts,Uturn,TeraBlast,PhantomForce|||M|||50|,,,,,Ghost]Ursaluna-Bloodmoon||SilkScarf|MindsEye|HyperVoice,BloodMoon,EarthPower,Protect|||M|||50|,,,,,Normal]Clefairy||Eviolite|FriendGuard|HelpingHand,FollowMe,AfterYou,Protect|||F|||50|,,,,,Grass]Annihilape||SafetyGoggles|Defiant|RageFist,CloseCombat,FinalGambit,Coaching|||M|||50|,,,,,Fire
|inactive|Battle timer is ON: inactive players will automatically lose when time's up. (requested by Tera Park Boys)
|inactive|Tera Park Boys has 60 seconds left.
|inactive|D5f2 has 60 seconds left.
|
|t:|1757916850
|teamsize|p1|4
|teamsize|p2|4
|start
|switch|p1a: Weezing|Weezing, L50, M|100/100
|switch|p1b: Tyranitar|Tyranitar, L50, F|100/100
|switch|p2a: Ursaluna|Ursaluna-Bloodmoon, L50, M|100/100
|switch|p2b: Whimsicott|Whimsicott, L50, F|100/100
|-weather|Sandstorm|[from] ability: Sand Stream|[of] p1b: Tyranitar
|turn|1
|
|t:|1757916872
|switch|p2b: Annihilape|Annihilape, L50, M|100/100
|-terastallize|p1b: Tyranitar|Flying
|move|p2a: Ursaluna|Earth Power|p1b: Tyranitar
|-immune|p1b: Tyranitar
|move|p1b: Tyranitar|Tera Blast|p2b: Annihilape|[anim] Tera Blast Flying
|-supereffective|p2b: Annihilape
|-damage|p2b: Annihilape|0 fnt
|faint|p2b: Annihilape
|move|p1a: Weezing|Toxic|p2a: Ursaluna
|-status|p2a: Ursaluna|tox
|
|-weather|Sandstorm|[upkeep]
|-damage|p1b: Tyranitar|95/100|[from] Sandstorm
|-damage|p1a: Weezing|95/100|[from] Sandstorm
|-damage|p2a: Ursaluna|95/100 tox|[from] psn
|upkeep
|
|t:|1757916892
|switch|p2b: Dragapult|Dragapult, L50, M|100/100
|turn|2
|
|t:|1757916907
|-terastallize|p2a: Ursaluna|Normal
|move|p2b: Dragapult|U-turn|p1b: Tyranitar
|-resisted|p1b: Tyranitar
|-damage|p1b: Tyranitar|80/100
|
|t:|1757916911
|switch|p2b: Whimsicott|Whimsicott, L50, F|100/100|[from] U-turn
|move|p2a: Ursaluna|Blood Moon|p1a: Weezing
|-damage|p1a: Weezing|0 fnt
|faint|p1a: Weezing
|move|p1b: Tyranitar|Knock Off|p2a: Ursaluna
|-damage|p2a: Ursaluna|47/100 tox
|-enditem|p2a: Ursaluna|Silk Scarf|[from] move: Knock Off|[of] p1b: Tyranitar
|
|-weather|Sandstorm|[upkeep]
|-damage|p2b: Whimsicott|95/100|[from] Sandstorm
|-damage|p2a: Ursaluna|41/100 tox|[from] Sandstorm
|-damage|p1b: Tyranitar|74/100|[from] Sandstorm
|-damage|p2a: Ursaluna|30/100 tox|[from] psn
|upkeep
|
|t:|1757916927
|switch|p1a: Dondozo|Dondozo, L50, F|100/100
|turn|3
|
|t:|1757916935
|move|p2b: Whimsicott|Tailwind|p2b: Whimsicott
|-sidestart|p2: D5f2|move: Tailwind
|move|p2a: Ursaluna|Hyper Voice|p1b: Tyranitar|[spread] p1a,p1b
|-damage|p1a: Dondozo|59/100
|-damage|p1b: Tyranitar|44/100
|move|p1b: Tyranitar|Tera Blast|p2b: Whimsicott|[anim] Tera Blast Flying
|-supereffective|p2b: Whimsicott
|-damage|p2b: Whimsicott|0 fnt
|faint|p2b: Whimsicott
|move|p1a: Dondozo|Earthquake|p2a: Ursaluna|[spread] p2a
|-immune|p1b: Tyranitar
|-damage|p2a: Ursaluna|13/100 tox
|
|-weather|Sandstorm|[upkeep]
|-damage|p2a: Ursaluna|7/100 tox|[from] Sandstorm
|-damage|p1b: Tyranitar|38/100|[from] Sandstorm
|-damage|p1a: Dondozo|53/100|[from] Sandstorm
|-heal|p1a: Dondozo|59/100|[from] item: Leftovers
|-damage|p2a: Ursaluna|0 fnt|[from] psn
|faint|p2a: Ursaluna
|upkeep
|
|t:|1757916955
|switch|p2a: Dragapult|Dragapult, L50, M|100/100
|turn|4
|
|t:|1757916969
|switch|p1b: Tatsugiri|Tatsugiri, L50, F|100/100
|-activate|p1b: Tatsugiri|ability: Commander|[of] p1a: Dondozo
|-boost|p1a: Dondozo|atk|2
|-boost|p1a: Dondozo|spa|2
|-boost|p1a: Dondozo|spe|2
|-boost|p1a: Dondozo|def|2
|-boost|p1a: Dondozo|spd|2
|move|p2a: Dragapult|Phantom Force||[still]
|-prepare|p2a: Dragapult|Phantom Force
|move|p1a: Dondozo|Order Up|p2a: Dragapult|[miss]
|-miss|p1a: Dondozo|p2a: Dragapult
|
|-weather|Sandstorm|[upkeep]
|-damage|p2a: Dragapult|94/100|[from] Sandstorm
|-damage|p1b: Tatsugiri|95/100|[from] Sandstorm
|-damage|p1a: Dondozo|53/100|[from] Sandstorm
|-heal|p1a: Dondozo|59/100|[from] item: Leftovers
|upkeep
|turn|5
|
|t:|1757916985
|move|p2a: Dragapult|Phantom Force|p1b: Tatsugiri|[from] lockedmove|[miss]
|-miss|p2a: Dragapult|p1b: Tatsugiri
|move|p1a: Dondozo|Order Up|p2a: Dragapult
|-supereffective|p2a: Dragapult
|-damage|p2a: Dragapult|0 fnt
|faint|p2a: Dragapult
|
|win|Tera Park Boys
||D5f2 is ready for game 3.
||Tera Park Boys is ready for game 3.
|uhtml|next|Next: Game 3 of 3
