|j|☆garrman3
|j|☆andiom123
|html|garrman3andiom123    
|uhtml|bestof|Game 1 of a best-of-3
|t:|1784773738
|gametype|doubles
|player|p1|garrman3|169|1038
|player|p2|andiom123|red|1113
|gen|9
|tier|[Gen 9 Champions] VGC 2026 Reg M-B (Bo3)
|rated|
|rule|Species Clause: Limit one of each Pokémon
|rule|Item Clause: Limit 1 of each item
|clearpoke
|poke|p1|Venusaur, L50, M|
|poke|p1|Charizard, L50, M|
|poke|p1|Grimmsnarl, L50, M|
|poke|p1|Archaludon, L50, F|
|poke|p1|Basculegion, L50, M|
|poke|p1|Pelipper, L50, F|
|poke|p2|Incineroar, L50, F|
|poke|p2|Farigiraf, L50, F|
|poke|p2|Sylveon, L50, F|
|poke|p2|Torkoal, L50, F|
|poke|p2|Kangaskhan, L50, F|
|poke|p2|Mudsdale, L50, M|
|teampreview|4
|showteam|p1|Venusaur||FocusSash|Chlorophyll|SludgeBomb,EarthPower,SleepPowder,Protect|Modest||M|||50|]Charizard||CharizarditeY|Blaze|Protect,HeatWave,SolarBeam,WeatherBall|Modest||M|||50|]Grimmsnarl||LightClay|Prankster|SpiritBreak,LightScreen,Reflect,PartingShot|Sassy||M|||50|]Archaludon||Leftovers|Stamina|ElectroShot,DragonPulse,FlashCannon,Protect|Calm||F|||50|]Basculegion||ChoiceScarf|Adaptability|WaveCrash,LastRespects,AquaJet,FlipTurn|Jolly||M|||50|]Pelipper||SitrusBerry|Drizzle|Hurricane,WeatherBall,Tailwind,WideGuard|Modest||F|||50|
|showteam|p2|Incineroar||MuscleBand|Intimidate|ThroatChop,FlareBlitz,FakeOut,PartingShot|Brave||F|||50|]Farigiraf||SitrusBerry|ArmorTail|FoulPlay,PsychicNoise,TrickRoom,HelpingHand|Relaxed||F|||50|]Sylveon||FairyFeather|Pixilate|HyperVoice,HyperBeam,Yawn,Detect|Modest||F|||50|]Torkoal||Charcoal|Drought|Eruption,EarthPower,Flamethrower,Protect|Quiet||F|||50|]Kangaskhan||Kangaskhanite|Scrappy|DoubleEdge,FakeOut,IcePunch,HammerArm|Brave||F|||50|]Mudsdale||LifeOrb|InnerFocus|HighHorsepower,Earthquake,RockSlide,HeavySlam|Brave||M|||50|
|
|t:|1784773775
|teamsize|p1|4
|teamsize|p2|4
|start
|switch|p1a: Archaludon|Archaludon, L50, F|100/100
|switch|p1b: Basculegion|Basculegion, L50, M|100/100
|switch|p2a: Farigiraf|Farigiraf, L50, F|100/100
|switch|p2b: Kangaskhan|Kangaskhan, L50, F|100/100
|turn|1
|
|t:|1784773793
|switch|p1a: Pelipper|Pelipper, L50, F|100/100
|-weather|RainDance|[from] ability: Drizzle|[of] p1a: Pelipper
|move|p2b: Kangaskhan|Fake Out|p1b: Basculegion
|-damage|p1b: Basculegion|81/100
|cant|p1b: Basculegion|flinch
|move|p2a: Farigiraf|Trick Room|p2a: Farigiraf
|-fieldstart|move: Trick Room|[of] p2a: Farigiraf
|
|-weather|RainDance|[upkeep]
|upkeep
|turn|2
|
|t:|1784773819
|switch|p1b: Archaludon|Archaludon, L50, F|100/100
|detailschange|p2b: Kangaskhan|Kangaskhan-Mega, L50, F
|-mega|p2b: Kangaskhan|Kangaskhan|Kangaskhanite
|move|p2a: Farigiraf|Foul Play|p1b: Archaludon
|-damage|p1b: Archaludon|84/100
|-ability|p1b: Archaludon|Stamina|boost
|-boost|p1b: Archaludon|def|1
|move|p1a: Pelipper|Weather Ball|p2b: Kangaskhan
|-damage|p2b: Kangaskhan|41/100
|move|p2b: Kangaskhan|Double-Edge|p1a: Pelipper
|-damage|p1a: Pelipper|29/100
|-enditem|p1a: Pelipper|Sitrus Berry|[eat]
|-heal|p1a: Pelipper|53/100|[from] item: Sitrus Berry
|-damage|p1a: Pelipper|37/100
|-hitcount|p1a: Pelipper|2
|-damage|p2b: Kangaskhan|19/100|[from] Recoil
|
|-weather|RainDance|[upkeep]
|-heal|p1b: Archaludon|90/100|[from] item: Leftovers
|upkeep
|turn|3
|
|t:|1784773850
|move|p2a: Farigiraf|Helping Hand|p2b: Kangaskhan
|-singleturn|p2b: Kangaskhan|Helping Hand|[of] p2a: Farigiraf
|move|p1a: Pelipper|Weather Ball|p2b: Kangaskhan
|-damage|p2b: Kangaskhan|0 fnt
|faint|p2b: Kangaskhan
|move|p1b: Archaludon|Dragon Pulse|p2a: Farigiraf
|-damage|p2a: Farigiraf|67/100
|
|-weather|RainDance|[upkeep]
|-heal|p1b: Archaludon|96/100|[from] item: Leftovers
|upkeep
|
|t:|1784773861
|switch|p2b: Mudsdale|Mudsdale, L50, M|100/100
|turn|4
|
|t:|1784773890
|switch|p2a: Torkoal|Torkoal, L50, F|100/100
|-weather|SunnyDay|[from] ability: Drought|[of] p2a: Torkoal
|move|p2b: Mudsdale|High Horsepower|p1b: Archaludon
|-supereffective|p1b: Archaludon|1
|-damage|p1b: Archaludon|29/100
|-ability|p1b: Archaludon|Stamina|boost
|-boost|p1b: Archaludon|def|1
|-damage|p2b: Mudsdale|90/100|[from] item: Life Orb
|move|p1a: Pelipper|Weather Ball|p2b: Mudsdale
|-damage|p2b: Mudsdale|50/100g
|move|p1b: Archaludon|Dragon Pulse|p2b: Mudsdale
|-damage|p2b: Mudsdale|16/100
|
|-weather|SunnyDay|[upkeep]
|-heal|p1b: Archaludon|35/100|[from] item: Leftovers
|upkeep
|turn|5
|
|t:|1784773921
|switch|p1a: Basculegion|Basculegion, L50, M|81/100
|move|p1b: Archaludon|Protect|p1b: Archaludon
|-singleturn|p1b: Archaludon|Protect
|move|p2a: Torkoal|Flamethrower|p1a: Basculegion
|-resisted|p1a: Basculegion|1
|-damage|p1a: Basculegion|42/100
|move|p2b: Mudsdale|High Horsepower|p1b: Archaludon
|-activate|p1b: Archaludon|move: Protect
|
|-weather|SunnyDay|[upkeep]
|-heal|p1b: Archaludon|41/100|[from] item: Leftovers
|-fieldend|move: Trick Room
|upkeep
|turn|6
|
|t:|1784773963
|switch|p1a: Pelipper|Pelipper, L50, F|37/100
|-weather|RainDance|[from] ability: Drizzle|[of] p1a: Pelipper
|switch|p2a: Farigiraf|Farigiraf, L50, F|67/100
|move|p1b: Archaludon|Dragon Pulse|p2b: Mudsdale
|-damage|p2b: Mudsdale|0 fnt
|faint|p2b: Mudsdale
|
|-weather|RainDance|[upkeep]
|-heal|p1b: Archaludon|47/100|[from] item: Leftovers
|upkeep
|
|t:|1784773974
|switch|p2b: Torkoal|Torkoal, L50, F|100/100
|-weather|SunnyDay|[from] ability: Drought|[of] p2b: Torkoal
|turn|7
|
|t:|1784773997
|move|p1b: Archaludon|Dragon Pulse|p2a: Farigiraf
|-damage|p2a: Farigiraf|34/100
|-enditem|p2a: Farigiraf|Sitrus Berry|[eat]
|-heal|p2a: Farigiraf|59/100|[from] item: Sitrus Berry
|move|p1a: Pelipper|Weather Ball|p2a: Farigiraf
|-damage|p2a: Farigiraf|20/100y
|move|p2b: Torkoal|Eruption|p1b: Archaludon|[spread] p1a,p1b
|-resisted|p1a: Pelipper|1
|-crit|p1b: Archaludon
|-damage|p1a: Pelipper|0 fnt
|-damage|p1b: Archaludon|0 fnt
|faint|p1a: Pelipper
|faint|p1b: Archaludon
|move|p2a: Farigiraf|Trick Room|p2a: Farigiraf
|-fieldstart|move: Trick Room|[of] p2a: Farigiraf
|
|-weather|SunnyDay|[upkeep]
|upkeep
|
|t:|1784774002
|switch|p1a: Basculegion|Basculegion, L50, M|42/100
|switch|p1b: Grimmsnarl|Grimmsnarl, L50, M|100/100
|turn|8
|
|t:|1784774020
|move|p1b: Grimmsnarl|Light Screen|p1b: Grimmsnarl
|-sidestart|p1: garrman3|move: Light Screen
|move|p2b: Torkoal|Eruption|p1b: Grimmsnarl|[spread] p1a,p1b
|-resisted|p1a: Basculegion|1
|-damage|p1a: Basculegion|10/100
|-damage|p1b: Grimmsnarl|46/100
|move|p2a: Farigiraf|Foul Play|p1a: Basculegion
|-supereffective|p1a: Basculegion|1
|-damage|p1a: Basculegion|0 fnt
|faint|p1a: Basculegion
|
|-weather|SunnyDay|[upkeep]
|upkeep
|turn|9
|
|t:|1784774035
|move|p2a: Farigiraf|Helping Hand|p2b: Torkoal
|-singleturn|p2b: Torkoal|Helping Hand|[of] p2a: Farigiraf
|move|p2b: Torkoal|Eruption|p1b: Grimmsnarl
|-damage|p1b: Grimmsnarl|0 fnt
|faint|p1b: Grimmsnarl
|
|win|andiom123
||garrman3 is ready for game 2.
||andiom123 is ready for game 2.
|uhtml|next|Next: Game 2 of 3
|l|☆garrman3
|player|p1|
