|j|☆cowboy octopus
|j|☆steelag0
|html|cowboy octopussteelag0    
|uhtml|bestof|Game 1 of a best-of-3
|t:|1782424887
|gametype|doubles
|player|p1|cowboy octopus|bellelba|1125
|player|p2|steelag0|169|1037
|gen|9
|tier|[Gen 9 Champions] VGC 2026 Reg M-B (Bo3)
|rated|
|rule|Species Clause: Limit one of each Pokémon
|rule|Item Clause: Limit 1 of each item
|clearpoke
|poke|p1|Meganium, L50, F|
|poke|p1|Tyranitar, L50, M|
|poke|p1|Excadrill, L50, F|
|poke|p1|Rotom-Wash, L50|
|poke|p1|Aerodactyl, L50, F|
|poke|p1|Volcarona, L50, M|
|poke|p2|Blaziken, L50, M|
|poke|p2|Hydreigon, L50, M|
|poke|p2|Basculegion, L50, M|
|poke|p2|Whimsicott, L50, M|
|poke|p2|Farigiraf, L50, F|
|poke|p2|Metagross, L50|
|teampreview|4
|showteam|p1|Meganium||Meganiumite|Overgrow|Protect,SolarBeam,WeatherBall,GigaDrain|Modest||F|||50|]Tyranitar||Tyranitarite|SandStream|RockSlide,KnockOff,DragonDance,Protect|Adamant||M|||50|]Excadrill||LifeOrb|SandRush|IronHead,Earthquake,RockSlide,Protect|Adamant||F|||50|]Rotom-Wash||Leftovers|Levitate|WillOWisp,HydroPump,VoltSwitch,Protect|Calm|||||50|]Aerodactyl||FocusSash|RockHead|DualWingbeat,RockSlide,StoneEdge,Protect|Jolly||F|||50|]Volcarona||SitrusBerry|FlameBody|HeatWave,RagePowder,BugBuzz,Protect|Calm||M|||50|
|showteam|p2|Blaziken||Blazikenite|SpeedBoost|FlareBlitz,CloseCombat,RockSlide,Detect|Adamant||M|||50|]Hydreigon||ChoiceScarf|Levitate|DracoMeteor,DarkPulse,EarthPower,Snarl|Modest||M|||50|]Basculegion||LifeOrb|Adaptability|WaveCrash,LastRespects,AquaJet,Protect|Adamant||M|||50|]Whimsicott||FocusSash|Prankster|Moonblast,EnergyBall,Tailwind,Protect|Timid||M|||50|]Farigiraf||SitrusBerry|ArmorTail|Psychic,Thunderbolt,Roar,TrickRoom|Bold||F|||50|]Metagross||Metagrossite|ClearBody|PsychicFangs,IronHead,StompingTantrum,Protect|Jolly|||||50|
|inactive|Battle timer is ON: inactive players will automatically lose when time's up. (requested by cowboy octopus)
|inactive|steelag0 has 60 seconds left.
|
|t:|1782424922
|teamsize|p1|4
|teamsize|p2|4
|start
|switch|p1a: Tyranitar|Tyranitar, L50, M|100/100
|switch|p1b: Excadrill|Excadrill, L50, F|100/100
|switch|p2a: Blaziken|Blaziken, L50, M|100/100
|switch|p2b: Whimsicott|Whimsicott, L50, M|100/100
|-weather|Sandstorm|[from] ability: Sand Stream|[of] p1a: Tyranitar
|turn|1
|inactive|steelag0 has 30 seconds left.
|inactive|steelag0 has 20 seconds left.
|
|t:|1782424962
|switch|p1b: Volcarona|Volcarona, L50, M|100/100
|detailschange|p2a: Blaziken|Blaziken-Mega, L50, M
|-mega|p2a: Blaziken|Blaziken|Blazikenite
|move|p2a: Blaziken|Detect|p2a: Blaziken
|-singleturn|p2a: Blaziken|Protect
|move|p1a: Tyranitar|Protect|p1a: Tyranitar
|-singleturn|p1a: Tyranitar|Protect
|move|p2b: Whimsicott|Tailwind|p2b: Whimsicott
|-sidestart|p2: steelag0|move: Tailwind
|
|-weather|Sandstorm|[upkeep]
|-damage|p2b: Whimsicott|94/100|[from] Sandstorm
|-damage|p2a: Blaziken|94/100|[from] Sandstorm
|-damage|p1b: Volcarona|94/100|[from] Sandstorm
|-ability|p2a: Blaziken|Speed Boost|boost
|-boost|p2a: Blaziken|spe|1
|upkeep
|turn|2
|
|t:|1782424980
|detailschange|p1a: Tyranitar|Tyranitar-Mega, L50, M
|-mega|p1a: Tyranitar|Tyranitar|Tyranitarite
|move|p1b: Volcarona|Rage Powder|p1b: Volcarona
|-singleturn|p1b: Volcarona|move: Rage Powder
|move|p2a: Blaziken|Rock Slide|p1b: Volcarona|[spread] p1a,p1b
|-supereffective|p1b: Volcarona|2
|-damage|p1a: Tyranitar|81/100
|-damage|p1b: Volcarona|0 fnt
|faint|p1b: Volcarona
|move|p2b: Whimsicott|Moonblast|p1a: Tyranitar
|-supereffective|p1a: Tyranitar|1
|-damage|p1a: Tyranitar|45/100
|-unboost|p1a: Tyranitar|spa|1
|move|p1a: Tyranitar|Rock Slide|p2b: Whimsicott|[spread] p2a,p2b
|-damage|p2a: Blaziken|42/100
|-damage|p2b: Whimsicott|38/100
|
|-weather|Sandstorm|[upkeep]
|-damage|p2a: Blaziken|36/100|[from] Sandstorm
|-damage|p2b: Whimsicott|32/100|[from] Sandstorm
|-ability|p2a: Blaziken|Speed Boost|boost
|-boost|p2a: Blaziken|spe|1
|upkeep
|
|t:|1782424992
|switch|p1b: Excadrill|Excadrill, L50, F|100/100
|turn|3
|
|t:|1782425010
|move|p2a: Blaziken|Flare Blitz|p1b: Excadrill
|-supereffective|p1b: Excadrill|1
|-damage|p1b: Excadrill|0 fnt
|faint|p1b: Excadrill
|-damage|p2a: Blaziken|0 fnt|[from] Recoil
|faint|p2a: Blaziken
|move|p2b: Whimsicott|Moonblast|p1a: Tyranitar
|-supereffective|p1a: Tyranitar|1
|-damage|p1a: Tyranitar|5/100
|move|p1a: Tyranitar|Rock Slide|p2b: Whimsicott
|-damage|p2b: Whimsicott|0 fnt
|faint|p2b: Whimsicott
|
|-weather|Sandstorm|[upkeep]
|upkeep
|
|t:|1782425025
|switch|p2b: Basculegion|Basculegion, L50, M|100/100
|switch|p2a: Hydreigon|Hydreigon, L50, M|100/100
|switch|p1b: Meganium|Meganium, L50, F|100/100
|turn|4
|inactive|steelag0 has 30 seconds left.
|
|t:|1782425057
|move|p1a: Tyranitar|Protect|p1a: Tyranitar
|-singleturn|p1a: Tyranitar|Protect
|move|p2a: Hydreigon|Snarl|p1a: Tyranitar|[spread] p1b
|-activate|p1a: Tyranitar|move: Protect
|-damage|p1b: Meganium|78/100
|-unboost|p1b: Meganium|spa|1
|move|p2b: Basculegion|Last Respects|p1b: Meganium
|-damage|p1b: Meganium|0 fnt
|faint|p1b: Meganium
|-damage|p2b: Basculegion|90/100|[from] item: Life Orb
|
|-weather|Sandstorm|[upkeep]
|-damage|p2a: Hydreigon|94/100|[from] Sandstorm
|-damage|p2b: Basculegion|84/100|[from] Sandstorm
|-sideend|p2: steelag0|move: Tailwind
|upkeep
|turn|5
|inactive|cowboy octopus has 30 seconds left.
|inactive|cowboy octopus has 20 seconds left.
|inactive|cowboy octopus has 15 seconds left.
|-message|cowboy octopus forfeited.
|
|win|steelag0
|l|☆cowboy octopus
|player|p1|
||cowboy octopus is ready for game 2.
