|j|☆FakePittTestA
|j|☆ruki_gazer
|html|FakePittTestAruki_gazer    
|uhtml|bestof|Game 1 of a best-of-3
|t:|1757802157
|gametype|doubles
|player|p1|FakePittTestA|lucas|1047
|player|p2|ruki_gazer|170|1081
|gen|9
|tier|[Gen 9] VGC 2025 Reg H (Bo3)
|rated|
|rule|Species Clause: Limit one of each Pokémon
|rule|Item Clause: Limit 1 of each item
|clearpoke
|poke|p1|Ursaluna-Bloodmoon, L50, M|
|poke|p1|Sinistcha-Masterpiece, L50|
|poke|p1|Klefki, L50, M|
|poke|p1|Tyranitar, L50, M|
|poke|p1|Excadrill, L50, M|
|poke|p1|Decidueye-Hisui, L50, M|
|poke|p2|Sneasler, L50, F|
|poke|p2|Kingambit, L50, F|
|poke|p2|Rillaboom, L50, F|
|poke|p2|Ursaluna-Bloodmoon, L50, M|
|poke|p2|Dragonite, L50, F|
|poke|p2|Magmar, L50, F|
|teampreview|4
|showteam|p1|Ursaluna-Bloodmoon||AssaultVest|MindsEye|HyperVoice,BloodMoon,VacuumWave,EarthPower|||M|||50|,,,,,Poison]Sinistcha-Masterpiece||SitrusBerry|Hospitality|MatchaGotcha,LifeDew,CalmMind,TrickRoom||||||50|,,,,,Water]Klefki||LightClay|Prankster|MistyTerrain,Reflect,LightScreen,DazzlingGleam|||M|||50|,,,,,Water]Tyranitar||ClearAmulet|SandStream|RockSlide,LowKick,TeraBlast,KnockOff|||M|||50|,,,,,Flying]Excadrill||FocusSash|SandRush|HighHorsepower,Earthquake,RockSlide,Protect|||M|||50|,,,,,Stellar]Decidueye-Hisui||ScopeLens|Scrappy|TripleArrows,LeafBlade,Haze,Protect|||M|||50|,,,,,Water
|showteam|p2|Sneasler||GrassySeed|Unburden|DireClaw,CloseCombat,Acrobatics,Protect|||F|||50|,,,,,Flying]Kingambit||BlackGlasses|Defiant|KowtowCleave,SuckerPunch,SwordsDance,Protect|||F|||50|,,,,,Water]Rillaboom||AssaultVest|GrassySurge|DrumBeating,GrassyGlide,HighHorsepower,FakeOut|||F|||50|,,,,,Fire]Ursaluna-Bloodmoon||FocusSash|MindsEye|BloodMoon,HyperVoice,EarthPower,Protect|||M|||50|,,,,,Normal]Dragonite||LoadedDice|Multiscale|ScaleShot,Haze,Tailwind,Protect|||F|||50|,,,,,Fairy]Magmar||Eviolite|VitalSpirit|Overheat,FollowMe,WillOWisp,Protect|||F|||50|,,,,,Ghost
|inactive|Battle timer is ON: inactive players will automatically lose when time's up. (requested by FakePittTestA)
|inactive|FakePittTestA has 60 seconds left.
|inactive|ruki_gazer has 60 seconds left.
|inactive|ruki_gazer has 30 seconds left.
|
|t:|1757802218
|teamsize|p1|4
|teamsize|p2|4
|start
|switch|p1a: Ursaluna|Ursaluna-Bloodmoon, L50, M|100/100
|switch|p1b: Klefki|Klefki, L50, M, shiny|100/100
|switch|p2a: Sneasler|Sneasler, L50, F|100/100
|switch|p2b: Magmar|Magmar, L50, F|100/100
|turn|1
|inactive|ruki_gazer has 30 seconds left.
|inactive|ruki_gazer has 20 seconds left.
|inactive|ruki_gazer has 15 seconds left.
|
|t:|1757802258
|-terastallize|p1a: Ursaluna|Poison
|move|p1b: Klefki|Light Screen|p1b: Klefki
|-sidestart|p1: FakePittTestA|move: Light Screen
|move|p2a: Sneasler|Close Combat|p1a: Ursaluna
|-resisted|p1a: Ursaluna
|-damage|p1a: Ursaluna|73/100
|-unboost|p2a: Sneasler|def|1
|-unboost|p2a: Sneasler|spd|1
|move|p2b: Magmar|Overheat|p1b: Klefki|[miss]
|-miss|p2b: Magmar|p1b: Klefki
|move|p1a: Ursaluna|Earth Power|p2b: Magmar
|-supereffective|p2b: Magmar
|-damage|p2b: Magmar|23/100
|
|upkeep
|turn|2
|inactive|ruki_gazer has 30 seconds left.
|inactive|ruki_gazer has 20 seconds left.
|
|t:|1757802298
|switch|p2b: Rillaboom|Rillaboom, L50, F|100/100
|-fieldstart|move: Grassy Terrain|[from] ability: Grassy Surge|[of] p2b: Rillaboom
|-enditem|p2a: Sneasler|Grassy Seed
|-boost|p2a: Sneasler|def|1|[from] item: Grassy Seed
|-terastallize|p2a: Sneasler|Flying
|move|p2a: Sneasler|Protect|p2a: Sneasler
|-singleturn|p2a: Sneasler|Protect
|move|p1b: Klefki|Misty Terrain|p1b: Klefki
|-fieldstart|move: Misty Terrain
|move|p1a: Ursaluna|Hyper Voice|p2a: Sneasler|[spread] p2b
|-activate|p2a: Sneasler|move: Protect
|-damage|p2b: Rillaboom|70/100
|
|upkeep
|turn|3
|inactive|ruki_gazer has 30 seconds left.
|
|t:|1757802325
|switch|p1a: Sinistcha|Sinistcha-Masterpiece, L50|100/100
|move|p1b: Klefki|Reflect|p1b: Klefki
|-sidestart|p1: FakePittTestA|Reflect
|move|p2a: Sneasler|Acrobatics|p1a: Sinistcha
|-supereffective|p1a: Sinistcha
|-damage|p1a: Sinistcha|31/100
|-enditem|p1a: Sinistcha|Sitrus Berry|[eat]
|-heal|p1a: Sinistcha|56/100|[from] item: Sitrus Berry
|move|p2b: Rillaboom|High Horsepower|p1a: Sinistcha
|-resisted|p1a: Sinistcha
|-damage|p1a: Sinistcha|49/100
|
|upkeep
|turn|4
|inactive|FakePittTestA has 30 seconds left.
|
|t:|1757802351
|move|p2a: Sneasler|Acrobatics|p1a: Sinistcha
|-supereffective|p1a: Sinistcha
|-damage|p1a: Sinistcha|0 fnt
|faint|p1a: Sinistcha
|move|p2b: Rillaboom|High Horsepower|p1b: Klefki
|-supereffective|p1b: Klefki
|-crit|p1b: Klefki
|-damage|p1b: Klefki|33/100
|move|p1b: Klefki|Dazzling Gleam|p2a: Sneasler|[spread] p2a,p2b
|-damage|p2a: Sneasler|67/100
|-damage|p2b: Rillaboom|55/100
|
|upkeep
|
|t:|1757802355
|switch|p1a: Ursaluna|Ursaluna-Bloodmoon, L50, M, tera:Poison|73/100
|turn|5
|
|t:|1757802370
|move|p2a: Sneasler|Acrobatics|p1a: Ursaluna
|-damage|p1a: Ursaluna|43/100
|move|p2b: Rillaboom|High Horsepower|p1b: Klefki
|-supereffective|p1b: Klefki
|-damage|p1b: Klefki|1/100
|move|p1b: Klefki|Dazzling Gleam|p2b: Rillaboom|[spread] p2a,p2b
|-damage|p2a: Sneasler|30/100
|-damage|p2b: Rillaboom|43/100
|move|p1a: Ursaluna|Hyper Voice|p2b: Rillaboom|[spread] p2a,p2b
|-damage|p2a: Sneasler|0 fnt
|-damage|p2b: Rillaboom|12/100
|faint|p2a: Sneasler
|
|upkeep
|
|t:|1757802382
|switch|p2a: Ursaluna|Ursaluna-Bloodmoon, L50, M|100/100
|turn|6
|
|t:|1757802392
|move|p1a: Ursaluna|Vacuum Wave|p2b: Rillaboom
|-damage|p2b: Rillaboom|0 fnt
|faint|p2b: Rillaboom
|move|p2a: Ursaluna|Hyper Voice|p1b: Klefki|[spread] p1a,p1b
|-resisted|p1b: Klefki
|-damage|p1a: Ursaluna|25/100
|-damage|p1b: Klefki|0 fnt
|faint|p1b: Klefki
|
|-fieldend|Misty Terrain
|upkeep
|
|t:|1757802400
|switch|p2b: Magmar|Magmar, L50, F|23/100
|switch|p1b: Decidueye|Decidueye-Hisui, L50, M|100/100
|turn|7
|
|t:|1757802414
|move|p1b: Decidueye|Protect|p1b: Decidueye
|-singleturn|p1b: Decidueye|Protect
|move|p2b: Magmar|Follow Me|p2b: Magmar
|-singleturn|p2b: Magmar|move: Follow Me
|move|p2a: Ursaluna|Blood Moon|p1b: Decidueye
|-activate|p1b: Decidueye|move: Protect
|move|p1a: Ursaluna|Hyper Voice|p2a: Ursaluna|[spread] p2a,p2b
|-damage|p2a: Ursaluna|47/100
|-damage|p2b: Magmar|0 fnt
|faint|p2b: Magmar
|
|upkeep
|turn|8
|-message|ruki_gazer forfeited.
|
|win|FakePittTestA
||ruki_gazer is ready for game 2.
