|j|☆piman300
|j|☆vilan333
|html|piman300vilan333    
|uhtml|bestof|Game 1 of a best-of-3
|t:|1783462431
|gametype|doubles
|player|p1|piman300|265|1047
|player|p2|vilan333|marshal|1103
|gen|9
|tier|[Gen 9 Champions] VGC 2026 Reg M-B (Bo3)
|rated|
|rule|Species Clause: Limit one of each Pokémon
|rule|Item Clause: Limit 1 of each item
|clearpoke
|poke|p1|Overqwil, L50, M|
|poke|p1|Gengar, L50, F|
|poke|p1|Meowstic, L50, M|
|poke|p1|Clefable, L50, M|
|poke|p1|Oranguru, L50, M|
|poke|p1|Starmie, L50|
|poke|p2|Charizard, L50, F|
|poke|p2|Mawile, L50, F|
|poke|p2|Basculegion, L50, M|
|poke|p2|Garchomp, L50, M|
|poke|p2|Whimsicott, L50, M|
|poke|p2|Farigiraf, L50, M|
|teampreview|4
|showteam|p1|Overqwil||BrightPowder|Intimidate|Minimize,Stockpile,Toxic,ThroatChop|Careful||M|||50|]Gengar||Gengarite|CursedBody|PsychUp,NastyPlot,ShadowBall,SludgeBomb|Serious||F|||50|]Meowstic||FocusSash|Prankster|FakeOut,SkillSwap,Yawn,Psychic|Bold||M|||50|]Clefable||KebiaBerry|Unaware|PsychUp,BatonPass,Moonblast,Moonlight|Bold||M|||50|]Oranguru||ColburBerry|InnerFocus|Instruct,Reflect,Yawn,Psychic|Bold||M|||50|]Starmie||Starminite|Illuminate|Minimize,BulkUp,Recover,Liquidation|Jolly|||||50|
|showteam|p2|Charizard||CharizarditeY|Blaze|WeatherBall,HeatWave,SolarBeam,Protect|Timid||F|||50|]Mawile||Mawilite|HyperCutter|PlayRough,SuckerPunch,RockSlide,Protect|Adamant||F|||50|]Basculegion||MysticWater|Adaptability|WaveCrash,LastRespects,AquaJet,Protect|Adamant||M|||50|]Garchomp||LifeOrb|RoughSkin|Earthquake,DragonClaw,RockSlide,Protect|Jolly||M|||50|]Whimsicott||FocusSash|Prankster|Moonblast,Encore,Tailwind,Protect|Timid||M|||50|]Farigiraf||SitrusBerry|ArmorTail|TwinBeam,Thunderbolt,TrickRoom,HelpingHand|Bold||M|||50|
|inactive|Battle timer is ON: inactive players will automatically lose when time's up. (requested by piman300)
|
|t:|1783462468
|teamsize|p1|4
|teamsize|p2|4
|start
|switch|p1a: Overqwil|Overqwil, L50, M|100/100
|switch|p1b: Oranguru|Oranguru, L50, M|100/100
|switch|p2a: Farigiraf|Farigiraf, L50, M|100/100
|switch|p2b: Garchomp|Garchomp, L50, M|100/100
|-ability|p1a: Overqwil|Intimidate|boost
|-unboost|p2a: Farigiraf|atk|1
|-unboost|p2b: Garchomp|atk|1
|turn|1
|
|t:|1783462492
|move|p2b: Garchomp|Dragon Claw|p1a: Overqwil
|-damage|p1a: Overqwil|63/100
|-damage|p2b: Garchomp|90/100|[from] item: Life Orb
|move|p1a: Overqwil|Minimize|p1a: Overqwil
|-boost|p1a: Overqwil|evasion|2
|move|p1b: Oranguru|Reflect|p1b: Oranguru
|-sidestart|p1: piman300|Reflect
|move|p2a: Farigiraf|Trick Room|p2a: Farigiraf
|-fieldstart|move: Trick Room|[of] p2a: Farigiraf
|
|upkeep
|turn|2
|j| vfavadfavdfvdfvdvf
|l| vfavadfavdfvdfvdvf
|
|t:|1783462506
|move|p2a: Farigiraf|Helping Hand|p2b: Garchomp
|-singleturn|p2b: Garchomp|Helping Hand|[of] p2a: Farigiraf
|move|p1b: Oranguru|Instruct|p1a: Overqwil
|-singleturn|p1a: Overqwil|move: Instruct|[of] p1b: Oranguru
|move|p1a: Overqwil|Minimize|p1a: Overqwil
|-boost|p1a: Overqwil|evasion|2
|move|p1a: Overqwil|Stockpile|p1a: Overqwil
|-start|p1a: Overqwil|stockpile1
|-boost|p1a: Overqwil|def|1
|-boost|p1a: Overqwil|spd|1
|move|p2b: Garchomp|Earthquake|p1b: Oranguru|[spread] p2a,p1a,p1b
|-supereffective|p1a: Overqwil|1
|-damage|p2a: Farigiraf|58/100
|-damage|p1a: Overqwil|15/100
|-damage|p1b: Oranguru|74/100
|-damage|p2b: Garchomp|80/100|[from] item: Life Orb
|
|upkeep
|turn|3
|
|t:|1783462529
|switch|p2b: Mawile|Mawile, L50, F|100/100
|move|p2a: Farigiraf|Twin Beam|p1a: Overqwil
|-immune|p1a: Overqwil
|move|p1b: Oranguru|Yawn|p2b: Mawile
|-start|p2b: Mawile|move: Yawn|[of] p1b: Oranguru
|move|p1a: Overqwil|Throat Chop|p2a: Farigiraf
|-supereffective|p2a: Farigiraf|1
|-damage|p2a: Farigiraf|8/100
|-start|p2a: Farigiraf|Throat Chop|[silent]
|-enditem|p2a: Farigiraf|Sitrus Berry|[eat]
|-heal|p2a: Farigiraf|33/100|[from] item: Sitrus Berry
|
|upkeep
|turn|4
|
|t:|1783462548
|detailschange|p2b: Mawile|Mawile-Mega, L50, F
|-mega|p2b: Mawile|Mawile|Mawilite
|move|p1b: Oranguru|Psychic|p2a: Farigiraf
|-resisted|p2a: Farigiraf|1
|-damage|p2a: Farigiraf|21/100
|move|p2a: Farigiraf|Thunderbolt|p1b: Oranguru
|-damage|p1b: Oranguru|57/100
|move|p2b: Mawile|Rock Slide|p1a: Overqwil|[spread] p1a,p1b
|-damage|p1a: Overqwil|1/100
|-damage|p1b: Oranguru|40/100
|move|p1a: Overqwil|Minimize|p1a: Overqwil
|-boost|p1a: Overqwil|evasion|2
|
|-end|p2a: Farigiraf|Throat Chop|[silent]
|-end|p2b: Mawile|move: Yawn|[silent]
|-status|p2b: Mawile|slp
|upkeep
|turn|5
|
|t:|1783462567
|switch|p1b: Clefable|Clefable, L50, M|100/100
|move|p2a: Farigiraf|Thunderbolt|p1a: Overqwil|[miss]
|-miss|p2a: Farigiraf|p1a: Overqwil
|cant|p2b: Mawile|slp
|move|p1a: Overqwil|Throat Chop|p2a: Farigiraf
|-supereffective|p2a: Farigiraf|1
|-damage|p2a: Farigiraf|0 fnt
|faint|p2a: Farigiraf
|
|-sideend|p1: piman300|Reflect
|-fieldend|move: Trick Room
|upkeep
|
|t:|1783462581
|switch|p2a: Basculegion|Basculegion, L50, M|100/100
|turn|6
|
|t:|1783462590
|move|p2a: Basculegion|Aqua Jet|p1a: Overqwil
|-damage|p1a: Overqwil|0 fnt
|faint|p1a: Overqwil
|cant|p2b: Mawile|slp
|move|p1b: Clefable|Psych Up|p1: Overqwil|[notarget]
|-fail|p1b: Clefable
|
|upkeep
|
|t:|1783462597
|switch|p1a: Starmie|Starmie, L50|100/100
|turn|7
|
|t:|1783462602
|detailschange|p1a: Starmie|Starmie-Mega, L50
|-mega|p1a: Starmie|Starmie|Starminite
|move|p1a: Starmie|Minimize|p1a: Starmie
|-boost|p1a: Starmie|evasion|2
|move|p2a: Basculegion|Last Respects|p1a: Starmie
|-supereffective|p1a: Starmie|1
|-damage|p1a: Starmie|0 fnt
|faint|p1a: Starmie
|-curestatus|p2b: Mawile|slp|[msg]
|move|p2b: Mawile|Play Rough|p1b: Clefable
|-damage|p1b: Clefable|39/100
|move|p1b: Clefable|Moonblast|p2a: Basculegion
|-crit|p2a: Basculegion
|-damage|p2a: Basculegion|50/100g
|
|upkeep
|-message|piman300 forfeited.
|
|win|vilan333
|l|☆piman300
|player|p1|
|raw|piman300's rating: 1047 → 1033(-14 for losing)
|raw|vilan333's rating: 1103 → 1124(+21 for winning)
