|j|☆farangjake
|j|☆sleepykittybun
|html|farangjakesleepykittybun    
|uhtml|bestof|Game 1 of a best-of-3
|t:|1783190856
|gametype|doubles
|player|p1|farangjake|hilbert|
|player|p2|sleepykittybun|candice|
|gen|9
|tier|[Gen 9 Champions] VGC 2026 Reg M-B (Bo3)
|rule|Species Clause: Limit one of each Pokémon
|rule|Item Clause: Limit 1 of each item
|clearpoke
|poke|p1|Charizard, L50, F|
|poke|p1|Whimsicott, L50, M|
|poke|p1|Basculegion, L50, M|
|poke|p1|Garchomp, L50, M|
|poke|p1|Sylveon, L50, M, shiny|
|poke|p1|Farigiraf, L50, F|
|poke|p2|Delphox, L50, F, shiny|
|poke|p2|Torkoal, L50, F|
|poke|p2|Venusaur, L50, M|
|poke|p2|Garchomp, L50, F|
|poke|p2|Klefki, L50, M|
|poke|p2|Rotom-Wash, L50|
|teampreview|4
|showteam|p1|Charizard||CharizarditeY|Blaze|SolarBeam,Overheat,HeatWave,Protect|Timid||F|||50|]Whimsicott||FocusSash|Prankster|Moonblast,SunnyDay,Encore,Tailwind|Timid||M|||50|]Basculegion||ChoiceScarf|Adaptability|WaveCrash,LastRespects,FlipTurn,AquaJet|Jolly||M|||50|]Garchomp||Garchompite|RoughSkin|DragonClaw,Earthquake,Protect,RockSlide|Jolly||M|||50|]Sylveon||FairyFeather|Pixilate|QuickAttack,HyperVoice,HyperBeam,Protect|Bold||M|||50|]Farigiraf||SitrusBerry|ArmorTail|TwinBeam,Protect,TrickRoom,HelpingHand|Bold||F|||50|
|showteam|p2|Delphox||Delphoxite|Blaze|HeatWave,Psyshock,NastyPlot,Protect|Timid||F|||50|]Torkoal||Charcoal|Drought|Eruption,HelpingHand,Protect,WeatherBall|Quiet||F|||50|]Venusaur||Venusaurite|Chlorophyll|GigaDrain,SludgeBomb,EarthPower,Protect|Modest||M|||50|]Garchomp||LifeOrb|RoughSkin|Earthquake,DragonClaw,RockSlide,Protect|Jolly||F|||50|]Klefki||LightClay|Prankster|TrickRoom,SunnyDay,LightScreen,Reflect|Bold||M|||50|]Rotom-Wash||Leftovers|Levitate|Thunderbolt,HydroPump,Electroweb,WillOWisp|Calm|||||50|
|
|t:|1783190901
|teamsize|p1|4
|teamsize|p2|4
|start
|switch|p1a: Sylveon|Sylveon, L50, M, shiny|100/100
|switch|p1b: Basculegion|Basculegion, L50, M|100/100
|switch|p2a: Garchomp|Garchomp, L50, F|100/100
|switch|p2b: Klefki|Klefki, L50, M|100/100
|turn|1
|
|t:|1783190935
|switch|p2a: Venusaur|Venusaur, L50, M|100/100
|move|p2b: Klefki|Light Screen|p2b: Klefki
|-sidestart|p2: sleepykittybun|move: Light Screen
|move|p1b: Basculegion|Wave Crash|p2b: Klefki
|-damage|p2b: Klefki|30/100
|-damage|p1b: Basculegion|80/100|[from] Recoil
|move|p1a: Sylveon|Hyper Voice|p2b: Klefki|[spread] p2a,p2b
|-resisted|p2a: Venusaur|1
|-resisted|p2b: Klefki|1
|-damage|p2a: Venusaur|86/100
|-damage|p2b: Klefki|17/100
|
|upkeep
|turn|2
|
|t:|1783190962
|switch|p1b: Garchomp|Garchomp, L50, M|100/100
|detailschange|p2a: Venusaur|Venusaur-Mega, L50, M
|-mega|p2a: Venusaur|Venusaur|Venusaurite
|move|p2b: Klefki|Reflect|p2b: Klefki
|-sidestart|p2: sleepykittybun|Reflect
|move|p2a: Venusaur|Giga Drain|p1b: Garchomp
|-damage|p1b: Garchomp|54/100
|-heal|p2a: Venusaur|100/100|[from] drain|[of] p1b: Garchomp
|move|p1a: Sylveon|Hyper Voice|p2b: Klefki|[spread] p2a,p2b
|-resisted|p2a: Venusaur|1
|-resisted|p2b: Klefki|1
|-damage|p2a: Venusaur|87/100
|-damage|p2b: Klefki|1/100
|
|upkeep
|turn|3
|
|t:|1783190989
|detailschange|p1b: Garchomp|Garchomp-Mega, L50, M
|-mega|p1b: Garchomp|Garchomp|Garchompite
|move|p1a: Sylveon|Protect|p1a: Sylveon
|-singleturn|p1a: Sylveon|Protect
|move|p1b: Garchomp|Earthquake|p2a: Venusaur|[spread] p2a,p2b
|-activate|p1a: Sylveon|move: Protect
|-supereffective|p2b: Klefki|1
|-damage|p2a: Venusaur|60/100
|-damage|p2b: Klefki|0 fnt
|faint|p2b: Klefki
|move|p2a: Venusaur|Sludge Bomb|p1a: Sylveon
|-activate|p1a: Sylveon|move: Protect
|
|upkeep
|
|t:|1783191000
|switch|p2b: Garchomp|Garchomp, L50, F|100/100
|turn|4
|
|t:|1783191022
|switch|p1a: Farigiraf|Farigiraf, L50, F|100/100
|move|p2b: Garchomp|Dragon Claw|p1b: Garchomp
|-supereffective|p1b: Garchomp|1
|-damage|p1b: Garchomp|0 fnt
|faint|p1b: Garchomp
|-damage|p2b: Garchomp|90/100|[from] item: Life Orb
|move|p2a: Venusaur|Sludge Bomb|p1a: Farigiraf
|-damage|p1a: Farigiraf|55/100
|
|upkeep
|
|t:|1783191044
|switch|p1b: Basculegion|Basculegion, L50, M|80/100
|turn|5
|
|t:|1783191063
|move|p1b: Basculegion|Flip Turn|p2b: Garchomp
|-damage|p2b: Garchomp|65/100
|-damage|p1b: Basculegion|68/100|[from] ability: Rough Skin|[of] p2b: Garchomp
|
|t:|1783191067
|switch|p1b: Sylveon|Sylveon, L50, M, shiny|100/100|[from] Flip Turn
|move|p2b: Garchomp|Dragon Claw|p1a: Farigiraf
|-damage|p1a: Farigiraf|14/100
|-enditem|p1a: Farigiraf|Sitrus Berry|[eat]
|-heal|p1a: Farigiraf|39/100|[from] item: Sitrus Berry
|-damage|p2b: Garchomp|56/100|[from] item: Life Orb
|move|p2a: Venusaur|Giga Drain|p1b: Sylveon
|-damage|p1b: Sylveon|61/100
|-heal|p2a: Venusaur|78/100|[from] drain|[of] p1b: Sylveon
|move|p1a: Farigiraf|Twin Beam|p2a: Venusaur
|-supereffective|p2a: Venusaur|1
|-damage|p2a: Venusaur|62/100
|-supereffective|p2a: Venusaur|1
|-damage|p2a: Venusaur|44/100
|-hitcount|p2a: Venusaur|2
|
|upkeep
|turn|6
|
|t:|1783191100
|move|p1b: Sylveon|Protect|p1b: Sylveon
|-singleturn|p1b: Sylveon|Protect
|move|p1a: Farigiraf|Protect|p1a: Farigiraf
|-singleturn|p1a: Farigiraf|Protect
|move|p2b: Garchomp|Rock Slide|p1a: Farigiraf|[spread] 
|-activate|p1a: Farigiraf|move: Protect
|-activate|p1b: Sylveon|move: Protect
|move|p2a: Venusaur|Sludge Bomb|p1a: Farigiraf
|-activate|p1a: Farigiraf|move: Protect
|
|upkeep
|turn|7
|
|t:|1783191138
|move|p2b: Garchomp|Rock Slide|p1a: Farigiraf|[spread] p1a,p1b
|-damage|p1a: Farigiraf|18/100
|-damage|p1b: Sylveon|35/100
|-damage|p2b: Garchomp|46/100|[from] item: Life Orb
|move|p2a: Venusaur|Giga Drain|p1a: Farigiraf
|-damage|p1a: Farigiraf|0 fnt
|-heal|p2a: Venusaur|55/100|[from] drain|[of] p1a: Farigiraf
|faint|p1a: Farigiraf
|move|p1b: Sylveon|Hyper Voice|p2a: Venusaur|[spread] p2a,p2b
|-resisted|p2a: Venusaur|1
|-supereffective|p2b: Garchomp|1
|-damage|p2a: Venusaur|43/100
|-damage|p2b: Garchomp|0 fnt
|faint|p2b: Garchomp
|
|upkeep
|
|t:|1783191151
|switch|p2b: Torkoal|Torkoal, L50, F|100/100
|switch|p1a: Basculegion|Basculegion, L50, M|68/100
|-weather|SunnyDay|[from] ability: Drought|[of] p2b: Torkoal
|turn|8
|
|t:|1783191169
|move|p1a: Basculegion|Last Respects|p2a: Venusaur
|-damage|p2a: Venusaur|0 fnt
|faint|p2a: Venusaur
|move|p1b: Sylveon|Hyper Beam|p2b: Torkoal
|-resisted|p2b: Torkoal|1
|-damage|p2b: Torkoal|56/100
|-mustrecharge|p1b: Sylveon
|move|p2b: Torkoal|Weather Ball|p1b: Sylveon
|-damage|p1b: Sylveon|0 fnt
|faint|p1b: Sylveon
|
|-weather|SunnyDay|[upkeep]
|-sideend|p2: sleepykittybun|move: Light Screen
|upkeep
|turn|9
|
|t:|1783191183
|move|p1a: Basculegion|Last Respects|p2b: Torkoal
|-damage|p2b: Torkoal|1/100
|move|p2b: Torkoal|Weather Ball|p1a: Basculegion
|-resisted|p1a: Basculegion|1
|-damage|p1a: Basculegion|22/100
|
|-weather|SunnyDay|[upkeep]
|-sideend|p2: sleepykittybun|Reflect
|upkeep
|turn|10
|
|t:|1783191193
|move|p1a: Basculegion|Last Respects|p2b: Torkoal
|-damage|p2b: Torkoal|0 fnt
|faint|p2b: Torkoal
|
|win|farangjake
||farangjake is ready for game 2.
||sleepykittybun is ready for game 2.
|uhtml|next|Next: Game 2 of 3
