|j|☆glueck
|j|☆quain4
|html|glueckquain4    
|uhtml|bestof|Game 3 of a best-of-3
|t:|1756381756
|gametype|doubles
|player|p1|glueck|marley|1000
|player|p2|quain4|169|1124
|gen|9
|tier|[Gen 9] VGC 2025 Reg H (Bo3)
|rated|
|rule|Species Clause: Limit one of each Pokémon
|rule|Item Clause: Limit 1 of each item
|clearpoke
|poke|p1|Charizard, L50, F|
|poke|p1|Torkoal, L50, F|
|poke|p1|Porygon2, L50|
|poke|p1|Incineroar, L50, F|
|poke|p1|Jumpluff, L50, F|
|poke|p1|Ursaluna, L50, F|
|poke|p2|Gothitelle, L50, M|
|poke|p2|Incineroar, L50, F|
|poke|p2|Zoroark-Hisui, L50, M|
|poke|p2|Ursaluna-Bloodmoon, L50, M|
|poke|p2|Amoonguss, L50, M|
|poke|p2|Annihilape, L50, M|
|teampreview|4
|showteam|p1|Charizard||ChoiceSpecs|SolarPower|HeatWave,Overheat,WeatherBall,AirSlash|||F|||50|,,,,,Ghost]Torkoal||EjectPack|Drought|Eruption,Overheat,HelpingHand,Protect|||F|||50|,,,,,Fire]Porygon2||Eviolite|Download|TeraBlast,IceBeam,Recover,TrickRoom||||||50|,,,,,Fighting]Incineroar||SitrusBerry|Intimidate|FlareBlitz,KnockOff,FakeOut,PartingShot|||F|||50|,,,,,Ghost]Jumpluff||CovertCloak|Chlorophyll|SleepPowder,SunnyDay,RagePowder,Tailwind|||F|||50|,,,,,Water]Ursaluna||FlameOrb|Guts|HeadlongRush,Facade,Earthquake,Protect|||F|||50|,,,,,Ghost
|showteam|p2|Gothitelle||SitrusBerry|ShadowTag|Protect,TrickRoom,FakeOut,Psychic|||M|||50|,,,,,Water]Incineroar||AssaultVest|Intimidate|Uturn,FakeOut,FlareBlitz,KnockOff|||F|||50|,,,,,Grass]Zoroark-Hisui||FocusSash|Illusion|Protect,NastyPlot,BitterMalice,HyperVoice|||M|||50|,,,,,Normal]Ursaluna-Bloodmoon||LifeOrb|MindsEye|Protect,EarthPower,BloodMoon,HyperVoice|||M|||50|,,,,,Normal]Amoonguss||RockyHelmet|EffectSpore|Protect,Spore,RagePowder,PollenPuff|||M|||50|,,,,,Water]Annihilape||SafetyGoggles|Defiant|CloseCombat,Protect,FinalGambit,RageFist|||M|||50|,,,,,Fighting
|inactive|Battle timer is ON: inactive players will automatically lose when time's up. (requested by glueck)
|
|t:|1756381781
|teamsize|p1|4
|teamsize|p2|4
|start
|switch|p1a: Torkoal|Torkoal, L50, F|100/100
|switch|p1b: Porygon2|Porygon2, L50|100/100
|switch|p2a: Incineroar|Incineroar, L50, F|100/100
|switch|p2b: Gothitelle|Gothitelle, L50, M|100/100
|-ability|p1b: Porygon2|Download|boost
|-boost|p1b: Porygon2|atk|1
|-weather|SunnyDay|[from] ability: Drought|[of] p1a: Torkoal
|turn|1
|inactive|quain4 has 30 seconds left.
|
|t:|1756381815
|move|p2b: Gothitelle|Fake Out|p1a: Torkoal
|-damage|p1a: Torkoal|96/100
|move|p2a: Incineroar|Nasty Plot|p2a: Incineroar
|-boost|p2a: Incineroar|spa|2
|cant|p1a: Torkoal|flinch
|move|p1b: Porygon2|Trick Room|p1b: Porygon2
|-fieldstart|move: Trick Room|[of] p1b: Porygon2
|
|-weather|SunnyDay|[upkeep]
|upkeep
|turn|2
|inactive|glueck has 30 seconds left.
|inactive|glueck has 20 seconds left.
|
|t:|1756381851
|switch|p2b: Incineroar|Incineroar, L50, F|100/100
|-ability|p2b: Incineroar|Intimidate|boost
|-unboost|p1a: Torkoal|atk|1
|-unboost|p1b: Porygon2|atk|1
|-enditem|p1a: Torkoal|Eject Pack
|
|t:|1756381863
|switch|p1a: Incineroar|Incineroar, L50, F|100/100
|-ability|p1a: Incineroar|Intimidate|boost
|-unboost|p2a: Incineroar|atk|1
|-unboost|p2b: Incineroar|atk|1
|-terastallize|p2a: Incineroar|Normal
|move|p1b: Porygon2|Ice Beam|p2a: Incineroar
|-damage|p2a: Incineroar|38/100
|replace|p2a: Zoroark|Zoroark-Hisui, L50, M
|-end|p2a: Zoroark|Illusion
|move|p2a: Zoroark|Hyper Voice|p1a: Incineroar|[spread] p1a,p1b
|-damage|p1a: Incineroar|13/100
|-damage|p1b: Porygon2|41/100
|-enditem|p1a: Incineroar|Sitrus Berry|[eat]
|-heal|p1a: Incineroar|38/100|[from] item: Sitrus Berry
|
|-weather|SunnyDay|[upkeep]
|upkeep
|turn|3
|
|t:|1756381886
|move|p2a: Zoroark|Protect|p2a: Zoroark
|-singleturn|p2a: Zoroark|Protect
|move|p1a: Incineroar|Fake Out|p2a: Zoroark
|-activate|p2a: Zoroark|move: Protect
|move|p2b: Incineroar|U-turn|p1a: Incineroar
|-damage|p1a: Incineroar|22/100
|
|t:|1756381899
|switch|p2b: Ursaluna|Ursaluna-Bloodmoon, L50, M|100/100|[from] U-turn
|move|p1b: Porygon2|Ice Beam|p2a: Zoroark
|-activate|p2a: Zoroark|move: Protect
|
|-weather|SunnyDay|[upkeep]
|upkeep
|turn|4
|
|t:|1756381922
|switch|p2a: Gothitelle|Gothitelle, L50, M|100/100
|-terastallize|p1b: Porygon2|Fighting
|move|p2b: Ursaluna|Hyper Voice|p1a: Incineroar|[spread] p1a,p1b
|-damage|p1a: Incineroar|0 fnt
|-damage|p1b: Porygon2|8/100
|faint|p1a: Incineroar
|-damage|p2b: Ursaluna|90/100|[from] item: Life Orb
|move|p1b: Porygon2|Tera Blast|p2b: Ursaluna|[anim] Tera Blast Fighting
|-supereffective|p2b: Ursaluna
|-damage|p2b: Ursaluna|11/100
|
|-weather|SunnyDay|[upkeep]
|upkeep
|inactive|glueck has 30 seconds left.
|inactive|glueck has 20 seconds left.
|
|t:|1756381958
|switch|p1a: Torkoal|Torkoal, L50, F|96/100
|turn|5
|
|t:|1756381981
|move|p2a: Gothitelle|Fake Out|p1a: Torkoal
|-damage|p1a: Torkoal|91/100
|cant|p1a: Torkoal|flinch
|move|p2b: Ursaluna|Hyper Voice|p1b: Porygon2|[spread] p1a,p1b
|-crit|p1a: Torkoal
|-damage|p1a: Torkoal|0 fnt
|-damage|p1b: Porygon2|0 fnt
|faint|p1a: Torkoal
|faint|p1b: Porygon2
|-damage|p2b: Ursaluna|1/100|[from] item: Life Orb
|
|-weather|none
|-fieldend|move: Trick Room
|upkeep
|
|t:|1756381987
|switch|p1b: Ursaluna|Ursaluna, L50, F|100/100
|turn|6
|
|t:|1756381998
|switch|p2a: Incineroar|Incineroar, L50, F|100/100
|-ability|p2a: Incineroar|Intimidate|boost
|-unboost|p1b: Ursaluna|atk|1
|move|p2b: Ursaluna|Protect|p2b: Ursaluna
|-singleturn|p2b: Ursaluna|Protect
|move|p1b: Ursaluna|Earthquake|p2a: Incineroar|[spread] p2a
|-activate|p2b: Ursaluna|move: Protect
|-supereffective|p2a: Incineroar
|-damage|p2a: Incineroar|44/100
|
|-status|p1b: Ursaluna|brn|[from] item: Flame Orb
|upkeep
|turn|7
|
|t:|1756382013
|switch|p2b: Gothitelle|Gothitelle, L50, M|100/100
|move|p1b: Ursaluna|Protect|p1b: Ursaluna
|-singleturn|p1b: Ursaluna|Protect
|move|p2a: Incineroar|Fake Out|p1b: Ursaluna
|-activate|p1b: Ursaluna|move: Protect
|
|-damage|p1b: Ursaluna|95/100 brn|[from] brn
|upkeep
|turn|8
|
|t:|1756382024
|move|p1b: Ursaluna|Protect|p1b: Ursaluna
|-singleturn|p1b: Ursaluna|Protect
|move|p2b: Gothitelle|Fake Out|p1b: Ursaluna
|-activate|p1b: Ursaluna|move: Protect
|move|p2a: Incineroar|U-turn|p1b: Ursaluna
|-activate|p1b: Ursaluna|move: Protect
|
|-damage|p1b: Ursaluna|89/100 brn|[from] brn
|upkeep
|turn|9
|inactive|quain4 has 30 seconds left.
|
|t:|1756382057
|move|p1b: Ursaluna|Earthquake|p2b: Gothitelle|[spread] p2a,p2b
|-supereffective|p2a: Incineroar
|-damage|p2a: Incineroar|0 fnt
|-damage|p2b: Gothitelle|59/100
|faint|p2a: Incineroar
|move|p2b: Gothitelle|Trick Room|p2b: Gothitelle
|-fieldstart|move: Trick Room|[of] p2b: Gothitelle
|
|-damage|p1b: Ursaluna|83/100 brn|[from] brn
|upkeep
|
|t:|1756382060
|switch|p2a: Ursaluna|Ursaluna-Bloodmoon, L50, M|1/100
|turn|10
|inactive|glueck has 30 seconds left.
|inactive|glueck has 20 seconds left.
|l|☆quain4
|inactive|quain4 disconnected and has a minute to reconnect!
|player|p2|
|inactive|glueck has 15 seconds left.
|
|t:|1756382102
|move|p1b: Ursaluna|Protect|p1b: Ursaluna
|-singleturn|p1b: Ursaluna|Protect
|move|p2a: Ursaluna|Hyper Voice|p1b: Ursaluna
|-activate|p1b: Ursaluna|move: Protect
|move|p2b: Gothitelle|Psychic|p1b: Ursaluna
|-activate|p1b: Ursaluna|move: Protect
|
|-damage|p1b: Ursaluna|77/100 brn|[from] brn
|upkeep
|turn|11
|inactive|quain4 has 30 seconds left.
|inactive|quain4 has 20 seconds left.
|inactive|quain4 has 15 seconds left.
|j|☆quain4
|inactive|quain4 reconnected and has 15 seconds left.
|player|p2|quain4|169|
|inactive|quain4 has 10 seconds left.
|
|t:|1756382149
|move|p2a: Ursaluna|Hyper Voice|p1b: Ursaluna
|-damage|p1b: Ursaluna|13/100 brn
|-damage|p2a: Ursaluna|0 fnt|[from] item: Life Orb
|faint|p2a: Ursaluna
|move|p2b: Gothitelle|Psychic|p1b: Ursaluna
|-damage|p1b: Ursaluna|0 fnt
|faint|p1b: Ursaluna
|
|win|quain4
|raw|glueck's rating: 1000 → 1000(+0 for losing)
|raw|quain4's rating: 1124 → 1140(+16 for winning)
|l|☆quain4
|player|p2|
