|j|☆iLouca
|j|☆ZeGaboVGC
|html|iLoucaZeGaboVGC    
|uhtml|bestof|Game 1 of a best-of-3
|t:|1756565739
|gametype|doubles
|player|p1|iLouca|acetrainer|1201
|player|p2|ZeGaboVGC|benga|1177
|gen|9
|tier|[Gen 9] VGC 2025 Reg H (Bo3)
|rated|
|rule|Species Clause: Limit one of each Pokémon
|rule|Item Clause: Limit 1 of each item
|clearpoke
|poke|p1|Charizard, L50, M|
|poke|p1|Dragapult, L50, M|
|poke|p1|Ursaluna, L50, M|
|poke|p1|Hydreigon, L50, M|
|poke|p1|Whimsicott, L50, F|
|poke|p1|Torkoal, L50, M|
|poke|p2|Incineroar, L50, M|
|poke|p2|Amoonguss, L50, F|
|poke|p2|Ursaluna-Bloodmoon, L50, M|
|poke|p2|Sneasler, L50, F|
|poke|p2|Gholdengo, L50|
|poke|p2|Dragonite, L50, F|
|teampreview|4
|showteam|p1|Charizard||ChoiceSpecs|SolarPower|HeatWave,Overheat,AirSlash,SolarBeam|||M|||50|,,,,,Ghost]Dragapult||ChoiceBand|ClearBody|DragonDarts,PhantomForce,PsychicFangs,Uturn|||M|||50|,,,,,Dragon]Ursaluna||FlameOrb|Guts|Facade,HeadlongRush,Earthquake,Protect|||M|||50|,,,,,Ghost]Hydreigon||CovertCloak|Levitate|DracoMeteor,DarkPulse,HeatWave,Tailwind|||M|||50|,,,,,Fire]Whimsicott||FocusSash|Prankster|Moonblast,SunnyDay,Tailwind,TrickRoom|||F|||50|,,,,,Ghost]Torkoal||EjectPack|Drought|Eruption,Overheat,HelpingHand,Protect|||M|||50|,,,,,Fire
|showteam|p2|Incineroar||SafetyGoggles|Intimidate|FlareBlitz,KnockOff,PartingShot,FakeOut|||M|||50|,,,,,Ghost]Amoonguss||SitrusBerry|Regenerator|Spore,RagePowder,PollenPuff,Protect|||F|||50|,,,,,Dark]Ursaluna-Bloodmoon||AssaultVest|MindsEye|HyperVoice,BloodMoon,EarthPower,VacuumWave|||M|||50|,,,,,Water]Sneasler||FocusSash|Unburden|CloseCombat,DireClaw,ThroatChop,Protect|||F|||50|,,,,,Stellar]Gholdengo||LifeOrb|GoodasGold|MakeItRain,ShadowBall,NastyPlot,Protect||||||50|,,,,,Water]Dragonite||LoadedDice|Multiscale|ScaleShot,Tailwind,Haze,Protect|||F|||50|,,,,,Fairy
|inactive|Battle timer is ON: inactive players will automatically lose when time's up. (requested by ZeGaboVGC)
|inactive|iLouca has 60 seconds left.
|
|t:|1756565772
|teamsize|p1|4
|teamsize|p2|4
|start
|switch|p1a: Hydreigon|Hydreigon, L50, M|100/100
|switch|p1b: Torkoal|Torkoal, L50, M|100/100
|switch|p2a: Incineroar|Incineroar, L50, M|100/100
|switch|p2b: Dragonite|Dragonite, L50, F|100/100
|-ability|p2a: Incineroar|Intimidate|boost
|-unboost|p1a: Hydreigon|atk|1
|-unboost|p1b: Torkoal|atk|1
|-weather|SunnyDay|[from] ability: Drought|[of] p1b: Torkoal
|-enditem|p1b: Torkoal|Eject Pack
|
|t:|1756565794
|switch|p1b: Charizard|Charizard, L50, M|100/100
|turn|1
|inactive|iLouca has 30 seconds left.
|inactive|ZeGaboVGC has 30 seconds left.
|
|t:|1756565828
|-terastallize|p1b: Charizard|Ghost
|-terastallize|p2b: Dragonite|Fairy
|move|p1b: Charizard|Heat Wave|p2b: Dragonite|[spread] p2a,p2b
|-resisted|p2a: Incineroar
|-damage|p2a: Incineroar|51/100
|-damage|p2b: Dragonite|40/100
|move|p1a: Hydreigon|Heat Wave|p2a: Incineroar|[spread] p2a,p2b
|-resisted|p2a: Incineroar
|-damage|p2a: Incineroar|37/100
|-damage|p2b: Dragonite|2/100
|move|p2b: Dragonite|Tailwind|p2b: Dragonite
|-sidestart|p2: ZeGaboVGC|move: Tailwind
|move|p2a: Incineroar|Knock Off|p1b: Charizard
|-supereffective|p1b: Charizard
|-crit|p1b: Charizard
|-damage|p1b: Charizard|0 fnt
|-enditem|p1b: Charizard|Choice Specs|[from] move: Knock Off|[of] p2a: Incineroar
|faint|p1b: Charizard
|
|-weather|SunnyDay|[upkeep]
|upkeep
|
|t:|1756565853
|switch|p1b: Whimsicott|Whimsicott, L50, F|100/100
|turn|2
|
|t:|1756565877
|switch|p2a: Sneasler|Sneasler, L50, F|100/100
|move|p1b: Whimsicott|Tailwind|p1b: Whimsicott
|-sidestart|p1: iLouca|move: Tailwind
|move|p1a: Hydreigon|Heat Wave|p2b: Dragonite|[spread] p2a,p2b
|-damage|p2a: Sneasler|50/100
|-damage|p2b: Dragonite|0 fnt
|faint|p2b: Dragonite
|
|-weather|SunnyDay|[upkeep]
|upkeep
|
|t:|1756565882
|switch|p2b: Ursaluna|Ursaluna-Bloodmoon, L50, M|100/100
|turn|3
|
|t:|1756565904
|move|p2a: Sneasler|Protect|p2a: Sneasler
|-singleturn|p2a: Sneasler|Protect
|move|p1a: Hydreigon|Draco Meteor|p2b: Ursaluna|[miss]
|-miss|p1a: Hydreigon|p2b: Ursaluna
|move|p2b: Ursaluna|Hyper Voice|p1b: Whimsicott|[spread] p1a,p1b
|-damage|p1a: Hydreigon|58/100
|-damage|p1b: Whimsicott|41/100
|move|p1b: Whimsicott|Trick Room|p1b: Whimsicott
|-fieldstart|move: Trick Room|[of] p1b: Whimsicott
|
|-weather|SunnyDay|[upkeep]
|upkeep
|turn|4
|
|t:|1756565920
|move|p2a: Sneasler|Protect||[still]
|-fail|p2a: Sneasler
|move|p2b: Ursaluna|Hyper Voice|p1a: Hydreigon|[spread] p1a,p1b
|-damage|p1a: Hydreigon|16/100
|-damage|p1b: Whimsicott|0 fnt
|faint|p1b: Whimsicott
|move|p1a: Hydreigon|Heat Wave|p2b: Ursaluna|[spread] p2b
|-miss|p1a: Hydreigon|p2a: Sneasler
|-damage|p2b: Ursaluna|77/100
|
|-weather|SunnyDay|[upkeep]
|-sideend|p2: ZeGaboVGC|move: Tailwind
|upkeep
|
|t:|1756565934
|switch|p1b: Torkoal|Torkoal, L50, M|100/100
|turn|5
|
|t:|1756565945
|move|p1b: Torkoal|Eruption|p2b: Ursaluna|[spread] p2a,p2b
|-damage|p2a: Sneasler|0 fnt
|-damage|p2b: Ursaluna|30/100
|faint|p2a: Sneasler
|move|p2b: Ursaluna|Hyper Voice|p1a: Hydreigon|[spread] p1a,p1b
|-damage|p1a: Hydreigon|0 fnt
|-damage|p1b: Torkoal|51/100
|faint|p1a: Hydreigon
|
|-weather|none
|-sideend|p1: iLouca|move: Tailwind
|upkeep
|
|t:|1756565948
|switch|p2a: Incineroar|Incineroar, L50, M|37/100
|-ability|p2a: Incineroar|Intimidate|boost
|-unboost|p1b: Torkoal|atk|1
|turn|6
|
|t:|1756565960
|move|p1b: Torkoal|Protect|p1b: Torkoal
|-singleturn|p1b: Torkoal|Protect
|move|p2a: Incineroar|Fake Out|p1b: Torkoal
|-activate|p1b: Torkoal|move: Protect
|move|p2b: Ursaluna|Earth Power|p1b: Torkoal
|-activate|p1b: Torkoal|move: Protect
|
|upkeep
|turn|7
|
|t:|1756565972
|move|p2b: Ursaluna|Vacuum Wave|p1b: Torkoal
|-damage|p1b: Torkoal|30/100
|move|p1b: Torkoal|Eruption|p2a: Incineroar|[spread] p2a,p2b
|-resisted|p2a: Incineroar
|-damage|p2a: Incineroar|31/100
|-damage|p2b: Ursaluna|22/100
|move|p2a: Incineroar|Knock Off|p1b: Torkoal
|-damage|p1b: Torkoal|8/100
|
|-fieldend|move: Trick Room
|upkeep
|turn|8
|
|t:|1756565987
|move|p2b: Ursaluna|Vacuum Wave|p1b: Torkoal
|-damage|p1b: Torkoal|0 fnt
|faint|p1b: Torkoal
|
|win|ZeGaboVGC
