|j|☆memeberserk
|j|☆lol1v1
|html|memeberserklol1v1    
|uhtml|bestof|Game 3 of a best-of-3
|t:|1782333949
|gametype|doubles
|player|p1|memeberserk|lance|1056
|player|p2|lol1v1|170|1136
|gen|9
|tier|[Gen 9 Champions] VGC 2026 Reg M-B (Bo3)
|rated|
|rule|Species Clause: Limit one of each Pokémon
|rule|Item Clause: Limit 1 of each item
|clearpoke
|poke|p1|Grimmsnarl, L50, M|
|poke|p1|Archaludon, L50, F|
|poke|p1|Toxapex, L50, M|
|poke|p1|Pelipper, L50, F|
|poke|p1|Swampert, L50, F|
|poke|p1|Staraptor, L50, M|
|poke|p2|Pyroar, L50, M|
|poke|p2|Whimsicott, L50, F|
|poke|p2|Garchomp, L50, F|
|poke|p2|Malamar, L50, M|
|poke|p2|Vileplume, L50, M|
|poke|p2|Torkoal, L50, F|
|teampreview|4
|showteam|p1|Grimmsnarl||LightClay|Prankster|LightScreen,Reflect,PartingShot,SpiritBreak|Careful||M|||50|]Archaludon||ChopleBerry|Stamina|ElectroShot,DracoMeteor,Protect,Snarl|Timid||F|||50|]Toxapex||Leftovers|Regenerator|Infestation,Toxic,BanefulBunker,WideGuard|Bold||M|||50|]Pelipper||FocusSash|Drizzle|Hurricane,WeatherBall,Protect,Tailwind|Timid||F|||50|]Swampert||Swampertite|Torrent|HighHorsepower,WaveCrash,Protect,FlipTurn|Careful||F|||50|]Staraptor||Staraptite|Intimidate|CloseCombat,Roost,Protect,BraveBird|Adamant||M|||50|
|showteam|p2|Pyroar||Pyroarite|Moxie|HeatWave,SolarBeam,Overheat,Protect|Timid||M|||50|]Whimsicott||FairyFeather|Prankster|Tailwind,Moonblast,SunnyDay,Encore|Bold||F|||50|]Garchomp||ChoiceScarf|RoughSkin|Earthquake,RockSlide,StompingTantrum,DragonClaw|Jolly||F|||50|]Malamar||Malamarite|Contrary|Superpower,PsychoCut,KnockOff,Protect|Jolly||M|||50|]Vileplume||FocusSash|Chlorophyll|GigaDrain,SleepPowder,AcidSpray,AfterYou|Modest||M|||50|]Torkoal||Charcoal|Drought|EarthPower,HeatWave,Eruption,Protect|Modest||F|||50|
|
|t:|1782333968
|teamsize|p1|4
|teamsize|p2|4
|start
|switch|p1a: Grimmsnarl|Grimmsnarl, L50, M|100/100
|switch|p1b: Staraptor|Staraptor, L50, M|100/100
|switch|p2a: Pyroar|Pyroar, L50, M|100/100
|switch|p2b: Garchomp|Garchomp, L50, F|100/100
|-ability|p1b: Staraptor|Intimidate|boost
|-unboost|p2a: Pyroar|atk|1
|-unboost|p2b: Garchomp|atk|1
|turn|1
|inactive|Battle timer is ON: inactive players will automatically lose when time's up. (requested by memeberserk)
|
|t:|1782333991
|detailschange|p2a: Pyroar|Pyroar-Mega, L50, M
|-mega|p2a: Pyroar|Pyroar|Pyroarite
|detailschange|p1b: Staraptor|Staraptor-Mega, L50, M
|-mega|p1b: Staraptor|Staraptor|Staraptite
|move|p1a: Grimmsnarl|Light Screen|p1a: Grimmsnarl
|-sidestart|p1: memeberserk|move: Light Screen
|move|p2b: Garchomp|Rock Slide|p1b: Staraptor|[spread] p1a
|-miss|p2b: Garchomp|p1b: Staraptor
|-damage|p1a: Grimmsnarl|82/100
|move|p2a: Pyroar|Heat Wave|p1b: Staraptor|[spread] p1a,p1b
|-damage|p1a: Grimmsnarl|54/100
|-damage|p1b: Staraptor|60/100
|move|p1b: Staraptor|Close Combat|p2a: Pyroar
|-supereffective|p2a: Pyroar|1
|-damage|p2a: Pyroar|0 fnt
|-boost|p1b: Staraptor|def|1
|-boost|p1b: Staraptor|spd|1
|faint|p2a: Pyroar
|
|upkeep
|
|t:|1782334001
|switch|p2a: Vileplume|Vileplume, L50, M|100/100
|turn|2
|
|t:|1782334016
|switch|p2b: Torkoal|Torkoal, L50, F|100/100
|-weather|SunnyDay|[from] ability: Drought|[of] p2b: Torkoal
|move|p1b: Staraptor|Protect|p1b: Staraptor
|-singleturn|p1b: Staraptor|Protect
|move|p1a: Grimmsnarl|Parting Shot|p2b: Torkoal
|-unboost|p2b: Torkoal|atk|1
|-unboost|p2b: Torkoal|spa|1
|
|t:|1782334024
|switch|p1a: Pelipper|Pelipper, L50, F|100/100|[from] Parting Shot
|-weather|RainDance|[from] ability: Drizzle|[of] p1a: Pelipper
|move|p2a: Vileplume|Sleep Powder|p1b: Staraptor
|-activate|p1b: Staraptor|move: Protect
|
|-weather|RainDance|[upkeep]
|upkeep
|turn|3
|inactive|lol1v1 has 30 seconds left.
|c|☆memeberserk|gg
|
|t:|1782334055
|switch|p2b: Garchomp|Garchomp, L50, F|100/100
|move|p1b: Staraptor|Brave Bird|p2a: Vileplume
|-supereffective|p2a: Vileplume|1
|-enditem|p2a: Vileplume|Focus Sash
|-damage|p2a: Vileplume|1/100
|-damage|p1b: Staraptor|34/100|[from] Recoil
|move|p1a: Pelipper|Hurricane|p2a: Vileplume
|-supereffective|p2a: Vileplume|1
|-damage|p2a: Vileplume|0 fnt
|faint|p2a: Vileplume
|
|-weather|RainDance|[upkeep]
|upkeep
|
|t:|1782334057
|switch|p2a: Torkoal|Torkoal, L50, F|100/100
|-weather|SunnyDay|[from] ability: Drought|[of] p2a: Torkoal
|turn|4
|
|t:|1782334070
|switch|p1a: Toxapex|Toxapex, L50, M|100/100
|move|p1b: Staraptor|Protect|p1b: Staraptor
|-singleturn|p1b: Staraptor|Protect
|move|p2b: Garchomp|Rock Slide|p1a: Toxapex|[spread] p1a
|-activate|p1b: Staraptor|move: Protect
|-damage|p1a: Toxapex|87/100
|move|p2a: Torkoal|Heat Wave|p1a: Toxapex|[spread] p1a
|-activate|p1b: Staraptor|move: Protect
|-resisted|p1a: Toxapex|1
|-damage|p1a: Toxapex|71/100
|-status|p1a: Toxapex|brn
|
|-weather|SunnyDay|[upkeep]
|-heal|p1a: Toxapex|77/100 brn|[from] item: Leftovers
|-damage|p1a: Toxapex|71/100 brn|[from] brn
|upkeep
|turn|5
|
|t:|1782334089
|switch|p1b: Grimmsnarl|Grimmsnarl, L50, M|54/100
|move|p2b: Garchomp|Rock Slide|p1b: Grimmsnarl|[spread] p1a,p1b
|-damage|p1a: Toxapex|59/100 brn
|-damage|p1b: Grimmsnarl|30/100
|move|p1a: Toxapex|Toxic|p2b: Garchomp
|-status|p2b: Garchomp|tox
|move|p2a: Torkoal|Earth Power|p1a: Toxapex
|-supereffective|p1a: Toxapex|1
|-damage|p1a: Toxapex|32/100 brn
|-unboost|p1a: Toxapex|spd|1
|
|-weather|SunnyDay|[upkeep]
|-heal|p1a: Toxapex|38/100 brn|[from] item: Leftovers
|-damage|p2b: Garchomp|94/100 tox|[from] psn
|-damage|p1a: Toxapex|32/100 brn|[from] brn
|upkeep
|turn|6
|inactive|memeberserk has 30 seconds left.
|inactive|lol1v1 has 30 seconds left.
|
|t:|1782334121
|move|p1a: Toxapex|Baneful Bunker|p1a: Toxapex
|-singleturn|p1a: Toxapex|move: Protect
|move|p1b: Grimmsnarl|Parting Shot|p2b: Garchomp
|-unboost|p2b: Garchomp|atk|1
|-unboost|p2b: Garchomp|spa|1
|
|t:|1782334126
|switch|p1b: Pelipper|Pelipper, L50, F|100/100|[from] Parting Shot
|-weather|RainDance|[from] ability: Drizzle|[of] p1b: Pelipper
|move|p2b: Garchomp|Rock Slide|p1a: Toxapex|[spread] p1b
|-activate|p1a: Toxapex|move: Protect
|-supereffective|p1b: Pelipper|1
|-damage|p1b: Pelipper|67/100
|move|p2a: Torkoal|Heat Wave|p1b: Pelipper|[spread] p1b
|-activate|p1a: Toxapex|move: Protect
|-resisted|p1b: Pelipper|1
|-crit|p1b: Pelipper
|-damage|p1b: Pelipper|45/100
|
|-weather|RainDance|[upkeep]
|-heal|p1a: Toxapex|38/100 brn|[from] item: Leftovers
|-damage|p2b: Garchomp|82/100 tox|[from] psn
|-damage|p1a: Toxapex|32/100 brn|[from] brn
|upkeep
|turn|7
|
|t:|1782334145
|move|p1a: Toxapex|Wide Guard|p1a: Toxapex
|-singleturn|p1a: Toxapex|Wide Guard
|move|p2b: Garchomp|Rock Slide|p1a: Toxapex|[spread] 
|-activate|p1a: Toxapex|move: Wide Guard
|-activate|p1b: Pelipper|move: Wide Guard
|move|p1b: Pelipper|Weather Ball|p2a: Torkoal
|-supereffective|p2a: Torkoal|1
|-damage|p2a: Torkoal|0 fnt
|faint|p2a: Torkoal
|
|-weather|RainDance|[upkeep]
|-heal|p1a: Toxapex|38/100 brn|[from] item: Leftovers
|-damage|p2b: Garchomp|64/100 tox|[from] psn
|-damage|p1a: Toxapex|32/100 brn|[from] brn
|upkeep
|turn|8
|
|t:|1782334161
|move|p1a: Toxapex|Wide Guard|p1a: Toxapex
|-singleturn|p1a: Toxapex|Wide Guard
|move|p2b: Garchomp|Rock Slide|p1b: Pelipper|[spread] 
|-activate|p1a: Toxapex|move: Wide Guard
|-activate|p1b: Pelipper|move: Wide Guard
|move|p1b: Pelipper|Weather Ball|p2b: Garchomp
|-crit|p2b: Garchomp
|-damage|p2b: Garchomp|0 fnt
|faint|p2b: Garchomp
|
|win|memeberserk
|raw|memeberserk's rating: 1056 → 1095(+39 for winning)
|raw|lol1v1's rating: 1136 → 1105(-31 for losing)
