|j|☆Plopy14
|j|‽daniiivgc
|html|Plopy14daniiivgc    
|uhtml|bestof|Game 2 of a best-of-3
|t:|1783135383
|gametype|doubles
|player|p1|Plopy14|bugcatcher|1155
|player|p2|daniiivgc|giovanni|1358
|gen|9
|tier|[Gen 9 Champions] VGC 2026 Reg M-B (Bo3)
|rated|
|rule|Species Clause: Limit one of each Pokémon
|rule|Item Clause: Limit 1 of each item
|clearpoke
|poke|p1|Floette-Eternal, L50, F|
|poke|p1|Incineroar, L50, M|
|poke|p1|Sinistcha, L50|
|poke|p1|Delphox, L50, F|
|poke|p1|Sneasler, L50, F|
|poke|p1|Kingambit, L50, M|
|poke|p2|Metagross, L50|
|poke|p2|Venusaur, L50, M|
|poke|p2|Talonflame, L50, M|
|poke|p2|Lycanroc-Dusk, L50, M|
|poke|p2|Hydreigon, L50, F|
|poke|p2|Primarina, L50, M|
|teampreview|4
|showteam|p1|Floette-Eternal||Floettite|FlowerVeil|DazzlingGleam,Moonblast,CalmMind,Protect|Modest||F|||50|]Incineroar||SitrusBerry|Intimidate|FakeOut,FlareBlitz,ThroatChop,PartingShot|Careful||M|||50|]Sinistcha||OccaBerry|Hospitality|MatchaGotcha,RagePowder,TrickRoom,Protect|Bold|||||50|]Delphox||Delphoxite|Blaze|HeatWave,Psyshock,NastyPlot,Protect|Timid||F|||50|]Sneasler||FocusSash|PoisonTouch|FakeOut,PoisonJab,CloseCombat,QuickGuard|Jolly||F|||50|]Kingambit||BlackGlasses|Defiant|KowtowCleave,SuckerPunch,SwordsDance,Protect|Adamant||M|||50|
|showteam|p2|Metagross||Metagrossite|ClearBody|IronHead,PsychicFangs,IcePunch,Protect|Jolly|||||50|]Venusaur||Venusaurite|Chlorophyll|GigaDrain,SludgeBomb,EarthPower,Protect|Modest||M|||50|]Talonflame||Charcoal|GaleWings|Overheat,Tailwind,Taunt,QuickGuard|Timid||M|||50|]Lycanroc-Dusk||FocusSash|ToughClaws|RockSlide,Accelerock,CloseCombat,Protect|Adamant||M|||50|]Hydreigon||LifeOrb|Levitate|DarkPulse,DracoMeteor,EarthPower,Protect|Modest||F|||50|]Primarina||MysticWater|LiquidVoice|HyperVoice,Moonblast,AquaJet,Protect|Modest||M|||50|
|
|t:|1783135444
|teamsize|p1|4
|teamsize|p2|4
|start
|switch|p1a: Sneasler|Sneasler, L50, F|100/100
|switch|p1b: Delphox|Delphox, L50, F|100/100
|switch|p2a: Talonflame|Talonflame, L50, M|100/100
|switch|p2b: Hydreigon|Hydreigon, L50, F|100/100
|turn|1
|inactive|Battle timer is ON: inactive players will automatically lose when time's up. (requested by daniiivgc)
|
|t:|1783135462
|switch|p1b: Kingambit|Kingambit, L50, M|100/100
|move|p2a: Talonflame|Tailwind|p2a: Talonflame
|-sidestart|p2: daniiivgc|move: Tailwind
|move|p2b: Hydreigon|Dark Pulse|p1b: Kingambit
|-resisted|p1b: Kingambit|1
|-damage|p1b: Kingambit|71/100
|-damage|p2b: Hydreigon|90/100|[from] item: Life Orb
|move|p1a: Sneasler|Poison Jab|p2a: Talonflame
|-damage|p2a: Talonflame|43/100
|
|upkeep
|turn|2
|inactive|daniiivgc has 30 seconds left.
|
|t:|1783135488
|move|p2a: Talonflame|Quick Guard|p2a: Talonflame
|-singleturn|p2a: Talonflame|Quick Guard
|move|p1b: Kingambit|Sucker Punch||[still]
|-fail|p1b: Kingambit
|move|p2b: Hydreigon|Earth Power|p1a: Sneasler
|-supereffective|p1a: Sneasler|1
|-crit|p1a: Sneasler
|-enditem|p1a: Sneasler|Focus Sash
|-damage|p1a: Sneasler|1/100
|-damage|p2b: Hydreigon|81/100|[from] item: Life Orb
|move|p1a: Sneasler|Close Combat|p2b: Hydreigon
|-supereffective|p2b: Hydreigon|1
|-damage|p2b: Hydreigon|0 fnt
|-unboost|p1a: Sneasler|def|1
|-unboost|p1a: Sneasler|spd|1
|faint|p2b: Hydreigon
|
|upkeep
|
|t:|1783135502
|switch|p2b: Primarina|Primarina, L50, M|100/100
|turn|3
|
|t:|1783135517
|switch|p2a: Venusaur|Venusaur, L50, M|100/100
|switch|p1a: Sinistcha|Sinistcha, L50|100/100
|-heal|p1b: Kingambit|96/100|[from] ability: Hospitality|[of] p1a: Sinistcha
|move|p2b: Primarina|Aqua Jet|p1a: Sinistcha
|-resisted|p1a: Sinistcha|1
|-damage|p1a: Sinistcha|95/100
|move|p1b: Kingambit|Sucker Punch||[still]
|-fail|p1b: Kingambit
|
|upkeep
|turn|4
|
|t:|1783135534
|switch|p2b: Talonflame|Talonflame, L50, M|43/100
|detailschange|p2a: Venusaur|Venusaur-Mega, L50, M
|-mega|p2a: Venusaur|Venusaur|Venusaurite
|move|p2a: Venusaur|Sludge Bomb|p1a: Sinistcha
|-damage|p1a: Sinistcha|49/100
|move|p1a: Sinistcha|Matcha Gotcha|p2b: Talonflame|[spread] p2a,p2b
|-resisted|p2a: Venusaur|2
|-resisted|p2b: Talonflame|2
|-damage|p2a: Venusaur|95/100
|-heal|p1a: Sinistcha|52/100|[from] drain|[of] p2a: Venusaur
|-damage|p2b: Talonflame|34/100
|-heal|p1a: Sinistcha|57/100|[from] drain|[of] p2b: Talonflame
|move|p1b: Kingambit|Kowtow Cleave|p2a: Venusaur
|-damage|p2a: Venusaur|48/100
|
|-sideend|p2: daniiivgc|move: Tailwind
|upkeep
|turn|5
|
|t:|1783135559
|switch|p1a: Sneasler|Sneasler, L50, F|1/100
|move|p1b: Kingambit|Sucker Punch||[still]
|-fail|p1b: Kingambit
|move|p2b: Talonflame|Tailwind|p2b: Talonflame
|-sidestart|p2: daniiivgc|move: Tailwind
|move|p2a: Venusaur|Sludge Bomb|p1a: Sneasler
|-resisted|p1a: Sneasler|1
|-damage|p1a: Sneasler|0 fnt
|faint|p1a: Sneasler
|
|upkeep
|
|t:|1783135566
|switch|p1a: Delphox|Delphox, L50, F|100/100
|turn|6
|
|t:|1783135581
|detailschange|p1a: Delphox|Delphox-Mega, L50, F
|-mega|p1a: Delphox|Delphox|Delphoxite
|move|p1b: Kingambit|Sucker Punch|p2b: Talonflame
|-damage|p2b: Talonflame|0 fnt
|faint|p2b: Talonflame
|move|p2a: Venusaur|Earth Power|p1b: Kingambit
|-supereffective|p1b: Kingambit|1
|-damage|p1b: Kingambit|44/100
|move|p1a: Delphox|Psyshock|p2a: Venusaur
|-supereffective|p2a: Venusaur|1
|-damage|p2a: Venusaur|0 fnt
|faint|p2a: Venusaur
|
|upkeep
|
|t:|1783135591
|switch|p2b: Primarina|Primarina, L50, M|100/100
|turn|7
|
|t:|1783135600
|move|p1a: Delphox|Nasty Plot|p1a: Delphox
|-boost|p1a: Delphox|spa|2
|move|p2b: Primarina|Moonblast|p1b: Kingambit
|-damage|p1b: Kingambit|0 fnt
|faint|p1b: Kingambit
|
|upkeep
|
|t:|1783135605
|switch|p1b: Sinistcha|Sinistcha, L50|57/100
|turn|8
|
|t:|1783135608
|move|p1a: Delphox|Protect|p1a: Delphox
|-singleturn|p1a: Delphox|Protect
|move|p1b: Sinistcha|Protect|p1b: Sinistcha
|-singleturn|p1b: Sinistcha|Protect
|move|p2b: Primarina|Moonblast|p1b: Sinistcha
|-activate|p1b: Sinistcha|move: Protect
|
|-sideend|p2: daniiivgc|move: Tailwind
|upkeep
|turn|9
|
|t:|1783135615
|move|p1a: Delphox|Psyshock|p2b: Primarina
|-damage|p2b: Primarina|10/100
|move|p2b: Primarina|Hyper Voice|p1b: Sinistcha|[spread] p1a,p1b
|-supereffective|p1a: Delphox|1
|-resisted|p1b: Sinistcha|1
|-damage|p1a: Delphox|32/100
|-damage|p1b: Sinistcha|37/100
|move|p1b: Sinistcha|Matcha Gotcha|p2b: Primarina
|-supereffective|p2b: Primarina|1
|-damage|p2b: Primarina|0 fnt
|-heal|p1b: Sinistcha|43/100|[from] drain|[of] p2b: Primarina
|faint|p2b: Primarina
|
|win|Plopy14
|raw|Plopy14's rating: 1155 → 1193(+38 for winning)
|raw|daniiivgc's rating: 1358 → 1327(-31 for losing)
