|j|☆x-4 at worlds
|j|☆TailwindMakeItRain
|html|x-4 at worldsTailwindMakeItRain    
|uhtml|bestof|Game 1 of a best-of-3
|t:|1757690321
|gametype|doubles
|player|p1|x-4 at worlds|shauntal|1471
|player|p2|TailwindMakeItRain|iris|1540
|gen|9
|tier|[Gen 9] VGC 2025 Reg H (Bo3)
|rated|
|rule|Species Clause: Limit one of each Pokémon
|rule|Item Clause: Limit 1 of each item
|clearpoke
|poke|p1|Basculegion, L50, M|
|poke|p1|Incineroar, L50, F|
|poke|p1|Amoonguss, L50, M|
|poke|p1|Kilowattrel, L50, F|
|poke|p1|Ursaluna, L50, F|
|poke|p1|Gholdengo, L50|
|poke|p2|Gholdengo, L50|
|poke|p2|Incineroar, L50, M|
|poke|p2|Sneasler, L50, M|
|poke|p2|Dragonite, L50, M|
|poke|p2|Rillaboom, L50, M|
|poke|p2|Ursaluna-Bloodmoon, L50, M|
|teampreview|4
|showteam|p1|Basculegion||ChoiceScarf|Adaptability|WaveCrash,LastRespects,FlipTurn,AquaJet|||M|||50|,,,,,Grass]Incineroar||AssaultVest|Intimidate|KnockOff,FlareBlitz,Uturn,FakeOut|||F|||50|,,,,,Grass]Amoonguss||CovertCloak|Regenerator|PollenPuff,Spore,RagePowder,Protect|||M|||50|,,,,,Psychic]Kilowattrel||FocusSash|Competitive|Thunderbolt,AirSlash,Tailwind,Protect|||F|||50|,,,,,Ghost]Ursaluna||FlameOrb|Guts|HeadlongRush,Facade,Earthquake,Protect|||F|||50|,,,,,Fairy]Gholdengo||LifeOrb|GoodasGold|MakeItRain,ShadowBall,NastyPlot,Protect||||||50|,,,,,Water
|showteam|p2|Gholdengo||LifeOrb|GoodasGold|MakeItRain,ShadowBall,NastyPlot,Protect||||||50|,,,,,Water]Incineroar||SafetyGoggles|Intimidate|PartingShot,FlareBlitz,KnockOff,FakeOut|||M|||50|,,,,,Ghost]Sneasler||GrassySeed|Unburden|DireClaw,CloseCombat,Acrobatics,Protect|||M|||50|,,,,,Flying]Dragonite||LoadedDice|Multiscale|ScaleShot,Tailwind,Haze,Protect|||M|||50|,,,,,Steel]Rillaboom||AssaultVest|GrassySurge|DrumBeating,GrassyGlide,HighHorsepower,FakeOut|||M|||50|,,,,,Fire]Ursaluna-Bloodmoon||FocusSash|MindsEye|HyperVoice,EarthPower,BloodMoon,Protect|||M|||50|,,,,,Normal
|c|☆TailwindMakeItRain|Hey buddy
|c|☆x-4 at worlds|Oh hello
|c|☆x-4 at worlds|Glhf
|c|☆TailwindMakeItRain|U to
|c|☆x-4 at worlds|Is that my goat max speed drum beating rilla?
|c|☆x-4 at worlds|DDEE sees the truth
|c|☆x-4 at worlds|Idky it caps
|c|☆TailwindMakeItRain|It is
|
|t:|1757690393
|teamsize|p1|4
|teamsize|p2|4
|start
|switch|p1a: Amoonguss|Amoonguss, L50, M, shiny|100/100
|switch|p1b: Gholdengo|Gholdengo, L50|100/100
|switch|p2a: Rillaboom|Rillaboom, L50, M|100/100
|switch|p2b: Ursaluna|Ursaluna-Bloodmoon, L50, M|100/100
|-fieldstart|move: Grassy Terrain|[from] ability: Grassy Surge|[of] p2a: Rillaboom
|turn|1
|
|t:|1757690430
|switch|p2b: Gholdengo|Gholdengo, L50|100/100
|switch|p1a: Incineroar|Incineroar, L50, F|100/100
|-ability|p1a: Incineroar|Intimidate|boost
|-unboost|p2a: Rillaboom|atk|1
|-unboost|p2b: Gholdengo|atk|1
|move|p1b: Gholdengo|Protect|p1b: Gholdengo
|-singleturn|p1b: Gholdengo|Protect
|move|p2a: Rillaboom|High Horsepower|p1b: Gholdengo
|-activate|p1b: Gholdengo|move: Protect
|
|upkeep
|turn|2
|
|t:|1757690523
|switch|p2a: Sneasler|Sneasler, L50, M|100/100
|-enditem|p2a: Sneasler|Grassy Seed
|-boost|p2a: Sneasler|def|1|[from] item: Grassy Seed
|-terastallize|p2b: Gholdengo|Water
|-terastallize|p1b: Gholdengo|Water
|move|p1a: Incineroar|Fake Out|p2a: Sneasler
|-damage|p2a: Sneasler|87/100
|move|p2b: Gholdengo|Shadow Ball|p1b: Gholdengo
|-damage|p1b: Gholdengo|47/100
|-damage|p2b: Gholdengo|91/100|[from] item: Life Orb
|move|p1b: Gholdengo|Make It Rain|p2b: Gholdengo|[spread] p2a,p2b
|-resisted|p2b: Gholdengo
|-damage|p2a: Sneasler|6/100
|-damage|p2b: Gholdengo|57/100
|-unboost|p1b: Gholdengo|spa|1
|-damage|p1b: Gholdengo|38/100|[from] item: Life Orb
|
|-heal|p2a: Sneasler|11/100|[from] Grassy Terrain
|-heal|p2b: Gholdengo|63/100|[from] Grassy Terrain
|-heal|p1b: Gholdengo|44/100|[from] Grassy Terrain
|upkeep
|turn|3
|
|t:|1757690540
|switch|p1a: Amoonguss|Amoonguss, L50, M, shiny|100/100
|move|p2a: Sneasler|Close Combat|p1a: Amoonguss
|-resisted|p1a: Amoonguss
|-damage|p1a: Amoonguss|74/100
|-unboost|p2a: Sneasler|def|1
|-unboost|p2a: Sneasler|spd|1
|move|p2b: Gholdengo|Nasty Plot|p2b: Gholdengo
|-boost|p2b: Gholdengo|spa|2
|move|p1b: Gholdengo|Make It Rain|p2a: Sneasler|[spread] p2a,p2b
|-resisted|p2b: Gholdengo
|-damage|p2a: Sneasler|0 fnt
|-damage|p2b: Gholdengo|40/100
|-unboost|p1b: Gholdengo|spa|1
|faint|p2a: Sneasler
|-damage|p1b: Gholdengo|35/100|[from] item: Life Orb
|
|-heal|p2b: Gholdengo|45/100|[from] Grassy Terrain
|-heal|p1b: Gholdengo|41/100|[from] Grassy Terrain
|-heal|p1a: Amoonguss|80/100|[from] Grassy Terrain
|upkeep
|
|t:|1757690547
|switch|p2a: Ursaluna|Ursaluna-Bloodmoon, L50, M|100/100
|turn|4
|
|t:|1757690569
|switch|p2a: Rillaboom|Rillaboom, L50, M|100/100
|move|p1a: Amoonguss|Protect|p1a: Amoonguss
|-singleturn|p1a: Amoonguss|Protect
|move|p2b: Gholdengo|Make It Rain|p1a: Amoonguss|[spread] p1b
|-activate|p1a: Amoonguss|move: Protect
|-resisted|p1b: Gholdengo
|-damage|p1b: Gholdengo|0 fnt
|-unboost|p2b: Gholdengo|spa|1
|faint|p1b: Gholdengo
|-damage|p2b: Gholdengo|36/100|[from] item: Life Orb
|
|-heal|p2b: Gholdengo|42/100|[from] Grassy Terrain
|-heal|p1a: Amoonguss|85/100|[from] Grassy Terrain
|upkeep
|
|t:|1757690574
|switch|p1b: Incineroar|Incineroar, L50, F|100/100
|-ability|p1b: Incineroar|Intimidate|boost
|-unboost|p2a: Rillaboom|atk|1
|-unboost|p2b: Gholdengo|atk|1
|turn|5
|
|t:|1757690583
|move|p2a: Rillaboom|Fake Out|p1b: Incineroar
|-damage|p1b: Incineroar|92/100
|move|p2b: Gholdengo|Make It Rain|p1b: Incineroar|[spread] p1a,p1b
|-resisted|p1b: Incineroar
|-crit|p1b: Incineroar
|-damage|p1a: Amoonguss|9/100
|-damage|p1b: Incineroar|53/100
|-unboost|p2b: Gholdengo|spa|1
|-damage|p2b: Gholdengo|32/100|[from] item: Life Orb
|cant|p1b: Incineroar|flinch
|move|p1a: Amoonguss|Pollen Puff|p1b: Incineroar
|-heal|p1b: Incineroar|100/100
|
|-heal|p2b: Gholdengo|38/100|[from] Grassy Terrain
|-heal|p1a: Amoonguss|15/100|[from] Grassy Terrain
|-fieldend|move: Grassy Terrain
|upkeep
|turn|6
|
|t:|1757690615
|switch|p2a: Ursaluna|Ursaluna-Bloodmoon, L50, M|100/100
|move|p2b: Gholdengo|Make It Rain|p1a: Amoonguss|[spread] p1a,p1b
|-resisted|p1b: Incineroar
|-damage|p1a: Amoonguss|0 fnt
|-damage|p1b: Incineroar|83/100
|-unboost|p2b: Gholdengo|spa|1
|faint|p1a: Amoonguss
|-damage|p2b: Gholdengo|29/100|[from] item: Life Orb
|move|p1b: Incineroar|Knock Off|p2b: Gholdengo
|-damage|p2b: Gholdengo|0 fnt
|-enditem|p2b: Gholdengo|Life Orb|[from] move: Knock Off|[of] p1b: Incineroar
|faint|p2b: Gholdengo
|
|upkeep
|
|t:|1757690631
|switch|p2b: Rillaboom|Rillaboom, L50, M|100/100
|switch|p1a: Kilowattrel|Kilowattrel, L50, F|100/100
|-fieldstart|move: Grassy Terrain|[from] ability: Grassy Surge|[of] p2b: Rillaboom
|turn|7
|
|t:|1757690663
|move|p2b: Rillaboom|Fake Out|p1b: Incineroar
|-crit|p1b: Incineroar
|-damage|p1b: Incineroar|64/100
|move|p1a: Kilowattrel|Air Slash|p2a: Ursaluna
|-damage|p2a: Ursaluna|58/100
|cant|p2a: Ursaluna|flinch
|cant|p1b: Incineroar|flinch
|
|-heal|p2a: Ursaluna|63/100|[from] Grassy Terrain
|-heal|p1b: Incineroar|70/100|[from] Grassy Terrain
|upkeep
|turn|8
|c|☆x-4 at worlds|I love reg h
|
|t:|1757690685
|move|p1a: Kilowattrel|Tailwind|p1a: Kilowattrel
|-sidestart|p1: x-4 at worlds|move: Tailwind
|move|p1b: Incineroar|Flare Blitz|p2b: Rillaboom
|-supereffective|p2b: Rillaboom
|-damage|p2b: Rillaboom|0 fnt
|faint|p2b: Rillaboom
|-damage|p1b: Incineroar|40/100|[from] Recoil
|move|p2a: Ursaluna|Earth Power|p1b: Incineroar
|-supereffective|p1b: Incineroar
|-crit|p1b: Incineroar
|-damage|p1b: Incineroar|0 fnt
|faint|p1b: Incineroar
|
|-heal|p2a: Ursaluna|69/100|[from] Grassy Terrain
|upkeep
|turn|9
|-message|TailwindMakeItRain forfeited.
|
|win|x-4 at worlds
|c|☆TailwindMakeItRain|Fuck this format
||x-4 at worlds is ready for game 2.
|c|☆TailwindMakeItRain|!!!!!!
|c|☆TailwindMakeItRain|!!!!!
|inactive|TailwindMakeItRain has 30 seconds to confirm battle start!
||TailwindMakeItRain is ready for game 2.
|uhtml|next|Next: Game 2 of 3
|c|☆x-4 at worlds|I could have missed airslash
