|j|☆MetalBlackKnight
|j|☆JareMase
|html|MetalBlackKnightJareMase    
|uhtml|bestof|Game 3 of a best-of-3
|t:|1786103455
|gametype|doubles
|player|p1|MetalBlackKnight|cynthia|1240
|player|p2|JareMase|266|1244
|gen|9
|tier|[Gen 9 Champions] VGC 2026 Reg M-B (Bo3)
|rated|
|rule|Species Clause: Limit one of each Pokémon
|rule|Item Clause: Limit 1 of each item
|clearpoke
|poke|p1|Charizard, L50, F|
|poke|p1|Whimsicott, L50, M|
|poke|p1|Garchomp, L50, F|
|poke|p1|Basculegion, L50, M|
|poke|p1|Incineroar, L50, F|
|poke|p1|Farigiraf, L50, F|
|poke|p2|Scrafty, L50, M|
|poke|p2|Talonflame, L50, F|
|poke|p2|Glimmora, L50, M|
|poke|p2|Metagross, L50|
|poke|p2|Ninetales-Alola, L50, F|
|poke|p2|Farigiraf, L50, F|
|teampreview|4
|showteam|p1|Charizard||CharizarditeY|Blaze|WeatherBall,HeatWave,SolarBeam,Protect|Modest||F|||50|]Whimsicott||CobaBerry|Prankster|Tailwind,Encore,Moonblast,Protect|Timid||M|||50|]Garchomp||LifeOrb|RoughSkin|Earthquake,DragonClaw,RockTomb,Protect|Jolly||F|||50|]Basculegion||ChoiceScarf|Adaptability|WaveCrash,LastRespects,FlipTurn,AquaJet|Jolly||M|||50|]Incineroar||SitrusBerry|Intimidate|FakeOut,FlareBlitz,DarkestLariat,PartingShot|Impish||F|||50|]Farigiraf||ColburBerry|ArmorTail|Psychic,HelpingHand,Protect,Roar|Bold||F|||50|
|showteam|p2|Scrafty||Scraftinite|Intimidate|CloseCombat,KnockOff,FakeOut,RockSlide|Adamant||M|||50|]Talonflame||SharpBeak|GaleWings|Protect,Tailwind,DualWingbeat,FlareBlitz|Jolly||F|||50|]Glimmora||FocusSash|ToxicDebris|SpikyShield,EarthPower,SludgeBomb,PowerGem|Modest||M|||50|]Metagross||Metagrossite|ClearBody|Protect,HardPress,PsychicFangs,StompingTantrum|Jolly|||||50|]Ninetales-Alola||NeverMeltIce|SnowWarning|Protect,Encore,FreezeDry,Blizzard|Timid||F|||50|]Farigiraf||SitrusBerry|ArmorTail|Protect,HelpingHand,Roar,Psychic|Bold||F|||50|
|
|t:|1786103483
|teamsize|p1|4
|teamsize|p2|4
|start
|switch|p1a: Basculegion|Basculegion, L50, M|100/100
|switch|p1b: Incineroar|Incineroar, L50, F|100/100
|switch|p2a: Talonflame|Talonflame, L50, F|100/100
|switch|p2b: Scrafty|Scrafty, L50, M|100/100
|-ability|p1b: Incineroar|Intimidate|boost
|-unboost|p2a: Talonflame|atk|1
|-unboost|p2b: Scrafty|atk|1
|-ability|p2b: Scrafty|Intimidate|boost
|-unboost|p1a: Basculegion|atk|1
|-unboost|p1b: Incineroar|atk|1
|turn|1
|
|t:|1786103509
|detailschange|p2b: Scrafty|Scrafty-Mega, L50, M
|-mega|p2b: Scrafty|Scrafty|Scraftinite
|-ability|p2b: Scrafty|Intimidate|boost
|-unboost|p1a: Basculegion|atk|1
|-unboost|p1b: Incineroar|atk|1
|move|p2a: Talonflame|Protect|p2a: Talonflame
|-singleturn|p2a: Talonflame|Protect
|move|p1b: Incineroar|Fake Out|p2b: Scrafty
|-damage|p2b: Scrafty|94/100
|move|p1a: Basculegion|Flip Turn|p2a: Talonflame
|-activate|p2a: Talonflame|move: Protect
|cant|p2b: Scrafty|flinch
|
|upkeep
|turn|2
|
|t:|1786103537
|move|p2a: Talonflame|Tailwind|p2a: Talonflame
|-sidestart|p2: JareMase|move: Tailwind
|move|p1a: Basculegion|Flip Turn|p2a: Talonflame
|-supereffective|p2a: Talonflame|1
|-damage|p2a: Talonflame|39/100
|
|t:|1786103545
|switch|p1a: Whimsicott|Whimsicott, L50, M|100/100|[from] Flip Turn
|move|p2b: Scrafty|Rock Slide|p1b: Incineroar|[spread] p1a,p1b
|-supereffective|p1b: Incineroar|1
|-damage|p1a: Whimsicott|78/100
|-damage|p1b: Incineroar|74/100
|move|p1b: Incineroar|Parting Shot|p2b: Scrafty
|-unboost|p2b: Scrafty|atk|1
|-unboost|p2b: Scrafty|spa|1
|
|t:|1786103554
|switch|p1b: Basculegion|Basculegion, L50, M|100/100|[from] Parting Shot
|
|upkeep
|turn|3
|
|t:|1786103572
|switch|p2b: Glimmora|Glimmora, L50, M|100/100
|move|p2a: Talonflame|Protect|p2a: Talonflame
|-singleturn|p2a: Talonflame|Protect
|move|p1a: Whimsicott|Tailwind|p1a: Whimsicott
|-sidestart|p1: MetalBlackKnight|move: Tailwind
|move|p1b: Basculegion|Flip Turn|p2b: Glimmora
|-supereffective|p2b: Glimmora|1
|-damage|p2b: Glimmora|2/100
|-activate|p2b: Glimmora|ability: Toxic Debris
|-sidestart|p1: MetalBlackKnight|move: Toxic Spikes
|
|t:|1786103580
|switch|p1b: Garchomp|Garchomp, L50, F|100/100|[from] Flip Turn
|-status|p1b: Garchomp|psn
|
|-damage|p1b: Garchomp|87/100 psn|[from] psn
|upkeep
|turn|4
|
|t:|1786103598
|switch|p2a: Scrafty|Scrafty-Mega, L50, M|94/100
|-ability|p2a: Scrafty|Intimidate|boost
|-unboost|p1a: Whimsicott|atk|1
|-unboost|p1b: Garchomp|atk|1
|switch|p2b: Ninetales|Ninetales-Alola, L50, F|100/100
|-weather|Snowscape|[from] ability: Snow Warning|[of] p2b: Ninetales
|move|p1a: Whimsicott|Moonblast|p2b: Ninetales
|-damage|p2b: Ninetales|60/100
|move|p1b: Garchomp|Rock Tomb|p2a: Scrafty
|-resisted|p2a: Scrafty|1
|-damage|p2a: Scrafty|87/100
|-unboost|p2a: Scrafty|spe|1
|-damage|p1b: Garchomp|77/100 psn|[from] item: Life Orb
|
|-weather|Snowscape|[upkeep]
|-damage|p1b: Garchomp|65/100 psn|[from] psn
|upkeep
|turn|5
|
|t:|1786103618
|switch|p1b: Incineroar|Incineroar, L50, F|74/100
|-status|p1b: Incineroar|psn
|-ability|p1b: Incineroar|Intimidate|boost
|-unboost|p2a: Scrafty|atk|1
|-unboost|p2b: Ninetales|atk|1
|switch|p2a: Talonflame|Talonflame, L50, F|39/100
|move|p1a: Whimsicott|Protect|p1a: Whimsicott
|-singleturn|p1a: Whimsicott|Protect
|move|p2b: Ninetales|Blizzard|p1b: Incineroar|[spread] p1b
|-activate|p1a: Whimsicott|move: Protect
|-resisted|p1b: Incineroar|1
|-damage|p1b: Incineroar|59/100 psn
|
|-weather|Snowscape|[upkeep]
|-damage|p1b: Incineroar|47/100 psn|[from] psn
|-sideend|p2: JareMase|move: Tailwind
|upkeep
|-enditem|p1b: Incineroar|Sitrus Berry|[eat]
|-heal|p1b: Incineroar|71/100 psn|[from] item: Sitrus Berry
|turn|6
|
|t:|1786103634
|move|p1a: Whimsicott|Moonblast|p2b: Ninetales
|-damage|p2b: Ninetales|22/100
|move|p2a: Talonflame|Dual Wingbeat|p1a: Whimsicott
|-supereffective|p1a: Whimsicott|1
|-enditem|p1a: Whimsicott|Coba Berry|[eat]
|-enditem|p1a: Whimsicott|Coba Berry|[weaken]
|-damage|p1a: Whimsicott|48/100
|-supereffective|p1a: Whimsicott|1
|-damage|p1a: Whimsicott|0 fnt
|faint|p1a: Whimsicott
|-hitcount|p1: Whimsicott|2
|move|p1b: Incineroar|Flare Blitz|p2b: Ninetales
|-supereffective|p2b: Ninetales|1
|-damage|p2b: Ninetales|0 fnt
|faint|p2b: Ninetales
|-damage|p1b: Incineroar|65/100 psn|[from] Recoil
|
|-weather|Snowscape|[upkeep]
|-damage|p1b: Incineroar|52/100 psn|[from] psn
|-sideend|p1: MetalBlackKnight|move: Tailwind
|upkeep
|
|t:|1786103648
|switch|p1a: Basculegion|Basculegion, L50, M|100/100
|switch|p2b: Scrafty|Scrafty-Mega, L50, M|87/100
|-status|p1a: Basculegion|psn
|-ability|p2b: Scrafty|Intimidate|boost
|-unboost|p1a: Basculegion|atk|1
|-unboost|p1b: Incineroar|atk|1
|turn|7
|
|t:|1786103657
|move|p2a: Talonflame|Protect|p2a: Talonflame
|-singleturn|p2a: Talonflame|Protect
|move|p1a: Basculegion|Flip Turn|p2b: Scrafty
|-damage|p2b: Scrafty|66/100
|
|t:|1786103661
|switch|p1a: Garchomp|Garchomp, L50, F|65/100 psn|[from] Flip Turn
|move|p2b: Scrafty|Knock Off|p1a: Garchomp
|-damage|p1a: Garchomp|7/100 psn
|-damage|p2b: Scrafty|54/100|[from] ability: Rough Skin|[of] p1a: Garchomp
|-enditem|p1a: Garchomp|Life Orb|[from] move: Knock Off|[of] p2b: Scrafty
|move|p1b: Incineroar|Parting Shot|p2b: Scrafty
|-unboost|p2b: Scrafty|atk|1
|-unboost|p2b: Scrafty|spa|1
|
|t:|1786103670
|switch|p1b: Basculegion|Basculegion, L50, M|100/100 psn|[from] Parting Shot
|
|-weather|Snowscape|[upkeep]
|-damage|p1b: Basculegion|87/100 psn|[from] psn
|-damage|p1a: Garchomp|0 fnt|[from] psn
|faint|p1a: Garchomp
|upkeep
|
|t:|1786103671
|switch|p1a: Incineroar|Incineroar, L50, F|52/100 psn
|-ability|p1a: Incineroar|Intimidate|boost
|-unboost|p2a: Talonflame|atk|1
|-unboost|p2b: Scrafty|atk|1
|turn|8
|
|t:|1786103699
|switch|p2a: Glimmora|Glimmora, L50, M|2/100
|move|p1a: Incineroar|Fake Out|p2b: Scrafty
|-damage|p2b: Scrafty|45/100
|move|p1b: Basculegion|Last Respects|p2a: Glimmora
|-damage|p2a: Glimmora|0 fnt
|-activate|p2a: Glimmora|ability: Toxic Debris
|-sidestart|p1: MetalBlackKnight|move: Toxic Spikes
|faint|p2a: Glimmora
|cant|p2b: Scrafty|flinch
|
|-weather|none
|-damage|p1b: Basculegion|75/100 psn|[from] psn
|-damage|p1a: Incineroar|40/100 psn|[from] psn
|upkeep
|
|t:|1786103703
|switch|p2a: Talonflame|Talonflame, L50, F|39/100
|turn|9
|
|t:|1786103714
|move|p1b: Basculegion|Last Respects|p2a: Talonflame
|-damage|p2a: Talonflame|0 fnt
|faint|p2a: Talonflame
|move|p2b: Scrafty|Knock Off|p1b: Basculegion
|-supereffective|p1b: Basculegion|1
|-damage|p1b: Basculegion|5/100 psn
|-enditem|p1b: Basculegion|Choice Scarf|[from] move: Knock Off|[of] p2b: Scrafty
|move|p1a: Incineroar|Flare Blitz|p2b: Scrafty
|-damage|p2b: Scrafty|3/100
|-damage|p1a: Incineroar|28/100 psn|[from] Recoil
|
|-damage|p1b: Basculegion|0 fnt|[from] psn
|faint|p1b: Basculegion
|-damage|p1a: Incineroar|16/100 psn|[from] psn
|upkeep
|turn|10
|
|t:|1786103725
|move|p2b: Scrafty|Close Combat|p1a: Incineroar
|-supereffective|p1a: Incineroar|1
|-damage|p1a: Incineroar|0 fnt
|-unboost|p2b: Scrafty|def|1
|-unboost|p2b: Scrafty|spd|1
|faint|p1a: Incineroar
|
|win|JareMase
|raw|MetalBlackKnight's rating: 1240 → 1215(-25 for losing)
|raw|JareMase's rating: 1244 → 1269(+25 for winning)
|c|☆JareMase|gg
|c|☆MetalBlackKnight|gg
