|j|☆nocturnallynoct
|j|☆TCM Zaukepoo
|html|nocturnallynoctTCM Zaukepoo    
|uhtml|bestof|Game 2 of a best-of-3
|t:|1756151821
|gametype|doubles
|player|p1|nocturnallynoct|266|1156
|player|p2|TCM Zaukepoo|1|1073
|gen|9
|tier|[Gen 9] VGC 2025 Reg H (Bo3)
|rated|
|rule|Species Clause: Limit one of each Pokémon
|rule|Item Clause: Limit 1 of each item
|clearpoke
|poke|p1|Garchomp, L50, M|
|poke|p1|Jumpluff, L50, M|
|poke|p1|Torkoal, L50, M|
|poke|p1|Dragonite, L50, F|
|poke|p1|Kingambit, L50, M|
|poke|p1|Typhlosion-Hisui, L50, F|
|poke|p2|Tyranitar, L50, F|
|poke|p2|Empoleon, L50, F|
|poke|p2|Ursaluna, L50, M|
|poke|p2|Dragonite, L50, F|
|poke|p2|Sneasler, L50, M|
|poke|p2|Gholdengo, L50|
|teampreview|4
|showteam|p1|Garchomp||LifeOrb|RoughSkin|DragonClaw,StompingTantrum,Earthquake,Protect|||M|||50|,,,,,Fire]Jumpluff||CovertCloak|Chlorophyll|LeafStorm,SleepPowder,Encore,Tailwind|||M|||50|,,,,,Poison]Torkoal||EjectPack|Drought|Overheat,BurningJealousy,HelpingHand,Protect|||M|||50|,,,,,Flying]Dragonite||LoadedDice|Multiscale|ScaleShot,ExtremeSpeed,IceSpinner,Protect|||F|||50|,,,,,Fairy]Kingambit||AssaultVest|Defiant|IronHead,SuckerPunch,Assurance,LowKick|||M|||50|,,,,,Flying]Typhlosion-Hisui||ChoiceSpecs|Blaze|Eruption,ShadowBall,HeatWave,Overheat|||F|||50|,,,,,Fire
|showteam|p2|Tyranitar||AssaultVest|SandStream|RockSlide,KnockOff,LowKick,TeraBlast|||F|||50|,,,,,Flying]Empoleon||AdrenalineOrb|Competitive|AquaJet,FlashCannon,IcyWind,WaterPledge|||F|||50|,,,,,Water]Ursaluna||FlameOrb|Guts|HeadlongRush,Facade,Earthquake,Protect|||M|||50|,,,,,Ghost]Dragonite||LoadedDice|Multiscale|Haze,ExtremeSpeed,ScaleShot,Tailwind|||F|||50|,,,,,Steel]Sneasler||NormalGem|Unburden|FakeOut,DireClaw,Coaching,CloseCombat|||M|||50|,,,,,Ghost]Gholdengo||LifeOrb|GoodasGold|NastyPlot,ShadowBall,MakeItRain,Protect||||||50|,,,,,Water
|inactive|Battle timer is ON: inactive players will automatically lose when time's up. (requested by nocturnallynoct)
|inactive|nocturnallynoct has 60 seconds left.
|
|t:|1756151863
|teamsize|p1|4
|teamsize|p2|4
|start
|switch|p1a: Jumpluff|Jumpluff, L50, M|100/100
|switch|p1b: Garchomp|Garchomp, L50, M|100/100
|switch|p2a: Sneasler|Sneasler, L50, M|100/100
|switch|p2b: Dragonite|Dragonite, L50, F|100/100
|turn|1
|inactive|nocturnallynoct has 30 seconds left.
|
|t:|1756151890
|-terastallize|p1a: Jumpluff|Poison
|move|p1b: Garchomp|Protect|p1b: Garchomp
|-singleturn|p1b: Garchomp|Protect
|move|p1a: Jumpluff|Tailwind|p1a: Jumpluff
|-sidestart|p1: nocturnallynoct|move: Tailwind
|move|p2a: Sneasler|Dire Claw|p1a: Jumpluff
|-resisted|p1a: Jumpluff
|-damage|p1a: Jumpluff|69/100
|move|p2b: Dragonite|Tailwind|p2b: Dragonite
|-sidestart|p2: TCM Zaukepoo|move: Tailwind
|
|upkeep
|turn|2
|inactive|nocturnallynoct has 30 seconds left.
|
|t:|1756151917
|move|p1a: Jumpluff|Encore|p2b: Dragonite
|-start|p2b: Dragonite|Encore
|move|p2a: Sneasler|Coaching|p2b: Dragonite
|-boost|p2b: Dragonite|atk|1
|-boost|p2b: Dragonite|def|1
|move|p1b: Garchomp|Stomping Tantrum|p2a: Sneasler
|-supereffective|p2a: Sneasler
|-damage|p2a: Sneasler|0 fnt
|faint|p2a: Sneasler
|-damage|p1b: Garchomp|91/100|[from] item: Life Orb
|move|p2b: Dragonite|Tailwind||[still]
|-fail|p2b: Dragonite
|
|upkeep
|
|t:|1756151929
|switch|p2a: Ursaluna|Ursaluna, L50, M|100/100
|turn|3
|inactive|nocturnallynoct has 30 seconds left.
|
|t:|1756151958
|-terastallize|p2a: Ursaluna|Ghost
|move|p1a: Jumpluff|Leaf Storm|p2a: Ursaluna
|-damage|p2a: Ursaluna|73/100
|-unboost|p1a: Jumpluff|spa|2
|move|p1b: Garchomp|Stomping Tantrum|p2a: Ursaluna
|-damage|p2a: Ursaluna|37/100
|-damage|p1b: Garchomp|81/100|[from] item: Life Orb
|move|p2b: Dragonite|Tailwind||[still]
|-fail|p2b: Dragonite
|move|p2a: Ursaluna|Earthquake|p1a: Jumpluff|[spread] p1a,p1b
|-immune|p2b: Dragonite
|-supereffective|p1a: Jumpluff
|-damage|p1a: Jumpluff|0 fnt
|-damage|p1b: Garchomp|37/100
|faint|p1a: Jumpluff
|
|-status|p2a: Ursaluna|brn|[from] item: Flame Orb
|upkeep
|
|t:|1756151977
|switch|p1a: Dragonite|Dragonite, L50, F|100/100
|turn|4
|inactive|nocturnallynoct has 30 seconds left.
|inactive|nocturnallynoct has 20 seconds left.
|inactive|nocturnallynoct has 15 seconds left.
|
|t:|1756152021
|move|p1b: Garchomp|Earthquake|p2a: Ursaluna|[spread] p2a
|-immune|p1a: Dragonite
|-immune|p2b: Dragonite
|-damage|p2a: Ursaluna|0 fnt
|faint|p2a: Ursaluna
|-damage|p1b: Garchomp|27/100|[from] item: Life Orb
|move|p1a: Dragonite|Scale Shot|p2b: Dragonite
|-supereffective|p2b: Dragonite
|-damage|p2b: Dragonite|90/100
|-supereffective|p2b: Dragonite
|-damage|p2b: Dragonite|69/100
|-supereffective|p2b: Dragonite
|-damage|p2b: Dragonite|47/100
|-supereffective|p2b: Dragonite
|-crit|p2b: Dragonite
|-damage|p2b: Dragonite|2/100
|-supereffective|p2b: Dragonite
|-damage|p2b: Dragonite|0 fnt
|faint|p2b: Dragonite
|-hitcount|p2: Dragonite|5
|-unboost|p1a: Dragonite|def|1
|-boost|p1a: Dragonite|spe|1
|
|-sideend|p1: nocturnallynoct|move: Tailwind
|-sideend|p2: TCM Zaukepoo|move: Tailwind
|upkeep
|
|t:|1756152031
|switch|p2b: Tyranitar|Tyranitar, L50, F|100/100
|-weather|Sandstorm|[from] ability: Sand Stream|[of] p2b: Tyranitar
|turn|5
|inactive|nocturnallynoct has 30 seconds left.
|
|t:|1756152064
|move|p1a: Dragonite|Protect|p1a: Dragonite
|-singleturn|p1a: Dragonite|Protect
|move|p1b: Garchomp|Protect|p1b: Garchomp
|-singleturn|p1b: Garchomp|Protect
|move|p2b: Tyranitar|Rock Slide|p1b: Garchomp|[spread] 
|-activate|p1a: Dragonite|move: Protect
|-activate|p1b: Garchomp|move: Protect
|
|-weather|Sandstorm|[upkeep]
|-damage|p1a: Dragonite|94/100|[from] Sandstorm
|upkeep
|turn|6
|
|t:|1756152078
|move|p1a: Dragonite|Ice Spinner|p2b: Tyranitar
|-damage|p2b: Tyranitar|70/100
|move|p1b: Garchomp|Earthquake|p2b: Tyranitar|[spread] p2b
|-immune|p1a: Dragonite
|-supereffective|p2b: Tyranitar
|-damage|p2b: Tyranitar|0 fnt
|faint|p2b: Tyranitar
|-damage|p1b: Garchomp|17/100|[from] item: Life Orb
|
|win|nocturnallynoct
||TCM Zaukepoo is ready for game 3.
|inactive|nocturnallynoct has 30 seconds to confirm battle start!
||nocturnallynoct is ready for game 3.
|uhtml|next|Next: Game 3 of 3
|l|☆TCM Zaukepoo
|player|p2|
