|j|☆nbadrose2
|j|☆gen 1 playerr
|html|nbadrose2gen 1 playerr    
|uhtml|bestof|Game 1 of a best-of-3
|t:|1757787191
|gametype|doubles
|player|p1|nbadrose2|bea|1388
|player|p2|gen 1 playerr|nate|1343
|gen|9
|tier|[Gen 9] VGC 2025 Reg H (Bo3)
|rated|
|rule|Species Clause: Limit one of each Pokémon
|rule|Item Clause: Limit 1 of each item
|clearpoke
|poke|p1|Rillaboom, L50, M|
|poke|p1|Gholdengo, L50|
|poke|p1|Sneasler, L50, M|
|poke|p1|Dragonite, L50, M|
|poke|p1|Maushold, L50|
|poke|p1|Ursaluna-Bloodmoon, L50, M|
|poke|p2|Dragonite, L50, F|
|poke|p2|Volcarona, L50, F|
|poke|p2|Sneasler, L50, F|
|poke|p2|Rillaboom, L50, M|
|poke|p2|Electabuzz, L50, M|
|poke|p2|Kingambit, L50, F|
|teampreview|4
|showteam|p1|Rillaboom||AssaultVest|GrassySurge|FakeOut,DrumBeating,Uturn,WoodHammer|||M|||50|,,,,,Fire]Gholdengo||LifeOrb|GoodasGold|MakeItRain,ShadowBall,NastyPlot,Protect||||||50|,,,,,Water]Sneasler||WhiteHerb|Unburden|CloseCombat,DireClaw,Coaching,Protect|||M|||50|,,,,,Ghost]Dragonite||LoadedDice|Multiscale|ScaleShot,Tailwind,Encore,Protect|||M|||50|,,,,,Fairy]Maushold||SafetyGoggles|FriendGuard|FollowMe,SuperFang,Taunt,Protect||||||50|,,,,,Ghost]Ursaluna-Bloodmoon||Leftovers|MindsEye|BloodMoon,EarthPower,CalmMind,Protect|||M|||50|,,,,,Ghost
|showteam|p2|Dragonite||LoadedDice|Multiscale|ScaleShot,ExtremeSpeed,Haze,Protect|||F|||50|,,,,,Normal]Volcarona||CovertCloak|FlameBody|HeatWave,TeraBlast,QuiverDance,Protect|||F|||50|,,,,,Fairy]Sneasler||FocusSash|Unburden|CloseCombat,DireClaw,Coaching,FakeOut|||F|||50|,,,,,Stellar]Rillaboom||AssaultVest|GrassySurge|WoodHammer,GrassyGlide,HighHorsepower,FakeOut|||M|||50|,,,,,Fire]Electabuzz||Eviolite|VitalSpirit|Thunderbolt,FollowMe,Taunt,Protect|||M|||50|,,,,,Ghost]Kingambit||BlackGlasses|Defiant|KowtowCleave,SuckerPunch,SwordsDance,Protect|||F|||50|,,,,,Fairy
|inactive|Battle timer is ON: inactive players will automatically lose when time's up. (requested by nbadrose2)
|inactive|nbadrose2 has 60 seconds left.
|inactive|gen 1 playerr has 60 seconds left.
|inactive|nbadrose2 has 30 seconds left.
|inactive|gen 1 playerr has 30 seconds left.
|inactive|nbadrose2 has 20 seconds left.
|inactive|nbadrose2 has 15 seconds left.
|inactive|nbadrose2 has 10 seconds left.
|inactive|nbadrose2 has 5 seconds left.
|
|t:|1757787280
|teamsize|p1|4
|teamsize|p2|4
|start
|switch|p1a: Maushold|Maushold, L50|100/100
|switch|p1b: Sneasler|Sneasler, L50, M|100/100
|switch|p2a: Volcarona|Volcarona, L50, F|100/100
|switch|p2b: Rillaboom|Rillaboom, L50, M|100/100
|-fieldstart|move: Grassy Terrain|[from] ability: Grassy Surge|[of] p2b: Rillaboom
|turn|1
|inactive|nbadrose2 has 30 seconds left.
|inactive|gen 1 playerr has 30 seconds left.
|inactive|nbadrose2 has 20 seconds left.
|
|t:|1757787318
|move|p2b: Rillaboom|Fake Out|p1b: Sneasler
|-crit|p1b: Sneasler
|-damage|p1b: Sneasler|74/100
|move|p1a: Maushold|Taunt|p2a: Volcarona
|-start|p2a: Volcarona|move: Taunt
|cant|p1b: Sneasler|flinch
|move|p2a: Volcarona|Heat Wave|p1a: Maushold|[spread] p1b
|-miss|p2a: Volcarona|p1a: Maushold
|-damage|p1b: Sneasler|37/100
|
|-heal|p1b: Sneasler|43/100|[from] Grassy Terrain
|upkeep
|turn|2
|
|t:|1757787341
|move|p2b: Rillaboom|Grassy Glide|p1a: Maushold
|-damage|p1a: Maushold|49/100
|move|p1a: Maushold|Super Fang|p2b: Rillaboom
|-damage|p2b: Rillaboom|51/100
|move|p1b: Sneasler|Dire Claw|p2b: Rillaboom
|-supereffective|p2b: Rillaboom
|-damage|p2b: Rillaboom|0 fnt
|faint|p2b: Rillaboom
|move|p2a: Volcarona|Heat Wave|p1a: Maushold|[spread] p1a,p1b
|-damage|p1a: Maushold|3/100
|-damage|p1b: Sneasler|8/100
|
|-heal|p1a: Maushold|9/100|[from] Grassy Terrain
|-heal|p1b: Sneasler|14/100|[from] Grassy Terrain
|upkeep
|
|t:|1757787354
|switch|p2b: Sneasler|Sneasler, L50, F|100/100
|turn|3
|
|t:|1757787373
|move|p2b: Sneasler|Dire Claw|p1a: Maushold
|-damage|p1a: Maushold|0 fnt
|faint|p1a: Maushold
|move|p1b: Sneasler|Dire Claw|p2a: Volcarona
|-damage|p2a: Volcarona|47/100
|-status|p1b: Sneasler|brn|[from] ability: Flame Body|[of] p2a: Volcarona
|move|p2a: Volcarona|Heat Wave|p1b: Sneasler
|-damage|p1b: Sneasler|0 fnt
|faint|p1b: Sneasler
|
|-heal|p2a: Volcarona|54/100|[from] Grassy Terrain
|-end|p2a: Volcarona|move: Taunt
|upkeep
|
|t:|1757787378
|switch|p1a: Dragonite|Dragonite, L50, M|100/100
|switch|p1b: Ursaluna|Ursaluna-Bloodmoon, L50, M|100/100
|turn|4
|inactive|nbadrose2 has 30 seconds left.
|inactive|gen 1 playerr has 30 seconds left.
|inactive|nbadrose2 has 20 seconds left.
|inactive|nbadrose2 has 15 seconds left.
|inactive|nbadrose2 has 10 seconds left.
|inactive|nbadrose2 has 5 seconds left.
|
|t:|1757787430
|-terastallize|p2a: Volcarona|Fairy
|-terastallize|p1a: Dragonite|Fairy
|move|p2b: Sneasler|Dire Claw|p1a: Dragonite
|-supereffective|p1a: Dragonite
|-damage|p1a: Dragonite|54/100
|move|p2a: Volcarona|Tera Blast|p1a: Dragonite|[anim] Tera Blast Fairy
|-damage|p1a: Dragonite|10/100
|move|p1a: Dragonite|Tailwind|p1a: Dragonite
|-sidestart|p1: nbadrose2|move: Tailwind
|move|p1b: Ursaluna|Calm Mind|p1b: Ursaluna
|-boost|p1b: Ursaluna|spa|1
|-boost|p1b: Ursaluna|spd|1
|
|-heal|p1a: Dragonite|16/100|[from] Grassy Terrain
|-heal|p2a: Volcarona|60/100|[from] Grassy Terrain
|upkeep
|turn|5
|inactive|gen 1 playerr has 30 seconds left.
|
|t:|1757787459
|switch|p2b: Electabuzz|Electabuzz, L50, M|100/100
|move|p2a: Volcarona|Protect|p2a: Volcarona
|-singleturn|p2a: Volcarona|Protect
|move|p1a: Dragonite|Scale Shot|p2b: Electabuzz
|-damage|p2b: Electabuzz|88/100
|-damage|p2b: Electabuzz|78/100
|-damage|p2b: Electabuzz|67/100
|-damage|p2b: Electabuzz|54/100
|-hitcount|p2b: Electabuzz|4
|-unboost|p1a: Dragonite|def|1
|-boost|p1a: Dragonite|spe|1
|move|p1b: Ursaluna|Blood Moon|p2a: Volcarona
|-activate|p2a: Volcarona|move: Protect
|
|-heal|p1a: Dragonite|22/100|[from] Grassy Terrain
|-heal|p2a: Volcarona|66/100|[from] Grassy Terrain
|-heal|p2b: Electabuzz|60/100|[from] Grassy Terrain
|-fieldend|move: Grassy Terrain
|upkeep
|turn|6
|inactive|nbadrose2 has 30 seconds left.
|inactive|nbadrose2 has 20 seconds left.
|inactive|nbadrose2 has 15 seconds left.
|inactive|nbadrose2 has 10 seconds left.
|
|t:|1757787505
|move|p2b: Electabuzz|Follow Me|p2b: Electabuzz
|-singleturn|p2b: Electabuzz|move: Follow Me
|move|p1a: Dragonite|Scale Shot|p2b: Electabuzz
|-damage|p2b: Electabuzz|49/100
|-damage|p2b: Electabuzz|37/100
|-damage|p2b: Electabuzz|26/100
|-damage|p2b: Electabuzz|14/100
|-hitcount|p2b: Electabuzz|4
|-unboost|p1a: Dragonite|def|1
|-boost|p1a: Dragonite|spe|1
|move|p1b: Ursaluna|Earth Power|p2b: Electabuzz
|-supereffective|p2b: Electabuzz
|-damage|p2b: Electabuzz|0 fnt
|faint|p2b: Electabuzz
|move|p2a: Volcarona|Heat Wave|p1a: Dragonite|[spread] p1b
|-miss|p2a: Volcarona|p1a: Dragonite
|-damage|p1b: Ursaluna|75/100
|
|-heal|p1b: Ursaluna|81/100|[from] item: Leftovers
|upkeep
|
|t:|1757787528
|switch|p2b: Sneasler|Sneasler, L50, F|100/100
|turn|7
|inactive|gen 1 playerr has 30 seconds left.
|
|t:|1757787562
|move|p2a: Volcarona|Protect|p2a: Volcarona
|-singleturn|p2a: Volcarona|Protect
|move|p1a: Dragonite|Scale Shot|p2b: Sneasler
|-damage|p2b: Sneasler|73/100
|-damage|p2b: Sneasler|48/100
|-damage|p2b: Sneasler|21/100
|-damage|p2b: Sneasler|0 fnt
|faint|p2b: Sneasler
|-hitcount|p2: Sneasler|4
|-unboost|p1a: Dragonite|def|1
|-boost|p1a: Dragonite|spe|1
|move|p1b: Ursaluna|Blood Moon|p2a: Volcarona
|-activate|p2a: Volcarona|move: Protect
|
|-heal|p1b: Ursaluna|87/100|[from] item: Leftovers
|-sideend|p1: nbadrose2|move: Tailwind
|upkeep
|turn|8
|
|t:|1757787577
|move|p1a: Dragonite|Encore|p2a: Volcarona
|-start|p2a: Volcarona|Encore
|move|p2a: Volcarona|Protect||[still]
|-fail|p2a: Volcarona
|move|p1b: Ursaluna|Calm Mind|p1b: Ursaluna
|-boost|p1b: Ursaluna|spa|1
|-boost|p1b: Ursaluna|spd|1
|
|-heal|p1b: Ursaluna|93/100|[from] item: Leftovers
|upkeep
|turn|9
|-message|gen 1 playerr forfeited.
|
|win|nbadrose2
||gen 1 playerr is ready for game 2.
|l|☆nbadrose2
|player|p1|
||nbadrose2 is ready for game 2.
|uhtml|next|Next: Game 2 of 3
