|j|☆chorripalacios
|j|☆pedriesta
|html|chorripalaciospedriesta    
|uhtml|bestof|Game 1 of a best-of-3
|t:|1757906937
|gametype|doubles
|player|p1|chorripalacios|mars|1340
|player|p2|pedriesta|blue|1266
|gen|9
|tier|[Gen 9] VGC 2025 Reg H (Bo3)
|rated|
|rule|Species Clause: Limit one of each Pokémon
|rule|Item Clause: Limit 1 of each item
|clearpoke
|poke|p1|Rillaboom, L50, M|
|poke|p1|Sneasler, L50, M|
|poke|p1|Incineroar, L50, M|
|poke|p1|Gholdengo, L50|
|poke|p1|Ursaluna-Bloodmoon, L50, M|
|poke|p1|Ninetales-Alola, L50, F|
|poke|p2|Maushold, L50|
|poke|p2|Annihilape, L50, M|
|poke|p2|Sableye, L50, M|
|poke|p2|Archaludon, L50, M|
|poke|p2|Ursaluna-Bloodmoon, L50, M|
|poke|p2|Rillaboom, L50, F|
|teampreview|4
|showteam|p1|Rillaboom||AssaultVest|GrassySurge|WoodHammer,GrassyGlide,HighHorsepower,FakeOut|||M|||50|,,,,,Fire]Sneasler||GrassySeed|Unburden|CloseCombat,Acrobatics,SwordsDance,Protect|||M|||50|,,,,,Flying]Incineroar||SafetyGoggles|Intimidate|FlareBlitz,KnockOff,FakeOut,PartingShot|||M|||50|,,,,,Ghost]Gholdengo||LifeOrb|GoodasGold|MakeItRain,ShadowBall,NastyPlot,Protect||||||50|,,,,,Flying]Ursaluna-Bloodmoon||Leftovers|MindsEye|BloodMoon,EarthPower,Yawn,Protect|||M|||50|,,,,,Electric]Ninetales-Alola||FocusSash|SnowWarning|Blizzard,Disable,IcyWind,Protect|||F|||50|,,,,,Ghost
|showteam|p2|Maushold||FocusSash|FriendGuard|SuperFang,FollowMe,BeatUp,Protect||||||50|,,,,,Ghost]Annihilape||LumBerry|Defiant|DrainPunch,RageFist,BulkUp,Protect|||M|||50|,,,,,Water]Sableye||MentalHerb|Prankster|WillOWisp,Disable,Protect,RainDance|||M|||50|,,,,,Grass]Archaludon||AssaultVest|Stamina|BodyPress,DracoMeteor,ElectroShot,Snarl|||M|||50|,,,,,Bug]Ursaluna-Bloodmoon||Leftovers|MindsEye|BloodMoon,EarthPower,Yawn,Protect|||M|||50|,,,,,Electric]Rillaboom||MiracleSeed|GrassySurge|WoodHammer,GrassyGlide,FakeOut,KnockOff|||F|||50|,,,,,Fire
|inactive|Battle timer is ON: inactive players will automatically lose when time's up. (requested by pedriesta)
|inactive|chorripalacios has 60 seconds left.
|inactive|pedriesta has 60 seconds left.
|inactive|pedriesta has 30 seconds left.
|inactive|pedriesta has 20 seconds left.
|
|t:|1757907009
|teamsize|p1|4
|teamsize|p2|4
|start
|switch|p1a: Gholdengo|Gholdengo, L50|100/100
|switch|p1b: Ninetales|Ninetales-Alola, L50, F|100/100
|switch|p2a: Archaludon|Archaludon, L50, M|100/100
|switch|p2b: Sableye|Sableye, L50, M|100/100
|-weather|Snowscape|[from] ability: Snow Warning|[of] p1b: Ninetales
|turn|1
|
|t:|1757907033
|move|p2b: Sableye|Rain Dance|p2b: Sableye
|-weather|RainDance
|move|p1b: Ninetales|Disable||[still]
|-fail|p1b: Ninetales
|move|p1a: Gholdengo|Nasty Plot|p1a: Gholdengo
|-boost|p1a: Gholdengo|spa|2
|move|p2a: Archaludon|Electro Shot||[still]
|-prepare|p2a: Archaludon|Electro Shot
|-boost|p2a: Archaludon|spa|1
|-anim|p2a: Archaludon|Electro Shot|p1a: Gholdengo
|-damage|p1a: Gholdengo|45/100
|
|-weather|RainDance|[upkeep]
|upkeep
|turn|2
|inactive|chorripalacios has 30 seconds left.
|inactive|pedriesta has 30 seconds left.
|
|t:|1757907067
|switch|p2b: Annihilape|Annihilape, L50, M, shiny|100/100
|move|p1a: Gholdengo|Protect|p1a: Gholdengo
|-singleturn|p1a: Gholdengo|Protect
|move|p1b: Ninetales|Blizzard|p2a: Archaludon|[spread] p2a,p2b
|-damage|p2a: Archaludon|78/100
|-damage|p2b: Annihilape|72/100
|-ability|p2a: Archaludon|Stamina|boost
|-boost|p2a: Archaludon|def|1
|move|p2a: Archaludon|Electro Shot||[still]
|-prepare|p2a: Archaludon|Electro Shot
|-boost|p2a: Archaludon|spa|1
|-anim|p2a: Archaludon|Electro Shot|p1a: Gholdengo
|-activate|p1a: Gholdengo|move: Protect
|
|-weather|RainDance|[upkeep]
|upkeep
|turn|3
|inactive|pedriesta has 30 seconds left.
|
|t:|1757907096
|move|p1b: Ninetales|Icy Wind|p2a: Archaludon|[spread] p2a,p2b
|-damage|p2a: Archaludon|65/100
|-damage|p2b: Annihilape|59/100
|-unboost|p2a: Archaludon|spe|1
|-unboost|p2b: Annihilape|spe|1
|-ability|p2b: Annihilape|Defiant|boost
|-boost|p2b: Annihilape|atk|2
|-ability|p2a: Archaludon|Stamina|boost
|-boost|p2a: Archaludon|def|1
|move|p1a: Gholdengo|Shadow Ball|p2a: Archaludon
|-damage|p2a: Archaludon|0 fnt
|faint|p2a: Archaludon
|-damage|p1a: Gholdengo|35/100|[from] item: Life Orb
|move|p2b: Annihilape|Rage Fist|p1a: Gholdengo
|-supereffective|p1a: Gholdengo
|-damage|p1a: Gholdengo|0 fnt
|faint|p1a: Gholdengo
|
|-weather|RainDance|[upkeep]
|upkeep
|
|t:|1757907116
|switch|p2a: Maushold|Maushold, L50|100/100
|switch|p1a: Sneasler|Sneasler, L50, M|100/100
|turn|4
|
|t:|1757907132
|-terastallize|p2a: Maushold|Ghost
|move|p2a: Maushold|Follow Me|p2a: Maushold
|-singleturn|p2a: Maushold|move: Follow Me
|move|p1b: Ninetales|Blizzard|p2a: Maushold|[spread] p2a
|-miss|p1b: Ninetales|p2b: Annihilape
|-damage|p2a: Maushold|59/100
|move|p1a: Sneasler|Acrobatics|p2a: Maushold
|-damage|p2a: Maushold|30/100
|move|p2b: Annihilape|Rage Fist|p1a: Sneasler
|-damage|p1a: Sneasler|0 fnt
|faint|p1a: Sneasler
|
|-weather|RainDance|[upkeep]
|upkeep
|
|t:|1757907141
|switch|p1a: Ursaluna|Ursaluna-Bloodmoon, L50, M|100/100
|turn|5
|inactive|pedriesta has 30 seconds left.
|
|t:|1757907176
|-terastallize|p1a: Ursaluna|Electric
|move|p2a: Maushold|Follow Me|p2a: Maushold
|-singleturn|p2a: Maushold|move: Follow Me
|move|p1b: Ninetales|Blizzard|p2a: Maushold|[spread] p2a
|-miss|p1b: Ninetales|p2b: Annihilape
|-damage|p2a: Maushold|0 fnt
|faint|p2a: Maushold
|move|p2b: Annihilape|Drain Punch|p1a: Ursaluna
|-damage|p1a: Ursaluna|57/100
|-heal|p2b: Annihilape|80/100|[from] drain|[of] p1a: Ursaluna
|move|p1a: Ursaluna|Blood Moon|p2b: Annihilape
|-damage|p2b: Annihilape|5/100
|
|-weather|none
|-heal|p1a: Ursaluna|63/100|[from] item: Leftovers
|upkeep
|
|t:|1757907188
|switch|p2a: Sableye|Sableye, L50, M|100/100
|turn|6
|
|t:|1757907204
|move|p2b: Annihilape|Protect|p2b: Annihilape
|-singleturn|p2b: Annihilape|Protect
|move|p2a: Sableye|Disable|p1b: Ninetales
|-start|p1b: Ninetales|Disable|Blizzard
|move|p1b: Ninetales|Icy Wind|p2b: Annihilape|[spread] p2a
|-activate|p2b: Annihilape|move: Protect
|-damage|p2a: Sableye|83/100
|-unboost|p2a: Sableye|spe|1
|move|p1a: Ursaluna|Earth Power|p2a: Sableye
|-damage|p2a: Sableye|29/100
|
|-heal|p1a: Ursaluna|69/100|[from] item: Leftovers
|upkeep
|turn|7
|
|t:|1757907227
|move|p2a: Sableye|Disable|p1a: Ursaluna
|-start|p1a: Ursaluna|Disable|Earth Power
|move|p1b: Ninetales|Icy Wind|p2b: Annihilape|[spread] p2a,p2b
|-damage|p2a: Sableye|11/100
|-damage|p2b: Annihilape|0 fnt
|-unboost|p2a: Sableye|spe|1
|faint|p2b: Annihilape
|cant|p1a: Ursaluna|Disable|Earth Power
|
|-heal|p1a: Ursaluna|74/100|[from] item: Leftovers
|upkeep
|turn|8
|-message|pedriesta forfeited.
|
|win|chorripalacios
||chorripalacios is ready for game 2.
||pedriesta is ready for game 2.
|uhtml|next|Next: Game 2 of 3
