|j|☆Giocostorto
|j|☆scoliPEDs 5.0
|html|GiocostortoscoliPEDs 5.0    
|uhtml|bestof|Game 2 of a best-of-3
|t:|1754406701
|gametype|doubles
|player|p1|Giocostorto|palmer|1264
|player|p2|scoliPEDs 5.0|waiter-gen4|1237
|gen|9
|tier|[Gen 9] VGC 2025 Reg H (Bo3)
|rated|
|rule|Species Clause: Limit one of each Pokémon
|rule|Item Clause: Limit 1 of each item
|clearpoke
|poke|p1|Dragonite, L50, M|
|poke|p1|Volcarona, L50, F|
|poke|p1|Sneasler, L50, M|
|poke|p1|Rillaboom, L50, M|
|poke|p1|Electabuzz, L50, M|
|poke|p1|Kingambit, L50, M|
|poke|p2|Kilowattrel, L50, M|
|poke|p2|Garchomp, L50, F|
|poke|p2|Ninetales-Alola, L50, M|
|poke|p2|Gholdengo, L50|
|poke|p2|Hydreigon, L50, M|
|poke|p2|Blaziken, L50, M|
|teampreview|4
|showteam|p1|Dragonite||LoadedDice|Multiscale|ScaleShot,ExtremeSpeed,Haze,Protect|||M|||50|,,,,,Fairy]Volcarona||CovertCloak|FlameBody|HeatWave,TeraBlast,QuiverDance,Protect|||F|||50|,,,,,Fairy]Sneasler||FocusSash|Unburden|CloseCombat,DireClaw,Coaching,Protect|||M|||50|,,,,,Stellar]Rillaboom||AssaultVest|GrassySurge|WoodHammer,GrassyGlide,HighHorsepower,FakeOut|||M|||50|,,,,,Water]Electabuzz||Eviolite|VitalSpirit|Thunderbolt,FollowMe,Taunt,Protect|||M|||50|,,,,,Ghost]Kingambit||BlackGlasses|Defiant|KowtowCleave,SuckerPunch,SwordsDance,Protect|||M|||50|,,,,,Dark
|showteam|p2|Kilowattrel||FocusSash|Competitive|Protect,Tailwind,Thunderbolt,AirSlash|||M|||50|,,,,,Ghost]Garchomp||LifeOrb|RoughSkin|Protect,Earthquake,StompingTantrum,DragonClaw|||F|||50|,,,,,Steel]Ninetales-Alola||ChoiceScarf|SnowWarning|Blizzard,Moonblast,FreezeDry,IcyWind|||M|||50|,,,,,Ice]Gholdengo||MetalCoat|GoodasGold|MakeItRain,ShadowBall,NastyPlot,Protect||||||50|,,,,,Dragon]Hydreigon||SafetyGoggles|Levitate|DarkPulse,DracoMeteor,Snarl,Protect|||M|||50|,,,,,Ghost]Blaziken||ClearAmulet|SpeedBoost|Protect,FlareBlitz,CloseCombat,WillOWisp|||M|||50|,,,,,Grass
|inactive|Battle timer is ON: inactive players will automatically lose when time's up. (requested by Giocostorto)
|
|t:|1754406714
|teamsize|p1|4
|teamsize|p2|4
|start
|switch|p1a: Dragonite|Dragonite, L50, M|100/100
|switch|p1b: Sneasler|Sneasler, L50, M|100/100
|switch|p2a: Ninetales|Ninetales-Alola, L50, M|100/100
|switch|p2b: Gholdengo|Gholdengo, L50|100/100
|-weather|Snowscape|[from] ability: Snow Warning|[of] p2a: Ninetales
|turn|1
|inactive|Giocostorto has 30 seconds left.
|
|t:|1754406747
|switch|p2a: Garchomp|Garchomp, L50, F|100/100
|switch|p1a: Volcarona|Volcarona, L50, F|100/100
|move|p1b: Sneasler|Dire Claw|p2a: Garchomp
|-resisted|p2a: Garchomp
|-damage|p2a: Garchomp|80/100
|-status|p2a: Garchomp|slp
|-damage|p1b: Sneasler|88/100|[from] ability: Rough Skin|[of] p2a: Garchomp
|move|p2b: Gholdengo|Nasty Plot|p2b: Gholdengo
|-boost|p2b: Gholdengo|spa|2
|
|-weather|Snowscape|[upkeep]
|upkeep
|turn|2
|inactive|Giocostorto has 30 seconds left.
|inactive|scoliPEDs 5.0 has 30 seconds left.
|inactive|Giocostorto has 20 seconds left.
|inactive|scoliPEDs 5.0 has 20 seconds left.
|inactive|Giocostorto has 15 seconds left.
|
|t:|1754406791
|switch|p1b: Electabuzz|Electabuzz, L50, M|100/100
|cant|p2a: Garchomp|slp
|move|p1a: Volcarona|Quiver Dance|p1a: Volcarona
|-boost|p1a: Volcarona|spa|1
|-boost|p1a: Volcarona|spd|1
|-boost|p1a: Volcarona|spe|1
|move|p2b: Gholdengo|Shadow Ball|p1a: Volcarona
|-damage|p1a: Volcarona|41/100
|
|-weather|Snowscape|[upkeep]
|upkeep
|turn|3
|inactive|Giocostorto has 30 seconds left.
|inactive|scoliPEDs 5.0 has 30 seconds left.
|inactive|scoliPEDs 5.0 has 20 seconds left.
|inactive|Giocostorto has 20 seconds left.
|inactive|scoliPEDs 5.0 has 15 seconds left.
|inactive|Giocostorto has 15 seconds left.
|inactive|scoliPEDs 5.0 has 10 seconds left.
|inactive|Giocostorto has 10 seconds left.
|
|t:|1754406841
|move|p2b: Gholdengo|Protect|p2b: Gholdengo
|-singleturn|p2b: Gholdengo|Protect
|move|p1b: Electabuzz|Follow Me|p1b: Electabuzz
|-singleturn|p1b: Electabuzz|move: Follow Me
|move|p1a: Volcarona|Heat Wave|p2b: Gholdengo|[spread] p2a
|-activate|p2b: Gholdengo|move: Protect
|-resisted|p2a: Garchomp
|-damage|p2a: Garchomp|52/100 slp
|cant|p2a: Garchomp|slp
|
|-weather|Snowscape|[upkeep]
|upkeep
|turn|4
|inactive|scoliPEDs 5.0 has 30 seconds left.
|
|t:|1754406876
|switch|p1b: Dragonite|Dragonite, L50, M|100/100
|-terastallize|p1a: Volcarona|Fairy
|move|p1a: Volcarona|Tera Blast|p2a: Garchomp|[anim] Tera Blast Fairy
|-supereffective|p2a: Garchomp
|-damage|p2a: Garchomp|0 fnt
|faint|p2a: Garchomp
|move|p2b: Gholdengo|Shadow Ball|p1a: Volcarona
|-damage|p1a: Volcarona|0 fnt
|faint|p1a: Volcarona
|
|-weather|Snowscape|[upkeep]
|upkeep
|
|t:|1754406901
|switch|p2a: Ninetales|Ninetales-Alola, L50, M|100/100
|switch|p1a: Electabuzz|Electabuzz, L50, M|100/100
|turn|5
|
|t:|1754406923
|move|p1b: Dragonite|Protect|p1b: Dragonite
|-singleturn|p1b: Dragonite|Protect
|move|p2a: Ninetales|Icy Wind|p1b: Dragonite|[spread] p1a
|-activate|p1b: Dragonite|move: Protect
|-damage|p1a: Electabuzz|88/100
|-unboost|p1a: Electabuzz|spe|1
|move|p2b: Gholdengo|Make It Rain|p1b: Dragonite|[spread] p1a
|-activate|p1b: Dragonite|move: Protect
|-resisted|p1a: Electabuzz
|-damage|p1a: Electabuzz|45/100
|-unboost|p2b: Gholdengo|spa|1
|move|p1a: Electabuzz|Thunderbolt|p2a: Ninetales
|-damage|p2a: Ninetales|64/100
|
|-weather|none
|upkeep
|turn|6
|
|t:|1754406941
|move|p2a: Ninetales|Icy Wind|p1a: Electabuzz|[spread] p1a,p1b
|-supereffective|p1b: Dragonite
|-damage|p1a: Electabuzz|31/100
|-damage|p1b: Dragonite|65/100
|-unboost|p1a: Electabuzz|spe|1
|-unboost|p1b: Dragonite|spe|1
|move|p2b: Gholdengo|Shadow Ball|p1a: Electabuzz
|-damage|p1a: Electabuzz|0 fnt
|faint|p1a: Electabuzz
|move|p1b: Dragonite|Haze|p1b: Dragonite
|-clearallboost
|
|upkeep
|
|t:|1754406950
|switch|p1a: Sneasler|Sneasler, L50, M|88/100
|turn|7
|inactive|scoliPEDs 5.0 has 30 seconds left.
|
|t:|1754406976
|switch|p2a: Blaziken|Blaziken, L50, M|100/100
|move|p1a: Sneasler|Dire Claw|p2a: Blaziken
|-damage|p2a: Blaziken|35/100
|move|p1b: Dragonite|Scale Shot|p2b: Gholdengo
|-resisted|p2b: Gholdengo
|-damage|p2b: Gholdengo|93/100
|-resisted|p2b: Gholdengo
|-damage|p2b: Gholdengo|85/100
|-resisted|p2b: Gholdengo
|-damage|p2b: Gholdengo|79/100
|-resisted|p2b: Gholdengo
|-damage|p2b: Gholdengo|71/100
|-hitcount|p2b: Gholdengo|4
|-unboost|p1b: Dragonite|def|1
|-boost|p1b: Dragonite|spe|1
|move|p2b: Gholdengo|Nasty Plot|p2b: Gholdengo
|-boost|p2b: Gholdengo|spa|2
|
|upkeep
|turn|8
|inactive|Giocostorto has 30 seconds left.
|
|t:|1754407008
|move|p2a: Blaziken|Protect|p2a: Blaziken
|-singleturn|p2a: Blaziken|Protect
|move|p1b: Dragonite|Haze|p1b: Dragonite
|-clearallboost
|move|p1a: Sneasler|Coaching|p1b: Dragonite
|-boost|p1b: Dragonite|atk|1
|-boost|p1b: Dragonite|def|1
|move|p2b: Gholdengo|Make It Rain|p1a: Sneasler|[spread] p1a,p1b
|-damage|p1a: Sneasler|11/100
|-damage|p1b: Dragonite|2/100
|-unboost|p2b: Gholdengo|spa|1
|
|-ability|p2a: Blaziken|Speed Boost|boost
|-boost|p2a: Blaziken|spe|1
|upkeep
|turn|9
|inactive|Giocostorto has 30 seconds left.
|c|☆Giocostorto|gg
|c|☆scoliPEDs 5.0|gg
|-message|Giocostorto forfeited.
|
|win|scoliPEDs 5.0
|raw|Giocostorto's rating: 1264 → 1237(-27 for losing)
|raw|scoliPEDs 5.0's rating: 1237 → 1264(+27 for winning)
