|j|☆penjamin calling
|j|☆ICarvicoBoys
|html|penjamin callingICarvicoBoys    
|uhtml|bestof|Game 1 of a best-of-3
|t:|1756222700
|gametype|doubles
|player|p1|penjamin calling|benga|1168
|player|p2|ICarvicoBoys|1|1211
|gen|9
|tier|[Gen 9] VGC 2025 Reg H (Bo3)
|rated|
|rule|Species Clause: Limit one of each Pokémon
|rule|Item Clause: Limit 1 of each item
|clearpoke
|poke|p1|Garchomp, L50, M|
|poke|p1|Weezing-Galar, L50, M|
|poke|p1|Corviknight, L50, F|
|poke|p1|Typhlosion-Hisui, L50, M|
|poke|p1|Toedscruel, L50, M|
|poke|p1|Porygon-Z, L50|
|poke|p2|Gholdengo, L50|
|poke|p2|Sneasler, L50, M|
|poke|p2|Rillaboom, L50, M|
|poke|p2|Dragonite, L50, F|
|poke|p2|Ninetales-Alola, L50, F|
|poke|p2|Arcanine-Hisui, L50, M|
|teampreview|4
|showteam|p1|Garchomp||LifeOrb|RoughSkin|StompingTantrum,Earthquake,DragonClaw,Protect|||M|||50|,,,,,Ground]Weezing-Galar||ChoiceSpecs|NeutralizingGas|DazzlingGleam,SludgeBomb,StrangeSteam,Flamethrower|||M|||50|,,,,,Fire]Corviknight||SitrusBerry|MirrorArmor|BraveBird,Tailwind,Roost,Protect|||F|||50|,,,,,Dragon]Typhlosion-Hisui||ChoiceScarf|Blaze|Eruption,SleepTalk,HeatWave,ShadowBall|||M|||50|,,,,,Fire]Toedscruel||CovertCloak|MyceliumMight|Spore,EarthPower,AcidSpray,RagePowder|||M|||50|,,,,,Water]Porygon-Z||FocusSash|Download|TeraBlast,ShadowBall,IceBeam,Protect||||||50|,,,,,Fighting
|showteam|p2|Gholdengo||GrassySeed|GoodasGold|NastyPlot,MakeItRain,ShadowBall,Protect||||||50|,,,,,Water]Sneasler||WhiteHerb|Unburden|CloseCombat,DireClaw,Coaching,Protect|||M|||50|,,,,,Ghost]Rillaboom||AssaultVest|GrassySurge|FakeOut,GrassyGlide,DrumBeating,HighHorsepower|||M|||50|,,,,,Fire]Dragonite||LoadedDice|Multiscale|ScaleShot,Haze,StompingTantrum,Protect|||F|||50|,,,,,Ground]Ninetales-Alola||FocusSash|SnowWarning|Blizzard,IcyWind,Encore,AuroraVeil|||F|||50|,,,,,Ghost]Arcanine-Hisui||ClearAmulet|Intimidate|RockSlide,FlareBlitz,ExtremeSpeed,Protect|||M|||50|,,,,,Water
|inactive|Battle timer is ON: inactive players will automatically lose when time's up. (requested by penjamin calling)
|inactive|ICarvicoBoys has 60 seconds left.
|
|t:|1756222811
|teamsize|p1|4
|teamsize|p2|4
|start
|switch|p1a: Weezing|Weezing-Galar, L50, M|100/100
|switch|p1b: Toedscruel|Toedscruel, L50, M|100/100
|switch|p2a: Ninetales|Ninetales-Alola, L50, F|100/100
|switch|p2b: Gholdengo|Gholdengo, L50|100/100
|-ability|p1a: Weezing|Neutralizing Gas
|turn|1
|inactive|penjamin calling has 30 seconds left.
|
|t:|1756222837
|-terastallize|p1b: Toedscruel|Water
|-terastallize|p2b: Gholdengo|Water
|move|p2a: Ninetales|Blizzard|p1a: Weezing|[spread] p1a,p1b
|-resisted|p1b: Toedscruel
|-damage|p1a: Weezing|57/100
|-damage|p1b: Toedscruel|88/100
|-status|p1a: Weezing|frz
|move|p1b: Toedscruel|Spore|p2b: Gholdengo
|-status|p2b: Gholdengo|slp|[from] move: Spore
|cant|p2b: Gholdengo|slp
|-curestatus|p1a: Weezing|frz|[msg]
|move|p1a: Weezing|Dazzling Gleam|p2b: Gholdengo|[spread] p2a,p2b
|-damage|p2a: Ninetales|56/100
|-damage|p2b: Gholdengo|61/100 slp
|
|upkeep
|turn|2
|
|t:|1756222862
|switch|p2a: Rillaboom|Rillaboom, L50, M|100/100
|move|p1b: Toedscruel|Acid Spray|p2b: Gholdengo
|-damage|p2b: Gholdengo|54/100 slp
|-unboost|p2b: Gholdengo|spd|2
|cant|p2b: Gholdengo|slp
|move|p1a: Weezing|Dazzling Gleam|p2b: Gholdengo|[spread] p2a,p2b
|-damage|p2a: Rillaboom|70/100
|-damage|p2b: Gholdengo|0 fnt
|faint|p2b: Gholdengo
|
|upkeep
|
|t:|1756222874
|switch|p2b: Dragonite|Dragonite, L50, F|100/100
|turn|3
|
|t:|1756222885
|move|p2b: Dragonite|Protect|p2b: Dragonite
|-singleturn|p2b: Dragonite|Protect
|move|p1b: Toedscruel|Spore|p2b: Dragonite
|-activate|p2b: Dragonite|move: Protect
|move|p2a: Rillaboom|Drum Beating|p1b: Toedscruel
|-supereffective|p1b: Toedscruel
|-damage|p1b: Toedscruel|0 fnt
|faint|p1b: Toedscruel
|move|p1a: Weezing|Dazzling Gleam|p2b: Dragonite|[spread] p2a
|-activate|p2b: Dragonite|move: Protect
|-damage|p2a: Rillaboom|39/100
|
|upkeep
|
|t:|1756222890
|switch|p1b: Porygon-Z|Porygon-Z, L50, shiny|100/100
|turn|4
|
|t:|1756222911
|switch|p2b: Ninetales|Ninetales-Alola, L50, F|56/100
|move|p1b: Porygon-Z|Ice Beam|p2b: Ninetales
|-resisted|p2b: Ninetales
|-damage|p2b: Ninetales|37/100
|move|p2a: Rillaboom|Grassy Glide|p1b: Porygon-Z
|-damage|p1b: Porygon-Z|65/100
|move|p1a: Weezing|Dazzling Gleam|p2b: Ninetales|[spread] p2a,p2b
|-damage|p2a: Rillaboom|6/100
|-damage|p2b: Ninetales|0 fnt
|faint|p2b: Ninetales
|
|upkeep
|
|t:|1756222921
|switch|p2b: Dragonite|Dragonite, L50, F|100/100
|turn|5
|
|t:|1756222934
|move|p1b: Porygon-Z|Ice Beam|p2a: Rillaboom
|-supereffective|p2a: Rillaboom
|-damage|p2a: Rillaboom|0 fnt
|faint|p2a: Rillaboom
|move|p2b: Dragonite|Stomping Tantrum|p1a: Weezing
|-supereffective|p1a: Weezing
|-damage|p1a: Weezing|0 fnt
|faint|p1a: Weezing
|-end|p1a: Weezing|ability: Neutralizing Gas
|-ability|p1b: Porygon-Z|Download|boost
|-boost|p1b: Porygon-Z|atk|1
|
|upkeep
|
|t:|1756222938
|switch|p1a: Typhlosion|Typhlosion-Hisui, L50, M|100/100
|turn|6
|inactive|penjamin calling has 30 seconds left.
|
|t:|1756222964
|move|p2b: Dragonite|Protect|p2b: Dragonite
|-singleturn|p2b: Dragonite|Protect
|move|p1a: Typhlosion|Shadow Ball|p2b: Dragonite
|-activate|p2b: Dragonite|move: Protect
|move|p1b: Porygon-Z|Ice Beam|p2b: Dragonite
|-activate|p2b: Dragonite|move: Protect
|
|upkeep
|turn|7
|
|t:|1756222971
|move|p1a: Typhlosion|Shadow Ball|p2b: Dragonite
|-damage|p2b: Dragonite|79/100
|move|p1b: Porygon-Z|Ice Beam|p2b: Dragonite
|-supereffective|p2b: Dragonite
|-damage|p2b: Dragonite|0 fnt
|faint|p2b: Dragonite
|
|win|penjamin calling
||ICarvicoBoys is ready for game 2.
||penjamin calling is ready for game 2.
|uhtml|next|Next: Game 2 of 3
|l|☆ICarvicoBoys
|player|p2|
