|j|вҳҶjpishere
|j|вҳҶBestof8PerDay
|html|jpishereBestof8PerDay    
|uhtml|bestof|Game 2 of a best-of-3
|t:|1756926439
|gametype|doubles
|player|p1|jpishere|palmer|1148
|player|p2|Bestof8PerDay|janitor|1077
|gen|9
|tier|[Gen 9] VGC 2025 Reg H (Bo3)
|rated|
|rule|Species Clause: Limit one of each PokГ©mon
|rule|Item Clause: Limit 1 of each item
|clearpoke
|poke|p1|Indeedee-F, L50, F|
|poke|p1|Hatterene, L50, F|
|poke|p1|Gallade, L50, M|
|poke|p1|Ursaluna, L50, M|
|poke|p1|Lilligant-Hisui, L50, F|
|poke|p1|Torkoal, L50, M|
|poke|p2|Incineroar, L50, F|
|poke|p2|Amoonguss, L50, F|
|poke|p2|Ursaluna-Bloodmoon, L50, M|
|poke|p2|Sneasler, L50, M|
|poke|p2|Gholdengo, L50|
|poke|p2|Dragonite, L50, M|
|teampreview|4
|showteam|p1|Indeedee-F||PsychicSeed|PsychicSurge|TrickRoom,FollowMe,HelpingHand,DazzlingGleam|||F|||50|,,,,,Fairy]Hatterene||LifeOrb|MagicBounce|ExpandingForce,TrickRoom,DazzlingGleam,Protect|||F|||50|,,,,,Psychic]Gallade||ClearAmulet|Sharpness|PsychoCut,TrickRoom,SacredSword,WideGuard|||M|||50|,,,,,Grass]Ursaluna||FlameOrb|Guts|HeadlongRush,Facade,SwordsDance,Protect|||M|||50|,,,,,Ghost]Lilligant-Hisui||FocusSash|Chlorophyll|SolarBlade,SleepPowder,CloseCombat,AfterYou|||F|||50|,,,,,Ghost]Torkoal||ChoiceSpecs|Drought|Eruption,HeatWave,WeatherBall,EarthPower|||M|||50|,,,,,Fire
|showteam|p2|Incineroar||SafetyGoggles|Intimidate|FlareBlitz,KnockOff,PartingShot,FakeOut|||F|||50|,,,,,Ghost]Amoonguss||SitrusBerry|Regenerator|Spore,RagePowder,PollenPuff,Protect|||F|||50|,,,,,Psychic]Ursaluna-Bloodmoon||AssaultVest|MindsEye|HyperVoice,BloodMoon,EarthPower,VacuumWave|||M|||50|,,,,,Water]Sneasler||FocusSash|Unburden|CloseCombat,DireClaw,ThroatChop,Protect|||M|||50|,,,,,Stellar]Gholdengo||LifeOrb|GoodasGold|MakeItRain,ShadowBall,NastyPlot,Protect||||||50|,,,,,Water]Dragonite||LoadedDice|Multiscale|ScaleShot,Tailwind,Haze,Protect|||M|||50|,,,,,Fairy
|
|t:|1756926479
|teamsize|p1|4
|teamsize|p2|4
|start
|switch|p1a: зҙ«з«Ҫи¶…еҸҜж„ӣ|Indeedee-F, L50, F, shiny|100/100
|switch|p1b: зҙ«з«ҪиҰӘиЎӣйҡҠ|Gallade, L50, M, shiny|100/100
|switch|p2a: Amoonguss|Amoonguss, L50, F|100/100
|switch|p2b: Gholdengo|Gholdengo, L50|100/100
|-fieldstart|move: Psychic Terrain|[from] ability: Psychic Surge|[of] p1a: зҙ«з«Ҫи¶…еҸҜж„ӣ
|-enditem|p1a: зҙ«з«Ҫи¶…еҸҜж„ӣ|Psychic Seed
|-boost|p1a: зҙ«з«Ҫи¶…еҸҜж„ӣ|spd|1|[from] item: Psychic Seed
|turn|1
|inactive|Battle timer is ON: inactive players will automatically lose when time's up. (requested by Bestof8PerDay)
|
|t:|1756926533
|-terastallize|p2a: Amoonguss|Psychic
|move|p2a: Amoonguss|Rage Powder|p2a: Amoonguss
|-singleturn|p2a: Amoonguss|move: Rage Powder
|move|p2b: Gholdengo|Nasty Plot|p2b: Gholdengo
|-boost|p2b: Gholdengo|spa|2
|move|p1b: зҙ«з«ҪиҰӘиЎӣйҡҠ|Psycho Cut|p2a: Amoonguss
|-resisted|p2a: Amoonguss
|-damage|p2a: Amoonguss|64/100
|move|p1a: зҙ«з«Ҫи¶…еҸҜж„ӣ|Trick Room|p1a: зҙ«з«Ҫи¶…еҸҜж„ӣ
|-fieldstart|move: Trick Room|[of] p1a: зҙ«з«Ҫи¶…еҸҜж„ӣ
|
|upkeep
|turn|2
|inactive|jpishere has 30 seconds left.
|inactive|Bestof8PerDay has 30 seconds left.
|inactive|jpishere has 20 seconds left.
|inactive|jpishere has 15 seconds left.
|inactive|jpishere has 10 seconds left.
|
|t:|1756926582
|switch|p1a: еӨӘжЁӮе·ҙжҲҲж–Ҝ|Torkoal, L50, M, shiny|100/100
|-weather|SunnyDay|[from] ability: Drought|[of] p1a: еӨӘжЁӮе·ҙжҲҲж–Ҝ
|move|p1b: зҙ«з«ҪиҰӘиЎӣйҡҠ|Wide Guard|p1b: зҙ«з«ҪиҰӘиЎӣйҡҠ
|-singleturn|p1b: зҙ«з«ҪиҰӘиЎӣйҡҠ|Wide Guard
|move|p2a: Amoonguss|Rage Powder|p2a: Amoonguss
|-singleturn|p2a: Amoonguss|move: Rage Powder
|move|p2b: Gholdengo|Shadow Ball|p1b: зҙ«з«ҪиҰӘиЎӣйҡҠ
|-supereffective|p1b: зҙ«з«ҪиҰӘиЎӣйҡҠ
|-crit|p1b: зҙ«з«ҪиҰӘиЎӣйҡҠ
|-damage|p1b: зҙ«з«ҪиҰӘиЎӣйҡҠ|0 fnt
|faint|p1b: зҙ«з«ҪиҰӘиЎӣйҡҠ
|-damage|p2b: Gholdengo|91/100|[from] item: Life Orb
|
|-weather|SunnyDay|[upkeep]
|upkeep
|
|t:|1756926600
|switch|p1b: дёҖжӢіжңҲжңҲзҶҠ|Ursaluna, L50, M, shiny|100/100
|turn|3
|inactive|jpishere has 30 seconds left.
|inactive|Bestof8PerDay has 30 seconds left.
|
|t:|1756926628
|switch|p2a: Incineroar|Incineroar, L50, F|100/100
|-ability|p2a: Incineroar|Intimidate|boost
|-unboost|p1a: еӨӘжЁӮе·ҙжҲҲж–Ҝ|atk|1
|-unboost|p1b: дёҖжӢіжңҲжңҲзҶҠ|atk|1
|-terastallize|p1a: еӨӘжЁӮе·ҙжҲҲж–Ҝ|Fire
|move|p2b: Gholdengo|Protect|p2b: Gholdengo
|-singleturn|p2b: Gholdengo|Protect
|move|p1a: еӨӘжЁӮе·ҙжҲҲж–Ҝ|Eruption|p2b: Gholdengo|[spread] p2a
|-activate|p2b: Gholdengo|move: Protect
|-resisted|p2a: Incineroar
|-damage|p2a: Incineroar|45/100
|move|p1b: дёҖжӢіжңҲжңҲзҶҠ|Swords Dance|p1b: дёҖжӢіжңҲжңҲзҶҠ
|-boost|p1b: дёҖжӢіжңҲжңҲзҶҠ|atk|2
|
|-weather|SunnyDay|[upkeep]
|-status|p1b: дёҖжӢіжңҲжңҲзҶҠ|brn|[from] item: Flame Orb
|upkeep
|turn|4
|inactive|Bestof8PerDay has 30 seconds left.
|inactive|Bestof8PerDay has 20 seconds left.
|
|t:|1756926664
|move|p2a: Incineroar|Fake Out|p1a: еӨӘжЁӮе·ҙжҲҲж–Ҝ
|-activate|p1a: еӨӘжЁӮе·ҙжҲҲж–Ҝ|move: Psychic Terrain
|move|p1a: еӨӘжЁӮе·ҙжҲҲж–Ҝ|Eruption|p2a: Incineroar|[spread] p2a,p2b
|-resisted|p2a: Incineroar
|-supereffective|p2b: Gholdengo
|-damage|p2a: Incineroar|0 fnt
|-damage|p2b: Gholdengo|0 fnt
|faint|p2a: Incineroar
|faint|p2b: Gholdengo
|move|p1b: дёҖжӢіжңҲжңҲзҶҠ|Headlong Rush|p2: Incineroar|[notarget]
|-fail|p1b: дёҖжӢіжңҲжңҲзҶҠ
|
|-weather|SunnyDay|[upkeep]
|-damage|p1b: дёҖжӢіжңҲжңҲзҶҠ|95/100 brn|[from] brn
|upkeep
|
|t:|1756926671
|switch|p2a: Amoonguss|Amoonguss, L50, F, tera:Psychic|97/100
|switch|p2b: Dragonite|Dragonite, L50, M|100/100
|turn|5
|
|t:|1756926691
|switch|p1a: зҙ«з«Ҫи¶…еҸҜж„ӣ|Indeedee-F, L50, F, shiny|100/100
|move|p2a: Amoonguss|Protect|p2a: Amoonguss
|-singleturn|p2a: Amoonguss|Protect
|move|p2b: Dragonite|Protect|p2b: Dragonite
|-singleturn|p2b: Dragonite|Protect
|move|p1b: дёҖжӢіжңҲжңҲзҶҠ|Facade|p2b: Dragonite
|-activate|p2b: Dragonite|move: Protect
|
|-weather|SunnyDay|[upkeep]
|-damage|p1b: дёҖжӢіжңҲжңҲзҶҠ|89/100 brn|[from] brn
|-fieldend|move: Trick Room
|-fieldend|move: Psychic Terrain
|upkeep
|turn|6
|inactive|Bestof8PerDay has 30 seconds left.
|
|t:|1756926722
|move|p2a: Amoonguss|Protect||[still]
|-fail|p2a: Amoonguss
|move|p2b: Dragonite|Haze|p2b: Dragonite
|-clearallboost
|move|p1a: зҙ«з«Ҫи¶…еҸҜж„ӣ|Dazzling Gleam|p2b: Dragonite|[spread] p2a,p2b
|-supereffective|p2b: Dragonite
|-crit|p2b: Dragonite
|-damage|p2a: Amoonguss|87/100
|-damage|p2b: Dragonite|79/100
|move|p1b: дёҖжӢіжңҲжңҲзҶҠ|Facade|p2a: Amoonguss
|-damage|p2a: Amoonguss|0 fnt
|faint|p2a: Amoonguss
|
|-weather|none
|-damage|p1b: дёҖжӢіжңҲжңҲзҶҠ|83/100 brn|[from] brn
|upkeep
|turn|7
|-message|Bestof8PerDay forfeited.
|
|win|jpishere
|raw|jpishere's rating: 1148 → 1168(+20 for winning)
|raw|Bestof8PerDay's rating: 1077 → 1060(-17 for losing)
|l|вҳҶBestof8PerDay
|player|p2|
|j|вҳҶBestof8PerDay
|player|p2|Bestof8PerDay|janitor|
|l|вҳҶjpishere
|player|p1|
