|j|☆ParroTiest
|j|☆nenu18
|html|ParroTiestnenu18    
|uhtml|bestof|Game 1 of a best-of-3
|t:|1756237362
|gametype|doubles
|player|p1|ParroTiest|wallace|1159
|player|p2|nenu18|102|1055
|gen|9
|tier|[Gen 9] VGC 2025 Reg H (Bo3)
|rated|
|rule|Species Clause: Limit one of each Pokémon
|rule|Item Clause: Limit 1 of each item
|clearpoke
|poke|p1|Grimmsnarl, L50, M|
|poke|p1|Ursaluna-Bloodmoon, L50, M|
|poke|p1|Farigiraf, L50, F|
|poke|p1|Gholdengo, L50|
|poke|p1|Rillaboom, L50, M|
|poke|p1|Volcarona, L50, F|
|poke|p2|Electabuzz, L50, M|
|poke|p2|Kingambit, L50, F|
|poke|p2|Volcarona, L50, F|
|poke|p2|Dragonite, L50, F|
|poke|p2|Sneasler, L50, F|
|poke|p2|Rillaboom, L50, M|
|teampreview|4
|showteam|p1|Grimmsnarl||LightClay|Prankster|Reflect,LightScreen,SpiritBreak,Taunt|||M|||50|,,,,,Ghost]Ursaluna-Bloodmoon||LifeOrb|MindsEye|BloodMoon,HyperVoice,EarthPower,Protect|||M|||50|,,,,,Normal]Farigiraf||ThroatSpray|ArmorTail|HyperVoice,Psychic,TrickRoom,Protect|||F|||50|,,,,,Fairy]Gholdengo||ChoiceSpecs|GoodasGold|MakeItRain,ShadowBall,PowerGem,Trick||||||50|,,,,,Water]Rillaboom||AssaultVest|GrassySurge|FakeOut,WoodHammer,GrassyGlide,Uturn|||M|||50|,,,,,Fire]Volcarona||Leftovers|FlameBody|QuiverDance,HeatWave,GigaDrain,Protect|||F|||50|,,,,,Grass
|showteam|p2|Electabuzz||Eviolite|VitalSpirit|FollowMe,Thunderbolt,Taunt,Protect|||M|||50|,,,,,Ghost]Kingambit||BlackGlasses|Defiant|KowtowCleave,SuckerPunch,SwordsDance,Protect|||F|||50|,,,,,Ghost]Volcarona||LifeOrb|FlameBody|HeatWave,TeraBlast,QuiverDance,Protect|||F|||50|,,,,,Fairy]Dragonite||LoadedDice|Multiscale|ScaleShot,ExtremeSpeed,Haze,Protect|||F|||50|,,,,,Fairy]Sneasler||FocusSash|Unburden|DireClaw,CloseCombat,Coaching,FakeOut|||F|||50|,,,,,Stellar]Rillaboom||AssaultVest|GrassySurge|FakeOut,WoodHammer,GrassyGlide,HighHorsepower|||M|||50|,,,,,Fire
|inactive|Battle timer is ON: inactive players will automatically lose when time's up. (requested by ParroTiest)
|inactive|ParroTiest has 60 seconds left.
|inactive|nenu18 has 60 seconds left.
|
|t:|1756237419
|teamsize|p1|4
|teamsize|p2|4
|start
|switch|p1a: instakill button|Ursaluna-Bloodmoon, L50, M|100/100
|switch|p1b: setup kill button|Volcarona, L50, F|100/100
|switch|p2a: Electabuzz|Electabuzz, L50, M|100/100
|switch|p2b: Volcarona|Volcarona, L50, F|100/100
|turn|1
|inactive|ParroTiest has 30 seconds left.
|
|t:|1756237445
|-terastallize|p1a: instakill button|Normal
|move|p2a: Electabuzz|Follow Me|p2a: Electabuzz
|-singleturn|p2a: Electabuzz|move: Follow Me
|move|p1b: setup kill button|Quiver Dance|p1b: setup kill button
|-boost|p1b: setup kill button|spa|1
|-boost|p1b: setup kill button|spd|1
|-boost|p1b: setup kill button|spe|1
|move|p2b: Volcarona|Quiver Dance|p2b: Volcarona
|-boost|p2b: Volcarona|spa|1
|-boost|p2b: Volcarona|spd|1
|-boost|p2b: Volcarona|spe|1
|move|p1a: instakill button|Hyper Voice|p2a: Electabuzz|[spread] p2a,p2b
|-damage|p2a: Electabuzz|48/100
|-damage|p2b: Volcarona|58/100
|-damage|p1a: instakill button|90/100|[from] item: Life Orb
|
|upkeep
|turn|2
|
|t:|1756237463
|move|p2a: Electabuzz|Follow Me|p2a: Electabuzz
|-singleturn|p2a: Electabuzz|move: Follow Me
|move|p1b: setup kill button|Heat Wave|p2a: Electabuzz|[spread] p2b
|-miss|p1b: setup kill button|p2a: Electabuzz
|-damage|p2b: Volcarona|22/100
|move|p2b: Volcarona|Heat Wave|p1a: instakill button|[spread] p1a,p1b
|-damage|p1a: instakill button|0 fnt
|-damage|p1b: setup kill button|47/100
|faint|p1a: instakill button
|-damage|p2b: Volcarona|13/100|[from] item: Life Orb
|
|-heal|p1b: setup kill button|53/100|[from] item: Leftovers
|upkeep
|
|t:|1756237480
|switch|p1a: no fake out|Farigiraf, L50, F|100/100
|turn|3
|
|t:|1756237498
|move|p1b: setup kill button|Heat Wave|p2b: Volcarona|[spread] p2a,p2b
|-damage|p2a: Electabuzz|6/100
|-damage|p2b: Volcarona|0 fnt
|faint|p2b: Volcarona
|move|p2a: Electabuzz|Taunt|p1a: no fake out
|-start|p1a: no fake out|move: Taunt
|move|p1a: no fake out|Hyper Voice|p2a: Electabuzz
|-damage|p2a: Electabuzz|0 fnt
|faint|p2a: Electabuzz
|-enditem|p1a: no fake out|Throat Spray
|-boost|p1a: no fake out|spa|1|[from] item: Throat Spray
|
|-heal|p1b: setup kill button|59/100|[from] item: Leftovers
|upkeep
|
|t:|1756237500
|switch|p2a: Kingambit|Kingambit, L50, F|100/100
|switch|p2b: Rillaboom|Rillaboom, L50, M|100/100
|-fieldstart|move: Grassy Terrain|[from] ability: Grassy Surge|[of] p2b: Rillaboom
|turn|4
|
|t:|1756237519
|-terastallize|p2a: Kingambit|Ghost
|move|p1b: setup kill button|Heat Wave|p2b: Rillaboom|[spread] p2b
|-miss|p1b: setup kill button|p2a: Kingambit
|-supereffective|p2b: Rillaboom
|-damage|p2b: Rillaboom|25/100
|-status|p2b: Rillaboom|brn
|move|p2b: Rillaboom|Wood Hammer|p1a: no fake out
|-damage|p1a: no fake out|56/100
|-damage|p2b: Rillaboom|10/100 brn|[from] Recoil
|move|p1a: no fake out|Hyper Voice|p2b: Rillaboom|[spread] p2b
|-immune|p2a: Kingambit
|-damage|p2b: Rillaboom|0 fnt
|faint|p2b: Rillaboom
|move|p2a: Kingambit|Kowtow Cleave|p1b: setup kill button
|-damage|p1b: setup kill button|0 fnt
|faint|p1b: setup kill button
|
|-heal|p1a: no fake out|63/100|[from] Grassy Terrain
|upkeep
|
|t:|1756237534
|switch|p1b: quarters|Gholdengo, L50|100/100
|turn|5
|
|t:|1756237542
|move|p1b: quarters|Shadow Ball|p2a: Kingambit
|-supereffective|p2a: Kingambit
|-damage|p2a: Kingambit|0 fnt
|faint|p2a: Kingambit
|
|win|ParroTiest
||nenu18 is ready for game 2.
||ParroTiest is ready for game 2.
|uhtml|next|Next: Game 2 of 3
|l|☆nenu18
|player|p2|
