|j|☆MSAtlos
|j|☆QrdeJegoMac
|html|MSAtlosQrdeJegoMac    
|uhtml|bestof|Game 1 of a best-of-3
|t:|1757848469
|gametype|doubles
|player|p1|MSAtlos|clair|1160
|player|p2|QrdeJegoMac|266|1156
|gen|9
|tier|[Gen 9] VGC 2025 Reg H (Bo3)
|rated|
|rule|Species Clause: Limit one of each Pokémon
|rule|Item Clause: Limit 1 of each item
|clearpoke
|poke|p1|Frosmoth, L50, F|
|poke|p1|Ninetales-Alola, L50, M|
|poke|p1|Rillaboom, L50, M|
|poke|p1|Incineroar, L50, F|
|poke|p1|Ursaluna, L50, F|
|poke|p1|Dragonite, L50, M|
|poke|p2|Sneasler, L50, M|
|poke|p2|Basculegion, L50, M|
|poke|p2|Pelipper, L50, F|
|poke|p2|Amoonguss, L50, M|
|poke|p2|Kingambit, L50, M|
|poke|p2|Archaludon, L50, M|
|teampreview|4
|showteam|p1|Frosmoth||Leftovers|IceScales|QuiverDance,Blizzard,TeraBlast,Protect|||F|||50|,,,,,Water]Ninetales-Alola||LightClay|SnowWarning|Blizzard,AuroraVeil,Disable,Encore|||M|||50|,,,,,Fire]Rillaboom||AssaultVest|GrassySurge|FakeOut,WoodHammer,GrassyGlide,Uturn|||M|||50|,,,,,Fire]Incineroar||SafetyGoggles|Intimidate|FlareBlitz,KnockOff,FakeOut,PartingShot|||F|||50|,,,,,Ghost]Ursaluna||FlameOrb|Guts|Facade,HeadlongRush,Earthquake,Protect|||F|||50|,,,,,Poison]Dragonite||LoadedDice|Multiscale|ScaleShot,Haze,Tailwind,Protect|||M|||50|,,,,,Steel
|showteam|p2|Sneasler||FocusSash|Unburden|DireClaw,CloseCombat,Protect,FakeOut|||M|||50|,,,,,Stellar]Basculegion||LifeOrb|SwiftSwim|WaveCrash,LastRespects,AquaJet,Protect|||M|||50|,,,,,Water]Pelipper||CovertCloak|Drizzle|WeatherBall,Hurricane,Tailwind,Protect|||F|||50|,,,,,Steel]Amoonguss||RockyHelmet|Regenerator|PollenPuff,ClearSmog,Spore,RagePowder|||M|||50|,,,,,Ghost]Kingambit||BlackGlasses|Defiant|KowtowCleave,SuckerPunch,SwordsDance,Protect|||M|||50|,,,,,Dark]Archaludon||AssaultVest|Stamina|ElectroShot,DragonPulse,BodyPress,FlashCannon|||M|||50|,,,,,Grass
|inactive|Battle timer is ON: inactive players will automatically lose when time's up. (requested by QrdeJegoMac)
|inactive|MSAtlos has 60 seconds left.
|
|t:|1757848501
|teamsize|p1|4
|teamsize|p2|4
|start
|switch|p1a: Frosmoth|Frosmoth, L50, F|100/100
|switch|p1b: Dragonite|Dragonite, L50, M|100/100
|switch|p2a: Archaludon|Archaludon, L50, M|100/100
|switch|p2b: Sneasler|Sneasler, L50, M, shiny|100/100
|turn|1
|inactive|MSAtlos has 30 seconds left.
|inactive|MSAtlos has 20 seconds left.
|inactive|MSAtlos has 15 seconds left.
|inactive|MSAtlos has 10 seconds left.
|
|t:|1757848547
|switch|p1a: Incineroar|Incineroar, L50, F|100/100
|-ability|p1a: Incineroar|Intimidate|boost
|-unboost|p2a: Archaludon|atk|1
|-unboost|p2b: Sneasler|atk|1
|move|p2b: Sneasler|Dire Claw|p1b: Dragonite
|-damage|p1b: Dragonite|84/100
|move|p1b: Dragonite|Scale Shot|p2b: Sneasler
|-damage|p2b: Sneasler|75/100
|-damage|p2b: Sneasler|49/100
|-damage|p2b: Sneasler|23/100
|-damage|p2b: Sneasler|0 fnt
|faint|p2b: Sneasler
|-hitcount|p2: Sneasler|4
|-unboost|p1b: Dragonite|def|1
|-boost|p1b: Dragonite|spe|1
|move|p2a: Archaludon|Flash Cannon|p1b: Dragonite
|-damage|p1b: Dragonite|42/100
|-unboost|p1b: Dragonite|spd|1
|
|upkeep
|
|t:|1757848555
|switch|p2b: Basculegion|Basculegion, L50, M, shiny|100/100
|turn|2
|inactive|MSAtlos has 30 seconds left.
|inactive|MSAtlos has 20 seconds left.
|
|t:|1757848595
|move|p2b: Basculegion|Protect|p2b: Basculegion
|-singleturn|p2b: Basculegion|Protect
|move|p1b: Dragonite|Scale Shot|p2b: Basculegion
|-activate|p2b: Basculegion|move: Protect
|move|p2a: Archaludon|Dragon Pulse|p1b: Dragonite
|-supereffective|p1b: Dragonite
|-damage|p1b: Dragonite|0 fnt
|faint|p1b: Dragonite
|move|p1a: Incineroar|Parting Shot|p2a: Archaludon
|-unboost|p2a: Archaludon|atk|1
|-unboost|p2a: Archaludon|spa|1
|
|t:|1757848612
|switch|p1a: Frosmoth|Frosmoth, L50, F|100/100|[from] Parting Shot
|
|upkeep
|
|t:|1757848615
|switch|p1b: Incineroar|Incineroar, L50, F|100/100
|-ability|p1b: Incineroar|Intimidate|boost
|-unboost|p2a: Archaludon|atk|1
|-unboost|p2b: Basculegion|atk|1
|turn|3
|inactive|MSAtlos has 30 seconds left.
|inactive|QrdeJegoMac has 30 seconds left.
|
|t:|1757848649
|switch|p2a: Pelipper|Pelipper, L50, F, shiny|100/100
|-weather|RainDance|[from] ability: Drizzle|[of] p2a: Pelipper
|-terastallize|p2b: Basculegion|Water
|-terastallize|p1b: Incineroar|Ghost
|move|p1a: Frosmoth|Protect|p1a: Frosmoth
|-singleturn|p1a: Frosmoth|Protect
|move|p2b: Basculegion|Wave Crash|p1a: Frosmoth
|-activate|p1a: Frosmoth|move: Protect
|move|p1b: Incineroar|Knock Off|p2b: Basculegion
|-damage|p2b: Basculegion|50/100
|-enditem|p2b: Basculegion|Life Orb|[from] move: Knock Off|[of] p1b: Incineroar
|
|-weather|RainDance|[upkeep]
|upkeep
|turn|4
|inactive|MSAtlos has 30 seconds left.
|
|t:|1757848675
|switch|p2b: Archaludon|Archaludon, L50, M|100/100
|switch|p1b: Ninetales|Ninetales-Alola, L50, M|100/100
|-weather|Snowscape|[from] ability: Snow Warning|[of] p1b: Ninetales
|move|p2a: Pelipper|Tailwind|p2a: Pelipper
|-sidestart|p2: QrdeJegoMac|move: Tailwind
|move|p1a: Frosmoth|Blizzard|p2a: Pelipper|[spread] p2a,p2b
|-crit|p2b: Archaludon
|-damage|p2a: Pelipper|42/100
|-damage|p2b: Archaludon|53/100
|-ability|p2b: Archaludon|Stamina|boost
|-boost|p2b: Archaludon|def|1
|
|-weather|Snowscape|[upkeep]
|upkeep
|turn|5
|
|t:|1757848699
|switch|p2a: Basculegion|Basculegion, L50, M, shiny, tera:Water|50/100
|move|p2b: Archaludon|Flash Cannon|p1b: Ninetales
|-supereffective|p1b: Ninetales
|-damage|p1b: Ninetales|0 fnt
|faint|p1b: Ninetales
|move|p1a: Frosmoth|Blizzard|p2b: Archaludon|[spread] p2a,p2b
|-resisted|p2a: Basculegion
|-damage|p2a: Basculegion|25/100
|-damage|p2b: Archaludon|24/100
|-ability|p2b: Archaludon|Stamina|boost
|-boost|p2b: Archaludon|def|1
|
|-weather|Snowscape|[upkeep]
|upkeep
|
|t:|1757848709
|switch|p1b: Incineroar|Incineroar, L50, F, tera:Ghost|100/100
|-ability|p1b: Incineroar|Intimidate|boost
|-unboost|p2a: Basculegion|atk|1
|-unboost|p2b: Archaludon|atk|1
|turn|6
|
|t:|1757848729
|switch|p2a: Pelipper|Pelipper, L50, F, shiny|42/100
|-weather|RainDance|[from] ability: Drizzle|[of] p2a: Pelipper
|move|p1b: Incineroar|Fake Out|p2a: Pelipper
|-damage|p2a: Pelipper|28/100
|move|p2b: Archaludon|Electro Shot||[still]
|-prepare|p2b: Archaludon|Electro Shot
|-boost|p2b: Archaludon|spa|1
|-anim|p2b: Archaludon|Electro Shot|p1b: Incineroar
|-damage|p1b: Incineroar|58/100
|move|p1a: Frosmoth|Quiver Dance|p1a: Frosmoth
|-boost|p1a: Frosmoth|spa|1
|-boost|p1a: Frosmoth|spd|1
|-boost|p1a: Frosmoth|spe|1
|
|-weather|RainDance|[upkeep]
|upkeep
|turn|7
|inactive|MSAtlos has 30 seconds left.
|inactive|MSAtlos has 20 seconds left.
|inactive|MSAtlos has 15 seconds left.
|inactive|MSAtlos has 10 seconds left.
|
|t:|1757848775
|switch|p2a: Basculegion|Basculegion, L50, M, shiny, tera:Water|25/100
|move|p2b: Archaludon|Electro Shot||[still]
|-prepare|p2b: Archaludon|Electro Shot
|-boost|p2b: Archaludon|spa|1
|-anim|p2b: Archaludon|Electro Shot|p1b: Incineroar
|-damage|p1b: Incineroar|1/100
|move|p1a: Frosmoth|Blizzard|p2a: Basculegion|[spread] 
|-miss|p1a: Frosmoth|p2a: Basculegion
|-miss|p1a: Frosmoth|p2b: Archaludon
|move|p1b: Incineroar|Knock Off|p2b: Archaludon
|-damage|p2b: Archaludon|9/100
|-ability|p2b: Archaludon|Stamina|boost
|-boost|p2b: Archaludon|def|1
|-enditem|p2b: Archaludon|Assault Vest|[from] move: Knock Off|[of] p1b: Incineroar
|
|-weather|RainDance|[upkeep]
|-sideend|p2: QrdeJegoMac|move: Tailwind
|upkeep
|turn|8
|inactive|MSAtlos has 30 seconds left.
|inactive|MSAtlos has 20 seconds left.
|inactive|MSAtlos has 15 seconds left.
|inactive|MSAtlos has 10 seconds left.
|inactive|MSAtlos has 5 seconds left.
|
|t:|1757848826
|move|p2a: Basculegion|Protect|p2a: Basculegion
|-singleturn|p2a: Basculegion|Protect
|move|p1a: Frosmoth|Blizzard|p2a: Basculegion|[spread] 
|-activate|p2a: Basculegion|move: Protect
|-miss|p1a: Frosmoth|p2b: Archaludon
|move|p2b: Archaludon|Dragon Pulse|p1b: Incineroar
|-damage|p1b: Incineroar|0 fnt
|faint|p1b: Incineroar
|
|-weather|RainDance|[upkeep]
|upkeep
|turn|9
|
|t:|1757848837
|move|p2a: Basculegion|Wave Crash|p1a: Frosmoth
|-damage|p1a: Frosmoth|0 fnt
|faint|p1a: Frosmoth
|-damage|p2a: Basculegion|0 fnt|[from] Recoil
|faint|p2a: Basculegion
|
|win|QrdeJegoMac
||MSAtlos is ready for game 2.
||QrdeJegoMac is ready for game 2.
|uhtml|next|Next: Game 2 of 3
