|j|☆Dengi_padestha
|j|☆Hwa-Jean
|html|Dengi_padesthaHwa-Jean    
|uhtml|bestof|Game 2 of a best-of-3
|t:|1783656251
|gametype|doubles
|player|p1|Dengi_padestha|n|1040
|player|p2|Hwa-Jean|266|1113
|gen|9
|tier|[Gen 9 Champions] VGC 2026 Reg M-B (Bo3)
|rated|
|rule|Species Clause: Limit one of each Pokémon
|rule|Item Clause: Limit 1 of each item
|clearpoke
|poke|p1|Dragalge, L50, F|
|poke|p1|Chesnaught, L50, F|
|poke|p1|Farigiraf, L50, M|
|poke|p1|Toxapex, L50, M|
|poke|p1|Torkoal, L50, M|
|poke|p1|Sinistcha, L50|
|poke|p2|Incineroar, L50, F|
|poke|p2|Sinistcha, L50|
|poke|p2|Sneasler, L50, M|
|poke|p2|Blastoise, L50, F|
|poke|p2|Delphox, L50, M|
|poke|p2|Kingambit, L50, M|
|teampreview|4
|showteam|p1|Dragalge||Dragalgite|PoisonPoint|Protect,DragonPulse,SludgeBomb,Toxic|Quiet||F|||50|]Chesnaught||Chesnaughtite|Bulletproof|BellyDrum,DrainPunch,Protect,PoisonJab|Sassy||F|||50|]Farigiraf||SitrusBerry|ArmorTail|Protect,Psychic,TrickRoom,EnergyBall|Relaxed||M|||50|]Toxapex|||Merciless|Venoshock,BanefulBunker,Toxic,Infestation|Quiet||M|||50|]Torkoal||Charcoal|Drought|Eruption,HeatWave,SolarBeam,EarthPower|Quiet||M|||50|]Sinistcha||ColburBerry|Hospitality|MatchaGotcha,RagePowder,TrickRoom,Protect|Relaxed|||||50|
|showteam|p2|Incineroar||SitrusBerry|Intimidate|FakeOut,FlareBlitz,DarkestLariat,PartingShot|Impish||F|||50|]Sinistcha||KasibBerry|Hospitality|MatchaGotcha,LifeDew,RagePowder,Protect|Bold|||||50|]Sneasler||FocusSash|PoisonTouch|FakeOut,CloseCombat,DireClaw,QuickGuard|Jolly||M|||50|]Blastoise||Blastoisinite|Torrent|WaterSpout,DarkPulse,ShellSmash,Protect|Modest||F|||50|]Delphox||Delphoxite|Blaze|HeatWave,Psychic,NastyPlot,Protect|Timid||M|||50|]Kingambit||BlackGlasses|Defiant|KowtowCleave,SuckerPunch,SwordsDance,Protect|Adamant||M|||50|
|inactive|Battle timer is ON: inactive players will automatically lose when time's up. (requested by Hwa-Jean)
|
|t:|1783656293
|teamsize|p1|4
|teamsize|p2|4
|start
|switch|p1a: Farigiraf|Farigiraf, L50, M|100/100
|switch|p1b: Dragalge|Dragalge, L50, F|100/100
|switch|p2a: Delphox|Delphox, L50, M|100/100
|switch|p2b: Kingambit|Kingambit, L50, M|100/100
|turn|1
|inactive|Hwa-Jean has 30 seconds left.
|inactive|Hwa-Jean has 20 seconds left.
|
|t:|1783656329
|detailschange|p2a: Delphox|Delphox-Mega, L50, M
|-mega|p2a: Delphox|Delphox|Delphoxite
|detailschange|p1b: Dragalge|Dragalge-Mega, L50, F
|-mega|p1b: Dragalge|Dragalge|Dragalgite
|move|p1a: Farigiraf|Protect|p1a: Farigiraf
|-singleturn|p1a: Farigiraf|Protect
|move|p2a: Delphox|Heat Wave|p1a: Farigiraf|[spread] p1b
|-activate|p1a: Farigiraf|move: Protect
|-resisted|p1b: Dragalge|1
|-damage|p1b: Dragalge|86/100
|move|p2b: Kingambit|Kowtow Cleave|p1a: Farigiraf
|-activate|p1a: Farigiraf|move: Protect
|move|p1b: Dragalge|Toxic|p2a: Delphox
|-status|p2a: Delphox|tox
|
|-damage|p2a: Delphox|93/100 tox|[from] psn
|upkeep
|turn|2
|inactive|Dengi_padestha has 30 seconds left.
|inactive|Dengi_padestha has 20 seconds left.
|
|t:|1783656365
|switch|p1a: Toxapex|Toxapex, L50, M|100/100
|move|p1b: Dragalge|Protect|p1b: Dragalge
|-singleturn|p1b: Dragalge|Protect
|move|p2a: Delphox|Heat Wave|p1b: Dragalge|[spread] p1a
|-activate|p1b: Dragalge|move: Protect
|-resisted|p1a: Toxapex|1
|-damage|p1a: Toxapex|84/100
|move|p2b: Kingambit|Kowtow Cleave|p1a: Toxapex
|-damage|p1a: Toxapex|39/100
|
|-damage|p2a: Delphox|81/100 tox|[from] psn
|upkeep
|turn|3
|
|t:|1783656386
|switch|p2a: Incineroar|Incineroar, L50, F|100/100
|-ability|p2a: Incineroar|Intimidate|boost
|-unboost|p1a: Toxapex|atk|1
|-unboost|p1b: Dragalge|atk|1
|-heal|p1b: Dragalge|100/100|[from] ability: Regenerator|[silent]
|switch|p1b: Farigiraf|Farigiraf, L50, M|100/100
|move|p1a: Toxapex|Baneful Bunker|p1a: Toxapex
|-singleturn|p1a: Toxapex|move: Protect
|move|p2b: Kingambit|Swords Dance|p2b: Kingambit
|-boost|p2b: Kingambit|atk|2
|
|upkeep
|turn|4
|
|t:|1783656406
|move|p1a: Toxapex|Baneful Bunker|p1a: Toxapex
|-singleturn|p1a: Toxapex|move: Protect
|move|p2a: Incineroar|Parting Shot|p1b: Farigiraf
|-unboost|p1b: Farigiraf|atk|1
|-unboost|p1b: Farigiraf|spa|1
|
|t:|1783656412
|switch|p2a: Delphox|Delphox-Mega, L50, M|81/100 tox|[from] Parting Shot
|move|p2b: Kingambit|Kowtow Cleave|p1a: Toxapex
|-activate|p1a: Toxapex|move: Protect
|move|p1b: Farigiraf|Trick Room|p1b: Farigiraf
|-fieldstart|move: Trick Room|[of] p1b: Farigiraf
|
|-damage|p2a: Delphox|75/100 tox|[from] psn
|upkeep
|turn|5
|
|t:|1783656433
|switch|p1b: Sinistcha|Sinistcha, L50|100/100
|-heal|p1a: Toxapex|64/100|[from] ability: Hospitality|[of] p1b: Sinistcha
|move|p1a: Toxapex|Venoshock|p2a: Delphox
|-crit|p2a: Delphox
|-damage|p2a: Delphox|21/100 tox
|move|p2b: Kingambit|Kowtow Cleave|p1a: Toxapex
|-damage|p1a: Toxapex|0 fnt
|faint|p1a: Toxapex
|move|p2a: Delphox|Psychic|p1b: Sinistcha
|-damage|p1b: Sinistcha|38/100
|
|-damage|p2a: Delphox|9/100 tox|[from] psn
|upkeep
|
|t:|1783656449
|switch|p1a: Dragalge|Dragalge-Mega, L50, F|100/100
|turn|6
|
|t:|1783656461
|switch|p2a: Incineroar|Incineroar, L50, F|100/100
|-ability|p2a: Incineroar|Intimidate|boost
|-unboost|p1a: Dragalge|atk|1
|-unboost|p1b: Sinistcha|atk|1
|move|p1a: Dragalge|Dragon Pulse|p2b: Kingambit
|-resisted|p2b: Kingambit|1
|-damage|p2b: Kingambit|76/100
|move|p2b: Kingambit|Swords Dance|p2b: Kingambit
|-boost|p2b: Kingambit|atk|2
|move|p1b: Sinistcha|Matcha Gotcha|p2b: Kingambit|[spread] p2a,p2b
|-resisted|p2a: Incineroar|1
|-resisted|p2b: Kingambit|1
|-damage|p2a: Incineroar|89/100
|-heal|p1b: Sinistcha|44/100|[from] drain|[of] p2a: Incineroar
|-damage|p2b: Kingambit|64/100
|-heal|p1b: Sinistcha|52/100|[from] drain|[of] p2b: Kingambit
|
|upkeep
|turn|7
|inactive|Dengi_padestha has 30 seconds left.
|inactive|Dengi_padestha has 20 seconds left.
|inactive|Dengi_padestha has 15 seconds left.
|
|t:|1783656505
|move|p1a: Dragalge|Protect|p1a: Dragalge
|-singleturn|p1a: Dragalge|Protect
|move|p1b: Sinistcha|Protect|p1b: Sinistcha
|-singleturn|p1b: Sinistcha|Protect
|move|p2b: Kingambit|Kowtow Cleave|p1a: Dragalge
|-activate|p1a: Dragalge|move: Protect
|move|p2a: Incineroar|Flare Blitz|p1b: Sinistcha
|-activate|p1b: Sinistcha|move: Protect
|
|upkeep
|turn|8
|
|t:|1783656521
|switch|p2a: Sinistcha|Sinistcha, L50|100/100
|-heal|p2b: Kingambit|88/100|[from] ability: Hospitality|[of] p2a: Sinistcha
|switch|p1b: Farigiraf|Farigiraf, L50, M|100/100
|move|p1a: Dragalge|Dragon Pulse|p2a: Sinistcha
|-damage|p2a: Sinistcha|57/100
|move|p2b: Kingambit|Kowtow Cleave|p1a: Dragalge
|-damage|p1a: Dragalge|0 fnt
|faint|p1a: Dragalge
|
|-fieldend|move: Trick Room
|upkeep
|
|t:|1783656534
|switch|p1a: Sinistcha|Sinistcha, L50|52/100
|turn|9
|
|t:|1783656542
|move|p1b: Farigiraf|Protect|p1b: Farigiraf
|-singleturn|p1b: Farigiraf|Protect
|move|p2a: Sinistcha|Life Dew|p2a: Sinistcha|[spread] p2a,p2b
|-heal|p2a: Sinistcha|83/100
|-heal|p2b: Kingambit|100/100
|move|p2b: Kingambit|Kowtow Cleave|p1b: Farigiraf
|-activate|p1b: Farigiraf|move: Protect
|move|p1a: Sinistcha|Trick Room|p1a: Sinistcha
|-fieldstart|move: Trick Room|[of] p1a: Sinistcha
|
|upkeep
|turn|10
|
|t:|1783656564
|switch|p2a: Incineroar|Incineroar, L50, F|89/100
|-ability|p2a: Incineroar|Intimidate|boost
|-unboost|p1a: Sinistcha|atk|1
|-unboost|p1b: Farigiraf|atk|1
|move|p2b: Kingambit|Kowtow Cleave|p1a: Sinistcha
|-supereffective|p1a: Sinistcha|1
|-enditem|p1a: Sinistcha|Colbur Berry|[eat]
|-enditem|p1a: Sinistcha|Colbur Berry|[weaken]
|-damage|p1a: Sinistcha|0 fnt
|faint|p1a: Sinistcha
|move|p1b: Farigiraf|Energy Ball|p2b: Kingambit
|-resisted|p2b: Kingambit|1
|-damage|p2b: Kingambit|87/100
|
|upkeep
|turn|11
|-message|Dengi_padestha forfeited.
|
|win|Hwa-Jean
|raw|Dengi_padestha's rating: 1040 → 1027(-13 for losing)
|raw|Hwa-Jean's rating: 1113 → 1133(+20 for winning)
|l|☆Dengi_padestha
|player|p1|
