|j|☆redsubhuman
|j|☆Cristante terabug
|html|redsubhumanCristante terabug    
|uhtml|bestof|Game 1 of a best-of-3
|t:|1756229148
|gametype|doubles
|player|p1|redsubhuman|birdkeeper|1371
|player|p2|Cristante terabug|kieran-champion|1238
|gen|9
|tier|[Gen 9] VGC 2025 Reg H (Bo3)
|rated|
|rule|Species Clause: Limit one of each Pokémon
|rule|Item Clause: Limit 1 of each item
|clearpoke
|poke|p1|Charizard, L50, M|
|poke|p1|Dragapult, L50, M|
|poke|p1|Sneasler, L50, F|
|poke|p1|Incineroar, L50, M|
|poke|p1|Ursaluna-Bloodmoon, L50, M|
|poke|p1|Whimsicott, L50, F|
|poke|p2|Kommo-o, L50, M|
|poke|p2|Gholdengo, L50|
|poke|p2|Sneasler, L50, M|
|poke|p2|Rillaboom, L50, M|
|poke|p2|Dondozo, L50, F|
|poke|p2|Electabuzz, L50, F|
|teampreview|4
|showteam|p1|Charizard||ChoiceSpecs|SolarPower|HeatWave,Overheat,WeatherBall,SolarBeam|||M|||50|,,,,,Ghost]Dragapult||ChoiceBand|ClearBody|DragonDarts,Outrage,PhantomForce,Uturn|||M|||50|,,,,,Dragon]Sneasler||FocusSash|Unburden|DireClaw,CloseCombat,ThroatChop,Protect|||F|||50|,,,,,Dark]Incineroar||SafetyGoggles|Intimidate|FakeOut,KnockOff,FlareBlitz,PartingShot|||M|||50|,,,,,Ghost]Ursaluna-Bloodmoon||LifeOrb|MindsEye|BloodMoon,HyperVoice,EarthPower,Protect|||M|||50|,,,,,Normal]Whimsicott||CovertCloak|Prankster|Moonblast,Tailwind,Encore,SunnyDay|||F|||50|,,,,,Poison
|showteam|p2|Kommo-o||ThroatSpray|Soundproof|ClangorousSoul,ClangingScales,Flamethrower,Protect|||M|||50|,,,,,Fire]Gholdengo||ChoiceSpecs|GoodasGold|MakeItRain,ShadowBall,DazzlingGleam,PowerGem||||||50|,,,,,Fairy]Sneasler||FocusSash|Unburden|FakeOut,DireClaw,CloseCombat,Protect|||M|||50|,,,,,Stellar]Rillaboom||AssaultVest|GrassySurge|FakeOut,WoodHammer,GrassyGlide,HighHorsepower|||M|||50|,,,,,Fire]Dondozo||Leftovers|Unaware|WaveCrash,Fissure,Yawn,Protect|||F|||50|,,,,,Flying]Electabuzz||Eviolite|VitalSpirit|Electroweb,FollowMe,HelpingHand,Protect|||F|||50|,,,,,Grass
|inactive|Battle timer is ON: inactive players will automatically lose when time's up. (requested by Cristante terabug)
|inactive|redsubhuman has 60 seconds left.
|inactive|Cristante terabug has 60 seconds left.
|
|t:|1756229210
|teamsize|p1|4
|teamsize|p2|4
|start
|switch|p1a: Shāhmat|Ursaluna-Bloodmoon, L50, M|100/100
|switch|p1b: Mary|Whimsicott, L50, F|100/100
|switch|p2a: Sneasler|Sneasler, L50, M|100/100
|switch|p2b: Gholdengo|Gholdengo, L50|100/100
|turn|1
|inactive|redsubhuman has 30 seconds left.
|
|t:|1756229241
|switch|p1b: Puss|Incineroar, L50, M|100/100
|-ability|p1b: Puss|Intimidate|boost
|-unboost|p2a: Sneasler|atk|1
|-unboost|p2b: Gholdengo|atk|1
|move|p1a: Shāhmat|Protect|p1a: Shāhmat
|-singleturn|p1a: Shāhmat|Protect
|move|p2a: Sneasler|Fake Out|p1a: Shāhmat
|-activate|p1a: Shāhmat|move: Protect
|move|p2b: Gholdengo|Make It Rain|p1a: Shāhmat|[spread] p1b
|-activate|p1a: Shāhmat|move: Protect
|-resisted|p1b: Puss
|-damage|p1b: Puss|66/100
|-unboost|p2b: Gholdengo|spa|1
|
|upkeep
|turn|2
|inactive|redsubhuman has 30 seconds left.
|inactive|redsubhuman has 20 seconds left.
|
|t:|1756229278
|switch|p2b: Rillaboom|Rillaboom, L50, M|100/100
|-fieldstart|move: Grassy Terrain|[from] ability: Grassy Surge|[of] p2b: Rillaboom
|move|p2a: Sneasler|Protect|p2a: Sneasler
|-singleturn|p2a: Sneasler|Protect
|move|p1b: Puss|Fake Out|p2a: Sneasler
|-activate|p2a: Sneasler|move: Protect
|move|p1a: Shāhmat|Earth Power|p2b: Rillaboom
|-resisted|p2b: Rillaboom
|-damage|p2b: Rillaboom|73/100
|-damage|p1a: Shāhmat|91/100|[from] item: Life Orb
|
|-heal|p2b: Rillaboom|79/100|[from] Grassy Terrain
|-heal|p1a: Shāhmat|97/100|[from] Grassy Terrain
|-heal|p1b: Puss|72/100|[from] Grassy Terrain
|upkeep
|turn|3
|inactive|Cristante terabug has 30 seconds left.
|
|t:|1756229305
|move|p1a: Shāhmat|Protect|p1a: Shāhmat
|-singleturn|p1a: Shāhmat|Protect
|move|p2a: Sneasler|Close Combat|p1b: Puss
|-supereffective|p1b: Puss
|-damage|p1b: Puss|1/100
|-unboost|p2a: Sneasler|def|1
|-unboost|p2a: Sneasler|spd|1
|move|p2b: Rillaboom|Wood Hammer|p1a: Shāhmat
|-activate|p1a: Shāhmat|move: Protect
|move|p1b: Puss|Parting Shot|p2a: Sneasler
|-unboost|p2a: Sneasler|atk|1
|-unboost|p2a: Sneasler|spa|1
|
|t:|1756229320
|switch|p1b: Mary|Whimsicott, L50, F|100/100|[from] Parting Shot
|
|-heal|p2b: Rillaboom|85/100|[from] Grassy Terrain
|-heal|p1a: Shāhmat|100/100|[from] Grassy Terrain
|upkeep
|turn|4
|
|t:|1756229335
|switch|p2a: Dondozo|Dondozo, L50, F|100/100
|switch|p1a: Puss|Incineroar, L50, M|1/100
|-ability|p1a: Puss|Intimidate|boost
|-unboost|p2a: Dondozo|atk|1
|-unboost|p2b: Rillaboom|atk|1
|move|p1b: Mary|Encore||[still]
|-fail|p1b: Mary
|move|p2b: Rillaboom|Wood Hammer|p1a: Puss
|-resisted|p1a: Puss
|-crit|p1a: Puss
|-damage|p1a: Puss|0 fnt
|faint|p1a: Puss
|-damage|p2b: Rillaboom|84/100|[from] Recoil
|
|-heal|p2b: Rillaboom|90/100|[from] Grassy Terrain
|upkeep
|
|t:|1756229347
|switch|p1a: Shāhmat|Ursaluna-Bloodmoon, L50, M|100/100
|turn|5
|
|t:|1756229365
|-terastallize|p1a: Shāhmat|Normal
|move|p1b: Mary|Tailwind|p1b: Mary
|-sidestart|p1: redsubhuman|move: Tailwind
|move|p1a: Shāhmat|Blood Moon|p2b: Rillaboom
|-damage|p2b: Rillaboom|0 fnt
|faint|p2b: Rillaboom
|-damage|p1a: Shāhmat|91/100|[from] item: Life Orb
|move|p2a: Dondozo|Yawn|p1a: Shāhmat
|-start|p1a: Shāhmat|move: Yawn|[of] p2a: Dondozo
|
|-heal|p1a: Shāhmat|97/100|[from] Grassy Terrain
|upkeep
|inactive|Cristante terabug has 30 seconds left.
|
|t:|1756229391
|switch|p2b: Sneasler|Sneasler, L50, M|100/100
|turn|6
|inactive|redsubhuman has 30 seconds left.
|
|t:|1756229424
|move|p1b: Mary|Moonblast|p2b: Sneasler
|-damage|p2b: Sneasler|62/100
|move|p1a: Shāhmat|Hyper Voice|p2b: Sneasler|[spread] p2a,p2b
|-damage|p2a: Dondozo|48/100
|-damage|p2b: Sneasler|0 fnt
|faint|p2b: Sneasler
|-damage|p1a: Shāhmat|87/100|[from] item: Life Orb
|move|p2a: Dondozo|Wave Crash|p1a: Shāhmat
|-damage|p1a: Shāhmat|64/100
|-damage|p2a: Dondozo|41/100|[from] Recoil
|
|-heal|p1a: Shāhmat|70/100|[from] Grassy Terrain
|-heal|p2a: Dondozo|48/100|[from] Grassy Terrain
|-heal|p2a: Dondozo|54/100|[from] item: Leftovers
|-end|p1a: Shāhmat|move: Yawn|[silent]
|-status|p1a: Shāhmat|slp
|-fieldend|move: Grassy Terrain
|upkeep
|
|t:|1756229434
|switch|p2b: Gholdengo|Gholdengo, L50|100/100
|turn|7
|
|t:|1756229449
|cant|p1a: Shāhmat|slp
|move|p1b: Mary|Moonblast|p2b: Gholdengo
|-resisted|p2b: Gholdengo
|-damage|p2b: Gholdengo|85/100
|move|p2b: Gholdengo|Make It Rain|p1b: Mary|[spread] p1a,p1b
|-supereffective|p1b: Mary
|-damage|p1a: Shāhmat|0 fnt
|-damage|p1b: Mary|0 fnt
|-unboost|p2b: Gholdengo|spa|1
|faint|p1a: Shāhmat
|faint|p1b: Mary
|move|p2a: Dondozo|Yawn|p1: Shāhmat|[notarget]
|-fail|p2a: Dondozo
|
|-heal|p2a: Dondozo|60/100|[from] item: Leftovers
|upkeep
|
|t:|1756229452
|switch|p1b: Rudra|Dragapult, L50, M|100/100
|turn|8
|
|t:|1756229466
|-terastallize|p2b: Gholdengo|Fairy
|move|p1b: Rudra|Phantom Force||[still]
|-prepare|p1b: Rudra|Phantom Force
|move|p2b: Gholdengo|Make It Rain|p1b: Rudra|[miss]
|-miss|p2b: Gholdengo|p1b: Rudra
|move|p2a: Dondozo|Yawn|p1b: Rudra|[miss]
|-miss|p2a: Dondozo|p1b: Rudra
|
|-heal|p2a: Dondozo|66/100|[from] item: Leftovers
|-sideend|p1: redsubhuman|move: Tailwind
|upkeep
|turn|9
|
|t:|1756229478
|move|p1b: Rudra|Phantom Force|p2b: Gholdengo|[from] lockedmove
|-damage|p2b: Gholdengo|3/100
|move|p2b: Gholdengo|Make It Rain|p1b: Rudra
|-damage|p1b: Rudra|8/100
|-unboost|p2b: Gholdengo|spa|1
|move|p2a: Dondozo|Yawn|p1b: Rudra
|-start|p1b: Rudra|move: Yawn|[of] p2a: Dondozo
|
|-heal|p2a: Dondozo|73/100|[from] item: Leftovers
|upkeep
|turn|10
|-message|redsubhuman forfeited.
|
|win|Cristante terabug
|l|☆redsubhuman
|player|p1|
||redsubhuman is ready for game 2.
