|j|☆VOQJKk
|j|☆oscraft89
|html|VOQJKkoscraft89    
|uhtml|bestof|Game 2 of a best-of-3
|t:|1785617205
|gametype|doubles
|player|p1|VOQJKk|steven|1148
|player|p2|oscraft89|ethan|1267
|gen|9
|tier|[Gen 9 Champions] VGC 2026 Reg M-B (Bo3)
|rated|
|rule|Species Clause: Limit one of each Pokémon
|rule|Item Clause: Limit 1 of each item
|clearpoke
|poke|p1|Basculegion, L50, M|
|poke|p1|Charizard, L50, F|
|poke|p1|Kingambit, L50, M|
|poke|p1|Garchomp, L50, M|
|poke|p1|Whimsicott, L50, F|
|poke|p1|Floette-Eternal, L50, F|
|poke|p2|Excadrill, L50, F|
|poke|p2|Tyranitar, L50, F|
|poke|p2|Sneasler, L50, M|
|poke|p2|Incineroar, L50, M|
|poke|p2|Froslass, L50, F|
|poke|p2|Sinistcha, L50|
|teampreview|4
|showteam|p1|Basculegion||MysticWater|Adaptability|WaveCrash,LastRespects,AquaJet,Protect|Adamant||M|||50|]Charizard||CharizarditeY|Blaze|HeatWave,WeatherBall,SolarBeam,Protect|Modest||F|||50|]Kingambit||BlackGlasses|Defiant|KowtowCleave,SuckerPunch,IronHead,Protect|Adamant||M|||50|]Garchomp||LifeOrb|RoughSkin|Earthquake,RockSlide,DragonClaw,Protect|Jolly||M|||50|]Whimsicott||FocusSash|Prankster|Moonblast,SunnyDay,Tailwind,Encore|Timid||F|||50|]Floette-Eternal||Floettite|FlowerVeil|DazzlingGleam,Moonblast,LightofRuin,Protect|Modest||F|||50|
|showteam|p2|Excadrill||FocusSash|SandRush|HighHorsepower,IronHead,RockSlide,Protect|Adamant||F|||50|]Tyranitar||Tyranitarite|SandStream|RockSlide,KnockOff,DragonDance,Protect|Adamant||F|||50|]Sneasler||WhiteHerb|Unburden|CloseCombat,DireClaw,FakeOut,Coaching|Jolly||M|||50|]Incineroar||SitrusBerry|Intimidate|FlareBlitz,FakeOut,PartingShot,HelpingHand|Impish||M|||50|]Froslass||Froslassite|CursedBody|Blizzard,ShadowBall,NastyPlot,Protect|Timid||F|||50|]Sinistcha||ColburBerry|Hospitality|LeafStorm,ShadowBall,RagePowder,Protect|Bold|||||50|
|inactive|Battle timer is ON: inactive players will automatically lose when time's up. (requested by VOQJKk)
|
|t:|1785617235
|teamsize|p1|4
|teamsize|p2|4
|start
|switch|p1a: Garchomp|Garchomp, L50, M|100/100
|switch|p1b: Kingambit|Kingambit, L50, M|100/100
|switch|p2a: Froslass|Froslass, L50, F|100/100
|switch|p2b: Sneasler|Sneasler, L50, M|100/100
|turn|1
|
|t:|1785617258
|detailschange|p2a: Froslass|Froslass-Mega, L50, F
|-mega|p2a: Froslass|Froslass|Froslassite
|-weather|Snowscape|[from] ability: Snow Warning|[of] p2a: Froslass
|move|p1b: Kingambit|Protect|p1b: Kingambit
|-singleturn|p1b: Kingambit|Protect
|move|p2b: Sneasler|Close Combat|p1b: Kingambit
|-activate|p1b: Kingambit|move: Protect
|move|p2a: Froslass|Blizzard|p1b: Kingambit|[spread] p1a
|-activate|p1b: Kingambit|move: Protect
|-supereffective|p1a: Garchomp|2
|-damage|p1a: Garchomp|0 fnt
|faint|p1a: Garchomp
|
|-weather|Snowscape|[upkeep]
|upkeep
|
|t:|1785617273
|switch|p1a: Charizard|Charizard, L50, F|100/100
|turn|2
|
|t:|1785617289
|switch|p1b: Basculegion|Basculegion, L50, M|100/100
|detailschange|p1a: Charizard|Charizard-Mega-Y, L50, F
|-mega|p1a: Charizard|Charizard|Charizardite Y
|-weather|SunnyDay|[from] ability: Drought|[of] p1a: Charizard
|move|p2b: Sneasler|Close Combat|p1b: Basculegion
|-immune|p1b: Basculegion
|move|p2a: Froslass|Nasty Plot|p2a: Froslass
|-boost|p2a: Froslass|spa|2
|move|p1a: Charizard|Heat Wave|p2b: Sneasler|[spread] p2a,p2b
|-supereffective|p2a: Froslass|1
|-damage|p2a: Froslass|0 fnt
|-damage|p2b: Sneasler|18/100
|faint|p2a: Froslass
|
|-weather|SunnyDay|[upkeep]
|upkeep
|
|t:|1785617296
|switch|p2a: Excadrill|Excadrill, L50, F|100/100
|turn|3
|inactive|VOQJKk has 30 seconds left.
|inactive|VOQJKk has 20 seconds left.
|inactive|VOQJKk has 15 seconds left.
|
|t:|1785617341
|switch|p1a: Kingambit|Kingambit, L50, M|100/100
|move|p2a: Excadrill|Protect|p2a: Excadrill
|-singleturn|p2a: Excadrill|Protect
|move|p1b: Basculegion|Aqua Jet|p2a: Excadrill
|-activate|p2a: Excadrill|move: Protect
|move|p2b: Sneasler|Coaching|p2a: Excadrill
|-boost|p2a: Excadrill|atk|1
|-boost|p2a: Excadrill|def|1
|
|-weather|SunnyDay|[upkeep]
|upkeep
|turn|4
|
|t:|1785617358
|move|p1b: Basculegion|Aqua Jet|p2a: Excadrill
|-supereffective|p2a: Excadrill|1
|-damage|p2a: Excadrill|72/100
|move|p1a: Kingambit|Sucker Punch|p2a: Excadrill
|-damage|p2a: Excadrill|27/100
|move|p2b: Sneasler|Close Combat|p1a: Kingambit
|-supereffective|p1a: Kingambit|2
|-damage|p1a: Kingambit|0 fnt
|-unboost|p2b: Sneasler|def|1
|-unboost|p2b: Sneasler|spd|1
|faint|p1a: Kingambit
|-enditem|p2b: Sneasler|White Herb
|-clearnegativeboost|p2b: Sneasler|[silent]
|move|p2a: Excadrill|High Horsepower|p1b: Basculegion
|-damage|p1b: Basculegion|25/100
|
|-weather|SunnyDay|[upkeep]
|upkeep
|
|t:|1785617373
|switch|p1a: Charizard|Charizard-Mega-Y, L50, F|100/100
|turn|5
|
|t:|1785617394
|move|p1b: Basculegion|Aqua Jet|p2a: Excadrill
|-supereffective|p2a: Excadrill|1
|-crit|p2a: Excadrill
|-damage|p2a: Excadrill|0 fnt
|faint|p2a: Excadrill
|move|p2b: Sneasler|Dire Claw|p1b: Basculegion
|-resisted|p1b: Basculegion|1
|-damage|p1b: Basculegion|10/100
|-status|p1b: Basculegion|par
|move|p1a: Charizard|Weather Ball|p2b: Sneasler
|-damage|p2b: Sneasler|0 fnt
|faint|p2b: Sneasler
|
|-weather|SunnyDay|[upkeep]
|upkeep
|
|t:|1785617405
|switch|p2b: Tyranitar|Tyranitar, L50, F|100/100
|-weather|Sandstorm|[from] ability: Sand Stream|[of] p2b: Tyranitar
|turn|6
|
|t:|1785617418
|move|p1b: Basculegion|Aqua Jet|p2b: Tyranitar
|-supereffective|p2b: Tyranitar|1
|-damage|p2b: Tyranitar|52/100
|move|p1a: Charizard|Weather Ball|p2b: Tyranitar
|-damage|p2b: Tyranitar|29/100
|move|p2b: Tyranitar|Rock Slide|p1a: Charizard|[spread] p1a,p1b
|-supereffective|p1a: Charizard|2
|-damage|p1a: Charizard|0 fnt
|-damage|p1b: Basculegion|0 fnt
|faint|p1a: Charizard
|faint|p1b: Basculegion
|
|win|oscraft89
|raw|VOQJKk's rating: 1148 → 1131(-17 for losing)
|raw|oscraft89's rating: 1267 → 1284(+17 for winning)
|l|☆oscraft89
|player|p2|
