|j|☆maish
|j|☆samurotthisuian
|html|maishsamurotthisuian    
|uhtml|bestof|Game 1 of a best-of-3
|t:|1756491729
|gametype|doubles
|player|p1|maish|roxie|1096
|player|p2|samurotthisuian|101|1145
|gen|9
|tier|[Gen 9] VGC 2025 Reg H (Bo3)
|rated|
|rule|Species Clause: Limit one of each Pokémon
|rule|Item Clause: Limit 1 of each item
|clearpoke
|poke|p1|Pelipper, L50, M|
|poke|p1|Archaludon, L50, M|
|poke|p1|Basculegion, L50, M|
|poke|p1|Amoonguss, L50, F|
|poke|p1|Incineroar, L50, M|
|poke|p1|Gholdengo, L50|
|poke|p2|Toedscruel, L50, F|
|poke|p2|Weezing-Galar, L50, F|
|poke|p2|Corviknight, L50, F|
|poke|p2|Garchomp, L50, F|
|poke|p2|Typhlosion-Hisui, L50, F|
|poke|p2|Meowscarada, L50, F|
|teampreview|4
|showteam|p1|Pelipper||FocusSash|Drizzle|WeatherBall,Hurricane,Tailwind,Protect|||M|||50|,,,,,Ghost]Archaludon||AssaultVest|Stamina|DragonPulse,ElectroShot,Snarl,BodyPress|||M|||50|,,,,,Grass]Basculegion||ChoiceBand|SwiftSwim|WaveCrash,AquaJet,LastRespects,FlipTurn|||M|||50|,,,,,Grass]Amoonguss||RockyHelmet|Regenerator|RagePowder,PollenPuff,Spore,Protect|||F|||50|,,,,,Water]Incineroar||SafetyGoggles|Intimidate|FakeOut,FlareBlitz,PartingShot,KnockOff|||M|||50|,,,,,Water]Gholdengo||LifeOrb|GoodasGold|MakeItRain,ShadowBall,NastyPlot,Protect||||||50|,,,,,Dragon
|showteam|p2|Toedscruel||CovertCloak|MyceliumMight|Spore,EarthPower,AcidSpray,RagePowder|||F|||50|,,,,,Water]Weezing-Galar||ChoiceSpecs|NeutralizingGas|DazzlingGleam,Flamethrower,StrangeSteam,SludgeBomb|||F|||50|,,,,,Fire]Corviknight||SitrusBerry|MirrorArmor|BraveBird,Roost,Tailwind,BodyPress|||F|||50|,,,,,Dragon]Garchomp||LifeOrb|RoughSkin|Protect,Earthquake,StompingTantrum,DragonClaw|||F|||50|,,,,,Ground]Typhlosion-Hisui||ChoiceScarf|Blaze|Eruption,HeatWave,ShadowBall,Overheat|||F|||50|,,,,,Fire]Meowscarada||FocusSash|Overgrow|KnockOff,FlowerTrick,SuckerPunch,Taunt|||F|||50|,,,,,Ghost
|inactive|Battle timer is ON: inactive players will automatically lose when time's up. (requested by samurotthisuian)
|c|☆maish|where is the samurrot?
|inactive|maish has 60 seconds left.
|inactive|maish has 30 seconds left.
|inactive|maish has 20 seconds left.
|
|t:|1756491800
|teamsize|p1|4
|teamsize|p2|4
|start
|switch|p1a: Amoonguss|Amoonguss, L50, F, shiny|100/100
|switch|p1b: Gholdengo|Gholdengo, L50|100/100
|switch|p2a: Typhlosion|Typhlosion-Hisui, L50, F, shiny|100/100
|switch|p2b: Weezing|Weezing-Galar, L50, F, shiny|100/100
|-ability|p2b: Weezing|Neutralizing Gas
|turn|1
|
|t:|1756491817
|-terastallize|p2a: Typhlosion|Fire
|-terastallize|p1a: Amoonguss|Water
|move|p1b: Gholdengo|Protect|p1b: Gholdengo
|-singleturn|p1b: Gholdengo|Protect
|move|p2a: Typhlosion|Eruption|p1b: Gholdengo|[spread] p1a
|-activate|p1b: Gholdengo|move: Protect
|-resisted|p1a: Amoonguss
|-damage|p1a: Amoonguss|61/100
|move|p2b: Weezing|Dazzling Gleam|p1a: Amoonguss|[spread] p1a
|-activate|p1b: Gholdengo|move: Protect
|-damage|p1a: Amoonguss|28/100
|move|p1a: Amoonguss|Spore|p2a: Typhlosion
|-status|p2a: Typhlosion|slp|[from] move: Spore
|
|upkeep
|turn|2
|inactive|maish has 30 seconds left.
|inactive|maish has 20 seconds left.
|
|t:|1756491852
|-end|p2b: Weezing|ability: Neutralizing Gas
|switch|p2b: Meowscarada|Meowscarada, L50, F, shiny|100/100
|cant|p2a: Typhlosion|slp
|move|p1b: Gholdengo|Make It Rain|p2a: Typhlosion|[spread] p2a,p2b
|-resisted|p2a: Typhlosion
|-crit|p2a: Typhlosion
|-damage|p2a: Typhlosion|38/100 slp
|-damage|p2b: Meowscarada|8/100
|-unboost|p1b: Gholdengo|spa|1
|-damage|p1b: Gholdengo|91/100|[from] item: Life Orb
|move|p1a: Amoonguss|Spore|p2b: Meowscarada
|-immune|p2b: Meowscarada
|
|upkeep
|turn|3
|inactive|maish has 30 seconds left.
|
|t:|1756491880
|switch|p1b: Pelipper|Pelipper, L50, M, shiny|100/100
|-weather|RainDance|[from] ability: Drizzle|[of] p1b: Pelipper
|cant|p2a: Typhlosion|slp
|move|p2b: Meowscarada|Knock Off|p1b: Pelipper
|-damage|p1b: Pelipper|44/100
|-enditem|p1b: Pelipper|Focus Sash|[from] move: Knock Off|[of] p2b: Meowscarada
|move|p1a: Amoonguss|Pollen Puff|p2b: Meowscarada
|-supereffective|p2b: Meowscarada
|-damage|p2b: Meowscarada|0 fnt
|faint|p2b: Meowscarada
|
|-weather|RainDance|[upkeep]
|upkeep
|
|t:|1756491893
|switch|p2b: Weezing|Weezing-Galar, L50, F, shiny|100/100
|-ability|p2b: Weezing|Neutralizing Gas
|turn|4
|
|t:|1756491900
|cant|p2a: Typhlosion|slp
|move|p1b: Pelipper|Weather Ball|p2a: Typhlosion
|-supereffective|p2a: Typhlosion
|-damage|p2a: Typhlosion|0 fnt
|faint|p2a: Typhlosion
|move|p2b: Weezing|Dazzling Gleam|p1a: Amoonguss|[spread] p1a,p1b
|-damage|p1a: Amoonguss|0 fnt
|-damage|p1b: Pelipper|0 fnt
|faint|p1a: Amoonguss
|faint|p1b: Pelipper
|
|-weather|RainDance|[upkeep]
|upkeep
|
|t:|1756491909
|switch|p2a: Garchomp|Garchomp, L50, F, shiny|100/100
|switch|p1b: Gholdengo|Gholdengo, L50|91/100
|switch|p1a: Basculegion|Basculegion, L50, M, shiny|100/100
|turn|5
|
|t:|1756491920
|move|p2a: Garchomp|Stomping Tantrum|p1b: Gholdengo
|-supereffective|p1b: Gholdengo
|-damage|p1b: Gholdengo|0 fnt
|faint|p1b: Gholdengo
|-damage|p2a: Garchomp|91/100|[from] item: Life Orb
|move|p1a: Basculegion|Last Respects|p2a: Garchomp
|-damage|p2a: Garchomp|0 fnt
|faint|p2a: Garchomp
|move|p2b: Weezing|Dazzling Gleam|p1a: Basculegion
|-damage|p1a: Basculegion|42/100
|
|-weather|RainDance|[upkeep]
|upkeep
|turn|6
|
|t:|1756491934
|move|p1a: Basculegion|Last Respects|p2b: Weezing
|-damage|p2b: Weezing|0 fnt
|faint|p2b: Weezing
|-end|p2b: Weezing|ability: Neutralizing Gas
|
|win|maish
