|j|☆Reckzz
|j|☆platanoso
|html|Reckzzplatanoso    
|uhtml|bestof|Game 2 of a best-of-3
|t:|1785898195
|gametype|doubles
|player|p1|Reckzz|265|1238
|player|p2|platanoso|madame-gen4|1250
|gen|9
|tier|[Gen 9 Champions] VGC 2026 Reg M-B (Bo3)
|rated|
|rule|Species Clause: Limit one of each Pokémon
|rule|Item Clause: Limit 1 of each item
|clearpoke
|poke|p1|Tyranitar, L50, F|
|poke|p1|Excadrill, L50, F|
|poke|p1|Milotic, L50, M|
|poke|p1|Sinistcha, L50|
|poke|p1|Staraptor, L50, F|
|poke|p1|Gholdengo, L50|
|poke|p2|Floette-Eternal, L50, F|
|poke|p2|Sneasler, L50, M|
|poke|p2|Incineroar, L50, F|
|poke|p2|Sinistcha, L50|
|poke|p2|Delphox, L50, F|
|poke|p2|Garchomp, L50, F|
|teampreview|4
|showteam|p1|Tyranitar||Tyranitarite|SandStream|KnockOff,RockSlide,LowKick,Protect|Jolly||F|||50|]Excadrill||FocusSash|SandRush|HighHorsepower,IronHead,RockSlide,Protect|Adamant||F|||50|]Milotic||SitrusBerry|Competitive|Scald,IcyWind,IceBeam,Protect|Calm||M|||50|]Sinistcha||ColburBerry|Hospitality|MatchaGotcha,ShadowBall,Protect,RagePowder|Bold|||||50|]Staraptor||Staraptite|Intimidate|CloseCombat,BraveBird,Tailwind,Protect|Jolly||F|||50|]Gholdengo||LifeOrb|GoodasGold|MakeItRain,ShadowBall,NastyPlot,Protect|Modest|||||50|
|showteam|p2|Floette-Eternal||Floettite|FlowerVeil|DazzlingGleam,DrainingKiss,CalmMind,Protect|Modest||F|||50|]Sneasler||FocusSash|PoisonTouch|CloseCombat,PoisonJab,FakeOut,Protect|Jolly||M|||50|]Incineroar||SitrusBerry|Intimidate|FlareBlitz,DarkestLariat,PartingShot,FakeOut|Impish||F|||50|]Sinistcha||OccaBerry|Hospitality|MatchaGotcha,RagePowder,TrickRoom,Protect|Bold|||||50|]Delphox||Delphoxite|Blaze|Psychic,HeatWave,NastyPlot,Protect|Timid||F|||50|]Garchomp||ChoiceScarf|RoughSkin|DragonClaw,StompingTantrum,Earthquake,RockSlide|Adamant||F|||50|
|inactive|Battle timer is ON: inactive players will automatically lose when time's up. (requested by Reckzz)
|
|t:|1785898232
|teamsize|p1|4
|teamsize|p2|4
|start
|switch|p1a: Tyranitar|Tyranitar, L50, F|100/100
|switch|p1b: Excadrill|Excadrill, L50, F|100/100
|switch|p2a: Floette|Floette-Eternal, L50, F|100/100
|switch|p2b: Sinistcha|Sinistcha, L50|100/100
|-weather|Sandstorm|[from] ability: Sand Stream|[of] p1a: Tyranitar
|turn|1
|inactive|Reckzz has 30 seconds left.
|inactive|platanoso has 30 seconds left.
|inactive|platanoso has 20 seconds left.
|inactive|platanoso has 15 seconds left.
|
|t:|1785898272
|detailschange|p2a: Floette|Floette-Mega, L50, F
|-mega|p2a: Floette|Floette|Floettite
|-ability|p2a: Floette|Fairy Aura
|move|p2b: Sinistcha|Rage Powder|p2b: Sinistcha
|-singleturn|p2b: Sinistcha|move: Rage Powder
|move|p1b: Excadrill|Rock Slide|p2b: Sinistcha|[spread] p2a
|-miss|p1b: Excadrill|p2b: Sinistcha
|-damage|p2a: Floette|76/100
|move|p2a: Floette|Dazzling Gleam|p1a: Tyranitar|[spread] p1a,p1b
|-supereffective|p1a: Tyranitar|1
|-resisted|p1b: Excadrill|1
|-crit|p1b: Excadrill
|-damage|p1a: Tyranitar|43/100
|-damage|p1b: Excadrill|58/100
|move|p1a: Tyranitar|Knock Off|p2b: Sinistcha
|-supereffective|p2b: Sinistcha|1
|-damage|p2b: Sinistcha|29/100
|-enditem|p2b: Sinistcha|Occa Berry|[from] move: Knock Off|[of] p1a: Tyranitar
|
|-weather|Sandstorm|[upkeep]
|-damage|p2a: Floette|70/100|[from] Sandstorm
|-damage|p2b: Sinistcha|23/100|[from] Sandstorm
|upkeep
|turn|2
|inactive|Reckzz has 30 seconds left.
|inactive|platanoso has 30 seconds left.
|
|t:|1785898300
|switch|p2a: Garchomp|Garchomp, L50, F|100/100
|move|p1b: Excadrill|Protect|p1b: Excadrill
|-singleturn|p1b: Excadrill|Protect
|move|p1a: Tyranitar|Knock Off|p2b: Sinistcha
|-supereffective|p2b: Sinistcha|1
|-damage|p2b: Sinistcha|0 fnt
|faint|p2b: Sinistcha
|
|-weather|Sandstorm|[upkeep]
|upkeep
|
|t:|1785898311
|switch|p2b: Sneasler|Sneasler, L50, M|100/100
|turn|3
|inactive|platanoso has 30 seconds left.
|
|t:|1785898337
|switch|p1b: Gholdengo|Gholdengo, L50|100/100
|switch|p1a: Staraptor|Staraptor, L50, F|100/100
|-ability|p1a: Staraptor|Intimidate|boost
|-unboost|p2a: Garchomp|atk|1
|-unboost|p2b: Sneasler|atk|1
|move|p2a: Garchomp|Stomping Tantrum|p1b: Gholdengo
|-supereffective|p1b: Gholdengo|1
|-damage|p1b: Gholdengo|48/100
|move|p2b: Sneasler|Close Combat|p1a: Staraptor
|-damage|p1a: Staraptor|42/100
|-unboost|p2b: Sneasler|def|1
|-unboost|p2b: Sneasler|spd|1
|
|-weather|Sandstorm|[upkeep]
|-damage|p2b: Sneasler|94/100|[from] Sandstorm
|-damage|p1a: Staraptor|37/100|[from] Sandstorm
|upkeep
|turn|4
|inactive|Reckzz has 30 seconds left.
|inactive|platanoso has 30 seconds left.
|inactive|Reckzz has 20 seconds left.
|inactive|Reckzz has 15 seconds left.
|inactive|Reckzz has 10 seconds left.
|inactive|Reckzz has 5 seconds left.
|
|t:|1785898388
|switch|p2a: Floette|Floette-Mega, L50, F|70/100
|-ability|p2a: Floette|Fairy Aura
|switch|p1b: Tyranitar|Tyranitar, L50, F|43/100
|move|p2b: Sneasler|Poison Jab|p1a: Staraptor
|-damage|p1a: Staraptor|2/100
|move|p1a: Staraptor|Tailwind|p1a: Staraptor
|-sidestart|p1: Reckzz|move: Tailwind
|
|-weather|Sandstorm|[upkeep]
|-damage|p1a: Staraptor|0 fnt|[from] Sandstorm
|-damage|p2b: Sneasler|88/100|[from] Sandstorm
|-damage|p2a: Floette|64/100|[from] Sandstorm
|faint|p1a: Staraptor
|upkeep
|
|t:|1785898406
|switch|p1a: Gholdengo|Gholdengo, L50|48/100
|turn|5
|
|t:|1785898427
|switch|p2a: Garchomp|Garchomp, L50, F|100/100
|detailschange|p1b: Tyranitar|Tyranitar-Mega, L50, F
|-mega|p1b: Tyranitar|Tyranitar|Tyranitarite
|move|p2b: Sneasler|Protect|p2b: Sneasler
|-singleturn|p2b: Sneasler|Protect
|move|p1b: Tyranitar|Knock Off|p2b: Sneasler
|-activate|p2b: Sneasler|move: Protect
|move|p1a: Gholdengo|Make It Rain|p2a: Garchomp|[spread] p2a
|-activate|p2b: Sneasler|move: Protect
|-damage|p2a: Garchomp|42/100
|-unboost|p1a: Gholdengo|spa|2
|-damage|p1a: Gholdengo|38/100|[from] item: Life Orb
|
|-weather|none
|upkeep
|turn|6
|inactive|platanoso has 30 seconds left.
|
|t:|1785898455
|switch|p2a: Floette|Floette-Mega, L50, F|64/100
|-ability|p2a: Floette|Fairy Aura
|move|p1b: Tyranitar|Knock Off|p2a: Floette
|-resisted|p2a: Floette|1
|-damage|p2a: Floette|45/100
|move|p1a: Gholdengo|Make It Rain|p2b: Sneasler|[spread] p2a,p2b
|-supereffective|p2a: Floette|1
|-damage|p2a: Floette|0 fnt
|-damage|p2b: Sneasler|28/100
|-unboost|p1a: Gholdengo|spa|2
|faint|p2a: Floette
|-damage|p1a: Gholdengo|29/100|[from] item: Life Orb
|move|p2b: Sneasler|Close Combat|p1a: Gholdengo
|-immune|p1a: Gholdengo
|
|upkeep
|
|t:|1785898470
|switch|p2a: Garchomp|Garchomp, L50, F|42/100
|turn|7
|inactive|Reckzz has 30 seconds left.
|inactive|Reckzz has 20 seconds left.
|inactive|Reckzz has 15 seconds left.
|
|t:|1785898512
|move|p1b: Tyranitar|Knock Off|p2a: Garchomp
|-crit|p2a: Garchomp
|-damage|p2a: Garchomp|0 fnt
|-damage|p1b: Tyranitar|31/100|[from] ability: Rough Skin|[of] p2a: Garchomp
|-enditem|p2a: Garchomp|Choice Scarf|[from] move: Knock Off|[of] p1b: Tyranitar
|faint|p2a: Garchomp
|move|p1a: Gholdengo|Shadow Ball|p2b: Sneasler
|-damage|p2b: Sneasler|0 fnt
|faint|p2b: Sneasler
|-damage|p1a: Gholdengo|19/100|[from] item: Life Orb
|
|win|Reckzz
