|j|☆natsukivgc
|j|☆Milikito05
|html|natsukivgcMilikito05    
|uhtml|bestof|Game 1 of a best-of-3
|t:|1785411285
|gametype|doubles
|player|p1|natsukivgc|1|1173
|player|p2|Milikito05|cheren|1142
|gen|9
|tier|[Gen 9 Champions] VGC 2026 Reg M-B (Bo3)
|rated|
|rule|Species Clause: Limit one of each Pokémon
|rule|Item Clause: Limit 1 of each item
|clearpoke
|poke|p1|Garchomp, L50, M|
|poke|p1|Venusaur, L50, F|
|poke|p1|Incineroar, L50, F|
|poke|p1|Charizard, L50, M|
|poke|p1|Toxapex, L50, F|
|poke|p1|Annihilape, L50, M|
|poke|p2|Metagross, L50, shiny|
|poke|p2|Charizard, L50, F|
|poke|p2|Aerodactyl, L50, M|
|poke|p2|Milotic, L50, F|
|poke|p2|Sneasler, L50, M|
|poke|p2|Sinistcha, L50|
|teampreview|4
|showteam|p1|Garchomp||ChoiceScarf|RoughSkin|Earthquake,DragonClaw,StompingTantrum,RockSlide|Adamant||M|||50|]Venusaur||LifeOrb|Chlorophyll|SolarBeam,SludgeBomb,EarthPower,Protect|Modest||F|||50|]Incineroar||SitrusBerry|Intimidate|FlareBlitz,ThroatChop,FakeOut,PartingShot|Impish||F|||50|]Charizard||CharizarditeY|Blaze|HeatWave,WeatherBall,HelpingHand,Protect|Modest||M|||50|]Toxapex||Leftovers|Regenerator|Infestation,Toxic,WideGuard,BanefulBunker|Bold||F|||50|]Annihilape||FocusSash|Defiant|CloseCombat,PhantomForce,StealthRock,Protect|Jolly||M|||50|
|showteam|p2|Metagross||Metagrossite|ClearBody|IronHead,PsychicFangs,ThunderPunch,Protect|Jolly|||||50|]Charizard||CharizarditeX|Blaze|FlareBlitz,DragonClaw,DragonDance,Protect|Adamant||F|||50|]Aerodactyl||FocusSash|Unnerve|RockSlide,DualWingbeat,Tailwind,Protect|Jolly||M|||50|]Milotic||Leftovers|Competitive|Scald,IceBeam,LifeDew,Protect|Bold||F|||50|]Sneasler||WhiteHerb|Unburden|DireClaw,CloseCombat,FakeOut,Coaching|Jolly||M|||50|]Sinistcha||SitrusBerry|Hospitality|MatchaGotcha,RagePowder,Imprison,TrickRoom|Bold|||||50|
|inactive|Battle timer is ON: inactive players will automatically lose when time's up. (requested by Milikito05)
|inactive|natsukivgc has 60 seconds left.
|inactive|Milikito05 has 60 seconds left.
|
|t:|1785411343
|teamsize|p1|4
|teamsize|p2|4
|start
|switch|p1a: Annihilape|Annihilape, L50, M|100/100
|switch|p1b: Charizard|Charizard, L50, M|100/100
|switch|p2a: Aerodactyl|Aerodactyl, L50, M|100/100
|switch|p2b: Sneasler|Sneasler, L50, M|100/100
|-ability|p2a: Aerodactyl|Unnerve
|turn|1
|inactive|natsukivgc has 30 seconds left.
|
|t:|1785411372
|detailschange|p1b: Charizard|Charizard-Mega-Y, L50, M
|-mega|p1b: Charizard|Charizard|Charizardite Y
|-weather|SunnyDay|[from] ability: Drought|[of] p1b: Charizard
|move|p1b: Charizard|Protect|p1b: Charizard
|-singleturn|p1b: Charizard|Protect
|move|p2a: Aerodactyl|Dual Wingbeat|p1a: Annihilape
|-supereffective|p1a: Annihilape|1
|-damage|p1a: Annihilape|54/100
|-supereffective|p1a: Annihilape|1
|-damage|p1a: Annihilape|14/100
|-hitcount|p1a: Annihilape|2
|move|p2b: Sneasler|Coaching|p2a: Aerodactyl
|-boost|p2a: Aerodactyl|atk|1
|-boost|p2a: Aerodactyl|def|1
|move|p1a: Annihilape|Phantom Force||[still]
|-prepare|p1a: Annihilape|Phantom Force
|
|-weather|SunnyDay|[upkeep]
|upkeep
|turn|2
|
|t:|1785411396
|switch|p1b: Venusaur|Venusaur, L50, F|100/100
|move|p2a: Aerodactyl|Rock Slide|p1b: Venusaur|[spread] p1b
|-miss|p2a: Aerodactyl|p1a: Annihilape
|-damage|p1b: Venusaur|55/100
|move|p2b: Sneasler|Coaching|p2a: Aerodactyl
|-boost|p2a: Aerodactyl|atk|1
|-boost|p2a: Aerodactyl|def|1
|move|p1a: Annihilape|Phantom Force|p2b: Sneasler|[from] lockedmove
|-damage|p2b: Sneasler|30/100
|
|-weather|SunnyDay|[upkeep]
|upkeep
|turn|3
|inactive|Milikito05 has 30 seconds left.
|
|t:|1785411427
|move|p1a: Annihilape|Protect|p1a: Annihilape
|-singleturn|p1a: Annihilape|Protect
|move|p1b: Venusaur|Solar Beam||[still]
|-prepare|p1b: Venusaur|Solar Beam
|-anim|p1b: Venusaur|Solar Beam|p2a: Aerodactyl
|-enditem|p2a: Aerodactyl|Focus Sash
|-damage|p2a: Aerodactyl|1/100
|-damage|p1b: Venusaur|46/100|[from] item: Life Orb
|move|p2a: Aerodactyl|Dual Wingbeat|p1b: Venusaur
|-supereffective|p1b: Venusaur|1
|-damage|p1b: Venusaur|0 fnt
|faint|p1b: Venusaur
|-hitcount|p1: Venusaur|1
|move|p2b: Sneasler|Dire Claw|p1a: Annihilape
|-activate|p1a: Annihilape|move: Protect
|
|-weather|SunnyDay|[upkeep]
|upkeep
|
|t:|1785411443
|switch|p1b: Incineroar|Incineroar, L50, F|100/100
|-ability|p1b: Incineroar|Intimidate|boost
|-unboost|p2a: Aerodactyl|atk|1
|-unboost|p2b: Sneasler|atk|1
|-enditem|p2b: Sneasler|White Herb
|-clearnegativeboost|p2b: Sneasler|[silent]
|turn|4
|
|t:|1785411457
|move|p2a: Aerodactyl|Protect|p2a: Aerodactyl
|-singleturn|p2a: Aerodactyl|Protect
|move|p1b: Incineroar|Fake Out|p2a: Aerodactyl
|-activate|p2a: Aerodactyl|move: Protect
|move|p2b: Sneasler|Close Combat|p1b: Incineroar
|-supereffective|p1b: Incineroar|1
|-damage|p1b: Incineroar|7/100
|-unboost|p2b: Sneasler|def|1
|-unboost|p2b: Sneasler|spd|1
|move|p1a: Annihilape|Phantom Force||[still]
|-prepare|p1a: Annihilape|Phantom Force
|
|-weather|SunnyDay|[upkeep]
|upkeep
|turn|5
|inactive|Milikito05 has 30 seconds left.
|inactive|Milikito05 has 20 seconds left.
|
|t:|1785411494
|switch|p2b: Milotic|Milotic, L50, F|100/100
|move|p2a: Aerodactyl|Rock Slide|p1b: Incineroar|[spread] 
|-miss|p2a: Aerodactyl|p1a: Annihilape
|-miss|p2a: Aerodactyl|p1b: Incineroar
|move|p1a: Annihilape|Phantom Force|p2a: Aerodactyl|[from] lockedmove
|-damage|p2a: Aerodactyl|0 fnt
|-enditem|p1b: Incineroar|Sitrus Berry|[eat]
|-heal|p1b: Incineroar|32/100|[from] item: Sitrus Berry
|faint|p2a: Aerodactyl
|move|p1b: Incineroar|Flare Blitz|p2b: Milotic
|-resisted|p2b: Milotic|1
|-damage|p2b: Milotic|71/100
|-status|p2b: Milotic|brn
|-damage|p1b: Incineroar|23/100|[from] Recoil
|
|-weather|none
|-heal|p2b: Milotic|77/100 brn|[from] item: Leftovers
|-damage|p2b: Milotic|71/100 brn|[from] brn
|upkeep
|
|t:|1785411513
|switch|p2a: Sneasler|Sneasler, L50, M|30/100
|turn|6
|
|t:|1785411534
|move|p2a: Sneasler|Dire Claw|p1a: Annihilape
|-resisted|p1a: Annihilape|1
|-crit|p1a: Annihilape
|-damage|p1a: Annihilape|0 fnt
|faint|p1a: Annihilape
|move|p2b: Milotic|Scald|p1b: Incineroar
|-supereffective|p1b: Incineroar|1
|-damage|p1b: Incineroar|0 fnt
|faint|p1b: Incineroar
|
|-heal|p2b: Milotic|77/100 brn|[from] item: Leftovers
|-damage|p2b: Milotic|71/100 brn|[from] brn
|upkeep
|
|t:|1785411548
|switch|p1a: Charizard|Charizard-Mega-Y, L50, M|100/100
|-weather|SunnyDay|[from] ability: Drought|[of] p1a: Charizard
|turn|7
|
|t:|1785411559
|move|p2a: Sneasler|Dire Claw|p1a: Charizard
|-damage|p1a: Charizard|59/100
|-status|p1a: Charizard|psn
|move|p1a: Charizard|Heat Wave|p2b: Milotic|[spread] p2a,p2b
|-resisted|p2b: Milotic|1
|-damage|p2a: Sneasler|0 fnt
|-damage|p2b: Milotic|50/100y brn
|faint|p2a: Sneasler
|move|p2b: Milotic|Scald|p1a: Charizard
|-supereffective|p1a: Charizard|1
|-damage|p1a: Charizard|32/100 psn
|
|-weather|SunnyDay|[upkeep]
|-heal|p2b: Milotic|55/100 brn|[from] item: Leftovers
|-damage|p1a: Charizard|19/100 psn|[from] psn
|-damage|p2b: Milotic|50/100y brn|[from] brn
|upkeep
|
|t:|1785411573
|switch|p2a: Charizard|Charizard, L50, F|100/100
|turn|8
|-message|natsukivgc forfeited.
|
|win|Milikito05
