|j|☆1OO% Jesus
|j|☆CTM_Charion
|html|1OO% JesusCTM_Charion    
|uhtml|bestof|Game 3 of a best-of-3
|t:|1782489457
|gametype|doubles
|player|p1|1OO% Jesus|lillie-z|
|player|p2|CTM_Charion|chase|
|gen|9
|tier|[Gen 9 Champions] VGC 2026 Reg M-B (Bo3)
|rule|Species Clause: Limit one of each Pokémon
|rule|Item Clause: Limit 1 of each item
|clearpoke
|poke|p1|Charizard, L50, F|
|poke|p1|Whimsicott, L50, M|
|poke|p1|Garchomp, L50, M|
|poke|p1|Basculegion, L50, M|
|poke|p1|Gholdengo, L50|
|poke|p1|Floette-Eternal, L50, F|
|poke|p2|Metagross, L50|
|poke|p2|Talonflame, L50, M|
|poke|p2|Garchomp, L50, M|
|poke|p2|Floette-Eternal, L50, F|
|poke|p2|Ceruledge, L50, F|
|poke|p2|Ninetales-Alola, L50, M|
|teampreview|4
|showteam|p1|Charizard||CharizarditeY|Blaze|HeatWave,WeatherBall,SolarBeam,Protect|Modest||F|||50|]Whimsicott||FocusSash|Prankster|Moonblast,Tailwind,Encore,Protect|Timid||M|||50|]Garchomp||LifeOrb|RoughSkin|Earthquake,DragonClaw,RockSlide,Protect|Jolly||M|||50|]Basculegion||MysticWater|Adaptability|WaveCrash,LastRespects,AquaJet,Protect|Adamant||M|||50|]Gholdengo||ChoiceScarf|GoodasGold|MakeItRain,ShadowBall,PowerGem,Trick|Timid|||||50|]Floette-Eternal||Floettite|FlowerVeil|DazzlingGleam,Moonblast,LightofRuin,Protect|Timid||F|||50|
|showteam|p2|Metagross||Metagrossite|ClearBody|IronHead,ThunderPunch,PsychicFangs,Protect|Adamant|||||50|]Talonflame||SharpBeak|GaleWings|Tailwind,FlareBlitz,DualWingbeat,Protect|Adamant||M|||50|]Garchomp||LifeOrb|RoughSkin|RockSlide,Earthquake,DragonClaw,Protect|Jolly||M|||50|]Floette-Eternal||Floettite|FlowerVeil|DazzlingGleam,Moonblast,LightofRuin,Protect|Modest||F|||50|]Ceruledge||SitrusBerry|FlashFire|BitterBlade,ShadowSneak,BulkUp,Protect|Adamant||F|||50|]Ninetales-Alola||NeverMeltIce|SnowWarning|Blizzard,FreezeDry,Encore,Protect|Timid||M|||50|
|
|t:|1782489541
|teamsize|p1|4
|teamsize|p2|4
|start
|switch|p1a: Basculegion|Basculegion, L50, M|100/100
|switch|p1b: Gholdengo|Gholdengo, L50|100/100
|switch|p2a: Talonflame|Talonflame, L50, M|100/100
|switch|p2b: Metagross|Metagross, L50|100/100
|turn|1
|
|t:|1782489618
|detailschange|p2b: Metagross|Metagross-Mega, L50
|-mega|p2b: Metagross|Metagross|Metagrossite
|move|p2a: Talonflame|Tailwind|p2a: Talonflame
|-sidestart|p2: CTM_Charion|move: Tailwind
|move|p1a: Basculegion|Aqua Jet|p2a: Talonflame
|-supereffective|p2a: Talonflame|1
|-damage|p2a: Talonflame|0 fnt
|faint|p2a: Talonflame
|move|p2b: Metagross|Thunder Punch|p1a: Basculegion
|-supereffective|p1a: Basculegion|1
|-damage|p1a: Basculegion|14/100
|move|p1b: Gholdengo|Shadow Ball|p2b: Metagross
|-supereffective|p2b: Metagross|1
|-damage|p2b: Metagross|20/100y
|
|upkeep
|
|t:|1782489653
|switch|p2a: Garchomp|Garchomp, L50, M|100/100
|turn|2
|
|t:|1782489683
|switch|p1a: Whimsicott|Whimsicott, L50, M|100/100
|move|p2b: Metagross|Protect|p2b: Metagross
|-singleturn|p2b: Metagross|Protect
|move|p2a: Garchomp|Earthquake|p1b: Gholdengo|[spread] p1a,p1b
|-activate|p2b: Metagross|move: Protect
|-resisted|p1a: Whimsicott|1
|-supereffective|p1b: Gholdengo|1
|-damage|p1a: Whimsicott|58/100
|-damage|p1b: Gholdengo|0 fnt
|faint|p1b: Gholdengo
|-damage|p2a: Garchomp|90/100|[from] item: Life Orb
|
|upkeep
|
|t:|1782489707
|switch|p1b: Basculegion|Basculegion, L50, M|14/100
|turn|3
|
|t:|1782489748
|switch|p2b: Ninetales|Ninetales-Alola, L50, M|100/100
|-weather|Snowscape|[from] ability: Snow Warning|[of] p2b: Ninetales
|move|p1a: Whimsicott|Tailwind|p1a: Whimsicott
|-sidestart|p1: 1OO% Jesus|move: Tailwind
|move|p1b: Basculegion|Aqua Jet|p2b: Ninetales
|-damage|p2b: Ninetales|70/100
|move|p2a: Garchomp|Earthquake|p1a: Whimsicott|[spread] p2b,p1a,p1b
|-resisted|p1a: Whimsicott|1
|-damage|p2b: Ninetales|19/100
|-damage|p1a: Whimsicott|21/100
|-damage|p1b: Basculegion|0 fnt
|faint|p1b: Basculegion
|-damage|p2a: Garchomp|80/100|[from] item: Life Orb
|
|-weather|Snowscape|[upkeep]
|upkeep
|
|t:|1782489750
|switch|p1b: Charizard|Charizard, L50, F|100/100
|turn|4
|
|t:|1782489785
|move|p1a: Whimsicott|Protect|p1a: Whimsicott
|-singleturn|p1a: Whimsicott|Protect
|move|p1b: Charizard|Protect|p1b: Charizard
|-singleturn|p1b: Charizard|Protect
|move|p2b: Ninetales|Blizzard|p1b: Charizard|[spread] 
|-activate|p1a: Whimsicott|move: Protect
|-activate|p1b: Charizard|move: Protect
|move|p2a: Garchomp|Rock Slide|p1b: Charizard|[spread] 
|-activate|p1a: Whimsicott|move: Protect
|-activate|p1b: Charizard|move: Protect
|
|-weather|Snowscape|[upkeep]
|-sideend|p2: CTM_Charion|move: Tailwind
|upkeep
|turn|5
|
|t:|1782489801
|detailschange|p1b: Charizard|Charizard-Mega-Y, L50, F
|-mega|p1b: Charizard|Charizard|Charizardite Y
|-weather|SunnyDay|[from] ability: Drought|[of] p1b: Charizard
|move|p2a: Garchomp|Protect|p2a: Garchomp
|-singleturn|p2a: Garchomp|Protect
|move|p1a: Whimsicott|Moonblast|p2a: Garchomp
|-activate|p2a: Garchomp|move: Protect
|move|p1b: Charizard|Heat Wave|p2b: Ninetales|[spread] p2b
|-activate|p2a: Garchomp|move: Protect
|-supereffective|p2b: Ninetales|1
|-damage|p2b: Ninetales|0 fnt
|faint|p2b: Ninetales
|
|-weather|SunnyDay|[upkeep]
|upkeep
|
|t:|1782489815
|switch|p2b: Metagross|Metagross-Mega, L50|20/100y
|turn|6
|
|t:|1782489850
|move|p2a: Garchomp|Protect|p2a: Garchomp
|-singleturn|p2a: Garchomp|Protect
|move|p2b: Metagross|Protect|p2b: Metagross
|-singleturn|p2b: Metagross|Protect
|move|p1a: Whimsicott|Moonblast|p2a: Garchomp
|-activate|p2a: Garchomp|move: Protect
|move|p1b: Charizard|Heat Wave|p2b: Metagross|[spread] 
|-activate|p2a: Garchomp|move: Protect
|-activate|p2b: Metagross|move: Protect
|
|-weather|SunnyDay|[upkeep]
|-sideend|p1: 1OO% Jesus|move: Tailwind
|upkeep
|turn|7
|
|t:|1782489867
|move|p1a: Whimsicott|Encore|p2a: Garchomp
|-start|p2a: Garchomp|Encore
|move|p2a: Garchomp|Protect||[still]
|-fail|p2a: Garchomp
|move|p1b: Charizard|Weather Ball|p2b: Metagross
|-supereffective|p2b: Metagross|1
|-damage|p2b: Metagross|0 fnt
|faint|p2b: Metagross
|
|-weather|SunnyDay|[upkeep]
|upkeep
|turn|8
|
|t:|1782489882
|move|p2a: Garchomp|Protect|p2a: Garchomp
|-singleturn|p2a: Garchomp|Protect
|move|p1a: Whimsicott|Moonblast|p2a: Garchomp
|-activate|p2a: Garchomp|move: Protect
|move|p1b: Charizard|Weather Ball|p2a: Garchomp
|-activate|p2a: Garchomp|move: Protect
|
|-weather|SunnyDay|[upkeep]
|upkeep
|turn|9
|
|t:|1782489888
|move|p2a: Garchomp|Protect|p2a: Garchomp
|-singleturn|p2a: Garchomp|Protect
|move|p1a: Whimsicott|Moonblast|p2a: Garchomp
|-activate|p2a: Garchomp|move: Protect
|move|p1b: Charizard|Solar Beam||[still]
|-prepare|p1b: Charizard|Solar Beam
|-anim|p1b: Charizard|Solar Beam|p2a: Garchomp
|-activate|p2a: Garchomp|move: Protect
|
|-weather|none
|-end|p2a: Garchomp|Encore
|upkeep
|turn|10
|
|t:|1782489893
|move|p1a: Whimsicott|Encore|p2a: Garchomp
|-start|p2a: Garchomp|Encore
|move|p2a: Garchomp|Protect||[still]
|-fail|p2a: Garchomp
|move|p1b: Charizard|Heat Wave|p2a: Garchomp
|-resisted|p2a: Garchomp|1
|-damage|p2a: Garchomp|52/100
|-status|p2a: Garchomp|brn
|
|-damage|p2a: Garchomp|47/100 brn|[from] brn
|upkeep
|turn|11
|
|t:|1782489898
|move|p2a: Garchomp|Protect|p2a: Garchomp
|-singleturn|p2a: Garchomp|Protect
|move|p1a: Whimsicott|Moonblast|p2a: Garchomp
|-activate|p2a: Garchomp|move: Protect
|move|p1b: Charizard|Heat Wave|p2a: Garchomp
|-activate|p2a: Garchomp|move: Protect
|
|-damage|p2a: Garchomp|41/100 brn|[from] brn
|upkeep
|turn|12
|
|t:|1782489902
|move|p2a: Garchomp|Protect||[still]
|-fail|p2a: Garchomp
|move|p1a: Whimsicott|Moonblast|p2a: Garchomp
|-supereffective|p2a: Garchomp|1
|-damage|p2a: Garchomp|0 fnt
|faint|p2a: Garchomp
|
|win|1OO% Jesus
