|j|☆FunkleVGC
|j|☆DttDMarce
|html|FunkleVGCDttDMarce    
|uhtml|bestof|Game 1 of a best-of-3
|t:|1784813067
|gametype|doubles
|player|p1|FunkleVGC|fisherman-gen4|1221
|player|p2|DttDMarce|265|1128
|gen|9
|tier|[Gen 9 Champions] VGC 2026 Reg M-B (Bo3)
|rated|
|rule|Species Clause: Limit one of each Pokémon
|rule|Item Clause: Limit 1 of each item
|clearpoke
|poke|p1|Gyarados, L50, F|
|poke|p1|Talonflame, L50, F|
|poke|p1|Sneasler, L50, F|
|poke|p1|Rotom-Mow, L50|
|poke|p1|Gholdengo, L50|
|poke|p1|Garchomp, L50, F|
|poke|p2|Charizard, L50, F|
|poke|p2|Kingambit, L50, F|
|poke|p2|Sylveon, L50, F|
|poke|p2|Garchomp, L50, M|
|poke|p2|Aerodactyl, L50, F|
|poke|p2|Farigiraf, L50, F|
|teampreview|4
|showteam|p1|Gyarados||Gyaradosite|Intimidate|Waterfall,Crunch,DragonDance,Protect|Adamant||F|||50|]Talonflame||SharpBeak|GaleWings|DualWingbeat,FlareBlitz,Tailwind,Protect|Jolly||F|||50|]Sneasler||FocusSash|PoisonTouch|PoisonJab,CloseCombat,FakeOut,Coaching|Jolly||F|||50|]Rotom-Mow||ChoiceScarf|Levitate|LeafStorm,Thunderbolt,Electroweb,VoltSwitch|Timid|||||50|]Gholdengo||Leftovers|GoodasGold|MakeItRain,ShadowBall,NastyPlot,Protect|Modest|||||50|]Garchomp||LifeOrb|RoughSkin|Earthquake,DragonClaw,RockSlide,Protect|Jolly||F|||50|
|showteam|p2|Charizard||CharizarditeY|SolarPower|Protect,HeatWave,SolarBeam,WeatherBall|Modest||F|||50|]Kingambit||FocusSash|Defiant|IronHead,SuckerPunch,KowtowCleave,LowKick|Adamant||F|||50|]Sylveon||FairyFeather|Pixilate|Detect,HyperVoice,HyperBeam,QuickAttack|Modest||F|||50|]Garchomp||LifeOrb|RoughSkin|Protect,DragonClaw,Earthquake,RockSlide|Jolly||M|||50|]Aerodactyl||Aerodactylite|Unnerve|IceFang,RockSlide,Tailwind,DualWingbeat|Jolly||F|||50|]Farigiraf||SitrusBerry|ArmorTail|TrickRoom,Psychic,Thunderbolt,Roar|Bold||F|||50|
|inactive|Battle timer is ON: inactive players will automatically lose when time's up. (requested by FunkleVGC)
|inactive|DttDMarce has 60 seconds left.
|
|t:|1784813148
|teamsize|p1|4
|teamsize|p2|4
|start
|switch|p1a: Garchomp|Garchomp, L50, F|100/100
|switch|p1b: Talonflame|Talonflame, L50, F|100/100
|switch|p2a: Garchomp|Garchomp, L50, M|100/100
|switch|p2b: Aerodactyl|Aerodactyl, L50, F|100/100
|-ability|p2b: Aerodactyl|Unnerve
|turn|1
|inactive|FunkleVGC has 30 seconds left.
|inactive|FunkleVGC has 20 seconds left.
|inactive|DttDMarce has 30 seconds left.
|
|t:|1784813186
|detailschange|p2b: Aerodactyl|Aerodactyl-Mega, L50, F
|-mega|p2b: Aerodactyl|Aerodactyl|Aerodactylite
|move|p2a: Garchomp|Protect|p2a: Garchomp
|-singleturn|p2a: Garchomp|Protect
|move|p1b: Talonflame|Tailwind|p1b: Talonflame
|-sidestart|p1: FunkleVGC|move: Tailwind
|move|p1a: Garchomp|Dragon Claw|p2a: Garchomp
|-activate|p2a: Garchomp|move: Protect
|move|p2b: Aerodactyl|Ice Fang|p1a: Garchomp
|-supereffective|p1a: Garchomp|2
|-damage|p1a: Garchomp|0 fnt
|-damage|p2b: Aerodactyl|87/100|[from] ability: Rough Skin|[of] p1a: Garchomp
|faint|p1a: Garchomp
|
|upkeep
|
|t:|1784813202
|switch|p1a: Gyarados|Gyarados, L50, F|100/100
|-ability|p1a: Gyarados|Intimidate|boost
|-unboost|p2a: Garchomp|atk|1
|-unboost|p2b: Aerodactyl|atk|1
|turn|2
|
|t:|1784813220
|switch|p1b: Sneasler|Sneasler, L50, F|100/100
|switch|p2b: Farigiraf|Farigiraf, L50, F|100/100
|detailschange|p1a: Gyarados|Gyarados-Mega, L50, F
|-mega|p1a: Gyarados|Gyarados|Gyaradosite
|-ability|p1a: Gyarados|Mold Breaker
|move|p1a: Gyarados|Dragon Dance|p1a: Gyarados
|-boost|p1a: Gyarados|atk|1
|-boost|p1a: Gyarados|spe|1
|move|p2a: Garchomp|Rock Slide|p1a: Gyarados|[spread] p1a,p1b
|-resisted|p1b: Sneasler|1
|-damage|p1a: Gyarados|87/100
|-damage|p1b: Sneasler|84/100
|-damage|p2a: Garchomp|90/100|[from] item: Life Orb
|
|upkeep
|turn|3
|inactive|DttDMarce has 30 seconds left.
|inactive|DttDMarce has 20 seconds left.
|inactive|DttDMarce has 15 seconds left.
|inactive|DttDMarce has 10 seconds left.
|inactive|DttDMarce has 5 seconds left.
|
|t:|1784813275
|move|p2a: Garchomp|Protect|p2a: Garchomp
|-singleturn|p2a: Garchomp|Protect
|move|p1b: Sneasler|Coaching|p1a: Gyarados
|-boost|p1a: Gyarados|atk|1
|-boost|p1a: Gyarados|def|1
|move|p1a: Gyarados|Dragon Dance|p1a: Gyarados
|-boost|p1a: Gyarados|atk|1
|-boost|p1a: Gyarados|spe|1
|move|p2b: Farigiraf|Trick Room|p2b: Farigiraf
|-fieldstart|move: Trick Room|[of] p2b: Farigiraf
|
|upkeep
|turn|4
|
|t:|1784813295
|switch|p1b: Talonflame|Talonflame, L50, F|100/100
|move|p2b: Farigiraf|Thunderbolt|p1a: Gyarados
|-supereffective|p1a: Gyarados|1
|-damage|p1a: Gyarados|55/100
|move|p2a: Garchomp|Earthquake|p1b: Talonflame|[spread] p2b,p1a
|-immune|p1b: Talonflame
|-damage|p2b: Farigiraf|73/100
|-damage|p1a: Gyarados|39/100
|-damage|p2a: Garchomp|80/100|[from] item: Life Orb
|move|p1a: Gyarados|Crunch|p2b: Farigiraf
|-supereffective|p2b: Farigiraf|1
|-damage|p2b: Farigiraf|0 fnt
|faint|p2b: Farigiraf
|
|-sideend|p1: FunkleVGC|move: Tailwind
|upkeep
|
|t:|1784813309
|switch|p2b: Charizard|Charizard, L50, F|100/100
|turn|5
|inactive|DttDMarce has 30 seconds left.
|
|t:|1784813336
|move|p1a: Gyarados|Protect|p1a: Gyarados
|-singleturn|p1a: Gyarados|Protect
|move|p1b: Talonflame|Dual Wingbeat|p2a: Garchomp
|-damage|p2a: Garchomp|61/100
|-damage|p1b: Talonflame|87/100|[from] ability: Rough Skin|[of] p2a: Garchomp
|-damage|p2a: Garchomp|42/100
|-damage|p1b: Talonflame|75/100|[from] ability: Rough Skin|[of] p2a: Garchomp
|-hitcount|p2a: Garchomp|2
|move|p2b: Charizard|Heat Wave|p1a: Gyarados|[spread] p1b
|-activate|p1a: Gyarados|move: Protect
|-resisted|p1b: Talonflame|1
|-damage|p1b: Talonflame|54/100
|move|p2a: Garchomp|Dragon Claw|p1a: Gyarados
|-activate|p1a: Gyarados|move: Protect
|
|upkeep
|turn|6
|inactive|DttDMarce has 30 seconds left.
|inactive|DttDMarce has 20 seconds left.
|inactive|DttDMarce has 15 seconds left.
|inactive|DttDMarce has 10 seconds left.
|
|t:|1784813383
|move|p2b: Charizard|Heat Wave|p1a: Gyarados|[spread] p1b
|-miss|p2b: Charizard|p1a: Gyarados
|-resisted|p1b: Talonflame|1
|-damage|p1b: Talonflame|31/100
|move|p2a: Garchomp|Dragon Claw|p1a: Gyarados
|-damage|p1a: Gyarados|23/100
|-damage|p2a: Garchomp|32/100|[from] item: Life Orb
|move|p1b: Talonflame|Dual Wingbeat|p2a: Garchomp
|-damage|p2a: Garchomp|14/100
|-damage|p1b: Talonflame|19/100|[from] ability: Rough Skin|[of] p2a: Garchomp
|-damage|p2a: Garchomp|0 fnt
|-damage|p1b: Talonflame|7/100|[from] ability: Rough Skin|[of] p2a: Garchomp
|faint|p2a: Garchomp
|-hitcount|p2: Garchomp|2
|move|p1a: Gyarados|Waterfall|p2b: Charizard
|-supereffective|p2b: Charizard|1
|-damage|p2b: Charizard|0 fnt
|faint|p2b: Charizard
|
|upkeep
|
|t:|1784813394
|switch|p2b: Aerodactyl|Aerodactyl-Mega, L50, F|87/100
|turn|7
|
|t:|1784813411
|move|p1a: Gyarados|Protect|p1a: Gyarados
|-singleturn|p1a: Gyarados|Protect
|move|p1b: Talonflame|Dual Wingbeat|p2b: Aerodactyl
|-resisted|p2b: Aerodactyl|1
|-damage|p2b: Aerodactyl|78/100
|-resisted|p2b: Aerodactyl|1
|-damage|p2b: Aerodactyl|69/100
|-hitcount|p2b: Aerodactyl|2
|move|p2b: Aerodactyl|Rock Slide|p1b: Talonflame|[spread] p1b
|-activate|p1a: Gyarados|move: Protect
|-supereffective|p1b: Talonflame|2
|-damage|p1b: Talonflame|0 fnt
|faint|p1b: Talonflame
|
|-fieldend|move: Trick Room
|upkeep
|
|t:|1784813423
|switch|p1b: Sneasler|Sneasler, L50, F|84/100
|turn|8
|
|t:|1784813436
|move|p1b: Sneasler|Fake Out|p2b: Aerodactyl
|-resisted|p2b: Aerodactyl|1
|-damage|p2b: Aerodactyl|61/100
|move|p1a: Gyarados|Waterfall|p2b: Aerodactyl
|-supereffective|p2b: Aerodactyl|1
|-damage|p2b: Aerodactyl|0 fnt
|faint|p2b: Aerodactyl
|
|win|FunkleVGC
||FunkleVGC is ready for game 2.
||DttDMarce is ready for game 2.
|uhtml|next|Next: Game 2 of 3
