|j|☆The_TrueNose
|j|☆snakke001
|html|The_TrueNosesnakke001    
|uhtml|bestof|Game 2 of a best-of-3
|t:|1756379239
|gametype|doubles
|player|p1|The_TrueNose|265|1112
|player|p2|snakke001|1|1093
|gen|9
|tier|[Gen 9] VGC 2025 Reg H (Bo3)
|rated|
|rule|Species Clause: Limit one of each Pokémon
|rule|Item Clause: Limit 1 of each item
|clearpoke
|poke|p1|Garchomp, L50, M|
|poke|p1|Jumpluff, L50, F|
|poke|p1|Torkoal, L50, F|
|poke|p1|Dragonite, L50, F|
|poke|p1|Typhlosion-Hisui, L50, F|
|poke|p1|Kingambit, L50, F|
|poke|p2|Magmar, L50, M|
|poke|p2|Baxcalibur, L50, M|
|poke|p2|Rillaboom, L50, F|
|poke|p2|Sneasler, L50, F|
|poke|p2|Kingambit, L50, M|
|poke|p2|Dondozo, L50, F|
|teampreview|4
|showteam|p1|Garchomp||LifeOrb|RoughSkin|DragonClaw,StompingTantrum,Earthquake,Protect|||M|||50|,,,,,Fire]Jumpluff||CovertCloak|Chlorophyll|LeafStorm,SleepPowder,Encore,Tailwind|||F|||50|,,,,,Water]Torkoal||EjectPack|Drought|Overheat,BurningJealousy,HelpingHand,Protect|||F|||50|,,,,,Flying]Dragonite||LoadedDice|Multiscale|ScaleShot,ExtremeSpeed,IceSpinner,Protect|||F|||50|,,,,,Fairy]Typhlosion-Hisui||ChoiceSpecs|Blaze|Eruption,ShadowBall,HeatWave,Overheat|||F|||50|,,,,,Fire]Kingambit||AssaultVest|Defiant|SuckerPunch,Assurance,IronHead,LowKick|||F|||50|,,,,,Fire
|showteam|p2|Magmar||Eviolite|VitalSpirit|WillOWisp,Overheat,FollowMe,Protect|||M|||50|,,,,,Electric]Baxcalibur||LoadedDice|ThermalExchange|Protect,IceShard,ScaleShot,IcicleSpear|||M|||50|,,,,,Poison]Rillaboom||AssaultVest|GrassySurge|FakeOut,GrassyGlide,WoodHammer,HighHorsepower|||F|||50|,,,,,Fire]Sneasler||FocusSash|Unburden|Protect,Coaching,DireClaw,CloseCombat|||F|||50|,,,,,Stellar]Kingambit||SafetyGoggles|Defiant|Protect,SuckerPunch,KowtowCleave,SwordsDance|||M|||50|,,,,,Dark]Dondozo||Leftovers|Unaware|Protect,WaveCrash,Fissure,Yawn|||F|||50|,,,,,Bug
|inactive|Battle timer is ON: inactive players will automatically lose when time's up. (requested by snakke001)
|inactive|snakke001 has 60 seconds left.
|inactive|snakke001 has 30 seconds left.
|inactive|snakke001 has 20 seconds left.
|
|t:|1756379312
|teamsize|p1|4
|teamsize|p2|4
|start
|switch|p1a: Jumpluff|Jumpluff, L50, F|100/100
|switch|p1b: Torkoal|Torkoal, L50, F|100/100
|switch|p2a: Rillaboom|Rillaboom, L50, F|100/100
|switch|p2b: Magmar|Magmar, L50, M|100/100
|-fieldstart|move: Grassy Terrain|[from] ability: Grassy Surge|[of] p2a: Rillaboom
|-weather|SunnyDay|[from] ability: Drought|[of] p1b: Torkoal
|turn|1
|
|t:|1756379323
|move|p2a: Rillaboom|Fake Out|p1b: Torkoal
|-damage|p1b: Torkoal|90/100
|move|p1a: Jumpluff|Tailwind|p1a: Jumpluff
|-sidestart|p1: The_TrueNose|move: Tailwind
|move|p2b: Magmar|Overheat|p1a: Jumpluff
|-supereffective|p1a: Jumpluff
|-damage|p1a: Jumpluff|0 fnt
|-unboost|p2b: Magmar|spa|2
|faint|p1a: Jumpluff
|cant|p1b: Torkoal|flinch
|
|-weather|SunnyDay|[upkeep]
|-heal|p1b: Torkoal|97/100|[from] Grassy Terrain
|upkeep
|
|t:|1756379327
|switch|p1a: Typhlosion|Typhlosion-Hisui, L50, F|100/100
|turn|2
|inactive|snakke001 has 30 seconds left.
|inactive|snakke001 has 20 seconds left.
|inactive|snakke001 has 15 seconds left.
|inactive|snakke001 has 10 seconds left.
|
|t:|1756379373
|-terastallize|p1a: Typhlosion|Fire
|-terastallize|p2a: Rillaboom|Fire
|move|p1a: Typhlosion|Eruption|p2b: Magmar|[spread] p2a,p2b
|-resisted|p2a: Rillaboom
|-resisted|p2b: Magmar
|-damage|p2a: Rillaboom|47/100
|-damage|p2b: Magmar|38/100
|move|p2b: Magmar|Overheat|p1a: Typhlosion
|-resisted|p1a: Typhlosion
|-damage|p1a: Typhlosion|76/100
|-unboost|p2b: Magmar|spa|2
|move|p2a: Rillaboom|High Horsepower|p1a: Typhlosion
|-supereffective|p1a: Typhlosion
|-damage|p1a: Typhlosion|0 fnt
|faint|p1a: Typhlosion
|move|p1b: Torkoal|Overheat|p2a: Rillaboom|[miss]
|-miss|p1b: Torkoal|p2a: Rillaboom
|
|-weather|SunnyDay|[upkeep]
|-heal|p2b: Magmar|44/100|[from] Grassy Terrain
|-heal|p2a: Rillaboom|53/100|[from] Grassy Terrain
|-heal|p1b: Torkoal|100/100|[from] Grassy Terrain
|upkeep
|
|t:|1756379388
|switch|p1a: Dragonite|Dragonite, L50, F|100/100
|turn|3
|
|t:|1756379409
|move|p2b: Magmar|Follow Me|p2b: Magmar
|-singleturn|p2b: Magmar|move: Follow Me
|move|p2a: Rillaboom|Grassy Glide|p1a: Dragonite
|-resisted|p1a: Dragonite
|-damage|p1a: Dragonite|97/100
|move|p1a: Dragonite|Scale Shot|p2b: Magmar
|-damage|p2b: Magmar|34/100
|-crit|p2b: Magmar
|-damage|p2b: Magmar|18/100
|-damage|p2b: Magmar|7/100
|-damage|p2b: Magmar|0 fnt
|faint|p2b: Magmar
|-hitcount|p2: Magmar|4
|-unboost|p1a: Dragonite|def|1
|-boost|p1a: Dragonite|spe|1
|move|p1b: Torkoal|Burning Jealousy|p2a: Rillaboom
|-resisted|p2a: Rillaboom
|-damage|p2a: Rillaboom|37/100
|
|-weather|SunnyDay|[upkeep]
|-heal|p2a: Rillaboom|43/100|[from] Grassy Terrain
|upkeep
|
|t:|1756379418
|switch|p2b: Baxcalibur|Baxcalibur, L50, M|100/100
|turn|4
|
|t:|1756379438
|move|p1a: Dragonite|Protect|p1a: Dragonite
|-singleturn|p1a: Dragonite|Protect
|move|p2b: Baxcalibur|Icicle Spear|p1a: Dragonite
|-activate|p1a: Dragonite|move: Protect
|move|p2a: Rillaboom|High Horsepower|p1b: Torkoal
|-supereffective|p1b: Torkoal
|-damage|p1b: Torkoal|55/100
|move|p1b: Torkoal|Overheat|p2b: Baxcalibur
|-damage|p2b: Baxcalibur|18/100
|-unboost|p1b: Torkoal|spa|2
|-ability|p2b: Baxcalibur|Thermal Exchange|boost
|-boost|p2b: Baxcalibur|atk|1
|
|-weather|SunnyDay|[upkeep]
|-heal|p2b: Baxcalibur|24/100|[from] Grassy Terrain
|-heal|p2a: Rillaboom|49/100|[from] Grassy Terrain
|-heal|p1b: Torkoal|62/100|[from] Grassy Terrain
|-sideend|p1: The_TrueNose|move: Tailwind
|upkeep
|turn|5
|inactive|snakke001 has 30 seconds left.
|inactive|snakke001 has 20 seconds left.
|
|t:|1756379475
|switch|p2a: Dondozo|Dondozo, L50, F|100/100
|move|p1b: Torkoal|Helping Hand|p1a: Dragonite
|-singleturn|p1a: Dragonite|Helping Hand|[of] p1b: Torkoal
|move|p1a: Dragonite|Extreme Speed|p2b: Baxcalibur
|-damage|p2b: Baxcalibur|0 fnt
|faint|p2b: Baxcalibur
|
|-weather|none
|-heal|p1b: Torkoal|68/100|[from] Grassy Terrain
|-fieldend|move: Grassy Terrain
|upkeep
|
|t:|1756379488
|switch|p2b: Rillaboom|Rillaboom, L50, F, tera:Fire|49/100
|-fieldstart|move: Grassy Terrain|[from] ability: Grassy Surge|[of] p2b: Rillaboom
|turn|6
|inactive|snakke001 has 30 seconds left.
|
|t:|1756379520
|move|p1a: Dragonite|Protect|p1a: Dragonite
|-singleturn|p1a: Dragonite|Protect
|move|p2b: Rillaboom|Fake Out|p1a: Dragonite
|-activate|p1a: Dragonite|move: Protect
|move|p2a: Dondozo|Wave Crash|p1b: Torkoal
|-supereffective|p1b: Torkoal
|-damage|p1b: Torkoal|0 fnt
|faint|p1b: Torkoal
|-damage|p2a: Dondozo|85/100|[from] Recoil
|
|-heal|p2b: Rillaboom|55/100|[from] Grassy Terrain
|-heal|p2a: Dondozo|92/100|[from] Grassy Terrain
|-heal|p2a: Dondozo|98/100|[from] item: Leftovers
|upkeep
|turn|7
|inactive|snakke001 has 30 seconds left.
|
|t:|1756379551
|move|p1a: Dragonite|Scale Shot|p2b: Rillaboom
|-damage|p2b: Rillaboom|42/100
|-damage|p2b: Rillaboom|30/100
|-damage|p2b: Rillaboom|17/100
|-damage|p2b: Rillaboom|5/100
|-hitcount|p2b: Rillaboom|4
|-unboost|p1a: Dragonite|def|1
|-boost|p1a: Dragonite|spe|1
|move|p2b: Rillaboom|Wood Hammer|p1a: Dragonite
|-resisted|p1a: Dragonite
|-crit|p1a: Dragonite
|-damage|p1a: Dragonite|43/100
|-damage|p2b: Rillaboom|0 fnt|[from] Recoil
|faint|p2b: Rillaboom
|move|p2a: Dondozo|Yawn|p1a: Dragonite
|-start|p1a: Dragonite|move: Yawn|[of] p2a: Dondozo
|
|-heal|p2a: Dondozo|100/100|[from] Grassy Terrain
|upkeep
|turn|8
|
|t:|1756379568
|move|p2a: Dondozo|Protect|p2a: Dondozo
|-singleturn|p2a: Dondozo|Protect
|move|p1a: Dragonite|Scale Shot|p2a: Dondozo
|-activate|p2a: Dondozo|move: Protect
|
|-end|p1a: Dragonite|move: Yawn|[silent]
|-status|p1a: Dragonite|slp
|upkeep
|turn|9
|
|t:|1756379581
|cant|p1a: Dragonite|slp
|move|p2a: Dondozo|Wave Crash|p1a: Dragonite
|-resisted|p1a: Dragonite
|-damage|p1a: Dragonite|19/100 slp
|-damage|p2a: Dondozo|95/100|[from] Recoil
|
|-heal|p2a: Dondozo|100/100|[from] Grassy Terrain
|upkeep
|turn|10
|
|t:|1756379592
|-curestatus|p1a: Dragonite|slp|[msg]
|move|p1a: Dragonite|Scale Shot|p2a: Dondozo
|-damage|p2a: Dondozo|93/100
|-damage|p2a: Dondozo|86/100
|-damage|p2a: Dondozo|80/100
|-damage|p2a: Dondozo|73/100
|-damage|p2a: Dondozo|66/100
|-hitcount|p2a: Dondozo|5
|-unboost|p1a: Dragonite|def|1
|-boost|p1a: Dragonite|spe|1
|move|p2a: Dondozo|Wave Crash|p1a: Dragonite
|-resisted|p1a: Dragonite
|-damage|p1a: Dragonite|0 fnt
|faint|p1a: Dragonite
|-damage|p2a: Dondozo|61/100|[from] Recoil
|
|win|snakke001
||The_TrueNose is ready for game 3.
||snakke001 is ready for game 3.
|uhtml|next|Next: Game 3 of 3
