|j|☆x-demon18
|j|☆Cucaro macaro
|html|x-demon18Cucaro macaro    
|uhtml|bestof|Game 2 of a best-of-3
|t:|1784603684
|gametype|doubles
|player|p1|x-demon18|lucas|1102
|player|p2|Cucaro macaro|giovanni|1105
|gen|9
|tier|[Gen 9 Champions] VGC 2026 Reg M-B (Bo3)
|rated|
|rule|Species Clause: Limit one of each Pokémon
|rule|Item Clause: Limit 1 of each item
|clearpoke
|poke|p1|Incineroar, L50, M|
|poke|p1|Rotom-Wash, L50|
|poke|p1|Venusaur, L50, M|
|poke|p1|Corviknight, L50, M|
|poke|p1|Sylveon, L50, F|
|poke|p1|Garchomp, L50, M|
|poke|p2|Alakazam, L50, M|
|poke|p2|Corviknight, L50, M|
|poke|p2|Meowscarada, L50, F, shiny|
|poke|p2|Sneasler, L50, F, shiny|
|poke|p2|Arcanine-Hisui, L50, F|
|poke|p2|Primarina, L50, M, shiny|
|teampreview|4
|showteam|p1|Incineroar||ExpertBelt|Intimidate|FakeOut,TemperFlare,ThroatChop,PartingShot|Adamant||M|||50|]Rotom-Wash||RindoBerry|Levitate|HydroPump,Electroweb,WillOWisp,VoltSwitch|Modest|||||50|]Venusaur||Venusaurite|Chlorophyll|GigaDrain,SludgeBomb,EarthPower,Protect|Modest||M|||50|]Corviknight||OccaBerry|MirrorArmor|Tailwind,DualWingbeat,IronHead,BodyPress|Adamant||M|||50|]Sylveon||FairyFeather|Pixilate|HyperVoice,QuickAttack,Yawn,Detect|Modest||F|||50|]Garchomp||LifeOrb|RoughSkin|RockSlide,DragonClaw,StompingTantrum,Protect|Jolly||M|||50|
|showteam|p2|Alakazam||Alakazite|InnerFocus|Psychic,NastyPlot,DazzlingGleam,Protect|Timid||M|||50|]Corviknight||Leftovers|Pressure|Tailwind,Protect,BraveBird,BodyPress|Impish||M|||50|]Meowscarada||FocusSash|Overgrow|Protect,FlowerTrick,KnockOff,SuckerPunch|Jolly||F|||50|]Sneasler||WhiteHerb|Unburden|Protect,FakeOut,DireClaw,CloseCombat|Adamant||F|||50|]Arcanine-Hisui||ChopleBerry|Intimidate|ExtremeSpeed,FlareBlitz,RockSlide,Protect|Jolly||F|||50|]Primarina||BrightPowder|LiquidVoice|HyperVoice,Moonblast,Protect,Amnesia|Calm||M|||50|
|
|t:|1784603701
|teamsize|p1|4
|teamsize|p2|4
|start
|switch|p1a: Wolverine|Incineroar, L50, M|100/100
|switch|p1b: Griffith|Corviknight, L50, M|100/100
|switch|p2a: Arcanine|Arcanine-Hisui, L50, F|100/100
|switch|p2b: Meowscarada|Meowscarada, L50, F, shiny|100/100
|-ability|p2a: Arcanine|Intimidate|boost
|-unboost|p1a: Wolverine|atk|1
|-ability|p1b: Griffith|Mirror Armor
|-unboost|p2a: Arcanine|atk|1
|-ability|p1a: Wolverine|Intimidate|boost
|-unboost|p2a: Arcanine|atk|1
|-unboost|p2b: Meowscarada|atk|1
|turn|1
|
|t:|1784603731
|move|p1a: Wolverine|Fake Out|p2a: Arcanine
|-resisted|p2a: Arcanine|1
|-damage|p2a: Arcanine|95/100
|move|p2b: Meowscarada|Knock Off|p1b: Griffith
|-damage|p1b: Griffith|73/100
|-enditem|p1b: Griffith|Occa Berry|[from] move: Knock Off|[of] p2b: Meowscarada
|cant|p2a: Arcanine|flinch
|move|p1b: Griffith|Tailwind|p1b: Griffith
|-sidestart|p1: x-demon18|move: Tailwind
|
|upkeep
|turn|2
|
|t:|1784603788
|switch|p2a: Primarina|Primarina, L50, M, shiny|100/100
|move|p2b: Meowscarada|Protect|p2b: Meowscarada
|-singleturn|p2b: Meowscarada|Protect
|move|p1b: Griffith|Dual Wingbeat|p2b: Meowscarada
|-activate|p2b: Meowscarada|move: Protect
|move|p1a: Wolverine|Parting Shot|p2a: Primarina
|-unboost|p2a: Primarina|atk|1
|-unboost|p2a: Primarina|spa|1
|
|t:|1784603799
|switch|p1a: HydroVolt|Rotom-Wash, L50|100/100|[from] Parting Shot
|
|upkeep
|turn|3
|
|t:|1784603813
|switch|p1a: Wolverine|Incineroar, L50, M|100/100
|-ability|p1a: Wolverine|Intimidate|boost
|-unboost|p2a: Primarina|atk|1
|-unboost|p2b: Meowscarada|atk|1
|switch|p2b: Arcanine|Arcanine-Hisui, L50, F|95/100
|-ability|p2b: Arcanine|Intimidate|boost
|-unboost|p1a: Wolverine|atk|1
|-ability|p1b: Griffith|Mirror Armor
|-unboost|p2b: Arcanine|atk|1
|move|p1b: Griffith|Dual Wingbeat|p2b: Arcanine
|-resisted|p2b: Arcanine|1
|-damage|p2b: Arcanine|85/100
|-resisted|p2b: Arcanine|1
|-damage|p2b: Arcanine|75/100
|-hitcount|p2b: Arcanine|2
|move|p2a: Primarina|Hyper Voice|p1a: Wolverine|[spread] p1a,p1b
|-supereffective|p1a: Wolverine|1
|-damage|p1a: Wolverine|67/100
|-damage|p1b: Griffith|55/100
|
|upkeep
|turn|4
|
|t:|1784603844
|move|p1b: Griffith|Iron Head|p2a: Primarina
|-damage|p2a: Primarina|65/100
|move|p1a: Wolverine|Throat Chop|p2a: Primarina
|-resisted|p2a: Primarina|1
|-damage|p2a: Primarina|50/100g
|-start|p2a: Primarina|Throat Chop|[silent]
|move|p2b: Arcanine|Rock Slide|p1b: Griffith|[spread] p1a,p1b
|-supereffective|p1a: Wolverine|1
|-damage|p1a: Wolverine|34/100
|-damage|p1b: Griffith|40/100
|cant|p2a: Primarina|move: Throat Chop
|
|-sideend|p1: x-demon18|move: Tailwind
|upkeep
|turn|5
|
|t:|1784603863
|switch|p1a: HydroVolt|Rotom-Wash, L50|100/100
|move|p2b: Arcanine|Flare Blitz|p1b: Griffith
|-supereffective|p1b: Griffith|1
|-damage|p1b: Griffith|0 fnt
|faint|p1b: Griffith
|-damage|p2b: Arcanine|60/100|[from] Recoil
|move|p2a: Primarina|Moonblast|p1a: HydroVolt
|-crit|p1a: HydroVolt
|-damage|p1a: HydroVolt|38/100
|
|-end|p2a: Primarina|Throat Chop|[silent]
|upkeep
|
|t:|1784603878
|switch|p1b: Wolverine|Incineroar, L50, M|34/100
|-ability|p1b: Wolverine|Intimidate|boost
|-unboost|p2a: Primarina|atk|1
|-unboost|p2b: Arcanine|atk|1
|turn|6
|
|t:|1784603888
|move|p2b: Arcanine|Protect|p2b: Arcanine
|-singleturn|p2b: Arcanine|Protect
|move|p2a: Primarina|Protect|p2a: Primarina
|-singleturn|p2a: Primarina|Protect
|move|p1b: Wolverine|Fake Out|p2b: Arcanine
|-activate|p2b: Arcanine|move: Protect
|move|p1a: HydroVolt|Volt Switch|p2a: Primarina
|-activate|p2a: Primarina|move: Protect
|
|upkeep
|turn|7
|
|t:|1784603901
|switch|p1b: Frieren|Sylveon, L50, F|100/100
|move|p2b: Arcanine|Rock Slide|p1b: Frieren|[spread] p1a,p1b
|-damage|p1a: HydroVolt|24/100
|-damage|p1b: Frieren|87/100
|move|p1a: HydroVolt|Electroweb|p2a: Primarina|[spread] p2b
|-miss|p1a: HydroVolt|p2a: Primarina
|-damage|p2b: Arcanine|38/100
|-unboost|p2b: Arcanine|spe|1
|move|p2a: Primarina|Hyper Voice|p1a: HydroVolt|[spread] p1a,p1b
|-resisted|p1a: HydroVolt|1
|-damage|p1a: HydroVolt|15/100
|-damage|p1b: Frieren|74/100
|
|upkeep
|turn|8
|
|t:|1784603926
|switch|p2b: Sneasler|Sneasler, L50, F, shiny|100/100
|move|p1a: HydroVolt|Volt Switch|p2a: Primarina
|-supereffective|p2a: Primarina|1
|-damage|p2a: Primarina|10/100
|
|t:|1784603932
|switch|p1a: Wolverine|Incineroar, L50, M|34/100|[from] Volt Switch
|-ability|p1a: Wolverine|Intimidate|boost
|-unboost|p2a: Primarina|atk|1
|-unboost|p2b: Sneasler|atk|1
|-enditem|p2b: Sneasler|White Herb
|-clearnegativeboost|p2b: Sneasler|[silent]
|move|p1b: Frieren|Hyper Voice|p2b: Sneasler|[spread] p2a,p2b
|-damage|p2a: Primarina|0 fnt
|-damage|p2b: Sneasler|40/100
|faint|p2a: Primarina
|
|upkeep
|
|t:|1784603945
|switch|p2a: Arcanine|Arcanine-Hisui, L50, F|38/100
|-ability|p2a: Arcanine|Intimidate|boost
|-unboost|p1a: Wolverine|atk|1
|-unboost|p1b: Frieren|atk|1
|turn|9
|
|t:|1784603972
|move|p2b: Sneasler|Fake Out|p1a: Wolverine
|-damage|p1a: Wolverine|19/100
|cant|p1a: Wolverine|flinch
|move|p2a: Arcanine|Rock Slide|p1b: Frieren|[spread] p1a,p1b
|-supereffective|p1a: Wolverine|1
|-damage|p1a: Wolverine|0 fnt
|-damage|p1b: Frieren|50/100y
|faint|p1a: Wolverine
|move|p1b: Frieren|Hyper Voice|p2b: Sneasler|[spread] p2a,p2b
|-resisted|p2a: Arcanine|1
|-damage|p2a: Arcanine|11/100
|-damage|p2b: Sneasler|0 fnt
|faint|p2b: Sneasler
|
|upkeep
|
|t:|1784603986
|switch|p2b: Meowscarada|Meowscarada, L50, F, shiny|100/100
|switch|p1a: HydroVolt|Rotom-Wash, L50|15/100
|turn|10
|
|t:|1784603998
|move|p1b: Frieren|Detect|p1b: Frieren
|-singleturn|p1b: Frieren|Protect
|move|p2a: Arcanine|Extreme Speed|p1a: HydroVolt
|-damage|p1a: HydroVolt|0 fnt
|faint|p1a: HydroVolt
|move|p2b: Meowscarada|Flower Trick|p1b: Frieren
|-activate|p1b: Frieren|move: Protect
|
|upkeep
|turn|11
|
|t:|1784604008
|move|p2b: Meowscarada|Flower Trick|p1b: Frieren
|-crit|p1b: Frieren
|-damage|p1b: Frieren|1/100
|move|p2a: Arcanine|Flare Blitz|p1b: Frieren
|-damage|p1b: Frieren|0 fnt
|faint|p1b: Frieren
|-damage|p2a: Arcanine|10/100|[from] Recoil
|
|win|Cucaro macaro
|l|☆Cucaro macaro
|player|p2|
||Cucaro macaro is ready for game 3.
|inactive|x-demon18 has 30 seconds to confirm battle start!
