|j|☆crescentsoul
|j|☆StarDoor01
|html|crescentsoulStarDoor01    
|uhtml|bestof|Game 1 of a best-of-3
|t:|1785309161
|gametype|doubles
|player|p1|crescentsoul|steven|1076
|player|p2|StarDoor01|2|1148
|gen|9
|tier|[Gen 9 Champions] VGC 2026 Reg M-B (Bo3)
|rated|
|rule|Species Clause: Limit one of each Pokémon
|rule|Item Clause: Limit 1 of each item
|clearpoke
|poke|p1|Archaludon, L50, M|
|poke|p1|Pelipper, L50, M|
|poke|p1|Sneasler, L50, F|
|poke|p1|Meganium, L50, M|
|poke|p1|Swampert, L50, M|
|poke|p1|Sableye, L50, M|
|poke|p2|Scovillain, L50, M|
|poke|p2|Sylveon, L50, F|
|poke|p2|Kingambit, L50, F|
|poke|p2|Lycanroc-Dusk, L50, M|
|poke|p2|Basculegion, L50, M|
|poke|p2|Metagross, L50|
|teampreview|4
|showteam|p1|Archaludon||Leftovers|Stamina|ElectroShot,DragonPulse,FlashCannon,Protect|Modest||M|||50|]Pelipper||SitrusBerry|Drizzle|Hurricane,WeatherBall,WideGuard,Tailwind|Calm||M|||50|]Sneasler||FocusSash|Unburden|DireClaw,CloseCombat,Uturn,FakeOut|Jolly||F|||50|]Meganium||Meganiumite|Overgrow|SolarBeam,DazzlingGleam,WeatherBall,Protect|Modest||M|||50|]Swampert||Swampertite|Torrent|Earthquake,WaveCrash,RockSlide,Protect|Adamant||M|||50|]Sableye||BrightPowder|Prankster|LightScreen,WillOWisp,RainDance,Quash|Impish||M|||50|
|showteam|p2|Scovillain||Scovillainite|Moody|GigaDrain,Overheat,RagePowder,Protect|Bold||M|||50|]Sylveon||FairyFeather|Pixilate|HyperVoice,HyperBeam,QuickAttack,Detect|Modest||F|||50|]Kingambit||BlackGlasses|Defiant|KowtowCleave,SuckerPunch,SwordsDance,Protect|Adamant||F|||50|]Lycanroc-Dusk||FocusSash|ToughClaws|CloseCombat,Accelerock,RockSlide,Protect|Adamant||M|||50|]Basculegion||SitrusBerry|Adaptability|WaveCrash,LastRespects,AquaJet,Protect|Adamant||M|||50|]Metagross||Metagrossite|ClearBody|IronHead,PsychicFangs,IcePunch,Protect|Jolly|||||50|
|inactive|Battle timer is ON: inactive players will automatically lose when time's up. (requested by crescentsoul)
|
|t:|1785309225
|teamsize|p1|4
|teamsize|p2|4
|start
|switch|p1a: Swampert|Swampert, L50, M|100/100
|switch|p1b: Meganium|Meganium, L50, M|100/100
|switch|p2a: Scovillain|Scovillain, L50, M|100/100
|switch|p2b: Basculegion|Basculegion, L50, M|100/100
|turn|1
|inactive|StarDoor01 has 30 seconds left.
|
|t:|1785309251
|detailschange|p2a: Scovillain|Scovillain-Mega, L50, M
|-mega|p2a: Scovillain|Scovillain|Scovillainite
|move|p2b: Basculegion|Protect|p2b: Basculegion
|-singleturn|p2b: Basculegion|Protect
|move|p1a: Swampert|Protect|p1a: Swampert
|-singleturn|p1a: Swampert|Protect
|move|p1b: Meganium|Protect|p1b: Meganium
|-singleturn|p1b: Meganium|Protect
|move|p2a: Scovillain|Overheat|p1b: Meganium
|-activate|p1b: Meganium|move: Protect
|
|upkeep
|turn|2
|inactive|StarDoor01 has 30 seconds left.
|inactive|StarDoor01 has 20 seconds left.
|inactive|StarDoor01 has 15 seconds left.
|
|t:|1785309296
|switch|p1a: Sneasler|Sneasler, L50, F|100/100
|switch|p1b: Pelipper|Pelipper, L50, M|100/100
|-weather|RainDance|[from] ability: Drizzle|[of] p1b: Pelipper
|move|p2b: Basculegion|Wave Crash|p1a: Sneasler
|-enditem|p1a: Sneasler|Focus Sash
|-damage|p1a: Sneasler|1/100
|-damage|p2b: Basculegion|74/100|[from] Recoil
|move|p2a: Scovillain|Giga Drain|p1a: Sneasler
|-resisted|p1a: Sneasler|1
|-damage|p1a: Sneasler|0 fnt
|faint|p1a: Sneasler
|
|-weather|RainDance|[upkeep]
|upkeep
|
|t:|1785309308
|switch|p1a: Meganium|Meganium, L50, M|100/100
|turn|3
|inactive|StarDoor01 has 30 seconds left.
|inactive|crescentsoul has 30 seconds left.
|inactive|StarDoor01 has 20 seconds left.
|inactive|StarDoor01 has 15 seconds left.
|
|t:|1785309349
|switch|p2a: Kingambit|Kingambit, L50, F|100/100
|move|p1a: Meganium|Protect|p1a: Meganium
|-singleturn|p1a: Meganium|Protect
|move|p2b: Basculegion|Wave Crash|p1b: Pelipper
|-resisted|p1b: Pelipper|1
|-damage|p1b: Pelipper|37/100
|-enditem|p1b: Pelipper|Sitrus Berry|[eat]
|-heal|p1b: Pelipper|62/100|[from] item: Sitrus Berry
|-damage|p2b: Basculegion|57/100|[from] Recoil
|move|p1b: Pelipper|Tailwind|p1b: Pelipper
|-sidestart|p1: crescentsoul|move: Tailwind
|
|-weather|RainDance|[upkeep]
|upkeep
|turn|4
|inactive|crescentsoul has 30 seconds left.
|
|t:|1785309377
|switch|p1b: Swampert|Swampert, L50, M|100/100
|move|p2b: Basculegion|Protect|p2b: Basculegion
|-singleturn|p2b: Basculegion|Protect
|move|p1a: Meganium|Solar Beam||[still]
|-prepare|p1a: Meganium|Solar Beam
|move|p2a: Kingambit|Swords Dance|p2a: Kingambit
|-boost|p2a: Kingambit|atk|2
|
|-weather|RainDance|[upkeep]
|upkeep
|turn|5
|inactive|StarDoor01 has 30 seconds left.
|
|t:|1785309403
|switch|p2b: Scovillain|Scovillain-Mega, L50, M|100/100
|detailschange|p1b: Swampert|Swampert-Mega, L50, M
|-mega|p1b: Swampert|Swampert|Swampertite
|move|p1b: Swampert|Wave Crash|p2a: Kingambit
|-damage|p2a: Kingambit|12/100
|-damage|p1b: Swampert|66/100|[from] Recoil
|move|p1a: Meganium|Solar Beam|p2b: Scovillain|[from] lockedmove
|-resisted|p2b: Scovillain|2
|-damage|p2b: Scovillain|94/100
|-status|p1a: Meganium|brn|[from] ability: Spicy Spray|[of] p2b: Scovillain
|move|p2a: Kingambit|Kowtow Cleave|p1a: Meganium
|-damage|p1a: Meganium|0 fnt
|faint|p1a: Meganium
|
|-weather|RainDance|[upkeep]
|upkeep
|
|t:|1785309412
|switch|p1a: Pelipper|Pelipper, L50, M|62/100
|turn|6
|
|t:|1785309428
|move|p1b: Swampert|Protect|p1b: Swampert
|-singleturn|p1b: Swampert|Protect
|move|p2b: Scovillain|Rage Powder|p2b: Scovillain
|-singleturn|p2b: Scovillain|move: Rage Powder
|move|p2a: Kingambit|Sucker Punch||[still]
|-fail|p2a: Kingambit
|move|p1a: Pelipper|Hurricane|p2b: Scovillain
|-supereffective|p2b: Scovillain|1
|-damage|p2b: Scovillain|19/100
|-start|p2b: Scovillain|confusion
|-status|p1a: Pelipper|brn|[from] ability: Spicy Spray|[of] p2b: Scovillain
|
|-weather|none
|-damage|p1a: Pelipper|56/100 brn|[from] brn
|-sideend|p1: crescentsoul|move: Tailwind
|upkeep
|turn|7
|inactive|crescentsoul has 30 seconds left.
|
|t:|1785309456
|move|p1b: Swampert|Protect|p1b: Swampert
|-singleturn|p1b: Swampert|Protect
|-activate|p2b: Scovillain|confusion
|-damage|p2b: Scovillain|8/100|[from] confusion
|move|p1a: Pelipper|Tailwind|p1a: Pelipper
|-sidestart|p1: crescentsoul|move: Tailwind
|move|p2a: Kingambit|Kowtow Cleave|p1a: Pelipper
|-damage|p1a: Pelipper|0 fnt
|faint|p1a: Pelipper
|
|upkeep
|turn|8
|
|t:|1785309468
|-activate|p2b: Scovillain|confusion
|move|p2b: Scovillain|Rage Powder|p2b: Scovillain
|-singleturn|p2b: Scovillain|move: Rage Powder
|move|p2a: Kingambit|Sucker Punch|p1b: Swampert
|-damage|p1b: Swampert|0 fnt
|faint|p1b: Swampert
|
|win|StarDoor01
||crescentsoul is ready for game 2.
