|j|☆Dondopogs
|j|☆IlluminaGielBakker
|html|DondopogsIlluminaGielBakker    
|uhtml|bestof|Game 2 of a best-of-3
|t:|1755256704
|gametype|doubles
|player|p1|Dondopogs|harmony|1315
|player|p2|IlluminaGielBakker|wattson|1364
|gen|9
|tier|[Gen 9] VGC 2025 Reg H (Bo3)
|rated|
|rule|Species Clause: Limit one of each Pokémon
|rule|Item Clause: Limit 1 of each item
|clearpoke
|poke|p1|Incineroar, L50, F|
|poke|p1|Amoonguss, L50, M|
|poke|p1|Annihilape, L50, M|
|poke|p1|Ninetales-Alola, L50, M|
|poke|p1|Rillaboom, L50, F|
|poke|p1|Glimmora, L50, M|
|poke|p2|Garchomp, L50, M|
|poke|p2|Gholdengo, L50|
|poke|p2|Amoonguss, L50, F|
|poke|p2|Tyranitar, L50, M|
|poke|p2|Incineroar, L50, M|
|poke|p2|Kilowattrel, L50, F|
|teampreview|4
|showteam|p1|Incineroar||AssaultVest|Intimidate|FakeOut,KnockOff,FlareBlitz,Uturn|||F|||50|,,,,,Ghost]Amoonguss||RockyHelmet|Regenerator|PollenPuff,ClearSmog,RagePowder,Spore|||M|||50|,,,,,Dark]Annihilape||SafetyGoggles|Defiant|RageFist,DrainPunch,BulkUp,Protect|||M|||50|,,,,,Fire]Ninetales-Alola||CovertCloak|SnowWarning|Blizzard,Encore,Moonblast,AuroraVeil|||M|||50|,,,,,Ghost]Rillaboom||MiracleSeed|GrassySurge|Uturn,WoodHammer,GrassyGlide,FakeOut|||F|||50|,,,,,Fire]Glimmora||PowerHerb|ToxicDebris|MeteorBeam,EarthPower,SludgeBomb,SpikyShield|||M|||50|,,,,,Grass
|showteam|p2|Garchomp||LifeOrb|RoughSkin|Protect,DragonClaw,StompingTantrum,Earthquake|||M|||50|,,,,,Steel]Gholdengo||IronPlate|GoodasGold|Protect,NastyPlot,MakeItRain,ShadowBall||||||50|,,,,,Flying]Amoonguss||SitrusBerry|Regenerator|PollenPuff,RagePowder,Spore,Protect|||F|||50|,,,,,Water]Tyranitar||AssaultVest|SandStream|KnockOff,LowKick,TeraBlast,RockSlide|||M|||50|,,,,,Flying]Incineroar||SafetyGoggles|Intimidate|FakeOut,KnockOff,PartingShot,Taunt|||M|||50|,,,,,Ghost]Kilowattrel||FocusSash|Competitive|Protect,Tailwind,Thunderbolt,AirSlash|||F|||50|,,,,,Ghost
|inactive|Battle timer is ON: inactive players will automatically lose when time's up. (requested by Dondopogs)
|inactive|IlluminaGielBakker also wants the timer to be on.
|
|t:|1755256720
|teamsize|p1|4
|teamsize|p2|4
|start
|switch|p1a: Rillaboom|Rillaboom, L50, F, shiny|100/100
|switch|p1b: Annihilape|Annihilape, L50, M|100/100
|switch|p2a: Kilowattrel|Kilowattrel, L50, F|100/100
|switch|p2b: Gholdengo|Gholdengo, L50|100/100
|-fieldstart|move: Grassy Terrain|[from] ability: Grassy Surge|[of] p1a: Rillaboom
|turn|1
|
|t:|1755256730
|-terastallize|p1b: Annihilape|Fire
|-terastallize|p2b: Gholdengo|Flying
|move|p2a: Kilowattrel|Protect|p2a: Kilowattrel
|-singleturn|p2a: Kilowattrel|Protect
|move|p1b: Annihilape|Bulk Up|p1b: Annihilape
|-boost|p1b: Annihilape|atk|1
|-boost|p1b: Annihilape|def|1
|move|p2b: Gholdengo|Nasty Plot|p2b: Gholdengo
|-boost|p2b: Gholdengo|spa|2
|move|p1a: Rillaboom|Wood Hammer|p2a: Kilowattrel
|-activate|p2a: Kilowattrel|move: Protect
|
|upkeep
|turn|2
|
|t:|1755256759
|move|p2a: Kilowattrel|Tailwind|p2a: Kilowattrel
|-sidestart|p2: IlluminaGielBakker|move: Tailwind
|move|p2b: Gholdengo|Shadow Ball|p1b: Annihilape
|-damage|p1b: Annihilape|33/100
|move|p1b: Annihilape|Rage Fist|p2a: Kilowattrel
|-enditem|p2a: Kilowattrel|Focus Sash
|-damage|p2a: Kilowattrel|1/100
|move|p1a: Rillaboom|U-turn|p2a: Kilowattrel
|-resisted|p2a: Kilowattrel
|-damage|p2a: Kilowattrel|0 fnt
|faint|p2a: Kilowattrel
|
|t:|1755256768
|switch|p1a: Ninetales|Ninetales-Alola, L50, M|100/100|[from] U-turn
|-weather|Snowscape|[from] ability: Snow Warning|[of] p1a: Ninetales
|
|-weather|Snowscape|[upkeep]
|-heal|p1b: Annihilape|40/100|[from] Grassy Terrain
|upkeep
|
|t:|1755256778
|switch|p2a: Tyranitar|Tyranitar, L50, M, shiny|100/100
|-weather|Sandstorm|[from] ability: Sand Stream|[of] p2a: Tyranitar
|turn|3
|
|t:|1755256786
|switch|p1a: Rillaboom|Rillaboom, L50, F, shiny|100/100
|switch|p2a: Garchomp|Garchomp, L50, M|100/100
|move|p1b: Annihilape|Protect|p1b: Annihilape
|-singleturn|p1b: Annihilape|Protect
|move|p2b: Gholdengo|Make It Rain|p1a: Rillaboom|[spread] p1a
|-activate|p1b: Annihilape|move: Protect
|-damage|p1a: Rillaboom|0 fnt
|-unboost|p2b: Gholdengo|spa|1
|faint|p1a: Rillaboom
|
|-weather|Sandstorm|[upkeep]
|-damage|p2b: Gholdengo|95/100|[from] Sandstorm
|-heal|p1b: Annihilape|46/100|[from] Grassy Terrain
|upkeep
|
|t:|1755256796
|switch|p1a: Incineroar|Incineroar, L50, F, shiny|100/100
|-ability|p1a: Incineroar|Intimidate|boost
|-unboost|p2a: Garchomp|atk|1
|-unboost|p2b: Gholdengo|atk|1
|turn|4
|
|t:|1755256818
|move|p1a: Incineroar|Fake Out|p2a: Garchomp
|-damage|p2a: Garchomp|89/100
|-damage|p1a: Incineroar|88/100|[from] ability: Rough Skin|[of] p2a: Garchomp
|cant|p2a: Garchomp|flinch
|move|p2b: Gholdengo|Shadow Ball|p1b: Annihilape
|-damage|p1b: Annihilape|0 fnt
|faint|p1b: Annihilape
|
|-weather|Sandstorm|[upkeep]
|-damage|p2b: Gholdengo|89/100|[from] Sandstorm
|-damage|p1a: Incineroar|82/100|[from] Sandstorm
|-heal|p2a: Garchomp|95/100|[from] Grassy Terrain
|-heal|p1a: Incineroar|88/100|[from] Grassy Terrain
|upkeep
|
|t:|1755256826
|switch|p1b: Ninetales|Ninetales-Alola, L50, M|100/100
|-weather|Snowscape|[from] ability: Snow Warning|[of] p1b: Ninetales
|turn|5
|-message|Dondopogs forfeited.
|
|win|IlluminaGielBakker
|raw|Dondopogs's rating: 1315 → 1298(-17 for losing)
|raw|IlluminaGielBakker's rating: 1364 → 1381(+17 for winning)
|l|☆Dondopogs
|player|p1|
