|j|☆RedGenji195
|j|☆dambro222
|html|RedGenji195dambro222    
|uhtml|bestof|Game 1 of a best-of-3
|t:|1756237897
|gametype|doubles
|player|p1|RedGenji195|266|1129
|player|p2|dambro222|ethan|1167
|gen|9
|tier|[Gen 9] VGC 2025 Reg H (Bo3)
|rated|
|rule|Species Clause: Limit one of each Pokémon
|rule|Item Clause: Limit 1 of each item
|clearpoke
|poke|p1|Ursaluna-Bloodmoon, L50, M|
|poke|p1|Amoonguss, L50, M|
|poke|p1|Incineroar, L50, F|
|poke|p1|Porygon2, L50|
|poke|p1|Dragonite, L50, M|
|poke|p1|Sneasler, L50, F|
|poke|p2|Dragonite, L50, M|
|poke|p2|Volcarona, L50, F|
|poke|p2|Sneasler, L50, M|
|poke|p2|Rillaboom, L50, M|
|poke|p2|Electabuzz, L50, M|
|poke|p2|Kingambit, L50, M|
|teampreview|4
|showteam|p1|Ursaluna-Bloodmoon||LifeOrb|MindsEye|BloodMoon,HyperVoice,EarthPower,Protect|||M|||50|,,,,,Normal]Amoonguss||SitrusBerry|Regenerator|PollenPuff,Spore,RagePowder,Protect|||M|||50|,,,,,Water]Incineroar||SafetyGoggles|Intimidate|KnockOff,PartingShot,FlareBlitz,FakeOut|||F|||50|,,,,,Ghost]Porygon2||Eviolite|Download|IceBeam,TeraBlast,Recover,TrickRoom||||||50|,,,,,Fighting]Dragonite||LoadedDice|Multiscale|ScaleShot,Tailwind,Haze,Protect|||M|||50|,,,,,Fairy]Sneasler||FocusSash|Unburden|Protect,DireClaw,CloseCombat,ThroatChop|||F|||50|,,,,,Stellar
|showteam|p2|Dragonite||LoadedDice|Multiscale|ScaleShot,ExtremeSpeed,Haze,Protect|||M|||50|,,,,,Fairy]Volcarona||CovertCloak|FlameBody|HeatWave,TeraBlast,QuiverDance,Protect|||F|||50|,,,,,Fairy]Sneasler||FocusSash|Unburden|CloseCombat,DireClaw,Coaching,Protect|||M|||50|,,,,,Stellar]Rillaboom||AssaultVest|GrassySurge|WoodHammer,GrassyGlide,HighHorsepower,FakeOut|||M|||50|,,,,,Water]Electabuzz||Eviolite|VitalSpirit|Electroweb,FollowMe,Taunt,Protect|||M|||50|,,,,,Ghost]Kingambit||BlackGlasses|Defiant|KowtowCleave,SuckerPunch,SwordsDance,Protect|||M|||50|,,,,,Dark
|inactive|Battle timer is ON: inactive players will automatically lose when time's up. (requested by dambro222)
|inactive|RedGenji195 has 60 seconds left.
|inactive|dambro222 has 60 seconds left.
|
|t:|1756237930
|teamsize|p1|4
|teamsize|p2|4
|start
|switch|p1a: Dragonite|Dragonite, L50, M|100/100
|switch|p1b: Sneasler|Sneasler, L50, F|100/100
|switch|p2a: Kingambit|Kingambit, L50, M, shiny|100/100
|switch|p2b: Sneasler|Sneasler, L50, M|100/100
|turn|1
|inactive|dambro222 has 30 seconds left.
|
|t:|1756237957
|move|p1b: Sneasler|Protect|p1b: Sneasler
|-singleturn|p1b: Sneasler|Protect
|move|p2a: Kingambit|Protect|p2a: Kingambit
|-singleturn|p2a: Kingambit|Protect
|move|p2b: Sneasler|Dire Claw|p1a: Dragonite
|-damage|p1a: Dragonite|78/100
|move|p1a: Dragonite|Scale Shot|p2b: Sneasler
|-damage|p2b: Sneasler|75/100
|-damage|p2b: Sneasler|50/100
|-damage|p2b: Sneasler|24/100
|-damage|p2b: Sneasler|0 fnt
|faint|p2b: Sneasler
|-hitcount|p2: Sneasler|4
|-unboost|p1a: Dragonite|def|1
|-boost|p1a: Dragonite|spe|1
|
|upkeep
|
|t:|1756237973
|switch|p2b: Volcarona|Volcarona, L50, F|100/100
|turn|2
|inactive|dambro222 has 30 seconds left.
|
|t:|1756238002
|move|p2a: Kingambit|Sucker Punch|p1a: Dragonite
|-damage|p1a: Dragonite|0 fnt
|faint|p1a: Dragonite
|move|p1b: Sneasler|Close Combat|p2a: Kingambit
|-supereffective|p2a: Kingambit
|-damage|p2a: Kingambit|0 fnt
|-unboost|p1b: Sneasler|def|1
|-unboost|p1b: Sneasler|spd|1
|faint|p2a: Kingambit
|move|p2b: Volcarona|Quiver Dance|p2b: Volcarona
|-boost|p2b: Volcarona|spa|1
|-boost|p2b: Volcarona|spd|1
|-boost|p2b: Volcarona|spe|1
|
|upkeep
|
|t:|1756238018
|switch|p1a: Ursaluna|Ursaluna-Bloodmoon, L50, M|100/100
|switch|p2a: Rillaboom|Rillaboom, L50, M|100/100
|-fieldstart|move: Grassy Terrain|[from] ability: Grassy Surge|[of] p2a: Rillaboom
|turn|3
|
|t:|1756238048
|move|p1b: Sneasler|Protect|p1b: Sneasler
|-singleturn|p1b: Sneasler|Protect
|move|p2a: Rillaboom|Fake Out|p1a: Ursaluna
|-damage|p1a: Ursaluna|88/100
|move|p2b: Volcarona|Quiver Dance|p2b: Volcarona
|-boost|p2b: Volcarona|spa|1
|-boost|p2b: Volcarona|spd|1
|-boost|p2b: Volcarona|spe|1
|cant|p1a: Ursaluna|flinch
|
|-heal|p1a: Ursaluna|94/100|[from] Grassy Terrain
|upkeep
|turn|4
|
|t:|1756238072
|move|p2a: Rillaboom|Grassy Glide|p1b: Sneasler
|-resisted|p1b: Sneasler
|-damage|p1b: Sneasler|52/100
|move|p2b: Volcarona|Heat Wave|p1a: Ursaluna|[spread] p1a,p1b
|-damage|p1a: Ursaluna|0 fnt
|-damage|p1b: Sneasler|0 fnt
|faint|p1a: Ursaluna
|faint|p1b: Sneasler
|
|upkeep
|
|t:|1756238080
|switch|p1b: Porygon2|Porygon2, L50|100/100
|-ability|p1b: Porygon2|Download|boost
|-boost|p1b: Porygon2|atk|1
|turn|5
|
|t:|1756238097
|-terastallize|p2a: Rillaboom|Water
|move|p2b: Volcarona|Tera Blast|p1b: Porygon2
|-damage|p1b: Porygon2|66/100
|move|p2a: Rillaboom|Wood Hammer|p1b: Porygon2
|-damage|p1b: Porygon2|18/100
|-damage|p2a: Rillaboom|86/100|[from] Recoil
|move|p1b: Porygon2|Ice Beam|p2a: Rillaboom
|-resisted|p2a: Rillaboom
|-damage|p2a: Rillaboom|76/100
|
|-heal|p2a: Rillaboom|82/100|[from] Grassy Terrain
|-heal|p1b: Porygon2|24/100|[from] Grassy Terrain
|upkeep
|turn|6
|-message|RedGenji195 forfeited.
|
|win|dambro222
|l|☆RedGenji195
|player|p1|
||RedGenji195 is ready for game 2.
||dambro222 is ready for game 2.
|uhtml|next|Next: Game 2 of 3
