|j|☆lolgz
|j|☆Kha'madonna
|html|lolgzKha'madonna    
|uhtml|bestof|Game 3 of a best-of-3
|t:|1782343523
|gametype|doubles
|player|p1|lolgz|dawn|1156
|player|p2|Kha'madonna|169|1241
|gen|9
|tier|[Gen 9 Champions] VGC 2026 Reg M-B (Bo3)
|rated|
|rule|Species Clause: Limit one of each Pokémon
|rule|Item Clause: Limit 1 of each item
|clearpoke
|poke|p1|Torkoal, L50, F|
|poke|p1|Vileplume, L50, F|
|poke|p1|Farigiraf, L50, F|
|poke|p1|Scrafty, L50, M|
|poke|p1|Gallade, L50, M|
|poke|p1|Mawile, L50, M|
|poke|p2|Gengar, L50, M|
|poke|p2|Incineroar, L50, M|
|poke|p2|Kommo-o, L50, F|
|poke|p2|Ninetales-Alola, L50, F|
|poke|p2|Sneasler, L50, M|
|poke|p2|Floette-Eternal, L50, F|
|teampreview|4
|showteam|p1|Torkoal||Charcoal|Drought|Eruption,WeatherBall,EarthPower,Protect|Quiet||F|||50|]Vileplume||FocusSash|Chlorophyll|EnergyBall,SludgeBomb,SleepPowder,AfterYou|Timid||F|||50|]Farigiraf||SitrusBerry|ArmorTail|TrickRoom,Protect,Psychic,HelpingHand|Bold||F|||50|]Scrafty||Scraftinite|Intimidate|CloseCombat,KnockOff,FakeOut,RockSlide|Brave||M|||50|]Gallade||IronBall|Sharpness|SacredSword,PsychoCut,WideGuard,TrickRoom|Brave||M|||50|]Mawile||Mawilite|HyperCutter|SuckerPunch,PlayRough,SwordsDance,Protect|Brave||M|||50|
|showteam|p2|Gengar||Gengarite|CursedBody|PerishSong,Protect,Disable,ShadowBall|Timid||M|||50|]Incineroar||SitrusBerry|Intimidate|PartingShot,Protect,FlareBlitz,FakeOut|Impish||M|||50|]Kommo-o||Leftovers|Soundproof|AuraSphere,ClangingScales,ClangorousSoul,Protect|Modest||F|||50|]Ninetales-Alola||LightClay|SnowWarning|AuroraVeil,Encore,Protect,Blizzard|Timid||F|||50|]Sneasler||FocusSash|PoisonTouch|FakeOut,CloseCombat,DireClaw,Protect|Adamant||M|||50|]Floette-Eternal||Floettite|FlowerVeil|DrainingKiss,DazzlingGleam,Protect,CalmMind|Timid||F|||50|
|inactive|Battle timer is ON: inactive players will automatically lose when time's up. (requested by lolgz)
|
|t:|1782343543
|teamsize|p1|4
|teamsize|p2|4
|start
|switch|p1a: Vileplume|Vileplume, L50, F|100/100
|switch|p1b: Torkoal|Torkoal, L50, F|100/100
|switch|p2a: Gengar|Gengar, L50, M|100/100
|switch|p2b: Incineroar|Incineroar, L50, M|100/100
|-ability|p2b: Incineroar|Intimidate|boost
|-unboost|p1a: Vileplume|atk|1
|-unboost|p1b: Torkoal|atk|1
|-weather|SunnyDay|[from] ability: Drought|[of] p1b: Torkoal
|turn|1
|
|t:|1782343566
|switch|p1b: Farigiraf|Farigiraf, L50, F|100/100
|detailschange|p2a: Gengar|Gengar-Mega, L50, M
|-mega|p2a: Gengar|Gengar|Gengarite
|move|p2a: Gengar|Protect|p2a: Gengar
|-singleturn|p2a: Gengar|Protect
|move|p1a: Vileplume|Sleep Powder|p2a: Gengar
|-activate|p2a: Gengar|move: Protect
|move|p2b: Incineroar|Parting Shot|p1a: Vileplume
|-unboost|p1a: Vileplume|atk|1
|-unboost|p1a: Vileplume|spa|1
|
|t:|1782343583
|switch|p2b: Kommo-o|Kommo-o, L50, F|100/100|[from] Parting Shot
|
|-weather|SunnyDay|[upkeep]
|upkeep
|turn|2
|inactive|Kha'madonna has 30 seconds left.
|
|t:|1782343616
|switch|p2a: Ninetales|Ninetales-Alola, L50, F|100/100
|-weather|Snowscape|[from] ability: Snow Warning|[of] p2a: Ninetales
|move|p2b: Kommo-o|Clangorous Soul|p2b: Kommo-o
|-boost|p2b: Kommo-o|atk|1
|-boost|p2b: Kommo-o|def|1
|-boost|p2b: Kommo-o|spa|1
|-boost|p2b: Kommo-o|spd|1
|-boost|p2b: Kommo-o|spe|1
|-damage|p2b: Kommo-o|67/100
|move|p1a: Vileplume|Sleep Powder|p2b: Kommo-o
|-status|p2b: Kommo-o|slp|[from] move: Sleep Powder
|move|p1b: Farigiraf|Psychic|p2a: Ninetales
|-damage|p2a: Ninetales|61/100
|
|-weather|Snowscape|[upkeep]
|-heal|p2b: Kommo-o|73/100 slp|[from] item: Leftovers
|upkeep
|turn|3
|inactive|Kha'madonna has 30 seconds left.
|
|t:|1782343648
|switch|p1a: Mawile|Mawile, L50, M|100/100
|move|p2a: Ninetales|Aurora Veil|p2a: Ninetales
|-sidestart|p2: Kha'madonna|move: Aurora Veil
|cant|p2b: Kommo-o|slp
|move|p1b: Farigiraf|Psychic|p2b: Kommo-o
|-supereffective|p2b: Kommo-o|1
|-damage|p2b: Kommo-o|43/100 slp
|
|-weather|Snowscape|[upkeep]
|-heal|p2b: Kommo-o|49/100 slp|[from] item: Leftovers
|upkeep
|turn|4
|inactive|Kha'madonna has 30 seconds left.
|
|t:|1782343676
|detailschange|p1a: Mawile|Mawile-Mega, L50, M
|-mega|p1a: Mawile|Mawile|Mawilite
|move|p2a: Ninetales|Protect|p2a: Ninetales
|-singleturn|p2a: Ninetales|Protect
|-curestatus|p2b: Kommo-o|slp|[msg]
|move|p2b: Kommo-o|Clanging Scales|p1a: Mawile|[spread] p1b
|-immune|p1a: Mawile
|-damage|p1b: Farigiraf|46/100
|-enditem|p1b: Farigiraf|Sitrus Berry|[eat]
|-heal|p1b: Farigiraf|71/100|[from] item: Sitrus Berry
|-unboost|p2b: Kommo-o|def|1
|move|p1a: Mawile|Play Rough|p2a: Ninetales
|-activate|p2a: Ninetales|move: Protect
|move|p1b: Farigiraf|Trick Room|p1b: Farigiraf
|-fieldstart|move: Trick Room|[of] p1b: Farigiraf
|
|-weather|Snowscape|[upkeep]
|-heal|p2b: Kommo-o|55/100|[from] item: Leftovers
|upkeep
|turn|5
|
|t:|1782343699
|switch|p1b: Torkoal|Torkoal, L50, F|100/100
|-weather|SunnyDay|[from] ability: Drought|[of] p1b: Torkoal
|switch|p2b: Incineroar|Incineroar, L50, M|100/100
|-ability|p2b: Incineroar|Intimidate|boost
|-unboost|p1a: Mawile|atk|1
|-unboost|p1b: Torkoal|atk|1
|move|p1a: Mawile|Play Rough|p2b: Incineroar
|-damage|p2b: Incineroar|67/100
|-unboost|p2b: Incineroar|atk|1
|move|p2a: Ninetales|Encore||[still]
|-fail|p2a: Ninetales
|
|-weather|SunnyDay|[upkeep]
|upkeep
|turn|6
|
|t:|1782343717
|switch|p1a: Farigiraf|Farigiraf, L50, F|71/100
|switch|p2a: Kommo-o|Kommo-o, L50, F|55/100
|move|p1b: Torkoal|Eruption|p2b: Incineroar|[spread] p2a,p2b
|-resisted|p2a: Kommo-o|1
|-resisted|p2b: Incineroar|1
|-damage|p2a: Kommo-o|27/100
|-damage|p2b: Incineroar|44/100
|-enditem|p2b: Incineroar|Sitrus Berry|[eat]
|-heal|p2b: Incineroar|68/100|[from] item: Sitrus Berry
|move|p2b: Incineroar|Flare Blitz|p1a: Farigiraf
|-damage|p1a: Farigiraf|33/100
|-damage|p2b: Incineroar|54/100|[from] Recoil
|
|-weather|SunnyDay|[upkeep]
|-heal|p2a: Kommo-o|34/100|[from] item: Leftovers
|upkeep
|turn|7
|
|t:|1782343735
|switch|p2a: Ninetales|Ninetales-Alola, L50, F|61/100
|-weather|Snowscape|[from] ability: Snow Warning|[of] p2a: Ninetales
|move|p1a: Farigiraf|Helping Hand|p1b: Torkoal
|-singleturn|p1b: Torkoal|Helping Hand|[of] p1a: Farigiraf
|move|p1b: Torkoal|Eruption|p2a: Ninetales|[spread] p2a,p2b
|-supereffective|p2a: Ninetales|1
|-resisted|p2b: Incineroar|1
|-damage|p2a: Ninetales|0 fnt
|-damage|p2b: Incineroar|30/100
|faint|p2a: Ninetales
|move|p2b: Incineroar|Flare Blitz|p1a: Farigiraf
|-damage|p1a: Farigiraf|9/100
|-damage|p2b: Incineroar|21/100|[from] Recoil
|
|-weather|Snowscape|[upkeep]
|upkeep
|
|t:|1782343745
|switch|p2a: Kommo-o|Kommo-o, L50, F|34/100
|turn|8
|inactive|Kha'madonna has 30 seconds left.
|
|t:|1782343774
|switch|p2b: Gengar|Gengar-Mega, L50, M|100/100
|move|p1a: Farigiraf|Helping Hand|p1b: Torkoal
|-singleturn|p1b: Torkoal|Helping Hand|[of] p1a: Farigiraf
|move|p1b: Torkoal|Eruption|p2b: Gengar|[spread] p2a,p2b
|-resisted|p2a: Kommo-o|1
|-damage|p2a: Kommo-o|6/100
|-damage|p2b: Gengar|34/100
|move|p2a: Kommo-o|Clangorous Soul||[still]
|-fail|p2a: Kommo-o
|
|-weather|Snowscape|[upkeep]
|-heal|p2a: Kommo-o|13/100|[from] item: Leftovers
|-fieldend|move: Trick Room
|upkeep
|turn|9
|
|t:|1782343798
|move|p2b: Gengar|Shadow Ball|p1b: Torkoal
|-damage|p1b: Torkoal|42/100
|move|p2a: Kommo-o|Clanging Scales|p1a: Farigiraf|[spread] p1a,p1b
|-damage|p1a: Farigiraf|0 fnt
|-damage|p1b: Torkoal|0 fnt
|faint|p1a: Farigiraf
|faint|p1b: Torkoal
|-unboost|p2a: Kommo-o|def|1
|
|-weather|Snowscape|[upkeep]
|-heal|p2a: Kommo-o|19/100|[from] item: Leftovers
|upkeep
|
|t:|1782343804
|switch|p1a: Mawile|Mawile-Mega, L50, M|100/100
|switch|p1b: Vileplume|Vileplume, L50, F|100/100
|turn|10
|
|t:|1782343817
|switch|p2a: Incineroar|Incineroar, L50, M|21/100
|-ability|p2a: Incineroar|Intimidate|boost
|-unboost|p1a: Mawile|atk|1
|-unboost|p1b: Vileplume|atk|1
|move|p2b: Gengar|Perish Song|p2b: Gengar
|-start|p1a: Mawile|perish3|[silent]
|-start|p1b: Vileplume|perish3|[silent]
|-start|p2a: Incineroar|perish3|[silent]
|-start|p2b: Gengar|perish3|[silent]
|-fieldactivate|move: Perish Song
|move|p1b: Vileplume|Sleep Powder|p2a: Incineroar
|-status|p2a: Incineroar|slp|[from] move: Sleep Powder
|move|p1a: Mawile|Play Rough|p2b: Gengar
|-resisted|p2b: Gengar|1
|-damage|p2b: Gengar|11/100
|
|-weather|Snowscape|[upkeep]
|-start|p2b: Gengar|perish3
|-start|p1b: Vileplume|perish3
|-start|p2a: Incineroar|perish3
|-start|p1a: Mawile|perish3
|-sideend|p2: Kha'madonna|move: Aurora Veil
|upkeep
|turn|11
|inactive|Kha'madonna has 30 seconds left.
|
|t:|1782343848
|switch|p2a: Kommo-o|Kommo-o, L50, F|19/100
|move|p2b: Gengar|Protect|p2b: Gengar
|-singleturn|p2b: Gengar|Protect
|move|p1b: Vileplume|Sludge Bomb|p2b: Gengar
|-activate|p2b: Gengar|move: Protect
|move|p1a: Mawile|Play Rough|p2a: Kommo-o
|-supereffective|p2a: Kommo-o|2
|-damage|p2a: Kommo-o|0 fnt
|faint|p2a: Kommo-o
|
|-weather|none
|-start|p2b: Gengar|perish2
|-start|p1b: Vileplume|perish2
|-start|p1a: Mawile|perish2
|upkeep
|
|t:|1782343857
|switch|p2a: Incineroar|Incineroar, L50, M|21/100 slp
|-ability|p2a: Incineroar|Intimidate|boost
|-unboost|p1a: Mawile|atk|1
|-unboost|p1b: Vileplume|atk|1
|turn|12
|
|t:|1782343867
|cant|p2a: Incineroar|slp
|move|p2b: Gengar|Disable|p1a: Mawile
|-start|p1a: Mawile|Disable|Play Rough
|move|p1b: Vileplume|Sludge Bomb|p2a: Incineroar
|-damage|p2a: Incineroar|0 fnt
|faint|p2a: Incineroar
|cant|p1a: Mawile|Disable|Play Rough
|
|-start|p2b: Gengar|perish1
|-start|p1b: Vileplume|perish1
|-start|p1a: Mawile|perish1
|upkeep
|turn|13
|
|t:|1782343879
|move|p2b: Gengar|Protect|p2b: Gengar
|-singleturn|p2b: Gengar|Protect
|move|p1a: Mawile|Sucker Punch||[still]
|-fail|p1a: Mawile
|move|p1b: Vileplume|Sludge Bomb|p2b: Gengar
|-activate|p2b: Gengar|move: Protect
|
|-start|p2b: Gengar|perish0
|-start|p1b: Vileplume|perish0
|-start|p1a: Mawile|perish0
|faint|p2b: Gengar
|faint|p1b: Vileplume
|faint|p1a: Mawile
|
|win|lolgz
|raw|lolgz's rating: 1156 → 1187(+31 for winning)
|raw|Kha'madonna's rating: 1241 → 1210(-31 for losing)
