|j|☆WarlogFV
|j|☆Autumnal Rein
|html|WarlogFVAutumnal Rein    
|uhtml|bestof|Game 2 of a best-of-3
|t:|1782490118
|gametype|doubles
|player|p1|WarlogFV|erika|
|player|p2|Autumnal Rein|lusamine-nihilego|
|gen|9
|tier|[Gen 9 Champions] VGC 2026 Reg M-B (Bo3)
|rule|Species Clause: Limit one of each Pokémon
|rule|Item Clause: Limit 1 of each item
|clearpoke
|poke|p1|Tyranitar, L50, M|
|poke|p1|Delphox, L50, M|
|poke|p1|Excadrill, L50, F|
|poke|p1|Sneasler, L50, F|
|poke|p1|Rotom-Wash, L50|
|poke|p1|Corviknight, L50, M|
|poke|p2|Swampert, L50, F|
|poke|p2|Pelipper, L50, F, shiny|
|poke|p2|Archaludon, L50, M|
|poke|p2|Basculegion, L50, M|
|poke|p2|Metagross, L50|
|poke|p2|Grimmsnarl, L50, M|
|teampreview|4
|showteam|p1|Tyranitar||Tyranitarite|SandStream|RockSlide,KnockOff,LowKick,Protect|Adamant||M|||50|]Delphox||Delphoxite|Blaze|Psychic,HeatWave,Encore,Protect|Timid||M|||50|]Excadrill||FocusSash|SandRush|Earthquake,IronHead,RockSlide,Protect|Jolly||F|||50|]Sneasler||WhiteHerb|Unburden|CloseCombat,GunkShot,FakeOut,Protect|Jolly||F|||50|]Rotom-Wash||ChoiceScarf|Levitate|HydroPump,Thunderbolt,VoltSwitch,Electroweb|Timid|||||50|]Corviknight||Leftovers|MirrorArmor|BraveBird,IronHead,Tailwind,Roost|Adamant||M|||50|
|showteam|p2|Swampert||Swampertite|Torrent|Protect,WaveCrash,Earthquake,IcePunch|Adamant||F|||50|]Pelipper||FocusSash|Drizzle|Protect,WideGuard,Tailwind,Hurricane|Timid||F|||50|]Archaludon||Leftovers|Stamina|Protect,ElectroShot,DracoMeteor,FlashCannon|Modest||M|||50|]Basculegion||ChoiceScarf|Adaptability|WaveCrash,AquaJet,FlipTurn,LastRespects|Jolly||M|||50|]Metagross||Metagrossite|ClearBody|Protect,BulletPunch,PsychicFangs,IronHead|Adamant|||||50|]Grimmsnarl||LightClay|Prankster|Reflect,LightScreen,PartingShot,SpiritBreak|Careful||M|||50|
|j| the gong lady
|inactive|Battle timer is ON: inactive players will automatically lose when time's up. (requested by WarlogFV)
|j| RadiantSteelix
|j| WahlbandHutsassa
|inactive|WarlogFV has 60 seconds left.
|inactive|Autumnal Rein has 60 seconds left.
|j| jpievgc
|
|t:|1782490185
|teamsize|p1|4
|teamsize|p2|4
|start
|switch|p1a: Corviknight|Corviknight, L50, M|100/100
|switch|p1b: Tyranitar|Tyranitar, L50, M|100/100
|switch|p2a: fih|Basculegion, L50, M|100/100
|switch|p2b: grimmothy|Grimmsnarl, L50, M|100/100
|-weather|Sandstorm|[from] ability: Sand Stream|[of] p1b: Tyranitar
|turn|1
|inactive|Autumnal Rein has 30 seconds left.
|
|t:|1782490212
|move|p1b: Tyranitar|Protect|p1b: Tyranitar
|-singleturn|p1b: Tyranitar|Protect
|move|p2b: grimmothy|Reflect|p2b: grimmothy
|-sidestart|p2: Autumnal Rein|Reflect
|move|p2a: fih|Wave Crash|p1b: Tyranitar
|-activate|p1b: Tyranitar|move: Protect
|move|p1a: Corviknight|Tailwind|p1a: Corviknight
|-sidestart|p1: WarlogFV|move: Tailwind
|
|-weather|Sandstorm|[upkeep]
|-damage|p2a: fih|93/100|[from] Sandstorm
|-damage|p2b: grimmothy|94/100|[from] Sandstorm
|upkeep
|turn|2
|
|t:|1782490231
|switch|p1b: Rotom|Rotom-Wash, L50|100/100
|move|p2a: fih|Wave Crash|p1b: Rotom
|-resisted|p1b: Rotom|1
|-damage|p1b: Rotom|48/100
|-damage|p2a: fih|82/100|[from] Recoil
|move|p1a: Corviknight|Brave Bird|p2a: fih
|-damage|p2a: fih|39/100
|-damage|p1a: Corviknight|86/100|[from] Recoil
|move|p2b: grimmothy|Spirit Break|p1b: Rotom
|-damage|p1b: Rotom|3/100
|-unboost|p1b: Rotom|spa|1
|
|-weather|Sandstorm|[upkeep]
|-damage|p1b: Rotom|0 fnt|[from] Sandstorm
|-damage|p2a: fih|33/100|[from] Sandstorm
|-damage|p2b: grimmothy|88/100|[from] Sandstorm
|faint|p1b: Rotom
|-heal|p1a: Corviknight|92/100|[from] item: Leftovers
|upkeep
|
|t:|1782490243
|switch|p1b: Sneasler|Sneasler, L50, F|100/100
|turn|3
|inactive|Autumnal Rein has 30 seconds left.
|inactive|Autumnal Rein has 20 seconds left.
|inactive|Autumnal Rein has 15 seconds left.
|inactive|Autumnal Rein has 10 seconds left.
|
|t:|1782490289
|switch|p2a: jersey butter|Swampert, L50, F|100/100
|switch|p2b: jet the hawk|Pelipper, L50, F, shiny|100/100
|-weather|RainDance|[from] ability: Drizzle|[of] p2b: jet the hawk
|move|p1b: Sneasler|Protect|p1b: Sneasler
|-singleturn|p1b: Sneasler|Protect
|move|p1a: Corviknight|Brave Bird|p2a: jersey butter
|-damage|p2a: jersey butter|62/100
|-damage|p1a: Corviknight|81/100|[from] Recoil
|
|-weather|RainDance|[upkeep]
|-heal|p1a: Corviknight|87/100|[from] item: Leftovers
|upkeep
|turn|4
|inactive|WarlogFV has 30 seconds left.
|inactive|Autumnal Rein has 30 seconds left.
|
|t:|1782490320
|detailschange|p2a: jersey butter|Swampert-Mega, L50, F
|-mega|p2a: jersey butter|Swampert|Swampertite
|move|p1b: Sneasler|Close Combat|p2a: jersey butter
|-damage|p2a: jersey butter|20/100r
|-unboost|p1b: Sneasler|def|1
|-unboost|p1b: Sneasler|spd|1
|-enditem|p1b: Sneasler|White Herb
|-clearnegativeboost|p1b: Sneasler|[silent]
|move|p2a: jersey butter|Wave Crash|p1a: Corviknight
|-damage|p1a: Corviknight|1/100
|-damage|p2a: jersey butter|0 fnt|[from] Recoil
|faint|p2a: jersey butter
|move|p1a: Corviknight|Brave Bird|p2b: jet the hawk
|-damage|p2b: jet the hawk|55/100
|-damage|p1a: Corviknight|0 fnt|[from] Recoil
|faint|p1a: Corviknight
|move|p2b: jet the hawk|Hurricane|p1b: Sneasler
|-supereffective|p1b: Sneasler|1
|-damage|p1b: Sneasler|0 fnt
|faint|p1b: Sneasler
|
|-weather|RainDance|[upkeep]
|-sideend|p1: WarlogFV|move: Tailwind
|upkeep
|
|t:|1782490342
|switch|p1b: Tyranitar|Tyranitar, L50, M|100/100
|switch|p2a: grimmothy|Grimmsnarl, L50, M|88/100
|-weather|Sandstorm|[from] ability: Sand Stream|[of] p1b: Tyranitar
|turn|5
|inactive|Autumnal Rein has 30 seconds left.
|
|t:|1782490373
|move|p2b: jet the hawk|Wide Guard|p2b: jet the hawk
|-singleturn|p2b: jet the hawk|Wide Guard
|move|p1b: Tyranitar|Rock Slide|p2b: jet the hawk|[spread] 
|-activate|p2a: grimmothy|move: Wide Guard
|-activate|p2b: jet the hawk|move: Wide Guard
|move|p2a: grimmothy|Spirit Break|p1b: Tyranitar
|-supereffective|p1b: Tyranitar|1
|-crit|p1b: Tyranitar
|-damage|p1b: Tyranitar|26/100
|-unboost|p1b: Tyranitar|spa|1
|
|-weather|Sandstorm|[upkeep]
|-damage|p2b: jet the hawk|49/100|[from] Sandstorm
|-damage|p2a: grimmothy|82/100|[from] Sandstorm
|upkeep
|turn|6
|
|t:|1782490387
|detailschange|p1b: Tyranitar|Tyranitar-Mega, L50, M
|-mega|p1b: Tyranitar|Tyranitar|Tyranitarite
|move|p2b: jet the hawk|Wide Guard|p2b: jet the hawk
|-singleturn|p2b: jet the hawk|Wide Guard
|move|p1b: Tyranitar|Rock Slide|p2b: jet the hawk|[spread] 
|-activate|p2a: grimmothy|move: Wide Guard
|-activate|p2b: jet the hawk|move: Wide Guard
|move|p2a: grimmothy|Spirit Break|p1b: Tyranitar
|-supereffective|p1b: Tyranitar|1
|-damage|p1b: Tyranitar|0 fnt
|faint|p1b: Tyranitar
|
|win|Autumnal Rein
|inactive|WarlogFV has 30 seconds to confirm battle start!
|inactive|Autumnal Rein has 30 seconds to confirm battle start!
||Autumnal Rein is ready for game 3.
||WarlogFV is ready for game 3.
|uhtml|next|Next: Game 3 of 3
|l| jpievgc
|j| Coldflame2802
|l| Coldflame2802
|j| Coldflame2802
|j| jpievgc
|l| jpievgc
|l| RadiantSteelix
|l| Coldflame2802
|l| WahlbandHutsassa
|l|☆WarlogFV
|player|p1|
|j| FBIsurveillanceman
|l| FBIsurveillanceman
