|j|☆evioexess
|j|☆The_AG_Is_Real
|html|evioexessThe_AG_Is_Real    
|uhtml|bestof|Game 1 of a best-of-3
|t:|1785245736
|gametype|doubles
|player|p1|evioexess|265|1179
|player|p2|The_AG_Is_Real|rika|1264
|gen|9
|tier|[Gen 9 Champions] VGC 2026 Reg M-B (Bo3)
|rated|
|rule|Species Clause: Limit one of each Pokémon
|rule|Item Clause: Limit 1 of each item
|clearpoke
|poke|p1|Incineroar, L50, F|
|poke|p1|Swampert, L50, F|
|poke|p1|Pelipper, L50, M|
|poke|p1|Pinsir, L50, M|
|poke|p1|Maushold-Four, L50|
|poke|p1|Archaludon, L50, M, shiny|
|poke|p2|Metagross, L50|
|poke|p2|Kommo-o, L50, M|
|poke|p2|Ninetales-Alola, L50, M|
|poke|p2|Incineroar, L50, M|
|poke|p2|Sinistcha, L50|
|poke|p2|Aerodactyl, L50, F|
|teampreview|4
|showteam|p1|Incineroar||PasshoBerry|Intimidate|FakeOut,WillOWisp,PartingShot,ThroatChop|Jolly||F|||50|]Swampert||Swampertite|Torrent|Earthquake,WaveCrash,IcePunch,Protect|Adamant||F|||50|]Pelipper||SitrusBerry|Drizzle|WeatherBall,Hurricane,Tailwind,Protect|Modest||M|||50|]Pinsir||Pinsirite|HyperCutter|SwordsDance,QuickAttack,BugBite,Protect|Adamant||M|||50|]Maushold-Four||FocusSash|FriendGuard|RainDance,SuperFang,Taunt,FollowMe|Jolly|||||50|]Archaludon||Leftovers|Stamina|ElectroShot,FlashCannon,DragonPulse,Protect|Modest||M|||50|
|showteam|p2|Metagross||Metagrossite|LightMetal|PsychicFangs,IronHead,IcePunch,Protect|Jolly|||||50|]Kommo-o||Leftovers|Soundproof|ClangingScales,AuraSphere,ClangorousSoul,Protect|Modest||M|||50|]Ninetales-Alola||FocusSash|SnowWarning|Blizzard,Moonblast,AuroraVeil,Protect|Timid||M|||50|]Incineroar||SitrusBerry|Intimidate|FlareBlitz,DarkestLariat,FakeOut,PartingShot|Careful||M|||50|]Sinistcha||OccaBerry|Hospitality|MatchaGotcha,RagePowder,TrickRoom,Protect|Calm|||||50|]Aerodactyl||Aerodactylite|Unnerve|RockSlide,DualWingbeat,Tailwind,Protect|Jolly||F|||50|
|inactive|Battle timer is ON: inactive players will automatically lose when time's up. (requested by The_AG_Is_Real)
|inactive|evioexess has 60 seconds left.
|inactive|The_AG_Is_Real has 60 seconds left.
|
|t:|1785245782
|teamsize|p1|4
|teamsize|p2|4
|start
|switch|p1a: Incineroar|Incineroar, L50, F|100/100
|switch|p1b: Archaludon|Archaludon, L50, M, shiny|100/100
|switch|p2a: Paco|Kommo-o, L50, M|100/100
|switch|p2b: Incineroar|Incineroar, L50, M|100/100
|-ability|p1a: Incineroar|Intimidate|boost
|-unboost|p2a: Paco|atk|1
|-unboost|p2b: Incineroar|atk|1
|-ability|p2b: Incineroar|Intimidate|boost
|-unboost|p1a: Incineroar|atk|1
|-unboost|p1b: Archaludon|atk|1
|turn|1
|
|t:|1785245804
|switch|p1b: Pelipper|Pelipper, L50, M|100/100
|-weather|RainDance|[from] ability: Drizzle|[of] p1b: Pelipper
|move|p1a: Incineroar|Fake Out|p2a: Paco
|-damage|p2a: Paco|93/100
|cant|p2a: Paco|flinch
|move|p2b: Incineroar|Parting Shot|p1b: Pelipper
|-unboost|p1b: Pelipper|atk|1
|-unboost|p1b: Pelipper|spa|1
|
|t:|1785245818
|switch|p2b: Metagross|Metagross, L50|100/100|[from] Parting Shot
|
|-weather|RainDance|[upkeep]
|-heal|p2a: Paco|99/100|[from] item: Leftovers
|upkeep
|turn|2
|
|t:|1785245831
|detailschange|p2b: Metagross|Metagross-Mega, L50
|-mega|p2b: Metagross|Metagross|Metagrossite
|move|p2b: Metagross|Psychic Fangs|p1b: Pelipper
|-damage|p1b: Pelipper|38/100
|-enditem|p1b: Pelipper|Sitrus Berry|[eat]
|-heal|p1b: Pelipper|63/100|[from] item: Sitrus Berry
|move|p2a: Paco|Clangorous Soul|p2a: Paco
|-boost|p2a: Paco|atk|1
|-boost|p2a: Paco|def|1
|-boost|p2a: Paco|spa|1
|-boost|p2a: Paco|spd|1
|-boost|p2a: Paco|spe|1
|-damage|p2a: Paco|66/100
|move|p1b: Pelipper|Tailwind|p1b: Pelipper
|-sidestart|p1: evioexess|move: Tailwind
|move|p1a: Incineroar|Will-O-Wisp|p2b: Metagross
|-status|p2b: Metagross|brn
|
|-weather|RainDance|[upkeep]
|-heal|p2a: Paco|73/100|[from] item: Leftovers
|-damage|p2b: Metagross|94/100 brn|[from] brn
|upkeep
|turn|3
|inactive|The_AG_Is_Real has 30 seconds left.
|
|t:|1785245859
|switch|p2b: Sinistcha|Sinistcha, L50|100/100
|-heal|p2a: Paco|98/100|[from] ability: Hospitality|[of] p2b: Sinistcha
|move|p1b: Pelipper|Hurricane|p2a: Paco
|-supereffective|p2a: Paco|1
|-damage|p2a: Paco|59/100
|-start|p2a: Paco|confusion
|-activate|p2a: Paco|confusion
|move|p2a: Paco|Clanging Scales|p1b: Pelipper|[spread] p1a,p1b
|-damage|p1a: Incineroar|46/100
|-damage|p1b: Pelipper|0 fnt
|faint|p1b: Pelipper
|-unboost|p2a: Paco|def|1
|move|p1a: Incineroar|Parting Shot|p2b: Sinistcha
|-unboost|p2b: Sinistcha|atk|1
|-unboost|p2b: Sinistcha|spa|1
|
|t:|1785245874
|switch|p1a: Pinsir|Pinsir, L50, M|100/100|[from] Parting Shot
|
|-weather|RainDance|[upkeep]
|-heal|p2a: Paco|65/100|[from] item: Leftovers
|upkeep
|
|t:|1785245878
|switch|p1b: Incineroar|Incineroar, L50, F|46/100
|-ability|p1b: Incineroar|Intimidate|boost
|-unboost|p2a: Paco|atk|1
|-unboost|p2b: Sinistcha|atk|1
|turn|4
|
|t:|1785245885
|switch|p2b: Incineroar|Incineroar, L50, M|100/100
|-ability|p2b: Incineroar|Intimidate|boost
|-fail|p1a: Pinsir|unboost|Attack|[from] ability: Hyper Cutter|[of] p1a: Pinsir
|-unboost|p1b: Incineroar|atk|1
|move|p1b: Incineroar|Fake Out|p2a: Paco
|-damage|p2a: Paco|58/100
|move|p1a: Pinsir|Swords Dance|p1a: Pinsir
|-boost|p1a: Pinsir|atk|2
|cant|p2a: Paco|flinch
|
|-weather|RainDance|[upkeep]
|-heal|p2a: Paco|65/100|[from] item: Leftovers
|upkeep
|turn|5
|
|t:|1785245905
|move|p1a: Pinsir|Protect|p1a: Pinsir
|-singleturn|p1a: Pinsir|Protect
|move|p2b: Incineroar|Fake Out|p1a: Pinsir
|-activate|p1a: Pinsir|move: Protect
|-activate|p2a: Paco|confusion
|-damage|p2a: Paco|58/100|[from] confusion
|move|p1b: Incineroar|Throat Chop|p2b: Incineroar
|-resisted|p2b: Incineroar|1
|-damage|p2b: Incineroar|90/100
|-start|p2b: Incineroar|Throat Chop|[silent]
|
|-weather|none
|-heal|p2a: Paco|65/100|[from] item: Leftovers
|-sideend|p1: evioexess|move: Tailwind
|upkeep
|turn|6
|inactive|The_AG_Is_Real has 30 seconds left.
|
|t:|1785245935
|switch|p2b: Sinistcha|Sinistcha, L50|100/100
|-heal|p2a: Paco|90/100|[from] ability: Hospitality|[of] p2b: Sinistcha
|detailschange|p1a: Pinsir|Pinsir-Mega, L50, M
|-mega|p1a: Pinsir|Pinsir|Pinsirite
|move|p1a: Pinsir|Quick Attack|p2a: Paco
|-supereffective|p2a: Paco|1
|-damage|p2a: Paco|0 fnt
|faint|p2a: Paco
|move|p1b: Incineroar|Parting Shot|p2b: Sinistcha
|-unboost|p2b: Sinistcha|atk|1
|-unboost|p2b: Sinistcha|spa|1
|
|t:|1785245946
|switch|p1b: Archaludon|Archaludon, L50, M, shiny|100/100|[from] Parting Shot
|
|upkeep
|
|t:|1785245950
|switch|p2a: Incineroar|Incineroar, L50, M|90/100
|-ability|p2a: Incineroar|Intimidate|boost
|-unboost|p1a: Pinsir|atk|1
|-unboost|p1b: Archaludon|atk|1
|turn|7
|
|t:|1785245961
|switch|p1b: Incineroar|Incineroar, L50, F|46/100
|-ability|p1b: Incineroar|Intimidate|boost
|-unboost|p2a: Incineroar|atk|1
|-unboost|p2b: Sinistcha|atk|1
|move|p1a: Pinsir|Protect|p1a: Pinsir
|-singleturn|p1a: Pinsir|Protect
|move|p2b: Sinistcha|Rage Powder|p2b: Sinistcha
|-singleturn|p2b: Sinistcha|move: Rage Powder
|move|p2a: Incineroar|Flare Blitz|p1a: Pinsir
|-activate|p1a: Pinsir|move: Protect
|
|upkeep
|turn|8
|
|t:|1785245978
|switch|p2a: Metagross|Metagross-Mega, L50|94/100 brn
|move|p1b: Incineroar|Fake Out|p2a: Metagross
|-resisted|p2a: Metagross|1
|-damage|p2a: Metagross|89/100 brn
|move|p1a: Pinsir|Swords Dance|p1a: Pinsir
|-boost|p1a: Pinsir|atk|2
|move|p2b: Sinistcha|Matcha Gotcha|p1a: Pinsir|[spread] p1a,p1b
|-resisted|p1a: Pinsir|2
|-resisted|p1b: Incineroar|1
|-damage|p1a: Pinsir|95/100
|-damage|p1b: Incineroar|38/100
|
|-damage|p2a: Metagross|84/100 brn|[from] brn
|upkeep
|turn|9
|
|t:|1785245996
|switch|p2b: Incineroar|Incineroar, L50, M|90/100
|-ability|p2b: Incineroar|Intimidate|boost
|-unboost|p1a: Pinsir|atk|1
|-unboost|p1b: Incineroar|atk|1
|move|p2a: Metagross|Ice Punch|p1a: Pinsir
|-supereffective|p1a: Pinsir|1
|-damage|p1a: Pinsir|51/100
|-status|p1a: Pinsir|frz
|-curestatus|p1a: Pinsir|frz|[msg]
|move|p1a: Pinsir|Bug Bite|p2b: Incineroar
|-damage|p2b: Incineroar|23/100
|-enditem|p2b: Incineroar|Sitrus Berry|[from] stealeat|[move] Bug Bite|[of] p1a: Pinsir
|-heal|p1a: Pinsir|76/100|[from] item: Sitrus Berry
|move|p1b: Incineroar|Parting Shot|p2a: Metagross
|-unboost|p2a: Metagross|atk|1
|-unboost|p2a: Metagross|spa|1
|
|t:|1785246013
|switch|p1b: Archaludon|Archaludon, L50, M, shiny|100/100|[from] Parting Shot
|
|-damage|p2a: Metagross|78/100 brn|[from] brn
|upkeep
|turn|10
|inactive|The_AG_Is_Real has 30 seconds left.
|
|t:|1785246043
|move|p2a: Metagross|Iron Head|p1a: Pinsir
|-damage|p1a: Pinsir|56/100
|move|p1a: Pinsir|Bug Bite|p2b: Incineroar
|-damage|p2b: Incineroar|0 fnt
|faint|p2b: Incineroar
|move|p1b: Archaludon|Electro Shot||[still]
|-prepare|p1b: Archaludon|Electro Shot
|-boost|p1b: Archaludon|spa|1
|
|-damage|p2a: Metagross|72/100 brn|[from] brn
|upkeep
|
|t:|1785246047
|switch|p2b: Sinistcha|Sinistcha, L50|100/100
|-heal|p2a: Metagross|97/100 brn|[from] ability: Hospitality|[of] p2b: Sinistcha
|turn|11
|-message|The_AG_Is_Real forfeited.
|
|win|evioexess
|l|☆The_AG_Is_Real
|player|p2|
||The_AG_Is_Real is ready for game 2.
||evioexess is ready for game 2.
|uhtml|next|Next: Game 2 of 3
