|j|☆spicy mcchikin
|j|☆pruebas2003
|html|spicy mcchikinpruebas2003    
|uhtml|bestof|Game 2 of a best-of-3
|t:|1784994809
|gametype|doubles
|player|p1|spicy mcchikin|palmer|1174
|player|p2|pruebas2003|flint|1109
|gen|9
|tier|[Gen 9 Champions] VGC 2026 Reg M-B (Bo3)
|rated|
|rule|Species Clause: Limit one of each Pokémon
|rule|Item Clause: Limit 1 of each item
|clearpoke
|poke|p1|Charizard, L50, F|
|poke|p1|Garchomp, L50, M|
|poke|p1|Kingambit, L50, M|
|poke|p1|Toxapex, L50, M|
|poke|p1|Whimsicott, L50, M|
|poke|p1|Basculegion, L50, M|
|poke|p2|Garchomp, L50, M|
|poke|p2|Venusaur, L50, F|
|poke|p2|Incineroar, L50, M|
|poke|p2|Charizard, L50, M|
|poke|p2|Toxapex, L50, F|
|poke|p2|Annihilape, L50, M|
|teampreview|4
|showteam|p1|Charizard||CharizarditeY|Blaze|HeatWave,WeatherBall,SolarBeam,Protect|Modest||F|||50|]Garchomp||SitrusBerry|RoughSkin|DragonClaw,Earthquake,Protect,RockSlide|Adamant||M|||50|]Kingambit||ChopleBerry|Defiant|KowtowCleave,LowKick,SuckerPunch,Protect|Adamant||M|||50|]Toxapex||Leftovers|Regenerator|BanefulBunker,Toxic,Infestation,WideGuard|Bold||M|||50|]Whimsicott||FocusSash|Prankster|Moonblast,Encore,Tailwind,Protect|Timid||M|||50|]Basculegion||LifeOrb|Adaptability|WaveCrash,LastRespects,AquaJet,Protect|Adamant||M|||50|
|showteam|p2|Garchomp||ChoiceScarf|RoughSkin|Earthquake,RockSlide,DragonClaw,StompingTantrum|Adamant||M|||50|]Venusaur||LifeOrb|Chlorophyll|SludgeBomb,SolarBeam,EarthPower,Protect|Modest||F|||50|]Incineroar||SitrusBerry|Intimidate|FakeOut,FlareBlitz,ThroatChop,PartingShot|Impish||M|||50|]Charizard||CharizarditeY|Blaze|HeatWave,WeatherBall,Protect,HelpingHand|Modest||M|||50|]Toxapex||Leftovers|Regenerator|Infestation,Toxic,WideGuard,BanefulBunker|Impish||F|||50|]Annihilape||FocusSash|Defiant|CloseCombat,PhantomForce,RockTomb,Protect|Jolly||M|||50|
|inactive|Battle timer is ON: inactive players will automatically lose when time's up. (requested by spicy mcchikin)
|inactive|spicy mcchikin has 60 seconds left.
|inactive|pruebas2003 has 60 seconds left.
|inactive|spicy mcchikin has 30 seconds left.
|inactive|spicy mcchikin has 20 seconds left.
|inactive|spicy mcchikin has 15 seconds left.
|inactive|spicy mcchikin has 10 seconds left.
|inactive|spicy mcchikin has 5 seconds left.
|
|t:|1784994899
|teamsize|p1|4
|teamsize|p2|4
|start
|switch|p1a: Garchomp|Garchomp, L50, M|100/100
|switch|p1b: Whimsicott|Whimsicott, L50, M|100/100
|switch|p2a: Charizard|Charizard, L50, M|100/100
|switch|p2b: Garchomp|Garchomp, L50, M|100/100
|turn|1
|inactive|pruebas2003 has 30 seconds left.
|inactive|pruebas2003 has 20 seconds left.
|inactive|pruebas2003 has 15 seconds left.
|
|t:|1784994942
|move|p2a: Charizard|Helping Hand|p2b: Garchomp
|-singleturn|p2b: Garchomp|Helping Hand|[of] p2a: Charizard
|move|p2b: Garchomp|Dragon Claw|p1a: Garchomp
|-supereffective|p1a: Garchomp|1
|-damage|p1a: Garchomp|0 fnt
|-damage|p2b: Garchomp|87/100|[from] ability: Rough Skin|[of] p1a: Garchomp
|faint|p1a: Garchomp
|move|p1b: Whimsicott|Moonblast|p2b: Garchomp
|-supereffective|p2b: Garchomp|1
|-damage|p2b: Garchomp|13/100
|-unboost|p2b: Garchomp|spa|1
|
|upkeep
|
|t:|1784994959
|switch|p1a: Charizard|Charizard, L50, F|100/100
|turn|2
|
|t:|1784994983
|switch|p2b: Incineroar|Incineroar, L50, M|100/100
|-ability|p2b: Incineroar|Intimidate|boost
|-unboost|p1a: Charizard|atk|1
|-unboost|p1b: Whimsicott|atk|1
|switch|p1b: Basculegion|Basculegion, L50, M|100/100
|detailschange|p2a: Charizard|Charizard-Mega-Y, L50, M
|-mega|p2a: Charizard|Charizard|Charizardite Y
|-weather|SunnyDay|[from] ability: Drought|[of] p2a: Charizard
|detailschange|p1a: Charizard|Charizard-Mega-Y, L50, F
|-mega|p1a: Charizard|Charizard|Charizardite Y
|move|p1a: Charizard|Heat Wave|p2b: Incineroar|[spread] p2a,p2b
|-resisted|p2a: Charizard|1
|-resisted|p2b: Incineroar|1
|-damage|p2a: Charizard|75/100
|-damage|p2b: Incineroar|74/100
|move|p2a: Charizard|Heat Wave|p1b: Basculegion|[spread] p1a,p1b
|-resisted|p1a: Charizard|1
|-crit|p1a: Charizard
|-resisted|p1b: Basculegion|1
|-damage|p1a: Charizard|60/100
|-damage|p1b: Basculegion|65/100
|
|-weather|SunnyDay|[upkeep]
|upkeep
|turn|3
|inactive|spicy mcchikin has 30 seconds left.
|inactive|pruebas2003 has 30 seconds left.
|inactive|spicy mcchikin has 20 seconds left.
|inactive|pruebas2003 has 20 seconds left.
|inactive|spicy mcchikin has 15 seconds left.
|
|t:|1784995024
|switch|p1a: Whimsicott|Whimsicott, L50, M|100/100
|move|p2a: Charizard|Heat Wave|p1a: Whimsicott|[spread] p1a,p1b
|-supereffective|p1a: Whimsicott|1
|-resisted|p1b: Basculegion|1
|-enditem|p1a: Whimsicott|Focus Sash
|-damage|p1a: Whimsicott|1/100
|-damage|p1b: Basculegion|30/100
|move|p1b: Basculegion|Wave Crash|p2b: Incineroar
|-supereffective|p2b: Incineroar|1
|-damage|p2b: Incineroar|0 fnt
|faint|p2b: Incineroar
|-damage|p1b: Basculegion|5/100|[from] Recoil
|-damage|p1b: Basculegion|0 fnt|[from] item: Life Orb
|faint|p1b: Basculegion
|
|-weather|SunnyDay|[upkeep]
|upkeep
|
|t:|1784995043
|switch|p1b: Charizard|Charizard-Mega-Y, L50, F|60/100
|switch|p2b: Venusaur|Venusaur, L50, F|100/100
|turn|4
|
|t:|1784995060
|move|p2b: Venusaur|Sludge Bomb|p1b: Charizard
|-damage|p1b: Charizard|12/100
|-damage|p2b: Venusaur|90/100|[from] item: Life Orb
|move|p1a: Whimsicott|Moonblast|p2a: Charizard
|-resisted|p2a: Charizard|1
|-damage|p2a: Charizard|58/100
|move|p1b: Charizard|Weather Ball|p2a: Charizard
|-resisted|p2a: Charizard|1
|-damage|p2a: Charizard|23/100
|move|p2a: Charizard|Heat Wave|p1b: Charizard|[spread] p1a
|-miss|p2a: Charizard|p1b: Charizard
|-supereffective|p1a: Whimsicott|1
|-damage|p1a: Whimsicott|0 fnt
|faint|p1a: Whimsicott
|
|-weather|SunnyDay|[upkeep]
|upkeep
|turn|5
|c|☆spicy mcchikin|ggwp
|
|t:|1784995076
|move|p2a: Charizard|Helping Hand|p2b: Venusaur
|-singleturn|p2b: Venusaur|Helping Hand|[of] p2a: Charizard
|move|p2b: Venusaur|Sludge Bomb|p1b: Charizard
|-damage|p1b: Charizard|0 fnt
|faint|p1b: Charizard
|-damage|p2b: Venusaur|81/100|[from] item: Life Orb
|
|win|pruebas2003
|raw|spicy mcchikin's rating: 1174 → 1144(-30 for losing)
|raw|pruebas2003's rating: 1109 → 1139(+30 for winning)
|c|☆pruebas2003|gg
