|j|☆ChoraoSofa
|j|☆FAMILIARCOL
|html|ChoraoSofaFAMILIARCOL    
|uhtml|bestof|Game 1 of a best-of-3
|t:|1757854667
|gametype|doubles
|player|p1|ChoraoSofa|swimmer-gen4|1107
|player|p2|FAMILIARCOL|169|1131
|gen|9
|tier|[Gen 9] VGC 2025 Reg H (Bo3)
|rated|
|rule|Species Clause: Limit one of each Pokémon
|rule|Item Clause: Limit 1 of each item
|clearpoke
|poke|p1|Scovillain, L50, F|
|poke|p1|Ambipom, L50, F|
|poke|p1|Torkoal, L50, F|
|poke|p1|Ursaluna, L50, F|
|poke|p1|Kilowattrel, L50, M|
|poke|p1|Gallade, L50, M|
|poke|p2|Farigiraf, L50, F|
|poke|p2|Dragonite, L50, F|
|poke|p2|Incineroar, L50, F|
|poke|p2|Murkrow, L50, F|
|poke|p2|Gholdengo, L50|
|poke|p2|Garchomp, L50, F|
|teampreview|4
|showteam|p1|Scovillain||FocusSash|Chlorophyll|RagePowder,EnergyBall,Flamethrower,SpicyExtract|||F|||50|,,,,,Ghost]Ambipom||WideLens|Technician|FakeOut,TripleAxel,Protect,Uturn|||F|||50|,,,,,Stellar]Torkoal||EjectPack|Drought|Eruption,Protect,Overheat,HeatWave|||F|||50|,,,,,Fire]Ursaluna||FlameOrb|Guts|HeadlongRush,Earthquake,Facade,Protect|||F|||50|,,,,,Ghost]Kilowattrel||CovertCloak|Competitive|AirSlash,Tailwind,Thunderbolt,Protect|||M|||50|,,,,,Fairy]Gallade||ClearAmulet|Sharpness|WideGuard,SacredSword,PsychoCut,TrickRoom|||M|||50|,,,,,Fire
|showteam|p2|Farigiraf||RockyHelmet|ArmorTail|Imprison,TrickRoom,HelpingHand,DazzlingGleam|||F|||50|,,,,,Fairy]Dragonite||LoadedDice|Multiscale|ScaleShot,ExtremeSpeed,AerialAce,DragonDance|||F|||50|,,,,,Normal]Incineroar||SitrusBerry|Intimidate|FakeOut,KnockOff,WillOWisp,PartingShot|||F|||50|,,,,,Grass]Murkrow||Eviolite|Prankster|Tailwind,Haze,Taunt,FoulPlay|||F|||50|,,,,,Ghost]Gholdengo||Leftovers|GoodasGold|MakeItRain,ShadowBall,NastyPlot,Protect||||||50|,,,,,Water]Garchomp||ClearAmulet|RoughSkin|Earthquake,RockSlide,DragonClaw,Protect|||F|||50|,,,,,Ground
|inactive|Battle timer is ON: inactive players will automatically lose when time's up. (requested by ChoraoSofa)
|inactive|ChoraoSofa has 60 seconds left.
|inactive|FAMILIARCOL has 60 seconds left.
|inactive|ChoraoSofa has 30 seconds left.
|inactive|ChoraoSofa has 20 seconds left.
|
|t:|1757854741
|teamsize|p1|4
|teamsize|p2|4
|start
|switch|p1a: Ambipom|Ambipom, L50, F|100/100
|switch|p1b: Kilowattrel|Kilowattrel, L50, M|100/100
|switch|p2a: Gholdengo|Gholdengo, L50|100/100
|switch|p2b: Murkrow|Murkrow, L50, F, shiny|100/100
|turn|1
|inactive|ChoraoSofa has 30 seconds left.
|
|t:|1757854773
|move|p2b: Murkrow|Tailwind|p2b: Murkrow
|-sidestart|p2: FAMILIARCOL|move: Tailwind
|move|p2a: Gholdengo|Nasty Plot|p2a: Gholdengo
|-boost|p2a: Gholdengo|spa|2
|move|p1b: Kilowattrel|Tailwind|p1b: Kilowattrel
|-sidestart|p1: ChoraoSofa|move: Tailwind
|move|p1a: Ambipom|U-turn|p2a: Gholdengo
|-resisted|p2a: Gholdengo
|-damage|p2a: Gholdengo|96/100
|
|t:|1757854788
|switch|p1a: Scovillain|Scovillain, L50, F|100/100|[from] U-turn
|
|-heal|p2a: Gholdengo|100/100|[from] item: Leftovers
|upkeep
|turn|2
|
|t:|1757854808
|switch|p2b: Garchomp|Garchomp, L50, F, shiny|100/100
|move|p1b: Kilowattrel|Thunderbolt|p2b: Garchomp
|-immune|p2b: Garchomp
|move|p2a: Gholdengo|Make It Rain|p1a: Scovillain|[spread] p1a,p1b
|-resisted|p1a: Scovillain
|-resisted|p1b: Kilowattrel
|-damage|p1a: Scovillain|15/100
|-damage|p1b: Kilowattrel|5/100
|-unboost|p2a: Gholdengo|spa|1
|move|p1a: Scovillain|Flamethrower|p2b: Garchomp
|-resisted|p2b: Garchomp
|-damage|p2b: Garchomp|74/100
|
|upkeep
|turn|3
|
|t:|1757854826
|move|p1b: Kilowattrel|Protect|p1b: Kilowattrel
|-singleturn|p1b: Kilowattrel|Protect
|move|p1a: Scovillain|Rage Powder|p1a: Scovillain
|-singleturn|p1a: Scovillain|move: Rage Powder
|move|p2b: Garchomp|Rock Slide|p1a: Scovillain|[spread] 
|-activate|p1b: Kilowattrel|move: Protect
|-miss|p2b: Garchomp|p1a: Scovillain
|move|p2a: Gholdengo|Nasty Plot|p2a: Gholdengo
|-boost|p2a: Gholdengo|spa|2
|
|upkeep
|turn|4
|
|t:|1757854849
|move|p1b: Kilowattrel|Thunderbolt|p2a: Gholdengo
|-damage|p2a: Gholdengo|50/100
|move|p2b: Garchomp|Dragon Claw|p1b: Kilowattrel
|-damage|p1b: Kilowattrel|0 fnt
|faint|p1b: Kilowattrel
|move|p2a: Gholdengo|Shadow Ball|p1a: Scovillain
|-damage|p1a: Scovillain|0 fnt
|faint|p1a: Scovillain
|
|-heal|p2a: Gholdengo|57/100|[from] item: Leftovers
|-sideend|p2: FAMILIARCOL|move: Tailwind
|-sideend|p1: ChoraoSofa|move: Tailwind
|upkeep
|
|t:|1757854859
|switch|p1b: Torkoal|Torkoal, L50, F|100/100
|switch|p1a: Ambipom|Ambipom, L50, F|100/100
|-weather|SunnyDay|[from] ability: Drought|[of] p1b: Torkoal
|turn|5
|
|t:|1757854882
|-terastallize|p1a: Ambipom|Stellar
|move|p2a: Gholdengo|Protect|p2a: Gholdengo
|-singleturn|p2a: Gholdengo|Protect
|move|p1a: Ambipom|Triple Axel|p2a: Gholdengo
|-activate|p2a: Gholdengo|move: Protect
|move|p2b: Garchomp|Earthquake|p1b: Torkoal|[spread] p1a,p1b
|-activate|p2a: Gholdengo|move: Protect
|-supereffective|p1b: Torkoal
|-damage|p1a: Ambipom|31/100
|-damage|p1b: Torkoal|29/100
|move|p1b: Torkoal|Heat Wave|p2b: Garchomp|[spread] p2b
|-activate|p2a: Gholdengo|move: Protect
|-resisted|p2b: Garchomp
|-damage|p2b: Garchomp|47/100
|
|-weather|SunnyDay|[upkeep]
|-heal|p2a: Gholdengo|63/100|[from] item: Leftovers
|upkeep
|turn|6
|inactive|FAMILIARCOL has 30 seconds left.
|
|t:|1757854907
|move|p1a: Ambipom|Triple Axel|p2a: Gholdengo
|-resisted|p2a: Gholdengo
|-damage|p2a: Gholdengo|57/100
|-resisted|p2a: Gholdengo
|-damage|p2a: Gholdengo|46/100
|-resisted|p2a: Gholdengo
|-damage|p2a: Gholdengo|29/100
|-hitcount|p2a: Gholdengo|3
|move|p2b: Garchomp|Rock Slide|p1a: Ambipom|[spread] p1a,p1b
|-supereffective|p1b: Torkoal
|-damage|p1a: Ambipom|0 fnt
|-damage|p1b: Torkoal|0 fnt
|faint|p1a: Ambipom
|faint|p1b: Torkoal
|
|win|FAMILIARCOL
||ChoraoSofa is ready for game 2.
|inactive|FAMILIARCOL has 30 seconds to confirm battle start!
|l|☆FAMILIARCOL
|player|p2|
||FAMILIARCOL is ready for game 2.
|uhtml|next|Next: Game 2 of 3
