|j|☆Bunny+X goaty
|j|☆lux raymundi
|html|Bunny+X goatylux raymundi    
|uhtml|bestof|Game 1 of a best-of-3
|t:|1782689874
|gametype|doubles
|player|p1|Bunny+X goaty|dawn|1104
|player|p2|lux raymundi|169|1185
|gen|9
|tier|[Gen 9 Champions] VGC 2026 Reg M-B (Bo3)
|rated|
|rule|Species Clause: Limit one of each Pokémon
|rule|Item Clause: Limit 1 of each item
|clearpoke
|poke|p1|Farigiraf, L50, F|
|poke|p1|Scrafty, L50, F|
|poke|p1|Charizard, L50, F|
|poke|p1|Annihilape, L50, M|
|poke|p1|Tinkaton, L50, F|
|poke|p1|Reuniclus, L50, F|
|poke|p2|Garchomp, L50, F|
|poke|p2|Sneasler, L50, F|
|poke|p2|Sinistcha, L50|
|poke|p2|Eelektross, L50, M|
|poke|p2|Delphox, L50, F|
|poke|p2|Basculegion, L50, M|
|teampreview|4
|showteam|p1|Farigiraf||SitrusBerry|ArmorTail|Protect,TwinBeam,Thunderbolt,TrickRoom|Sassy||F|||50|]Scrafty||Scraftinite|Intimidate|KnockOff,CloseCombat,FakeOut,IronHead|Brave||F|||50|]Charizard||CharizarditeY|Blaze|HeatWave,SolarBeam,ScorchingSands,Protect|Quiet||F|||50|]Annihilape||FocusSash|Defiant|RockSlide,CloseCombat,RageFist,Uturn|Jolly||M|||50|]Tinkaton||OccaBerry|MoldBreaker|FakeOut,Feint,PlayRough,GigatonHammer|Careful||F|||50|]Reuniclus||LifeOrb|MagicGuard|TrickRoom,Psychic,HelpingHand,Protect|Quiet||F|||50|
|showteam|p2|Garchomp||LifeOrb|RoughSkin|Earthquake,RockTomb,DragonClaw,Protect|Jolly||F|||50|]Sneasler||WhiteHerb|Unburden|FakeOut,CloseCombat,DireClaw,Protect|Jolly||F|||50|]Sinistcha||SitrusBerry|Hospitality|MatchaGotcha,RagePowder,TrickRoom,Protect|Bold|||||50|]Eelektross||Eelektrossite|Levitate|Protect,Electroweb,Flamethrower,Thunderbolt|Timid||M|||50|]Delphox||Delphoxite|Blaze|NastyPlot,HeatWave,Psychic,Protect|Timid||F|||50|]Basculegion||ChoiceScarf|Adaptability|FlipTurn,AquaJet,WaveCrash,LastRespects|Jolly||M|||50|
|
|t:|1782689919
|teamsize|p1|4
|teamsize|p2|4
|start
|switch|p1a: Farigiraf|Farigiraf, L50, F|100/100
|switch|p1b: Scrafty|Scrafty, L50, F|100/100
|switch|p2a: Sneasler|Sneasler, L50, F|100/100
|switch|p2b: Delphox|Delphox, L50, F|100/100
|-ability|p1b: Scrafty|Intimidate|boost
|-unboost|p2a: Sneasler|atk|1
|-unboost|p2b: Delphox|atk|1
|-enditem|p2a: Sneasler|White Herb
|-clearnegativeboost|p2a: Sneasler|[silent]
|turn|1
|
|t:|1782689942
|detailschange|p2b: Delphox|Delphox-Mega, L50, F
|-mega|p2b: Delphox|Delphox|Delphoxite
|move|p1b: Scrafty|Fake Out|p2b: Delphox
|-damage|p2b: Delphox|79/100
|move|p2a: Sneasler|Close Combat|p1b: Scrafty
|-supereffective|p1b: Scrafty|1
|-damage|p1b: Scrafty|0 fnt
|-unboost|p2a: Sneasler|def|1
|-unboost|p2a: Sneasler|spd|1
|faint|p1b: Scrafty
|cant|p2b: Delphox|flinch
|move|p1a: Farigiraf|Twin Beam|p2a: Sneasler
|-supereffective|p2a: Sneasler|2
|-damage|p2a: Sneasler|0 fnt
|faint|p2a: Sneasler
|-hitcount|p2: Sneasler|1
|
|upkeep
|
|t:|1782689960
|switch|p2a: Sinistcha|Sinistcha, L50|100/100
|switch|p1b: Annihilape|Annihilape, L50, M|100/100
|-heal|p2b: Delphox|100/100|[from] ability: Hospitality|[of] p2a: Sinistcha
|turn|2
|
|t:|1782689979
|move|p2a: Sinistcha|Rage Powder|p2a: Sinistcha
|-singleturn|p2a: Sinistcha|move: Rage Powder
|move|p2b: Delphox|Nasty Plot|p2b: Delphox
|-boost|p2b: Delphox|spa|2
|move|p1b: Annihilape|U-turn|p2a: Sinistcha
|-damage|p2a: Sinistcha|83/100
|
|t:|1782689985
|switch|p1b: Reuniclus|Reuniclus, L50, F|100/100|[from] U-turn
|move|p1a: Farigiraf|Trick Room|p1a: Farigiraf
|-fieldstart|move: Trick Room|[of] p1a: Farigiraf
|
|upkeep
|turn|3
|
|t:|1782690007
|move|p1b: Reuniclus|Psychic|p2b: Delphox
|-resisted|p2b: Delphox|1
|-damage|p2b: Delphox|70/100
|move|p1a: Farigiraf|Twin Beam|p2b: Delphox
|-resisted|p2b: Delphox|1
|-damage|p2b: Delphox|62/100
|-resisted|p2b: Delphox|1
|-damage|p2b: Delphox|54/100
|-hitcount|p2b: Delphox|2
|move|p2b: Delphox|Heat Wave|p1b: Reuniclus|[spread] p1a
|-miss|p2b: Delphox|p1b: Reuniclus
|-damage|p1a: Farigiraf|37/100
|-enditem|p1a: Farigiraf|Sitrus Berry|[eat]
|-heal|p1a: Farigiraf|62/100|[from] item: Sitrus Berry
|move|p2a: Sinistcha|Trick Room|p2a: Sinistcha
|-fieldend|move: Trick Room
|
|upkeep
|turn|4
|
|t:|1782690025
|move|p1a: Farigiraf|Protect|p1a: Farigiraf
|-singleturn|p1a: Farigiraf|Protect
|move|p2b: Delphox|Heat Wave|p1a: Farigiraf|[spread] 
|-activate|p1a: Farigiraf|move: Protect
|-miss|p2b: Delphox|p1b: Reuniclus
|move|p2a: Sinistcha|Matcha Gotcha|p1a: Farigiraf|[spread] p1b
|-activate|p1a: Farigiraf|move: Protect
|-damage|p1b: Reuniclus|75/100
|-heal|p2a: Sinistcha|98/100|[from] drain|[of] p1b: Reuniclus
|-status|p1b: Reuniclus|brn
|move|p1b: Reuniclus|Trick Room|p1b: Reuniclus
|-fieldstart|move: Trick Room|[of] p1b: Reuniclus
|
|upkeep
|turn|5
|
|t:|1782690039
|move|p2a: Sinistcha|Rage Powder|p2a: Sinistcha
|-singleturn|p2a: Sinistcha|move: Rage Powder
|move|p1b: Reuniclus|Psychic|p2a: Sinistcha
|-damage|p2a: Sinistcha|34/100
|-enditem|p2a: Sinistcha|Sitrus Berry|[eat]
|-heal|p2a: Sinistcha|59/100|[from] item: Sitrus Berry
|move|p1a: Farigiraf|Twin Beam|p2a: Sinistcha
|-damage|p2a: Sinistcha|44/100
|-damage|p2a: Sinistcha|29/100
|-hitcount|p2a: Sinistcha|2
|move|p2b: Delphox|Heat Wave|p1a: Farigiraf|[spread] p1a
|-miss|p2b: Delphox|p1b: Reuniclus
|-damage|p1a: Farigiraf|0 fnt
|faint|p1a: Farigiraf
|
|upkeep
|c|☆lux raymundi|Oj
|
|t:|1782690052
|switch|p1a: Annihilape|Annihilape, L50, M|100/100
|turn|6
|c|☆lux raymundi|Ok
|
|t:|1782690064
|move|p1b: Reuniclus|Psychic|p2b: Delphox
|-resisted|p2b: Delphox|1
|-damage|p2b: Delphox|22/100
|-unboost|p2b: Delphox|spd|1
|move|p2a: Sinistcha|Matcha Gotcha|p1a: Annihilape|[spread] p1a,p1b
|-damage|p1a: Annihilape|72/100
|-heal|p2a: Sinistcha|43/100|[from] drain|[of] p1a: Annihilape
|-damage|p1b: Reuniclus|50/100g brn
|-heal|p2a: Sinistcha|58/100|[from] drain|[of] p1b: Reuniclus
|move|p1a: Annihilape|Rage Fist|p2b: Delphox
|-supereffective|p2b: Delphox|1
|-crit|p2b: Delphox
|-damage|p2b: Delphox|0 fnt
|faint|p2b: Delphox
|
|upkeep
|
|t:|1782690067
|switch|p2b: Basculegion|Basculegion, L50, M|100/100
|turn|7
|
|t:|1782690091
|move|p2a: Sinistcha|Rage Powder|p2a: Sinistcha
|-singleturn|p2a: Sinistcha|move: Rage Powder
|move|p1b: Reuniclus|Psychic|p2a: Sinistcha
|-damage|p2a: Sinistcha|0 fnt
|faint|p2a: Sinistcha
|move|p1a: Annihilape|Rage Fist|p2b: Basculegion
|-supereffective|p2b: Basculegion|1
|-damage|p2b: Basculegion|0 fnt
|faint|p2b: Basculegion
|
|win|Bunny+X goaty
