|j|☆Togepi Trinity
|j|☆Mortipherus
|html|Togepi TrinityMortipherus    
|uhtml|bestof|Game 2 of a best-of-3
|t:|1756920610
|gametype|doubles
|player|p1|Togepi Trinity|unknown|
|player|p2|Mortipherus|biker-gen4|
|gen|9
|tier|[Gen 9] VGC 2025 Reg H (Bo3)
|rule|Species Clause: Limit one of each Pokémon
|rule|Item Clause: Limit 1 of each item
|clearpoke
|poke|p1|Annihilape, L50, M|
|poke|p1|Maushold, L50|
|poke|p1|Pelipper, L50, M|
|poke|p1|Archaludon, L50, F|
|poke|p1|Sinistcha, L50|
|poke|p1|Basculegion, L50, M|
|poke|p2|Hydrapple, L50, M|
|poke|p2|Arcanine-Hisui, L50, M|
|poke|p2|Gholdengo, L50|
|poke|p2|Electabuzz, L50, M|
|poke|p2|Indeedee, L50, M|
|poke|p2|Sneasler, L50, M|
|teampreview|4
|showteam|p1|Annihilape||LumBerry|Defiant|Protect,RageFist,DrainPunch,BulkUp|||M|||50|,,,,,Fire]Maushold||SafetyGoggles|FriendGuard|Protect,BeatUp,FollowMe,Taunt||||||50|,,,,,Ghost]Pelipper||FocusSash|Drizzle|Protect,WeatherBall,Hurricane,Tailwind|||M|||50|,,,,,Stellar]Archaludon||AssaultVest|Stamina|ElectroShot,DracoMeteor,Snarl,BodyPress|||F|||50|,,,,,Grass]Sinistcha||SitrusBerry|Hospitality|LifeDew,RagePowder,StrengthSap,MatchaGotcha||||||50|,,,,,Fairy]Basculegion||ChoiceBand|SwiftSwim|WaveCrash,FlipTurn,LastRespects,AquaJet|||M|||50|,,,,,Grass
|showteam|p2|Hydrapple||AssaultVest|Regenerator|FickleBeam,EnergyBall,EarthPower,BreakingSwipe|||M|||50|,,,,,Ground]Arcanine-Hisui||ClearAmulet|Intimidate|Protect,ExtremeSpeed,FlareBlitz,RockSlide|||M|||50|,,,,,Grass]Gholdengo||LifeOrb|GoodasGold|Protect,NastyPlot,MakeItRain,ShadowBall||||||50|,,,,,Flying]Electabuzz||Eviolite|VitalSpirit|Protect,FollowMe,Taunt,Electroweb|||M|||50|,,,,,Dragon]Indeedee||FocusSash|PsychicSurge|Protect,TrickRoom,ExpandingForce,TeraBlast|||M|||50|,,,,,Ground]Sneasler||PsychicSeed|Unburden|Protect,ThroatChop,DireClaw,CloseCombat|||M|||50|,,,,,Dark
|
|t:|1756920642
|teamsize|p1|4
|teamsize|p2|4
|start
|switch|p1a: Pelipper|Pelipper, L50, M|100/100
|switch|p1b: Basculegion|Basculegion, L50, M|100/100
|switch|p2a: Sauerkraut|Electabuzz, L50, M|100/100
|switch|p2b: Mac n Cheese|Gholdengo, L50|100/100
|-weather|RainDance|[from] ability: Drizzle|[of] p1a: Pelipper
|turn|1
|
|t:|1756920719
|move|p2a: Sauerkraut|Follow Me|p2a: Sauerkraut
|-singleturn|p2a: Sauerkraut|move: Follow Me
|move|p1b: Basculegion|Wave Crash|p2a: Sauerkraut
|-damage|p2a: Sauerkraut|0 fnt
|faint|p2a: Sauerkraut
|-damage|p1b: Basculegion|72/100|[from] Recoil
|move|p2b: Mac n Cheese|Nasty Plot|p2b: Mac n Cheese
|-boost|p2b: Mac n Cheese|spa|2
|move|p1a: Pelipper|Tailwind|p1a: Pelipper
|-sidestart|p1: Togepi Trinity|move: Tailwind
|
|-weather|RainDance|[upkeep]
|upkeep
|
|t:|1756920736
|switch|p2a: Caramel|Indeedee, L50, M|100/100
|-fieldstart|move: Psychic Terrain|[from] ability: Psychic Surge|[of] p2a: Caramel
|turn|2
|
|t:|1756920758
|move|p2a: Caramel|Protect|p2a: Caramel
|-singleturn|p2a: Caramel|Protect
|move|p1b: Basculegion|Wave Crash|p2a: Caramel
|-activate|p2a: Caramel|move: Protect
|move|p1a: Pelipper|Hurricane|p2a: Caramel
|-activate|p2a: Caramel|move: Protect
|move|p2b: Mac n Cheese|Make It Rain|p1a: Pelipper|[spread] p1a,p1b
|-resisted|p1a: Pelipper
|-resisted|p1b: Basculegion
|-enditem|p1a: Pelipper|Focus Sash
|-damage|p1a: Pelipper|1/100
|-damage|p1b: Basculegion|0 fnt
|-unboost|p2b: Mac n Cheese|spa|1
|faint|p1b: Basculegion
|-damage|p2b: Mac n Cheese|91/100|[from] item: Life Orb
|
|-weather|RainDance|[upkeep]
|upkeep
|
|t:|1756920761
|switch|p1b: Archaludon|Archaludon, L50, F|100/100
|turn|3
|
|t:|1756920789
|move|p1a: Pelipper|Weather Ball|p2a: Caramel
|-damage|p2a: Caramel|12/100
|move|p1b: Archaludon|Snarl|p2a: Caramel|[spread] p2a,p2b
|-supereffective|p2a: Caramel
|-supereffective|p2b: Mac n Cheese
|-damage|p2a: Caramel|0 fnt
|-damage|p2b: Mac n Cheese|64/100
|-unboost|p2b: Mac n Cheese|spa|1
|faint|p2a: Caramel
|move|p2b: Mac n Cheese|Shadow Ball|p1b: Archaludon
|-damage|p1b: Archaludon|62/100
|-unboost|p1b: Archaludon|spd|1
|-ability|p1b: Archaludon|Stamina|boost
|-boost|p1b: Archaludon|def|1
|-damage|p2b: Mac n Cheese|55/100|[from] item: Life Orb
|
|-weather|RainDance|[upkeep]
|upkeep
|
|t:|1756920795
|switch|p2a: Stew|Sneasler, L50, M|100/100
|-enditem|p2a: Stew|Psychic Seed
|-boost|p2a: Stew|spd|1|[from] item: Psychic Seed
|turn|4
|
|t:|1756920828
|switch|p1a: Sinistcha|Sinistcha, L50|100/100
|-heal|p1b: Archaludon|87/100|[from] ability: Hospitality|[of] p1a: Sinistcha
|-terastallize|p1b: Archaludon|Grass
|move|p2a: Stew|Dire Claw|p1a: Sinistcha
|-damage|p1a: Sinistcha|62/100
|-status|p1a: Sinistcha|par
|move|p1b: Archaludon|Electro Shot||[still]
|-prepare|p1b: Archaludon|Electro Shot
|-boost|p1b: Archaludon|spa|1
|-anim|p1b: Archaludon|Electro Shot|p2b: Mac n Cheese
|-damage|p2b: Mac n Cheese|0 fnt
|faint|p2b: Mac n Cheese
|
|-weather|RainDance|[upkeep]
|-sideend|p1: Togepi Trinity|move: Tailwind
|upkeep
|turn|5
|
|t:|1756920849
|-terastallize|p2a: Stew|Dark
|move|p1a: Sinistcha|Rage Powder|p1a: Sinistcha
|-singleturn|p1a: Sinistcha|move: Rage Powder
|move|p2a: Stew|Throat Chop|p1a: Sinistcha
|-supereffective|p1a: Sinistcha
|-damage|p1a: Sinistcha|0 fnt
|faint|p1a: Sinistcha
|move|p1b: Archaludon|Electro Shot||[still]
|-prepare|p1b: Archaludon|Electro Shot
|-boost|p1b: Archaludon|spa|1
|-anim|p1b: Archaludon|Electro Shot|p2a: Stew
|-damage|p2a: Stew|27/100
|
|-weather|none
|upkeep
|
|t:|1756920854
|switch|p1a: Pelipper|Pelipper, L50, M|1/100
|-weather|RainDance|[from] ability: Drizzle|[of] p1a: Pelipper
|turn|6
|
|t:|1756920860
|move|p2a: Stew|Dire Claw|p1b: Archaludon
|-supereffective|p1b: Archaludon
|-damage|p1b: Archaludon|47/100
|-ability|p1b: Archaludon|Stamina|boost
|-boost|p1b: Archaludon|def|1
|move|p1a: Pelipper|Weather Ball|p2a: Stew
|-damage|p2a: Stew|0 fnt
|faint|p2a: Stew
|
|win|Togepi Trinity
|c|☆Togepi Trinity|gg
