|j|☆totaldestroy
|j|☆NahuuH
|html|totaldestroyNahuuH    
|uhtml|bestof|Game 1 of a best-of-3
|t:|1782974838
|gametype|doubles
|player|p1|totaldestroy|gambler|1183
|player|p2|NahuuH|2|1140
|gen|9
|tier|[Gen 9 Champions] VGC 2026 Reg M-B (Bo3)
|rated|
|rule|Species Clause: Limit one of each Pokémon
|rule|Item Clause: Limit 1 of each item
|clearpoke
|poke|p1|Zoroark-Hisui, L50, M|
|poke|p1|Glimmora, L50, M|
|poke|p1|Basculegion, L50, M|
|poke|p1|Sinistcha, L50|
|poke|p1|Kingambit, L50, M|
|poke|p1|Dragonite, L50, M|
|poke|p2|Blastoise, L50, M|
|poke|p2|Incineroar, L50, M|
|poke|p2|Kingambit, L50, F|
|poke|p2|Sneasler, L50, F|
|poke|p2|Sinistcha, L50|
|poke|p2|Delphox, L50, F|
|teampreview|4
|showteam|p1|Zoroark-Hisui||FocusSash|Illusion|Protect,IcyWind,BitterMalice,FocusBlast|Timid||M|||50|]Glimmora||LifeOrb|ToxicDebris|DazzlingGleam,PowerGem,SludgeBomb,Protect|Modest||M|||50|]Basculegion||SitrusBerry|Adaptability|WaveCrash,AquaJet,LastRespects,Protect|Adamant||M|||50|]Sinistcha||OccaBerry|Hospitality|TrickRoom,MatchaGotcha,RagePowder,Protect|Relaxed|||||50|]Kingambit||ExpertBelt|Defiant|LowKick,IronHead,Protect,KowtowCleave|Jolly||M|||50|]Dragonite||Dragoninite|Multiscale|Tailwind,DragonPulse,Thunderbolt,Protect|Modest||M|||50|
|showteam|p2|Blastoise||Blastoisinite|RainDish|WaterSpout,ShellSmash,Protect,DarkPulse|Modest||M|||50|]Incineroar||SitrusBerry|Intimidate|FlareBlitz,FakeOut,PartingShot,HelpingHand|Impish||M|||50|]Kingambit||BlackGlasses|Defiant|KowtowCleave,SuckerPunch,SwordsDance,Protect|Adamant||F|||50|]Sneasler||FocusSash|PoisonTouch|DireClaw,CloseCombat,FakeOut,QuickGuard|Jolly||F|||50|]Sinistcha||OccaBerry|Hospitality|MatchaGotcha,RagePowder,TrickRoom,Protect|Bold|||||50|]Delphox||Delphoxite|Blaze|HeatWave,Psyshock,NastyPlot,Protect|Timid||F|||50|
|inactive|Battle timer is ON: inactive players will automatically lose when time's up. (requested by NahuuH)
|
|t:|1782974882
|teamsize|p1|4
|teamsize|p2|4
|start
|switch|p1a: cuddle bug!|Dragonite, L50, M|100/100
|switch|p1b: feesh|Basculegion, L50, M|100/100
|switch|p2a: Blastoise|Blastoise, L50, M|100/100
|switch|p2b: Sinistcha|Sinistcha, L50|100/100
|turn|1
|inactive|totaldestroy has 30 seconds left.
|inactive|totaldestroy has 20 seconds left.
|inactive|totaldestroy has 15 seconds left.
|inactive|totaldestroy has 10 seconds left.
|inactive|totaldestroy has 5 seconds left.
|
|t:|1782974937
|detailschange|p2a: Blastoise|Blastoise-Mega, L50, M
|-mega|p2a: Blastoise|Blastoise|Blastoisinite
|move|p2b: Sinistcha|Rage Powder|p2b: Sinistcha
|-singleturn|p2b: Sinistcha|move: Rage Powder
|move|p2a: Blastoise|Shell Smash|p2a: Blastoise
|-unboost|p2a: Blastoise|def|1
|-unboost|p2a: Blastoise|spd|1
|-boost|p2a: Blastoise|atk|2
|-boost|p2a: Blastoise|spa|2
|-boost|p2a: Blastoise|spe|2
|move|p1a: cuddle bug!|Tailwind|p1a: cuddle bug!
|-sidestart|p1: totaldestroy|move: Tailwind
|move|p1b: feesh|Wave Crash|p2b: Sinistcha
|-resisted|p2b: Sinistcha|1
|-damage|p2b: Sinistcha|69/100
|-damage|p1b: feesh|92/100|[from] Recoil
|
|upkeep
|turn|2
|
|t:|1782974955
|switch|p1b: head|Kingambit, L50, M|100/100
|detailschange|p1a: cuddle bug!|Dragonite-Mega, L50, M
|-mega|p1a: cuddle bug!|Dragonite|Dragoninite
|move|p2b: Sinistcha|Rage Powder|p2b: Sinistcha
|-singleturn|p2b: Sinistcha|move: Rage Powder
|move|p2a: Blastoise|Shell Smash|p2a: Blastoise
|-unboost|p2a: Blastoise|def|1
|-unboost|p2a: Blastoise|spd|1
|-boost|p2a: Blastoise|atk|2
|-boost|p2a: Blastoise|spa|2
|-boost|p2a: Blastoise|spe|2
|move|p1a: cuddle bug!|Dragon Pulse|p2b: Sinistcha
|-damage|p2b: Sinistcha|18/100
|
|upkeep
|turn|3
|
|t:|1782974975
|switch|p2b: Incineroar|Incineroar, L50, M|100/100
|-ability|p2b: Incineroar|Intimidate|boost
|-unboost|p1a: cuddle bug!|atk|1
|-unboost|p1b: head|atk|1
|-ability|p1b: head|Defiant|boost
|-boost|p1b: head|atk|2
|move|p2a: Blastoise|Protect|p2a: Blastoise
|-singleturn|p2a: Blastoise|Protect
|move|p1a: cuddle bug!|Dragon Pulse|p2b: Incineroar
|-damage|p2b: Incineroar|51/100
|move|p1b: head|Kowtow Cleave|p2a: Blastoise
|-activate|p2a: Blastoise|move: Protect
|
|upkeep
|turn|4
|
|t:|1782974997
|move|p1a: cuddle bug!|Protect|p1a: cuddle bug!
|-singleturn|p1a: cuddle bug!|Protect
|move|p1b: head|Protect|p1b: head
|-singleturn|p1b: head|Protect
|move|p2b: Incineroar|Fake Out|p1b: head
|-activate|p1b: head|move: Protect
|move|p2a: Blastoise|Water Spout|p1b: head|[spread] 
|-activate|p1a: cuddle bug!|move: Protect
|-activate|p1b: head|move: Protect
|
|-sideend|p1: totaldestroy|move: Tailwind
|upkeep
|turn|5
|
|t:|1782975012
|switch|p2b: Sneasler|Sneasler, L50, F|100/100
|move|p2a: Blastoise|Protect|p2a: Blastoise
|-singleturn|p2a: Blastoise|Protect
|move|p1a: cuddle bug!|Tailwind|p1a: cuddle bug!
|-sidestart|p1: totaldestroy|move: Tailwind
|move|p1b: head|Low Kick|p2b: Sneasler
|-resisted|p2b: Sneasler|1
|-crit|p2b: Sneasler
|-damage|p2b: Sneasler|59/100
|
|upkeep
|turn|6
|inactive|totaldestroy has 30 seconds left.
|inactive|NahuuH has 30 seconds left.
|inactive|NahuuH has 20 seconds left.
|inactive|NahuuH has 15 seconds left.
|inactive|NahuuH has 10 seconds left.
|
|t:|1782975064
|move|p2a: Blastoise|Water Spout|p1a: cuddle bug!|[spread] p1a,p1b
|-resisted|p1a: cuddle bug!|1
|-damage|p1a: cuddle bug!|64/100
|-damage|p1b: head|0 fnt
|faint|p1b: head
|move|p1a: cuddle bug!|Dragon Pulse|p2a: Blastoise
|-damage|p2a: Blastoise|0 fnt
|faint|p2a: Blastoise
|move|p2b: Sneasler|Dire Claw|p1a: cuddle bug!
|-damage|p1a: cuddle bug!|32/100
|
|upkeep
|
|t:|1782975079
|switch|p2a: Sinistcha|Sinistcha, L50|18/100
|switch|p1b: the shiggy wiggy|Glimmora, L50, M|100/100
|-heal|p2b: Sneasler|84/100|[from] ability: Hospitality|[of] p2a: Sinistcha
|turn|7
|
|t:|1782975093
|move|p2a: Sinistcha|Rage Powder|p2a: Sinistcha
|-singleturn|p2a: Sinistcha|move: Rage Powder
|move|p1a: cuddle bug!|Dragon Pulse|p2a: Sinistcha
|-damage|p2a: Sinistcha|0 fnt
|faint|p2a: Sinistcha
|move|p1b: the shiggy wiggy|Dazzling Gleam|p2b: Sneasler
|-damage|p2b: Sneasler|33/100
|-damage|p1b: the shiggy wiggy|90/100|[from] item: Life Orb
|move|p2b: Sneasler|Dire Claw|p1a: cuddle bug!
|-damage|p1a: cuddle bug!|0 fnt
|faint|p1a: cuddle bug!
|
|upkeep
|
|t:|1782975105
|switch|p1a: feesh|Basculegion, L50, M|92/100
|switch|p2a: Incineroar|Incineroar, L50, M|51/100
|-ability|p2a: Incineroar|Intimidate|boost
|-unboost|p1a: feesh|atk|1
|-unboost|p1b: the shiggy wiggy|atk|1
|turn|8
|inactive|NahuuH has 30 seconds left.
|
|t:|1782975136
|move|p1b: the shiggy wiggy|Dazzling Gleam|p2a: Incineroar|[spread] p2a,p2b
|-damage|p2a: Incineroar|23/100
|-damage|p2b: Sneasler|0 fnt
|-enditem|p2a: Incineroar|Sitrus Berry|[eat]
|-heal|p2a: Incineroar|48/100|[from] item: Sitrus Berry
|faint|p2b: Sneasler
|-damage|p1b: the shiggy wiggy|80/100|[from] item: Life Orb
|move|p1a: feesh|Wave Crash|p2a: Incineroar
|-supereffective|p2a: Incineroar|1
|-damage|p2a: Incineroar|0 fnt
|faint|p2a: Incineroar
|-damage|p1a: feesh|77/100|[from] Recoil
|
|win|totaldestroy
||NahuuH is ready for game 2.
|inactive|totaldestroy has 30 seconds to confirm battle start!
||totaldestroy is ready for game 2.
|uhtml|next|Next: Game 2 of 3
|l|☆totaldestroy
|player|p1|
|j|☆totaldestroy
|player|p1|totaldestroy|gambler|
