|j|☆ProfessorSorin
|j|☆Agupon ♥️
|html|ProfessorSorinAgupon ♥️    
|uhtml|bestof|Game 2 of a best-of-3
|t:|1784526339
|gametype|doubles
|player|p1|ProfessorSorin|169|1140
|player|p2|Agupon ♥️|winona-gen6|1098
|gen|9
|tier|[Gen 9 Champions] VGC 2026 Reg M-B (Bo3)
|rated|
|rule|Species Clause: Limit one of each Pokémon
|rule|Item Clause: Limit 1 of each item
|clearpoke
|poke|p1|Farigiraf, L50, M, shiny|
|poke|p1|Blastoise, L50, M, shiny|
|poke|p1|Sylveon, L50, M, shiny|
|poke|p1|Torkoal, L50, F, shiny|
|poke|p1|Vileplume, L50, M, shiny|
|poke|p1|Kingambit, L50, M, shiny|
|poke|p2|Grimmsnarl, L50, M|
|poke|p2|Gholdengo, L50|
|poke|p2|Tyranitar, L50, F|
|poke|p2|Garchomp, L50, F|
|poke|p2|Scovillain, L50, M|
|poke|p2|Rotom-Wash, L50|
|teampreview|4
|showteam|p1|Farigiraf||ColburBerry|ArmorTail|TrickRoom,Protect,Imprison,Psychic|Relaxed||M|||50|]Blastoise||Blastoisinite|RainDish|WaterSpout,AuraSphere,DarkPulse,FakeOut|Quiet||M|||50|]Sylveon||FairyFeather|Pixilate|HyperVoice,MysticalFire,CalmMind,Detect|Quiet||M|||50|]Torkoal||Charcoal|Drought|Eruption,HeatWave,Protect,WeatherBall|Quiet||F|||50|]Vileplume||FocusSash|Chlorophyll|AfterYou,EnergyBall,SludgeBomb,SleepPowder|Timid||M|||50|]Kingambit||BlackGlasses|Defiant|KowtowCleave,IronHead,SuckerPunch,Protect|Brave||M|||50|
|showteam|p2|Grimmsnarl||LightClay|Prankster|SpiritBreak,LightScreen,Reflect,PartingShot|Impish||M|||50|]Gholdengo||Leftovers|GoodasGold|Protect,NastyPlot,ShadowBall,MakeItRain|Serious|||||50|]Tyranitar||Tyranitarite|SandStream|RockSlide,KnockOff,DragonDance,Protect|Adamant||F|||50|]Garchomp||LifeOrb|RoughSkin|StompingTantrum,DragonClaw,RockSlide,Protect|Jolly||F|||50|]Scovillain||Scovillainite|Moody|Protect,GigaDrain,Overheat,RagePowder|Bold||M|||50|]Rotom-Wash||Magnet|Levitate|HydroPump,Thunderbolt,VoltSwitch,Protect|Modest|||||50|
|inactive|Battle timer is ON: inactive players will automatically lose when time's up. (requested by ProfessorSorin)
|
|t:|1784526365
|teamsize|p1|4
|teamsize|p2|4
|start
|switch|p1a: Torkoal|Torkoal, L50, F, shiny|100/100
|switch|p1b: Vileplume|Vileplume, L50, M, shiny|100/100
|switch|p2a: Scovillain|Scovillain, L50, M|100/100
|switch|p2b: Gholdengo|Gholdengo, L50|100/100
|-weather|SunnyDay|[from] ability: Drought|[of] p1a: Torkoal
|turn|1
|
|t:|1784526388
|switch|p2b: Tyranitar|Tyranitar, L50, F|100/100
|-weather|Sandstorm|[from] ability: Sand Stream|[of] p2b: Tyranitar
|move|p1b: Vileplume|After You|p1a: Torkoal
|-activate|p1a: Torkoal|move: After You
|move|p1a: Torkoal|Eruption|p2b: Tyranitar|[spread] p2a,p2b
|-resisted|p2b: Tyranitar|1
|-damage|p2a: Scovillain|23/100
|-damage|p2b: Tyranitar|82/100
|move|p2a: Scovillain|Overheat|p1b: Vileplume
|-supereffective|p1b: Vileplume|1
|-crit|p1b: Vileplume
|-enditem|p1b: Vileplume|Focus Sash
|-damage|p1b: Vileplume|1/100
|-unboost|p2a: Scovillain|spa|2
|
|-weather|Sandstorm|[upkeep]
|-damage|p1b: Vileplume|0 fnt|[from] Sandstorm
|-damage|p2a: Scovillain|17/100|[from] Sandstorm
|-damage|p1a: Torkoal|93/100|[from] Sandstorm
|faint|p1b: Vileplume
|-ability|p2a: Scovillain|Moody|boost
|-boost|p2a: Scovillain|spe|2
|-unboost|p2a: Scovillain|spd|1
|upkeep
|
|t:|1784526398
|switch|p1b: Farigiraf|Farigiraf, L50, M, shiny|100/100
|turn|2
|inactive|Agupon ♥️ has 30 seconds left.
|
|t:|1784526430
|move|p1a: Torkoal|Protect|p1a: Torkoal
|-singleturn|p1a: Torkoal|Protect
|move|p2a: Scovillain|Giga Drain|p1b: Farigiraf
|-damage|p1b: Farigiraf|86/100
|-heal|p2a: Scovillain|26/100|[from] drain|[of] p1b: Farigiraf
|move|p2b: Tyranitar|Knock Off|p1b: Farigiraf
|-supereffective|p1b: Farigiraf|1
|-enditem|p1b: Farigiraf|Colbur Berry|[eat]
|-enditem|p1b: Farigiraf|Colbur Berry|[weaken]
|-damage|p1b: Farigiraf|49/100
|move|p1b: Farigiraf|Trick Room|p1b: Farigiraf
|-fieldstart|move: Trick Room|[of] p1b: Farigiraf
|
|-weather|Sandstorm|[upkeep]
|-damage|p1a: Torkoal|87/100|[from] Sandstorm
|-damage|p1b: Farigiraf|43/100|[from] Sandstorm
|-damage|p2a: Scovillain|20/100y|[from] Sandstorm
|-ability|p2a: Scovillain|Moody|boost
|-boost|p2a: Scovillain|def|2
|-unboost|p2a: Scovillain|spe|1
|upkeep
|turn|3
|
|t:|1784526451
|switch|p1a: Sylveon|Sylveon, L50, M, shiny|100/100
|move|p2a: Scovillain|Protect|p2a: Scovillain
|-singleturn|p2a: Scovillain|Protect
|move|p1b: Farigiraf|Psychic|p2a: Scovillain
|-activate|p2a: Scovillain|move: Protect
|move|p2b: Tyranitar|Rock Slide|p1a: Sylveon|[spread] p1a,p1b
|-damage|p1a: Sylveon|61/100
|-damage|p1b: Farigiraf|22/100
|
|-weather|Sandstorm|[upkeep]
|-damage|p1b: Farigiraf|16/100|[from] Sandstorm
|-damage|p1a: Sylveon|55/100|[from] Sandstorm
|-damage|p2a: Scovillain|14/100|[from] Sandstorm
|-ability|p2a: Scovillain|Moody|boost
|-boost|p2a: Scovillain|def|2
|-unboost|p2a: Scovillain|spd|1
|upkeep
|turn|4
|
|t:|1784526469
|move|p2b: Tyranitar|Protect|p2b: Tyranitar
|-singleturn|p2b: Tyranitar|Protect
|move|p1a: Sylveon|Hyper Voice|p2a: Scovillain|[spread] p2a
|-activate|p2b: Tyranitar|move: Protect
|-resisted|p2a: Scovillain|1
|-damage|p2a: Scovillain|0 fnt
|faint|p2a: Scovillain
|move|p1b: Farigiraf|Imprison|p1b: Farigiraf
|-start|p1b: Farigiraf|move: Imprison
|
|-weather|Sandstorm|[upkeep]
|-damage|p1a: Sylveon|49/100|[from] Sandstorm
|-damage|p1b: Farigiraf|10/100|[from] Sandstorm
|upkeep
|
|t:|1784526477
|switch|p2a: Gholdengo|Gholdengo, L50|100/100
|turn|5
|
|t:|1784526487
|detailschange|p2b: Tyranitar|Tyranitar-Mega, L50, F
|-mega|p2b: Tyranitar|Tyranitar|Tyranitarite
|move|p1b: Farigiraf|Psychic|p2a: Gholdengo
|-resisted|p2a: Gholdengo|1
|-damage|p2a: Gholdengo|84/100
|move|p1a: Sylveon|Hyper Voice|p2b: Tyranitar|[spread] p2a,p2b
|-resisted|p2a: Gholdengo|1
|-supereffective|p2b: Tyranitar|1
|-damage|p2a: Gholdengo|62/100
|-damage|p2b: Tyranitar|29/100
|move|p2a: Gholdengo|Make It Rain|p1a: Sylveon|[spread] p1a,p1b
|-supereffective|p1a: Sylveon|1
|-damage|p1a: Sylveon|0 fnt
|-damage|p1b: Farigiraf|0 fnt
|-unboost|p2a: Gholdengo|spa|2
|faint|p1a: Sylveon
|faint|p1b: Farigiraf
|move|p2b: Tyranitar|Rock Slide|p1: Sylveon|[notarget]
|-fail|p2b: Tyranitar
|
|-weather|none
|-heal|p2a: Gholdengo|68/100|[from] item: Leftovers
|upkeep
|
|t:|1784526491
|switch|p1b: Torkoal|Torkoal, L50, F, shiny|87/100
|-weather|SunnyDay|[from] ability: Drought|[of] p1b: Torkoal
|turn|6
|
|t:|1784526500
|move|p2a: Gholdengo|Protect|p2a: Gholdengo
|-singleturn|p2a: Gholdengo|Protect
|move|p2b: Tyranitar|Protect|p2b: Tyranitar
|-singleturn|p2b: Tyranitar|Protect
|move|p1b: Torkoal|Eruption|p2a: Gholdengo|[spread] 
|-activate|p2a: Gholdengo|move: Protect
|-activate|p2b: Tyranitar|move: Protect
|
|-weather|SunnyDay|[upkeep]
|-heal|p2a: Gholdengo|74/100|[from] item: Leftovers
|-fieldend|move: Trick Room
|upkeep
|turn|7
|
|t:|1784526513
|move|p2b: Tyranitar|Rock Slide|p1b: Torkoal
|-supereffective|p1b: Torkoal|1
|-damage|p1b: Torkoal|9/100
|move|p2a: Gholdengo|Shadow Ball|p1b: Torkoal
|-damage|p1b: Torkoal|0 fnt
|faint|p1b: Torkoal
|
|win|Agupon ♥️
||Agupon ♥️ is ready for game 3.
