|j|☆bearlover997
|j|☆lolgz
|html|bearlover997lolgz    
|uhtml|bestof|Game 1 of a best-of-3
|t:|1783379947
|gametype|doubles
|player|p1|bearlover997|sage|1106
|player|p2|lolgz|170|1116
|gen|9
|tier|[Gen 9 Champions] VGC 2026 Reg M-B (Bo3)
|rated|
|rule|Species Clause: Limit one of each Pokémon
|rule|Item Clause: Limit 1 of each item
|clearpoke
|poke|p1|Dragalge, L50, M, shiny|
|poke|p1|Sinistcha, L50|
|poke|p1|Incineroar, L50, M|
|poke|p1|Grimmsnarl, L50, M|
|poke|p1|Lopunny, L50, F|
|poke|p1|Volcarona, L50, M|
|poke|p2|Scrafty, L50, M|
|poke|p2|Vivillon, L50, F|
|poke|p2|Incineroar, L50, M|
|poke|p2|Sinistcha, L50|
|poke|p2|Kingambit, L50, M|
|poke|p2|Delphox, L50, M|
|teampreview|4
|showteam|p1|Dragalge||Dragalgite|PoisonPoint|DracoMeteor,SludgeBomb,FlipTurn,Toxic|Calm||M|||50|]Sinistcha||ColburBerry|Hospitality|MatchaGotcha,StrengthSap,RagePowder,Protect|Bold|||||50|]Incineroar||SitrusBerry|Intimidate|FakeOut,PartingShot,WillOWisp,FlareBlitz|Adamant||M|||50|]Grimmsnarl||LightClay|Prankster|LightScreen,Reflect,PartingShot,SpiritBreak|Careful||M|||50|]Lopunny||Lopunnite|Limber|CloseCombat,Encore,Uturn,FakeOut|Jolly||F|||50|]Volcarona||Leftovers|FlameBody|StruggleBug,FieryDance,Protect,QuiverDance|Modest||M|||50|
|showteam|p2|Scrafty||Scraftinite|Intimidate|DrainPunch,KnockOff,Protect,DragonDance|Jolly||M|||50|]Vivillon||ChoiceScarf|CompoundEyes|SleepPowder,Hurricane,RagePowder,Tailwind|Timid||F|||50|]Incineroar||PasshoBerry|Intimidate|PartingShot,FakeOut,ThroatChop,FlareBlitz|Careful||M|||50|]Sinistcha||KasibBerry|Hospitality|MatchaGotcha,RagePowder,TrickRoom,Protect|Serious|||||50|]Kingambit||BlackGlasses|Defiant|SuckerPunch,KowtowCleave,Protect,SwordsDance|Adamant||M|||50|]Delphox||Delphoxite|Blaze|HeatWave,Psychic,Protect,NastyPlot|Timid||M|||50|
|inactive|Battle timer is ON: inactive players will automatically lose when time's up. (requested by bearlover997)
|inactive|lolgz also wants the timer to be on.
|inactive|lolgz has 60 seconds left.
|
|t:|1783379991
|teamsize|p1|4
|teamsize|p2|4
|start
|switch|p1a: Incineroar|Incineroar, L50, M|100/100
|switch|p1b: Volcarona|Volcarona, L50, M|100/100
|switch|p2a: Vivillon|Vivillon, L50, F|100/100
|switch|p2b: Scrafty|Scrafty, L50, M|100/100
|-ability|p2b: Scrafty|Intimidate|boost
|-unboost|p1a: Incineroar|atk|1
|-unboost|p1b: Volcarona|atk|1
|-ability|p1a: Incineroar|Intimidate|boost
|-unboost|p2a: Vivillon|atk|1
|-unboost|p2b: Scrafty|atk|1
|turn|1
|inactive|bearlover997 has 30 seconds left.
|
|t:|1783380021
|detailschange|p2b: Scrafty|Scrafty-Mega, L50, M
|-mega|p2b: Scrafty|Scrafty|Scraftinite
|-ability|p2b: Scrafty|Intimidate|boost
|-unboost|p1a: Incineroar|atk|1
|-unboost|p1b: Volcarona|atk|1
|move|p2a: Vivillon|Sleep Powder|p1b: Volcarona
|-status|p1b: Volcarona|slp|[from] move: Sleep Powder
|move|p2b: Scrafty|Dragon Dance|p2b: Scrafty
|-boost|p2b: Scrafty|atk|1
|-boost|p2b: Scrafty|spe|1
|cant|p1b: Volcarona|slp
|move|p1a: Incineroar|Will-O-Wisp|p2b: Scrafty|[miss]
|-miss|p1a: Incineroar|p2b: Scrafty
|
|upkeep
|turn|2
|
|t:|1783380041
|switch|p2a: Incineroar|Incineroar, L50, M|100/100
|-ability|p2a: Incineroar|Intimidate|boost
|-unboost|p1a: Incineroar|atk|1
|-unboost|p1b: Volcarona|atk|1
|move|p2b: Scrafty|Dragon Dance|p2b: Scrafty
|-boost|p2b: Scrafty|atk|1
|-boost|p2b: Scrafty|spe|1
|cant|p1b: Volcarona|slp
|move|p1a: Incineroar|Will-O-Wisp|p2b: Scrafty|[miss]
|-miss|p1a: Incineroar|p2b: Scrafty
|
|upkeep
|turn|3
|inactive|lolgz has 30 seconds left.
|
|t:|1783380073
|move|p2a: Incineroar|Fake Out|p1a: Incineroar
|-damage|p1a: Incineroar|89/100
|move|p2b: Scrafty|Drain Punch|p1a: Incineroar
|-supereffective|p1a: Incineroar|1
|-damage|p1a: Incineroar|0 fnt
|faint|p1a: Incineroar
|-curestatus|p1b: Volcarona|slp|[msg]
|move|p1b: Volcarona|Quiver Dance|p1b: Volcarona
|-boost|p1b: Volcarona|spa|1
|-boost|p1b: Volcarona|spd|1
|-boost|p1b: Volcarona|spe|1
|
|upkeep
|
|t:|1783380079
|switch|p1a: Dragalge|Dragalge, L50, M, shiny|100/100
|turn|4
|
|t:|1783380094
|detailschange|p1a: Dragalge|Dragalge-Mega, L50, M, shiny
|-mega|p1a: Dragalge|Dragalge|Dragalgite
|move|p2b: Scrafty|Knock Off|p1b: Volcarona
|-damage|p1b: Volcarona|4/100
|-status|p2b: Scrafty|brn|[from] ability: Flame Body|[of] p1b: Volcarona
|-enditem|p1b: Volcarona|Leftovers|[from] move: Knock Off|[of] p2b: Scrafty
|move|p1b: Volcarona|Fiery Dance|p2b: Scrafty
|-damage|p2b: Scrafty|44/100 brn
|-boost|p1b: Volcarona|spa|1
|move|p2a: Incineroar|Parting Shot|p1b: Volcarona
|-unboost|p1b: Volcarona|atk|1
|-unboost|p1b: Volcarona|spa|1
|
|t:|1783380100
|switch|p2a: Kingambit|Kingambit, L50, M|100/100|[from] Parting Shot
|move|p1a: Dragalge|Toxic|p2a: Kingambit
|-immune|p2a: Kingambit
|
|-damage|p2b: Scrafty|38/100 brn|[from] brn
|upkeep
|turn|5
|
|t:|1783380116
|move|p2b: Scrafty|Knock Off|p1b: Volcarona
|-damage|p1b: Volcarona|0 fnt
|faint|p1b: Volcarona
|move|p2a: Kingambit|Swords Dance|p2a: Kingambit
|-boost|p2a: Kingambit|atk|2
|move|p1a: Dragalge|Flip Turn|p2b: Scrafty
|-damage|p2b: Scrafty|27/100 brn
|
|t:|1783380118
|switch|p1a: Grimmsnarl|Grimmsnarl, L50, M|100/100|[from] Flip Turn
|
|-damage|p2b: Scrafty|22/100 brn|[from] brn
|upkeep
|
|t:|1783380120
|switch|p1b: Dragalge|Dragalge-Mega, L50, M, shiny|100/100
|turn|6
|
|t:|1783380124
|switch|p2b: Vivillon|Vivillon, L50, F|100/100
|move|p1a: Grimmsnarl|Reflect|p1a: Grimmsnarl
|-sidestart|p1: bearlover997|Reflect
|move|p2a: Kingambit|Kowtow Cleave|p1b: Dragalge
|-damage|p1b: Dragalge|21/100
|move|p1b: Dragalge|Draco Meteor|p2a: Kingambit
|-resisted|p2a: Kingambit|1
|-damage|p2a: Kingambit|74/100
|-unboost|p1b: Dragalge|spa|2
|
|upkeep
|turn|7
|
|t:|1783380135
|move|p2b: Vivillon|Sleep Powder|p1a: Grimmsnarl
|-status|p1a: Grimmsnarl|slp|[from] move: Sleep Powder
|cant|p1a: Grimmsnarl|slp
|move|p2a: Kingambit|Kowtow Cleave|p1b: Dragalge
|-damage|p1b: Dragalge|0 fnt
|faint|p1b: Dragalge
|
|upkeep
|turn|8
|
|t:|1783380144
|switch|p2b: Incineroar|Incineroar, L50, M|100/100
|-ability|p2b: Incineroar|Intimidate|boost
|-unboost|p1a: Grimmsnarl|atk|1
|cant|p1a: Grimmsnarl|slp
|move|p2a: Kingambit|Kowtow Cleave|p1a: Grimmsnarl
|-resisted|p1a: Grimmsnarl|2
|-damage|p1a: Grimmsnarl|76/100 slp
|
|upkeep
|turn|9
|
|t:|1783380149
|move|p2b: Incineroar|Flare Blitz|p1a: Grimmsnarl
|-damage|p1a: Grimmsnarl|41/100 slp
|-damage|p2b: Incineroar|88/100|[from] Recoil
|-curestatus|p1a: Grimmsnarl|slp|[msg]
|move|p1a: Grimmsnarl|Spirit Break|p2b: Incineroar
|-damage|p2b: Incineroar|68/100
|-unboost|p2b: Incineroar|spa|1
|move|p2a: Kingambit|Kowtow Cleave|p1a: Grimmsnarl
|-resisted|p1a: Grimmsnarl|2
|-damage|p1a: Grimmsnarl|14/100
|
|upkeep
|turn|10
|
|t:|1783380154
|move|p2b: Incineroar|Flare Blitz|p1a: Grimmsnarl
|-damage|p1a: Grimmsnarl|0 fnt
|faint|p1a: Grimmsnarl
|-damage|p2b: Incineroar|63/100|[from] Recoil
|
|win|lolgz
