|j|☆Purgatory12
|j|☆It'sJustKen VGC
|html|Purgatory12It'sJustKen VGC    
|uhtml|bestof|Game 3 of a best-of-3
|t:|1783643694
|gametype|doubles
|player|p1|Purgatory12|102|1190
|player|p2|It'sJustKen VGC|266|1197
|gen|9
|tier|[Gen 9 Champions] VGC 2026 Reg M-B (Bo3)
|rated|
|rule|Species Clause: Limit one of each Pokémon
|rule|Item Clause: Limit 1 of each item
|clearpoke
|poke|p1|Sinistcha, L50|
|poke|p1|Glimmora, L50, M|
|poke|p1|Pelipper, L50, F|
|poke|p1|Archaludon, L50, F|
|poke|p1|Swampert, L50, M|
|poke|p1|Incineroar, L50, F|
|poke|p2|Staraptor, L50, M|
|poke|p2|Sneasler, L50, F|
|poke|p2|Whimsicott, L50, M|
|poke|p2|Gholdengo, L50|
|poke|p2|Toxapex, L50, F, shiny|
|poke|p2|Incineroar, L50, M|
|teampreview|4
|showteam|p1|Sinistcha||SitrusBerry|Hospitality|MatchaGotcha,RagePowder,LifeDew,Protect|Bold|||||50|]Glimmora||Glimmoranite|ToxicDebris|PowerGem,SludgeBomb,DazzlingGleam,SpikyShield|Timid||M|||50|]Pelipper||FocusSash|Drizzle|Hurricane,WeatherBall,Protect,Tailwind|Modest||F|||50|]Archaludon||Leftovers|Stamina|FlashCannon,AuraSphere,ElectroShot,Protect|Modest||F|||50|]Swampert||Swampertite|Torrent|WaveCrash,Earthquake,IcePunch,Protect|Adamant||M|||50|]Incineroar||PasshoBerry|Intimidate|FakeOut,FlareBlitz,ThroatChop,PartingShot|Impish||F|||50|
|showteam|p2|Staraptor||Staraptite|Intimidate|Protect,BraveBird,CloseCombat,Roost|Jolly||M|||50|]Sneasler||WhiteHerb|Unburden|Protect,DireClaw,CloseCombat,FakeOut|Jolly||F|||50|]Whimsicott||FocusSash|Prankster|Tailwind,Encore,Tickle,Moonblast|Timid||M|||50|]Gholdengo||LifeOrb|GoodasGold|Protect,ShadowBall,MakeItRain,NastyPlot|Modest|||||50|]Toxapex||Leftovers|Regenerator|BanefulBunker,Infestation,Toxic,WideGuard|Bold||F|||50|]Incineroar||SitrusBerry|Intimidate|FakeOut,PartingShot,FlareBlitz,ThroatChop|Impish||M|||50|
|inactive|Battle timer is ON: inactive players will automatically lose when time's up. (requested by It'sJustKen VGC)
|
|t:|1783643717
|teamsize|p1|4
|teamsize|p2|4
|start
|switch|p1a: Incineroar|Incineroar, L50, F|100/100
|switch|p1b: Pelipper|Pelipper, L50, F|100/100
|switch|p2a: Gholdengo|Gholdengo, L50|100/100
|switch|p2b: Incineroar|Incineroar, L50, M|100/100
|-weather|RainDance|[from] ability: Drizzle|[of] p1b: Pelipper
|-ability|p2b: Incineroar|Intimidate|boost
|-unboost|p1a: Incineroar|atk|1
|-unboost|p1b: Pelipper|atk|1
|-ability|p1a: Incineroar|Intimidate|boost
|-unboost|p2a: Gholdengo|atk|1
|-unboost|p2b: Incineroar|atk|1
|turn|1
|
|t:|1783643740
|move|p2b: Incineroar|Fake Out|p1b: Pelipper
|-damage|p1b: Pelipper|89/100
|cant|p1b: Pelipper|flinch
|move|p2a: Gholdengo|Nasty Plot|p2a: Gholdengo
|-boost|p2a: Gholdengo|spa|2
|move|p1a: Incineroar|Throat Chop|p2a: Gholdengo
|-supereffective|p2a: Gholdengo|1
|-damage|p2a: Gholdengo|59/100
|-start|p2a: Gholdengo|Throat Chop|[silent]
|
|-weather|RainDance|[upkeep]
|upkeep
|turn|2
|inactive|Purgatory12 has 30 seconds left.
|
|t:|1783643769
|move|p1b: Pelipper|Protect|p1b: Pelipper
|-singleturn|p1b: Pelipper|Protect
|move|p2a: Gholdengo|Protect|p2a: Gholdengo
|-singleturn|p2a: Gholdengo|Protect
|move|p2b: Incineroar|Parting Shot|p1a: Incineroar
|-unboost|p1a: Incineroar|atk|1
|-unboost|p1a: Incineroar|spa|1
|inactive|It'sJustKen VGC has 30 seconds left.
|inactive|It'sJustKen VGC has 20 seconds left.
|
|t:|1783643804
|switch|p2b: Staraptor|Staraptor, L50, M|100/100|[from] Parting Shot
|-ability|p2b: Staraptor|Intimidate|boost
|-unboost|p1a: Incineroar|atk|1
|-unboost|p1b: Pelipper|atk|1
|move|p1a: Incineroar|Throat Chop|p2a: Gholdengo
|-activate|p2a: Gholdengo|move: Protect
|
|-weather|RainDance|[upkeep]
|-end|p2a: Gholdengo|Throat Chop|[silent]
|upkeep
|turn|3
|
|t:|1783643827
|detailschange|p2b: Staraptor|Staraptor-Mega, L50, M
|-mega|p2b: Staraptor|Staraptor|Staraptite
|move|p2b: Staraptor|Close Combat|p1a: Incineroar
|-supereffective|p1a: Incineroar|1
|-damage|p1a: Incineroar|3/100
|-boost|p2b: Staraptor|def|1
|-boost|p2b: Staraptor|spd|1
|move|p1b: Pelipper|Tailwind|p1b: Pelipper
|-sidestart|p1: Purgatory12|move: Tailwind
|move|p1a: Incineroar|Throat Chop|p2a: Gholdengo
|-supereffective|p2a: Gholdengo|1
|-damage|p2a: Gholdengo|38/100
|-start|p2a: Gholdengo|Throat Chop|[silent]
|move|p2a: Gholdengo|Make It Rain|p1a: Incineroar|[spread] p1a,p1b
|-resisted|p1a: Incineroar|1
|-resisted|p1b: Pelipper|1
|-damage|p1a: Incineroar|0 fnt
|-damage|p1b: Pelipper|0 fnt
|-unboost|p2a: Gholdengo|spa|2
|faint|p1a: Incineroar
|faint|p1b: Pelipper
|-damage|p2a: Gholdengo|28/100|[from] item: Life Orb
|
|-weather|RainDance|[upkeep]
|upkeep
|
|t:|1783643843
|switch|p1b: Archaludon|Archaludon, L50, F|100/100
|switch|p1a: Swampert|Swampert, L50, M|100/100
|turn|4
|
|t:|1783643861
|switch|p2a: Incineroar|Incineroar, L50, M|100/100
|-ability|p2a: Incineroar|Intimidate|boost
|-unboost|p1a: Swampert|atk|1
|-unboost|p1b: Archaludon|atk|1
|detailschange|p1a: Swampert|Swampert-Mega, L50, M
|-mega|p1a: Swampert|Swampert|Swampertite
|move|p2b: Staraptor|Protect|p2b: Staraptor
|-singleturn|p2b: Staraptor|Protect
|move|p1a: Swampert|Wave Crash|p2a: Incineroar
|-supereffective|p2a: Incineroar|1
|-damage|p2a: Incineroar|0 fnt
|faint|p2a: Incineroar
|-damage|p1a: Swampert|67/100|[from] Recoil
|move|p1b: Archaludon|Electro Shot||[still]
|-prepare|p1b: Archaludon|Electro Shot
|-boost|p1b: Archaludon|spa|1
|-anim|p1b: Archaludon|Electro Shot|p2b: Staraptor
|-activate|p2b: Staraptor|move: Protect
|
|-weather|RainDance|[upkeep]
|upkeep
|
|t:|1783643868
|switch|p2a: Whimsicott|Whimsicott, L50, M|100/100
|turn|5
|inactive|Purgatory12 has 30 seconds left.
|inactive|Purgatory12 has 20 seconds left.
|inactive|Purgatory12 has 15 seconds left.
|
|t:|1783643911
|move|p2a: Whimsicott|Tailwind|p2a: Whimsicott
|-sidestart|p2: It'sJustKen VGC|move: Tailwind
|move|p1a: Swampert|Wave Crash|p2b: Staraptor
|-damage|p2b: Staraptor|42/100
|-damage|p1a: Swampert|52/100|[from] Recoil
|move|p2b: Staraptor|Close Combat|p1a: Swampert
|-damage|p1a: Swampert|1/100
|-boost|p2b: Staraptor|def|1
|-boost|p2b: Staraptor|spd|1
|move|p1b: Archaludon|Electro Shot||[still]
|-prepare|p1b: Archaludon|Electro Shot
|-boost|p1b: Archaludon|spa|1
|-anim|p1b: Archaludon|Electro Shot|p2b: Staraptor
|-supereffective|p2b: Staraptor|1
|-damage|p2b: Staraptor|0 fnt
|faint|p2b: Staraptor
|
|-weather|none
|upkeep
|
|t:|1783643919
|switch|p2b: Gholdengo|Gholdengo, L50|28/100
|turn|6
|inactive|Purgatory12 has 30 seconds left.
|
|t:|1783643947
|move|p2a: Whimsicott|Encore|p1b: Archaludon
|-start|p1b: Archaludon|Encore
|move|p2b: Gholdengo|Make It Rain|p1b: Archaludon|[spread] p1a,p1b
|-resisted|p1a: Swampert|1
|-resisted|p1b: Archaludon|1
|-crit|p1b: Archaludon
|-damage|p1a: Swampert|0 fnt
|-damage|p1b: Archaludon|50/100g
|-unboost|p2b: Gholdengo|spa|2
|-ability|p1b: Archaludon|Stamina|boost
|-boost|p1b: Archaludon|def|1
|faint|p1a: Swampert
|-damage|p2b: Gholdengo|18/100|[from] item: Life Orb
|move|p1b: Archaludon|Electro Shot||[still]
|-prepare|p1b: Archaludon|Electro Shot
|-boost|p1b: Archaludon|spa|1
|
|-heal|p1b: Archaludon|56/100|[from] item: Leftovers
|-sideend|p1: Purgatory12|move: Tailwind
|upkeep
|turn|7
|
|t:|1783643953
|move|p2b: Gholdengo|Protect|p2b: Gholdengo
|-singleturn|p2b: Gholdengo|Protect
|move|p2a: Whimsicott|Moonblast|p1b: Archaludon
|-damage|p1b: Archaludon|17/100
|-ability|p1b: Archaludon|Stamina|boost
|-boost|p1b: Archaludon|def|1
|move|p1b: Archaludon|Electro Shot|p2b: Gholdengo|[from] lockedmove
|-activate|p2b: Gholdengo|move: Protect
|
|-heal|p1b: Archaludon|23/100|[from] item: Leftovers
|upkeep
|turn|8
|-message|Purgatory12 forfeited.
|
|win|It'sJustKen VGC
|raw|Purgatory12's rating: 1190 → 1164(-26 for losing)
|raw|It'sJustKen VGC's rating: 1176 → 1202(+26 for winning)
|l|☆Purgatory12
|player|p1|
