|j|☆namboyVGC
|j|☆Tobi Hope
|html|namboyVGCTobi Hope    
|uhtml|bestof|Game 2 of a best-of-3
|t:|1784319704
|gametype|doubles
|player|p1|namboyVGC|pokemonranger-gen4|1137
|player|p2|Tobi Hope|morty|1188
|gen|9
|tier|[Gen 9 Champions] VGC 2026 Reg M-B (Bo3)
|rated|
|rule|Species Clause: Limit one of each Pokémon
|rule|Item Clause: Limit 1 of each item
|clearpoke
|poke|p1|Tyranitar, L50, F|
|poke|p1|Excadrill, L50, F|
|poke|p1|Milotic, L50, M|
|poke|p1|Sinistcha, L50|
|poke|p1|Staraptor, L50, F|
|poke|p1|Gholdengo, L50|
|poke|p2|Delphox, L50, F|
|poke|p2|Blastoise, L50, M|
|poke|p2|Incineroar, L50, M|
|poke|p2|Sinistcha, L50|
|poke|p2|Sneasler, L50, M|
|poke|p2|Kingambit, L50, M|
|teampreview|4
|showteam|p1|Tyranitar||Tyranitarite|SandStream|KnockOff,RockSlide,HighHorsepower,Protect|Jolly||F|||50|]Excadrill||FocusSash|SandRush|Earthquake,IronHead,RockSlide,Protect|Adamant||F|||50|]Milotic||SitrusBerry|Competitive|Scald,IcyWind,Haze,Protect|Calm||M|||50|]Sinistcha||ColburBerry|Hospitality|MatchaGotcha,ShadowBall,Protect,RagePowder|Bold|||||50|]Staraptor||Staraptite|Intimidate|CloseCombat,BraveBird,Tailwind,Protect|Jolly||F|||50|]Gholdengo||LifeOrb|GoodasGold|MakeItRain,ShadowBall,NastyPlot,Protect|Modest|||||50|
|showteam|p2|Delphox||Delphoxite|Blaze|NastyPlot,Psyshock,HeatWave,Protect|Timid||F|||50|]Blastoise||Blastoisinite|RainDish|WaterSpout,ShellSmash,DarkPulse,Protect|Modest||M|||50|]Incineroar||SitrusBerry|Intimidate|FakeOut,DarkestLariat,FlareBlitz,PartingShot|Careful||M|||50|]Sinistcha||OccaBerry|Hospitality|MatchaGotcha,Protect,RagePowder,TrickRoom|Bold|||||50|]Sneasler||FocusSash|PoisonTouch|CloseCombat,DireClaw,FakeOut,QuickGuard|Jolly||M|||50|]Kingambit||BlackGlasses|Defiant|KowtowCleave,SuckerPunch,SwordsDance,Protect|Adamant||M|||50|
|inactive|Battle timer is ON: inactive players will automatically lose when time's up. (requested by namboyVGC)
|inactive|Tobi Hope also wants the timer to be on.
|inactive|namboyVGC has 60 seconds left.
|inactive|Tobi Hope has 60 seconds left.
|inactive|Tobi Hope has 30 seconds left.
|
|t:|1784319774
|teamsize|p1|4
|teamsize|p2|4
|start
|switch|p1a: Staraptor|Staraptor, L50, F|100/100
|switch|p1b: Tyranitar|Tyranitar, L50, F|100/100
|switch|p2a: Blastoise|Blastoise, L50, M|100/100
|switch|p2b: Sneasler|Sneasler, L50, M|100/100
|-ability|p1a: Staraptor|Intimidate|boost
|-unboost|p2a: Blastoise|atk|1
|-unboost|p2b: Sneasler|atk|1
|-weather|Sandstorm|[from] ability: Sand Stream|[of] p1b: Tyranitar
|turn|1
|inactive|Tobi Hope has 30 seconds left.
|inactive|Tobi Hope has 20 seconds left.
|inactive|Tobi Hope has 15 seconds left.
|inactive|Tobi Hope has 10 seconds left.
|inactive|Tobi Hope has 5 seconds left.
|
|t:|1784319826
|detailschange|p1a: Staraptor|Staraptor-Mega, L50, F
|-mega|p1a: Staraptor|Staraptor|Staraptite
|detailschange|p2a: Blastoise|Blastoise-Mega, L50, M
|-mega|p2a: Blastoise|Blastoise|Blastoisinite
|move|p2b: Sneasler|Fake Out|p1a: Staraptor
|-damage|p1a: Staraptor|91/100
|-status|p1a: Staraptor|psn|[from] ability: Poison Touch|[of] p2b: Sneasler
|cant|p1a: Staraptor|flinch
|move|p2a: Blastoise|Shell Smash|p2a: Blastoise
|-unboost|p2a: Blastoise|def|1
|-unboost|p2a: Blastoise|spd|1
|-boost|p2a: Blastoise|atk|2
|-boost|p2a: Blastoise|spa|2
|-boost|p2a: Blastoise|spe|2
|move|p1b: Tyranitar|High Horsepower|p2b: Sneasler
|-supereffective|p2b: Sneasler|1
|-enditem|p2b: Sneasler|Focus Sash
|-damage|p2b: Sneasler|1/100
|
|-weather|Sandstorm|[upkeep]
|-damage|p2a: Blastoise|94/100|[from] Sandstorm
|-damage|p2b: Sneasler|0 fnt|[from] Sandstorm
|-damage|p1a: Staraptor|85/100 psn|[from] Sandstorm
|faint|p2b: Sneasler
|-damage|p1a: Staraptor|73/100 psn|[from] psn
|upkeep
|inactive|Tobi Hope has 30 seconds left.
|inactive|Tobi Hope has 20 seconds left.
|inactive|Tobi Hope has 15 seconds left.
|inactive|Tobi Hope has 10 seconds left.
|
|t:|1784319871
|switch|p2b: Sinistcha|Sinistcha, L50|100/100
|-heal|p2a: Blastoise|100/100|[from] ability: Hospitality|[of] p2b: Sinistcha
|turn|2
|
|t:|1784319891
|move|p1a: Staraptor|Protect|p1a: Staraptor
|-singleturn|p1a: Staraptor|Protect
|move|p2a: Blastoise|Water Spout|p1b: Tyranitar|[spread] p1b
|-activate|p1a: Staraptor|move: Protect
|-supereffective|p1b: Tyranitar|1
|-damage|p1b: Tyranitar|0 fnt
|faint|p1b: Tyranitar
|move|p2b: Sinistcha|Matcha Gotcha|p1a: Staraptor
|-activate|p1a: Staraptor|move: Protect
|
|-weather|Sandstorm|[upkeep]
|-damage|p2a: Blastoise|94/100|[from] Sandstorm
|-damage|p1a: Staraptor|67/100 psn|[from] Sandstorm
|-damage|p2b: Sinistcha|93/100|[from] Sandstorm
|-damage|p1a: Staraptor|55/100 psn|[from] psn
|upkeep
|
|t:|1784319906
|switch|p1b: Excadrill|Excadrill, L50, F|100/100
|turn|3
|
|t:|1784319927
|move|p1b: Excadrill|Earthquake|p2b: Sinistcha|[spread] p2a,p2b
|-immune|p1a: Staraptor
|-resisted|p2b: Sinistcha|1
|-damage|p2a: Blastoise|32/100
|-damage|p2b: Sinistcha|77/100
|move|p2a: Blastoise|Water Spout|p1a: Staraptor|[spread] p1a,p1b
|-supereffective|p1b: Excadrill|1
|-damage|p1a: Staraptor|10/100 psn
|-enditem|p1b: Excadrill|Focus Sash
|-damage|p1b: Excadrill|1/100
|move|p1a: Staraptor|Tailwind|p1a: Staraptor
|-sidestart|p1: namboyVGC|move: Tailwind
|move|p2b: Sinistcha|Matcha Gotcha|p1b: Excadrill|[spread] p1a,p1b
|-resisted|p1a: Staraptor|1
|-damage|p1a: Staraptor|0 fnt
|-heal|p2b: Sinistcha|83/100|[from] drain|[of] p1a: Staraptor
|-damage|p1b: Excadrill|0 fnt
|-heal|p2b: Sinistcha|83/100|[from] drain|[of] p1b: Excadrill
|faint|p1a: Staraptor
|faint|p1b: Excadrill
|
|-weather|Sandstorm|[upkeep]
|-damage|p2a: Blastoise|26/100|[from] Sandstorm
|-damage|p2b: Sinistcha|77/100|[from] Sandstorm
|upkeep
|
|t:|1784319951
|switch|p1b: Milotic|Milotic, L50, M|100/100
|turn|4
|
|t:|1784319956
|move|p2a: Blastoise|Dark Pulse|p1b: Milotic
|-damage|p1b: Milotic|31/100
|-enditem|p1b: Milotic|Sitrus Berry|[eat]
|-heal|p1b: Milotic|56/100|[from] item: Sitrus Berry
|cant|p1b: Milotic|flinch
|move|p2b: Sinistcha|Matcha Gotcha|p1b: Milotic
|-supereffective|p1b: Milotic|1
|-damage|p1b: Milotic|15/100
|-heal|p2b: Sinistcha|99/100|[from] drain|[of] p1b: Milotic
|
|-weather|Sandstorm|[upkeep]
|-damage|p2a: Blastoise|20/100y|[from] Sandstorm
|-damage|p1b: Milotic|9/100|[from] Sandstorm
|-damage|p2b: Sinistcha|93/100|[from] Sandstorm
|upkeep
|turn|5
|-message|namboyVGC forfeited.
|
|win|Tobi Hope
|raw|namboyVGC's rating: 1137 → 1116(-21 for losing)
|raw|Tobi Hope's rating: 1188 → 1209(+21 for winning)
