|j|☆raksbach
|j|☆purpled_yuki
|html|raksbachpurpled_yuki    
|uhtml|bestof|Game 1 of a best-of-3
|t:|1783693235
|gametype|doubles
|player|p1|raksbach|169|1160
|player|p2|purpled_yuki|rosa|1075
|gen|9
|tier|[Gen 9 Champions] VGC 2026 Reg M-B (Bo3)
|rated|
|rule|Species Clause: Limit one of each Pokémon
|rule|Item Clause: Limit 1 of each item
|clearpoke
|poke|p1|Incineroar, L50, F|
|poke|p1|Maushold, L50|
|poke|p1|Sinistcha, L50|
|poke|p1|Sneasler, L50, F|
|poke|p1|Blastoise, L50, F|
|poke|p1|Delphox, L50, M|
|poke|p2|Sinistcha, L50|
|poke|p2|Incineroar, L50, F|
|poke|p2|Pelipper, L50, F|
|poke|p2|Gengar, L50, F|
|poke|p2|Archaludon, L50, M|
|poke|p2|Palafin, L50, F|
|teampreview|4
|showteam|p1|Incineroar||SitrusBerry|Intimidate|FakeOut,FlareBlitz,DarkestLariat,PartingShot|Impish||F|||50|]Maushold||ChopleBerry|FriendGuard|SuperFang,FollowMe,Protect,Feint|Impish|||||50|]Sinistcha||OccaBerry|Hospitality|MatchaGotcha,LifeDew,RagePowder,Protect|Bold|||||50|]Sneasler||FocusSash|PoisonTouch|FakeOut,CloseCombat,DireClaw,QuickGuard|Jolly||F|||50|]Blastoise||Blastoisinite|Torrent|WaterSpout,DarkPulse,ShellSmash,Protect|Modest||F|||50|]Delphox||Delphoxite|Blaze|HeatWave,Psychic,NastyPlot,Protect|Timid||M|||50|
|showteam|p2|Sinistcha||SitrusBerry|Hospitality|MatchaGotcha,LifeDew,TrickRoom,RagePowder|Calm|||||50|]Incineroar||Leftovers|Intimidate|DarkestLariat,PartingShot,Protect,FakeOut|Adamant||F|||50|]Pelipper||FocusSash|Drizzle|WeatherBall,Protect,Hurricane,Tailwind|Timid||F|||50|]Gengar||Gengarite|CursedBody|PerishSong,Protect,SludgeBomb,ShadowBall|Calm||F|||50|]Archaludon||MetalCoat|Stamina|ElectroShot,Protect,FlashCannon,DragonPulse|Calm||M|||50|]Palafin||MysticWater|ZerotoHero|JetPunch,WaveCrash,Protect,FlipTurn|Jolly||F|||50|
|inactive|Battle timer is ON: inactive players will automatically lose when time's up. (requested by raksbach)
|inactive|purpled_yuki also wants the timer to be on.
|inactive|purpled_yuki has 60 seconds left.
|
|t:|1783693272
|teamsize|p1|4
|teamsize|p2|4
|start
|switch|p1a: Blastoise|Blastoise, L50, F|100/100
|switch|p1b: Maushold|Maushold, L50|100/100
|switch|p2a: Incineroar|Incineroar, L50, F|100/100
|switch|p2b: Palafin|Palafin, L50, F|100/100
|-ability|p2a: Incineroar|Intimidate|boost
|-unboost|p1a: Blastoise|atk|1
|-unboost|p1b: Maushold|atk|1
|turn|1
|
|t:|1783693295
|detailschange|p1a: Blastoise|Blastoise-Mega, L50, F
|-mega|p1a: Blastoise|Blastoise|Blastoisinite
|move|p1a: Blastoise|Protect|p1a: Blastoise
|-singleturn|p1a: Blastoise|Protect
|move|p2a: Incineroar|Fake Out|p1b: Maushold
|-damage|p1b: Maushold|88/100
|move|p2b: Palafin|Flip Turn|p1a: Blastoise
|-activate|p1a: Blastoise|move: Protect
|cant|p1b: Maushold|flinch
|
|upkeep
|turn|2
|inactive|purpled_yuki has 30 seconds left.
|inactive|purpled_yuki has 20 seconds left.
|
|t:|1783693331
|move|p1b: Maushold|Follow Me|p1b: Maushold
|-singleturn|p1b: Maushold|move: Follow Me
|move|p2b: Palafin|Flip Turn|p1b: Maushold
|-crit|p1b: Maushold
|-damage|p1b: Maushold|54/100
|
|t:|1783693337
|detailschange|p2b: Palafin|Palafin-Hero, L50, F
|switch|p2b: Archaludon|Archaludon, L50, M|100/100|[from] Flip Turn
|move|p1a: Blastoise|Shell Smash|p1a: Blastoise
|-unboost|p1a: Blastoise|def|1
|-unboost|p1a: Blastoise|spd|1
|-boost|p1a: Blastoise|atk|2
|-boost|p1a: Blastoise|spa|2
|-boost|p1a: Blastoise|spe|2
|move|p2a: Incineroar|Parting Shot|p1b: Maushold
|-unboost|p1b: Maushold|atk|1
|-unboost|p1b: Maushold|spa|1
|
|t:|1783693348
|switch|p2a: Palafin|Palafin-Hero, L50, F|100/100|[from] Parting Shot
|-activate|p2a: Palafin|ability: Zero to Hero
|
|upkeep
|turn|3
|
|t:|1783693356
|switch|p1b: Sinistcha|Sinistcha, L50|100/100
|move|p1a: Blastoise|Protect|p1a: Blastoise
|-singleturn|p1a: Blastoise|Protect
|move|p2b: Archaludon|Protect|p2b: Archaludon
|-singleturn|p2b: Archaludon|Protect
|move|p2a: Palafin|Wave Crash|p1b: Sinistcha
|-resisted|p1b: Sinistcha|1
|-damage|p1b: Sinistcha|60/100
|-damage|p2a: Palafin|87/100|[from] Recoil
|
|upkeep
|turn|4
|
|t:|1783693375
|move|p1b: Sinistcha|Rage Powder|p1b: Sinistcha
|-singleturn|p1b: Sinistcha|move: Rage Powder
|move|p1a: Blastoise|Water Spout|p2a: Palafin|[spread] p2a,p2b
|-resisted|p2a: Palafin|1
|-resisted|p2b: Archaludon|1
|-damage|p2a: Palafin|10/100
|-damage|p2b: Archaludon|22/100
|-ability|p2b: Archaludon|Stamina|boost
|-boost|p2b: Archaludon|def|1
|move|p2a: Palafin|Flip Turn|p1b: Sinistcha
|-resisted|p1b: Sinistcha|1
|-damage|p1b: Sinistcha|40/100
|
|t:|1783693385
|switch|p2a: Pelipper|Pelipper, L50, F|100/100|[from] Flip Turn
|-weather|RainDance|[from] ability: Drizzle|[of] p2a: Pelipper
|move|p2b: Archaludon|Electro Shot||[still]
|-prepare|p2b: Archaludon|Electro Shot
|-boost|p2b: Archaludon|spa|1
|-anim|p2b: Archaludon|Electro Shot|p1b: Sinistcha
|-resisted|p1b: Sinistcha|1
|-damage|p1b: Sinistcha|8/100
|
|-weather|RainDance|[upkeep]
|upkeep
|turn|5
|
|t:|1783693405
|switch|p1b: Maushold|Maushold, L50|54/100
|move|p2b: Archaludon|Protect|p2b: Archaludon
|-singleturn|p2b: Archaludon|Protect
|move|p1a: Blastoise|Water Spout|p2a: Pelipper|[spread] p2a
|-activate|p2b: Archaludon|move: Protect
|-resisted|p2a: Pelipper|1
|-enditem|p2a: Pelipper|Focus Sash
|-damage|p2a: Pelipper|1/100
|move|p2a: Pelipper|Tailwind|p2a: Pelipper
|-sidestart|p2: purpled_yuki|move: Tailwind
|
|-weather|RainDance|[upkeep]
|upkeep
|turn|6
|inactive|raksbach has 30 seconds left.
|inactive|purpled_yuki has 30 seconds left.
|
|t:|1783693434
|move|p1b: Maushold|Follow Me|p1b: Maushold
|-singleturn|p1b: Maushold|move: Follow Me
|move|p1a: Blastoise|Water Spout|p2a: Pelipper|[spread] p2a,p2b
|-resisted|p2a: Pelipper|1
|-resisted|p2b: Archaludon|1
|-damage|p2a: Pelipper|0 fnt
|-damage|p2b: Archaludon|0 fnt
|faint|p2a: Pelipper
|faint|p2b: Archaludon
|
|-weather|RainDance|[upkeep]
|upkeep
|-message|purpled_yuki forfeited.
|
|win|raksbach
|l|☆purpled_yuki
|player|p2|
