|j|☆fangyusuhe
|j|☆syshj
|html|fangyusuhesyshj    
|uhtml|bestof|Game 2 of a best-of-3
|t:|1785073313
|gametype|doubles
|player|p1|fangyusuhe|dawn|
|player|p2|syshj|dawn|
|gen|9
|tier|[Gen 9 Champions] VGC 2026 Reg M-B (Bo3)
|rule|Species Clause: Limit one of each Pokémon
|rule|Item Clause: Limit 1 of each item
|clearpoke
|poke|p1|Tyranitar, L50, M|
|poke|p1|Excadrill, L50, M|
|poke|p1|Gholdengo, L50|
|poke|p1|Sinistcha, L50|
|poke|p1|Milotic, L50, M|
|poke|p1|Staraptor, L50, M|
|poke|p2|Delphox, L50, F|
|poke|p2|Sinistcha, L50|
|poke|p2|Sneasler, L50, F|
|poke|p2|Milotic, L50, F|
|poke|p2|Floette-Eternal, L50, F|
|poke|p2|Incineroar, L50, M|
|teampreview|4
|showteam|p1|Tyranitar||Tyranitarite|SandStream|RockSlide,KnockOff,IcePunch,Protect|Adamant||M|||50|]Excadrill||FocusSash|SandRush|IronHead,HighHorsepower,RockSlide,Protect|Adamant||M|||50|]Gholdengo||LifeOrb|GoodasGold|ShadowBall,MakeItRain,NastyPlot,Protect|Modest|||||50|]Sinistcha||ColburBerry|Hospitality|MatchaGotcha,RagePowder,TrickRoom,Protect|Bold|||||50|]Milotic||SitrusBerry|Competitive|Scald,IcyWind,Haze,Protect|Bold||M|||50|]Staraptor||Staraptite|Intimidate|BraveBird,CloseCombat,Tailwind,Protect|Jolly||M|||50|
|showteam|p2|Delphox||Delphoxite|Magician|HeatWave,Psychic,Protect,NastyPlot|Timid||F|||50|]Sinistcha||KasibBerry|Hospitality|LifeDew,RagePowder,MatchaGotcha,Protect|Bold|||||50|]Sneasler||FocusSash|Unburden|CloseCombat,DireClaw,RockSlide,FakeOut|Jolly||F|||50|]Milotic||Leftovers|Competitive|Hypnosis,Protect,Coil,MuddyWater|Bold||F|||50|]Floette-Eternal||Floettite|FlowerVeil|CalmMind,Moonblast,Protect,DazzlingGleam|Modest||F|||50|]Incineroar||SitrusBerry|Intimidate|FlareBlitz,DarkestLariat,PartingShot,FakeOut|Impish||M|||50|
|
|t:|1785073323
|teamsize|p1|4
|teamsize|p2|4
|start
|switch|p1a: Milotic|Milotic, L50, M|100/100
|switch|p1b: Gholdengo|Gholdengo, L50|100/100
|switch|p2a: Delphox|Delphox, L50, F|100/100
|switch|p2b: Milotic|Milotic, L50, F|100/100
|turn|1
|inactive|Battle timer is ON: inactive players will automatically lose when time's up. (requested by fangyusuhe)
|
|t:|1785073346
|detailschange|p2a: Delphox|Delphox-Mega, L50, F
|-mega|p2a: Delphox|Delphox|Delphoxite
|move|p2a: Delphox|Heat Wave|p1b: Gholdengo|[spread] p1a,p1b
|-resisted|p1a: Milotic|1
|-crit|p1a: Milotic
|-supereffective|p1b: Gholdengo|1
|-damage|p1a: Milotic|79/100
|-damage|p1b: Gholdengo|14/100
|move|p1b: Gholdengo|Shadow Ball|p2a: Delphox
|-supereffective|p2a: Delphox|1
|-damage|p2a: Delphox|0 fnt
|faint|p2a: Delphox
|-damage|p1b: Gholdengo|4/100|[from] item: Life Orb
|move|p1a: Milotic|Scald|p2b: Milotic
|-resisted|p2b: Milotic|1
|-damage|p2b: Milotic|89/100
|move|p2b: Milotic|Muddy Water|p1a: Milotic|[spread] p1b
|-miss|p2b: Milotic|p1a: Milotic
|-damage|p1b: Gholdengo|0 fnt
|faint|p1b: Gholdengo
|
|-heal|p2b: Milotic|95/100|[from] item: Leftovers
|upkeep
|
|t:|1785073358
|switch|p2a: Sinistcha|Sinistcha, L50|100/100
|switch|p1b: Excadrill|Excadrill, L50, M|100/100
|-heal|p2b: Milotic|100/100|[from] ability: Hospitality|[of] p2a: Sinistcha
|turn|2
|
|t:|1785073364
|move|p1b: Excadrill|Rock Slide|p2b: Milotic|[spread] p2a,p2b
|-damage|p2a: Sinistcha|80/100
|-damage|p2b: Milotic|81/100
|move|p1a: Milotic|Scald|p2a: Sinistcha
|-resisted|p2a: Sinistcha|1
|-damage|p2a: Sinistcha|66/100
|-status|p2a: Sinistcha|brn
|move|p2b: Milotic|Coil|p2b: Milotic
|-boost|p2b: Milotic|atk|1
|-boost|p2b: Milotic|def|1
|-boost|p2b: Milotic|accuracy|1
|cant|p2a: Sinistcha|flinch
|
|-heal|p2b: Milotic|87/100|[from] item: Leftovers
|-damage|p2a: Sinistcha|60/100 brn|[from] brn
|upkeep
|turn|3
|
|t:|1785073382
|move|p1b: Excadrill|Protect|p1b: Excadrill
|-singleturn|p1b: Excadrill|Protect
|move|p1a: Milotic|Haze|p1a: Milotic
|-clearallboost
|move|p2b: Milotic|Muddy Water|p1a: Milotic|[spread] p1a
|-activate|p1b: Excadrill|move: Protect
|-resisted|p1a: Milotic|1
|-damage|p1a: Milotic|71/100
|-unboost|p1a: Milotic|accuracy|1
|-ability|p1a: Milotic|Competitive|boost
|-boost|p1a: Milotic|spa|2
|move|p2a: Sinistcha|Life Dew|p2a: Sinistcha|[spread] p2a,p2b
|-heal|p2a: Sinistcha|85/100 brn
|-heal|p2b: Milotic|100/100
|
|-damage|p2a: Sinistcha|79/100 brn|[from] brn
|upkeep
|turn|4
|
|t:|1785073393
|move|p1b: Excadrill|High Horsepower|p2b: Milotic
|-damage|p2b: Milotic|57/100
|move|p1a: Milotic|Icy Wind|p2a: Sinistcha|[spread] p2b
|-miss|p1a: Milotic|p2a: Sinistcha
|-resisted|p2b: Milotic|1
|-damage|p2b: Milotic|51/100
|-unboost|p2b: Milotic|spe|1
|-ability|p2b: Milotic|Competitive|boost
|-boost|p2b: Milotic|spa|2
|move|p2a: Sinistcha|Matcha Gotcha|p1a: Milotic|[spread] p1a,p1b
|-supereffective|p1a: Milotic|1
|-damage|p1a: Milotic|38/100
|-heal|p2a: Sinistcha|97/100 brn|[from] drain|[of] p1a: Milotic
|-damage|p1b: Excadrill|69/100
|-heal|p2a: Sinistcha|100/100 brn|[from] drain|[of] p1b: Excadrill
|-enditem|p1a: Milotic|Sitrus Berry|[eat]
|-heal|p1a: Milotic|63/100|[from] item: Sitrus Berry
|move|p2b: Milotic|Hypnosis|p1a: Milotic
|-status|p1a: Milotic|slp|[from] move: Hypnosis
|
|-heal|p2b: Milotic|57/100|[from] item: Leftovers
|-damage|p2a: Sinistcha|93/100 brn|[from] brn
|upkeep
|turn|5
|
|t:|1785073410
|move|p1b: Excadrill|Iron Head|p2a: Sinistcha
|-damage|p2a: Sinistcha|56/100 brn
|cant|p1a: Milotic|slp
|move|p2a: Sinistcha|Life Dew|p2a: Sinistcha|[spread] p2a,p2b
|-heal|p2a: Sinistcha|81/100 brn
|-heal|p2b: Milotic|83/100
|move|p2b: Milotic|Coil|p2b: Milotic
|-boost|p2b: Milotic|atk|1
|-boost|p2b: Milotic|def|1
|-boost|p2b: Milotic|accuracy|1
|
|-heal|p2b: Milotic|89/100|[from] item: Leftovers
|-damage|p2a: Sinistcha|75/100 brn|[from] brn
|upkeep
|turn|6
|
|t:|1785073418
|move|p1b: Excadrill|Protect|p1b: Excadrill
|-singleturn|p1b: Excadrill|Protect
|cant|p1a: Milotic|slp
|move|p2a: Sinistcha|Matcha Gotcha|p1a: Milotic|[spread] p1a
|-activate|p1b: Excadrill|move: Protect
|-supereffective|p1a: Milotic|1
|-damage|p1a: Milotic|27/100 slp
|-heal|p2a: Sinistcha|95/100 brn|[from] drain|[of] p1a: Milotic
|move|p2b: Milotic|Muddy Water|p1a: Milotic|[spread] p1a
|-activate|p1b: Excadrill|move: Protect
|-resisted|p1a: Milotic|1
|-damage|p1a: Milotic|12/100 slp
|
|-heal|p2b: Milotic|95/100|[from] item: Leftovers
|-damage|p2a: Sinistcha|89/100 brn|[from] brn
|upkeep
|turn|7
|
|t:|1785073426
|move|p1b: Excadrill|High Horsepower|p2b: Milotic
|-damage|p2b: Milotic|63/100
|-curestatus|p1a: Milotic|slp|[msg]
|move|p1a: Milotic|Haze|p1a: Milotic
|-clearallboost
|move|p2b: Milotic|Muddy Water|p1b: Excadrill|[spread] p1a,p1b
|-resisted|p1a: Milotic|1
|-supereffective|p1b: Excadrill|1
|-damage|p1a: Milotic|5/100
|-damage|p1b: Excadrill|8/100
|move|p2a: Sinistcha|Matcha Gotcha|p1b: Excadrill|[spread] p1a,p1b
|-supereffective|p1a: Milotic|1
|-damage|p1a: Milotic|0 fnt
|-heal|p2a: Sinistcha|92/100 brn|[from] drain|[of] p1a: Milotic
|-damage|p1b: Excadrill|0 fnt
|-heal|p2a: Sinistcha|97/100 brn|[from] drain|[of] p1b: Excadrill
|faint|p1a: Milotic
|faint|p1b: Excadrill
|
|-heal|p2b: Milotic|69/100|[from] item: Leftovers
|-damage|p2a: Sinistcha|90/100 brn|[from] brn
|upkeep
|
|t:|1785073429
|switch|p1a: Tyranitar|Tyranitar, L50, M|100/100
|-weather|Sandstorm|[from] ability: Sand Stream|[of] p1a: Tyranitar
|turn|8
|
|t:|1785073437
|switch|p2a: Incineroar|Incineroar, L50, M|100/100
|-ability|p2a: Incineroar|Intimidate|boost
|-unboost|p1a: Tyranitar|atk|1
|detailschange|p1a: Tyranitar|Tyranitar-Mega, L50, M
|-mega|p1a: Tyranitar|Tyranitar|Tyranitarite
|move|p2b: Milotic|Protect|p2b: Milotic
|-singleturn|p2b: Milotic|Protect
|move|p1a: Tyranitar|Knock Off|p2b: Milotic
|-activate|p2b: Milotic|move: Protect
|
|-weather|Sandstorm|[upkeep]
|-damage|p2b: Milotic|63/100|[from] Sandstorm
|-damage|p2a: Incineroar|94/100|[from] Sandstorm
|-heal|p2b: Milotic|69/100|[from] item: Leftovers
|upkeep
|turn|9
|-message|fangyusuhe forfeited.
|
|win|syshj
||fangyusuhe is ready for game 3.
||syshj is ready for game 3.
|uhtml|next|Next: Game 3 of 3
|l|☆fangyusuhe
|player|p1|
