|j|☆1OO% Jesus
|j|☆CiepVGC
|html|1OO% JesusCiepVGC    
|uhtml|bestof|Game 1 of a best-of-3
|t:|1783697449
|gametype|doubles
|player|p1|1OO% Jesus|lillie-z|1195
|player|p2|CiepVGC|silver|1288
|gen|9
|tier|[Gen 9 Champions] VGC 2026 Reg M-B (Bo3)
|rated|
|rule|Species Clause: Limit one of each Pokémon
|rule|Item Clause: Limit 1 of each item
|clearpoke
|poke|p1|Delphox, L50, M|
|poke|p1|Sneasler, L50, F|
|poke|p1|Incineroar, L50, M|
|poke|p1|Sinistcha, L50|
|poke|p1|Maushold-Four, L50|
|poke|p1|Blastoise, L50, M|
|poke|p2|Floette-Eternal, L50, F|
|poke|p2|Delphox, L50, F|
|poke|p2|Sinistcha, L50|
|poke|p2|Incineroar, L50, M|
|poke|p2|Kingambit, L50, M|
|poke|p2|Sneasler, L50, M|
|teampreview|4
|showteam|p1|Delphox||Delphoxite|Blaze|HeatWave,Psyshock,NastyPlot,Protect|Timid||M|||50|]Sneasler||FocusSash|PoisonTouch|CloseCombat,PoisonJab,FakeOut,QuickGuard|Jolly||F|||50|]Incineroar||SitrusBerry|Intimidate|FlareBlitz,ThroatChop,FakeOut,PartingShot|Impish||M|||50|]Sinistcha||OccaBerry|Hospitality|MatchaGotcha,RagePowder,LifeDew,Protect|Bold|||||50|]Maushold-Four||ChopleBerry|FriendGuard|FollowMe,Feint,SuperFang,Protect|Impish|||||50|]Blastoise||Blastoisinite|RainDish|WaterSpout,DarkPulse,ShellSmash,Protect|Modest||M|||50|
|showteam|p2|Floette-Eternal||Floettite|FlowerVeil|Protect,CalmMind,DrainingKiss,DazzlingGleam|Modest||F|||50|]Delphox||Delphoxite|Blaze|Protect,NastyPlot,HeatWave,Psyshock|Timid||F|||50|]Sinistcha||KasibBerry|Hospitality|Protect,RagePowder,TrickRoom,MatchaGotcha|Bold|||||50|]Incineroar||SitrusBerry|Intimidate|FakeOut,PartingShot,ThroatChop,FlareBlitz|Impish||M|||50|]Kingambit||BlackGlasses|Defiant|Protect,KowtowCleave,SuckerPunch,SwordsDance|Adamant||M|||50|]Sneasler||FocusSash|PoisonTouch|RockTomb,CloseCombat,FakeOut,PoisonJab|Jolly||M|||50|
|inactive|Battle timer is ON: inactive players will automatically lose when time's up. (requested by CiepVGC)
|inactive|1OO% Jesus has 60 seconds left.
|inactive|1OO% Jesus has 30 seconds left.
|
|t:|1783697520
|teamsize|p1|4
|teamsize|p2|4
|start
|switch|p1a: Delphox|Delphox, L50, M|100/100
|switch|p1b: Sneasler|Sneasler, L50, F|100/100
|switch|p2a: Delphox|Delphox, L50, F|100/100
|switch|p2b: Sneasler|Sneasler, L50, M|100/100
|turn|1
|inactive|1OO% Jesus has 30 seconds left.
|
|t:|1783697551
|detailschange|p2a: Delphox|Delphox-Mega, L50, F
|-mega|p2a: Delphox|Delphox|Delphoxite
|detailschange|p1a: Delphox|Delphox-Mega, L50, M
|-mega|p1a: Delphox|Delphox|Delphoxite
|move|p1b: Sneasler|Fake Out|p2b: Sneasler
|-damage|p2b: Sneasler|73/100
|move|p2a: Delphox|Nasty Plot|p2a: Delphox
|-boost|p2a: Delphox|spa|2
|move|p1a: Delphox|Nasty Plot|p1a: Delphox
|-boost|p1a: Delphox|spa|2
|cant|p2b: Sneasler|flinch
|
|upkeep
|turn|2
|inactive|CiepVGC has 30 seconds left.
|
|t:|1783697579
|switch|p2b: Incineroar|Incineroar, L50, M|100/100
|-ability|p2b: Incineroar|Intimidate|boost
|-unboost|p1a: Delphox|atk|1
|-unboost|p1b: Sneasler|atk|1
|move|p1a: Delphox|Protect|p1a: Delphox
|-singleturn|p1a: Delphox|Protect
|move|p2a: Delphox|Heat Wave|p1a: Delphox|[spread] p1b
|-activate|p1a: Delphox|move: Protect
|-enditem|p1b: Sneasler|Focus Sash
|-damage|p1b: Sneasler|1/100
|move|p1b: Sneasler|Poison Jab|p2a: Delphox
|-damage|p2a: Delphox|56/100
|-status|p2a: Delphox|psn|[from] ability: Poison Touch|[of] p1b: Sneasler
|
|-damage|p2a: Delphox|44/100 psn|[from] psn
|upkeep
|turn|3
|inactive|1OO% Jesus has 30 seconds left.
|inactive|CiepVGC has 30 seconds left.
|inactive|1OO% Jesus has 20 seconds left.
|inactive|1OO% Jesus has 15 seconds left.
|inactive|1OO% Jesus has 10 seconds left.
|
|t:|1783697626
|switch|p1b: Maushold|Maushold-Four, L50|100/100
|move|p2b: Incineroar|Fake Out|p1a: Delphox
|-damage|p1a: Delphox|90/100
|move|p2a: Delphox|Heat Wave|p1a: Delphox|[spread] p1a,p1b
|-resisted|p1a: Delphox|1
|-damage|p1a: Delphox|60/100
|-damage|p1b: Maushold|10/100
|-status|p1b: Maushold|brn
|cant|p1a: Delphox|flinch
|
|-damage|p2a: Delphox|32/100 psn|[from] psn
|-damage|p1b: Maushold|4/100 brn|[from] brn
|upkeep
|turn|4
|inactive|1OO% Jesus has 30 seconds left.
|inactive|1OO% Jesus has 20 seconds left.
|
|t:|1783697664
|move|p2a: Delphox|Protect|p2a: Delphox
|-singleturn|p2a: Delphox|Protect
|move|p1b: Maushold|Protect|p1b: Maushold
|-singleturn|p1b: Maushold|Protect
|move|p1a: Delphox|Heat Wave|p2b: Incineroar|[spread] p2b
|-activate|p2a: Delphox|move: Protect
|-resisted|p2b: Incineroar|1
|-damage|p2b: Incineroar|64/100
|move|p2b: Incineroar|Parting Shot|p1b: Maushold
|-activate|p1b: Maushold|move: Protect
|
|-damage|p2a: Delphox|20/100y psn|[from] psn
|-damage|p1b: Maushold|0 fnt|[from] brn
|faint|p1b: Maushold
|upkeep
|
|t:|1783697677
|switch|p1b: Sneasler|Sneasler, L50, F|1/100
|turn|5
|inactive|1OO% Jesus has 30 seconds left.
|
|t:|1783697705
|switch|p2b: Sinistcha|Sinistcha, L50|100/100
|-heal|p2a: Delphox|45/100 psn|[from] ability: Hospitality|[of] p2b: Sinistcha
|move|p2a: Delphox|Heat Wave|p1a: Delphox|[spread] p1a,p1b
|-resisted|p1a: Delphox|1
|-damage|p1a: Delphox|22/100
|-damage|p1b: Sneasler|0 fnt
|faint|p1b: Sneasler
|move|p1a: Delphox|Heat Wave|p2b: Sinistcha|[spread] p2a,p2b
|-resisted|p2a: Delphox|1
|-supereffective|p2b: Sinistcha|1
|-crit|p2b: Sinistcha
|-damage|p2a: Delphox|11/100 psn
|-damage|p2b: Sinistcha|0 fnt
|faint|p2b: Sinistcha
|
|-damage|p2a: Delphox|0 fnt|[from] psn
|faint|p2a: Delphox
|upkeep
|
|t:|1783697719
|switch|p2a: Incineroar|Incineroar, L50, M|64/100
|switch|p1b: Incineroar|Incineroar, L50, M|100/100
|switch|p2b: Sneasler|Sneasler, L50, M|73/100
|-ability|p1b: Incineroar|Intimidate|boost
|-unboost|p2a: Incineroar|atk|1
|-unboost|p2b: Sneasler|atk|1
|-ability|p2a: Incineroar|Intimidate|boost
|-unboost|p1a: Delphox|atk|1
|-unboost|p1b: Incineroar|atk|1
|turn|6
|inactive|1OO% Jesus has 30 seconds left.
|
|t:|1783697751
|move|p1a: Delphox|Protect|p1a: Delphox
|-singleturn|p1a: Delphox|Protect
|move|p2b: Sneasler|Fake Out|p1b: Incineroar
|-crit|p1b: Incineroar
|-damage|p1b: Incineroar|81/100
|-status|p1b: Incineroar|psn|[from] ability: Poison Touch|[of] p2b: Sneasler
|cant|p1b: Incineroar|flinch
|move|p2a: Incineroar|Throat Chop|p1a: Delphox
|-activate|p1a: Delphox|move: Protect
|
|-damage|p1b: Incineroar|69/100 psn|[from] psn
|upkeep
|turn|7
|
|t:|1783697771
|move|p1a: Delphox|Heat Wave|p2a: Incineroar|[spread] p2a,p2b
|-resisted|p2a: Incineroar|1
|-damage|p2a: Incineroar|33/100
|-damage|p2b: Sneasler|0 fnt
|-enditem|p2a: Incineroar|Sitrus Berry|[eat]
|-heal|p2a: Incineroar|58/100|[from] item: Sitrus Berry
|faint|p2b: Sneasler
|move|p1b: Incineroar|Flare Blitz|p2a: Incineroar
|-resisted|p2a: Incineroar|1
|-damage|p2a: Incineroar|45/100
|-damage|p1b: Incineroar|64/100 psn|[from] Recoil
|move|p2a: Incineroar|Throat Chop|p1a: Delphox
|-supereffective|p1a: Delphox|1
|-crit|p1a: Delphox
|-damage|p1a: Delphox|0 fnt
|faint|p1a: Delphox
|
|-damage|p1b: Incineroar|52/100 psn|[from] psn
|upkeep
|turn|8
|
|t:|1783697793
|move|p1b: Incineroar|Flare Blitz|p2a: Incineroar
|-resisted|p2a: Incineroar|1
|-damage|p2a: Incineroar|31/100
|-damage|p1b: Incineroar|48/100 psn|[from] Recoil
|-enditem|p1b: Incineroar|Sitrus Berry|[eat]
|-heal|p1b: Incineroar|72/100 psn|[from] item: Sitrus Berry
|move|p2a: Incineroar|Parting Shot|p1b: Incineroar
|-unboost|p1b: Incineroar|atk|1
|-unboost|p1b: Incineroar|spa|1
|
|-damage|p1b: Incineroar|60/100 psn|[from] psn
|upkeep
|turn|9
|
|t:|1783697814
|move|p1b: Incineroar|Flare Blitz|p2a: Incineroar
|-resisted|p2a: Incineroar|1
|-damage|p2a: Incineroar|22/100
|-damage|p1b: Incineroar|57/100 psn|[from] Recoil
|move|p2a: Incineroar|Flare Blitz|p1b: Incineroar
|-resisted|p1b: Incineroar|1
|-damage|p1b: Incineroar|44/100 psn
|-damage|p2a: Incineroar|18/100|[from] Recoil
|
|-damage|p1b: Incineroar|31/100 psn|[from] psn
|upkeep
|turn|10
|
|t:|1783697825
|move|p1b: Incineroar|Flare Blitz|p2a: Incineroar
|-resisted|p2a: Incineroar|1
|-damage|p2a: Incineroar|8/100
|-damage|p1b: Incineroar|28/100 psn|[from] Recoil
|move|p2a: Incineroar|Parting Shot|p1b: Incineroar
|-unboost|p1b: Incineroar|atk|1
|-unboost|p1b: Incineroar|spa|1
|
|-damage|p1b: Incineroar|16/100 psn|[from] psn
|upkeep
|turn|11
|
|t:|1783697836
|move|p1b: Incineroar|Flare Blitz|p2a: Incineroar
|-resisted|p2a: Incineroar|1
|-damage|p2a: Incineroar|1/100
|-damage|p1b: Incineroar|13/100 psn|[from] Recoil
|move|p2a: Incineroar|Throat Chop|p1b: Incineroar
|-resisted|p1b: Incineroar|1
|-damage|p1b: Incineroar|4/100 psn
|-start|p1b: Incineroar|Throat Chop|[silent]
|
|-damage|p1b: Incineroar|0 fnt|[from] psn
|faint|p1b: Incineroar
|
|win|CiepVGC
||1OO% Jesus is ready for game 2.
|inactive|CiepVGC has 30 seconds to confirm battle start!
||CiepVGC is ready for game 2.
|uhtml|next|Next: Game 2 of 3
