|j|☆richardpyt
|j|☆districtlinegaming
|html|richardpytdistrictlinegaming    
|uhtml|bestof|Game 3 of a best-of-3
|t:|1785080401
|gametype|doubles
|player|p1|richardpyt|170|1122
|player|p2|districtlinegaming|265|1050
|gen|9
|tier|[Gen 9 Champions] VGC 2026 Reg M-B (Bo3)
|rated|
|rule|Species Clause: Limit one of each Pokémon
|rule|Item Clause: Limit 1 of each item
|clearpoke
|poke|p1|Sinistcha-Masterpiece, L50|
|poke|p1|Incineroar, L50, F|
|poke|p1|Charizard, L50, M, shiny|
|poke|p1|Toxapex, L50, M|
|poke|p1|Floette-Eternal, L50, F|
|poke|p1|Alcremie, L50, F, shiny|
|poke|p2|Kingambit, L50, M|
|poke|p2|Whimsicott, L50, F|
|poke|p2|Basculegion, L50, M|
|poke|p2|Garchomp, L50, M|
|poke|p2|Charizard, L50, M|
|poke|p2|Floette-Eternal, L50, F|
|teampreview|4
|showteam|p1|Sinistcha-Masterpiece||CobaBerry|Hospitality|Protect,MatchaGotcha,TrickRoom,RagePowder|Calm|||||50|]Incineroar||SitrusBerry|Intimidate|FakeOut,Snarl,DarkestLariat,PartingShot|Sassy||F|||50|]Charizard||CharizarditeY|Blaze|Protect,HeatWave,SolarBeam,BreakingSwipe|Bold||M|||50|]Toxapex||ShucaBerry|Regenerator|BanefulBunker,Toxic,Infestation,WideGuard|Bold||M|||50|]Floette-Eternal||Floettite|FlowerVeil|Protect,Moonblast,DrainingKiss,CalmMind|Modest||F|||50|]Alcremie||ChoiceScarf|SweetVeil|Decorate,Charm,Encore|Timid||F|||50|
|showteam|p2|Kingambit||ChopleBerry|Defiant|KowtowCleave,LowKick,SuckerPunch,Protect|Adamant||M|||50|]Whimsicott||FocusSash|Prankster|Moonblast,Tailwind,Encore,Protect|Timid||F|||50|]Basculegion||MysticWater|Adaptability|WaveCrash,LastRespects,AquaJet,Protect|Adamant||M|||50|]Garchomp||LifeOrb|RoughSkin|DragonClaw,RockSlide,Earthquake,Protect|Jolly||M|||50|]Charizard||CharizarditeY|Blaze|WeatherBall,HeatWave,SolarBeam,Protect|Modest||M|||50|]Floette-Eternal||Floettite|FlowerVeil|Moonblast,DazzlingGleam,LightofRuin,Protect|Modest||F|||50|
|inactive|Battle timer is ON: inactive players will automatically lose when time's up. (requested by districtlinegaming)
|
|t:|1785080430
|teamsize|p1|4
|teamsize|p2|4
|start
|switch|p1a: Toxapex|Toxapex, L50, M|100/100
|switch|p1b: Incineroar|Incineroar, L50, F|100/100
|switch|p2a: Whimsicott|Whimsicott, L50, F|100/100
|switch|p2b: Garchomp|Garchomp, L50, M|100/100
|-ability|p1b: Incineroar|Intimidate|boost
|-unboost|p2a: Whimsicott|atk|1
|-unboost|p2b: Garchomp|atk|1
|turn|1
|
|t:|1785080450
|move|p2a: Whimsicott|Protect|p2a: Whimsicott
|-singleturn|p2a: Whimsicott|Protect
|move|p2b: Garchomp|Protect|p2b: Garchomp
|-singleturn|p2b: Garchomp|Protect
|move|p1b: Incineroar|Parting Shot|p2b: Garchomp
|-activate|p2b: Garchomp|move: Protect
|move|p1a: Toxapex|Toxic|p2b: Garchomp
|-activate|p2b: Garchomp|move: Protect
|
|upkeep
|turn|2
|
|t:|1785080474
|move|p2a: Whimsicott|Encore|p1a: Toxapex
|-start|p1a: Toxapex|Encore
|move|p2b: Garchomp|Rock Slide|p1b: Incineroar|[spread] p1a
|-miss|p2b: Garchomp|p1b: Incineroar
|-damage|p1a: Toxapex|89/100
|-damage|p2b: Garchomp|90/100|[from] item: Life Orb
|move|p1b: Incineroar|Parting Shot|p2a: Whimsicott
|-unboost|p2a: Whimsicott|atk|1
|-unboost|p2a: Whimsicott|spa|1
|
|t:|1785080486
|switch|p1b: Sinistcha|Sinistcha-Masterpiece, L50|100/100|[from] Parting Shot
|-heal|p1a: Toxapex|100/100|[from] ability: Hospitality|[of] p1b: Sinistcha
|move|p1a: Toxapex|Toxic|p2b: Garchomp
|-status|p2b: Garchomp|tox
|
|-damage|p2b: Garchomp|84/100 tox|[from] psn
|upkeep
|turn|3
|
|t:|1785080497
|switch|p2b: Charizard|Charizard, L50, M|100/100
|move|p2a: Whimsicott|Protect|p2a: Whimsicott
|-singleturn|p2a: Whimsicott|Protect
|move|p1b: Sinistcha|Protect|p1b: Sinistcha
|-singleturn|p1b: Sinistcha|Protect
|move|p1a: Toxapex|Toxic|p2a: Whimsicott
|-activate|p2a: Whimsicott|move: Protect
|
|upkeep
|turn|4
|
|t:|1785080513
|switch|p1b: Charizard|Charizard, L50, M, shiny|100/100
|switch|p1a: Incineroar|Incineroar, L50, F|100/100
|-ability|p1a: Incineroar|Intimidate|boost
|-unboost|p2a: Whimsicott|atk|1
|-unboost|p2b: Charizard|atk|1
|detailschange|p2b: Charizard|Charizard-Mega-Y, L50, M
|-mega|p2b: Charizard|Charizard|Charizardite Y
|-weather|SunnyDay|[from] ability: Drought|[of] p2b: Charizard
|move|p2a: Whimsicott|Moonblast|p1b: Charizard
|-resisted|p1b: Charizard|1
|-damage|p1b: Charizard|87/100
|move|p2b: Charizard|Heat Wave|p1a: Incineroar|[spread] p1a,p1b
|-resisted|p1a: Incineroar|1
|-resisted|p1b: Charizard|1
|-damage|p1a: Incineroar|79/100
|-damage|p1b: Charizard|53/100
|
|-weather|SunnyDay|[upkeep]
|upkeep
|turn|5
|inactive|richardpyt has 30 seconds left.
|inactive|districtlinegaming has 30 seconds left.
|
|t:|1785080548
|switch|p2b: Garchomp|Garchomp, L50, M|84/100 tox
|switch|p1a: Sinistcha|Sinistcha-Masterpiece, L50|100/100
|-heal|p1b: Charizard|78/100|[from] ability: Hospitality|[of] p1a: Sinistcha
|detailschange|p1b: Charizard|Charizard-Mega-Y, L50, M, shiny
|-mega|p1b: Charizard|Charizard|Charizardite Y
|move|p2a: Whimsicott|Protect|p2a: Whimsicott
|-singleturn|p2a: Whimsicott|Protect
|move|p1b: Charizard|Heat Wave|p2a: Whimsicott|[spread] p2b
|-activate|p2a: Whimsicott|move: Protect
|-resisted|p2b: Garchomp|1
|-damage|p2b: Garchomp|55/100 tox
|
|-weather|SunnyDay|[upkeep]
|-damage|p2b: Garchomp|49/100 tox|[from] psn
|upkeep
|turn|6
|
|t:|1785080564
|switch|p1b: Incineroar|Incineroar, L50, F|79/100
|-ability|p1b: Incineroar|Intimidate|boost
|-unboost|p2a: Whimsicott|atk|1
|-unboost|p2b: Garchomp|atk|1
|move|p2a: Whimsicott|Moonblast|p1a: Sinistcha
|-damage|p1a: Sinistcha|79/100
|move|p2b: Garchomp|Rock Slide|p1b: Incineroar|[spread] p1a,p1b
|-supereffective|p1b: Incineroar|1
|-damage|p1a: Sinistcha|62/100
|-damage|p1b: Incineroar|46/100
|-enditem|p1b: Incineroar|Sitrus Berry|[eat]
|-heal|p1b: Incineroar|70/100|[from] item: Sitrus Berry
|-damage|p2b: Garchomp|39/100 tox|[from] item: Life Orb
|move|p1a: Sinistcha|Matcha Gotcha|p2a: Whimsicott|[spread] p2a,p2b
|-resisted|p2a: Whimsicott|1
|-damage|p2a: Whimsicott|81/100
|-heal|p1a: Sinistcha|69/100|[from] drain|[of] p2a: Whimsicott
|-damage|p2b: Garchomp|11/100 tox
|-heal|p1a: Sinistcha|84/100|[from] drain|[of] p2b: Garchomp
|
|-weather|SunnyDay|[upkeep]
|-damage|p2b: Garchomp|0 fnt|[from] psn
|faint|p2b: Garchomp
|upkeep
|
|t:|1785080583
|switch|p2b: Basculegion|Basculegion, L50, M|100/100
|turn|7
|
|t:|1785080597
|switch|p1a: Toxapex|Toxapex, L50, M|100/100
|move|p2a: Whimsicott|Moonblast|p1b: Incineroar
|-crit|p1b: Incineroar
|-damage|p1b: Incineroar|31/100
|move|p2b: Basculegion|Last Respects|p1a: Toxapex
|-damage|p1a: Toxapex|54/100
|move|p1b: Incineroar|Parting Shot|p2b: Basculegion
|-unboost|p2b: Basculegion|atk|1
|-unboost|p2b: Basculegion|spa|1
|
|t:|1785080610
|switch|p1b: Charizard|Charizard-Mega-Y, L50, M, shiny|78/100|[from] Parting Shot
|
|-weather|SunnyDay|[upkeep]
|upkeep
|turn|8
|
|t:|1785080633
|-heal|p1a: Toxapex|87/100|[from] ability: Regenerator|[silent]
|switch|p1a: Incineroar|Incineroar, L50, F|31/100
|-ability|p1a: Incineroar|Intimidate|boost
|-unboost|p2a: Whimsicott|atk|1
|-unboost|p2b: Basculegion|atk|1
|move|p2a: Whimsicott|Protect|p2a: Whimsicott
|-singleturn|p2a: Whimsicott|Protect
|move|p2b: Basculegion|Protect|p2b: Basculegion
|-singleturn|p2b: Basculegion|Protect
|move|p1b: Charizard|Solar Beam||[still]
|-prepare|p1b: Charizard|Solar Beam
|-anim|p1b: Charizard|Solar Beam|p2b: Basculegion
|-activate|p2b: Basculegion|move: Protect
|
|-weather|none
|upkeep
|turn|9
|
|t:|1785080657
|switch|p2a: Charizard|Charizard-Mega-Y, L50, M|100/100
|-weather|SunnyDay|[from] ability: Drought|[of] p2a: Charizard
|switch|p1a: Toxapex|Toxapex, L50, M|87/100
|move|p1b: Charizard|Protect|p1b: Charizard
|-singleturn|p1b: Charizard|Protect
|move|p2b: Basculegion|Last Respects|p1b: Charizard
|-activate|p1b: Charizard|move: Protect
|
|-weather|SunnyDay|[upkeep]
|upkeep
|turn|10
|l|☆districtlinegaming
|inactive|districtlinegaming disconnected and has a minute to reconnect!
|player|p2|
|inactive|districtlinegaming has 30 seconds left.
|j|☆districtlinegaming
|inactive|districtlinegaming reconnected and has 25 seconds left.
|player|p2|districtlinegaming|265|
|inactive|districtlinegaming has 20 seconds left.
|inactive|districtlinegaming has 15 seconds left.
|
|t:|1785080701
|switch|p1b: Incineroar|Incineroar, L50, F|31/100
|-ability|p1b: Incineroar|Intimidate|boost
|-unboost|p2a: Charizard|atk|1
|-unboost|p2b: Basculegion|atk|1
|move|p1a: Toxapex|Baneful Bunker|p1a: Toxapex
|-singleturn|p1a: Toxapex|move: Protect
|move|p2a: Charizard|Solar Beam||[still]
|-prepare|p2a: Charizard|Solar Beam
|-anim|p2a: Charizard|Solar Beam|p1a: Toxapex
|-activate|p1a: Toxapex|move: Protect
|move|p2b: Basculegion|Last Respects|p1a: Toxapex
|-activate|p1a: Toxapex|move: Protect
|
|-weather|SunnyDay|[upkeep]
|upkeep
|turn|11
|
|t:|1785080717
|switch|p2b: Whimsicott|Whimsicott, L50, F|81/100
|move|p1b: Incineroar|Fake Out|p2a: Charizard
|-damage|p2a: Charizard|89/100
|cant|p2a: Charizard|flinch
|move|p1a: Toxapex|Infestation|p2b: Whimsicott
|-damage|p2b: Whimsicott|76/100
|-activate|p2b: Whimsicott|move: Infestation|[of] p1a: Toxapex
|
|-weather|SunnyDay|[upkeep]
|-damage|p2b: Whimsicott|64/100|[from] move: Infestation|[partiallytrapped]
|upkeep
|turn|12
|
|t:|1785080741
|-heal|p1a: Toxapex|100/100|[from] ability: Regenerator|[silent]
|switch|p1a: Charizard|Charizard-Mega-Y, L50, M, shiny|78/100
|move|p2b: Whimsicott|Moonblast|p1b: Incineroar
|-damage|p1b: Incineroar|8/100
|move|p2a: Charizard|Heat Wave|p1b: Incineroar|[spread] p1a
|-miss|p2a: Charizard|p1b: Incineroar
|-resisted|p1a: Charizard|1
|-damage|p1a: Charizard|52/100
|move|p1b: Incineroar|Parting Shot|p2a: Charizard
|-unboost|p2a: Charizard|atk|1
|-unboost|p2a: Charizard|spa|1
|
|t:|1785080753
|switch|p1b: Sinistcha|Sinistcha-Masterpiece, L50|84/100|[from] Parting Shot
|-heal|p1a: Charizard|77/100|[from] ability: Hospitality|[of] p1b: Sinistcha
|
|-weather|SunnyDay|[upkeep]
|-end|p2b: Whimsicott|Infestation|[partiallytrapped]|[silent]
|upkeep
|turn|13
|
|t:|1785080776
|switch|p2a: Basculegion|Basculegion, L50, M|100/100
|switch|p1b: Incineroar|Incineroar, L50, F|8/100
|-ability|p1b: Incineroar|Intimidate|boost
|-unboost|p2a: Basculegion|atk|1
|-unboost|p2b: Whimsicott|atk|1
|move|p2b: Whimsicott|Protect|p2b: Whimsicott
|-singleturn|p2b: Whimsicott|Protect
|move|p1a: Charizard|Heat Wave|p2a: Basculegion|[spread] p2a
|-activate|p2b: Whimsicott|move: Protect
|-resisted|p2a: Basculegion|1
|-damage|p2a: Basculegion|71/100
|
|-weather|none
|upkeep
|turn|14
|
|t:|1785080797
|switch|p1b: Toxapex|Toxapex, L50, M|100/100
|move|p1a: Charizard|Protect|p1a: Charizard
|-singleturn|p1a: Charizard|Protect
|move|p2b: Whimsicott|Moonblast|p1b: Toxapex
|-resisted|p1b: Toxapex|1
|-damage|p1b: Toxapex|85/100
|move|p2a: Basculegion|Last Respects|p1a: Charizard
|-activate|p1a: Charizard|move: Protect
|
|upkeep
|turn|15
|c|☆districtlinegaming|This is extremely boring
|c|☆districtlinegaming|Fat fuck toxapex playet
|inactive|districtlinegaming has 30 seconds left.
|
|t:|1785080825
|switch|p1a: Incineroar|Incineroar, L50, F|8/100
|-ability|p1a: Incineroar|Intimidate|boost
|-unboost|p2a: Basculegion|atk|1
|-unboost|p2b: Whimsicott|atk|1
|move|p2b: Whimsicott|Tailwind|p2b: Whimsicott
|-sidestart|p2: districtlinegaming|move: Tailwind
|move|p2a: Basculegion|Wave Crash|p1a: Incineroar
|-supereffective|p1a: Incineroar|1
|-damage|p1a: Incineroar|0 fnt
|faint|p1a: Incineroar
|-damage|p2a: Basculegion|68/100|[from] Recoil
|move|p1b: Toxapex|Infestation|p2a: Basculegion
|-resisted|p2a: Basculegion|1
|-damage|p2a: Basculegion|66/100
|-activate|p2a: Basculegion|move: Infestation|[of] p1b: Toxapex
|
|-damage|p2a: Basculegion|54/100|[from] move: Infestation|[partiallytrapped]
|upkeep
|
|t:|1785080840
|switch|p1a: Charizard|Charizard-Mega-Y, L50, M, shiny|77/100
|-weather|SunnyDay|[from] ability: Drought|[of] p1a: Charizard
|turn|16
|
|t:|1785080850
|switch|p2a: Charizard|Charizard-Mega-Y, L50, M|89/100
|move|p2b: Whimsicott|Protect|p2b: Whimsicott
|-singleturn|p2b: Whimsicott|Protect
|move|p1a: Charizard|Heat Wave|p2a: Charizard|[spread] p2a
|-activate|p2b: Whimsicott|move: Protect
|-resisted|p2a: Charizard|1
|-damage|p2a: Charizard|65/100
|move|p1b: Toxapex|Toxic|p2a: Charizard
|-status|p2a: Charizard|tox
|
|-weather|SunnyDay|[upkeep]
|-damage|p2a: Charizard|59/100 tox|[from] psn
|upkeep
|turn|17
|
|t:|1785080874
|move|p2b: Whimsicott|Moonblast|p1b: Toxapex
|-resisted|p1b: Toxapex|1
|-damage|p1b: Toxapex|70/100
|move|p2a: Charizard|Solar Beam||[still]
|-prepare|p2a: Charizard|Solar Beam
|-anim|p2a: Charizard|Solar Beam|p1b: Toxapex
|-damage|p1b: Toxapex|33/100
|move|p1a: Charizard|Heat Wave|p2b: Whimsicott|[spread] p2a,p2b
|-resisted|p2a: Charizard|1
|-supereffective|p2b: Whimsicott|1
|-damage|p2a: Charizard|32/100 tox
|-damage|p2b: Whimsicott|0 fnt
|faint|p2b: Whimsicott
|move|p1b: Toxapex|Toxic|p2a: Charizard
|-fail|p2a: Charizard|tox
|
|-weather|SunnyDay|[upkeep]
|-damage|p2a: Charizard|20/100y tox|[from] psn
|upkeep
|
|t:|1785080881
|switch|p2b: Basculegion|Basculegion, L50, M|54/100
|turn|18
|
|t:|1785080895
|move|p1a: Charizard|Protect|p1a: Charizard
|-singleturn|p1a: Charizard|Protect
|move|p1b: Toxapex|Baneful Bunker|p1b: Toxapex
|-singleturn|p1b: Toxapex|move: Protect
|move|p2a: Charizard|Heat Wave|p1a: Charizard|[spread] 
|-activate|p1a: Charizard|move: Protect
|-activate|p1b: Toxapex|move: Protect
|move|p2b: Basculegion|Last Respects|p1b: Toxapex
|-activate|p1b: Toxapex|move: Protect
|
|-weather|SunnyDay|[upkeep]
|-damage|p2a: Charizard|1/100 tox|[from] psn
|-sideend|p2: districtlinegaming|move: Tailwind
|upkeep
|turn|19
|
|t:|1785080912
|-heal|p1b: Toxapex|66/100|[from] ability: Regenerator|[silent]
|switch|p1b: Sinistcha|Sinistcha-Masterpiece, L50|84/100
|-heal|p1a: Charizard|100/100|[from] ability: Hospitality|[of] p1b: Sinistcha
|move|p2a: Charizard|Heat Wave|p1b: Sinistcha|[spread] p1b
|-miss|p2a: Charizard|p1a: Charizard
|-supereffective|p1b: Sinistcha|1
|-damage|p1b: Sinistcha|0 fnt
|faint|p1b: Sinistcha
|move|p1a: Charizard|Solar Beam||[still]
|-prepare|p1a: Charizard|Solar Beam
|-anim|p1a: Charizard|Solar Beam|p2b: Basculegion
|-supereffective|p2b: Basculegion|1
|-damage|p2b: Basculegion|0 fnt
|faint|p2b: Basculegion
|
|-weather|SunnyDay|[upkeep]
|-damage|p2a: Charizard|0 fnt|[from] psn
|faint|p2a: Charizard
|
|win|richardpyt
