|j|â˜†Huasometa
|j|â˜†pikatrod
|html|Huasometapikatrod    
|uhtml|bestof|Game 2 of a best-of-3
|t:|1783701610
|gametype|doubles
|player|p1|Huasometa|elesa|1292
|player|p2|pikatrod|102|1448
|gen|9
|tier|[Gen 9 Champions] VGC 2026 Reg M-B (Bo3)
|rated|
|rule|Species Clause: Limit one of each PokÃ©mon
|rule|Item Clause: Limit 1 of each item
|clearpoke
|poke|p1|Chandelure, L50, F|
|poke|p1|Kangaskhan, L50, F|
|poke|p1|Sylveon, L50, M|
|poke|p1|Kingambit, L50, F|
|poke|p1|Rotom-Wash, L50|
|poke|p1|Venusaur, L50, M|
|poke|p2|Gengar, L50, F|
|poke|p2|Incineroar, L50, F|
|poke|p2|Mamoswine, L50, F|
|poke|p2|Whimsicott, L50, M|
|poke|p2|Dragonite, L50, F|
|poke|p2|Kingambit, L50, F|
|teampreview|4
|showteam|p1|Chandelure||FocusSash|FlashFire|HeatWave,ShadowBall,TrickRoom,Taunt|Quiet||F|||50|]Kangaskhan||Kangaskhanite|InnerFocus|FakeOut,DoubleEdge,SuckerPunch,HammerArm|Brave||F|||50|]Sylveon||FairyFeather|Pixilate|HyperVoice,Protect,HyperBeam,QuickAttack|Quiet||M|||50|]Kingambit||BlackGlasses|Defiant|KowtowCleave,SuckerPunch,IronHead,Protect|Brave||F|||50|]Rotom-Wash||SitrusBerry|Levitate|ThunderWave,VoltSwitch,HydroPump,Protect|Calm|||||50|]Venusaur||Venusaurite|Chlorophyll|EarthPower,SleepPowder,GigaDrain,Protect|Modest||M|||50|
|showteam|p2|Gengar||Gengarite|CursedBody|ShadowBall,SludgeBomb,IcyWind,Protect|Timid||F|||50|]Incineroar||SitrusBerry|Intimidate|PartingShot,DarkestLariat,FlareBlitz,FakeOut|Brave||F|||50|]Mamoswine||LifeOrb|Oblivious|HighHorsepower,IcicleCrash,IceShard,Protect|Adamant||F|||50|]Whimsicott||FocusSash|Prankster|Tailwind,Moonblast,Protect,Encore|Timid||M|||50|]Dragonite||Dragoninite|Multiscale|DracoMeteor,HeatWave,AirSlash,Protect|Modest||F|||50|]Kingambit||OccaBerry|Defiant|Protect,KowtowCleave,SuckerPunch,IronHead|Adamant||F|||50|
|j| Tyho45
|c|â˜†Huasometa|i like u team
|c|â˜†pikatrod|thanks, I like yours too :-)
|c|â˜†pikatrod|the gengar mode on mine needs work haha
|
|t:|1783701696
|teamsize|p1|4
|teamsize|p2|4
|start
|switch|p1a: Kangaskhan|Kangaskhan, L50, F|100/100
|switch|p1b: Chandelure|Chandelure, L50, F|100/100
|switch|p2a: Kingambit|Kingambit, L50, F|100/100
|switch|p2b: Mamoswine|Mamoswine, L50, F|100/100
|turn|1
|c|â˜†Huasometa|hhahaha
|
|t:|1783701725
|switch|p2a: Whimsicott|Whimsicott, L50, M|100/100
|detailschange|p1a: Kangaskhan|Kangaskhan-Mega, L50, F
|-mega|p1a: Kangaskhan|Kangaskhan|Kangaskhanite
|move|p2b: Mamoswine|High Horsepower|p1b: Chandelure
|-supereffective|p1b: Chandelure|1
|-enditem|p1b: Chandelure|Focus Sash
|-damage|p1b: Chandelure|1/100
|-damage|p2b: Mamoswine|90/100|[from] item: Life Orb
|move|p1a: Kangaskhan|Hammer Arm|p2a: Whimsicott
|-resisted|p2a: Whimsicott|1
|-damage|p2a: Whimsicott|72/100
|-unboost|p1a: Kangaskhan|spe|1
|-resisted|p2a: Whimsicott|1
|-damage|p2a: Whimsicott|67/100
|-unboost|p1a: Kangaskhan|spe|1
|-hitcount|p2a: Whimsicott|2
|move|p1b: Chandelure|Heat Wave|p2a: Whimsicott|[spread] p2a,p2b
|-supereffective|p2a: Whimsicott|1
|-supereffective|p2b: Mamoswine|1
|-damage|p2a: Whimsicott|0 fnt
|-damage|p2b: Mamoswine|0 fnt
|faint|p2a: Whimsicott
|faint|p2b: Mamoswine
|
|upkeep
|
|t:|1783701738
|switch|p2a: Dragonite|Dragonite, L50, F|100/100
|switch|p2b: Kingambit|Kingambit, L50, F|100/100
|turn|2
|
|t:|1783701752
|detailschange|p2a: Dragonite|Dragonite-Mega, L50, F
|-mega|p2a: Dragonite|Dragonite|Dragoninite
|move|p2b: Kingambit|Protect|p2b: Kingambit
|-singleturn|p2b: Kingambit|Protect
|move|p2a: Dragonite|Air Slash|p1b: Chandelure
|-damage|p1b: Chandelure|0 fnt
|faint|p1b: Chandelure
|move|p1a: Kangaskhan|Hammer Arm|p2b: Kingambit
|-activate|p2b: Kingambit|move: Protect
|
|upkeep
|
|t:|1783701795
|switch|p1b: Sylveon|Sylveon, L50, M|100/100
|turn|3
|
|t:|1783701815
|move|p1a: Kangaskhan|Sucker Punch|p2a: Dragonite
|-damage|p2a: Dragonite|89/100
|-damage|p2a: Dragonite|84/100
|-hitcount|p2a: Dragonite|2
|move|p2a: Dragonite|Air Slash|p1a: Kangaskhan
|-damage|p1a: Kangaskhan|61/100
|move|p2b: Kingambit|Iron Head|p1a: Kangaskhan
|-damage|p1a: Kangaskhan|27/100
|move|p1b: Sylveon|Hyper Voice|p2a: Dragonite|[spread] p2a,p2b
|-supereffective|p2a: Dragonite|1
|-damage|p2a: Dragonite|11/100
|-damage|p2b: Kingambit|53/100
|
|upkeep
|turn|4
|
|t:|1783701844
|switch|p1a: Kingambit|Kingambit, L50, F|100/100
|move|p2a: Dragonite|Protect|p2a: Dragonite
|-singleturn|p2a: Dragonite|Protect
|move|p1b: Sylveon|Protect|p1b: Sylveon
|-singleturn|p1b: Sylveon|Protect
|move|p2b: Kingambit|Iron Head|p1a: Kingambit
|-resisted|p1a: Kingambit|1
|-damage|p1a: Kingambit|84/100
|
|upkeep
|turn|5
|c|â˜†pikatrod|gg
|
|t:|1783701858
|move|p2a: Dragonite|Protect||[still]
|-fail|p2a: Dragonite
|move|p1b: Sylveon|Quick Attack|p2a: Dragonite
|-supereffective|p2a: Dragonite|1
|-damage|p2a: Dragonite|0 fnt
|faint|p2a: Dragonite
|move|p2b: Kingambit|Iron Head|p1b: Sylveon
|-supereffective|p1b: Sylveon|1
|-damage|p1b: Sylveon|10/100
|move|p1a: Kingambit|Kowtow Cleave|p2b: Kingambit
|-resisted|p2b: Kingambit|1
|-damage|p2b: Kingambit|26/100
|
|upkeep
|turn|6
|c|â˜†Huasometa|gg
|
|t:|1783701871
|move|p2b: Kingambit|Sucker Punch|p1b: Sylveon
|-resisted|p1b: Sylveon|1
|-damage|p1b: Sylveon|0 fnt
|faint|p1b: Sylveon
|move|p1a: Kingambit|Kowtow Cleave|p2b: Kingambit
|-resisted|p2b: Kingambit|1
|-damage|p2b: Kingambit|1/100
|
|upkeep
|
|t:|1783701875
|switch|p1b: Kangaskhan|Kangaskhan-Mega, L50, F|27/100
|turn|7
|
|t:|1783701881
|move|p2b: Kingambit|Sucker Punch|p1a: Kingambit
|-resisted|p1a: Kingambit|1
|-damage|p1a: Kingambit|69/100
|move|p1b: Kangaskhan|Double-Edge|p2b: Kingambit
|-resisted|p2b: Kingambit|1
|-damage|p2b: Kingambit|0 fnt
|faint|p2b: Kingambit
|-damage|p1b: Kangaskhan|26/100|[from] Recoil
|
|win|Huasometa
|raw|Huasometa's rating: 1292 → 1328(+36 for winning)
|raw|pikatrod's rating: 1448 → 1420(-28 for losing)
|l|â˜†pikatrod
|player|p2|
