|j|☆ThatGuyInAMask
|j|☆Mega Chime Time
|html|ThatGuyInAMaskMega Chime Time    
|uhtml|bestof|Game 2 of a best-of-3
|t:|1783472423
|gametype|doubles
|player|p1|ThatGuyInAMask|burglar|
|player|p2|Mega Chime Time|miku-flying|
|gen|9
|tier|[Gen 9 Champions] VGC 2026 Reg M-B (Bo3)
|rule|Species Clause: Limit one of each Pokémon
|rule|Item Clause: Limit 1 of each item
|clearpoke
|poke|p1|Diggersby, L50, M, shiny|
|poke|p1|Gardevoir, L50, F, shiny|
|poke|p1|Rotom-Mow, L50|
|poke|p1|Pidgeot, L50, M|
|poke|p1|Klefki, L50, M, shiny|
|poke|p1|Blastoise, L50, F|
|poke|p2|Altaria, L50, F|
|poke|p2|Salazzle, L50, F|
|poke|p2|Orthworm, L50, F|
|poke|p2|Blastoise, L50, M|
|poke|p2|Rotom-Mow, L50, shiny|
|poke|p2|Gengar, L50, M|
|teampreview|4
|showteam|p1|Diggersby||LifeOrb|HugePower|HighHorsepower,RockSlide,BrickBreak,Protect|Adamant||M|||50|]Gardevoir||FairyFeather|Synchronize|Protect,Psychic,DazzlingGleam,Moonblast|Timid||F|||50|]Rotom-Mow||ChoiceScarf|Levitate|Electroweb,VoltSwitch,LeafStorm,Thunderbolt|Timid|||||50|]Pidgeot||Pidgeotite|KeenEye|Tailwind,Hurricane,HeatWave,Protect|Timid||M|||50|]Klefki||Leftovers|Prankster|RainDance,Reflect,LightScreen,ThunderWave|Bold||M|||50|]Blastoise||SitrusBerry|RainDish|WaveCrash,FlipTurn,LifeDew,FakeOut|Careful||F|||50|
|showteam|p2|Altaria||Altarianite|NaturalCure|HyperVoice,Roost,WillOWisp,Protect|Modest||F|||50|]Salazzle||FocusSash|Corrosion|FakeOut,HeatWave,Encore,Protect|Hasty||F|||50|]Orthworm||Leftovers|EarthEater|IronDefense,BodyPress,HeavySlam,Protect|Careful||F|||50|]Blastoise||SitrusBerry|RainDish|FakeOut,WaveCrash,Yawn,LifeDew|Adamant||M|||50|]Rotom-Mow||ChoiceScarf|Levitate|Electroweb,Trick,LeafStorm,Thunderbolt|Timid|||||50|]Gengar||LifeOrb|CursedBody|ShadowBall,Disable,SludgeBomb,Protect|Timid||M|||50|
|inactive|Battle timer is ON: inactive players will automatically lose when time's up. (requested by Mega Chime Time)
|j| lillyrosethedemon
|inactive|ThatGuyInAMask has 60 seconds left.
|
|t:|1783472468
|teamsize|p1|4
|teamsize|p2|4
|start
|switch|p1a: Klefki|Klefki, L50, M, shiny|100/100
|switch|p1b: Blastoise|Blastoise, L50, F|100/100
|switch|p2a: Salazzle|Salazzle, L50, F|100/100
|switch|p2b: Altaria|Altaria, L50, F|100/100
|turn|1
|inactive|Mega Chime Time has 30 seconds left.
|
|t:|1783472495
|switch|p2b: Orthworm|Orthworm, L50, F|100/100
|move|p2a: Salazzle|Fake Out|p1b: Blastoise
|-damage|p1b: Blastoise|93/100
|cant|p1b: Blastoise|flinch
|move|p1a: Klefki|Rain Dance|p1a: Klefki
|-weather|RainDance
|
|-weather|RainDance|[upkeep]
|-heal|p1b: Blastoise|99/100|[from] ability: Rain Dish
|upkeep
|turn|2
|
|t:|1783472512
|move|p2a: Salazzle|Protect|p2a: Salazzle
|-singleturn|p2a: Salazzle|Protect
|move|p1a: Klefki|Thunder Wave|p2b: Orthworm
|-status|p2b: Orthworm|par
|move|p1b: Blastoise|Wave Crash|p2a: Salazzle
|-activate|p2a: Salazzle|move: Protect
|cant|p2b: Orthworm|par
|
|-weather|RainDance|[upkeep]
|-heal|p1b: Blastoise|100/100|[from] ability: Rain Dish
|upkeep
|turn|3
|inactive|Mega Chime Time has 30 seconds left.
|inactive|Mega Chime Time has 20 seconds left.
|inactive|Mega Chime Time has 15 seconds left.
|inactive|Mega Chime Time has 10 seconds left.
|inactive|Mega Chime Time has 5 seconds left.
|
|t:|1783472562
|switch|p2a: Blastoise|Blastoise, L50, M|100/100
|move|p1a: Klefki|Light Screen|p1a: Klefki
|-sidestart|p1: ThatGuyInAMask|move: Light Screen
|move|p1b: Blastoise|Wave Crash|p2a: Blastoise
|-resisted|p2a: Blastoise|1
|-damage|p2a: Blastoise|71/100
|-damage|p1b: Blastoise|90/100|[from] Recoil
|move|p2b: Orthworm|Iron Defense|p2b: Orthworm
|-boost|p2b: Orthworm|def|2
|
|-weather|RainDance|[upkeep]
|-heal|p2a: Blastoise|77/100|[from] ability: Rain Dish
|-heal|p1b: Blastoise|96/100|[from] ability: Rain Dish
|upkeep
|turn|4
|
|t:|1783472584
|move|p1a: Klefki|Reflect|p1a: Klefki
|-sidestart|p1: ThatGuyInAMask|Reflect
|move|p2a: Blastoise|Yawn|p1a: Klefki
|-start|p1a: Klefki|move: Yawn|[of] p2a: Blastoise
|move|p1b: Blastoise|Flip Turn|p2b: Orthworm
|-damage|p2b: Orthworm|86/100 par
|
|t:|1783472592
|switch|p1b: Rotom|Rotom-Mow, L50|100/100|[from] Flip Turn
|move|p2b: Orthworm|Body Press|p1b: Rotom
|-damage|p1b: Rotom|55/100
|
|-weather|RainDance|[upkeep]
|-heal|p2a: Blastoise|83/100|[from] ability: Rain Dish
|-heal|p2b: Orthworm|92/100 par|[from] item: Leftovers
|upkeep
|turn|5
|inactive|Mega Chime Time has 30 seconds left.
|inactive|Mega Chime Time has 20 seconds left.
|inactive|Mega Chime Time has 15 seconds left.
|inactive|Mega Chime Time has 10 seconds left.
|inactive|Mega Chime Time has 5 seconds left.
|
|t:|1783472646
|switch|p2a: Altaria|Altaria, L50, F|100/100
|switch|p1a: Blastoise|Blastoise, L50, F|96/100
|move|p1b: Rotom|Electroweb|p2b: Orthworm|[spread] p2b
|-miss|p1b: Rotom|p2a: Altaria
|-damage|p2b: Orthworm|73/100 par
|-unboost|p2b: Orthworm|spe|1
|move|p2b: Orthworm|Body Press|p1b: Rotom
|-damage|p1b: Rotom|11/100
|
|-weather|none
|-heal|p2b: Orthworm|79/100 par|[from] item: Leftovers
|upkeep
|turn|6
|
|t:|1783472668
|switch|p1b: Klefki|Klefki, L50, M, shiny|100/100
|detailschange|p2a: Altaria|Altaria-Mega, L50, F
|-mega|p2a: Altaria|Altaria|Altarianite
|move|p2a: Altaria|Hyper Voice|p1a: Blastoise|[spread] p1a,p1b
|-resisted|p1b: Klefki|1
|-damage|p1a: Blastoise|74/100
|-damage|p1b: Klefki|84/100
|move|p1a: Blastoise|Wave Crash|p2b: Orthworm
|-damage|p2b: Orthworm|62/100 par
|-damage|p1a: Blastoise|68/100|[from] Recoil
|move|p2b: Orthworm|Iron Defense|p2b: Orthworm
|-boost|p2b: Orthworm|def|2
|
|-heal|p1b: Klefki|90/100|[from] item: Leftovers
|-heal|p2b: Orthworm|68/100 par|[from] item: Leftovers
|upkeep
|turn|7
|inactive|Mega Chime Time has 30 seconds left.
|
|t:|1783472694
|move|p1b: Klefki|Thunder Wave|p2a: Altaria
|-status|p2a: Altaria|par
|move|p1a: Blastoise|Life Dew|p1a: Blastoise|[spread] p1a,p1b
|-heal|p1a: Blastoise|94/100
|-heal|p1b: Klefki|100/100
|cant|p2a: Altaria|par
|move|p2b: Orthworm|Heavy Slam|p1b: Klefki
|-damage|p1b: Klefki|78/100
|
|-heal|p1b: Klefki|84/100|[from] item: Leftovers
|-heal|p2b: Orthworm|74/100 par|[from] item: Leftovers
|-sideend|p1: ThatGuyInAMask|move: Light Screen
|upkeep
|turn|8
|
|t:|1783472713
|move|p1b: Klefki|Light Screen|p1b: Klefki
|-sidestart|p1: ThatGuyInAMask|move: Light Screen
|move|p1a: Blastoise|Wave Crash|p2b: Orthworm
|-damage|p2b: Orthworm|63/100 par
|-damage|p1a: Blastoise|90/100|[from] Recoil
|cant|p2a: Altaria|par
|move|p2b: Orthworm|Iron Defense|p2b: Orthworm
|-boost|p2b: Orthworm|def|2
|
|-heal|p1b: Klefki|90/100|[from] item: Leftovers
|-heal|p2b: Orthworm|70/100 par|[from] item: Leftovers
|-sideend|p1: ThatGuyInAMask|Reflect
|upkeep
|turn|9
|inactive|Mega Chime Time has 30 seconds left.
|inactive|Mega Chime Time has 20 seconds left.
|
|t:|1783472749
|move|p1b: Klefki|Reflect|p1b: Klefki
|-sidestart|p1: ThatGuyInAMask|Reflect
|move|p1a: Blastoise|Wave Crash|p2b: Orthworm
|-damage|p2b: Orthworm|61/100 par
|-damage|p1a: Blastoise|88/100|[from] Recoil
|cant|p2a: Altaria|par
|move|p2b: Orthworm|Body Press|p1a: Blastoise
|-damage|p1a: Blastoise|27/100
|-enditem|p1a: Blastoise|Sitrus Berry|[eat]
|-heal|p1a: Blastoise|52/100|[from] item: Sitrus Berry
|
|-heal|p1b: Klefki|96/100|[from] item: Leftovers
|-heal|p2b: Orthworm|67/100 par|[from] item: Leftovers
|upkeep
|turn|10
|
|t:|1783472769
|switch|p1b: Gardevoir|Gardevoir, L50, F, shiny|100/100
|move|p1a: Blastoise|Wave Crash|p2b: Orthworm
|-damage|p2b: Orthworm|58/100 par
|-damage|p1a: Blastoise|49/100|[from] Recoil
|move|p2a: Altaria|Will-O-Wisp||[still]
|-status|p1b: Gardevoir|brn
|-activate|p1b: Gardevoir|ability: Synchronize
|-fail|p1b: Gardevoir
|move|p2b: Orthworm|Body Press|p1a: Blastoise
|-damage|p1a: Blastoise|0 fnt
|faint|p1a: Blastoise
|
|-heal|p2b: Orthworm|64/100 par|[from] item: Leftovers
|-damage|p1b: Gardevoir|93/100 brn|[from] brn
|upkeep
|
|t:|1783472785
|switch|p1a: Klefki|Klefki, L50, M, shiny|96/100
|turn|11
|
|t:|1783472799
|move|p1a: Klefki|Rain Dance|p1a: Klefki
|-weather|RainDance
|move|p1b: Gardevoir|Dazzling Gleam|p2b: Orthworm|[spread] p2a,p2b
|-supereffective|p2a: Altaria|1
|-resisted|p2b: Orthworm|1
|-damage|p2a: Altaria|24/100 par
|-damage|p2b: Orthworm|44/100 par
|move|p2a: Altaria|Hyper Voice|p1a: Klefki|[spread] p1a,p1b
|-resisted|p1a: Klefki|1
|-damage|p1a: Klefki|80/100
|-damage|p1b: Gardevoir|65/100 brn
|move|p2b: Orthworm|Heavy Slam|p1b: Gardevoir
|-supereffective|p1b: Gardevoir|1
|-damage|p1b: Gardevoir|0 fnt
|faint|p1b: Gardevoir
|
|-weather|RainDance|[upkeep]
|-heal|p1a: Klefki|86/100|[from] item: Leftovers
|-heal|p2b: Orthworm|50/100g par|[from] item: Leftovers
|upkeep
|
|t:|1783472813
|switch|p1b: Rotom|Rotom-Mow, L50|11/100
|turn|12
|
|t:|1783472823
|move|p1a: Klefki|Reflect||[still]
|-fail|p1a: Klefki
|move|p1b: Rotom|Electroweb|p2a: Altaria|[spread] p2b
|-miss|p1b: Rotom|p2a: Altaria
|-damage|p2b: Orthworm|29/100 par
|-unboost|p2b: Orthworm|spe|1
|move|p2a: Altaria|Roost|p2a: Altaria
|-heal|p2a: Altaria|74/100 par
|-singleturn|p2a: Altaria|move: Roost
|move|p2b: Orthworm|Body Press|p1b: Rotom
|-damage|p1b: Rotom|0 fnt
|faint|p1b: Rotom
|
|-weather|RainDance|[upkeep]
|-heal|p1a: Klefki|92/100|[from] item: Leftovers
|-heal|p2b: Orthworm|36/100 par|[from] item: Leftovers
|-sideend|p1: ThatGuyInAMask|move: Light Screen
|upkeep
|turn|13
|-message|ThatGuyInAMask forfeited.
|
|win|Mega Chime Time
|l|☆ThatGuyInAMask
|player|p1|
|c|☆Mega Chime Time|GGs
