|j|☆EnzoPS
|j|☆Vegs Bunny
|html|EnzoPSVegs Bunny    
|uhtml|bestof|Game 3 of a best-of-3
|t:|1756153898
|gametype|doubles
|player|p1|EnzoPS|cynthia-gen4|1101
|player|p2|Vegs Bunny|266|1137
|gen|9
|tier|[Gen 9] VGC 2025 Reg H (Bo3)
|rated|
|rule|Species Clause: Limit one of each Pokémon
|rule|Item Clause: Limit 1 of each item
|clearpoke
|poke|p1|Pelipper, L50, F|
|poke|p1|Amoonguss, L50, M|
|poke|p1|Archaludon, L50, M|
|poke|p1|Basculegion, L50, M|
|poke|p1|Gholdengo, L50|
|poke|p1|Incineroar, L50, M|
|poke|p2|Incineroar, L50, F|
|poke|p2|Amoonguss, L50, F|
|poke|p2|Ursaluna-Bloodmoon, L50, M|
|poke|p2|Sneasler, L50, M|
|poke|p2|Gholdengo, L50|
|poke|p2|Dragonite, L50, F|
|teampreview|4
|showteam|p1|Pelipper||FocusSash|Drizzle|Protect,WeatherBall,Hurricane,Tailwind|||F|||50|,,,,,Ground]Amoonguss||SitrusBerry|Regenerator|Protect,Spore,RagePowder,PollenPuff|||M|||50|,,,,,Water]Archaludon||AssaultVest|Stamina|DragonPulse,ElectroShot,FlashCannon,BodyPress|||M|||50|,,,,,Grass]Basculegion||ChoiceBand|SwiftSwim|FlipTurn,WaveCrash,AquaJet,LastRespects|||M|||50|,,,,,Grass]Gholdengo||LifeOrb|GoodasGold|Protect,MakeItRain,ShadowBall,NastyPlot||||||50|,,,,,Water]Incineroar||SafetyGoggles|Intimidate|FlareBlitz,KnockOff,PartingShot,FakeOut|||M|||50|,,,,,Ghost
|showteam|p2|Incineroar||SafetyGoggles|Intimidate|FlareBlitz,KnockOff,PartingShot,FakeOut|||F|||50|,,,,,Ghost]Amoonguss||SitrusBerry|Regenerator|Spore,RagePowder,PollenPuff,Protect|||F|||50|,,,,,Psychic]Ursaluna-Bloodmoon||AssaultVest|MindsEye|HyperVoice,BloodMoon,EarthPower,VacuumWave|||M|||50|,,,,,Water]Sneasler||FocusSash|PoisonTouch|CloseCombat,DireClaw,FakeOut,Protect|||M|||50|,,,,,Stellar]Gholdengo||LifeOrb|GoodasGold|MakeItRain,ShadowBall,NastyPlot,Protect||||||50|,,,,,Water]Dragonite||LoadedDice|Multiscale|ScaleShot,Tailwind,Haze,Protect|||F|||50|,,,,,Fairy
|
|t:|1756153925
|teamsize|p1|4
|teamsize|p2|4
|start
|switch|p1a: Pelipper|Pelipper, L50, F|100/100
|switch|p1b: Basculegion|Basculegion, L50, M|100/100
|switch|p2a: Ursaluna|Ursaluna-Bloodmoon, L50, M|100/100
|switch|p2b: Incineroar|Incineroar, L50, F|100/100
|-weather|RainDance|[from] ability: Drizzle|[of] p1a: Pelipper
|-ability|p2b: Incineroar|Intimidate|boost
|-unboost|p1a: Pelipper|atk|1
|-unboost|p1b: Basculegion|atk|1
|turn|1
|
|t:|1756153953
|-terastallize|p2a: Ursaluna|Water
|move|p1a: Pelipper|Protect|p1a: Pelipper
|-singleturn|p1a: Pelipper|Protect
|move|p2b: Incineroar|Fake Out|p1a: Pelipper
|-activate|p1a: Pelipper|move: Protect
|move|p1b: Basculegion|Flip Turn|p2b: Incineroar
|-supereffective|p2b: Incineroar
|-damage|p2b: Incineroar|22/100
|
|t:|1756153962
|switch|p1b: Archaludon|Archaludon, L50, M|100/100|[from] Flip Turn
|move|p2a: Ursaluna|Blood Moon|p1b: Archaludon
|-resisted|p1b: Archaludon
|-damage|p1b: Archaludon|75/100
|-ability|p1b: Archaludon|Stamina|boost
|-boost|p1b: Archaludon|def|1
|
|-weather|RainDance|[upkeep]
|upkeep
|turn|2
|
|t:|1756153977
|switch|p2b: Sneasler|Sneasler, L50, M|100/100
|move|p1b: Archaludon|Electro Shot||[still]
|-prepare|p1b: Archaludon|Electro Shot
|-boost|p1b: Archaludon|spa|1
|-anim|p1b: Archaludon|Electro Shot|p2a: Ursaluna
|-supereffective|p2a: Ursaluna
|-damage|p2a: Ursaluna|27/100
|move|p1a: Pelipper|Tailwind|p1a: Pelipper
|-sidestart|p1: EnzoPS|move: Tailwind
|move|p2a: Ursaluna|Earth Power|p1b: Archaludon
|-supereffective|p1b: Archaludon
|-damage|p1b: Archaludon|0 fnt
|faint|p1b: Archaludon
|
|-weather|RainDance|[upkeep]
|upkeep
|
|t:|1756153995
|switch|p1b: Gholdengo|Gholdengo, L50|100/100
|turn|3
|
|t:|1756154020
|switch|p2b: Incineroar|Incineroar, L50, F|22/100
|-ability|p2b: Incineroar|Intimidate|boost
|-unboost|p1a: Pelipper|atk|1
|-unboost|p1b: Gholdengo|atk|1
|move|p1a: Pelipper|Protect|p1a: Pelipper
|-singleturn|p1a: Pelipper|Protect
|move|p1b: Gholdengo|Shadow Ball|p2a: Ursaluna
|-damage|p2a: Ursaluna|0 fnt
|faint|p2a: Ursaluna
|-damage|p1b: Gholdengo|91/100|[from] item: Life Orb
|
|-weather|RainDance|[upkeep]
|upkeep
|
|t:|1756154032
|switch|p2a: Sneasler|Sneasler, L50, M|100/100
|turn|4
|
|t:|1756154045
|switch|p1a: Basculegion|Basculegion, L50, M|100/100
|move|p2b: Incineroar|Fake Out|p1a: Basculegion
|-immune|p1a: Basculegion
|move|p1b: Gholdengo|Make It Rain|p2a: Sneasler|[spread] p2a,p2b
|-resisted|p2b: Incineroar
|-damage|p2a: Sneasler|25/100
|-damage|p2b: Incineroar|0 fnt
|-unboost|p1b: Gholdengo|spa|1
|faint|p2b: Incineroar
|-damage|p1b: Gholdengo|82/100|[from] item: Life Orb
|move|p2a: Sneasler|Dire Claw|p1a: Basculegion
|-resisted|p1a: Basculegion
|-damage|p1a: Basculegion|74/100
|
|-weather|RainDance|[upkeep]
|upkeep
|
|t:|1756154063
|switch|p2b: Gholdengo|Gholdengo, L50|100/100
|turn|5
|
|t:|1756154094
|move|p2a: Sneasler|Protect|p2a: Sneasler
|-singleturn|p2a: Sneasler|Protect
|move|p2b: Gholdengo|Protect|p2b: Gholdengo
|-singleturn|p2b: Gholdengo|Protect
|move|p1a: Basculegion|Last Respects|p2b: Gholdengo
|-activate|p2b: Gholdengo|move: Protect
|move|p1b: Gholdengo|Shadow Ball|p2a: Sneasler
|-activate|p2a: Sneasler|move: Protect
|
|-weather|none
|-sideend|p1: EnzoPS|move: Tailwind
|upkeep
|turn|6
|c|☆Vegs Bunny|Gg
|c|☆EnzoPS|gg
|
|t:|1756154114
|switch|p1b: Pelipper|Pelipper, L50, F|100/100
|-weather|RainDance|[from] ability: Drizzle|[of] p1b: Pelipper
|move|p1a: Basculegion|Last Respects|p2b: Gholdengo
|-supereffective|p2b: Gholdengo
|-damage|p2b: Gholdengo|0 fnt
|faint|p2b: Gholdengo
|move|p2a: Sneasler|Dire Claw|p1a: Basculegion
|-resisted|p1a: Basculegion
|-damage|p1a: Basculegion|49/100
|-status|p1a: Basculegion|slp
|
|-weather|RainDance|[upkeep]
|upkeep
|turn|7
|-message|Vegs Bunny forfeited.
|raw|EnzoPS's rating: 1101 → 1129(+28 for winning)
|raw|Vegs Bunny's rating: 1137 → 1109(-28 for losing)
|
|win|EnzoPS
