|j|â˜†fabiobl7
|j|â˜†MizzleWaterCooler
|html|fabiobl7MizzleWaterCooler    
|uhtml|bestof|Game 2 of a best-of-3
|t:|1756384235
|gametype|doubles
|player|p1|fabiobl7|1|1204
|player|p2|MizzleWaterCooler|wallace|1168
|gen|9
|tier|[Gen 9] VGC 2025 Reg H (Bo3)
|rated|
|rule|Species Clause: Limit one of each PokÃ©mon
|rule|Item Clause: Limit 1 of each item
|clearpoke
|poke|p1|Kingambit, L50, F|
|poke|p1|Ursaluna, L50, F|
|poke|p1|Sneasler, L50, M|
|poke|p1|Indeedee, L50, M|
|poke|p1|Talonflame, L50, F|
|poke|p1|Volcarona, L50, F|
|poke|p2|Ursaluna-Bloodmoon, L50, M|
|poke|p2|Indeedee, L50, M|
|poke|p2|Sneasler, L50, F|
|poke|p2|Talonflame, L50, F|
|poke|p2|Incineroar, L50, M|
|poke|p2|Electabuzz, L50, M|
|teampreview|4
|showteam|p1|Kingambit||AssaultVest|Defiant|IronHead,SuckerPunch,KowtowCleave,TeraBlast|||F|||50|,,,,,Flying]Ursaluna||FlameOrb|Guts|Facade,HeadlongRush,Earthquake,Protect|||F|||50|,,,,,Ghost]Sneasler||PsychicSeed|Unburden|DireClaw,CloseCombat,ThroatChop,Protect|||M|||50|,,,,,Stellar]Indeedee||FocusSash|PsychicSurge|ExpandingForce,TrickRoom,Imprison,Protect|||M|||50|,,,,,Psychic]Talonflame||CovertCloak|GaleWings|DualWingbeat,Tailwind,Taunt,WillOWisp|||F|||50|,,,,,Flying]Volcarona||Leftovers|FlameBody|FieryDance,BugBuzz,QuiverDance,Protect|||F|||50|,,,,,Fairy
|showteam|p2|Ursaluna-Bloodmoon||LifeOrb|MindsEye|BloodMoon,EarthPower,HyperVoice,Protect|||M|||50|,,,,,Normal]Indeedee||FocusSash|PsychicSurge|ExpandingForce,HelpingHand,TrickRoom,Protect|||M|||50|,,,,,Psychic]Sneasler||PsychicSeed|Unburden|CloseCombat,DireClaw,ThroatChop,Protect|||F|||50|,,,,,Dark]Talonflame||CovertCloak|GaleWings|FlareBlitz,DualWingbeat,WillOWisp,Tailwind|||F|||50|,,,,,Fairy]Incineroar||SafetyGoggles|Intimidate|FlareBlitz,KnockOff,PartingShot,FakeOut|||M|||50|,,,,,Ghost]Electabuzz||Eviolite|VitalSpirit|Electroweb,FollowMe,Taunt,Protect|||M|||50|,,,,,Dragon
|
|t:|1756384284
|teamsize|p1|4
|teamsize|p2|4
|start
|switch|p1a: Talonflame|Talonflame, L50, F|100/100
|switch|p1b: Kingambit|Kingambit, L50, F|100/100
|switch|p2a: Talonflame|Talonflame, L50, F|100/100
|switch|p2b: Ursaluna|Ursaluna-Bloodmoon, L50, M|100/100
|turn|1
|
|t:|1756384349
|move|p2b: Ursaluna|Protect|p2b: Ursaluna
|-singleturn|p2b: Ursaluna|Protect
|move|p1a: Talonflame|Tailwind|p1a: Talonflame
|-sidestart|p1: fabiobl7|move: Tailwind
|move|p2a: Talonflame|Will-O-Wisp|p1b: Kingambit
|-status|p1b: Kingambit|brn
|move|p1b: Kingambit|Kowtow Cleave|p2a: Talonflame
|-damage|p2a: Talonflame|61/100
|
|-damage|p1b: Kingambit|94/100 brn|[from] brn
|upkeep
|turn|2
|
|t:|1756384370
|move|p1a: Talonflame|Dual Wingbeat|p2a: Talonflame
|-damage|p2a: Talonflame|37/100
|-damage|p2a: Talonflame|16/100
|-hitcount|p2a: Talonflame|2
|move|p2a: Talonflame|Tailwind|p2a: Talonflame
|-sidestart|p2: MizzleWaterCooler|move: Tailwind
|move|p2b: Ursaluna|Blood Moon|p1a: Talonflame
|-damage|p1a: Talonflame|0 fnt
|faint|p1a: Talonflame
|-damage|p2b: Ursaluna|91/100|[from] item: Life Orb
|move|p1b: Kingambit|Kowtow Cleave|p2a: Talonflame
|-crit|p2a: Talonflame
|-damage|p2a: Talonflame|0 fnt
|faint|p2a: Talonflame
|
|-damage|p1b: Kingambit|88/100 brn|[from] brn
|upkeep
|
|t:|1756384389
|switch|p2a: Sneasler|Sneasler, L50, F|100/100
|switch|p1a: Sneasler|Sneasler, L50, M|100/100
|turn|3
|l|â˜†fabiobl7
|player|p1|
|
|t:|1756384423
|-terastallize|p1b: Kingambit|Flying
|move|p2b: Ursaluna|Protect|p2b: Ursaluna
|-singleturn|p2b: Ursaluna|Protect
|move|p1a: Sneasler|Close Combat|p2b: Ursaluna
|-activate|p2b: Ursaluna|move: Protect
|move|p2a: Sneasler|Dire Claw|p1a: Sneasler
|-resisted|p1a: Sneasler
|-damage|p1a: Sneasler|64/100
|move|p1b: Kingambit|Tera Blast|p2a: Sneasler|[anim] Tera Blast Flying
|-supereffective|p2a: Sneasler
|-damage|p2a: Sneasler|33/100
|
|-damage|p1b: Kingambit|82/100 brn|[from] brn
|upkeep
|turn|4
|j|â˜†fabiobl7
|player|p1|fabiobl7|1|
|
|t:|1756384473
|switch|p2b: Indeedee|Indeedee, L50, M|100/100
|-fieldstart|move: Psychic Terrain|[from] ability: Psychic Surge|[of] p2b: Indeedee
|-enditem|p1a: Sneasler|Psychic Seed
|-boost|p1a: Sneasler|spd|1|[from] item: Psychic Seed
|-enditem|p2a: Sneasler|Psychic Seed
|-boost|p2a: Sneasler|spd|1|[from] item: Psychic Seed
|move|p2a: Sneasler|Protect|p2a: Sneasler
|-singleturn|p2a: Sneasler|Protect
|move|p1a: Sneasler|Close Combat|p2b: Indeedee
|-enditem|p2b: Indeedee|Focus Sash
|-damage|p2b: Indeedee|1/100
|-unboost|p1a: Sneasler|def|1
|-unboost|p1a: Sneasler|spd|1
|move|p1b: Kingambit|Tera Blast|p2a: Sneasler|[anim] Tera Blast Flying
|-activate|p2a: Sneasler|move: Protect
|
|-damage|p1b: Kingambit|75/100 brn|[from] brn
|-sideend|p1: fabiobl7|move: Tailwind
|upkeep
|turn|5
|
|t:|1756384509
|move|p1a: Sneasler|Protect|p1a: Sneasler
|-singleturn|p1a: Sneasler|Protect
|move|p2a: Sneasler|Dire Claw|p1a: Sneasler
|-activate|p1a: Sneasler|move: Protect
|move|p2b: Indeedee|Expanding Force|p1a: Sneasler|[spread] p1b
|-activate|p1a: Sneasler|move: Protect
|-damage|p1b: Kingambit|41/100 brn
|move|p1b: Kingambit|Tera Blast|p2a: Sneasler|[anim] Tera Blast Flying
|-supereffective|p2a: Sneasler
|-damage|p2a: Sneasler|0 fnt
|faint|p2a: Sneasler
|
|-damage|p1b: Kingambit|35/100 brn|[from] brn
|-sideend|p2: MizzleWaterCooler|move: Tailwind
|upkeep
|
|t:|1756384521
|switch|p2a: Ursaluna|Ursaluna-Bloodmoon, L50, M|91/100
|turn|6
|
|t:|1756384544
|-terastallize|p2a: Ursaluna|Normal
|move|p1a: Sneasler|Close Combat|p2a: Ursaluna
|-supereffective|p2a: Ursaluna
|-damage|p2a: Ursaluna|0 fnt
|-unboost|p1a: Sneasler|def|1
|-unboost|p1a: Sneasler|spd|1
|faint|p2a: Ursaluna
|move|p2b: Indeedee|Expanding Force|p1a: Sneasler|[spread] p1a,p1b
|-supereffective|p1a: Sneasler
|-damage|p1a: Sneasler|0 fnt
|-damage|p1b: Kingambit|0 fnt
|faint|p1a: Sneasler
|faint|p1b: Kingambit
|
|upkeep
|
|t:|1756384554
|switch|p1b: Ursaluna|Ursaluna, L50, F|100/100
|turn|7
|
|t:|1756384567
|move|p2b: Indeedee|Expanding Force|p1b: Ursaluna
|-damage|p1b: Ursaluna|33/100
|move|p1b: Ursaluna|Facade|p2b: Indeedee
|-crit|p2b: Indeedee
|-damage|p2b: Indeedee|0 fnt
|faint|p2b: Indeedee
|
|win|fabiobl7
|raw|fabiobl7's rating: 1204 → 1226(+22 for winning)
|raw|MizzleWaterCooler's rating: 1168 → 1146(-22 for losing)
|l|â˜†fabiobl7
|player|p1|
