|j|☆danicruz.music
|j|☆maxpower78
|html|danicruz.musicmaxpower78    
|uhtml|bestof|Game 1 of a best-of-3
|t:|1757859395
|gametype|doubles
|player|p1|danicruz.music|whitney|1176
|player|p2|maxpower78|101|1162
|gen|9
|tier|[Gen 9] VGC 2025 Reg H (Bo3)
|rated|
|rule|Species Clause: Limit one of each Pokémon
|rule|Item Clause: Limit 1 of each item
|clearpoke
|poke|p1|Dondozo, L50, F|
|poke|p1|Tatsugiri-Droopy, L50, M|
|poke|p1|Pelipper, L50, M|
|poke|p1|Archaludon, L50, M|
|poke|p1|Weezing-Galar, L50, M|
|poke|p1|Dragapult, L50, F|
|poke|p2|Chandelure, L50, F|
|poke|p2|Ursaluna-Bloodmoon, L50, M|
|poke|p2|Amoonguss, L50, F|
|poke|p2|Kingambit, L50, F|
|poke|p2|Dragonite, L50, F|
|poke|p2|Annihilape, L50, M|
|teampreview|4
|showteam|p1|Dondozo||Leftovers|Unaware|WaveCrash,Earthquake,OrderUp,Protect|||F|||50|,,,,,Ground]Tatsugiri-Droopy||AssaultVest|Commander|DragonPulse,MirrorCoat,MuddyWater,IcyWind|||M|||50|,,,,,Fairy]Pelipper||FocusSash|Drizzle|Hurricane,WeatherBall,WideGuard,Tailwind|||M|||50|,,,,,Fire]Archaludon||PowerHerb|Stalwart|ElectroShot,FlashCannon,DracoMeteor,Protect|||M|||50|,,,,,Electric]Weezing-Galar||RockyHelmet|NeutralizingGas|DazzlingGleam,PoisonGas,SludgeBomb,Protect|||M|||50|,,,,,Flying]Dragapult||LifeOrb|ClearBody|DragonDarts,Protect,PhantomForce,TeraBlast|||F|||50|,,,,,Fighting
|showteam|p2|Chandelure||MentalHerb|FlashFire|HeatWave,ShadowBall,Protect,TrickRoom|||F|||50|,,,,,Grass]Ursaluna-Bloodmoon||AssaultVest|MindsEye|BloodMoon,EarthPower,HyperVoice,VacuumWave|||M|||50|,,,,,Normal]Amoonguss||RockyHelmet|Regenerator|Protect,ClearSmog,Spore,RagePowder|||F|||50|,,,,,Water]Kingambit||BlackGlasses|Defiant|KowtowCleave,SuckerPunch,SwordsDance,Protect|||F|||50|,,,,,Ghost]Dragonite||LoadedDice|Multiscale|ScaleShot,Tailwind,Protect,IceSpinner|||F|||50|,,,,,Fairy]Annihilape||PunchingGlove|Defiant|RageFist,DrainPunch,BulkUp,Protect|||M|||50|,,,,,Fire
|inactive|Battle timer is ON: inactive players will automatically lose when time's up. (requested by danicruz.music)
|inactive|maxpower78 has 60 seconds left.
|inactive|maxpower78 has 30 seconds left.
|inactive|maxpower78 has 20 seconds left.
|inactive|maxpower78 has 15 seconds left.
|inactive|maxpower78 has 10 seconds left.
|inactive|maxpower78 has 5 seconds left.
|
|t:|1757859485
|teamsize|p1|4
|teamsize|p2|4
|start
|switch|p1a: Weezing|Weezing-Galar, L50, M|100/100
|switch|p1b: Dragapult|Dragapult, L50, F|100/100
|switch|p2a: Chandelure|Chandelure, L50, F|100/100
|switch|p2b: Ursaluna|Ursaluna-Bloodmoon, L50, M|100/100
|-ability|p1a: Weezing|Neutralizing Gas
|turn|1
|inactive|maxpower78 has 30 seconds left.
|inactive|danicruz.music has 30 seconds left.
|inactive|maxpower78 has 20 seconds left.
|inactive|maxpower78 has 15 seconds left.
|inactive|maxpower78 has 10 seconds left.
|inactive|maxpower78 has 5 seconds left.
|
|t:|1757859538
|-terastallize|p2a: Chandelure|Grass
|move|p1a: Weezing|Protect|p1a: Weezing
|-singleturn|p1a: Weezing|Protect
|move|p1b: Dragapult|Phantom Force||[still]
|-prepare|p1b: Dragapult|Phantom Force
|move|p2a: Chandelure|Shadow Ball|p1b: Dragapult|[miss]
|-miss|p2a: Chandelure|p1b: Dragapult
|move|p2b: Ursaluna|Blood Moon|p1a: Weezing
|-activate|p1a: Weezing|move: Protect
|
|upkeep
|turn|2
|
|t:|1757859558
|switch|p2a: Kingambit|Kingambit, L50, F|100/100
|move|p1b: Dragapult|Phantom Force|p2a: Kingambit|[from] lockedmove
|-resisted|p2a: Kingambit
|-damage|p2a: Kingambit|78/100
|-damage|p1b: Dragapult|91/100|[from] item: Life Orb
|move|p2b: Ursaluna|Earth Power|p1a: Weezing
|-supereffective|p1a: Weezing
|-damage|p1a: Weezing|0 fnt
|faint|p1a: Weezing
|-end|p1a: Weezing|ability: Neutralizing Gas
|
|upkeep
|
|t:|1757859571
|switch|p1a: Dondozo|Dondozo, L50, F|100/100
|turn|3
|inactive|maxpower78 has 30 seconds left.
|inactive|maxpower78 has 20 seconds left.
|
|t:|1757859608
|switch|p1b: Tatsugiri|Tatsugiri-Droopy, L50, M|100/100
|-activate|p1b: Tatsugiri|ability: Commander|[of] p1a: Dondozo
|-boost|p1a: Dondozo|atk|2
|-boost|p1a: Dondozo|spa|2
|-boost|p1a: Dondozo|spe|2
|-boost|p1a: Dondozo|def|2
|-boost|p1a: Dondozo|spd|2
|-terastallize|p1a: Dondozo|Ground
|move|p1a: Dondozo|Earthquake|p2b: Ursaluna|[spread] p2a,p2b
|-miss|p1a: Dondozo|p1b: Tatsugiri
|-supereffective|p2a: Kingambit
|-damage|p2a: Kingambit|0 fnt
|-damage|p2b: Ursaluna|54/100
|faint|p2a: Kingambit
|move|p2b: Ursaluna|Blood Moon|p1a: Dondozo
|-damage|p1a: Dondozo|56/100
|
|-heal|p1a: Dondozo|62/100|[from] item: Leftovers
|upkeep
|
|t:|1757859626
|switch|p2a: Amoonguss|Amoonguss, L50, F|100/100
|turn|4
|
|t:|1757859646
|move|p1a: Dondozo|Wave Crash|p2b: Ursaluna
|-supereffective|p2b: Ursaluna
|-crit|p2b: Ursaluna
|-damage|p2b: Ursaluna|0 fnt
|faint|p2b: Ursaluna
|-damage|p1a: Dondozo|50/100|[from] Recoil
|move|p2a: Amoonguss|Clear Smog|p1a: Dondozo
|-resisted|p1a: Dondozo
|-damage|p1a: Dondozo|46/100
|-clearboost|p1a: Dondozo
|
|-heal|p1a: Dondozo|52/100|[from] item: Leftovers
|upkeep
|
|t:|1757859658
|switch|p2b: Chandelure|Chandelure, L50, F, tera:Grass|100/100
|turn|5
|
|t:|1757859672
|move|p2b: Chandelure|Shadow Ball|p1a: Dondozo
|-damage|p1a: Dondozo|3/100
|-unboost|p1a: Dondozo|spd|1
|move|p1a: Dondozo|Earthquake|p2b: Chandelure|[spread] p2a,p2b
|-miss|p1a: Dondozo|p1b: Tatsugiri
|-resisted|p2b: Chandelure
|-damage|p2a: Amoonguss|77/100
|-damage|p2b: Chandelure|83/100
|move|p2a: Amoonguss|Spore|p1a: Dondozo
|-status|p1a: Dondozo|slp|[from] move: Spore
|
|-heal|p1a: Dondozo|9/100 slp|[from] item: Leftovers
|upkeep
|turn|6
|inactive|maxpower78 has 30 seconds left.
|
|t:|1757859697
|cant|p1a: Dondozo|slp
|move|p2a: Amoonguss|Rage Powder|p2a: Amoonguss
|-singleturn|p2a: Amoonguss|move: Rage Powder
|move|p2b: Chandelure|Shadow Ball|p1a: Dondozo
|-damage|p1a: Dondozo|0 fnt
|faint|p1a: Dondozo
|
|upkeep
|
|t:|1757859703
|switch|p1a: Dragapult|Dragapult, L50, F|91/100
|turn|7
|inactive|maxpower78 has 30 seconds left.
|inactive|maxpower78 has 20 seconds left.
|
|t:|1757859741
|move|p1a: Dragapult|Dragon Darts|p2b: Chandelure
|-damage|p2b: Chandelure|48/100
|-anim|p1a: Dragapult|Dragon Darts|p2a: Amoonguss
|-damage|p2a: Amoonguss|52/100
|-damage|p1a: Dragapult|81/100|[from] item: Life Orb
|move|p1b: Tatsugiri|Icy Wind|p2a: Amoonguss|[spread] p2a,p2b
|-supereffective|p2a: Amoonguss
|-supereffective|p2b: Chandelure
|-damage|p2a: Amoonguss|28/100
|-damage|p2b: Chandelure|14/100
|-unboost|p2a: Amoonguss|spe|1
|-unboost|p2b: Chandelure|spe|1
|move|p2a: Amoonguss|Spore|p1b: Tatsugiri
|-status|p1b: Tatsugiri|slp|[from] move: Spore
|move|p2b: Chandelure|Trick Room|p2b: Chandelure
|-fieldstart|move: Trick Room|[of] p2b: Chandelure
|
|upkeep
|turn|8
|inactive|maxpower78 has 30 seconds left.
|
|t:|1757859772
|move|p1a: Dragapult|Protect|p1a: Dragapult
|-singleturn|p1a: Dragapult|Protect
|move|p2a: Amoonguss|Spore|p1a: Dragapult
|-activate|p1a: Dragapult|move: Protect
|move|p2b: Chandelure|Shadow Ball|p1a: Dragapult
|-activate|p1a: Dragapult|move: Protect
|cant|p1b: Tatsugiri|slp
|
|upkeep
|turn|9
|
|t:|1757859797
|move|p1a: Dragapult|Protect||[still]
|-fail|p1a: Dragapult
|move|p2a: Amoonguss|Spore|p1b: Tatsugiri
|-fail|p1b: Tatsugiri|slp
|move|p2b: Chandelure|Shadow Ball|p1a: Dragapult
|-supereffective|p1a: Dragapult
|-damage|p1a: Dragapult|0 fnt
|faint|p1a: Dragapult
|cant|p1b: Tatsugiri|slp
|
|upkeep
|turn|10
|
|t:|1757859818
|move|p2a: Amoonguss|Spore|p1b: Tatsugiri
|-fail|p1b: Tatsugiri|slp
|move|p2b: Chandelure|Shadow Ball|p1b: Tatsugiri
|-damage|p1b: Tatsugiri|58/100 slp
|cant|p1b: Tatsugiri|slp
|
|upkeep
|turn|11
|
|t:|1757859835
|move|p2a: Amoonguss|Clear Smog|p1b: Tatsugiri
|-damage|p1b: Tatsugiri|43/100 slp
|-clearboost|p1b: Tatsugiri
|move|p2b: Chandelure|Shadow Ball|p1b: Tatsugiri
|-crit|p1b: Tatsugiri
|-damage|p1b: Tatsugiri|0 fnt
|faint|p1b: Tatsugiri
|
|win|maxpower78
|l|☆danicruz.music
|player|p1|
||danicruz.music is ready for game 2.
|inactive|maxpower78 has 30 seconds to confirm battle start!
||maxpower78 is ready for game 2.
|uhtml|next|Next: Game 2 of 3
