|j|☆jiaco5
|j|☆Imreesithink
|html|jiaco5Imreesithink    
|uhtml|bestof|Game 1 of a best-of-3
|t:|1784305740
|gametype|doubles
|player|p1|jiaco5|101|1300
|player|p2|Imreesithink|blackbelt-gen4dp|1249
|gen|9
|tier|[Gen 9 Champions] VGC 2026 Reg M-B (Bo3)
|rated|
|rule|Species Clause: Limit one of each Pokémon
|rule|Item Clause: Limit 1 of each item
|clearpoke
|poke|p1|Blastoise, L50, F|
|poke|p1|Sinistcha, L50|
|poke|p1|Delphox, L50, F|
|poke|p1|Sneasler, L50, M|
|poke|p1|Incineroar, L50, F|
|poke|p1|Kingambit, L50, M|
|poke|p2|Tyranitar, L50, M, shiny|
|poke|p2|Sinistcha, L50, shiny|
|poke|p2|Sneasler, L50, M, shiny|
|poke|p2|Incineroar, L50, M, shiny|
|poke|p2|Floette-Eternal, L50, F|
|poke|p2|Corviknight, L50, M, shiny|
|teampreview|4
|showteam|p1|Blastoise||Blastoisinite|RainDish|WaterSpout,DarkPulse,ShellSmash,Protect|Modest||F|||50|]Sinistcha||OccaBerry|Hospitality|MatchaGotcha,TrickRoom,RagePowder,Protect|Relaxed|||||50|]Delphox||Delphoxite|Blaze|HeatWave,Psychic,NastyPlot,Protect|Timid||F|||50|]Sneasler||FocusSash|PoisonTouch|CloseCombat,PoisonJab,FakeOut,QuickGuard|Jolly||M|||50|]Incineroar||SitrusBerry|Intimidate|FlareBlitz,FakeOut,Taunt,PartingShot|Impish||F|||50|]Kingambit||LifeOrb|Defiant|KowtowCleave,SuckerPunch,SwordsDance,Protect|Adamant||M|||50|
|showteam|p2|Tyranitar||Tyranitarite|SandStream|RockSlide,KnockOff,DragonDance,Protect|Adamant||M|||50|]Sinistcha||KasibBerry|Hospitality|MatchaGotcha,TrickRoom,RagePowder,Protect|Relaxed|||||50|]Sneasler||WhiteHerb|Unburden|FakeOut,CloseCombat,DireClaw,Coaching|Jolly||M|||50|]Incineroar||SitrusBerry|Intimidate|FakeOut,FlareBlitz,PartingShot,DarkestLariat|Careful||M|||50|]Floette-Eternal||Floettite|FlowerVeil|CalmMind,DazzlingGleam,DrainingKiss,Protect|Modest||F|||50|]Corviknight||Leftovers|MirrorArmor|Tailwind,IronHead,BraveBird,Roost|Impish||M|||50|
|inactive|Battle timer is ON: inactive players will automatically lose when time's up. (requested by Imreesithink)
|inactive|jiaco5 has 60 seconds left.
|
|t:|1784305776
|teamsize|p1|4
|teamsize|p2|4
|start
|switch|p1a: Sneasler|Sneasler, L50, M|100/100
|switch|p1b: Delphox|Delphox, L50, F|100/100
|switch|p2a: Tyranitar|Tyranitar, L50, M, shiny|100/100
|switch|p2b: Sneasler|Sneasler, L50, M, shiny|100/100
|-weather|Sandstorm|[from] ability: Sand Stream|[of] p2a: Tyranitar
|turn|1
|inactive|Imreesithink has 30 seconds left.
|
|t:|1784305802
|detailschange|p1b: Delphox|Delphox-Mega, L50, F
|-mega|p1b: Delphox|Delphox|Delphoxite
|detailschange|p2a: Tyranitar|Tyranitar-Mega, L50, M, shiny
|-mega|p2a: Tyranitar|Tyranitar|Tyranitarite
|move|p2b: Sneasler|Fake Out|p1a: Sneasler
|-damage|p1a: Sneasler|78/100
|cant|p1a: Sneasler|flinch
|move|p1b: Delphox|Psychic|p2b: Sneasler
|-supereffective|p2b: Sneasler|2
|-crit|p2b: Sneasler
|-damage|p2b: Sneasler|0 fnt
|faint|p2b: Sneasler
|move|p2a: Tyranitar|Dragon Dance|p2a: Tyranitar
|-boost|p2a: Tyranitar|atk|1
|-boost|p2a: Tyranitar|spe|1
|
|-weather|Sandstorm|[upkeep]
|-damage|p1b: Delphox|94/100|[from] Sandstorm
|-damage|p1a: Sneasler|72/100|[from] Sandstorm
|upkeep
|
|t:|1784305811
|switch|p2b: Sinistcha|Sinistcha, L50, shiny|100/100
|turn|2
|
|t:|1784305819
|switch|p1b: Incineroar|Incineroar, L50, F|100/100
|-ability|p1b: Incineroar|Intimidate|boost
|-unboost|p2a: Tyranitar|atk|1
|-unboost|p2b: Sinistcha|atk|1
|move|p2b: Sinistcha|Rage Powder|p2b: Sinistcha
|-singleturn|p2b: Sinistcha|move: Rage Powder
|move|p1a: Sneasler|Poison Jab|p2b: Sinistcha
|-damage|p2b: Sinistcha|69/100
|move|p2a: Tyranitar|Rock Slide|p1b: Incineroar|[spread] p1a,p1b
|-resisted|p1a: Sneasler|1
|-supereffective|p1b: Incineroar|1
|-damage|p1a: Sneasler|43/100
|-damage|p1b: Incineroar|52/100
|
|-weather|Sandstorm|[upkeep]
|-damage|p1a: Sneasler|37/100|[from] Sandstorm
|-damage|p1b: Incineroar|46/100|[from] Sandstorm
|-damage|p2b: Sinistcha|63/100|[from] Sandstorm
|-enditem|p1b: Incineroar|Sitrus Berry|[eat]
|-heal|p1b: Incineroar|71/100|[from] item: Sitrus Berry
|upkeep
|turn|3
|inactive|Imreesithink has 30 seconds left.
|inactive|Imreesithink has 20 seconds left.
|
|t:|1784305856
|switch|p1a: Sinistcha|Sinistcha, L50|100/100
|-heal|p1b: Incineroar|96/100|[from] ability: Hospitality|[of] p1a: Sinistcha
|move|p1b: Incineroar|Fake Out|p2a: Tyranitar
|-resisted|p2a: Tyranitar|1
|-damage|p2a: Tyranitar|96/100
|move|p2b: Sinistcha|Rage Powder|p2b: Sinistcha
|-singleturn|p2b: Sinistcha|move: Rage Powder
|cant|p2a: Tyranitar|flinch
|
|-weather|Sandstorm|[upkeep]
|-damage|p1b: Incineroar|90/100|[from] Sandstorm
|-damage|p1a: Sinistcha|93/100|[from] Sandstorm
|-damage|p2b: Sinistcha|57/100|[from] Sandstorm
|upkeep
|turn|4
|
|t:|1784305871
|move|p1a: Sinistcha|Protect|p1a: Sinistcha
|-singleturn|p1a: Sinistcha|Protect
|move|p2b: Sinistcha|Protect|p2b: Sinistcha
|-singleturn|p2b: Sinistcha|Protect
|move|p2a: Tyranitar|Dragon Dance|p2a: Tyranitar
|-boost|p2a: Tyranitar|atk|1
|-boost|p2a: Tyranitar|spe|1
|move|p1b: Incineroar|Parting Shot|p2a: Tyranitar
|-unboost|p2a: Tyranitar|atk|1
|-unboost|p2a: Tyranitar|spa|1
|
|t:|1784305883
|switch|p1b: Sneasler|Sneasler, L50, M|37/100|[from] Parting Shot
|
|-weather|Sandstorm|[upkeep]
|-damage|p1b: Sneasler|31/100|[from] Sandstorm
|-damage|p1a: Sinistcha|87/100|[from] Sandstorm
|-damage|p2b: Sinistcha|51/100|[from] Sandstorm
|upkeep
|turn|5
|
|t:|1784305896
|switch|p2b: Hero|Corviknight, L50, M, shiny|100/100
|move|p2a: Tyranitar|Protect|p2a: Tyranitar
|-singleturn|p2a: Tyranitar|Protect
|move|p1b: Sneasler|Fake Out|p2a: Tyranitar
|-activate|p2a: Tyranitar|move: Protect
|move|p1a: Sinistcha|Matcha Gotcha|p2a: Tyranitar|[spread] p2b
|-activate|p2a: Tyranitar|move: Protect
|-resisted|p2b: Hero|2
|-damage|p2b: Hero|95/100
|-heal|p1a: Sinistcha|90/100|[from] drain|[of] p2b: Hero
|
|-weather|none
|-heal|p2b: Hero|100/100|[from] item: Leftovers
|upkeep
|turn|6
|
|t:|1784305911
|switch|p1b: Incineroar|Incineroar, L50, F|90/100
|-ability|p1b: Incineroar|Intimidate|boost
|-unboost|p2a: Tyranitar|atk|1
|-ability|p2b: Hero|Mirror Armor
|-unboost|p1b: Incineroar|atk|1
|move|p2a: Tyranitar|Rock Slide|p1b: Incineroar|[spread] p1a,p1b
|-supereffective|p1b: Incineroar|1
|-damage|p1a: Sinistcha|71/100
|-damage|p1b: Incineroar|59/100
|move|p2b: Hero|Brave Bird|p1a: Sinistcha
|-supereffective|p1a: Sinistcha|1
|-damage|p1a: Sinistcha|1/100
|-damage|p2b: Hero|79/100|[from] Recoil
|cant|p1a: Sinistcha|flinch
|
|-heal|p2b: Hero|85/100|[from] item: Leftovers
|upkeep
|turn|7
|inactive|Imreesithink has 30 seconds left.
|
|t:|1784305940
|switch|p1a: Delphox|Delphox-Mega, L50, F|94/100
|move|p1b: Incineroar|Fake Out|p2a: Tyranitar
|-resisted|p2a: Tyranitar|1
|-damage|p2a: Tyranitar|94/100
|cant|p2a: Tyranitar|flinch
|move|p2b: Hero|Brave Bird|p1b: Incineroar
|-damage|p1b: Incineroar|31/100
|-damage|p2b: Hero|76/100|[from] Recoil
|
|-heal|p2b: Hero|81/100|[from] item: Leftovers
|upkeep
|turn|8
|
|t:|1784305963
|switch|p1b: Sneasler|Sneasler, L50, M|31/100
|move|p2a: Tyranitar|Dragon Dance|p2a: Tyranitar
|-boost|p2a: Tyranitar|atk|1
|-boost|p2a: Tyranitar|spe|1
|move|p1a: Delphox|Heat Wave|p2a: Tyranitar|[spread] p2a
|-miss|p1a: Delphox|p2b: Hero
|-resisted|p2a: Tyranitar|1
|-damage|p2a: Tyranitar|80/100
|move|p2b: Hero|Brave Bird|p1a: Delphox
|-damage|p1a: Delphox|41/100
|-damage|p2b: Hero|67/100|[from] Recoil
|
|-heal|p2b: Hero|73/100|[from] item: Leftovers
|upkeep
|turn|9
|
|t:|1784305983
|move|p1b: Sneasler|Fake Out|p2a: Tyranitar
|-resisted|p2a: Tyranitar|1
|-damage|p2a: Tyranitar|76/100
|-status|p2a: Tyranitar|psn|[from] ability: Poison Touch|[of] p1b: Sneasler
|cant|p2a: Tyranitar|flinch
|move|p1a: Delphox|Heat Wave|p2b: Hero|[spread] p2a,p2b
|-resisted|p2a: Tyranitar|1
|-supereffective|p2b: Hero|1
|-damage|p2a: Tyranitar|61/100 psn
|-damage|p2b: Hero|5/100
|move|p2b: Hero|Tailwind|p2b: Hero
|-sidestart|p2: Imreesithink|move: Tailwind
|
|-heal|p2b: Hero|11/100|[from] item: Leftovers
|-damage|p2a: Tyranitar|49/100 psn|[from] psn
|upkeep
|turn|10
|
|t:|1784306003
|switch|p1a: Incineroar|Incineroar, L50, F|31/100
|-ability|p1a: Incineroar|Intimidate|boost
|-unboost|p2a: Tyranitar|atk|1
|-ability|p2b: Hero|Mirror Armor
|-unboost|p1a: Incineroar|atk|1
|move|p2a: Tyranitar|Rock Slide|p1b: Sneasler|[spread] p1a,p1b
|-supereffective|p1a: Incineroar|1
|-resisted|p1b: Sneasler|1
|-damage|p1a: Incineroar|0 fnt
|-damage|p1b: Sneasler|10/100
|faint|p1a: Incineroar
|cant|p1b: Sneasler|flinch
|move|p2b: Hero|Brave Bird|p1b: Sneasler
|-supereffective|p1b: Sneasler|1
|-damage|p1b: Sneasler|0 fnt
|faint|p1b: Sneasler
|-damage|p2b: Hero|8/100|[from] Recoil
|
|-heal|p2b: Hero|14/100|[from] item: Leftovers
|-damage|p2a: Tyranitar|37/100 psn|[from] psn
|upkeep
|
|t:|1784306017
|switch|p1b: Sinistcha|Sinistcha, L50|1/100
|switch|p1a: Delphox|Delphox-Mega, L50, F|41/100
|-heal|p1a: Delphox|66/100|[from] ability: Hospitality|[of] p1b: Sinistcha
|turn|11
|
|t:|1784306029
|switch|p2b: Sinistcha|Sinistcha, L50, shiny|51/100
|-heal|p2a: Tyranitar|61/100 psn|[from] ability: Hospitality|[of] p2b: Sinistcha
|move|p1a: Delphox|Protect|p1a: Delphox
|-singleturn|p1a: Delphox|Protect
|move|p2a: Tyranitar|Rock Slide|p1b: Sinistcha|[spread] 
|-activate|p1a: Delphox|move: Protect
|-miss|p2a: Tyranitar|p1b: Sinistcha
|move|p1b: Sinistcha|Matcha Gotcha|p2b: Sinistcha|[spread] p2a,p2b
|-supereffective|p2a: Tyranitar|1
|-resisted|p2b: Sinistcha|1
|-damage|p2a: Tyranitar|22/100 psn
|-heal|p1b: Sinistcha|23/100|[from] drain|[of] p2a: Tyranitar
|-damage|p2b: Sinistcha|35/100
|-heal|p1b: Sinistcha|30/100|[from] drain|[of] p2b: Sinistcha
|
|-damage|p2a: Tyranitar|10/100 psn|[from] psn
|upkeep
|turn|12
|inactive|jiaco5 has 30 seconds left.
|
|t:|1784306054
|move|p1b: Sinistcha|Rage Powder|p1b: Sinistcha
|-singleturn|p1b: Sinistcha|move: Rage Powder
|move|p2a: Tyranitar|Rock Slide|p1b: Sinistcha|[spread] p1a,p1b
|-supereffective|p1a: Delphox|1
|-damage|p1a: Delphox|2/100
|-damage|p1b: Sinistcha|10/100
|move|p1a: Delphox|Heat Wave|p2a: Tyranitar|[spread] p2a,p2b
|-resisted|p2a: Tyranitar|1
|-supereffective|p2b: Sinistcha|1
|-damage|p2a: Tyranitar|0 fnt
|-damage|p2b: Sinistcha|0 fnt
|faint|p2a: Tyranitar
|faint|p2b: Sinistcha
|
|-sideend|p2: Imreesithink|move: Tailwind
|upkeep
|
|t:|1784306060
|switch|p2b: Hero|Corviknight, L50, M, shiny|14/100
|turn|13
|
|t:|1784306073
|move|p1a: Delphox|Psychic|p2b: Hero
|-resisted|p2b: Hero|1
|-damage|p2b: Hero|0 fnt
|faint|p2b: Hero
|
|win|jiaco5
||Imreesithink is ready for game 2.
||jiaco5 is ready for game 2.
|uhtml|next|Next: Game 2 of 3
|l|☆Imreesithink
|player|p2|
