|j|☆ga sneasler
|j|☆glubglobs
|html|ga sneaslerglubglobs    
|uhtml|bestof|Game 2 of a best-of-3
|t:|1756238851
|gametype|doubles
|player|p1|ga sneasler|2|1064
|player|p2|glubglobs|101|1141
|gen|9
|tier|[Gen 9] VGC 2025 Reg H (Bo3)
|rated|
|rule|Species Clause: Limit one of each Pokémon
|rule|Item Clause: Limit 1 of each item
|clearpoke
|poke|p1|Hydreigon, L50, F|
|poke|p1|Ursaluna, L50, F|
|poke|p1|Incineroar, L50, F|
|poke|p1|Amoonguss, L50, F|
|poke|p1|Gholdengo, L50|
|poke|p1|Porygon2, L50|
|poke|p2|Primarina, L50, F|
|poke|p2|Sneasler, L50, F|
|poke|p2|Electabuzz, L50, F|
|poke|p2|Kingambit, L50, M|
|poke|p2|Dragapult, L50, F|
|poke|p2|Rillaboom, L50, M|
|teampreview|4
|showteam|p1|Hydreigon||SafetyGoggles|Levitate|DracoMeteor,Snarl,Tailwind,Protect|||F|||50|,,,,,Ghost]Ursaluna||FlameOrb|Guts|HeadlongRush,Earthquake,Facade,Protect|||F|||50|,,,,,Ghost]Incineroar||SitrusBerry|Intimidate|FlareBlitz,KnockOff,FakeOut,PartingShot|||F|||50|,,,,,Ghost]Amoonguss||CovertCloak|Regenerator|PollenPuff,Spore,RagePowder,Protect|||F|||50|,,,,,Fire]Gholdengo||MetalCoat|GoodasGold|MakeItRain,ShadowBall,NastyPlot,Protect||||||50|,,,,,Water]Porygon2||Eviolite|Download|TeraBlast,IceBeam,Recover,TrickRoom||||||50|,,,,,Fighting
|showteam|p2|Primarina||ThroatSpray|LiquidVoice|Protect,Haze,HyperVoice,Moonblast|||F|||50|,,,,,Poison]Sneasler||FocusSash|PoisonTouch|Protect,NightSlash,DireClaw,CloseCombat|||F|||50|,,,,,Stellar]Electabuzz||Eviolite|VitalSpirit|Protect,FollowMe,Taunt,Electroweb|||F|||50|,,,,,Fairy]Kingambit||BlackGlasses|Defiant|Protect,SwordsDance,SuckerPunch,KowtowCleave|||M|||50|,,,,,Dark]Dragapult||ChoiceBand|ClearBody|Uturn,DragonDarts,PhantomForce,Outrage|||F|||50|,,,,,Dragon]Rillaboom||AssaultVest|GrassySurge|FakeOut,Uturn,GrassyGlide,WoodHammer|||M|||50|,,,,,Fire
|inactive|Battle timer is ON: inactive players will automatically lose when time's up. (requested by ga sneasler)
|inactive|glubglobs also wants the timer to be on.
|
|t:|1756238867
|teamsize|p1|4
|teamsize|p2|4
|start
|switch|p1a: Gholdengo|Gholdengo, L50|100/100
|switch|p1b: Amoonguss|Amoonguss, L50, F|100/100
|switch|p2a: Sneasler|Sneasler, L50, F|100/100
|switch|p2b: Electabuzz|Electabuzz, L50, F|100/100
|turn|1
|
|t:|1756238885
|move|p1b: Amoonguss|Rage Powder|p1b: Amoonguss
|-singleturn|p1b: Amoonguss|move: Rage Powder
|move|p2a: Sneasler|Night Slash|p1b: Amoonguss
|-damage|p1b: Amoonguss|78/100
|move|p2b: Electabuzz|Taunt|p1b: Amoonguss
|-start|p1b: Amoonguss|move: Taunt
|move|p1a: Gholdengo|Nasty Plot|p1a: Gholdengo
|-boost|p1a: Gholdengo|spa|2
|
|upkeep
|turn|2
|
|t:|1756238905
|move|p2a: Sneasler|Night Slash|p1a: Gholdengo
|-supereffective|p1a: Gholdengo
|-damage|p1a: Gholdengo|47/100
|move|p2b: Electabuzz|Electroweb|p1b: Amoonguss|[spread] p1a,p1b
|-resisted|p1b: Amoonguss
|-damage|p1a: Gholdengo|34/100
|-damage|p1b: Amoonguss|73/100
|-unboost|p1a: Gholdengo|spe|1
|move|p1a: Gholdengo|Make It Rain|p2b: Electabuzz|[spread] p2a,p2b
|-resisted|p2b: Electabuzz
|-enditem|p2a: Sneasler|Focus Sash
|-damage|p2a: Sneasler|1/100
|-damage|p2b: Electabuzz|60/100
|-unboost|p1a: Gholdengo|spa|1
|move|p1b: Amoonguss|Pollen Puff|p1a: Gholdengo
|-heal|p1a: Gholdengo|84/100
|
|upkeep
|turn|3
|
|t:|1756238926
|move|p2a: Sneasler|Night Slash|p1a: Gholdengo
|-supereffective|p1a: Gholdengo
|-damage|p1a: Gholdengo|34/100
|move|p2b: Electabuzz|Electroweb|p1b: Amoonguss|[spread] p1a,p1b
|-resisted|p1b: Amoonguss
|-damage|p1a: Gholdengo|21/100
|-damage|p1b: Amoonguss|67/100
|-unboost|p1a: Gholdengo|spe|1
|move|p1a: Gholdengo|Shadow Ball|p2b: Electabuzz
|-damage|p2b: Electabuzz|16/100
|-unboost|p2b: Electabuzz|spd|1
|move|p1b: Amoonguss|Pollen Puff|p1a: Gholdengo
|-heal|p1a: Gholdengo|71/100
|
|upkeep
|turn|4
|
|t:|1756238948
|move|p1a: Gholdengo|Protect|p1a: Gholdengo
|-singleturn|p1a: Gholdengo|Protect
|move|p2a: Sneasler|Night Slash|p1a: Gholdengo
|-activate|p1a: Gholdengo|move: Protect
|move|p2b: Electabuzz|Electroweb|p1a: Gholdengo|[spread] p1b
|-activate|p1a: Gholdengo|move: Protect
|-resisted|p1b: Amoonguss
|-damage|p1b: Amoonguss|60/100
|move|p1b: Amoonguss|Pollen Puff|p2a: Sneasler
|-resisted|p2a: Sneasler
|-damage|p2a: Sneasler|0 fnt
|faint|p2a: Sneasler
|
|-end|p1b: Amoonguss|move: Taunt
|upkeep
|
|t:|1756238965
|switch|p2a: Kingambit|Kingambit, L50, M|100/100
|turn|5
|
|t:|1756238973
|move|p1b: Amoonguss|Rage Powder|p1b: Amoonguss
|-singleturn|p1b: Amoonguss|move: Rage Powder
|move|p2b: Electabuzz|Taunt|p1b: Amoonguss
|-start|p1b: Amoonguss|move: Taunt
|move|p2a: Kingambit|Swords Dance|p2a: Kingambit
|-boost|p2a: Kingambit|atk|2
|move|p1a: Gholdengo|Make It Rain|p2a: Kingambit|[spread] p2a,p2b
|-resisted|p2a: Kingambit
|-resisted|p2b: Electabuzz
|-damage|p2a: Kingambit|58/100
|-damage|p2b: Electabuzz|0 fnt
|-unboost|p1a: Gholdengo|spa|1
|faint|p2b: Electabuzz
|
|upkeep
|
|t:|1756238986
|switch|p2b: Primarina|Primarina, L50, F|100/100
|turn|6
|
|t:|1756239001
|-terastallize|p2a: Kingambit|Dark
|move|p2b: Primarina|Hyper Voice|p1a: Gholdengo|[spread] p1a,p1b
|-resisted|p1b: Amoonguss
|-damage|p1a: Gholdengo|37/100
|-damage|p1b: Amoonguss|44/100
|-enditem|p2b: Primarina|Throat Spray
|-boost|p2b: Primarina|spa|1|[from] item: Throat Spray
|move|p2a: Kingambit|Kowtow Cleave|p1b: Amoonguss
|-damage|p1b: Amoonguss|0 fnt
|faint|p1b: Amoonguss
|move|p1a: Gholdengo|Make It Rain|p2b: Primarina|[spread] p2a,p2b
|-crit|p2a: Kingambit
|-damage|p2a: Kingambit|0 fnt
|-damage|p2b: Primarina|55/100
|-unboost|p1a: Gholdengo|spa|1
|faint|p2a: Kingambit
|
|upkeep
|
|t:|1756239024
|switch|p1b: Ursaluna|Ursaluna, L50, F|100/100
|turn|7
|
|t:|1756239032
|switch|p1a: Porygon2|Porygon2, L50|100/100
|-ability|p1a: Porygon2|Download|boost
|-boost|p1a: Porygon2|atk|1
|move|p1b: Ursaluna|Protect|p1b: Ursaluna
|-singleturn|p1b: Ursaluna|Protect
|move|p2b: Primarina|Hyper Voice|p1a: Porygon2|[spread] p1a
|-activate|p1b: Ursaluna|move: Protect
|-damage|p1a: Porygon2|69/100
|
|-status|p1b: Ursaluna|brn|[from] item: Flame Orb
|upkeep
|turn|8
|
|t:|1756239043
|-terastallize|p1b: Ursaluna|Ghost
|move|p1b: Ursaluna|Facade|p2b: Primarina
|-damage|p2b: Primarina|0 fnt
|faint|p2b: Primarina
|
|win|ga sneasler
|raw|ga sneasler's rating: 1064 → 1101(+37 for winning)
|raw|glubglobs's rating: 1141 → 1111(-30 for losing)
|c|☆ga sneasler|Wait why is your gambit max speed
