|j|☆Starcott Yuri
|j|☆xDanyul
|html|Starcott YurixDanyul    
|uhtml|bestof|Game 2 of a best-of-3
|t:|1783382451
|gametype|doubles
|player|p1|Starcott Yuri|clerkf|1199
|player|p2|xDanyul|elaine|1360
|gen|9
|tier|[Gen 9 Champions] VGC 2026 Reg M-B (Bo3)
|rated|
|rule|Species Clause: Limit one of each Pokémon
|rule|Item Clause: Limit 1 of each item
|clearpoke
|poke|p1|Pyroar, L50, F|
|poke|p1|Blastoise, L50, M|
|poke|p1|Aerodactyl, L50, M|
|poke|p1|Venusaur, L50, F|
|poke|p1|Torkoal, L50, F|
|poke|p1|Farigiraf, L50, M|
|poke|p2|Dragalge, L50, M|
|poke|p2|Sinistcha, L50|
|poke|p2|Blaziken, L50, F|
|poke|p2|Sylveon, L50, M|
|poke|p2|Kingambit, L50, M|
|poke|p2|Aerodactyl, L50, F|
|teampreview|4
|showteam|p1|Pyroar||Pyroarite|Unnerve|Overheat,HeatWave,SolarBeam,Protect|Timid||F|||50|]Blastoise||Blastoisinite|Torrent|WaterSpout,IceBeam,DarkPulse,FakeOut|Quiet||M|||50|]Aerodactyl||ExpertBelt|Unnerve|RockSlide,IceFang,Taunt,Protect|Adamant||M|||50|]Venusaur||LifeOrb|Chlorophyll|EnergyBall,SludgeBomb,EarthPower,Protect|Modest||F|||50|]Torkoal||Charcoal|Drought|Eruption,WeatherBall,HelpingHand,Protect|Quiet||F|||50|]Farigiraf||ColburBerry|ArmorTail|TwinBeam,Thunderbolt,TrickRoom,RainDance|Relaxed||M|||50|
|showteam|p2|Dragalge||Dragalgite|Adaptability|Protect,DracoMeteor,SludgeBomb,Thunderbolt|Calm||M|||50|]Sinistcha||CobaBerry|Hospitality|Protect,MatchaGotcha,TrickRoom,RagePowder|Calm|||||50|]Blaziken||LifeOrb|SpeedBoost|Detect,Overheat,CloseCombat,RockSlide|Naive||F|||50|]Sylveon||FairyFeather|Pixilate|Detect,HyperVoice,HyperBeam,QuickAttack|Modest||M|||50|]Kingambit||BlackGlasses|Defiant|Protect,KowtowCleave,SuckerPunch,LowKick|Adamant||M|||50|]Aerodactyl||Aerodactylite|Unnerve|RockSlide,DualWingbeat,IceFang,Tailwind|Jolly||F|||50|
|inactive|Battle timer is ON: inactive players will automatically lose when time's up. (requested by xDanyul)
|inactive|Starcott Yuri has 60 seconds left.
|
|t:|1783382496
|teamsize|p1|4
|teamsize|p2|4
|start
|switch|p1a: Blastoise|Blastoise, L50, M|100/100
|switch|p1b: Pyroar|Pyroar, L50, F|100/100
|switch|p2a: Aerodactyl|Aerodactyl, L50, F|100/100
|switch|p2b: Dragalge|Dragalge, L50, M|100/100
|-ability|p2a: Aerodactyl|Unnerve
|-ability|p1b: Pyroar|Unnerve
|turn|1
|inactive|Starcott Yuri has 30 seconds left.
|inactive|Starcott Yuri has 20 seconds left.
|
|t:|1783382533
|switch|p1b: Venusaur|Venusaur, L50, F|100/100
|detailschange|p2b: Dragalge|Dragalge-Mega, L50, M
|-mega|p2b: Dragalge|Dragalge|Dragalgite
|move|p2a: Aerodactyl|Rock Slide|p1a: Blastoise|[spread] p1a,p1b
|-damage|p1a: Blastoise|75/100
|-damage|p1b: Venusaur|68/100
|move|p1a: Blastoise|Water Spout|p2a: Aerodactyl|[spread] p2a,p2b
|-supereffective|p2a: Aerodactyl|1
|-crit|p2a: Aerodactyl
|-resisted|p2b: Dragalge|1
|-damage|p2a: Aerodactyl|0 fnt
|-damage|p2b: Dragalge|88/100
|faint|p2a: Aerodactyl
|move|p2b: Dragalge|Thunderbolt|p1a: Blastoise
|-supereffective|p1a: Blastoise|1
|-damage|p1a: Blastoise|27/100
|-status|p1a: Blastoise|par
|
|upkeep
|
|t:|1783382550
|switch|p2a: Blaziken|Blaziken, L50, F|100/100
|turn|2
|
|t:|1783382561
|switch|p1a: Torkoal|Torkoal, L50, F|100/100
|-weather|SunnyDay|[from] ability: Drought|[of] p1a: Torkoal
|move|p2a: Blaziken|Detect|p2a: Blaziken
|-singleturn|p2a: Blaziken|Protect
|move|p1b: Venusaur|Earth Power|p2a: Blaziken
|-activate|p2a: Blaziken|move: Protect
|move|p2b: Dragalge|Sludge Bomb|p1b: Venusaur
|-damage|p1b: Venusaur|19/100
|
|-weather|SunnyDay|[upkeep]
|-ability|p2a: Blaziken|Speed Boost|boost
|-boost|p2a: Blaziken|spe|1
|upkeep
|turn|3
|inactive|xDanyul has 30 seconds left.
|
|t:|1783382587
|switch|p2a: Kingambit|Kingambit, L50, M|100/100
|move|p1b: Venusaur|Earth Power|p2a: Kingambit
|-supereffective|p2a: Kingambit|1
|-damage|p2a: Kingambit|20/100y
|-unboost|p2a: Kingambit|spd|1
|-ability|p2a: Kingambit|Defiant|boost
|-boost|p2a: Kingambit|atk|2
|-damage|p1b: Venusaur|9/100|[from] item: Life Orb
|move|p2b: Dragalge|Sludge Bomb|p1b: Venusaur
|-damage|p1b: Venusaur|0 fnt
|faint|p1b: Venusaur
|move|p1a: Torkoal|Eruption|p2a: Kingambit|[spread] p2a,p2b
|-supereffective|p2a: Kingambit|1
|-resisted|p2b: Dragalge|1
|-damage|p2a: Kingambit|0 fnt
|-damage|p2b: Dragalge|62/100
|faint|p2a: Kingambit
|
|-weather|SunnyDay|[upkeep]
|upkeep
|
|t:|1783382594
|switch|p1b: Pyroar|Pyroar, L50, F|100/100
|switch|p2a: Blaziken|Blaziken, L50, F|100/100
|-ability|p1b: Pyroar|Unnerve
|turn|4
|
|t:|1783382600
|detailschange|p1b: Pyroar|Pyroar-Mega, L50, F
|-mega|p1b: Pyroar|Pyroar|Pyroarite
|move|p1a: Torkoal|Helping Hand|p1b: Pyroar
|-singleturn|p1b: Pyroar|Helping Hand|[of] p1a: Torkoal
|move|p2a: Blaziken|Detect|p2a: Blaziken
|-singleturn|p2a: Blaziken|Protect
|move|p2b: Dragalge|Protect|p2b: Dragalge
|-singleturn|p2b: Dragalge|Protect
|move|p1b: Pyroar|Overheat|p2b: Dragalge
|-activate|p2b: Dragalge|move: Protect
|
|-weather|SunnyDay|[upkeep]
|-ability|p2a: Blaziken|Speed Boost|boost
|-boost|p2a: Blaziken|spe|1
|upkeep
|turn|5
|
|t:|1783382623
|switch|p1b: Blastoise|Blastoise, L50, M|27/100 par
|move|p2a: Blaziken|Close Combat|p1b: Blastoise
|-damage|p1b: Blastoise|0 fnt
|-unboost|p2a: Blaziken|def|1
|-unboost|p2a: Blaziken|spd|1
|faint|p1b: Blastoise
|-damage|p2a: Blaziken|90/100|[from] item: Life Orb
|move|p2b: Dragalge|Sludge Bomb|p1a: Torkoal
|-damage|p1a: Torkoal|45/100
|move|p1a: Torkoal|Weather Ball|p2a: Blaziken
|-resisted|p2a: Blaziken|1
|-damage|p2a: Blaziken|0 fnt
|faint|p2a: Blaziken
|
|-weather|SunnyDay|[upkeep]
|upkeep
|
|t:|1783382628
|switch|p1b: Pyroar|Pyroar-Mega, L50, F|100/100
|turn|6
|
|t:|1783382632
|move|p1a: Torkoal|Helping Hand|p1b: Pyroar
|-singleturn|p1b: Pyroar|Helping Hand|[of] p1a: Torkoal
|move|p2b: Dragalge|Protect|p2b: Dragalge
|-singleturn|p2b: Dragalge|Protect
|move|p1b: Pyroar|Overheat|p2b: Dragalge
|-activate|p2b: Dragalge|move: Protect
|
|-weather|none
|upkeep
|turn|7
|
|t:|1783382638
|move|p1a: Torkoal|Helping Hand|p1b: Pyroar
|-singleturn|p1b: Pyroar|Helping Hand|[of] p1a: Torkoal
|move|p1b: Pyroar|Heat Wave|p2b: Dragalge
|-resisted|p2b: Dragalge|1
|-damage|p2b: Dragalge|32/100
|move|p2b: Dragalge|Sludge Bomb|p1b: Pyroar
|-damage|p1b: Pyroar|51/100
|-status|p1b: Pyroar|psn
|
|-damage|p1b: Pyroar|39/100 psn|[from] psn
|upkeep
|turn|8
|
|t:|1783382646
|move|p1a: Torkoal|Helping Hand|p1b: Pyroar
|-singleturn|p1b: Pyroar|Helping Hand|[of] p1a: Torkoal
|move|p2b: Dragalge|Protect|p2b: Dragalge
|-singleturn|p2b: Dragalge|Protect
|move|p1b: Pyroar|Overheat|p2b: Dragalge
|-activate|p2b: Dragalge|move: Protect
|
|-damage|p1b: Pyroar|26/100 psn|[from] psn
|upkeep
|turn|9
|
|t:|1783382651
|move|p1a: Torkoal|Helping Hand|p1b: Pyroar
|-singleturn|p1b: Pyroar|Helping Hand|[of] p1a: Torkoal
|move|p1b: Pyroar|Overheat|p2b: Dragalge
|-resisted|p2b: Dragalge|1
|-damage|p2b: Dragalge|0 fnt
|-unboost|p1b: Pyroar|spa|2
|faint|p2b: Dragalge
|
|win|Starcott Yuri
|raw|Starcott Yuri's rating: 1199 → 1235(+36 for winning)
|raw|xDanyul's rating: 1360 → 1331(-29 for losing)
|l|☆xDanyul
|player|p2|
