|j|☆goat pincurchin
|j|☆is_katabo
|html|goat pincurchinis_katabo    
|uhtml|bestof|Game 2 of a best-of-3
|t:|1785617913
|gametype|doubles
|player|p1|goat pincurchin|102|1466
|player|p2|is_katabo|youngster-gen4dp|1303
|gen|9
|tier|[Gen 9 Champions] VGC 2026 Reg M-B (Bo3)
|rated|
|rule|Species Clause: Limit one of each Pokémon
|rule|Item Clause: Limit 1 of each item
|clearpoke
|poke|p1|Froslass, L50, F|
|poke|p1|Basculegion, L50, M|
|poke|p1|Kingambit, L50, F|
|poke|p1|Sneasler, L50, F|
|poke|p1|Lycanroc-Dusk, L50, F|
|poke|p1|Scovillain, L50, F|
|poke|p2|Skeledirge, L50, M|
|poke|p2|Grimmsnarl, L50, M|
|poke|p2|Venusaur, L50, F|
|poke|p2|Gyarados, L50, M|
|poke|p2|Maushold, L50|
|poke|p2|Dragonite, L50, F|
|teampreview|4
|showteam|p1|Froslass||Froslassite|SnowCloak|Blizzard,ShadowBall,AuroraVeil,Protect|Modest||F|||50|]Basculegion||SitrusBerry|Adaptability|WaveCrash,LastRespects,AquaJet,Protect|Adamant||M|||50|]Kingambit||BlackGlasses|Defiant|KowtowCleave,SuckerPunch,SwordsDance,Protect|Adamant||F|||50|]Sneasler||LifeOrb|PoisonTouch|CloseCombat,DireClaw,Protect,FakeOut|Jolly||F|||50|]Lycanroc-Dusk||FocusSash|ToughClaws|CloseCombat,Accelerock,RockSlide,Protect|Adamant||F|||50|]Scovillain||Scovillainite|Chlorophyll|GigaDrain,Overheat,RagePowder,Protect|Bold||F|||50|
|showteam|p2|Skeledirge||PasshoBerry|Unaware|TorchSong,ShadowBall,WillOWisp,Protect|Bold||M|||50|]Grimmsnarl||LightClay|Prankster|SpiritBreak,Reflect,LightScreen,PartingShot|Careful||M|||50|]Venusaur||Venusaurite|Overgrow|GigaDrain,SludgeBomb,EarthPower,Protect|Calm||F|||50|]Gyarados||Gyaradosite|Intimidate|Waterfall,LashOut,DragonDance,Protect|Jolly||M|||50|]Maushold||FocusSash|FriendGuard|SuperFang,FollowMe,Encore,Protect|Timid|||||50|]Dragonite||LifeOrb|InnerFocus|DragonClaw,ExtremeSpeed,LowKick,Protect|Adamant||F|||50|
|
|t:|1785617934
|teamsize|p1|4
|teamsize|p2|4
|start
|switch|p1a: Scovillain|Scovillain, L50, F|100/100
|switch|p1b: Sneasler|Sneasler, L50, F|100/100
|switch|p2a: Skeledirge|Skeledirge, L50, M|100/100
|switch|p2b: Grimmsnarl|Grimmsnarl, L50, M|100/100
|turn|1
|
|t:|1785617954
|detailschange|p1a: Scovillain|Scovillain-Mega, L50, F
|-mega|p1a: Scovillain|Scovillain|Scovillainite
|move|p2b: Grimmsnarl|Light Screen|p2b: Grimmsnarl
|-sidestart|p2: is_katabo|move: Light Screen
|move|p1b: Sneasler|Dire Claw|p2b: Grimmsnarl
|-supereffective|p2b: Grimmsnarl|1
|-damage|p2b: Grimmsnarl|0 fnt
|faint|p2b: Grimmsnarl
|-damage|p1b: Sneasler|90/100|[from] item: Life Orb
|move|p2a: Skeledirge|Torch Song|p1a: Scovillain
|-damage|p1a: Scovillain|70/100
|-boost|p2a: Skeledirge|spa|1
|-immune|p2a: Skeledirge
|move|p1a: Scovillain|Overheat|p2a: Skeledirge
|-resisted|p2a: Skeledirge|1
|-damage|p2a: Skeledirge|78/100
|-unboost|p1a: Scovillain|spa|2
|
|upkeep
|
|t:|1785617968
|switch|p2b: Maushold|Maushold, L50|100/100
|turn|2
|
|t:|1785617987
|move|p2b: Maushold|Protect|p2b: Maushold
|-singleturn|p2b: Maushold|Protect
|move|p1b: Sneasler|Dire Claw|p2b: Maushold
|-activate|p2b: Maushold|move: Protect
|move|p2a: Skeledirge|Torch Song|p1b: Sneasler
|-damage|p1b: Sneasler|21/100
|-boost|p2a: Skeledirge|spa|1
|move|p1a: Scovillain|Overheat|p2b: Maushold
|-activate|p2b: Maushold|move: Protect
|
|upkeep
|turn|3
|
|t:|1785618008
|switch|p2b: Gyarados|Gyarados, L50, M|100/100
|-ability|p2b: Gyarados|Intimidate|boost
|-unboost|p1a: Scovillain|atk|1
|-unboost|p1b: Sneasler|atk|1
|move|p1a: Scovillain|Rage Powder|p1a: Scovillain
|-singleturn|p1a: Scovillain|move: Rage Powder
|move|p1b: Sneasler|Dire Claw|p2b: Gyarados
|-damage|p2b: Gyarados|56/100
|-status|p2b: Gyarados|par
|-damage|p1b: Sneasler|12/100|[from] item: Life Orb
|move|p2a: Skeledirge|Torch Song|p1a: Scovillain
|-damage|p1a: Scovillain|11/100
|-boost|p2a: Skeledirge|spa|1
|-immune|p2a: Skeledirge
|
|upkeep
|turn|4
|
|t:|1785618026
|move|p1a: Scovillain|Rage Powder|p1a: Scovillain
|-singleturn|p1a: Scovillain|move: Rage Powder
|move|p1b: Sneasler|Dire Claw|p2b: Gyarados
|-damage|p2b: Gyarados|11/100 par
|-fail|p2b: Gyarados
|-damage|p1b: Sneasler|2/100|[from] item: Life Orb
|move|p2a: Skeledirge|Torch Song|p1a: Scovillain
|-damage|p1a: Scovillain|0 fnt
|-boost|p2a: Skeledirge|spa|1
|-immune|p2a: Skeledirge
|faint|p1a: Scovillain
|cant|p2b: Gyarados|par
|
|upkeep
|
|t:|1785618039
|switch|p1a: Basculegion|Basculegion, L50, M|100/100
|turn|5
|
|t:|1785618046
|move|p2a: Skeledirge|Protect|p2a: Skeledirge
|-singleturn|p2a: Skeledirge|Protect
|move|p1b: Sneasler|Close Combat|p2b: Gyarados
|-resisted|p2b: Gyarados|1
|-damage|p2b: Gyarados|0 fnt
|-unboost|p1b: Sneasler|def|1
|-unboost|p1b: Sneasler|spd|1
|faint|p2b: Gyarados
|-damage|p1b: Sneasler|0 fnt|[from] item: Life Orb
|faint|p1b: Sneasler
|move|p1a: Basculegion|Last Respects|p2a: Skeledirge
|-activate|p2a: Skeledirge|move: Protect
|
|upkeep
|
|t:|1785618050
|switch|p1b: Kingambit|Kingambit, L50, F|100/100
|switch|p2b: Maushold|Maushold, L50|100/100
|turn|6
|
|t:|1785618058
|move|p1b: Kingambit|Protect|p1b: Kingambit
|-singleturn|p1b: Kingambit|Protect
|move|p2b: Maushold|Follow Me|p2b: Maushold
|-singleturn|p2b: Maushold|move: Follow Me
|move|p1a: Basculegion|Wave Crash|p2b: Maushold
|-enditem|p2b: Maushold|Focus Sash
|-damage|p2b: Maushold|1/100
|-damage|p1a: Basculegion|70/100|[from] Recoil
|move|p2a: Skeledirge|Shadow Ball|p1a: Basculegion
|-supereffective|p1a: Basculegion|1
|-damage|p1a: Basculegion|0 fnt
|faint|p1a: Basculegion
|
|upkeep
|turn|7
|
|t:|1785618072
|move|p2b: Maushold|Encore|p1b: Kingambit
|-start|p1b: Kingambit|Encore
|move|p1b: Kingambit|Protect|p1b: Kingambit
|-singleturn|p1b: Kingambit|Protect
|move|p2a: Skeledirge|Will-O-Wisp|p1b: Kingambit
|-activate|p1b: Kingambit|move: Protect
|
|upkeep
|turn|8
|
|t:|1785618077
|move|p1b: Kingambit|Protect||[still]
|-fail|p1b: Kingambit
|move|p2b: Maushold|Super Fang|p1b: Kingambit
|-damage|p1b: Kingambit|50/100g
|move|p2a: Skeledirge|Torch Song|p1b: Kingambit
|-supereffective|p1b: Kingambit|1
|-damage|p1b: Kingambit|0 fnt
|-boost|p2a: Skeledirge|spa|1
|faint|p1b: Kingambit
|
|win|is_katabo
|raw|goat pincurchin's rating: 1466 → 1437(-29 for losing)
|raw|is_katabo's rating: 1303 → 1332(+29 for winning)
|c|☆is_katabo|dirge GOAT
|l|☆goat pincurchin
|player|p1|
