|j|☆KKirby
|j|☆mysteriousmothman
|html|KKirbymysteriousmothman    
|uhtml|bestof|Game 3 of a best-of-3
|t:|1754363067
|gametype|doubles
|player|p1|KKirby|101|1149
|player|p2|mysteriousmothman|skier|1191
|gen|9
|tier|[Gen 9] VGC 2025 Reg H (Bo3)
|rated|
|rule|Species Clause: Limit one of each Pokémon
|rule|Item Clause: Limit 1 of each item
|clearpoke
|poke|p1|Pelipper, L50, F|
|poke|p1|Archaludon, L50, F|
|poke|p1|Basculegion, L50, M|
|poke|p1|Sneasler, L50, M|
|poke|p1|Gholdengo, L50|
|poke|p1|Incineroar, L50, F|
|poke|p2|Porygon2, L50|
|poke|p2|Hydreigon, L50, M|
|poke|p2|Incineroar, L50, F|
|poke|p2|Garchomp, L50, F|
|poke|p2|Amoonguss, L50, F|
|poke|p2|Gholdengo, L50|
|teampreview|4
|showteam|p1|Pelipper||FocusSash|Drizzle|WeatherBall,Tailwind,Hurricane,Protect|||F|||50|,,,,,Stellar]Archaludon||LifeOrb|Stalwart|ElectroShot,DracoMeteor,FlashCannon,Protect|||F|||50|,,,,,Electric]Basculegion||ChoiceScarf|Adaptability|WaveCrash,FlipTurn,LastRespects,AquaJet|||M|||50|,,,,,Grass]Sneasler||NormalGem|Unburden|CloseCombat,DireClaw,Uturn,FakeOut|||M|||50|,,,,,Dark]Gholdengo||ColburBerry|GoodasGold|MakeItRain,ShadowBall,NastyPlot,Protect||||||50|,,,,,Water]Incineroar||SafetyGoggles|Intimidate|FakeOut,KnockOff,FlareBlitz,PartingShot|||F|||50|,,,,,Bug
|showteam|p2|Porygon2||Eviolite|Download|TeraBlast,IceBeam,TrickRoom,Recover||||||50|,,,,,Fighting]Hydreigon||SafetyGoggles|Levitate|Snarl,DracoMeteor,Tailwind,Protect|||M|||50|,,,,,Ghost]Incineroar||SitrusBerry|Intimidate|FlareBlitz,KnockOff,PartingShot,FakeOut|||F|||50|,,,,,Grass]Garchomp||LoadedDice|RoughSkin|ScaleShot,Earthquake,StompingTantrum,Protect|||F|||50|,,,,,Fire]Amoonguss||CovertCloak|Regenerator|PollenPuff,Spore,RagePowder,Protect|||F|||50|,,,,,Fire]Gholdengo||MetalCoat|GoodasGold|MakeItRain,ShadowBall,NastyPlot,Protect||||||50|,,,,,Flying
|inactive|Battle timer is ON: inactive players will automatically lose when time's up. (requested by mysteriousmothman)
|inactive|KKirby has 60 seconds left.
|inactive|KKirby has 30 seconds left.
|inactive|KKirby has 20 seconds left.
|inactive|KKirby has 15 seconds left.
|inactive|KKirby has 10 seconds left.
|
|t:|1754363155
|teamsize|p1|4
|teamsize|p2|4
|start
|switch|p1a: Incineroar|Incineroar, L50, F|100/100
|switch|p1b: Archaludon|Archaludon, L50, F|100/100
|switch|p2a: Hydreigon|Hydreigon, L50, M, shiny|100/100
|switch|p2b: Incineroar|Incineroar, L50, F, shiny|100/100
|-ability|p2b: Incineroar|Intimidate|boost
|-unboost|p1a: Incineroar|atk|1
|-unboost|p1b: Archaludon|atk|1
|-ability|p1a: Incineroar|Intimidate|boost
|-unboost|p2a: Hydreigon|atk|1
|-unboost|p2b: Incineroar|atk|1
|turn|1
|
|t:|1754363175
|move|p2a: Hydreigon|Protect|p2a: Hydreigon
|-singleturn|p2a: Hydreigon|Protect
|move|p1b: Archaludon|Protect|p1b: Archaludon
|-singleturn|p1b: Archaludon|Protect
|move|p1a: Incineroar|Parting Shot|p2b: Incineroar
|-unboost|p2b: Incineroar|atk|1
|-unboost|p2b: Incineroar|spa|1
|inactive|KKirby has 30 seconds left.
|c|☆KKirby|would not have guessed speed tying incin
|
|t:|1754363205
|switch|p1a: Basculegion|Basculegion, L50, M|100/100|[from] Parting Shot
|move|p2b: Incineroar|Parting Shot|p1a: Basculegion
|-unboost|p1a: Basculegion|atk|1
|-unboost|p1a: Basculegion|spa|1
|inactive|mysteriousmothman has 30 seconds left.
|
|t:|1754363234
|switch|p2b: Gholdengo|Gholdengo, L50, shiny|100/100|[from] Parting Shot
|
|upkeep
|turn|2
|c|☆mysteriousmothman|fr i thought i had the fast incin
|inactive|KKirby has 30 seconds left.
|inactive|mysteriousmothman has 30 seconds left.
|
|t:|1754363263
|move|p2b: Gholdengo|Protect|p2b: Gholdengo
|-singleturn|p2b: Gholdengo|Protect
|move|p1a: Basculegion|Flip Turn|p2a: Hydreigon
|-resisted|p2a: Hydreigon
|-damage|p2a: Hydreigon|86/100
|
|t:|1754363268
|switch|p1a: Incineroar|Incineroar, L50, F|100/100|[from] Flip Turn
|-ability|p1a: Incineroar|Intimidate|boost
|-unboost|p2a: Hydreigon|atk|1
|-unboost|p2b: Gholdengo|atk|1
|move|p2a: Hydreigon|Tailwind|p2a: Hydreigon
|-sidestart|p2: mysteriousmothman|move: Tailwind
|move|p1b: Archaludon|Draco Meteor|p2a: Hydreigon
|-supereffective|p2a: Hydreigon
|-damage|p2a: Hydreigon|0 fnt
|-unboost|p1b: Archaludon|spa|2
|faint|p2a: Hydreigon
|-damage|p1b: Archaludon|91/100|[from] item: Life Orb
|
|upkeep
|inactive|mysteriousmothman has 30 seconds left.
|
|t:|1754363295
|switch|p2a: Incineroar|Incineroar, L50, F, shiny|100/100
|-ability|p2a: Incineroar|Intimidate|boost
|-unboost|p1a: Incineroar|atk|1
|-unboost|p1b: Archaludon|atk|1
|turn|3
|c|☆KKirby|i think ur incin is faster now
|c|☆mysteriousmothman|maybe just a bit haha
|inactive|KKirby has 30 seconds left.
|inactive|KKirby has 20 seconds left.
|inactive|KKirby has 15 seconds left.
|inactive|KKirby has 10 seconds left.
|inactive|KKirby has 5 seconds left.
|
|t:|1754363347
|switch|p1b: Pelipper|Pelipper, L50, F|100/100
|-weather|RainDance|[from] ability: Drizzle|[of] p1b: Pelipper
|-terastallize|p2b: Gholdengo|Flying
|move|p2a: Incineroar|Parting Shot|p1b: Pelipper
|-unboost|p1b: Pelipper|atk|1
|-unboost|p1b: Pelipper|spa|1
|
|t:|1754363355
|switch|p2a: Garchomp|Garchomp, L50, F, shiny|100/100|[from] Parting Shot
|move|p2b: Gholdengo|Nasty Plot|p2b: Gholdengo
|-boost|p2b: Gholdengo|spa|2
|move|p1a: Incineroar|Parting Shot|p2a: Garchomp
|-unboost|p2a: Garchomp|atk|1
|-unboost|p2a: Garchomp|spa|1
|inactive|KKirby has 30 seconds left.
|
|t:|1754363381
|switch|p1a: Archaludon|Archaludon, L50, F|91/100|[from] Parting Shot
|
|-weather|RainDance|[upkeep]
|upkeep
|turn|4
|
|t:|1754363394
|move|p2a: Garchomp|Earthquake|p1a: Archaludon|[spread] p1a
|-immune|p2b: Gholdengo
|-immune|p1b: Pelipper
|-supereffective|p1a: Archaludon
|-damage|p1a: Archaludon|39/100
|move|p2b: Gholdengo|Shadow Ball|p1a: Archaludon
|-damage|p1a: Archaludon|0 fnt
|faint|p1a: Archaludon
|move|p1b: Pelipper|Tailwind|p1b: Pelipper
|-sidestart|p1: KKirby|move: Tailwind
|
|-weather|RainDance|[upkeep]
|upkeep
|inactive|KKirby has 30 seconds left.
|
|t:|1754363424
|switch|p1a: Basculegion|Basculegion, L50, M|100/100
|turn|5
|inactive|mysteriousmothman has 30 seconds left.
|
|t:|1754363458
|switch|p2a: Incineroar|Incineroar, L50, F, shiny|100/100
|-ability|p2a: Incineroar|Intimidate|boost
|-unboost|p1a: Basculegion|atk|1
|-unboost|p1b: Pelipper|atk|1
|move|p1a: Basculegion|Wave Crash|p2b: Gholdengo
|-damage|p2b: Gholdengo|19/100
|-damage|p1a: Basculegion|74/100|[from] Recoil
|move|p1b: Pelipper|Weather Ball|p2a: Incineroar
|-supereffective|p2a: Incineroar
|-damage|p2a: Incineroar|6/100
|-enditem|p2a: Incineroar|Sitrus Berry|[eat]
|-heal|p2a: Incineroar|31/100|[from] item: Sitrus Berry
|move|p2b: Gholdengo|Shadow Ball|p1a: Basculegion
|-supereffective|p1a: Basculegion
|-damage|p1a: Basculegion|0 fnt
|faint|p1a: Basculegion
|
|-weather|RainDance|[upkeep]
|-sideend|p2: mysteriousmothman|move: Tailwind
|upkeep
|
|t:|1754363473
|switch|p1a: Incineroar|Incineroar, L50, F|100/100
|-ability|p1a: Incineroar|Intimidate|boost
|-unboost|p2a: Incineroar|atk|1
|-unboost|p2b: Gholdengo|atk|1
|turn|6
|inactive|mysteriousmothman has 30 seconds left.
|inactive|mysteriousmothman has 20 seconds left.
|
|t:|1754363511
|switch|p2b: Garchomp|Garchomp, L50, F, shiny|100/100
|move|p2a: Incineroar|Fake Out|p1b: Pelipper
|-damage|p1b: Pelipper|90/100
|cant|p1b: Pelipper|flinch
|move|p1a: Incineroar|Knock Off|p2b: Garchomp
|-crit|p2b: Garchomp
|-damage|p2b: Garchomp|43/100
|-damage|p1a: Incineroar|88/100|[from] ability: Rough Skin|[of] p2b: Garchomp
|-enditem|p2b: Garchomp|Loaded Dice|[from] move: Knock Off|[of] p1a: Incineroar
|
|-weather|RainDance|[upkeep]
|upkeep
|turn|7
|inactive|KKirby has 30 seconds left.
|inactive|KKirby has 20 seconds left.
|
|t:|1754363550
|move|p2b: Garchomp|Protect|p2b: Garchomp
|-singleturn|p2b: Garchomp|Protect
|move|p1b: Pelipper|Weather Ball|p2b: Garchomp
|-activate|p2b: Garchomp|move: Protect
|move|p1a: Incineroar|Knock Off|p2b: Garchomp
|-activate|p2b: Garchomp|move: Protect
|move|p2a: Incineroar|Parting Shot|p1a: Incineroar
|-unboost|p1a: Incineroar|atk|1
|-unboost|p1a: Incineroar|spa|1
|
|t:|1754363560
|switch|p2a: Gholdengo|Gholdengo, L50, shiny, tera:Flying|19/100|[from] Parting Shot
|
|-weather|none
|-sideend|p1: KKirby|move: Tailwind
|upkeep
|turn|8
|
|t:|1754363574
|-terastallize|p1a: Incineroar|Bug
|move|p2b: Garchomp|Earthquake|p1b: Pelipper|[spread] p1a
|-immune|p2a: Gholdengo
|-immune|p1b: Pelipper
|-resisted|p1a: Incineroar
|-damage|p1a: Incineroar|66/100
|move|p1b: Pelipper|Tailwind|p1b: Pelipper
|-sidestart|p1: KKirby|move: Tailwind
|move|p1a: Incineroar|Knock Off|p2a: Gholdengo
|-damage|p2a: Gholdengo|0 fnt
|-enditem|p2a: Gholdengo|Metal Coat|[from] move: Knock Off|[of] p1a: Incineroar
|faint|p2a: Gholdengo
|
|upkeep
|
|t:|1754363586
|switch|p2a: Incineroar|Incineroar, L50, F, shiny|31/100
|-ability|p2a: Incineroar|Intimidate|boost
|-unboost|p1a: Incineroar|atk|1
|-unboost|p1b: Pelipper|atk|1
|turn|9
|
|t:|1754363607
|move|p2a: Incineroar|Fake Out|p1b: Pelipper
|-damage|p1b: Pelipper|73/100
|cant|p1b: Pelipper|flinch
|move|p1a: Incineroar|Knock Off|p2b: Garchomp
|-damage|p2b: Garchomp|29/100
|-damage|p1a: Incineroar|54/100|[from] ability: Rough Skin|[of] p2b: Garchomp
|move|p2b: Garchomp|Scale Shot|p1a: Incineroar
|-damage|p1a: Incineroar|39/100
|-crit|p1a: Incineroar
|-damage|p1a: Incineroar|19/100
|-damage|p1a: Incineroar|6/100
|-hitcount|p1a: Incineroar|3
|-unboost|p2b: Garchomp|def|1
|-boost|p2b: Garchomp|spe|1
|
|upkeep
|turn|10
|inactive|mysteriousmothman has 30 seconds left.
|inactive|KKirby has 30 seconds left.
|inactive|mysteriousmothman has 20 seconds left.
|inactive|mysteriousmothman has 15 seconds left.
|
|t:|1754363649
|move|p1b: Pelipper|Hurricane|p2b: Garchomp
|-damage|p2b: Garchomp|0 fnt
|faint|p2b: Garchomp
|move|p1a: Incineroar|Knock Off|p2a: Incineroar
|-resisted|p2a: Incineroar
|-damage|p2a: Incineroar|25/100
|move|p2a: Incineroar|Flare Blitz|p1a: Incineroar
|-supereffective|p1a: Incineroar
|-damage|p1a: Incineroar|0 fnt
|faint|p1a: Incineroar
|-damage|p2a: Incineroar|23/100|[from] Recoil
|
|upkeep
|turn|11
|
|t:|1754363669
|move|p1b: Pelipper|Hurricane|p2a: Incineroar
|-damage|p2a: Incineroar|0 fnt
|faint|p2a: Incineroar
|
|win|KKirby
|raw|KKirby's rating: 1149 → 1177(+28 for winning)
|raw|mysteriousmothman's rating: 1191 → 1163(-28 for losing)
|c|☆KKirby|ggwp
|c|☆mysteriousmothman|ggs
|c|☆mysteriousmothman|u too
|l|☆KKirby
|player|p1|
