|j|☆RipsenVGC
|j|☆cholo haramball
|html|RipsenVGCcholo haramball    
|uhtml|bestof|Game 2 of a best-of-3
|t:|1783584536
|gametype|doubles
|player|p1|RipsenVGC|hilbert|1233
|player|p2|cholo haramball|adaman|1163
|gen|9
|tier|[Gen 9 Champions] VGC 2026 Reg M-B (Bo3)
|rated|
|rule|Species Clause: Limit one of each Pokémon
|rule|Item Clause: Limit 1 of each item
|clearpoke
|poke|p1|Gardevoir, L50, F, shiny|
|poke|p1|Raichu, L50, M|
|poke|p1|Sinistcha, L50|
|poke|p1|Ceruledge, L50, M|
|poke|p1|Milotic, L50, F, shiny|
|poke|p1|Incineroar, L50, F|
|poke|p2|Raichu, L50, M|
|poke|p2|Grimmsnarl, L50, M|
|poke|p2|Archaludon, L50, F|
|poke|p2|Pelipper, L50, M|
|poke|p2|Venusaur, L50, F|
|poke|p2|Aerodactyl, L50, F|
|teampreview|4
|showteam|p1|Gardevoir||Gardevoirite|Trace|HyperVoice,Psyshock,CalmMind,Protect|Timid||F|||50|]Raichu||RaichuniteY|LightningRod|ZapCannon,FocusBlast,FakeOut,Protect|Timid||M|||50|]Sinistcha||KasibBerry|Hospitality|MatchaGotcha,RagePowder,TrickRoom,LifeDew|Relaxed|||||50|]Ceruledge||ColburBerry|FlashFire|BitterBlade,ShadowSneak,BulkUp,Protect|Adamant||M|||50|]Milotic||Leftovers|Competitive|MuddyWater,Coil,Hypnosis,Recover|Calm||F|||50|]Incineroar||SitrusBerry|Intimidate|FlareBlitz,ThroatChop,FakeOut,PartingShot|Impish||F|||50|
|showteam|p2|Raichu||RaichuniteY|LightningRod|ZapCannon,FocusBlast,FakeOut,Protect|Timid||M|||50|]Grimmsnarl||LightClay|Prankster|SpiritBreak,PartingShot,LightScreen,Reflect|Careful||M|||50|]Archaludon||Leftovers|Stamina|DragonPulse,FlashCannon,ElectroShot,Protect|Modest||F|||50|]Pelipper||SitrusBerry|Drizzle|Hurricane,WeatherBall,WideGuard,Protect|Modest||M|||50|]Venusaur||Venusaurite|Chlorophyll|GigaDrain,SludgeBomb,EarthPower,Protect|Modest||F|||50|]Aerodactyl||FocusSash|Unnerve|RockSlide,DualWingbeat,Protect,Tailwind|Jolly||F|||50|
|inactive|Battle timer is ON: inactive players will automatically lose when time's up. (requested by cholo haramball)
|inactive|RipsenVGC has 60 seconds left.
|
|t:|1783584585
|teamsize|p1|4
|teamsize|p2|4
|start
|switch|p1a: Milotic|Milotic, L50, F, shiny|100/100
|switch|p1b: Raichu|Raichu, L50, M|100/100
|switch|p2a: Venusaur|Venusaur, L50, F|100/100
|switch|p2b: Grimmsnarl|Grimmsnarl, L50, M|100/100
|turn|1
|
|t:|1783584597
|detailschange|p2a: Venusaur|Venusaur-Mega, L50, F
|-mega|p2a: Venusaur|Venusaur|Venusaurite
|move|p1b: Raichu|Fake Out|p2a: Venusaur
|-damage|p2a: Venusaur|93/100
|move|p2b: Grimmsnarl|Light Screen|p2b: Grimmsnarl
|-sidestart|p2: cholo haramball|move: Light Screen
|move|p1a: Milotic|Coil|p1a: Milotic
|-boost|p1a: Milotic|atk|1
|-boost|p1a: Milotic|def|1
|-boost|p1a: Milotic|accuracy|1
|cant|p2a: Venusaur|flinch
|
|upkeep
|turn|2
|
|t:|1783584623
|detailschange|p1b: Raichu|Raichu-Mega-Y, L50, M
|-mega|p1b: Raichu|Raichu|Raichunite Y
|move|p1b: Raichu|Zap Cannon|p2b: Grimmsnarl
|-damage|p2b: Grimmsnarl|64/100
|-status|p2b: Grimmsnarl|par
|move|p1a: Milotic|Hypnosis|p2a: Venusaur
|-status|p2a: Venusaur|slp|[from] move: Hypnosis
|cant|p2a: Venusaur|slp
|move|p2b: Grimmsnarl|Spirit Break|p1b: Raichu
|-damage|p1b: Raichu|59/100
|-unboost|p1b: Raichu|spa|1
|
|upkeep
|turn|3
|
|t:|1783584639
|switch|p1b: Ceruledge|Ceruledge, L50, M|100/100
|move|p1a: Milotic|Coil|p1a: Milotic
|-boost|p1a: Milotic|atk|1
|-boost|p1a: Milotic|def|1
|-boost|p1a: Milotic|accuracy|1
|cant|p2a: Venusaur|slp
|move|p2b: Grimmsnarl|Spirit Break|p1b: Ceruledge
|-resisted|p1b: Ceruledge|1
|-damage|p1b: Ceruledge|84/100
|-unboost|p1b: Ceruledge|spa|1
|
|upkeep
|turn|4
|inactive|RipsenVGC has 30 seconds left.
|
|t:|1783584667
|move|p1b: Ceruledge|Protect|p1b: Ceruledge
|-singleturn|p1b: Ceruledge|Protect
|move|p2b: Grimmsnarl|Reflect|p2b: Grimmsnarl
|-sidestart|p2: cholo haramball|Reflect
|move|p1a: Milotic|Muddy Water|p2a: Venusaur|[spread] p2a,p2b
|-resisted|p2a: Venusaur|1
|-damage|p2a: Venusaur|86/100 slp
|-damage|p2b: Grimmsnarl|50/100g par
|-curestatus|p2a: Venusaur|slp|[msg]
|move|p2a: Venusaur|Giga Drain|p1a: Milotic
|-supereffective|p1a: Milotic|1
|-crit|p1a: Milotic
|-damage|p1a: Milotic|16/100
|-heal|p2a: Venusaur|100/100|[from] drain|[of] p1a: Milotic
|
|-heal|p1a: Milotic|22/100|[from] item: Leftovers
|upkeep
|turn|5
|
|t:|1783584688
|move|p2a: Venusaur|Protect|p2a: Venusaur
|-singleturn|p2a: Venusaur|Protect
|move|p2b: Grimmsnarl|Parting Shot|p1b: Ceruledge
|-unboost|p1b: Ceruledge|atk|1
|-unboost|p1b: Ceruledge|spa|1
|
|t:|1783584692
|switch|p2b: Pelipper|Pelipper, L50, M|100/100|[from] Parting Shot
|-weather|RainDance|[from] ability: Drizzle|[of] p2b: Pelipper
|move|p1b: Ceruledge|Bitter Blade|p2a: Venusaur
|-activate|p2a: Venusaur|move: Protect
|move|p1a: Milotic|Recover|p1a: Milotic
|-heal|p1a: Milotic|72/100
|
|-weather|RainDance|[upkeep]
|-heal|p1a: Milotic|78/100|[from] item: Leftovers
|upkeep
|turn|6
|
|t:|1783584713
|switch|p1b: Raichu|Raichu-Mega-Y, L50, M|59/100
|move|p1a: Milotic|Hypnosis|p2b: Pelipper
|-status|p2b: Pelipper|slp|[from] move: Hypnosis
|move|p2a: Venusaur|Giga Drain|p1a: Milotic
|-supereffective|p1a: Milotic|1
|-damage|p1a: Milotic|28/100
|cant|p2b: Pelipper|slp
|
|-weather|RainDance|[upkeep]
|-heal|p1a: Milotic|34/100|[from] item: Leftovers
|upkeep
|turn|7
|
|t:|1783584728
|switch|p2b: Grimmsnarl|Grimmsnarl, L50, M|50/100g par
|move|p1b: Raichu|Zap Cannon|p2b: Grimmsnarl
|-damage|p2b: Grimmsnarl|9/100 par
|move|p1a: Milotic|Hypnosis|p2a: Venusaur
|-status|p2a: Venusaur|slp|[from] move: Hypnosis
|cant|p2a: Venusaur|slp
|
|-weather|RainDance|[upkeep]
|-heal|p1a: Milotic|40/100|[from] item: Leftovers
|upkeep
|turn|8
|
|t:|1783584744
|move|p2b: Grimmsnarl|Parting Shot|p1b: Raichu
|-unboost|p1b: Raichu|atk|1
|-unboost|p1b: Raichu|spa|1
|
|t:|1783584746
|switch|p2b: Archaludon|Archaludon, L50, F|100/100|[from] Parting Shot
|move|p1b: Raichu|Focus Blast|p2a: Venusaur
|-resisted|p2a: Venusaur|1
|-damage|p2a: Venusaur|93/100 slp
|move|p1a: Milotic|Muddy Water|p2b: Archaludon|[spread] p2a,p2b
|-resisted|p2a: Venusaur|1
|-resisted|p2b: Archaludon|1
|-damage|p2a: Venusaur|83/100 slp
|-damage|p2b: Archaludon|88/100
|-ability|p2b: Archaludon|Stamina|boost
|-boost|p2b: Archaludon|def|1
|cant|p2a: Venusaur|slp
|
|-weather|RainDance|[upkeep]
|-heal|p2b: Archaludon|94/100|[from] item: Leftovers
|-heal|p1a: Milotic|46/100|[from] item: Leftovers
|-sideend|p2: cholo haramball|move: Light Screen
|upkeep
|turn|9
|inactive|RipsenVGC has 30 seconds left.
|
|t:|1783584773
|move|p2b: Archaludon|Protect|p2b: Archaludon
|-singleturn|p2b: Archaludon|Protect
|move|p1b: Raichu|Focus Blast|p2b: Archaludon
|-activate|p2b: Archaludon|move: Protect
|move|p1a: Milotic|Hypnosis|p2b: Archaludon
|-activate|p2b: Archaludon|move: Protect
|-curestatus|p2a: Venusaur|slp|[msg]
|move|p2a: Venusaur|Giga Drain|p1a: Milotic
|-supereffective|p1a: Milotic|1
|-damage|p1a: Milotic|0 fnt
|-heal|p2a: Venusaur|100/100|[from] drain|[of] p1a: Milotic
|faint|p1a: Milotic
|
|-weather|none
|-heal|p2b: Archaludon|100/100|[from] item: Leftovers
|upkeep
|
|t:|1783584787
|switch|p1a: Incineroar|Incineroar, L50, F|100/100
|-ability|p1a: Incineroar|Intimidate|boost
|-unboost|p2a: Venusaur|atk|1
|-unboost|p2b: Archaludon|atk|1
|turn|10
|
|t:|1783584794
|switch|p2b: Pelipper|Pelipper, L50, M|100/100 slp
|-weather|RainDance|[from] ability: Drizzle|[of] p2b: Pelipper
|move|p1a: Incineroar|Fake Out|p2b: Pelipper
|-damage|p2b: Pelipper|92/100 slp
|move|p1b: Raichu|Zap Cannon|p2a: Venusaur
|-resisted|p2a: Venusaur|1
|-damage|p2a: Venusaur|82/100
|-status|p2a: Venusaur|par
|move|p2a: Venusaur|Earth Power|p1b: Raichu
|-supereffective|p1b: Raichu|1
|-damage|p1b: Raichu|0 fnt
|faint|p1b: Raichu
|
|-weather|RainDance|[upkeep]
|upkeep
|
|t:|1783584808
|switch|p1b: Ceruledge|Ceruledge, L50, M|84/100
|turn|11
|
|t:|1783584831
|move|p1b: Ceruledge|Bulk Up|p1b: Ceruledge
|-boost|p1b: Ceruledge|atk|1
|-boost|p1b: Ceruledge|def|1
|cant|p2b: Pelipper|slp
|move|p1a: Incineroar|Flare Blitz|p2a: Venusaur
|-supereffective|p2a: Venusaur|1
|-damage|p2a: Venusaur|70/100 par
|-damage|p1a: Incineroar|96/100|[from] Recoil
|move|p2a: Venusaur|Earth Power|p1a: Incineroar
|-supereffective|p1a: Incineroar|1
|-damage|p1a: Incineroar|31/100
|-enditem|p1a: Incineroar|Sitrus Berry|[eat]
|-heal|p1a: Incineroar|56/100|[from] item: Sitrus Berry
|
|-weather|RainDance|[upkeep]
|-sideend|p2: cholo haramball|Reflect
|upkeep
|turn|12
|
|t:|1783584851
|move|p1b: Ceruledge|Bulk Up|p1b: Ceruledge
|-boost|p1b: Ceruledge|atk|1
|-boost|p1b: Ceruledge|def|1
|-curestatus|p2b: Pelipper|slp|[msg]
|move|p2b: Pelipper|Weather Ball|p1a: Incineroar
|-supereffective|p1a: Incineroar|1
|-damage|p1a: Incineroar|0 fnt
|faint|p1a: Incineroar
|move|p2a: Venusaur|Earth Power|p1b: Ceruledge
|-supereffective|p1b: Ceruledge|1
|-damage|p1b: Ceruledge|22/100
|
|-weather|RainDance|[upkeep]
|upkeep
|turn|13
|
|t:|1783584873
|move|p1b: Ceruledge|Bitter Blade|p2b: Pelipper
|-resisted|p2b: Pelipper|1
|-damage|p2b: Pelipper|66/100
|-heal|p1b: Ceruledge|35/100|[from] drain|[of] p2b: Pelipper
|move|p2b: Pelipper|Weather Ball|p1b: Ceruledge
|-supereffective|p1b: Ceruledge|1
|-damage|p1b: Ceruledge|0 fnt
|faint|p1b: Ceruledge
|
|win|cholo haramball
||cholo haramball is ready for game 3.
|inactive|RipsenVGC has 30 seconds to confirm battle start!
||RipsenVGC is ready for game 3.
|uhtml|next|Next: Game 3 of 3
|l|☆cholo haramball
|player|p2|
