|j|‽Juaner95
|j|☆tonynhowy
|html|Juaner95tonynhowy    
|uhtml|bestof|Game 1 of a best-of-3
|t:|1784082233
|gametype|doubles
|player|p1|Juaner95|ash-hoenn|1110
|player|p2|tonynhowy|169|1088
|gen|9
|tier|[Gen 9 Champions] VGC 2026 Reg M-B (Bo3)
|rated|
|rule|Species Clause: Limit one of each Pokémon
|rule|Item Clause: Limit 1 of each item
|clearpoke
|poke|p1|Scrafty, L50, M|
|poke|p1|Vileplume, L50, M, shiny|
|poke|p1|Oranguru, L50, M|
|poke|p1|Torkoal, L50, F, shiny|
|poke|p1|Gholdengo, L50, shiny|
|poke|p1|Lucario, L50, M|
|poke|p2|Basculegion, L50, M, shiny|
|poke|p2|Aggron, L50, F, shiny|
|poke|p2|Farigiraf, L50, F, shiny|
|poke|p2|Sinistcha-Masterpiece, L50, shiny|
|poke|p2|Incineroar, L50, M, shiny|
|poke|p2|Tyranitar, L50, F, shiny|
|teampreview|4
|showteam|p1|Scrafty||Scraftinite|Intimidate|FakeOut,KnockOff,DrainPunch,RockSlide|Brave||M|||50|]Vileplume||FocusSash|Chlorophyll|AfterYou,SludgeBomb,LeafStorm,Protect|Modest||M|||50|]Oranguru||MentalHerb|InnerFocus|Instruct,Encore,TrickRoom,Protect|Bold||M|||50|]Torkoal||Charcoal|Drought|Eruption,EarthPower,HeatWave,Protect|Quiet||F|||50|]Gholdengo||LifeOrb|GoodasGold|ShadowBall,MakeItRain,NastyPlot,Protect|Timid|||||50|]Lucario||ChoiceScarf|InnerFocus|FinalGambit,HelpingHand,SunnyDay,HealPulse|Timid||M|||50|
|showteam|p2|Basculegion||MysticWater|SwiftSwim|WaveCrash,FlipTurn,LastRespects,Protect|Brave||M|||50|]Aggron||Aggronite|HeavyMetal|BodyPress,HeavySlam,IronDefense,Earthquake|Relaxed||F|||50|]Farigiraf||MentalHerb|ArmorTail|HyperVoice,Protect,Psychic,TrickRoom|Quiet||F|||50|]Sinistcha-Masterpiece||Leftovers|Hospitality|MatchaGotcha,TrickRoom,EnergyBall,LifeDew|Relaxed|||||50|]Incineroar||SitrusBerry|Intimidate|DarkestLariat,PartingShot,FlareBlitz,FakeOut|Relaxed||M|||50|]Tyranitar||Tyranitarite|SandStream|IcePunch,KnockOff,Protect,RockSlide|Brave||F|||50|
|inactive|Battle timer is ON: inactive players will automatically lose when time's up. (requested by tonynhowy)
|inactive|Juaner95 has 60 seconds left.
|inactive|Juaner95 has 30 seconds left.
|inactive|Juaner95 has 20 seconds left.
|inactive|Juaner95 has 15 seconds left.
|inactive|Juaner95 has 10 seconds left.
|inactive|Juaner95 has 5 seconds left.
|
|t:|1784082388
|teamsize|p1|4
|teamsize|p2|4
|start
|switch|p1a: Lucario|Lucario, L50, M|100/100
|switch|p1b: Oranguru|Oranguru, L50, M|100/100
|switch|p2a: Incineroar|Incineroar, L50, M, shiny|100/100
|switch|p2b: Farigiraf|Farigiraf, L50, F, shiny|100/100
|-ability|p2a: Incineroar|Intimidate|boost
|-fail|p1a: Lucario|unboost|Attack|[from] ability: Inner Focus|[of] p1a: Lucario
|-fail|p1b: Oranguru|unboost|Attack|[from] ability: Inner Focus|[of] p1b: Oranguru
|turn|1
|
|t:|1784082411
|move|p2a: Incineroar|Fake Out|p1a: Lucario
|-resisted|p1a: Lucario|1
|-damage|p1a: Lucario|93/100
|move|p1a: Lucario|Final Gambit|p2b: Farigiraf
|-damage|p2b: Farigiraf|27/100
|faint|p1a: Lucario
|move|p1b: Oranguru|Trick Room|p1b: Oranguru
|-fieldstart|move: Trick Room|[of] p1b: Oranguru
|move|p2b: Farigiraf|Trick Room|p2b: Farigiraf
|-fieldend|move: Trick Room
|
|upkeep
|
|t:|1784082417
|switch|p1a: Scrafty|Scrafty, L50, M|100/100
|-ability|p1a: Scrafty|Intimidate|boost
|-unboost|p2a: Incineroar|atk|1
|-unboost|p2b: Farigiraf|atk|1
|turn|2
|
|t:|1784082432
|detailschange|p1a: Scrafty|Scrafty-Mega, L50, M
|-mega|p1a: Scrafty|Scrafty|Scraftinite
|-ability|p1a: Scrafty|Intimidate|boost
|-unboost|p2a: Incineroar|atk|1
|-unboost|p2b: Farigiraf|atk|1
|move|p2b: Farigiraf|Protect|p2b: Farigiraf
|-singleturn|p2b: Farigiraf|Protect
|move|p1a: Scrafty|Knock Off|p2b: Farigiraf
|-activate|p2b: Farigiraf|move: Protect
|move|p2a: Incineroar|Parting Shot|p1a: Scrafty
|-unboost|p1a: Scrafty|atk|1
|-unboost|p1a: Scrafty|spa|1
|
|t:|1784082442
|switch|p2a: Tyranitar|Tyranitar, L50, F, shiny|100/100|[from] Parting Shot
|-weather|Sandstorm|[from] ability: Sand Stream|[of] p2a: Tyranitar
|move|p1b: Oranguru|Trick Room|p1b: Oranguru
|-fieldstart|move: Trick Room|[of] p1b: Oranguru
|
|-weather|Sandstorm|[upkeep]
|-damage|p2b: Farigiraf|21/100|[from] Sandstorm
|-damage|p1a: Scrafty|94/100|[from] Sandstorm
|-damage|p1b: Oranguru|93/100|[from] Sandstorm
|upkeep
|turn|3
|inactive|Juaner95 has 30 seconds left.
|
|t:|1784082468
|switch|p2b: Incineroar|Incineroar, L50, M, shiny|100/100
|-ability|p2b: Incineroar|Intimidate|boost
|-unboost|p1a: Scrafty|atk|1
|-fail|p1b: Oranguru|unboost|Attack|[from] ability: Inner Focus|[of] p1b: Oranguru
|switch|p1a: Torkoal|Torkoal, L50, F, shiny|100/100
|-weather|SunnyDay|[from] ability: Drought|[of] p1a: Torkoal
|detailschange|p2a: Tyranitar|Tyranitar-Mega, L50, F, shiny
|-mega|p2a: Tyranitar|Tyranitar|Tyranitarite
|-weather|Sandstorm|[from] ability: Sand Stream|[of] p2a: Tyranitar
|move|p1b: Oranguru|Encore||[still]
|-fail|p1b: Oranguru
|move|p2a: Tyranitar|Knock Off|p1b: Oranguru
|-supereffective|p1b: Oranguru|1
|-damage|p1b: Oranguru|0 fnt
|-enditem|p1b: Oranguru|Mental Herb|[from] move: Knock Off|[of] p2a: Tyranitar
|faint|p1b: Oranguru
|
|-weather|Sandstorm|[upkeep]
|-damage|p1a: Torkoal|93/100|[from] Sandstorm
|-damage|p2b: Incineroar|94/100|[from] Sandstorm
|upkeep
|
|t:|1784082473
|switch|p1b: Scrafty|Scrafty-Mega, L50, M|94/100
|-ability|p1b: Scrafty|Intimidate|boost
|-unboost|p2a: Tyranitar|atk|1
|-unboost|p2b: Incineroar|atk|1
|turn|4
|inactive|Juaner95 has 30 seconds left.
|inactive|tonynhowy has 30 seconds left.
|inactive|Juaner95 has 20 seconds left.
|inactive|Juaner95 has 15 seconds left.
|inactive|Juaner95 has 10 seconds left.
|inactive|Juaner95 has 5 seconds left.
|
|t:|1784082523
|move|p2b: Incineroar|Fake Out|p1a: Torkoal
|-crit|p1a: Torkoal
|-damage|p1a: Torkoal|81/100
|move|p1b: Scrafty|Fake Out|p2b: Incineroar
|-damage|p2b: Incineroar|83/100
|cant|p1a: Torkoal|flinch
|move|p2a: Tyranitar|Rock Slide|p1a: Torkoal|[spread] p1a,p1b
|-supereffective|p1a: Torkoal|1
|-resisted|p1b: Scrafty|1
|-damage|p1a: Torkoal|40/100
|-damage|p1b: Scrafty|84/100
|
|-weather|Sandstorm|[upkeep]
|-damage|p1a: Torkoal|34/100|[from] Sandstorm
|-damage|p2b: Incineroar|77/100|[from] Sandstorm
|-damage|p1b: Scrafty|78/100|[from] Sandstorm
|upkeep
|turn|5
|
|t:|1784082546
|move|p1a: Torkoal|Earth Power|p2b: Incineroar
|-supereffective|p2b: Incineroar|1
|-damage|p2b: Incineroar|28/100
|-unboost|p2b: Incineroar|spd|1
|-enditem|p2b: Incineroar|Sitrus Berry|[eat]
|-heal|p2b: Incineroar|52/100|[from] item: Sitrus Berry
|move|p2b: Incineroar|Darkest Lariat|p1a: Torkoal
|-damage|p1a: Torkoal|18/100
|move|p1b: Scrafty|Drain Punch|p2a: Tyranitar
|-supereffective|p2a: Tyranitar|2
|-crit|p2a: Tyranitar
|-damage|p2a: Tyranitar|0 fnt
|-heal|p1b: Scrafty|100/100|[from] drain|[of] p2a: Tyranitar
|faint|p2a: Tyranitar
|
|-weather|Sandstorm|[upkeep]
|-damage|p1a: Torkoal|12/100|[from] Sandstorm
|-damage|p2b: Incineroar|47/100|[from] Sandstorm
|-damage|p1b: Scrafty|94/100|[from] Sandstorm
|upkeep
|
|t:|1784082563
|switch|p2a: Basculegion|Basculegion, L50, M, shiny|100/100
|turn|6
|inactive|Juaner95 has 30 seconds left.
|
|t:|1784082591
|move|p2a: Basculegion|Protect|p2a: Basculegion
|-singleturn|p2a: Basculegion|Protect
|move|p1a: Torkoal|Earth Power|p2b: Incineroar
|-supereffective|p2b: Incineroar|1
|-crit|p2b: Incineroar
|-damage|p2b: Incineroar|0 fnt
|faint|p2b: Incineroar
|move|p1b: Scrafty|Knock Off|p2a: Basculegion
|-activate|p2a: Basculegion|move: Protect
|
|-weather|Sandstorm|[upkeep]
|-damage|p1a: Torkoal|6/100|[from] Sandstorm
|-damage|p1b: Scrafty|88/100|[from] Sandstorm
|-damage|p2a: Basculegion|93/100|[from] Sandstorm
|-fieldend|move: Trick Room
|upkeep
|
|t:|1784082602
|switch|p2b: Farigiraf|Farigiraf, L50, F, shiny|21/100
|turn|7
|
|t:|1784082623
|move|p2a: Basculegion|Wave Crash|p1b: Scrafty
|-damage|p1b: Scrafty|31/100
|-damage|p2a: Basculegion|79/100|[from] Recoil
|move|p1b: Scrafty|Knock Off|p2a: Basculegion
|-supereffective|p2a: Basculegion|1
|-damage|p2a: Basculegion|0 fnt
|-enditem|p2a: Basculegion|Mystic Water|[from] move: Knock Off|[of] p1b: Scrafty
|faint|p2a: Basculegion
|move|p2b: Farigiraf|Hyper Voice|p1b: Scrafty|[spread] p1a,p1b
|-damage|p1a: Torkoal|0 fnt
|-damage|p1b: Scrafty|4/100
|faint|p1a: Torkoal
|
|-weather|none
|upkeep
|turn|8
|
|t:|1784082643
|move|p2b: Farigiraf|Protect|p2b: Farigiraf
|-singleturn|p2b: Farigiraf|Protect
|move|p1b: Scrafty|Drain Punch|p2b: Farigiraf
|-activate|p2b: Farigiraf|move: Protect
|
|upkeep
|turn|9
|
|t:|1784082652
|move|p1b: Scrafty|Drain Punch|p2b: Farigiraf
|-damage|p2b: Farigiraf|0 fnt
|-heal|p1b: Scrafty|19/100|[from] drain|[of] p2b: Farigiraf
|faint|p2b: Farigiraf
|
|win|Juaner95
|inactive|Juaner95 has 30 seconds to confirm battle start!
|inactive|tonynhowy has 30 seconds to confirm battle start!
|inactive|Juaner95 has 20 seconds to confirm battle start!
|inactive|tonynhowy has 20 seconds to confirm battle start!
|inactive|Juaner95 has 10 seconds to confirm battle start!
|inactive|tonynhowy has 10 seconds to confirm battle start!
||tonynhowy is ready for game 2.
|inactive|Juaner95 has 0 seconds to confirm battle start!
|uhtml|next|Next: Game 2 of 3
|l|☆tonynhowy
|player|p2|
