|j|☆standardamerican
|j|☆gabeeel
|html|standardamericangabeeel    
|uhtml|bestof|Game 1 of a best-of-3
|t:|1784813850
|gametype|doubles
|player|p1|standardamerican|169|1238
|player|p2|gabeeel|iris|1295
|gen|9
|tier|[Gen 9 Champions] VGC 2026 Reg M-B (Bo3)
|rated|
|rule|Species Clause: Limit one of each Pokémon
|rule|Item Clause: Limit 1 of each item
|clearpoke
|poke|p1|Sinistcha, L50|
|poke|p1|Incineroar, L50, F|
|poke|p1|Milotic, L50, F|
|poke|p1|Raichu, L50, F|
|poke|p1|Gardevoir, L50, M|
|poke|p1|Ceruledge, L50, M|
|poke|p2|Farigiraf, L50, F|
|poke|p2|Blastoise, L50, M|
|poke|p2|Kingambit, L50, M|
|poke|p2|Glimmora, L50, F|
|poke|p2|Whimsicott, L50, M|
|poke|p2|Ceruledge, L50, F|
|teampreview|4
|showteam|p1|Sinistcha||KasibBerry|Hospitality|MatchaGotcha,Imprison,RagePowder,Protect|Bold|||||50|]Incineroar||SitrusBerry|Intimidate|FlareBlitz,DarkestLariat,FakeOut,PartingShot|Careful||F|||50|]Milotic||Leftovers|Competitive|MuddyWater,Coil,Hypnosis,Protect|Calm||F|||50|]Raichu||RaichuniteY|LightningRod|ZapCannon,FocusBlast,FakeOut,Protect|Timid||F|||50|]Gardevoir||Gardevoirite|Trace|HyperVoice,Psyshock,TrickRoom,Protect|Modest||M|||50|]Ceruledge||ColburBerry|FlashFire|BitterBlade,ShadowSneak,BulkUp,Protect|Adamant||M|||50|
|showteam|p2|Farigiraf||SitrusBerry|ArmorTail|PsychicNoise,Thunderbolt,TrickRoom,Protect|Quiet||F|||50|]Blastoise||Blastoisinite|Torrent|FakeOut,IceBeam,DarkPulse,AuraSphere|Modest||M|||50|]Kingambit||LifeOrb|Defiant|KowtowCleave,SuckerPunch,IronHead,Protect|Adamant||M|||50|]Glimmora||Glimmoranite|ToxicDebris|PowerGem,SludgeBomb,EarthPower,SpikyShield|Timid||F|||50|]Whimsicott||FocusSash|Prankster|Moonblast,Tailwind,Encore,Protect|Timid||M|||50|]Ceruledge||ColburBerry|FlashFire|BitterBlade,ShadowSneak,BulkUp,Protect|Adamant||F|||50|
|
|t:|1784813920
|teamsize|p1|4
|teamsize|p2|4
|start
|switch|p1a: Sinistcha|Sinistcha, L50|100/100
|switch|p1b: Milotic|Milotic, L50, F|100/100
|switch|p2a: Glimmora|Glimmora, L50, F|100/100
|switch|p2b: Whimsicott|Whimsicott, L50, M|100/100
|turn|1
|
|t:|1784813962
|detailschange|p2a: Glimmora|Glimmora-Mega, L50, F
|-mega|p2a: Glimmora|Glimmora|Glimmoranite
|move|p2b: Whimsicott|Tailwind|p2b: Whimsicott
|-sidestart|p2: gabeeel|move: Tailwind
|move|p2a: Glimmora|Sludge Bomb|p1b: Milotic
|-damage|p1b: Milotic|54/100
|move|p1b: Milotic|Hypnosis|p2a: Glimmora
|-status|p2a: Glimmora|slp|[from] move: Hypnosis
|move|p1a: Sinistcha|Matcha Gotcha|p2a: Glimmora|[spread] p2a,p2b
|-resisted|p2b: Whimsicott|1
|-damage|p2a: Glimmora|70/100 slp
|-damage|p2b: Whimsicott|81/100
|
|-heal|p1b: Milotic|60/100|[from] item: Leftovers
|upkeep
|turn|2
|
|t:|1784813990
|switch|p1a: Raichu|Raichu, L50, F|100/100
|move|p2b: Whimsicott|Encore|p1b: Milotic
|-start|p1b: Milotic|Encore
|cant|p2a: Glimmora|slp
|move|p1b: Milotic|Hypnosis|p2b: Whimsicott|[miss]
|-miss|p1b: Milotic|p2b: Whimsicott
|
|-heal|p1b: Milotic|66/100|[from] item: Leftovers
|upkeep
|turn|3
|
|t:|1784814009
|switch|p1b: Sinistcha|Sinistcha, L50|100/100
|detailschange|p1a: Raichu|Raichu-Mega-Y, L50, F
|-mega|p1a: Raichu|Raichu|Raichunite Y
|move|p2b: Whimsicott|Protect|p2b: Whimsicott
|-singleturn|p2b: Whimsicott|Protect
|cant|p2a: Glimmora|slp
|move|p1a: Raichu|Zap Cannon|p2a: Glimmora
|-crit|p2a: Glimmora
|-damage|p2a: Glimmora|0 fnt
|faint|p2a: Glimmora
|
|upkeep
|
|t:|1784814026
|switch|p2a: Farigiraf|Farigiraf, L50, F|100/100
|turn|4
|
|t:|1784814046
|move|p1b: Sinistcha|Rage Powder|p1b: Sinistcha
|-singleturn|p1b: Sinistcha|move: Rage Powder
|move|p2b: Whimsicott|Moonblast|p1a: Raichu
|-damage|p1a: Raichu|52/100
|move|p1a: Raichu|Zap Cannon|p2b: Whimsicott
|-resisted|p2b: Whimsicott|1
|-damage|p2b: Whimsicott|29/100
|-status|p2b: Whimsicott|par
|move|p2a: Farigiraf|Trick Room|p2a: Farigiraf
|-fieldstart|move: Trick Room|[of] p2a: Farigiraf
|
|-sideend|p2: gabeeel|move: Tailwind
|upkeep
|turn|5
|
|t:|1784814075
|switch|p1a: Ceruledge|Ceruledge, L50, M|100/100
|move|p1b: Sinistcha|Rage Powder|p1b: Sinistcha
|-singleturn|p1b: Sinistcha|move: Rage Powder
|move|p2a: Farigiraf|Psychic Noise|p1b: Sinistcha
|-damage|p1b: Sinistcha|67/100
|-start|p1b: Sinistcha|move: Heal Block
|move|p2b: Whimsicott|Moonblast|p1a: Ceruledge
|-resisted|p1a: Ceruledge|1
|-damage|p1a: Ceruledge|83/100
|
|upkeep
|turn|6
|
|t:|1784814090
|move|p1b: Sinistcha|Rage Powder|p1b: Sinistcha
|-singleturn|p1b: Sinistcha|move: Rage Powder
|move|p2b: Whimsicott|Encore|p1b: Sinistcha
|-start|p1b: Sinistcha|Encore
|move|p2a: Farigiraf|Psychic Noise|p1b: Sinistcha
|-damage|p1b: Sinistcha|28/100
|move|p1a: Ceruledge|Bitter Blade|p2a: Farigiraf
|-damage|p2a: Farigiraf|45/100
|-heal|p1a: Ceruledge|100/100|[from] drain|[of] p2a: Farigiraf
|-enditem|p2a: Farigiraf|Sitrus Berry|[eat]
|-heal|p2a: Farigiraf|70/100|[from] item: Sitrus Berry
|
|-end|p1b: Sinistcha|move: Heal Block
|upkeep
|turn|7
|
|t:|1784814118
|move|p2b: Whimsicott|Protect|p2b: Whimsicott
|-singleturn|p2b: Whimsicott|Protect
|move|p1b: Sinistcha|Rage Powder|p1b: Sinistcha
|-singleturn|p1b: Sinistcha|move: Rage Powder
|move|p2a: Farigiraf|Psychic Noise|p1b: Sinistcha
|-damage|p1b: Sinistcha|0 fnt
|faint|p1b: Sinistcha
|move|p1a: Ceruledge|Bitter Blade|p2b: Whimsicott
|-activate|p2b: Whimsicott|move: Protect
|
|upkeep
|
|t:|1784814132
|switch|p1b: Raichu|Raichu-Mega-Y, L50, F|52/100
|turn|8
|
|t:|1784814138
|move|p1b: Raichu|Protect|p1b: Raichu
|-singleturn|p1b: Raichu|Protect
|move|p2a: Farigiraf|Psychic Noise|p1a: Ceruledge
|-damage|p1a: Ceruledge|65/100
|-start|p1a: Ceruledge|move: Heal Block
|move|p2b: Whimsicott|Moonblast|p1b: Raichu
|-activate|p1b: Raichu|move: Protect
|cant|p1a: Ceruledge|move: Heal Block|Bitter Blade
|
|-fieldend|move: Trick Room
|upkeep
|turn|9
|
|t:|1784814180
|switch|p1a: Milotic|Milotic, L50, F|66/100
|move|p2b: Whimsicott|Encore|p1b: Raichu
|-start|p1b: Raichu|Encore
|move|p1b: Raichu|Protect|p1b: Raichu
|-singleturn|p1b: Raichu|Protect
|move|p2a: Farigiraf|Trick Room|p2a: Farigiraf
|-fieldstart|move: Trick Room|[of] p2a: Farigiraf
|
|-heal|p1a: Milotic|72/100|[from] item: Leftovers
|upkeep
|turn|10
|
|t:|1784814196
|switch|p2b: Kingambit|Kingambit, L50, M|100/100
|switch|p1b: Ceruledge|Ceruledge, L50, M|65/100
|move|p2a: Farigiraf|Psychic Noise|p1b: Ceruledge
|-damage|p1b: Ceruledge|27/100
|-start|p1b: Ceruledge|move: Heal Block
|move|p1a: Milotic|Muddy Water|p2b: Kingambit|[spread] p2a,p2b
|-damage|p2a: Farigiraf|50/100g
|-damage|p2b: Kingambit|75/100
|-unboost|p2b: Kingambit|accuracy|1
|-ability|p2b: Kingambit|Defiant|boost
|-boost|p2b: Kingambit|atk|2
|
|-heal|p1a: Milotic|78/100|[from] item: Leftovers
|upkeep
|turn|11
|
|t:|1784814213
|switch|p1b: Raichu|Raichu-Mega-Y, L50, F|52/100
|move|p1a: Milotic|Protect|p1a: Milotic
|-singleturn|p1a: Milotic|Protect
|move|p2a: Farigiraf|Psychic Noise|p1a: Milotic
|-activate|p1a: Milotic|move: Protect
|move|p2b: Kingambit|Kowtow Cleave|p1a: Milotic
|-activate|p1a: Milotic|move: Protect
|
|-heal|p1a: Milotic|84/100|[from] item: Leftovers
|upkeep
|turn|12
|
|t:|1784814232
|move|p2a: Farigiraf|Psychic Noise|p1b: Raichu
|-damage|p1b: Raichu|2/100
|-start|p1b: Raichu|move: Heal Block
|move|p2b: Kingambit|Kowtow Cleave|p1a: Milotic
|-damage|p1a: Milotic|0 fnt
|faint|p1a: Milotic
|-damage|p2b: Kingambit|65/100|[from] item: Life Orb
|move|p1b: Raichu|Focus Blast|p2b: Kingambit
|-supereffective|p2b: Kingambit|2
|-damage|p2b: Kingambit|0 fnt
|faint|p2b: Kingambit
|
|upkeep
|
|t:|1784814246
|switch|p2b: Whimsicott|Whimsicott, L50, M|29/100 par
|switch|p1a: Ceruledge|Ceruledge, L50, M|27/100
|turn|13
|
|t:|1784814267
|move|p1a: Ceruledge|Protect|p1a: Ceruledge
|-singleturn|p1a: Ceruledge|Protect
|move|p1b: Raichu|Protect|p1b: Raichu
|-singleturn|p1b: Raichu|Protect
|move|p2a: Farigiraf|Psychic Noise|p1a: Ceruledge
|-activate|p1a: Ceruledge|move: Protect
|move|p2b: Whimsicott|Moonblast|p1b: Raichu
|-activate|p1b: Raichu|move: Protect
|
|-end|p1b: Raichu|move: Heal Block
|-fieldend|move: Trick Room
|upkeep
|turn|14
|
|t:|1784814276
|move|p2b: Whimsicott|Encore|p1b: Raichu
|-start|p1b: Raichu|Encore
|move|p1b: Raichu|Protect|p1b: Raichu
|-singleturn|p1b: Raichu|Protect
|move|p1a: Ceruledge|Bitter Blade|p2a: Farigiraf
|-damage|p2a: Farigiraf|0 fnt
|-heal|p1a: Ceruledge|56/100|[from] drain|[of] p2a: Farigiraf
|faint|p2a: Farigiraf
|
|upkeep
|turn|15
|c|☆gabeeel|fuck
|c|☆gabeeel|i targeted wong
|c|☆gabeeel|f
|c|☆standardamerican|you had this one
|
|t:|1784814294
|move|p1b: Raichu|Protect||[still]
|-fail|p1b: Raichu
|move|p1a: Ceruledge|Bitter Blade|p2b: Whimsicott
|-supereffective|p2b: Whimsicott|1
|-damage|p2b: Whimsicott|0 fnt
|-heal|p1a: Ceruledge|67/100|[from] drain|[of] p2b: Whimsicott
|faint|p2b: Whimsicott
|
|win|standardamerican
||gabeeel is ready for game 2.
|c|☆standardamerican|yh
|c|☆standardamerican|gg!
|c|☆gabeeel|gg
|c|☆standardamerican|impressive
|inactive|standardamerican has 30 seconds to confirm battle start!
