|j|☆Novacast
|j|☆duebo
|html|Novacastduebo    
|uhtml|bestof|Game 3 of a best-of-3
|t:|1755142775
|gametype|doubles
|player|p1|Novacast|mars|1203
|player|p2|duebo|102|1221
|gen|9
|tier|[Gen 9] VGC 2025 Reg H (Bo3)
|rated|
|rule|Species Clause: Limit one of each Pokémon
|rule|Item Clause: Limit 1 of each item
|clearpoke
|poke|p1|Gholdengo, L50|
|poke|p1|Pelipper, L50, M|
|poke|p1|Basculegion, L50, M|
|poke|p1|Incineroar, L50, M|
|poke|p1|Dragonite, L50, F|
|poke|p1|Sinistcha, L50|
|poke|p2|Whimsicott, L50, F|
|poke|p2|Typhlosion-Hisui, L50, M|
|poke|p2|Ursaluna-Bloodmoon, L50, M|
|poke|p2|Amoonguss, L50, F|
|poke|p2|Tauros-Paldea-Aqua, L50, M|
|poke|p2|Weavile, L50, F|
|teampreview|4
|showteam|p1|Gholdengo||LifeOrb|GoodasGold|MakeItRain,ShadowBall,NastyPlot,Protect||||||50|,,,,,Water]Pelipper||CovertCloak|Drizzle|Protect,WeatherBall,Hurricane,Tailwind|||M|||50|,,,,,Grass]Basculegion||ChoiceScarf|Adaptability|WaveCrash,LastRespects,IcyWind,FlipTurn|||M|||50|,,,,,Water]Incineroar||SafetyGoggles|Intimidate|FlareBlitz,KnockOff,PartingShot,FakeOut|||M|||50|,,,,,Ghost]Dragonite||LoadedDice|InnerFocus|Protect,ScaleShot,StompingTantrum,Haze|||F|||50|,,,,,Fairy]Sinistcha||SitrusBerry|Hospitality|Protect,MatchaGotcha,TrickRoom,RagePowder||||||50|,,,,,Grass
|showteam|p2|Whimsicott||CovertCloak|Prankster|Tailwind,SunnyDay,Moonblast,Encore|||F|||50|,,,,,Water]Typhlosion-Hisui||ChoiceSpecs|Blaze|Eruption,HeatWave,ShadowBall,Overheat|||M|||50|,,,,,Fire]Ursaluna-Bloodmoon||LifeOrb|MindsEye|BloodMoon,HyperVoice,EarthPower,Protect|||M|||50|,,,,,Normal]Amoonguss||RockyHelmet|Regenerator|Spore,RagePowder,ClearSmog,Protect|||F|||50|,,,,,Water]Tauros-Paldea-Aqua||ClearAmulet|Intimidate|RagingBull,CloseCombat,AquaJet,Protect|||M|||50|,,,,,Grass]Weavile||FocusSash|Pickpocket|IcyWind,IceSpinner,Taunt,Protect|||F|||50|,,,,,Ghost
|inactive|Battle timer is ON: inactive players will automatically lose when time's up. (requested by duebo)
|inactive|Novacast has 60 seconds left.
|
|t:|1755142806
|teamsize|p1|4
|teamsize|p2|4
|start
|switch|p1a: The Beverage|Incineroar, L50, M|100/100
|switch|p1b: Sinistcha|Sinistcha, L50|100/100
|switch|p2a: fluff|Whimsicott, L50, F|100/100
|switch|p2b: emo|Typhlosion-Hisui, L50, M|100/100
|-ability|p1a: The Beverage|Intimidate|boost
|-unboost|p2a: fluff|atk|1
|-unboost|p2b: emo|atk|1
|turn|1
|inactive|duebo has 30 seconds left.
|inactive|duebo has 20 seconds left.
|
|t:|1755142846
|-terastallize|p2b: emo|Fire
|move|p1a: The Beverage|Fake Out|p2b: emo
|-damage|p2b: emo|80/100
|move|p2a: fluff|Sunny Day|p2a: fluff
|-weather|SunnyDay
|cant|p2b: emo|flinch
|move|p1b: Sinistcha|Trick Room|p1b: Sinistcha
|-fieldstart|move: Trick Room|[of] p1b: Sinistcha
|
|-weather|SunnyDay|[upkeep]
|upkeep
|turn|2
|
|t:|1755142859
|move|p1b: Sinistcha|Protect|p1b: Sinistcha
|-singleturn|p1b: Sinistcha|Protect
|move|p2a: fluff|Encore|p1b: Sinistcha
|-activate|p1b: Sinistcha|move: Protect
|move|p1a: The Beverage|Flare Blitz|p2a: fluff
|-supereffective|p2a: fluff
|-damage|p2a: fluff|0 fnt
|faint|p2a: fluff
|-damage|p1a: The Beverage|73/100|[from] Recoil
|move|p2b: emo|Heat Wave|p1b: Sinistcha|[spread] p1a
|-activate|p1b: Sinistcha|move: Protect
|-resisted|p1a: The Beverage
|-damage|p1a: The Beverage|24/100
|
|-weather|SunnyDay|[upkeep]
|upkeep
|c|☆Novacast|:)
|
|t:|1755142880
|switch|p2a: scary|Ursaluna-Bloodmoon, L50, M|100/100
|turn|3
|c|☆duebo|crazy play
|inactive|Novacast has 30 seconds left.
|
|t:|1755142914
|switch|p1a: The Cup|Pelipper, L50, M, shiny|100/100
|-weather|RainDance|[from] ability: Drizzle|[of] p1a: The Cup
|move|p2a: scary|Protect|p2a: scary
|-singleturn|p2a: scary|Protect
|move|p1b: Sinistcha|Matcha Gotcha|p2a: scary|[spread] p2b
|-activate|p2a: scary|move: Protect
|-resisted|p2b: emo
|-crit|p2b: emo
|-damage|p2b: emo|54/100
|move|p2b: emo|Heat Wave|p1a: The Cup|[spread] p1a,p1b
|-resisted|p1a: The Cup
|-supereffective|p1b: Sinistcha
|-damage|p1a: The Cup|76/100
|-damage|p1b: Sinistcha|47/100
|-status|p1b: Sinistcha|brn
|-enditem|p1b: Sinistcha|Sitrus Berry|[eat]
|-heal|p1b: Sinistcha|71/100 brn|[from] item: Sitrus Berry
|
|-weather|RainDance|[upkeep]
|-damage|p1b: Sinistcha|65/100 brn|[from] brn
|upkeep
|turn|4
|inactive|duebo has 30 seconds left.
|inactive|duebo has 20 seconds left.
|
|t:|1755142952
|switch|p2a: the lil bro|Weavile, L50, F|100/100
|move|p1b: Sinistcha|Matcha Gotcha|p2a: the lil bro|[spread] p2a,p2b
|-resisted|p2b: emo
|-damage|p2a: the lil bro|67/100
|-heal|p1b: Sinistcha|79/100 brn|[from] drain|[of] p2a: the lil bro
|-damage|p2b: emo|38/100
|-heal|p1b: Sinistcha|86/100 brn|[from] drain|[of] p2b: emo
|move|p1a: The Cup|Weather Ball|p2a: the lil bro
|-damage|p2a: the lil bro|0 fnt
|faint|p2a: the lil bro
|move|p2b: emo|Heat Wave|p1a: The Cup|[spread] p1a,p1b
|-resisted|p1a: The Cup
|-supereffective|p1b: Sinistcha
|-damage|p1a: The Cup|51/100
|-damage|p1b: Sinistcha|27/100 brn
|
|-weather|RainDance|[upkeep]
|-damage|p1b: Sinistcha|21/100 brn|[from] brn
|upkeep
|c|☆Novacast|Had to all in it
|
|t:|1755142967
|switch|p2a: scary|Ursaluna-Bloodmoon, L50, M|100/100
|turn|5
|
|t:|1755142978
|move|p2a: scary|Protect|p2a: scary
|-singleturn|p2a: scary|Protect
|move|p1b: Sinistcha|Matcha Gotcha|p2b: emo|[spread] p2b
|-activate|p2a: scary|move: Protect
|-resisted|p2b: emo
|-damage|p2b: emo|21/100
|-heal|p1b: Sinistcha|29/100 brn|[from] drain|[of] p2b: emo
|move|p1a: The Cup|Weather Ball|p2b: emo
|-supereffective|p2b: emo
|-damage|p2b: emo|0 fnt
|faint|p2b: emo
|
|-weather|RainDance|[upkeep]
|-damage|p1b: Sinistcha|22/100 brn|[from] brn
|-fieldend|move: Trick Room
|upkeep
|turn|6
|
|t:|1755142999
|move|p1a: The Cup|Protect|p1a: The Cup
|-singleturn|p1a: The Cup|Protect
|move|p1b: Sinistcha|Protect|p1b: Sinistcha
|-singleturn|p1b: Sinistcha|Protect
|move|p2a: scary|Hyper Voice|p1b: Sinistcha|[spread] 
|-activate|p1a: The Cup|move: Protect
|-activate|p1b: Sinistcha|move: Protect
|
|-weather|RainDance|[upkeep]
|-damage|p1b: Sinistcha|16/100 brn|[from] brn
|upkeep
|turn|7
|
|t:|1755143010
|switch|p1a: The Beverage|Incineroar, L50, M|24/100
|-ability|p1a: The Beverage|Intimidate|boost
|-unboost|p2a: scary|atk|1
|move|p2a: scary|Hyper Voice|p1a: The Beverage|[spread] p1a,p1b
|-damage|p1a: The Beverage|0 fnt
|-damage|p1b: Sinistcha|0 fnt
|faint|p1a: The Beverage
|faint|p1b: Sinistcha
|-damage|p2a: scary|91/100|[from] item: Life Orb
|
|-weather|none
|upkeep
|
|t:|1755143015
|switch|p1b: The Cup|Pelipper, L50, M, shiny|51/100
|switch|p1a: The Juicebox|Basculegion, L50, M, shiny|100/100
|-weather|RainDance|[from] ability: Drizzle|[of] p1b: The Cup
|turn|8
|c|☆duebo|wpwp
|
|t:|1755143024
|-terastallize|p1a: The Juicebox|Water
|move|p1a: The Juicebox|Wave Crash|p2a: scary
|-supereffective|p2a: scary
|-damage|p2a: scary|0 fnt
|faint|p2a: scary
|-damage|p1a: The Juicebox|72/100|[from] Recoil
|
|win|Novacast
|raw|Novacast's rating: 1203 → 1229(+26 for winning)
|raw|duebo's rating: 1221 → 1195(-26 for losing)
|c|☆Novacast|ggs
|l|☆duebo
|player|p2|
|l|☆Novacast
|player|p1|
|j|☆Novacast
|player|p1|Novacast|mars|
