|j|☆regulo11
|j|☆damian.200
|html|regulo11damian.200    
|uhtml|bestof|Game 1 of a best-of-3
|t:|1783375180
|gametype|doubles
|player|p1|regulo11|1|1066
|player|p2|damian.200|1|1000
|gen|9
|tier|[Gen 9 Champions] VGC 2026 Reg M-B (Bo3)
|rated|
|rule|Species Clause: Limit one of each Pokémon
|rule|Item Clause: Limit 1 of each item
|clearpoke
|poke|p1|Gallade, L50, M, shiny|
|poke|p1|Mawile, L50, M|
|poke|p1|Delphox, L50, F|
|poke|p1|Milotic, L50, F|
|poke|p1|Aerodactyl, L50, F|
|poke|p1|Sinistcha-Masterpiece, L50|
|poke|p2|Pyroar, L50, F|
|poke|p2|Ninetales, L50, M|
|poke|p2|Whimsicott, L50, F|
|poke|p2|Farigiraf, L50, F|
|poke|p2|Basculegion, L50, M|
|poke|p2|Floette-Eternal, L50, F|
|teampreview|4
|showteam|p1|Gallade||LifeOrb|Steadfast|SacredSword,PsychoCut,WillOWisp,Protect|Adamant||M|||50|]Mawile||Mawilite|HyperCutter|IronHead,PlayRough,SuckerPunch,Protect|Adamant||M|||50|]Delphox||Delphoxite|Blaze|HeatWave,Protect,Psychic,Encore|Timid||F|||50|]Milotic||SitrusBerry|MarvelScale|Hypnosis,Scald,IceBeam,Coil|Modest||F|||50|]Aerodactyl||FocusSash|RockHead|RockSlide,WideGuard,DualWingbeat,Tailwind|Jolly||F|||50|]Sinistcha-Masterpiece||Leftovers|Hospitality|MatchaGotcha,RagePowder,TrickRoom,StrengthSap|Serious|||||50|
|showteam|p2|Pyroar||Pyroarite|Unnerve|Overheat,SolarBeam,HeatWave,Protect|Timid||F|||50|]Ninetales||ChoiceScarf|Drought|HeatWave,Overheat,SolarBeam,FakeTears|Timid||M|||50|]Whimsicott||FocusSash|Prankster|Tailwind,SunnyDay,Protect,Moonblast|Timid||F|||50|]Farigiraf||SitrusBerry|ArmorTail|HelpingHand,TwinBeam,Thunderbolt,TrickRoom|Bold||F|||50|]Basculegion||LifeOrb|Adaptability|WaveCrash,AquaJet,LastRespects,Protect|Adamant||M|||50|]Floette-Eternal||Floettite|FlowerVeil|DazzlingGleam,Moonblast,LightofRuin,Protect|Modest||F|||50|
|inactive|Battle timer is ON: inactive players will automatically lose when time's up. (requested by regulo11)
|inactive|damian.200 has 60 seconds left.
|
|t:|1783375282
|teamsize|p1|4
|teamsize|p2|4
|start
|switch|p1a: Aerodactyl|Aerodactyl, L50, F|100/100
|switch|p1b: Delphox|Delphox, L50, F|100/100
|switch|p2a: Whimsicott|Whimsicott, L50, F|100/100
|switch|p2b: Floette|Floette-Eternal, L50, F|100/100
|turn|1
|inactive|regulo11 has 30 seconds left.
|inactive|damian.200 has 30 seconds left.
|
|t:|1783375318
|detailschange|p1b: Delphox|Delphox-Mega, L50, F
|-mega|p1b: Delphox|Delphox|Delphoxite
|detailschange|p2b: Floette|Floette-Mega, L50, F
|-mega|p2b: Floette|Floette|Floettite
|-ability|p2b: Floette|Fairy Aura
|move|p2a: Whimsicott|Tailwind|p2a: Whimsicott
|-sidestart|p2: damian.200|move: Tailwind
|move|p2b: Floette|Dazzling Gleam|p1a: Aerodactyl|[spread] p1a,p1b
|-resisted|p1b: Delphox|1
|-damage|p1a: Aerodactyl|20/100y
|-damage|p1b: Delphox|75/100
|move|p1b: Delphox|Heat Wave|p2b: Floette|[spread] p2a,p2b
|-supereffective|p2a: Whimsicott|1
|-crit|p2b: Floette
|-enditem|p2a: Whimsicott|Focus Sash
|-damage|p2a: Whimsicott|1/100
|-damage|p2b: Floette|46/100
|-status|p2b: Floette|brn
|move|p1a: Aerodactyl|Tailwind|p1a: Aerodactyl
|-sidestart|p1: regulo11|move: Tailwind
|
|-damage|p2b: Floette|40/100 brn|[from] brn
|upkeep
|turn|2
|inactive|damian.200 has 30 seconds left.
|
|t:|1783375348
|move|p1a: Aerodactyl|Wide Guard|p1a: Aerodactyl
|-singleturn|p1a: Aerodactyl|Wide Guard
|move|p1b: Delphox|Heat Wave|p2a: Whimsicott|[spread] p2a,p2b
|-supereffective|p2a: Whimsicott|1
|-damage|p2a: Whimsicott|0 fnt
|-damage|p2b: Floette|4/100 brn
|faint|p2a: Whimsicott
|move|p2b: Floette|Dazzling Gleam|p1a: Aerodactyl|[spread] 
|-activate|p1a: Aerodactyl|move: Wide Guard
|-activate|p1b: Delphox|move: Wide Guard
|
|-damage|p2b: Floette|0 fnt|[from] brn
|faint|p2b: Floette
|upkeep
|
|t:|1783375355
|switch|p2a: Basculegion|Basculegion, L50, M|100/100
|switch|p2b: Ninetales|Ninetales, L50, M|100/100
|-weather|SunnyDay|[from] ability: Drought|[of] p2b: Ninetales
|turn|3
|
|t:|1783375378
|move|p1b: Delphox|Protect|p1b: Delphox
|-singleturn|p1b: Delphox|Protect
|move|p2b: Ninetales|Solar Beam||[still]
|-prepare|p2b: Ninetales|Solar Beam
|-anim|p2b: Ninetales|Solar Beam|p1a: Aerodactyl
|-damage|p1a: Aerodactyl|0 fnt
|faint|p1a: Aerodactyl
|move|p2a: Basculegion|Last Respects|p1b: Delphox
|-activate|p1b: Delphox|move: Protect
|
|-weather|SunnyDay|[upkeep]
|upkeep
|
|t:|1783375393
|switch|p1a: Gallade|Gallade, L50, M, shiny|100/100
|turn|4
|
|t:|1783375416
|move|p2b: Ninetales|Solar Beam||[still]
|-prepare|p2b: Ninetales|Solar Beam
|-anim|p2b: Ninetales|Solar Beam|p1a: Gallade
|-damage|p1a: Gallade|70/100
|move|p1b: Delphox|Psychic|p2b: Ninetales
|-damage|p2b: Ninetales|36/100
|move|p2a: Basculegion|Last Respects|p1b: Delphox
|-supereffective|p1b: Delphox|1
|-damage|p1b: Delphox|0 fnt
|faint|p1b: Delphox
|-damage|p2a: Basculegion|90/100|[from] item: Life Orb
|move|p1a: Gallade|Will-O-Wisp|p2a: Basculegion
|-status|p2a: Basculegion|brn
|
|-weather|SunnyDay|[upkeep]
|-damage|p2a: Basculegion|84/100 brn|[from] brn
|-sideend|p1: regulo11|move: Tailwind
|-sideend|p2: damian.200|move: Tailwind
|upkeep
|
|t:|1783375432
|switch|p1b: Sinistcha|Sinistcha-Masterpiece, L50|100/100
|-heal|p1a: Gallade|95/100|[from] ability: Hospitality|[of] p1b: Sinistcha
|turn|5
|
|t:|1783375445
|move|p2b: Ninetales|Solar Beam||[still]
|-prepare|p2b: Ninetales|Solar Beam
|-anim|p2b: Ninetales|Solar Beam|p1b: Sinistcha
|-resisted|p1b: Sinistcha|1
|-damage|p1b: Sinistcha|84/100
|move|p2a: Basculegion|Last Respects|p1b: Sinistcha
|-supereffective|p1b: Sinistcha|1
|-damage|p1b: Sinistcha|0 fnt
|faint|p1b: Sinistcha
|-damage|p2a: Basculegion|74/100 brn|[from] item: Life Orb
|move|p1a: Gallade|Psycho Cut|p2b: Ninetales
|-damage|p2b: Ninetales|0 fnt
|faint|p2b: Ninetales
|-damage|p1a: Gallade|86/100|[from] item: Life Orb
|
|-weather|SunnyDay|[upkeep]
|-damage|p2a: Basculegion|68/100 brn|[from] brn
|upkeep
|turn|6
|c|☆regulo11|lol basculegion is broken
|
|t:|1783375466
|move|p2a: Basculegion|Last Respects|p1a: Gallade
|-supereffective|p1a: Gallade|1
|-damage|p1a: Gallade|0 fnt
|faint|p1a: Gallade
|-damage|p2a: Basculegion|59/100 brn|[from] item: Life Orb
|
|win|damian.200
||regulo11 is ready for game 2.
|l|☆damian.200
|player|p2|
|inactive|damian.200 has 30 seconds to confirm battle start!
||damian.200 is ready for game 2.
|uhtml|next|Next: Game 2 of 3
|l|☆regulo11
|player|p1|
|j|☆damian.200
|player|p2|damian.200|1|
