|j|Ōśåcinderchomp
|j|ŌśåEggyŌĆÖsDad
|html|cinderchompEggyŌĆÖsDad    
|uhtml|bestof|Game 1 of a best-of-3
|t:|1785258586
|gametype|doubles
|player|p1|cinderchomp|170|1017
|player|p2|EggyŌĆÖsDad|102|1161
|gen|9
|tier|[Gen 9 Champions] VGC 2026 Reg M-B (Bo3)
|rated|
|rule|Species Clause: Limit one of each Pok├®mon
|rule|Item Clause: Limit 1 of each item
|clearpoke
|poke|p1|Swampert, L50, F|
|poke|p1|Grimmsnarl, L50, M|
|poke|p1|Archaludon, L50, F|
|poke|p1|Pelipper, L50, F|
|poke|p1|Metagross, L50|
|poke|p1|Sneasler, L50, F|
|poke|p2|Pyroar, L50, M|
|poke|p2|Whimsicott, L50, M|
|poke|p2|Ninetales, L50, M|
|poke|p2|Farigiraf, L50, M|
|poke|p2|Basculegion, L50, M|
|poke|p2|Floette-Eternal, L50, F|
|teampreview|4
|showteam|p1|Swampert||Swampertite|Torrent|IcePunch,WaveCrash,Earthquake,Protect|Adamant||F|||50|]Grimmsnarl||LightClay|Prankster|FoulPlay,Reflect,LightScreen,PartingShot|Calm||M|||50|]Archaludon||Leftovers|Stamina|DragonPulse,FlashCannon,ElectroShot,Protect|Modest||F|||50|]Pelipper||SitrusBerry|Drizzle|Hurricane,WeatherBall,Tailwind,WideGuard|Modest||F|||50|]Metagross||Metagrossite|ClearBody|IronHead,PsychicFangs,BodyPress,Protect|Timid|||||50|]Sneasler||WhiteHerb|Unburden|DireClaw,FakeOut,CloseCombat,Protect|Adamant||F|||50|
|showteam|p2|Pyroar||Pyroarite|Unnerve|HeatWave,SolarBeam,Overheat,Protect|Timid||M|||50|]Whimsicott||FocusSash|Prankster|Moonblast,Tailwind,SunnyDay,Protect|Timid||M|||50|]Ninetales||ChoiceScarf|Drought|Overheat,HeatWave,SolarBeam,FakeTears|Modest||M|||50|]Farigiraf||SitrusBerry|ArmorTail|Thunderbolt,TwinBeam,TrickRoom,HelpingHand|Bold||M|||50|]Basculegion||LifeOrb|Adaptability|WaveCrash,LastRespects,AquaJet,Protect|Adamant||M|||50|]Floette-Eternal||Floettite|FlowerVeil|Moonblast,DazzlingGleam,LightofRuin,Protect|Timid||F|||50|
|c|Ōśåcinderchomp|Good luck ­¤ż×
|inactive|Battle timer is ON: inactive players will automatically lose when time's up. (requested by cinderchomp)
|
|t:|1785258678
|teamsize|p1|4
|teamsize|p2|4
|start
|switch|p1a: Grimmsnarl|Grimmsnarl, L50, M|100/100
|switch|p1b: Sneasler|Sneasler, L50, F|100/100
|switch|p2a: Farigiraf|Farigiraf, L50, M|100/100
|switch|p2b: Ninetales|Ninetales, L50, M|100/100
|-weather|SunnyDay|[from] ability: Drought|[of] p2b: Ninetales
|turn|1
|inactive|EggyŌĆÖsDad has 30 seconds left.
|inactive|EggyŌĆÖsDad has 20 seconds left.
|
|t:|1785258717
|switch|p2b: Whimsicott|Whimsicott, L50, M|100/100
|move|p1b: Sneasler|Close Combat|p2a: Farigiraf
|-damage|p2a: Farigiraf|47/100
|-unboost|p1b: Sneasler|def|1
|-unboost|p1b: Sneasler|spd|1
|-enditem|p2a: Farigiraf|Sitrus Berry|[eat]
|-heal|p2a: Farigiraf|71/100|[from] item: Sitrus Berry
|-enditem|p1b: Sneasler|White Herb
|-clearnegativeboost|p1b: Sneasler|[silent]
|move|p2a: Farigiraf|Twin Beam|p1b: Sneasler
|-supereffective|p1b: Sneasler|2
|-damage|p1b: Sneasler|1/100
|-supereffective|p1b: Sneasler|2
|-damage|p1b: Sneasler|0 fnt
|faint|p1b: Sneasler
|-hitcount|p1: Sneasler|2
|move|p1a: Grimmsnarl|Foul Play|p2a: Farigiraf
|-supereffective|p2a: Farigiraf|1
|-damage|p2a: Farigiraf|25/100
|
|-weather|SunnyDay|[upkeep]
|upkeep
|
|t:|1785258739
|switch|p1b: Metagross|Metagross, L50|100/100
|turn|2
|inactive|EggyŌĆÖsDad has 30 seconds left.
|
|t:|1785258767
|switch|p2a: Ninetales|Ninetales, L50, M|100/100
|detailschange|p1b: Metagross|Metagross-Mega, L50
|-mega|p1b: Metagross|Metagross|Metagrossite
|move|p2b: Whimsicott|Protect|p2b: Whimsicott
|-singleturn|p2b: Whimsicott|Protect
|move|p1a: Grimmsnarl|Light Screen|p1a: Grimmsnarl
|-sidestart|p1: cinderchomp|move: Light Screen
|move|p1b: Metagross|Body Press|p2a: Ninetales
|-damage|p2a: Ninetales|52/100
|
|-weather|SunnyDay|[upkeep]
|upkeep
|turn|3
|inactive|cinderchomp has 30 seconds left.
|inactive|EggyŌĆÖsDad has 30 seconds left.
|inactive|cinderchomp has 20 seconds left.
|inactive|cinderchomp has 15 seconds left.
|inactive|cinderchomp has 10 seconds left.
|
|t:|1785258812
|move|p1a: Grimmsnarl|Parting Shot|p2b: Whimsicott
|-unboost|p2b: Whimsicott|atk|1
|-unboost|p2b: Whimsicott|spa|1
|
|t:|1785258816
|switch|p1a: Swampert|Swampert, L50, F|100/100|[from] Parting Shot
|move|p2a: Ninetales|Overheat|p1b: Metagross|[miss]
|-miss|p2a: Ninetales|p1b: Metagross
|move|p2b: Whimsicott|Moonblast|p1a: Swampert
|-damage|p1a: Swampert|83/100
|move|p1b: Metagross|Psychic Fangs|p2a: Ninetales
|-damage|p2a: Ninetales|0 fnt
|faint|p2a: Ninetales
|
|-weather|SunnyDay|[upkeep]
|upkeep
|
|t:|1785258834
|switch|p2a: Pyroar|Pyroar, L50, M|100/100
|-ability|p2a: Pyroar|Unnerve
|turn|4
|inactive|cinderchomp has 30 seconds left.
|inactive|EggyŌĆÖsDad has 30 seconds left.
|
|t:|1785258868
|detailschange|p2a: Pyroar|Pyroar-Mega, L50, M
|-mega|p2a: Pyroar|Pyroar|Pyroarite
|move|p1a: Swampert|Protect|p1a: Swampert
|-singleturn|p1a: Swampert|Protect
|move|p2a: Pyroar|Heat Wave|p1a: Swampert|[spread] 
|-activate|p1a: Swampert|move: Protect
|-miss|p2a: Pyroar|p1b: Metagross
|move|p2b: Whimsicott|Moonblast|p1b: Metagross
|-resisted|p1b: Metagross|1
|-damage|p1b: Metagross|92/100
|move|p1b: Metagross|Body Press|p2a: Pyroar
|-supereffective|p2a: Pyroar|1
|-damage|p2a: Pyroar|13/100
|
|-weather|SunnyDay|[upkeep]
|upkeep
|turn|5
|c|Ōśåcinderchomp|Rigged af
|inactive|cinderchomp has 30 seconds left.
|inactive|EggyŌĆÖsDad has 30 seconds left.
|inactive|cinderchomp has 20 seconds left.
|
|t:|1785258905
|move|p1b: Metagross|Protect|p1b: Metagross
|-singleturn|p1b: Metagross|Protect
|move|p2a: Pyroar|Heat Wave|p1a: Swampert|[spread] p1a
|-activate|p1b: Metagross|move: Protect
|-resisted|p1a: Swampert|1
|-damage|p1a: Swampert|55/100
|move|p2b: Whimsicott|Moonblast|p1b: Metagross
|-activate|p1b: Metagross|move: Protect
|move|p1a: Swampert|Earthquake|p2b: Whimsicott|[spread] p2a,p2b
|-activate|p1b: Metagross|move: Protect
|-supereffective|p2a: Pyroar|1
|-resisted|p2b: Whimsicott|1
|-damage|p2a: Pyroar|0 fnt
|-damage|p2b: Whimsicott|73/100
|faint|p2a: Pyroar
|
|-weather|none
|upkeep
|
|t:|1785258920
|switch|p2a: Farigiraf|Farigiraf, L50, M|25/100
|turn|6
|
|t:|1785258936
|move|p2b: Whimsicott|Moonblast|p1b: Metagross
|-resisted|p1b: Metagross|1
|-damage|p1b: Metagross|85/100
|-unboost|p1b: Metagross|spa|1
|move|p1b: Metagross|Iron Head|p2b: Whimsicott
|-supereffective|p2b: Whimsicott|1
|-damage|p2b: Whimsicott|0 fnt
|faint|p2b: Whimsicott
|move|p1a: Swampert|Earthquake|p2a: Farigiraf|[spread] p1b,p2a
|-supereffective|p1b: Metagross|1
|-crit|p2a: Farigiraf
|-damage|p1b: Metagross|34/100
|-damage|p2a: Farigiraf|0 fnt
|faint|p2a: Farigiraf
|
|win|cinderchomp
