|j|☆liamj vgc!
|j|☆LynnLynnLynn
|html|liamj vgc!LynnLynnLynn    
|uhtml|bestof|Game 3 of a best-of-3
|t:|1783712383
|gametype|doubles
|player|p1|liamj vgc!|leon-tower|1261
|player|p2|LynnLynnLynn|iris-gen5bw2|1216
|gen|9
|tier|[Gen 9 Champions] VGC 2026 Reg M-B (Bo3)
|rated|
|rule|Species Clause: Limit one of each Pokémon
|rule|Item Clause: Limit 1 of each item
|clearpoke
|poke|p1|Venusaur, L50, M|
|poke|p1|Grimmsnarl, L50, M, shiny|
|poke|p1|Rotom-Wash, L50|
|poke|p1|Ceruledge, L50, M|
|poke|p1|Blastoise, L50, M|
|poke|p1|Farigiraf, L50, M|
|poke|p2|Mawile, L50, F, shiny|
|poke|p2|Charizard, L50, M|
|poke|p2|Farigiraf, L50, M|
|poke|p2|Aerodactyl, L50, F|
|poke|p2|Garchomp, L50, F|
|poke|p2|Sylveon, L50, M|
|teampreview|4
|showteam|p1|Venusaur||Venusaurite|Overgrow|GigaDrain,SludgeBomb,EarthPower,Protect|Modest||M|||50|]Grimmsnarl||LightClay|Prankster|FakeOut,LightScreen,Reflect,PartingShot|Impish||M|||50|]Rotom-Wash||SitrusBerry|Levitate|Thunderbolt,VoltSwitch,WillOWisp,Protect|Modest|||||50|]Ceruledge||ColburBerry|FlashFire|BitterBlade,ShadowSneak,BulkUp,Protect|Jolly||M|||50|]Blastoise||Blastoisinite|Torrent|WaterSpout,DarkPulse,FakeOut,Protect|Modest||M|||50|]Farigiraf||MentalHerb|ArmorTail|TrickRoom,HelpingHand,TwinBeam,RainDance|Bold||M|||50|
|showteam|p2|Mawile||Mawilite|HyperCutter|SuckerPunch,PlayRough,IronHead,Protect|Adamant||F|||50|]Charizard||CharizarditeY|Blaze|HeatWave,SolarBeam,WeatherBall,Protect|Modest||M|||50|]Farigiraf||SitrusBerry|ArmorTail|HyperVoice,Thunderbolt,TrickRoom,Protect|Quiet||M|||50|]Aerodactyl||FocusSash|Unnerve|Tailwind,RockSlide,DualWingbeat,WideGuard|Jolly||F|||50|]Garchomp||LifeOrb|RoughSkin|RockSlide,StompingTantrum,DragonClaw,Protect|Jolly||F|||50|]Sylveon||FairyFeather|Pixilate|HyperVoice,QuickAttack,Yawn,Protect|Modest||M|||50|
|inactive|Battle timer is ON: inactive players will automatically lose when time's up. (requested by liamj vgc!)
|
|t:|1783712400
|teamsize|p1|4
|teamsize|p2|4
|start
|switch|p1a: Grimmsnarl|Grimmsnarl, L50, M, shiny|100/100
|switch|p1b: Venusaur|Venusaur, L50, M|100/100
|switch|p2a: Charizard|Charizard, L50, M|100/100
|switch|p2b: Garchomp|Garchomp, L50, F|100/100
|turn|1
|j| ssuausasj
|inactive|liamj vgc! has 30 seconds left.
|inactive|liamj vgc! has 20 seconds left.
|
|t:|1783712437
|switch|p2b: Farigiraf|Farigiraf, L50, M|100/100
|detailschange|p2a: Charizard|Charizard-Mega-Y, L50, M
|-mega|p2a: Charizard|Charizard|Charizardite Y
|-weather|SunnyDay|[from] ability: Drought|[of] p2a: Charizard
|detailschange|p1b: Venusaur|Venusaur-Mega, L50, M
|-mega|p1b: Venusaur|Venusaur|Venusaurite
|move|p1a: Grimmsnarl|Light Screen|p1a: Grimmsnarl
|-sidestart|p1: liamj vgc!|move: Light Screen
|move|p2a: Charizard|Heat Wave|p1b: Venusaur|[spread] p1b
|-miss|p2a: Charizard|p1a: Grimmsnarl
|-supereffective|p1b: Venusaur|1
|-damage|p1b: Venusaur|64/100
|move|p1b: Venusaur|Giga Drain|p2b: Farigiraf
|-damage|p2b: Farigiraf|62/100
|-heal|p1b: Venusaur|89/100|[from] drain|[of] p2b: Farigiraf
|
|-weather|SunnyDay|[upkeep]
|upkeep
|turn|2
|inactive|liamj vgc! has 30 seconds left.
|
|t:|1783712469
|switch|p2b: Aerodactyl|Aerodactyl, L50, F|100/100
|-ability|p2b: Aerodactyl|Unnerve
|move|p1a: Grimmsnarl|Reflect|p1a: Grimmsnarl
|-sidestart|p1: liamj vgc!|Reflect
|move|p2a: Charizard|Weather Ball|p1b: Venusaur
|-supereffective|p1b: Venusaur|1
|-damage|p1b: Venusaur|40/100
|move|p1b: Venusaur|Giga Drain|p2b: Aerodactyl
|-damage|p2b: Aerodactyl|49/100
|-heal|p1b: Venusaur|63/100|[from] drain|[of] p2b: Aerodactyl
|
|-weather|SunnyDay|[upkeep]
|upkeep
|turn|3
|
|t:|1783712490
|move|p1b: Venusaur|Protect|p1b: Venusaur
|-singleturn|p1b: Venusaur|Protect
|move|p1a: Grimmsnarl|Parting Shot|p2a: Charizard
|-unboost|p2a: Charizard|atk|1
|-unboost|p2a: Charizard|spa|1
|
|t:|1783712507
|switch|p1a: Ceruledge|Ceruledge, L50, M|100/100|[from] Parting Shot
|move|p2b: Aerodactyl|Tailwind|p2b: Aerodactyl
|-sidestart|p2: LynnLynnLynn|move: Tailwind
|move|p2a: Charizard|Weather Ball|p1a: Ceruledge
|-start|p1a: Ceruledge|ability: Flash Fire
|
|-weather|SunnyDay|[upkeep]
|upkeep
|turn|4
|
|t:|1783712526
|switch|p2a: Garchomp|Garchomp, L50, F|100/100
|move|p2b: Aerodactyl|Rock Slide|p1a: Ceruledge|[spread] p1a,p1b
|-supereffective|p1a: Ceruledge|1
|-damage|p1a: Ceruledge|54/100
|-damage|p1b: Venusaur|49/100
|cant|p1a: Ceruledge|flinch
|cant|p1b: Venusaur|flinch
|
|-weather|SunnyDay|[upkeep]
|upkeep
|turn|5
|inactive|liamj vgc! has 30 seconds left.
|
|t:|1783712555
|move|p2b: Aerodactyl|Dual Wingbeat|p1b: Venusaur
|-supereffective|p1b: Venusaur|1
|-damage|p1b: Venusaur|26/100
|-supereffective|p1b: Venusaur|1
|-damage|p1b: Venusaur|5/100
|-hitcount|p1b: Venusaur|2
|move|p2a: Garchomp|Rock Slide|p1a: Ceruledge|[spread] p1a,p1b
|-supereffective|p1a: Ceruledge|1
|-damage|p1a: Ceruledge|7/100
|-damage|p1b: Venusaur|0 fnt
|faint|p1b: Venusaur
|-damage|p2a: Garchomp|90/100|[from] item: Life Orb
|move|p1a: Ceruledge|Bitter Blade|p2a: Garchomp
|-resisted|p2a: Garchomp|1
|-damage|p2a: Garchomp|38/100
|-heal|p1a: Ceruledge|39/100|[from] drain|[of] p2a: Garchomp
|-damage|p1a: Ceruledge|27/100|[from] ability: Rough Skin|[of] p2a: Garchomp
|
|-weather|none
|upkeep
|inactive|liamj vgc! has 30 seconds left.
|inactive|liamj vgc! has 20 seconds left.
|inactive|liamj vgc! has 15 seconds left.
|inactive|liamj vgc! has 10 seconds left.
|
|t:|1783712603
|switch|p1b: Rotom|Rotom-Wash, L50|100/100
|turn|6
|
|t:|1783712614
|move|p1a: Ceruledge|Protect|p1a: Ceruledge
|-singleturn|p1a: Ceruledge|Protect
|move|p2b: Aerodactyl|Rock Slide|p1a: Ceruledge|[spread] p1b
|-activate|p1a: Ceruledge|move: Protect
|-damage|p1b: Rotom|82/100
|move|p2a: Garchomp|Rock Slide|p1a: Ceruledge|[spread] p1b
|-activate|p1a: Ceruledge|move: Protect
|-damage|p1b: Rotom|65/100
|-damage|p2a: Garchomp|28/100|[from] item: Life Orb
|cant|p1b: Rotom|flinch
|
|-sideend|p2: LynnLynnLynn|move: Tailwind
|upkeep
|turn|7
|
|t:|1783712631
|-end|p1a: Ceruledge|ability: Flash Fire|[silent]
|switch|p1a: Grimmsnarl|Grimmsnarl, L50, M, shiny|100/100
|move|p2b: Aerodactyl|Rock Slide|p1a: Grimmsnarl|[spread] p1a,p1b
|-damage|p1a: Grimmsnarl|85/100
|-damage|p1b: Rotom|47/100
|move|p2a: Garchomp|Rock Slide|p1a: Grimmsnarl|[spread] p1a,p1b
|-damage|p1a: Grimmsnarl|70/100
|-damage|p1b: Rotom|29/100
|-damage|p2a: Garchomp|19/100|[from] item: Life Orb
|move|p1b: Rotom|Will-O-Wisp|p2a: Garchomp|[miss]
|-miss|p1b: Rotom|p2a: Garchomp
|
|upkeep
|turn|8
|inactive|liamj vgc! has 30 seconds left.
|
|t:|1783712658
|switch|p2a: Farigiraf|Farigiraf, L50, M|62/100
|move|p1a: Grimmsnarl|Fake Out||[still]
|cant|p2a: Farigiraf|ability: Armor Tail|Fake Out|[of] p1a: Grimmsnarl
|move|p2b: Aerodactyl|Tailwind|p2b: Aerodactyl
|-sidestart|p2: LynnLynnLynn|move: Tailwind
|move|p1b: Rotom|Volt Switch|p2b: Aerodactyl
|-supereffective|p2b: Aerodactyl|1
|-damage|p2b: Aerodactyl|0 fnt
|-enditem|p1b: Rotom|Sitrus Berry|[eat]
|-heal|p1b: Rotom|54/100|[from] item: Sitrus Berry
|faint|p2b: Aerodactyl
|
|t:|1783712667
|switch|p1b: Ceruledge|Ceruledge, L50, M|27/100|[from] Volt Switch
|
|-sideend|p1: liamj vgc!|move: Light Screen
|upkeep
|
|t:|1783712673
|switch|p2b: Garchomp|Garchomp, L50, F|19/100
|turn|9
|inactive|liamj vgc! has 30 seconds left.
|inactive|liamj vgc! has 20 seconds left.
|
|t:|1783712709
|move|p1b: Ceruledge|Protect|p1b: Ceruledge
|-singleturn|p1b: Ceruledge|Protect
|move|p1a: Grimmsnarl|Light Screen|p1a: Grimmsnarl
|-sidestart|p1: liamj vgc!|move: Light Screen
|move|p2b: Garchomp|Rock Slide|p1a: Grimmsnarl|[spread] p1a
|-activate|p1b: Ceruledge|move: Protect
|-damage|p1a: Grimmsnarl|55/100
|-damage|p2b: Garchomp|9/100|[from] item: Life Orb
|move|p2a: Farigiraf|Thunderbolt|p1b: Ceruledge
|-activate|p1b: Ceruledge|move: Protect
|
|-sideend|p1: liamj vgc!|Reflect
|upkeep
|turn|10
|
|t:|1783712727
|switch|p1b: Rotom|Rotom-Wash, L50|54/100
|move|p1a: Grimmsnarl|Reflect|p1a: Grimmsnarl
|-sidestart|p1: liamj vgc!|Reflect
|move|p2b: Garchomp|Dragon Claw|p1b: Rotom
|-damage|p1b: Rotom|16/100
|-damage|p2b: Garchomp|0 fnt|[from] item: Life Orb
|faint|p2b: Garchomp
|move|p2a: Farigiraf|Thunderbolt|p1b: Rotom
|-damage|p1b: Rotom|0 fnt
|faint|p1b: Rotom
|
|upkeep
|
|t:|1783712738
|switch|p2b: Charizard|Charizard-Mega-Y, L50, M|100/100
|switch|p1b: Ceruledge|Ceruledge, L50, M|27/100
|-weather|SunnyDay|[from] ability: Drought|[of] p2b: Charizard
|turn|11
|
|t:|1783712758
|move|p1b: Ceruledge|Protect|p1b: Ceruledge
|-singleturn|p1b: Ceruledge|Protect
|move|p1a: Grimmsnarl|Parting Shot||[still]
|cant|p2a: Farigiraf|ability: Armor Tail|Parting Shot|[of] p1a: Grimmsnarl
|move|p2b: Charizard|Weather Ball|p1a: Grimmsnarl
|-damage|p1a: Grimmsnarl|4/100
|move|p2a: Farigiraf|Thunderbolt|p1b: Ceruledge
|-activate|p1b: Ceruledge|move: Protect
|
|-weather|SunnyDay|[upkeep]
|-sideend|p2: LynnLynnLynn|move: Tailwind
|upkeep
|turn|12
|
|t:|1783712771
|move|p1a: Grimmsnarl|Parting Shot||[still]
|cant|p2a: Farigiraf|ability: Armor Tail|Parting Shot|[of] p1a: Grimmsnarl
|move|p1b: Ceruledge|Bitter Blade|p2a: Farigiraf
|-damage|p2a: Farigiraf|0 fnt
|-heal|p1b: Ceruledge|74/100|[from] drain|[of] p2a: Farigiraf
|faint|p2a: Farigiraf
|move|p2b: Charizard|Solar Beam||[still]
|-prepare|p2b: Charizard|Solar Beam
|-anim|p2b: Charizard|Solar Beam|p1b: Ceruledge
|-resisted|p1b: Ceruledge|1
|-damage|p1b: Ceruledge|57/100
|
|-weather|SunnyDay|[upkeep]
|upkeep
|turn|13
|-message|LynnLynnLynn forfeited.
|raw|liamj vgc!'s rating: 1261 → 1283(+22 for winning)
|raw|LynnLynnLynn's rating: 1216 → 1194(-22 for losing)
|
|win|liamj vgc!
|l|☆LynnLynnLynn
|player|p2|
|l| ssuausasj
