|j|☆Zevenit
|j|☆syvliesdaddy
|html|Zevenitsyvliesdaddy    
|uhtml|bestof|Game 3 of a best-of-3
|t:|1757752671
|gametype|doubles
|player|p1|Zevenit|hoopster|1206
|player|p2|syvliesdaddy|pokefan-gen4|1046
|gen|9
|tier|[Gen 9] VGC 2025 Reg H (Bo3)
|rated|
|rule|Species Clause: Limit one of each Pokémon
|rule|Item Clause: Limit 1 of each item
|clearpoke
|poke|p1|Charizard, L50, F|
|poke|p1|Torkoal, L50, F|
|poke|p1|Porygon2, L50|
|poke|p1|Incineroar, L50, M|
|poke|p1|Jumpluff, L50, F|
|poke|p1|Ursaluna, L50, M|
|poke|p2|Sneasler, L50, F|
|poke|p2|Indeedee, L50, M|
|poke|p2|Ursaluna-Bloodmoon, L50, M|
|poke|p2|Electabuzz, L50, F|
|poke|p2|Incineroar, L50, M|
|poke|p2|Talonflame, L50, M|
|teampreview|4
|showteam|p1|Charizard||ChoiceSpecs|SolarPower|HeatWave,Overheat,WeatherBall,AirSlash|||F|||50|,,,,,Ghost]Torkoal||EjectPack|Drought|Eruption,Overheat,HelpingHand,Protect|||F|||50|,,,,,Fire]Porygon2||Eviolite|Download|TeraBlast,IceBeam,Recover,TrickRoom||||||50|,,,,,Fighting]Incineroar||SitrusBerry|Intimidate|FlareBlitz,KnockOff,FakeOut,PartingShot|||M|||50|,,,,,Ghost]Jumpluff||CovertCloak|Chlorophyll|SleepPowder,SunnyDay,RagePowder,Tailwind|||F|||50|,,,,,Water]Ursaluna||FlameOrb|Guts|HeadlongRush,Facade,Earthquake,Protect|||M|||50|,,,,,Ghost
|showteam|p2|Sneasler||PsychicSeed|Unburden|CloseCombat,DireClaw,ThroatChop,Protect|||F|||50|,,,,,Dark]Indeedee||FocusSash|PsychicSurge|ExpandingForce,TrickRoom,HelpingHand,Protect|||M|||50|,,,,,Psychic]Ursaluna-Bloodmoon||LifeOrb|MindsEye|BloodMoon,HyperVoice,EarthPower,Protect|||M|||50|,,,,,Normal]Electabuzz||Eviolite|VitalSpirit|Electroweb,FollowMe,Taunt,Protect|||F|||50|,,,,,Dragon]Incineroar||SafetyGoggles|Intimidate|FlareBlitz,KnockOff,PartingShot,FakeOut|||M|||50|,,,,,Ghost]Talonflame||CovertCloak|GaleWings|FlareBlitz,DualWingbeat,WillOWisp,Tailwind|||M|||50|,,,,,Fairy
|inactive|Battle timer is ON: inactive players will automatically lose when time's up. (requested by Zevenit)
|inactive|syvliesdaddy also wants the timer to be on.
|inactive|syvliesdaddy has 60 seconds left.
|
|t:|1757752718
|teamsize|p1|4
|teamsize|p2|4
|start
|switch|p1a: Torkoal|Torkoal, L50, F|100/100
|switch|p1b: Jumpluff|Jumpluff, L50, F|100/100
|switch|p2a: Electabuzz|Electabuzz, L50, F|100/100
|switch|p2b: Talonflame|Talonflame, L50, M|100/100
|-weather|SunnyDay|[from] ability: Drought|[of] p1a: Torkoal
|turn|1
|inactive|Zevenit has 30 seconds left.
|
|t:|1757752744
|-terastallize|p1a: Torkoal|Fire
|move|p2b: Talonflame|Tailwind|p2b: Talonflame
|-sidestart|p2: syvliesdaddy|move: Tailwind
|move|p1b: Jumpluff|Tailwind|p1b: Jumpluff
|-sidestart|p1: Zevenit|move: Tailwind
|move|p2a: Electabuzz|Taunt|p1b: Jumpluff
|-start|p1b: Jumpluff|move: Taunt
|move|p1a: Torkoal|Overheat|p2a: Electabuzz
|-damage|p2a: Electabuzz|5/100
|-unboost|p1a: Torkoal|spa|2
|-enditem|p1a: Torkoal|Eject Pack
|
|t:|1757752756
|switch|p1a: Charizard|Charizard, L50, F|100/100
|
|-weather|SunnyDay|[upkeep]
|-damage|p1a: Charizard|88/100|[from] ability: Solar Power|[of] p1a: Charizard
|upkeep
|turn|2
|
|t:|1757752781
|switch|p1b: Incineroar|Incineroar, L50, M|100/100
|-ability|p1b: Incineroar|Intimidate|boost
|-unboost|p2a: Electabuzz|atk|1
|-unboost|p2b: Talonflame|atk|1
|switch|p1a: Torkoal|Torkoal, L50, F, tera:Fire|100/100
|move|p2a: Electabuzz|Protect|p2a: Electabuzz
|-singleturn|p2a: Electabuzz|Protect
|move|p2b: Talonflame|Flare Blitz|p1b: Incineroar
|-resisted|p1b: Incineroar
|-damage|p1b: Incineroar|78/100
|-damage|p2b: Talonflame|91/100|[from] Recoil
|
|-weather|SunnyDay|[upkeep]
|upkeep
|turn|3
|inactive|Zevenit has 30 seconds left.
|
|t:|1757752809
|move|p2a: Electabuzz|Protect||[still]
|-fail|p2a: Electabuzz
|move|p2b: Talonflame|Flare Blitz|p1a: Torkoal
|-resisted|p1a: Torkoal
|-damage|p1a: Torkoal|83/100
|-damage|p2b: Talonflame|84/100|[from] Recoil
|move|p1b: Incineroar|Knock Off|p2b: Talonflame
|-damage|p2b: Talonflame|21/100
|-enditem|p2b: Talonflame|Covert Cloak|[from] move: Knock Off|[of] p1b: Incineroar
|move|p1a: Torkoal|Eruption|p2b: Talonflame|[spread] p2a,p2b
|-resisted|p2b: Talonflame
|-damage|p2a: Electabuzz|0 fnt
|-damage|p2b: Talonflame|0 fnt
|faint|p2a: Electabuzz
|faint|p2b: Talonflame
|
|-weather|SunnyDay|[upkeep]
|upkeep
|
|t:|1757752817
|switch|p2b: Sneasler|Sneasler, L50, F|100/100
|switch|p2a: Indeedee|Indeedee, L50, M|100/100
|-fieldstart|move: Psychic Terrain|[from] ability: Psychic Surge|[of] p2a: Indeedee
|-enditem|p2b: Sneasler|Psychic Seed
|-boost|p2b: Sneasler|spd|1|[from] item: Psychic Seed
|turn|4
|inactive|Zevenit has 30 seconds left.
|inactive|Zevenit has 20 seconds left.
|
|t:|1757752856
|-terastallize|p2a: Indeedee|Psychic
|move|p2b: Sneasler|Dire Claw|p1b: Incineroar
|-damage|p1b: Incineroar|32/100
|-status|p1b: Incineroar|slp
|-enditem|p1b: Incineroar|Sitrus Berry|[eat]
|-heal|p1b: Incineroar|56/100 slp|[from] item: Sitrus Berry
|move|p2a: Indeedee|Expanding Force|p1b: Incineroar|[spread] p1a
|-immune|p1b: Incineroar
|-damage|p1a: Torkoal|0 fnt
|faint|p1a: Torkoal
|cant|p1b: Incineroar|slp
|
|-weather|SunnyDay|[upkeep]
|-sideend|p2: syvliesdaddy|move: Tailwind
|-sideend|p1: Zevenit|move: Tailwind
|upkeep
|
|t:|1757752868
|switch|p1a: Jumpluff|Jumpluff, L50, F|100/100
|turn|5
|
|t:|1757752881
|move|p2b: Sneasler|Protect|p2b: Sneasler
|-singleturn|p2b: Sneasler|Protect
|move|p2a: Indeedee|Protect|p2a: Indeedee
|-singleturn|p2a: Indeedee|Protect
|move|p1a: Jumpluff|Sleep Powder|p2b: Sneasler
|-activate|p2b: Sneasler|move: Protect
|cant|p1b: Incineroar|slp
|
|-weather|none
|upkeep
|turn|6
|inactive|Zevenit has 30 seconds left.
|inactive|syvliesdaddy has 30 seconds left.
|
|t:|1757752914
|move|p2b: Sneasler|Close Combat|p1b: Incineroar
|-supereffective|p1b: Incineroar
|-damage|p1b: Incineroar|0 fnt
|-unboost|p2b: Sneasler|def|1
|-unboost|p2b: Sneasler|spd|1
|faint|p1b: Incineroar
|move|p1a: Jumpluff|Sunny Day|p1a: Jumpluff
|-weather|SunnyDay
|move|p2a: Indeedee|Expanding Force|p1a: Jumpluff
|-damage|p1a: Jumpluff|0 fnt
|faint|p1a: Jumpluff
|
|-weather|SunnyDay|[upkeep]
|upkeep
|
|t:|1757752918
|switch|p1a: Charizard|Charizard, L50, F|88/100
|turn|7
|
|t:|1757752928
|move|p2b: Sneasler|Dire Claw|p1a: Charizard
|-damage|p1a: Charizard|27/100
|-status|p1a: Charizard|psn
|move|p1a: Charizard|Heat Wave|p2b: Sneasler|[spread] p2b
|-miss|p1a: Charizard|p2a: Indeedee
|-damage|p2b: Sneasler|0 fnt
|faint|p2b: Sneasler
|move|p2a: Indeedee|Expanding Force|p1a: Charizard
|-damage|p1a: Charizard|0 fnt
|faint|p1a: Charizard
|
|win|syvliesdaddy
|raw|Zevenit's rating: 1206 → 1170(-36 for losing)
|raw|syvliesdaddy's rating: 1046 → 1093(+47 for winning)
