|j|☆lox1sm
|j|☆jikada2
|html|lox1smjikada2    
|uhtml|bestof|Game 1 of a best-of-3
|t:|1783075775
|gametype|doubles
|player|p1|lox1sm|veteran|1294
|player|p2|jikada2|2|1288
|gen|9
|tier|[Gen 9 Champions] VGC 2026 Reg M-B (Bo3)
|rated|
|rule|Species Clause: Limit one of each Pokémon
|rule|Item Clause: Limit 1 of each item
|clearpoke
|poke|p1|Charizard, L50, F|
|poke|p1|Aerodactyl, L50, F|
|poke|p1|Garchomp, L50, F|
|poke|p1|Kingambit, L50, M|
|poke|p1|Farigiraf, L50, M|
|poke|p1|Primarina, L50, M|
|poke|p2|Blastoise, L50, F|
|poke|p2|Delphox, L50, F|
|poke|p2|Incineroar, L50, F|
|poke|p2|Sneasler, L50, M|
|poke|p2|Sinistcha, L50|
|poke|p2|Maushold-Four, L50|
|teampreview|4
|showteam|p1|Charizard||CharizarditeY|Blaze|HeatWave,WeatherBall,SolarBeam,Protect|Modest||F|||50|]Aerodactyl||Aerodactylite|RockHead|RockSlide,IceFang,Tailwind,Protect|Jolly||F|||50|]Garchomp||LifeOrb|RoughSkin|DragonClaw,Earthquake,RockSlide,Protect|Jolly||F|||50|]Kingambit||FocusSash|Defiant|KowtowCleave,SuckerPunch,IronHead,LowKick|Adamant||M|||50|]Farigiraf||ExpertBelt|ArmorTail|Psychic,DazzlingGleam,Thunderbolt,TrickRoom|Modest||M|||50|]Primarina||MysticWater|LiquidVoice|HyperVoice,Moonblast,Haze,Protect|Modest||M|||50|
|showteam|p2|Blastoise||Blastoisinite|Torrent|ShellSmash,Protect,WaterSpout,DarkPulse|Modest||F|||50|]Delphox||Delphoxite|Blaze|HeatWave,Psyshock,NastyPlot,Protect|Timid||F|||50|]Incineroar||SitrusBerry|Intimidate|FakeOut,FlareBlitz,ThroatChop,PartingShot|Impish||F|||50|]Sneasler||FocusSash|PoisonTouch|FakeOut,CloseCombat,DireClaw,QuickGuard|Jolly||M|||50|]Sinistcha||KasibBerry|Hospitality|MatchaGotcha,LifeDew,RagePowder,Protect|Bold|||||50|]Maushold-Four||ChopleBerry|FriendGuard|SuperFang,Feint,FollowMe,Protect|Impish|||||50|
|
|t:|1783075827
|teamsize|p1|4
|teamsize|p2|4
|start
|switch|p1a: Aerodactyl|Aerodactyl, L50, F|100/100
|switch|p1b: Primarina|Primarina, L50, M|100/100
|switch|p2a: Blastoise|Blastoise, L50, F|100/100
|switch|p2b: Sneasler|Sneasler, L50, M|100/100
|turn|1
|inactive|Battle timer is ON: inactive players will automatically lose when time's up. (requested by lox1sm)
|inactive|lox1sm has 60 seconds left.
|
|t:|1783075888
|switch|p1b: Farigiraf|Farigiraf, L50, M|100/100
|detailschange|p2a: Blastoise|Blastoise-Mega, L50, F
|-mega|p2a: Blastoise|Blastoise|Blastoisinite
|move|p2b: Sneasler|Fake Out||[still]
|cant|p1b: Farigiraf|ability: Armor Tail|Fake Out|[of] p2b: Sneasler
|move|p1a: Aerodactyl|Tailwind|p1a: Aerodactyl
|-sidestart|p1: lox1sm|move: Tailwind
|move|p2a: Blastoise|Shell Smash|p2a: Blastoise
|-unboost|p2a: Blastoise|def|1
|-unboost|p2a: Blastoise|spd|1
|-boost|p2a: Blastoise|atk|2
|-boost|p2a: Blastoise|spa|2
|-boost|p2a: Blastoise|spe|2
|
|upkeep
|turn|2
|inactive|lox1sm has 30 seconds left.
|inactive|lox1sm has 20 seconds left.
|inactive|lox1sm has 15 seconds left.
|inactive|jikada2 has 30 seconds left.
|
|t:|1783075929
|switch|p2b: Maushold|Maushold-Four, L50|100/100
|move|p1a: Aerodactyl|Protect|p1a: Aerodactyl
|-singleturn|p1a: Aerodactyl|Protect
|move|p2a: Blastoise|Protect|p2a: Blastoise
|-singleturn|p2a: Blastoise|Protect
|move|p1b: Farigiraf|Thunderbolt|p2a: Blastoise
|-activate|p2a: Blastoise|move: Protect
|
|upkeep
|turn|3
|
|t:|1783075949
|move|p2b: Maushold|Follow Me|p2b: Maushold
|-singleturn|p2b: Maushold|move: Follow Me
|move|p1a: Aerodactyl|Rock Slide|p2b: Maushold|[spread] p2a,p2b
|-damage|p2a: Blastoise|75/100
|-damage|p2b: Maushold|76/100
|cant|p2a: Blastoise|flinch
|move|p1b: Farigiraf|Dazzling Gleam|p2b: Maushold|[spread] p2a,p2b
|-damage|p2a: Blastoise|53/100
|-damage|p2b: Maushold|54/100
|
|upkeep
|turn|4
|
|t:|1783075974
|switch|p1b: Primarina|Primarina, L50, M|100/100
|detailschange|p1a: Aerodactyl|Aerodactyl-Mega, L50, F
|-mega|p1a: Aerodactyl|Aerodactyl|Aerodactylite
|move|p2a: Blastoise|Protect|p2a: Blastoise
|-singleturn|p2a: Blastoise|Protect
|move|p1a: Aerodactyl|Rock Slide|p2a: Blastoise|[spread] p2b
|-activate|p2a: Blastoise|move: Protect
|-damage|p2b: Maushold|30/100
|move|p2b: Maushold|Super Fang|p1a: Aerodactyl
|-damage|p1a: Aerodactyl|50/100g
|
|-sideend|p1: lox1sm|move: Tailwind
|upkeep
|turn|5
|
|t:|1783075994
|move|p1a: Aerodactyl|Protect|p1a: Aerodactyl
|-singleturn|p1a: Aerodactyl|Protect
|move|p2b: Maushold|Feint|p1a: Aerodactyl
|-activate|p1a: Aerodactyl|move: Feint
|-resisted|p1a: Aerodactyl|1
|-damage|p1a: Aerodactyl|45/100
|move|p2a: Blastoise|Water Spout|p1b: Primarina|[spread] p1a,p1b
|-supereffective|p1a: Aerodactyl|1
|-resisted|p1b: Primarina|1
|-damage|p1a: Aerodactyl|0 fnt
|-damage|p1b: Primarina|63/100
|faint|p1a: Aerodactyl
|move|p1b: Primarina|Haze|p1b: Primarina
|-clearallboost
|
|upkeep
|
|t:|1783076015
|switch|p1a: Farigiraf|Farigiraf, L50, M|100/100
|turn|6
|
|t:|1783076030
|move|p2b: Maushold|Super Fang|p1a: Farigiraf
|-damage|p1a: Farigiraf|50/100g
|move|p2a: Blastoise|Dark Pulse|p1a: Farigiraf
|-supereffective|p1a: Farigiraf|1
|-damage|p1a: Farigiraf|0 fnt
|faint|p1a: Farigiraf
|move|p1b: Primarina|Haze|p1b: Primarina
|-clearallboost
|
|upkeep
|
|t:|1783076039
|switch|p1a: Charizard|Charizard, L50, F|100/100
|turn|7
|
|t:|1783076045
|move|p1a: Charizard|Protect|p1a: Charizard
|-singleturn|p1a: Charizard|Protect
|move|p2b: Maushold|Follow Me|p2b: Maushold
|-singleturn|p2b: Maushold|move: Follow Me
|move|p2a: Blastoise|Shell Smash|p2a: Blastoise
|-unboost|p2a: Blastoise|def|1
|-unboost|p2a: Blastoise|spd|1
|-boost|p2a: Blastoise|atk|2
|-boost|p2a: Blastoise|spa|2
|-boost|p2a: Blastoise|spe|2
|move|p1b: Primarina|Moonblast|p2b: Maushold
|-damage|p2b: Maushold|0 fnt
|faint|p2b: Maushold
|
|upkeep
|
|t:|1783076056
|switch|p2b: Sinistcha|Sinistcha, L50|100/100
|-heal|p2a: Blastoise|78/100|[from] ability: Hospitality|[of] p2b: Sinistcha
|turn|8
|-message|lox1sm forfeited.
|
|win|jikada2
||lox1sm is ready for game 2.
||jikada2 is ready for game 2.
|uhtml|next|Next: Game 2 of 3
|l|☆jikada2
|player|p2|
