|j|☆Saw725
|j|☆ENDERLANDA
|html|Saw725ENDERLANDA    
|uhtml|bestof|Game 1 of a best-of-3
|t:|1785605738
|gametype|doubles
|player|p1|Saw725|gentleman-gen4|1298
|player|p2|ENDERLANDA|170|1231
|gen|9
|tier|[Gen 9 Champions] VGC 2026 Reg M-B (Bo3)
|rated|
|rule|Species Clause: Limit one of each Pokémon
|rule|Item Clause: Limit 1 of each item
|clearpoke
|poke|p1|Charizard, L50, M|
|poke|p1|Basculegion, L50, M|
|poke|p1|Pelipper, L50, F|
|poke|p1|Venusaur, L50, M|
|poke|p1|Grimmsnarl, L50, M|
|poke|p1|Archaludon, L50, M|
|poke|p2|Charizard, L50, M|
|poke|p2|Milotic, L50, F|
|poke|p2|Grimmsnarl, L50, M|
|poke|p2|Sinistcha, L50|
|poke|p2|Incineroar, L50, F|
|poke|p2|Floette-Eternal, L50, F|
|teampreview|4
|showteam|p1|Charizard||CharizarditeY|Blaze|Protect,HeatWave,WeatherBall,SolarBeam|Modest||M|||50|]Basculegion||ChoiceScarf|Adaptability|LastRespects,WaveCrash,AquaJet,FlipTurn|Jolly||M|||50|]Pelipper||SitrusBerry|Drizzle|Hurricane,WeatherBall,Tailwind,WideGuard|Modest||F|||50|]Venusaur||FocusSash|Chlorophyll|SludgeBomb,SleepPowder,EarthPower,Protect|Modest||M|||50|]Grimmsnarl||LightClay|Prankster|SpiritBreak,PartingShot,Reflect,LightScreen|Sassy||M|||50|]Archaludon||Leftovers|Stamina|ElectroShot,DragonPulse,FlashCannon,Protect|Calm||M|||50|
|showteam|p2|Charizard||CharizarditeX|Blaze|Protect,DragonRush,FlareBlitz,DragonDance|Adamant||M|||50|]Milotic||Leftovers|Competitive|Coil,MuddyWater,Hypnosis,Protect|Calm||F|||50|]Grimmsnarl||LightClay|Prankster|LightScreen,Reflect,SpiritBreak,PartingShot|Impish||M|||50|]Sinistcha||ColburBerry|Hospitality|MatchaGotcha,TrickRoom,RagePowder,Protect|Calm|||||50|]Incineroar||SitrusBerry|Intimidate|FakeOut,FlareBlitz,PartingShot,ThroatChop|Adamant||F|||50|]Floette-Eternal||Floettite|FlowerVeil|Protect,Moonblast,DazzlingGleam,CalmMind|Modest||F|||50|
|inactive|Battle timer is ON: inactive players will automatically lose when time's up. (requested by ENDERLANDA)
|inactive|ENDERLANDA has 60 seconds left.
|
|t:|1785605830
|teamsize|p1|4
|teamsize|p2|4
|start
|switch|p1a: Charizard|Charizard, L50, M|100/100
|switch|p1b: Venusaur|Venusaur, L50, M|100/100
|switch|p2a: Charizard|Charizard, L50, M|100/100
|switch|p2b: Incineroar|Incineroar, L50, F|100/100
|-ability|p2b: Incineroar|Intimidate|boost
|-unboost|p1a: Charizard|atk|1
|-unboost|p1b: Venusaur|atk|1
|turn|1
|inactive|Saw725 has 30 seconds left.
|inactive|Saw725 has 20 seconds left.
|inactive|Saw725 has 15 seconds left.
|inactive|Saw725 has 10 seconds left.
|
|t:|1785605876
|switch|p1a: Pelipper|Pelipper, L50, F|100/100
|-weather|RainDance|[from] ability: Drizzle|[of] p1a: Pelipper
|switch|p1b: Archaludon|Archaludon, L50, M|100/100
|detailschange|p2a: Charizard|Charizard-Mega-X, L50, M
|-mega|p2a: Charizard|Charizard|Charizardite X
|move|p2b: Incineroar|Fake Out|p1b: Archaludon
|-resisted|p1b: Archaludon|1
|-damage|p1b: Archaludon|95/100
|-ability|p1b: Archaludon|Stamina|boost
|-boost|p1b: Archaludon|def|1
|move|p2a: Charizard|Dragon Dance|p2a: Charizard
|-boost|p2a: Charizard|atk|1
|-boost|p2a: Charizard|spe|1
|
|-weather|RainDance|[upkeep]
|-heal|p1b: Archaludon|100/100|[from] item: Leftovers
|upkeep
|turn|2
|inactive|Saw725 has 30 seconds left.
|inactive|Saw725 has 20 seconds left.
|inactive|Saw725 has 15 seconds left.
|
|t:|1785605920
|move|p2a: Charizard|Protect|p2a: Charizard
|-singleturn|p2a: Charizard|Protect
|move|p1b: Archaludon|Electro Shot||[still]
|-prepare|p1b: Archaludon|Electro Shot
|-boost|p1b: Archaludon|spa|1
|-anim|p1b: Archaludon|Electro Shot|p2b: Incineroar
|-damage|p2b: Incineroar|58/100
|move|p1a: Pelipper|Tailwind|p1a: Pelipper
|-sidestart|p1: Saw725|move: Tailwind
|move|p2b: Incineroar|Parting Shot|p1b: Archaludon
|-unboost|p1b: Archaludon|atk|1
|-unboost|p1b: Archaludon|spa|1
|
|t:|1785605934
|switch|p2b: Sinistcha|Sinistcha, L50|100/100|[from] Parting Shot
|
|-weather|RainDance|[upkeep]
|upkeep
|turn|3
|
|t:|1785605952
|move|p2b: Sinistcha|Rage Powder|p2b: Sinistcha
|-singleturn|p2b: Sinistcha|move: Rage Powder
|move|p1b: Archaludon|Electro Shot||[still]
|-prepare|p1b: Archaludon|Electro Shot
|-boost|p1b: Archaludon|spa|1
|-anim|p1b: Archaludon|Electro Shot|p2b: Sinistcha
|-resisted|p2b: Sinistcha|1
|-damage|p2b: Sinistcha|75/100
|move|p2a: Charizard|Dragon Dance|p2a: Charizard
|-boost|p2a: Charizard|atk|1
|-boost|p2a: Charizard|spe|1
|move|p1a: Pelipper|Hurricane|p2b: Sinistcha
|-supereffective|p2b: Sinistcha|1
|-damage|p2b: Sinistcha|1/100
|
|-weather|RainDance|[upkeep]
|upkeep
|turn|4
|
|t:|1785605977
|move|p2b: Sinistcha|Rage Powder|p2b: Sinistcha
|-singleturn|p2b: Sinistcha|move: Rage Powder
|move|p2a: Charizard|Dragon Dance|p2a: Charizard
|-boost|p2a: Charizard|atk|1
|-boost|p2a: Charizard|spe|1
|move|p1b: Archaludon|Electro Shot||[still]
|-prepare|p1b: Archaludon|Electro Shot
|-boost|p1b: Archaludon|spa|1
|-anim|p1b: Archaludon|Electro Shot|p2b: Sinistcha
|-resisted|p2b: Sinistcha|1
|-damage|p2b: Sinistcha|0 fnt
|faint|p2b: Sinistcha
|move|p1a: Pelipper|Weather Ball|p2a: Charizard
|-damage|p2a: Charizard|29/100
|
|-weather|RainDance|[upkeep]
|upkeep
|
|t:|1785605986
|switch|p2b: Grimmsnarl|Grimmsnarl, L50, M|100/100
|turn|5
|inactive|Saw725 has 30 seconds left.
|inactive|Saw725 has 20 seconds left.
|
|t:|1785606024
|move|p2b: Grimmsnarl|Light Screen|p2b: Grimmsnarl
|-sidestart|p2: ENDERLANDA|move: Light Screen
|move|p2a: Charizard|Dragon Rush|p1b: Archaludon
|-damage|p1b: Archaludon|14/100
|-ability|p1b: Archaludon|Stamina|boost
|-boost|p1b: Archaludon|def|1
|move|p1b: Archaludon|Dragon Pulse|p2a: Charizard
|-supereffective|p2a: Charizard|1
|-damage|p2a: Charizard|0 fnt
|faint|p2a: Charizard
|move|p1a: Pelipper|Weather Ball|p2b: Grimmsnarl
|-damage|p2b: Grimmsnarl|62/100
|
|-weather|none
|-heal|p1b: Archaludon|20/100y|[from] item: Leftovers
|-sideend|p1: Saw725|move: Tailwind
|upkeep
|
|t:|1785606032
|switch|p2a: Incineroar|Incineroar, L50, F|58/100
|-ability|p2a: Incineroar|Intimidate|boost
|-unboost|p1a: Pelipper|atk|1
|-unboost|p1b: Archaludon|atk|1
|turn|6
|
|t:|1785606049
|switch|p1a: Charizard|Charizard, L50, M|100/100
|move|p1b: Archaludon|Protect|p1b: Archaludon
|-singleturn|p1b: Archaludon|Protect
|move|p2a: Incineroar|Flare Blitz|p1b: Archaludon
|-activate|p1b: Archaludon|move: Protect
|move|p2b: Grimmsnarl|Spirit Break|p1a: Charizard
|-resisted|p1a: Charizard|1
|-damage|p1a: Charizard|84/100
|-unboost|p1a: Charizard|spa|1
|
|-heal|p1b: Archaludon|26/100|[from] item: Leftovers
|upkeep
|turn|7
|
|t:|1785606068
|detailschange|p1a: Charizard|Charizard-Mega-Y, L50, M
|-mega|p1a: Charizard|Charizard|Charizardite Y
|-weather|SunnyDay|[from] ability: Drought|[of] p1a: Charizard
|move|p1a: Charizard|Weather Ball|p2b: Grimmsnarl
|-damage|p2b: Grimmsnarl|25/100
|move|p1b: Archaludon|Dragon Pulse|p2a: Incineroar
|-damage|p2a: Incineroar|20/100y
|-enditem|p2a: Incineroar|Sitrus Berry|[eat]
|-heal|p2a: Incineroar|45/100|[from] item: Sitrus Berry
|move|p2a: Incineroar|Flare Blitz|p1b: Archaludon
|-damage|p1b: Archaludon|0 fnt
|faint|p1b: Archaludon
|-damage|p2a: Incineroar|37/100|[from] Recoil
|move|p2b: Grimmsnarl|Spirit Break|p1a: Charizard
|-resisted|p1a: Charizard|1
|-damage|p1a: Charizard|69/100
|-unboost|p1a: Charizard|spa|1
|
|-weather|SunnyDay|[upkeep]
|upkeep
|
|t:|1785606083
|switch|p1b: Venusaur|Venusaur, L50, M|100/100
|turn|8
|
|t:|1785606093
|move|p1b: Venusaur|Earth Power|p2a: Incineroar
|-supereffective|p2a: Incineroar|1
|-damage|p2a: Incineroar|7/100
|move|p1a: Charizard|Heat Wave|p2b: Grimmsnarl|[spread] p2a,p2b
|-resisted|p2a: Incineroar|1
|-damage|p2a: Incineroar|0 fnt
|-damage|p2b: Grimmsnarl|8/100
|faint|p2a: Incineroar
|move|p2b: Grimmsnarl|Spirit Break|p1a: Charizard
|-resisted|p1a: Charizard|1
|-damage|p1a: Charizard|52/100
|-unboost|p1a: Charizard|spa|1
|
|-weather|SunnyDay|[upkeep]
|upkeep
|turn|9
|
|t:|1785606101
|move|p1b: Venusaur|Earth Power|p2b: Grimmsnarl
|-damage|p2b: Grimmsnarl|0 fnt
|faint|p2b: Grimmsnarl
|
|win|Saw725
||Saw725 is ready for game 2.
