|j|☆goodfish6211
|j|☆G3N13
|html|goodfish6211G3N13    
|uhtml|bestof|Game 2 of a best-of-3
|t:|1784797343
|gametype|doubles
|player|p1|goodfish6211|102|1127
|player|p2|G3N13|n|1167
|gen|9
|tier|[Gen 9 Champions] VGC 2026 Reg M-B (Bo3)
|rated|
|rule|Species Clause: Limit one of each Pokémon
|rule|Item Clause: Limit 1 of each item
|clearpoke
|poke|p1|Incineroar, L50, M|
|poke|p1|Sneasler, L50, F, shiny|
|poke|p1|Whimsicott, L50, M|
|poke|p1|Sinistcha-Masterpiece, L50|
|poke|p1|Sylveon, L50, M, shiny|
|poke|p1|Tyranitar, L50, F|
|poke|p2|Blastoise, L50, F|
|poke|p2|Corviknight, L50, M|
|poke|p2|Garchomp, L50, F|
|poke|p2|Grimmsnarl, L50, M|
|poke|p2|Sinistcha, L50|
|poke|p2|Blaziken, L50, M|
|teampreview|4
|showteam|p1|Incineroar||PasshoBerry|Intimidate|FakeOut,FlareBlitz,DarkestLariat,PartingShot|Adamant||M|||50|]Sneasler||WhiteHerb|Unburden|CloseCombat,FakeOut,DireClaw,Protect|Adamant||F|||50|]Whimsicott||FocusSash|Prankster|Tailwind,Moonblast,Encore,Protect|Timid||M|||50|]Sinistcha-Masterpiece||SitrusBerry|Hospitality|MatchaGotcha,TrickRoom,RagePowder,Protect|Bold|||||50|]Sylveon||LifeOrb|Pixilate|HyperVoice,QuickAttack,DrainingKiss,Protect|Modest||M|||50|]Tyranitar||Tyranitarite|SandStream|KnockOff,RockSlide,DragonDance,Protect|Adamant||F|||50|
|showteam|p2|Blastoise||Blastoisinite|Torrent|WaterSpout,FakeOut,ShellSmash,Protect|Modest||F|||50|]Corviknight||Leftovers|MirrorArmor|BraveBird,IronHead,Protect,Tailwind|Adamant||M|||50|]Garchomp||LifeOrb|RoughSkin|Earthquake,RockSlide,Protect,DragonClaw|Jolly||F|||50|]Grimmsnarl||LightClay|Prankster|FakeOut,SpiritBreak,Reflect,LightScreen|Adamant||M|||50|]Sinistcha||SitrusBerry|Hospitality|TrickRoom,RagePowder,MatchaGotcha,Protect|Calm|||||50|]Blaziken||Blazikenite|SpeedBoost|FlareBlitz,CloseCombat,Protect,Uturn|Adamant||M|||50|
|inactive|Battle timer is ON: inactive players will automatically lose when time's up. (requested by goodfish6211)
|inactive|goodfish6211 has 60 seconds left.
|
|t:|1784797388
|teamsize|p1|4
|teamsize|p2|4
|start
|switch|p1a: Sneasler|Sneasler, L50, F, shiny|100/100
|switch|p1b: Whimsicott|Whimsicott, L50, M|100/100
|switch|p2a: Grimmsnarl|Grimmsnarl, L50, M|100/100
|switch|p2b: Blaziken|Blaziken, L50, M|100/100
|turn|1
|inactive|G3N13 has 30 seconds left.
|inactive|G3N13 has 20 seconds left.
|
|t:|1784797426
|detailschange|p2b: Blaziken|Blaziken-Mega, L50, M
|-mega|p2b: Blaziken|Blaziken|Blazikenite
|move|p1b: Whimsicott|Protect|p1b: Whimsicott
|-singleturn|p1b: Whimsicott|Protect
|move|p2a: Grimmsnarl|Reflect|p2a: Grimmsnarl
|-sidestart|p2: G3N13|Reflect
|move|p1a: Sneasler|Close Combat|p2b: Blaziken
|-damage|p2b: Blaziken|50/100y
|-unboost|p1a: Sneasler|def|1
|-unboost|p1a: Sneasler|spd|1
|-enditem|p1a: Sneasler|White Herb
|-clearnegativeboost|p1a: Sneasler|[silent]
|move|p2b: Blaziken|Flare Blitz|p1b: Whimsicott
|-activate|p1b: Whimsicott|move: Protect
|
|-ability|p2b: Blaziken|Speed Boost|boost
|-boost|p2b: Blaziken|spe|1
|upkeep
|turn|2
|inactive|goodfish6211 has 30 seconds left.
|inactive|G3N13 has 30 seconds left.
|
|t:|1784797459
|move|p1a: Sneasler|Protect|p1a: Sneasler
|-singleturn|p1a: Sneasler|Protect
|move|p1b: Whimsicott|Tailwind|p1b: Whimsicott
|-sidestart|p1: goodfish6211|move: Tailwind
|move|p2b: Blaziken|Flare Blitz|p1a: Sneasler
|-activate|p1a: Sneasler|move: Protect
|move|p2a: Grimmsnarl|Spirit Break|p1b: Whimsicott
|-damage|p1b: Whimsicott|47/100
|-unboost|p1b: Whimsicott|spa|1
|
|-ability|p2b: Blaziken|Speed Boost|boost
|-boost|p2b: Blaziken|spe|1
|upkeep
|turn|3
|
|t:|1784797473
|switch|p1b: Incineroar|Incineroar, L50, M|100/100
|-ability|p1b: Incineroar|Intimidate|boost
|-unboost|p2a: Grimmsnarl|atk|1
|-unboost|p2b: Blaziken|atk|1
|move|p1a: Sneasler|Close Combat|p2b: Blaziken
|-damage|p2b: Blaziken|0 fnt
|-unboost|p1a: Sneasler|def|1
|-unboost|p1a: Sneasler|spd|1
|faint|p2b: Blaziken
|move|p2a: Grimmsnarl|Spirit Break|p1b: Incineroar
|-damage|p1b: Incineroar|77/100
|-unboost|p1b: Incineroar|spa|1
|
|upkeep
|
|t:|1784797481
|switch|p2b: Garchomp|Garchomp, L50, F|100/100
|turn|4
|
|t:|1784797487
|switch|p2a: Corviknight|Corviknight, L50, M|100/100
|move|p1b: Incineroar|Fake Out|p2b: Garchomp
|-damage|p2b: Garchomp|91/100
|-damage|p1b: Incineroar|64/100|[from] ability: Rough Skin|[of] p2b: Garchomp
|move|p1a: Sneasler|Dire Claw|p2a: Corviknight
|-immune|p2a: Corviknight
|cant|p2b: Garchomp|flinch
|
|upkeep
|turn|5
|inactive|goodfish6211 has 30 seconds left.
|
|t:|1784797521
|move|p1a: Sneasler|Close Combat|p2b: Garchomp
|-damage|p2b: Garchomp|43/100
|-unboost|p1a: Sneasler|def|1
|-unboost|p1a: Sneasler|spd|1
|-damage|p1a: Sneasler|87/100|[from] ability: Rough Skin|[of] p2b: Garchomp
|move|p2b: Garchomp|Earthquake|p1a: Sneasler|[spread] p1a,p1b
|-immune|p2a: Corviknight
|-supereffective|p1a: Sneasler|1
|-supereffective|p1b: Incineroar|1
|-damage|p1a: Sneasler|0 fnt
|-damage|p1b: Incineroar|0 fnt
|faint|p1a: Sneasler
|faint|p1b: Incineroar
|-damage|p2b: Garchomp|33/100|[from] item: Life Orb
|move|p2a: Corviknight|Tailwind|p2a: Corviknight
|-sidestart|p2: G3N13|move: Tailwind
|
|-sideend|p1: goodfish6211|move: Tailwind
|upkeep
|
|t:|1784797525
|switch|p1a: Whimsicott|Whimsicott, L50, M|47/100
|switch|p1b: Tyranitar|Tyranitar, L50, F|100/100
|-weather|Sandstorm|[from] ability: Sand Stream|[of] p1b: Tyranitar
|turn|6
|
|t:|1784797545
|move|p1b: Tyranitar|Protect|p1b: Tyranitar
|-singleturn|p1b: Tyranitar|Protect
|move|p1a: Whimsicott|Encore|p2a: Corviknight
|-start|p2a: Corviknight|Encore
|move|p2b: Garchomp|Earthquake|p1b: Tyranitar|[spread] p1a
|-activate|p1b: Tyranitar|move: Protect
|-immune|p2a: Corviknight
|-resisted|p1a: Whimsicott|1
|-damage|p1a: Whimsicott|7/100
|-damage|p2b: Garchomp|23/100|[from] item: Life Orb
|move|p2a: Corviknight|Tailwind||[still]
|-fail|p2a: Corviknight
|
|-weather|Sandstorm|[upkeep]
|-damage|p1a: Whimsicott|1/100|[from] Sandstorm
|upkeep
|turn|7
|inactive|goodfish6211 has 30 seconds left.
|inactive|goodfish6211 has 20 seconds left.
|
|t:|1784797583
|switch|p2a: Grimmsnarl|Grimmsnarl, L50, M|100/100
|detailschange|p1b: Tyranitar|Tyranitar-Mega, L50, F
|-mega|p1b: Tyranitar|Tyranitar|Tyranitarite
|move|p2b: Garchomp|Protect|p2b: Garchomp
|-singleturn|p2b: Garchomp|Protect
|move|p1a: Whimsicott|Tailwind|p1a: Whimsicott
|-sidestart|p1: goodfish6211|move: Tailwind
|move|p1b: Tyranitar|Dragon Dance|p1b: Tyranitar
|-boost|p1b: Tyranitar|atk|1
|-boost|p1b: Tyranitar|spe|1
|
|-weather|Sandstorm|[upkeep]
|-damage|p1a: Whimsicott|0 fnt|[from] Sandstorm
|-damage|p2a: Grimmsnarl|93/100|[from] Sandstorm
|faint|p1a: Whimsicott
|upkeep
|turn|8
|inactive|G3N13 has 30 seconds left.
|inactive|G3N13 has 20 seconds left.
|inactive|G3N13 has 15 seconds left.
|inactive|G3N13 has 10 seconds left.
|
|t:|1784797629
|switch|p2b: Corviknight|Corviknight, L50, M|100/100
|move|p1b: Tyranitar|Protect|p1b: Tyranitar
|-singleturn|p1b: Tyranitar|Protect
|move|p2a: Grimmsnarl|Spirit Break|p1b: Tyranitar
|-activate|p1b: Tyranitar|move: Protect
|
|-weather|Sandstorm|[upkeep]
|-damage|p2a: Grimmsnarl|87/100|[from] Sandstorm
|-sideend|p2: G3N13|Reflect
|-sideend|p2: G3N13|move: Tailwind
|upkeep
|turn|9
|
|t:|1784797649
|move|p2a: Grimmsnarl|Reflect|p2a: Grimmsnarl
|-sidestart|p2: G3N13|Reflect
|move|p1b: Tyranitar|Dragon Dance|p1b: Tyranitar
|-boost|p1b: Tyranitar|atk|1
|-boost|p1b: Tyranitar|spe|1
|move|p2b: Corviknight|Iron Head|p1b: Tyranitar
|-supereffective|p1b: Tyranitar|1
|-damage|p1b: Tyranitar|59/100
|
|-weather|Sandstorm|[upkeep]
|-damage|p2a: Grimmsnarl|81/100|[from] Sandstorm
|upkeep
|turn|10
|
|t:|1784797658
|move|p1b: Tyranitar|Rock Slide|p2b: Corviknight|[spread] p2a,p2b
|-damage|p2a: Grimmsnarl|26/100
|-damage|p2b: Corviknight|51/100
|move|p2b: Corviknight|Iron Head|p1b: Tyranitar
|-supereffective|p1b: Tyranitar|1
|-damage|p1b: Tyranitar|17/100
|move|p2a: Grimmsnarl|Spirit Break|p1b: Tyranitar
|-supereffective|p1b: Tyranitar|1
|-damage|p1b: Tyranitar|0 fnt
|faint|p1b: Tyranitar
|
|win|G3N13
||goodfish6211 is ready for game 3.
