|j|☆Dawsonschris
|j|☆Joseph Terastalin
|html|DawsonschrisJoseph Terastalin    
|uhtml|bestof|Game 1 of a best-of-3
|t:|1757250253
|gametype|doubles
|player|p1|Dawsonschris|artist-gen4|1158
|player|p2|Joseph Terastalin|blaine|1051
|gen|9
|tier|[Gen 9] VGC 2025 Reg H (Bo3)
|rated|
|rule|Species Clause: Limit one of each Pokémon
|rule|Item Clause: Limit 1 of each item
|clearpoke
|poke|p1|Ursaluna-Bloodmoon, L50, M|
|poke|p1|Electabuzz, L50, F|
|poke|p1|Sneasler, L50, M|
|poke|p1|Indeedee, L50, M|
|poke|p1|Whimsicott, L50, F|
|poke|p1|Typhlosion-Hisui, L50, F|
|poke|p2|Venusaur, L50, M|
|poke|p2|Torkoal, L50, M|
|poke|p2|Tyranitar, L50, F|
|poke|p2|Farigiraf, L50, F|
|poke|p2|Electabuzz, L50, F|
|poke|p2|Whimsicott, L50, F|
|teampreview|4
|showteam|p1|Ursaluna-Bloodmoon||LifeOrb|MindsEye|Protect,BloodMoon,EarthPower,HyperVoice|||M|||50|,,,,,Normal]Electabuzz||Eviolite|VitalSpirit|FollowMe,Taunt,Electroweb,Protect|||F|||50|,,,,,Dragon]Sneasler||PsychicSeed|Unburden|ThroatChop,DireClaw,CloseCombat,Protect|||M|||50|,,,,,Dark]Indeedee||FocusSash|PsychicSurge|ExpandingForce,TrickRoom,HelpingHand,Protect|||M|||50|,,,,,Psychic]Whimsicott||CovertCloak|Prankster|Tailwind,Moonblast,Encore,SunnyDay|||F|||50|,,,,,Ghost]Typhlosion-Hisui||ChoiceSpecs|Blaze|Eruption,HeatWave,ShadowBall,Overheat|||F|||50|,,,,,Fire
|showteam|p2|Venusaur||LifeOrb|Chlorophyll|Protect,SludgeBomb,GigaDrain,WeatherBall|||M|||50|,,,,,Rock]Torkoal||EjectPack|Drought|Overheat,BodyPress,HelpingHand,Yawn|||M|||50|,,,,,Grass]Tyranitar||ChoiceBand|SandStream|RockSlide,KnockOff,TeraBlast,HeavySlam|||F|||50|,,,,,Flying]Farigiraf||ThroatSpray|ArmorTail|Protect,HyperVoice,Psychic,TrickRoom|||F|||50|,,,,,Fairy]Electabuzz||Eviolite|VitalSpirit|Electroweb,Taunt,FollowMe,VoltSwitch|||F|||50|,,,,,Fairy]Whimsicott||FocusSash|Prankster|MistyTerrain,Tailwind,Moonblast,Endeavor|||F|||50|,,,,,Rock
|inactive|Battle timer is ON: inactive players will automatically lose when time's up. (requested by Joseph Terastalin)
|
|t:|1757250293
|teamsize|p1|4
|teamsize|p2|4
|start
|switch|p1a: Electabuzz|Electabuzz, L50, F|100/100
|switch|p1b: Ursaluna|Ursaluna-Bloodmoon, L50, M|100/100
|switch|p2a: Venusaur|Venusaur, L50, M|100/100
|switch|p2b: Torkoal|Torkoal, L50, M|100/100
|-weather|SunnyDay|[from] ability: Drought|[of] p2b: Torkoal
|turn|1
|inactive|Joseph Terastalin has 30 seconds left.
|
|t:|1757250324
|switch|p2b: Tyranitar|Tyranitar, L50, F|100/100
|-weather|Sandstorm|[from] ability: Sand Stream|[of] p2b: Tyranitar
|-terastallize|p2a: Venusaur|Rock
|move|p1a: Electabuzz|Follow Me|p1a: Electabuzz
|-singleturn|p1a: Electabuzz|move: Follow Me
|move|p2a: Venusaur|Giga Drain|p1a: Electabuzz
|-damage|p1a: Electabuzz|65/100
|-damage|p2a: Venusaur|91/100|[from] item: Life Orb
|move|p1b: Ursaluna|Earth Power|p2b: Tyranitar
|-supereffective|p2b: Tyranitar
|-damage|p2b: Tyranitar|31/100
|-damage|p1b: Ursaluna|91/100|[from] item: Life Orb
|
|-weather|Sandstorm|[upkeep]
|-damage|p1a: Electabuzz|60/100|[from] Sandstorm
|upkeep
|turn|2
|inactive|Dawsonschris has 30 seconds left.
|
|t:|1757250358
|switch|p2b: Farigiraf|Farigiraf, L50, F|100/100
|-terastallize|p1b: Ursaluna|Normal
|move|p2a: Venusaur|Protect|p2a: Venusaur
|-singleturn|p2a: Venusaur|Protect
|move|p1a: Electabuzz|Follow Me|p1a: Electabuzz
|-singleturn|p1a: Electabuzz|move: Follow Me
|move|p1b: Ursaluna|Earth Power|p2a: Venusaur
|-activate|p2a: Venusaur|move: Protect
|
|-weather|Sandstorm|[upkeep]
|-damage|p1a: Electabuzz|54/100|[from] Sandstorm
|-damage|p1b: Ursaluna|85/100|[from] Sandstorm
|-damage|p2b: Farigiraf|95/100|[from] Sandstorm
|upkeep
|turn|3
|inactive|Dawsonschris has 30 seconds left.
|
|t:|1757250385
|move|p1a: Electabuzz|Taunt|p2b: Farigiraf
|-start|p2b: Farigiraf|move: Taunt
|move|p2a: Venusaur|Weather Ball|p1b: Ursaluna
|-damage|p1b: Ursaluna|4/100
|-damage|p2a: Venusaur|82/100|[from] item: Life Orb
|move|p1b: Ursaluna|Earth Power|p2a: Venusaur
|-supereffective|p2a: Venusaur
|-damage|p2a: Venusaur|0 fnt
|faint|p2a: Venusaur
|-damage|p1b: Ursaluna|0 fnt|[from] item: Life Orb
|faint|p1b: Ursaluna
|cant|p2b: Farigiraf|move: Taunt|Trick Room
|
|-weather|Sandstorm|[upkeep]
|-damage|p1a: Electabuzz|48/100|[from] Sandstorm
|-damage|p2b: Farigiraf|89/100|[from] Sandstorm
|upkeep
|
|t:|1757250408
|switch|p2a: Torkoal|Torkoal, L50, M|100/100
|switch|p1b: Typhlosion|Typhlosion-Hisui, L50, F|100/100
|-weather|SunnyDay|[from] ability: Drought|[of] p2a: Torkoal
|turn|4
|inactive|Joseph Terastalin has 30 seconds left.
|
|t:|1757250434
|switch|p2b: Tyranitar|Tyranitar, L50, F|31/100
|-weather|Sandstorm|[from] ability: Sand Stream|[of] p2b: Tyranitar
|move|p1a: Electabuzz|Follow Me|p1a: Electabuzz
|-singleturn|p1a: Electabuzz|move: Follow Me
|move|p1b: Typhlosion|Eruption|p2b: Tyranitar|[spread] p2a,p2b
|-resisted|p2a: Torkoal
|-resisted|p2b: Tyranitar
|-damage|p2a: Torkoal|59/100
|-damage|p2b: Tyranitar|10/100
|move|p2a: Torkoal|Overheat|p1a: Electabuzz
|-damage|p1a: Electabuzz|14/100
|-unboost|p2a: Torkoal|spa|2
|-enditem|p2a: Torkoal|Eject Pack
|
|t:|1757250439
|switch|p2a: Farigiraf|Farigiraf, L50, F|89/100
|
|-weather|Sandstorm|[upkeep]
|-damage|p1a: Electabuzz|8/100|[from] Sandstorm
|-damage|p1b: Typhlosion|94/100|[from] Sandstorm
|-damage|p2a: Farigiraf|83/100|[from] Sandstorm
|upkeep
|turn|5
|inactive|Joseph Terastalin has 30 seconds left.
|
|t:|1757250473
|switch|p1b: Whimsicott|Whimsicott, L50, F|100/100
|move|p1a: Electabuzz|Taunt|p2a: Farigiraf
|-start|p2a: Farigiraf|move: Taunt
|move|p2b: Tyranitar|Knock Off|p1b: Whimsicott
|-resisted|p1b: Whimsicott
|-damage|p1b: Whimsicott|48/100
|-enditem|p1b: Whimsicott|Covert Cloak|[from] move: Knock Off|[of] p2b: Tyranitar
|cant|p2a: Farigiraf|move: Taunt|Trick Room
|
|-weather|Sandstorm|[upkeep]
|-damage|p1b: Whimsicott|42/100|[from] Sandstorm
|-damage|p1a: Electabuzz|2/100|[from] Sandstorm
|-damage|p2a: Farigiraf|77/100|[from] Sandstorm
|upkeep
|turn|6
|inactive|Joseph Terastalin has 30 seconds left.
|
|t:|1757250502
|switch|p2b: Torkoal|Torkoal, L50, M|59/100
|-weather|SunnyDay|[from] ability: Drought|[of] p2b: Torkoal
|move|p1b: Whimsicott|Moonblast|p2b: Torkoal
|-resisted|p2b: Torkoal
|-damage|p2b: Torkoal|44/100
|move|p1a: Electabuzz|Electroweb|p2a: Farigiraf|[spread] p2a,p2b
|-damage|p2a: Farigiraf|65/100
|-damage|p2b: Torkoal|28/100
|-unboost|p2a: Farigiraf|spe|1
|-unboost|p2b: Torkoal|spe|1
|move|p2a: Farigiraf|Hyper Voice|p1a: Electabuzz|[spread] p1a,p1b
|-damage|p1a: Electabuzz|0 fnt
|-damage|p1b: Whimsicott|0 fnt
|faint|p1a: Electabuzz
|faint|p1b: Whimsicott
|-enditem|p2a: Farigiraf|Throat Spray
|-boost|p2a: Farigiraf|spa|1|[from] item: Throat Spray
|
|-weather|SunnyDay|[upkeep]
|upkeep
|
|t:|1757250522
|switch|p1b: Typhlosion|Typhlosion-Hisui, L50, F|94/100
|turn|7
|
|t:|1757250535
|switch|p2b: Tyranitar|Tyranitar, L50, F|10/100
|-weather|Sandstorm|[from] ability: Sand Stream|[of] p2b: Tyranitar
|move|p1b: Typhlosion|Heat Wave|p2a: Farigiraf|[spread] p2a,p2b
|-crit|p2a: Farigiraf
|-resisted|p2b: Tyranitar
|-damage|p2a: Farigiraf|0 fnt
|-damage|p2b: Tyranitar|0 fnt
|faint|p2a: Farigiraf
|faint|p2b: Tyranitar
|
|-weather|Sandstorm|[upkeep]
|-damage|p1b: Typhlosion|88/100|[from] Sandstorm
|upkeep
|
|t:|1757250539
|switch|p2b: Torkoal|Torkoal, L50, M|28/100
|-weather|SunnyDay|[from] ability: Drought|[of] p2b: Torkoal
|turn|8
|
|t:|1757250550
|move|p1b: Typhlosion|Heat Wave|p2b: Torkoal
|-resisted|p2b: Torkoal
|-damage|p2b: Torkoal|0 fnt
|faint|p2b: Torkoal
|
|win|Dawsonschris
