|j|☆Vikingsfan18!
|j|☆homerj71
|html|Vikingsfan18!homerj71    
|uhtml|bestof|Game 1 of a best-of-3
|t:|1784802065
|gametype|doubles
|player|p1|Vikingsfan18!|blue|1179
|player|p2|homerj71|101|1086
|gen|9
|tier|[Gen 9 Champions] VGC 2026 Reg M-B (Bo3)
|rated|
|rule|Species Clause: Limit one of each Pokémon
|rule|Item Clause: Limit 1 of each item
|clearpoke
|poke|p1|Venusaur, L50, M|
|poke|p1|Basculegion, L50, M|
|poke|p1|Garchomp, L50, F|
|poke|p1|Charizard, L50, M|
|poke|p1|Raichu, L50, F|
|poke|p1|Farigiraf, L50, M|
|poke|p2|Sneasler, L50, M|
|poke|p2|Sinistcha, L50|
|poke|p2|Incineroar, L50, M|
|poke|p2|Kingambit, L50, M|
|poke|p2|Delphox, L50, M|
|poke|p2|Blastoise, L50, F|
|teampreview|4
|showteam|p1|Venusaur||FocusSash|Chlorophyll|SludgeBomb,LeafStorm,SleepPowder,Protect|Modest||M|||50|]Basculegion||ChoiceScarf|SwiftSwim|WaveCrash,FlipTurn,AquaJet,LastRespects|Jolly||M|||50|]Garchomp||LifeOrb|RoughSkin|RockSlide,DragonClaw,Earthquake,Protect|Adamant||F|||50|]Charizard||CharizarditeY|Blaze|HeatWave,WeatherBall,SolarBeam,Protect|Modest||M|||50|]Raichu||RaichuniteY|LightningRod|ZapCannon,FocusBlast,FakeOut,Protect|Timid||F|||50|]Farigiraf||ColburBerry|ArmorTail|Thunderbolt,Psychic,HelpingHand,TrickRoom|Modest||M|||50|
|showteam|p2|Sneasler||FocusSash|PoisonTouch|FakeOut,QuickGuard,DireClaw,CloseCombat|Jolly||M|||50|]Sinistcha||OccaBerry|Hospitality|Protect,RagePowder,MatchaGotcha,TrickRoom|Relaxed|||||50|]Incineroar||SitrusBerry|Intimidate|FakeOut,FlareBlitz,ThroatChop,PartingShot|Careful||M|||50|]Kingambit||BlackGlasses|Defiant|KowtowCleave,SwordsDance,SuckerPunch,Protect|Adamant||M|||50|]Delphox||Delphoxite|Blaze|Protect,NastyPlot,HeatWave,Psyshock|Timid||M|||50|]Blastoise||Blastoisinite|RainDish|WaterSpout,DarkPulse,Protect,ShellSmash|Modest||F|||50|
|inactive|Battle timer is ON: inactive players will automatically lose when time's up. (requested by homerj71)
|inactive|Vikingsfan18! has 60 seconds left.
|
|t:|1784802105
|teamsize|p1|4
|teamsize|p2|4
|start
|switch|p1a: Charizard|Charizard, L50, M|100/100
|switch|p1b: Venusaur|Venusaur, L50, M|100/100
|switch|p2a: Delphox|Delphox, L50, M|100/100
|switch|p2b: Sneasler|Sneasler, L50, M|100/100
|turn|1
|
|t:|1784802121
|detailschange|p2a: Delphox|Delphox-Mega, L50, M
|-mega|p2a: Delphox|Delphox|Delphoxite
|move|p1b: Venusaur|Protect|p1b: Venusaur
|-singleturn|p1b: Venusaur|Protect
|move|p1a: Charizard|Protect|p1a: Charizard
|-singleturn|p1a: Charizard|Protect
|move|p2b: Sneasler|Fake Out|p1b: Venusaur
|-activate|p1b: Venusaur|move: Protect
|move|p2a: Delphox|Nasty Plot|p2a: Delphox
|-boost|p2a: Delphox|spa|2
|
|upkeep
|turn|2
|
|t:|1784802141
|detailschange|p1a: Charizard|Charizard-Mega-Y, L50, M
|-mega|p1a: Charizard|Charizard|Charizardite Y
|-weather|SunnyDay|[from] ability: Drought|[of] p1a: Charizard
|move|p1b: Venusaur|Sleep Powder|p2a: Delphox
|-status|p2a: Delphox|slp|[from] move: Sleep Powder
|cant|p2a: Delphox|slp
|move|p2b: Sneasler|Dire Claw|p1b: Venusaur
|-damage|p1b: Venusaur|44/100
|move|p1a: Charizard|Heat Wave|p2b: Sneasler|[spread] p2b
|-miss|p1a: Charizard|p2a: Delphox
|-damage|p2b: Sneasler|4/100
|
|-weather|SunnyDay|[upkeep]
|upkeep
|turn|3
|
|t:|1784802161
|move|p1b: Venusaur|Sludge Bomb|p2a: Delphox
|-damage|p2a: Delphox|60/100 slp
|cant|p2a: Delphox|slp
|move|p2b: Sneasler|Dire Claw|p1a: Charizard
|-damage|p1a: Charizard|52/100
|move|p1a: Charizard|Heat Wave|p2a: Delphox|[spread] p2a,p2b
|-resisted|p2a: Delphox|1
|-damage|p2a: Delphox|29/100 slp
|-damage|p2b: Sneasler|0 fnt
|faint|p2b: Sneasler
|
|-weather|SunnyDay|[upkeep]
|upkeep
|
|t:|1784802169
|switch|p2b: Sinistcha|Sinistcha, L50|100/100
|-heal|p2a: Delphox|54/100 slp|[from] ability: Hospitality|[of] p2b: Sinistcha
|turn|4
|
|t:|1784802180
|move|p1b: Venusaur|Protect|p1b: Venusaur
|-singleturn|p1b: Venusaur|Protect
|move|p2b: Sinistcha|Protect|p2b: Sinistcha
|-singleturn|p2b: Sinistcha|Protect
|-curestatus|p2a: Delphox|slp|[msg]
|move|p2a: Delphox|Heat Wave|p1a: Charizard|[spread] p1a
|-activate|p1b: Venusaur|move: Protect
|-resisted|p1a: Charizard|1
|-damage|p1a: Charizard|0 fnt
|faint|p1a: Charizard
|
|-weather|SunnyDay|[upkeep]
|upkeep
|
|t:|1784802191
|switch|p1a: Basculegion|Basculegion, L50, M|100/100
|turn|5
|
|t:|1784802197
|switch|p2b: Kingambit|Kingambit, L50, M|100/100
|move|p2a: Delphox|Protect|p2a: Delphox
|-singleturn|p2a: Delphox|Protect
|move|p1b: Venusaur|Sleep Powder|p2a: Delphox
|-activate|p2a: Delphox|move: Protect
|move|p1a: Basculegion|Last Respects|p2b: Kingambit
|-resisted|p2b: Kingambit|1
|-damage|p2b: Kingambit|81/100
|
|-weather|SunnyDay|[upkeep]
|upkeep
|turn|6
|
|t:|1784802210
|move|p2b: Kingambit|Sucker Punch|p1a: Basculegion
|-supereffective|p1a: Basculegion|1
|-damage|p1a: Basculegion|0 fnt
|faint|p1a: Basculegion
|move|p1b: Venusaur|Sleep Powder|p2b: Kingambit
|-status|p2b: Kingambit|slp|[from] move: Sleep Powder
|move|p2a: Delphox|Heat Wave|p1b: Venusaur
|-supereffective|p1b: Venusaur|1
|-damage|p1b: Venusaur|0 fnt
|faint|p1b: Venusaur
|
|-weather|none
|upkeep
|
|t:|1784802218
|switch|p1b: Garchomp|Garchomp, L50, F|100/100
|turn|7
|
|t:|1784802227
|cant|p2b: Kingambit|slp
|move|p2a: Delphox|Psyshock|p1b: Garchomp
|-damage|p1b: Garchomp|9/100
|move|p1b: Garchomp|Dragon Claw|p2a: Delphox
|-damage|p2a: Delphox|0 fnt
|faint|p2a: Delphox
|-damage|p1b: Garchomp|0 fnt|[from] item: Life Orb
|faint|p1b: Garchomp
|
|win|homerj71
