|j|☆kememe
|j|☆guillelona
|html|kememeguillelona    
|uhtml|bestof|Game 1 of a best-of-3
|t:|1785631889
|gametype|doubles
|player|p1|kememe|crasherwake|1173
|player|p2|guillelona|1|1252
|gen|9
|tier|[Gen 9 Champions] VGC 2026 Reg M-B (Bo3)
|rated|
|rule|Species Clause: Limit one of each Pokémon
|rule|Item Clause: Limit 1 of each item
|clearpoke
|poke|p1|Delphox, L50, F|
|poke|p1|Whimsicott, L50, F|
|poke|p1|Vanilluxe, L50, M|
|poke|p1|Incineroar, L50, F|
|poke|p1|Farigiraf, L50, F|
|poke|p1|Garchomp, L50, M|
|poke|p2|Charizard, L50, M|
|poke|p2|Glimmora, L50, M|
|poke|p2|Whimsicott, L50, F|
|poke|p2|Ninetales-Alola, L50, F|
|poke|p2|Kingambit, L50, M|
|poke|p2|Kommo-o, L50, M|
|teampreview|4
|showteam|p1|Delphox||Delphoxite|Magician|HeatWave,Psychic,NastyPlot,Protect|Modest||F|||50|]Whimsicott||FocusSash|Prankster|Moonblast,Protect,Tailwind,Encore|Modest||F|||50|]Vanilluxe||NeverMeltIce|SnowWarning|AuroraVeil,Blizzard,Protect,FreezeDry|Timid||M|||50|]Incineroar||ChopleBerry|Intimidate|FlareBlitz,PartingShot,FakeOut,ThroatChop|Adamant||F|||50|]Farigiraf||Leftovers|ArmorTail|Psychic,Protect,TrickRoom,ThunderWave|Modest||F|||50|]Garchomp||LifeOrb|RoughSkin|RockSlide,Protect,Earthquake,DragonClaw|Jolly||M|||50|
|showteam|p2|Charizard||CharizarditeY|Blaze|HeatWave,WeatherBall,SolarBeam,Protect|Modest||M|||50|]Glimmora||Glimmoranite|ToxicDebris|SludgeBomb,PowerGem,EarthPower,SpikyShield|Modest||M|||50|]Whimsicott||FocusSash|Prankster|Moonblast,Tailwind,Encore,Protect|Timid||F|||50|]Ninetales-Alola||NeverMeltIce|SnowWarning|Blizzard,FreezeDry,Disable,Protect|Timid||F|||50|]Kingambit||BlackGlasses|Defiant|KowtowCleave,SuckerPunch,IronHead,Protect|Adamant||M|||50|]Kommo-o||LifeOrb|Overcoat|ClangingScales,AuraSphere,VacuumWave,Protect|Modest||M|||50|
|
|t:|1785631913
|teamsize|p1|4
|teamsize|p2|4
|start
|switch|p1a: Delphox|Delphox, L50, F|100/100
|switch|p1b: Whimsicott|Whimsicott, L50, F|100/100
|switch|p2a: Ninetales|Ninetales-Alola, L50, F|100/100
|switch|p2b: Kingambit|Kingambit, L50, M|100/100
|-weather|Snowscape|[from] ability: Snow Warning|[of] p2a: Ninetales
|turn|1
|inactive|Battle timer is ON: inactive players will automatically lose when time's up. (requested by kememe)
|
|t:|1785631923
|switch|p1b: Farigiraf|Farigiraf, L50, F|100/100
|detailschange|p1a: Delphox|Delphox-Mega, L50, F
|-mega|p1a: Delphox|Delphox|Delphoxite
|move|p2b: Kingambit|Sucker Punch||[still]
|cant|p1b: Farigiraf|ability: Armor Tail|Sucker Punch|[of] p2b: Kingambit
|move|p1a: Delphox|Heat Wave|p2a: Ninetales|[spread] p2b
|-miss|p1a: Delphox|p2a: Ninetales
|-supereffective|p2b: Kingambit|1
|-damage|p2b: Kingambit|0 fnt
|faint|p2b: Kingambit
|move|p2a: Ninetales|Blizzard|p1a: Delphox|[spread] p1a,p1b
|-resisted|p1a: Delphox|1
|-damage|p1a: Delphox|80/100
|-damage|p1b: Farigiraf|61/100
|
|-weather|Snowscape|[upkeep]
|-heal|p1b: Farigiraf|67/100|[from] item: Leftovers
|upkeep
|
|t:|1785631938
|switch|p2b: Glimmora|Glimmora, L50, M|100/100
|turn|2
|
|t:|1785631951
|switch|p1a: Whimsicott|Whimsicott, L50, F|100/100
|detailschange|p2b: Glimmora|Glimmora-Mega, L50, M
|-mega|p2b: Glimmora|Glimmora|Glimmoranite
|move|p2a: Ninetales|Blizzard|p1a: Whimsicott|[spread] p1a,p1b
|-supereffective|p1a: Whimsicott|1
|-crit|p1b: Farigiraf
|-enditem|p1a: Whimsicott|Focus Sash
|-damage|p1a: Whimsicott|1/100
|-damage|p1b: Farigiraf|11/100
|move|p2b: Glimmora|Sludge Bomb|p1b: Farigiraf
|-damage|p1b: Farigiraf|0 fnt
|faint|p1b: Farigiraf
|
|-weather|Snowscape|[upkeep]
|upkeep
|
|t:|1785631967
|switch|p1b: Delphox|Delphox-Mega, L50, F|80/100
|turn|3
|
|t:|1785631975
|move|p1a: Whimsicott|Tailwind|p1a: Whimsicott
|-sidestart|p1: kememe|move: Tailwind
|move|p1b: Delphox|Psychic|p2b: Glimmora
|-supereffective|p2b: Glimmora|1
|-damage|p2b: Glimmora|0 fnt
|faint|p2b: Glimmora
|move|p2a: Ninetales|Blizzard|p1b: Delphox|[spread] p1a,p1b
|-supereffective|p1a: Whimsicott|1
|-resisted|p1b: Delphox|1
|-damage|p1a: Whimsicott|0 fnt
|-damage|p1b: Delphox|62/100
|faint|p1a: Whimsicott
|
|-weather|Snowscape|[upkeep]
|upkeep
|
|t:|1785631982
|switch|p1a: Garchomp|Garchomp, L50, M|100/100
|switch|p2b: Kommo-o|Kommo-o, L50, M|100/100
|turn|4
|
|t:|1785631989
|move|p2a: Ninetales|Protect|p2a: Ninetales
|-singleturn|p2a: Ninetales|Protect
|move|p1b: Delphox|Heat Wave|p2b: Kommo-o|[spread] p2b
|-activate|p2a: Ninetales|move: Protect
|-resisted|p2b: Kommo-o|1
|-crit|p2b: Kommo-o
|-damage|p2b: Kommo-o|62/100
|move|p1a: Garchomp|Dragon Claw|p2b: Kommo-o
|-supereffective|p2b: Kommo-o|1
|-damage|p2b: Kommo-o|0 fnt
|faint|p2b: Kommo-o
|-damage|p1a: Garchomp|90/100|[from] item: Life Orb
|
|-weather|Snowscape|[upkeep]
|upkeep
|turn|5
|-message|guillelona forfeited.
|
|win|kememe
|l|☆guillelona
|player|p2|
||guillelona is ready for game 2.
||kememe is ready for game 2.
|uhtml|next|Next: Game 2 of 3
|j|☆guillelona
|player|p2|guillelona|1|
|l|☆kememe
|player|p1|
