|j|☆PikaTROD
|j|☆upchicken
|html|PikaTRODupchicken    
|uhtml|bestof|Game 2 of a best-of-3
|t:|1756565506
|gametype|doubles
|player|p1|PikaTROD|265|1344
|player|p2|upchicken|az|1416
|gen|9
|tier|[Gen 9] VGC 2025 Reg H (Bo3)
|rated|
|rule|Species Clause: Limit one of each Pokémon
|rule|Item Clause: Limit 1 of each item
|clearpoke
|poke|p1|Kingambit, L50, M|
|poke|p1|Primarina, L50, M|
|poke|p1|Sneasler, L50, F|
|poke|p1|Magmar, L50, F|
|poke|p1|Rillaboom, L50, F|
|poke|p1|Dragapult, L50, F|
|poke|p2|Grimmsnarl, L50, M|
|poke|p2|Annihilape, L50, F|
|poke|p2|Maushold, L50|
|poke|p2|Pelipper, L50, F|
|poke|p2|Archaludon, L50, F|
|poke|p2|Sinistcha, L50|
|teampreview|4
|showteam|p1|Kingambit||BlackGlasses|Defiant|KowtowCleave,SuckerPunch,SwordsDance,Protect|||M|||50|,,,,,Dark]Primarina||SitrusBerry|LiquidVoice|HyperVoice,Moonblast,Haze,Protect|||M|||50|,,,,,Water]Sneasler||FocusSash|Unburden|CloseCombat,DireClaw,FakeOut,Protect|||F|||50|,,,,,Ghost]Magmar||Eviolite|VitalSpirit|Overheat,WillOWisp,FollowMe,Protect|||F|||50|,,,,,Ghost]Rillaboom||AssaultVest|GrassySurge|WoodHammer,GrassyGlide,HighHorsepower,FakeOut|||F|||50|,,,,,Fire]Dragapult||ChoiceBand|ClearBody|DragonDarts,PhantomForce,Outrage,Uturn|||F|||50|,,,,,Dragon
|showteam|p2|Grimmsnarl||LightClay|Prankster|Reflect,LightScreen,ThunderWave,SpiritBreak|||M|||50|,,,,,Steel]Annihilape||SpellTag|Defiant|BulkUp,Protect,DrainPunch,RageFist|||F|||50|,,,,,Fire]Maushold||SafetyGoggles|FriendGuard|BeatUp,Taunt,FollowMe,Protect||||||50|,,,,,Ghost]Pelipper||LifeOrb|Drizzle|WeatherBall,Hurricane,Tailwind,Protect|||F|||50|,,,,,Stellar]Archaludon||AssaultVest|Stamina|ElectroShot,DragonPulse,Snarl,BodyPress|||F|||50|,,,,,Fighting]Sinistcha||SitrusBerry|Hospitality|LifeDew,RagePowder,TrickRoom,MatchaGotcha||||||50|,,,,,Water
|inactive|Battle timer is ON: inactive players will automatically lose when time's up. (requested by upchicken)
|
|t:|1756565536
|teamsize|p1|4
|teamsize|p2|4
|start
|switch|p1a: Kingambit|Kingambit, L50, M|100/100
|switch|p1b: Magmar|Magmar, L50, F|100/100
|switch|p2a: Grimmsnarl|Grimmsnarl, L50, M|100/100
|switch|p2b: Archaludon|Archaludon, L50, F|100/100
|turn|1
|
|t:|1756565556
|switch|p2b: Pelipper|Pelipper, L50, F|100/100
|-weather|RainDance|[from] ability: Drizzle|[of] p2b: Pelipper
|switch|p1a: Sneasler|Sneasler, L50, F|100/100
|move|p2a: Grimmsnarl|Reflect|p2a: Grimmsnarl
|-sidestart|p2: upchicken|Reflect
|move|p1b: Magmar|Will-O-Wisp|p2b: Pelipper
|-status|p2b: Pelipper|brn
|
|-weather|RainDance|[upkeep]
|-damage|p2b: Pelipper|95/100 brn|[from] brn
|upkeep
|turn|2
|inactive|PikaTROD has 30 seconds left.
|
|t:|1756565581
|move|p1b: Magmar|Protect|p1b: Magmar
|-singleturn|p1b: Magmar|Protect
|move|p2a: Grimmsnarl|Thunder Wave|p1a: Sneasler
|-status|p1a: Sneasler|par
|move|p2b: Pelipper|Weather Ball|p1b: Magmar
|-activate|p1b: Magmar|move: Protect
|move|p1a: Sneasler|Dire Claw|p2a: Grimmsnarl
|-supereffective|p2a: Grimmsnarl
|-damage|p2a: Grimmsnarl|39/100
|-status|p2a: Grimmsnarl|psn
|
|-weather|RainDance|[upkeep]
|-damage|p2a: Grimmsnarl|27/100 psn|[from] psn
|-damage|p2b: Pelipper|89/100 brn|[from] brn
|upkeep
|turn|3
|inactive|PikaTROD has 30 seconds left.
|inactive|PikaTROD has 20 seconds left.
|
|t:|1756565616
|move|p1b: Magmar|Follow Me|p1b: Magmar
|-singleturn|p1b: Magmar|move: Follow Me
|move|p2b: Pelipper|Weather Ball|p1b: Magmar
|-supereffective|p1b: Magmar
|-damage|p1b: Magmar|0 fnt
|faint|p1b: Magmar
|-damage|p2b: Pelipper|79/100 brn|[from] item: Life Orb
|move|p1a: Sneasler|Dire Claw|p2b: Pelipper
|-damage|p2b: Pelipper|43/100 brn
|move|p2a: Grimmsnarl|Spirit Break|p1a: Sneasler
|-damage|p1a: Sneasler|46/100 par
|-unboost|p1a: Sneasler|spa|1
|
|-weather|RainDance|[upkeep]
|-damage|p2a: Grimmsnarl|14/100 psn|[from] psn
|-damage|p2b: Pelipper|37/100 brn|[from] brn
|upkeep
|
|t:|1756565627
|switch|p1b: Kingambit|Kingambit, L50, M|100/100
|turn|4
|
|t:|1756565642
|switch|p2a: Sinistcha|Sinistcha, L50|100/100
|-heal|p2b: Pelipper|62/100 brn|[from] ability: Hospitality|[of] p2a: Sinistcha
|move|p2b: Pelipper|Weather Ball|p1a: Sneasler
|-damage|p1a: Sneasler|0 fnt
|faint|p1a: Sneasler
|-damage|p2b: Pelipper|53/100 brn|[from] item: Life Orb
|move|p1b: Kingambit|Swords Dance|p1b: Kingambit
|-boost|p1b: Kingambit|atk|2
|
|-weather|RainDance|[upkeep]
|-damage|p2b: Pelipper|47/100 brn|[from] brn
|upkeep
|
|t:|1756565645
|switch|p1a: Dragapult|Dragapult, L50, F|100/100
|turn|5
|inactive|PikaTROD has 30 seconds left.
|inactive|PikaTROD has 20 seconds left.
|inactive|PikaTROD has 15 seconds left.
|
|t:|1756565688
|switch|p2b: Archaludon|Archaludon, L50, F|100/100
|switch|p2a: Grimmsnarl|Grimmsnarl, L50, M|14/100 psn
|move|p1a: Dragapult|Phantom Force||[still]
|-prepare|p1a: Dragapult|Phantom Force
|move|p1b: Kingambit|Kowtow Cleave|p2a: Grimmsnarl
|-resisted|p2a: Grimmsnarl
|-damage|p2a: Grimmsnarl|0 fnt
|faint|p2a: Grimmsnarl
|
|-weather|none
|upkeep
|
|t:|1756565698
|switch|p2a: Pelipper|Pelipper, L50, F|47/100 brn
|-weather|RainDance|[from] ability: Drizzle|[of] p2a: Pelipper
|turn|6
|
|t:|1756565722
|-terastallize|p2b: Archaludon|Fighting
|-terastallize|p1b: Kingambit|Dark
|move|p1a: Dragapult|Phantom Force|p2b: Archaludon|[from] lockedmove
|-damage|p2b: Archaludon|64/100
|-ability|p2b: Archaludon|Stamina|boost
|-boost|p2b: Archaludon|def|1
|move|p2a: Pelipper|Weather Ball|p1b: Kingambit
|-damage|p1b: Kingambit|17/100
|-damage|p2a: Pelipper|37/100 brn|[from] item: Life Orb
|move|p2b: Archaludon|Electro Shot||[still]
|-prepare|p2b: Archaludon|Electro Shot
|-boost|p2b: Archaludon|spa|1
|-anim|p2b: Archaludon|Electro Shot|p1a: Dragapult
|-resisted|p1a: Dragapult
|-damage|p1a: Dragapult|58/100
|move|p1b: Kingambit|Kowtow Cleave|p2b: Archaludon
|-resisted|p2b: Archaludon
|-damage|p2b: Archaludon|38/100
|-ability|p2b: Archaludon|Stamina|boost
|-boost|p2b: Archaludon|def|1
|
|-weather|RainDance|[upkeep]
|-damage|p2a: Pelipper|31/100 brn|[from] brn
|upkeep
|turn|7
|inactive|PikaTROD has 30 seconds left.
|inactive|PikaTROD has 20 seconds left.
|inactive|PikaTROD has 15 seconds left.
|inactive|PikaTROD has 10 seconds left.
|
|t:|1756565771
|switch|p2a: Sinistcha|Sinistcha, L50|100/100
|-heal|p2b: Archaludon|63/100|[from] ability: Hospitality|[of] p2a: Sinistcha
|move|p1b: Kingambit|Sucker Punch||[still]
|-fail|p1b: Kingambit
|move|p1a: Dragapult|Phantom Force||[still]
|-prepare|p1a: Dragapult|Phantom Force
|move|p2b: Archaludon|Body Press|p1b: Kingambit
|-supereffective|p1b: Kingambit
|-damage|p1b: Kingambit|0 fnt
|faint|p1b: Kingambit
|
|-weather|RainDance|[upkeep]
|upkeep
|turn|8
|c|☆PikaTROD|gg
|
|t:|1756565783
|switch|p2a: Pelipper|Pelipper, L50, F|31/100 brn
|move|p1a: Dragapult|Phantom Force|p2b: Archaludon|[from] lockedmove
|-damage|p2b: Archaludon|46/100
|-ability|p2b: Archaludon|Stamina|boost
|-boost|p2b: Archaludon|def|1
|move|p2b: Archaludon|Dragon Pulse|p1a: Dragapult
|-supereffective|p1a: Dragapult
|-crit|p1a: Dragapult
|-damage|p1a: Dragapult|0 fnt
|faint|p1a: Dragapult
|
|win|upchicken
|raw|PikaTROD's rating: 1344 → 1328(-16 for losing)
|raw|upchicken's rating: 1416 → 1432(+16 for winning)
