|j|☆iFHGAGFu
|j|☆musicismypassion
|html|iFHGAGFumusicismypassion    
|uhtml|bestof|Game 1 of a best-of-3
|t:|1756350621
|gametype|doubles
|player|p1|iFHGAGFu|ninjaboy|1099
|player|p2|musicismypassion|miku-fairy|1049
|gen|9
|tier|[Gen 9] VGC 2025 Reg H (Bo3)
|rated|
|rule|Species Clause: Limit one of each Pokémon
|rule|Item Clause: Limit 1 of each item
|clearpoke
|poke|p1|Pelipper, L50, M|
|poke|p1|Archaludon, L50, F|
|poke|p1|Incineroar, L50, M|
|poke|p1|Kingdra, L50, F|
|poke|p1|Amoonguss, L50, F|
|poke|p1|Rillaboom, L50, M|
|poke|p2|Annihilape, L50, M|
|poke|p2|Sinistcha, L50|
|poke|p2|Ursaluna-Bloodmoon, L50, M|
|poke|p2|Grimmsnarl, L50, M|
|poke|p2|Hydreigon, L50, M|
|poke|p2|Maushold-Four, L50|
|teampreview|4
|showteam|p1|Pelipper||FocusSash|Drizzle|Hurricane,WeatherBall,Tailwind,WideGuard|||M|||50|,,,,,Ground]Archaludon||AssaultVest|Stamina|ElectroShot,FlashCannon,DragonPulse,BodyPress|||F|||50|,,,,,Bug]Incineroar||SafetyGoggles|Intimidate|FlareBlitz,KnockOff,PartingShot,FakeOut|||M|||50|,,,,,Ghost]Kingdra||LifeOrb|SwiftSwim|DracoMeteor,WeatherBall,Protect,MuddyWater|||F|||50|,,,,,Stellar]Amoonguss||SitrusBerry|Regenerator|PollenPuff,Protect,RagePowder,Spore|||F|||50|,,,,,Water]Rillaboom||LoadedDice|GrassySurge|BulletSeed,GrassyGlide,FakeOut,HighHorsepower|||M|||50|,,,,,Water
|showteam|p2|Annihilape||LumBerry|Defiant|RageFist,DrainPunch,BulkUp,Protect|||M|||50|,,,,,Fire]Sinistcha||SitrusBerry|Hospitality|MatchaGotcha,RagePowder,GrassyTerrain,LifeDew||||||50|,,,,,Dark]Ursaluna-Bloodmoon||LifeOrb|MindsEye|BloodMoon,HyperVoice,EarthPower,Protect|||M|||50|,,,,,Normal]Grimmsnarl||CovertCloak|Prankster|LightScreen,Reflect,PartingShot,SpiritBreak|||M|||50|,,,,,Poison]Hydreigon||ChoiceSpecs|Levitate|DracoMeteor,DarkPulse,HeatWave,EarthPower|||M|||50|,,,,,Fire]Maushold-Four||SafetyGoggles|FriendGuard|FollowMe,BeatUp,Taunt,HelpingHand||||||50|,,,,,Ghost
|
|t:|1756350659
|teamsize|p1|4
|teamsize|p2|4
|start
|switch|p1a: Amoonguss|Amoonguss, L50, F|100/100
|switch|p1b: Pelipper|Pelipper, L50, M|100/100
|switch|p2a: Shoegaze|Annihilape, L50, M|100/100
|switch|p2b: Metalcore|Grimmsnarl, L50, M|100/100
|-weather|RainDance|[from] ability: Drizzle|[of] p1b: Pelipper
|turn|1
|
|t:|1756350681
|move|p2b: Metalcore|Parting Shot|p1b: Pelipper
|-unboost|p1b: Pelipper|atk|1
|-unboost|p1b: Pelipper|spa|1
|
|t:|1756350684
|switch|p2b: Math Rock|Sinistcha, L50|100/100|[from] Parting Shot
|move|p2a: Shoegaze|Bulk Up|p2a: Shoegaze
|-boost|p2a: Shoegaze|atk|1
|-boost|p2a: Shoegaze|def|1
|move|p1b: Pelipper|Weather Ball|p2b: Math Rock
|-resisted|p2b: Math Rock
|-damage|p2b: Math Rock|81/100
|move|p1a: Amoonguss|Spore|p2a: Shoegaze
|-status|p2a: Shoegaze|slp|[from] move: Spore
|-enditem|p2a: Shoegaze|Lum Berry|[eat]
|-curestatus|p2a: Shoegaze|slp|[msg]
|
|-weather|RainDance|[upkeep]
|upkeep
|turn|2
|
|t:|1756350707
|move|p2a: Shoegaze|Rage Fist|p1a: Amoonguss
|-damage|p1a: Amoonguss|64/100
|move|p1b: Pelipper|Hurricane|p2b: Math Rock
|-supereffective|p2b: Math Rock
|-crit|p2b: Math Rock
|-damage|p2b: Math Rock|0 fnt
|faint|p2b: Math Rock
|move|p1a: Amoonguss|Spore|p2a: Shoegaze
|-status|p2a: Shoegaze|slp|[from] move: Spore
|
|-weather|RainDance|[upkeep]
|upkeep
|
|t:|1756350715
|switch|p2b: Ska|Hydreigon, L50, M|100/100
|turn|3
|
|t:|1756350730
|move|p2b: Ska|Draco Meteor|p1a: Amoonguss
|-damage|p1a: Amoonguss|0 fnt
|-unboost|p2b: Ska|spa|2
|faint|p1a: Amoonguss
|cant|p2a: Shoegaze|slp
|move|p1b: Pelipper|Hurricane|p2a: Shoegaze
|-supereffective|p2a: Shoegaze
|-damage|p2a: Shoegaze|32/100 slp
|
|-weather|RainDance|[upkeep]
|upkeep
|
|t:|1756350743
|switch|p1a: Archaludon|Archaludon, L50, F|100/100
|turn|4
|
|t:|1756350756
|switch|p2b: Metalcore|Grimmsnarl, L50, M|100/100
|-terastallize|p1a: Archaludon|Bug
|cant|p2a: Shoegaze|slp
|move|p1a: Archaludon|Dragon Pulse|p2b: Metalcore
|-immune|p2b: Metalcore
|move|p1b: Pelipper|Weather Ball|p2a: Shoegaze
|-damage|p2a: Shoegaze|0 fnt
|faint|p2a: Shoegaze
|
|-weather|RainDance|[upkeep]
|upkeep
|
|t:|1756350761
|switch|p2a: Ska|Hydreigon, L50, M|100/100
|turn|5
|
|t:|1756350789
|switch|p1b: Rillaboom|Rillaboom, L50, M|100/100
|-fieldstart|move: Grassy Terrain|[from] ability: Grassy Surge|[of] p1b: Rillaboom
|-terastallize|p2a: Ska|Fire
|move|p2a: Ska|Heat Wave|p1a: Archaludon|[spread] p1a,p1b
|-supereffective|p1a: Archaludon
|-supereffective|p1b: Rillaboom
|-damage|p1a: Archaludon|55/100
|-damage|p1b: Rillaboom|42/100
|-ability|p1a: Archaludon|Stamina|boost
|-boost|p1a: Archaludon|def|1
|move|p1a: Archaludon|Electro Shot||[still]
|-prepare|p1a: Archaludon|Electro Shot
|-boost|p1a: Archaludon|spa|1
|-anim|p1a: Archaludon|Electro Shot|p2b: Metalcore
|-damage|p2b: Metalcore|50/100
|move|p2b: Metalcore|Spirit Break|p1b: Rillaboom
|-damage|p1b: Rillaboom|15/100
|-unboost|p1b: Rillaboom|spa|1
|
|-weather|none
|-heal|p1a: Archaludon|61/100|[from] Grassy Terrain
|-heal|p1b: Rillaboom|21/100|[from] Grassy Terrain
|-heal|p2b: Metalcore|56/100|[from] Grassy Terrain
|upkeep
|turn|6
|
|t:|1756350812
|move|p1b: Rillaboom|Fake Out|p2a: Ska
|-damage|p2a: Ska|86/100
|move|p2b: Metalcore|Reflect|p2b: Metalcore
|-sidestart|p2: musicismypassion|Reflect
|cant|p2a: Ska|flinch
|move|p1a: Archaludon|Flash Cannon|p2b: Metalcore
|-supereffective|p2b: Metalcore
|-damage|p2b: Metalcore|0 fnt
|faint|p2b: Metalcore
|
|-heal|p1a: Archaludon|67/100|[from] Grassy Terrain
|-heal|p1b: Rillaboom|27/100|[from] Grassy Terrain
|upkeep
|turn|7
|-message|musicismypassion forfeited.
|
|win|iFHGAGFu
