|j|☆sakuyafiregoddess
|j|☆xxsnuzxx
|html|sakuyafiregoddessxxsnuzxx    
|uhtml|bestof|Game 1 of a best-of-3
|t:|1784666069
|gametype|doubles
|player|p1|sakuyafiregoddess|juliana-festival|1045
|player|p2|xxsnuzxx|scientist-gen4dp|1000
|gen|9
|tier|[Gen 9 Champions] VGC 2026 Reg M-B (Bo3)
|rated|
|rule|Species Clause: Limit one of each Pokémon
|rule|Item Clause: Limit 1 of each item
|clearpoke
|poke|p1|Staraptor, L50, F|
|poke|p1|Incineroar, L50, F|
|poke|p1|Sinistcha, L50|
|poke|p1|Gholdengo, L50|
|poke|p1|Arcanine-Hisui, L50, M|
|poke|p1|Ninetales-Alola, L50, F, shiny|
|poke|p2|Delphox, L50, M|
|poke|p2|Kangaskhan, L50, F|
|poke|p2|Aegislash, L50, M|
|poke|p2|Whimsicott, L50, M|
|poke|p2|Hydreigon, L50, M|
|poke|p2|Maushold, L50|
|teampreview|4
|showteam|p1|Staraptor||Staraptite|Intimidate|BraveBird,CloseCombat,Roost,Protect|Jolly||F|||50|]Incineroar||SitrusBerry|Intimidate|FakeOut,FlareBlitz,DarkestLariat,PartingShot|Careful||F|||50|]Sinistcha||ColburBerry|Hospitality|MatchaGotcha,RagePowder,TrickRoom,StrengthSap|Bold|||||50|]Gholdengo||LifeOrb|GoodasGold|ShadowBall,MakeItRain,NastyPlot,Protect|Modest|||||50|]Arcanine-Hisui||FocusSash|RockHead|HeadSmash,FlareBlitz,ExtremeSpeed,Protect|Jolly||M|||50|]Ninetales-Alola||NeverMeltIce|SnowWarning|Blizzard,FreezeDry,AuroraVeil,Protect|Timid||F|||50|
|showteam|p2|Delphox||Delphoxite|Blaze|Protect,HeatWave,NastyPlot,Psyshock|Timid||M|||50|]Kangaskhan||Kangaskhanite|Scrappy|FakeOut,SuckerPunch,DrainPunch,DoubleEdge|Adamant||F|||50|]Aegislash||SpellTag|StanceChange|Poltergeist,KingsShield,ShadowSneak,IronHead|Adamant||M|||50|]Whimsicott||FocusSash|Prankster|Tailwind,Moonblast,Encore,Protect|Timid||M|||50|]Hydreigon||LifeOrb|Levitate|DracoMeteor,Snarl,Protect,EarthPower|Timid||M|||50|]Maushold||ChopleBerry|FriendGuard|FollowMe,Protect,PopulationBomb,Taunt|Jolly|||||50|
|j| brittneysheercold
|inactive|Battle timer is ON: inactive players will automatically lose when time's up. (requested by xxsnuzxx)
|inactive|sakuyafiregoddess has 60 seconds left.
|inactive|sakuyafiregoddess has 30 seconds left.
|
|t:|1784666174
|teamsize|p1|4
|teamsize|p2|4
|start
|switch|p1a: Arcanine|Arcanine-Hisui, L50, M|100/100
|switch|p1b: The Cure|Ninetales-Alola, L50, F, shiny|100/100
|switch|p2a: Whimsicott|Whimsicott, L50, M|100/100
|switch|p2b: Delphox|Delphox, L50, M|100/100
|-weather|Snowscape|[from] ability: Snow Warning|[of] p1b: The Cure
|turn|1
|inactive|sakuyafiregoddess has 30 seconds left.
|inactive|sakuyafiregoddess has 20 seconds left.
|inactive|sakuyafiregoddess has 15 seconds left.
|inactive|sakuyafiregoddess has 10 seconds left.
|inactive|sakuyafiregoddess has 5 seconds left.
|
|t:|1784666229
|detailschange|p2b: Delphox|Delphox-Mega, L50, M
|-mega|p2b: Delphox|Delphox|Delphoxite
|move|p2a: Whimsicott|Tailwind|p2a: Whimsicott
|-sidestart|p2: xxsnuzxx|move: Tailwind
|move|p2b: Delphox|Heat Wave|p1a: Arcanine|[spread] p1a,p1b
|-resisted|p1a: Arcanine|2
|-supereffective|p1b: The Cure|1
|-damage|p1a: Arcanine|87/100
|-damage|p1b: The Cure|9/100
|move|p1b: The Cure|Blizzard|p2a: Whimsicott|[spread] p2a,p2b
|-supereffective|p2a: Whimsicott|1
|-resisted|p2b: Delphox|1
|-enditem|p2a: Whimsicott|Focus Sash
|-damage|p2a: Whimsicott|1/100
|-damage|p2b: Delphox|85/100
|move|p1a: Arcanine|Head Smash|p2b: Delphox
|-supereffective|p2b: Delphox|1
|-damage|p2b: Delphox|0 fnt
|faint|p2b: Delphox
|
|-weather|Snowscape|[upkeep]
|upkeep
|
|t:|1784666248
|switch|p2b: Aegislash|Aegislash, L50, M|100/100
|turn|2
|
|t:|1784666263
|switch|p1b: Incineroar|Incineroar, L50, F|100/100
|-ability|p1b: Incineroar|Intimidate|boost
|-unboost|p2a: Whimsicott|atk|1
|-unboost|p2b: Aegislash|atk|1
|move|p1a: Arcanine|Extreme Speed|p2a: Whimsicott
|-damage|p2a: Whimsicott|0 fnt
|faint|p2a: Whimsicott
|-formechange|p2b: Aegislash|Aegislash-Blade|
|move|p2b: Aegislash|Poltergeist|p1a: Arcanine
|-activate|p1a: Arcanine|move: Poltergeist|Focus Sash
|-damage|p1a: Arcanine|23/100
|
|-weather|Snowscape|[upkeep]
|upkeep
|
|t:|1784666278
|switch|p2a: Hydreigon|Hydreigon, L50, M|100/100
|turn|3
|inactive|sakuyafiregoddess has 30 seconds left.
|inactive|sakuyafiregoddess has 20 seconds left.
|inactive|sakuyafiregoddess has 15 seconds left.
|inactive|sakuyafiregoddess has 10 seconds left.
|
|t:|1784666324
|switch|p1a: Staraptor|Staraptor, L50, F|100/100
|-ability|p1a: Staraptor|Intimidate|boost
|-unboost|p2a: Hydreigon|atk|1
|-unboost|p2b: Aegislash|atk|1
|-formechange|p2b: Aegislash|Aegislash|
|move|p2b: Aegislash|King's Shield|p2b: Aegislash
|-singleturn|p2b: Aegislash|Protect
|move|p1b: Incineroar|Fake Out|p2a: Hydreigon
|-damage|p2a: Hydreigon|88/100
|cant|p2a: Hydreigon|flinch
|
|-weather|Snowscape|[upkeep]
|upkeep
|turn|4
|
|t:|1784666344
|switch|p1b: The Cure|Ninetales-Alola, L50, F, shiny|9/100
|detailschange|p1a: Staraptor|Staraptor-Mega, L50, F
|-mega|p1a: Staraptor|Staraptor|Staraptite
|move|p1a: Staraptor|Protect|p1a: Staraptor
|-singleturn|p1a: Staraptor|Protect
|move|p2a: Hydreigon|Earth Power|p1b: The Cure
|-damage|p1b: The Cure|0 fnt
|faint|p1b: The Cure
|-damage|p2a: Hydreigon|79/100|[from] item: Life Orb
|-formechange|p2b: Aegislash|Aegislash-Blade|
|move|p2b: Aegislash|Poltergeist|p1a: Staraptor
|-activate|p1a: Staraptor|move: Protect
|
|-weather|Snowscape|[upkeep]
|-sideend|p2: xxsnuzxx|move: Tailwind
|upkeep
|
|t:|1784666361
|switch|p1b: Arcanine|Arcanine-Hisui, L50, M|23/100
|turn|5
|inactive|xxsnuzxx has 30 seconds left.
|
|t:|1784666390
|move|p2a: Hydreigon|Protect|p2a: Hydreigon
|-singleturn|p2a: Hydreigon|Protect
|-formechange|p2b: Aegislash|Aegislash|
|move|p2b: Aegislash|King's Shield|p2b: Aegislash
|-singleturn|p2b: Aegislash|Protect
|move|p1a: Staraptor|Close Combat|p2a: Hydreigon
|-activate|p2a: Hydreigon|move: Protect
|move|p1b: Arcanine|Flare Blitz|p2b: Aegislash
|-activate|p2b: Aegislash|move: Protect
|-unboost|p1b: Arcanine|atk|1
|
|-weather|none
|upkeep
|turn|6
|
|t:|1784666400
|move|p1a: Staraptor|Close Combat|p2a: Hydreigon
|-supereffective|p2a: Hydreigon|1
|-damage|p2a: Hydreigon|0 fnt
|-boost|p1a: Staraptor|def|1
|-boost|p1a: Staraptor|spd|1
|faint|p2a: Hydreigon
|move|p1b: Arcanine|Flare Blitz|p2b: Aegislash
|-supereffective|p2b: Aegislash|1
|-damage|p2b: Aegislash|42/100
|-formechange|p2b: Aegislash|Aegislash-Blade|
|move|p2b: Aegislash|Poltergeist|p1a: Staraptor
|-activate|p1a: Staraptor|move: Poltergeist|Staraptite
|-damage|p1a: Staraptor|76/100
|
|upkeep
|turn|7
|
|t:|1784666411
|-formechange|p2b: Aegislash|Aegislash|
|move|p2b: Aegislash|King's Shield|p2b: Aegislash
|-singleturn|p2b: Aegislash|Protect
|move|p1a: Staraptor|Brave Bird|p2b: Aegislash
|-activate|p2b: Aegislash|move: Protect
|-boost|p1a: Staraptor|atk|1
|move|p1b: Arcanine|Flare Blitz|p2b: Aegislash
|-activate|p2b: Aegislash|move: Protect
|-unboost|p1b: Arcanine|atk|1
|
|upkeep
|turn|8
|
|t:|1784666418
|move|p1a: Staraptor|Brave Bird|p2b: Aegislash
|-resisted|p2b: Aegislash|1
|-damage|p2b: Aegislash|8/100
|-damage|p1a: Staraptor|66/100|[from] Recoil
|move|p1b: Arcanine|Flare Blitz|p2b: Aegislash
|-supereffective|p2b: Aegislash|1
|-damage|p2b: Aegislash|0 fnt
|faint|p2b: Aegislash
|
|win|sakuyafiregoddess
||xxsnuzxx is ready for game 2.
|c|☆sakuyafiregoddess|gg
||sakuyafiregoddess is ready for game 2.
|uhtml|next|Next: Game 2 of 3
