|j|☆kellyvgc
|j|☆bassacucina777
|html|kellyvgcbassacucina777    
|uhtml|bestof|Game 1 of a best-of-3
|t:|1756846086
|gametype|doubles
|player|p1|kellyvgc|pokemonbreeder-gen4|1094
|player|p2|bassacucina777|102|1176
|gen|9
|tier|[Gen 9] VGC 2025 Reg H (Bo3)
|rated|
|rule|Species Clause: Limit one of each Pokémon
|rule|Item Clause: Limit 1 of each item
|clearpoke
|poke|p1|Annihilape, L50, M|
|poke|p1|Whimsicott, L50, M|
|poke|p1|Dragonite, L50, M|
|poke|p1|Gholdengo, L50|
|poke|p1|Garchomp, L50, F|
|poke|p1|Incineroar, L50, M|
|poke|p2|Dondozo, L50, M|
|poke|p2|Tatsugiri, L50, M|
|poke|p2|Indeedee, L50, M|
|poke|p2|Sneasler, L50, F|
|poke|p2|Volcarona, L50, M|
|poke|p2|Glimmora, L50, F|
|teampreview|4
|showteam|p1|Annihilape||Leftovers|Defiant|RageFist,DrainPunch,BulkUp,Protect|||M|||50|,,,,,Fire]Whimsicott||CovertCloak|Prankster|Tailwind,BeatUp,Moonblast,SunnyDay|||M|||50|,,,,,Dark]Dragonite||LoadedDice|Multiscale|ScaleShot,ExtremeSpeed,Haze,Protect|||M|||50|,,,,,Fairy]Gholdengo||LifeOrb|GoodasGold|MakeItRain,ShadowBall,NastyPlot,Protect||||||50|,,,,,Flying]Garchomp||ChoiceBand|RoughSkin|DragonClaw,Earthquake,IronHead,RockSlide|||F|||50|,,,,,Ground]Incineroar||SafetyGoggles|Intimidate|FakeOut,FlareBlitz,KnockOff,PartingShot|||M|||50|,,,,,Ghost
|showteam|p2|Dondozo||SafetyGoggles|Unaware|WaveCrash,Earthquake,OrderUp,Protect|||M|||50|,,,,,Steel]Tatsugiri||ChoiceScarf|Commander|MuddyWater,DracoMeteor,DragonPulse,IcyWind|||M|||50|,,,,,Ghost]Indeedee||FocusSash|PsychicSurge|ExpandingForce,Protect,TrickRoom,HelpingHand|||M|||50|,,,,,Psychic]Sneasler||PsychicSeed|Unburden|CloseCombat,DireClaw,ThroatChop,Protect|||F|||50|,,,,,Dark]Volcarona||CovertCloak|FlameBody|TeraBlast,Tailwind,FieryDance,QuiverDance|||M|||50|,,,,,Fairy]Glimmora||PowerHerb|ToxicDebris|MeteorBeam,EarthPower,SludgeBomb,Protect|||F|||50|,,,,,Grass
|inactive|Battle timer is ON: inactive players will automatically lose when time's up. (requested by bassacucina777)
|
|t:|1756846163
|teamsize|p1|4
|teamsize|p2|4
|start
|switch|p1a: Incineroar|Incineroar, L50, M|100/100
|switch|p1b: Dragonite|Dragonite, L50, M|100/100
|switch|p2a: Volcarona|Volcarona, L50, M|100/100
|switch|p2b: Glimmora|Glimmora, L50, F|100/100
|-ability|p1a: Incineroar|Intimidate|boost
|-unboost|p2a: Volcarona|atk|1
|-unboost|p2b: Glimmora|atk|1
|turn|1
|
|t:|1756846185
|move|p2b: Glimmora|Protect|p2b: Glimmora
|-singleturn|p2b: Glimmora|Protect
|move|p1a: Incineroar|Fake Out|p2b: Glimmora
|-activate|p2b: Glimmora|move: Protect
|move|p2a: Volcarona|Tailwind|p2a: Volcarona
|-sidestart|p2: bassacucina777|move: Tailwind
|move|p1b: Dragonite|Scale Shot|p2b: Glimmora
|-activate|p2b: Glimmora|move: Protect
|
|upkeep
|turn|2
|inactive|bassacucina777 has 30 seconds left.
|inactive|bassacucina777 has 20 seconds left.
|
|t:|1756846221
|-terastallize|p2a: Volcarona|Fairy
|move|p1b: Dragonite|Protect|p1b: Dragonite
|-singleturn|p1b: Dragonite|Protect
|move|p2a: Volcarona|Tera Blast|p1b: Dragonite|[anim] Tera Blast Fairy
|-activate|p1b: Dragonite|move: Protect
|move|p2b: Glimmora|Meteor Beam||[still]
|-prepare|p2b: Glimmora|Meteor Beam
|-boost|p2b: Glimmora|spa|1
|-enditem|p2b: Glimmora|Power Herb
|-anim|p2b: Glimmora|Meteor Beam|p1a: Incineroar
|-supereffective|p1a: Incineroar
|-damage|p1a: Incineroar|0 fnt
|faint|p1a: Incineroar
|
|upkeep
|
|t:|1756846241
|switch|p1a: Whimsicott|Whimsicott, L50, M|100/100
|turn|3
|
|t:|1756846263
|move|p1a: Whimsicott|Tailwind|p1a: Whimsicott
|-sidestart|p1: kellyvgc|move: Tailwind
|move|p2a: Volcarona|Tera Blast|p1b: Dragonite|[anim] Tera Blast Fairy
|-supereffective|p1b: Dragonite
|-damage|p1b: Dragonite|63/100
|move|p2b: Glimmora|Sludge Bomb|p1b: Dragonite
|-damage|p1b: Dragonite|0 fnt
|faint|p1b: Dragonite
|
|upkeep
|
|t:|1756846268
|switch|p1b: Garchomp|Garchomp, L50, F|100/100
|turn|4
|inactive|bassacucina777 has 30 seconds left.
|
|t:|1756846301
|-terastallize|p1b: Garchomp|Ground
|move|p2b: Glimmora|Protect|p2b: Glimmora
|-singleturn|p2b: Glimmora|Protect
|move|p1b: Garchomp|Earthquake|p2a: Volcarona|[spread] p1a,p2a
|-activate|p2b: Glimmora|move: Protect
|-resisted|p1a: Whimsicott
|-damage|p1a: Whimsicott|65/100
|-damage|p2a: Volcarona|11/100
|move|p2a: Volcarona|Tera Blast|p1b: Garchomp|[anim] Tera Blast Fairy
|-damage|p1b: Garchomp|59/100
|move|p1a: Whimsicott|Moonblast|p2a: Volcarona
|-damage|p2a: Volcarona|0 fnt
|faint|p2a: Volcarona
|
|-sideend|p2: bassacucina777|move: Tailwind
|upkeep
|
|t:|1756846318
|switch|p2a: Sneasler|Sneasler, L50, F|100/100
|turn|5
|
|t:|1756846332
|switch|p2b: Indeedee|Indeedee, L50, M|100/100
|-fieldstart|move: Psychic Terrain|[from] ability: Psychic Surge|[of] p2b: Indeedee
|-enditem|p2a: Sneasler|Psychic Seed
|-boost|p2a: Sneasler|spd|1|[from] item: Psychic Seed
|move|p2a: Sneasler|Close Combat|p1b: Garchomp
|-damage|p1b: Garchomp|0 fnt
|-unboost|p2a: Sneasler|def|1
|-unboost|p2a: Sneasler|spd|1
|-damage|p2a: Sneasler|88/100|[from] ability: Rough Skin|[of] p1b: Garchomp
|faint|p1b: Garchomp
|move|p1a: Whimsicott|Moonblast|p2b: Indeedee
|-damage|p2b: Indeedee|62/100
|
|upkeep
|turn|6
|-message|kellyvgc forfeited.
|
|win|bassacucina777
