|j|☆eviovulpix
|j|☆p1ch1pichi
|html|eviovulpixp1ch1pichi    
|uhtml|bestof|Game 2 of a best-of-3
|t:|1784306598
|gametype|doubles
|player|p1|eviovulpix|2|1202
|player|p2|p1ch1pichi|n|1183
|gen|9
|tier|[Gen 9 Champions] VGC 2026 Reg M-B (Bo3)
|rated|
|rule|Species Clause: Limit one of each Pokémon
|rule|Item Clause: Limit 1 of each item
|clearpoke
|poke|p1|Blaziken, L50, M, shiny|
|poke|p1|Aerodactyl, L50, M|
|poke|p1|Kingambit, L50, M, shiny|
|poke|p1|Tsareena, L50, F|
|poke|p1|Altaria, L50, F|
|poke|p1|Floette-Eternal, L50, F|
|poke|p2|Ampharos, L50, M, shiny|
|poke|p2|Farigiraf, L50, F, shiny|
|poke|p2|Incineroar, L50, M|
|poke|p2|Vivillon, L50, M, shiny|
|poke|p2|Vanilluxe, L50, M|
|poke|p2|Goodra-Hisui, L50, M|
|teampreview|4
|showteam|p1|Blaziken||Blazikenite|SpeedBoost|FlareBlitz,CloseCombat,Protect,RockSlide|Adamant||M|||50|]Aerodactyl||FocusSash|Unnerve|DualWingbeat,Tailwind,WideGuard,RockSlide|Jolly||M|||50|]Kingambit||LifeOrb|Defiant|KowtowCleave,IronHead,LowKick,SuckerPunch|Adamant||M|||50|]Tsareena||OccaBerry|QueenlyMajesty|Taunt,TropKick,TripleAxel,HelpingHand|Adamant||F|||50|]Altaria||SitrusBerry|CloudNine|WillOWisp,DracoMeteor,PerishSong,Roost|Bold||F|||50|]Floette-Eternal||Floettite|FlowerVeil|Moonblast,Protect,LightofRuin,DazzlingGleam|Modest||F|||50|
|showteam|p2|Ampharos||Ampharosite|Static|DragonPulse,Thunderbolt,PowerGem,Protect|Quiet||M|||50|]Farigiraf||ColburBerry|ArmorTail|Psychic,TrickRoom,HelpingHand,Protect|Relaxed||F|||50|]Incineroar||PasshoBerry|Intimidate|PartingShot,FakeOut,FlareBlitz,ThroatChop|Brave||M|||50|]Vivillon||FocusSash|CompoundEyes|Protect,SleepPowder,Whirlwind,Hurricane|Timid||M|||50|]Vanilluxe||NeverMeltIce|SnowWarning|Protect,Blizzard,FreezeDry,AuroraVeil|Quiet||M|||50|]Goodra-Hisui||Leftovers|ShellArmor|LifeDew,Shelter,BodyPress,HeavySlam|Relaxed||M|||50|
|inactive|Battle timer is ON: inactive players will automatically lose when time's up. (requested by p1ch1pichi)
|inactive|p1ch1pichi has 60 seconds left.
|
|t:|1784306639
|teamsize|p1|4
|teamsize|p2|4
|start
|switch|p1a: Tsareena|Tsareena, L50, F|100/100
|switch|p1b: Aerodactyl|Aerodactyl, L50, M|100/100
|switch|p2a: Starfinder|Vivillon, L50, M, shiny|100/100
|switch|p2b: Float|Farigiraf, L50, F, shiny|100/100
|-ability|p1b: Aerodactyl|Unnerve
|turn|1
|inactive|p1ch1pichi has 30 seconds left.
|
|t:|1784306668
|move|p1b: Aerodactyl|Rock Slide|p2b: Float|[spread] p2a,p2b
|-supereffective|p2a: Starfinder|2
|-enditem|p2a: Starfinder|Focus Sash
|-damage|p2a: Starfinder|1/100
|-damage|p2b: Float|80/100
|move|p2a: Starfinder|Sleep Powder|p1b: Aerodactyl
|-status|p1b: Aerodactyl|slp|[from] move: Sleep Powder
|move|p1a: Tsareena|Taunt|p2b: Float
|-start|p2b: Float|move: Taunt
|cant|p2b: Float|move: Taunt|Trick Room
|
|upkeep
|turn|2
|
|t:|1784306691
|switch|p2b: Goodra|Goodra-Hisui, L50, M|100/100
|cant|p1b: Aerodactyl|slp
|move|p2a: Starfinder|Sleep Powder|p1a: Tsareena
|-immune|p1a: Tsareena
|move|p1a: Tsareena|Trop Kick|p2a: Starfinder
|-resisted|p2a: Starfinder|2
|-damage|p2a: Starfinder|0 fnt
|faint|p2a: Starfinder
|
|upkeep
|
|t:|1784306703
|switch|p2a: Yoghurt|Ampharos, L50, M, shiny|100/100
|turn|3
|
|t:|1784306726
|detailschange|p2a: Yoghurt|Ampharos-Mega, L50, M, shiny
|-mega|p2a: Yoghurt|Ampharos|Ampharosite
|-ability|p2a: Yoghurt|Mold Breaker
|-curestatus|p1b: Aerodactyl|slp|[msg]
|move|p1b: Aerodactyl|Rock Slide|p2a: Yoghurt|[spread] p2a,p2b
|-resisted|p2b: Goodra|1
|-damage|p2a: Yoghurt|77/100
|-damage|p2b: Goodra|90/100
|move|p1a: Tsareena|Taunt|p2b: Goodra
|-start|p2b: Goodra|move: Taunt
|move|p2b: Goodra|Heavy Slam|p1b: Aerodactyl
|-supereffective|p1b: Aerodactyl|1
|-enditem|p1b: Aerodactyl|Focus Sash
|-damage|p1b: Aerodactyl|1/100
|move|p2a: Yoghurt|Dragon Pulse|p1a: Tsareena
|-damage|p1a: Tsareena|48/100
|
|-heal|p2b: Goodra|96/100|[from] item: Leftovers
|upkeep
|turn|4
|inactive|eviovulpix has 30 seconds left.
|inactive|p1ch1pichi has 30 seconds left.
|inactive|eviovulpix has 20 seconds left.
|
|t:|1784306762
|move|p2a: Yoghurt|Protect|p2a: Yoghurt
|-singleturn|p2a: Yoghurt|Protect
|move|p1b: Aerodactyl|Rock Slide|p2b: Goodra|[spread] p2b
|-activate|p2a: Yoghurt|move: Protect
|-resisted|p2b: Goodra|1
|-damage|p2b: Goodra|87/100
|move|p1a: Tsareena|Trop Kick|p2b: Goodra
|-resisted|p2b: Goodra|2
|-damage|p2b: Goodra|80/100
|-unboost|p2b: Goodra|atk|1
|move|p2b: Goodra|Heavy Slam|p1a: Tsareena
|-damage|p1a: Tsareena|20/100y
|
|-heal|p2b: Goodra|86/100|[from] item: Leftovers
|upkeep
|turn|5
|
|t:|1784306782
|switch|p2a: Float|Farigiraf, L50, F, shiny|80/100
|move|p1b: Aerodactyl|Rock Slide|p2a: Float|[spread] p2a,p2b
|-resisted|p2b: Goodra|1
|-damage|p2a: Float|59/100
|-damage|p2b: Goodra|77/100
|move|p1a: Tsareena|Triple Axel|p2a: Float
|-damage|p2a: Float|55/100
|-damage|p2a: Float|46/100
|-damage|p2a: Float|33/100
|-hitcount|p2a: Float|3
|move|p2b: Goodra|Heavy Slam|p1a: Tsareena
|-damage|p1a: Tsareena|0 fnt
|faint|p1a: Tsareena
|
|-heal|p2b: Goodra|83/100|[from] item: Leftovers
|-end|p2b: Goodra|move: Taunt
|upkeep
|
|t:|1784306799
|switch|p1a: Floette|Floette-Eternal, L50, F|100/100
|turn|6
|
|t:|1784306804
|detailschange|p1a: Floette|Floette-Mega, L50, F
|-mega|p1a: Floette|Floette|Floettite
|-ability|p1a: Floette|Fairy Aura
|move|p2a: Float|Helping Hand|p2b: Goodra
|-singleturn|p2b: Goodra|Helping Hand|[of] p2a: Float
|move|p1b: Aerodactyl|Rock Slide|p2b: Goodra|[spread] p2a
|-miss|p1b: Aerodactyl|p2b: Goodra
|-damage|p2a: Float|13/100
|move|p1a: Floette|Dazzling Gleam|p2b: Goodra|[spread] p2a,p2b
|-damage|p2a: Float|0 fnt
|-damage|p2b: Goodra|52/100
|faint|p2a: Float
|move|p2b: Goodra|Heavy Slam|p1a: Floette
|-supereffective|p1a: Floette|1
|-damage|p1a: Floette|38/100
|
|-heal|p2b: Goodra|58/100|[from] item: Leftovers
|upkeep
|
|t:|1784306821
|switch|p2a: Yoghurt|Ampharos-Mega, L50, M, shiny|77/100
|-ability|p2a: Yoghurt|Mold Breaker
|turn|7
|
|t:|1784306836
|switch|p1b: Altaria|Altaria, L50, F|100/100
|-ability|p1b: Altaria|Cloud Nine
|move|p1a: Floette|Protect|p1a: Floette
|-singleturn|p1a: Floette|Protect
|move|p2a: Yoghurt|Protect|p2a: Yoghurt
|-singleturn|p2a: Yoghurt|Protect
|move|p2b: Goodra|Heavy Slam|p1a: Floette
|-activate|p1a: Floette|move: Protect
|
|-heal|p2b: Goodra|64/100|[from] item: Leftovers
|upkeep
|turn|8
|
|t:|1784306856
|move|p1a: Floette|Light of Ruin|p2b: Goodra|[miss]
|-miss|p1a: Floette|p2b: Goodra
|move|p1b: Altaria|Draco Meteor|p2b: Goodra
|-damage|p2b: Goodra|40/100
|-unboost|p1b: Altaria|spa|2
|move|p2b: Goodra|Heavy Slam|p1a: Floette
|-supereffective|p1a: Floette|1
|-damage|p1a: Floette|0 fnt
|faint|p1a: Floette
|move|p2a: Yoghurt|Dragon Pulse|p1b: Altaria
|-supereffective|p1b: Altaria|1
|-damage|p1b: Altaria|0 fnt
|faint|p1b: Altaria
|
|-heal|p2b: Goodra|45/100|[from] item: Leftovers
|upkeep
|-message|eviovulpix forfeited.
|
|win|p1ch1pichi
|l|☆eviovulpix
|player|p1|
||eviovulpix is ready for game 3.
||p1ch1pichi is ready for game 3.
|uhtml|next|Next: Game 3 of 3
