|j|☆VerVe1997
|j|☆beckybug
|html|VerVe1997beckybug    
|uhtml|bestof|Game 3 of a best-of-3
|t:|1782515573
|gametype|doubles
|player|p1|VerVe1997|steven|1120
|player|p2|beckybug|briar|1278
|gen|9
|tier|[Gen 9 Champions] VGC 2026 Reg M-B (Bo3)
|rated|
|rule|Species Clause: Limit one of each Pokémon
|rule|Item Clause: Limit 1 of each item
|clearpoke
|poke|p1|Kingambit, L50, F|
|poke|p1|Sneasler, L50, M|
|poke|p1|Floette-Eternal, L50, F|
|poke|p1|Charizard, L50, M|
|poke|p1|Garchomp, L50, M|
|poke|p1|Aerodactyl, L50, M|
|poke|p2|Metagross, L50, shiny|
|poke|p2|Swampert, L50, F|
|poke|p2|Pelipper, L50, M|
|poke|p2|Archaludon, L50, F|
|poke|p2|Sinistcha-Masterpiece, L50|
|poke|p2|Grimmsnarl, L50, M, shiny|
|teampreview|4
|showteam|p1|Kingambit||BlackGlasses|Defiant|KowtowCleave,SuckerPunch,IronHead,Protect|Adamant||F|||50|]Sneasler||WhiteHerb|Pressure|DireClaw,CloseCombat,FakeOut,Protect|Jolly||M|||50|]Floette-Eternal||Floettite|FlowerVeil|DrainingKiss,DazzlingGleam,CalmMind,Protect|Modest||F|||50|]Charizard||CharizarditeY|Blaze|WeatherBall,HeatWave,SolarBeam,Protect|Modest||M|||50|]Garchomp||LifeOrb|RoughSkin|Earthquake,StompingTantrum,DragonClaw,Protect|Adamant||M|||50|]Aerodactyl||FocusSash|RockHead|Tailwind,WideGuard,DualWingbeat,RockSlide|Serious||M|||50|
|showteam|p2|Metagross||Metagrossite|ClearBody|IronHead,PsychicFangs,BodyPress,Protect|Jolly|||||50|]Swampert||Swampertite|Torrent|WaveCrash,Earthquake,IcePunch,Protect|Adamant||F|||50|]Pelipper||SitrusBerry|Drizzle|WeatherBall,Hurricane,Tailwind,Protect|Modest||M|||50|]Archaludon||Leftovers|Stamina|FlashCannon,DragonPulse,ElectroShot,Protect|Modest||F|||50|]Sinistcha-Masterpiece||CobaBerry|Hospitality|MatchaGotcha,RagePowder,TrickRoom,Protect|Relaxed|||||50|]Grimmsnarl||LightClay|Prankster|FoulPlay,PartingShot,Reflect,LightScreen|Calm||M|||50|
|
|t:|1782515588
|teamsize|p1|4
|teamsize|p2|4
|start
|switch|p1a: Floette|Floette-Eternal, L50, F|100/100
|switch|p1b: Sneasler|Sneasler, L50, M|100/100
|switch|p2a: Pelipper|Pelipper, L50, M|100/100
|switch|p2b: Swampert|Swampert, L50, F|100/100
|-ability|p1b: Sneasler|Pressure
|-weather|RainDance|[from] ability: Drizzle|[of] p2a: Pelipper
|turn|1
|
|t:|1782515602
|detailschange|p1a: Floette|Floette-Mega, L50, F
|-mega|p1a: Floette|Floette|Floettite
|-ability|p1a: Floette|Fairy Aura
|detailschange|p2b: Swampert|Swampert-Mega, L50, F
|-mega|p2b: Swampert|Swampert|Swampertite
|move|p2b: Swampert|Protect|p2b: Swampert
|-singleturn|p2b: Swampert|Protect
|move|p2a: Pelipper|Protect|p2a: Pelipper
|-singleturn|p2a: Pelipper|Protect
|move|p1b: Sneasler|Fake Out|p2a: Pelipper
|-activate|p2a: Pelipper|move: Protect
|move|p1a: Floette|Calm Mind|p1a: Floette
|-boost|p1a: Floette|spa|1
|-boost|p1a: Floette|spd|1
|
|-weather|RainDance|[upkeep]
|upkeep
|turn|2
|
|t:|1782515626
|switch|p1b: Aerodactyl|Aerodactyl, L50, M|100/100
|move|p1a: Floette|Protect|p1a: Floette
|-singleturn|p1a: Floette|Protect
|move|p2b: Swampert|Earthquake|p1a: Floette|[spread] 
|-activate|p1a: Floette|move: Protect
|-immune|p2a: Pelipper
|-immune|p1b: Aerodactyl
|move|p2a: Pelipper|Tailwind|p2a: Pelipper
|-sidestart|p2: beckybug|move: Tailwind
|
|-weather|RainDance|[upkeep]
|upkeep
|turn|3
|
|t:|1782515661
|move|p2b: Swampert|Wave Crash|p1a: Floette
|-damage|p1a: Floette|0 fnt
|faint|p1a: Floette
|-damage|p2b: Swampert|70/100|[from] Recoil
|move|p2a: Pelipper|Weather Ball|p1b: Aerodactyl
|-supereffective|p1b: Aerodactyl|1
|-enditem|p1b: Aerodactyl|Focus Sash
|-damage|p1b: Aerodactyl|1/100
|move|p1b: Aerodactyl|Tailwind|p1b: Aerodactyl
|-sidestart|p1: VerVe1997|move: Tailwind
|
|-weather|RainDance|[upkeep]
|upkeep
|
|t:|1782515669
|switch|p1a: Sneasler|Sneasler, L50, M|100/100
|-ability|p1a: Sneasler|Pressure
|turn|4
|
|t:|1782515685
|switch|p2a: Grimmsnarl|Grimmsnarl, L50, M, shiny|100/100
|move|p2b: Swampert|Protect|p2b: Swampert
|-singleturn|p2b: Swampert|Protect
|move|p1a: Sneasler|Fake Out|p2b: Swampert
|-activate|p2b: Swampert|move: Protect
|move|p1b: Aerodactyl|Rock Slide|p2b: Swampert|[spread] p2a
|-activate|p2b: Swampert|move: Protect
|-damage|p2a: Grimmsnarl|73/100
|
|-weather|RainDance|[upkeep]
|upkeep
|turn|5
|
|t:|1782515704
|move|p1a: Sneasler|Protect|p1a: Sneasler
|-singleturn|p1a: Sneasler|Protect
|move|p2a: Grimmsnarl|Reflect|p2a: Grimmsnarl
|-sidestart|p2: beckybug|Reflect
|move|p2b: Swampert|Wave Crash|p1a: Sneasler
|-activate|p1a: Sneasler|move: Protect
|move|p1b: Aerodactyl|Rock Slide|p2b: Swampert|[spread] p2a,p2b
|-resisted|p2b: Swampert|1
|-damage|p2a: Grimmsnarl|56/100
|-damage|p2b: Swampert|62/100
|
|-weather|none
|-sideend|p2: beckybug|move: Tailwind
|upkeep
|turn|6
|
|t:|1782515725
|move|p2a: Grimmsnarl|Parting Shot|p1a: Sneasler
|-unboost|p1a: Sneasler|atk|1
|-unboost|p1a: Sneasler|spa|1
|
|t:|1782515729
|switch|p2a: Pelipper|Pelipper, L50, M|100/100|[from] Parting Shot
|-enditem|p1a: Sneasler|White Herb
|-clearnegativeboost|p1a: Sneasler|[silent]
|-weather|RainDance|[from] ability: Drizzle|[of] p2a: Pelipper
|move|p1a: Sneasler|Close Combat|p2b: Swampert
|-damage|p2b: Swampert|27/100
|-unboost|p1a: Sneasler|def|1
|-unboost|p1a: Sneasler|spd|1
|move|p1b: Aerodactyl|Rock Slide|p2a: Pelipper|[spread] p2a,p2b
|-supereffective|p2a: Pelipper|1
|-resisted|p2b: Swampert|1
|-damage|p2a: Pelipper|61/100
|-damage|p2b: Swampert|19/100
|move|p2b: Swampert|Earthquake|p1a: Sneasler|[spread] p1a
|-immune|p2a: Pelipper
|-immune|p1b: Aerodactyl
|-supereffective|p1a: Sneasler|1
|-damage|p1a: Sneasler|0 fnt
|faint|p1a: Sneasler
|
|-weather|RainDance|[upkeep]
|-sideend|p1: VerVe1997|move: Tailwind
|upkeep
|
|t:|1782515745
|switch|p1a: Garchomp|Garchomp, L50, M|100/100
|turn|7
|
|t:|1782515760
|move|p2b: Swampert|Ice Punch|p1b: Aerodactyl
|-supereffective|p1b: Aerodactyl|1
|-damage|p1b: Aerodactyl|0 fnt
|faint|p1b: Aerodactyl
|move|p1a: Garchomp|Dragon Claw|p2a: Pelipper
|-damage|p2a: Pelipper|16/100
|-enditem|p2a: Pelipper|Sitrus Berry|[eat]
|-heal|p2a: Pelipper|41/100|[from] item: Sitrus Berry
|-damage|p1a: Garchomp|90/100|[from] item: Life Orb
|move|p2a: Pelipper|Tailwind|p2a: Pelipper
|-sidestart|p2: beckybug|move: Tailwind
|
|-weather|RainDance|[upkeep]
|upkeep
|turn|8
|-message|VerVe1997 forfeited.
|
|win|beckybug
|raw|VerVe1997's rating: 1120 → 1106(-14 for losing)
|raw|beckybug's rating: 1278 → 1292(+14 for winning)
|l|☆VerVe1997
|player|p1|
