|j|☆Rock slap
|j|☆ChrisRappa
|html|Rock slapChrisRappa    
|uhtml|bestof|Game 1 of a best-of-3
|t:|1757649409
|gametype|doubles
|player|p1|Rock slap|hiker-gen4|1250
|player|p2|ChrisRappa|steven|1269
|gen|9
|tier|[Gen 9] VGC 2025 Reg H (Bo3)
|rated|
|rule|Species Clause: Limit one of each Pokémon
|rule|Item Clause: Limit 1 of each item
|clearpoke
|poke|p1|Kommo-o, L50, M|
|poke|p1|Incineroar, L50, M|
|poke|p1|Rillaboom, L50, F|
|poke|p1|Volcarona, L50, F|
|poke|p1|Electabuzz, L50, M|
|poke|p1|Golduck, L50, F|
|poke|p2|Incineroar, L50, F|
|poke|p2|Sneasler, L50, M|
|poke|p2|Archaludon, L50, F|
|poke|p2|Garchomp, L50, F|
|poke|p2|Corviknight, L50, M|
|poke|p2|Amoonguss, L50, F|
|teampreview|4
|showteam|p1|Kommo-o||ThroatSpray|Soundproof|ClangingScales,FlashCannon,ClangorousSoul,Protect|||M|||50|,,,,,Steel]Incineroar||SafetyGoggles|Intimidate|FakeOut,KnockOff,PartingShot,FlareBlitz|||M|||50|,,,,,Ghost]Rillaboom||AssaultVest|GrassySurge|FakeOut,WoodHammer,HighHorsepower,GrassyGlide|||F|||50|,,,,,Water]Volcarona||SitrusBerry|FlameBody|QuiverDance,HeatWave,TeraBlast,Protect|||F|||50|,,,,,Fairy]Electabuzz||Eviolite|VitalSpirit|Protect,Electroweb,Taunt,FollowMe|||M|||50|,,,,,Fairy]Golduck||CovertCloak|CloudNine|IcyWind,SimpleBeam,HelpingHand,Encore|||F|||50|,,,,,Poison
|showteam|p2|Incineroar||AssaultVest|Intimidate|KnockOff,FlareBlitz,FakeOut,Uturn|||F|||50|,,,,,Ghost]Sneasler||FocusSash|PoisonTouch|DireClaw,CloseCombat,FakeOut,Coaching|||M|||50|,,,,,Stellar]Archaludon||PowerHerb|Stamina|Protect,DracoMeteor,FlashCannon,ElectroShot|||F|||50|,,,,,Dragon]Garchomp||LifeOrb|RoughSkin|Protect,Earthquake,DragonClaw,StompingTantrum|||F|||50|,,,,,Ground]Corviknight||SitrusBerry|MirrorArmor|BraveBird,Tailwind,Roost,Taunt|||M|||50|,,,,,Fire]Amoonguss||RockyHelmet|Regenerator|Protect,RagePowder,Spore,SludgeBomb|||F|||50|,,,,,Water
|inactive|Battle timer is ON: inactive players will automatically lose when time's up. (requested by ChrisRappa)
|inactive|Rock slap has 60 seconds left.
|inactive|Rock slap has 30 seconds left.
|inactive|Rock slap has 20 seconds left.
|inactive|Rock slap has 15 seconds left.
|inactive|Rock slap has 10 seconds left.
|
|t:|1757649494
|teamsize|p1|4
|teamsize|p2|4
|start
|switch|p1a: Kommo-o|Kommo-o, L50, M, shiny|100/100
|switch|p1b: Rillaboom|Rillaboom, L50, F|100/100
|switch|p2a: Garchomp|Garchomp, L50, F|100/100
|switch|p2b: Corviknight|Corviknight, L50, M|100/100
|-fieldstart|move: Grassy Terrain|[from] ability: Grassy Surge|[of] p1b: Rillaboom
|turn|1
|inactive|Rock slap has 30 seconds left.
|inactive|Rock slap has 20 seconds left.
|inactive|Rock slap has 15 seconds left.
|inactive|Rock slap has 10 seconds left.
|
|t:|1757649543
|switch|p1a: Electabuzz|Electabuzz, L50, M, shiny|100/100
|move|p2a: Garchomp|Protect|p2a: Garchomp
|-singleturn|p2a: Garchomp|Protect
|move|p1b: Rillaboom|Fake Out|p2b: Corviknight
|-resisted|p2b: Corviknight
|-damage|p2b: Corviknight|95/100
|cant|p2b: Corviknight|flinch
|
|upkeep
|turn|2
|inactive|Rock slap has 30 seconds left.
|
|t:|1757649569
|move|p2a: Garchomp|Earthquake|p1a: Electabuzz|[spread] p1a,p1b
|-immune|p2b: Corviknight
|-supereffective|p1a: Electabuzz
|-resisted|p1b: Rillaboom
|-damage|p1a: Electabuzz|56/100
|-damage|p1b: Rillaboom|89/100
|-damage|p2a: Garchomp|91/100|[from] item: Life Orb
|move|p1a: Electabuzz|Taunt|p2b: Corviknight
|-start|p2b: Corviknight|move: Taunt
|move|p1b: Rillaboom|Wood Hammer|p2a: Garchomp
|-damage|p2a: Garchomp|10/100
|-damage|p1b: Rillaboom|77/100|[from] ability: Rough Skin|[of] p2a: Garchomp
|-damage|p1b: Rillaboom|53/100|[from] Recoil
|cant|p2b: Corviknight|move: Taunt|Tailwind
|
|-heal|p2a: Garchomp|16/100|[from] Grassy Terrain
|-heal|p1a: Electabuzz|62/100|[from] Grassy Terrain
|-heal|p1b: Rillaboom|59/100|[from] Grassy Terrain
|upkeep
|turn|3
|
|t:|1757649591
|move|p1a: Electabuzz|Follow Me|p1a: Electabuzz
|-singleturn|p1a: Electabuzz|move: Follow Me
|move|p1b: Rillaboom|Grassy Glide|p2a: Garchomp
|-crit|p2a: Garchomp
|-damage|p2a: Garchomp|0 fnt
|-damage|p1b: Rillaboom|47/100|[from] ability: Rough Skin|[of] p2a: Garchomp
|faint|p2a: Garchomp
|move|p2b: Corviknight|Brave Bird|p1a: Electabuzz
|-resisted|p1a: Electabuzz
|-damage|p1a: Electabuzz|45/100
|-damage|p2b: Corviknight|90/100|[from] Recoil
|
|-heal|p1a: Electabuzz|51/100|[from] Grassy Terrain
|-heal|p1b: Rillaboom|52/100|[from] Grassy Terrain
|upkeep
|
|t:|1757649603
|switch|p2a: Incineroar|Incineroar, L50, F|100/100
|-ability|p2a: Incineroar|Intimidate|boost
|-unboost|p1a: Electabuzz|atk|1
|-unboost|p1b: Rillaboom|atk|1
|turn|4
|
|t:|1757649610
|switch|p1b: Kommo-o|Kommo-o, L50, M, shiny|100/100
|move|p1a: Electabuzz|Protect|p1a: Electabuzz
|-singleturn|p1a: Electabuzz|Protect
|move|p2a: Incineroar|Fake Out|p1a: Electabuzz
|-activate|p1a: Electabuzz|move: Protect
|move|p2b: Corviknight|Brave Bird|p1b: Kommo-o
|-supereffective|p1b: Kommo-o
|-damage|p1b: Kommo-o|23/100
|-damage|p2b: Corviknight|71/100|[from] Recoil
|
|-heal|p1a: Electabuzz|57/100|[from] Grassy Terrain
|-heal|p1b: Kommo-o|28/100|[from] Grassy Terrain
|-end|p2b: Corviknight|move: Taunt
|upkeep
|turn|5
|inactive|ChrisRappa has 30 seconds left.
|
|t:|1757649641
|move|p1a: Electabuzz|Taunt|p2b: Corviknight
|-start|p2b: Corviknight|move: Taunt
|move|p1b: Kommo-o|Clanging Scales|p2a: Incineroar|[spread] p2a,p2b
|-resisted|p2b: Corviknight
|-damage|p2a: Incineroar|78/100
|-damage|p2b: Corviknight|54/100
|-unboost|p1b: Kommo-o|def|1
|-enditem|p1b: Kommo-o|Throat Spray
|-boost|p1b: Kommo-o|spa|1|[from] item: Throat Spray
|move|p2a: Incineroar|Flare Blitz|p1b: Kommo-o
|-resisted|p1b: Kommo-o
|-damage|p1b: Kommo-o|0 fnt
|faint|p1b: Kommo-o
|-damage|p2a: Incineroar|71/100|[from] Recoil
|move|p2b: Corviknight|Brave Bird|p1a: Electabuzz
|-resisted|p1a: Electabuzz
|-damage|p1a: Electabuzz|42/100
|-damage|p2b: Corviknight|50/100|[from] Recoil
|-enditem|p2b: Corviknight|Sitrus Berry|[eat]
|-heal|p2b: Corviknight|75/100|[from] item: Sitrus Berry
|
|-heal|p1a: Electabuzz|47/100|[from] Grassy Terrain
|-heal|p2a: Incineroar|77/100|[from] Grassy Terrain
|-fieldend|move: Grassy Terrain
|upkeep
|
|t:|1757649655
|switch|p1b: Volcarona|Volcarona, L50, F, shiny|100/100
|turn|6
|
|t:|1757649669
|move|p1a: Electabuzz|Follow Me|p1a: Electabuzz
|-singleturn|p1a: Electabuzz|move: Follow Me
|move|p1b: Volcarona|Quiver Dance|p1b: Volcarona
|-boost|p1b: Volcarona|spa|1
|-boost|p1b: Volcarona|spd|1
|-boost|p1b: Volcarona|spe|1
|move|p2a: Incineroar|Knock Off|p1a: Electabuzz
|-damage|p1a: Electabuzz|11/100
|-enditem|p1a: Electabuzz|Eviolite|[from] move: Knock Off|[of] p2a: Incineroar
|move|p2b: Corviknight|Brave Bird|p1a: Electabuzz
|-resisted|p1a: Electabuzz
|-damage|p1a: Electabuzz|0 fnt
|faint|p1a: Electabuzz
|-damage|p2b: Corviknight|73/100|[from] Recoil
|
|upkeep
|
|t:|1757649679
|switch|p1a: Rillaboom|Rillaboom, L50, F|52/100
|-fieldstart|move: Grassy Terrain|[from] ability: Grassy Surge|[of] p1a: Rillaboom
|turn|7
|inactive|ChrisRappa has 30 seconds left.
|
|t:|1757649711
|-terastallize|p2b: Corviknight|Fire
|move|p1a: Rillaboom|Fake Out|p2a: Incineroar
|-damage|p2a: Incineroar|63/100
|move|p1b: Volcarona|Heat Wave|p2a: Incineroar|[spread] p2b
|-miss|p1b: Volcarona|p2a: Incineroar
|-resisted|p2b: Corviknight
|-damage|p2b: Corviknight|53/100
|cant|p2a: Incineroar|flinch
|move|p2b: Corviknight|Brave Bird|p1b: Volcarona
|-supereffective|p1b: Volcarona
|-damage|p1b: Volcarona|8/100
|-enditem|p1b: Volcarona|Sitrus Berry|[eat]
|-heal|p1b: Volcarona|33/100|[from] item: Sitrus Berry
|-damage|p2b: Corviknight|27/100|[from] Recoil
|
|-heal|p1b: Volcarona|39/100|[from] Grassy Terrain
|-heal|p1a: Rillaboom|58/100|[from] Grassy Terrain
|-heal|p2a: Incineroar|69/100|[from] Grassy Terrain
|-heal|p2b: Corviknight|33/100|[from] Grassy Terrain
|-end|p2b: Corviknight|move: Taunt
|upkeep
|turn|8
|
|t:|1757649734
|-terastallize|p1b: Volcarona|Fairy
|move|p1b: Volcarona|Tera Blast|p2a: Incineroar|[anim] Tera Blast Fairy
|-damage|p2a: Incineroar|36/100
|move|p1a: Rillaboom|High Horsepower|p2b: Corviknight
|-supereffective|p2b: Corviknight
|-damage|p2b: Corviknight|0 fnt
|faint|p2b: Corviknight
|move|p2a: Incineroar|Knock Off|p1b: Volcarona
|-resisted|p1b: Volcarona
|-damage|p1b: Volcarona|22/100
|
|-heal|p1b: Volcarona|28/100|[from] Grassy Terrain
|-heal|p1a: Rillaboom|64/100|[from] Grassy Terrain
|-heal|p2a: Incineroar|42/100|[from] Grassy Terrain
|upkeep
|
|t:|1757649745
|switch|p2b: Archaludon|Archaludon, L50, F|100/100
|turn|9
|
|t:|1757649757
|move|p1b: Volcarona|Protect|p1b: Volcarona
|-singleturn|p1b: Volcarona|Protect
|move|p2b: Archaludon|Flash Cannon|p1b: Volcarona
|-activate|p1b: Volcarona|move: Protect
|move|p1a: Rillaboom|High Horsepower|p2a: Incineroar
|-supereffective|p2a: Incineroar
|-damage|p2a: Incineroar|0 fnt
|faint|p2a: Incineroar
|
|-heal|p1b: Volcarona|34/100|[from] Grassy Terrain
|-heal|p1a: Rillaboom|70/100|[from] Grassy Terrain
|upkeep
|turn|10
|
|t:|1757649777
|move|p1b: Volcarona|Tera Blast|p2b: Archaludon|[anim] Tera Blast Fairy
|-damage|p2b: Archaludon|23/100
|-ability|p2b: Archaludon|Stamina|boost
|-boost|p2b: Archaludon|def|1
|move|p2b: Archaludon|Flash Cannon|p1b: Volcarona
|-supereffective|p1b: Volcarona
|-damage|p1b: Volcarona|0 fnt
|faint|p1b: Volcarona
|move|p1a: Rillaboom|High Horsepower|p2b: Archaludon
|-supereffective|p2b: Archaludon
|-damage|p2b: Archaludon|0 fnt
|faint|p2b: Archaludon
|
|win|Rock slap
||ChrisRappa is ready for game 2.
|inactive|Rock slap has 30 seconds to confirm battle start!
