|j|☆Alysonz
|j|☆pgdraxos
|html|Alysonzpgdraxos    
|uhtml|bestof|Game 2 of a best-of-3
|t:|1784588923
|gametype|doubles
|player|p1|Alysonz|steven|1061
|player|p2|pgdraxos|fisherman-gen4|1000
|gen|9
|tier|[Gen 9 Champions] VGC 2026 Reg M-B (Bo3)
|rated|
|rule|Species Clause: Limit one of each Pokémon
|rule|Item Clause: Limit 1 of each item
|clearpoke
|poke|p1|Pelipper, L50, F|
|poke|p1|Basculegion, L50, M|
|poke|p1|Gardevoir, L50, M|
|poke|p1|Garchomp, L50, M|
|poke|p1|Incineroar, L50, M|
|poke|p1|Scizor, L50, F|
|poke|p2|Pelipper, L50, M|
|poke|p2|Blastoise, L50, M|
|poke|p2|Maushold, L50|
|poke|p2|Annihilape, L50, F|
|poke|p2|Farigiraf, L50, F|
|poke|p2|Metagross, L50|
|teampreview|4
|showteam|p1|Pelipper||FocusSash|Drizzle|Protect,Hurricane,IceBeam,Tailwind|Modest||F|||50|]Basculegion||MysticWater|SwiftSwim|AquaJet,LastRespects,WaveCrash,Protect|Adamant||M|||50|]Gardevoir||Gardevoirite|Telepathy|HyperVoice,Psychic,EnergyBall,Protect|Modest||M|||50|]Garchomp||LifeOrb|RoughSkin|DragonTail,Earthquake,RockSlide,Protect|Adamant||M|||50|]Incineroar||SitrusBerry|Intimidate|DarkestLariat,FakeOut,Taunt,PartingShot|Careful||M|||50|]Scizor||Leftovers|Technician|BulletPunch,CloseCombat,BugBite,Protect|Adamant||F|||50|
|showteam|p2|Pelipper||SitrusBerry|Drizzle|Hurricane,WeatherBall,Tailwind,Protect|Modest||M|||50|]Blastoise||Blastoisinite|RainDish|WaterSpout,DarkPulse,AuraSphere,FakeOut|Modest||M|||50|]Maushold||FocusSash|FriendGuard|SuperFang,BeatUp,FollowMe,Protect|Jolly|||||50|]Annihilape||SpellTag|Defiant|RageFist,DrainPunch,BulkUp,Protect|Jolly||F|||50|]Farigiraf||ColburBerry|ArmorTail|HyperVoice,Thunderbolt,TrickRoom,HelpingHand|Calm||F|||50|]Metagross||Metagrossite|ClearBody|IronHead,PsychicFangs,IcePunch,Protect|Jolly|||||50|
|inactive|Battle timer is ON: inactive players will automatically lose when time's up. (requested by Alysonz)
|
|t:|1784588952
|teamsize|p1|4
|teamsize|p2|4
|start
|switch|p1a: Garchomp|Garchomp, L50, M|100/100
|switch|p1b: Incineroar|Incineroar, L50, M|100/100
|switch|p2a: Maushold|Maushold, L50|100/100
|switch|p2b: Annihilape|Annihilape, L50, F|100/100
|-ability|p1b: Incineroar|Intimidate|boost
|-unboost|p2a: Maushold|atk|1
|-unboost|p2b: Annihilape|atk|1
|-ability|p2b: Annihilape|Defiant|boost
|-boost|p2b: Annihilape|atk|2
|turn|1
|inactive|Alysonz has 30 seconds left.
|
|t:|1784588982
|switch|p1b: Pelipper|Pelipper, L50, F|100/100
|-weather|RainDance|[from] ability: Drizzle|[of] p1b: Pelipper
|move|p2a: Maushold|Protect|p2a: Maushold
|-singleturn|p2a: Maushold|Protect
|move|p2b: Annihilape|Bulk Up|p2b: Annihilape
|-boost|p2b: Annihilape|atk|1
|-boost|p2b: Annihilape|def|1
|move|p1a: Garchomp|Earthquake|p2a: Maushold|[spread] p2b
|-activate|p2a: Maushold|move: Protect
|-immune|p1b: Pelipper
|-damage|p2b: Annihilape|70/100
|-damage|p1a: Garchomp|90/100|[from] item: Life Orb
|
|-weather|RainDance|[upkeep]
|upkeep
|turn|2
|inactive|pgdraxos has 30 seconds left.
|inactive|pgdraxos has 20 seconds left.
|
|t:|1784589018
|move|p2a: Maushold|Super Fang|p1b: Pelipper
|-damage|p1b: Pelipper|50/100g
|move|p2b: Annihilape|Rage Fist|p1b: Pelipper
|-damage|p1b: Pelipper|0 fnt
|faint|p1b: Pelipper
|move|p1a: Garchomp|Dragon Tail|p2a: Maushold
|-damage|p2a: Maushold|46/100
|-damage|p1a: Garchomp|80/100|[from] item: Life Orb
|drag|p2a: Farigiraf|Farigiraf, L50, F|100/100
|
|-weather|RainDance|[upkeep]
|upkeep
|
|t:|1784589031
|switch|p1b: Scizor|Scizor, L50, F|100/100
|turn|3
|
|t:|1784589047
|move|p2b: Annihilape|Drain Punch|p1b: Scizor
|-damage|p1b: Scizor|26/100
|-heal|p2b: Annihilape|95/100|[from] drain|[of] p1b: Scizor
|move|p1b: Scizor|Bug Bite|p2a: Farigiraf
|-supereffective|p2a: Farigiraf|1
|-damage|p2a: Farigiraf|1/100
|-enditem|p2a: Farigiraf|Colbur Berry|[from] stealeat|[move] Bug Bite|[of] p1b: Scizor
|move|p2a: Farigiraf|Hyper Voice|p1b: Scizor|[spread] p1a,p1b
|-resisted|p1b: Scizor|1
|-damage|p1a: Garchomp|52/100
|-damage|p1b: Scizor|8/100
|move|p1a: Garchomp|Dragon Tail|p2b: Annihilape
|-damage|p2b: Annihilape|61/100
|-damage|p1a: Garchomp|42/100|[from] item: Life Orb
|drag|p2b: Blastoise|Blastoise, L50, M|100/100
|
|-weather|RainDance|[upkeep]
|-heal|p1b: Scizor|14/100|[from] item: Leftovers
|upkeep
|turn|4
|inactive|Alysonz has 30 seconds left.
|inactive|pgdraxos has 30 seconds left.
|inactive|pgdraxos has 20 seconds left.
|
|t:|1784589084
|detailschange|p2b: Blastoise|Blastoise-Mega, L50, M
|-mega|p2b: Blastoise|Blastoise|Blastoisinite
|move|p1a: Garchomp|Protect|p1a: Garchomp
|-singleturn|p1a: Garchomp|Protect
|move|p1b: Scizor|Bug Bite|p2a: Farigiraf
|-supereffective|p2a: Farigiraf|1
|-damage|p2a: Farigiraf|0 fnt
|faint|p2a: Farigiraf
|move|p2b: Blastoise|Dark Pulse|p1a: Garchomp
|-activate|p1a: Garchomp|move: Protect
|
|-weather|RainDance|[upkeep]
|-heal|p1b: Scizor|20/100y|[from] item: Leftovers
|upkeep
|
|t:|1784589089
|switch|p2a: Maushold|Maushold, L50|46/100
|turn|5
|
|t:|1784589104
|move|p1b: Scizor|Protect|p1b: Scizor
|-singleturn|p1b: Scizor|Protect
|move|p2a: Maushold|Follow Me|p2a: Maushold
|-singleturn|p2a: Maushold|move: Follow Me
|move|p1a: Garchomp|Earthquake|p2b: Blastoise|[spread] p2a,p2b
|-activate|p1b: Scizor|move: Protect
|-damage|p2a: Maushold|0 fnt
|-damage|p2b: Blastoise|62/100
|faint|p2a: Maushold
|-damage|p1a: Garchomp|32/100|[from] item: Life Orb
|move|p2b: Blastoise|Water Spout|p1b: Scizor|[spread] p1a
|-activate|p1b: Scizor|move: Protect
|-damage|p1a: Garchomp|0 fnt
|faint|p1a: Garchomp
|
|-weather|none
|-heal|p1b: Scizor|26/100|[from] item: Leftovers
|upkeep
|
|t:|1784589119
|switch|p2a: Annihilape|Annihilape, L50, F|61/100
|switch|p1a: Incineroar|Incineroar, L50, M|100/100
|-ability|p1a: Incineroar|Intimidate|boost
|-unboost|p2a: Annihilape|atk|1
|-ability|p2a: Annihilape|Defiant|boost
|-boost|p2a: Annihilape|atk|2
|-unboost|p2b: Blastoise|atk|1
|turn|6
|
|t:|1784589135
|move|p1a: Incineroar|Fake Out|p2b: Blastoise
|-damage|p2b: Blastoise|53/100
|move|p2a: Annihilape|Bulk Up|p2a: Annihilape
|-boost|p2a: Annihilape|atk|1
|-boost|p2a: Annihilape|def|1
|move|p1b: Scizor|Close Combat|p2b: Blastoise
|-damage|p2b: Blastoise|13/100
|-unboost|p1b: Scizor|def|1
|-unboost|p1b: Scizor|spd|1
|cant|p2b: Blastoise|flinch
|
|-heal|p1b: Scizor|33/100|[from] item: Leftovers
|upkeep
|turn|7
|
|t:|1784589152
|move|p1b: Scizor|Bullet Punch|p2b: Blastoise
|-resisted|p2b: Blastoise|1
|-damage|p2b: Blastoise|1/100
|move|p2a: Annihilape|Drain Punch|p1a: Incineroar
|-supereffective|p1a: Incineroar|1
|-damage|p1a: Incineroar|0 fnt
|-heal|p2a: Annihilape|100/100|[from] drain|[of] p1a: Incineroar
|faint|p1a: Incineroar
|move|p2b: Blastoise|Aura Sphere|p1b: Scizor
|-damage|p1b: Scizor|0 fnt
|faint|p1b: Scizor
|
|win|pgdraxos
||pgdraxos is ready for game 3.
||Alysonz is ready for game 3.
|uhtml|next|Next: Game 3 of 3
