|j|☆thedelybird
|j|☆Trejox
|html|thedelybirdTrejox    
|uhtml|bestof|Game 3 of a best-of-3
|t:|1756496911
|gametype|doubles
|player|p1|thedelybird|blue-masters|1310
|player|p2|Trejox|102|1195
|gen|9
|tier|[Gen 9] VGC 2025 Reg H (Bo3)
|rated|
|rule|Species Clause: Limit one of each Pokémon
|rule|Item Clause: Limit 1 of each item
|clearpoke
|poke|p1|Basculegion, L50, M|
|poke|p1|Pelipper, L50, M|
|poke|p1|Archaludon, L50, F|
|poke|p1|Gholdengo, L50|
|poke|p1|Whimsicott, L50, M|
|poke|p1|Incineroar, L50, M|
|poke|p2|Lilligant-Hisui, L50, F|
|poke|p2|Torkoal, L50, M|
|poke|p2|Oranguru, L50, M|
|poke|p2|Ursaluna, L50, F|
|poke|p2|Vikavolt, L50, M|
|poke|p2|Indeedee-F, L50, F|
|teampreview|4
|showteam|p1|Basculegion||MysticWater|SwiftSwim|LastRespects,WaveCrash,AquaJet,Protect|||M|||50|,,,,,Water]Pelipper||FocusSash|Drizzle|Hurricane,WeatherBall,WideGuard,Tailwind|||M|||50|,,,,,Ghost]Archaludon||AssaultVest|Stamina|ElectroShot,BodyPress,DracoMeteor,FlashCannon|||F|||50|,,,,,Fairy]Gholdengo||MetalCoat|GoodasGold|MakeItRain,ShadowBall,NastyPlot,Protect||||||50|,,,,,Water]Whimsicott||CovertCloak|Prankster|Moonblast,Taunt,BeatUp,Tailwind|||M|||50|,,,,,Steel]Incineroar||SafetyGoggles|Intimidate|FakeOut,FlareBlitz,KnockOff,PartingShot|||M|||50|,,,,,Ghost
|showteam|p2|Lilligant-Hisui||FocusSash|Chlorophyll|SolarBlade,CloseCombat,SleepPowder,AfterYou|||F|||50|,,,,,Ghost]Torkoal||Charcoal|Drought|Eruption,EarthPower,WeatherBall,Protect|||M|||50|,,,,,Fire]Oranguru||MentalHerb|InnerFocus|Psychic,Instruct,TrickRoom,Protect|||M|||50|,,,,,Fairy]Ursaluna||FlameOrb|Guts|Facade,Earthquake,Roar,Protect|||F|||50|,,,,,Normal]Vikavolt||ChoiceSpecs|Levitate|Discharge,BugBuzz,AirSlash,VoltSwitch|||M|||50|,,,,,Electric]Indeedee-F||RockyHelmet|PsychicSurge|AlluringVoice,FollowMe,HelpingHand,TrickRoom|||F|||50|,,,,,Grass
|
|t:|1756496928
|teamsize|p1|4
|teamsize|p2|4
|start
|switch|p1a: Incineroar|Incineroar, L50, M|100/100
|switch|p1b: Gholdengo|Gholdengo, L50|100/100
|switch|p2a: Lilligant|Lilligant-Hisui, L50, F, shiny|100/100
|switch|p2b: Torkoal|Torkoal, L50, M|100/100
|-ability|p1a: Incineroar|Intimidate|boost
|-unboost|p2a: Lilligant|atk|1
|-unboost|p2b: Torkoal|atk|1
|-weather|SunnyDay|[from] ability: Drought|[of] p2b: Torkoal
|turn|1
|inactive|Battle timer is ON: inactive players will automatically lose when time's up. (requested by thedelybird)
|
|t:|1756496942
|-terastallize|p2a: Lilligant|Ghost
|-terastallize|p1b: Gholdengo|Water
|move|p2b: Torkoal|Protect|p2b: Torkoal
|-singleturn|p2b: Torkoal|Protect
|move|p2a: Lilligant|Solar Blade||[still]
|-prepare|p2a: Lilligant|Solar Blade
|-anim|p2a: Lilligant|Solar Blade|p1b: Gholdengo
|-supereffective|p1b: Gholdengo
|-damage|p1b: Gholdengo|8/100
|move|p1b: Gholdengo|Shadow Ball|p2a: Lilligant
|-supereffective|p2a: Lilligant
|-enditem|p2a: Lilligant|Focus Sash
|-damage|p2a: Lilligant|1/100
|-unboost|p2a: Lilligant|spd|1
|move|p1a: Incineroar|Knock Off|p2a: Lilligant
|-supereffective|p2a: Lilligant
|-damage|p2a: Lilligant|0 fnt
|faint|p2a: Lilligant
|
|-weather|SunnyDay|[upkeep]
|upkeep
|
|t:|1756496960
|switch|p2a: Oranguru|Oranguru, L50, M|100/100
|turn|2
|
|t:|1756496974
|move|p1b: Gholdengo|Shadow Ball|p2b: Torkoal
|-damage|p2b: Torkoal|42/100
|move|p1a: Incineroar|Knock Off|p2b: Torkoal
|-damage|p2b: Torkoal|7/100
|-enditem|p2b: Torkoal|Charcoal|[from] move: Knock Off|[of] p1a: Incineroar
|move|p2b: Torkoal|Eruption|p1a: Incineroar|[spread] p1a,p1b
|-resisted|p1a: Incineroar
|-crit|p1a: Incineroar
|-resisted|p1b: Gholdengo
|-damage|p1a: Incineroar|98/100
|-damage|p1b: Gholdengo|6/100
|move|p2a: Oranguru|Trick Room|p2a: Oranguru
|-fieldstart|move: Trick Room|[of] p2a: Oranguru
|
|-weather|SunnyDay|[upkeep]
|upkeep
|turn|3
|inactive|thedelybird has 30 seconds left.
|
|t:|1756497000
|move|p2a: Oranguru|Protect|p2a: Oranguru
|-singleturn|p2a: Oranguru|Protect
|move|p2b: Torkoal|Earth Power|p1a: Incineroar
|-supereffective|p1a: Incineroar
|-damage|p1a: Incineroar|50/100
|move|p1a: Incineroar|Knock Off|p2b: Torkoal
|-damage|p2b: Torkoal|0 fnt
|faint|p2b: Torkoal
|move|p1b: Gholdengo|Make It Rain|p2a: Oranguru
|-activate|p2a: Oranguru|move: Protect
|
|-weather|SunnyDay|[upkeep]
|upkeep
|
|t:|1756497006
|switch|p2b: Ursaluna|Ursaluna, L50, F, shiny|100/100
|turn|4
|
|t:|1756497017
|switch|p1a: Pelipper|Pelipper, L50, M|100/100
|-weather|RainDance|[from] ability: Drizzle|[of] p1a: Pelipper
|move|p1b: Gholdengo|Protect|p1b: Gholdengo
|-singleturn|p1b: Gholdengo|Protect
|move|p2b: Ursaluna|Facade|p1a: Pelipper
|-damage|p1a: Pelipper|49/100
|move|p2a: Oranguru|Psychic|p1b: Gholdengo
|-activate|p1b: Gholdengo|move: Protect
|
|-weather|RainDance|[upkeep]
|-status|p2b: Ursaluna|brn|[from] item: Flame Orb
|upkeep
|turn|5
|
|t:|1756497040
|switch|p1b: Incineroar|Incineroar, L50, M|50/100
|-ability|p1b: Incineroar|Intimidate|boost
|-fail|p2a: Oranguru|unboost|Attack|[from] ability: Inner Focus|[of] p2a: Oranguru
|-unboost|p2b: Ursaluna|atk|1
|move|p2b: Ursaluna|Facade|p1b: Incineroar
|-damage|p1b: Incineroar|0 fnt
|faint|p1b: Incineroar
|move|p2a: Oranguru|Psychic|p1a: Pelipper
|-damage|p1a: Pelipper|0 fnt
|faint|p1a: Pelipper
|
|-weather|RainDance|[upkeep]
|-damage|p2b: Ursaluna|95/100 brn|[from] brn
|upkeep
|
|t:|1756497052
|switch|p1b: Basculegion|Basculegion, L50, M|100/100
|switch|p1a: Gholdengo|Gholdengo, L50, tera:Water|6/100
|turn|6
|
|t:|1756497061
|move|p1a: Gholdengo|Protect|p1a: Gholdengo
|-singleturn|p1a: Gholdengo|Protect
|move|p1b: Basculegion|Protect|p1b: Basculegion
|-singleturn|p1b: Basculegion|Protect
|move|p2b: Ursaluna|Earthquake|p1b: Basculegion|[spread] p2a
|-activate|p1a: Gholdengo|move: Protect
|-activate|p1b: Basculegion|move: Protect
|-damage|p2a: Oranguru|69/100
|move|p2a: Oranguru|Instruct|p2b: Ursaluna
|-singleturn|p2b: Ursaluna|move: Instruct|[of] p2a: Oranguru
|move|p2b: Ursaluna|Earthquake|p1a: Gholdengo|[spread] p2a
|-activate|p1a: Gholdengo|move: Protect
|-activate|p1b: Basculegion|move: Protect
|-damage|p2a: Oranguru|35/100
|
|-weather|RainDance|[upkeep]
|-damage|p2b: Ursaluna|89/100 brn|[from] brn
|-fieldend|move: Trick Room
|upkeep
|turn|7
|inactive|thedelybird has 30 seconds left.
|inactive|thedelybird has 20 seconds left.
|inactive|thedelybird has 15 seconds left.
|
|t:|1756497105
|move|p1b: Basculegion|Wave Crash|p2a: Oranguru
|-damage|p2a: Oranguru|0 fnt
|faint|p2a: Oranguru
|-damage|p1b: Basculegion|89/100|[from] Recoil
|move|p1a: Gholdengo|Make It Rain|p2b: Ursaluna
|-damage|p2b: Ursaluna|16/100 brn
|-unboost|p1a: Gholdengo|spa|1
|move|p2b: Ursaluna|Earthquake|p1a: Gholdengo|[spread] p1a,p1b
|-damage|p1a: Gholdengo|0 fnt
|-damage|p1b: Basculegion|30/100
|faint|p1a: Gholdengo
|
|-weather|RainDance|[upkeep]
|-damage|p2b: Ursaluna|10/100 brn|[from] brn
|upkeep
|turn|8
|
|t:|1756497127
|move|p1b: Basculegion|Wave Crash|p2b: Ursaluna
|-supereffective|p2b: Ursaluna
|-damage|p2b: Ursaluna|0 fnt
|faint|p2b: Ursaluna
|-damage|p1b: Basculegion|26/100|[from] Recoil
|
|win|thedelybird
|raw|thedelybird's rating: 1310 → 1324(+14 for winning)
|raw|Trejox's rating: 1195 → 1178(-17 for losing)
|c|☆thedelybird|Gg
|c|☆Trejox|gg
|l|☆Trejox
|player|p2|
