|j|☆CyanMepuru
|j|☆FAMILIARCOL
|html|CyanMepuruFAMILIARCOL    
|uhtml|bestof|Game 2 of a best-of-3
|t:|1757854130
|gametype|doubles
|player|p1|CyanMepuru|juan|1134
|player|p2|FAMILIARCOL|169|1104
|gen|9
|tier|[Gen 9] VGC 2025 Reg H (Bo3)
|rated|
|rule|Species Clause: Limit one of each Pokémon
|rule|Item Clause: Limit 1 of each item
|clearpoke
|poke|p1|Politoed, L50, M|
|poke|p1|Archaludon, L50, F|
|poke|p1|Kingdra, L50, M|
|poke|p1|Incineroar, L50, F|
|poke|p1|Amoonguss, L50, M|
|poke|p1|Gothitelle, L50, M|
|poke|p2|Farigiraf, L50, F|
|poke|p2|Dragonite, L50, F|
|poke|p2|Incineroar, L50, F|
|poke|p2|Murkrow, L50, M|
|poke|p2|Gholdengo, L50|
|poke|p2|Garchomp, L50, F|
|teampreview|4
|showteam|p1|Politoed||Leftovers|Drizzle|Protect,WeatherBall,PerishSong,Encore|||M|||50|,,,,,Grass]Archaludon||PowerHerb|Sturdy|Protect,ElectroShot,FlashCannon,DragonPulse|||F|||50|,,,,,Flying]Kingdra||LifeOrb|SwiftSwim|Protect,DracoMeteor,WeatherBall,MuddyWater|||M|||50|,,,,,Stellar]Incineroar||SafetyGoggles|Intimidate|FakeOut,KnockOff,PartingShot,Protect|||F|||50|,,,,,Ghost]Amoonguss||EjectButton|Regenerator|Protect,RagePowder,Spore,PollenPuff|||M|||50|,,,,,Fairy]Gothitelle||SitrusBerry|ShadowTag|Protect,Psychic,FakeOut,TrickRoom|||M|||50|,,,,,Dark
|showteam|p2|Farigiraf||RockyHelmet|ArmorTail|Imprison,TrickRoom,HelpingHand,DazzlingGleam|||F|||50|,,,,,Fairy]Dragonite||LoadedDice|Multiscale|ScaleShot,ExtremeSpeed,AerialAce,DragonDance|||F|||50|,,,,,Normal]Incineroar||SitrusBerry|Intimidate|FakeOut,KnockOff,WillOWisp,PartingShot|||F|||50|,,,,,Grass]Murkrow||Eviolite|Prankster|Tailwind,Haze,Taunt,FoulPlay|||M|||50|,,,,,Ghost]Gholdengo||Leftovers|GoodasGold|MakeItRain,ShadowBall,NastyPlot,Protect||||||50|,,,,,Water]Garchomp||ClearAmulet|RoughSkin|Earthquake,RockSlide,DragonClaw,Protect|||F|||50|,,,,,Ground
|inactive|Battle timer is ON: inactive players will automatically lose when time's up. (requested by CyanMepuru)
|inactive|CyanMepuru has 60 seconds left.
|
|t:|1757854162
|teamsize|p1|4
|teamsize|p2|4
|start
|switch|p1a: Incineroar|Incineroar, L50, F|100/100
|switch|p1b: Archaludon|Archaludon, L50, F|100/100
|switch|p2a: Incineroar|Incineroar, L50, F, shiny|100/100
|switch|p2b: Gholdengo|Gholdengo, L50|100/100
|-ability|p2a: Incineroar|Intimidate|boost
|-unboost|p1a: Incineroar|atk|1
|-unboost|p1b: Archaludon|atk|1
|-ability|p1a: Incineroar|Intimidate|boost
|-unboost|p2a: Incineroar|atk|1
|-unboost|p2b: Gholdengo|atk|1
|turn|1
|inactive|FAMILIARCOL has 30 seconds left.
|
|t:|1757854188
|move|p1a: Incineroar|Fake Out|p2a: Incineroar
|-damage|p2a: Incineroar|93/100
|move|p1b: Archaludon|Electro Shot||[still]
|-prepare|p1b: Archaludon|Electro Shot
|-boost|p1b: Archaludon|spa|1
|-enditem|p1b: Archaludon|Power Herb
|-anim|p1b: Archaludon|Electro Shot|p2b: Gholdengo
|-damage|p2b: Gholdengo|29/100
|move|p2b: Gholdengo|Shadow Ball|p1b: Archaludon
|-damage|p1b: Archaludon|28/100
|cant|p2a: Incineroar|flinch
|
|-heal|p2b: Gholdengo|35/100|[from] item: Leftovers
|upkeep
|turn|2
|
|t:|1757854212
|switch|p1b: Politoed|Politoed, L50, M|100/100
|-weather|RainDance|[from] ability: Drizzle|[of] p1b: Politoed
|move|p2b: Gholdengo|Shadow Ball|p1b: Politoed
|-damage|p1b: Politoed|65/100
|move|p2a: Incineroar|Parting Shot|p1b: Politoed
|-unboost|p1b: Politoed|atk|1
|-unboost|p1b: Politoed|spa|1
|
|t:|1757854222
|switch|p2a: Garchomp|Garchomp, L50, F, shiny|100/100|[from] Parting Shot
|move|p1a: Incineroar|Parting Shot|p2a: Garchomp
|-fail|p2a: Garchomp|unboost|[from] item: Clear Amulet|[of] p2a: Garchomp
|
|-weather|RainDance|[upkeep]
|-heal|p2b: Gholdengo|41/100|[from] item: Leftovers
|-heal|p1b: Politoed|71/100|[from] item: Leftovers
|upkeep
|turn|3
|inactive|CyanMepuru has 30 seconds left.
|
|t:|1757854247
|-terastallize|p1b: Politoed|Grass
|move|p2a: Garchomp|Rock Slide|p1b: Politoed|[spread] p1a,p1b
|-supereffective|p1a: Incineroar
|-damage|p1a: Incineroar|58/100
|-damage|p1b: Politoed|47/100
|move|p2b: Gholdengo|Shadow Ball|p1b: Politoed
|-damage|p1b: Politoed|10/100
|move|p1b: Politoed|Weather Ball|p2a: Garchomp
|-damage|p2a: Garchomp|66/100
|move|p1a: Incineroar|Knock Off|p2b: Gholdengo
|-supereffective|p2b: Gholdengo
|-damage|p2b: Gholdengo|0 fnt
|-enditem|p2b: Gholdengo|Leftovers|[from] move: Knock Off|[of] p1a: Incineroar
|faint|p2b: Gholdengo
|
|-weather|RainDance|[upkeep]
|-heal|p1b: Politoed|16/100|[from] item: Leftovers
|upkeep
|
|t:|1757854264
|switch|p2b: Dragonite|Dragonite, L50, F, shiny|100/100
|turn|4
|inactive|CyanMepuru has 30 seconds left.
|inactive|CyanMepuru has 20 seconds left.
|inactive|CyanMepuru has 15 seconds left.
|
|t:|1757854306
|move|p2a: Garchomp|Earthquake|p1a: Incineroar|[spread] p1a,p1b
|-immune|p2b: Dragonite
|-supereffective|p1a: Incineroar
|-resisted|p1b: Politoed
|-damage|p1a: Incineroar|0 fnt
|-damage|p1b: Politoed|0 fnt
|faint|p1a: Incineroar
|faint|p1b: Politoed
|move|p2b: Dragonite|Dragon Dance|p2b: Dragonite
|-boost|p2b: Dragonite|atk|1
|-boost|p2b: Dragonite|spe|1
|
|-weather|RainDance|[upkeep]
|upkeep
|
|t:|1757854316
|switch|p1b: Archaludon|Archaludon, L50, F|28/100
|switch|p1a: Amoonguss|Amoonguss, L50, M|100/100
|turn|5
|
|t:|1757854331
|move|p1a: Amoonguss|Rage Powder|p1a: Amoonguss
|-singleturn|p1a: Amoonguss|move: Rage Powder
|move|p2b: Dragonite|Scale Shot|p1a: Amoonguss
|-damage|p1a: Amoonguss|85/100
|-damage|p1a: Amoonguss|67/100
|-damage|p1a: Amoonguss|50/100
|-damage|p1a: Amoonguss|34/100
|-hitcount|p1a: Amoonguss|4
|-unboost|p2b: Dragonite|def|1
|-boost|p2b: Dragonite|spe|1
|move|p2a: Garchomp|Earthquake|p1a: Amoonguss|[spread] p1a,p1b
|-immune|p2b: Dragonite
|-supereffective|p1b: Archaludon
|-damage|p1a: Amoonguss|0 fnt
|-damage|p1b: Archaludon|0 fnt
|faint|p1a: Amoonguss
|faint|p1b: Archaludon
|
|win|FAMILIARCOL
||CyanMepuru is ready for game 3.
|l|☆CyanMepuru
|player|p1|
|inactive|FAMILIARCOL has 30 seconds to confirm battle start!
||FAMILIARCOL is ready for game 3.
|uhtml|next|Next: Game 3 of 3
|l|☆FAMILIARCOL
|player|p2|
