|j|☆Nosejugarbalance
|j|☆Autin Mago
|html|NosejugarbalanceAutin Mago    
|uhtml|bestof|Game 3 of a best-of-3
|t:|1785716814
|gametype|doubles
|player|p1|Nosejugarbalance|266|1246
|player|p2|Autin Mago|arezu|1146
|gen|9
|tier|[Gen 9 Champions] VGC 2026 Reg M-B (Bo3)
|rated|
|rule|Species Clause: Limit one of each Pokémon
|rule|Item Clause: Limit 1 of each item
|clearpoke
|poke|p1|Starmie, L50|
|poke|p1|Pelipper, L50, F|
|poke|p1|Meowscarada, L50, F|
|poke|p1|Gholdengo, L50|
|poke|p1|Raichu, L50, F|
|poke|p1|Sneasler, L50, F|
|poke|p2|Milotic, L50, M|
|poke|p2|Staraptor, L50, F|
|poke|p2|Tyranitar, L50, F|
|poke|p2|Gholdengo, L50|
|poke|p2|Excadrill, L50, M|
|poke|p2|Sinistcha, L50|
|teampreview|4
|showteam|p1|Starmie||Starminite|NaturalCure|Liquidation,ZenHeadbutt,AquaJet,Protect|Jolly|||||50|]Pelipper||SitrusBerry|Drizzle|Hurricane,WeatherBall,Tailwind,Protect|Modest||F|||50|]Meowscarada||ChoiceScarf|Protean|FlowerTrick,Uturn,TripleAxel,ThroatChop|Adamant||F|||50|]Gholdengo||LifeOrb|GoodasGold|MakeItRain,ShadowBall,NastyPlot,Protect|Modest|||||50|]Raichu||RaichuniteY|LightningRod|ZapCannon,FocusBlast,FakeOut,Protect|Timid||F|||50|]Sneasler||WhiteHerb|Unburden|FakeOut,Coaching,DireClaw,CloseCombat|Jolly||F|||50|
|showteam|p2|Milotic||SitrusBerry|Competitive|Protect,Haze,Scald,IcyWind|Calm||M|||50|]Staraptor||Staraptite|Intimidate|Protect,BraveBird,CloseCombat,Tailwind|Jolly||F|||50|]Tyranitar||Tyranitarite|SandStream|Protect,KnockOff,RockSlide,LowKick|Jolly||F|||50|]Gholdengo||LifeOrb|GoodasGold|Protect,ShadowBall,NastyPlot,MakeItRain|Modest|||||50|]Excadrill||FocusSash|SandRush|Protect,IronHead,RockSlide,HighHorsepower|Jolly||M|||50|]Sinistcha||ColburBerry|Hospitality|Protect,ShadowBall,RagePowder,MatchaGotcha|Bold|||||50|
|inactive|Battle timer is ON: inactive players will automatically lose when time's up. (requested by Nosejugarbalance)
|
|t:|1785716854
|teamsize|p1|4
|teamsize|p2|4
|start
|switch|p1a: Sneasler|Sneasler, L50, F|100/100
|switch|p1b: Meowscarada|Meowscarada, L50, F|100/100
|switch|p2a: Staraptor|Staraptor, L50, F|100/100
|switch|p2b: Gholdengo|Gholdengo, L50|100/100
|-ability|p2a: Staraptor|Intimidate|boost
|-unboost|p1a: Sneasler|atk|1
|-unboost|p1b: Meowscarada|atk|1
|-enditem|p1a: Sneasler|White Herb
|-clearnegativeboost|p1a: Sneasler|[silent]
|turn|1
|
|t:|1785716871
|switch|p2b: Milotic|Milotic, L50, M|100/100
|detailschange|p2a: Staraptor|Staraptor-Mega, L50, F
|-mega|p2a: Staraptor|Staraptor|Staraptite
|move|p2a: Staraptor|Protect|p2a: Staraptor
|-singleturn|p2a: Staraptor|Protect
|move|p1a: Sneasler|Coaching|p1b: Meowscarada
|-boost|p1b: Meowscarada|atk|1
|-boost|p1b: Meowscarada|def|1
|move|p1b: Meowscarada|Throat Chop|p2b: Milotic
|-start|p1b: Meowscarada|typechange|Dark|[from] ability: Protean
|-damage|p2b: Milotic|60/100
|-start|p2b: Milotic|Throat Chop|[silent]
|
|upkeep
|turn|2
|
|t:|1785716886
|switch|p1b: Starmie|Starmie, L50|100/100
|move|p1a: Sneasler|Coaching|p1b: Starmie
|-boost|p1b: Starmie|atk|1
|-boost|p1b: Starmie|def|1
|move|p2a: Staraptor|Close Combat|p1b: Starmie
|-resisted|p1b: Starmie|1
|-damage|p1b: Starmie|73/100
|-boost|p2a: Staraptor|def|1
|-boost|p2a: Staraptor|spd|1
|move|p2b: Milotic|Icy Wind|p1b: Starmie|[spread] p1a,p1b
|-resisted|p1b: Starmie|1
|-damage|p1a: Sneasler|88/100
|-damage|p1b: Starmie|67/100
|-unboost|p1a: Sneasler|spe|1
|-unboost|p1b: Starmie|spe|1
|
|-end|p2b: Milotic|Throat Chop|[silent]
|upkeep
|turn|3
|inactive|Nosejugarbalance has 30 seconds left.
|inactive|Autin Mago has 30 seconds left.
|inactive|Autin Mago has 20 seconds left.
|
|t:|1785716926
|detailschange|p1b: Starmie|Starmie-Mega, L50
|-mega|p1b: Starmie|Starmie|Starminite
|move|p1a: Sneasler|Coaching|p1b: Starmie
|-boost|p1b: Starmie|atk|1
|-boost|p1b: Starmie|def|1
|move|p2a: Staraptor|Brave Bird|p1a: Sneasler
|-supereffective|p1a: Sneasler|1
|-damage|p1a: Sneasler|0 fnt
|faint|p1a: Sneasler
|-damage|p2a: Staraptor|72/100|[from] Recoil
|move|p1b: Starmie|Zen Headbutt|p2b: Milotic
|-damage|p2b: Milotic|0 fnt
|faint|p2b: Milotic
|
|upkeep
|
|t:|1785716939
|switch|p1a: Meowscarada|Meowscarada, L50, F|100/100
|switch|p2b: Gholdengo|Gholdengo, L50|100/100
|turn|4
|inactive|Nosejugarbalance has 30 seconds left.
|
|t:|1785716971
|move|p2b: Gholdengo|Protect|p2b: Gholdengo
|-singleturn|p2b: Gholdengo|Protect
|move|p1a: Meowscarada|Triple Axel|p2a: Staraptor
|-start|p1a: Meowscarada|typechange|Ice|[from] ability: Protean
|-supereffective|p2a: Staraptor|1
|-damage|p2a: Staraptor|59/100
|-supereffective|p2a: Staraptor|1
|-damage|p2a: Staraptor|34/100
|-supereffective|p2a: Staraptor|1
|-damage|p2a: Staraptor|0 fnt
|faint|p2a: Staraptor
|-hitcount|p2: Staraptor|3
|move|p1b: Starmie|Liquidation|p2b: Gholdengo
|-activate|p2b: Gholdengo|move: Protect
|
|upkeep
|
|t:|1785716981
|switch|p2a: Tyranitar|Tyranitar, L50, F|100/100
|-weather|Sandstorm|[from] ability: Sand Stream|[of] p2a: Tyranitar
|turn|5
|
|t:|1785716997
|switch|p1a: Pelipper|Pelipper, L50, F|100/100
|-weather|RainDance|[from] ability: Drizzle|[of] p1a: Pelipper
|move|p1b: Starmie|Protect|p1b: Starmie
|-singleturn|p1b: Starmie|Protect
|move|p2a: Tyranitar|Rock Slide|p1a: Pelipper|[spread] p1a
|-activate|p1b: Starmie|move: Protect
|-supereffective|p1a: Pelipper|1
|-damage|p1a: Pelipper|40/100
|-enditem|p1a: Pelipper|Sitrus Berry|[eat]
|-heal|p1a: Pelipper|65/100|[from] item: Sitrus Berry
|move|p2b: Gholdengo|Shadow Ball|p1b: Starmie
|-activate|p1b: Starmie|move: Protect
|
|-weather|RainDance|[upkeep]
|upkeep
|turn|6
|
|t:|1785717021
|move|p2a: Tyranitar|Rock Slide|p1b: Starmie|[spread] p1a,p1b
|-supereffective|p1a: Pelipper|1
|-damage|p1a: Pelipper|11/100
|-damage|p1b: Starmie|50/100g
|move|p1b: Starmie|Liquidation|p2b: Gholdengo
|-damage|p2b: Gholdengo|0 fnt
|faint|p2b: Gholdengo
|move|p1a: Pelipper|Weather Ball|p2a: Tyranitar
|-supereffective|p2a: Tyranitar|1
|-damage|p2a: Tyranitar|0 fnt
|faint|p2a: Tyranitar
|
|win|Nosejugarbalance
|raw|Nosejugarbalance's rating: 1246 → 1264(+18 for winning)
|raw|Autin Mago's rating: 1146 → 1128(-18 for losing)
|c|☆Autin Mago|Ggs w[
|c|☆Autin Mago|*wp
|c|☆Nosejugarbalance|gg
|l|☆Nosejugarbalance
|player|p1|
