|j|☆raksbach123
|j|☆dawnenen
|html|raksbach123dawnenen    
|uhtml|bestof|Game 3 of a best-of-3
|t:|1784631820
|gametype|doubles
|player|p1|raksbach123|102|1041
|player|p2|dawnenen|galacticgruntf|1093
|gen|9
|tier|[Gen 9 Champions] VGC 2026 Reg M-B (Bo3)
|rated|
|rule|Species Clause: Limit one of each Pokémon
|rule|Item Clause: Limit 1 of each item
|clearpoke
|poke|p1|Incineroar, L50, F|
|poke|p1|Sinistcha, L50|
|poke|p1|Sneasler, L50, F|
|poke|p1|Blastoise, L50, F|
|poke|p1|Delphox, L50, M|
|poke|p1|Vivillon, L50, F|
|poke|p2|Grimmsnarl, L50, M|
|poke|p2|Venusaur, L50, F|
|poke|p2|Pelipper, L50, F|
|poke|p2|Archaludon, L50, M|
|poke|p2|Charizard, L50, F|
|poke|p2|Basculegion, L50, M|
|teampreview|4
|showteam|p1|Incineroar||SitrusBerry|Intimidate|FakeOut,FlareBlitz,ThroatChop,PartingShot|Impish||F|||50|]Sinistcha||OccaBerry|Hospitality|MatchaGotcha,RagePowder,TrickRoom,Protect|Relaxed|||||50|]Sneasler||WhiteHerb|PoisonTouch|FakeOut,CloseCombat,PoisonJab,QuickGuard|Jolly||F|||50|]Blastoise||Blastoisinite|RainDish|WaterSpout,DarkPulse,ShellSmash,Protect|Modest||F|||50|]Delphox||Delphoxite|Blaze|HeatWave,Psychic,NastyPlot,Protect|Timid||M|||50|]Vivillon||FocusSash|CompoundEyes|SleepPowder,Hurricane,RagePowder,Protect|Timid||F|||50|
|showteam|p2|Grimmsnarl||LightClay|Prankster|SpiritBreak,Reflect,LightScreen,PartingShot|Careful||M|||50|]Venusaur||FocusSash|Chlorophyll|SludgeBomb,EarthPower,SleepPowder,Protect|Modest||F|||50|]Pelipper||SitrusBerry|Drizzle|WeatherBall,Hurricane,Tailwind,WideGuard|Modest||F|||50|]Archaludon||Leftovers|Stamina|DragonPulse,FlashCannon,ElectroShot,Protect|Modest||M|||50|]Charizard||CharizarditeY|Blaze|HeatWave,SolarBeam,WeatherBall,Protect|Modest||F|||50|]Basculegion||ChoiceScarf|Adaptability|WaveCrash,FlipTurn,LastRespects,AquaJet|Jolly||M|||50|
|inactive|Battle timer is ON: inactive players will automatically lose when time's up. (requested by raksbach123)
|inactive|dawnenen also wants the timer to be on.
|inactive|dawnenen has 60 seconds left.
|
|t:|1784631867
|teamsize|p1|4
|teamsize|p2|4
|start
|switch|p1a: Sneasler|Sneasler, L50, F|100/100
|switch|p1b: Vivillon|Vivillon, L50, F|100/100
|switch|p2a: Grimmsnarl|Grimmsnarl, L50, M|100/100
|switch|p2b: Basculegion|Basculegion, L50, M|100/100
|turn|1
|inactive|dawnenen has 30 seconds left.
|
|t:|1784631894
|move|p1a: Sneasler|Fake Out|p2a: Grimmsnarl
|-damage|p2a: Grimmsnarl|85/100
|cant|p2a: Grimmsnarl|flinch
|move|p2b: Basculegion|Wave Crash|p1b: Vivillon
|-enditem|p1b: Vivillon|Focus Sash
|-damage|p1b: Vivillon|1/100
|-damage|p2b: Basculegion|73/100|[from] Recoil
|move|p1b: Vivillon|Sleep Powder|p2b: Basculegion
|-status|p2b: Basculegion|slp|[from] move: Sleep Powder
|
|upkeep
|turn|2
|
|t:|1784631910
|move|p1b: Vivillon|Rage Powder|p1b: Vivillon
|-singleturn|p1b: Vivillon|move: Rage Powder
|move|p2a: Grimmsnarl|Reflect|p2a: Grimmsnarl
|-sidestart|p2: dawnenen|Reflect
|cant|p2b: Basculegion|slp
|move|p1a: Sneasler|Poison Jab|p2a: Grimmsnarl
|-supereffective|p2a: Grimmsnarl|1
|-damage|p2a: Grimmsnarl|29/100
|
|upkeep
|turn|3
|
|t:|1784631928
|move|p1b: Vivillon|Rage Powder|p1b: Vivillon
|-singleturn|p1b: Vivillon|move: Rage Powder
|move|p2a: Grimmsnarl|Light Screen|p2a: Grimmsnarl
|-sidestart|p2: dawnenen|move: Light Screen
|-curestatus|p2b: Basculegion|slp|[msg]
|move|p2b: Basculegion|Wave Crash|p1b: Vivillon
|-damage|p1b: Vivillon|0 fnt
|faint|p1b: Vivillon
|-damage|p2b: Basculegion|73/100|[from] Recoil
|move|p1a: Sneasler|Poison Jab|p2a: Grimmsnarl
|-supereffective|p2a: Grimmsnarl|1
|-damage|p2a: Grimmsnarl|0 fnt
|faint|p2a: Grimmsnarl
|
|upkeep
|
|t:|1784631944
|switch|p1b: Sinistcha|Sinistcha, L50|100/100
|switch|p2a: Charizard|Charizard, L50, F|100/100
|turn|4
|
|t:|1784631963
|switch|p2b: Venusaur|Venusaur, L50, F|100/100
|detailschange|p2a: Charizard|Charizard-Mega-Y, L50, F
|-mega|p2a: Charizard|Charizard|Charizardite Y
|-weather|SunnyDay|[from] ability: Drought|[of] p2a: Charizard
|move|p1a: Sneasler|Poison Jab|p2a: Charizard
|-damage|p2a: Charizard|74/100
|move|p2a: Charizard|Heat Wave|p1a: Sneasler|[spread] p1a,p1b
|-supereffective|p1b: Sinistcha|1
|-enditem|p1b: Sinistcha|Occa Berry|[eat]
|-enditem|p1b: Sinistcha|Occa Berry|[weaken]
|-damage|p1a: Sneasler|16/100
|-damage|p1b: Sinistcha|37/100
|-status|p1a: Sneasler|brn
|move|p1b: Sinistcha|Matcha Gotcha|p2b: Venusaur|[spread] p2a,p2b
|-resisted|p2a: Charizard|2
|-resisted|p2b: Venusaur|2
|-damage|p2a: Charizard|71/100
|-heal|p1b: Sinistcha|39/100|[from] drain|[of] p2a: Charizard
|-damage|p2b: Venusaur|95/100
|-heal|p1b: Sinistcha|41/100|[from] drain|[of] p2b: Venusaur
|
|-weather|SunnyDay|[upkeep]
|-damage|p1a: Sneasler|10/100 brn|[from] brn
|upkeep
|turn|5
|inactive|dawnenen has 30 seconds left.
|inactive|dawnenen has 20 seconds left.
|inactive|dawnenen has 15 seconds left.
|
|t:|1784632003
|move|p1b: Sinistcha|Protect|p1b: Sinistcha
|-singleturn|p1b: Sinistcha|Protect
|move|p2b: Venusaur|Earth Power|p1a: Sneasler
|-supereffective|p1a: Sneasler|1
|-crit|p1a: Sneasler
|-damage|p1a: Sneasler|0 fnt
|faint|p1a: Sneasler
|move|p2a: Charizard|Heat Wave|p1b: Sinistcha
|-activate|p1b: Sinistcha|move: Protect
|
|-weather|SunnyDay|[upkeep]
|upkeep
|
|t:|1784632010
|switch|p1a: Blastoise|Blastoise, L50, F|100/100
|turn|6
|
|t:|1784632026
|detailschange|p1a: Blastoise|Blastoise-Mega, L50, F
|-mega|p1a: Blastoise|Blastoise|Blastoisinite
|move|p1b: Sinistcha|Rage Powder|p1b: Sinistcha
|-singleturn|p1b: Sinistcha|move: Rage Powder
|move|p2b: Venusaur|Sleep Powder|p1a: Blastoise|[miss]
|-miss|p2b: Venusaur|p1a: Blastoise
|move|p1a: Blastoise|Water Spout|p2b: Venusaur|[spread] p2a,p2b
|-supereffective|p2a: Charizard|1
|-resisted|p2b: Venusaur|1
|-damage|p2a: Charizard|36/100
|-damage|p2b: Venusaur|82/100
|move|p2a: Charizard|Heat Wave|p1a: Blastoise|[spread] p1a
|-miss|p2a: Charizard|p1b: Sinistcha
|-resisted|p1a: Blastoise|1
|-damage|p1a: Blastoise|70/100
|
|-weather|SunnyDay|[upkeep]
|upkeep
|turn|7
|inactive|dawnenen has 30 seconds left.
|
|t:|1784632060
|move|p2b: Venusaur|Sleep Powder|p1a: Blastoise|[miss]
|-miss|p2b: Venusaur|p1a: Blastoise
|move|p1a: Blastoise|Water Spout|p2b: Venusaur|[spread] p2a,p2b
|-supereffective|p2a: Charizard|1
|-resisted|p2b: Venusaur|1
|-damage|p2a: Charizard|9/100
|-damage|p2b: Venusaur|73/100
|move|p2a: Charizard|Weather Ball|p1b: Sinistcha
|-supereffective|p1b: Sinistcha|1
|-damage|p1b: Sinistcha|0 fnt
|faint|p1b: Sinistcha
|
|-weather|SunnyDay|[upkeep]
|upkeep
|turn|8
|-message|raksbach123 forfeited.
|
|win|dawnenen
|raw|raksbach123's rating: 1041 → 1027(-14 for losing)
|raw|dawnenen's rating: 1093 → 1115(+22 for winning)
|l|☆raksbach123
|player|p1|
