|j|☆wenzheng1811
|j|☆HeyEllie
|html|wenzheng1811HeyEllie    
|uhtml|bestof|Game 2 of a best-of-3
|t:|1784533621
|gametype|doubles
|player|p1|wenzheng1811|265|1029
|player|p2|HeyEllie|diantha|1074
|gen|9
|tier|[Gen 9 Champions] VGC 2026 Reg M-B (Bo3)
|rated|
|rule|Species Clause: Limit one of each Pokémon
|rule|Item Clause: Limit 1 of each item
|clearpoke
|poke|p1|Bellibolt, L50, F|
|poke|p1|Farigiraf, L50, M|
|poke|p1|Swampert, L50, M|
|poke|p1|Pelipper, L50, F|
|poke|p1|Metagross, L50|
|poke|p1|Basculegion, L50, M|
|poke|p2|Talonflame, L50, F|
|poke|p2|Garchomp, L50, M|
|poke|p2|Basculegion, L50, M|
|poke|p2|Annihilape, L50, M|
|poke|p2|Maushold, L50|
|poke|p2|Floette-Eternal, L50, F|
|teampreview|4
|showteam|p1|Bellibolt||Leftovers|Electromorphosis|ParabolicCharge,Soak,AcidSpray,SlackOff|Relaxed||F|||50|]Farigiraf||WhiteHerb|ArmorTail|Psychic,TrickRoom,HelpingHand,AllySwitch|Relaxed||M|||50|]Swampert||Swampertite|Torrent|Liquidation,IcePunch,Protect,Earthquake|Adamant||M|||50|]Pelipper||FocusSash|Drizzle|Hurricane,Tailwind,WideGuard,WeatherBall|Modest||F|||50|]Metagross||Metagrossite|ClearBody|BulletPunch,IronHead,PsychicFangs,Protect|Adamant|||||50|]Basculegion||MysticWater|SwiftSwim|LastRespects,AquaJet,Protect,WaveCrash|Adamant||M|||50|
|showteam|p2|Talonflame||SharpBeak|GaleWings|DualWingbeat,Tailwind,Protect,WillOWisp|Jolly||F|||50|]Garchomp||LifeOrb|RoughSkin|Earthquake,RockSlide,DragonClaw,Protect|Jolly||M|||50|]Basculegion||MysticWater|Adaptability|WaveCrash,LastRespects,AquaJet,Protect|Jolly||M|||50|]Annihilape||SitrusBerry|Defiant|RageFist,DrainPunch,Protect,BulkUp|Adamant||M|||50|]Maushold||FocusSash|FriendGuard|BeatUp,FollowMe,Protect,Taunt|Jolly|||||50|]Floette-Eternal||Floettite|FlowerVeil|LightofRuin,Moonblast,DazzlingGleam,Protect|Modest||F|||50|
|inactive|Battle timer is ON: inactive players will automatically lose when time's up. (requested by HeyEllie)
|inactive|wenzheng1811 has 60 seconds left.
|inactive|wenzheng1811 has 30 seconds left.
|inactive|wenzheng1811 has 20 seconds left.
|inactive|wenzheng1811 has 15 seconds left.
|inactive|wenzheng1811 has 10 seconds left.
|inactive|wenzheng1811 has 5 seconds left.
|
|t:|1784533711
|teamsize|p1|4
|teamsize|p2|4
|start
|switch|p1a: Bellibolt|Bellibolt, L50, F|100/100
|switch|p1b: Farigiraf|Farigiraf, L50, M|100/100
|switch|p2a: Floette|Floette-Eternal, L50, F|100/100
|switch|p2b: Talonflame|Talonflame, L50, F|100/100
|turn|1
|inactive|wenzheng1811 has 30 seconds left.
|inactive|wenzheng1811 has 20 seconds left.
|inactive|wenzheng1811 has 15 seconds left.
|
|t:|1784533752
|detailschange|p2a: Floette|Floette-Mega, L50, F
|-mega|p2a: Floette|Floette|Floettite
|-ability|p2a: Floette|Fairy Aura
|move|p2b: Talonflame|Will-O-Wisp|p1a: Bellibolt
|-status|p1a: Bellibolt|brn
|move|p2a: Floette|Light of Ruin|p1b: Farigiraf
|-damage|p1b: Farigiraf|0 fnt
|faint|p1b: Farigiraf
|-damage|p2a: Floette|24/100|[from] Recoil
|move|p1a: Bellibolt|Soak|p2a: Floette
|-start|p2a: Floette|typechange|Water
|
|-damage|p1a: Bellibolt|93/100 brn|[from] brn
|upkeep
|
|t:|1784533772
|switch|p1b: Pelipper|Pelipper, L50, F|100/100
|-weather|RainDance|[from] ability: Drizzle|[of] p1b: Pelipper
|turn|2
|
|t:|1784533782
|move|p1b: Pelipper|Wide Guard|p1b: Pelipper
|-singleturn|p1b: Pelipper|Wide Guard
|move|p2b: Talonflame|Dual Wingbeat|p1b: Pelipper
|-damage|p1b: Pelipper|78/100
|-damage|p1b: Pelipper|55/100
|-hitcount|p1b: Pelipper|2
|move|p2a: Floette|Moonblast|p1b: Pelipper
|-damage|p1b: Pelipper|0 fnt
|faint|p1b: Pelipper
|move|p1a: Bellibolt|Parabolic Charge|p2b: Talonflame|[spread] p2a,p2b
|-supereffective|p2a: Floette|1
|-supereffective|p2b: Talonflame|1
|-damage|p2a: Floette|0 fnt
|-heal|p1a: Bellibolt|100/100 brn|[from] drain|[of] p2a: Floette
|-damage|p2b: Talonflame|48/100
|faint|p2a: Floette
|
|-weather|RainDance|[upkeep]
|-damage|p1a: Bellibolt|93/100 brn|[from] brn
|upkeep
|
|t:|1784533798
|switch|p2a: Garchomp|Garchomp, L50, M|100/100
|switch|p1b: Swampert|Swampert, L50, M|100/100
|turn|3
|
|t:|1784533809
|detailschange|p1b: Swampert|Swampert-Mega, L50, M
|-mega|p1b: Swampert|Swampert|Swampertite
|move|p2b: Talonflame|Will-O-Wisp|p1b: Swampert
|-status|p1b: Swampert|brn
|move|p1b: Swampert|Ice Punch|p2a: Garchomp
|-supereffective|p2a: Garchomp|2
|-damage|p2a: Garchomp|38/100
|-damage|p1b: Swampert|88/100 brn|[from] ability: Rough Skin|[of] p2a: Garchomp
|move|p2a: Garchomp|Earthquake|p1b: Swampert|[spread] p1a,p1b
|-immune|p2b: Talonflame
|-supereffective|p1a: Bellibolt|1
|-damage|p1a: Bellibolt|32/100 brn
|-damage|p1b: Swampert|41/100 brn
|-start|p1a: Bellibolt|Charge|Earthquake|[from] ability: Electromorphosis
|-damage|p2a: Garchomp|28/100|[from] item: Life Orb
|move|p1a: Bellibolt|Parabolic Charge|p2a: Garchomp|[spread] p2b
|-immune|p1b: Swampert
|-immune|p2a: Garchomp
|-supereffective|p2b: Talonflame|1
|-damage|p2b: Talonflame|0 fnt
|-heal|p1a: Bellibolt|50/100y brn|[from] drain|[of] p2b: Talonflame
|faint|p2b: Talonflame
|-end|p1a: Bellibolt|Charge|[silent]
|
|-weather|RainDance|[upkeep]
|-heal|p1a: Bellibolt|56/100 brn|[from] item: Leftovers
|-damage|p1b: Swampert|35/100 brn|[from] brn
|-damage|p1a: Bellibolt|50/100y brn|[from] brn
|upkeep
|
|t:|1784533822
|switch|p2b: Basculegion|Basculegion, L50, M|100/100
|turn|4
|
|t:|1784533841
|move|p2a: Garchomp|Protect|p2a: Garchomp
|-singleturn|p2a: Garchomp|Protect
|move|p2b: Basculegion|Aqua Jet|p1b: Swampert
|-damage|p1b: Swampert|0 fnt
|faint|p1b: Swampert
|move|p1a: Bellibolt|Parabolic Charge|p2a: Garchomp|[spread] p2b
|-activate|p2a: Garchomp|move: Protect
|-supereffective|p2b: Basculegion|1
|-damage|p2b: Basculegion|63/100
|-heal|p1a: Bellibolt|66/100 brn|[from] drain|[of] p2b: Basculegion
|
|-weather|RainDance|[upkeep]
|-heal|p1a: Bellibolt|72/100 brn|[from] item: Leftovers
|-damage|p1a: Bellibolt|66/100 brn|[from] brn
|upkeep
|turn|5
|
|t:|1784533856
|move|p2b: Basculegion|Protect|p2b: Basculegion
|-singleturn|p2b: Basculegion|Protect
|move|p2a: Garchomp|Earthquake|p1a: Bellibolt|[spread] p1a
|-activate|p2b: Basculegion|move: Protect
|-supereffective|p1a: Bellibolt|1
|-damage|p1a: Bellibolt|0 fnt
|faint|p1a: Bellibolt
|-damage|p2a: Garchomp|18/100|[from] item: Life Orb
|
|win|HeyEllie
|raw|wenzheng1811's rating: 1029 → 1016(-13 for losing)
|raw|HeyEllie's rating: 1074 → 1099(+25 for winning)
