|j|☆LeonardPlayz
|j|☆quailfish
|html|LeonardPlayzquailfish    
|uhtml|bestof|Game 1 of a best-of-3
|t:|1782271301
|gametype|doubles
|player|p1|LeonardPlayz|hilbert-wonderlauncher|1144
|player|p2|quailfish|1|1120
|gen|9
|tier|[Gen 9 Champions] VGC 2026 Reg M-B (Bo3)
|rated|
|rule|Species Clause: Limit one of each Pokémon
|rule|Item Clause: Limit 1 of each item
|clearpoke
|poke|p1|Metagross, L50|
|poke|p1|Tyranitar, L50, M|
|poke|p1|Mamoswine, L50, M|
|poke|p1|Clefable, L50, F|
|poke|p1|Staraptor, L50, F|
|poke|p1|Decidueye-Hisui, L50, M|
|poke|p2|Swampert, L50, M|
|poke|p2|Pelipper, L50, M|
|poke|p2|Incineroar, L50, F|
|poke|p2|Heliolisk, L50, F|
|poke|p2|Dragonite, L50, F|
|poke|p2|Sinistcha-Masterpiece, L50|
|teampreview|4
|showteam|p1|Metagross||Metagrossite|ClearBody|PsychicFangs,IronHead,GrassKnot,Protect|Naughty|||||50|]Tyranitar||Tyranitarite|SandStream|KnockOff,RockSlide,DragonDance,Protect|Jolly||M|||50|]Mamoswine||LifeOrb|Oblivious|IceShard,HighHorsepower,RockSlide,Protect|Adamant||M|||50|]Clefable||Leftovers|Unaware|FollowMe,Moonblast,HelpingHand,Protect|Modest||F|||50|]Staraptor||ChoiceScarf|Intimidate|FinalGambit,BraveBird,CloseCombat,Uturn|Jolly||F|||50|]Decidueye-Hisui||ScopeLens|Scrappy|Tailwind,TripleArrows,LeafBlade,Protect|Adamant||M|||50|
|showteam|p2|Swampert||Swampertite|Torrent|Earthquake,WaveCrash,FlipTurn,Protect|Adamant||M|||50|]Pelipper||FocusSash|Drizzle|Hurricane,Protect,MuddyWater,Tailwind|Modest||M|||50|]Incineroar||Leftovers|Intimidate|FakeOut,Protect,PartingShot,DarkestLariat|Brave||F|||50|]Heliolisk||ChoiceScarf|DrySkin|RainDance,VoltSwitch,ShedTail,Electrify|Timid||F|||50|]Dragonite||Dragoninite|Multiscale|ExtremeSpeed,Hurricane,DragonPulse,Protect|Quiet||F|||50|]Sinistcha-Masterpiece||SitrusBerry|Hospitality|MatchaGotcha,Protect,RagePowder,LifeDew|Bold|||||50|
|inactive|Battle timer is ON: inactive players will automatically lose when time's up. (requested by LeonardPlayz)
|inactive|LeonardPlayz has 60 seconds left.
|
|t:|1782271345
|teamsize|p1|4
|teamsize|p2|4
|start
|switch|p1a: Not Gengar|Clefable, L50, F|100/100
|switch|p1b: MeteorStrike|Staraptor, L50, F|100/100
|switch|p2a: Swampert|Swampert, L50, M|100/100
|switch|p2b: Pelipper|Pelipper, L50, M|100/100
|-ability|p1b: MeteorStrike|Intimidate|boost
|-unboost|p2a: Swampert|atk|1
|-unboost|p2b: Pelipper|atk|1
|-weather|RainDance|[from] ability: Drizzle|[of] p2b: Pelipper
|turn|1
|
|t:|1782271374
|switch|p2a: Dragonite|Dragonite, L50, F|100/100
|move|p1a: Not Gengar|Follow Me|p1a: Not Gengar
|-singleturn|p1a: Not Gengar|move: Follow Me
|move|p1b: MeteorStrike|U-turn|p2b: Pelipper
|-resisted|p2b: Pelipper|1
|-damage|p2b: Pelipper|88/100
|
|t:|1782271380
|switch|p1b: Tyranitar|Tyranitar, L50, M|100/100|[from] U-turn
|-weather|Sandstorm|[from] ability: Sand Stream|[of] p1b: Tyranitar
|move|p2b: Pelipper|Tailwind|p2b: Pelipper
|-sidestart|p2: quailfish|move: Tailwind
|
|-weather|Sandstorm|[upkeep]
|-damage|p2b: Pelipper|82/100|[from] Sandstorm
|-damage|p2a: Dragonite|93/100|[from] Sandstorm
|-damage|p1a: Not Gengar|93/100|[from] Sandstorm
|-heal|p1a: Not Gengar|100/100|[from] item: Leftovers
|upkeep
|turn|2
|
|t:|1782271399
|switch|p2b: Heliolisk|Heliolisk, L50, F|100/100
|move|p2a: Dragonite|Protect|p2a: Dragonite
|-singleturn|p2a: Dragonite|Protect
|move|p1b: Tyranitar|Dragon Dance|p1b: Tyranitar
|-boost|p1b: Tyranitar|atk|1
|-boost|p1b: Tyranitar|spe|1
|move|p1a: Not Gengar|Moonblast|p2a: Dragonite
|-activate|p2a: Dragonite|move: Protect
|
|-weather|Sandstorm|[upkeep]
|-damage|p2b: Heliolisk|94/100|[from] Sandstorm
|-damage|p2a: Dragonite|87/100|[from] Sandstorm
|-damage|p1a: Not Gengar|93/100|[from] Sandstorm
|-heal|p1a: Not Gengar|100/100|[from] item: Leftovers
|upkeep
|turn|3
|inactive|quailfish has 30 seconds left.
|
|t:|1782271428
|switch|p2a: Pelipper|Pelipper, L50, M|82/100
|-weather|RainDance|[from] ability: Drizzle|[of] p2a: Pelipper
|move|p1a: Not Gengar|Follow Me|p1a: Not Gengar
|-singleturn|p1a: Not Gengar|move: Follow Me
|move|p2b: Heliolisk|Shed Tail|p2b: Heliolisk
|-start|p2b: Heliolisk|Substitute|[from] move: Shed Tail
|-damage|p2b: Heliolisk|43/100
|
|t:|1782271436
|switch|p2b: Swampert|Swampert, L50, M|100/100|[from] Shed Tail
|move|p1b: Tyranitar|Dragon Dance|p1b: Tyranitar
|-boost|p1b: Tyranitar|atk|1
|-boost|p1b: Tyranitar|spe|1
|
|-weather|RainDance|[upkeep]
|upkeep
|turn|4
|
|t:|1782271449
|detailschange|p2b: Swampert|Swampert-Mega, L50, M
|-mega|p2b: Swampert|Swampert|Swampertite
|move|p1b: Tyranitar|Protect|p1b: Tyranitar
|-singleturn|p1b: Tyranitar|Protect
|move|p1a: Not Gengar|Protect|p1a: Not Gengar
|-singleturn|p1a: Not Gengar|Protect
|move|p2b: Swampert|Earthquake|p1b: Tyranitar|[spread] 
|-activate|p1a: Not Gengar|move: Protect
|-activate|p1b: Tyranitar|move: Protect
|-immune|p2a: Pelipper
|move|p2a: Pelipper|Muddy Water|p1a: Not Gengar|[spread] 
|-activate|p1a: Not Gengar|move: Protect
|-activate|p1b: Tyranitar|move: Protect
|
|-weather|RainDance|[upkeep]
|-sideend|p2: quailfish|move: Tailwind
|upkeep
|turn|5
|
|t:|1782271470
|switch|p1a: Decidueye|Decidueye-Hisui, L50, M|100/100
|detailschange|p1b: Tyranitar|Tyranitar-Mega, L50, M
|-mega|p1b: Tyranitar|Tyranitar|Tyranitarite
|-weather|Sandstorm|[from] ability: Sand Stream|[of] p1b: Tyranitar
|move|p1b: Tyranitar|Rock Slide|p2b: Swampert|[spread] p2a,p2b
|-resisted|p2b: Swampert|1
|-end|p2b: Swampert|Substitute
|-supereffective|p2a: Pelipper|1
|-damage|p2a: Pelipper|0 fnt
|faint|p2a: Pelipper
|move|p2b: Swampert|Earthquake|p1a: Decidueye|[spread] p1a,p1b
|-resisted|p1a: Decidueye|1
|-supereffective|p1b: Tyranitar|1
|-damage|p1a: Decidueye|73/100
|-damage|p1b: Tyranitar|43/100
|
|-weather|Sandstorm|[upkeep]
|-damage|p1a: Decidueye|67/100|[from] Sandstorm
|upkeep
|
|t:|1782271488
|switch|p2a: Heliolisk|Heliolisk, L50, F|43/100
|turn|6
|
|t:|1782271514
|move|p1b: Tyranitar|Protect|p1b: Tyranitar
|-singleturn|p1b: Tyranitar|Protect
|move|p2a: Heliolisk|Electrify|p1a: Decidueye
|-singleturn|p1a: Decidueye|move: Electrify
|move|p2b: Swampert|Wave Crash|p1b: Tyranitar
|-activate|p1b: Tyranitar|move: Protect
|move|p1a: Decidueye|Tailwind|p1a: Decidueye
|-sidestart|p1: LeonardPlayz|move: Tailwind
|
|-weather|Sandstorm|[upkeep]
|-damage|p2a: Heliolisk|37/100|[from] Sandstorm
|-damage|p1a: Decidueye|61/100|[from] Sandstorm
|upkeep
|turn|7
|
|t:|1782271530
|move|p1b: Tyranitar|Rock Slide|p2a: Heliolisk|[spread] p2a
|-miss|p1b: Tyranitar|p2b: Swampert
|-damage|p2a: Heliolisk|0 fnt
|faint|p2a: Heliolisk
|move|p1a: Decidueye|Leaf Blade|p2b: Swampert
|-supereffective|p2b: Swampert|2
|-crit|p2b: Swampert
|-damage|p2b: Swampert|0 fnt
|faint|p2b: Swampert
|
|-weather|Sandstorm|[upkeep]
|-damage|p1a: Decidueye|55/100|[from] Sandstorm
|upkeep
|-message|quailfish forfeited.
|
|win|LeonardPlayz
|l|☆quailfish
|player|p2|
||LeonardPlayz is ready for game 2.
