|j|☆vuelve chusooo
|j|☆Blindfistin
|html|vuelve chusoooBlindfistin    
|uhtml|bestof|Game 1 of a best-of-3
|t:|1782591917
|gametype|doubles
|player|p1|vuelve chusooo|fisherman-gen4|1130
|player|p2|Blindfistin|101|1174
|gen|9
|tier|[Gen 9 Champions] VGC 2026 Reg M-B (Bo3)
|rated|
|rule|Species Clause: Limit one of each Pokémon
|rule|Item Clause: Limit 1 of each item
|clearpoke
|poke|p1|Whimsicott, L50, F|
|poke|p1|Swampert, L50, F|
|poke|p1|Pelipper, L50, M|
|poke|p1|Archaludon, L50, M|
|poke|p1|Floette-Eternal, L50, F|
|poke|p1|Basculegion, L50, M|
|poke|p2|Sableye, L50, F|
|poke|p2|Basculegion-F, L50, F|
|poke|p2|Lopunny, L50, M|
|poke|p2|Archaludon, L50, F|
|poke|p2|Glimmora, L50, M|
|poke|p2|Meganium, L50, F|
|teampreview|4
|showteam|p1|Whimsicott||CobaBerry|Prankster|Moonblast,Tailwind,Encore,Protect|Bold||F|||50|]Swampert||Swampertite|Torrent|WaveCrash,Earthquake,IcePunch,Protect|Adamant||F|||50|]Pelipper||FocusSash|Drizzle|WeatherBall,Hurricane,Tailwind,Protect|Modest||M|||50|]Archaludon||Leftovers|Stamina|DracoMeteor,FlashCannon,ElectroShot,Protect|Modest||M|||50|]Floette-Eternal||Floettite|FlowerVeil|Moonblast,DazzlingGleam,LightofRuin,Protect|Modest||F|||50|]Basculegion||LifeOrb|Adaptability|Liquidation,LastRespects,AquaJet,Protect|Adamant||M|||50|
|showteam|p2|Sableye||RoseliBerry|Prankster|WillOWisp,RainDance,Encore,Disable|Sassy||F|||50|]Basculegion-F||ChoiceScarf|Adaptability|MuddyWater,ShadowBall,Hex,IceBeam|Timid||F|||50|]Lopunny||Lopunnite|CuteCharm|CloseCombat,TripleAxel,FakeOut,Protect|Adamant||M|||50|]Archaludon||Leftovers|Stamina|ElectroShot,DragonPulse,FlashCannon,Protect|Bold||F|||50|]Glimmora||FocusSash|ToxicDebris|PowerGem,SludgeBomb,EarthPower,SpikyShield|Modest||M|||50|]Meganium||Meganiumite|Overgrow|SolarBeam,DazzlingGleam,WeatherBall,Protect|Modest||F|||50|
|inactive|Battle timer is ON: inactive players will automatically lose when time's up. (requested by Blindfistin)
|inactive|vuelve chusooo has 60 seconds left.
|inactive|vuelve chusooo has 30 seconds left.
|inactive|vuelve chusooo has 20 seconds left.
|inactive|vuelve chusooo has 15 seconds left.
|inactive|vuelve chusooo has 10 seconds left.
|
|t:|1782592040
|teamsize|p1|4
|teamsize|p2|4
|start
|switch|p1a: Pelipper|Pelipper, L50, M|100/100
|switch|p1b: Basculegion|Basculegion, L50, M|100/100
|switch|p2a: Sableye|Sableye, L50, F|100/100
|switch|p2b: Basculegion|Basculegion-F, L50, F|100/100
|-weather|RainDance|[from] ability: Drizzle|[of] p1a: Pelipper
|turn|1
|inactive|vuelve chusooo has 30 seconds left.
|inactive|vuelve chusooo has 20 seconds left.
|inactive|vuelve chusooo has 15 seconds left.
|inactive|vuelve chusooo has 10 seconds left.
|
|t:|1782592086
|switch|p1b: Archaludon|Archaludon, L50, M|100/100
|move|p2a: Sableye|Will-O-Wisp|p1b: Archaludon
|-status|p1b: Archaludon|brn
|move|p2b: Basculegion|Muddy Water|p1a: Pelipper|[spread] p1a,p1b
|-resisted|p1a: Pelipper|1
|-resisted|p1b: Archaludon|1
|-damage|p1a: Pelipper|57/100
|-damage|p1b: Archaludon|72/100 brn
|-unboost|p1b: Archaludon|accuracy|1
|-ability|p1b: Archaludon|Stamina|boost
|-boost|p1b: Archaludon|def|1
|move|p1a: Pelipper|Tailwind|p1a: Pelipper
|-sidestart|p1: vuelve chusooo|move: Tailwind
|
|-weather|RainDance|[upkeep]
|-heal|p1b: Archaludon|78/100 brn|[from] item: Leftovers
|-damage|p1b: Archaludon|72/100 brn|[from] brn
|upkeep
|turn|2
|inactive|vuelve chusooo has 30 seconds left.
|
|t:|1782592121
|switch|p1a: Floette|Floette-Eternal, L50, F|100/100
|move|p2a: Sableye|Will-O-Wisp|p1a: Floette
|-status|p1a: Floette|brn
|move|p2b: Basculegion|Muddy Water|p1b: Archaludon|[spread] p1a
|-miss|p2b: Basculegion|p1b: Archaludon
|-crit|p1a: Floette
|-damage|p1a: Floette|11/100 brn
|move|p1b: Archaludon|Electro Shot||[still]
|-prepare|p1b: Archaludon|Electro Shot
|-boost|p1b: Archaludon|spa|1
|-anim|p1b: Archaludon|Electro Shot|p2b: Basculegion
|-supereffective|p2b: Basculegion|1
|-damage|p2b: Basculegion|0 fnt
|faint|p2b: Basculegion
|
|-weather|RainDance|[upkeep]
|-heal|p1b: Archaludon|78/100 brn|[from] item: Leftovers
|-damage|p1a: Floette|5/100 brn|[from] brn
|-damage|p1b: Archaludon|72/100 brn|[from] brn
|upkeep
|
|t:|1782592138
|switch|p2b: Lopunny|Lopunny, L50, M|100/100
|turn|3
|inactive|vuelve chusooo has 30 seconds left.
|
|t:|1782592173
|switch|p1a: Basculegion|Basculegion, L50, M|100/100
|detailschange|p2b: Lopunny|Lopunny-Mega, L50, M
|-mega|p2b: Lopunny|Lopunny|Lopunnite
|move|p2b: Lopunny|Fake Out|p1a: Basculegion
|-damage|p1a: Basculegion|71/100
|move|p2a: Sableye|Disable|p1b: Archaludon
|-start|p1b: Archaludon|Disable|Electro Shot
|cant|p1b: Archaludon|Disable|Electro Shot
|
|-weather|RainDance|[upkeep]
|-heal|p1b: Archaludon|78/100 brn|[from] item: Leftovers
|-damage|p1b: Archaludon|72/100 brn|[from] brn
|upkeep
|turn|4
|inactive|vuelve chusooo has 30 seconds left.
|inactive|vuelve chusooo has 20 seconds left.
|inactive|vuelve chusooo has 15 seconds left.
|inactive|vuelve chusooo has 10 seconds left.
|inactive|vuelve chusooo has 5 seconds left.
|
|t:|1782592224
|move|p2b: Lopunny|Protect|p2b: Lopunny
|-singleturn|p2b: Lopunny|Protect
|move|p2a: Sableye|Will-O-Wisp|p1a: Basculegion
|-status|p1a: Basculegion|brn
|move|p1a: Basculegion|Liquidation|p2b: Lopunny
|-activate|p2b: Lopunny|move: Protect
|move|p1b: Archaludon|Flash Cannon|p2a: Sableye
|-damage|p2a: Sableye|35/100
|
|-weather|RainDance|[upkeep]
|-heal|p1b: Archaludon|78/100 brn|[from] item: Leftovers
|-damage|p1a: Basculegion|65/100 brn|[from] brn
|-damage|p1b: Archaludon|72/100 brn|[from] brn
|-sideend|p1: vuelve chusooo|move: Tailwind
|upkeep
|turn|5
|
|t:|1782592247
|move|p2a: Sableye|Disable|p1a: Basculegion
|-start|p1a: Basculegion|Disable|Liquidation
|move|p2b: Lopunny|Close Combat|p1b: Archaludon
|-supereffective|p1b: Archaludon|1
|-damage|p1b: Archaludon|1/100 brn
|-unboost|p2b: Lopunny|def|1
|-unboost|p2b: Lopunny|spd|1
|-ability|p1b: Archaludon|Stamina|boost
|-boost|p1b: Archaludon|def|1
|cant|p1a: Basculegion|Disable|Liquidation
|move|p1b: Archaludon|Flash Cannon|p2b: Lopunny|[miss]
|-miss|p1b: Archaludon|p2b: Lopunny
|
|-weather|none
|-heal|p1b: Archaludon|7/100 brn|[from] item: Leftovers
|-damage|p1a: Basculegion|59/100 brn|[from] brn
|-damage|p1b: Archaludon|1/100 brn|[from] brn
|upkeep
|turn|6
|inactive|vuelve chusooo has 30 seconds left.
|inactive|Blindfistin has 30 seconds left.
|inactive|vuelve chusooo has 20 seconds left.
|inactive|vuelve chusooo has 15 seconds left.
|inactive|vuelve chusooo has 10 seconds left.
|inactive|vuelve chusooo has 5 seconds left.
|
|t:|1782592297
|move|p1a: Basculegion|Aqua Jet|p2a: Sableye
|-damage|p2a: Sableye|10/100
|-damage|p1a: Basculegion|49/100 brn|[from] item: Life Orb
|move|p2a: Sableye|Rain Dance|p2a: Sableye
|-weather|RainDance
|move|p2b: Lopunny|Triple Axel|p1b: Archaludon
|-crit|p1b: Archaludon
|-damage|p1b: Archaludon|0 fnt
|faint|p1b: Archaludon
|-hitcount|p1: Archaludon|1
|
|-weather|RainDance|[upkeep]
|-damage|p1a: Basculegion|43/100 brn|[from] brn
|upkeep
|
|t:|1782592308
|switch|p1b: Floette|Floette-Eternal, L50, F|5/100 brn
|turn|7
|
|t:|1782592329
|switch|p2a: Archaludon|Archaludon, L50, F|100/100
|detailschange|p1b: Floette|Floette-Mega, L50, F
|-mega|p1b: Floette|Floette|Floettite
|-ability|p1b: Floette|Fairy Aura
|move|p1a: Basculegion|Aqua Jet|p2a: Archaludon
|-resisted|p2a: Archaludon|1
|-damage|p2a: Archaludon|91/100
|-ability|p2a: Archaludon|Stamina|boost
|-boost|p2a: Archaludon|def|1
|-damage|p1a: Basculegion|33/100 brn|[from] item: Life Orb
|move|p2b: Lopunny|Triple Axel|p1b: Floette
|-damage|p1b: Floette|0 fnt
|faint|p1b: Floette
|-hitcount|p1: Floette|1
|
|-weather|RainDance|[upkeep]
|-heal|p2a: Archaludon|97/100|[from] item: Leftovers
|-damage|p1a: Basculegion|27/100 brn|[from] brn
|upkeep
|
|t:|1782592338
|switch|p1b: Pelipper|Pelipper, L50, M|57/100
|turn|8
|
|t:|1782592357
|move|p1a: Basculegion|Aqua Jet|p2b: Lopunny
|-damage|p2b: Lopunny|46/100
|-damage|p1a: Basculegion|17/100 brn|[from] item: Life Orb
|move|p2b: Lopunny|Close Combat|p1a: Basculegion
|-damage|p1a: Basculegion|0 fnt
|-unboost|p2b: Lopunny|def|1
|-unboost|p2b: Lopunny|spd|1
|faint|p1a: Basculegion
|move|p2a: Archaludon|Electro Shot||[still]
|-prepare|p2a: Archaludon|Electro Shot
|-boost|p2a: Archaludon|spa|1
|-anim|p2a: Archaludon|Electro Shot|p1b: Pelipper
|-supereffective|p1b: Pelipper|2
|-damage|p1b: Pelipper|0 fnt
|faint|p1b: Pelipper
|
|win|Blindfistin
||vuelve chusooo is ready for game 2.
||Blindfistin is ready for game 2.
|uhtml|next|Next: Game 2 of 3
|l|☆Blindfistin
|player|p2|
