|j|☆freshOnbg
|j|☆new mental
|html|freshOnbgnew mental    
|uhtml|bestof|Game 1 of a best-of-3
|t:|1784373777
|gametype|doubles
|player|p1|freshOnbg|palmer|1000
|player|p2|new mental|volkner|1219
|gen|9
|tier|[Gen 9 Champions] VGC 2026 Reg M-B (Bo3)
|rated|
|rule|Species Clause: Limit one of each Pokémon
|rule|Item Clause: Limit 1 of each item
|clearpoke
|poke|p1|Overqwil, L50, F|
|poke|p1|Incineroar, L50, F|
|poke|p1|Charizard, L50, F|
|poke|p1|Dragapult, L50, M|
|poke|p1|Infernape, L50, F|
|poke|p1|Dragonite, L50, M|
|poke|p2|Charizard, L50, M|
|poke|p2|Kingambit, L50, F|
|poke|p2|Sylveon, L50, M|
|poke|p2|Garchomp, L50, M|
|poke|p2|Aerodactyl, L50, M|
|poke|p2|Farigiraf, L50, F|
|teampreview|4
|showteam|p1|Overqwil||ShucaBerry|Intimidate|Taunt,IcyWind,ChillingWater,ToxicSpikes|Timid||F|||50|]Incineroar||SitrusBerry|Intimidate|FakeOut,FlareBlitz,WillOWisp,PartingShot|Careful||F|||50|]Charizard||CharizarditeY|Blaze|HeatWave,Overheat,Protect,ScorchingSands|Timid||F|||50|]Dragapult||FocusSash|CursedBody|WillOWisp,ThunderWave,Hex,DracoMeteor|Timid||M|||50|]Infernape||LifeOrb|IronFist|MachPunch,FakeOut,Protect,Uturn|Adamant||F|||50|]Dragonite||RoseliBerry|InnerFocus|Tailwind,Earthquake,ExtremeSpeed,IceSpinner|Adamant||M|||50|
|showteam|p2|Charizard||CharizarditeY|SolarPower|Protect,HeatWave,SolarBeam,WeatherBall|Modest||M|||50|]Kingambit||FocusSash|Defiant|IronHead,SuckerPunch,KowtowCleave,LowKick|Adamant||F|||50|]Sylveon||FairyFeather|Pixilate|Detect,HyperVoice,HyperBeam,QuickAttack|Modest||M|||50|]Garchomp||LifeOrb|RoughSkin|Protect,DragonClaw,Earthquake,RockSlide|Jolly||M|||50|]Aerodactyl||Aerodactylite|Unnerve|IceFang,RockSlide,Tailwind,DualWingbeat|Jolly||M|||50|]Farigiraf||SitrusBerry|ArmorTail|TrickRoom,Psychic,Thunderbolt,Roar|Bold||F|||50|
|inactive|Battle timer is ON: inactive players will automatically lose when time's up. (requested by freshOnbg)
|
|t:|1784373833
|teamsize|p1|4
|teamsize|p2|4
|start
|switch|p1a: Dragapult|Dragapult, L50, M|100/100
|switch|p1b: Infernape|Infernape, L50, F|100/100
|switch|p2a: Aerodactyl|Aerodactyl, L50, M|100/100
|switch|p2b: Sylveon|Sylveon, L50, M|100/100
|-ability|p2a: Aerodactyl|Unnerve
|turn|1
|inactive|freshOnbg has 30 seconds left.
|
|t:|1784373861
|detailschange|p2a: Aerodactyl|Aerodactyl-Mega, L50, M
|-mega|p2a: Aerodactyl|Aerodactyl|Aerodactylite
|move|p1b: Infernape|Fake Out|p2a: Aerodactyl
|-resisted|p2a: Aerodactyl|1
|-damage|p2a: Aerodactyl|90/100
|-damage|p1b: Infernape|90/100|[from] item: Life Orb
|cant|p2a: Aerodactyl|flinch
|move|p1a: Dragapult|Will-O-Wisp|p2a: Aerodactyl
|-status|p2a: Aerodactyl|brn
|move|p2b: Sylveon|Hyper Voice|p1a: Dragapult|[spread] p1a,p1b
|-supereffective|p1a: Dragapult|1
|-enditem|p1a: Dragapult|Focus Sash
|-damage|p1a: Dragapult|1/100
|-damage|p1b: Infernape|17/100
|-start|p2b: Sylveon|Disable|Hyper Voice|[from] ability: Cursed Body|[of] p1a: Dragapult
|
|-damage|p2a: Aerodactyl|84/100 brn|[from] brn
|upkeep
|turn|2
|inactive|new mental has 30 seconds left.
|inactive|new mental has 20 seconds left.
|
|t:|1784373897
|switch|p2b: Kingambit|Kingambit, L50, F|100/100
|move|p1b: Infernape|Protect|p1b: Infernape
|-singleturn|p1b: Infernape|Protect
|move|p2a: Aerodactyl|Rock Slide|p1a: Dragapult|[spread] p1a
|-activate|p1b: Infernape|move: Protect
|-damage|p1a: Dragapult|0 fnt
|faint|p1a: Dragapult
|
|-damage|p2a: Aerodactyl|78/100 brn|[from] brn
|upkeep
|
|t:|1784373910
|switch|p1a: Overqwil|Overqwil, L50, F|100/100
|-ability|p1a: Overqwil|Intimidate|boost
|-unboost|p2a: Aerodactyl|atk|1
|-unboost|p2b: Kingambit|atk|1
|-ability|p2b: Kingambit|Defiant|boost
|-boost|p2b: Kingambit|atk|2
|turn|3
|
|t:|1784373924
|move|p1b: Infernape|Mach Punch|p2b: Kingambit
|-supereffective|p2b: Kingambit|2
|-enditem|p2b: Kingambit|Focus Sash
|-damage|p2b: Kingambit|1/100
|-damage|p1b: Infernape|7/100|[from] item: Life Orb
|move|p2a: Aerodactyl|Rock Slide|p1a: Overqwil|[spread] p1a,p1b
|-damage|p1a: Overqwil|91/100
|-damage|p1b: Infernape|0 fnt
|faint|p1b: Infernape
|move|p1a: Overqwil|Chilling Water|p2a: Aerodactyl
|-supereffective|p2a: Aerodactyl|1
|-damage|p2a: Aerodactyl|60/100 brn
|-unboost|p2a: Aerodactyl|atk|1
|move|p2b: Kingambit|Iron Head|p1a: Overqwil
|-damage|p1a: Overqwil|23/100
|
|-damage|p2a: Aerodactyl|54/100 brn|[from] brn
|upkeep
|
|t:|1784373928
|switch|p1b: Charizard|Charizard, L50, F|100/100
|turn|4
|inactive|new mental has 30 seconds left.
|inactive|new mental has 20 seconds left.
|
|t:|1784373967
|switch|p2a: Farigiraf|Farigiraf, L50, F|100/100
|detailschange|p1b: Charizard|Charizard-Mega-Y, L50, F
|-mega|p1b: Charizard|Charizard|Charizardite Y
|-weather|SunnyDay|[from] ability: Drought|[of] p1b: Charizard
|move|p1b: Charizard|Protect|p1b: Charizard
|-singleturn|p1b: Charizard|Protect
|move|p2b: Kingambit|Sucker Punch||[still]
|-fail|p2b: Kingambit
|move|p1a: Overqwil|Icy Wind|p2b: Kingambit|[spread] p2a,p2b
|-resisted|p2b: Kingambit|1
|-damage|p2a: Farigiraf|93/100
|-damage|p2b: Kingambit|0 fnt
|-unboost|p2a: Farigiraf|spe|1
|faint|p2b: Kingambit
|
|-weather|SunnyDay|[upkeep]
|upkeep
|
|t:|1784373977
|switch|p2b: Aerodactyl|Aerodactyl-Mega, L50, M|54/100 brn
|turn|5
|
|t:|1784373997
|move|p2b: Aerodactyl|Rock Slide|p1a: Overqwil|[spread] p1b
|-miss|p2b: Aerodactyl|p1a: Overqwil
|-supereffective|p1b: Charizard|2
|-crit|p1b: Charizard
|-damage|p1b: Charizard|0 fnt
|faint|p1b: Charizard
|move|p1a: Overqwil|Chilling Water|p2b: Aerodactyl
|-supereffective|p2b: Aerodactyl|1
|-damage|p2b: Aerodactyl|45/100 brn
|-unboost|p2b: Aerodactyl|atk|1
|move|p2a: Farigiraf|Thunderbolt|p1a: Overqwil
|-damage|p1a: Overqwil|0 fnt
|faint|p1a: Overqwil
|
|win|new mental
