|j|☆SuperDialga1275
|j|☆ssooner
|html|SuperDialga1275ssooner    
|uhtml|bestof|Game 1 of a best-of-3
|t:|1785358710
|gametype|doubles
|player|p1|SuperDialga1275|giovanni|
|player|p2|ssooner|wallace|
|gen|9
|tier|[Gen 9 Champions] VGC 2026 Reg M-B (Bo3)
|rule|Species Clause: Limit one of each Pokémon
|rule|Item Clause: Limit 1 of each item
|clearpoke
|poke|p1|Staraptor, L50, F|
|poke|p1|Delphox, L50, M|
|poke|p1|Whimsicott, L50, F|
|poke|p1|Garchomp, L50, F|
|poke|p1|Kingambit, L50, M|
|poke|p1|Glimmora, L50, F|
|poke|p2|Floette-Eternal, L50, F|
|poke|p2|Whimsicott, L50, F|
|poke|p2|Arcanine-Hisui, L50, M|
|poke|p2|Basculegion, L50, M|
|poke|p2|Kingambit, L50, M|
|poke|p2|Dragonite, L50, F|
|teampreview|4
|showteam|p1|Staraptor||Staraptite|Intimidate|BraveBird,CloseCombat,Protect,Roost|Jolly||F|||50|]Delphox||Delphoxite|Blaze|HeatWave,Psychic,Protect,Substitute|Timid||M|||50|]Whimsicott||OccaBerry|Prankster|LightScreen,Moonblast,Charm,Tailwind|Timid||F|||50|]Garchomp||LifeOrb|RoughSkin|DragonClaw,Earthquake,Protect,RockSlide|Jolly||F|||50|]Kingambit||ChopleBerry|Defiant|KowtowCleave,IronHead,LowKick,SuckerPunch|Adamant||M|||50|]Glimmora||FocusSash|ToxicDebris|EarthPower,PowerGem,SpikyShield,SludgeBomb|Timid||F|||50|
|showteam|p2|Floette-Eternal||Floettite|FlowerVeil|Moonblast,DazzlingGleam,LightofRuin,Protect|Modest||F|||50|]Whimsicott||FocusSash|Prankster|Tailwind,Moonblast,Encore,Protect|Timid||F|||50|]Arcanine-Hisui||LifeOrb|RockHead|HeadSmash,FlareBlitz,ExtremeSpeed,Protect|Adamant||M|||50|]Basculegion||ChoiceScarf|Adaptability|WaveCrash,LastRespects,AquaJet,FlipTurn|Jolly||M|||50|]Kingambit||BlackGlasses|Defiant|KowtowCleave,SuckerPunch,IronHead,Protect|Adamant||M|||50|]Dragonite||DragonFang|InnerFocus|DragonClaw,ExtremeSpeed,LowKick,Protect|Adamant||F|||50|
|inactive|Battle timer is ON: inactive players will automatically lose when time's up. (requested by SuperDialga1275)
|inactive|ssooner also wants the timer to be on.
|inactive|SuperDialga1275 has 60 seconds left.
|
|t:|1785358741
|teamsize|p1|4
|teamsize|p2|4
|start
|switch|p1a: Whimsicott|Whimsicott, L50, F|100/100
|switch|p1b: Glimmora|Glimmora, L50, F|100/100
|switch|p2a: Whimsicott|Whimsicott, L50, F|100/100
|switch|p2b: chud daughter|Floette-Eternal, L50, F|100/100
|turn|1
|
|t:|1785358764
|switch|p2b: Kingambit|Kingambit, L50, M|100/100
|move|p2a: Whimsicott|Tailwind|p2a: Whimsicott
|-sidestart|p2: ssooner|move: Tailwind
|move|p1a: Whimsicott|Tailwind|p1a: Whimsicott
|-sidestart|p1: SuperDialga1275|move: Tailwind
|move|p1b: Glimmora|Sludge Bomb|p2b: Kingambit
|-immune|p2b: Kingambit
|
|upkeep
|turn|2
|inactive|SuperDialga1275 has 30 seconds left.
|
|t:|1785358791
|switch|p1a: Kingambit|Kingambit, L50, M|100/100
|move|p2a: Whimsicott|Encore|p1a: Kingambit
|-hint|Since gen 7, Dark is immune to Prankster moves.
|-immune|p1a: Kingambit
|move|p1b: Glimmora|Sludge Bomb|p2a: Whimsicott
|-supereffective|p2a: Whimsicott|2
|-enditem|p2a: Whimsicott|Focus Sash
|-damage|p2a: Whimsicott|1/100
|move|p2b: Kingambit|Iron Head|p1b: Glimmora
|-supereffective|p1b: Glimmora|1
|-enditem|p1b: Glimmora|Focus Sash
|-damage|p1b: Glimmora|1/100
|-activate|p1b: Glimmora|ability: Toxic Debris
|-sidestart|p2: ssooner|move: Toxic Spikes
|
|upkeep
|turn|3
|inactive|SuperDialga1275 has 30 seconds left.
|
|t:|1785358819
|switch|p1b: Whimsicott|Whimsicott, L50, F|100/100
|move|p2b: Kingambit|Protect|p2b: Kingambit
|-singleturn|p2b: Kingambit|Protect
|move|p2a: Whimsicott|Moonblast|p1a: Kingambit
|-damage|p1a: Kingambit|68/100
|move|p1a: Kingambit|Iron Head|p2b: Kingambit
|-activate|p2b: Kingambit|move: Protect
|
|upkeep
|turn|4
|
|t:|1785358840
|move|p1b: Whimsicott|Moonblast|p2a: Whimsicott
|-damage|p2a: Whimsicott|0 fnt
|faint|p2a: Whimsicott
|move|p2b: Kingambit|Iron Head|p1b: Whimsicott
|-supereffective|p1b: Whimsicott|1
|-damage|p1b: Whimsicott|0 fnt
|faint|p1b: Whimsicott
|move|p1a: Kingambit|Iron Head|p2b: Kingambit
|-resisted|p2b: Kingambit|1
|-damage|p2b: Kingambit|83/100
|
|-sideend|p2: ssooner|move: Tailwind
|-sideend|p1: SuperDialga1275|move: Tailwind
|upkeep
|c|☆SuperDialga1275|i forgot what item i had
|
|t:|1785358860
|switch|p2a: chud daughter|Floette-Eternal, L50, F|100/100
|switch|p1b: Staraptor|Staraptor, L50, F|100/100
|-ability|p1b: Staraptor|Intimidate|boost
|-unboost|p2a: chud daughter|atk|1
|-unboost|p2b: Kingambit|atk|1
|-ability|p2b: Kingambit|Defiant|boost
|-boost|p2b: Kingambit|atk|2
|-status|p2a: chud daughter|psn
|turn|5
|
|t:|1785358875
|detailschange|p1b: Staraptor|Staraptor-Mega, L50, F
|-mega|p1b: Staraptor|Staraptor|Staraptite
|detailschange|p2a: chud daughter|Floette-Mega, L50, F
|-mega|p2a: chud daughter|Floette|Floettite
|-ability|p2a: chud daughter|Fairy Aura
|move|p2b: Kingambit|Protect|p2b: Kingambit
|-singleturn|p2b: Kingambit|Protect
|move|p1a: Kingambit|Sucker Punch|p2a: chud daughter
|-resisted|p2a: chud daughter|1
|-damage|p2a: chud daughter|78/100 psn
|move|p1b: Staraptor|Brave Bird|p2a: chud daughter
|-damage|p2a: chud daughter|12/100 psn
|-damage|p1b: Staraptor|80/100|[from] Recoil
|move|p2a: chud daughter|Light of Ruin|p1a: Kingambit|[miss]
|-miss|p2a: chud daughter|p1a: Kingambit
|
|-damage|p2a: chud daughter|0 fnt|[from] psn
|faint|p2a: chud daughter
|upkeep
|c|☆ssooner|shes such a chud!!!!!!!!
|
|t:|1785358898
|switch|p2a: Basculegion|Basculegion, L50, M|100/100
|-status|p2a: Basculegion|psn
|turn|6
|c|☆ssooner|ggs'
|c|☆SuperDialga1275|oof
|-message|ssooner forfeited.
|
|win|SuperDialga1275
