|j|☆leafeon03
|j|☆smearglehater21
|html|leafeon03smearglehater21    
|uhtml|bestof|Game 1 of a best-of-3
|t:|1785433319
|gametype|doubles
|player|p1|leafeon03|erika|1386
|player|p2|smearglehater21|nate|1399
|gen|9
|tier|[Gen 9 Champions] VGC 2026 Reg M-B (Bo3)
|rated|
|rule|Species Clause: Limit one of each Pokémon
|rule|Item Clause: Limit 1 of each item
|clearpoke
|poke|p1|Garchomp, L50, M, shiny|
|poke|p1|Charizard, L50, F, shiny|
|poke|p1|Whimsicott, L50, M|
|poke|p1|Floette-Eternal, L50, F|
|poke|p1|Basculegion, L50, M|
|poke|p1|Kingambit, L50, M, shiny|
|poke|p2|Blastoise, L50, M|
|poke|p2|Delphox, L50, M|
|poke|p2|Sneasler, L50, F|
|poke|p2|Incineroar, L50, M|
|poke|p2|Sylveon, L50, F|
|poke|p2|Sinistcha, L50|
|teampreview|4
|showteam|p1|Garchomp||LifeOrb|RoughSkin|Earthquake,RockSlide,DragonClaw,Protect|Jolly||M|||50|]Charizard||CharizarditeY|Blaze|HeatWave,WeatherBall,SolarBeam,Protect|Modest||F|||50|]Whimsicott||FocusSash|Prankster|Moonblast,Tailwind,Encore,Protect|Timid||M|||50|]Floette-Eternal||Floettite|FlowerVeil|Moonblast,DazzlingGleam,LightofRuin,Protect|Modest||F|||50|]Basculegion||MysticWater|Adaptability|WaveCrash,LastRespects,AquaJet,Protect|Adamant||M|||50|]Kingambit||ChopleBerry|Defiant|KowtowCleave,SuckerPunch,IronHead,LowKick|Adamant||M|||50|
|showteam|p2|Blastoise||Blastoisinite|RainDish|WaterSpout,DarkPulse,ShellSmash,Protect|Modest||M|||50|]Delphox||Delphoxite|Blaze|HeatWave,Psyshock,NastyPlot,Protect|Timid||M|||50|]Sneasler||FocusSash|PoisonTouch|FakeOut,CloseCombat,DireClaw,QuickGuard|Jolly||F|||50|]Incineroar||SitrusBerry|Intimidate|FakeOut,FlareBlitz,PartingShot,HelpingHand|Impish||M|||50|]Sylveon||LifeOrb|Pixilate|HyperVoice,HyperBeam,QuickAttack,Detect|Modest||F|||50|]Sinistcha||OccaBerry|Hospitality|MatchaGotcha,RagePowder,TrickRoom,Protect|Bold|||||50|
|inactive|Battle timer is ON: inactive players will automatically lose when time's up. (requested by smearglehater21)
|inactive|leafeon03 has 60 seconds left.
|inactive|smearglehater21 has 60 seconds left.
|inactive|leafeon03 has 30 seconds left.
|inactive|smearglehater21 has 30 seconds left.
|inactive|leafeon03 has 20 seconds left.
|
|t:|1785433392
|teamsize|p1|4
|teamsize|p2|4
|start
|switch|p1a: Whimsicott|Whimsicott, L50, M|100/100
|switch|p1b: Basculegion|Basculegion, L50, M|100/100
|switch|p2a: Blastoise|Blastoise, L50, M|100/100
|switch|p2b: Sneasler|Sneasler, L50, F|100/100
|turn|1
|
|t:|1785433412
|detailschange|p2a: Blastoise|Blastoise-Mega, L50, M
|-mega|p2a: Blastoise|Blastoise|Blastoisinite
|move|p1a: Whimsicott|Protect|p1a: Whimsicott
|-singleturn|p1a: Whimsicott|Protect
|move|p2b: Sneasler|Fake Out|p1a: Whimsicott
|-activate|p1a: Whimsicott|move: Protect
|move|p2a: Blastoise|Dark Pulse|p1b: Basculegion
|-supereffective|p1b: Basculegion|1
|-damage|p1b: Basculegion|0 fnt
|faint|p1b: Basculegion
|
|upkeep
|
|t:|1785433427
|switch|p1b: Charizard|Charizard, L50, F, shiny|100/100
|turn|2
|inactive|leafeon03 has 30 seconds left.
|
|t:|1785433454
|switch|p2a: Incineroar|Incineroar, L50, M|100/100
|-ability|p2a: Incineroar|Intimidate|boost
|-unboost|p1a: Whimsicott|atk|1
|-unboost|p1b: Charizard|atk|1
|detailschange|p1b: Charizard|Charizard-Mega-Y, L50, F, shiny
|-mega|p1b: Charizard|Charizard|Charizardite Y
|-weather|SunnyDay|[from] ability: Drought|[of] p1b: Charizard
|move|p1a: Whimsicott|Tailwind|p1a: Whimsicott
|-sidestart|p1: leafeon03|move: Tailwind
|move|p1b: Charizard|Heat Wave|p2b: Sneasler|[spread] p2a,p2b
|-resisted|p2a: Incineroar|1
|-damage|p2a: Incineroar|70/100
|-damage|p2b: Sneasler|19/100
|move|p2b: Sneasler|Dire Claw|p1b: Charizard
|-crit|p1b: Charizard
|-damage|p1b: Charizard|38/100
|-status|p1b: Charizard|slp
|
|-weather|SunnyDay|[upkeep]
|upkeep
|turn|3
|inactive|leafeon03 has 30 seconds left.
|inactive|smearglehater21 has 30 seconds left.
|inactive|leafeon03 has 20 seconds left.
|
|t:|1785433490
|switch|p2b: Blastoise|Blastoise-Mega, L50, M|100/100
|move|p1a: Whimsicott|Protect|p1a: Whimsicott
|-singleturn|p1a: Whimsicott|Protect
|cant|p1b: Charizard|slp
|move|p2a: Incineroar|Parting Shot|p1b: Charizard
|-unboost|p1b: Charizard|atk|1
|-unboost|p1b: Charizard|spa|1
|
|t:|1785433499
|switch|p2a: Sneasler|Sneasler, L50, F|19/100|[from] Parting Shot
|
|-weather|SunnyDay|[upkeep]
|upkeep
|turn|4
|inactive|leafeon03 has 30 seconds left.
|
|t:|1785433525
|switch|p1a: Garchomp|Garchomp, L50, M, shiny|100/100
|move|p2a: Sneasler|Fake Out|p1a: Garchomp
|-damage|p1a: Garchomp|84/100
|-damage|p2a: Sneasler|7/100|[from] ability: Rough Skin|[of] p1a: Garchomp
|-status|p1a: Garchomp|psn|[from] ability: Poison Touch|[of] p2a: Sneasler
|-curestatus|p1b: Charizard|slp|[msg]
|move|p1b: Charizard|Solar Beam||[still]
|-prepare|p1b: Charizard|Solar Beam
|-anim|p1b: Charizard|Solar Beam|p2b: Blastoise
|-supereffective|p2b: Blastoise|1
|-crit|p2b: Blastoise
|-damage|p2b: Blastoise|0 fnt
|faint|p2b: Blastoise
|
|-weather|SunnyDay|[upkeep]
|-damage|p1a: Garchomp|72/100 psn|[from] psn
|upkeep
|
|t:|1785433544
|switch|p2b: Sinistcha|Sinistcha, L50|100/100
|-heal|p2a: Sneasler|31/100|[from] ability: Hospitality|[of] p2b: Sinistcha
|turn|5
|inactive|leafeon03 has 30 seconds left.
|inactive|leafeon03 has 20 seconds left.
|
|t:|1785433581
|switch|p2a: Incineroar|Incineroar, L50, M|70/100
|-ability|p2a: Incineroar|Intimidate|boost
|-unboost|p1a: Garchomp|atk|1
|-unboost|p1b: Charizard|atk|1
|move|p2b: Sinistcha|Protect|p2b: Sinistcha
|-singleturn|p2b: Sinistcha|Protect
|move|p1a: Garchomp|Dragon Claw|p2b: Sinistcha
|-activate|p2b: Sinistcha|move: Protect
|move|p1b: Charizard|Heat Wave|p2b: Sinistcha|[spread] p2a
|-activate|p2b: Sinistcha|move: Protect
|-resisted|p2a: Incineroar|1
|-damage|p2a: Incineroar|49/100
|-enditem|p2a: Incineroar|Sitrus Berry|[eat]
|-heal|p2a: Incineroar|74/100|[from] item: Sitrus Berry
|
|-weather|SunnyDay|[upkeep]
|-damage|p1a: Garchomp|60/100 psn|[from] psn
|-sideend|p1: leafeon03|move: Tailwind
|upkeep
|turn|6
|inactive|leafeon03 has 30 seconds left.
|inactive|smearglehater21 has 30 seconds left.
|inactive|leafeon03 has 20 seconds left.
|inactive|leafeon03 has 15 seconds left.
|
|t:|1785433621
|move|p2a: Incineroar|Fake Out|p1b: Charizard
|-damage|p1b: Charizard|28/100
|move|p1a: Garchomp|Earthquake|p2a: Incineroar|[spread] p2a,p2b
|-immune|p1b: Charizard
|-supereffective|p2a: Incineroar|1
|-resisted|p2b: Sinistcha|1
|-damage|p2a: Incineroar|22/100
|-damage|p2b: Sinistcha|87/100
|-damage|p1a: Garchomp|50/100g psn|[from] item: Life Orb
|cant|p1b: Charizard|flinch
|move|p2b: Sinistcha|Matcha Gotcha|p1b: Charizard|[spread] p1a,p1b
|-resisted|p1b: Charizard|2
|-damage|p1a: Garchomp|20/100y psn
|-heal|p2b: Sinistcha|100/100|[from] drain|[of] p1a: Garchomp
|-damage|p1b: Charizard|23/100
|
|-weather|none
|-damage|p1a: Garchomp|8/100 psn|[from] psn
|upkeep
|turn|7
|inactive|leafeon03 has 30 seconds left.
|inactive|smearglehater21 has 30 seconds left.
|inactive|leafeon03 has 20 seconds left.
|
|t:|1785433660
|move|p2b: Sinistcha|Protect|p2b: Sinistcha
|-singleturn|p2b: Sinistcha|Protect
|move|p1a: Garchomp|Earthquake|p2b: Sinistcha|[spread] p2a
|-activate|p2b: Sinistcha|move: Protect
|-immune|p1b: Charizard
|-supereffective|p2a: Incineroar|1
|-damage|p2a: Incineroar|0 fnt
|faint|p2a: Incineroar
|-damage|p1a: Garchomp|0 fnt|[from] item: Life Orb
|faint|p1a: Garchomp
|move|p1b: Charizard|Heat Wave|p2b: Sinistcha
|-activate|p2b: Sinistcha|move: Protect
|
|upkeep
|
|t:|1785433672
|switch|p1a: Whimsicott|Whimsicott, L50, M|100/100
|switch|p2a: Sneasler|Sneasler, L50, F|31/100
|turn|8
|
|t:|1785433692
|move|p1a: Whimsicott|Protect|p1a: Whimsicott
|-singleturn|p1a: Whimsicott|Protect
|move|p1b: Charizard|Protect|p1b: Charizard
|-singleturn|p1b: Charizard|Protect
|move|p2a: Sneasler|Fake Out|p1b: Charizard
|-activate|p1b: Charizard|move: Protect
|move|p2b: Sinistcha|Trick Room|p2b: Sinistcha
|-fieldstart|move: Trick Room|[of] p2b: Sinistcha
|
|upkeep
|turn|9
|inactive|leafeon03 has 30 seconds left.
|
|t:|1785433724
|move|p1a: Whimsicott|Encore|p2a: Sneasler
|-start|p2a: Sneasler|Encore
|move|p2a: Sneasler|Fake Out||[still]
|-hint|Fake Out only works on your first turn out.
|-fail|p2a: Sneasler
|move|p2b: Sinistcha|Matcha Gotcha|p1a: Whimsicott|[spread] p1a,p1b
|-resisted|p1a: Whimsicott|1
|-resisted|p1b: Charizard|2
|-damage|p1a: Whimsicott|78/100
|-damage|p1b: Charizard|18/100
|move|p1b: Charizard|Heat Wave|p2a: Sneasler|[spread] p2a,p2b
|-supereffective|p2b: Sinistcha|1
|-enditem|p2b: Sinistcha|Occa Berry|[eat]
|-enditem|p2b: Sinistcha|Occa Berry|[weaken]
|-damage|p2a: Sneasler|0 fnt
|-damage|p2b: Sinistcha|72/100
|faint|p2a: Sneasler
|
|upkeep
|turn|10
|inactive|leafeon03 has 30 seconds left.
|
|t:|1785433751
|move|p2b: Sinistcha|Matcha Gotcha|p1b: Charizard|[spread] p1b
|-miss|p2b: Sinistcha|p1a: Whimsicott
|-resisted|p1b: Charizard|2
|-damage|p1b: Charizard|14/100
|-heal|p2b: Sinistcha|75/100|[from] drain|[of] p1b: Charizard
|move|p1b: Charizard|Heat Wave|p2b: Sinistcha
|-supereffective|p2b: Sinistcha|1
|-damage|p2b: Sinistcha|1/100
|move|p1a: Whimsicott|Moonblast|p2b: Sinistcha
|-damage|p2b: Sinistcha|0 fnt
|faint|p2b: Sinistcha
|
|win|leafeon03
||smearglehater21 is ready for game 2.
|inactive|leafeon03 has 30 seconds to confirm battle start!
||leafeon03 is ready for game 2.
|uhtml|next|Next: Game 2 of 3
