|j|☆sundawg
|j|☆OnlyAnE
|html|sundawgOnlyAnE    
|uhtml|bestof|Game 1 of a best-of-3
|t:|1785898125
|gametype|doubles
|player|p1|sundawg|265|
|player|p2|OnlyAnE|cynthia-gen4|
|gen|9
|tier|[Gen 9 Champions] VGC 2026 Reg M-B (Bo3)
|rule|Species Clause: Limit one of each Pokémon
|rule|Item Clause: Limit 1 of each item
|clearpoke
|poke|p1|Archaludon, L50, M|
|poke|p1|Pelipper, L50, F|
|poke|p1|Swampert, L50, F|
|poke|p1|Garchomp, L50, M|
|poke|p1|Typhlosion, L50, F|
|poke|p1|Maushold, L50|
|poke|p2|Tinkaton, L50, F, shiny|
|poke|p2|Sneasler, L50, M, shiny|
|poke|p2|Sableye, L50, M, shiny|
|poke|p2|Raichu, L50, F|
|poke|p2|Farigiraf, L50, F|
|poke|p2|Meowscarada, L50, M, shiny|
|teampreview|4
|showteam|p1|Archaludon||Leftovers|Stamina|ElectroShot,FlashCannon,DragonPulse,Protect|Modest||M|||50|]Pelipper||SitrusBerry|Drizzle|Hurricane,WeatherBall,WideGuard,Tailwind|Modest||F|||50|]Swampert||Swampertite|Torrent|Earthquake,WaveCrash,KnockOff,Protect|Adamant||F|||50|]Garchomp||LifeOrb|RoughSkin|DragonClaw,Earthquake,Protect,StompingTantrum|Adamant||M|||50|]Typhlosion||ChoiceScarf|Blaze|Eruption,WillOWisp,HeatWave,FocusBlast|Modest||F|||50|]Maushold||ChopleBerry|FriendGuard|Feint,FollowMe,HelpingHand,Protect|Impish|||||50|
|showteam|p2|Tinkaton||FairyFeather|OwnTempo|SwordsDance,GigatonHammer,PlayRough,Protect|Adamant||F|||50|]Sneasler||WhiteHerb|Unburden|FakeOut,CloseCombat,DireClaw,Protect|Adamant||M|||50|]Sableye||Leftovers|Prankster|Encore,SunnyDay,WillOWisp,Recover|Calm||M|||50|]Raichu||RaichuniteY|LightningRod|FocusBlast,ZapCannon,Encore,Protect|Timid||F|||50|]Farigiraf||SitrusBerry|ArmorTail|Psychic,Thunderbolt,TrickRoom,Protect|Sassy||F|||50|]Meowscarada||LifeOrb|Protean|KnockOff,FlowerTrick,TripleAxel,Protect|Adamant||M|||50|
|
|t:|1785898181
|teamsize|p1|4
|teamsize|p2|4
|start
|switch|p1a: Pelipper|Pelipper, L50, F|100/100
|switch|p1b: Swampert|Swampert, L50, F|100/100
|switch|p2a: Sableye|Sableye, L50, M, shiny|100/100
|switch|p2b: Sneasler|Sneasler, L50, M, shiny|100/100
|-weather|RainDance|[from] ability: Drizzle|[of] p1a: Pelipper
|turn|1
|
|t:|1785898213
|detailschange|p1b: Swampert|Swampert-Mega, L50, F
|-mega|p1b: Swampert|Swampert|Swampertite
|move|p2b: Sneasler|Fake Out|p1b: Swampert
|-damage|p1b: Swampert|87/100
|move|p2a: Sableye|Sunny Day|p2a: Sableye
|-weather|SunnyDay
|move|p1a: Pelipper|Tailwind|p1a: Pelipper
|-sidestart|p1: sundawg|move: Tailwind
|cant|p1b: Swampert|flinch
|
|-weather|SunnyDay|[upkeep]
|upkeep
|turn|2
|
|t:|1785898232
|move|p2b: Sneasler|Protect|p2b: Sneasler
|-singleturn|p2b: Sneasler|Protect
|move|p2a: Sableye|Will-O-Wisp|p1b: Swampert
|-status|p1b: Swampert|brn
|move|p1a: Pelipper|Hurricane|p2b: Sneasler
|-activate|p2b: Sneasler|move: Protect
|move|p1b: Swampert|Earthquake|p2b: Sneasler|[spread] p2a
|-activate|p2b: Sneasler|move: Protect
|-immune|p1a: Pelipper
|-damage|p2a: Sableye|68/100
|
|-weather|SunnyDay|[upkeep]
|-heal|p2a: Sableye|74/100|[from] item: Leftovers
|-damage|p1b: Swampert|82/100 brn|[from] brn
|upkeep
|turn|3
|
|t:|1785898273
|move|p2a: Sableye|Will-O-Wisp|p1a: Pelipper
|-status|p1a: Pelipper|brn
|move|p1a: Pelipper|Hurricane|p2b: Sneasler|[miss]
|-miss|p1a: Pelipper|p2b: Sneasler
|move|p1b: Swampert|Earthquake|p2a: Sableye|[spread] p2a,p2b
|-immune|p1a: Pelipper
|-supereffective|p2b: Sneasler|1
|-damage|p2a: Sableye|43/100
|-damage|p2b: Sneasler|23/100
|move|p2b: Sneasler|Close Combat|p1b: Swampert
|-damage|p1b: Swampert|30/100 brn
|-unboost|p2b: Sneasler|def|1
|-unboost|p2b: Sneasler|spd|1
|-enditem|p2b: Sneasler|White Herb
|-clearnegativeboost|p2b: Sneasler|[silent]
|
|-weather|SunnyDay|[upkeep]
|-heal|p2a: Sableye|49/100|[from] item: Leftovers
|-damage|p1a: Pelipper|94/100 brn|[from] brn
|-damage|p1b: Swampert|25/100 brn|[from] brn
|upkeep
|turn|4
|
|t:|1785898298
|move|p2b: Sneasler|Protect|p2b: Sneasler
|-singleturn|p2b: Sneasler|Protect
|move|p2a: Sableye|Recover|p2a: Sableye
|-heal|p2a: Sableye|100/100
|move|p1a: Pelipper|Tailwind||[still]
|-fail|p1a: Pelipper
|move|p1b: Swampert|Earthquake|p2a: Sableye|[spread] p2a
|-activate|p2b: Sneasler|move: Protect
|-immune|p1a: Pelipper
|-damage|p2a: Sableye|64/100
|
|-weather|SunnyDay|[upkeep]
|-heal|p2a: Sableye|70/100|[from] item: Leftovers
|-damage|p1a: Pelipper|88/100 brn|[from] brn
|-damage|p1b: Swampert|19/100 brn|[from] brn
|-sideend|p1: sundawg|move: Tailwind
|upkeep
|turn|5
|
|t:|1785898329
|move|p2a: Sableye|Encore|p1a: Pelipper
|-start|p1a: Pelipper|Encore
|move|p2b: Sneasler|Close Combat|p1b: Swampert
|-damage|p1b: Swampert|0 fnt
|-unboost|p2b: Sneasler|def|1
|-unboost|p2b: Sneasler|spd|1
|faint|p1b: Swampert
|move|p1a: Pelipper|Tailwind|p1a: Pelipper
|-sidestart|p1: sundawg|move: Tailwind
|
|-weather|none
|-heal|p2a: Sableye|76/100|[from] item: Leftovers
|-damage|p1a: Pelipper|82/100 brn|[from] brn
|upkeep
|
|t:|1785898341
|switch|p1b: Garchomp|Garchomp, L50, M|100/100
|turn|6
|
|t:|1785898361
|switch|p1a: Archaludon|Archaludon, L50, M|100/100
|move|p2b: Sneasler|Protect|p2b: Sneasler
|-singleturn|p2b: Sneasler|Protect
|move|p2a: Sableye|Will-O-Wisp|p1b: Garchomp
|-status|p1b: Garchomp|brn
|move|p1b: Garchomp|Stomping Tantrum|p2b: Sneasler
|-activate|p2b: Sneasler|move: Protect
|
|-heal|p2a: Sableye|82/100|[from] item: Leftovers
|-damage|p1b: Garchomp|94/100 brn|[from] brn
|upkeep
|turn|7
|
|t:|1785898381
|switch|p1a: Pelipper|Pelipper, L50, F|82/100 brn
|-weather|RainDance|[from] ability: Drizzle|[of] p1a: Pelipper
|move|p2a: Sableye|Sunny Day|p2a: Sableye
|-weather|SunnyDay
|move|p2b: Sneasler|Close Combat|p1a: Pelipper
|-resisted|p1a: Pelipper|1
|-damage|p1a: Pelipper|34/100 brn
|-unboost|p2b: Sneasler|def|1
|-unboost|p2b: Sneasler|spd|1
|-enditem|p1a: Pelipper|Sitrus Berry|[eat]
|-heal|p1a: Pelipper|59/100 brn|[from] item: Sitrus Berry
|move|p1b: Garchomp|Earthquake|p2a: Sableye|[spread] p2a,p2b
|-immune|p1a: Pelipper
|-supereffective|p2b: Sneasler|1
|-damage|p2a: Sableye|40/100
|-damage|p2b: Sneasler|0 fnt
|faint|p2b: Sneasler
|-damage|p1b: Garchomp|84/100 brn|[from] item: Life Orb
|
|-weather|SunnyDay|[upkeep]
|-heal|p2a: Sableye|46/100|[from] item: Leftovers
|-damage|p1b: Garchomp|78/100 brn|[from] brn
|-damage|p1a: Pelipper|53/100 brn|[from] brn
|upkeep
|
|t:|1785898402
|switch|p2b: Meowscarada|Meowscarada, L50, M, shiny|100/100
|turn|8
|
|t:|1785898420
|move|p1b: Garchomp|Protect|p1b: Garchomp
|-singleturn|p1b: Garchomp|Protect
|move|p2b: Meowscarada|Protect|p2b: Meowscarada
|-start|p2b: Meowscarada|typechange|Normal|[from] ability: Protean
|-singleturn|p2b: Meowscarada|Protect
|move|p2a: Sableye|Recover|p2a: Sableye
|-heal|p2a: Sableye|96/100
|move|p1a: Pelipper|Weather Ball|p2b: Meowscarada
|-activate|p2b: Meowscarada|move: Protect
|
|-weather|SunnyDay|[upkeep]
|-heal|p2a: Sableye|100/100|[from] item: Leftovers
|-damage|p1b: Garchomp|72/100 brn|[from] brn
|-damage|p1a: Pelipper|47/100 brn|[from] brn
|-sideend|p1: sundawg|move: Tailwind
|upkeep
|turn|9
|
|t:|1785898465
|move|p2a: Sableye|Encore|p1b: Garchomp
|-start|p1b: Garchomp|Encore
|move|p1b: Garchomp|Protect|p1b: Garchomp
|-singleturn|p1b: Garchomp|Protect
|move|p2b: Meowscarada|Flower Trick|p1a: Pelipper
|-crit|p1a: Pelipper
|-damage|p1a: Pelipper|0 fnt
|faint|p1a: Pelipper
|-damage|p2b: Meowscarada|90/100|[from] item: Life Orb
|
|-weather|SunnyDay|[upkeep]
|-damage|p1b: Garchomp|66/100 brn|[from] brn
|upkeep
|
|t:|1785898476
|switch|p1a: Archaludon|Archaludon, L50, M|100/100
|turn|10
|
|t:|1785898489
|move|p1b: Garchomp|Protect||[still]
|-fail|p1b: Garchomp
|move|p2a: Sableye|Will-O-Wisp|p1a: Archaludon|[miss]
|-miss|p2a: Sableye|p1a: Archaludon
|move|p2b: Meowscarada|Triple Axel|p1b: Garchomp
|-supereffective|p1b: Garchomp|2
|-damage|p1b: Garchomp|29/100 brn
|-damage|p2b: Meowscarada|77/100|[from] ability: Rough Skin|[of] p1b: Garchomp
|-supereffective|p1b: Garchomp|2
|-damage|p1b: Garchomp|0 fnt
|-damage|p2b: Meowscarada|65/100|[from] ability: Rough Skin|[of] p1b: Garchomp
|faint|p1b: Garchomp
|-hitcount|p1: Garchomp|2
|-damage|p2b: Meowscarada|55/100|[from] item: Life Orb
|move|p1a: Archaludon|Dragon Pulse|p2a: Sableye
|-damage|p2a: Sableye|51/100
|
|-weather|SunnyDay|[upkeep]
|-heal|p2a: Sableye|57/100|[from] item: Leftovers
|upkeep
|turn|11
|
|t:|1785898511
|move|p2a: Sableye|Will-O-Wisp|p1a: Archaludon
|-status|p1a: Archaludon|brn
|move|p2b: Meowscarada|Knock Off|p1a: Archaludon
|-damage|p1a: Archaludon|61/100 brn
|-ability|p1a: Archaludon|Stamina|boost
|-boost|p1a: Archaludon|def|1
|-enditem|p1a: Archaludon|Leftovers|[from] move: Knock Off|[of] p2b: Meowscarada
|-damage|p2b: Meowscarada|45/100|[from] item: Life Orb
|move|p1a: Archaludon|Dragon Pulse|p2a: Sableye
|-damage|p2a: Sableye|7/100
|
|-weather|none
|-heal|p2a: Sableye|13/100|[from] item: Leftovers
|-damage|p1a: Archaludon|55/100 brn|[from] brn
|upkeep
|turn|12
|
|t:|1785898529
|move|p2a: Sableye|Recover|p2a: Sableye
|-heal|p2a: Sableye|63/100
|move|p2b: Meowscarada|Flower Trick|p1a: Archaludon
|-resisted|p1a: Archaludon|2
|-crit|p1a: Archaludon
|-damage|p1a: Archaludon|45/100 brn
|-ability|p1a: Archaludon|Stamina|boost
|-boost|p1a: Archaludon|def|1
|-damage|p2b: Meowscarada|35/100|[from] item: Life Orb
|move|p1a: Archaludon|Flash Cannon|p2a: Sableye
|-damage|p2a: Sableye|15/100
|
|-heal|p2a: Sableye|21/100|[from] item: Leftovers
|-damage|p1a: Archaludon|39/100 brn|[from] brn
|upkeep
|turn|13
|
|t:|1785898549
|move|p2a: Sableye|Recover|p2a: Sableye
|-heal|p2a: Sableye|71/100
|move|p2b: Meowscarada|Triple Axel|p1a: Archaludon|[miss]
|-miss|p2b: Meowscarada|p1a: Archaludon
|move|p1a: Archaludon|Flash Cannon|p2a: Sableye
|-damage|p2a: Sableye|27/100
|
|-heal|p2a: Sableye|33/100|[from] item: Leftovers
|-damage|p1a: Archaludon|33/100 brn|[from] brn
|upkeep
|turn|14
|
|t:|1785898562
|move|p2a: Sableye|Recover|p2a: Sableye
|-heal|p2a: Sableye|83/100
|move|p2b: Meowscarada|Triple Axel|p1a: Archaludon
|-damage|p1a: Archaludon|28/100 brn
|-ability|p1a: Archaludon|Stamina|boost
|-boost|p1a: Archaludon|def|1
|-damage|p1a: Archaludon|22/100 brn
|-ability|p1a: Archaludon|Stamina|boost
|-boost|p1a: Archaludon|def|1
|-damage|p1a: Archaludon|14/100 brn
|-ability|p1a: Archaludon|Stamina|boost
|-boost|p1a: Archaludon|def|1
|-hitcount|p1a: Archaludon|3
|-damage|p2b: Meowscarada|26/100|[from] item: Life Orb
|move|p1a: Archaludon|Flash Cannon|p2a: Sableye
|-damage|p2a: Sableye|36/100
|
|-heal|p2a: Sableye|42/100|[from] item: Leftovers
|-damage|p1a: Archaludon|8/100 brn|[from] brn
|upkeep
|turn|15
|
|t:|1785898584
|move|p1a: Archaludon|Protect|p1a: Archaludon
|-singleturn|p1a: Archaludon|Protect
|move|p2a: Sableye|Recover|p2a: Sableye
|-heal|p2a: Sableye|92/100
|move|p2b: Meowscarada|Flower Trick|p1a: Archaludon
|-activate|p1a: Archaludon|move: Protect
|
|-heal|p2a: Sableye|98/100|[from] item: Leftovers
|-damage|p1a: Archaludon|2/100 brn|[from] brn
|upkeep
|turn|16
|
|t:|1785898597
|move|p1a: Archaludon|Protect||[still]
|-fail|p1a: Archaludon
|move|p2a: Sableye|Encore|p1a: Archaludon
|-start|p1a: Archaludon|Encore
|move|p2b: Meowscarada|Flower Trick|p1a: Archaludon
|-resisted|p1a: Archaludon|2
|-crit|p1a: Archaludon
|-damage|p1a: Archaludon|0 fnt
|faint|p1a: Archaludon
|-damage|p2b: Meowscarada|16/100|[from] item: Life Orb
|
|win|OnlyAnE
||sundawg is ready for game 2.
|inactive|OnlyAnE has 30 seconds to confirm battle start!
|inactive|OnlyAnE has 20 seconds to confirm battle start!
||OnlyAnE is ready for game 2.
|uhtml|next|Next: Game 2 of 3
