|j|☆maxer_24
|j|☆jmcm54
|html|maxer_24jmcm54    
|uhtml|bestof|Game 1 of a best-of-3
|t:|1783790946
|gametype|doubles
|player|p1|maxer_24|rocketgrunt|
|player|p2|jmcm54|cynthia|
|gen|9
|tier|[Gen 9 Champions] VGC 2026 Reg M-B (Bo3)
|rule|Species Clause: Limit one of each Pokémon
|rule|Item Clause: Limit 1 of each item
|clearpoke
|poke|p1|Basculegion, L50, M|
|poke|p1|Garchomp, L50, F|
|poke|p1|Sceptile, L50, M|
|poke|p1|Rotom-Heat, L50|
|poke|p1|Aerodactyl, L50, M|
|poke|p1|Floette-Eternal, L50, F|
|poke|p2|Lucario, L50, M|
|poke|p2|Azumarill, L50, M|
|poke|p2|Sinistcha, L50|
|poke|p2|Lycanroc-Dusk, L50, M|
|poke|p2|Ditto, L50|
|poke|p2|Talonflame, L50, F|
|teampreview|4
|showteam|p1|Basculegion||SitrusBerry|Adaptability|WaveCrash,LastRespects,AquaJet,Protect|Adamant||M|||50|]Garchomp||LifeOrb|SandVeil|DragonClaw,Earthquake,RockSlide,Protect|Jolly||F|||50|]Sceptile||Sceptilite|Overgrow|DragonPulse,GrassKnot,EarthPower,Detect|Timid||M|||50|]Rotom-Heat||ChoiceScarf|Levitate|Thunderbolt,VoltSwitch,Overheat,Discharge|Timid|||||50|]Aerodactyl||FocusSash|Unnerve|RockSlide,DualWingbeat,Tailwind,WideGuard|Jolly||M|||50|]Floette-Eternal||Floettite|FlowerVeil|Moonblast,DazzlingGleam,LightofRuin,Protect|Timid||F|||50|
|showteam|p2|Lucario||Lucarionite|InnerFocus|MeteorMash,BulletPunch,DrainPunch,Protect|Naughty||M|||50|]Azumarill||SitrusBerry|HugePower|AquaJet,PlayRough,Protect,BellyDrum|Adamant||M|||50|]Sinistcha||Leftovers|Hospitality|MatchaGotcha,LifeDew,RagePowder,TrickRoom|Calm|||||50|]Lycanroc-Dusk||LifeOrb|ToughClaws|Accelerock,StompingTantrum,Protect,Howl|Jolly||M|||50|]Ditto||FocusSash|Limber|Transform|Bold|||||50|]Talonflame||MentalHerb|GaleWings|Tailwind,Taunt,QuickGuard,BraveBird|Jolly||F|||50|
|inactive|Battle timer is ON: inactive players will automatically lose when time's up. (requested by maxer_24)
|inactive|jmcm54 has 60 seconds left.
|
|t:|1783790987
|teamsize|p1|4
|teamsize|p2|4
|start
|switch|p1a: Sceptile|Sceptile, L50, M|100/100
|switch|p1b: Rotom|Rotom-Heat, L50|100/100
|switch|p2a: Lucario|Lucario, L50, M|100/100
|switch|p2b: Azumarill|Azumarill, L50, M|100/100
|turn|1
|inactive|maxer_24 has 30 seconds left.
|inactive|jmcm54 has 30 seconds left.
|inactive|jmcm54 has 20 seconds left.
|inactive|jmcm54 has 15 seconds left.
|inactive|jmcm54 has 10 seconds left.
|
|t:|1783791032
|detailschange|p1a: Sceptile|Sceptile-Mega, L50, M
|-mega|p1a: Sceptile|Sceptile|Sceptilite
|detailschange|p2a: Lucario|Lucario-Mega, L50, M
|-mega|p2a: Lucario|Lucario|Lucarionite
|move|p2b: Azumarill|Protect|p2b: Azumarill
|-singleturn|p2b: Azumarill|Protect
|move|p2a: Lucario|Bullet Punch|p1a: Sceptile
|-damage|p1a: Sceptile|51/100
|move|p1b: Rotom|Discharge|p2a: Lucario|[spread] p2a
|-activate|p2b: Azumarill|move: Protect
|-ability|p1a: Sceptile|Lightning Rod|boost
|-boost|p1a: Sceptile|spa|1
|-damage|p2a: Lucario|55/100
|move|p1a: Sceptile|Grass Knot|p2b: Azumarill
|-activate|p2b: Azumarill|move: Protect
|
|upkeep
|turn|2
|inactive|jmcm54 has 30 seconds left.
|inactive|jmcm54 has 20 seconds left.
|
|t:|1783791070
|switch|p2b: Ditto|Ditto, L50|100/100
|move|p1a: Sceptile|Detect|p1a: Sceptile
|-singleturn|p1a: Sceptile|Protect
|move|p1b: Rotom|Discharge|p2b: Ditto|[spread] p2a,p2b
|-activate|p1a: Sceptile|move: Protect
|-damage|p2a: Lucario|4/100
|-damage|p2b: Ditto|53/100
|-status|p2a: Lucario|par
|move|p2a: Lucario|Meteor Mash|p1a: Sceptile
|-activate|p1a: Sceptile|move: Protect
|
|upkeep
|turn|3
|inactive|maxer_24 has 30 seconds left.
|inactive|jmcm54 has 30 seconds left.
|
|t:|1783791104
|switch|p1a: Garchomp|Garchomp, L50, F|100/100
|switch|p2b: Sinistcha|Sinistcha, L50|100/100
|-heal|p2a: Lucario|28/100 par|[from] ability: Hospitality|[of] p2b: Sinistcha
|move|p2a: Lucario|Protect|p2a: Lucario
|-singleturn|p2a: Lucario|Protect
|move|p1b: Rotom|Discharge|p2a: Lucario|[spread] p2b
|-activate|p2a: Lucario|move: Protect
|-immune|p1a: Garchomp
|-resisted|p2b: Sinistcha|1
|-damage|p2b: Sinistcha|86/100
|-status|p2b: Sinistcha|par
|
|-heal|p2b: Sinistcha|92/100 par|[from] item: Leftovers
|upkeep
|turn|4
|inactive|jmcm54 has 30 seconds left.
|inactive|jmcm54 has 20 seconds left.
|inactive|jmcm54 has 15 seconds left.
|inactive|jmcm54 has 10 seconds left.
|
|t:|1783791153
|switch|p1b: Sceptile|Sceptile-Mega, L50, M|51/100
|move|p1a: Garchomp|Protect|p1a: Garchomp
|-singleturn|p1a: Garchomp|Protect
|move|p2a: Lucario|Drain Punch|p1b: Sceptile
|-damage|p1b: Sceptile|0 fnt
|-heal|p2a: Lucario|54/100 par|[from] drain|[of] p1b: Sceptile
|faint|p1b: Sceptile
|move|p2b: Sinistcha|Life Dew|p2b: Sinistcha|[spread] p2a,p2b
|-heal|p2a: Lucario|79/100 par
|-heal|p2b: Sinistcha|100/100 par
|
|upkeep
|
|t:|1783791168
|switch|p1b: Rotom|Rotom-Heat, L50|100/100
|turn|5
|inactive|jmcm54 has 30 seconds left.
|
|t:|1783791198
|move|p2a: Lucario|Protect|p2a: Lucario
|-singleturn|p2a: Lucario|Protect
|move|p1b: Rotom|Overheat|p2b: Sinistcha
|-supereffective|p2b: Sinistcha|1
|-damage|p2b: Sinistcha|0 fnt
|-unboost|p1b: Rotom|spa|2
|faint|p2b: Sinistcha
|move|p1a: Garchomp|Earthquake|p2a: Lucario|[spread] 
|-activate|p2a: Lucario|move: Protect
|-immune|p1b: Rotom|[from] ability: Levitate
|
|upkeep
|
|t:|1783791210
|switch|p2b: Azumarill|Azumarill, L50, M|100/100
|turn|6
|inactive|jmcm54 has 30 seconds left.
|inactive|jmcm54 has 20 seconds left.
|inactive|jmcm54 has 15 seconds left.
|
|t:|1783791255
|switch|p1b: Basculegion|Basculegion, L50, M|100/100
|move|p2b: Azumarill|Protect|p2b: Azumarill
|-singleturn|p2b: Azumarill|Protect
|move|p1a: Garchomp|Earthquake|p2b: Azumarill|[spread] p1b,p2a
|-activate|p2b: Azumarill|move: Protect
|-supereffective|p2a: Lucario|1
|-damage|p1b: Basculegion|54/100
|-damage|p2a: Lucario|0 fnt
|faint|p2a: Lucario
|-damage|p1a: Garchomp|90/100|[from] item: Life Orb
|
|upkeep
|
|t:|1783791269
|switch|p2a: Ditto|Ditto, L50|53/100
|turn|7
|
|t:|1783791292
|move|p1a: Garchomp|Rock Slide|p2b: Azumarill|[spread] p2a,p2b
|-crit|p2b: Azumarill
|-damage|p2a: Ditto|14/100
|-damage|p2b: Azumarill|56/100
|-damage|p1a: Garchomp|80/100|[from] item: Life Orb
|move|p1b: Basculegion|Last Respects|p2b: Azumarill
|-damage|p2b: Azumarill|0 fnt
|faint|p2b: Azumarill
|move|p2a: Ditto|Transform|p2: Azumarill|[notarget]
|-fail|p2a: Ditto
|
|upkeep
|turn|8
|
|t:|1783791308
|move|p1b: Basculegion|Aqua Jet|p2a: Ditto
|-damage|p2a: Ditto|0 fnt
|faint|p2a: Ditto
|
|win|maxer_24
||maxer_24 is ready for game 2.
||jmcm54 is ready for game 2.
|uhtml|next|Next: Game 2 of 3
|l|☆jmcm54
|player|p2|
|l|☆maxer_24
|player|p1|
|j|☆jmcm54
|player|p2|jmcm54|cynthia|
