|j|☆new mental
|j|☆cooledoregon
|html|new mentalcooledoregon    
|uhtml|bestof|Game 3 of a best-of-3
|t:|1783598264
|gametype|doubles
|player|p1|new mental|volkner|1300
|player|p2|cooledoregon|1|1188
|gen|9
|tier|[Gen 9 Champions] VGC 2026 Reg M-B (Bo3)
|rated|
|rule|Species Clause: Limit one of each Pokémon
|rule|Item Clause: Limit 1 of each item
|clearpoke
|poke|p1|Charizard, L50, M|
|poke|p1|Kingambit, L50, F|
|poke|p1|Sylveon, L50, F|
|poke|p1|Garchomp, L50, F|
|poke|p1|Aerodactyl, L50, F|
|poke|p1|Farigiraf, L50, M|
|poke|p2|Excadrill, L50, F, shiny|
|poke|p2|Tyranitar, L50, M, shiny|
|poke|p2|Sinistcha, L50|
|poke|p2|Houndstone, L50, F, shiny|
|poke|p2|Hydreigon, L50, M, shiny|
|poke|p2|Meganium, L50, F|
|teampreview|4
|showteam|p1|Charizard||CharizarditeY|SolarPower|Protect,HeatWave,SolarBeam,WeatherBall|Modest||M|||50|]Kingambit||FocusSash|Defiant|IronHead,SuckerPunch,KowtowCleave,LowKick|Adamant||F|||50|]Sylveon||FairyFeather|Pixilate|Detect,HyperVoice,HyperBeam,QuickAttack|Modest||F|||50|]Garchomp||LifeOrb|RoughSkin|Protect,DragonClaw,Earthquake,RockSlide|Jolly||F|||50|]Aerodactyl||Aerodactylite|Unnerve|IceFang,RockSlide,Tailwind,DualWingbeat|Jolly||F|||50|]Farigiraf||SitrusBerry|ArmorTail|TrickRoom,Psychic,Thunderbolt,Roar|Bold||M|||50|
|showteam|p2|Excadrill||FocusSash|SandRush|Earthquake,IronHead,RockSlide,Protect|Adamant||F|||50|]Tyranitar||Tyranitarite|SandStream|RockSlide,KnockOff,LowKick,Protect|Adamant||M|||50|]Sinistcha||ColburBerry|Hospitality|MatchaGotcha,RagePowder,Protect,TrickRoom|Calm|||||50|]Houndstone||SitrusBerry|SandRush|LastRespects,WillOWisp,BodyPress,Protect|Adamant||F|||50|]Hydreigon||ChoiceScarf|Levitate|DracoMeteor,DarkPulse,HeatWave,Snarl|Modest||M|||50|]Meganium||Meganiumite|Overgrow|SolarBeam,WeatherBall,DazzlingGleam,Protect|Modest||F|||50|
|inactive|Battle timer is ON: inactive players will automatically lose when time's up. (requested by cooledoregon)
|inactive|new mental has 60 seconds left.
|inactive|cooledoregon has 60 seconds left.
|
|t:|1783598304
|teamsize|p1|4
|teamsize|p2|4
|start
|switch|p1a: Charizard|Charizard, L50, M|100/100
|switch|p1b: Garchomp|Garchomp, L50, F|100/100
|switch|p2a: Trinacria|Hydreigon, L50, M, shiny|100/100
|switch|p2b: Tormentilla|Tyranitar, L50, M, shiny|100/100
|-weather|Sandstorm|[from] ability: Sand Stream|[of] p2b: Tormentilla
|turn|1
|
|t:|1783598320
|detailschange|p2b: Tormentilla|Tyranitar-Mega, L50, M, shiny
|-mega|p2b: Tormentilla|Tyranitar|Tyranitarite
|move|p1b: Garchomp|Protect|p1b: Garchomp
|-singleturn|p1b: Garchomp|Protect
|move|p1a: Charizard|Protect|p1a: Charizard
|-singleturn|p1a: Charizard|Protect
|move|p2a: Trinacria|Snarl|p1a: Charizard|[spread] 
|-activate|p1a: Charizard|move: Protect
|-activate|p1b: Garchomp|move: Protect
|move|p2b: Tormentilla|Knock Off|p1b: Garchomp
|-activate|p1b: Garchomp|move: Protect
|
|-weather|Sandstorm|[upkeep]
|-damage|p2a: Trinacria|94/100|[from] Sandstorm
|-damage|p1a: Charizard|93/100|[from] Sandstorm
|upkeep
|turn|2
|
|t:|1783598342
|detailschange|p1a: Charizard|Charizard-Mega-Y, L50, M
|-mega|p1a: Charizard|Charizard|Charizardite Y
|-weather|SunnyDay|[from] ability: Drought|[of] p1a: Charizard
|move|p2a: Trinacria|Snarl|p1a: Charizard|[spread] p1a,p1b
|-damage|p1a: Charizard|75/100
|-damage|p1b: Garchomp|74/100
|-unboost|p1a: Charizard|spa|1
|-unboost|p1b: Garchomp|spa|1
|move|p1b: Garchomp|Earthquake|p2b: Tormentilla|[spread] p2b
|-immune|p1a: Charizard
|-immune|p2a: Trinacria|[from] ability: Levitate
|-supereffective|p2b: Tormentilla|1
|-damage|p2b: Tormentilla|34/100
|-damage|p1b: Garchomp|65/100|[from] item: Life Orb
|move|p1a: Charizard|Heat Wave|p2a: Trinacria|[spread] p2a,p2b
|-resisted|p2a: Trinacria|1
|-resisted|p2b: Tormentilla|1
|-damage|p2a: Trinacria|74/100
|-damage|p2b: Tormentilla|19/100
|move|p2b: Tormentilla|Rock Slide|p1b: Garchomp|[spread] p1a,p1b
|-supereffective|p1a: Charizard|2
|-resisted|p1b: Garchomp|1
|-damage|p1a: Charizard|0 fnt
|-damage|p1b: Garchomp|48/100
|faint|p1a: Charizard
|
|-weather|SunnyDay|[upkeep]
|upkeep
|
|t:|1783598364
|switch|p1a: Sylveon|Sylveon, L50, F|100/100
|turn|3
|inactive|cooledoregon has 30 seconds left.
|inactive|cooledoregon has 20 seconds left.
|inactive|cooledoregon has 15 seconds left.
|
|t:|1783598408
|switch|p2a: Borer|Excadrill, L50, F, shiny|100/100
|switch|p1a: Kingambit|Kingambit, L50, F|100/100
|move|p1b: Garchomp|Dragon Claw|p2b: Tormentilla
|-damage|p2b: Tormentilla|0 fnt
|faint|p2b: Tormentilla
|-damage|p1b: Garchomp|38/100|[from] item: Life Orb
|
|-weather|SunnyDay|[upkeep]
|upkeep
|
|t:|1783598425
|switch|p2b: Trinacria|Hydreigon, L50, M, shiny|74/100
|turn|4
|inactive|cooledoregon has 30 seconds left.
|inactive|cooledoregon has 20 seconds left.
|
|t:|1783598468
|move|p1b: Garchomp|Protect|p1b: Garchomp
|-singleturn|p1b: Garchomp|Protect
|move|p1a: Kingambit|Sucker Punch|p2a: Borer
|-damage|p2a: Borer|46/100
|move|p2b: Trinacria|Heat Wave|p1a: Kingambit|[spread] p1a
|-activate|p1b: Garchomp|move: Protect
|-supereffective|p1a: Kingambit|1
|-damage|p1a: Kingambit|12/100
|move|p2a: Borer|Earthquake|p1a: Kingambit|[spread] p1a
|-activate|p1b: Garchomp|move: Protect
|-immune|p2b: Trinacria|[from] ability: Levitate
|-supereffective|p1a: Kingambit|1
|-damage|p1a: Kingambit|0 fnt
|faint|p1a: Kingambit
|
|-weather|SunnyDay|[upkeep]
|upkeep
|
|t:|1783598483
|switch|p1a: Sylveon|Sylveon, L50, F|100/100
|turn|5
|inactive|new mental has 30 seconds left.
|inactive|cooledoregon has 30 seconds left.
|inactive|new mental has 20 seconds left.
|inactive|new mental has 15 seconds left.
|inactive|new mental has 10 seconds left.
|
|t:|1783598530
|move|p1a: Sylveon|Quick Attack|p2a: Borer
|-resisted|p2a: Borer|1
|-damage|p2a: Borer|36/100
|move|p2b: Trinacria|Heat Wave|p1b: Garchomp|[spread] p1a,p1b
|-resisted|p1b: Garchomp|1
|-damage|p1a: Sylveon|66/100
|-damage|p1b: Garchomp|16/100
|move|p1b: Garchomp|Dragon Claw|p2a: Borer
|-resisted|p2a: Borer|1
|-damage|p2a: Borer|1/100
|-damage|p1b: Garchomp|7/100|[from] item: Life Orb
|move|p2a: Borer|Earthquake|p1a: Sylveon|[spread] p1a,p1b
|-immune|p2b: Trinacria|[from] ability: Levitate
|-damage|p1a: Sylveon|17/100
|-damage|p1b: Garchomp|0 fnt
|faint|p1b: Garchomp
|
|-weather|SunnyDay|[upkeep]
|upkeep
|turn|6
|c|☆new mental|1hp
|inactive|new mental has 30 seconds left.
|inactive|new mental has 20 seconds left.
|
|t:|1783598568
|move|p2b: Trinacria|Heat Wave|p1a: Sylveon
|-damage|p1a: Sylveon|0 fnt
|faint|p1a: Sylveon
|
|win|cooledoregon
|raw|new mental's rating: 1300 → 1267(-33 for losing)
|raw|cooledoregon's rating: 1188 → 1221(+33 for winning)
|c|☆cooledoregon|And another mon behijd
|c|☆cooledoregon|Lol
|c|☆new mental|yes
|c|☆new mental|houndsoutne
|c|☆new mental|gonna do
|c|☆new mental|a lot
|c|☆cooledoregon|Who can tell
|c|☆new mental|xddddd
|c|☆new mental|yeah yeah
|c|☆new mental|60 velocity
|l|☆cooledoregon
|player|p2|
