|j|☆hungry hillo
|j|☆grapejuiceplaysyt
|html|hungry hillograpejuiceplaysyt    
|uhtml|bestof|Game 2 of a best-of-3
|t:|1757183711
|gametype|doubles
|player|p1|hungry hillo|n|
|player|p2|grapejuiceplaysyt|169|
|gen|9
|tier|[Gen 9] VGC 2025 Reg H (Bo3)
|rule|Species Clause: Limit one of each Pokémon
|rule|Item Clause: Limit 1 of each item
|clearpoke
|poke|p1|Kingambit, L50, M|
|poke|p1|Electabuzz, L50, M|
|poke|p1|Ursaluna-Bloodmoon, L50, M|
|poke|p1|Incineroar, L50, M|
|poke|p1|Whimsicott, L50, F|
|poke|p1|Annihilape, L50, F|
|poke|p2|Charizard, L50, F|
|poke|p2|Torkoal, L50, F|
|poke|p2|Porygon2, L50|
|poke|p2|Incineroar, L50, F|
|poke|p2|Jumpluff, L50, M|
|poke|p2|Ursaluna, L50, M|
|teampreview|4
|showteam|p1|Kingambit||BlackGlasses|Defiant|SuckerPunch,KowtowCleave,SwordsDance,Protect|||M|||50|,,,,,Dark]Electabuzz||Eviolite|VitalSpirit|Thunderbolt,FollowMe,Taunt,HelpingHand|||M|||50|,,,,,Ghost]Ursaluna-Bloodmoon||LifeOrb|MindsEye|EarthPower,BloodMoon,HyperVoice,Protect|||M|||50|,,,,,Normal]Incineroar||AssaultVest|Intimidate|KnockOff,FlareBlitz,Uturn,FakeOut|||M|||50|,,,,,Bug]Whimsicott||CovertCloak|Prankster|Tailwind,BeatUp,Moonblast,Encore|||F|||50|,,,,,Dragon]Annihilape||SafetyGoggles|Defiant|RageFist,DrainPunch,BulkUp,Protect|||F|||50|,,,,,Fire
|showteam|p2|Charizard||ChoiceSpecs|SolarPower|HeatWave,Overheat,WeatherBall,DragonPulse|||F|||50|,,,,,Ghost]Torkoal||EjectPack|Drought|Eruption,Overheat,HelpingHand,Protect|||F|||50|,,,,,Fire]Porygon2||Eviolite|Download|TeraBlast,IceBeam,Recover,TrickRoom||||||50|,,,,,Fighting]Incineroar||AssaultVest|Intimidate|FakeOut,FlareBlitz,KnockOff,Uturn|||F|||50|,,,,,Bug]Jumpluff||CovertCloak|Chlorophyll|SleepPowder,SunnyDay,RagePowder,Tailwind|||M|||50|,,,,,Water]Ursaluna||FlameOrb|Guts|HeadlongRush,Facade,Earthquake,Protect|||M|||50|,,,,,Ghost
|j| We_Are_Toasted
|l| We_Are_Toasted
|
|t:|1757183738
|teamsize|p1|4
|teamsize|p2|4
|start
|switch|p1a: Whimsicott|Whimsicott, L50, F|100/100
|switch|p1b: Annihilape|Annihilape, L50, F|100/100
|switch|p2a: Jumpluff|Jumpluff, L50, M|100/100
|switch|p2b: Ursaluna|Ursaluna, L50, M|100/100
|turn|1
|
|t:|1757183786
|-terastallize|p2b: Ursaluna|Ghost
|move|p1a: Whimsicott|Tailwind|p1a: Whimsicott
|-sidestart|p1: hungry hillo|move: Tailwind
|move|p1b: Annihilape|Bulk Up|p1b: Annihilape
|-boost|p1b: Annihilape|atk|1
|-boost|p1b: Annihilape|def|1
|move|p2a: Jumpluff|Tailwind|p2a: Jumpluff
|-sidestart|p2: grapejuiceplaysyt|move: Tailwind
|move|p2b: Ursaluna|Headlong Rush|p1b: Annihilape
|-damage|p1b: Annihilape|49/100
|-unboost|p2b: Ursaluna|def|1
|-unboost|p2b: Ursaluna|spd|1
|
|-status|p2b: Ursaluna|brn|[from] item: Flame Orb
|upkeep
|turn|2
|
|t:|1757183812
|move|p2a: Jumpluff|Rage Powder|p2a: Jumpluff
|-singleturn|p2a: Jumpluff|move: Rage Powder
|move|p1a: Whimsicott|Encore|p2a: Jumpluff
|-start|p2a: Jumpluff|Encore
|move|p1b: Annihilape|Rage Fist|p2b: Ursaluna
|-supereffective|p2b: Ursaluna
|-crit|p2b: Ursaluna
|-damage|p2b: Ursaluna|0 fnt
|faint|p2b: Ursaluna
|
|upkeep
|
|t:|1757183820
|switch|p2b: Porygon2|Porygon2, L50|100/100
|-ability|p2b: Porygon2|Download|boost
|-boost|p2b: Porygon2|spa|1
|turn|3
|
|t:|1757183838
|move|p2a: Jumpluff|Rage Powder|p2a: Jumpluff
|-singleturn|p2a: Jumpluff|move: Rage Powder
|move|p1a: Whimsicott|Moonblast|p2a: Jumpluff
|-damage|p2a: Jumpluff|72/100
|move|p1b: Annihilape|Drain Punch|p2b: Porygon2
|-supereffective|p2b: Porygon2
|-damage|p2b: Porygon2|43/100
|-heal|p1b: Annihilape|75/100|[from] drain|[of] p2b: Porygon2
|move|p2b: Porygon2|Ice Beam|p1a: Whimsicott
|-supereffective|p1a: Whimsicott
|-damage|p1a: Whimsicott|0 fnt
|faint|p1a: Whimsicott
|
|upkeep
|
|t:|1757183848
|switch|p1a: Incineroar|Incineroar, L50, M|100/100
|-ability|p1a: Incineroar|Intimidate|boost
|-unboost|p2a: Jumpluff|atk|1
|-unboost|p2b: Porygon2|atk|1
|turn|4
|
|t:|1757183868
|move|p2a: Jumpluff|Rage Powder|p2a: Jumpluff
|-singleturn|p2a: Jumpluff|move: Rage Powder
|move|p1b: Annihilape|Drain Punch|p2b: Porygon2
|-supereffective|p2b: Porygon2
|-damage|p2b: Porygon2|0 fnt
|-heal|p1b: Annihilape|95/100|[from] drain|[of] p2b: Porygon2
|faint|p2b: Porygon2
|move|p1a: Incineroar|Flare Blitz|p2a: Jumpluff
|-supereffective|p2a: Jumpluff
|-damage|p2a: Jumpluff|0 fnt
|faint|p2a: Jumpluff
|-damage|p1a: Incineroar|79/100|[from] Recoil
|
|-sideend|p2: grapejuiceplaysyt|move: Tailwind
|-sideend|p1: hungry hillo|move: Tailwind
|upkeep
|
|t:|1757183881
|switch|p2b: Incineroar|Incineroar, L50, F|100/100
|-ability|p2b: Incineroar|Intimidate|boost
|-unboost|p1a: Incineroar|atk|1
|-unboost|p1b: Annihilape|atk|1
|-ability|p1b: Annihilape|Defiant|boost
|-boost|p1b: Annihilape|atk|2
|turn|5
|
|t:|1757183892
|-terastallize|p1a: Incineroar|Bug
|move|p1b: Annihilape|Protect|p1b: Annihilape
|-singleturn|p1b: Annihilape|Protect
|move|p2b: Incineroar|U-turn|p1b: Annihilape
|-activate|p1b: Annihilape|move: Protect
|move|p1a: Incineroar|U-turn|p2b: Incineroar
|-damage|p2b: Incineroar|78/100
|
|t:|1757183901
|switch|p1a: lion|Ursaluna-Bloodmoon, L50, M|100/100|[from] U-turn
|
|upkeep
|turn|6
|
|t:|1757183907
|move|p1b: Annihilape|Drain Punch|p2b: Incineroar
|-supereffective|p2b: Incineroar
|-damage|p2b: Incineroar|0 fnt
|-heal|p1b: Annihilape|100/100|[from] drain|[of] p2b: Incineroar
|faint|p2b: Incineroar
|
|win|hungry hillo
