|j|☆mertering
|j|☆jibbers
|html|merteringjibbers    
|uhtml|bestof|Game 2 of a best-of-3
|t:|1786002043
|gametype|doubles
|player|p1|mertering|steven|1222
|player|p2|jibbers|266|1141
|gen|9
|tier|[Gen 9 Champions] VGC 2026 Reg M-B (Bo3)
|rated|
|rule|Species Clause: Limit one of each Pokémon
|rule|Item Clause: Limit 1 of each item
|clearpoke
|poke|p1|Froslass, L50, F|
|poke|p1|Sneasler, L50, F|
|poke|p1|Kingambit, L50, F|
|poke|p1|Basculegion, L50, M|
|poke|p1|Lycanroc-Dusk, L50, F|
|poke|p1|Scovillain, L50, M|
|poke|p2|Delphox, L50, F|
|poke|p2|Whimsicott, L50, M|
|poke|p2|Glimmora, L50, M|
|poke|p2|Garchomp, L50, M|
|poke|p2|Sinistcha, L50|
|poke|p2|Blastoise, L50, M|
|teampreview|4
|showteam|p1|Froslass||Froslassite|CursedBody|Protect,Blizzard,AuroraVeil,ShadowBall|Modest||F|||50|]Sneasler||WhiteHerb|Unburden|Protect,CloseCombat,FakeOut,GunkShot|Adamant||F|||50|]Kingambit||BlackGlasses|Defiant|Protect,KowtowCleave,SwordsDance,SuckerPunch|Adamant||F|||50|]Basculegion||SitrusBerry|Adaptability|Protect,WaveCrash,LastRespects,AquaJet|Adamant||M|||50|]Lycanroc-Dusk||FocusSash|ToughClaws|Protect,Accelerock,RockSlide,CloseCombat|Adamant||F|||50|]Scovillain||Scovillainite|Moody|Protect,GigaDrain,Overheat,RagePowder|Bold||M|||50|
|showteam|p2|Delphox||Delphoxite|Blaze|HeatWave,Psychic,Substitute,Protect|Modest||F|||50|]Whimsicott||OccaBerry|Prankster|Tailwind,FakeTears,LightScreen,Moonblast|Timid||M|||50|]Glimmora||FocusSash|ToxicDebris|SludgeBomb,EarthPower,PowerGem,SpikyShield|Timid||M|||50|]Garchomp||LifeOrb|RoughSkin|DragonClaw,Earthquake,RockSlide,Protect|Jolly||M|||50|]Sinistcha||KasibBerry|Hospitality|RagePowder,TrickRoom,LifeDew,MatchaGotcha|Bold|||||50|]Blastoise||Blastoisinite|RainDish|AuraSphere,DarkPulse,WaterSpout,Protect|Timid||M|||50|
|inactive|Battle timer is ON: inactive players will automatically lose when time's up. (requested by mertering)
|inactive|mertering has 60 seconds left.
|
|t:|1786002096
|teamsize|p1|4
|teamsize|p2|4
|start
|switch|p1a: Sneasler|Sneasler, L50, F|100/100
|switch|p1b: Kingambit|Kingambit, L50, F|100/100
|switch|p2a: Whimsicott|Whimsicott, L50, M|100/100
|switch|p2b: Glimmora|Glimmora, L50, M|100/100
|turn|1
|
|t:|1786002119
|move|p2a: Whimsicott|Tailwind|p2a: Whimsicott
|-sidestart|p2: jibbers|move: Tailwind
|move|p2b: Glimmora|Earth Power|p1b: Kingambit
|-supereffective|p1b: Kingambit|1
|-damage|p1b: Kingambit|42/100
|-unboost|p1b: Kingambit|spd|1
|-ability|p1b: Kingambit|Defiant|boost
|-boost|p1b: Kingambit|atk|2
|move|p1a: Sneasler|Close Combat|p2b: Glimmora
|-damage|p2b: Glimmora|31/100
|-unboost|p1a: Sneasler|def|1
|-unboost|p1a: Sneasler|spd|1
|-activate|p2b: Glimmora|ability: Toxic Debris
|-sidestart|p1: mertering|move: Toxic Spikes
|-enditem|p1a: Sneasler|White Herb
|-clearnegativeboost|p1a: Sneasler|[silent]
|move|p1b: Kingambit|Swords Dance|p1b: Kingambit
|-boost|p1b: Kingambit|atk|2
|
|upkeep
|turn|2
|
|t:|1786002140
|switch|p2a: Sinistcha|Sinistcha, L50|100/100
|-heal|p2b: Glimmora|56/100|[from] ability: Hospitality|[of] p2a: Sinistcha
|move|p2b: Glimmora|Spiky Shield|p2b: Glimmora
|-singleturn|p2b: Glimmora|move: Protect
|move|p1b: Kingambit|Sucker Punch||[still]
|-fail|p1b: Kingambit
|move|p1a: Sneasler|Gunk Shot|p2a: Sinistcha
|-crit|p2a: Sinistcha
|-damage|p2a: Sinistcha|41/100
|-status|p2a: Sinistcha|psn
|
|-damage|p2a: Sinistcha|28/100 psn|[from] psn
|upkeep
|turn|3
|
|t:|1786002155
|move|p1b: Kingambit|Protect|p1b: Kingambit
|-singleturn|p1b: Kingambit|Protect
|move|p2a: Sinistcha|Rage Powder|p2a: Sinistcha
|-singleturn|p2a: Sinistcha|move: Rage Powder
|move|p1a: Sneasler|Gunk Shot|p2a: Sinistcha
|-damage|p2a: Sinistcha|0 fnt
|faint|p2a: Sinistcha
|move|p2b: Glimmora|Earth Power|p1a: Sneasler
|-supereffective|p1a: Sneasler|1
|-damage|p1a: Sneasler|16/100
|
|upkeep
|
|t:|1786002161
|switch|p2a: Delphox|Delphox, L50, F|100/100
|turn|4
|
|t:|1786002176
|detailschange|p2a: Delphox|Delphox-Mega, L50, F
|-mega|p2a: Delphox|Delphox|Delphoxite
|move|p1b: Kingambit|Sucker Punch||[still]
|-fail|p1b: Kingambit
|move|p2a: Delphox|Substitute|p2a: Delphox
|-start|p2a: Delphox|Substitute
|-damage|p2a: Delphox|75/100
|move|p1a: Sneasler|Close Combat|p2b: Glimmora
|-damage|p2b: Glimmora|0 fnt
|-unboost|p1a: Sneasler|def|1
|-unboost|p1a: Sneasler|spd|1
|-activate|p2b: Glimmora|ability: Toxic Debris
|-sidestart|p1: mertering|move: Toxic Spikes
|faint|p2b: Glimmora
|
|-sideend|p2: jibbers|move: Tailwind
|upkeep
|
|t:|1786002184
|switch|p2b: Whimsicott|Whimsicott, L50, M|100/100
|turn|5
|inactive|mertering has 30 seconds left.
|
|t:|1786002213
|move|p2b: Whimsicott|Tailwind|p2b: Whimsicott
|-sidestart|p2: jibbers|move: Tailwind
|move|p1b: Kingambit|Sucker Punch|p2a: Delphox
|-supereffective|p2a: Delphox|1
|-end|p2a: Delphox|Substitute
|move|p2a: Delphox|Heat Wave|p1a: Sneasler|[spread] p1b
|-miss|p2a: Delphox|p1a: Sneasler
|-supereffective|p1b: Kingambit|1
|-damage|p1b: Kingambit|0 fnt
|faint|p1b: Kingambit
|move|p1a: Sneasler|Gunk Shot|p2b: Whimsicott|[miss]
|-miss|p1a: Sneasler|p2b: Whimsicott
|
|upkeep
|
|t:|1786002230
|switch|p1b: Lycanroc|Lycanroc-Dusk, L50, F|100/100
|-status|p1b: Lycanroc|tox
|turn|6
|inactive|mertering has 30 seconds left.
|inactive|jibbers has 30 seconds left.
|
|t:|1786002255
|move|p2a: Delphox|Protect|p2a: Delphox
|-singleturn|p2a: Delphox|Protect
|move|p2b: Whimsicott|Fake Tears|p1b: Lycanroc
|-unboost|p1b: Lycanroc|spd|2
|move|p1b: Lycanroc|Accelerock|p2a: Delphox
|-activate|p2a: Delphox|move: Protect
|move|p1a: Sneasler|Gunk Shot|p2b: Whimsicott
|-supereffective|p2b: Whimsicott|2
|-damage|p2b: Whimsicott|0 fnt
|faint|p2b: Whimsicott
|
|-damage|p1b: Lycanroc|94/100 tox|[from] psn
|upkeep
|turn|7
|
|t:|1786002275
|move|p1b: Lycanroc|Accelerock|p2a: Delphox
|-supereffective|p2a: Delphox|1
|-damage|p2a: Delphox|0 fnt
|faint|p2a: Delphox
|
|win|mertering
|raw|mertering's rating: 1222 → 1241(+19 for winning)
|raw|jibbers's rating: 1141 → 1122(-19 for losing)
|c|☆mertering|gg
|l|☆jibbers
|player|p2|
