|j|☆MinasDevilCrobats
|j|☆Jboys1970
|html|MinasDevilCrobatsJboys1970    
|uhtml|bestof|Game 2 of a best-of-3
|t:|1756415495
|gametype|doubles
|player|p1|MinasDevilCrobats|darach-caitlin|1050
|player|p2|Jboys1970|1|1021
|gen|9
|tier|[Gen 9] VGC 2025 Reg H (Bo3)
|rated|
|rule|Species Clause: Limit one of each Pokémon
|rule|Item Clause: Limit 1 of each item
|clearpoke
|poke|p1|Indeedee, L50, M|
|poke|p1|Sneasler, L50, F|
|poke|p1|Ursaluna-Bloodmoon, L50, M|
|poke|p1|Pelipper, L50, M|
|poke|p1|Archaludon, L50, F|
|poke|p1|Basculegion, L50, M|
|poke|p2|Garchomp, L50, M|
|poke|p2|Milotic, L50, F|
|poke|p2|Sneasler, L50, M|
|poke|p2|Excadrill, L50, M|
|poke|p2|Tyranitar, L50, M|
|poke|p2|Corviknight, L50, F|
|teampreview|4
|showteam|p1|Indeedee||ChoiceScarf|PsychicSurge|ExpandingForce,DazzlingGleam,Trick,Protect|||M|||50|,,,,,Psychic]Sneasler||PsychicSeed|Unburden|CloseCombat,DireClaw,ThroatChop,Protect|||F|||50|,,,,,Dark]Ursaluna-Bloodmoon||LifeOrb|MindsEye|BloodMoon,HyperVoice,EarthPower,Protect|||M|||50|,,,,,Normal]Pelipper||FocusSash|Drizzle|Hurricane,WeatherBall,Tailwind,Protect|||M|||50|,,,,,Ghost]Archaludon||AssaultVest|Stamina|ElectroShot,BodyPress,Snarl,DragonPulse|||F|||50|,,,,,Grass]Basculegion||ChoiceBand|SwiftSwim|WaveCrash,LastRespects,FlipTurn,AquaJet|||M|||50|,,,,,Ghost
|showteam|p2|Garchomp||BrightPowder|SandVeil|Protect,RockSlide,StompingTantrum,DragonRush|||M|||50|,,,,,Steel]Milotic||Leftovers|Competitive|Protect,Scald,Recover,HelpingHand|||F|||50|,,,,,Water]Sneasler||AirBalloon|PoisonTouch|CloseCombat,DireClaw,Coaching,FakeOut|||M|||50|,,,,,Ghost]Excadrill||FocusSash|SandRush|Protect,Earthquake,IronHead,SwordsDance|||M|||50|,,,,,Ground]Tyranitar||AssaultVest|SandStream|HighHorsepower,RockSlide,LowKick,TeraBlast|||M|||50|,,,,,Flying]Corviknight||SitrusBerry|MirrorArmor|Tailwind,BulkUp,PowerTrip,Roost|||F|||50|,,,,,Fire
|inactive|Battle timer is ON: inactive players will automatically lose when time's up. (requested by MinasDevilCrobats)
|
|t:|1756415526
|teamsize|p1|4
|teamsize|p2|4
|start
|switch|p1a: Indeedee|Indeedee, L50, M|100/100
|switch|p1b: Sneasler|Sneasler, L50, F|100/100
|switch|p2a: Tyranitar|Tyranitar, L50, M|100/100
|switch|p2b: Garchomp|Garchomp, L50, M|100/100
|-fieldstart|move: Psychic Terrain|[from] ability: Psychic Surge|[of] p1a: Indeedee
|-enditem|p1b: Sneasler|Psychic Seed
|-boost|p1b: Sneasler|spd|1|[from] item: Psychic Seed
|-weather|Sandstorm|[from] ability: Sand Stream|[of] p2a: Tyranitar
|turn|1
|
|t:|1756415550
|move|p1b: Sneasler|Close Combat|p2a: Tyranitar
|-supereffective|p2a: Tyranitar
|-damage|p2a: Tyranitar|0 fnt
|-unboost|p1b: Sneasler|def|1
|-unboost|p1b: Sneasler|spd|1
|faint|p2a: Tyranitar
|move|p1a: Indeedee|Expanding Force|p2b: Garchomp
|-damage|p2b: Garchomp|21/100
|move|p2b: Garchomp|Rock Slide|p1b: Sneasler|[spread] p1a,p1b
|-resisted|p1b: Sneasler
|-damage|p1a: Indeedee|61/100
|-damage|p1b: Sneasler|77/100
|
|-weather|Sandstorm|[upkeep]
|-damage|p1b: Sneasler|71/100|[from] Sandstorm
|-damage|p1a: Indeedee|55/100|[from] Sandstorm
|upkeep
|
|t:|1756415558
|switch|p2a: Excadrill|Excadrill, L50, M|100/100
|turn|2
|inactive|MinasDevilCrobats has 30 seconds left.
|
|t:|1756415589
|switch|p1a: Pelipper|Pelipper, L50, M|100/100
|-weather|RainDance|[from] ability: Drizzle|[of] p1a: Pelipper
|move|p2b: Garchomp|Protect|p2b: Garchomp
|-singleturn|p2b: Garchomp|Protect
|move|p1b: Sneasler|Close Combat|p2b: Garchomp
|-activate|p2b: Garchomp|move: Protect
|move|p2a: Excadrill|Earthquake|p1a: Pelipper|[spread] p1b
|-activate|p2b: Garchomp|move: Protect
|-immune|p1a: Pelipper
|-supereffective|p1b: Sneasler
|-damage|p1b: Sneasler|0 fnt
|faint|p1b: Sneasler
|
|-weather|RainDance|[upkeep]
|upkeep
|
|t:|1756415599
|switch|p1b: Ursaluna|Ursaluna-Bloodmoon, L50, M|100/100
|turn|3
|inactive|Jboys1970 has 30 seconds left.
|
|t:|1756415624
|move|p2a: Excadrill|Protect|p2a: Excadrill
|-singleturn|p2a: Excadrill|Protect
|move|p1a: Pelipper|Protect|p1a: Pelipper
|-singleturn|p1a: Pelipper|Protect
|move|p2b: Garchomp|Dragon Rush|p1a: Pelipper
|-activate|p1a: Pelipper|move: Protect
|move|p1b: Ursaluna|Hyper Voice|p2a: Excadrill|[spread] p2b
|-activate|p2a: Excadrill|move: Protect
|-damage|p2b: Garchomp|0 fnt
|faint|p2b: Garchomp
|-damage|p1b: Ursaluna|91/100|[from] item: Life Orb
|
|-weather|RainDance|[upkeep]
|upkeep
|
|t:|1756415629
|switch|p2b: Milotic|Milotic, L50, F|100/100
|turn|4
|
|t:|1756415648
|-terastallize|p2a: Excadrill|Ground
|-terastallize|p1b: Ursaluna|Normal
|move|p2b: Milotic|Helping Hand|p2a: Excadrill
|-singleturn|p2a: Excadrill|Helping Hand|[of] p2b: Milotic
|move|p2a: Excadrill|Earthquake|p1b: Ursaluna|[spread] p2b,p1b
|-immune|p1a: Pelipper
|-damage|p2b: Milotic|12/100
|-damage|p1b: Ursaluna|23/100
|move|p1a: Pelipper|Tailwind|p1a: Pelipper
|-sidestart|p1: MinasDevilCrobats|move: Tailwind
|move|p1b: Ursaluna|Hyper Voice|p2a: Excadrill|[spread] p2a,p2b
|-damage|p2a: Excadrill|6/100
|-damage|p2b: Milotic|0 fnt
|faint|p2b: Milotic
|-damage|p1b: Ursaluna|13/100|[from] item: Life Orb
|
|-weather|RainDance|[upkeep]
|upkeep
|turn|5
|
|t:|1756415664
|move|p1a: Pelipper|Weather Ball|p2a: Excadrill
|-supereffective|p2a: Excadrill
|-damage|p2a: Excadrill|0 fnt
|faint|p2a: Excadrill
|
|win|MinasDevilCrobats
|raw|MinasDevilCrobats's rating: 1050 → 1080(+30 for winning)
|raw|Jboys1970's rating: 1021 → 1009(-12 for losing)
|l|☆Jboys1970
|player|p2|
