|j|☆robby w
|j|☆hondo civic
|html|robby whondo civic    
|uhtml|bestof|Game 1 of a best-of-3
|t:|1756610084
|gametype|doubles
|player|p1|robby w|pokekid|1402
|player|p2|hondo civic|2|1354
|gen|9
|tier|[Gen 9] VGC 2025 Reg H (Bo3)
|rated|
|rule|Species Clause: Limit one of each Pokémon
|rule|Item Clause: Limit 1 of each item
|clearpoke
|poke|p1|Dondozo, L50, M|
|poke|p1|Tatsugiri, L50, M|
|poke|p1|Sneasler, L50, F|
|poke|p1|Indeedee, L50, M|
|poke|p1|Whimsicott, L50, M|
|poke|p1|Typhlosion-Hisui, L50, M|
|poke|p2|Ninetales-Alola, L50, M|
|poke|p2|Rillaboom, L50, F|
|poke|p2|Magmar, L50, F|
|poke|p2|Sneasler, L50, M|
|poke|p2|Kingambit, L50, F|
|poke|p2|Basculegion, L50, M|
|teampreview|4
|showteam|p1|Dondozo||Leftovers|Unaware|Protect,WaveCrash,Earthquake,OrderUp|||M|||50|,,,,,Grass]Tatsugiri||ChoiceScarf|Commander|DragonPulse,IcyWind,DracoMeteor,MuddyWater|||M|||50|,,,,,Stellar]Sneasler||PsychicSeed|Unburden|DireClaw,CloseCombat,Protect,ThroatChop|||F|||50|,,,,,Dark]Indeedee||FocusSash|PsychicSurge|DazzlingGleam,HelpingHand,ExpandingForce,Protect|||M|||50|,,,,,Fairy]Whimsicott||CovertCloak|Prankster|Tailwind,Moonblast,Encore,SunnyDay|||M|||50|,,,,,Dark]Typhlosion-Hisui||ChoiceSpecs|Blaze|Eruption,ShadowBall,HeatWave,Overheat|||M|||50|,,,,,Fire
|showteam|p2|Ninetales-Alola||LifeOrb|SnowWarning|Blizzard,FreezeDry,Encore,Protect|||M|||50|,,,,,Ghost]Rillaboom||AssaultVest|GrassySurge|WoodHammer,FakeOut,Uturn,GrassyGlide|||F|||50|,,,,,Ghost]Magmar||Eviolite|VitalSpirit|Protect,HeatWave,Taunt,FollowMe|||F|||50|,,,,,Ghost]Sneasler||FocusSash|PoisonTouch|FakeOut,DireClaw,CloseCombat,Protect|||M|||50|,,,,,Ghost]Kingambit||BlackGlasses|Defiant|KowtowCleave,SwordsDance,SuckerPunch,Protect|||F|||50|,,,,,Fire]Basculegion||ChoiceScarf|Adaptability|WaveCrash,FlipTurn,TeraBlast,LastRespects|||M|||50|,,,,,Fairy
|inactive|Battle timer is ON: inactive players will automatically lose when time's up. (requested by hondo civic)
|inactive|hondo civic has 60 seconds left.
|
|t:|1756610136
|teamsize|p1|4
|teamsize|p2|4
|start
|switch|p1a: Dondozo|Dondozo, L50, M, shiny|100/100
|switch|p1b: Sneasler|Sneasler, L50, F|100/100
|switch|p2a: Kingambit|Kingambit, L50, F, shiny|100/100
|switch|p2b: Sneasler|Sneasler, L50, M|100/100
|turn|1
|inactive|robby w has 30 seconds left.
|inactive|robby w has 20 seconds left.
|
|t:|1756610173
|switch|p1a: Indeedee|Indeedee, L50, M|100/100
|-fieldstart|move: Psychic Terrain|[from] ability: Psychic Surge|[of] p1a: Indeedee
|-enditem|p1b: Sneasler|Psychic Seed
|-boost|p1b: Sneasler|spd|1|[from] item: Psychic Seed
|move|p2b: Sneasler|Fake Out|p1b: Sneasler
|-activate|p1b: Sneasler|move: Psychic Terrain
|move|p1b: Sneasler|Close Combat|p2a: Kingambit
|-supereffective|p2a: Kingambit
|-damage|p2a: Kingambit|0 fnt
|-unboost|p1b: Sneasler|def|1
|-unboost|p1b: Sneasler|spd|1
|faint|p2a: Kingambit
|
|upkeep
|
|t:|1756610176
|switch|p2a: Rillaboom|Rillaboom, L50, F|100/100
|-fieldstart|move: Grassy Terrain|[from] ability: Grassy Surge|[of] p2a: Rillaboom
|turn|2
|
|t:|1756610195
|move|p1b: Sneasler|Protect|p1b: Sneasler
|-singleturn|p1b: Sneasler|Protect
|move|p1a: Indeedee|Protect|p1a: Indeedee
|-singleturn|p1a: Indeedee|Protect
|move|p2b: Sneasler|Dire Claw|p1a: Indeedee
|-activate|p1a: Indeedee|move: Protect
|move|p2a: Rillaboom|U-turn|p1a: Indeedee
|-activate|p1a: Indeedee|move: Protect
|
|upkeep
|turn|3
|
|t:|1756610215
|-terastallize|p2a: Rillaboom|Ghost
|move|p1a: Indeedee|Helping Hand|p1b: Sneasler
|-singleturn|p1b: Sneasler|Helping Hand|[of] p1a: Indeedee
|move|p2a: Rillaboom|Grassy Glide|p1a: Indeedee
|-damage|p1a: Indeedee|25/100
|move|p1b: Sneasler|Dire Claw|p2a: Rillaboom
|-resisted|p2a: Rillaboom
|-damage|p2a: Rillaboom|67/100
|-status|p2a: Rillaboom|slp
|move|p2b: Sneasler|Dire Claw|p1a: Indeedee
|-damage|p1a: Indeedee|0 fnt
|faint|p1a: Indeedee
|
|-heal|p2a: Rillaboom|73/100 slp|[from] Grassy Terrain
|upkeep
|
|t:|1756610232
|switch|p1a: Dondozo|Dondozo, L50, M, shiny|100/100
|turn|4
|inactive|robby w has 30 seconds left.
|
|t:|1756610264
|switch|p1b: Tatsugiri|Tatsugiri, L50, M|100/100
|-activate|p1b: Tatsugiri|ability: Commander|[of] p1a: Dondozo
|-boost|p1a: Dondozo|atk|2
|-boost|p1a: Dondozo|spa|2
|-boost|p1a: Dondozo|spe|2
|-boost|p1a: Dondozo|def|2
|-boost|p1a: Dondozo|spd|2
|move|p2b: Sneasler|Dire Claw|p1a: Dondozo
|-damage|p1a: Dondozo|85/100
|-status|p1a: Dondozo|slp
|cant|p1a: Dondozo|slp
|cant|p2a: Rillaboom|slp
|
|-heal|p1a: Dondozo|91/100 slp|[from] Grassy Terrain
|-heal|p1a: Dondozo|97/100 slp|[from] item: Leftovers
|-heal|p2a: Rillaboom|79/100 slp|[from] Grassy Terrain
|upkeep
|turn|5
|
|t:|1756610285
|-curestatus|p1a: Dondozo|slp|[msg]
|move|p1a: Dondozo|Protect|p1a: Dondozo
|-singleturn|p1a: Dondozo|Protect
|move|p2b: Sneasler|Dire Claw|p1a: Dondozo
|-activate|p1a: Dondozo|move: Protect
|cant|p2a: Rillaboom|slp
|
|-heal|p1a: Dondozo|100/100|[from] Grassy Terrain
|-heal|p2a: Rillaboom|85/100 slp|[from] Grassy Terrain
|upkeep
|turn|6
|
|t:|1756610303
|-terastallize|p1a: Dondozo|Grass
|move|p2b: Sneasler|Dire Claw|p1a: Dondozo
|-supereffective|p1a: Dondozo
|-damage|p1a: Dondozo|70/100
|-status|p1a: Dondozo|slp
|cant|p1a: Dondozo|slp
|-curestatus|p2a: Rillaboom|slp|[msg]
|move|p2a: Rillaboom|U-turn|p1a: Dondozo
|-supereffective|p1a: Dondozo
|-damage|p1a: Dondozo|52/100 slp
|
|t:|1756610311
|switch|p2a: Ninetales|Ninetales-Alola, L50, M|100/100|[from] U-turn
|-weather|Snowscape|[from] ability: Snow Warning|[of] p2a: Ninetales
|
|-weather|Snowscape|[upkeep]
|-heal|p1a: Dondozo|58/100 slp|[from] Grassy Terrain
|-heal|p1a: Dondozo|64/100 slp|[from] item: Leftovers
|-fieldend|move: Grassy Terrain
|upkeep
|turn|7
|
|t:|1756610335
|move|p2b: Sneasler|Protect|p2b: Sneasler
|-singleturn|p2b: Sneasler|Protect
|move|p2a: Ninetales|Freeze-Dry|p1a: Dondozo
|-supereffective|p1a: Dondozo
|-damage|p1a: Dondozo|23/100 slp
|-damage|p2a: Ninetales|91/100|[from] item: Life Orb
|cant|p1a: Dondozo|slp
|
|-weather|Snowscape|[upkeep]
|-heal|p1a: Dondozo|29/100 slp|[from] item: Leftovers
|upkeep
|turn|8
|
|t:|1756610346
|cant|p1a: Dondozo|slp
|move|p2b: Sneasler|Dire Claw|p1a: Dondozo
|-supereffective|p1a: Dondozo
|-damage|p1a: Dondozo|1/100 slp
|move|p2a: Ninetales|Freeze-Dry|p1b: Tatsugiri|[miss]
|-miss|p2a: Ninetales|p1b: Tatsugiri
|
|-weather|Snowscape|[upkeep]
|-heal|p1a: Dondozo|8/100 slp|[from] item: Leftovers
|upkeep
|turn|9
|
|t:|1756610359
|-curestatus|p1a: Dondozo|slp|[msg]
|move|p1a: Dondozo|Protect|p1a: Dondozo
|-singleturn|p1a: Dondozo|Protect
|move|p2b: Sneasler|Dire Claw|p1a: Dondozo
|-activate|p1a: Dondozo|move: Protect
|move|p2a: Ninetales|Freeze-Dry|p1b: Tatsugiri|[miss]
|-miss|p2a: Ninetales|p1b: Tatsugiri
|
|-weather|Snowscape|[upkeep]
|-heal|p1a: Dondozo|14/100|[from] item: Leftovers
|upkeep
|turn|10
|
|t:|1756610371
|move|p2b: Sneasler|Dire Claw|p1a: Dondozo
|-supereffective|p1a: Dondozo
|-damage|p1a: Dondozo|0 fnt
|faint|p1a: Dondozo
|move|p2a: Ninetales|Freeze-Dry|p1b: Tatsugiri
|-supereffective|p1b: Tatsugiri
|-damage|p1b: Tatsugiri|0 fnt
|faint|p1b: Tatsugiri
|-damage|p2a: Ninetales|82/100|[from] item: Life Orb
|
|-weather|none
|upkeep
|
|t:|1756610383
|switch|p1a: Sneasler|Sneasler, L50, F|100/100
|turn|11
|
|t:|1756610393
|switch|p2b: Rillaboom|Rillaboom, L50, F, tera:Ghost|85/100
|-fieldstart|move: Grassy Terrain|[from] ability: Grassy Surge|[of] p2b: Rillaboom
|move|p2a: Ninetales|Protect|p2a: Ninetales
|-singleturn|p2a: Ninetales|Protect
|move|p1a: Sneasler|Dire Claw|p2a: Ninetales
|-activate|p2a: Ninetales|move: Protect
|
|-heal|p2a: Ninetales|88/100|[from] Grassy Terrain
|-heal|p2b: Rillaboom|91/100|[from] Grassy Terrain
|upkeep
|turn|12
|-message|robby w forfeited.
|
|win|hondo civic
||hondo civic is ready for game 2.
||robby w is ready for game 2.
|uhtml|next|Next: Game 2 of 3
|l|☆hondo civic
|player|p2|
