|j|☆I am the Sweeper
|j|☆Hackervgc
|html|I am the SweeperHackervgc    
|uhtml|bestof|Game 2 of a best-of-3
|t:|1756231499
|gametype|doubles
|player|p1|I am the Sweeper|janitor|
|player|p2|Hackervgc|gentleman-gen4|
|gen|9
|tier|[Gen 9] VGC 2025 Reg H (Bo3)
|rule|Species Clause: Limit one of each Pokémon
|rule|Item Clause: Limit 1 of each item
|clearpoke
|poke|p1|Garganacl, L50, F|
|poke|p1|Dondozo, L50, M|
|poke|p1|Sneasler, L50, M|
|poke|p1|Gholdengo, L50|
|poke|p1|Ninetales-Alola, L50, F|
|poke|p1|Incineroar, L50, M|
|poke|p2|Kingambit, L50, M|
|poke|p2|Rillaboom, L50, F|
|poke|p2|Dragonite, L50, F|
|poke|p2|Sneasler, L50, F|
|poke|p2|Ursaluna-Bloodmoon, L50, M|
|poke|p2|Porygon2, L50|
|teampreview|4
|showteam|p1|Garganacl||MarangaBerry|PurifyingSalt|SaltCure,StealthRock,Protect,Recover|||F|||50|,,,,,Flying]Dondozo||Leftovers|Unaware|Liquidation,Yawn,Curse,Protect|||M|||50|,,,,,Poison]Sneasler||FocusSash|PoisonTouch|DireClaw,CloseCombat,Coaching,Protect|||M|||50|,,,,,Ghost]Gholdengo||ChoiceScarf|GoodasGold|MakeItRain,ShadowBall,Trick,PowerGem||||||50|,,,,,Steel]Ninetales-Alola||NeverMeltIce|SnowWarning|Blizzard,FreezeDry,Protect,AuroraVeil|||F|||50|,,,,,Ice]Incineroar||AssaultVest|Intimidate|FlareBlitz,KnockOff,FakeOut,DrainPunch|||M|||50|,,,,,Grass
|showteam|p2|Kingambit||BlackGlasses|Defiant|KowtowCleave,SuckerPunch,Protect,SwordsDance|||M|||50|,,,,,Dark]Rillaboom||AssaultVest|GrassySurge|HighHorsepower,WoodHammer,GrassyGlide,FakeOut|||F|||50|,,,,,Fire]Dragonite||LoadedDice|Multiscale|ScaleShot,Protect,Haze,Tailwind|||F|||50|,,,,,Fairy]Sneasler||FocusSash|Unburden|ThroatChop,DireClaw,CloseCombat,Protect|||F|||50|,,,,,Dark]Ursaluna-Bloodmoon||LifeOrb|MindsEye|BloodMoon,Protect,EarthPower,HyperVoice|||M|||50|,,,,,Ghost]Porygon2||Eviolite|Download|TeraBlast,IceBeam,Recover,TrickRoom||||||50|,,,,,Fighting
|
|t:|1756231547
|teamsize|p1|4
|teamsize|p2|4
|start
|switch|p1a: Garganacl|Garganacl, L50, F|100/100
|switch|p1b: Sneasler|Sneasler, L50, M|100/100
|switch|p2a: Dragonita|Dragonite, L50, F|100/100
|switch|p2b: holy Sneasler|Sneasler, L50, F|100/100
|turn|1
|
|t:|1756231573
|-terastallize|p1a: Garganacl|Flying
|move|p1b: Sneasler|Coaching|p1a: Garganacl
|-boost|p1a: Garganacl|atk|1
|-boost|p1a: Garganacl|def|1
|move|p2b: holy Sneasler|Dire Claw|p1a: Garganacl
|-damage|p1a: Garganacl|82/100
|move|p2a: Dragonita|Scale Shot|p1b: Sneasler
|-damage|p1b: Sneasler|79/100
|-damage|p1b: Sneasler|57/100
|-damage|p1b: Sneasler|35/100
|-damage|p1b: Sneasler|14/100
|-hitcount|p1b: Sneasler|4
|-unboost|p2a: Dragonita|def|1
|-boost|p2a: Dragonita|spe|1
|move|p1a: Garganacl|Salt Cure|p2a: Dragonita
|-supereffective|p2a: Dragonita
|-crit|p2a: Dragonita
|-damage|p2a: Dragonita|53/100
|-start|p2a: Dragonita|Salt Cure
|
|-damage|p2a: Dragonita|40/100|[from] Salt Cure
|upkeep
|turn|2
|
|t:|1756231623
|move|p1b: Sneasler|Protect|p1b: Sneasler
|-singleturn|p1b: Sneasler|Protect
|move|p2a: Dragonita|Haze|p2a: Dragonita
|-clearallboost
|move|p2b: holy Sneasler|Dire Claw|p1b: Sneasler
|-activate|p1b: Sneasler|move: Protect
|move|p1a: Garganacl|Salt Cure|p2b: holy Sneasler
|-resisted|p2b: holy Sneasler
|-damage|p2b: holy Sneasler|89/100
|-start|p2b: holy Sneasler|Salt Cure
|
|-damage|p2b: holy Sneasler|77/100|[from] Salt Cure
|-damage|p2a: Dragonita|28/100|[from] Salt Cure
|upkeep
|turn|3
|
|t:|1756231646
|switch|p2a: Kingambit|Kingambit, L50, M|100/100
|move|p2b: holy Sneasler|Dire Claw|p1b: Sneasler
|-resisted|p1b: Sneasler
|-damage|p1b: Sneasler|0 fnt
|faint|p1b: Sneasler
|move|p1a: Garganacl|Salt Cure|p2a: Kingambit
|-resisted|p2a: Kingambit
|-damage|p2a: Kingambit|96/100
|-start|p2a: Kingambit|Salt Cure
|
|-damage|p2b: holy Sneasler|64/100|[from] Salt Cure
|-damage|p2a: Kingambit|71/100|[from] Salt Cure
|upkeep
|
|t:|1756231663
|switch|p1b: Gholdengo|Gholdengo, L50|100/100
|turn|4
|
|t:|1756231683
|switch|p2b: Dragonita|Dragonite, L50, F|28/100
|move|p1b: Gholdengo|Trick|p2a: Kingambit
|-activate|p1b: Gholdengo|move: Trick|[of] p2a: Kingambit
|-item|p2a: Kingambit|Choice Scarf|[from] move: Trick
|-item|p1b: Gholdengo|Black Glasses|[from] move: Trick
|move|p2a: Kingambit|Kowtow Cleave|p1b: Gholdengo
|-supereffective|p1b: Gholdengo
|-damage|p1b: Gholdengo|1/100
|move|p1a: Garganacl|Stealth Rock|p2b: Dragonita
|-sidestart|p2: Hackervgc|move: Stealth Rock
|
|-damage|p2a: Kingambit|46/100|[from] Salt Cure
|upkeep
|turn|5
|
|t:|1756231725
|move|p1b: Gholdengo|Trick|p2b: Dragonita
|-activate|p1b: Gholdengo|move: Trick|[of] p2b: Dragonita
|-item|p2b: Dragonita|Black Glasses|[from] move: Trick
|-item|p1b: Gholdengo|Loaded Dice|[from] move: Trick
|move|p2b: Dragonita|Scale Shot|p1b: Gholdengo
|-resisted|p1b: Gholdengo
|-damage|p1b: Gholdengo|0 fnt
|faint|p1b: Gholdengo
|-hitcount|p1: Gholdengo|1
|-unboost|p2b: Dragonita|def|1
|-boost|p2b: Dragonita|spe|1
|move|p2a: Kingambit|Kowtow Cleave|p1a: Garganacl
|-damage|p1a: Garganacl|50/100
|move|p1a: Garganacl|Salt Cure|p2b: Dragonita
|-supereffective|p2b: Dragonita
|-damage|p2b: Dragonita|0 fnt
|faint|p2b: Dragonita
|
|-damage|p2a: Kingambit|21/100|[from] Salt Cure
|upkeep
|
|t:|1756231743
|switch|p1b: Incineroar|Incineroar, L50, M|100/100
|switch|p2b: Ursaluna|Ursaluna-Bloodmoon, L50, M|100/100
|-ability|p1b: Incineroar|Intimidate|boost
|-unboost|p2a: Kingambit|atk|1
|-ability|p2a: Kingambit|Defiant|boost
|-boost|p2a: Kingambit|atk|2
|-unboost|p2b: Ursaluna|atk|1
|-damage|p2b: Ursaluna|95/100|[from] Stealth Rock
|turn|6
|
|t:|1756231769
|move|p1b: Incineroar|Fake Out|p2a: Kingambit
|-resisted|p2a: Kingambit
|-damage|p2a: Kingambit|17/100
|cant|p2a: Kingambit|flinch
|move|p2b: Ursaluna|Blood Moon|p1a: Garganacl
|-damage|p1a: Garganacl|0 fnt
|faint|p1a: Garganacl
|-damage|p2b: Ursaluna|85/100|[from] item: Life Orb
|
|-damage|p2a: Kingambit|0 fnt|[from] Salt Cure
|faint|p2a: Kingambit
|upkeep
|
|t:|1756231780
|switch|p2a: holy Sneasler|Sneasler, L50, F|64/100
|-damage|p2a: holy Sneasler|58/100|[from] Stealth Rock
|turn|7
|
|t:|1756231789
|move|p2a: holy Sneasler|Close Combat|p1b: Incineroar
|-supereffective|p1b: Incineroar
|-crit|p1b: Incineroar
|-damage|p1b: Incineroar|0 fnt
|-unboost|p2a: holy Sneasler|def|1
|-unboost|p2a: holy Sneasler|spd|1
|faint|p1b: Incineroar
|
|win|Hackervgc
||I am the Sweeper is ready for game 3.
||Hackervgc is ready for game 3.
|uhtml|next|Next: Game 3 of 3
