|j|☆Milesymiles
|j|☆Scoseb
|html|MilesymilesScoseb    
|uhtml|bestof|Game 1 of a best-of-3
|t:|1784652184
|gametype|doubles
|player|p1|Milesymiles|veteran|1291
|player|p2|Scoseb|brycenman|1272
|gen|9
|tier|[Gen 9 Champions] VGC 2026 Reg M-B (Bo3)
|rated|
|rule|Species Clause: Limit one of each Pokémon
|rule|Item Clause: Limit 1 of each item
|clearpoke
|poke|p1|Chandelure, L50, F|
|poke|p1|Staraptor, L50, M|
|poke|p1|Vanilluxe, L50, M, shiny|
|poke|p1|Grimmsnarl, L50, M|
|poke|p1|Excadrill, L50, M|
|poke|p1|Rotom-Wash, L50, shiny|
|poke|p2|Gholdengo, L50|
|poke|p2|Zoroark-Hisui, L50, F|
|poke|p2|Incineroar, L50, M|
|poke|p2|Whimsicott, L50, F|
|poke|p2|Staraptor, L50, M|
|poke|p2|Garchomp, L50, F|
|teampreview|4
|showteam|p1|Chandelure||FocusSash|FlashFire|HeatWave,ShadowBall,TrickRoom,Protect|Modest||F|||50|]Staraptor||Staraptite|Intimidate|Tailwind,Roost,CloseCombat,BraveBird|Adamant||M|||50|]Vanilluxe||LightClay|SnowWarning|FreezeDry,Blizzard,AuroraVeil,Protect|Calm||M|||50|]Grimmsnarl||RoseliBerry|Prankster|FakeOut,PartingShot,SpiritBreak,LightScreen|Adamant||M|||50|]Excadrill||Excadrite|SandRush|Earthquake,IronHead,Protect,RockSlide|Jolly||M|||50|]Rotom-Wash||Magnet|Levitate|Thunderbolt,Electroweb,WillOWisp,HydroPump|Modest|||||50|
|showteam|p2|Gholdengo||LifeOrb|GoodasGold|PowerGem,Protect,MakeItRain,ShadowBall|Modest|||||50|]Zoroark-Hisui||FocusSash|Illusion|Taunt,IcyWind,FakeTears,BitterMalice|Timid||F|||50|]Incineroar||SitrusBerry|Intimidate|FakeOut,PartingShot,FlareBlitz,DarkestLariat|Careful||M|||50|]Whimsicott||FairyFeather|Prankster|Moonblast,Tailwind,Charm,Encore|Modest||F|||50|]Staraptor||Staraptite|Reckless|CloseCombat,Protect,BraveBird,Roost|Jolly||M|||50|]Garchomp||Garchompite|RoughSkin|Protect,Earthquake,DragonClaw,RockSlide|Adamant||F|||50|
|inactive|Battle timer is ON: inactive players will automatically lose when time's up. (requested by Scoseb)
|inactive|Milesymiles has 60 seconds left.
|
|t:|1784652227
|teamsize|p1|4
|teamsize|p2|4
|start
|switch|p1a: Vanilluxe|Vanilluxe, L50, M, shiny|100/100
|switch|p1b: Rotom|Rotom-Wash, L50, shiny|100/100
|switch|p2a: Gholdengo|Gholdengo, L50|100/100
|switch|p2b: Garchomp|Garchomp, L50, F|100/100
|-weather|Snowscape|[from] ability: Snow Warning|[of] p1a: Vanilluxe
|turn|1
|inactive|Scoseb has 30 seconds left.
|
|t:|1784652253
|move|p1a: Vanilluxe|Protect|p1a: Vanilluxe
|-singleturn|p1a: Vanilluxe|Protect
|move|p2b: Garchomp|Icy Wind|p1a: Vanilluxe|[spread] p1b
|-activate|p1a: Vanilluxe|move: Protect
|-resisted|p1b: Rotom|1
|-damage|p1b: Rotom|92/100
|-unboost|p1b: Rotom|spe|1
|move|p2a: Gholdengo|Power Gem|p1a: Vanilluxe
|-activate|p1a: Vanilluxe|move: Protect
|move|p1b: Rotom|Electroweb|p2b: Garchomp|[spread] p2a,p2b
|-damage|p2a: Gholdengo|74/100
|-damage|p2b: Garchomp|49/100
|-unboost|p2a: Gholdengo|spe|1
|-unboost|p2b: Garchomp|spe|1
|replace|p2b: Zoroark|Zoroark-Hisui, L50, F
|-end|p2b: Zoroark|Illusion
|
|-weather|Snowscape|[upkeep]
|upkeep
|turn|2
|inactive|Scoseb has 30 seconds left.
|
|t:|1784652284
|move|p2b: Zoroark|Fake Tears|p1b: Rotom
|-unboost|p1b: Rotom|spd|2
|move|p1a: Vanilluxe|Aurora Veil|p1a: Vanilluxe
|-sidestart|p1: Milesymiles|move: Aurora Veil
|move|p2a: Gholdengo|Power Gem|p1b: Rotom
|-damage|p1b: Rotom|39/100
|-damage|p2a: Gholdengo|65/100|[from] item: Life Orb
|move|p1b: Rotom|Electroweb|p2b: Zoroark|[spread] p2a,p2b
|-damage|p2a: Gholdengo|40/100
|-damage|p2b: Zoroark|0 fnt
|-unboost|p2a: Gholdengo|spe|1
|faint|p2b: Zoroark
|
|-weather|Snowscape|[upkeep]
|upkeep
|
|t:|1784652296
|switch|p2b: Incineroar|Incineroar, L50, M|100/100
|-ability|p2b: Incineroar|Intimidate|boost
|-unboost|p1a: Vanilluxe|atk|1
|-unboost|p1b: Rotom|atk|1
|turn|3
|
|t:|1784652312
|switch|p1b: Chandelure|Chandelure, L50, F|100/100
|move|p2a: Gholdengo|Protect|p2a: Gholdengo
|-singleturn|p2a: Gholdengo|Protect
|move|p2b: Incineroar|Fake Out|p1b: Chandelure
|-immune|p1b: Chandelure
|move|p1a: Vanilluxe|Blizzard|p2a: Gholdengo|[spread] p2b
|-activate|p2a: Gholdengo|move: Protect
|-resisted|p2b: Incineroar|1
|-damage|p2b: Incineroar|85/100
|
|-weather|Snowscape|[upkeep]
|upkeep
|turn|4
|
|t:|1784652327
|move|p2a: Gholdengo|Protect||[still]
|-fail|p2a: Gholdengo
|move|p1b: Chandelure|Heat Wave|p2a: Gholdengo|[spread] p2a,p2b
|-supereffective|p2a: Gholdengo|1
|-resisted|p2b: Incineroar|1
|-damage|p2a: Gholdengo|0 fnt
|-damage|p2b: Incineroar|68/100
|faint|p2a: Gholdengo
|move|p1a: Vanilluxe|Blizzard|p2b: Incineroar
|-resisted|p2b: Incineroar|1
|-damage|p2b: Incineroar|50/100g
|move|p2b: Incineroar|Parting Shot|p1b: Chandelure
|-unboost|p1b: Chandelure|atk|1
|-unboost|p1b: Chandelure|spa|1
|
|t:|1784652338
|switch|p2b: Garchomp|Garchomp, L50, F|100/100|[from] Parting Shot
|
|-weather|Snowscape|[upkeep]
|upkeep
|
|t:|1784652342
|switch|p2a: Incineroar|Incineroar, L50, M|50/100g
|-ability|p2a: Incineroar|Intimidate|boost
|-unboost|p1a: Vanilluxe|atk|1
|-unboost|p1b: Chandelure|atk|1
|turn|5
|
|t:|1784652353
|switch|p1b: Rotom|Rotom-Wash, L50, shiny|39/100
|detailschange|p2b: Garchomp|Garchomp-Mega, L50, F
|-mega|p2b: Garchomp|Garchomp|Garchompite
|move|p1a: Vanilluxe|Protect|p1a: Vanilluxe
|-singleturn|p1a: Vanilluxe|Protect
|move|p2a: Incineroar|Fake Out|p1a: Vanilluxe
|-activate|p1a: Vanilluxe|move: Protect
|move|p2b: Garchomp|Rock Slide|p1a: Vanilluxe|[spread] p1b
|-activate|p1a: Vanilluxe|move: Protect
|-damage|p1b: Rotom|21/100
|
|-weather|none
|upkeep
|turn|6
|inactive|Scoseb has 30 seconds left.
|inactive|Scoseb has 20 seconds left.
|inactive|Scoseb has 15 seconds left.
|
|t:|1784652394
|move|p2b: Garchomp|Dragon Claw|p1b: Rotom
|-damage|p1b: Rotom|0 fnt
|faint|p1b: Rotom
|move|p1a: Vanilluxe|Freeze-Dry|p2b: Garchomp
|-supereffective|p2b: Garchomp|2
|-damage|p2b: Garchomp|0 fnt
|faint|p2b: Garchomp
|move|p2a: Incineroar|Flare Blitz|p1a: Vanilluxe
|-supereffective|p1a: Vanilluxe|1
|-damage|p1a: Vanilluxe|34/100
|-status|p1a: Vanilluxe|brn
|-damage|p2a: Incineroar|30/100|[from] Recoil
|-enditem|p2a: Incineroar|Sitrus Berry|[eat]
|-heal|p2a: Incineroar|55/100|[from] item: Sitrus Berry
|
|-damage|p1a: Vanilluxe|28/100 brn|[from] brn
|upkeep
|inactive|Milesymiles has 30 seconds left.
|inactive|Milesymiles has 20 seconds left.
|inactive|Milesymiles has 15 seconds left.
|inactive|Milesymiles has 10 seconds left.
|inactive|Milesymiles has 5 seconds left.
|
|t:|1784652449
|switch|p1b: Excadrill|Excadrill, L50, M|100/100
|turn|7
|inactive|Milesymiles has 30 seconds left.
|
|t:|1784652480
|detailschange|p1b: Excadrill|Excadrill-Mega, L50, M
|-mega|p1b: Excadrill|Excadrill|Excadrite
|move|p1b: Excadrill|Earthquake|p2a: Incineroar|[spread] p1a,p2a
|-supereffective|p2a: Incineroar|1
|-damage|p1a: Vanilluxe|0 fnt
|-damage|p2a: Incineroar|0 fnt
|faint|p1a: Vanilluxe
|faint|p2a: Incineroar
|
|win|Milesymiles
||Scoseb is ready for game 2.
||Milesymiles is ready for game 2.
|uhtml|next|Next: Game 2 of 3
