|j|☆rapidsinglestrike
|j|☆Chknadobovgc
|html|rapidsinglestrikeChknadobovgc    
|uhtml|bestof|Game 2 of a best-of-3
|t:|1756683272
|gametype|doubles
|player|p1|rapidsinglestrike|1|1241
|player|p2|Chknadobovgc|265|1259
|gen|9
|tier|[Gen 9] VGC 2025 Reg H (Bo3)
|rated|
|rule|Species Clause: Limit one of each Pokémon
|rule|Item Clause: Limit 1 of each item
|clearpoke
|poke|p1|Maushold, L50|
|poke|p1|Annihilape, L50, M|
|poke|p1|Incineroar, L50, F|
|poke|p1|Rillaboom, L50, F|
|poke|p1|Dragonite, L50, M|
|poke|p1|Gholdengo, L50|
|poke|p2|Indeedee, L50, M|
|poke|p2|Sneasler, L50, F|
|poke|p2|Excadrill, L50, M|
|poke|p2|Annihilape, L50, M|
|poke|p2|Corviknight, L50, M|
|poke|p2|Tyranitar, L50, M|
|teampreview|4
|showteam|p1|Maushold||WideLens|Technician|PopulationBomb,BeatUp,Protect,FollowMe||||||50|,,,,,Ghost]Annihilape||Leftovers|Defiant|RageFist,DrainPunch,Protect,BulkUp|||M|||50|,,,,,Fire]Incineroar||SitrusBerry|Intimidate|FakeOut,KnockOff,PartingShot,FlareBlitz|||F|||50|,,,,,Grass]Rillaboom||AssaultVest|GrassySurge|FakeOut,GrassyGlide,Uturn,WoodHammer|||F|||50|,,,,,Fire]Dragonite||LoadedDice|Multiscale|ScaleShot,Tailwind,Protect,Haze|||M|||50|,,,,,Fairy]Gholdengo||LifeOrb|GoodasGold|MakeItRain,ShadowBall,Protect,NastyPlot||||||50|,,,,,Water
|showteam|p2|Indeedee||ChoiceScarf|PsychicSurge|ExpandingForce,TeraBlast,Trick,Protect|||M|||50|,,,,,Psychic]Sneasler||PsychicSeed|Unburden|CloseCombat,DireClaw,ThroatChop,Protect|||F|||50|,,,,,Dark]Excadrill||FocusSash|SandRush|Earthquake,IronHead,HighHorsepower,Protect|||M|||50|,,,,,Stellar]Annihilape||SafetyGoggles|Defiant|CloseCombat,RageFist,Taunt,FinalGambit|||M|||50|,,,,,Water]Corviknight||Leftovers|MirrorArmor|BraveBird,Tailwind,BulkUp,Roost|||M|||50|,,,,,Dragon]Tyranitar||AssaultVest|SandStream|RockSlide,KnockOff,LowKick,TeraBlast|||M|||50|,,,,,Flying
|inactive|Battle timer is ON: inactive players will automatically lose when time's up. (requested by rapidsinglestrike)
|
|t:|1756683293
|teamsize|p1|4
|teamsize|p2|4
|start
|switch|p1a: Dragonite|Dragonite, L50, M|100/100
|switch|p1b: Gholdengo|Gholdengo, L50|100/100
|switch|p2a: Indeedee|Indeedee, L50, M|100/100
|switch|p2b: Annihilape|Annihilape, L50, M, shiny|100/100
|-fieldstart|move: Psychic Terrain|[from] ability: Psychic Surge|[of] p2a: Indeedee
|turn|1
|inactive|Chknadobovgc has 30 seconds left.
|
|t:|1756683326
|switch|p2b: Sneasler|Sneasler, L50, F, shiny|100/100
|-enditem|p2b: Sneasler|Psychic Seed
|-boost|p2b: Sneasler|spd|1|[from] item: Psychic Seed
|move|p2a: Indeedee|Expanding Force|p1b: Gholdengo|[spread] p1a,p1b
|-resisted|p1b: Gholdengo
|-damage|p1a: Dragonite|68/100
|-damage|p1b: Gholdengo|65/100
|move|p1b: Gholdengo|Nasty Plot|p1b: Gholdengo
|-boost|p1b: Gholdengo|spa|2
|move|p1a: Dragonite|Scale Shot|p2a: Indeedee
|-crit|p2a: Indeedee
|-damage|p2a: Indeedee|55/100
|-damage|p2a: Indeedee|26/100
|-damage|p2a: Indeedee|0 fnt
|faint|p2a: Indeedee
|-hitcount|p2: Indeedee|3
|-unboost|p1a: Dragonite|def|1
|-boost|p1a: Dragonite|spe|1
|
|upkeep
|
|t:|1756683351
|switch|p2a: Excadrill|Excadrill, L50, M|100/100
|turn|2
|
|t:|1756683375
|-terastallize|p2a: Excadrill|Stellar
|move|p2b: Sneasler|Protect|p2b: Sneasler
|-singleturn|p2b: Sneasler|Protect
|move|p1b: Gholdengo|Protect|p1b: Gholdengo
|-singleturn|p1b: Gholdengo|Protect
|move|p1a: Dragonite|Tailwind|p1a: Dragonite
|-sidestart|p1: rapidsinglestrike|move: Tailwind
|move|p2a: Excadrill|Iron Head|p1a: Dragonite
|-damage|p1a: Dragonite|0 fnt
|faint|p1a: Dragonite
|
|upkeep
|
|t:|1756683387
|switch|p1a: Maushold|Maushold, L50|100/100
|turn|3
|inactive|Chknadobovgc has 30 seconds left.
|
|t:|1756683416
|move|p1a: Maushold|Population Bomb|p2a: Excadrill
|-resisted|p2a: Excadrill
|-damage|p2a: Excadrill|92/100
|-resisted|p2a: Excadrill
|-damage|p2a: Excadrill|84/100
|-resisted|p2a: Excadrill
|-damage|p2a: Excadrill|77/100
|-resisted|p2a: Excadrill
|-damage|p2a: Excadrill|69/100
|-resisted|p2a: Excadrill
|-damage|p2a: Excadrill|61/100
|-resisted|p2a: Excadrill
|-damage|p2a: Excadrill|53/100
|-resisted|p2a: Excadrill
|-crit|p2a: Excadrill
|-damage|p2a: Excadrill|42/100
|-resisted|p2a: Excadrill
|-damage|p2a: Excadrill|34/100
|-resisted|p2a: Excadrill
|-damage|p2a: Excadrill|26/100
|-resisted|p2a: Excadrill
|-damage|p2a: Excadrill|17/100
|-hitcount|p2a: Excadrill|10
|move|p2b: Sneasler|Throat Chop|p1b: Gholdengo
|-supereffective|p1b: Gholdengo
|-damage|p1b: Gholdengo|0 fnt
|faint|p1b: Gholdengo
|move|p2a: Excadrill|High Horsepower|p1a: Maushold|[miss]
|-miss|p2a: Excadrill|p1a: Maushold
|
|upkeep
|
|t:|1756683437
|switch|p1b: Annihilape|Annihilape, L50, M|100/100
|turn|4
|inactive|Chknadobovgc has 30 seconds left.
|inactive|Chknadobovgc has 20 seconds left.
|inactive|Chknadobovgc has 15 seconds left.
|inactive|Chknadobovgc has 10 seconds left.
|inactive|Chknadobovgc has 5 seconds left.
|
|t:|1756683489
|switch|p2b: Annihilape|Annihilape, L50, M, shiny|100/100
|move|p2a: Excadrill|Protect|p2a: Excadrill
|-singleturn|p2a: Excadrill|Protect
|move|p1a: Maushold|Population Bomb|p2b: Annihilape
|-immune|p2b: Annihilape
|move|p1b: Annihilape|Rage Fist|p2a: Excadrill
|-activate|p2a: Excadrill|move: Protect
|
|upkeep
|turn|5
|
|t:|1756683511
|move|p2a: Excadrill|Protect||[still]
|-fail|p2a: Excadrill
|move|p1a: Maushold|Beat Up|p1b: Annihilape
|-damage|p1b: Annihilape|95/100
|-damage|p1b: Annihilape|89/100
|-hitcount|p1b: Annihilape|2
|move|p1b: Annihilape|Rage Fist|p2b: Annihilape
|-supereffective|p2b: Annihilape
|-damage|p2b: Annihilape|0 fnt
|faint|p2b: Annihilape
|
|-heal|p1b: Annihilape|95/100|[from] item: Leftovers
|-sideend|p1: rapidsinglestrike|move: Tailwind
|-fieldend|move: Psychic Terrain
|upkeep
|
|t:|1756683514
|switch|p2b: Sneasler|Sneasler, L50, F, shiny|100/100
|turn|6
|
|t:|1756683535
|-terastallize|p1a: Maushold|Ghost
|move|p1a: Maushold|Population Bomb|p2b: Sneasler
|-damage|p2b: Sneasler|81/100
|-damage|p2b: Sneasler|62/100
|-damage|p2b: Sneasler|44/100
|-damage|p2b: Sneasler|25/100
|-hitcount|p2b: Sneasler|4
|move|p2b: Sneasler|Close Combat|p1a: Maushold
|-immune|p1a: Maushold
|move|p1b: Annihilape|Rage Fist|p2a: Excadrill
|-damage|p2a: Excadrill|0 fnt
|faint|p2a: Excadrill
|
|-heal|p1b: Annihilape|100/100|[from] item: Leftovers
|upkeep
|turn|7
|-message|Chknadobovgc forfeited.
|
|win|rapidsinglestrike
|raw|rapidsinglestrike's rating: 1241 → 1267(+26 for winning)
|raw|Chknadobovgc's rating: 1259 → 1233(-26 for losing)
|l|☆rapidsinglestrike
|player|p1|
|l|☆Chknadobovgc
|player|p2|
|j|☆Chknadobovgc
|player|p2|Chknadobovgc|265|
