|j|☆yunsen
|j|☆SakiVGC
|html|yunsenSakiVGC    
|uhtml|bestof|Game 2 of a best-of-3
|t:|1784655754
|gametype|doubles
|player|p1|yunsen|n|
|player|p2|SakiVGC|bellelba|
|gen|9
|tier|[Gen 9 Champions] VGC 2026 Reg M-B (Bo3)
|rule|Species Clause: Limit one of each Pokémon
|rule|Item Clause: Limit 1 of each item
|clearpoke
|poke|p1|Raichu, L50, F|
|poke|p1|Sinistcha, L50|
|poke|p1|Ceruledge, L50, M|
|poke|p1|Milotic, L50, M|
|poke|p1|Incineroar, L50, M|
|poke|p1|Sneasler, L50, F|
|poke|p2|Incineroar, L50, F|
|poke|p2|Milotic, L50, M|
|poke|p2|Sinistcha-Masterpiece, L50|
|poke|p2|Sylveon, L50, F|
|poke|p2|Kingambit, L50, F|
|poke|p2|Blaziken, L50, F|
|teampreview|4
|showteam|p1|Raichu||RaichuniteY|LightningRod|ZapCannon,FocusBlast,FakeOut,Protect|Timid||F|||50|]Sinistcha||KasibBerry|Hospitality|MatchaGotcha,LifeDew,RagePowder,Protect|Relaxed|||||50|]Ceruledge||ColburBerry|FlashFire|BitterBlade,ShadowSneak,BulkUp,Protect|Adamant||M|||50|]Milotic||Leftovers|Competitive|MuddyWater,Coil,Hypnosis,Protect|Calm||M|||50|]Incineroar||SitrusBerry|Intimidate|FlareBlitz,ThroatChop,FakeOut,PartingShot|Impish||M|||50|]Sneasler||FocusSash|PoisonTouch|FakeOut,CloseCombat,DireClaw,Protect|Jolly||F|||50|
|showteam|p2|Incineroar||SitrusBerry|Intimidate|FlareBlitz,DarkestLariat,FakeOut,PartingShot|Careful||F|||50|]Milotic||Leftovers|Competitive|MuddyWater,Hypnosis,Coil,Protect|Bold||M|||50|]Sinistcha-Masterpiece||ColburBerry|Hospitality|MatchaGotcha,RagePowder,TrickRoom,LifeDew|Bold|||||50|]Sylveon||FairyFeather|Pixilate|HyperVoice,HyperBeam,QuickAttack,Protect|Modest||F|||50|]Kingambit||BlackGlasses|Defiant|SuckerPunch,KowtowCleave,SwordsDance,Protect|Adamant||F|||50|]Blaziken||Blazikenite|SpeedBoost|FlareBlitz,CloseCombat,RockSlide,Detect|Adamant||F|||50|
|inactive|Battle timer is ON: inactive players will automatically lose when time's up. (requested by SakiVGC)
|inactive|yunsen also wants the timer to be on.
|inactive|yunsen has 60 seconds left.
|
|t:|1784655800
|teamsize|p1|4
|teamsize|p2|4
|start
|switch|p1a: Ceruledge|Ceruledge, L50, M|100/100
|switch|p1b: Sneasler|Sneasler, L50, F|100/100
|switch|p2a: Milotic|Milotic, L50, M|100/100
|switch|p2b: Incineroar|Incineroar, L50, F|100/100
|-ability|p2b: Incineroar|Intimidate|boost
|-unboost|p1a: Ceruledge|atk|1
|-unboost|p1b: Sneasler|atk|1
|turn|1
|inactive|yunsen has 30 seconds left.
|inactive|yunsen has 20 seconds left.
|inactive|yunsen has 15 seconds left.
|inactive|yunsen has 10 seconds left.
|
|t:|1784655845
|switch|p1a: Raichu|Raichu, L50, F|100/100
|move|p1b: Sneasler|Fake Out|p2b: Incineroar
|-damage|p2b: Incineroar|92/100
|move|p2a: Milotic|Coil|p2a: Milotic
|-boost|p2a: Milotic|atk|1
|-boost|p2a: Milotic|def|1
|-boost|p2a: Milotic|accuracy|1
|cant|p2b: Incineroar|flinch
|
|upkeep
|turn|2
|
|t:|1784655864
|switch|p2b: Sinistcha|Sinistcha-Masterpiece, L50|100/100
|detailschange|p1a: Raichu|Raichu-Mega-Y, L50, F
|-mega|p1a: Raichu|Raichu|Raichunite Y
|move|p2a: Milotic|Protect|p2a: Milotic
|-singleturn|p2a: Milotic|Protect
|move|p1a: Raichu|Zap Cannon|p2a: Milotic
|-activate|p2a: Milotic|move: Protect
|move|p1b: Sneasler|Close Combat|p2b: Sinistcha
|-immune|p2b: Sinistcha
|
|upkeep
|turn|3
|
|t:|1784655882
|move|p1a: Raichu|Protect|p1a: Raichu
|-singleturn|p1a: Raichu|Protect
|move|p2b: Sinistcha|Rage Powder|p2b: Sinistcha
|-singleturn|p2b: Sinistcha|move: Rage Powder
|move|p1b: Sneasler|Dire Claw|p2b: Sinistcha
|-damage|p2b: Sinistcha|78/100
|move|p2a: Milotic|Coil|p2a: Milotic
|-boost|p2a: Milotic|atk|1
|-boost|p2a: Milotic|def|1
|-boost|p2a: Milotic|accuracy|1
|
|upkeep
|turn|4
|
|t:|1784655893
|move|p2a: Milotic|Protect|p2a: Milotic
|-singleturn|p2a: Milotic|Protect
|move|p1a: Raichu|Zap Cannon|p2a: Milotic
|-activate|p2a: Milotic|move: Protect
|move|p1b: Sneasler|Dire Claw|p2a: Milotic
|-activate|p2a: Milotic|move: Protect
|move|p2b: Sinistcha|Trick Room|p2b: Sinistcha
|-fieldstart|move: Trick Room|[of] p2b: Sinistcha
|
|upkeep
|turn|5
|
|t:|1784655902
|move|p2b: Sinistcha|Matcha Gotcha|p1a: Raichu|[spread] p1a,p1b
|-resisted|p1b: Sneasler|1
|-damage|p1a: Raichu|66/100
|-heal|p2b: Sinistcha|93/100|[from] drain|[of] p1a: Raichu
|-damage|p1b: Sneasler|84/100
|-heal|p2b: Sinistcha|100/100|[from] drain|[of] p1b: Sneasler
|move|p2a: Milotic|Hypnosis|p1a: Raichu
|-status|p1a: Raichu|slp|[from] move: Hypnosis
|move|p1b: Sneasler|Dire Claw|p2b: Sinistcha
|-damage|p2b: Sinistcha|80/100
|-status|p2b: Sinistcha|psn|[from] ability: Poison Touch|[of] p1b: Sneasler
|cant|p1a: Raichu|slp
|
|-damage|p2b: Sinistcha|68/100 psn|[from] psn
|upkeep
|turn|6
|
|t:|1784655923
|move|p1b: Sneasler|Protect|p1b: Sneasler
|-singleturn|p1b: Sneasler|Protect
|move|p2b: Sinistcha|Rage Powder|p2b: Sinistcha
|-singleturn|p2b: Sinistcha|move: Rage Powder
|move|p2a: Milotic|Muddy Water|p1a: Raichu|[spread] p1a
|-activate|p1b: Sneasler|move: Protect
|-damage|p1a: Raichu|35/100 slp
|cant|p1a: Raichu|slp
|
|-damage|p2b: Sinistcha|56/100 psn|[from] psn
|upkeep
|turn|7
|
|t:|1784655932
|switch|p1b: Sinistcha|Sinistcha, L50|100/100
|-heal|p1a: Raichu|60/100 slp|[from] ability: Hospitality|[of] p1b: Sinistcha
|move|p2b: Sinistcha|Rage Powder|p2b: Sinistcha
|-singleturn|p2b: Sinistcha|move: Rage Powder
|move|p2a: Milotic|Hypnosis|p1b: Sinistcha
|-status|p1b: Sinistcha|slp|[from] move: Hypnosis
|-curestatus|p1a: Raichu|slp|[msg]
|move|p1a: Raichu|Zap Cannon|p2b: Sinistcha
|-resisted|p2b: Sinistcha|1
|-damage|p2b: Sinistcha|24/100 psn
|
|-damage|p2b: Sinistcha|11/100 psn|[from] psn
|upkeep
|turn|8
|
|t:|1784655953
|switch|p2b: Incineroar|Incineroar, L50, F|92/100
|-ability|p2b: Incineroar|Intimidate|boost
|-unboost|p1a: Raichu|atk|1
|-unboost|p1b: Sinistcha|atk|1
|move|p1a: Raichu|Protect|p1a: Raichu
|-singleturn|p1a: Raichu|Protect
|cant|p1b: Sinistcha|slp
|move|p2a: Milotic|Hypnosis|p1a: Raichu
|-activate|p1a: Raichu|move: Protect
|
|-fieldend|move: Trick Room
|upkeep
|turn|9
|
|t:|1784655969
|switch|p1a: Sneasler|Sneasler, L50, F|84/100
|move|p2b: Incineroar|Fake Out|p1a: Sneasler
|-damage|p1a: Sneasler|65/100
|move|p2a: Milotic|Hypnosis|p1a: Sneasler
|-status|p1a: Sneasler|slp|[from] move: Hypnosis
|cant|p1b: Sinistcha|slp
|
|upkeep
|turn|10
|
|t:|1784655987
|cant|p1a: Sneasler|slp
|move|p2a: Milotic|Muddy Water|p1b: Sinistcha|[spread] p1a,p1b
|-resisted|p1b: Sinistcha|1
|-damage|p1a: Sneasler|33/100 slp
|-damage|p1b: Sinistcha|88/100 slp
|-curestatus|p1b: Sinistcha|slp|[msg]
|move|p1b: Sinistcha|Matcha Gotcha|p2a: Milotic|[spread] p2a,p2b
|-supereffective|p2a: Milotic|1
|-resisted|p2b: Incineroar|1
|-damage|p2a: Milotic|65/100
|-heal|p1b: Sinistcha|100/100|[from] drain|[of] p2a: Milotic
|-damage|p2b: Incineroar|83/100
|move|p2b: Incineroar|Flare Blitz|p1b: Sinistcha
|-supereffective|p1b: Sinistcha|1
|-damage|p1b: Sinistcha|28/100
|-damage|p2b: Incineroar|62/100|[from] Recoil
|
|-heal|p2a: Milotic|71/100|[from] item: Leftovers
|upkeep
|turn|11
|
|t:|1784656008
|switch|p2b: Sinistcha|Sinistcha-Masterpiece, L50|11/100 psn
|-heal|p2a: Milotic|96/100|[from] ability: Hospitality|[of] p2b: Sinistcha
|cant|p1a: Sneasler|slp
|move|p2a: Milotic|Muddy Water|p1b: Sinistcha|[spread] p1a,p1b
|-resisted|p1b: Sinistcha|1
|-damage|p1a: Sneasler|1/100 slp
|-damage|p1b: Sinistcha|15/100
|move|p1b: Sinistcha|Matcha Gotcha|p2a: Milotic|[spread] p2a,p2b
|-supereffective|p2a: Milotic|1
|-resisted|p2b: Sinistcha|1
|-damage|p2a: Milotic|59/100
|-heal|p1b: Sinistcha|35/100|[from] drain|[of] p2a: Milotic
|-damage|p2b: Sinistcha|0 fnt
|-heal|p1b: Sinistcha|42/100|[from] drain|[of] p2b: Sinistcha
|faint|p2b: Sinistcha
|
|-heal|p2a: Milotic|65/100|[from] item: Leftovers
|upkeep
|
|t:|1784656018
|switch|p2b: Blaziken|Blaziken, L50, F|100/100
|turn|12
|
|t:|1784656035
|switch|p1b: Ceruledge|Ceruledge, L50, M|100/100
|detailschange|p2b: Blaziken|Blaziken-Mega, L50, F
|-mega|p2b: Blaziken|Blaziken|Blazikenite
|move|p2b: Blaziken|Detect|p2b: Blaziken
|-singleturn|p2b: Blaziken|Protect
|move|p2a: Milotic|Protect|p2a: Milotic
|-singleturn|p2a: Milotic|Protect
|-curestatus|p1a: Sneasler|slp|[msg]
|move|p1a: Sneasler|Dire Claw|p2a: Milotic
|-activate|p2a: Milotic|move: Protect
|
|-heal|p2a: Milotic|71/100|[from] item: Leftovers
|-ability|p2b: Blaziken|Speed Boost|boost
|-boost|p2b: Blaziken|spe|1
|upkeep
|turn|13
|
|t:|1784656055
|move|p1b: Ceruledge|Protect|p1b: Ceruledge
|-singleturn|p1b: Ceruledge|Protect
|move|p2b: Blaziken|Flare Blitz|p1a: Sneasler
|-damage|p1a: Sneasler|0 fnt
|faint|p1a: Sneasler
|-damage|p2b: Blaziken|99/100|[from] Recoil
|move|p2a: Milotic|Muddy Water|p1b: Ceruledge
|-activate|p1b: Ceruledge|move: Protect
|
|-heal|p2a: Milotic|78/100|[from] item: Leftovers
|-ability|p2b: Blaziken|Speed Boost|boost
|-boost|p2b: Blaziken|spe|1
|upkeep
|
|t:|1784656060
|switch|p1a: Raichu|Raichu-Mega-Y, L50, F|60/100
|turn|14
|
|t:|1784656068
|move|p2b: Blaziken|Detect|p2b: Blaziken
|-singleturn|p2b: Blaziken|Protect
|move|p2a: Milotic|Protect|p2a: Milotic
|-singleturn|p2a: Milotic|Protect
|move|p1b: Ceruledge|Shadow Sneak|p2b: Blaziken
|-activate|p2b: Blaziken|move: Protect
|move|p1a: Raichu|Zap Cannon|p2a: Milotic
|-activate|p2a: Milotic|move: Protect
|
|-heal|p2a: Milotic|84/100|[from] item: Leftovers
|-ability|p2b: Blaziken|Speed Boost|boost
|-boost|p2b: Blaziken|spe|1
|upkeep
|turn|15
|
|t:|1784656076
|move|p1b: Ceruledge|Shadow Sneak|p2b: Blaziken
|-damage|p2b: Blaziken|70/100
|move|p2b: Blaziken|Flare Blitz|p1a: Raichu
|-crit|p1a: Raichu
|-damage|p1a: Raichu|0 fnt
|faint|p1a: Raichu
|-damage|p2b: Blaziken|49/100|[from] Recoil
|move|p2a: Milotic|Muddy Water|p1b: Ceruledge
|-supereffective|p1b: Ceruledge|1
|-crit|p1b: Ceruledge
|-damage|p1b: Ceruledge|9/100
|
|-heal|p2a: Milotic|90/100|[from] item: Leftovers
|-ability|p2b: Blaziken|Speed Boost|boost
|-boost|p2b: Blaziken|spe|1
|upkeep
|
|t:|1784656080
|switch|p1a: Sinistcha|Sinistcha, L50|42/100
|-heal|p1b: Ceruledge|34/100|[from] ability: Hospitality|[of] p1a: Sinistcha
|turn|16
|
|t:|1784656089
|move|p1b: Ceruledge|Shadow Sneak|p2b: Blaziken
|-damage|p2b: Blaziken|17/100
|move|p2b: Blaziken|Rock Slide|p1b: Ceruledge|[spread] p1a,p1b
|-supereffective|p1b: Ceruledge|1
|-damage|p1a: Sinistcha|24/100
|-damage|p1b: Ceruledge|0 fnt
|faint|p1b: Ceruledge
|move|p2a: Milotic|Muddy Water|p1a: Sinistcha
|-resisted|p1a: Sinistcha|1
|-damage|p1a: Sinistcha|8/100
|-unboost|p1a: Sinistcha|accuracy|1
|move|p1a: Sinistcha|Matcha Gotcha|p2b: Blaziken|[spread] p2a,p2b
|-supereffective|p2a: Milotic|1
|-resisted|p2b: Blaziken|1
|-damage|p2a: Milotic|58/100
|-heal|p1a: Sinistcha|25/100|[from] drain|[of] p2a: Milotic
|-damage|p2b: Blaziken|2/100
|-heal|p1a: Sinistcha|32/100|[from] drain|[of] p2b: Blaziken
|-status|p2a: Milotic|brn
|
|-heal|p2a: Milotic|64/100 brn|[from] item: Leftovers
|-damage|p2a: Milotic|58/100 brn|[from] brn
|-ability|p2b: Blaziken|Speed Boost|boost
|-boost|p2b: Blaziken|spe|1
|upkeep
|turn|17
|
|t:|1784656094
|switch|p2a: Incineroar|Incineroar, L50, F|62/100
|-ability|p2a: Incineroar|Intimidate|boost
|-unboost|p1a: Sinistcha|atk|1
|move|p2b: Blaziken|Flare Blitz|p1a: Sinistcha
|-supereffective|p1a: Sinistcha|1
|-damage|p1a: Sinistcha|0 fnt
|faint|p1a: Sinistcha
|-damage|p2b: Blaziken|0 fnt|[from] Recoil
|faint|p2b: Blaziken
|
|win|SakiVGC
|l|☆SakiVGC
|player|p2|
|j|☆SakiVGC
|player|p2|SakiVGC|bellelba|
