|j|☆Realfrytki
|j|☆OreburghRanger
|html|RealfrytkiOreburghRanger    
|uhtml|bestof|Game 3 of a best-of-3
|t:|1756321315
|gametype|doubles
|player|p1|Realfrytki|veteranf|
|player|p2|OreburghRanger|pokemonranger-gen4|
|gen|9
|tier|[Gen 9] VGC 2025 Reg H (Bo3)
|rule|Species Clause: Limit one of each Pokémon
|rule|Item Clause: Limit 1 of each item
|clearpoke
|poke|p1|Volcarona, L50, M|
|poke|p1|Rillaboom, L50, F|
|poke|p1|Dragonite, L50, M|
|poke|p1|Kingambit, L50, F|
|poke|p1|Sneasler, L50, F|
|poke|p1|Electabuzz, L50, F|
|poke|p2|Charizard, L50, M|
|poke|p2|Torkoal, L50, F|
|poke|p2|Porygon2, L50|
|poke|p2|Incineroar, L50, M|
|poke|p2|Jumpluff, L50, F|
|poke|p2|Ursaluna, L50, M|
|teampreview|4
|showteam|p1|Volcarona||Leftovers|FlameBody|HeatWave,TeraBlast,QuiverDance,Protect|||M|||50|,,,,,Fairy]Rillaboom||MiracleSeed|GrassySurge|WoodHammer,GrassyGlide,FakeOut,HighHorsepower|||F|||50|,,,,,Fire]Dragonite||LoadedDice|Multiscale|ScaleShot,ExtremeSpeed,Haze,Protect|||M|||50|,,,,,Steel]Kingambit||AssaultVest|Defiant|KowtowCleave,SuckerPunch,IronHead,TeraBlast|||F|||50|,,,,,Flying]Sneasler||FocusSash|Unburden|CloseCombat,DireClaw,Coaching,FakeOut|||F|||50|,,,,,Stellar]Electabuzz||Eviolite|VitalSpirit|Thunderbolt,FollowMe,Taunt,Protect|||F|||50|,,,,,Ghost
|showteam|p2|Charizard||ChoiceSpecs|SolarPower|HeatWave,Overheat,WeatherBall,AirSlash|||M|||50|,,,,,Ghost]Torkoal||EjectPack|Drought|Eruption,Overheat,HelpingHand,Protect|||F|||50|,,,,,Fire]Porygon2||Eviolite|Download|TeraBlast,IceBeam,Recover,TrickRoom||||||50|,,,,,Fighting]Incineroar||SafetyGoggles|Intimidate|FlareBlitz,KnockOff,FakeOut,PartingShot|||M|||50|,,,,,Ghost]Jumpluff||CovertCloak|Chlorophyll|SleepPowder,SunnyDay,RagePowder,Tailwind|||F|||50|,,,,,Water]Ursaluna||FlameOrb|Guts|HeadlongRush,Facade,Earthquake,Protect|||M|||50|,,,,,Ghost
|inactive|Battle timer is ON: inactive players will automatically lose when time's up. (requested by OreburghRanger)
|inactive|Realfrytki has 60 seconds left.
|
|t:|1756321369
|teamsize|p1|4
|teamsize|p2|4
|start
|switch|p1a: Sneasler|Sneasler, L50, F|100/100
|switch|p1b: Dragonite|Dragonite, L50, M|100/100
|switch|p2a: Kenshin|Charizard, L50, M, shiny|100/100
|switch|p2b: Ayanami|Porygon2, L50, shiny|100/100
|-ability|p2b: Ayanami|Download|boost
|-boost|p2b: Ayanami|atk|1
|turn|1
|inactive|OreburghRanger has 30 seconds left.
|inactive|OreburghRanger has 20 seconds left.
|inactive|OreburghRanger has 15 seconds left.
|inactive|OreburghRanger has 10 seconds left.
|inactive|OreburghRanger has 5 seconds left.
|
|t:|1756321420
|-terastallize|p2b: Ayanami|Fighting
|move|p1a: Sneasler|Fake Out|p2b: Ayanami
|-damage|p2b: Ayanami|92/100
|move|p2a: Kenshin|Heat Wave|p1a: Sneasler|[spread] p1a,p1b
|-resisted|p1b: Dragonite
|-damage|p1a: Sneasler|34/100
|-damage|p1b: Dragonite|89/100
|-status|p1a: Sneasler|brn
|move|p1b: Dragonite|Scale Shot|p2a: Kenshin
|-damage|p2a: Kenshin|80/100
|-damage|p2a: Kenshin|61/100
|-damage|p2a: Kenshin|39/100
|-crit|p2a: Kenshin
|-damage|p2a: Kenshin|5/100
|-damage|p2a: Kenshin|0 fnt
|faint|p2a: Kenshin
|-hitcount|p2: Kenshin|5
|-unboost|p1b: Dragonite|def|1
|-boost|p1b: Dragonite|spe|1
|cant|p2b: Ayanami|flinch
|
|-damage|p1a: Sneasler|29/100 brn|[from] brn
|upkeep
|
|t:|1756321441
|switch|p2a: Musashi|Incineroar, L50, M|100/100
|-ability|p2a: Musashi|Intimidate|boost
|-unboost|p1a: Sneasler|atk|1
|-unboost|p1b: Dragonite|atk|1
|turn|2
|inactive|Realfrytki has 30 seconds left.
|inactive|OreburghRanger has 30 seconds left.
|inactive|OreburghRanger has 20 seconds left.
|inactive|OreburghRanger has 15 seconds left.
|
|t:|1756321485
|switch|p1b: Kingambit|Kingambit, L50, F|100/100
|move|p2a: Musashi|Fake Out|p1a: Sneasler
|-damage|p1a: Sneasler|9/100 brn
|cant|p1a: Sneasler|flinch
|move|p2b: Ayanami|Trick Room|p2b: Ayanami
|-fieldstart|move: Trick Room|[of] p2b: Ayanami
|
|-damage|p1a: Sneasler|4/100 brn|[from] brn
|upkeep
|turn|3
|inactive|Realfrytki has 30 seconds left.
|inactive|OreburghRanger has 30 seconds left.
|inactive|OreburghRanger has 20 seconds left.
|inactive|OreburghRanger has 15 seconds left.
|
|t:|1756321529
|-terastallize|p1b: Kingambit|Flying
|move|p1b: Kingambit|Tera Blast|p2b: Ayanami|[anim] Tera Blast Flying
|-supereffective|p2b: Ayanami
|-damage|p2b: Ayanami|28/100
|move|p2b: Ayanami|Ice Beam|p1a: Sneasler
|-damage|p1a: Sneasler|0 fnt
|faint|p1a: Sneasler
|move|p2a: Musashi|Knock Off|p1b: Kingambit
|-damage|p1b: Kingambit|68/100
|-enditem|p1b: Kingambit|Assault Vest|[from] move: Knock Off|[of] p2a: Musashi
|
|upkeep
|
|t:|1756321541
|switch|p1a: Dragonite|Dragonite, L50, M|89/100
|turn|4
|
|t:|1756321555
|switch|p2b: Ryo the Stern|Torkoal, L50, F|100/100
|-weather|SunnyDay|[from] ability: Drought|[of] p2b: Ryo the Stern
|move|p1b: Kingambit|Tera Blast|p2b: Ryo the Stern|[anim] Tera Blast Flying
|-damage|p2b: Ryo the Stern|67/100
|move|p2a: Musashi|Flare Blitz|p1b: Kingambit
|-damage|p1b: Kingambit|6/100
|-damage|p2a: Musashi|79/100|[from] Recoil
|move|p1a: Dragonite|Scale Shot|p2b: Ryo the Stern
|-damage|p2b: Ryo the Stern|56/100
|-damage|p2b: Ryo the Stern|46/100
|-damage|p2b: Ryo the Stern|36/100
|-damage|p2b: Ryo the Stern|23/100
|-hitcount|p2b: Ryo the Stern|4
|-unboost|p1a: Dragonite|def|1
|-boost|p1a: Dragonite|spe|1
|
|-weather|SunnyDay|[upkeep]
|upkeep
|turn|5
|inactive|Realfrytki has 30 seconds left.
|inactive|OreburghRanger has 30 seconds left.
|inactive|Realfrytki has 20 seconds left.
|inactive|OreburghRanger has 20 seconds left.
|inactive|Realfrytki has 15 seconds left.
|inactive|OreburghRanger has 15 seconds left.
|inactive|Realfrytki has 10 seconds left.
|
|t:|1756321601
|move|p2b: Ryo the Stern|Protect|p2b: Ryo the Stern
|-singleturn|p2b: Ryo the Stern|Protect
|move|p1b: Kingambit|Sucker Punch||[still]
|-fail|p1b: Kingambit
|move|p2a: Musashi|Knock Off|p1b: Kingambit
|-damage|p1b: Kingambit|0 fnt
|faint|p1b: Kingambit
|move|p1a: Dragonite|Scale Shot|p2a: Musashi
|-damage|p2a: Musashi|63/100
|-damage|p2a: Musashi|49/100
|-damage|p2a: Musashi|35/100
|-damage|p2a: Musashi|20/100
|-hitcount|p2a: Musashi|4
|-unboost|p1a: Dragonite|def|1
|-boost|p1a: Dragonite|spe|1
|
|-weather|SunnyDay|[upkeep]
|upkeep
|
|t:|1756321617
|switch|p1b: Rillaboom|Rillaboom, L50, F|100/100
|-fieldstart|move: Grassy Terrain|[from] ability: Grassy Surge|[of] p1b: Rillaboom
|turn|6
|inactive|OreburghRanger has 30 seconds left.
|inactive|OreburghRanger has 20 seconds left.
|
|t:|1756321653
|switch|p2a: Ayanami|Porygon2, L50, shiny, tera:Fighting|28/100
|-ability|p2a: Ayanami|Download|boost
|-boost|p2a: Ayanami|atk|1
|move|p1b: Rillaboom|Fake Out|p2b: Ryo the Stern
|-damage|p2b: Ryo the Stern|11/100
|move|p1a: Dragonite|Extreme Speed|p2a: Ayanami
|-damage|p2a: Ayanami|8/100
|cant|p2b: Ryo the Stern|flinch
|
|-weather|SunnyDay|[upkeep]
|-heal|p2b: Ryo the Stern|17/100|[from] Grassy Terrain
|-heal|p2a: Ayanami|14/100|[from] Grassy Terrain
|-fieldend|move: Trick Room
|upkeep
|turn|7
|inactive|Realfrytki has 30 seconds left.
|inactive|OreburghRanger has 30 seconds left.
|inactive|Realfrytki has 20 seconds left.
|inactive|Realfrytki has 15 seconds left.
|inactive|Realfrytki has 10 seconds left.
|inactive|OreburghRanger has 20 seconds left.
|inactive|OreburghRanger has 15 seconds left.
|
|t:|1756321706
|switch|p2a: Musashi|Incineroar, L50, M|20/100
|-ability|p2a: Musashi|Intimidate|boost
|-unboost|p1a: Dragonite|atk|1
|-unboost|p1b: Rillaboom|atk|1
|move|p2b: Ryo the Stern|Protect|p2b: Ryo the Stern
|-singleturn|p2b: Ryo the Stern|Protect
|move|p1a: Dragonite|Extreme Speed|p2a: Musashi
|-damage|p2a: Musashi|0 fnt
|faint|p2a: Musashi
|move|p1b: Rillaboom|High Horsepower|p2b: Ryo the Stern
|-activate|p2b: Ryo the Stern|move: Protect
|
|-weather|SunnyDay|[upkeep]
|-heal|p2b: Ryo the Stern|24/100|[from] Grassy Terrain
|upkeep
|
|t:|1756321716
|switch|p2a: Ayanami|Porygon2, L50, shiny, tera:Fighting|14/100
|-ability|p2a: Ayanami|Download|boost
|-boost|p2a: Ayanami|atk|1
|turn|8
|
|t:|1756321727
|move|p1a: Dragonite|Protect|p1a: Dragonite
|-singleturn|p1a: Dragonite|Protect
|move|p1b: Rillaboom|Wood Hammer|p2a: Ayanami
|-damage|p2a: Ayanami|0 fnt
|faint|p2a: Ayanami
|-damage|p1b: Rillaboom|96/100|[from] Recoil
|move|p2b: Ryo the Stern|Overheat|p1b: Rillaboom
|-supereffective|p1b: Rillaboom
|-damage|p1b: Rillaboom|0 fnt
|-unboost|p2b: Ryo the Stern|spa|2
|faint|p1b: Rillaboom
|
|-weather|none
|-heal|p2b: Ryo the Stern|30/100|[from] Grassy Terrain
|upkeep
|turn|9
|
|t:|1756321743
|move|p1a: Dragonite|Scale Shot|p2b: Ryo the Stern
|-damage|p2b: Ryo the Stern|23/100
|-damage|p2b: Ryo the Stern|13/100
|-damage|p2b: Ryo the Stern|6/100
|-damage|p2b: Ryo the Stern|0 fnt
|faint|p2b: Ryo the Stern
|-hitcount|p2: Ryo the Stern|4
|
|win|Realfrytki
