|j|☆fookinraw42
|j|☆pokesita
|html|fookinraw42pokesita    
|uhtml|bestof|Game 2 of a best-of-3
|t:|1756334608
|gametype|doubles
|player|p1|fookinraw42|flannery|1168
|player|p2|pokesita|266|1163
|gen|9
|tier|[Gen 9] VGC 2025 Reg H (Bo3)
|rated|
|rule|Species Clause: Limit one of each Pokémon
|rule|Item Clause: Limit 1 of each item
|clearpoke
|poke|p1|Gholdengo, L50|
|poke|p1|Amoonguss, L50, F|
|poke|p1|Basculegion, L50, M|
|poke|p1|Incineroar, L50, M|
|poke|p1|Archaludon, L50, M|
|poke|p1|Pelipper, L50, M|
|poke|p2|Typhlosion-Hisui, L50, M|
|poke|p2|Whimsicott, L50, M|
|poke|p2|Tauros-Paldea-Aqua, L50, M|
|poke|p2|Ursaluna-Bloodmoon, L50, M|
|poke|p2|Kingambit, L50, F|
|poke|p2|Maushold-Four, L50|
|teampreview|4
|showteam|p1|Gholdengo||LifeOrb|GoodasGold|MakeItRain,ShadowBall,NastyPlot,Protect||||||50|,,,,,Water]Amoonguss||SitrusBerry|Regenerator|Spore,RagePowder,PollenPuff,ClearSmog|||F|||50|,,,,,Electric]Basculegion||ChoiceBand|SwiftSwim|WaveCrash,FlipTurn,AquaJet,LastRespects|||M|||50|,,,,,Water]Incineroar||SafetyGoggles|Intimidate|KnockOff,PartingShot,WillOWisp,FakeOut|||M|||50|,,,,,Ghost]Archaludon||AssaultVest|Stamina|FlashCannon,DracoMeteor,ElectroShot,BodyPress|||M|||50|,,,,,Bug]Pelipper||CovertCloak|Drizzle|WeatherBall,Hurricane,Tailwind,Protect|||M|||50|,,,,,Dragon
|showteam|p2|Typhlosion-Hisui||ChoiceSpecs|Blaze|Eruption,HeatWave,ShadowBall,SleepTalk|||M|||50|,,,,,Fire]Whimsicott||CovertCloak|Prankster|Tailwind,SunnyDay,Encore,Moonblast|||M|||50|,,,,,Water]Tauros-Paldea-Aqua||MirrorHerb|Intimidate|Protect,AquaJet,RagingBull,CloseCombat|||M|||50|,,,,,Grass]Ursaluna-Bloodmoon||LifeOrb|MindsEye|Protect,BloodMoon,HyperVoice,EarthPower|||M|||50|,,,,,Normal]Kingambit||AssaultVest|Defiant|KowtowCleave,SuckerPunch,IronHead,LowKick|||F|||50|,,,,,Fairy]Maushold-Four||WideLens|FriendGuard|PopulationBomb,Taunt,FollowMe,Protect||||||50|,,,,,Normal
|inactive|Battle timer is ON: inactive players will automatically lose when time's up. (requested by fookinraw42)
|inactive|fookinraw42 has 60 seconds left.
|
|t:|1756334646
|teamsize|p1|4
|teamsize|p2|4
|start
|switch|p1a: Incineroar|Incineroar, L50, M|100/100
|switch|p1b: Basculegion|Basculegion, L50, M|100/100
|switch|p2a: Kingambit|Kingambit, L50, F|100/100
|switch|p2b: Whimsicott|Whimsicott, L50, M|100/100
|-ability|p1a: Incineroar|Intimidate|boost
|-unboost|p2a: Kingambit|atk|1
|-ability|p2a: Kingambit|Defiant|boost
|-boost|p2a: Kingambit|atk|2
|-unboost|p2b: Whimsicott|atk|1
|turn|1
|
|t:|1756334670
|switch|p2b: Tauros|Tauros-Paldea-Aqua, L50, M|100/100
|-ability|p2b: Tauros|Intimidate|boost
|-unboost|p1a: Incineroar|atk|1
|-unboost|p1b: Basculegion|atk|1
|move|p1a: Incineroar|Fake Out|p2a: Kingambit
|-resisted|p2a: Kingambit
|-damage|p2a: Kingambit|98/100
|move|p1b: Basculegion|Flip Turn|p2a: Kingambit
|-damage|p2a: Kingambit|74/100
|
|t:|1756334679
|switch|p1b: Archaludon|Archaludon, L50, M|100/100|[from] Flip Turn
|cant|p2a: Kingambit|flinch
|
|upkeep
|turn|2
|
|t:|1756334698
|-terastallize|p1a: Incineroar|Ghost
|-terastallize|p2a: Kingambit|Fairy
|move|p2b: Tauros|Close Combat|p1a: Incineroar
|-immune|p1a: Incineroar
|move|p1b: Archaludon|Body Press|p2a: Kingambit
|-resisted|p2a: Kingambit
|-damage|p2a: Kingambit|66/100
|move|p1a: Incineroar|Will-O-Wisp|p2a: Kingambit
|-status|p2a: Kingambit|brn
|move|p2a: Kingambit|Kowtow Cleave|p1a: Incineroar
|-supereffective|p1a: Incineroar
|-damage|p1a: Incineroar|38/100
|
|-damage|p2a: Kingambit|60/100 brn|[from] brn
|upkeep
|turn|3
|inactive|fookinraw42 has 30 seconds left.
|inactive|fookinraw42 has 20 seconds left.
|
|t:|1756334733
|switch|p1a: Pelipper|Pelipper, L50, M|100/100
|-weather|RainDance|[from] ability: Drizzle|[of] p1a: Pelipper
|move|p2b: Tauros|Close Combat|p1b: Archaludon
|-supereffective|p1b: Archaludon
|-damage|p1b: Archaludon|9/100
|-unboost|p2b: Tauros|def|1
|-unboost|p2b: Tauros|spd|1
|-ability|p1b: Archaludon|Stamina|boost
|-boost|p1b: Archaludon|def|1
|-enditem|p2b: Tauros|Mirror Herb
|-boost|p2b: Tauros|def|1|[from] item: Mirror Herb
|move|p1b: Archaludon|Flash Cannon|p2a: Kingambit
|-supereffective|p2a: Kingambit
|-damage|p2a: Kingambit|7/100 brn
|move|p2a: Kingambit|Kowtow Cleave|p1b: Archaludon
|-damage|p1b: Archaludon|0 fnt
|faint|p1b: Archaludon
|
|-weather|RainDance|[upkeep]
|-damage|p2a: Kingambit|1/100 brn|[from] brn
|upkeep
|
|t:|1756334755
|switch|p1b: Incineroar|Incineroar, L50, M, tera:Ghost|38/100
|-ability|p1b: Incineroar|Intimidate|boost
|-unboost|p2a: Kingambit|atk|1
|-ability|p2a: Kingambit|Defiant|boost
|-boost|p2a: Kingambit|atk|2
|-unboost|p2b: Tauros|atk|1
|turn|4
|inactive|pokesita has 30 seconds left.
|
|t:|1756334785
|switch|p2a: Whimsicott|Whimsicott, L50, M|100/100
|move|p2b: Tauros|Protect|p2b: Tauros
|-singleturn|p2b: Tauros|Protect
|move|p1b: Incineroar|Fake Out|p2a: Whimsicott
|-damage|p2a: Whimsicott|85/100
|move|p1a: Pelipper|Hurricane|p2b: Tauros
|-activate|p2b: Tauros|move: Protect
|
|-weather|RainDance|[upkeep]
|upkeep
|turn|5
|inactive|pokesita has 30 seconds left.
|
|t:|1756334816
|move|p2a: Whimsicott|Tailwind|p2a: Whimsicott
|-sidestart|p2: pokesita|move: Tailwind
|move|p2b: Tauros|Raging Bull|p1b: Incineroar
|-damage|p1b: Incineroar|0 fnt
|faint|p1b: Incineroar
|move|p1a: Pelipper|Tailwind|p1a: Pelipper
|-sidestart|p1: fookinraw42|move: Tailwind
|
|-weather|RainDance|[upkeep]
|upkeep
|
|t:|1756334823
|switch|p1b: Basculegion|Basculegion, L50, M|100/100
|turn|6
|
|t:|1756334850
|move|p2a: Whimsicott|Sunny Day|p2a: Whimsicott
|-weather|SunnyDay
|move|p2b: Tauros|Aqua Jet|p1a: Pelipper
|-resisted|p1a: Pelipper
|-damage|p1a: Pelipper|98/100
|move|p1b: Basculegion|Last Respects|p2a: Whimsicott
|-damage|p2a: Whimsicott|0 fnt
|faint|p2a: Whimsicott
|move|p1a: Pelipper|Hurricane|p2b: Tauros
|-supereffective|p2b: Tauros
|-damage|p2b: Tauros|0 fnt
|faint|p2b: Tauros
|
|-weather|SunnyDay|[upkeep]
|upkeep
|
|t:|1756334861
|switch|p2a: Typhlosion|Typhlosion-Hisui, L50, M|100/100
|switch|p2b: Kingambit|Kingambit, L50, F, tera:Fairy|1/100 brn
|turn|7
|
|t:|1756334873
|move|p1a: Pelipper|Protect|p1a: Pelipper
|-singleturn|p1a: Pelipper|Protect
|move|p2b: Kingambit|Sucker Punch|p1b: Basculegion
|-supereffective|p1b: Basculegion
|-damage|p1b: Basculegion|55/100
|move|p2a: Typhlosion|Eruption|p1b: Basculegion|[spread] p1b
|-activate|p1a: Pelipper|move: Protect
|-resisted|p1b: Basculegion
|-damage|p1b: Basculegion|0 fnt
|faint|p1b: Basculegion
|
|-weather|SunnyDay|[upkeep]
|-damage|p2b: Kingambit|0 fnt|[from] brn
|faint|p2b: Kingambit
|upkeep
|turn|8
|
|t:|1756334890
|move|p2a: Typhlosion|Eruption|p1a: Pelipper
|-resisted|p1a: Pelipper
|-damage|p1a: Pelipper|0 fnt
|faint|p1a: Pelipper
|
|win|pokesita
||fookinraw42 is ready for game 3.
||pokesita is ready for game 3.
|uhtml|next|Next: Game 3 of 3
|l|☆pokesita
|player|p2|
