|j|☆Zio Chri
|j|☆Esper Yuusha
|html|Zio ChriEsper Yuusha    
|uhtml|bestof|Game 1 of a best-of-3
|t:|1757837858
|gametype|doubles
|player|p1|Zio Chri|265|1018
|player|p2|Esper Yuusha|burglar|1098
|gen|9
|tier|[Gen 9] VGC 2025 Reg H (Bo3)
|rated|
|rule|Species Clause: Limit one of each Pokémon
|rule|Item Clause: Limit 1 of each item
|clearpoke
|poke|p1|Metagross, L50|
|poke|p1|Meowscarada, L50, M|
|poke|p1|Toxapex, L50, F|
|poke|p1|Gholdengo, L50|
|poke|p1|Talonflame, L50, M|
|poke|p1|Annihilape, L50, M|
|poke|p2|Umbreon, L50, M|
|poke|p2|Sylveon, L50, F|
|poke|p2|Espeon, L50, M|
|poke|p2|Indeedee-F, L50, F|
|poke|p2|Mimikyu, L50, F|
|poke|p2|Vaporeon, L50, M|
|teampreview|4
|showteam|p1|Metagross||AssaultVest|ClearBody|MeteorMash,ZenHeadbutt,BulletPunch,StompingTantrum||||||50|,,,,,Water]Meowscarada||FocusSash|Protean|FlowerTrick,KnockOff,Uturn,TripleAxel|||M|||50|,,,,,Fire]Toxapex||BlackSludge|Regenerator|Recover,Toxic,ToxicSpikes,Liquidation|||F|||50|,,,,,Ghost]Gholdengo||Leftovers|GoodasGold|MakeItRain,ShadowBall,Thunderbolt,Trick||||||50|,,,,,Fire]Talonflame||HeavyDutyBoots|GaleWings|BraveBird,Tailwind,Roost,Taunt|||M|||50|,,,,,Water]Annihilape||CovertCloak|InnerFocus|DrainPunch,RageFist,PhantomForce,Protect|||M|||50|,,,,,Water
|showteam|p2|Umbreon||Leftovers|InnerFocus|Snarl,FoulPlay,Moonlight,Protect|||M|||50|,,,,,Fairy]Sylveon||ThroatSpray|Pixilate|HyperVoice,QuickAttack,Moonblast,Protect|||F|||50|,,,,,Steel]Espeon||FocusSash|MagicBounce|ExpandingForce,QuickAttack,ShadowBall,Detect|||M|||50|,,,,,Psychic]Indeedee-F||PsychicSeed|PsychicSurge|HelpingHand,TrickRoom,FollowMe,Protect|||F|||50|,,,,,Fairy]Mimikyu||ClearAmulet|Disguise|PlayRough,ShadowSneak,Substitute,Protect|||F|||50|,,,,,Ghost]Vaporeon||CovertCloak|WaterAbsorb|HydroPump,IcyWind,Wish,Protect|||M|||50|,,,,,Fire
|inactive|Battle timer is ON: inactive players will automatically lose when time's up. (requested by Esper Yuusha)
|inactive|Zio Chri has 60 seconds left.
|
|t:|1757837909
|teamsize|p1|4
|teamsize|p2|4
|start
|switch|p1a: Metagross|Metagross, L50|100/100
|switch|p1b: Talonflame|Talonflame, L50, M|100/100
|switch|p2a: Espeon|Espeon, L50, M|100/100
|switch|p2b: Indeedee|Indeedee-F, L50, F|100/100
|-fieldstart|move: Psychic Terrain|[from] ability: Psychic Surge|[of] p2b: Indeedee
|-enditem|p2b: Indeedee|Psychic Seed
|-boost|p2b: Indeedee|spd|1|[from] item: Psychic Seed
|turn|1
|
|t:|1757837933
|move|p2b: Indeedee|Follow Me|p2b: Indeedee
|-singleturn|p2b: Indeedee|move: Follow Me
|move|p1b: Talonflame|Taunt|p2b: Indeedee
|-start|p2b: Indeedee|move: Taunt
|move|p2a: Espeon|Expanding Force|p1b: Talonflame|[spread] p1a,p1b
|-resisted|p1a: Metagross
|-damage|p1a: Metagross|90/100
|-damage|p1b: Talonflame|22/100
|move|p1a: Metagross|Stomping Tantrum|p2b: Indeedee
|-damage|p2b: Indeedee|56/100
|
|upkeep
|turn|2
|
|t:|1757837955
|switch|p2b: Umbreon|Umbreon, L50, M, shiny|100/100
|move|p1b: Talonflame|Brave Bird|p2a: Espeon
|-damage|p2a: Espeon|20/100
|-damage|p1b: Talonflame|2/100|[from] Recoil
|move|p2a: Espeon|Expanding Force|p1a: Metagross|[spread] p1a,p1b
|-resisted|p1a: Metagross
|-damage|p1a: Metagross|80/100
|-damage|p1b: Talonflame|0 fnt
|faint|p1b: Talonflame
|move|p1a: Metagross|Meteor Mash|p2a: Espeon
|-damage|p2a: Espeon|0 fnt
|faint|p2a: Espeon
|
|upkeep
|
|t:|1757837970
|switch|p1b: Annihilape|Annihilape, L50, M|100/100
|switch|p2a: Indeedee|Indeedee-F, L50, F|56/100
|turn|3
|
|t:|1757837995
|move|p2a: Indeedee|Protect|p2a: Indeedee
|-singleturn|p2a: Indeedee|Protect
|move|p1b: Annihilape|Drain Punch|p2a: Indeedee
|-activate|p2a: Indeedee|move: Protect
|move|p1a: Metagross|Meteor Mash|p2b: Umbreon
|-damage|p2b: Umbreon|57/100
|move|p2b: Umbreon|Foul Play|p1b: Annihilape
|-damage|p1b: Annihilape|44/100
|
|-heal|p2b: Umbreon|63/100|[from] item: Leftovers
|upkeep
|turn|4
|
|t:|1757838011
|-terastallize|p2a: Indeedee|Fairy
|move|p1b: Annihilape|Drain Punch|p2a: Indeedee
|-resisted|p2a: Indeedee
|-damage|p2a: Indeedee|28/100
|-heal|p1b: Annihilape|56/100|[from] drain|[of] p2a: Indeedee
|move|p1a: Metagross|Zen Headbutt|p2b: Umbreon
|-immune|p2b: Umbreon
|move|p2b: Umbreon|Foul Play|p1b: Annihilape
|-damage|p1b: Annihilape|3/100
|move|p2a: Indeedee|Trick Room|p2a: Indeedee
|-fieldstart|move: Trick Room|[of] p2a: Indeedee
|
|-heal|p2b: Umbreon|69/100|[from] item: Leftovers
|upkeep
|turn|5
|
|t:|1757838034
|move|p1b: Annihilape|Protect|p1b: Annihilape
|-singleturn|p1b: Annihilape|Protect
|move|p2a: Indeedee|Follow Me|p2a: Indeedee
|-singleturn|p2a: Indeedee|move: Follow Me
|move|p2b: Umbreon|Foul Play|p1a: Metagross
|-supereffective|p1a: Metagross
|-damage|p1a: Metagross|0 fnt
|faint|p1a: Metagross
|
|-heal|p2b: Umbreon|75/100|[from] item: Leftovers
|-fieldend|move: Psychic Terrain
|upkeep
|l|☆Zio Chri
|inactive|Zio Chri disconnected and has a minute to reconnect!
|player|p1|
|inactive|Zio Chri has 30 seconds left.
|inactive|Zio Chri has 20 seconds left.
|inactive|Zio Chri has 15 seconds left.
|inactive|Zio Chri has 10 seconds left.
|inactive|Zio Chri has 5 seconds left.
|-message|Zio Chri lost due to inactivity.
|
|win|Esper Yuusha
||Esper Yuusha is ready for game 2.
|inactive|Zio Chri has 0 seconds to reconnect!
|raw|Zio Chri's rating: 1018 → 1008(-10 for losing)
|raw|Esper Yuusha's rating: 1098 → 1118(+20 for winning)
|l|☆Esper Yuusha
|player|p2|
