|j|☆davidbob32
|j|☆rodjilius
|html|davidbob32rodjilius    
|uhtml|bestof|Game 2 of a best-of-3
|t:|1754847916
|gametype|doubles
|player|p1|davidbob32|102|1296
|player|p2|rodjilius|benga|1201
|gen|9
|tier|[Gen 9] VGC 2025 Reg H (Bo3)
|rated|
|rule|Species Clause: Limit one of each Pokémon
|rule|Item Clause: Limit 1 of each item
|clearpoke
|poke|p1|Sneasler, L50, M|
|poke|p1|Indeedee, L50, M|
|poke|p1|Volcarona, L50, F|
|poke|p1|Ursaluna-Bloodmoon, L50, M|
|poke|p1|Annihilape, L50, M|
|poke|p1|Tyranitar, L50, M|
|poke|p2|Dragapult, L50, F|
|poke|p2|Sneasler, L50, M|
|poke|p2|Indeedee, L50, M|
|poke|p2|Incineroar, L50, M|
|poke|p2|Typhlosion-Hisui, L50, F|
|poke|p2|Whimsicott, L50, F|
|teampreview|4
|showteam|p1|Sneasler||PsychicSeed|Unburden|CloseCombat,DireClaw,ThroatChop,Protect|||M|||50|,,,,,Dark]Indeedee||ChoiceScarf|PsychicSurge|ExpandingForce,TeraBlast,Trick,Protect|||M|||50|,,,,,Psychic]Volcarona||SitrusBerry|FlameBody|Overheat,StruggleBug,RagePowder,Tailwind|||F|||50|,,,,,Grass]Ursaluna-Bloodmoon||LifeOrb|MindsEye|BloodMoon,HyperVoice,EarthPower,Protect|||M|||50|,,,,,Normal]Annihilape||SafetyGoggles|Defiant|CloseCombat,RageFist,Taunt,FinalGambit|||M|||50|,,,,,Fairy]Tyranitar||AssaultVest|SandStream|RockSlide,KnockOff,TeraBlast,LowKick|||M|||50|,,,,,Flying
|showteam|p2|Dragapult||ChoiceBand|ClearBody|DragonDarts,PhantomForce,Uturn,Outrage|||F|||50|,,,,,Dragon]Sneasler||PsychicSeed|Unburden|DireClaw,ThroatChop,CloseCombat,Protect|||M|||50|,,,,,Dark]Indeedee||FocusSash|PsychicSurge|ExpandingForce,Imprison,TeraBlast,TrickRoom|||M|||50|,,,,,Fighting]Incineroar||SafetyGoggles|Intimidate|FakeOut,Taunt,KnockOff,PartingShot|||M|||50|,,,,,Bug]Typhlosion-Hisui||ChoiceSpecs|Blaze|Eruption,HeatWave,ShadowBall,SolarBeam|||F|||50|,,,,,Fire]Whimsicott||CovertCloak|Prankster|Moonblast,Protect,Tailwind,SunnyDay|||F|||50|,,,,,Steel
|inactive|Battle timer is ON: inactive players will automatically lose when time's up. (requested by rodjilius)
|inactive|davidbob32 has 60 seconds left.
|inactive|rodjilius has 60 seconds left.
|
|t:|1754847961
|teamsize|p1|4
|teamsize|p2|4
|start
|switch|p1a: Volcarona|Volcarona, L50, F|100/100
|switch|p1b: Tyranitar|Tyranitar, L50, M|100/100
|switch|p2a: Sneasler|Sneasler, L50, M|100/100
|switch|p2b: Incineroar|Incineroar, L50, M|100/100
|-ability|p2b: Incineroar|Intimidate|boost
|-unboost|p1a: Volcarona|atk|1
|-unboost|p1b: Tyranitar|atk|1
|-weather|Sandstorm|[from] ability: Sand Stream|[of] p1b: Tyranitar
|turn|1
|
|t:|1754847978
|-terastallize|p1b: Tyranitar|Flying
|move|p2b: Incineroar|Fake Out|p1b: Tyranitar
|-damage|p1b: Tyranitar|91/100
|move|p2a: Sneasler|Dire Claw|p1b: Tyranitar
|-damage|p1b: Tyranitar|57/100
|move|p1a: Volcarona|Tailwind|p1a: Volcarona
|-sidestart|p1: davidbob32|move: Tailwind
|cant|p1b: Tyranitar|flinch
|
|-weather|Sandstorm|[upkeep]
|-damage|p1a: Volcarona|94/100|[from] Sandstorm
|-damage|p1b: Tyranitar|51/100|[from] Sandstorm
|-damage|p2a: Sneasler|95/100|[from] Sandstorm
|upkeep
|turn|2
|
|t:|1754847995
|move|p2a: Sneasler|Protect|p2a: Sneasler
|-singleturn|p2a: Sneasler|Protect
|move|p1a: Volcarona|Overheat|p2a: Sneasler
|-activate|p2a: Sneasler|move: Protect
|move|p1b: Tyranitar|Rock Slide|p2b: Incineroar|[spread] p2b
|-activate|p2a: Sneasler|move: Protect
|-supereffective|p2b: Incineroar
|-damage|p2b: Incineroar|60/100
|move|p2b: Incineroar|Parting Shot|p1a: Volcarona
|-unboost|p1a: Volcarona|atk|1
|-unboost|p1a: Volcarona|spa|1
|
|t:|1754848009
|switch|p2b: Whimsicott|Whimsicott, L50, F|100/100|[from] Parting Shot
|
|-weather|Sandstorm|[upkeep]
|-damage|p1a: Volcarona|88/100|[from] Sandstorm
|-damage|p1b: Tyranitar|45/100|[from] Sandstorm
|-damage|p2a: Sneasler|89/100|[from] Sandstorm
|-damage|p2b: Whimsicott|95/100|[from] Sandstorm
|upkeep
|turn|3
|
|t:|1754848026
|switch|p2a: Incineroar|Incineroar, L50, M|60/100
|-ability|p2a: Incineroar|Intimidate|boost
|-unboost|p1a: Volcarona|atk|1
|-unboost|p1b: Tyranitar|atk|1
|move|p2b: Whimsicott|Protect|p2b: Whimsicott
|-singleturn|p2b: Whimsicott|Protect
|move|p1a: Volcarona|Overheat|p2b: Whimsicott
|-activate|p2b: Whimsicott|move: Protect
|move|p1b: Tyranitar|Tera Blast|p2a: Incineroar|[anim] Tera Blast Flying
|-damage|p2a: Incineroar|39/100
|
|-weather|Sandstorm|[upkeep]
|-damage|p1a: Volcarona|82/100|[from] Sandstorm
|-damage|p1b: Tyranitar|39/100|[from] Sandstorm
|-damage|p2b: Whimsicott|89/100|[from] Sandstorm
|upkeep
|turn|4
|inactive|davidbob32 has 30 seconds left.
|inactive|davidbob32 has 20 seconds left.
|inactive|davidbob32 has 15 seconds left.
|inactive|davidbob32 has 10 seconds left.
|inactive|davidbob32 has 5 seconds left.
|
|t:|1754848081
|-terastallize|p2b: Whimsicott|Steel
|move|p2a: Incineroar|Fake Out|p1a: Volcarona
|-damage|p1a: Volcarona|70/100
|cant|p1a: Volcarona|flinch
|move|p1b: Tyranitar|Rock Slide|p2b: Whimsicott|[spread] p2a,p2b
|-supereffective|p2a: Incineroar
|-resisted|p2b: Whimsicott
|-damage|p2a: Incineroar|10/100
|-damage|p2b: Whimsicott|77/100
|move|p2b: Whimsicott|Moonblast|p1b: Tyranitar
|-damage|p1b: Tyranitar|20/100
|
|-weather|Sandstorm|[upkeep]
|-damage|p1a: Volcarona|64/100|[from] Sandstorm
|-damage|p1b: Tyranitar|14/100|[from] Sandstorm
|-sideend|p1: davidbob32|move: Tailwind
|upkeep
|turn|5
|inactive|davidbob32 has 30 seconds left.
|inactive|rodjilius has 30 seconds left.
|inactive|rodjilius has 20 seconds left.
|
|t:|1754848123
|switch|p1a: Indeedee|Indeedee, L50, M|100/100
|-fieldstart|move: Psychic Terrain|[from] ability: Psychic Surge|[of] p1a: Indeedee
|switch|p1b: Sneasler|Sneasler, L50, M|100/100
|-enditem|p1b: Sneasler|Psychic Seed
|-boost|p1b: Sneasler|spd|1|[from] item: Psychic Seed
|move|p2b: Whimsicott|Tailwind|p2b: Whimsicott
|-sidestart|p2: rodjilius|move: Tailwind
|move|p2a: Incineroar|Taunt|p1a: Indeedee
|-start|p1a: Indeedee|move: Taunt
|
|-weather|none
|upkeep
|turn|6
|inactive|davidbob32 has 30 seconds left.
|inactive|davidbob32 has 20 seconds left.
|
|t:|1754848162
|switch|p1a: Volcarona|Volcarona, L50, F|64/100
|move|p2b: Whimsicott|Protect|p2b: Whimsicott
|-singleturn|p2b: Whimsicott|Protect
|move|p1b: Sneasler|Dire Claw|p2a: Incineroar
|-damage|p2a: Incineroar|0 fnt
|faint|p2a: Incineroar
|
|upkeep
|
|t:|1754848180
|switch|p2a: Typhlosion|Typhlosion-Hisui, L50, F|100/100
|turn|7
|
|t:|1754848204
|switch|p2a: Sneasler|Sneasler, L50, M|89/100
|-enditem|p2a: Sneasler|Psychic Seed
|-boost|p2a: Sneasler|spd|1|[from] item: Psychic Seed
|move|p1b: Sneasler|Throat Chop|p2a: Sneasler
|-resisted|p2a: Sneasler
|-damage|p2a: Sneasler|63/100
|-start|p2a: Sneasler|Throat Chop|[silent]
|move|p2b: Whimsicott|Moonblast|p1b: Sneasler
|-damage|p1b: Sneasler|71/100
|-unboost|p1b: Sneasler|spa|1
|move|p1a: Volcarona|Overheat|p2b: Whimsicott
|-supereffective|p2b: Whimsicott
|-damage|p2b: Whimsicott|0 fnt
|-unboost|p1a: Volcarona|spa|2
|faint|p2b: Whimsicott
|
|upkeep
|
|t:|1754848217
|switch|p2b: Typhlosion|Typhlosion-Hisui, L50, F|100/100
|turn|8
|inactive|davidbob32 has 30 seconds left.
|inactive|davidbob32 has 20 seconds left.
|
|t:|1754848256
|move|p1a: Volcarona|Rage Powder|p1a: Volcarona
|-singleturn|p1a: Volcarona|move: Rage Powder
|move|p2a: Sneasler|Dire Claw|p1a: Volcarona
|-damage|p1a: Volcarona|14/100
|-status|p1a: Volcarona|slp
|-enditem|p1a: Volcarona|Sitrus Berry|[eat]
|-heal|p1a: Volcarona|39/100 slp|[from] item: Sitrus Berry
|move|p1b: Sneasler|Close Combat|p2a: Sneasler
|-resisted|p2a: Sneasler
|-damage|p2a: Sneasler|5/100
|-unboost|p1b: Sneasler|def|1
|-unboost|p1b: Sneasler|spd|1
|move|p2b: Typhlosion|Heat Wave|p1a: Volcarona|[spread] p1a,p1b
|-crit|p1b: Sneasler
|-damage|p1a: Volcarona|0 fnt
|-damage|p1b: Sneasler|0 fnt
|faint|p1a: Volcarona
|faint|p1b: Sneasler
|
|-end|p2a: Sneasler|Throat Chop|[silent]
|-sideend|p2: rodjilius|move: Tailwind
|upkeep
|
|t:|1754848276
|switch|p1b: Indeedee|Indeedee, L50, M|100/100
|switch|p1a: Tyranitar|Tyranitar, L50, M, tera:Flying|14/100
|-weather|Sandstorm|[from] ability: Sand Stream|[of] p1a: Tyranitar
|turn|9
|
|t:|1754848292
|move|p2a: Sneasler|Throat Chop|p1b: Indeedee
|-supereffective|p1b: Indeedee
|-damage|p1b: Indeedee|0 fnt
|faint|p1b: Indeedee
|move|p2b: Typhlosion|Heat Wave|p1a: Tyranitar
|-damage|p1a: Tyranitar|0 fnt
|faint|p1a: Tyranitar
|
|win|rodjilius
|raw|davidbob32's rating: 1296 → 1264(-32 for losing)
|raw|rodjilius's rating: 1201 → 1233(+32 for winning)
|c|☆rodjilius|Gg
