|j|☆Juno Truther
|j|☆AtomicTwilight
|html|Juno TrutherAtomicTwilight    
|uhtml|bestof|Game 2 of a best-of-3
|t:|1783824553
|gametype|doubles
|player|p1|Juno Truther|rosa|
|player|p2|AtomicTwilight|canari|
|gen|9
|tier|[Gen 9 Champions] VGC 2026 Reg M-B (Bo3)
|rule|Species Clause: Limit one of each Pokémon
|rule|Item Clause: Limit 1 of each item
|clearpoke
|poke|p1|Chandelure, L50, F|
|poke|p1|Garganacl, L50, M|
|poke|p1|Greninja, L50, F|
|poke|p1|Rotom-Mow, L50|
|poke|p1|Krookodile, L50, M|
|poke|p1|Ariados, L50, M|
|poke|p2|Greninja, L50, F|
|poke|p2|Slowking-Galar, L50, F|
|poke|p2|Rotom-Frost, L50|
|poke|p2|Klefki, L50, F|
|poke|p2|Krookodile, L50, F|
|poke|p2|Floette-Eternal, L50, F|
|teampreview|4
|showteam|p1|Chandelure||Chandelurite|Infiltrator|HeatWave,ShadowBall,TrickRoom,Protect|Modest||F|||50|]Garganacl||Leftovers|PurifyingSalt|WideGuard,SaltCure,Recover,Protect|Sassy||M|||50|]Greninja||Greninjite|Torrent|IceBeam,Protect,HydroPump,DarkPulse|Timid||F|||50|]Rotom-Mow||ChoiceScarf|Levitate|Thunderbolt,LeafStorm,Electroweb,VoltSwitch|Timid|||||50|]Krookodile||PasshoBerry|Intimidate|Crunch,Taunt,Protect,HighHorsepower|Adamant||M|||50|]Ariados||ScopeLens|Sniper|CrossPoison,Protect,RagePowder|Impish||M|||50|
|showteam|p2|Greninja||Greninjite|Protean|Blizzard,DarkPulse,Extrasensory,Protect|Modest||F|||50|]Slowking-Galar||Leftovers|Regenerator|ChillyReception,Protect,Toxic,AcidSpray|Calm||F|||50|]Rotom-Frost||ChoiceScarf|Levitate|VoltSwitch,Blizzard,Discharge,Electroweb|Timid|||||50|]Klefki||LightClay|Prankster|ThunderWave,Reflect,LightScreen,DazzlingGleam|Timid||F|||50|]Krookodile||LifeOrb|Intimidate|Earthquake,KnockOff,CloseCombat,Protect|Jolly||F|||50|]Floette-Eternal||FairyFeather|FlowerVeil|Protect,DazzlingGleam,Moonblast,LightofRuin|Timid||F|||50|
|c|☆AtomicTwilight|we truly did play the long game in game 1 ToT
|
|t:|1783824619
|teamsize|p1|4
|teamsize|p2|4
|start
|switch|p1a: Ariados|Ariados, L50, M|100/100
|switch|p1b: Greninja|Greninja, L50, F|100/100
|switch|p2a: Klefki|Klefki, L50, F|100/100
|switch|p2b: Greninja|Greninja, L50, F|100/100
|turn|1
|
|t:|1783824669
|detailschange|p1b: Greninja|Greninja-Mega, L50, F
|-mega|p1b: Greninja|Greninja|Greninjite
|move|p2a: Klefki|Light Screen|p2a: Klefki
|-sidestart|p2: AtomicTwilight|move: Light Screen
|move|p1b: Greninja|Hydro Pump|p2b: Greninja
|-start|p1b: Greninja|typechange|Water|[from] ability: Protean
|-resisted|p2b: Greninja|1
|-damage|p2b: Greninja|69/100
|move|p2b: Greninja|Extrasensory|p1a: Ariados
|-start|p2b: Greninja|typechange|Psychic|[from] ability: Protean
|-supereffective|p1a: Ariados|1
|-damage|p1a: Ariados|1/100
|move|p1a: Ariados|Cross Poison|p2b: Greninja
|-crit|p2b: Greninja
|-damage|p2b: Greninja|0 fnt
|faint|p2b: Greninja
|
|upkeep
|
|t:|1783824692
|switch|p2b: Rotom|Rotom-Frost, L50|100/100
|turn|2
|
|t:|1783824714
|move|p1b: Greninja|Protect|p1b: Greninja
|-singleturn|p1b: Greninja|Protect
|move|p2a: Klefki|Thunder Wave|p1b: Greninja
|-activate|p1b: Greninja|move: Protect
|move|p2b: Rotom|Electroweb|p1b: Greninja|[spread] p1a
|-activate|p1b: Greninja|move: Protect
|-damage|p1a: Ariados|0 fnt
|faint|p1a: Ariados
|
|upkeep
|
|t:|1783824717
|switch|p1a: Garganacl|Garganacl, L50, M|100/100
|turn|3
|
|t:|1783824732
|switch|p2b: Krookodile|Krookodile, L50, F|100/100
|-ability|p2b: Krookodile|Intimidate|boost
|-unboost|p1a: Garganacl|atk|1
|-unboost|p1b: Greninja|atk|1
|switch|p1b: Krookodile|Krookodile, L50, M|100/100
|-ability|p1b: Krookodile|Intimidate|boost
|-unboost|p2a: Klefki|atk|1
|-unboost|p2b: Krookodile|atk|1
|move|p2a: Klefki|Thunder Wave|p1b: Krookodile
|-immune|p1b: Krookodile
|move|p1a: Garganacl|Salt Cure|p2b: Krookodile
|-resisted|p2b: Krookodile|1
|-damage|p2b: Krookodile|94/100
|-start|p2b: Krookodile|Salt Cure
|
|-damage|p2b: Krookodile|88/100|[from] Salt Cure
|upkeep
|turn|4
|
|t:|1783824755
|switch|p2b: Rotom|Rotom-Frost, L50|100/100
|move|p1a: Garganacl|Protect|p1a: Garganacl
|-singleturn|p1a: Garganacl|Protect
|move|p2a: Klefki|Reflect|p2a: Klefki
|-sidestart|p2: AtomicTwilight|Reflect
|move|p1b: Krookodile|High Horsepower|p2b: Rotom
|-immune|p2b: Rotom|[from] ability: Levitate
|
|upkeep
|turn|5
|
|t:|1783824770
|move|p1b: Krookodile|Protect|p1b: Krookodile
|-singleturn|p1b: Krookodile|Protect
|move|p2b: Rotom|Volt Switch|p1a: Garganacl
|-damage|p1a: Garganacl|75/100
|
|t:|1783824776
|switch|p2b: Krookodile|Krookodile, L50, F|88/100|[from] Volt Switch
|-ability|p2b: Krookodile|Intimidate|boost
|-unboost|p1a: Garganacl|atk|1
|-unboost|p1b: Krookodile|atk|1
|move|p2a: Klefki|Dazzling Gleam|p1a: Garganacl|[spread] p1a
|-activate|p1b: Krookodile|move: Protect
|-damage|p1a: Garganacl|63/100
|move|p1a: Garganacl|Salt Cure|p2b: Krookodile
|-resisted|p2b: Krookodile|1
|-damage|p2b: Krookodile|85/100
|-start|p2b: Krookodile|Salt Cure
|
|-heal|p1a: Garganacl|69/100|[from] item: Leftovers
|-damage|p2b: Krookodile|79/100|[from] Salt Cure
|upkeep
|turn|6
|
|t:|1783824794
|switch|p2a: Rotom|Rotom-Frost, L50|100/100
|move|p1a: Garganacl|Protect|p1a: Garganacl
|-singleturn|p1a: Garganacl|Protect
|move|p2b: Krookodile|Close Combat|p1b: Krookodile
|-supereffective|p1b: Krookodile|1
|-damage|p1b: Krookodile|3/100
|-unboost|p2b: Krookodile|def|1
|-unboost|p2b: Krookodile|spd|1
|-damage|p2b: Krookodile|69/100|[from] item: Life Orb
|move|p1b: Krookodile|High Horsepower|p2b: Krookodile
|-damage|p2b: Krookodile|29/100
|
|-heal|p1a: Garganacl|74/100|[from] item: Leftovers
|-damage|p2b: Krookodile|23/100|[from] Salt Cure
|upkeep
|turn|7
|
|t:|1783824826
|switch|p2b: Klefki|Klefki, L50, F|100/100
|move|p1a: Garganacl|Wide Guard|p1a: Garganacl
|-singleturn|p1a: Garganacl|Wide Guard
|move|p2a: Rotom|Volt Switch|p1a: Garganacl
|-damage|p1a: Garganacl|51/100
|
|t:|1783824833
|switch|p2a: Krookodile|Krookodile, L50, F|23/100|[from] Volt Switch
|-ability|p2a: Krookodile|Intimidate|boost
|-unboost|p1a: Garganacl|atk|1
|-unboost|p1b: Krookodile|atk|1
|move|p1b: Krookodile|High Horsepower|p2b: Klefki
|-supereffective|p2b: Klefki|1
|-damage|p2b: Klefki|58/100
|
|-heal|p1a: Garganacl|57/100|[from] item: Leftovers
|upkeep
|turn|8
|
|t:|1783824850
|move|p2a: Krookodile|Close Combat|p1a: Garganacl
|-supereffective|p1a: Garganacl|1
|-damage|p1a: Garganacl|0 fnt
|-unboost|p2a: Krookodile|def|1
|-unboost|p2a: Krookodile|spd|1
|faint|p1a: Garganacl
|-damage|p2a: Krookodile|13/100|[from] item: Life Orb
|move|p2b: Klefki|Dazzling Gleam|p1b: Krookodile
|-supereffective|p1b: Krookodile|1
|-damage|p1b: Krookodile|0 fnt
|faint|p1b: Krookodile
|
|-sideend|p2: AtomicTwilight|move: Light Screen
|upkeep
|
|t:|1783824853
|switch|p1b: Greninja|Greninja-Mega, L50, F|100/100
|turn|9
|
|t:|1783824873
|move|p2a: Krookodile|Protect|p2a: Krookodile
|-singleturn|p2a: Krookodile|Protect
|move|p2b: Klefki|Light Screen|p2b: Klefki
|-sidestart|p2: AtomicTwilight|move: Light Screen
|move|p1b: Greninja|Ice Beam|p2a: Krookodile
|-start|p1b: Greninja|typechange|Ice|[from] ability: Protean
|-activate|p2a: Krookodile|move: Protect
|
|upkeep
|turn|10
|
|t:|1783824884
|move|p1b: Greninja|Dark Pulse|p2a: Krookodile
|-resisted|p2a: Krookodile|1
|-crit|p2a: Krookodile
|-damage|p2a: Krookodile|0 fnt
|faint|p2a: Krookodile
|move|p2b: Klefki|Dazzling Gleam|p1b: Greninja
|-damage|p1b: Greninja|67/100
|
|upkeep
|
|t:|1783824891
|switch|p2a: Rotom|Rotom-Frost, L50|100/100
|turn|11
|
|t:|1783824900
|move|p2a: Rotom|Discharge|p1b: Greninja|[spread] p2b,p1b
|-damage|p2b: Klefki|35/100
|-damage|p1b: Greninja|30/100
|-status|p2b: Klefki|par
|-status|p1b: Greninja|par
|move|p1b: Greninja|Hydro Pump|p2a: Rotom|[miss]
|-miss|p1b: Greninja|p2a: Rotom
|cant|p2b: Klefki|par
|
|-sideend|p2: AtomicTwilight|Reflect
|upkeep
|turn|12
|
|t:|1783824913
|move|p2a: Rotom|Discharge|p1b: Greninja|[spread] p2b,p1b
|-damage|p2b: Klefki|12/100 par
|-damage|p1b: Greninja|0 fnt
|faint|p1b: Greninja
|
|win|AtomicTwilight
||AtomicTwilight is ready for game 3.
||Juno Truther is ready for game 3.
|uhtml|next|Next: Game 3 of 3
