|j|☆OssiGT
|j|☆TopekaMelon
|html|OssiGTTopekaMelon    
|uhtml|bestof|Game 1 of a best-of-3
|t:|1783957479
|gametype|doubles
|player|p1|OssiGT|colress|1241
|player|p2|TopekaMelon|sabrina|1312
|gen|9
|tier|[Gen 9 Champions] VGC 2026 Reg M-B (Bo3)
|rated|
|rule|Species Clause: Limit one of each Pokémon
|rule|Item Clause: Limit 1 of each item
|clearpoke
|poke|p1|Raichu, L50, M|
|poke|p1|Mawile, L50, M|
|poke|p1|Sinistcha, L50|
|poke|p1|Ceruledge, L50, F|
|poke|p1|Milotic, L50, F|
|poke|p1|Incineroar, L50, M|
|poke|p2|Farigiraf, L50, F|
|poke|p2|Torkoal, L50, M|
|poke|p2|Incineroar, L50, M|
|poke|p2|Vivillon-Elegant, L50, M|
|poke|p2|Gardevoir, L50, M|
|poke|p2|Mudsdale, L50, F|
|teampreview|4
|showteam|p1|Raichu||RaichuniteY|LightningRod|ZapCannon,FocusBlast,FakeOut,Protect|Timid||M|||50|]Mawile||Mawilite|HyperCutter|PlayRough,SuckerPunch,SwordsDance,Protect|Adamant||M|||50|]Sinistcha||KasibBerry|Hospitality|MatchaGotcha,LifeDew,RagePowder,Protect|Relaxed|||||50|]Ceruledge||ColburBerry|FlashFire|BitterBlade,ShadowSneak,BulkUp,Protect|Adamant||F|||50|]Milotic||Leftovers|Competitive|MuddyWater,Coil,Hypnosis,Protect|Calm||F|||50|]Incineroar||SitrusBerry|Intimidate|FlareBlitz,ThroatChop,FakeOut,PartingShot|Impish||M|||50|
|showteam|p2|Farigiraf||SitrusBerry|ArmorTail|Protect,TrickRoom,Thunderbolt,Psychic|Sassy||F|||50|]Torkoal||Charcoal|Drought|Protect,SolarBeam,WeatherBall,Eruption|Quiet||M|||50|]Incineroar||WhiteHerb|Intimidate|FlareBlitz,DarkestLariat,CloseCombat,FakeOut|Brave||M|||50|]Vivillon-Elegant||FocusSash|CompoundEyes|Protect,RagePowder,SleepPowder,Hurricane|Timid||M|||50|]Gardevoir||Gardevoirite|Telepathy|Protect,TrickRoom,Psychic,HyperVoice|Quiet||M|||50|]Mudsdale||LifeOrb|InnerFocus|Earthquake,HighHorsepower,HeavySlam,RockSlide|Brave||F|||50|
|
|t:|1783957538
|teamsize|p1|4
|teamsize|p2|4
|start
|switch|p1a: Milotic|Milotic, L50, F|100/100
|switch|p1b: Sinistcha|Sinistcha, L50|100/100
|switch|p2a: Vivillon|Vivillon-Elegant, L50, M|100/100
|switch|p2b: Farigiraf|Farigiraf, L50, F|100/100
|turn|1
|
|t:|1783957554
|move|p1b: Sinistcha|Rage Powder|p1b: Sinistcha
|-singleturn|p1b: Sinistcha|move: Rage Powder
|move|p2a: Vivillon|Hurricane|p1b: Sinistcha
|-supereffective|p1b: Sinistcha|1
|-damage|p1b: Sinistcha|21/100
|move|p1a: Milotic|Coil|p1a: Milotic
|-boost|p1a: Milotic|atk|1
|-boost|p1a: Milotic|def|1
|-boost|p1a: Milotic|accuracy|1
|move|p2b: Farigiraf|Psychic|p1b: Sinistcha
|-damage|p1b: Sinistcha|0 fnt
|faint|p1b: Sinistcha
|
|upkeep
|
|t:|1783957575
|switch|p1b: Ceruledge|Ceruledge, L50, F|100/100
|turn|2
|
|t:|1783957585
|move|p2a: Vivillon|Sleep Powder|p1a: Milotic
|-status|p1a: Milotic|slp|[from] move: Sleep Powder
|move|p1b: Ceruledge|Bulk Up|p1b: Ceruledge
|-boost|p1b: Ceruledge|atk|1
|-boost|p1b: Ceruledge|def|1
|cant|p1a: Milotic|slp
|move|p2b: Farigiraf|Trick Room|p2b: Farigiraf
|-fieldstart|move: Trick Room|[of] p2b: Farigiraf
|
|upkeep
|turn|3
|
|t:|1783957617
|switch|p2a: Mudsdale|Mudsdale, L50, F|100/100
|move|p2b: Farigiraf|Thunderbolt|p1a: Milotic
|-supereffective|p1a: Milotic|1
|-damage|p1a: Milotic|70/100 slp
|cant|p1a: Milotic|slp
|move|p1b: Ceruledge|Bitter Blade|p2a: Mudsdale
|-damage|p2a: Mudsdale|36/100
|
|-heal|p1a: Milotic|76/100 slp|[from] item: Leftovers
|upkeep
|turn|4
|
|t:|1783957652
|move|p1b: Ceruledge|Protect|p1b: Ceruledge
|-singleturn|p1b: Ceruledge|Protect
|move|p2a: Mudsdale|High Horsepower|p1a: Milotic
|-damage|p1a: Milotic|37/100 slp
|-damage|p2a: Mudsdale|26/100|[from] item: Life Orb
|move|p2b: Farigiraf|Thunderbolt|p1a: Milotic
|-supereffective|p1a: Milotic|1
|-damage|p1a: Milotic|6/100 slp
|-curestatus|p1a: Milotic|slp|[msg]
|move|p1a: Milotic|Hypnosis|p2a: Mudsdale
|-status|p2a: Mudsdale|slp|[from] move: Hypnosis
|
|-heal|p1a: Milotic|12/100|[from] item: Leftovers
|upkeep
|turn|5
|
|t:|1783957672
|move|p2b: Farigiraf|Protect|p2b: Farigiraf
|-singleturn|p2b: Farigiraf|Protect
|move|p1a: Milotic|Protect|p1a: Milotic
|-singleturn|p1a: Milotic|Protect
|cant|p2a: Mudsdale|slp
|move|p1b: Ceruledge|Bitter Blade|p2b: Farigiraf
|-activate|p2b: Farigiraf|move: Protect
|
|-heal|p1a: Milotic|18/100|[from] item: Leftovers
|upkeep
|turn|6
|
|t:|1783957688
|cant|p2a: Mudsdale|slp
|move|p2b: Farigiraf|Thunderbolt|p1a: Milotic
|-supereffective|p1a: Milotic|1
|-damage|p1a: Milotic|0 fnt
|faint|p1a: Milotic
|move|p1b: Ceruledge|Bitter Blade|p2b: Farigiraf
|-damage|p2b: Farigiraf|35/100
|-enditem|p2b: Farigiraf|Sitrus Berry|[eat]
|-heal|p2b: Farigiraf|60/100|[from] item: Sitrus Berry
|
|-fieldend|move: Trick Room
|upkeep
|
|t:|1783957698
|switch|p1a: Incineroar|Incineroar, L50, M|100/100
|-ability|p1a: Incineroar|Intimidate|boost
|-fail|p2a: Mudsdale|unboost|Attack|[from] ability: Inner Focus|[of] p2a: Mudsdale
|-unboost|p2b: Farigiraf|atk|1
|turn|7
|
|t:|1783957720
|switch|p2a: Vivillon|Vivillon-Elegant, L50, M|100/100
|move|p2b: Farigiraf|Protect|p2b: Farigiraf
|-singleturn|p2b: Farigiraf|Protect
|move|p1b: Ceruledge|Bitter Blade|p2a: Vivillon
|-supereffective|p2a: Vivillon|1
|-enditem|p2a: Vivillon|Focus Sash
|-damage|p2a: Vivillon|1/100
|move|p1a: Incineroar|Throat Chop|p2b: Farigiraf
|-activate|p2b: Farigiraf|move: Protect
|
|upkeep
|turn|8
|inactive|Battle timer is ON: inactive players will automatically lose when time's up. (requested by OssiGT)
|
|t:|1783957749
|move|p2a: Vivillon|Sleep Powder|p1b: Ceruledge
|-status|p1b: Ceruledge|slp|[from] move: Sleep Powder
|cant|p1b: Ceruledge|slp
|move|p1a: Incineroar|Throat Chop|p2b: Farigiraf
|-supereffective|p2b: Farigiraf|1
|-damage|p2b: Farigiraf|9/100
|-start|p2b: Farigiraf|Throat Chop|[silent]
|move|p2b: Farigiraf|Trick Room|p2b: Farigiraf
|-fieldstart|move: Trick Room|[of] p2b: Farigiraf
|
|upkeep
|turn|9
|
|t:|1783957762
|move|p2a: Vivillon|Rage Powder|p2a: Vivillon
|-singleturn|p2a: Vivillon|move: Rage Powder
|move|p2b: Farigiraf|Psychic|p1b: Ceruledge
|-damage|p1b: Ceruledge|67/100 slp
|move|p1a: Incineroar|Throat Chop|p2a: Vivillon
|-damage|p2a: Vivillon|0 fnt
|faint|p2a: Vivillon
|cant|p1b: Ceruledge|slp
|
|-end|p2b: Farigiraf|Throat Chop|[silent]
|upkeep
|
|t:|1783957771
|switch|p2a: Mudsdale|Mudsdale, L50, F|26/100 slp
|turn|10
|
|t:|1783957784
|move|p2b: Farigiraf|Protect|p2b: Farigiraf
|-singleturn|p2b: Farigiraf|Protect
|-curestatus|p1b: Ceruledge|slp|[msg]
|move|p1b: Ceruledge|Protect|p1b: Ceruledge
|-singleturn|p1b: Ceruledge|Protect
|-curestatus|p2a: Mudsdale|slp|[msg]
|move|p2a: Mudsdale|Earthquake|p1b: Ceruledge|[spread] p1a
|-activate|p2b: Farigiraf|move: Protect
|-activate|p1b: Ceruledge|move: Protect
|-supereffective|p1a: Incineroar|1
|-damage|p1a: Incineroar|17/100
|-enditem|p1a: Incineroar|Sitrus Berry|[eat]
|-heal|p1a: Incineroar|42/100|[from] item: Sitrus Berry
|-damage|p2a: Mudsdale|16/100|[from] item: Life Orb
|move|p1a: Incineroar|Throat Chop|p2b: Farigiraf
|-activate|p2b: Farigiraf|move: Protect
|
|upkeep
|turn|11
|inactive|TopekaMelon has 30 seconds left.
|inactive|TopekaMelon has 20 seconds left.
|
|t:|1783957823
|move|p2a: Mudsdale|Earthquake|p1a: Incineroar|[spread] p2b,p1a,p1b
|-supereffective|p1a: Incineroar|1
|-supereffective|p1b: Ceruledge|1
|-damage|p2b: Farigiraf|0 fnt
|-damage|p1a: Incineroar|0 fnt
|-damage|p1b: Ceruledge|0 fnt
|faint|p2b: Farigiraf
|faint|p1a: Incineroar
|faint|p1b: Ceruledge
|-damage|p2a: Mudsdale|7/100|[from] item: Life Orb
|
|win|TopekaMelon
||TopekaMelon is ready for game 2.
|inactive|OssiGT has 30 seconds to confirm battle start!
||OssiGT is ready for game 2.
|uhtml|next|Next: Game 2 of 3
|l|☆OssiGT
|player|p1|
