|j|☆ALoafOfGarlicBread
|j|☆Moollyoolly
|html|ALoafOfGarlicBreadMoollyoolly    
|uhtml|bestof|Game 2 of a best-of-3
|t:|1757034492
|gametype|doubles
|player|p1|ALoafOfGarlicBread|pokemaniac|
|player|p2|Moollyoolly|acetrainerf-gen4dp|
|gen|9
|tier|[Gen 9] VGC 2025 Reg H (Bo3)
|rule|Species Clause: Limit one of each Pokémon
|rule|Item Clause: Limit 1 of each item
|clearpoke
|poke|p1|Tyranitar, L50, F|
|poke|p1|Houndstone, L50, M|
|poke|p1|Dondozo, L50, F|
|poke|p1|Tatsugiri, L50, M|
|poke|p1|Sinistcha-Masterpiece, L50|
|poke|p1|Gothitelle, L50, F|
|poke|p2|Florges, L50, F|
|poke|p2|Annihilape, L50, M|
|poke|p2|Blastoise, L50, M|
|poke|p2|Porygon2, L50|
|poke|p2|Ursaring, L50, F|
|poke|p2|Bronzong, L50|
|teampreview|4
|showteam|p1|Tyranitar||AssaultVest|SandStream|KnockOff,RockSlide,TeraBlast,LowKick|||F|||50|,,,,,Flying]Houndstone||FocusSash|SandRush|WillOWisp,Howl,Protect,LastRespects|||M|||50|,,,,,Ghost]Dondozo||Leftovers|Unaware|OrderUp,BodySlam,Earthquake,Protect|||F|||50|,,,,,Steel]Tatsugiri||ChoiceScarf|Commander|DracoMeteor,MuddyWater,IcyWind,Taunt|||M|||50|,,,,,Ghost]Sinistcha-Masterpiece||SitrusBerry|Hospitality|MatchaGotcha,RagePowder,ShadowBall,TrickRoom||||||50|,,,,,Water]Gothitelle||CovertCloak|ShadowTag|FakeOut,FoulPlay,Taunt,HelpingHand|||F|||50|,,,,,Dark
|showteam|p2|Florges||LifeOrb|FlowerVeil|Moonblast,PollenPuff,DrainingKiss,LightScreen|||F|||50|,,,,,Fairy]Annihilape||AssaultVest|Defiant|FinalGambit,DrainPunch,RageFist,IcePunch|||M|||50|,,,,,Fighting]Blastoise||RockyHelmet|RainDish|Haze,ChillingWater,FakeOut,Protect|||M|||50|,,,,,Water]Porygon2||Eviolite|Download|TrickRoom,Recover,IceBeam,Thunderbolt||||||50|,,,,,Ghost]Ursaring||FlameOrb|Guts|Facade,SwordsDance,Protect,IcePunch|||F|||50|,,,,,Normal]Bronzong||Leftovers|Levitate|IceSpinner,TrickRoom,Reflect,GyroBall||||||50|,,,,,Steel
|
|t:|1757034526
|teamsize|p1|4
|teamsize|p2|4
|start
|switch|p1a: White Whale|Dondozo, L50, F|100/100
|switch|p1b: CAPTAIN AHAB|Tatsugiri, L50, M|100/100
|switch|p2a: Porygon2|Porygon2, L50|100/100
|switch|p2b: Ursaring|Ursaring, L50, F|100/100
|-ability|p2a: Porygon2|Download|boost
|-boost|p2a: Porygon2|spa|1
|-activate|p1b: CAPTAIN AHAB|ability: Commander|[of] p1a: White Whale
|-boost|p1a: White Whale|atk|2
|-boost|p1a: White Whale|spa|2
|-boost|p1a: White Whale|spe|2
|-boost|p1a: White Whale|def|2
|-boost|p1a: White Whale|spd|2
|turn|1
|
|t:|1757034572
|move|p2b: Ursaring|Protect|p2b: Ursaring
|-singleturn|p2b: Ursaring|Protect
|move|p1a: White Whale|Earthquake|p2b: Ursaring|[spread] p2a
|-miss|p1a: White Whale|p1b: CAPTAIN AHAB
|-activate|p2b: Ursaring|move: Protect
|-damage|p2a: Porygon2|70/100
|move|p2a: Porygon2|Trick Room|p2a: Porygon2
|-fieldstart|move: Trick Room|[of] p2a: Porygon2
|
|-status|p2b: Ursaring|brn|[from] item: Flame Orb
|upkeep
|turn|2
|
|t:|1757034599
|move|p2b: Ursaring|Facade|p1a: White Whale
|-damage|p1a: White Whale|61/100
|move|p2a: Porygon2|Ice Beam|p1a: White Whale
|-resisted|p1a: White Whale
|-damage|p1a: White Whale|53/100
|move|p1a: White Whale|Order Up|p2b: Ursaring
|-damage|p2b: Ursaring|43/100 brn
|-boost|p1a: White Whale|atk|1
|
|-heal|p1a: White Whale|59/100|[from] item: Leftovers
|-damage|p2b: Ursaring|37/100 brn|[from] brn
|upkeep
|turn|3
|
|t:|1757034616
|move|p2b: Ursaring|Protect|p2b: Ursaring
|-singleturn|p2b: Ursaring|Protect
|move|p2a: Porygon2|Thunderbolt|p1a: White Whale
|-supereffective|p1a: White Whale
|-damage|p1a: White Whale|30/100
|move|p1a: White Whale|Order Up|p2b: Ursaring
|-activate|p2b: Ursaring|move: Protect
|
|-heal|p1a: White Whale|36/100|[from] item: Leftovers
|-damage|p2b: Ursaring|31/100 brn|[from] brn
|upkeep
|turn|4
|
|t:|1757034645
|switch|p2b: Florges|Florges, L50, F|100/100
|move|p2a: Porygon2|Thunderbolt|p1a: White Whale
|-supereffective|p1a: White Whale
|-damage|p1a: White Whale|9/100
|move|p1a: White Whale|Order Up|p2b: Florges
|-immune|p2b: Florges
|
|-heal|p1a: White Whale|15/100|[from] item: Leftovers
|upkeep
|turn|5
|
|t:|1757034679
|move|p2a: Porygon2|Thunderbolt|p1a: White Whale
|-supereffective|p1a: White Whale
|-damage|p1a: White Whale|0 fnt
|faint|p1a: White Whale
|move|p2b: Florges|Light Screen|p2b: Florges
|-sidestart|p2: Moollyoolly|move: Light Screen
|
|-fieldend|move: Trick Room
|upkeep
|
|t:|1757034686
|switch|p1a: mr sandman|Tyranitar, L50, F|100/100
|-weather|Sandstorm|[from] ability: Sand Stream|[of] p1a: mr sandman
|turn|6
|
|t:|1757034729
|-terastallize|p2b: Florges|Fairy
|move|p1b: CAPTAIN AHAB|Muddy Water|p2b: Florges|[spread] p2a,p2b
|-damage|p2a: Porygon2|55/100
|-damage|p2b: Florges|87/100
|-unboost|p2a: Porygon2|accuracy|1
|move|p1a: mr sandman|Knock Off|p2a: Porygon2
|-damage|p2a: Porygon2|18/100
|-enditem|p2a: Porygon2|Eviolite|[from] move: Knock Off|[of] p1a: mr sandman
|move|p2b: Florges|Moonblast|p1b: CAPTAIN AHAB
|-supereffective|p1b: CAPTAIN AHAB
|-damage|p1b: CAPTAIN AHAB|0 fnt
|faint|p1b: CAPTAIN AHAB
|-damage|p2b: Florges|77/100|[from] item: Life Orb
|move|p2a: Porygon2|Trick Room|p2a: Porygon2
|-fieldstart|move: Trick Room|[of] p2a: Porygon2
|
|-weather|Sandstorm|[upkeep]
|-damage|p2a: Porygon2|12/100|[from] Sandstorm
|-damage|p2b: Florges|71/100|[from] Sandstorm
|upkeep
|
|t:|1757034746
|switch|p1b: chihuahuahhaha|Houndstone, L50, M|100/100
|turn|7
|
|t:|1757034763
|move|p2a: Porygon2|Ice Beam|p1b: chihuahuahhaha
|-damage|p1b: chihuahuahhaha|51/100
|move|p2b: Florges|Moonblast|p1b: chihuahuahhaha
|-damage|p1b: chihuahuahhaha|0 fnt
|faint|p1b: chihuahuahhaha
|-damage|p2b: Florges|61/100|[from] item: Life Orb
|move|p1a: mr sandman|Rock Slide|p2b: Florges|[spread] p2a,p2b
|-crit|p2b: Florges
|-damage|p2a: Porygon2|0 fnt
|-damage|p2b: Florges|0 fnt
|faint|p2a: Porygon2
|faint|p2b: Florges
|
|-weather|Sandstorm|[upkeep]
|upkeep
|
|t:|1757034777
|switch|p2a: Ursaring|Ursaring, L50, F|31/100 brn
|switch|p2b: Annihilape|Annihilape, L50, M|100/100
|turn|8
|c|☆ALoafOfGarlicBread|woah
|
|t:|1757034801
|-terastallize|p1a: mr sandman|Flying
|move|p2a: Ursaring|Facade|p1a: mr sandman
|-damage|p1a: mr sandman|0 fnt
|faint|p1a: mr sandman
|
|win|Moollyoolly
|c|☆ALoafOfGarlicBread|WAH
||ALoafOfGarlicBread is ready for game 3.
|inactive|Moollyoolly has 30 seconds to confirm battle start!
