|j|☆Advertisementish
|j|☆patata navidenya
|html|Advertisementishpatata navidenya    
|uhtml|bestof|Game 3 of a best-of-3
|t:|1756386211
|gametype|doubles
|player|p1|Advertisementish|n|1128
|player|p2|patata navidenya|cilan|1220
|gen|9
|tier|[Gen 9] VGC 2025 Reg H (Bo3)
|rated|
|rule|Species Clause: Limit one of each Pokémon
|rule|Item Clause: Limit 1 of each item
|clearpoke
|poke|p1|Incineroar, L50, M|
|poke|p1|Porygon2, L50|
|poke|p1|Yanmega, L50, F|
|poke|p1|Sneasler, L50, F|
|poke|p1|Ursaluna, L50, M|
|poke|p1|Archaludon, L50, F|
|poke|p2|Pelipper, L50, F|
|poke|p2|Archaludon, L50, F|
|poke|p2|Sinistcha, L50|
|poke|p2|Incineroar, L50, M|
|poke|p2|Dragonite, L50, M|
|poke|p2|Basculegion, L50, M|
|teampreview|4
|showteam|p1|Incineroar||SafetyGoggles|Intimidate|FakeOut,PartingShot,FlareBlitz,KnockOff|||M|||50|,,,,,Ghost]Porygon2||Eviolite|Download|Recover,IceBeam,TeraBlast,TrickRoom||||||50|,,,,,Flying]Yanmega||FocusSash|SpeedBoost|Detect,AirSlash,BugBuzz,Tailwind|||F|||50|,,,,,Ghost]Sneasler||WhiteHerb|Unburden|Protect,CloseCombat,ThroatChop,DireClaw|||F|||50|,,,,,Stellar]Ursaluna||FlameOrb|Guts|Protect,Earthquake,Facade,HeadlongRush|||M|||50|,,,,,Ghost]Archaludon||PowerHerb|Stalwart|Protect,ElectroShot,DragonPulse,Thunderbolt|||F|||50|,,,,,Electric
|showteam|p2|Pelipper||FocusSash|Drizzle|MuddyWater,Hurricane,WideGuard,Protect|||F|||50|,,,,,Ghost]Archaludon||AssaultVest|Stamina|FlashCannon,ElectroShot,BodyPress,Snarl|||F|||50|,,,,,Bug]Sinistcha||SitrusBerry|Hospitality|MatchaGotcha,RagePowder,LifeDew,TrickRoom||||||50|,,,,,Fire]Incineroar||SafetyGoggles|Intimidate|KnockOff,Taunt,PartingShot,FakeOut|||M|||50|,,,,,Ghost]Dragonite||LoadedDice|Multiscale|ScaleShot,Tailwind,Haze,Protect|||M|||50|,,,,,Fairy]Basculegion||LifeOrb|SwiftSwim|WaveCrash,AquaJet,LastRespects,Protect|||M|||50|,,,,,Water
|inactive|Battle timer is ON: inactive players will automatically lose when time's up. (requested by Advertisementish)
|inactive|patata navidenya also wants the timer to be on.
|
|t:|1756386240
|teamsize|p1|4
|teamsize|p2|4
|start
|switch|p1a: Porygon2|Porygon2, L50|100/100
|switch|p1b: Incineroar|Incineroar, L50, M|100/100
|switch|p2a: Incineroar|Incineroar, L50, M|100/100
|switch|p2b: Dragonite|Dragonite, L50, M|100/100
|-ability|p1b: Incineroar|Intimidate|boost
|-unboost|p2a: Incineroar|atk|1
|-unboost|p2b: Dragonite|atk|1
|-ability|p1a: Porygon2|Download|boost
|-boost|p1a: Porygon2|spa|1
|-ability|p2a: Incineroar|Intimidate|boost
|-unboost|p1a: Porygon2|atk|1
|-unboost|p1b: Incineroar|atk|1
|turn|1
|
|t:|1756386261
|switch|p2b: Archaludon|Archaludon, L50, F|100/100
|-terastallize|p2a: Incineroar|Ghost
|move|p1b: Incineroar|Knock Off|p2b: Archaludon
|-damage|p2b: Archaludon|85/100
|-ability|p2b: Archaludon|Stamina|boost
|-boost|p2b: Archaludon|def|1
|-enditem|p2b: Archaludon|Assault Vest|[from] move: Knock Off|[of] p1b: Incineroar
|move|p1a: Porygon2|Ice Beam|p2b: Archaludon
|-damage|p2b: Archaludon|49/100
|-ability|p2b: Archaludon|Stamina|boost
|-boost|p2b: Archaludon|def|1
|move|p2a: Incineroar|Taunt|p1a: Porygon2
|-start|p1a: Porygon2|move: Taunt
|
|upkeep
|turn|2
|
|t:|1756386285
|-terastallize|p1a: Porygon2|Flying
|move|p2b: Archaludon|Body Press|p1b: Incineroar
|-supereffective|p1b: Incineroar
|-damage|p1b: Incineroar|0 fnt
|faint|p1b: Incineroar
|move|p1a: Porygon2|Ice Beam|p2b: Archaludon
|-damage|p2b: Archaludon|13/100
|-ability|p2b: Archaludon|Stamina|boost
|-boost|p2b: Archaludon|def|1
|move|p2a: Incineroar|Parting Shot|p1a: Porygon2
|-unboost|p1a: Porygon2|atk|1
|-unboost|p1a: Porygon2|spa|1
|
|t:|1756386299
|switch|p2a: Sinistcha|Sinistcha, L50|100/100|[from] Parting Shot
|-heal|p2b: Archaludon|38/100|[from] ability: Hospitality|[of] p2a: Sinistcha
|
|upkeep
|
|t:|1756386308
|switch|p1b: Sneasler|Sneasler, L50, F, shiny|100/100
|turn|3
|inactive|patata navidenya has 30 seconds left.
|inactive|patata navidenya has 20 seconds left.
|
|t:|1756386344
|switch|p2a: Incineroar|Incineroar, L50, M, tera:Ghost|100/100
|-ability|p2a: Incineroar|Intimidate|boost
|-unboost|p1a: Porygon2|atk|1
|-unboost|p1b: Sneasler|atk|1
|-enditem|p1b: Sneasler|White Herb
|-clearnegativeboost|p1b: Sneasler|[silent]
|move|p1b: Sneasler|Throat Chop|p2a: Incineroar
|-supereffective|p2a: Incineroar
|-damage|p2a: Incineroar|61/100
|-start|p2a: Incineroar|Throat Chop|[silent]
|move|p2b: Archaludon|Snarl|p1b: Sneasler|[spread] p1a,p1b
|-resisted|p1b: Sneasler
|-damage|p1a: Porygon2|94/100
|-damage|p1b: Sneasler|93/100
|-unboost|p1a: Porygon2|spa|1
|-unboost|p1b: Sneasler|spa|1
|move|p1a: Porygon2|Ice Beam|p2a: Incineroar
|-damage|p2a: Incineroar|49/100
|
|upkeep
|turn|4
|inactive|patata navidenya has 30 seconds left.
|inactive|patata navidenya has 20 seconds left.
|
|t:|1756386380
|switch|p1a: Ursaluna|Ursaluna, L50, M|100/100
|move|p2a: Incineroar|Fake Out|p1b: Sneasler
|-damage|p1b: Sneasler|79/100
|cant|p1b: Sneasler|flinch
|move|p2b: Archaludon|Flash Cannon|p1a: Ursaluna
|-damage|p1a: Ursaluna|64/100
|
|-end|p2a: Incineroar|Throat Chop|[silent]
|-status|p1a: Ursaluna|brn|[from] item: Flame Orb
|upkeep
|turn|5
|
|t:|1756386393
|switch|p2a: Sinistcha|Sinistcha, L50|100/100
|-heal|p2b: Archaludon|63/100|[from] ability: Hospitality|[of] p2a: Sinistcha
|switch|p1a: Porygon2|Porygon2, L50, tera:Flying|94/100
|-ability|p1a: Porygon2|Download|boost
|-boost|p1a: Porygon2|spa|1
|move|p1b: Sneasler|Close Combat|p2b: Archaludon
|-supereffective|p2b: Archaludon
|-damage|p2b: Archaludon|29/100
|-unboost|p1b: Sneasler|def|1
|-unboost|p1b: Sneasler|spd|1
|-ability|p2b: Archaludon|Stamina|boost
|-boost|p2b: Archaludon|def|1
|move|p2b: Archaludon|Body Press|p1a: Porygon2
|-resisted|p1a: Porygon2
|-damage|p1a: Porygon2|67/100
|
|upkeep
|turn|6
|inactive|patata navidenya has 30 seconds left.
|
|t:|1756386420
|move|p2a: Sinistcha|Rage Powder|p2a: Sinistcha
|-singleturn|p2a: Sinistcha|move: Rage Powder
|move|p1b: Sneasler|Throat Chop|p2a: Sinistcha
|-supereffective|p2a: Sinistcha
|-damage|p2a: Sinistcha|47/100
|-start|p2a: Sinistcha|Throat Chop|[silent]
|-enditem|p2a: Sinistcha|Sitrus Berry|[eat]
|-heal|p2a: Sinistcha|71/100|[from] item: Sitrus Berry
|move|p2b: Archaludon|Body Press|p1b: Sneasler
|-resisted|p1b: Sneasler
|-damage|p1b: Sneasler|0 fnt
|faint|p1b: Sneasler
|move|p1a: Porygon2|Tera Blast|p2a: Sinistcha|[anim] Tera Blast Flying
|-supereffective|p2a: Sinistcha
|-damage|p2a: Sinistcha|0 fnt
|faint|p2a: Sinistcha
|
|upkeep
|
|t:|1756386436
|switch|p1b: Ursaluna|Ursaluna, L50, M|64/100 brn
|switch|p2a: Incineroar|Incineroar, L50, M, tera:Ghost|49/100
|-ability|p2a: Incineroar|Intimidate|boost
|-unboost|p1a: Porygon2|atk|1
|-unboost|p1b: Ursaluna|atk|1
|turn|7
|
|t:|1756386451
|move|p2a: Incineroar|Fake Out|p1b: Ursaluna
|-crit|p1b: Ursaluna
|-damage|p1b: Ursaluna|53/100 brn
|move|p2b: Archaludon|Snarl|p1b: Ursaluna|[spread] p1a,p1b
|-damage|p1a: Porygon2|60/100
|-damage|p1b: Ursaluna|40/100 brn
|-unboost|p1a: Porygon2|spa|1
|-unboost|p1b: Ursaluna|spa|1
|move|p1a: Porygon2|Ice Beam|p2b: Archaludon
|-damage|p2b: Archaludon|5/100
|-ability|p2b: Archaludon|Stamina|boost
|-boost|p2b: Archaludon|def|1
|cant|p1b: Ursaluna|flinch
|
|-damage|p1b: Ursaluna|34/100 brn|[from] brn
|upkeep
|turn|8
|inactive|patata navidenya has 30 seconds left.
|
|t:|1756386484
|move|p1b: Ursaluna|Protect|p1b: Ursaluna
|-singleturn|p1b: Ursaluna|Protect
|move|p2b: Archaludon|Flash Cannon|p1a: Porygon2
|-crit|p1a: Porygon2
|-damage|p1a: Porygon2|32/100
|move|p1a: Porygon2|Ice Beam|p2b: Archaludon
|-damage|p2b: Archaludon|0 fnt
|faint|p2b: Archaludon
|move|p2a: Incineroar|Knock Off|p1a: Porygon2
|-damage|p1a: Porygon2|6/100
|-enditem|p1a: Porygon2|Eviolite|[from] move: Knock Off|[of] p2a: Incineroar
|
|-damage|p1b: Ursaluna|28/100 brn|[from] brn
|upkeep
|
|t:|1756386494
|switch|p2b: Dragonite|Dragonite, L50, M|100/100
|turn|9
|
|t:|1756386503
|move|p2b: Dragonite|Scale Shot|p1a: Porygon2
|-damage|p1a: Porygon2|0 fnt
|faint|p1a: Porygon2
|-hitcount|p1: Porygon2|1
|-unboost|p2b: Dragonite|def|1
|-boost|p2b: Dragonite|spe|1
|move|p2a: Incineroar|Knock Off|p1b: Ursaluna
|-damage|p1b: Ursaluna|4/100 brn
|-enditem|p1b: Ursaluna|Flame Orb|[from] move: Knock Off|[of] p2a: Incineroar
|move|p1b: Ursaluna|Facade|p2b: Dragonite
|-damage|p2b: Dragonite|39/100
|
|-damage|p1b: Ursaluna|0 fnt|[from] brn
|faint|p1b: Ursaluna
|
|win|patata navidenya
|raw|Advertisementish's rating: 1128 → 1109(-19 for losing)
|raw|patata navidenya's rating: 1220 → 1239(+19 for winning)
|c|☆patata navidenya|gg
|l|☆Advertisementish
|player|p1|
