|j|☆Jun RH
|j|☆Sores
|html|Jun RHSores    
|uhtml|bestof|Game 2 of a best-of-3
|t:|1755804806
|gametype|doubles
|player|p1|Jun RH|burglar|1199
|player|p2|Sores|veteran|1202
|gen|9
|tier|[Gen 9] VGC 2025 Reg H (Bo3)
|rated|
|rule|Species Clause: Limit one of each Pokémon
|rule|Item Clause: Limit 1 of each item
|clearpoke
|poke|p1|Gholdengo, L50|
|poke|p1|Incineroar, L50, M|
|poke|p1|Amoonguss, L50, F|
|poke|p1|Dragonite, L50, M|
|poke|p1|Pelipper, L50, M|
|poke|p1|Archaludon, L50, F|
|poke|p2|Baxcalibur, L50, M|
|poke|p2|Ninetales-Alola, L50, M|
|poke|p2|Kingambit, L50, F|
|poke|p2|Dusclops, L50, M|
|poke|p2|Sneasler, L50, M|
|poke|p2|Indeedee-F, L50, F|
|teampreview|4
|showteam|p1|Gholdengo||LifeOrb|GoodasGold|MakeItRain,ShadowBall,NastyPlot,Protect||||||50|,,,,,Water]Incineroar||SafetyGoggles|Intimidate|KnockOff,FlareBlitz,FakeOut,PartingShot|||M|||50|,,,,,Ghost]Amoonguss||RockyHelmet|Regenerator|RagePowder,PollenPuff,Protect,Spore|||F|||50|,,,,,Fairy]Dragonite||LoadedDice|Multiscale|ScaleShot,Tailwind,Protect,Haze|||M|||50|,,,,,Fairy]Pelipper||FocusSash|Drizzle|Hurricane,WeatherBall,WideGuard,Protect|||M|||50|,,,,,Stellar]Archaludon||AssaultVest|Stamina|FlashCannon,DracoMeteor,ElectroShot,BodyPress|||F|||50|,,,,,Grass
|showteam|p2|Baxcalibur||LoadedDice|ThermalExchange|IcicleSpear,DragonDance,GlaiveRush,Protect|||M|||50|,,,,,Poison]Ninetales-Alola||ChoiceSpecs|SnowWarning|Blizzard,Moonblast,FreezeDry,IcyWind|||M|||50|,,,,,Ice]Kingambit||BlackGlasses|Defiant|KowtowCleave,SuckerPunch,SwordsDance,Protect|||F|||50|,,,,,Dark]Dusclops||Eviolite|Pressure|TrickRoom,WillOWisp,PainSplit,NightShade|||M|||50|,,,,,Dark]Sneasler||PsychicSeed|Unburden|DireClaw,CloseCombat,ThroatChop,Acrobatics|||M|||50|,,,,,Flying]Indeedee-F||RockyHelmet|PsychicSurge|FollowMe,TrickRoom,HelpingHand,Psychic|||F|||50|,,,,,Grass
|
|t:|1755804865
|teamsize|p1|4
|teamsize|p2|4
|start
|switch|p1a: Dragonite|Dragonite, L50, M|100/100
|switch|p1b: Archaludon|Archaludon, L50, F|100/100
|switch|p2a: Slasher|Sneasler, L50, M|100/100
|switch|p2b: Indeedee|Indeedee-F, L50, F|100/100
|-fieldstart|move: Psychic Terrain|[from] ability: Psychic Surge|[of] p2b: Indeedee
|-enditem|p2a: Slasher|Psychic Seed
|-boost|p2a: Slasher|spd|1|[from] item: Psychic Seed
|turn|1
|
|t:|1755804910
|switch|p1b: Amoonguss|Amoonguss, L50, F|100/100
|move|p2b: Indeedee|Follow Me|p2b: Indeedee
|-singleturn|p2b: Indeedee|move: Follow Me
|move|p2a: Slasher|Dire Claw|p1a: Dragonite
|-damage|p1a: Dragonite|74/100
|move|p1a: Dragonite|Scale Shot|p2b: Indeedee
|-damage|p2b: Indeedee|88/100
|-damage|p2b: Indeedee|76/100
|-damage|p2b: Indeedee|63/100
|-crit|p2b: Indeedee
|-damage|p2b: Indeedee|43/100
|-hitcount|p2b: Indeedee|4
|-unboost|p1a: Dragonite|def|1
|-boost|p1a: Dragonite|spe|1
|
|upkeep
|turn|2
|
|t:|1755804958
|-terastallize|p2a: Slasher|Flying
|move|p1b: Amoonguss|Protect|p1b: Amoonguss
|-singleturn|p1b: Amoonguss|Protect
|move|p2b: Indeedee|Follow Me|p2b: Indeedee
|-singleturn|p2b: Indeedee|move: Follow Me
|move|p2a: Slasher|Acrobatics|p1b: Amoonguss
|-activate|p1b: Amoonguss|move: Protect
|move|p1a: Dragonite|Scale Shot|p2b: Indeedee
|-damage|p2b: Indeedee|32/100
|-damage|p2b: Indeedee|18/100
|-damage|p2b: Indeedee|6/100
|-damage|p2b: Indeedee|0 fnt
|faint|p2b: Indeedee
|-hitcount|p2: Indeedee|4
|-unboost|p1a: Dragonite|def|1
|-boost|p1a: Dragonite|spe|1
|
|upkeep
|
|t:|1755804969
|switch|p2b: Yamato|Ninetales-Alola, L50, M|100/100
|-weather|Snowscape|[from] ability: Snow Warning|[of] p2b: Yamato
|turn|3
|
|t:|1755805022
|switch|p1b: Pelipper|Pelipper, L50, M|100/100
|-weather|RainDance|[from] ability: Drizzle|[of] p1b: Pelipper
|move|p2a: Slasher|Acrobatics|p1b: Pelipper
|-damage|p1b: Pelipper|16/100
|move|p1a: Dragonite|Scale Shot|p2a: Slasher
|-damage|p2a: Slasher|81/100
|-damage|p2a: Slasher|61/100
|-damage|p2a: Slasher|38/100
|-damage|p2a: Slasher|16/100
|-damage|p2a: Slasher|0 fnt
|faint|p2a: Slasher
|-hitcount|p2: Slasher|5
|-unboost|p1a: Dragonite|def|1
|-boost|p1a: Dragonite|spe|1
|move|p2b: Yamato|Blizzard|p1b: Pelipper|[spread] p1a,p1b
|-supereffective|p1a: Dragonite
|-damage|p1a: Dragonite|0 fnt
|-damage|p1b: Pelipper|0 fnt
|faint|p1a: Dragonite
|faint|p1b: Pelipper
|
|-weather|RainDance|[upkeep]
|upkeep
|
|t:|1755805047
|switch|p2a: Kaido|Baxcalibur, L50, M|100/100
|switch|p1a: Archaludon|Archaludon, L50, F|100/100
|switch|p1b: Amoonguss|Amoonguss, L50, F|100/100
|turn|4
|
|t:|1755805083
|-terastallize|p1b: Amoonguss|Fairy
|move|p2b: Yamato|Blizzard|p1a: Archaludon|[spread] p1a
|-miss|p2b: Yamato|p1b: Amoonguss
|-damage|p1a: Archaludon|61/100
|-ability|p1a: Archaludon|Stamina|boost
|-boost|p1a: Archaludon|def|1
|move|p2a: Kaido|Icicle Spear|p1b: Amoonguss
|-damage|p1b: Amoonguss|89/100
|-damage|p1b: Amoonguss|78/100
|-damage|p1b: Amoonguss|67/100
|-damage|p1b: Amoonguss|55/100
|-hitcount|p1b: Amoonguss|4
|move|p1a: Archaludon|Flash Cannon|p2b: Yamato
|-supereffective|p2b: Yamato
|-damage|p2b: Yamato|0 fnt
|faint|p2b: Yamato
|move|p1b: Amoonguss|Spore|p2a: Kaido
|-status|p2a: Kaido|slp|[from] move: Spore
|
|-weather|RainDance|[upkeep]
|upkeep
|turn|5
|l|☆Sores
|player|p2|
|inactive|Battle timer is ON: inactive players will automatically lose when time's up. (requested by Jun RH)
|inactive|Sores has 30 seconds to reconnect!
|inactive|Sores has 20 seconds to reconnect!
|inactive|Sores has 15 seconds to reconnect!
|inactive|Sores has 10 seconds to reconnect!
|inactive|Sores has 5 seconds to reconnect!
|-message|Sores lost due to inactivity.
|
|win|Jun RH
|raw|Jun RH's rating: 1199 → 1224(+25 for winning)
|raw|Sores's rating: 1202 → 1177(-25 for losing)
