|j|☆SirNeru
|j|☆CorkscrewRacer
|html|SirNeruCorkscrewRacer    
|uhtml|bestof|Game 1 of a best-of-3
|t:|1756952437
|gametype|doubles
|player|p1|SirNeru|265|1236
|player|p2|CorkscrewRacer|2|1187
|gen|9
|tier|[Gen 9] VGC 2025 Reg H (Bo3)
|rated|
|rule|Species Clause: Limit one of each Pokémon
|rule|Item Clause: Limit 1 of each item
|clearpoke
|poke|p1|Gholdengo, L50|
|poke|p1|Primarina, L50, F|
|poke|p1|Tyranitar, L50, F|
|poke|p1|Electabuzz, L50, F|
|poke|p1|Excadrill, L50, F|
|poke|p1|Dragonite, L50, M|
|poke|p2|Sneasler, L50, F|
|poke|p2|Dondozo, L50, F|
|poke|p2|Tatsugiri, L50, F|
|poke|p2|Indeedee, L50, M|
|poke|p2|Talonflame, L50, F|
|poke|p2|Ursaluna-Bloodmoon, L50, M|
|teampreview|4
|showteam|p1|Gholdengo||LifeOrb|GoodasGold|MakeItRain,NastyPlot,Protect,ShadowBall||||||50|,,,,,Dragon]Primarina||ThroatSpray|LiquidVoice|Moonblast,HyperVoice,Protect,IceBeam|||F|||50|,,,,,Poison]Tyranitar||AssaultVest|SandStream|RockSlide,IcyWind,KnockOff,TeraBlast|||F|||50|,,,,,Flying]Electabuzz||Eviolite|VitalSpirit|FollowMe,Electroweb,Taunt,Protect|||F|||50|,,,,,Ghost]Excadrill||FocusSash|SandRush|Earthquake,SwordsDance,RockSlide,Protect|||F|||50|,,,,,Stellar]Dragonite||LoadedDice|Multiscale|ScaleShot,Tailwind,Haze,Protect|||M|||50|,,,,,Fairy
|showteam|p2|Sneasler||PsychicSeed|Unburden|DireClaw,CloseCombat,Protect,ThroatChop|||F|||50|,,,,,Dark]Dondozo||Leftovers|Unaware|WaveCrash,HeavySlam,OrderUp,Protect|||F|||50|,,,,,Grass]Tatsugiri||ChoiceScarf|Commander|DracoMeteor,MuddyWater,IcyWind,DragonPulse|||F|||50|,,,,,Water]Indeedee||FocusSash|PsychicSurge|ExpandingForce,HelpingHand,TrickRoom,Protect|||M|||50|,,,,,Psychic]Talonflame||CovertCloak|GaleWings|BraveBird,FlareBlitz,Tailwind,WillOWisp|||F|||50|,,,,,Ghost]Ursaluna-Bloodmoon||LifeOrb|MindsEye|HyperVoice,BloodMoon,EarthPower,Protect|||M|||50|,,,,,Normal
|j| BLiiNDProdiigy
|inactive|Battle timer is ON: inactive players will automatically lose when time's up. (requested by CorkscrewRacer)
|
|t:|1756952540
|teamsize|p1|4
|teamsize|p2|4
|start
|switch|p1a: Dragonite|Dragonite, L50, M|100/100
|switch|p1b: Excadrill|Excadrill, L50, F, shiny|100/100
|switch|p2a: Talonflame|Talonflame, L50, F|100/100
|switch|p2b: Ursaluna|Ursaluna-Bloodmoon, L50, M|100/100
|turn|1
|
|t:|1756952563
|-terastallize|p2b: Ursaluna|Normal
|move|p1b: Excadrill|Protect|p1b: Excadrill
|-singleturn|p1b: Excadrill|Protect
|move|p2a: Talonflame|Tailwind|p2a: Talonflame
|-sidestart|p2: CorkscrewRacer|move: Tailwind
|move|p2b: Ursaluna|Blood Moon|p1b: Excadrill
|-activate|p1b: Excadrill|move: Protect
|move|p1a: Dragonite|Tailwind|p1a: Dragonite
|-sidestart|p1: SirNeru|move: Tailwind
|
|upkeep
|turn|2
|inactive|SirNeru has 30 seconds left.
|inactive|CorkscrewRacer has 30 seconds left.
|
|t:|1756952592
|move|p2a: Talonflame|Flare Blitz|p1b: Excadrill
|-supereffective|p1b: Excadrill
|-enditem|p1b: Excadrill|Focus Sash
|-damage|p1b: Excadrill|1/100
|-status|p1b: Excadrill|brn
|-damage|p2a: Talonflame|61/100|[from] Recoil
|move|p1b: Excadrill|Rock Slide|p2a: Talonflame|[spread] p2a,p2b
|-supereffective|p2a: Talonflame
|-damage|p2a: Talonflame|0 fnt
|-damage|p2b: Ursaluna|92/100
|faint|p2a: Talonflame
|move|p1a: Dragonite|Scale Shot|p2b: Ursaluna
|-damage|p2b: Ursaluna|80/100
|-damage|p2b: Ursaluna|69/100
|-damage|p2b: Ursaluna|57/100
|-damage|p2b: Ursaluna|45/100
|-hitcount|p2b: Ursaluna|4
|-unboost|p1a: Dragonite|def|1
|-boost|p1a: Dragonite|spe|1
|move|p2b: Ursaluna|Hyper Voice|p1a: Dragonite|[spread] p1a,p1b
|-resisted|p1b: Excadrill
|-damage|p1a: Dragonite|64/100
|-damage|p1b: Excadrill|0 fnt
|faint|p1b: Excadrill
|-damage|p2b: Ursaluna|36/100|[from] item: Life Orb
|
|upkeep
|l| BLiiNDProdiigy
|j| BLiiNDProdiigy
|inactive|CorkscrewRacer has 30 seconds left.
|
|t:|1756952617
|switch|p2a: Dondozo|Dondozo, L50, F|100/100
|switch|p1b: Primarina|Primarina, L50, F, shiny|100/100
|turn|3
|
|t:|1756952626
|switch|p2b: Tatsugiri|Tatsugiri, L50, F|100/100
|-activate|p2b: Tatsugiri|ability: Commander|[of] p2a: Dondozo
|-boost|p2a: Dondozo|atk|2
|-boost|p2a: Dondozo|spa|2
|-boost|p2a: Dondozo|spe|2
|-boost|p2a: Dondozo|def|2
|-boost|p2a: Dondozo|spd|2
|move|p1a: Dragonite|Protect|p1a: Dragonite
|-singleturn|p1a: Dragonite|Protect
|move|p2a: Dondozo|Heavy Slam|p1b: Primarina
|-damage|p1b: Primarina|1/100
|move|p1b: Primarina|Hyper Voice|p2b: Tatsugiri|[spread] p2a
|-miss|p1b: Primarina|p2b: Tatsugiri
|-resisted|p2a: Dondozo
|-damage|p2a: Dondozo|91/100
|-enditem|p1b: Primarina|Throat Spray
|-boost|p1b: Primarina|spa|1|[from] item: Throat Spray
|
|-heal|p2a: Dondozo|97/100|[from] item: Leftovers
|upkeep
|turn|4
|
|t:|1756952649
|move|p1a: Dragonite|Haze|p1a: Dragonite
|-clearallboost
|move|p1b: Primarina|Moonblast|p2a: Dondozo
|-damage|p2a: Dondozo|33/100
|-unboost|p2a: Dondozo|spa|1
|move|p2a: Dondozo|Order Up|p1a: Dragonite
|-supereffective|p1a: Dragonite
|-damage|p1a: Dragonite|4/100
|-boost|p2a: Dondozo|atk|1
|
|-heal|p2a: Dondozo|39/100|[from] item: Leftovers
|-sideend|p1: SirNeru|move: Tailwind
|-sideend|p2: CorkscrewRacer|move: Tailwind
|upkeep
|turn|5
|
|t:|1756952669
|-terastallize|p1a: Dragonite|Fairy
|move|p1a: Dragonite|Scale Shot|p2a: Dondozo
|-damage|p2a: Dondozo|28/100
|-damage|p2a: Dondozo|17/100
|-damage|p2a: Dondozo|8/100
|-damage|p2a: Dondozo|0 fnt
|faint|p2a: Dondozo
|-hitcount|p2: Dondozo|4
|-unboost|p1a: Dragonite|def|1
|-boost|p1a: Dragonite|spe|1
|move|p1b: Primarina|Moonblast|p2b: Tatsugiri
|-supereffective|p2b: Tatsugiri
|-damage|p2b: Tatsugiri|0 fnt
|faint|p2b: Tatsugiri
|
|upkeep
|
|t:|1756952686
|switch|p2b: Ursaluna|Ursaluna-Bloodmoon, L50, M, tera:Normal|36/100
|turn|6
|l| BLiiNDProdiigy
|
|t:|1756952690
|move|p1a: Dragonite|Tailwind|p1a: Dragonite
|-sidestart|p1: SirNeru|move: Tailwind
|move|p1b: Primarina|Hyper Voice|p2b: Ursaluna
|-damage|p2b: Ursaluna|0 fnt
|faint|p2b: Ursaluna
|
|win|SirNeru
