|j|☆Cristante terabug
|j|☆fluffym1n
|html|Cristante terabugfluffym1n    
|uhtml|bestof|Game 1 of a best-of-3
|t:|1756230620
|gametype|doubles
|player|p1|Cristante terabug|kieran-champion|1194
|player|p2|fluffym1n|lucas-gen4pt|1165
|gen|9
|tier|[Gen 9] VGC 2025 Reg H (Bo3)
|rated|
|rule|Species Clause: Limit one of each Pokémon
|rule|Item Clause: Limit 1 of each item
|clearpoke
|poke|p1|Kommo-o, L50, M|
|poke|p1|Gholdengo, L50|
|poke|p1|Sneasler, L50, F|
|poke|p1|Rillaboom, L50, F|
|poke|p1|Dondozo, L50, F|
|poke|p1|Electabuzz, L50, F|
|poke|p2|Incineroar, L50, M|
|poke|p2|Sneasler, L50, F|
|poke|p2|Amoonguss, L50, F|
|poke|p2|Garchomp, L50, F|
|poke|p2|Gholdengo, L50|
|poke|p2|Porygon2, L50|
|teampreview|4
|showteam|p1|Kommo-o||ThroatSpray|Soundproof|ClangorousSoul,ClangingScales,Flamethrower,Protect|||M|||50|,,,,,Fire]Gholdengo||ChoiceSpecs|GoodasGold|MakeItRain,ShadowBall,DazzlingGleam,PowerGem||||||50|,,,,,Fairy]Sneasler||FocusSash|Unburden|FakeOut,DireClaw,CloseCombat,Protect|||F|||50|,,,,,Stellar]Rillaboom||AssaultVest|GrassySurge|FakeOut,WoodHammer,GrassyGlide,HighHorsepower|||F|||50|,,,,,Fire]Dondozo||Leftovers|Unaware|WaveCrash,Fissure,Yawn,Protect|||F|||50|,,,,,Flying]Electabuzz||Eviolite|VitalSpirit|Electroweb,FollowMe,HelpingHand,Protect|||F|||50|,,,,,Grass
|showteam|p2|Incineroar||SafetyGoggles|Intimidate|FakeOut,KnockOff,FlareBlitz,PartingShot|||M|||50|,,,,,Ghost]Sneasler||FocusSash|Unburden|DireClaw,CloseCombat,FakeOut,Protect|||F|||50|,,,,,Stellar]Amoonguss||SitrusBerry|Regenerator|PollenPuff,Spore,RagePowder,Protect|||F|||50|,,,,,Water]Garchomp||LifeOrb|RoughSkin|Earthquake,DragonClaw,StompingTantrum,Protect|||F|||50|,,,,,Water]Gholdengo||MetalCoat|GoodasGold|MakeItRain,ShadowBall,NastyPlot,Protect||||||50|,,,,,Water]Porygon2||Eviolite|Download|IceBeam,TeraBlast,Recover,TrickRoom||||||50|,,,,,Fighting
|
|t:|1756230672
|teamsize|p1|4
|teamsize|p2|4
|start
|switch|p1a: Sneasler|Sneasler, L50, F|100/100
|switch|p1b: Kommo-o|Kommo-o, L50, M|100/100
|switch|p2a: Sneasler|Sneasler, L50, F|100/100
|switch|p2b: Incineroar|Incineroar, L50, M|100/100
|-ability|p2b: Incineroar|Intimidate|boost
|-unboost|p1a: Sneasler|atk|1
|-unboost|p1b: Kommo-o|atk|1
|turn|1
|
|t:|1756230697
|move|p1a: Sneasler|Fake Out|p2a: Sneasler
|-damage|p2a: Sneasler|85/100
|cant|p2a: Sneasler|flinch
|move|p2b: Incineroar|Fake Out|p1b: Kommo-o
|-damage|p1b: Kommo-o|91/100
|cant|p1b: Kommo-o|flinch
|
|upkeep
|turn|2
|
|t:|1756230714
|-terastallize|p2a: Sneasler|Stellar
|move|p1a: Sneasler|Close Combat|p2b: Incineroar
|-supereffective|p2b: Incineroar
|-damage|p2b: Incineroar|33/100
|-unboost|p1a: Sneasler|def|1
|-unboost|p1a: Sneasler|spd|1
|move|p2a: Sneasler|Close Combat|p1b: Kommo-o
|-damage|p1b: Kommo-o|26/100
|-unboost|p2a: Sneasler|def|1
|-unboost|p2a: Sneasler|spd|1
|move|p1b: Kommo-o|Clanging Scales|p2b: Incineroar|[spread] p2a,p2b
|-damage|p2a: Sneasler|20/100
|-damage|p2b: Incineroar|10/100
|-unboost|p1b: Kommo-o|def|1
|-enditem|p1b: Kommo-o|Throat Spray
|-boost|p1b: Kommo-o|spa|1|[from] item: Throat Spray
|move|p2b: Incineroar|Parting Shot|p1a: Sneasler
|-unboost|p1a: Sneasler|atk|1
|-unboost|p1a: Sneasler|spa|1
|
|t:|1756230730
|switch|p2b: Gholdengo|Gholdengo, L50|100/100|[from] Parting Shot
|
|upkeep
|turn|3
|
|t:|1756230756
|-terastallize|p1b: Kommo-o|Fire
|move|p2a: Sneasler|Protect|p2a: Sneasler
|-singleturn|p2a: Sneasler|Protect
|move|p2b: Gholdengo|Protect|p2b: Gholdengo
|-singleturn|p2b: Gholdengo|Protect
|move|p1a: Sneasler|Dire Claw|p2a: Sneasler
|-activate|p2a: Sneasler|move: Protect
|move|p1b: Kommo-o|Flamethrower|p2b: Gholdengo
|-activate|p2b: Gholdengo|move: Protect
|
|upkeep
|turn|4
|
|t:|1756230766
|move|p2a: Sneasler|Dire Claw|p1b: Kommo-o
|-damage|p1b: Kommo-o|0 fnt
|faint|p1b: Kommo-o
|move|p1a: Sneasler|Dire Claw|p2a: Sneasler
|-resisted|p2a: Sneasler
|-damage|p2a: Sneasler|0 fnt
|faint|p2a: Sneasler
|move|p2b: Gholdengo|Shadow Ball|p1a: Sneasler
|-damage|p1a: Sneasler|20/100
|
|upkeep
|
|t:|1756230777
|switch|p2a: Incineroar|Incineroar, L50, M|10/100
|switch|p1b: Dondozo|Dondozo, L50, F|100/100
|-ability|p2a: Incineroar|Intimidate|boost
|-unboost|p1a: Sneasler|atk|1
|-unboost|p1b: Dondozo|atk|1
|turn|5
|
|t:|1756230790
|switch|p1a: Rillaboom|Rillaboom, L50, F|100/100
|-fieldstart|move: Grassy Terrain|[from] ability: Grassy Surge|[of] p1a: Rillaboom
|move|p2a: Incineroar|Fake Out|p1a: Rillaboom
|-damage|p1a: Rillaboom|90/100
|move|p2b: Gholdengo|Shadow Ball|p1b: Dondozo
|-damage|p1b: Dondozo|64/100
|move|p1b: Dondozo|Wave Crash|p2b: Gholdengo
|-damage|p2b: Gholdengo|69/100
|-damage|p1b: Dondozo|56/100|[from] Recoil
|
|-heal|p2b: Gholdengo|75/100|[from] Grassy Terrain
|-heal|p1a: Rillaboom|96/100|[from] Grassy Terrain
|-heal|p2a: Incineroar|16/100|[from] Grassy Terrain
|-heal|p1b: Dondozo|62/100|[from] Grassy Terrain
|-heal|p1b: Dondozo|68/100|[from] item: Leftovers
|upkeep
|turn|6
|
|t:|1756230805
|switch|p2a: Garchomp|Garchomp, L50, F|100/100
|move|p1b: Dondozo|Protect|p1b: Dondozo
|-singleturn|p1b: Dondozo|Protect
|move|p2b: Gholdengo|Shadow Ball|p1b: Dondozo
|-activate|p1b: Dondozo|move: Protect
|move|p1a: Rillaboom|High Horsepower|p2b: Gholdengo
|-supereffective|p2b: Gholdengo
|-damage|p2b: Gholdengo|4/100
|
|-heal|p2b: Gholdengo|10/100|[from] Grassy Terrain
|-heal|p1a: Rillaboom|100/100|[from] Grassy Terrain
|-heal|p1b: Dondozo|75/100|[from] Grassy Terrain
|-heal|p1b: Dondozo|81/100|[from] item: Leftovers
|upkeep
|turn|7
|
|t:|1756230828
|switch|p2b: Incineroar|Incineroar, L50, M|16/100
|-ability|p2b: Incineroar|Intimidate|boost
|-unboost|p1a: Rillaboom|atk|1
|-unboost|p1b: Dondozo|atk|1
|move|p2a: Garchomp|Dragon Claw|p1a: Rillaboom
|-damage|p1a: Rillaboom|46/100
|-damage|p2a: Garchomp|91/100|[from] item: Life Orb
|move|p1a: Rillaboom|Wood Hammer|p2a: Garchomp
|-damage|p2a: Garchomp|27/100
|-damage|p1a: Rillaboom|34/100|[from] ability: Rough Skin|[of] p2a: Garchomp
|-damage|p1a: Rillaboom|15/100|[from] Recoil
|move|p1b: Dondozo|Wave Crash|p2a: Garchomp
|-damage|p2a: Garchomp|3/100
|-damage|p1b: Dondozo|68/100|[from] ability: Rough Skin|[of] p2a: Garchomp
|-damage|p1b: Dondozo|62/100|[from] Recoil
|
|-heal|p2a: Garchomp|9/100|[from] Grassy Terrain
|-heal|p1a: Rillaboom|21/100|[from] Grassy Terrain
|-heal|p2b: Incineroar|22/100|[from] Grassy Terrain
|-heal|p1b: Dondozo|68/100|[from] Grassy Terrain
|-heal|p1b: Dondozo|75/100|[from] item: Leftovers
|upkeep
|turn|8
|
|t:|1756230848
|switch|p1a: Sneasler|Sneasler, L50, F|20/100
|move|p2b: Incineroar|Fake Out|p1a: Sneasler
|-damage|p1a: Sneasler|4/100
|move|p2a: Garchomp|Dragon Claw|p1a: Sneasler
|-crit|p1a: Sneasler
|-damage|p1a: Sneasler|0 fnt
|faint|p1a: Sneasler
|-damage|p2a: Garchomp|0 fnt|[from] item: Life Orb
|faint|p2a: Garchomp
|move|p1b: Dondozo|Wave Crash|p2b: Incineroar
|-supereffective|p2b: Incineroar
|-damage|p2b: Incineroar|0 fnt
|faint|p2b: Incineroar
|-damage|p1b: Dondozo|68/100|[from] Recoil
|
|-heal|p1b: Dondozo|75/100|[from] Grassy Terrain
|-heal|p1b: Dondozo|81/100|[from] item: Leftovers
|upkeep
|
|t:|1756230857
|switch|p1a: Rillaboom|Rillaboom, L50, F|21/100
|switch|p2b: Gholdengo|Gholdengo, L50|10/100
|turn|9
|
|t:|1756230860
|move|p1a: Rillaboom|Grassy Glide|p2b: Gholdengo
|-resisted|p2b: Gholdengo
|-damage|p2b: Gholdengo|0 fnt
|faint|p2b: Gholdengo
|
|win|Cristante terabug
