|j|☆abgesaftet
|j|☆Kinyachta
|html|abgesaftetKinyachta    
|uhtml|bestof|Game 1 of a best-of-3
|t:|1785932548
|gametype|doubles
|player|p1|abgesaftet|ballguy|1371
|player|p2|Kinyachta|169|1280
|gen|9
|tier|[Gen 9 Champions] VGC 2026 Reg M-B (Bo3)
|rated|
|rule|Species Clause: Limit one of each Pokémon
|rule|Item Clause: Limit 1 of each item
|clearpoke
|poke|p1|Sneasler, L50, F|
|poke|p1|Sinistcha, L50|
|poke|p1|Incineroar, L50, F|
|poke|p1|Kingambit, L50, M|
|poke|p1|Delphox, L50, M|
|poke|p1|Blastoise, L50, F|
|poke|p2|Floette-Eternal, L50, F|
|poke|p2|Farigiraf, L50, F|
|poke|p2|Sneasler, L50, F|
|poke|p2|Garchomp, L50, M|
|poke|p2|Charizard, L50, F|
|poke|p2|Whimsicott, L50, M|
|teampreview|4
|showteam|p1|Sneasler||FocusSash|PoisonTouch|FakeOut,CloseCombat,PoisonJab,QuickGuard|Jolly||F|||50|]Sinistcha||OccaBerry|Hospitality|MatchaGotcha,RagePowder,TrickRoom,Protect|Bold|||||50|]Incineroar||SitrusBerry|Intimidate|FakeOut,FlareBlitz,ThroatChop,PartingShot|Careful||F|||50|]Kingambit||LifeOrb|Defiant|KowtowCleave,SuckerPunch,SwordsDance,Protect|Adamant||M|||50|]Delphox||Delphoxite|Blaze|HeatWave,Psychic,NastyPlot,Protect|Timid||M|||50|]Blastoise||Blastoisinite|RainDish|WaterSpout,DarkPulse,ShellSmash,Protect|Modest||F|||50|
|showteam|p2|Floette-Eternal||Floettite|FlowerVeil|Moonblast,Protect,DazzlingGleam,LightofRuin|Timid||F|||50|]Farigiraf||SitrusBerry|ArmorTail|TrickRoom,HelpingHand,TwinBeam,HyperVoice|Quiet||F|||50|]Sneasler||WhiteHerb|Unburden|Protect,CloseCombat,Coaching,DireClaw|Jolly||F|||50|]Garchomp||Leftovers|RoughSkin|DragonClaw,RockSlide,Protect,Earthquake|Adamant||M|||50|]Charizard||CharizarditeY|SolarPower|WeatherBall,Protect,HeatWave,SolarBeam|Modest||F|||50|]Whimsicott||FocusSash|Prankster|Tailwind,CottonSpore,Encore,Moonblast|Modest||M|||50|
|inactive|Battle timer is ON: inactive players will automatically lose when time's up. (requested by Kinyachta)
|
|t:|1785932587
|teamsize|p1|4
|teamsize|p2|4
|start
|switch|p1a: Delphox|Delphox, L50, M|100/100
|switch|p1b: Sneasler|Sneasler, L50, F|100/100
|switch|p2a: Sneasler|Sneasler, L50, F|100/100
|switch|p2b: Garchomp|Garchomp, L50, M|100/100
|turn|1
|inactive|abgesaftet has 30 seconds left.
|
|t:|1785932615
|switch|p2a: Farigiraf|Farigiraf, L50, F|100/100
|detailschange|p1a: Delphox|Delphox-Mega, L50, M
|-mega|p1a: Delphox|Delphox|Delphoxite
|move|p1b: Sneasler|Fake Out||[still]
|cant|p2a: Farigiraf|ability: Armor Tail|Fake Out|[of] p1b: Sneasler
|move|p1a: Delphox|Psychic|p2a: Farigiraf
|-resisted|p2a: Farigiraf|1
|-damage|p2a: Farigiraf|71/100
|move|p2b: Garchomp|Rock Slide|p1b: Sneasler|[spread] p1a,p1b
|-supereffective|p1a: Delphox|1
|-resisted|p1b: Sneasler|1
|-damage|p1a: Delphox|44/100
|-damage|p1b: Sneasler|82/100
|
|upkeep
|turn|2
|inactive|abgesaftet has 30 seconds left.
|
|t:|1785932645
|switch|p1a: Sinistcha|Sinistcha, L50|100/100
|-heal|p1b: Sneasler|100/100|[from] ability: Hospitality|[of] p1a: Sinistcha
|switch|p1b: Incineroar|Incineroar, L50, F|100/100
|-ability|p1b: Incineroar|Intimidate|boost
|-unboost|p2a: Farigiraf|atk|1
|-unboost|p2b: Garchomp|atk|1
|move|p2b: Garchomp|Rock Slide|p1a: Sinistcha|[spread] p1a,p1b
|-supereffective|p1b: Incineroar|1
|-damage|p1a: Sinistcha|89/100
|-damage|p1b: Incineroar|73/100
|move|p2a: Farigiraf|Twin Beam|p1b: Incineroar
|-immune|p1b: Incineroar
|
|upkeep
|turn|3
|
|t:|1785932664
|switch|p2a: Sneasler|Sneasler, L50, F|100/100
|move|p2b: Garchomp|Rock Slide|p1b: Incineroar|[spread] p1a
|-miss|p2b: Garchomp|p1b: Incineroar
|-damage|p1a: Sinistcha|77/100
|move|p1b: Incineroar|Parting Shot|p2b: Garchomp
|-unboost|p2b: Garchomp|atk|1
|-unboost|p2b: Garchomp|spa|1
|
|t:|1785932674
|switch|p1b: Delphox|Delphox-Mega, L50, M|44/100|[from] Parting Shot
|cant|p1a: Sinistcha|flinch
|
|upkeep
|turn|4
|
|t:|1785932686
|move|p1b: Delphox|Protect|p1b: Delphox
|-singleturn|p1b: Delphox|Protect
|move|p2a: Sneasler|Dire Claw|p1b: Delphox
|-activate|p1b: Delphox|move: Protect
|move|p2b: Garchomp|Rock Slide|p1a: Sinistcha|[spread] 
|-activate|p1b: Delphox|move: Protect
|-miss|p2b: Garchomp|p1a: Sinistcha
|move|p1a: Sinistcha|Matcha Gotcha|p2a: Sneasler|[spread] p2a,p2b
|-resisted|p2a: Sneasler|1
|-crit|p2b: Garchomp
|-damage|p2a: Sneasler|82/100
|-heal|p1a: Sinistcha|85/100|[from] drain|[of] p2a: Sneasler
|-damage|p2b: Garchomp|65/100
|-heal|p1a: Sinistcha|100/100|[from] drain|[of] p2b: Garchomp
|
|-heal|p2b: Garchomp|71/100|[from] item: Leftovers
|upkeep
|turn|5
|inactive|abgesaftet has 30 seconds left.
|inactive|Kinyachta has 30 seconds left.
|
|t:|1785932713
|switch|p2a: Farigiraf|Farigiraf, L50, F|71/100
|move|p1b: Delphox|Psychic|p2a: Farigiraf
|-resisted|p2a: Farigiraf|1
|-damage|p2a: Farigiraf|43/100
|-enditem|p2a: Farigiraf|Sitrus Berry|[eat]
|-heal|p2a: Farigiraf|67/100|[from] item: Sitrus Berry
|move|p2b: Garchomp|Rock Slide|p1b: Delphox|[spread] p1a,p1b
|-supereffective|p1b: Delphox|1
|-damage|p1a: Sinistcha|92/100
|-damage|p1b: Delphox|14/100
|move|p1a: Sinistcha|Matcha Gotcha|p2b: Garchomp|[spread] p2a,p2b
|-damage|p2a: Farigiraf|40/100
|-heal|p1a: Sinistcha|100/100|[from] drain|[of] p2a: Farigiraf
|-damage|p2b: Garchomp|46/100
|
|-heal|p2b: Garchomp|53/100|[from] item: Leftovers
|upkeep
|turn|6
|
|t:|1785932733
|switch|p1b: Incineroar|Incineroar, L50, F|73/100
|-ability|p1b: Incineroar|Intimidate|boost
|-unboost|p2a: Farigiraf|atk|1
|-unboost|p2b: Garchomp|atk|1
|switch|p2b: Whimsicott|Whimsicott, L50, M|100/100
|move|p1a: Sinistcha|Matcha Gotcha|p2b: Whimsicott|[spread] p2a,p2b
|-resisted|p2b: Whimsicott|1
|-damage|p2a: Farigiraf|15/100
|-damage|p2b: Whimsicott|83/100
|-status|p2a: Farigiraf|brn
|-status|p2b: Whimsicott|brn
|move|p2a: Farigiraf|Hyper Voice|p1b: Incineroar|[spread] p1b
|-immune|p1a: Sinistcha
|-damage|p1b: Incineroar|46/100
|-enditem|p1b: Incineroar|Sitrus Berry|[eat]
|-heal|p1b: Incineroar|71/100|[from] item: Sitrus Berry
|
|-damage|p2b: Whimsicott|77/100 brn|[from] brn
|-damage|p2a: Farigiraf|9/100 brn|[from] brn
|upkeep
|turn|7
|
|t:|1785932757
|move|p2b: Whimsicott|Tailwind|p2b: Whimsicott
|-sidestart|p2: Kinyachta|move: Tailwind
|move|p2a: Farigiraf|Twin Beam|p1a: Sinistcha
|-damage|p1a: Sinistcha|80/100
|-damage|p1a: Sinistcha|62/100
|-hitcount|p1a: Sinistcha|2
|move|p1b: Incineroar|Flare Blitz|p2b: Whimsicott
|-supereffective|p2b: Whimsicott|1
|-crit|p2b: Whimsicott
|-damage|p2b: Whimsicott|0 fnt
|faint|p2b: Whimsicott
|-damage|p1b: Incineroar|49/100|[from] Recoil
|move|p1a: Sinistcha|Matcha Gotcha|p2a: Farigiraf
|-damage|p2a: Farigiraf|0 fnt
|-heal|p1a: Sinistcha|68/100|[from] drain|[of] p2a: Farigiraf
|faint|p2a: Farigiraf
|
|upkeep
|
|t:|1785932774
|switch|p2b: Garchomp|Garchomp, L50, M|53/100
|switch|p2a: Sneasler|Sneasler, L50, F|82/100
|turn|8
|
|t:|1785932784
|switch|p1b: Delphox|Delphox-Mega, L50, M|14/100
|move|p1a: Sinistcha|Protect|p1a: Sinistcha
|-singleturn|p1a: Sinistcha|Protect
|move|p2a: Sneasler|Coaching|p2b: Garchomp
|-boost|p2b: Garchomp|atk|1
|-boost|p2b: Garchomp|def|1
|move|p2b: Garchomp|Rock Slide|p1b: Delphox|[spread] p1b
|-activate|p1a: Sinistcha|move: Protect
|-supereffective|p1b: Delphox|1
|-damage|p1b: Delphox|0 fnt
|faint|p1b: Delphox
|
|-heal|p2b: Garchomp|59/100|[from] item: Leftovers
|upkeep
|
|t:|1785932793
|switch|p1b: Incineroar|Incineroar, L50, F|49/100
|-ability|p1b: Incineroar|Intimidate|boost
|-unboost|p2a: Sneasler|atk|1
|-unboost|p2b: Garchomp|atk|1
|-enditem|p2a: Sneasler|White Herb
|-clearnegativeboost|p2a: Sneasler|[silent]
|turn|9
|
|t:|1785932813
|move|p1b: Incineroar|Fake Out|p2b: Garchomp
|-damage|p2b: Garchomp|53/100
|-damage|p1b: Incineroar|37/100|[from] ability: Rough Skin|[of] p2b: Garchomp
|move|p2a: Sneasler|Coaching|p2b: Garchomp
|-boost|p2b: Garchomp|atk|1
|-boost|p2b: Garchomp|def|1
|cant|p2b: Garchomp|flinch
|move|p1a: Sinistcha|Trick Room|p1a: Sinistcha
|-fieldstart|move: Trick Room|[of] p1a: Sinistcha
|
|-heal|p2b: Garchomp|59/100|[from] item: Leftovers
|upkeep
|turn|10
|
|t:|1785932826
|move|p2a: Sneasler|Protect|p2a: Sneasler
|-singleturn|p2a: Sneasler|Protect
|move|p1a: Sinistcha|Matcha Gotcha|p2a: Sneasler|[spread] p2b
|-activate|p2a: Sneasler|move: Protect
|-damage|p2b: Garchomp|37/100
|-heal|p1a: Sinistcha|81/100|[from] drain|[of] p2b: Garchomp
|move|p1b: Incineroar|Parting Shot|p2b: Garchomp
|-unboost|p2b: Garchomp|atk|1
|-unboost|p2b: Garchomp|spa|1
|
|t:|1785932836
|switch|p1b: Sneasler|Sneasler, L50, F|100/100|[from] Parting Shot
|move|p2b: Garchomp|Earthquake|p1b: Sneasler|[spread] p1a,p1b
|-activate|p2a: Sneasler|move: Protect
|-resisted|p1a: Sinistcha|1
|-supereffective|p1b: Sneasler|1
|-damage|p1a: Sinistcha|64/100
|-enditem|p1b: Sneasler|Focus Sash
|-damage|p1b: Sneasler|1/100
|
|-heal|p2b: Garchomp|43/100|[from] item: Leftovers
|-sideend|p2: Kinyachta|move: Tailwind
|upkeep
|turn|11
|
|t:|1785932849
|move|p1b: Sneasler|Fake Out|p2a: Sneasler
|-damage|p2a: Sneasler|59/100
|move|p1a: Sinistcha|Matcha Gotcha|p2b: Garchomp|[spread] p2a,p2b
|-resisted|p2a: Sneasler|1
|-crit|p2a: Sneasler
|-damage|p2a: Sneasler|33/100
|-heal|p1a: Sinistcha|76/100|[from] drain|[of] p2a: Sneasler
|-damage|p2b: Garchomp|18/100
|-heal|p1a: Sinistcha|92/100|[from] drain|[of] p2b: Garchomp
|move|p2b: Garchomp|Rock Slide|p1b: Sneasler|[spread] p1a,p1b
|-resisted|p1b: Sneasler|1
|-damage|p1a: Sinistcha|75/100
|-damage|p1b: Sneasler|0 fnt
|faint|p1b: Sneasler
|cant|p2a: Sneasler|flinch
|
|-heal|p2b: Garchomp|24/100|[from] item: Leftovers
|upkeep
|
|t:|1785932860
|switch|p1b: Incineroar|Incineroar, L50, F|37/100
|-ability|p1b: Incineroar|Intimidate|boost
|-unboost|p2a: Sneasler|atk|1
|-unboost|p2b: Garchomp|atk|1
|turn|12
|
|t:|1785932871
|move|p2b: Garchomp|Protect|p2b: Garchomp
|-singleturn|p2b: Garchomp|Protect
|move|p2a: Sneasler|Protect|p2a: Sneasler
|-singleturn|p2a: Sneasler|Protect
|move|p1a: Sinistcha|Matcha Gotcha|p2a: Sneasler|[spread] 
|-activate|p2a: Sneasler|move: Protect
|-activate|p2b: Garchomp|move: Protect
|move|p1b: Incineroar|Flare Blitz|p2a: Sneasler
|-activate|p2a: Sneasler|move: Protect
|
|-heal|p2b: Garchomp|30/100|[from] item: Leftovers
|upkeep
|turn|13
|
|t:|1785932894
|move|p2a: Sneasler|Protect||[still]
|-fail|p2a: Sneasler
|move|p1a: Sinistcha|Matcha Gotcha|p2a: Sneasler|[spread] p2a,p2b
|-resisted|p2a: Sneasler|1
|-damage|p2a: Sneasler|15/100
|-heal|p1a: Sinistcha|83/100|[from] drain|[of] p2a: Sneasler
|-damage|p2b: Garchomp|5/100
|-heal|p1a: Sinistcha|98/100|[from] drain|[of] p2b: Garchomp
|move|p1b: Incineroar|Flare Blitz|p2a: Sneasler
|-damage|p2a: Sneasler|0 fnt
|faint|p2a: Sneasler
|-damage|p1b: Incineroar|33/100|[from] Recoil
|move|p2b: Garchomp|Earthquake|p1b: Incineroar|[spread] p1a,p1b
|-resisted|p1a: Sinistcha|1
|-supereffective|p1b: Incineroar|1
|-damage|p1a: Sinistcha|87/100
|-damage|p1b: Incineroar|0 fnt
|faint|p1b: Incineroar
|
|-heal|p2b: Garchomp|11/100|[from] item: Leftovers
|-fieldend|move: Trick Room
|upkeep
|turn|14
|
|t:|1785932914
|move|p2b: Garchomp|Rock Slide|p1a: Sinistcha
|-damage|p1a: Sinistcha|71/100
|move|p1a: Sinistcha|Matcha Gotcha|p2b: Garchomp
|-damage|p2b: Garchomp|0 fnt
|-heal|p1a: Sinistcha|78/100|[from] drain|[of] p2b: Garchomp
|faint|p2b: Garchomp
|
|win|abgesaftet
|l|☆Kinyachta
|player|p2|
||abgesaftet is ready for game 2.
||Kinyachta is ready for game 2.
|uhtml|next|Next: Game 2 of 3
