|j|☆bobovile
|j|☆Togore Gaming
|html|bobovileTogore Gaming    
|uhtml|bestof|Game 1 of a best-of-3
|t:|1756334927
|gametype|doubles
|player|p1|bobovile|ruinmaniac|1162
|player|p2|Togore Gaming|richboy-gen4|1244
|gen|9
|tier|[Gen 9] VGC 2025 Reg H (Bo3)
|rated|
|rule|Species Clause: Limit one of each Pokémon
|rule|Item Clause: Limit 1 of each item
|clearpoke
|poke|p1|Tyranitar, L50, M|
|poke|p1|Excadrill, L50, M|
|poke|p1|Gastrodon-East, L50, F|
|poke|p1|Talonflame, L50, F|
|poke|p1|Gallade, L50, M|
|poke|p1|Tsareena, L50, F|
|poke|p2|Indeedee, L50, M|
|poke|p2|Sneasler, L50, M|
|poke|p2|Drifblim, L50, M|
|poke|p2|Ursaluna-Bloodmoon, L50, M|
|poke|p2|Electabuzz, L50, F|
|poke|p2|Corviknight, L50, M|
|teampreview|4
|showteam|p1|Tyranitar||AssaultVest|SandStream|TeraBlast,RockSlide,KnockOff,LowKick|||M|||50|,,,,,Flying]Excadrill||LifeOrb|SandRush|Protect,HighHorsepower,IronHead,Earthquake|||M|||50|,,,,,Flying]Gastrodon-East||SitrusBerry|StormDrain|ClearSmog,Protect,MuddyWater,EarthPower|||F|||50|,,,,,Fire]Talonflame||SafetyGoggles|GaleWings|Tailwind,Taunt,FlareBlitz,DualWingbeat|||F|||50|,,,,,Ghost]Gallade||ClearAmulet|Sharpness|Protect,SacredSword,PsychoCut,TrickRoom|||M|||50|,,,,,Steel]Tsareena||WideLens|QueenlyMajesty|Protect,Taunt,PowerWhip,TripleAxel|||F|||50|,,,,,Fire
|showteam|p2|Indeedee||FocusSash|PsychicSurge|ExpandingForce,TeraBlast,Imprison,TrickRoom|||M|||50|,,,,,Ground]Sneasler||WhiteHerb|Unburden|DireClaw,CloseCombat,ThroatChop,Protect|||M|||50|,,,,,Dark]Drifblim||PsychicSeed|Unburden|Acrobatics,WillOWisp,Tailwind,Haze|||M|||50|,,,,,Grass]Ursaluna-Bloodmoon||LifeOrb|MindsEye|BloodMoon,HyperVoice,EarthPower,Protect|||M|||50|,,,,,Normal]Electabuzz||Eviolite|VitalSpirit|Electroweb,FollowMe,Taunt,Protect|||F|||50|,,,,,Dragon]Corviknight||SitrusBerry|MirrorArmor|BraveBird,BodyPress,BulkUp,Roost|||M|||50|,,,,,Fire
|inactive|Battle timer is ON: inactive players will automatically lose when time's up. (requested by Togore Gaming)
|inactive|bobovile has 60 seconds left.
|inactive|bobovile has 30 seconds left.
|inactive|bobovile has 20 seconds left.
|inactive|bobovile has 15 seconds left.
|inactive|bobovile has 10 seconds left.
|inactive|bobovile has 5 seconds left.
|
|t:|1756335013
|teamsize|p1|4
|teamsize|p2|4
|start
|switch|p1a: Talonflame|Talonflame, L50, F|100/100
|switch|p1b: Excadrill|Excadrill, L50, M|100/100
|switch|p2a: Indeedee|Indeedee, L50, M|100/100
|switch|p2b: Drifblim|Drifblim, L50, M|100/100
|-fieldstart|move: Psychic Terrain|[from] ability: Psychic Surge|[of] p2a: Indeedee
|-enditem|p2b: Drifblim|Psychic Seed
|-boost|p2b: Drifblim|spd|1|[from] item: Psychic Seed
|turn|1
|
|t:|1756335036
|-terastallize|p2a: Indeedee|Ground
|move|p1b: Excadrill|Protect|p1b: Excadrill
|-singleturn|p1b: Excadrill|Protect
|move|p2b: Drifblim|Tailwind|p2b: Drifblim
|-sidestart|p2: Togore Gaming|move: Tailwind
|move|p2a: Indeedee|Tera Blast|p1b: Excadrill|[anim] Tera Blast Ground
|-activate|p1b: Excadrill|move: Protect
|move|p1a: Talonflame|Taunt|p2b: Drifblim
|-start|p2b: Drifblim|move: Taunt
|
|upkeep
|turn|2
|inactive|bobovile has 30 seconds left.
|inactive|bobovile has 20 seconds left.
|
|t:|1756335073
|move|p1a: Talonflame|Tailwind|p1a: Talonflame
|-sidestart|p1: bobovile|move: Tailwind
|move|p2b: Drifblim|Acrobatics|p1a: Talonflame
|-damage|p1a: Talonflame|47/100
|move|p2a: Indeedee|Expanding Force|p1b: Excadrill|[spread] p1a,p1b
|-resisted|p1b: Excadrill
|-damage|p1a: Talonflame|0 fnt
|-damage|p1b: Excadrill|68/100
|faint|p1a: Talonflame
|move|p1b: Excadrill|Earthquake|p2b: Drifblim|[spread] p2a
|-immune|p2b: Drifblim
|-enditem|p2a: Indeedee|Focus Sash
|-damage|p2a: Indeedee|1/100
|-damage|p1b: Excadrill|59/100|[from] item: Life Orb
|
|upkeep
|
|t:|1756335087
|switch|p1a: Tyranitar|Tyranitar, L50, M|100/100
|-weather|Sandstorm|[from] ability: Sand Stream|[of] p1a: Tyranitar
|turn|3
|
|t:|1756335103
|switch|p2b: Corviknight|Corviknight, L50, M|100/100
|move|p1b: Excadrill|Iron Head|p2a: Indeedee
|-damage|p2a: Indeedee|0 fnt
|faint|p2a: Indeedee
|-damage|p1b: Excadrill|49/100|[from] item: Life Orb
|move|p1a: Tyranitar|Rock Slide|p2b: Corviknight
|-damage|p2b: Corviknight|67/100
|
|-weather|Sandstorm|[upkeep]
|upkeep
|
|t:|1756335113
|switch|p2a: Drifblim|Drifblim, L50, M|100/100
|turn|4
|
|t:|1756335130
|move|p1b: Excadrill|Iron Head|p2a: Drifblim
|-damage|p2a: Drifblim|47/100
|-damage|p1b: Excadrill|39/100|[from] item: Life Orb
|cant|p2a: Drifblim|flinch
|move|p2b: Corviknight|Bulk Up|p2b: Corviknight
|-boost|p2b: Corviknight|atk|1
|-boost|p2b: Corviknight|def|1
|move|p1a: Tyranitar|Rock Slide|p2a: Drifblim|[spread] p2a
|-miss|p1a: Tyranitar|p2b: Corviknight
|-supereffective|p2a: Drifblim
|-damage|p2a: Drifblim|0 fnt
|faint|p2a: Drifblim
|
|-weather|Sandstorm|[upkeep]
|-sideend|p2: Togore Gaming|move: Tailwind
|upkeep
|
|t:|1756335139
|switch|p2a: Sneasler|Sneasler, L50, M|100/100
|turn|5
|
|t:|1756335158
|move|p2a: Sneasler|Protect|p2a: Sneasler
|-singleturn|p2a: Sneasler|Protect
|move|p1b: Excadrill|High Horsepower|p2a: Sneasler
|-activate|p2a: Sneasler|move: Protect
|move|p1a: Tyranitar|Knock Off|p2b: Corviknight
|-damage|p2b: Corviknight|42/100
|-enditem|p2b: Corviknight|Sitrus Berry|[from] move: Knock Off|[of] p1a: Tyranitar
|move|p2b: Corviknight|Body Press|p1b: Excadrill
|-supereffective|p1b: Excadrill
|-damage|p1b: Excadrill|0 fnt
|faint|p1b: Excadrill
|
|-weather|Sandstorm|[upkeep]
|-damage|p2a: Sneasler|95/100|[from] Sandstorm
|-sideend|p1: bobovile|move: Tailwind
|-fieldend|move: Psychic Terrain
|upkeep
|
|t:|1756335173
|switch|p1b: Gallade|Gallade, L50, M|100/100
|turn|6
|inactive|Togore Gaming has 30 seconds left.
|
|t:|1756335204
|-terastallize|p1a: Tyranitar|Flying
|move|p1b: Gallade|Protect|p1b: Gallade
|-singleturn|p1b: Gallade|Protect
|move|p2a: Sneasler|Dire Claw|p1b: Gallade
|-activate|p1b: Gallade|move: Protect
|move|p2b: Corviknight|Brave Bird|p1b: Gallade
|-activate|p1b: Gallade|move: Protect
|move|p1a: Tyranitar|Tera Blast|p2a: Sneasler|[anim] Tera Blast Flying
|-supereffective|p2a: Sneasler
|-damage|p2a: Sneasler|0 fnt
|faint|p2a: Sneasler
|
|-weather|Sandstorm|[upkeep]
|-damage|p1b: Gallade|95/100|[from] Sandstorm
|-damage|p1a: Tyranitar|95/100|[from] Sandstorm
|upkeep
|turn|7
|
|t:|1756335224
|move|p1b: Gallade|Sacred Sword|p2b: Corviknight
|-damage|p2b: Corviknight|0 fnt
|faint|p2b: Corviknight
|
|win|bobovile
||Togore Gaming is ready for game 2.
||bobovile is ready for game 2.
|uhtml|next|Next: Game 2 of 3
