|j|☆AetryxGameing
|j|☆OminousOgerpon360
|html|AetryxGameingOminousOgerpon360    
|uhtml|bestof|Game 2 of a best-of-3
|t:|1757910013
|gametype|doubles
|player|p1|AetryxGameing|169|
|player|p2|OminousOgerpon360|n|
|gen|9
|tier|[Gen 9] VGC 2025 Reg H (Bo3)
|rule|Species Clause: Limit one of each Pokémon
|rule|Item Clause: Limit 1 of each item
|clearpoke
|poke|p1|Maushold, L50|
|poke|p1|Annihilape, L50, M|
|poke|p1|Archaludon, L50, M|
|poke|p1|Gholdengo, L50|
|poke|p1|Ursaluna-Bloodmoon, L50, M|
|poke|p1|Incineroar, L50, M|
|poke|p2|Incineroar, L50, M|
|poke|p2|Rillaboom, L50, F|
|poke|p2|Annihilape, L50, M|
|poke|p2|Farigiraf, L50, M|
|poke|p2|Archaludon, L50, F|
|poke|p2|Garchomp, L50, M|
|teampreview|4
|showteam|p1|Maushold||WideLens|FriendGuard|PopulationBomb,BeatUp,FollowMe,Protect||||||50|,,,,,Ghost]Annihilape||ChoiceScarf|Defiant|FinalGambit,CloseCombat,DrainPunch,RageFist|||M|||50|,,,,,Grass]Archaludon||PowerHerb|Sturdy|ElectroShot,DragonPulse,FlashCannon,Protect|||M|||50|,,,,,Bug]Gholdengo||LifeOrb|GoodasGold|MakeItRain,ShadowBall,NastyPlot,Protect||||||50|,,,,,Dragon]Ursaluna-Bloodmoon||AssaultVest|MindsEye|BloodMoon,HyperVoice,EarthPower,Protect|||M|||50|,,,,,Normal]Incineroar||SafetyGoggles|Intimidate|FlareBlitz,KnockOff,PartingShot,FakeOut|||M|||50|,,,,,Ghost
|showteam|p2|Incineroar||SafetyGoggles|Intimidate|FlareBlitz,KnockOff,FakeOut,PartingShot|||M|||50|,,,,,Ghost]Rillaboom||AssaultVest|GrassySurge|WoodHammer,GrassyGlide,FakeOut,Uturn|||F|||50|,,,,,Fire]Annihilape||Leftovers|Defiant|Protect,RageFist,DrainPunch,BulkUp|||M|||50|,,,,,Water]Farigiraf||ThroatSpray|ArmorTail|HyperVoice,Psychic,TrickRoom,Protect|||M|||50|,,,,,Fairy]Archaludon||PowerHerb|Stalwart|DragonPulse,ElectroShot,FlashCannon,Protect|||F|||50|,,,,,Electric]Garchomp||LifeOrb|RoughSkin|Protect,DragonClaw,StompingTantrum,RockSlide|||M|||50|,,,,,Steel
|
|t:|1757910068
|teamsize|p1|4
|teamsize|p2|4
|start
|switch|p1a: Maushold|Maushold, L50|100/100
|switch|p1b: Gholdengo|Gholdengo, L50|100/100
|switch|p2a: Archaludon|Archaludon, L50, F|100/100
|switch|p2b: Rillaboom|Rillaboom, L50, F|100/100
|-fieldstart|move: Grassy Terrain|[from] ability: Grassy Surge|[of] p2b: Rillaboom
|turn|1
|
|t:|1757910107
|move|p2b: Rillaboom|Fake Out|p1a: Maushold
|-damage|p1a: Maushold|80/100
|cant|p1a: Maushold|flinch
|move|p1b: Gholdengo|Nasty Plot|p1b: Gholdengo
|-boost|p1b: Gholdengo|spa|2
|move|p2a: Archaludon|Dragon Pulse|p1b: Gholdengo
|-resisted|p1b: Gholdengo
|-damage|p1b: Gholdengo|81/100
|
|-heal|p1a: Maushold|86/100|[from] Grassy Terrain
|-heal|p1b: Gholdengo|88/100|[from] Grassy Terrain
|upkeep
|turn|2
|
|t:|1757910125
|move|p2a: Archaludon|Protect|p2a: Archaludon
|-singleturn|p2a: Archaludon|Protect
|move|p1a: Maushold|Population Bomb|p2a: Archaludon
|-activate|p2a: Archaludon|move: Protect
|move|p1b: Gholdengo|Make It Rain|p2a: Archaludon|[spread] p2b
|-activate|p2a: Archaludon|move: Protect
|-damage|p2b: Rillaboom|14/100
|-unboost|p1b: Gholdengo|spa|1
|-damage|p1b: Gholdengo|78/100|[from] item: Life Orb
|move|p2b: Rillaboom|Wood Hammer|p1a: Maushold
|-damage|p1a: Maushold|0 fnt
|faint|p1a: Maushold
|-damage|p2b: Rillaboom|0 fnt|[from] Recoil
|faint|p2b: Rillaboom
|
|-heal|p1b: Gholdengo|84/100|[from] Grassy Terrain
|upkeep
|
|t:|1757910144
|switch|p1a: Stapler|Archaludon, L50, M|100/100
|switch|p2b: Garchomp|Garchomp, L50, M|100/100
|turn|3
|
|t:|1757910190
|-terastallize|p2b: Garchomp|Steel
|move|p1b: Gholdengo|Protect|p1b: Gholdengo
|-singleturn|p1b: Gholdengo|Protect
|move|p2b: Garchomp|Dragon Claw|p1a: Stapler
|-damage|p1a: Stapler|56/100
|-damage|p2b: Garchomp|91/100|[from] item: Life Orb
|move|p1a: Stapler|Dragon Pulse|p2b: Garchomp
|-resisted|p2b: Garchomp
|-damage|p2b: Garchomp|67/100
|move|p2a: Archaludon|Electro Shot||[still]
|-prepare|p2a: Archaludon|Electro Shot
|-boost|p2a: Archaludon|spa|1
|-enditem|p2a: Archaludon|Power Herb
|-anim|p2a: Archaludon|Electro Shot|p1a: Stapler
|-resisted|p1a: Stapler
|-damage|p1a: Stapler|5/100
|
|-heal|p2b: Garchomp|73/100|[from] Grassy Terrain
|-heal|p1a: Stapler|11/100|[from] Grassy Terrain
|-heal|p1b: Gholdengo|90/100|[from] Grassy Terrain
|upkeep
|turn|4
|
|t:|1757910221
|move|p2b: Garchomp|Protect|p2b: Garchomp
|-singleturn|p2b: Garchomp|Protect
|move|p1a: Stapler|Electro Shot||[still]
|-prepare|p1a: Stapler|Electro Shot
|-boost|p1a: Stapler|spa|1
|-enditem|p1a: Stapler|Power Herb
|-anim|p1a: Stapler|Electro Shot|p2b: Garchomp
|-activate|p2b: Garchomp|move: Protect
|move|p1b: Gholdengo|Make It Rain|p2a: Archaludon|[spread] p2a
|-activate|p2b: Garchomp|move: Protect
|-resisted|p2a: Archaludon
|-damage|p2a: Archaludon|35/100
|-unboost|p1b: Gholdengo|spa|1
|-damage|p1b: Gholdengo|80/100|[from] item: Life Orb
|move|p2a: Archaludon|Dragon Pulse|p1b: Gholdengo
|-resisted|p1b: Gholdengo
|-damage|p1b: Gholdengo|39/100
|
|-heal|p2b: Garchomp|79/100|[from] Grassy Terrain
|-heal|p1a: Stapler|17/100|[from] Grassy Terrain
|-heal|p1b: Gholdengo|45/100|[from] Grassy Terrain
|-heal|p2a: Archaludon|41/100|[from] Grassy Terrain
|upkeep
|turn|5
|
|t:|1757910264
|move|p1b: Gholdengo|Protect|p1b: Gholdengo
|-singleturn|p1b: Gholdengo|Protect
|move|p2b: Garchomp|Stomping Tantrum|p1a: Stapler
|-supereffective|p1a: Stapler
|-damage|p1a: Stapler|0 fnt
|faint|p1a: Stapler
|-damage|p2b: Garchomp|69/100|[from] item: Life Orb
|move|p2a: Archaludon|Dragon Pulse|p1b: Gholdengo
|-activate|p1b: Gholdengo|move: Protect
|
|-heal|p2b: Garchomp|75/100|[from] Grassy Terrain
|-heal|p1b: Gholdengo|51/100|[from] Grassy Terrain
|-heal|p2a: Archaludon|47/100|[from] Grassy Terrain
|-fieldend|move: Grassy Terrain
|upkeep
|
|t:|1757910269
|switch|p1a: Ursaluna|Ursaluna-Bloodmoon, L50, M|100/100
|turn|6
|
|t:|1757910285
|move|p2b: Garchomp|Protect|p2b: Garchomp
|-singleturn|p2b: Garchomp|Protect
|move|p2a: Archaludon|Protect|p2a: Archaludon
|-singleturn|p2a: Archaludon|Protect
|move|p1b: Gholdengo|Make It Rain|p2a: Archaludon|[spread] 
|-activate|p2a: Archaludon|move: Protect
|-activate|p2b: Garchomp|move: Protect
|move|p1a: Ursaluna|Earth Power|p2b: Garchomp
|-activate|p2b: Garchomp|move: Protect
|
|upkeep
|turn|7
|
|t:|1757910301
|move|p2b: Garchomp|Dragon Claw|p1a: Ursaluna
|-damage|p1a: Ursaluna|57/100
|-damage|p2b: Garchomp|65/100|[from] item: Life Orb
|move|p1b: Gholdengo|Make It Rain|p2a: Archaludon|[spread] p2a,p2b
|-resisted|p2a: Archaludon
|-resisted|p2b: Garchomp
|-damage|p2a: Archaludon|3/100
|-damage|p2b: Garchomp|31/100
|-unboost|p1b: Gholdengo|spa|1
|-damage|p1b: Gholdengo|41/100|[from] item: Life Orb
|move|p2a: Archaludon|Dragon Pulse|p1a: Ursaluna
|-damage|p1a: Ursaluna|11/100
|move|p1a: Ursaluna|Earth Power|p2b: Garchomp
|-supereffective|p2b: Garchomp
|-damage|p2b: Garchomp|0 fnt
|faint|p2b: Garchomp
|
|upkeep
|
|t:|1757910305
|switch|p2b: Farigiraf|Farigiraf, L50, M|100/100
|turn|8
|
|t:|1757910325
|move|p2a: Archaludon|Protect|p2a: Archaludon
|-singleturn|p2a: Archaludon|Protect
|move|p1b: Gholdengo|Nasty Plot|p1b: Gholdengo
|-boost|p1b: Gholdengo|spa|2
|move|p1a: Ursaluna|Hyper Voice|p2b: Farigiraf|[spread] p2b
|-activate|p2a: Archaludon|move: Protect
|-damage|p2b: Farigiraf|67/100
|move|p2b: Farigiraf|Trick Room|p2b: Farigiraf
|-fieldstart|move: Trick Room|[of] p2b: Farigiraf
|
|upkeep
|turn|9
|
|t:|1757910350
|move|p1a: Ursaluna|Earth Power|p2a: Archaludon
|-supereffective|p2a: Archaludon
|-damage|p2a: Archaludon|0 fnt
|faint|p2a: Archaludon
|move|p2b: Farigiraf|Hyper Voice|p1a: Ursaluna|[spread] p1a
|-immune|p1b: Gholdengo
|-damage|p1a: Ursaluna|0 fnt
|faint|p1a: Ursaluna
|-enditem|p2b: Farigiraf|Throat Spray
|-boost|p2b: Farigiraf|spa|1|[from] item: Throat Spray
|move|p1b: Gholdengo|Make It Rain|p2b: Farigiraf
|-damage|p2b: Farigiraf|0 fnt
|-unboost|p1b: Gholdengo|spa|1
|faint|p2b: Farigiraf
|-damage|p1b: Gholdengo|31/100|[from] item: Life Orb
|
|win|AetryxGameing
|c|☆AetryxGameing|ggs
|c|☆OminousOgerpon360|Ggs
|l|☆OminousOgerpon360
|player|p2|
