|j|☆encore enjoyer
|j|☆gene takavic
|html|encore enjoyergene takavic    
|uhtml|bestof|Game 1 of a best-of-3
|t:|1756506269
|gametype|doubles
|player|p1|encore enjoyer|byron|1132
|player|p2|gene takavic|pryce|1168
|gen|9
|tier|[Gen 9] VGC 2025 Reg H (Bo3)
|rated|
|rule|Species Clause: Limit one of each Pokémon
|rule|Item Clause: Limit 1 of each item
|clearpoke
|poke|p1|Dragonite, L50, M|
|poke|p1|Ursaluna-Bloodmoon, L50, M|
|poke|p1|Archaludon, L50, M|
|poke|p1|Whimsicott, L50, M|
|poke|p1|Gholdengo, L50|
|poke|p1|Incineroar, L50, M|
|poke|p2|Charizard, L50, F|
|poke|p2|Torkoal, L50, F|
|poke|p2|Porygon2, L50|
|poke|p2|Incineroar, L50, M|
|poke|p2|Jumpluff, L50, F|
|poke|p2|Ursaluna, L50, F|
|teampreview|4
|showteam|p1|Dragonite||LoadedDice|Multiscale|ScaleShot,ExtremeSpeed,IceSpinner,Protect|||M|||50|,,,,,Fairy]Ursaluna-Bloodmoon||AssaultVest|MindsEye|BloodMoon,HyperVoice,EarthPower,VacuumWave|||M|||50|,,,,,Water]Archaludon||PowerHerb|Sturdy|ElectroShot,FlashCannon,DracoMeteor,Protect|||M|||50|,,,,,Stellar]Whimsicott||CovertCloak|Prankster|FakeTears,Tailwind,Encore,Moonblast|||M|||50|,,,,,Poison]Gholdengo||ChoiceSpecs|GoodasGold|MakeItRain,ShadowBall,PowerGem,Trick||||||50|,,,,,Steel]Incineroar||SafetyGoggles|Intimidate|FakeOut,PartingShot,KnockOff,FlareBlitz|||M|||50|,,,,,Ghost
|showteam|p2|Charizard||ChoiceSpecs|SolarPower|HeatWave,Overheat,WeatherBall,AirSlash|||F|||50|,,,,,Ghost]Torkoal||EjectPack|Drought|Eruption,Overheat,HelpingHand,Protect|||F|||50|,,,,,Fire]Porygon2||Eviolite|Download|TeraBlast,IceBeam,Recover,TrickRoom||||||50|,,,,,Fighting]Incineroar||SitrusBerry|Intimidate|FlareBlitz,KnockOff,FakeOut,PartingShot|||M|||50|,,,,,Ghost]Jumpluff||CovertCloak|Chlorophyll|SleepPowder,SunnyDay,RagePowder,Tailwind|||F|||50|,,,,,Water]Ursaluna||FlameOrb|Guts|HeadlongRush,Facade,Earthquake,Protect|||F|||50|,,,,,Ghost
|inactive|Battle timer is ON: inactive players will automatically lose when time's up. (requested by gene takavic)
|inactive|gene takavic has 60 seconds left.
|
|t:|1756506313
|teamsize|p1|4
|teamsize|p2|4
|start
|switch|p1a: Gholdengo|Gholdengo, L50|100/100
|switch|p1b: Whimsicott|Whimsicott, L50, M|100/100
|switch|p2a: Charizard|Charizard, L50, F|100/100
|switch|p2b: Porygon2|Porygon2, L50|100/100
|-ability|p2b: Porygon2|Download|boost
|-boost|p2b: Porygon2|atk|1
|turn|1
|
|t:|1756506334
|-terastallize|p1a: Gholdengo|Steel
|move|p1b: Whimsicott|Fake Tears|p2b: Porygon2
|-unboost|p2b: Porygon2|spd|2
|move|p2a: Charizard|Heat Wave|p1a: Gholdengo|[spread] p1b
|-miss|p2a: Charizard|p1a: Gholdengo
|-supereffective|p1b: Whimsicott
|-damage|p1b: Whimsicott|0 fnt
|faint|p1b: Whimsicott
|move|p1a: Gholdengo|Make It Rain|p2b: Porygon2|[spread] p2a,p2b
|-resisted|p2a: Charizard
|-damage|p2a: Charizard|34/100
|-damage|p2b: Porygon2|0 fnt
|-unboost|p1a: Gholdengo|spa|1
|faint|p2b: Porygon2
|
|upkeep
|c|☆gene takavic|lol
|
|t:|1756506347
|switch|p1b: Dragonite|Dragonite, L50, M|100/100
|switch|p2b: Incineroar|Incineroar, L50, M|100/100
|-ability|p2b: Incineroar|Intimidate|boost
|-unboost|p1a: Gholdengo|atk|1
|-unboost|p1b: Dragonite|atk|1
|turn|2
|
|t:|1756506358
|switch|p1a: Ursaluna|Ursaluna-Bloodmoon, L50, M|100/100
|move|p2b: Incineroar|Fake Out|p1b: Dragonite
|-damage|p1b: Dragonite|93/100
|cant|p1b: Dragonite|flinch
|move|p2a: Charizard|Heat Wave|p1b: Dragonite|[spread] p1a,p1b
|-resisted|p1b: Dragonite
|-damage|p1a: Ursaluna|67/100
|-damage|p1b: Dragonite|69/100
|
|upkeep
|turn|3
|
|t:|1756506379
|-terastallize|p2a: Charizard|Ghost
|move|p1b: Dragonite|Extreme Speed|p2a: Charizard
|-immune|p2a: Charizard
|move|p1a: Ursaluna|Vacuum Wave|p2a: Charizard
|-damage|p2a: Charizard|12/100
|move|p2a: Charizard|Heat Wave|p1b: Dragonite|[spread] p1a,p1b
|-resisted|p1b: Dragonite
|-damage|p1a: Ursaluna|35/100
|-damage|p1b: Dragonite|42/100
|-status|p1a: Ursaluna|brn
|move|p2b: Incineroar|Flare Blitz|p1b: Dragonite
|-resisted|p1b: Dragonite
|-damage|p1b: Dragonite|15/100
|-damage|p2b: Incineroar|93/100|[from] Recoil
|
|-damage|p1a: Ursaluna|29/100 brn|[from] brn
|upkeep
|turn|4
|
|t:|1756506402
|move|p1a: Ursaluna|Vacuum Wave|p2a: Charizard
|-damage|p2a: Charizard|0 fnt
|faint|p2a: Charizard
|move|p1b: Dragonite|Scale Shot|p2b: Incineroar
|-damage|p2b: Incineroar|83/100
|-damage|p2b: Incineroar|73/100
|-damage|p2b: Incineroar|63/100
|-damage|p2b: Incineroar|52/100
|-hitcount|p2b: Incineroar|4
|-unboost|p1b: Dragonite|def|1
|-boost|p1b: Dragonite|spe|1
|move|p2b: Incineroar|Flare Blitz|p1b: Dragonite
|-resisted|p1b: Dragonite
|-damage|p1b: Dragonite|0 fnt
|faint|p1b: Dragonite
|-damage|p2b: Incineroar|49/100|[from] Recoil
|-enditem|p2b: Incineroar|Sitrus Berry|[eat]
|-heal|p2b: Incineroar|73/100|[from] item: Sitrus Berry
|
|-damage|p1a: Ursaluna|24/100 brn|[from] brn
|upkeep
|
|t:|1756506420
|switch|p2a: Ursaluna|Ursaluna, L50, F|100/100
|switch|p1b: Gholdengo|Gholdengo, L50, tera:Steel|100/100
|turn|5
|
|t:|1756506433
|move|p1b: Gholdengo|Make It Rain|p2b: Incineroar|[spread] p2a,p2b
|-resisted|p2b: Incineroar
|-damage|p2a: Ursaluna|0 fnt
|-damage|p2b: Incineroar|26/100
|-unboost|p1b: Gholdengo|spa|1
|faint|p2a: Ursaluna
|move|p2b: Incineroar|Knock Off|p1a: Ursaluna
|-damage|p1a: Ursaluna|0 fnt
|-enditem|p1a: Ursaluna|Assault Vest|[from] move: Knock Off|[of] p2b: Incineroar
|faint|p1a: Ursaluna
|
|upkeep
|turn|6
|
|t:|1756506443
|move|p1b: Gholdengo|Make It Rain|p2b: Incineroar
|-resisted|p2b: Incineroar
|-damage|p2b: Incineroar|0 fnt
|-unboost|p1b: Gholdengo|spa|1
|faint|p2b: Incineroar
|
|win|encore enjoyer
||gene takavic is ready for game 2.
||encore enjoyer is ready for game 2.
|uhtml|next|Next: Game 2 of 3
