|j|☆RosieAndJim
|j|☆BodiPlayGames
|html|RosieAndJimBodiPlayGames    
|uhtml|bestof|Game 3 of a best-of-3
|t:|1756516207
|gametype|doubles
|player|p1|RosieAndJim|169|1076
|player|p2|BodiPlayGames|170|1154
|gen|9
|tier|[Gen 9] VGC 2025 Reg H (Bo3)
|rated|
|rule|Species Clause: Limit one of each Pokémon
|rule|Item Clause: Limit 1 of each item
|clearpoke
|poke|p1|Archaludon, L50, M|
|poke|p1|Garchomp, L50, M|
|poke|p1|Incineroar, L50, M|
|poke|p1|Pelipper, L50, M|
|poke|p1|Talonflame, L50, F|
|poke|p1|Amoonguss, L50, M|
|poke|p2|Annihilape, L50, F|
|poke|p2|Sinistcha, L50|
|poke|p2|Maushold-Four, L50|
|poke|p2|Klefki, L50, M|
|poke|p2|Ursaluna-Bloodmoon, L50, M|
|poke|p2|Ninetales-Alola, L50, F|
|teampreview|4
|showteam|p1|Archaludon||AssaultVest|Stamina|ElectroShot,DragonPulse,BodyPress,Snarl|||M|||50|,,,,,Grass]Garchomp||LifeOrb|RoughSkin|Earthquake,DragonClaw,StompingTantrum,Protect|||M|||50|,,,,,Ground]Incineroar||SafetyGoggles|Intimidate|FlareBlitz,KnockOff,PartingShot,FakeOut|||M|||50|,,,,,Ghost]Pelipper||FocusSash|Drizzle|WeatherBall,Hurricane,Tailwind,Protect|||M|||50|,,,,,Stellar]Talonflame||CovertCloak|GaleWings|BraveBird,Tailwind,Taunt,RainDance|||F|||50|,,,,,Flying]Amoonguss||SitrusBerry|Regenerator|PollenPuff,ClearSmog,Spore,RagePowder|||M|||50|,,,,,Psychic
|showteam|p2|Annihilape||Leftovers|Defiant|Protect,BulkUp,DrainPunch,RageFist|||F|||50|,,,,,Fire]Sinistcha||SitrusBerry|Hospitality|MatchaGotcha,TrickRoom,LifeDew,RagePowder||||||50|,,,,,Water]Maushold-Four||SafetyGoggles|FriendGuard|FollowMe,Taunt,BeatUp,Protect||||||50|,,,,,Ghost]Klefki||LightClay|Prankster|Reflect,LightScreen,MistyTerrain,DazzlingGleam|||M|||50|,,,,,Ghost]Ursaluna-Bloodmoon||AssaultVest|MindsEye|BloodMoon,HyperVoice,EarthPower,VacuumWave|||M|||50|,,,,,Water]Ninetales-Alola||FocusSash|SnowWarning|Protect,Encore,FreezeDry,Blizzard|||F|||50|,,,,,Ghost
|inactive|Battle timer is ON: inactive players will automatically lose when time's up. (requested by RosieAndJim)
|
|t:|1756516221
|teamsize|p1|4
|teamsize|p2|4
|start
|switch|p1a: Talonflame|Talonflame, L50, F|100/100
|switch|p1b: Garchomp|Garchomp, L50, M|100/100
|switch|p2a: Ninetales|Ninetales-Alola, L50, F, shiny|100/100
|switch|p2b: Klefki|Klefki, L50, M|100/100
|-weather|Snowscape|[from] ability: Snow Warning|[of] p2a: Ninetales
|turn|1
|
|t:|1756516241
|switch|p1a: Pelipper|Pelipper, L50, M|100/100
|-weather|RainDance|[from] ability: Drizzle|[of] p1a: Pelipper
|-terastallize|p1b: Garchomp|Ground
|move|p2b: Klefki|Reflect|p2b: Klefki
|-sidestart|p2: BodiPlayGames|Reflect
|move|p2a: Ninetales|Blizzard|p1a: Pelipper|[spread] p1a,p1b
|-supereffective|p1b: Garchomp
|-damage|p1a: Pelipper|52/100
|-damage|p1b: Garchomp|28/100
|move|p1b: Garchomp|Earthquake|p2b: Klefki|[spread] p2a,p2b
|-immune|p1a: Pelipper
|-supereffective|p2b: Klefki
|-damage|p2a: Ninetales|34/100
|-damage|p2b: Klefki|0 fnt
|faint|p2b: Klefki
|-damage|p1b: Garchomp|18/100|[from] item: Life Orb
|
|-weather|RainDance|[upkeep]
|upkeep
|
|t:|1756516250
|switch|p2b: Sinistcha|Sinistcha, L50|100/100
|-heal|p2a: Ninetales|59/100|[from] ability: Hospitality|[of] p2b: Sinistcha
|turn|2
|
|t:|1756516274
|move|p1b: Garchomp|Protect|p1b: Garchomp
|-singleturn|p1b: Garchomp|Protect
|move|p2a: Ninetales|Blizzard|p1b: Garchomp|[spread] p1a
|-activate|p1b: Garchomp|move: Protect
|-damage|p1a: Pelipper|0 fnt
|faint|p1a: Pelipper
|move|p2b: Sinistcha|Matcha Gotcha|p1b: Garchomp
|-activate|p1b: Garchomp|move: Protect
|
|-weather|RainDance|[upkeep]
|upkeep
|
|t:|1756516285
|switch|p1a: Talonflame|Talonflame, L50, F|100/100
|turn|3
|
|t:|1756516302
|switch|p2a: Annihilape|Annihilape, L50, F, shiny|100/100
|move|p1a: Talonflame|Tailwind|p1a: Talonflame
|-sidestart|p1: RosieAndJim|move: Tailwind
|move|p1b: Garchomp|Earthquake|p2a: Annihilape|[spread] p2a,p2b
|-immune|p1a: Talonflame
|-resisted|p2b: Sinistcha
|-damage|p2a: Annihilape|52/100
|-damage|p2b: Sinistcha|81/100
|-damage|p1b: Garchomp|8/100|[from] item: Life Orb
|move|p2b: Sinistcha|Trick Room|p2b: Sinistcha
|-fieldstart|move: Trick Room|[of] p2b: Sinistcha
|
|-weather|RainDance|[upkeep]
|-heal|p2a: Annihilape|58/100|[from] item: Leftovers
|upkeep
|turn|4
|inactive|RosieAndJim has 30 seconds left.
|
|t:|1756516330
|switch|p2b: Ninetales|Ninetales-Alola, L50, F, shiny|59/100
|-weather|Snowscape|[from] ability: Snow Warning|[of] p2b: Ninetales
|move|p2a: Annihilape|Protect|p2a: Annihilape
|-singleturn|p2a: Annihilape|Protect
|move|p1a: Talonflame|Brave Bird|p2b: Ninetales
|-damage|p2b: Ninetales|28/100
|-damage|p1a: Talonflame|91/100|[from] Recoil
|move|p1b: Garchomp|Earthquake|p2a: Annihilape|[spread] p2b
|-activate|p2a: Annihilape|move: Protect
|-immune|p1a: Talonflame
|-damage|p2b: Ninetales|0 fnt
|faint|p2b: Ninetales
|-damage|p1b: Garchomp|0 fnt|[from] item: Life Orb
|faint|p1b: Garchomp
|
|-weather|Snowscape|[upkeep]
|-heal|p2a: Annihilape|64/100|[from] item: Leftovers
|upkeep
|
|t:|1756516348
|switch|p1b: Archaludon|Archaludon, L50, M|100/100
|switch|p2b: Sinistcha|Sinistcha, L50|81/100
|-heal|p2a: Annihilape|89/100|[from] ability: Hospitality|[of] p2b: Sinistcha
|turn|5
|
|t:|1756516372
|-terastallize|p2b: Sinistcha|Water
|move|p2b: Sinistcha|Life Dew|p2b: Sinistcha|[spread] p2a,p2b
|-heal|p2a: Annihilape|100/100
|-heal|p2b: Sinistcha|100/100
|move|p2a: Annihilape|Bulk Up|p2a: Annihilape
|-boost|p2a: Annihilape|atk|1
|-boost|p2a: Annihilape|def|1
|move|p1b: Archaludon|Dragon Pulse|p2b: Sinistcha
|-damage|p2b: Sinistcha|58/100
|move|p1a: Talonflame|Rain Dance|p1a: Talonflame
|-weather|RainDance
|
|-weather|RainDance|[upkeep]
|upkeep
|turn|6
|inactive|RosieAndJim has 30 seconds left.
|inactive|RosieAndJim has 20 seconds left.
|inactive|BodiPlayGames has 30 seconds left.
|
|t:|1756516420
|move|p2b: Sinistcha|Matcha Gotcha|p1a: Talonflame|[spread] p1a,p1b
|-resisted|p1a: Talonflame
|-resisted|p1b: Archaludon
|-damage|p1a: Talonflame|81/100
|-heal|p2b: Sinistcha|63/100|[from] drain|[of] p1a: Talonflame
|-damage|p1b: Archaludon|96/100
|-heal|p2b: Sinistcha|66/100|[from] drain|[of] p1b: Archaludon
|-ability|p1b: Archaludon|Stamina|boost
|-boost|p1b: Archaludon|def|1
|move|p2a: Annihilape|Rage Fist|p1a: Talonflame
|-damage|p1a: Talonflame|0 fnt
|faint|p1a: Talonflame
|move|p1b: Archaludon|Electro Shot||[still]
|-prepare|p1b: Archaludon|Electro Shot
|-boost|p1b: Archaludon|spa|1
|-anim|p1b: Archaludon|Electro Shot|p2b: Sinistcha
|-supereffective|p2b: Sinistcha
|-damage|p2b: Sinistcha|0 fnt
|faint|p2b: Sinistcha
|
|-weather|RainDance|[upkeep]
|-sideend|p1: RosieAndJim|move: Tailwind
|upkeep
|turn|7
|inactive|BodiPlayGames has 30 seconds left.
|
|t:|1756516448
|move|p2a: Annihilape|Protect|p2a: Annihilape
|-singleturn|p2a: Annihilape|Protect
|move|p1b: Archaludon|Electro Shot||[still]
|-prepare|p1b: Archaludon|Electro Shot
|-boost|p1b: Archaludon|spa|1
|-anim|p1b: Archaludon|Electro Shot|p2a: Annihilape
|-activate|p2a: Annihilape|move: Protect
|
|-weather|RainDance|[upkeep]
|-fieldend|move: Trick Room
|upkeep
|turn|8
|
|t:|1756516458
|move|p2a: Annihilape|Drain Punch|p1b: Archaludon
|-supereffective|p1b: Archaludon
|-damage|p1b: Archaludon|53/100
|-ability|p1b: Archaludon|Stamina|boost
|-boost|p1b: Archaludon|def|1
|move|p1b: Archaludon|Electro Shot||[still]
|-prepare|p1b: Archaludon|Electro Shot
|-boost|p1b: Archaludon|spa|1
|-anim|p1b: Archaludon|Electro Shot|p2a: Annihilape
|-damage|p2a: Annihilape|3/100
|
|-weather|RainDance|[upkeep]
|-heal|p2a: Annihilape|9/100|[from] item: Leftovers
|-sideend|p2: BodiPlayGames|Reflect
|upkeep
|turn|9
|
|t:|1756516477
|move|p2a: Annihilape|Protect|p2a: Annihilape
|-singleturn|p2a: Annihilape|Protect
|move|p1b: Archaludon|Electro Shot||[still]
|-prepare|p1b: Archaludon|Electro Shot
|-boost|p1b: Archaludon|spa|1
|-anim|p1b: Archaludon|Electro Shot|p2a: Annihilape
|-activate|p2a: Annihilape|move: Protect
|
|-weather|none
|-heal|p2a: Annihilape|15/100|[from] item: Leftovers
|upkeep
|turn|10
|
|t:|1756516487
|move|p2a: Annihilape|Drain Punch|p1b: Archaludon
|-supereffective|p1b: Archaludon
|-damage|p1b: Archaludon|22/100
|-heal|p2a: Annihilape|30/100|[from] drain|[of] p1b: Archaludon
|-ability|p1b: Archaludon|Stamina|boost
|-boost|p1b: Archaludon|def|1
|move|p1b: Archaludon|Dragon Pulse|p2a: Annihilape
|-damage|p2a: Annihilape|0 fnt
|faint|p2a: Annihilape
|
|win|RosieAndJim
|raw|RosieAndJim's rating: 1076 → 1111(+35 for winning)
|raw|BodiPlayGames's rating: 1154 → 1123(-31 for losing)
