|j|☆the Batterwitch
|j|☆TONKMAN
|html|the BatterwitchTONKMAN    
|uhtml|bestof|Game 1 of a best-of-3
|t:|1757716933
|gametype|doubles
|player|p1|the Batterwitch|baker|1274
|player|p2|TONKMAN|ltsurge|1254
|gen|9
|tier|[Gen 9] VGC 2025 Reg H (Bo3)
|rated|
|rule|Species Clause: Limit one of each Pokémon
|rule|Item Clause: Limit 1 of each item
|clearpoke
|poke|p1|Archaludon, L50, F|
|poke|p1|Pelipper, L50, M|
|poke|p1|Basculegion, L50, M|
|poke|p1|Ursaluna, L50, M|
|poke|p1|Volcarona, L50, F|
|poke|p1|Porygon2, L50|
|poke|p2|Vivillon, L50, M|
|poke|p2|Garchomp, L50, M|
|poke|p2|Primarina, L50, F|
|poke|p2|Porygon2, L50|
|poke|p2|Incineroar, L50, M|
|poke|p2|Gholdengo, L50|
|teampreview|4
|showteam|p1|Archaludon||PowerHerb|Sturdy|ElectroShot,DracoMeteor,FlashCannon,Protect|||F|||50|,,,,,Grass]Pelipper||FocusSash|Drizzle|Hurricane,WeatherBall,WideGuard,Tailwind|||M|||50|,,,,,Ghost]Basculegion||LifeOrb|SwiftSwim|WaveCrash,LastRespects,AquaJet,Protect|||M|||50|,,,,,Fairy]Ursaluna||FlameOrb|Guts|Facade,Earthquake,HeadlongRush,Protect|||M|||50|,,,,,Fairy]Volcarona||CovertCloak|FlameBody|Overheat,StruggleBug,RagePowder,WillOWisp|||F|||50|,,,,,Dragon]Porygon2||Eviolite|Trace|TriAttack,IceBeam,Recover,TrickRoom||||||50|,,,,,Ghost
|showteam|p2|Vivillon||FocusSash|CompoundEyes|Hurricane,SleepPowder,RagePowder,Protect|||M|||50|,,,,,Ghost]Garchomp||LifeOrb|RoughSkin|DragonClaw,Earthquake,StompingTantrum,Protect|||M|||50|,,,,,Steel]Primarina||SitrusBerry|LiquidVoice|HyperVoice,Moonblast,Haze,Protect|||F|||50|,,,,,Poison]Porygon2||Eviolite|Download|TeraBlast,IceBeam,TrickRoom,Recover||||||50|,,,,,Ground]Incineroar||SafetyGoggles|Intimidate|FakeOut,FlareBlitz,KnockOff,PartingShot|||M|||50|,,,,,Ghost]Gholdengo||Leftovers|GoodasGold|MakeItRain,ShadowBall,NastyPlot,Protect||||||50|,,,,,Flying
|inactive|Battle timer is ON: inactive players will automatically lose when time's up. (requested by TONKMAN)
|l|☆TONKMAN
|inactive|TONKMAN disconnected and has a minute to reconnect!
|player|p2|
|
|t:|1757716967
|teamsize|p1|4
|teamsize|p2|4
|start
|switch|p1a: Pelipper|Pelipper, L50, M|100/100
|switch|p1b: Basculegion|Basculegion, L50, M|100/100
|switch|p2a: Vivillon|Vivillon, L50, M|100/100
|switch|p2b: Garchomp|Garchomp, L50, M|100/100
|-weather|RainDance|[from] ability: Drizzle|[of] p1a: Pelipper
|turn|1
|j|☆TONKMAN
|inactive|TONKMAN reconnected and has 55 seconds left.
|player|p2|TONKMAN|ltsurge|
|inactive|TONKMAN has 30 seconds left.
|
|t:|1757716993
|switch|p2b: Porygon2|Porygon2, L50|100/100
|-ability|p2b: Porygon2|Download|boost
|-boost|p2b: Porygon2|spa|1
|move|p1b: Basculegion|Protect|p1b: Basculegion
|-singleturn|p1b: Basculegion|Protect
|move|p2a: Vivillon|Sleep Powder|p1b: Basculegion
|-activate|p1b: Basculegion|move: Protect
|move|p1a: Pelipper|Hurricane|p2a: Vivillon
|-supereffective|p2a: Vivillon
|-enditem|p2a: Vivillon|Focus Sash
|-damage|p2a: Vivillon|1/100
|
|-weather|RainDance|[upkeep]
|upkeep
|turn|2
|inactive|the Batterwitch has 30 seconds left.
|
|t:|1757717026
|switch|p1a: Ursaluna|Ursaluna, L50, M|100/100
|move|p2a: Vivillon|Protect|p2a: Vivillon
|-singleturn|p2a: Vivillon|Protect
|move|p1b: Basculegion|Aqua Jet|p2a: Vivillon
|-activate|p2a: Vivillon|move: Protect
|move|p2b: Porygon2|Trick Room|p2b: Porygon2
|-fieldstart|move: Trick Room|[of] p2b: Porygon2
|
|-weather|RainDance|[upkeep]
|-status|p1a: Ursaluna|brn|[from] item: Flame Orb
|upkeep
|turn|3
|
|t:|1757717045
|switch|p2a: Primarina|Primarina, L50, F|100/100
|-terastallize|p1a: Ursaluna|Fairy
|move|p1b: Basculegion|Aqua Jet|p2a: Primarina
|-resisted|p2a: Primarina
|-damage|p2a: Primarina|77/100
|-damage|p1b: Basculegion|91/100|[from] item: Life Orb
|move|p2b: Porygon2|Ice Beam|p1a: Ursaluna
|-damage|p1a: Ursaluna|68/100 brn
|move|p1a: Ursaluna|Facade|p2b: Porygon2
|-damage|p2b: Porygon2|24/100
|
|-weather|RainDance|[upkeep]
|-damage|p1a: Ursaluna|62/100 brn|[from] brn
|upkeep
|turn|4
|
|t:|1757717066
|move|p1a: Ursaluna|Protect|p1a: Ursaluna
|-singleturn|p1a: Ursaluna|Protect
|move|p2b: Porygon2|Recover|p2b: Porygon2
|-heal|p2b: Porygon2|74/100
|move|p2a: Primarina|Hyper Voice|p1a: Ursaluna|[spread] p1b
|-activate|p1a: Ursaluna|move: Protect
|-resisted|p1b: Basculegion
|-damage|p1b: Basculegion|62/100
|move|p1b: Basculegion|Wave Crash|p2a: Primarina
|-resisted|p2a: Primarina
|-damage|p2a: Primarina|14/100
|-enditem|p2a: Primarina|Sitrus Berry|[eat]
|-heal|p2a: Primarina|39/100|[from] item: Sitrus Berry
|-damage|p1b: Basculegion|44/100|[from] Recoil
|-damage|p1b: Basculegion|34/100|[from] item: Life Orb
|
|-weather|RainDance|[upkeep]
|-damage|p1a: Ursaluna|56/100 brn|[from] brn
|upkeep
|turn|5
|
|t:|1757717093
|switch|p1a: Pelipper|Pelipper, L50, M|100/100
|move|p1b: Basculegion|Protect|p1b: Basculegion
|-singleturn|p1b: Basculegion|Protect
|move|p2b: Porygon2|Tera Blast|p1a: Pelipper
|-damage|p1a: Pelipper|12/100
|move|p2a: Primarina|Hyper Voice|p1a: Pelipper|[spread] p1a
|-activate|p1b: Basculegion|move: Protect
|-resisted|p1a: Pelipper
|-damage|p1a: Pelipper|0 fnt
|faint|p1a: Pelipper
|
|-weather|none
|upkeep
|
|t:|1757717098
|switch|p1a: Ursaluna|Ursaluna, L50, M, tera:Fairy|56/100 brn
|turn|6
|
|t:|1757717117
|switch|p2a: Vivillon|Vivillon, L50, M|1/100
|move|p2b: Porygon2|Ice Beam|p1b: Basculegion
|-resisted|p1b: Basculegion
|-damage|p1b: Basculegion|14/100
|move|p1a: Ursaluna|Facade|p2b: Porygon2
|-damage|p2b: Porygon2|0 fnt
|faint|p2b: Porygon2
|move|p1b: Basculegion|Last Respects|p2a: Vivillon
|-damage|p2a: Vivillon|0 fnt
|faint|p2a: Vivillon
|-damage|p1b: Basculegion|4/100|[from] item: Life Orb
|
|-damage|p1a: Ursaluna|50/100 brn|[from] brn
|-fieldend|move: Trick Room
|upkeep
|
|t:|1757717126
|switch|p2a: Garchomp|Garchomp, L50, M|100/100
|switch|p2b: Primarina|Primarina, L50, F|39/100
|turn|7
|
|t:|1757717145
|move|p2b: Primarina|Protect|p2b: Primarina
|-singleturn|p2b: Primarina|Protect
|move|p1a: Ursaluna|Protect|p1a: Ursaluna
|-singleturn|p1a: Ursaluna|Protect
|move|p1b: Basculegion|Aqua Jet|p2a: Garchomp
|-damage|p2a: Garchomp|72/100
|-damage|p1b: Basculegion|0 fnt|[from] ability: Rough Skin|[of] p2a: Garchomp
|faint|p1b: Basculegion
|move|p2a: Garchomp|Earthquake|p1a: Ursaluna|[spread] 
|-activate|p2b: Primarina|move: Protect
|-activate|p1a: Ursaluna|move: Protect
|
|-damage|p1a: Ursaluna|44/100 brn|[from] brn
|upkeep
|
|t:|1757717148
|switch|p1b: Archaludon|Archaludon, L50, F|100/100
|turn|8
|
|t:|1757717166
|move|p2a: Garchomp|Stomping Tantrum|p1b: Archaludon
|-supereffective|p1b: Archaludon
|-damage|p1b: Archaludon|2/100
|-damage|p2a: Garchomp|62/100|[from] item: Life Orb
|move|p1b: Archaludon|Electro Shot||[still]
|-prepare|p1b: Archaludon|Electro Shot
|-boost|p1b: Archaludon|spa|1
|-enditem|p1b: Archaludon|Power Herb
|-anim|p1b: Archaludon|Electro Shot|p2b: Primarina
|-supereffective|p2b: Primarina
|-damage|p2b: Primarina|0 fnt
|faint|p2b: Primarina
|move|p1a: Ursaluna|Facade|p2a: Garchomp
|-damage|p2a: Garchomp|0 fnt
|-damage|p1a: Ursaluna|31/100 brn|[from] ability: Rough Skin|[of] p2a: Garchomp
|faint|p2a: Garchomp
|
|win|the Batterwitch
|inactive|the Batterwitch has 30 seconds to confirm battle start!
|inactive|TONKMAN has 30 seconds to confirm battle start!
||TONKMAN is ready for game 2.
||the Batterwitch is ready for game 2.
|uhtml|next|Next: Game 2 of 3
