|j|☆raksbach
|j|☆SomeKidJon
|html|raksbachSomeKidJon    
|uhtml|bestof|Game 1 of a best-of-3
|t:|1783424293
|gametype|doubles
|player|p1|raksbach|265|1180
|player|p2|SomeKidJon|scientistf|1273
|gen|9
|tier|[Gen 9 Champions] VGC 2026 Reg M-B (Bo3)
|rated|
|rule|Species Clause: Limit one of each Pokémon
|rule|Item Clause: Limit 1 of each item
|clearpoke
|poke|p1|Incineroar, L50, F|
|poke|p1|Maushold, L50|
|poke|p1|Sinistcha, L50|
|poke|p1|Sneasler, L50, M|
|poke|p1|Blastoise, L50, M|
|poke|p1|Delphox, L50, F|
|poke|p2|Camerupt, L50, F|
|poke|p2|Farigiraf, L50, M|
|poke|p2|Primarina, L50, M|
|poke|p2|Hatterene, L50, F|
|poke|p2|Lopunny, L50, F|
|poke|p2|Staraptor, L50, M|
|teampreview|4
|showteam|p1|Incineroar||SitrusBerry|Intimidate|FakeOut,FlareBlitz,DarkestLariat,PartingShot|Impish||F|||50|]Maushold||ChopleBerry|FriendGuard|SuperFang,FollowMe,Protect,Feint|Impish|||||50|]Sinistcha||OccaBerry|Hospitality|MatchaGotcha,LifeDew,RagePowder,Protect|Bold|||||50|]Sneasler||FocusSash|PoisonTouch|FakeOut,CloseCombat,DireClaw,QuickGuard|Jolly||M|||50|]Blastoise||Blastoisinite|Torrent|WaterSpout,DarkPulse,ShellSmash,Protect|Modest||M|||50|]Delphox||Delphoxite|Blaze|HeatWave,Psychic,NastyPlot,Protect|Timid||F|||50|
|showteam|p2|Camerupt||Cameruptite|SolidRock|AncientPower,HeatWave,EarthPower,Protect|Quiet||F|||50|]Farigiraf||SitrusBerry|ArmorTail|Protect,HelpingHand,DazzlingGleam,TrickRoom|Bold||M|||50|]Primarina||Leftovers|LiquidVoice|HyperVoice,Protect,Moonblast,CalmMind|Modest||M|||50|]Hatterene||FocusSash|MagicBounce|Psychic,Protect,DazzlingGleam,TrickRoom|Quiet||F|||50|]Lopunny||Lopunnite|Klutz|FakeOut,CloseCombat,AfterYou,TripleAxel|Jolly||F|||50|]Staraptor||ChoiceScarf|Intimidate|FinalGambit,DoubleEdge,BraveBird,Uturn|Adamant||M|||50|
|inactive|Battle timer is ON: inactive players will automatically lose when time's up. (requested by raksbach)
|inactive|SomeKidJon has 60 seconds left.
|
|t:|1783424344
|teamsize|p1|4
|teamsize|p2|4
|start
|switch|p1a: Delphox|Delphox, L50, F|100/100
|switch|p1b: Maushold|Maushold, L50|100/100
|switch|p2a: Lopunny|Lopunny, L50, F|100/100
|switch|p2b: Primarina|Primarina, L50, M|100/100
|turn|1
|
|t:|1783424362
|detailschange|p2a: Lopunny|Lopunny-Mega, L50, F
|-mega|p2a: Lopunny|Lopunny|Lopunnite
|detailschange|p1a: Delphox|Delphox-Mega, L50, F
|-mega|p1a: Delphox|Delphox|Delphoxite
|move|p1a: Delphox|Protect|p1a: Delphox
|-singleturn|p1a: Delphox|Protect
|move|p2a: Lopunny|Fake Out|p1a: Delphox
|-activate|p1a: Delphox|move: Protect
|move|p1b: Maushold|Super Fang|p2b: Primarina
|-damage|p2b: Primarina|50/100g
|move|p2b: Primarina|Calm Mind|p2b: Primarina
|-boost|p2b: Primarina|spa|1
|-boost|p2b: Primarina|spd|1
|
|-heal|p2b: Primarina|56/100|[from] item: Leftovers
|upkeep
|turn|2
|
|t:|1783424385
|switch|p1a: Sinistcha|Sinistcha, L50|100/100
|move|p2a: Lopunny|Close Combat|p1b: Maushold
|-supereffective|p1b: Maushold|1
|-enditem|p1b: Maushold|Chople Berry|[eat]
|-enditem|p1b: Maushold|Chople Berry|[weaken]
|-damage|p1b: Maushold|38/100
|-unboost|p2a: Lopunny|def|1
|-unboost|p2a: Lopunny|spd|1
|move|p1b: Maushold|Super Fang|p2a: Lopunny
|-damage|p2a: Lopunny|50/100y
|move|p2b: Primarina|Hyper Voice|p1b: Maushold|[spread] p1a,p1b
|-resisted|p1a: Sinistcha|1
|-damage|p1a: Sinistcha|82/100
|-damage|p1b: Maushold|0 fnt
|faint|p1b: Maushold
|
|-heal|p2b: Primarina|62/100|[from] item: Leftovers
|upkeep
|
|t:|1783424400
|switch|p1b: Sneasler|Sneasler, L50, M|100/100
|turn|3
|
|t:|1783424410
|switch|p2a: Staraptor|Staraptor, L50, M|100/100
|-ability|p2a: Staraptor|Intimidate|boost
|-unboost|p1a: Sinistcha|atk|1
|-unboost|p1b: Sneasler|atk|1
|move|p2b: Primarina|Protect|p2b: Primarina
|-singleturn|p2b: Primarina|Protect
|move|p1b: Sneasler|Fake Out|p2b: Primarina
|-activate|p2b: Primarina|move: Protect
|move|p1a: Sinistcha|Matcha Gotcha|p2b: Primarina|[spread] p2a
|-activate|p2b: Primarina|move: Protect
|-resisted|p2a: Staraptor|1
|-damage|p2a: Staraptor|83/100
|-heal|p1a: Sinistcha|91/100|[from] drain|[of] p2a: Staraptor
|-status|p2a: Staraptor|brn
|
|-heal|p2b: Primarina|67/100|[from] item: Leftovers
|-damage|p2a: Staraptor|77/100 brn|[from] brn
|upkeep
|turn|4
|
|t:|1783424429
|switch|p1b: Delphox|Delphox-Mega, L50, F|100/100
|move|p2a: Staraptor|U-turn|p1a: Sinistcha
|-damage|p1a: Sinistcha|82/100
|
|t:|1783424434
|switch|p2a: Lopunny|Lopunny-Mega, L50, F|50/100y|[from] U-turn
|move|p1a: Sinistcha|Matcha Gotcha|p2b: Primarina|[spread] p2a,p2b
|-supereffective|p2b: Primarina|1
|-damage|p2a: Lopunny|18/100
|-heal|p1a: Sinistcha|94/100|[from] drain|[of] p2a: Lopunny
|-damage|p2b: Primarina|41/100
|-heal|p1a: Sinistcha|100/100|[from] drain|[of] p2b: Primarina
|move|p2b: Primarina|Hyper Voice|p1b: Delphox|[spread] p1a,p1b
|-resisted|p1a: Sinistcha|1
|-supereffective|p1b: Delphox|1
|-damage|p1a: Sinistcha|76/100
|-damage|p1b: Delphox|18/100
|
|-heal|p2b: Primarina|47/100|[from] item: Leftovers
|upkeep
|turn|5
|
|t:|1783424453
|move|p1b: Delphox|Protect|p1b: Delphox
|-singleturn|p1b: Delphox|Protect
|move|p2a: Lopunny|Fake Out|p1a: Sinistcha
|-damage|p1a: Sinistcha|57/100
|cant|p1a: Sinistcha|flinch
|move|p2b: Primarina|Calm Mind|p2b: Primarina
|-boost|p2b: Primarina|spa|1
|-boost|p2b: Primarina|spd|1
|
|-heal|p2b: Primarina|52/100|[from] item: Leftovers
|upkeep
|turn|6
|
|t:|1783424468
|move|p2a: Lopunny|Triple Axel|p1a: Sinistcha|[miss]
|-miss|p2a: Lopunny|p1a: Sinistcha
|move|p1b: Delphox|Psychic|p2b: Primarina
|-damage|p2b: Primarina|30/100
|move|p1a: Sinistcha|Matcha Gotcha|p2a: Lopunny|[spread] p2a,p2b
|-supereffective|p2b: Primarina|1
|-damage|p2a: Lopunny|0 fnt
|-heal|p1a: Sinistcha|65/100|[from] drain|[of] p2a: Lopunny
|-damage|p2b: Primarina|10/100
|-heal|p1a: Sinistcha|75/100|[from] drain|[of] p2b: Primarina
|faint|p2a: Lopunny
|move|p2b: Primarina|Hyper Voice|p1a: Sinistcha|[spread] p1a,p1b
|-resisted|p1a: Sinistcha|1
|-supereffective|p1b: Delphox|1
|-damage|p1a: Sinistcha|45/100
|-damage|p1b: Delphox|0 fnt
|faint|p1b: Delphox
|
|-heal|p2b: Primarina|16/100|[from] item: Leftovers
|upkeep
|
|t:|1783424486
|switch|p2a: Staraptor|Staraptor, L50, M|77/100 brn
|switch|p1b: Sneasler|Sneasler, L50, M|100/100
|-ability|p2a: Staraptor|Intimidate|boost
|-unboost|p1a: Sinistcha|atk|1
|-unboost|p1b: Sneasler|atk|1
|turn|7
|
|t:|1783424498
|move|p2b: Primarina|Protect|p2b: Primarina
|-singleturn|p2b: Primarina|Protect
|move|p1b: Sneasler|Fake Out|p2a: Staraptor
|-damage|p2a: Staraptor|66/100 brn
|cant|p2a: Staraptor|flinch
|move|p1a: Sinistcha|Matcha Gotcha|p2b: Primarina|[spread] p2a
|-activate|p2b: Primarina|move: Protect
|-resisted|p2a: Staraptor|1
|-damage|p2a: Staraptor|48/100 brn
|-heal|p1a: Sinistcha|55/100|[from] drain|[of] p2a: Staraptor
|
|-heal|p2b: Primarina|21/100|[from] item: Leftovers
|-damage|p2a: Staraptor|42/100 brn|[from] brn
|upkeep
|turn|8
|
|t:|1783424523
|switch|p2b: Farigiraf|Farigiraf, L50, M|100/100
|move|p1a: Sinistcha|Rage Powder|p1a: Sinistcha
|-singleturn|p1a: Sinistcha|move: Rage Powder
|move|p2a: Staraptor|Brave Bird|p1a: Sinistcha
|-supereffective|p1a: Sinistcha|1
|-damage|p1a: Sinistcha|5/100
|-damage|p2a: Staraptor|27/100 brn|[from] Recoil
|move|p1b: Sneasler|Close Combat|p2a: Staraptor
|-damage|p2a: Staraptor|0 fnt
|-unboost|p1b: Sneasler|def|1
|-unboost|p1b: Sneasler|spd|1
|faint|p2a: Staraptor
|
|upkeep
|
|t:|1783424533
|switch|p2a: Primarina|Primarina, L50, M|21/100
|turn|9
|
|t:|1783424552
|move|p2a: Primarina|Protect|p2a: Primarina
|-singleturn|p2a: Primarina|Protect
|move|p1b: Sneasler|Dire Claw|p2b: Farigiraf
|-damage|p2b: Farigiraf|74/100
|move|p1a: Sinistcha|Life Dew||[still]|[spread] p1a,p1b
|-heal|p1a: Sinistcha|30/100
|-fail|p1b: Sneasler|heal
|move|p2b: Farigiraf|Trick Room|p2b: Farigiraf
|-fieldstart|move: Trick Room|[of] p2b: Farigiraf
|
|-heal|p2a: Primarina|27/100|[from] item: Leftovers
|upkeep
|turn|10
|
|t:|1783424566
|move|p1a: Sinistcha|Protect|p1a: Sinistcha
|-singleturn|p1a: Sinistcha|Protect
|move|p2b: Farigiraf|Dazzling Gleam|p1b: Sneasler|[spread] p1b
|-activate|p1a: Sinistcha|move: Protect
|-damage|p1b: Sneasler|70/100
|move|p2a: Primarina|Hyper Voice|p1a: Sinistcha|[spread] p1b
|-activate|p1a: Sinistcha|move: Protect
|-damage|p1b: Sneasler|0 fnt
|faint|p1b: Sneasler
|
|-heal|p2a: Primarina|33/100|[from] item: Leftovers
|upkeep
|turn|11
|-message|raksbach forfeited.
|
|win|SomeKidJon
