|j|☆jowemama
|j|☆Champ.Braeden
|html|jowemamaChamp.Braeden    
|uhtml|bestof|Game 1 of a best-of-3
|t:|1756563926
|gametype|doubles
|player|p1|jowemama|scientistf|1125
|player|p2|Champ.Braeden|hoopster|1089
|gen|9
|tier|[Gen 9] VGC 2025 Reg H (Bo3)
|rated|
|rule|Species Clause: Limit one of each Pokémon
|rule|Item Clause: Limit 1 of each item
|clearpoke
|poke|p1|Pelipper, L50, M|
|poke|p1|Archaludon, L50, M|
|poke|p1|Dragonite, L50, F|
|poke|p1|Incineroar, L50, M|
|poke|p1|Ursaluna, L50, F|
|poke|p1|Sinistcha, L50|
|poke|p2|Dragonite, L50, F|
|poke|p2|Pelipper, L50, M|
|poke|p2|Archaludon, L50, M|
|poke|p2|Basculegion, L50, M|
|poke|p2|Incineroar, L50, F|
|poke|p2|Farigiraf, L50, M|
|teampreview|4
|showteam|p1|Pelipper||FocusSash|Drizzle|WeatherBall,Hurricane,Tailwind,Protect|||M|||50|,,,,,Ghost]Archaludon||AssaultVest|Stamina|FlashCannon,ElectroShot,BodyPress,Snarl|||M|||50|,,,,,Bug]Dragonite||LoadedDice|Multiscale|ScaleShot,Tailwind,Haze,Protect|||F|||50|,,,,,Fairy]Incineroar||SafetyGoggles|Intimidate|KnockOff,WillOWisp,PartingShot,FakeOut|||M|||50|,,,,,Bug]Ursaluna||FlameOrb|Guts|Facade,HeadlongRush,Earthquake,Protect|||F|||50|,,,,,Ghost]Sinistcha||SitrusBerry|Hospitality|MatchaGotcha,LifeDew,RagePowder,TrickRoom||||||50|,,,,,Dark
|showteam|p2|Dragonite||LoadedDice|InnerFocus|ScaleShot,LowKick,Haze,Protect|||F|||50|,,,,,Fairy]Pelipper||FocusSash|Drizzle|MuddyWater,Hurricane,Tailwind,Protect|||M|||50|,,,,,Dark]Archaludon||AssaultVest|Stamina|ElectroShot,DracoMeteor,FlashCannon,BodyPress|||M|||50|,,,,,Fighting]Basculegion||LifeOrb|SwiftSwim|WaveCrash,LastRespects,AquaJet,Protect|||M|||50|,,,,,Water]Incineroar||SafetyGoggles|Intimidate|KnockOff,Taunt,FakeOut,PartingShot|||F|||50|,,,,,Ghost]Farigiraf||ThroatSpray|ArmorTail|HyperVoice,Imprison,TrickRoom,PsychicNoise|||M|||50|,,,,,Dark
|inactive|Battle timer is ON: inactive players will automatically lose when time's up. (requested by jowemama)
|inactive|Champ.Braeden has 60 seconds left.
|
|t:|1756563964
|teamsize|p1|4
|teamsize|p2|4
|start
|switch|p1a: Dragonite|Dragonite, L50, F|100/100
|switch|p1b: Archaludon|Archaludon, L50, M|100/100
|switch|p2a: Pelipper|Pelipper, L50, M|100/100
|switch|p2b: Archaludon|Archaludon, L50, M|100/100
|-weather|RainDance|[from] ability: Drizzle|[of] p2a: Pelipper
|turn|1
|inactive|jowemama has 30 seconds left.
|
|t:|1756563996
|switch|p2a: Incineroar|Incineroar, L50, F|100/100
|-ability|p2a: Incineroar|Intimidate|boost
|-unboost|p1a: Dragonite|atk|1
|-unboost|p1b: Archaludon|atk|1
|move|p1a: Dragonite|Scale Shot|p2a: Incineroar
|-damage|p2a: Incineroar|91/100
|-damage|p2a: Incineroar|83/100
|-crit|p2a: Incineroar
|-damage|p2a: Incineroar|64/100
|-damage|p2a: Incineroar|56/100
|-damage|p2a: Incineroar|48/100
|-hitcount|p2a: Incineroar|5
|-unboost|p1a: Dragonite|def|1
|-boost|p1a: Dragonite|spe|1
|move|p2b: Archaludon|Electro Shot||[still]
|-prepare|p2b: Archaludon|Electro Shot
|-boost|p2b: Archaludon|spa|1
|-anim|p2b: Archaludon|Electro Shot|p1b: Archaludon
|-resisted|p1b: Archaludon
|-damage|p1b: Archaludon|82/100
|-ability|p1b: Archaludon|Stamina|boost
|-boost|p1b: Archaludon|def|1
|move|p1b: Archaludon|Snarl|p2a: Incineroar|[spread] p2a,p2b
|-resisted|p2a: Incineroar
|-damage|p2a: Incineroar|43/100
|-damage|p2b: Archaludon|92/100
|-unboost|p2a: Incineroar|spa|1
|-unboost|p2b: Archaludon|spa|1
|-ability|p2b: Archaludon|Stamina|boost
|-boost|p2b: Archaludon|def|1
|
|-weather|RainDance|[upkeep]
|upkeep
|turn|2
|inactive|jowemama has 30 seconds left.
|inactive|Champ.Braeden has 30 seconds left.
|inactive|Champ.Braeden has 20 seconds left.
|
|t:|1756564032
|-terastallize|p2b: Archaludon|Fighting
|-terastallize|p1b: Archaludon|Bug
|move|p2a: Incineroar|Fake Out|p1a: Dragonite
|-damage|p1a: Dragonite|91/100
|cant|p1a: Dragonite|flinch
|move|p2b: Archaludon|Body Press|p1b: Archaludon
|-resisted|p1b: Archaludon
|-damage|p1b: Archaludon|71/100
|-ability|p1b: Archaludon|Stamina|boost
|-boost|p1b: Archaludon|def|1
|move|p1b: Archaludon|Body Press|p2a: Incineroar
|-supereffective|p2a: Incineroar
|-crit|p2a: Incineroar
|-damage|p2a: Incineroar|0 fnt
|faint|p2a: Incineroar
|
|-weather|RainDance|[upkeep]
|upkeep
|
|t:|1756564049
|switch|p2a: Pelipper|Pelipper, L50, M|100/100
|turn|3
|
|t:|1756564064
|switch|p1b: Sinistcha|Sinistcha, L50|100/100
|-heal|p1a: Dragonite|100/100|[from] ability: Hospitality|[of] p1b: Sinistcha
|move|p1a: Dragonite|Scale Shot|p2a: Pelipper
|-damage|p2a: Pelipper|87/100
|-damage|p2a: Pelipper|73/100
|-damage|p2a: Pelipper|60/100
|-damage|p2a: Pelipper|46/100
|-hitcount|p2a: Pelipper|4
|-unboost|p1a: Dragonite|def|1
|-boost|p1a: Dragonite|spe|1
|move|p2b: Archaludon|Draco Meteor|p1a: Dragonite
|-supereffective|p1a: Dragonite
|-damage|p1a: Dragonite|41/100
|-unboost|p2b: Archaludon|spa|2
|move|p2a: Pelipper|Hurricane|p1b: Sinistcha
|-supereffective|p1b: Sinistcha
|-damage|p1b: Sinistcha|6/100
|-enditem|p1b: Sinistcha|Sitrus Berry|[eat]
|-heal|p1b: Sinistcha|31/100|[from] item: Sitrus Berry
|
|-weather|RainDance|[upkeep]
|upkeep
|turn|4
|inactive|Champ.Braeden has 30 seconds left.
|
|t:|1756564090
|switch|p2b: Basculegion|Basculegion, L50, M|100/100
|move|p1a: Dragonite|Tailwind|p1a: Dragonite
|-sidestart|p1: jowemama|move: Tailwind
|move|p1b: Sinistcha|Life Dew|p1b: Sinistcha|[spread] p1a,p1b
|-heal|p1a: Dragonite|66/100
|-heal|p1b: Sinistcha|56/100
|move|p2a: Pelipper|Tailwind|p2a: Pelipper
|-sidestart|p2: Champ.Braeden|move: Tailwind
|
|-weather|RainDance|[upkeep]
|upkeep
|turn|5
|inactive|jowemama has 30 seconds left.
|
|t:|1756564118
|switch|p2a: Archaludon|Archaludon, L50, M, tera:Fighting|92/100
|switch|p1b: Incineroar|Incineroar, L50, M|100/100
|-ability|p1b: Incineroar|Intimidate|boost
|-unboost|p2a: Archaludon|atk|1
|-unboost|p2b: Basculegion|atk|1
|move|p1a: Dragonite|Protect|p1a: Dragonite
|-singleturn|p1a: Dragonite|Protect
|move|p2b: Basculegion|Last Respects|p1a: Dragonite
|-activate|p1a: Dragonite|move: Protect
|
|-weather|none
|upkeep
|turn|6
|
|t:|1756564134
|switch|p2b: Pelipper|Pelipper, L50, M|46/100
|-weather|RainDance|[from] ability: Drizzle|[of] p2b: Pelipper
|switch|p1b: Archaludon|Archaludon, L50, M, tera:Bug|71/100
|move|p1a: Dragonite|Scale Shot|p1b: Archaludon
|-damage|p1b: Archaludon|64/100
|-ability|p1b: Archaludon|Stamina|boost
|-boost|p1b: Archaludon|def|1
|-damage|p1b: Archaludon|59/100
|-ability|p1b: Archaludon|Stamina|boost
|-boost|p1b: Archaludon|def|1
|-damage|p1b: Archaludon|56/100
|-ability|p1b: Archaludon|Stamina|boost
|-boost|p1b: Archaludon|def|1
|-damage|p1b: Archaludon|53/100
|-ability|p1b: Archaludon|Stamina|boost
|-boost|p1b: Archaludon|def|1
|-damage|p1b: Archaludon|49/100
|-ability|p1b: Archaludon|Stamina|boost
|-boost|p1b: Archaludon|def|1
|-hitcount|p1b: Archaludon|5
|-unboost|p1a: Dragonite|def|1
|-boost|p1a: Dragonite|spe|1
|move|p2a: Archaludon|Electro Shot||[still]
|-prepare|p2a: Archaludon|Electro Shot
|-boost|p2a: Archaludon|spa|1
|-anim|p2a: Archaludon|Electro Shot|p1a: Dragonite
|-damage|p1a: Dragonite|2/100
|
|-weather|RainDance|[upkeep]
|upkeep
|turn|7
|inactive|Champ.Braeden has 30 seconds left.
|inactive|Champ.Braeden has 20 seconds left.
|
|t:|1756564170
|switch|p1a: Sinistcha|Sinistcha, L50|56/100
|-heal|p1b: Archaludon|74/100|[from] ability: Hospitality|[of] p1a: Sinistcha
|move|p2a: Archaludon|Electro Shot||[still]
|-prepare|p2a: Archaludon|Electro Shot
|-boost|p2a: Archaludon|spa|1
|-anim|p2a: Archaludon|Electro Shot|p1b: Archaludon
|-crit|p1b: Archaludon
|-damage|p1b: Archaludon|0 fnt
|faint|p1b: Archaludon
|move|p2b: Pelipper|Muddy Water|p1a: Sinistcha
|-resisted|p1a: Sinistcha
|-damage|p1a: Sinistcha|31/100
|-unboost|p1a: Sinistcha|accuracy|1
|
|-weather|RainDance|[upkeep]
|-sideend|p2: Champ.Braeden|move: Tailwind
|-sideend|p1: jowemama|move: Tailwind
|upkeep
|-message|jowemama forfeited.
|
|win|Champ.Braeden
||jowemama is ready for game 2.
||Champ.Braeden is ready for game 2.
|uhtml|next|Next: Game 2 of 3
