|j|☆Karissel
|j|☆lalalaing
|html|Karissellalalaing    
|uhtml|bestof|Game 1 of a best-of-3
|t:|1784761952
|gametype|doubles
|player|p1|Karissel|burgh-masters|1361
|player|p2|lalalaing|volkner|1457
|gen|9
|tier|[Gen 9 Champions] VGC 2026 Reg M-B (Bo3)
|rated|
|rule|Species Clause: Limit one of each Pokémon
|rule|Item Clause: Limit 1 of each item
|clearpoke
|poke|p1|Charizard, L50, M|
|poke|p1|Glimmora, L50, F|
|poke|p1|Whimsicott, L50, M|
|poke|p1|Ninetales-Alola, L50, F|
|poke|p1|Kingambit, L50, M|
|poke|p1|Kommo-o, L50, M|
|poke|p2|Charizard, L50, M|
|poke|p2|Floette-Eternal, L50, F|
|poke|p2|Aerodactyl, L50, M|
|poke|p2|Garchomp, L50, M|
|poke|p2|Sneasler, L50, F|
|poke|p2|Kingambit, L50, M|
|teampreview|4
|showteam|p1|Charizard||CharizarditeY|Blaze|HeatWave,WeatherBall,SolarBeam,Protect|Modest||M|||50|]Glimmora||Glimmoranite|ToxicDebris|SludgeBomb,PowerGem,EarthPower,SpikyShield|Modest||F|||50|]Whimsicott||FocusSash|Prankster|Moonblast,Tailwind,Encore,Protect|Timid||M|||50|]Ninetales-Alola||NeverMeltIce|SnowWarning|Blizzard,FreezeDry,Disable,Protect|Timid||F|||50|]Kingambit||BlackGlasses|Defiant|KowtowCleave,SuckerPunch,IronHead,Protect|Adamant||M|||50|]Kommo-o||LifeOrb|Overcoat|AuraSphere,VacuumWave,ClangingScales,Protect|Modest||M|||50|
|showteam|p2|Charizard||CharizarditeY|Blaze|HeatWave,WeatherBall,SolarBeam,Protect|Timid||M|||50|]Floette-Eternal||Floettite|FlowerVeil|Moonblast,DazzlingGleam,LightofRuin,Protect|Timid||F|||50|]Aerodactyl||FocusSash|Unnerve|RockSlide,DualWingbeat,Tailwind,WideGuard|Jolly||M|||50|]Garchomp||LifeOrb|RoughSkin|DragonClaw,Earthquake,StompingTantrum,Protect|Jolly||M|||50|]Sneasler||WhiteHerb|Unburden|DireClaw,CloseCombat,FakeOut,Protect|Adamant||F|||50|]Kingambit||BlackGlasses|Defiant|KowtowCleave,SuckerPunch,SwordsDance,Protect|Adamant||M|||50|
|inactive|Battle timer is ON: inactive players will automatically lose when time's up. (requested by Karissel)
|inactive|Karissel has 60 seconds left.
|inactive|lalalaing has 60 seconds left.
|
|t:|1784762000
|teamsize|p1|4
|teamsize|p2|4
|start
|switch|p1a: Whimsicott|Whimsicott, L50, M|100/100
|switch|p1b: Jacob|Glimmora, L50, F|100/100
|switch|p2a: Aerodactyl|Aerodactyl, L50, M|100/100
|switch|p2b: Garchomp|Garchomp, L50, M|100/100
|-ability|p2a: Aerodactyl|Unnerve
|turn|1
|
|t:|1784762016
|detailschange|p1b: Jacob|Glimmora-Mega, L50, F
|-mega|p1b: Jacob|Glimmora|Glimmoranite
|move|p1b: Jacob|Spiky Shield|p1b: Jacob
|-singleturn|p1b: Jacob|move: Protect
|move|p2a: Aerodactyl|Tailwind|p2a: Aerodactyl
|-sidestart|p2: lalalaing|move: Tailwind
|move|p2b: Garchomp|Earthquake|p1b: Jacob|[spread] p1a
|-activate|p1b: Jacob|move: Protect
|-immune|p2a: Aerodactyl
|-resisted|p1a: Whimsicott|1
|-crit|p1a: Whimsicott
|-damage|p1a: Whimsicott|42/100
|-damage|p2b: Garchomp|90/100|[from] item: Life Orb
|move|p1a: Whimsicott|Moonblast|p2b: Garchomp
|-supereffective|p2b: Garchomp|1
|-damage|p2b: Garchomp|10/100
|
|upkeep
|turn|2
|inactive|Karissel has 30 seconds left.
|
|t:|1784762044
|switch|p1b: Kommo-o|Kommo-o, L50, M|100/100
|move|p1a: Whimsicott|Protect|p1a: Whimsicott
|-singleturn|p1a: Whimsicott|Protect
|move|p2a: Aerodactyl|Dual Wingbeat|p1a: Whimsicott
|-activate|p1a: Whimsicott|move: Protect
|move|p2b: Garchomp|Earthquake|p1b: Kommo-o|[spread] p1b
|-activate|p1a: Whimsicott|move: Protect
|-immune|p2a: Aerodactyl
|-damage|p1b: Kommo-o|51/100
|-damage|p2b: Garchomp|1/100|[from] item: Life Orb
|
|upkeep
|turn|3
|
|t:|1784762061
|move|p1a: Whimsicott|Tailwind|p1a: Whimsicott
|-sidestart|p1: Karissel|move: Tailwind
|move|p1b: Kommo-o|Vacuum Wave|p2b: Garchomp
|-damage|p2b: Garchomp|0 fnt
|faint|p2b: Garchomp
|-damage|p1b: Kommo-o|41/100|[from] item: Life Orb
|move|p2a: Aerodactyl|Dual Wingbeat|p1a: Whimsicott
|-supereffective|p1a: Whimsicott|1
|-damage|p1a: Whimsicott|0 fnt
|faint|p1a: Whimsicott
|-hitcount|p1: Whimsicott|1
|
|upkeep
|
|t:|1784762068
|switch|p1a: Jacob|Glimmora-Mega, L50, F|100/100
|switch|p2b: Sneasler|Sneasler, L50, F|100/100
|turn|4
|inactive|lalalaing has 30 seconds left.
|
|t:|1784762094
|move|p1a: Jacob|Spiky Shield|p1a: Jacob
|-singleturn|p1a: Jacob|move: Protect
|move|p1b: Kommo-o|Protect|p1b: Kommo-o
|-singleturn|p1b: Kommo-o|Protect
|move|p2b: Sneasler|Fake Out|p1b: Kommo-o
|-activate|p1b: Kommo-o|move: Protect
|move|p2a: Aerodactyl|Dual Wingbeat|p1b: Kommo-o
|-activate|p1b: Kommo-o|move: Protect
|
|-sideend|p2: lalalaing|move: Tailwind
|upkeep
|turn|5
|
|t:|1784762112
|move|p2a: Aerodactyl|Wide Guard|p2a: Aerodactyl
|-singleturn|p2a: Aerodactyl|Wide Guard
|move|p1a: Jacob|Sludge Bomb|p2a: Aerodactyl
|-resisted|p2a: Aerodactyl|1
|-damage|p2a: Aerodactyl|46/100
|move|p1b: Kommo-o|Aura Sphere|p2a: Aerodactyl
|-damage|p2a: Aerodactyl|0 fnt
|faint|p2a: Aerodactyl
|-damage|p1b: Kommo-o|31/100|[from] item: Life Orb
|move|p2b: Sneasler|Close Combat|p1a: Jacob
|-damage|p1a: Jacob|36/100
|-unboost|p2b: Sneasler|def|1
|-unboost|p2b: Sneasler|spd|1
|-enditem|p2b: Sneasler|White Herb
|-clearnegativeboost|p2b: Sneasler|[silent]
|
|upkeep
|
|t:|1784762119
|switch|p2a: Charizard|Charizard, L50, M|100/100
|turn|6
|
|t:|1784762136
|move|p2b: Sneasler|Protect|p2b: Sneasler
|-singleturn|p2b: Sneasler|Protect
|move|p2a: Charizard|Protect|p2a: Charizard
|-singleturn|p2a: Charizard|Protect
|move|p1a: Jacob|Earth Power|p2b: Sneasler
|-activate|p2b: Sneasler|move: Protect
|move|p1b: Kommo-o|Clanging Scales|p2b: Sneasler|[spread] 
|-activate|p2a: Charizard|move: Protect
|-activate|p2b: Sneasler|move: Protect
|
|-sideend|p1: Karissel|move: Tailwind
|upkeep
|turn|7
|inactive|Karissel has 30 seconds left.
|inactive|Karissel has 20 seconds left.
|
|t:|1784762174
|detailschange|p2a: Charizard|Charizard-Mega-Y, L50, M
|-mega|p2a: Charizard|Charizard|Charizardite Y
|-weather|SunnyDay|[from] ability: Drought|[of] p2a: Charizard
|move|p2b: Sneasler|Dire Claw|p1b: Kommo-o
|-damage|p1b: Kommo-o|0 fnt
|faint|p1b: Kommo-o
|move|p2a: Charizard|Solar Beam||[still]
|-prepare|p2a: Charizard|Solar Beam
|-anim|p2a: Charizard|Solar Beam|p1a: Jacob
|-damage|p1a: Jacob|0 fnt
|faint|p1a: Jacob
|
|-weather|SunnyDay|[upkeep]
|upkeep
|
|t:|1784762180
|switch|p1a: Ninetales|Ninetales-Alola, L50, F|100/100
|-weather|Snowscape|[from] ability: Snow Warning|[of] p1a: Ninetales
|turn|8
|
|t:|1784762184
|move|p2b: Sneasler|Dire Claw|p1a: Ninetales
|-supereffective|p1a: Ninetales|1
|-damage|p1a: Ninetales|8/100
|-status|p1a: Ninetales|par
|move|p2a: Charizard|Heat Wave|p1a: Ninetales
|-supereffective|p1a: Ninetales|1
|-damage|p1a: Ninetales|0 fnt
|faint|p1a: Ninetales
|
|win|lalalaing
