|j|☆AEB 328
|j|☆realredgod.
|html|AEB 328realredgod.    
|uhtml|bestof|Game 1 of a best-of-3
|t:|1756226837
|gametype|doubles
|player|p1|AEB 328|will|
|player|p2|realredgod.|170|
|gen|9
|tier|[Gen 9] VGC 2025 Reg H (Bo3)
|rule|Species Clause: Limit one of each Pokémon
|rule|Item Clause: Limit 1 of each item
|clearpoke
|poke|p1|Charizard, L50, M|
|poke|p1|Torkoal, L50, F|
|poke|p1|Porygon2, L50|
|poke|p1|Incineroar, L50, F|
|poke|p1|Jumpluff, L50, F|
|poke|p1|Ursaluna, L50, M|
|poke|p2|Rillaboom, L50, F|
|poke|p2|Magmar, L50, M|
|poke|p2|Dragapult, L50, F|
|poke|p2|Primarina, L50, F|
|poke|p2|Sneasler, L50, F|
|poke|p2|Kingambit, L50, M|
|teampreview|4
|showteam|p1|Charizard||ChoiceSpecs|SolarPower|HeatWave,SolarBeam,WeatherBall,AirSlash|||M|||50|,,,,,Ghost]Torkoal||EjectPack|Drought|HeatWave,Overheat,HelpingHand,Protect|||F|||50|,,,,,Grass]Porygon2||Eviolite|Download|IceBeam,TeraBlast,TrickRoom,Recover||||||50|,,,,,Fighting]Incineroar||SitrusBerry|Intimidate|FlareBlitz,KnockOff,FakeOut,PartingShot|||F|||50|,,,,,Ghost]Jumpluff||CovertCloak|Chlorophyll|SleepPowder,SunnyDay,RagePowder,Tailwind|||F|||50|,,,,,Water]Ursaluna||FlameOrb|Guts|HeadlongRush,Facade,Earthquake,Protect|||M|||50|,,,,,Fairy
|showteam|p2|Rillaboom||AssaultVest|GrassySurge|GrassyGlide,HighHorsepower,FakeOut,WoodHammer|||F|||50|,,,,,Fire]Magmar||Eviolite|VitalSpirit|Overheat,WillOWisp,FollowMe,Protect|||M|||50|,,,,,Ghost]Dragapult||ChoiceBand|ClearBody|DragonDarts,PhantomForce,Outrage,Uturn|||F|||50|,,,,,Dragon]Primarina||SitrusBerry|LiquidVoice|Haze,HyperVoice,Moonblast,Protect|||F|||50|,,,,,Poison]Sneasler||FocusSash|PoisonTouch|DireClaw,CloseCombat,FakeOut,Protect|||F|||50|,,,,,Ghost]Kingambit||BlackGlasses|Defiant|KowtowCleave,SuckerPunch,SwordsDance,Protect|||M|||50|,,,,,Dark
|inactive|Battle timer is ON: inactive players will automatically lose when time's up. (requested by AEB 328)
|c|☆AEB 328|Glhf!
|inactive|AEB 328 has 60 seconds left.
|inactive|realredgod. has 60 seconds left.
|
|t:|1756226892
|teamsize|p1|4
|teamsize|p2|4
|start
|switch|p1a: Jumpluff|Jumpluff, L50, F|100/100
|switch|p1b: Incineroar|Incineroar, L50, F|100/100
|switch|p2a: Sneasler|Sneasler, L50, F|100/100
|switch|p2b: Primarina|Primarina, L50, F|100/100
|-ability|p1b: Incineroar|Intimidate|boost
|-unboost|p2a: Sneasler|atk|1
|-unboost|p2b: Primarina|atk|1
|turn|1
|inactive|realredgod. has 30 seconds left.
|
|t:|1756226918
|switch|p1b: Ursaluna|Ursaluna, L50, M|100/100
|-terastallize|p2a: Sneasler|Ghost
|move|p2b: Primarina|Protect|p2b: Primarina
|-singleturn|p2b: Primarina|Protect
|move|p2a: Sneasler|Fake Out|p1a: Jumpluff
|-damage|p1a: Jumpluff|88/100
|move|p1a: Jumpluff|Tailwind|p1a: Jumpluff
|-sidestart|p1: AEB 328|move: Tailwind
|
|-status|p1b: Ursaluna|brn|[from] item: Flame Orb
|upkeep
|turn|2
|
|t:|1756226939
|switch|p2b: Dragapult|Dragapult, L50, F|100/100
|-terastallize|p1b: Ursaluna|Fairy
|move|p1a: Jumpluff|Sleep Powder|p2a: Sneasler|[miss]
|-miss|p1a: Jumpluff|p2a: Sneasler
|move|p2a: Sneasler|Dire Claw|p1a: Jumpluff
|-supereffective|p1a: Jumpluff
|-damage|p1a: Jumpluff|14/100
|move|p1b: Ursaluna|Earthquake|p2b: Dragapult|[spread] p2a,p2b
|-immune|p1a: Jumpluff
|-enditem|p2a: Sneasler|Focus Sash
|-damage|p2a: Sneasler|1/100
|-damage|p2b: Dragapult|14/100
|
|-damage|p1b: Ursaluna|95/100 brn|[from] brn
|upkeep
|turn|3
|inactive|realredgod. has 30 seconds left.
|
|t:|1756226968
|move|p1a: Jumpluff|Sleep Powder|p2b: Dragapult|[miss]
|-miss|p1a: Jumpluff|p2b: Dragapult
|move|p2b: Dragapult|Phantom Force||[still]
|-prepare|p2b: Dragapult|Phantom Force
|move|p2a: Sneasler|Dire Claw|p1b: Ursaluna
|-supereffective|p1b: Ursaluna
|-damage|p1b: Ursaluna|49/100 brn
|move|p1b: Ursaluna|Earthquake|p2a: Sneasler|[spread] p2a
|-miss|p1b: Ursaluna|p2b: Dragapult
|-immune|p1a: Jumpluff
|-damage|p2a: Sneasler|0 fnt
|faint|p2a: Sneasler
|
|-damage|p1b: Ursaluna|43/100 brn|[from] brn
|upkeep
|
|t:|1756226981
|switch|p2a: Rillaboom|Rillaboom, L50, F|100/100
|-fieldstart|move: Grassy Terrain|[from] ability: Grassy Surge|[of] p2a: Rillaboom
|turn|4
|
|t:|1756226990
|switch|p1a: Incineroar|Incineroar, L50, F|100/100
|-ability|p1a: Incineroar|Intimidate|boost
|-unboost|p2a: Rillaboom|atk|1
|-fail|p2b: Dragapult|unboost|[from] ability: Clear Body|[of] p2b: Dragapult
|switch|p1b: Porygon2|Porygon2, L50|100/100
|-ability|p1b: Porygon2|Download|boost
|-boost|p1b: Porygon2|spa|1
|move|p2a: Rillaboom|Grassy Glide|p1a: Incineroar
|-resisted|p1a: Incineroar
|-damage|p1a: Incineroar|89/100
|move|p2b: Dragapult|Phantom Force|p1b: Porygon2|[from] lockedmove
|-immune|p1b: Porygon2
|
|-heal|p1a: Incineroar|95/100|[from] Grassy Terrain
|-heal|p2b: Dragapult|20/100|[from] Grassy Terrain
|-sideend|p1: AEB 328|move: Tailwind
|upkeep
|turn|5
|inactive|realredgod. has 30 seconds left.
|
|t:|1756227017
|switch|p2b: Primarina|Primarina, L50, F|100/100
|move|p2a: Rillaboom|High Horsepower|p1a: Incineroar
|-supereffective|p1a: Incineroar
|-damage|p1a: Incineroar|49/100
|-enditem|p1a: Incineroar|Sitrus Berry|[eat]
|-heal|p1a: Incineroar|74/100|[from] item: Sitrus Berry
|move|p1a: Incineroar|Knock Off|p2b: Primarina
|-resisted|p2b: Primarina
|-damage|p2b: Primarina|78/100
|-enditem|p2b: Primarina|Sitrus Berry|[from] move: Knock Off|[of] p1a: Incineroar
|move|p1b: Porygon2|Tera Blast|p2b: Primarina
|-damage|p2b: Primarina|34/100
|
|-heal|p1a: Incineroar|80/100|[from] Grassy Terrain
|-heal|p2b: Primarina|40/100|[from] Grassy Terrain
|upkeep
|turn|6
|
|t:|1756227034
|move|p2a: Rillaboom|High Horsepower|p1a: Incineroar
|-supereffective|p1a: Incineroar
|-damage|p1a: Incineroar|38/100
|move|p1a: Incineroar|Flare Blitz|p2a: Rillaboom
|-supereffective|p2a: Rillaboom
|-damage|p2a: Rillaboom|0 fnt
|faint|p2a: Rillaboom
|-damage|p1a: Incineroar|4/100|[from] Recoil
|move|p2b: Primarina|Hyper Voice|p1a: Incineroar|[spread] p1a,p1b
|-supereffective|p1a: Incineroar
|-damage|p1a: Incineroar|0 fnt
|-damage|p1b: Porygon2|80/100
|faint|p1a: Incineroar
|move|p1b: Porygon2|Tera Blast|p2b: Primarina
|-damage|p2b: Primarina|0 fnt
|faint|p2b: Primarina
|
|-heal|p1b: Porygon2|86/100|[from] Grassy Terrain
|upkeep
|
|t:|1756227051
|switch|p1a: Jumpluff|Jumpluff, L50, F|14/100
|switch|p2b: Dragapult|Dragapult, L50, F|20/100
|turn|7
|
|t:|1756227074
|move|p1a: Jumpluff|Rage Powder|p1a: Jumpluff
|-singleturn|p1a: Jumpluff|move: Rage Powder
|move|p2b: Dragapult|U-turn|p1a: Jumpluff
|-damage|p1a: Jumpluff|0 fnt
|faint|p1a: Jumpluff
|move|p1b: Porygon2|Trick Room|p1b: Porygon2
|-fieldstart|move: Trick Room|[of] p1b: Porygon2
|
|-heal|p1b: Porygon2|92/100|[from] Grassy Terrain
|-heal|p2b: Dragapult|26/100|[from] Grassy Terrain
|upkeep
|
|t:|1756227080
|switch|p1a: Ursaluna|Ursaluna, L50, M, tera:Fairy|43/100 brn
|turn|8
|
|t:|1756227092
|move|p1a: Ursaluna|Protect|p1a: Ursaluna
|-singleturn|p1a: Ursaluna|Protect
|move|p1b: Porygon2|Ice Beam|p2b: Dragapult
|-supereffective|p2b: Dragapult
|-damage|p2b: Dragapult|0 fnt
|faint|p2b: Dragapult
|
|win|AEB 328
||realredgod. is ready for game 2.
