|j|â˜†Camilo997
|j|â˜†MizzleWaterCooler
|html|Camilo997MizzleWaterCooler    
|uhtml|bestof|Game 1 of a best-of-3
|t:|1756247057
|gametype|doubles
|player|p1|Camilo997|169|1137
|player|p2|MizzleWaterCooler|brycen|1067
|gen|9
|tier|[Gen 9] VGC 2025 Reg H (Bo3)
|rated|
|rule|Species Clause: Limit one of each PokÃ©mon
|rule|Item Clause: Limit 1 of each item
|clearpoke
|poke|p1|Hydrapple, L50, M|
|poke|p1|Hippowdon, L50, M|
|poke|p1|Houndstone, L50, M|
|poke|p1|Sneasler, L50, M|
|poke|p1|Indeedee-F, L50, F|
|poke|p1|Gholdengo, L50|
|poke|p2|Whimsicott, L50, M|
|poke|p2|Ursaluna-Bloodmoon, L50, M|
|poke|p2|Archaludon, L50, M|
|poke|p2|Flamigo, L50, M|
|poke|p2|Typhlosion-Hisui, L50, F|
|poke|p2|Rillaboom, L50, F|
|teampreview|4
|showteam|p1|Hydrapple||AssaultVest|Regenerator|GigaDrain,FickleBeam,PollenPuff,EarthPower|||M|||50|,,,,,Fire]Hippowdon||SitrusBerry|SandStream|Stockpile,FireFang,HighHorsepower,SlackOff|||M|||50|,,,,,Steel]Houndstone||ChoiceBand|SandRush|LastRespects,Poltergeist,StompingTantrum,PlayRough|||M|||50|,,,,,Fairy]Sneasler||PsychicSeed|Unburden|FakeOut,DireClaw,CloseCombat,Coaching|||M|||50|,,,,,Dark]Indeedee-F||SafetyGoggles|PsychicSurge|HelpingHand,TrickRoom,FollowMe,DazzlingGleam|||F|||50|,,,,,Fighting]Gholdengo||LifeOrb|GoodasGold|MakeItRain,ShadowBall,Psyshock,NastyPlot||||||50|,,,,,Fairy
|showteam|p2|Whimsicott||CovertCloak|Prankster|Moonblast,Tailwind,Encore,SunnyDay|||M|||50|,,,,,Water]Ursaluna-Bloodmoon||LifeOrb|MindsEye|HyperVoice,BloodMoon,EarthPower,Protect|||M|||50|,,,,,Normal]Archaludon||PowerHerb|Sturdy|FlashCannon,DracoMeteor,ElectroShot,Protect|||M|||50|,,,,,Stellar]Flamigo||FocusSash|Scrappy|CloseCombat,WideGuard,DualWingbeat,Detect|||M|||50|,,,,,Ghost]Typhlosion-Hisui||ChoiceSpecs|Blaze|Eruption,HeatWave,Overheat,ShadowBall|||F|||50|,,,,,Fire]Rillaboom||AssaultVest|GrassySurge|GrassyGlide,WoodHammer,FakeOut,HighHorsepower|||F|||50|,,,,,Fire
|inactive|Battle timer is ON: inactive players will automatically lose when time's up. (requested by MizzleWaterCooler)
|inactive|Camilo997 has 60 seconds left.
|inactive|MizzleWaterCooler has 60 seconds left.
|inactive|MizzleWaterCooler has 30 seconds left.
|
|t:|1756247121
|teamsize|p1|4
|teamsize|p2|4
|start
|switch|p1a: Indeedee|Indeedee-F, L50, F|100/100
|switch|p1b: Sneasler|Sneasler, L50, M|100/100
|switch|p2a: Whimsicott|Whimsicott, L50, M|100/100
|switch|p2b: Typhlosion|Typhlosion-Hisui, L50, F|100/100
|-fieldstart|move: Psychic Terrain|[from] ability: Psychic Surge|[of] p1a: Indeedee
|-enditem|p1b: Sneasler|Psychic Seed
|-boost|p1b: Sneasler|spd|1|[from] item: Psychic Seed
|turn|1
|inactive|MizzleWaterCooler has 30 seconds left.
|inactive|MizzleWaterCooler has 20 seconds left.
|inactive|MizzleWaterCooler has 15 seconds left.
|
|t:|1756247165
|move|p2a: Whimsicott|Sunny Day|p2a: Whimsicott
|-weather|SunnyDay
|move|p1b: Sneasler|Dire Claw|p2b: Typhlosion
|-resisted|p2b: Typhlosion
|-damage|p2b: Typhlosion|69/100
|move|p2b: Typhlosion|Eruption|p1a: Indeedee|[spread] p1a,p1b
|-damage|p1a: Indeedee|14/100
|-damage|p1b: Sneasler|27/100
|move|p1a: Indeedee|Dazzling Gleam|p2a: Whimsicott|[spread] p2a,p2b
|-resisted|p2b: Typhlosion
|-damage|p2a: Whimsicott|79/100
|-damage|p2b: Typhlosion|58/100
|
|-weather|SunnyDay|[upkeep]
|upkeep
|turn|2
|inactive|MizzleWaterCooler has 30 seconds left.
|
|t:|1756247192
|switch|p1a: Hippowdon|Hippowdon, L50, M|100/100
|-weather|Sandstorm|[from] ability: Sand Stream|[of] p1a: Hippowdon
|move|p2a: Whimsicott|Tailwind|p2a: Whimsicott
|-sidestart|p2: MizzleWaterCooler|move: Tailwind
|move|p1b: Sneasler|Dire Claw|p2a: Whimsicott
|-supereffective|p2a: Whimsicott
|-damage|p2a: Whimsicott|0 fnt
|faint|p2a: Whimsicott
|move|p2b: Typhlosion|Eruption|p1a: Hippowdon|[spread] p1a,p1b
|-damage|p1a: Hippowdon|65/100
|-damage|p1b: Sneasler|0 fnt
|faint|p1b: Sneasler
|
|-weather|Sandstorm|[upkeep]
|-damage|p2b: Typhlosion|52/100|[from] Sandstorm
|upkeep
|
|t:|1756247211
|switch|p1b: Houndstone|Houndstone, L50, M|100/100
|switch|p2a: Flamigo|Flamigo, L50, M|100/100
|turn|3
|
|t:|1756247232
|move|p2b: Typhlosion|Eruption|p1b: Houndstone|[spread] p1a,p1b
|-damage|p1a: Hippowdon|30/100
|-damage|p1b: Houndstone|52/100
|-enditem|p1a: Hippowdon|Sitrus Berry|[eat]
|-heal|p1a: Hippowdon|55/100|[from] item: Sitrus Berry
|move|p2a: Flamigo|Close Combat|p1b: Houndstone
|-damage|p1b: Houndstone|0 fnt
|-unboost|p2a: Flamigo|def|1
|-unboost|p2a: Flamigo|spd|1
|faint|p1b: Houndstone
|move|p1a: Hippowdon|Slack Off|p1a: Hippowdon
|-heal|p1a: Hippowdon|100/100
|
|-weather|Sandstorm|[upkeep]
|-damage|p2b: Typhlosion|46/100|[from] Sandstorm
|-damage|p2a: Flamigo|95/100|[from] Sandstorm
|upkeep
|
|t:|1756247237
|switch|p1b: Indeedee|Indeedee-F, L50, F|14/100
|turn|4
|
|t:|1756247255
|switch|p2b: Rillaboom|Rillaboom, L50, F|100/100
|-fieldstart|move: Grassy Terrain|[from] ability: Grassy Surge|[of] p2b: Rillaboom
|move|p2a: Flamigo|Detect|p2a: Flamigo
|-singleturn|p2a: Flamigo|Protect
|move|p1b: Indeedee|Dazzling Gleam|p2a: Flamigo|[spread] p2b
|-activate|p2a: Flamigo|move: Protect
|-damage|p2b: Rillaboom|88/100
|move|p1a: Hippowdon|Fire Fang|p2a: Flamigo
|-activate|p2a: Flamigo|move: Protect
|
|-weather|Sandstorm|[upkeep]
|-damage|p2a: Flamigo|89/100|[from] Sandstorm
|-damage|p2b: Rillaboom|83/100|[from] Sandstorm
|-heal|p2b: Rillaboom|88/100|[from] Grassy Terrain
|-heal|p1b: Indeedee|20/100|[from] Grassy Terrain
|upkeep
|turn|5
|-message|Camilo997 forfeited.
|raw|Camilo997's rating: 1137 → 1107(-30 for losing)
|raw|MizzleWaterCooler's rating: 1067 → 1103(+36 for winning)
|
|win|MizzleWaterCooler
|l|â˜†Camilo997
|player|p1|
