|j|☆phillypls
|j|☆Mcn35
|html|phillyplsMcn35    
|uhtml|bestof|Game 1 of a best-of-3
|t:|1757822218
|gametype|doubles
|player|p1|phillypls|265|1072
|player|p2|Mcn35|hilda|1064
|gen|9
|tier|[Gen 9] VGC 2025 Reg H (Bo3)
|rated|
|rule|Species Clause: Limit one of each Pokémon
|rule|Item Clause: Limit 1 of each item
|clearpoke
|poke|p1|Kommo-o, L50, M|
|poke|p1|Dondozo, L50, F|
|poke|p1|Rillaboom, L50, F|
|poke|p1|Sneasler, L50, M|
|poke|p1|Electabuzz, L50, M|
|poke|p1|Gholdengo, L50|
|poke|p2|Sneasler, L50, F|
|poke|p2|Corviknight, L50, M|
|poke|p2|Ursaluna-Bloodmoon, L50, M|
|poke|p2|Comfey, L50, F|
|poke|p2|Goodra, L50, M|
|poke|p2|Electabuzz, L50, M|
|teampreview|4
|showteam|p1|Kommo-o||ThroatSpray|Soundproof|ClangorousSoul,ClangingScales,Flamethrower,Protect|||M|||50|,,,,,Fire]Dondozo||Leftovers|Unaware|WaveCrash,Fissure,Yawn,Protect|||F|||50|,,,,,Flying]Rillaboom||AssaultVest|GrassySurge|FakeOut,WoodHammer,GrassyGlide,HighHorsepower|||F|||50|,,,,,Fire]Sneasler||FocusSash|Unburden|FakeOut,DireClaw,CloseCombat,Protect|||M|||50|,,,,,Stellar]Electabuzz||Eviolite|VitalSpirit|Electroweb,FollowMe,HelpingHand,Protect|||M|||50|,,,,,Grass]Gholdengo||ChoiceSpecs|GoodasGold|MakeItRain,ShadowBall,DazzlingGleam,PowerGem||||||50|,,,,,Fairy
|showteam|p2|Sneasler||FocusSash|PoisonTouch|CloseCombat,DireClaw,Protect,ThroatChop|||F|||50|,,,,,Dark]Corviknight||RockyHelmet|MirrorArmor|Roost,BraveBird,BodyPress,Tailwind|||M|||50|,,,,,Dragon]Ursaluna-Bloodmoon||ThroatSpray|MindsEye|HyperVoice,EarthPower,VacuumWave,Protect|||M|||50|,,,,,Normal]Comfey||Leftovers|Triage|DrainingKiss,LeechSeed,Protect,FloralHealing|||F|||50|,,,,,Steel]Goodra||AssaultVest|SapSipper|DragonPulse,Thunderbolt,SludgeWave,Flamethrower|||M|||50|,,,,,Ghost]Electabuzz||Eviolite|VitalSpirit|FollowMe,Psychic,Thunderbolt,ThunderWave|||M|||50|,,,,,Water
|inactive|Battle timer is ON: inactive players will automatically lose when time's up. (requested by Mcn35)
|inactive|phillypls has 60 seconds left.
|
|t:|1757822284
|teamsize|p1|4
|teamsize|p2|4
|start
|switch|p1a: Electabuzz|Electabuzz, L50, M|100/100
|switch|p1b: Gholdengo|Gholdengo, L50|100/100
|switch|p2a: Sneasler|Sneasler, L50, F|100/100
|switch|p2b: Electabuzz|Electabuzz, L50, M|100/100
|turn|1
|inactive|phillypls has 30 seconds left.
|inactive|Mcn35 has 30 seconds left.
|
|t:|1757822312
|-terastallize|p2a: Sneasler|Dark
|-terastallize|p1b: Gholdengo|Fairy
|move|p1a: Electabuzz|Follow Me|p1a: Electabuzz
|-singleturn|p1a: Electabuzz|move: Follow Me
|move|p2b: Electabuzz|Follow Me|p2b: Electabuzz
|-singleturn|p2b: Electabuzz|move: Follow Me
|move|p2a: Sneasler|Throat Chop|p1a: Electabuzz
|-damage|p1a: Electabuzz|61/100
|-start|p1a: Electabuzz|Throat Chop|[silent]
|move|p1b: Gholdengo|Dazzling Gleam|p2b: Electabuzz|[spread] p2a,p2b
|-supereffective|p2a: Sneasler
|-enditem|p2a: Sneasler|Focus Sash
|-damage|p2a: Sneasler|1/100
|-damage|p2b: Electabuzz|58/100
|
|upkeep
|turn|2
|inactive|Mcn35 has 30 seconds left.
|inactive|phillypls has 30 seconds left.
|inactive|Mcn35 has 20 seconds left.
|
|t:|1757822351
|move|p1a: Electabuzz|Follow Me|p1a: Electabuzz
|-singleturn|p1a: Electabuzz|move: Follow Me
|move|p2a: Sneasler|Dire Claw|p1a: Electabuzz
|-damage|p1a: Electabuzz|23/100
|move|p1b: Gholdengo|Dazzling Gleam|p2a: Sneasler|[spread] p2a,p2b
|-supereffective|p2a: Sneasler
|-damage|p2a: Sneasler|0 fnt
|-damage|p2b: Electabuzz|21/100
|faint|p2a: Sneasler
|move|p2b: Electabuzz|Thunderbolt|p1a: Electabuzz
|-resisted|p1a: Electabuzz
|-damage|p1a: Electabuzz|12/100
|
|-end|p1a: Electabuzz|Throat Chop|[silent]
|upkeep
|
|t:|1757822362
|switch|p2a: Ursaluna|Ursaluna-Bloodmoon, L50, M|100/100
|turn|3
|inactive|phillypls has 30 seconds left.
|
|t:|1757822395
|switch|p1b: Sneasler|Sneasler, L50, M|100/100
|move|p1a: Electabuzz|Protect|p1a: Electabuzz
|-singleturn|p1a: Electabuzz|Protect
|move|p2b: Electabuzz|Follow Me|p2b: Electabuzz
|-singleturn|p2b: Electabuzz|move: Follow Me
|move|p2a: Ursaluna|Hyper Voice|p1a: Electabuzz|[spread] p1b
|-activate|p1a: Electabuzz|move: Protect
|-damage|p1b: Sneasler|41/100
|-enditem|p2a: Ursaluna|Throat Spray
|-boost|p2a: Ursaluna|spa|1|[from] item: Throat Spray
|
|upkeep
|turn|4
|
|t:|1757822418
|move|p1a: Electabuzz|Follow Me|p1a: Electabuzz
|-singleturn|p1a: Electabuzz|move: Follow Me
|move|p2b: Electabuzz|Follow Me|p2b: Electabuzz
|-singleturn|p2b: Electabuzz|move: Follow Me
|move|p1b: Sneasler|Close Combat|p2b: Electabuzz
|-damage|p2b: Electabuzz|0 fnt
|-unboost|p1b: Sneasler|def|1
|-unboost|p1b: Sneasler|spd|1
|faint|p2b: Electabuzz
|move|p2a: Ursaluna|Hyper Voice|p1a: Electabuzz|[spread] p1a,p1b
|-damage|p1a: Electabuzz|0 fnt
|-damage|p1b: Sneasler|0 fnt
|faint|p1a: Electabuzz
|faint|p1b: Sneasler
|
|upkeep
|
|t:|1757822433
|switch|p1b: Gholdengo|Gholdengo, L50, tera:Fairy|100/100
|switch|p1a: Dondozo|Dondozo, L50, F|100/100
|switch|p2b: Comfey|Comfey, L50, F|100/100
|turn|5
|
|t:|1757822447
|move|p1b: Gholdengo|Make It Rain|p2b: Comfey|[spread] p2a,p2b
|-supereffective|p2b: Comfey
|-damage|p2a: Ursaluna|10/100
|-damage|p2b: Comfey|0 fnt
|-unboost|p1b: Gholdengo|spa|1
|faint|p2b: Comfey
|move|p2a: Ursaluna|Hyper Voice|p1b: Gholdengo|[spread] p1a,p1b
|-damage|p1a: Dondozo|72/100
|-damage|p1b: Gholdengo|35/100
|move|p1a: Dondozo|Yawn|p2a: Ursaluna
|-start|p2a: Ursaluna|move: Yawn|[of] p1a: Dondozo
|
|-heal|p1a: Dondozo|79/100|[from] item: Leftovers
|upkeep
|turn|6
|
|t:|1757822465
|move|p1a: Dondozo|Protect|p1a: Dondozo
|-singleturn|p1a: Dondozo|Protect
|move|p1b: Gholdengo|Make It Rain|p2a: Ursaluna
|-damage|p2a: Ursaluna|0 fnt
|-unboost|p1b: Gholdengo|spa|1
|faint|p2a: Ursaluna
|
|win|phillypls
|l|☆Mcn35
|player|p2|
