|j|☆IngeVGC
|j|☆buf47RIPMegaFlygon
|html|IngeVGCbuf47RIPMegaFlygon    
|uhtml|bestof|Game 2 of a best-of-3
|t:|1756419000
|gametype|doubles
|player|p1|IngeVGC|fisherman-gen4|1426
|player|p2|buf47RIPMegaFlygon|265|1360
|gen|9
|tier|[Gen 9] VGC 2025 Reg H (Bo3)
|rated|
|rule|Species Clause: Limit one of each Pokémon
|rule|Item Clause: Limit 1 of each item
|clearpoke
|poke|p1|Kingambit, L50, F|
|poke|p1|Rillaboom, L50, M|
|poke|p1|Electabuzz, L50, M|
|poke|p1|Volcarona, L50, F|
|poke|p1|Sneasler, L50, F|
|poke|p1|Dragonite, L50, F|
|poke|p2|Dondozo, L50, M|
|poke|p2|Tatsugiri, L50, F|
|poke|p2|Dragonite, L50, M|
|poke|p2|Annihilape, L50, F|
|poke|p2|Zoroark-Hisui, L50, M|
|poke|p2|Volcarona, L50, M|
|teampreview|4
|showteam|p1|Kingambit||BlackGlasses|Defiant|Protect,KowtowCleave,SuckerPunch,SwordsDance|||F|||50|,,,,,Dark]Rillaboom||AssaultVest|GrassySurge|WoodHammer,GrassyGlide,HighHorsepower,FakeOut|||M|||50|,,,,,Fire]Electabuzz||Eviolite|VitalSpirit|Protect,Thunderbolt,HelpingHand,FollowMe|||M|||50|,,,,,Ghost]Volcarona||CovertCloak|FlameBody|Protect,HeatWave,TeraBlast,QuiverDance|||F|||50|,,,,,Fairy]Sneasler||FocusSash|Unburden|CloseCombat,DireClaw,Coaching,FakeOut|||F|||50|,,,,,Stellar]Dragonite||LoadedDice|Multiscale|ScaleShot,Haze,ExtremeSpeed,Protect|||F|||50|,,,,,Fairy
|showteam|p2|Dondozo||Leftovers|Unaware|WaveCrash,Earthquake,OrderUp,Protect|||M|||50|,,,,,Grass]Tatsugiri||ChoiceScarf|Commander|DracoMeteor,MuddyWater,IcyWind,HelpingHand|||F|||50|,,,,,Steel]Dragonite||LoadedDice|Multiscale|ScaleShot,IronHead,Haze,Protect|||M|||50|,,,,,Fairy]Annihilape||SafetyGoggles|Defiant|CloseCombat,RageFist,Taunt,Protect|||F|||50|,,,,,Fire]Zoroark-Hisui||ChoiceSpecs|Illusion|HyperVoice,ShadowBall,Flamethrower,Trick|||M|||50|,,,,,Normal]Volcarona||SitrusBerry|FlameBody|HeatWave,StruggleBug,RagePowder,Tailwind|||M|||50|,,,,,Fairy
|j| buf0722shito
|
|t:|1756419015
|teamsize|p1|4
|teamsize|p2|4
|start
|switch|p1a: Nobunaga|Kingambit, L50, F, shiny|100/100
|switch|p1b: Snarf|Electabuzz, L50, M|100/100
|switch|p2a: Annihilape|Annihilape, L50, F, shiny|100/100
|switch|p2b: Volcarona|Volcarona, L50, M, shiny|100/100
|turn|1
|
|t:|1756419034
|-terastallize|p1a: Nobunaga|Dark
|move|p1b: Snarf|Follow Me|p1b: Snarf
|-singleturn|p1b: Snarf|move: Follow Me
|move|p2a: Annihilape|Taunt|p1b: Snarf
|-start|p1b: Snarf|move: Taunt
|move|p2b: Volcarona|Heat Wave|p1a: Nobunaga|[spread] p1a,p1b
|-damage|p1a: Nobunaga|67/100
|-damage|p1b: Snarf|74/100
|move|p1a: Nobunaga|Kowtow Cleave|p2a: Annihilape
|-damage|p2a: Annihilape|20/100
|
|upkeep
|turn|2
|
|t:|1756419058
|move|p1a: Nobunaga|Protect|p1a: Nobunaga
|-singleturn|p1a: Nobunaga|Protect
|move|p2b: Volcarona|Rage Powder|p2b: Volcarona
|-singleturn|p2b: Volcarona|move: Rage Powder
|move|p1b: Snarf|Thunderbolt|p2b: Volcarona
|-damage|p2b: Volcarona|76/100
|move|p2a: Annihilape|Close Combat|p1a: Nobunaga
|-activate|p1a: Nobunaga|move: Protect
|
|upkeep
|turn|3
|
|t:|1756419073
|switch|p1a: Vanessa|Sneasler, L50, F|100/100
|move|p1b: Snarf|Thunderbolt|p2a: Annihilape
|-damage|p2a: Annihilape|0 fnt
|faint|p2a: Annihilape
|move|p2b: Volcarona|Heat Wave|p1a: Vanessa|[spread] p1a,p1b
|-damage|p1a: Vanessa|54/100
|-damage|p1b: Snarf|45/100
|
|upkeep
|
|t:|1756419081
|switch|p2a: Dragonite|Dragonite, L50, M, shiny|100/100
|turn|4
|
|t:|1756419099
|move|p1a: Vanessa|Dire Claw|p2a: Dragonite
|-damage|p2a: Dragonite|79/100
|-status|p2a: Dragonite|psn
|move|p1b: Snarf|Thunderbolt|p2a: Dragonite
|-crit|p2a: Dragonite
|-damage|p2a: Dragonite|34/100 psn
|move|p2b: Volcarona|Heat Wave|p1a: Vanessa|[spread] p1a,p1b
|-crit|p1b: Snarf
|-damage|p1a: Vanessa|11/100
|-damage|p1b: Snarf|7/100
|-status|p1b: Snarf|brn
|move|p2a: Dragonite|Scale Shot|p1a: Vanessa
|-damage|p1a: Vanessa|0 fnt
|faint|p1a: Vanessa
|-hitcount|p1: Vanessa|1
|-unboost|p2a: Dragonite|def|1
|-boost|p2a: Dragonite|spe|1
|
|-damage|p2a: Dragonite|22/100 psn|[from] psn
|-damage|p1b: Snarf|1/100 brn|[from] brn
|-end|p1b: Snarf|move: Taunt
|upkeep
|
|t:|1756419112
|switch|p1a: Nobunaga|Kingambit, L50, F, shiny, tera:Dark|67/100
|turn|5
|
|t:|1756419134
|move|p1b: Snarf|Follow Me|p1b: Snarf
|-singleturn|p1b: Snarf|move: Follow Me
|move|p2b: Volcarona|Rage Powder|p2b: Volcarona
|-singleturn|p2b: Volcarona|move: Rage Powder
|move|p2a: Dragonite|Scale Shot|p1b: Snarf
|-damage|p1b: Snarf|0 fnt
|faint|p1b: Snarf
|-hitcount|p1: Snarf|1
|-unboost|p2a: Dragonite|def|1
|-boost|p2a: Dragonite|spe|1
|move|p1a: Nobunaga|Kowtow Cleave|p2b: Volcarona
|-damage|p2b: Volcarona|0 fnt
|faint|p2b: Volcarona
|
|-damage|p2a: Dragonite|10/100 psn|[from] psn
|upkeep
|
|t:|1756419140
|switch|p1b: Cassie|Dragonite, L50, F|100/100
|switch|p2b: The rock|Tatsugiri, L50, F, shiny|100/100
|turn|6
|
|t:|1756419148
|-terastallize|p2b: The rock|Steel
|move|p1b: Cassie|Protect|p1b: Cassie
|-singleturn|p1b: Cassie|Protect
|move|p1a: Nobunaga|Protect|p1a: Nobunaga
|-singleturn|p1a: Nobunaga|Protect
|move|p2b: The rock|Icy Wind|p1a: Nobunaga|[spread] 
|-activate|p1a: Nobunaga|move: Protect
|-activate|p1b: Cassie|move: Protect
|move|p2a: Dragonite|Scale Shot|p1b: Cassie
|-activate|p1b: Cassie|move: Protect
|
|-damage|p2a: Dragonite|0 fnt|[from] psn
|faint|p2a: Dragonite
|upkeep
|turn|7
|-message|buf47RIPMegaFlygon forfeited.
|
|win|IngeVGC
||buf47RIPMegaFlygon is ready for game 3.
||IngeVGC is ready for game 3.
|uhtml|next|Next: Game 3 of 3
