|j|☆Orion11Vgc
|j|☆glimmeraqua
|html|Orion11Vgcglimmeraqua    
|uhtml|bestof|Game 1 of a best-of-3
|t:|1782306308
|gametype|doubles
|player|p1|Orion11Vgc|lucas|1182
|player|p2|glimmeraqua|#ndplvgalarianphoenix|1210
|gen|9
|tier|[Gen 9 Champions] VGC 2026 Reg M-B (Bo3)
|rated|
|rule|Species Clause: Limit one of each Pokémon
|rule|Item Clause: Limit 1 of each item
|clearpoke
|poke|p1|Metagross, L50|
|poke|p1|Sneasler, L50, F|
|poke|p1|Incineroar, L50, F|
|poke|p1|Hydreigon, L50, M|
|poke|p1|Aerodactyl, L50, M|
|poke|p1|Floette-Eternal, L50, F|
|poke|p2|Floette-Eternal, L50, F|
|poke|p2|Sinistcha, L50|
|poke|p2|Aerodactyl, L50, F|
|poke|p2|Garchomp, L50, M|
|poke|p2|Incineroar, L50, F|
|poke|p2|Gholdengo, L50|
|teampreview|4
|showteam|p1|Metagross||Metagrossite|ClearBody|IronHead,PsychicFangs,BodyPress,Protect|Jolly|||||50|]Sneasler||WhiteHerb|Unburden|FakeOut,CloseCombat,DireClaw,Coaching|Jolly||F|||50|]Incineroar||PasshoBerry|Intimidate|FakeOut,FlareBlitz,ThroatChop,PartingShot|Careful||F|||50|]Hydreigon||ChoiceScarf|Levitate|DracoMeteor,DarkPulse,Snarl,Flamethrower|Modest||M|||50|]Aerodactyl||FocusSash|Unnerve|RockSlide,Tailwind,DualWingbeat,WideGuard|Jolly||M|||50|]Floette-Eternal||Floettite|FlowerVeil|DrainingKiss,DazzlingGleam,CalmMind,Protect|Modest||F|||50|
|showteam|p2|Floette-Eternal||Floettite|FlowerVeil|LightofRuin,DazzlingGleam,Moonblast,Protect|Timid||F|||50|]Sinistcha||SitrusBerry|Hospitality|RagePowder,TrickRoom,MatchaGotcha,Protect|Bold|||||50|]Aerodactyl||Aerodactylite|RockHead|IceFang,RockSlide,Tailwind,Protect|Jolly||F|||50|]Garchomp||RoseliBerry|RoughSkin|Earthquake,RockSlide,PoisonJab,DragonClaw|Jolly||M|||50|]Incineroar||ChopleBerry|Intimidate|FakeOut,FlareBlitz,ThroatChop,PartingShot|Impish||F|||50|]Gholdengo||LifeOrb|GoodasGold|MakeItRain,PowerGem,ShadowBall,Protect|Modest|||||50|
|inactive|Battle timer is ON: inactive players will automatically lose when time's up. (requested by Orion11Vgc)
|inactive|Orion11Vgc has 60 seconds left.
|inactive|glimmeraqua has 60 seconds left.
|
|t:|1782306347
|teamsize|p1|4
|teamsize|p2|4
|start
|switch|p1a: Metagross|Metagross, L50|100/100
|switch|p1b: Hydreigon|Hydreigon, L50, M|100/100
|switch|p2a: Iron Maiden|Gholdengo, L50|100/100
|switch|p2b: Black & Blue|Floette-Eternal, L50, F|100/100
|turn|1
|inactive|Orion11Vgc has 30 seconds left.
|inactive|Orion11Vgc has 20 seconds left.
|inactive|Orion11Vgc has 15 seconds left.
|inactive|Orion11Vgc has 10 seconds left.
|
|t:|1782306396
|detailschange|p1a: Metagross|Metagross-Mega, L50
|-mega|p1a: Metagross|Metagross|Metagrossite
|move|p2b: Black & Blue|Protect|p2b: Black & Blue
|-singleturn|p2b: Black & Blue|Protect
|move|p2a: Iron Maiden|Protect|p2a: Iron Maiden
|-singleturn|p2a: Iron Maiden|Protect
|move|p1b: Hydreigon|Flamethrower|p2b: Black & Blue
|-activate|p2b: Black & Blue|move: Protect
|move|p1a: Metagross|Iron Head|p2b: Black & Blue
|-activate|p2b: Black & Blue|move: Protect
|
|upkeep
|turn|2
|inactive|Orion11Vgc has 30 seconds left.
|
|t:|1782306424
|switch|p1b: Incineroar|Incineroar, L50, F|100/100
|-ability|p1b: Incineroar|Intimidate|boost
|-unboost|p2a: Iron Maiden|atk|1
|-unboost|p2b: Black & Blue|atk|1
|switch|p2b: Chasing Ghosts|Incineroar, L50, F|100/100
|-ability|p2b: Chasing Ghosts|Intimidate|boost
|-unboost|p1a: Metagross|atk|1
|-unboost|p1b: Incineroar|atk|1
|move|p1a: Metagross|Protect|p1a: Metagross
|-singleturn|p1a: Metagross|Protect
|move|p2a: Iron Maiden|Shadow Ball|p1a: Metagross
|-activate|p1a: Metagross|move: Protect
|
|upkeep
|turn|3
|inactive|Orion11Vgc has 30 seconds left.
|
|t:|1782306450
|switch|p1a: Hydreigon|Hydreigon, L50, M|100/100
|switch|p2a: Black & Blue|Floette-Eternal, L50, F|100/100
|move|p1b: Incineroar|Flare Blitz|p2a: Black & Blue
|-damage|p2a: Black & Blue|46/100
|-damage|p1b: Incineroar|86/100|[from] Recoil
|move|p2b: Chasing Ghosts|Parting Shot|p1a: Hydreigon
|-unboost|p1a: Hydreigon|atk|1
|-unboost|p1a: Hydreigon|spa|1
|j| Neyox
|
|t:|1782306459
|switch|p2b: One|Sinistcha, L50|100/100|[from] Parting Shot
|-heal|p2a: Black & Blue|70/100|[from] ability: Hospitality|[of] p2b: One
|
|upkeep
|turn|4
|
|t:|1782306483
|switch|p1a: Metagross|Metagross-Mega, L50|100/100
|switch|p2b: Chasing Ghosts|Incineroar, L50, F|100/100
|-ability|p2b: Chasing Ghosts|Intimidate|boost
|-unboost|p1a: Metagross|atk|1
|-unboost|p1b: Incineroar|atk|1
|detailschange|p2a: Black & Blue|Floette-Mega, L50, F
|-mega|p2a: Black & Blue|Floette|Floettite
|-ability|p2a: Black & Blue|Fairy Aura
|move|p2a: Black & Blue|Dazzling Gleam|p1b: Incineroar|[spread] p1a,p1b
|-resisted|p1a: Metagross|1
|-damage|p1a: Metagross|76/100
|-damage|p1b: Incineroar|46/100
|move|p1b: Incineroar|Parting Shot|p2a: Black & Blue
|-unboost|p2a: Black & Blue|atk|1
|-unboost|p2a: Black & Blue|spa|1
|
|t:|1782306499
|switch|p1b: Sneasler|Sneasler, L50, F|100/100|[from] Parting Shot
|
|upkeep
|turn|5
|inactive|Orion11Vgc has 30 seconds left.
|
|t:|1782306527
|switch|p1a: Hydreigon|Hydreigon, L50, M|100/100
|switch|p2b: One|Sinistcha, L50|100/100
|-heal|p2a: Black & Blue|95/100|[from] ability: Hospitality|[of] p2b: One
|move|p2a: Black & Blue|Protect|p2a: Black & Blue
|-singleturn|p2a: Black & Blue|Protect
|move|p1b: Sneasler|Dire Claw|p2a: Black & Blue
|-activate|p2a: Black & Blue|move: Protect
|
|upkeep
|turn|6
|
|t:|1782306543
|switch|p1a: Incineroar|Incineroar, L50, F|46/100
|-ability|p1a: Incineroar|Intimidate|boost
|-unboost|p2a: Black & Blue|atk|1
|-unboost|p2b: One|atk|1
|move|p2b: One|Rage Powder|p2b: One
|-singleturn|p2b: One|move: Rage Powder
|move|p1b: Sneasler|Dire Claw|p2b: One
|-damage|p2b: One|69/100
|move|p2a: Black & Blue|Dazzling Gleam|p1b: Sneasler|[spread] p1a,p1b
|-damage|p1a: Incineroar|21/100
|-damage|p1b: Sneasler|56/100
|
|upkeep
|turn|7
|
|t:|1782306565
|switch|p1b: Metagross|Metagross-Mega, L50|76/100
|switch|p2a: Iron Maiden|Gholdengo, L50|100/100
|switch|p2b: Chasing Ghosts|Incineroar, L50, F|100/100
|-ability|p2b: Chasing Ghosts|Intimidate|boost
|-unboost|p1a: Incineroar|atk|1
|-unboost|p1b: Metagross|atk|1
|move|p1a: Incineroar|Flare Blitz|p2b: Chasing Ghosts
|-resisted|p2b: Chasing Ghosts|1
|-damage|p2b: Chasing Ghosts|89/100
|-damage|p1a: Incineroar|17/100|[from] Recoil
|
|upkeep
|turn|8
|
|t:|1782306589
|switch|p1b: Hydreigon|Hydreigon, L50, M|100/100
|move|p2a: Iron Maiden|Power Gem|p1a: Incineroar
|-supereffective|p1a: Incineroar|1
|-damage|p1a: Incineroar|0 fnt
|faint|p1a: Incineroar
|-damage|p2a: Iron Maiden|90/100|[from] item: Life Orb
|move|p2b: Chasing Ghosts|Parting Shot|p1b: Hydreigon
|-unboost|p1b: Hydreigon|atk|1
|-unboost|p1b: Hydreigon|spa|1
|
|t:|1782306592
|switch|p2b: Black & Blue|Floette-Mega, L50, F|95/100|[from] Parting Shot
|-ability|p2b: Black & Blue|Fairy Aura
|
|upkeep
|
|t:|1782306613
|switch|p1a: Sneasler|Sneasler, L50, F|56/100
|turn|9
|l| Neyox
|
|t:|1782306629
|switch|p1a: Metagross|Metagross-Mega, L50|76/100
|switch|p2b: Chasing Ghosts|Incineroar, L50, F|89/100
|-ability|p2b: Chasing Ghosts|Intimidate|boost
|-unboost|p1a: Metagross|atk|1
|-unboost|p1b: Hydreigon|atk|1
|move|p2a: Iron Maiden|Protect|p2a: Iron Maiden
|-singleturn|p2a: Iron Maiden|Protect
|move|p1b: Hydreigon|Snarl|p2a: Iron Maiden|[spread] 
|-activate|p2a: Iron Maiden|move: Protect
|-miss|p1b: Hydreigon|p2b: Chasing Ghosts
|
|upkeep
|turn|10
|inactive|Orion11Vgc has 30 seconds left.
|inactive|glimmeraqua has 30 seconds left.
|
|t:|1782306663
|switch|p1b: Sneasler|Sneasler, L50, F|56/100
|move|p2b: Chasing Ghosts|Fake Out|p1a: Metagross
|-resisted|p1a: Metagross|1
|-damage|p1a: Metagross|72/100
|cant|p1a: Metagross|flinch
|move|p2a: Iron Maiden|Make It Rain|p1a: Metagross|[spread] p1a,p1b
|-resisted|p1a: Metagross|1
|-damage|p1a: Metagross|38/100
|-damage|p1b: Sneasler|0 fnt
|-unboost|p2a: Iron Maiden|spa|2
|faint|p1b: Sneasler
|-damage|p2a: Iron Maiden|80/100|[from] item: Life Orb
|
|upkeep
|
|t:|1782306678
|switch|p1b: Hydreigon|Hydreigon, L50, M|100/100
|turn|11
|
|t:|1782306684
|switch|p2a: Black & Blue|Floette-Mega, L50, F|95/100
|-ability|p2a: Black & Blue|Fairy Aura
|move|p1b: Hydreigon|Snarl|p2b: Chasing Ghosts|[spread] p2a,p2b
|-resisted|p2a: Black & Blue|1
|-resisted|p2b: Chasing Ghosts|1
|-damage|p2a: Black & Blue|85/100
|-damage|p2b: Chasing Ghosts|79/100
|-unboost|p2a: Black & Blue|spa|1
|-unboost|p2b: Chasing Ghosts|spa|1
|move|p1a: Metagross|Iron Head|p2a: Black & Blue
|-supereffective|p2a: Black & Blue|1
|-damage|p2a: Black & Blue|0 fnt
|faint|p2a: Black & Blue
|move|p2b: Chasing Ghosts|Parting Shot|p1b: Hydreigon
|-unboost|p1b: Hydreigon|atk|1
|-unboost|p1b: Hydreigon|spa|1
|
|t:|1782306695
|switch|p2b: Iron Maiden|Gholdengo, L50|80/100|[from] Parting Shot
|
|upkeep
|
|t:|1782306697
|switch|p2a: Chasing Ghosts|Incineroar, L50, F|79/100
|-ability|p2a: Chasing Ghosts|Intimidate|boost
|-unboost|p1a: Metagross|atk|1
|-unboost|p1b: Hydreigon|atk|1
|turn|12
|
|t:|1782306712
|move|p2a: Chasing Ghosts|Fake Out|p1b: Hydreigon
|-damage|p1b: Hydreigon|88/100
|cant|p1b: Hydreigon|flinch
|move|p1a: Metagross|Body Press|p2a: Chasing Ghosts
|-supereffective|p2a: Chasing Ghosts|1
|-enditem|p2a: Chasing Ghosts|Chople Berry|[eat]
|-enditem|p2a: Chasing Ghosts|Chople Berry|[weaken]
|-damage|p2a: Chasing Ghosts|54/100
|move|p2b: Iron Maiden|Shadow Ball|p1a: Metagross
|-supereffective|p1a: Metagross|1
|-damage|p1a: Metagross|0 fnt
|faint|p1a: Metagross
|-damage|p2b: Iron Maiden|70/100|[from] item: Life Orb
|
|upkeep
|turn|13
|
|t:|1782306728
|move|p2b: Iron Maiden|Protect|p2b: Iron Maiden
|-singleturn|p2b: Iron Maiden|Protect
|move|p1b: Hydreigon|Snarl|p2a: Chasing Ghosts|[spread] p2a
|-activate|p2b: Iron Maiden|move: Protect
|-resisted|p2a: Chasing Ghosts|1
|-damage|p2a: Chasing Ghosts|47/100
|-unboost|p2a: Chasing Ghosts|spa|1
|move|p2a: Chasing Ghosts|Parting Shot|p1b: Hydreigon
|-unboost|p1b: Hydreigon|atk|1
|-unboost|p1b: Hydreigon|spa|1
|
|t:|1782306731
|switch|p2a: One|Sinistcha, L50|69/100|[from] Parting Shot
|-heal|p2b: Iron Maiden|95/100|[from] ability: Hospitality|[of] p2a: One
|
|upkeep
|turn|14
|
|t:|1782306745
|switch|p2a: Chasing Ghosts|Incineroar, L50, F|47/100
|-ability|p2a: Chasing Ghosts|Intimidate|boost
|-unboost|p1b: Hydreigon|atk|1
|move|p1b: Hydreigon|Snarl|p2b: Iron Maiden|[spread] p2a,p2b
|-resisted|p2a: Chasing Ghosts|1
|-supereffective|p2b: Iron Maiden|1
|-damage|p2a: Chasing Ghosts|42/100
|-damage|p2b: Iron Maiden|70/100
|-unboost|p2a: Chasing Ghosts|spa|1
|-unboost|p2b: Iron Maiden|spa|1
|move|p2b: Iron Maiden|Power Gem|p1b: Hydreigon
|-damage|p1b: Hydreigon|57/100
|-damage|p2b: Iron Maiden|60/100|[from] item: Life Orb
|
|upkeep
|turn|15
|
|t:|1782306759
|move|p2a: Chasing Ghosts|Fake Out|p1b: Hydreigon
|-damage|p1b: Hydreigon|44/100
|cant|p1b: Hydreigon|flinch
|move|p2b: Iron Maiden|Make It Rain|p1b: Hydreigon
|-damage|p1b: Hydreigon|0 fnt
|-unboost|p2b: Iron Maiden|spa|2
|faint|p1b: Hydreigon
|-damage|p2b: Iron Maiden|50/100g|[from] item: Life Orb
|
|win|glimmeraqua
||glimmeraqua is ready for game 2.
||Orion11Vgc is ready for game 2.
|uhtml|next|Next: Game 2 of 3
|l|☆Orion11Vgc
|player|p1|
