|j|☆googlyboogly99
|j|☆drewqfan
|html|googlyboogly99drewqfan    
|uhtml|bestof|Game 3 of a best-of-3
|t:|1754983374
|gametype|doubles
|player|p1|googlyboogly99|steven|1188
|player|p2|drewqfan|preschooler|1290
|gen|9
|tier|[Gen 9] VGC 2025 Reg H (Bo3)
|rated|
|rule|Species Clause: Limit one of each Pokémon
|rule|Item Clause: Limit 1 of each item
|clearpoke
|poke|p1|Dragonite, L50, M|
|poke|p1|Ursaluna-Bloodmoon, L50, M|
|poke|p1|Sneasler, L50, M|
|poke|p1|Volcarona, L50, F|
|poke|p1|Indeedee, L50, M|
|poke|p1|Ninetales-Alola, L50, M|
|poke|p2|Ursaluna, L50, M|
|poke|p2|Gholdengo, L50|
|poke|p2|Porygon2, L50|
|poke|p2|Amoonguss, L50, M|
|poke|p2|Incineroar, L50, M|
|poke|p2|Hydreigon, L50, F|
|teampreview|4
|showteam|p1|Dragonite||LoadedDice|Multiscale|ScaleShot,Tailwind,Haze,Protect|||M|||50|,,,,,Fairy]Ursaluna-Bloodmoon||LifeOrb|MindsEye|BloodMoon,HyperVoice,EarthPower,Protect|||M|||50|,,,,,Normal]Sneasler||PsychicSeed|Unburden|DireClaw,CloseCombat,ThroatChop,Protect|||M|||50|,,,,,Dark]Volcarona||Leftovers|FlameBody|HeatWave,GigaDrain,QuiverDance,RagePowder|||F|||50|,,,,,Grass]Indeedee||FocusSash|PsychicSurge|ExpandingForce,HelpingHand,TrickRoom,Protect|||M|||50|,,,,,Psychic]Ninetales-Alola||LightClay|SnowWarning|Blizzard,AuroraVeil,Encore,Protect|||M|||50|,,,,,Ghost
|showteam|p2|Ursaluna||FlameOrb|Guts|Facade,Earthquake,HeadlongRush,Protect|||M|||50|,,,,,Ghost]Gholdengo||LifeOrb|GoodasGold|MakeItRain,ShadowBall,NastyPlot,Protect||||||50|,,,,,Steel]Porygon2||Eviolite|Download|TeraBlast,IceBeam,TrickRoom,Recover||||||50|,,,,,Fighting]Amoonguss||CovertCloak|Regenerator|Spore,RagePowder,PollenPuff,Protect|||M|||50|,,,,,Water]Incineroar||AssaultVest|Intimidate|FakeOut,FlareBlitz,KnockOff,Uturn|||M|||50|,,,,,Ghost]Hydreigon||SafetyGoggles|Levitate|DragonPulse,Snarl,Tailwind,Protect|||F|||50|,,,,,Ghost
|inactive|Battle timer is ON: inactive players will automatically lose when time's up. (requested by googlyboogly99)
|inactive|googlyboogly99 has 60 seconds left.
|inactive|googlyboogly99 has 30 seconds left.
|
|t:|1754983444
|teamsize|p1|4
|teamsize|p2|4
|start
|switch|p1a: Dragonite|Dragonite, L50, M|100/100
|switch|p1b: Volcarona|Volcarona, L50, F|100/100
|switch|p2a: Hydreigon|Hydreigon, L50, F|100/100
|switch|p2b: Incineroar|Incineroar, L50, M|100/100
|-ability|p2b: Incineroar|Intimidate|boost
|-unboost|p1a: Dragonite|atk|1
|-unboost|p1b: Volcarona|atk|1
|turn|1
|inactive|googlyboogly99 has 30 seconds left.
|
|t:|1754983472
|move|p2b: Incineroar|Fake Out|p1a: Dragonite
|-damage|p1a: Dragonite|93/100
|move|p2a: Hydreigon|Snarl|p1a: Dragonite|[spread] p1a,p1b
|-damage|p1a: Dragonite|71/100
|-damage|p1b: Volcarona|83/100
|-unboost|p1a: Dragonite|spa|1
|-unboost|p1b: Volcarona|spa|1
|move|p1b: Volcarona|Quiver Dance|p1b: Volcarona
|-boost|p1b: Volcarona|spa|1
|-boost|p1b: Volcarona|spd|1
|-boost|p1b: Volcarona|spe|1
|cant|p1a: Dragonite|flinch
|
|-heal|p1b: Volcarona|90/100|[from] item: Leftovers
|upkeep
|turn|2
|inactive|googlyboogly99 has 30 seconds left.
|inactive|drewqfan has 30 seconds left.
|inactive|googlyboogly99 has 20 seconds left.
|
|t:|1754983508
|-terastallize|p2a: Hydreigon|Ghost
|-terastallize|p1a: Dragonite|Fairy
|move|p1b: Volcarona|Heat Wave|p2b: Incineroar|[spread] p2a,p2b
|-resisted|p2b: Incineroar
|-damage|p2a: Hydreigon|59/100
|-damage|p2b: Incineroar|90/100
|-status|p2a: Hydreigon|brn
|move|p2a: Hydreigon|Tailwind|p2a: Hydreigon
|-sidestart|p2: drewqfan|move: Tailwind
|move|p2b: Incineroar|Knock Off|p1a: Dragonite
|-resisted|p1a: Dragonite
|-damage|p1a: Dragonite|49/100
|-enditem|p1a: Dragonite|Loaded Dice|[from] move: Knock Off|[of] p2b: Incineroar
|move|p1a: Dragonite|Scale Shot|p2a: Hydreigon|[miss]
|-miss|p1a: Dragonite|p2a: Hydreigon
|
|-heal|p1b: Volcarona|96/100|[from] item: Leftovers
|-damage|p2a: Hydreigon|53/100 brn|[from] brn
|upkeep
|turn|3
|inactive|googlyboogly99 has 30 seconds left.
|inactive|googlyboogly99 has 20 seconds left.
|
|t:|1754983544
|move|p2a: Hydreigon|Snarl|p1a: Dragonite|[spread] p1a,p1b
|-resisted|p1a: Dragonite
|-damage|p1a: Dragonite|38/100
|-damage|p1b: Volcarona|84/100
|-unboost|p1a: Dragonite|spa|1
|-unboost|p1b: Volcarona|spa|1
|move|p2b: Incineroar|Flare Blitz|p1b: Volcarona
|-damage|p1b: Volcarona|20/100
|-damage|p2b: Incineroar|69/100|[from] Recoil
|move|p1b: Volcarona|Quiver Dance|p1b: Volcarona
|-boost|p1b: Volcarona|spa|1
|-boost|p1b: Volcarona|spd|1
|-boost|p1b: Volcarona|spe|1
|move|p1a: Dragonite|Tailwind|p1a: Dragonite
|-sidestart|p1: googlyboogly99|move: Tailwind
|
|-heal|p1b: Volcarona|26/100|[from] item: Leftovers
|-damage|p2a: Hydreigon|47/100 brn|[from] brn
|upkeep
|turn|4
|inactive|googlyboogly99 has 30 seconds left.
|inactive|drewqfan has 30 seconds left.
|
|t:|1754983579
|move|p1b: Volcarona|Giga Drain|p2a: Hydreigon
|-damage|p2a: Hydreigon|19/100 brn
|-heal|p1b: Volcarona|39/100|[from] drain|[of] p2a: Hydreigon
|move|p2a: Hydreigon|Dragon Pulse|p1b: Volcarona
|-damage|p1b: Volcarona|19/100
|move|p1a: Dragonite|Scale Shot|p2b: Incineroar
|-damage|p2b: Incineroar|60/100
|-damage|p2b: Incineroar|50/100
|-damage|p2b: Incineroar|41/100
|-hitcount|p2b: Incineroar|3
|-unboost|p1a: Dragonite|def|1
|-boost|p1a: Dragonite|spe|1
|move|p2b: Incineroar|U-turn|p1b: Volcarona
|-resisted|p1b: Volcarona
|-damage|p1b: Volcarona|7/100
|
|t:|1754983595
|switch|p2b: Ursaluna|Ursaluna, L50, M|100/100|[from] U-turn
|
|-heal|p1b: Volcarona|13/100|[from] item: Leftovers
|-damage|p2a: Hydreigon|14/100 brn|[from] brn
|-status|p2b: Ursaluna|brn|[from] item: Flame Orb
|upkeep
|turn|5
|inactive|googlyboogly99 has 30 seconds left.
|inactive|googlyboogly99 has 20 seconds left.
|inactive|googlyboogly99 has 15 seconds left.
|inactive|googlyboogly99 has 10 seconds left.
|inactive|googlyboogly99 has 5 seconds left.
|
|t:|1754983647
|switch|p2a: Incineroar|Incineroar, L50, M|41/100
|-ability|p2a: Incineroar|Intimidate|boost
|-unboost|p1a: Dragonite|atk|1
|-unboost|p1b: Volcarona|atk|1
|move|p2b: Ursaluna|Protect|p2b: Ursaluna
|-singleturn|p2b: Ursaluna|Protect
|move|p1b: Volcarona|Giga Drain|p2b: Ursaluna
|-activate|p2b: Ursaluna|move: Protect
|move|p1a: Dragonite|Scale Shot|p2a: Incineroar
|-damage|p2a: Incineroar|33/100
|-damage|p2a: Incineroar|26/100
|-damage|p2a: Incineroar|18/100
|-damage|p2a: Incineroar|10/100
|-damage|p2a: Incineroar|2/100
|-hitcount|p2a: Incineroar|5
|-unboost|p1a: Dragonite|def|1
|-boost|p1a: Dragonite|spe|1
|
|-heal|p1b: Volcarona|19/100|[from] item: Leftovers
|-damage|p2b: Ursaluna|94/100 brn|[from] brn
|-sideend|p2: drewqfan|move: Tailwind
|upkeep
|turn|6
|inactive|googlyboogly99 has 30 seconds left.
|inactive|googlyboogly99 has 20 seconds left.
|inactive|googlyboogly99 has 15 seconds left.
|inactive|googlyboogly99 has 10 seconds left.
|inactive|googlyboogly99 has 5 seconds left.
|
|t:|1754983702
|move|p1a: Dragonite|Protect|p1a: Dragonite
|-singleturn|p1a: Dragonite|Protect
|move|p2a: Incineroar|Fake Out|p1b: Volcarona
|-damage|p1b: Volcarona|4/100
|cant|p1b: Volcarona|flinch
|move|p2b: Ursaluna|Earthquake|p1a: Dragonite|[spread] p2a,p1b
|-activate|p1a: Dragonite|move: Protect
|-supereffective|p2a: Incineroar
|-damage|p2a: Incineroar|0 fnt
|-damage|p1b: Volcarona|0 fnt
|faint|p2a: Incineroar
|faint|p1b: Volcarona
|
|-damage|p2b: Ursaluna|88/100 brn|[from] brn
|-sideend|p1: googlyboogly99|move: Tailwind
|upkeep
|
|t:|1754983715
|switch|p1b: Ursaluna|Ursaluna-Bloodmoon, L50, M|100/100
|switch|p2a: Gholdengo|Gholdengo, L50|100/100
|turn|7
|inactive|googlyboogly99 has 30 seconds left.
|inactive|googlyboogly99 has 20 seconds left.
|inactive|drewqfan has 30 seconds left.
|
|t:|1754983755
|switch|p1a: Indeedee|Indeedee, L50, M|100/100
|-fieldstart|move: Psychic Terrain|[from] ability: Psychic Surge|[of] p1a: Indeedee
|switch|p2b: Hydreigon|Hydreigon, L50, F, tera:Ghost|14/100 brn
|move|p2a: Gholdengo|Make It Rain|p1a: Indeedee|[spread] p1a,p1b
|-damage|p1a: Indeedee|23/100
|-damage|p1b: Ursaluna|30/100
|-unboost|p2a: Gholdengo|spa|1
|-damage|p2a: Gholdengo|91/100|[from] item: Life Orb
|move|p1b: Ursaluna|Earth Power|p2a: Gholdengo
|-supereffective|p2a: Gholdengo
|-damage|p2a: Gholdengo|0 fnt
|faint|p2a: Gholdengo
|-damage|p1b: Ursaluna|20/100|[from] item: Life Orb
|
|-damage|p2b: Hydreigon|8/100 brn|[from] brn
|upkeep
|
|t:|1754983768
|switch|p2a: Ursaluna|Ursaluna, L50, M|88/100 brn
|turn|8
|c|☆drewqfan|gg
|inactive|googlyboogly99 has 30 seconds left.
|inactive|googlyboogly99 has 20 seconds left.
|inactive|googlyboogly99 has 15 seconds left.
|
|t:|1754983813
|move|p2b: Hydreigon|Tailwind|p2b: Hydreigon
|-sidestart|p2: drewqfan|move: Tailwind
|move|p2a: Ursaluna|Earthquake|p1b: Ursaluna|[spread] p1a,p1b
|-immune|p2b: Hydreigon|[from] ability: Levitate
|-damage|p1a: Indeedee|0 fnt
|-damage|p1b: Ursaluna|0 fnt
|faint|p1a: Indeedee
|faint|p1b: Ursaluna
|
|-damage|p2b: Hydreigon|2/100 brn|[from] brn
|-damage|p2a: Ursaluna|82/100 brn|[from] brn
|upkeep
|
|t:|1754983837
|switch|p1b: Dragonite|Dragonite, L50, M, tera:Fairy|38/100
|turn|9
|
|t:|1754983843
|move|p2b: Hydreigon|Snarl|p1b: Dragonite|[miss]
|-miss|p2b: Hydreigon|p1b: Dragonite
|move|p2a: Ursaluna|Facade|p1b: Dragonite
|-damage|p1b: Dragonite|0 fnt
|faint|p1b: Dragonite
|
|win|drewqfan
|raw|googlyboogly99's rating: 1188 → 1170(-18 for losing)
|raw|drewqfan's rating: 1290 → 1308(+18 for winning)
|c|☆googlyboogly99|ggwp
|l|☆googlyboogly99
|player|p1|
