|j|☆Lego Darth Malgus
|j|☆crudo de fava
|html|Lego Darth Malguscrudo de fava    
|uhtml|bestof|Game 1 of a best-of-3
|t:|1756561377
|gametype|doubles
|player|p1|Lego Darth Malgus|265|1211
|player|p2|crudo de fava|cyclist-gen4|1265
|gen|9
|tier|[Gen 9] VGC 2025 Reg H (Bo3)
|rated|
|rule|Species Clause: Limit one of each Pokémon
|rule|Item Clause: Limit 1 of each item
|clearpoke
|poke|p1|Kommo-o, L50, F|
|poke|p1|Tyranitar, L50, F|
|poke|p1|Excadrill, L50, F|
|poke|p1|Samurott-Hisui, L50, M|
|poke|p1|Rillaboom, L50, M|
|poke|p1|Volcarona, L50, M|
|poke|p2|Charizard, L50, M|
|poke|p2|Torkoal, L50, M|
|poke|p2|Porygon2, L50|
|poke|p2|Incineroar, L50, M|
|poke|p2|Jumpluff, L50, F|
|poke|p2|Ursaluna, L50, M|
|teampreview|4
|showteam|p1|Kommo-o||GrassySeed|Overcoat|BodyPress,IronDefense,Protect,DragonPulse|||F|||50|,,,,,Fairy]Tyranitar||ChoiceScarf|SandStream|RockSlide,KnockOff,TeraBlast,LowKick|||F|||50|,,,,,Flying]Excadrill||FocusSash|SandRush|HighHorsepower,IronHead,RockSlide,Protect|||F|||50|,,,,,Ghost]Samurott-Hisui||AssaultVest|Sharpness|CeaselessEdge,RazorShell,SacredSword,SuckerPunch|||M|||50|,,,,,Ghost]Rillaboom||MiracleSeed|GrassySurge|FakeOut,DrumBeating,GrassyGlide,Taunt|||M|||50|,,,,,Water]Volcarona||SitrusBerry|FlameBody|QuiverDance,HeatWave,TeraBlast,Protect|||M|||50|,,,,,Fairy
|showteam|p2|Charizard||ChoiceSpecs|SolarPower|HeatWave,Overheat,WeatherBall,AirSlash|||M|||50|,,,,,Ghost]Torkoal||EjectPack|Drought|Eruption,Overheat,HelpingHand,Protect|||M|||50|,,,,,Fire]Porygon2||Eviolite|Download|TeraBlast,IceBeam,Recover,TrickRoom||||||50|,,,,,Fighting]Incineroar||SitrusBerry|Intimidate|FlareBlitz,KnockOff,FakeOut,PartingShot|||M|||50|,,,,,Ghost]Jumpluff||CovertCloak|Chlorophyll|SleepPowder,SunnyDay,RagePowder,Tailwind|||F|||50|,,,,,Water]Ursaluna||FlameOrb|Guts|HeadlongRush,Facade,Earthquake,Protect|||M|||50|,,,,,Ghost
|inactive|Battle timer is ON: inactive players will automatically lose when time's up. (requested by Lego Darth Malgus)
|inactive|crudo de fava has 60 seconds left.
|
|t:|1756561427
|teamsize|p1|4
|teamsize|p2|4
|start
|switch|p1a: Tyranitar|Tyranitar, L50, F|100/100
|switch|p1b: Rillaboom|Rillaboom, L50, M, shiny|100/100
|switch|p2a: Jumpluff|Jumpluff, L50, F|100/100
|switch|p2b: Charizard|Charizard, L50, M|100/100
|-weather|Sandstorm|[from] ability: Sand Stream|[of] p1a: Tyranitar
|-fieldstart|move: Grassy Terrain|[from] ability: Grassy Surge|[of] p1b: Rillaboom
|turn|1
|
|t:|1756561449
|-terastallize|p2b: Charizard|Ghost
|move|p1a: Tyranitar|Rock Slide|p2a: Jumpluff|[spread] p2b
|-miss|p1a: Tyranitar|p2a: Jumpluff
|-damage|p2b: Charizard|59/100
|move|p2a: Jumpluff|Sunny Day|p2a: Jumpluff
|-weather|SunnyDay
|move|p2b: Charizard|Heat Wave|p1a: Tyranitar|[spread] p1a,p1b
|-resisted|p1a: Tyranitar
|-supereffective|p1b: Rillaboom
|-damage|p1a: Tyranitar|44/100
|-damage|p1b: Rillaboom|0 fnt
|faint|p1b: Rillaboom
|
|-weather|SunnyDay|[upkeep]
|-damage|p2b: Charizard|46/100|[from] ability: Solar Power|[of] p2b: Charizard
|-heal|p1a: Tyranitar|50/100|[from] Grassy Terrain
|-heal|p2b: Charizard|52/100|[from] Grassy Terrain
|upkeep
|
|t:|1756561454
|switch|p1b: Samurott|Samurott-Hisui, L50, M, shiny|100/100
|turn|2
|
|t:|1756561468
|switch|p2b: Ursaluna|Ursaluna, L50, M|100/100
|move|p1b: Samurott|Sucker Punch||[still]
|-fail|p1b: Samurott
|move|p2a: Jumpluff|Sleep Powder|p1a: Tyranitar
|-status|p1a: Tyranitar|slp|[from] move: Sleep Powder
|cant|p1a: Tyranitar|slp
|
|-weather|SunnyDay|[upkeep]
|-heal|p1a: Tyranitar|55/100 slp|[from] Grassy Terrain
|-status|p2b: Ursaluna|brn|[from] item: Flame Orb
|upkeep
|turn|3
|inactive|crudo de fava has 30 seconds left.
|
|t:|1756561498
|switch|p1b: Kommo-o|Kommo-o, L50, F, shiny|100/100
|-enditem|p1b: Kommo-o|Grassy Seed
|-boost|p1b: Kommo-o|def|1|[from] item: Grassy Seed
|-terastallize|p1a: Tyranitar|Flying
|move|p2a: Jumpluff|Tailwind|p2a: Jumpluff
|-sidestart|p2: crudo de fava|move: Tailwind
|cant|p1a: Tyranitar|slp
|move|p2b: Ursaluna|Facade|p1b: Kommo-o
|-damage|p1b: Kommo-o|45/100
|
|-weather|SunnyDay|[upkeep]
|-heal|p1b: Kommo-o|50/100|[from] Grassy Terrain
|-damage|p2b: Ursaluna|95/100 brn|[from] brn
|upkeep
|turn|4
|inactive|crudo de fava has 30 seconds left.
|
|t:|1756561526
|move|p2a: Jumpluff|Sleep Powder|p1a: Tyranitar
|-fail|p1a: Tyranitar|slp
|cant|p1a: Tyranitar|slp
|move|p2b: Ursaluna|Facade|p1a: Tyranitar
|-damage|p1a: Tyranitar|0 fnt
|faint|p1a: Tyranitar
|move|p1b: Kommo-o|Body Press|p2b: Ursaluna
|-supereffective|p2b: Ursaluna
|-damage|p2b: Ursaluna|0 fnt
|faint|p2b: Ursaluna
|
|-weather|SunnyDay|[upkeep]
|-heal|p1b: Kommo-o|56/100|[from] Grassy Terrain
|upkeep
|
|t:|1756561542
|switch|p1a: Samurott|Samurott-Hisui, L50, M, shiny|100/100
|switch|p2b: Charizard|Charizard, L50, M, tera:Ghost|52/100
|turn|5
|
|t:|1756561552
|move|p2a: Jumpluff|Rage Powder|p2a: Jumpluff
|-singleturn|p2a: Jumpluff|move: Rage Powder
|move|p1a: Samurott|Sucker Punch||[still]
|-fail|p1a: Samurott
|move|p2b: Charizard|Air Slash|p1b: Kommo-o
|-supereffective|p1b: Kommo-o
|-damage|p1b: Kommo-o|0 fnt
|faint|p1b: Kommo-o
|
|-weather|none
|-heal|p2b: Charizard|58/100|[from] Grassy Terrain
|-fieldend|move: Grassy Terrain
|upkeep
|turn|6
|
|t:|1756561564
|switch|p2b: Torkoal|Torkoal, L50, M|100/100
|-weather|SunnyDay|[from] ability: Drought|[of] p2b: Torkoal
|move|p2a: Jumpluff|Sleep Powder|p1a: Samurott
|-status|p1a: Samurott|slp|[from] move: Sleep Powder
|cant|p1a: Samurott|slp
|
|-weather|SunnyDay|[upkeep]
|-sideend|p2: crudo de fava|move: Tailwind
|upkeep
|turn|7
|-message|Lego Darth Malgus forfeited.
|
|win|crudo de fava
