|j|έαΗfr3aky b1lly
|j|έαΗTimidThunderWave
|html|fr3aky b1llyTimidThunderWave    
|uhtml|bestof|Game 2 of a best-of-3
|t:|1782605407
|gametype|doubles
|player|p1|fr3aky b1lly|jacinthe|
|player|p2|TimidThunderWave|birdkeeper-gen4dp|
|gen|9
|tier|[Gen 9 Champions] VGC 2026 Reg M-B (Bo3)
|rule|Species Clause: Limit one of each Pok├σmon
|rule|Item Clause: Limit 1 of each item
|clearpoke
|poke|p1|Charizard, L50, M, shiny|
|poke|p1|Sinistcha, L50|
|poke|p1|Incineroar, L50, M|
|poke|p1|Corviknight, L50, F, shiny|
|poke|p1|Sneasler, L50, M|
|poke|p1|Rotom-Wash, L50, shiny|
|poke|p2|Gengar, L50, F|
|poke|p2|Incineroar, L50, M|
|poke|p2|Politoed, L50, F|
|poke|p2|Swampert, L50, F|
|poke|p2|Archaludon, L50, F|
|poke|p2|Sinistcha, L50|
|teampreview|4
|showteam|p1|Charizard||CharizarditeX|Blaze|DragonClaw,FlareBlitz,DragonDance,Protect|Adamant||M|||50|]Sinistcha||SitrusBerry|Hospitality|MatchaGotcha,RagePowder,LifeDew,TrickRoom|Bold|||||50|]Incineroar||PasshoBerry|Intimidate|FakeOut,DarkestLariat,FlareBlitz,PartingShot|Adamant||M|||50|]Corviknight||Leftovers|MirrorArmor|BraveBird,Tailwind,Roost,BulkUp|Adamant||F|||50|]Sneasler||WhiteHerb|Unburden|CloseCombat,DireClaw,Coaching,FakeOut|Adamant||M|||50|]Rotom-Wash||RindoBerry|Levitate|Thunderbolt,WillOWisp,PainSplit,HydroPump|Bold|||||50|
|showteam|p2|Gengar||Gengarite|CursedBody|ShadowBall,Disable,PerishSong,Protect|Modest||F|||50|]Incineroar||PasshoBerry|Intimidate|ThroatChop,FakeOut,PartingShot,Protect|Careful||M|||50|]Politoed||SitrusBerry|Drizzle|WeatherBall,Encore,PerishSong,Protect|Bold||F|||50|]Swampert||Swampertite|Torrent|WaveCrash,HighHorsepower,IcePunch,Protect|Adamant||F|||50|]Archaludon||Leftovers|Stamina|DragonPulse,FlashCannon,ElectroShot,Protect|Modest||F|||50|]Sinistcha||KasibBerry|Hospitality|MatchaGotcha,RagePowder,LifeDew,Protect|Bold|||||50|
|inactive|Battle timer is ON: inactive players will automatically lose when time's up. (requested by TimidThunderWave)
|c|έαΗfr3aky b1lly|we need ursaluna back man archaludon is way too good
|c|έαΗTimidThunderWave|Ώθαφ
|inactive|fr3aky b1lly has 60 seconds left.
|inactive|TimidThunderWave has 60 seconds left.
|c|έαΗTimidThunderWave|You had to preserve sneasler in that match, it was your wincon into arch
|inactive|fr3aky b1lly has 30 seconds left.
|inactive|TimidThunderWave has 30 seconds left.
|c|έαΗfr3aky b1lly|the trick is theres no wincon cause this team can't beat rain
|inactive|fr3aky b1lly has 20 seconds left.
|inactive|TimidThunderWave has 20 seconds left.
|inactive|TimidThunderWave has 15 seconds left.
|c|έαΗTimidThunderWave|Well thats unfortunate
|inactive|TimidThunderWave has 10 seconds left.
|
|t:|1782605489
|teamsize|p1|4
|teamsize|p2|4
|start
|switch|p1a: UwU So Scary!|Incineroar, L50, M|100/100
|switch|p1b: Tomas|Rotom-Wash, L50, shiny|100/100
|switch|p2a: Ghost Ginger|Gengar, L50, F|100/100
|switch|p2b: Rooibos Dos|Incineroar, L50, M|100/100
|-ability|p2b: Rooibos Dos|Intimidate|boost
|-unboost|p1a: UwU So Scary!|atk|1
|-unboost|p1b: Tomas|atk|1
|-ability|p1a: UwU So Scary!|Intimidate|boost
|-unboost|p2a: Ghost Ginger|atk|1
|-unboost|p2b: Rooibos Dos|atk|1
|turn|1
|inactive|fr3aky b1lly has 30 seconds left.
|inactive|TimidThunderWave has 30 seconds left.
|inactive|fr3aky b1lly has 20 seconds left.
|
|t:|1782605525
|switch|p2b: Silver Gate|Archaludon, L50, F|100/100
|detailschange|p2a: Ghost Ginger|Gengar-Mega, L50, F
|-mega|p2a: Ghost Ginger|Gengar|Gengarite
|move|p2a: Ghost Ginger|Shadow Ball|p1b: Tomas
|-damage|p1b: Tomas|49/100
|-unboost|p1b: Tomas|spd|1
|move|p1b: Tomas|Hydro Pump|p2b: Silver Gate
|-resisted|p2b: Silver Gate|1
|-damage|p2b: Silver Gate|75/100
|-ability|p2b: Silver Gate|Stamina|boost
|-boost|p2b: Silver Gate|def|1
|move|p1a: UwU So Scary!|Parting Shot|p2a: Ghost Ginger
|-unboost|p2a: Ghost Ginger|atk|1
|-unboost|p2a: Ghost Ginger|spa|1
|c|έαΗfr3aky b1lly|now that's just rude
|
|t:|1782605547
|switch|p1a: Sippy Cup|Sinistcha, L50|100/100|[from] Parting Shot
|-heal|p1b: Tomas|74/100|[from] ability: Hospitality|[of] p1a: Sippy Cup
|
|-heal|p2b: Silver Gate|81/100|[from] item: Leftovers
|upkeep
|turn|2
|inactive|TimidThunderWave has 30 seconds left.
|
|t:|1782605574
|switch|p1a: UwU So Scary!|Incineroar, L50, M|100/100
|-ability|p1a: UwU So Scary!|Intimidate|boost
|-unboost|p2a: Ghost Ginger|atk|1
|-unboost|p2b: Silver Gate|atk|1
|move|p2a: Ghost Ginger|Protect|p2a: Ghost Ginger
|-singleturn|p2a: Ghost Ginger|Protect
|move|p1b: Tomas|Pain Split|p2b: Silver Gate
|-sethp|p2b: Silver Gate|70/100|[from] move: Pain Split|[silent]
|-sethp|p1b: Tomas|88/100|[from] move: Pain Split
|move|p2b: Silver Gate|Dragon Pulse|p1b: Tomas
|-damage|p1b: Tomas|22/100
|
|-heal|p2b: Silver Gate|76/100|[from] item: Leftovers
|upkeep
|turn|3
|
|t:|1782605597
|switch|p2b: Rooibos Dos|Incineroar, L50, M|100/100
|-ability|p2b: Rooibos Dos|Intimidate|boost
|-unboost|p1a: UwU So Scary!|atk|1
|-unboost|p1b: Tomas|atk|1
|move|p2a: Ghost Ginger|Shadow Ball|p1b: Tomas
|-damage|p1b: Tomas|0 fnt
|faint|p1b: Tomas
|move|p1a: UwU So Scary!|Darkest Lariat|p2a: Ghost Ginger
|-supereffective|p2a: Ghost Ginger|1
|-damage|p2a: Ghost Ginger|48/100
|
|upkeep
|c|έαΗfr3aky b1lly|HOWWW do you beat rain
|inactive|fr3aky b1lly has 30 seconds left.
|
|t:|1782605630
|switch|p1b: BSR Pill|Sneasler, L50, M|100/100
|turn|4
|
|t:|1782605652
|move|p2b: Rooibos Dos|Protect|p2b: Rooibos Dos
|-singleturn|p2b: Rooibos Dos|Protect
|move|p1b: BSR Pill|Fake Out|p2b: Rooibos Dos
|-activate|p2b: Rooibos Dos|move: Protect
|move|p2a: Ghost Ginger|Disable|p1a: UwU So Scary!
|-start|p1a: UwU So Scary!|Disable|Darkest Lariat
|move|p1a: UwU So Scary!|Parting Shot|p2a: Ghost Ginger
|-unboost|p2a: Ghost Ginger|atk|1
|-unboost|p2a: Ghost Ginger|spa|1
|
|t:|1782605661
|switch|p1a: Sippy Cup|Sinistcha, L50|100/100|[from] Parting Shot
|
|upkeep
|turn|5
|
|t:|1782605679
|switch|p2a: Silver Gate|Archaludon, L50, F|76/100
|switch|p1a: UwU So Scary!|Incineroar, L50, M|100/100
|-ability|p1a: UwU So Scary!|Intimidate|boost
|-unboost|p2a: Silver Gate|atk|1
|-unboost|p2b: Rooibos Dos|atk|1
|switch|p2b: Tea Frog|Politoed, L50, F|100/100
|-weather|RainDance|[from] ability: Drizzle|[of] p2b: Tea Frog
|move|p1b: BSR Pill|Close Combat|p2b: Tea Frog
|-crit|p2b: Tea Frog
|-damage|p2b: Tea Frog|7/100
|-unboost|p1b: BSR Pill|def|1
|-unboost|p1b: BSR Pill|spd|1
|-enditem|p2b: Tea Frog|Sitrus Berry|[eat]
|-heal|p2b: Tea Frog|32/100|[from] item: Sitrus Berry
|-enditem|p1b: BSR Pill|White Herb
|-clearnegativeboost|p1b: BSR Pill|[silent]
|
|-weather|RainDance|[upkeep]
|-heal|p2a: Silver Gate|82/100|[from] item: Leftovers
|upkeep
|turn|6
|inactive|fr3aky b1lly has 30 seconds left.
|inactive|TimidThunderWave has 30 seconds left.
|inactive|fr3aky b1lly has 20 seconds left.
|
|t:|1782605715
|switch|p2b: Rooibos Dos|Incineroar, L50, M|100/100
|-ability|p2b: Rooibos Dos|Intimidate|boost
|-unboost|p1a: UwU So Scary!|atk|1
|-unboost|p1b: BSR Pill|atk|1
|move|p2a: Silver Gate|Protect|p2a: Silver Gate
|-singleturn|p2a: Silver Gate|Protect
|move|p1a: UwU So Scary!|Fake Out|p2b: Rooibos Dos
|-damage|p2b: Rooibos Dos|92/100
|move|p1b: BSR Pill|Close Combat|p2a: Silver Gate
|-activate|p2a: Silver Gate|move: Protect
|
|-weather|RainDance|[upkeep]
|-heal|p2a: Silver Gate|88/100|[from] item: Leftovers
|upkeep
|turn|7
|
|t:|1782605729
|switch|p1b: Sippy Cup|Sinistcha, L50|100/100
|move|p2b: Rooibos Dos|Fake Out|p1b: Sippy Cup
|-immune|p1b: Sippy Cup
|move|p2a: Silver Gate|Electro Shot||[still]
|-prepare|p2a: Silver Gate|Electro Shot
|-boost|p2a: Silver Gate|spa|1
|-anim|p2a: Silver Gate|Electro Shot|p1b: Sippy Cup
|-resisted|p1b: Sippy Cup|1
|-damage|p1b: Sippy Cup|69/100
|move|p1a: UwU So Scary!|Parting Shot|p2a: Silver Gate
|-unboost|p2a: Silver Gate|atk|1
|-unboost|p2a: Silver Gate|spa|1
|
|t:|1782605741
|switch|p1a: BSR Pill|Sneasler, L50, M|100/100|[from] Parting Shot
|
|-weather|RainDance|[upkeep]
|-heal|p2a: Silver Gate|94/100|[from] item: Leftovers
|upkeep
|turn|8
|
|t:|1782605764
|switch|p2b: Ghost Ginger|Gengar-Mega, L50, F|48/100
|move|p2a: Silver Gate|Protect|p2a: Silver Gate
|-singleturn|p2a: Silver Gate|Protect
|move|p1a: BSR Pill|Close Combat|p2b: Ghost Ginger
|-immune|p2b: Ghost Ginger
|move|p1b: Sippy Cup|Life Dew||[still]|[spread] p1a,p1b
|-fail|p1a: BSR Pill|heal
|-heal|p1b: Sippy Cup|94/100
|
|-weather|RainDance|[upkeep]
|-heal|p2a: Silver Gate|100/100|[from] item: Leftovers
|upkeep
|turn|9
|inactive|TimidThunderWave has 30 seconds left.
|
|t:|1782605794
|switch|p2a: Rooibos Dos|Incineroar, L50, M|92/100
|-ability|p2a: Rooibos Dos|Intimidate|boost
|-unboost|p1a: BSR Pill|atk|1
|-unboost|p1b: Sippy Cup|atk|1
|switch|p1b: UwU So Scary!|Incineroar, L50, M|100/100
|-ability|p1b: UwU So Scary!|Intimidate|boost
|-unboost|p2a: Rooibos Dos|atk|1
|-unboost|p2b: Ghost Ginger|atk|1
|move|p1a: BSR Pill|Close Combat|p2a: Rooibos Dos
|-supereffective|p2a: Rooibos Dos|1
|-damage|p2a: Rooibos Dos|7/100
|-unboost|p1a: BSR Pill|def|1
|-unboost|p1a: BSR Pill|spd|1
|move|p2b: Ghost Ginger|Disable|p1a: BSR Pill
|-start|p1a: BSR Pill|Disable|Close Combat
|
|-weather|none
|upkeep
|turn|10
|
|t:|1782605814
|move|p2a: Rooibos Dos|Fake Out|p1b: UwU So Scary!
|-damage|p1b: UwU So Scary!|94/100
|move|p1a: BSR Pill|Dire Claw|p2a: Rooibos Dos
|-damage|p2a: Rooibos Dos|0 fnt
|faint|p2a: Rooibos Dos
|move|p2b: Ghost Ginger|Shadow Ball|p1a: BSR Pill
|-damage|p1a: BSR Pill|0 fnt
|faint|p1a: BSR Pill
|cant|p1b: UwU So Scary!|flinch
|
|upkeep
|
|t:|1782605825
|switch|p1a: Sippy Cup|Sinistcha, L50|94/100
|switch|p2a: Silver Gate|Archaludon, L50, F|100/100
|-heal|p1b: UwU So Scary!|100/100|[from] ability: Hospitality|[of] p1a: Sippy Cup
|turn|11
|c|έαΗfr3aky b1lly|zard floette isnt even big six anymore its this fuckass bridge
|inactive|fr3aky b1lly has 30 seconds left.
|inactive|fr3aky b1lly has 20 seconds left.
|c|έαΗTimidThunderWave|Respectfully it might just be a team thing
|inactive|fr3aky b1lly has 15 seconds left.
|inactive|fr3aky b1lly has 10 seconds left.
|
|t:|1782605874
|move|p2b: Ghost Ginger|Shadow Ball|p1a: Sippy Cup
|-supereffective|p1a: Sippy Cup|1
|-damage|p1a: Sippy Cup|3/100
|-enditem|p1a: Sippy Cup|Sitrus Berry|[eat]
|-heal|p1a: Sippy Cup|28/100|[from] item: Sitrus Berry
|move|p2a: Silver Gate|Dragon Pulse|p1a: Sippy Cup
|-damage|p1a: Sippy Cup|0 fnt
|faint|p1a: Sippy Cup
|move|p1b: UwU So Scary!|Darkest Lariat|p2b: Ghost Ginger
|-supereffective|p2b: Ghost Ginger|1
|-damage|p2b: Ghost Ginger|0 fnt
|faint|p2b: Ghost Ginger
|
|upkeep
|c|έαΗfr3aky b1lly|imean there's variants obviously
|
|t:|1782605897
|switch|p2b: Tea Frog|Politoed, L50, F|32/100
|-weather|RainDance|[from] ability: Drizzle|[of] p2b: Tea Frog
|turn|12
|c|έαΗfr3aky b1lly|but in general that one screens rain team just never loses
|
|t:|1782605911
|move|p2b: Tea Frog|Weather Ball|p1b: UwU So Scary!
|-supereffective|p1b: UwU So Scary!|1
|-enditem|p1b: UwU So Scary!|Passho Berry|[eat]
|-enditem|p1b: UwU So Scary!|Passho Berry|[weaken]
|-damage|p1b: UwU So Scary!|58/100
|move|p2a: Silver Gate|Electro Shot||[still]
|-prepare|p2a: Silver Gate|Electro Shot
|-boost|p2a: Silver Gate|spa|1
|-anim|p2a: Silver Gate|Electro Shot|p1b: UwU So Scary!
|-damage|p1b: UwU So Scary!|2/100
|move|p1b: UwU So Scary!|Darkest Lariat|p2b: Tea Frog
|-damage|p2b: Tea Frog|0 fnt
|faint|p2b: Tea Frog
|
|-weather|RainDance|[upkeep]
|upkeep
|turn|13
|c|έαΗTimidThunderWave|If you insist
|-message|fr3aky b1lly forfeited.
|
|win|TimidThunderWave
|l|έαΗfr3aky b1lly
|player|p1|
