|j|☆Foffa
|j|☆Slo-mmo-o
|html|FoffaSlo-mmo-o    
|uhtml|bestof|Game 3 of a best-of-3
|t:|1756907294
|gametype|doubles
|player|p1|Foffa|266|1307
|player|p2|Slo-mmo-o|lucas|1378
|gen|9
|tier|[Gen 9] VGC 2025 Reg H (Bo3)
|rated|
|rule|Species Clause: Limit one of each Pokémon
|rule|Item Clause: Limit 1 of each item
|clearpoke
|poke|p1|Chesnaught, L50, M|
|poke|p1|Ninetales-Alola, L50, F|
|poke|p1|Incineroar, L50, F|
|poke|p1|Gholdengo, L50|
|poke|p1|Garchomp, L50, F|
|poke|p1|Glimmora, L50, M|
|poke|p2|Kommo-o, L50, F|
|poke|p2|Ninetales-Alola, L50, F|
|poke|p2|Rillaboom, L50, M|
|poke|p2|Electabuzz, L50, M|
|poke|p2|Annihilape, L50, M|
|poke|p2|Kingambit, L50, F|
|teampreview|4
|showteam|p1|Chesnaught||Leftovers|Bulletproof|SpikyShield,IronDefense,BodyPress,LeechSeed|||M|||50|,,,,,Steel]Ninetales-Alola||LightClay|SnowWarning|Protect,AuroraVeil,Blizzard,IcyWind|||F|||50|,,,,,Fire]Incineroar||RockyHelmet|Intimidate|FlareBlitz,FakeOut,KnockOff,PartingShot|||F|||50|,,,,,Fairy]Gholdengo||ChoiceScarf|GoodasGold|MakeItRain,ShadowBall,Trick,PowerGem||||||50|,,,,,Steel]Garchomp||ClearAmulet|RoughSkin|DragonClaw,Protect,StompingTantrum,Earthquake|||F|||50|,,,,,Fire]Glimmora||AssaultVest|ToxicDebris|PowerGem,EarthPower,SludgeBomb,MortalSpin|||M|||50|,,,,,Grass
|showteam|p2|Kommo-o||LifeOrb|Soundproof|ClangingScales,AuraSphere,Flamethrower,Protect|||F|||50|,,,,,Fire]Ninetales-Alola||NeverMeltIce|SnowWarning|Blizzard,FreezeDry,Encore,Protect|||F|||50|,,,,,Ice]Rillaboom||AssaultVest|GrassySurge|WoodHammer,GrassyGlide,HighHorsepower,FakeOut|||M|||50|,,,,,Ghost]Electabuzz||Eviolite|VitalSpirit|Electroweb,HelpingHand,FollowMe,Protect|||M|||50|,,,,,Ghost]Annihilape||FocusSash|Defiant|CloseCombat,ShadowClaw,FinalGambit,Taunt|||M|||50|,,,,,Stellar]Kingambit||BlackGlasses|Defiant|KowtowCleave,SuckerPunch,SwordsDance,Protect|||F|||50|,,,,,Dark
|
|t:|1756907335
|teamsize|p1|4
|teamsize|p2|4
|start
|switch|p1a: Garchomp|Garchomp, L50, F|100/100
|switch|p1b: Ninetales|Ninetales-Alola, L50, F|100/100
|switch|p2a: Monkey Gong|Rillaboom, L50, M|100/100
|switch|p2b: Kommodo-Moʻo|Kommo-o, L50, F, shiny|100/100
|-weather|Snowscape|[from] ability: Snow Warning|[of] p1b: Ninetales
|-fieldstart|move: Grassy Terrain|[from] ability: Grassy Surge|[of] p2a: Monkey Gong
|turn|1
|
|t:|1756907377
|switch|p1b: Incineroar|Incineroar, L50, F|100/100
|-ability|p1b: Incineroar|Intimidate|boost
|-unboost|p2a: Monkey Gong|atk|1
|-unboost|p2b: Kommodo-Moʻo|atk|1
|switch|p2a: Lumi|Ninetales-Alola, L50, F, shiny|100/100
|-terastallize|p2b: Kommodo-Moʻo|Fire
|move|p1a: Garchomp|Dragon Claw|p2b: Kommodo-Moʻo
|-damage|p2b: Kommodo-Moʻo|60/100
|move|p2b: Kommodo-Moʻo|Flamethrower|p1b: Incineroar
|-resisted|p1b: Incineroar
|-damage|p1b: Incineroar|75/100
|-damage|p2b: Kommodo-Moʻo|51/100|[from] item: Life Orb
|
|-weather|Snowscape|[upkeep]
|-heal|p2b: Kommodo-Moʻo|57/100|[from] Grassy Terrain
|-heal|p1b: Incineroar|81/100|[from] Grassy Terrain
|upkeep
|turn|2
|
|t:|1756907421
|switch|p2b: Monkey Gong|Rillaboom, L50, M|100/100
|move|p2a: Lumi|Protect|p2a: Lumi
|-singleturn|p2a: Lumi|Protect
|move|p1b: Incineroar|Fake Out|p2a: Lumi
|-activate|p2a: Lumi|move: Protect
|move|p1a: Garchomp|Stomping Tantrum|p2b: Monkey Gong
|-resisted|p2b: Monkey Gong
|-damage|p2b: Monkey Gong|83/100
|
|-weather|Snowscape|[upkeep]
|-heal|p2b: Monkey Gong|89/100|[from] Grassy Terrain
|-heal|p1b: Incineroar|87/100|[from] Grassy Terrain
|upkeep
|turn|3
|
|t:|1756907435
|switch|p1b: Ninetales|Ninetales-Alola, L50, F|100/100
|move|p1a: Garchomp|Protect|p1a: Garchomp
|-singleturn|p1a: Garchomp|Protect
|move|p2a: Lumi|Encore||[still]
|-fail|p2a: Lumi
|move|p2b: Monkey Gong|High Horsepower|p1a: Garchomp
|-activate|p1a: Garchomp|move: Protect
|
|-weather|Snowscape|[upkeep]
|-heal|p2b: Monkey Gong|95/100|[from] Grassy Terrain
|upkeep
|turn|4
|
|t:|1756907455
|switch|p1a: Incineroar|Incineroar, L50, F|87/100
|-ability|p1a: Incineroar|Intimidate|boost
|-unboost|p2a: Lumi|atk|1
|-unboost|p2b: Monkey Gong|atk|1
|move|p1b: Ninetales|Aurora Veil|p1b: Ninetales
|-sidestart|p1: Foffa|move: Aurora Veil
|move|p2a: Lumi|Blizzard|p1a: Incineroar|[spread] p1a,p1b
|-resisted|p1a: Incineroar
|-resisted|p1b: Ninetales
|-damage|p1a: Incineroar|76/100
|-damage|p1b: Ninetales|88/100
|move|p2b: Monkey Gong|High Horsepower|p1a: Incineroar
|-supereffective|p1a: Incineroar
|-damage|p1a: Incineroar|48/100
|-damage|p2b: Monkey Gong|78/100|[from] item: Rocky Helmet|[of] p1a: Incineroar
|
|-weather|Snowscape|[upkeep]
|-heal|p1b: Ninetales|94/100|[from] Grassy Terrain
|-heal|p2b: Monkey Gong|84/100|[from] Grassy Terrain
|-heal|p1a: Incineroar|54/100|[from] Grassy Terrain
|upkeep
|turn|5
|
|t:|1756907491
|switch|p2b: Kommodo-Moʻo|Kommo-o, L50, F, shiny, tera:Fire|57/100
|move|p2a: Lumi|Protect|p2a: Lumi
|-singleturn|p2a: Lumi|Protect
|move|p1b: Ninetales|Blizzard|p2b: Kommodo-Moʻo|[spread] p2b
|-activate|p2a: Lumi|move: Protect
|-resisted|p2b: Kommodo-Moʻo
|-damage|p2b: Kommodo-Moʻo|42/100
|-status|p2b: Kommodo-Moʻo|frz
|move|p1a: Incineroar|Parting Shot|p2a: Lumi
|-activate|p2a: Lumi|move: Protect
|
|-weather|none
|-heal|p1b: Ninetales|100/100|[from] Grassy Terrain
|-heal|p2b: Kommodo-Moʻo|48/100 frz|[from] Grassy Terrain
|-heal|p1a: Incineroar|60/100|[from] Grassy Terrain
|-fieldend|move: Grassy Terrain
|upkeep
|turn|6
|
|t:|1756907518
|move|p1b: Ninetales|Icy Wind|p2a: Lumi|[spread] p2a,p2b
|-resisted|p2a: Lumi
|-resisted|p2b: Kommodo-Moʻo
|-damage|p2a: Lumi|93/100
|-damage|p2b: Kommodo-Moʻo|41/100 frz
|-unboost|p2a: Lumi|spe|1
|-unboost|p2b: Kommodo-Moʻo|spe|1
|move|p2a: Lumi|Encore|p1a: Incineroar
|-start|p1a: Incineroar|Encore
|cant|p2b: Kommodo-Moʻo|frz
|move|p1a: Incineroar|Parting Shot|p2a: Lumi
|-unboost|p2a: Lumi|atk|1
|-unboost|p2a: Lumi|spa|1
|
|t:|1756907540
|switch|p1a: Garchomp|Garchomp, L50, F|100/100|[from] Parting Shot
|
|upkeep
|turn|7
|
|t:|1756907558
|switch|p1b: Incineroar|Incineroar, L50, F|60/100
|-ability|p1b: Incineroar|Intimidate|boost
|-unboost|p2a: Lumi|atk|1
|-unboost|p2b: Kommodo-Moʻo|atk|1
|switch|p2b: Monkey Gong|Rillaboom, L50, M|84/100
|-fieldstart|move: Grassy Terrain|[from] ability: Grassy Surge|[of] p2b: Monkey Gong
|-terastallize|p1a: Garchomp|Fire
|move|p1a: Garchomp|Stomping Tantrum|p2b: Monkey Gong
|-resisted|p2b: Monkey Gong
|-damage|p2b: Monkey Gong|65/100
|move|p2a: Lumi|Blizzard|p1b: Incineroar|[spread] p1a,p1b
|-resisted|p1a: Garchomp
|-resisted|p1b: Incineroar
|-damage|p1a: Garchomp|93/100
|-damage|p1b: Incineroar|53/100
|
|-heal|p1a: Garchomp|99/100|[from] Grassy Terrain
|-heal|p2b: Monkey Gong|71/100|[from] Grassy Terrain
|-heal|p2a: Lumi|99/100|[from] Grassy Terrain
|-heal|p1b: Incineroar|59/100|[from] Grassy Terrain
|upkeep
|turn|8
|
|t:|1756907592
|switch|p1a: Ninetales|Ninetales-Alola, L50, F|100/100
|-weather|Snowscape|[from] ability: Snow Warning|[of] p1a: Ninetales
|move|p2b: Monkey Gong|High Horsepower|p1a: Ninetales
|-damage|p1a: Ninetales|82/100
|move|p2a: Lumi|Blizzard|p1a: Ninetales|[spread] p1a,p1b
|-resisted|p1a: Ninetales
|-resisted|p1b: Incineroar
|-damage|p1a: Ninetales|74/100
|-damage|p1b: Incineroar|52/100
|move|p1b: Incineroar|Knock Off|p2b: Monkey Gong
|-damage|p2b: Monkey Gong|25/100
|-enditem|p2b: Monkey Gong|Assault Vest|[from] move: Knock Off|[of] p1b: Incineroar
|
|-weather|Snowscape|[upkeep]
|-heal|p1a: Ninetales|80/100|[from] Grassy Terrain
|-heal|p2b: Monkey Gong|31/100|[from] Grassy Terrain
|-heal|p2a: Lumi|100/100|[from] Grassy Terrain
|-heal|p1b: Incineroar|58/100|[from] Grassy Terrain
|upkeep
|turn|9
|
|t:|1756907612
|switch|p2b: Kommodo-Moʻo|Kommo-o, L50, F, shiny, tera:Fire|41/100 frz
|move|p1a: Ninetales|Blizzard|p2a: Lumi|[spread] p2a,p2b
|-resisted|p2a: Lumi
|-resisted|p2b: Kommodo-Moʻo
|-damage|p2a: Lumi|87/100
|-damage|p2b: Kommodo-Moʻo|27/100 frz
|move|p2a: Lumi|Blizzard|p1b: Incineroar|[spread] p1a,p1b
|-resisted|p1a: Ninetales
|-resisted|p1b: Incineroar
|-damage|p1a: Ninetales|73/100
|-damage|p1b: Incineroar|50/100
|move|p1b: Incineroar|Flare Blitz|p2a: Lumi
|-supereffective|p2a: Lumi
|-damage|p2a: Lumi|0 fnt
|faint|p2a: Lumi
|-damage|p1b: Incineroar|28/100|[from] Recoil
|
|-weather|Snowscape|[upkeep]
|-heal|p1a: Ninetales|79/100|[from] Grassy Terrain
|-heal|p2b: Kommodo-Moʻo|33/100 frz|[from] Grassy Terrain
|-heal|p1b: Incineroar|34/100|[from] Grassy Terrain
|upkeep
|
|t:|1756907626
|switch|p2a: Queen Goober|Kingambit, L50, F, shiny|100/100
|turn|10
|
|t:|1756907655
|move|p2a: Queen Goober|Sucker Punch|p1b: Incineroar
|-resisted|p1b: Incineroar
|-damage|p1b: Incineroar|20/100
|-damage|p2a: Queen Goober|84/100|[from] item: Rocky Helmet|[of] p1b: Incineroar
|move|p1a: Ninetales|Blizzard|p2b: Kommodo-Moʻo|[spread] p2a,p2b
|-resisted|p2a: Queen Goober
|-resisted|p2b: Kommodo-Moʻo
|-damage|p2a: Queen Goober|71/100
|-damage|p2b: Kommodo-Moʻo|19/100 frz
|cant|p2b: Kommodo-Moʻo|frz
|move|p1b: Incineroar|Knock Off|p2a: Queen Goober
|-resisted|p2a: Queen Goober
|-damage|p2a: Queen Goober|55/100
|-enditem|p2a: Queen Goober|Black Glasses|[from] move: Knock Off|[of] p1b: Incineroar
|
|-weather|Snowscape|[upkeep]
|-heal|p1a: Ninetales|85/100|[from] Grassy Terrain
|-heal|p2b: Kommodo-Moʻo|25/100 frz|[from] Grassy Terrain
|-heal|p1b: Incineroar|26/100|[from] Grassy Terrain
|-heal|p2a: Queen Goober|61/100|[from] Grassy Terrain
|upkeep
|turn|11
|
|t:|1756907675
|move|p2a: Queen Goober|Protect|p2a: Queen Goober
|-singleturn|p2a: Queen Goober|Protect
|move|p1a: Ninetales|Blizzard|p2b: Kommodo-Moʻo|[spread] p2b
|-activate|p2a: Queen Goober|move: Protect
|-resisted|p2b: Kommodo-Moʻo
|-damage|p2b: Kommodo-Moʻo|12/100 frz
|cant|p2b: Kommodo-Moʻo|frz
|move|p1b: Incineroar|Knock Off|p2b: Kommodo-Moʻo
|-damage|p2b: Kommodo-Moʻo|0 fnt
|-enditem|p2b: Kommodo-Moʻo|Life Orb|[from] move: Knock Off|[of] p1b: Incineroar
|faint|p2b: Kommodo-Moʻo
|
|-weather|Snowscape|[upkeep]
|-heal|p1a: Ninetales|91/100|[from] Grassy Terrain
|-heal|p1b: Incineroar|32/100|[from] Grassy Terrain
|-heal|p2a: Queen Goober|67/100|[from] Grassy Terrain
|-sideend|p1: Foffa|move: Aurora Veil
|-fieldend|move: Grassy Terrain
|upkeep
|
|t:|1756907681
|switch|p2b: Monkey Gong|Rillaboom, L50, M|31/100
|-fieldstart|move: Grassy Terrain|[from] ability: Grassy Surge|[of] p2b: Monkey Gong
|turn|12
|-message|Slo-mmo-o forfeited.
|
|win|Foffa
|raw|Foffa's rating: 1307 → 1331(+24 for winning)
|raw|Slo-mmo-o's rating: 1378 → 1354(-24 for losing)
|l|☆Foffa
|player|p1|
