|j|☆majinbuu22
|j|☆JCOdyssey
|html|majinbuu22JCOdyssey    
|uhtml|bestof|Game 2 of a best-of-3
|t:|1786142458
|gametype|doubles
|player|p1|majinbuu22|169|
|player|p2|JCOdyssey|bianca|
|gen|9
|tier|[Gen 9 Champions] VGC 2026 Reg M-B (Bo3)
|rule|Species Clause: Limit one of each Pokémon
|rule|Item Clause: Limit 1 of each item
|clearpoke
|poke|p1|Whimsicott, L50, M|
|poke|p1|Staraptor, L50, M|
|poke|p1|Gholdengo, L50|
|poke|p1|Garchomp, L50, M|
|poke|p1|Drampa, L50, F|
|poke|p1|Tauros-Paldea-Aqua, L50, M|
|poke|p2|Primarina, L50, F|
|poke|p2|Sableye, L50, F|
|poke|p2|Crabominable, L50, M|
|poke|p2|Staraptor, L50, M|
|poke|p2|Gallade, L50, M|
|poke|p2|Tinkaton, L50, F|
|teampreview|4
|showteam|p1|Whimsicott||FocusSash|Prankster|Encore,TrickRoom,Charm,Moonblast|Bold||M|||50|]Staraptor||Staraptite|Intimidate|CloseCombat,Protect,BrickBreak,BraveBird|Adamant||M|||50|]Gholdengo||LifeOrb|GoodasGold|MakeItRain,ShadowBall,Protect,NastyPlot|Modest|||||50|]Garchomp||SitrusBerry|RoughSkin|SwordsDance,Earthquake,ThunderFang,Protect|Adamant||M|||50|]Drampa||MentalHerb|CloudNine|Thunderbolt,HyperVoice,DracoMeteor,Protect|Modest||F|||50|]Tauros-Paldea-Aqua||MysticWater|Intimidate|Protect,WaveCrash,CloseCombat,HighHorsepower|Adamant||M|||50|
|showteam|p2|Primarina||FairyFeather|LiquidVoice|PsychicNoise,Moonblast,DazzlingGleam,Protect|Quiet||F|||50|]Sableye||FocusSash|Prankster|FakeOut,FoulPlay,Taunt,WillOWisp|Careful||F|||50|]Crabominable||Crabominite|HyperCutter|Protect,IceHammer,DrainPunch,KnockOff|Brave||M|||50|]Staraptor||ChoiceScarf|Intimidate|BraveBird,BlazeKick,Uturn,Swagger|Adamant||M|||50|]Gallade||WhiteHerb|Sharpness|PsychoCut,NightSlash,TrickRoom,Protect|Brave||M|||50|]Tinkaton||ShucaBerry|MoldBreaker|FakeOut,GigatonHammer,Encore,Protect|Adamant||F|||50|
|j| Cantoc
|j| Bill Candy X
|
|t:|1786142519
|teamsize|p1|4
|teamsize|p2|4
|start
|switch|p1a: Garchomp|Garchomp, L50, M|100/100
|switch|p1b: Gholdengo|Gholdengo, L50|100/100
|switch|p2a: just a lil guy|Sableye, L50, F|100/100
|switch|p2b: grl w/the ♂ symbol|Gallade, L50, M|100/100
|turn|1
|l| Bill Candy X
|j| Bill Candy X
|
|t:|1786142662
|switch|p1a: Whimsicott|Whimsicott, L50, M|100/100
|move|p2a: just a lil guy|Will-O-Wisp|p1a: Whimsicott
|-status|p1a: Whimsicott|brn
|move|p1b: Gholdengo|Nasty Plot|p1b: Gholdengo
|-boost|p1b: Gholdengo|spa|2
|move|p2b: grl w/the ♂ symbol|Trick Room|p2b: grl w/the ♂ symbol
|-fieldstart|move: Trick Room|[of] p2b: grl w/the ♂ symbol
|
|-damage|p1a: Whimsicott|94/100 brn|[from] brn
|upkeep
|turn|2
|
|t:|1786142704
|move|p2a: just a lil guy|Taunt|p1a: Whimsicott
|-start|p1a: Whimsicott|move: Taunt
|move|p2b: grl w/the ♂ symbol|Night Slash|p1b: Gholdengo
|-supereffective|p1b: Gholdengo|1
|-damage|p1b: Gholdengo|4/100
|move|p1b: Gholdengo|Make It Rain|p2b: grl w/the ♂ symbol|[spread] p2a,p2b
|-enditem|p2a: just a lil guy|Focus Sash
|-damage|p2a: just a lil guy|1/100
|-damage|p2b: grl w/the ♂ symbol|0 fnt
|-unboost|p1b: Gholdengo|spa|2
|faint|p2b: grl w/the ♂ symbol
|-damage|p1b: Gholdengo|0 fnt|[from] item: Life Orb
|faint|p1b: Gholdengo
|cant|p1a: Whimsicott|move: Taunt|Trick Room
|
|-damage|p1a: Whimsicott|88/100 brn|[from] brn
|upkeep
|l| Bill Candy X
|j| Bill Candy X
|
|t:|1786142761
|switch|p2b: americrab 250|Crabominable, L50, M|100/100
|switch|p1b: Garchomp|Garchomp, L50, M|100/100
|turn|3
|
|t:|1786142822
|move|p1b: Garchomp|Protect|p1b: Garchomp
|-singleturn|p1b: Garchomp|Protect
|move|p2a: just a lil guy|Will-O-Wisp|p1b: Garchomp
|-activate|p1b: Garchomp|move: Protect
|move|p2b: americrab 250|Ice Hammer|p1a: Whimsicott
|-supereffective|p1a: Whimsicott|1
|-damage|p1a: Whimsicott|0 fnt
|-unboost|p2b: americrab 250|spe|1
|faint|p1a: Whimsicott
|
|upkeep
|
|t:|1786142833
|switch|p1a: Staraptor|Staraptor, L50, M|100/100
|-ability|p1a: Staraptor|Intimidate|boost
|-unboost|p2a: just a lil guy|atk|1
|-fail|p2b: americrab 250|unboost|Attack|[from] ability: Hyper Cutter|[of] p2b: americrab 250
|turn|4
|l| Bill Candy X
|j| Bill Candy X
|
|t:|1786142866
|detailschange|p2b: americrab 250|Crabominable-Mega, L50, M
|-mega|p2b: americrab 250|Crabominable|Crabominite
|detailschange|p1a: Staraptor|Staraptor-Mega, L50, M
|-mega|p1a: Staraptor|Staraptor|Staraptite
|move|p1a: Staraptor|Protect|p1a: Staraptor
|-singleturn|p1a: Staraptor|Protect
|move|p2a: just a lil guy|Will-O-Wisp|p1a: Staraptor
|-activate|p1a: Staraptor|move: Protect
|move|p2b: americrab 250|Ice Hammer|p1b: Garchomp
|-supereffective|p1b: Garchomp|2
|-damage|p1b: Garchomp|0 fnt
|-unboost|p2b: americrab 250|spe|1
|-damage|p2b: americrab 250|87/100|[from] ability: Rough Skin|[of] p1b: Garchomp
|faint|p1b: Garchomp
|
|upkeep
|turn|5
|c| Bill Candy X|Yooo crab gaming
|
|t:|1786142899
|move|p1a: Staraptor|Protect||[still]
|-fail|p1a: Staraptor
|move|p2a: just a lil guy|Will-O-Wisp|p1a: Staraptor
|-status|p1a: Staraptor|brn
|move|p2b: americrab 250|Ice Hammer|p1a: Staraptor
|-supereffective|p1a: Staraptor|1
|-damage|p1a: Staraptor|0 fnt
|-unboost|p2b: americrab 250|spe|1
|faint|p1a: Staraptor
|
|win|JCOdyssey
|l| Bill Candy X
||majinbuu22 is ready for game 3.
|inactive|JCOdyssey has 30 seconds to confirm battle start!
||JCOdyssey is ready for game 3.
|uhtml|next|Next: Game 3 of 3
|j| Bill Candy X
