|j|☆WashYoButt
|j|☆Polite Peony
|html|WashYoButtPolite Peony    
|uhtml|bestof|Game 3 of a best-of-3
|t:|1757097375
|gametype|doubles
|player|p1|WashYoButt|ariana|1074
|player|p2|Polite Peony|lady|1161
|gen|9
|tier|[Gen 9] VGC 2025 Reg H (Bo3)
|rated|
|rule|Species Clause: Limit one of each Pokémon
|rule|Item Clause: Limit 1 of each item
|clearpoke
|poke|p1|Talonflame, L50, M|
|poke|p1|Sneasler, L50, M|
|poke|p1|Gholdengo, L50|
|poke|p1|Ursaluna-Bloodmoon, L50, M|
|poke|p1|Ninetales-Alola, L50, M|
|poke|p1|Milotic, L50, M|
|poke|p2|Gholdengo, L50|
|poke|p2|Whimsicott, L50, F|
|poke|p2|Indeedee, L50, M|
|poke|p2|Archaludon, L50, M|
|poke|p2|Ursaluna-Bloodmoon, L50, M|
|poke|p2|Sneasler, L50, F|
|teampreview|4
|showteam|p1|Talonflame||CovertCloak|GaleWings|Tailwind,FlareBlitz,BraveBird,Taunt|||M|||50|,,,,,Grass]Sneasler||FocusSash|Unburden|Protect,DireClaw,CloseCombat,ThroatChop|||M|||50|,,,,,Stellar]Gholdengo||Leftovers|GoodasGold|Protect,NastyPlot,MakeItRain,ShadowBall||||||50|,,,,,Dragon]Ursaluna-Bloodmoon||ThroatSpray|MindsEye|Protect,HyperVoice,BloodMoon,EarthPower|||M|||50|,,,,,Normal]Ninetales-Alola||NeverMeltIce|SnowWarning|Protect,Blizzard,FreezeDry,Moonblast|||M|||50|,,,,,Ghost]Milotic||SitrusBerry|Competitive|Protect,Haze,Scald,IceBeam|||M|||50|,,,,,Grass
|showteam|p2|Gholdengo||ChoiceSpecs|GoodasGold|MakeItRain,DazzlingGleam,ShadowBall,Trick||||||50|,,,,,Fairy]Whimsicott||CovertCloak|Prankster|Moonblast,FakeTears,Tailwind,Taunt|||F|||50|,,,,,Water]Indeedee||FocusSash|PsychicSurge|ExpandingForce,Imprison,TeraBlast,TrickRoom|||M|||50|,,,,,Psychic]Archaludon||PowerHerb|Stalwart|Protect,DragonPulse,ElectroShot,Thunderbolt|||M|||50|,,,,,Electric]Ursaluna-Bloodmoon||LifeOrb|MindsEye|Protect,BloodMoon,EarthPower,HyperVoice|||M|||50|,,,,,Normal]Sneasler||PsychicSeed|Unburden|Protect,CloseCombat,DireClaw,ThroatChop|||F|||50|,,,,,Dark
|
|t:|1757097390
|teamsize|p1|4
|teamsize|p2|4
|start
|switch|p1a: Talonflame|Talonflame, L50, M|100/100
|switch|p1b: Ninetales|Ninetales-Alola, L50, M|100/100
|switch|p2a: Archaludon|Archaludon, L50, M, shiny|100/100
|switch|p2b: Whimsicott|Whimsicott, L50, F|100/100
|-weather|Snowscape|[from] ability: Snow Warning|[of] p1b: Ninetales
|turn|1
|inactive|Battle timer is ON: inactive players will automatically lose when time's up. (requested by WashYoButt)
|inactive|Polite Peony has 60 seconds left.
|
|t:|1757097440
|-terastallize|p2b: Whimsicott|Water
|move|p1a: Talonflame|Brave Bird|p2b: Whimsicott
|-damage|p2b: Whimsicott|46/100
|-damage|p1a: Talonflame|81/100|[from] Recoil
|move|p2b: Whimsicott|Fake Tears|p1b: Ninetales
|-unboost|p1b: Ninetales|spd|2
|move|p1b: Ninetales|Blizzard|p2a: Archaludon|[spread] p2a,p2b
|-resisted|p2b: Whimsicott
|-damage|p2a: Archaludon|43/100
|-damage|p2b: Whimsicott|19/100
|move|p2a: Archaludon|Electro Shot||[still]
|-prepare|p2a: Archaludon|Electro Shot
|-boost|p2a: Archaludon|spa|1
|-enditem|p2a: Archaludon|Power Herb
|-anim|p2a: Archaludon|Electro Shot|p1b: Ninetales
|-damage|p1b: Ninetales|0 fnt
|faint|p1b: Ninetales
|
|-weather|Snowscape|[upkeep]
|upkeep
|
|t:|1757097454
|switch|p1b: Ursaluna|Ursaluna-Bloodmoon, L50, M|100/100
|turn|2
|
|t:|1757097473
|move|p1b: Ursaluna|Protect|p1b: Ursaluna
|-singleturn|p1b: Ursaluna|Protect
|move|p2b: Whimsicott|Tailwind|p2b: Whimsicott
|-sidestart|p2: Polite Peony|move: Tailwind
|move|p2a: Archaludon|Thunderbolt|p1a: Talonflame
|-supereffective|p1a: Talonflame
|-crit|p1a: Talonflame
|-damage|p1a: Talonflame|0 fnt
|faint|p1a: Talonflame
|
|-weather|Snowscape|[upkeep]
|upkeep
|
|t:|1757097480
|switch|p1a: Gholdengo|Gholdengo, L50|100/100
|turn|3
|
|t:|1757097498
|move|p2b: Whimsicott|Fake Tears|p1b: Ursaluna
|-unboost|p1b: Ursaluna|spd|2
|move|p2a: Archaludon|Dragon Pulse|p1b: Ursaluna
|-damage|p1b: Ursaluna|0 fnt
|faint|p1b: Ursaluna
|move|p1a: Gholdengo|Nasty Plot|p1a: Gholdengo
|-boost|p1a: Gholdengo|spa|2
|
|-weather|Snowscape|[upkeep]
|upkeep
|turn|4
|
|t:|1757097509
|move|p2b: Whimsicott|Moonblast|p1a: Gholdengo
|-resisted|p1a: Gholdengo
|-damage|p1a: Gholdengo|88/100
|move|p2a: Archaludon|Thunderbolt|p1a: Gholdengo
|-damage|p1a: Gholdengo|46/100
|move|p1a: Gholdengo|Shadow Ball|p2a: Archaludon
|-damage|p2a: Archaludon|0 fnt
|faint|p2a: Archaludon
|
|-weather|Snowscape|[upkeep]
|-heal|p1a: Gholdengo|53/100|[from] item: Leftovers
|upkeep
|
|t:|1757097513
|switch|p2a: Sneasler|Sneasler, L50, F|100/100
|turn|5
|
|t:|1757097520
|switch|p2b: Indeedee|Indeedee, L50, M|100/100
|-fieldstart|move: Psychic Terrain|[from] ability: Psychic Surge|[of] p2b: Indeedee
|-enditem|p2a: Sneasler|Psychic Seed
|-boost|p2a: Sneasler|spd|1|[from] item: Psychic Seed
|move|p1a: Gholdengo|Protect|p1a: Gholdengo
|-singleturn|p1a: Gholdengo|Protect
|move|p2a: Sneasler|Throat Chop|p1a: Gholdengo
|-activate|p1a: Gholdengo|move: Protect
|
|-weather|none
|-heal|p1a: Gholdengo|59/100|[from] item: Leftovers
|-sideend|p2: Polite Peony|move: Tailwind
|upkeep
|turn|6
|
|t:|1757097527
|-terastallize|p1a: Gholdengo|Dragon
|move|p2a: Sneasler|Throat Chop|p1a: Gholdengo
|-damage|p1a: Gholdengo|37/100
|-start|p1a: Gholdengo|Throat Chop|[silent]
|move|p2b: Indeedee|Expanding Force|p1a: Gholdengo
|-damage|p1a: Gholdengo|0 fnt
|faint|p1a: Gholdengo
|
|win|Polite Peony
|raw|WashYoButt's rating: 1074 → 1058(-16 for losing)
|raw|Polite Peony's rating: 1161 → 1180(+19 for winning)
|l|☆WashYoButt
|player|p1|
