|j|☆epicfailtesting
|j|☆JakAttack626
|html|epicfailtestingJakAttack626    
|uhtml|bestof|Game 1 of a best-of-3
|t:|1756683844
|gametype|doubles
|player|p1|epicfailtesting|102|1055
|player|p2|JakAttack626|blue|1077
|gen|9
|tier|[Gen 9] VGC 2025 Reg H (Bo3)
|rated|
|rule|Species Clause: Limit one of each Pokémon
|rule|Item Clause: Limit 1 of each item
|clearpoke
|poke|p1|Annihilape, L50, F|
|poke|p1|Sinistcha, L50|
|poke|p1|Maushold-Four, L50|
|poke|p1|Klefki, L50, F|
|poke|p1|Ursaluna-Bloodmoon, L50, M|
|poke|p1|Ninetales-Alola, L50, F|
|poke|p2|Ursaluna, L50, F|
|poke|p2|Gholdengo, L50|
|poke|p2|Porygon2, L50|
|poke|p2|Amoonguss, L50, M|
|poke|p2|Incineroar, L50, M|
|poke|p2|Hydreigon, L50, F|
|teampreview|4
|showteam|p1|Annihilape||Leftovers|Defiant|Protect,BulkUp,DrainPunch,RageFist|||F|||50|,,,,,Fire]Sinistcha||SitrusBerry|Hospitality|MatchaGotcha,TrickRoom,LifeDew,RagePowder||||||50|,,,,,Water]Maushold-Four||SafetyGoggles|FriendGuard|FollowMe,Taunt,BeatUp,Protect||||||50|,,,,,Ghost]Klefki||LightClay|Prankster|Reflect,LightScreen,MistyTerrain,DazzlingGleam|||F|||50|,,,,,Ghost]Ursaluna-Bloodmoon||AssaultVest|MindsEye|BloodMoon,HyperVoice,EarthPower,VacuumWave|||M|||50|,,,,,Water]Ninetales-Alola||FocusSash|SnowWarning|Protect,Encore,FreezeDry,Blizzard|||F|||50|,,,,,Ghost
|showteam|p2|Ursaluna||FlameOrb|Guts|Facade,Earthquake,HeadlongRush,Protect|||F|||50|,,,,,Ghost]Gholdengo||LifeOrb|GoodasGold|MakeItRain,ShadowBall,NastyPlot,Protect||||||50|,,,,,Water]Porygon2||Eviolite|Download|TeraBlast,IceBeam,Recover,TrickRoom||||||50|,,,,,Fighting]Amoonguss||CovertCloak|Regenerator|PollenPuff,ClearSmog,RagePowder,Spore|||M|||50|,,,,,Water]Incineroar||SitrusBerry|Intimidate|FakeOut,FlareBlitz,KnockOff,PartingShot|||M|||50|,,,,,Ghost]Hydreigon||SafetyGoggles|Levitate|DracoMeteor,Snarl,Tailwind,Protect|||F|||50|,,,,,Ghost
|inactive|Battle timer is ON: inactive players will automatically lose when time's up. (requested by epicfailtesting)
|c|☆JakAttack626|glhf
|c|☆epicfailtesting|u2
|inactive|JakAttack626 has 60 seconds left.
|inactive|epicfailtesting has 30 seconds left.
|
|t:|1756683909
|teamsize|p1|4
|teamsize|p2|4
|start
|switch|p1a: Ninetales|Ninetales-Alola, L50, F, shiny|100/100
|switch|p1b: Ursaluna|Ursaluna-Bloodmoon, L50, M|100/100
|switch|p2a: Amoonguss|Amoonguss, L50, M|100/100
|switch|p2b: Gholdengo|Gholdengo, L50|100/100
|-weather|Snowscape|[from] ability: Snow Warning|[of] p1a: Ninetales
|turn|1
|inactive|epicfailtesting has 30 seconds left.
|inactive|JakAttack626 has 30 seconds left.
|inactive|JakAttack626 has 20 seconds left.
|inactive|JakAttack626 has 15 seconds left.
|inactive|epicfailtesting has 20 seconds left.
|inactive|JakAttack626 has 10 seconds left.
|
|t:|1756683956
|-terastallize|p1b: Ursaluna|Water
|move|p1a: Ninetales|Blizzard|p2b: Gholdengo|[spread] p2a,p2b
|-supereffective|p2a: Amoonguss
|-resisted|p2b: Gholdengo
|-damage|p2a: Amoonguss|48/100
|-damage|p2b: Gholdengo|84/100
|-status|p2b: Gholdengo|frz
|cant|p2b: Gholdengo|frz
|move|p1b: Ursaluna|Hyper Voice|p2a: Amoonguss|[spread] p2a,p2b
|-resisted|p2b: Gholdengo
|-damage|p2a: Amoonguss|21/100
|-damage|p2b: Gholdengo|63/100 frz
|move|p2a: Amoonguss|Spore|p1b: Ursaluna
|-status|p1b: Ursaluna|slp|[from] move: Spore
|
|-weather|Snowscape|[upkeep]
|upkeep
|turn|2
|
|t:|1756683978
|switch|p2a: Porygon2|Porygon2, L50|100/100
|-ability|p2a: Porygon2|Download|boost
|-boost|p2a: Porygon2|spa|1
|move|p1a: Ninetales|Blizzard|p2a: Porygon2|[spread] p2a,p2b
|-resisted|p2b: Gholdengo
|-damage|p2a: Porygon2|81/100
|-damage|p2b: Gholdengo|47/100 frz
|cant|p2b: Gholdengo|frz
|cant|p1b: Ursaluna|slp
|
|-weather|Snowscape|[upkeep]
|upkeep
|turn|3
|
|t:|1756683999
|move|p1a: Ninetales|Blizzard|p2a: Porygon2|[spread] p2a,p2b
|-resisted|p2b: Gholdengo
|-damage|p2a: Porygon2|62/100
|-damage|p2b: Gholdengo|28/100 frz
|cant|p2b: Gholdengo|frz
|-curestatus|p1b: Ursaluna|slp|[msg]
|move|p1b: Ursaluna|Blood Moon|p2b: Gholdengo
|-resisted|p2b: Gholdengo
|-damage|p2b: Gholdengo|0 fnt
|faint|p2b: Gholdengo
|move|p2a: Porygon2|Trick Room|p2a: Porygon2
|-fieldstart|move: Trick Room|[of] p2a: Porygon2
|
|-weather|Snowscape|[upkeep]
|upkeep
|
|t:|1756684009
|switch|p2b: Amoonguss|Amoonguss, L50, M|54/100
|turn|4
|
|t:|1756684023
|switch|p1b: Sinistcha|Sinistcha, L50|100/100
|move|p2b: Amoonguss|Spore|p1a: Ninetales
|-status|p1a: Ninetales|slp|[from] move: Spore
|move|p2a: Porygon2|Recover|p2a: Porygon2
|-heal|p2a: Porygon2|100/100
|cant|p1a: Ninetales|slp
|
|-weather|Snowscape|[upkeep]
|upkeep
|turn|5
|
|t:|1756684045
|move|p2b: Amoonguss|Clear Smog|p1a: Ninetales
|-supereffective|p1a: Ninetales
|-damage|p1a: Ninetales|60/100 slp
|-clearboost|p1a: Ninetales
|move|p1b: Sinistcha|Matcha Gotcha|p2a: Porygon2|[spread] p2a,p2b
|-resisted|p2b: Amoonguss
|-damage|p2a: Porygon2|85/100
|-damage|p2b: Amoonguss|49/100
|move|p2a: Porygon2|Ice Beam|p1b: Sinistcha
|-supereffective|p1b: Sinistcha
|-damage|p1b: Sinistcha|25/100
|-enditem|p1b: Sinistcha|Sitrus Berry|[eat]
|-heal|p1b: Sinistcha|50/100|[from] item: Sitrus Berry
|cant|p1a: Ninetales|slp
|
|-weather|none
|upkeep
|turn|6
|
|t:|1756684069
|-curestatus|p1a: Ninetales|slp|[msg]
|move|p1a: Ninetales|Protect|p1a: Ninetales
|-singleturn|p1a: Ninetales|Protect
|move|p2b: Amoonguss|Clear Smog|p1a: Ninetales
|-activate|p1a: Ninetales|move: Protect
|move|p1b: Sinistcha|Life Dew|p1b: Sinistcha|[spread] p1a,p1b
|-heal|p1a: Ninetales|85/100
|-heal|p1b: Sinistcha|75/100
|move|p2a: Porygon2|Ice Beam|p1b: Sinistcha
|-supereffective|p1b: Sinistcha
|-damage|p1b: Sinistcha|0 fnt
|faint|p1b: Sinistcha
|
|upkeep
|
|t:|1756684081
|switch|p1b: Klefki|Klefki, L50, F|100/100
|turn|7
|inactive|JakAttack626 has 30 seconds left.
|
|t:|1756684115
|switch|p1a: Ursaluna|Ursaluna-Bloodmoon, L50, M, tera:Water|100/100
|-terastallize|p2a: Porygon2|Fighting
|move|p1b: Klefki|Misty Terrain|p1b: Klefki
|-fieldstart|move: Misty Terrain
|move|p2b: Amoonguss|Clear Smog|p1a: Ursaluna
|-damage|p1a: Ursaluna|90/100
|-clearboost|p1a: Ursaluna
|move|p2a: Porygon2|Tera Blast|p1a: Ursaluna|[anim] Tera Blast Fighting
|-damage|p1a: Ursaluna|54/100
|
|-fieldend|move: Trick Room
|upkeep
|turn|8
|inactive|JakAttack626 has 30 seconds left.
|
|t:|1756684143
|switch|p2b: Hydreigon|Hydreigon, L50, F|100/100
|move|p1b: Klefki|Light Screen|p1b: Klefki
|-sidestart|p1: epicfailtesting|move: Light Screen
|move|p2a: Porygon2|Ice Beam|p1a: Ursaluna
|-resisted|p1a: Ursaluna
|-damage|p1a: Ursaluna|46/100
|move|p1a: Ursaluna|Earth Power|p2a: Porygon2
|-damage|p2a: Porygon2|52/100
|
|upkeep
|turn|9
|
|t:|1756684161
|switch|p1a: Ninetales|Ninetales-Alola, L50, F, shiny|85/100
|-weather|Snowscape|[from] ability: Snow Warning|[of] p1a: Ninetales
|move|p2b: Hydreigon|Snarl|p1a: Ninetales|[spread] p1a,p1b
|-resisted|p1a: Ninetales
|-resisted|p1b: Klefki
|-damage|p1a: Ninetales|77/100
|-damage|p1b: Klefki|95/100
|-unboost|p1a: Ninetales|spa|1
|-unboost|p1b: Klefki|spa|1
|move|p1b: Klefki|Dazzling Gleam|p2b: Hydreigon|[spread] p2a,p2b
|-supereffective|p2a: Porygon2
|-supereffective|p2b: Hydreigon
|-damage|p2a: Porygon2|38/100
|-damage|p2b: Hydreigon|46/100
|move|p2a: Porygon2|Recover|p2a: Porygon2
|-heal|p2a: Porygon2|88/100
|
|-weather|Snowscape|[upkeep]
|upkeep
|turn|10
|inactive|JakAttack626 has 30 seconds left.
|inactive|JakAttack626 has 20 seconds left.
|inactive|JakAttack626 has 15 seconds left.
|
|t:|1756684201
|move|p2b: Hydreigon|Protect|p2b: Hydreigon
|-singleturn|p2b: Hydreigon|Protect
|move|p1a: Ninetales|Blizzard|p2b: Hydreigon|[spread] p2a
|-activate|p2b: Hydreigon|move: Protect
|-damage|p2a: Porygon2|75/100
|move|p1b: Klefki|Dazzling Gleam|p2a: Porygon2|[spread] p2a
|-activate|p2b: Hydreigon|move: Protect
|-supereffective|p2a: Porygon2
|-damage|p2a: Porygon2|63/100
|move|p2a: Porygon2|Ice Beam|p1a: Ninetales
|-resisted|p1a: Ninetales
|-damage|p1a: Ninetales|60/100
|
|-weather|Snowscape|[upkeep]
|upkeep
|turn|11
|
|t:|1756684225
|move|p1a: Ninetales|Blizzard|p2b: Hydreigon|[spread] p2a,p2b
|-supereffective|p2b: Hydreigon
|-damage|p2a: Porygon2|50/100
|-damage|p2b: Hydreigon|0 fnt
|faint|p2b: Hydreigon
|move|p1b: Klefki|Dazzling Gleam|p2a: Porygon2
|-supereffective|p2a: Porygon2
|-damage|p2a: Porygon2|30/100
|move|p2a: Porygon2|Tera Blast|p1a: Ninetales|[anim] Tera Blast Fighting
|-damage|p1a: Ninetales|16/100
|
|-weather|Snowscape|[upkeep]
|-fieldend|Misty Terrain
|upkeep
|
|t:|1756684229
|switch|p2b: Amoonguss|Amoonguss, L50, M|83/100
|turn|12
|
|t:|1756684235
|move|p1a: Ninetales|Blizzard|p2a: Porygon2|[spread] p2a,p2b
|-supereffective|p2b: Amoonguss
|-damage|p2a: Porygon2|19/100
|-damage|p2b: Amoonguss|49/100
|move|p1b: Klefki|Dazzling Gleam|p2a: Porygon2|[spread] p2a,p2b
|-supereffective|p2a: Porygon2
|-resisted|p2b: Amoonguss
|-damage|p2a: Porygon2|5/100
|-damage|p2b: Amoonguss|44/100
|move|p2a: Porygon2|Recover|p2a: Porygon2
|-heal|p2a: Porygon2|55/100
|move|p2b: Amoonguss|Clear Smog|p1a: Ninetales
|-supereffective|p1a: Ninetales
|-damage|p1a: Ninetales|0 fnt
|-clearboost|p1a: Ninetales
|faint|p1a: Ninetales
|
|-weather|Snowscape|[upkeep]
|upkeep
|
|t:|1756684241
|switch|p1a: Ursaluna|Ursaluna-Bloodmoon, L50, M, tera:Water|46/100
|turn|13
|
|t:|1756684259
|move|p1b: Klefki|Misty Terrain|p1b: Klefki
|-fieldstart|move: Misty Terrain
|move|p2a: Porygon2|Ice Beam|p1a: Ursaluna
|-resisted|p1a: Ursaluna
|-crit|p1a: Ursaluna
|-damage|p1a: Ursaluna|28/100
|move|p1a: Ursaluna|Blood Moon|p2b: Amoonguss
|-damage|p2b: Amoonguss|0 fnt
|faint|p2b: Amoonguss
|
|-weather|none
|upkeep
|turn|14
|
|t:|1756684271
|move|p1b: Klefki|Dazzling Gleam|p2a: Porygon2
|-supereffective|p2a: Porygon2
|-damage|p2a: Porygon2|35/100
|move|p2a: Porygon2|Tera Blast|p1a: Ursaluna|[anim] Tera Blast Fighting
|-damage|p1a: Ursaluna|4/100
|move|p1a: Ursaluna|Hyper Voice|p2a: Porygon2
|-damage|p2a: Porygon2|3/100
|
|upkeep
|turn|15
|
|t:|1756684282
|move|p1a: Ursaluna|Vacuum Wave|p2a: Porygon2
|-damage|p2a: Porygon2|0 fnt
|faint|p2a: Porygon2
|
|win|epicfailtesting
