|j|☆DttDMarce
|j|☆Dmb3r
|html|DttDMarceDmb3r    
|uhtml|bestof|Game 1 of a best-of-3
|t:|1783589267
|gametype|doubles
|player|p1|DttDMarce|2|1092
|player|p2|Dmb3r|101|1105
|gen|9
|tier|[Gen 9 Champions] VGC 2026 Reg M-B (Bo3)
|rated|
|rule|Species Clause: Limit one of each Pokémon
|rule|Item Clause: Limit 1 of each item
|clearpoke
|poke|p1|Charizard, L50, F|
|poke|p1|Kingambit, L50, M|
|poke|p1|Sylveon, L50, F|
|poke|p1|Garchomp, L50, M|
|poke|p1|Aerodactyl, L50, F|
|poke|p1|Farigiraf, L50, M|
|poke|p2|Scizor, L50, M|
|poke|p2|Swampert, L50, M|
|poke|p2|Pelipper, L50, M|
|poke|p2|Archaludon, L50, M|
|poke|p2|Incineroar, L50, M|
|poke|p2|Sneasler, L50, F|
|teampreview|4
|showteam|p1|Charizard||CharizarditeY|SolarPower|Protect,HeatWave,SolarBeam,WeatherBall|Modest||F|||50|]Kingambit||FocusSash|Defiant|IronHead,SuckerPunch,KowtowCleave,LowKick|Adamant||M|||50|]Sylveon||FairyFeather|Pixilate|Detect,HyperVoice,HyperBeam,QuickAttack|Modest||F|||50|]Garchomp||LifeOrb|RoughSkin|Protect,DragonClaw,StompingTantrum,RockSlide|Jolly||M|||50|]Aerodactyl||Aerodactylite|RockHead|IceFang,RockSlide,Tailwind,DualWingbeat|Jolly||F|||50|]Farigiraf||SitrusBerry|ArmorTail|TrickRoom,Psychic,Thunder,Roar|Bold||M|||50|
|showteam|p2|Scizor||Scizorite|Technician|BulletPunch,BugBite,SwordsDance,Protect|Adamant||M|||50|]Swampert||Swampertite|Damp|WaveCrash,HighHorsepower,IcePunch,Protect|Adamant||M|||50|]Pelipper||FocusSash|Drizzle|WeatherBall,Hurricane,Tailwind,WideGuard|Timid||M|||50|]Archaludon||Leftovers|Stamina|ElectroShot,DragonPulse,FlashCannon,Protect|Modest||M|||50|]Incineroar||SitrusBerry|Intimidate|FakeOut,FlareBlitz,DarkestLariat,PartingShot|Adamant||M|||50|]Sneasler||WhiteHerb|Unburden|FakeOut,CloseCombat,DireClaw,Coaching|Jolly||F|||50|
|inactive|Battle timer is ON: inactive players will automatically lose when time's up. (requested by Dmb3r)
|
|t:|1783589315
|teamsize|p1|4
|teamsize|p2|4
|start
|switch|p1a: Charizard|Charizard, L50, F|100/100
|switch|p1b: Aerodactyl|Aerodactyl, L50, F|100/100
|switch|p2a: Swampert|Swampert, L50, M|100/100
|switch|p2b: Incineroar|Incineroar, L50, M|100/100
|-ability|p2b: Incineroar|Intimidate|boost
|-unboost|p1a: Charizard|atk|1
|-unboost|p1b: Aerodactyl|atk|1
|turn|1
|
|t:|1783589327
|move|p1a: Charizard|Protect|p1a: Charizard
|-singleturn|p1a: Charizard|Protect
|move|p2a: Swampert|Protect|p2a: Swampert
|-singleturn|p2a: Swampert|Protect
|move|p1b: Aerodactyl|Tailwind|p1b: Aerodactyl
|-sidestart|p1: DttDMarce|move: Tailwind
|move|p2b: Incineroar|Darkest Lariat|p1a: Charizard
|-activate|p1a: Charizard|move: Protect
|
|upkeep
|turn|2
|inactive|DttDMarce has 30 seconds left.
|inactive|Dmb3r has 30 seconds left.
|inactive|DttDMarce has 20 seconds left.
|
|t:|1783589365
|switch|p2a: Archaludon|Archaludon, L50, M|100/100
|detailschange|p1a: Charizard|Charizard-Mega-Y, L50, F
|-mega|p1a: Charizard|Charizard|Charizardite Y
|-weather|SunnyDay|[from] ability: Drought|[of] p1a: Charizard
|move|p1b: Aerodactyl|Ice Fang|p2a: Archaludon
|-damage|p2a: Archaludon|91/100
|-ability|p2a: Archaludon|Stamina|boost
|-boost|p2a: Archaludon|def|1
|move|p1a: Charizard|Solar Beam||[still]
|-prepare|p1a: Charizard|Solar Beam
|-anim|p1a: Charizard|Solar Beam|p2a: Archaludon
|-resisted|p2a: Archaludon|2
|-damage|p2a: Archaludon|81/100
|-ability|p2a: Archaludon|Stamina|boost
|-boost|p2a: Archaludon|def|1
|move|p2b: Incineroar|Darkest Lariat|p1a: Charizard
|-damage|p1a: Charizard|53/100
|
|-weather|SunnyDay|[upkeep]
|-heal|p2a: Archaludon|87/100|[from] item: Leftovers
|upkeep
|turn|3
|inactive|DttDMarce has 30 seconds left.
|inactive|Dmb3r has 30 seconds left.
|inactive|DttDMarce has 20 seconds left.
|
|t:|1783589405
|move|p1a: Charizard|Protect|p1a: Charizard
|-singleturn|p1a: Charizard|Protect
|move|p2a: Archaludon|Protect|p2a: Archaludon
|-singleturn|p2a: Archaludon|Protect
|move|p1b: Aerodactyl|Dual Wingbeat|p2b: Incineroar
|-damage|p2b: Incineroar|89/100
|-damage|p2b: Incineroar|78/100
|-hitcount|p2b: Incineroar|2
|move|p2b: Incineroar|Parting Shot|p1a: Charizard
|-activate|p1a: Charizard|move: Protect
|
|-weather|SunnyDay|[upkeep]
|-heal|p2a: Archaludon|93/100|[from] item: Leftovers
|upkeep
|turn|4
|inactive|DttDMarce has 30 seconds left.
|inactive|DttDMarce has 20 seconds left.
|inactive|DttDMarce has 15 seconds left.
|inactive|DttDMarce has 10 seconds left.
|
|t:|1783589453
|switch|p1a: Sylveon|Sylveon, L50, F|100/100
|switch|p2b: Pelipper|Pelipper, L50, M|100/100
|-weather|RainDance|[from] ability: Drizzle|[of] p2b: Pelipper
|move|p1b: Aerodactyl|Rock Slide|p2a: Archaludon|[spread] p2b
|-miss|p1b: Aerodactyl|p2a: Archaludon
|-supereffective|p2b: Pelipper|1
|-damage|p2b: Pelipper|60/100
|move|p2a: Archaludon|Dragon Pulse|p1a: Sylveon
|-immune|p1a: Sylveon
|
|-weather|RainDance|[upkeep]
|-heal|p2a: Archaludon|99/100|[from] item: Leftovers
|-sideend|p1: DttDMarce|move: Tailwind
|upkeep
|turn|5
|inactive|DttDMarce has 30 seconds left.
|inactive|Dmb3r has 30 seconds left.
|inactive|Dmb3r has 20 seconds left.
|
|t:|1783589489
|move|p1a: Sylveon|Detect|p1a: Sylveon
|-singleturn|p1a: Sylveon|Protect
|move|p2b: Pelipper|Wide Guard|p2b: Pelipper
|-singleturn|p2b: Pelipper|Wide Guard
|move|p1b: Aerodactyl|Rock Slide|p2b: Pelipper|[spread] 
|-activate|p2a: Archaludon|move: Wide Guard
|-activate|p2b: Pelipper|move: Wide Guard
|move|p2a: Archaludon|Flash Cannon|p1b: Aerodactyl
|-supereffective|p1b: Aerodactyl|1
|-damage|p1b: Aerodactyl|1/100
|
|-weather|RainDance|[upkeep]
|-heal|p2a: Archaludon|100/100|[from] item: Leftovers
|upkeep
|turn|6
|
|t:|1783589511
|move|p2a: Archaludon|Protect|p2a: Archaludon
|-singleturn|p2a: Archaludon|Protect
|move|p1b: Aerodactyl|Tailwind|p1b: Aerodactyl
|-sidestart|p1: DttDMarce|move: Tailwind
|move|p1a: Sylveon|Hyper Voice|p2a: Archaludon|[spread] p2b
|-activate|p2a: Archaludon|move: Protect
|-damage|p2b: Pelipper|0 fnt
|faint|p2b: Pelipper
|
|-weather|RainDance|[upkeep]
|upkeep
|
|t:|1783589522
|switch|p2b: Incineroar|Incineroar, L50, M|78/100
|-ability|p2b: Incineroar|Intimidate|boost
|-unboost|p1a: Sylveon|atk|1
|-unboost|p1b: Aerodactyl|atk|1
|turn|7
|inactive|DttDMarce has 30 seconds left.
|inactive|DttDMarce has 20 seconds left.
|
|t:|1783589558
|move|p2b: Incineroar|Fake Out|p1a: Sylveon
|-damage|p1a: Sylveon|83/100
|move|p1b: Aerodactyl|Rock Slide|p2b: Incineroar|[spread] p2a,p2b
|-resisted|p2a: Archaludon|1
|-supereffective|p2b: Incineroar|1
|-damage|p2a: Archaludon|97/100
|-damage|p2b: Incineroar|54/100
|-ability|p2a: Archaludon|Stamina|boost
|-boost|p2a: Archaludon|def|1
|cant|p1a: Sylveon|flinch
|cant|p2a: Archaludon|flinch
|
|-weather|RainDance|[upkeep]
|-heal|p2a: Archaludon|100/100|[from] item: Leftovers
|upkeep
|turn|8
|
|t:|1783589576
|move|p2a: Archaludon|Protect|p2a: Archaludon
|-singleturn|p2a: Archaludon|Protect
|move|p1b: Aerodactyl|Rock Slide|p2b: Incineroar|[spread] 
|-activate|p2a: Archaludon|move: Protect
|-miss|p1b: Aerodactyl|p2b: Incineroar
|move|p1a: Sylveon|Hyper Voice|p2b: Incineroar|[spread] p2b
|-activate|p2a: Archaludon|move: Protect
|-damage|p2b: Incineroar|6/100
|-enditem|p2b: Incineroar|Sitrus Berry|[eat]
|-heal|p2b: Incineroar|31/100|[from] item: Sitrus Berry
|move|p2b: Incineroar|Parting Shot|p1a: Sylveon
|-unboost|p1a: Sylveon|atk|1
|-unboost|p1a: Sylveon|spa|1
|
|t:|1783589591
|switch|p2b: Swampert|Swampert, L50, M|100/100|[from] Parting Shot
|
|-weather|none
|upkeep
|turn|9
|inactive|DttDMarce has 30 seconds left.
|
|t:|1783589622
|detailschange|p2b: Swampert|Swampert-Mega, L50, M
|-mega|p2b: Swampert|Swampert|Swampertite
|move|p1b: Aerodactyl|Rock Slide|p2b: Swampert|[spread] p2a,p2b
|-resisted|p2a: Archaludon|1
|-resisted|p2b: Swampert|1
|-damage|p2a: Archaludon|98/100
|-damage|p2b: Swampert|94/100
|-ability|p2a: Archaludon|Stamina|boost
|-boost|p2a: Archaludon|def|1
|move|p1a: Sylveon|Hyper Beam|p2a: Archaludon
|-damage|p2a: Archaludon|34/100
|-mustrecharge|p1a: Sylveon
|-ability|p2a: Archaludon|Stamina|boost
|-boost|p2a: Archaludon|def|1
|move|p2b: Swampert|High Horsepower|p1a: Sylveon
|-damage|p1a: Sylveon|16/100
|move|p2a: Archaludon|Dragon Pulse|p1b: Aerodactyl
|-damage|p1b: Aerodactyl|0 fnt
|faint|p1b: Aerodactyl
|
|-heal|p2a: Archaludon|40/100|[from] item: Leftovers
|-sideend|p1: DttDMarce|move: Tailwind
|upkeep
|
|t:|1783589639
|switch|p1b: Kingambit|Kingambit, L50, M|100/100
|turn|10
|inactive|DttDMarce has 30 seconds left.
|
|t:|1783589673
|move|p2b: Swampert|High Horsepower|p1b: Kingambit
|-supereffective|p1b: Kingambit|1
|-crit|p1b: Kingambit
|-enditem|p1b: Kingambit|Focus Sash
|-damage|p1b: Kingambit|1/100
|move|p2a: Archaludon|Flash Cannon|p1a: Sylveon
|-supereffective|p1a: Sylveon|1
|-damage|p1a: Sylveon|0 fnt
|faint|p1a: Sylveon
|move|p1b: Kingambit|Kowtow Cleave|p2b: Swampert
|-damage|p2b: Swampert|52/100
|
|-heal|p2a: Archaludon|46/100|[from] item: Leftovers
|upkeep
|
|t:|1783589685
|switch|p1a: Charizard|Charizard-Mega-Y, L50, F|53/100
|-weather|SunnyDay|[from] ability: Drought|[of] p1a: Charizard
|turn|11
|
|t:|1783589697
|move|p2a: Archaludon|Protect|p2a: Archaludon
|-singleturn|p2a: Archaludon|Protect
|move|p1b: Kingambit|Sucker Punch|p2b: Swampert
|-damage|p2b: Swampert|16/100
|move|p1a: Charizard|Heat Wave|p2a: Archaludon|[spread] p2b
|-activate|p2a: Archaludon|move: Protect
|-resisted|p2b: Swampert|1
|-damage|p2b: Swampert|0 fnt
|faint|p2b: Swampert
|
|-weather|SunnyDay|[upkeep]
|-heal|p2a: Archaludon|52/100|[from] item: Leftovers
|upkeep
|
|t:|1783589703
|switch|p2b: Incineroar|Incineroar, L50, M|31/100
|-ability|p2b: Incineroar|Intimidate|boost
|-unboost|p1a: Charizard|atk|1
|-unboost|p1b: Kingambit|atk|1
|-ability|p1b: Kingambit|Defiant|boost
|-boost|p1b: Kingambit|atk|2
|turn|12
|
|t:|1783589724
|move|p2b: Incineroar|Fake Out|p1b: Kingambit
|-resisted|p1b: Kingambit|1
|-damage|p1b: Kingambit|0 fnt
|faint|p1b: Kingambit
|move|p1a: Charizard|Heat Wave|p2b: Incineroar|[spread] p2a
|-miss|p1a: Charizard|p2b: Incineroar
|-damage|p2a: Archaludon|0 fnt
|faint|p2a: Archaludon
|
|-weather|SunnyDay|[upkeep]
|upkeep
|turn|13
|
|t:|1783589740
|move|p1a: Charizard|Weather Ball|p2b: Incineroar
|-resisted|p2b: Incineroar|1
|-damage|p2b: Incineroar|0 fnt
|faint|p2b: Incineroar
|
|win|DttDMarce
||Dmb3r is ready for game 2.
