|j|☆enigmaeuw
|j|☆beastkidcr
|html|enigmaeuwbeastkidcr    
|uhtml|bestof|Game 3 of a best-of-3
|t:|1757204076
|gametype|doubles
|player|p1|enigmaeuw|ingo|1019
|player|p2|beastkidcr|waiter|1040
|gen|9
|tier|[Gen 9] VGC 2025 Reg H (Bo3)
|rated|
|rule|Species Clause: Limit one of each Pokémon
|rule|Item Clause: Limit 1 of each item
|clearpoke
|poke|p1|Pelipper, L50, M|
|poke|p1|Archaludon, L50, M|
|poke|p1|Incineroar, L50, M|
|poke|p1|Hydreigon, L50, M|
|poke|p1|Ursaluna, L50, M|
|poke|p1|Amoonguss, L50, M|
|poke|p2|Tyranitar, L50, F|
|poke|p2|Excadrill, L50, F|
|poke|p2|Gholdengo, L50|
|poke|p2|Indeedee, L50, M|
|poke|p2|Sneasler, L50, F|
|poke|p2|Volcarona, L50, F|
|teampreview|4
|showteam|p1|Pelipper||CovertCloak|Drizzle|WeatherBall,Hurricane,Tailwind,Protect|||M|||50|,,,,,Grass]Archaludon||AssaultVest|Stamina|ElectroShot,BodyPress,DracoMeteor,FlashCannon|||M|||50|,,,,,Bug]Incineroar||RockyHelmet|Intimidate|FlareBlitz,KnockOff,FakeOut,PartingShot|||M|||50|,,,,,Grass]Hydreigon||SafetyGoggles|Levitate|Snarl,DracoMeteor,Tailwind,Protect|||M|||50|,,,,,Poison]Ursaluna||FlameOrb|Guts|Facade,Earthquake,HeadlongRush,Protect|||M|||50|,,,,,Ghost]Amoonguss||SitrusBerry|Regenerator|Spore,RagePowder,PollenPuff,Protect|||M|||50|,,,,,Water
|showteam|p2|Tyranitar||AssaultVest|SandStream|RockSlide,LowKick,KnockOff,TeraBlast|||F|||50|,,,,,Flying]Excadrill||FocusSash|SandRush|Earthquake,IronHead,Protect,HighHorsepower|||F|||50|,,,,,Ground]Gholdengo||LifeOrb|GoodasGold|ShadowBall,MakeItRain,Protect,NastyPlot||||||50|,,,,,Water]Indeedee||ChoiceScarf|PsychicSurge|ExpandingForce,TeraBlast,Trick,Protect|||M|||50|,,,,,Fighting]Sneasler||PsychicSeed|Unburden|DireClaw,ThroatChop,CloseCombat,Protect|||F|||50|,,,,,Dark]Volcarona||SafetyGoggles|FlameBody|StruggleBug,HeatWave,Tailwind,Protect|||F|||50|,,,,,Dragon
|inactive|Battle timer is ON: inactive players will automatically lose when time's up. (requested by enigmaeuw)
|inactive|beastkidcr also wants the timer to be on.
|
|t:|1757204103
|teamsize|p1|4
|teamsize|p2|4
|start
|switch|p1a: Hydreigon|Hydreigon, L50, M|100/100
|switch|p1b: Ursaluna|Ursaluna, L50, M|100/100
|switch|p2a: Indeedee|Indeedee, L50, M|100/100
|switch|p2b: Sneasler|Sneasler, L50, F|100/100
|-fieldstart|move: Psychic Terrain|[from] ability: Psychic Surge|[of] p2a: Indeedee
|-enditem|p2b: Sneasler|Psychic Seed
|-boost|p2b: Sneasler|spd|1|[from] item: Psychic Seed
|turn|1
|inactive|enigmaeuw has 30 seconds left.
|inactive|beastkidcr has 30 seconds left.
|inactive|beastkidcr has 20 seconds left.
|inactive|beastkidcr has 15 seconds left.
|inactive|beastkidcr has 10 seconds left.
|inactive|beastkidcr has 5 seconds left.
|
|t:|1757204163
|-terastallize|p1b: Ursaluna|Ghost
|move|p1a: Hydreigon|Protect|p1a: Hydreigon
|-singleturn|p1a: Hydreigon|Protect
|move|p2b: Sneasler|Dire Claw|p1a: Hydreigon
|-activate|p1a: Hydreigon|move: Protect
|move|p2a: Indeedee|Expanding Force|p1a: Hydreigon|[spread] p1b
|-activate|p1a: Hydreigon|move: Protect
|-damage|p1b: Ursaluna|51/100
|move|p1b: Ursaluna|Earthquake|p2b: Sneasler|[spread] p2a,p2b
|-activate|p1a: Hydreigon|move: Protect
|-supereffective|p2b: Sneasler
|-damage|p2a: Indeedee|3/100
|-damage|p2b: Sneasler|0 fnt
|faint|p2b: Sneasler
|
|-status|p1b: Ursaluna|brn|[from] item: Flame Orb
|upkeep
|
|t:|1757204178
|switch|p2b: Excadrill|Excadrill, L50, F|100/100
|turn|2
|
|t:|1757204184
|move|p1b: Ursaluna|Protect|p1b: Ursaluna
|-singleturn|p1b: Ursaluna|Protect
|move|p2a: Indeedee|Expanding Force|p1b: Ursaluna|[spread] 
|-activate|p1b: Ursaluna|move: Protect
|-immune|p1a: Hydreigon
|move|p1a: Hydreigon|Snarl|p2b: Excadrill|[spread] p2a,p2b
|-supereffective|p2a: Indeedee
|-damage|p2a: Indeedee|0 fnt
|-damage|p2b: Excadrill|75/100
|-unboost|p2b: Excadrill|spa|1
|faint|p2a: Indeedee
|move|p2b: Excadrill|Iron Head|p1a: Hydreigon
|-damage|p1a: Hydreigon|51/100
|
|-damage|p1b: Ursaluna|45/100 brn|[from] brn
|upkeep
|
|t:|1757204196
|switch|p2a: Tyranitar|Tyranitar, L50, F|100/100
|-weather|Sandstorm|[from] ability: Sand Stream|[of] p2a: Tyranitar
|turn|3
|
|t:|1757204211
|switch|p1b: Incineroar|Incineroar, L50, M|100/100
|-ability|p1b: Incineroar|Intimidate|boost
|-unboost|p2a: Tyranitar|atk|1
|-unboost|p2b: Excadrill|atk|1
|-terastallize|p2a: Tyranitar|Flying
|move|p2b: Excadrill|Iron Head|p1a: Hydreigon
|-damage|p1a: Hydreigon|17/100
|cant|p1a: Hydreigon|flinch
|move|p2a: Tyranitar|Knock Off|p1b: Incineroar
|-resisted|p1b: Incineroar
|-damage|p1b: Incineroar|84/100
|-damage|p2a: Tyranitar|84/100|[from] item: Rocky Helmet|[of] p1b: Incineroar
|-enditem|p1b: Incineroar|Rocky Helmet|[from] move: Knock Off|[of] p2a: Tyranitar
|
|-weather|Sandstorm|[upkeep]
|-damage|p2a: Tyranitar|78/100|[from] Sandstorm
|-damage|p1b: Incineroar|78/100|[from] Sandstorm
|upkeep
|turn|4
|inactive|enigmaeuw has 30 seconds left.
|inactive|beastkidcr has 30 seconds left.
|
|t:|1757204241
|move|p1b: Incineroar|Fake Out|p2b: Excadrill
|-activate|p2b: Excadrill|move: Psychic Terrain
|move|p2b: Excadrill|Earthquake|p1a: Hydreigon|[spread] p1b
|-immune|p2a: Tyranitar
|-immune|p1a: Hydreigon|[from] ability: Levitate
|-supereffective|p1b: Incineroar
|-damage|p1b: Incineroar|26/100
|move|p1a: Hydreigon|Tailwind|p1a: Hydreigon
|-sidestart|p1: enigmaeuw|move: Tailwind
|move|p2a: Tyranitar|Rock Slide|p1b: Incineroar|[spread] p1b
|-miss|p2a: Tyranitar|p1a: Hydreigon
|-supereffective|p1b: Incineroar
|-damage|p1b: Incineroar|0 fnt
|faint|p1b: Incineroar
|
|-weather|Sandstorm|[upkeep]
|-damage|p2a: Tyranitar|72/100|[from] Sandstorm
|upkeep
|
|t:|1757204255
|switch|p1b: Ursaluna|Ursaluna, L50, M, tera:Ghost|45/100 brn
|turn|5
|
|t:|1757204264
|move|p1a: Hydreigon|Draco Meteor|p2b: Excadrill
|-resisted|p2b: Excadrill
|-damage|p2b: Excadrill|33/100
|-unboost|p1a: Hydreigon|spa|2
|move|p2b: Excadrill|Earthquake|p1b: Ursaluna|[spread] p1b
|-immune|p2a: Tyranitar
|-immune|p1a: Hydreigon|[from] ability: Levitate
|-damage|p1b: Ursaluna|23/100 brn
|move|p1b: Ursaluna|Facade|p2a: Tyranitar
|-damage|p2a: Tyranitar|0 fnt
|faint|p2a: Tyranitar
|
|-weather|Sandstorm|[upkeep]
|-damage|p1b: Ursaluna|16/100 brn|[from] Sandstorm
|-damage|p1b: Ursaluna|10/100 brn|[from] brn
|-fieldend|move: Psychic Terrain
|upkeep
|turn|6
|
|t:|1757204287
|switch|p1a: Pelipper|Pelipper, L50, M|100/100
|-weather|RainDance|[from] ability: Drizzle|[of] p1a: Pelipper
|move|p2b: Excadrill|Protect|p2b: Excadrill
|-singleturn|p2b: Excadrill|Protect
|move|p1b: Ursaluna|Earthquake|p2b: Excadrill|[spread] 
|-activate|p2b: Excadrill|move: Protect
|-immune|p1a: Pelipper
|
|-weather|RainDance|[upkeep]
|-damage|p1b: Ursaluna|4/100 brn|[from] brn
|upkeep
|turn|7
|
|t:|1757204303
|move|p2b: Excadrill|Protect||[still]
|-fail|p2b: Excadrill
|move|p1a: Pelipper|Weather Ball|p2b: Excadrill
|-supereffective|p2b: Excadrill
|-damage|p2b: Excadrill|0 fnt
|faint|p2b: Excadrill
|
|win|enigmaeuw
|raw|enigmaeuw's rating: 1019 → 1058(+39 for winning)
|raw|beastkidcr's rating: 1040 → 1023(-17 for losing)
