|j|☆TeyVgc
|j|☆Treit_3
|html|TeyVgcTreit_3    
|uhtml|bestof|Game 2 of a best-of-3
|t:|1783311104
|gametype|doubles
|player|p1|TeyVgc|rood|1296
|player|p2|Treit_3|marshal|1255
|gen|9
|tier|[Gen 9 Champions] VGC 2026 Reg M-B (Bo3)
|rated|
|rule|Species Clause: Limit one of each Pokémon
|rule|Item Clause: Limit 1 of each item
|clearpoke
|poke|p1|Sneasler, L50, F|
|poke|p1|Floette-Eternal, L50, F|
|poke|p1|Sinistcha, L50|
|poke|p1|Incineroar, L50, F|
|poke|p1|Kingambit, L50, F|
|poke|p1|Garchomp, L50, M|
|poke|p2|Scrafty, L50, M|
|poke|p2|Blaziken, L50, F|
|poke|p2|Torterra, L50, M|
|poke|p2|Milotic, L50, F|
|poke|p2|Gholdengo, L50|
|poke|p2|Farigiraf, L50, M|
|teampreview|4
|showteam|p1|Sneasler||WhiteHerb|Unburden|CloseCombat,GunkShot,Coaching,FakeOut|Jolly||F|||50|]Floette-Eternal||Floettite|FlowerVeil|CalmMind,Protect,Moonblast,DazzlingGleam|Modest||F|||50|]Sinistcha||ColburBerry|Hospitality|MatchaGotcha,Protect,RagePowder,TrickRoom|Bold|||||50|]Incineroar||SitrusBerry|Intimidate|FakeOut,FlareBlitz,ThroatChop,PartingShot|Impish||F|||50|]Kingambit||ChopleBerry|Defiant|KowtowCleave,SuckerPunch,IronHead,Protect|Adamant||F|||50|]Garchomp||Garchompite|RoughSkin|DragonClaw,Earthquake,SwordsDance,Protect|Adamant||M|||50|
|showteam|p2|Scrafty||Scraftinite|Intimidate|FakeOut,Coaching,DrainPunch,ThroatChop|Adamant||M|||50|]Blaziken||Blazikenite|SpeedBoost|Detect,RockSlide,FlareBlitz,CloseCombat|Jolly||F|||50|]Torterra||Leftovers|ShellArmor|Protect,WideGuard,HeadlongRush,WoodHammer|Brave||M|||50|]Milotic||MysticWater|Competitive|Protect,Scald,MuddyWater,IceBeam|Modest||F|||50|]Gholdengo||LifeOrb|GoodasGold|Protect,NastyPlot,MakeItRain,ShadowBall|Modest|||||50|]Farigiraf||SitrusBerry|ArmorTail|Protect,TrickRoom,Thunderbolt,HyperVoice|Bold||M|||50|
|inactive|Battle timer is ON: inactive players will automatically lose when time's up. (requested by Treit_3)
|
|t:|1783311128
|teamsize|p1|4
|teamsize|p2|4
|start
|switch|p1a: Floette|Floette-Eternal, L50, F|100/100
|switch|p1b: Sneasler|Sneasler, L50, F|100/100
|switch|p2a: Milotic|Milotic, L50, F|100/100
|switch|p2b: Blaziken|Blaziken, L50, F|100/100
|turn|1
|
|t:|1783311146
|switch|p2a: Farigiraf|Farigiraf, L50, M|100/100
|detailschange|p2b: Blaziken|Blaziken-Mega, L50, F
|-mega|p2b: Blaziken|Blaziken|Blazikenite
|detailschange|p1a: Floette|Floette-Mega, L50, F
|-mega|p1a: Floette|Floette|Floettite
|-ability|p1a: Floette|Fairy Aura
|move|p1b: Sneasler|Fake Out||[still]
|cant|p2a: Farigiraf|ability: Armor Tail|Fake Out|[of] p1b: Sneasler
|move|p2b: Blaziken|Flare Blitz|p1a: Floette
|-damage|p1a: Floette|37/100
|-damage|p2b: Blaziken|77/100|[from] Recoil
|move|p1a: Floette|Calm Mind|p1a: Floette
|-boost|p1a: Floette|spa|1
|-boost|p1a: Floette|spd|1
|
|-ability|p2b: Blaziken|Speed Boost|boost
|-boost|p2b: Blaziken|spe|1
|upkeep
|turn|2
|inactive|Treit_3 has 30 seconds left.
|
|t:|1783311175
|move|p2b: Blaziken|Detect|p2b: Blaziken
|-singleturn|p2b: Blaziken|Protect
|move|p1a: Floette|Protect|p1a: Floette
|-singleturn|p1a: Floette|Protect
|move|p1b: Sneasler|Gunk Shot|p2b: Blaziken
|-activate|p2b: Blaziken|move: Protect
|move|p2a: Farigiraf|Hyper Voice|p1a: Floette|[spread] p1b
|-activate|p1a: Floette|move: Protect
|-damage|p1b: Sneasler|63/100
|
|-ability|p2b: Blaziken|Speed Boost|boost
|-boost|p2b: Blaziken|spe|1
|upkeep
|turn|3
|
|t:|1783311195
|switch|p1a: Incineroar|Incineroar, L50, F|100/100
|-ability|p1a: Incineroar|Intimidate|boost
|-unboost|p2a: Farigiraf|atk|1
|-unboost|p2b: Blaziken|atk|1
|move|p2b: Blaziken|Flare Blitz|p1a: Incineroar
|-resisted|p1a: Incineroar|1
|-damage|p1a: Incineroar|80/100
|-damage|p2b: Blaziken|70/100|[from] Recoil
|move|p1b: Sneasler|Gunk Shot|p2b: Blaziken
|-damage|p2b: Blaziken|0 fnt
|faint|p2b: Blaziken
|move|p2a: Farigiraf|Hyper Voice|p1b: Sneasler|[spread] p1a,p1b
|-damage|p1a: Incineroar|56/100
|-damage|p1b: Sneasler|22/100
|
|upkeep
|
|t:|1783311201
|switch|p2b: Milotic|Milotic, L50, F|100/100
|turn|4
|
|t:|1783311226
|switch|p1a: Sinistcha|Sinistcha, L50|100/100
|-heal|p1b: Sneasler|47/100|[from] ability: Hospitality|[of] p1a: Sinistcha
|move|p2b: Milotic|Protect|p2b: Milotic
|-singleturn|p2b: Milotic|Protect
|move|p1b: Sneasler|Gunk Shot|p2b: Milotic
|-activate|p2b: Milotic|move: Protect
|move|p2a: Farigiraf|Trick Room|p2a: Farigiraf
|-fieldstart|move: Trick Room|[of] p2a: Farigiraf
|
|upkeep
|turn|5
|
|t:|1783311244
|move|p2a: Farigiraf|Hyper Voice|p1b: Sneasler|[spread] p1b
|-immune|p1a: Sinistcha
|-damage|p1b: Sneasler|9/100
|move|p1a: Sinistcha|Matcha Gotcha|p2b: Milotic|[spread] p2b
|-miss|p1a: Sinistcha|p2a: Farigiraf
|-supereffective|p2b: Milotic|1
|-damage|p2b: Milotic|64/100
|move|p2b: Milotic|Ice Beam|p1a: Sinistcha
|-supereffective|p1a: Sinistcha|1
|-damage|p1a: Sinistcha|43/100
|move|p1b: Sneasler|Gunk Shot|p2b: Milotic
|-damage|p2b: Milotic|3/100
|-status|p2b: Milotic|psn
|
|-damage|p2b: Milotic|0 fnt|[from] psn
|faint|p2b: Milotic
|upkeep
|
|t:|1783311249
|switch|p2b: Torterra|Torterra, L50, M|100/100
|turn|6
|
|t:|1783311269
|switch|p1b: Incineroar|Incineroar, L50, F|56/100
|-ability|p1b: Incineroar|Intimidate|boost
|-unboost|p2a: Farigiraf|atk|1
|-unboost|p2b: Torterra|atk|1
|move|p1a: Sinistcha|Protect|p1a: Sinistcha
|-singleturn|p1a: Sinistcha|Protect
|move|p2b: Torterra|Wide Guard|p2b: Torterra
|-singleturn|p2b: Torterra|Wide Guard
|move|p2a: Farigiraf|Hyper Voice|p1b: Incineroar|[spread] p1b
|-activate|p1a: Sinistcha|move: Protect
|-damage|p1b: Incineroar|32/100
|-enditem|p1b: Incineroar|Sitrus Berry|[eat]
|-heal|p1b: Incineroar|57/100|[from] item: Sitrus Berry
|
|upkeep
|turn|7
|inactive|TeyVgc has 30 seconds left.
|
|t:|1783311301
|switch|p1a: Sneasler|Sneasler, L50, F|9/100
|move|p2b: Torterra|Headlong Rush|p1b: Incineroar
|-supereffective|p1b: Incineroar|1
|-damage|p1b: Incineroar|0 fnt
|-unboost|p2b: Torterra|def|1
|-unboost|p2b: Torterra|spd|1
|faint|p1b: Incineroar
|move|p2a: Farigiraf|Thunderbolt|p1a: Sneasler
|-damage|p1a: Sneasler|0 fnt
|faint|p1a: Sneasler
|
|upkeep
|
|t:|1783311308
|switch|p1b: Sinistcha|Sinistcha, L50|43/100
|switch|p1a: Floette|Floette-Mega, L50, F|37/100
|-ability|p1a: Floette|Fairy Aura
|-heal|p1a: Floette|61/100|[from] ability: Hospitality|[of] p1b: Sinistcha
|turn|8
|inactive|Treit_3 has 30 seconds left.
|inactive|Treit_3 has 20 seconds left.
|inactive|Treit_3 has 15 seconds left.
|
|t:|1783311351
|move|p1b: Sinistcha|Protect|p1b: Sinistcha
|-singleturn|p1b: Sinistcha|Protect
|move|p1a: Floette|Protect|p1a: Floette
|-singleturn|p1a: Floette|Protect
|move|p2b: Torterra|Wood Hammer|p1a: Floette
|-activate|p1a: Floette|move: Protect
|move|p2a: Farigiraf|Hyper Voice|p1b: Sinistcha|[spread] 
|-activate|p1a: Floette|move: Protect
|-activate|p1b: Sinistcha|move: Protect
|
|-fieldend|move: Trick Room
|upkeep
|turn|9
|
|t:|1783311372
|move|p2b: Torterra|Protect|p2b: Torterra
|-singleturn|p2b: Torterra|Protect
|move|p1a: Floette|Moonblast|p2a: Farigiraf
|-damage|p2a: Farigiraf|18/100
|-enditem|p2a: Farigiraf|Sitrus Berry|[eat]
|-heal|p2a: Farigiraf|43/100|[from] item: Sitrus Berry
|move|p1b: Sinistcha|Matcha Gotcha|p2b: Torterra|[spread] p2a
|-activate|p2b: Torterra|move: Protect
|-damage|p2a: Farigiraf|15/100
|-heal|p1b: Sinistcha|61/100|[from] drain|[of] p2a: Farigiraf
|move|p2a: Farigiraf|Hyper Voice|p1a: Floette|[spread] p1a
|-immune|p1b: Sinistcha
|-damage|p1a: Floette|43/100
|
|upkeep
|turn|10
|
|t:|1783311395
|move|p2b: Torterra|Wide Guard|p2b: Torterra
|-singleturn|p2b: Torterra|Wide Guard
|move|p1a: Floette|Moonblast|p2b: Torterra
|-damage|p2b: Torterra|0 fnt
|faint|p2b: Torterra
|move|p1b: Sinistcha|Matcha Gotcha|p2a: Farigiraf
|-activate|p2a: Farigiraf|move: Wide Guard
|move|p2a: Farigiraf|Hyper Voice|p1b: Sinistcha|[spread] p1a
|-immune|p1b: Sinistcha
|-damage|p1a: Floette|22/100
|
|upkeep
|turn|11
|
|t:|1783311407
|move|p1a: Floette|Moonblast|p2a: Farigiraf
|-damage|p2a: Farigiraf|0 fnt
|faint|p2a: Farigiraf
|
|win|TeyVgc
