|j|☆marcosdeltasena31
|j|☆Crash0utVGC
|html|marcosdeltasena31Crash0utVGC    
|uhtml|bestof|Game 3 of a best-of-3
|t:|1782283099
|gametype|doubles
|player|p1|marcosdeltasena31|hilbert|1279
|player|p2|Crash0utVGC|colress|1254
|gen|9
|tier|[Gen 9 Champions] VGC 2026 Reg M-B (Bo3)
|rated|
|rule|Species Clause: Limit one of each Pokémon
|rule|Item Clause: Limit 1 of each item
|clearpoke
|poke|p1|Charizard, L50, M, shiny|
|poke|p1|Floette-Eternal, L50, F|
|poke|p1|Whimsicott, L50, F|
|poke|p1|Garchomp, L50, M|
|poke|p1|Basculegion, L50, M|
|poke|p1|Kingambit, L50, F|
|poke|p2|Pyroar, L50, F|
|poke|p2|Ninetales, L50, F, shiny|
|poke|p2|Whimsicott, L50, M|
|poke|p2|Floette-Eternal, L50, F|
|poke|p2|Basculegion, L50, M|
|poke|p2|Farigiraf, L50, M|
|teampreview|4
|showteam|p1|Charizard||CharizarditeY|Blaze|HeatWave,WeatherBall,SolarBeam,Protect|Modest||M|||50|]Floette-Eternal||Floettite|FlowerVeil|Moonblast,DazzlingGleam,LightofRuin,Protect|Modest||F|||50|]Whimsicott||FocusSash|Prankster|Moonblast,Tailwind,Encore,Protect|Timid||F|||50|]Garchomp||LifeOrb|RoughSkin|RockSlide,DragonClaw,Earthquake,Protect|Jolly||M|||50|]Basculegion||MysticWater|Adaptability|WaveCrash,LastRespects,AquaJet,Protect|Adamant||M|||50|]Kingambit||ChopleBerry|Defiant|KowtowCleave,IronHead,SuckerPunch,Protect|Adamant||F|||50|
|showteam|p2|Pyroar||Pyroarite|Unnerve|HeatWave,Overheat,SolarBeam,Protect|Timid||F|||50|]Ninetales||ChoiceScarf|Drought|HeatWave,Overheat,SolarBeam,FakeTears|Modest||F|||50|]Whimsicott||FocusSash|Prankster|Moonblast,Tailwind,SunnyDay,Protect|Timid||M|||50|]Floette-Eternal||Floettite|FlowerVeil|Moonblast,LightofRuin,DazzlingGleam,Protect|Modest||F|||50|]Basculegion||LifeOrb|Adaptability|WaveCrash,LastRespects,AquaJet,Protect|Adamant||M|||50|]Farigiraf||SitrusBerry|ArmorTail|Psychic,Thunderbolt,TrickRoom,HelpingHand|Bold||M|||50|
|
|t:|1782283137
|teamsize|p1|4
|teamsize|p2|4
|start
|switch|p1a: Garchomp|Garchomp, L50, M|100/100
|switch|p1b: Whimsicott|Whimsicott, L50, F|100/100
|switch|p2a: Winnie|Whimsicott, L50, M|100/100
|switch|p2b: FairAndBalanced|Basculegion, L50, M|100/100
|turn|1
|
|t:|1782283152
|move|p1a: Garchomp|Protect|p1a: Garchomp
|-singleturn|p1a: Garchomp|Protect
|move|p2a: Winnie|Tailwind|p2a: Winnie
|-sidestart|p2: Crash0utVGC|move: Tailwind
|move|p2b: FairAndBalanced|Wave Crash|p1a: Garchomp
|-activate|p1a: Garchomp|move: Protect
|move|p1b: Whimsicott|Moonblast|p2a: Winnie
|-damage|p2a: Winnie|38/100
|
|upkeep
|turn|2
|
|t:|1782283168
|switch|p1a: Kingambit|Kingambit, L50, F|100/100
|move|p2a: Winnie|Protect|p2a: Winnie
|-singleturn|p2a: Winnie|Protect
|move|p2b: FairAndBalanced|Wave Crash|p1a: Kingambit
|-damage|p1a: Kingambit|19/100
|-damage|p2b: FairAndBalanced|72/100|[from] Recoil
|-damage|p2b: FairAndBalanced|62/100|[from] item: Life Orb
|move|p1b: Whimsicott|Moonblast|p2a: Winnie
|-activate|p2a: Winnie|move: Protect
|
|upkeep
|turn|3
|
|t:|1782283179
|switch|p2a: RayBurn|Pyroar, L50, F|100/100
|-ability|p2a: RayBurn|Unnerve
|move|p1a: Kingambit|Protect|p1a: Kingambit
|-singleturn|p1a: Kingambit|Protect
|move|p2b: FairAndBalanced|Aqua Jet|p1a: Kingambit
|-activate|p1a: Kingambit|move: Protect
|move|p1b: Whimsicott|Moonblast|p2a: RayBurn
|-resisted|p2a: RayBurn|1
|-damage|p2a: RayBurn|73/100
|-unboost|p2a: RayBurn|spa|1
|
|upkeep
|turn|4
|
|t:|1782283197
|detailschange|p2a: RayBurn|Pyroar-Mega, L50, F
|-mega|p2a: RayBurn|Pyroar|Pyroarite
|move|p1b: Whimsicott|Protect|p1b: Whimsicott
|-singleturn|p1b: Whimsicott|Protect
|move|p2b: FairAndBalanced|Aqua Jet|p1b: Whimsicott
|-activate|p1b: Whimsicott|move: Protect
|move|p1a: Kingambit|Sucker Punch|p2a: RayBurn
|-damage|p2a: RayBurn|28/100
|move|p2a: RayBurn|Heat Wave|p1b: Whimsicott|[spread] p1a
|-activate|p1b: Whimsicott|move: Protect
|-supereffective|p1a: Kingambit|1
|-damage|p1a: Kingambit|0 fnt
|faint|p1a: Kingambit
|
|-sideend|p2: Crash0utVGC|move: Tailwind
|upkeep
|
|t:|1782283208
|switch|p1a: Charizard|Charizard, L50, M, shiny|100/100
|turn|5
|
|t:|1782283216
|detailschange|p1a: Charizard|Charizard-Mega-Y, L50, M, shiny
|-mega|p1a: Charizard|Charizard|Charizardite Y
|-weather|SunnyDay|[from] ability: Drought|[of] p1a: Charizard
|move|p1b: Whimsicott|Tailwind|p1b: Whimsicott
|-sidestart|p1: marcosdeltasena31|move: Tailwind
|move|p1a: Charizard|Heat Wave|p2a: RayBurn|[spread] p2a,p2b
|-resisted|p2a: RayBurn|1
|-resisted|p2b: FairAndBalanced|1
|-damage|p2a: RayBurn|0 fnt
|-damage|p2b: FairAndBalanced|25/100
|faint|p2a: RayBurn
|move|p2b: FairAndBalanced|Wave Crash|p1a: Charizard
|-supereffective|p1a: Charizard|1
|-damage|p1a: Charizard|0 fnt
|faint|p1a: Charizard
|-damage|p2b: FairAndBalanced|0 fnt|[from] Recoil
|faint|p2b: FairAndBalanced
|
|-weather|SunnyDay|[upkeep]
|upkeep
|
|t:|1782283227
|switch|p2a: Winnie|Whimsicott, L50, M|38/100
|switch|p1a: Garchomp|Garchomp, L50, M|100/100
|switch|p2b: Kyubi|Ninetales, L50, F, shiny|100/100
|turn|6
|
|t:|1782283237
|move|p2a: Winnie|Tailwind|p2a: Winnie
|-sidestart|p2: Crash0utVGC|move: Tailwind
|move|p2b: Kyubi|Heat Wave|p1a: Garchomp|[spread] p1a
|-miss|p2b: Kyubi|p1b: Whimsicott
|-resisted|p1a: Garchomp|1
|-damage|p1a: Garchomp|76/100
|move|p1b: Whimsicott|Moonblast|p2a: Winnie
|-damage|p2a: Winnie|0 fnt
|faint|p2a: Winnie
|move|p1a: Garchomp|Earthquake|p2b: Kyubi|[spread] p1b,p2b
|-resisted|p1b: Whimsicott|1
|-supereffective|p2b: Kyubi|1
|-damage|p1b: Whimsicott|65/100
|-damage|p2b: Kyubi|0 fnt
|faint|p2b: Kyubi
|-damage|p1a: Garchomp|67/100|[from] item: Life Orb
|
|win|marcosdeltasena31
|raw|marcosdeltasena31's rating: 1279 → 1302(+23 for winning)
|raw|Crash0utVGC's rating: 1254 → 1231(-23 for losing)
