|j|☆abgesaftet
|j|☆Kinyachta
|html|abgesaftetKinyachta    
|uhtml|bestof|Game 3 of a best-of-3
|t:|1785933080
|gametype|doubles
|player|p1|abgesaftet|ballguy|1371
|player|p2|Kinyachta|169|1280
|gen|9
|tier|[Gen 9 Champions] VGC 2026 Reg M-B (Bo3)
|rated|
|rule|Species Clause: Limit one of each Pokémon
|rule|Item Clause: Limit 1 of each item
|clearpoke
|poke|p1|Sneasler, L50, F|
|poke|p1|Sinistcha, L50|
|poke|p1|Incineroar, L50, M|
|poke|p1|Kingambit, L50, M|
|poke|p1|Delphox, L50, M|
|poke|p1|Blastoise, L50, M|
|poke|p2|Floette-Eternal, L50, F|
|poke|p2|Farigiraf, L50, M|
|poke|p2|Sneasler, L50, F|
|poke|p2|Garchomp, L50, F|
|poke|p2|Charizard, L50, M|
|poke|p2|Whimsicott, L50, F|
|teampreview|4
|showteam|p1|Sneasler||FocusSash|PoisonTouch|FakeOut,CloseCombat,PoisonJab,QuickGuard|Jolly||F|||50|]Sinistcha||OccaBerry|Hospitality|MatchaGotcha,RagePowder,TrickRoom,Protect|Bold|||||50|]Incineroar||SitrusBerry|Intimidate|FakeOut,FlareBlitz,ThroatChop,PartingShot|Careful||M|||50|]Kingambit||LifeOrb|Defiant|KowtowCleave,SuckerPunch,SwordsDance,Protect|Adamant||M|||50|]Delphox||Delphoxite|Blaze|HeatWave,Psychic,NastyPlot,Protect|Timid||M|||50|]Blastoise||Blastoisinite|RainDish|WaterSpout,DarkPulse,ShellSmash,Protect|Modest||M|||50|
|showteam|p2|Floette-Eternal||Floettite|FlowerVeil|Moonblast,Protect,DazzlingGleam,LightofRuin|Timid||F|||50|]Farigiraf||SitrusBerry|ArmorTail|TrickRoom,HelpingHand,TwinBeam,HyperVoice|Quiet||M|||50|]Sneasler||WhiteHerb|Unburden|Protect,CloseCombat,Coaching,DireClaw|Jolly||F|||50|]Garchomp||Leftovers|RoughSkin|DragonClaw,RockSlide,Protect,Earthquake|Adamant||F|||50|]Charizard||CharizarditeY|SolarPower|WeatherBall,Protect,HeatWave,SolarBeam|Modest||M|||50|]Whimsicott||FocusSash|Prankster|Tailwind,CottonSpore,Encore,Moonblast|Modest||F|||50|
|inactive|Battle timer is ON: inactive players will automatically lose when time's up. (requested by abgesaftet)
|
|t:|1785933108
|teamsize|p1|4
|teamsize|p2|4
|start
|switch|p1a: Delphox|Delphox, L50, M|100/100
|switch|p1b: Sneasler|Sneasler, L50, F|100/100
|switch|p2a: Sneasler|Sneasler, L50, F|100/100
|switch|p2b: Garchomp|Garchomp, L50, F|100/100
|turn|1
|
|t:|1785933120
|detailschange|p1a: Delphox|Delphox-Mega, L50, M
|-mega|p1a: Delphox|Delphox|Delphoxite
|move|p1a: Delphox|Psychic|p2a: Sneasler
|-supereffective|p2a: Sneasler|2
|-damage|p2a: Sneasler|0 fnt
|faint|p2a: Sneasler
|move|p1b: Sneasler|Close Combat|p2b: Garchomp
|-damage|p2b: Garchomp|41/100
|-unboost|p1b: Sneasler|def|1
|-unboost|p1b: Sneasler|spd|1
|-damage|p1b: Sneasler|87/100|[from] ability: Rough Skin|[of] p2b: Garchomp
|-status|p2b: Garchomp|psn|[from] ability: Poison Touch|[of] p1b: Sneasler
|move|p2b: Garchomp|Rock Slide|p1a: Delphox|[spread] p1a,p1b
|-supereffective|p1a: Delphox|1
|-resisted|p1b: Sneasler|1
|-damage|p1a: Delphox|39/100
|-damage|p1b: Sneasler|58/100
|
|-heal|p2b: Garchomp|47/100 psn|[from] item: Leftovers
|-damage|p2b: Garchomp|35/100 psn|[from] psn
|upkeep
|
|t:|1785933138
|switch|p2a: Charizard|Charizard, L50, M|100/100
|turn|2
|
|t:|1785933148
|switch|p1b: Sinistcha|Sinistcha, L50|100/100
|-heal|p1a: Delphox|63/100|[from] ability: Hospitality|[of] p1b: Sinistcha
|move|p1a: Delphox|Psychic|p2b: Garchomp
|-damage|p2b: Garchomp|0 fnt
|faint|p2b: Garchomp
|move|p2a: Charizard|Heat Wave|p1b: Sinistcha|[spread] p1a
|-miss|p2a: Charizard|p1b: Sinistcha
|-resisted|p1a: Delphox|1
|-damage|p1a: Delphox|47/100
|
|upkeep
|
|t:|1785933158
|switch|p2b: Farigiraf|Farigiraf, L50, M|100/100
|turn|3
|
|t:|1785933167
|switch|p1b: Incineroar|Incineroar, L50, M|100/100
|-ability|p1b: Incineroar|Intimidate|boost
|-unboost|p2a: Charizard|atk|1
|-unboost|p2b: Farigiraf|atk|1
|detailschange|p2a: Charizard|Charizard-Mega-Y, L50, M
|-mega|p2a: Charizard|Charizard|Charizardite Y
|-weather|SunnyDay|[from] ability: Drought|[of] p2a: Charizard
|move|p2b: Farigiraf|Helping Hand|p2a: Charizard
|-singleturn|p2a: Charizard|Helping Hand|[of] p2b: Farigiraf
|move|p1a: Delphox|Heat Wave|p2b: Farigiraf|[spread] p2a,p2b
|-resisted|p2a: Charizard|1
|-damage|p2a: Charizard|69/100
|-damage|p2b: Farigiraf|34/100
|-enditem|p2b: Farigiraf|Sitrus Berry|[eat]
|-heal|p2b: Farigiraf|59/100|[from] item: Sitrus Berry
|move|p2a: Charizard|Heat Wave|p1a: Delphox|[spread] p1a,p1b
|-resisted|p1a: Delphox|1
|-resisted|p1b: Incineroar|1
|-damage|p1a: Delphox|0 fnt
|-damage|p1b: Incineroar|57/100
|faint|p1a: Delphox
|
|-weather|SunnyDay|[upkeep]
|upkeep
|inactive|abgesaftet has 30 seconds left.
|inactive|abgesaftet has 20 seconds left.
|
|t:|1785933204
|switch|p1a: Sinistcha|Sinistcha, L50|100/100
|-heal|p1b: Incineroar|82/100|[from] ability: Hospitality|[of] p1a: Sinistcha
|turn|4
|
|t:|1785933211
|move|p1a: Sinistcha|Protect|p1a: Sinistcha
|-singleturn|p1a: Sinistcha|Protect
|move|p2a: Charizard|Heat Wave|p1a: Sinistcha|[spread] p1b
|-activate|p1a: Sinistcha|move: Protect
|-resisted|p1b: Incineroar|1
|-damage|p1b: Incineroar|50/100g
|move|p1b: Incineroar|Flare Blitz|p2b: Farigiraf
|-damage|p2b: Farigiraf|1/100
|-damage|p1b: Incineroar|28/100|[from] Recoil
|-enditem|p1b: Incineroar|Sitrus Berry|[eat]
|-heal|p1b: Incineroar|53/100|[from] item: Sitrus Berry
|move|p2b: Farigiraf|Hyper Voice|p1b: Incineroar|[spread] p1b
|-activate|p1a: Sinistcha|move: Protect
|-damage|p1b: Incineroar|29/100
|
|-weather|SunnyDay|[upkeep]
|upkeep
|turn|5
|
|t:|1785933231
|move|p2b: Farigiraf|Helping Hand|p2a: Charizard
|-singleturn|p2a: Charizard|Helping Hand|[of] p2b: Farigiraf
|move|p2a: Charizard|Heat Wave|p1b: Incineroar|[spread] p1a,p1b
|-supereffective|p1a: Sinistcha|1
|-enditem|p1a: Sinistcha|Occa Berry|[eat]
|-enditem|p1a: Sinistcha|Occa Berry|[weaken]
|-resisted|p1b: Incineroar|1
|-damage|p1a: Sinistcha|0 fnt
|-damage|p1b: Incineroar|0 fnt
|faint|p1a: Sinistcha
|faint|p1b: Incineroar
|
|-weather|SunnyDay|[upkeep]
|upkeep
|
|t:|1785933247
|switch|p1b: Sneasler|Sneasler, L50, F|58/100
|turn|6
|
|t:|1785933255
|move|p1b: Sneasler|Poison Jab|p2b: Farigiraf
|-damage|p2b: Farigiraf|0 fnt
|faint|p2b: Farigiraf
|move|p2a: Charizard|Weather Ball|p1b: Sneasler
|-damage|p1b: Sneasler|0 fnt
|faint|p1b: Sneasler
|
|win|Kinyachta
