|j|☆maddokyoma
|j|☆HolgerD
|html|maddokyomaHolgerD    
|uhtml|bestof|Game 3 of a best-of-3
|t:|1755772505
|gametype|doubles
|player|p1|maddokyoma|volo|1299
|player|p2|HolgerD|102|1308
|gen|9
|tier|[Gen 9] VGC 2025 Reg H (Bo3)
|rated|
|rule|Species Clause: Limit one of each Pokémon
|rule|Item Clause: Limit 1 of each item
|clearpoke
|poke|p1|Sinistcha, L50|
|poke|p1|Hariyama, L50, M|
|poke|p1|Ursaluna-Bloodmoon, L50, M|
|poke|p1|Torkoal, L50, M|
|poke|p1|Lilligant-Hisui, L50, F|
|poke|p1|Maushold, L50|
|poke|p2|Maushold, L50|
|poke|p2|Pelipper, L50, M|
|poke|p2|Archaludon, L50, M|
|poke|p2|Ursaluna, L50, M|
|poke|p2|Sinistcha, L50|
|poke|p2|Kingambit, L50, M|
|teampreview|4
|showteam|p1|Sinistcha||RockyHelmet|Hospitality|MatchaGotcha,TrickRoom,RagePowder,StrengthSap||||||50|,,,,,Dark]Hariyama||FlameOrb|Guts|FakeOut,WideGuard,DrainPunch,KnockOff|||M|||50|,,,,,Dark]Ursaluna-Bloodmoon||LifeOrb|MindsEye|BloodMoon,EarthPower,HyperVoice,Protect|||M|||50|,,,,,Normal]Torkoal||Charcoal|Drought|WeatherBall,Eruption,HeatWave,Protect|||M|||50|,,,,,Fire]Lilligant-Hisui||FocusSash|Chlorophyll|IceSpinner,CloseCombat,AfterYou,SleepPowder|||F|||50|,,,,,Ghost]Maushold||WideLens|Technician|PopulationBomb,HelpingHand,FollowMe,Protect||||||50|,,,,,Ghost
|showteam|p2|Maushold||WideLens|Technician|PopulationBomb,FollowMe,Taunt,Protect||||||50|,,,,,Ghost]Pelipper||FocusSash|Drizzle|Hurricane,MuddyWater,Tailwind,Protect|||M|||50|,,,,,Stellar]Archaludon||AssaultVest|Stamina|DragonPulse,ElectroShot,BodyPress,FlashCannon|||M|||50|,,,,,Bug]Ursaluna||FlameOrb|Guts|Facade,HeadlongRush,Earthquake,Protect|||M|||50|,,,,,Ghost]Sinistcha||SitrusBerry|Hospitality|MatchaGotcha,LifeDew,RagePowder,TrickRoom||||||50|,,,,,Dark]Kingambit||SafetyGoggles|Defiant|KowtowCleave,SuckerPunch,SwordsDance,Protect|||M|||50|,,,,,Dark
|inactive|Battle timer is ON: inactive players will automatically lose when time's up. (requested by maddokyoma)
|inactive|HolgerD has 60 seconds left.
|
|t:|1755772559
|teamsize|p1|4
|teamsize|p2|4
|start
|switch|p1a: Torkoal|Torkoal, L50, M|100/100
|switch|p1b: Maushold|Maushold, L50|100/100
|switch|p2a: Maushold|Maushold, L50|100/100
|switch|p2b: Archaludon|Archaludon, L50, M|100/100
|-weather|SunnyDay|[from] ability: Drought|[of] p1a: Torkoal
|turn|1
|inactive|HolgerD has 30 seconds left.
|inactive|maddokyoma has 30 seconds left.
|inactive|HolgerD has 20 seconds left.
|inactive|HolgerD has 15 seconds left.
|inactive|HolgerD has 10 seconds left.
|
|t:|1755772606
|switch|p2b: Pelipper|Pelipper, L50, M|100/100
|-weather|RainDance|[from] ability: Drizzle|[of] p2b: Pelipper
|switch|p1a: Sinistcha|Sinistcha, L50, shiny|100/100
|-terastallize|p1b: Maushold|Ghost
|move|p2a: Maushold|Protect|p2a: Maushold
|-singleturn|p2a: Maushold|Protect
|move|p1b: Maushold|Population Bomb|p2a: Maushold
|-activate|p2a: Maushold|move: Protect
|
|-weather|RainDance|[upkeep]
|upkeep
|turn|2
|inactive|HolgerD has 30 seconds left.
|inactive|maddokyoma has 30 seconds left.
|
|t:|1755772646
|switch|p2b: Archaludon|Archaludon, L50, M|100/100
|move|p2a: Maushold|Taunt|p1a: Sinistcha
|-start|p1a: Sinistcha|move: Taunt
|move|p1b: Maushold|Population Bomb|p2b: Archaludon
|-resisted|p2b: Archaludon
|-damage|p2b: Archaludon|96/100
|-ability|p2b: Archaludon|Stamina|boost
|-boost|p2b: Archaludon|def|1
|-resisted|p2b: Archaludon
|-damage|p2b: Archaludon|93/100
|-ability|p2b: Archaludon|Stamina|boost
|-boost|p2b: Archaludon|def|1
|-resisted|p2b: Archaludon
|-damage|p2b: Archaludon|91/100
|-ability|p2b: Archaludon|Stamina|boost
|-boost|p2b: Archaludon|def|1
|-resisted|p2b: Archaludon
|-damage|p2b: Archaludon|89/100
|-ability|p2b: Archaludon|Stamina|boost
|-boost|p2b: Archaludon|def|1
|-resisted|p2b: Archaludon
|-damage|p2b: Archaludon|87/100
|-ability|p2b: Archaludon|Stamina|boost
|-boost|p2b: Archaludon|def|1
|-resisted|p2b: Archaludon
|-damage|p2b: Archaludon|86/100
|-ability|p2b: Archaludon|Stamina|boost
|-boost|p2b: Archaludon|def|1
|-resisted|p2b: Archaludon
|-damage|p2b: Archaludon|85/100
|-resisted|p2b: Archaludon
|-damage|p2b: Archaludon|84/100
|-resisted|p2b: Archaludon
|-damage|p2b: Archaludon|83/100
|-resisted|p2b: Archaludon
|-damage|p2b: Archaludon|82/100
|-hitcount|p2b: Archaludon|10
|cant|p1a: Sinistcha|move: Taunt|Trick Room
|
|-weather|RainDance|[upkeep]
|upkeep
|turn|3
|inactive|HolgerD has 30 seconds left.
|inactive|HolgerD has 20 seconds left.
|inactive|HolgerD has 15 seconds left.
|inactive|HolgerD has 10 seconds left.
|inactive|HolgerD has 5 seconds left.
|
|t:|1755772699
|switch|p2a: Kingambit|Kingambit, L50, M|100/100
|switch|p1a: Ursaluna|Ursaluna-Bloodmoon, L50, M|100/100
|move|p1b: Maushold|Follow Me|p1b: Maushold
|-singleturn|p1b: Maushold|move: Follow Me
|move|p2b: Archaludon|Dragon Pulse|p1b: Maushold
|-damage|p1b: Maushold|45/100
|
|-weather|RainDance|[upkeep]
|upkeep
|turn|4
|inactive|maddokyoma has 30 seconds left.
|inactive|HolgerD has 30 seconds left.
|inactive|maddokyoma has 20 seconds left.
|inactive|HolgerD has 20 seconds left.
|
|t:|1755772735
|switch|p1b: Sinistcha|Sinistcha, L50, shiny|100/100
|move|p2b: Archaludon|Electro Shot||[still]
|-prepare|p2b: Archaludon|Electro Shot
|-boost|p2b: Archaludon|spa|1
|-anim|p2b: Archaludon|Electro Shot|p1b: Sinistcha
|-resisted|p1b: Sinistcha
|-damage|p1b: Sinistcha|72/100
|move|p2a: Kingambit|Swords Dance|p2a: Kingambit
|-boost|p2a: Kingambit|atk|2
|move|p1a: Ursaluna|Blood Moon|p2b: Archaludon
|-resisted|p2b: Archaludon
|-damage|p2b: Archaludon|44/100
|-damage|p1a: Ursaluna|90/100|[from] item: Life Orb
|
|-weather|RainDance|[upkeep]
|upkeep
|turn|5
|inactive|HolgerD has 30 seconds left.
|
|t:|1755772761
|move|p2b: Archaludon|Body Press|p1b: Sinistcha
|-immune|p1b: Sinistcha
|move|p2a: Kingambit|Kowtow Cleave|p1b: Sinistcha
|-supereffective|p1b: Sinistcha
|-damage|p1b: Sinistcha|0 fnt
|-damage|p2a: Kingambit|84/100|[from] item: Rocky Helmet|[of] p1b: Sinistcha
|faint|p1b: Sinistcha
|move|p1a: Ursaluna|Hyper Voice|p2b: Archaludon|[spread] p2a,p2b
|-resisted|p2a: Kingambit
|-resisted|p2b: Archaludon
|-damage|p2a: Kingambit|61/100
|-damage|p2b: Archaludon|26/100
|-damage|p1a: Ursaluna|80/100|[from] item: Life Orb
|
|-weather|none
|upkeep
|
|t:|1755772774
|switch|p1b: Maushold|Maushold, L50, tera:Ghost|45/100
|turn|6
|inactive|HolgerD has 30 seconds left.
|inactive|HolgerD has 20 seconds left.
|inactive|HolgerD has 15 seconds left.
|
|t:|1755772821
|switch|p1b: Torkoal|Torkoal, L50, M|100/100
|-weather|SunnyDay|[from] ability: Drought|[of] p1b: Torkoal
|move|p2b: Archaludon|Body Press|p1a: Ursaluna
|-supereffective|p1a: Ursaluna
|-damage|p1a: Ursaluna|0 fnt
|faint|p1a: Ursaluna
|move|p2a: Kingambit|Kowtow Cleave|p1b: Torkoal
|-damage|p1b: Torkoal|19/100
|
|-weather|SunnyDay|[upkeep]
|upkeep
|
|t:|1755772834
|switch|p1a: Maushold|Maushold, L50, tera:Ghost|45/100
|turn|7
|
|t:|1755772853
|move|p1a: Maushold|Follow Me|p1a: Maushold
|-singleturn|p1a: Maushold|move: Follow Me
|move|p2b: Archaludon|Dragon Pulse|p1a: Maushold
|-damage|p1a: Maushold|0 fnt
|faint|p1a: Maushold
|move|p2a: Kingambit|Kowtow Cleave|p1b: Torkoal
|-damage|p1b: Torkoal|0 fnt
|faint|p1b: Torkoal
|
|win|HolgerD
|raw|maddokyoma's rating: 1299 → 1275(-24 for losing)
|raw|HolgerD's rating: 1308 → 1327(+19 for winning)
|l|☆maddokyoma
|player|p1|
