|j|☆endk649
|j|☆raphaelk1602
|html|endk649raphaelk1602    
|uhtml|bestof|Game 2 of a best-of-3
|t:|1756831142
|gametype|doubles
|player|p1|endk649|gambler|1150
|player|p2|raphaelk1602|265|1006
|gen|9
|tier|[Gen 9] VGC 2025 Reg H (Bo3)
|rated|
|rule|Species Clause: Limit one of each Pokémon
|rule|Item Clause: Limit 1 of each item
|clearpoke
|poke|p1|Feraligatr, L50, M|
|poke|p1|Kommo-o, L50, M|
|poke|p1|Politoed, L50, M|
|poke|p1|Rillaboom, L50, F|
|poke|p1|Incineroar, L50, F|
|poke|p1|Maushold, L50|
|poke|p2|Politoed, L50, M|
|poke|p2|Sinistcha, L50|
|poke|p2|Archaludon, L50, M|
|poke|p2|Kingdra, L50, F|
|poke|p2|Incineroar, L50, M|
|poke|p2|Dragapult, L50, M|
|teampreview|4
|showteam|p1|Feraligatr||LifeOrb|SheerForce|Liquidation,Crunch,DragonDance,Protect|||M|||50|,,,,,Dark]Kommo-o||ThroatSpray|Overcoat|ClangingScales,AuraSphere,ClangorousSoul,Protect|||M|||50|,,,,,Fairy]Politoed||SitrusBerry|Drizzle|WeatherBall,IcyWind,Haze,Protect|||M|||50|,,,,,Grass]Rillaboom||AssaultVest|GrassySurge|WoodHammer,GrassyGlide,FakeOut,Uturn|||F|||50|,,,,,Fire]Incineroar||SafetyGoggles|Intimidate|KnockOff,FakeOut,HelpingHand,PartingShot|||F|||50|,,,,,Ghost]Maushold||GrassySeed|FriendGuard|Feint,Taunt,FollowMe,Protect||||||50|,,,,,Ghost
|showteam|p2|Politoed||Leftovers|Drizzle|Surf,WeatherBall,Protect,Haze|||M|||50|,,,,,Water]Sinistcha||SitrusBerry|Hospitality|ShadowBall,MatchaGotcha,TrickRoom,RagePowder||||||50|,,,,,Dark]Archaludon||AssaultVest|Stamina|ElectroShot,FlashCannon,DragonPulse,BodyPress|||M|||50|,,,,,Bug]Kingdra||LifeOrb|SwiftSwim|WeatherBall,MuddyWater,DracoMeteor,Protect|||F|||50|,,,,,Stellar]Incineroar||SafetyGoggles|Intimidate|KnockOff,FlareBlitz,PartingShot,FakeOut|||M|||50|,,,,,Ghost]Dragapult||ChoiceBand|ClearBody|DragonDarts,TeraBlast,PhantomForce,Uturn|||M|||50|,,,,,Ghost
|inactive|Battle timer is ON: inactive players will automatically lose when time's up. (requested by raphaelk1602)
|
|t:|1756831162
|teamsize|p1|4
|teamsize|p2|4
|start
|switch|p1a: Kommo-o|Kommo-o, L50, M|100/100
|switch|p1b: Incineroar|Incineroar, L50, F, shiny|100/100
|switch|p2a: Dragapult|Dragapult, L50, M|100/100
|switch|p2b: Archaludon|Archaludon, L50, M|100/100
|-ability|p1b: Incineroar|Intimidate|boost
|-fail|p2a: Dragapult|unboost|[from] ability: Clear Body|[of] p2a: Dragapult
|-unboost|p2b: Archaludon|atk|1
|turn|1
|
|t:|1756831181
|-terastallize|p1a: Kommo-o|Fairy
|move|p2a: Dragapult|Dragon Darts|p1b: Incineroar
|-damage|p1b: Incineroar|64/100
|-anim|p2a: Dragapult|Dragon Darts|p1b: Incineroar
|-damage|p1b: Incineroar|25/100
|move|p1a: Kommo-o|Clangorous Soul|p1a: Kommo-o
|-boost|p1a: Kommo-o|atk|1
|-boost|p1a: Kommo-o|def|1
|-boost|p1a: Kommo-o|spa|1
|-boost|p1a: Kommo-o|spd|1
|-boost|p1a: Kommo-o|spe|1
|-damage|p1a: Kommo-o|68/100
|-enditem|p1a: Kommo-o|Throat Spray
|-boost|p1a: Kommo-o|spa|1|[from] item: Throat Spray
|move|p2b: Archaludon|Body Press|p1b: Incineroar
|-supereffective|p1b: Incineroar
|-damage|p1b: Incineroar|0 fnt
|faint|p1b: Incineroar
|
|upkeep
|
|t:|1756831197
|switch|p1b: Rillaboom|Rillaboom, L50, F, shiny|100/100
|-fieldstart|move: Grassy Terrain|[from] ability: Grassy Surge|[of] p1b: Rillaboom
|turn|2
|
|t:|1756831211
|switch|p2a: Politoed|Politoed, L50, M|100/100
|-weather|RainDance|[from] ability: Drizzle|[of] p2a: Politoed
|move|p1b: Rillaboom|Fake Out|p2b: Archaludon
|-resisted|p2b: Archaludon
|-damage|p2b: Archaludon|95/100
|-ability|p2b: Archaludon|Stamina|boost
|-boost|p2b: Archaludon|def|1
|move|p1a: Kommo-o|Clanging Scales|p2a: Politoed|[spread] p2a,p2b
|-damage|p2a: Politoed|35/100
|-damage|p2b: Archaludon|42/100
|-ability|p2b: Archaludon|Stamina|boost
|-boost|p2b: Archaludon|def|1
|-unboost|p1a: Kommo-o|def|1
|cant|p2b: Archaludon|flinch
|
|-weather|RainDance|[upkeep]
|-heal|p1a: Kommo-o|74/100|[from] Grassy Terrain
|-heal|p2b: Archaludon|48/100|[from] Grassy Terrain
|-heal|p2a: Politoed|41/100|[from] Grassy Terrain
|-heal|p2a: Politoed|47/100|[from] item: Leftovers
|upkeep
|turn|3
|inactive|raphaelk1602 has 30 seconds left.
|
|t:|1756831242
|switch|p2a: Sinistcha|Sinistcha, L50|100/100
|-heal|p2b: Archaludon|72/100|[from] ability: Hospitality|[of] p2a: Sinistcha
|move|p1a: Kommo-o|Clanging Scales|p2a: Sinistcha|[spread] p2a,p2b
|-damage|p2a: Sinistcha|29/100
|-damage|p2b: Archaludon|11/100
|-ability|p2b: Archaludon|Stamina|boost
|-boost|p2b: Archaludon|def|1
|-enditem|p2a: Sinistcha|Sitrus Berry|[eat]
|-heal|p2a: Sinistcha|54/100|[from] item: Sitrus Berry
|-unboost|p1a: Kommo-o|def|1
|move|p2b: Archaludon|Electro Shot||[still]
|-prepare|p2b: Archaludon|Electro Shot
|-boost|p2b: Archaludon|spa|1
|-anim|p2b: Archaludon|Electro Shot|p1a: Kommo-o
|-damage|p1a: Kommo-o|24/100
|move|p1b: Rillaboom|U-turn|p2b: Archaludon
|-resisted|p2b: Archaludon
|-damage|p2b: Archaludon|7/100
|-ability|p2b: Archaludon|Stamina|boost
|-boost|p2b: Archaludon|def|1
|
|t:|1756831246
|switch|p1b: Feraligatr|Feraligatr, L50, M, shiny|100/100|[from] U-turn
|
|-weather|RainDance|[upkeep]
|-heal|p1a: Kommo-o|30/100|[from] Grassy Terrain
|-heal|p2b: Archaludon|13/100|[from] Grassy Terrain
|-heal|p2a: Sinistcha|60/100|[from] Grassy Terrain
|upkeep
|turn|4
|inactive|raphaelk1602 has 30 seconds left.
|inactive|raphaelk1602 has 20 seconds left.
|inactive|raphaelk1602 has 15 seconds left.
|
|t:|1756831287
|switch|p2a: Politoed|Politoed, L50, M|47/100
|move|p1a: Kommo-o|Clanging Scales|p2a: Politoed|[spread] p2a,p2b
|-damage|p2a: Politoed|0 fnt
|-damage|p2b: Archaludon|0 fnt
|faint|p2a: Politoed
|faint|p2b: Archaludon
|-unboost|p1a: Kommo-o|def|1
|move|p1b: Feraligatr|Dragon Dance|p1b: Feraligatr
|-boost|p1b: Feraligatr|atk|1
|-boost|p1b: Feraligatr|spe|1
|
|-weather|RainDance|[upkeep]
|-heal|p1a: Kommo-o|36/100|[from] Grassy Terrain
|upkeep
|
|t:|1756831292
|switch|p2b: Sinistcha|Sinistcha, L50|60/100
|switch|p2a: Dragapult|Dragapult, L50, M|100/100
|turn|5
|
|t:|1756831298
|-terastallize|p2a: Dragapult|Ghost
|move|p1a: Kommo-o|Clanging Scales|p2b: Sinistcha|[spread] p2a,p2b
|-damage|p2a: Dragapult|0 fnt
|-damage|p2b: Sinistcha|0 fnt
|faint|p2a: Dragapult
|faint|p2b: Sinistcha
|
|win|endk649
|raw|endk649's rating: 1150 → 1165(+15 for winning)
|raw|raphaelk1602's rating: 1006 → 1000(-6 for losing)
|l|☆raphaelk1602
|player|p2|
