|j|☆unspecific
|j|☆KodeBeast0526
|html|unspecificKodeBeast0526    
|uhtml|bestof|Game 1 of a best-of-3
|t:|1784903227
|gametype|doubles
|player|p1|unspecific|169|1037
|player|p2|KodeBeast0526|hiker|1158
|gen|9
|tier|[Gen 9 Champions] VGC 2026 Reg M-B (Bo3)
|rated|
|rule|Species Clause: Limit one of each Pokémon
|rule|Item Clause: Limit 1 of each item
|clearpoke
|poke|p1|Farigiraf, L50, M|
|poke|p1|Torkoal, L50, F|
|poke|p1|Kingambit, L50, M|
|poke|p1|Incineroar, L50, F|
|poke|p1|Venusaur, L50, F|
|poke|p1|Conkeldurr, L50, M|
|poke|p2|Tyranitar, L50, M|
|poke|p2|Excadrill, L50, F|
|poke|p2|Milotic, L50, F|
|poke|p2|Sinistcha, L50|
|poke|p2|Staraptor, L50, F|
|poke|p2|Gholdengo, L50|
|teampreview|4
|showteam|p1|Farigiraf||MentalHerb|ArmorTail|TrickRoom,TwinBeam,Thunderbolt,Protect|Sassy||M|||50|]Torkoal||Charcoal|Drought|HeatWave,Eruption,EarthPower,Protect|Quiet||F|||50|]Kingambit||WhiteHerb|Defiant|SuckerPunch,KowtowCleave,IronHead,Protect|Brave||M|||50|]Incineroar||SitrusBerry|Intimidate|FakeOut,PartingShot,ThroatChop,FlareBlitz|Adamant||F|||50|]Venusaur||Venusaurite|Chlorophyll|SleepPowder,GigaDrain,SludgeBomb,EarthPower|Modest||F|||50|]Conkeldurr||BlackBelt|IronFist|MachPunch,DrainPunch,IcePunch,Protect|Brave||M|||50|
|showteam|p2|Tyranitar||Tyranitarite|SandStream|KnockOff,RockSlide,HighHorsepower,Protect|Jolly||M|||50|]Excadrill||FocusSash|SandRush|Earthquake,IronHead,RockSlide,Protect|Adamant||F|||50|]Milotic||SitrusBerry|Competitive|Scald,IcyWind,Haze,Protect|Calm||F|||50|]Sinistcha||ColburBerry|Hospitality|MatchaGotcha,ShadowBall,Protect,RagePowder|Bold|||||50|]Staraptor||Staraptite|Intimidate|CloseCombat,BraveBird,Tailwind,Protect|Jolly||F|||50|]Gholdengo||LifeOrb|GoodasGold|MakeItRain,ShadowBall,NastyPlot,Protect|Modest|||||50|
|
|t:|1784903307
|teamsize|p1|4
|teamsize|p2|4
|start
|switch|p1a: Incineroar|Incineroar, L50, F|100/100
|switch|p1b: Farigiraf|Farigiraf, L50, M|100/100
|switch|p2a: Gholdengo|Gholdengo, L50|100/100
|switch|p2b: Sinistcha|Sinistcha, L50|100/100
|-ability|p1a: Incineroar|Intimidate|boost
|-unboost|p2a: Gholdengo|atk|1
|-unboost|p2b: Sinistcha|atk|1
|turn|1
|
|t:|1784903335
|move|p1b: Farigiraf|Protect|p1b: Farigiraf
|-singleturn|p1b: Farigiraf|Protect
|move|p2a: Gholdengo|Make It Rain|p1a: Incineroar|[spread] p1a
|-activate|p1b: Farigiraf|move: Protect
|-resisted|p1a: Incineroar|1
|-damage|p1a: Incineroar|72/100
|-unboost|p2a: Gholdengo|spa|2
|-damage|p2a: Gholdengo|90/100|[from] item: Life Orb
|move|p2b: Sinistcha|Matcha Gotcha|p1b: Farigiraf|[spread] p1a
|-activate|p1b: Farigiraf|move: Protect
|-resisted|p1a: Incineroar|1
|-damage|p1a: Incineroar|61/100
|move|p1a: Incineroar|Throat Chop|p2a: Gholdengo
|-supereffective|p2a: Gholdengo|1
|-damage|p2a: Gholdengo|22/100
|-start|p2a: Gholdengo|Throat Chop|[silent]
|
|upkeep
|turn|2
|
|t:|1784903377
|switch|p2b: Staraptor|Staraptor, L50, F|100/100
|-ability|p2b: Staraptor|Intimidate|boost
|-unboost|p1a: Incineroar|atk|1
|-unboost|p1b: Farigiraf|atk|1
|move|p2a: Gholdengo|Nasty Plot|p2a: Gholdengo
|-boost|p2a: Gholdengo|spa|2
|move|p1a: Incineroar|Throat Chop|p2a: Gholdengo
|-supereffective|p2a: Gholdengo|1
|-damage|p2a: Gholdengo|0 fnt
|faint|p2a: Gholdengo
|move|p1b: Farigiraf|Trick Room|p1b: Farigiraf
|-fieldstart|move: Trick Room|[of] p1b: Farigiraf
|
|upkeep
|
|t:|1784903390
|switch|p2a: Sinistcha|Sinistcha, L50|100/100
|turn|3
|
|t:|1784903407
|switch|p1a: Torkoal|Torkoal, L50, F|100/100
|-weather|SunnyDay|[from] ability: Drought|[of] p1a: Torkoal
|detailschange|p2b: Staraptor|Staraptor-Mega, L50, F
|-mega|p2b: Staraptor|Staraptor|Staraptite
|move|p1b: Farigiraf|Thunderbolt|p2b: Staraptor
|-supereffective|p2b: Staraptor|1
|-damage|p2b: Staraptor|53/100
|move|p2a: Sinistcha|Matcha Gotcha|p1b: Farigiraf|[spread] p1a,p1b
|-resisted|p1a: Torkoal|1
|-damage|p1a: Torkoal|84/100
|-damage|p1b: Farigiraf|83/100
|move|p2b: Staraptor|Close Combat|p1a: Torkoal
|-damage|p1a: Torkoal|41/100
|-boost|p2b: Staraptor|def|1
|-boost|p2b: Staraptor|spd|1
|
|-weather|SunnyDay|[upkeep]
|upkeep
|turn|4
|
|t:|1784903434
|move|p2b: Staraptor|Protect|p2b: Staraptor
|-singleturn|p2b: Staraptor|Protect
|move|p1a: Torkoal|Eruption|p2a: Sinistcha|[spread] p2a
|-activate|p2b: Staraptor|move: Protect
|-supereffective|p2a: Sinistcha|1
|-damage|p2a: Sinistcha|28/100
|move|p1b: Farigiraf|Thunderbolt|p2b: Staraptor
|-activate|p2b: Staraptor|move: Protect
|move|p2a: Sinistcha|Shadow Ball|p1a: Torkoal
|-damage|p1a: Torkoal|0 fnt
|faint|p1a: Torkoal
|
|-weather|SunnyDay|[upkeep]
|upkeep
|
|t:|1784903451
|switch|p1a: Incineroar|Incineroar, L50, F|61/100
|-ability|p1a: Incineroar|Intimidate|boost
|-unboost|p2a: Sinistcha|atk|1
|-boost|p2b: Staraptor|atk|1
|turn|5
|
|t:|1784903459
|move|p2a: Sinistcha|Protect|p2a: Sinistcha
|-singleturn|p2a: Sinistcha|Protect
|move|p1a: Incineroar|Fake Out|p2b: Staraptor
|-damage|p2b: Staraptor|44/100
|move|p1b: Farigiraf|Thunderbolt|p2b: Staraptor
|-supereffective|p2b: Staraptor|1
|-damage|p2b: Staraptor|15/100
|cant|p2b: Staraptor|flinch
|
|-weather|SunnyDay|[upkeep]
|upkeep
|turn|6
|
|t:|1784903485
|switch|p2a: Milotic|Milotic, L50, F|100/100
|move|p2b: Staraptor|Protect|p2b: Staraptor
|-singleturn|p2b: Staraptor|Protect
|move|p1b: Farigiraf|Twin Beam|p2b: Staraptor
|-activate|p2b: Staraptor|move: Protect
|move|p1a: Incineroar|Throat Chop|p2a: Milotic
|-damage|p2a: Milotic|61/100
|-start|p2a: Milotic|Throat Chop|[silent]
|
|-weather|SunnyDay|[upkeep]
|-fieldend|move: Trick Room
|upkeep
|turn|7
|
|t:|1784903519
|switch|p1a: Venusaur|Venusaur, L50, F|100/100
|move|p2b: Staraptor|Brave Bird|p1b: Farigiraf
|-damage|p1b: Farigiraf|0 fnt
|faint|p1b: Farigiraf
|-damage|p2b: Staraptor|0 fnt|[from] Recoil
|faint|p2b: Staraptor
|move|p2a: Milotic|Scald|p1a: Venusaur
|-resisted|p1a: Venusaur|1
|-damage|p1a: Venusaur|94/100
|-status|p1a: Venusaur|brn
|
|-weather|none
|-damage|p1a: Venusaur|88/100 brn|[from] brn
|-end|p2a: Milotic|Throat Chop|[silent]
|upkeep
|
|t:|1784903534
|switch|p2b: Sinistcha|Sinistcha, L50|28/100
|switch|p1b: Incineroar|Incineroar, L50, F|61/100
|-ability|p1b: Incineroar|Intimidate|boost
|-unboost|p2a: Milotic|atk|1
|-ability|p2a: Milotic|Competitive|boost
|-boost|p2a: Milotic|spa|2
|-unboost|p2b: Sinistcha|atk|1
|-heal|p2a: Milotic|86/100|[from] ability: Hospitality|[of] p2b: Sinistcha
|turn|8
|
|t:|1784903564
|detailschange|p1a: Venusaur|Venusaur-Mega, L50, F
|-mega|p1a: Venusaur|Venusaur|Venusaurite
|move|p2a: Milotic|Icy Wind|p1b: Incineroar|[spread] p1a,p1b
|-supereffective|p1a: Venusaur|1
|-resisted|p1b: Incineroar|1
|-damage|p1a: Venusaur|72/100 brn
|-damage|p1b: Incineroar|52/100
|-unboost|p1a: Venusaur|spe|1
|-unboost|p1b: Incineroar|spe|1
|move|p2b: Sinistcha|Matcha Gotcha|p1a: Venusaur|[spread] p1a,p1b
|-resisted|p1a: Venusaur|2
|-resisted|p1b: Incineroar|1
|-damage|p1a: Venusaur|67/100 brn
|-heal|p2b: Sinistcha|30/100|[from] drain|[of] p1a: Venusaur
|-damage|p1b: Incineroar|40/100
|-heal|p2b: Sinistcha|37/100|[from] drain|[of] p1b: Incineroar
|-enditem|p1b: Incineroar|Sitrus Berry|[eat]
|-heal|p1b: Incineroar|65/100|[from] item: Sitrus Berry
|move|p1a: Venusaur|Sleep Powder|p2a: Milotic
|-status|p2a: Milotic|slp|[from] move: Sleep Powder
|move|p1b: Incineroar|Throat Chop|p2b: Sinistcha
|-supereffective|p2b: Sinistcha|1
|-enditem|p2b: Sinistcha|Colbur Berry|[eat]
|-enditem|p2b: Sinistcha|Colbur Berry|[weaken]
|-damage|p2b: Sinistcha|6/100
|-start|p2b: Sinistcha|Throat Chop|[silent]
|
|-damage|p1a: Venusaur|61/100 brn|[from] brn
|upkeep
|turn|9
|
|t:|1784903599
|cant|p2a: Milotic|slp
|move|p2b: Sinistcha|Shadow Ball|p1a: Venusaur
|-damage|p1a: Venusaur|36/100 brn
|move|p1a: Venusaur|Giga Drain|p2a: Milotic
|-supereffective|p2a: Milotic|1
|-damage|p2a: Milotic|35/100 slp
|-heal|p1a: Venusaur|62/100 brn|[from] drain|[of] p2a: Milotic
|-enditem|p2a: Milotic|Sitrus Berry|[eat]
|-heal|p2a: Milotic|60/100 slp|[from] item: Sitrus Berry
|move|p1b: Incineroar|Throat Chop|p2b: Sinistcha
|-supereffective|p2b: Sinistcha|1
|-damage|p2b: Sinistcha|0 fnt
|faint|p2b: Sinistcha
|
|-damage|p1a: Venusaur|56/100 brn|[from] brn
|upkeep
|turn|10
|
|t:|1784903621
|cant|p2a: Milotic|slp
|move|p1a: Venusaur|Giga Drain|p2a: Milotic
|-supereffective|p2a: Milotic|1
|-damage|p2a: Milotic|10/100 slp
|-heal|p1a: Venusaur|82/100 brn|[from] drain|[of] p2a: Milotic
|move|p1b: Incineroar|Throat Chop|p2a: Milotic
|-damage|p2a: Milotic|0 fnt
|faint|p2a: Milotic
|
|win|unspecific
