|j|☆frx1qA19z
|j|☆MrGardnHose
|html|frx1qA19zMrGardnHose    
|uhtml|bestof|Game 3 of a best-of-3
|t:|1782242276
|gametype|doubles
|player|p1|frx1qA19z|170|1102
|player|p2|MrGardnHose|jasmine-masters2|1046
|gen|9
|tier|[Gen 9 Champions] VGC 2026 Reg M-B (Bo3)
|rated|
|rule|Species Clause: Limit one of each Pokémon
|rule|Item Clause: Limit 1 of each item
|clearpoke
|poke|p1|Swampert, L50, M|
|poke|p1|Floette-Eternal, L50, F|
|poke|p1|Pelipper, L50, M|
|poke|p1|Grimmsnarl, L50, M|
|poke|p1|Sinistcha, L50|
|poke|p1|Archaludon, L50, M|
|poke|p2|Metagross, L50|
|poke|p2|Garchomp, L50, M|
|poke|p2|Talonflame, L50, M|
|poke|p2|Eelektross, L50, F|
|poke|p2|Basculegion, L50, M|
|poke|p2|Kingambit, L50, F|
|teampreview|4
|showteam|p1|Swampert||Swampertite|Torrent|WaveCrash,Earthquake,IcePunch,Protect|Adamant||M|||50|]Floette-Eternal||Floettite|FlowerVeil|Moonblast,DazzlingGleam,CalmMind,Protect|Timid||F|||50|]Pelipper||SitrusBerry|Drizzle|Hurricane,WeatherBall,WideGuard,Tailwind|Calm||M|||50|]Grimmsnarl||LightClay|Prankster|Reflect,LightScreen,PartingShot,FoulPlay|Careful||M|||50|]Sinistcha||CobaBerry|Hospitality|MatchaGotcha,TrickRoom,RagePowder,LifeDew|Calm|||||50|]Archaludon||Leftovers|Stamina|ElectroShot,DragonPulse,FlashCannon,Protect|Modest||M|||50|
|showteam|p2|Metagross||Metagrossite|ClearBody|IronHead,PsychicFangs,IcePunch,Protect|Timid|||||50|]Garchomp||LifeOrb|RoughSkin|Earthquake,RockSlide,DragonClaw,Protect|Jolly||M|||50|]Talonflame||SharpBeak|GaleWings|DualWingbeat,FlareBlitz,Tailwind,UpperHand|Jolly||M|||50|]Eelektross||Eelektrossite|Levitate|Thunderbolt,Discharge,GigaDrain,Protect|Modest||F|||50|]Basculegion||MysticWater|Adaptability|AquaJet,WaveCrash,LastRespects,Protect|Adamant||M|||50|]Kingambit||BlackGlasses|Defiant|KowtowCleave,SuckerPunch,LowKick,Protect|Adamant||F|||50|
|
|t:|1782242312
|teamsize|p1|4
|teamsize|p2|4
|start
|switch|p1a: Grimmsnarl|Grimmsnarl, L50, M|100/100
|switch|p1b: Pelipper|Pelipper, L50, M|100/100
|switch|p2a: Garchomp|Garchomp, L50, M|100/100
|switch|p2b: Talonflame|Talonflame, L50, M|100/100
|-weather|RainDance|[from] ability: Drizzle|[of] p1b: Pelipper
|turn|1
|
|t:|1782242333
|move|p2a: Garchomp|Protect|p2a: Garchomp
|-singleturn|p2a: Garchomp|Protect
|move|p2b: Talonflame|Tailwind|p2b: Talonflame
|-sidestart|p2: MrGardnHose|move: Tailwind
|move|p1a: Grimmsnarl|Reflect|p1a: Grimmsnarl
|-sidestart|p1: frx1qA19z|Reflect
|move|p1b: Pelipper|Weather Ball|p2a: Garchomp
|-activate|p2a: Garchomp|move: Protect
|
|-weather|RainDance|[upkeep]
|upkeep
|turn|2
|
|t:|1782242351
|move|p2b: Talonflame|Dual Wingbeat|p1b: Pelipper
|-damage|p1b: Pelipper|87/100
|-damage|p1b: Pelipper|75/100
|-hitcount|p1b: Pelipper|2
|move|p2a: Garchomp|Rock Slide|p1b: Pelipper|[spread] p1a,p1b
|-supereffective|p1b: Pelipper|1
|-damage|p1a: Grimmsnarl|84/100
|-damage|p1b: Pelipper|41/100
|-enditem|p1b: Pelipper|Sitrus Berry|[eat]
|-heal|p1b: Pelipper|65/100|[from] item: Sitrus Berry
|-damage|p2a: Garchomp|90/100|[from] item: Life Orb
|cant|p1b: Pelipper|flinch
|move|p1a: Grimmsnarl|Foul Play|p2b: Talonflame
|-damage|p2b: Talonflame|40/100
|
|-weather|RainDance|[upkeep]
|upkeep
|turn|3
|
|t:|1782242392
|move|p1a: Grimmsnarl|Parting Shot|p2b: Talonflame
|-unboost|p2b: Talonflame|atk|1
|-unboost|p2b: Talonflame|spa|1
|
|t:|1782242396
|switch|p1a: Archaludon|Archaludon, L50, M|100/100|[from] Parting Shot
|move|p2b: Talonflame|Dual Wingbeat|p1b: Pelipper
|-damage|p1b: Pelipper|58/100
|-damage|p1b: Pelipper|49/100
|-hitcount|p1b: Pelipper|2
|move|p2a: Garchomp|Dragon Claw|p1b: Pelipper
|-damage|p1b: Pelipper|15/100
|-damage|p2a: Garchomp|80/100|[from] item: Life Orb
|move|p1b: Pelipper|Weather Ball|p2a: Garchomp
|-damage|p2a: Garchomp|20/100y
|
|-weather|RainDance|[upkeep]
|upkeep
|turn|4
|
|t:|1782242412
|switch|p1b: Grimmsnarl|Grimmsnarl, L50, M|84/100
|move|p2b: Talonflame|Dual Wingbeat|p1b: Grimmsnarl
|-damage|p1b: Grimmsnarl|76/100
|-damage|p1b: Grimmsnarl|67/100
|-hitcount|p1b: Grimmsnarl|2
|move|p2a: Garchomp|Earthquake|p1a: Archaludon|[spread] p1a,p1b
|-immune|p2b: Talonflame
|-supereffective|p1a: Archaludon|1
|-damage|p1a: Archaludon|46/100
|-damage|p1b: Grimmsnarl|37/100
|-ability|p1a: Archaludon|Stamina|boost
|-boost|p1a: Archaludon|def|1
|-damage|p2a: Garchomp|10/100|[from] item: Life Orb
|move|p1a: Archaludon|Electro Shot||[still]
|-prepare|p1a: Archaludon|Electro Shot
|-boost|p1a: Archaludon|spa|1
|-anim|p1a: Archaludon|Electro Shot|p2b: Talonflame
|-supereffective|p2b: Talonflame|1
|-damage|p2b: Talonflame|0 fnt
|faint|p2b: Talonflame
|
|-weather|RainDance|[upkeep]
|-heal|p1a: Archaludon|52/100|[from] item: Leftovers
|-sideend|p2: MrGardnHose|move: Tailwind
|upkeep
|
|t:|1782242418
|switch|p2b: Metagross|Metagross, L50|100/100
|turn|5
|
|t:|1782242474
|detailschange|p2b: Metagross|Metagross-Mega, L50
|-mega|p2b: Metagross|Metagross|Metagrossite
|move|p2a: Garchomp|Protect|p2a: Garchomp
|-singleturn|p2a: Garchomp|Protect
|move|p1a: Archaludon|Protect|p1a: Archaludon
|-singleturn|p1a: Archaludon|Protect
|move|p2b: Metagross|Iron Head|p1b: Grimmsnarl
|-supereffective|p1b: Grimmsnarl|1
|-damage|p1b: Grimmsnarl|0 fnt
|faint|p1b: Grimmsnarl
|
|-weather|none
|-heal|p1a: Archaludon|58/100|[from] item: Leftovers
|upkeep
|
|t:|1782242488
|switch|p1b: Swampert|Swampert, L50, M|100/100
|turn|6
|
|t:|1782242509
|switch|p1a: Pelipper|Pelipper, L50, M|15/100
|-weather|RainDance|[from] ability: Drizzle|[of] p1a: Pelipper
|detailschange|p1b: Swampert|Swampert-Mega, L50, M
|-mega|p1b: Swampert|Swampert|Swampertite
|move|p2b: Metagross|Protect|p2b: Metagross
|-singleturn|p2b: Metagross|Protect
|move|p1b: Swampert|Earthquake|p2a: Garchomp|[spread] p2a
|-activate|p2b: Metagross|move: Protect
|-immune|p1a: Pelipper
|-damage|p2a: Garchomp|0 fnt
|faint|p2a: Garchomp
|
|-weather|RainDance|[upkeep]
|upkeep
|
|t:|1782242518
|switch|p2a: Basculegion|Basculegion, L50, M|100/100
|turn|7
|
|t:|1782242531
|move|p2b: Metagross|Protect||[still]
|-fail|p2b: Metagross
|move|p1b: Swampert|Earthquake|p2a: Basculegion|[spread] p2a,p2b
|-immune|p1a: Pelipper
|-supereffective|p2b: Metagross|1
|-damage|p2a: Basculegion|45/100
|-damage|p2b: Metagross|17/100
|move|p2a: Basculegion|Last Respects|p1b: Swampert
|-damage|p1b: Swampert|34/100
|move|p1a: Pelipper|Tailwind|p1a: Pelipper
|-sidestart|p1: frx1qA19z|move: Tailwind
|
|-weather|RainDance|[upkeep]
|upkeep
|turn|8
|
|t:|1782242555
|move|p2b: Metagross|Protect|p2b: Metagross
|-singleturn|p2b: Metagross|Protect
|move|p2a: Basculegion|Protect|p2a: Basculegion
|-singleturn|p2a: Basculegion|Protect
|move|p1b: Swampert|Earthquake|p2b: Metagross|[spread] 
|-activate|p2a: Basculegion|move: Protect
|-activate|p2b: Metagross|move: Protect
|-immune|p1a: Pelipper
|move|p1a: Pelipper|Hurricane|p2a: Basculegion
|-activate|p2a: Basculegion|move: Protect
|
|-weather|RainDance|[upkeep]
|-sideend|p1: frx1qA19z|Reflect
|upkeep
|turn|9
|
|t:|1782242565
|move|p2a: Basculegion|Aqua Jet|p1b: Swampert
|-damage|p1b: Swampert|0 fnt
|faint|p1b: Swampert
|move|p2b: Metagross|Psychic Fangs|p1a: Pelipper
|-damage|p1a: Pelipper|0 fnt
|faint|p1a: Pelipper
|
|-weather|RainDance|[upkeep]
|upkeep
|
|t:|1782242573
|switch|p1b: Archaludon|Archaludon, L50, M|58/100
|turn|10
|
|t:|1782242576
|move|p2b: Metagross|Protect|p2b: Metagross
|-singleturn|p2b: Metagross|Protect
|move|p2a: Basculegion|Protect|p2a: Basculegion
|-singleturn|p2a: Basculegion|Protect
|move|p1b: Archaludon|Electro Shot||[still]
|-prepare|p1b: Archaludon|Electro Shot
|-boost|p1b: Archaludon|spa|1
|-anim|p1b: Archaludon|Electro Shot|p2a: Basculegion
|-activate|p2a: Basculegion|move: Protect
|
|-weather|none
|-heal|p1b: Archaludon|65/100|[from] item: Leftovers
|-sideend|p1: frx1qA19z|move: Tailwind
|upkeep
|turn|11
|
|t:|1782242584
|move|p2b: Metagross|Ice Punch|p1b: Archaludon
|-damage|p1b: Archaludon|41/100
|-status|p1b: Archaludon|frz
|-ability|p1b: Archaludon|Stamina|boost
|-boost|p1b: Archaludon|def|1
|move|p2a: Basculegion|Last Respects|p1b: Archaludon
|-damage|p1b: Archaludon|0 fnt
|faint|p1b: Archaludon
|
|win|MrGardnHose
|raw|frx1qA19z's rating: 1102 → 1073(-29 for losing)
|raw|MrGardnHose's rating: 1046 → 1084(+38 for winning)
