|j|☆Gastrosophilipp
|j|☆CaratroncoSun
|html|GastrosophilippCaratroncoSun    
|uhtml|bestof|Game 2 of a best-of-3
|t:|1783511903
|gametype|doubles
|player|p1|Gastrosophilipp|juan|1301
|player|p2|CaratroncoSun|juan|1254
|gen|9
|tier|[Gen 9 Champions] VGC 2026 Reg M-B (Bo3)
|rated|
|rule|Species Clause: Limit one of each Pokémon
|rule|Item Clause: Limit 1 of each item
|clearpoke
|poke|p1|Charizard, L50, M|
|poke|p1|Aerodactyl, L50, F|
|poke|p1|Sylveon, L50, F|
|poke|p1|Kingambit, L50, M|
|poke|p1|Farigiraf, L50, F|
|poke|p1|Garchomp, L50, M|
|poke|p2|Charizard, L50, M, shiny|
|poke|p2|Venusaur, L50, M, shiny|
|poke|p2|Whimsicott, L50, F, shiny|
|poke|p2|Basculegion, L50, M|
|poke|p2|Garchomp, L50, F, shiny|
|poke|p2|Tyranitar, L50, F|
|teampreview|4
|showteam|p1|Charizard||CharizarditeY|Blaze|WeatherBall,HeatWave,SolarBeam,Protect|Modest||M|||50|]Aerodactyl||Aerodactylite|Unnerve|RockSlide,DualWingbeat,IceFang,Tailwind|Jolly||F|||50|]Sylveon||FairyFeather|Pixilate|HyperBeam,HyperVoice,QuickAttack,Protect|Modest||F|||50|]Kingambit||FocusSash|Defiant|KowtowCleave,IronHead,SuckerPunch,LowKick|Adamant||M|||50|]Farigiraf||SitrusBerry|ArmorTail|Psychic,Thunderbolt,TrickRoom,Protect|Bold||F|||50|]Garchomp||LifeOrb|RoughSkin|DragonClaw,Earthquake,StompingTantrum,Protect|Jolly||M|||50|
|showteam|p2|Charizard||CharizarditeY|Blaze|Protect,SolarBeam,HeatWave,AirSlash|Modest||M|||50|]Venusaur||WideLens|Chlorophyll|Protect,GigaDrain,EarthPower,SleepPowder|Modest||M|||50|]Whimsicott||FocusSash|Prankster|Protect,Moonblast,Tailwind,Encore|Timid||F|||50|]Basculegion||MysticWater|Adaptability|Protect,AquaJet,WaveCrash,LastRespects|Adamant||M|||50|]Garchomp||RoseliBerry|RoughSkin|Protect,PoisonJab,StompingTantrum,StoneEdge|Jolly||F|||50|]Tyranitar||Tyranitarite|SandStream|Protect,RockSlide,KnockOff,LowKick|Adamant||F|||50|
|inactive|Battle timer is ON: inactive players will automatically lose when time's up. (requested by Gastrosophilipp)
|inactive|Gastrosophilipp has 60 seconds left.
|inactive|CaratroncoSun has 60 seconds left.
|inactive|Gastrosophilipp has 30 seconds left.
|inactive|Gastrosophilipp has 20 seconds left.
|inactive|Gastrosophilipp has 15 seconds left.
|inactive|Gastrosophilipp has 10 seconds left.
|
|t:|1783511985
|teamsize|p1|4
|teamsize|p2|4
|start
|switch|p1a: Charizard|Charizard, L50, M|100/100
|switch|p1b: Farigiraf|Farigiraf, L50, F|100/100
|switch|p2a: Tyranitar|Tyranitar, L50, F|100/100
|switch|p2b: Whimsicott|Whimsicott, L50, F, shiny|100/100
|-weather|Sandstorm|[from] ability: Sand Stream|[of] p2a: Tyranitar
|turn|1
|inactive|Gastrosophilipp has 30 seconds left.
|inactive|CaratroncoSun has 30 seconds left.
|inactive|Gastrosophilipp has 20 seconds left.
|inactive|Gastrosophilipp has 15 seconds left.
|
|t:|1783512028
|detailschange|p1a: Charizard|Charizard-Mega-Y, L50, M
|-mega|p1a: Charizard|Charizard|Charizardite Y
|-weather|SunnyDay|[from] ability: Drought|[of] p1a: Charizard
|detailschange|p2a: Tyranitar|Tyranitar-Mega, L50, F
|-mega|p2a: Tyranitar|Tyranitar|Tyranitarite
|-weather|Sandstorm|[from] ability: Sand Stream|[of] p2a: Tyranitar
|move|p2b: Whimsicott|Protect|p2b: Whimsicott
|-singleturn|p2b: Whimsicott|Protect
|move|p1a: Charizard|Solar Beam||[still]
|-prepare|p1a: Charizard|Solar Beam
|move|p2a: Tyranitar|Knock Off|p1b: Farigiraf
|-supereffective|p1b: Farigiraf|1
|-damage|p1b: Farigiraf|4/100
|-enditem|p1b: Farigiraf|Sitrus Berry|[from] move: Knock Off|[of] p2a: Tyranitar
|move|p1b: Farigiraf|Trick Room|p1b: Farigiraf
|-fieldstart|move: Trick Room|[of] p1b: Farigiraf
|
|-weather|Sandstorm|[upkeep]
|-damage|p1b: Farigiraf|0 fnt|[from] Sandstorm
|-damage|p1a: Charizard|93/100|[from] Sandstorm
|-damage|p2b: Whimsicott|94/100|[from] Sandstorm
|faint|p1b: Farigiraf
|upkeep
|inactive|Gastrosophilipp has 30 seconds left.
|inactive|Gastrosophilipp has 20 seconds left.
|inactive|Gastrosophilipp has 15 seconds left.
|inactive|Gastrosophilipp has 10 seconds left.
|inactive|Gastrosophilipp has 5 seconds left.
|
|t:|1783512080
|switch|p1b: Kingambit|Kingambit, L50, M|100/100
|turn|2
|
|t:|1783512098
|switch|p2a: Venusaur|Venusaur, L50, M, shiny|100/100
|move|p1b: Kingambit|Low Kick|p2a: Venusaur
|-resisted|p2a: Venusaur|1
|-damage|p2a: Venusaur|76/100
|move|p1a: Charizard|Solar Beam|p2a: Venusaur|[from] lockedmove
|-resisted|p2a: Venusaur|2
|-damage|p2a: Venusaur|70/100
|move|p2b: Whimsicott|Moonblast|p1b: Kingambit
|-damage|p1b: Kingambit|62/100
|
|-weather|Sandstorm|[upkeep]
|-damage|p1a: Charizard|87/100|[from] Sandstorm
|-damage|p2a: Venusaur|64/100|[from] Sandstorm
|-damage|p2b: Whimsicott|88/100|[from] Sandstorm
|upkeep
|turn|3
|
|t:|1783512123
|move|p2a: Venusaur|Protect|p2a: Venusaur
|-singleturn|p2a: Venusaur|Protect
|move|p2b: Whimsicott|Encore|p1a: Charizard
|-start|p1a: Charizard|Encore
|move|p1b: Kingambit|Iron Head|p2b: Whimsicott
|-supereffective|p2b: Whimsicott|1
|-damage|p2b: Whimsicott|0 fnt
|faint|p2b: Whimsicott
|move|p1a: Charizard|Solar Beam||[still]
|-prepare|p1a: Charizard|Solar Beam
|
|-weather|Sandstorm|[upkeep]
|-damage|p1a: Charizard|81/100|[from] Sandstorm
|-damage|p2a: Venusaur|58/100|[from] Sandstorm
|upkeep
|
|t:|1783512136
|switch|p2b: Charizard|Charizard, L50, M, shiny|100/100
|turn|4
|inactive|Gastrosophilipp has 30 seconds left.
|
|t:|1783512163
|switch|p2a: Tyranitar|Tyranitar-Mega, L50, F|100/100
|move|p1b: Kingambit|Sucker Punch|p2b: Charizard
|-damage|p2b: Charizard|51/100
|move|p1a: Charizard|Solar Beam|p2b: Charizard|[from] lockedmove
|-resisted|p2b: Charizard|2
|-damage|p2b: Charizard|44/100
|move|p2b: Charizard|Heat Wave|p1b: Kingambit|[spread] p1a,p1b
|-resisted|p1a: Charizard|1
|-supereffective|p1b: Kingambit|1
|-damage|p1a: Charizard|68/100
|-damage|p1b: Kingambit|0 fnt
|faint|p1b: Kingambit
|
|-weather|Sandstorm|[upkeep]
|-damage|p1a: Charizard|62/100|[from] Sandstorm
|-damage|p2b: Charizard|38/100|[from] Sandstorm
|upkeep
|
|t:|1783512177
|switch|p1b: Sylveon|Sylveon, L50, F|100/100
|turn|5
|
|t:|1783512198
|move|p2a: Tyranitar|Protect|p2a: Tyranitar
|-singleturn|p2a: Tyranitar|Protect
|move|p2b: Charizard|Protect|p2b: Charizard
|-singleturn|p2b: Charizard|Protect
|move|p1b: Sylveon|Hyper Beam|p2a: Tyranitar
|-activate|p2a: Tyranitar|move: Protect
|move|p1a: Charizard|Solar Beam||[still]
|-prepare|p1a: Charizard|Solar Beam
|
|-weather|none
|-end|p1a: Charizard|Encore
|-fieldend|move: Trick Room
|upkeep
|turn|6
|inactive|Gastrosophilipp has 30 seconds left.
|
|t:|1783512229
|move|p2b: Charizard|Heat Wave|p1a: Charizard|[spread] p1a,p1b
|-resisted|p1a: Charizard|1
|-damage|p1a: Charizard|47/100
|-damage|p1b: Sylveon|73/100
|move|p1a: Charizard|Solar Beam|p2a: Tyranitar|[from] lockedmove
|-supereffective|p2a: Tyranitar|1
|-damage|p2a: Tyranitar|25/100
|move|p2a: Tyranitar|Rock Slide|p1b: Sylveon|[spread] p1a
|-miss|p2a: Tyranitar|p1b: Sylveon
|-supereffective|p1a: Charizard|2
|-damage|p1a: Charizard|0 fnt
|faint|p1a: Charizard
|move|p1b: Sylveon|Hyper Voice|p2a: Tyranitar|[spread] p2a,p2b
|-supereffective|p2a: Tyranitar|1
|-crit|p2a: Tyranitar
|-resisted|p2b: Charizard|1
|-damage|p2a: Tyranitar|0 fnt
|-damage|p2b: Charizard|8/100
|faint|p2a: Tyranitar
|
|upkeep
|
|t:|1783512245
|switch|p2a: Venusaur|Venusaur, L50, M, shiny|58/100
|turn|7
|
|t:|1783512270
|move|p2b: Charizard|Air Slash|p1b: Sylveon
|-damage|p1b: Sylveon|46/100
|move|p2a: Venusaur|Sleep Powder|p1b: Sylveon|[miss]
|-miss|p2a: Venusaur|p1b: Sylveon
|move|p1b: Sylveon|Hyper Voice|p2b: Charizard|[spread] p2a,p2b
|-resisted|p2a: Venusaur|1
|-resisted|p2b: Charizard|1
|-damage|p2a: Venusaur|30/100
|-damage|p2b: Charizard|0 fnt
|faint|p2b: Charizard
|
|upkeep
|turn|8
|
|t:|1783512282
|move|p2a: Venusaur|Sleep Powder|p1b: Sylveon
|-status|p1b: Sylveon|slp|[from] move: Sleep Powder
|cant|p1b: Sylveon|slp
|
|upkeep
|turn|9
|
|t:|1783512288
|move|p2a: Venusaur|Giga Drain|p1b: Sylveon
|-damage|p1b: Sylveon|18/100 slp
|-heal|p2a: Venusaur|45/100|[from] drain|[of] p1b: Sylveon
|-curestatus|p1b: Sylveon|slp|[msg]
|move|p1b: Sylveon|Hyper Beam|p2a: Venusaur|[miss]
|-miss|p1b: Sylveon|p2a: Venusaur
|
|upkeep
|turn|10
|
|t:|1783512303
|move|p1b: Sylveon|Protect|p1b: Sylveon
|-singleturn|p1b: Sylveon|Protect
|move|p2a: Venusaur|Giga Drain|p1b: Sylveon
|-activate|p1b: Sylveon|move: Protect
|
|upkeep
|turn|11
|inactive|Gastrosophilipp has 30 seconds left.
|
|t:|1783512329
|move|p2a: Venusaur|Giga Drain|p1b: Sylveon
|-damage|p1b: Sylveon|0 fnt
|-heal|p2a: Venusaur|56/100|[from] drain|[of] p1b: Sylveon
|faint|p1b: Sylveon
|
|win|CaratroncoSun
|raw|Gastrosophilipp's rating: 1301 → 1278(-23 for losing)
|raw|CaratroncoSun's rating: 1254 → 1282(+28 for winning)
