|j|☆Quinten165
|j|☆Jose ccarlos
|html|Quinten165Jose ccarlos    
|uhtml|bestof|Game 2 of a best-of-3
|t:|1785486222
|gametype|doubles
|player|p1|Quinten165|2|1070
|player|p2|Jose ccarlos|steven|1144
|gen|9
|tier|[Gen 9 Champions] VGC 2026 Reg M-B (Bo3)
|rated|
|rule|Species Clause: Limit one of each Pokémon
|rule|Item Clause: Limit 1 of each item
|clearpoke
|poke|p1|Charizard, L50, F|
|poke|p1|Glimmora, L50, M|
|poke|p1|Whimsicott, L50, F|
|poke|p1|Ninetales-Alola, L50, M|
|poke|p1|Kingambit, L50, M|
|poke|p1|Kommo-o, L50, M|
|poke|p2|Camerupt, L50, M|
|poke|p2|Araquanid, L50, F|
|poke|p2|Mawile, L50, F|
|poke|p2|Farigiraf, L50, M, shiny|
|poke|p2|Cofagrigus, L50, F|
|poke|p2|Incineroar, L50, M, shiny|
|teampreview|4
|showteam|p1|Charizard||CharizarditeY|Blaze|HeatWave,WeatherBall,SolarBeam,Protect|Modest||F|||50|]Glimmora||Glimmoranite|ToxicDebris|SludgeBomb,PowerGem,EarthPower,SpikyShield|Modest||M|||50|]Whimsicott||FocusSash|Prankster|Moonblast,Tailwind,Encore,Protect|Timid||F|||50|]Ninetales-Alola||NeverMeltIce|SnowWarning|Blizzard,FreezeDry,Disable,Protect|Timid||M|||50|]Kingambit||BlackGlasses|Defiant|KowtowCleave,SuckerPunch,IronHead,Protect|Adamant||M|||50|]Kommo-o||LifeOrb|Overcoat|ClangingScales,AuraSphere,VacuumWave,Protect|Modest||M|||50|
|showteam|p2|Camerupt||Cameruptite|SolidRock|AncientPower,EarthPower,HeatWave,Protect|Quiet||M|||50|]Araquanid||MysticWater|WaterBubble|LeechLife,Liquidation,WideGuard,Protect|Relaxed||F|||50|]Mawile||Mawilite|HyperCutter|Crunch,PlayRough,IronHead,Protect|Brave||F|||50|]Farigiraf||SitrusBerry|ArmorTail|TrickRoom,Psychic,HelpingHand,Protect|Relaxed||M|||50|]Cofagrigus||Leftovers|Mummy|TrickRoom,WillOWisp,DestinyBond,Imprison|Sassy||F|||50|]Incineroar||PasshoBerry|Intimidate|FakeOut,PartingShot,WillOWisp,Snarl|Relaxed||M|||50|
|inactive|Battle timer is ON: inactive players will automatically lose when time's up. (requested by Jose ccarlos)
|inactive|Quinten165 has 60 seconds left.
|inactive|Jose ccarlos has 60 seconds left.
|inactive|Jose ccarlos has 30 seconds left.
|
|t:|1785486284
|teamsize|p1|4
|teamsize|p2|4
|start
|switch|p1a: Kingambit|Kingambit, L50, M|100/100
|switch|p1b: Kommo-o|Kommo-o, L50, M|100/100
|switch|p2a: Farigiraf|Farigiraf, L50, M, shiny|100/100
|switch|p2b: Camerupt|Camerupt, L50, M|100/100
|turn|1
|
|t:|1785486304
|detailschange|p2b: Camerupt|Camerupt-Mega, L50, M
|-mega|p2b: Camerupt|Camerupt|Cameruptite
|move|p2a: Farigiraf|Helping Hand|p2b: Camerupt
|-singleturn|p2b: Camerupt|Helping Hand|[of] p2a: Farigiraf
|move|p1b: Kommo-o|Clanging Scales|p2a: Farigiraf|[spread] p2a,p2b
|-damage|p2a: Farigiraf|58/100
|-damage|p2b: Camerupt|50/100g
|-unboost|p1b: Kommo-o|def|1
|-damage|p1b: Kommo-o|90/100|[from] item: Life Orb
|move|p1a: Kingambit|Kowtow Cleave|p2a: Farigiraf
|-supereffective|p2a: Farigiraf|1
|-damage|p2a: Farigiraf|0 fnt
|faint|p2a: Farigiraf
|move|p2b: Camerupt|Heat Wave|p1b: Kommo-o|[spread] p1a,p1b
|-supereffective|p1a: Kingambit|1
|-resisted|p1b: Kommo-o|1
|-damage|p1a: Kingambit|0 fnt
|-damage|p1b: Kommo-o|37/100
|faint|p1a: Kingambit
|
|upkeep
|
|t:|1785486324
|switch|p1a: Glimmora|Glimmora, L50, M|100/100
|switch|p2a: Cofagrigus|Cofagrigus, L50, F|100/100
|turn|2
|
|t:|1785486338
|detailschange|p1a: Glimmora|Glimmora-Mega, L50, M
|-mega|p1a: Glimmora|Glimmora|Glimmoranite
|move|p2b: Camerupt|Protect|p2b: Camerupt
|-singleturn|p2b: Camerupt|Protect
|move|p1a: Glimmora|Power Gem|p2a: Cofagrigus
|-damage|p2a: Cofagrigus|49/100
|move|p1b: Kommo-o|Clanging Scales|p2b: Camerupt|[spread] p2a
|-activate|p2b: Camerupt|move: Protect
|-damage|p2a: Cofagrigus|9/100
|-unboost|p1b: Kommo-o|def|1
|-damage|p1b: Kommo-o|27/100|[from] item: Life Orb
|move|p2a: Cofagrigus|Trick Room|p2a: Cofagrigus
|-fieldstart|move: Trick Room|[of] p2a: Cofagrigus
|
|-heal|p2a: Cofagrigus|15/100|[from] item: Leftovers
|upkeep
|turn|3
|inactive|Quinten165 has 30 seconds left.
|
|t:|1785486363
|move|p2b: Camerupt|Earth Power|p1a: Glimmora
|-supereffective|p1a: Glimmora|2
|-damage|p1a: Glimmora|0 fnt
|faint|p1a: Glimmora
|move|p2a: Cofagrigus|Destiny Bond|p2a: Cofagrigus
|-singlemove|p2a: Cofagrigus|Destiny Bond
|move|p1b: Kommo-o|Clanging Scales|p2b: Camerupt|[spread] p2a,p2b
|-damage|p2a: Cofagrigus|0 fnt
|-damage|p2b: Camerupt|4/100
|faint|p2a: Cofagrigus
|-activate|p2a: Cofagrigus|move: Destiny Bond
|faint|p1b: Kommo-o
|
|upkeep
|
|t:|1785486377
|switch|p2a: Araquanid|Araquanid, L50, F|100/100
|switch|p1a: Ninetales|Ninetales-Alola, L50, M|100/100
|-weather|Snowscape|[from] ability: Snow Warning|[of] p1a: Ninetales
|turn|4
|
|t:|1785486388
|move|p1a: Ninetales|Protect|p1a: Ninetales
|-singleturn|p1a: Ninetales|Protect
|move|p2a: Araquanid|Wide Guard|p2a: Araquanid
|-singleturn|p2a: Araquanid|Wide Guard
|move|p2b: Camerupt|Heat Wave|p1a: Ninetales
|-activate|p1a: Ninetales|move: Protect
|
|-weather|Snowscape|[upkeep]
|upkeep
|turn|5
|
|t:|1785486412
|move|p1a: Ninetales|Protect|p1a: Ninetales
|-singleturn|p1a: Ninetales|Protect
|move|p2b: Camerupt|Ancient Power|p1a: Ninetales
|-activate|p1a: Ninetales|move: Protect
|move|p2a: Araquanid|Liquidation|p1a: Ninetales
|-activate|p1a: Ninetales|move: Protect
|
|-weather|Snowscape|[upkeep]
|upkeep
|turn|6
|
|t:|1785486427
|move|p1a: Ninetales|Protect||[still]
|-fail|p1a: Ninetales
|move|p2b: Camerupt|Ancient Power|p1a: Ninetales
|-supereffective|p1a: Ninetales|1
|-damage|p1a: Ninetales|19/100
|move|p2a: Araquanid|Liquidation|p1a: Ninetales
|-damage|p1a: Ninetales|0 fnt
|faint|p1a: Ninetales
|
|win|Jose ccarlos
||Quinten165 is ready for game 3.
