|j|☆the pika-stralian
|j|☆ChimpDoppio
|html|the pika-stralianChimpDoppio    
|uhtml|bestof|Game 1 of a best-of-3
|t:|1756893903
|gametype|doubles
|player|p1|the pika-stralian|170|1000
|player|p2|ChimpDoppio|ingo|1000
|gen|9
|tier|[Gen 9] VGC 2025 Reg H (Bo3)
|rated|
|rule|Species Clause: Limit one of each Pokémon
|rule|Item Clause: Limit 1 of each item
|clearpoke
|poke|p1|Armarouge, L50, F|
|poke|p1|Indeedee-F, L50, F|
|poke|p1|Torkoal, L50, F|
|poke|p1|Ursaluna, L50, F|
|poke|p1|Lilligant-Hisui, L50, F|
|poke|p1|Zoroark-Hisui, L50, M|
|poke|p2|Porygon2, L50|
|poke|p2|Ursaluna, L50, F|
|poke|p2|Volcarona, L50, F|
|poke|p2|Grimmsnarl, L50, M|
|poke|p2|Annihilape, L50, M|
|poke|p2|Hydreigon, L50, F|
|teampreview|4
|showteam|p1|Armarouge||LifeOrb|FlashFire|HeatWave,ExpandingForce,EnergyBall,TrickRoom|||F|||50|,,,,,Grass]Indeedee-F||SafetyGoggles|PsychicSurge|Psychic,FollowMe,HelpingHand,TrickRoom|||F|||50|,,,,,Fairy]Torkoal||Charcoal|Drought|Eruption,EarthPower,HeatWave,Protect|||F|||50|,,,,,Fire]Ursaluna||FlameOrb|Guts|Facade,HeadlongRush,SwordsDance,Protect|||F|||50|,,,,,Ghost]Lilligant-Hisui||FocusSash|Chlorophyll|SolarBlade,CloseCombat,AfterYou,Protect|||F|||50|,,,,,Ghost]Zoroark-Hisui||ChoiceSpecs|Illusion|HyperVoice,ShadowBall,IcyWind,Trick|||M|||50|,,,,,Normal
|showteam|p2|Porygon2||Eviolite|Download|IceBeam,TeraBlast,Recover,TrickRoom||||||50|,,,,,Flying]Ursaluna||FlameOrb|Guts|Facade,Earthquake,HeadlongRush,Protect|||F|||50|,,,,,Ghost]Volcarona||SitrusBerry|FlameBody|GigaDrain,HeatWave,QuiverDance,RagePowder|||F|||50|,,,,,Dragon]Grimmsnarl||LightClay|Prankster|SpiritBreak,Reflect,LightScreen,PartingShot|||M|||50|,,,,,Ghost]Annihilape||SafetyGoggles|Defiant|Protect,BulkUp,DrainPunch,RageFist|||M|||50|,,,,,Water]Hydreigon||AssaultVest|Levitate|DracoMeteor,DarkPulse,EarthPower,FlashCannon|||F|||50|,,,,,Steel
|inactive|Battle timer is ON: inactive players will automatically lose when time's up. (requested by ChimpDoppio)
|inactive|the pika-stralian has 60 seconds left.
|inactive|ChimpDoppio has 60 seconds left.
|inactive|ChimpDoppio has 30 seconds left.
|
|t:|1756893973
|teamsize|p1|4
|teamsize|p2|4
|start
|switch|p1a: Torkoal|Torkoal, L50, F, shiny|100/100
|switch|p1b: Lilligant|Lilligant-Hisui, L50, F|100/100
|switch|p2a: Hydreigon|Hydreigon, L50, F|100/100
|switch|p2b: Volcarona|Volcarona, L50, F, shiny|100/100
|-weather|SunnyDay|[from] ability: Drought|[of] p1a: Torkoal
|turn|1
|
|t:|1756893997
|-terastallize|p2b: Volcarona|Dragon
|move|p1b: Lilligant|Close Combat|p2a: Hydreigon
|-supereffective|p2a: Hydreigon
|-damage|p2a: Hydreigon|0 fnt
|-unboost|p1b: Lilligant|def|1
|-unboost|p1b: Lilligant|spd|1
|faint|p2a: Hydreigon
|move|p2b: Volcarona|Heat Wave|p1b: Lilligant|[spread] p1a
|-miss|p2b: Volcarona|p1b: Lilligant
|-resisted|p1a: Torkoal
|-damage|p1a: Torkoal|69/100
|move|p1a: Torkoal|Heat Wave|p2b: Volcarona|[miss]
|-miss|p1a: Torkoal|p2b: Volcarona
|
|-weather|SunnyDay|[upkeep]
|upkeep
|
|t:|1756894010
|switch|p2a: Ursaluna|Ursaluna, L50, F|100/100
|turn|2
|
|t:|1756894024
|move|p1b: Lilligant|Protect|p1b: Lilligant
|-singleturn|p1b: Lilligant|Protect
|move|p2a: Ursaluna|Protect|p2a: Ursaluna
|-singleturn|p2a: Ursaluna|Protect
|move|p2b: Volcarona|Quiver Dance|p2b: Volcarona
|-boost|p2b: Volcarona|spa|1
|-boost|p2b: Volcarona|spd|1
|-boost|p2b: Volcarona|spe|1
|move|p1a: Torkoal|Heat Wave|p2b: Volcarona|[spread] 
|-activate|p2a: Ursaluna|move: Protect
|-miss|p1a: Torkoal|p2b: Volcarona
|
|-weather|SunnyDay|[upkeep]
|-status|p2a: Ursaluna|brn|[from] item: Flame Orb
|upkeep
|turn|3
|inactive|ChimpDoppio has 30 seconds left.
|
|t:|1756894054
|switch|p2a: Porygon2|Porygon2, L50, shiny|100/100
|-ability|p2a: Porygon2|Download|boost
|-boost|p2a: Porygon2|spa|1
|move|p1b: Lilligant|Solar Blade||[still]
|-prepare|p1b: Lilligant|Solar Blade
|-anim|p1b: Lilligant|Solar Blade|p2a: Porygon2
|-damage|p2a: Porygon2|59/100
|move|p2b: Volcarona|Heat Wave|p1b: Lilligant|[spread] p1a,p1b
|-resisted|p1a: Torkoal
|-supereffective|p1b: Lilligant
|-damage|p1a: Torkoal|19/100
|-enditem|p1b: Lilligant|Focus Sash
|-damage|p1b: Lilligant|1/100
|move|p1a: Torkoal|Heat Wave|p2a: Porygon2|[spread] p2a,p2b
|-resisted|p2b: Volcarona
|-damage|p2a: Porygon2|31/100
|-damage|p2b: Volcarona|85/100
|
|-weather|SunnyDay|[upkeep]
|upkeep
|turn|4
|
|t:|1756894076
|move|p1b: Lilligant|Close Combat|p2a: Porygon2
|-supereffective|p2a: Porygon2
|-damage|p2a: Porygon2|0 fnt
|-unboost|p1b: Lilligant|def|1
|-unboost|p1b: Lilligant|spd|1
|faint|p2a: Porygon2
|move|p2b: Volcarona|Heat Wave|p1b: Lilligant|[spread] p1a,p1b
|-resisted|p1a: Torkoal
|-supereffective|p1b: Lilligant
|-damage|p1a: Torkoal|0 fnt
|-damage|p1b: Lilligant|0 fnt
|faint|p1a: Torkoal
|faint|p1b: Lilligant
|
|-weather|SunnyDay|[upkeep]
|upkeep
|
|t:|1756894089
|switch|p1b: Armarouge|Armarouge, L50, F|100/100
|switch|p2a: Ursaluna|Ursaluna, L50, F|100/100 brn
|switch|p1a: Indeedee|Indeedee-F, L50, F|100/100
|-fieldstart|move: Psychic Terrain|[from] ability: Psychic Surge|[of] p1a: Indeedee
|turn|5
|inactive|ChimpDoppio has 30 seconds left.
|
|t:|1756894119
|-terastallize|p1b: Armarouge|Grass
|move|p1a: Indeedee|Helping Hand|p1b: Armarouge
|-singleturn|p1b: Armarouge|Helping Hand|[of] p1a: Indeedee
|move|p2b: Volcarona|Giga Drain|p1a: Indeedee
|-damage|p1a: Indeedee|69/100
|-heal|p2b: Volcarona|99/100|[from] drain|[of] p1a: Indeedee
|move|p1b: Armarouge|Expanding Force|p2b: Volcarona|[spread] p2a,p2b
|-damage|p2a: Ursaluna|0 fnt
|-damage|p2b: Volcarona|30/100
|-enditem|p2b: Volcarona|Sitrus Berry|[eat]
|-heal|p2b: Volcarona|55/100|[from] item: Sitrus Berry
|faint|p2a: Ursaluna
|-damage|p1b: Armarouge|90/100|[from] item: Life Orb
|
|-weather|none
|upkeep
|turn|6
|
|t:|1756894141
|move|p2b: Volcarona|Heat Wave|p1b: Armarouge|[spread] p1a
|-start|p1b: Armarouge|ability: Flash Fire
|-damage|p1a: Indeedee|25/100
|move|p1b: Armarouge|Expanding Force|p2b: Volcarona
|-damage|p2b: Volcarona|0 fnt
|faint|p2b: Volcarona
|-damage|p1b: Armarouge|80/100|[from] item: Life Orb
|
|win|the pika-stralian
||ChimpDoppio is ready for game 2.
||the pika-stralian is ready for game 2.
|uhtml|next|Next: Game 2 of 3
|l|☆the pika-stralian
|player|p1|
