|j|☆DJ_Arcigno
|j|☆BonnieSSR
|html|DJ_ArcignoBonnieSSR    
|uhtml|bestof|Game 2 of a best-of-3
|t:|1756428425
|gametype|doubles
|player|p1|DJ_Arcigno|266|1229
|player|p2|BonnieSSR|miku-ground|1130
|gen|9
|tier|[Gen 9] VGC 2025 Reg H (Bo3)
|rated|
|rule|Species Clause: Limit one of each Pokémon
|rule|Item Clause: Limit 1 of each item
|clearpoke
|poke|p1|Charizard, L50, M|
|poke|p1|Torkoal, L50, F|
|poke|p1|Porygon2, L50|
|poke|p1|Incineroar, L50, F|
|poke|p1|Jumpluff, L50, F|
|poke|p1|Ursaluna, L50, M|
|poke|p2|Tyranitar, L50, F|
|poke|p2|Amoonguss, L50, M|
|poke|p2|Kilowattrel, L50, F|
|poke|p2|Excadrill, L50, F|
|poke|p2|Kommo-o, L50, F|
|poke|p2|Incineroar, L50, M|
|teampreview|4
|showteam|p1|Charizard||ChoiceSpecs|SolarPower|HeatWave,Overheat,WeatherBall,AirSlash|||M|||50|,,,,,Ghost]Torkoal||EjectPack|Drought|Eruption,Overheat,HelpingHand,Protect|||F|||50|,,,,,Fire]Porygon2||Eviolite|Download|IceBeam,TeraBlast,TrickRoom,Recover||||||50|,,,,,Fighting]Incineroar||SitrusBerry|Intimidate|FlareBlitz,KnockOff,FakeOut,PartingShot|||F|||50|,,,,,Ghost]Jumpluff||CovertCloak|Chlorophyll|SleepPowder,SunnyDay,RagePowder,Tailwind|||F|||50|,,,,,Water]Ursaluna||FlameOrb|Guts|Protect,Facade,HeadlongRush,Earthquake|||M|||50|,,,,,Ghost
|showteam|p2|Tyranitar||AssaultVest|SandStream|LowKick,RockSlide,KnockOff,TeraBlast|||F|||50|,,,,,Flying]Amoonguss||SitrusBerry|Regenerator|Spore,RagePowder,SludgeBomb,Protect|||M|||50|,,,,,Water]Kilowattrel||ChoiceSpecs|Competitive|Thunderbolt,Discharge,VoltSwitch,AirSlash|||F|||50|,,,,,Ghost]Excadrill||FocusSash|SandRush|IronHead,Earthquake,HighHorsepower,Protect|||F|||50|,,,,,Ground]Kommo-o||Leftovers|Overcoat|IronDefense,BodyPress,ThroatChop,Protect|||F|||50|,,,,,Steel]Incineroar||SafetyGoggles|Intimidate|FlareBlitz,KnockOff,PartingShot,FakeOut|||M|||50|,,,,,Ghost
|
|t:|1756428448
|teamsize|p1|4
|teamsize|p2|4
|start
|switch|p1a: Jumpluff|Jumpluff, L50, F|100/100
|switch|p1b: Torkoal|Torkoal, L50, F|100/100
|switch|p2a: Wolfey|Incineroar, L50, M, shiny|100/100
|switch|p2b: Prim|Kilowattrel, L50, F|100/100
|-ability|p2a: Wolfey|Intimidate|boost
|-unboost|p1a: Jumpluff|atk|1
|-unboost|p1b: Torkoal|atk|1
|-weather|SunnyDay|[from] ability: Drought|[of] p1b: Torkoal
|-enditem|p1b: Torkoal|Eject Pack
|
|t:|1756428454
|switch|p1b: Ursaluna|Ursaluna, L50, M|100/100
|turn|1
|
|t:|1756428467
|switch|p2a: Ouroboros|Tyranitar, L50, F, shiny|100/100
|-weather|Sandstorm|[from] ability: Sand Stream|[of] p2a: Ouroboros
|-terastallize|p1b: Ursaluna|Ghost
|move|p2b: Prim|Air Slash|p1a: Jumpluff
|-supereffective|p1a: Jumpluff
|-damage|p1a: Jumpluff|6/100
|move|p1a: Jumpluff|Sleep Powder|p2b: Prim
|-status|p2b: Prim|slp|[from] move: Sleep Powder
|move|p1b: Ursaluna|Headlong Rush|p2a: Ouroboros
|-supereffective|p2a: Ouroboros
|-damage|p2a: Ouroboros|0 fnt
|-unboost|p1b: Ursaluna|def|1
|-unboost|p1b: Ursaluna|spd|1
|faint|p2a: Ouroboros
|
|-weather|Sandstorm|[upkeep]
|-damage|p2b: Prim|95/100 slp|[from] Sandstorm
|-damage|p1a: Jumpluff|0 fnt|[from] Sandstorm
|-damage|p1b: Ursaluna|95/100|[from] Sandstorm
|faint|p1a: Jumpluff
|-status|p1b: Ursaluna|brn|[from] item: Flame Orb
|upkeep
|
|t:|1756428493
|switch|p1a: Porygon2|Porygon2, L50|100/100
|switch|p2a: Wolfey|Incineroar, L50, M, shiny|100/100
|-ability|p2a: Wolfey|Intimidate|boost
|-unboost|p1a: Porygon2|atk|1
|-unboost|p1b: Ursaluna|atk|1
|-ability|p1a: Porygon2|Download|boost
|-boost|p1a: Porygon2|atk|1
|turn|2
|
|t:|1756428513
|switch|p1b: Torkoal|Torkoal, L50, F|100/100
|-weather|SunnyDay|[from] ability: Drought|[of] p1b: Torkoal
|cant|p2b: Prim|slp
|move|p2a: Wolfey|Knock Off|p1b: Torkoal
|-damage|p1b: Torkoal|80/100
|move|p1a: Porygon2|Trick Room|p1a: Porygon2
|-fieldstart|move: Trick Room|[of] p1a: Porygon2
|
|-weather|SunnyDay|[upkeep]
|upkeep
|turn|3
|
|t:|1756428534
|move|p1b: Torkoal|Eruption|p2a: Wolfey|[spread] p2a,p2b
|-resisted|p2a: Wolfey
|-damage|p2a: Wolfey|77/100
|-damage|p2b: Prim|6/100 slp
|move|p1a: Porygon2|Tera Blast|p2a: Wolfey
|-damage|p2a: Wolfey|46/100
|move|p2a: Wolfey|Parting Shot|p1a: Porygon2
|-unboost|p1a: Porygon2|atk|1
|-unboost|p1a: Porygon2|spa|1
|
|t:|1756428543
|switch|p2a: Arturia|Kommo-o, L50, F, shiny|100/100|[from] Parting Shot
|-curestatus|p2b: Prim|slp|[msg]
|move|p2b: Prim|Air Slash|p1a: Porygon2
|-damage|p1a: Porygon2|70/100
|
|-weather|SunnyDay|[upkeep]
|upkeep
|turn|4
|
|t:|1756428560
|move|p2a: Arturia|Protect|p2a: Arturia
|-singleturn|p2a: Arturia|Protect
|move|p1b: Torkoal|Overheat|p2a: Arturia
|-activate|p2a: Arturia|move: Protect
|move|p1a: Porygon2|Ice Beam|p2a: Arturia
|-activate|p2a: Arturia|move: Protect
|move|p2b: Prim|Air Slash|p1b: Torkoal
|-damage|p1b: Torkoal|13/100
|
|-weather|SunnyDay|[upkeep]
|upkeep
|turn|5
|
|t:|1756428594
|move|p1b: Torkoal|Helping Hand|p1a: Porygon2
|-singleturn|p1a: Porygon2|Helping Hand|[of] p1b: Torkoal
|move|p1a: Porygon2|Ice Beam|p2a: Arturia
|-supereffective|p2a: Arturia
|-damage|p2a: Arturia|44/100
|move|p2a: Arturia|Iron Defense|p2a: Arturia
|-boost|p2a: Arturia|def|2
|move|p2b: Prim|Air Slash|p1b: Torkoal
|-damage|p1b: Torkoal|0 fnt
|faint|p1b: Torkoal
|
|-weather|SunnyDay|[upkeep]
|-heal|p2a: Arturia|50/100|[from] item: Leftovers
|upkeep
|
|t:|1756428601
|switch|p1b: Ursaluna|Ursaluna, L50, M, tera:Ghost|95/100 brn
|turn|6
|
|t:|1756428620
|switch|p2b: Wolfey|Incineroar, L50, M, shiny|46/100
|-ability|p2b: Wolfey|Intimidate|boost
|-unboost|p1a: Porygon2|atk|1
|-unboost|p1b: Ursaluna|atk|1
|move|p2a: Arturia|Protect|p2a: Arturia
|-singleturn|p2a: Arturia|Protect
|move|p1a: Porygon2|Recover|p1a: Porygon2
|-heal|p1a: Porygon2|100/100
|move|p1b: Ursaluna|Facade|p2b: Wolfey
|-crit|p2b: Wolfey
|-damage|p2b: Wolfey|0 fnt
|faint|p2b: Wolfey
|
|-weather|none
|-heal|p2a: Arturia|56/100|[from] item: Leftovers
|-damage|p1b: Ursaluna|89/100 brn|[from] brn
|-fieldend|move: Trick Room
|upkeep
|
|t:|1756428630
|switch|p2b: Prim|Kilowattrel, L50, F|6/100
|turn|7
|
|t:|1756428642
|move|p2b: Prim|Thunderbolt|p1a: Porygon2
|-damage|p1a: Porygon2|66/100
|move|p2a: Arturia|Body Press|p1a: Porygon2
|-supereffective|p1a: Porygon2
|-damage|p1a: Porygon2|0 fnt
|faint|p1a: Porygon2
|move|p1b: Ursaluna|Facade|p2b: Prim
|-damage|p2b: Prim|0 fnt
|faint|p2b: Prim
|
|-heal|p2a: Arturia|62/100|[from] item: Leftovers
|-damage|p1b: Ursaluna|83/100 brn|[from] brn
|upkeep
|turn|8
|
|t:|1756428651
|move|p2a: Arturia|Protect|p2a: Arturia
|-singleturn|p2a: Arturia|Protect
|move|p1b: Ursaluna|Facade|p2a: Arturia
|-activate|p2a: Arturia|move: Protect
|
|-heal|p2a: Arturia|67/100|[from] item: Leftovers
|-damage|p1b: Ursaluna|77/100 brn|[from] brn
|upkeep
|turn|9
|
|t:|1756428656
|move|p2a: Arturia|Throat Chop|p1b: Ursaluna
|-supereffective|p1b: Ursaluna
|-damage|p1b: Ursaluna|48/100 brn
|-start|p1b: Ursaluna|Throat Chop|[silent]
|move|p1b: Ursaluna|Facade|p2a: Arturia
|-damage|p2a: Arturia|39/100
|
|-heal|p2a: Arturia|45/100|[from] item: Leftovers
|-damage|p1b: Ursaluna|42/100 brn|[from] brn
|upkeep
|turn|10
|
|t:|1756428661
|move|p2a: Arturia|Protect|p2a: Arturia
|-singleturn|p2a: Arturia|Protect
|move|p1b: Ursaluna|Facade|p2a: Arturia
|-activate|p2a: Arturia|move: Protect
|
|-heal|p2a: Arturia|51/100|[from] item: Leftovers
|-damage|p1b: Ursaluna|36/100 brn|[from] brn
|-end|p1b: Ursaluna|Throat Chop|[silent]
|upkeep
|turn|11
|
|t:|1756428668
|move|p2a: Arturia|Throat Chop|p1b: Ursaluna
|-supereffective|p1b: Ursaluna
|-damage|p1b: Ursaluna|3/100 brn
|-start|p1b: Ursaluna|Throat Chop|[silent]
|move|p1b: Ursaluna|Facade|p2a: Arturia
|-damage|p2a: Arturia|23/100
|
|-heal|p2a: Arturia|28/100|[from] item: Leftovers
|-damage|p1b: Ursaluna|0 fnt|[from] brn
|faint|p1b: Ursaluna
|
|win|BonnieSSR
||DJ_Arcigno is ready for game 3.
