|j|☆sparshjha
|j|☆MikeShinobu
|html|sparshjhaMikeShinobu    
|uhtml|bestof|Game 2 of a best-of-3
|t:|1783181243
|gametype|doubles
|player|p1|sparshjha|1|1185
|player|p2|MikeShinobu|ethan|1154
|gen|9
|tier|[Gen 9 Champions] VGC 2026 Reg M-B (Bo3)
|rated|
|rule|Species Clause: Limit one of each Pokémon
|rule|Item Clause: Limit 1 of each item
|clearpoke
|poke|p1|Charizard, L50, F|
|poke|p1|Garchomp, L50, F|
|poke|p1|Sylveon, L50, F|
|poke|p1|Farigiraf, L50, F|
|poke|p1|Kingambit, L50, M|
|poke|p1|Aerodactyl, L50, M|
|poke|p2|Corviknight, L50, F|
|poke|p2|Garchomp, L50, M|
|poke|p2|Basculegion-F, L50, F|
|poke|p2|Staraptor, L50, M|
|poke|p2|Whimsicott, L50, M|
|poke|p2|Meowstic, L50, M|
|teampreview|4
|showteam|p1|Charizard||CharizarditeY|Blaze|Protect,HeatWave,WeatherBall,SolarBeam|Modest||F|||50|]Garchomp||LifeOrb|RoughSkin|Protect,DragonClaw,StompingTantrum,Earthquake|Jolly||F|||50|]Sylveon||FairyFeather|Pixilate|Detect,QuickAttack,HyperVoice,HyperBeam|Modest||F|||50|]Farigiraf||SitrusBerry|ArmorTail|TwinBeam,Thunderbolt,Roar,TrickRoom|Bold||F|||50|]Kingambit||BlackGlasses|Defiant|SwordsDance,IronHead,SuckerPunch,Protect|Adamant||M|||50|]Aerodactyl||Aerodactylite|Unnerve|RockSlide,DualWingbeat,WideGuard,Tailwind|Adamant||M|||50|
|showteam|p2|Corviknight||OccaBerry|Unnerve|IronDefense,BodyPress,Roost,IronHead|Impish||F|||50|]Garchomp||YacheBerry|RoughSkin|Earthquake,DragonClaw,StompingTantrum,Protect|Jolly||M|||50|]Basculegion-F||ChoiceScarf|Adaptability|FlipTurn,ShadowBall,HydroPump,MuddyWater|Rash||F|||50|]Staraptor||Staraptite|Intimidate|CloseCombat,BraveBird,Roost,Protect|Jolly||M|||50|]Whimsicott||FocusSash|Prankster|Charm,Moonblast,Tailwind,Encore|Bold||M|||50|]Meowstic||Meowsticite|Prankster|FakeOut,SkillSwap,RainDance,Protect|Bold||M|||50|
|inactive|Battle timer is ON: inactive players will automatically lose when time's up. (requested by MikeShinobu)
|
|t:|1783181267
|teamsize|p1|4
|teamsize|p2|4
|start
|switch|p1a: Charizard|Charizard, L50, F|100/100
|switch|p1b: Farigiraf|Farigiraf, L50, F|100/100
|switch|p2a: Whimsicott|Whimsicott, L50, M|100/100
|switch|p2b: Staraptor|Staraptor, L50, M|100/100
|-ability|p2b: Staraptor|Intimidate|boost
|-unboost|p1a: Charizard|atk|1
|-unboost|p1b: Farigiraf|atk|1
|turn|1
|inactive|sparshjha has 30 seconds left.
|
|t:|1783181295
|detailschange|p1a: Charizard|Charizard-Mega-Y, L50, F
|-mega|p1a: Charizard|Charizard|Charizardite Y
|-weather|SunnyDay|[from] ability: Drought|[of] p1a: Charizard
|detailschange|p2b: Staraptor|Staraptor-Mega, L50, M
|-mega|p2b: Staraptor|Staraptor|Staraptite
|move|p2a: Whimsicott|Charm|p2b: Staraptor
|-boost|p2b: Staraptor|atk|2
|move|p2b: Staraptor|Close Combat|p1b: Farigiraf
|-damage|p1b: Farigiraf|0 fnt
|-boost|p2b: Staraptor|def|1
|-boost|p2b: Staraptor|spd|1
|faint|p1b: Farigiraf
|move|p1a: Charizard|Heat Wave|p2a: Whimsicott|[spread] p2a,p2b
|-supereffective|p2a: Whimsicott|1
|-enditem|p2a: Whimsicott|Focus Sash
|-damage|p2a: Whimsicott|1/100
|-damage|p2b: Staraptor|56/100
|
|-weather|SunnyDay|[upkeep]
|upkeep
|inactive|sparshjha has 30 seconds left.
|inactive|sparshjha has 20 seconds left.
|inactive|sparshjha has 15 seconds left.
|
|t:|1783181335
|switch|p1b: Sylveon|Sylveon, L50, F|100/100
|turn|2
|inactive|MikeShinobu has 30 seconds left.
|inactive|MikeShinobu has 20 seconds left.
|inactive|MikeShinobu has 15 seconds left.
|
|t:|1783181378
|move|p1b: Sylveon|Detect|p1b: Sylveon
|-singleturn|p1b: Sylveon|Protect
|move|p2a: Whimsicott|Charm|p2b: Staraptor
|-boost|p2b: Staraptor|atk|2
|move|p2b: Staraptor|Close Combat|p1b: Sylveon
|-activate|p1b: Sylveon|move: Protect
|move|p1a: Charizard|Heat Wave|p2b: Staraptor|[spread] p2a,p2b
|-supereffective|p2a: Whimsicott|1
|-damage|p2a: Whimsicott|0 fnt
|-damage|p2b: Staraptor|11/100
|faint|p2a: Whimsicott
|
|-weather|SunnyDay|[upkeep]
|upkeep
|
|t:|1783181381
|switch|p2a: Meowstic|Meowstic, L50, M|100/100
|turn|3
|
|t:|1783181398
|move|p2a: Meowstic|Skill Swap|p1b: Sylveon
|-activate|p2a: Meowstic|Skill Swap|Pixilate|Prankster|[of] p1b: Sylveon
|move|p1b: Sylveon|Quick Attack|p2b: Staraptor
|-damage|p2b: Staraptor|7/100
|move|p2b: Staraptor|Roost|p2b: Staraptor
|-heal|p2b: Staraptor|57/100
|-singleturn|p2b: Staraptor|move: Roost
|move|p1a: Charizard|Weather Ball|p2a: Meowstic
|-damage|p2a: Meowstic|0 fnt
|faint|p2a: Meowstic
|
|-weather|SunnyDay|[upkeep]
|upkeep
|
|t:|1783181409
|switch|p2a: Basculegion|Basculegion-F, L50, F|100/100
|turn|4
|inactive|sparshjha has 30 seconds left.
|
|t:|1783181440
|move|p1a: Charizard|Protect|p1a: Charizard
|-singleturn|p1a: Charizard|Protect
|move|p2a: Basculegion|Muddy Water|p1b: Sylveon|[spread] p1b
|-activate|p1a: Charizard|move: Protect
|-damage|p1b: Sylveon|81/100
|move|p2b: Staraptor|Close Combat|p1a: Charizard
|-activate|p1a: Charizard|move: Protect
|move|p1b: Sylveon|Hyper Beam|p2b: Staraptor
|-damage|p2b: Staraptor|26/100
|-mustrecharge|p1b: Sylveon
|
|-weather|SunnyDay|[upkeep]
|upkeep
|turn|5
|inactive|sparshjha has 30 seconds left.
|
|t:|1783181471
|move|p2a: Basculegion|Muddy Water|p1b: Sylveon|[spread] p1a,p1b
|-supereffective|p1a: Charizard|1
|-crit|p1b: Sylveon
|-damage|p1a: Charizard|58/100
|-damage|p1b: Sylveon|55/100
|-unboost|p1a: Charizard|accuracy|1
|-unboost|p1b: Sylveon|accuracy|1
|move|p2b: Staraptor|Roost|p2b: Staraptor
|-heal|p2b: Staraptor|76/100
|-singleturn|p2b: Staraptor|move: Roost
|move|p1a: Charizard|Heat Wave|p2b: Staraptor|[spread] 
|-miss|p1a: Charizard|p2a: Basculegion
|-miss|p1a: Charizard|p2b: Staraptor
|cant|p1b: Sylveon|recharge
|
|-weather|none
|upkeep
|turn|6
|
|t:|1783181490
|move|p2a: Basculegion|Muddy Water|p1a: Charizard|[spread] p1b
|-miss|p2a: Basculegion|p1a: Charizard
|-damage|p1b: Sylveon|17/100
|move|p2b: Staraptor|Close Combat|p1a: Charizard
|-resisted|p1a: Charizard|1
|-damage|p1a: Charizard|0 fnt
|-boost|p2b: Staraptor|def|1
|-boost|p2b: Staraptor|spd|1
|faint|p1a: Charizard
|move|p1b: Sylveon|Hyper Beam|p2b: Staraptor
|-damage|p2b: Staraptor|54/100
|-mustrecharge|p1b: Sylveon
|
|upkeep
|
|t:|1783181492
|switch|p1a: Kingambit|Kingambit, L50, M|100/100
|turn|7
|
|t:|1783181499
|move|p1a: Kingambit|Sucker Punch|p2a: Basculegion
|-supereffective|p2a: Basculegion|1
|-damage|p2a: Basculegion|0 fnt
|faint|p2a: Basculegion
|move|p2b: Staraptor|Close Combat|p1a: Kingambit
|-supereffective|p1a: Kingambit|2
|-damage|p1a: Kingambit|0 fnt
|-boost|p2b: Staraptor|def|1
|-boost|p2b: Staraptor|spd|1
|faint|p1a: Kingambit
|cant|p1b: Sylveon|recharge
|
|upkeep
|turn|8
|
|t:|1783181507
|move|p2b: Staraptor|Close Combat|p1b: Sylveon
|-resisted|p1b: Sylveon|1
|-damage|p1b: Sylveon|0 fnt
|-boost|p2b: Staraptor|def|1
|-boost|p2b: Staraptor|spd|1
|faint|p1b: Sylveon
|
|win|MikeShinobu
