|j|☆Yoelsan8
|j|☆champions-rl-fizix
|html|Yoelsan8champions-rl-fizix    
|uhtml|bestof|Game 1 of a best-of-3
|t:|1785842212
|gametype|doubles
|player|p1|Yoelsan8|alder|1105
|player|p2|champions-rl-fizix|1|1001
|gen|9
|tier|[Gen 9 Champions] VGC 2026 Reg M-B (Bo3)
|rated|
|rule|Species Clause: Limit one of each Pokémon
|rule|Item Clause: Limit 1 of each item
|clearpoke
|poke|p1|Whimsicott, L50, F|
|poke|p1|Basculegion, L50, M|
|poke|p1|Floette-Eternal, L50, F|
|poke|p1|Garchomp, L50, M|
|poke|p1|Kingambit, L50, F|
|poke|p1|Charizard, L50, F|
|poke|p2|Glimmora, L50, M|
|poke|p2|Kingambit, L50, M|
|poke|p2|Sinistcha, L50|
|poke|p2|Staraptor, L50, F|
|poke|p2|Weavile, L50, F|
|poke|p2|Whimsicott, L50, F|
|teampreview|4
|showteam|p1|Whimsicott||FocusSash|Prankster|Protect,Tailwind,Moonblast,Encore|Timid||F|||50|]Basculegion||LifeOrb|Adaptability|Protect,WaveCrash,LastRespects,AquaJet|Adamant||M|||50|]Floette-Eternal||Floettite|FlowerVeil|Protect,HelpingHand,Moonblast,DazzlingGleam|Timid||F|||50|]Garchomp||SitrusBerry|RoughSkin|DragonClaw,Earthquake,PoisonJab,RockSlide|Adamant||M|||50|]Kingambit||ChopleBerry|Defiant|IronHead,KowtowCleave,SuckerPunch,LowKick|Adamant||F|||50|]Charizard||CharizarditeY|Blaze|Protect,HeatWave,WeatherBall,SolarBeam|Modest||F|||50|
|showteam|p2|Glimmora||Glimmoranite|ToxicDebris|PowerGem,SludgeBomb,EarthPower,SpikyShield|Timid||M|||50|]Kingambit||BlackGlasses|Defiant|KowtowCleave,SuckerPunch,SwordsDance,Protect|Adamant||M|||50|]Sinistcha||CobaBerry|Hospitality|MatchaGotcha,RagePowder,LifeDew,Protect|Bold|||||50|]Staraptor||Staraptite|Intimidate|BraveBird,CloseCombat,Uturn,Protect|Jolly||F|||50|]Weavile||WideLens|Pressure|KnockOff,TripleAxel,Taunt,FakeOut|Jolly||F|||50|]Whimsicott||FocusSash|Prankster|Moonblast,Tailwind,Encore,Tickle|Timid||F|||50|
|inactive|Battle timer is ON: inactive players will automatically lose when time's up. (requested by champions-rl-fizix)
|inactive|Yoelsan8 has 60 seconds left.
|inactive|Yoelsan8 has 30 seconds left.
|
|t:|1785842279
|teamsize|p1|4
|teamsize|p2|4
|start
|switch|p1a: Whimsicott|Whimsicott, L50, F|100/100
|switch|p1b: Basculegion|Basculegion, L50, M|100/100
|switch|p2a: Staraptor|Staraptor, L50, F|100/100
|switch|p2b: Sinistcha|Sinistcha, L50|100/100
|-ability|p2a: Staraptor|Intimidate|boost
|-unboost|p1a: Whimsicott|atk|1
|-unboost|p1b: Basculegion|atk|1
|turn|1
|inactive|Yoelsan8 has 30 seconds left.
|inactive|Yoelsan8 has 20 seconds left.
|
|t:|1785842316
|switch|p1b: Floette|Floette-Eternal, L50, F|100/100
|detailschange|p2a: Staraptor|Staraptor-Mega, L50, F
|-mega|p2a: Staraptor|Staraptor|Staraptite
|move|p1a: Whimsicott|Tailwind|p1a: Whimsicott
|-sidestart|p1: Yoelsan8|move: Tailwind
|move|p2a: Staraptor|Brave Bird|p1a: Whimsicott
|-supereffective|p1a: Whimsicott|1
|-enditem|p1a: Whimsicott|Focus Sash
|-damage|p1a: Whimsicott|1/100
|-damage|p2a: Staraptor|72/100|[from] Recoil
|move|p2b: Sinistcha|Matcha Gotcha|p1a: Whimsicott|[spread] p1b
|-miss|p2b: Sinistcha|p1a: Whimsicott
|-damage|p1b: Floette|70/100
|
|upkeep
|turn|2
|inactive|Yoelsan8 has 30 seconds left.
|
|t:|1785842341
|detailschange|p1b: Floette|Floette-Mega, L50, F
|-mega|p1b: Floette|Floette|Floettite
|-ability|p1b: Floette|Fairy Aura
|move|p2a: Staraptor|Protect|p2a: Staraptor
|-singleturn|p2a: Staraptor|Protect
|move|p2b: Sinistcha|Protect|p2b: Sinistcha
|-singleturn|p2b: Sinistcha|Protect
|move|p1a: Whimsicott|Moonblast|p2b: Sinistcha
|-activate|p2b: Sinistcha|move: Protect
|move|p1b: Floette|Dazzling Gleam|p2b: Sinistcha|[spread] 
|-activate|p2a: Staraptor|move: Protect
|-activate|p2b: Sinistcha|move: Protect
|
|upkeep
|turn|3
|
|t:|1785842358
|move|p1a: Whimsicott|Encore|p2b: Sinistcha
|-start|p2b: Sinistcha|Encore
|move|p2b: Sinistcha|Protect|p2b: Sinistcha
|-singleturn|p2b: Sinistcha|Protect
|move|p1b: Floette|Dazzling Gleam|p2b: Sinistcha|[spread] p2a
|-activate|p2b: Sinistcha|move: Protect
|-supereffective|p2a: Staraptor|1
|-damage|p2a: Staraptor|0 fnt
|faint|p2a: Staraptor
|
|upkeep
|
|t:|1785842358
|switch|p2a: Whimsicott|Whimsicott, L50, F|100/100
|turn|4
|
|t:|1785842377
|switch|p1a: Kingambit|Kingambit, L50, F|100/100
|move|p2b: Sinistcha|Protect||[still]
|-fail|p2b: Sinistcha
|move|p2a: Whimsicott|Tailwind|p2a: Whimsicott
|-sidestart|p2: champions-rl-fizix|move: Tailwind
|move|p1b: Floette|Dazzling Gleam|p2b: Sinistcha|[spread] p2a,p2b
|-damage|p2a: Whimsicott|21/100
|-damage|p2b: Sinistcha|54/100
|
|-sideend|p1: Yoelsan8|move: Tailwind
|upkeep
|turn|5
|inactive|Yoelsan8 has 30 seconds left.
|
|t:|1785842409
|switch|p2a: Weavile|Weavile, L50, F|100/100
|-ability|p2a: Weavile|Pressure
|move|p2b: Sinistcha|Protect|p2b: Sinistcha
|-singleturn|p2b: Sinistcha|Protect
|move|p1a: Kingambit|Sucker Punch||[still]
|-fail|p1a: Kingambit
|move|p1b: Floette|Moonblast|p2b: Sinistcha
|-activate|p2b: Sinistcha|move: Protect
|
|-end|p2b: Sinistcha|Encore
|upkeep
|turn|6
|inactive|Yoelsan8 has 30 seconds left.
|
|t:|1785842436
|move|p1b: Floette|Protect|p1b: Floette
|-singleturn|p1b: Floette|Protect
|move|p2a: Weavile|Triple Axel|p1b: Floette
|-activate|p1b: Floette|move: Protect
|move|p2b: Sinistcha|Matcha Gotcha|p1b: Floette|[spread] p1a
|-activate|p1b: Floette|move: Protect
|-resisted|p1a: Kingambit|1
|-damage|p1a: Kingambit|85/100
|-heal|p2b: Sinistcha|64/100|[from] drain|[of] p1a: Kingambit
|move|p1a: Kingambit|Kowtow Cleave|p2b: Sinistcha
|-supereffective|p2b: Sinistcha|1
|-damage|p2b: Sinistcha|0 fnt
|faint|p2b: Sinistcha
|
|upkeep
|
|t:|1785842436
|switch|p2b: Whimsicott|Whimsicott, L50, F|21/100
|turn|7
|inactive|Yoelsan8 has 30 seconds left.
|inactive|Yoelsan8 has 20 seconds left.
|inactive|Yoelsan8 has 15 seconds left.
|inactive|Yoelsan8 has 10 seconds left.
|
|t:|1785842485
|switch|p1b: Whimsicott|Whimsicott, L50, F|1/100
|move|p2a: Weavile|Triple Axel|p1b: Whimsicott
|-supereffective|p1b: Whimsicott|1
|-damage|p1b: Whimsicott|0 fnt
|faint|p1b: Whimsicott
|-hitcount|p1: Whimsicott|1
|move|p2b: Whimsicott|Moonblast|p1a: Kingambit
|-damage|p1a: Kingambit|55/100
|move|p1a: Kingambit|Iron Head|p2a: Weavile
|-supereffective|p2a: Weavile|1
|-damage|p2a: Weavile|0 fnt
|faint|p2a: Weavile
|
|-sideend|p2: champions-rl-fizix|move: Tailwind
|upkeep
|
|t:|1785842495
|switch|p1b: Basculegion|Basculegion, L50, M|100/100
|turn|8
|
|t:|1785842500
|move|p2b: Whimsicott|Tickle|p1a: Kingambit
|-hint|Since gen 7, Dark is immune to Prankster moves.
|-immune|p1a: Kingambit
|move|p1b: Basculegion|Aqua Jet|p2b: Whimsicott
|-resisted|p2b: Whimsicott|1
|-damage|p2b: Whimsicott|0 fnt
|faint|p2b: Whimsicott
|-damage|p1b: Basculegion|90/100|[from] item: Life Orb
|
|win|Yoelsan8
||champions-rl-fizix is ready for game 2.
||Yoelsan8 is ready for game 2.
|uhtml|next|Next: Game 2 of 3
