|j|☆giraldo576
|j|☆TurquoiseYoshi
|html|giraldo576TurquoiseYoshi    
|uhtml|bestof|Game 1 of a best-of-3
|t:|1757655750
|gametype|doubles
|player|p1|giraldo576|169|1065
|player|p2|TurquoiseYoshi|rika|1152
|gen|9
|tier|[Gen 9] VGC 2025 Reg H (Bo3)
|rated|
|rule|Species Clause: Limit one of each Pokémon
|rule|Item Clause: Limit 1 of each item
|clearpoke
|poke|p1|Incineroar, L50, M|
|poke|p1|Indeedee-F, L50, F|
|poke|p1|Armarouge, L50, F|
|poke|p1|Basculin, L50, M|
|poke|p1|Sneasler, L50, F|
|poke|p1|Electabuzz, L50, F|
|poke|p2|Baxcalibur, L50, F|
|poke|p2|Ninetales-Alola, L50, F|
|poke|p2|Salazzle, L50, F|
|poke|p2|Zoroark-Hisui, L50, M|
|poke|p2|Dondozo, L50, F|
|poke|p2|Tatsugiri-Stretchy, L50, M|
|teampreview|4
|showteam|p1|Incineroar||SafetyGoggles|Intimidate|FakeOut,PartingShot,KnockOff,FlareBlitz|||M|||50|,,,,,Bug]Indeedee-F||PsychicSeed|PsychicSurge|FollowMe,TrickRoom,Psychic,HelpingHand|||F|||50|,,,,,Grass]Armarouge||WeaknessPolicy|WeakArmor|ExpandingForce,Protect,ArmorCannon,CalmMind|||F|||50|,,,,,Grass]Basculin||ChoiceScarf|Reckless|AquaJet,IcyWind,Taunt,FlipTurn|||M|||50|,,,,,Water]Sneasler||FocusSash|PoisonTouch|DireClaw,Protect,CloseCombat,ThroatChop|||F|||50|,,,,,Fighting]Electabuzz||Eviolite|VitalSpirit|FollowMe,Taunt,Electroweb,KnockOff|||F|||50|,,,,,Ghost
|showteam|p2|Baxcalibur||LoadedDice|ThermalExchange|ScaleShot,IcicleSpear,IceShard,Protect|||F|||50|,,,,,Ghost]Ninetales-Alola||CovertCloak|SnowWarning|Blizzard,Moonblast,AuroraVeil,Protect|||F|||50|,,,,,Water]Salazzle||FocusSash|Corrosion|PoisonGas,Venoshock,DragonCheer,Protect|||F|||50|,,,,,Ghost]Zoroark-Hisui||ChoiceSpecs|Illusion|HyperVoice,ShadowBall,FocusBlast,HyperBeam|||M|||50|,,,,,Normal]Dondozo||Leftovers|Unaware|Fissure,Waterfall,Rest,SleepTalk|||F|||50|,,,,,Steel]Tatsugiri-Stretchy||ChoiceScarf|Commander|MuddyWater,DragonPulse,IcyWind,Celebrate|||M|||50|,,,,,Water
|inactive|Battle timer is ON: inactive players will automatically lose when time's up. (requested by TurquoiseYoshi)
|
|t:|1757655775
|teamsize|p1|4
|teamsize|p2|4
|start
|switch|p1a: Armarouge|Armarouge, L50, F|100/100
|switch|p1b: Basculin|Basculin, L50, M|100/100
|switch|p2a: Ninetales|Ninetales-Alola, L50, F|100/100
|switch|p2b: Dondozo|Dondozo, L50, F|100/100
|-weather|Snowscape|[from] ability: Snow Warning|[of] p2a: Ninetales
|turn|1
|
|t:|1757655792
|move|p1b: Basculin|Flip Turn|p1a: Armarouge
|-supereffective|p1a: Armarouge
|-damage|p1a: Armarouge|68/100
|-ability|p1a: Armarouge|Weak Armor|boost
|-unboost|p1a: Armarouge|def|1
|-boost|p1a: Armarouge|spe|2
|-enditem|p1a: Armarouge|Weakness Policy
|-boost|p1a: Armarouge|atk|2|[from] item: Weakness Policy
|-boost|p1a: Armarouge|spa|2|[from] item: Weakness Policy
|
|t:|1757655799
|switch|p1b: Indeedee|Indeedee-F, L50, F|100/100|[from] Flip Turn
|-fieldstart|move: Psychic Terrain|[from] ability: Psychic Surge|[of] p1b: Indeedee
|-enditem|p1b: Indeedee|Psychic Seed
|-boost|p1b: Indeedee|spd|1|[from] item: Psychic Seed
|move|p1a: Armarouge|Expanding Force|p2a: Ninetales|[spread] p2a,p2b
|-damage|p2a: Ninetales|0 fnt
|-damage|p2b: Dondozo|0 fnt
|replace|p2b: Zoroark|Zoroark-Hisui, L50, M
|-end|p2b: Zoroark|Illusion
|faint|p2a: Ninetales
|faint|p2b: Zoroark
|
|-weather|Snowscape|[upkeep]
|upkeep
|
|t:|1757655807
|switch|p2a: Tatsugiri|Tatsugiri-Stretchy, L50, M|100/100
|switch|p2b: Dondozo|Dondozo, L50, F|100/100
|-activate|p2a: Tatsugiri|ability: Commander|[of] p2b: Dondozo
|-boost|p2b: Dondozo|atk|2
|-boost|p2b: Dondozo|spa|2
|-boost|p2b: Dondozo|spe|2
|-boost|p2b: Dondozo|def|2
|-boost|p2b: Dondozo|spd|2
|turn|2
|
|t:|1757655819
|move|p1b: Indeedee|Helping Hand|p1a: Armarouge
|-singleturn|p1a: Armarouge|Helping Hand|[of] p1b: Indeedee
|move|p1a: Armarouge|Expanding Force|p2b: Dondozo|[spread] p2b
|-miss|p1a: Armarouge|p2a: Tatsugiri
|-damage|p2b: Dondozo|58/100
|move|p2b: Dondozo|Waterfall|p1a: Armarouge
|-supereffective|p1a: Armarouge
|-damage|p1a: Armarouge|0 fnt
|faint|p1a: Armarouge
|
|-weather|Snowscape|[upkeep]
|-heal|p2b: Dondozo|64/100|[from] item: Leftovers
|upkeep
|
|t:|1757655830
|switch|p1a: Electabuzz|Electabuzz, L50, F|100/100
|turn|3
|
|t:|1757655840
|-terastallize|p2b: Dondozo|Steel
|move|p1a: Electabuzz|Taunt|p2b: Dondozo
|-start|p2b: Dondozo|move: Taunt
|move|p2b: Dondozo|Fissure|p1a: Electabuzz
|-damage|p1a: Electabuzz|0 fnt
|faint|p1a: Electabuzz
|-ohko
|move|p1b: Indeedee|Trick Room|p1b: Indeedee
|-fieldstart|move: Trick Room|[of] p1b: Indeedee
|
|-weather|Snowscape|[upkeep]
|-heal|p2b: Dondozo|70/100|[from] item: Leftovers
|upkeep
|
|t:|1757655848
|switch|p1a: Basculin|Basculin, L50, M|100/100
|turn|4
|
|t:|1757655855
|-terastallize|p1b: Indeedee|Grass
|move|p1b: Indeedee|Psychic|p2b: Dondozo
|-resisted|p2b: Dondozo
|-damage|p2b: Dondozo|62/100
|move|p2b: Dondozo|Fissure|p1a: Basculin|[miss]
|-miss|p2b: Dondozo|p1a: Basculin
|move|p1a: Basculin|Flip Turn|p2b: Dondozo
|-damage|p2b: Dondozo|58/100
|
|-weather|Snowscape|[upkeep]
|-heal|p2b: Dondozo|64/100|[from] item: Leftovers
|upkeep
|turn|5
|
|t:|1757655868
|move|p1b: Indeedee|Psychic|p2b: Dondozo
|-resisted|p2b: Dondozo
|-damage|p2b: Dondozo|55/100
|move|p2b: Dondozo|Fissure|p1a: Basculin|[miss]
|-miss|p2b: Dondozo|p1a: Basculin
|move|p1a: Basculin|Flip Turn|p2b: Dondozo
|-damage|p2b: Dondozo|51/100
|
|-weather|none
|-heal|p2b: Dondozo|58/100|[from] item: Leftovers
|-end|p2b: Dondozo|move: Taunt
|-fieldend|move: Psychic Terrain
|upkeep
|turn|6
|
|t:|1757655875
|move|p1b: Indeedee|Psychic|p2b: Dondozo
|-resisted|p2b: Dondozo
|-damage|p2b: Dondozo|51/100
|move|p2b: Dondozo|Fissure|p1a: Basculin|[miss]
|-miss|p2b: Dondozo|p1a: Basculin
|move|p1a: Basculin|Flip Turn|p2b: Dondozo
|-damage|p2b: Dondozo|46/100
|
|-heal|p2b: Dondozo|53/100|[from] item: Leftovers
|upkeep
|turn|7
|
|t:|1757655883
|move|p1b: Indeedee|Psychic|p2b: Dondozo
|-resisted|p2b: Dondozo
|-damage|p2b: Dondozo|47/100
|move|p2b: Dondozo|Fissure|p1a: Basculin|[miss]
|-miss|p2b: Dondozo|p1a: Basculin
|move|p1a: Basculin|Flip Turn|p2b: Dondozo
|-damage|p2b: Dondozo|43/100
|
|-heal|p2b: Dondozo|49/100|[from] item: Leftovers
|-fieldend|move: Trick Room
|upkeep
|turn|8
|
|t:|1757655891
|move|p1a: Basculin|Flip Turn|p2b: Dondozo
|-damage|p2b: Dondozo|44/100
|move|p2b: Dondozo|Rest|p2b: Dondozo
|-status|p2b: Dondozo|slp|[from] move: Rest
|-heal|p2b: Dondozo|100/100 slp|[silent]
|move|p1b: Indeedee|Psychic|p2b: Dondozo
|-resisted|p2b: Dondozo
|-damage|p2b: Dondozo|94/100 slp
|
|-heal|p2b: Dondozo|100/100 slp|[from] item: Leftovers
|upkeep
|turn|9
|-message|giraldo576 forfeited.
|
|win|TurquoiseYoshi
|l|☆giraldo576
|player|p1|
||giraldo576 is ready for game 2.
||TurquoiseYoshi is ready for game 2.
|uhtml|next|Next: Game 2 of 3
|l|☆TurquoiseYoshi
|player|p2|
