|j|ŌśåXeroxyx
|j|ŌśåFruitloopsFL
|html|XeroxyxFruitloopsFL    
|uhtml|bestof|Game 1 of a best-of-3
|t:|1783366378
|gametype|doubles
|player|p1|Xeroxyx|hilbert|
|player|p2|FruitloopsFL|alder|
|gen|9
|tier|[Gen 9 Champions] VGC 2026 Reg M-B (Bo3)
|rule|Species Clause: Limit one of each Pok├®mon
|rule|Item Clause: Limit 1 of each item
|clearpoke
|poke|p1|Gholdengo, L50|
|poke|p1|Incineroar, L50, F|
|poke|p1|Basculegion, L50, M|
|poke|p1|Garchomp, L50, F|
|poke|p1|Charizard, L50, F|
|poke|p1|Whimsicott, L50, F|
|poke|p2|Toucannon, L50, F|
|poke|p2|Grimmsnarl, L50, M|
|poke|p2|Raichu, L50, F|
|poke|p2|Garchomp, L50, F|
|poke|p2|Annihilape, L50, M|
|poke|p2|Volcarona, L50, F|
|teampreview|4
|showteam|p1|Gholdengo||SpellTag|GoodasGold|MakeItRain,ShadowBall,NastyPlot,Protect|Modest|||||50|]Incineroar||SitrusBerry|Intimidate|PartingShot,FlareBlitz,ThroatChop,FakeOut|Impish||F|||50|]Basculegion||ChoiceScarf|Adaptability|WaveCrash,LastRespects,AquaJet,FlipTurn|Jolly||M|||50|]Garchomp||LifeOrb|RoughSkin|Earthquake,DragonClaw,RockSlide,Protect|Jolly||F|||50|]Charizard||CharizarditeY|Blaze|HeatWave,SolarBeam,WeatherBall,Protect|Modest||F|||50|]Whimsicott||FocusSash|Prankster|Tailwind,Encore,Moonblast,Protect|Timid||F|||50|
|showteam|p2|Toucannon||SilkScarf|SkillLink|Tailwind,BulletSeed,Boomburst,Protect|Impish||F|||50|]Grimmsnarl||LightClay|Prankster|FakeOut,PartingShot,Reflect,LightScreen|Careful||M|||50|]Raichu||RaichuniteY|LightningRod|FakeOut,GrassKnot,FocusBlast,ZapCannon|Hasty||F|||50|]Garchomp||LifeOrb|RoughSkin|RockSlide,Earthquake,DragonClaw,Protect|Jolly||F|||50|]Annihilape||Leftovers|Defiant|IcePunch,RageFist,DrainPunch,Protect|Adamant||M|||50|]Volcarona||ChartiBerry|FlameBody|RagePowder,MorningSun,WillOWisp,HeatWave|Calm||F|||50|
|j| electro94
|c| electro94|Go FL!
|c| electro94|Go!
|c|ŌśåXeroxyx|hmm
|c|ŌśåXeroxyx|maybe i should've turned spectators off
|c| electro94|You got this
|c| electro94|Want me to leave?
|c|ŌśåXeroxyx|nah
|c|ŌśåFruitloopsFL|if I get 4-0'd then yes
|c|ŌśåXeroxyx|i don't think you will, but let's see
|c| electro94|Okey
|c|ŌśåXeroxyx|glhf
|c| electro94|Good luck to both of you!!
|c|ŌśåFruitloopsFL|glhf
|c| electro94|­¤ōŻ
|
|t:|1783366502
|teamsize|p1|4
|teamsize|p2|4
|start
|switch|p1a: Whimsicott|Whimsicott, L50, F|100/100
|switch|p1b: Basculegion|Basculegion, L50, M|100/100
|switch|p2a: Annihilape|Annihilape, L50, M|100/100
|switch|p2b: Grimmsnarl|Grimmsnarl, L50, M|100/100
|turn|1
|c|ŌśåXeroxyx|so h
|c|ŌśåXeroxyx|ok
|c|ŌśåXeroxyx|mind if i turn on timer or
|c|ŌśåFruitloopsFL|sure
|inactive|Battle timer is ON: inactive players will automatically lose when time's up. (requested by Xeroxyx)
|c|ŌśåXeroxyx|30 second timer, brrr
|
|t:|1783366610
|move|p1a: Whimsicott|Protect|p1a: Whimsicott
|-singleturn|p1a: Whimsicott|Protect
|move|p2b: Grimmsnarl|Reflect|p2b: Grimmsnarl
|-sidestart|p2: FruitloopsFL|Reflect
|move|p1b: Basculegion|Flip Turn|p2a: Annihilape
|-damage|p2a: Annihilape|78/100
|c|ŌśåXeroxyx|ok i guess that means it's showdown being slow?
|c|ŌśåFruitloopsFL|probably
|inactive|Xeroxyx has 30 seconds left.
|
|t:|1783366635
|switch|p1b: Charizard|Charizard, L50, F|100/100|[from] Flip Turn
|move|p2a: Annihilape|Rage Fist|p1b: Charizard
|-damage|p1b: Charizard|46/100
|
|-heal|p2a: Annihilape|84/100|[from] item: Leftovers
|upkeep
|turn|2
|inactive|FruitloopsFL has 30 seconds left.
|c|ŌśåXeroxyx|can't say i was expecting that to almost 2hko
|inactive|FruitloopsFL has 20 seconds left.
|
|t:|1783366673
|detailschange|p1b: Charizard|Charizard-Mega-Y, L50, F
|-mega|p1b: Charizard|Charizard|Charizardite Y
|-weather|SunnyDay|[from] ability: Drought|[of] p1b: Charizard
|move|p1b: Charizard|Protect|p1b: Charizard
|-singleturn|p1b: Charizard|Protect
|move|p1a: Whimsicott|Tailwind|p1a: Whimsicott
|-sidestart|p1: Xeroxyx|move: Tailwind
|move|p2b: Grimmsnarl|Light Screen|p2b: Grimmsnarl
|-sidestart|p2: FruitloopsFL|move: Light Screen
|move|p2a: Annihilape|Rage Fist|p1a: Whimsicott
|-damage|p1a: Whimsicott|18/100
|
|-weather|SunnyDay|[upkeep]
|-heal|p2a: Annihilape|90/100|[from] item: Leftovers
|upkeep
|turn|3
|inactive|Xeroxyx has 30 seconds left.
|inactive|FruitloopsFL has 30 seconds left.
|
|t:|1783366701
|move|p2b: Grimmsnarl|Parting Shot|p1b: Charizard
|-unboost|p1b: Charizard|atk|1
|-unboost|p1b: Charizard|spa|1
|
|t:|1783366709
|switch|p2b: Raichu|Raichu, L50, F|100/100|[from] Parting Shot
|move|p1a: Whimsicott|Moonblast|p2a: Annihilape
|-supereffective|p2a: Annihilape|1
|-damage|p2a: Annihilape|46/100
|move|p1b: Charizard|Weather Ball|p2a: Annihilape
|-damage|p2a: Annihilape|11/100
|move|p2a: Annihilape|Rage Fist|p1b: Charizard
|-damage|p1b: Charizard|0 fnt
|faint|p1b: Charizard
|
|-weather|SunnyDay|[upkeep]
|-heal|p2a: Annihilape|17/100|[from] item: Leftovers
|upkeep
|
|t:|1783366725
|switch|p1b: Garchomp|Garchomp, L50, F|100/100
|turn|4
|
|t:|1783366742
|switch|p2b: Volcarona|Volcarona, L50, F|100/100
|move|p2a: Annihilape|Protect|p2a: Annihilape
|-singleturn|p2a: Annihilape|Protect
|move|p1a: Whimsicott|Moonblast|p2b: Volcarona
|-resisted|p2b: Volcarona|1
|-damage|p2b: Volcarona|92/100
|move|p1b: Garchomp|Earthquake|p2a: Annihilape|[spread] p1a,p2b
|-activate|p2a: Annihilape|move: Protect
|-resisted|p1a: Whimsicott|1
|-damage|p1a: Whimsicott|0 fnt
|-damage|p2b: Volcarona|47/100
|faint|p1a: Whimsicott
|-damage|p1b: Garchomp|90/100|[from] item: Life Orb
|
|-weather|SunnyDay|[upkeep]
|-heal|p2a: Annihilape|23/100|[from] item: Leftovers
|upkeep
|
|t:|1783366755
|switch|p1a: Basculegion|Basculegion, L50, M|100/100
|turn|5
|
|t:|1783366776
|switch|p2a: Grimmsnarl|Grimmsnarl, L50, M|100/100
|move|p1a: Basculegion|Last Respects|p2b: Volcarona
|-damage|p2b: Volcarona|0 fnt
|faint|p2b: Volcarona
|move|p1b: Garchomp|Rock Slide|p2a: Grimmsnarl
|-damage|p2a: Grimmsnarl|70/100
|-damage|p1b: Garchomp|80/100|[from] item: Life Orb
|
|-weather|SunnyDay|[upkeep]
|-sideend|p1: Xeroxyx|move: Tailwind
|upkeep
|
|t:|1783366785
|switch|p2b: Raichu|Raichu, L50, F|100/100
|turn|6
|
|t:|1783366808
|detailschange|p2b: Raichu|Raichu-Mega-Y, L50, F
|-mega|p2b: Raichu|Raichu|Raichunite Y
|move|p1b: Garchomp|Protect|p1b: Garchomp
|-singleturn|p1b: Garchomp|Protect
|move|p2a: Grimmsnarl|Fake Out|p1b: Garchomp
|-activate|p1b: Garchomp|move: Protect
|move|p1a: Basculegion|Last Respects|p2b: Raichu
|-damage|p2b: Raichu|0 fnt
|faint|p2b: Raichu
|
|-weather|none
|upkeep
|c|ŌśåXeroxyx|nice
|c|ŌśåFruitloopsFL|excuse me
|c|ŌśåXeroxyx|at least i'm not getting 3-0'd now
|
|t:|1783366830
|switch|p2b: Annihilape|Annihilape, L50, M|23/100
|turn|7
|c| electro94|Whut
|c| electro94|HOW
|c|ŌśåXeroxyx|i figured he might fake out my garchomp
|inactive|FruitloopsFL has 30 seconds left.
|c|ŌśåXeroxyx|so i made it a useless fakeout
|c|ŌśåXeroxyx|and bascu is scarfed, so raichu died
|
|t:|1783366864
|move|p2b: Annihilape|Protect|p2b: Annihilape
|-singleturn|p2b: Annihilape|Protect
|move|p2a: Grimmsnarl|Parting Shot|p1a: Basculegion
|-unboost|p1a: Basculegion|atk|1
|-unboost|p1a: Basculegion|spa|1
|move|p1a: Basculegion|Last Respects|p2b: Annihilape
|-activate|p2b: Annihilape|move: Protect
|move|p1b: Garchomp|Rock Slide|p2a: Grimmsnarl|[spread] 
|-activate|p2b: Annihilape|move: Protect
|-miss|p1b: Garchomp|p2a: Grimmsnarl
|
|-heal|p2b: Annihilape|29/100|[from] item: Leftovers
|upkeep
|turn|8
|c|ŌśåXeroxyx|nice
|c|ŌśåFruitloopsFL|wasn't expecting that much damage from it though
|inactive|FruitloopsFL has 30 seconds left.
|c|ŌśåXeroxyx|that's why last respects got banned
|c| electro94|Yeah but kills thru Reflect??
|inactive|FruitloopsFL has 20 seconds left.
|c|ŌśåXeroxyx|it's insane, yes
|inactive|FruitloopsFL has 15 seconds left.
|inactive|FruitloopsFL has 10 seconds left.
|c|ŌśåXeroxyx|don't time out
|c| electro94|Damn
|inactive|FruitloopsFL has 5 seconds left.
|
|t:|1783366916
|move|p2a: Grimmsnarl|Parting Shot|p1a: Basculegion
|-unboost|p1a: Basculegion|atk|1
|-unboost|p1a: Basculegion|spa|1
|move|p1a: Basculegion|Last Respects|p2b: Annihilape
|-supereffective|p2b: Annihilape|1
|-crit|p2b: Annihilape
|-damage|p2b: Annihilape|0 fnt
|faint|p2b: Annihilape
|move|p1b: Garchomp|Rock Slide|p2a: Grimmsnarl
|-damage|p2a: Grimmsnarl|39/100
|-damage|p1b: Garchomp|70/100|[from] item: Life Orb
|
|-sideend|p2: FruitloopsFL|Reflect
|upkeep
|turn|9
|c|ŌśåFruitloopsFL|gg
|-message|FruitloopsFL forfeited.
|
|win|Xeroxyx
|c|ŌśåXeroxyx|ggwp
|c| electro94|:(
||FruitloopsFL is ready for game 2.
|inactive|Xeroxyx has 30 seconds to confirm battle start!
|c|ŌśåXeroxyx|i don't see a button
|inactive|Xeroxyx has 20 seconds to confirm battle start!
||Xeroxyx is ready for game 2.
|uhtml|next|Next: Game 2 of 3
