|j|â˜†maesker
|j|â˜†SeymoursLeftToeVGC
|html|maeskerSeymoursLeftToeVGC    
|uhtml|bestof|Game 2 of a best-of-3
|t:|1782505219
|gametype|doubles
|player|p1|maesker|dawn|1189
|player|p2|SeymoursLeftToeVGC|ninjaboy|1147
|gen|9
|tier|[Gen 9 Champions] VGC 2026 Reg M-B (Bo3)
|rated|
|rule|Species Clause: Limit one of each PokÃ©mon
|rule|Item Clause: Limit 1 of each item
|clearpoke
|poke|p1|Gengar, L50, M|
|poke|p1|Gyarados, L50, F|
|poke|p1|Kingambit, L50, M|
|poke|p1|Sylveon, L50, M|
|poke|p1|Garchomp, L50, F|
|poke|p1|Raichu, L50, F|
|poke|p2|Whimsicott, L50, F, shiny|
|poke|p2|Typhlosion-Hisui, L50, M, shiny|
|poke|p2|Farigiraf, L50, M|
|poke|p2|Sceptile, L50, M, shiny|
|poke|p2|Rotom-Wash, L50, shiny|
|poke|p2|Gardevoir, L50, F, shiny|
|teampreview|4
|showteam|p1|Gengar||Gengarite|CursedBody|Protect,ShadowBall,IcyWind,DazzlingGleam|Timid||M|||50|]Gyarados||Leftovers|Intimidate|DragonDance,Waterfall,Earthquake,IceFang|Adamant||F|||50|]Kingambit||SitrusBerry|Defiant|SwordsDance,SuckerPunch,KowtowCleave,IronHead|Adamant||M|||50|]Sylveon||FairyFeather|Pixilate|HyperBeam,HyperVoice,Protect,Wish|Modest||M|||50|]Garchomp||ChoiceScarf|RoughSkin|Earthquake,RockSlide,DragonClaw,StompingTantrum|Adamant||F|||50|]Raichu||RaichuniteY|LightningRod|FakeOut,Protect,FocusBlast,ZapCannon|Timid||F|||50|
|showteam|p2|Whimsicott||FocusSash|Prankster|Moonblast,FakeTears,SunnyDay,Tailwind|Modest||F|||50|]Typhlosion-Hisui||Charcoal|Blaze|Eruption,Protect,ShadowBall,HeatWave|Modest||M|||50|]Farigiraf||LifeOrb|ArmorTail|HyperVoice,TwinBeam,Protect,HelpingHand|Modest||M|||50|]Sceptile||Sceptilite|Overgrow|EarthPower,DragonPulse,Detect,EnergyBall|Timid||M|||50|]Rotom-Wash||ChoiceScarf|Levitate|HydroPump,Discharge,VoltSwitch,Thunderbolt|Timid|||||50|]Gardevoir||Gardevoirite|Telepathy|HyperVoice,HyperBeam,Protect,Psychic|Timid||F|||50|
|inactive|Battle timer is ON: inactive players will automatically lose when time's up. (requested by SeymoursLeftToeVGC)
|inactive|SeymoursLeftToeVGC has 60 seconds left.
|
|t:|1782505271
|teamsize|p1|4
|teamsize|p2|4
|start
|switch|p1a: Gengar|Gengar, L50, M|100/100
|switch|p1b: Gyarados|Gyarados, L50, F|100/100
|switch|p2a: Whimsicott|Whimsicott, L50, F, shiny|100/100
|switch|p2b: Typhlosion|Typhlosion-Hisui, L50, M, shiny|100/100
|-ability|p1b: Gyarados|Intimidate|boost
|-unboost|p2a: Whimsicott|atk|1
|-unboost|p2b: Typhlosion|atk|1
|turn|1
|l|â˜†maesker
|inactive|maesker disconnected and has a minute to reconnect!
|player|p1|
|inactive|maesker has 30 seconds left.
|j|â˜†maesker
|inactive|maesker reconnected and has 25 seconds left.
|player|p1|maesker|dawn|
|inactive|maesker has 20 seconds left.
|inactive|maesker has 15 seconds left.
|inactive|maesker has 10 seconds left.
|
|t:|1782505317
|detailschange|p1a: Gengar|Gengar-Mega, L50, M
|-mega|p1a: Gengar|Gengar|Gengarite
|move|p1a: Gengar|Protect|p1a: Gengar
|-singleturn|p1a: Gengar|Protect
|move|p2b: Typhlosion|Protect|p2b: Typhlosion
|-singleturn|p2b: Typhlosion|Protect
|move|p2a: Whimsicott|Tailwind|p2a: Whimsicott
|-sidestart|p2: SeymoursLeftToeVGC|move: Tailwind
|move|p1b: Gyarados|Dragon Dance|p1b: Gyarados
|-boost|p1b: Gyarados|atk|1
|-boost|p1b: Gyarados|spe|1
|
|upkeep
|turn|2
|inactive|maesker has 30 seconds left.
|
|t:|1782505347
|switch|p1a: Sylveon|Sylveon, L50, M|100/100
|move|p2a: Whimsicott|Fake Tears|p1b: Gyarados
|-unboost|p1b: Gyarados|spd|2
|move|p2b: Typhlosion|Eruption|p1b: Gyarados|[spread] p1a,p1b
|-resisted|p1b: Gyarados|1
|-damage|p1a: Sylveon|52/100
|-damage|p1b: Gyarados|37/100
|move|p1b: Gyarados|Waterfall|p2b: Typhlosion
|-supereffective|p2b: Typhlosion|1
|-damage|p2b: Typhlosion|0 fnt
|faint|p2b: Typhlosion
|
|-heal|p1b: Gyarados|43/100|[from] item: Leftovers
|upkeep
|
|t:|1782505360
|switch|p2b: Gardevoir|Gardevoir, L50, F, shiny|100/100
|turn|3
|
|t:|1782505374
|detailschange|p2b: Gardevoir|Gardevoir-Mega, L50, F, shiny
|-mega|p2b: Gardevoir|Gardevoir|Gardevoirite
|move|p2a: Whimsicott|Fake Tears|p1a: Sylveon
|-unboost|p1a: Sylveon|spd|2
|move|p2b: Gardevoir|Hyper Voice|p1b: Gyarados|[spread] p1a,p1b
|-damage|p1a: Sylveon|0 fnt
|-damage|p1b: Gyarados|0 fnt
|faint|p1a: Sylveon
|faint|p1b: Gyarados
|
|upkeep
|
|t:|1782505382
|switch|p1b: Kingambit|Kingambit, L50, M|100/100
|switch|p1a: Gengar|Gengar-Mega, L50, M|100/100
|turn|4
|inactive|SeymoursLeftToeVGC has 30 seconds left.
|
|t:|1782505412
|move|p2b: Gardevoir|Protect|p2b: Gardevoir
|-singleturn|p2b: Gardevoir|Protect
|move|p2a: Whimsicott|Moonblast|p1b: Kingambit
|-damage|p1b: Kingambit|61/100
|-unboost|p1b: Kingambit|spa|1
|-ability|p1b: Kingambit|Defiant|boost
|-boost|p1b: Kingambit|atk|2
|move|p1a: Gengar|Shadow Ball|p2b: Gardevoir
|-activate|p2b: Gardevoir|move: Protect
|move|p1b: Kingambit|Swords Dance|p1b: Kingambit
|-boost|p1b: Kingambit|atk|2
|
|-sideend|p2: SeymoursLeftToeVGC|move: Tailwind
|upkeep
|turn|5
|
|t:|1782505434
|move|p2a: Whimsicott|Tailwind|p2a: Whimsicott
|-sidestart|p2: SeymoursLeftToeVGC|move: Tailwind
|move|p2b: Gardevoir|Psychic|p1a: Gengar
|-supereffective|p1a: Gengar|1
|-damage|p1a: Gengar|0 fnt
|faint|p1a: Gengar
|move|p1b: Kingambit|Kowtow Cleave|p2b: Gardevoir
|-damage|p2b: Gardevoir|0 fnt
|faint|p2b: Gardevoir
|
|upkeep
|
|t:|1782505444
|switch|p2b: Farigiraf|Farigiraf, L50, M|100/100
|turn|6
|
|t:|1782505457
|move|p2b: Farigiraf|Helping Hand|p2a: Whimsicott
|-singleturn|p2a: Whimsicott|Helping Hand|[of] p2b: Farigiraf
|move|p2a: Whimsicott|Moonblast|p1b: Kingambit
|-damage|p1b: Kingambit|9/100
|-enditem|p1b: Kingambit|Sitrus Berry|[eat]
|-heal|p1b: Kingambit|34/100|[from] item: Sitrus Berry
|move|p1b: Kingambit|Kowtow Cleave|p2b: Farigiraf
|-supereffective|p2b: Farigiraf|1
|-crit|p2b: Farigiraf
|-damage|p2b: Farigiraf|0 fnt
|faint|p2b: Farigiraf
|
|upkeep
|turn|7
|
|t:|1782505468
|move|p1b: Kingambit|Sucker Punch|p2a: Whimsicott
|-resisted|p2a: Whimsicott|1
|-damage|p2a: Whimsicott|10/100
|move|p2a: Whimsicott|Moonblast|p1b: Kingambit
|-damage|p1b: Kingambit|0 fnt
|faint|p1b: Kingambit
|
|win|SeymoursLeftToeVGC
|raw|maesker's rating: 1189 → 1161(-28 for losing)
|raw|SeymoursLeftToeVGC's rating: 1147 → 1175(+28 for winning)
