|j|☆A_TerroneVGC
|j|☆i need a coaching
|html|A_TerroneVGCi need a coaching    
|uhtml|bestof|Game 1 of a best-of-3
|t:|1756540593
|gametype|doubles
|player|p1|A_TerroneVGC|265|
|player|p2|i need a coaching|youngster-gen4dp|
|gen|9
|tier|[Gen 9] VGC 2025 Reg H (Bo3)
|rule|Species Clause: Limit one of each Pokémon
|rule|Item Clause: Limit 1 of each item
|clearpoke
|poke|p1|Basculegion, L50, M|
|poke|p1|Gholdengo, L50|
|poke|p1|Archaludon, L50, M|
|poke|p1|Pelipper, L50, M|
|poke|p1|Incineroar, L50, M|
|poke|p1|Amoonguss, L50, M|
|poke|p2|Kingambit, L50, M|
|poke|p2|Dragonite, L50, F|
|poke|p2|Magmar, L50, F|
|poke|p2|Annihilape, L50, M|
|poke|p2|Ursaluna-Bloodmoon, L50, M|
|poke|p2|Kilowattrel, L50, F|
|teampreview|4
|showteam|p1|Basculegion||ChoiceBand|SwiftSwim|WaveCrash,LastRespects,FlipTurn,AquaJet|||M|||50|,,,,,Water]Gholdengo||LifeOrb|GoodasGold|MakeItRain,ShadowBall,NastyPlot,Protect||||||50|,,,,,Water]Archaludon||AssaultVest|Stamina|FlashCannon,DracoMeteor,ElectroShot,BodyPress|||M|||50|,,,,,Bug]Pelipper||FocusSash|Drizzle|WeatherBall,Hurricane,Tailwind,Protect|||M|||50|,,,,,Ground]Incineroar||SafetyGoggles|Intimidate|FlareBlitz,KnockOff,FakeOut,PartingShot|||M|||50|,,,,,Ghost]Amoonguss||CovertCloak|Regenerator|PollenPuff,Spore,RagePowder,Protect|||M|||50|,,,,,Fairy
|showteam|p2|Kingambit||AssaultVest|Defiant|KowtowCleave,SuckerPunch,IronHead,TeraBlast|||M|||50|,,,,,Flying]Dragonite||LoadedDice|Multiscale|ScaleShot,Haze,Protect,Tailwind|||F|||50|,,,,,Fairy]Magmar||Eviolite|VitalSpirit|FollowMe,Overheat,Taunt,HelpingHand|||F|||50|,,,,,Ghost]Annihilape||SafetyGoggles|Defiant|RageFist,DrainPunch,Protect,BulkUp|||M|||50|,,,,,Water]Ursaluna-Bloodmoon||LifeOrb|MindsEye|EarthPower,BloodMoon,HyperVoice,Protect|||M|||50|,,,,,Normal]Kilowattrel||FocusSash|Competitive|Tailwind,AirSlash,Thunderbolt,Protect|||F|||50|,,,,,Ghost
|inactive|Battle timer is ON: inactive players will automatically lose when time's up. (requested by i need a coaching)
|inactive|A_TerroneVGC has 60 seconds left.
|inactive|A_TerroneVGC has 30 seconds left.
|inactive|A_TerroneVGC has 20 seconds left.
|
|t:|1756540669
|teamsize|p1|4
|teamsize|p2|4
|start
|switch|p1a: Pelipper|Pelipper, L50, M|100/100
|switch|p1b: Basculegion|Basculegion, L50, M|100/100
|switch|p2a: Dragonite|Dragonite, L50, F|100/100
|switch|p2b: Ursaluna|Ursaluna-Bloodmoon, L50, M|100/100
|-weather|RainDance|[from] ability: Drizzle|[of] p1a: Pelipper
|turn|1
|inactive|A_TerroneVGC has 30 seconds left.
|inactive|i need a coaching has 30 seconds left.
|
|t:|1756540700
|-terastallize|p2b: Ursaluna|Normal
|move|p1b: Basculegion|Flip Turn|p2a: Dragonite
|-resisted|p2a: Dragonite
|-damage|p2a: Dragonite|81/100
|
|t:|1756540705
|switch|p1b: Archaludon|Archaludon, L50, M|100/100|[from] Flip Turn
|move|p2a: Dragonite|Scale Shot|p1a: Pelipper
|-damage|p1a: Pelipper|80/100
|-damage|p1a: Pelipper|59/100
|-damage|p1a: Pelipper|39/100
|-damage|p1a: Pelipper|21/100
|-damage|p1a: Pelipper|0 fnt
|faint|p1a: Pelipper
|-hitcount|p1: Pelipper|5
|-unboost|p2a: Dragonite|def|1
|-boost|p2a: Dragonite|spe|1
|move|p2b: Ursaluna|Blood Moon|p1b: Archaludon
|-resisted|p1b: Archaludon
|-damage|p1b: Archaludon|54/100
|-ability|p1b: Archaludon|Stamina|boost
|-boost|p1b: Archaludon|def|1
|-damage|p2b: Ursaluna|91/100|[from] item: Life Orb
|
|-weather|RainDance|[upkeep]
|upkeep
|
|t:|1756540725
|switch|p1a: Basculegion|Basculegion, L50, M|100/100
|turn|2
|inactive|i need a coaching has 30 seconds left.
|
|t:|1756540753
|-terastallize|p1a: Basculegion|Water
|move|p2b: Ursaluna|Protect|p2b: Ursaluna
|-singleturn|p2b: Ursaluna|Protect
|move|p1a: Basculegion|Wave Crash|p2a: Dragonite
|-resisted|p2a: Dragonite
|-damage|p2a: Dragonite|0 fnt
|faint|p2a: Dragonite
|-damage|p1a: Basculegion|78/100|[from] Recoil
|move|p1b: Archaludon|Electro Shot||[still]
|-prepare|p1b: Archaludon|Electro Shot
|-boost|p1b: Archaludon|spa|1
|-anim|p1b: Archaludon|Electro Shot|p2b: Ursaluna
|-activate|p2b: Ursaluna|move: Protect
|
|-weather|RainDance|[upkeep]
|upkeep
|
|t:|1756540767
|switch|p2a: Kilowattrel|Kilowattrel, L50, F|100/100
|turn|3
|inactive|i need a coaching has 30 seconds left.
|
|t:|1756540794
|switch|p2b: Annihilape|Annihilape, L50, M|100/100
|move|p1a: Basculegion|Wave Crash|p2b: Annihilape
|-crit|p2b: Annihilape
|-damage|p2b: Annihilape|0 fnt
|faint|p2b: Annihilape
|-damage|p1a: Basculegion|44/100|[from] Recoil
|move|p2a: Kilowattrel|Thunderbolt|p1a: Basculegion
|-supereffective|p1a: Basculegion
|-damage|p1a: Basculegion|0 fnt
|faint|p1a: Basculegion
|move|p1b: Archaludon|Electro Shot||[still]
|-prepare|p1b: Archaludon|Electro Shot
|-boost|p1b: Archaludon|spa|1
|-anim|p1b: Archaludon|Electro Shot|p2a: Kilowattrel
|-crit|p2a: Kilowattrel
|-enditem|p2a: Kilowattrel|Focus Sash
|-damage|p2a: Kilowattrel|1/100
|
|-weather|RainDance|[upkeep]
|upkeep
|
|t:|1756540804
|switch|p2b: Ursaluna|Ursaluna-Bloodmoon, L50, M, tera:Normal|91/100
|switch|p1a: Gholdengo|Gholdengo, L50|100/100
|turn|4
|inactive|A_TerroneVGC has 30 seconds left.
|
|t:|1756540837
|move|p2a: Kilowattrel|Tailwind|p2a: Kilowattrel
|-sidestart|p2: i need a coaching|move: Tailwind
|move|p2b: Ursaluna|Earth Power|p1b: Archaludon
|-supereffective|p1b: Archaludon
|-damage|p1b: Archaludon|0 fnt
|faint|p1b: Archaludon
|-damage|p2b: Ursaluna|81/100|[from] item: Life Orb
|move|p1a: Gholdengo|Make It Rain|p2a: Kilowattrel|[spread] p2a,p2b
|-resisted|p2a: Kilowattrel
|-damage|p2a: Kilowattrel|0 fnt
|-damage|p2b: Ursaluna|4/100
|-unboost|p1a: Gholdengo|spa|1
|faint|p2a: Kilowattrel
|-damage|p1a: Gholdengo|91/100|[from] item: Life Orb
|
|-weather|RainDance|[upkeep]
|upkeep
|turn|5
|
|t:|1756540861
|move|p1a: Gholdengo|Protect|p1a: Gholdengo
|-singleturn|p1a: Gholdengo|Protect
|move|p2b: Ursaluna|Earth Power|p1a: Gholdengo
|-activate|p1a: Gholdengo|move: Protect
|
|-weather|none
|upkeep
|turn|6
|
|t:|1756540872
|move|p1a: Gholdengo|Protect|p1a: Gholdengo
|-singleturn|p1a: Gholdengo|Protect
|move|p2b: Ursaluna|Earth Power|p1a: Gholdengo
|-activate|p1a: Gholdengo|move: Protect
|
|upkeep
|turn|7
|
|t:|1756540877
|move|p1a: Gholdengo|Protect||[still]
|-fail|p1a: Gholdengo
|move|p2b: Ursaluna|Earth Power|p1a: Gholdengo
|-supereffective|p1a: Gholdengo
|-crit|p1a: Gholdengo
|-damage|p1a: Gholdengo|0 fnt
|faint|p1a: Gholdengo
|-damage|p2b: Ursaluna|0 fnt|[from] item: Life Orb
|faint|p2b: Ursaluna
|
|win|i need a coaching
||A_TerroneVGC is ready for game 2.
||i need a coaching is ready for game 2.
|uhtml|next|Next: Game 2 of 3
