|j|☆iljob
|j|☆ferpshowdown
|html|iljobferpshowdown    
|uhtml|bestof|Game 2 of a best-of-3
|t:|1783103343
|gametype|doubles
|player|p1|iljob|2|1154
|player|p2|ferpshowdown|lucas|1182
|gen|9
|tier|[Gen 9 Champions] VGC 2026 Reg M-B (Bo3)
|rated|
|rule|Species Clause: Limit one of each Pokémon
|rule|Item Clause: Limit 1 of each item
|clearpoke
|poke|p1|Floette-Eternal, L50, F|
|poke|p1|Aegislash, L50, F|
|poke|p1|Incineroar, L50, M|
|poke|p1|Tsareena, L50, F|
|poke|p1|Malamar, L50, F|
|poke|p1|Rotom-Wash, L50|
|poke|p2|Charizard, L50, F|
|poke|p2|Garchomp, L50, F|
|poke|p2|Aerodactyl, L50, F|
|poke|p2|Farigiraf, L50, F|
|poke|p2|Kingambit, L50, M|
|poke|p2|Sylveon, L50, M|
|teampreview|4
|showteam|p1|Floette-Eternal||Floettite|Symbiosis|DazzlingGleam,Moonblast,CalmMind,Protect|Serious||F|||50|]Aegislash||LifeOrb|StanceChange|SacredSword,Poltergeist,IronHead,KingsShield|Adamant||F|||50|]Incineroar||PasshoBerry|Intimidate|FakeOut,FlareBlitz,DarkestLariat,PartingShot|Serious||M|||50|]Tsareena||ChoiceScarf|QueenlyMajesty|TropKick,HighJumpKick,TripleAxel,Uturn|Adamant||F|||50|]Malamar||Leftovers|Contrary|Superpower,PsychoCut,TrickRoom,Protect|Adamant||F|||50|]Rotom-Wash||SitrusBerry|Levitate|Electroweb,Thunderbolt,HydroPump,VoltSwitch|Timid|||||50|
|showteam|p2|Charizard||CharizarditeY|Blaze|HeatWave,WeatherBall,SolarBeam,Protect|Modest||F|||50|]Garchomp||LifeOrb|RoughSkin|DragonClaw,Earthquake,RockSlide,Protect|Jolly||F|||50|]Aerodactyl||Aerodactylite|Unnerve|RockSlide,DualWingbeat,IceFang,Tailwind|Jolly||F|||50|]Farigiraf||SitrusBerry|ArmorTail|Psychic,Thunderbolt,SunnyDay,TrickRoom|Bold||F|||50|]Kingambit||FocusSash|Defiant|KowtowCleave,IronHead,SuckerPunch,LowKick|Adamant||M|||50|]Sylveon||FairyFeather|Pixilate|HyperVoice,HyperBeam,QuickAttack,Protect|Modest||M|||50|
|inactive|Battle timer is ON: inactive players will automatically lose when time's up. (requested by iljob)
|inactive|iljob has 60 seconds left.
|
|t:|1783103384
|teamsize|p1|4
|teamsize|p2|4
|start
|switch|p1a: Malamar|Malamar, L50, F|100/100
|switch|p1b: Floette|Floette-Eternal, L50, F|100/100
|switch|p2a: Charizard|Charizard, L50, F|100/100
|switch|p2b: Garchomp|Garchomp, L50, F|100/100
|turn|1
|inactive|ferpshowdown has 30 seconds left.
|inactive|ferpshowdown has 20 seconds left.
|inactive|ferpshowdown has 15 seconds left.
|inactive|ferpshowdown has 10 seconds left.
|
|t:|1783103431
|detailschange|p2a: Charizard|Charizard-Mega-Y, L50, F
|-mega|p2a: Charizard|Charizard|Charizardite Y
|-weather|SunnyDay|[from] ability: Drought|[of] p2a: Charizard
|detailschange|p1b: Floette|Floette-Mega, L50, F
|-mega|p1b: Floette|Floette|Floettite
|-ability|p1b: Floette|Fairy Aura
|move|p2b: Garchomp|Earthquake|p1a: Malamar|[spread] p1a,p1b
|-immune|p2a: Charizard
|-damage|p1a: Malamar|55/100
|-damage|p1b: Floette|47/100
|-damage|p2b: Garchomp|90/100|[from] item: Life Orb
|move|p1b: Floette|Calm Mind|p1b: Floette
|-boost|p1b: Floette|spa|1
|-boost|p1b: Floette|spd|1
|move|p2a: Charizard|Heat Wave|p1b: Floette|[spread] p1a
|-miss|p2a: Charizard|p1b: Floette
|-damage|p1a: Malamar|0 fnt
|faint|p1a: Malamar
|
|-weather|SunnyDay|[upkeep]
|upkeep
|inactive|iljob has 30 seconds left.
|
|t:|1783103465
|switch|p1a: Incineroar|Incineroar, L50, M|100/100
|-ability|p1a: Incineroar|Intimidate|boost
|-unboost|p2a: Charizard|atk|1
|-unboost|p2b: Garchomp|atk|1
|turn|2
|
|t:|1783103477
|switch|p2b: Sylveon|Sylveon, L50, M|100/100
|move|p1a: Incineroar|Fake Out|p2a: Charizard
|-damage|p2a: Charizard|90/100
|move|p1b: Floette|Moonblast|p2b: Sylveon
|-damage|p2b: Sylveon|18/100
|cant|p2a: Charizard|flinch
|
|-weather|SunnyDay|[upkeep]
|upkeep
|turn|3
|inactive|iljob has 30 seconds left.
|
|t:|1783103506
|move|p1b: Floette|Dazzling Gleam|p2b: Sylveon|[spread] p2a,p2b
|-resisted|p2a: Charizard|1
|-damage|p2a: Charizard|65/100
|-damage|p2b: Sylveon|0 fnt
|faint|p2b: Sylveon
|move|p2a: Charizard|Weather Ball|p1b: Floette
|-damage|p1b: Floette|7/100
|move|p1a: Incineroar|Flare Blitz|p2a: Charizard
|-resisted|p2a: Charizard|1
|-damage|p2a: Charizard|35/100
|-damage|p1a: Incineroar|91/100|[from] Recoil
|
|-weather|SunnyDay|[upkeep]
|upkeep
|
|t:|1783103519
|switch|p2b: Kingambit|Kingambit, L50, M|100/100
|turn|4
|
|t:|1783103539
|move|p1b: Floette|Protect|p1b: Floette
|-singleturn|p1b: Floette|Protect
|move|p2a: Charizard|Heat Wave|p1b: Floette|[spread] 
|-activate|p1b: Floette|move: Protect
|-miss|p2a: Charizard|p1a: Incineroar
|move|p2b: Kingambit|Low Kick|p1a: Incineroar
|-supereffective|p1a: Incineroar|1
|-damage|p1a: Incineroar|39/100
|move|p1a: Incineroar|Flare Blitz|p2b: Kingambit
|-supereffective|p2b: Kingambit|1
|-enditem|p2b: Kingambit|Focus Sash
|-damage|p2b: Kingambit|1/100
|-damage|p1a: Incineroar|11/100|[from] Recoil
|
|-weather|SunnyDay|[upkeep]
|upkeep
|turn|5
|inactive|ferpshowdown has 30 seconds left.
|inactive|ferpshowdown has 20 seconds left.
|inactive|ferpshowdown has 15 seconds left.
|
|t:|1783103580
|switch|p1a: Aegislash|Aegislash, L50, F|100/100
|move|p1b: Floette|Dazzling Gleam|p2a: Charizard|[spread] p2a,p2b
|-resisted|p2a: Charizard|1
|-damage|p2a: Charizard|9/100
|-damage|p2b: Kingambit|0 fnt
|faint|p2b: Kingambit
|move|p2a: Charizard|Heat Wave|p1b: Floette|[spread] p1a
|-miss|p2a: Charizard|p1b: Floette
|-supereffective|p1a: Aegislash|1
|-damage|p1a: Aegislash|0 fnt
|faint|p1a: Aegislash
|
|-weather|none
|upkeep
|
|t:|1783103591
|switch|p2b: Garchomp|Garchomp, L50, F|90/100
|switch|p1a: Incineroar|Incineroar, L50, M|11/100
|-ability|p1a: Incineroar|Intimidate|boost
|-unboost|p2a: Charizard|atk|1
|-unboost|p2b: Garchomp|atk|1
|turn|6
|
|t:|1783103607
|move|p1a: Incineroar|Fake Out|p2b: Garchomp
|-damage|p2b: Garchomp|78/100
|-damage|p1a: Incineroar|0 fnt|[from] ability: Rough Skin|[of] p2b: Garchomp
|faint|p1a: Incineroar
|cant|p2b: Garchomp|flinch
|move|p1b: Floette|Dazzling Gleam|p2b: Garchomp|[spread] p2a,p2b
|-resisted|p2a: Charizard|1
|-supereffective|p2b: Garchomp|1
|-damage|p2a: Charizard|0 fnt
|-damage|p2b: Garchomp|0 fnt
|faint|p2a: Charizard
|faint|p2b: Garchomp
|
|win|iljob
||ferpshowdown is ready for game 3.
|l|☆iljob
|player|p1|
|inactive|iljob has 30 seconds to confirm battle start!
||iljob is ready for game 3.
|uhtml|next|Next: Game 3 of 3
