|j|☆TMJS01
|j|☆castoriceball
|html|TMJS01castoriceball    
|uhtml|bestof|Game 2 of a best-of-3
|t:|1785281146
|gametype|doubles
|player|p1|TMJS01|unknown|1353
|player|p2|castoriceball|miku-flying|1416
|gen|9
|tier|[Gen 9 Champions] VGC 2026 Reg M-B (Bo3)
|rated|
|rule|Species Clause: Limit one of each Pokémon
|rule|Item Clause: Limit 1 of each item
|clearpoke
|poke|p1|Sinistcha, L50|
|poke|p1|Incineroar, L50, M|
|poke|p1|Floette-Eternal, L50, F|
|poke|p1|Staraptor, L50, F|
|poke|p1|Kingambit, L50, M|
|poke|p1|Maushold, L50|
|poke|p2|Glimmora, L50, F, shiny|
|poke|p2|Ninetales-Alola, L50, M, shiny|
|poke|p2|Talonflame, L50, F, shiny|
|poke|p2|Basculegion, L50, M, shiny|
|poke|p2|Kommo-o, L50, M, shiny|
|poke|p2|Kingambit, L50, F, shiny|
|teampreview|4
|showteam|p1|Sinistcha||ColburBerry|Hospitality|MatchaGotcha,RagePowder,TrickRoom,LifeDew|Relaxed|||||50|]Incineroar||PasshoBerry|Intimidate|ThroatChop,FlareBlitz,PartingShot,FakeOut|Adamant||M|||50|]Floette-Eternal||Floettite|FlowerVeil|Protect,CalmMind,Moonblast,DazzlingGleam|Modest||F|||50|]Staraptor||Staraptite|Intimidate|CloseCombat,DualWingbeat,Roost,Protect|Jolly||F|||50|]Kingambit||LifeOrb|Defiant|SuckerPunch,IronHead,KowtowCleave,Protect|Brave||M|||50|]Maushold||ChopleBerry|FriendGuard|Feint,FollowMe,Protect,BabyDollEyes|Careful|||||50|
|showteam|p2|Glimmora||Glimmoranite|ToxicDebris|PowerGem,SludgeBomb,EarthPower,SpikyShield|Modest||F|||50|]Ninetales-Alola||NeverMeltIce|SnowWarning|Blizzard,FreezeDry,Encore,Protect|Timid||M|||50|]Talonflame||SharpBeak|GaleWings|DualWingbeat,FlareBlitz,Tailwind,Protect|Jolly||F|||50|]Basculegion||ChoiceScarf|Adaptability|WaveCrash,AquaJet,FlipTurn,LastRespects|Jolly||M|||50|]Kommo-o||LifeOrb|Overcoat|ClangingScales,DracoMeteor,AuraSphere,Protect|Modest||M|||50|]Kingambit||FocusSash|Defiant|SuckerPunch,KowtowCleave,IronHead,LowKick|Adamant||F|||50|
|inactive|Battle timer is ON: inactive players will automatically lose when time's up. (requested by TMJS01)
|
|t:|1785281169
|teamsize|p1|4
|teamsize|p2|4
|start
|switch|p1a: Kingambit|Kingambit, L50, M|100/100
|switch|p1b: Incineroar|Incineroar, L50, M|100/100
|switch|p2a: Nuke.|Glimmora, L50, F, shiny|100/100
|switch|p2b: ICE TALES|Ninetales-Alola, L50, M, shiny|100/100
|-weather|Snowscape|[from] ability: Snow Warning|[of] p2b: ICE TALES
|-ability|p1b: Incineroar|Intimidate|boost
|-unboost|p2a: Nuke.|atk|1
|-unboost|p2b: ICE TALES|atk|1
|turn|1
|
|t:|1785281190
|switch|p2b: Cringegambit|Kingambit, L50, F, shiny|100/100
|switch|p2a: Komm-OH-NOOO|Kommo-o, L50, M, shiny|100/100
|move|p1b: Incineroar|Fake Out|p2a: Komm-OH-NOOO
|-damage|p2a: Komm-OH-NOOO|89/100
|move|p1a: Kingambit|Iron Head|p2b: Cringegambit
|-resisted|p2b: Cringegambit|1
|-damage|p2b: Cringegambit|72/100
|-damage|p1a: Kingambit|90/100|[from] item: Life Orb
|
|-weather|Snowscape|[upkeep]
|upkeep
|turn|2
|inactive|castoriceball has 30 seconds left.
|
|t:|1785281219
|switch|p1a: Floette|Floette-Eternal, L50, F|100/100
|move|p2a: Komm-OH-NOOO|Aura Sphere|p1b: Incineroar
|-supereffective|p1b: Incineroar|1
|-damage|p1b: Incineroar|13/100
|-damage|p2a: Komm-OH-NOOO|79/100|[from] item: Life Orb
|move|p2b: Cringegambit|Low Kick|p1b: Incineroar
|-supereffective|p1b: Incineroar|1
|-damage|p1b: Incineroar|0 fnt
|faint|p1b: Incineroar
|
|-weather|Snowscape|[upkeep]
|upkeep
|
|t:|1785281227
|switch|p1b: Maushold|Maushold, L50|100/100
|turn|3
|
|t:|1785281235
|switch|p2a: Nuke.|Glimmora, L50, F, shiny|100/100
|detailschange|p1a: Floette|Floette-Mega, L50, F
|-mega|p1a: Floette|Floette|Floettite
|-ability|p1a: Floette|Fairy Aura
|move|p1b: Maushold|Feint|p2a: Nuke.
|-resisted|p2a: Nuke.|1
|-damage|p2a: Nuke.|95/100
|-activate|p2a: Nuke.|ability: Toxic Debris
|-sidestart|p1: TMJS01|move: Toxic Spikes
|move|p1a: Floette|Dazzling Gleam|p2a: Nuke.|[spread] p2a,p2b
|-resisted|p2a: Nuke.|1
|-damage|p2a: Nuke.|61/100
|-damage|p2b: Cringegambit|11/100
|move|p2b: Cringegambit|Low Kick|p1b: Maushold
|-supereffective|p1b: Maushold|1
|-enditem|p1b: Maushold|Chople Berry|[eat]
|-enditem|p1b: Maushold|Chople Berry|[weaken]
|-damage|p1b: Maushold|90/100
|
|-weather|Snowscape|[upkeep]
|upkeep
|turn|4
|
|t:|1785281252
|move|p2a: Nuke.|Spiky Shield|p2a: Nuke.
|-singleturn|p2a: Nuke.|move: Protect
|move|p1b: Maushold|Follow Me|p1b: Maushold
|-singleturn|p1b: Maushold|move: Follow Me
|move|p1a: Floette|Dazzling Gleam|p2b: Cringegambit|[spread] p2b
|-activate|p2a: Nuke.|move: Protect
|-damage|p2b: Cringegambit|0 fnt
|faint|p2b: Cringegambit
|
|-weather|Snowscape|[upkeep]
|upkeep
|
|t:|1785281261
|switch|p2b: ICE TALES|Ninetales-Alola, L50, M, shiny|100/100
|turn|5
|
|t:|1785281282
|detailschange|p2a: Nuke.|Glimmora-Mega, L50, F, shiny
|-mega|p2a: Nuke.|Glimmora|Glimmoranite
|move|p1b: Maushold|Feint|p2b: ICE TALES
|-damage|p2b: ICE TALES|91/100
|move|p2b: ICE TALES|Blizzard|p1a: Floette|[spread] p1a,p1b
|-damage|p1a: Floette|79/100
|-damage|p1b: Maushold|56/100
|move|p2a: Nuke.|Sludge Bomb|p1a: Floette
|-supereffective|p1a: Floette|1
|-damage|p1a: Floette|0 fnt
|faint|p1a: Floette
|
|-weather|none
|upkeep
|-message|TMJS01 forfeited.
|
|win|castoriceball
|raw|TMJS01's rating: 1353 → 1337(-16 for losing)
|raw|castoriceball's rating: 1416 → 1432(+16 for winning)
|l|☆TMJS01
|player|p1|
