|j|☆zabron
|j|☆ToastedArt
|html|zabronToastedArt    
|uhtml|bestof|Game 1 of a best-of-3
|t:|1784999684
|gametype|doubles
|player|p1|zabron|170|1096
|player|p2|ToastedArt|artist|1021
|gen|9
|tier|[Gen 9 Champions] VGC 2026 Reg M-B (Bo3)
|rated|
|rule|Species Clause: Limit one of each Pokémon
|rule|Item Clause: Limit 1 of each item
|clearpoke
|poke|p1|Ceruledge, L50, F|
|poke|p1|Milotic, L50, M|
|poke|p1|Serperior, L50, F|
|poke|p1|Florges, L50, F|
|poke|p1|Farigiraf, L50, M|
|poke|p1|Scrafty, L50, F|
|poke|p2|Falinks, L50, shiny|
|poke|p2|Incineroar, L50, M|
|poke|p2|Basculegion, L50, M|
|poke|p2|Sneasler, L50, F|
|poke|p2|Vanilluxe, L50, M, shiny|
|poke|p2|Dragonite, L50, M|
|teampreview|4
|showteam|p1|Ceruledge||Charcoal|FlashFire|BitterBlade,ShadowSneak,BulkUp,Protect|Adamant||F|||50|]Milotic||Leftovers|Competitive|MuddyWater,LifeDew,Hypnosis,Coil|Sassy||M|||50|]Serperior||SitrusBerry|Contrary|LeafStorm,Reflect,LightScreen,Glare|Timid||F|||50|]Florges||FairyFeather|FlowerVeil|Moonblast,DazzlingGleam,CalmMind,Protect|Timid||F|||50|]Farigiraf||ColburBerry|ArmorTail|TwinBeam,Thunderbolt,TrickRoom,Protect|Sassy||M|||50|]Scrafty||Scraftinite|Intimidate|DrainPunch,KnockOff,BulkUp,Protect|Adamant||F|||50|
|showteam|p2|Falinks||Falinksite|Defiant|NoRetreat,CloseCombat,RockSlide,Protect|Adamant|||||50|]Incineroar||PasshoBerry|Intimidate|FakeOut,FlareBlitz,ThroatChop,PartingShot|Impish||M|||50|]Basculegion||SitrusBerry|Adaptability|WaveCrash,LastRespects,AquaJet,Protect|Adamant||M|||50|]Sneasler||FocusSash|PoisonTouch|PoisonJab,CloseCombat,FakeOut,Coaching|Jolly||F|||50|]Vanilluxe||ChoiceScarf|SnowWarning|Blizzard,FreezeDry,IcyWind,Explosion|Modest||M|||50|]Dragonite||LifeOrb|InnerFocus|DragonClaw,ExtremeSpeed,ThunderPunch,Tailwind|Adamant||M|||50|
|inactive|Battle timer is ON: inactive players will automatically lose when time's up. (requested by ToastedArt)
|inactive|ToastedArt has 60 seconds left.
|inactive|ToastedArt has 30 seconds left.
|
|t:|1784999748
|teamsize|p1|4
|teamsize|p2|4
|start
|switch|p1a: Ceruledge|Ceruledge, L50, F|100/100
|switch|p1b: Milotic|Milotic, L50, M|100/100
|switch|p2a: Basculegion|Basculegion, L50, M|100/100
|switch|p2b: Sneasler|Sneasler, L50, F|100/100
|turn|1
|inactive|ToastedArt has 30 seconds left.
|
|t:|1784999779
|switch|p1a: Farigiraf|Farigiraf, L50, M|100/100
|move|p2b: Sneasler|Fake Out||[still]
|cant|p1a: Farigiraf|ability: Armor Tail|Fake Out|[of] p2b: Sneasler
|move|p2a: Basculegion|Wave Crash|p1a: Farigiraf
|-damage|p1a: Farigiraf|19/100
|-damage|p2a: Basculegion|70/100|[from] Recoil
|move|p1b: Milotic|Muddy Water|p2b: Sneasler|[spread] p2a
|-miss|p1b: Milotic|p2b: Sneasler
|-resisted|p2a: Basculegion|1
|-damage|p2a: Basculegion|60/100
|
|upkeep
|turn|2
|l|☆zabron
|inactive|zabron disconnected and has a minute to reconnect!
|player|p1|
|j|☆zabron
|inactive|zabron reconnected and has 35 seconds left.
|player|p1|zabron|170|
|inactive|zabron has 30 seconds left.
|inactive|zabron has 20 seconds left.
|
|t:|1784999817
|move|p1a: Farigiraf|Protect|p1a: Farigiraf
|-singleturn|p1a: Farigiraf|Protect
|move|p2b: Sneasler|Coaching|p2a: Basculegion
|-boost|p2a: Basculegion|atk|1
|-boost|p2a: Basculegion|def|1
|move|p2a: Basculegion|Wave Crash|p1a: Farigiraf
|-activate|p1a: Farigiraf|move: Protect
|move|p1b: Milotic|Muddy Water|p2a: Basculegion|[spread] p2b
|-miss|p1b: Milotic|p2a: Basculegion
|-crit|p2b: Sneasler
|-damage|p2b: Sneasler|49/100
|-unboost|p2b: Sneasler|accuracy|1
|
|upkeep
|turn|3
|
|t:|1784999838
|move|p2b: Sneasler|Coaching|p2a: Basculegion
|-boost|p2a: Basculegion|atk|1
|-boost|p2a: Basculegion|def|1
|move|p2a: Basculegion|Wave Crash|p1b: Milotic
|-resisted|p1b: Milotic|1
|-damage|p1b: Milotic|35/100
|-damage|p2a: Basculegion|39/100|[from] Recoil
|-enditem|p2a: Basculegion|Sitrus Berry|[eat]
|-heal|p2a: Basculegion|64/100|[from] item: Sitrus Berry
|move|p1b: Milotic|Muddy Water|p2a: Basculegion|[spread] p2a,p2b
|-resisted|p2a: Basculegion|1
|-damage|p2a: Basculegion|52/100
|-damage|p2b: Sneasler|15/100
|-unboost|p2b: Sneasler|accuracy|1
|move|p1a: Farigiraf|Trick Room|p1a: Farigiraf
|-fieldstart|move: Trick Room|[of] p1a: Farigiraf
|
|-heal|p1b: Milotic|41/100|[from] item: Leftovers
|upkeep
|turn|4
|
|t:|1784999859
|move|p1a: Farigiraf|Thunderbolt|p2a: Basculegion
|-supereffective|p2a: Basculegion|1
|-damage|p2a: Basculegion|11/100
|move|p1b: Milotic|Muddy Water|p2a: Basculegion|[spread] p2a,p2b
|-resisted|p2a: Basculegion|1
|-damage|p2a: Basculegion|1/100
|-damage|p2b: Sneasler|0 fnt
|faint|p2b: Sneasler
|move|p2a: Basculegion|Last Respects|p1b: Milotic
|-damage|p1b: Milotic|0 fnt
|faint|p1b: Milotic
|
|upkeep
|
|t:|1784999871
|switch|p1b: Scrafty|Scrafty, L50, F|100/100
|switch|p2b: Dragonite|Dragonite, L50, M|100/100
|-ability|p1b: Scrafty|Intimidate|boost
|-unboost|p2a: Basculegion|atk|1
|-fail|p2b: Dragonite|unboost|Attack|[from] ability: Inner Focus|[of] p2b: Dragonite
|turn|5
|
|t:|1784999891
|move|p2a: Basculegion|Protect|p2a: Basculegion
|-singleturn|p2a: Basculegion|Protect
|move|p1a: Farigiraf|Thunderbolt|p2a: Basculegion
|-activate|p2a: Basculegion|move: Protect
|move|p1b: Scrafty|Bulk Up|p1b: Scrafty
|-boost|p1b: Scrafty|atk|1
|-boost|p1b: Scrafty|def|1
|move|p2b: Dragonite|Dragon Claw|p1b: Scrafty
|-damage|p1b: Scrafty|58/100
|-damage|p2b: Dragonite|90/100|[from] item: Life Orb
|
|upkeep
|turn|6
|
|t:|1784999908
|detailschange|p1b: Scrafty|Scrafty-Mega, L50, F
|-mega|p1b: Scrafty|Scrafty|Scraftinite
|-ability|p1b: Scrafty|Intimidate|boost
|-unboost|p2a: Basculegion|atk|1
|-fail|p2b: Dragonite|unboost|Attack|[from] ability: Inner Focus|[of] p2b: Dragonite
|move|p2a: Basculegion|Protect||[still]
|-fail|p2a: Basculegion
|move|p1a: Farigiraf|Thunderbolt|p2a: Basculegion
|-supereffective|p2a: Basculegion|1
|-crit|p2a: Basculegion
|-damage|p2a: Basculegion|0 fnt
|faint|p2a: Basculegion
|move|p1b: Scrafty|Knock Off|p2b: Dragonite
|-damage|p2b: Dragonite|4/100
|-enditem|p2b: Dragonite|Life Orb|[from] move: Knock Off|[of] p1b: Scrafty
|move|p2b: Dragonite|Dragon Claw|p1b: Scrafty
|-damage|p1b: Scrafty|34/100
|
|upkeep
|-message|ToastedArt forfeited.
|
|win|zabron
