|j|☆bartcr0987
|j|☆regitron 21
|html|bartcr0987regitron 21    
|uhtml|bestof|Game 3 of a best-of-3
|t:|1785799917
|gametype|doubles
|player|p1|bartcr0987|266|1241
|player|p2|regitron 21|n|1197
|gen|9
|tier|[Gen 9 Champions] VGC 2026 Reg M-B (Bo3)
|rated|
|rule|Species Clause: Limit one of each Pokémon
|rule|Item Clause: Limit 1 of each item
|clearpoke
|poke|p1|Charizard, L50, M, shiny|
|poke|p1|Sneasler, L50, M, shiny|
|poke|p1|Floette-Eternal, L50, F|
|poke|p1|Kingambit, L50, F, shiny|
|poke|p1|Basculegion, L50, M|
|poke|p1|Farigiraf, L50, F|
|poke|p2|Raichu, L50, M|
|poke|p2|Charizard, L50, F|
|poke|p2|Incineroar, L50, F|
|poke|p2|Farigiraf, L50, F|
|poke|p2|Sylveon, L50, M|
|poke|p2|Kingambit, L50, M|
|teampreview|4
|showteam|p1|Charizard||CharizarditeY|SolarPower|HeatWave,SolarBeam,WeatherBall,Protect|Modest||M|||50|]Sneasler||FocusSash|PoisonTouch|DireClaw,CloseCombat,Protect,FakeOut|Jolly||M|||50|]Floette-Eternal||Floettite|FlowerVeil|Moonblast,DazzlingGleam,LightofRuin,Protect|Timid||F|||50|]Kingambit||BlackGlasses|Defiant|KowtowCleave,SuckerPunch,SwordsDance,Protect|Adamant||F|||50|]Basculegion||ChoiceScarf|Adaptability|LastRespects,WaveCrash,AquaJet,FlipTurn|Jolly||M|||50|]Farigiraf||SitrusBerry|ArmorTail|TrickRoom,Protect,Psychic,HelpingHand|Calm||F|||50|
|showteam|p2|Raichu||RaichuniteY|LightningRod|ZapCannon,FocusBlast,FakeOut,Protect|Timid||M|||50|]Charizard||CharizarditeY|Blaze|HeatWave,WeatherBall,SolarBeam,Protect|Modest||F|||50|]Incineroar||SitrusBerry|Intimidate|FakeOut,FlareBlitz,DarkestLariat,PartingShot|Impish||F|||50|]Farigiraf||ColburBerry|ArmorTail|TwinBeam,Thunderbolt,HelpingHand,TrickRoom|Modest||F|||50|]Sylveon||FairyFeather|Pixilate|HyperVoice,Moonblast,Detect,CalmMind|Modest||M|||50|]Kingambit||LifeOrb|Defiant|SuckerPunch,KowtowCleave,Protect,SwordsDance|Adamant||M|||50|
|c|☆regitron 21|good luck pal
|inactive|Battle timer is ON: inactive players will automatically lose when time's up. (requested by bartcr0987)
|c|☆bartcr0987|gl
|inactive|regitron 21 has 60 seconds left.
|
|t:|1785799963
|teamsize|p1|4
|teamsize|p2|4
|start
|switch|p1a: Sneasler|Sneasler, L50, M, shiny|100/100
|switch|p1b: Kingambit|Kingambit, L50, F, shiny|100/100
|switch|p2a: Lily|Incineroar, L50, F|100/100
|switch|p2b: Soey|Farigiraf, L50, F|100/100
|-ability|p2a: Lily|Intimidate|boost
|-unboost|p1a: Sneasler|atk|1
|-unboost|p1b: Kingambit|atk|1
|-ability|p1b: Kingambit|Defiant|boost
|-boost|p1b: Kingambit|atk|2
|turn|1
|
|t:|1785799980
|move|p1b: Kingambit|Protect|p1b: Kingambit
|-singleturn|p1b: Kingambit|Protect
|move|p2a: Lily|Fake Out|p1b: Kingambit
|-activate|p1b: Kingambit|move: Protect
|move|p1a: Sneasler|Close Combat|p2a: Lily
|-supereffective|p2a: Lily|1
|-damage|p2a: Lily|28/100
|-unboost|p1a: Sneasler|def|1
|-unboost|p1a: Sneasler|spd|1
|-status|p2a: Lily|psn|[from] ability: Poison Touch|[of] p1a: Sneasler
|-enditem|p2a: Lily|Sitrus Berry|[eat]
|-heal|p2a: Lily|53/100 psn|[from] item: Sitrus Berry
|move|p2b: Soey|Trick Room|p2b: Soey
|-fieldstart|move: Trick Room|[of] p2b: Soey
|
|-damage|p2a: Lily|41/100 psn|[from] psn
|upkeep
|turn|2
|inactive|bartcr0987 has 30 seconds left.
|
|t:|1785800006
|switch|p1a: Farigiraf|Farigiraf, L50, F|100/100
|move|p2b: Soey|Helping Hand|p2a: Lily
|-singleturn|p2a: Lily|Helping Hand|[of] p2b: Soey
|move|p1b: Kingambit|Kowtow Cleave|p2a: Lily
|-resisted|p2a: Lily|1
|-damage|p2a: Lily|6/100 psn
|move|p2a: Lily|Flare Blitz|p1b: Kingambit
|-supereffective|p1b: Kingambit|1
|-damage|p1b: Kingambit|1/100
|-damage|p2a: Lily|0 fnt|[from] Recoil
|faint|p2a: Lily
|
|upkeep
|
|t:|1785800019
|switch|p2a: Rita|Charizard, L50, F|100/100
|turn|3
|
|t:|1785800030
|detailschange|p2a: Rita|Charizard-Mega-Y, L50, F
|-mega|p2a: Rita|Charizard|Charizardite Y
|-weather|SunnyDay|[from] ability: Drought|[of] p2a: Rita
|move|p2a: Rita|Protect|p2a: Rita
|-singleturn|p2a: Rita|Protect
|move|p1b: Kingambit|Kowtow Cleave|p2a: Rita
|-activate|p2a: Rita|move: Protect
|move|p2b: Soey|Thunderbolt|p1b: Kingambit
|-damage|p1b: Kingambit|0 fnt
|faint|p1b: Kingambit
|move|p1a: Farigiraf|Trick Room|p1a: Farigiraf
|-fieldend|move: Trick Room
|
|-weather|SunnyDay|[upkeep]
|upkeep
|
|t:|1785800040
|switch|p1b: Charizard|Charizard, L50, M, shiny|100/100
|turn|4
|
|t:|1785800054
|detailschange|p1b: Charizard|Charizard-Mega-Y, L50, M, shiny
|-mega|p1b: Charizard|Charizard|Charizardite Y
|move|p1a: Farigiraf|Helping Hand|p1b: Charizard
|-singleturn|p1b: Charizard|Helping Hand|[of] p1a: Farigiraf
|move|p1b: Charizard|Weather Ball|p2b: Soey
|-crit|p2b: Soey
|-damage|p2b: Soey|0 fnt
|faint|p2b: Soey
|move|p2a: Rita|Heat Wave|p1b: Charizard|[spread] p1a,p1b
|-resisted|p1b: Charizard|1
|-damage|p1a: Farigiraf|41/100
|-damage|p1b: Charizard|71/100
|-enditem|p1a: Farigiraf|Sitrus Berry|[eat]
|-heal|p1a: Farigiraf|66/100|[from] item: Sitrus Berry
|
|-weather|SunnyDay|[upkeep]
|upkeep
|c|☆regitron 21|the crit matters
|c|☆regitron 21|gg
|
|t:|1785800067
|switch|p2b: Ryan|Sylveon, L50, M|100/100
|turn|5
|
|t:|1785800075
|move|p1a: Farigiraf|Helping Hand|p1b: Charizard
|-singleturn|p1b: Charizard|Helping Hand|[of] p1a: Farigiraf
|move|p2b: Ryan|Detect|p2b: Ryan
|-singleturn|p2b: Ryan|Protect
|move|p1b: Charizard|Weather Ball|p2a: Rita
|-resisted|p2a: Rita|1
|-damage|p2a: Rita|49/100
|move|p2a: Rita|Weather Ball|p1b: Charizard
|-resisted|p1b: Charizard|1
|-damage|p1b: Charizard|28/100
|
|-weather|SunnyDay|[upkeep]
|upkeep
|turn|6
|inactive|regitron 21 has 30 seconds left.
|
|t:|1785800103
|move|p1a: Farigiraf|Helping Hand|p1b: Charizard
|-singleturn|p1b: Charizard|Helping Hand|[of] p1a: Farigiraf
|move|p1b: Charizard|Heat Wave|p2b: Ryan|[spread] p2a,p2b
|-resisted|p2a: Rita|1
|-damage|p2a: Rita|12/100
|-damage|p2b: Ryan|34/100
|move|p2a: Rita|Heat Wave|p1a: Farigiraf|[spread] p1a,p1b
|-resisted|p1b: Charizard|1
|-damage|p1a: Farigiraf|16/100
|-damage|p1b: Charizard|0 fnt
|faint|p1b: Charizard
|move|p2b: Ryan|Hyper Voice|p1a: Farigiraf
|-damage|p1a: Farigiraf|0 fnt
|faint|p1a: Farigiraf
|
|-weather|SunnyDay|[upkeep]
|upkeep
|
|t:|1785800110
|switch|p1b: Sneasler|Sneasler, L50, M, shiny|100/100
|turn|7
|inactive|regitron 21 has 30 seconds left.
|inactive|regitron 21 has 20 seconds left.
|
|t:|1785800148
|move|p1b: Sneasler|Dire Claw|p2b: Ryan
|-supereffective|p2b: Ryan|1
|-damage|p2b: Ryan|0 fnt
|faint|p2b: Ryan
|move|p2a: Rita|Weather Ball|p1b: Sneasler
|-enditem|p1b: Sneasler|Focus Sash
|-damage|p1b: Sneasler|1/100
|
|-weather|none
|upkeep
|turn|8
|
|t:|1785800155
|move|p1b: Sneasler|Dire Claw|p2a: Rita
|-damage|p2a: Rita|0 fnt
|faint|p2a: Rita
|
|win|bartcr0987
|raw|bartcr0987's rating: 1241 → 1263(+22 for winning)
|raw|regitron 21's rating: 1197 → 1175(-22 for losing)
|c|☆regitron 21|gg
|c|☆bartcr0987|gg
|l|☆bartcr0987
|player|p1|
