|j|☆Xiyme
|j|☆robinrambles
|html|Xiymerobinrambles    
|uhtml|bestof|Game 1 of a best-of-3
|t:|1785161290
|gametype|doubles
|player|p1|Xiyme|2|1058
|player|p2|robinrambles|dawn-gen4pt|1104
|gen|9
|tier|[Gen 9 Champions] VGC 2026 Reg M-B (Bo3)
|rated|
|rule|Species Clause: Limit one of each Pokémon
|rule|Item Clause: Limit 1 of each item
|clearpoke
|poke|p1|Gardevoir, L50, F, shiny|
|poke|p1|Kommo-o, L50, F|
|poke|p1|Maushold-Four, L50|
|poke|p1|Incineroar, L50, M|
|poke|p1|Kingambit, L50, F|
|poke|p1|Sinistcha-Masterpiece, L50|
|poke|p2|Staraptor, L50, M|
|poke|p2|Aegislash, L50, F|
|poke|p2|Kangaskhan, L50, F|
|poke|p2|Farigiraf, L50, F|
|poke|p2|Whimsicott, L50, M|
|poke|p2|Aerodactyl, L50, F|
|teampreview|4
|showteam|p1|Gardevoir||Gardevoirite|Trace|Protect,HyperVoice,Psyshock,Thunderbolt|Modest||F|||50|]Kommo-o||LifeOrb|Soundproof|Protect,AuraSphere,ClangingScales,ClangorousSoul|Modest||F|||50|]Maushold-Four||FocusSash|FriendGuard|SuperFang,Protect,FollowMe,Encore|Timid|||||50|]Incineroar||SitrusBerry|Intimidate|FakeOut,FlareBlitz,HelpingHand,PartingShot|Adamant||M|||50|]Kingambit||ExpertBelt|Defiant|LowKick,SuckerPunch,KowtowCleave,IronHead|Adamant||F|||50|]Sinistcha-Masterpiece||Leftovers|Hospitality|Protect,TrickRoom,MatchaGotcha,RagePowder|Sassy|||||50|
|showteam|p2|Staraptor||Staraptite|Intimidate|Roost,Protect,CloseCombat,BraveBird|Adamant||M|||50|]Aegislash||ColburBerry|StanceChange|KingsShield,IronHead,SacredSword,Poltergeist|Adamant||F|||50|]Kangaskhan||SilkScarf|Scrappy|FakeOut,LastResort|Jolly||F|||50|]Farigiraf||SitrusBerry|ArmorTail|Thunderbolt,TwinBeam,HelpingHand,Protect|Calm||F|||50|]Whimsicott||FocusSash|Prankster|Tailwind,Taunt,Charm,Moonblast|Timid||M|||50|]Aerodactyl||WideLens|Unnerve|DualWingbeat,RockSlide,Protect,Tailwind|Jolly||F|||50|
|
|t:|1785161359
|teamsize|p1|4
|teamsize|p2|4
|start
|switch|p1a: Gardevoir|Gardevoir, L50, F, shiny|100/100
|switch|p1b: Incineroar|Incineroar, L50, M|100/100
|switch|p2a: Aegislash|Aegislash, L50, F|100/100
|switch|p2b: Kangaskhan|Kangaskhan, L50, F|100/100
|-ability|p1a: Gardevoir|Scrappy|Trace|[from] ability: Trace|[of] p2b: Kangaskhan
|-ability|p1b: Incineroar|Intimidate|boost
|-unboost|p2a: Aegislash|atk|1
|-fail|p2b: Kangaskhan|unboost|Attack|[from] ability: Scrappy|[of] p2b: Kangaskhan
|turn|1
|
|t:|1785161398
|detailschange|p1a: Gardevoir|Gardevoir-Mega, L50, F, shiny
|-mega|p1a: Gardevoir|Gardevoir|Gardevoirite
|move|p1a: Gardevoir|Protect|p1a: Gardevoir
|-singleturn|p1a: Gardevoir|Protect
|move|p2b: Kangaskhan|Fake Out|p1b: Incineroar
|-damage|p1b: Incineroar|81/100
|cant|p1b: Incineroar|flinch
|-formechange|p2a: Aegislash|Aegislash-Blade|
|move|p2a: Aegislash|Iron Head|p1a: Gardevoir
|-activate|p1a: Gardevoir|move: Protect
|
|upkeep
|turn|2
|
|t:|1785161420
|switch|p1a: Kingambit|Kingambit, L50, F|100/100
|-formechange|p2a: Aegislash|Aegislash|
|move|p2a: Aegislash|King's Shield|p2a: Aegislash
|-singleturn|p2a: Aegislash|Protect
|move|p2b: Kangaskhan|Last Resort|p1a: Kingambit
|-resisted|p1a: Kingambit|1
|-damage|p1a: Kingambit|69/100
|move|p1b: Incineroar|Flare Blitz|p2a: Aegislash
|-activate|p2a: Aegislash|move: Protect
|-unboost|p1b: Incineroar|atk|1
|
|upkeep
|turn|3
|
|t:|1785161443
|switch|p2b: Farigiraf|Farigiraf, L50, F|100/100
|move|p1a: Kingambit|Sucker Punch||[still]
|cant|p2b: Farigiraf|ability: Armor Tail|Sucker Punch|[of] p1a: Kingambit
|-formechange|p2a: Aegislash|Aegislash-Blade|
|move|p2a: Aegislash|Sacred Sword|p1a: Kingambit
|-supereffective|p1a: Kingambit|2
|-damage|p1a: Kingambit|0 fnt
|faint|p1a: Kingambit
|move|p1b: Incineroar|Parting Shot|p2b: Farigiraf
|-unboost|p2b: Farigiraf|atk|1
|-unboost|p2b: Farigiraf|spa|1
|
|t:|1785161458
|switch|p1b: Maushold|Maushold-Four, L50|100/100|[from] Parting Shot
|
|upkeep
|
|t:|1785161464
|switch|p1a: Gardevoir|Gardevoir-Mega, L50, F, shiny|100/100
|turn|4
|
|t:|1785161486
|move|p2b: Farigiraf|Helping Hand|p2a: Aegislash
|-singleturn|p2a: Aegislash|Helping Hand|[of] p2b: Farigiraf
|move|p1b: Maushold|Encore|p2a: Aegislash
|-start|p2a: Aegislash|Encore
|move|p1a: Gardevoir|Hyper Voice|p2b: Farigiraf|[spread] p2a,p2b
|-resisted|p2a: Aegislash|1
|-crit|p2b: Farigiraf
|-damage|p2a: Aegislash|55/100
|-damage|p2b: Farigiraf|40/100
|-enditem|p2b: Farigiraf|Sitrus Berry|[eat]
|-heal|p2b: Farigiraf|65/100|[from] item: Sitrus Berry
|move|p2a: Aegislash|Sacred Sword|p1b: Maushold
|-supereffective|p1b: Maushold|1
|-damage|p1b: Maushold|1/100
|
|upkeep
|turn|5
|
|t:|1785161513
|move|p1b: Maushold|Encore|p2b: Farigiraf
|-start|p2b: Farigiraf|Encore
|move|p2b: Farigiraf|Helping Hand|p2a: Aegislash
|-singleturn|p2a: Aegislash|Helping Hand|[of] p2b: Farigiraf
|move|p1a: Gardevoir|Hyper Voice|p2b: Farigiraf|[spread] p2a,p2b
|-resisted|p2a: Aegislash|1
|-damage|p2a: Aegislash|11/100
|-damage|p2b: Farigiraf|26/100
|move|p2a: Aegislash|Sacred Sword|p1b: Maushold
|-supereffective|p1b: Maushold|1
|-damage|p1b: Maushold|0 fnt
|faint|p1b: Maushold
|
|upkeep
|
|t:|1785161527
|switch|p1b: Incineroar|Incineroar, L50, M|81/100
|-ability|p1b: Incineroar|Intimidate|boost
|-unboost|p2a: Aegislash|atk|1
|-unboost|p2b: Farigiraf|atk|1
|turn|6
|
|t:|1785161543
|switch|p2a: Kangaskhan|Kangaskhan, L50, F|100/100
|move|p1b: Incineroar|Helping Hand|p1a: Gardevoir
|-singleturn|p1a: Gardevoir|Helping Hand|[of] p1b: Incineroar
|move|p2b: Farigiraf|Helping Hand|p2a: Kangaskhan
|-singleturn|p2a: Kangaskhan|Helping Hand|[of] p2b: Farigiraf
|move|p1a: Gardevoir|Hyper Voice|p2a: Kangaskhan|[spread] p2a,p2b
|-damage|p2a: Kangaskhan|10/100
|-damage|p2b: Farigiraf|0 fnt
|faint|p2b: Farigiraf
|
|upkeep
|
|t:|1785161555
|switch|p2b: Staraptor|Staraptor, L50, M|100/100
|-ability|p2b: Staraptor|Intimidate|boost
|-unboost|p1a: Gardevoir|atk|1
|-unboost|p1b: Incineroar|atk|1
|turn|7
|
|t:|1785161570
|detailschange|p2b: Staraptor|Staraptor-Mega, L50, M
|-mega|p2b: Staraptor|Staraptor|Staraptite
|move|p1b: Incineroar|Helping Hand|p1a: Gardevoir
|-singleturn|p1a: Gardevoir|Helping Hand|[of] p1b: Incineroar
|move|p2a: Kangaskhan|Fake Out|p1a: Gardevoir
|-damage|p1a: Gardevoir|67/100
|move|p2b: Staraptor|Close Combat|p1b: Incineroar
|-supereffective|p1b: Incineroar|1
|-damage|p1b: Incineroar|0 fnt
|-boost|p2b: Staraptor|def|1
|-boost|p2b: Staraptor|spd|1
|faint|p1b: Incineroar
|cant|p1a: Gardevoir|flinch
|
|upkeep
|turn|8
|
|t:|1785161585
|move|p2a: Kangaskhan|Last Resort|p1a: Gardevoir
|-damage|p1a: Gardevoir|0 fnt
|faint|p1a: Gardevoir
|
|win|robinrambles
||robinrambles is ready for game 2.
|inactive|Xiyme has 30 seconds to confirm battle start!
|inactive|Xiyme has 20 seconds to confirm battle start!
|inactive|Xiyme has 10 seconds to confirm battle start!
|l|☆Xiyme
|player|p1|
|uhtml|next|Next: Game 2 of 3
