|j|☆RedAllay
|j|☆NoitUK_VGC
|html|RedAllayNoitUK_VGC    
|uhtml|bestof|Game 1 of a best-of-3
|t:|1783847764
|gametype|doubles
|player|p1|RedAllay|gladion|1072
|player|p2|NoitUK_VGC|102|1013
|gen|9
|tier|[Gen 9 Champions] VGC 2026 Reg M-B (Bo3)
|rated|
|rule|Species Clause: Limit one of each Pokémon
|rule|Item Clause: Limit 1 of each item
|clearpoke
|poke|p1|Floette-Eternal, L50, F|
|poke|p1|Garchomp, L50, F|
|poke|p1|Incineroar, L50, M|
|poke|p1|Sinistcha, L50|
|poke|p1|Sneasler, L50, M|
|poke|p1|Aerodactyl, L50, F|
|poke|p2|Archaludon, L50, M|
|poke|p2|Swampert, L50, F|
|poke|p2|Pelipper, L50, M|
|poke|p2|Raichu, L50, F|
|poke|p2|Sableye, L50, F|
|poke|p2|Kingambit, L50, M|
|teampreview|4
|showteam|p1|Floette-Eternal||Floettite|FlowerVeil|Moonblast,DazzlingGleam,CalmMind,Protect|Modest||F|||50|]Garchomp||LifeOrb|RoughSkin|Earthquake,StompingTantrum,DragonClaw,Protect|Adamant||F|||50|]Incineroar||SitrusBerry|Intimidate|FlareBlitz,ThroatChop,PartingShot,FakeOut|Relaxed||M|||50|]Sinistcha||Leftovers|Hospitality|MatchaGotcha,RagePowder,LifeDew,Protect|Modest|||||50|]Sneasler||WhiteHerb|Unburden|CloseCombat,DireClaw,FakeOut,Protect|Adamant||M|||50|]Aerodactyl||FocusSash|Unnerve|RockSlide,DualWingbeat,Tailwind,Protect|Jolly||F|||50|
|showteam|p2|Archaludon||Leftovers|Stamina|Protect,ElectroShot,FlashCannon,DragonPulse|Modest||M|||50|]Swampert||Swampertite|Torrent|Protect,WaveCrash,Earthquake,IcePunch|Adamant||F|||50|]Pelipper||SitrusBerry|Drizzle|WideGuard,WeatherBall,Hurricane,Tailwind|Bold||M|||50|]Raichu||RaichuniteX|LightningRod|FakeOut,VoltTackle,VoltSwitch,PlayRough|Hasty||F|||50|]Sableye||RoseliBerry|Prankster|Encore,Disable,WillOWisp,RainDance|Relaxed||F|||50|]Kingambit||ChopleBerry|Defiant|KowtowCleave,SuckerPunch,IronHead,LowKick|Adamant||M|||50|
|inactive|Battle timer is ON: inactive players will automatically lose when time's up. (requested by RedAllay)
|inactive|RedAllay has 60 seconds left.
|inactive|NoitUK_VGC has 60 seconds left.
|c|☆RedAllay|Glhf
|inactive|NoitUK_VGC has 30 seconds left.
|
|t:|1783847832
|teamsize|p1|4
|teamsize|p2|4
|start
|switch|p1a: Floette|Floette-Eternal, L50, F|100/100
|switch|p1b: Sneasler|Sneasler, L50, M|100/100
|switch|p2a: Sableye|Sableye, L50, F|100/100
|switch|p2b: Swampert|Swampert, L50, F|100/100
|turn|1
|c|☆NoitUK_VGC|glhf
|inactive|RedAllay has 30 seconds left.
|
|t:|1783847859
|detailschange|p1a: Floette|Floette-Mega, L50, F
|-mega|p1a: Floette|Floette|Floettite
|-ability|p1a: Floette|Fairy Aura
|move|p2b: Swampert|Protect|p2b: Swampert
|-singleturn|p2b: Swampert|Protect
|move|p1b: Sneasler|Fake Out|p2b: Swampert
|-activate|p2b: Swampert|move: Protect
|move|p2a: Sableye|Will-O-Wisp|p1b: Sneasler
|-status|p1b: Sneasler|brn
|move|p1a: Floette|Dazzling Gleam|p2a: Sableye|[spread] p2a
|-activate|p2b: Swampert|move: Protect
|-supereffective|p2a: Sableye|1
|-enditem|p2a: Sableye|Roseli Berry|[eat]
|-enditem|p2a: Sableye|Roseli Berry|[weaken]
|-damage|p2a: Sableye|46/100
|
|-damage|p1b: Sneasler|94/100 brn|[from] brn
|upkeep
|turn|2
|inactive|RedAllay has 30 seconds left.
|
|t:|1783847888
|detailschange|p2b: Swampert|Swampert-Mega, L50, F
|-mega|p2b: Swampert|Swampert|Swampertite
|move|p2a: Sableye|Rain Dance|p2a: Sableye
|-weather|RainDance
|move|p2b: Swampert|Wave Crash|p1a: Floette
|-damage|p1a: Floette|0 fnt
|faint|p1a: Floette
|-damage|p2b: Swampert|66/100|[from] Recoil
|move|p1b: Sneasler|Dire Claw|p2b: Swampert
|-resisted|p2b: Swampert|1
|-damage|p2b: Swampert|54/100
|
|-weather|RainDance|[upkeep]
|-damage|p1b: Sneasler|88/100 brn|[from] brn
|upkeep
|
|t:|1783847901
|switch|p1a: Sinistcha|Sinistcha, L50|100/100
|-heal|p1b: Sneasler|100/100 brn|[from] ability: Hospitality|[of] p1a: Sinistcha
|turn|3
|
|t:|1783847909
|move|p2a: Sableye|Disable|p1b: Sneasler
|-start|p1b: Sneasler|Disable|Dire Claw
|move|p2b: Swampert|Ice Punch|p1a: Sinistcha
|-supereffective|p1a: Sinistcha|1
|-damage|p1a: Sinistcha|39/100
|move|p1b: Sneasler|Close Combat|p2b: Swampert
|-damage|p2b: Swampert|24/100
|-unboost|p1b: Sneasler|def|1
|-unboost|p1b: Sneasler|spd|1
|-enditem|p1b: Sneasler|White Herb
|-clearnegativeboost|p1b: Sneasler|[silent]
|move|p1a: Sinistcha|Matcha Gotcha|p2a: Sableye|[spread] p2a,p2b
|-supereffective|p2b: Swampert|2
|-damage|p2a: Sableye|6/100
|-heal|p1a: Sinistcha|57/100|[from] drain|[of] p2a: Sableye
|-damage|p2b: Swampert|0 fnt
|-heal|p1a: Sinistcha|69/100|[from] drain|[of] p2b: Swampert
|-status|p2a: Sableye|brn
|faint|p2b: Swampert
|
|-weather|RainDance|[upkeep]
|-heal|p1a: Sinistcha|75/100|[from] item: Leftovers
|-damage|p1b: Sneasler|94/100 brn|[from] brn
|-damage|p2a: Sableye|1/100 brn|[from] brn
|upkeep
|
|t:|1783847932
|switch|p2b: Archaludon|Archaludon, L50, M|100/100
|turn|4
|
|t:|1783847939
|move|p1b: Sneasler|Protect|p1b: Sneasler
|-singleturn|p1b: Sneasler|Protect
|move|p1a: Sinistcha|Protect|p1a: Sinistcha
|-singleturn|p1a: Sinistcha|Protect
|move|p2a: Sableye|Disable|p1a: Sinistcha
|-activate|p1a: Sinistcha|move: Protect
|move|p2b: Archaludon|Electro Shot||[still]
|-prepare|p2b: Archaludon|Electro Shot
|-boost|p2b: Archaludon|spa|1
|-anim|p2b: Archaludon|Electro Shot|p1b: Sneasler
|-activate|p1b: Sneasler|move: Protect
|
|-weather|RainDance|[upkeep]
|-heal|p1a: Sinistcha|82/100|[from] item: Leftovers
|-damage|p1b: Sneasler|88/100 brn|[from] brn
|-damage|p2a: Sableye|0 fnt|[from] brn
|faint|p2a: Sableye
|upkeep
|
|t:|1783847954
|switch|p2a: Kingambit|Kingambit, L50, M|100/100
|turn|5
|
|t:|1783847962
|move|p2a: Kingambit|Sucker Punch|p1a: Sinistcha
|-supereffective|p1a: Sinistcha|1
|-damage|p1a: Sinistcha|13/100
|move|p1b: Sneasler|Close Combat|p2a: Kingambit
|-supereffective|p2a: Kingambit|2
|-enditem|p2a: Kingambit|Chople Berry|[eat]
|-enditem|p2a: Kingambit|Chople Berry|[weaken]
|-damage|p2a: Kingambit|50/100y
|-unboost|p1b: Sneasler|def|1
|-unboost|p1b: Sneasler|spd|1
|move|p2b: Archaludon|Electro Shot||[still]
|-prepare|p2b: Archaludon|Electro Shot
|-boost|p2b: Archaludon|spa|1
|-anim|p2b: Archaludon|Electro Shot|p1b: Sneasler
|-damage|p1b: Sneasler|0 fnt
|faint|p1b: Sneasler
|move|p1a: Sinistcha|Matcha Gotcha|p2b: Archaludon|[spread] p2a,p2b
|-resisted|p2a: Kingambit|1
|-resisted|p2b: Archaludon|2
|-damage|p2a: Kingambit|38/100
|-heal|p1a: Sinistcha|20/100y|[from] drain|[of] p2a: Kingambit
|-damage|p2b: Archaludon|91/100
|-heal|p1a: Sinistcha|25/100|[from] drain|[of] p2b: Archaludon
|-ability|p2b: Archaludon|Stamina|boost
|-boost|p2b: Archaludon|def|1
|
|-weather|RainDance|[upkeep]
|-heal|p2b: Archaludon|97/100|[from] item: Leftovers
|-heal|p1a: Sinistcha|31/100|[from] item: Leftovers
|upkeep
|
|t:|1783847986
|switch|p1b: Garchomp|Garchomp, L50, F|100/100
|turn|6
|
|t:|1783847999
|move|p1a: Sinistcha|Rage Powder|p1a: Sinistcha
|-singleturn|p1a: Sinistcha|move: Rage Powder
|move|p1b: Garchomp|Earthquake|p2b: Archaludon|[spread] p1a,p2a,p2b
|-resisted|p1a: Sinistcha|1
|-supereffective|p2a: Kingambit|1
|-supereffective|p2b: Archaludon|1
|-damage|p1a: Sinistcha|5/100
|-damage|p2a: Kingambit|0 fnt
|-damage|p2b: Archaludon|38/100
|-ability|p2b: Archaludon|Stamina|boost
|-boost|p2b: Archaludon|def|1
|faint|p2a: Kingambit
|-damage|p1b: Garchomp|90/100|[from] item: Life Orb
|move|p2b: Archaludon|Dragon Pulse|p1a: Sinistcha
|-damage|p1a: Sinistcha|0 fnt
|faint|p1a: Sinistcha
|
|-weather|none
|-heal|p2b: Archaludon|44/100|[from] item: Leftovers
|upkeep
|turn|7
|
|t:|1783848014
|move|p1b: Garchomp|Earthquake|p2b: Archaludon
|-supereffective|p2b: Archaludon|1
|-damage|p2b: Archaludon|0 fnt
|faint|p2b: Archaludon
|-damage|p1b: Garchomp|80/100|[from] item: Life Orb
|
|win|RedAllay
||RedAllay is ready for game 2.
||NoitUK_VGC is ready for game 2.
|uhtml|next|Next: Game 2 of 3
