|j|☆p1ch1pichi
|j|☆Joker113
|html|p1ch1pichiJoker113    
|uhtml|bestof|Game 1 of a best-of-3
|t:|1784632463
|gametype|doubles
|player|p1|p1ch1pichi|n|1089
|player|p2|Joker113|102|1189
|gen|9
|tier|[Gen 9 Champions] VGC 2026 Reg M-B (Bo3)
|rated|
|rule|Species Clause: Limit one of each Pokémon
|rule|Item Clause: Limit 1 of each item
|clearpoke
|poke|p1|Meganium, L50, M, shiny|
|poke|p1|Swampert, L50, M, shiny|
|poke|p1|Pelipper, L50, M|
|poke|p1|Archaludon, L50, M|
|poke|p1|Sableye, L50, M|
|poke|p1|Sneasler, L50, F|
|poke|p2|Gyarados, L50, F|
|poke|p2|Sneasler, L50, F|
|poke|p2|Garchomp, L50, M|
|poke|p2|Whimsicott, L50, F|
|poke|p2|Floette-Eternal, L50, F|
|poke|p2|Volcarona, L50, M|
|teampreview|4
|showteam|p1|Meganium||Meganiumite|Overgrow|SolarBeam,WeatherBall,DazzlingGleam,Protect|Modest||M|||50|]Swampert||Swampertite|Torrent|HighHorsepower,WaveCrash,KnockOff,Protect|Adamant||M|||50|]Pelipper||FocusSash|Drizzle|WeatherBall,Hurricane,WideGuard,Tailwind|Timid||M|||50|]Archaludon||Leftovers|Stalwart|ElectroShot,AuraSphere,DragonPulse,Protect|Modest||M|||50|]Sableye||WideLens|Prankster|Taunt,Swagger,RainDance,WillOWisp|Calm||M|||50|]Sneasler||LumBerry|Unburden|DireClaw,Acrobatics,CloseCombat,Protect|Adamant||F|||50|
|showteam|p2|Gyarados||Gyaradosite|Intimidate|DragonDance,Waterfall,Crunch,Protect|Adamant||F|||50|]Sneasler||WhiteHerb|Unburden|CloseCombat,FakeOut,DireClaw,Protect|Adamant||F|||50|]Garchomp||LifeOrb|RoughSkin|Protect,StompingTantrum,RockSlide,DragonClaw|Adamant||M|||50|]Whimsicott||FocusSash|Prankster|Encore,Endeavor,Moonblast,Tailwind|Modest||F|||50|]Floette-Eternal||Floettite|FlowerVeil|DrainingKiss,Moonblast,CalmMind,Protect|Timid||F|||50|]Volcarona||SitrusBerry|FlameBody|HeatWave,QuiverDance,RagePowder,Protect|Serious||M|||50|
|inactive|Battle timer is ON: inactive players will automatically lose when time's up. (requested by p1ch1pichi)
|
|t:|1784632482
|teamsize|p1|4
|teamsize|p2|4
|start
|switch|p1a: G4MER67|Sableye, L50, M|100/100
|switch|p1b: Jojo Sira|Sneasler, L50, F|100/100
|switch|p2a: Whimsicott|Whimsicott, L50, F|100/100
|switch|p2b: Sneasler|Sneasler, L50, F|100/100
|turn|1
|inactive|p1ch1pichi has 30 seconds left.
|
|t:|1784632516
|move|p1b: Jojo Sira|Protect|p1b: Jojo Sira
|-singleturn|p1b: Jojo Sira|Protect
|move|p2b: Sneasler|Protect|p2b: Sneasler
|-singleturn|p2b: Sneasler|Protect
|move|p1a: G4MER67|Taunt|p2a: Whimsicott
|-start|p2a: Whimsicott|move: Taunt
|move|p2a: Whimsicott|Moonblast|p1a: G4MER67
|-supereffective|p1a: G4MER67|1
|-damage|p1a: G4MER67|12/100
|
|upkeep
|turn|2
|
|t:|1784632534
|switch|p2b: Floette|Floette-Eternal, L50, F|100/100
|move|p1a: G4MER67|Swagger|p1b: Jojo Sira
|-boost|p1b: Jojo Sira|atk|2
|-start|p1b: Jojo Sira|confusion
|-enditem|p1b: Jojo Sira|Lum Berry|[eat]
|-end|p1b: Jojo Sira|confusion
|move|p1b: Jojo Sira|Acrobatics|p2b: Floette
|-damage|p2b: Floette|0 fnt
|faint|p2b: Floette
|move|p2a: Whimsicott|Moonblast|p1a: G4MER67
|-supereffective|p1a: G4MER67|1
|-damage|p1a: G4MER67|0 fnt
|faint|p1a: G4MER67
|
|upkeep
|
|t:|1784632556
|switch|p2b: Gyarados|Gyarados, L50, F|100/100
|switch|p1a: Inidoro|Pelipper, L50, M|100/100
|-weather|RainDance|[from] ability: Drizzle|[of] p1a: Inidoro
|-ability|p2b: Gyarados|Intimidate|boost
|-unboost|p1a: Inidoro|atk|1
|-unboost|p1b: Jojo Sira|atk|1
|turn|3
|inactive|p1ch1pichi has 30 seconds left.
|
|t:|1784632586
|move|p1b: Jojo Sira|Dire Claw|p2a: Whimsicott
|-supereffective|p2a: Whimsicott|2
|-enditem|p2a: Whimsicott|Focus Sash
|-damage|p2a: Whimsicott|1/100
|move|p2a: Whimsicott|Endeavor|p1b: Jojo Sira
|-damage|p1b: Jojo Sira|1/100
|move|p1a: Inidoro|Hurricane|p2a: Whimsicott
|-supereffective|p2a: Whimsicott|1
|-damage|p2a: Whimsicott|0 fnt
|faint|p2a: Whimsicott
|move|p2b: Gyarados|Dragon Dance|p2b: Gyarados
|-boost|p2b: Gyarados|atk|1
|-boost|p2b: Gyarados|spe|1
|
|-weather|RainDance|[upkeep]
|upkeep
|
|t:|1784632595
|switch|p2a: Sneasler|Sneasler, L50, F|100/100
|turn|4
|
|t:|1784632612
|move|p1b: Jojo Sira|Protect|p1b: Jojo Sira
|-singleturn|p1b: Jojo Sira|Protect
|move|p2b: Gyarados|Waterfall|p1a: Inidoro
|-resisted|p1a: Inidoro|1
|-damage|p1a: Inidoro|31/100
|move|p2a: Sneasler|Dire Claw|p1a: Inidoro
|-damage|p1a: Inidoro|0 fnt
|faint|p1a: Inidoro
|
|-weather|RainDance|[upkeep]
|upkeep
|
|t:|1784632621
|switch|p1a: San Juanico|Archaludon, L50, M|100/100
|turn|5
|
|t:|1784632633
|move|p1b: Jojo Sira|Acrobatics|p2a: Sneasler
|-supereffective|p2a: Sneasler|1
|-damage|p2a: Sneasler|0 fnt
|faint|p2a: Sneasler
|move|p2b: Gyarados|Waterfall|p1b: Jojo Sira
|-damage|p1b: Jojo Sira|0 fnt
|faint|p1b: Jojo Sira
|move|p1a: San Juanico|Electro Shot||[still]
|-prepare|p1a: San Juanico|Electro Shot
|-boost|p1a: San Juanico|spa|1
|-anim|p1a: San Juanico|Electro Shot|p2b: Gyarados
|-supereffective|p2b: Gyarados|2
|-damage|p2b: Gyarados|0 fnt
|faint|p2b: Gyarados
|
|win|p1ch1pichi
||Joker113 is ready for game 2.
|inactive|p1ch1pichi has 30 seconds to confirm battle start!
||p1ch1pichi is ready for game 2.
|uhtml|next|Next: Game 2 of 3
