|j|☆angelbee21
|j|☆manspread
|html|angelbee21manspread    
|uhtml|bestof|Game 1 of a best-of-3
|t:|1757787047
|gametype|doubles
|player|p1|angelbee21|lenora|1246
|player|p2|manspread|266|1120
|gen|9
|tier|[Gen 9] VGC 2025 Reg H (Bo3)
|rated|
|rule|Species Clause: Limit one of each Pokémon
|rule|Item Clause: Limit 1 of each item
|clearpoke
|poke|p1|Rillaboom, L50, M|
|poke|p1|Goodra-Hisui, L50, F|
|poke|p1|Farigiraf, L50, M|
|poke|p1|Torkoal, L50, M|
|poke|p1|Grimmsnarl, L50, M|
|poke|p1|Ursaluna, L50, F|
|poke|p2|Pelipper, L50, M|
|poke|p2|Dragonite, L50, M|
|poke|p2|Incineroar, L50, M|
|poke|p2|Archaludon, L50, M|
|poke|p2|Amoonguss, L50, F|
|poke|p2|Gholdengo, L50|
|teampreview|4
|showteam|p1|Rillaboom||AssaultVest|GrassySurge|WoodHammer,GrassyGlide,HighHorsepower,FakeOut|||M|||50|,,,,,Fire]Goodra-Hisui||Leftovers|SapSipper|BodyPress,AcidArmor,HeavySlam,Protect|||F|||50|,,,,,Water]Farigiraf||SafetyGoggles|ArmorTail|HelpingHand,TrickRoom,DazzlingGleam,Protect|||M|||50|,,,,,Fairy]Torkoal||ChoiceSpecs|Drought|HeatWave,Eruption,SolarBeam,EarthPower|||M|||50|,,,,,Stellar]Grimmsnarl||LightClay|Prankster|LightScreen,Reflect,SpiritBreak,Taunt|||M|||50|,,,,,Water]Ursaluna||FlameOrb|Guts|HeadlongRush,Earthquake,Facade,Protect|||F|||50|,,,,,Normal
|showteam|p2|Pelipper||FocusSash|Drizzle|WeatherBall,Hurricane,WideGuard,Protect|||M|||50|,,,,,Ghost]Dragonite||LoadedDice|Multiscale|ScaleShot,Tailwind,Haze,Protect|||M|||50|,,,,,Fairy]Incineroar||SafetyGoggles|Intimidate|KnockOff,FakeOut,PartingShot,FlareBlitz|||M|||50|,,,,,Ghost]Archaludon||AssaultVest|Stamina|ElectroShot,BodyPress,DragonPulse,FlashCannon|||M|||50|,,,,,Bug]Amoonguss||SitrusBerry|Regenerator|RagePowder,Spore,Protect,PollenPuff|||F|||50|,,,,,Water]Gholdengo||LifeOrb|GoodasGold|ShadowBall,MakeItRain,NastyPlot,Protect||||||50|,,,,,Flying
|inactive|Battle timer is ON: inactive players will automatically lose when time's up. (requested by angelbee21)
|inactive|angelbee21 has 60 seconds left.
|
|t:|1757787089
|teamsize|p1|4
|teamsize|p2|4
|start
|switch|p1a: Rillaboom|Rillaboom, L50, M|100/100
|switch|p1b: Goodra|Goodra-Hisui, L50, F|100/100
|switch|p2a: Dragonite|Dragonite, L50, M, shiny|100/100
|switch|p2b: Archaludon|Archaludon, L50, M, shiny|100/100
|-fieldstart|move: Grassy Terrain|[from] ability: Grassy Surge|[of] p1a: Rillaboom
|turn|1
|inactive|manspread has 30 seconds left.
|inactive|manspread has 20 seconds left.
|
|t:|1757787125
|move|p2a: Dragonite|Protect|p2a: Dragonite
|-singleturn|p2a: Dragonite|Protect
|move|p1a: Rillaboom|Fake Out|p2a: Dragonite
|-activate|p2a: Dragonite|move: Protect
|move|p2b: Archaludon|Dragon Pulse|p1b: Goodra
|-damage|p1b: Goodra|74/100
|move|p1b: Goodra|Acid Armor|p1b: Goodra
|-boost|p1b: Goodra|def|2
|
|-heal|p1b: Goodra|80/100|[from] Grassy Terrain
|-heal|p1b: Goodra|86/100|[from] item: Leftovers
|upkeep
|turn|2
|inactive|manspread has 30 seconds left.
|inactive|manspread has 20 seconds left.
|inactive|angelbee21 has 30 seconds left.
|
|t:|1757787167
|move|p2a: Dragonite|Haze|p2a: Dragonite
|-clearallboost
|move|p2b: Archaludon|Dragon Pulse|p1b: Goodra
|-damage|p1b: Goodra|57/100
|move|p1a: Rillaboom|Wood Hammer|p2a: Dragonite
|-resisted|p2a: Dragonite
|-damage|p2a: Dragonite|92/100
|-damage|p1a: Rillaboom|98/100|[from] Recoil
|move|p1b: Goodra|Body Press|p2a: Dragonite
|-resisted|p2a: Dragonite
|-damage|p2a: Dragonite|80/100
|
|-heal|p1a: Rillaboom|100/100|[from] Grassy Terrain
|-heal|p1b: Goodra|63/100|[from] Grassy Terrain
|-heal|p1b: Goodra|69/100|[from] item: Leftovers
|upkeep
|turn|3
|
|t:|1757787186
|switch|p1b: Grimmsnarl|Grimmsnarl, L50, M|100/100
|move|p2a: Dragonite|Scale Shot|p2b: Archaludon
|-damage|p2b: Archaludon|89/100
|-ability|p2b: Archaludon|Stamina|boost
|-boost|p2b: Archaludon|def|1
|-crit|p2b: Archaludon
|-damage|p2b: Archaludon|72/100
|-ability|p2b: Archaludon|Stamina|boost
|-boost|p2b: Archaludon|def|1
|-damage|p2b: Archaludon|66/100
|-ability|p2b: Archaludon|Stamina|boost
|-boost|p2b: Archaludon|def|1
|-damage|p2b: Archaludon|61/100
|-ability|p2b: Archaludon|Stamina|boost
|-boost|p2b: Archaludon|def|1
|-damage|p2b: Archaludon|57/100
|-ability|p2b: Archaludon|Stamina|boost
|-boost|p2b: Archaludon|def|1
|-hitcount|p2b: Archaludon|5
|-unboost|p2a: Dragonite|def|1
|-boost|p2a: Dragonite|spe|1
|move|p2b: Archaludon|Body Press|p1b: Grimmsnarl
|-damage|p1b: Grimmsnarl|28/100
|move|p1a: Rillaboom|High Horsepower|p2b: Archaludon
|-supereffective|p2b: Archaludon
|-damage|p2b: Archaludon|46/100
|-ability|p2b: Archaludon|Stamina|boost
|-boost|p2b: Archaludon|def|1
|
|-heal|p2b: Archaludon|52/100|[from] Grassy Terrain
|-heal|p1b: Grimmsnarl|34/100|[from] Grassy Terrain
|upkeep
|turn|4
|inactive|manspread has 30 seconds left.
|inactive|manspread has 20 seconds left.
|inactive|manspread has 15 seconds left.
|inactive|manspread has 10 seconds left.
|
|t:|1757787234
|move|p2a: Dragonite|Protect|p2a: Dragonite
|-singleturn|p2a: Dragonite|Protect
|move|p1b: Grimmsnarl|Reflect|p1b: Grimmsnarl
|-sidestart|p1: angelbee21|Reflect
|move|p2b: Archaludon|Flash Cannon|p1b: Grimmsnarl
|-supereffective|p1b: Grimmsnarl
|-damage|p1b: Grimmsnarl|0 fnt
|faint|p1b: Grimmsnarl
|move|p1a: Rillaboom|High Horsepower|p2b: Archaludon|[miss]
|-miss|p1a: Rillaboom|p2b: Archaludon
|
|-heal|p2b: Archaludon|59/100|[from] Grassy Terrain
|upkeep
|
|t:|1757787243
|switch|p1b: Torkoal|Torkoal, L50, M|100/100
|-weather|SunnyDay|[from] ability: Drought|[of] p1b: Torkoal
|turn|5
|
|t:|1757787253
|switch|p2a: Pelipper|Pelipper, L50, M, shiny|100/100
|-weather|RainDance|[from] ability: Drizzle|[of] p2a: Pelipper
|switch|p1b: Goodra|Goodra-Hisui, L50, F|69/100
|move|p2b: Archaludon|Electro Shot||[still]
|-prepare|p2b: Archaludon|Electro Shot
|-boost|p2b: Archaludon|spa|1
|-anim|p2b: Archaludon|Electro Shot|p1b: Goodra
|-resisted|p1b: Goodra
|-damage|p1b: Goodra|49/100
|move|p1a: Rillaboom|Wood Hammer|p2a: Pelipper
|-damage|p2a: Pelipper|6/100
|-damage|p1a: Rillaboom|79/100|[from] Recoil
|
|-weather|RainDance|[upkeep]
|-heal|p2b: Archaludon|65/100|[from] Grassy Terrain
|-heal|p1a: Rillaboom|85/100|[from] Grassy Terrain
|-heal|p1b: Goodra|55/100|[from] Grassy Terrain
|-heal|p1b: Goodra|61/100|[from] item: Leftovers
|-fieldend|move: Grassy Terrain
|upkeep
|turn|6
|inactive|manspread has 30 seconds left.
|
|t:|1757787282
|switch|p2a: Incineroar|Incineroar, L50, M, shiny|100/100
|-ability|p2a: Incineroar|Intimidate|boost
|-unboost|p1a: Rillaboom|atk|1
|-unboost|p1b: Goodra|atk|1
|switch|p1a: Torkoal|Torkoal, L50, M|100/100
|-weather|SunnyDay|[from] ability: Drought|[of] p1a: Torkoal
|-terastallize|p1b: Goodra|Water
|move|p2b: Archaludon|Body Press|p1b: Goodra
|-crit|p1b: Goodra
|-damage|p1b: Goodra|0 fnt
|faint|p1b: Goodra
|
|-weather|SunnyDay|[upkeep]
|upkeep
|
|t:|1757787285
|switch|p1b: Rillaboom|Rillaboom, L50, M|85/100
|-fieldstart|move: Grassy Terrain|[from] ability: Grassy Surge|[of] p1b: Rillaboom
|turn|7
|-message|angelbee21 forfeited.
|raw|angelbee21's rating: 1246 → 1212(-34 for losing)
|raw|manspread's rating: 1120 → 1154(+34 for winning)
|
|win|manspread
|l|☆angelbee21
|player|p1|
