|j|☆Gancelot
|j|☆Swift Demise
|html|GancelotSwift Demise    
|uhtml|bestof|Game 1 of a best-of-3
|t:|1783392544
|gametype|doubles
|player|p1|Gancelot|morty|1183
|player|p2|Swift Demise|lucas|1166
|gen|9
|tier|[Gen 9 Champions] VGC 2026 Reg M-B (Bo3)
|rated|
|rule|Species Clause: Limit one of each Pokémon
|rule|Item Clause: Limit 1 of each item
|clearpoke
|poke|p1|Sinistcha, L50|
|poke|p1|Incineroar, L50, F|
|poke|p1|Milotic, L50, F|
|poke|p1|Raichu, L50, F|
|poke|p1|Floette-Eternal, L50, F|
|poke|p1|Ceruledge, L50, M|
|poke|p2|Incineroar, L50, F|
|poke|p2|Charizard, L50, F|
|poke|p2|Aerodactyl, L50, F|
|poke|p2|Farigiraf, L50, M|
|poke|p2|Garchomp, L50, F|
|poke|p2|Sylveon, L50, F|
|teampreview|4
|showteam|p1|Sinistcha||KasibBerry|Hospitality|MatchaGotcha,LifeDew,RagePowder,Protect|Relaxed|||||50|]Incineroar||SitrusBerry|Intimidate|FlareBlitz,ThroatChop,FakeOut,PartingShot|Impish||F|||50|]Milotic||Leftovers|Competitive|MuddyWater,Coil,Hypnosis,Recover|Calm||F|||50|]Raichu||RaichuniteY|LightningRod|ZapCannon,FocusBlast,FakeOut,Protect|Timid||F|||50|]Floette-Eternal||Floettite|FlowerVeil|DazzlingGleam,DrainingKiss,CalmMind,Protect|Timid||F|||50|]Ceruledge||ColburBerry|FlashFire|BitterBlade,ShadowSneak,BulkUp,Protect|Adamant||M|||50|
|showteam|p2|Incineroar||Charcoal|Intimidate|FakeOut,FlareBlitz,DarkestLariat,PartingShot|Adamant||F|||50|]Charizard||CharizarditeY|Blaze|HeatWave,SolarBeam,WeatherBall,Protect|Modest||F|||50|]Aerodactyl||FocusSash|Unnerve|Protect,RockSlide,Tailwind,WideGuard|Jolly||F|||50|]Farigiraf||SitrusBerry|ArmorTail|Psychic,Thunderbolt,TrickRoom,Protect|Bold||M|||50|]Garchomp||LifeOrb|RoughSkin|Earthquake,DragonClaw,StompingTantrum,Protect|Jolly||F|||50|]Sylveon||FairyFeather|Pixilate|Protect,HyperVoice,HyperBeam,QuickAttack|Modest||F|||50|
|inactive|Battle timer is ON: inactive players will automatically lose when time's up. (requested by Gancelot)
|inactive|Swift Demise has 60 seconds left.
|
|t:|1783392589
|teamsize|p1|4
|teamsize|p2|4
|start
|switch|p1a: Ceruledge|Ceruledge, L50, M|100/100
|switch|p1b: Milotic|Milotic, L50, F|100/100
|switch|p2a: Charizard|Charizard, L50, F|100/100
|switch|p2b: Garchomp|Garchomp, L50, F|100/100
|turn|1
|inactive|Gancelot has 30 seconds left.
|inactive|Gancelot has 20 seconds left.
|inactive|Gancelot has 15 seconds left.
|
|t:|1783392630
|switch|p1b: Incineroar|Incineroar, L50, F|100/100
|-ability|p1b: Incineroar|Intimidate|boost
|-unboost|p2a: Charizard|atk|1
|-unboost|p2b: Garchomp|atk|1
|detailschange|p2a: Charizard|Charizard-Mega-Y, L50, F
|-mega|p2a: Charizard|Charizard|Charizardite Y
|-weather|SunnyDay|[from] ability: Drought|[of] p2a: Charizard
|move|p1a: Ceruledge|Protect|p1a: Ceruledge
|-singleturn|p1a: Ceruledge|Protect
|move|p2b: Garchomp|Earthquake|p1a: Ceruledge|[spread] p1b
|-activate|p1a: Ceruledge|move: Protect
|-immune|p2a: Charizard
|-supereffective|p1b: Incineroar|1
|-damage|p1b: Incineroar|50/100y
|-enditem|p1b: Incineroar|Sitrus Berry|[eat]
|-heal|p1b: Incineroar|74/100|[from] item: Sitrus Berry
|-damage|p2b: Garchomp|90/100|[from] item: Life Orb
|move|p2a: Charizard|Solar Beam||[still]
|-prepare|p2a: Charizard|Solar Beam
|-anim|p2a: Charizard|Solar Beam|p1b: Incineroar
|-resisted|p1b: Incineroar|1
|-damage|p1b: Incineroar|55/100
|
|-weather|SunnyDay|[upkeep]
|upkeep
|turn|2
|
|t:|1783392655
|switch|p2a: Aerodactyl|Aerodactyl, L50, F|100/100
|-ability|p2a: Aerodactyl|Unnerve
|move|p1b: Incineroar|Fake Out|p2b: Garchomp
|-damage|p2b: Garchomp|80/100
|-damage|p1b: Incineroar|43/100|[from] ability: Rough Skin|[of] p2b: Garchomp
|cant|p2b: Garchomp|flinch
|move|p1a: Ceruledge|Bulk Up|p1a: Ceruledge
|-boost|p1a: Ceruledge|atk|1
|-boost|p1a: Ceruledge|def|1
|
|-weather|SunnyDay|[upkeep]
|upkeep
|turn|3
|
|t:|1783392678
|switch|p2b: Incineroar|Incineroar, L50, F|100/100
|-ability|p2b: Incineroar|Intimidate|boost
|-unboost|p1a: Ceruledge|atk|1
|-unboost|p1b: Incineroar|atk|1
|switch|p1b: Milotic|Milotic, L50, F|100/100
|move|p1a: Ceruledge|Protect|p1a: Ceruledge
|-singleturn|p1a: Ceruledge|Protect
|move|p2a: Aerodactyl|Rock Slide|p1b: Milotic|[spread] p1b
|-activate|p1a: Ceruledge|move: Protect
|-damage|p1b: Milotic|77/100
|
|-weather|SunnyDay|[upkeep]
|-heal|p1b: Milotic|83/100|[from] item: Leftovers
|upkeep
|turn|4
|inactive|Swift Demise has 30 seconds left.
|
|t:|1783392712
|move|p1a: Ceruledge|Protect||[still]
|-fail|p1a: Ceruledge
|move|p2a: Aerodactyl|Rock Slide|p1b: Milotic|[spread] p1a
|-miss|p2a: Aerodactyl|p1b: Milotic
|-supereffective|p1a: Ceruledge|1
|-crit|p1a: Ceruledge
|-damage|p1a: Ceruledge|10/100
|move|p1b: Milotic|Coil|p1b: Milotic
|-boost|p1b: Milotic|atk|1
|-boost|p1b: Milotic|def|1
|-boost|p1b: Milotic|accuracy|1
|move|p2b: Incineroar|Parting Shot|p1a: Ceruledge
|-unboost|p1a: Ceruledge|atk|1
|-unboost|p1a: Ceruledge|spa|1
|
|t:|1783392726
|switch|p2b: Garchomp|Garchomp, L50, F|80/100|[from] Parting Shot
|
|-weather|SunnyDay|[upkeep]
|-heal|p1b: Milotic|89/100|[from] item: Leftovers
|upkeep
|turn|5
|
|t:|1783392738
|move|p1a: Ceruledge|Protect|p1a: Ceruledge
|-singleturn|p1a: Ceruledge|Protect
|move|p2a: Aerodactyl|Rock Slide|p1a: Ceruledge|[spread] p1b
|-activate|p1a: Ceruledge|move: Protect
|-damage|p1b: Milotic|74/100
|move|p2b: Garchomp|Earthquake|p1b: Milotic|[spread] p1b
|-activate|p1a: Ceruledge|move: Protect
|-immune|p2a: Aerodactyl
|-damage|p1b: Milotic|47/100
|-damage|p2b: Garchomp|70/100|[from] item: Life Orb
|move|p1b: Milotic|Coil|p1b: Milotic
|-boost|p1b: Milotic|atk|1
|-boost|p1b: Milotic|def|1
|-boost|p1b: Milotic|accuracy|1
|
|-weather|none
|-heal|p1b: Milotic|52/100|[from] item: Leftovers
|upkeep
|turn|6
|
|t:|1783392753
|move|p1a: Ceruledge|Shadow Sneak|p2a: Aerodactyl
|-damage|p2a: Aerodactyl|74/100
|move|p2a: Aerodactyl|Rock Slide|p1b: Milotic|[spread] p1a,p1b
|-supereffective|p1a: Ceruledge|1
|-damage|p1a: Ceruledge|0 fnt
|-damage|p1b: Milotic|42/100
|faint|p1a: Ceruledge
|move|p2b: Garchomp|Earthquake|p1b: Milotic|[spread] p1b
|-immune|p2a: Aerodactyl
|-damage|p1b: Milotic|20/100y
|-damage|p2b: Garchomp|60/100|[from] item: Life Orb
|cant|p1b: Milotic|flinch
|
|-heal|p1b: Milotic|26/100|[from] item: Leftovers
|upkeep
|
|t:|1783392758
|switch|p1a: Raichu|Raichu, L50, F|100/100
|turn|7
|inactive|Swift Demise has 30 seconds left.
|inactive|Swift Demise has 20 seconds left.
|inactive|Swift Demise has 15 seconds left.
|
|t:|1783392799
|detailschange|p1a: Raichu|Raichu-Mega-Y, L50, F
|-mega|p1a: Raichu|Raichu|Raichunite Y
|move|p2b: Garchomp|Protect|p2b: Garchomp
|-singleturn|p2b: Garchomp|Protect
|move|p1a: Raichu|Fake Out|p2b: Garchomp
|-activate|p2b: Garchomp|move: Protect
|move|p2a: Aerodactyl|Tailwind|p2a: Aerodactyl
|-sidestart|p2: Swift Demise|move: Tailwind
|move|p1b: Milotic|Recover|p1b: Milotic
|-heal|p1b: Milotic|76/100
|
|-heal|p1b: Milotic|82/100|[from] item: Leftovers
|upkeep
|turn|8
|
|t:|1783392816
|switch|p1a: Incineroar|Incineroar, L50, F|43/100
|-ability|p1a: Incineroar|Intimidate|boost
|-unboost|p2a: Aerodactyl|atk|1
|-unboost|p2b: Garchomp|atk|1
|move|p2a: Aerodactyl|Rock Slide|p1a: Incineroar|[spread] p1b
|-miss|p2a: Aerodactyl|p1a: Incineroar
|-damage|p1b: Milotic|74/100
|move|p2b: Garchomp|Earthquake|p1b: Milotic|[spread] p1a,p1b
|-immune|p2a: Aerodactyl
|-supereffective|p1a: Incineroar|1
|-damage|p1a: Incineroar|0 fnt
|-damage|p1b: Milotic|61/100
|faint|p1a: Incineroar
|-damage|p2b: Garchomp|50/100g|[from] item: Life Orb
|move|p1b: Milotic|Muddy Water|p2a: Aerodactyl|[spread] p2a,p2b
|-supereffective|p2a: Aerodactyl|1
|-damage|p2a: Aerodactyl|10/100
|-damage|p2b: Garchomp|24/100
|-unboost|p2b: Garchomp|accuracy|1
|
|-heal|p1b: Milotic|67/100|[from] item: Leftovers
|upkeep
|
|t:|1783392819
|switch|p1a: Raichu|Raichu-Mega-Y, L50, F|100/100
|turn|9
|
|t:|1783392839
|move|p2b: Garchomp|Protect|p2b: Garchomp
|-singleturn|p2b: Garchomp|Protect
|move|p1a: Raichu|Fake Out|p2a: Aerodactyl
|-resisted|p2a: Aerodactyl|1
|-damage|p2a: Aerodactyl|4/100
|cant|p2a: Aerodactyl|flinch
|move|p1b: Milotic|Hypnosis|p2a: Aerodactyl
|-status|p2a: Aerodactyl|slp|[from] move: Hypnosis
|
|-heal|p1b: Milotic|73/100|[from] item: Leftovers
|upkeep
|turn|10
|
|t:|1783392856
|move|p1a: Raichu|Protect|p1a: Raichu
|-singleturn|p1a: Raichu|Protect
|cant|p2a: Aerodactyl|slp
|move|p2b: Garchomp|Earthquake|p1b: Milotic|[spread] p1b
|-activate|p1a: Raichu|move: Protect
|-immune|p2a: Aerodactyl
|-damage|p1b: Milotic|58/100
|-damage|p2b: Garchomp|15/100|[from] item: Life Orb
|move|p1b: Milotic|Muddy Water|p2a: Aerodactyl|[spread] p2a,p2b
|-supereffective|p2a: Aerodactyl|1
|-damage|p2a: Aerodactyl|0 fnt
|-damage|p2b: Garchomp|0 fnt
|faint|p2a: Aerodactyl
|faint|p2b: Garchomp
|
|-heal|p1b: Milotic|64/100|[from] item: Leftovers
|-sideend|p2: Swift Demise|move: Tailwind
|upkeep
|
|t:|1783392861
|switch|p2a: Charizard|Charizard-Mega-Y, L50, F|100/100
|switch|p2b: Incineroar|Incineroar, L50, F|100/100
|-weather|SunnyDay|[from] ability: Drought|[of] p2a: Charizard
|-ability|p2b: Incineroar|Intimidate|boost
|-unboost|p1a: Raichu|atk|1
|-unboost|p1b: Milotic|atk|1
|-ability|p1b: Milotic|Competitive|boost
|-boost|p1b: Milotic|spa|2
|turn|11
|
|t:|1783392877
|move|p2b: Incineroar|Fake Out|p1a: Raichu
|-damage|p1a: Raichu|83/100
|cant|p1a: Raichu|flinch
|move|p2a: Charizard|Solar Beam||[still]
|-prepare|p2a: Charizard|Solar Beam
|-anim|p2a: Charizard|Solar Beam|p1b: Milotic
|-supereffective|p1b: Milotic|1
|-damage|p1b: Milotic|9/100
|move|p1b: Milotic|Hypnosis|p2b: Incineroar
|-status|p2b: Incineroar|slp|[from] move: Hypnosis
|
|-weather|SunnyDay|[upkeep]
|-heal|p1b: Milotic|15/100|[from] item: Leftovers
|upkeep
|turn|12
|
|t:|1783392894
|move|p1a: Raichu|Zap Cannon|p2a: Charizard
|-supereffective|p2a: Charizard|1
|-damage|p2a: Charizard|1/100
|-status|p2a: Charizard|par
|move|p1b: Milotic|Recover|p1b: Milotic
|-heal|p1b: Milotic|65/100
|cant|p2b: Incineroar|slp
|move|p2a: Charizard|Heat Wave|p1b: Milotic|[spread] p1a,p1b
|-resisted|p1b: Milotic|1
|-damage|p1a: Raichu|0 fnt
|-damage|p1b: Milotic|46/100
|faint|p1a: Raichu
|
|-weather|SunnyDay|[upkeep]
|-heal|p1b: Milotic|51/100|[from] item: Leftovers
|upkeep
|turn|13
|
|t:|1783392914
|move|p1b: Milotic|Muddy Water|p2b: Incineroar|[spread] p2a,p2b
|-supereffective|p2a: Charizard|1
|-supereffective|p2b: Incineroar|1
|-damage|p2a: Charizard|0 fnt
|-damage|p2b: Incineroar|54/100 slp
|-unboost|p2b: Incineroar|accuracy|1
|faint|p2a: Charizard
|cant|p2b: Incineroar|slp
|
|-weather|SunnyDay|[upkeep]
|-heal|p1b: Milotic|57/100|[from] item: Leftovers
|upkeep
|turn|14
|
|t:|1783392923
|move|p1b: Milotic|Muddy Water|p2b: Incineroar
|-supereffective|p2b: Incineroar|1
|-damage|p2b: Incineroar|0 fnt
|faint|p2b: Incineroar
|
|win|Gancelot
||Swift Demise is ready for game 2.
|inactive|Gancelot has 30 seconds to confirm battle start!
||Gancelot is ready for game 2.
|uhtml|next|Next: Game 2 of 3
