|j|☆Gen4lover2
|j|☆Nameyoupenelope
|html|Gen4lover2Nameyoupenelope    
|uhtml|bestof|Game 2 of a best-of-3
|t:|1786088353
|gametype|doubles
|player|p1|Gen4lover2|wallace|1340
|player|p2|Nameyoupenelope|170|1286
|gen|9
|tier|[Gen 9 Champions] VGC 2026 Reg M-B (Bo3)
|rated|
|rule|Species Clause: Limit one of each Pokémon
|rule|Item Clause: Limit 1 of each item
|clearpoke
|poke|p1|Tyranitar, L50, M|
|poke|p1|Excadrill, L50, F|
|poke|p1|Staraptor, L50, F|
|poke|p1|Milotic, L50, F, shiny|
|poke|p1|Gholdengo, L50|
|poke|p1|Sinistcha-Masterpiece, L50|
|poke|p2|Charizard, L50, M|
|poke|p2|Annihilape, L50, F, shiny|
|poke|p2|Toxapex, L50, M, shiny|
|poke|p2|Incineroar, L50, M|
|poke|p2|Venusaur, L50, M|
|poke|p2|Garchomp, L50, M|
|teampreview|4
|showteam|p1|Tyranitar||Tyranitarite|SandStream|RockSlide,KnockOff,LowKick,Protect|Adamant||M|||50|]Excadrill||FocusSash|SandRush|HighHorsepower,IronHead,RockSlide,Protect|Adamant||F|||50|]Staraptor||Staraptite|Intimidate|BraveBird,CloseCombat,Tailwind,Protect|Jolly||F|||50|]Milotic||SitrusBerry|Competitive|Scald,IceBeam,Recover,Protect|Modest||F|||50|]Gholdengo||LifeOrb|GoodasGold|MakeItRain,ShadowBall,NastyPlot,Protect|Modest|||||50|]Sinistcha-Masterpiece||ColburBerry|Hospitality|MatchaGotcha,RagePowder,TrickRoom,Protect|Relaxed|||||50|
|showteam|p2|Charizard||CharizarditeY|Blaze|WeatherBall,HeatWave,HelpingHand,Protect|Modest||M|||50|]Annihilape||FocusSash|Defiant|CloseCombat,PhantomForce,RockTomb,Protect|Jolly||F|||50|]Toxapex||Leftovers|Regenerator|Infestation,Toxic,WideGuard,BanefulBunker|Relaxed||M|||50|]Incineroar||SitrusBerry|Intimidate|FlareBlitz,ThroatChop,PartingShot,FakeOut|Impish||M|||50|]Venusaur||LifeOrb|Chlorophyll|LeafStorm,SludgeBomb,EarthPower,Protect|Modest||M|||50|]Garchomp||ChoiceScarf|RoughSkin|Earthquake,DragonClaw,StompingTantrum,RockSlide|Adamant||M|||50|
|inactive|Battle timer is ON: inactive players will automatically lose when time's up. (requested by Gen4lover2)
|inactive|Gen4lover2 has 60 seconds left.
|inactive|Nameyoupenelope has 60 seconds left.
|inactive|Gen4lover2 has 30 seconds left.
|
|t:|1786088418
|teamsize|p1|4
|teamsize|p2|4
|start
|switch|p1a: Milotic|Milotic, L50, F, shiny|100/100
|switch|p1b: Staraptor|Staraptor, L50, F|100/100
|switch|p2a: Charizard|Charizard, L50, M|100/100
|switch|p2b: Garchomp|Garchomp, L50, M|100/100
|-ability|p1b: Staraptor|Intimidate|boost
|-unboost|p2a: Charizard|atk|1
|-unboost|p2b: Garchomp|atk|1
|turn|1
|
|t:|1786088435
|detailschange|p2a: Charizard|Charizard-Mega-Y, L50, M
|-mega|p2a: Charizard|Charizard|Charizardite Y
|-weather|SunnyDay|[from] ability: Drought|[of] p2a: Charizard
|move|p2b: Garchomp|Earthquake|p1a: Milotic|[spread] p1a
|-immune|p2a: Charizard
|-immune|p1b: Staraptor
|-damage|p1a: Milotic|74/100
|move|p1b: Staraptor|Tailwind|p1b: Staraptor
|-sidestart|p1: Gen4lover2|move: Tailwind
|move|p1a: Milotic|Ice Beam|p2b: Garchomp
|-supereffective|p2b: Garchomp|2
|-damage|p2b: Garchomp|0 fnt
|faint|p2b: Garchomp
|move|p2a: Charizard|Heat Wave|p1b: Staraptor|[spread] p1a,p1b
|-resisted|p1a: Milotic|1
|-damage|p1a: Milotic|50/100g
|-damage|p1b: Staraptor|13/100
|-status|p1a: Milotic|brn
|
|-weather|SunnyDay|[upkeep]
|-damage|p1a: Milotic|45/100 brn|[from] brn
|upkeep
|-enditem|p1a: Milotic|Sitrus Berry|[eat]
|-heal|p1a: Milotic|69/100 brn|[from] item: Sitrus Berry
|
|t:|1786088453
|switch|p2b: Venusaur|Venusaur, L50, M|100/100
|turn|2
|
|t:|1786088470
|switch|p1b: Tyranitar|Tyranitar, L50, M|100/100
|-weather|Sandstorm|[from] ability: Sand Stream|[of] p1b: Tyranitar
|move|p1a: Milotic|Scald|p2a: Charizard
|-supereffective|p2a: Charizard|1
|-damage|p2a: Charizard|41/100
|move|p2a: Charizard|Heat Wave|p1a: Milotic|[spread] p1b
|-miss|p2a: Charizard|p1a: Milotic
|-resisted|p1b: Tyranitar|1
|-damage|p1b: Tyranitar|88/100
|move|p2b: Venusaur|Sludge Bomb|p1a: Milotic
|-damage|p1a: Milotic|25/100 brn
|-damage|p2b: Venusaur|90/100|[from] item: Life Orb
|
|-weather|Sandstorm|[upkeep]
|-damage|p1a: Milotic|19/100 brn|[from] Sandstorm
|-damage|p2a: Charizard|35/100|[from] Sandstorm
|-damage|p2b: Venusaur|84/100|[from] Sandstorm
|-damage|p1a: Milotic|13/100 brn|[from] brn
|upkeep
|turn|3
|
|t:|1786088492
|switch|p2a: Toxapex|Toxapex, L50, M, shiny|100/100
|move|p2b: Venusaur|Protect|p2b: Venusaur
|-singleturn|p2b: Venusaur|Protect
|move|p1b: Tyranitar|Rock Slide|p2a: Toxapex|[spread] p2a
|-activate|p2b: Venusaur|move: Protect
|-damage|p2a: Toxapex|78/100
|move|p1a: Milotic|Ice Beam|p2b: Venusaur
|-activate|p2b: Venusaur|move: Protect
|
|-weather|Sandstorm|[upkeep]
|-damage|p1a: Milotic|7/100 brn|[from] Sandstorm
|-damage|p2b: Venusaur|78/100|[from] Sandstorm
|-damage|p2a: Toxapex|73/100|[from] Sandstorm
|-heal|p2a: Toxapex|78/100|[from] item: Leftovers
|-damage|p1a: Milotic|1/100 brn|[from] brn
|upkeep
|turn|4
|
|t:|1786088513
|detailschange|p1b: Tyranitar|Tyranitar-Mega, L50, M
|-mega|p1b: Tyranitar|Tyranitar|Tyranitarite
|move|p1b: Tyranitar|Rock Slide|p2a: Toxapex|[spread] p2a,p2b
|-damage|p2a: Toxapex|57/100
|-damage|p2b: Venusaur|28/100
|move|p1a: Milotic|Ice Beam|p2b: Venusaur
|-supereffective|p2b: Venusaur|1
|-damage|p2b: Venusaur|0 fnt
|faint|p2b: Venusaur
|move|p2a: Toxapex|Infestation|p1b: Tyranitar
|-supereffective|p1b: Tyranitar|1
|-damage|p1b: Tyranitar|84/100
|-activate|p1b: Tyranitar|move: Infestation|[of] p2a: Toxapex
|
|-weather|Sandstorm|[upkeep]
|-damage|p1a: Milotic|0 fnt|[from] Sandstorm
|-damage|p2a: Toxapex|51/100|[from] Sandstorm
|faint|p1a: Milotic
|-heal|p2a: Toxapex|57/100|[from] item: Leftovers
|-damage|p1b: Tyranitar|72/100|[from] move: Infestation|[partiallytrapped]
|-sideend|p1: Gen4lover2|move: Tailwind
|upkeep
|
|t:|1786088524
|switch|p2b: Charizard|Charizard-Mega-Y, L50, M|35/100
|switch|p1a: Staraptor|Staraptor, L50, F|13/100
|-ability|p1a: Staraptor|Intimidate|boost
|-unboost|p2a: Toxapex|atk|1
|-unboost|p2b: Charizard|atk|1
|-weather|SunnyDay|[from] ability: Drought|[of] p2b: Charizard
|turn|5
|inactive|Gen4lover2 has 30 seconds left.
|
|t:|1786088558
|move|p2b: Charizard|Protect|p2b: Charizard
|-singleturn|p2b: Charizard|Protect
|move|p1a: Staraptor|Tailwind|p1a: Staraptor
|-sidestart|p1: Gen4lover2|move: Tailwind
|move|p1b: Tyranitar|Knock Off|p2b: Charizard
|-activate|p2b: Charizard|move: Protect
|move|p2a: Toxapex|Infestation|p1a: Staraptor
|-resisted|p1a: Staraptor|1
|-damage|p1a: Staraptor|10/100
|-activate|p1a: Staraptor|move: Infestation|[of] p2a: Toxapex
|
|-weather|SunnyDay|[upkeep]
|-heal|p2a: Toxapex|63/100|[from] item: Leftovers
|-damage|p1a: Staraptor|0 fnt|[from] move: Infestation|[partiallytrapped]
|faint|p1a: Staraptor
|-damage|p1b: Tyranitar|60/100|[from] move: Infestation|[partiallytrapped]
|upkeep
|
|t:|1786088569
|switch|p1a: Gholdengo|Gholdengo, L50|100/100
|turn|6
|
|t:|1786088588
|move|p2b: Charizard|Protect||[still]
|-fail|p2b: Charizard
|move|p1a: Gholdengo|Shadow Ball|p2b: Charizard
|-damage|p2b: Charizard|0 fnt
|faint|p2b: Charizard
|-damage|p1a: Gholdengo|90/100|[from] item: Life Orb
|move|p1b: Tyranitar|Knock Off|p2a: Toxapex
|-damage|p2a: Toxapex|22/100
|-enditem|p2a: Toxapex|Leftovers|[from] move: Knock Off|[of] p1b: Tyranitar
|move|p2a: Toxapex|Infestation|p1a: Gholdengo
|-resisted|p1a: Gholdengo|2
|-damage|p1a: Gholdengo|89/100
|-activate|p1a: Gholdengo|move: Infestation|[of] p2a: Toxapex
|
|-weather|SunnyDay|[upkeep]
|-damage|p1a: Gholdengo|77/100|[from] move: Infestation|[partiallytrapped]
|-damage|p1b: Tyranitar|48/100|[from] move: Infestation|[partiallytrapped]
|upkeep
|turn|7
|
|t:|1786088609
|move|p2a: Toxapex|Baneful Bunker|p2a: Toxapex
|-singleturn|p2a: Toxapex|move: Protect
|move|p1a: Gholdengo|Shadow Ball|p2a: Toxapex
|-activate|p2a: Toxapex|move: Protect
|move|p1b: Tyranitar|Knock Off|p2a: Toxapex
|-activate|p2a: Toxapex|move: Protect
|-status|p1b: Tyranitar|psn
|
|-weather|SunnyDay|[upkeep]
|-damage|p1b: Tyranitar|36/100 psn|[from] psn
|-damage|p1a: Gholdengo|65/100|[from] move: Infestation|[partiallytrapped]
|-damage|p1b: Tyranitar|24/100 psn|[from] move: Infestation|[partiallytrapped]
|upkeep
|turn|8
|
|t:|1786088622
|move|p2a: Toxapex|Baneful Bunker|p2a: Toxapex
|-singleturn|p2a: Toxapex|move: Protect
|move|p1a: Gholdengo|Shadow Ball|p2a: Toxapex
|-activate|p2a: Toxapex|move: Protect
|move|p1b: Tyranitar|Knock Off|p2a: Toxapex
|-activate|p2a: Toxapex|move: Protect
|
|-weather|SunnyDay|[upkeep]
|-damage|p1b: Tyranitar|12/100 psn|[from] psn
|-damage|p1a: Gholdengo|53/100|[from] move: Infestation|[partiallytrapped]
|-end|p1b: Tyranitar|Infestation|[partiallytrapped]
|-sideend|p1: Gen4lover2|move: Tailwind
|upkeep
|turn|9
|
|t:|1786088627
|move|p2a: Toxapex|Baneful Bunker||[still]
|-fail|p2a: Toxapex
|move|p1a: Gholdengo|Shadow Ball|p2a: Toxapex
|-damage|p2a: Toxapex|0 fnt
|faint|p2a: Toxapex
|-damage|p1a: Gholdengo|43/100|[from] item: Life Orb
|
|win|Gen4lover2
|raw|Gen4lover2's rating: 1340 → 1357(+17 for winning)
|raw|Nameyoupenelope's rating: 1286 → 1265(-21 for losing)
