|j|☆pinkp0nguin
|j|☆DerpieHAHAHA
|html|pinkp0nguinDerpieHAHAHA    
|uhtml|bestof|Game 1 of a best-of-3
|t:|1784900064
|gametype|doubles
|player|p1|pinkp0nguin|cynthia-masters4|
|player|p2|DerpieHAHAHA|1|
|gen|9
|tier|[Gen 9 Champions] VGC 2026 Reg M-B (Bo3)
|rule|Species Clause: Limit one of each Pokémon
|rule|Item Clause: Limit 1 of each item
|clearpoke
|poke|p1|Gardevoir, L50, F|
|poke|p1|Meowstic, L50, M|
|poke|p1|Incineroar, L50, F|
|poke|p1|Basculegion, L50, M|
|poke|p1|Talonflame, L50, M|
|poke|p1|Blastoise, L50, F|
|poke|p2|Sableye, L50, F|
|poke|p2|Dragapult, L50, M|
|poke|p2|Pelipper, L50, M|
|poke|p2|Primarina, L50, M|
|poke|p2|Incineroar, L50, F|
|poke|p2|Kingambit, L50, F|
|teampreview|4
|showteam|p1|Gardevoir||Gardevoirite|Trace|HyperVoice,ExpandingForce,CalmMind,Protect|Timid||F|||50|]Meowstic||FocusSash|Prankster|FakeOut,ThunderWave,PsychicTerrain,HelpingHand|Careful||M|||50|]Incineroar||SitrusBerry|Intimidate|FakeOut,PartingShot,Snarl,HelpingHand|Sassy||F|||50|]Basculegion||MysticWater|Adaptability|WaveCrash,AquaJet,LastRespects,Protect|Adamant||M|||50|]Talonflame||Charcoal|GaleWings|Tailwind,Defog,Feint,FlareBlitz|Jolly||M|||50|]Blastoise||Blastoisinite|Torrent|WaterSpout,AuraSphere,ShellSmash,Protect|Modest||F|||50|
|showteam|p2|Sableye||Sablenite|Prankster|FoulPlay,Protect,Recover,WillOWisp|Calm||F|||50|]Dragapult||Leftovers|Infiltrator|DragonDance,DragonDarts,Protect,Substitute|Jolly||M|||50|]Pelipper||FocusSash|Drizzle|Hurricane,Tailwind,Protect,WideGuard|Timid||M|||50|]Primarina||SitrusBerry|Torrent|Moonblast,HydroPump,IcyWind,Protect|Modest||M|||50|]Incineroar||ExpertBelt|Intimidate|FakeOut,PartingShot,FlareBlitz,Protect|Careful||F|||50|]Kingambit||LifeOrb|SupremeOverlord|KowtowCleave,SuckerPunch,SwordsDance,Protect|Adamant||F|||50|
|inactive|Battle timer is ON: inactive players will automatically lose when time's up. (requested by pinkp0nguin)
|
|t:|1784900073
|teamsize|p1|4
|teamsize|p2|4
|start
|switch|p1a: Meowstic|Meowstic, L50, M|100/100
|switch|p1b: Incineroar|Incineroar, L50, F|100/100
|switch|p2a: Sableye|Sableye, L50, F|100/100
|switch|p2b: Incineroar|Incineroar, L50, F|100/100
|-ability|p2b: Incineroar|Intimidate|boost
|-unboost|p1a: Meowstic|atk|1
|-unboost|p1b: Incineroar|atk|1
|-ability|p1b: Incineroar|Intimidate|boost
|-unboost|p2a: Sableye|atk|1
|-unboost|p2b: Incineroar|atk|1
|turn|1
|
|t:|1784900095
|move|p2b: Incineroar|Protect|p2b: Incineroar
|-singleturn|p2b: Incineroar|Protect
|move|p1a: Meowstic|Fake Out|p2b: Incineroar
|-activate|p2b: Incineroar|move: Protect
|move|p1b: Incineroar|Snarl|p2b: Incineroar|[spread] p2a
|-activate|p2b: Incineroar|move: Protect
|-damage|p2a: Sableye|83/100
|-unboost|p2a: Sableye|spa|1
|move|p2a: Sableye|Foul Play|p1a: Meowstic
|-supereffective|p1a: Meowstic|1
|-damage|p1a: Meowstic|66/100
|
|upkeep
|turn|2
|
|t:|1784900112
|move|p2b: Incineroar|Protect|p2b: Incineroar
|-singleturn|p2b: Incineroar|Protect
|move|p1a: Meowstic|Psychic Terrain|p1a: Meowstic
|-fieldstart|move: Psychic Terrain
|move|p1b: Incineroar|Parting Shot|p2b: Incineroar
|-activate|p2b: Incineroar|move: Protect
|move|p2a: Sableye|Foul Play|p1a: Meowstic
|-supereffective|p1a: Meowstic|1
|-damage|p1a: Meowstic|32/100
|
|upkeep
|turn|3
|inactive|pinkp0nguin has 30 seconds left.
|inactive|pinkp0nguin has 20 seconds left.
|inactive|DerpieHAHAHA has 30 seconds left.
|
|t:|1784900152
|move|p1a: Meowstic|Helping Hand|p1b: Incineroar
|-singleturn|p1b: Incineroar|Helping Hand|[of] p1a: Meowstic
|move|p2b: Incineroar|Flare Blitz|p1a: Meowstic
|-damage|p1a: Meowstic|0 fnt
|faint|p1a: Meowstic
|-damage|p2b: Incineroar|90/100|[from] Recoil
|move|p1b: Incineroar|Parting Shot|p2b: Incineroar
|-unboost|p2b: Incineroar|atk|1
|-unboost|p2b: Incineroar|spa|1
|
|t:|1784900159
|switch|p1b: Gardevoir|Gardevoir, L50, F|100/100|[from] Parting Shot
|-ability|p1b: Gardevoir|Prankster|Trace|[from] ability: Trace|[of] p2a: Sableye
|move|p2a: Sableye|Foul Play|p1b: Gardevoir
|-damage|p1b: Gardevoir|62/100
|
|upkeep
|
|t:|1784900161
|switch|p1a: Basculegion|Basculegion, L50, M|100/100
|turn|4
|
|t:|1784900175
|detailschange|p1b: Gardevoir|Gardevoir-Mega, L50, F
|-mega|p1b: Gardevoir|Gardevoir|Gardevoirite
|move|p2a: Sableye|Protect|p2a: Sableye
|-singleturn|p2a: Sableye|Protect
|move|p2b: Incineroar|Protect|p2b: Incineroar
|-singleturn|p2b: Incineroar|Protect
|move|p1b: Gardevoir|Calm Mind|p1b: Gardevoir
|-boost|p1b: Gardevoir|spa|1
|-boost|p1b: Gardevoir|spd|1
|move|p1a: Basculegion|Wave Crash|p2a: Sableye
|-activate|p2a: Sableye|move: Protect
|
|upkeep
|turn|5
|
|t:|1784900192
|move|p1b: Gardevoir|Hyper Voice|p2a: Sableye|[spread] p2a,p2b
|-supereffective|p2a: Sableye|1
|-damage|p2a: Sableye|0 fnt
|-damage|p2b: Incineroar|39/100
|faint|p2a: Sableye
|move|p1a: Basculegion|Wave Crash|p2b: Incineroar
|-supereffective|p2b: Incineroar|1
|-damage|p2b: Incineroar|0 fnt
|faint|p2b: Incineroar
|-damage|p1a: Basculegion|88/100|[from] Recoil
|
|upkeep
|
|t:|1784900202
|switch|p2b: Primarina|Primarina, L50, M|100/100
|switch|p2a: Pelipper|Pelipper, L50, M|100/100
|-weather|RainDance|[from] ability: Drizzle|[of] p2a: Pelipper
|turn|6
|
|t:|1784900212
|move|p2b: Primarina|Protect|p2b: Primarina
|-singleturn|p2b: Primarina|Protect
|move|p1b: Gardevoir|Hyper Voice|p2a: Pelipper|[spread] p2a
|-activate|p2b: Primarina|move: Protect
|-enditem|p2a: Pelipper|Focus Sash
|-damage|p2a: Pelipper|1/100
|move|p2a: Pelipper|Tailwind|p2a: Pelipper
|-sidestart|p2: DerpieHAHAHA|move: Tailwind
|move|p1a: Basculegion|Last Respects|p2a: Pelipper
|-damage|p2a: Pelipper|0 fnt
|faint|p2a: Pelipper
|
|-weather|RainDance|[upkeep]
|-fieldend|move: Psychic Terrain
|upkeep
|turn|7
|
|t:|1784900230
|move|p2b: Primarina|Icy Wind|p1a: Basculegion|[spread] p1a,p1b
|-resisted|p1a: Basculegion|1
|-damage|p1a: Basculegion|81/100
|-damage|p1b: Gardevoir|52/100
|-unboost|p1a: Basculegion|spe|1
|-unboost|p1b: Gardevoir|spe|1
|move|p1b: Gardevoir|Hyper Voice|p2b: Primarina
|-damage|p2b: Primarina|4/100
|-enditem|p2b: Primarina|Sitrus Berry|[eat]
|-heal|p2b: Primarina|29/100|[from] item: Sitrus Berry
|move|p1a: Basculegion|Last Respects|p2b: Primarina
|-damage|p2b: Primarina|0 fnt
|faint|p2b: Primarina
|
|win|pinkp0nguin
|inactive|pinkp0nguin has 30 seconds to confirm battle start!
|inactive|DerpieHAHAHA has 30 seconds to confirm battle start!
||pinkp0nguin is ready for game 2.
||DerpieHAHAHA is ready for game 2.
|uhtml|next|Next: Game 2 of 3
|l|☆pinkp0nguin
|player|p1|
|l|☆DerpieHAHAHA
|player|p2|
|j|☆pinkp0nguin
|player|p1|pinkp0nguin|cynthia-masters4|
