|j|☆dabby-lite
|j|☆roundybout
|html|dabby-literoundybout    
|uhtml|bestof|Game 1 of a best-of-3
|t:|1756234737
|gametype|doubles
|player|p1|dabby-lite|drayden|1199
|player|p2|roundybout|collector|1152
|gen|9
|tier|[Gen 9] VGC 2025 Reg H (Bo3)
|rated|
|rule|Species Clause: Limit one of each Pokémon
|rule|Item Clause: Limit 1 of each item
|clearpoke
|poke|p1|Basculegion-F, L50, F|
|poke|p1|Politoed, L50, F|
|poke|p1|Gothitelle, L50, M|
|poke|p1|Incineroar, L50, M|
|poke|p1|Amoonguss, L50, M|
|poke|p1|Archaludon, L50, F|
|poke|p2|Rillaboom, L50, M|
|poke|p2|Volcarona, L50, F|
|poke|p2|Kingambit, L50, M|
|poke|p2|Ninetales-Alola, L50, F|
|poke|p2|Basculegion, L50, M|
|poke|p2|Electabuzz, L50, F|
|teampreview|4
|showteam|p1|Basculegion-F||LifeOrb|SwiftSwim|Protect,MuddyWater,ShadowBall,IceBeam|||F|||50|,,,,,Stellar]Politoed||Leftovers|Drizzle|Protect,WeatherBall,Encore,PerishSong|||F|||50|,,,,,Grass]Gothitelle||SitrusBerry|ShadowTag|Protect,Psychic,TrickRoom,FakeOut|||M|||50|,,,,,Dark]Incineroar||SafetyGoggles|Intimidate|Protect,KnockOff,PartingShot,FakeOut|||M|||50|,,,,,Ghost]Amoonguss||EjectButton|Regenerator|Protect,PollenPuff,RagePowder,Spore|||M|||50|,,,,,Fairy]Archaludon||PowerHerb|Sturdy|Protect,ElectroShot,FlashCannon,DragonPulse|||F|||50|,,,,,Electric
|showteam|p2|Rillaboom||AssaultVest|GrassySurge|WoodHammer,GrassyGlide,HighHorsepower,FakeOut|||M|||50|,,,,,Fire]Volcarona||GrassySeed|FlameBody|HeatWave,GigaDrain,QuiverDance,Protect|||F|||50|,,,,,Grass]Kingambit||SafetyGoggles|Defiant|KowtowCleave,SuckerPunch,SwordsDance,Protect|||M|||50|,,,,,Dark]Ninetales-Alola||FocusSash|SnowWarning|Blizzard,Encore,Disable,Protect|||F|||50|,,,,,Ghost]Basculegion||ChoiceScarf|Adaptability|WaveCrash,LastRespects,FlipTurn,AquaJet|||M|||50|,,,,,Dragon]Electabuzz||Eviolite|VitalSpirit|Thunderbolt,FollowMe,Taunt,HelpingHand|||F|||50|,,,,,Fairy
|inactive|Battle timer is ON: inactive players will automatically lose when time's up. (requested by dabby-lite)
|inactive|dabby-lite has 60 seconds left.
|inactive|roundybout has 60 seconds left.
|inactive|roundybout has 30 seconds left.
|inactive|roundybout has 20 seconds left.
|
|t:|1756234811
|teamsize|p1|4
|teamsize|p2|4
|start
|switch|p1a: Archaludon|Archaludon, L50, F|100/100
|switch|p1b: Amoonguss|Amoonguss, L50, M|100/100
|switch|p2a: Kingambit|Kingambit, L50, M|100/100
|switch|p2b: Rillaboom|Rillaboom, L50, M|100/100
|-fieldstart|move: Grassy Terrain|[from] ability: Grassy Surge|[of] p2b: Rillaboom
|turn|1
|
|t:|1756234828
|move|p2b: Rillaboom|Fake Out|p1a: Archaludon
|-resisted|p1a: Archaludon
|-damage|p1a: Archaludon|94/100
|cant|p1a: Archaludon|flinch
|move|p2a: Kingambit|Swords Dance|p2a: Kingambit
|-boost|p2a: Kingambit|atk|2
|move|p1b: Amoonguss|Pollen Puff|p1a: Archaludon
|-heal|p1a: Archaludon|100/100
|
|upkeep
|turn|2
|
|t:|1756234849
|move|p1a: Archaludon|Electro Shot||[still]
|-prepare|p1a: Archaludon|Electro Shot
|-boost|p1a: Archaludon|spa|1
|-enditem|p1a: Archaludon|Power Herb
|-anim|p1a: Archaludon|Electro Shot|p2a: Kingambit
|-damage|p2a: Kingambit|37/100
|move|p2b: Rillaboom|High Horsepower|p1a: Archaludon
|-supereffective|p1a: Archaludon
|-damage|p1a: Archaludon|49/100
|move|p2a: Kingambit|Kowtow Cleave|p1a: Archaludon
|-damage|p1a: Archaludon|0 fnt
|faint|p1a: Archaludon
|move|p1b: Amoonguss|Pollen Puff|p1: Archaludon|[notarget]
|-fail|p1b: Amoonguss
|
|-heal|p2a: Kingambit|43/100|[from] Grassy Terrain
|upkeep
|
|t:|1756234860
|switch|p1a: Gothitelle|Gothitelle, L50, M|100/100
|turn|3
|
|t:|1756234873
|switch|p1b: Politoed|Politoed, L50, F|100/100
|-weather|RainDance|[from] ability: Drizzle|[of] p1b: Politoed
|move|p1a: Gothitelle|Fake Out|p2a: Kingambit
|-resisted|p2a: Kingambit
|-damage|p2a: Kingambit|41/100
|move|p2b: Rillaboom|Wood Hammer|p1a: Gothitelle
|-damage|p1a: Gothitelle|31/100
|-enditem|p1a: Gothitelle|Sitrus Berry|[eat]
|-heal|p1a: Gothitelle|56/100|[from] item: Sitrus Berry
|-damage|p2b: Rillaboom|81/100|[from] Recoil
|cant|p2a: Kingambit|flinch
|
|-weather|RainDance|[upkeep]
|-heal|p2b: Rillaboom|86/100|[from] Grassy Terrain
|-heal|p2a: Kingambit|46/100|[from] Grassy Terrain
|-heal|p1a: Gothitelle|62/100|[from] Grassy Terrain
|upkeep
|turn|4
|inactive|dabby-lite has 30 seconds left.
|
|t:|1756234898
|switch|p1a: Amoonguss|Amoonguss, L50, M|100/100
|move|p2b: Rillaboom|Wood Hammer|p1a: Amoonguss
|-resisted|p1a: Amoonguss
|-damage|p1a: Amoonguss|84/100
|-damage|p2b: Rillaboom|81/100|[from] Recoil
|-enditem|p1a: Amoonguss|Eject Button
|
|t:|1756234901
|switch|p1a: Gothitelle|Gothitelle, L50, M|62/100
|move|p1b: Politoed|Perish Song|p1b: Politoed
|-start|p1a: Gothitelle|perish3|[silent]
|-start|p1b: Politoed|perish3|[silent]
|-start|p2a: Kingambit|perish3|[silent]
|-start|p2b: Rillaboom|perish3|[silent]
|-fieldactivate|move: Perish Song
|move|p2a: Kingambit|Kowtow Cleave|p1b: Politoed
|-damage|p1b: Politoed|3/100
|
|-weather|RainDance|[upkeep]
|-heal|p2b: Rillaboom|86/100|[from] Grassy Terrain
|-heal|p1b: Politoed|9/100|[from] Grassy Terrain
|-heal|p1b: Politoed|15/100|[from] item: Leftovers
|-heal|p2a: Kingambit|52/100|[from] Grassy Terrain
|-heal|p1a: Gothitelle|68/100|[from] Grassy Terrain
|-start|p2b: Rillaboom|perish3
|-start|p1b: Politoed|perish3
|-start|p2a: Kingambit|perish3
|-start|p1a: Gothitelle|perish3
|upkeep
|turn|5
|
|t:|1756234917
|move|p1b: Politoed|Protect|p1b: Politoed
|-singleturn|p1b: Politoed|Protect
|move|p1a: Gothitelle|Fake Out|p2a: Kingambit
|-resisted|p2a: Kingambit
|-damage|p2a: Kingambit|50/100
|move|p2b: Rillaboom|Wood Hammer|p1a: Gothitelle
|-damage|p1a: Gothitelle|0 fnt
|faint|p1a: Gothitelle
|-damage|p2b: Rillaboom|67/100|[from] Recoil
|cant|p2a: Kingambit|flinch
|
|-weather|RainDance|[upkeep]
|-heal|p2b: Rillaboom|73/100|[from] Grassy Terrain
|-heal|p1b: Politoed|21/100|[from] Grassy Terrain
|-heal|p1b: Politoed|27/100|[from] item: Leftovers
|-heal|p2a: Kingambit|56/100|[from] Grassy Terrain
|-start|p2b: Rillaboom|perish2
|-start|p1b: Politoed|perish2
|-start|p2a: Kingambit|perish2
|-fieldend|move: Grassy Terrain
|upkeep
|-message|dabby-lite forfeited.
|
|win|roundybout
||dabby-lite is ready for game 2.
||roundybout is ready for game 2.
|uhtml|next|Next: Game 2 of 3
|l|☆dabby-lite
|player|p1|
