|j|☆bbull
|j|☆henryclayalt
|html|bbullhenryclayalt    
|uhtml|bestof|Game 1 of a best-of-3
|t:|1784518337
|gametype|doubles
|player|p1|bbull|bruno|
|player|p2|henryclayalt|n|
|gen|9
|tier|[Gen 9 Champions] VGC 2026 Reg M-B (Bo3)
|rule|Species Clause: Limit one of each Pokémon
|rule|Item Clause: Limit 1 of each item
|clearpoke
|poke|p1|Archaludon, L50, F|
|poke|p1|Politoed, L50, F|
|poke|p1|Weavile, L50, M|
|poke|p1|Dragonite, L50, M|
|poke|p1|Venusaur, L50, F|
|poke|p1|Sableye, L50, F|
|poke|p2|Whimsicott, L50, M|
|poke|p2|Toxicroak, L50, M|
|poke|p2|Palafin, L50, M|
|poke|p2|Rotom-Frost, L50|
|poke|p2|Froslass, L50, F|
|poke|p2|Arcanine-Hisui, L50, F|
|teampreview|4
|showteam|p1|Archaludon||SitrusBerry|Stamina|ElectroShot,FlashCannon,Protect,DragonPulse|Modest||F|||50|]Politoed||Leftovers|Drizzle|IcyWind,Protect,IceBeam,WeatherBall|Calm||F|||50|]Weavile||FocusSash|Pickpocket|TripleAxel,LowKick,Protect,FakeOut|Jolly||M|||50|]Dragonite||Dragoninite|Multiscale|Tailwind,Hurricane,Protect,DragonPulse|Quiet||M|||50|]Venusaur||Venusaurite|Overgrow|SleepPowder,Protect,SludgeBomb,GigaDrain|Modest||F|||50|]Sableye||MentalHerb|Prankster|FakeOut,Protect,WillOWisp,LightScreen|Careful||F|||50|
|showteam|p2|Whimsicott||FairyFeather|Prankster|Tailwind,Encore,Moonblast,Taunt|Bold||M|||50|]Toxicroak||FocusSash|DrySkin|FakeOut,CloseCombat,VacuumWave,SwordsDance|Hasty||M|||50|]Palafin||ChoiceScarf|ZerotoHero|FlipTurn,CloseCombat,IronHead,WaveCrash|Jolly||M|||50|]Rotom-Frost||NeverMeltIce|Levitate|Blizzard,Thunderbolt,ThunderWave,EerieImpulse|Timid|||||50|]Froslass||Froslassite|SnowCloak|Blizzard,ShadowBall,Thunder,Protect|Timid||F|||50|]Arcanine-Hisui||PasshoBerry|Intimidate|HeadSmash,ExtremeSpeed,FlareBlitz,WildCharge|Jolly||F|||50|
|inactive|Battle timer is ON: inactive players will automatically lose when time's up. (requested by bbull)
|
|t:|1784518357
|teamsize|p1|4
|teamsize|p2|4
|start
|switch|p1a: Venusaur|Venusaur, L50, F|100/100
|switch|p1b: Politoed|Politoed, L50, F|100/100
|switch|p2a: Palafin|Palafin, L50, M|100/100
|switch|p2b: Toxicroak|Toxicroak, L50, M|100/100
|-weather|RainDance|[from] ability: Drizzle|[of] p1b: Politoed
|turn|1
|inactive|bbull has 30 seconds left.
|inactive|henryclayalt has 30 seconds left.
|inactive|bbull has 20 seconds left.
|inactive|bbull has 15 seconds left.
|
|t:|1784518399
|switch|p1b: Weavile|Weavile, L50, M|100/100
|detailschange|p1a: Venusaur|Venusaur-Mega, L50, F
|-mega|p1a: Venusaur|Venusaur|Venusaurite
|move|p1a: Venusaur|Protect|p1a: Venusaur
|-singleturn|p1a: Venusaur|Protect
|move|p2b: Toxicroak|Fake Out|p1a: Venusaur
|-activate|p1a: Venusaur|move: Protect
|move|p2a: Palafin|Flip Turn|p1a: Venusaur
|-activate|p1a: Venusaur|move: Protect
|
|-weather|RainDance|[upkeep]
|upkeep
|turn|2
|inactive|bbull has 30 seconds left.
|inactive|bbull has 20 seconds left.
|inactive|bbull has 15 seconds left.
|
|t:|1784518440
|move|p1b: Weavile|Fake Out|p2b: Toxicroak
|-damage|p2b: Toxicroak|75/100
|cant|p2b: Toxicroak|flinch
|move|p2a: Palafin|Flip Turn|p1b: Weavile
|-damage|p1b: Weavile|42/100
|
|t:|1784518447
|detailschange|p2a: Palafin|Palafin-Hero, L50, M
|switch|p2a: Whimsicott|Whimsicott, L50, M|100/100|[from] Flip Turn
|move|p1a: Venusaur|Giga Drain|p2a: Whimsicott
|-resisted|p2a: Whimsicott|1
|-damage|p2a: Whimsicott|73/100
|
|-weather|RainDance|[upkeep]
|-heal|p2b: Toxicroak|87/100|[from] ability: Dry Skin
|upkeep
|turn|3
|inactive|bbull has 30 seconds left.
|inactive|henryclayalt has 30 seconds left.
|inactive|bbull has 20 seconds left.
|inactive|bbull has 15 seconds left.
|inactive|bbull has 10 seconds left.
|
|t:|1784518494
|move|p2b: Toxicroak|Vacuum Wave|p1b: Weavile
|-supereffective|p1b: Weavile|2
|-damage|p1b: Weavile|0 fnt
|faint|p1b: Weavile
|move|p2a: Whimsicott|Encore|p1a: Venusaur
|-start|p1a: Venusaur|Encore
|move|p1a: Venusaur|Giga Drain|p2a: Whimsicott
|-resisted|p2a: Whimsicott|1
|-damage|p2a: Whimsicott|49/100
|
|-weather|RainDance|[upkeep]
|-heal|p2b: Toxicroak|99/100|[from] ability: Dry Skin
|upkeep
|
|t:|1784518505
|switch|p1b: Archaludon|Archaludon, L50, F|100/100
|turn|4
|inactive|bbull has 30 seconds left.
|inactive|bbull has 20 seconds left.
|inactive|bbull has 15 seconds left.
|inactive|bbull has 10 seconds left.
|inactive|bbull has 5 seconds left.
|
|t:|1784518556
|switch|p1a: Politoed|Politoed, L50, F|100/100
|move|p1b: Archaludon|Protect|p1b: Archaludon
|-singleturn|p1b: Archaludon|Protect
|move|p2a: Whimsicott|Tailwind|p2a: Whimsicott
|-sidestart|p2: henryclayalt|move: Tailwind
|move|p2b: Toxicroak|Swords Dance|p2b: Toxicroak
|-boost|p2b: Toxicroak|atk|2
|
|-weather|RainDance|[upkeep]
|-heal|p2b: Toxicroak|100/100|[from] ability: Dry Skin
|upkeep
|turn|5
|inactive|bbull has 30 seconds left.
|inactive|bbull has 20 seconds left.
|inactive|bbull has 15 seconds left.
|
|t:|1784518598
|switch|p1b: Venusaur|Venusaur-Mega, L50, F|100/100
|move|p2b: Toxicroak|Close Combat|p1b: Venusaur
|-resisted|p1b: Venusaur|1
|-damage|p1b: Venusaur|57/100
|-unboost|p2b: Toxicroak|def|1
|-unboost|p2b: Toxicroak|spd|1
|move|p2a: Whimsicott|Moonblast|p1b: Venusaur
|-resisted|p1b: Venusaur|1
|-damage|p1b: Venusaur|44/100
|move|p1a: Politoed|Ice Beam|p2a: Whimsicott
|-supereffective|p2a: Whimsicott|1
|-damage|p2a: Whimsicott|0 fnt
|faint|p2a: Whimsicott
|
|-weather|none
|upkeep
|
|t:|1784518612
|switch|p2a: Froslass|Froslass, L50, F|100/100
|turn|6
|
|t:|1784518636
|detailschange|p2a: Froslass|Froslass-Mega, L50, F
|-mega|p2a: Froslass|Froslass|Froslassite
|-weather|Snowscape|[from] ability: Snow Warning|[of] p2a: Froslass
|move|p1a: Politoed|Protect|p1a: Politoed
|-singleturn|p1a: Politoed|Protect
|move|p2a: Froslass|Blizzard|p1b: Venusaur|[spread] p1b
|-activate|p1a: Politoed|move: Protect
|-supereffective|p1b: Venusaur|1
|-damage|p1b: Venusaur|10/100
|move|p2b: Toxicroak|Close Combat|p1b: Venusaur
|-resisted|p1b: Venusaur|1
|-damage|p1b: Venusaur|0 fnt
|-unboost|p2b: Toxicroak|def|1
|-unboost|p2b: Toxicroak|spd|1
|faint|p1b: Venusaur
|
|-weather|Snowscape|[upkeep]
|upkeep
|-message|bbull forfeited.
|
|win|henryclayalt
|l|☆bbull
|player|p1|
