|j|☆Gardevoir's Slave
|j|☆entei enthusiast
|html|Gardevoir's Slaveentei enthusiast    
|uhtml|bestof|Game 2 of a best-of-3
|t:|1783569001
|gametype|doubles
|player|p1|Gardevoir's Slave|acetrainer-gen4dp|1198
|player|p2|entei enthusiast|kamado-armor|1169
|gen|9
|tier|[Gen 9 Champions] VGC 2026 Reg M-B (Bo3)
|rated|
|rule|Species Clause: Limit one of each Pokémon
|rule|Item Clause: Limit 1 of each item
|clearpoke
|poke|p1|Gholdengo, L50|
|poke|p1|Grimmsnarl, L50, M|
|poke|p1|Sinistcha, L50|
|poke|p1|Drampa, L50, F|
|poke|p1|Milotic, L50, M|
|poke|p1|Greninja, L50, M|
|poke|p2|Garchomp, L50, M|
|poke|p2|Venusaur, L50, F|
|poke|p2|Incineroar, L50, F|
|poke|p2|Charizard, L50, F|
|poke|p2|Toxapex, L50, F|
|poke|p2|Annihilape, L50, F|
|teampreview|4
|showteam|p1|Gholdengo||LifeOrb|GoodasGold|MakeItRain,ShadowBall,NastyPlot,Protect|Timid|||||50|]Grimmsnarl||LightClay|Prankster|LightScreen,Reflect,SpiritBreak,PartingShot|Careful||M|||50|]Sinistcha||SitrusBerry|Hospitality|MatchaGotcha,RagePowder,TrickRoom,Protect|Relaxed|||||50|]Drampa||Drampanite|CloudNine|HyperVoice,EarthPower,CalmMind,Protect|Quiet||F|||50|]Milotic||Leftovers|Competitive|MuddyWater,Coil,Hypnosis,Protect|Bold||M|||50|]Greninja||ExpertBelt|Torrent|Liquidation,GunkShot,IceBeam,Protect|Lonely||M|||50|
|showteam|p2|Garchomp||ChoiceScarf|RoughSkin|Earthquake,RockSlide,DragonClaw,StompingTantrum|Adamant||M|||50|]Venusaur||LifeOrb|Chlorophyll|SludgeBomb,SolarBeam,EarthPower,Protect|Modest||F|||50|]Incineroar||SitrusBerry|Intimidate|FakeOut,FlareBlitz,ThroatChop,PartingShot|Impish||F|||50|]Charizard||CharizarditeY|Blaze|HeatWave,WeatherBall,Protect,HelpingHand|Modest||F|||50|]Toxapex||Leftovers|Regenerator|Infestation,Toxic,WideGuard,BanefulBunker|Impish||F|||50|]Annihilape||FocusSash|Defiant|CloseCombat,PhantomForce,RockTomb,Protect|Jolly||F|||50|
|inactive|Battle timer is ON: inactive players will automatically lose when time's up. (requested by entei enthusiast)
|inactive|Gardevoir's Slave has 60 seconds left.
|inactive|entei enthusiast has 60 seconds left.
|
|t:|1783569053
|teamsize|p1|4
|teamsize|p2|4
|start
|switch|p1a: Drampa|Drampa, L50, F|100/100
|switch|p1b: Greninja|Greninja, L50, M|100/100
|switch|p2a: Annihilape|Annihilape, L50, F|100/100
|switch|p2b: Toxapex|Toxapex, L50, F|100/100
|-ability|p1a: Drampa|Cloud Nine
|turn|1
|inactive|entei enthusiast has 30 seconds left.
|
|t:|1783569083
|switch|p1a: Gholdengo|Gholdengo, L50|100/100
|move|p1b: Greninja|Liquidation|p2a: Annihilape
|-damage|p2a: Annihilape|56/100
|move|p2a: Annihilape|Close Combat|p1b: Greninja
|-supereffective|p1b: Greninja|1
|-damage|p1b: Greninja|0 fnt
|-unboost|p2a: Annihilape|def|1
|-unboost|p2a: Annihilape|spd|1
|faint|p1b: Greninja
|move|p2b: Toxapex|Toxic|p1a: Gholdengo
|-immune|p1a: Gholdengo|[from] ability: Good as Gold
|
|upkeep
|inactive|Gardevoir's Slave has 30 seconds left.
|
|t:|1783569114
|switch|p1b: Sinistcha|Sinistcha, L50|100/100
|turn|2
|
|t:|1783569125
|switch|p2b: Charizard|Charizard, L50, F|100/100
|move|p2a: Annihilape|Phantom Force||[still]
|-prepare|p2a: Annihilape|Phantom Force
|move|p1a: Gholdengo|Nasty Plot|p1a: Gholdengo
|-boost|p1a: Gholdengo|spa|2
|move|p1b: Sinistcha|Trick Room|p1b: Sinistcha
|-fieldstart|move: Trick Room|[of] p1b: Sinistcha
|
|upkeep
|turn|3
|inactive|entei enthusiast has 30 seconds left.
|
|t:|1783569152
|detailschange|p2b: Charizard|Charizard-Mega-Y, L50, F
|-mega|p2b: Charizard|Charizard|Charizardite Y
|-weather|SunnyDay|[from] ability: Drought|[of] p2b: Charizard
|move|p2b: Charizard|Helping Hand|p2a: Annihilape
|-singleturn|p2a: Annihilape|Helping Hand|[of] p2b: Charizard
|move|p1a: Gholdengo|Protect|p1a: Gholdengo
|-singleturn|p1a: Gholdengo|Protect
|move|p1b: Sinistcha|Rage Powder|p1b: Sinistcha
|-singleturn|p1b: Sinistcha|move: Rage Powder
|move|p2a: Annihilape|Phantom Force|p1b: Sinistcha|[from] lockedmove
|-supereffective|p1b: Sinistcha|1
|-damage|p1b: Sinistcha|7/100
|-enditem|p1b: Sinistcha|Sitrus Berry|[eat]
|-heal|p1b: Sinistcha|32/100|[from] item: Sitrus Berry
|
|-weather|SunnyDay|[upkeep]
|upkeep
|turn|4
|inactive|entei enthusiast has 30 seconds left.
|inactive|entei enthusiast has 20 seconds left.
|inactive|entei enthusiast has 15 seconds left.
|inactive|entei enthusiast has 10 seconds left.
|
|t:|1783569198
|move|p2b: Charizard|Protect|p2b: Charizard
|-singleturn|p2b: Charizard|Protect
|move|p2a: Annihilape|Protect|p2a: Annihilape
|-singleturn|p2a: Annihilape|Protect
|move|p1b: Sinistcha|Matcha Gotcha|p2a: Annihilape|[spread] 
|-activate|p2a: Annihilape|move: Protect
|-activate|p2b: Charizard|move: Protect
|move|p1a: Gholdengo|Shadow Ball|p2b: Charizard
|-activate|p2b: Charizard|move: Protect
|
|-weather|SunnyDay|[upkeep]
|upkeep
|turn|5
|
|t:|1783569213
|switch|p2b: Toxapex|Toxapex, L50, F|100/100
|move|p1b: Sinistcha|Matcha Gotcha|p2a: Annihilape|[spread] p2a,p2b
|-damage|p2a: Annihilape|15/100
|-heal|p1b: Sinistcha|53/100|[from] drain|[of] p2a: Annihilape
|-damage|p2b: Toxapex|82/100
|-heal|p1b: Sinistcha|61/100|[from] drain|[of] p2b: Toxapex
|move|p1a: Gholdengo|Shadow Ball|p2b: Toxapex
|-damage|p2b: Toxapex|0 fnt
|faint|p2b: Toxapex
|-damage|p1a: Gholdengo|90/100|[from] item: Life Orb
|move|p2a: Annihilape|Phantom Force||[still]
|-prepare|p2a: Annihilape|Phantom Force
|
|-weather|SunnyDay|[upkeep]
|upkeep
|
|t:|1783569238
|switch|p2b: Venusaur|Venusaur, L50, F|100/100
|turn|6
|inactive|Gardevoir's Slave has 30 seconds left.
|inactive|Gardevoir's Slave has 20 seconds left.
|inactive|Gardevoir's Slave has 15 seconds left.
|
|t:|1783569283
|move|p2b: Venusaur|Protect|p2b: Venusaur
|-singleturn|p2b: Venusaur|Protect
|move|p1b: Sinistcha|Matcha Gotcha|p2b: Venusaur|[spread] 
|-miss|p1b: Sinistcha|p2a: Annihilape
|-activate|p2b: Venusaur|move: Protect
|move|p1a: Gholdengo|Shadow Ball|p2b: Venusaur
|-activate|p2b: Venusaur|move: Protect
|move|p2a: Annihilape|Phantom Force|p1a: Gholdengo|[from] lockedmove
|-supereffective|p1a: Gholdengo|1
|-damage|p1a: Gholdengo|0 fnt
|faint|p1a: Gholdengo
|
|-weather|SunnyDay|[upkeep]
|-fieldend|move: Trick Room
|upkeep
|
|t:|1783569292
|switch|p1a: Drampa|Drampa, L50, F|100/100
|-ability|p1a: Drampa|Cloud Nine
|turn|7
|inactive|entei enthusiast has 30 seconds left.
|inactive|entei enthusiast has 20 seconds left.
|inactive|entei enthusiast has 15 seconds left.
|
|t:|1783569336
|move|p2a: Annihilape|Rock Tomb|p1b: Sinistcha
|-damage|p1b: Sinistcha|46/100
|-unboost|p1b: Sinistcha|spe|1
|move|p2b: Venusaur|Sludge Bomb|p1b: Sinistcha
|-damage|p1b: Sinistcha|0 fnt
|faint|p1b: Sinistcha
|-damage|p2b: Venusaur|90/100|[from] item: Life Orb
|move|p1a: Drampa|Hyper Voice|p2a: Annihilape|[spread] p2b
|-immune|p2a: Annihilape
|-damage|p2b: Venusaur|46/100
|
|-weather|none
|upkeep
|turn|8
|
|t:|1783569349
|detailschange|p1a: Drampa|Drampa-Mega, L50, F
|-mega|p1a: Drampa|Drampa|Drampanite
|move|p2a: Annihilape|Close Combat|p1a: Drampa
|-supereffective|p1a: Drampa|1
|-damage|p1a: Drampa|0 fnt
|-unboost|p2a: Annihilape|def|1
|-unboost|p2a: Annihilape|spd|1
|faint|p1a: Drampa
|
|win|entei enthusiast
|raw|Gardevoir's Slave's rating: 1198 → 1171(-27 for losing)
|raw|entei enthusiast's rating: 1169 → 1196(+27 for winning)
