|j|☆pulidios
|j|☆dropddead
|html|pulidiosdropddead    
|uhtml|bestof|Game 3 of a best-of-3
|t:|1785090005
|gametype|doubles
|player|p1|pulidios|102|1167
|player|p2|dropddead|101|1167
|gen|9
|tier|[Gen 9 Champions] VGC 2026 Reg M-B (Bo3)
|rated|
|rule|Species Clause: Limit one of each Pokémon
|rule|Item Clause: Limit 1 of each item
|clearpoke
|poke|p1|Kingambit, L50, F|
|poke|p1|Charizard, L50, F|
|poke|p1|Sylveon, L50, F|
|poke|p1|Farigiraf, L50, M|
|poke|p1|Garchomp, L50, M|
|poke|p1|Aerodactyl, L50, M|
|poke|p2|Staraptor, L50, M|
|poke|p2|Vanilluxe, L50, F|
|poke|p2|Farigiraf, L50, M|
|poke|p2|Blastoise, L50, M|
|poke|p2|Kingambit, L50, F|
|poke|p2|Camerupt, L50, M|
|teampreview|4
|showteam|p1|Kingambit||FocusSash|Defiant|SuckerPunch,KowtowCleave,IronHead,LowKick|Adamant||F|||50|]Charizard||CharizarditeY|SolarPower|WeatherBall,HeatWave,SolarBeam,Protect|Modest||F|||50|]Sylveon||FairyFeather|Pixilate|Protect,HyperVoice,HyperBeam,QuickAttack|Modest||F|||50|]Farigiraf||SitrusBerry|ArmorTail|TwinBeam,Thunderbolt,TrickRoom,GrassKnot|Bold||M|||50|]Garchomp||LifeOrb|RoughSkin|Protect,DragonClaw,Earthquake,StompingTantrum|Jolly||M|||50|]Aerodactyl||Aerodactylite|Unnerve|DualWingbeat,Tailwind,RockSlide,IceFang|Jolly||M|||50|
|showteam|p2|Staraptor||ChoiceScarf|Intimidate|FinalGambit,BraveBird,CloseCombat,Uturn|Jolly||M|||50|]Vanilluxe||NeverMeltIce|SnowWarning|Blizzard,FreezeDry,Protect,IceShard|Quiet||F|||50|]Farigiraf||SitrusBerry|ArmorTail|PsychicFangs,HyperVoice,HelpingHand,TrickRoom|Relaxed||M|||50|]Blastoise||Blastoisinite|RainDish|FakeOut,WaterSpout,AuraSphere,DarkPulse|Quiet||M|||50|]Kingambit||LifeOrb|Defiant|KowtowCleave,IronHead,Protect,SuckerPunch|Brave||F|||50|]Camerupt||Cameruptite|SolidRock|HeatWave,EarthPower,Protect,AncientPower|Quiet||M|||50|
|inactive|Battle timer is ON: inactive players will automatically lose when time's up. (requested by pulidios)
|
|t:|1785090053
|teamsize|p1|4
|teamsize|p2|4
|start
|switch|p1a: RRRRoberta|Farigiraf, L50, M|100/100
|switch|p1b: Sylveon|Sylveon, L50, F|100/100
|switch|p2a: Farigiraf|Farigiraf, L50, M|100/100
|switch|p2b: Blastoise|Blastoise, L50, M|100/100
|turn|1
|
|t:|1785090073
|detailschange|p2b: Blastoise|Blastoise-Mega, L50, M
|-mega|p2b: Blastoise|Blastoise|Blastoisinite
|move|p2a: Farigiraf|Helping Hand|p2b: Blastoise
|-singleturn|p2b: Blastoise|Helping Hand|[of] p2a: Farigiraf
|move|p2b: Blastoise|Water Spout|p1a: RRRRoberta|[spread] p1a,p1b
|-damage|p1a: RRRRoberta|6/100
|-damage|p1b: Sylveon|26/100
|-enditem|p1a: RRRRoberta|Sitrus Berry|[eat]
|-heal|p1a: RRRRoberta|31/100|[from] item: Sitrus Berry
|move|p1b: Sylveon|Hyper Voice|p2a: Farigiraf|[spread] p2a,p2b
|-damage|p2a: Farigiraf|54/100
|-damage|p2b: Blastoise|61/100
|move|p1a: RRRRoberta|Thunderbolt|p2b: Blastoise
|-supereffective|p2b: Blastoise|1
|-damage|p2b: Blastoise|21/100
|
|upkeep
|turn|2
|inactive|pulidios has 30 seconds left.
|inactive|dropddead has 30 seconds left.
|inactive|pulidios has 20 seconds left.
|inactive|pulidios has 15 seconds left.
|inactive|pulidios has 10 seconds left.
|inactive|pulidios has 5 seconds left.
|
|t:|1785090124
|switch|p1a: Juan Miguel|Kingambit, L50, F|100/100
|move|p2b: Blastoise|Dark Pulse|p1a: Juan Miguel
|-resisted|p1a: Juan Miguel|1
|-damage|p1a: Juan Miguel|75/100
|move|p1b: Sylveon|Hyper Voice|p2a: Farigiraf|[spread] p2a,p2b
|-damage|p2a: Farigiraf|12/100
|-damage|p2b: Blastoise|0 fnt
|-enditem|p2a: Farigiraf|Sitrus Berry|[eat]
|-heal|p2a: Farigiraf|37/100|[from] item: Sitrus Berry
|faint|p2b: Blastoise
|move|p2a: Farigiraf|Hyper Voice|p1a: Juan Miguel|[spread] p1a,p1b
|-resisted|p1a: Juan Miguel|1
|-damage|p1a: Juan Miguel|60/100
|-damage|p1b: Sylveon|6/100
|
|upkeep
|
|t:|1785090141
|switch|p2b: Kingambit|Kingambit, L50, F|100/100
|turn|3
|inactive|dropddead has 30 seconds left.
|
|t:|1785090167
|move|p2b: Kingambit|Sucker Punch|p1b: Sylveon
|-resisted|p1b: Sylveon|1
|-damage|p1b: Sylveon|0 fnt
|faint|p1b: Sylveon
|-damage|p2b: Kingambit|90/100|[from] item: Life Orb
|move|p1a: Juan Miguel|Low Kick|p2b: Kingambit
|-supereffective|p2b: Kingambit|2
|-damage|p2b: Kingambit|0 fnt
|faint|p2b: Kingambit
|move|p2a: Farigiraf|Trick Room|p2a: Farigiraf
|-fieldstart|move: Trick Room|[of] p2a: Farigiraf
|
|upkeep
|inactive|pulidios has 30 seconds left.
|inactive|pulidios has 20 seconds left.
|inactive|pulidios has 15 seconds left.
|inactive|pulidios has 10 seconds left.
|
|t:|1785090216
|switch|p2b: Camerupt|Camerupt, L50, M|100/100
|switch|p1b: RRRRoberta|Farigiraf, L50, M|31/100
|turn|4
|inactive|pulidios has 30 seconds left.
|inactive|pulidios has 20 seconds left.
|inactive|pulidios has 15 seconds left.
|
|t:|1785090256
|switch|p1a: Salchizard|Charizard, L50, F|100/100
|move|p2a: Farigiraf|Helping Hand|p2b: Camerupt
|-singleturn|p2b: Camerupt|Helping Hand|[of] p2a: Farigiraf
|move|p2b: Camerupt|Heat Wave|p1b: RRRRoberta|[spread] p1a,p1b
|-resisted|p1a: Salchizard|1
|-damage|p1a: Salchizard|71/100
|-damage|p1b: RRRRoberta|0 fnt
|faint|p1b: RRRRoberta
|
|upkeep
|
|t:|1785090263
|switch|p1b: Juan Miguel|Kingambit, L50, F|60/100
|turn|5
|inactive|pulidios has 30 seconds left.
|inactive|pulidios has 20 seconds left.
|inactive|pulidios has 15 seconds left.
|
|t:|1785090303
|detailschange|p1a: Salchizard|Charizard-Mega-Y, L50, F
|-mega|p1a: Salchizard|Charizard|Charizardite Y
|-weather|SunnyDay|[from] ability: Drought|[of] p1a: Salchizard
|move|p2a: Farigiraf|Helping Hand|p2b: Camerupt
|-singleturn|p2b: Camerupt|Helping Hand|[of] p2a: Farigiraf
|move|p2b: Camerupt|Heat Wave|p1a: Salchizard|[spread] p1a
|-miss|p2b: Camerupt|p1b: Juan Miguel
|-resisted|p1a: Salchizard|1
|-damage|p1a: Salchizard|36/100
|move|p1b: Juan Miguel|Iron Head|p2b: Camerupt
|-resisted|p2b: Camerupt|1
|-damage|p2b: Camerupt|66/100
|move|p1a: Salchizard|Heat Wave|p2b: Camerupt|[spread] p2a,p2b
|-crit|p2a: Farigiraf
|-resisted|p2b: Camerupt|1
|-damage|p2a: Farigiraf|0 fnt
|-damage|p2b: Camerupt|27/100
|faint|p2a: Farigiraf
|
|-weather|SunnyDay|[upkeep]
|upkeep
|turn|6
|c|☆dropddead|Oof that miss is rough
|inactive|pulidios has 30 seconds left.
|c|☆pulidios|bad luck
|c|☆dropddead|That lost me it
|inactive|pulidios has 20 seconds left.
|
|t:|1785090341
|move|p1b: Juan Miguel|Sucker Punch|p2b: Camerupt
|-damage|p2b: Camerupt|0 fnt
|faint|p2b: Camerupt
|
|win|pulidios
|raw|pulidios's rating: 1167 → 1192(+25 for winning)
|raw|dropddead's rating: 1167 → 1142(-25 for losing)
