|j|☆eutherians
|j|☆owbd
|html|eutheriansowbd    
|uhtml|bestof|Game 1 of a best-of-3
|t:|1757921161
|gametype|doubles
|player|p1|eutherians|169|1165
|player|p2|owbd|cynthia-gen4|1214
|gen|9
|tier|[Gen 9] VGC 2025 Reg H (Bo3)
|rated|
|rule|Species Clause: Limit one of each Pokémon
|rule|Item Clause: Limit 1 of each item
|clearpoke
|poke|p1|Ribombee, L50, F|
|poke|p1|Archaludon, L50, M|
|poke|p1|Annihilape, L50, M|
|poke|p1|Indeedee, L50, M|
|poke|p1|Incineroar, L50, M|
|poke|p1|Ninetales-Alola, L50, M|
|poke|p2|Murkrow, L50, F|
|poke|p2|Gholdengo, L50|
|poke|p2|Sneasler, L50, F|
|poke|p2|Indeedee, L50, M|
|poke|p2|Annihilape, L50, M|
|poke|p2|Garchomp, L50, F|
|teampreview|4
|showteam|p1|Ribombee||FocusSash|ShieldDust|Moonblast,Tailwind,FakeTears,Protect|||F|||50|,,,,,Fairy]Archaludon||PowerHerb|Sturdy|ElectroShot,DracoMeteor,Thunderbolt,Protect|||M|||50|,,,,,Electric]Annihilape||SafetyGoggles|Defiant|RageFist,CloseCombat,FinalGambit,Taunt|||M|||50|,,,,,Fire]Indeedee||ChoiceSpecs|PsychicSurge|HealingWish,TeraBlast,Trick,DazzlingGleam|||M|||50|,,,,,Psychic]Incineroar||AssaultVest|Intimidate|FakeOut,FlareBlitz,KnockOff,Uturn|||M|||50|,,,,,Grass]Ninetales-Alola||LifeOrb|SnowWarning|Blizzard,FreezeDry,Moonblast,Protect|||M|||50|,,,,,Ice
|showteam|p2|Murkrow||Eviolite|Prankster|FoulPlay,SunnyDay,Haze,Tailwind|||F|||50|,,,,,Ghost]Gholdengo||ChoiceSpecs|GoodasGold|MakeItRain,ShadowBall,PowerGem,Trick||||||50|,,,,,Steel]Sneasler||PsychicSeed|Unburden|DireClaw,CloseCombat,ThroatChop,Protect|||F|||50|,,,,,Dark]Indeedee||FocusSash|PsychicSurge|ExpandingForce,TrickRoom,Imprison,Protect|||M|||50|,,,,,Psychic]Annihilape||SafetyGoggles|Defiant|RageFist,CloseCombat,FinalGambit,Taunt|||M|||50|,,,,,Water]Garchomp||LifeOrb|RoughSkin|DragonClaw,StompingTantrum,Earthquake,Protect|||F|||50|,,,,,Ground
|
|t:|1757921207
|teamsize|p1|4
|teamsize|p2|4
|start
|switch|p1a: Ribombee|Ribombee, L50, F|100/100
|switch|p1b: Incineroar|Incineroar, L50, M|100/100
|switch|p2a: Gholdengo|Gholdengo, L50|100/100
|switch|p2b: Murkrow|Murkrow, L50, F|100/100
|-ability|p1b: Incineroar|Intimidate|boost
|-unboost|p2a: Gholdengo|atk|1
|-unboost|p2b: Murkrow|atk|1
|turn|1
|
|t:|1757921219
|move|p2b: Murkrow|Tailwind|p2b: Murkrow
|-sidestart|p2: owbd|move: Tailwind
|move|p2a: Gholdengo|Make It Rain|p1a: Ribombee|[spread] p1a,p1b
|-supereffective|p1a: Ribombee
|-resisted|p1b: Incineroar
|-enditem|p1a: Ribombee|Focus Sash
|-damage|p1a: Ribombee|1/100
|-damage|p1b: Incineroar|76/100
|-unboost|p2a: Gholdengo|spa|1
|move|p1a: Ribombee|Tailwind|p1a: Ribombee
|-sidestart|p1: eutherians|move: Tailwind
|move|p1b: Incineroar|Flare Blitz|p2a: Gholdengo
|-supereffective|p2a: Gholdengo
|-damage|p2a: Gholdengo|0 fnt
|faint|p2a: Gholdengo
|-damage|p1b: Incineroar|47/100|[from] Recoil
|
|upkeep
|
|t:|1757921234
|switch|p2a: Garchomp|Garchomp, L50, F|100/100
|turn|2
|
|t:|1757921250
|-terastallize|p1a: Ribombee|Fairy
|-terastallize|p2a: Garchomp|Ground
|move|p1a: Ribombee|Moonblast|p2a: Garchomp
|-damage|p2a: Garchomp|40/100
|move|p2a: Garchomp|Earthquake|p1b: Incineroar|[spread] p1a,p1b
|-immune|p2b: Murkrow
|-supereffective|p1b: Incineroar
|-damage|p1a: Ribombee|0 fnt
|-damage|p1b: Incineroar|0 fnt
|faint|p1a: Ribombee
|faint|p1b: Incineroar
|-damage|p2a: Garchomp|31/100|[from] item: Life Orb
|move|p2b: Murkrow|Foul Play|p1: Ribombee|[notarget]
|-fail|p2b: Murkrow
|
|upkeep
|
|t:|1757921260
|switch|p1a: Ninetales|Ninetales-Alola, L50, M|100/100
|switch|p1b: Indeedee|Indeedee, L50, M|100/100
|-weather|Snowscape|[from] ability: Snow Warning|[of] p1a: Ninetales
|-fieldstart|move: Psychic Terrain|[from] ability: Psychic Surge|[of] p1b: Indeedee
|turn|3
|
|t:|1757921273
|switch|p2b: Indeedee|Indeedee, L50, M|100/100
|move|p2a: Garchomp|Protect|p2a: Garchomp
|-singleturn|p2a: Garchomp|Protect
|move|p1a: Ninetales|Blizzard|p2a: Garchomp|[spread] p2b
|-activate|p2a: Garchomp|move: Protect
|-damage|p2b: Indeedee|40/100
|-damage|p1a: Ninetales|91/100|[from] item: Life Orb
|move|p1b: Indeedee|Dazzling Gleam|p2a: Garchomp|[spread] p2b
|-activate|p2a: Garchomp|move: Protect
|-damage|p2b: Indeedee|3/100
|
|-weather|Snowscape|[upkeep]
|upkeep
|turn|4
|
|t:|1757921292
|move|p2a: Garchomp|Protect||[still]
|-fail|p2a: Garchomp
|move|p1a: Ninetales|Blizzard|p2b: Indeedee|[spread] p2a,p2b
|-supereffective|p2a: Garchomp
|-damage|p2a: Garchomp|0 fnt
|-damage|p2b: Indeedee|0 fnt
|faint|p2a: Garchomp
|faint|p2b: Indeedee
|-damage|p1a: Ninetales|82/100|[from] item: Life Orb
|move|p1b: Indeedee|Dazzling Gleam|p2: Garchomp|[notarget]
|-fail|p1b: Indeedee
|
|-weather|Snowscape|[upkeep]
|-sideend|p1: eutherians|move: Tailwind
|-sideend|p2: owbd|move: Tailwind
|upkeep
|
|t:|1757921304
|switch|p2b: Murkrow|Murkrow, L50, F|100/100
|turn|5
|
|t:|1757921315
|move|p1a: Ninetales|Blizzard|p2b: Murkrow
|-supereffective|p2b: Murkrow
|-damage|p2b: Murkrow|10/100
|-damage|p1a: Ninetales|72/100|[from] item: Life Orb
|move|p1b: Indeedee|Dazzling Gleam|p2b: Murkrow
|-supereffective|p2b: Murkrow
|-damage|p2b: Murkrow|0 fnt
|faint|p2b: Murkrow
|
|win|eutherians
||owbd is ready for game 2.
||eutherians is ready for game 2.
|uhtml|next|Next: Game 2 of 3
|l|☆eutherians
|player|p1|
