|j|☆randomguy1114s
|j|☆Liam Westland
|html|randomguy1114sLiam Westland    
|uhtml|bestof|Game 2 of a best-of-3
|t:|1756273466
|gametype|doubles
|player|p1|randomguy1114s|lillie-masters|1197
|player|p2|Liam Westland|red|1374
|gen|9
|tier|[Gen 9] VGC 2025 Reg H (Bo3)
|rated|
|rule|Species Clause: Limit one of each Pokémon
|rule|Item Clause: Limit 1 of each item
|clearpoke
|poke|p1|Ninetales-Alola, L50, M|
|poke|p1|Arcanine-Hisui, L50, M|
|poke|p1|Dragonite, L50, M|
|poke|p1|Indeedee, L50, M|
|poke|p1|Sneasler, L50, F|
|poke|p1|Amoonguss, L50, M|
|poke|p2|Gallade, L50, M|
|poke|p2|Ursaluna, L50, F|
|poke|p2|Torkoal, L50, F|
|poke|p2|Indeedee-F, L50, F|
|poke|p2|Hatterene, L50, F|
|poke|p2|Maushold, L50|
|teampreview|4
|showteam|p1|Ninetales-Alola||ChoiceSpecs|SnowWarning|Blizzard,IcyWind,Moonblast,FreezeDry|||M|||50|,,,,,Ice]Arcanine-Hisui||ClearAmulet|Intimidate|RockSlide,FlareBlitz,ExtremeSpeed,Protect|||M|||50|,,,,,Water]Dragonite||LoadedDice|Multiscale|ScaleShot,StompingTantrum,Tailwind,Protect|||M|||50|,,,,,Ground]Indeedee||FocusSash|PsychicSurge|ExpandingForce,TrickRoom,Imprison,HelpingHand|||M|||50|,,,,,Psychic]Sneasler||PsychicSeed|Unburden|CloseCombat,DireClaw,ThroatChop,Protect|||F|||50|,,,,,Dark]Amoonguss||RockyHelmet|Regenerator|RagePowder,PollenPuff,Spore,Protect|||M|||50|,,,,,Water
|showteam|p2|Gallade||ClearAmulet|Sharpness|SacredSword,PsychoCut,WideGuard,TrickRoom|||M|||50|,,,,,Grass]Ursaluna||FlameOrb|Guts|Facade,HeadlongRush,Protect,Earthquake|||F|||50|,,,,,Ghost]Torkoal||ChoiceSpecs|Drought|Eruption,WeatherBall,HeatWave,EarthPower|||F|||50|,,,,,Fire]Indeedee-F||PsychicSeed|PsychicSurge|FollowMe,TrickRoom,Psychic,HelpingHand|||F|||50|,,,,,Water]Hatterene||LifeOrb|MagicBounce|ExpandingForce,DazzlingGleam,TeraBlast,TrickRoom|||F|||50|,,,,,Fire]Maushold||WideLens|Technician|PopulationBomb,Taunt,FollowMe,Protect||||||50|,,,,,Poison
|inactive|Battle timer is ON: inactive players will automatically lose when time's up. (requested by Liam Westland)
|inactive|randomguy1114s has 60 seconds left.
|
|t:|1756273498
|teamsize|p1|4
|teamsize|p2|4
|start
|switch|p1a: Indeedee|Indeedee, L50, M, shiny|100/100
|switch|p1b: amongus|Amoonguss, L50, M, shiny|100/100
|switch|p2a: Maushold|Maushold, L50|100/100
|switch|p2b: Gallade|Gallade, L50, M|100/100
|-fieldstart|move: Psychic Terrain|[from] ability: Psychic Surge|[of] p1a: Indeedee
|turn|1
|
|t:|1756273510
|-terastallize|p1a: Indeedee|Psychic
|move|p2b: Gallade|Wide Guard|p2b: Gallade
|-singleturn|p2b: Gallade|Wide Guard
|move|p1b: amongus|Rage Powder|p1b: amongus
|-singleturn|p1b: amongus|move: Rage Powder
|move|p2a: Maushold|Taunt|p1b: amongus
|-start|p1b: amongus|move: Taunt
|move|p1a: Indeedee|Expanding Force|p2b: Gallade|[spread] 
|-activate|p2a: Maushold|move: Wide Guard
|-activate|p2b: Gallade|move: Wide Guard
|
|upkeep
|turn|2
|
|t:|1756273527
|switch|p1a: Arcanine|Arcanine-Hisui, L50, M, shiny|100/100
|-ability|p1a: Arcanine|Intimidate|boost
|-unboost|p2a: Maushold|atk|1
|-fail|p2b: Gallade|unboost|[from] item: Clear Amulet|[of] p2b: Gallade
|switch|p1b: Dragonite|Dragonite, L50, M|100/100
|move|p2a: Maushold|Population Bomb|p1a: Arcanine
|-resisted|p1a: Arcanine
|-damage|p1a: Arcanine|96/100
|-resisted|p1a: Arcanine
|-damage|p1a: Arcanine|91/100
|-resisted|p1a: Arcanine
|-damage|p1a: Arcanine|86/100
|-resisted|p1a: Arcanine
|-damage|p1a: Arcanine|81/100
|-resisted|p1a: Arcanine
|-damage|p1a: Arcanine|76/100
|-resisted|p1a: Arcanine
|-damage|p1a: Arcanine|71/100
|-resisted|p1a: Arcanine
|-damage|p1a: Arcanine|65/100
|-resisted|p1a: Arcanine
|-damage|p1a: Arcanine|60/100
|-resisted|p1a: Arcanine
|-damage|p1a: Arcanine|55/100
|-resisted|p1a: Arcanine
|-damage|p1a: Arcanine|51/100
|-hitcount|p1a: Arcanine|10
|move|p2b: Gallade|Trick Room|p2b: Gallade
|-fieldstart|move: Trick Room|[of] p2b: Gallade
|
|upkeep
|turn|3
|
|t:|1756273552
|switch|p2a: Hatterene|Hatterene, L50, F|100/100
|move|p1b: Dragonite|Protect|p1b: Dragonite
|-singleturn|p1b: Dragonite|Protect
|move|p1a: Arcanine|Protect|p1a: Arcanine
|-singleturn|p1a: Arcanine|Protect
|move|p2b: Gallade|Sacred Sword|p1a: Arcanine
|-activate|p1a: Arcanine|move: Protect
|
|upkeep
|turn|4
|
|t:|1756273565
|switch|p1a: Indeedee|Indeedee, L50, M, shiny, tera:Psychic|100/100
|move|p2a: Hatterene|Expanding Force|p1a: Indeedee|[spread] p1a,p1b
|-resisted|p1a: Indeedee
|-damage|p1a: Indeedee|39/100
|-damage|p1b: Dragonite|52/100
|-damage|p2a: Hatterene|91/100|[from] item: Life Orb
|move|p2b: Gallade|Psycho Cut|p1b: Dragonite
|-damage|p1b: Dragonite|0 fnt
|faint|p1b: Dragonite
|
|upkeep
|
|t:|1756273576
|switch|p1b: amongus|Amoonguss, L50, M, shiny|100/100
|turn|5
|
|t:|1756273584
|-terastallize|p2b: Gallade|Grass
|move|p1b: amongus|Protect|p1b: amongus
|-singleturn|p1b: amongus|Protect
|move|p2a: Hatterene|Expanding Force|p1b: amongus|[spread] p1a
|-activate|p1b: amongus|move: Protect
|-resisted|p1a: Indeedee
|-damage|p1a: Indeedee|0 fnt
|faint|p1a: Indeedee
|-damage|p2a: Hatterene|82/100|[from] item: Life Orb
|move|p2b: Gallade|Psycho Cut|p1b: amongus
|-activate|p1b: amongus|move: Protect
|
|-fieldend|move: Psychic Terrain
|upkeep
|
|t:|1756273586
|switch|p1a: Arcanine|Arcanine-Hisui, L50, M, shiny|51/100
|-ability|p1a: Arcanine|Intimidate|boost
|-unboost|p2a: Hatterene|atk|1
|-fail|p2b: Gallade|unboost|[from] item: Clear Amulet|[of] p2b: Gallade
|turn|6
|
|t:|1756273590
|switch|p2b: Indeedee|Indeedee-F, L50, F|100/100
|-fieldstart|move: Psychic Terrain|[from] ability: Psychic Surge|[of] p2b: Indeedee
|-enditem|p2b: Indeedee|Psychic Seed
|-boost|p2b: Indeedee|spd|1|[from] item: Psychic Seed
|move|p1b: amongus|Protect||[still]
|-fail|p1b: amongus
|move|p1a: Arcanine|Protect|p1a: Arcanine
|-singleturn|p1a: Arcanine|Protect
|move|p2a: Hatterene|Expanding Force|p1b: amongus|[spread] p1b
|-activate|p1a: Arcanine|move: Protect
|-supereffective|p1b: amongus
|-damage|p1b: amongus|0 fnt
|faint|p1b: amongus
|-damage|p2a: Hatterene|72/100|[from] item: Life Orb
|
|-fieldend|move: Trick Room
|upkeep
|turn|7
|-message|randomguy1114s forfeited.
|
|win|Liam Westland
|raw|randomguy1114s's rating: 1197 → 1184(-13 for losing)
|raw|Liam Westland's rating: 1374 → 1385(+11 for winning)
