|j|☆Glavenus71601
|j|☆erickpoux
|html|Glavenus71601erickpoux    
|uhtml|bestof|Game 1 of a best-of-3
|t:|1756166361
|gametype|doubles
|player|p1|Glavenus71601|fisherman-gen4|1082
|player|p2|erickpoux|nate|1087
|gen|9
|tier|[Gen 9] VGC 2025 Reg H (Bo3)
|rated|
|rule|Species Clause: Limit one of each Pokémon
|rule|Item Clause: Limit 1 of each item
|clearpoke
|poke|p1|Pelipper, L50, F|
|poke|p1|Basculegion, L50, M|
|poke|p1|Archaludon, L50, F|
|poke|p1|Gholdengo, L50|
|poke|p1|Incineroar, L50, M|
|poke|p1|Rillaboom, L50, F|
|poke|p2|Volcarona, L50, M|
|poke|p2|Rillaboom, L50, M|
|poke|p2|Electabuzz, L50, F|
|poke|p2|Dragonite, L50, M|
|poke|p2|Ursaluna-Bloodmoon, L50, M|
|poke|p2|Whimsicott, L50, M|
|teampreview|4
|showteam|p1|Pelipper||FocusSash|Drizzle|WeatherBall,Hurricane,Tailwind,Protect|||F|||50|,,,,,Ghost]Basculegion||ChoiceBand|SwiftSwim|WaveCrash,FlipTurn,LastRespects,AquaJet|||M|||50|,,,,,Water]Archaludon||AssaultVest|Stamina|ElectroShot,BodyPress,DragonPulse,FlashCannon|||F|||50|,,,,,Grass]Gholdengo||MetalCoat|GoodasGold|NastyPlot,ShadowBall,MakeItRain,Protect||||||50|,,,,,Water]Incineroar||SafetyGoggles|Intimidate|KnockOff,FakeOut,PartingShot,FlareBlitz|||M|||50|,,,,,Bug]Rillaboom||LoadedDice|GrassySurge|GrassyGlide,FakeOut,BulletSeed,HighHorsepower|||F|||50|,,,,,Fire
|showteam|p2|Volcarona||CovertCloak|FlameBody|GigaDrain,HeatWave,QuiverDance,Protect|||M|||50|,,,,,Grass]Rillaboom||MiracleSeed|GrassySurge|WoodHammer,GrassyGlide,Uturn,FakeOut|||M|||50|,,,,,Grass]Electabuzz||Eviolite|VitalSpirit|FollowMe,Protect,Electroweb,Taunt|||F|||50|,,,,,Ghost]Dragonite||LoadedDice|Multiscale|ScaleShot,Tailwind,Haze,Protect|||M|||50|,,,,,Fairy]Ursaluna-Bloodmoon||LifeOrb|MindsEye|BloodMoon,EarthPower,HyperVoice,Protect|||M|||50|,,,,,Normal]Whimsicott||FocusSash|Prankster|Tailwind,Taunt,Moonblast,FakeTears|||M|||50|,,,,,Ghost
|
|t:|1756166435
|teamsize|p1|4
|teamsize|p2|4
|start
|switch|p1a: Pelican Sam|Pelipper, L50, F|100/100
|switch|p1b: Le Fishe|Basculegion, L50, M|100/100
|switch|p2a: Rillaboom|Rillaboom, L50, M|100/100
|switch|p2b: Whimsicott|Whimsicott, L50, M, shiny|100/100
|-fieldstart|move: Grassy Terrain|[from] ability: Grassy Surge|[of] p2a: Rillaboom
|-weather|RainDance|[from] ability: Drizzle|[of] p1a: Pelican Sam
|turn|1
|
|t:|1756166471
|switch|p1b: Enzo|Incineroar, L50, M|100/100
|-ability|p1b: Enzo|Intimidate|boost
|-unboost|p2a: Rillaboom|atk|1
|-unboost|p2b: Whimsicott|atk|1
|move|p2a: Rillaboom|Fake Out|p1a: Pelican Sam
|-damage|p1a: Pelican Sam|91/100
|move|p2b: Whimsicott|Tailwind|p2b: Whimsicott
|-sidestart|p2: erickpoux|move: Tailwind
|cant|p1a: Pelican Sam|flinch
|
|-weather|RainDance|[upkeep]
|upkeep
|turn|2
|
|t:|1756166509
|move|p1b: Enzo|Fake Out|p2a: Rillaboom
|-damage|p2a: Rillaboom|88/100
|move|p2b: Whimsicott|Taunt|p1a: Pelican Sam
|-start|p1a: Pelican Sam|move: Taunt
|cant|p2a: Rillaboom|flinch
|cant|p1a: Pelican Sam|move: Taunt|Tailwind
|
|-weather|RainDance|[upkeep]
|-heal|p2a: Rillaboom|94/100|[from] Grassy Terrain
|upkeep
|turn|3
|
|t:|1756166530
|switch|p2b: Ursaluna|Ursaluna-Bloodmoon, L50, M|100/100
|switch|p1a: Mx Money|Gholdengo, L50|100/100
|-terastallize|p2a: Rillaboom|Grass
|move|p2a: Rillaboom|Wood Hammer|p1a: Mx Money
|-resisted|p1a: Mx Money
|-damage|p1a: Mx Money|54/100
|-damage|p2a: Rillaboom|80/100|[from] Recoil
|move|p1b: Enzo|Parting Shot|p2a: Rillaboom
|-unboost|p2a: Rillaboom|atk|1
|-unboost|p2a: Rillaboom|spa|1
|
|t:|1756166542
|switch|p1b: Pelican Sam|Pelipper, L50, F|91/100|[from] Parting Shot
|
|-weather|RainDance|[upkeep]
|-heal|p2a: Rillaboom|86/100|[from] Grassy Terrain
|-heal|p1a: Mx Money|60/100|[from] Grassy Terrain
|upkeep
|turn|4
|
|t:|1756166560
|move|p2a: Rillaboom|Wood Hammer|p1b: Pelican Sam
|-damage|p1b: Pelican Sam|20/100
|-damage|p2a: Rillaboom|64/100|[from] Recoil
|move|p2b: Ursaluna|Earth Power|p1a: Mx Money
|-supereffective|p1a: Mx Money
|-damage|p1a: Mx Money|0 fnt
|faint|p1a: Mx Money
|-damage|p2b: Ursaluna|91/100|[from] item: Life Orb
|move|p1b: Pelican Sam|Weather Ball|p2b: Ursaluna
|-supereffective|p2b: Ursaluna
|-damage|p2b: Ursaluna|0 fnt
|faint|p2b: Ursaluna
|
|-weather|RainDance|[upkeep]
|-heal|p2a: Rillaboom|70/100|[from] Grassy Terrain
|-sideend|p2: erickpoux|move: Tailwind
|upkeep
|
|t:|1756166569
|switch|p1a: Enzo|Incineroar, L50, M|100/100
|switch|p2b: Whimsicott|Whimsicott, L50, M, shiny|100/100
|-ability|p1a: Enzo|Intimidate|boost
|-unboost|p2a: Rillaboom|atk|1
|-unboost|p2b: Whimsicott|atk|1
|turn|5
|
|t:|1756166588
|move|p1a: Enzo|Fake Out|p2b: Whimsicott
|-damage|p2b: Whimsicott|86/100
|cant|p2b: Whimsicott|flinch
|move|p2a: Rillaboom|Wood Hammer|p1b: Pelican Sam
|-damage|p1b: Pelican Sam|0 fnt
|faint|p1b: Pelican Sam
|-damage|p2a: Rillaboom|64/100|[from] Recoil
|
|-weather|none
|-heal|p2b: Whimsicott|92/100|[from] Grassy Terrain
|-heal|p2a: Rillaboom|70/100|[from] Grassy Terrain
|-fieldend|move: Grassy Terrain
|upkeep
|-message|Glavenus71601 forfeited.
|
|win|erickpoux
|l|☆Glavenus71601
|player|p1|
||Glavenus71601 is ready for game 2.
||erickpoux is ready for game 2.
|uhtml|next|Next: Game 2 of 3
