|j|ŌśåSnorlaxPikachu1
|j|Ōśåmarcosdeltasena31
|html|SnorlaxPikachu1marcosdeltasena31    
|uhtml|bestof|Game 1 of a best-of-3
|t:|1757628883
|gametype|doubles
|player|p1|SnorlaxPikachu1|palmer|1546
|player|p2|marcosdeltasena31|hilbert|1556
|gen|9
|tier|[Gen 9] VGC 2025 Reg H (Bo3)
|rated|
|rule|Species Clause: Limit one of each Pok├®mon
|rule|Item Clause: Limit 1 of each item
|clearpoke
|poke|p1|Kingambit, L50, F|
|poke|p1|Rillaboom, L50, M|
|poke|p1|Ninetales-Alola, L50, M|
|poke|p1|Magmar, L50, M|
|poke|p1|Sneasler, L50, M|
|poke|p1|Basculegion, L50, M|
|poke|p2|Dragonite, L50, F|
|poke|p2|Sneasler, L50, F|
|poke|p2|Volcarona, L50, F|
|poke|p2|Rillaboom, L50, M|
|poke|p2|Kingambit, L50, F|
|poke|p2|Electabuzz, L50, F|
|teampreview|4
|showteam|p1|Kingambit||BlackGlasses|Defiant|SuckerPunch,KowtowCleave,SwordsDance,Protect|||F|||50|,,,,,Fire]Rillaboom||AssaultVest|GrassySurge|WoodHammer,GrassyGlide,Uturn,FakeOut|||M|||50|,,,,,Ghost]Ninetales-Alola||LifeOrb|SnowWarning|Blizzard,FreezeDry,Encore,Protect|||M|||50|,,,,,Ice]Magmar||Eviolite|VitalSpirit|HeatWave,WillOWisp,FollowMe,Protect|||M|||50|,,,,,Ghost]Sneasler||FocusSash|Unburden|DireClaw,CloseCombat,FakeOut,Protect|||M|||50|,,,,,Ghost]Basculegion||ChoiceScarf|Adaptability|TeraBlast,LastRespects,WaveCrash,FlipTurn|||M|||50|,,,,,Fighting
|showteam|p2|Dragonite||LoadedDice|Multiscale|ScaleShot,ExtremeSpeed,Haze,Protect|||F|||50|,,,,,Fairy]Sneasler||FocusSash|PoisonTouch|DireClaw,CloseCombat,FakeOut,Coaching|||F|||50|,,,,,Ghost]Volcarona||CovertCloak|FlameBody|HeatWave,TeraBlast,QuiverDance,Protect|||F|||50|,,,,,Fairy]Rillaboom||AssaultVest|GrassySurge|WoodHammer,FakeOut,GrassyGlide,HighHorsepower|||M|||50|,,,,,Fire]Kingambit||BlackGlasses|Defiant|KowtowCleave,SwordsDance,SuckerPunch,Protect|||F|||50|,,,,,Dark]Electabuzz||Eviolite|VitalSpirit|Thunderbolt,FollowMe,Taunt,Protect|||F|||50|,,,,,Ghost
|
|t:|1757628936
|teamsize|p1|4
|teamsize|p2|4
|start
|switch|p1a: Aw dangit|Sneasler, L50, M|100/100
|switch|p1b: THE FLAMING KING|Kingambit, L50, F|100/100
|switch|p2a: Dragonite|Dragonite, L50, F|100/100
|switch|p2b: Sneasler|Sneasler, L50, F|100/100
|turn|1
|
|t:|1757628970
|move|p2b: Sneasler|Fake Out|p1b: THE FLAMING KING
|-resisted|p1b: THE FLAMING KING
|-damage|p1b: THE FLAMING KING|95/100
|move|p1a: Aw dangit|Fake Out|p2a: Dragonite
|-damage|p2a: Dragonite|92/100
|cant|p2a: Dragonite|flinch
|cant|p1b: THE FLAMING KING|flinch
|
|upkeep
|turn|2
|
|t:|1757628990
|-terastallize|p1b: THE FLAMING KING|Fire
|move|p1b: THE FLAMING KING|Sucker Punch|p2b: Sneasler
|-resisted|p2b: Sneasler
|-damage|p2b: Sneasler|55/100
|move|p1a: Aw dangit|Close Combat|p2b: Sneasler
|-resisted|p2b: Sneasler
|-damage|p2b: Sneasler|0 fnt
|-unboost|p1a: Aw dangit|def|1
|-unboost|p1a: Aw dangit|spd|1
|faint|p2b: Sneasler
|move|p2a: Dragonite|Scale Shot|p1a: Aw dangit
|-damage|p1a: Aw dangit|61/100
|-damage|p1a: Aw dangit|21/100
|-damage|p1a: Aw dangit|0 fnt
|faint|p1a: Aw dangit
|-hitcount|p1: Aw dangit|3
|-unboost|p2a: Dragonite|def|1
|-boost|p2a: Dragonite|spe|1
|
|upkeep
|
|t:|1757629008
|switch|p1a: Duck?|Magmar, L50, M, shiny|100/100
|switch|p2b: Electabuzz|Electabuzz, L50, F|100/100
|turn|3
|
|t:|1757629022
|move|p2b: Electabuzz|Follow Me|p2b: Electabuzz
|-singleturn|p2b: Electabuzz|move: Follow Me
|move|p1a: Duck?|Follow Me|p1a: Duck?
|-singleturn|p1a: Duck?|move: Follow Me
|move|p2a: Dragonite|Scale Shot|p1a: Duck?
|-damage|p1a: Duck?|90/100
|-damage|p1a: Duck?|79/100
|-damage|p1a: Duck?|68/100
|-damage|p1a: Duck?|57/100
|-hitcount|p1a: Duck?|4
|-unboost|p2a: Dragonite|def|1
|-boost|p2a: Dragonite|spe|1
|move|p1b: THE FLAMING KING|Kowtow Cleave|p2b: Electabuzz
|-damage|p2b: Electabuzz|54/100
|
|upkeep
|turn|4
|
|t:|1757629040
|move|p1a: Duck?|Follow Me|p1a: Duck?
|-singleturn|p1a: Duck?|move: Follow Me
|move|p2a: Dragonite|Scale Shot|p1a: Duck?
|-damage|p1a: Duck?|46/100
|-damage|p1a: Duck?|35/100
|-damage|p1a: Duck?|23/100
|-damage|p1a: Duck?|12/100
|-damage|p1a: Duck?|1/100
|-hitcount|p1a: Duck?|5
|-unboost|p2a: Dragonite|def|1
|-boost|p2a: Dragonite|spe|1
|move|p2b: Electabuzz|Thunderbolt|p1a: Duck?
|-damage|p1a: Duck?|0 fnt
|faint|p1a: Duck?
|move|p1b: THE FLAMING KING|Kowtow Cleave|p2b: Electabuzz
|-damage|p2b: Electabuzz|6/100
|
|upkeep
|
|t:|1757629044
|switch|p1a: Frostbite|Ninetales-Alola, L50, M|100/100
|-weather|Snowscape|[from] ability: Snow Warning|[of] p1a: Frostbite
|turn|5
|l|Ōśåmarcosdeltasena31
|player|p2|
|j|Ōśåmarcosdeltasena31
|player|p2|marcosdeltasena31|hilbert|
|
|t:|1757629093
|-terastallize|p2a: Dragonite|Fairy
|move|p2b: Electabuzz|Protect|p2b: Electabuzz
|-singleturn|p2b: Electabuzz|Protect
|move|p2a: Dragonite|Scale Shot|p1b: THE FLAMING KING
|-damage|p1b: THE FLAMING KING|82/100
|-damage|p1b: THE FLAMING KING|70/100
|-crit|p1b: THE FLAMING KING
|-damage|p1b: THE FLAMING KING|53/100
|-damage|p1b: THE FLAMING KING|40/100
|-damage|p1b: THE FLAMING KING|28/100
|-hitcount|p1b: THE FLAMING KING|5
|-unboost|p2a: Dragonite|def|1
|-boost|p2a: Dragonite|spe|1
|move|p1a: Frostbite|Blizzard|p2b: Electabuzz|[spread] p2a
|-activate|p2b: Electabuzz|move: Protect
|-damage|p2a: Dragonite|50/100
|-damage|p1a: Frostbite|91/100|[from] item: Life Orb
|move|p1b: THE FLAMING KING|Swords Dance|p1b: THE FLAMING KING
|-boost|p1b: THE FLAMING KING|atk|2
|
|-weather|Snowscape|[upkeep]
|upkeep
|turn|6
|
|t:|1757629122
|move|p2a: Dragonite|Protect|p2a: Dragonite
|-singleturn|p2a: Dragonite|Protect
|move|p1b: THE FLAMING KING|Protect|p1b: THE FLAMING KING
|-singleturn|p1b: THE FLAMING KING|Protect
|move|p1a: Frostbite|Blizzard|p2b: Electabuzz|[spread] p2b
|-activate|p2a: Dragonite|move: Protect
|-damage|p2b: Electabuzz|0 fnt
|faint|p2b: Electabuzz
|-damage|p1a: Frostbite|82/100|[from] item: Life Orb
|
|-weather|Snowscape|[upkeep]
|upkeep
|
|t:|1757629131
|switch|p2b: Volcarona|Volcarona, L50, F|100/100
|turn|7
|
|t:|1757629148
|move|p1b: THE FLAMING KING|Sucker Punch||[still]
|-fail|p1b: THE FLAMING KING
|move|p2a: Dragonite|Haze|p2a: Dragonite
|-clearallboost
|move|p1a: Frostbite|Blizzard|p2a: Dragonite|[spread] p2a,p2b
|-resisted|p2b: Volcarona
|-damage|p2a: Dragonite|6/100
|-damage|p2b: Volcarona|81/100
|-damage|p1a: Frostbite|72/100|[from] item: Life Orb
|move|p2b: Volcarona|Quiver Dance|p2b: Volcarona
|-boost|p2b: Volcarona|spa|1
|-boost|p2b: Volcarona|spd|1
|-boost|p2b: Volcarona|spe|1
|
|-weather|Snowscape|[upkeep]
|upkeep
|turn|8
|
|t:|1757629181
|move|p2a: Dragonite|Extreme Speed|p1b: THE FLAMING KING
|-damage|p1b: THE FLAMING KING|3/100
|move|p1b: THE FLAMING KING|Sucker Punch|p2b: Volcarona
|-damage|p2b: Volcarona|11/100
|move|p2b: Volcarona|Heat Wave|p1b: THE FLAMING KING|[spread] p1a,p1b
|-supereffective|p1a: Frostbite
|-resisted|p1b: THE FLAMING KING
|-damage|p1a: Frostbite|0 fnt
|-damage|p1b: THE FLAMING KING|0 fnt
|faint|p1a: Frostbite
|faint|p1b: THE FLAMING KING
|
|win|marcosdeltasena31
||SnorlaxPikachu1 is ready for game 2.
|inactive|marcosdeltasena31 has 30 seconds to confirm battle start!
