|j|☆bassacucina777
|j|☆Cm3112
|html|bassacucina777Cm3112    
|uhtml|bestof|Game 1 of a best-of-3
|t:|1756799624
|gametype|doubles
|player|p1|bassacucina777|170|1225
|player|p2|Cm3112|169|1244
|gen|9
|tier|[Gen 9] VGC 2025 Reg H (Bo3)
|rated|
|rule|Species Clause: Limit one of each Pokémon
|rule|Item Clause: Limit 1 of each item
|clearpoke
|poke|p1|Charizard, L50, F|
|poke|p1|Torkoal, L50, M|
|poke|p1|Porygon2, L50|
|poke|p1|Incineroar, L50, F|
|poke|p1|Jumpluff, L50, M|
|poke|p1|Ursaluna, L50, M|
|poke|p2|Archaludon, L50, M|
|poke|p2|Annihilape, L50, F|
|poke|p2|Maushold-Four, L50|
|poke|p2|Pelipper, L50, F|
|poke|p2|Grimmsnarl, L50, M|
|poke|p2|Sinistcha-Masterpiece, L50|
|teampreview|4
|showteam|p1|Charizard||ChoiceSpecs|SolarPower|HeatWave,Overheat,WeatherBall,AirSlash|||F|||50|,,,,,Ghost]Torkoal||EjectPack|Drought|Eruption,Overheat,HelpingHand,Protect|||M|||50|,,,,,Fire]Porygon2||Eviolite|Download|IceBeam,TeraBlast,TrickRoom,Recover||||||50|,,,,,Fighting]Incineroar||SitrusBerry|Intimidate|FlareBlitz,KnockOff,FakeOut,PartingShot|||F|||50|,,,,,Ghost]Jumpluff||CovertCloak|Chlorophyll|SleepPowder,PollenPuff,RagePowder,Tailwind|||M|||50|,,,,,Water]Ursaluna||FlameOrb|Guts|HeadlongRush,Facade,Earthquake,Protect|||M|||50|,,,,,Ghost
|showteam|p2|Archaludon||AssaultVest|Stamina|FlashCannon,ElectroShot,DracoMeteor,BodyPress|||M|||50|,,,,,Fairy]Annihilape||SafetyGoggles|Defiant|DrainPunch,RageFist,BulkUp,Protect|||F|||50|,,,,,Water]Maushold-Four||WideLens|Technician|PopulationBomb,BeatUp,FollowMe,Protect||||||50|,,,,,Ghost]Pelipper||FocusSash|Drizzle|MuddyWater,Hurricane,WideGuard,Protect|||F|||50|,,,,,Water]Grimmsnarl||CovertCloak|Prankster|SpiritBreak,Reflect,LightScreen,PartingShot|||M|||50|,,,,,Dark]Sinistcha-Masterpiece||Leftovers|Hospitality|MatchaGotcha,RagePowder,TrickRoom,StrengthSap||||||50|,,,,,Dark
|inactive|Battle timer is ON: inactive players will automatically lose when time's up. (requested by Cm3112)
|
|t:|1756799677
|teamsize|p1|4
|teamsize|p2|4
|start
|switch|p1a: Porygon2|Porygon2, L50|100/100
|switch|p1b: Ursaluna|Ursaluna, L50, M|100/100
|switch|p2a: Maushold|Maushold-Four, L50|100/100
|switch|p2b: Grimmsnarl|Grimmsnarl, L50, M|100/100
|-ability|p1a: Porygon2|Download|boost
|-boost|p1a: Porygon2|spa|1
|turn|1
|inactive|bassacucina777 has 30 seconds left.
|
|t:|1756799706
|move|p1b: Ursaluna|Protect|p1b: Ursaluna
|-singleturn|p1b: Ursaluna|Protect
|move|p2b: Grimmsnarl|Parting Shot|p1b: Ursaluna
|-activate|p1b: Ursaluna|move: Protect
|move|p2a: Maushold|Population Bomb|p1a: Porygon2
|-crit|p1a: Porygon2
|-damage|p1a: Porygon2|90/100
|-damage|p1a: Porygon2|83/100
|-damage|p1a: Porygon2|75/100
|-damage|p1a: Porygon2|67/100
|-crit|p1a: Porygon2
|-damage|p1a: Porygon2|56/100
|-damage|p1a: Porygon2|48/100
|-damage|p1a: Porygon2|41/100
|-damage|p1a: Porygon2|34/100
|-damage|p1a: Porygon2|27/100
|-damage|p1a: Porygon2|19/100
|-hitcount|p1a: Porygon2|10
|move|p1a: Porygon2|Trick Room|p1a: Porygon2
|-fieldstart|move: Trick Room|[of] p1a: Porygon2
|
|-status|p1b: Ursaluna|brn|[from] item: Flame Orb
|upkeep
|turn|2
|inactive|bassacucina777 has 30 seconds left.
|inactive|Cm3112 has 30 seconds left.
|
|t:|1756799741
|switch|p2a: Annihilape|Annihilape, L50, F|100/100
|move|p2b: Grimmsnarl|Parting Shot|p1b: Ursaluna
|-unboost|p1b: Ursaluna|atk|1
|-unboost|p1b: Ursaluna|spa|1
|
|t:|1756799750
|switch|p2b: Maushold|Maushold-Four, L50|100/100|[from] Parting Shot
|move|p1a: Porygon2|Recover|p1a: Porygon2
|-heal|p1a: Porygon2|69/100
|move|p1b: Ursaluna|Headlong Rush|p2b: Maushold
|-damage|p2b: Maushold|0 fnt
|-unboost|p1b: Ursaluna|def|1
|-unboost|p1b: Ursaluna|spd|1
|faint|p2b: Maushold
|
|-damage|p1b: Ursaluna|95/100 brn|[from] brn
|upkeep
|
|t:|1756799766
|switch|p2b: Grimmsnarl|Grimmsnarl, L50, M|100/100
|turn|3
|inactive|bassacucina777 has 30 seconds left.
|inactive|Cm3112 has 30 seconds left.
|
|t:|1756799796
|switch|p1b: Torkoal|Torkoal, L50, M|100/100
|-weather|SunnyDay|[from] ability: Drought|[of] p1b: Torkoal
|move|p2b: Grimmsnarl|Parting Shot|p1b: Torkoal
|-unboost|p1b: Torkoal|atk|1
|-unboost|p1b: Torkoal|spa|1
|
|t:|1756799803
|switch|p2b: Pelipper|Pelipper, L50, F|100/100|[from] Parting Shot
|-weather|RainDance|[from] ability: Drizzle|[of] p2b: Pelipper
|move|p1a: Porygon2|Tera Blast|p2b: Pelipper
|-enditem|p2b: Pelipper|Focus Sash
|-damage|p2b: Pelipper|1/100
|move|p2a: Annihilape|Drain Punch|p1a: Porygon2
|-supereffective|p1a: Porygon2
|-damage|p1a: Porygon2|31/100
|
|-weather|RainDance|[upkeep]
|upkeep
|turn|4
|inactive|bassacucina777 has 30 seconds left.
|inactive|Cm3112 has 30 seconds left.
|inactive|bassacucina777 has 20 seconds left.
|inactive|bassacucina777 has 15 seconds left.
|inactive|bassacucina777 has 10 seconds left.
|
|t:|1756799848
|move|p2b: Pelipper|Protect|p2b: Pelipper
|-singleturn|p2b: Pelipper|Protect
|move|p1b: Torkoal|Overheat|p2b: Pelipper
|-activate|p2b: Pelipper|move: Protect
|move|p1a: Porygon2|Recover|p1a: Porygon2
|-heal|p1a: Porygon2|81/100
|move|p2a: Annihilape|Bulk Up|p2a: Annihilape
|-boost|p2a: Annihilape|atk|1
|-boost|p2a: Annihilape|def|1
|
|-weather|RainDance|[upkeep]
|upkeep
|turn|5
|inactive|bassacucina777 has 30 seconds left.
|
|t:|1756799877
|switch|p1b: Charizard|Charizard, L50, F|100/100
|switch|p2b: Grimmsnarl|Grimmsnarl, L50, M|100/100
|move|p1a: Porygon2|Tera Blast|p2b: Grimmsnarl
|-damage|p2b: Grimmsnarl|38/100
|move|p2a: Annihilape|Bulk Up|p2a: Annihilape
|-boost|p2a: Annihilape|atk|1
|-boost|p2a: Annihilape|def|1
|
|-weather|RainDance|[upkeep]
|-fieldend|move: Trick Room
|upkeep
|turn|6
|inactive|bassacucina777 has 30 seconds left.
|inactive|Cm3112 has 30 seconds left.
|inactive|bassacucina777 has 20 seconds left.
|inactive|Cm3112 has 20 seconds left.
|inactive|bassacucina777 has 15 seconds left.
|
|t:|1756799921
|switch|p1a: Torkoal|Torkoal, L50, M|100/100
|-weather|SunnyDay|[from] ability: Drought|[of] p1a: Torkoal
|-terastallize|p2a: Annihilape|Water
|move|p2b: Grimmsnarl|Parting Shot|p1b: Charizard
|-unboost|p1b: Charizard|atk|1
|-unboost|p1b: Charizard|spa|1
|
|t:|1756799930
|switch|p2b: Pelipper|Pelipper, L50, F|1/100|[from] Parting Shot
|-weather|RainDance|[from] ability: Drizzle|[of] p2b: Pelipper
|move|p1b: Charizard|Overheat|p2a: Annihilape|[miss]
|-miss|p1b: Charizard|p2a: Annihilape
|move|p2a: Annihilape|Drain Punch|p1a: Torkoal
|-damage|p1a: Torkoal|58/100
|
|-weather|RainDance|[upkeep]
|upkeep
|turn|7
|inactive|bassacucina777 has 30 seconds left.
|inactive|Cm3112 has 30 seconds left.
|inactive|bassacucina777 has 20 seconds left.
|inactive|bassacucina777 has 15 seconds left.
|inactive|bassacucina777 has 10 seconds left.
|inactive|bassacucina777 has 5 seconds left.
|
|t:|1756799983
|move|p2b: Pelipper|Protect|p2b: Pelipper
|-singleturn|p2b: Pelipper|Protect
|move|p1b: Charizard|Overheat|p2b: Pelipper
|-activate|p2b: Pelipper|move: Protect
|move|p2a: Annihilape|Rage Fist|p1b: Charizard
|-damage|p1b: Charizard|48/100
|move|p1a: Torkoal|Overheat|p2b: Pelipper
|-activate|p2b: Pelipper|move: Protect
|
|-weather|RainDance|[upkeep]
|upkeep
|turn|8
|inactive|Cm3112 has 30 seconds left.
|
|t:|1756800010
|switch|p1b: Porygon2|Porygon2, L50|81/100
|-ability|p1b: Porygon2|Download|boost
|-boost|p1b: Porygon2|spa|1
|move|p2a: Annihilape|Rage Fist|p1b: Porygon2
|-immune|p1b: Porygon2
|move|p2b: Pelipper|Muddy Water|p1b: Porygon2|[spread] p1a,p1b
|-supereffective|p1a: Torkoal
|-crit|p1b: Porygon2
|-damage|p1a: Torkoal|0 fnt
|-damage|p1b: Porygon2|39/100
|faint|p1a: Torkoal
|
|-weather|RainDance|[upkeep]
|upkeep
|inactive|bassacucina777 has 30 seconds left.
|
|t:|1756800036
|switch|p1a: Charizard|Charizard, L50, F|48/100
|turn|9
|
|t:|1756800052
|-terastallize|p1b: Porygon2|Fighting
|move|p1a: Charizard|Air Slash|p2b: Pelipper
|-damage|p2b: Pelipper|0 fnt
|faint|p2b: Pelipper
|move|p2a: Annihilape|Drain Punch|p1b: Porygon2
|-damage|p1b: Porygon2|0 fnt
|faint|p1b: Porygon2
|
|-weather|RainDance|[upkeep]
|upkeep
|
|t:|1756800064
|switch|p2b: Grimmsnarl|Grimmsnarl, L50, M|38/100
|switch|p1b: Ursaluna|Ursaluna, L50, M|95/100 brn
|turn|10
|
|t:|1756800079
|move|p2b: Grimmsnarl|Light Screen|p2b: Grimmsnarl
|-sidestart|p2: Cm3112|move: Light Screen
|move|p1a: Charizard|Air Slash|p2a: Annihilape
|-damage|p2a: Annihilape|65/100
|move|p2a: Annihilape|Rage Fist|p1a: Charizard
|-damage|p1a: Charizard|0 fnt
|faint|p1a: Charizard
|move|p1b: Ursaluna|Facade|p2a: Annihilape
|-damage|p2a: Annihilape|11/100
|
|-weather|none
|-damage|p1b: Ursaluna|89/100 brn|[from] brn
|upkeep
|turn|11
|inactive|bassacucina777 has 30 seconds left.
|
|t:|1756800104
|move|p2b: Grimmsnarl|Reflect|p2b: Grimmsnarl
|-sidestart|p2: Cm3112|Reflect
|move|p2a: Annihilape|Drain Punch|p1b: Ursaluna
|-supereffective|p1b: Ursaluna
|-damage|p1b: Ursaluna|0 fnt
|-heal|p2a: Annihilape|59/100|[from] drain|[of] p1b: Ursaluna
|faint|p1b: Ursaluna
|
|win|Cm3112
