|j|☆Owez08
|j|☆XerneusVGC
|html|Owez08XerneusVGC    
|uhtml|bestof|Game 2 of a best-of-3
|t:|1784056267
|gametype|doubles
|player|p1|Owez08|miku-psychic|
|player|p2|XerneusVGC|grusha|
|gen|9
|tier|[Gen 9 Champions] VGC 2026 Reg M-B (Bo3)
|rule|Species Clause: Limit one of each Pokémon
|rule|Item Clause: Limit 1 of each item
|clearpoke
|poke|p1|Delphox, L50, M|
|poke|p1|Incineroar, L50, M, shiny|
|poke|p1|Sinistcha, L50|
|poke|p1|Maushold, L50|
|poke|p1|Blastoise, L50, M|
|poke|p1|Sneasler, L50, M|
|poke|p2|Grimmsnarl, L50, M|
|poke|p2|Venusaur, L50, M|
|poke|p2|Garchomp, L50, M|
|poke|p2|Incineroar, L50, F|
|poke|p2|Gholdengo, L50|
|poke|p2|Hydreigon, L50, F|
|teampreview|4
|showteam|p1|Delphox||Delphoxite|Blaze|Protect,NastyPlot,HeatWave,Psyshock|Modest||M|||50|]Incineroar||PasshoBerry|Intimidate|FlareBlitz,FakeOut,DarkestLariat,PartingShot|Impish||M|||50|]Sinistcha||KasibBerry|Hospitality|Protect,MatchaGotcha,RagePowder,LifeDew|Bold|||||50|]Maushold||FocusSash|FriendGuard|Protect,SuperFang,FollowMe,Feint|Jolly|||||50|]Blastoise||Blastoisinite|RainDish|Protect,ShellSmash,WaterSpout,DarkPulse|Modest||M|||50|]Sneasler||WhiteHerb|Unburden|Protect,FakeOut,GunkShot,CloseCombat|Jolly||M|||50|
|showteam|p2|Grimmsnarl||LightClay|Prankster|SpiritBreak,Reflect,LightScreen,PartingShot|Careful||M|||50|]Venusaur||Venusaurite|Chlorophyll|SludgeBomb,GigaDrain,LeechSeed,Protect|Calm||M|||50|]Garchomp||LifeOrb|RoughSkin|StompingTantrum,DragonClaw,RockSlide,Protect|Jolly||M|||50|]Incineroar||SitrusBerry|Intimidate|FlareBlitz,ThroatChop,PartingShot,FakeOut|Impish||F|||50|]Gholdengo||SpellTag|GoodasGold|MakeItRain,ShadowBall,NastyPlot,Protect|Modest|||||50|]Hydreigon||ChoiceScarf|Levitate|DracoMeteor,DarkPulse,EarthPower,Snarl|Modest||F|||50|
|j| PokeReplaysVGC
|j| RadiantSteelix
|j| IkeFAR
|j| axolottiee
|j| splash2ndcousin
|j| Aox93
|
|t:|1784056291
|teamsize|p1|4
|teamsize|p2|4
|start
|switch|p1a: Delphox|Delphox, L50, M|100/100
|switch|p1b: Sneasler|Sneasler, L50, M|100/100
|switch|p2a: Grimmsnarl|Grimmsnarl, L50, M|100/100
|switch|p2b: Venusaur|Venusaur, L50, M|100/100
|turn|1
|
|t:|1784056314
|switch|p2b: Incineroar|Incineroar, L50, F|100/100
|-ability|p2b: Incineroar|Intimidate|boost
|-unboost|p1a: Delphox|atk|1
|-unboost|p1b: Sneasler|atk|1
|-enditem|p1b: Sneasler|White Herb
|-clearnegativeboost|p1b: Sneasler|[silent]
|detailschange|p1a: Delphox|Delphox-Mega, L50, M
|-mega|p1a: Delphox|Delphox|Delphoxite
|move|p1b: Sneasler|Fake Out|p2b: Incineroar
|-damage|p2b: Incineroar|90/100
|move|p2a: Grimmsnarl|Light Screen|p2a: Grimmsnarl
|-sidestart|p2: XerneusVGC|move: Light Screen
|move|p1a: Delphox|Nasty Plot|p1a: Delphox
|-boost|p1a: Delphox|spa|2
|
|upkeep
|turn|2
|
|t:|1784056349
|move|p1a: Delphox|Protect|p1a: Delphox
|-singleturn|p1a: Delphox|Protect
|move|p2b: Incineroar|Fake Out|p1b: Sneasler
|-damage|p1b: Sneasler|88/100
|cant|p1b: Sneasler|flinch
|move|p2a: Grimmsnarl|Spirit Break|p1a: Delphox
|-activate|p1a: Delphox|move: Protect
|
|upkeep
|turn|3
|
|t:|1784056360
|move|p2a: Grimmsnarl|Reflect|p2a: Grimmsnarl
|-sidestart|p2: XerneusVGC|Reflect
|move|p1b: Sneasler|Close Combat|p2b: Incineroar
|-supereffective|p2b: Incineroar|1
|-damage|p2b: Incineroar|37/100
|-unboost|p1b: Sneasler|def|1
|-unboost|p1b: Sneasler|spd|1
|-enditem|p2b: Incineroar|Sitrus Berry|[eat]
|-heal|p2b: Incineroar|61/100|[from] item: Sitrus Berry
|move|p1a: Delphox|Heat Wave|p2b: Incineroar|[spread] p2a
|-miss|p1a: Delphox|p2b: Incineroar
|-damage|p2a: Grimmsnarl|46/100
|move|p2b: Incineroar|Throat Chop|p1a: Delphox
|-supereffective|p1a: Delphox|1
|-damage|p1a: Delphox|19/100
|-start|p1a: Delphox|Throat Chop|[silent]
|
|upkeep
|turn|4
|
|t:|1784056380
|move|p2a: Grimmsnarl|Parting Shot|p1b: Sneasler
|-unboost|p1b: Sneasler|atk|1
|-unboost|p1b: Sneasler|spa|1
|
|t:|1784056383
|switch|p2a: Venusaur|Venusaur, L50, M|100/100|[from] Parting Shot
|move|p1b: Sneasler|Close Combat|p2b: Incineroar
|-supereffective|p2b: Incineroar|1
|-damage|p2b: Incineroar|26/100
|-unboost|p1b: Sneasler|def|1
|-unboost|p1b: Sneasler|spd|1
|move|p1a: Delphox|Heat Wave|p2b: Incineroar|[spread] p2b
|-miss|p1a: Delphox|p2a: Venusaur
|-resisted|p2b: Incineroar|1
|-damage|p2b: Incineroar|0 fnt
|faint|p2b: Incineroar
|
|-end|p1a: Delphox|Throat Chop|[silent]
|upkeep
|
|t:|1784056393
|switch|p2b: Hydreigon|Hydreigon, L50, F|100/100
|turn|5
|
|t:|1784056424
|switch|p1b: Incineroar|Incineroar, L50, M, shiny|100/100
|-ability|p1b: Incineroar|Intimidate|boost
|-unboost|p2a: Venusaur|atk|1
|-unboost|p2b: Hydreigon|atk|1
|switch|p2b: Grimmsnarl|Grimmsnarl, L50, M|46/100
|detailschange|p2a: Venusaur|Venusaur-Mega, L50, M
|-mega|p2a: Venusaur|Venusaur|Venusaurite
|move|p1a: Delphox|Protect|p1a: Delphox
|-singleturn|p1a: Delphox|Protect
|move|p2a: Venusaur|Leech Seed|p1b: Incineroar
|-start|p1b: Incineroar|move: Leech Seed
|
|-damage|p1b: Incineroar|87/100|[from] Leech Seed|[of] p2a: Venusaur
|upkeep
|turn|6
|
|t:|1784056446
|move|p2a: Venusaur|Protect|p2a: Venusaur
|-singleturn|p2a: Venusaur|Protect
|move|p1b: Incineroar|Fake Out|p2a: Venusaur
|-activate|p2a: Venusaur|move: Protect
|move|p1a: Delphox|Heat Wave|p2a: Venusaur|[spread] p2b
|-activate|p2a: Venusaur|move: Protect
|-damage|p2b: Grimmsnarl|0 fnt
|faint|p2b: Grimmsnarl
|
|-damage|p1b: Incineroar|75/100|[from] Leech Seed|[of] p2a: Venusaur
|upkeep
|j| the gong lady
|
|t:|1784056455
|switch|p2b: Hydreigon|Hydreigon, L50, F|100/100
|turn|7
|
|t:|1784056463
|move|p1a: Delphox|Protect|p1a: Delphox
|-singleturn|p1a: Delphox|Protect
|move|p2b: Hydreigon|Snarl|p1a: Delphox|[spread] p1b
|-activate|p1a: Delphox|move: Protect
|-resisted|p1b: Incineroar|1
|-damage|p1b: Incineroar|64/100
|-unboost|p1b: Incineroar|spa|1
|move|p2a: Venusaur|Sludge Bomb|p1b: Incineroar
|-damage|p1b: Incineroar|30/100
|move|p1b: Incineroar|Parting Shot|p2b: Hydreigon
|-unboost|p2b: Hydreigon|atk|1
|-unboost|p2b: Hydreigon|spa|1
|
|t:|1784056477
|switch|p1b: Maushold|Maushold, L50|100/100|[from] Parting Shot
|
|upkeep
|turn|8
|
|t:|1784056486
|move|p1b: Maushold|Follow Me|p1b: Maushold
|-singleturn|p1b: Maushold|move: Follow Me
|move|p2b: Hydreigon|Snarl|p1a: Delphox|[spread] p1a,p1b
|-supereffective|p1a: Delphox|1
|-damage|p1a: Delphox|0 fnt
|-damage|p1b: Maushold|81/100
|-unboost|p1b: Maushold|spa|1
|faint|p1a: Delphox
|move|p2a: Venusaur|Sludge Bomb|p1b: Maushold
|-damage|p1b: Maushold|32/100
|
|-sideend|p2: XerneusVGC|move: Light Screen
|upkeep
|
|t:|1784056496
|switch|p1a: Sneasler|Sneasler, L50, M|88/100
|turn|9
|
|t:|1784056529
|move|p2b: Hydreigon|Snarl|p1b: Maushold|[spread] p1b
|-miss|p2b: Hydreigon|p1a: Sneasler
|-damage|p1b: Maushold|12/100
|-unboost|p1b: Maushold|spa|1
|move|p1b: Maushold|Super Fang|p2a: Venusaur|[miss]
|-miss|p1b: Maushold|p2a: Venusaur
|move|p1a: Sneasler|Close Combat|p2b: Hydreigon
|-supereffective|p2b: Hydreigon|1
|-damage|p2b: Hydreigon|21/100
|-unboost|p1a: Sneasler|def|1
|-unboost|p1a: Sneasler|spd|1
|move|p2a: Venusaur|Sludge Bomb|p1b: Maushold
|-damage|p1b: Maushold|0 fnt
|faint|p1b: Maushold
|
|upkeep
|
|t:|1784056544
|switch|p1b: Incineroar|Incineroar, L50, M, shiny|30/100
|-ability|p1b: Incineroar|Intimidate|boost
|-unboost|p2a: Venusaur|atk|1
|-unboost|p2b: Hydreigon|atk|1
|turn|10
|
|t:|1784056553
|move|p1b: Incineroar|Fake Out|p2b: Hydreigon
|-damage|p2b: Hydreigon|13/100
|cant|p2b: Hydreigon|flinch
|move|p1a: Sneasler|Close Combat|p2b: Hydreigon
|-supereffective|p2b: Hydreigon|1
|-damage|p2b: Hydreigon|0 fnt
|-unboost|p1a: Sneasler|def|1
|-unboost|p1a: Sneasler|spd|1
|faint|p2b: Hydreigon
|move|p2a: Venusaur|Sludge Bomb|p1b: Incineroar
|-damage|p1b: Incineroar|0 fnt
|faint|p1b: Incineroar
|
|-sideend|p2: XerneusVGC|Reflect
|upkeep
|turn|11
|
|t:|1784056561
|move|p1a: Sneasler|Gunk Shot|p2a: Venusaur
|-damage|p2a: Venusaur|62/100
|move|p2a: Venusaur|Leech Seed|p1a: Sneasler|[miss]
|-miss|p2a: Venusaur|p1a: Sneasler
|
|upkeep
|turn|12
|
|t:|1784056567
|move|p1a: Sneasler|Gunk Shot|p2a: Venusaur
|-damage|p2a: Venusaur|24/100
|move|p2a: Venusaur|Leech Seed|p1a: Sneasler
|-start|p1a: Sneasler|move: Leech Seed
|
|-damage|p1a: Sneasler|75/100|[from] Leech Seed|[of] p2a: Venusaur
|-heal|p2a: Venusaur|36/100|[silent]
|upkeep
|turn|13
|
|t:|1784056574
|move|p2a: Venusaur|Protect|p2a: Venusaur
|-singleturn|p2a: Venusaur|Protect
|move|p1a: Sneasler|Gunk Shot|p2a: Venusaur
|-activate|p2a: Venusaur|move: Protect
|
|-damage|p1a: Sneasler|63/100|[from] Leech Seed|[of] p2a: Venusaur
|-heal|p2a: Venusaur|48/100|[silent]
|upkeep
|turn|14
|
|t:|1784056578
|move|p1a: Sneasler|Gunk Shot|p2a: Venusaur
|-damage|p2a: Venusaur|11/100
|move|p2a: Venusaur|Giga Drain|p1a: Sneasler
|-resisted|p1a: Sneasler|1
|-damage|p1a: Sneasler|29/100
|-heal|p2a: Venusaur|27/100|[from] drain|[of] p1a: Sneasler
|
|-damage|p1a: Sneasler|16/100|[from] Leech Seed|[of] p2a: Venusaur
|-heal|p2a: Venusaur|40/100|[silent]
|upkeep
|turn|15
|
|t:|1784056588
|move|p2a: Venusaur|Protect|p2a: Venusaur
|-singleturn|p2a: Venusaur|Protect
|move|p1a: Sneasler|Gunk Shot|p2a: Venusaur
|-activate|p2a: Venusaur|move: Protect
|
|-damage|p1a: Sneasler|4/100|[from] Leech Seed|[of] p2a: Venusaur
|-heal|p2a: Venusaur|52/100|[silent]
|upkeep
|turn|16
|
|t:|1784056592
|move|p1a: Sneasler|Gunk Shot|p2a: Venusaur
|-damage|p2a: Venusaur|18/100
|move|p2a: Venusaur|Giga Drain|p1a: Sneasler
|-resisted|p1a: Sneasler|1
|-damage|p1a: Sneasler|0 fnt
|-heal|p2a: Venusaur|20/100y|[from] drain|[of] p1a: Sneasler
|faint|p1a: Sneasler
|
|win|XerneusVGC
|c|☆Owez08|gg
|c|☆XerneusVGC|ggs
|l| Aox93
|l| PokeReplaysVGC
|l| axolottiee
|l| splash2ndcousin
|j| runeking6573
|l| runeking6573
|l| the gong lady
