|j|☆arcaninebr 2.0
|j|☆ZekromAllDay
|html|arcaninebr 2.0ZekromAllDay    
|uhtml|bestof|Game 2 of a best-of-3
|t:|1756505047
|gametype|doubles
|player|p1|arcaninebr 2.0|169|1042
|player|p2|ZekromAllDay|102|1142
|gen|9
|tier|[Gen 9] VGC 2025 Reg H (Bo3)
|rated|
|rule|Species Clause: Limit one of each Pokémon
|rule|Item Clause: Limit 1 of each item
|clearpoke
|poke|p1|Arcanine, L50, M|
|poke|p1|Electabuzz, L50, F|
|poke|p1|Rillaboom, L50, F|
|poke|p1|Sneasler, L50, M|
|poke|p1|Annihilape, L50, F|
|poke|p1|Dragonite, L50, F|
|poke|p2|Basculegion, L50, M|
|poke|p2|Pelipper, L50, M|
|poke|p2|Archaludon, L50, M|
|poke|p2|Dragonite, L50, F|
|poke|p2|Indeedee, L50, M|
|poke|p2|Sneasler, L50, F|
|teampreview|4
|showteam|p1|Arcanine||RockyHelmet|Intimidate|HeatWave,Snarl,Protect,WillOWisp|||M|||50|,,,,,Grass]Electabuzz||Eviolite|VitalSpirit|Protect,Taunt,Electroweb,FollowMe|||F|||50|,,,,,Electric]Rillaboom||AssaultVest|GrassySurge|WoodHammer,HighHorsepower,FakeOut,GrassyGlide|||F|||50|,,,,,Grass]Sneasler||GrassySeed|Unburden|CloseCombat,DireClaw,ThroatChop,FakeOut|||M|||50|,,,,,Dark]Annihilape||SafetyGoggles|Defiant|RageFist,CloseCombat,Taunt,Protect|||F|||50|,,,,,Fighting]Dragonite||LoadedDice|Multiscale|ScaleShot,ExtremeSpeed,StompingTantrum,Protect|||F|||50|,,,,,Normal
|showteam|p2|Basculegion||ChoiceBand|SwiftSwim|WaveCrash,LastRespects,AquaJet,FlipTurn|||M|||50|,,,,,Grass]Pelipper||CovertCloak|Drizzle|WeatherBall,Hurricane,Tailwind,MuddyWater|||M|||50|,,,,,Stellar]Archaludon||AssaultVest|Stamina|ElectroShot,DracoMeteor,BodyPress,FlashCannon|||M|||50|,,,,,Bug]Dragonite||LoadedDice|InnerFocus|ScaleShot,Tailwind,Haze,Protect|||F|||50|,,,,,Fairy]Indeedee||FocusSash|PsychicSurge|ExpandingForce,TrickRoom,TeraBlast,Protect|||M|||50|,,,,,Psychic]Sneasler||PsychicSeed|Unburden|CloseCombat,ThroatChop,DireClaw,Protect|||F|||50|,,,,,Dark
|
|t:|1756505064
|teamsize|p1|4
|teamsize|p2|4
|start
|switch|p1a: Rillaboom|Rillaboom, L50, F|100/100
|switch|p1b: Sneasler|Sneasler, L50, M|100/100
|switch|p2a: Pelipper|Pelipper, L50, M|100/100
|switch|p2b: Basculegion|Basculegion, L50, M|100/100
|-fieldstart|move: Grassy Terrain|[from] ability: Grassy Surge|[of] p1a: Rillaboom
|-enditem|p1b: Sneasler|Grassy Seed
|-boost|p1b: Sneasler|def|1|[from] item: Grassy Seed
|-weather|RainDance|[from] ability: Drizzle|[of] p2a: Pelipper
|turn|1
|
|t:|1756505094
|switch|p2b: Archaludon|Archaludon, L50, M|100/100
|-terastallize|p1a: Rillaboom|Grass
|move|p1a: Rillaboom|Fake Out|p2a: Pelipper
|-damage|p2a: Pelipper|84/100
|move|p1b: Sneasler|Dire Claw|p2b: Archaludon
|-immune|p2b: Archaludon
|move|p2a: Pelipper|Hurricane|p1b: Sneasler
|-supereffective|p1b: Sneasler
|-damage|p1b: Sneasler|0 fnt
|faint|p1b: Sneasler
|
|-weather|RainDance|[upkeep]
|upkeep
|
|t:|1756505114
|switch|p1b: Annihilape|Annihilape, L50, F|100/100
|turn|2
|
|t:|1756505130
|-terastallize|p2b: Archaludon|Bug
|move|p1a: Rillaboom|Grassy Glide|p2a: Pelipper
|-damage|p2a: Pelipper|28/100
|move|p1b: Annihilape|Close Combat|p2b: Archaludon
|-resisted|p2b: Archaludon
|-damage|p2b: Archaludon|84/100
|-unboost|p1b: Annihilape|def|1
|-unboost|p1b: Annihilape|spd|1
|-ability|p2b: Archaludon|Stamina|boost
|-boost|p2b: Archaludon|def|1
|move|p2b: Archaludon|Body Press|p1a: Rillaboom
|-crit|p1a: Rillaboom
|-damage|p1a: Rillaboom|37/100
|move|p2a: Pelipper|Tailwind|p2a: Pelipper
|-sidestart|p2: ZekromAllDay|move: Tailwind
|
|-weather|RainDance|[upkeep]
|-heal|p2b: Archaludon|90/100|[from] Grassy Terrain
|-heal|p1a: Rillaboom|43/100|[from] Grassy Terrain
|upkeep
|turn|3
|
|t:|1756505150
|move|p1a: Rillaboom|Grassy Glide|p2a: Pelipper
|-damage|p2a: Pelipper|0 fnt
|faint|p2a: Pelipper
|move|p2b: Archaludon|Body Press|p1a: Rillaboom
|-damage|p1a: Rillaboom|2/100
|move|p1b: Annihilape|Rage Fist|p2b: Archaludon
|-damage|p2b: Archaludon|79/100
|-ability|p2b: Archaludon|Stamina|boost
|-boost|p2b: Archaludon|def|1
|
|-weather|RainDance|[upkeep]
|-heal|p2b: Archaludon|86/100|[from] Grassy Terrain
|-heal|p1a: Rillaboom|8/100|[from] Grassy Terrain
|upkeep
|
|t:|1756505161
|switch|p2a: Dragonite|Dragonite, L50, F|100/100
|turn|4
|
|t:|1756505176
|move|p1a: Rillaboom|Grassy Glide|p2a: Dragonite
|-resisted|p2a: Dragonite
|-damage|p2a: Dragonite|89/100
|move|p2a: Dragonite|Scale Shot|p1a: Rillaboom
|-damage|p1a: Rillaboom|0 fnt
|faint|p1a: Rillaboom
|-hitcount|p1: Rillaboom|1
|-unboost|p2a: Dragonite|def|1
|-boost|p2a: Dragonite|spe|1
|move|p2b: Archaludon|Electro Shot||[still]
|-prepare|p2b: Archaludon|Electro Shot
|-boost|p2b: Archaludon|spa|1
|-anim|p2b: Archaludon|Electro Shot|p1b: Annihilape
|-damage|p1b: Annihilape|4/100
|move|p1b: Annihilape|Rage Fist|p2a: Dragonite
|-damage|p2a: Dragonite|14/100
|
|-weather|RainDance|[upkeep]
|-heal|p2b: Archaludon|92/100|[from] Grassy Terrain
|-heal|p1b: Annihilape|10/100|[from] Grassy Terrain
|upkeep
|
|t:|1756505195
|switch|p1a: Dragonite|Dragonite, L50, F|100/100
|turn|5
|
|t:|1756505219
|move|p1b: Annihilape|Protect|p1b: Annihilape
|-singleturn|p1b: Annihilape|Protect
|move|p1a: Dragonite|Protect|p1a: Dragonite
|-singleturn|p1a: Dragonite|Protect
|move|p2a: Dragonite|Scale Shot|p1a: Dragonite
|-activate|p1a: Dragonite|move: Protect
|move|p2b: Archaludon|Electro Shot||[still]
|-prepare|p2b: Archaludon|Electro Shot
|-boost|p2b: Archaludon|spa|1
|-anim|p2b: Archaludon|Electro Shot|p1b: Annihilape
|-activate|p1b: Annihilape|move: Protect
|
|-weather|none
|-heal|p2b: Archaludon|98/100|[from] Grassy Terrain
|-heal|p1b: Annihilape|16/100|[from] Grassy Terrain
|-sideend|p2: ZekromAllDay|move: Tailwind
|-fieldend|move: Grassy Terrain
|upkeep
|turn|6
|
|t:|1756505238
|move|p1a: Dragonite|Extreme Speed|p2a: Dragonite
|-damage|p2a: Dragonite|0 fnt
|faint|p2a: Dragonite
|move|p1b: Annihilape|Rage Fist|p2b: Archaludon
|-damage|p2b: Archaludon|84/100
|-ability|p2b: Archaludon|Stamina|boost
|-boost|p2b: Archaludon|def|1
|move|p2b: Archaludon|Draco Meteor|p1a: Dragonite
|-supereffective|p1a: Dragonite
|-crit|p1a: Dragonite
|-damage|p1a: Dragonite|0 fnt
|-unboost|p2b: Archaludon|spa|2
|faint|p1a: Dragonite
|
|upkeep
|
|t:|1756505249
|switch|p2a: Basculegion|Basculegion, L50, M|100/100
|turn|7
|
|t:|1756505255
|move|p2a: Basculegion|Aqua Jet|p1b: Annihilape
|-damage|p1b: Annihilape|0 fnt
|faint|p1b: Annihilape
|
|win|ZekromAllDay
|raw|arcaninebr 2.0's rating: 1042 → 1030(-12 for losing)
|raw|ZekromAllDay's rating: 1142 → 1160(+18 for winning)
