|j|☆Kheld
|j|☆naibot2814
|html|Kheldnaibot2814    
|uhtml|bestof|Game 1 of a best-of-3
|t:|1783186923
|gametype|doubles
|player|p1|Kheld|102|1142
|player|p2|naibot2814|ghetsis|1280
|gen|9
|tier|[Gen 9 Champions] VGC 2026 Reg M-B (Bo3)
|rated|
|rule|Species Clause: Limit one of each Pokémon
|rule|Item Clause: Limit 1 of each item
|clearpoke
|poke|p1|Greninja, L50, M|
|poke|p1|Ninetales-Alola, L50, M|
|poke|p1|Annihilape, L50, F|
|poke|p1|Metagross, L50|
|poke|p1|Farigiraf, L50, M|
|poke|p1|Incineroar, L50, F|
|poke|p2|Incineroar, L50, M|
|poke|p2|Sinistcha, L50, shiny|
|poke|p2|Kingambit, L50, M|
|poke|p2|Delphox, L50, F|
|poke|p2|Sneasler, L50, M|
|poke|p2|Floette-Eternal, L50, F|
|teampreview|4
|showteam|p1|Greninja||Greninjite|Protean|Blizzard,RockSlide,Protect,WaterShuriken|Hasty||M|||50|]Ninetales-Alola||FocusSash|SnowWarning|Blizzard,Protect,FreezeDry,AuroraVeil|Timid||M|||50|]Annihilape||ChoiceScarf|Defiant|CloseCombat,Coaching,RageFist,Uturn|Adamant||F|||50|]Metagross||Metagrossite|ClearBody|StompingTantrum,IronHead,Protect,PsychicFangs|Adamant|||||50|]Farigiraf||SitrusBerry|ArmorTail|TwinBeam,Thunderbolt,TrickRoom,HelpingHand|Bold||M|||50|]Incineroar||PasshoBerry|Intimidate|FakeOut,ThroatChop,FlareBlitz,PartingShot|Careful||F|||50|
|showteam|p2|Incineroar||SitrusBerry|Intimidate|FakeOut,DarkestLariat,FlareBlitz,PartingShot|Careful||M|||50|]Sinistcha||OccaBerry|Hospitality|MatchaGotcha,RagePowder,TrickRoom,Protect|Bold|||||50|]Kingambit||BlackGlasses|Defiant|KowtowCleave,SuckerPunch,SwordsDance,Protect|Adamant||M|||50|]Delphox||Delphoxite|Blaze|HeatWave,Psyshock,NastyPlot,Protect|Timid||F|||50|]Sneasler||FocusSash|PoisonTouch|FakeOut,PoisonJab,CloseCombat,Protect|Jolly||M|||50|]Floette-Eternal||Floettite|FlowerVeil|DrainingKiss,DazzlingGleam,CalmMind,Protect|Modest||F|||50|
|
|t:|1783186970
|teamsize|p1|4
|teamsize|p2|4
|start
|switch|p1a: Greninja|Greninja, L50, M|100/100
|switch|p1b: Annihilape|Annihilape, L50, F|100/100
|switch|p2a: Delphox|Delphox, L50, F|100/100
|switch|p2b: Sneasler|Sneasler, L50, M|100/100
|turn|1
|
|t:|1783186995
|switch|p2a: Kingambit|Kingambit, L50, M|100/100
|move|p1a: Greninja|Water Shuriken|p1b: Annihilape
|-start|p1a: Greninja|typechange|Water|[from] ability: Protean
|-damage|p1b: Annihilape|91/100
|-damage|p1b: Annihilape|83/100
|-hitcount|p1b: Annihilape|2
|move|p1b: Annihilape|Rage Fist|p2a: Kingambit
|-resisted|p2a: Kingambit|1
|-damage|p2a: Kingambit|69/100
|move|p2b: Sneasler|Close Combat|p1a: Greninja
|-damage|p1a: Greninja|0 fnt
|-unboost|p2b: Sneasler|def|1
|-unboost|p2b: Sneasler|spd|1
|faint|p1a: Greninja
|
|upkeep
|
|t:|1783187014
|switch|p1a: Ninetales|Ninetales-Alola, L50, M|100/100
|-weather|Snowscape|[from] ability: Snow Warning|[of] p1a: Ninetales
|turn|2
|
|t:|1783187028
|move|p2a: Kingambit|Protect|p2a: Kingambit
|-singleturn|p2a: Kingambit|Protect
|move|p1b: Annihilape|Rage Fist|p2a: Kingambit
|-activate|p2a: Kingambit|move: Protect
|move|p2b: Sneasler|Poison Jab|p1b: Annihilape
|-resisted|p1b: Annihilape|1
|-damage|p1b: Annihilape|58/100
|move|p1a: Ninetales|Aurora Veil|p1a: Ninetales
|-sidestart|p1: Kheld|move: Aurora Veil
|
|-weather|Snowscape|[upkeep]
|upkeep
|turn|3
|
|t:|1783187048
|move|p2a: Kingambit|Sucker Punch|p1b: Annihilape
|-damage|p1b: Annihilape|21/100
|move|p1b: Annihilape|Rage Fist|p2a: Kingambit
|-resisted|p2a: Kingambit|1
|-damage|p2a: Kingambit|23/100
|move|p2b: Sneasler|Poison Jab|p1a: Ninetales
|-supereffective|p1a: Ninetales|1
|-damage|p1a: Ninetales|46/100
|-status|p1a: Ninetales|psn
|move|p1a: Ninetales|Blizzard|p2a: Kingambit|[spread] p2a,p2b
|-resisted|p2a: Kingambit|1
|-damage|p2a: Kingambit|8/100
|-damage|p2b: Sneasler|35/100
|
|-weather|Snowscape|[upkeep]
|-damage|p1a: Ninetales|34/100 psn|[from] psn
|upkeep
|turn|4
|
|t:|1783187069
|switch|p1b: Incineroar|Incineroar, L50, F|100/100
|-ability|p1b: Incineroar|Intimidate|boost
|-unboost|p2a: Kingambit|atk|1
|-ability|p2a: Kingambit|Defiant|boost
|-boost|p2a: Kingambit|atk|2
|-unboost|p2b: Sneasler|atk|1
|move|p2a: Kingambit|Sucker Punch||[still]
|-fail|p2a: Kingambit
|move|p2b: Sneasler|Poison Jab|p1a: Ninetales
|-supereffective|p1a: Ninetales|1
|-damage|p1a: Ninetales|0 fnt
|faint|p1a: Ninetales
|
|-weather|Snowscape|[upkeep]
|upkeep
|
|t:|1783187083
|switch|p1a: Annihilape|Annihilape, L50, F|21/100
|turn|5
|-message|Kheld forfeited.
|
|win|naibot2814
|l|☆Kheld
|player|p1|
||Kheld is ready for game 2.
||Kheld is ready for game 2.
||naibot2814 is ready for game 2.
|uhtml|next|Next: Game 2 of 3
