|j|â˜†MarkTheMarker
|j|â˜†SleepD2
|html|MarkTheMarkerSleepD2    
|uhtml|bestof|Game 2 of a best-of-3
|t:|1786059389
|gametype|doubles
|player|p1|MarkTheMarker|wallace|1321
|player|p2|SleepD2|1|1376
|gen|9
|tier|[Gen 9 Champions] VGC 2026 Reg M-B (Bo3)
|rated|
|rule|Species Clause: Limit one of each PokÃ©mon
|rule|Item Clause: Limit 1 of each item
|clearpoke
|poke|p1|Pelipper, L50, M|
|poke|p1|Swampert, L50, M|
|poke|p1|Archaludon, L50, M|
|poke|p1|Grimmsnarl, L50, M|
|poke|p1|Venusaur, L50, M|
|poke|p1|Charizard, L50, M|
|poke|p2|Staraptor, L50, M|
|poke|p2|Garchomp, L50, M|
|poke|p2|Whimsicott, L50, F|
|poke|p2|Delphox, L50, F|
|poke|p2|Glimmora, L50, M|
|poke|p2|Kingambit, L50, M|
|teampreview|4
|showteam|p1|Pelipper||SitrusBerry|Drizzle|WeatherBall,Hurricane,WideGuard,Tailwind|Modest||M|||50|]Swampert||Swampertite|Damp|Protect,WaveCrash,Earthquake,IcePunch|Adamant||M|||50|]Archaludon||Leftovers|Stamina|Protect,DragonPulse,FlashCannon,ElectroShot|Modest||M|||50|]Grimmsnarl||LightClay|Prankster|SpiritBreak,PartingShot,Reflect,LightScreen|Sassy||M|||50|]Venusaur||FocusSash|Chlorophyll|SleepPowder,SludgeBomb,EarthPower,Protect|Modest||M|||50|]Charizard||CharizarditeY|Blaze|Protect,HeatWave,WeatherBall,SolarBeam|Modest||M|||50|
|showteam|p2|Staraptor||Staraptite|Intimidate|Protect,Roost,CloseCombat,BraveBird|Jolly||M|||50|]Garchomp||LifeOrb|RoughSkin|Protect,RockSlide,Earthquake,DragonClaw|Jolly||M|||50|]Whimsicott||OccaBerry|Prankster|Moonblast,Tailwind,Charm,LightScreen|Timid||F|||50|]Delphox||Delphoxite|Magician|Protect,Psychic,HeatWave,Substitute|Timid||F|||50|]Glimmora||FocusSash|ToxicDebris|SpikyShield,SludgeBomb,EarthPower,PowerGem|Timid||M|||50|]Kingambit||ChopleBerry|Defiant|SuckerPunch,LowKick,IronHead,KowtowCleave|Adamant||M|||50|
|inactive|Battle timer is ON: inactive players will automatically lose when time's up. (requested by SleepD2)
|
|t:|1786059402
|teamsize|p1|4
|teamsize|p2|4
|start
|switch|p1a: Pelipper|Pelipper, L50, M|100/100
|switch|p1b: Swampert|Swampert, L50, M|100/100
|switch|p2a: Whimsicott|Whimsicott, L50, F|100/100
|switch|p2b: Glimmora|Glimmora, L50, M|100/100
|-weather|RainDance|[from] ability: Drizzle|[of] p1a: Pelipper
|turn|1
|
|t:|1786059426
|switch|p1a: Archaludon|Archaludon, L50, M|100/100
|detailschange|p1b: Swampert|Swampert-Mega, L50, M
|-mega|p1b: Swampert|Swampert|Swampertite
|move|p2a: Whimsicott|Charm|p1b: Swampert
|-unboost|p1b: Swampert|atk|2
|move|p1b: Swampert|Ice Punch|p2a: Whimsicott
|-supereffective|p2a: Whimsicott|1
|-damage|p2a: Whimsicott|61/100
|move|p2b: Glimmora|Power Gem|p1a: Archaludon
|-resisted|p1a: Archaludon|1
|-damage|p1a: Archaludon|80/100
|-ability|p1a: Archaludon|Stamina|boost
|-boost|p1a: Archaludon|def|1
|
|-weather|RainDance|[upkeep]
|-heal|p1a: Archaludon|86/100|[from] item: Leftovers
|upkeep
|turn|2
|inactive|MarkTheMarker has 30 seconds left.
|inactive|SleepD2 has 30 seconds left.
|inactive|MarkTheMarker has 20 seconds left.
|
|t:|1786059463
|switch|p2a: Staraptor|Staraptor, L50, M|100/100
|-ability|p2a: Staraptor|Intimidate|boost
|-unboost|p1a: Archaludon|atk|1
|-unboost|p1b: Swampert|atk|1
|switch|p2b: Garchomp|Garchomp, L50, M|100/100
|move|p1b: Swampert|Wave Crash|p2b: Garchomp
|-damage|p2b: Garchomp|53/100
|-damage|p1b: Swampert|87/100|[from] ability: Rough Skin|[of] p2b: Garchomp
|-damage|p1b: Swampert|72/100|[from] Recoil
|move|p1a: Archaludon|Electro Shot||[still]
|-prepare|p1a: Archaludon|Electro Shot
|-boost|p1a: Archaludon|spa|1
|-anim|p1a: Archaludon|Electro Shot|p2b: Garchomp
|-immune|p2b: Garchomp
|
|-weather|RainDance|[upkeep]
|-heal|p1a: Archaludon|92/100|[from] item: Leftovers
|upkeep
|turn|3
|
|t:|1786059487
|switch|p1b: Charizard|Charizard, L50, M|100/100
|detailschange|p2a: Staraptor|Staraptor-Mega, L50, M
|-mega|p2a: Staraptor|Staraptor|Staraptite
|move|p2a: Staraptor|Close Combat|p1a: Archaludon
|-supereffective|p1a: Archaludon|1
|-damage|p1a: Archaludon|33/100
|-boost|p2a: Staraptor|def|1
|-boost|p2a: Staraptor|spd|1
|-ability|p1a: Archaludon|Stamina|boost
|-boost|p1a: Archaludon|def|1
|move|p2b: Garchomp|Earthquake|p1b: Charizard|[spread] p1a
|-immune|p2a: Staraptor
|-immune|p1b: Charizard
|-supereffective|p1a: Archaludon|1
|-damage|p1a: Archaludon|0 fnt
|faint|p1a: Archaludon
|-damage|p2b: Garchomp|43/100|[from] item: Life Orb
|
|-weather|RainDance|[upkeep]
|upkeep
|
|t:|1786059490
|switch|p1a: Swampert|Swampert-Mega, L50, M|72/100
|turn|4
|
|t:|1786059511
|move|p2a: Staraptor|Protect|p2a: Staraptor
|-singleturn|p2a: Staraptor|Protect
|move|p1b: Charizard|Protect|p1b: Charizard
|-singleturn|p1b: Charizard|Protect
|move|p1a: Swampert|Wave Crash|p2a: Staraptor
|-activate|p2a: Staraptor|move: Protect
|move|p2b: Garchomp|Rock Slide|p1a: Swampert|[spread] p1a
|-activate|p1b: Charizard|move: Protect
|-resisted|p1a: Swampert|1
|-damage|p1a: Swampert|61/100
|-damage|p2b: Garchomp|33/100|[from] item: Life Orb
|
|-weather|RainDance|[upkeep]
|upkeep
|turn|5
|
|t:|1786059527
|move|p1a: Swampert|Wave Crash|p2a: Staraptor
|-damage|p2a: Staraptor|26/100
|-damage|p1a: Swampert|36/100|[from] Recoil
|move|p2a: Staraptor|Close Combat|p1a: Swampert
|-damage|p1a: Swampert|0 fnt
|-boost|p2a: Staraptor|def|1
|-boost|p2a: Staraptor|spd|1
|faint|p1a: Swampert
|move|p2b: Garchomp|Rock Slide|p1b: Charizard
|-supereffective|p1b: Charizard|2
|-damage|p1b: Charizard|0 fnt
|faint|p1b: Charizard
|-damage|p2b: Garchomp|24/100|[from] item: Life Orb
|
|-weather|none
|upkeep
|c|â˜†MarkTheMarker|Yeah I may be very trash, Iâ€™m always getting outplayed
|
|t:|1786059550
|switch|p1b: Pelipper|Pelipper, L50, M|100/100
|-weather|RainDance|[from] ability: Drizzle|[of] p1b: Pelipper
|turn|6
|
|t:|1786059555
|move|p1b: Pelipper|Wide Guard|p1b: Pelipper
|-singleturn|p1b: Pelipper|Wide Guard
|move|p2a: Staraptor|Brave Bird|p1b: Pelipper
|-damage|p1b: Pelipper|42/100
|-enditem|p1b: Pelipper|Sitrus Berry|[eat]
|-heal|p1b: Pelipper|66/100|[from] item: Sitrus Berry
|-damage|p2a: Staraptor|10/100|[from] Recoil
|move|p2b: Garchomp|Rock Slide|p1b: Pelipper
|-activate|p1b: Pelipper|move: Wide Guard
|
|-weather|RainDance|[upkeep]
|upkeep
|turn|7
|c|â˜†MarkTheMarker|Just put me in 1100 elo
|
|t:|1786059571
|move|p2a: Staraptor|Brave Bird|p1b: Pelipper
|-damage|p1b: Pelipper|10/100
|-damage|p2a: Staraptor|0 fnt|[from] Recoil
|faint|p2a: Staraptor
|move|p2b: Garchomp|Dragon Claw|p1b: Pelipper
|-damage|p1b: Pelipper|0 fnt
|faint|p1b: Pelipper
|-damage|p2b: Garchomp|14/100|[from] item: Life Orb
|
|win|SleepD2
|raw|MarkTheMarker's rating: 1321 → 1304(-17 for losing)
|raw|SleepD2's rating: 1376 → 1393(+17 for winning)
|l|â˜†MarkTheMarker
|player|p1|
|l|â˜†SleepD2
|player|p2|
|j|â˜†SleepD2
|player|p2|SleepD2|1|
