|j|☆JNSS
|j|☆kickercasillas
|html|JNSSkickercasillas    
|uhtml|bestof|Game 3 of a best-of-3
|t:|1783588032
|gametype|doubles
|player|p1|JNSS|emma-lza|1103
|player|p2|kickercasillas|lillie-z|1150
|gen|9
|tier|[Gen 9 Champions] VGC 2026 Reg M-B (Bo3)
|rated|
|rule|Species Clause: Limit one of each Pokémon
|rule|Item Clause: Limit 1 of each item
|clearpoke
|poke|p1|Sneasler, L50, M|
|poke|p1|Blastoise, L50, M|
|poke|p1|Kingambit, L50, M|
|poke|p1|Incineroar, L50, M|
|poke|p1|Delphox, L50, F|
|poke|p1|Sinistcha, L50|
|poke|p2|Vileplume, L50, F, shiny|
|poke|p2|Kangaskhan, L50, F|
|poke|p2|Farigiraf, L50, F|
|poke|p2|Torkoal, L50, M, shiny|
|poke|p2|Basculegion, L50, M|
|poke|p2|Kommo-o, L50, M|
|teampreview|4
|showteam|p1|Sneasler||FocusSash|PoisonTouch|PoisonJab,CloseCombat,FakeOut,QuickGuard|Jolly||M|||50|]Blastoise||Blastoisinite|RainDish|DarkPulse,WaterSpout,ShellSmash,Protect|Modest||M|||50|]Kingambit||BlackGlasses|Defiant|KowtowCleave,SuckerPunch,SwordsDance,Protect|Adamant||M|||50|]Incineroar||SitrusBerry|Intimidate|FlareBlitz,HelpingHand,PartingShot,FakeOut|Careful||M|||50|]Delphox||Delphoxite|Blaze|HeatWave,NastyPlot,Psyshock,Protect|Modest||F|||50|]Sinistcha||KasibBerry|Hospitality|MatchaGotcha,RagePowder,TrickRoom,Protect|Bold|||||50|
|showteam|p2|Vileplume||FocusSash|Chlorophyll|SludgeBomb,EnergyBall,SleepPowder,AfterYou|Timid||F|||50|]Kangaskhan||Kangaskhanite|Scrappy|DoubleEdge,FakeOut,LowKick,SuckerPunch|Adamant||F|||50|]Farigiraf||ColburBerry|ArmorTail|HyperVoice,Psychic,Protect,TrickRoom|Quiet||F|||50|]Torkoal||Charcoal|Drought|Eruption,WeatherBall,EarthPower,Protect|Quiet||M|||50|]Basculegion||ChoiceScarf|Adaptability|AquaJet,WaveCrash,LastRespects,FlipTurn|Jolly||M|||50|]Kommo-o||HabanBerry|Overcoat|ClangingScales,AuraSphere,Protect,ClangorousSoul|Modest||M|||50|
|inactive|Battle timer is ON: inactive players will automatically lose when time's up. (requested by JNSS)
|
|t:|1783588051
|teamsize|p1|4
|teamsize|p2|4
|start
|switch|p1a: Delphox|Delphox, L50, F|100/100
|switch|p1b: Sneasler|Sneasler, L50, M|100/100
|switch|p2a: Kangaskhan|Kangaskhan, L50, F|100/100
|switch|p2b: Farigiraf|Farigiraf, L50, F|100/100
|turn|1
|
|t:|1783588066
|detailschange|p1a: Delphox|Delphox-Mega, L50, F
|-mega|p1a: Delphox|Delphox|Delphoxite
|detailschange|p2a: Kangaskhan|Kangaskhan-Mega, L50, F
|-mega|p2a: Kangaskhan|Kangaskhan|Kangaskhanite
|move|p1a: Delphox|Protect|p1a: Delphox
|-singleturn|p1a: Delphox|Protect
|move|p2a: Kangaskhan|Fake Out|p1b: Sneasler
|-damage|p1b: Sneasler|68/100
|-damage|p1b: Sneasler|61/100
|-hitcount|p1b: Sneasler|2
|cant|p1b: Sneasler|flinch
|move|p2b: Farigiraf|Trick Room|p2b: Farigiraf
|-fieldstart|move: Trick Room|[of] p2b: Farigiraf
|
|upkeep
|turn|2
|
|t:|1783588084
|switch|p1a: Sinistcha|Sinistcha, L50|100/100
|-heal|p1b: Sneasler|85/100|[from] ability: Hospitality|[of] p1a: Sinistcha
|switch|p1b: Incineroar|Incineroar, L50, M|100/100
|-ability|p1b: Incineroar|Intimidate|boost
|-unboost|p2a: Kangaskhan|atk|1
|-unboost|p2b: Farigiraf|atk|1
|move|p2b: Farigiraf|Hyper Voice|p1a: Sinistcha|[spread] p1b
|-immune|p1a: Sinistcha
|-damage|p1b: Incineroar|75/100
|move|p2a: Kangaskhan|Double-Edge|p1a: Sinistcha
|-immune|p1a: Sinistcha
|
|upkeep
|turn|3
|
|t:|1783588093
|switch|p2a: Torkoal|Torkoal, L50, M, shiny|100/100
|-weather|SunnyDay|[from] ability: Drought|[of] p2a: Torkoal
|move|p2b: Farigiraf|Hyper Voice|p1b: Incineroar|[spread] p1b
|-immune|p1a: Sinistcha
|-damage|p1b: Incineroar|51/100
|move|p1a: Sinistcha|Matcha Gotcha|p2b: Farigiraf|[spread] p2a,p2b
|-resisted|p2a: Torkoal|1
|-damage|p2a: Torkoal|84/100
|-damage|p2b: Farigiraf|77/100
|move|p1b: Incineroar|Parting Shot|p2a: Torkoal
|-unboost|p2a: Torkoal|atk|1
|-unboost|p2a: Torkoal|spa|1
|
|t:|1783588103
|switch|p1b: Delphox|Delphox-Mega, L50, F|100/100|[from] Parting Shot
|
|-weather|SunnyDay|[upkeep]
|upkeep
|turn|4
|
|t:|1783588109
|move|p1a: Sinistcha|Protect|p1a: Sinistcha
|-singleturn|p1a: Sinistcha|Protect
|move|p2a: Torkoal|Eruption|p1b: Delphox|[spread] p1b
|-activate|p1a: Sinistcha|move: Protect
|-resisted|p1b: Delphox|1
|-damage|p1b: Delphox|78/100
|move|p2b: Farigiraf|Hyper Voice|p1a: Sinistcha|[spread] p1b
|-activate|p1a: Sinistcha|move: Protect
|-damage|p1b: Delphox|52/100
|move|p1b: Delphox|Heat Wave|p2a: Torkoal|[spread] p2a
|-miss|p1b: Delphox|p2b: Farigiraf
|-resisted|p2a: Torkoal|1
|-damage|p2a: Torkoal|45/100
|
|-weather|SunnyDay|[upkeep]
|upkeep
|turn|5
|
|t:|1783588128
|switch|p1a: Incineroar|Incineroar, L50, M|51/100
|-ability|p1a: Incineroar|Intimidate|boost
|-unboost|p2a: Torkoal|atk|1
|-unboost|p2b: Farigiraf|atk|1
|move|p1b: Delphox|Protect|p1b: Delphox
|-singleturn|p1b: Delphox|Protect
|move|p2a: Torkoal|Weather Ball|p1a: Incineroar
|-resisted|p1a: Incineroar|1
|-damage|p1a: Incineroar|30/100
|-enditem|p1a: Incineroar|Sitrus Berry|[eat]
|-heal|p1a: Incineroar|55/100|[from] item: Sitrus Berry
|move|p2b: Farigiraf|Hyper Voice|p1a: Incineroar|[spread] p1a
|-activate|p1b: Delphox|move: Protect
|-damage|p1a: Incineroar|30/100
|
|-weather|SunnyDay|[upkeep]
|-fieldend|move: Trick Room
|upkeep
|turn|6
|
|t:|1783588151
|move|p1b: Delphox|Heat Wave|p2a: Torkoal|[spread] p2a,p2b
|-resisted|p2a: Torkoal|1
|-damage|p2a: Torkoal|7/100
|-damage|p2b: Farigiraf|18/100
|move|p1a: Incineroar|Flare Blitz|p2b: Farigiraf
|-damage|p2b: Farigiraf|0 fnt
|faint|p2b: Farigiraf
|-damage|p1a: Incineroar|23/100|[from] Recoil
|move|p2a: Torkoal|Weather Ball|p1a: Incineroar
|-resisted|p1a: Incineroar|1
|-damage|p1a: Incineroar|1/100
|
|-weather|SunnyDay|[upkeep]
|upkeep
|
|t:|1783588169
|switch|p2b: Kangaskhan|Kangaskhan-Mega, L50, F|100/100
|turn|7
|inactive|kickercasillas has 30 seconds left.
|
|t:|1783588200
|switch|p1a: Sinistcha|Sinistcha, L50|100/100
|-heal|p1b: Delphox|77/100|[from] ability: Hospitality|[of] p1a: Sinistcha
|move|p1b: Delphox|Protect|p1b: Delphox
|-singleturn|p1b: Delphox|Protect
|move|p2b: Kangaskhan|Double-Edge|p1a: Sinistcha
|-immune|p1a: Sinistcha
|move|p2a: Torkoal|Weather Ball|p1a: Sinistcha
|-supereffective|p1a: Sinistcha|1
|-damage|p1a: Sinistcha|1/100
|
|-weather|none
|upkeep
|turn|8
|
|t:|1783588220
|move|p1a: Sinistcha|Rage Powder|p1a: Sinistcha
|-singleturn|p1a: Sinistcha|move: Rage Powder
|move|p2b: Kangaskhan|Sucker Punch||[still]
|-fail|p2b: Kangaskhan
|move|p1b: Delphox|Nasty Plot|p1b: Delphox
|-boost|p1b: Delphox|spa|2
|move|p2a: Torkoal|Earth Power|p1a: Sinistcha
|-resisted|p1a: Sinistcha|1
|-damage|p1a: Sinistcha|0 fnt
|faint|p1a: Sinistcha
|
|upkeep
|
|t:|1783588226
|switch|p1a: Sneasler|Sneasler, L50, M|85/100
|turn|9
|
|t:|1783588244
|switch|p1a: Incineroar|Incineroar, L50, M|1/100
|-ability|p1a: Incineroar|Intimidate|boost
|-unboost|p2a: Torkoal|atk|1
|-unboost|p2b: Kangaskhan|atk|1
|move|p2b: Kangaskhan|Sucker Punch||[still]
|-fail|p2b: Kangaskhan
|move|p1b: Delphox|Psyshock|p2b: Kangaskhan
|-damage|p2b: Kangaskhan|33/100
|move|p2a: Torkoal|Earth Power|p1a: Incineroar
|-supereffective|p1a: Incineroar|1
|-damage|p1a: Incineroar|0 fnt
|faint|p1a: Incineroar
|
|upkeep
|
|t:|1783588254
|switch|p1a: Sneasler|Sneasler, L50, M|85/100
|turn|10
|
|t:|1783588259
|move|p1a: Sneasler|Fake Out|p2b: Kangaskhan
|-damage|p2b: Kangaskhan|22/100
|cant|p2b: Kangaskhan|flinch
|move|p1b: Delphox|Heat Wave|p2b: Kangaskhan|[spread] p2a,p2b
|-resisted|p2a: Torkoal|1
|-damage|p2a: Torkoal|0 fnt
|-damage|p2b: Kangaskhan|0 fnt
|faint|p2a: Torkoal
|faint|p2b: Kangaskhan
|
|upkeep
|
|t:|1783588272
|switch|p2a: Basculegion|Basculegion, L50, M|100/100
|turn|11
|inactive|kickercasillas has 30 seconds left.
|
|t:|1783588302
|move|p2a: Basculegion|Last Respects|p1b: Delphox
|-supereffective|p1b: Delphox|1
|-damage|p1b: Delphox|0 fnt
|faint|p1b: Delphox
|move|p1a: Sneasler|Poison Jab|p2a: Basculegion
|-resisted|p2a: Basculegion|1
|-damage|p2a: Basculegion|73/100
|
|upkeep
|turn|12
|-message|JNSS forfeited.
|
|win|kickercasillas
|raw|JNSS's rating: 1103 → 1081(-22 for losing)
|raw|kickercasillas's rating: 1150 → 1172(+22 for winning)
|l|☆kickercasillas
|player|p2|
