|j|☆JuanGuerrero09
|j|☆s3nd4
|html|JuanGuerrero09s3nd4    
|uhtml|bestof|Game 3 of a best-of-3
|t:|1756977197
|gametype|doubles
|player|p1|JuanGuerrero09|265|1114
|player|p2|s3nd4|n|1068
|gen|9
|tier|[Gen 9] VGC 2025 Reg H (Bo3)
|rated|
|rule|Species Clause: Limit one of each Pokémon
|rule|Item Clause: Limit 1 of each item
|clearpoke
|poke|p1|Sneasler, L50, M|
|poke|p1|Indeedee, L50, M|
|poke|p1|Tyranitar, L50, M|
|poke|p1|Excadrill, L50, M|
|poke|p1|Gholdengo, L50|
|poke|p1|Incineroar, L50, F|
|poke|p2|Annihilape, L50, M|
|poke|p2|Ninetales-Alola, L50, F|
|poke|p2|Talonflame, L50, M|
|poke|p2|Garchomp, L50, M|
|poke|p2|Vivillon-Ocean, L50, F|
|poke|p2|Gholdengo, L50|
|teampreview|4
|showteam|p1|Sneasler||WhiteHerb|Unburden|CloseCombat,DireClaw,FakeOut,Protect|||M|||50|,,,,,Dark]Indeedee||ChoiceScarf|PsychicSurge|ExpandingForce,TeraBlast,Trick,Protect|||M|||50|,,,,,Fire]Tyranitar||AssaultVest|SandStream|RockSlide,KnockOff,TeraBlast,LowKick|||M|||50|,,,,,Flying]Excadrill||FocusSash|SandRush|HighHorsepower,Earthquake,IronHead,Protect|||M|||50|,,,,,Ground]Gholdengo||MetalCoat|GoodasGold|ShadowBall,Protect,MakeItRain,NastyPlot||||||50|,,,,,Water]Incineroar||SafetyGoggles|Intimidate|FakeOut,KnockOff,FlareBlitz,PartingShot|||F|||50|,,,,,Ghost
|showteam|p2|Annihilape||SafetyGoggles|Defiant|RageFist,DrainPunch,BulkUp,Protect|||M|||50|,,,,,Water]Ninetales-Alola||CovertCloak|SnowWarning|Blizzard,FreezeDry,AuroraVeil,Protect|||F|||50|,,,,,Ice]Talonflame||SharpBeak|GaleWings|DualWingbeat,Tailwind,WillOWisp,Protect|||M|||50|,,,,,Ghost]Garchomp||LifeOrb|RoughSkin|Earthquake,StompingTantrum,DragonClaw,Protect|||M|||50|,,,,,Steel]Vivillon-Ocean||FocusSash|CompoundEyes|SleepPowder,Hurricane,RagePowder,Protect|||F|||50|,,,,,Ghost]Gholdengo||IronPlate|GoodasGold|MakeItRain,ShadowBall,NastyPlot,Protect||||||50|,,,,,Steel
|
|t:|1756977228
|teamsize|p1|4
|teamsize|p2|4
|start
|switch|p1a: Tyranitar|Tyranitar, L50, M|100/100
|switch|p1b: Excadrill|Excadrill, L50, M|100/100
|switch|p2a: Ninetales|Ninetales-Alola, L50, F, shiny|100/100
|switch|p2b: Annihilape|Annihilape, L50, M, shiny|100/100
|-weather|Snowscape|[from] ability: Snow Warning|[of] p2a: Ninetales
|-weather|Sandstorm|[from] ability: Sand Stream|[of] p1a: Tyranitar
|turn|1
|inactive|Battle timer is ON: inactive players will automatically lose when time's up. (requested by s3nd4)
|
|t:|1756977246
|-terastallize|p1a: Tyranitar|Flying
|move|p2a: Ninetales|Protect|p2a: Ninetales
|-singleturn|p2a: Ninetales|Protect
|move|p1b: Excadrill|Iron Head|p2a: Ninetales
|-activate|p2a: Ninetales|move: Protect
|move|p2b: Annihilape|Drain Punch|p1a: Tyranitar
|-resisted|p1a: Tyranitar
|-damage|p1a: Tyranitar|89/100
|move|p1a: Tyranitar|Knock Off|p2b: Annihilape
|-crit|p2b: Annihilape
|-damage|p2b: Annihilape|9/100
|-enditem|p2b: Annihilape|Safety Goggles|[from] move: Knock Off|[of] p1a: Tyranitar
|
|-weather|Sandstorm|[upkeep]
|-damage|p2a: Ninetales|94/100|[from] Sandstorm
|-damage|p2b: Annihilape|3/100|[from] Sandstorm
|-damage|p1a: Tyranitar|83/100|[from] Sandstorm
|upkeep
|turn|2
|inactive|JuanGuerrero09 has 30 seconds left.
|inactive|s3nd4 has 30 seconds left.
|inactive|JuanGuerrero09 has 20 seconds left.
|inactive|JuanGuerrero09 has 15 seconds left.
|
|t:|1756977286
|move|p1b: Excadrill|Earthquake|p2b: Annihilape|[spread] p2a,p2b
|-immune|p1a: Tyranitar
|-damage|p2a: Ninetales|23/100
|-damage|p2b: Annihilape|0 fnt
|faint|p2b: Annihilape
|move|p2a: Ninetales|Freeze-Dry|p1b: Excadrill
|-damage|p1b: Excadrill|65/100
|move|p1a: Tyranitar|Rock Slide|p2a: Ninetales|[miss]
|-miss|p1a: Tyranitar|p2a: Ninetales
|
|-weather|Sandstorm|[upkeep]
|-damage|p2a: Ninetales|17/100|[from] Sandstorm
|-damage|p1a: Tyranitar|77/100|[from] Sandstorm
|upkeep
|
|t:|1756977298
|switch|p2b: Talonflame|Talonflame, L50, M|100/100
|turn|3
|
|t:|1756977306
|-terastallize|p2b: Talonflame|Ghost
|move|p2b: Talonflame|Tailwind|p2b: Talonflame
|-sidestart|p2: s3nd4|move: Tailwind
|move|p2a: Ninetales|Aurora Veil||[still]
|-fail|p2a: Ninetales
|move|p1b: Excadrill|Iron Head|p2a: Ninetales
|-supereffective|p2a: Ninetales
|-damage|p2a: Ninetales|0 fnt
|faint|p2a: Ninetales
|move|p1a: Tyranitar|Rock Slide|p2b: Talonflame
|-damage|p2b: Talonflame|34/100
|
|-weather|Sandstorm|[upkeep]
|-damage|p2b: Talonflame|28/100|[from] Sandstorm
|-damage|p1a: Tyranitar|72/100|[from] Sandstorm
|upkeep
|
|t:|1756977319
|switch|p2a: Gholdengo|Gholdengo, L50|100/100
|turn|4
|inactive|JuanGuerrero09 has 30 seconds left.
|inactive|JuanGuerrero09 has 20 seconds left.
|inactive|JuanGuerrero09 has 15 seconds left.
|inactive|JuanGuerrero09 has 10 seconds left.
|
|t:|1756977365
|move|p2b: Talonflame|Dual Wingbeat|p1b: Excadrill
|-resisted|p1b: Excadrill
|-damage|p1b: Excadrill|52/100
|-resisted|p1b: Excadrill
|-damage|p1b: Excadrill|38/100
|-hitcount|p1b: Excadrill|2
|move|p2a: Gholdengo|Make It Rain|p1b: Excadrill|[spread] p1a,p1b
|-resisted|p1b: Excadrill
|-damage|p1a: Tyranitar|35/100
|-damage|p1b: Excadrill|0 fnt
|-unboost|p2a: Gholdengo|spa|1
|faint|p1b: Excadrill
|move|p1a: Tyranitar|Rock Slide|p2b: Talonflame|[spread] p2a,p2b
|-resisted|p2a: Gholdengo
|-damage|p2a: Gholdengo|81/100
|-damage|p2b: Talonflame|0 fnt
|faint|p2b: Talonflame
|
|-weather|Sandstorm|[upkeep]
|-damage|p1a: Tyranitar|29/100|[from] Sandstorm
|upkeep
|
|t:|1756977388
|switch|p1b: Gholdengo|Gholdengo, L50|100/100
|turn|5
|
|t:|1756977398
|move|p1b: Gholdengo|Protect|p1b: Gholdengo
|-singleturn|p1b: Gholdengo|Protect
|move|p2a: Gholdengo|Shadow Ball|p1b: Gholdengo
|-activate|p1b: Gholdengo|move: Protect
|move|p1a: Tyranitar|Knock Off|p2a: Gholdengo
|-supereffective|p2a: Gholdengo
|-damage|p2a: Gholdengo|0 fnt
|-enditem|p2a: Gholdengo|Iron Plate|[from] move: Knock Off|[of] p1a: Tyranitar
|faint|p2a: Gholdengo
|
|win|JuanGuerrero09
|raw|JuanGuerrero09's rating: 1114 → 1136(+22 for winning)
|raw|s3nd4's rating: 1068 → 1050(-18 for losing)
