|j|☆Chknadobovgc
|j|☆fustor
|html|Chknadobovgcfustor    
|uhtml|bestof|Game 1 of a best-of-3
|t:|1756551639
|gametype|doubles
|player|p1|Chknadobovgc|2|1021
|player|p2|fustor|170|1049
|gen|9
|tier|[Gen 9] VGC 2025 Reg H (Bo3)
|rated|
|rule|Species Clause: Limit one of each Pokémon
|rule|Item Clause: Limit 1 of each item
|clearpoke
|poke|p1|Pelipper, L50, F|
|poke|p1|Archaludon, L50, M|
|poke|p1|Basculegion, L50, M|
|poke|p1|Dragonite, L50, F|
|poke|p1|Maushold, L50|
|poke|p1|Gholdengo, L50|
|poke|p2|Charizard, L50, F|
|poke|p2|Torkoal, L50, F|
|poke|p2|Porygon2, L50|
|poke|p2|Incineroar, L50, F|
|poke|p2|Jumpluff, L50, M|
|poke|p2|Ursaluna, L50, F|
|teampreview|4
|showteam|p1|Pelipper||FocusSash|Drizzle|WeatherBall,Hurricane,Tailwind,WideGuard|||F|||50|,,,,,Ghost]Archaludon||AssaultVest|Stamina|BodyPress,FlashCannon,ElectroShot,Snarl|||M|||50|,,,,,Fighting]Basculegion||LifeOrb|SwiftSwim|WaveCrash,LastRespects,FlipTurn,AquaJet|||M|||50|,,,,,Water]Dragonite||LoadedDice|Multiscale|ScaleShot,Tailwind,Haze,Protect|||F|||50|,,,,,Fairy]Maushold||SafetyGoggles|FriendGuard|BeatUp,Taunt,FollowMe,Protect||||||50|,,,,,Ghost]Gholdengo||ChoiceScarf|GoodasGold|MakeItRain,ShadowBall,Trick,Protect||||||50|,,,,,Steel
|showteam|p2|Charizard||ChoiceSpecs|SolarPower|HeatWave,Overheat,WeatherBall,AirSlash|||F|||50|,,,,,Ghost]Torkoal||EjectPack|Drought|Eruption,Overheat,HelpingHand,Protect|||F|||50|,,,,,Fire]Porygon2||Eviolite|Download|TeraBlast,IceBeam,Recover,TrickRoom||||||50|,,,,,Fighting]Incineroar||SitrusBerry|Intimidate|FlareBlitz,KnockOff,FakeOut,PartingShot|||F|||50|,,,,,Ghost]Jumpluff||CovertCloak|Chlorophyll|SleepPowder,SunnyDay,RagePowder,Tailwind|||M|||50|,,,,,Water]Ursaluna||FlameOrb|Guts|HeadlongRush,Facade,Earthquake,Protect|||F|||50|,,,,,Ghost
|inactive|Battle timer is ON: inactive players will automatically lose when time's up. (requested by fustor)
|l|☆Chknadobovgc
|inactive|Chknadobovgc disconnected and has a minute to reconnect!
|player|p1|
|inactive|fustor has 60 seconds left.
|
|t:|1756551679
|teamsize|p1|4
|teamsize|p2|4
|start
|switch|p1a: Maushold|Maushold, L50|100/100
|switch|p1b: Gholdengo|Gholdengo, L50, shiny|100/100
|switch|p2a: Incineroar|Incineroar, L50, F|100/100
|switch|p2b: Jumpluff|Jumpluff, L50, M|100/100
|-ability|p2a: Incineroar|Intimidate|boost
|-unboost|p1a: Maushold|atk|1
|-unboost|p1b: Gholdengo|atk|1
|turn|1
|j|☆Chknadobovgc
|inactive|Chknadobovgc reconnected and has 55 seconds left.
|player|p1|Chknadobovgc|2|
|inactive|Chknadobovgc has 30 seconds left.
|inactive|fustor has 30 seconds left.
|inactive|fustor has 20 seconds left.
|inactive|fustor has 15 seconds left.
|
|t:|1756551720
|-terastallize|p1b: Gholdengo|Steel
|move|p1a: Maushold|Protect|p1a: Maushold
|-singleturn|p1a: Maushold|Protect
|move|p1b: Gholdengo|Trick|p2b: Jumpluff
|-activate|p1b: Gholdengo|move: Trick|[of] p2b: Jumpluff
|-item|p2b: Jumpluff|Choice Scarf|[from] move: Trick
|-item|p1b: Gholdengo|Covert Cloak|[from] move: Trick
|move|p2b: Jumpluff|Tailwind|p2b: Jumpluff
|-sidestart|p2: fustor|move: Tailwind
|move|p2a: Incineroar|Flare Blitz|p1b: Gholdengo
|-supereffective|p1b: Gholdengo
|-damage|p1b: Gholdengo|8/100
|-damage|p2a: Incineroar|76/100|[from] Recoil
|
|upkeep
|turn|2
|inactive|fustor has 30 seconds left.
|inactive|fustor has 20 seconds left.
|inactive|fustor has 15 seconds left.
|inactive|fustor has 10 seconds left.
|inactive|fustor has 5 seconds left.
|
|t:|1756551772
|switch|p2b: Porygon2|Porygon2, L50|100/100
|-ability|p2b: Porygon2|Download|boost
|-boost|p2b: Porygon2|atk|1
|move|p1a: Maushold|Follow Me|p1a: Maushold
|-singleturn|p1a: Maushold|move: Follow Me
|move|p2a: Incineroar|Parting Shot|p1a: Maushold
|-unboost|p1a: Maushold|atk|1
|-unboost|p1a: Maushold|spa|1
|
|t:|1756551784
|switch|p2a: Jumpluff|Jumpluff, L50, M|100/100|[from] Parting Shot
|move|p1b: Gholdengo|Shadow Ball|p2b: Porygon2
|-immune|p2b: Porygon2
|
|upkeep
|turn|3
|
|t:|1756551805
|-terastallize|p2b: Porygon2|Fighting
|move|p1b: Gholdengo|Protect|p1b: Gholdengo
|-singleturn|p1b: Gholdengo|Protect
|move|p2a: Jumpluff|Rage Powder|p2a: Jumpluff
|-singleturn|p2a: Jumpluff|move: Rage Powder
|move|p2b: Porygon2|Tera Blast|p1a: Maushold|[anim] Tera Blast Fighting
|-supereffective|p1a: Maushold
|-damage|p1a: Maushold|26/100
|move|p1a: Maushold|Taunt|p2b: Porygon2
|-start|p2b: Porygon2|move: Taunt
|
|upkeep
|turn|4
|inactive|fustor has 30 seconds left.
|
|t:|1756551837
|switch|p2a: Incineroar|Incineroar, L50, F|76/100
|-ability|p2a: Incineroar|Intimidate|boost
|-unboost|p1a: Maushold|atk|1
|-unboost|p1b: Gholdengo|atk|1
|switch|p1b: Pelipper|Pelipper, L50, F, shiny|100/100
|-weather|RainDance|[from] ability: Drizzle|[of] p1b: Pelipper
|move|p1a: Maushold|Protect|p1a: Maushold
|-singleturn|p1a: Maushold|Protect
|move|p2b: Porygon2|Tera Blast|p1b: Pelipper|[anim] Tera Blast Fighting
|-resisted|p1b: Pelipper
|-damage|p1b: Pelipper|79/100
|
|-weather|RainDance|[upkeep]
|-sideend|p2: fustor|move: Tailwind
|upkeep
|turn|5
|inactive|fustor has 30 seconds left.
|inactive|fustor has 20 seconds left.
|inactive|fustor has 15 seconds left.
|
|t:|1756551881
|move|p2a: Incineroar|Fake Out|p1b: Pelipper
|-damage|p1b: Pelipper|68/100
|move|p1a: Maushold|Taunt|p2a: Incineroar
|-start|p2a: Incineroar|move: Taunt
|cant|p1b: Pelipper|flinch
|move|p2b: Porygon2|Ice Beam|p1b: Pelipper
|-damage|p1b: Pelipper|30/100
|
|-weather|RainDance|[upkeep]
|upkeep
|turn|6
|inactive|fustor has 30 seconds left.
|
|t:|1756551909
|switch|p2b: Jumpluff|Jumpluff, L50, M|100/100
|move|p1a: Maushold|Protect|p1a: Maushold
|-singleturn|p1a: Maushold|Protect
|move|p1b: Pelipper|Hurricane|p2b: Jumpluff
|-supereffective|p2b: Jumpluff
|-damage|p2b: Jumpluff|14/100
|move|p2a: Incineroar|Knock Off|p1b: Pelipper
|-damage|p1b: Pelipper|0 fnt
|-enditem|p1b: Pelipper|Focus Sash|[from] move: Knock Off|[of] p2a: Incineroar
|faint|p1b: Pelipper
|
|-weather|RainDance|[upkeep]
|upkeep
|
|t:|1756551918
|switch|p1b: Gholdengo|Gholdengo, L50, shiny, tera:Steel|8/100
|turn|7
|
|t:|1756551943
|switch|p1a: Basculegion|Basculegion, L50, M|100/100
|move|p2b: Jumpluff|Tailwind|p2b: Jumpluff
|-sidestart|p2: fustor|move: Tailwind
|move|p2a: Incineroar|Flare Blitz|p1b: Gholdengo
|-supereffective|p1b: Gholdengo
|-damage|p1b: Gholdengo|0 fnt
|faint|p1b: Gholdengo
|-damage|p2a: Incineroar|74/100|[from] Recoil
|
|-weather|RainDance|[upkeep]
|upkeep
|
|t:|1756551950
|switch|p1b: Maushold|Maushold, L50|26/100
|turn|8
|
|t:|1756551973
|switch|p2b: Porygon2|Porygon2, L50, tera:Fighting|100/100
|-ability|p2b: Porygon2|Download|boost
|-boost|p2b: Porygon2|atk|1
|move|p1b: Maushold|Protect|p1b: Maushold
|-singleturn|p1b: Maushold|Protect
|move|p1a: Basculegion|Flip Turn|p2a: Incineroar
|-supereffective|p2a: Incineroar
|-damage|p2a: Incineroar|0 fnt
|faint|p2a: Incineroar
|-damage|p1a: Basculegion|91/100|[from] item: Life Orb
|
|-weather|none
|upkeep
|
|t:|1756551991
|switch|p2a: Ursaluna|Ursaluna, L50, F|100/100
|turn|9
|
|t:|1756552005
|move|p2a: Ursaluna|Protect|p2a: Ursaluna
|-singleturn|p2a: Ursaluna|Protect
|move|p2b: Porygon2|Tera Blast|p1a: Basculegion|[anim] Tera Blast Fighting
|-immune|p1a: Basculegion
|move|p1b: Maushold|Taunt|p2b: Porygon2
|-start|p2b: Porygon2|move: Taunt
|move|p1a: Basculegion|Wave Crash|p2a: Ursaluna
|-activate|p2a: Ursaluna|move: Protect
|
|-status|p2a: Ursaluna|brn|[from] item: Flame Orb
|upkeep
|turn|10
|inactive|fustor has 30 seconds left.
|inactive|fustor has 20 seconds left.
|inactive|fustor has 15 seconds left.
|inactive|fustor has 10 seconds left.
|
|t:|1756552052
|switch|p2b: Jumpluff|Jumpluff, L50, M|14/100
|move|p2a: Ursaluna|Protect||[still]
|-fail|p2a: Ursaluna
|move|p1b: Maushold|Follow Me|p1b: Maushold
|-singleturn|p1b: Maushold|move: Follow Me
|move|p1a: Basculegion|Wave Crash|p2a: Ursaluna
|-supereffective|p2a: Ursaluna
|-damage|p2a: Ursaluna|0 fnt
|faint|p2a: Ursaluna
|-damage|p1a: Basculegion|53/100|[from] Recoil
|-damage|p1a: Basculegion|43/100|[from] item: Life Orb
|
|-sideend|p2: fustor|move: Tailwind
|upkeep
|
|t:|1756552064
|switch|p2a: Porygon2|Porygon2, L50, tera:Fighting|100/100
|-ability|p2a: Porygon2|Download|boost
|-boost|p2a: Porygon2|atk|1
|turn|11
|
|t:|1756552085
|move|p1b: Maushold|Follow Me|p1b: Maushold
|-singleturn|p1b: Maushold|move: Follow Me
|move|p2b: Jumpluff|Sunny Day|p2b: Jumpluff
|-weather|SunnyDay
|move|p1a: Basculegion|Last Respects|p2a: Porygon2
|-damage|p2a: Porygon2|37/100
|-damage|p1a: Basculegion|33/100|[from] item: Life Orb
|move|p2a: Porygon2|Ice Beam|p1b: Maushold
|-damage|p1b: Maushold|0 fnt
|faint|p1b: Maushold
|
|-weather|SunnyDay|[upkeep]
|upkeep
|turn|12
|
|t:|1756552107
|move|p2b: Jumpluff|Sunny Day||[still]
|-fail|p2b: Jumpluff
|move|p1a: Basculegion|Last Respects|p2a: Porygon2
|-damage|p2a: Porygon2|0 fnt
|faint|p2a: Porygon2
|-damage|p1a: Basculegion|24/100|[from] item: Life Orb
|
|-weather|SunnyDay|[upkeep]
|upkeep
|turn|13
|
|t:|1756552115
|move|p2b: Jumpluff|Sunny Day||[still]
|-fail|p2b: Jumpluff
|move|p1a: Basculegion|Last Respects|p2b: Jumpluff
|-damage|p2b: Jumpluff|0 fnt
|faint|p2b: Jumpluff
|-damage|p1a: Basculegion|14/100|[from] item: Life Orb
|
|win|Chknadobovgc
