|j|☆sebasbd04
|j|☆Gabriel319
|html|sebasbd04Gabriel319    
|uhtml|bestof|Game 3 of a best-of-3
|t:|1782346766
|gametype|doubles
|player|p1|sebasbd04|giovanni|1081
|player|p2|Gabriel319|gambler|1073
|gen|9
|tier|[Gen 9 Champions] VGC 2026 Reg M-B (Bo3)
|rated|
|rule|Species Clause: Limit one of each Pokémon
|rule|Item Clause: Limit 1 of each item
|clearpoke
|poke|p1|Swampert, L50, M|
|poke|p1|Pelipper, L50, M|
|poke|p1|Archaludon, L50, F|
|poke|p1|Sinistcha, L50|
|poke|p1|Kingambit, L50, F|
|poke|p1|Grimmsnarl, L50, M|
|poke|p2|Charizard, L50, F|
|poke|p2|Milotic, L50, M|
|poke|p2|Whimsicott, L50, F|
|poke|p2|Garchomp, L50, F|
|poke|p2|Incineroar, L50, F|
|poke|p2|Venusaur, L50, M|
|teampreview|4
|showteam|p1|Swampert||Swampertite|Torrent|WaveCrash,Earthquake,IcePunch,Protect|Adamant||M|||50|]Pelipper||SitrusBerry|Drizzle|WeatherBall,Hurricane,WideGuard,Tailwind|Modest||M|||50|]Archaludon||Leftovers|Stamina|ElectroShot,DragonPulse,FlashCannon,Protect|Modest||F|||50|]Sinistcha||KasibBerry|Hospitality|MatchaGotcha,RagePowder,TrickRoom,Protect|Bold|||||50|]Kingambit||ChopleBerry|Defiant|KowtowCleave,SuckerPunch,LowKick,Protect|Adamant||F|||50|]Grimmsnarl||LightClay|Prankster|SpiritBreak,Reflect,LightScreen,PartingShot|Careful||M|||50|
|showteam|p2|Charizard||CharizarditeY|Blaze|HeatWave,SolarBeam,WeatherBall,Protect|Serious||F|||50|]Milotic||RindoBerry|Competitive|Scald,Protect,IcyWind,Recover|Serious||M|||50|]Whimsicott||FocusSash|Prankster|Moonblast,Tailwind,Charm,Protect|Timid||F|||50|]Garchomp||LifeOrb|RoughSkin|Earthquake,DragonClaw,RockSlide,Protect|Jolly||F|||50|]Incineroar||SitrusBerry|Intimidate|FakeOut,FlareBlitz,Protect,Crunch|Serious||F|||50|]Venusaur||MiracleSeed|Chlorophyll|SleepPowder,GigaDrain,SludgeBomb,Protect|Timid||M|||50|
|inactive|Battle timer is ON: inactive players will automatically lose when time's up. (requested by Gabriel319)
|
|t:|1782346774
|teamsize|p1|4
|teamsize|p2|4
|start
|switch|p1a: Kingambit|Kingambit, L50, F|100/100
|switch|p1b: Grimmsnarl|Grimmsnarl, L50, M|100/100
|switch|p2a: Charizard|Charizard, L50, F|100/100
|switch|p2b: Whimsicott|Whimsicott, L50, F|100/100
|turn|1
|j| EntropyTwo
|
|t:|1782346788
|detailschange|p2a: Charizard|Charizard-Mega-Y, L50, F
|-mega|p2a: Charizard|Charizard|Charizardite Y
|-weather|SunnyDay|[from] ability: Drought|[of] p2a: Charizard
|move|p1a: Kingambit|Protect|p1a: Kingambit
|-singleturn|p1a: Kingambit|Protect
|move|p2b: Whimsicott|Tailwind|p2b: Whimsicott
|-sidestart|p2: Gabriel319|move: Tailwind
|move|p1b: Grimmsnarl|Light Screen|p1b: Grimmsnarl
|-sidestart|p1: sebasbd04|move: Light Screen
|move|p2a: Charizard|Solar Beam||[still]
|-prepare|p2a: Charizard|Solar Beam
|-anim|p2a: Charizard|Solar Beam|p1a: Kingambit
|-activate|p1a: Kingambit|move: Protect
|
|-weather|SunnyDay|[upkeep]
|upkeep
|turn|2
|
|t:|1782346812
|move|p1b: Grimmsnarl|Parting Shot|p2a: Charizard
|-unboost|p2a: Charizard|atk|1
|-unboost|p2a: Charizard|spa|1
|
|t:|1782346815
|switch|p1b: Pelipper|Pelipper, L50, M|100/100|[from] Parting Shot
|-weather|RainDance|[from] ability: Drizzle|[of] p1b: Pelipper
|move|p1a: Kingambit|Sucker Punch|p2a: Charizard
|-damage|p2a: Charizard|40/100
|move|p2b: Whimsicott|Moonblast|p1b: Pelipper
|-damage|p1b: Pelipper|69/100
|move|p2a: Charizard|Weather Ball|p1a: Kingambit
|-damage|p1a: Kingambit|72/100
|
|-weather|RainDance|[upkeep]
|upkeep
|turn|3
|
|t:|1782346832
|switch|p2a: Venusaur|Venusaur, L50, M|100/100
|switch|p1a: Swampert|Swampert, L50, M|100/100
|move|p2b: Whimsicott|Protect|p2b: Whimsicott
|-singleturn|p2b: Whimsicott|Protect
|move|p1b: Pelipper|Hurricane|p2b: Whimsicott
|-activate|p2b: Whimsicott|move: Protect
|
|-weather|RainDance|[upkeep]
|upkeep
|turn|4
|
|t:|1782346847
|switch|p2b: Charizard|Charizard-Mega-Y, L50, F|40/100
|-weather|SunnyDay|[from] ability: Drought|[of] p2b: Charizard
|switch|p1a: Kingambit|Kingambit, L50, F|72/100
|move|p2a: Venusaur|Sleep Powder|p1a: Kingambit
|-status|p1a: Kingambit|slp|[from] move: Sleep Powder
|move|p1b: Pelipper|Hurricane|p2a: Venusaur|[miss]
|-miss|p1b: Pelipper|p2a: Venusaur
|
|-weather|SunnyDay|[upkeep]
|-sideend|p2: Gabriel319|move: Tailwind
|upkeep
|turn|5
|
|t:|1782346866
|switch|p1b: Grimmsnarl|Grimmsnarl, L50, M|100/100
|cant|p1a: Kingambit|slp
|move|p2a: Venusaur|Giga Drain|p1a: Kingambit
|-resisted|p1a: Kingambit|1
|-damage|p1a: Kingambit|59/100 slp
|move|p2b: Charizard|Heat Wave|p1b: Grimmsnarl|[spread] p1a,p1b
|-supereffective|p1a: Kingambit|1
|-damage|p1a: Kingambit|0 fnt
|-damage|p1b: Grimmsnarl|64/100
|faint|p1a: Kingambit
|
|-weather|SunnyDay|[upkeep]
|upkeep
|
|t:|1782346877
|switch|p1a: Pelipper|Pelipper, L50, M|69/100
|-weather|RainDance|[from] ability: Drizzle|[of] p1a: Pelipper
|turn|6
|
|t:|1782346889
|switch|p2b: Incineroar|Incineroar, L50, F|100/100
|-ability|p2b: Incineroar|Intimidate|boost
|-unboost|p1a: Pelipper|atk|1
|-unboost|p1b: Grimmsnarl|atk|1
|move|p1b: Grimmsnarl|Parting Shot|p2b: Incineroar
|-hint|Since gen 7, Dark is immune to Prankster moves.
|-immune|p2b: Incineroar
|move|p2a: Venusaur|Sleep Powder|p1a: Pelipper|[miss]
|-miss|p2a: Venusaur|p1a: Pelipper
|move|p1a: Pelipper|Hurricane|p2a: Venusaur
|-supereffective|p2a: Venusaur|1
|-damage|p2a: Venusaur|10/100
|
|-weather|RainDance|[upkeep]
|upkeep
|turn|7
|inactive|Gabriel319 has 30 seconds left.
|
|t:|1782346917
|switch|p1a: Swampert|Swampert, L50, M|100/100
|move|p2b: Incineroar|Fake Out|p1b: Grimmsnarl
|-damage|p1b: Grimmsnarl|53/100
|move|p2a: Venusaur|Sleep Powder|p1a: Swampert
|-status|p1a: Swampert|slp|[from] move: Sleep Powder
|cant|p1b: Grimmsnarl|flinch
|
|-weather|RainDance|[upkeep]
|upkeep
|turn|8
|
|t:|1782346936
|switch|p2b: Charizard|Charizard-Mega-Y, L50, F|40/100
|-weather|SunnyDay|[from] ability: Drought|[of] p2b: Charizard
|detailschange|p1a: Swampert|Swampert-Mega, L50, M
|-mega|p1a: Swampert|Swampert|Swampertite
|cant|p1a: Swampert|slp
|move|p2a: Venusaur|Giga Drain|p1a: Swampert
|-supereffective|p1a: Swampert|2
|-crit|p1a: Swampert
|-damage|p1a: Swampert|0 fnt
|-heal|p2a: Venusaur|70/100|[from] drain|[of] p1a: Swampert
|faint|p1a: Swampert
|move|p1b: Grimmsnarl|Spirit Break|p2a: Venusaur
|-resisted|p2a: Venusaur|1
|-damage|p2a: Venusaur|57/100
|-unboost|p2a: Venusaur|spa|1
|
|-weather|SunnyDay|[upkeep]
|-sideend|p1: sebasbd04|move: Light Screen
|upkeep
|l| EntropyTwo
|-message|sebasbd04 forfeited.
|
|win|Gabriel319
|raw|sebasbd04's rating: 1081 → 1058(-23 for losing)
|raw|Gabriel319's rating: 1073 → 1103(+30 for winning)
|l|☆sebasbd04
|player|p1|
