|j|☆myout
|j|☆ElravinoZ
|html|myoutElravinoZ    
|uhtml|bestof|Game 1 of a best-of-3
|t:|1783086165
|gametype|doubles
|player|p1|myout|hexmaniac-gen6|1051
|player|p2|ElravinoZ|102|1007
|gen|9
|tier|[Gen 9 Champions] VGC 2026 Reg M-B (Bo3)
|rated|
|rule|Species Clause: Limit one of each Pokémon
|rule|Item Clause: Limit 1 of each item
|clearpoke
|poke|p1|Mawile, L50, F|
|poke|p1|Farigiraf, L50, M|
|poke|p1|Incineroar, L50, M|
|poke|p1|Aerodactyl, L50, M|
|poke|p1|Garchomp, L50, F|
|poke|p1|Torkoal, L50, M|
|poke|p2|Lucario, L50, M|
|poke|p2|Maushold-Four, L50|
|poke|p2|Samurott-Hisui, L50, F|
|poke|p2|Zoroark-Hisui, L50, M|
|poke|p2|Meganium, L50, F|
|poke|p2|Skarmory, L50, M|
|teampreview|4
|showteam|p1|Mawile||Mawilite|HyperCutter|IronHead,PlayRough,SuckerPunch,Protect|Adamant||F|||50|]Farigiraf||SitrusBerry|ArmorTail|TwinBeam,Thunderbolt,TrickRoom,HelpingHand|Quiet||M|||50|]Incineroar||WhiteHerb|Intimidate|FakeOut,FlareBlitz,DarkestLariat,CloseCombat|Adamant||M|||50|]Aerodactyl||FocusSash|Unnerve|Tailwind,DualWingbeat,RockSlide,WideGuard|Jolly||M|||50|]Garchomp||LifeOrb|RoughSkin|DragonClaw,Earthquake,RockTomb,Protect|Jolly||F|||50|]Torkoal||Charcoal|Drought|Eruption,WeatherBall,SolarBeam,Protect|Brave||M|||50|
|showteam|p2|Lucario||Lucarionite|Justified|BulletPunch,DrainPunch,ExtremeSpeed,Protect|Adamant||M|||50|]Maushold-Four||SitrusBerry|FriendGuard|SuperFang,HelpingHand,FollowMe,BeatUp|Timid|||||50|]Samurott-Hisui||ChoiceScarf|Sharpness|RazorShell,CeaselessEdge,SuckerPunch,SacredSword|Adamant||F|||50|]Zoroark-Hisui||FocusSash|Illusion|BitterMalice,Roar,HyperVoice,NastyPlot|Timid||M|||50|]Meganium||Meganiumite|Overgrow|SolarBeam,DazzlingGleam,WeatherBall,Protect|Modest||F|||50|]Skarmory||Skarmorite|Sturdy|Tailwind,IronHead,RockSlide,DrillPeck|Jolly||M|||50|
|inactive|Battle timer is ON: inactive players will automatically lose when time's up. (requested by myout)
|inactive|myout has 60 seconds left.
|inactive|ElravinoZ has 60 seconds left.
|
|t:|1783086201
|teamsize|p1|4
|teamsize|p2|4
|start
|switch|p1a: Incineroar|Incineroar, L50, M|100/100
|switch|p1b: Farigiraf|Farigiraf, L50, M|100/100
|switch|p2a: Meganium|Meganium, L50, F|100/100
|switch|p2b: Skarmory|Skarmory, L50, M|100/100
|-ability|p1a: Incineroar|Intimidate|boost
|-unboost|p2a: Meganium|atk|1
|-unboost|p2b: Skarmory|atk|1
|turn|1
|inactive|myout has 30 seconds left.
|inactive|myout has 20 seconds left.
|
|t:|1783086240
|move|p1a: Incineroar|Fake Out|p2a: Meganium
|-immune|p2a: Meganium
|move|p2b: Skarmory|Rock Slide|p1b: Farigiraf|[spread] p1a,p1b
|-supereffective|p1a: Incineroar|1
|-damage|p1a: Incineroar|79/100
|-damage|p1b: Farigiraf|91/100
|move|p2a: Meganium|Roar|p1b: Farigiraf
|drag|p1b: Mawile|Mawile, L50, F|100/100
|
|upkeep
|turn|2
|
|t:|1783086264
|switch|p2b: Samurott|Samurott-Hisui, L50, F|100/100
|switch|p1b: Farigiraf|Farigiraf, L50, M|91/100
|move|p2a: Meganium|Bitter Malice|p1b: Farigiraf
|-immune|p1b: Farigiraf
|move|p1a: Incineroar|Darkest Lariat|p2a: Meganium
|-supereffective|p2a: Meganium|1
|-enditem|p2a: Meganium|Focus Sash
|-damage|p2a: Meganium|1/100
|replace|p2a: Zoroark|Zoroark-Hisui, L50, M
|-end|p2a: Zoroark|Illusion
|
|upkeep
|turn|3
|inactive|myout has 30 seconds left.
|
|t:|1783086290
|move|p2b: Samurott|Razor Shell|p1a: Incineroar
|-supereffective|p1a: Incineroar|1
|-damage|p1a: Incineroar|0 fnt
|faint|p1a: Incineroar
|move|p2a: Zoroark|Roar|p1b: Farigiraf
|drag|p1b: Torkoal|Torkoal, L50, M|100/100
|-weather|SunnyDay|[from] ability: Drought|[of] p1b: Torkoal
|
|-weather|SunnyDay|[upkeep]
|upkeep
|
|t:|1783086297
|switch|p1a: Farigiraf|Farigiraf, L50, M|91/100
|turn|4
|
|t:|1783086310
|move|p1b: Torkoal|Protect|p1b: Torkoal
|-singleturn|p1b: Torkoal|Protect
|move|p2b: Samurott|Razor Shell|p1a: Farigiraf
|-damage|p1a: Farigiraf|66/100
|move|p2a: Zoroark|Roar|p1a: Farigiraf
|drag|p1a: Mawile|Mawile, L50, F|100/100
|
|-weather|SunnyDay|[upkeep]
|upkeep
|turn|5
|
|t:|1783086327
|switch|p1b: Farigiraf|Farigiraf, L50, M|66/100
|detailschange|p1a: Mawile|Mawile-Mega, L50, F
|-mega|p1a: Mawile|Mawile|Mawilite
|move|p2b: Samurott|Razor Shell|p1b: Farigiraf
|-damage|p1b: Farigiraf|41/100
|-unboost|p1b: Farigiraf|def|1
|-enditem|p1b: Farigiraf|Sitrus Berry|[eat]
|-heal|p1b: Farigiraf|66/100|[from] item: Sitrus Berry
|move|p2a: Zoroark|Bitter Malice|p1a: Mawile
|-damage|p1a: Mawile|56/100
|-unboost|p1a: Mawile|atk|1
|move|p1a: Mawile|Play Rough|p2b: Samurott
|-supereffective|p2b: Samurott|1
|-damage|p2b: Samurott|0 fnt
|faint|p2b: Samurott
|
|-weather|SunnyDay|[upkeep]
|upkeep
|inactive|ElravinoZ has 30 seconds left.
|
|t:|1783086358
|switch|p2b: Meganium|Meganium, L50, F|100/100
|turn|6
|inactive|myout has 30 seconds left.
|
|t:|1783086386
|move|p1a: Mawile|Protect|p1a: Mawile
|-singleturn|p1a: Mawile|Protect
|move|p2a: Zoroark|Hyper Voice|p1b: Farigiraf|[spread] p1b
|-activate|p1a: Mawile|move: Protect
|-damage|p1b: Farigiraf|36/100
|move|p2b: Meganium|Solar Beam||[still]
|-prepare|p2b: Meganium|Solar Beam
|-anim|p2b: Meganium|Solar Beam|p1b: Farigiraf
|-damage|p1b: Farigiraf|0 fnt
|faint|p1b: Farigiraf
|
|-weather|SunnyDay|[upkeep]
|upkeep
|
|t:|1783086391
|switch|p1b: Torkoal|Torkoal, L50, M|100/100
|turn|7
|inactive|ElravinoZ has 30 seconds left.
|
|t:|1783086424
|move|p1a: Mawile|Sucker Punch|p2a: Zoroark
|-supereffective|p2a: Zoroark|1
|-damage|p2a: Zoroark|0 fnt
|faint|p2a: Zoroark
|move|p2b: Meganium|Weather Ball|p1a: Mawile
|-supereffective|p1a: Mawile|1
|-damage|p1a: Mawile|0 fnt
|faint|p1a: Mawile
|move|p1b: Torkoal|Eruption|p2b: Meganium
|-supereffective|p2b: Meganium|1
|-damage|p2b: Meganium|0 fnt
|faint|p2b: Meganium
|
|-weather|none
|upkeep
|
|t:|1783086428
|switch|p2b: Skarmory|Skarmory, L50, M|100/100
|turn|8
|
|t:|1783086434
|move|p2b: Skarmory|Rock Slide|p1b: Torkoal
|-supereffective|p1b: Torkoal|1
|-damage|p1b: Torkoal|68/100
|move|p1b: Torkoal|Eruption|p2b: Skarmory
|-supereffective|p2b: Skarmory|1
|-ability|p2b: Skarmory|Sturdy
|-damage|p2b: Skarmory|1/100
|
|upkeep
|turn|9
|
|t:|1783086446
|detailschange|p2b: Skarmory|Skarmory-Mega, L50, M
|-mega|p2b: Skarmory|Skarmory|Skarmorite
|move|p2b: Skarmory|Rock Slide|p1b: Torkoal
|-supereffective|p1b: Torkoal|1
|-damage|p1b: Torkoal|24/100
|cant|p1b: Torkoal|flinch
|
|upkeep
|turn|10
|
|t:|1783086453
|move|p2b: Skarmory|Rock Slide|p1b: Torkoal
|-supereffective|p1b: Torkoal|1
|-damage|p1b: Torkoal|0 fnt
|faint|p1b: Torkoal
|
|win|ElravinoZ
||myout is ready for game 2.
|l|☆myout
|player|p1|
|c|☆ElravinoZ|gg
|inactive|ElravinoZ has 30 seconds to confirm battle start!
