|j|☆nutbuster151
|j|☆8787878i
|html|nutbuster1518787878i    
|uhtml|bestof|Game 3 of a best-of-3
|t:|1785681497
|gametype|doubles
|player|p1|nutbuster151|acetrainer|1207
|player|p2|8787878i|tuberf|1142
|gen|9
|tier|[Gen 9 Champions] VGC 2026 Reg M-B (Bo3)
|rated|
|rule|Species Clause: Limit one of each Pokémon
|rule|Item Clause: Limit 1 of each item
|clearpoke
|poke|p1|Staraptor, L50, M|
|poke|p1|Garchomp, L50, M|
|poke|p1|Whimsicott, L50, M|
|poke|p1|Delphox, L50, M|
|poke|p1|Glimmora, L50, M|
|poke|p1|Kingambit, L50, M|
|poke|p2|Froslass, L50, F|
|poke|p2|Sneasler, L50, M|
|poke|p2|Kingambit, L50, M|
|poke|p2|Basculegion, L50, M|
|poke|p2|Scovillain, L50, M|
|poke|p2|Lycanroc-Dusk, L50, F|
|teampreview|4
|showteam|p1|Staraptor||Staraptite|Intimidate|Protect,Roost,CloseCombat,BraveBird|Jolly||M|||50|]Garchomp||LifeOrb|RoughSkin|Protect,RockSlide,Earthquake,DragonClaw|Jolly||M|||50|]Whimsicott||OccaBerry|Prankster|Moonblast,Tailwind,Charm,LightScreen|Timid||M|||50|]Delphox||Delphoxite|Magician|Protect,Psychic,HeatWave,Substitute|Timid||M|||50|]Glimmora||FocusSash|ToxicDebris|SpikyShield,SludgeBomb,EarthPower,PowerGem|Timid||M|||50|]Kingambit||ChopleBerry|Defiant|SuckerPunch,LowKick,IronHead,KowtowCleave|Adamant||M|||50|
|showteam|p2|Froslass||Froslassite|CursedBody|Protect,Blizzard,AuroraVeil,ShadowBall|Modest||F|||50|]Sneasler||WhiteHerb|Unburden|Protect,CloseCombat,FakeOut,GunkShot|Adamant||M|||50|]Kingambit||LifeOrb|Defiant|KowtowCleave,SuckerPunch,SwordsDance,Protect|Adamant||M|||50|]Basculegion||SitrusBerry|Adaptability|Protect,WaveCrash,LastRespects,AquaJet|Adamant||M|||50|]Scovillain||Scovillainite|Moody|Protect,GigaDrain,Overheat,RagePowder|Bold||M|||50|]Lycanroc-Dusk||FocusSash|ToughClaws|Protect,Accelerock,RockSlide,CloseCombat|Adamant||F|||50|
|
|t:|1785681558
|teamsize|p1|4
|teamsize|p2|4
|start
|switch|p1a: Garchomp|Garchomp, L50, M|100/100
|switch|p1b: Delphox|Delphox, L50, M|100/100
|switch|p2a: Nella|Froslass, L50, F|100/100
|switch|p2b: Kingambit|Kingambit, L50, M|100/100
|turn|1
|
|t:|1785681585
|switch|p1a: Glimmora|Glimmora, L50, M|100/100
|detailschange|p2a: Nella|Froslass-Mega, L50, F
|-mega|p2a: Nella|Froslass|Froslassite
|-weather|Snowscape|[from] ability: Snow Warning|[of] p2a: Nella
|detailschange|p1b: Delphox|Delphox-Mega, L50, M
|-mega|p1b: Delphox|Delphox|Delphoxite
|move|p1b: Delphox|Substitute|p1b: Delphox
|-start|p1b: Delphox|Substitute
|-damage|p1b: Delphox|75/100
|move|p2a: Nella|Blizzard|p1a: Glimmora|[spread] p1a,p1b
|-resisted|p1b: Delphox|1
|-activate|p1b: Delphox|move: Substitute|[damage]
|-damage|p1a: Glimmora|39/100
|move|p2b: Kingambit|Kowtow Cleave|p1b: Delphox
|-supereffective|p1b: Delphox|1
|-end|p1b: Delphox|Substitute
|-damage|p2b: Kingambit|90/100|[from] item: Life Orb
|
|-weather|Snowscape|[upkeep]
|upkeep
|turn|2
|inactive|Battle timer is ON: inactive players will automatically lose when time's up. (requested by 8787878i)
|
|t:|1785681652
|switch|p1a: Kingambit|Kingambit, L50, M|100/100
|move|p1b: Delphox|Protect|p1b: Delphox
|-singleturn|p1b: Delphox|Protect
|move|p2a: Nella|Blizzard|p1a: Kingambit|[spread] p1a
|-activate|p1b: Delphox|move: Protect
|-resisted|p1a: Kingambit|1
|-damage|p1a: Kingambit|82/100
|move|p2b: Kingambit|Kowtow Cleave|p1b: Delphox
|-activate|p1b: Delphox|move: Protect
|
|-weather|Snowscape|[upkeep]
|upkeep
|turn|3
|inactive|nutbuster151 has 30 seconds left.
|inactive|nutbuster151 has 20 seconds left.
|inactive|8787878i has 30 seconds left.
|inactive|nutbuster151 has 15 seconds left.
|inactive|nutbuster151 has 10 seconds left.
|inactive|8787878i has 20 seconds left.
|inactive|nutbuster151 has 5 seconds left.
|
|t:|1785681707
|switch|p2a: Basculegion|Basculegion, L50, M|100/100
|move|p1b: Delphox|Protect||[still]
|-fail|p1b: Delphox
|move|p2b: Kingambit|Protect|p2b: Kingambit
|-singleturn|p2b: Kingambit|Protect
|move|p1a: Kingambit|Sucker Punch||[still]
|-fail|p1a: Kingambit
|
|-weather|Snowscape|[upkeep]
|upkeep
|turn|4
|
|t:|1785681729
|switch|p1b: Glimmora|Glimmora, L50, M|39/100
|switch|p2b: Sneasler|Sneasler, L50, M|100/100
|move|p2a: Basculegion|Wave Crash|p1a: Kingambit
|-damage|p1a: Kingambit|27/100
|-damage|p2a: Basculegion|82/100|[from] Recoil
|move|p1a: Kingambit|Kowtow Cleave|p2a: Basculegion
|-supereffective|p2a: Basculegion|1
|-damage|p2a: Basculegion|0 fnt
|faint|p2a: Basculegion
|
|-weather|Snowscape|[upkeep]
|upkeep
|
|t:|1785681749
|switch|p2a: Kingambit|Kingambit, L50, M|90/100
|turn|5
|inactive|nutbuster151 has 30 seconds left.
|inactive|nutbuster151 has 20 seconds left.
|inactive|nutbuster151 has 15 seconds left.
|inactive|nutbuster151 has 10 seconds left.
|
|t:|1785681795
|switch|p1b: Garchomp|Garchomp, L50, M|100/100
|move|p2a: Kingambit|Sucker Punch||[still]
|-fail|p2a: Kingambit
|move|p2b: Sneasler|Close Combat|p1a: Kingambit
|-supereffective|p1a: Kingambit|2
|-enditem|p1a: Kingambit|Chople Berry|[eat]
|-enditem|p1a: Kingambit|Chople Berry|[weaken]
|-damage|p1a: Kingambit|0 fnt
|-unboost|p2b: Sneasler|def|1
|-unboost|p2b: Sneasler|spd|1
|faint|p1a: Kingambit
|-enditem|p2b: Sneasler|White Herb
|-clearnegativeboost|p2b: Sneasler|[silent]
|
|-weather|none
|upkeep
|
|t:|1785681814
|switch|p1a: Delphox|Delphox-Mega, L50, M|75/100
|turn|6
|inactive|nutbuster151 has 30 seconds left.
|
|t:|1785681840
|move|p1b: Garchomp|Protect|p1b: Garchomp
|-singleturn|p1b: Garchomp|Protect
|move|p2a: Kingambit|Sucker Punch||[still]
|-fail|p2a: Kingambit
|move|p2b: Sneasler|Close Combat|p1b: Garchomp
|-activate|p1b: Garchomp|move: Protect
|move|p1a: Delphox|Heat Wave|p2b: Sneasler|[spread] p2a,p2b
|-supereffective|p2a: Kingambit|1
|-damage|p2a: Kingambit|20/100y
|-damage|p2b: Sneasler|45/100
|
|upkeep
|turn|7
|inactive|nutbuster151 has 30 seconds left.
|inactive|nutbuster151 has 20 seconds left.
|
|t:|1785681877
|switch|p1b: Glimmora|Glimmora, L50, M|39/100
|move|p2a: Kingambit|Sucker Punch||[still]
|-fail|p2a: Kingambit
|move|p2b: Sneasler|Close Combat|p1b: Glimmora
|-damage|p1b: Glimmora|0 fnt
|-unboost|p2b: Sneasler|def|1
|-unboost|p2b: Sneasler|spd|1
|-activate|p1b: Glimmora|ability: Toxic Debris
|-sidestart|p2: 8787878i|move: Toxic Spikes
|faint|p1b: Glimmora
|move|p1a: Delphox|Substitute|p1a: Delphox
|-start|p1a: Delphox|Substitute
|-damage|p1a: Delphox|50/100g
|
|upkeep
|
|t:|1785681892
|switch|p1b: Garchomp|Garchomp, L50, M|100/100
|turn|8
|
|t:|1785681917
|move|p2a: Kingambit|Protect|p2a: Kingambit
|-singleturn|p2a: Kingambit|Protect
|move|p2b: Sneasler|Gunk Shot|p1a: Delphox
|-end|p1a: Delphox|Substitute
|move|p1a: Delphox|Heat Wave|p2b: Sneasler|[spread] p2b
|-activate|p2a: Kingambit|move: Protect
|-damage|p2b: Sneasler|0 fnt
|faint|p2b: Sneasler
|move|p1b: Garchomp|Earthquake|p2a: Kingambit|[spread] 
|-activate|p2a: Kingambit|move: Protect
|-immune|p1a: Delphox|[from] ability: Levitate
|
|upkeep
|
|t:|1785681924
|switch|p2b: Nella|Froslass-Mega, L50, F|100/100
|-status|p2b: Nella|psn
|-weather|Snowscape|[from] ability: Snow Warning|[of] p2b: Nella
|turn|9
|inactive|nutbuster151 has 30 seconds left.
|inactive|nutbuster151 has 20 seconds left.
|inactive|nutbuster151 has 15 seconds left.
|inactive|nutbuster151 has 10 seconds left.
|
|t:|1785681971
|move|p2a: Kingambit|Sucker Punch||[still]
|-fail|p2a: Kingambit
|move|p1a: Delphox|Substitute|p1a: Delphox
|-start|p1a: Delphox|Substitute
|-damage|p1a: Delphox|26/100
|move|p2b: Nella|Blizzard|p1a: Delphox|[spread] p1a,p1b
|-resisted|p1a: Delphox|1
|-activate|p1a: Delphox|move: Substitute|[damage]
|-supereffective|p1b: Garchomp|2
|-damage|p1b: Garchomp|0 fnt
|faint|p1b: Garchomp
|
|-weather|Snowscape|[upkeep]
|-damage|p2b: Nella|87/100 psn|[from] psn
|upkeep
|turn|10
|
|t:|1785681986
|move|p2a: Kingambit|Sucker Punch|p1a: Delphox
|-supereffective|p1a: Delphox|1
|-end|p1a: Delphox|Substitute
|-damage|p2a: Kingambit|11/100|[from] item: Life Orb
|move|p1a: Delphox|Heat Wave|p2b: Nella|[spread] p2a,p2b
|-supereffective|p2a: Kingambit|1
|-supereffective|p2b: Nella|1
|-damage|p2a: Kingambit|0 fnt
|-damage|p2b: Nella|11/100 psn
|faint|p2a: Kingambit
|move|p2b: Nella|Shadow Ball|p1a: Delphox
|-supereffective|p1a: Delphox|1
|-damage|p1a: Delphox|0 fnt
|faint|p1a: Delphox
|
|win|8787878i
|raw|nutbuster151's rating: 1207 → 1181(-26 for losing)
|raw|8787878i's rating: 1192 → 1218(+26 for winning)
|l|☆8787878i
|player|p2|
