|j|☆TMJS01
|j|☆lordtentacle69
|html|TMJS01lordtentacle69    
|uhtml|bestof|Game 1 of a best-of-3
|t:|1783750535
|gametype|doubles
|player|p1|TMJS01|unknown|1281
|player|p2|lordtentacle69|corbeau|1400
|gen|9
|tier|[Gen 9 Champions] VGC 2026 Reg M-B (Bo3)
|rated|
|rule|Species Clause: Limit one of each Pokémon
|rule|Item Clause: Limit 1 of each item
|clearpoke
|poke|p1|Sinistcha, L50|
|poke|p1|Incineroar, L50, M|
|poke|p1|Floette-Eternal, L50, F|
|poke|p1|Kingambit, L50, M|
|poke|p1|Camerupt, L50, M|
|poke|p1|Farigiraf, L50, M|
|poke|p2|Delphox, L50, M|
|poke|p2|Incineroar, L50, F|
|poke|p2|Maushold-Four, L50|
|poke|p2|Sinistcha, L50|
|poke|p2|Sneasler, L50, M|
|poke|p2|Blastoise, L50, F|
|teampreview|4
|showteam|p1|Sinistcha||ColburBerry|Hospitality|MatchaGotcha,RagePowder,TrickRoom,LifeDew|Relaxed|||||50|]Incineroar||PasshoBerry|Intimidate|ThroatChop,FlareBlitz,PartingShot,FakeOut|Adamant||M|||50|]Floette-Eternal||Floettite|FlowerVeil|Protect,CalmMind,Moonblast,DazzlingGleam|Modest||F|||50|]Kingambit||FocusSash|Defiant|SuckerPunch,IronHead,KowtowCleave,LowKick|Brave||M|||50|]Camerupt||Cameruptite|SolidRock|AncientPower,HeatWave,EarthPower,Protect|Quiet||M|||50|]Farigiraf||SitrusBerry|ArmorTail|Thunderbolt,TwinBeam,TrickRoom,HelpingHand|Relaxed||M|||50|
|showteam|p2|Delphox||Delphoxite|Blaze|HeatWave,Psychic,NastyPlot,Protect|Timid||M|||50|]Incineroar||SitrusBerry|Intimidate|FakeOut,PartingShot,FlareBlitz,ThroatChop|Impish||F|||50|]Maushold-Four||ChopleBerry|FriendGuard|Feint,HelpingHand,Protect,FollowMe|Impish|||||50|]Sinistcha||KasibBerry|Hospitality|Protect,MatchaGotcha,TrickRoom,RagePowder|Bold|||||50|]Sneasler||FocusSash|PoisonTouch|CloseCombat,PoisonJab,QuickGuard,FakeOut|Adamant||M|||50|]Blastoise||Blastoisinite|RainDish|Protect,WaterSpout,DarkPulse,ShellSmash|Modest||F|||50|
|inactive|Battle timer is ON: inactive players will automatically lose when time's up. (requested by TMJS01)
|inactive|TMJS01 has 60 seconds left.
|inactive|lordtentacle69 has 60 seconds left.
|
|t:|1783750575
|teamsize|p1|4
|teamsize|p2|4
|start
|switch|p1a: Incineroar|Incineroar, L50, M|100/100
|switch|p1b: Sinistcha|Sinistcha, L50|100/100
|switch|p2a: Brent|Blastoise, L50, F|100/100
|switch|p2b: Sarahn's OC|Sneasler, L50, M|100/100
|-ability|p1a: Incineroar|Intimidate|boost
|-unboost|p2a: Brent|atk|1
|-unboost|p2b: Sarahn's OC|atk|1
|turn|1
|inactive|TMJS01 has 30 seconds left.
|
|t:|1783750601
|switch|p1a: Kingambit|Kingambit, L50, M|100/100
|detailschange|p2a: Brent|Blastoise-Mega, L50, F
|-mega|p2a: Brent|Blastoise|Blastoisinite
|move|p2b: Sarahn's OC|Quick Guard|p2b: Sarahn's OC
|-singleturn|p2b: Sarahn's OC|Quick Guard
|move|p2a: Brent|Water Spout|p1b: Sinistcha|[spread] p1a,p1b
|-resisted|p1b: Sinistcha|1
|-damage|p1a: Kingambit|31/100
|-damage|p1b: Sinistcha|67/100
|move|p1b: Sinistcha|Trick Room|p1b: Sinistcha
|-fieldstart|move: Trick Room|[of] p1b: Sinistcha
|
|upkeep
|turn|2
|inactive|lordtentacle69 has 30 seconds left.
|
|t:|1783750626
|move|p2a: Brent|Protect|p2a: Brent
|-singleturn|p2a: Brent|Protect
|move|p1a: Kingambit|Iron Head|p2b: Sarahn's OC
|-damage|p2b: Sarahn's OC|20/100y
|move|p1b: Sinistcha|Matcha Gotcha|p2a: Brent|[spread] p2b
|-activate|p2a: Brent|move: Protect
|-resisted|p2b: Sarahn's OC|1
|-damage|p2b: Sarahn's OC|5/100
|-heal|p1b: Sinistcha|74/100|[from] drain|[of] p2b: Sarahn's OC
|move|p2b: Sarahn's OC|Poison Jab|p1b: Sinistcha
|-damage|p1b: Sinistcha|49/100
|-status|p1b: Sinistcha|psn
|
|-damage|p1b: Sinistcha|37/100 psn|[from] psn
|upkeep
|turn|3
|
|t:|1783750646
|switch|p2a: Green Day|Sinistcha, L50|100/100
|-heal|p2b: Sarahn's OC|29/100|[from] ability: Hospitality|[of] p2a: Green Day
|move|p1a: Kingambit|Kowtow Cleave|p2a: Green Day
|-supereffective|p2a: Green Day|1
|-damage|p2a: Green Day|15/100
|move|p1b: Sinistcha|Matcha Gotcha|p2b: Sarahn's OC|[spread] p2a,p2b
|-resisted|p2a: Green Day|1
|-resisted|p2b: Sarahn's OC|1
|-damage|p2a: Green Day|3/100
|-heal|p1b: Sinistcha|43/100 psn|[from] drain|[of] p2a: Green Day
|-damage|p2b: Sarahn's OC|13/100
|-heal|p1b: Sinistcha|50/100g psn|[from] drain|[of] p2b: Sarahn's OC
|-status|p2b: Sarahn's OC|brn
|move|p2b: Sarahn's OC|Close Combat|p1a: Kingambit
|-supereffective|p1a: Kingambit|2
|-damage|p1a: Kingambit|0 fnt
|-unboost|p2b: Sarahn's OC|def|1
|-unboost|p2b: Sarahn's OC|spd|1
|faint|p1a: Kingambit
|
|-damage|p1b: Sinistcha|38/100 psn|[from] psn
|-damage|p2b: Sarahn's OC|7/100 brn|[from] brn
|upkeep
|
|t:|1783750655
|switch|p1a: Camerupt|Camerupt, L50, M|100/100
|turn|4
|
|t:|1783750673
|detailschange|p1a: Camerupt|Camerupt-Mega, L50, M
|-mega|p1a: Camerupt|Camerupt|Cameruptite
|move|p2a: Green Day|Protect|p2a: Green Day
|-singleturn|p2a: Green Day|Protect
|move|p1a: Camerupt|Heat Wave|p2b: Sarahn's OC|[spread] p2b
|-activate|p2a: Green Day|move: Protect
|-damage|p2b: Sarahn's OC|0 fnt
|faint|p2b: Sarahn's OC
|move|p1b: Sinistcha|Life Dew||[still]|[spread] p1a,p1b
|-fail|p1a: Camerupt|heal
|-heal|p1b: Sinistcha|63/100 psn
|
|-damage|p1b: Sinistcha|51/100 psn|[from] psn
|upkeep
|
|t:|1783750683
|switch|p2b: Gochujang|Incineroar, L50, F|100/100
|-ability|p2b: Gochujang|Intimidate|boost
|-unboost|p1a: Camerupt|atk|1
|-unboost|p1b: Sinistcha|atk|1
|turn|5
|
|t:|1783750697
|switch|p1b: Incineroar|Incineroar, L50, M|100/100
|-ability|p1b: Incineroar|Intimidate|boost
|-unboost|p2a: Green Day|atk|1
|-unboost|p2b: Gochujang|atk|1
|move|p1a: Camerupt|Protect|p1a: Camerupt
|-singleturn|p1a: Camerupt|Protect
|move|p2b: Gochujang|Fake Out|p1a: Camerupt
|-activate|p1a: Camerupt|move: Protect
|move|p2a: Green Day|Matcha Gotcha|p1a: Camerupt|[spread] p1b
|-activate|p1a: Camerupt|move: Protect
|-resisted|p1b: Incineroar|1
|-damage|p1b: Incineroar|88/100
|-heal|p2a: Green Day|9/100|[from] drain|[of] p1b: Incineroar
|
|-fieldend|move: Trick Room
|upkeep
|turn|6
|
|t:|1783750711
|move|p2a: Green Day|Matcha Gotcha|p1b: Incineroar|[spread] p1a,p1b
|-resisted|p1b: Incineroar|1
|-damage|p1a: Camerupt|77/100
|-heal|p2a: Green Day|20/100y|[from] drain|[of] p1a: Camerupt
|-damage|p1b: Incineroar|78/100
|-heal|p2a: Green Day|26/100|[from] drain|[of] p1b: Incineroar
|move|p2b: Gochujang|Parting Shot|p1a: Camerupt
|-unboost|p1a: Camerupt|atk|1
|-unboost|p1a: Camerupt|spa|1
|
|t:|1783750720
|switch|p2b: Brent|Blastoise-Mega, L50, F|100/100|[from] Parting Shot
|move|p1b: Incineroar|Parting Shot|p2a: Green Day
|-unboost|p2a: Green Day|atk|1
|-unboost|p2a: Green Day|spa|1
|
|t:|1783750722
|switch|p1b: Sinistcha|Sinistcha, L50|51/100 psn|[from] Parting Shot
|-heal|p1a: Camerupt|100/100|[from] ability: Hospitality|[of] p1b: Sinistcha
|move|p1a: Camerupt|Earth Power|p2b: Brent
|-damage|p2b: Brent|51/100
|
|-damage|p1b: Sinistcha|38/100 psn|[from] psn
|upkeep
|turn|7
|
|t:|1783750741
|switch|p1a: Incineroar|Incineroar, L50, M|78/100
|-ability|p1a: Incineroar|Intimidate|boost
|-unboost|p2a: Green Day|atk|1
|-unboost|p2b: Brent|atk|1
|move|p2b: Brent|Water Spout|p1b: Sinistcha|[spread] p1a,p1b
|-supereffective|p1a: Incineroar|1
|-enditem|p1a: Incineroar|Passho Berry|[eat]
|-enditem|p1a: Incineroar|Passho Berry|[weaken]
|-resisted|p1b: Sinistcha|1
|-damage|p1a: Incineroar|45/100
|-damage|p1b: Sinistcha|23/100 psn
|move|p2a: Green Day|Matcha Gotcha|p1b: Sinistcha|[spread] p1a,p1b
|-resisted|p1a: Incineroar|1
|-resisted|p1b: Sinistcha|1
|-damage|p1a: Incineroar|39/100
|-heal|p2a: Green Day|30/100|[from] drain|[of] p1a: Incineroar
|-damage|p1b: Sinistcha|14/100 psn
|-heal|p2a: Green Day|35/100|[from] drain|[of] p1b: Sinistcha
|move|p1b: Sinistcha|Matcha Gotcha|p2b: Brent|[spread] p2a,p2b
|-resisted|p2a: Green Day|1
|-supereffective|p2b: Brent|1
|-damage|p2a: Green Day|23/100
|-heal|p1b: Sinistcha|20/100y psn|[from] drain|[of] p2a: Green Day
|-damage|p2b: Brent|1/100
|-heal|p1b: Sinistcha|43/100 psn|[from] drain|[of] p2b: Brent
|-status|p2a: Green Day|brn
|
|-damage|p1b: Sinistcha|30/100 psn|[from] psn
|-damage|p2a: Green Day|16/100 brn|[from] brn
|upkeep
|turn|8
|
|t:|1783750765
|switch|p2b: Gochujang|Incineroar, L50, F|100/100
|-ability|p2b: Gochujang|Intimidate|boost
|-unboost|p1a: Incineroar|atk|1
|-unboost|p1b: Sinistcha|atk|1
|move|p2a: Green Day|Protect|p2a: Green Day
|-singleturn|p2a: Green Day|Protect
|move|p1a: Incineroar|Fake Out|p2b: Gochujang
|-damage|p2b: Gochujang|93/100
|move|p1b: Sinistcha|Trick Room|p1b: Sinistcha
|-fieldstart|move: Trick Room|[of] p1b: Sinistcha
|
|-damage|p1b: Sinistcha|18/100 psn|[from] psn
|-damage|p2a: Green Day|10/100 brn|[from] brn
|upkeep
|turn|9
|
|t:|1783750779
|move|p2b: Gochujang|Fake Out|p1a: Incineroar
|-damage|p1a: Incineroar|30/100
|move|p1b: Sinistcha|Life Dew|p1b: Sinistcha|[spread] p1a,p1b
|-heal|p1a: Incineroar|55/100
|-heal|p1b: Sinistcha|43/100 psn
|cant|p1a: Incineroar|flinch
|move|p2a: Green Day|Trick Room|p2a: Green Day
|-fieldend|move: Trick Room
|
|-damage|p1b: Sinistcha|31/100 psn|[from] psn
|-damage|p2a: Green Day|4/100 brn|[from] brn
|upkeep
|turn|10
|
|t:|1783750798
|switch|p1b: Camerupt|Camerupt-Mega, L50, M|100/100
|move|p2a: Green Day|Matcha Gotcha|p1b: Camerupt|[spread] p1a,p1b
|-resisted|p1a: Incineroar|1
|-damage|p1a: Incineroar|47/100
|-heal|p2a: Green Day|8/100 brn|[from] drain|[of] p1a: Incineroar
|-damage|p1b: Camerupt|85/100
|-heal|p2a: Green Day|15/100 brn|[from] drain|[of] p1b: Camerupt
|move|p2b: Gochujang|Throat Chop|p1b: Camerupt
|-damage|p1b: Camerupt|56/100
|-start|p1b: Camerupt|Throat Chop|[silent]
|move|p1a: Incineroar|Parting Shot|p2b: Gochujang
|-unboost|p2b: Gochujang|atk|1
|-unboost|p2b: Gochujang|spa|1
|
|t:|1783750805
|switch|p1a: Sinistcha|Sinistcha, L50|31/100 psn|[from] Parting Shot
|-heal|p1b: Camerupt|81/100|[from] ability: Hospitality|[of] p1a: Sinistcha
|
|-damage|p1a: Sinistcha|19/100 psn|[from] psn
|-damage|p2a: Green Day|9/100 brn|[from] brn
|upkeep
|turn|11
|
|t:|1783750821
|switch|p1a: Incineroar|Incineroar, L50, M|47/100
|-ability|p1a: Incineroar|Intimidate|boost
|-unboost|p2a: Green Day|atk|1
|-unboost|p2b: Gochujang|atk|1
|move|p2a: Green Day|Matcha Gotcha|p1a: Incineroar|[spread] p1a,p1b
|-resisted|p1a: Incineroar|1
|-damage|p1a: Incineroar|41/100
|-heal|p2a: Green Day|13/100 brn|[from] drain|[of] p1a: Incineroar
|-damage|p1b: Camerupt|66/100
|-heal|p2a: Green Day|21/100 brn|[from] drain|[of] p1b: Camerupt
|move|p2b: Gochujang|Throat Chop|p1a: Incineroar
|-resisted|p1a: Incineroar|1
|-damage|p1a: Incineroar|33/100
|-start|p1a: Incineroar|Throat Chop|[silent]
|move|p1b: Camerupt|Earth Power|p2b: Gochujang
|-supereffective|p2b: Gochujang|1
|-damage|p2b: Gochujang|0 fnt
|faint|p2b: Gochujang
|
|-damage|p2a: Green Day|15/100 brn|[from] brn
|-end|p1b: Camerupt|Throat Chop|[silent]
|upkeep
|
|t:|1783750839
|switch|p2b: Brent|Blastoise-Mega, L50, F|1/100
|turn|12
|
|t:|1783750851
|switch|p1a: Sinistcha|Sinistcha, L50|19/100 psn
|-heal|p1b: Camerupt|90/100|[from] ability: Hospitality|[of] p1a: Sinistcha
|move|p2b: Brent|Protect|p2b: Brent
|-singleturn|p2b: Brent|Protect
|move|p2a: Green Day|Matcha Gotcha|p1b: Camerupt|[spread] p1a,p1b
|-resisted|p1a: Sinistcha|1
|-damage|p1a: Sinistcha|10/100 psn
|-heal|p2a: Green Day|19/100 brn|[from] drain|[of] p1a: Sinistcha
|-damage|p1b: Camerupt|76/100
|-heal|p2a: Green Day|27/100 brn|[from] drain|[of] p1b: Camerupt
|move|p1b: Camerupt|Heat Wave|p2a: Green Day|[spread] p2a
|-activate|p2b: Brent|move: Protect
|-supereffective|p2a: Green Day|1
|-damage|p2a: Green Day|0 fnt
|faint|p2a: Green Day
|
|-damage|p1a: Sinistcha|0 fnt|[from] psn
|faint|p1a: Sinistcha
|upkeep
|
|t:|1783750853
|switch|p1a: Incineroar|Incineroar, L50, M|33/100
|-ability|p1a: Incineroar|Intimidate|boost
|-unboost|p2b: Brent|atk|1
|turn|13
|-message|lordtentacle69 forfeited.
|
|win|TMJS01
