|j|☆Roseofrosarade
|j|☆beavis6969
|html|Roseofrosaradebeavis6969    
|uhtml|bestof|Game 3 of a best-of-3
|t:|1785443499
|gametype|doubles
|player|p1|Roseofrosarade|170|1093
|player|p2|beavis6969|2|1153
|gen|9
|tier|[Gen 9 Champions] VGC 2026 Reg M-B (Bo3)
|rated|
|rule|Species Clause: Limit one of each Pokémon
|rule|Item Clause: Limit 1 of each item
|clearpoke
|poke|p1|Glimmora, L50, M|
|poke|p1|Whimsicott, L50, F|
|poke|p1|Garchomp, L50, M|
|poke|p1|Floette-Eternal, L50, F|
|poke|p1|Skeledirge, L50, F|
|poke|p1|Rotom-Wash, L50|
|poke|p2|Floette-Eternal, L50, F|
|poke|p2|Gallade, L50, M|
|poke|p2|Ceruledge, L50, M|
|poke|p2|Milotic, L50, M|
|poke|p2|Garchomp, L50, F|
|poke|p2|Staraptor, L50, F|
|teampreview|4
|showteam|p1|Glimmora||FocusSash|ToxicDebris|SludgeBomb,SpikyShield,PowerGem,EarthPower|Timid||M|||50|]Whimsicott||SitrusBerry|Prankster|Moonblast,Encore,Tailwind,StunSpore|Bold||F|||50|]Garchomp||LifeOrb|RoughSkin|RockSlide,Protect,DragonClaw,Earthquake|Jolly||M|||50|]Floette-Eternal||Floettite|FlowerVeil|DrainingKiss,Protect,CalmMind,DazzlingGleam|Serious||F|||50|]Skeledirge||Charcoal|Unaware|HeatWave,TorchSong,Protect,ShadowBall|Timid||F|||50|]Rotom-Wash||LumBerry|Levitate|WillOWisp,Discharge,Protect,Thunderbolt|Calm|||||50|
|showteam|p2|Floette-Eternal||Floettite|FlowerVeil|DrainingKiss,CalmMind,DazzlingGleam,Protect|Timid||F|||50|]Gallade||FocusSash|Sharpness|PsychoCut,LeafBlade,Protect,SacredSword|Jolly||M|||50|]Ceruledge||SitrusBerry|FlashFire|BulkUp,Protect,BitterBlade,ShadowSneak|Impish||M|||50|]Milotic||ZoomLens|Competitive|MuddyWater,Hypnosis,Coil,LifeDew|Bold||M|||50|]Garchomp||LifeOrb|RoughSkin|Earthquake,DragonClaw,Protect,RockSlide|Jolly||F|||50|]Staraptor||Staraptite|Intimidate|CloseCombat,BraveBird,Tailwind,Protect|Jolly||F|||50|
|inactive|Battle timer is ON: inactive players will automatically lose when time's up. (requested by Roseofrosarade)
|
|t:|1785443546
|teamsize|p1|4
|teamsize|p2|4
|start
|switch|p1a: Garchomp|Garchomp, L50, M|100/100
|switch|p1b: Glimmora|Glimmora, L50, M|100/100
|switch|p2a: Milotic|Milotic, L50, M|100/100
|switch|p2b: Gallade|Gallade, L50, M|100/100
|turn|1
|inactive|beavis6969 has 30 seconds left.
|inactive|beavis6969 has 20 seconds left.
|
|t:|1785443583
|move|p1a: Garchomp|Earthquake|p2b: Gallade|[spread] p1b,p2a,p2b
|-supereffective|p1b: Glimmora|2
|-enditem|p1b: Glimmora|Focus Sash
|-damage|p1b: Glimmora|1/100
|-damage|p2a: Milotic|56/100
|-damage|p2b: Gallade|13/100
|-activate|p1b: Glimmora|ability: Toxic Debris
|-sidestart|p2: beavis6969|move: Toxic Spikes
|-damage|p1a: Garchomp|90/100|[from] item: Life Orb
|move|p1b: Glimmora|Sludge Bomb|p2b: Gallade
|-damage|p2b: Gallade|0 fnt
|faint|p2b: Gallade
|move|p2a: Milotic|Coil|p2a: Milotic
|-boost|p2a: Milotic|atk|1
|-boost|p2a: Milotic|def|1
|-boost|p2a: Milotic|accuracy|1
|
|upkeep
|
|t:|1785443600
|switch|p2b: Floette|Floette-Eternal, L50, F|100/100
|-status|p2b: Floette|psn
|turn|2
|inactive|beavis6969 has 30 seconds left.
|
|t:|1785443633
|detailschange|p2b: Floette|Floette-Mega, L50, F
|-mega|p2b: Floette|Floette|Floettite
|-ability|p2b: Floette|Fairy Aura
|move|p1a: Garchomp|Earthquake|p2b: Floette|[spread] p1b,p2a,p2b
|-supereffective|p1b: Glimmora|2
|-damage|p1b: Glimmora|0 fnt
|-damage|p2a: Milotic|30/100
|-damage|p2b: Floette|50/100g psn
|-activate|p1b: Glimmora|ability: Toxic Debris
|-sidestart|p2: beavis6969|move: Toxic Spikes
|faint|p1b: Glimmora
|-damage|p1a: Garchomp|80/100|[from] item: Life Orb
|move|p2b: Floette|Calm Mind|p2b: Floette
|-boost|p2b: Floette|spa|1
|-boost|p2b: Floette|spd|1
|move|p2a: Milotic|Hypnosis|p1a: Garchomp
|-status|p1a: Garchomp|slp|[from] move: Hypnosis
|
|-damage|p2b: Floette|38/100 psn|[from] psn
|upkeep
|inactive|Roseofrosarade has 30 seconds left.
|
|t:|1785443658
|switch|p1b: Floette|Floette-Eternal, L50, F|100/100
|turn|3
|
|t:|1785443669
|detailschange|p1b: Floette|Floette-Mega, L50, F
|-mega|p1b: Floette|Floette|Floettite
|-ability|p1b: Floette|Fairy Aura
|cant|p1a: Garchomp|slp
|move|p2b: Floette|Draining Kiss|p1a: Garchomp
|-supereffective|p1a: Garchomp|1
|-damage|p1a: Garchomp|0 fnt
|-heal|p2b: Floette|100/100 psn|[from] drain|[of] p1a: Garchomp
|-damage|p2b: Floette|87/100 psn|[from] ability: Rough Skin|[of] p1a: Garchomp
|faint|p1a: Garchomp
|move|p1b: Floette|Dazzling Gleam|p2b: Floette|[spread] p2a,p2b
|-crit|p2a: Milotic
|-damage|p2a: Milotic|0 fnt
|-damage|p2b: Floette|62/100 psn
|faint|p2a: Milotic
|
|-damage|p2b: Floette|50/100g psn|[from] psn
|upkeep
|
|t:|1785443685
|switch|p1a: Whimsicott|Whimsicott, L50, F|100/100
|switch|p2a: Ceruledge|Ceruledge, L50, M|100/100
|-status|p2a: Ceruledge|tox
|turn|4
|
|t:|1785443699
|move|p1b: Floette|Protect|p1b: Floette
|-singleturn|p1b: Floette|Protect
|move|p1a: Whimsicott|Tailwind|p1a: Whimsicott
|-sidestart|p1: Roseofrosarade|move: Tailwind
|move|p2b: Floette|Draining Kiss|p1a: Whimsicott
|-damage|p1a: Whimsicott|32/100
|-heal|p2b: Floette|100/100 psn|[from] drain|[of] p1a: Whimsicott
|-enditem|p1a: Whimsicott|Sitrus Berry|[eat]
|-heal|p1a: Whimsicott|57/100|[from] item: Sitrus Berry
|move|p2a: Ceruledge|Bitter Blade|p1a: Whimsicott
|-supereffective|p1a: Whimsicott|1
|-damage|p1a: Whimsicott|0 fnt
|faint|p1a: Whimsicott
|
|-damage|p2b: Floette|87/100 psn|[from] psn
|-damage|p2a: Ceruledge|93/100 tox|[from] psn
|upkeep
|turn|5
|
|t:|1785443720
|move|p1b: Floette|Calm Mind|p1b: Floette
|-boost|p1b: Floette|spa|1
|-boost|p1b: Floette|spd|1
|move|p2b: Floette|Draining Kiss|p1b: Floette
|-damage|p1b: Floette|75/100
|-heal|p2b: Floette|100/100 psn|[from] drain|[of] p1b: Floette
|move|p2a: Ceruledge|Bitter Blade|p1b: Floette
|-crit|p1b: Floette
|-damage|p1b: Floette|5/100
|-heal|p2a: Ceruledge|100/100 tox|[from] drain|[of] p1b: Floette
|
|-damage|p2b: Floette|87/100 psn|[from] psn
|-damage|p2a: Ceruledge|87/100 tox|[from] psn
|upkeep
|turn|6
|c|☆beavis6969|gg
|inactive|beavis6969 has 30 seconds left.
|c|☆beavis6969|you had no change up
|c|☆Roseofrosarade|Gg
|
|t:|1785443754
|move|p1b: Floette|Protect|p1b: Floette
|-singleturn|p1b: Floette|Protect
|move|p2b: Floette|Protect|p2b: Floette
|-singleturn|p2b: Floette|Protect
|move|p2a: Ceruledge|Shadow Sneak|p1b: Floette
|-activate|p1b: Floette|move: Protect
|
|-damage|p2b: Floette|75/100 psn|[from] psn
|-damage|p2a: Ceruledge|69/100 tox|[from] psn
|upkeep
|turn|7
|c|☆Roseofrosarade|also?
|l|☆Roseofrosarade
|inactive|Roseofrosarade disconnected and has a minute to reconnect!
|player|p1|
|j|☆Roseofrosarade
|inactive|Roseofrosarade reconnected and has 45 seconds left.
|player|p1|Roseofrosarade|170|
|
|t:|1785443772
|move|p1b: Floette|Protect|p1b: Floette
|-singleturn|p1b: Floette|Protect
|move|p2a: Ceruledge|Shadow Sneak|p1b: Floette
|-activate|p1b: Floette|move: Protect
|move|p2b: Floette|Draining Kiss|p1b: Floette
|-activate|p1b: Floette|move: Protect
|
|-damage|p2b: Floette|62/100 psn|[from] psn
|-damage|p2a: Ceruledge|45/100 tox|[from] psn
|-sideend|p1: Roseofrosarade|move: Tailwind
|upkeep
|-enditem|p2a: Ceruledge|Sitrus Berry|[eat]
|-heal|p2a: Ceruledge|70/100 tox|[from] item: Sitrus Berry
|turn|8
|c|☆beavis6969|wdym also
|l|☆Roseofrosarade
|inactive|Roseofrosarade disconnected and has a minute to reconnect!
|player|p1|
|
|t:|1785443788
|move|p1b: Floette|Protect||[still]
|-fail|p1b: Floette
|move|p2a: Ceruledge|Shadow Sneak|p1b: Floette
|-crit|p1b: Floette
|-damage|p1b: Floette|0 fnt
|faint|p1b: Floette
|
|win|beavis6969
|raw|Roseofrosarade's rating: 1093 → 1073(-20 for losing)
|raw|beavis6969's rating: 1153 → 1174(+21 for winning)
|j|☆Roseofrosarade
|player|p1|Roseofrosarade|170|
|c|☆Roseofrosarade|Wdym no change up
|l|☆Roseofrosarade
|player|p1|
|j|☆Roseofrosarade
|player|p1|Roseofrosarade|170|
|c|☆beavis6969|like no reaction to counter Milo gallade
|c|☆Roseofrosarade|I did change
|c|☆Roseofrosarade|i started diffrent leadseach game
|l|☆Roseofrosarade
|player|p1|
|j|☆Roseofrosarade
|player|p1|Roseofrosarade|170|
|c|☆beavis6969|I guess so
|c|☆beavis6969|3 of same 4 every time tho
|c|☆Roseofrosarade|Ig
|l|☆Roseofrosarade
|player|p1|
|j|☆Roseofrosarade
|player|p1|Roseofrosarade|170|
|l|☆beavis6969
|player|p2|
