|j|‽bermusinho
|j|☆ethical sga
|html|bermusinhoethical sga    
|uhtml|bestof|Game 2 of a best-of-3
|t:|1784920645
|gametype|doubles
|player|p1|bermusinho|2|1303
|player|p2|ethical sga|serena-masters3|1232
|gen|9
|tier|[Gen 9 Champions] VGC 2026 Reg M-B (Bo3)
|rated|
|rule|Species Clause: Limit one of each Pokémon
|rule|Item Clause: Limit 1 of each item
|clearpoke
|poke|p1|Aerodactyl, L50, M|
|poke|p1|Kingambit, L50, F|
|poke|p1|Sylveon, L50, F|
|poke|p1|Garchomp, L50, M|
|poke|p1|Charizard, L50, F|
|poke|p1|Incineroar, L50, M|
|poke|p2|Metagross, L50|
|poke|p2|Clawitzer, L50, F|
|poke|p2|Kommo-o, L50, F|
|poke|p2|Incineroar, L50, M|
|poke|p2|Whimsicott, L50, F|
|poke|p2|Floette-Eternal, L50, F|
|teampreview|4
|showteam|p1|Aerodactyl||Aerodactylite|Unnerve|RockSlide,IceFang,Tailwind,WideGuard|Jolly||M|||50|]Kingambit||FocusSash|Defiant|KowtowCleave,SuckerPunch,IronHead,Protect|Adamant||F|||50|]Sylveon||FairyFeather|Pixilate|Detect,HyperVoice,HyperBeam,QuickAttack|Modest||F|||50|]Garchomp||LifeOrb|RoughSkin|Earthquake,DragonClaw,StompingTantrum,Protect|Jolly||M|||50|]Charizard||CharizarditeY|Blaze|Protect,HeatWave,SolarBeam,WeatherBall|Modest||F|||50|]Incineroar||SitrusBerry|Intimidate|DarkestLariat,FlareBlitz,FakeOut,PartingShot|Impish||M|||50|
|showteam|p2|Metagross||Metagrossite|ClearBody|Protect,PsychicFangs,IronHead,RockTomb|Jolly|||||50|]Clawitzer||ExpertBelt|MegaLauncher|Protect,WaterPulse,DarkPulse,HealPulse|Quiet||F|||50|]Kommo-o||LifeOrb|Bulletproof|Protect,ClangingScales,AuraSphere,VacuumWave|Modest||F|||50|]Incineroar||SitrusBerry|Intimidate|PartingShot,FlareBlitz,DarkestLariat,FakeOut|Impish||M|||50|]Whimsicott||FocusSash|Prankster|Protect,Moonblast,Encore,Tailwind|Timid||F|||50|]Floette-Eternal||Floettite|FlowerVeil|Protect,Moonblast,DazzlingGleam,LightofRuin|Modest||F|||50|
|inactive|Battle timer is ON: inactive players will automatically lose when time's up. (requested by bermusinho)
|
|t:|1784920696
|teamsize|p1|4
|teamsize|p2|4
|start
|switch|p1a: Sylveon|Sylveon, L50, F|100/100
|switch|p1b: Kingambit|Kingambit, L50, F|100/100
|switch|p2a: Floette|Floette-Eternal, L50, F|100/100
|switch|p2b: Whimsicott|Whimsicott, L50, F|100/100
|turn|1
|
|t:|1784920717
|move|p2a: Floette|Protect|p2a: Floette
|-singleturn|p2a: Floette|Protect
|move|p1b: Kingambit|Protect|p1b: Kingambit
|-singleturn|p1b: Kingambit|Protect
|move|p2b: Whimsicott|Moonblast|p1b: Kingambit
|-activate|p1b: Kingambit|move: Protect
|move|p1a: Sylveon|Hyper Voice|p2b: Whimsicott|[spread] p2b
|-activate|p2a: Floette|move: Protect
|-damage|p2b: Whimsicott|21/100
|
|upkeep
|turn|2
|inactive|ethical sga has 30 seconds left.
|
|t:|1784920752
|switch|p1b: Charizard|Charizard, L50, F|100/100
|detailschange|p2a: Floette|Floette-Mega, L50, F
|-mega|p2a: Floette|Floette|Floettite
|-ability|p2a: Floette|Fairy Aura
|move|p2b: Whimsicott|Protect|p2b: Whimsicott
|-singleturn|p2b: Whimsicott|Protect
|move|p2a: Floette|Dazzling Gleam|p1b: Charizard|[spread] p1a,p1b
|-resisted|p1b: Charizard|1
|-damage|p1a: Sylveon|64/100
|-damage|p1b: Charizard|72/100
|move|p1a: Sylveon|Hyper Voice|p2b: Whimsicott|[spread] p2a
|-activate|p2b: Whimsicott|move: Protect
|-damage|p2a: Floette|48/100
|
|upkeep
|turn|3
|inactive|bermusinho has 30 seconds left.
|inactive|bermusinho has 20 seconds left.
|
|t:|1784920789
|detailschange|p1b: Charizard|Charizard-Mega-Y, L50, F
|-mega|p1b: Charizard|Charizard|Charizardite Y
|-weather|SunnyDay|[from] ability: Drought|[of] p1b: Charizard
|move|p2b: Whimsicott|Tailwind|p2b: Whimsicott
|-sidestart|p2: ethical sga|move: Tailwind
|move|p2a: Floette|Moonblast|p1a: Sylveon
|-damage|p1a: Sylveon|6/100
|-unboost|p1a: Sylveon|spa|1
|move|p1b: Charizard|Heat Wave|p2b: Whimsicott|[spread] p2a,p2b
|-supereffective|p2b: Whimsicott|1
|-damage|p2a: Floette|0 fnt
|-damage|p2b: Whimsicott|0 fnt
|faint|p2a: Floette
|faint|p2b: Whimsicott
|move|p1a: Sylveon|Hyper Voice|p2: Floette|[notarget]
|-fail|p1a: Sylveon
|
|-weather|SunnyDay|[upkeep]
|upkeep
|
|t:|1784920801
|switch|p2b: Kommo-o|Kommo-o, L50, F|100/100
|switch|p2a: Incineroar|Incineroar, L50, M|100/100
|-ability|p2a: Incineroar|Intimidate|boost
|-unboost|p1a: Sylveon|atk|1
|-unboost|p1b: Charizard|atk|1
|turn|4
|
|t:|1784920820
|switch|p1b: Incineroar|Incineroar, L50, M|100/100
|-ability|p1b: Incineroar|Intimidate|boost
|-unboost|p2a: Incineroar|atk|1
|-unboost|p2b: Kommo-o|atk|1
|move|p1a: Sylveon|Detect|p1a: Sylveon
|-singleturn|p1a: Sylveon|Protect
|move|p2a: Incineroar|Fake Out|p1a: Sylveon
|-activate|p1a: Sylveon|move: Protect
|move|p2b: Kommo-o|Clanging Scales|p1b: Incineroar|[spread] p1b
|-activate|p1a: Sylveon|move: Protect
|-damage|p1b: Incineroar|47/100
|-enditem|p1b: Incineroar|Sitrus Berry|[eat]
|-heal|p1b: Incineroar|71/100|[from] item: Sitrus Berry
|-unboost|p2b: Kommo-o|def|1
|-damage|p2b: Kommo-o|90/100|[from] item: Life Orb
|
|-weather|SunnyDay|[upkeep]
|upkeep
|turn|5
|
|t:|1784920840
|switch|p1a: Charizard|Charizard-Mega-Y, L50, F|72/100
|move|p2b: Kommo-o|Protect|p2b: Kommo-o
|-singleturn|p2b: Kommo-o|Protect
|move|p1b: Incineroar|Fake Out|p2b: Kommo-o
|-activate|p2b: Kommo-o|move: Protect
|move|p2a: Incineroar|Flare Blitz|p1a: Charizard
|-resisted|p1a: Charizard|1
|-damage|p1a: Charizard|49/100
|-damage|p2a: Incineroar|93/100|[from] Recoil
|
|-weather|SunnyDay|[upkeep]
|upkeep
|turn|6
|
|t:|1784920858
|move|p2b: Kommo-o|Clanging Scales|p1a: Charizard|[spread] p1a,p1b
|-damage|p1a: Charizard|2/100
|-damage|p1b: Incineroar|18/100
|-unboost|p2b: Kommo-o|def|1
|-damage|p2b: Kommo-o|81/100|[from] item: Life Orb
|move|p2a: Incineroar|Darkest Lariat|p1a: Charizard
|-crit|p1a: Charizard
|-damage|p1a: Charizard|0 fnt
|faint|p1a: Charizard
|move|p1b: Incineroar|Parting Shot|p2b: Kommo-o
|-unboost|p2b: Kommo-o|atk|1
|-unboost|p2b: Kommo-o|spa|1
|
|t:|1784920869
|switch|p1b: Sylveon|Sylveon, L50, F|6/100|[from] Parting Shot
|
|-weather|SunnyDay|[upkeep]
|-sideend|p2: ethical sga|move: Tailwind
|upkeep
|c|☆ethical sga|oh im bulletproof
|
|t:|1784920877
|switch|p1a: Kingambit|Kingambit, L50, F|100/100
|turn|7
|
|t:|1784920888
|move|p2b: Kommo-o|Vacuum Wave|p1b: Sylveon
|-resisted|p1b: Sylveon|1
|-damage|p1b: Sylveon|1/100
|-damage|p2b: Kommo-o|71/100|[from] item: Life Orb
|move|p1b: Sylveon|Hyper Voice|p2b: Kommo-o|[spread] p2a,p2b
|-supereffective|p2b: Kommo-o|2
|-damage|p2a: Incineroar|55/100
|-damage|p2b: Kommo-o|0 fnt
|faint|p2b: Kommo-o
|move|p1a: Kingambit|Iron Head|p2a: Incineroar
|-resisted|p2a: Incineroar|1
|-damage|p2a: Incineroar|38/100
|-enditem|p2a: Incineroar|Sitrus Berry|[eat]
|-heal|p2a: Incineroar|63/100|[from] item: Sitrus Berry
|move|p2a: Incineroar|Flare Blitz|p1a: Kingambit
|-supereffective|p1a: Kingambit|1
|-damage|p1a: Kingambit|23/100
|-damage|p2a: Incineroar|39/100|[from] Recoil
|
|-weather|none
|upkeep
|turn|8
|-message|ethical sga forfeited.
|
|win|bermusinho
|raw|bermusinho's rating: 1303 → 1319(+16 for winning)
|raw|ethical sga's rating: 1232 → 1212(-20 for losing)
