|j|☆You’reJustDead!
|j|☆Oscarm92
|html|You’reJustDead!Oscarm92    
|uhtml|bestof|Game 2 of a best-of-3
|t:|1784321076
|gametype|doubles
|player|p1|You’reJustDead!|misty|1172
|player|p2|Oscarm92|102|1265
|gen|9
|tier|[Gen 9 Champions] VGC 2026 Reg M-B (Bo3)
|rated|
|rule|Species Clause: Limit one of each Pokémon
|rule|Item Clause: Limit 1 of each item
|clearpoke
|poke|p1|Mawile, L50, F|
|poke|p1|Farigiraf, L50, F|
|poke|p1|Venusaur, L50, F|
|poke|p1|Aerodactyl, L50, F|
|poke|p1|Incineroar, L50, M, shiny|
|poke|p1|Basculegion, L50, M, shiny|
|poke|p2|Charizard, L50, M, shiny|
|poke|p2|Aerodactyl, L50, F|
|poke|p2|Garchomp, L50, F, shiny|
|poke|p2|Kingambit, L50, F|
|poke|p2|Sylveon, L50, M|
|poke|p2|Farigiraf, L50, M|
|teampreview|4
|showteam|p1|Mawile||Mawilite|HyperCutter|IronHead,PlayRough,SwordsDance,SuckerPunch|Adamant||F|||50|]Farigiraf||ColburBerry|ArmorTail|TrickRoom,Psychic,HyperVoice,Protect|Bold||F|||50|]Venusaur||Venusaurite|Chlorophyll|GigaDrain,SludgeBomb,EarthPower,Protect|Modest||F|||50|]Aerodactyl||FocusSash|Unnerve|RockSlide,DualWingbeat,Protect,Tailwind|Jolly||F|||50|]Incineroar||ChopleBerry|Intimidate|FakeOut,PartingShot,Protect,FlareBlitz|Careful||M|||50|]Basculegion||SitrusBerry|Adaptability|WaveCrash,LastRespects,AquaJet,Protect|Adamant||M|||50|
|showteam|p2|Charizard||CharizarditeY|Blaze|HeatWave,WeatherBall,SolarBeam,Protect|Modest||M|||50|]Aerodactyl||Aerodactylite|Unnerve|IceFang,RockSlide,Tailwind,DualWingbeat|Jolly||F|||50|]Garchomp||LifeOrb|RoughSkin|DragonClaw,StompingTantrum,Earthquake,Protect|Jolly||F|||50|]Kingambit||FocusSash|Defiant|SuckerPunch,KowtowCleave,IronHead,LowKick|Adamant||F|||50|]Sylveon||FairyFeather|Pixilate|QuickAttack,HyperVoice,HyperBeam,Protect|Modest||M|||50|]Farigiraf||SitrusBerry|ArmorTail|TrickRoom,Thunderbolt,Roar,Psychic|Bold||M|||50|
|inactive|Battle timer is ON: inactive players will automatically lose when time's up. (requested by You’reJustDead!)
|
|t:|1784321092
|teamsize|p1|4
|teamsize|p2|4
|start
|switch|p1a: Venusaur|Venusaur, L50, F|100/100
|switch|p1b: Aerodactyl|Aerodactyl, L50, F|100/100
|switch|p2a: Aerodactyl|Aerodactyl, L50, F|100/100
|switch|p2b: Charizard|Charizard, L50, M, shiny|100/100
|-ability|p2a: Aerodactyl|Unnerve
|-ability|p1b: Aerodactyl|Unnerve
|turn|1
|
|t:|1784321100
|switch|p2b: Farigiraf|Farigiraf, L50, M|100/100
|switch|p1a: Farigiraf|Farigiraf, L50, F|100/100
|detailschange|p2a: Aerodactyl|Aerodactyl-Mega, L50, F
|-mega|p2a: Aerodactyl|Aerodactyl|Aerodactylite
|move|p2a: Aerodactyl|Rock Slide|p1b: Aerodactyl|[spread] p1a,p1b
|-supereffective|p1b: Aerodactyl|1
|-damage|p1a: Farigiraf|79/100
|-damage|p1b: Aerodactyl|7/100
|cant|p1b: Aerodactyl|flinch
|
|upkeep
|turn|2
|c|☆You’reJustDead!|Hax so fuj
|c|☆You’reJustDead!|fun
|
|t:|1784321119
|switch|p1b: Basculegion|Basculegion, L50, M, shiny|100/100
|move|p2a: Aerodactyl|Rock Slide|p1b: Basculegion|[spread] p1a,p1b
|-damage|p1a: Farigiraf|59/100
|-damage|p1b: Basculegion|69/100
|move|p1a: Farigiraf|Hyper Voice|p2a: Aerodactyl|[spread] p2a,p2b
|-resisted|p2a: Aerodactyl|1
|-damage|p2a: Aerodactyl|85/100
|-damage|p2b: Farigiraf|76/100
|move|p2b: Farigiraf|Roar|p1a: Farigiraf
|drag|p1a: Aerodactyl|Aerodactyl, L50, F|7/100
|-ability|p1a: Aerodactyl|Unnerve
|
|upkeep
|turn|3
|
|t:|1784321134
|move|p1a: Aerodactyl|Protect|p1a: Aerodactyl
|-singleturn|p1a: Aerodactyl|Protect
|move|p2a: Aerodactyl|Rock Slide|p1b: Basculegion|[spread] p1b
|-activate|p1a: Aerodactyl|move: Protect
|-damage|p1b: Basculegion|38/100
|-enditem|p1b: Basculegion|Sitrus Berry|[eat]
|-heal|p1b: Basculegion|63/100|[from] item: Sitrus Berry
|move|p1b: Basculegion|Wave Crash|p2a: Aerodactyl
|-supereffective|p2a: Aerodactyl|1
|-damage|p2a: Aerodactyl|0 fnt
|faint|p2a: Aerodactyl
|-damage|p1b: Basculegion|38/100|[from] Recoil
|move|p2b: Farigiraf|Thunderbolt|p1b: Basculegion
|-supereffective|p1b: Basculegion|1
|-damage|p1b: Basculegion|0 fnt
|faint|p1b: Basculegion
|
|upkeep
|
|t:|1784321154
|switch|p2a: Garchomp|Garchomp, L50, F, shiny|100/100
|switch|p1b: Venusaur|Venusaur, L50, F|100/100
|turn|4
|
|t:|1784321165
|switch|p1a: Farigiraf|Farigiraf, L50, F|59/100
|detailschange|p1b: Venusaur|Venusaur-Mega, L50, F
|-mega|p1b: Venusaur|Venusaur|Venusaurite
|move|p2a: Garchomp|Dragon Claw|p1a: Farigiraf
|-damage|p1a: Farigiraf|14/100
|-damage|p2a: Garchomp|90/100|[from] item: Life Orb
|move|p1b: Venusaur|Giga Drain|p2a: Garchomp
|-crit|p2a: Garchomp
|-damage|p2a: Garchomp|25/100
|move|p2b: Farigiraf|Psychic|p1b: Venusaur
|-supereffective|p1b: Venusaur|1
|-damage|p1b: Venusaur|45/100
|
|upkeep
|turn|5
|
|t:|1784321189
|move|p2a: Garchomp|Protect|p2a: Garchomp
|-singleturn|p2a: Garchomp|Protect
|move|p1b: Venusaur|Giga Drain|p2a: Garchomp
|-activate|p2a: Garchomp|move: Protect
|move|p2b: Farigiraf|Psychic|p1b: Venusaur
|-supereffective|p1b: Venusaur|1
|-crit|p1b: Venusaur
|-damage|p1b: Venusaur|0 fnt
|faint|p1b: Venusaur
|move|p1a: Farigiraf|Psychic|p2a: Garchomp
|-activate|p2a: Garchomp|move: Protect
|
|upkeep
|
|t:|1784321191
|switch|p1b: Aerodactyl|Aerodactyl, L50, F|7/100
|-ability|p1b: Aerodactyl|Unnerve
|turn|6
|
|t:|1784321210
|move|p1b: Aerodactyl|Tailwind|p1b: Aerodactyl
|-sidestart|p1: You’reJustDead!|move: Tailwind
|move|p2a: Garchomp|Dragon Claw|p1b: Aerodactyl
|-damage|p1b: Aerodactyl|0 fnt
|faint|p1b: Aerodactyl
|-damage|p2a: Garchomp|15/100|[from] item: Life Orb
|move|p1a: Farigiraf|Hyper Voice|p2a: Garchomp|[spread] p2a,p2b
|-damage|p2a: Garchomp|0 fnt
|-damage|p2b: Farigiraf|52/100
|faint|p2a: Garchomp
|move|p2b: Farigiraf|Thunderbolt|p1a: Farigiraf
|-damage|p1a: Farigiraf|0 fnt
|faint|p1a: Farigiraf
|
|win|Oscarm92
|raw|You’reJustDead!'s rating: 1172 → 1154(-18 for losing)
|raw|Oscarm92's rating: 1265 → 1283(+18 for winning)
|l|☆You’reJustDead!
|player|p1|
