|j|☆endk649
|j|☆barium56dood
|html|endk649barium56dood    
|uhtml|bestof|Game 1 of a best-of-3
|t:|1756986945
|gametype|doubles
|player|p1|endk649|gambler|1123
|player|p2|barium56dood|backersf|1083
|gen|9
|tier|[Gen 9] VGC 2025 Reg H (Bo3)
|rated|
|rule|Species Clause: Limit one of each Pokémon
|rule|Item Clause: Limit 1 of each item
|clearpoke
|poke|p1|Feraligatr, L50, M|
|poke|p1|Kommo-o, L50, M|
|poke|p1|Politoed, L50, M|
|poke|p1|Rillaboom, L50, M|
|poke|p1|Incineroar, L50, F|
|poke|p1|Amoonguss, L50, M|
|poke|p2|Tinkaton, L50, F|
|poke|p2|Amoonguss, L50, M|
|poke|p2|Indeedee-F, L50, F|
|poke|p2|Dondozo, L50, F|
|poke|p2|Tatsugiri, L50, F|
|poke|p2|Whimsicott, L50, M|
|teampreview|4
|showteam|p1|Feraligatr||LifeOrb|SheerForce|Liquidation,Crunch,DragonDance,Protect|||M|||50|,,,,,Dark]Kommo-o||ThroatSpray|Soundproof|ClangingScales,AuraSphere,ClangorousSoul,Protect|||M|||50|,,,,,Fairy]Politoed||SitrusBerry|Drizzle|WeatherBall,IcyWind,Haze,Protect|||M|||50|,,,,,Grass]Rillaboom||AssaultVest|GrassySurge|WoodHammer,GrassyGlide,FakeOut,Uturn|||M|||50|,,,,,Fire]Incineroar||SafetyGoggles|Intimidate|KnockOff,FakeOut,Taunt,PartingShot|||F|||50|,,,,,Ghost]Amoonguss||CovertCloak|Regenerator|PollenPuff,Spore,RagePowder,Protect|||M|||50|,,,,,Water
|showteam|p2|Tinkaton||AssaultVest|OwnTempo|FakeOut,KnockOff,GigatonHammer,PlayRough|||F|||50|,,,,,Fairy]Amoonguss||RockyHelmet|Regenerator|Spore,SludgeBomb,RagePowder,Protect|||M|||50|,,,,,Water]Indeedee-F||SafetyGoggles|PsychicSurge|TrickRoom,FollowMe,Protect,Psychic|||F|||50|,,,,,Fairy]Dondozo||Leftovers|Unaware|OrderUp,WaveCrash,Earthquake,Protect|||F|||50|,,,,,Grass]Tatsugiri||ChoiceScarf|Commander|MuddyWater,IcyWind,DracoMeteor,DragonPulse|||F|||50|,,,,,Dragon]Whimsicott||CovertCloak|Prankster|Tailwind,Taunt,Moonblast,Encore|||M|||50|,,,,,Dark
|inactive|Battle timer is ON: inactive players will automatically lose when time's up. (requested by barium56dood)
|inactive|endk649 has 60 seconds left.
|inactive|barium56dood has 60 seconds left.
|inactive|endk649 has 30 seconds left.
|inactive|endk649 has 20 seconds left.
|inactive|endk649 has 15 seconds left.
|
|t:|1756987024
|teamsize|p1|4
|teamsize|p2|4
|start
|switch|p1a: Amoonguss|Amoonguss, L50, M|100/100
|switch|p1b: Incineroar|Incineroar, L50, F, shiny|100/100
|switch|p2a: Indeedee|Indeedee-F, L50, F|100/100
|switch|p2b: Amoonguss|Amoonguss, L50, M|100/100
|-fieldstart|move: Psychic Terrain|[from] ability: Psychic Surge|[of] p2a: Indeedee
|-ability|p1b: Incineroar|Intimidate|boost
|-unboost|p2a: Indeedee|atk|1
|-unboost|p2b: Amoonguss|atk|1
|turn|1
|inactive|barium56dood has 30 seconds left.
|inactive|barium56dood has 20 seconds left.
|inactive|barium56dood has 15 seconds left.
|
|t:|1756987064
|move|p1a: Amoonguss|Protect|p1a: Amoonguss
|-singleturn|p1a: Amoonguss|Protect
|move|p2a: Indeedee|Psychic|p1a: Amoonguss
|-activate|p1a: Amoonguss|move: Protect
|move|p1b: Incineroar|Knock Off|p2a: Indeedee
|-supereffective|p2a: Indeedee
|-damage|p2a: Indeedee|0 fnt
|-enditem|p2a: Indeedee|Safety Goggles|[from] move: Knock Off|[of] p1b: Incineroar
|faint|p2a: Indeedee
|move|p2b: Amoonguss|Sludge Bomb|p1a: Amoonguss
|-activate|p1a: Amoonguss|move: Protect
|
|upkeep
|
|t:|1756987070
|switch|p2a: Dondozo|Dondozo, L50, F|100/100
|turn|2
|
|t:|1756987080
|switch|p1a: Rillaboom|Rillaboom, L50, M, shiny|100/100
|-fieldstart|move: Grassy Terrain|[from] ability: Grassy Surge|[of] p1a: Rillaboom
|switch|p2b: Tatsugiri|Tatsugiri, L50, F|100/100
|-activate|p2b: Tatsugiri|ability: Commander|[of] p2a: Dondozo
|-boost|p2a: Dondozo|atk|2
|-boost|p2a: Dondozo|spa|2
|-boost|p2a: Dondozo|spe|2
|-boost|p2a: Dondozo|def|2
|-boost|p2a: Dondozo|spd|2
|move|p2a: Dondozo|Earthquake|p1a: Rillaboom|[spread] p1a,p1b
|-miss|p2a: Dondozo|p2b: Tatsugiri
|-resisted|p1a: Rillaboom
|-crit|p1a: Rillaboom
|-supereffective|p1b: Incineroar
|-damage|p1a: Rillaboom|85/100
|-damage|p1b: Incineroar|61/100
|move|p1b: Incineroar|Taunt|p2b: Tatsugiri|[miss]
|-miss|p1b: Incineroar|p2b: Tatsugiri
|
|-heal|p1a: Rillaboom|90/100|[from] Grassy Terrain
|-heal|p1b: Incineroar|67/100|[from] Grassy Terrain
|upkeep
|turn|3
|inactive|barium56dood has 30 seconds left.
|
|t:|1756987106
|switch|p1b: Amoonguss|Amoonguss, L50, M|100/100
|move|p2a: Dondozo|Protect|p2a: Dondozo
|-singleturn|p2a: Dondozo|Protect
|move|p1a: Rillaboom|Fake Out|p2a: Dondozo
|-activate|p2a: Dondozo|move: Protect
|
|-heal|p1a: Rillaboom|96/100|[from] Grassy Terrain
|upkeep
|turn|4
|
|t:|1756987116
|-terastallize|p2a: Dondozo|Grass
|move|p1a: Rillaboom|U-turn|p2a: Dondozo
|-supereffective|p2a: Dondozo
|-damage|p2a: Dondozo|83/100
|
|t:|1756987118
|switch|p1a: Incineroar|Incineroar, L50, F, shiny|67/100|[from] U-turn
|-ability|p1a: Incineroar|Intimidate|boost
|-unboost|p2a: Dondozo|atk|1
|-unboost|p2b: Tatsugiri|atk|1
|move|p2a: Dondozo|Order Up|p1a: Incineroar
|-damage|p1a: Incineroar|35/100
|-boost|p2a: Dondozo|atk|1
|move|p1b: Amoonguss|Spore|p2a: Dondozo
|-immune|p2a: Dondozo
|
|-heal|p2a: Dondozo|89/100|[from] Grassy Terrain
|-heal|p2a: Dondozo|95/100|[from] item: Leftovers
|-heal|p1a: Incineroar|41/100|[from] Grassy Terrain
|upkeep
|turn|5
|
|t:|1756987128
|switch|p1b: Rillaboom|Rillaboom, L50, M, shiny|96/100
|move|p2a: Dondozo|Protect|p2a: Dondozo
|-singleturn|p2a: Dondozo|Protect
|move|p1a: Incineroar|Fake Out|p2a: Dondozo
|-activate|p2a: Dondozo|move: Protect
|
|-heal|p1b: Rillaboom|100/100|[from] Grassy Terrain
|-heal|p2a: Dondozo|100/100|[from] Grassy Terrain
|-heal|p1a: Incineroar|47/100|[from] Grassy Terrain
|upkeep
|turn|6
|
|t:|1756987136
|move|p1b: Rillaboom|Fake Out|p2a: Dondozo
|-damage|p2a: Dondozo|96/100
|cant|p2a: Dondozo|flinch
|move|p1a: Incineroar|Parting Shot|p2a: Dondozo
|-unboost|p2a: Dondozo|atk|1
|-unboost|p2a: Dondozo|spa|1
|
|t:|1756987138
|switch|p1a: Amoonguss|Amoonguss, L50, M|100/100|[from] Parting Shot
|
|-heal|p2a: Dondozo|100/100|[from] Grassy Terrain
|-fieldend|move: Grassy Terrain
|upkeep
|turn|7
|
|t:|1756987145
|move|p1b: Rillaboom|U-turn|p2a: Dondozo
|-supereffective|p2a: Dondozo
|-damage|p2a: Dondozo|85/100
|
|t:|1756987147
|switch|p1b: Incineroar|Incineroar, L50, F, shiny|47/100|[from] U-turn
|-ability|p1b: Incineroar|Intimidate|boost
|-unboost|p2a: Dondozo|atk|1
|-unboost|p2b: Tatsugiri|atk|1
|move|p2a: Dondozo|Earthquake|p1b: Incineroar|[spread] p1a,p1b
|-miss|p2a: Dondozo|p2b: Tatsugiri
|-supereffective|p1b: Incineroar
|-damage|p1a: Amoonguss|83/100
|-damage|p1b: Incineroar|3/100
|move|p1a: Amoonguss|Pollen Puff|p1b: Incineroar
|-heal|p1b: Incineroar|53/100
|
|-heal|p2a: Dondozo|91/100|[from] item: Leftovers
|upkeep
|turn|8
|
|t:|1756987160
|move|p1b: Incineroar|Fake Out|p2a: Dondozo
|-damage|p2a: Dondozo|87/100
|cant|p2a: Dondozo|flinch
|move|p1a: Amoonguss|Pollen Puff|p1b: Incineroar
|-heal|p1b: Incineroar|100/100
|
|-heal|p2a: Dondozo|93/100|[from] item: Leftovers
|upkeep
|turn|9
|
|t:|1756987165
|switch|p1a: Rillaboom|Rillaboom, L50, M, shiny|100/100
|-fieldstart|move: Grassy Terrain|[from] ability: Grassy Surge|[of] p1a: Rillaboom
|-terastallize|p1b: Incineroar|Ghost
|move|p2a: Dondozo|Wave Crash|p1b: Incineroar
|-damage|p1b: Incineroar|50/100
|-damage|p2a: Dondozo|78/100|[from] Recoil
|move|p1b: Incineroar|Parting Shot|p2a: Dondozo
|-unboost|p2a: Dondozo|atk|1
|-unboost|p2a: Dondozo|spa|1
|
|t:|1756987173
|switch|p1b: Amoonguss|Amoonguss, L50, M|100/100|[from] Parting Shot
|
|-heal|p2a: Dondozo|84/100|[from] Grassy Terrain
|-heal|p2a: Dondozo|90/100|[from] item: Leftovers
|upkeep
|turn|10
|
|t:|1756987183
|move|p1a: Rillaboom|U-turn|p2a: Dondozo
|-supereffective|p2a: Dondozo
|-damage|p2a: Dondozo|72/100
|
|t:|1756987186
|switch|p1a: Incineroar|Incineroar, L50, F, shiny, tera:Ghost|50/100|[from] U-turn
|-ability|p1a: Incineroar|Intimidate|boost
|-unboost|p2a: Dondozo|atk|1
|-unboost|p2b: Tatsugiri|atk|1
|move|p2a: Dondozo|Order Up|p1a: Incineroar
|-damage|p1a: Incineroar|39/100
|-boost|p2a: Dondozo|atk|1
|move|p1b: Amoonguss|Pollen Puff|p1a: Incineroar
|-heal|p1a: Incineroar|89/100
|
|-heal|p2a: Dondozo|78/100|[from] Grassy Terrain
|-heal|p2a: Dondozo|84/100|[from] item: Leftovers
|-heal|p1a: Incineroar|95/100|[from] Grassy Terrain
|upkeep
|turn|11
|inactive|barium56dood has 30 seconds left.
|
|t:|1756987211
|move|p2a: Dondozo|Order Up|p1b: Amoonguss
|-damage|p1b: Amoonguss|88/100
|-boost|p2a: Dondozo|atk|1
|move|p1a: Incineroar|Knock Off|p2a: Dondozo
|-crit|p2a: Dondozo
|-damage|p2a: Dondozo|42/100
|-enditem|p2a: Dondozo|Leftovers|[from] move: Knock Off|[of] p1a: Incineroar
|move|p1b: Amoonguss|Pollen Puff|p2a: Dondozo
|-supereffective|p2a: Dondozo
|-damage|p2a: Dondozo|27/100
|
|-heal|p2a: Dondozo|33/100|[from] Grassy Terrain
|-heal|p1a: Incineroar|100/100|[from] Grassy Terrain
|-heal|p1b: Amoonguss|94/100|[from] Grassy Terrain
|upkeep
|turn|12
|
|t:|1756987222
|move|p2a: Dondozo|Order Up|p1b: Amoonguss
|-damage|p1b: Amoonguss|74/100
|-boost|p2a: Dondozo|atk|1
|move|p1a: Incineroar|Parting Shot|p2a: Dondozo
|-unboost|p2a: Dondozo|atk|1
|-unboost|p2a: Dondozo|spa|1
|
|t:|1756987224
|switch|p1a: Rillaboom|Rillaboom, L50, M, shiny|100/100|[from] Parting Shot
|move|p1b: Amoonguss|Pollen Puff|p2a: Dondozo
|-supereffective|p2a: Dondozo
|-damage|p2a: Dondozo|18/100
|
|-heal|p2a: Dondozo|24/100|[from] Grassy Terrain
|-heal|p1b: Amoonguss|80/100|[from] Grassy Terrain
|upkeep
|turn|13
|
|t:|1756987231
|switch|p1b: Incineroar|Incineroar, L50, F, shiny, tera:Ghost|100/100
|-ability|p1b: Incineroar|Intimidate|boost
|-unboost|p2a: Dondozo|atk|1
|-unboost|p2b: Tatsugiri|atk|1
|move|p2a: Dondozo|Protect|p2a: Dondozo
|-singleturn|p2a: Dondozo|Protect
|move|p1a: Rillaboom|Fake Out|p2a: Dondozo
|-activate|p2a: Dondozo|move: Protect
|
|-heal|p2a: Dondozo|30/100|[from] Grassy Terrain
|-fieldend|move: Grassy Terrain
|upkeep
|turn|14
|
|t:|1756987237
|move|p1b: Incineroar|Fake Out|p2a: Dondozo
|-damage|p2a: Dondozo|26/100
|move|p1a: Rillaboom|U-turn|p2a: Dondozo
|-supereffective|p2a: Dondozo
|-damage|p2a: Dondozo|8/100
|
|t:|1756987240
|switch|p1a: Amoonguss|Amoonguss, L50, M|100/100|[from] U-turn
|cant|p2a: Dondozo|flinch
|
|upkeep
|turn|15
|
|t:|1756987255
|move|p2a: Dondozo|Order Up|p1b: Incineroar
|-damage|p1b: Incineroar|86/100
|-boost|p2a: Dondozo|atk|1
|move|p1b: Incineroar|Knock Off|p2a: Dondozo
|-damage|p2a: Dondozo|0 fnt
|faint|p2a: Dondozo
|move|p1a: Amoonguss|Spore|p2b: Tatsugiri
|-status|p2b: Tatsugiri|slp|[from] move: Spore
|
|upkeep
|
|t:|1756987257
|switch|p2a: Amoonguss|Amoonguss, L50, M|100/100
|turn|16
|
|t:|1756987270
|switch|p1a: Rillaboom|Rillaboom, L50, M, shiny|100/100
|-fieldstart|move: Grassy Terrain|[from] ability: Grassy Surge|[of] p1a: Rillaboom
|cant|p2b: Tatsugiri|slp
|move|p1b: Incineroar|Taunt|p2a: Amoonguss
|-start|p2a: Amoonguss|move: Taunt
|move|p2a: Amoonguss|Sludge Bomb|p1b: Incineroar
|-resisted|p1b: Incineroar
|-damage|p1b: Incineroar|76/100
|
|-heal|p1b: Incineroar|82/100|[from] Grassy Terrain
|upkeep
|turn|17
|
|t:|1756987288
|cant|p2b: Tatsugiri|slp
|move|p1a: Rillaboom|Wood Hammer|p2b: Tatsugiri
|-damage|p2b: Tatsugiri|0 fnt
|faint|p2b: Tatsugiri
|-damage|p1a: Rillaboom|78/100|[from] Recoil
|move|p1b: Incineroar|Knock Off|p2a: Amoonguss
|-damage|p2a: Amoonguss|61/100
|-damage|p1b: Incineroar|65/100|[from] item: Rocky Helmet|[of] p2a: Amoonguss
|-enditem|p2a: Amoonguss|Rocky Helmet|[from] move: Knock Off|[of] p1b: Incineroar
|move|p2a: Amoonguss|Sludge Bomb|p1a: Rillaboom
|-supereffective|p1a: Rillaboom
|-damage|p1a: Rillaboom|40/100
|
|-heal|p1a: Rillaboom|46/100|[from] Grassy Terrain
|-heal|p1b: Incineroar|71/100|[from] Grassy Terrain
|-heal|p2a: Amoonguss|67/100|[from] Grassy Terrain
|upkeep
|turn|18
|
|t:|1756987300
|move|p1a: Rillaboom|U-turn|p2a: Amoonguss
|-damage|p2a: Amoonguss|45/100
|
|t:|1756987302
|switch|p1a: Politoed|Politoed, L50, M|100/100|[from] U-turn
|-weather|RainDance|[from] ability: Drizzle|[of] p1a: Politoed
|move|p1b: Incineroar|Parting Shot|p2a: Amoonguss
|-unboost|p2a: Amoonguss|atk|1
|-unboost|p2a: Amoonguss|spa|1
|
|t:|1756987306
|switch|p1b: Amoonguss|Amoonguss, L50, M|100/100|[from] Parting Shot
|move|p2a: Amoonguss|Sludge Bomb|p1a: Politoed
|-crit|p1a: Politoed
|-damage|p1a: Politoed|61/100
|-status|p1a: Politoed|psn
|
|-weather|RainDance|[upkeep]
|-heal|p1a: Politoed|68/100 psn|[from] Grassy Terrain
|-heal|p2a: Amoonguss|51/100|[from] Grassy Terrain
|-damage|p1a: Politoed|55/100 psn|[from] psn
|-end|p2a: Amoonguss|move: Taunt
|upkeep
|turn|19
|
|t:|1756987313
|move|p1a: Politoed|Weather Ball|p2a: Amoonguss
|-resisted|p2a: Amoonguss
|-damage|p2a: Amoonguss|26/100
|move|p2a: Amoonguss|Sludge Bomb|p1a: Politoed
|-damage|p1a: Politoed|35/100 psn
|-enditem|p1a: Politoed|Sitrus Berry|[eat]
|-heal|p1a: Politoed|60/100 psn|[from] item: Sitrus Berry
|move|p1b: Amoonguss|Pollen Puff|p1a: Politoed
|-heal|p1a: Politoed|100/100 psn
|
|-weather|RainDance|[upkeep]
|-heal|p2a: Amoonguss|32/100|[from] Grassy Terrain
|-damage|p1a: Politoed|88/100 psn|[from] psn
|upkeep
|turn|20
|
|t:|1756987317
|move|p1a: Politoed|Weather Ball|p2a: Amoonguss
|-resisted|p2a: Amoonguss
|-damage|p2a: Amoonguss|10/100
|move|p2a: Amoonguss|Sludge Bomb|p1a: Politoed
|-damage|p1a: Politoed|70/100 psn
|move|p1b: Amoonguss|Pollen Puff|p1a: Politoed
|-heal|p1a: Politoed|100/100 psn
|
|-weather|RainDance|[upkeep]
|-heal|p2a: Amoonguss|16/100|[from] Grassy Terrain
|-damage|p1a: Politoed|88/100 psn|[from] psn
|-fieldend|move: Grassy Terrain
|upkeep
|turn|21
|
|t:|1756987320
|move|p1a: Politoed|Weather Ball|p2a: Amoonguss
|-resisted|p2a: Amoonguss
|-damage|p2a: Amoonguss|0 fnt
|faint|p2a: Amoonguss
|
|win|endk649
||barium56dood is ready for game 2.
||endk649 is ready for game 2.
|uhtml|next|Next: Game 2 of 3
|l|☆barium56dood
|player|p2|
