|j|☆warni
|j|☆guillelona
|html|warniguillelona    
|uhtml|bestof|Game 2 of a best-of-3
|t:|1785081051
|gametype|doubles
|player|p1|warni|steven|1106
|player|p2|guillelona|2|1277
|gen|9
|tier|[Gen 9 Champions] VGC 2026 Reg M-B (Bo3)
|rated|
|rule|Species Clause: Limit one of each Pokémon
|rule|Item Clause: Limit 1 of each item
|clearpoke
|poke|p1|Raichu, L50, F|
|poke|p1|Incineroar, L50, F, shiny|
|poke|p1|Whimsicott, L50, F, shiny|
|poke|p1|Charizard, L50, M, shiny|
|poke|p1|Mamoswine, L50, M|
|poke|p1|Venusaur, L50, F|
|poke|p2|Vivillon-Tundra, L50, F|
|poke|p2|Mawile, L50, F|
|poke|p2|Torkoal, L50, F|
|poke|p2|Farigiraf, L50, F|
|poke|p2|Garchomp, L50, M|
|poke|p2|Raichu, L50, F|
|teampreview|4
|showteam|p1|Raichu||RaichuniteY|LightningRod|ZapCannon,FakeOut,Protect,FocusBlast|Modest||F|||50|]Incineroar||SitrusBerry|Intimidate|FakeOut,PartingShot,ThroatChop,FlareBlitz|Adamant||F|||50|]Whimsicott||FocusSash|Prankster|Protect,Moonblast,SunnyDay,Tailwind|Bold||F|||50|]Charizard||CharizarditeY|Blaze|HeatWave,SolarBeam,Protect,AirSlash|Timid||M|||50|]Mamoswine||NeverMeltIce|Oblivious|IceShard,Protect,HighHorsepower,IcicleCrash|Jolly||M|||50|]Venusaur||LifeOrb|Chlorophyll|SludgeBomb,EnergyBall,EarthPower,Protect|Modest||F|||50|
|showteam|p2|Vivillon-Tundra||FocusSash|CompoundEyes|Hurricane,SleepPowder,RagePowder,Protect|Timid||F|||50|]Mawile||Mawilite|Intimidate|PlayRough,RockSlide,SuckerPunch,Protect|Adamant||F|||50|]Torkoal||Charcoal|Drought|Eruption,WeatherBall,Protect,EarthPower|Quiet||F|||50|]Farigiraf||SitrusBerry|ArmorTail|Psychic,Thunderbolt,TrickRoom,HelpingHand|Relaxed||F|||50|]Garchomp||LifeOrb|RoughSkin|DragonClaw,Earthquake,RockSlide,Protect|Jolly||M|||50|]Raichu||RaichuniteY|LightningRod|ZapCannon,FocusBlast,FakeOut,Protect|Timid||F|||50|
|inactive|Battle timer is ON: inactive players will automatically lose when time's up. (requested by warni)
|inactive|guillelona has 60 seconds left.
|inactive|guillelona has 30 seconds left.
|inactive|guillelona has 20 seconds left.
|
|t:|1785081121
|teamsize|p1|4
|teamsize|p2|4
|start
|switch|p1a: Incineroar|Incineroar, L50, F, shiny|100/100
|switch|p1b: Raichu|Raichu, L50, F|100/100
|switch|p2a: Vivillon|Vivillon-Tundra, L50, F|100/100
|switch|p2b: Raichu|Raichu, L50, F|100/100
|-ability|p1a: Incineroar|Intimidate|boost
|-unboost|p2a: Vivillon|atk|1
|-unboost|p2b: Raichu|atk|1
|turn|1
|
|t:|1785081132
|detailschange|p2b: Raichu|Raichu-Mega-Y, L50, F
|-mega|p2b: Raichu|Raichu|Raichunite Y
|detailschange|p1b: Raichu|Raichu-Mega-Y, L50, F
|-mega|p1b: Raichu|Raichu|Raichunite Y
|move|p2b: Raichu|Fake Out|p1b: Raichu
|-damage|p1b: Raichu|89/100
|cant|p1b: Raichu|flinch
|move|p1a: Incineroar|Fake Out|p2a: Vivillon
|-damage|p2a: Vivillon|76/100
|cant|p2a: Vivillon|flinch
|
|upkeep
|turn|2
|
|t:|1785081149
|switch|p1a: Venusaur|Venusaur, L50, F|100/100
|move|p2a: Vivillon|Protect|p2a: Vivillon
|-singleturn|p2a: Vivillon|Protect
|move|p2b: Raichu|Focus Blast|p1a: Venusaur
|-resisted|p1a: Venusaur|1
|-damage|p1a: Venusaur|79/100
|move|p1b: Raichu|Zap Cannon|p2a: Vivillon
|-activate|p2a: Vivillon|move: Protect
|
|upkeep
|turn|3
|
|t:|1785081162
|switch|p2a: Garchomp|Garchomp, L50, M|100/100
|move|p1a: Venusaur|Protect|p1a: Venusaur
|-singleturn|p1a: Venusaur|Protect
|move|p2b: Raichu|Focus Blast|p1b: Raichu
|-damage|p1b: Raichu|20/100y
|move|p1b: Raichu|Zap Cannon|p2a: Garchomp
|-immune|p2a: Garchomp
|
|upkeep
|turn|4
|
|t:|1785081178
|switch|p2b: Vivillon|Vivillon-Tundra, L50, F|76/100
|move|p1b: Raichu|Focus Blast|p2a: Garchomp
|-damage|p2a: Garchomp|44/100
|move|p2a: Garchomp|Earthquake|p1b: Raichu|[spread] p1a,p1b
|-immune|p2b: Vivillon
|-supereffective|p1b: Raichu|1
|-damage|p1a: Venusaur|27/100
|-damage|p1b: Raichu|0 fnt
|faint|p1b: Raichu
|-damage|p2a: Garchomp|34/100|[from] item: Life Orb
|move|p1a: Venusaur|Earth Power|p2b: Vivillon
|-immune|p2b: Vivillon
|
|upkeep
|
|t:|1785081190
|switch|p1b: Mamoswine|Mamoswine, L50, M|100/100
|turn|5
|
|t:|1785081202
|switch|p2a: Farigiraf|Farigiraf, L50, F|100/100
|move|p1b: Mamoswine|Ice Shard||[still]
|cant|p2a: Farigiraf|ability: Armor Tail|Ice Shard|[of] p1b: Mamoswine
|move|p2b: Vivillon|Sleep Powder|p1b: Mamoswine
|-status|p1b: Mamoswine|slp|[from] move: Sleep Powder
|move|p1a: Venusaur|Sludge Bomb|p2b: Vivillon
|-damage|p2b: Vivillon|0 fnt
|faint|p2b: Vivillon
|-damage|p1a: Venusaur|18/100|[from] item: Life Orb
|
|upkeep
|
|t:|1785081213
|switch|p2b: Raichu|Raichu-Mega-Y, L50, F|100/100
|turn|6
|
|t:|1785081220
|cant|p1b: Mamoswine|slp
|move|p1a: Venusaur|Protect|p1a: Venusaur
|-singleturn|p1a: Venusaur|Protect
|move|p2b: Raichu|Focus Blast|p1b: Mamoswine
|-supereffective|p1b: Mamoswine|1
|-damage|p1b: Mamoswine|0 fnt
|faint|p1b: Mamoswine
|move|p2a: Farigiraf|Psychic|p1a: Venusaur
|-activate|p1a: Venusaur|move: Protect
|
|upkeep
|
|t:|1785081228
|switch|p1b: Incineroar|Incineroar, L50, F, shiny|100/100
|-ability|p1b: Incineroar|Intimidate|boost
|-unboost|p2a: Farigiraf|atk|1
|-unboost|p2b: Raichu|atk|1
|turn|7
|
|t:|1785081241
|move|p2b: Raichu|Focus Blast|p1b: Incineroar
|-supereffective|p1b: Incineroar|1
|-damage|p1b: Incineroar|40/100
|-unboost|p1b: Incineroar|spd|1
|-enditem|p1b: Incineroar|Sitrus Berry|[eat]
|-heal|p1b: Incineroar|65/100|[from] item: Sitrus Berry
|move|p1a: Venusaur|Earth Power|p2b: Raichu
|-supereffective|p2b: Raichu|1
|-damage|p2b: Raichu|11/100
|-damage|p1a: Venusaur|8/100|[from] item: Life Orb
|move|p1b: Incineroar|Throat Chop|p2a: Farigiraf
|-supereffective|p2a: Farigiraf|1
|-damage|p2a: Farigiraf|48/100
|-start|p2a: Farigiraf|Throat Chop|[silent]
|-enditem|p2a: Farigiraf|Sitrus Berry|[eat]
|-heal|p2a: Farigiraf|73/100|[from] item: Sitrus Berry
|move|p2a: Farigiraf|Psychic|p1a: Venusaur
|-supereffective|p1a: Venusaur|1
|-damage|p1a: Venusaur|0 fnt
|faint|p1a: Venusaur
|
|upkeep
|turn|8
|
|t:|1785081260
|move|p2a: Farigiraf|Helping Hand|p2b: Raichu
|-singleturn|p2b: Raichu|Helping Hand|[of] p2a: Farigiraf
|move|p2b: Raichu|Focus Blast|p1b: Incineroar
|-supereffective|p1b: Incineroar|1
|-damage|p1b: Incineroar|0 fnt
|faint|p1b: Incineroar
|
|win|guillelona
||warni is ready for game 3.
|l|☆guillelona
|player|p2|
|inactive|guillelona has 30 seconds to confirm battle start!
||guillelona is ready for game 3.
|uhtml|next|Next: Game 3 of 3
|l|☆warni
|player|p1|
|j|☆guillelona
|player|p2|guillelona|2|
