|j|☆Naya314
|j|☆failandimprove2
|html|Naya314failandimprove2    
|uhtml|bestof|Game 2 of a best-of-3
|t:|1783032611
|gametype|doubles
|player|p1|Naya314|candice|1323
|player|p2|failandimprove2|170|1430
|gen|9
|tier|[Gen 9 Champions] VGC 2026 Reg M-B (Bo3)
|rated|
|rule|Species Clause: Limit one of each Pokémon
|rule|Item Clause: Limit 1 of each item
|clearpoke
|poke|p1|Scizor, L50, F|
|poke|p1|Charizard, L50, F|
|poke|p1|Garchomp, L50, F|
|poke|p1|Basculegion, L50, M|
|poke|p1|Whimsicott, L50, F|
|poke|p1|Floette-Eternal, L50, F|
|poke|p2|Sinistcha, L50|
|poke|p2|Kingambit, L50, F|
|poke|p2|Sneasler, L50, F|
|poke|p2|Floette-Eternal, L50, F|
|poke|p2|Delphox, L50, M|
|poke|p2|Incineroar, L50, F|
|teampreview|4
|showteam|p1|Scizor||ExpertBelt|Technician|BugBite,BulletPunch,CloseCombat,Protect|Adamant||F|||50|]Charizard||CharizarditeY|Blaze|HeatWave,SolarBeam,WeatherBall,Protect|Modest||F|||50|]Garchomp||LifeOrb|RoughSkin|Earthquake,DragonClaw,RockSlide,Protect|Jolly||F|||50|]Basculegion||ChoiceScarf|Adaptability|LastRespects,WaveCrash,AquaJet,FlipTurn|Adamant||M|||50|]Whimsicott||FocusSash|Prankster|Moonblast,Tailwind,Encore,Protect|Timid||F|||50|]Floette-Eternal||Floettite|FlowerVeil|DazzlingGleam,EnergyBall,Moonblast,Protect|Modest||F|||50|
|showteam|p2|Sinistcha||KasibBerry|Hospitality|MatchaGotcha,RagePowder,TrickRoom,Protect|Bold|||||50|]Kingambit||BlackGlasses|Defiant|KowtowCleave,SuckerPunch,SwordsDance,Protect|Adamant||F|||50|]Sneasler||FocusSash|PoisonTouch|FakeOut,CloseCombat,DireClaw,QuickGuard|Jolly||F|||50|]Floette-Eternal||Floettite|FlowerVeil|Moonblast,DazzlingGleam,CalmMind,Protect|Modest||F|||50|]Delphox||Delphoxite|Blaze|HeatWave,Psyshock,NastyPlot,Protect|Timid||M|||50|]Incineroar||SitrusBerry|Intimidate|PartingShot,FlareBlitz,ThroatChop,FakeOut|Careful||F|||50|
|inactive|Battle timer is ON: inactive players will automatically lose when time's up. (requested by Naya314)
|
|t:|1783032639
|teamsize|p1|4
|teamsize|p2|4
|start
|switch|p1a: Charizard|Charizard, L50, F|100/100
|switch|p1b: Garchomp|Garchomp, L50, F|100/100
|switch|p2a: Delphox|Delphox, L50, M|100/100
|switch|p2b: Incineroar|Incineroar, L50, F|100/100
|-ability|p2b: Incineroar|Intimidate|boost
|-unboost|p1a: Charizard|atk|1
|-unboost|p1b: Garchomp|atk|1
|turn|1
|
|t:|1783032654
|detailschange|p2a: Delphox|Delphox-Mega, L50, M
|-mega|p2a: Delphox|Delphox|Delphoxite
|detailschange|p1a: Charizard|Charizard-Mega-Y, L50, F
|-mega|p1a: Charizard|Charizard|Charizardite Y
|-weather|SunnyDay|[from] ability: Drought|[of] p1a: Charizard
|move|p2b: Incineroar|Fake Out|p1b: Garchomp
|-damage|p1b: Garchomp|89/100
|-damage|p2b: Incineroar|87/100|[from] ability: Rough Skin|[of] p1b: Garchomp
|move|p2a: Delphox|Nasty Plot|p2a: Delphox
|-boost|p2a: Delphox|spa|2
|cant|p1b: Garchomp|flinch
|move|p1a: Charizard|Weather Ball|p2a: Delphox
|-resisted|p2a: Delphox|1
|-damage|p2a: Delphox|53/100
|
|-weather|SunnyDay|[upkeep]
|upkeep
|turn|2
|inactive|failandimprove2 has 30 seconds left.
|
|t:|1783032684
|move|p2a: Delphox|Protect|p2a: Delphox
|-singleturn|p2a: Delphox|Protect
|move|p1b: Garchomp|Rock Slide|p2b: Incineroar|[spread] p2b
|-activate|p2a: Delphox|move: Protect
|-supereffective|p2b: Incineroar|1
|-damage|p2b: Incineroar|57/100
|-damage|p1b: Garchomp|79/100|[from] item: Life Orb
|move|p1a: Charizard|Weather Ball|p2a: Delphox
|-activate|p2a: Delphox|move: Protect
|cant|p2b: Incineroar|flinch
|
|-weather|SunnyDay|[upkeep]
|upkeep
|turn|3
|inactive|failandimprove2 has 30 seconds left.
|
|t:|1783032710
|move|p2a: Delphox|Psyshock|p1b: Garchomp
|-damage|p1b: Garchomp|0 fnt
|faint|p1b: Garchomp
|move|p1a: Charizard|Weather Ball|p2a: Delphox
|-resisted|p2a: Delphox|1
|-damage|p2a: Delphox|5/100
|move|p2b: Incineroar|Parting Shot|p1a: Charizard
|-unboost|p1a: Charizard|atk|1
|-unboost|p1a: Charizard|spa|1
|
|t:|1783032715
|switch|p2b: Sneasler|Sneasler, L50, F|100/100|[from] Parting Shot
|
|-weather|SunnyDay|[upkeep]
|upkeep
|
|t:|1783032740
|switch|p1b: Whimsicott|Whimsicott, L50, F|100/100
|turn|4
|
|t:|1783032756
|switch|p2a: Kingambit|Kingambit, L50, F|100/100
|move|p1b: Whimsicott|Protect|p1b: Whimsicott
|-singleturn|p1b: Whimsicott|Protect
|move|p1a: Charizard|Protect|p1a: Charizard
|-singleturn|p1a: Charizard|Protect
|move|p2b: Sneasler|Fake Out|p1a: Charizard
|-activate|p1a: Charizard|move: Protect
|
|-weather|SunnyDay|[upkeep]
|upkeep
|turn|5
|inactive|Naya314 has 30 seconds left.
|
|t:|1783032786
|switch|p2b: Incineroar|Incineroar, L50, F|57/100
|-ability|p2b: Incineroar|Intimidate|boost
|-unboost|p1a: Charizard|atk|1
|-unboost|p1b: Whimsicott|atk|1
|move|p2a: Kingambit|Protect|p2a: Kingambit
|-singleturn|p2a: Kingambit|Protect
|move|p1b: Whimsicott|Encore|p2b: Incineroar
|-hint|Since gen 7, Dark is immune to Prankster moves.
|-immune|p2b: Incineroar
|move|p1a: Charizard|Weather Ball|p2a: Kingambit
|-activate|p2a: Kingambit|move: Protect
|
|-weather|none
|upkeep
|turn|6
|inactive|failandimprove2 has 30 seconds left.
|
|t:|1783032820
|move|p2b: Incineroar|Fake Out|p1a: Charizard
|-damage|p1a: Charizard|85/100
|move|p1b: Whimsicott|Tailwind|p1b: Whimsicott
|-sidestart|p1: Naya314|move: Tailwind
|cant|p1a: Charizard|flinch
|move|p2a: Kingambit|Swords Dance|p2a: Kingambit
|-boost|p2a: Kingambit|atk|2
|
|upkeep
|turn|7
|
|t:|1783032836
|move|p2a: Kingambit|Sucker Punch|p1a: Charizard
|-damage|p1a: Charizard|0 fnt
|faint|p1a: Charizard
|move|p1b: Whimsicott|Moonblast|p2a: Kingambit
|-damage|p2a: Kingambit|63/100
|move|p2b: Incineroar|Parting Shot|p1b: Whimsicott
|-unboost|p1b: Whimsicott|atk|1
|-unboost|p1b: Whimsicott|spa|1
|
|t:|1783032840
|switch|p2b: Sneasler|Sneasler, L50, F|100/100|[from] Parting Shot
|
|upkeep
|-message|Naya314 forfeited.
|
|win|failandimprove2
|raw|Naya314's rating: 1323 → 1309(-14 for losing)
|raw|failandimprove2's rating: 1430 → 1444(+14 for winning)
