|j|☆Codename Vv
|j|☆Eddy style
|html|Codename VvEddy style    
|uhtml|bestof|Game 1 of a best-of-3
|t:|1784011509
|gametype|doubles
|player|p1|Codename Vv|brock|1079
|player|p2|Eddy style|striker|1202
|gen|9
|tier|[Gen 9 Champions] VGC 2026 Reg M-B (Bo3)
|rated|
|rule|Species Clause: Limit one of each Pokémon
|rule|Item Clause: Limit 1 of each item
|clearpoke
|poke|p1|Charizard, L50, M|
|poke|p1|Incineroar, L50, M|
|poke|p1|Grimmsnarl, L50, M|
|poke|p1|Raichu, L50, M, shiny|
|poke|p1|Ceruledge, L50, M|
|poke|p1|Ninetales-Alola, L50, F, shiny|
|poke|p2|Gengar, L50, M|
|poke|p2|Incineroar, L50, M|
|poke|p2|Sinistcha, L50|
|poke|p2|Kommo-o, L50, F|
|poke|p2|Swampert, L50, M|
|poke|p2|Politoed, L50, M|
|teampreview|4
|showteam|p1|Charizard||CharizarditeY|Blaze|HeatWave,SolarBeam,WeatherBall,Protect|Modest||M|||50|]Incineroar||Leftovers|Intimidate|FlareBlitz,ThroatChop,PartingShot,FakeOut|Impish||M|||50|]Grimmsnarl||RoseliBerry|Prankster|SpiritBreak,FakeOut,Reflect,PartingShot|Careful||M|||50|]Raichu||RaichuniteY|LightningRod|ZapCannon,FocusBlast,Encore,FakeOut|Timid||M|||50|]Ceruledge||ColburBerry|FlashFire|BitterBlade,ShadowSneak,BulkUp,Protect|Adamant||M|||50|]Ninetales-Alola||NeverMeltIce|SnowWarning|Blizzard,FreezeDry,AuroraVeil,Encore|Timid||F|||50|
|showteam|p2|Gengar||Gengarite|CursedBody|ShadowBall,SludgeBomb,PerishSong,Protect|Modest||M|||50|]Incineroar||PasshoBerry|Intimidate|FakeOut,DarkestLariat,Protect,PartingShot|Careful||M|||50|]Sinistcha||ColburBerry|Hospitality|MatchaGotcha,TrickRoom,RagePowder,Protect|Bold|||||50|]Kommo-o||Leftovers|Soundproof|ClangingScales,ClangorousSoul,Protect,AuraSphere|Modest||F|||50|]Swampert||Swampertite|Torrent|WaveCrash,HighHorsepower,IcePunch,Protect|Adamant||M|||50|]Politoed||SitrusBerry|Drizzle|WeatherBall,Protect,PerishSong,IceBeam|Calm||M|||50|
|inactive|Battle timer is ON: inactive players will automatically lose when time's up. (requested by Eddy style)
|inactive|Codename Vv has 60 seconds left.
|inactive|Codename Vv has 30 seconds left.
|
|t:|1784011684
|teamsize|p1|4
|teamsize|p2|4
|start
|switch|p1a: Incineroar|Incineroar, L50, M|100/100
|switch|p1b: Inigo|Ceruledge, L50, M|100/100
|switch|p2a: Gengar|Gengar, L50, M|100/100
|switch|p2b: Incineroar|Incineroar, L50, M|100/100
|-ability|p1a: Incineroar|Intimidate|boost
|-unboost|p2a: Gengar|atk|1
|-unboost|p2b: Incineroar|atk|1
|-ability|p2b: Incineroar|Intimidate|boost
|-unboost|p1a: Incineroar|atk|1
|-unboost|p1b: Inigo|atk|1
|turn|1
|inactive|Codename Vv has 30 seconds left.
|inactive|Codename Vv has 20 seconds left.
|inactive|Codename Vv has 15 seconds left.
|
|t:|1784011727
|detailschange|p2a: Gengar|Gengar-Mega, L50, M
|-mega|p2a: Gengar|Gengar|Gengarite
|move|p1a: Incineroar|Fake Out|p2b: Incineroar
|-damage|p2b: Incineroar|93/100
|move|p2a: Gengar|Shadow Ball|p1b: Inigo
|-supereffective|p1b: Inigo|1
|-damage|p1b: Inigo|7/100
|move|p1b: Inigo|Bulk Up|p1b: Inigo
|-boost|p1b: Inigo|atk|1
|-boost|p1b: Inigo|def|1
|cant|p2b: Incineroar|flinch
|
|upkeep
|turn|2
|inactive|Codename Vv has 30 seconds left.
|
|t:|1784011759
|move|p2a: Gengar|Protect|p2a: Gengar
|-singleturn|p2a: Gengar|Protect
|move|p1b: Inigo|Shadow Sneak|p2a: Gengar
|-activate|p2a: Gengar|move: Protect
|move|p1a: Incineroar|Throat Chop|p2a: Gengar
|-activate|p2a: Gengar|move: Protect
|move|p2b: Incineroar|Darkest Lariat|p1b: Inigo
|-supereffective|p1b: Inigo|1
|-enditem|p1b: Inigo|Colbur Berry|[eat]
|-enditem|p1b: Inigo|Colbur Berry|[weaken]
|-damage|p1b: Inigo|0 fnt
|faint|p1b: Inigo
|
|upkeep
|inactive|Codename Vv has 30 seconds left.
|
|t:|1784011789
|switch|p1b: Raichu|Raichu, L50, M, shiny|100/100
|turn|3
|inactive|Codename Vv has 30 seconds left.
|inactive|Codename Vv has 20 seconds left.
|
|t:|1784011826
|switch|p2a: Sinistcha|Sinistcha, L50|100/100
|-heal|p2b: Incineroar|100/100|[from] ability: Hospitality|[of] p2a: Sinistcha
|move|p1b: Raichu|Encore||[still]
|-fail|p1b: Raichu
|move|p1a: Incineroar|Flare Blitz|p2b: Incineroar
|-resisted|p2b: Incineroar|1
|-damage|p2b: Incineroar|85/100
|-damage|p1a: Incineroar|95/100|[from] Recoil
|move|p2b: Incineroar|Parting Shot|p1b: Raichu
|-unboost|p1b: Raichu|atk|1
|-unboost|p1b: Raichu|spa|1
|
|t:|1784011843
|switch|p2b: Gengar|Gengar-Mega, L50, M|100/100|[from] Parting Shot
|
|-heal|p1a: Incineroar|100/100|[from] item: Leftovers
|upkeep
|turn|4
|inactive|Codename Vv has 30 seconds left.
|inactive|Codename Vv has 20 seconds left.
|
|t:|1784011882
|switch|p2a: Incineroar|Incineroar, L50, M|85/100
|-ability|p2a: Incineroar|Intimidate|boost
|-unboost|p1a: Incineroar|atk|1
|-unboost|p1b: Raichu|atk|1
|detailschange|p1b: Raichu|Raichu-Mega-Y, L50, M, shiny
|-mega|p1b: Raichu|Raichu|Raichunite Y
|move|p1b: Raichu|Zap Cannon|p2b: Gengar
|-damage|p2b: Gengar|63/100
|-status|p2b: Gengar|par
|move|p1a: Incineroar|Throat Chop|p2b: Gengar
|-supereffective|p2b: Gengar|1
|-damage|p2b: Gengar|23/100 par
|-start|p2b: Gengar|Throat Chop|[silent]
|move|p2b: Gengar|Sludge Bomb|p1b: Raichu
|-damage|p1b: Raichu|28/100
|
|upkeep
|turn|5
|inactive|Codename Vv has 30 seconds left.
|inactive|Eddy style has 30 seconds left.
|
|t:|1784011920
|move|p1b: Raichu|Focus Blast|p2a: Incineroar
|-supereffective|p2a: Incineroar|1
|-damage|p2a: Incineroar|43/100
|move|p1a: Incineroar|Parting Shot|p2b: Gengar
|-unboost|p2b: Gengar|atk|1
|-unboost|p2b: Gengar|spa|1
|
|t:|1784011929
|switch|p1a: Ninetales|Ninetales-Alola, L50, F, shiny|100/100|[from] Parting Shot
|-weather|Snowscape|[from] ability: Snow Warning|[of] p1a: Ninetales
|move|p2a: Incineroar|Darkest Lariat|p1b: Raichu
|-damage|p1b: Raichu|0 fnt
|faint|p1b: Raichu
|move|p2b: Gengar|Sludge Bomb|p1a: Ninetales
|-supereffective|p1a: Ninetales|1
|-damage|p1a: Ninetales|23/100
|
|-weather|Snowscape|[upkeep]
|-end|p2b: Gengar|Throat Chop|[silent]
|upkeep
|
|t:|1784011940
|switch|p1b: Incineroar|Incineroar, L50, M|100/100
|-ability|p1b: Incineroar|Intimidate|boost
|-unboost|p2a: Incineroar|atk|1
|-unboost|p2b: Gengar|atk|1
|turn|6
|inactive|Codename Vv has 30 seconds left.
|inactive|Codename Vv has 20 seconds left.
|
|t:|1784011977
|move|p2a: Incineroar|Protect|p2a: Incineroar
|-singleturn|p2a: Incineroar|Protect
|move|p2b: Gengar|Protect|p2b: Gengar
|-singleturn|p2b: Gengar|Protect
|move|p1a: Ninetales|Blizzard|p2b: Gengar|[spread] 
|-activate|p2a: Incineroar|move: Protect
|-activate|p2b: Gengar|move: Protect
|move|p1b: Incineroar|Throat Chop|p2a: Incineroar
|-activate|p2a: Incineroar|move: Protect
|
|-weather|Snowscape|[upkeep]
|upkeep
|turn|7
|
|t:|1784011997
|switch|p2b: Politoed|Politoed, L50, M|100/100
|-weather|RainDance|[from] ability: Drizzle|[of] p2b: Politoed
|move|p1a: Ninetales|Blizzard|p2b: Politoed|[spread] p2a,p2b
|-resisted|p2a: Incineroar|1
|-resisted|p2b: Politoed|1
|-damage|p2a: Incineroar|31/100
|-damage|p2b: Politoed|88/100
|move|p1b: Incineroar|Throat Chop|p2b: Politoed
|-damage|p2b: Politoed|59/100
|-start|p2b: Politoed|Throat Chop|[silent]
|move|p2a: Incineroar|Parting Shot|p1b: Incineroar
|-unboost|p1b: Incineroar|atk|1
|-unboost|p1b: Incineroar|spa|1
|
|t:|1784012010
|switch|p2a: Sinistcha|Sinistcha, L50|100/100|[from] Parting Shot
|-heal|p2b: Politoed|84/100|[from] ability: Hospitality|[of] p2a: Sinistcha
|
|-weather|RainDance|[upkeep]
|upkeep
|turn|8
|inactive|Codename Vv has 30 seconds left.
|
|t:|1784012041
|switch|p2a: Incineroar|Incineroar, L50, M|31/100
|-ability|p2a: Incineroar|Intimidate|boost
|-unboost|p1a: Ninetales|atk|1
|-unboost|p1b: Incineroar|atk|1
|move|p1a: Ninetales|Freeze-Dry|p2b: Politoed
|-supereffective|p2b: Politoed|1
|-damage|p2b: Politoed|38/100
|-enditem|p2b: Politoed|Sitrus Berry|[eat]
|-heal|p2b: Politoed|63/100|[from] item: Sitrus Berry
|move|p2b: Politoed|Weather Ball|p1a: Ninetales
|-damage|p1a: Ninetales|0 fnt
|faint|p1a: Ninetales
|move|p1b: Incineroar|Throat Chop|p2a: Incineroar
|-resisted|p2a: Incineroar|1
|-damage|p2a: Incineroar|23/100
|-start|p2a: Incineroar|Throat Chop|[silent]
|
|-weather|RainDance|[upkeep]
|-end|p2b: Politoed|Throat Chop|[silent]
|upkeep
|turn|9
|inactive|Codename Vv has 30 seconds left.
|inactive|Eddy style has 30 seconds left.
|
|t:|1784012067
|move|p2a: Incineroar|Fake Out|p1b: Incineroar
|-damage|p1b: Incineroar|92/100
|move|p2b: Politoed|Weather Ball|p1b: Incineroar
|-supereffective|p1b: Incineroar|1
|-damage|p1b: Incineroar|10/100
|cant|p1b: Incineroar|flinch
|
|-weather|RainDance|[upkeep]
|-heal|p1b: Incineroar|16/100|[from] item: Leftovers
|-end|p2a: Incineroar|Throat Chop|[silent]
|upkeep
|turn|10
|-message|Codename Vv forfeited.
|
|win|Eddy style
||Codename Vv is ready for game 2.
||Eddy style is ready for game 2.
|uhtml|next|Next: Game 2 of 3
|l|☆Eddy style
|player|p2|
