|j|☆Astano
|j|☆BesameGuapo
|html|AstanoBesameGuapo    
|uhtml|bestof|Game 3 of a best-of-3
|t:|1783507272
|gametype|doubles
|player|p1|Astano|1|
|player|p2|BesameGuapo|2|
|gen|9
|tier|[Gen 9 Champions] VGC 2026 Reg M-B (Bo3)
|rule|Species Clause: Limit one of each Pokémon
|rule|Item Clause: Limit 1 of each item
|clearpoke
|poke|p1|Swampert, L50, F|
|poke|p1|Sableye, L50, M|
|poke|p1|Archaludon, L50, M|
|poke|p1|Pelipper, L50, F|
|poke|p1|Sylveon, L50, F|
|poke|p1|Venusaur, L50, F|
|poke|p2|Pinsir, L50, F, shiny|
|poke|p2|Aerodactyl, L50, M, shiny|
|poke|p2|Rotom-Wash, L50, shiny|
|poke|p2|Kingambit, L50, F, shiny|
|poke|p2|Garchomp, L50, M|
|poke|p2|Ninetales-Alola, L50, M|
|teampreview|4
|showteam|p1|Swampert||Swampertite|Torrent|Protect,WaveCrash,Earthquake,HighHorsepower|Adamant||F|||50|]Sableye||LightClay|Prankster|Encore,Reflect,LightScreen,RainDance|Bold||M|||50|]Archaludon||Leftovers|Stamina|Protect,DragonPulse,FlashCannon,ElectroShot|Modest||M|||50|]Pelipper||SitrusBerry|Drizzle|Protect,WeatherBall,Hurricane,Tailwind|Bold||F|||50|]Sylveon||FairyFeather|Pixilate|Detect,HyperVoice,Moonblast,QuickAttack|Modest||F|||50|]Venusaur||Venusaurite|Overgrow|Protect,GigaDrain,SludgeBomb,EarthPower|Modest||F|||50|
|showteam|p2|Pinsir||Pinsirite|HyperCutter|RockSlide,Protect,QuickAttack,XScissor|Adamant||F|||50|]Aerodactyl||FocusSash|Unnerve|WideGuard,Tailwind,RockSlide,DualWingbeat|Jolly||M|||50|]Rotom-Wash||SitrusBerry|Levitate|VoltSwitch,WillOWisp,Electroweb,HydroPump|Calm|||||50|]Kingambit||ChopleBerry|Defiant|SuckerPunch,LowKick,IronHead,Protect|Brave||F|||50|]Garchomp||LifeOrb|RoughSkin|DragonClaw,Earthquake,Protect,RockSlide|Adamant||M|||50|]Ninetales-Alola||MentalHerb|SnowWarning|AuroraVeil,Moonblast,Blizzard,Protect|Timid||M|||50|
|inactive|Battle timer is ON: inactive players will automatically lose when time's up. (requested by Astano)
|
|t:|1783507301
|teamsize|p1|4
|teamsize|p2|4
|start
|switch|p1a: Archaludon|Archaludon, L50, M|100/100
|switch|p1b: Sableye|Sableye, L50, M|100/100
|switch|p2a: Garchomp|Garchomp, L50, M|100/100
|switch|p2b: Ninetales|Ninetales-Alola, L50, M|100/100
|-weather|Snowscape|[from] ability: Snow Warning|[of] p2b: Ninetales
|turn|1
|inactive|Astano has 30 seconds left.
|inactive|BesameGuapo has 30 seconds left.
|
|t:|1783507335
|move|p1a: Archaludon|Protect|p1a: Archaludon
|-singleturn|p1a: Archaludon|Protect
|move|p1b: Sableye|Rain Dance|p1b: Sableye
|-weather|RainDance
|move|p2b: Ninetales|Moonblast|p1b: Sableye
|-supereffective|p1b: Sableye|1
|-damage|p1b: Sableye|10/100
|-unboost|p1b: Sableye|spa|1
|move|p2a: Garchomp|Dragon Claw|p1b: Sableye
|-damage|p1b: Sableye|0 fnt
|faint|p1b: Sableye
|-damage|p2a: Garchomp|90/100|[from] item: Life Orb
|
|-weather|RainDance|[upkeep]
|upkeep
|
|t:|1783507339
|switch|p1b: Swampert|Swampert, L50, F|100/100
|turn|2
|
|t:|1783507356
|switch|p2b: Rotom|Rotom-Wash, L50, shiny|100/100
|detailschange|p1b: Swampert|Swampert-Mega, L50, F
|-mega|p1b: Swampert|Swampert|Swampertite
|move|p2a: Garchomp|Protect|p2a: Garchomp
|-singleturn|p2a: Garchomp|Protect
|move|p1b: Swampert|Wave Crash|p2a: Garchomp
|-activate|p2a: Garchomp|move: Protect
|move|p1a: Archaludon|Flash Cannon|p2b: Rotom
|-resisted|p2b: Rotom|2
|-crit|p2b: Rotom
|-damage|p2b: Rotom|89/100
|
|-weather|RainDance|[upkeep]
|upkeep
|turn|3
|inactive|Astano has 30 seconds left.
|inactive|BesameGuapo has 30 seconds left.
|
|t:|1783507388
|switch|p1b: Pelipper|Pelipper, L50, F|100/100
|switch|p2a: Ninetales|Ninetales-Alola, L50, M|100/100
|-weather|Snowscape|[from] ability: Snow Warning|[of] p2a: Ninetales
|move|p1a: Archaludon|Flash Cannon|p2a: Ninetales
|-supereffective|p2a: Ninetales|2
|-damage|p2a: Ninetales|0 fnt
|faint|p2a: Ninetales
|move|p2b: Rotom|Volt Switch|p1b: Pelipper
|-supereffective|p1b: Pelipper|2
|-damage|p1b: Pelipper|0 fnt
|faint|p1b: Pelipper
|
|t:|1783507406
|switch|p2b: Kingambit|Kingambit, L50, F, shiny|100/100|[from] Volt Switch
|
|-weather|Snowscape|[upkeep]
|upkeep
|
|t:|1783507411
|switch|p2a: Rotom|Rotom-Wash, L50, shiny|89/100
|switch|p1b: Swampert|Swampert-Mega, L50, F|100/100
|turn|4
|
|t:|1783507422
|move|p2b: Kingambit|Protect|p2b: Kingambit
|-singleturn|p2b: Kingambit|Protect
|move|p1b: Swampert|High Horsepower|p2b: Kingambit
|-activate|p2b: Kingambit|move: Protect
|move|p1a: Archaludon|Dragon Pulse|p2a: Rotom
|-damage|p2a: Rotom|58/100
|move|p2a: Rotom|Will-O-Wisp|p1a: Archaludon
|-status|p1a: Archaludon|brn
|
|-weather|Snowscape|[upkeep]
|-damage|p1a: Archaludon|93/100 brn|[from] brn
|upkeep
|turn|5
|
|t:|1783507437
|move|p1b: Swampert|Protect|p1b: Swampert
|-singleturn|p1b: Swampert|Protect
|move|p2b: Kingambit|Sucker Punch||[still]
|-fail|p2b: Kingambit
|move|p1a: Archaludon|Dragon Pulse|p2a: Rotom
|-damage|p2a: Rotom|24/100
|-enditem|p2a: Rotom|Sitrus Berry|[eat]
|-heal|p2a: Rotom|49/100|[from] item: Sitrus Berry
|move|p2a: Rotom|Will-O-Wisp|p1b: Swampert
|-activate|p1b: Swampert|move: Protect
|
|-weather|Snowscape|[upkeep]
|-heal|p1a: Archaludon|100/100 brn|[from] item: Leftovers
|-damage|p1a: Archaludon|93/100 brn|[from] brn
|upkeep
|turn|6
|
|t:|1783507456
|move|p2b: Kingambit|Sucker Punch|p1b: Swampert
|-damage|p1b: Swampert|64/100
|move|p1b: Swampert|Wave Crash|p2a: Rotom
|-resisted|p2a: Rotom|1
|-damage|p2a: Rotom|11/100
|-damage|p1b: Swampert|54/100|[from] Recoil
|move|p1a: Archaludon|Dragon Pulse|p2a: Rotom
|-damage|p2a: Rotom|0 fnt
|faint|p2a: Rotom
|
|-weather|Snowscape|[upkeep]
|-heal|p1a: Archaludon|100/100 brn|[from] item: Leftovers
|-damage|p1a: Archaludon|93/100 brn|[from] brn
|upkeep
|
|t:|1783507468
|switch|p2a: Garchomp|Garchomp, L50, M|90/100
|turn|7
|
|t:|1783507478
|move|p2a: Garchomp|Protect|p2a: Garchomp
|-singleturn|p2a: Garchomp|Protect
|move|p1b: Swampert|Protect|p1b: Swampert
|-singleturn|p1b: Swampert|Protect
|move|p2b: Kingambit|Sucker Punch||[still]
|-fail|p2b: Kingambit
|move|p1a: Archaludon|Dragon Pulse|p2a: Garchomp
|-activate|p2a: Garchomp|move: Protect
|
|-weather|none
|-heal|p1a: Archaludon|100/100 brn|[from] item: Leftovers
|-damage|p1a: Archaludon|93/100 brn|[from] brn
|upkeep
|turn|8
|
|t:|1783507493
|move|p2b: Kingambit|Protect|p2b: Kingambit
|-singleturn|p2b: Kingambit|Protect
|move|p2a: Garchomp|Earthquake|p1b: Swampert|[spread] p1a,p1b
|-activate|p2b: Kingambit|move: Protect
|-supereffective|p1a: Archaludon|1
|-damage|p1a: Archaludon|13/100 brn
|-damage|p1b: Swampert|3/100
|-ability|p1a: Archaludon|Stamina|boost
|-boost|p1a: Archaludon|def|1
|-damage|p2a: Garchomp|80/100|[from] item: Life Orb
|move|p1b: Swampert|Wave Crash|p2a: Garchomp
|-damage|p2a: Garchomp|1/100
|-damage|p1b: Swampert|0 fnt|[from] ability: Rough Skin|[of] p2a: Garchomp
|faint|p1b: Swampert
|move|p1a: Archaludon|Dragon Pulse|p2a: Garchomp
|-supereffective|p2a: Garchomp|1
|-damage|p2a: Garchomp|0 fnt
|faint|p2a: Garchomp
|
|-heal|p1a: Archaludon|19/100 brn|[from] item: Leftovers
|-damage|p1a: Archaludon|13/100 brn|[from] brn
|upkeep
|turn|9
|c|☆Astano|gg
|
|t:|1783507513
|move|p1a: Archaludon|Dragon Pulse|p2b: Kingambit
|-resisted|p2b: Kingambit|1
|-damage|p2b: Kingambit|80/100
|move|p2b: Kingambit|Low Kick|p1a: Archaludon
|-supereffective|p1a: Archaludon|1
|-damage|p1a: Archaludon|0 fnt
|faint|p1a: Archaludon
|
|win|BesameGuapo
