|j|☆cubox11n
|j|☆SlaymonSays
|html|cubox11nSlaymonSays    
|uhtml|bestof|Game 1 of a best-of-3
|t:|1757679665
|gametype|doubles
|player|p1|cubox11n|170|1380
|player|p2|SlaymonSays|266|1372
|gen|9
|tier|[Gen 9] VGC 2025 Reg H (Bo3)
|rated|
|rule|Species Clause: Limit one of each Pokémon
|rule|Item Clause: Limit 1 of each item
|clearpoke
|poke|p1|Tyranitar, L50, F|
|poke|p1|Garchomp, L50, M|
|poke|p1|Basculegion, L50, M|
|poke|p1|Volcarona, L50, F|
|poke|p1|Amoonguss, L50, M|
|poke|p1|Grimmsnarl, L50, M|
|poke|p2|Ursaluna-Bloodmoon, L50, M|
|poke|p2|Dragonite, L50, M|
|poke|p2|Gholdengo, L50|
|poke|p2|Rillaboom, L50, M|
|poke|p2|Incineroar, L50, M|
|poke|p2|Ninetales-Alola, L50, F|
|teampreview|4
|showteam|p1|Tyranitar||AssaultVest|SandStream|LowKick,TeraBlast,RockSlide,KnockOff|||F|||50|,,,,,Flying]Garchomp||BrightPowder|SandVeil|StompingTantrum,DragonClaw,SwordsDance,Protect|||M|||50|,,,,,Poison]Basculegion||ChoiceScarf|Adaptability|LastRespects,WaveCrash,FlipTurn,AquaJet|||M|||50|,,,,,Water]Volcarona||Leftovers|FlameBody|HeatWave,GigaDrain,QuiverDance,Protect|||F|||50|,,,,,Grass]Amoonguss||SitrusBerry|Regenerator|Spore,RagePowder,LeafStorm,ClearSmog|||M|||50|,,,,,Steel]Grimmsnarl||LightClay|Prankster|ThunderWave,LightScreen,Reflect,SpiritBreak|||M|||50|,,,,,Water
|showteam|p2|Ursaluna-Bloodmoon||LifeOrb|MindsEye|BloodMoon,HyperVoice,EarthPower,Protect|||M|||50|,,,,,Normal]Dragonite||LoadedDice|InnerFocus|ScaleShot,Haze,Tailwind,Protect|||M|||50|,,,,,Fairy]Gholdengo||Leftovers|GoodasGold|MakeItRain,ShadowBall,NastyPlot,Protect||||||50|,,,,,Water]Rillaboom||AssaultVest|GrassySurge|FakeOut,GrassyGlide,WoodHammer,HighHorsepower|||M|||50|,,,,,Fire]Incineroar||SafetyGoggles|Intimidate|FakeOut,FlareBlitz,KnockOff,PartingShot|||M|||50|,,,,,Ghost]Ninetales-Alola||CovertCloak|SnowWarning|Blizzard,IcyWind,AuroraVeil,Encore|||F|||50|,,,,,Fire
|inactive|Battle timer is ON: inactive players will automatically lose when time's up. (requested by cubox11n)
|
|t:|1757679730
|teamsize|p1|4
|teamsize|p2|4
|start
|switch|p1a: Grimmsnarl|Grimmsnarl, L50, M, shiny|100/100
|switch|p1b: Volcarona|Volcarona, L50, F|100/100
|switch|p2a: Gholdengo|Gholdengo, L50|100/100
|switch|p2b: Incineroar|Incineroar, L50, M|100/100
|-ability|p2b: Incineroar|Intimidate|boost
|-unboost|p1a: Grimmsnarl|atk|1
|-unboost|p1b: Volcarona|atk|1
|turn|1
|
|t:|1757679743
|move|p2b: Incineroar|Fake Out|p1b: Volcarona
|-damage|p1b: Volcarona|87/100
|move|p1a: Grimmsnarl|Reflect|p1a: Grimmsnarl
|-sidestart|p1: cubox11n|Reflect
|cant|p1b: Volcarona|flinch
|move|p2a: Gholdengo|Nasty Plot|p2a: Gholdengo
|-boost|p2a: Gholdengo|spa|2
|
|-heal|p1b: Volcarona|94/100|[from] item: Leftovers
|upkeep
|turn|2
|
|t:|1757679768
|move|p1a: Grimmsnarl|Light Screen|p1a: Grimmsnarl
|-sidestart|p1: cubox11n|move: Light Screen
|move|p1b: Volcarona|Heat Wave|p2b: Incineroar|[spread] p2a,p2b
|-supereffective|p2a: Gholdengo
|-resisted|p2b: Incineroar
|-damage|p2a: Gholdengo|38/100
|-damage|p2b: Incineroar|87/100
|move|p2a: Gholdengo|Shadow Ball|p1b: Volcarona
|-damage|p1b: Volcarona|42/100
|move|p2b: Incineroar|Flare Blitz|p1b: Volcarona
|-damage|p1b: Volcarona|3/100
|-damage|p2b: Incineroar|75/100|[from] Recoil
|
|-heal|p1b: Volcarona|9/100|[from] item: Leftovers
|-heal|p2a: Gholdengo|45/100|[from] item: Leftovers
|upkeep
|turn|3
|inactive|cubox11n has 30 seconds left.
|
|t:|1757679794
|move|p1b: Volcarona|Heat Wave|p2a: Gholdengo|[spread] p2a,p2b
|-supereffective|p2a: Gholdengo
|-resisted|p2b: Incineroar
|-damage|p2a: Gholdengo|0 fnt
|-damage|p2b: Incineroar|61/100
|faint|p2a: Gholdengo
|move|p2b: Incineroar|Knock Off|p1b: Volcarona
|-damage|p1b: Volcarona|0 fnt
|-enditem|p1b: Volcarona|Leftovers|[from] move: Knock Off|[of] p2b: Incineroar
|faint|p1b: Volcarona
|move|p1a: Grimmsnarl|Spirit Break|p2b: Incineroar
|-damage|p2b: Incineroar|41/100
|-unboost|p2b: Incineroar|spa|1
|
|upkeep
|
|t:|1757679804
|switch|p1b: Tyranitar|Tyranitar, L50, F|100/100
|switch|p2a: Ninetales|Ninetales-Alola, L50, F|100/100
|-weather|Snowscape|[from] ability: Snow Warning|[of] p2a: Ninetales
|-weather|Sandstorm|[from] ability: Sand Stream|[of] p1b: Tyranitar
|turn|4
|inactive|SlaymonSays has 30 seconds left.
|
|t:|1757679835
|switch|p2a: Rillaboom|Rillaboom, L50, M|100/100
|-fieldstart|move: Grassy Terrain|[from] ability: Grassy Surge|[of] p2a: Rillaboom
|move|p1b: Tyranitar|Rock Slide|p2b: Incineroar|[spread] p2a,p2b
|-supereffective|p2b: Incineroar
|-damage|p2a: Rillaboom|72/100
|-damage|p2b: Incineroar|0 fnt
|faint|p2b: Incineroar
|move|p1a: Grimmsnarl|Spirit Break|p2a: Rillaboom
|-damage|p2a: Rillaboom|49/100
|-unboost|p2a: Rillaboom|spa|1
|
|-weather|Sandstorm|[upkeep]
|-damage|p2a: Rillaboom|43/100|[from] Sandstorm
|-damage|p1a: Grimmsnarl|95/100|[from] Sandstorm
|-heal|p2a: Rillaboom|49/100|[from] Grassy Terrain
|-heal|p1a: Grimmsnarl|100/100|[from] Grassy Terrain
|upkeep
|
|t:|1757679842
|switch|p2b: Ninetales|Ninetales-Alola, L50, F|100/100
|-weather|Snowscape|[from] ability: Snow Warning|[of] p2b: Ninetales
|turn|5
|
|t:|1757679855
|switch|p1b: Amoonguss|Amoonguss, L50, M|100/100
|move|p2a: Rillaboom|Fake Out|p1b: Amoonguss
|-damage|p1b: Amoonguss|91/100
|move|p1a: Grimmsnarl|Thunder Wave|p2b: Ninetales
|-status|p2b: Ninetales|par
|move|p2b: Ninetales|Blizzard|p1a: Grimmsnarl|[spread] p1a,p1b
|-supereffective|p1b: Amoonguss
|-damage|p1a: Grimmsnarl|80/100
|-damage|p1b: Amoonguss|63/100
|-status|p1a: Grimmsnarl|frz
|
|-weather|Snowscape|[upkeep]
|-heal|p2a: Rillaboom|54/100|[from] Grassy Terrain
|-heal|p1a: Grimmsnarl|86/100 frz|[from] Grassy Terrain
|-heal|p1b: Amoonguss|69/100|[from] Grassy Terrain
|upkeep
|turn|6
|
|t:|1757679868
|move|p2a: Rillaboom|Wood Hammer|p1a: Grimmsnarl
|-damage|p1a: Grimmsnarl|23/100 frz
|-damage|p2a: Rillaboom|32/100|[from] Recoil
|move|p2b: Ninetales|Blizzard|p1b: Amoonguss|[spread] p1a,p1b
|-supereffective|p1b: Amoonguss
|-damage|p1a: Grimmsnarl|3/100 frz
|-damage|p1b: Amoonguss|36/100
|-status|p1b: Amoonguss|frz
|-enditem|p1b: Amoonguss|Sitrus Berry|[eat]
|-heal|p1b: Amoonguss|61/100 frz|[from] item: Sitrus Berry
|cant|p1a: Grimmsnarl|frz
|cant|p1b: Amoonguss|frz
|
|-weather|Snowscape|[upkeep]
|-heal|p2a: Rillaboom|38/100|[from] Grassy Terrain
|-heal|p1a: Grimmsnarl|9/100 frz|[from] Grassy Terrain
|-heal|p1b: Amoonguss|67/100 frz|[from] Grassy Terrain
|upkeep
|turn|7
|
|t:|1757679887
|move|p2a: Rillaboom|Grassy Glide|p1a: Grimmsnarl
|-damage|p1a: Grimmsnarl|0 fnt
|faint|p1a: Grimmsnarl
|move|p2b: Ninetales|Blizzard|p1b: Amoonguss
|-supereffective|p1b: Amoonguss
|-damage|p1b: Amoonguss|24/100 frz
|cant|p1b: Amoonguss|frz
|
|-weather|Snowscape|[upkeep]
|-heal|p2a: Rillaboom|44/100|[from] Grassy Terrain
|-heal|p1b: Amoonguss|30/100 frz|[from] Grassy Terrain
|upkeep
|
|t:|1757679891
|switch|p1a: Tyranitar|Tyranitar, L50, F|100/100
|-weather|Sandstorm|[from] ability: Sand Stream|[of] p1a: Tyranitar
|turn|8
|
|t:|1757679902
|-terastallize|p1a: Tyranitar|Flying
|move|p2a: Rillaboom|Wood Hammer|p1a: Tyranitar
|-resisted|p1a: Tyranitar
|-damage|p1a: Tyranitar|76/100
|-damage|p2a: Rillaboom|36/100|[from] Recoil
|move|p1a: Tyranitar|Rock Slide|p2a: Rillaboom|[spread] p2a
|-miss|p1a: Tyranitar|p2b: Ninetales
|-damage|p2a: Rillaboom|5/100
|cant|p2b: Ninetales|par
|cant|p1b: Amoonguss|frz
|
|-weather|Sandstorm|[upkeep]
|-damage|p2a: Rillaboom|0 fnt|[from] Sandstorm
|-damage|p1a: Tyranitar|70/100|[from] Sandstorm
|-damage|p2b: Ninetales|94/100 par|[from] Sandstorm
|-damage|p1b: Amoonguss|24/100 frz|[from] Sandstorm
|faint|p2a: Rillaboom
|-heal|p2b: Ninetales|100/100 par|[from] Grassy Terrain
|-heal|p1b: Amoonguss|30/100 frz|[from] Grassy Terrain
|-sideend|p1: cubox11n|Reflect
|-fieldend|move: Grassy Terrain
|upkeep
|turn|9
|
|t:|1757679918
|move|p1a: Tyranitar|Rock Slide|p2b: Ninetales
|-supereffective|p2b: Ninetales
|-damage|p2b: Ninetales|0 fnt
|faint|p2b: Ninetales
|
|win|cubox11n
|l|☆SlaymonSays
|player|p2|
||SlaymonSays is ready for game 2.
|inactive|cubox11n has 30 seconds to confirm battle start!
||cubox11n is ready for game 2.
|uhtml|next|Next: Game 2 of 3
|l|☆cubox11n
|player|p1|
