|j|☆r4ka
|j|☆Metallicmadness
|html|r4kaMetallicmadness    
|uhtml|bestof|Game 3 of a best-of-3
|t:|1755931613
|gametype|doubles
|player|p1|r4ka|102|1231
|player|p2|Metallicmadness|byron|1198
|gen|9
|tier|[Gen 9] VGC 2025 Reg H (Bo3)
|rated|
|rule|Species Clause: Limit one of each Pokémon
|rule|Item Clause: Limit 1 of each item
|clearpoke
|poke|p1|Rillaboom, L50, M|
|poke|p1|Dragonite, L50, F|
|poke|p1|Sneasler, L50, M|
|poke|p1|Kingambit, L50, F|
|poke|p1|Electabuzz, L50, M|
|poke|p1|Volcarona, L50, F|
|poke|p2|Tyranitar, L50, F|
|poke|p2|Corviknight, L50, F|
|poke|p2|Lycanroc, L50, F|
|poke|p2|Garchomp, L50, M|
|poke|p2|Archaludon, L50, M|
|poke|p2|Indeedee-F, L50, F|
|teampreview|4
|showteam|p1|Rillaboom||AssaultVest|GrassySurge|FakeOut,Uturn,WoodHammer,GrassyGlide|||M|||50|,,,,,Fire]Dragonite||LoadedDice|Multiscale|ExtremeSpeed,ScaleShot,Protect,Haze|||F|||50|,,,,,Fairy]Sneasler||FocusSash|PoisonTouch|DireClaw,CloseCombat,FakeOut,Coaching|||M|||50|,,,,,Stellar]Kingambit||BlackGlasses|Defiant|KowtowCleave,SuckerPunch,SwordsDance,Protect|||F|||50|,,,,,Dark]Electabuzz||Eviolite|VitalSpirit|Thunderbolt,Taunt,Protect,FollowMe|||M|||50|,,,,,Ghost]Volcarona||Leftovers|FlameBody|HeatWave,TeraBlast,QuiverDance,Protect|||F|||50|,,,,,Fairy
|showteam|p2|Tyranitar||AssaultVest|SandStream|RockSlide,KnockOff,TeraBlast,LowKick|||F|||50|,,,,,Flying]Corviknight||Leftovers|MirrorArmor|IronDefense,BodyPress,Roost,BraveBird|||F|||50|,,,,,Fighting]Lycanroc||FocusSash|SandRush|RockSlide,DrillRun,Endeavor,Protect|||F|||50|,,,,,Ghost]Garchomp||ClearAmulet|RoughSkin|Earthquake,StompingTantrum,DragonClaw,Protect|||M|||50|,,,,,Ground]Archaludon||PowerHerb|Stalwart|Protect,ElectroShot,DracoMeteor,FlashCannon|||M|||50|,,,,,Electric]Indeedee-F||SafetyGoggles|PsychicSurge|Psychic,Imprison,Protect,FollowMe|||F|||50|,,,,,Flying
|inactive|Battle timer is ON: inactive players will automatically lose when time's up. (requested by Metallicmadness)
|
|t:|1755931636
|teamsize|p1|4
|teamsize|p2|4
|start
|switch|p1a: Rillaboom|Rillaboom, L50, M|100/100
|switch|p1b: Sneasler|Sneasler, L50, M|100/100
|switch|p2a: Tyranitar|Tyranitar, L50, F|100/100
|switch|p2b: Garchomp|Garchomp, L50, M|100/100
|-fieldstart|move: Grassy Terrain|[from] ability: Grassy Surge|[of] p1a: Rillaboom
|-weather|Sandstorm|[from] ability: Sand Stream|[of] p2a: Tyranitar
|turn|1
|
|t:|1755931657
|-terastallize|p1b: Sneasler|Stellar
|-terastallize|p2a: Tyranitar|Flying
|move|p1a: Rillaboom|Fake Out|p2a: Tyranitar
|-damage|p2a: Tyranitar|88/100
|move|p1b: Sneasler|Close Combat|p2b: Garchomp
|-damage|p2b: Garchomp|19/100
|-unboost|p1b: Sneasler|def|1
|-unboost|p1b: Sneasler|spd|1
|-damage|p1b: Sneasler|88/100|[from] ability: Rough Skin|[of] p2b: Garchomp
|-status|p2b: Garchomp|psn|[from] ability: Poison Touch|[of] p1b: Sneasler
|move|p2b: Garchomp|Stomping Tantrum|p1b: Sneasler
|-supereffective|p1b: Sneasler
|-damage|p1b: Sneasler|0 fnt
|faint|p1b: Sneasler
|cant|p2a: Tyranitar|flinch
|
|-weather|Sandstorm|[upkeep]
|-damage|p1a: Rillaboom|95/100|[from] Sandstorm
|-damage|p2a: Tyranitar|82/100|[from] Sandstorm
|-heal|p2b: Garchomp|25/100 psn|[from] Grassy Terrain
|-heal|p1a: Rillaboom|100/100|[from] Grassy Terrain
|-damage|p2b: Garchomp|13/100 psn|[from] psn
|upkeep
|
|t:|1755931679
|switch|p1b: Electabuzz|Electabuzz, L50, M|100/100
|turn|2
|
|t:|1755931697
|move|p2b: Garchomp|Protect|p2b: Garchomp
|-singleturn|p2b: Garchomp|Protect
|move|p1b: Electabuzz|Follow Me|p1b: Electabuzz
|-singleturn|p1b: Electabuzz|move: Follow Me
|move|p1a: Rillaboom|Grassy Glide|p2b: Garchomp
|-activate|p2b: Garchomp|move: Protect
|move|p2a: Tyranitar|Knock Off|p1b: Electabuzz
|-damage|p1b: Electabuzz|41/100
|-enditem|p1b: Electabuzz|Eviolite|[from] move: Knock Off|[of] p2a: Tyranitar
|
|-weather|Sandstorm|[upkeep]
|-damage|p1b: Electabuzz|35/100|[from] Sandstorm
|-damage|p1a: Rillaboom|95/100|[from] Sandstorm
|-damage|p2a: Tyranitar|76/100|[from] Sandstorm
|-heal|p1b: Electabuzz|41/100|[from] Grassy Terrain
|-heal|p2b: Garchomp|19/100 psn|[from] Grassy Terrain
|-heal|p1a: Rillaboom|100/100|[from] Grassy Terrain
|-damage|p2b: Garchomp|7/100 psn|[from] psn
|upkeep
|turn|3
|inactive|r4ka has 30 seconds left.
|
|t:|1755931725
|switch|p2b: Corviknight|Corviknight, L50, F|100/100
|move|p1a: Rillaboom|Grassy Glide|p2b: Corviknight
|-resisted|p2b: Corviknight
|-damage|p2b: Corviknight|93/100
|move|p1b: Electabuzz|Thunderbolt|p2a: Tyranitar
|-supereffective|p2a: Tyranitar
|-damage|p2a: Tyranitar|38/100
|move|p2a: Tyranitar|Rock Slide|p1a: Rillaboom|[spread] p1a,p1b
|-damage|p1a: Rillaboom|72/100
|-damage|p1b: Electabuzz|0 fnt
|faint|p1b: Electabuzz
|
|-weather|Sandstorm|[upkeep]
|-damage|p1a: Rillaboom|67/100|[from] Sandstorm
|-damage|p2a: Tyranitar|32/100|[from] Sandstorm
|-heal|p1a: Rillaboom|72/100|[from] Grassy Terrain
|-heal|p2b: Corviknight|99/100|[from] item: Leftovers
|upkeep
|
|t:|1755931743
|switch|p1b: Volcarona|Volcarona, L50, F|100/100
|turn|4
|
|t:|1755931763
|move|p1b: Volcarona|Heat Wave|p2b: Corviknight|[spread] p2a,p2b
|-supereffective|p2b: Corviknight
|-damage|p2a: Tyranitar|12/100
|-damage|p2b: Corviknight|49/100
|move|p1a: Rillaboom|Wood Hammer|p2a: Tyranitar
|-resisted|p2a: Tyranitar
|-damage|p2a: Tyranitar|0 fnt
|faint|p2a: Tyranitar
|-damage|p1a: Rillaboom|69/100|[from] Recoil
|move|p2b: Corviknight|Brave Bird|p1b: Volcarona
|-supereffective|p1b: Volcarona
|-damage|p1b: Volcarona|25/100
|-damage|p2b: Corviknight|27/100|[from] Recoil
|
|-weather|Sandstorm|[upkeep]
|-damage|p1b: Volcarona|19/100|[from] Sandstorm
|-damage|p1a: Rillaboom|63/100|[from] Sandstorm
|-heal|p1b: Volcarona|25/100|[from] Grassy Terrain
|-heal|p1b: Volcarona|32/100|[from] item: Leftovers
|-heal|p1a: Rillaboom|69/100|[from] Grassy Terrain
|-heal|p2b: Corviknight|33/100|[from] item: Leftovers
|upkeep
|
|t:|1755931778
|switch|p2a: Archaludon|Archaludon, L50, M|100/100
|turn|5
|inactive|r4ka has 30 seconds left.
|inactive|r4ka has 20 seconds left.
|inactive|r4ka has 15 seconds left.
|inactive|r4ka has 10 seconds left.
|
|t:|1755931826
|move|p2a: Archaludon|Electro Shot||[still]
|-prepare|p2a: Archaludon|Electro Shot
|-boost|p2a: Archaludon|spa|1
|-enditem|p2a: Archaludon|Power Herb
|-anim|p2a: Archaludon|Electro Shot|p1b: Volcarona
|-damage|p1b: Volcarona|0 fnt
|faint|p1b: Volcarona
|move|p1a: Rillaboom|Wood Hammer|p2b: Corviknight
|-resisted|p2b: Corviknight
|-damage|p2b: Corviknight|16/100
|-damage|p1a: Rillaboom|63/100|[from] Recoil
|move|p2b: Corviknight|Brave Bird|p1a: Rillaboom
|-supereffective|p1a: Rillaboom
|-damage|p1a: Rillaboom|1/100
|-damage|p2b: Corviknight|0 fnt|[from] Recoil
|faint|p2b: Corviknight
|
|-weather|none
|-heal|p1a: Rillaboom|7/100|[from] Grassy Terrain
|-fieldend|move: Grassy Terrain
|upkeep
|-message|r4ka forfeited.
|
|win|Metallicmadness
|raw|r4ka's rating: 1231 → 1204(-27 for losing)
|raw|Metallicmadness's rating: 1198 → 1225(+27 for winning)
|l|☆Metallicmadness
|player|p2|
