|j|☆hungry hillo
|j|☆Cosentino
|html|hungry hilloCosentino    
|uhtml|bestof|Game 1 of a best-of-3
|t:|1757224684
|gametype|doubles
|player|p1|hungry hillo|n|1100
|player|p2|Cosentino|clown|1158
|gen|9
|tier|[Gen 9] VGC 2025 Reg H (Bo3)
|rated|
|rule|Species Clause: Limit one of each Pokémon
|rule|Item Clause: Limit 1 of each item
|clearpoke
|poke|p1|Electabuzz, L50, M|
|poke|p1|Ursaluna-Bloodmoon, L50, M|
|poke|p1|Whimsicott, L50, F|
|poke|p1|Annihilape, L50, M|
|poke|p1|Kingambit, L50, M|
|poke|p1|Volcarona, L50, M|
|poke|p2|Sneasler, L50, M|
|poke|p2|Electabuzz, L50, M|
|poke|p2|Kingambit, L50, M|
|poke|p2|Rillaboom, L50, M|
|poke|p2|Volcarona, L50, F|
|poke|p2|Incineroar, L50, M|
|teampreview|4
|showteam|p1|Electabuzz||Eviolite|VitalSpirit|Thunderbolt,FollowMe,Taunt,Protect|||M|||50|,,,,,Ghost]Ursaluna-Bloodmoon||LifeOrb|MindsEye|EarthPower,BloodMoon,HyperVoice,Protect|||M|||50|,,,,,Normal]Whimsicott||CovertCloak|Prankster|Tailwind,BeatUp,Moonblast,SunnyDay|||F|||50|,,,,,Water]Annihilape||SafetyGoggles|Defiant|RageFist,DrainPunch,BulkUp,Protect|||M|||50|,,,,,Fire]Kingambit||AssaultVest|Defiant|LowKick,KowtowCleave,SuckerPunch,IronHead|||M|||50|,,,,,Fire]Volcarona||Leftovers|FlameBody|HeatWave,QuiverDance,GigaDrain,Protect|||M|||50|,,,,,Grass
|showteam|p2|Sneasler||FocusSash|PoisonTouch|DireClaw,Coaching,Protect,CloseCombat|||M|||50|,,,,,Stellar]Electabuzz||Eviolite|VitalSpirit|FollowMe,Thunderbolt,Taunt,Protect|||M|||50|,,,,,Ghost]Kingambit||BlackGlasses|Defiant|KowtowCleave,SwordsDance,SuckerPunch,Protect|||M|||50|,,,,,Dark]Rillaboom||AssaultVest|GrassySurge|WoodHammer,Uturn,GrassyGlide,FakeOut|||M|||50|,,,,,Water]Volcarona||CovertCloak|FlameBody|HeatWave,TeraBlast,QuiverDance,Protect|||F|||50|,,,,,Fairy]Incineroar||RockyHelmet|Intimidate|KnockOff,WillOWisp,FakeOut,PartingShot|||M|||50|,,,,,Ghost
|
|t:|1757224722
|teamsize|p1|4
|teamsize|p2|4
|start
|switch|p1a: Whimsicott|Whimsicott, L50, F|100/100
|switch|p1b: lion|Ursaluna-Bloodmoon, L50, M|100/100
|switch|p2a: Electabuzz|Electabuzz, L50, M|100/100
|switch|p2b: Volcarona|Volcarona, L50, F|100/100
|turn|1
|
|t:|1757224748
|switch|p2a: Incineroar|Incineroar, L50, M|100/100
|-ability|p2a: Incineroar|Intimidate|boost
|-unboost|p1a: Whimsicott|atk|1
|-unboost|p1b: lion|atk|1
|-terastallize|p1b: lion|Normal
|move|p2b: Volcarona|Protect|p2b: Volcarona
|-singleturn|p2b: Volcarona|Protect
|move|p1a: Whimsicott|Tailwind|p1a: Whimsicott
|-sidestart|p1: hungry hillo|move: Tailwind
|move|p1b: lion|Hyper Voice|p2b: Volcarona|[spread] p2a
|-activate|p2b: Volcarona|move: Protect
|-damage|p2a: Incineroar|49/100
|-damage|p1b: lion|91/100|[from] item: Life Orb
|
|upkeep
|turn|2
|
|t:|1757224765
|move|p1b: lion|Protect|p1b: lion
|-singleturn|p1b: lion|Protect
|move|p2a: Incineroar|Fake Out|p1b: lion
|-activate|p1b: lion|move: Protect
|move|p1a: Whimsicott|Moonblast|p2b: Volcarona
|-resisted|p2b: Volcarona
|-crit|p2b: Volcarona
|-damage|p2b: Volcarona|83/100
|move|p2b: Volcarona|Quiver Dance|p2b: Volcarona
|-boost|p2b: Volcarona|spa|1
|-boost|p2b: Volcarona|spd|1
|-boost|p2b: Volcarona|spe|1
|
|upkeep
|turn|3
|
|t:|1757224789
|move|p1a: Whimsicott|Moonblast|p2a: Incineroar
|-damage|p2a: Incineroar|26/100
|move|p1b: lion|Blood Moon|p2b: Volcarona
|-damage|p2b: Volcarona|0 fnt
|faint|p2b: Volcarona
|-damage|p1b: lion|81/100|[from] item: Life Orb
|move|p2a: Incineroar|Parting Shot|p1b: lion
|-unboost|p1b: lion|atk|1
|-unboost|p1b: lion|spa|1
|
|t:|1757224803
|switch|p2a: Electabuzz|Electabuzz, L50, M|100/100|[from] Parting Shot
|
|upkeep
|
|t:|1757224807
|switch|p2b: Incineroar|Incineroar, L50, M|26/100
|-ability|p2b: Incineroar|Intimidate|boost
|-unboost|p1a: Whimsicott|atk|1
|-unboost|p1b: lion|atk|1
|turn|4
|
|t:|1757224814
|move|p1b: lion|Protect|p1b: lion
|-singleturn|p1b: lion|Protect
|move|p2b: Incineroar|Fake Out|p1b: lion
|-activate|p1b: lion|move: Protect
|move|p1a: Whimsicott|Moonblast|p2b: Incineroar
|-damage|p2b: Incineroar|2/100
|-unboost|p2b: Incineroar|spa|1
|move|p2a: Electabuzz|Taunt|p1a: Whimsicott
|-start|p1a: Whimsicott|move: Taunt
|
|-sideend|p1: hungry hillo|move: Tailwind
|upkeep
|turn|5
|
|t:|1757224825
|move|p2a: Electabuzz|Follow Me|p2a: Electabuzz
|-singleturn|p2a: Electabuzz|move: Follow Me
|move|p1a: Whimsicott|Moonblast|p2a: Electabuzz
|-damage|p2a: Electabuzz|78/100
|move|p1b: lion|Hyper Voice|p2a: Electabuzz|[spread] p2a,p2b
|-damage|p2a: Electabuzz|43/100
|-damage|p2b: Incineroar|0 fnt
|faint|p2b: Incineroar
|-damage|p1b: lion|72/100|[from] item: Life Orb
|
|upkeep
|
|t:|1757224831
|switch|p2b: Sneasler|Sneasler, L50, M|100/100
|turn|6
|
|t:|1757224858
|switch|p1a: Bumble bee|Electabuzz, L50, M|100/100
|move|p1b: lion|Protect|p1b: lion
|-singleturn|p1b: lion|Protect
|move|p2b: Sneasler|Dire Claw|p1a: Bumble bee
|-damage|p1a: Bumble bee|60/100
|move|p2a: Electabuzz|Thunderbolt|p1a: Bumble bee
|-resisted|p1a: Bumble bee
|-damage|p1a: Bumble bee|47/100
|
|upkeep
|turn|7
|
|t:|1757224876
|move|p2b: Sneasler|Protect|p2b: Sneasler
|-singleturn|p2b: Sneasler|Protect
|move|p1a: Bumble bee|Follow Me|p1a: Bumble bee
|-singleturn|p1a: Bumble bee|move: Follow Me
|move|p2a: Electabuzz|Taunt|p1a: Bumble bee
|-start|p1a: Bumble bee|move: Taunt
|move|p1b: lion|Hyper Voice|p2a: Electabuzz|[spread] p2a
|-activate|p2b: Sneasler|move: Protect
|-damage|p2a: Electabuzz|7/100
|-damage|p1b: lion|62/100|[from] item: Life Orb
|
|upkeep
|turn|8
|
|t:|1757224907
|move|p1b: lion|Protect|p1b: lion
|-singleturn|p1b: lion|Protect
|move|p2b: Sneasler|Close Combat|p1b: lion
|-activate|p1b: lion|move: Protect
|move|p1a: Bumble bee|Thunderbolt|p2b: Sneasler
|-damage|p2b: Sneasler|58/100
|move|p2a: Electabuzz|Thunderbolt|p1b: lion
|-activate|p1b: lion|move: Protect
|
|upkeep
|turn|9
|
|t:|1757224918
|move|p2b: Sneasler|Close Combat|p1b: lion
|-supereffective|p1b: lion
|-damage|p1b: lion|0 fnt
|-unboost|p2b: Sneasler|def|1
|-unboost|p2b: Sneasler|spd|1
|faint|p1b: lion
|move|p1a: Bumble bee|Thunderbolt|p2b: Sneasler
|-damage|p2b: Sneasler|0 fnt
|faint|p2b: Sneasler
|move|p2a: Electabuzz|Thunderbolt|p1a: Bumble bee
|-resisted|p1a: Bumble bee
|-damage|p1a: Bumble bee|35/100
|
|upkeep
|
|t:|1757224927
|switch|p1b: Whimsicott|Whimsicott, L50, F|100/100
|turn|10
|
|t:|1757224931
|move|p1b: Whimsicott|Tailwind|p1b: Whimsicott
|-sidestart|p1: hungry hillo|move: Tailwind
|move|p1a: Bumble bee|Thunderbolt|p2a: Electabuzz
|-resisted|p2a: Electabuzz
|-damage|p2a: Electabuzz|0 fnt
|faint|p2a: Electabuzz
|
|win|hungry hillo
||Cosentino is ready for game 2.
||hungry hillo is ready for game 2.
|uhtml|next|Next: Game 2 of 3
