|j|☆Reckzz
|j|☆Atlanta Rat
|html|ReckzzAtlanta Rat    
|uhtml|bestof|Game 2 of a best-of-3
|t:|1785079083
|gametype|doubles
|player|p1|Reckzz|169|1197
|player|p2|Atlanta Rat|rood|1227
|gen|9
|tier|[Gen 9 Champions] VGC 2026 Reg M-B (Bo3)
|rated|
|rule|Species Clause: Limit one of each Pokémon
|rule|Item Clause: Limit 1 of each item
|clearpoke
|poke|p1|Tyranitar, L50, F|
|poke|p1|Excadrill, L50, F|
|poke|p1|Milotic, L50, F|
|poke|p1|Sinistcha, L50|
|poke|p1|Staraptor, L50, M|
|poke|p1|Gholdengo, L50|
|poke|p2|Raichu, L50, F|
|poke|p2|Sinistcha, L50|
|poke|p2|Incineroar, L50, M|
|poke|p2|Sylveon, L50, M|
|poke|p2|Metagross, L50|
|poke|p2|Hydreigon, L50, F|
|teampreview|4
|showteam|p1|Tyranitar||Tyranitarite|SandStream|KnockOff,RockSlide,HighHorsepower,Protect|Jolly||F|||50|]Excadrill||FocusSash|SandRush|Earthquake,IronHead,RockSlide,Protect|Adamant||F|||50|]Milotic||SitrusBerry|Competitive|Scald,IcyWind,Haze,Protect|Calm||F|||50|]Sinistcha||ColburBerry|Hospitality|MatchaGotcha,ShadowBall,Protect,RagePowder|Bold|||||50|]Staraptor||Staraptite|Intimidate|CloseCombat,BraveBird,Tailwind,Protect|Jolly||M|||50|]Gholdengo||LifeOrb|GoodasGold|MakeItRain,ShadowBall,NastyPlot,Protect|Modest|||||50|
|showteam|p2|Raichu||RaichuniteY|LightningRod|ZapCannon,FocusBlast,FakeOut,Protect|Timid||F|||50|]Sinistcha||SitrusBerry|Hospitality|MatchaGotcha,RagePowder,TrickRoom,Protect|Bold|||||50|]Incineroar||ShucaBerry|Intimidate|FlareBlitz,DarkestLariat,PartingShot,FakeOut|Careful||M|||50|]Sylveon||FairyFeather|Pixilate|HyperVoice,QuickAttack,CalmMind,Protect|Modest||M|||50|]Metagross||Metagrossite|ClearBody|HardPress,BodyPress,PsychicFangs,Protect|Adamant|||||50|]Hydreigon||ChoiceScarf|Levitate|DracoMeteor,DarkPulse,EarthPower,Snarl|Modest||F|||50|
|
|t:|1785079106
|teamsize|p1|4
|teamsize|p2|4
|start
|switch|p1a: Milotic|Milotic, L50, F|100/100
|switch|p1b: Gholdengo|Gholdengo, L50|100/100
|switch|p2a: Raichu|Raichu, L50, F|100/100
|switch|p2b: Hydreigon|Hydreigon, L50, F|100/100
|turn|1
|
|t:|1785079131
|switch|p1a: Excadrill|Excadrill, L50, F|100/100
|switch|p1b: Tyranitar|Tyranitar, L50, F|100/100
|-weather|Sandstorm|[from] ability: Sand Stream|[of] p1b: Tyranitar
|detailschange|p2a: Raichu|Raichu-Mega-Y, L50, F
|-mega|p2a: Raichu|Raichu|Raichunite Y
|move|p2b: Hydreigon|Dark Pulse|p1b: Tyranitar
|-resisted|p1b: Tyranitar|1
|-damage|p1b: Tyranitar|85/100
|move|p2a: Raichu|Zap Cannon|p1a: Excadrill
|-immune|p1a: Excadrill
|
|-weather|Sandstorm|[upkeep]
|-damage|p2b: Hydreigon|94/100|[from] Sandstorm
|-damage|p2a: Raichu|94/100|[from] Sandstorm
|upkeep
|turn|2
|j| rudals4166
|
|t:|1785079162
|switch|p2a: Incineroar|Incineroar, L50, M|100/100
|-ability|p2a: Incineroar|Intimidate|boost
|-unboost|p1a: Excadrill|atk|1
|-unboost|p1b: Tyranitar|atk|1
|move|p1a: Excadrill|Rock Slide|p2a: Incineroar|[spread] p2a,p2b
|-supereffective|p2a: Incineroar|1
|-damage|p2a: Incineroar|73/100
|-damage|p2b: Hydreigon|77/100
|move|p2b: Hydreigon|Dark Pulse|p1a: Excadrill
|-damage|p1a: Excadrill|38/100
|move|p1b: Tyranitar|Rock Slide|p2a: Incineroar|[spread] p2a,p2b
|-supereffective|p2a: Incineroar|1
|-damage|p2a: Incineroar|36/100
|-damage|p2b: Hydreigon|56/100
|
|-weather|Sandstorm|[upkeep]
|-damage|p2b: Hydreigon|50/100g|[from] Sandstorm
|-damage|p2a: Incineroar|30/100|[from] Sandstorm
|upkeep
|turn|3
|l| rudals4166
|
|t:|1785079199
|switch|p1a: Milotic|Milotic, L50, F|100/100
|switch|p2b: Sinistcha|Sinistcha, L50|100/100
|-heal|p2a: Incineroar|55/100|[from] ability: Hospitality|[of] p2b: Sinistcha
|move|p1b: Tyranitar|Protect|p1b: Tyranitar
|-singleturn|p1b: Tyranitar|Protect
|move|p2a: Incineroar|Fake Out|p1b: Tyranitar
|-activate|p1b: Tyranitar|move: Protect
|
|-weather|Sandstorm|[upkeep]
|-damage|p1a: Milotic|94/100|[from] Sandstorm
|-damage|p2a: Incineroar|48/100|[from] Sandstorm
|-damage|p2b: Sinistcha|93/100|[from] Sandstorm
|upkeep
|turn|4
|
|t:|1785079217
|detailschange|p1b: Tyranitar|Tyranitar-Mega, L50, F
|-mega|p1b: Tyranitar|Tyranitar|Tyranitarite
|move|p1b: Tyranitar|Knock Off|p2b: Sinistcha
|-supereffective|p2b: Sinistcha|1
|-damage|p2b: Sinistcha|35/100
|-enditem|p2b: Sinistcha|Sitrus Berry|[from] move: Knock Off|[of] p1b: Tyranitar
|move|p1a: Milotic|Icy Wind|p2b: Sinistcha|[spread] p2a,p2b
|-resisted|p2a: Incineroar|1
|-supereffective|p2b: Sinistcha|1
|-damage|p2a: Incineroar|44/100
|-damage|p2b: Sinistcha|17/100
|-unboost|p2a: Incineroar|spe|1
|-unboost|p2b: Sinistcha|spe|1
|move|p2b: Sinistcha|Matcha Gotcha|p1b: Tyranitar|[spread] p1a
|-miss|p2b: Sinistcha|p1b: Tyranitar
|-supereffective|p1a: Milotic|1
|-damage|p1a: Milotic|61/100
|-heal|p2b: Sinistcha|34/100|[from] drain|[of] p1a: Milotic
|move|p2a: Incineroar|Parting Shot|p1b: Tyranitar
|-unboost|p1b: Tyranitar|atk|1
|-unboost|p1b: Tyranitar|spa|1
|
|t:|1785079242
|switch|p2a: Raichu|Raichu-Mega-Y, L50, F|94/100|[from] Parting Shot
|
|-weather|Sandstorm|[upkeep]
|-damage|p2a: Raichu|88/100|[from] Sandstorm
|-damage|p1a: Milotic|55/100|[from] Sandstorm
|-damage|p2b: Sinistcha|28/100|[from] Sandstorm
|upkeep
|turn|5
|
|t:|1785079266
|switch|p1b: Gholdengo|Gholdengo, L50|100/100
|move|p1a: Milotic|Protect|p1a: Milotic
|-singleturn|p1a: Milotic|Protect
|move|p2a: Raichu|Focus Blast|p1a: Milotic
|-activate|p1a: Milotic|move: Protect
|move|p2b: Sinistcha|Matcha Gotcha|p1a: Milotic|[spread] p1b
|-activate|p1a: Milotic|move: Protect
|-resisted|p1b: Gholdengo|1
|-damage|p1b: Gholdengo|88/100
|-heal|p2b: Sinistcha|34/100|[from] drain|[of] p1b: Gholdengo
|
|-weather|none
|upkeep
|turn|6
|
|t:|1785079301
|switch|p2b: Incineroar|Incineroar, L50, M|44/100
|-ability|p2b: Incineroar|Intimidate|boost
|-unboost|p1a: Milotic|atk|1
|-ability|p1a: Milotic|Competitive|boost
|-boost|p1a: Milotic|spa|2
|-unboost|p1b: Gholdengo|atk|1
|move|p2a: Raichu|Zap Cannon|p1a: Milotic
|-supereffective|p1a: Milotic|1
|-damage|p1a: Milotic|0 fnt
|faint|p1a: Milotic
|move|p1b: Gholdengo|Shadow Ball|p2a: Raichu
|-damage|p2a: Raichu|26/100
|-damage|p1b: Gholdengo|78/100|[from] item: Life Orb
|
|upkeep
|
|t:|1785079338
|switch|p1a: Excadrill|Excadrill, L50, F|38/100
|turn|7
|
|t:|1785079384
|switch|p2a: Sinistcha|Sinistcha, L50|34/100
|-heal|p2b: Incineroar|69/100|[from] ability: Hospitality|[of] p2a: Sinistcha
|switch|p1b: Tyranitar|Tyranitar-Mega, L50, F|85/100
|-weather|Sandstorm|[from] ability: Sand Stream|[of] p1b: Tyranitar
|move|p1a: Excadrill|Earthquake|p2b: Incineroar|[spread] p1b,p2a,p2b
|-supereffective|p1b: Tyranitar|1
|-resisted|p2a: Sinistcha|1
|-supereffective|p2b: Incineroar|1
|-enditem|p2b: Incineroar|Shuca Berry|[eat]
|-enditem|p2b: Incineroar|Shuca Berry|[weaken]
|-damage|p1b: Tyranitar|26/100
|-damage|p2a: Sinistcha|16/100
|-damage|p2b: Incineroar|26/100
|move|p2b: Incineroar|Flare Blitz|p1b: Tyranitar
|-resisted|p1b: Tyranitar|1
|-damage|p1b: Tyranitar|11/100
|-damage|p2b: Incineroar|21/100|[from] Recoil
|
|-weather|Sandstorm|[upkeep]
|-damage|p2b: Incineroar|15/100|[from] Sandstorm
|-damage|p2a: Sinistcha|10/100|[from] Sandstorm
|upkeep
|turn|8
|
|t:|1785079430
|switch|p2b: Hydreigon|Hydreigon, L50, F|50/100g
|move|p1a: Excadrill|Rock Slide|p2a: Sinistcha|[spread] p2a,p2b
|-damage|p2a: Sinistcha|0 fnt
|-damage|p2b: Hydreigon|22/100
|faint|p2a: Sinistcha
|move|p1b: Tyranitar|High Horsepower|p2b: Hydreigon
|-immune|p2b: Hydreigon|[from] ability: Levitate
|
|-weather|Sandstorm|[upkeep]
|-damage|p2b: Hydreigon|16/100|[from] Sandstorm
|upkeep
|
|t:|1785079443
|switch|p2a: Incineroar|Incineroar, L50, M|15/100
|-ability|p2a: Incineroar|Intimidate|boost
|-unboost|p1a: Excadrill|atk|1
|-unboost|p1b: Tyranitar|atk|1
|turn|9
|
|t:|1785079466
|switch|p2b: Raichu|Raichu-Mega-Y, L50, F|26/100
|move|p1a: Excadrill|Protect|p1a: Excadrill
|-singleturn|p1a: Excadrill|Protect
|move|p1b: Tyranitar|Protect|p1b: Tyranitar
|-singleturn|p1b: Tyranitar|Protect
|move|p2a: Incineroar|Fake Out|p1a: Excadrill
|-activate|p1a: Excadrill|move: Protect
|
|-weather|Sandstorm|[upkeep]
|-damage|p2b: Raichu|20/100y|[from] Sandstorm
|-damage|p2a: Incineroar|9/100|[from] Sandstorm
|upkeep
|turn|10
|
|t:|1785079510
|switch|p1a: Gholdengo|Gholdengo, L50|78/100
|switch|p2a: Hydreigon|Hydreigon, L50, F|16/100
|move|p2b: Raichu|Protect|p2b: Raichu
|-singleturn|p2b: Raichu|Protect
|move|p1b: Tyranitar|Rock Slide|p2a: Hydreigon|[spread] p2a
|-activate|p2b: Raichu|move: Protect
|-damage|p2a: Hydreigon|0 fnt
|faint|p2a: Hydreigon
|
|-weather|Sandstorm|[upkeep]
|-damage|p2b: Raichu|14/100|[from] Sandstorm
|upkeep
|
|t:|1785079523
|switch|p2a: Incineroar|Incineroar, L50, M|9/100
|-ability|p2a: Incineroar|Intimidate|boost
|-unboost|p1a: Gholdengo|atk|1
|-unboost|p1b: Tyranitar|atk|1
|turn|11
|
|t:|1785079542
|move|p2b: Raichu|Zap Cannon|p1a: Gholdengo
|-damage|p1a: Gholdengo|24/100
|-status|p1a: Gholdengo|par
|move|p1b: Tyranitar|Rock Slide|p2a: Incineroar|[spread] p2a,p2b
|-supereffective|p2a: Incineroar|1
|-damage|p2a: Incineroar|0 fnt
|-damage|p2b: Raichu|0 fnt
|faint|p2a: Incineroar
|faint|p2b: Raichu
|
|win|Reckzz
|raw|Reckzz's rating: 1197 → 1224(+27 for winning)
|raw|Atlanta Rat's rating: 1227 → 1200(-27 for losing)
