|j|☆Quackennn
|j|☆MrMelon125
|html|QuackennnMrMelon125    
|uhtml|bestof|Game 2 of a best-of-3
|t:|1784405349
|gametype|doubles
|player|p1|Quackennn|pilot|
|player|p2|MrMelon125|101|
|gen|9
|tier|[Gen 9 Champions] VGC 2026 Reg M-B (Bo3)
|rule|Species Clause: Limit one of each Pokémon
|rule|Item Clause: Limit 1 of each item
|clearpoke
|poke|p1|Araquanid, L50, M|
|poke|p1|Farigiraf, L50, F|
|poke|p1|Primarina, L50, F|
|poke|p1|Ninetales-Alola, L50, F|
|poke|p1|Crabominable, L50, M|
|poke|p1|Golurk, L50|
|poke|p2|Raichu, L50, F|
|poke|p2|Samurott-Hisui, L50, M|
|poke|p2|Greninja, L50, M|
|poke|p2|Talonflame, L50, M|
|poke|p2|Altaria, L50, M|
|poke|p2|Scizor, L50, M|
|teampreview|4
|showteam|p1|Araquanid||LifeOrb|WaterBubble|LeechLife,Liquidation,Protect,PoisonJab|Adamant||M|||50|]Farigiraf||Leftovers|ArmorTail|Imprison,Protect,TrickRoom,HyperVoice|Sassy||F|||50|]Primarina||WacanBerry|LiquidVoice|HyperVoice,DazzlingGleam,WeatherBall,Protect|Modest||F|||50|]Ninetales-Alola||LightClay|SnowWarning|AuroraVeil,Protect,Blizzard,IcyWind|Timid||F|||50|]Crabominable||Crabominite|HyperCutter|IceHammer,CloseCombat,MachPunch,ThunderPunch|Adamant||M|||50|]Golurk||Golurkite|NoGuard|BrickBreak,Protect,Poltergeist,HeadlongRush|Adamant|||||50|
|showteam|p2|Raichu||RaichuniteY|Static|Protect,ZapCannon,Encore,FakeOut|Modest||F|||50|]Samurott-Hisui||LifeOrb|Sharpness|Protect,RazorShell,NightSlash,AquaJet|Adamant||M|||50|]Greninja||Greninjite|Protean|Protect,IceBeam,HydroPump,DarkPulse|Modest||M|||50|]Talonflame||FocusSash|GaleWings|Protect,Tailwind,BraveBird,FlareBlitz|Adamant||M|||50|]Altaria||Leftovers|CloudNine|PerishSong,WillOWisp,Tailwind,SunnyDay|Calm||M|||50|]Scizor||Scizorite|Technician|Protect,SwordsDance,BulletPunch,BugBite|Adamant||M|||50|
|j|+joey
|j| Hariyamamomma
|
|t:|1784405375
|teamsize|p1|4
|teamsize|p2|4
|start
|switch|p1a: The Clayture|Golurk, L50|100/100
|switch|p1b: The Caller|Primarina, L50, F|100/100
|switch|p2a: It's a Crazy|Greninja, L50, M|100/100
|switch|p2b: Giants Hearth|Talonflame, L50, M|100/100
|turn|1
|
|t:|1784405400
|switch|p1a: The Cooler|Ninetales-Alola, L50, F|100/100
|-weather|Snowscape|[from] ability: Snow Warning|[of] p1a: The Cooler
|detailschange|p2a: It's a Crazy|Greninja-Mega, L50, M
|-mega|p2a: It's a Crazy|Greninja|Greninjite
|move|p2b: Giants Hearth|Tailwind|p2b: Giants Hearth
|-sidestart|p2: MrMelon125|move: Tailwind
|move|p2a: It's a Crazy|Dark Pulse|p1a: The Cooler
|-start|p2a: It's a Crazy|typechange|Dark|[from] ability: Protean
|-resisted|p1a: The Cooler|1
|-damage|p1a: The Cooler|73/100
|move|p1b: The Caller|Hyper Voice|p2a: It's a Crazy|[spread] p2a,p2b
|-supereffective|p2b: Giants Hearth|1
|-damage|p2a: It's a Crazy|44/100
|-enditem|p2b: Giants Hearth|Focus Sash
|-damage|p2b: Giants Hearth|1/100
|
|-weather|Snowscape|[upkeep]
|upkeep
|turn|2
|
|t:|1784405440
|move|p2a: It's a Crazy|Protect|p2a: It's a Crazy
|-singleturn|p2a: It's a Crazy|Protect
|move|p2b: Giants Hearth|Flare Blitz|p1a: The Cooler
|-supereffective|p1a: The Cooler|1
|-damage|p1a: The Cooler|0 fnt
|faint|p1a: The Cooler
|-damage|p2b: Giants Hearth|0 fnt|[from] Recoil
|faint|p2b: Giants Hearth
|move|p1b: The Caller|Hyper Voice|p2a: It's a Crazy
|-activate|p2a: It's a Crazy|move: Protect
|
|-weather|Snowscape|[upkeep]
|upkeep
|
|t:|1784405451
|switch|p2b: Fluffy Boi|Altaria, L50, M|100/100
|switch|p1a: The Creature|Farigiraf, L50, F|100/100
|-ability|p2b: Fluffy Boi|Cloud Nine
|turn|3
|
|t:|1784405462
|switch|p2a: BDSP Sux|Scizor, L50, M|100/100
|move|p1a: The Creature|Protect|p1a: The Creature
|-singleturn|p1a: The Creature|Protect
|move|p2b: Fluffy Boi|Perish Song|p2b: Fluffy Boi
|-start|p1a: The Creature|perish3|[silent]
|-start|p1b: The Caller|perish3|[silent]
|-start|p2a: BDSP Sux|perish3|[silent]
|-start|p2b: Fluffy Boi|perish3|[silent]
|-fieldactivate|move: Perish Song
|move|p1b: The Caller|Dazzling Gleam|p2b: Fluffy Boi|[spread] p2a,p2b
|-resisted|p2a: BDSP Sux|1
|-supereffective|p2b: Fluffy Boi|1
|-damage|p2a: BDSP Sux|81/100
|-damage|p2b: Fluffy Boi|40/100
|
|-weather|Snowscape|[upkeep]
|-heal|p2b: Fluffy Boi|46/100|[from] item: Leftovers
|-start|p2b: Fluffy Boi|perish3
|-start|p2a: BDSP Sux|perish3
|-start|p1b: The Caller|perish3
|-start|p1a: The Creature|perish3
|upkeep
|turn|4
|
|t:|1784405494
|move|p2b: Fluffy Boi|Will-O-Wisp|p1b: The Caller
|-status|p1b: The Caller|brn
|move|p2a: BDSP Sux|Swords Dance|p2a: BDSP Sux
|-boost|p2a: BDSP Sux|atk|2
|move|p1b: The Caller|Dazzling Gleam|p2a: BDSP Sux|[spread] p2a,p2b
|-resisted|p2a: BDSP Sux|1
|-supereffective|p2b: Fluffy Boi|1
|-damage|p2a: BDSP Sux|64/100
|-damage|p2b: Fluffy Boi|0 fnt
|faint|p2b: Fluffy Boi
|move|p1a: The Creature|Trick Room|p1a: The Creature
|-fieldstart|move: Trick Room|[of] p1a: The Creature
|
|-weather|Snowscape|[upkeep]
|-damage|p1b: The Caller|94/100 brn|[from] brn
|-start|p1a: The Creature|perish2
|-start|p1b: The Caller|perish2
|-start|p2a: BDSP Sux|perish2
|-sideend|p2: MrMelon125|move: Tailwind
|upkeep
|j| SirFishWasTaken
|
|t:|1784405505
|switch|p2b: It's a Crazy|Greninja-Mega, L50, M|44/100
|turn|5
|
|t:|1784405514
|move|p2b: It's a Crazy|Protect|p2b: It's a Crazy
|-start|p2b: It's a Crazy|typechange|Normal|[from] ability: Protean
|-singleturn|p2b: It's a Crazy|Protect
|move|p1a: The Creature|Hyper Voice|p2b: It's a Crazy|[spread] p2a
|-activate|p2b: It's a Crazy|move: Protect
|-resisted|p2a: BDSP Sux|1
|-damage|p2a: BDSP Sux|51/100
|move|p1b: The Caller|Dazzling Gleam|p2b: It's a Crazy|[spread] p2a
|-activate|p2b: It's a Crazy|move: Protect
|-resisted|p2a: BDSP Sux|1
|-damage|p2a: BDSP Sux|31/100
|move|p2a: BDSP Sux|Bug Bite|p1a: The Creature
|-supereffective|p1a: The Creature|1
|-damage|p1a: The Creature|0 fnt
|faint|p1a: The Creature
|
|-weather|none
|-damage|p1b: The Caller|88/100 brn|[from] brn
|-start|p1b: The Caller|perish1
|-start|p2a: BDSP Sux|perish1
|upkeep
|
|t:|1784405521
|switch|p1a: The Clayture|Golurk, L50|100/100
|turn|6
|
|t:|1784405539
|detailschange|p1a: The Clayture|Golurk-Mega, L50
|-mega|p1a: The Clayture|Golurk|Golurkite
|move|p2a: BDSP Sux|Bullet Punch|p1a: The Clayture
|-damage|p1a: The Clayture|39/100
|move|p1a: The Clayture|Brick Break|p2b: It's a Crazy
|-supereffective|p2b: It's a Crazy|1
|-damage|p2b: It's a Crazy|0 fnt
|faint|p2b: It's a Crazy
|move|p1b: The Caller|Hyper Voice|p2a: BDSP Sux
|-damage|p2a: BDSP Sux|0 fnt
|faint|p2a: BDSP Sux
|
|win|Quackennn
||Quackennn is ready for game 3.
||MrMelon125 is ready for game 3.
|uhtml|next|Next: Game 3 of 3
|l| SirFishWasTaken
