|j|☆breloomb01
|j|☆Delacruso
|html|breloomb01Delacruso    
|uhtml|bestof|Game 1 of a best-of-3
|t:|1783622001
|gametype|doubles
|player|p1|breloomb01|roughneck|1239
|player|p2|Delacruso|red|1192
|gen|9
|tier|[Gen 9 Champions] VGC 2026 Reg M-B (Bo3)
|rated|
|rule|Species Clause: Limit one of each Pokémon
|rule|Item Clause: Limit 1 of each item
|clearpoke
|poke|p1|Gengar, L50, F, shiny|
|poke|p1|Swampert, L50, F, shiny|
|poke|p1|Incineroar, L50, M, shiny|
|poke|p1|Politoed, L50, F, shiny|
|poke|p1|Archaludon, L50, F, shiny|
|poke|p1|Vivillon-Polar, L50, F|
|poke|p2|Swampert, L50, M|
|poke|p2|Grimmsnarl, L50, M, shiny|
|poke|p2|Archaludon, L50, F|
|poke|p2|Pelipper, L50, F|
|poke|p2|Sinistcha, L50|
|poke|p2|Staraptor, L50, M, shiny|
|teampreview|4
|showteam|p1|Gengar||Gengarite|CursedBody|ShadowBall,PerishSong,SludgeBomb,Protect|Timid||F|||50|]Swampert||Swampertite|Torrent|WaveCrash,Earthquake,IcePunch,Protect|Adamant||F|||50|]Incineroar||PasshoBerry|Intimidate|ThroatChop,PartingShot,FakeOut,Protect|Sassy||M|||50|]Politoed||SitrusBerry|Drizzle|WeatherBall,PerishSong,Encore,Protect|Calm||F|||50|]Archaludon||Leftovers|Stamina|DragonPulse,FlashCannon,ElectroShot,Protect|Bold||F|||50|]Vivillon-Polar||FocusSash|CompoundEyes|Hurricane,SleepPowder,RagePowder,Protect|Timid||F|||50|
|showteam|p2|Swampert||Swampertite|Damp|WaveCrash,Earthquake,IcePunch,Protect|Adamant||M|||50|]Grimmsnarl||LightClay|Prankster|FoulPlay,PartingShot,LightScreen,Reflect|Careful||M|||50|]Archaludon||Leftovers|Stamina|ElectroShot,DragonPulse,FlashCannon,Protect|Modest||F|||50|]Pelipper||FocusSash|Drizzle|Hurricane,WeatherBall,Tailwind,WideGuard|Modest||F|||50|]Sinistcha||SitrusBerry|Hospitality|MatchaGotcha,RagePowder,Protect,TrickRoom|Serious|||||50|]Staraptor||Staraptite|Intimidate|CloseCombat,BraveBird,Roost,Protect|Adamant||M|||50|
|inactive|Battle timer is ON: inactive players will automatically lose when time's up. (requested by Delacruso)
|inactive|Delacruso has 60 seconds left.
|
|t:|1783622052
|teamsize|p1|4
|teamsize|p2|4
|start
|switch|p1a: Incineroar|Incineroar, L50, M, shiny|100/100
|switch|p1b: Gengar|Gengar, L50, F, shiny|100/100
|switch|p2a: Grimmsnarl|Grimmsnarl, L50, M, shiny|100/100
|switch|p2b: Swampert|Swampert, L50, M|100/100
|-ability|p1a: Incineroar|Intimidate|boost
|-unboost|p2a: Grimmsnarl|atk|1
|-unboost|p2b: Swampert|atk|1
|turn|1
|
|t:|1783622069
|detailschange|p1b: Gengar|Gengar-Mega, L50, F, shiny
|-mega|p1b: Gengar|Gengar|Gengarite
|detailschange|p2b: Swampert|Swampert-Mega, L50, M
|-mega|p2b: Swampert|Swampert|Swampertite
|move|p2b: Swampert|Protect|p2b: Swampert
|-singleturn|p2b: Swampert|Protect
|move|p1a: Incineroar|Fake Out|p2a: Grimmsnarl
|-damage|p2a: Grimmsnarl|90/100
|cant|p2a: Grimmsnarl|flinch
|move|p1b: Gengar|Sludge Bomb|p2a: Grimmsnarl
|-supereffective|p2a: Grimmsnarl|1
|-damage|p2a: Grimmsnarl|5/100
|
|upkeep
|turn|2
|inactive|Delacruso has 30 seconds left.
|
|t:|1783622095
|move|p2a: Grimmsnarl|Parting Shot|p1b: Gengar
|-unboost|p1b: Gengar|atk|1
|-unboost|p1b: Gengar|spa|1
|
|t:|1783622099
|switch|p2a: Pelipper|Pelipper, L50, F|100/100|[from] Parting Shot
|-weather|RainDance|[from] ability: Drizzle|[of] p2a: Pelipper
|move|p2b: Swampert|Wave Crash|p1b: Gengar
|-damage|p1b: Gengar|11/100
|-damage|p2b: Swampert|72/100|[from] Recoil
|move|p1b: Gengar|Shadow Ball|p2a: Pelipper
|-damage|p2a: Pelipper|46/100
|move|p1a: Incineroar|Parting Shot|p2b: Swampert
|-unboost|p2b: Swampert|atk|1
|-unboost|p2b: Swampert|spa|1
|
|t:|1783622104
|switch|p1a: Archaludon|Archaludon, L50, F, shiny|100/100|[from] Parting Shot
|
|-weather|RainDance|[upkeep]
|upkeep
|turn|3
|inactive|breloomb01 has 30 seconds left.
|inactive|Delacruso has 30 seconds left.
|
|t:|1783622138
|switch|p1b: Incineroar|Incineroar, L50, M, shiny|100/100
|-ability|p1b: Incineroar|Intimidate|boost
|-unboost|p2a: Pelipper|atk|1
|-unboost|p2b: Swampert|atk|1
|move|p2b: Swampert|Earthquake|p1a: Archaludon|[spread] p1a,p1b
|-immune|p2a: Pelipper
|-supereffective|p1a: Archaludon|1
|-supereffective|p1b: Incineroar|1
|-damage|p1a: Archaludon|75/100
|-damage|p1b: Incineroar|67/100
|-ability|p1a: Archaludon|Stamina|boost
|-boost|p1a: Archaludon|def|1
|move|p1a: Archaludon|Electro Shot||[still]
|-prepare|p1a: Archaludon|Electro Shot
|-boost|p1a: Archaludon|spa|1
|-anim|p1a: Archaludon|Electro Shot|p2a: Pelipper
|-supereffective|p2a: Pelipper|2
|-damage|p2a: Pelipper|0 fnt
|faint|p2a: Pelipper
|
|-weather|RainDance|[upkeep]
|-heal|p1a: Archaludon|81/100|[from] item: Leftovers
|upkeep
|
|t:|1783622159
|switch|p2a: Archaludon|Archaludon, L50, F|100/100
|turn|4
|
|t:|1783622182
|switch|p2b: Grimmsnarl|Grimmsnarl, L50, M, shiny|5/100
|move|p1a: Archaludon|Electro Shot||[still]
|-prepare|p1a: Archaludon|Electro Shot
|-boost|p1a: Archaludon|spa|1
|-anim|p1a: Archaludon|Electro Shot|p2b: Grimmsnarl
|-damage|p2b: Grimmsnarl|0 fnt
|faint|p2b: Grimmsnarl
|move|p2a: Archaludon|Electro Shot||[still]
|-prepare|p2a: Archaludon|Electro Shot
|-boost|p2a: Archaludon|spa|1
|-anim|p2a: Archaludon|Electro Shot|p1b: Incineroar
|-damage|p1b: Incineroar|24/100
|move|p1b: Incineroar|Parting Shot|p2a: Archaludon
|-unboost|p2a: Archaludon|atk|1
|-unboost|p2a: Archaludon|spa|1
|
|t:|1783622190
|switch|p1b: Vivillon|Vivillon-Polar, L50, F|100/100|[from] Parting Shot
|
|-weather|RainDance|[upkeep]
|-heal|p1a: Archaludon|87/100|[from] item: Leftovers
|upkeep
|
|t:|1783622201
|switch|p2b: Swampert|Swampert-Mega, L50, M|72/100
|turn|5
|
|t:|1783622221
|move|p1b: Vivillon|Rage Powder|p1b: Vivillon
|-singleturn|p1b: Vivillon|move: Rage Powder
|move|p2b: Swampert|Earthquake|p1b: Vivillon|[spread] p2a,p1a
|-immune|p1b: Vivillon
|-supereffective|p2a: Archaludon|1
|-supereffective|p1a: Archaludon|1
|-damage|p2a: Archaludon|38/100
|-damage|p1a: Archaludon|45/100
|-ability|p2a: Archaludon|Stamina|boost
|-boost|p2a: Archaludon|def|1
|-ability|p1a: Archaludon|Stamina|boost
|-boost|p1a: Archaludon|def|1
|move|p1a: Archaludon|Dragon Pulse|p2b: Swampert
|-damage|p2b: Swampert|4/100
|move|p2a: Archaludon|Electro Shot||[still]
|-prepare|p2a: Archaludon|Electro Shot
|-boost|p2a: Archaludon|spa|1
|-anim|p2a: Archaludon|Electro Shot|p1b: Vivillon
|-supereffective|p1b: Vivillon|1
|-enditem|p1b: Vivillon|Focus Sash
|-damage|p1b: Vivillon|1/100
|
|-weather|RainDance|[upkeep]
|-heal|p1a: Archaludon|51/100|[from] item: Leftovers
|-heal|p2a: Archaludon|44/100|[from] item: Leftovers
|upkeep
|turn|6
|inactive|Delacruso has 30 seconds left.
|
|t:|1783622254
|move|p1b: Vivillon|Protect|p1b: Vivillon
|-singleturn|p1b: Vivillon|Protect
|move|p1a: Archaludon|Protect|p1a: Archaludon
|-singleturn|p1a: Archaludon|Protect
|move|p2a: Archaludon|Protect|p2a: Archaludon
|-singleturn|p2a: Archaludon|Protect
|move|p2b: Swampert|Earthquake|p1b: Vivillon|[spread] 
|-activate|p2a: Archaludon|move: Protect
|-activate|p1a: Archaludon|move: Protect
|-activate|p1b: Vivillon|move: Protect
|
|-weather|none
|-heal|p1a: Archaludon|57/100|[from] item: Leftovers
|-heal|p2a: Archaludon|50/100g|[from] item: Leftovers
|upkeep
|turn|7
|
|t:|1783622275
|move|p2b: Swampert|Protect|p2b: Swampert
|-singleturn|p2b: Swampert|Protect
|move|p1b: Vivillon|Hurricane|p2b: Swampert
|-activate|p2b: Swampert|move: Protect
|move|p1a: Archaludon|Dragon Pulse|p2a: Archaludon
|-damage|p2a: Archaludon|0 fnt
|faint|p2a: Archaludon
|
|-heal|p1a: Archaludon|63/100|[from] item: Leftovers
|upkeep
|turn|8
|-message|Delacruso forfeited.
|
|win|breloomb01
