|j|☆ConnerTEP
|j|☆pippobaudobaldo
|html|ConnerTEPpippobaudobaldo    
|uhtml|bestof|Game 1 of a best-of-3
|t:|1757760769
|gametype|doubles
|player|p1|ConnerTEP|clair-masters|1324
|player|p2|pippobaudobaldo|n|1263
|gen|9
|tier|[Gen 9] VGC 2025 Reg H (Bo3)
|rated|
|rule|Species Clause: Limit one of each Pokémon
|rule|Item Clause: Limit 1 of each item
|clearpoke
|poke|p1|Altaria, L50, M|
|poke|p1|Incineroar, L50, F|
|poke|p1|Gothitelle, L50, F|
|poke|p1|Talonflame, L50, F|
|poke|p1|Ursaluna-Bloodmoon, L50, M|
|poke|p1|Amoonguss, L50, M|
|poke|p2|Annihilape, L50, F|
|poke|p2|Maushold-Four, L50|
|poke|p2|Archaludon, L50, F|
|poke|p2|Rillaboom, L50, F|
|poke|p2|Pelipper, L50, F|
|poke|p2|Basculegion, L50, M|
|teampreview|4
|showteam|p1|Altaria||MentalHerb|CloudNine|DracoMeteor,PerishSong,Haze,Protect|||M|||50|,,,,,Steel]Incineroar||SafetyGoggles|Intimidate|KnockOff,PartingShot,FakeOut,Protect|||F|||50|,,,,,Bug]Gothitelle||SitrusBerry|ShadowTag|Psychic,Taunt,FakeOut,Protect|||F|||50|,,,,,Water]Talonflame||FocusSash|GaleWings|DualWingbeat,Taunt,Tailwind,Protect|||F|||50|,,,,,Ghost]Ursaluna-Bloodmoon||LifeOrb|MindsEye|BloodMoon,HyperVoice,EarthPower,Protect|||M|||50|,,,,,Normal]Amoonguss||RockyHelmet|Regenerator|Spore,PollenPuff,RagePowder,Protect|||M|||50|,,,,,Grass
|showteam|p2|Annihilape||Leftovers|Defiant|Protect,RageFist,DrainPunch,BulkUp|||F|||50|,,,,,Fire]Maushold-Four||SafetyGoggles|FriendGuard|Protect,FollowMe,PopulationBomb,Taunt||||||50|,,,,,Ghost]Archaludon||AssaultVest|Stamina|FlashCannon,DracoMeteor,ElectroShot,BodyPress|||F|||50|,,,,,Grass]Rillaboom||MiracleSeed|GrassySurge|WoodHammer,GrassyGlide,FakeOut,Uturn|||F|||50|,,,,,Grass]Pelipper||FocusSash|Drizzle|Protect,Tailwind,WeatherBall,Hurricane|||F|||50|,,,,,Stellar]Basculegion||ChoiceBand|SwiftSwim|FlipTurn,WaveCrash,LastRespects,AquaJet|||M|||50|,,,,,Water
|inactive|Battle timer is ON: inactive players will automatically lose when time's up. (requested by ConnerTEP)
|inactive|pippobaudobaldo also wants the timer to be on.
|inactive|pippobaudobaldo has 60 seconds left.
|inactive|pippobaudobaldo has 30 seconds left.
|inactive|pippobaudobaldo has 20 seconds left.
|
|t:|1757760842
|teamsize|p1|4
|teamsize|p2|4
|start
|switch|p1a: Talonflame|Talonflame, L50, F|100/100
|switch|p1b: Ursaluna|Ursaluna-Bloodmoon, L50, M|100/100
|switch|p2a: Basculegion|Basculegion, L50, M|100/100
|switch|p2b: Annihilape|Annihilape, L50, F|100/100
|turn|1
|inactive|pippobaudobaldo has 30 seconds left.
|
|t:|1757760873
|switch|p2b: Pelipper|Pelipper, L50, F|100/100
|-weather|RainDance|[from] ability: Drizzle|[of] p2b: Pelipper
|-terastallize|p1b: Ursaluna|Normal
|move|p1a: Talonflame|Tailwind|p1a: Talonflame
|-sidestart|p1: ConnerTEP|move: Tailwind
|move|p2a: Basculegion|Flip Turn|p1b: Ursaluna
|-damage|p1b: Ursaluna|44/100
|
|t:|1757760885
|switch|p2a: Archaludon|Archaludon, L50, F|100/100|[from] Flip Turn
|move|p1b: Ursaluna|Blood Moon|p2b: Pelipper
|-enditem|p2b: Pelipper|Focus Sash
|-damage|p2b: Pelipper|1/100
|-damage|p1b: Ursaluna|35/100|[from] item: Life Orb
|
|-weather|RainDance|[upkeep]
|upkeep
|turn|2
|inactive|pippobaudobaldo has 30 seconds left.
|
|t:|1757760915
|move|p1b: Ursaluna|Protect|p1b: Ursaluna
|-singleturn|p1b: Ursaluna|Protect
|move|p1a: Talonflame|Dual Wingbeat|p2b: Pelipper
|-damage|p2b: Pelipper|0 fnt
|faint|p2b: Pelipper
|-hitcount|p2: Pelipper|1
|move|p2a: Archaludon|Electro Shot||[still]
|-prepare|p2a: Archaludon|Electro Shot
|-boost|p2a: Archaludon|spa|1
|-anim|p2a: Archaludon|Electro Shot|p1b: Ursaluna
|-activate|p1b: Ursaluna|move: Protect
|
|-weather|RainDance|[upkeep]
|upkeep
|
|t:|1757760922
|switch|p2b: Basculegion|Basculegion, L50, M|100/100
|turn|3
|
|t:|1757760934
|switch|p1a: Altaria|Altaria, L50, M|100/100
|-ability|p1a: Altaria|Cloud Nine
|move|p1b: Ursaluna|Blood Moon|p2b: Basculegion
|-damage|p2b: Basculegion|0 fnt
|faint|p2b: Basculegion
|-damage|p1b: Ursaluna|25/100|[from] item: Life Orb
|move|p2a: Archaludon|Electro Shot||[still]
|-prepare|p2a: Archaludon|Electro Shot
|-boost|p2a: Archaludon|spa|1
|
|-weather|RainDance|[upkeep]
|upkeep
|
|t:|1757760943
|switch|p2b: Annihilape|Annihilape, L50, F|100/100
|turn|4
|
|t:|1757760956
|move|p1b: Ursaluna|Protect|p1b: Ursaluna
|-singleturn|p1b: Ursaluna|Protect
|move|p1a: Altaria|Perish Song|p1a: Altaria
|-start|p1a: Altaria|perish3|[silent]
|-start|p1b: Ursaluna|perish3|[silent]
|-start|p2a: Archaludon|perish3|[silent]
|-start|p2b: Annihilape|perish3|[silent]
|-fieldactivate|move: Perish Song
|move|p2b: Annihilape|Drain Punch|p1b: Ursaluna
|-activate|p1b: Ursaluna|move: Protect
|move|p2a: Archaludon|Electro Shot|p1a: Altaria|[from] lockedmove
|-damage|p1a: Altaria|48/100
|
|-weather|RainDance|[upkeep]
|-start|p1b: Ursaluna|perish3
|-start|p1a: Altaria|perish3
|-start|p2b: Annihilape|perish3
|-start|p2a: Archaludon|perish3
|-sideend|p1: ConnerTEP|move: Tailwind
|upkeep
|turn|5
|inactive|pippobaudobaldo has 30 seconds left.
|
|t:|1757760983
|switch|p1b: Talonflame|Talonflame, L50, F|100/100
|move|p1a: Altaria|Protect|p1a: Altaria
|-singleturn|p1a: Altaria|Protect
|move|p2b: Annihilape|Drain Punch|p1b: Talonflame
|-resisted|p1b: Talonflame
|-damage|p1b: Talonflame|75/100
|move|p2a: Archaludon|Electro Shot||[still]
|-prepare|p2a: Archaludon|Electro Shot
|-boost|p2a: Archaludon|spa|1
|
|-weather|none
|-start|p2b: Annihilape|perish2
|-start|p2a: Archaludon|perish2
|-start|p1a: Altaria|perish2
|upkeep
|turn|6
|
|t:|1757761005
|-terastallize|p2b: Annihilape|Fire
|move|p1b: Talonflame|Protect|p1b: Talonflame
|-singleturn|p1b: Talonflame|Protect
|move|p1a: Altaria|Protect||[still]
|-fail|p1a: Altaria
|move|p2b: Annihilape|Drain Punch|p1a: Altaria
|-resisted|p1a: Altaria
|-damage|p1a: Altaria|32/100
|move|p2a: Archaludon|Electro Shot|p1a: Altaria|[from] lockedmove
|-damage|p1a: Altaria|0 fnt
|faint|p1a: Altaria
|
|-start|p2b: Annihilape|perish1
|-start|p2a: Archaludon|perish1
|upkeep
|
|t:|1757761008
|switch|p1a: Incineroar|Incineroar, L50, F|100/100
|-ability|p1a: Incineroar|Intimidate|boost
|-unboost|p2a: Archaludon|atk|1
|-unboost|p2b: Annihilape|atk|1
|-ability|p2b: Annihilape|Defiant|boost
|-boost|p2b: Annihilape|atk|2
|turn|7
|
|t:|1757761025
|move|p1b: Talonflame|Protect||[still]
|-fail|p1b: Talonflame
|move|p1a: Incineroar|Protect|p1a: Incineroar
|-singleturn|p1a: Incineroar|Protect
|move|p2b: Annihilape|Drain Punch|p1a: Incineroar
|-activate|p1a: Incineroar|move: Protect
|move|p2a: Archaludon|Flash Cannon|p1b: Talonflame
|-resisted|p1b: Talonflame
|-damage|p1b: Talonflame|4/100
|-unboost|p1b: Talonflame|spd|1
|
|-start|p2b: Annihilape|perish0
|-start|p2a: Archaludon|perish0
|faint|p2b: Annihilape
|faint|p2a: Archaludon
|
|win|ConnerTEP
||ConnerTEP is ready for game 2.
||pippobaudobaldo is ready for game 2.
|uhtml|next|Next: Game 2 of 3
|l|☆pippobaudobaldo
|player|p2|
|l|☆ConnerTEP
|player|p1|
