|j|☆Myfriendgarchomp
|j|☆Dwsliver
|html|MyfriendgarchompDwsliver    
|uhtml|bestof|Game 2 of a best-of-3
|t:|1757781615
|gametype|doubles
|player|p1|Myfriendgarchomp|colress|1102
|player|p2|Dwsliver|169|1109
|gen|9
|tier|[Gen 9] VGC 2025 Reg H (Bo3)
|rated|
|rule|Species Clause: Limit one of each Pokémon
|rule|Item Clause: Limit 1 of each item
|clearpoke
|poke|p1|Weezing-Galar, L50, M|
|poke|p1|Baxcalibur, L50, F|
|poke|p1|Dondozo, L50, M|
|poke|p1|Tatsugiri, L50, M|
|poke|p1|Ursaluna-Bloodmoon, L50, M|
|poke|p1|Talonflame, L50, M|
|poke|p2|Whimsicott, L50, F|
|poke|p2|Pelipper, L50, M|
|poke|p2|Incineroar, L50, M|
|poke|p2|Indeedee, L50, M|
|poke|p2|Basculegion, L50, M|
|poke|p2|Archaludon, L50, F|
|teampreview|4
|showteam|p1|Weezing-Galar||SitrusBerry|NeutralizingGas|WillOWisp,PoisonGas,StrangeSteam,Protect|||M|||50|,,,,,Flying]Baxcalibur||LoadedDice|ThermalExchange|ScaleShot,IcicleSpear,Protect,IceShard|||F|||50|,,,,,Ghost]Dondozo||Leftovers|Unaware|WaveCrash,OrderUp,Earthquake,Protect|||M|||50|,,,,,Grass]Tatsugiri||ChoiceScarf|Commander|DragonPulse,DracoMeteor,IcyWind,MuddyWater|||M|||50|,,,,,Dragon]Ursaluna-Bloodmoon||AssaultVest|MindsEye|VacuumWave,HyperVoice,EarthPower,BloodMoon|||M|||50|,,,,,Electric]Talonflame||FocusSash|GaleWings|WillOWisp,BraveBird,Tailwind,Taunt|||M|||50|,,,,,Ghost
|showteam|p2|Whimsicott||CovertCloak|Prankster|Taunt,Tailwind,Encore,Moonblast|||F|||50|,,,,,Steel]Pelipper||FocusSash|Drizzle|Tailwind,Protect,Hurricane,WeatherBall|||M|||50|,,,,,Grass]Incineroar||SafetyGoggles|Intimidate|Uturn,FakeOut,KnockOff,FlareBlitz|||M|||50|,,,,,Ghost]Indeedee||ExpertBelt|PsychicSurge|ExpandingForce,TeraBlast,Imprison,TrickRoom|||M|||50|,,,,,Ground]Basculegion||LifeOrb|SwiftSwim|WaveCrash,LastRespects,FlipTurn,Protect|||M|||50|,,,,,Water]Archaludon||AssaultVest|Stamina|ElectroShot,BodyPress,DracoMeteor,Snarl|||F|||50|,,,,,Fighting
|
|t:|1757781636
|teamsize|p1|4
|teamsize|p2|4
|start
|switch|p1a: Baxcalibur|Baxcalibur, L50, F|100/100
|switch|p1b: Weezing|Weezing-Galar, L50, M|100/100
|switch|p2a: Incineroar|Incineroar, L50, M, shiny|100/100
|switch|p2b: Indeedee|Indeedee, L50, M, shiny|100/100
|-ability|p1b: Weezing|Neutralizing Gas
|turn|1
|
|t:|1757781654
|move|p1a: Baxcalibur|Scale Shot|p2b: Indeedee
|-damage|p2b: Indeedee|73/100
|-damage|p2b: Indeedee|46/100
|-damage|p2b: Indeedee|17/100
|-damage|p2b: Indeedee|0 fnt
|faint|p2b: Indeedee
|-hitcount|p2: Indeedee|4
|-unboost|p1a: Baxcalibur|def|1
|-boost|p1a: Baxcalibur|spe|1
|move|p2a: Incineroar|Knock Off|p1a: Baxcalibur
|-damage|p1a: Baxcalibur|32/100
|-enditem|p1a: Baxcalibur|Loaded Dice|[from] move: Knock Off|[of] p2a: Incineroar
|move|p1b: Weezing|Poison Gas|p2a: Incineroar
|-status|p2a: Incineroar|psn
|
|-damage|p2a: Incineroar|88/100 psn|[from] psn
|upkeep
|
|t:|1757781674
|switch|p2b: Archaludon|Archaludon, L50, F, shiny|100/100
|turn|2
|
|t:|1757781711
|move|p1b: Weezing|Protect|p1b: Weezing
|-singleturn|p1b: Weezing|Protect
|move|p1a: Baxcalibur|Scale Shot|p2b: Archaludon
|-crit|p2b: Archaludon
|-damage|p2b: Archaludon|88/100
|-damage|p2b: Archaludon|80/100
|-damage|p2b: Archaludon|71/100
|-damage|p2b: Archaludon|61/100
|-hitcount|p2b: Archaludon|4
|-unboost|p1a: Baxcalibur|def|1
|-boost|p1a: Baxcalibur|spe|1
|move|p2b: Archaludon|Body Press|p1a: Baxcalibur
|-supereffective|p1a: Baxcalibur
|-damage|p1a: Baxcalibur|0 fnt
|faint|p1a: Baxcalibur
|move|p2a: Incineroar|Flare Blitz|p1b: Weezing
|-activate|p1b: Weezing|move: Protect
|
|-damage|p2a: Incineroar|76/100 psn|[from] psn
|upkeep
|
|t:|1757781721
|switch|p1a: Dondozo|Dondozo, L50, M|100/100
|turn|3
|
|t:|1757781754
|-end|p1b: Weezing|ability: Neutralizing Gas
|-ability|p2a: Incineroar|Intimidate|boost
|-unboost|p1a: Dondozo|atk|1
|-unboost|p1b: Weezing|atk|1
|switch|p1b: Tatsugiri|Tatsugiri, L50, M|100/100
|-activate|p1b: Tatsugiri|ability: Commander|[of] p1a: Dondozo
|-boost|p1a: Dondozo|atk|2
|-boost|p1a: Dondozo|spa|2
|-boost|p1a: Dondozo|spe|2
|-boost|p1a: Dondozo|def|2
|-boost|p1a: Dondozo|spd|2
|-terastallize|p2b: Archaludon|Fighting
|-terastallize|p1a: Dondozo|Grass
|move|p1a: Dondozo|Earthquake|p2a: Incineroar|[spread] p2a,p2b
|-miss|p1a: Dondozo|p1b: Tatsugiri
|-supereffective|p2a: Incineroar
|-damage|p2a: Incineroar|8/100 psn
|-damage|p2b: Archaludon|42/100
|-ability|p2b: Archaludon|Stamina|boost
|-boost|p2b: Archaludon|def|1
|move|p2b: Archaludon|Body Press|p1a: Dondozo
|-damage|p1a: Dondozo|84/100
|move|p2a: Incineroar|Knock Off|p1a: Dondozo
|-damage|p1a: Dondozo|68/100
|-enditem|p1a: Dondozo|Leftovers|[from] move: Knock Off|[of] p2a: Incineroar
|
|-damage|p2a: Incineroar|0 fnt|[from] psn
|faint|p2a: Incineroar
|upkeep
|
|t:|1757781778
|switch|p2a: Pelipper|Pelipper, L50, M, shiny|100/100
|-weather|RainDance|[from] ability: Drizzle|[of] p2a: Pelipper
|turn|4
|
|t:|1757781790
|move|p1a: Dondozo|Wave Crash|p2b: Archaludon
|-damage|p2b: Archaludon|0 fnt
|faint|p2b: Archaludon
|-damage|p1a: Dondozo|56/100|[from] Recoil
|move|p2a: Pelipper|Hurricane|p1a: Dondozo
|-supereffective|p1a: Dondozo
|-damage|p1a: Dondozo|8/100
|
|-weather|RainDance|[upkeep]
|upkeep
|turn|5
|
|t:|1757781801
|move|p1a: Dondozo|Order Up|p2a: Pelipper
|-damage|p2a: Pelipper|55/100
|-boost|p1a: Dondozo|atk|1
|move|p2a: Pelipper|Hurricane|p1a: Dondozo
|-supereffective|p1a: Dondozo
|-damage|p1a: Dondozo|0 fnt
|faint|p1a: Dondozo
|
|-weather|RainDance|[upkeep]
|upkeep
|
|t:|1757781807
|switch|p1a: Weezing|Weezing-Galar, L50, M|100/100
|-ability|p1a: Weezing|Neutralizing Gas
|turn|6
|
|t:|1757781814
|move|p1b: Tatsugiri|Dragon Pulse|p2a: Pelipper
|-damage|p2a: Pelipper|0 fnt
|faint|p2a: Pelipper
|
|win|Myfriendgarchomp
|raw|Myfriendgarchomp's rating: 1102 → 1128(+26 for winning)
|raw|Dwsliver's rating: 1109 → 1083(-26 for losing)
|l|☆Dwsliver
|player|p2|
