|j|☆tbpgerard
|j|☆ApeEnjoyerr
|html|tbpgerardApeEnjoyerr    
|uhtml|bestof|Game 1 of a best-of-3
|t:|1757637797
|gametype|doubles
|player|p1|tbpgerard|guitarist|1110
|player|p2|ApeEnjoyerr|li|1156
|gen|9
|tier|[Gen 9] VGC 2025 Reg H (Bo3)
|rated|
|rule|Species Clause: Limit one of each Pokémon
|rule|Item Clause: Limit 1 of each item
|clearpoke
|poke|p1|Indeedee-F, L50, F|
|poke|p1|Hatterene, L50, F|
|poke|p1|Gallade, L50, M|
|poke|p1|Ursaluna, L50, M|
|poke|p1|Lilligant-Hisui, L50, F|
|poke|p1|Torkoal, L50, M|
|poke|p2|Pelipper, L50, F|
|poke|p2|Basculegion, L50, M|
|poke|p2|Incineroar, L50, M|
|poke|p2|Archaludon, L50, F|
|poke|p2|Sinistcha, L50|
|poke|p2|Ursaluna, L50, M|
|teampreview|4
|showteam|p1|Indeedee-F||SafetyGoggles|PsychicSurge|DazzlingGleam,FollowMe,HelpingHand,TrickRoom|||F|||50|,,,,,Fairy]Hatterene||LifeOrb|MagicBounce|ExpandingForce,DazzlingGleam,Protect,TrickRoom|||F|||50|,,,,,Water]Gallade||ClearAmulet|Sharpness|SacredSword,PsychoCut,WideGuard,TrickRoom|||M|||50|,,,,,Grass]Ursaluna||FlameOrb|Guts|Facade,HeadlongRush,Substitute,Protect|||M|||50|,,,,,Ghost]Lilligant-Hisui||FocusSash|Chlorophyll|CloseCombat,LeafBlade,SleepPowder,AfterYou|||F|||50|,,,,,Ghost]Torkoal||ChoiceSpecs|Drought|Eruption,HeatWave,Flamethrower,ClearSmog|||M|||50|,,,,,Fire
|showteam|p2|Pelipper||FocusSash|Drizzle|Hurricane,WeatherBall,Tailwind,Protect|||F|||50|,,,,,Stellar]Basculegion||ChoiceBand|SwiftSwim|WaveCrash,LastRespects,AquaJet,FlipTurn|||M|||50|,,,,,Water]Incineroar||SafetyGoggles|Intimidate|KnockOff,FakeOut,Taunt,PartingShot|||M|||50|,,,,,Flying]Archaludon||AssaultVest|Stamina|ElectroShot,DragonPulse,FlashCannon,BodyPress|||F|||50|,,,,,Grass]Sinistcha||SitrusBerry|Hospitality|MatchaGotcha,RagePowder,LifeDew,TrickRoom||||||50|,,,,,Water]Ursaluna||FlameOrb|Guts|HeadlongRush,Facade,Earthquake,Protect|||M|||50|,,,,,Ghost
|
|t:|1757637825
|teamsize|p1|4
|teamsize|p2|4
|start
|switch|p1a: labubu|Indeedee-F, L50, F|100/100
|switch|p1b: clairo|Hatterene, L50, F, shiny|100/100
|switch|p2a: Basculegion|Basculegion, L50, M|100/100
|switch|p2b: Incineroar|Incineroar, L50, M|100/100
|-ability|p2b: Incineroar|Intimidate|boost
|-unboost|p1a: labubu|atk|1
|-unboost|p1b: clairo|atk|1
|-fieldstart|move: Psychic Terrain|[from] ability: Psychic Surge|[of] p1a: labubu
|turn|1
|
|t:|1757637848
|-terastallize|p2a: Basculegion|Water
|move|p1a: labubu|Follow Me|p1a: labubu
|-singleturn|p1a: labubu|move: Follow Me
|move|p2a: Basculegion|Wave Crash|p1a: labubu
|-damage|p1a: labubu|0 fnt
|faint|p1a: labubu
|-damage|p2a: Basculegion|71/100|[from] Recoil
|move|p2b: Incineroar|Parting Shot|p1b: clairo
|move|p1b: clairo|Parting Shot|p2b: Incineroar|[from] ability: Magic Bounce
|-unboost|p2b: Incineroar|atk|1
|-unboost|p2b: Incineroar|spa|1
|
|t:|1757637860
|switch|p1b: matcha|Gallade, L50, M|100/100|[from] Parting Shot
|
|upkeep
|
|t:|1757637862
|switch|p1a: clairo|Hatterene, L50, F, shiny|100/100
|turn|2
|
|t:|1757637939
|-terastallize|p1a: clairo|Water
|move|p2a: Basculegion|Wave Crash|p1a: clairo
|-resisted|p1a: clairo
|-damage|p1a: clairo|28/100
|-damage|p2a: Basculegion|51/100|[from] Recoil
|move|p2b: Incineroar|Taunt|p1b: matcha
|-start|p1b: matcha|move: Taunt
|move|p1b: matcha|Sacred Sword|p2b: Incineroar
|-supereffective|p2b: Incineroar
|-damage|p2b: Incineroar|0 fnt
|faint|p2b: Incineroar
|move|p1a: clairo|Trick Room|p1a: clairo
|-fieldstart|move: Trick Room|[of] p1a: clairo
|
|upkeep
|
|t:|1757637982
|switch|p2b: Sinistcha|Sinistcha, L50|100/100
|-heal|p2a: Basculegion|76/100|[from] ability: Hospitality|[of] p2b: Sinistcha
|turn|3
|
|t:|1757638010
|move|p1a: clairo|Expanding Force|p2b: Sinistcha|[spread] p2a,p2b
|-damage|p2a: Basculegion|0 fnt
|-damage|p2b: Sinistcha|27/100
|-enditem|p2b: Sinistcha|Sitrus Berry|[eat]
|-heal|p2b: Sinistcha|52/100|[from] item: Sitrus Berry
|faint|p2a: Basculegion
|-damage|p1a: clairo|19/100|[from] item: Life Orb
|move|p1b: matcha|Psycho Cut|p2b: Sinistcha
|-damage|p2b: Sinistcha|0 fnt
|faint|p2b: Sinistcha
|
|upkeep
|
|t:|1757638021
|switch|p2b: Pelipper|Pelipper, L50, F|100/100
|-weather|RainDance|[from] ability: Drizzle|[of] p2b: Pelipper
|turn|4
|
|t:|1757638029
|move|p2b: Pelipper|Protect|p2b: Pelipper
|-singleturn|p2b: Pelipper|Protect
|move|p1a: clairo|Expanding Force|p2b: Pelipper
|-activate|p2b: Pelipper|move: Protect
|move|p1b: matcha|Psycho Cut|p2b: Pelipper
|-activate|p2b: Pelipper|move: Protect
|
|-weather|RainDance|[upkeep]
|-end|p1b: matcha|move: Taunt
|upkeep
|turn|5
|
|t:|1757638038
|move|p2b: Pelipper|Protect|p2b: Pelipper
|-singleturn|p2b: Pelipper|Protect
|move|p1a: clairo|Expanding Force|p2b: Pelipper
|-activate|p2b: Pelipper|move: Protect
|move|p1b: matcha|Psycho Cut|p2b: Pelipper
|-activate|p2b: Pelipper|move: Protect
|
|-weather|RainDance|[upkeep]
|-fieldend|move: Psychic Terrain
|upkeep
|turn|6
|
|t:|1757638046
|move|p2b: Pelipper|Protect||[still]
|-fail|p2b: Pelipper
|move|p1a: clairo|Expanding Force|p2b: Pelipper
|-enditem|p2b: Pelipper|Focus Sash
|-damage|p2b: Pelipper|1/100
|-damage|p1a: clairo|9/100|[from] item: Life Orb
|move|p1b: matcha|Psycho Cut|p2b: Pelipper
|-crit|p2b: Pelipper
|-damage|p2b: Pelipper|0 fnt
|faint|p2b: Pelipper
|
|win|tbpgerard
||ApeEnjoyerr is ready for game 2.
||tbpgerard is ready for game 2.
|uhtml|next|Next: Game 2 of 3
