|j|☆CTM_Charion
|j|☆1OO% Jesus
|html|CTM_Charion1OO% Jesus    
|uhtml|bestof|Game 2 of a best-of-3
|t:|1782490264
|gametype|doubles
|player|p1|CTM_Charion|chase|
|player|p2|1OO% Jesus|lillie-z|
|gen|9
|tier|[Gen 9 Champions] VGC 2026 Reg M-B (Bo3)
|rule|Species Clause: Limit one of each Pokémon
|rule|Item Clause: Limit 1 of each item
|clearpoke
|poke|p1|Pyroar, L50, M|
|poke|p1|Whimsicott, L50, M|
|poke|p1|Ninetales, L50, F|
|poke|p1|Farigiraf, L50, F|
|poke|p1|Basculegion, L50, M|
|poke|p1|Floette-Eternal, L50, F|
|poke|p2|Charizard, L50, M|
|poke|p2|Whimsicott, L50, F|
|poke|p2|Garchomp, L50, M|
|poke|p2|Basculegion, L50, M|
|poke|p2|Gholdengo, L50|
|poke|p2|Floette-Eternal, L50, F|
|teampreview|4
|showteam|p1|Pyroar||Pyroarite|Unnerve|HeatWave,Overheat,SolarBeam,Protect|Timid||M|||50|]Whimsicott||FocusSash|Prankster|Moonblast,Tailwind,SunnyDay,Protect|Timid||M|||50|]Ninetales||ChoiceScarf|Drought|Overheat,HeatWave,SolarBeam,FakeTears|Modest||F|||50|]Farigiraf||SitrusBerry|ArmorTail|Thunderbolt,TwinBeam,TrickRoom,HelpingHand|Bold||F|||50|]Basculegion||LifeOrb|Adaptability|WaveCrash,LastRespects,AquaJet,Protect|Adamant||M|||50|]Floette-Eternal||Floettite|FlowerVeil|Moonblast,DazzlingGleam,LightofRuin,Protect|Modest||F|||50|
|showteam|p2|Charizard||CharizarditeY|Blaze|HeatWave,WeatherBall,SolarBeam,Protect|Modest||M|||50|]Whimsicott||FocusSash|Prankster|Moonblast,Tailwind,Encore,Protect|Timid||F|||50|]Garchomp||LifeOrb|RoughSkin|Earthquake,DragonClaw,RockSlide,Protect|Jolly||M|||50|]Basculegion||MysticWater|Adaptability|WaveCrash,LastRespects,AquaJet,Protect|Adamant||M|||50|]Gholdengo||ChoiceScarf|GoodasGold|MakeItRain,ShadowBall,PowerGem,Trick|Modest|||||50|]Floette-Eternal||Floettite|FlowerVeil|DazzlingGleam,Moonblast,LightofRuin,Protect|Timid||F|||50|
|
|t:|1782490339
|teamsize|p1|4
|teamsize|p2|4
|start
|switch|p1a: Pyroar|Pyroar, L50, M|100/100
|switch|p1b: Whimsicott|Whimsicott, L50, M|100/100
|switch|p2a: Whimsicott|Whimsicott, L50, F|100/100
|switch|p2b: Garchomp|Garchomp, L50, M|100/100
|-ability|p1a: Pyroar|Unnerve
|turn|1
|
|t:|1782490377
|detailschange|p1a: Pyroar|Pyroar-Mega, L50, M
|-mega|p1a: Pyroar|Pyroar|Pyroarite
|move|p1a: Pyroar|Protect|p1a: Pyroar
|-singleturn|p1a: Pyroar|Protect
|move|p2a: Whimsicott|Tailwind|p2a: Whimsicott
|-sidestart|p2: 1OO% Jesus|move: Tailwind
|move|p1b: Whimsicott|Tailwind|p1b: Whimsicott
|-sidestart|p1: CTM_Charion|move: Tailwind
|move|p2b: Garchomp|Rock Slide|p1b: Whimsicott|[spread] p1b
|-activate|p1a: Pyroar|move: Protect
|-damage|p1b: Whimsicott|62/100
|-damage|p2b: Garchomp|90/100|[from] item: Life Orb
|
|upkeep
|turn|2
|
|t:|1782490418
|move|p2a: Whimsicott|Encore|p1b: Whimsicott
|-start|p1b: Whimsicott|Encore
|move|p1b: Whimsicott|Tailwind||[still]
|-fail|p1b: Whimsicott
|move|p1a: Pyroar|Heat Wave|p2a: Whimsicott|[spread] p2a,p2b
|-supereffective|p2a: Whimsicott|1
|-resisted|p2b: Garchomp|1
|-enditem|p2a: Whimsicott|Focus Sash
|-damage|p2a: Whimsicott|1/100
|-damage|p2b: Garchomp|60/100
|-status|p2b: Garchomp|brn
|move|p2b: Garchomp|Rock Slide|p1b: Whimsicott|[spread] p1a,p1b
|-supereffective|p1a: Pyroar|1
|-crit|p1a: Pyroar
|-damage|p1a: Pyroar|57/100
|-damage|p1b: Whimsicott|45/100
|-damage|p2b: Garchomp|50/100g brn|[from] item: Life Orb
|
|-damage|p2b: Garchomp|44/100 brn|[from] brn
|upkeep
|turn|3
|
|t:|1782490460
|switch|p1b: Farigiraf|Farigiraf, L50, F|100/100
|move|p1a: Pyroar|Heat Wave|p2a: Whimsicott|[spread] p2b
|-miss|p1a: Pyroar|p2a: Whimsicott
|-resisted|p2b: Garchomp|1
|-damage|p2b: Garchomp|16/100 brn
|move|p2a: Whimsicott|Moonblast|p1a: Pyroar
|-resisted|p1a: Pyroar|1
|-crit|p1a: Pyroar
|-damage|p1a: Pyroar|22/100
|-unboost|p1a: Pyroar|spa|1
|move|p2b: Garchomp|Earthquake|p1a: Pyroar|[spread] p2a,p1a,p1b
|-resisted|p2a: Whimsicott|1
|-supereffective|p1a: Pyroar|1
|-damage|p2a: Whimsicott|0 fnt
|-damage|p1a: Pyroar|0 fnt
|-damage|p1b: Farigiraf|77/100
|faint|p2a: Whimsicott
|faint|p1a: Pyroar
|-damage|p2b: Garchomp|7/100 brn|[from] item: Life Orb
|
|-damage|p2b: Garchomp|1/100 brn|[from] brn
|upkeep
|
|t:|1782490482
|switch|p1a: Whimsicott|Whimsicott, L50, M|45/100
|switch|p2a: Charizard|Charizard, L50, M|100/100
|turn|4
|
|t:|1782490526
|detailschange|p2a: Charizard|Charizard-Mega-Y, L50, M
|-mega|p2a: Charizard|Charizard|Charizardite Y
|-weather|SunnyDay|[from] ability: Drought|[of] p2a: Charizard
|move|p1a: Whimsicott|Protect|p1a: Whimsicott
|-singleturn|p1a: Whimsicott|Protect
|move|p2b: Garchomp|Rock Slide|p1a: Whimsicott|[spread] p1b
|-activate|p1a: Whimsicott|move: Protect
|-damage|p1b: Farigiraf|66/100
|-damage|p2b: Garchomp|0 fnt|[from] item: Life Orb
|faint|p2b: Garchomp
|move|p2a: Charizard|Weather Ball|p1b: Farigiraf
|-damage|p1b: Farigiraf|0 fnt
|faint|p1b: Farigiraf
|
|-weather|SunnyDay|[upkeep]
|-sideend|p2: 1OO% Jesus|move: Tailwind
|-sideend|p1: CTM_Charion|move: Tailwind
|upkeep
|
|t:|1782490541
|switch|p2b: Basculegion|Basculegion, L50, M|100/100
|switch|p1b: Basculegion|Basculegion, L50, M|100/100
|turn|5
|
|t:|1782490579
|move|p1b: Basculegion|Protect|p1b: Basculegion
|-singleturn|p1b: Basculegion|Protect
|move|p1a: Whimsicott|Tailwind|p1a: Whimsicott
|-sidestart|p1: CTM_Charion|move: Tailwind
|move|p2a: Charizard|Solar Beam||[still]
|-prepare|p2a: Charizard|Solar Beam
|-anim|p2a: Charizard|Solar Beam|p1b: Basculegion
|-activate|p1b: Basculegion|move: Protect
|move|p2b: Basculegion|Last Respects|p1b: Basculegion
|-activate|p1b: Basculegion|move: Protect
|
|-weather|SunnyDay|[upkeep]
|upkeep
|turn|6
|
|t:|1782490637
|move|p1a: Whimsicott|Moonblast|p2a: Charizard
|-resisted|p2a: Charizard|1
|-damage|p2a: Charizard|83/100
|move|p1b: Basculegion|Last Respects|p2b: Basculegion
|-supereffective|p2b: Basculegion|1
|-damage|p2b: Basculegion|0 fnt
|faint|p2b: Basculegion
|-damage|p1b: Basculegion|90/100|[from] item: Life Orb
|move|p2a: Charizard|Solar Beam||[still]
|-prepare|p2a: Charizard|Solar Beam
|-anim|p2a: Charizard|Solar Beam|p1b: Basculegion
|-supereffective|p1b: Basculegion|1
|-damage|p1b: Basculegion|0 fnt
|faint|p1b: Basculegion
|
|-weather|SunnyDay|[upkeep]
|upkeep
|turn|7
|
|t:|1782490675
|move|p1a: Whimsicott|Protect|p1a: Whimsicott
|-singleturn|p1a: Whimsicott|Protect
|move|p2a: Charizard|Solar Beam||[still]
|-prepare|p2a: Charizard|Solar Beam
|-anim|p2a: Charizard|Solar Beam|p1a: Whimsicott
|-activate|p1a: Whimsicott|move: Protect
|
|-weather|SunnyDay|[upkeep]
|upkeep
|turn|8
|
|t:|1782490688
|move|p1a: Whimsicott|Moonblast|p2a: Charizard
|-resisted|p2a: Charizard|1
|-damage|p2a: Charizard|67/100
|move|p2a: Charizard|Solar Beam||[still]
|-prepare|p2a: Charizard|Solar Beam
|-anim|p2a: Charizard|Solar Beam|p1a: Whimsicott
|-resisted|p1a: Whimsicott|1
|-damage|p1a: Whimsicott|7/100
|
|-weather|none
|-sideend|p1: CTM_Charion|move: Tailwind
|upkeep
|turn|9
|
|t:|1782490710
|move|p1a: Whimsicott|Sunny Day|p1a: Whimsicott
|-weather|SunnyDay
|move|p2a: Charizard|Heat Wave|p1a: Whimsicott
|-supereffective|p1a: Whimsicott|1
|-damage|p1a: Whimsicott|0 fnt
|faint|p1a: Whimsicott
|
|win|1OO% Jesus
