|j|☆ZZNap1
|j|☆testdigi
|html|ZZNap1testdigi    
|uhtml|bestof|Game 2 of a best-of-3
|t:|1785345648
|gametype|doubles
|player|p1|ZZNap1|266|1079
|player|p2|testdigi|169|1144
|gen|9
|tier|[Gen 9 Champions] VGC 2026 Reg M-B (Bo3)
|rated|
|rule|Species Clause: Limit one of each Pokémon
|rule|Item Clause: Limit 1 of each item
|clearpoke
|poke|p1|Raichu, L50, F|
|poke|p1|Staraptor, L50, F|
|poke|p1|Toxapex, L50, F|
|poke|p1|Garganacl, L50, F|
|poke|p1|Farigiraf, L50, M|
|poke|p1|Sinistcha, L50|
|poke|p2|Tyranitar, L50, F|
|poke|p2|Excadrill, L50, F|
|poke|p2|Gholdengo, L50, shiny|
|poke|p2|Milotic, L50, M, shiny|
|poke|p2|Sinistcha, L50|
|poke|p2|Staraptor, L50, F|
|teampreview|4
|showteam|p1|Raichu||RaichuniteY|Static|ZapCannon,FocusBlast,FakeOut,Protect|Modest||F|||50|]Staraptor||Staraptite|Intimidate|CloseCombat,BraveBird,Roost,Protect|Jolly||F|||50|]Toxapex||Leftovers|Regenerator|Infestation,Toxic,WideGuard,BanefulBunker|Sassy||F|||50|]Garganacl||SitrusBerry|PurifyingSalt|SaltCure,Sandstorm,Recover,Protect|Impish||F|||50|]Farigiraf||BrightPowder|ArmorTail|HyperVoice,StoredPower,CalmMind,Protect|Modest||M|||50|]Sinistcha||ShellBell|Hospitality|MatchaGotcha,Hex,LifeDew,Protect|Modest|||||50|
|showteam|p2|Tyranitar||Tyranitarite|SandStream|RockSlide,KnockOff,LowKick,Protect|Jolly||F|||50|]Excadrill||FocusSash|SandRush|HighHorsepower,IronHead,RockSlide,Protect|Adamant||F|||50|]Gholdengo||LifeOrb|GoodasGold|ShadowBall,MakeItRain,NastyPlot,Protect|Modest|||||50|]Milotic||Leftovers|Competitive|Scald,Recover,IcyWind,Protect|Calm||M|||50|]Sinistcha||ColburBerry|Hospitality|MatchaGotcha,EnergyBall,RagePowder,Protect|Bold|||||50|]Staraptor||Staraptite|Intimidate|CloseCombat,BraveBird,Tailwind,Protect|Jolly||F|||50|
|inactive|Battle timer is ON: inactive players will automatically lose when time's up. (requested by ZZNap1)
|
|t:|1785345684
|teamsize|p1|4
|teamsize|p2|4
|start
|switch|p1a: Staraptor|Staraptor, L50, F|100/100
|switch|p1b: Garganacl|Garganacl, L50, F|100/100
|switch|p2a: Tyranitar|Tyranitar, L50, F|100/100
|switch|p2b: Milotic|Milotic, L50, M, shiny|100/100
|-ability|p1a: Staraptor|Intimidate|boost
|-unboost|p2a: Tyranitar|atk|1
|-unboost|p2b: Milotic|atk|1
|-ability|p2b: Milotic|Competitive|boost
|-boost|p2b: Milotic|spa|2
|-weather|Sandstorm|[from] ability: Sand Stream|[of] p2a: Tyranitar
|turn|1
|inactive|ZZNap1 has 30 seconds left.
|
|t:|1785345711
|switch|p2a: Sinistcha|Sinistcha, L50|100/100
|detailschange|p1a: Staraptor|Staraptor-Mega, L50, F
|-mega|p1a: Staraptor|Staraptor|Staraptite
|move|p1a: Staraptor|Close Combat|p2a: Sinistcha
|-immune|p2a: Sinistcha
|move|p2b: Milotic|Scald|p1a: Staraptor
|-damage|p1a: Staraptor|43/100
|move|p1b: Garganacl|Salt Cure|p2b: Milotic
|-damage|p2b: Milotic|88/100
|-start|p2b: Milotic|Salt Cure
|
|-weather|Sandstorm|[upkeep]
|-damage|p1a: Staraptor|37/100|[from] Sandstorm
|-damage|p2b: Milotic|82/100|[from] Sandstorm
|-damage|p2a: Sinistcha|94/100|[from] Sandstorm
|-heal|p2b: Milotic|88/100|[from] item: Leftovers
|-damage|p2b: Milotic|75/100|[from] Salt Cure
|upkeep
|turn|2
|inactive|ZZNap1 has 30 seconds left.
|
|t:|1785345736
|move|p1a: Staraptor|Protect|p1a: Staraptor
|-singleturn|p1a: Staraptor|Protect
|move|p1b: Garganacl|Protect|p1b: Garganacl
|-singleturn|p1b: Garganacl|Protect
|move|p2b: Milotic|Scald|p1a: Staraptor
|-activate|p1a: Staraptor|move: Protect
|move|p2a: Sinistcha|Energy Ball|p1b: Garganacl
|-activate|p1b: Garganacl|move: Protect
|
|-weather|Sandstorm|[upkeep]
|-damage|p1a: Staraptor|31/100|[from] Sandstorm
|-damage|p2b: Milotic|69/100|[from] Sandstorm
|-damage|p2a: Sinistcha|88/100|[from] Sandstorm
|-heal|p2b: Milotic|75/100|[from] item: Leftovers
|-damage|p2b: Milotic|63/100|[from] Salt Cure
|upkeep
|turn|3
|
|t:|1785345760
|switch|p1a: Toxapex|Toxapex, L50, F|100/100
|switch|p1b: Sinistcha|Sinistcha, L50|100/100
|move|p2b: Milotic|Scald|p1a: Toxapex
|-resisted|p1a: Toxapex|1
|-damage|p1a: Toxapex|81/100
|move|p2a: Sinistcha|Matcha Gotcha|p1a: Toxapex|[spread] p1a,p1b
|-resisted|p1b: Sinistcha|1
|-damage|p1a: Toxapex|65/100
|-heal|p2a: Sinistcha|96/100|[from] drain|[of] p1a: Toxapex
|-damage|p1b: Sinistcha|86/100
|-heal|p2a: Sinistcha|100/100|[from] drain|[of] p1b: Sinistcha
|-status|p1b: Sinistcha|brn
|
|-weather|Sandstorm|[upkeep]
|-damage|p2b: Milotic|57/100|[from] Sandstorm
|-damage|p1b: Sinistcha|80/100 brn|[from] Sandstorm
|-damage|p2a: Sinistcha|94/100|[from] Sandstorm
|-damage|p1a: Toxapex|59/100|[from] Sandstorm
|-heal|p2b: Milotic|63/100|[from] item: Leftovers
|-heal|p1a: Toxapex|65/100|[from] item: Leftovers
|-damage|p1b: Sinistcha|74/100 brn|[from] brn
|-damage|p2b: Milotic|50/100g|[from] Salt Cure
|upkeep
|turn|4
|inactive|ZZNap1 has 30 seconds left.
|inactive|testdigi has 30 seconds left.
|
|t:|1785345791
|move|p2b: Milotic|Protect|p2b: Milotic
|-singleturn|p2b: Milotic|Protect
|move|p1b: Sinistcha|Protect|p1b: Sinistcha
|-singleturn|p1b: Sinistcha|Protect
|move|p2a: Sinistcha|Energy Ball|p1a: Toxapex
|-damage|p1a: Toxapex|42/100
|move|p1a: Toxapex|Toxic|p2b: Milotic
|-activate|p2b: Milotic|move: Protect
|
|-weather|Sandstorm|[upkeep]
|-damage|p2b: Milotic|45/100|[from] Sandstorm
|-damage|p1b: Sinistcha|67/100 brn|[from] Sandstorm
|-damage|p2a: Sinistcha|88/100|[from] Sandstorm
|-damage|p1a: Toxapex|36/100|[from] Sandstorm
|-heal|p2b: Milotic|50/100g|[from] item: Leftovers
|-heal|p1a: Toxapex|42/100|[from] item: Leftovers
|-damage|p1b: Sinistcha|61/100 brn|[from] brn
|-damage|p2b: Milotic|38/100|[from] Salt Cure
|upkeep
|turn|5
|inactive|ZZNap1 has 30 seconds left.
|inactive|ZZNap1 has 20 seconds left.
|inactive|ZZNap1 has 15 seconds left.
|inactive|ZZNap1 has 10 seconds left.
|inactive|ZZNap1 has 5 seconds left.
|
|t:|1785345844
|switch|p1b: Garganacl|Garganacl, L50, F|100/100
|switch|p2a: Tyranitar|Tyranitar, L50, F|100/100
|-heal|p1a: Toxapex|75/100|[from] ability: Regenerator|[silent]
|switch|p1a: Staraptor|Staraptor-Mega, L50, F|31/100
|move|p2b: Milotic|Recover|p2b: Milotic
|-heal|p2b: Milotic|88/100
|
|-weather|none
|-heal|p2b: Milotic|94/100|[from] item: Leftovers
|-damage|p2b: Milotic|82/100|[from] Salt Cure
|upkeep
|turn|6
|
|t:|1785345868
|switch|p2a: Sinistcha|Sinistcha, L50|88/100
|-heal|p2b: Milotic|100/100|[from] ability: Hospitality|[of] p2a: Sinistcha
|move|p1b: Garganacl|Protect|p1b: Garganacl
|-singleturn|p1b: Garganacl|Protect
|move|p1a: Staraptor|Close Combat|p2b: Milotic
|-damage|p2b: Milotic|53/100
|-boost|p1a: Staraptor|def|1
|-boost|p1a: Staraptor|spd|1
|move|p2b: Milotic|Scald|p1a: Staraptor
|-damage|p1a: Staraptor|0 fnt
|faint|p1a: Staraptor
|
|-heal|p2b: Milotic|59/100|[from] item: Leftovers
|-damage|p2b: Milotic|47/100|[from] Salt Cure
|upkeep
|
|t:|1785345885
|switch|p1a: Toxapex|Toxapex, L50, F|75/100
|turn|7
|
|t:|1785345897
|move|p2b: Milotic|Recover|p2b: Milotic
|-heal|p2b: Milotic|97/100
|move|p2a: Sinistcha|Matcha Gotcha|p1a: Toxapex|[spread] p1a,p1b
|-supereffective|p1b: Garganacl|1
|-damage|p1a: Toxapex|60/100
|-heal|p2a: Sinistcha|95/100|[from] drain|[of] p1a: Toxapex
|-damage|p1b: Garganacl|53/100
|-heal|p2a: Sinistcha|100/100|[from] drain|[of] p1b: Garganacl
|move|p1b: Garganacl|Sandstorm|p1b: Garganacl
|-weather|Sandstorm
|move|p1a: Toxapex|Toxic|p2a: Sinistcha
|-status|p2a: Sinistcha|tox
|
|-weather|Sandstorm|[upkeep]
|-damage|p2b: Milotic|91/100|[from] Sandstorm
|-damage|p2a: Sinistcha|94/100 tox|[from] Sandstorm
|-damage|p1a: Toxapex|54/100|[from] Sandstorm
|-heal|p2b: Milotic|97/100|[from] item: Leftovers
|-heal|p1a: Toxapex|60/100|[from] item: Leftovers
|-damage|p2a: Sinistcha|88/100 tox|[from] psn
|-damage|p2b: Milotic|84/100|[from] Salt Cure
|upkeep
|turn|8
|
|t:|1785345919
|move|p1b: Garganacl|Protect|p1b: Garganacl
|-singleturn|p1b: Garganacl|Protect
|move|p2b: Milotic|Scald|p1a: Toxapex
|-resisted|p1a: Toxapex|1
|-damage|p1a: Toxapex|41/100
|move|p2a: Sinistcha|Energy Ball|p1a: Toxapex
|-damage|p1a: Toxapex|17/100
|move|p1a: Toxapex|Toxic|p2b: Milotic
|-status|p2b: Milotic|tox
|
|-weather|Sandstorm|[upkeep]
|-damage|p2b: Milotic|78/100 tox|[from] Sandstorm
|-damage|p2a: Sinistcha|82/100 tox|[from] Sandstorm
|-damage|p1a: Toxapex|12/100|[from] Sandstorm
|-heal|p2b: Milotic|84/100 tox|[from] item: Leftovers
|-heal|p1a: Toxapex|17/100|[from] item: Leftovers
|-damage|p2b: Milotic|78/100 tox|[from] psn
|-damage|p2a: Sinistcha|71/100 tox|[from] psn
|-damage|p2b: Milotic|66/100 tox|[from] Salt Cure
|upkeep
|turn|9
|
|t:|1785345942
|-heal|p1a: Toxapex|50/100g|[from] ability: Regenerator|[silent]
|switch|p1a: Sinistcha|Sinistcha, L50|61/100 brn
|-heal|p1b: Garganacl|78/100|[from] ability: Hospitality|[of] p1a: Sinistcha
|move|p2b: Milotic|Scald|p1b: Garganacl
|-supereffective|p1b: Garganacl|1
|-damage|p1b: Garganacl|2/100
|-enditem|p1b: Garganacl|Sitrus Berry|[eat]
|-heal|p1b: Garganacl|27/100|[from] item: Sitrus Berry
|move|p2a: Sinistcha|Matcha Gotcha|p1a: Sinistcha|[spread] p1a,p1b
|-resisted|p1a: Sinistcha|1
|-crit|p1a: Sinistcha
|-supereffective|p1b: Garganacl|1
|-damage|p1a: Sinistcha|41/100 brn
|-heal|p2a: Sinistcha|81/100 tox|[from] drain|[of] p1a: Sinistcha
|-damage|p1b: Garganacl|1/100
|-heal|p2a: Sinistcha|97/100 tox|[from] drain|[of] p1b: Garganacl
|move|p1b: Garganacl|Salt Cure|p2a: Sinistcha
|-damage|p2a: Sinistcha|85/100 tox
|-start|p2a: Sinistcha|Salt Cure
|
|-weather|Sandstorm|[upkeep]
|-damage|p2b: Milotic|60/100 tox|[from] Sandstorm
|-damage|p1a: Sinistcha|35/100 brn|[from] Sandstorm
|-damage|p2a: Sinistcha|80/100 tox|[from] Sandstorm
|-heal|p2b: Milotic|66/100 tox|[from] item: Leftovers
|-damage|p2b: Milotic|54/100 tox|[from] psn
|-damage|p2a: Sinistcha|62/100 tox|[from] psn
|-damage|p1a: Sinistcha|29/100 brn|[from] brn
|-damage|p2b: Milotic|42/100 tox|[from] Salt Cure
|-damage|p2a: Sinistcha|57/100 tox|[from] Salt Cure
|upkeep
|turn|10
|inactive|ZZNap1 has 30 seconds left.
|
|t:|1785345971
|move|p1b: Garganacl|Protect|p1b: Garganacl
|-singleturn|p1b: Garganacl|Protect
|move|p2b: Milotic|Icy Wind|p1a: Sinistcha|[spread] p1a
|-activate|p1b: Garganacl|move: Protect
|-supereffective|p1a: Sinistcha|1
|-damage|p1a: Sinistcha|0 fnt
|faint|p1a: Sinistcha
|move|p2a: Sinistcha|Matcha Gotcha|p1b: Garganacl
|-activate|p1b: Garganacl|move: Protect
|
|-weather|Sandstorm|[upkeep]
|-damage|p2b: Milotic|36/100 tox|[from] Sandstorm
|-damage|p2a: Sinistcha|51/100 tox|[from] Sandstorm
|-heal|p2b: Milotic|42/100 tox|[from] item: Leftovers
|-damage|p2b: Milotic|24/100 tox|[from] psn
|-damage|p2a: Sinistcha|28/100 tox|[from] psn
|-damage|p2b: Milotic|11/100 tox|[from] Salt Cure
|-damage|p2a: Sinistcha|22/100 tox|[from] Salt Cure
|upkeep
|
|t:|1785345987
|switch|p1a: Toxapex|Toxapex, L50, F|50/100g
|turn|11
|
|t:|1785345999
|move|p1a: Toxapex|Wide Guard|p1a: Toxapex
|-singleturn|p1a: Toxapex|Wide Guard
|move|p2b: Milotic|Recover|p2b: Milotic
|-heal|p2b: Milotic|61/100 tox
|move|p2a: Sinistcha|Energy Ball|p1b: Garganacl
|-supereffective|p1b: Garganacl|1
|-damage|p1b: Garganacl|0 fnt
|faint|p1b: Garganacl
|
|-weather|none
|-heal|p2b: Milotic|67/100 tox|[from] item: Leftovers
|-heal|p1a: Toxapex|56/100|[from] item: Leftovers
|-damage|p2b: Milotic|44/100 tox|[from] psn
|-damage|p2a: Sinistcha|0 fnt|[from] psn
|faint|p2a: Sinistcha
|-damage|p2b: Milotic|31/100 tox|[from] Salt Cure
|upkeep
|
|t:|1785346007
|switch|p2a: Tyranitar|Tyranitar, L50, F|100/100
|-weather|Sandstorm|[from] ability: Sand Stream|[of] p2a: Tyranitar
|turn|12
|
|t:|1785346021
|detailschange|p2a: Tyranitar|Tyranitar-Mega, L50, F
|-mega|p2a: Tyranitar|Tyranitar|Tyranitarite
|move|p2a: Tyranitar|Knock Off|p1a: Toxapex
|-damage|p1a: Toxapex|7/100
|-enditem|p1a: Toxapex|Leftovers|[from] move: Knock Off|[of] p2a: Tyranitar
|move|p2b: Milotic|Recover|p2b: Milotic
|-heal|p2b: Milotic|81/100 tox
|move|p1a: Toxapex|Toxic|p2a: Tyranitar
|-status|p2a: Tyranitar|tox
|
|-weather|Sandstorm|[upkeep]
|-damage|p2b: Milotic|75/100 tox|[from] Sandstorm
|-damage|p1a: Toxapex|1/100|[from] Sandstorm
|-heal|p2b: Milotic|81/100 tox|[from] item: Leftovers
|-damage|p2a: Tyranitar|94/100 tox|[from] psn
|-damage|p2b: Milotic|51/100 tox|[from] psn
|-damage|p2b: Milotic|39/100 tox|[from] Salt Cure
|upkeep
|turn|13
|
|t:|1785346038
|move|p2a: Tyranitar|Protect|p2a: Tyranitar
|-singleturn|p2a: Tyranitar|Protect
|move|p1a: Toxapex|Baneful Bunker|p1a: Toxapex
|-singleturn|p1a: Toxapex|move: Protect
|move|p2b: Milotic|Recover|p2b: Milotic
|-heal|p2b: Milotic|89/100 tox
|
|-weather|Sandstorm|[upkeep]
|-damage|p2b: Milotic|83/100 tox|[from] Sandstorm
|-damage|p1a: Toxapex|0 fnt|[from] Sandstorm
|faint|p1a: Toxapex
|
|win|testdigi
