|j|☆learning to perish
|j|☆swarmhostuser
|html|learning to perishswarmhostuser    
|uhtml|bestof|Game 2 of a best-of-3
|t:|1756918859
|gametype|doubles
|player|p1|learning to perish|1|1063
|player|p2|swarmhostuser|2|1015
|gen|9
|tier|[Gen 9] VGC 2025 Reg H (Bo3)
|rated|
|rule|Species Clause: Limit one of each Pokémon
|rule|Item Clause: Limit 1 of each item
|clearpoke
|poke|p1|Azumarill, L50, M|
|poke|p1|Gothitelle, L50, M|
|poke|p1|Incineroar, L50, M|
|poke|p1|Ursaluna-Bloodmoon, L50, M|
|poke|p1|Rillaboom, L50, M|
|poke|p1|Hydreigon, L50, F|
|poke|p2|Sneasler, L50, M|
|poke|p2|Kingambit, L50, F|
|poke|p2|Rillaboom, L50, M|
|poke|p2|Dragonite, L50, F|
|poke|p2|Volcarona, L50, F|
|poke|p2|Electabuzz, L50, M|
|teampreview|4
|showteam|p1|Azumarill||Leftovers|SapSipper|PlayRough,PerishSong,Encore,Protect|||M|||50|,,,,,Ground]Gothitelle||SitrusBerry|ShadowTag|Psychic,TrickRoom,FakeOut,Protect|||M|||50|,,,,,Dark]Incineroar||ChopleBerry|Intimidate|KnockOff,PartingShot,FakeOut,Protect|||M|||50|,,,,,Grass]Ursaluna-Bloodmoon||LifeOrb|MindsEye|BloodMoon,HyperVoice,EarthPower,Protect|||M|||50|,,,,,Normal]Rillaboom||MiracleSeed|GrassySurge|WoodHammer,GrassyGlide,FakeOut,Protect|||M|||50|,,,,,Grass]Hydreigon||BlackGlasses|Levitate|DracoMeteor,DarkPulse,Snarl,Protect|||F|||50|,,,,,Fire
|showteam|p2|Sneasler||FocusSash|Unburden|DireClaw,CloseCombat,Coaching,FakeOut|||M|||50|,,,,,Stellar]Kingambit||BlackGlasses|Defiant|KowtowCleave,SwordsDance,SuckerPunch,Protect|||F|||50|,,,,,Dark]Rillaboom||AssaultVest|GrassySurge|FakeOut,WoodHammer,GrassyGlide,HighHorsepower|||M|||50|,,,,,Fire]Dragonite||LoadedDice|Multiscale|ScaleShot,ExtremeSpeed,Haze,Protect|||F|||50|,,,,,Fairy]Volcarona||CovertCloak|FlameBody|HeatWave,TeraBlast,QuiverDance,Protect|||F|||50|,,,,,Fairy]Electabuzz||Eviolite|VitalSpirit|Electroweb,FollowMe,Taunt,Protect|||M|||50|,,,,,Ghost
|inactive|Battle timer is ON: inactive players will automatically lose when time's up. (requested by learning to perish)
|inactive|swarmhostuser has 60 seconds left.
|inactive|swarmhostuser has 30 seconds left.
|
|t:|1756918923
|teamsize|p1|4
|teamsize|p2|4
|start
|switch|p1a: Azumarill|Azumarill, L50, M|100/100
|switch|p1b: Incineroar|Incineroar, L50, M|100/100
|switch|p2a: Sneasler|Sneasler, L50, M|100/100
|switch|p2b: Kingambit|Kingambit, L50, F|100/100
|-ability|p1b: Incineroar|Intimidate|boost
|-unboost|p2a: Sneasler|atk|1
|-unboost|p2b: Kingambit|atk|1
|-ability|p2b: Kingambit|Defiant|boost
|-boost|p2b: Kingambit|atk|2
|turn|1
|inactive|swarmhostuser has 30 seconds left.
|inactive|swarmhostuser has 20 seconds left.
|
|t:|1756918960
|move|p2a: Sneasler|Fake Out|p1b: Incineroar
|-damage|p1b: Incineroar|92/100
|cant|p1b: Incineroar|flinch
|move|p2b: Kingambit|Swords Dance|p2b: Kingambit
|-boost|p2b: Kingambit|atk|2
|move|p1a: Azumarill|Perish Song|p1a: Azumarill
|-start|p1a: Azumarill|perish3|[silent]
|-start|p1b: Incineroar|perish3|[silent]
|-start|p2a: Sneasler|perish3|[silent]
|-start|p2b: Kingambit|perish3|[silent]
|-fieldactivate|move: Perish Song
|
|-start|p2a: Sneasler|perish3
|-start|p2b: Kingambit|perish3
|-start|p1b: Incineroar|perish3
|-start|p1a: Azumarill|perish3
|upkeep
|turn|2
|inactive|learning to perish has 30 seconds left.
|inactive|swarmhostuser has 30 seconds left.
|inactive|swarmhostuser has 20 seconds left.
|
|t:|1756918996
|switch|p2a: Rillaboom|Rillaboom, L50, M|100/100
|-fieldstart|move: Grassy Terrain|[from] ability: Grassy Surge|[of] p2a: Rillaboom
|switch|p1a: Gothitelle|Gothitelle, L50, M|100/100
|-terastallize|p2b: Kingambit|Dark
|move|p2b: Kingambit|Kowtow Cleave|p1a: Gothitelle
|-supereffective|p1a: Gothitelle
|-damage|p1a: Gothitelle|0 fnt
|faint|p1a: Gothitelle
|move|p1b: Incineroar|Parting Shot|p2a: Rillaboom
|-unboost|p2a: Rillaboom|atk|1
|-unboost|p2a: Rillaboom|spa|1
|
|t:|1756919007
|switch|p1b: Azumarill|Azumarill, L50, M|100/100|[from] Parting Shot
|
|-start|p2b: Kingambit|perish2
|upkeep
|
|t:|1756919008
|switch|p1a: Ursaluna|Ursaluna-Bloodmoon, L50, M|100/100
|turn|3
|inactive|swarmhostuser has 30 seconds left.
|
|t:|1756919036
|switch|p2b: Sneasler|Sneasler, L50, M|100/100
|move|p1a: Ursaluna|Protect|p1a: Ursaluna
|-singleturn|p1a: Ursaluna|Protect
|move|p2a: Rillaboom|Fake Out|p1a: Ursaluna
|-activate|p1a: Ursaluna|move: Protect
|move|p1b: Azumarill|Perish Song|p1b: Azumarill
|-start|p1a: Ursaluna|perish3|[silent]
|-start|p1b: Azumarill|perish3|[silent]
|-start|p2a: Rillaboom|perish3|[silent]
|-start|p2b: Sneasler|perish3|[silent]
|-fieldactivate|move: Perish Song
|
|-start|p2b: Sneasler|perish3
|-start|p2a: Rillaboom|perish3
|-start|p1a: Ursaluna|perish3
|-start|p1b: Azumarill|perish3
|upkeep
|turn|4
|
|t:|1756919050
|switch|p2b: Kingambit|Kingambit, L50, F, tera:Dark|100/100
|switch|p2a: Dragonite|Dragonite, L50, F|100/100
|-terastallize|p1a: Ursaluna|Normal
|move|p1a: Ursaluna|Blood Moon|p2a: Dragonite
|-damage|p2a: Dragonite|20/100
|-damage|p1a: Ursaluna|91/100|[from] item: Life Orb
|move|p1b: Azumarill|Play Rough|p2b: Kingambit|[miss]
|-miss|p1b: Azumarill|p2b: Kingambit
|
|-heal|p1a: Ursaluna|97/100|[from] Grassy Terrain
|-start|p1a: Ursaluna|perish2
|-start|p1b: Azumarill|perish2
|upkeep
|turn|5
|inactive|swarmhostuser has 30 seconds left.
|
|t:|1756919080
|switch|p1b: Incineroar|Incineroar, L50, M|92/100
|-ability|p1b: Incineroar|Intimidate|boost
|-unboost|p2a: Dragonite|atk|1
|-unboost|p2b: Kingambit|atk|1
|-ability|p2b: Kingambit|Defiant|boost
|-boost|p2b: Kingambit|atk|2
|move|p2a: Dragonite|Scale Shot|p1b: Incineroar
|-damage|p1b: Incineroar|82/100
|-damage|p1b: Incineroar|72/100
|-damage|p1b: Incineroar|61/100
|-damage|p1b: Incineroar|52/100
|-damage|p1b: Incineroar|43/100
|-hitcount|p1b: Incineroar|5
|-unboost|p2a: Dragonite|def|1
|-boost|p2a: Dragonite|spe|1
|move|p2b: Kingambit|Kowtow Cleave|p1b: Incineroar
|-resisted|p1b: Incineroar
|-damage|p1b: Incineroar|0 fnt
|faint|p1b: Incineroar
|move|p1a: Ursaluna|Hyper Voice|p2a: Dragonite|[spread] p2a,p2b
|-damage|p2a: Dragonite|0 fnt
|-damage|p2b: Kingambit|28/100
|faint|p2a: Dragonite
|-damage|p1a: Ursaluna|87/100|[from] item: Life Orb
|
|-heal|p2b: Kingambit|34/100|[from] Grassy Terrain
|-heal|p1a: Ursaluna|93/100|[from] Grassy Terrain
|-start|p1a: Ursaluna|perish1
|upkeep
|-message|learning to perish forfeited.
|
|win|swarmhostuser
