|j|☆eduardosquid
|j|☆seb96m
|html|eduardosquidseb96m    
|uhtml|bestof|Game 1 of a best-of-3
|t:|1757912409
|gametype|doubles
|player|p1|eduardosquid|volkner|1049
|player|p2|seb96m|265|1126
|gen|9
|tier|[Gen 9] VGC 2025 Reg H (Bo3)
|rated|
|rule|Species Clause: Limit one of each Pokémon
|rule|Item Clause: Limit 1 of each item
|clearpoke
|poke|p1|Pelipper, L50, M|
|poke|p1|Basculegion, L50, M|
|poke|p1|Archaludon, L50, F|
|poke|p1|Garchomp, L50, F|
|poke|p1|Kingambit, L50, F|
|poke|p1|Ursaluna-Bloodmoon, L50, M|
|poke|p2|Baxcalibur, L50, F|
|poke|p2|Sneasler, L50, M|
|poke|p2|Electabuzz, L50, F|
|poke|p2|Dragapult, L50, F|
|poke|p2|Tyranitar, L50, M|
|poke|p2|Houndstone, L50, F|
|teampreview|4
|showteam|p1|Pelipper||DampRock|Drizzle|Hurricane,MuddyWater,IcyWind,Tailwind|||M|||50|,,,,,Bug]Basculegion||ChoiceBand|SwiftSwim|LastRespects,WaveCrash,FlipTurn,PsychicFangs|||M|||50|,,,,,Ghost]Archaludon||SafetyGoggles|Stamina|ElectroShot,DracoMeteor,BodyPress,ThunderWave|||F|||50|,,,,,Electric]Garchomp||ClearAmulet|RoughSkin|DragonClaw,StompingTantrum,RockSlide,StealthRock|||F|||50|,,,,,Rock]Kingambit||AssaultVest|Defiant|KowtowCleave,SuckerPunch,IronHead,XScissor|||F|||50|,,,,,Dark]Ursaluna-Bloodmoon||LifeOrb|MindsEye|BloodMoon,EarthPower,HyperVoice,Moonblast|||M|||50|,,,,,Normal
|showteam|p2|Baxcalibur||LoadedDice|ThermalExchange|IcicleSpear,ScaleShot,IceShard,Protect|||F|||50|,,,,,Poison]Sneasler||FocusSash|Unburden|UpperHand,Coaching,DireClaw,CloseCombat|||M|||50|,,,,,Stellar]Electabuzz||Eviolite|VitalSpirit|FollowMe,Electroweb,Taunt,HelpingHand|||F|||50|,,,,,Electric]Dragapult||ChoiceBand|ClearBody|DragonDarts,Uturn,PhantomForce,TeraBlast|||F|||50|,,,,,Dragon]Tyranitar||AssaultVest|SandStream|RockSlide,KnockOff,TeraBlast,LowKick|||M|||50|,,,,,Flying]Houndstone||ColburBerry|SandRush|LastRespects,Howl,Endeavor,WillOWisp|||F|||50|,,,,,Ghost
|inactive|Battle timer is ON: inactive players will automatically lose when time's up. (requested by seb96m)
|inactive|eduardosquid also wants the timer to be on.
|inactive|seb96m has 60 seconds left.
|
|t:|1757912453
|teamsize|p1|4
|teamsize|p2|4
|start
|switch|p1a: Pelipper|Pelipper, L50, M|100/100
|switch|p1b: Basculegion|Basculegion, L50, M|100/100
|switch|p2a: Sneasler|Sneasler, L50, M|100/100
|switch|p2b: Tyranitar|Tyranitar, L50, M|100/100
|-weather|RainDance|[from] ability: Drizzle|[of] p1a: Pelipper
|-weather|Sandstorm|[from] ability: Sand Stream|[of] p2b: Tyranitar
|turn|1
|
|t:|1757912469
|move|p2a: Sneasler|Coaching|p2b: Tyranitar
|-boost|p2b: Tyranitar|atk|1
|-boost|p2b: Tyranitar|def|1
|move|p1a: Pelipper|Tailwind|p1a: Pelipper
|-sidestart|p1: eduardosquid|move: Tailwind
|move|p1b: Basculegion|Wave Crash|p2b: Tyranitar
|-supereffective|p2b: Tyranitar
|-damage|p2b: Tyranitar|0 fnt
|faint|p2b: Tyranitar
|-damage|p1b: Basculegion|69/100|[from] Recoil
|
|-weather|Sandstorm|[upkeep]
|-damage|p1a: Pelipper|95/100|[from] Sandstorm
|-damage|p1b: Basculegion|62/100|[from] Sandstorm
|-damage|p2a: Sneasler|95/100|[from] Sandstorm
|upkeep
|
|t:|1757912483
|switch|p2b: Electabuzz|Electabuzz, L50, F|100/100
|turn|2
|
|t:|1757912493
|switch|p1a: Ursaluna|Ursaluna-Bloodmoon, L50, M|100/100
|switch|p2a: Houndstone|Houndstone, L50, F|100/100
|move|p1b: Basculegion|Wave Crash|p2a: Houndstone
|-damage|p2a: Houndstone|14/100
|-damage|p1b: Basculegion|39/100|[from] Recoil
|move|p2b: Electabuzz|Electroweb|p1a: Ursaluna|[spread] p1b
|-immune|p1a: Ursaluna
|-supereffective|p1b: Basculegion
|-damage|p1b: Basculegion|8/100
|-unboost|p1b: Basculegion|spe|1
|
|-weather|Sandstorm|[upkeep]
|-damage|p1b: Basculegion|1/100|[from] Sandstorm
|-damage|p2b: Electabuzz|95/100|[from] Sandstorm
|upkeep
|turn|3
|
|t:|1757912513
|move|p2b: Electabuzz|Follow Me|p2b: Electabuzz
|-singleturn|p2b: Electabuzz|move: Follow Me
|move|p2a: Houndstone|Endeavor|p1a: Ursaluna
|-damage|p1a: Ursaluna|13/100
|move|p1a: Ursaluna|Blood Moon|p2b: Electabuzz
|-damage|p2b: Electabuzz|29/100
|-damage|p1a: Ursaluna|4/100|[from] item: Life Orb
|move|p1b: Basculegion|Wave Crash|p2b: Electabuzz
|-damage|p2b: Electabuzz|0 fnt
|faint|p2b: Electabuzz
|-damage|p1b: Basculegion|0 fnt|[from] Recoil
|faint|p1b: Basculegion
|
|-weather|Sandstorm|[upkeep]
|upkeep
|
|t:|1757912530
|switch|p2b: Sneasler|Sneasler, L50, M|95/100
|switch|p1b: Pelipper|Pelipper, L50, M|95/100
|-weather|RainDance|[from] ability: Drizzle|[of] p1b: Pelipper
|turn|4
|
|t:|1757912553
|move|p1b: Pelipper|Muddy Water|p2a: Houndstone|[spread] p2a,p2b
|-damage|p2a: Houndstone|0 fnt
|-damage|p2b: Sneasler|51/100
|faint|p2a: Houndstone
|move|p2b: Sneasler|Dire Claw|p1a: Ursaluna
|-resisted|p1a: Ursaluna
|-damage|p1a: Ursaluna|0 fnt
|faint|p1a: Ursaluna
|
|-weather|RainDance|[upkeep]
|-sideend|p1: eduardosquid|move: Tailwind
|upkeep
|
|t:|1757912561
|switch|p1a: Archaludon|Archaludon, L50, F|100/100
|turn|5
|
|t:|1757912569
|move|p2b: Sneasler|Close Combat|p1a: Archaludon
|-supereffective|p1a: Archaludon
|-damage|p1a: Archaludon|0 fnt
|-unboost|p2b: Sneasler|def|1
|-unboost|p2b: Sneasler|spd|1
|faint|p1a: Archaludon
|move|p1b: Pelipper|Hurricane|p2b: Sneasler
|-supereffective|p2b: Sneasler
|-damage|p2b: Sneasler|0 fnt
|faint|p2b: Sneasler
|
|win|eduardosquid
|l|☆seb96m
|player|p2|
||eduardosquid is ready for game 2.
|inactive|seb96m has 30 seconds to confirm battle start!
||seb96m is ready for game 2.
|uhtml|next|Next: Game 2 of 3
