|j|☆Invencible19
|j|☆lettitripppp
|html|Invencible19lettitripppp    
|uhtml|bestof|Game 2 of a best-of-3
|t:|1783788453
|gametype|doubles
|player|p1|Invencible19|dawn-gen4pt|1173
|player|p2|lettitripppp|lucas|1206
|gen|9
|tier|[Gen 9 Champions] VGC 2026 Reg M-B (Bo3)
|rated|
|rule|Species Clause: Limit one of each Pokémon
|rule|Item Clause: Limit 1 of each item
|clearpoke
|poke|p1|Gardevoir, L50, F, shiny|
|poke|p1|Talonflame, L50, F|
|poke|p1|Blastoise, L50, M|
|poke|p1|Farigiraf, L50, M|
|poke|p1|Scrafty, L50, F|
|poke|p1|Kingambit, L50, F|
|poke|p2|Charizard, L50, M|
|poke|p2|Basculegion, L50, M|
|poke|p2|Whimsicott, L50, F, shiny|
|poke|p2|Garchomp, L50, F, shiny|
|poke|p2|Floette-Eternal, L50, F|
|poke|p2|Kingambit, L50, F, shiny|
|teampreview|4
|showteam|p1|Gardevoir||Gardevoirite|Trace|MysticalFire,HyperVoice,HyperBeam,Protect|Modest||F|||50|]Talonflame||LifeOrb|GaleWings|FlareBlitz,BraveBird,Tailwind,Taunt|Jolly||F|||50|]Blastoise||Blastoisinite|RainDish|WaterSpout,DarkPulse,ShellSmash,Protect|Modest||M|||50|]Farigiraf||SitrusBerry|ArmorTail|Psychic,TrickRoom,HelpingHand,Thunderbolt|Modest||M|||50|]Scrafty||Leftovers|Intimidate|DrainPunch,RockSlide,FakeOut,Protect|Impish||F|||50|]Kingambit||BlackGlasses|Defiant|KowtowCleave,IronHead,SuckerPunch,Protect|Adamant||F|||50|
|showteam|p2|Charizard||CharizarditeY|Blaze|WeatherBall,SolarBeam,HeatWave,Protect|Modest||M|||50|]Basculegion||MysticWater|Adaptability|LastRespects,WaveCrash,AquaJet,Protect|Adamant||M|||50|]Whimsicott||FocusSash|Prankster|Moonblast,Tailwind,Encore,Protect|Timid||F|||50|]Garchomp||LifeOrb|RoughSkin|DragonClaw,Earthquake,RockSlide,Protect|Jolly||F|||50|]Floette-Eternal||Floettite|FlowerVeil|DazzlingGleam,LightofRuin,Moonblast,Protect|Modest||F|||50|]Kingambit||ChopleBerry|Defiant|KowtowCleave,SuckerPunch,IronHead,LowKick|Adamant||F|||50|
|inactive|Battle timer is ON: inactive players will automatically lose when time's up. (requested by Invencible19)
|inactive|lettitripppp also wants the timer to be on.
|
|t:|1783788481
|teamsize|p1|4
|teamsize|p2|4
|start
|switch|p1a: Talonflame|Talonflame, L50, F|100/100
|switch|p1b: Kingambit|Kingambit, L50, F|100/100
|switch|p2a: LETS GO GO|Whimsicott, L50, F, shiny|100/100
|switch|p2b: AGNI|Charizard, L50, M|100/100
|turn|1
|
|t:|1783788499
|detailschange|p2b: AGNI|Charizard-Mega-Y, L50, M
|-mega|p2b: AGNI|Charizard|Charizardite Y
|-weather|SunnyDay|[from] ability: Drought|[of] p2b: AGNI
|move|p1a: Talonflame|Brave Bird|p2b: AGNI
|-damage|p2b: AGNI|35/100
|-damage|p1a: Talonflame|75/100|[from] Recoil
|-damage|p1a: Talonflame|65/100|[from] item: Life Orb
|move|p2a: LETS GO GO|Tailwind|p2a: LETS GO GO
|-sidestart|p2: lettitripppp|move: Tailwind
|move|p1b: Kingambit|Sucker Punch|p2b: AGNI
|-damage|p2b: AGNI|0 fnt
|faint|p2b: AGNI
|
|-weather|SunnyDay|[upkeep]
|upkeep
|
|t:|1783788517
|switch|p2b: CRUSH SHARK|Garchomp, L50, F, shiny|100/100
|turn|2
|
|t:|1783788530
|switch|p1a: Farigiraf|Farigiraf, L50, M|100/100
|move|p2a: LETS GO GO|Moonblast|p1a: Farigiraf
|-crit|p1a: Farigiraf
|-damage|p1a: Farigiraf|58/100
|move|p2b: CRUSH SHARK|Earthquake|p1b: Kingambit|[spread] p2a,p1a,p1b
|-resisted|p2a: LETS GO GO|1
|-supereffective|p1b: Kingambit|1
|-damage|p2a: LETS GO GO|67/100
|-damage|p1a: Farigiraf|14/100
|-damage|p1b: Kingambit|20/100y
|-enditem|p1a: Farigiraf|Sitrus Berry|[eat]
|-heal|p1a: Farigiraf|39/100|[from] item: Sitrus Berry
|-damage|p2b: CRUSH SHARK|90/100|[from] item: Life Orb
|move|p1b: Kingambit|Iron Head|p2a: LETS GO GO
|-supereffective|p2a: LETS GO GO|1
|-damage|p2a: LETS GO GO|0 fnt
|faint|p2a: LETS GO GO
|
|-weather|SunnyDay|[upkeep]
|upkeep
|
|t:|1783788544
|switch|p2a: GHOSTWAVE|Basculegion, L50, M|100/100
|turn|3
|
|t:|1783788550
|move|p2a: GHOSTWAVE|Protect|p2a: GHOSTWAVE
|-singleturn|p2a: GHOSTWAVE|Protect
|move|p1b: Kingambit|Protect|p1b: Kingambit
|-singleturn|p1b: Kingambit|Protect
|move|p2b: CRUSH SHARK|Earthquake|p1b: Kingambit|[spread] p1a
|-activate|p2a: GHOSTWAVE|move: Protect
|-activate|p1b: Kingambit|move: Protect
|-damage|p1a: Farigiraf|0 fnt
|faint|p1a: Farigiraf
|-damage|p2b: CRUSH SHARK|80/100|[from] item: Life Orb
|
|-weather|SunnyDay|[upkeep]
|upkeep
|
|t:|1783788572
|switch|p1a: Gardevoir|Gardevoir, L50, F, shiny|100/100
|-ability|p1a: Gardevoir|Rough Skin|Trace|[from] ability: Trace|[of] p2b: CRUSH SHARK
|turn|4
|inactive|Invencible19 has 30 seconds left.
|inactive|Invencible19 has 20 seconds left.
|
|t:|1783788608
|detailschange|p1a: Gardevoir|Gardevoir-Mega, L50, F, shiny
|-mega|p1a: Gardevoir|Gardevoir|Gardevoirite
|move|p1b: Kingambit|Sucker Punch|p2a: GHOSTWAVE
|-supereffective|p2a: GHOSTWAVE|1
|-damage|p2a: GHOSTWAVE|2/100
|move|p2b: CRUSH SHARK|Dragon Claw|p1b: Kingambit
|-resisted|p1b: Kingambit|1
|-damage|p1b: Kingambit|1/100
|-damage|p2b: CRUSH SHARK|70/100|[from] item: Life Orb
|move|p2a: GHOSTWAVE|Last Respects|p1a: Gardevoir
|-supereffective|p1a: Gardevoir|1
|-damage|p1a: Gardevoir|0 fnt
|faint|p1a: Gardevoir
|
|-weather|SunnyDay|[upkeep]
|-sideend|p2: lettitripppp|move: Tailwind
|upkeep
|
|t:|1783788617
|switch|p1a: Talonflame|Talonflame, L50, F|65/100
|turn|5
|
|t:|1783788628
|move|p2b: CRUSH SHARK|Protect|p2b: CRUSH SHARK
|-singleturn|p2b: CRUSH SHARK|Protect
|move|p2a: GHOSTWAVE|Protect|p2a: GHOSTWAVE
|-singleturn|p2a: GHOSTWAVE|Protect
|move|p1b: Kingambit|Protect|p1b: Kingambit
|-singleturn|p1b: Kingambit|Protect
|move|p1a: Talonflame|Brave Bird|p2b: CRUSH SHARK
|-activate|p2b: CRUSH SHARK|move: Protect
|
|-weather|none
|upkeep
|turn|6
|
|t:|1783788646
|move|p2a: GHOSTWAVE|Aqua Jet|p1b: Kingambit
|-damage|p1b: Kingambit|0 fnt
|faint|p1b: Kingambit
|move|p1a: Talonflame|Brave Bird|p2b: CRUSH SHARK
|-damage|p2b: CRUSH SHARK|14/100
|-damage|p1a: Talonflame|53/100|[from] ability: Rough Skin|[of] p2b: CRUSH SHARK
|-damage|p1a: Talonflame|30/100|[from] Recoil
|-damage|p1a: Talonflame|21/100|[from] item: Life Orb
|move|p2b: CRUSH SHARK|Dragon Claw|p1a: Talonflame
|-damage|p1a: Talonflame|0 fnt
|faint|p1a: Talonflame
|-damage|p2b: CRUSH SHARK|4/100|[from] item: Life Orb
|
|win|lettitripppp
|raw|Invencible19's rating: 1173 → 1150(-23 for losing)
|raw|lettitripppp's rating: 1206 → 1229(+23 for winning)
|l|☆Invencible19
|player|p1|
