|j|☆Fell Blue
|j|☆Broey_jiggs
|html|Fell BlueBroey_jiggs    
|uhtml|bestof|Game 1 of a best-of-3
|t:|1784586960
|gametype|doubles
|player|p1|Fell Blue|fantina|1153
|player|p2|Broey_jiggs|2|1049
|gen|9
|tier|[Gen 9 Champions] VGC 2026 Reg M-B (Bo3)
|rated|
|rule|Species Clause: Limit one of each Pokémon
|rule|Item Clause: Limit 1 of each item
|clearpoke
|poke|p1|Mawile, L50, F|
|poke|p1|Liepard, L50, F|
|poke|p1|Sneasler, L50, M|
|poke|p1|Chandelure, L50, M|
|poke|p1|Ninetales-Alola, L50, F|
|poke|p1|Incineroar, L50, M|
|poke|p2|Toxapex, L50, F|
|poke|p2|Rotom-Wash, L50|
|poke|p2|Sinistcha-Masterpiece, L50|
|poke|p2|Venusaur, L50, F|
|poke|p2|Incineroar, L50, M|
|poke|p2|Gengar, L50, M|
|teampreview|4
|showteam|p1|Mawile||Mawilite|HyperCutter|PlayRough,SuckerPunch,Protect,IronDefense|Adamant||F|||50|]Liepard||FocusSash|Prankster|FakeOut,ThunderWave,FoulPlay,Encore|Timid||F|||50|]Sneasler||WhiteHerb|Unburden|DireClaw,Coaching,FakeOut,CloseCombat|Adamant||M|||50|]Chandelure||Chandelurite|FlashFire|ShadowBall,HeatWave,Substitute,Protect|Modest||M|||50|]Ninetales-Alola||LightClay|SnowWarning|AuroraVeil,Protect,FreezeDry,IcyWind|Timid||F|||50|]Incineroar||SitrusBerry|Intimidate|FakeOut,PartingShot,ThroatChop,FlareBlitz|Impish||M|||50|
|showteam|p2|Toxapex||Leftovers|Regenerator|Toxic,BanefulBunker,Infestation,WideGuard|Bold||F|||50|]Rotom-Wash||Magnet|Levitate|HydroPump,VoltSwitch,WillOWisp,Electroweb|Calm|||||50|]Sinistcha-Masterpiece||SitrusBerry|Hospitality|MatchaGotcha,Hex,TrickRoom,RagePowder|Timid|||||50|]Venusaur||Venusaurite|Chlorophyll|GigaDrain,LeechSeed,SludgeBomb,Protect|Bold||F|||50|]Incineroar||ChopleBerry|Intimidate|FlareBlitz,DarkestLariat,PartingShot,FakeOut|Adamant||M|||50|]Gengar||Gengarite|CursedBody|PerishSong,ShadowBall,Disable,Protect|Timid||M|||50|
|inactive|Battle timer is ON: inactive players will automatically lose when time's up. (requested by Broey_jiggs)
|
|t:|1784587001
|teamsize|p1|4
|teamsize|p2|4
|start
|switch|p1a: Liepard|Liepard, L50, F|100/100
|switch|p1b: Incineroar|Incineroar, L50, M|100/100
|switch|p2a: Toxapex|Toxapex, L50, F|100/100
|switch|p2b: Rotom|Rotom-Wash, L50|100/100
|-ability|p1b: Incineroar|Intimidate|boost
|-unboost|p2a: Toxapex|atk|1
|-unboost|p2b: Rotom|atk|1
|turn|1
|
|t:|1784587023
|move|p1a: Liepard|Fake Out|p2b: Rotom
|-damage|p2b: Rotom|91/100
|cant|p2b: Rotom|flinch
|move|p1b: Incineroar|Parting Shot|p2b: Rotom
|-unboost|p2b: Rotom|atk|1
|-unboost|p2b: Rotom|spa|1
|
|t:|1784587028
|switch|p1b: Ninetales|Ninetales-Alola, L50, F|100/100|[from] Parting Shot
|-weather|Snowscape|[from] ability: Snow Warning|[of] p1b: Ninetales
|move|p2a: Toxapex|Toxic|p1a: Liepard
|-status|p1a: Liepard|tox
|
|-weather|Snowscape|[upkeep]
|-damage|p1a: Liepard|94/100 tox|[from] psn
|upkeep
|turn|2
|
|t:|1784587042
|move|p1a: Liepard|Thunder Wave|p2a: Toxapex
|-status|p2a: Toxapex|par
|move|p1b: Ninetales|Freeze-Dry|p2b: Rotom
|-supereffective|p2b: Rotom|1
|-damage|p2b: Rotom|47/100
|move|p2b: Rotom|Electroweb|p1a: Liepard|[spread] p1a,p1b
|-damage|p1a: Liepard|66/100 tox
|-damage|p1b: Ninetales|86/100
|-unboost|p1a: Liepard|spe|1
|-unboost|p1b: Ninetales|spe|1
|cant|p2a: Toxapex|par
|
|-weather|Snowscape|[upkeep]
|-damage|p1a: Liepard|54/100 tox|[from] psn
|upkeep
|turn|3
|
|t:|1784587059
|switch|p1a: Mawile|Mawile, L50, F|100/100
|switch|p2b: Incineroar|Incineroar, L50, M|100/100
|-ability|p2b: Incineroar|Intimidate|boost
|-fail|p1a: Mawile|unboost|Attack|[from] ability: Hyper Cutter|[of] p1a: Mawile
|-unboost|p1b: Ninetales|atk|1
|move|p1b: Ninetales|Freeze-Dry|p2b: Incineroar
|-resisted|p2b: Incineroar|1
|-damage|p2b: Incineroar|90/100
|move|p2a: Toxapex|Toxic|p1b: Ninetales
|-status|p1b: Ninetales|tox
|
|-weather|Snowscape|[upkeep]
|-damage|p1b: Ninetales|80/100 tox|[from] psn
|upkeep
|turn|4
|
|t:|1784587078
|switch|p1b: Incineroar|Incineroar, L50, M|100/100
|-ability|p1b: Incineroar|Intimidate|boost
|-unboost|p2a: Toxapex|atk|1
|-unboost|p2b: Incineroar|atk|1
|move|p1a: Mawile|Protect|p1a: Mawile
|-singleturn|p1a: Mawile|Protect
|move|p2b: Incineroar|Flare Blitz|p1a: Mawile
|-activate|p1a: Mawile|move: Protect
|cant|p2a: Toxapex|par
|
|-weather|Snowscape|[upkeep]
|upkeep
|turn|5
|
|t:|1784587088
|detailschange|p1a: Mawile|Mawile-Mega, L50, F
|-mega|p1a: Mawile|Mawile|Mawilite
|move|p1b: Incineroar|Fake Out|p2b: Incineroar
|-damage|p2b: Incineroar|80/100
|move|p1a: Mawile|Play Rough|p2b: Incineroar
|-damage|p2b: Incineroar|0 fnt
|faint|p2b: Incineroar
|move|p2a: Toxapex|Toxic|p1b: Incineroar
|-status|p1b: Incineroar|tox
|
|-weather|none
|-damage|p1b: Incineroar|94/100 tox|[from] psn
|upkeep
|
|t:|1784587093
|switch|p2b: Rotom|Rotom-Wash, L50|47/100
|turn|6
|
|t:|1784587106
|move|p2b: Rotom|Will-O-Wisp|p1a: Mawile
|-status|p1a: Mawile|brn
|move|p1a: Mawile|Play Rough|p2b: Rotom
|-damage|p2b: Rotom|3/100
|move|p1b: Incineroar|Parting Shot|p2b: Rotom
|-unboost|p2b: Rotom|atk|1
|-unboost|p2b: Rotom|spa|1
|
|t:|1784587109
|switch|p1b: Ninetales|Ninetales-Alola, L50, F|80/100 tox|[from] Parting Shot
|-weather|Snowscape|[from] ability: Snow Warning|[of] p1b: Ninetales
|move|p2a: Toxapex|Infestation|p1a: Mawile
|-resisted|p1a: Mawile|2
|-damage|p1a: Mawile|99/100 brn
|-activate|p1a: Mawile|move: Infestation|[of] p2a: Toxapex
|
|-weather|Snowscape|[upkeep]
|-damage|p1b: Ninetales|73/100 tox|[from] psn
|-damage|p1a: Mawile|93/100 brn|[from] brn
|-damage|p1a: Mawile|80/100 brn|[from] move: Infestation|[partiallytrapped]
|upkeep
|turn|7
|
|t:|1784587122
|switch|p2b: Sinistcha|Sinistcha-Masterpiece, L50|100/100
|move|p1b: Ninetales|Icy Wind|p2a: Toxapex|[spread] p2a
|-miss|p1b: Ninetales|p2b: Sinistcha
|-resisted|p2a: Toxapex|1
|-damage|p2a: Toxapex|95/100 par
|-unboost|p2a: Toxapex|spe|1
|move|p1a: Mawile|Play Rough|p2a: Toxapex
|-resisted|p2a: Toxapex|1
|-damage|p2a: Toxapex|81/100 par
|move|p2a: Toxapex|Infestation|p1b: Ninetales
|-resisted|p1b: Ninetales|1
|-damage|p1b: Ninetales|72/100 tox
|-activate|p1b: Ninetales|move: Infestation|[of] p2a: Toxapex
|
|-weather|Snowscape|[upkeep]
|-heal|p2a: Toxapex|86/100 par|[from] item: Leftovers
|-damage|p1b: Ninetales|60/100 tox|[from] psn
|-damage|p1a: Mawile|74/100 brn|[from] brn
|-damage|p1b: Ninetales|47/100 tox|[from] move: Infestation|[partiallytrapped]
|-damage|p1a: Mawile|62/100 brn|[from] move: Infestation|[partiallytrapped]
|upkeep
|turn|8
|
|t:|1784587148
|move|p2a: Toxapex|Baneful Bunker|p2a: Toxapex
|-singleturn|p2a: Toxapex|move: Protect
|move|p1b: Ninetales|Freeze-Dry|p2b: Sinistcha
|-supereffective|p2b: Sinistcha|1
|-damage|p2b: Sinistcha|44/100
|-enditem|p2b: Sinistcha|Sitrus Berry|[eat]
|-heal|p2b: Sinistcha|69/100|[from] item: Sitrus Berry
|move|p1a: Mawile|Play Rough|p2b: Sinistcha
|-damage|p2b: Sinistcha|29/100
|move|p2b: Sinistcha|Trick Room|p2b: Sinistcha
|-fieldstart|move: Trick Room|[of] p2b: Sinistcha
|
|-weather|Snowscape|[upkeep]
|-heal|p2a: Toxapex|92/100 par|[from] item: Leftovers
|-damage|p1b: Ninetales|29/100 tox|[from] psn
|-damage|p1a: Mawile|56/100 brn|[from] brn
|-damage|p1a: Mawile|44/100 brn|[from] move: Infestation|[partiallytrapped]
|-damage|p1b: Ninetales|17/100 tox|[from] move: Infestation|[partiallytrapped]
|upkeep
|turn|9
|
|t:|1784587172
|move|p2a: Toxapex|Baneful Bunker||[still]
|-fail|p2a: Toxapex
|move|p1a: Mawile|Sucker Punch|p2b: Sinistcha
|-supereffective|p2b: Sinistcha|1
|-damage|p2b: Sinistcha|0 fnt
|faint|p2b: Sinistcha
|move|p1b: Ninetales|Freeze-Dry|p2a: Toxapex
|-supereffective|p2a: Toxapex|1
|-damage|p2a: Toxapex|57/100 par
|
|-weather|Snowscape|[upkeep]
|-heal|p2a: Toxapex|62/100 par|[from] item: Leftovers
|-damage|p1b: Ninetales|0 fnt|[from] psn
|faint|p1b: Ninetales
|-damage|p1a: Mawile|38/100 brn|[from] brn
|-damage|p1a: Mawile|25/100 brn|[from] move: Infestation|[partiallytrapped]
|upkeep
|
|t:|1784587184
|switch|p2b: Rotom|Rotom-Wash, L50|3/100
|switch|p1b: Incineroar|Incineroar, L50, M|94/100 tox
|-ability|p1b: Incineroar|Intimidate|boost
|-unboost|p2a: Toxapex|atk|1
|-unboost|p2b: Rotom|atk|1
|turn|10
|
|t:|1784587192
|move|p2a: Toxapex|Baneful Bunker|p2a: Toxapex
|-singleturn|p2a: Toxapex|move: Protect
|move|p1b: Incineroar|Fake Out|p2b: Rotom
|-damage|p2b: Rotom|0 fnt
|faint|p2b: Rotom
|move|p1a: Mawile|Play Rough|p2a: Toxapex
|-activate|p2a: Toxapex|move: Protect
|
|-weather|none
|-heal|p2a: Toxapex|68/100 par|[from] item: Leftovers
|-damage|p1b: Incineroar|88/100 tox|[from] psn
|-damage|p1a: Mawile|19/100 brn|[from] brn
|-end|p1a: Mawile|Infestation|[partiallytrapped]
|upkeep
|turn|11
|
|t:|1784587200
|move|p2a: Toxapex|Infestation|p1a: Mawile
|-resisted|p1a: Mawile|2
|-damage|p1a: Mawile|19/100 brn
|-activate|p1a: Mawile|move: Infestation|[of] p2a: Toxapex
|move|p1b: Incineroar|Throat Chop|p2a: Toxapex
|-damage|p2a: Toxapex|45/100 par
|-start|p2a: Toxapex|Throat Chop|[silent]
|move|p1a: Mawile|Play Rough|p2a: Toxapex
|-resisted|p2a: Toxapex|1
|-damage|p2a: Toxapex|29/100 par
|
|-heal|p2a: Toxapex|34/100 par|[from] item: Leftovers
|-damage|p1b: Incineroar|76/100 tox|[from] psn
|-damage|p1a: Mawile|12/100 brn|[from] brn
|-damage|p1a: Mawile|1/100 brn|[from] move: Infestation|[partiallytrapped]
|upkeep
|turn|12
|
|t:|1784587210
|switch|p1b: Liepard|Liepard, L50, F|54/100 tox
|move|p2a: Toxapex|Baneful Bunker|p2a: Toxapex
|-singleturn|p2a: Toxapex|move: Protect
|move|p1a: Mawile|Play Rough|p2a: Toxapex
|-activate|p2a: Toxapex|move: Protect
|
|-heal|p2a: Toxapex|40/100 par|[from] item: Leftovers
|-damage|p1b: Liepard|48/100 tox|[from] psn
|-damage|p1a: Mawile|0 fnt|[from] brn
|faint|p1a: Mawile
|-end|p2a: Toxapex|Throat Chop|[silent]
|-fieldend|move: Trick Room
|upkeep
|
|t:|1784587211
|switch|p1a: Incineroar|Incineroar, L50, M|76/100 tox
|-ability|p1a: Incineroar|Intimidate|boost
|-unboost|p2a: Toxapex|atk|1
|turn|13
|
|t:|1784587225
|move|p1b: Liepard|Encore|p2a: Toxapex
|-start|p2a: Toxapex|Encore
|move|p2a: Toxapex|Baneful Bunker||[still]
|-fail|p2a: Toxapex
|move|p1a: Incineroar|Throat Chop|p2a: Toxapex
|-damage|p2a: Toxapex|17/100 par
|-start|p2a: Toxapex|Throat Chop|[silent]
|
|-heal|p2a: Toxapex|23/100 par|[from] item: Leftovers
|-damage|p1b: Liepard|36/100 tox|[from] psn
|-damage|p1a: Incineroar|70/100 tox|[from] psn
|upkeep
|turn|14
|
|t:|1784587229
|move|p2a: Toxapex|Baneful Bunker|p2a: Toxapex
|-singleturn|p2a: Toxapex|move: Protect
|move|p1b: Liepard|Foul Play|p2a: Toxapex
|-activate|p2a: Toxapex|move: Protect
|move|p1a: Incineroar|Throat Chop|p2a: Toxapex
|-activate|p2a: Toxapex|move: Protect
|
|-heal|p2a: Toxapex|28/100 par|[from] item: Leftovers
|-damage|p1b: Liepard|19/100 tox|[from] psn
|-damage|p1a: Incineroar|58/100 tox|[from] psn
|-end|p2a: Toxapex|Throat Chop|[silent]
|upkeep
|turn|15
|
|t:|1784587241
|move|p2a: Toxapex|Baneful Bunker||[still]
|-fail|p2a: Toxapex
|move|p1b: Liepard|Foul Play|p2a: Toxapex
|-damage|p2a: Toxapex|23/100 par
|move|p1a: Incineroar|Throat Chop|p2a: Toxapex
|-damage|p2a: Toxapex|1/100 par
|-start|p2a: Toxapex|Throat Chop|[silent]
|
|-heal|p2a: Toxapex|6/100 par|[from] item: Leftovers
|-damage|p1b: Liepard|0 fnt|[from] psn
|faint|p1b: Liepard
|-damage|p1a: Incineroar|40/100 tox|[from] psn
|-end|p2a: Toxapex|Encore
|upkeep
|-enditem|p1a: Incineroar|Sitrus Berry|[eat]
|-heal|p1a: Incineroar|65/100 tox|[from] item: Sitrus Berry
|turn|16
|
|t:|1784587258
|move|p2a: Toxapex|Baneful Bunker|p2a: Toxapex
|-singleturn|p2a: Toxapex|move: Protect
|move|p1a: Incineroar|Throat Chop|p2a: Toxapex
|-activate|p2a: Toxapex|move: Protect
|
|-heal|p2a: Toxapex|11/100 par|[from] item: Leftovers
|-damage|p1a: Incineroar|41/100 tox|[from] psn
|-end|p2a: Toxapex|Throat Chop|[silent]
|upkeep
|turn|17
|
|t:|1784587273
|move|p1a: Incineroar|Throat Chop|p2a: Toxapex
|-damage|p2a: Toxapex|0 fnt
|faint|p2a: Toxapex
|
|win|Fell Blue
||Broey_jiggs is ready for game 2.
|inactive|Fell Blue has 30 seconds to confirm battle start!
