|j|☆jholloway1993
|j|☆reshiee
|html|jholloway1993reshiee    
|uhtml|bestof|Game 3 of a best-of-3
|t:|1785873713
|gametype|doubles
|player|p1|jholloway1993|1|1287
|player|p2|reshiee|gwynn|1202
|gen|9
|tier|[Gen 9 Champions] VGC 2026 Reg M-B (Bo3)
|rated|
|rule|Species Clause: Limit one of each Pokémon
|rule|Item Clause: Limit 1 of each item
|clearpoke
|poke|p1|Floette-Eternal, L50, F|
|poke|p1|Delphox, L50, F|
|poke|p1|Incineroar, L50, M|
|poke|p1|Sinistcha, L50|
|poke|p1|Sneasler, L50, M|
|poke|p1|Kingambit, L50, M|
|poke|p2|Charizard, L50, M|
|poke|p2|Venusaur, L50, F|
|poke|p2|Pelipper, L50, F|
|poke|p2|Grimmsnarl, L50, M|
|poke|p2|Basculegion, L50, M|
|poke|p2|Archaludon, L50, M|
|teampreview|4
|showteam|p1|Floette-Eternal||Floettite|FlowerVeil|Moonblast,DazzlingGleam,CalmMind,Protect|Modest||F|||50|]Delphox||Delphoxite|Blaze|HeatWave,Psychic,NastyPlot,Protect|Timid||F|||50|]Incineroar||SitrusBerry|Intimidate|FlareBlitz,DarkestLariat,PartingShot,FakeOut|Impish||M|||50|]Sinistcha||OccaBerry|Hospitality|MatchaGotcha,RagePowder,TrickRoom,Protect|Bold|||||50|]Sneasler||FocusSash|PoisonTouch|CloseCombat,DireClaw,FakeOut,QuickGuard|Jolly||M|||50|]Kingambit||BlackGlasses|Defiant|KowtowCleave,SuckerPunch,SwordsDance,Protect|Adamant||M|||50|
|showteam|p2|Charizard||CharizarditeY|Blaze|HeatWave,WeatherBall,SolarBeam,Protect|Modest||M|||50|]Venusaur||FocusSash|Chlorophyll|SludgeBomb,EarthPower,SleepPowder,Protect|Modest||F|||50|]Pelipper||SitrusBerry|Drizzle|Hurricane,WeatherBall,Tailwind,WideGuard|Modest||F|||50|]Grimmsnarl||LightClay|Prankster|SpiritBreak,Reflect,LightScreen,PartingShot|Sassy||M|||50|]Basculegion||ChoiceScarf|Adaptability|WaveCrash,LastRespects,FlipTurn,AquaJet|Jolly||M|||50|]Archaludon||Leftovers|Stamina|DragonPulse,FlashCannon,ElectroShot,Protect|Calm||M|||50|
|
|t:|1785873724
|teamsize|p1|4
|teamsize|p2|4
|start
|switch|p1a: Incineroar|Incineroar, L50, M|100/100
|switch|p1b: Sneasler|Sneasler, L50, M|100/100
|switch|p2a: Charizard|Charizard, L50, M|100/100
|switch|p2b: Basculegion|Basculegion, L50, M|100/100
|-ability|p1a: Incineroar|Intimidate|boost
|-unboost|p2a: Charizard|atk|1
|-unboost|p2b: Basculegion|atk|1
|turn|1
|
|t:|1785873752
|move|p2a: Charizard|Protect|p2a: Charizard
|-singleturn|p2a: Charizard|Protect
|move|p2b: Basculegion|Flip Turn|p1a: Incineroar
|-supereffective|p1a: Incineroar|1
|-damage|p1a: Incineroar|62/100
|
|t:|1785873764
|switch|p2b: Pelipper|Pelipper, L50, F|100/100|[from] Flip Turn
|-weather|RainDance|[from] ability: Drizzle|[of] p2b: Pelipper
|move|p1b: Sneasler|Dire Claw|p2b: Pelipper
|-damage|p2b: Pelipper|59/100
|-status|p2b: Pelipper|slp
|move|p1a: Incineroar|Parting Shot|p2a: Charizard
|-activate|p2a: Charizard|move: Protect
|
|-weather|RainDance|[upkeep]
|upkeep
|turn|2
|
|t:|1785873843
|move|p1b: Sneasler|Dire Claw|p2b: Pelipper
|-damage|p2b: Pelipper|14/100 slp
|-fail|p2b: Pelipper|slp
|-enditem|p2b: Pelipper|Sitrus Berry|[eat]
|-heal|p2b: Pelipper|38/100 slp|[from] item: Sitrus Berry
|move|p2a: Charizard|Weather Ball|p1a: Incineroar
|-supereffective|p1a: Incineroar|1
|-damage|p1a: Incineroar|0 fnt
|faint|p1a: Incineroar
|cant|p2b: Pelipper|slp
|
|-weather|RainDance|[upkeep]
|upkeep
|
|t:|1785873861
|switch|p1a: Delphox|Delphox, L50, F|100/100
|turn|3
|
|t:|1785873889
|switch|p2b: Archaludon|Archaludon, L50, M|100/100
|detailschange|p1a: Delphox|Delphox-Mega, L50, F
|-mega|p1a: Delphox|Delphox|Delphoxite
|move|p1a: Delphox|Psychic|p2b: Archaludon
|-resisted|p2b: Archaludon|1
|-damage|p2b: Archaludon|76/100
|-unboost|p2b: Archaludon|spd|1
|-ability|p2b: Archaludon|Stamina|boost
|-boost|p2b: Archaludon|def|1
|move|p1b: Sneasler|Dire Claw|p2a: Charizard
|-damage|p2a: Charizard|63/100
|-status|p2a: Charizard|slp
|cant|p2a: Charizard|slp
|
|-weather|RainDance|[upkeep]
|-heal|p2b: Archaludon|82/100|[from] item: Leftovers
|upkeep
|turn|4
|c|☆reshiee|danggg
|c|☆reshiee|rip me lucky turn you got
|c|☆jholloway1993|super lucky
|
|t:|1785873945
|switch|p2a: Basculegion|Basculegion, L50, M|100/100
|move|p1a: Delphox|Nasty Plot|p1a: Delphox
|-boost|p1a: Delphox|spa|2
|move|p1b: Sneasler|Close Combat|p2b: Archaludon
|-supereffective|p2b: Archaludon|1
|-damage|p2b: Archaludon|26/100
|-unboost|p1b: Sneasler|def|1
|-unboost|p1b: Sneasler|spd|1
|-ability|p2b: Archaludon|Stamina|boost
|-boost|p2b: Archaludon|def|1
|move|p2b: Archaludon|Electro Shot||[still]
|-prepare|p2b: Archaludon|Electro Shot
|-boost|p2b: Archaludon|spa|1
|-anim|p2b: Archaludon|Electro Shot|p1a: Delphox
|-damage|p1a: Delphox|46/100
|
|-weather|RainDance|[upkeep]
|-heal|p2b: Archaludon|32/100|[from] item: Leftovers
|upkeep
|turn|5
|
|t:|1785874008
|switch|p1b: Sinistcha|Sinistcha, L50|100/100
|-heal|p1a: Delphox|71/100|[from] ability: Hospitality|[of] p1b: Sinistcha
|move|p1a: Delphox|Protect|p1a: Delphox
|-singleturn|p1a: Delphox|Protect
|move|p2a: Basculegion|Last Respects|p1a: Delphox
|-activate|p1a: Delphox|move: Protect
|move|p2b: Archaludon|Electro Shot||[still]
|-prepare|p2b: Archaludon|Electro Shot
|-boost|p2b: Archaludon|spa|1
|-anim|p2b: Archaludon|Electro Shot|p1b: Sinistcha
|-resisted|p1b: Sinistcha|1
|-crit|p1b: Sinistcha
|-damage|p1b: Sinistcha|35/100
|
|-weather|none
|-heal|p2b: Archaludon|39/100|[from] item: Leftovers
|upkeep
|turn|6
|
|t:|1785874065
|switch|p2a: Pelipper|Pelipper, L50, F|38/100 slp
|-weather|RainDance|[from] ability: Drizzle|[of] p2a: Pelipper
|move|p2b: Archaludon|Protect|p2b: Archaludon
|-singleturn|p2b: Archaludon|Protect
|move|p1b: Sinistcha|Rage Powder|p1b: Sinistcha
|-singleturn|p1b: Sinistcha|move: Rage Powder
|move|p1a: Delphox|Heat Wave|p2a: Pelipper|[spread] p2a
|-activate|p2b: Archaludon|move: Protect
|-resisted|p2a: Pelipper|1
|-damage|p2a: Pelipper|13/100 slp
|
|-weather|RainDance|[upkeep]
|-heal|p2b: Archaludon|45/100|[from] item: Leftovers
|upkeep
|turn|7
|
|t:|1785874112
|switch|p1b: Sneasler|Sneasler, L50, M|100/100
|cant|p2a: Pelipper|slp
|move|p1a: Delphox|Psychic|p2b: Archaludon
|-resisted|p2b: Archaludon|1
|-damage|p2b: Archaludon|0 fnt
|faint|p2b: Archaludon
|
|-weather|RainDance|[upkeep]
|upkeep
|
|t:|1785874126
|switch|p2b: Basculegion|Basculegion, L50, M|100/100
|turn|8
|
|t:|1785874169
|switch|p1a: Sinistcha|Sinistcha, L50|35/100
|move|p2b: Basculegion|Wave Crash|p1a: Sinistcha
|-resisted|p1a: Sinistcha|1
|-damage|p1a: Sinistcha|0 fnt
|faint|p1a: Sinistcha
|-damage|p2b: Basculegion|89/100|[from] Recoil
|move|p1b: Sneasler|Dire Claw|p2a: Pelipper
|-damage|p2a: Pelipper|0 fnt
|faint|p2a: Pelipper
|
|-weather|RainDance|[upkeep]
|upkeep
|
|t:|1785874184
|switch|p2a: Charizard|Charizard, L50, M|63/100 slp
|switch|p1a: Delphox|Delphox-Mega, L50, F|71/100
|turn|9
|
|t:|1785874210
|move|p2b: Basculegion|Wave Crash|p1a: Delphox
|-supereffective|p1a: Delphox|1
|-damage|p1a: Delphox|0 fnt
|faint|p1a: Delphox
|-damage|p2b: Basculegion|69/100|[from] Recoil
|move|p1b: Sneasler|Dire Claw|p2b: Basculegion
|-resisted|p2b: Basculegion|1
|-damage|p2b: Basculegion|46/100
|-status|p2b: Basculegion|psn|[from] ability: Poison Touch|[of] p1b: Sneasler
|cant|p2a: Charizard|slp
|
|-weather|RainDance|[upkeep]
|-damage|p2b: Basculegion|33/100 psn|[from] psn
|upkeep
|turn|10
|
|t:|1785874237
|move|p2b: Basculegion|Wave Crash|p1b: Sneasler
|-enditem|p1b: Sneasler|Focus Sash
|-damage|p1b: Sneasler|1/100
|-damage|p2b: Basculegion|7/100 psn|[from] Recoil
|move|p1b: Sneasler|Dire Claw|p2a: Charizard
|-damage|p2a: Charizard|21/100 slp
|-fail|p2a: Charizard
|-curestatus|p2a: Charizard|slp|[msg]
|move|p2a: Charizard|Heat Wave|p1b: Sneasler
|-damage|p1b: Sneasler|0 fnt
|faint|p1b: Sneasler
|
|win|reshiee
|raw|jholloway1993's rating: 1287 → 1256(-31 for losing)
|raw|reshiee's rating: 1202 → 1233(+31 for winning)
|c|☆reshiee|gg this was close and this was a match up i was needing to play against
|c|☆reshiee|really welled play
|c|☆jholloway1993|GGs
