|j|☆zifisha
|j|☆luoking
|html|zifishaluoking    
|uhtml|bestof|Game 2 of a best-of-3
|t:|1785328472
|gametype|doubles
|player|p1|zifisha|265|
|player|p2|luoking|265|
|gen|9
|tier|[Gen 9 Champions] VGC 2026 Reg M-B (Bo3)
|rule|Species Clause: Limit one of each Pokémon
|rule|Item Clause: Limit 1 of each item
|clearpoke
|poke|p1|Raichu, L50, F, shiny|
|poke|p1|Staraptor, L50, M|
|poke|p1|Gholdengo, L50|
|poke|p1|Meowscarada, L50, F, shiny|
|poke|p1|Whimsicott, L50, F, shiny|
|poke|p1|Primarina, L50, F, shiny|
|poke|p2|Camerupt, L50, M|
|poke|p2|Sneasler, L50, M|
|poke|p2|Farigiraf, L50, F|
|poke|p2|Vanilluxe, L50, F|
|poke|p2|Kleavor, L50, M|
|poke|p2|Kingambit, L50, F|
|teampreview|4
|showteam|p1|Raichu||RaichuniteY|LightningRod|FakeOut,ZapCannon,FocusBlast,Protect|Timid||F|||50|]Staraptor||Staraptite|Intimidate|CloseCombat,BraveBird,Tailwind,Protect|Jolly||M|||50|]Gholdengo||FocusSash|GoodasGold|MakeItRain,NastyPlot,ShadowBall,PowerGem|Timid|||||50|]Meowscarada||LifeOrb|Protean|FlowerTrick,KnockOff,Protect,LowKick|Jolly||F|||50|]Whimsicott||OccaBerry|Prankster|Tailwind,Encore,Charm,Moonblast|Timid||F|||50|]Primarina||SitrusBerry|LiquidVoice|Protect,HyperVoice,DazzlingGleam,CalmMind|Modest||F|||50|
|showteam|p2|Camerupt||Cameruptite|SolidRock|AncientPower,HeatWave,EarthPower,Eruption|Quiet||M|||50|]Sneasler||IronBall|PoisonTouch|FakeOut,CloseCombat,DireClaw,Fling|Brave||M|||50|]Farigiraf||SitrusBerry|ArmorTail|Psychic,Thunderbolt,TrickRoom,Protect|Modest||F|||50|]Vanilluxe||NeverMeltIce|SnowWarning|FreezeDry,Blizzard,IceShard,Protect|Quiet||F|||50|]Kleavor||ChoiceScarf|Sharpness|StoneAxe,XScissor,CloseCombat,NightSlash|Adamant||M|||50|]Kingambit||LifeOrb|Defiant|SuckerPunch,IronHead,KowtowCleave,Protect|Brave||F|||50|
|
|t:|1785328492
|teamsize|p1|4
|teamsize|p2|4
|start
|switch|p1a: Gholdengo|Gholdengo, L50|100/100
|switch|p1b: Raichu|Raichu, L50, F, shiny|100/100
|switch|p2a: Kleavor|Kleavor, L50, M|100/100
|switch|p2b: Farigiraf|Farigiraf, L50, F|100/100
|turn|1
|
|t:|1785328508
|move|p1b: Raichu|Protect|p1b: Raichu
|-singleturn|p1b: Raichu|Protect
|move|p2b: Farigiraf|Protect|p2b: Farigiraf
|-singleturn|p2b: Farigiraf|Protect
|move|p2a: Kleavor|Stone Axe|p1a: Gholdengo|[miss]
|-miss|p2a: Kleavor|p1a: Gholdengo
|move|p1a: Gholdengo|Nasty Plot|p1a: Gholdengo
|-boost|p1a: Gholdengo|spa|2
|
|upkeep
|turn|2
|
|t:|1785328534
|switch|p1b: Meowscarada|Meowscarada, L50, F, shiny|100/100
|move|p2a: Kleavor|Stone Axe|p1b: Meowscarada
|-damage|p1b: Meowscarada|3/100
|-sidestart|p1: zifisha|move: Stealth Rock
|move|p1a: Gholdengo|Make It Rain|p2a: Kleavor|[spread] p2a,p2b
|-supereffective|p2a: Kleavor|1
|-damage|p2a: Kleavor|0 fnt
|-damage|p2b: Farigiraf|22/100
|-unboost|p1a: Gholdengo|spa|2
|-enditem|p2b: Farigiraf|Sitrus Berry|[eat]
|-heal|p2b: Farigiraf|47/100|[from] item: Sitrus Berry
|faint|p2a: Kleavor
|move|p2b: Farigiraf|Trick Room|p2b: Farigiraf
|-fieldstart|move: Trick Room|[of] p2b: Farigiraf
|
|upkeep
|
|t:|1785328551
|switch|p2a: Camerupt|Camerupt, L50, M|100/100
|turn|3
|
|t:|1785328586
|switch|p2b: Sneasler|Sneasler, L50, M|100/100
|detailschange|p2a: Camerupt|Camerupt-Mega, L50, M
|-mega|p2a: Camerupt|Camerupt|Cameruptite
|move|p2a: Camerupt|Eruption|p1a: Gholdengo|[spread] p1a,p1b
|-supereffective|p1a: Gholdengo|1
|-supereffective|p1b: Meowscarada|1
|-enditem|p1a: Gholdengo|Focus Sash
|-damage|p1a: Gholdengo|1/100
|-damage|p1b: Meowscarada|0 fnt
|faint|p1b: Meowscarada
|move|p1a: Gholdengo|Power Gem|p2a: Camerupt
|-damage|p2a: Camerupt|72/100
|
|upkeep
|
|t:|1785328605
|switch|p1b: Primarina|Primarina, L50, F, shiny|100/100
|-damage|p1b: Primarina|87/100|[from] Stealth Rock
|turn|4
|
|t:|1785328617
|move|p1b: Primarina|Protect|p1b: Primarina
|-singleturn|p1b: Primarina|Protect
|move|p2a: Camerupt|Heat Wave|p1b: Primarina|[spread] p1a
|-activate|p1b: Primarina|move: Protect
|-supereffective|p1a: Gholdengo|1
|-damage|p1a: Gholdengo|0 fnt
|faint|p1a: Gholdengo
|move|p2b: Sneasler|Dire Claw|p1b: Primarina
|-activate|p1b: Primarina|move: Protect
|
|upkeep
|
|t:|1785328621
|switch|p1a: Raichu|Raichu, L50, F, shiny|100/100
|-damage|p1a: Raichu|87/100|[from] Stealth Rock
|turn|5
|
|t:|1785328663
|switch|p2b: Farigiraf|Farigiraf, L50, F|47/100
|move|p1a: Raichu|Fake Out||[still]
|cant|p2b: Farigiraf|ability: Armor Tail|Fake Out|[of] p1a: Raichu
|move|p2a: Camerupt|Earth Power|p1a: Raichu
|-supereffective|p1a: Raichu|1
|-crit|p1a: Raichu
|-damage|p1a: Raichu|0 fnt
|faint|p1a: Raichu
|move|p1b: Primarina|Hyper Voice|p2a: Camerupt|[spread] p2a,p2b
|-supereffective|p2a: Camerupt|2
|-damage|p2a: Camerupt|0 fnt
|-damage|p2b: Farigiraf|16/100
|faint|p2a: Camerupt
|
|upkeep
|
|t:|1785328675
|switch|p2a: Sneasler|Sneasler, L50, M|100/100
|turn|6
|
|t:|1785328683
|move|p1b: Primarina|Protect|p1b: Primarina
|-singleturn|p1b: Primarina|Protect
|move|p2a: Sneasler|Fake Out|p1b: Primarina
|-activate|p1b: Primarina|move: Protect
|move|p2b: Farigiraf|Thunderbolt|p1b: Primarina
|-activate|p1b: Primarina|move: Protect
|
|-fieldend|move: Trick Room
|upkeep
|turn|7
|
|t:|1785328694
|move|p1b: Primarina|Hyper Voice|p2a: Sneasler|[spread] p2a,p2b
|-damage|p2a: Sneasler|53/100
|-damage|p2b: Farigiraf|0 fnt
|faint|p2b: Farigiraf
|move|p2a: Sneasler|Dire Claw|p1b: Primarina
|-supereffective|p1b: Primarina|1
|-damage|p1b: Primarina|0 fnt
|faint|p1b: Primarina
|
|win|luoking
|l|☆luoking
|player|p2|
|j|☆luoking
|player|p2|luoking|265|
