|j|☆latios66
|j|☆HopsVGC
|html|latios66HopsVGC    
|uhtml|bestof|Game 2 of a best-of-3
|t:|1784742435
|gametype|doubles
|player|p1|latios66|266|
|player|p2|HopsVGC|1|
|gen|9
|tier|[Gen 9 Champions] VGC 2026 Reg M-B (Bo3)
|rule|Species Clause: Limit one of each Pokémon
|rule|Item Clause: Limit 1 of each item
|clearpoke
|poke|p1|Ninetales-Alola, L50, M|
|poke|p1|Skeledirge, L50, F, shiny|
|poke|p1|Kingambit, L50, M|
|poke|p1|Aerodactyl, L50, M, shiny|
|poke|p1|Sneasler, L50, M|
|poke|p1|Basculegion, L50, M|
|poke|p2|Venusaur, L50, F, shiny|
|poke|p2|Grimmsnarl, L50, M, shiny|
|poke|p2|Pelipper, L50, M, shiny|
|poke|p2|Archaludon, L50, F, shiny|
|poke|p2|Basculegion, L50, M, shiny|
|poke|p2|Sinistcha, L50|
|teampreview|4
|showteam|p1|Ninetales-Alola||LightClay|SnowWarning|Blizzard,AuroraVeil,FreezeDry,Protect|Timid||M|||50|]Skeledirge||Leftovers|Unaware|TorchSong,EarthPower,WillOWisp,SlackOff|Calm||F|||50|]Kingambit||BlackGlasses|Defiant|KowtowCleave,SuckerPunch,SwordsDance,Protect|Adamant||M|||50|]Aerodactyl||Aerodactylite|Unnerve|Tailwind,IceFang,RockSlide,DualWingbeat|Jolly||M|||50|]Sneasler||FocusSash|PoisonTouch|FakeOut,DireClaw,CloseCombat,QuickGuard|Jolly||M|||50|]Basculegion||LifeOrb|Adaptability|WaveCrash,LastRespects,Protect,AquaJet|Adamant||M|||50|
|showteam|p2|Venusaur||Venusaurite|Chlorophyll|SludgeBomb,EarthPower,LeechSeed,Protect|Modest||F|||50|]Grimmsnarl||LightClay|Prankster|SpiritBreak,Reflect,LightScreen,PartingShot|Impish||M|||50|]Pelipper||FocusSash|Drizzle|WeatherBall,Hurricane,Tailwind,Protect|Timid||M|||50|]Archaludon||Leftovers|Stamina|ElectroShot,AuraSphere,FlashCannon,Protect|Modest||F|||50|]Basculegion||ChoiceScarf|Adaptability|WaveCrash,FlipTurn,AquaJet,LastRespects|Adamant||M|||50|]Sinistcha||SitrusBerry|Hospitality|MatchaGotcha,RagePowder,TrickRoom,LifeDew|Relaxed|||||50|
|
|t:|1784742476
|teamsize|p1|4
|teamsize|p2|4
|start
|switch|p1a: Ninetales|Ninetales-Alola, L50, M|100/100
|switch|p1b: Sneasler|Sneasler, L50, M|100/100
|switch|p2a: Aperoludon|Archaludon, L50, F, shiny|100/100
|switch|p2b: Lalmagnis|Basculegion, L50, M, shiny|100/100
|-weather|Snowscape|[from] ability: Snow Warning|[of] p1a: Ninetales
|turn|1
|
|t:|1784742503
|switch|p2a: Guinesstcha|Sinistcha, L50|100/100
|move|p2b: Lalmagnis|Flip Turn|p1b: Sneasler
|-damage|p1b: Sneasler|30/100
|
|t:|1784742509
|switch|p2b: Aperoludon|Archaludon, L50, F, shiny|100/100|[from] Flip Turn
|move|p1b: Sneasler|Close Combat|p2a: Guinesstcha
|-immune|p2a: Guinesstcha
|move|p1a: Ninetales|Freeze-Dry|p2b: Aperoludon
|-damage|p2b: Aperoludon|74/100
|-ability|p2b: Aperoludon|Stamina|boost
|-boost|p2b: Aperoludon|def|1
|
|-weather|Snowscape|[upkeep]
|-heal|p2b: Aperoludon|80/100|[from] item: Leftovers
|upkeep
|turn|2
|
|t:|1784742552
|move|p2a: Guinesstcha|Rage Powder|p2a: Guinesstcha
|-singleturn|p2a: Guinesstcha|move: Rage Powder
|move|p1b: Sneasler|Dire Claw|p2a: Guinesstcha
|-damage|p2a: Guinesstcha|64/100
|-status|p2a: Guinesstcha|psn|[from] ability: Poison Touch|[of] p1b: Sneasler
|move|p1a: Ninetales|Blizzard|p2a: Guinesstcha|[spread] p2a,p2b
|-supereffective|p2a: Guinesstcha|1
|-damage|p2a: Guinesstcha|3/100 psn
|-damage|p2b: Aperoludon|49/100
|-status|p2b: Aperoludon|frz
|-ability|p2b: Aperoludon|Stamina|boost
|-boost|p2b: Aperoludon|def|1
|-enditem|p2a: Guinesstcha|Sitrus Berry|[eat]
|-heal|p2a: Guinesstcha|28/100 psn|[from] item: Sitrus Berry
|cant|p2b: Aperoludon|frz
|
|-weather|Snowscape|[upkeep]
|-heal|p2b: Aperoludon|54/100 frz|[from] item: Leftovers
|-damage|p2a: Guinesstcha|16/100 psn|[from] psn
|upkeep
|turn|3
|
|t:|1784742575
|switch|p2a: Kai-Pelipper|Pelipper, L50, M, shiny|100/100
|-weather|RainDance|[from] ability: Drizzle|[of] p2a: Kai-Pelipper
|cant|p2b: Aperoludon|frz
|move|p1b: Sneasler|Dire Claw|p2a: Kai-Pelipper
|-damage|p2a: Kai-Pelipper|42/100
|move|p1a: Ninetales|Blizzard|p2b: Aperoludon|[spread] p2a,p2b
|-damage|p2a: Kai-Pelipper|0 fnt
|-damage|p2b: Aperoludon|23/100 frz
|-ability|p2b: Aperoludon|Stamina|boost
|-boost|p2b: Aperoludon|def|1
|faint|p2a: Kai-Pelipper
|
|-weather|RainDance|[upkeep]
|-heal|p2b: Aperoludon|29/100 frz|[from] item: Leftovers
|upkeep
|
|t:|1784742586
|switch|p2a: Guinesstcha|Sinistcha, L50|16/100 psn
|-heal|p2b: Aperoludon|53/100 frz|[from] ability: Hospitality|[of] p2a: Guinesstcha
|turn|4
|
|t:|1784742592
|move|p1b: Sneasler|Dire Claw|p2a: Guinesstcha
|-damage|p2a: Guinesstcha|0 fnt
|faint|p2a: Guinesstcha
|move|p1a: Ninetales|Blizzard|p2b: Aperoludon|[miss]
|-miss|p1a: Ninetales|p2b: Aperoludon
|-curestatus|p2b: Aperoludon|frz|[msg]
|move|p2b: Aperoludon|Flash Cannon|p1b: Sneasler
|-damage|p1b: Sneasler|0 fnt
|faint|p1b: Sneasler
|
|-weather|RainDance|[upkeep]
|-heal|p2b: Aperoludon|59/100|[from] item: Leftovers
|upkeep
|
|t:|1784742606
|switch|p1b: Basculegion|Basculegion, L50, M|100/100
|switch|p2a: Lalmagnis|Basculegion, L50, M, shiny|100/100
|turn|5
|
|t:|1784742615
|move|p1b: Basculegion|Protect|p1b: Basculegion
|-singleturn|p1b: Basculegion|Protect
|move|p2a: Lalmagnis|Last Respects|p1b: Basculegion
|-activate|p1b: Basculegion|move: Protect
|move|p1a: Ninetales|Freeze-Dry|p2a: Lalmagnis
|-supereffective|p2a: Lalmagnis|1
|-damage|p2a: Lalmagnis|35/100
|move|p2b: Aperoludon|Flash Cannon|p1a: Ninetales
|-supereffective|p1a: Ninetales|2
|-damage|p1a: Ninetales|0 fnt
|faint|p1a: Ninetales
|
|-weather|RainDance|[upkeep]
|-heal|p2b: Aperoludon|65/100|[from] item: Leftovers
|upkeep
|
|t:|1784742627
|switch|p1a: Kingambit|Kingambit, L50, M|100/100
|turn|6
|
|t:|1784742632
|move|p1a: Kingambit|Sucker Punch|p2a: Lalmagnis
|-supereffective|p2a: Lalmagnis|1
|-damage|p2a: Lalmagnis|0 fnt
|faint|p2a: Lalmagnis
|move|p1b: Basculegion|Last Respects|p2b: Aperoludon
|-damage|p2b: Aperoludon|26/100
|-ability|p2b: Aperoludon|Stamina|boost
|-boost|p2b: Aperoludon|def|1
|-damage|p1b: Basculegion|90/100|[from] item: Life Orb
|move|p2b: Aperoludon|Electro Shot||[still]
|-prepare|p2b: Aperoludon|Electro Shot
|-boost|p2b: Aperoludon|spa|1
|-anim|p2b: Aperoludon|Electro Shot|p1b: Basculegion
|-supereffective|p1b: Basculegion|1
|-damage|p1b: Basculegion|0 fnt
|faint|p1b: Basculegion
|
|-weather|RainDance|[upkeep]
|-heal|p2b: Aperoludon|31/100|[from] item: Leftovers
|upkeep
|turn|7
|
|t:|1784742669
|move|p2b: Aperoludon|Aura Sphere|p1a: Kingambit
|-supereffective|p1a: Kingambit|2
|-damage|p1a: Kingambit|0 fnt
|faint|p1a: Kingambit
|
|win|HopsVGC
