|j|☆theson1909
|j|☆Chelicerate1
|html|theson1909Chelicerate1    
|uhtml|bestof|Game 3 of a best-of-3
|t:|1784528563
|gametype|doubles
|player|p1|theson1909|1|1359
|player|p2|Chelicerate1|ethan|1378
|gen|9
|tier|[Gen 9 Champions] VGC 2026 Reg M-B (Bo3)
|rated|
|rule|Species Clause: Limit one of each Pokémon
|rule|Item Clause: Limit 1 of each item
|clearpoke
|poke|p1|Charizard, L50, M|
|poke|p1|Grimmsnarl, L50, M|
|poke|p1|Pelipper, L50, F|
|poke|p1|Archaludon, L50, M|
|poke|p1|Basculegion, L50, M|
|poke|p1|Venusaur, L50, M|
|poke|p2|Metagross, L50|
|poke|p2|Incineroar, L50, M|
|poke|p2|Sinistcha, L50|
|poke|p2|Tyranitar, L50, F|
|poke|p2|Excadrill, L50, F|
|poke|p2|Dragonite, L50, M|
|teampreview|4
|showteam|p1|Charizard||CharizarditeY|Blaze|HeatWave,WeatherBall,SolarBeam,Protect|Modest||M|||50|]Grimmsnarl||LightClay|Prankster|SpiritBreak,Reflect,LightScreen,PartingShot|Sassy||M|||50|]Pelipper||SitrusBerry|Drizzle|WeatherBall,Hurricane,Tailwind,Protect|Modest||F|||50|]Archaludon||Leftovers|Stamina|FlashCannon,DragonPulse,ElectroShot,Protect|Calm||M|||50|]Basculegion||ChoiceScarf|Adaptability|WaveCrash,AquaJet,LastRespects,FlipTurn|Jolly||M|||50|]Venusaur||FocusSash|Chlorophyll|SludgeBomb,EarthPower,SleepPowder,Protect|Modest||M|||50|
|showteam|p2|Metagross||Metagrossite|ClearBody|PsychicFangs,BodyPress,CosmicPower,Rest|Impish|||||50|]Incineroar||SitrusBerry|Intimidate|FlareBlitz,DarkestLariat,PartingShot,FakeOut|Careful||M|||50|]Sinistcha||KasibBerry|Hospitality|MatchaGotcha,RagePowder,TrickRoom,Protect|Bold|||||50|]Tyranitar||ChoiceScarf|SandStream|RockSlide,KnockOff,IcePunch,LowKick|Jolly||F|||50|]Excadrill||FocusSash|SandRush|Earthquake,IronHead,RockSlide,Protect|Adamant||F|||50|]Dragonite||Dragoninite|Multiscale|DragonPulse,HeatWave,Tailwind,Protect|Modest||M|||50|
|inactive|Battle timer is ON: inactive players will automatically lose when time's up. (requested by Chelicerate1)
|inactive|Chelicerate1 has 60 seconds left.
|
|t:|1784528609
|teamsize|p1|4
|teamsize|p2|4
|start
|switch|p1a: Charizard|Charizard, L50, M|100/100
|switch|p1b: Pelipper|Pelipper, L50, F|100/100
|switch|p2a: Metagross|Metagross, L50|100/100
|switch|p2b: Incineroar|Incineroar, L50, M|100/100
|-ability|p2b: Incineroar|Intimidate|boost
|-unboost|p1a: Charizard|atk|1
|-unboost|p1b: Pelipper|atk|1
|-weather|RainDance|[from] ability: Drizzle|[of] p1b: Pelipper
|turn|1
|
|t:|1784528631
|detailschange|p1a: Charizard|Charizard-Mega-Y, L50, M
|-mega|p1a: Charizard|Charizard|Charizardite Y
|-weather|SunnyDay|[from] ability: Drought|[of] p1a: Charizard
|detailschange|p2a: Metagross|Metagross-Mega, L50
|-mega|p2a: Metagross|Metagross|Metagrossite
|move|p2b: Incineroar|Fake Out|p1a: Charizard
|-damage|p1a: Charizard|88/100
|move|p2a: Metagross|Cosmic Power|p2a: Metagross
|-boost|p2a: Metagross|def|1
|-boost|p2a: Metagross|spd|1
|cant|p1a: Charizard|flinch
|move|p1b: Pelipper|Tailwind|p1b: Pelipper
|-sidestart|p1: theson1909|move: Tailwind
|
|-weather|SunnyDay|[upkeep]
|upkeep
|turn|2
|
|t:|1784528650
|switch|p1b: Basculegion|Basculegion, L50, M|100/100
|switch|p2b: Tyranitar|Tyranitar, L50, F|100/100
|-weather|Sandstorm|[from] ability: Sand Stream|[of] p2b: Tyranitar
|move|p1a: Charizard|Heat Wave|p2a: Metagross|[spread] p2a,p2b
|-supereffective|p2a: Metagross|1
|-resisted|p2b: Tyranitar|1
|-damage|p2a: Metagross|50/100g
|-damage|p2b: Tyranitar|86/100
|move|p2a: Metagross|Cosmic Power|p2a: Metagross
|-boost|p2a: Metagross|def|1
|-boost|p2a: Metagross|spd|1
|
|-weather|Sandstorm|[upkeep]
|-damage|p1b: Basculegion|93/100|[from] Sandstorm
|-damage|p1a: Charizard|82/100|[from] Sandstorm
|upkeep
|turn|3
|inactive|theson1909 has 30 seconds left.
|inactive|Chelicerate1 has 30 seconds left.
|
|t:|1784528681
|switch|p2b: Incineroar|Incineroar, L50, M|100/100
|-ability|p2b: Incineroar|Intimidate|boost
|-unboost|p1a: Charizard|atk|1
|-unboost|p1b: Basculegion|atk|1
|move|p1b: Basculegion|Wave Crash|p2a: Metagross
|-damage|p2a: Metagross|35/100
|-damage|p1b: Basculegion|89/100|[from] Recoil
|move|p1a: Charizard|Heat Wave|p2a: Metagross|[spread] p2a,p2b
|-supereffective|p2a: Metagross|1
|-resisted|p2b: Incineroar|1
|-damage|p2a: Metagross|0 fnt
|-damage|p2b: Incineroar|83/100
|faint|p2a: Metagross
|
|-weather|Sandstorm|[upkeep]
|-damage|p1b: Basculegion|83/100|[from] Sandstorm
|-damage|p1a: Charizard|76/100|[from] Sandstorm
|-damage|p2b: Incineroar|77/100|[from] Sandstorm
|upkeep
|
|t:|1784528699
|switch|p2a: Excadrill|Excadrill, L50, F|100/100
|turn|4
|
|t:|1784528718
|move|p1a: Charizard|Protect|p1a: Charizard
|-singleturn|p1a: Charizard|Protect
|move|p1b: Basculegion|Wave Crash|p2a: Excadrill
|-supereffective|p2a: Excadrill|1
|-enditem|p2a: Excadrill|Focus Sash
|-damage|p2a: Excadrill|1/100
|-damage|p1b: Basculegion|51/100|[from] Recoil
|move|p2a: Excadrill|Rock Slide|p1a: Charizard|[spread] p1b
|-activate|p1a: Charizard|move: Protect
|-damage|p1b: Basculegion|25/100
|move|p2b: Incineroar|Darkest Lariat|p1b: Basculegion
|-supereffective|p1b: Basculegion|1
|-damage|p1b: Basculegion|0 fnt
|faint|p1b: Basculegion
|
|-weather|Sandstorm|[upkeep]
|-damage|p1a: Charizard|70/100|[from] Sandstorm
|-damage|p2b: Incineroar|71/100|[from] Sandstorm
|-sideend|p1: theson1909|move: Tailwind
|upkeep
|
|t:|1784528735
|switch|p1b: Pelipper|Pelipper, L50, F|100/100
|-weather|RainDance|[from] ability: Drizzle|[of] p1b: Pelipper
|turn|5
|
|t:|1784528749
|switch|p1a: Venusaur|Venusaur, L50, M|100/100
|switch|p2b: Tyranitar|Tyranitar, L50, F|86/100
|-weather|Sandstorm|[from] ability: Sand Stream|[of] p2b: Tyranitar
|move|p1b: Pelipper|Protect|p1b: Pelipper
|-singleturn|p1b: Pelipper|Protect
|move|p2a: Excadrill|Rock Slide|p1b: Pelipper|[spread] p1a
|-activate|p1b: Pelipper|move: Protect
|-damage|p1a: Venusaur|69/100
|
|-weather|Sandstorm|[upkeep]
|-damage|p1a: Venusaur|63/100|[from] Sandstorm
|-damage|p1b: Pelipper|93/100|[from] Sandstorm
|upkeep
|turn|6
|inactive|theson1909 has 30 seconds left.
|
|t:|1784528783
|switch|p2b: Incineroar|Incineroar, L50, M|71/100
|-ability|p2b: Incineroar|Intimidate|boost
|-unboost|p1a: Venusaur|atk|1
|-unboost|p1b: Pelipper|atk|1
|switch|p1b: Charizard|Charizard-Mega-Y, L50, M|70/100
|-weather|SunnyDay|[from] ability: Drought|[of] p1b: Charizard
|move|p2a: Excadrill|Protect|p2a: Excadrill
|-singleturn|p2a: Excadrill|Protect
|move|p1a: Venusaur|Sleep Powder|p2b: Incineroar
|-status|p2b: Incineroar|slp|[from] move: Sleep Powder
|
|-weather|SunnyDay|[upkeep]
|upkeep
|turn|7
|inactive|Chelicerate1 has 30 seconds left.
|
|t:|1784528808
|switch|p2b: Tyranitar|Tyranitar, L50, F|86/100
|-weather|Sandstorm|[from] ability: Sand Stream|[of] p2b: Tyranitar
|move|p2a: Excadrill|Rock Slide|p1b: Charizard|[spread] p1a,p1b
|-supereffective|p1b: Charizard|2
|-damage|p1a: Venusaur|35/100
|-damage|p1b: Charizard|0 fnt
|faint|p1b: Charizard
|cant|p1a: Venusaur|flinch
|
|-weather|Sandstorm|[upkeep]
|-damage|p1a: Venusaur|29/100|[from] Sandstorm
|upkeep
|
|t:|1784528812
|switch|p1b: Pelipper|Pelipper, L50, F|93/100
|-weather|RainDance|[from] ability: Drizzle|[of] p1b: Pelipper
|turn|8
|
|t:|1784528828
|switch|p2b: Incineroar|Incineroar, L50, M|71/100 slp
|-ability|p2b: Incineroar|Intimidate|boost
|-unboost|p1a: Venusaur|atk|1
|-unboost|p1b: Pelipper|atk|1
|move|p2a: Excadrill|Protect|p2a: Excadrill
|-singleturn|p2a: Excadrill|Protect
|move|p1a: Venusaur|Earth Power|p2a: Excadrill
|-activate|p2a: Excadrill|move: Protect
|move|p1b: Pelipper|Weather Ball|p2b: Incineroar
|-supereffective|p2b: Incineroar|1
|-damage|p2b: Incineroar|0 fnt
|faint|p2b: Incineroar
|
|-weather|RainDance|[upkeep]
|upkeep
|
|t:|1784528843
|switch|p2b: Tyranitar|Tyranitar, L50, F|86/100
|-weather|Sandstorm|[from] ability: Sand Stream|[of] p2b: Tyranitar
|turn|9
|inactive|Chelicerate1 has 30 seconds left.
|c|☆theson1909|can u just forfeit bro
|inactive|Chelicerate1 has 20 seconds left.
|
|t:|1784528879
|move|p1a: Venusaur|Protect|p1a: Venusaur
|-singleturn|p1a: Venusaur|Protect
|move|p2a: Excadrill|Iron Head|p1a: Venusaur
|-activate|p1a: Venusaur|move: Protect
|move|p2b: Tyranitar|Rock Slide|p1b: Pelipper|[spread] p1b
|-activate|p1a: Venusaur|move: Protect
|-supereffective|p1b: Pelipper|1
|-damage|p1b: Pelipper|36/100
|-enditem|p1b: Pelipper|Sitrus Berry|[eat]
|-heal|p1b: Pelipper|60/100|[from] item: Sitrus Berry
|cant|p1b: Pelipper|flinch
|
|-weather|Sandstorm|[upkeep]
|-damage|p1a: Venusaur|23/100|[from] Sandstorm
|-damage|p1b: Pelipper|54/100|[from] Sandstorm
|upkeep
|turn|10
|inactive|Chelicerate1 has 30 seconds left.
|
|t:|1784528907
|move|p1a: Venusaur|Protect||[still]
|-fail|p1a: Venusaur
|move|p2a: Excadrill|Rock Slide|p1b: Pelipper|[spread] p1b
|-miss|p2a: Excadrill|p1a: Venusaur
|-supereffective|p1b: Pelipper|1
|-damage|p1b: Pelipper|13/100
|move|p2b: Tyranitar|Rock Slide|p1b: Pelipper|[spread] p1a,p1b
|-supereffective|p1b: Pelipper|1
|-damage|p1a: Venusaur|0 fnt
|-damage|p1b: Pelipper|0 fnt
|faint|p1a: Venusaur
|faint|p1b: Pelipper
|
|win|Chelicerate1
|raw|theson1909's rating: 1359 → 1340(-19 for losing)
|raw|Chelicerate1's rating: 1378 → 1397(+19 for winning)
|l|☆theson1909
|player|p1|
