|j|☆DragonDanceKyuremB
|j|☆TicklemyStaraptor
|html|DragonDanceKyuremBTicklemyStaraptor    
|uhtml|bestof|Game 2 of a best-of-3
|t:|1784578465
|gametype|doubles
|player|p1|DragonDanceKyuremB|hilbert-wonderlauncher|1000
|player|p2|TicklemyStaraptor|sisandbro|1034
|gen|9
|tier|[Gen 9 Champions] VGC 2026 Reg M-B (Bo3)
|rated|
|rule|Species Clause: Limit one of each Pokémon
|rule|Item Clause: Limit 1 of each item
|clearpoke
|poke|p1|Tyranitar, L50, F, shiny|
|poke|p1|Sinistcha-Masterpiece, L50, shiny|
|poke|p1|Sneasler, L50, F, shiny|
|poke|p1|Whimsicott, L50, F|
|poke|p1|Excadrill, L50, F|
|poke|p1|Armarouge, L50, F, shiny|
|poke|p2|Aerodactyl, L50, F|
|poke|p2|Alakazam, L50, M|
|poke|p2|Arcanine, L50, F, shiny|
|poke|p2|Aegislash, L50, M, shiny|
|poke|p2|Sinistcha, L50|
|poke|p2|Espeon, L50, F, shiny|
|teampreview|4
|showteam|p1|Tyranitar||Tyranitarite|SandStream|DragonDance,Crunch,RockSlide,Protect|Careful||F|||50|]Sinistcha-Masterpiece||SitrusBerry|Hospitality|StrengthSap,MatchaGotcha,RagePowder,Protect|Bold|||||50|]Sneasler||LifeOrb|PoisonTouch|DireClaw,FakeOut,CloseCombat,Uturn|Jolly||F|||50|]Whimsicott||FocusSash|Prankster|Encore,Taunt,Tailwind,Moonblast|Timid||F|||50|]Excadrill||ChopleBerry|SandRush|DrillRun,IronHead,RockSlide,Protect|Adamant||F|||50|]Armarouge||ShucaBerry|FlashFire|ArmorCannon,EnergyBall,Psychic,Protect|Modest||F|||50|
|showteam|p2|Aerodactyl||Aerodactylite|RockHead|RockSlide,Tailwind,DualWingbeat,Taunt|Jolly||F|||50|]Alakazam||Alakazite|InnerFocus|ExpandingForce,DazzlingGleam,ShadowBall,Protect|Timid||M|||50|]Arcanine||SitrusBerry|Intimidate|Howl,FlareBlitz,Protect,PlayRough|Adamant||F|||50|]Aegislash||Leftovers|StanceChange|KingsShield,GyroBall,IronHead,Poltergeist|Brave||M|||50|]Sinistcha||OccaBerry|Hospitality|TrickRoom,RagePowder,StrengthSap,MatchaGotcha|Relaxed|||||50|]Espeon||FocusSash|MagicBounce|PsychicTerrain,ExpandingForce,Protect,DazzlingGleam|Timid||F|||50|
|inactive|Battle timer is ON: inactive players will automatically lose when time's up. (requested by DragonDanceKyuremB)
|inactive|DragonDanceKyuremB has 60 seconds left.
|
|t:|1784578500
|teamsize|p1|4
|teamsize|p2|4
|start
|switch|p1a: Whimsicott|Whimsicott, L50, F|100/100
|switch|p1b: Armarouge|Armarouge, L50, F, shiny|100/100
|switch|p2a: Aerodactyl|Aerodactyl, L50, F|100/100
|switch|p2b: Aegislash|Aegislash, L50, M, shiny|100/100
|turn|1
|
|t:|1784578514
|detailschange|p2a: Aerodactyl|Aerodactyl-Mega, L50, F
|-mega|p2a: Aerodactyl|Aerodactyl|Aerodactylite
|move|p1a: Whimsicott|Taunt|p2a: Aerodactyl
|-start|p2a: Aerodactyl|move: Taunt
|move|p2a: Aerodactyl|Rock Slide|p1b: Armarouge|[spread] p1a,p1b
|-supereffective|p1b: Armarouge|1
|-damage|p1a: Whimsicott|64/100
|-damage|p1b: Armarouge|31/100
|move|p1b: Armarouge|Psychic|p2a: Aerodactyl
|-damage|p2a: Aerodactyl|38/100
|-formechange|p2b: Aegislash|Aegislash-Blade|
|move|p2b: Aegislash|Iron Head|p1a: Whimsicott
|-supereffective|p1a: Whimsicott|1
|-damage|p1a: Whimsicott|0 fnt
|faint|p1a: Whimsicott
|
|upkeep
|
|t:|1784578529
|switch|p1a: Tyranitar|Tyranitar, L50, F, shiny|100/100
|-weather|Sandstorm|[from] ability: Sand Stream|[of] p1a: Tyranitar
|turn|2
|
|t:|1784578547
|switch|p2a: Arcanine|Arcanine, L50, F, shiny|100/100
|-ability|p2a: Arcanine|Intimidate|boost
|-unboost|p1a: Tyranitar|atk|1
|-unboost|p1b: Armarouge|atk|1
|detailschange|p1a: Tyranitar|Tyranitar-Mega, L50, F, shiny
|-mega|p1a: Tyranitar|Tyranitar|Tyranitarite
|-formechange|p2b: Aegislash|Aegislash|
|move|p2b: Aegislash|King's Shield|p2b: Aegislash
|-singleturn|p2b: Aegislash|Protect
|move|p1b: Armarouge|Armor Cannon|p2b: Aegislash
|-activate|p2b: Aegislash|move: Protect
|move|p1a: Tyranitar|Rock Slide|p2b: Aegislash|[spread] p2a
|-activate|p2b: Aegislash|move: Protect
|-supereffective|p2a: Arcanine|1
|-damage|p2a: Arcanine|48/100
|-enditem|p2a: Arcanine|Sitrus Berry|[eat]
|-heal|p2a: Arcanine|73/100|[from] item: Sitrus Berry
|
|-weather|Sandstorm|[upkeep]
|-damage|p2a: Arcanine|67/100|[from] Sandstorm
|-damage|p1b: Armarouge|25/100|[from] Sandstorm
|upkeep
|turn|3
|inactive|DragonDanceKyuremB has 30 seconds left.
|
|t:|1784578574
|switch|p1a: Excadrill|Excadrill, L50, F|100/100
|move|p2a: Arcanine|Howl|p2a: Arcanine|[spread] p2a,p2b
|-boost|p2a: Arcanine|atk|1
|-boost|p2b: Aegislash|atk|1
|move|p1b: Armarouge|Armor Cannon|p2b: Aegislash
|-supereffective|p2b: Aegislash|1
|-damage|p2b: Aegislash|0 fnt
|-unboost|p1b: Armarouge|def|1
|-unboost|p1b: Armarouge|spd|1
|faint|p2b: Aegislash
|
|-weather|Sandstorm|[upkeep]
|-damage|p2a: Arcanine|60/100|[from] Sandstorm
|-damage|p1b: Armarouge|19/100|[from] Sandstorm
|upkeep
|
|t:|1784578588
|switch|p2b: Sinistcha|Sinistcha, L50|100/100
|-heal|p2a: Arcanine|85/100|[from] ability: Hospitality|[of] p2b: Sinistcha
|turn|4
|
|t:|1784578599
|move|p1a: Excadrill|Rock Slide|p2a: Arcanine|[spread] p2a
|-miss|p1a: Excadrill|p2b: Sinistcha
|-supereffective|p2a: Arcanine|1
|-damage|p2a: Arcanine|43/100
|move|p2a: Arcanine|Flare Blitz|p1a: Excadrill
|-supereffective|p1a: Excadrill|1
|-damage|p1a: Excadrill|0 fnt
|faint|p1a: Excadrill
|-damage|p2a: Arcanine|6/100|[from] Recoil
|move|p1b: Armarouge|Armor Cannon|p2b: Sinistcha
|-supereffective|p2b: Sinistcha|1
|-enditem|p2b: Sinistcha|Occa Berry|[eat]
|-enditem|p2b: Sinistcha|Occa Berry|[weaken]
|-damage|p2b: Sinistcha|44/100
|-unboost|p1b: Armarouge|def|1
|-unboost|p1b: Armarouge|spd|1
|move|p2b: Sinistcha|Matcha Gotcha|p1b: Armarouge
|-resisted|p1b: Armarouge|1
|-damage|p1b: Armarouge|0 fnt
|-heal|p2b: Sinistcha|53/100|[from] drain|[of] p1b: Armarouge
|faint|p1b: Armarouge
|
|-weather|Sandstorm|[upkeep]
|-damage|p2a: Arcanine|1/100|[from] Sandstorm
|-damage|p2b: Sinistcha|47/100|[from] Sandstorm
|upkeep
|
|t:|1784578622
|switch|p1b: Tyranitar|Tyranitar-Mega, L50, F, shiny|100/100
|turn|5
|
|t:|1784578633
|move|p1b: Tyranitar|Protect|p1b: Tyranitar
|-singleturn|p1b: Tyranitar|Protect
|move|p2a: Arcanine|Play Rough|p1b: Tyranitar
|-activate|p1b: Tyranitar|move: Protect
|move|p2b: Sinistcha|Strength Sap|p1b: Tyranitar
|-activate|p1b: Tyranitar|move: Protect
|
|-weather|Sandstorm|[upkeep]
|-damage|p2a: Arcanine|0 fnt|[from] Sandstorm
|-damage|p2b: Sinistcha|41/100|[from] Sandstorm
|faint|p2a: Arcanine
|upkeep
|
|t:|1784578634
|switch|p2a: Aerodactyl|Aerodactyl-Mega, L50, F|38/100
|turn|6
|
|t:|1784578646
|move|p2a: Aerodactyl|Tailwind|p2a: Aerodactyl
|-sidestart|p2: TicklemyStaraptor|move: Tailwind
|move|p2b: Sinistcha|Strength Sap|p1b: Tyranitar
|-unboost|p1b: Tyranitar|atk|1
|-heal|p2b: Sinistcha|100/100
|move|p1b: Tyranitar|Dragon Dance|p1b: Tyranitar
|-boost|p1b: Tyranitar|atk|1
|-boost|p1b: Tyranitar|spe|1
|
|-weather|none
|upkeep
|turn|7
|
|t:|1784578661
|move|p2a: Aerodactyl|Taunt|p1b: Tyranitar
|-start|p1b: Tyranitar|move: Taunt
|move|p2b: Sinistcha|Matcha Gotcha|p1b: Tyranitar
|-supereffective|p1b: Tyranitar|1
|-damage|p1b: Tyranitar|58/100
|move|p1b: Tyranitar|Rock Slide|p2a: Aerodactyl|[spread] p2a,p2b
|-supereffective|p2a: Aerodactyl|1
|-damage|p2a: Aerodactyl|0 fnt
|-damage|p2b: Sinistcha|73/100
|faint|p2a: Aerodactyl
|
|upkeep
|turn|8
|
|t:|1784578677
|move|p2b: Sinistcha|Matcha Gotcha|p1b: Tyranitar
|-supereffective|p1b: Tyranitar|1
|-damage|p1b: Tyranitar|17/100
|-heal|p2b: Sinistcha|95/100|[from] drain|[of] p1b: Tyranitar
|move|p1b: Tyranitar|Crunch|p2b: Sinistcha
|-supereffective|p2b: Sinistcha|1
|-damage|p2b: Sinistcha|17/100
|-unboost|p2b: Sinistcha|def|1
|
|upkeep
|turn|9
|
|t:|1784578695
|move|p1b: Tyranitar|Crunch|p2b: Sinistcha
|-supereffective|p2b: Sinistcha|1
|-damage|p2b: Sinistcha|0 fnt
|faint|p2b: Sinistcha
|
|win|DragonDanceKyuremB
