|j|☆Navizz0
|j|☆tmjp01
|html|Navizz0tmjp01    
|uhtml|bestof|Game 2 of a best-of-3
|t:|1782541029
|gametype|doubles
|player|p1|Navizz0|ethan|1344
|player|p2|tmjp01|2|1253
|gen|9
|tier|[Gen 9 Champions] VGC 2026 Reg M-B (Bo3)
|rated|
|rule|Species Clause: Limit one of each Pokémon
|rule|Item Clause: Limit 1 of each item
|clearpoke
|poke|p1|Whimsicott, L50, M|
|poke|p1|Delphox, L50, M|
|poke|p1|Kingambit, L50, M|
|poke|p1|Garchomp, L50, M|
|poke|p1|Sneasler, L50, F|
|poke|p1|Floette-Eternal, L50, F|
|poke|p2|Corviknight, L50, F|
|poke|p2|Tyranitar, L50, F|
|poke|p2|Hydreigon, L50, M|
|poke|p2|Froslass, L50, F|
|poke|p2|Garchomp, L50, F|
|poke|p2|Arcanine-Hisui, L50, M|
|teampreview|4
|showteam|p1|Whimsicott||FocusSash|Prankster|WorrySeed,Moonblast,Protect,Tailwind|Timid||M|||50|]Delphox||Delphoxite|Blaze|NastyPlot,Protect,HeatWave,Psyshock|Timid||M|||50|]Kingambit||BlackGlasses|Defiant|SuckerPunch,IronHead,Protect,KowtowCleave|Adamant||M|||50|]Garchomp||LifeOrb|RoughSkin|RockSlide,DragonClaw,Earthquake,Protect|Jolly||M|||50|]Sneasler||WhiteHerb|Unburden|FakeOut,Protect,CloseCombat,DireClaw|Adamant||F|||50|]Floette-Eternal||Floettite|FlowerVeil|EnergyBall,Protect,DazzlingGleam,LightofRuin|Modest||F|||50|
|showteam|p2|Corviknight||OccaBerry|MirrorArmor|BraveBird,Protect,IronHead,Tailwind|Adamant||F|||50|]Tyranitar||Tyranitarite|SandStream|Protect,KnockOff,RockSlide,DragonDance|Adamant||F|||50|]Hydreigon||ChoiceScarf|Levitate|DarkPulse,DracoMeteor,EarthPower,ZenHeadbutt|Timid||M|||50|]Froslass||Froslassite|CursedBody|Blizzard,Protect,ShadowBall,WeatherBall|Timid||F|||50|]Garchomp||LifeOrb|RoughSkin|Protect,DragonClaw,RockSlide,Earthquake|Jolly||F|||50|]Arcanine-Hisui||FocusSash|RockHead|Protect,HeadSmash,ExtremeSpeed,FlareBlitz|Adamant||M|||50|
|inactive|Battle timer is ON: inactive players will automatically lose when time's up. (requested by Navizz0)
|
|t:|1782541043
|teamsize|p1|4
|teamsize|p2|4
|start
|switch|p1a: Delphox|Delphox, L50, M|100/100
|switch|p1b: Garchomp|Garchomp, L50, M|100/100
|switch|p2a: Corviknight|Corviknight, L50, F|100/100
|switch|p2b: Arcanine|Arcanine-Hisui, L50, M|100/100
|turn|1
|
|t:|1782541052
|detailschange|p1a: Delphox|Delphox-Mega, L50, M
|-mega|p1a: Delphox|Delphox|Delphoxite
|move|p1a: Delphox|Heat Wave|p2b: Arcanine|[spread] p2a,p2b
|-supereffective|p2a: Corviknight|1
|-enditem|p2a: Corviknight|Occa Berry|[eat]
|-enditem|p2a: Corviknight|Occa Berry|[weaken]
|-resisted|p2b: Arcanine|2
|-damage|p2a: Corviknight|61/100
|-damage|p2b: Arcanine|86/100
|move|p1b: Garchomp|Rock Slide|p2b: Arcanine|[spread] p2a,p2b
|-crit|p2a: Corviknight
|-supereffective|p2b: Arcanine|1
|-damage|p2a: Corviknight|28/100
|-damage|p2b: Arcanine|23/100
|-damage|p1b: Garchomp|90/100|[from] item: Life Orb
|move|p2b: Arcanine|Head Smash|p1a: Delphox
|-supereffective|p1a: Delphox|1
|-damage|p1a: Delphox|0 fnt
|faint|p1a: Delphox
|cant|p2a: Corviknight|flinch
|
|upkeep
|
|t:|1782541058
|switch|p1a: Sneasler|Sneasler, L50, F|100/100
|turn|2
|
|t:|1782541077
|move|p2b: Arcanine|Protect|p2b: Arcanine
|-singleturn|p2b: Arcanine|Protect
|move|p2a: Corviknight|Protect|p2a: Corviknight
|-singleturn|p2a: Corviknight|Protect
|move|p1a: Sneasler|Close Combat|p2a: Corviknight
|-activate|p2a: Corviknight|move: Protect
|move|p1b: Garchomp|Dragon Claw|p2b: Arcanine
|-activate|p2b: Arcanine|move: Protect
|
|upkeep
|turn|3
|
|t:|1782541101
|switch|p2a: Froslass|Froslass, L50, F|100/100
|move|p2b: Arcanine|Extreme Speed|p1a: Sneasler
|-damage|p1a: Sneasler|56/100
|move|p1a: Sneasler|Close Combat|p2a: Froslass
|-immune|p2a: Froslass
|move|p1b: Garchomp|Dragon Claw|p2b: Arcanine
|-crit|p2b: Arcanine
|-damage|p2b: Arcanine|0 fnt
|faint|p2b: Arcanine
|-damage|p1b: Garchomp|80/100|[from] item: Life Orb
|
|upkeep
|
|t:|1782541113
|switch|p2b: Corviknight|Corviknight, L50, F|28/100
|turn|4
|
|t:|1782541117
|switch|p1b: Kingambit|Kingambit, L50, M|100/100
|detailschange|p2a: Froslass|Froslass-Mega, L50, F
|-mega|p2a: Froslass|Froslass|Froslassite
|-weather|Snowscape|[from] ability: Snow Warning|[of] p2a: Froslass
|move|p2a: Froslass|Blizzard|p1a: Sneasler|[spread] p1a,p1b
|-resisted|p1b: Kingambit|1
|-damage|p1a: Sneasler|0 fnt
|-damage|p1b: Kingambit|77/100
|-status|p1b: Kingambit|frz
|faint|p1a: Sneasler
|move|p2b: Corviknight|Tailwind|p2b: Corviknight
|-sidestart|p2: tmjp01|move: Tailwind
|
|-weather|Snowscape|[upkeep]
|upkeep
|
|t:|1782541120
|switch|p1a: Garchomp|Garchomp, L50, M|80/100
|turn|5
|
|t:|1782541133
|move|p1a: Garchomp|Protect|p1a: Garchomp
|-singleturn|p1a: Garchomp|Protect
|move|p2a: Froslass|Blizzard|p1b: Kingambit|[spread] p1b
|-activate|p1a: Garchomp|move: Protect
|-resisted|p1b: Kingambit|1
|-damage|p1b: Kingambit|57/100 frz
|move|p2b: Corviknight|Iron Head|p1b: Kingambit
|-resisted|p1b: Kingambit|1
|-damage|p1b: Kingambit|45/100 frz
|cant|p1b: Kingambit|frz
|
|-weather|Snowscape|[upkeep]
|upkeep
|turn|6
|
|t:|1782541140
|cant|p1b: Kingambit|frz
|move|p2a: Froslass|Blizzard|p1a: Garchomp|[spread] p1a,p1b
|-supereffective|p1a: Garchomp|2
|-resisted|p1b: Kingambit|1
|-damage|p1a: Garchomp|0 fnt
|-damage|p1b: Kingambit|24/100 frz
|faint|p1a: Garchomp
|move|p2b: Corviknight|Iron Head|p1b: Kingambit
|-resisted|p1b: Kingambit|1
|-damage|p1b: Kingambit|12/100 frz
|
|-weather|Snowscape|[upkeep]
|upkeep
|turn|7
|
|t:|1782541146
|-curestatus|p1b: Kingambit|frz|[msg]
|move|p1b: Kingambit|Sucker Punch|p2a: Froslass
|-supereffective|p2a: Froslass|1
|-damage|p2a: Froslass|0 fnt
|faint|p2a: Froslass
|move|p2b: Corviknight|Iron Head|p1b: Kingambit
|-resisted|p1b: Kingambit|1
|-crit|p1b: Kingambit
|-damage|p1b: Kingambit|0 fnt
|faint|p1b: Kingambit
|
|win|tmjp01
||Navizz0 is ready for game 3.
||tmjp01 is ready for game 3.
|uhtml|next|Next: Game 3 of 3
