|j|☆sad earns
|j|☆Slowjow
|html|sad earnsSlowjow    
|uhtml|bestof|Game 2 of a best-of-3
|t:|1757712074
|gametype|doubles
|player|p1|sad earns|marshal|1231
|player|p2|Slowjow|1|1292
|gen|9
|tier|[Gen 9] VGC 2025 Reg H (Bo3)
|rated|
|rule|Species Clause: Limit one of each Pokémon
|rule|Item Clause: Limit 1 of each item
|clearpoke
|poke|p1|Corviknight, L50, F|
|poke|p1|Tyranitar, L50, M|
|poke|p1|Gholdengo, L50|
|poke|p1|Hydreigon, L50, F|
|poke|p1|Farigiraf, L50, M|
|poke|p1|Garchomp, L50, F|
|poke|p2|Gliscor, L50, M|
|poke|p2|Electabuzz, L50, F|
|poke|p2|Tauros-Paldea-Blaze, L50, M|
|poke|p2|Meowscarada, L50, F|
|poke|p2|Kingambit, L50, F|
|poke|p2|Ninetales-Alola, L50, M|
|teampreview|4
|showteam|p1|Corviknight||Leftovers|MirrorArmor|BraveBird,IronHead,Tailwind,Taunt|||F|||50|,,,,,Dragon]Tyranitar||ChoiceBand|SandStream|KnockOff,RockSlide,LowKick,TeraBlast|||M|||50|,,,,,Flying]Gholdengo||MetalCoat|GoodasGold|MakeItRain,ShadowBall,NastyPlot,Protect||||||50|,,,,,Water]Hydreigon||SafetyGoggles|Levitate|DracoMeteor,HeatWave,NastyPlot,Protect|||F|||50|,,,,,Fire]Farigiraf||AssaultVest|ArmorTail|TwinBeam,GrassKnot,HyperVoice,ShadowBall|||M|||50|,,,,,Normal]Garchomp||LifeOrb|RoughSkin|Earthquake,StompingTantrum,DragonClaw,Protect|||F|||50|,,,,,Steel
|showteam|p2|Gliscor||ToxicOrb|PoisonHeal|HighHorsepower,DualWingbeat,SwordsDance,Protect|||M|||50|,,,,,Water]Electabuzz||Eviolite|VitalSpirit|Electroweb,Taunt,FollowMe,Protect|||F|||50|,,,,,Ghost]Tauros-Paldea-Blaze||MirrorHerb|Intimidate|RagingBull,CloseCombat,WillOWisp,Protect|||M|||50|,,,,,Grass]Meowscarada||FocusSash|Protean|FlowerTrick,KnockOff,Uturn,Protect|||F|||50|,,,,,Stellar]Kingambit||BlackGlasses|Defiant|KowtowCleave,SuckerPunch,SwordsDance,Protect|||F|||50|,,,,,Dark]Ninetales-Alola||LightClay|SnowWarning|AuroraVeil,FreezeDry,Encore,Protect|||M|||50|,,,,,Water
|
|t:|1757712100
|teamsize|p1|4
|teamsize|p2|4
|start
|switch|p1a: Farigiraf|Farigiraf, L50, M|100/100
|switch|p1b: Corviknight|Corviknight, L50, F|100/100
|switch|p2a: Kingambit|Kingambit, L50, F|100/100
|switch|p2b: Gliscor|Gliscor, L50, M|100/100
|turn|1
|inactive|Battle timer is ON: inactive players will automatically lose when time's up. (requested by sad earns)
|
|t:|1757712123
|move|p2b: Gliscor|Swords Dance|p2b: Gliscor
|-boost|p2b: Gliscor|atk|2
|move|p1b: Corviknight|Taunt|p2a: Kingambit
|-start|p2a: Kingambit|move: Taunt
|move|p1a: Farigiraf|Hyper Voice|p2b: Gliscor|[spread] p2a,p2b
|-resisted|p2a: Kingambit
|-damage|p2a: Kingambit|84/100
|-damage|p2b: Gliscor|52/100
|move|p2a: Kingambit|Kowtow Cleave|p1a: Farigiraf
|-supereffective|p1a: Farigiraf
|-damage|p1a: Farigiraf|0 fnt
|faint|p1a: Farigiraf
|
|-status|p2b: Gliscor|tox|[from] item: Toxic Orb
|upkeep
|inactive|sad earns has 30 seconds left.
|
|t:|1757712149
|switch|p1a: Tyranitar|Tyranitar, L50, M|100/100
|-weather|Sandstorm|[from] ability: Sand Stream|[of] p1a: Tyranitar
|turn|2
|
|t:|1757712171
|switch|p2a: Ninetales|Ninetales-Alola, L50, M|100/100
|-weather|Snowscape|[from] ability: Snow Warning|[of] p2a: Ninetales
|move|p2b: Gliscor|Protect|p2b: Gliscor
|-singleturn|p2b: Gliscor|Protect
|move|p1a: Tyranitar|Knock Off|p2b: Gliscor
|-activate|p2b: Gliscor|move: Protect
|move|p1b: Corviknight|Tailwind|p1b: Corviknight
|-sidestart|p1: sad earns|move: Tailwind
|
|-weather|Snowscape|[upkeep]
|-heal|p2b: Gliscor|64/100 tox|[from] ability: Poison Heal
|upkeep
|turn|3
|
|t:|1757712196
|move|p1a: Tyranitar|Knock Off|p2b: Gliscor
|-damage|p2b: Gliscor|0 fnt
|-enditem|p2b: Gliscor|Toxic Orb|[from] move: Knock Off|[of] p1a: Tyranitar
|faint|p2b: Gliscor
|move|p1b: Corviknight|Iron Head|p2a: Ninetales
|-supereffective|p2a: Ninetales
|-damage|p2a: Ninetales|12/100
|move|p2a: Ninetales|Aurora Veil|p2a: Ninetales
|-sidestart|p2: Slowjow|move: Aurora Veil
|
|-weather|Snowscape|[upkeep]
|upkeep
|
|t:|1757712208
|switch|p2b: Kingambit|Kingambit, L50, F|84/100
|turn|4
|
|t:|1757712220
|move|p1a: Tyranitar|Knock Off|p2a: Ninetales
|-resisted|p2a: Ninetales
|-damage|p2a: Ninetales|0 fnt
|-enditem|p2a: Ninetales|Light Clay|[from] move: Knock Off|[of] p1a: Tyranitar
|faint|p2a: Ninetales
|move|p1b: Corviknight|Taunt|p2b: Kingambit
|-start|p2b: Kingambit|move: Taunt
|cant|p2b: Kingambit|move: Taunt|Swords Dance
|
|-weather|Snowscape|[upkeep]
|upkeep
|
|t:|1757712231
|switch|p2a: Tauros|Tauros-Paldea-Blaze, L50, M|100/100
|-ability|p2a: Tauros|Intimidate|boost
|-unboost|p1a: Tyranitar|atk|1
|-ability|p1b: Corviknight|Mirror Armor
|-unboost|p2a: Tauros|atk|1
|turn|5
|
|t:|1757712245
|move|p1a: Tyranitar|Knock Off|p2b: Kingambit
|-resisted|p2b: Kingambit
|-damage|p2b: Kingambit|69/100
|-enditem|p2b: Kingambit|Black Glasses|[from] move: Knock Off|[of] p1a: Tyranitar
|move|p1b: Corviknight|Brave Bird|p2b: Kingambit
|-resisted|p2b: Kingambit
|-damage|p2b: Kingambit|59/100
|-damage|p1b: Corviknight|97/100|[from] Recoil
|move|p2a: Tauros|Will-O-Wisp|p1b: Corviknight
|-status|p1b: Corviknight|brn
|move|p2b: Kingambit|Kowtow Cleave|p1b: Corviknight
|-damage|p1b: Corviknight|57/100 brn
|
|-weather|Snowscape|[upkeep]
|-heal|p1b: Corviknight|63/100 brn|[from] item: Leftovers
|-damage|p1b: Corviknight|57/100 brn|[from] brn
|-sideend|p1: sad earns|move: Tailwind
|upkeep
|turn|6
|
|t:|1757712267
|move|p2a: Tauros|Raging Bull|p1b: Corviknight
|-supereffective|p1b: Corviknight
|-damage|p1b: Corviknight|14/100 brn
|move|p1a: Tyranitar|Knock Off|p2a: Tauros
|-resisted|p2a: Tauros
|-damage|p2a: Tauros|82/100
|-enditem|p2a: Tauros|Mirror Herb|[from] move: Knock Off|[of] p1a: Tyranitar
|move|p1b: Corviknight|Tailwind|p1b: Corviknight
|-sidestart|p1: sad earns|move: Tailwind
|move|p2b: Kingambit|Kowtow Cleave|p1b: Corviknight
|-damage|p1b: Corviknight|0 fnt
|faint|p1b: Corviknight
|
|-weather|none
|-end|p2b: Kingambit|move: Taunt
|upkeep
|
|t:|1757712284
|switch|p1b: Garchomp|Garchomp, L50, F|100/100
|turn|7
|
|t:|1757712298
|-terastallize|p1a: Tyranitar|Flying
|-terastallize|p2a: Tauros|Grass
|move|p2b: Kingambit|Protect|p2b: Kingambit
|-singleturn|p2b: Kingambit|Protect
|move|p1b: Garchomp|Earthquake|p2b: Kingambit|[spread] p2a
|-activate|p2b: Kingambit|move: Protect
|-immune|p1a: Tyranitar
|-resisted|p2a: Tauros
|-damage|p2a: Tauros|64/100
|-damage|p1b: Garchomp|91/100|[from] item: Life Orb
|move|p1a: Tyranitar|Knock Off|p2b: Kingambit
|-activate|p2b: Kingambit|move: Protect
|move|p2a: Tauros|Will-O-Wisp|p1b: Garchomp
|-status|p1b: Garchomp|brn
|
|-damage|p1b: Garchomp|85/100 brn|[from] brn
|upkeep
|turn|8
|inactive|sad earns has 30 seconds left.
|inactive|Slowjow has 30 seconds left.
|
|t:|1757712332
|move|p1b: Garchomp|Earthquake|p2b: Kingambit|[spread] p2a,p2b
|-immune|p1a: Tyranitar
|-resisted|p2a: Tauros
|-supereffective|p2b: Kingambit
|-damage|p2a: Tauros|55/100
|-damage|p2b: Kingambit|32/100
|-damage|p1b: Garchomp|75/100 brn|[from] item: Life Orb
|move|p1a: Tyranitar|Knock Off|p2a: Tauros
|-damage|p2a: Tauros|30/100
|move|p2a: Tauros|Will-O-Wisp|p1a: Tyranitar
|-status|p1a: Tyranitar|brn
|move|p2b: Kingambit|Swords Dance|p2b: Kingambit
|-boost|p2b: Kingambit|atk|2
|
|-damage|p1b: Garchomp|69/100 brn|[from] brn
|-damage|p1a: Tyranitar|94/100 brn|[from] brn
|upkeep
|turn|9
|
|t:|1757712352
|move|p2a: Tauros|Protect|p2a: Tauros
|-singleturn|p2a: Tauros|Protect
|move|p2b: Kingambit|Protect|p2b: Kingambit
|-singleturn|p2b: Kingambit|Protect
|move|p1b: Garchomp|Dragon Claw|p2a: Tauros
|-activate|p2a: Tauros|move: Protect
|move|p1a: Tyranitar|Knock Off|p2b: Kingambit
|-activate|p2b: Kingambit|move: Protect
|
|-damage|p1b: Garchomp|63/100 brn|[from] brn
|-damage|p1a: Tyranitar|88/100 brn|[from] brn
|-sideend|p1: sad earns|move: Tailwind
|upkeep
|turn|10
|
|t:|1757712376
|move|p2b: Kingambit|Sucker Punch|p1b: Garchomp
|-damage|p1b: Garchomp|0 fnt
|-damage|p2b: Kingambit|20/100|[from] ability: Rough Skin|[of] p1b: Garchomp
|faint|p1b: Garchomp
|move|p2a: Tauros|Close Combat|p1a: Tyranitar
|-resisted|p1a: Tyranitar
|-damage|p1a: Tyranitar|70/100 brn
|-unboost|p2a: Tauros|def|1
|-unboost|p2a: Tauros|spd|1
|move|p1a: Tyranitar|Knock Off|p2a: Tauros
|-damage|p2a: Tauros|10/100
|
|-damage|p1a: Tyranitar|64/100 brn|[from] brn
|-sideend|p2: Slowjow|move: Aurora Veil
|upkeep
|turn|11
|
|t:|1757712392
|move|p2b: Kingambit|Sucker Punch|p1a: Tyranitar
|-damage|p1a: Tyranitar|0 fnt
|faint|p1a: Tyranitar
|
|win|Slowjow
||sad earns is ready for game 3.
||Slowjow is ready for game 3.
|uhtml|next|Next: Game 3 of 3
