|j|☆learning to perish
|j|☆MrPhoenixGC
|html|learning to perishMrPhoenixGC    
|uhtml|bestof|Game 3 of a best-of-3
|t:|1757000760
|gametype|doubles
|player|p1|learning to perish|2|1249
|player|p2|MrPhoenixGC|steven|1194
|gen|9
|tier|[Gen 9] VGC 2025 Reg H (Bo3)
|rated|
|rule|Species Clause: Limit one of each Pokémon
|rule|Item Clause: Limit 1 of each item
|clearpoke
|poke|p1|Azumarill, L50, M|
|poke|p1|Gothitelle, L50, F|
|poke|p1|Torkoal, L50, M|
|poke|p1|Charizard, L50, M|
|poke|p1|Incineroar, L50, F|
|poke|p1|Ursaluna-Bloodmoon, L50, M|
|poke|p2|Gholdengo, L50|
|poke|p2|Pelipper, L50, F|
|poke|p2|Archaludon, L50, F|
|poke|p2|Ursaluna, L50, M|
|poke|p2|Dragonite, L50, F|
|poke|p2|Sinistcha, L50|
|teampreview|4
|showteam|p1|Azumarill||MentalHerb|SapSipper|AquaJet,PerishSong,Encore,Protect|||M|||50|,,,,,Ground]Gothitelle||SitrusBerry|ShadowTag|Psychic,TrickRoom,FakeOut,Protect|||F|||50|,,,,,Dark]Torkoal||EjectPack|Drought|Overheat,Eruption,HelpingHand,Protect|||M|||50|,,,,,Fire]Charizard||ChoiceSpecs|SolarPower|HeatWave,Overheat,WeatherBall,Protect|||M|||50|,,,,,Ghost]Incineroar||ChopleBerry|Intimidate|KnockOff,PartingShot,FakeOut,Protect|||F|||50|,,,,,Grass]Ursaluna-Bloodmoon||LifeOrb|MindsEye|BloodMoon,HyperVoice,EarthPower,Protect|||M|||50|,,,,,Normal
|showteam|p2|Gholdengo||ChoiceScarf|GoodasGold|MakeItRain,ShadowBall,Trick,Protect||||||50|,,,,,Water]Pelipper||FocusSash|Drizzle|Protect,MuddyWater,Hurricane,WideGuard|||F|||50|,,,,,Ghost]Archaludon||AssaultVest|Stamina|BodyPress,Snarl,ElectroShot,FlashCannon|||F|||50|,,,,,Bug]Ursaluna||FlameOrb|Guts|Protect,Facade,Earthquake,HeadlongRush|||M|||50|,,,,,Ghost]Dragonite||LoadedDice|Multiscale|ScaleShot,Haze,Tailwind,Protect|||F|||50|,,,,,Fairy]Sinistcha||SitrusBerry|Hospitality|TrickRoom,MatchaGotcha,LifeDew,RagePowder||||||50|,,,,,Dark
|inactive|Battle timer is ON: inactive players will automatically lose when time's up. (requested by learning to perish)
|inactive|MrPhoenixGC has 60 seconds left.
|
|t:|1757000806
|teamsize|p1|4
|teamsize|p2|4
|start
|switch|p1a: Azumarill|Azumarill, L50, M|100/100
|switch|p1b: Torkoal|Torkoal, L50, M|100/100
|switch|p2a: Ursaluna|Ursaluna, L50, M|100/100
|switch|p2b: Dragonite|Dragonite, L50, F|100/100
|-weather|SunnyDay|[from] ability: Drought|[of] p1b: Torkoal
|turn|1
|inactive|MrPhoenixGC has 30 seconds left.
|inactive|MrPhoenixGC has 20 seconds left.
|inactive|MrPhoenixGC has 15 seconds left.
|
|t:|1757000851
|move|p2b: Dragonite|Scale Shot|p1b: Torkoal
|-damage|p1b: Torkoal|88/100
|-damage|p1b: Torkoal|77/100
|-damage|p1b: Torkoal|67/100
|-damage|p1b: Torkoal|56/100
|-damage|p1b: Torkoal|45/100
|-hitcount|p1b: Torkoal|5
|-unboost|p2b: Dragonite|def|1
|-boost|p2b: Dragonite|spe|1
|move|p2a: Ursaluna|Earthquake|p1b: Torkoal|[spread] p1a,p1b
|-immune|p2b: Dragonite
|-supereffective|p1b: Torkoal
|-damage|p1a: Azumarill|60/100
|-damage|p1b: Torkoal|0 fnt
|faint|p1b: Torkoal
|move|p1a: Azumarill|Perish Song|p1a: Azumarill
|-start|p1a: Azumarill|perish3|[silent]
|-start|p2a: Ursaluna|perish3|[silent]
|-start|p2b: Dragonite|perish3|[silent]
|-fieldactivate|move: Perish Song
|
|-weather|SunnyDay|[upkeep]
|-start|p2b: Dragonite|perish3
|-start|p2a: Ursaluna|perish3
|-start|p1a: Azumarill|perish3
|-status|p2a: Ursaluna|brn|[from] item: Flame Orb
|upkeep
|
|t:|1757000866
|switch|p1b: Gothitelle|Gothitelle, L50, F|100/100
|turn|2
|inactive|MrPhoenixGC has 30 seconds left.
|inactive|MrPhoenixGC has 20 seconds left.
|inactive|MrPhoenixGC has 15 seconds left.
|inactive|MrPhoenixGC has 10 seconds left.
|
|t:|1757000914
|switch|p1a: Ursaluna|Ursaluna-Bloodmoon, L50, M|100/100
|move|p1b: Gothitelle|Protect|p1b: Gothitelle
|-singleturn|p1b: Gothitelle|Protect
|move|p2b: Dragonite|Scale Shot|p1b: Gothitelle
|-activate|p1b: Gothitelle|move: Protect
|move|p2a: Ursaluna|Facade|p1b: Gothitelle
|-activate|p1b: Gothitelle|move: Protect
|
|-weather|SunnyDay|[upkeep]
|-damage|p2a: Ursaluna|94/100 brn|[from] brn
|-start|p2b: Dragonite|perish2
|-start|p2a: Ursaluna|perish2
|upkeep
|turn|3
|inactive|MrPhoenixGC has 30 seconds left.
|inactive|MrPhoenixGC has 20 seconds left.
|
|t:|1757000950
|switch|p1b: Azumarill|Azumarill, L50, M|60/100
|move|p2b: Dragonite|Scale Shot|p1a: Ursaluna
|-damage|p1a: Ursaluna|89/100
|-damage|p1a: Ursaluna|78/100
|-damage|p1a: Ursaluna|67/100
|-damage|p1a: Ursaluna|57/100
|-hitcount|p1a: Ursaluna|4
|-unboost|p2b: Dragonite|def|1
|-boost|p2b: Dragonite|spe|1
|move|p2a: Ursaluna|Facade|p1a: Ursaluna
|-damage|p1a: Ursaluna|0 fnt
|faint|p1a: Ursaluna
|
|-weather|SunnyDay|[upkeep]
|-damage|p2a: Ursaluna|88/100 brn|[from] brn
|-start|p2b: Dragonite|perish1
|-start|p2a: Ursaluna|perish1
|upkeep
|
|t:|1757000955
|switch|p1a: Gothitelle|Gothitelle, L50, F|100/100
|turn|4
|
|t:|1757000976
|move|p1a: Gothitelle|Protect|p1a: Gothitelle
|-singleturn|p1a: Gothitelle|Protect
|move|p1b: Azumarill|Protect|p1b: Azumarill
|-singleturn|p1b: Azumarill|Protect
|move|p2b: Dragonite|Scale Shot|p1a: Gothitelle
|-activate|p1a: Gothitelle|move: Protect
|move|p2a: Ursaluna|Facade|p1a: Gothitelle
|-activate|p1a: Gothitelle|move: Protect
|
|-weather|SunnyDay|[upkeep]
|-damage|p2a: Ursaluna|82/100 brn|[from] brn
|-start|p2b: Dragonite|perish0
|-start|p2a: Ursaluna|perish0
|faint|p2b: Dragonite
|faint|p2a: Ursaluna
|upkeep
|
|t:|1757000990
|switch|p2b: Gholdengo|Gholdengo, L50|100/100
|switch|p2a: Pelipper|Pelipper, L50, F|100/100
|-weather|RainDance|[from] ability: Drizzle|[of] p2a: Pelipper
|turn|5
|inactive|learning to perish has 30 seconds left.
|inactive|MrPhoenixGC has 30 seconds left.
|
|t:|1757001019
|move|p1b: Azumarill|Aqua Jet|p2a: Pelipper
|-resisted|p2a: Pelipper
|-damage|p2a: Pelipper|92/100
|move|p2b: Gholdengo|Shadow Ball|p1b: Azumarill
|-damage|p1b: Azumarill|23/100
|-unboost|p1b: Azumarill|spd|1
|move|p2a: Pelipper|Hurricane|p1b: Azumarill
|-damage|p1b: Azumarill|0 fnt
|faint|p1b: Azumarill
|move|p1a: Gothitelle|Psychic|p2a: Pelipper
|-damage|p2a: Pelipper|42/100
|
|-weather|RainDance|[upkeep]
|upkeep
|turn|6
|
|t:|1757001037
|move|p2a: Pelipper|Protect|p2a: Pelipper
|-singleturn|p2a: Pelipper|Protect
|move|p1a: Gothitelle|Protect|p1a: Gothitelle
|-singleturn|p1a: Gothitelle|Protect
|move|p2b: Gholdengo|Shadow Ball|p1a: Gothitelle
|-activate|p1a: Gothitelle|move: Protect
|
|-weather|RainDance|[upkeep]
|upkeep
|turn|7
|inactive|MrPhoenixGC has 30 seconds left.
|
|t:|1757001066
|-terastallize|p1a: Gothitelle|Dark
|move|p2b: Gholdengo|Shadow Ball|p1a: Gothitelle
|-resisted|p1a: Gothitelle
|-damage|p1a: Gothitelle|83/100
|move|p2a: Pelipper|Hurricane|p1a: Gothitelle
|-damage|p1a: Gothitelle|44/100
|-enditem|p1a: Gothitelle|Sitrus Berry|[eat]
|-heal|p1a: Gothitelle|69/100|[from] item: Sitrus Berry
|move|p1a: Gothitelle|Psychic|p2a: Pelipper
|-damage|p2a: Pelipper|0 fnt
|faint|p2a: Pelipper
|
|-weather|RainDance|[upkeep]
|upkeep
|turn|8
|
|t:|1757001090
|move|p1a: Gothitelle|Protect|p1a: Gothitelle
|-singleturn|p1a: Gothitelle|Protect
|move|p2b: Gholdengo|Shadow Ball|p1a: Gothitelle
|-activate|p1a: Gothitelle|move: Protect
|
|-weather|RainDance|[upkeep]
|upkeep
|turn|9
|
|t:|1757001097
|move|p2b: Gholdengo|Shadow Ball|p1a: Gothitelle
|-resisted|p1a: Gothitelle
|-damage|p1a: Gothitelle|49/100
|move|p1a: Gothitelle|Psychic|p2b: Gholdengo
|-resisted|p2b: Gholdengo
|-damage|p2b: Gholdengo|83/100
|
|-weather|none
|upkeep
|turn|10
|
|t:|1757001105
|move|p1a: Gothitelle|Protect|p1a: Gothitelle
|-singleturn|p1a: Gothitelle|Protect
|move|p2b: Gholdengo|Shadow Ball|p1a: Gothitelle
|-activate|p1a: Gothitelle|move: Protect
|
|upkeep
|turn|11
|
|t:|1757001111
|move|p2b: Gholdengo|Shadow Ball|p1a: Gothitelle
|-resisted|p1a: Gothitelle
|-damage|p1a: Gothitelle|31/100
|-unboost|p1a: Gothitelle|spd|1
|move|p1a: Gothitelle|Psychic|p2b: Gholdengo
|-resisted|p2b: Gholdengo
|-damage|p2b: Gholdengo|65/100
|
|upkeep
|turn|12
|
|t:|1757001119
|move|p1a: Gothitelle|Protect|p1a: Gothitelle
|-singleturn|p1a: Gothitelle|Protect
|move|p2b: Gholdengo|Shadow Ball|p1a: Gothitelle
|-activate|p1a: Gothitelle|move: Protect
|
|upkeep
|turn|13
|
|t:|1757001127
|move|p2b: Gholdengo|Shadow Ball|p1a: Gothitelle
|-resisted|p1a: Gothitelle
|-damage|p1a: Gothitelle|3/100
|move|p1a: Gothitelle|Psychic|p2b: Gholdengo
|-resisted|p2b: Gholdengo
|-damage|p2b: Gholdengo|48/100
|
|upkeep
|turn|14
|-message|learning to perish forfeited.
|raw|learning to perish's rating: 1249 → 1220(-29 for losing)
|raw|MrPhoenixGC's rating: 1194 → 1223(+29 for winning)
|
|win|MrPhoenixGC
|l|☆learning to perish
|player|p1|
