|j|☆SengarBlade
|j|☆jowemama
|html|SengarBladejowemama    
|uhtml|bestof|Game 2 of a best-of-3
|t:|1757859076
|gametype|doubles
|player|p1|SengarBlade|shadowtriad|
|player|p2|jowemama|scientistf|
|gen|9
|tier|[Gen 9] VGC 2025 Reg H (Bo3)
|rule|Species Clause: Limit one of each Pokémon
|rule|Item Clause: Limit 1 of each item
|clearpoke
|poke|p1|Murkrow, L50, F|
|poke|p1|Tyranitar, L50, M|
|poke|p1|Lycanroc, L50, F|
|poke|p1|Decidueye-Hisui, L50, F|
|poke|p1|Clefable, L50, M|
|poke|p1|Hydreigon, L50, M|
|poke|p2|Decidueye-Hisui, L50, M|
|poke|p2|Primarina, L50, F|
|poke|p2|Incineroar, L50, M|
|poke|p2|Dragapult, L50, M|
|poke|p2|Electabuzz, L50, M|
|poke|p2|Vivillon, L50, M|
|teampreview|4
|showteam|p1|Murkrow||Eviolite|Prankster|FoulPlay,Tailwind,Haze,Protect|||F|||50|,,,,,Steel]Tyranitar||ClearAmulet|SandStream|RockSlide,KnockOff,TeraBlast,Protect|||M|||50|,,,,,Flying]Lycanroc||FocusSash|SandRush|RockSlide,Accelerock,Endeavor,Endure|||F|||50|,,,,,Ghost]Decidueye-Hisui||LifeOrb|Scrappy|CloseCombat,LeafBlade,UpperHand,Protect|||F|||50|,,,,,Ghost]Clefable||SafetyGoggles|Unaware|Moonblast,FollowMe,HelpingHand,Protect|||M|||50|,,,,,Water]Hydreigon||AguavBerry|Levitate|DracoMeteor,DarkPulse,Snarl,Protect|||M|||50|,,,,,Poison
|showteam|p2|Decidueye-Hisui||ScopeLens|Scrappy|LeafBlade,TripleArrows,BraveBird,Protect|||M|||50|,,,,,Poison]Primarina||SitrusBerry|LiquidVoice|HyperVoice,Moonblast,Haze,Protect|||F|||50|,,,,,Poison]Incineroar||SafetyGoggles|Intimidate|KnockOff,WillOWisp,PartingShot,FakeOut|||M|||50|,,,,,Grass]Dragapult||ChoiceBand|ClearBody|DragonDarts,Outrage,PhantomForce,Uturn|||M|||50|,,,,,Dragon]Electabuzz||Eviolite|VitalSpirit|Thunderbolt,Electroweb,Taunt,FollowMe|||M|||50|,,,,,Ghost]Vivillon||FocusSash|CompoundEyes|Hurricane,SleepPowder,Tailwind,Protect|||M|||50|,,,,,Ghost
|inactive|Battle timer is ON: inactive players will automatically lose when time's up. (requested by jowemama)
|j| KyleTampy
|c| KyleTampy|Nanalo pa solid
|inactive|SengarBlade has 60 seconds left.
|
|t:|1757859115
|teamsize|p1|4
|teamsize|p2|4
|start
|switch|p1a: Murkrow|Murkrow, L50, F|100/100
|switch|p1b: Hydreigon|Hydreigon, L50, M|100/100
|switch|p2a: Incineroar|Incineroar, L50, M|100/100
|switch|p2b: Dragapult|Dragapult, L50, M|100/100
|-ability|p2a: Incineroar|Intimidate|boost
|-unboost|p1a: Murkrow|atk|1
|-unboost|p1b: Hydreigon|atk|1
|turn|1
|j| Oldcow
|inactive|SengarBlade has 30 seconds left.
|
|t:|1757859145
|-terastallize|p1b: Hydreigon|Poison
|move|p2a: Incineroar|Fake Out|p1a: Murkrow
|-damage|p1a: Murkrow|87/100
|cant|p1a: Murkrow|flinch
|move|p2b: Dragapult|U-turn|p1b: Hydreigon
|-resisted|p1b: Hydreigon
|-damage|p1b: Hydreigon|80/100
|
|t:|1757859148
|switch|p2b: Primarina|Primarina, L50, F|100/100|[from] U-turn
|move|p1b: Hydreigon|Dark Pulse|p2b: Primarina
|-resisted|p2b: Primarina
|-damage|p2b: Primarina|84/100
|
|upkeep
|turn|2
|
|t:|1757859170
|move|p1a: Murkrow|Tailwind|p1a: Murkrow
|-sidestart|p1: SengarBlade|move: Tailwind
|move|p1b: Hydreigon|Snarl|p2b: Primarina|[spread] p2a,p2b
|-resisted|p2a: Incineroar
|-resisted|p2b: Primarina
|-damage|p2a: Incineroar|91/100
|-damage|p2b: Primarina|75/100
|-unboost|p2a: Incineroar|spa|1
|-unboost|p2b: Primarina|spa|1
|move|p2a: Incineroar|Knock Off|p1a: Murkrow
|-resisted|p1a: Murkrow
|-damage|p1a: Murkrow|63/100
|-enditem|p1a: Murkrow|Eviolite|[from] move: Knock Off|[of] p2a: Incineroar
|move|p2b: Primarina|Hyper Voice|p1a: Murkrow|[spread] p1a,p1b
|-damage|p1a: Murkrow|37/100
|-damage|p1b: Hydreigon|52/100
|
|upkeep
|turn|3
|
|t:|1757859190
|switch|p1a: Tyranitar|Tyranitar, L50, M|100/100
|-weather|Sandstorm|[from] ability: Sand Stream|[of] p1a: Tyranitar
|move|p2b: Primarina|Protect|p2b: Primarina
|-singleturn|p2b: Primarina|Protect
|move|p1b: Hydreigon|Snarl|p2a: Incineroar|[spread] 
|-activate|p2b: Primarina|move: Protect
|-miss|p1b: Hydreigon|p2a: Incineroar
|move|p2a: Incineroar|Parting Shot|p1b: Hydreigon
|-unboost|p1b: Hydreigon|atk|1
|-unboost|p1b: Hydreigon|spa|1
|
|t:|1757859194
|switch|p2a: Electabuzz|Electabuzz, L50, M|100/100|[from] Parting Shot
|
|-weather|Sandstorm|[upkeep]
|-damage|p1b: Hydreigon|46/100|[from] Sandstorm
|-damage|p2a: Electabuzz|95/100|[from] Sandstorm
|-damage|p2b: Primarina|70/100|[from] Sandstorm
|upkeep
|turn|4
|
|t:|1757859217
|move|p2b: Primarina|Protect|p2b: Primarina
|-singleturn|p2b: Primarina|Protect
|move|p1b: Hydreigon|Draco Meteor|p2a: Electabuzz
|-damage|p2a: Electabuzz|64/100
|-unboost|p1b: Hydreigon|spa|2
|move|p1a: Tyranitar|Rock Slide|p2b: Primarina|[spread] p2a
|-activate|p2b: Primarina|move: Protect
|-damage|p2a: Electabuzz|40/100
|cant|p2a: Electabuzz|flinch
|
|-weather|Sandstorm|[upkeep]
|-damage|p1b: Hydreigon|40/100|[from] Sandstorm
|-damage|p2a: Electabuzz|34/100|[from] Sandstorm
|-damage|p2b: Primarina|64/100|[from] Sandstorm
|upkeep
|turn|5
|inactive|SengarBlade has 30 seconds left.
|
|t:|1757859244
|switch|p2b: Incineroar|Incineroar, L50, M|91/100
|-ability|p2b: Incineroar|Intimidate|boost
|-fail|p1a: Tyranitar|unboost|[from] item: Clear Amulet|[of] p1a: Tyranitar
|-unboost|p1b: Hydreigon|atk|1
|move|p1b: Hydreigon|Snarl|p2a: Electabuzz|[spread] p2a,p2b
|-resisted|p2b: Incineroar
|-damage|p2a: Electabuzz|28/100
|-damage|p2b: Incineroar|86/100
|-unboost|p2a: Electabuzz|spa|1
|-unboost|p2b: Incineroar|spa|1
|move|p1a: Tyranitar|Rock Slide|p2a: Electabuzz|[spread] p2a,p2b
|-supereffective|p2b: Incineroar
|-damage|p2a: Electabuzz|5/100
|-damage|p2b: Incineroar|23/100
|move|p2a: Electabuzz|Thunderbolt|p1b: Hydreigon
|-damage|p1b: Hydreigon|17/100
|-enditem|p1b: Hydreigon|Aguav Berry|[eat]
|-heal|p1b: Hydreigon|50/100|[from] item: Aguav Berry
|
|-weather|Sandstorm|[upkeep]
|-damage|p1b: Hydreigon|44/100|[from] Sandstorm
|-damage|p2a: Electabuzz|0 fnt|[from] Sandstorm
|faint|p2a: Electabuzz
|-sideend|p1: SengarBlade|move: Tailwind
|upkeep
|
|t:|1757859248
|switch|p2a: Dragapult|Dragapult, L50, M|100/100
|turn|6
|
|t:|1757859272
|-terastallize|p2a: Dragapult|Dragon
|move|p1b: Hydreigon|Protect|p1b: Hydreigon
|-singleturn|p1b: Hydreigon|Protect
|move|p2a: Dragapult|Dragon Darts|p1a: Tyranitar
|-damage|p1a: Tyranitar|50/100
|-anim|p2a: Dragapult|Dragon Darts|p1a: Tyranitar
|-damage|p1a: Tyranitar|0 fnt
|faint|p1a: Tyranitar
|move|p2b: Incineroar|Will-O-Wisp|p1b: Hydreigon
|-activate|p1b: Hydreigon|move: Protect
|
|-weather|Sandstorm|[upkeep]
|-damage|p2a: Dragapult|94/100|[from] Sandstorm
|-damage|p1b: Hydreigon|38/100|[from] Sandstorm
|upkeep
|
|t:|1757859287
|switch|p1a: Lycanroc|Lycanroc, L50, F|100/100
|turn|7
|
|t:|1757859294
|switch|p2a: Primarina|Primarina, L50, F|64/100
|switch|p1b: Murkrow|Murkrow, L50, F|37/100
|move|p1a: Lycanroc|Rock Slide|p2b: Incineroar|[spread] p2a,p2b
|-supereffective|p2b: Incineroar
|-damage|p2a: Primarina|34/100
|-damage|p2b: Incineroar|0 fnt
|-enditem|p2a: Primarina|Sitrus Berry|[eat]
|-heal|p2a: Primarina|59/100|[from] item: Sitrus Berry
|faint|p2b: Incineroar
|
|-weather|none
|upkeep
|
|t:|1757859297
|switch|p2b: Dragapult|Dragapult, L50, M, tera:Dragon|94/100
|turn|8
|inactive|SengarBlade has 30 seconds left.
|
|t:|1757859325
|move|p1b: Murkrow|Protect|p1b: Murkrow
|-singleturn|p1b: Murkrow|Protect
|move|p2b: Dragapult|Dragon Darts|p1a: Lycanroc
|-damage|p1a: Lycanroc|6/100
|-anim|p2b: Dragapult|Dragon Darts|p1a: Lycanroc
|-damage|p1a: Lycanroc|0 fnt
|faint|p1a: Lycanroc
|move|p2a: Primarina|Hyper Voice|p1b: Murkrow
|-activate|p1b: Murkrow|move: Protect
|
|upkeep
|
|t:|1757859334
|switch|p1a: Hydreigon|Hydreigon, L50, M, tera:Poison|38/100
|turn|9
|
|t:|1757859342
|move|p1b: Murkrow|Tailwind|p1b: Murkrow
|-sidestart|p1: SengarBlade|move: Tailwind
|move|p1a: Hydreigon|Draco Meteor|p2b: Dragapult
|-supereffective|p2b: Dragapult
|-damage|p2b: Dragapult|0 fnt
|-unboost|p1a: Hydreigon|spa|2
|faint|p2b: Dragapult
|move|p2a: Primarina|Hyper Voice|p1a: Hydreigon|[spread] p1a,p1b
|-damage|p1a: Hydreigon|3/100
|-damage|p1b: Murkrow|0 fnt
|faint|p1b: Murkrow
|
|upkeep
|turn|10
|
|t:|1757859356
|move|p1a: Hydreigon|Dark Pulse|p2a: Primarina
|-resisted|p2a: Primarina
|-damage|p2a: Primarina|50/100
|move|p2a: Primarina|Hyper Voice|p1a: Hydreigon
|-damage|p1a: Hydreigon|0 fnt
|faint|p1a: Hydreigon
|
|win|jowemama
||jowemama is ready for game 3.
||SengarBlade is ready for game 3.
|uhtml|next|Next: Game 3 of 3
|l| KyleTampy
|l|☆jowemama
|player|p2|
