|j|☆a-fly03
|j|☆Testingdeez
|html|a-fly03Testingdeez    
|uhtml|bestof|Game 2 of a best-of-3
|t:|1783433070
|gametype|doubles
|player|p1|a-fly03|ghetsis-gen5bw|1112
|player|p2|Testingdeez|1|1231
|gen|9
|tier|[Gen 9 Champions] VGC 2026 Reg M-B (Bo3)
|rated|
|rule|Species Clause: Limit one of each Pokémon
|rule|Item Clause: Limit 1 of each item
|clearpoke
|poke|p1|Metagross, L50, shiny|
|poke|p1|Tyranitar, L50, F|
|poke|p1|Excadrill, L50, M|
|poke|p1|Grimmsnarl, L50, M, shiny|
|poke|p1|Sneasler, L50, M, shiny|
|poke|p1|Sinistcha, L50|
|poke|p2|Gengar, L50, F, shiny|
|poke|p2|Swampert, L50, F|
|poke|p2|Politoed, L50, F, shiny|
|poke|p2|Incineroar, L50, F|
|poke|p2|Archaludon, L50, F, shiny|
|poke|p2|Vivillon, L50, M, shiny|
|teampreview|4
|showteam|p1|Metagross||Metagrossite|ClearBody|IronHead,BrickBreak,IcePunch,Protect|Jolly|||||50|]Tyranitar||Tyranitarite|SandStream|RockSlide,KnockOff,DragonDance,Protect|Jolly||F|||50|]Excadrill||FocusSash|SandRush|Earthquake,IronHead,RockSlide,Protect|Adamant||M|||50|]Grimmsnarl||RoseliBerry|Prankster|FoulPlay,PartingShot,LightScreen,Reflect|Careful||M|||50|]Sneasler||WhiteHerb|Unburden|FakeOut,CloseCombat,DireClaw,Protect|Adamant||M|||50|]Sinistcha||SitrusBerry|Hospitality|MatchaGotcha,Protect,RagePowder,LifeDew|Bold|||||50|
|showteam|p2|Gengar||Gengarite|CursedBody|SludgeBomb,ShadowBall,PerishSong,Protect|Timid||F|||50|]Swampert||Swampertite|Damp|WaveCrash,Earthquake,IcePunch,Protect|Adamant||F|||50|]Politoed||SitrusBerry|Drizzle|WeatherBall,PerishSong,Encore,Protect|Calm||F|||50|]Incineroar||PasshoBerry|Intimidate|DarkestLariat,FakeOut,PartingShot,Protect|Sassy||F|||50|]Archaludon||Leftovers|Stamina|FlashCannon,ElectroShot,DragonPulse,Protect|Bold||F|||50|]Vivillon||FocusSash|CompoundEyes|Hurricane,RagePowder,SleepPowder,Protect|Timid||M|||50|
|inactive|Battle timer is ON: inactive players will automatically lose when time's up. (requested by a-fly03)
|inactive|a-fly03 has 60 seconds left.
|inactive|Testingdeez has 60 seconds left.
|
|t:|1783433142
|teamsize|p1|4
|teamsize|p2|4
|start
|switch|p1a: Sneasler|Sneasler, L50, M, shiny|100/100
|switch|p1b: Tyranitar|Tyranitar, L50, F|100/100
|switch|p2a: Swampert|Swampert, L50, F|100/100
|switch|p2b: Vivillon|Vivillon, L50, M, shiny|100/100
|-weather|Sandstorm|[from] ability: Sand Stream|[of] p1b: Tyranitar
|turn|1
|inactive|a-fly03 has 30 seconds left.
|inactive|Testingdeez has 30 seconds left.
|
|t:|1783433177
|detailschange|p1b: Tyranitar|Tyranitar-Mega, L50, F
|-mega|p1b: Tyranitar|Tyranitar|Tyranitarite
|detailschange|p2a: Swampert|Swampert-Mega, L50, F
|-mega|p2a: Swampert|Swampert|Swampertite
|move|p1a: Sneasler|Fake Out|p2b: Vivillon
|-damage|p2b: Vivillon|74/100
|cant|p2b: Vivillon|flinch
|move|p1b: Tyranitar|Rock Slide|p2a: Swampert|[spread] p2a,p2b
|-resisted|p2a: Swampert|1
|-supereffective|p2b: Vivillon|2
|-damage|p2a: Swampert|86/100
|-damage|p2b: Vivillon|0 fnt
|faint|p2b: Vivillon
|move|p2a: Swampert|Earthquake|p1b: Tyranitar|[spread] p1a,p1b
|-supereffective|p1a: Sneasler|1
|-supereffective|p1b: Tyranitar|1
|-damage|p1a: Sneasler|0 fnt
|-damage|p1b: Tyranitar|42/100
|faint|p1a: Sneasler
|
|-weather|Sandstorm|[upkeep]
|upkeep
|
|t:|1783433194
|switch|p2b: Politoed|Politoed, L50, F, shiny|100/100
|switch|p1a: Sinistcha|Sinistcha, L50|100/100
|-weather|RainDance|[from] ability: Drizzle|[of] p2b: Politoed
|-heal|p1b: Tyranitar|66/100|[from] ability: Hospitality|[of] p1a: Sinistcha
|turn|2
|
|t:|1783433211
|switch|p2b: Archaludon|Archaludon, L50, F, shiny|100/100
|move|p2a: Swampert|Protect|p2a: Swampert
|-singleturn|p2a: Swampert|Protect
|move|p1b: Tyranitar|Protect|p1b: Tyranitar
|-singleturn|p1b: Tyranitar|Protect
|move|p1a: Sinistcha|Matcha Gotcha|p2a: Swampert|[spread] p2b
|-activate|p2a: Swampert|move: Protect
|-resisted|p2b: Archaludon|2
|-damage|p2b: Archaludon|94/100
|-ability|p2b: Archaludon|Stamina|boost
|-boost|p2b: Archaludon|def|1
|
|-weather|RainDance|[upkeep]
|-heal|p2b: Archaludon|100/100|[from] item: Leftovers
|upkeep
|turn|3
|inactive|a-fly03 has 30 seconds left.
|
|t:|1783433237
|switch|p2a: Politoed|Politoed, L50, F, shiny|100/100
|move|p1b: Tyranitar|Knock Off|p2a: Politoed
|-damage|p2a: Politoed|52/100
|-enditem|p2a: Politoed|Sitrus Berry|[from] move: Knock Off|[of] p1b: Tyranitar
|move|p2b: Archaludon|Electro Shot||[still]
|-prepare|p2b: Archaludon|Electro Shot
|-boost|p2b: Archaludon|spa|1
|-anim|p2b: Archaludon|Electro Shot|p1b: Tyranitar
|-crit|p1b: Tyranitar
|-damage|p1b: Tyranitar|4/100
|move|p1a: Sinistcha|Matcha Gotcha|p2b: Archaludon|[spread] p2a,p2b
|-supereffective|p2a: Politoed|1
|-resisted|p2b: Archaludon|2
|-damage|p2a: Politoed|15/100
|-damage|p2b: Archaludon|94/100
|-ability|p2b: Archaludon|Stamina|boost
|-boost|p2b: Archaludon|def|1
|
|-weather|RainDance|[upkeep]
|-heal|p2b: Archaludon|100/100|[from] item: Leftovers
|upkeep
|turn|4
|inactive|a-fly03 has 30 seconds left.
|
|t:|1783433268
|move|p2a: Politoed|Protect|p2a: Politoed
|-singleturn|p2a: Politoed|Protect
|move|p1b: Tyranitar|Knock Off|p2b: Archaludon
|-damage|p2b: Archaludon|83/100
|-ability|p2b: Archaludon|Stamina|boost
|-boost|p2b: Archaludon|def|1
|-enditem|p2b: Archaludon|Leftovers|[from] move: Knock Off|[of] p1b: Tyranitar
|move|p2b: Archaludon|Electro Shot||[still]
|-prepare|p2b: Archaludon|Electro Shot
|-boost|p2b: Archaludon|spa|1
|-anim|p2b: Archaludon|Electro Shot|p1b: Tyranitar
|-damage|p1b: Tyranitar|0 fnt
|faint|p1b: Tyranitar
|move|p1a: Sinistcha|Matcha Gotcha|p2b: Archaludon|[spread] p2b
|-activate|p2a: Politoed|move: Protect
|-resisted|p2b: Archaludon|2
|-damage|p2b: Archaludon|78/100
|-ability|p2b: Archaludon|Stamina|boost
|-boost|p2b: Archaludon|def|1
|
|-weather|RainDance|[upkeep]
|upkeep
|
|t:|1783433287
|switch|p1b: Excadrill|Excadrill, L50, M|100/100
|turn|5
|
|t:|1783433308
|move|p1b: Excadrill|Earthquake|p2b: Archaludon|[spread] p1a,p2a,p2b
|-resisted|p1a: Sinistcha|1
|-supereffective|p2b: Archaludon|1
|-damage|p1a: Sinistcha|83/100
|-damage|p2a: Politoed|0 fnt
|-damage|p2b: Archaludon|56/100
|-ability|p2b: Archaludon|Stamina|boost
|-boost|p2b: Archaludon|def|1
|faint|p2a: Politoed
|move|p2b: Archaludon|Dragon Pulse|p1a: Sinistcha
|-damage|p1a: Sinistcha|3/100
|-enditem|p1a: Sinistcha|Sitrus Berry|[eat]
|-heal|p1a: Sinistcha|28/100|[from] item: Sitrus Berry
|move|p1a: Sinistcha|Matcha Gotcha|p2b: Archaludon
|-resisted|p2b: Archaludon|2
|-damage|p2b: Archaludon|49/100
|-heal|p1a: Sinistcha|32/100|[from] drain|[of] p2b: Archaludon
|-ability|p2b: Archaludon|Stamina|boost
|-boost|p2b: Archaludon|def|1
|
|-weather|RainDance|[upkeep]
|upkeep
|
|t:|1783433326
|switch|p2a: Swampert|Swampert-Mega, L50, F|86/100
|turn|6
|inactive|Testingdeez has 30 seconds left.
|inactive|Testingdeez has 20 seconds left.
|
|t:|1783433368
|move|p1b: Excadrill|Protect|p1b: Excadrill
|-singleturn|p1b: Excadrill|Protect
|move|p2a: Swampert|Wave Crash|p1b: Excadrill
|-activate|p1b: Excadrill|move: Protect
|move|p2b: Archaludon|Dragon Pulse|p1a: Sinistcha
|-damage|p1a: Sinistcha|0 fnt
|faint|p1a: Sinistcha
|
|-weather|none
|upkeep
|turn|7
|
|t:|1783433380
|move|p1b: Excadrill|Earthquake|p2b: Archaludon|[spread] p2a,p2b
|-supereffective|p2b: Archaludon|1
|-damage|p2a: Swampert|49/100
|-damage|p2b: Archaludon|36/100
|move|p2a: Swampert|Wave Crash|p1b: Excadrill
|-supereffective|p1b: Excadrill|1
|-enditem|p1b: Excadrill|Focus Sash
|-damage|p1b: Excadrill|1/100
|-damage|p2a: Swampert|15/100|[from] Recoil
|move|p2b: Archaludon|Dragon Pulse|p1b: Excadrill
|-resisted|p1b: Excadrill|1
|-damage|p1b: Excadrill|0 fnt
|faint|p1b: Excadrill
|
|win|Testingdeez
|raw|a-fly03's rating: 1112 → 1095(-17 for losing)
|raw|Testingdeez's rating: 1231 → 1248(+17 for winning)
|l|☆a-fly03
|player|p1|
|l|☆Testingdeez
|player|p2|
|j|☆Testingdeez
|player|p2|Testingdeez|1|
|l|☆Testingdeez
|player|p2|
|j|☆Testingdeez
|player|p2|Testingdeez|1|
