|j|☆new mental
|j|‽fashoooo
|html|new mentalfashoooo    
|uhtml|bestof|Game 1 of a best-of-3
|t:|1784836967
|gametype|doubles
|player|p1|new mental|volkner|1219
|player|p2|fashoooo|265|1169
|gen|9
|tier|[Gen 9 Champions] VGC 2026 Reg M-B (Bo3)
|rated|
|rule|Species Clause: Limit one of each Pokémon
|rule|Item Clause: Limit 1 of each item
|clearpoke
|poke|p1|Charizard, L50, F|
|poke|p1|Garchomp, L50, F|
|poke|p1|Incineroar, L50, M|
|poke|p1|Venusaur, L50, M|
|poke|p1|Toxapex, L50, F|
|poke|p1|Sylveon, L50, F|
|poke|p2|Tyranitar, L50, M|
|poke|p2|Excadrill, L50, F|
|poke|p2|Milotic, L50, F|
|poke|p2|Sinistcha, L50|
|poke|p2|Staraptor, L50, M|
|poke|p2|Gholdengo, L50|
|teampreview|4
|showteam|p1|Charizard||CharizarditeY|SolarPower|WeatherBall,HeatWave,AncientPower,Protect|Modest||F|||50|]Garchomp||ChoiceScarf|RoughSkin|RockSlide,DragonClaw,Earthquake,StompingTantrum|Adamant||F|||50|]Incineroar||SitrusBerry|Intimidate|FlareBlitz,FakeOut,DarkestLariat,PartingShot|Impish||M|||50|]Venusaur||LifeOrb|Chlorophyll|SludgeBomb,LeafStorm,EarthPower,Protect|Modest||M|||50|]Toxapex||Leftovers|Regenerator|Infestation,Toxic,WideGuard,BanefulBunker|Bold||F|||50|]Sylveon||FairyFeather|Pixilate|HyperVoice,QuickAttack,Yawn,Detect|Modest||F|||50|
|showteam|p2|Tyranitar||Tyranitarite|SandStream|KnockOff,RockSlide,HighHorsepower,Protect|Jolly||M|||50|]Excadrill||FocusSash|SandRush|Earthquake,IronHead,RockSlide,Protect|Adamant||F|||50|]Milotic||SitrusBerry|Competitive|Scald,IcyWind,Haze,Protect|Calm||F|||50|]Sinistcha||ColburBerry|Hospitality|MatchaGotcha,ShadowBall,Protect,RagePowder|Bold|||||50|]Staraptor||Staraptite|Intimidate|CloseCombat,BraveBird,Tailwind,Protect|Jolly||M|||50|]Gholdengo||LifeOrb|GoodasGold|MakeItRain,ShadowBall,NastyPlot,Protect|Modest|||||50|
|j| toxiccroc12
|inactive|Battle timer is ON: inactive players will automatically lose when time's up. (requested by new mental)
|
|t:|1784837029
|teamsize|p1|4
|teamsize|p2|4
|start
|switch|p1a: Charizard|Charizard, L50, F|100/100
|switch|p1b: Garchomp|Garchomp, L50, F|100/100
|switch|p2a: Excadrill|Excadrill, L50, F|100/100
|switch|p2b: Staraptor|Staraptor, L50, M|100/100
|-ability|p2b: Staraptor|Intimidate|boost
|-unboost|p1a: Charizard|atk|1
|-unboost|p1b: Garchomp|atk|1
|turn|1
|inactive|fashoooo has 30 seconds left.
|
|t:|1784837057
|switch|p1a: Sylveon|Sylveon, L50, F|100/100
|move|p2a: Excadrill|Protect|p2a: Excadrill
|-singleturn|p2a: Excadrill|Protect
|move|p1b: Garchomp|Rock Slide|p2a: Excadrill|[spread] p2b
|-activate|p2a: Excadrill|move: Protect
|-supereffective|p2b: Staraptor|1
|-damage|p2b: Staraptor|66/100
|move|p2b: Staraptor|Tailwind|p2b: Staraptor
|-sidestart|p2: fashoooo|move: Tailwind
|
|upkeep
|turn|2
|
|t:|1784837077
|switch|p1a: Incineroar|Incineroar, L50, M|100/100
|-ability|p1a: Incineroar|Intimidate|boost
|-unboost|p2a: Excadrill|atk|1
|-unboost|p2b: Staraptor|atk|1
|detailschange|p2b: Staraptor|Staraptor-Mega, L50, M
|-mega|p2b: Staraptor|Staraptor|Staraptite
|move|p2b: Staraptor|Close Combat|p1b: Garchomp
|-damage|p1b: Garchomp|65/100
|-boost|p2b: Staraptor|def|1
|-boost|p2b: Staraptor|spd|1
|-damage|p2b: Staraptor|53/100|[from] ability: Rough Skin|[of] p1b: Garchomp
|move|p2a: Excadrill|Iron Head|p1a: Incineroar
|-resisted|p1a: Incineroar|1
|-damage|p1a: Incineroar|89/100
|move|p1b: Garchomp|Rock Slide|p2a: Excadrill|[spread] p2a,p2b
|-resisted|p2a: Excadrill|2
|-crit|p2b: Staraptor
|-damage|p2a: Excadrill|94/100
|-damage|p2b: Staraptor|24/100
|
|upkeep
|turn|3
|
|t:|1784837095
|move|p2b: Staraptor|Protect|p2b: Staraptor
|-singleturn|p2b: Staraptor|Protect
|move|p2a: Excadrill|Protect|p2a: Excadrill
|-singleturn|p2a: Excadrill|Protect
|move|p1a: Incineroar|Fake Out|p2a: Excadrill
|-activate|p2a: Excadrill|move: Protect
|move|p1b: Garchomp|Rock Slide|p2a: Excadrill|[spread] 
|-activate|p2a: Excadrill|move: Protect
|-activate|p2b: Staraptor|move: Protect
|
|upkeep
|turn|4
|
|t:|1784837117
|switch|p1b: Sylveon|Sylveon, L50, F|100/100
|move|p2b: Staraptor|Close Combat|p1a: Incineroar
|-supereffective|p1a: Incineroar|1
|-damage|p1a: Incineroar|31/100
|-boost|p2b: Staraptor|def|1
|-boost|p2b: Staraptor|spd|1
|-enditem|p1a: Incineroar|Sitrus Berry|[eat]
|-heal|p1a: Incineroar|56/100|[from] item: Sitrus Berry
|move|p2a: Excadrill|Earthquake|p1b: Sylveon|[spread] p1a,p1b
|-immune|p2b: Staraptor
|-supereffective|p1a: Incineroar|1
|-damage|p1a: Incineroar|10/100
|-damage|p1b: Sylveon|70/100
|move|p1a: Incineroar|Parting Shot|p2a: Excadrill
|-unboost|p2a: Excadrill|atk|1
|-unboost|p2a: Excadrill|spa|1
|
|t:|1784837124
|switch|p1a: Garchomp|Garchomp, L50, F|65/100|[from] Parting Shot
|
|-sideend|p2: fashoooo|move: Tailwind
|upkeep
|turn|5
|inactive|fashoooo has 30 seconds left.
|
|t:|1784837150
|switch|p2a: Gholdengo|Gholdengo, L50|100/100
|move|p1a: Garchomp|Stomping Tantrum|p2a: Gholdengo
|-supereffective|p2a: Gholdengo|1
|-damage|p2a: Gholdengo|22/100
|move|p2b: Staraptor|Tailwind|p2b: Staraptor
|-sidestart|p2: fashoooo|move: Tailwind
|move|p1b: Sylveon|Hyper Voice|p2b: Staraptor|[spread] p2a,p2b
|-resisted|p2a: Gholdengo|1
|-supereffective|p2b: Staraptor|1
|-damage|p2a: Gholdengo|3/100
|-damage|p2b: Staraptor|0 fnt
|faint|p2b: Staraptor
|
|upkeep
|
|t:|1784837163
|switch|p2b: Tyranitar|Tyranitar, L50, M|100/100
|-weather|Sandstorm|[from] ability: Sand Stream|[of] p2b: Tyranitar
|turn|6
|
|t:|1784837170
|move|p1b: Sylveon|Quick Attack|p2a: Gholdengo
|-resisted|p2a: Gholdengo|1
|-damage|p2a: Gholdengo|0 fnt
|faint|p2a: Gholdengo
|move|p2b: Tyranitar|Knock Off|p1a: Garchomp
|-damage|p1a: Garchomp|17/100
|-damage|p2b: Tyranitar|87/100|[from] ability: Rough Skin|[of] p1a: Garchomp
|-enditem|p1a: Garchomp|Choice Scarf|[from] move: Knock Off|[of] p2b: Tyranitar
|move|p1a: Garchomp|Stomping Tantrum|p2b: Tyranitar
|-supereffective|p2b: Tyranitar|1
|-damage|p2b: Tyranitar|15/100
|
|-weather|Sandstorm|[upkeep]
|-damage|p1b: Sylveon|64/100|[from] Sandstorm
|upkeep
|
|t:|1784837174
|switch|p2a: Excadrill|Excadrill, L50, F|94/100
|turn|7
|
|t:|1784837194
|switch|p1a: Incineroar|Incineroar, L50, M|10/100
|-ability|p1a: Incineroar|Intimidate|boost
|-unboost|p2a: Excadrill|atk|1
|-unboost|p2b: Tyranitar|atk|1
|move|p2b: Tyranitar|Protect|p2b: Tyranitar
|-singleturn|p2b: Tyranitar|Protect
|move|p1b: Sylveon|Detect|p1b: Sylveon
|-singleturn|p1b: Sylveon|Protect
|move|p2a: Excadrill|Iron Head|p1b: Sylveon
|-activate|p1b: Sylveon|move: Protect
|
|-weather|Sandstorm|[upkeep]
|-damage|p1b: Sylveon|58/100|[from] Sandstorm
|-damage|p1a: Incineroar|4/100|[from] Sandstorm
|upkeep
|turn|8
|
|t:|1784837202
|switch|p1a: Garchomp|Garchomp, L50, F|17/100
|move|p2a: Excadrill|Protect|p2a: Excadrill
|-singleturn|p2a: Excadrill|Protect
|move|p2b: Tyranitar|Protect||[still]
|-fail|p2b: Tyranitar
|move|p1b: Sylveon|Hyper Voice|p2a: Excadrill|[spread] p2b
|-activate|p2a: Excadrill|move: Protect
|-supereffective|p2b: Tyranitar|1
|-damage|p2b: Tyranitar|0 fnt
|faint|p2b: Tyranitar
|
|-weather|Sandstorm|[upkeep]
|-damage|p1b: Sylveon|52/100|[from] Sandstorm
|-sideend|p2: fashoooo|move: Tailwind
|upkeep
|turn|9
|-message|fashoooo forfeited.
|raw|new mental's rating: 1219 → 1240(+21 for winning)
|raw|fashoooo's rating: 1169 → 1148(-21 for losing)
|
|win|new mental
