|j|☆LukarioVGC
|j|☆Skyline67
|html|LukarioVGCSkyline67    
|uhtml|bestof|Game 1 of a best-of-3
|t:|1756921688
|gametype|doubles
|player|p1|LukarioVGC|cynthia-gen4|
|player|p2|Skyline67|cynthia|
|gen|9
|tier|[Gen 9] VGC 2025 Reg H (Bo3)
|rule|Species Clause: Limit one of each Pokémon
|rule|Item Clause: Limit 1 of each item
|clearpoke
|poke|p1|Sneasler, L50, F|
|poke|p1|Kingambit, L50, M|
|poke|p1|Rillaboom, L50, F|
|poke|p1|Dragonite, L50, M|
|poke|p1|Volcarona, L50, F|
|poke|p1|Sinistcha, L50|
|poke|p2|Sneasler, L50, M|
|poke|p2|Kingambit, L50, M|
|poke|p2|Rillaboom, L50, M|
|poke|p2|Baxcalibur, L50, F|
|poke|p2|Volcarona, L50, F|
|poke|p2|Palafin, L50, M|
|teampreview|4
|showteam|p1|Sneasler||FocusSash|Unburden|DireClaw,CloseCombat,Coaching,FakeOut|||F|||50|,,,,,Ghost]Kingambit||BlackGlasses|Defiant|KowtowCleave,SwordsDance,SuckerPunch,Protect|||M|||50|,,,,,Dark]Rillaboom||AssaultVest|GrassySurge|FakeOut,WoodHammer,GrassyGlide,HighHorsepower|||F|||50|,,,,,Fire]Dragonite||LoadedDice|Multiscale|ScaleShot,ExtremeSpeed,Haze,Protect|||M|||50|,,,,,Fairy]Volcarona||CovertCloak|FlameBody|HeatWave,TeraBlast,QuiverDance,Protect|||F|||50|,,,,,Fairy]Sinistcha||SitrusBerry|Hospitality|MatchaGotcha,LifeDew,RagePowder,TrickRoom||||||50|,,,,,Dark
|showteam|p2|Sneasler||FocusSash|PoisonTouch|Protect,Coaching,DireClaw,CloseCombat|||M|||50|,,,,,Stellar]Kingambit||SafetyGoggles|Defiant|Protect,SwordsDance,KowtowCleave,SuckerPunch|||M|||50|,,,,,Ghost]Rillaboom||AssaultVest|GrassySurge|FakeOut,GrassyGlide,HighHorsepower,WoodHammer|||M|||50|,,,,,Water]Baxcalibur||LoadedDice|ThermalExchange|Protect,IceShard,ScaleShot,IcicleSpear|||F|||50|,,,,,Ghost]Volcarona||SitrusBerry|FlameBody|StruggleBug,RagePowder,Overheat,Tailwind|||F|||50|,,,,,Grass]Palafin||ClearAmulet|ZerotoHero|WaveCrash,Haze,Protect,JetPunch|||M|||50|,,,,,Grass
|
|t:|1756921780
|teamsize|p1|4
|teamsize|p2|4
|start
|switch|p1a: Rillaboom|Rillaboom, L50, F|100/100
|switch|p1b: Volcarona|Volcarona, L50, F|100/100
|switch|p2a: Sneasler|Sneasler, L50, M|100/100
|switch|p2b: Baxcalibur|Baxcalibur, L50, F|100/100
|-fieldstart|move: Grassy Terrain|[from] ability: Grassy Surge|[of] p1a: Rillaboom
|turn|1
|
|t:|1756921815
|-terastallize|p2b: Baxcalibur|Ghost
|move|p2a: Sneasler|Protect|p2a: Sneasler
|-singleturn|p2a: Sneasler|Protect
|move|p1a: Rillaboom|Fake Out|p2b: Baxcalibur
|-immune|p2b: Baxcalibur
|move|p2b: Baxcalibur|Icicle Spear|p1a: Rillaboom
|-supereffective|p1a: Rillaboom
|-crit|p1a: Rillaboom
|-damage|p1a: Rillaboom|59/100
|-supereffective|p1a: Rillaboom
|-damage|p1a: Rillaboom|29/100
|-supereffective|p1a: Rillaboom
|-damage|p1a: Rillaboom|0 fnt
|faint|p1a: Rillaboom
|-hitcount|p1: Rillaboom|3
|move|p1b: Volcarona|Quiver Dance|p1b: Volcarona
|-boost|p1b: Volcarona|spa|1
|-boost|p1b: Volcarona|spd|1
|-boost|p1b: Volcarona|spe|1
|
|upkeep
|
|t:|1756921845
|switch|p1a: Sneasler|Sneasler, L50, F|100/100
|turn|2
|
|t:|1756921876
|switch|p2a: Palafin|Palafin, L50, M|100/100
|move|p1b: Volcarona|Quiver Dance|p1b: Volcarona
|-boost|p1b: Volcarona|spa|1
|-boost|p1b: Volcarona|spd|1
|-boost|p1b: Volcarona|spe|1
|move|p1a: Sneasler|Coaching|p1b: Volcarona
|-boost|p1b: Volcarona|atk|1
|-boost|p1b: Volcarona|def|1
|move|p2b: Baxcalibur|Icicle Spear|p1a: Sneasler
|-damage|p1a: Sneasler|74/100
|-damage|p1a: Sneasler|47/100
|-damage|p1a: Sneasler|22/100
|-damage|p1a: Sneasler|0 fnt
|faint|p1a: Sneasler
|-hitcount|p1: Sneasler|4
|
|upkeep
|
|t:|1756921887
|switch|p1a: Dragonite|Dragonite, L50, M|100/100
|turn|3
|
|t:|1756921918
|detailschange|p2a: Palafin|Palafin-Hero, L50, M
|switch|p2a: Sneasler|Sneasler, L50, M|100/100
|-terastallize|p1b: Volcarona|Fairy
|move|p2b: Baxcalibur|Protect|p2b: Baxcalibur
|-singleturn|p2b: Baxcalibur|Protect
|move|p1a: Dragonite|Protect|p1a: Dragonite
|-singleturn|p1a: Dragonite|Protect
|move|p1b: Volcarona|Tera Blast|p2a: Sneasler|[anim] Tera Blast Fairy
|-enditem|p2a: Sneasler|Focus Sash
|-damage|p2a: Sneasler|1/100
|
|-heal|p2a: Sneasler|7/100|[from] Grassy Terrain
|upkeep
|turn|4
|
|t:|1756921943
|move|p1b: Volcarona|Heat Wave|p2a: Sneasler|[spread] p2a,p2b
|-damage|p2a: Sneasler|0 fnt
|-damage|p2b: Baxcalibur|25/100
|-ability|p2b: Baxcalibur|Thermal Exchange|boost
|-boost|p2b: Baxcalibur|atk|1
|faint|p2a: Sneasler
|move|p2b: Baxcalibur|Icicle Spear|p1a: Dragonite
|-supereffective|p1a: Dragonite
|-damage|p1a: Dragonite|53/100
|-supereffective|p1a: Dragonite
|-damage|p1a: Dragonite|0 fnt
|faint|p1a: Dragonite
|-hitcount|p1: Dragonite|2
|
|-heal|p2b: Baxcalibur|32/100|[from] Grassy Terrain
|upkeep
|
|t:|1756921956
|switch|p2a: Palafin|Palafin-Hero, L50, M|100/100
|-activate|p2a: Palafin|ability: Zero to Hero
|turn|5
|
|t:|1756921984
|move|p1b: Volcarona|Tera Blast|p2a: Palafin|[anim] Tera Blast Fairy
|-crit|p2a: Palafin
|-damage|p2a: Palafin|0 fnt
|faint|p2a: Palafin
|move|p2b: Baxcalibur|Icicle Spear|p1b: Volcarona
|-damage|p1b: Volcarona|82/100
|-damage|p1b: Volcarona|65/100
|-damage|p1b: Volcarona|46/100
|-damage|p1b: Volcarona|27/100
|-damage|p1b: Volcarona|10/100
|-hitcount|p1b: Volcarona|5
|
|-heal|p1b: Volcarona|16/100|[from] Grassy Terrain
|-heal|p2b: Baxcalibur|38/100|[from] Grassy Terrain
|-fieldend|move: Grassy Terrain
|upkeep
|
|t:|1756921996
|switch|p2a: Kingambit|Kingambit, L50, M|100/100
|turn|6
|
|t:|1756922005
|move|p2b: Baxcalibur|Ice Shard|p1b: Volcarona
|-damage|p1b: Volcarona|0 fnt
|faint|p1b: Volcarona
|
|win|Skyline67
||LukarioVGC is ready for game 2.
||Skyline67 is ready for game 2.
|uhtml|next|Next: Game 2 of 3
