|j|☆XXX_AMONGUS_XXX69
|j|☆KChiefs7
|html|XXX_AMONGUS_XXX69KChiefs7    
|uhtml|bestof|Game 2 of a best-of-3
|t:|1756826054
|gametype|doubles
|player|p1|XXX_AMONGUS_XXX69|lady-gen6oras|1081
|player|p2|KChiefs7|swimmer-gen4|1047
|gen|9
|tier|[Gen 9] VGC 2025 Reg H (Bo3)
|rated|
|rule|Species Clause: Limit one of each Pokémon
|rule|Item Clause: Limit 1 of each item
|clearpoke
|poke|p1|Ursaluna, L50, M|
|poke|p1|Amoonguss, L50, F|
|poke|p1|Porygon2, L50|
|poke|p1|Incineroar, L50, F|
|poke|p1|Gholdengo, L50|
|poke|p1|Annihilape, L50, M|
|poke|p2|Ursaluna, L50, M|
|poke|p2|Gholdengo, L50|
|poke|p2|Flamigo, L50, M|
|poke|p2|Amoonguss, L50, M|
|poke|p2|Porygon2, L50|
|poke|p2|Incineroar, L50, F|
|teampreview|4
|showteam|p1|Ursaluna||FlameOrb|Guts|Facade,HeadlongRush,SwordsDance,Protect|||M|||50|,,,,,Flying]Amoonguss||CovertCloak|Regenerator|RagePowder,ClearSmog,PollenPuff,Spore|||F|||50|,,,,,Electric]Porygon2||Eviolite|Download|Recover,TeraBlast,IceBeam,TrickRoom||||||50|,,,,,Fighting]Incineroar||AssaultVest|Intimidate|Uturn,FlareBlitz,KnockOff,FakeOut|||F|||50|,,,,,Grass]Gholdengo||LifeOrb|GoodasGold|MakeItRain,ShadowBall,NastyPlot,Protect||||||50|,,,,,Dragon]Annihilape||SafetyGoggles|Defiant|DrainPunch,RageFist,BulkUp,Protect|||M|||50|,,,,,Water
|showteam|p2|Ursaluna||FlameOrb|Guts|Facade,HeadlongRush,Earthquake,Protect|||M|||50|,,,,,Ghost]Gholdengo||LifeOrb|GoodasGold|MakeItRain,ShadowBall,NastyPlot,Protect||||||50|,,,,,Water]Flamigo||FocusSash|Scrappy|Detect,CloseCombat,WideGuard,DualWingbeat|||M|||50|,,,,,Ghost]Amoonguss||CovertCloak|Regenerator|RagePowder,Spore,PollenPuff,ClearSmog|||M|||50|,,,,,Fairy]Porygon2||Eviolite|Download|TeraBlast,IceBeam,Recover,TrickRoom||||||50|,,,,,Fighting]Incineroar||SafetyGoggles|Intimidate|FlareBlitz,KnockOff,FakeOut,PartingShot|||F|||50|,,,,,Ghost
|inactive|Battle timer is ON: inactive players will automatically lose when time's up. (requested by KChiefs7)
|inactive|XXX_AMONGUS_XXX69 has 60 seconds left.
|inactive|KChiefs7 has 60 seconds left.
|inactive|XXX_AMONGUS_XXX69 has 30 seconds left.
|inactive|XXX_AMONGUS_XXX69 has 20 seconds left.
|inactive|XXX_AMONGUS_XXX69 has 15 seconds left.
|inactive|XXX_AMONGUS_XXX69 has 10 seconds left.
|
|t:|1756826138
|teamsize|p1|4
|teamsize|p2|4
|start
|switch|p1a: Annihilape|Annihilape, L50, M|100/100
|switch|p1b: Porygon2|Porygon2, L50|100/100
|switch|p2a: Flamigo|Flamigo, L50, M|100/100
|switch|p2b: Amoonguss|Amoonguss, L50, M|100/100
|-ability|p1b: Porygon2|Download|boost
|-boost|p1b: Porygon2|spa|1
|turn|1
|inactive|KChiefs7 has 30 seconds left.
|inactive|XXX_AMONGUS_XXX69 has 30 seconds left.
|inactive|KChiefs7 has 20 seconds left.
|
|t:|1756826174
|-terastallize|p1a: Annihilape|Water
|move|p1a: Annihilape|Bulk Up|p1a: Annihilape
|-boost|p1a: Annihilape|atk|1
|-boost|p1a: Annihilape|def|1
|move|p2a: Flamigo|Dual Wingbeat|p1a: Annihilape
|-damage|p1a: Annihilape|87/100
|-crit|p1a: Annihilape
|-damage|p1a: Annihilape|56/100
|-hitcount|p1a: Annihilape|2
|move|p1b: Porygon2|Ice Beam|p2a: Flamigo
|-supereffective|p2a: Flamigo
|-enditem|p2a: Flamigo|Focus Sash
|-damage|p2a: Flamigo|1/100
|move|p2b: Amoonguss|Spore|p1b: Porygon2
|-status|p1b: Porygon2|slp|[from] move: Spore
|
|upkeep
|turn|2
|inactive|XXX_AMONGUS_XXX69 has 30 seconds left.
|inactive|KChiefs7 has 30 seconds left.
|inactive|XXX_AMONGUS_XXX69 has 20 seconds left.
|
|t:|1756826212
|move|p2b: Amoonguss|Rage Powder|p2b: Amoonguss
|-singleturn|p2b: Amoonguss|move: Rage Powder
|move|p1a: Annihilape|Drain Punch|p2a: Flamigo
|-resisted|p2a: Flamigo
|-damage|p2a: Flamigo|0 fnt
|-heal|p1a: Annihilape|57/100|[from] drain|[of] p2a: Flamigo
|faint|p2a: Flamigo
|cant|p1b: Porygon2|slp
|
|upkeep
|
|t:|1756826225
|switch|p2a: Ursaluna|Ursaluna, L50, M|100/100
|turn|3
|
|t:|1756826242
|move|p2a: Ursaluna|Protect|p2a: Ursaluna
|-singleturn|p2a: Ursaluna|Protect
|move|p1a: Annihilape|Bulk Up|p1a: Annihilape
|-boost|p1a: Annihilape|atk|1
|-boost|p1a: Annihilape|def|1
|cant|p1b: Porygon2|slp
|move|p2b: Amoonguss|Clear Smog|p1a: Annihilape
|-damage|p1a: Annihilape|42/100
|-clearboost|p1a: Annihilape
|
|-status|p2a: Ursaluna|brn|[from] item: Flame Orb
|upkeep
|turn|4
|
|t:|1756826266
|move|p1a: Annihilape|Drain Punch|p2a: Ursaluna
|-supereffective|p2a: Ursaluna
|-damage|p2a: Ursaluna|55/100 brn
|-heal|p1a: Annihilape|67/100|[from] drain|[of] p2a: Ursaluna
|cant|p1b: Porygon2|slp
|move|p2b: Amoonguss|Pollen Puff|p2a: Ursaluna
|-heal|p2a: Ursaluna|100/100 brn
|move|p2a: Ursaluna|Earthquake|p1b: Porygon2|[spread] p2b,p1a,p1b
|-damage|p2b: Amoonguss|40/100
|-damage|p1a: Annihilape|2/100
|-damage|p1b: Porygon2|62/100 slp
|
|-damage|p2a: Ursaluna|95/100 brn|[from] brn
|upkeep
|turn|5
|
|t:|1756826289
|move|p2a: Ursaluna|Protect|p2a: Ursaluna
|-singleturn|p2a: Ursaluna|Protect
|move|p1a: Annihilape|Drain Punch|p2a: Ursaluna
|-activate|p2a: Ursaluna|move: Protect
|-curestatus|p1b: Porygon2|slp|[msg]
|move|p1b: Porygon2|Ice Beam|p2b: Amoonguss
|-supereffective|p2b: Amoonguss
|-damage|p2b: Amoonguss|0 fnt
|faint|p2b: Amoonguss
|
|-damage|p2a: Ursaluna|89/100 brn|[from] brn
|upkeep
|
|t:|1756826297
|switch|p2b: Porygon2|Porygon2, L50|100/100
|-ability|p2b: Porygon2|Download|boost
|-boost|p2b: Porygon2|atk|1
|turn|6
|
|t:|1756826312
|-terastallize|p2a: Ursaluna|Ghost
|move|p1a: Annihilape|Drain Punch|p2b: Porygon2
|-supereffective|p2b: Porygon2
|-damage|p2b: Porygon2|57/100
|-heal|p1a: Annihilape|23/100|[from] drain|[of] p2b: Porygon2
|move|p1b: Porygon2|Ice Beam|p2a: Ursaluna
|-damage|p2a: Ursaluna|58/100 brn
|move|p2a: Ursaluna|Earthquake|p1a: Annihilape|[spread] p2b,p1a,p1b
|-damage|p2b: Porygon2|13/100
|-damage|p1a: Annihilape|0 fnt
|-damage|p1b: Porygon2|19/100
|faint|p1a: Annihilape
|move|p2b: Porygon2|Trick Room|p2b: Porygon2
|-fieldstart|move: Trick Room|[of] p2b: Porygon2
|
|-damage|p2a: Ursaluna|53/100 brn|[from] brn
|upkeep
|inactive|XXX_AMONGUS_XXX69 has 30 seconds left.
|
|t:|1756826340
|switch|p1a: Incineroar|Incineroar, L50, F|100/100
|-ability|p1a: Incineroar|Intimidate|boost
|-unboost|p2a: Ursaluna|atk|1
|-unboost|p2b: Porygon2|atk|1
|turn|7
|
|t:|1756826350
|move|p1a: Incineroar|Fake Out|p2b: Porygon2
|-damage|p2b: Porygon2|6/100
|move|p2a: Ursaluna|Earthquake|p1a: Incineroar|[spread] p2b,p1a,p1b
|-supereffective|p1a: Incineroar
|-damage|p2b: Porygon2|0 fnt
|-damage|p1a: Incineroar|6/100
|-damage|p1b: Porygon2|0 fnt
|faint|p2b: Porygon2
|faint|p1b: Porygon2
|
|-damage|p2a: Ursaluna|47/100 brn|[from] brn
|upkeep
|
|t:|1756826360
|switch|p1b: Gholdengo|Gholdengo, L50|100/100
|turn|8
|
|t:|1756826372
|move|p1b: Gholdengo|Protect|p1b: Gholdengo
|-singleturn|p1b: Gholdengo|Protect
|move|p2a: Ursaluna|Earthquake|p1b: Gholdengo|[spread] p1a
|-activate|p1b: Gholdengo|move: Protect
|-supereffective|p1a: Incineroar
|-damage|p1a: Incineroar|0 fnt
|faint|p1a: Incineroar
|
|-damage|p2a: Ursaluna|41/100 brn|[from] brn
|upkeep
|turn|9
|
|t:|1756826387
|move|p2a: Ursaluna|Headlong Rush|p1b: Gholdengo
|-supereffective|p1b: Gholdengo
|-damage|p1b: Gholdengo|0 fnt
|-unboost|p2a: Ursaluna|def|1
|-unboost|p2a: Ursaluna|spd|1
|faint|p1b: Gholdengo
|
|win|KChiefs7
|raw|XXX_AMONGUS_XXX69's rating: 1081 → 1057(-24 for losing)
|raw|KChiefs7's rating: 1047 → 1083(+36 for winning)
|c|☆XXX_AMONGUS_XXX69|Gg
|l|☆XXX_AMONGUS_XXX69
|player|p1|
|c|☆KChiefs7|gg
