|j|☆SmogonSupervillain
|j|☆JonnySean
|html|SmogonSupervillainJonnySean    
|uhtml|bestof|Game 3 of a best-of-3
|t:|1756154828
|gametype|doubles
|player|p1|SmogonSupervillain|169|1000
|player|p2|JonnySean|iris-gen5bw2|1023
|gen|9
|tier|[Gen 9] VGC 2025 Reg H (Bo3)
|rated|
|rule|Species Clause: Limit one of each Pokémon
|rule|Item Clause: Limit 1 of each item
|clearpoke
|poke|p1|Gholdengo, L50|
|poke|p1|Sneasler, L50, F|
|poke|p1|Incineroar, L50, M|
|poke|p1|Amoonguss, L50, M|
|poke|p1|Dragonite, L50, F|
|poke|p1|Ursaluna-Bloodmoon, L50, M|
|poke|p2|Archaludon, L50, F|
|poke|p2|Pelipper, L50, M|
|poke|p2|Kingambit, L50, F|
|poke|p2|Gliscor, L50, F|
|poke|p2|Tauros-Paldea-Aqua, L50, M|
|poke|p2|Whimsicott, L50, F|
|teampreview|4
|showteam|p1|Gholdengo||LifeOrb|GoodasGold|MakeItRain,ShadowBall,NastyPlot,Protect||||||50|,,,,,Water]Sneasler||FocusSash|PoisonTouch|FakeOut,CloseCombat,DireClaw,Protect|||F|||50|,,,,,Stellar]Incineroar||SafetyGoggles|Intimidate|FakeOut,FlareBlitz,KnockOff,PartingShot|||M|||50|,,,,,Ghost]Amoonguss||SitrusBerry|Regenerator|Spore,RagePowder,PollenPuff,Protect|||M|||50|,,,,,Water]Dragonite||LoadedDice|Multiscale|ScaleShot,Haze,Tailwind,ExtremeSpeed|||F|||50|,,,,,Fairy]Ursaluna-Bloodmoon||AssaultVest|MindsEye|HyperVoice,BloodMoon,EarthPower,VacuumWave|||M|||50|,,,,,Normal
|showteam|p2|Archaludon||Leftovers|Stamina|BodyPress,FlashCannon,ElectroShot,Protect|||F|||50|,,,,,Grass]Pelipper||FocusSash|Drizzle|Hurricane,Tailwind,WeatherBall,HelpingHand|||M|||50|,,,,,Ghost]Kingambit||BlackGlasses|Defiant|KowtowCleave,IronHead,SuckerPunch,Protect|||F|||50|,,,,,Dark]Gliscor||ToxicOrb|PoisonHeal|Protect,RainDance,Acrobatics,KnockOff|||F|||50|,,,,,Ground]Tauros-Paldea-Aqua||MirrorHerb|Intimidate|RagingBull,AquaJet,CloseCombat,Protect|||M|||50|,,,,,Water]Whimsicott||CovertCloak|Prankster|LightScreen,Tailwind,BeatUp,HelpingHand|||F|||50|,,,,,Dark
|j| teamthief420
|l| teamthief420
|
|t:|1756154921
|teamsize|p1|4
|teamsize|p2|4
|start
|switch|p1a: Amoonguss|Amoonguss, L50, M|100/100
|switch|p1b: Ursaluna|Ursaluna-Bloodmoon, L50, M|100/100
|switch|p2a: Pelipper|Pelipper, L50, M|100/100
|switch|p2b: Tauros|Tauros-Paldea-Aqua, L50, M|100/100
|-ability|p2b: Tauros|Intimidate|boost
|-unboost|p1a: Amoonguss|atk|1
|-unboost|p1b: Ursaluna|atk|1
|-weather|RainDance|[from] ability: Drizzle|[of] p2a: Pelipper
|turn|1
|
|t:|1756154969
|move|p2a: Pelipper|Helping Hand|p2b: Tauros
|-singleturn|p2b: Tauros|Helping Hand|[of] p2a: Pelipper
|move|p1a: Amoonguss|Rage Powder|p1a: Amoonguss
|-singleturn|p1a: Amoonguss|move: Rage Powder
|move|p2b: Tauros|Close Combat|p1a: Amoonguss
|-resisted|p1a: Amoonguss
|-damage|p1a: Amoonguss|65/100
|-unboost|p2b: Tauros|def|1
|-unboost|p2b: Tauros|spd|1
|move|p1b: Ursaluna|Blood Moon|p2b: Tauros
|-damage|p2b: Tauros|0 fnt
|faint|p2b: Tauros
|
|-weather|RainDance|[upkeep]
|upkeep
|
|t:|1756154995
|switch|p2b: Gliscor|Gliscor, L50, F|100/100
|turn|2
|
|t:|1756155011
|-terastallize|p1b: Ursaluna|Normal
|move|p2b: Gliscor|Protect|p2b: Gliscor
|-singleturn|p2b: Gliscor|Protect
|move|p2a: Pelipper|Hurricane|p1a: Amoonguss
|-supereffective|p1a: Amoonguss
|-damage|p1a: Amoonguss|0 fnt
|faint|p1a: Amoonguss
|move|p1b: Ursaluna|Hyper Voice|p2a: Pelipper|[spread] p2a
|-activate|p2b: Gliscor|move: Protect
|-damage|p2a: Pelipper|18/100
|
|-weather|RainDance|[upkeep]
|-status|p2b: Gliscor|tox|[from] item: Toxic Orb
|upkeep
|
|t:|1756155028
|switch|p1a: Sneasler|Sneasler, L50, F|100/100
|turn|3
|
|t:|1756155075
|move|p1a: Sneasler|Fake Out|p2a: Pelipper
|-damage|p2a: Pelipper|0 fnt
|faint|p2a: Pelipper
|move|p2b: Gliscor|Acrobatics|p1a: Sneasler
|-supereffective|p1a: Sneasler
|-damage|p1a: Sneasler|37/100
|move|p1b: Ursaluna|Blood Moon|p2b: Gliscor
|-damage|p2b: Gliscor|0 fnt
|faint|p2b: Gliscor
|
|-weather|RainDance|[upkeep]
|upkeep
|
|t:|1756155089
|switch|p2b: Kingambit|Kingambit, L50, F|100/100
|turn|4
|
|t:|1756155100
|-terastallize|p2b: Kingambit|Dark
|move|p1b: Ursaluna|Vacuum Wave|p2b: Kingambit
|-supereffective|p2b: Kingambit
|-damage|p2b: Kingambit|75/100
|move|p2b: Kingambit|Sucker Punch|p1a: Sneasler
|-resisted|p1a: Sneasler
|-damage|p1a: Sneasler|0 fnt
|faint|p1a: Sneasler
|
|-weather|RainDance|[upkeep]
|upkeep
|
|t:|1756155108
|switch|p1a: Gholdengo|Gholdengo, L50|100/100
|turn|5
|
|t:|1756155117
|move|p1a: Gholdengo|Make It Rain|p2b: Kingambit
|-damage|p2b: Kingambit|0 fnt
|-unboost|p1a: Gholdengo|spa|1
|faint|p2b: Kingambit
|-damage|p1a: Gholdengo|91/100|[from] item: Life Orb
|
|win|SmogonSupervillain
|raw|SmogonSupervillain's rating: 1000 → 1043(+43 for winning)
|raw|JonnySean's rating: 1023 → 1009(-14 for losing)
|l|☆JonnySean
|player|p2|
