|j|☆0oBRUNCHo0
|j|☆zxzx434343
|html|0oBRUNCHo0zxzx434343    
|uhtml|bestof|Game 1 of a best-of-3
|t:|1786182502
|gametype|doubles
|player|p1|0oBRUNCHo0|unknown|1073
|player|p2|zxzx434343|169|1018
|gen|9
|tier|[Gen 9 Champions] VGC 2026 Reg M-B (Bo3)
|rated|
|rule|Species Clause: Limit one of each Pokémon
|rule|Item Clause: Limit 1 of each item
|clearpoke
|poke|p1|Charizard, L50, M|
|poke|p1|Archaludon, L50, F|
|poke|p1|Venusaur, L50, F|
|poke|p1|Pelipper, L50, F|
|poke|p1|Grimmsnarl, L50, M|
|poke|p1|Basculegion, L50, M|
|poke|p2|Garchomp, L50, M|
|poke|p2|Ninetales-Alola, L50, M|
|poke|p2|Rotom-Wash, L50|
|poke|p2|Greninja, L50, M, shiny|
|poke|p2|Metagross, L50, shiny|
|poke|p2|Sableye, L50, F, shiny|
|teampreview|4
|showteam|p1|Charizard||CharizarditeY|Blaze|HeatWave,WeatherBall,SolarBeam,Protect|Modest||M|||50|]Archaludon||Leftovers|Stamina|ElectroShot,FlashCannon,DragonPulse,Protect|Modest||F|||50|]Venusaur||Venusaurite|Chlorophyll|EarthPower,GigaDrain,SludgeBomb,Protect|Modest||F|||50|]Pelipper||FocusSash|Drizzle|WeatherBall,Hurricane,Tailwind,WideGuard|Timid||F|||50|]Grimmsnarl||LightClay|Prankster|SpiritBreak,PartingShot,Reflect,LightScreen|Careful||M|||50|]Basculegion||ChoiceScarf|Adaptability|WaveCrash,FlipTurn,AquaJet,LastRespects|Jolly||M|||50|
|showteam|p2|Garchomp||SitrusBerry|RoughSkin|DragonClaw,PoisonJab,RockSlide,Protect|Jolly||M|||50|]Ninetales-Alola||LightClay|SnowWarning|Moonblast,AuroraVeil,Blizzard,FreezeDry|Bold||M|||50|]Rotom-Wash||WideLens|Levitate|Protect,HydroPump,WillOWisp,Thunderbolt|Modest|||||50|]Greninja||Greninjite|Protean|SludgeWave,WaterShuriken,Protect,Blizzard|Modest||M|||50|]Metagross||Metagrossite|ClearBody|RockSlide,Protect,BrickBreak,IronHead|Serious|||||50|]Sableye||Leftovers|Prankster|RainDance,Encore,ThunderWave,FakeOut|Bold||F|||50|
|
|t:|1786182585
|teamsize|p1|4
|teamsize|p2|4
|start
|switch|p1a: Grimmsnarl|Grimmsnarl, L50, M|100/100
|switch|p1b: Venusaur|Venusaur, L50, F|100/100
|switch|p2a: Ninetales|Ninetales-Alola, L50, M|100/100
|switch|p2b: Garchomp|Garchomp, L50, M|100/100
|-weather|Snowscape|[from] ability: Snow Warning|[of] p2a: Ninetales
|turn|1
|
|t:|1786182633
|detailschange|p1b: Venusaur|Venusaur-Mega, L50, F
|-mega|p1b: Venusaur|Venusaur|Venusaurite
|move|p1b: Venusaur|Protect|p1b: Venusaur
|-singleturn|p1b: Venusaur|Protect
|move|p1a: Grimmsnarl|Reflect|p1a: Grimmsnarl
|-sidestart|p1: 0oBRUNCHo0|Reflect
|move|p2b: Garchomp|Poison Jab|p1a: Grimmsnarl
|-supereffective|p1a: Grimmsnarl|1
|-damage|p1a: Grimmsnarl|58/100
|move|p2a: Ninetales|Freeze-Dry|p1b: Venusaur
|-activate|p1b: Venusaur|move: Protect
|
|-weather|Snowscape|[upkeep]
|upkeep
|turn|2
|
|t:|1786182660
|move|p1a: Grimmsnarl|Parting Shot|p2b: Garchomp
|-unboost|p2b: Garchomp|atk|1
|-unboost|p2b: Garchomp|spa|1
|
|t:|1786182664
|switch|p1a: Pelipper|Pelipper, L50, F|100/100|[from] Parting Shot
|-weather|RainDance|[from] ability: Drizzle|[of] p1a: Pelipper
|move|p2b: Garchomp|Poison Jab|p1a: Pelipper
|-damage|p1a: Pelipper|81/100
|-status|p1a: Pelipper|psn
|move|p2a: Ninetales|Aurora Veil||[still]
|-fail|p2a: Ninetales
|move|p1b: Venusaur|Sludge Bomb|p2a: Ninetales
|-supereffective|p2a: Ninetales|1
|-damage|p2a: Ninetales|3/100
|
|-weather|RainDance|[upkeep]
|-damage|p1a: Pelipper|69/100 psn|[from] psn
|upkeep
|turn|3
|
|t:|1786182699
|switch|p2b: Rotom|Rotom-Wash, L50|100/100
|switch|p2a: Metagross|Metagross, L50, shiny|100/100
|move|p1a: Pelipper|Tailwind|p1a: Pelipper
|-sidestart|p1: 0oBRUNCHo0|move: Tailwind
|move|p1b: Venusaur|Earth Power|p2a: Metagross
|-supereffective|p2a: Metagross|1
|-damage|p2a: Metagross|14/100
|
|-weather|RainDance|[upkeep]
|-damage|p1a: Pelipper|56/100 psn|[from] psn
|upkeep
|turn|4
|
|t:|1786182725
|move|p2a: Metagross|Protect|p2a: Metagross
|-singleturn|p2a: Metagross|Protect
|move|p1a: Pelipper|Weather Ball|p2a: Metagross
|-activate|p2a: Metagross|move: Protect
|move|p1b: Venusaur|Giga Drain|p2b: Rotom
|-supereffective|p2b: Rotom|1
|-damage|p2b: Rotom|0 fnt
|faint|p2b: Rotom
|
|-weather|RainDance|[upkeep]
|-damage|p1a: Pelipper|44/100 psn|[from] psn
|upkeep
|
|t:|1786182740
|switch|p2b: Ninetales|Ninetales-Alola, L50, M|3/100
|-weather|Snowscape|[from] ability: Snow Warning|[of] p2b: Ninetales
|turn|5
|
|t:|1786182757
|detailschange|p2a: Metagross|Metagross-Mega, L50, shiny
|-mega|p2a: Metagross|Metagross|Metagrossite
|move|p1a: Pelipper|Hurricane|p2a: Metagross
|-resisted|p2a: Metagross|1
|-damage|p2a: Metagross|0 fnt
|faint|p2a: Metagross
|move|p1b: Venusaur|Sludge Bomb|p2b: Ninetales
|-supereffective|p2b: Ninetales|1
|-damage|p2b: Ninetales|0 fnt
|faint|p2b: Ninetales
|
|-weather|Snowscape|[upkeep]
|-damage|p1a: Pelipper|32/100 psn|[from] psn
|upkeep
|l|☆zxzx434343
|player|p2|
|inactive|Battle timer is ON: inactive players will automatically lose when time's up. (requested by 0oBRUNCHo0)
|inactive|zxzx434343 has 30 seconds to reconnect!
|inactive|zxzx434343 has 20 seconds to reconnect!
|inactive|zxzx434343 has 15 seconds to reconnect!
|inactive|zxzx434343 has 10 seconds to reconnect!
|inactive|zxzx434343 has 5 seconds to reconnect!
|-message|zxzx434343 lost due to inactivity.
|
|win|0oBRUNCHo0
|raw|0oBRUNCHo0's rating: 1073 → 1097(+24 for winning)
|raw|zxzx434343's rating: 1018 → 1007(-11 for losing)
