|j|☆bigpapalopa
|j|☆dropddead
|html|bigpapalopadropddead    
|uhtml|bestof|Game 2 of a best-of-3
|t:|1785092365
|gametype|doubles
|player|p1|bigpapalopa|alder|1063
|player|p2|dropddead|101|1139
|gen|9
|tier|[Gen 9 Champions] VGC 2026 Reg M-B (Bo3)
|rated|
|rule|Species Clause: Limit one of each Pokémon
|rule|Item Clause: Limit 1 of each item
|clearpoke
|poke|p1|Aerodactyl, L50, F|
|poke|p1|Sneasler, L50, F|
|poke|p1|Charizard, L50, F|
|poke|p1|Venusaur, L50, M|
|poke|p1|Whimsicott, L50, M|
|poke|p1|Garchomp, L50, F|
|poke|p2|Staraptor, L50, F|
|poke|p2|Vanilluxe, L50, M|
|poke|p2|Farigiraf, L50, F|
|poke|p2|Blastoise, L50, F|
|poke|p2|Kingambit, L50, M|
|poke|p2|Camerupt, L50, M|
|teampreview|4
|showteam|p1|Aerodactyl||FocusSash|Unnerve|DualWingbeat,Taunt,RockSlide,Tailwind|Jolly||F|||50|]Sneasler||MentalHerb|PoisonTouch|Uturn,CloseCombat,DireClaw,FakeOut|Jolly||F|||50|]Charizard||CharizarditeY|SolarPower|Protect,HeatWave,WeatherBall,SolarBeam|Timid||F|||50|]Venusaur||LifeOrb|Chlorophyll|EarthPower,SleepPowder,SludgeBomb,SolarBeam|Timid||M|||50|]Whimsicott||Leftovers|Prankster|Encore,LeechSeed,Protect,Tailwind|Calm||M|||50|]Garchomp||ChoiceScarf|RoughSkin|DragonClaw,Earthquake,IronHead,ShadowClaw|Adamant||F|||50|
|showteam|p2|Staraptor||ChoiceScarf|Intimidate|FinalGambit,BraveBird,CloseCombat,DualWingbeat|Jolly||F|||50|]Vanilluxe||NeverMeltIce|SnowWarning|Blizzard,FreezeDry,Protect,IceShard|Quiet||M|||50|]Farigiraf||SitrusBerry|ArmorTail|PsychicFangs,HyperVoice,HelpingHand,TrickRoom|Relaxed||F|||50|]Blastoise||Blastoisinite|RainDish|FakeOut,WaterSpout,AuraSphere,DarkPulse|Quiet||F|||50|]Kingambit||LifeOrb|Defiant|KowtowCleave,IronHead,Protect,SuckerPunch|Brave||M|||50|]Camerupt||Cameruptite|SolidRock|HeatWave,EarthPower,Protect,AncientPower|Quiet||M|||50|
|
|t:|1785092422
|teamsize|p1|4
|teamsize|p2|4
|start
|switch|p1a: Garchomp|Garchomp, L50, F|100/100
|switch|p1b: Aerodactyl|Aerodactyl, L50, F|100/100
|switch|p2a: Staraptor|Staraptor, L50, F|100/100
|switch|p2b: Blastoise|Blastoise, L50, F|100/100
|-ability|p1b: Aerodactyl|Unnerve
|-ability|p2a: Staraptor|Intimidate|boost
|-unboost|p1a: Garchomp|atk|1
|-unboost|p1b: Aerodactyl|atk|1
|turn|1
|
|t:|1785092451
|detailschange|p2b: Blastoise|Blastoise-Mega, L50, F
|-mega|p2b: Blastoise|Blastoise|Blastoisinite
|move|p2b: Blastoise|Fake Out|p1b: Aerodactyl
|-resisted|p1b: Aerodactyl|1
|-damage|p1b: Aerodactyl|92/100
|move|p1a: Garchomp|Dragon Claw|p2a: Staraptor
|-damage|p2a: Staraptor|64/100
|move|p2a: Staraptor|Final Gambit|p1b: Aerodactyl
|-damage|p1b: Aerodactyl|14/100
|faint|p2a: Staraptor
|cant|p1b: Aerodactyl|flinch
|
|upkeep
|
|t:|1785092464
|switch|p2a: Vanilluxe|Vanilluxe, L50, M|100/100
|-weather|Snowscape|[from] ability: Snow Warning|[of] p2a: Vanilluxe
|turn|2
|
|t:|1785092480
|move|p2a: Vanilluxe|Protect|p2a: Vanilluxe
|-singleturn|p2a: Vanilluxe|Protect
|move|p1a: Garchomp|Dragon Claw|p2a: Vanilluxe
|-activate|p2a: Vanilluxe|move: Protect
|move|p1b: Aerodactyl|Rock Slide|p2b: Blastoise|[spread] p2b
|-activate|p2a: Vanilluxe|move: Protect
|-damage|p2b: Blastoise|86/100
|move|p2b: Blastoise|Dark Pulse|p1b: Aerodactyl
|-damage|p1b: Aerodactyl|0 fnt
|faint|p1b: Aerodactyl
|
|-weather|Snowscape|[upkeep]
|upkeep
|
|t:|1785092495
|switch|p1b: Charizard|Charizard, L50, F|100/100
|turn|3
|
|t:|1785092521
|switch|p2a: Farigiraf|Farigiraf, L50, F|100/100
|detailschange|p1b: Charizard|Charizard-Mega-Y, L50, F
|-mega|p1b: Charizard|Charizard|Charizardite Y
|-weather|SunnyDay|[from] ability: Drought|[of] p1b: Charizard
|move|p1a: Garchomp|Dragon Claw|p2a: Farigiraf
|-damage|p2a: Farigiraf|74/100
|move|p1b: Charizard|Solar Beam||[still]
|-prepare|p1b: Charizard|Solar Beam
|-anim|p1b: Charizard|Solar Beam|p2b: Blastoise
|-supereffective|p2b: Blastoise|1
|-damage|p2b: Blastoise|1/100
|move|p2b: Blastoise|Water Spout|p1a: Garchomp|[spread] p1a,p1b
|-supereffective|p1b: Charizard|1
|-damage|p1a: Garchomp|99/100
|-damage|p1b: Charizard|99/100
|
|-weather|SunnyDay|[upkeep]
|upkeep
|turn|4
|
|t:|1785092551
|move|p1a: Garchomp|Dragon Claw|p2a: Farigiraf
|-damage|p2a: Farigiraf|51/100
|move|p1b: Charizard|Heat Wave|p2b: Blastoise|[spread] p2a,p2b
|-resisted|p2b: Blastoise|1
|-damage|p2a: Farigiraf|0 fnt
|-damage|p2b: Blastoise|0 fnt
|faint|p2a: Farigiraf
|faint|p2b: Blastoise
|
|-weather|SunnyDay|[upkeep]
|upkeep
|
|t:|1785092557
|switch|p2b: Vanilluxe|Vanilluxe, L50, M|100/100
|-weather|Snowscape|[from] ability: Snow Warning|[of] p2b: Vanilluxe
|turn|5
|
|t:|1785092566
|switch|p1b: Venusaur|Venusaur, L50, M|100/100
|move|p2b: Vanilluxe|Ice Shard|p1a: Garchomp
|-supereffective|p1a: Garchomp|2
|-damage|p1a: Garchomp|28/100
|move|p1a: Garchomp|Dragon Claw|p2b: Vanilluxe
|-damage|p2b: Vanilluxe|77/100
|
|-weather|Snowscape|[upkeep]
|upkeep
|turn|6
|
|t:|1785092584
|switch|p1a: Charizard|Charizard-Mega-Y, L50, F|99/100
|-weather|SunnyDay|[from] ability: Drought|[of] p1a: Charizard
|move|p1b: Venusaur|Sludge Bomb|p2b: Vanilluxe
|-damage|p2b: Vanilluxe|26/100
|-damage|p1b: Venusaur|90/100|[from] item: Life Orb
|move|p2b: Vanilluxe|Blizzard|p1a: Charizard|[spread] p1b
|-miss|p2b: Vanilluxe|p1a: Charizard
|-supereffective|p1b: Venusaur|1
|-damage|p1b: Venusaur|0 fnt
|faint|p1b: Venusaur
|
|-weather|SunnyDay|[upkeep]
|upkeep
|
|t:|1785092597
|switch|p1b: Garchomp|Garchomp, L50, F|28/100
|turn|7
|
|t:|1785092604
|move|p2b: Vanilluxe|Ice Shard|p1a: Charizard
|-damage|p1a: Charizard|75/100
|move|p1b: Garchomp|Iron Head|p2b: Vanilluxe
|-supereffective|p2b: Vanilluxe|1
|-crit|p2b: Vanilluxe
|-damage|p2b: Vanilluxe|0 fnt
|faint|p2b: Vanilluxe
|
|win|bigpapalopa
