|j|☆ciep67
|j|☆Br1_lore
|html|ciep67Br1_lore    
|uhtml|bestof|Game 1 of a best-of-3
|t:|1782463330
|gametype|doubles
|player|p1|ciep67|silver|1060
|player|p2|Br1_lore|266|1170
|gen|9
|tier|[Gen 9 Champions] VGC 2026 Reg M-B (Bo3)
|rated|
|rule|Species Clause: Limit one of each Pokémon
|rule|Item Clause: Limit 1 of each item
|clearpoke
|poke|p1|Grimmsnarl, L50, M|
|poke|p1|Metagross, L50|
|poke|p1|Pelipper, L50, M|
|poke|p1|Swampert, L50, M|
|poke|p1|Archaludon, L50, F|
|poke|p1|Sinistcha, L50|
|poke|p2|Metagross, L50|
|poke|p2|Hydreigon, L50, F|
|poke|p2|Sneasler, L50, M|
|poke|p2|Aerodactyl, L50, M|
|poke|p2|Scovillain, L50, F|
|poke|p2|Basculegion, L50, M|
|teampreview|4
|showteam|p1|Grimmsnarl||LightClay|Prankster|FoulPlay,PartingShot,Reflect,LightScreen|Calm||M|||50|]Metagross||Metagrossite|ClearBody|Protect,PsychicFangs,IronHead,StompingTantrum|Jolly|||||50|]Pelipper||FocusSash|Drizzle|WideGuard,Tailwind,WeatherBall,Hurricane|Modest||M|||50|]Swampert||Swampertite|Torrent|Protect,WaveCrash,IcePunch,Earthquake|Adamant||M|||50|]Archaludon||Leftovers|Stamina|Protect,DragonPulse,ElectroShot,FlashCannon|Modest||F|||50|]Sinistcha||CobaBerry|Hospitality|LifeDew,MatchaGotcha,TrickRoom,RagePowder|Bold|||||50|
|showteam|p2|Metagross||Metagrossite|ClearBody|IronHead,PsychicFangs,BodyPress,Protect|Jolly|||||50|]Hydreigon||ChoiceScarf|Levitate|DracoMeteor,EarthPower,HeatWave,DarkPulse|Modest||F|||50|]Sneasler||WhiteHerb|Unburden|CloseCombat,DireClaw,FakeOut,Protect|Adamant||M|||50|]Aerodactyl||FocusSash|Unnerve|RockSlide,DualWingbeat,Protect,Tailwind|Jolly||M|||50|]Scovillain||Scovillainite|Moody|Overheat,GigaDrain,RagePowder,Protect|Bold||F|||50|]Basculegion||LifeOrb|Adaptability|AquaJet,LastRespects,Protect,WaveCrash|Adamant||M|||50|
|
|t:|1782463379
|teamsize|p1|4
|teamsize|p2|4
|start
|switch|p1a: Archaludon|Archaludon, L50, F|100/100
|switch|p1b: Grimmsnarl|Grimmsnarl, L50, M|100/100
|switch|p2a: Aerodactyl|Aerodactyl, L50, M|100/100
|switch|p2b: Scovillain|Scovillain, L50, F|100/100
|-ability|p2a: Aerodactyl|Unnerve
|turn|1
|
|t:|1782463409
|detailschange|p2b: Scovillain|Scovillain-Mega, L50, F
|-mega|p2b: Scovillain|Scovillain|Scovillainite
|move|p1b: Grimmsnarl|Parting Shot|p2a: Aerodactyl
|-unboost|p2a: Aerodactyl|atk|1
|-unboost|p2a: Aerodactyl|spa|1
|
|t:|1782463420
|switch|p1b: Pelipper|Pelipper, L50, M|100/100|[from] Parting Shot
|-weather|RainDance|[from] ability: Drizzle|[of] p1b: Pelipper
|move|p2a: Aerodactyl|Tailwind|p2a: Aerodactyl
|-sidestart|p2: Br1_lore|move: Tailwind
|move|p2b: Scovillain|Giga Drain|p1b: Pelipper
|-damage|p1b: Pelipper|40/100
|move|p1a: Archaludon|Electro Shot||[still]
|-prepare|p1a: Archaludon|Electro Shot
|-boost|p1a: Archaludon|spa|1
|-anim|p1a: Archaludon|Electro Shot|p2a: Aerodactyl
|-supereffective|p2a: Aerodactyl|1
|-enditem|p2a: Aerodactyl|Focus Sash
|-damage|p2a: Aerodactyl|1/100
|
|-weather|RainDance|[upkeep]
|upkeep
|turn|2
|
|t:|1782463449
|move|p1b: Pelipper|Wide Guard|p1b: Pelipper
|-singleturn|p1b: Pelipper|Wide Guard
|move|p2a: Aerodactyl|Dual Wingbeat|p1b: Pelipper
|-damage|p1b: Pelipper|25/100
|-damage|p1b: Pelipper|10/100
|-hitcount|p1b: Pelipper|2
|move|p2b: Scovillain|Giga Drain|p1b: Pelipper
|-damage|p1b: Pelipper|0 fnt
|faint|p1b: Pelipper
|move|p1a: Archaludon|Dragon Pulse|p2a: Aerodactyl
|-damage|p2a: Aerodactyl|0 fnt
|faint|p2a: Aerodactyl
|
|-weather|RainDance|[upkeep]
|upkeep
|
|t:|1782463463
|switch|p2a: Sneasler|Sneasler, L50, M|100/100
|switch|p1b: Swampert|Swampert, L50, M|100/100
|turn|3
|inactive|Battle timer is ON: inactive players will automatically lose when time's up. (requested by ciep67)
|
|t:|1782463480
|switch|p1b: Grimmsnarl|Grimmsnarl, L50, M|100/100
|move|p2b: Scovillain|Rage Powder|p2b: Scovillain
|-singleturn|p2b: Scovillain|move: Rage Powder
|move|p2a: Sneasler|Close Combat|p1a: Archaludon
|-supereffective|p1a: Archaludon|1
|-damage|p1a: Archaludon|22/100
|-unboost|p2a: Sneasler|def|1
|-unboost|p2a: Sneasler|spd|1
|-ability|p1a: Archaludon|Stamina|boost
|-boost|p1a: Archaludon|def|1
|-enditem|p2a: Sneasler|White Herb
|-clearnegativeboost|p2a: Sneasler|[silent]
|move|p1a: Archaludon|Electro Shot||[still]
|-prepare|p1a: Archaludon|Electro Shot
|-boost|p1a: Archaludon|spa|1
|-anim|p1a: Archaludon|Electro Shot|p2b: Scovillain
|-resisted|p2b: Scovillain|1
|-damage|p2b: Scovillain|54/100
|-status|p1a: Archaludon|brn|[from] ability: Spicy Spray|[of] p2b: Scovillain
|
|-weather|RainDance|[upkeep]
|-heal|p1a: Archaludon|28/100 brn|[from] item: Leftovers
|-damage|p1a: Archaludon|22/100 brn|[from] brn
|upkeep
|turn|4
|inactive|Br1_lore has 30 seconds left.
|
|t:|1782463507
|move|p1a: Archaludon|Protect|p1a: Archaludon
|-singleturn|p1a: Archaludon|Protect
|move|p2b: Scovillain|Rage Powder|p2b: Scovillain
|-singleturn|p2b: Scovillain|move: Rage Powder
|move|p1b: Grimmsnarl|Reflect|p1b: Grimmsnarl
|-sidestart|p1: ciep67|Reflect
|move|p2a: Sneasler|Dire Claw|p1b: Grimmsnarl
|-supereffective|p1b: Grimmsnarl|1
|-damage|p1b: Grimmsnarl|47/100
|
|-weather|RainDance|[upkeep]
|-heal|p1a: Archaludon|28/100 brn|[from] item: Leftovers
|-damage|p1a: Archaludon|22/100 brn|[from] brn
|-sideend|p2: Br1_lore|move: Tailwind
|upkeep
|turn|5
|
|t:|1782463521
|switch|p1a: Swampert|Swampert, L50, M|100/100
|move|p1b: Grimmsnarl|Parting Shot|p2a: Sneasler
|-unboost|p2a: Sneasler|atk|1
|-unboost|p2a: Sneasler|spa|1
|
|t:|1782463526
|switch|p1b: Archaludon|Archaludon, L50, F|22/100 brn|[from] Parting Shot
|move|p2a: Sneasler|Close Combat|p1a: Swampert
|-damage|p1a: Swampert|74/100
|-unboost|p2a: Sneasler|def|1
|-unboost|p2a: Sneasler|spd|1
|move|p2b: Scovillain|Giga Drain|p1b: Archaludon
|-resisted|p1b: Archaludon|2
|-damage|p1b: Archaludon|13/100 brn
|-heal|p2b: Scovillain|59/100|[from] drain|[of] p1b: Archaludon
|-ability|p1b: Archaludon|Stamina|boost
|-boost|p1b: Archaludon|def|1
|
|-weather|none
|-heal|p1b: Archaludon|19/100 brn|[from] item: Leftovers
|-damage|p1b: Archaludon|13/100 brn|[from] brn
|upkeep
|turn|6
|inactive|ciep67 has 30 seconds left.
|
|t:|1782463553
|detailschange|p1a: Swampert|Swampert-Mega, L50, M
|-mega|p1a: Swampert|Swampert|Swampertite
|move|p1b: Archaludon|Protect|p1b: Archaludon
|-singleturn|p1b: Archaludon|Protect
|move|p2a: Sneasler|Close Combat|p1b: Archaludon
|-activate|p1b: Archaludon|move: Protect
|move|p1a: Swampert|Earthquake|p2a: Sneasler|[spread] p2a,p2b
|-activate|p1b: Archaludon|move: Protect
|-supereffective|p2a: Sneasler|1
|-damage|p2a: Sneasler|0 fnt
|-damage|p2b: Scovillain|18/100
|-status|p1a: Swampert|brn|[from] ability: Spicy Spray|[of] p2b: Scovillain
|faint|p2a: Sneasler
|move|p2b: Scovillain|Giga Drain|p1a: Swampert
|-supereffective|p1a: Swampert|2
|-damage|p1a: Swampert|0 fnt
|-heal|p2b: Scovillain|60/100|[from] drain|[of] p1a: Swampert
|faint|p1a: Swampert
|
|-heal|p1b: Archaludon|19/100 brn|[from] item: Leftovers
|-damage|p1b: Archaludon|13/100 brn|[from] brn
|upkeep
|
|t:|1782463563
|switch|p2a: Basculegion|Basculegion, L50, M|100/100
|switch|p1a: Grimmsnarl|Grimmsnarl, L50, M|47/100
|turn|7
|
|t:|1782463575
|move|p1a: Grimmsnarl|Parting Shot|p2a: Basculegion
|-unboost|p2a: Basculegion|atk|1
|-unboost|p2a: Basculegion|spa|1
|move|p2a: Basculegion|Last Respects|p1a: Grimmsnarl
|-resisted|p1a: Grimmsnarl|1
|-damage|p1a: Grimmsnarl|20/100y
|-damage|p2a: Basculegion|90/100|[from] item: Life Orb
|move|p1b: Archaludon|Dragon Pulse|p2a: Basculegion
|-damage|p2a: Basculegion|47/100
|move|p2b: Scovillain|Overheat|p1b: Archaludon
|-damage|p1b: Archaludon|0 fnt
|-unboost|p2b: Scovillain|spa|2
|faint|p1b: Archaludon
|
|upkeep
|turn|8
|-message|ciep67 forfeited.
|
|win|Br1_lore
||ciep67 is ready for game 2.
||Br1_lore is ready for game 2.
|uhtml|next|Next: Game 2 of 3
|l|☆ciep67
|player|p1|
