|j|☆saboyita
|j|☆Lego Darth Malgus
|html|saboyitaLego Darth Malgus    
|uhtml|bestof|Game 2 of a best-of-3
|t:|1756496135
|gametype|doubles
|player|p1|saboyita|grimsley|1087
|player|p2|Lego Darth Malgus|170|1182
|gen|9
|tier|[Gen 9] VGC 2025 Reg H (Bo3)
|rated|
|rule|Species Clause: Limit one of each Pokémon
|rule|Item Clause: Limit 1 of each item
|clearpoke
|poke|p1|Amoonguss, L50, M|
|poke|p1|Hydreigon, L50, F|
|poke|p1|Whimsicott, L50, M|
|poke|p1|Maushold-Four, L50|
|poke|p1|Annihilape, L50, F|
|poke|p1|Ursaluna-Bloodmoon, L50, M|
|poke|p2|Kommo-o, L50, F|
|poke|p2|Tyranitar, L50, M|
|poke|p2|Excadrill, L50, F|
|poke|p2|Samurott-Hisui, L50, F|
|poke|p2|Rillaboom, L50, M|
|poke|p2|Volcarona, L50, F|
|teampreview|4
|showteam|p1|Amoonguss||MentalHerb|Regenerator|ClearSmog,Spore,RagePowder,Protect|||M|||50|,,,,,Water]Hydreigon||ChoiceSpecs|Levitate|Snarl,HeatWave,DarkPulse,DracoMeteor|||F|||50|,,,,,Ghost]Whimsicott||CovertCloak|Prankster|BeatUp,Encore,HelpingHand,Tailwind|||M|||50|,,,,,Dark]Maushold-Four||WideLens|Technician|PopulationBomb,Taunt,FollowMe,Protect||||||50|,,,,,Ghost]Annihilape||Leftovers|Defiant|RageFist,CloseCombat,FinalGambit,Protect|||F|||50|,,,,,Fire]Ursaluna-Bloodmoon||LifeOrb|MindsEye|HyperVoice,EarthPower,BloodMoon,Protect|||M|||50|,,,,,Water
|showteam|p2|Kommo-o||GrassySeed|Overcoat|BodyPress,IronDefense,Protect,DragonPulse|||F|||50|,,,,,Fairy]Tyranitar||ChoiceScarf|SandStream|RockSlide,KnockOff,TeraBlast,LowKick|||M|||50|,,,,,Flying]Excadrill||FocusSash|SandRush|HighHorsepower,IronHead,RockSlide,Protect|||F|||50|,,,,,Ghost]Samurott-Hisui||AssaultVest|Sharpness|NightSlash,RazorShell,SacredSword,SuckerPunch|||F|||50|,,,,,Ghost]Rillaboom||MiracleSeed|GrassySurge|FakeOut,DrumBeating,GrassyGlide,Taunt|||M|||50|,,,,,Water]Volcarona||SitrusBerry|FlameBody|QuiverDance,HeatWave,TeraBlast,Protect|||F|||50|,,,,,Fairy
|inactive|Battle timer is ON: inactive players will automatically lose when time's up. (requested by saboyita)
|inactive|Lego Darth Malgus also wants the timer to be on.
|inactive|saboyita has 60 seconds left.
|
|t:|1756496181
|teamsize|p1|4
|teamsize|p2|4
|start
|switch|p1a: Amoonguss|Amoonguss, L50, M|100/100
|switch|p1b: Maushold|Maushold-Four, L50|100/100
|switch|p2a: Tyranitar|Tyranitar, L50, M|100/100
|switch|p2b: Excadrill|Excadrill, L50, F, shiny|100/100
|-weather|Sandstorm|[from] ability: Sand Stream|[of] p2a: Tyranitar
|turn|1
|inactive|saboyita has 30 seconds left.
|inactive|Lego Darth Malgus has 30 seconds left.
|
|t:|1756496213
|switch|p1b: Annihilape|Annihilape, L50, F|100/100
|-terastallize|p2a: Tyranitar|Flying
|-terastallize|p1a: Amoonguss|Water
|move|p2b: Excadrill|Iron Head|p1b: Annihilape
|-damage|p1b: Annihilape|56/100
|move|p2a: Tyranitar|Tera Blast|p1a: Amoonguss|[anim] Tera Blast Flying
|-damage|p1a: Amoonguss|63/100
|move|p1a: Amoonguss|Spore|p2a: Tyranitar
|-status|p2a: Tyranitar|slp|[from] move: Spore
|
|-weather|Sandstorm|[upkeep]
|-damage|p2a: Tyranitar|95/100 slp|[from] Sandstorm
|-damage|p1b: Annihilape|50/100|[from] Sandstorm
|-damage|p1a: Amoonguss|58/100|[from] Sandstorm
|-heal|p1b: Annihilape|56/100|[from] item: Leftovers
|upkeep
|turn|2
|
|t:|1756496234
|switch|p2b: Volcarona|Volcarona, L50, F, shiny|100/100
|move|p1a: Amoonguss|Rage Powder|p1a: Amoonguss
|-singleturn|p1a: Amoonguss|move: Rage Powder
|cant|p2a: Tyranitar|slp
|move|p1b: Annihilape|Rage Fist|p2a: Tyranitar
|-damage|p2a: Tyranitar|52/100 slp
|
|-weather|Sandstorm|[upkeep]
|-damage|p2a: Tyranitar|46/100 slp|[from] Sandstorm
|-damage|p1b: Annihilape|50/100|[from] Sandstorm
|-damage|p2b: Volcarona|95/100|[from] Sandstorm
|-damage|p1a: Amoonguss|52/100|[from] Sandstorm
|-heal|p1b: Annihilape|56/100|[from] item: Leftovers
|upkeep
|turn|3
|
|t:|1756496255
|cant|p2a: Tyranitar|slp
|move|p1b: Annihilape|Rage Fist|p2a: Tyranitar
|-damage|p2a: Tyranitar|5/100 slp
|move|p2b: Volcarona|Quiver Dance|p2b: Volcarona
|-boost|p2b: Volcarona|spa|1
|-boost|p2b: Volcarona|spd|1
|-boost|p2b: Volcarona|spe|1
|move|p1a: Amoonguss|Clear Smog|p2b: Volcarona
|-damage|p2b: Volcarona|86/100
|-clearboost|p2b: Volcarona
|
|-weather|Sandstorm|[upkeep]
|-damage|p2a: Tyranitar|0 fnt|[from] Sandstorm
|-damage|p1b: Annihilape|50/100|[from] Sandstorm
|-damage|p2b: Volcarona|80/100|[from] Sandstorm
|-damage|p1a: Amoonguss|46/100|[from] Sandstorm
|faint|p2a: Tyranitar
|-heal|p1b: Annihilape|56/100|[from] item: Leftovers
|upkeep
|
|t:|1756496263
|switch|p2a: Excadrill|Excadrill, L50, F, shiny|100/100
|turn|4
|
|t:|1756496281
|move|p1b: Annihilape|Protect|p1b: Annihilape
|-singleturn|p1b: Annihilape|Protect
|move|p2a: Excadrill|High Horsepower|p1b: Annihilape
|-activate|p1b: Annihilape|move: Protect
|move|p2b: Volcarona|Quiver Dance|p2b: Volcarona
|-boost|p2b: Volcarona|spa|1
|-boost|p2b: Volcarona|spd|1
|-boost|p2b: Volcarona|spe|1
|move|p1a: Amoonguss|Spore|p2a: Excadrill
|-status|p2a: Excadrill|slp|[from] move: Spore
|
|-weather|Sandstorm|[upkeep]
|-damage|p2b: Volcarona|74/100|[from] Sandstorm
|-damage|p1b: Annihilape|50/100|[from] Sandstorm
|-damage|p1a: Amoonguss|40/100|[from] Sandstorm
|-heal|p1b: Annihilape|56/100|[from] item: Leftovers
|upkeep
|turn|5
|
|t:|1756496301
|move|p2b: Volcarona|Protect|p2b: Volcarona
|-singleturn|p2b: Volcarona|Protect
|cant|p2a: Excadrill|slp
|move|p1b: Annihilape|Rage Fist|p2b: Volcarona
|-activate|p2b: Volcarona|move: Protect
|move|p1a: Amoonguss|Clear Smog|p2b: Volcarona
|-activate|p2b: Volcarona|move: Protect
|
|-weather|none
|-heal|p1b: Annihilape|62/100|[from] item: Leftovers
|upkeep
|turn|6
|
|t:|1756496317
|move|p1b: Annihilape|Protect|p1b: Annihilape
|-singleturn|p1b: Annihilape|Protect
|move|p2b: Volcarona|Heat Wave|p1b: Annihilape|[spread] p1a
|-activate|p1b: Annihilape|move: Protect
|-resisted|p1a: Amoonguss
|-damage|p1a: Amoonguss|21/100
|-curestatus|p2a: Excadrill|slp|[msg]
|move|p2a: Excadrill|High Horsepower|p1a: Amoonguss
|-damage|p1a: Amoonguss|0 fnt
|faint|p1a: Amoonguss
|
|-heal|p1b: Annihilape|68/100|[from] item: Leftovers
|upkeep
|
|t:|1756496327
|switch|p1a: Ursaluna|Ursaluna-Bloodmoon, L50, M|100/100
|turn|7
|
|t:|1756496337
|move|p2b: Volcarona|Protect|p2b: Volcarona
|-singleturn|p2b: Volcarona|Protect
|move|p2a: Excadrill|High Horsepower|p1b: Annihilape
|-damage|p1b: Annihilape|10/100
|move|p1b: Annihilape|Rage Fist|p2b: Volcarona
|-activate|p2b: Volcarona|move: Protect
|move|p1a: Ursaluna|Earth Power|p2a: Excadrill
|-supereffective|p2a: Excadrill
|-enditem|p2a: Excadrill|Focus Sash
|-damage|p2a: Excadrill|1/100
|-damage|p1a: Ursaluna|91/100|[from] item: Life Orb
|
|-heal|p1b: Annihilape|16/100|[from] item: Leftovers
|upkeep
|turn|8
|
|t:|1756496362
|move|p1a: Ursaluna|Protect|p1a: Ursaluna
|-singleturn|p1a: Ursaluna|Protect
|move|p2b: Volcarona|Heat Wave|p1b: Annihilape|[spread] p1b
|-activate|p1a: Ursaluna|move: Protect
|-damage|p1b: Annihilape|0 fnt
|faint|p1b: Annihilape
|move|p2a: Excadrill|High Horsepower|p1a: Ursaluna
|-activate|p1a: Ursaluna|move: Protect
|
|upkeep
|
|t:|1756496367
|switch|p1b: Maushold|Maushold-Four, L50|100/100
|turn|9
|
|t:|1756496380
|move|p1b: Maushold|Protect|p1b: Maushold
|-singleturn|p1b: Maushold|Protect
|move|p2b: Volcarona|Heat Wave|p1b: Maushold|[spread] p1a
|-activate|p1b: Maushold|move: Protect
|-damage|p1a: Ursaluna|27/100
|-status|p1a: Ursaluna|brn
|move|p2a: Excadrill|High Horsepower|p1a: Ursaluna
|-damage|p1a: Ursaluna|0 fnt
|faint|p1a: Ursaluna
|
|upkeep
|turn|10
|
|t:|1756496393
|move|p2b: Volcarona|Heat Wave|p1b: Maushold
|-damage|p1b: Maushold|0 fnt
|faint|p1b: Maushold
|
|win|Lego Darth Malgus
|raw|saboyita's rating: 1087 → 1070(-17 for losing)
|raw|Lego Darth Malgus's rating: 1182 → 1200(+18 for winning)
|c|☆Lego Darth Malgus|Gg
