|j|☆Acecard367
|j|☆lolgz
|html|Acecard367lolgz    
|uhtml|bestof|Game 2 of a best-of-3
|t:|1784164292
|gametype|doubles
|player|p1|Acecard367|gambler|
|player|p2|lolgz|dawn|
|gen|9
|tier|[Gen 9 Champions] VGC 2026 Reg M-B (Bo3)
|rule|Species Clause: Limit one of each Pokémon
|rule|Item Clause: Limit 1 of each item
|clearpoke
|poke|p1|Volcarona, L50, F|
|poke|p1|Scrafty, L50, M|
|poke|p1|Starmie, L50|
|poke|p1|Garganacl, L50, F|
|poke|p1|Audino, L50, F|
|poke|p1|Metagross, L50|
|poke|p2|Oranguru, L50, F|
|poke|p2|Gallade, L50, M|
|poke|p2|Sylveon, L50, M|
|poke|p2|Scizor, L50, M|
|poke|p2|Drampa, L50, M|
|poke|p2|Incineroar, L50, F|
|teampreview|4
|showteam|p1|Volcarona||Leftovers|FlameBody|QuiverDance,Protect,HeatWave,BugBuzz|Modest||F|||50|]Scrafty||WhiteHerb|Intimidate|Coaching,CloseCombat,KnockOff,FakeOut|Adamant||M|||50|]Starmie||FocusSash|NaturalCure|Protect,Scald,DazzlingGleam,TrickRoom|Modest|||||50|]Garganacl||SitrusBerry|ClearBody|RockSlide,HeavySlam,WideGuard,Recover|Brave||F|||50|]Audino||Audinite|Regenerator|DazzlingGleam,Yawn,TrickRoom,Encore|Calm||F|||50|]Metagross||Metagrossite|ClearBody|ShadowClaw,BodyPress,Protect,BulletPunch|Impish|||||50|
|showteam|p2|Oranguru||MentalHerb|InnerFocus|TrickRoom,Psychic,Taunt,Instruct|Relaxed||F|||50|]Gallade||IronBall|Sharpness|SacredSword,ShadowClaw,TrickRoom,RockSlide|Brave||M|||50|]Sylveon||FairyFeather|CuteCharm|HyperVoice,HyperBeam,Yawn,Protect|Quiet||M|||50|]Scizor||Scizorite|Technician|BulletPunch,DualWingbeat,SwordsDance,Protect|Brave||M|||50|]Drampa||WhiteHerb|Berserk|DracoMeteor,HyperVoice,EarthPower,Protect|Quiet||M|||50|]Incineroar||LifeOrb|Intimidate|FakeOut,PartingShot,CloseCombat,LashOut|Brave||F|||50|
|inactive|Battle timer is ON: inactive players will automatically lose when time's up. (requested by lolgz)
|inactive|Acecard367 has 60 seconds left.
|inactive|lolgz has 60 seconds left.
|
|t:|1784164346
|teamsize|p1|4
|teamsize|p2|4
|start
|switch|p1a: Volcarona|Volcarona, L50, F|100/100
|switch|p1b: Audino|Audino, L50, F|100/100
|switch|p2a: Oranguru|Oranguru, L50, F|100/100
|switch|p2b: Incineroar|Incineroar, L50, F|100/100
|-ability|p2b: Incineroar|Intimidate|boost
|-unboost|p1a: Volcarona|atk|1
|-unboost|p1b: Audino|atk|1
|turn|1
|
|t:|1784164364
|move|p2b: Incineroar|Fake Out|p1a: Volcarona
|-damage|p1a: Volcarona|79/100
|-damage|p2b: Incineroar|90/100|[from] item: Life Orb
|cant|p1a: Volcarona|flinch
|move|p1b: Audino|Yawn|p2b: Incineroar
|-start|p2b: Incineroar|move: Yawn|[of] p1b: Audino
|move|p2a: Oranguru|Trick Room|p2a: Oranguru
|-fieldstart|move: Trick Room|[of] p2a: Oranguru
|
|-heal|p1a: Volcarona|84/100|[from] item: Leftovers
|upkeep
|turn|2
|inactive|Acecard367 has 30 seconds left.
|inactive|Acecard367 has 20 seconds left.
|
|t:|1784164403
|switch|p2a: Gallade|Gallade, L50, M|100/100
|move|p1a: Volcarona|Protect|p1a: Volcarona
|-singleturn|p1a: Volcarona|Protect
|move|p1b: Audino|Yawn||[still]
|-fail|p1b: Audino
|move|p2b: Incineroar|Parting Shot|p1b: Audino
|-unboost|p1b: Audino|atk|1
|-unboost|p1b: Audino|spa|1
|
|t:|1784164414
|switch|p2b: Drampa|Drampa, L50, M|100/100|[from] Parting Shot
|
|-heal|p1a: Volcarona|90/100|[from] item: Leftovers
|upkeep
|turn|3
|
|t:|1784164436
|switch|p1a: Metagross|Metagross, L50|100/100
|detailschange|p1b: Audino|Audino-Mega, L50, F
|-mega|p1b: Audino|Audino|Audinite
|move|p2a: Gallade|Rock Slide|p1b: Audino|[spread] p1b
|-miss|p2a: Gallade|p1a: Metagross
|-damage|p1b: Audino|84/100
|move|p2b: Drampa|Hyper Voice|p1a: Metagross|[spread] p1a,p1b
|-resisted|p1a: Metagross|1
|-damage|p1a: Metagross|74/100
|-damage|p1b: Audino|62/100
|move|p1b: Audino|Trick Room|p1b: Audino
|-fieldend|move: Trick Room
|
|upkeep
|turn|4
|inactive|Acecard367 has 30 seconds left.
|inactive|lolgz has 30 seconds left.
|inactive|Acecard367 has 20 seconds left.
|
|t:|1784164473
|switch|p1b: Scrafty|Scrafty, L50, M|100/100
|-ability|p1b: Scrafty|Intimidate|boost
|-unboost|p2a: Gallade|atk|1
|-unboost|p2b: Drampa|atk|1
|-enditem|p2b: Drampa|White Herb
|-clearnegativeboost|p2b: Drampa|[silent]
|move|p1a: Metagross|Shadow Claw|p2a: Gallade
|-supereffective|p2a: Gallade|1
|-damage|p2a: Gallade|34/100
|move|p2b: Drampa|Earth Power|p1a: Metagross
|-supereffective|p1a: Metagross|1
|-damage|p1a: Metagross|0 fnt
|faint|p1a: Metagross
|move|p2a: Gallade|Trick Room|p2a: Gallade
|-fieldstart|move: Trick Room|[of] p2a: Gallade
|
|upkeep
|
|t:|1784164487
|switch|p1a: Audino|Audino-Mega, L50, F|62/100
|turn|5
|
|t:|1784164510
|move|p1b: Scrafty|Fake Out|p2a: Gallade
|-damage|p2a: Gallade|17/100
|cant|p2a: Gallade|flinch
|move|p2b: Drampa|Hyper Voice|p1b: Scrafty|[spread] p1a,p1b
|-damage|p1a: Audino|43/100
|-damage|p1b: Scrafty|66/100
|move|p1a: Audino|Trick Room|p1a: Audino
|-fieldend|move: Trick Room
|
|upkeep
|turn|6
|
|t:|1784164522
|move|p1b: Scrafty|Close Combat|p2b: Drampa
|-supereffective|p2b: Drampa|1
|-damage|p2b: Drampa|0 fnt
|-unboost|p1b: Scrafty|def|1
|-unboost|p1b: Scrafty|spd|1
|faint|p2b: Drampa
|-enditem|p1b: Scrafty|White Herb
|-clearnegativeboost|p1b: Scrafty|[silent]
|move|p1a: Audino|Encore|p2a: Gallade
|-start|p2a: Gallade|Encore
|move|p2a: Gallade|Trick Room|p2a: Gallade
|-fieldstart|move: Trick Room|[of] p2a: Gallade
|
|upkeep
|
|t:|1784164532
|switch|p2b: Incineroar|Incineroar, L50, F|90/100
|-ability|p2b: Incineroar|Intimidate|boost
|-unboost|p1a: Audino|atk|1
|-unboost|p1b: Scrafty|atk|1
|turn|7
|
|t:|1784164543
|switch|p2a: Oranguru|Oranguru, L50, F|100/100
|move|p2b: Incineroar|Fake Out|p1a: Audino
|-damage|p1a: Audino|31/100
|-damage|p2b: Incineroar|80/100|[from] item: Life Orb
|cant|p1a: Audino|flinch
|move|p1b: Scrafty|Close Combat|p2b: Incineroar
|-supereffective|p2b: Incineroar|1
|-damage|p2b: Incineroar|16/100
|-unboost|p1b: Scrafty|def|1
|-unboost|p1b: Scrafty|spd|1
|
|upkeep
|turn|8
|inactive|Acecard367 has 30 seconds left.
|
|t:|1784164574
|switch|p1a: Volcarona|Volcarona, L50, F|90/100
|move|p2b: Incineroar|Close Combat|p1b: Scrafty
|-supereffective|p1b: Scrafty|1
|-damage|p1b: Scrafty|0 fnt
|-unboost|p2b: Incineroar|def|1
|-unboost|p2b: Incineroar|spd|1
|faint|p1b: Scrafty
|-damage|p2b: Incineroar|6/100|[from] item: Life Orb
|move|p2a: Oranguru|Instruct|p2b: Incineroar
|-singleturn|p2b: Incineroar|move: Instruct|[of] p2a: Oranguru
|move|p2b: Incineroar|Close Combat|p1a: Volcarona
|-resisted|p1a: Volcarona|1
|-damage|p1a: Volcarona|63/100
|-unboost|p2b: Incineroar|def|1
|-unboost|p2b: Incineroar|spd|1
|-damage|p2b: Incineroar|0 fnt|[from] item: Life Orb
|faint|p2b: Incineroar
|
|-heal|p1a: Volcarona|69/100|[from] item: Leftovers
|upkeep
|
|t:|1784164594
|switch|p2b: Gallade|Gallade, L50, M|17/100
|switch|p1b: Audino|Audino-Mega, L50, F|31/100
|turn|9
|inactive|Acecard367 has 30 seconds left.
|inactive|Acecard367 has 20 seconds left.
|
|t:|1784164630
|move|p2b: Gallade|Rock Slide|p1a: Volcarona|[spread] p1a,p1b
|-supereffective|p1a: Volcarona|2
|-damage|p1a: Volcarona|0 fnt
|-damage|p1b: Audino|17/100
|faint|p1a: Volcarona
|move|p1b: Audino|Dazzling Gleam|p2b: Gallade|[spread] p2a,p2b
|-crit|p2a: Oranguru
|-supereffective|p2b: Gallade|1
|-damage|p2a: Oranguru|78/100
|-damage|p2b: Gallade|0 fnt
|faint|p2b: Gallade
|move|p2a: Oranguru|Instruct|p2: Gallade|[notarget]
|-fail|p2a: Oranguru
|
|upkeep
|turn|10
|
|t:|1784164641
|move|p1b: Audino|Encore|p2a: Oranguru
|-start|p2a: Oranguru|Encore
|-enditem|p2a: Oranguru|Mental Herb
|-end|p2a: Oranguru|Encore
|move|p2a: Oranguru|Psychic|p1b: Audino
|-damage|p1b: Audino|1/100
|
|-fieldend|move: Trick Room
|upkeep
|turn|11
|
|t:|1784164649
|move|p2a: Oranguru|Psychic|p1b: Audino
|-damage|p1b: Audino|0 fnt
|faint|p1b: Audino
|
|win|lolgz
|c|☆Acecard367|gg
|c|☆lolgz|gg
|l|☆lolgz
|player|p2|
|j|☆lolgz
|player|p2|lolgz|dawn|
|l|☆lolgz
|player|p2|
|l|☆Acecard367
|player|p1|
|j|☆Acecard367
|player|p1|Acecard367|gambler|
|l|☆Acecard367
|player|p1|
|j|☆Acecard367
|player|p1|Acecard367|gambler|
