|j|☆zephnix
|j|☆kimu dora
|html|zephnixkimu dora    
|uhtml|bestof|Game 1 of a best-of-3
|t:|1785900836
|gametype|doubles
|player|p1|zephnix|lucas-gen4pt|1122
|player|p2|kimu dora|1|1150
|gen|9
|tier|[Gen 9 Champions] VGC 2026 Reg M-B (Bo3)
|rated|
|rule|Species Clause: Limit one of each Pokémon
|rule|Item Clause: Limit 1 of each item
|clearpoke
|poke|p1|Gallade, L50, M, shiny|
|poke|p1|Maushold-Four, L50|
|poke|p1|Basculegion, L50, M|
|poke|p1|Archaludon, L50, F|
|poke|p1|Pelipper, L50, F|
|poke|p1|Sinistcha, L50|
|poke|p2|Raichu, L50, M|
|poke|p2|Sylveon, L50, M|
|poke|p2|Farigiraf, L50, F|
|poke|p2|Staraptor, L50, F|
|poke|p2|Arcanine-Hisui, L50, F|
|poke|p2|Kingambit, L50, F|
|teampreview|4
|showteam|p1|Gallade||Galladite|Justified|ShadowSneak,StoneEdge,Protect,DrainPunch|Jolly||M|||50|]Maushold-Four||Leftovers|FriendGuard|FollowMe,SuperFang,Protect,BeatUp|Timid|||||50|]Basculegion||MysticWater|Adaptability|AquaJet,WaveCrash,Protect,LastRespects|Adamant||M|||50|]Archaludon||DragonFang|Sturdy|FlashCannon,DracoMeteor,Protect,ElectroShot|Timid||F|||50|]Pelipper||FocusSash|Drizzle|Hurricane,WeatherBall,Protect,Tailwind|Modest||F|||50|]Sinistcha||SitrusBerry|Hospitality|MatchaGotcha,RagePowder,ShadowBall,LifeDew|Bold|||||50|
|showteam|p2|Raichu||RaichuniteY|LightningRod|ZapCannon,FocusBlast,FakeOut,Protect|Timid||M|||50|]Sylveon||FairyFeather|Pixilate|HyperVoice,QuickAttack,HyperBeam,Detect|Modest||M|||50|]Farigiraf||SitrusBerry|ArmorTail|HelpingHand,TrickRoom,Psychic,Protect|Calm||F|||50|]Staraptor||Staraptite|Intimidate|DualWingbeat,CloseCombat,Tailwind,Protect|Jolly||F|||50|]Arcanine-Hisui||FocusSash|RockHead|FlareBlitz,HeadSmash,ExtremeSpeed,Protect|Jolly||F|||50|]Kingambit||LifeOrb|Defiant|KowtowCleave,SuckerPunch,SwordsDance,Protect|Adamant||F|||50|
|
|t:|1785900900
|teamsize|p1|4
|teamsize|p2|4
|start
|switch|p1a: Basculegion|Basculegion, L50, M|100/100
|switch|p1b: Maushold|Maushold-Four, L50|100/100
|switch|p2a: Raichu|Raichu, L50, M|100/100
|switch|p2b: Sylveon|Sylveon, L50, M|100/100
|turn|1
|
|t:|1785900949
|switch|p1b: Pelipper|Pelipper, L50, F|100/100
|-weather|RainDance|[from] ability: Drizzle|[of] p1b: Pelipper
|switch|p2a: Farigiraf|Farigiraf, L50, F|100/100
|move|p1a: Basculegion|Wave Crash|p2a: Farigiraf
|-damage|p2a: Farigiraf|0 fnt
|faint|p2a: Farigiraf
|-damage|p1a: Basculegion|64/100|[from] Recoil
|move|p2b: Sylveon|Hyper Voice|p1a: Basculegion|[spread] p1a,p1b
|-damage|p1a: Basculegion|18/100
|-damage|p1b: Pelipper|20/100y
|
|-weather|RainDance|[upkeep]
|upkeep
|
|t:|1785900967
|switch|p2a: Raichu|Raichu, L50, M|100/100
|turn|2
|
|t:|1785900982
|switch|p1b: Maushold|Maushold-Four, L50|100/100
|detailschange|p2a: Raichu|Raichu-Mega-Y, L50, M
|-mega|p2a: Raichu|Raichu|Raichunite Y
|move|p1a: Basculegion|Aqua Jet|p2a: Raichu
|-damage|p2a: Raichu|27/100
|move|p2b: Sylveon|Quick Attack|p1a: Basculegion
|-damage|p1a: Basculegion|8/100
|move|p2a: Raichu|Zap Cannon|p1b: Maushold
|-damage|p1b: Maushold|18/100
|-status|p1b: Maushold|par
|
|-weather|RainDance|[upkeep]
|-heal|p1b: Maushold|24/100 par|[from] item: Leftovers
|upkeep
|turn|3
|
|t:|1785901010
|switch|p2a: Kingambit|Kingambit, L50, F|100/100
|switch|p1a: Gallade|Gallade, L50, M, shiny|100/100
|move|p2b: Sylveon|Hyper Voice|p1b: Maushold|[spread] p1a,p1b
|-supereffective|p1a: Gallade|1
|-damage|p1a: Gallade|39/100
|-damage|p1b: Maushold|0 fnt
|faint|p1b: Maushold
|
|-weather|RainDance|[upkeep]
|upkeep
|
|t:|1785901026
|switch|p1b: Pelipper|Pelipper, L50, F|20/100y
|turn|4
|
|t:|1785901038
|detailschange|p1a: Gallade|Gallade-Mega, L50, M, shiny
|-mega|p1a: Gallade|Gallade|Galladite
|move|p2a: Kingambit|Sucker Punch|p1a: Gallade
|-damage|p1a: Gallade|0 fnt
|faint|p1a: Gallade
|-damage|p2a: Kingambit|90/100|[from] item: Life Orb
|move|p1b: Pelipper|Tailwind|p1b: Pelipper
|-sidestart|p1: zephnix|move: Tailwind
|move|p2b: Sylveon|Hyper Voice|p1b: Pelipper
|-damage|p1b: Pelipper|0 fnt
|faint|p1b: Pelipper
|
|-weather|RainDance|[upkeep]
|upkeep
|
|t:|1785901048
|switch|p1a: Basculegion|Basculegion, L50, M|8/100
|turn|5
|
|t:|1785901052
|move|p2b: Sylveon|Detect|p2b: Sylveon
|-singleturn|p2b: Sylveon|Protect
|move|p2a: Kingambit|Protect|p2a: Kingambit
|-singleturn|p2a: Kingambit|Protect
|move|p1a: Basculegion|Aqua Jet|p2a: Kingambit
|-activate|p2a: Kingambit|move: Protect
|
|-weather|none
|upkeep
|turn|6
|
|t:|1785901060
|move|p1a: Basculegion|Aqua Jet|p2a: Kingambit
|-damage|p2a: Kingambit|65/100
|move|p2a: Kingambit|Sucker Punch||[still]
|-fail|p2a: Kingambit
|move|p2b: Sylveon|Hyper Voice|p1a: Basculegion
|-damage|p1a: Basculegion|0 fnt
|faint|p1a: Basculegion
|
|win|kimu dora
||zephnix is ready for game 2.
||kimu dora is ready for game 2.
|uhtml|next|Next: Game 2 of 3
