|j|☆akucintaIndonesia
|j|☆capacete5
|html|akucintaIndonesiacapacete5    
|uhtml|bestof|Game 1 of a best-of-3
|t:|1784396635
|gametype|doubles
|player|p1|akucintaIndonesia|1|1209
|player|p2|capacete5|byron|1115
|gen|9
|tier|[Gen 9 Champions] VGC 2026 Reg M-B (Bo3)
|rated|
|rule|Species Clause: Limit one of each Pokémon
|rule|Item Clause: Limit 1 of each item
|clearpoke
|poke|p1|Tyranitar, L50, F|
|poke|p1|Grimmsnarl, L50, M|
|poke|p1|Archaludon, L50, M|
|poke|p1|Kleavor, L50, M|
|poke|p1|Incineroar, L50, M|
|poke|p1|Garchomp, L50, F|
|poke|p2|Sneasler, L50, M|
|poke|p2|Scovillain, L50, M|
|poke|p2|Kingambit, L50, F|
|poke|p2|Toxapex, L50, M|
|poke|p2|Snorlax, L50, F|
|poke|p2|Basculegion, L50, M|
|teampreview|4
|showteam|p1|Tyranitar||Tyranitarite|SandStream|DragonDance,RockSlide,KnockOff,Protect|Impish||F|||50|]Grimmsnarl||LightClay|Prankster|LightScreen,Reflect,PartingShot,SpiritBreak|Impish||M|||50|]Archaludon||ExpertBelt|Stamina|AuraSphere,FlashCannon,DragonPulse,Protect|Calm||M|||50|]Kleavor||Leftovers|Sharpness|Tailwind,StoneAxe,XScissor,Protect|Jolly||M|||50|]Incineroar||SitrusBerry|Intimidate|FakeOut,DarkestLariat,PartingShot,FlareBlitz|Impish||M|||50|]Garchomp||ChoiceScarf|SandVeil|RockSlide,StompingTantrum,DragonClaw,Earthquake|Serious||F|||50|
|showteam|p2|Sneasler||WhiteHerb|Unburden|CloseCombat,GunkShot,FakeOut,Protect|Adamant||M|||50|]Scovillain||Scovillainite|Moody|Overheat,RagePowder,LeechSeed,Protect|Calm||M|||50|]Kingambit||ChopleBerry|Defiant|KowtowCleave,Protect,LowKick,SuckerPunch|Adamant||F|||50|]Toxapex||Leftovers|Regenerator|Infestation,WideGuard,Recover,Protect|Relaxed||M|||50|]Snorlax||SitrusBerry|ThickFat|Fissure,Yawn,Protect,DoubleEdge|Impish||F|||50|]Basculegion||LifeOrb|Adaptability|WaveCrash,LastRespects,Protect,AquaJet|Adamant||M|||50|
|inactive|Battle timer is ON: inactive players will automatically lose when time's up. (requested by capacete5)
|inactive|akucintaIndonesia has 60 seconds left.
|
|t:|1784396672
|teamsize|p1|4
|teamsize|p2|4
|start
|switch|p1a: Grimmsnarl|Grimmsnarl, L50, M|100/100
|switch|p1b: Kleavor|Kleavor, L50, M|100/100
|switch|p2a: Basculegion|Basculegion, L50, M|100/100
|switch|p2b: Scovillain|Scovillain, L50, M|100/100
|turn|1
|inactive|capacete5 has 30 seconds left.
|
|t:|1784396698
|detailschange|p2b: Scovillain|Scovillain-Mega, L50, M
|-mega|p2b: Scovillain|Scovillain|Scovillainite
|move|p1a: Grimmsnarl|Reflect|p1a: Grimmsnarl
|-sidestart|p1: akucintaIndonesia|Reflect
|move|p1b: Kleavor|Tailwind|p1b: Kleavor
|-sidestart|p1: akucintaIndonesia|move: Tailwind
|move|p2a: Basculegion|Wave Crash|p1b: Kleavor
|-supereffective|p1b: Kleavor|1
|-damage|p1b: Kleavor|0 fnt
|faint|p1b: Kleavor
|-damage|p2a: Basculegion|76/100|[from] Recoil
|-damage|p2a: Basculegion|66/100|[from] item: Life Orb
|move|p2b: Scovillain|Leech Seed|p1a: Grimmsnarl
|-start|p1a: Grimmsnarl|move: Leech Seed
|
|-damage|p1a: Grimmsnarl|87/100|[from] Leech Seed|[of] p2b: Scovillain
|upkeep
|
|t:|1784396708
|switch|p1b: Incineroar|Incineroar, L50, M|100/100
|-ability|p1b: Incineroar|Intimidate|boost
|-unboost|p2a: Basculegion|atk|1
|-unboost|p2b: Scovillain|atk|1
|turn|2
|
|t:|1784396719
|move|p1a: Grimmsnarl|Parting Shot|p2a: Basculegion
|-unboost|p2a: Basculegion|atk|1
|-unboost|p2a: Basculegion|spa|1
|
|t:|1784396723
|switch|p1a: Archaludon|Archaludon, L50, M|100/100|[from] Parting Shot
|move|p1b: Incineroar|Darkest Lariat|p2a: Basculegion
|-supereffective|p2a: Basculegion|1
|-damage|p2a: Basculegion|0 fnt
|faint|p2a: Basculegion
|move|p2b: Scovillain|Leech Seed|p1b: Incineroar
|-start|p1b: Incineroar|move: Leech Seed
|
|-damage|p1b: Incineroar|87/100|[from] Leech Seed|[of] p2b: Scovillain
|upkeep
|
|t:|1784396736
|switch|p2a: Toxapex|Toxapex, L50, M|100/100
|turn|3
|
|t:|1784396747
|switch|p2b: Sneasler|Sneasler, L50, M|100/100
|move|p1a: Archaludon|Dragon Pulse|p2a: Toxapex
|-damage|p2a: Toxapex|64/100
|move|p1b: Incineroar|Flare Blitz|p2b: Sneasler
|-damage|p2b: Sneasler|17/100
|-damage|p1b: Incineroar|65/100|[from] Recoil
|move|p2a: Toxapex|Infestation|p1b: Incineroar
|-damage|p1b: Incineroar|62/100
|-activate|p1b: Incineroar|move: Infestation|[of] p2a: Toxapex
|
|-heal|p2a: Toxapex|70/100|[from] item: Leftovers
|-damage|p1b: Incineroar|50/100g|[from] Leech Seed|[of] p2b: Sneasler
|-heal|p2b: Sneasler|33/100|[silent]
|-damage|p1b: Incineroar|38/100|[from] move: Infestation|[partiallytrapped]
|upkeep
|-enditem|p1b: Incineroar|Sitrus Berry|[eat]
|-heal|p1b: Incineroar|63/100|[from] item: Sitrus Berry
|turn|4
|
|t:|1784396771
|move|p1a: Archaludon|Dragon Pulse|p2b: Sneasler
|-damage|p2b: Sneasler|0 fnt
|faint|p2b: Sneasler
|move|p1b: Incineroar|Parting Shot|p2a: Toxapex
|-unboost|p2a: Toxapex|atk|1
|-unboost|p2a: Toxapex|spa|1
|
|t:|1784396777
|switch|p1b: Grimmsnarl|Grimmsnarl, L50, M|87/100|[from] Parting Shot
|move|p2a: Toxapex|Infestation|p1a: Archaludon
|-resisted|p1a: Archaludon|1
|-damage|p1a: Archaludon|98/100
|-activate|p1a: Archaludon|move: Infestation|[of] p2a: Toxapex
|-ability|p1a: Archaludon|Stamina|boost
|-boost|p1a: Archaludon|def|1
|
|-heal|p2a: Toxapex|76/100|[from] item: Leftovers
|-damage|p1a: Archaludon|86/100|[from] move: Infestation|[partiallytrapped]
|-sideend|p1: akucintaIndonesia|move: Tailwind
|upkeep
|
|t:|1784396787
|switch|p2b: Scovillain|Scovillain-Mega, L50, M|100/100
|turn|5
|
|t:|1784396799
|move|p1b: Grimmsnarl|Light Screen|p1b: Grimmsnarl
|-sidestart|p1: akucintaIndonesia|move: Light Screen
|move|p1a: Archaludon|Dragon Pulse|p2a: Toxapex
|-damage|p2a: Toxapex|41/100
|move|p2b: Scovillain|Leech Seed|p1b: Grimmsnarl
|-start|p1b: Grimmsnarl|move: Leech Seed
|move|p2a: Toxapex|Recover|p2a: Toxapex
|-heal|p2a: Toxapex|91/100
|
|-heal|p2a: Toxapex|97/100|[from] item: Leftovers
|-damage|p1b: Grimmsnarl|75/100|[from] Leech Seed|[of] p2b: Scovillain
|-damage|p1a: Archaludon|74/100|[from] move: Infestation|[partiallytrapped]
|upkeep
|turn|6
|
|t:|1784396817
|move|p1b: Grimmsnarl|Parting Shot|p2b: Scovillain
|-unboost|p2b: Scovillain|atk|1
|-unboost|p2b: Scovillain|spa|1
|
|t:|1784396820
|switch|p1b: Incineroar|Incineroar, L50, M|63/100|[from] Parting Shot
|-ability|p1b: Incineroar|Intimidate|boost
|-unboost|p2a: Toxapex|atk|1
|-unboost|p2b: Scovillain|atk|1
|move|p1a: Archaludon|Dragon Pulse|p2b: Scovillain
|-damage|p2b: Scovillain|56/100
|-status|p1a: Archaludon|brn|[from] ability: Spicy Spray|[of] p2b: Scovillain
|move|p2b: Scovillain|Overheat|p1a: Archaludon
|-damage|p1a: Archaludon|47/100 brn
|-unboost|p2b: Scovillain|spa|2
|-ability|p1a: Archaludon|Stamina|boost
|-boost|p1a: Archaludon|def|1
|move|p2a: Toxapex|Infestation|p1b: Incineroar
|-damage|p1b: Incineroar|61/100
|-activate|p1b: Incineroar|move: Infestation|[of] p2a: Toxapex
|
|-heal|p2a: Toxapex|100/100|[from] item: Leftovers
|-damage|p1a: Archaludon|41/100 brn|[from] brn
|-damage|p1a: Archaludon|28/100 brn|[from] move: Infestation|[partiallytrapped]
|-damage|p1b: Incineroar|49/100|[from] move: Infestation|[partiallytrapped]
|upkeep
|turn|7
|
|t:|1784396846
|move|p2b: Scovillain|Protect|p2b: Scovillain
|-singleturn|p2b: Scovillain|Protect
|move|p2a: Toxapex|Protect|p2a: Toxapex
|-singleturn|p2a: Toxapex|Protect
|move|p1a: Archaludon|Dragon Pulse|p2b: Scovillain
|-activate|p2b: Scovillain|move: Protect
|move|p1b: Incineroar|Darkest Lariat|p2b: Scovillain
|-activate|p2b: Scovillain|move: Protect
|
|-damage|p1a: Archaludon|22/100 brn|[from] brn
|-damage|p1a: Archaludon|10/100 brn|[from] move: Infestation|[partiallytrapped]
|-damage|p1b: Incineroar|37/100|[from] move: Infestation|[partiallytrapped]
|upkeep
|turn|8
|
|t:|1784396863
|move|p1a: Archaludon|Dragon Pulse|p2b: Scovillain
|-damage|p2b: Scovillain|13/100
|move|p2b: Scovillain|Leech Seed|p1b: Incineroar
|-start|p1b: Incineroar|move: Leech Seed
|move|p1b: Incineroar|Darkest Lariat|p2a: Toxapex
|-damage|p2a: Toxapex|76/100
|move|p2a: Toxapex|Recover|p2a: Toxapex
|-heal|p2a: Toxapex|100/100
|
|-damage|p1b: Incineroar|25/100|[from] Leech Seed|[of] p2b: Scovillain
|-heal|p2b: Scovillain|28/100|[silent]
|-damage|p1a: Archaludon|4/100 brn|[from] brn
|-end|p1a: Archaludon|Infestation|[partiallytrapped]
|-damage|p1b: Incineroar|12/100|[from] move: Infestation|[partiallytrapped]
|-sideend|p1: akucintaIndonesia|Reflect
|upkeep
|turn|9
|
|t:|1784396881
|move|p1a: Archaludon|Dragon Pulse|p2b: Scovillain
|-damage|p2b: Scovillain|0 fnt
|faint|p2b: Scovillain
|move|p1b: Incineroar|Parting Shot|p2a: Toxapex
|-unboost|p2a: Toxapex|atk|1
|-unboost|p2a: Toxapex|spa|1
|
|t:|1784396887
|switch|p1b: Grimmsnarl|Grimmsnarl, L50, M|75/100|[from] Parting Shot
|move|p2a: Toxapex|Infestation|p1a: Archaludon
|-resisted|p1a: Archaludon|1
|-damage|p1a: Archaludon|4/100 brn
|-activate|p1a: Archaludon|move: Infestation|[of] p2a: Toxapex
|-ability|p1a: Archaludon|Stamina|boost
|-boost|p1a: Archaludon|def|1
|
|-damage|p1a: Archaludon|0 fnt|[from] brn
|faint|p1a: Archaludon
|upkeep
|
|t:|1784396892
|switch|p1a: Incineroar|Incineroar, L50, M|12/100
|-ability|p1a: Incineroar|Intimidate|boost
|-unboost|p2a: Toxapex|atk|1
|turn|10
|
|t:|1784396901
|move|p2a: Toxapex|Protect|p2a: Toxapex
|-singleturn|p2a: Toxapex|Protect
|move|p1a: Incineroar|Darkest Lariat|p2a: Toxapex
|-activate|p2a: Toxapex|move: Protect
|move|p1b: Grimmsnarl|Spirit Break|p2a: Toxapex
|-activate|p2a: Toxapex|move: Protect
|
|upkeep
|turn|11
|
|t:|1784396911
|move|p1b: Grimmsnarl|Spirit Break|p2a: Toxapex
|-resisted|p2a: Toxapex|1
|-damage|p2a: Toxapex|89/100
|-unboost|p2a: Toxapex|spa|1
|move|p1a: Incineroar|Darkest Lariat|p2a: Toxapex
|-damage|p2a: Toxapex|66/100
|move|p2a: Toxapex|Infestation|p1a: Incineroar
|-damage|p1a: Incineroar|11/100
|-activate|p1a: Incineroar|move: Infestation|[of] p2a: Toxapex
|
|-heal|p2a: Toxapex|71/100|[from] item: Leftovers
|-damage|p1a: Incineroar|0 fnt|[from] move: Infestation|[partiallytrapped]
|faint|p1a: Incineroar
|upkeep
|turn|12
|
|t:|1784396924
|move|p1b: Grimmsnarl|Spirit Break|p2a: Toxapex
|-resisted|p2a: Toxapex|1
|-damage|p2a: Toxapex|62/100
|-unboost|p2a: Toxapex|spa|1
|move|p2a: Toxapex|Infestation|p1b: Grimmsnarl
|-damage|p1b: Grimmsnarl|75/100
|-activate|p1b: Grimmsnarl|move: Infestation|[of] p2a: Toxapex
|
|-heal|p2a: Toxapex|68/100|[from] item: Leftovers
|-damage|p1b: Grimmsnarl|62/100|[from] move: Infestation|[partiallytrapped]
|-sideend|p1: akucintaIndonesia|move: Light Screen
|upkeep
|turn|13
|
|t:|1784396935
|move|p2a: Toxapex|Protect|p2a: Toxapex
|-singleturn|p2a: Toxapex|Protect
|move|p1b: Grimmsnarl|Spirit Break|p2a: Toxapex
|-activate|p2a: Toxapex|move: Protect
|
|-heal|p2a: Toxapex|73/100|[from] item: Leftovers
|-damage|p1b: Grimmsnarl|50/100g|[from] move: Infestation|[partiallytrapped]
|upkeep
|turn|14
|
|t:|1784396943
|move|p1b: Grimmsnarl|Spirit Break|p2a: Toxapex
|-resisted|p2a: Toxapex|1
|-damage|p2a: Toxapex|63/100
|-unboost|p2a: Toxapex|spa|1
|move|p2a: Toxapex|Recover|p2a: Toxapex
|-heal|p2a: Toxapex|100/100
|
|-damage|p1b: Grimmsnarl|38/100|[from] move: Infestation|[partiallytrapped]
|upkeep
|turn|15
|-message|akucintaIndonesia forfeited.
|
|win|capacete5
