|j|☆coglio6789
|j|☆p1ch1pichi
|html|coglio6789p1ch1pichi    
|uhtml|bestof|Game 1 of a best-of-3
|t:|1785144602
|gametype|doubles
|player|p1|coglio6789|266|1137
|player|p2|p1ch1pichi|n|1133
|gen|9
|tier|[Gen 9 Champions] VGC 2026 Reg M-B (Bo3)
|rated|
|rule|Species Clause: Limit one of each Pokémon
|rule|Item Clause: Limit 1 of each item
|clearpoke
|poke|p1|Rotom-Wash, L50|
|poke|p1|Kingambit, L50, F|
|poke|p1|Garchomp, L50, M|
|poke|p1|Charizard, L50, M|
|poke|p1|Aerodactyl, L50, F|
|poke|p1|Sneasler, L50, F|
|poke|p2|Raichu, L50, M, shiny|
|poke|p2|Meganium, L50, M, shiny|
|poke|p2|Pelipper, L50, M|
|poke|p2|Archaludon, L50, M|
|poke|p2|Sableye, L50, M|
|poke|p2|Basculegion, L50, M|
|teampreview|4
|showteam|p1|Rotom-Wash||SitrusBerry|Levitate|HydroPump,Thunderbolt,WillOWisp,Protect|Modest|||||50|]Kingambit||FocusSash|Defiant|KowtowCleave,SuckerPunch,IronHead,Protect|Adamant||F|||50|]Garchomp||LifeOrb|RoughSkin|Earthquake,DragonClaw,Protect,RockSlide|Jolly||M|||50|]Charizard||CharizarditeY|Blaze|HeatWave,WeatherBall,SolarBeam,Protect|Modest||M|||50|]Aerodactyl||Aerodactylite|Unnerve|RockSlide,DualWingbeat,Tailwind,Protect|Jolly||F|||50|]Sneasler||WhiteHerb|Unburden|CloseCombat,DireClaw,FakeOut,Protect|Adamant||F|||50|
|showteam|p2|Raichu||RaichuniteX|LightningRod|Protect,FakeOut,VoltSwitch,RisingVoltage|Timid||M|||50|]Meganium||Meganiumite|Overgrow|Protect,SolarBeam,WeatherBall,DazzlingGleam|Modest||M|||50|]Pelipper||FocusSash|Drizzle|Soak,Tailwind,Hurricane,WeatherBall|Timid||M|||50|]Archaludon||Leftovers|Stamina|ElectroShot,FlashCannon,DracoMeteor,Protect|Modest||M|||50|]Sableye||RoseliBerry|Prankster|Quash,Reflect,LightScreen,RainDance|Bold||M|||50|]Basculegion||ChoiceScarf|Adaptability|FlipTurn,WaveCrash,AquaJet,LastRespects|Jolly||M|||50|
|inactive|Battle timer is ON: inactive players will automatically lose when time's up. (requested by p1ch1pichi)
|
|t:|1785144633
|teamsize|p1|4
|teamsize|p2|4
|start
|switch|p1a: Kingambit|Kingambit, L50, F|100/100
|switch|p1b: Rotom|Rotom-Wash, L50|100/100
|switch|p2a: G4MER67|Sableye, L50, M|100/100
|switch|p2b: San Juanico|Archaludon, L50, M|100/100
|turn|1
|
|t:|1785144658
|move|p2b: San Juanico|Protect|p2b: San Juanico
|-singleturn|p2b: San Juanico|Protect
|move|p2a: G4MER67|Reflect|p2a: G4MER67
|-sidestart|p2: p1ch1pichi|Reflect
|move|p1b: Rotom|Hydro Pump|p2a: G4MER67
|-damage|p2a: G4MER67|45/100
|move|p1a: Kingambit|Kowtow Cleave|p2a: G4MER67
|-damage|p2a: G4MER67|5/100
|
|upkeep
|turn|2
|inactive|p1ch1pichi has 30 seconds left.
|
|t:|1785144688
|switch|p2a: Inidoro|Pelipper, L50, M|100/100
|-weather|RainDance|[from] ability: Drizzle|[of] p2a: Inidoro
|move|p1b: Rotom|Hydro Pump|p2b: San Juanico
|-resisted|p2b: San Juanico|1
|-crit|p2b: San Juanico
|-damage|p2b: San Juanico|48/100
|-ability|p2b: San Juanico|Stamina|boost
|-boost|p2b: San Juanico|def|1
|move|p2b: San Juanico|Electro Shot||[still]
|-prepare|p2b: San Juanico|Electro Shot
|-boost|p2b: San Juanico|spa|1
|-anim|p2b: San Juanico|Electro Shot|p1b: Rotom
|-damage|p1b: Rotom|35/100
|-enditem|p1b: Rotom|Sitrus Berry|[eat]
|-heal|p1b: Rotom|60/100|[from] item: Sitrus Berry
|move|p1a: Kingambit|Kowtow Cleave|p2a: Inidoro
|-damage|p2a: Inidoro|56/100
|
|-weather|RainDance|[upkeep]
|-heal|p2b: San Juanico|54/100|[from] item: Leftovers
|upkeep
|turn|3
|inactive|coglio6789 has 30 seconds left.
|inactive|p1ch1pichi has 30 seconds left.
|inactive|coglio6789 has 20 seconds left.
|inactive|p1ch1pichi has 20 seconds left.
|
|t:|1785144724
|move|p2a: Inidoro|Soak|p1a: Kingambit
|-start|p1a: Kingambit|typechange|Water
|move|p1b: Rotom|Thunderbolt|p2a: Inidoro
|-supereffective|p2a: Inidoro|2
|-damage|p2a: Inidoro|0 fnt
|faint|p2a: Inidoro
|move|p2b: San Juanico|Electro Shot||[still]
|-prepare|p2b: San Juanico|Electro Shot
|-boost|p2b: San Juanico|spa|1
|-anim|p2b: San Juanico|Electro Shot|p1a: Kingambit
|-supereffective|p1a: Kingambit|1
|-enditem|p1a: Kingambit|Focus Sash
|-damage|p1a: Kingambit|1/100
|move|p1a: Kingambit|Kowtow Cleave|p2b: San Juanico
|-damage|p2b: San Juanico|43/100
|-ability|p2b: San Juanico|Stamina|boost
|-boost|p2b: San Juanico|def|1
|
|-weather|RainDance|[upkeep]
|-heal|p2b: San Juanico|49/100|[from] item: Leftovers
|upkeep
|
|t:|1785144741
|switch|p2a: G4MER67|Sableye, L50, M|5/100
|turn|4
|
|t:|1785144747
|move|p1a: Kingambit|Sucker Punch|p2b: San Juanico
|-damage|p2b: San Juanico|43/100
|-ability|p2b: San Juanico|Stamina|boost
|-boost|p2b: San Juanico|def|1
|move|p2a: G4MER67|Light Screen|p2a: G4MER67
|-sidestart|p2: p1ch1pichi|move: Light Screen
|move|p1b: Rotom|Thunderbolt|p2a: G4MER67
|-damage|p2a: G4MER67|0 fnt
|faint|p2a: G4MER67
|move|p2b: San Juanico|Electro Shot||[still]
|-prepare|p2b: San Juanico|Electro Shot
|-boost|p2b: San Juanico|spa|1
|-anim|p2b: San Juanico|Electro Shot|p1b: Rotom
|-damage|p1b: Rotom|0 fnt
|faint|p1b: Rotom
|
|-weather|RainDance|[upkeep]
|-heal|p2b: San Juanico|49/100|[from] item: Leftovers
|upkeep
|
|t:|1785144764
|switch|p1b: Charizard|Charizard, L50, M|100/100
|switch|p2a: High Tide|Basculegion, L50, M|100/100
|turn|5
|inactive|p1ch1pichi has 30 seconds left.
|
|t:|1785144796
|move|p1b: Charizard|Protect|p1b: Charizard
|-singleturn|p1b: Charizard|Protect
|move|p1a: Kingambit|Sucker Punch|p2a: High Tide
|-supereffective|p2a: High Tide|1
|-crit|p2a: High Tide
|-damage|p2a: High Tide|0 fnt
|faint|p2a: High Tide
|move|p2b: San Juanico|Flash Cannon|p1a: Kingambit
|-resisted|p1a: Kingambit|1
|-damage|p1a: Kingambit|0 fnt
|faint|p1a: Kingambit
|
|-weather|RainDance|[upkeep]
|-heal|p2b: San Juanico|55/100|[from] item: Leftovers
|-sideend|p2: p1ch1pichi|Reflect
|upkeep
|
|t:|1785144801
|switch|p1a: Sneasler|Sneasler, L50, F|100/100
|turn|6
|
|t:|1785144809
|detailschange|p1b: Charizard|Charizard-Mega-Y, L50, M
|-mega|p1b: Charizard|Charizard|Charizardite Y
|-weather|SunnyDay|[from] ability: Drought|[of] p1b: Charizard
|move|p2b: San Juanico|Protect|p2b: San Juanico
|-singleturn|p2b: San Juanico|Protect
|move|p1a: Sneasler|Close Combat|p2b: San Juanico
|-activate|p2b: San Juanico|move: Protect
|move|p1b: Charizard|Weather Ball|p2b: San Juanico
|-activate|p2b: San Juanico|move: Protect
|
|-weather|SunnyDay|[upkeep]
|-heal|p2b: San Juanico|61/100|[from] item: Leftovers
|upkeep
|turn|7
|
|t:|1785144824
|move|p1a: Sneasler|Close Combat|p2b: San Juanico
|-supereffective|p2b: San Juanico|1
|-damage|p2b: San Juanico|20/100y
|-unboost|p1a: Sneasler|def|1
|-unboost|p1a: Sneasler|spd|1
|-ability|p2b: San Juanico|Stamina|boost
|-boost|p2b: San Juanico|def|1
|-enditem|p1a: Sneasler|White Herb
|-clearnegativeboost|p1a: Sneasler|[silent]
|move|p1b: Charizard|Weather Ball|p2b: San Juanico
|-damage|p2b: San Juanico|0 fnt
|faint|p2b: San Juanico
|
|win|coglio6789
|inactive|coglio6789 has 30 seconds to confirm battle start!
|inactive|p1ch1pichi has 30 seconds to confirm battle start!
||coglio6789 is ready for game 2.
||p1ch1pichi is ready for game 2.
|uhtml|next|Next: Game 2 of 3
