|j|☆hamlessmel
|j|☆EchoHevy5555
|html|hamlessmelEchoHevy5555    
|uhtml|bestof|Game 1 of a best-of-3
|t:|1757704192
|gametype|doubles
|player|p1|hamlessmel|dawn-gen4pt|1186
|player|p2|EchoHevy5555|170|1087
|gen|9
|tier|[Gen 9] VGC 2025 Reg H (Bo3)
|rated|
|rule|Species Clause: Limit one of each Pokémon
|rule|Item Clause: Limit 1 of each item
|clearpoke
|poke|p1|Excadrill, L50, F|
|poke|p1|Tyranitar, L50, F|
|poke|p1|Sneasler, L50, F|
|poke|p1|Indeedee, L50, M|
|poke|p1|Annihilape, L50, F|
|poke|p1|Corviknight, L50, F|
|poke|p2|Noivern, L50, F|
|poke|p2|Toxtricity, L50, M|
|poke|p2|Zoroark-Hisui, L50, M|
|poke|p2|Malamar, L50, F|
|poke|p2|Incineroar, L50, M|
|poke|p2|Gastrodon, L50, M|
|teampreview|4
|showteam|p1|Excadrill||FocusSash|SandRush|Protect,IronHead,HighHorsepower,Earthquake|||F|||50|,,,,,Stellar]Tyranitar||AssaultVest|SandStream|KnockOff,RockSlide,TeraBlast,LowKick|||F|||50|,,,,,Flying]Sneasler||PsychicSeed|Unburden|ThroatChop,CloseCombat,Protect,DireClaw|||F|||50|,,,,,Dark]Indeedee||ChoiceScarf|PsychicSurge|TeraBlast,ExpandingForce,Protect,Trick|||M|||50|,,,,,Fighting]Annihilape||SafetyGoggles|Defiant|Taunt,RageFist,CloseCombat,FinalGambit|||F|||50|,,,,,Water]Corviknight||Leftovers|MirrorArmor|Tailwind,BraveBird,Roost,BulkUp|||F|||50|,,,,,Dragon
|showteam|p2|Noivern||CovertCloak|Telepathy|Tailwind,SuperFang,DracoMeteor,Taunt|||F|||50|,,,,,Steel]Toxtricity||LifeOrb|PunkRock|Boomburst,Overdrive,SludgeBomb,Protect|||M|||50|,,,,,Normal]Zoroark-Hisui||FocusSash|Illusion|BitterMalice,Protect,FakeTears,TeraBlast|||M|||50|,,,,,Fighting]Malamar||SafetyGoggles|Contrary|KnockOff,Superpower,TopsyTurvy,TrickRoom|||F|||50|,,,,,Fire]Incineroar||SitrusBerry|Intimidate|KnockOff,FlareBlitz,Protect,FakeOut|||M|||50|,,,,,Ghost]Gastrodon||Leftovers|StormDrain|EarthPower,IceBeam,Protect,Yawn|||M|||50|,,,,,Fire
|inactive|Battle timer is ON: inactive players will automatically lose when time's up. (requested by hamlessmel)
|
|t:|1757704263
|teamsize|p1|4
|teamsize|p2|4
|start
|switch|p1a: Sneasler|Sneasler, L50, F|100/100
|switch|p1b: Indeedee|Indeedee, L50, M|100/100
|switch|p2a: Noivern|Noivern, L50, F|100/100
|switch|p2b: Malamar|Malamar, L50, F|100/100
|-fieldstart|move: Psychic Terrain|[from] ability: Psychic Surge|[of] p1b: Indeedee
|-enditem|p1a: Sneasler|Psychic Seed
|-boost|p1a: Sneasler|spd|1|[from] item: Psychic Seed
|turn|1
|inactive|hamlessmel has 30 seconds left.
|
|t:|1757704289
|switch|p2a: Incineroar|Incineroar, L50, M|100/100
|-ability|p2a: Incineroar|Intimidate|boost
|-unboost|p1a: Sneasler|atk|1
|-unboost|p1b: Indeedee|atk|1
|move|p1a: Sneasler|Close Combat|p2b: Malamar
|-damage|p2b: Malamar|61/100
|-unboost|p1a: Sneasler|def|1
|-unboost|p1a: Sneasler|spd|1
|move|p1b: Indeedee|Trick|p2a: Incineroar
|-activate|p1b: Indeedee|move: Trick|[of] p2a: Incineroar
|-item|p2a: Incineroar|Choice Scarf|[from] move: Trick
|-item|p1b: Indeedee|Sitrus Berry|[from] move: Trick
|move|p2b: Malamar|Superpower|p1b: Indeedee
|-damage|p1b: Indeedee|40/100
|-boost|p2b: Malamar|atk|1
|-boost|p2b: Malamar|def|1
|-enditem|p1b: Indeedee|Sitrus Berry|[eat]
|-heal|p1b: Indeedee|65/100|[from] item: Sitrus Berry
|
|upkeep
|turn|2
|inactive|hamlessmel has 30 seconds left.
|inactive|EchoHevy5555 has 30 seconds left.
|inactive|hamlessmel has 20 seconds left.
|inactive|EchoHevy5555 has 20 seconds left.
|inactive|hamlessmel has 15 seconds left.
|inactive|EchoHevy5555 has 15 seconds left.
|
|t:|1757704331
|move|p1a: Sneasler|Close Combat|p2b: Malamar
|-damage|p2b: Malamar|37/100
|-unboost|p1a: Sneasler|def|1
|-unboost|p1a: Sneasler|spd|1
|move|p2a: Incineroar|Knock Off|p1a: Sneasler
|-resisted|p1a: Sneasler
|-damage|p1a: Sneasler|48/100
|move|p1b: Indeedee|Tera Blast|p2b: Malamar
|-damage|p2b: Malamar|1/100
|move|p2b: Malamar|Superpower|p1b: Indeedee
|-damage|p1b: Indeedee|0 fnt
|-boost|p2b: Malamar|atk|1
|-boost|p2b: Malamar|def|1
|faint|p1b: Indeedee
|
|upkeep
|
|t:|1757704347
|switch|p1b: Excadrill|Excadrill, L50, F, shiny|100/100
|turn|3
|c|☆EchoHevy5555|Clutch
|
|t:|1757704367
|switch|p2a: Toxtricity|Toxtricity, L50, M|100/100
|switch|p2b: Noivern|Noivern, L50, F|100/100
|move|p1a: Sneasler|Protect|p1a: Sneasler
|-singleturn|p1a: Sneasler|Protect
|move|p1b: Excadrill|Earthquake|p2b: Noivern|[spread] p2a
|-activate|p1a: Sneasler|move: Protect
|-immune|p2b: Noivern
|-supereffective|p2a: Toxtricity
|-damage|p2a: Toxtricity|0 fnt
|faint|p2a: Toxtricity
|
|upkeep
|
|t:|1757704379
|switch|p2a: Incineroar|Incineroar, L50, M|100/100
|-ability|p2a: Incineroar|Intimidate|boost
|-unboost|p1a: Sneasler|atk|1
|-unboost|p1b: Excadrill|atk|1
|turn|4
|inactive|hamlessmel has 30 seconds left.
|
|t:|1757704407
|move|p1b: Excadrill|Protect|p1b: Excadrill
|-singleturn|p1b: Excadrill|Protect
|move|p1a: Sneasler|Dire Claw|p2b: Noivern
|-damage|p2b: Noivern|79/100
|move|p2b: Noivern|Tailwind|p2b: Noivern
|-sidestart|p2: EchoHevy5555|move: Tailwind
|move|p2a: Incineroar|Flare Blitz|p1b: Excadrill
|-activate|p1b: Excadrill|move: Protect
|
|upkeep
|turn|5
|
|t:|1757704421
|switch|p1b: Tyranitar|Tyranitar, L50, F, shiny|100/100
|-weather|Sandstorm|[from] ability: Sand Stream|[of] p1b: Tyranitar
|move|p2b: Noivern|Draco Meteor|p1a: Sneasler
|-damage|p1a: Sneasler|0 fnt
|-unboost|p2b: Noivern|spa|2
|faint|p1a: Sneasler
|move|p2a: Incineroar|Flare Blitz|p1b: Tyranitar
|-resisted|p1b: Tyranitar
|-damage|p1b: Tyranitar|80/100
|-damage|p2a: Incineroar|94/100|[from] Recoil
|
|-weather|Sandstorm|[upkeep]
|-damage|p2b: Noivern|73/100|[from] Sandstorm
|-damage|p2a: Incineroar|88/100|[from] Sandstorm
|-fieldend|move: Psychic Terrain
|upkeep
|
|t:|1757704434
|switch|p1a: Excadrill|Excadrill, L50, F, shiny|100/100
|turn|6
|
|t:|1757704451
|-terastallize|p2a: Incineroar|Ghost
|-terastallize|p1b: Tyranitar|Flying
|move|p2b: Noivern|Super Fang|p1b: Tyranitar
|-damage|p1b: Tyranitar|40/100
|move|p2a: Incineroar|Flare Blitz|p1a: Excadrill
|-supereffective|p1a: Excadrill
|-enditem|p1a: Excadrill|Focus Sash
|-damage|p1a: Excadrill|1/100
|-damage|p2a: Incineroar|57/100|[from] Recoil
|move|p1a: Excadrill|Earthquake|p2b: Noivern|[spread] p2a
|-immune|p1b: Tyranitar
|-immune|p2b: Noivern
|-damage|p2a: Incineroar|15/100
|move|p1b: Tyranitar|Rock Slide|p2a: Incineroar|[spread] p2a,p2b
|-supereffective|p2b: Noivern
|-damage|p2a: Incineroar|0 fnt
|-damage|p2b: Noivern|8/100
|faint|p2a: Incineroar
|
|-weather|Sandstorm|[upkeep]
|-damage|p2b: Noivern|2/100|[from] Sandstorm
|-damage|p1b: Tyranitar|34/100|[from] Sandstorm
|upkeep
|
|t:|1757704459
|switch|p2a: Malamar|Malamar, L50, F|1/100
|turn|7
|c|☆EchoHevy5555|Gg
|
|t:|1757704477
|move|p1a: Excadrill|Protect|p1a: Excadrill
|-singleturn|p1a: Excadrill|Protect
|move|p2b: Noivern|Super Fang|p1a: Excadrill
|-activate|p1a: Excadrill|move: Protect
|move|p2a: Malamar|Knock Off|p1b: Tyranitar
|-damage|p1b: Tyranitar|7/100
|-enditem|p1b: Tyranitar|Assault Vest|[from] move: Knock Off|[of] p2a: Malamar
|move|p1b: Tyranitar|Tera Blast|p2a: Malamar|[anim] Tera Blast Flying
|-damage|p2a: Malamar|0 fnt
|faint|p2a: Malamar
|
|-weather|Sandstorm|[upkeep]
|-damage|p2b: Noivern|0 fnt|[from] Sandstorm
|-damage|p1b: Tyranitar|1/100|[from] Sandstorm
|faint|p2b: Noivern
|
|win|hamlessmel
||EchoHevy5555 is ready for game 2.
||hamlessmel is ready for game 2.
|uhtml|next|Next: Game 2 of 3
