|j|☆streetlightking
|j|☆endk649
|html|streetlightkingendk649    
|uhtml|bestof|Game 3 of a best-of-3
|t:|1755797883
|gametype|doubles
|player|p1|streetlightking|morty|1281
|player|p2|endk649|gambler|1194
|gen|9
|tier|[Gen 9] VGC 2025 Reg H (Bo3)
|rated|
|rule|Species Clause: Limit one of each Pokémon
|rule|Item Clause: Limit 1 of each item
|clearpoke
|poke|p1|Dragapult, L50, M|
|poke|p1|Rillaboom, L50, M|
|poke|p1|Kingambit, L50, M|
|poke|p1|Politoed, L50, F|
|poke|p1|Magmar, L50, M|
|poke|p1|Sneasler, L50, M|
|poke|p2|Feraligatr, L50, M|
|poke|p2|Pelipper, L50, F|
|poke|p2|Archaludon, L50, F|
|poke|p2|Amoonguss, L50, F|
|poke|p2|Rillaboom, L50, F|
|poke|p2|Incineroar, L50, M|
|teampreview|4
|showteam|p1|Dragapult||ChoiceBand|ClearBody|DragonDarts,Outrage,PhantomForce,Uturn|||M|||50|,,,,,Dragon]Rillaboom||AssaultVest|GrassySurge|WoodHammer,GrassyGlide,HighHorsepower,FakeOut|||M|||50|,,,,,Fire]Kingambit||SafetyGoggles|Defiant|KowtowCleave,SuckerPunch,SwordsDance,Protect|||M|||50|,,,,,Dark]Politoed||MysticWater|Drizzle|WeatherBall,MuddyWater,Haze,Protect|||F|||50|,,,,,Steel]Magmar||Eviolite|VitalSpirit|Overheat,HelpingHand,FollowMe,Protect|||M|||50|,,,,,Ghost]Sneasler||FocusSash|PoisonTouch|CloseCombat,DireClaw,FakeOut,Protect|||M|||50|,,,,,Stellar
|showteam|p2|Feraligatr||LifeOrb|SheerForce|Liquidation,Crunch,DragonDance,Protect|||M|||50|,,,,,Dark]Pelipper||FocusSash|Drizzle|WeatherBall,Hurricane,Tailwind,Protect|||F|||50|,,,,,Stellar]Archaludon||AssaultVest|Stamina|FlashCannon,DragonPulse,ElectroShot,BodyPress|||F|||50|,,,,,Bug]Amoonguss||CovertCloak|Regenerator|PollenPuff,Spore,RagePowder,Protect|||F|||50|,,,,,Water]Rillaboom||LoadedDice|GrassySurge|BulletSeed,GrassyGlide,FakeOut,Uturn|||F|||50|,,,,,Fire]Incineroar||SafetyGoggles|Intimidate|KnockOff,FakeOut,Taunt,PartingShot|||M|||50|,,,,,Ghost
|inactive|Battle timer is ON: inactive players will automatically lose when time's up. (requested by streetlightking)
|inactive|streetlightking has 60 seconds left.
|
|t:|1755797922
|teamsize|p1|4
|teamsize|p2|4
|start
|switch|p1a: Magmar|Magmar, L50, M, shiny|100/100
|switch|p1b: Sneasler|Sneasler, L50, M|100/100
|switch|p2a: Rillaboom|Rillaboom, L50, F, shiny|100/100
|switch|p2b: Archaludon|Archaludon, L50, F, shiny|100/100
|-fieldstart|move: Grassy Terrain|[from] ability: Grassy Surge|[of] p2a: Rillaboom
|turn|1
|inactive|streetlightking has 30 seconds left.
|
|t:|1755797956
|-terastallize|p1b: Sneasler|Stellar
|move|p2a: Rillaboom|Fake Out|p1b: Sneasler
|-damage|p1b: Sneasler|77/100
|move|p1a: Magmar|Follow Me|p1a: Magmar
|-singleturn|p1a: Magmar|move: Follow Me
|cant|p1b: Sneasler|flinch
|move|p2b: Archaludon|Dragon Pulse|p1a: Magmar
|-damage|p1a: Magmar|69/100
|
|-heal|p1b: Sneasler|82/100|[from] Grassy Terrain
|-heal|p1a: Magmar|75/100|[from] Grassy Terrain
|upkeep
|turn|2
|
|t:|1755797971
|switch|p2a: Incineroar|Incineroar, L50, M, shiny|100/100
|-ability|p2a: Incineroar|Intimidate|boost
|-unboost|p1a: Magmar|atk|1
|-unboost|p1b: Sneasler|atk|1
|-terastallize|p2b: Archaludon|Bug
|move|p1a: Magmar|Follow Me|p1a: Magmar
|-singleturn|p1a: Magmar|move: Follow Me
|move|p1b: Sneasler|Dire Claw|p2a: Incineroar
|-damage|p2a: Incineroar|69/100
|-status|p2a: Incineroar|slp
|move|p2b: Archaludon|Dragon Pulse|p1a: Magmar
|-damage|p1a: Magmar|41/100
|
|-heal|p1b: Sneasler|88/100|[from] Grassy Terrain
|-heal|p1a: Magmar|47/100|[from] Grassy Terrain
|-heal|p2a: Incineroar|75/100 slp|[from] Grassy Terrain
|upkeep
|turn|3
|inactive|endk649 has 30 seconds left.
|
|t:|1755798003
|cant|p2a: Incineroar|slp
|move|p1b: Sneasler|Dire Claw|p2b: Archaludon
|-damage|p2b: Archaludon|83/100
|-status|p2b: Archaludon|psn
|-ability|p2b: Archaludon|Stamina|boost
|-boost|p2b: Archaludon|def|1
|move|p1a: Magmar|Overheat|p2b: Archaludon
|-supereffective|p2b: Archaludon
|-damage|p2b: Archaludon|7/100 psn
|-unboost|p1a: Magmar|spa|2
|-ability|p2b: Archaludon|Stamina|boost
|-boost|p2b: Archaludon|def|1
|move|p2b: Archaludon|Body Press|p1a: Magmar
|-damage|p1a: Magmar|4/100
|
|-heal|p1b: Sneasler|94/100|[from] Grassy Terrain
|-heal|p1a: Magmar|10/100|[from] Grassy Terrain
|-heal|p2b: Archaludon|13/100 psn|[from] Grassy Terrain
|-heal|p2a: Incineroar|81/100 slp|[from] Grassy Terrain
|-damage|p2b: Archaludon|0 fnt|[from] psn
|faint|p2b: Archaludon
|upkeep
|c|☆streetlightking|dire claw so fait
|
|t:|1755798018
|switch|p2b: Amoonguss|Amoonguss, L50, F, shiny|100/100
|turn|4
|c|☆streetlightking|so balanced
|inactive|streetlightking has 30 seconds left.
|
|t:|1755798045
|switch|p1b: Kingambit|Kingambit, L50, M|100/100
|move|p1a: Magmar|Protect|p1a: Magmar
|-singleturn|p1a: Magmar|Protect
|-curestatus|p2a: Incineroar|slp|[msg]
|move|p2a: Incineroar|Knock Off|p1a: Magmar
|-activate|p1a: Magmar|move: Protect
|move|p2b: Amoonguss|Spore|p1b: Kingambit
|-activate|p1b: Kingambit|item: Safety Goggles|Spore
|
|-heal|p1a: Magmar|16/100|[from] Grassy Terrain
|-heal|p2a: Incineroar|87/100|[from] Grassy Terrain
|upkeep
|turn|5
|
|t:|1755798060
|move|p1a: Magmar|Follow Me|p1a: Magmar
|-singleturn|p1a: Magmar|move: Follow Me
|move|p2a: Incineroar|Knock Off|p1a: Magmar
|-damage|p1a: Magmar|0 fnt
|-enditem|p1a: Magmar|Eviolite|[from] move: Knock Off|[of] p2a: Incineroar
|faint|p1a: Magmar
|move|p2b: Amoonguss|Spore|p1b: Kingambit
|-activate|p1b: Kingambit|item: Safety Goggles|Spore
|move|p1b: Kingambit|Swords Dance|p1b: Kingambit
|-boost|p1b: Kingambit|atk|2
|
|-heal|p2a: Incineroar|93/100|[from] Grassy Terrain
|-fieldend|move: Grassy Terrain
|upkeep
|
|t:|1755798075
|switch|p1a: Sneasler|Sneasler, L50, M, tera:Stellar|94/100
|turn|6
|
|t:|1755798089
|move|p1a: Sneasler|Close Combat|p2a: Incineroar
|-supereffective|p2a: Incineroar
|-damage|p2a: Incineroar|0 fnt
|-unboost|p1a: Sneasler|def|1
|-unboost|p1a: Sneasler|spd|1
|faint|p2a: Incineroar
|move|p2b: Amoonguss|Spore|p1a: Sneasler
|-status|p1a: Sneasler|slp|[from] move: Spore
|move|p1b: Kingambit|Swords Dance|p1b: Kingambit
|-boost|p1b: Kingambit|atk|2
|
|upkeep
|
|t:|1755798092
|switch|p2a: Rillaboom|Rillaboom, L50, F, shiny|100/100
|-fieldstart|move: Grassy Terrain|[from] ability: Grassy Surge|[of] p2a: Rillaboom
|turn|7
|-message|endk649 forfeited.
|
|win|streetlightking
|raw|streetlightking's rating: 1281 → 1300(+19 for winning)
|raw|endk649's rating: 1194 → 1175(-19 for losing)
