|j|☆Dippiedaan
|j|☆MMcookiegamer
|html|DippiedaanMMcookiegamer    
|uhtml|bestof|Game 1 of a best-of-3
|t:|1756309255
|gametype|doubles
|player|p1|Dippiedaan|169|
|player|p2|MMcookiegamer|roy|
|gen|9
|tier|[Gen 9] VGC 2025 Reg H (Bo3)
|rule|Species Clause: Limit one of each Pokémon
|rule|Item Clause: Limit 1 of each item
|clearpoke
|poke|p1|Indeedee-F, L50, F|
|poke|p1|Hatterene, L50, F|
|poke|p1|Torkoal, L50, F|
|poke|p1|Araquanid, L50, M|
|poke|p1|Gallade, L50, M|
|poke|p1|Lilligant-Hisui, L50, F|
|poke|p2|Incineroar, L50, M|
|poke|p2|Ursaluna-Bloodmoon, L50, M|
|poke|p2|Ninetales-Alola, L50, M|
|poke|p2|Sneasler, L50, M|
|poke|p2|Rillaboom, L50, F|
|poke|p2|Dragonite, L50, F|
|teampreview|4
|showteam|p1|Indeedee-F||PsychicSeed|PsychicSurge|FollowMe,HelpingHand,Psychic,TrickRoom|||F|||50|,,,,,Fairy]Hatterene||LifeOrb|MagicBounce|ExpandingForce,DazzlingGleam,TrickRoom,MysticalFire|||F|||50|,,,,,Fire]Torkoal||ChoiceSpecs|Drought|Eruption,HeatWave,EarthPower,WeatherBall|||F|||50|,,,,,Fire]Araquanid||ClearAmulet|WaterBubble|Liquidation,LeechLife,WideGuard,Protect|||M|||50|,,,,,Grass]Gallade||ScopeLens|Sharpness|WideGuard,SacredSword,PsychoCut,TrickRoom|||M|||50|,,,,,Grass]Lilligant-Hisui||FocusSash|Chlorophyll|AfterYou,TripleAxel,CloseCombat,SleepPowder|||F|||50|,,,,,Ghost
|showteam|p2|Incineroar||SafetyGoggles|Intimidate|FakeOut,KnockOff,PartingShot,Taunt|||M|||50|,,,,,Ghost]Ursaluna-Bloodmoon||LifeOrb|MindsEye|EarthPower,BloodMoon,Protect,HyperVoice|||M|||50|,,,,,Ghost]Ninetales-Alola||CovertCloak|SnowWarning|Blizzard,AuroraVeil,FreezeDry,Protect|||M|||50|,,,,,Water]Sneasler||GrassySeed|Unburden|CloseCombat,DireClaw,Protect,ThroatChop|||M|||50|,,,,,Dark]Rillaboom||AssaultVest|GrassySurge|FakeOut,GrassyGlide,WoodHammer,Uturn|||F|||50|,,,,,Fire]Dragonite||LoadedDice|Multiscale|ScaleShot,Protect,Tailwind,ExtremeSpeed|||F|||50|,,,,,Normal
|
|t:|1756309272
|teamsize|p1|4
|teamsize|p2|4
|start
|switch|p1a: Indeedee|Indeedee-F, L50, F|100/100
|switch|p1b: Torkoal|Torkoal, L50, F|100/100
|switch|p2a: Dragonite|Dragonite, L50, F|100/100
|switch|p2b: Incineroar|Incineroar, L50, M|100/100
|-fieldstart|move: Psychic Terrain|[from] ability: Psychic Surge|[of] p1a: Indeedee
|-enditem|p1a: Indeedee|Psychic Seed
|-boost|p1a: Indeedee|spd|1|[from] item: Psychic Seed
|-ability|p2b: Incineroar|Intimidate|boost
|-unboost|p1a: Indeedee|atk|1
|-unboost|p1b: Torkoal|atk|1
|-weather|SunnyDay|[from] ability: Drought|[of] p1b: Torkoal
|turn|1
|
|t:|1756309284
|-terastallize|p1b: Torkoal|Fire
|move|p1a: Indeedee|Follow Me|p1a: Indeedee
|-singleturn|p1a: Indeedee|move: Follow Me
|move|p2a: Dragonite|Tailwind|p2a: Dragonite
|-sidestart|p2: MMcookiegamer|move: Tailwind
|move|p2b: Incineroar|Knock Off|p1a: Indeedee
|-supereffective|p1a: Indeedee
|-damage|p1a: Indeedee|53/100
|move|p1b: Torkoal|Eruption|p2a: Dragonite|[spread] p2a,p2b
|-resisted|p2a: Dragonite
|-resisted|p2b: Incineroar
|-damage|p2a: Dragonite|66/100
|-damage|p2b: Incineroar|43/100
|
|-weather|SunnyDay|[upkeep]
|upkeep
|turn|2
|
|t:|1756309311
|move|p2a: Dragonite|Scale Shot|p1a: Indeedee
|-damage|p1a: Indeedee|37/100
|-damage|p1a: Indeedee|24/100
|-damage|p1a: Indeedee|10/100
|-damage|p1a: Indeedee|0 fnt
|faint|p1a: Indeedee
|-hitcount|p1: Indeedee|4
|-unboost|p2a: Dragonite|def|1
|-boost|p2a: Dragonite|spe|1
|move|p2b: Incineroar|Knock Off|p1b: Torkoal
|-damage|p1b: Torkoal|71/100
|-enditem|p1b: Torkoal|Choice Specs|[from] move: Knock Off|[of] p2b: Incineroar
|move|p1b: Torkoal|Eruption|p2a: Dragonite|[spread] p2a,p2b
|-resisted|p2a: Dragonite
|-resisted|p2b: Incineroar
|-damage|p2a: Dragonite|35/100
|-damage|p2b: Incineroar|13/100
|
|-weather|SunnyDay|[upkeep]
|upkeep
|
|t:|1756309325
|switch|p1a: Lilligant|Lilligant-Hisui, L50, F|100/100
|turn|3
|
|t:|1756309356
|switch|p2b: Rillaboom|Rillaboom, L50, F|100/100
|-fieldstart|move: Grassy Terrain|[from] ability: Grassy Surge|[of] p2b: Rillaboom
|-terastallize|p2a: Dragonite|Normal
|move|p2a: Dragonite|Extreme Speed|p1a: Lilligant
|-damage|p1a: Lilligant|29/100
|move|p1a: Lilligant|Sleep Powder|p2a: Dragonite
|-status|p2a: Dragonite|slp|[from] move: Sleep Powder
|move|p1b: Torkoal|Heat Wave|p2b: Rillaboom|[spread] p2a
|-miss|p1b: Torkoal|p2b: Rillaboom
|-damage|p2a: Dragonite|0 fnt
|faint|p2a: Dragonite
|
|-weather|SunnyDay|[upkeep]
|-heal|p1a: Lilligant|35/100|[from] Grassy Terrain
|-heal|p1b: Torkoal|77/100|[from] Grassy Terrain
|upkeep
|
|t:|1756309368
|switch|p2a: Sneasler|Sneasler, L50, M|100/100
|-enditem|p2a: Sneasler|Grassy Seed
|-boost|p2a: Sneasler|def|1|[from] item: Grassy Seed
|turn|4
|
|t:|1756309409
|move|p2a: Sneasler|Close Combat|p1b: Torkoal
|-damage|p1b: Torkoal|21/100
|-unboost|p2a: Sneasler|def|1
|-unboost|p2a: Sneasler|spd|1
|move|p1a: Lilligant|Triple Axel|p2b: Rillaboom
|-supereffective|p2b: Rillaboom
|-damage|p2b: Rillaboom|86/100
|-supereffective|p2b: Rillaboom
|-damage|p2b: Rillaboom|59/100
|-supereffective|p2b: Rillaboom
|-damage|p2b: Rillaboom|19/100
|-hitcount|p2b: Rillaboom|3
|move|p2b: Rillaboom|U-turn|p1a: Lilligant
|-damage|p1a: Lilligant|0 fnt
|faint|p1a: Lilligant
|
|t:|1756309422
|switch|p2b: Incineroar|Incineroar, L50, M|13/100|[from] U-turn
|-ability|p2b: Incineroar|Intimidate|boost
|-unboost|p1b: Torkoal|atk|1
|move|p1b: Torkoal|Heat Wave|p2a: Sneasler|[spread] p2a,p2b
|-resisted|p2b: Incineroar
|-damage|p2a: Sneasler|0 fnt
|-damage|p2b: Incineroar|0 fnt
|faint|p2a: Sneasler
|faint|p2b: Incineroar
|
|-weather|SunnyDay|[upkeep]
|-heal|p1b: Torkoal|28/100|[from] Grassy Terrain
|-sideend|p2: MMcookiegamer|move: Tailwind
|upkeep
|
|t:|1756309429
|switch|p1a: Hatterene|Hatterene, L50, F|100/100
|switch|p2b: Rillaboom|Rillaboom, L50, F|19/100
|turn|5
|
|t:|1756309447
|move|p2b: Rillaboom|Wood Hammer|p1a: Hatterene
|-damage|p1a: Hatterene|15/100
|-damage|p2b: Rillaboom|0 fnt|[from] Recoil
|faint|p2b: Rillaboom
|
|win|Dippiedaan
