|j|‽Chimazuru
|j|☆DudisMFE
|html|ChimazuruDudisMFE    
|uhtml|bestof|Game 2 of a best-of-3
|t:|1756571640
|gametype|doubles
|player|p1|Chimazuru|lady-gen4|1069
|player|p2|DudisMFE|benga|1109
|gen|9
|tier|[Gen 9] VGC 2025 Reg H (Bo3)
|rated|
|rule|Species Clause: Limit one of each Pokémon
|rule|Item Clause: Limit 1 of each item
|clearpoke
|poke|p1|Armarouge, L50, M|
|poke|p1|Torkoal, L50, F|
|poke|p1|Ursaluna, L50, M|
|poke|p1|Indeedee-F, L50, F|
|poke|p1|Lilligant-Hisui, L50, F|
|poke|p1|Annihilape, L50, F|
|poke|p2|Zebstrika, L50, M|
|poke|p2|Kilowattrel, L50, F|
|poke|p2|Garchomp, L50, F|
|poke|p2|Ursaluna-Bloodmoon, L50, M|
|poke|p2|Rillaboom, L50, M|
|poke|p2|Gholdengo, L50|
|teampreview|4
|showteam|p1|Armarouge||LifeOrb|FlashFire|ExpandingForce,ArmorCannon,TrickRoom,Protect|||M|||50|,,,,,Grass]Torkoal||Charcoal|Drought|Protect,ClearSmog,WeatherBall,Eruption|||F|||50|,,,,,Fire]Ursaluna||FlameOrb|Guts|Facade,Protect,Earthquake,HeadlongRush|||M|||50|,,,,,Ghost]Indeedee-F||RockyHelmet|PsychicSurge|FollowMe,HelpingHand,TrickRoom,Psychic|||F|||50|,,,,,Psychic]Lilligant-Hisui||FocusSash|Chlorophyll|LeafBlade,CloseCombat,SleepPowder,AfterYou|||F|||50|,,,,,Ghost]Annihilape||SafetyGoggles|Defiant|FinalGambit,Protect,Taunt,CloseCombat|||F|||50|,,,,,Fire
|showteam|p2|Zebstrika||FocusSash|LightningRod|Thunderbolt,TeraBlast,Taunt,Protect|||M|||50|,,,,,Fighting]Kilowattrel||CovertCloak|Competitive|VoltSwitch,Discharge,Tailwind,Hurricane|||F|||50|,,,,,Electric]Garchomp||LifeOrb|RoughSkin|Earthquake,StompingTantrum,Protect,DragonClaw|||F|||50|,,,,,Steel]Ursaluna-Bloodmoon||AssaultVest|MindsEye|BloodMoon,HyperVoice,EarthPower,VacuumWave|||M|||50|,,,,,Ghost]Rillaboom||MiracleSeed|GrassySurge|FakeOut,GrassyGlide,WoodHammer,Protect|||M|||50|,,,,,Fire]Gholdengo||Leftovers|GoodasGold|MakeItRain,ShadowBall,NastyPlot,Protect||||||50|,,,,,Dragon
|j| Trestkon
|
|t:|1756571669
|teamsize|p1|4
|teamsize|p2|4
|start
|switch|p1a: Annihilape|Annihilape, L50, F|100/100
|switch|p1b: Indeedee|Indeedee-F, L50, F|100/100
|switch|p2a: Rillaboom|Rillaboom, L50, M|100/100
|switch|p2b: Kilowattrel|Kilowattrel, L50, F|100/100
|-fieldstart|move: Grassy Terrain|[from] ability: Grassy Surge|[of] p2a: Rillaboom
|-fieldstart|move: Psychic Terrain|[from] ability: Psychic Surge|[of] p1b: Indeedee
|turn|1
|
|t:|1756571704
|move|p1a: Annihilape|Protect|p1a: Annihilape
|-singleturn|p1a: Annihilape|Protect
|move|p2a: Rillaboom|Protect|p2a: Rillaboom
|-singleturn|p2a: Rillaboom|Protect
|move|p2b: Kilowattrel|Volt Switch|p1b: Indeedee
|-damage|p1b: Indeedee|70/100
|
|t:|1756571711
|switch|p2b: Ursaluna|Ursaluna-Bloodmoon, L50, M|100/100|[from] Volt Switch
|move|p1b: Indeedee|Trick Room|p1b: Indeedee
|-fieldstart|move: Trick Room|[of] p1b: Indeedee
|
|upkeep
|turn|2
|
|t:|1756571751
|-terastallize|p2b: Ursaluna|Ghost
|move|p1b: Indeedee|Follow Me|p1b: Indeedee
|-singleturn|p1b: Indeedee|move: Follow Me
|move|p2b: Ursaluna|Hyper Voice|p1b: Indeedee|[spread] p1a,p1b
|-damage|p1a: Annihilape|69/100
|-damage|p1b: Indeedee|32/100
|move|p2a: Rillaboom|Wood Hammer|p1b: Indeedee
|-damage|p1b: Indeedee|0 fnt
|-damage|p2a: Rillaboom|84/100|[from] item: Rocky Helmet|[of] p1b: Indeedee
|faint|p1b: Indeedee
|-damage|p2a: Rillaboom|75/100|[from] Recoil
|move|p1a: Annihilape|Final Gambit|p2a: Rillaboom
|-damage|p2a: Rillaboom|0 fnt
|faint|p1a: Annihilape
|faint|p2a: Rillaboom
|
|upkeep
|
|t:|1756571769
|switch|p1b: Lilligant|Lilligant-Hisui, L50, F|100/100
|switch|p2a: Garchomp|Garchomp, L50, F, shiny|100/100
|switch|p1a: Torkoal|Torkoal, L50, F|100/100
|-weather|SunnyDay|[from] ability: Drought|[of] p1a: Torkoal
|turn|3
|
|t:|1756571787
|-terastallize|p1b: Lilligant|Ghost
|move|p1a: Torkoal|Eruption|p2b: Ursaluna|[spread] p2a,p2b
|-resisted|p2a: Garchomp
|-damage|p2a: Garchomp|55/100
|-damage|p2b: Ursaluna|28/100
|move|p2b: Ursaluna|Hyper Voice|p1b: Lilligant|[spread] p1a,p1b
|-damage|p1a: Torkoal|49/100
|-damage|p1b: Lilligant|38/100
|move|p2a: Garchomp|Dragon Claw|p1b: Lilligant
|-damage|p1b: Lilligant|0 fnt
|faint|p1b: Lilligant
|-damage|p2a: Garchomp|45/100|[from] item: Life Orb
|
|-weather|SunnyDay|[upkeep]
|upkeep
|turn|4
|l| Trestkon
|
|t:|1756571811
|switch|p2a: Kilowattrel|Kilowattrel, L50, F|100/100
|move|p2b: Ursaluna|Vacuum Wave|p1a: Torkoal
|-activate|p1a: Torkoal|move: Psychic Terrain
|move|p1a: Torkoal|Eruption|p2b: Ursaluna|[spread] p2a,p2b
|-damage|p2a: Kilowattrel|28/100
|-damage|p2b: Ursaluna|0 fnt
|faint|p2b: Ursaluna
|
|-weather|SunnyDay|[upkeep]
|upkeep
|
|t:|1756571819
|switch|p2b: Garchomp|Garchomp, L50, F, shiny|45/100
|turn|5
|
|t:|1756571823
|move|p2b: Garchomp|Protect|p2b: Garchomp
|-singleturn|p2b: Garchomp|Protect
|move|p1a: Torkoal|Eruption|p2b: Garchomp|[spread] p2a
|-activate|p2b: Garchomp|move: Protect
|-damage|p2a: Kilowattrel|0 fnt
|faint|p2a: Kilowattrel
|
|-weather|SunnyDay|[upkeep]
|-fieldend|move: Trick Room
|-fieldend|move: Psychic Terrain
|upkeep
|turn|6
|
|t:|1756571843
|move|p1a: Torkoal|Protect|p1a: Torkoal
|-singleturn|p1a: Torkoal|Protect
|move|p2b: Garchomp|Earthquake|p1a: Torkoal
|-activate|p1a: Torkoal|move: Protect
|
|-weather|SunnyDay|[upkeep]
|upkeep
|turn|7
|inactive|Battle timer is ON: inactive players will automatically lose when time's up. (requested by DudisMFE)
|
|t:|1756571853
|move|p2b: Garchomp|Earthquake|p1a: Torkoal
|-supereffective|p1a: Torkoal
|-damage|p1a: Torkoal|0 fnt
|faint|p1a: Torkoal
|-damage|p2b: Garchomp|35/100|[from] item: Life Orb
|
|win|DudisMFE
|raw|Chimazuru's rating: 1069 → 1051(-18 for losing)
|raw|DudisMFE's rating: 1109 → 1131(+22 for winning)
