|j|‽czacho
|j|☆ChimpDoppio
|html|czachoChimpDoppio    
|uhtml|bestof|Game 1 of a best-of-3
|t:|1756909617
|gametype|doubles
|player|p1|czacho|falkner|1070
|player|p2|ChimpDoppio|ingo|1076
|gen|9
|tier|[Gen 9] VGC 2025 Reg H (Bo3)
|rated|
|rule|Species Clause: Limit one of each Pokémon
|rule|Item Clause: Limit 1 of each item
|clearpoke
|poke|p1|Archaludon, L50, F|
|poke|p1|Incineroar, L50, M|
|poke|p1|Pelipper, L50, F|
|poke|p1|Basculegion, L50, M|
|poke|p1|Rillaboom, L50, F|
|poke|p1|Reuniclus, L50, F|
|poke|p2|Porygon2, L50|
|poke|p2|Ursaluna, L50, M|
|poke|p2|Volcarona, L50, F|
|poke|p2|Grimmsnarl, L50, M|
|poke|p2|Annihilape, L50, M|
|poke|p2|Hydreigon, L50, F|
|teampreview|4
|showteam|p1|Archaludon||AssaultVest|Stamina|ElectroShot,FlashCannon,DragonPulse,BodyPress|||F|||50|,,,,,Grass]Incineroar||SafetyGoggles|Intimidate|FakeOut,KnockOff,PartingShot,WillOWisp|||M|||50|,,,,,Ghost]Pelipper||FocusSash|Drizzle|WeatherBall,Tailwind,Protect,Hurricane|||F|||50|,,,,,Ghost]Basculegion||MysticWater|SwiftSwim|WaveCrash,FlipTurn,LastRespects,Protect|||M|||50|,,,,,Water]Rillaboom||LoadedDice|GrassySurge|FakeOut,BulletSeed,Protect,GrassyGlide|||F|||50|,,,,,Fire]Reuniclus||LifeOrb|MagicGuard|TrickRoom,Protect,Psychic,TeraBlast|||F|||50|,,,,,Fighting
|showteam|p2|Porygon2||Eviolite|Download|IceBeam,TeraBlast,Recover,TrickRoom||||||50|,,,,,Flying]Ursaluna||FlameOrb|Guts|Facade,Earthquake,HeadlongRush,Protect|||M|||50|,,,,,Ghost]Volcarona||SitrusBerry|FlameBody|GigaDrain,HeatWave,QuiverDance,RagePowder|||F|||50|,,,,,Dragon]Grimmsnarl||LightClay|Prankster|SpiritBreak,Reflect,LightScreen,PartingShot|||M|||50|,,,,,Ghost]Annihilape||SafetyGoggles|Defiant|Protect,BulkUp,DrainPunch,RageFist|||M|||50|,,,,,Water]Hydreigon||AssaultVest|Levitate|DracoMeteor,DarkPulse,EarthPower,FlashCannon|||F|||50|,,,,,Steel
|inactive|Battle timer is ON: inactive players will automatically lose when time's up. (requested by ChimpDoppio)
|inactive|czacho has 60 seconds left.
|inactive|ChimpDoppio has 60 seconds left.
|inactive|czacho has 30 seconds left.
|
|t:|1756909682
|teamsize|p1|4
|teamsize|p2|4
|start
|switch|p1a: Reuniclus|Reuniclus, L50, F|100/100
|switch|p1b: Rillaboom|Rillaboom, L50, F|100/100
|switch|p2a: Grimmsnarl|Grimmsnarl, L50, M|100/100
|switch|p2b: Annihilape|Annihilape, L50, M, shiny|100/100
|-fieldstart|move: Grassy Terrain|[from] ability: Grassy Surge|[of] p1b: Rillaboom
|turn|1
|inactive|czacho has 30 seconds left.
|inactive|ChimpDoppio has 30 seconds left.
|inactive|czacho has 20 seconds left.
|inactive|czacho has 15 seconds left.
|inactive|czacho has 10 seconds left.
|inactive|czacho has 5 seconds left.
|
|t:|1756909736
|switch|p2b: Volcarona|Volcarona, L50, F, shiny|100/100
|-terastallize|p1a: Reuniclus|Fighting
|move|p2a: Grimmsnarl|Light Screen|p2a: Grimmsnarl
|-sidestart|p2: ChimpDoppio|move: Light Screen
|move|p1b: Rillaboom|Bullet Seed|p2b: Volcarona
|-resisted|p2b: Volcarona
|-damage|p2b: Volcarona|97/100
|-resisted|p2b: Volcarona
|-damage|p2b: Volcarona|93/100
|-resisted|p2b: Volcarona
|-damage|p2b: Volcarona|90/100
|-resisted|p2b: Volcarona
|-damage|p2b: Volcarona|86/100
|-hitcount|p2b: Volcarona|4
|move|p1a: Reuniclus|Trick Room|p1a: Reuniclus
|-fieldstart|move: Trick Room|[of] p1a: Reuniclus
|
|-heal|p2b: Volcarona|92/100|[from] Grassy Terrain
|upkeep
|turn|2
|
|t:|1756909758
|move|p2a: Grimmsnarl|Reflect|p2a: Grimmsnarl
|-sidestart|p2: ChimpDoppio|Reflect
|move|p1a: Reuniclus|Tera Blast|p2a: Grimmsnarl|[anim] Tera Blast Fighting
|-damage|p2a: Grimmsnarl|73/100
|move|p1b: Rillaboom|Bullet Seed|p2a: Grimmsnarl
|-damage|p2a: Grimmsnarl|58/100
|-damage|p2a: Grimmsnarl|45/100
|-damage|p2a: Grimmsnarl|30/100
|-damage|p2a: Grimmsnarl|15/100
|-damage|p2a: Grimmsnarl|1/100
|-hitcount|p2a: Grimmsnarl|5
|move|p2b: Volcarona|Heat Wave|p1b: Rillaboom|[spread] p1a,p1b
|-supereffective|p1b: Rillaboom
|-damage|p1a: Reuniclus|69/100
|-damage|p1b: Rillaboom|23/100
|
|-heal|p1a: Reuniclus|75/100|[from] Grassy Terrain
|-heal|p2a: Grimmsnarl|7/100|[from] Grassy Terrain
|-heal|p1b: Rillaboom|29/100|[from] Grassy Terrain
|-heal|p2b: Volcarona|98/100|[from] Grassy Terrain
|upkeep
|turn|3
|inactive|ChimpDoppio has 30 seconds left.
|inactive|ChimpDoppio has 20 seconds left.
|
|t:|1756909795
|move|p2a: Grimmsnarl|Parting Shot|p1a: Reuniclus
|-unboost|p1a: Reuniclus|atk|1
|-unboost|p1a: Reuniclus|spa|1
|
|t:|1756909806
|switch|p2a: Annihilape|Annihilape, L50, M, shiny|100/100|[from] Parting Shot
|move|p1b: Rillaboom|Grassy Glide|p2a: Annihilape
|-damage|p2a: Annihilape|77/100
|move|p1a: Reuniclus|Psychic|p2b: Volcarona
|-damage|p2b: Volcarona|73/100
|move|p2b: Volcarona|Heat Wave|p1a: Reuniclus|[spread] p1a,p1b
|-supereffective|p1b: Rillaboom
|-damage|p1a: Reuniclus|44/100
|-damage|p1b: Rillaboom|0 fnt
|faint|p1b: Rillaboom
|
|-heal|p1a: Reuniclus|50/100|[from] Grassy Terrain
|-heal|p2a: Annihilape|83/100|[from] Grassy Terrain
|-heal|p2b: Volcarona|79/100|[from] Grassy Terrain
|upkeep
|
|t:|1756909820
|switch|p1b: Pelipper|Pelipper, L50, F|100/100
|-weather|RainDance|[from] ability: Drizzle|[of] p1b: Pelipper
|turn|4
|
|t:|1756909844
|-terastallize|p2b: Volcarona|Dragon
|move|p2b: Volcarona|Rage Powder|p2b: Volcarona
|-singleturn|p2b: Volcarona|move: Rage Powder
|move|p1a: Reuniclus|Psychic|p2b: Volcarona
|-damage|p2b: Volcarona|56/100
|move|p2a: Annihilape|Bulk Up|p2a: Annihilape
|-boost|p2a: Annihilape|atk|1
|-boost|p2a: Annihilape|def|1
|move|p1b: Pelipper|Hurricane|p2b: Volcarona
|-damage|p2b: Volcarona|29/100
|-start|p2b: Volcarona|confusion
|-enditem|p2b: Volcarona|Sitrus Berry|[eat]
|-heal|p2b: Volcarona|54/100|[from] item: Sitrus Berry
|
|-weather|RainDance|[upkeep]
|-heal|p1a: Reuniclus|56/100|[from] Grassy Terrain
|-heal|p2a: Annihilape|89/100|[from] Grassy Terrain
|-heal|p2b: Volcarona|60/100|[from] Grassy Terrain
|upkeep
|turn|5
|inactive|czacho has 30 seconds left.
|inactive|ChimpDoppio has 30 seconds left.
|inactive|czacho has 20 seconds left.
|inactive|ChimpDoppio has 20 seconds left.
|
|t:|1756909886
|move|p1a: Reuniclus|Psychic|p2a: Annihilape
|-supereffective|p2a: Annihilape
|-damage|p2a: Annihilape|52/100
|move|p2a: Annihilape|Rage Fist|p1b: Pelipper
|-enditem|p1b: Pelipper|Focus Sash
|-damage|p1b: Pelipper|1/100
|-activate|p2b: Volcarona|confusion
|-damage|p2b: Volcarona|56/100|[from] confusion
|move|p1b: Pelipper|Hurricane|p2a: Annihilape
|-supereffective|p2a: Annihilape
|-damage|p2a: Annihilape|8/100
|
|-weather|RainDance|[upkeep]
|-heal|p1a: Reuniclus|62/100|[from] Grassy Terrain
|-heal|p2a: Annihilape|14/100|[from] Grassy Terrain
|-heal|p2b: Volcarona|62/100|[from] Grassy Terrain
|-fieldend|move: Trick Room
|-fieldend|move: Grassy Terrain
|upkeep
|turn|6
|inactive|czacho has 30 seconds left.
|
|t:|1756909911
|move|p2a: Annihilape|Protect|p2a: Annihilape
|-singleturn|p2a: Annihilape|Protect
|move|p1b: Pelipper|Weather Ball|p2a: Annihilape
|-activate|p2a: Annihilape|move: Protect
|-activate|p2b: Volcarona|confusion
|-damage|p2b: Volcarona|57/100|[from] confusion
|move|p1a: Reuniclus|Psychic|p2b: Volcarona
|-crit|p2b: Volcarona
|-damage|p2b: Volcarona|0 fnt
|faint|p2b: Volcarona
|
|-weather|RainDance|[upkeep]
|upkeep
|
|t:|1756909932
|switch|p2b: Grimmsnarl|Grimmsnarl, L50, M|7/100
|turn|7
|
|t:|1756909941
|move|p2b: Grimmsnarl|Parting Shot|p1b: Pelipper
|-unboost|p1b: Pelipper|atk|1
|-unboost|p1b: Pelipper|spa|1
|
|t:|1756909944
|switch|p2b: Ursaluna|Ursaluna, L50, M|100/100|[from] Parting Shot
|move|p1b: Pelipper|Hurricane|p2a: Annihilape
|-supereffective|p2a: Annihilape
|-damage|p2a: Annihilape|0 fnt
|faint|p2a: Annihilape
|move|p1a: Reuniclus|Psychic|p2b: Ursaluna
|-damage|p2b: Ursaluna|74/100
|
|-weather|RainDance|[upkeep]
|-status|p2b: Ursaluna|brn|[from] item: Flame Orb
|upkeep
|
|t:|1756909950
|switch|p2a: Grimmsnarl|Grimmsnarl, L50, M|7/100
|turn|8
|
|t:|1756909966
|move|p1b: Pelipper|Hurricane|p2a: Grimmsnarl
|-damage|p2a: Grimmsnarl|0 fnt
|faint|p2a: Grimmsnarl
|move|p2b: Ursaluna|Facade|p1a: Reuniclus
|-damage|p1a: Reuniclus|0 fnt
|faint|p1a: Reuniclus
|
|-weather|none
|-damage|p2b: Ursaluna|68/100 brn|[from] brn
|-sideend|p2: ChimpDoppio|move: Light Screen
|upkeep
|
|t:|1756909975
|switch|p1a: Basculegion|Basculegion, L50, M|100/100
|turn|9
|
|t:|1756909996
|move|p1b: Pelipper|Hurricane|p2b: Ursaluna
|-damage|p2b: Ursaluna|38/100 brn
|move|p1a: Basculegion|Wave Crash|p2b: Ursaluna
|-supereffective|p2b: Ursaluna
|-damage|p2b: Ursaluna|0 fnt
|faint|p2b: Ursaluna
|-damage|p1a: Basculegion|89/100|[from] Recoil
|
|win|czacho
||ChimpDoppio is ready for game 2.
||czacho is ready for game 2.
|uhtml|next|Next: Game 2 of 3
