|j|☆Urkin' Pincurchin
|j|☆Giraffes in Gdansk
|html|Urkin' PincurchinGiraffes in Gdansk    
|uhtml|bestof|Game 3 of a best-of-3
|t:|1755967713
|gametype|doubles
|player|p1|Urkin' Pincurchin|fisherman-gen4|1344
|player|p2|Giraffes in Gdansk|acetrainer-gen4dp|1338
|gen|9
|tier|[Gen 9] VGC 2025 Reg H (Bo3)
|rated|
|rule|Species Clause: Limit one of each Pokémon
|rule|Item Clause: Limit 1 of each item
|clearpoke
|poke|p1|Dragonite, L50, M|
|poke|p1|Amoonguss, L50, M|
|poke|p1|Incineroar, L50, M|
|poke|p1|Sneasler, L50, F|
|poke|p1|Gholdengo, L50|
|poke|p1|Ursaluna-Bloodmoon, L50, M|
|poke|p2|Dragonite, L50, M|
|poke|p2|Amoonguss, L50, M|
|poke|p2|Incineroar, L50, M|
|poke|p2|Ursaluna, L50, M|
|poke|p2|Sneasler, L50, M|
|poke|p2|Farigiraf, L50, F|
|teampreview|4
|showteam|p1|Dragonite||LoadedDice|Multiscale|ScaleShot,Tailwind,Protect,Haze|||M|||50|,,,,,Fairy]Amoonguss||SitrusBerry|Regenerator|PollenPuff,Spore,Protect,RagePowder|||M|||50|,,,,,Psychic]Incineroar||SafetyGoggles|Intimidate|FlareBlitz,KnockOff,FakeOut,PartingShot|||M|||50|,,,,,Ghost]Sneasler||FocusSash|Unburden|CloseCombat,DireClaw,ThroatChop,Protect|||F|||50|,,,,,Stellar]Gholdengo||LifeOrb|GoodasGold|MakeItRain,ShadowBall,Protect,NastyPlot||||||50|,,,,,Water]Ursaluna-Bloodmoon||AssaultVest|MindsEye|BloodMoon,EarthPower,HyperVoice,VacuumWave|||M|||50|,,,,,Water
|showteam|p2|Dragonite||LoadedDice|Multiscale|ScaleShot,Tailwind,Haze,Protect|||M|||50|,,,,,Fairy]Amoonguss||SitrusBerry|Regenerator|Spore,RagePowder,PollenPuff,Protect|||M|||50|,,,,,Psychic]Incineroar||SafetyGoggles|Intimidate|FlareBlitz,KnockOff,FakeOut,PartingShot|||M|||50|,,,,,Ghost]Ursaluna||FlameOrb|Guts|Earthquake,HeadlongRush,Facade,Protect|||M|||50|,,,,,Normal]Sneasler||FocusSash|Unburden|CloseCombat,DireClaw,Coaching,Protect|||M|||50|,,,,,Stellar]Farigiraf||ThroatSpray|ArmorTail|HyperVoice,TwinBeam,TrickRoom,Protect|||F|||50|,,,,,Fire
|inactive|Battle timer is ON: inactive players will automatically lose when time's up. (requested by Urkin' Pincurchin)
|inactive|Urkin' Pincurchin has 60 seconds left.
|
|t:|1755967762
|teamsize|p1|4
|teamsize|p2|4
|start
|switch|p1a: Incineroar|Incineroar, L50, M|100/100
|switch|p1b: Ursaluna|Ursaluna-Bloodmoon, L50, M|100/100
|switch|p2a: Jbungo|Dragonite, L50, M, shiny|100/100
|switch|p2b: The Incident|Incineroar, L50, M, shiny|100/100
|-ability|p1a: Incineroar|Intimidate|boost
|-unboost|p2a: Jbungo|atk|1
|-unboost|p2b: The Incident|atk|1
|-ability|p2b: The Incident|Intimidate|boost
|-unboost|p1a: Incineroar|atk|1
|-unboost|p1b: Ursaluna|atk|1
|turn|1
|j| Tindall64
|inactive|Urkin' Pincurchin has 30 seconds left.
|inactive|Giraffes in Gdansk has 30 seconds left.
|inactive|Urkin' Pincurchin has 20 seconds left.
|
|t:|1755967802
|switch|p2a: Farigiraf|Farigiraf, L50, F, shiny|100/100
|move|p1a: Incineroar|Parting Shot|p2b: The Incident
|-unboost|p2b: The Incident|atk|1
|-unboost|p2b: The Incident|spa|1
|
|t:|1755967809
|switch|p1a: Sneasler|Sneasler, L50, F|100/100|[from] Parting Shot
|move|p1b: Ursaluna|Hyper Voice|p2a: Farigiraf|[spread] p2a,p2b
|-damage|p2a: Farigiraf|69/100
|-damage|p2b: The Incident|69/100
|move|p2b: The Incident|Parting Shot|p1b: Ursaluna
|-unboost|p1b: Ursaluna|atk|1
|-unboost|p1b: Ursaluna|spa|1
|
|t:|1755967815
|switch|p2b: Jbungo|Dragonite, L50, M, shiny|100/100|[from] Parting Shot
|
|upkeep
|turn|2
|
|t:|1755967838
|move|p2a: Farigiraf|Protect|p2a: Farigiraf
|-singleturn|p2a: Farigiraf|Protect
|move|p1a: Sneasler|Dire Claw|p2b: Jbungo
|-damage|p2b: Jbungo|78/100
|move|p2b: Jbungo|Scale Shot|p1a: Sneasler
|-damage|p1a: Sneasler|77/100
|-damage|p1a: Sneasler|54/100
|-damage|p1a: Sneasler|29/100
|-damage|p1a: Sneasler|1/100
|-hitcount|p1a: Sneasler|4
|-unboost|p2b: Jbungo|def|1
|-boost|p2b: Jbungo|spe|1
|move|p1b: Ursaluna|Blood Moon|p2a: Farigiraf
|-activate|p2a: Farigiraf|move: Protect
|
|upkeep
|turn|3
|inactive|Giraffes in Gdansk has 30 seconds left.
|
|t:|1755967864
|switch|p1a: Incineroar|Incineroar, L50, M|100/100
|-ability|p1a: Incineroar|Intimidate|boost
|-unboost|p2a: Farigiraf|atk|1
|-unboost|p2b: Jbungo|atk|1
|move|p2b: Jbungo|Tailwind|p2b: Jbungo
|-sidestart|p2: Giraffes in Gdansk|move: Tailwind
|move|p2a: Farigiraf|Hyper Voice|p1b: Ursaluna|[spread] p1a,p1b
|-damage|p1a: Incineroar|72/100
|-damage|p1b: Ursaluna|81/100
|-enditem|p2a: Farigiraf|Throat Spray
|-boost|p2a: Farigiraf|spa|1|[from] item: Throat Spray
|move|p1b: Ursaluna|Hyper Voice|p2b: Jbungo|[spread] p2a,p2b
|-damage|p2a: Farigiraf|48/100
|-damage|p2b: Jbungo|55/100
|
|upkeep
|turn|4
|
|t:|1755967882
|move|p2b: Jbungo|Scale Shot|p1a: Incineroar
|-damage|p1a: Incineroar|62/100
|-damage|p1a: Incineroar|53/100
|-damage|p1a: Incineroar|44/100
|-damage|p1a: Incineroar|35/100
|-hitcount|p1a: Incineroar|4
|-unboost|p2b: Jbungo|def|1
|-boost|p2b: Jbungo|spe|1
|move|p2a: Farigiraf|Hyper Voice|p1b: Ursaluna|[spread] p1a,p1b
|-damage|p1a: Incineroar|0 fnt
|-damage|p1b: Ursaluna|49/100
|faint|p1a: Incineroar
|move|p1b: Ursaluna|Blood Moon|p2b: Jbungo
|-damage|p2b: Jbungo|5/100
|
|upkeep
|
|t:|1755967888
|switch|p1a: Gholdengo|Gholdengo, L50|100/100
|turn|5
|inactive|Giraffes in Gdansk has 30 seconds left.
|
|t:|1755967914
|-terastallize|p2a: Farigiraf|Fire
|move|p2b: Jbungo|Scale Shot|p1b: Ursaluna
|-damage|p1b: Ursaluna|41/100
|-damage|p1b: Ursaluna|33/100
|-damage|p1b: Ursaluna|26/100
|-damage|p1b: Ursaluna|18/100
|-hitcount|p1b: Ursaluna|4
|-unboost|p2b: Jbungo|def|1
|-boost|p2b: Jbungo|spe|1
|move|p2a: Farigiraf|Hyper Voice|p1b: Ursaluna|[spread] p1b
|-immune|p1a: Gholdengo
|-damage|p1b: Ursaluna|0 fnt
|faint|p1b: Ursaluna
|move|p1a: Gholdengo|Make It Rain|p2a: Farigiraf|[spread] p2a,p2b
|-resisted|p2a: Farigiraf
|-crit|p2a: Farigiraf
|-damage|p2a: Farigiraf|2/100
|-damage|p2b: Jbungo|0 fnt
|-unboost|p1a: Gholdengo|spa|1
|faint|p2b: Jbungo
|-damage|p1a: Gholdengo|91/100|[from] item: Life Orb
|
|upkeep
|
|t:|1755967929
|switch|p2b: No Idea|Ursaluna, L50, M, shiny|100/100
|switch|p1b: Sneasler|Sneasler, L50, F|1/100
|turn|6
|inactive|Urkin' Pincurchin has 30 seconds left.
|inactive|Urkin' Pincurchin has 20 seconds left.
|
|t:|1755967967
|switch|p2b: The Incident|Incineroar, L50, M, shiny|69/100
|-ability|p2b: The Incident|Intimidate|boost
|-unboost|p1a: Gholdengo|atk|1
|-unboost|p1b: Sneasler|atk|1
|-terastallize|p1a: Gholdengo|Water
|move|p1b: Sneasler|Close Combat|p2b: The Incident
|-supereffective|p2b: The Incident
|-damage|p2b: The Incident|0 fnt
|-unboost|p1b: Sneasler|def|1
|-unboost|p1b: Sneasler|spd|1
|faint|p2b: The Incident
|move|p1a: Gholdengo|Shadow Ball|p2a: Farigiraf
|-damage|p2a: Farigiraf|0 fnt
|faint|p2a: Farigiraf
|-damage|p1a: Gholdengo|81/100|[from] item: Life Orb
|
|-sideend|p2: Giraffes in Gdansk|move: Tailwind
|upkeep
|
|t:|1755967975
|switch|p2b: No Idea|Ursaluna, L50, M, shiny|100/100
|turn|7
|c|☆Giraffes in Gdansk|ggwp
|c|☆Urkin' Pincurchin|gg
|c|☆Giraffes in Gdansk|got the call wrong
|
|t:|1755967987
|move|p2b: No Idea|Protect|p2b: No Idea
|-singleturn|p2b: No Idea|Protect
|move|p1b: Sneasler|Close Combat|p2b: No Idea
|-activate|p2b: No Idea|move: Protect
|move|p1a: Gholdengo|Make It Rain|p2b: No Idea
|-activate|p2b: No Idea|move: Protect
|
|-status|p2b: No Idea|brn|[from] item: Flame Orb
|upkeep
|turn|8
|
|t:|1755967991
|move|p1b: Sneasler|Close Combat|p2b: No Idea
|-supereffective|p2b: No Idea
|-damage|p2b: No Idea|34/100 brn
|-unboost|p1b: Sneasler|def|1
|-unboost|p1b: Sneasler|spd|1
|move|p1a: Gholdengo|Make It Rain|p2b: No Idea
|-damage|p2b: No Idea|0 fnt
|-unboost|p1a: Gholdengo|spa|1
|faint|p2b: No Idea
|-damage|p1a: Gholdengo|72/100|[from] item: Life Orb
|
|win|Urkin' Pincurchin
|raw|Urkin' Pincurchin's rating: 1344 → 1364(+20 for winning)
|raw|Giraffes in Gdansk's rating: 1338 → 1318(-20 for losing)
|l|☆Urkin' Pincurchin
|player|p1|
