|j|☆Marvcolor
|j|☆ancient95
|html|Marvcolorancient95    
|uhtml|bestof|Game 3 of a best-of-3
|t:|1784182872
|gametype|doubles
|player|p1|Marvcolor|giovanni|1326
|player|p2|ancient95|benga|1309
|gen|9
|tier|[Gen 9 Champions] VGC 2026 Reg M-B (Bo3)
|rated|
|rule|Species Clause: Limit one of each Pokémon
|rule|Item Clause: Limit 1 of each item
|clearpoke
|poke|p1|Gengar, L50, F, shiny|
|poke|p1|Politoed, L50, M, shiny|
|poke|p1|Archaludon, L50, F, shiny|
|poke|p1|Swampert, L50, F, shiny|
|poke|p1|Incineroar, L50, F, shiny|
|poke|p1|Vivillon, L50, M, shiny|
|poke|p2|Staraptor, L50, M|
|poke|p2|Glimmora, L50, M|
|poke|p2|Whimsicott, L50, F|
|poke|p2|Kingambit, L50, F|
|poke|p2|Basculegion, L50, M|
|poke|p2|Gyarados, L50, F|
|teampreview|4
|showteam|p1|Gengar||Gengarite|CursedBody|ShadowBall,SludgeBomb,PerishSong,Protect|Modest||F|||50|]Politoed||SitrusBerry|Drizzle|WeatherBall,PerishSong,Encore,Protect|Calm||M|||50|]Archaludon||Leftovers|Stamina|ElectroShot,DragonPulse,FlashCannon,Protect|Bold||F|||50|]Swampert||Swampertite|Damp|WaveCrash,Earthquake,IcePunch,Protect|Adamant||F|||50|]Incineroar||PasshoBerry|Intimidate|ThroatChop,PartingShot,Protect,FakeOut|Sassy||F|||50|]Vivillon||FocusSash|CompoundEyes|Hurricane,SleepPowder,RagePowder,Protect|Timid||M|||50|
|showteam|p2|Staraptor||Staraptite|Intimidate|CloseCombat,BraveBird,Protect,Roost|Jolly||M|||50|]Glimmora||FocusSash|ToxicDebris|PowerGem,SludgeBomb,SpikyShield,EarthPower|Modest||M|||50|]Whimsicott||MentalHerb|Prankster|Moonblast,Tailwind,Charm,Protect|Timid||F|||50|]Kingambit||BlackGlasses|Defiant|KowtowCleave,SuckerPunch,Protect,IronHead|Adamant||F|||50|]Basculegion||ChoiceScarf|Adaptability|WaveCrash,FlipTurn,AquaJet,LastRespects|Jolly||M|||50|]Gyarados||Gyaradosite|Intimidate|Crunch,Earthquake,Substitute,DragonDance|Jolly||F|||50|
|inactive|Battle timer is ON: inactive players will automatically lose when time's up. (requested by Marvcolor)
|inactive|ancient95 also wants the timer to be on.
|
|t:|1784182881
|teamsize|p1|4
|teamsize|p2|4
|start
|switch|p1a: Mishra|Gengar, L50, F, shiny|100/100
|switch|p1b: Mankira|Incineroar, L50, F, shiny|100/100
|switch|p2a: Whimsicott|Whimsicott, L50, F|100/100
|switch|p2b: Staraptor|Staraptor, L50, M|100/100
|-ability|p2b: Staraptor|Intimidate|boost
|-unboost|p1a: Mishra|atk|1
|-unboost|p1b: Mankira|atk|1
|-ability|p1b: Mankira|Intimidate|boost
|-unboost|p2a: Whimsicott|atk|1
|-unboost|p2b: Staraptor|atk|1
|turn|1
|
|t:|1784182897
|detailschange|p2b: Staraptor|Staraptor-Mega, L50, M
|-mega|p2b: Staraptor|Staraptor|Staraptite
|detailschange|p1a: Mishra|Gengar-Mega, L50, F, shiny
|-mega|p1a: Mishra|Gengar|Gengarite
|move|p2a: Whimsicott|Protect|p2a: Whimsicott
|-singleturn|p2a: Whimsicott|Protect
|move|p1b: Mankira|Fake Out|p2b: Staraptor
|-damage|p2b: Staraptor|93/100
|cant|p2b: Staraptor|flinch
|move|p1a: Mishra|Perish Song|p1a: Mishra
|-start|p1a: Mishra|perish3|[silent]
|-start|p1b: Mankira|perish3|[silent]
|-start|p2a: Whimsicott|perish3|[silent]
|-start|p2b: Staraptor|perish3|[silent]
|-fieldactivate|move: Perish Song
|
|-start|p2a: Whimsicott|perish3
|-start|p2b: Staraptor|perish3
|-start|p1a: Mishra|perish3
|-start|p1b: Mankira|perish3
|upkeep
|turn|2
|
|t:|1784182909
|move|p1a: Mishra|Protect|p1a: Mishra
|-singleturn|p1a: Mishra|Protect
|move|p1b: Mankira|Protect|p1b: Mankira
|-singleturn|p1b: Mankira|Protect
|move|p2a: Whimsicott|Charm|p2b: Staraptor
|-boost|p2b: Staraptor|atk|2
|move|p2b: Staraptor|Close Combat|p1b: Mankira
|-activate|p1b: Mankira|move: Protect
|
|-start|p2a: Whimsicott|perish2
|-start|p2b: Staraptor|perish2
|-start|p1a: Mishra|perish2
|-start|p1b: Mankira|perish2
|upkeep
|turn|3
|
|t:|1784182921
|switch|p1a: Connect|Politoed, L50, M, shiny|100/100
|-weather|RainDance|[from] ability: Drizzle|[of] p1a: Connect
|move|p2a: Whimsicott|Protect|p2a: Whimsicott
|-singleturn|p2a: Whimsicott|Protect
|move|p2b: Staraptor|Brave Bird|p1a: Connect
|-damage|p1a: Connect|20/100y
|-enditem|p1a: Connect|Sitrus Berry|[eat]
|-heal|p1a: Connect|45/100|[from] item: Sitrus Berry
|-damage|p2b: Staraptor|66/100|[from] Recoil
|move|p1b: Mankira|Parting Shot|p1a: Connect
|-unboost|p1a: Connect|atk|1
|-unboost|p1a: Connect|spa|1
|
|t:|1784182934
|switch|p1b: Mishra|Gengar-Mega, L50, F, shiny|100/100|[from] Parting Shot
|
|-weather|RainDance|[upkeep]
|-start|p2a: Whimsicott|perish1
|-start|p2b: Staraptor|perish1
|upkeep
|turn|4
|
|t:|1784182953
|move|p1b: Mishra|Protect|p1b: Mishra
|-singleturn|p1b: Mishra|Protect
|move|p1a: Connect|Protect|p1a: Connect
|-singleturn|p1a: Connect|Protect
|move|p2a: Whimsicott|Tailwind|p2a: Whimsicott
|-sidestart|p2: ancient95|move: Tailwind
|move|p2b: Staraptor|Brave Bird|p1b: Mishra
|-activate|p1b: Mishra|move: Protect
|
|-weather|RainDance|[upkeep]
|-start|p2a: Whimsicott|perish0
|-start|p2b: Staraptor|perish0
|faint|p2a: Whimsicott
|faint|p2b: Staraptor
|upkeep
|
|t:|1784182955
|switch|p2a: Glimmora|Glimmora, L50, M|100/100
|switch|p2b: Basculegion|Basculegion, L50, M|100/100
|turn|5
|
|t:|1784182979
|switch|p1b: Mankira|Incineroar, L50, F, shiny|100/100
|-ability|p1b: Mankira|Intimidate|boost
|-unboost|p2a: Glimmora|atk|1
|-unboost|p2b: Basculegion|atk|1
|move|p2b: Basculegion|Last Respects|p1a: Connect
|-damage|p1a: Connect|0 fnt
|faint|p1a: Connect
|move|p2a: Glimmora|Power Gem|p1b: Mankira
|-supereffective|p1b: Mankira|1
|-damage|p1b: Mankira|33/100
|
|-weather|RainDance|[upkeep]
|upkeep
|
|t:|1784182988
|switch|p1a: Centralian|Archaludon, L50, F, shiny|100/100
|turn|6
|
|t:|1784183004
|move|p2a: Glimmora|Spiky Shield|p2a: Glimmora
|-singleturn|p2a: Glimmora|move: Protect
|move|p1b: Mankira|Fake Out|p2a: Glimmora
|-activate|p2a: Glimmora|move: Protect
|-damage|p1b: Mankira|20/100y|[from] Spiky Shield|[of] p2a: Glimmora
|move|p2b: Basculegion|Last Respects|p1a: Centralian
|-damage|p1a: Centralian|62/100
|-ability|p1a: Centralian|Stamina|boost
|-boost|p1a: Centralian|def|1
|move|p1a: Centralian|Electro Shot||[still]
|-prepare|p1a: Centralian|Electro Shot
|-boost|p1a: Centralian|spa|1
|-anim|p1a: Centralian|Electro Shot|p2b: Basculegion
|-supereffective|p2b: Basculegion|1
|-damage|p2b: Basculegion|0 fnt
|faint|p2b: Basculegion
|
|-weather|RainDance|[upkeep]
|-heal|p1a: Centralian|68/100|[from] item: Leftovers
|upkeep
|turn|7
|inactive|Marvcolor has 30 seconds left.
|
|t:|1784183032
|move|p2a: Glimmora|Earth Power|p1a: Centralian
|-supereffective|p1a: Centralian|1
|-damage|p1a: Centralian|9/100
|-unboost|p1a: Centralian|spd|1
|-ability|p1a: Centralian|Stamina|boost
|-boost|p1a: Centralian|def|1
|move|p1a: Centralian|Flash Cannon|p2a: Glimmora
|-supereffective|p2a: Glimmora|1
|-enditem|p2a: Glimmora|Focus Sash
|-damage|p2a: Glimmora|1/100
|-unboost|p2a: Glimmora|spd|1
|move|p1b: Mankira|Throat Chop|p2a: Glimmora
|-damage|p2a: Glimmora|0 fnt
|-activate|p2a: Glimmora|ability: Toxic Debris
|-sidestart|p1: Marvcolor|move: Toxic Spikes
|faint|p2a: Glimmora
|
|win|Marvcolor
|raw|Marvcolor's rating: 1326 → 1345(+19 for winning)
|raw|ancient95's rating: 1309 → 1290(-19 for losing)
