|j|☆lolgz
|j|☆nehuel912
|html|lolgznehuel912    
|uhtml|bestof|Game 2 of a best-of-3
|t:|1782339961
|gametype|doubles
|player|p1|lolgz|dawn|1132
|player|p2|nehuel912|266|1164
|gen|9
|tier|[Gen 9 Champions] VGC 2026 Reg M-B (Bo3)
|rated|
|rule|Species Clause: Limit one of each Pokémon
|rule|Item Clause: Limit 1 of each item
|clearpoke
|poke|p1|Torkoal, L50, F|
|poke|p1|Vileplume, L50, F|
|poke|p1|Farigiraf, L50, M|
|poke|p1|Scrafty, L50, F|
|poke|p1|Gallade, L50, M|
|poke|p1|Mawile, L50, F|
|poke|p2|Gengar, L50, M|
|poke|p2|Politoed, L50, M|
|poke|p2|Incineroar, L50, M|
|poke|p2|Whimsicott, L50, F|
|poke|p2|Sableye, L50, M|
|poke|p2|Dragonite, L50, M|
|teampreview|4
|showteam|p1|Torkoal||Charcoal|Drought|Eruption,WeatherBall,EarthPower,Protect|Quiet||F|||50|]Vileplume||FocusSash|Chlorophyll|EnergyBall,SludgeBomb,SleepPowder,AfterYou|Timid||F|||50|]Farigiraf||SitrusBerry|ArmorTail|TrickRoom,Protect,Psychic,HelpingHand|Bold||M|||50|]Scrafty||Scraftinite|Intimidate|CloseCombat,KnockOff,FakeOut,RockSlide|Brave||F|||50|]Gallade||IronBall|Sharpness|SacredSword,PsychoCut,WideGuard,TrickRoom|Brave||M|||50|]Mawile||Mawilite|Intimidate|SuckerPunch,PlayRough,SwordsDance,Protect|Brave||F|||50|
|showteam|p2|Gengar||Gengarite|CursedBody|ShadowBall,Protect,Disable,PerishSong|Timid||M|||50|]Politoed||SitrusBerry|Drizzle|WeatherBall,EarthPower,PerishSong,Protect|Modest||M|||50|]Incineroar||PasshoBerry|Intimidate|PartingShot,Protect,FlareBlitz,FakeOut|Adamant||M|||50|]Whimsicott||FocusSash|Prankster|Tailwind,Encore,Moonblast,Protect|Timid||F|||50|]Sableye||RoseliBerry|Prankster|LightScreen,Reflect,Encore,Disable|Calm||M|||50|]Dragonite||Leftovers|InnerFocus|ExtremeSpeed,Protect,DragonClaw,DragonDance|Adamant||M|||50|
|inactive|Battle timer is ON: inactive players will automatically lose when time's up. (requested by lolgz)
|inactive|lolgz has 60 seconds left.
|
|t:|1782339992
|teamsize|p1|4
|teamsize|p2|4
|start
|switch|p1a: Vileplume|Vileplume, L50, F|100/100
|switch|p1b: Torkoal|Torkoal, L50, F|100/100
|switch|p2a: Gengar|Gengar, L50, M|100/100
|switch|p2b: Sableye|Sableye, L50, M|100/100
|-weather|SunnyDay|[from] ability: Drought|[of] p1b: Torkoal
|turn|1
|inactive|nehuel912 has 30 seconds left.
|
|t:|1782340018
|detailschange|p2a: Gengar|Gengar-Mega, L50, M
|-mega|p2a: Gengar|Gengar|Gengarite
|move|p2a: Gengar|Protect|p2a: Gengar
|-singleturn|p2a: Gengar|Protect
|move|p2b: Sableye|Light Screen|p2b: Sableye
|-sidestart|p2: nehuel912|move: Light Screen
|move|p1a: Vileplume|Sleep Powder|p2b: Sableye|[miss]
|-miss|p1a: Vileplume|p2b: Sableye
|move|p1b: Torkoal|Eruption|p2a: Gengar|[spread] p2b
|-activate|p2a: Gengar|move: Protect
|-damage|p2b: Sableye|12/100
|
|-weather|SunnyDay|[upkeep]
|upkeep
|turn|2
|
|t:|1782340036
|switch|p2b: Politoed|Politoed, L50, M|100/100
|-weather|RainDance|[from] ability: Drizzle|[of] p2b: Politoed
|move|p2a: Gengar|Disable|p1a: Vileplume
|-start|p1a: Vileplume|Disable|Sleep Powder
|move|p1a: Vileplume|After You|p1b: Torkoal
|-activate|p1b: Torkoal|move: After You
|move|p1b: Torkoal|Weather Ball|p2a: Gengar
|-damage|p2a: Gengar|69/100
|
|-weather|RainDance|[upkeep]
|upkeep
|turn|3
|inactive|nehuel912 has 30 seconds left.
|
|t:|1782340071
|move|p2a: Gengar|Protect|p2a: Gengar
|-singleturn|p2a: Gengar|Protect
|move|p1a: Vileplume|Energy Ball|p2b: Politoed
|-supereffective|p2b: Politoed|1
|-damage|p2b: Politoed|53/100
|move|p2b: Politoed|Perish Song|p2b: Politoed
|-start|p1a: Vileplume|perish3|[silent]
|-start|p1b: Torkoal|perish3|[silent]
|-start|p2a: Gengar|perish3|[silent]
|-start|p2b: Politoed|perish3|[silent]
|-fieldactivate|move: Perish Song
|move|p1b: Torkoal|Earth Power|p2a: Gengar
|-activate|p2a: Gengar|move: Protect
|
|-weather|RainDance|[upkeep]
|-start|p2a: Gengar|perish3
|-start|p1a: Vileplume|perish3
|-start|p2b: Politoed|perish3
|-start|p1b: Torkoal|perish3
|upkeep
|turn|4
|inactive|nehuel912 has 30 seconds left.
|
|t:|1782340104
|move|p2b: Politoed|Protect|p2b: Politoed
|-singleturn|p2b: Politoed|Protect
|move|p2a: Gengar|Disable|p1b: Torkoal
|-start|p1b: Torkoal|Disable|Earth Power
|move|p1a: Vileplume|Energy Ball|p2b: Politoed
|-activate|p2b: Politoed|move: Protect
|cant|p1b: Torkoal|Disable|Earth Power
|
|-weather|RainDance|[upkeep]
|-start|p2a: Gengar|perish2
|-start|p1a: Vileplume|perish2
|-start|p2b: Politoed|perish2
|-start|p1b: Torkoal|perish2
|upkeep
|turn|5
|
|t:|1782340126
|switch|p2b: Incineroar|Incineroar, L50, M|100/100
|-ability|p2b: Incineroar|Intimidate|boost
|-unboost|p1a: Vileplume|atk|1
|-unboost|p1b: Torkoal|atk|1
|move|p2a: Gengar|Protect|p2a: Gengar
|-singleturn|p2a: Gengar|Protect
|move|p1a: Vileplume|Energy Ball|p2b: Incineroar
|-resisted|p2b: Incineroar|1
|-damage|p2b: Incineroar|86/100
|move|p1b: Torkoal|Weather Ball|p2b: Incineroar
|-supereffective|p2b: Incineroar|1
|-enditem|p2b: Incineroar|Passho Berry|[eat]
|-enditem|p2b: Incineroar|Passho Berry|[weaken]
|-damage|p2b: Incineroar|59/100
|
|-weather|RainDance|[upkeep]
|-end|p1a: Vileplume|Disable
|-start|p2a: Gengar|perish1
|-start|p1a: Vileplume|perish1
|-start|p1b: Torkoal|perish1
|-sideend|p2: nehuel912|move: Light Screen
|upkeep
|turn|6
|inactive|nehuel912 has 30 seconds left.
|
|t:|1782340157
|switch|p2a: Sableye|Sableye, L50, M|12/100
|move|p2b: Incineroar|Protect|p2b: Incineroar
|-singleturn|p2b: Incineroar|Protect
|move|p1a: Vileplume|Sleep Powder|p2a: Sableye
|-status|p2a: Sableye|slp|[from] move: Sleep Powder
|move|p1b: Torkoal|Weather Ball|p2a: Sableye
|-damage|p2a: Sableye|0 fnt
|faint|p2a: Sableye
|
|-weather|none
|-start|p1a: Vileplume|perish0
|-start|p1b: Torkoal|perish0
|faint|p1a: Vileplume
|faint|p1b: Torkoal
|upkeep
|
|t:|1782340179
|switch|p1a: Farigiraf|Farigiraf, L50, M|100/100
|switch|p2a: Politoed|Politoed, L50, M|53/100
|switch|p1b: Mawile|Mawile, L50, F|100/100
|-weather|RainDance|[from] ability: Drizzle|[of] p2a: Politoed
|-ability|p1b: Mawile|Intimidate|boost
|-unboost|p2a: Politoed|atk|1
|-unboost|p2b: Incineroar|atk|1
|turn|7
|
|t:|1782340197
|detailschange|p1b: Mawile|Mawile-Mega, L50, F
|-mega|p1b: Mawile|Mawile|Mawilite
|move|p2a: Politoed|Earth Power|p1b: Mawile
|-supereffective|p1b: Mawile|1
|-damage|p1b: Mawile|33/100
|-unboost|p1b: Mawile|spd|1
|move|p2b: Incineroar|Parting Shot|p1b: Mawile
|-unboost|p1b: Mawile|atk|1
|-unboost|p1b: Mawile|spa|1
|
|t:|1782340207
|switch|p2b: Gengar|Gengar-Mega, L50, M|69/100|[from] Parting Shot
|move|p1b: Mawile|Play Rough|p2a: Politoed
|-damage|p2a: Politoed|0 fnt
|faint|p2a: Politoed
|move|p1a: Farigiraf|Trick Room|p1a: Farigiraf
|-fieldstart|move: Trick Room|[of] p1a: Farigiraf
|
|-weather|RainDance|[upkeep]
|upkeep
|
|t:|1782340218
|switch|p2a: Incineroar|Incineroar, L50, M|59/100
|-ability|p2a: Incineroar|Intimidate|boost
|-unboost|p1a: Farigiraf|atk|1
|-unboost|p1b: Mawile|atk|1
|turn|8
|inactive|nehuel912 has 30 seconds left.
|
|t:|1782340244
|move|p1a: Farigiraf|Helping Hand|p1b: Mawile
|-singleturn|p1b: Mawile|Helping Hand|[of] p1a: Farigiraf
|move|p2b: Gengar|Protect|p2b: Gengar
|-singleturn|p2b: Gengar|Protect
|move|p1b: Mawile|Play Rough|p2a: Incineroar|[miss]
|-miss|p1b: Mawile|p2a: Incineroar
|move|p2a: Incineroar|Parting Shot|p1a: Farigiraf
|-unboost|p1a: Farigiraf|atk|1
|-unboost|p1a: Farigiraf|spa|1
|
|-weather|RainDance|[upkeep]
|upkeep
|turn|9
|
|t:|1782340262
|move|p1b: Mawile|Play Rough|p2a: Incineroar
|-damage|p2a: Incineroar|8/100
|move|p1a: Farigiraf|Psychic|p2b: Gengar
|-supereffective|p2b: Gengar|1
|-damage|p2b: Gengar|15/100
|move|p2a: Incineroar|Parting Shot|p1a: Farigiraf
|-unboost|p1a: Farigiraf|atk|1
|-unboost|p1a: Farigiraf|spa|1
|move|p2b: Gengar|Shadow Ball|p1b: Mawile
|-damage|p1b: Mawile|0 fnt
|faint|p1b: Mawile
|
|-weather|RainDance|[upkeep]
|upkeep
|turn|10
|-message|lolgz forfeited.
|
|win|nehuel912
|raw|lolgz's rating: 1132 → 1109(-23 for losing)
|raw|nehuel912's rating: 1164 → 1187(+23 for winning)
