|j|☆Togepi Trinity
|j|☆DilluVGC
|html|Togepi TrinityDilluVGC    
|uhtml|bestof|Game 2 of a best-of-3
|t:|1784744171
|gametype|doubles
|player|p1|Togepi Trinity|unknown|
|player|p2|DilluVGC|blaine|
|gen|9
|tier|[Gen 9 Champions] VGC 2026 Reg M-B (Bo3)
|rule|Species Clause: Limit one of each Pokémon
|rule|Item Clause: Limit 1 of each item
|clearpoke
|poke|p1|Sinistcha, L50|
|poke|p1|Incineroar, L50, M|
|poke|p1|Milotic, L50, M|
|poke|p1|Raichu, L50, M|
|poke|p1|Floette-Eternal, L50, F|
|poke|p1|Ceruledge, L50, M|
|poke|p2|Tyranitar, L50, M|
|poke|p2|Excadrill, L50, F|
|poke|p2|Milotic, L50, F|
|poke|p2|Gholdengo, L50|
|poke|p2|Sinistcha-Masterpiece, L50|
|poke|p2|Staraptor, L50, M|
|teampreview|4
|showteam|p1|Sinistcha||KasibBerry|Hospitality|MatchaGotcha,LifeDew,RagePowder,Protect|Relaxed|||||50|]Incineroar||SitrusBerry|Intimidate|FlareBlitz,ThroatChop,FakeOut,PartingShot|Impish||M|||50|]Milotic||Leftovers|Competitive|MuddyWater,Coil,Hypnosis,Protect|Calm||M|||50|]Raichu||RaichuniteY|LightningRod|ZapCannon,FocusBlast,FakeOut,Protect|Timid||M|||50|]Floette-Eternal||Floettite|FlowerVeil|Protect,DazzlingGleam,DrainingKiss,CalmMind|Timid||F|||50|]Ceruledge||ColburBerry|FlashFire|BitterBlade,ShadowSneak,BulkUp,Protect|Adamant||M|||50|
|showteam|p2|Tyranitar||Tyranitarite|SandStream|KnockOff,RockSlide,HighHorsepower,Protect|Jolly||M|||50|]Excadrill||FocusSash|SandRush|Earthquake,IronHead,RockSlide,Protect|Jolly||F|||50|]Milotic||SitrusBerry|Competitive|Scald,IcyWind,Haze,Protect|Calm||F|||50|]Gholdengo||LifeOrb|GoodasGold|MakeItRain,ShadowBall,NastyPlot,Protect|Modest|||||50|]Sinistcha-Masterpiece||ColburBerry|Hospitality|MatchaGotcha,ShadowBall,Protect,RagePowder|Bold|||||50|]Staraptor||Staraptite|Intimidate|CloseCombat,BraveBird,Tailwind,Protect|Jolly||M|||50|
|
|t:|1784744212
|teamsize|p1|4
|teamsize|p2|4
|start
|switch|p1a: Raichu|Raichu, L50, M|100/100
|switch|p1b: Milotic|Milotic, L50, M|100/100
|switch|p2a: Notorious T|Tyranitar, L50, M|100/100
|switch|p2b: Diggie Smalls|Excadrill, L50, F|100/100
|-weather|Sandstorm|[from] ability: Sand Stream|[of] p2a: Notorious T
|turn|1
|
|t:|1784744236
|detailschange|p1a: Raichu|Raichu-Mega-Y, L50, M
|-mega|p1a: Raichu|Raichu|Raichunite Y
|detailschange|p2a: Notorious T|Tyranitar-Mega, L50, M
|-mega|p2a: Notorious T|Tyranitar|Tyranitarite
|move|p2b: Diggie Smalls|Protect|p2b: Diggie Smalls
|-singleturn|p2b: Diggie Smalls|Protect
|move|p1a: Raichu|Fake Out|p2b: Diggie Smalls
|-activate|p2b: Diggie Smalls|move: Protect
|move|p2a: Notorious T|High Horsepower|p1a: Raichu
|-supereffective|p1a: Raichu|1
|-damage|p1a: Raichu|0 fnt
|faint|p1a: Raichu
|move|p1b: Milotic|Coil|p1b: Milotic
|-boost|p1b: Milotic|atk|1
|-boost|p1b: Milotic|def|1
|-boost|p1b: Milotic|accuracy|1
|
|-weather|Sandstorm|[upkeep]
|-damage|p1b: Milotic|94/100|[from] Sandstorm
|-heal|p1b: Milotic|100/100|[from] item: Leftovers
|upkeep
|
|t:|1784744245
|switch|p1a: Incineroar|Incineroar, L50, M|100/100
|-ability|p1a: Incineroar|Intimidate|boost
|-unboost|p2a: Notorious T|atk|1
|-unboost|p2b: Diggie Smalls|atk|1
|turn|2
|
|t:|1784744257
|switch|p2b: Missy Eeliott|Milotic, L50, F|100/100
|move|p2a: Notorious T|Protect|p2a: Notorious T
|-singleturn|p2a: Notorious T|Protect
|move|p1a: Incineroar|Fake Out|p2a: Notorious T
|-activate|p2a: Notorious T|move: Protect
|move|p1b: Milotic|Coil|p1b: Milotic
|-boost|p1b: Milotic|atk|1
|-boost|p1b: Milotic|def|1
|-boost|p1b: Milotic|accuracy|1
|
|-weather|Sandstorm|[upkeep]
|-damage|p2b: Missy Eeliott|94/100|[from] Sandstorm
|-damage|p1a: Incineroar|93/100|[from] Sandstorm
|-damage|p1b: Milotic|94/100|[from] Sandstorm
|-heal|p1b: Milotic|100/100|[from] item: Leftovers
|upkeep
|turn|3
|
|t:|1784744283
|move|p2a: Notorious T|Knock Off|p1b: Milotic
|-damage|p1b: Milotic|84/100
|-enditem|p1b: Milotic|Leftovers|[from] move: Knock Off|[of] p2a: Notorious T
|move|p2b: Missy Eeliott|Haze|p2b: Missy Eeliott
|-clearallboost
|move|p1a: Incineroar|Parting Shot|p2a: Notorious T
|-unboost|p2a: Notorious T|atk|1
|-unboost|p2a: Notorious T|spa|1
|
|t:|1784744291
|switch|p1a: Sinistcha|Sinistcha, L50|100/100|[from] Parting Shot
|-heal|p1b: Milotic|100/100|[from] ability: Hospitality|[of] p1a: Sinistcha
|move|p1b: Milotic|Muddy Water|p2a: Notorious T|[spread] p2a,p2b
|-supereffective|p2a: Notorious T|1
|-resisted|p2b: Missy Eeliott|1
|-damage|p2a: Notorious T|75/100
|-damage|p2b: Missy Eeliott|86/100
|
|-weather|Sandstorm|[upkeep]
|-damage|p2b: Missy Eeliott|80/100|[from] Sandstorm
|-damage|p1b: Milotic|94/100|[from] Sandstorm
|-damage|p1a: Sinistcha|93/100|[from] Sandstorm
|upkeep
|turn|4
|
|t:|1784744307
|move|p2a: Notorious T|Knock Off|p1a: Sinistcha
|-supereffective|p1a: Sinistcha|1
|-damage|p1a: Sinistcha|33/100
|-enditem|p1a: Sinistcha|Kasib Berry|[from] move: Knock Off|[of] p2a: Notorious T
|move|p2b: Missy Eeliott|Icy Wind|p1a: Sinistcha|[spread] p1a
|-miss|p2b: Missy Eeliott|p1b: Milotic
|-supereffective|p1a: Sinistcha|1
|-damage|p1a: Sinistcha|15/100
|-unboost|p1a: Sinistcha|spe|1
|move|p1b: Milotic|Muddy Water|p2a: Notorious T|[spread] p2a,p2b
|-supereffective|p2a: Notorious T|1
|-resisted|p2b: Missy Eeliott|1
|-damage|p2a: Notorious T|52/100
|-damage|p2b: Missy Eeliott|72/100
|-unboost|p2a: Notorious T|accuracy|1
|move|p1a: Sinistcha|Matcha Gotcha|p2b: Missy Eeliott|[spread] p2a
|-miss|p1a: Sinistcha|p2b: Missy Eeliott
|-supereffective|p2a: Notorious T|1
|-damage|p2a: Notorious T|26/100
|-heal|p1a: Sinistcha|29/100|[from] drain|[of] p2a: Notorious T
|
|-weather|Sandstorm|[upkeep]
|-damage|p2b: Missy Eeliott|66/100|[from] Sandstorm
|-damage|p1b: Milotic|88/100|[from] Sandstorm
|-damage|p1a: Sinistcha|23/100|[from] Sandstorm
|upkeep
|turn|5
|
|t:|1784744339
|switch|p2a: Ice Tea Cube|Sinistcha-Masterpiece, L50|100/100
|-heal|p2b: Missy Eeliott|91/100|[from] ability: Hospitality|[of] p2a: Ice Tea Cube
|move|p1a: Sinistcha|Protect|p1a: Sinistcha
|-singleturn|p1a: Sinistcha|Protect
|move|p2b: Missy Eeliott|Icy Wind|p1b: Milotic|[spread] p1b
|-activate|p1a: Sinistcha|move: Protect
|-resisted|p1b: Milotic|1
|-damage|p1b: Milotic|84/100
|-unboost|p1b: Milotic|spe|1
|-ability|p1b: Milotic|Competitive|boost
|-boost|p1b: Milotic|spa|2
|move|p1b: Milotic|Muddy Water|p2a: Ice Tea Cube|[spread] 
|-miss|p1b: Milotic|p2a: Ice Tea Cube
|-miss|p1b: Milotic|p2b: Missy Eeliott
|
|-weather|none
|upkeep
|turn|6
|
|t:|1784744362
|switch|p1a: Incineroar|Incineroar, L50, M|93/100
|-ability|p1a: Incineroar|Intimidate|boost
|-unboost|p2a: Ice Tea Cube|atk|1
|-unboost|p2b: Missy Eeliott|atk|1
|-ability|p2b: Missy Eeliott|Competitive|boost
|-boost|p2b: Missy Eeliott|spa|2
|move|p2b: Missy Eeliott|Scald|p1a: Incineroar
|-supereffective|p1a: Incineroar|1
|-damage|p1a: Incineroar|0 fnt
|faint|p1a: Incineroar
|move|p2a: Ice Tea Cube|Matcha Gotcha|p1b: Milotic
|-supereffective|p1b: Milotic|1
|-damage|p1b: Milotic|43/100
|move|p1b: Milotic|Muddy Water|p2b: Missy Eeliott|[spread] p2a,p2b
|-resisted|p2a: Ice Tea Cube|1
|-resisted|p2b: Missy Eeliott|1
|-damage|p2a: Ice Tea Cube|76/100
|-damage|p2b: Missy Eeliott|76/100
|-unboost|p2b: Missy Eeliott|accuracy|1
|-ability|p2b: Missy Eeliott|Competitive|boost
|-boost|p2b: Missy Eeliott|spa|2
|
|upkeep
|
|t:|1784744381
|switch|p1a: Sinistcha|Sinistcha, L50|23/100
|-heal|p1b: Milotic|67/100|[from] ability: Hospitality|[of] p1a: Sinistcha
|turn|7
|
|t:|1784744391
|move|p2b: Missy Eeliott|Scald|p1a: Sinistcha
|-resisted|p1a: Sinistcha|1
|-damage|p1a: Sinistcha|0 fnt
|faint|p1a: Sinistcha
|move|p2a: Ice Tea Cube|Matcha Gotcha|p1b: Milotic
|-supereffective|p1b: Milotic|1
|-damage|p1b: Milotic|25/100
|-heal|p2a: Ice Tea Cube|100/100|[from] drain|[of] p1b: Milotic
|move|p1b: Milotic|Muddy Water|p2b: Missy Eeliott|[spread] p2a,p2b
|-resisted|p2a: Ice Tea Cube|1
|-resisted|p2b: Missy Eeliott|1
|-damage|p2a: Ice Tea Cube|76/100
|-damage|p2b: Missy Eeliott|61/100
|-unboost|p2a: Ice Tea Cube|accuracy|1
|
|upkeep
|turn|8
|
|t:|1784744407
|move|p2b: Missy Eeliott|Scald|p1b: Milotic
|-resisted|p1b: Milotic|1
|-damage|p1b: Milotic|0 fnt
|faint|p1b: Milotic
|
|win|DilluVGC
|c|☆Togepi Trinity|gg
|l|☆Togepi Trinity
|player|p1|
