|j|☆flubberbut
|j|☆Volanr
|html|flubberbutVolanr    
|uhtml|bestof|Game 2 of a best-of-3
|t:|1756222598
|gametype|doubles
|player|p1|flubberbut|benga|1173
|player|p2|Volanr|veteranf|1299
|gen|9
|tier|[Gen 9] VGC 2025 Reg H (Bo3)
|rated|
|rule|Species Clause: Limit one of each Pokémon
|rule|Item Clause: Limit 1 of each item
|clearpoke
|poke|p1|Ninetales-Alola, L50, F|
|poke|p1|Rillaboom, L50, F|
|poke|p1|Sneasler, L50, M|
|poke|p1|Dondozo, L50, M|
|poke|p1|Tatsugiri, L50, M|
|poke|p1|Basculegion, L50, M|
|poke|p2|Archaludon, L50, F|
|poke|p2|Sinistcha-Masterpiece, L50|
|poke|p2|Dragonite, L50, F|
|poke|p2|Pelipper, L50, M|
|poke|p2|Ursaluna, L50, M|
|poke|p2|Gholdengo, L50|
|teampreview|4
|showteam|p1|Ninetales-Alola||ChoiceSpecs|SnowWarning|FreezeDry,Blizzard,Moonblast,TeraBlast|||F|||50|,,,,,Ghost]Rillaboom||AssaultVest|GrassySurge|FakeOut,WoodHammer,GrassyGlide,HighHorsepower|||F|||50|,,,,,Fire]Sneasler||GrassySeed|Unburden|CloseCombat,DireClaw,ThroatChop,Protect|||M|||50|,,,,,Dark]Dondozo||CovertCloak|Unaware|OrderUp,WaveCrash,Earthquake,Protect|||M|||50|,,,,,Dragon]Tatsugiri||FocusSash|Commander|MuddyWater,DragonPulse,DracoMeteor,Protect|||M|||50|,,,,,Ghost]Basculegion||ChoiceScarf|Adaptability|AquaJet,FlipTurn,LastRespects,WaveCrash|||M|||50|,,,,,Water
|showteam|p2|Archaludon||AssaultVest|Stamina|BodyPress,Snarl,ElectroShot,FlashCannon|||F|||50|,,,,,Grass]Sinistcha-Masterpiece||SitrusBerry|Hospitality|MatchaGotcha,RagePowder,TrickRoom,LifeDew||||||50|,,,,,Dark]Dragonite||LoadedDice|Multiscale|ScaleShot,Protect,Tailwind,Haze|||F|||50|,,,,,Steel]Pelipper||FocusSash|Drizzle|WeatherBall,Hurricane,Tailwind,Protect|||M|||50|,,,,,Ground]Ursaluna||FlameOrb|Guts|Facade,HeadlongRush,Earthquake,Protect|||M|||50|,,,,,Ghost]Gholdengo||ChoiceScarf|GoodasGold|MakeItRain,TeraBlast,ShadowBall,Trick||||||50|,,,,,Water
|
|t:|1756222630
|teamsize|p1|4
|teamsize|p2|4
|start
|switch|p1a: Ninetales|Ninetales-Alola, L50, F|100/100
|switch|p1b: Sneasler|Sneasler, L50, M|100/100
|switch|p2a: Gholdengo|Gholdengo, L50|100/100
|switch|p2b: Dragonite|Dragonite, L50, F|100/100
|-weather|Snowscape|[from] ability: Snow Warning|[of] p1a: Ninetales
|turn|1
|
|t:|1756222649
|switch|p1a: Dondozo|Dondozo, L50, M|100/100
|-terastallize|p2b: Dragonite|Steel
|move|p1b: Sneasler|Protect|p1b: Sneasler
|-singleturn|p1b: Sneasler|Protect
|move|p2a: Gholdengo|Make It Rain|p1a: Dondozo|[spread] p1a
|-activate|p1b: Sneasler|move: Protect
|-resisted|p1a: Dondozo
|-damage|p1a: Dondozo|71/100
|-unboost|p2a: Gholdengo|spa|1
|move|p2b: Dragonite|Scale Shot|p1b: Sneasler
|-activate|p1b: Sneasler|move: Protect
|
|-weather|Snowscape|[upkeep]
|upkeep
|turn|2
|
|t:|1756222675
|switch|p2a: Sinistcha|Sinistcha-Masterpiece, L50|100/100
|move|p1a: Dondozo|Protect|p1a: Dondozo
|-singleturn|p1a: Dondozo|Protect
|move|p1b: Sneasler|Throat Chop|p2a: Sinistcha
|-supereffective|p2a: Sinistcha
|-damage|p2a: Sinistcha|49/100
|-start|p2a: Sinistcha|Throat Chop|[silent]
|-enditem|p2a: Sinistcha|Sitrus Berry|[eat]
|-heal|p2a: Sinistcha|74/100|[from] item: Sitrus Berry
|move|p2b: Dragonite|Scale Shot|p1b: Sneasler
|-damage|p1b: Sneasler|71/100
|-damage|p1b: Sneasler|42/100
|-damage|p1b: Sneasler|15/100
|-damage|p1b: Sneasler|0 fnt
|faint|p1b: Sneasler
|-hitcount|p1: Sneasler|4
|-unboost|p2b: Dragonite|def|1
|-boost|p2b: Dragonite|spe|1
|
|-weather|Snowscape|[upkeep]
|upkeep
|
|t:|1756222678
|switch|p1b: Ninetales|Ninetales-Alola, L50, F|100/100
|turn|3
|
|t:|1756222705
|switch|p2a: Pelipper|Pelipper, L50, M|100/100
|-weather|RainDance|[from] ability: Drizzle|[of] p2a: Pelipper
|move|p2b: Dragonite|Protect|p2b: Dragonite
|-singleturn|p2b: Dragonite|Protect
|move|p1a: Dondozo|Protect||[still]
|-fail|p1a: Dondozo
|move|p1b: Ninetales|Blizzard|p2a: Pelipper|[spread] 
|-activate|p2b: Dragonite|move: Protect
|-miss|p1b: Ninetales|p2a: Pelipper
|
|-weather|RainDance|[upkeep]
|upkeep
|turn|4
|
|t:|1756222718
|move|p2b: Dragonite|Scale Shot|p1a: Dondozo|[miss]
|-miss|p2b: Dragonite|p1a: Dondozo
|move|p1b: Ninetales|Blizzard|p2a: Pelipper|[spread] p2a,p2b
|-resisted|p2b: Dragonite
|-damage|p2a: Pelipper|14/100
|-damage|p2b: Dragonite|89/100
|move|p2a: Pelipper|Hurricane|p1a: Dondozo
|-damage|p1a: Dondozo|21/100
|move|p1a: Dondozo|Wave Crash|p2b: Dragonite
|-damage|p2b: Dragonite|0 fnt
|faint|p2b: Dragonite
|-damage|p1a: Dondozo|0 fnt|[from] Recoil
|faint|p1a: Dondozo
|
|-weather|RainDance|[upkeep]
|upkeep
|
|t:|1756222728
|switch|p2b: Gholdengo|Gholdengo, L50|100/100
|switch|p1a: Tatsugiri|Tatsugiri, L50, M|100/100
|turn|5
|
|t:|1756222744
|-terastallize|p1b: Ninetales|Ghost
|move|p2a: Pelipper|Protect|p2a: Pelipper
|-singleturn|p2a: Pelipper|Protect
|move|p2b: Gholdengo|Make It Rain|p1a: Tatsugiri|[spread] p1a,p1b
|-resisted|p1a: Tatsugiri
|-damage|p1a: Tatsugiri|65/100
|-damage|p1b: Ninetales|41/100
|-unboost|p2b: Gholdengo|spa|1
|move|p1b: Ninetales|Blizzard|p2a: Pelipper|[spread] 
|-activate|p2a: Pelipper|move: Protect
|-miss|p1b: Ninetales|p2b: Gholdengo
|move|p1a: Tatsugiri|Muddy Water|p2a: Pelipper|[spread] p2b
|-activate|p2a: Pelipper|move: Protect
|-damage|p2b: Gholdengo|41/100
|
|-weather|RainDance|[upkeep]
|upkeep
|turn|6
|
|t:|1756222762
|switch|p2b: Sinistcha|Sinistcha-Masterpiece, L50|74/100
|-heal|p2a: Pelipper|39/100|[from] ability: Hospitality|[of] p2b: Sinistcha
|move|p1b: Ninetales|Blizzard|p2b: Sinistcha|[spread] p2b
|-miss|p1b: Ninetales|p2a: Pelipper
|-supereffective|p2b: Sinistcha
|-damage|p2b: Sinistcha|0 fnt
|faint|p2b: Sinistcha
|move|p1a: Tatsugiri|Muddy Water|p2a: Pelipper|[miss]
|-miss|p1a: Tatsugiri|p2a: Pelipper
|move|p2a: Pelipper|Hurricane|p1a: Tatsugiri
|-damage|p1a: Tatsugiri|1/100
|-start|p1a: Tatsugiri|confusion
|
|-weather|RainDance|[upkeep]
|upkeep
|
|t:|1756222764
|switch|p2b: Gholdengo|Gholdengo, L50|41/100
|turn|7
|
|t:|1756222779
|move|p2b: Gholdengo|Make It Rain|p1a: Tatsugiri|[spread] p1a,p1b
|-resisted|p1a: Tatsugiri
|-damage|p1a: Tatsugiri|0 fnt
|-damage|p1b: Ninetales|0 fnt
|-unboost|p2b: Gholdengo|spa|1
|faint|p1a: Tatsugiri
|faint|p1b: Ninetales
|
|win|Volanr
|raw|flubberbut's rating: 1173 → 1157(-16 for losing)
|raw|Volanr's rating: 1299 → 1315(+16 for winning)
