|j|☆Scoseb
|j|☆jonas.weevil
|html|Scosebjonas.weevil    
|uhtml|bestof|Game 2 of a best-of-3
|t:|1784578497
|gametype|doubles
|player|p1|Scoseb|brycenman|1316
|player|p2|jonas.weevil|170|1397
|gen|9
|tier|[Gen 9 Champions] VGC 2026 Reg M-B (Bo3)
|rated|
|rule|Species Clause: Limit one of each Pokémon
|rule|Item Clause: Limit 1 of each item
|clearpoke
|poke|p1|Gholdengo, L50|
|poke|p1|Zoroark-Hisui, L50, M|
|poke|p1|Incineroar, L50, F|
|poke|p1|Whimsicott, L50, M|
|poke|p1|Staraptor, L50, M|
|poke|p1|Garchomp, L50, F|
|poke|p2|Torkoal, L50, F, shiny|
|poke|p2|Venusaur, L50, F|
|poke|p2|Pyroar, L50, M, shiny|
|poke|p2|Scrafty, L50, M|
|poke|p2|Sylveon, L50, M, shiny|
|poke|p2|Farigiraf, L50, M|
|teampreview|4
|showteam|p1|Gholdengo||LifeOrb|GoodasGold|PowerGem,Protect,MakeItRain,ShadowBall|Modest|||||50|]Zoroark-Hisui||FocusSash|Illusion|Taunt,IcyWind,FakeTears,BitterMalice|Timid||M|||50|]Incineroar||SitrusBerry|Intimidate|FakeOut,PartingShot,FlareBlitz,DarkestLariat|Careful||F|||50|]Whimsicott||FairyFeather|Prankster|Moonblast,Tailwind,Charm,Encore|Modest||M|||50|]Staraptor||Staraptite|Reckless|CloseCombat,Protect,BraveBird,Roost|Jolly||M|||50|]Garchomp||Garchompite|RoughSkin|Protect,Earthquake,DragonClaw,RockSlide|Adamant||F|||50|
|showteam|p2|Torkoal||Charcoal|Drought|Eruption,WeatherBall,HelpingHand,Protect|Quiet||F|||50|]Venusaur||FocusSash|Chlorophyll|LeafStorm,SludgeBomb,SleepPowder,Protect|Modest||F|||50|]Pyroar||Pyroarite|Unnerve|Overheat,HeatWave,SolarBeam,Protect|Timid||M|||50|]Scrafty||Scraftinite|Intimidate|CloseCombat,KnockOff,StoneEdge,FakeOut|Brave||M|||50|]Sylveon||LifeOrb|Pixilate|HyperVoice,HyperBeam,QuickAttack,Detect|Quiet||M|||50|]Farigiraf||SitrusBerry|ArmorTail|Psychic,Thunderbolt,HelpingHand,TrickRoom|Relaxed||M|||50|
|inactive|Battle timer is ON: inactive players will automatically lose when time's up. (requested by Scoseb)
|
|t:|1784578518
|teamsize|p1|4
|teamsize|p2|4
|start
|switch|p1a: Whimsicott|Whimsicott, L50, M|100/100
|switch|p1b: Staraptor|Staraptor, L50, M|100/100
|switch|p2a: Napalm|Torkoal, L50, F, shiny|100/100
|switch|p2b: Venusaur|Venusaur, L50, F|100/100
|-weather|SunnyDay|[from] ability: Drought|[of] p2a: Napalm
|turn|1
|inactive|Scoseb has 30 seconds left.
|inactive|jonas.weevil has 30 seconds left.
|inactive|Scoseb has 20 seconds left.
|inactive|jonas.weevil has 20 seconds left.
|inactive|jonas.weevil has 15 seconds left.
|inactive|jonas.weevil has 10 seconds left.
|
|t:|1784578568
|detailschange|p1b: Staraptor|Staraptor-Mega, L50, M
|-mega|p1b: Staraptor|Staraptor|Staraptite
|move|p2a: Napalm|Protect|p2a: Napalm
|-singleturn|p2a: Napalm|Protect
|move|p1a: Whimsicott|Tailwind|p1a: Whimsicott
|-sidestart|p1: Scoseb|move: Tailwind
|move|p1b: Staraptor|Close Combat|p2a: Napalm
|-activate|p2a: Napalm|move: Protect
|move|p2b: Venusaur|Sleep Powder|p1b: Staraptor
|-status|p1b: Staraptor|slp|[from] move: Sleep Powder
|
|-weather|SunnyDay|[upkeep]
|upkeep
|turn|2
|inactive|jonas.weevil has 30 seconds left.
|
|t:|1784578598
|switch|p1a: Incineroar|Incineroar, L50, F|100/100
|-ability|p1a: Incineroar|Intimidate|boost
|-unboost|p2a: Napalm|atk|1
|-unboost|p2b: Venusaur|atk|1
|switch|p2b: Stasi|Farigiraf, L50, M|100/100
|cant|p1b: Staraptor|slp
|move|p2a: Napalm|Eruption|p1a: Incineroar|[spread] p1a,p1b
|-resisted|p1a: Incineroar|1
|-damage|p1a: Incineroar|66/100
|-damage|p1b: Staraptor|10/100 slp
|
|-weather|SunnyDay|[upkeep]
|upkeep
|turn|3
|inactive|Scoseb has 30 seconds left.
|inactive|Scoseb has 20 seconds left.
|inactive|jonas.weevil has 30 seconds left.
|inactive|Scoseb has 15 seconds left.
|
|t:|1784578643
|cant|p1b: Staraptor|slp
|move|p1a: Incineroar|Darkest Lariat|p2a: Napalm
|-damage|p2a: Napalm|72/100
|move|p2a: Napalm|Eruption|p1b: Staraptor|[spread] p1a,p1b
|-resisted|p1a: Incineroar|1
|-damage|p1a: Incineroar|42/100
|-damage|p1b: Staraptor|0 fnt
|-enditem|p1a: Incineroar|Sitrus Berry|[eat]
|-heal|p1a: Incineroar|67/100|[from] item: Sitrus Berry
|faint|p1b: Staraptor
|move|p2b: Stasi|Trick Room|p2b: Stasi
|-fieldstart|move: Trick Room|[of] p2b: Stasi
|
|-weather|SunnyDay|[upkeep]
|upkeep
|
|t:|1784578656
|switch|p1b: Garchomp|Garchomp, L50, F|100/100
|turn|4
|inactive|jonas.weevil has 30 seconds left.
|inactive|jonas.weevil has 20 seconds left.
|inactive|jonas.weevil has 15 seconds left.
|
|t:|1784578696
|switch|p2b: Scrafty|Scrafty, L50, M|100/100
|-ability|p2b: Scrafty|Intimidate|boost
|-unboost|p1a: Incineroar|atk|1
|-unboost|p1b: Garchomp|atk|1
|move|p2a: Napalm|Eruption|p1a: Incineroar|[spread] p1a,p1b
|-resisted|p1a: Incineroar|1
|-resisted|p1b: Garchomp|1
|-damage|p1a: Incineroar|43/100
|-damage|p1b: Garchomp|71/100
|move|p1a: Incineroar|Parting Shot|p2a: Napalm
|-unboost|p2a: Napalm|atk|1
|-unboost|p2a: Napalm|spa|1
|
|t:|1784578706
|switch|p1a: Whimsicott|Whimsicott, L50, M|100/100|[from] Parting Shot
|move|p1b: Garchomp|Rock Slide|p2a: Napalm|[spread] p2a,p2b
|-supereffective|p2a: Napalm|1
|-resisted|p2b: Scrafty|1
|-damage|p2a: Napalm|50/100g
|-damage|p2b: Scrafty|93/100
|
|-weather|SunnyDay|[upkeep]
|-sideend|p1: Scoseb|move: Tailwind
|upkeep
|turn|5
|inactive|Scoseb has 30 seconds left.
|
|t:|1784578740
|switch|p1a: Incineroar|Incineroar, L50, F|43/100
|-ability|p1a: Incineroar|Intimidate|boost
|-unboost|p2a: Napalm|atk|1
|-unboost|p2b: Scrafty|atk|1
|detailschange|p2b: Scrafty|Scrafty-Mega, L50, M
|-mega|p2b: Scrafty|Scrafty|Scraftinite
|-ability|p2b: Scrafty|Intimidate|boost
|-unboost|p1a: Incineroar|atk|1
|-unboost|p1b: Garchomp|atk|1
|move|p2a: Napalm|Weather Ball|p1a: Incineroar
|-resisted|p1a: Incineroar|1
|-damage|p1a: Incineroar|23/100
|move|p2b: Scrafty|Close Combat|p1a: Incineroar
|-supereffective|p1a: Incineroar|1
|-damage|p1a: Incineroar|0 fnt
|-unboost|p2b: Scrafty|def|1
|-unboost|p2b: Scrafty|spd|1
|faint|p1a: Incineroar
|move|p1b: Garchomp|Rock Slide|p2b: Scrafty|[spread] p2a,p2b
|-supereffective|p2a: Napalm|1
|-resisted|p2b: Scrafty|1
|-damage|p2a: Napalm|36/100
|-damage|p2b: Scrafty|87/100
|
|-weather|none
|upkeep
|
|t:|1784578759
|switch|p1a: Whimsicott|Whimsicott, L50, M|100/100
|turn|6
|
|t:|1784578773
|switch|p2b: Venusaur|Venusaur, L50, F|100/100
|move|p2a: Napalm|Eruption|p1b: Garchomp|[spread] p1a,p1b
|-supereffective|p1a: Whimsicott|1
|-resisted|p1b: Garchomp|1
|-damage|p1a: Whimsicott|58/100
|-damage|p1b: Garchomp|65/100
|move|p1b: Garchomp|Earthquake|p2a: Napalm|[spread] p1a,p2a,p2b
|-resisted|p1a: Whimsicott|1
|-supereffective|p2a: Napalm|1
|-damage|p1a: Whimsicott|44/100
|-damage|p2a: Napalm|2/100
|-damage|p2b: Venusaur|72/100
|move|p1a: Whimsicott|Moonblast|p2b: Venusaur
|-resisted|p2b: Venusaur|1
|-damage|p2b: Venusaur|47/100
|
|upkeep
|turn|7
|
|t:|1784578794
|switch|p2a: Scrafty|Scrafty-Mega, L50, M|87/100
|-ability|p2a: Scrafty|Intimidate|boost
|-unboost|p1a: Whimsicott|atk|1
|-unboost|p1b: Garchomp|atk|1
|move|p1a: Whimsicott|Tailwind|p1a: Whimsicott
|-sidestart|p1: Scoseb|move: Tailwind
|move|p2b: Venusaur|Sludge Bomb|p1a: Whimsicott
|-supereffective|p1a: Whimsicott|2
|-damage|p1a: Whimsicott|0 fnt
|faint|p1a: Whimsicott
|move|p1b: Garchomp|Earthquake|p2b: Venusaur|[spread] p2a,p2b
|-damage|p2a: Scrafty|74/100
|-damage|p2b: Venusaur|24/100
|
|-fieldend|move: Trick Room
|upkeep
|turn|8
|
|t:|1784578815
|switch|p2b: Stasi|Farigiraf, L50, M|100/100
|move|p1b: Garchomp|Protect|p1b: Garchomp
|-singleturn|p1b: Garchomp|Protect
|move|p2a: Scrafty|Fake Out|p1b: Garchomp
|-activate|p1b: Garchomp|move: Protect
|
|upkeep
|turn|9
|
|t:|1784578829
|move|p1b: Garchomp|Earthquake|p2b: Stasi|[spread] p2a,p2b
|-damage|p2a: Scrafty|62/100
|-damage|p2b: Stasi|84/100
|move|p2a: Scrafty|Close Combat|p1b: Garchomp
|-damage|p1b: Garchomp|1/100
|-unboost|p2a: Scrafty|def|1
|-unboost|p2a: Scrafty|spd|1
|-damage|p2a: Scrafty|50/100y|[from] ability: Rough Skin|[of] p1b: Garchomp
|move|p2b: Stasi|Trick Room|p2b: Stasi
|-fieldstart|move: Trick Room|[of] p2b: Stasi
|
|upkeep
|turn|10
|-message|Scoseb forfeited.
|
|win|jonas.weevil
|raw|Scoseb's rating: 1316 → 1301(-15 for losing)
|raw|jonas.weevil's rating: 1397 → 1412(+15 for winning)
