|j|☆SongokuVG Fr
|j|☆Filippo1226
|html|SongokuVG FrFilippo1226    
|uhtml|bestof|Game 2 of a best-of-3
|t:|1757082714
|gametype|doubles
|player|p1|SongokuVG Fr|lucian|1308
|player|p2|Filippo1226|dragontamer|1298
|gen|9
|tier|[Gen 9] VGC 2025 Reg H (Bo3)
|rated|
|rule|Species Clause: Limit one of each Pokémon
|rule|Item Clause: Limit 1 of each item
|clearpoke
|poke|p1|Klefki, L50, M|
|poke|p1|Ursaluna-Bloodmoon, L50, M|
|poke|p1|Maushold-Four, L50|
|poke|p1|Annihilape, L50, F|
|poke|p1|Ninetales-Alola, L50, M|
|poke|p1|Sinistcha, L50|
|poke|p2|Talonflame, L50, F|
|poke|p2|Kommo-o, L50, M|
|poke|p2|Mamoswine, L50, F|
|poke|p2|Gholdengo, L50|
|poke|p2|Gallade, L50, M|
|poke|p2|Electabuzz, L50, F|
|teampreview|4
|showteam|p1|Klefki||LightClay|Prankster|Reflect,LightScreen,MistyTerrain,DazzlingGleam|||M|||50|,,,,,Ghost]Ursaluna-Bloodmoon||AssaultVest|MindsEye|BloodMoon,HyperVoice,VacuumWave,EarthPower|||M|||50|,,,,,Water]Maushold-Four||SafetyGoggles|FriendGuard|FollowMe,Protect,Taunt,BeatUp||||||50|,,,,,Ghost]Annihilape||Leftovers|Defiant|DrainPunch,RageFist,Protect,BulkUp|||F|||50|,,,,,Water]Ninetales-Alola||FocusSash|SnowWarning|Blizzard,Protect,Encore,FreezeDry|||M|||50|,,,,,Ghost]Sinistcha||SitrusBerry|Hospitality|MatchaGotcha,RagePowder,LifeDew,TrickRoom||||||50|,,,,,Water
|showteam|p2|Talonflame||CovertCloak|GaleWings|DualWingbeat,Taunt,Tailwind,QuickGuard|||F|||50|,,,,,Flying]Kommo-o||ChoiceSpecs|Overcoat|ClangingScales,Flamethrower,AuraSphere,DracoMeteor|||M|||50|,,,,,Dragon]Mamoswine||LoadedDice|Oblivious|IcicleSpear,Earthquake,HighHorsepower,Protect|||F|||50|,,,,,Ground]Gholdengo||LifeOrb|GoodasGold|MakeItRain,ShadowBall,NastyPlot,Protect||||||50|,,,,,Water]Gallade||SitrusBerry|Sharpness|SacredSword,Imprison,TrickRoom,PsychoCut|||M|||50|,,,,,Dark]Electabuzz||Eviolite|VitalSpirit|Electroweb,FollowMe,Thunderbolt,Protect|||F|||50|,,,,,Flying
|inactive|Battle timer is ON: inactive players will automatically lose when time's up. (requested by SongokuVG Fr)
|inactive|Filippo1226 has 60 seconds left.
|
|t:|1757082764
|teamsize|p1|4
|teamsize|p2|4
|start
|switch|p1a: Maushold|Maushold-Four, L50|100/100
|switch|p1b: Annihilape|Annihilape, L50, F|100/100
|switch|p2a: Gholdengo|Gholdengo, L50|100/100
|switch|p2b: Electabuzz|Electabuzz, L50, F|100/100
|turn|1
|
|t:|1757082781
|move|p2b: Electabuzz|Protect|p2b: Electabuzz
|-singleturn|p2b: Electabuzz|Protect
|move|p1a: Maushold|Taunt|p2b: Electabuzz
|-activate|p2b: Electabuzz|move: Protect
|move|p1b: Annihilape|Bulk Up|p1b: Annihilape
|-boost|p1b: Annihilape|atk|1
|-boost|p1b: Annihilape|def|1
|move|p2a: Gholdengo|Nasty Plot|p2a: Gholdengo
|-boost|p2a: Gholdengo|spa|2
|
|upkeep
|turn|2
|
|t:|1757082797
|move|p1b: Annihilape|Protect|p1b: Annihilape
|-singleturn|p1b: Annihilape|Protect
|move|p2b: Electabuzz|Follow Me|p2b: Electabuzz
|-singleturn|p2b: Electabuzz|move: Follow Me
|move|p1a: Maushold|Taunt|p2b: Electabuzz
|-start|p2b: Electabuzz|move: Taunt
|move|p2a: Gholdengo|Make It Rain|p1b: Annihilape|[spread] p1a
|-activate|p1b: Annihilape|move: Protect
|-damage|p1a: Maushold|0 fnt
|-unboost|p2a: Gholdengo|spa|1
|faint|p1a: Maushold
|-damage|p2a: Gholdengo|91/100|[from] item: Life Orb
|
|upkeep
|
|t:|1757082810
|switch|p1a: Klefki|Klefki, L50, M|100/100
|turn|3
|
|t:|1757082827
|switch|p2b: Mamoswine|Mamoswine, L50, F|100/100
|-terastallize|p1b: Annihilape|Water
|-terastallize|p2a: Gholdengo|Water
|move|p1a: Klefki|Light Screen|p1a: Klefki
|-sidestart|p1: SongokuVG Fr|move: Light Screen
|move|p1b: Annihilape|Rage Fist|p2a: Gholdengo
|-damage|p2a: Gholdengo|51/100
|move|p2a: Gholdengo|Nasty Plot|p2a: Gholdengo
|-boost|p2a: Gholdengo|spa|2
|
|upkeep
|turn|4
|
|t:|1757082845
|switch|p2b: Electabuzz|Electabuzz, L50, F|100/100
|move|p1b: Annihilape|Protect|p1b: Annihilape
|-singleturn|p1b: Annihilape|Protect
|move|p2a: Gholdengo|Protect|p2a: Gholdengo
|-singleturn|p2a: Gholdengo|Protect
|move|p1a: Klefki|Dazzling Gleam|p2b: Electabuzz|[spread] p2b
|-activate|p2a: Gholdengo|move: Protect
|-crit|p2b: Electabuzz
|-damage|p2b: Electabuzz|81/100
|
|upkeep
|turn|5
|
|t:|1757082870
|switch|p1b: Ursaluna|Ursaluna-Bloodmoon, L50, M|100/100
|move|p2b: Electabuzz|Follow Me|p2b: Electabuzz
|-singleturn|p2b: Electabuzz|move: Follow Me
|move|p1a: Klefki|Reflect|p1a: Klefki
|-sidestart|p1: SongokuVG Fr|Reflect
|move|p2a: Gholdengo|Shadow Ball|p1b: Ursaluna
|-immune|p1b: Ursaluna
|
|upkeep
|turn|6
|
|t:|1757082886
|switch|p2b: Mamoswine|Mamoswine, L50, F|100/100
|switch|p1b: Annihilape|Annihilape, L50, F, tera:Water|100/100
|move|p2a: Gholdengo|Make It Rain|p1b: Annihilape|[spread] p1a,p1b
|-resisted|p1b: Annihilape
|-damage|p1a: Klefki|5/100
|-damage|p1b: Annihilape|53/100
|-unboost|p2a: Gholdengo|spa|1
|-damage|p2a: Gholdengo|41/100|[from] item: Life Orb
|move|p1a: Klefki|Dazzling Gleam|p2a: Gholdengo|[spread] p2a,p2b
|-damage|p2a: Gholdengo|21/100
|-damage|p2b: Mamoswine|76/100
|
|-heal|p1b: Annihilape|59/100|[from] item: Leftovers
|upkeep
|turn|7
|
|t:|1757082911
|switch|p2b: Electabuzz|Electabuzz, L50, F|81/100
|move|p2a: Gholdengo|Protect|p2a: Gholdengo
|-singleturn|p2a: Gholdengo|Protect
|move|p1b: Annihilape|Rage Fist|p2b: Electabuzz
|-damage|p2b: Electabuzz|25/100
|move|p1a: Klefki|Dazzling Gleam|p2b: Electabuzz|[spread] p2b
|-activate|p2a: Gholdengo|move: Protect
|-damage|p2b: Electabuzz|13/100
|
|-heal|p1b: Annihilape|66/100|[from] item: Leftovers
|upkeep
|turn|8
|
|t:|1757082930
|move|p1b: Annihilape|Protect|p1b: Annihilape
|-singleturn|p1b: Annihilape|Protect
|move|p2b: Electabuzz|Electroweb|p1b: Annihilape|[spread] p1a
|-activate|p1b: Annihilape|move: Protect
|-damage|p1a: Klefki|0 fnt
|faint|p1a: Klefki
|move|p2a: Gholdengo|Make It Rain|p1b: Annihilape
|-activate|p1b: Annihilape|move: Protect
|
|-heal|p1b: Annihilape|72/100|[from] item: Leftovers
|upkeep
|
|t:|1757082939
|switch|p1a: Ursaluna|Ursaluna-Bloodmoon, L50, M|100/100
|turn|9
|inactive|Filippo1226 has 30 seconds left.
|
|t:|1757082973
|move|p2b: Electabuzz|Electroweb|p1a: Ursaluna|[spread] p1b
|-immune|p1a: Ursaluna
|-supereffective|p1b: Annihilape
|-crit|p1b: Annihilape
|-damage|p1b: Annihilape|30/100
|-unboost|p1b: Annihilape|spe|1
|-ability|p1b: Annihilape|Defiant|boost
|-boost|p1b: Annihilape|atk|2
|move|p2a: Gholdengo|Shadow Ball|p1b: Annihilape
|-damage|p1b: Annihilape|0 fnt
|faint|p1b: Annihilape
|-damage|p2a: Gholdengo|11/100|[from] item: Life Orb
|move|p1a: Ursaluna|Hyper Voice|p2b: Electabuzz|[spread] p2a,p2b
|-damage|p2a: Gholdengo|0 fnt
|-damage|p2b: Electabuzz|0 fnt
|faint|p2a: Gholdengo
|faint|p2b: Electabuzz
|
|upkeep
|
|t:|1757082981
|switch|p2b: Mamoswine|Mamoswine, L50, F|76/100
|switch|p2a: Kommo-o|Kommo-o, L50, M|100/100
|turn|10
|
|t:|1757082995
|move|p2a: Kommo-o|Aura Sphere|p1a: Ursaluna
|-supereffective|p1a: Ursaluna
|-damage|p1a: Ursaluna|42/100
|move|p2b: Mamoswine|Icicle Spear|p1a: Ursaluna
|-supereffective|p1a: Ursaluna
|-damage|p1a: Ursaluna|25/100
|-supereffective|p1a: Ursaluna
|-damage|p1a: Ursaluna|8/100
|-supereffective|p1a: Ursaluna
|-damage|p1a: Ursaluna|0 fnt
|faint|p1a: Ursaluna
|-hitcount|p1: Ursaluna|3
|
|win|Filippo1226
||SongokuVG Fr is ready for game 3.
|inactive|Filippo1226 has 30 seconds to confirm battle start!
||Filippo1226 is ready for game 3.
|uhtml|next|Next: Game 3 of 3
|l|☆SongokuVG Fr
|player|p1|
