|j|☆TheRainRainRain
|j|☆FlipFlop705
|html|TheRainRainRainFlipFlop705    
|uhtml|bestof|Game 2 of a best-of-3
|t:|1757092555
|gametype|doubles
|player|p1|TheRainRainRain|sailor|
|player|p2|FlipFlop705|liza|
|gen|9
|tier|[Gen 9] VGC 2025 Reg H (Bo3)
|rule|Species Clause: Limit one of each Pokémon
|rule|Item Clause: Limit 1 of each item
|clearpoke
|poke|p1|Incineroar, L50, F|
|poke|p1|Ursaluna-Bloodmoon, L50, M|
|poke|p1|Gholdengo, L50|
|poke|p1|Rillaboom, L50, M|
|poke|p1|Dragonite, L50, M|
|poke|p1|Sneasler, L50, M|
|poke|p2|Pelipper, L50, M|
|poke|p2|Basculegion, L50, M|
|poke|p2|Amoonguss, L50, F|
|poke|p2|Maushold, L50|
|poke|p2|Archaludon, L50, F|
|poke|p2|Incineroar, L50, M|
|teampreview|4
|showteam|p1|Incineroar||SafetyGoggles|Intimidate|FlareBlitz,KnockOff,FakeOut,PartingShot|||F|||50|,,,,,Ghost]Ursaluna-Bloodmoon||Leftovers|MindsEye|BloodMoon,EarthPower,CalmMind,Protect|||M|||50|,,,,,Electric]Gholdengo||LifeOrb|GoodasGold|MakeItRain,ShadowBall,NastyPlot,Protect||||||50|,,,,,Water]Rillaboom||AssaultVest|GrassySurge|FakeOut,GrassyGlide,WoodHammer,HighHorsepower|||M|||50|,,,,,Fire]Dragonite||LoadedDice|Multiscale|Tailwind,ScaleShot,Protect,Haze|||M|||50|,,,,,Fairy]Sneasler||FocusSash|PoisonTouch|CloseCombat,DireClaw,Coaching,FakeOut|||M|||50|,,,,,Ghost
|showteam|p2|Pelipper||FocusSash|Drizzle|Hurricane,WeatherBall,Tailwind,Protect|||M|||50|,,,,,Ghost]Basculegion||MysticWater|SwiftSwim|Protect,WaveCrash,FlipTurn,LastRespects|||M|||50|,,,,,Water]Amoonguss||SitrusBerry|Regenerator|Spore,RagePowder,PollenPuff,ClearSmog|||F|||50|,,,,,Water]Maushold||WideLens|FriendGuard|PopulationBomb,Taunt,FollowMe,Protect||||||50|,,,,,Grass]Archaludon||AssaultVest|Stamina|DragonPulse,ElectroShot,FlashCannon,BodyPress|||F|||50|,,,,,Grass]Incineroar||SafetyGoggles|Intimidate|KnockOff,FlareBlitz,PartingShot,FakeOut|||M|||50|,,,,,Ghost
|j| PorygonLover99
|
|t:|1757092625
|teamsize|p1|4
|teamsize|p2|4
|start
|switch|p1a: Dragonite|Dragonite, L50, M|100/100
|switch|p1b: Sneasler|Sneasler, L50, M|100/100
|switch|p2a: Basculegion|Basculegion, L50, M|100/100
|switch|p2b: Incineroar|Incineroar, L50, M|100/100
|-ability|p2b: Incineroar|Intimidate|boost
|-unboost|p1a: Dragonite|atk|1
|-unboost|p1b: Sneasler|atk|1
|turn|1
|
|t:|1757092667
|switch|p2b: Archaludon|Archaludon, L50, F|100/100
|move|p1b: Sneasler|Coaching|p1a: Dragonite
|-boost|p1a: Dragonite|atk|1
|-boost|p1a: Dragonite|def|1
|move|p1a: Dragonite|Scale Shot|p2a: Basculegion
|-damage|p2a: Basculegion|84/100
|-damage|p2a: Basculegion|68/100
|-damage|p2a: Basculegion|52/100
|-damage|p2a: Basculegion|34/100
|-damage|p2a: Basculegion|16/100
|-hitcount|p2a: Basculegion|5
|-unboost|p1a: Dragonite|def|1
|-boost|p1a: Dragonite|spe|1
|move|p2a: Basculegion|Flip Turn|p1a: Dragonite
|-resisted|p1a: Dragonite
|-damage|p1a: Dragonite|91/100
|
|t:|1757092683
|switch|p2a: Pelipper|Pelipper, L50, M|100/100|[from] Flip Turn
|-weather|RainDance|[from] ability: Drizzle|[of] p2a: Pelipper
|
|-weather|RainDance|[upkeep]
|upkeep
|turn|2
|
|t:|1757092765
|switch|p2a: Incineroar|Incineroar, L50, M|100/100
|-ability|p2a: Incineroar|Intimidate|boost
|-unboost|p1a: Dragonite|atk|1
|-unboost|p1b: Sneasler|atk|1
|move|p1a: Dragonite|Protect|p1a: Dragonite
|-singleturn|p1a: Dragonite|Protect
|move|p1b: Sneasler|Dire Claw|p2a: Incineroar
|-damage|p2a: Incineroar|84/100
|-status|p2a: Incineroar|psn|[from] ability: Poison Touch|[of] p1b: Sneasler
|move|p2b: Archaludon|Electro Shot||[still]
|-prepare|p2b: Archaludon|Electro Shot
|-boost|p2b: Archaludon|spa|1
|-anim|p2b: Archaludon|Electro Shot|p1a: Dragonite
|-activate|p1a: Dragonite|move: Protect
|
|-weather|RainDance|[upkeep]
|-damage|p2a: Incineroar|72/100 psn|[from] psn
|upkeep
|turn|3
|
|t:|1757092797
|switch|p1a: Ursaluna|Ursaluna-Bloodmoon, L50, M|100/100
|move|p2a: Incineroar|Fake Out|p1b: Sneasler
|-damage|p1b: Sneasler|83/100
|cant|p1b: Sneasler|flinch
|move|p2b: Archaludon|Dragon Pulse|p1b: Sneasler
|-damage|p1b: Sneasler|0 fnt
|faint|p1b: Sneasler
|
|-weather|RainDance|[upkeep]
|-damage|p2a: Incineroar|59/100 psn|[from] psn
|upkeep
|
|t:|1757092811
|switch|p1b: Dragonite|Dragonite, L50, M|91/100
|turn|4
|
|t:|1757092848
|-terastallize|p2b: Archaludon|Grass
|-terastallize|p1a: Ursaluna|Electric
|move|p1b: Dragonite|Tailwind|p1b: Dragonite
|-sidestart|p1: TheRainRainRain|move: Tailwind
|move|p1a: Ursaluna|Calm Mind|p1a: Ursaluna
|-boost|p1a: Ursaluna|spa|1
|-boost|p1a: Ursaluna|spd|1
|move|p2b: Archaludon|Dragon Pulse|p1b: Dragonite
|-supereffective|p1b: Dragonite
|-damage|p1b: Dragonite|0 fnt
|faint|p1b: Dragonite
|move|p2a: Incineroar|Parting Shot|p1a: Ursaluna
|-unboost|p1a: Ursaluna|atk|1
|-unboost|p1a: Ursaluna|spa|1
|
|t:|1757092864
|switch|p2a: Basculegion|Basculegion, L50, M|16/100|[from] Parting Shot
|
|-weather|RainDance|[upkeep]
|upkeep
|
|t:|1757092869
|switch|p1b: Gholdengo|Gholdengo, L50|100/100
|turn|5
|
|t:|1757092922
|move|p1b: Gholdengo|Nasty Plot|p1b: Gholdengo
|-boost|p1b: Gholdengo|spa|2
|move|p2a: Basculegion|Flip Turn|p1a: Ursaluna
|-damage|p1a: Ursaluna|57/100
|
|t:|1757092935
|switch|p2a: Incineroar|Incineroar, L50, M|59/100 psn|[from] Flip Turn
|-ability|p2a: Incineroar|Intimidate|boost
|-unboost|p1a: Ursaluna|atk|1
|-unboost|p1b: Gholdengo|atk|1
|move|p1a: Ursaluna|Calm Mind|p1a: Ursaluna
|-boost|p1a: Ursaluna|spa|1
|-boost|p1a: Ursaluna|spd|1
|move|p2b: Archaludon|Electro Shot||[still]
|-prepare|p2b: Archaludon|Electro Shot
|-boost|p2b: Archaludon|spa|1
|-anim|p2b: Archaludon|Electro Shot|p1b: Gholdengo
|-damage|p1b: Gholdengo|4/100
|
|-weather|none
|-heal|p1a: Ursaluna|63/100|[from] item: Leftovers
|-damage|p2a: Incineroar|47/100 psn|[from] psn
|upkeep
|turn|6
|
|t:|1757092971
|switch|p2b: Basculegion|Basculegion, L50, M|16/100
|switch|p2a: Pelipper|Pelipper, L50, M|100/100
|-weather|RainDance|[from] ability: Drizzle|[of] p2a: Pelipper
|move|p1b: Gholdengo|Nasty Plot|p1b: Gholdengo
|-boost|p1b: Gholdengo|spa|2
|move|p1a: Ursaluna|Blood Moon|p2b: Basculegion
|-damage|p2b: Basculegion|0 fnt
|faint|p2b: Basculegion
|
|-weather|RainDance|[upkeep]
|-heal|p1a: Ursaluna|69/100|[from] item: Leftovers
|upkeep
|
|t:|1757092989
|switch|p2b: Archaludon|Archaludon, L50, F, tera:Grass|100/100
|turn|7
|
|t:|1757093022
|move|p1b: Gholdengo|Make It Rain|p2b: Archaludon|[spread] p2a,p2b
|-resisted|p2a: Pelipper
|-enditem|p2a: Pelipper|Focus Sash
|-damage|p2a: Pelipper|1/100
|-damage|p2b: Archaludon|0 fnt
|-unboost|p1b: Gholdengo|spa|1
|faint|p2b: Archaludon
|-damage|p1b: Gholdengo|0 fnt|[from] item: Life Orb
|faint|p1b: Gholdengo
|move|p1a: Ursaluna|Calm Mind|p1a: Ursaluna
|-boost|p1a: Ursaluna|spa|1
|-boost|p1a: Ursaluna|spd|1
|move|p2a: Pelipper|Tailwind|p2a: Pelipper
|-sidestart|p2: FlipFlop705|move: Tailwind
|
|-weather|RainDance|[upkeep]
|-heal|p1a: Ursaluna|76/100|[from] item: Leftovers
|-sideend|p1: TheRainRainRain|move: Tailwind
|upkeep
|
|t:|1757093028
|switch|p2b: Incineroar|Incineroar, L50, M|47/100 psn
|-ability|p2b: Incineroar|Intimidate|boost
|-unboost|p1a: Ursaluna|atk|1
|turn|8
|
|t:|1757093044
|move|p1a: Ursaluna|Protect|p1a: Ursaluna
|-singleturn|p1a: Ursaluna|Protect
|move|p2b: Incineroar|Fake Out|p1a: Ursaluna
|-activate|p1a: Ursaluna|move: Protect
|move|p2a: Pelipper|Weather Ball|p1a: Ursaluna
|-activate|p1a: Ursaluna|move: Protect
|
|-weather|RainDance|[upkeep]
|-heal|p1a: Ursaluna|82/100|[from] item: Leftovers
|-damage|p2b: Incineroar|34/100 psn|[from] psn
|upkeep
|turn|9
|
|t:|1757093055
|move|p2a: Pelipper|Weather Ball|p1a: Ursaluna
|-damage|p1a: Ursaluna|56/100
|move|p2b: Incineroar|Knock Off|p1a: Ursaluna
|-damage|p1a: Ursaluna|30/100
|-enditem|p1a: Ursaluna|Leftovers|[from] move: Knock Off|[of] p2b: Incineroar
|move|p1a: Ursaluna|Blood Moon|p2a: Pelipper
|-damage|p2a: Pelipper|0 fnt
|faint|p2a: Pelipper
|
|-weather|RainDance|[upkeep]
|-damage|p2b: Incineroar|22/100 psn|[from] psn
|upkeep
|turn|10
|
|t:|1757093071
|move|p2b: Incineroar|Knock Off|p1a: Ursaluna
|-damage|p1a: Ursaluna|11/100
|move|p1a: Ursaluna|Earth Power|p2b: Incineroar
|-supereffective|p2b: Incineroar
|-damage|p2b: Incineroar|0 fnt
|faint|p2b: Incineroar
|
|win|TheRainRainRain
||TheRainRainRain is ready for game 3.
||FlipFlop705 is ready for game 3.
|uhtml|next|Next: Game 3 of 3
|l| PorygonLover99
