|j|☆steelag0
|j|☆Smagmaguy
|html|steelag0Smagmaguy    
|uhtml|bestof|Game 1 of a best-of-3
|t:|1782400738
|gametype|doubles
|player|p1|steelag0|policeman-gen4|1000
|player|p2|Smagmaguy|2|1058
|gen|9
|tier|[Gen 9 Champions] VGC 2026 Reg M-B (Bo3)
|rated|
|rule|Species Clause: Limit one of each Pokémon
|rule|Item Clause: Limit 1 of each item
|clearpoke
|poke|p1|Hydreigon, L50, F|
|poke|p1|Garchomp, L50, F|
|poke|p1|Metagross, L50|
|poke|p1|Charizard, L50, F|
|poke|p1|Grimmsnarl, L50, M|
|poke|p1|Toxapex, L50, F|
|poke|p2|Raichu, L50, F|
|poke|p2|Whimsicott, L50, F|
|poke|p2|Floette-Eternal, L50, F|
|poke|p2|Basculegion, L50, M|
|poke|p2|Garchomp, L50, M|
|poke|p2|Gholdengo, L50|
|teampreview|4
|showteam|p1|Hydreigon||ChoiceScarf|Levitate|HeatWave,DarkPulse,DracoMeteor,Snarl|Modest||F|||50|]Garchomp||SitrusBerry|RoughSkin|Earthquake,RockSlide,DragonClaw,Protect|Adamant||F|||50|]Metagross||Metagrossite|ClearBody|IronHead,PsychicFangs,BulletPunch,Protect|Adamant|||||50|]Charizard||CharizarditeY|Blaze|Protect,HeatWave,SolarBeam,WeatherBall|Timid||F|||50|]Grimmsnarl||RoseliBerry|Prankster|FakeOut,FoulPlay,Reflect,PartingShot|Sassy||M|||50|]Toxapex||Leftovers|Regenerator|Infestation,Toxic,BanefulBunker,WideGuard|Bold||F|||50|
|showteam|p2|Raichu||RaichuniteY|LightningRod|Protect,ZapCannon,FocusBlast,FakeOut|Modest||F|||50|]Whimsicott||FocusSash|Prankster|Protect,Moonblast,Tailwind,Encore|Timid||F|||50|]Floette-Eternal||Floettite|FlowerVeil|Protect,Moonblast,LightofRuin,DazzlingGleam|Modest||F|||50|]Basculegion||MysticWater|Adaptability|Protect,WaveCrash,LastRespects,AquaJet|Adamant||M|||50|]Garchomp||SitrusBerry|RoughSkin|RockSlide,StompingTantrum,DragonClaw,Protect|Adamant||M|||50|]Gholdengo||LifeOrb|GoodasGold|Protect,MakeItRain,NastyPlot,ShadowBall|Modest|||||50|
|inactive|Battle timer is ON: inactive players will automatically lose when time's up. (requested by Smagmaguy)
|
|t:|1782400854
|teamsize|p1|4
|teamsize|p2|4
|start
|switch|p1a: Toxapex|Toxapex, L50, F|100/100
|switch|p1b: Metagross|Metagross, L50|100/100
|switch|p2a: Raichu|Raichu, L50, F|100/100
|switch|p2b: Whimsicott|Whimsicott, L50, F|100/100
|turn|1
|
|t:|1782400877
|move|p1b: Metagross|Protect|p1b: Metagross
|-singleturn|p1b: Metagross|Protect
|move|p2a: Raichu|Fake Out|p1b: Metagross
|-activate|p1b: Metagross|move: Protect
|move|p2b: Whimsicott|Tailwind|p2b: Whimsicott
|-sidestart|p2: Smagmaguy|move: Tailwind
|move|p1a: Toxapex|Toxic|p2b: Whimsicott
|-status|p2b: Whimsicott|tox
|
|-damage|p2b: Whimsicott|94/100 tox|[from] psn
|upkeep
|turn|2
|inactive|Smagmaguy has 30 seconds left.
|
|t:|1782400905
|switch|p2a: Garchomp|Garchomp, L50, M|100/100
|detailschange|p1b: Metagross|Metagross-Mega, L50
|-mega|p1b: Metagross|Metagross|Metagrossite
|move|p2b: Whimsicott|Encore|p1b: Metagross
|-start|p1b: Metagross|Encore
|move|p1b: Metagross|Protect||[still]
|-fail|p1b: Metagross
|move|p1a: Toxapex|Infestation|p2b: Whimsicott
|-damage|p2b: Whimsicott|89/100 tox
|-activate|p2b: Whimsicott|move: Infestation|[of] p1a: Toxapex
|
|-damage|p2b: Whimsicott|78/100 tox|[from] psn
|-damage|p2b: Whimsicott|65/100 tox|[from] move: Infestation|[partiallytrapped]
|upkeep
|turn|3
|inactive|steelag0 has 30 seconds left.
|inactive|steelag0 has 20 seconds left.
|
|t:|1782400942
|switch|p1b: Hydreigon|Hydreigon, L50, F|100/100
|move|p2a: Garchomp|Stomping Tantrum|p1b: Hydreigon
|-immune|p1b: Hydreigon|[from] ability: Levitate
|move|p2b: Whimsicott|Moonblast|p1b: Hydreigon
|-supereffective|p1b: Hydreigon|2
|-damage|p1b: Hydreigon|0 fnt
|faint|p1b: Hydreigon
|move|p1a: Toxapex|Toxic|p2a: Garchomp
|-status|p2a: Garchomp|tox
|
|-damage|p2a: Garchomp|94/100 tox|[from] psn
|-damage|p2b: Whimsicott|48/100 tox|[from] psn
|-damage|p2b: Whimsicott|35/100 tox|[from] move: Infestation|[partiallytrapped]
|upkeep
|
|t:|1782400962
|switch|p1b: Grimmsnarl|Grimmsnarl, L50, M|100/100
|turn|4
|
|t:|1782400974
|move|p2b: Whimsicott|Protect|p2b: Whimsicott
|-singleturn|p2b: Whimsicott|Protect
|move|p2a: Garchomp|Protect|p2a: Garchomp
|-singleturn|p2a: Garchomp|Protect
|move|p1b: Grimmsnarl|Fake Out|p2a: Garchomp
|-activate|p2a: Garchomp|move: Protect
|move|p1a: Toxapex|Infestation|p2a: Garchomp
|-activate|p2a: Garchomp|move: Protect
|
|-damage|p2a: Garchomp|82/100 tox|[from] psn
|-damage|p2b: Whimsicott|12/100 tox|[from] psn
|-damage|p2b: Whimsicott|0 fnt|[from] move: Infestation|[partiallytrapped]
|faint|p2b: Whimsicott
|-sideend|p2: Smagmaguy|move: Tailwind
|upkeep
|
|t:|1782400997
|switch|p2b: Raichu|Raichu, L50, F|100/100
|turn|5
|inactive|steelag0 has 30 seconds left.
|
|t:|1782401027
|detailschange|p2b: Raichu|Raichu-Mega-Y, L50, F
|-mega|p2b: Raichu|Raichu|Raichunite Y
|move|p2b: Raichu|Fake Out|p1b: Grimmsnarl
|-damage|p1b: Grimmsnarl|91/100
|cant|p1b: Grimmsnarl|flinch
|move|p2a: Garchomp|Stomping Tantrum|p1b: Grimmsnarl
|-damage|p1b: Grimmsnarl|54/100
|move|p1a: Toxapex|Toxic|p2b: Raichu
|-status|p2b: Raichu|tox
|
|-damage|p2a: Garchomp|64/100 tox|[from] psn
|-damage|p2b: Raichu|94/100 tox|[from] psn
|upkeep
|turn|6
|inactive|Smagmaguy has 30 seconds left.
|
|t:|1782401056
|move|p1b: Grimmsnarl|Parting Shot|p2a: Garchomp
|-unboost|p2a: Garchomp|atk|1
|-unboost|p2a: Garchomp|spa|1
|
|t:|1782401061
|switch|p1b: Metagross|Metagross-Mega, L50|100/100|[from] Parting Shot
|move|p2a: Garchomp|Rock Slide|p1a: Toxapex|[spread] p1a,p1b
|-resisted|p1b: Metagross|1
|-damage|p1a: Toxapex|91/100
|-damage|p1b: Metagross|95/100
|move|p2b: Raichu|Zap Cannon|p1b: Metagross
|-damage|p1b: Metagross|34/100
|-status|p1b: Metagross|par
|move|p1a: Toxapex|Infestation|p2a: Garchomp
|-damage|p2a: Garchomp|61/100 tox
|-activate|p2a: Garchomp|move: Infestation|[of] p1a: Toxapex
|-damage|p1a: Toxapex|79/100|[from] ability: Rough Skin|[of] p2a: Garchomp
|
|-heal|p1a: Toxapex|85/100|[from] item: Leftovers
|-damage|p2a: Garchomp|38/100 tox|[from] psn
|-damage|p2b: Raichu|83/100 tox|[from] psn
|-damage|p2a: Garchomp|25/100 tox|[from] move: Infestation|[partiallytrapped]
|upkeep
|-enditem|p2a: Garchomp|Sitrus Berry|[eat]
|-heal|p2a: Garchomp|50/100g tox|[from] item: Sitrus Berry
|turn|7
|inactive|steelag0 has 30 seconds left.
|inactive|Smagmaguy has 30 seconds left.
|inactive|steelag0 has 20 seconds left.
|
|t:|1782401098
|move|p1b: Metagross|Protect|p1b: Metagross
|-singleturn|p1b: Metagross|Protect
|move|p2a: Garchomp|Stomping Tantrum|p1b: Metagross
|-activate|p1b: Metagross|move: Protect
|move|p2b: Raichu|Zap Cannon|p1a: Toxapex
|-supereffective|p1a: Toxapex|1
|-damage|p1a: Toxapex|0 fnt
|faint|p1a: Toxapex
|
|-damage|p2a: Garchomp|21/100 tox|[from] psn
|-damage|p2b: Raichu|66/100 tox|[from] psn
|-end|p2a: Garchomp|Infestation|[partiallytrapped]|[silent]
|upkeep
|
|t:|1782401110
|switch|p1a: Grimmsnarl|Grimmsnarl, L50, M|54/100
|turn|8
|
|t:|1782401119
|move|p2a: Garchomp|Protect|p2a: Garchomp
|-singleturn|p2a: Garchomp|Protect
|move|p2b: Raichu|Protect|p2b: Raichu
|-singleturn|p2b: Raichu|Protect
|move|p1a: Grimmsnarl|Fake Out|p2a: Garchomp
|-activate|p2a: Garchomp|move: Protect
|move|p1b: Metagross|Psychic Fangs|p2b: Raichu
|-activate|p2b: Raichu|move: Protect
|
|-damage|p2a: Garchomp|0 fnt|[from] psn
|faint|p2a: Garchomp
|-damage|p2b: Raichu|43/100 tox|[from] psn
|upkeep
|
|t:|1782401131
|switch|p2a: Basculegion|Basculegion, L50, M|100/100
|turn|9
|
|t:|1782401140
|move|p1b: Metagross|Protect|p1b: Metagross
|-singleturn|p1b: Metagross|Protect
|move|p2b: Raichu|Zap Cannon|p1a: Grimmsnarl
|-damage|p1a: Grimmsnarl|0 fnt
|faint|p1a: Grimmsnarl
|move|p2a: Basculegion|Last Respects|p1b: Metagross
|-activate|p1b: Metagross|move: Protect
|
|-damage|p2b: Raichu|15/100 tox|[from] psn
|upkeep
|turn|10
|-message|steelag0 forfeited.
|
|win|Smagmaguy
||Smagmaguy is ready for game 2.
||steelag0 is ready for game 2.
|uhtml|next|Next: Game 2 of 3
|l|☆Smagmaguy
|player|p2|
