|j|☆scizormetimbers07
|j|☆lootlock
|html|scizormetimbers07lootlock    
|uhtml|bestof|Game 1 of a best-of-3
|t:|1784501606
|gametype|doubles
|player|p1|scizormetimbers07|gambler|
|player|p2|lootlock|ghetsis|
|gen|9
|tier|[Gen 9 Champions] VGC 2026 Reg M-B (Bo3)
|rule|Species Clause: Limit one of each Pokémon
|rule|Item Clause: Limit 1 of each item
|clearpoke
|poke|p1|Absol, L50, F|
|poke|p1|Kangaskhan, L50, F, shiny|
|poke|p1|Whimsicott, L50, F, shiny|
|poke|p1|Sinistcha, L50|
|poke|p1|Infernape, L50, M, shiny|
|poke|p1|Mudsdale, L50, M|
|poke|p2|Annihilape, L50, M, shiny|
|poke|p2|Maushold, L50, shiny|
|poke|p2|Farigiraf, L50, F, shiny|
|poke|p2|Zoroark-Hisui, L50, M, shiny|
|poke|p2|Alakazam, L50, M, shiny|
|poke|p2|Dragonite, L50, M, shiny|
|teampreview|4
|showteam|p1|Absol||ScopeLens|SuperLuck|KnockOff,PsychoCut,ShadowClaw,NightSlash|Jolly||F|||50|]Kangaskhan||Kangaskhanite|Scrappy|BodySlam,FakeOut,DrainPunch,ShadowClaw|Adamant||F|||50|]Whimsicott||FocusSash|Prankster|DazzlingGleam,Encore,Tailwind,GigaDrain|Calm||F|||50|]Sinistcha||Leftovers|Hospitality|ShadowBall,MatchaGotcha,RagePowder,LifeDew|Calm|||||50|]Infernape||ShellBell|IronFist|DrainPunch,FakeOut,MachPunch,ThunderPunch|Adamant||M|||50|]Mudsdale||SitrusBerry|Stamina|BodyPress,RockSlide,IronDefense,HighHorsepower|Sassy||M|||50|
|showteam|p2|Annihilape||SitrusBerry|Defiant|RageFist,DrainPunch,ShadowClaw,IcePunch|Quirky||M|||50|]Maushold||FocusSash|FriendGuard|FollowMe,Protect,BabyDollEyes,BeatUp|Serious|||||50|]Farigiraf||QuickClaw|ArmorTail|TwinBeam,DazzlingGleam,TrickRoom,Psychic|Serious||F|||50|]Zoroark-Hisui||LifeOrb|Illusion|IcyWind,ShadowBall,Flamethrower,WillOWisp|Serious||M|||50|]Alakazam||Alakazite|InnerFocus|CalmMind,Psychic,FocusBlast,Psyshock|Serious||M|||50|]Dragonite||Dragoninite|Multiscale|DracoMeteor,ExtremeSpeed,Thunder,Flamethrower|Serious||M|||50|
|
|t:|1784501670
|teamsize|p1|4
|teamsize|p2|4
|start
|switch|p1a: Kangaskhan|Kangaskhan, L50, F, shiny|100/100
|switch|p1b: Whimsicott|Whimsicott, L50, F, shiny|100/100
|switch|p2a: Farigiraf|Farigiraf, L50, F, shiny|100/100
|switch|p2b: Annihilape|Annihilape, L50, M, shiny|100/100
|turn|1
|
|t:|1784501719
|detailschange|p1a: Kangaskhan|Kangaskhan-Mega, L50, F, shiny
|-mega|p1a: Kangaskhan|Kangaskhan|Kangaskhanite
|move|p1b: Whimsicott|Tailwind|p1b: Whimsicott
|-sidestart|p1: scizormetimbers07|move: Tailwind
|move|p1a: Kangaskhan|Shadow Claw|p2b: Annihilape
|-immune|p2b: Annihilape
|move|p2b: Annihilape|Flamethrower|p1b: Whimsicott
|-supereffective|p1b: Whimsicott|1
|-damage|p1b: Whimsicott|11/100
|-damage|p2b: Annihilape|90/100|[from] item: Life Orb
|move|p2a: Farigiraf|Trick Room|p2a: Farigiraf
|-fieldstart|move: Trick Room|[of] p2a: Farigiraf
|
|upkeep
|turn|2
|
|t:|1784501760
|switch|p1a: Absol|Absol, L50, F|100/100
|move|p1b: Whimsicott|Encore||[still]
|cant|p2a: Farigiraf|ability: Armor Tail|Encore|[of] p1b: Whimsicott
|move|p2a: Farigiraf|Dazzling Gleam|p1b: Whimsicott|[spread] p1a,p1b
|-supereffective|p1a: Absol|1
|-damage|p1a: Absol|34/100
|-damage|p1b: Whimsicott|0 fnt
|faint|p1b: Whimsicott
|move|p2b: Annihilape|Icy Wind|p1a: Absol
|-damage|p1a: Absol|0 fnt
|faint|p1a: Absol
|-damage|p2b: Annihilape|80/100|[from] item: Life Orb
|
|upkeep
|
|t:|1784501774
|switch|p1a: Kangaskhan|Kangaskhan-Mega, L50, F, shiny|100/100
|switch|p1b: Sinistcha|Sinistcha, L50|100/100
|turn|3
|
|t:|1784501798
|move|p2a: Farigiraf|Dazzling Gleam|p1a: Kangaskhan|[spread] p1a,p1b
|-damage|p1a: Kangaskhan|82/100
|-damage|p1b: Sinistcha|82/100
|move|p2b: Annihilape|Icy Wind|p1a: Kangaskhan|[spread] p1a,p1b
|-supereffective|p1b: Sinistcha|1
|-damage|p1a: Kangaskhan|66/100
|-damage|p1b: Sinistcha|45/100
|-unboost|p1a: Kangaskhan|spe|1
|-unboost|p1b: Sinistcha|spe|1
|-damage|p2b: Annihilape|70/100|[from] item: Life Orb
|move|p1b: Sinistcha|Matcha Gotcha|p2b: Annihilape|[spread] p2a,p2b
|-damage|p2a: Farigiraf|71/100
|-heal|p1b: Sinistcha|63/100|[from] drain|[of] p2a: Farigiraf
|-damage|p2b: Annihilape|27/100
|-heal|p1b: Sinistcha|83/100|[from] drain|[of] p2b: Annihilape
|-status|p2b: Annihilape|brn
|replace|p2b: Zoroark|Zoroark-Hisui, L50, M, shiny
|-end|p2b: Zoroark|Illusion
|move|p1a: Kangaskhan|Body Slam|p2a: Farigiraf
|-damage|p2a: Farigiraf|21/100
|-damage|p2a: Farigiraf|9/100
|-status|p2a: Farigiraf|par
|-hitcount|p2a: Farigiraf|2
|
|-heal|p1b: Sinistcha|89/100|[from] item: Leftovers
|-damage|p2b: Zoroark|21/100 brn|[from] brn
|upkeep
|turn|4
|
|t:|1784501837
|cant|p2a: Farigiraf|par
|move|p2b: Zoroark|Shadow Ball|p1b: Sinistcha
|-supereffective|p1b: Sinistcha|1
|-damage|p1b: Sinistcha|0 fnt
|faint|p1b: Sinistcha
|-damage|p2b: Zoroark|11/100 brn|[from] item: Life Orb
|move|p1a: Kangaskhan|Body Slam|p2a: Farigiraf
|-damage|p2a: Farigiraf|0 fnt
|faint|p2a: Farigiraf
|
|-damage|p2b: Zoroark|4/100 brn|[from] brn
|-sideend|p1: scizormetimbers07|move: Tailwind
|upkeep
|
|t:|1784501856
|switch|p2a: Annihilape|Annihilape, L50, M, shiny|100/100
|turn|5
|
|t:|1784501868
|move|p1a: Kangaskhan|Shadow Claw|p2a: Annihilape
|-supereffective|p2a: Annihilape|1
|-damage|p2a: Annihilape|52/100
|-supereffective|p2a: Annihilape|1
|-damage|p2a: Annihilape|40/100
|-enditem|p2a: Annihilape|Sitrus Berry|[eat]
|-heal|p2a: Annihilape|65/100|[from] item: Sitrus Berry
|-hitcount|p2a: Annihilape|2
|move|p2a: Annihilape|Drain Punch|p1a: Kangaskhan
|-supereffective|p1a: Kangaskhan|1
|-damage|p1a: Kangaskhan|11/100
|-heal|p2a: Annihilape|92/100|[from] drain|[of] p1a: Kangaskhan
|move|p2b: Zoroark|Will-O-Wisp|p1a: Kangaskhan
|-status|p1a: Kangaskhan|brn
|
|-damage|p1a: Kangaskhan|5/100 brn|[from] brn
|-damage|p2b: Zoroark|0 fnt|[from] brn
|faint|p2b: Zoroark
|-fieldend|move: Trick Room
|upkeep
|
|t:|1784501886
|switch|p2b: Maushold|Maushold, L50, shiny|100/100
|turn|6
|
|t:|1784501897
|move|p2b: Maushold|Protect|p2b: Maushold
|-singleturn|p2b: Maushold|Protect
|move|p2a: Annihilape|Drain Punch|p1a: Kangaskhan
|-supereffective|p1a: Kangaskhan|1
|-damage|p1a: Kangaskhan|0 fnt
|-heal|p2a: Annihilape|95/100|[from] drain|[of] p1a: Kangaskhan
|faint|p1a: Kangaskhan
|
|win|lootlock
|inactive|scizormetimbers07 has 30 seconds to confirm battle start!
|inactive|lootlock has 30 seconds to confirm battle start!
|inactive|scizormetimbers07 has 20 seconds to confirm battle start!
|inactive|lootlock has 20 seconds to confirm battle start!
||scizormetimbers07 is ready for game 2.
|inactive|lootlock has 10 seconds to confirm battle start!
|l|☆lootlock
|player|p2|
|uhtml|next|Next: Game 2 of 3
