|j|☆VerdantVirizion
|j|☆standardamerican
|html|VerdantVirizionstandardamerican    
|uhtml|bestof|Game 1 of a best-of-3
|t:|1784798382
|gametype|doubles
|player|p1|VerdantVirizion|acetrainerf|1118
|player|p2|standardamerican|169|1173
|gen|9
|tier|[Gen 9 Champions] VGC 2026 Reg M-B (Bo3)
|rated|
|rule|Species Clause: Limit one of each Pokémon
|rule|Item Clause: Limit 1 of each item
|clearpoke
|poke|p1|Mawile, L50, F, shiny|
|poke|p1|Dragonite, L50, M, shiny|
|poke|p1|Farigiraf, L50, M|
|poke|p1|Pelipper, L50, M, shiny|
|poke|p1|Sneasler, L50, F|
|poke|p1|Mamoswine, L50, M|
|poke|p2|Sinistcha, L50|
|poke|p2|Incineroar, L50, M|
|poke|p2|Milotic, L50, F|
|poke|p2|Raichu, L50, M|
|poke|p2|Gardevoir, L50, F|
|poke|p2|Ceruledge, L50, F|
|teampreview|4
|showteam|p1|Mawile||Mawilite|HyperCutter|PlayRough,SuckerPunch,SwordsDance,Protect|Adamant||F|||50|]Dragonite||Dragoninite|Multiscale|DragonPulse,Thunderbolt,Hurricane,Protect|Modest||M|||50|]Farigiraf||ColburBerry|ArmorTail|Psychic,TrickRoom,HelpingHand,GrassKnot|Calm||M|||50|]Pelipper||SitrusBerry|Drizzle|WeatherBall,Tailwind,WideGuard,Hurricane|Modest||M|||50|]Sneasler||FocusSash|PoisonTouch|PoisonJab,CloseCombat,FakeOut,Protect|Jolly||F|||50|]Mamoswine||LifeOrb|Oblivious|HighHorsepower,IceShard,IcicleCrash,Protect|Adamant||M|||50|
|showteam|p2|Sinistcha||KasibBerry|Hospitality|MatchaGotcha,Imprison,RagePowder,Protect|Bold|||||50|]Incineroar||SitrusBerry|Intimidate|FlareBlitz,DarkestLariat,FakeOut,PartingShot|Careful||M|||50|]Milotic||Leftovers|Competitive|MuddyWater,Coil,Hypnosis,Protect|Calm||F|||50|]Raichu||RaichuniteY|LightningRod|ZapCannon,FocusBlast,FakeOut,Protect|Timid||M|||50|]Gardevoir||Gardevoirite|Trace|HyperVoice,Psyshock,TrickRoom,Protect|Modest||F|||50|]Ceruledge||ColburBerry|FlashFire|BitterBlade,ShadowSneak,BulkUp,Protect|Adamant||F|||50|
|
|t:|1784798510
|teamsize|p1|4
|teamsize|p2|4
|start
|switch|p1a: Kasane|Mawile, L50, F, shiny|100/100
|switch|p1b: Luthier|Farigiraf, L50, M|100/100
|switch|p2a: Raichu|Raichu, L50, M|100/100
|switch|p2b: Ceruledge|Ceruledge, L50, F|100/100
|turn|1
|
|t:|1784798558
|switch|p1a: Mamoswine|Mamoswine, L50, M|100/100
|detailschange|p2a: Raichu|Raichu-Mega-Y, L50, M
|-mega|p2a: Raichu|Raichu|Raichunite Y
|move|p2a: Raichu|Zap Cannon|p1b: Luthier
|-crit|p1b: Luthier
|-damage|p1b: Luthier|25/100
|-status|p1b: Luthier|par
|move|p2b: Ceruledge|Bitter Blade|p1b: Luthier
|-damage|p1b: Luthier|0 fnt
|faint|p1b: Luthier
|
|upkeep
|
|t:|1784798580
|switch|p1b: Kasane|Mawile, L50, F, shiny|100/100
|turn|2
|
|t:|1784798605
|switch|p1a: Peridot|Pelipper, L50, M, shiny|100/100
|-weather|RainDance|[from] ability: Drizzle|[of] p1a: Peridot
|detailschange|p1b: Kasane|Mawile-Mega, L50, F, shiny
|-mega|p1b: Kasane|Mawile|Mawilite
|move|p2b: Ceruledge|Protect|p2b: Ceruledge
|-singleturn|p2b: Ceruledge|Protect
|move|p1b: Kasane|Sucker Punch|p2a: Raichu
|-damage|p2a: Raichu|27/100
|move|p2a: Raichu|Focus Blast|p1a: Peridot
|-resisted|p1a: Peridot|1
|-damage|p1a: Peridot|74/100
|
|-weather|RainDance|[upkeep]
|upkeep
|turn|3
|
|t:|1784798624
|switch|p2b: Sinistcha|Sinistcha, L50|100/100
|-heal|p2a: Raichu|52/100|[from] ability: Hospitality|[of] p2b: Sinistcha
|move|p2a: Raichu|Protect|p2a: Raichu
|-singleturn|p2a: Raichu|Protect
|move|p1b: Kasane|Sucker Punch||[still]
|-fail|p1b: Kasane
|move|p1a: Peridot|Tailwind|p1a: Peridot
|-sidestart|p1: VerdantVirizion|move: Tailwind
|
|-weather|RainDance|[upkeep]
|upkeep
|turn|4
|
|t:|1784798657
|switch|p1a: Mamoswine|Mamoswine, L50, M|100/100
|move|p2b: Sinistcha|Rage Powder|p2b: Sinistcha
|-singleturn|p2b: Sinistcha|move: Rage Powder
|move|p2a: Raichu|Zap Cannon|p1a: Mamoswine
|-immune|p1a: Mamoswine
|move|p1b: Kasane|Play Rough|p2b: Sinistcha
|-damage|p2b: Sinistcha|32/100
|
|-weather|RainDance|[upkeep]
|upkeep
|turn|5
|inactive|Battle timer is ON: inactive players will automatically lose when time's up. (requested by VerdantVirizion)
|
|t:|1784798704
|move|p1a: Mamoswine|Protect|p1a: Mamoswine
|-singleturn|p1a: Mamoswine|Protect
|move|p2b: Sinistcha|Rage Powder|p2b: Sinistcha
|-singleturn|p2b: Sinistcha|move: Rage Powder
|move|p2a: Raichu|Zap Cannon|p1b: Kasane
|-damage|p1b: Kasane|26/100
|-status|p1b: Kasane|par
|cant|p1b: Kasane|par
|
|-weather|RainDance|[upkeep]
|upkeep
|turn|6
|inactive|standardamerican has 30 seconds left.
|
|t:|1784798733
|move|p1b: Kasane|Protect|p1b: Kasane
|-singleturn|p1b: Kasane|Protect
|move|p2b: Sinistcha|Rage Powder|p2b: Sinistcha
|-singleturn|p2b: Sinistcha|move: Rage Powder
|move|p1a: Mamoswine|Ice Shard|p2b: Sinistcha
|-supereffective|p2b: Sinistcha|1
|-damage|p2b: Sinistcha|0 fnt
|faint|p2b: Sinistcha
|-damage|p1a: Mamoswine|90/100|[from] item: Life Orb
|move|p2a: Raichu|Focus Blast|p1a: Mamoswine
|-supereffective|p1a: Mamoswine|1
|-damage|p1a: Mamoswine|0 fnt
|faint|p1a: Mamoswine
|
|-weather|none
|-sideend|p1: VerdantVirizion|move: Tailwind
|upkeep
|
|t:|1784798752
|switch|p1a: Peridot|Pelipper, L50, M, shiny|74/100
|switch|p2b: Milotic|Milotic, L50, F|100/100
|-weather|RainDance|[from] ability: Drizzle|[of] p1a: Peridot
|turn|7
|
|t:|1784798766
|move|p2a: Raichu|Protect|p2a: Raichu
|-singleturn|p2a: Raichu|Protect
|move|p1a: Peridot|Wide Guard|p1a: Peridot
|-singleturn|p1a: Peridot|Wide Guard
|move|p1b: Kasane|Sucker Punch||[still]
|-fail|p1b: Kasane
|move|p2b: Milotic|Coil|p2b: Milotic
|-boost|p2b: Milotic|atk|1
|-boost|p2b: Milotic|def|1
|-boost|p2b: Milotic|accuracy|1
|
|-weather|RainDance|[upkeep]
|upkeep
|turn|8
|-message|VerdantVirizion forfeited.
|
|win|standardamerican
||standardamerican is ready for game 2.
