|j|☆LampPosted
|j|☆RadarUndetectable
|html|LampPostedRadarUndetectable    
|uhtml|bestof|Game 2 of a best-of-3
|t:|1783530921
|gametype|doubles
|player|p1|LampPosted|boarder|
|player|p2|RadarUndetectable|dawn|
|gen|9
|tier|[Gen 9 Champions] VGC 2026 Reg M-B (Bo3)
|rule|Species Clause: Limit one of each Pokémon
|rule|Item Clause: Limit 1 of each item
|clearpoke
|poke|p1|Blaziken, L50, M|
|poke|p1|Aerodactyl, L50, M|
|poke|p1|Kingambit, L50, F|
|poke|p1|Basculegion, L50, M|
|poke|p1|Sylveon, L50, M|
|poke|p1|Torkoal, L50, M|
|poke|p2|Meowscarada, L50, F|
|poke|p2|Raichu, L50, M|
|poke|p2|Pelipper, L50, F|
|poke|p2|Swampert, L50, F|
|poke|p2|Archaludon, L50, F|
|poke|p2|Drampa, L50, M|
|teampreview|4
|showteam|p1|Blaziken||Blazikenite|SpeedBoost|FlareBlitz,Detect,CloseCombat,RockSlide|Adamant||M|||50|]Aerodactyl||Aerodactylite|Unnerve|RockSlide,DualWingbeat,Tailwind,IceFang|Jolly||M|||50|]Kingambit||LifeOrb|Defiant|KowtowCleave,SuckerPunch,IronHead,Protect|Adamant||F|||50|]Basculegion||FocusSash|Adaptability|Liquidation,AquaJet,LastRespects,Protect|Adamant||M|||50|]Sylveon||FairyFeather|Pixilate|HyperVoice,Moonblast,QuickAttack,Detect|Modest||M|||50|]Torkoal||Leftovers|Drought|BurningJealousy,Protect,Yawn,WeatherBall|Relaxed||M|||50|
|showteam|p2|Meowscarada||ChoiceScarf|Protean|FlowerTrick,Uturn,TripleAxel,KnockOff|Jolly||F|||50|]Raichu||RaichuniteX|LightningRod|RainDance,FakeOut,Electroweb,RisingVoltage|Modest||M|||50|]Pelipper||FocusSash|Drizzle|Hurricane,Tailwind,Soak,WideGuard|Timid||F|||50|]Swampert||Swampertite|Torrent|Earthquake,WaveCrash,PoisonJab,Protect|Adamant||F|||50|]Archaludon||Leftovers|Stalwart|ElectroShot,DracoMeteor,FlashCannon,Protect|Modest||F|||50|]Drampa||SitrusBerry|CloudNine|IcyWind,HyperVoice,Thunderbolt,Protect|Calm||M|||50|
|inactive|Battle timer is ON: inactive players will automatically lose when time's up. (requested by LampPosted)
|
|t:|1783530984
|teamsize|p1|4
|teamsize|p2|4
|start
|switch|p1a: Aerodactyl|Aerodactyl, L50, M|100/100
|switch|p1b: Sylveon|Sylveon, L50, M|100/100
|switch|p2a: Pelipper|Pelipper, L50, F|100/100
|switch|p2b: Raichu|Raichu, L50, M|100/100
|-ability|p1a: Aerodactyl|Unnerve
|-weather|RainDance|[from] ability: Drizzle|[of] p2a: Pelipper
|turn|1
|inactive|LampPosted has 30 seconds left.
|inactive|RadarUndetectable has 30 seconds left.
|inactive|LampPosted has 20 seconds left.
|inactive|LampPosted has 15 seconds left.
|
|t:|1783531024
|detailschange|p1a: Aerodactyl|Aerodactyl-Mega, L50, M
|-mega|p1a: Aerodactyl|Aerodactyl|Aerodactylite
|detailschange|p2b: Raichu|Raichu-Mega-X, L50, M
|-mega|p2b: Raichu|Raichu|Raichunite X
|-fieldstart|move: Electric Terrain|[from] ability: Electric Surge|[of] p2b: Raichu
|move|p2b: Raichu|Fake Out|p1a: Aerodactyl
|-resisted|p1a: Aerodactyl|1
|-damage|p1a: Aerodactyl|93/100
|cant|p1a: Aerodactyl|flinch
|move|p2a: Pelipper|Tailwind|p2a: Pelipper
|-sidestart|p2: RadarUndetectable|move: Tailwind
|move|p1b: Sylveon|Moonblast|p2a: Pelipper
|-damage|p2a: Pelipper|5/100
|
|-weather|RainDance|[upkeep]
|upkeep
|turn|2
|inactive|LampPosted has 30 seconds left.
|inactive|RadarUndetectable has 30 seconds left.
|inactive|RadarUndetectable has 20 seconds left.
|inactive|RadarUndetectable has 15 seconds left.
|inactive|RadarUndetectable has 10 seconds left.
|
|t:|1783531070
|switch|p2a: Archaludon|Archaludon, L50, F|100/100
|move|p2b: Raichu|Rising Voltage|p1a: Aerodactyl
|-supereffective|p1a: Aerodactyl|1
|-damage|p1a: Aerodactyl|1/100
|move|p1a: Aerodactyl|Tailwind|p1a: Aerodactyl
|-sidestart|p1: LampPosted|move: Tailwind
|move|p1b: Sylveon|Moonblast|p2a: Archaludon
|-damage|p2a: Archaludon|32/100
|-unboost|p2a: Archaludon|spa|1
|
|-weather|RainDance|[upkeep]
|-heal|p2a: Archaludon|39/100|[from] item: Leftovers
|upkeep
|turn|3
|
|t:|1783531094
|move|p1a: Aerodactyl|Rock Slide|p2b: Raichu|[spread] p2a
|-miss|p1a: Aerodactyl|p2b: Raichu
|-resisted|p2a: Archaludon|1
|-crit|p2a: Archaludon
|-damage|p2a: Archaludon|23/100
|move|p2b: Raichu|Electroweb|p1a: Aerodactyl|[spread] p1a
|-miss|p2b: Raichu|p1b: Sylveon
|-supereffective|p1a: Aerodactyl|1
|-damage|p1a: Aerodactyl|0 fnt
|faint|p1a: Aerodactyl
|move|p1b: Sylveon|Hyper Voice|p2b: Raichu|[spread] p2a,p2b
|-damage|p2a: Archaludon|0 fnt
|-damage|p2b: Raichu|38/100
|faint|p2a: Archaludon
|
|-weather|RainDance|[upkeep]
|upkeep
|
|t:|1783531114
|switch|p1a: Torkoal|Torkoal, L50, M|100/100
|switch|p2a: Pelipper|Pelipper, L50, F|5/100
|-weather|SunnyDay|[from] ability: Drought|[of] p1a: Torkoal
|turn|4
|
|t:|1783531135
|move|p2a: Pelipper|Wide Guard|p2a: Pelipper
|-singleturn|p2a: Pelipper|Wide Guard
|move|p2b: Raichu|Rain Dance|p2b: Raichu
|-weather|RainDance
|move|p1b: Sylveon|Moonblast|p2b: Raichu
|-damage|p2b: Raichu|0 fnt
|faint|p2b: Raichu
|move|p1a: Torkoal|Burning Jealousy|p2a: Pelipper
|-activate|p2a: Pelipper|move: Wide Guard
|
|-weather|RainDance|[upkeep]
|-sideend|p2: RadarUndetectable|move: Tailwind
|upkeep
|
|t:|1783531146
|switch|p2b: Drampa|Drampa, L50, M|100/100
|-ability|p2b: Drampa|Cloud Nine
|turn|5
|inactive|RadarUndetectable has 30 seconds left.
|
|t:|1783531172
|move|p2b: Drampa|Protect|p2b: Drampa
|-singleturn|p2b: Drampa|Protect
|move|p1b: Sylveon|Moonblast|p2b: Drampa
|-activate|p2b: Drampa|move: Protect
|move|p2a: Pelipper|Soak|p1b: Sylveon
|-start|p1b: Sylveon|typechange|Water
|move|p1a: Torkoal|Weather Ball|p2a: Pelipper
|-damage|p2a: Pelipper|0 fnt
|faint|p2a: Pelipper
|
|-weather|RainDance|[upkeep]
|-sideend|p1: LampPosted|move: Tailwind
|-fieldend|move: Electric Terrain
|upkeep
|turn|6
|
|t:|1783531187
|move|p1b: Sylveon|Hyper Voice|p2b: Drampa
|-supereffective|p2b: Drampa|1
|-damage|p2b: Drampa|18/100
|-enditem|p2b: Drampa|Sitrus Berry|[eat]
|-heal|p2b: Drampa|43/100|[from] item: Sitrus Berry
|move|p2b: Drampa|Hyper Voice|p1a: Torkoal|[spread] p1a,p1b
|-damage|p1a: Torkoal|66/100
|-damage|p1b: Sylveon|73/100
|move|p1a: Torkoal|Yawn|p2b: Drampa
|-start|p2b: Drampa|move: Yawn|[of] p1a: Torkoal
|
|-weather|RainDance|[upkeep]
|-heal|p1a: Torkoal|72/100|[from] item: Leftovers
|upkeep
|turn|7
|
|t:|1783531199
|move|p1a: Torkoal|Protect|p1a: Torkoal
|-singleturn|p1a: Torkoal|Protect
|move|p1b: Sylveon|Hyper Voice|p2b: Drampa
|-supereffective|p2b: Drampa|1
|-damage|p2b: Drampa|0 fnt
|faint|p2b: Drampa
|
|win|LampPosted
|l|☆LampPosted
|player|p1|
