|j|☆kurolax
|j|☆bfwpikadrew
|html|kurolaxbfwpikadrew    
|uhtml|bestof|Game 1 of a best-of-3
|t:|1756256237
|gametype|doubles
|player|p1|kurolax|101|1081
|player|p2|bfwpikadrew|falkner|1000
|gen|9
|tier|[Gen 9] VGC 2025 Reg H (Bo3)
|rated|
|rule|Species Clause: Limit one of each Pokémon
|rule|Item Clause: Limit 1 of each item
|clearpoke
|poke|p1|Volcarona, L50, F|
|poke|p1|Tyranitar, L50, F|
|poke|p1|Rillaboom, L50, M|
|poke|p1|Primarina, L50, F|
|poke|p1|Sneasler, L50, M|
|poke|p1|Dragonite, L50, F|
|poke|p2|Basculegion, L50, M|
|poke|p2|Pelipper, L50, M|
|poke|p2|Archaludon, L50, M|
|poke|p2|Incineroar, L50, M|
|poke|p2|Gholdengo, L50|
|poke|p2|Amoonguss, L50, M|
|teampreview|4
|showteam|p1|Volcarona||GrassySeed|FlameBody|QuiverDance,HeatWave,TeraBlast,BugBuzz|||F|||50|,,,,,Fairy]Tyranitar||AssaultVest|SandStream|RockSlide,KnockOff,TeraBlast,LowKick|||F|||50|,,,,,Flying]Rillaboom||MiracleSeed|GrassySurge|WoodHammer,Uturn,GrassyGlide,FakeOut|||M|||50|,,,,,Grass]Primarina||SitrusBerry|LiquidVoice|HyperVoice,Moonblast,CalmMind,Protect|||F|||50|,,,,,Poison]Sneasler||WhiteHerb|Unburden|DireClaw,FakeOut,Protect,CloseCombat|||M|||50|,,,,,Psychic]Dragonite||ClearAmulet|Multiscale|StompingTantrum,IceSpinner,Haze,Tailwind|||F|||50|,,,,,Fairy
|showteam|p2|Basculegion||LifeOrb|SwiftSwim|WaveCrash,LastRespects,Protect,FlipTurn|||M|||50|,,,,,Grass]Pelipper||FocusSash|Drizzle|Protect,Hurricane,WeatherBall,Tailwind|||M|||50|,,,,,Ghost]Archaludon||AssaultVest|Stamina|ElectroShot,DracoMeteor,Snarl,BodyPress|||M|||50|,,,,,Grass]Incineroar||SafetyGoggles|Intimidate|FakeOut,PartingShot,Taunt,KnockOff|||M|||50|,,,,,Bug]Gholdengo||SitrusBerry|GoodasGold|MakeItRain,ShadowBall,NastyPlot,Protect||||||50|,,,,,Flying]Amoonguss||RockyHelmet|Regenerator|Spore,RagePowder,PollenPuff,Protect|||M|||50|,,,,,Water
|inactive|Battle timer is ON: inactive players will automatically lose when time's up. (requested by kurolax)
|
|t:|1756256330
|teamsize|p1|4
|teamsize|p2|4
|start
|switch|p1a: Sneasler|Sneasler, L50, M|100/100
|switch|p1b: Dragonite|Dragonite, L50, F|100/100
|switch|p2a: Soul Stripper|Basculegion, L50, M, shiny|100/100
|switch|p2b: Overdose|Pelipper, L50, M, shiny|100/100
|-weather|RainDance|[from] ability: Drizzle|[of] p2b: Overdose
|turn|1
|inactive|kurolax has 30 seconds left.
|inactive|bfwpikadrew has 30 seconds left.
|inactive|kurolax has 20 seconds left.
|inactive|bfwpikadrew has 20 seconds left.
|inactive|kurolax has 15 seconds left.
|inactive|kurolax has 10 seconds left.
|
|t:|1756256376
|switch|p2b: Moneytalks|Gholdengo, L50|100/100
|move|p1a: Sneasler|Protect|p1a: Sneasler
|-singleturn|p1a: Sneasler|Protect
|move|p2a: Soul Stripper|Flip Turn|p1b: Dragonite
|-resisted|p1b: Dragonite
|-damage|p1b: Dragonite|85/100
|-damage|p2a: Soul Stripper|90/100|[from] item: Life Orb
|
|t:|1756256385
|switch|p2a: Overdose|Pelipper, L50, M, shiny|100/100|[from] Flip Turn
|move|p1b: Dragonite|Tailwind|p1b: Dragonite
|-sidestart|p1: kurolax|move: Tailwind
|
|-weather|RainDance|[upkeep]
|upkeep
|turn|2
|inactive|bfwpikadrew has 30 seconds left.
|inactive|bfwpikadrew has 20 seconds left.
|inactive|bfwpikadrew has 15 seconds left.
|inactive|bfwpikadrew has 10 seconds left.
|
|t:|1756256430
|move|p1a: Sneasler|Dire Claw|p2a: Overdose
|-damage|p2a: Overdose|45/100
|move|p1b: Dragonite|Stomping Tantrum|p2b: Moneytalks
|-supereffective|p2b: Moneytalks
|-damage|p2b: Moneytalks|51/100
|move|p2a: Overdose|Tailwind|p2a: Overdose
|-sidestart|p2: bfwpikadrew|move: Tailwind
|move|p2b: Moneytalks|Make It Rain|p1a: Sneasler|[spread] p1a,p1b
|-damage|p1a: Sneasler|36/100
|-damage|p1b: Dragonite|41/100
|-unboost|p2b: Moneytalks|spa|1
|
|-weather|RainDance|[upkeep]
|upkeep
|turn|3
|inactive|kurolax has 30 seconds left.
|inactive|bfwpikadrew has 30 seconds left.
|
|t:|1756256465
|switch|p1b: Tyranitar|Tyranitar, L50, F|100/100
|-weather|Sandstorm|[from] ability: Sand Stream|[of] p1b: Tyranitar
|switch|p2a: Witch's Spell|Amoonguss, L50, M, shiny|100/100
|move|p2b: Moneytalks|Protect|p2b: Moneytalks
|-singleturn|p2b: Moneytalks|Protect
|move|p1a: Sneasler|Dire Claw|p2a: Witch's Spell
|-damage|p2a: Witch's Spell|63/100
|-damage|p1a: Sneasler|20/100|[from] item: Rocky Helmet|[of] p2a: Witch's Spell
|
|-weather|Sandstorm|[upkeep]
|-damage|p1a: Sneasler|14/100|[from] Sandstorm
|-damage|p2a: Witch's Spell|57/100|[from] Sandstorm
|upkeep
|turn|4
|inactive|kurolax has 30 seconds left.
|inactive|bfwpikadrew has 30 seconds left.
|inactive|bfwpikadrew has 20 seconds left.
|inactive|bfwpikadrew has 15 seconds left.
|
|t:|1756256507
|-terastallize|p1b: Tyranitar|Flying
|move|p2a: Witch's Spell|Rage Powder|p2a: Witch's Spell
|-singleturn|p2a: Witch's Spell|move: Rage Powder
|move|p1a: Sneasler|Dire Claw|p2a: Witch's Spell
|-damage|p2a: Witch's Spell|22/100
|-damage|p1a: Sneasler|0 fnt|[from] item: Rocky Helmet|[of] p2a: Witch's Spell
|faint|p1a: Sneasler
|move|p2b: Moneytalks|Nasty Plot|p2b: Moneytalks
|-boost|p2b: Moneytalks|spa|2
|move|p1b: Tyranitar|Tera Blast|p2a: Witch's Spell|[anim] Tera Blast Flying
|-supereffective|p2a: Witch's Spell
|-damage|p2a: Witch's Spell|0 fnt
|faint|p2a: Witch's Spell
|
|-weather|Sandstorm|[upkeep]
|-damage|p1b: Tyranitar|94/100|[from] Sandstorm
|-sideend|p1: kurolax|move: Tailwind
|upkeep
|
|t:|1756256522
|switch|p1a: Dragonite|Dragonite, L50, F|41/100
|switch|p2a: Overdose|Pelipper, L50, M, shiny|45/100
|-weather|RainDance|[from] ability: Drizzle|[of] p2a: Overdose
|turn|5
|inactive|kurolax has 30 seconds left.
|inactive|kurolax has 20 seconds left.
|inactive|kurolax has 15 seconds left.
|inactive|kurolax has 10 seconds left.
|
|t:|1756256569
|switch|p1b: Primarina|Primarina, L50, F|100/100
|move|p2a: Overdose|Weather Ball|p1b: Primarina
|-resisted|p1b: Primarina
|-damage|p1b: Primarina|72/100
|move|p2b: Moneytalks|Make It Rain|p1a: Dragonite|[spread] p1a,p1b
|-damage|p1a: Dragonite|0 fnt
|-damage|p1b: Primarina|9/100
|-unboost|p2b: Moneytalks|spa|1
|-enditem|p1b: Primarina|Sitrus Berry|[eat]
|-heal|p1b: Primarina|33/100|[from] item: Sitrus Berry
|faint|p1a: Dragonite
|
|-weather|RainDance|[upkeep]
|-sideend|p2: bfwpikadrew|move: Tailwind
|upkeep
|
|t:|1756256582
|switch|p1a: Tyranitar|Tyranitar, L50, F, tera:Flying|94/100
|-weather|Sandstorm|[from] ability: Sand Stream|[of] p1a: Tyranitar
|turn|6
|inactive|bfwpikadrew has 30 seconds left.
|
|t:|1756256610
|move|p2a: Overdose|Weather Ball|p1a: Tyranitar
|-supereffective|p1a: Tyranitar
|-damage|p1a: Tyranitar|65/100
|move|p2b: Moneytalks|Make It Rain|p1b: Primarina|[spread] p1a,p1b
|-damage|p1a: Tyranitar|39/100
|-damage|p1b: Primarina|0 fnt
|-unboost|p2b: Moneytalks|spa|1
|faint|p1b: Primarina
|move|p1a: Tyranitar|Knock Off|p2b: Moneytalks
|-supereffective|p2b: Moneytalks
|-damage|p2b: Moneytalks|0 fnt
|-enditem|p2b: Moneytalks|Sitrus Berry|[from] move: Knock Off|[of] p1a: Tyranitar
|faint|p2b: Moneytalks
|
|-weather|Sandstorm|[upkeep]
|-damage|p2a: Overdose|40/100|[from] Sandstorm
|-damage|p1a: Tyranitar|33/100|[from] Sandstorm
|upkeep
|
|t:|1756256624
|switch|p2b: Soul Stripper|Basculegion, L50, M, shiny|90/100
|turn|7
|
|t:|1756256632
|move|p2b: Soul Stripper|Last Respects|p1a: Tyranitar
|-damage|p1a: Tyranitar|0 fnt
|faint|p1a: Tyranitar
|-damage|p2b: Soul Stripper|80/100|[from] item: Life Orb
|
|win|bfwpikadrew
