|j|☆ZeGaboVGC
|j|☆Goodwyn
|html|ZeGaboVGCGoodwyn    
|uhtml|bestof|Game 1 of a best-of-3
|t:|1756732412
|gametype|doubles
|player|p1|ZeGaboVGC|benga|1203
|player|p2|Goodwyn|265|1170
|gen|9
|tier|[Gen 9] VGC 2025 Reg H (Bo3)
|rated|
|rule|Species Clause: Limit one of each Pokémon
|rule|Item Clause: Limit 1 of each item
|clearpoke
|poke|p1|Incineroar, L50, F|
|poke|p1|Amoonguss, L50, M|
|poke|p1|Ursaluna-Bloodmoon, L50, M|
|poke|p1|Sneasler, L50, F|
|poke|p1|Gholdengo, L50|
|poke|p1|Dragonite, L50, M|
|poke|p2|Indeedee, L50, M|
|poke|p2|Sneasler, L50, M|
|poke|p2|Tyranitar, L50, M|
|poke|p2|Excadrill, L50, M|
|poke|p2|Annihilape, L50, M|
|poke|p2|Volcarona, L50, M|
|teampreview|4
|showteam|p1|Incineroar||SafetyGoggles|Intimidate|FlareBlitz,KnockOff,PartingShot,FakeOut|||F|||50|,,,,,Ghost]Amoonguss||SitrusBerry|Regenerator|Spore,RagePowder,PollenPuff,Protect|||M|||50|,,,,,Dark]Ursaluna-Bloodmoon||AssaultVest|MindsEye|HyperVoice,BloodMoon,EarthPower,VacuumWave|||M|||50|,,,,,Water]Sneasler||FocusSash|Unburden|CloseCombat,DireClaw,ThroatChop,Protect|||F|||50|,,,,,Stellar]Gholdengo||LifeOrb|GoodasGold|MakeItRain,ShadowBall,NastyPlot,Protect||||||50|,,,,,Water]Dragonite||LoadedDice|Multiscale|ScaleShot,Tailwind,Haze,Protect|||M|||50|,,,,,Fairy
|showteam|p2|Indeedee||ChoiceScarf|PsychicSurge|ExpandingForce,TeraBlast,Trick,Protect|||M|||50|,,,,,Psychic]Sneasler||PsychicSeed|Unburden|DireClaw,CloseCombat,ThroatChop,Protect|||M|||50|,,,,,Dark]Tyranitar||AssaultVest|SandStream|RockSlide,KnockOff,TeraBlast,LowKick|||M|||50|,,,,,Flying]Excadrill||FocusSash|SandRush|Earthquake,HighHorsepower,IronHead,Protect|||M|||50|,,,,,Stellar]Annihilape||SafetyGoggles|Defiant|RageFist,CloseCombat,Taunt,FinalGambit|||M|||50|,,,,,Fire]Volcarona||Leftovers|FlameBody|TeraBlast,HeatWave,QuiverDance,Protect|||M|||50|,,,,,Water
|inactive|Battle timer is ON: inactive players will automatically lose when time's up. (requested by ZeGaboVGC)
|inactive|ZeGaboVGC has 60 seconds left.
|inactive|Goodwyn has 60 seconds left.
|inactive|Goodwyn has 30 seconds left.
|
|t:|1756732476
|teamsize|p1|4
|teamsize|p2|4
|start
|switch|p1a: Incineroar|Incineroar, L50, F|100/100
|switch|p1b: Dragonite|Dragonite, L50, M|100/100
|switch|p2a: Volcarona|Volcarona, L50, M|100/100
|switch|p2b: Annihilape|Annihilape, L50, M|100/100
|-ability|p1a: Incineroar|Intimidate|boost
|-unboost|p2a: Volcarona|atk|1
|-unboost|p2b: Annihilape|atk|1
|-ability|p2b: Annihilape|Defiant|boost
|-boost|p2b: Annihilape|atk|2
|turn|1
|inactive|ZeGaboVGC has 30 seconds left.
|inactive|Goodwyn has 30 seconds left.
|inactive|ZeGaboVGC has 20 seconds left.
|
|t:|1756732514
|-terastallize|p1a: Incineroar|Ghost
|move|p1a: Incineroar|Fake Out|p2a: Volcarona
|-damage|p2a: Volcarona|88/100
|move|p2b: Annihilape|Final Gambit|p1b: Dragonite
|-damage|p1b: Dragonite|0 fnt
|faint|p2b: Annihilape
|faint|p1b: Dragonite
|cant|p2a: Volcarona|flinch
|
|-heal|p2a: Volcarona|94/100|[from] item: Leftovers
|upkeep
|
|t:|1756732532
|switch|p2b: Tyranitar|Tyranitar, L50, M|100/100
|switch|p1b: Ursaluna|Ursaluna-Bloodmoon, L50, M|100/100
|-weather|Sandstorm|[from] ability: Sand Stream|[of] p2b: Tyranitar
|turn|2
|inactive|Goodwyn has 30 seconds left.
|
|t:|1756732557
|-terastallize|p2b: Tyranitar|Flying
|move|p2a: Volcarona|Quiver Dance|p2a: Volcarona
|-boost|p2a: Volcarona|spa|1
|-boost|p2a: Volcarona|spd|1
|-boost|p2a: Volcarona|spe|1
|move|p2b: Tyranitar|Knock Off|p1b: Ursaluna
|-damage|p1b: Ursaluna|61/100
|-enditem|p1b: Ursaluna|Assault Vest|[from] move: Knock Off|[of] p2b: Tyranitar
|move|p1a: Incineroar|Parting Shot|p2b: Tyranitar
|-unboost|p2b: Tyranitar|atk|1
|-unboost|p2b: Tyranitar|spa|1
|
|t:|1756732567
|switch|p1a: Sneasler|Sneasler, L50, F|100/100|[from] Parting Shot
|move|p1b: Ursaluna|Blood Moon|p2a: Volcarona
|-damage|p2a: Volcarona|49/100
|
|-weather|Sandstorm|[upkeep]
|-damage|p1a: Sneasler|95/100|[from] Sandstorm
|-damage|p2a: Volcarona|43/100|[from] Sandstorm
|-damage|p2b: Tyranitar|95/100|[from] Sandstorm
|-heal|p2a: Volcarona|49/100|[from] item: Leftovers
|upkeep
|turn|3
|inactive|Goodwyn has 30 seconds left.
|inactive|Goodwyn has 20 seconds left.
|inactive|ZeGaboVGC has 30 seconds left.
|inactive|Goodwyn has 15 seconds left.
|inactive|Goodwyn has 10 seconds left.
|
|t:|1756732618
|switch|p2b: Excadrill|Excadrill, L50, M|100/100
|switch|p1b: Incineroar|Incineroar, L50, F, tera:Ghost|100/100
|-ability|p1b: Incineroar|Intimidate|boost
|-unboost|p2a: Volcarona|atk|1
|-unboost|p2b: Excadrill|atk|1
|move|p1a: Sneasler|Dire Claw|p2a: Volcarona
|-damage|p2a: Volcarona|1/100
|-status|p2a: Volcarona|psn
|move|p2a: Volcarona|Heat Wave|p1a: Sneasler|[spread] p1a,p1b
|-damage|p1a: Sneasler|19/100
|-damage|p1b: Incineroar|56/100
|
|-weather|Sandstorm|[upkeep]
|-damage|p1a: Sneasler|13/100|[from] Sandstorm
|-damage|p2a: Volcarona|0 fnt|[from] Sandstorm
|faint|p2a: Volcarona
|upkeep
|
|t:|1756732637
|switch|p2a: Tyranitar|Tyranitar, L50, M, tera:Flying|95/100
|turn|4
|
|t:|1756732660
|move|p2b: Excadrill|Protect|p2b: Excadrill
|-singleturn|p2b: Excadrill|Protect
|move|p1b: Incineroar|Fake Out|p2b: Excadrill
|-activate|p2b: Excadrill|move: Protect
|move|p1a: Sneasler|Dire Claw|p2a: Tyranitar
|-damage|p2a: Tyranitar|58/100
|-status|p2a: Tyranitar|slp
|cant|p2a: Tyranitar|slp
|
|-weather|Sandstorm|[upkeep]
|-damage|p1a: Sneasler|8/100|[from] Sandstorm
|-damage|p2a: Tyranitar|53/100 slp|[from] Sandstorm
|upkeep
|turn|5
|
|t:|1756732682
|move|p1a: Sneasler|Protect|p1a: Sneasler
|-singleturn|p1a: Sneasler|Protect
|move|p2b: Excadrill|Earthquake|p1b: Incineroar|[spread] p1b
|-activate|p1a: Sneasler|move: Protect
|-immune|p2a: Tyranitar
|-damage|p1b: Incineroar|32/100
|-curestatus|p2a: Tyranitar|slp|[msg]
|move|p2a: Tyranitar|Rock Slide|p1b: Incineroar|[spread] p1b
|-activate|p1a: Sneasler|move: Protect
|-damage|p1b: Incineroar|6/100
|move|p1b: Incineroar|Parting Shot|p2a: Tyranitar
|-unboost|p2a: Tyranitar|atk|1
|-unboost|p2a: Tyranitar|spa|1
|
|t:|1756732696
|switch|p1b: Ursaluna|Ursaluna-Bloodmoon, L50, M|61/100|[from] Parting Shot
|
|-weather|Sandstorm|[upkeep]
|-damage|p1a: Sneasler|2/100|[from] Sandstorm
|-damage|p2a: Tyranitar|47/100|[from] Sandstorm
|upkeep
|turn|6
|
|t:|1756732718
|switch|p1a: Incineroar|Incineroar, L50, F, tera:Ghost|6/100
|-ability|p1a: Incineroar|Intimidate|boost
|-unboost|p2a: Tyranitar|atk|1
|-unboost|p2b: Excadrill|atk|1
|move|p2b: Excadrill|Earthquake|p1a: Incineroar|[spread] p1a,p1b
|-immune|p2a: Tyranitar
|-damage|p1a: Incineroar|0 fnt
|-damage|p1b: Ursaluna|44/100
|faint|p1a: Incineroar
|move|p2a: Tyranitar|Low Kick|p1b: Ursaluna
|-supereffective|p1b: Ursaluna
|-damage|p1b: Ursaluna|13/100
|move|p1b: Ursaluna|Hyper Voice|p2a: Tyranitar|[spread] p2a,p2b
|-resisted|p2b: Excadrill
|-damage|p2a: Tyranitar|28/100
|-damage|p2b: Excadrill|75/100
|
|-weather|none
|upkeep
|
|t:|1756732721
|switch|p1a: Sneasler|Sneasler, L50, F|2/100
|turn|7
|inactive|ZeGaboVGC has 30 seconds left.
|
|t:|1756732750
|move|p1b: Ursaluna|Vacuum Wave|p2b: Excadrill
|-supereffective|p2b: Excadrill
|-damage|p2b: Excadrill|38/100
|move|p1a: Sneasler|Dire Claw|p2a: Tyranitar
|-damage|p2a: Tyranitar|0 fnt
|faint|p2a: Tyranitar
|move|p2b: Excadrill|Earthquake|p1a: Sneasler|[spread] p1a,p1b
|-supereffective|p1a: Sneasler
|-damage|p1a: Sneasler|0 fnt
|-damage|p1b: Ursaluna|0 fnt
|faint|p1a: Sneasler
|faint|p1b: Ursaluna
|
|win|Goodwyn
