|j|☆i miss my miraidon
|j|☆long neck phil
|html|i miss my miraidonlong neck phil    
|uhtml|bestof|Game 1 of a best-of-3
|t:|1785082425
|gametype|doubles
|player|p1|i miss my miraidon|169|
|player|p2|long neck phil|n|
|gen|9
|tier|[Gen 9 Champions] VGC 2026 Reg M-B (Bo3)
|rule|Species Clause: Limit one of each Pokémon
|rule|Item Clause: Limit 1 of each item
|clearpoke
|poke|p1|Charizard, L50, F|
|poke|p1|Kingambit, L50, M|
|poke|p1|Basculegion, L50, M|
|poke|p1|Whimsicott, L50, F|
|poke|p1|Floette-Eternal, L50, F|
|poke|p1|Garchomp, L50, M|
|poke|p2|Garchomp, L50, F|
|poke|p2|Staraptor, L50, F|
|poke|p2|Basculegion, L50, M|
|poke|p2|Glimmora, L50, F|
|poke|p2|Grimmsnarl, L50, M|
|poke|p2|Sinistcha, L50|
|teampreview|4
|showteam|p1|Charizard||CharizarditeY|Blaze|HeatWave,SolarBeam,WeatherBall,Protect|Modest||F|||50|]Kingambit||ChopleBerry|Defiant|KowtowCleave,SuckerPunch,LowKick,IronHead|Adamant||M|||50|]Basculegion||MysticWater|Adaptability|WaveCrash,LastRespects,AquaJet,Protect|Jolly||M|||50|]Whimsicott||FocusSash|Prankster|Moonblast,Tailwind,Encore,Protect|Modest||F|||50|]Floette-Eternal||Floettite|FlowerVeil|DazzlingGleam,Moonblast,LightofRuin,Protect|Timid||F|||50|]Garchomp||LifeOrb|RoughSkin|DragonClaw,Earthquake,RockSlide,Protect|Jolly||M|||50|
|showteam|p2|Garchomp||LifeOrb|RoughSkin|DragonClaw,StompingTantrum,RockSlide,Protect|Jolly||F|||50|]Staraptor||Staraptite|Intimidate|DualWingbeat,CloseCombat,Protect,Roost|Jolly||F|||50|]Basculegion||FocusSash|Adaptability|WaveCrash,Protect,LastRespects,Liquidation|Jolly||M|||50|]Glimmora||Glimmoranite|ToxicDebris|PowerGem,SludgeBomb,EarthPower,SpikyShield|Timid||F|||50|]Grimmsnarl||LightClay|Prankster|LightScreen,Reflect,SpiritBreak,ScaryFace|Careful||M|||50|]Sinistcha||SitrusBerry|Hospitality|MatchaGotcha,TrickRoom,RagePowder,ShadowBall|Bold|||||50|
|c|☆i miss my miraidon|ill do link
|j| getajobapplication
|c| getajobapplication|Lets go Eanna Ireland is behind you
|
|t:|1785082545
|teamsize|p1|4
|teamsize|p2|4
|start
|switch|p1a: Basculegion|Basculegion, L50, M|100/100
|switch|p1b: Whimsicott|Whimsicott, L50, F|100/100
|switch|p2a: Grimmsnarl|Grimmsnarl, L50, M|100/100
|switch|p2b: Glimmora|Glimmora, L50, F|100/100
|turn|1
|c|☆i miss my miraidon|glhf
|l| getajobapplication
|
|t:|1785082573
|detailschange|p2b: Glimmora|Glimmora-Mega, L50, F
|-mega|p2b: Glimmora|Glimmora|Glimmoranite
|move|p1b: Whimsicott|Tailwind|p1b: Whimsicott
|-sidestart|p1: i miss my miraidon|move: Tailwind
|move|p2a: Grimmsnarl|Reflect|p2a: Grimmsnarl
|-sidestart|p2: long neck phil|Reflect
|move|p1a: Basculegion|Wave Crash|p2b: Glimmora
|-supereffective|p2b: Glimmora|1
|-damage|p2b: Glimmora|0 fnt
|faint|p2b: Glimmora
|-damage|p1a: Basculegion|73/100|[from] Recoil
|
|upkeep
|
|t:|1785082583
|switch|p2b: Sinistcha|Sinistcha, L50|100/100
|turn|2
|
|t:|1785082588
|switch|p1a: Floette|Floette-Eternal, L50, F|100/100
|move|p2a: Grimmsnarl|Light Screen|p2a: Grimmsnarl
|-sidestart|p2: long neck phil|move: Light Screen
|move|p1b: Whimsicott|Moonblast|p2b: Sinistcha
|-damage|p2b: Sinistcha|72/100
|move|p2b: Sinistcha|Trick Room|p2b: Sinistcha
|-fieldstart|move: Trick Room|[of] p2b: Sinistcha
|
|upkeep
|turn|3
|j| FBISurveillanceMan
|
|t:|1785082597
|detailschange|p1a: Floette|Floette-Mega, L50, F
|-mega|p1a: Floette|Floette|Floettite
|-ability|p1a: Floette|Fairy Aura
|move|p1b: Whimsicott|Encore|p2b: Sinistcha
|-start|p2b: Sinistcha|Encore
|move|p2a: Grimmsnarl|Spirit Break|p1a: Floette
|-damage|p1a: Floette|42/100
|-unboost|p1a: Floette|spa|1
|move|p1a: Floette|Dazzling Gleam|p2b: Sinistcha|[spread] p2a,p2b
|-supereffective|p2a: Grimmsnarl|1
|-damage|p2a: Grimmsnarl|64/100
|-damage|p2b: Sinistcha|49/100
|-enditem|p2b: Sinistcha|Sitrus Berry|[eat]
|-heal|p2b: Sinistcha|74/100|[from] item: Sitrus Berry
|move|p2b: Sinistcha|Trick Room|p2b: Sinistcha
|-fieldend|move: Trick Room
|
|upkeep
|turn|4
|
|t:|1785082614
|switch|p2b: Basculegion|Basculegion, L50, M|100/100
|move|p1a: Floette|Dazzling Gleam|p2b: Basculegion|[spread] p2a,p2b
|-supereffective|p2a: Grimmsnarl|1
|-damage|p2a: Grimmsnarl|24/100
|-damage|p2b: Basculegion|76/100
|move|p1b: Whimsicott|Moonblast|p2a: Grimmsnarl
|-supereffective|p2a: Grimmsnarl|1
|-damage|p2a: Grimmsnarl|0 fnt
|faint|p2a: Grimmsnarl
|
|-sideend|p1: i miss my miraidon|move: Tailwind
|upkeep
|
|t:|1785082616
|switch|p2a: Sinistcha|Sinistcha, L50|74/100
|-heal|p2b: Basculegion|100/100|[from] ability: Hospitality|[of] p2a: Sinistcha
|turn|5
|
|t:|1785082627
|move|p1a: Floette|Dazzling Gleam|p2b: Basculegion|[spread] p2a,p2b
|-damage|p2a: Sinistcha|52/100
|-damage|p2b: Basculegion|77/100
|move|p1b: Whimsicott|Moonblast|p2b: Basculegion
|-damage|p2b: Basculegion|41/100
|move|p2b: Basculegion|Last Respects|p1b: Whimsicott
|-crit|p1b: Whimsicott
|-enditem|p1b: Whimsicott|Focus Sash
|-damage|p1b: Whimsicott|1/100
|move|p2a: Sinistcha|Shadow Ball|p1a: Floette
|-damage|p1a: Floette|16/100
|
|upkeep
|turn|6
|
|t:|1785082644
|move|p2b: Basculegion|Protect|p2b: Basculegion
|-singleturn|p2b: Basculegion|Protect
|move|p1b: Whimsicott|Encore|p2a: Sinistcha
|-start|p2a: Sinistcha|Encore
|move|p1a: Floette|Light of Ruin|p2b: Basculegion
|-activate|p2b: Basculegion|move: Protect
|move|p2a: Sinistcha|Shadow Ball|p1a: Floette
|-damage|p1a: Floette|0 fnt
|faint|p1a: Floette
|
|upkeep
|
|t:|1785082655
|switch|p1a: Basculegion|Basculegion, L50, M|73/100
|turn|7
|
|t:|1785082663
|move|p1b: Whimsicott|Encore|p2b: Basculegion
|-start|p2b: Basculegion|Encore
|move|p2b: Basculegion|Protect|p2b: Basculegion
|-singleturn|p2b: Basculegion|Protect
|move|p1a: Basculegion|Last Respects|p2a: Sinistcha
|-supereffective|p2a: Sinistcha|1
|-damage|p2a: Sinistcha|0 fnt
|faint|p2a: Sinistcha
|
|upkeep
|turn|8
|-message|long neck phil forfeited.
|
|win|i miss my miraidon
||i miss my miraidon is ready for game 2.
||long neck phil is ready for game 2.
|uhtml|next|Next: Game 2 of 3
|j| hippopotas fritas
|l| hippopotas fritas
|l|☆long neck phil
|player|p2|
