|j|☆ttsui234
|j|☆luckycricket0326
|html|ttsui234luckycricket0326    
|uhtml|bestof|Game 1 of a best-of-3
|t:|1785334084
|gametype|doubles
|player|p1|ttsui234|266|
|player|p2|luckycricket0326|102|
|gen|9
|tier|[Gen 9 Champions] VGC 2026 Reg M-B (Bo3)
|rule|Species Clause: Limit one of each Pokémon
|rule|Item Clause: Limit 1 of each item
|clearpoke
|poke|p1|Charizard, L50, M|
|poke|p1|Basculegion, L50, M|
|poke|p1|Kingambit, L50, M, shiny|
|poke|p1|Ninetales-Alola, L50, M|
|poke|p1|Kommo-o, L50, M|
|poke|p1|Whimsicott, L50, M|
|poke|p2|Blastoise, L50, M|
|poke|p2|Delphox, L50, F|
|poke|p2|Sneasler, L50, F|
|poke|p2|Sinistcha, L50|
|poke|p2|Incineroar, L50, M|
|poke|p2|Kingambit, L50, M|
|teampreview|4
|showteam|p1|Charizard||CharizarditeY|Blaze|HeatWave,WeatherBall,SolarBeam,Protect|Modest||M|||50|]Basculegion||ChoiceScarf|Adaptability|LastRespects,WaveCrash,AquaJet,FlipTurn|Jolly||M|||50|]Kingambit||ChopleBerry|Defiant|KowtowCleave,IronHead,SuckerPunch,Protect|Adamant||M|||50|]Ninetales-Alola||NeverMeltIce|SnowWarning|Blizzard,FreezeDry,Encore,Protect|Timid||M|||50|]Kommo-o||LifeOrb|Overcoat|AuraSphere,ClangingScales,VacuumWave,Protect|Modest||M|||50|]Whimsicott||FocusSash|Prankster|Tailwind,Moonblast,Encore,Protect|Timid||M|||50|
|showteam|p2|Blastoise||Blastoisinite|RainDish|WaterSpout,DarkPulse,ShellSmash,Protect|Modest||M|||50|]Delphox||Delphoxite|Blaze|HeatWave,Psychic,NastyPlot,Protect|Timid||F|||50|]Sneasler||FocusSash|PoisonTouch|FakeOut,CloseCombat,PoisonJab,QuickGuard|Jolly||F|||50|]Sinistcha||KasibBerry|Hospitality|MatchaGotcha,LifeDew,RagePowder,Protect|Bold|||||50|]Incineroar||SitrusBerry|Intimidate|FakeOut,FlareBlitz,HelpingHand,PartingShot|Impish||M|||50|]Kingambit||LifeOrb|Defiant|KowtowCleave,SuckerPunch,SwordsDance,Protect|Adamant||M|||50|
|inactive|Battle timer is ON: inactive players will automatically lose when time's up. (requested by luckycricket0326)
|inactive|ttsui234 has 60 seconds left.
|inactive|ttsui234 has 30 seconds left.
|
|t:|1785334205
|teamsize|p1|4
|teamsize|p2|4
|start
|switch|p1a: Kommo-o|Kommo-o, L50, M|100/100
|switch|p1b: Whimsicott|Whimsicott, L50, M|100/100
|switch|p2a: Delphox|Delphox, L50, F|100/100
|switch|p2b: Sneasler|Sneasler, L50, F|100/100
|turn|1
|
|t:|1785334228
|detailschange|p2a: Delphox|Delphox-Mega, L50, F
|-mega|p2a: Delphox|Delphox|Delphoxite
|move|p1b: Whimsicott|Protect|p1b: Whimsicott
|-singleturn|p1b: Whimsicott|Protect
|move|p1a: Kommo-o|Protect|p1a: Kommo-o
|-singleturn|p1a: Kommo-o|Protect
|move|p2b: Sneasler|Fake Out|p1b: Whimsicott
|-activate|p1b: Whimsicott|move: Protect
|move|p2a: Delphox|Nasty Plot|p2a: Delphox
|-boost|p2a: Delphox|spa|2
|
|upkeep
|turn|2
|inactive|luckycricket0326 has 30 seconds left.
|
|t:|1785334262
|move|p1b: Whimsicott|Encore|p2a: Delphox
|-start|p2a: Delphox|Encore
|move|p2a: Delphox|Nasty Plot|p2a: Delphox
|-boost|p2a: Delphox|spa|2
|move|p2b: Sneasler|Poison Jab|p1a: Kommo-o
|-damage|p1a: Kommo-o|55/100
|-status|p1a: Kommo-o|psn
|move|p1a: Kommo-o|Clanging Scales|p2a: Delphox|[spread] p2a,p2b
|-damage|p2a: Delphox|50/100y
|-damage|p2b: Sneasler|29/100
|-unboost|p1a: Kommo-o|def|1
|-damage|p1a: Kommo-o|46/100 psn|[from] item: Life Orb
|
|-damage|p1a: Kommo-o|33/100 psn|[from] psn
|upkeep
|turn|3
|
|t:|1785334285
|switch|p2a: Sinistcha|Sinistcha, L50|100/100
|-heal|p2b: Sneasler|54/100|[from] ability: Hospitality|[of] p2a: Sinistcha
|move|p1b: Whimsicott|Tailwind|p1b: Whimsicott
|-sidestart|p1: ttsui234|move: Tailwind
|move|p1a: Kommo-o|Clanging Scales|p2b: Sneasler|[spread] p2a,p2b
|-damage|p2a: Sinistcha|48/100
|-damage|p2b: Sneasler|0 fnt
|faint|p2b: Sneasler
|-unboost|p1a: Kommo-o|def|1
|-damage|p1a: Kommo-o|23/100 psn|[from] item: Life Orb
|
|-damage|p1a: Kommo-o|11/100 psn|[from] psn
|upkeep
|
|t:|1785334301
|switch|p2b: Delphox|Delphox-Mega, L50, F|50/100y
|turn|4
|
|t:|1785334312
|move|p2b: Delphox|Protect|p2b: Delphox
|-singleturn|p2b: Delphox|Protect
|move|p1b: Whimsicott|Moonblast|p2b: Delphox
|-activate|p2b: Delphox|move: Protect
|move|p1a: Kommo-o|Clanging Scales|p2b: Delphox|[spread] p2a
|-activate|p2b: Delphox|move: Protect
|-damage|p2a: Sinistcha|4/100
|-unboost|p1a: Kommo-o|def|1
|-damage|p1a: Kommo-o|1/100 psn|[from] item: Life Orb
|move|p2a: Sinistcha|Life Dew|p2a: Sinistcha|[spread] p2a,p2b
|-heal|p2a: Sinistcha|29/100
|-heal|p2b: Delphox|75/100
|
|-damage|p1a: Kommo-o|0 fnt|[from] psn
|faint|p1a: Kommo-o
|upkeep
|
|t:|1785334330
|switch|p1a: Charizard|Charizard, L50, M|100/100
|turn|5
|
|t:|1785334346
|detailschange|p1a: Charizard|Charizard-Mega-Y, L50, M
|-mega|p1a: Charizard|Charizard|Charizardite Y
|-weather|SunnyDay|[from] ability: Drought|[of] p1a: Charizard
|move|p2a: Sinistcha|Protect|p2a: Sinistcha
|-singleturn|p2a: Sinistcha|Protect
|move|p1b: Whimsicott|Encore|p2b: Delphox
|-start|p2b: Delphox|Encore
|move|p2b: Delphox|Protect|p2b: Delphox
|-singleturn|p2b: Delphox|Protect
|move|p1a: Charizard|Heat Wave|p2a: Sinistcha|[spread] 
|-activate|p2a: Sinistcha|move: Protect
|-activate|p2b: Delphox|move: Protect
|
|-weather|SunnyDay|[upkeep]
|upkeep
|turn|6
|
|t:|1785334367
|switch|p2b: Kingambit|Kingambit, L50, M|100/100
|move|p2a: Sinistcha|Protect||[still]
|-fail|p2a: Sinistcha
|move|p1b: Whimsicott|Encore|p2a: Sinistcha
|-start|p2a: Sinistcha|Encore
|move|p1a: Charizard|Heat Wave|p2b: Kingambit|[spread] p2a,p2b
|-supereffective|p2a: Sinistcha|1
|-supereffective|p2b: Kingambit|1
|-damage|p2a: Sinistcha|0 fnt
|-damage|p2b: Kingambit|0 fnt
|faint|p2a: Sinistcha
|faint|p2b: Kingambit
|
|-weather|SunnyDay|[upkeep]
|-sideend|p1: ttsui234|move: Tailwind
|upkeep
|
|t:|1785334379
|switch|p2b: Delphox|Delphox-Mega, L50, F|75/100
|turn|7
|
|t:|1785334384
|move|p1b: Whimsicott|Tailwind|p1b: Whimsicott
|-sidestart|p1: ttsui234|move: Tailwind
|move|p1a: Charizard|Weather Ball|p2b: Delphox
|-resisted|p2b: Delphox|1
|-damage|p2b: Delphox|34/100
|move|p2b: Delphox|Psychic|p1a: Charizard
|-damage|p1a: Charizard|52/100
|
|-weather|SunnyDay|[upkeep]
|upkeep
|turn|8
|
|t:|1785334394
|move|p1b: Whimsicott|Moonblast|p2b: Delphox
|-resisted|p2b: Delphox|1
|-damage|p2b: Delphox|22/100
|move|p1a: Charizard|Weather Ball|p2b: Delphox
|-resisted|p2b: Delphox|1
|-damage|p2b: Delphox|0 fnt
|faint|p2b: Delphox
|
|win|ttsui234
||ttsui234 is ready for game 2.
||luckycricket0326 is ready for game 2.
|uhtml|next|Next: Game 2 of 3
