|j|☆Thinking Charizard
|j|☆Dandetheheartless
|html|Thinking CharizardDandetheheartless    
|uhtml|bestof|Game 3 of a best-of-3
|t:|1784940006
|gametype|doubles
|player|p1|Thinking Charizard|colress|1211
|player|p2|Dandetheheartless|winona|1423
|gen|9
|tier|[Gen 9 Champions] VGC 2026 Reg M-B (Bo3)
|rated|
|rule|Species Clause: Limit one of each Pokémon
|rule|Item Clause: Limit 1 of each item
|clearpoke
|poke|p1|Charizard, L50, F|
|poke|p1|Tyranitar, L50, F|
|poke|p1|Garchomp, L50, M|
|poke|p1|Sneasler, L50, F|
|poke|p1|Whimsicott, L50, F|
|poke|p1|Farigiraf, L50, M|
|poke|p2|Orthworm, L50, F|
|poke|p2|Raichu, L50, F|
|poke|p2|Basculegion, L50, M|
|poke|p2|Garchomp, L50, F|
|poke|p2|Ninetales-Alola, L50, M|
|poke|p2|Whimsicott, L50, F|
|teampreview|4
|showteam|p1|Charizard||CharizarditeY|Blaze|HeatWave,SolarBeam,WeatherBall,Protect|Modest||F|||50|]Tyranitar||Tyranitarite|SandStream|RockSlide,KnockOff,LowKick,Protect|Brave||F|||50|]Garchomp||LifeOrb|RoughSkin|StompingTantrum,DragonClaw,Earthquake,Protect|Jolly||M|||50|]Sneasler||WhiteHerb|Unburden|CloseCombat,DireClaw,Protect,FakeOut|Adamant||F|||50|]Whimsicott||FairyFeather|Prankster|Tailwind,Encore,Protect,Moonblast|Bold||F|||50|]Farigiraf||SitrusBerry|ArmorTail|TrickRoom,Thunderbolt,TwinBeam,Protect|Calm||M|||50|
|showteam|p2|Orthworm||SitrusBerry|EarthEater|HeavySlam,ShedTail,BodyPress,Protect|Impish||F|||50|]Raichu||RaichuniteY|LightningRod|ZapCannon,FocusBlast,FakeOut,Protect|Timid||F|||50|]Basculegion||MysticWater|Adaptability|WaveCrash,AquaJet,LastRespects,Protect|Adamant||M|||50|]Garchomp||LifeOrb|RoughSkin|Earthquake,DragonClaw,RockSlide,Protect|Jolly||F|||50|]Ninetales-Alola||NeverMeltIce|SnowWarning|FreezeDry,AuroraVeil,Blizzard,Protect|Timid||M|||50|]Whimsicott||FocusSash|Prankster|Moonblast,Tailwind,Encore,Protect|Timid||F|||50|
|inactive|Battle timer is ON: inactive players will automatically lose when time's up. (requested by Dandetheheartless)
|inactive|Dandetheheartless has 60 seconds left.
|
|t:|1784940037
|teamsize|p1|4
|teamsize|p2|4
|start
|switch|p1a: Sneasler|Sneasler, L50, F|100/100
|switch|p1b: Charizard|Charizard, L50, F|100/100
|switch|p2a: Garchomp|Garchomp, L50, F|100/100
|switch|p2b: Whimsicott|Whimsicott, L50, F|100/100
|turn|1
|inactive|Thinking Charizard has 30 seconds left.
|inactive|Dandetheheartless has 30 seconds left.
|
|t:|1784940066
|detailschange|p1b: Charizard|Charizard-Mega-Y, L50, F
|-mega|p1b: Charizard|Charizard|Charizardite Y
|-weather|SunnyDay|[from] ability: Drought|[of] p1b: Charizard
|move|p1a: Sneasler|Fake Out|p2a: Garchomp
|-damage|p2a: Garchomp|85/100
|-damage|p1a: Sneasler|87/100|[from] ability: Rough Skin|[of] p2a: Garchomp
|move|p2b: Whimsicott|Moonblast|p1a: Sneasler
|-damage|p1a: Sneasler|38/100
|cant|p2a: Garchomp|flinch
|move|p1b: Charizard|Heat Wave|p2a: Garchomp|[spread] p2a,p2b
|-resisted|p2a: Garchomp|1
|-supereffective|p2b: Whimsicott|1
|-damage|p2a: Garchomp|52/100
|-enditem|p2b: Whimsicott|Focus Sash
|-damage|p2b: Whimsicott|1/100
|
|-weather|SunnyDay|[upkeep]
|upkeep
|turn|2
|
|t:|1784940088
|switch|p1b: Farigiraf|Farigiraf, L50, M|100/100
|move|p2b: Whimsicott|Encore||[still]
|cant|p1b: Farigiraf|ability: Armor Tail|Encore|[of] p2b: Whimsicott
|move|p1a: Sneasler|Close Combat|p2a: Garchomp
|-damage|p2a: Garchomp|0 fnt
|-unboost|p1a: Sneasler|def|1
|-unboost|p1a: Sneasler|spd|1
|-damage|p1a: Sneasler|26/100|[from] ability: Rough Skin|[of] p2a: Garchomp
|faint|p2a: Garchomp
|-enditem|p1a: Sneasler|White Herb
|-clearnegativeboost|p1a: Sneasler|[silent]
|
|-weather|SunnyDay|[upkeep]
|upkeep
|
|t:|1784940096
|switch|p2a: Raichu|Raichu, L50, F|100/100
|turn|3
|
|t:|1784940113
|switch|p2a: Basculegion|Basculegion, L50, M|100/100
|move|p2b: Whimsicott|Protect|p2b: Whimsicott
|-singleturn|p2b: Whimsicott|Protect
|move|p1a: Sneasler|Close Combat|p2a: Basculegion
|-immune|p2a: Basculegion
|move|p1b: Farigiraf|Twin Beam|p2b: Whimsicott
|-activate|p2b: Whimsicott|move: Protect
|
|-weather|SunnyDay|[upkeep]
|upkeep
|turn|4
|inactive|Dandetheheartless has 30 seconds left.
|inactive|Dandetheheartless has 20 seconds left.
|inactive|Dandetheheartless has 15 seconds left.
|inactive|Dandetheheartless has 10 seconds left.
|
|t:|1784940160
|move|p2b: Whimsicott|Tailwind|p2b: Whimsicott
|-sidestart|p2: Dandetheheartless|move: Tailwind
|move|p1a: Sneasler|Dire Claw|p2b: Whimsicott
|-supereffective|p2b: Whimsicott|2
|-damage|p2b: Whimsicott|0 fnt
|faint|p2b: Whimsicott
|move|p2a: Basculegion|Wave Crash|p1b: Farigiraf
|-damage|p1b: Farigiraf|52/100
|-damage|p2a: Basculegion|83/100|[from] Recoil
|move|p1b: Farigiraf|Twin Beam|p2a: Basculegion
|-damage|p2a: Basculegion|67/100
|-damage|p2a: Basculegion|51/100
|-hitcount|p2a: Basculegion|2
|
|-weather|SunnyDay|[upkeep]
|upkeep
|
|t:|1784940162
|switch|p2b: Raichu|Raichu, L50, F|100/100
|turn|5
|inactive|Dandetheheartless has 30 seconds left.
|inactive|Dandetheheartless has 20 seconds left.
|inactive|Dandetheheartless has 15 seconds left.
|
|t:|1784940207
|detailschange|p2b: Raichu|Raichu-Mega-Y, L50, F
|-mega|p2b: Raichu|Raichu|Raichunite Y
|move|p2b: Raichu|Zap Cannon|p1b: Farigiraf
|-damage|p1b: Farigiraf|3/100
|-status|p1b: Farigiraf|par
|-enditem|p1b: Farigiraf|Sitrus Berry|[eat]
|-heal|p1b: Farigiraf|28/100 par|[from] item: Sitrus Berry
|move|p1a: Sneasler|Close Combat|p2b: Raichu
|-damage|p2b: Raichu|0 fnt
|-unboost|p1a: Sneasler|def|1
|-unboost|p1a: Sneasler|spd|1
|faint|p2b: Raichu
|move|p2a: Basculegion|Wave Crash|p1b: Farigiraf
|-damage|p1b: Farigiraf|0 fnt
|faint|p1b: Farigiraf
|-damage|p2a: Basculegion|41/100|[from] Recoil
|
|-weather|none
|upkeep
|-message|Dandetheheartless forfeited.
|
|win|Thinking Charizard
|raw|Thinking Charizard's rating: 1211 → 1250(+39 for winning)
|raw|Dandetheheartless's rating: 1423 → 1392(-31 for losing)
|l|☆Dandetheheartless
|player|p2|
|c|☆Thinking Charizard|gg
