|j|☆raksbach
|j|☆CeyhunR3
|html|raksbachCeyhunR3    
|uhtml|bestof|Game 1 of a best-of-3
|t:|1783686930
|gametype|doubles
|player|p1|raksbach|169|1110
|player|p2|CeyhunR3|169|1000
|gen|9
|tier|[Gen 9 Champions] VGC 2026 Reg M-B (Bo3)
|rated|
|rule|Species Clause: Limit one of each Pokémon
|rule|Item Clause: Limit 1 of each item
|clearpoke
|poke|p1|Incineroar, L50, F|
|poke|p1|Maushold, L50|
|poke|p1|Sinistcha, L50|
|poke|p1|Sneasler, L50, F|
|poke|p1|Blastoise, L50, M|
|poke|p1|Delphox, L50, M|
|poke|p2|Tyranitar, L50, M|
|poke|p2|Excadrill, L50, F|
|poke|p2|Venusaur, L50, F|
|poke|p2|Staraptor, L50, M|
|poke|p2|Rotom-Wash, L50|
|poke|p2|Houndstone, L50, F|
|teampreview|4
|showteam|p1|Incineroar||SitrusBerry|Intimidate|FakeOut,FlareBlitz,DarkestLariat,PartingShot|Impish||F|||50|]Maushold||ChopleBerry|FriendGuard|SuperFang,FollowMe,Protect,Feint|Impish|||||50|]Sinistcha||OccaBerry|Hospitality|MatchaGotcha,LifeDew,RagePowder,Protect|Bold|||||50|]Sneasler||FocusSash|PoisonTouch|FakeOut,CloseCombat,DireClaw,QuickGuard|Jolly||F|||50|]Blastoise||Blastoisinite|Torrent|WaterSpout,DarkPulse,ShellSmash,Protect|Modest||M|||50|]Delphox||Delphoxite|Blaze|HeatWave,Psychic,NastyPlot,Protect|Timid||M|||50|
|showteam|p2|Tyranitar||ChoiceScarf|SandStream|RockSlide,KnockOff,LowKick,IcePunch|Adamant||M|||50|]Excadrill||FocusSash|SandRush|Earthquake,Protect,RockSlide,IronHead|Adamant||F|||50|]Venusaur||Venusaurite|Overgrow|GigaDrain,EarthPower,SludgeBomb,Protect|Modest||F|||50|]Staraptor||Staraptite|Intimidate|CloseCombat,Protect,Tailwind,BraveBird|Jolly||M|||50|]Rotom-Wash||Magnet|Levitate|HydroPump,Protect,Thunderbolt,VoltSwitch|Modest|||||50|]Houndstone||SitrusBerry|Fluffy|LastRespects,Protect,WillOWisp,AllySwitch|Adamant||F|||50|
|inactive|Battle timer is ON: inactive players will automatically lose when time's up. (requested by raksbach)
|inactive|raksbach has 60 seconds left.
|inactive|CeyhunR3 has 60 seconds left.
|inactive|CeyhunR3 has 30 seconds left.
|
|t:|1783686991
|teamsize|p1|4
|teamsize|p2|4
|start
|switch|p1a: Incineroar|Incineroar, L50, F|100/100
|switch|p1b: Sneasler|Sneasler, L50, F|100/100
|switch|p2a: Staraptor|Staraptor, L50, M|100/100
|switch|p2b: Rotom|Rotom-Wash, L50|100/100
|-ability|p2a: Staraptor|Intimidate|boost
|-unboost|p1a: Incineroar|atk|1
|-unboost|p1b: Sneasler|atk|1
|-ability|p1a: Incineroar|Intimidate|boost
|-unboost|p2a: Staraptor|atk|1
|-unboost|p2b: Rotom|atk|1
|turn|1
|inactive|raksbach has 30 seconds left.
|inactive|CeyhunR3 has 30 seconds left.
|inactive|CeyhunR3 has 20 seconds left.
|
|t:|1783687031
|move|p2a: Staraptor|Protect|p2a: Staraptor
|-singleturn|p2a: Staraptor|Protect
|move|p2b: Rotom|Protect|p2b: Rotom
|-singleturn|p2b: Rotom|Protect
|move|p1b: Sneasler|Fake Out|p2a: Staraptor
|-activate|p2a: Staraptor|move: Protect
|move|p1a: Incineroar|Parting Shot|p2b: Rotom
|-activate|p2b: Rotom|move: Protect
|
|upkeep
|turn|2
|inactive|raksbach has 30 seconds left.
|
|t:|1783687061
|move|p1b: Sneasler|Dire Claw|p2b: Rotom
|-damage|p2b: Rotom|68/100
|move|p2a: Staraptor|Brave Bird|p1b: Sneasler
|-supereffective|p1b: Sneasler|1
|-enditem|p1b: Sneasler|Focus Sash
|-damage|p1b: Sneasler|1/100
|-damage|p2a: Staraptor|73/100|[from] Recoil
|move|p2b: Rotom|Hydro Pump|p1a: Incineroar
|-supereffective|p1a: Incineroar|1
|-damage|p1a: Incineroar|7/100
|-enditem|p1a: Incineroar|Sitrus Berry|[eat]
|-heal|p1a: Incineroar|32/100|[from] item: Sitrus Berry
|move|p1a: Incineroar|Parting Shot|p2b: Rotom
|-unboost|p2b: Rotom|atk|1
|-unboost|p2b: Rotom|spa|1
|
|t:|1783687081
|switch|p1a: Blastoise|Blastoise, L50, M|100/100|[from] Parting Shot
|
|upkeep
|turn|3
|
|t:|1783687103
|detailschange|p2a: Staraptor|Staraptor-Mega, L50, M
|-mega|p2a: Staraptor|Staraptor|Staraptite
|detailschange|p1a: Blastoise|Blastoise-Mega, L50, M
|-mega|p1a: Blastoise|Blastoise|Blastoisinite
|move|p1a: Blastoise|Protect|p1a: Blastoise
|-singleturn|p1a: Blastoise|Protect
|move|p1b: Sneasler|Dire Claw|p2a: Staraptor
|-damage|p2a: Staraptor|50/100y
|-status|p2a: Staraptor|par
|move|p2b: Rotom|Thunderbolt|p1a: Blastoise
|-activate|p1a: Blastoise|move: Protect
|move|p2a: Staraptor|Close Combat|p1a: Blastoise
|-activate|p1a: Blastoise|move: Protect
|
|upkeep
|turn|4
|inactive|raksbach has 30 seconds left.
|inactive|raksbach has 20 seconds left.
|
|t:|1783687142
|switch|p1a: Sinistcha|Sinistcha, L50|100/100
|-heal|p1b: Sneasler|25/100|[from] ability: Hospitality|[of] p1a: Sinistcha
|move|p1b: Sneasler|Dire Claw|p2b: Rotom
|-damage|p2b: Rotom|41/100
|move|p2b: Rotom|Thunderbolt|p1a: Sinistcha
|-resisted|p1a: Sinistcha|1
|-damage|p1a: Sinistcha|84/100
|move|p2a: Staraptor|Close Combat|p1a: Sinistcha
|-immune|p1a: Sinistcha
|
|upkeep
|turn|5
|
|t:|1783687166
|move|p2b: Rotom|Protect|p2b: Rotom
|-singleturn|p2b: Rotom|Protect
|move|p1a: Sinistcha|Protect|p1a: Sinistcha
|-singleturn|p1a: Sinistcha|Protect
|move|p1b: Sneasler|Dire Claw|p2b: Rotom
|-activate|p2b: Rotom|move: Protect
|move|p2a: Staraptor|Brave Bird|p1b: Sneasler
|-supereffective|p1b: Sneasler|1
|-damage|p1b: Sneasler|0 fnt
|faint|p1b: Sneasler
|-damage|p2a: Staraptor|43/100 par|[from] Recoil
|
|upkeep
|
|t:|1783687170
|switch|p1b: Blastoise|Blastoise-Mega, L50, M|100/100
|turn|6
|
|t:|1783687193
|move|p1a: Sinistcha|Rage Powder|p1a: Sinistcha
|-singleturn|p1a: Sinistcha|move: Rage Powder
|move|p1b: Blastoise|Water Spout|p2a: Staraptor|[spread] p2a,p2b
|-resisted|p2b: Rotom|1
|-damage|p2a: Staraptor|0 fnt
|-damage|p2b: Rotom|8/100
|faint|p2a: Staraptor
|move|p2b: Rotom|Thunderbolt|p1a: Sinistcha
|-resisted|p1a: Sinistcha|1
|-damage|p1a: Sinistcha|70/100
|
|upkeep
|
|t:|1783687203
|switch|p2a: Houndstone|Houndstone, L50, F|100/100
|turn|7
|
|t:|1783687226
|move|p1a: Sinistcha|Protect|p1a: Sinistcha
|-singleturn|p1a: Sinistcha|Protect
|move|p1b: Blastoise|Water Spout|p2a: Houndstone|[spread] p2a,p2b
|-resisted|p2b: Rotom|1
|-damage|p2a: Houndstone|17/100
|-damage|p2b: Rotom|0 fnt
|-enditem|p2a: Houndstone|Sitrus Berry|[eat]
|-heal|p2a: Houndstone|42/100|[from] item: Sitrus Berry
|faint|p2b: Rotom
|move|p2a: Houndstone|Last Respects|p1a: Sinistcha
|-activate|p1a: Sinistcha|move: Protect
|
|upkeep
|
|t:|1783687234
|switch|p2b: Tyranitar|Tyranitar, L50, M|100/100
|-weather|Sandstorm|[from] ability: Sand Stream|[of] p2b: Tyranitar
|turn|8
|
|t:|1783687242
|move|p1b: Blastoise|Water Spout|p2b: Tyranitar|[spread] p2a,p2b
|-supereffective|p2b: Tyranitar|1
|-damage|p2a: Houndstone|0 fnt
|-damage|p2b: Tyranitar|24/100
|faint|p2a: Houndstone
|move|p2b: Tyranitar|Ice Punch|p1a: Sinistcha
|-supereffective|p1a: Sinistcha|1
|-damage|p1a: Sinistcha|17/100
|move|p1a: Sinistcha|Matcha Gotcha|p2b: Tyranitar
|-supereffective|p2b: Tyranitar|1
|-damage|p2b: Tyranitar|0 fnt
|-heal|p1a: Sinistcha|32/100|[from] drain|[of] p2b: Tyranitar
|faint|p2b: Tyranitar
|
|win|raksbach
