|j|☆FRattfratz
|j|☆garbageinferno
|html|FRattfratzgarbageinferno    
|uhtml|bestof|Game 3 of a best-of-3
|t:|1785698032
|gametype|doubles
|player|p1|FRattfratz|pokemonrangerf-gen4|
|player|p2|garbageinferno|265|
|gen|9
|tier|[Gen 9 Champions] VGC 2026 Reg M-B (Bo3)
|rule|Species Clause: Limit one of each Pokémon
|rule|Item Clause: Limit 1 of each item
|clearpoke
|poke|p1|Meowstic, L50, M|
|poke|p1|Jolteon, L50, M|
|poke|p1|Basculegion-F, L50, F|
|poke|p1|Weavile, L50, F|
|poke|p1|Sinistcha-Masterpiece, L50|
|poke|p1|Drampa, L50, M|
|poke|p2|Basculegion, L50, M|
|poke|p2|Metagross, L50|
|poke|p2|Swampert, L50, F|
|poke|p2|Klefki, L50, F|
|poke|p2|Pelipper, L50, M|
|poke|p2|Luxray, L50, F|
|teampreview|4
|showteam|p1|Meowstic||Leftovers|Prankster|FakeOut,Reflect,ThunderWave,Thunderbolt|Bold||M|||50|]Jolteon||LifeOrb|VoltAbsorb|Thunderbolt,VoltSwitch,Protect,ShadowBall|Timid||M|||50|]Basculegion-F||ChoiceScarf|Adaptability|ShadowBall,IceBeam,HydroPump,FlipTurn|Timid||F|||50|]Weavile||FocusSash|Pickpocket|TripleAxel,BrickBreak,FakeOut,ThroatChop|Jolly||F|||50|]Sinistcha-Masterpiece||YacheBerry|Hospitality|MatchaGotcha,RagePowder,Protect,ShadowBall|Modest|||||50|]Drampa||SitrusBerry|CloudNine|EnergyBall,Flamethrower,Protect,HelpingHand|Modest||M|||50|
|showteam|p2|Basculegion||SitrusBerry|Adaptability|AquaJet,LastRespects,WaveCrash,Protect|Adamant||M|||50|]Metagross||Metagrossite|ClearBody|BodyPress,IcePunch,MeteorMash,RockSlide|Adamant|||||50|]Swampert||Swampertite|Torrent|HammerArm,Earthquake,Liquidation,Protect|Adamant||F|||50|]Klefki||LightClay|Prankster|DazzlingGleam,LightScreen,Reflect,TrickRoom|Relaxed||F|||50|]Pelipper||FocusSash|Drizzle|Hurricane,WeatherBall,Protect,Tailwind|Modest||M|||50|]Luxray||ExpertBelt|Intimidate|VoltSwitch,IceFang,PlayRough,Superpower|Adamant||F|||50|
|
|t:|1785698053
|teamsize|p1|4
|teamsize|p2|4
|start
|switch|p1a: Sinistcha|Sinistcha-Masterpiece, L50|100/100
|switch|p1b: Drampa|Drampa, L50, M|100/100
|switch|p2a: Four|Klefki, L50, F|100/100
|switch|p2b: Tank|Metagross, L50|100/100
|-ability|p1b: Drampa|Cloud Nine
|turn|1
|
|t:|1785698080
|detailschange|p2b: Tank|Metagross-Mega, L50
|-mega|p2b: Tank|Metagross|Metagrossite
|move|p1b: Drampa|Protect|p1b: Drampa
|-singleturn|p1b: Drampa|Protect
|move|p2a: Four|Light Screen|p2a: Four
|-sidestart|p2: garbageinferno|move: Light Screen
|move|p2b: Tank|Rock Slide|p1b: Drampa|[spread] 
|-activate|p1b: Drampa|move: Protect
|-miss|p2b: Tank|p1a: Sinistcha
|move|p1a: Sinistcha|Shadow Ball|p2b: Tank
|-supereffective|p2b: Tank|1
|-damage|p2b: Tank|50/100g
|
|upkeep
|turn|2
|
|t:|1785698111
|switch|p1b: Meowstic|Meowstic, L50, M|100/100
|move|p2b: Tank|Body Press|p1b: Meowstic
|-resisted|p1b: Meowstic|1
|-damage|p1b: Meowstic|86/100
|move|p1a: Sinistcha|Shadow Ball|p2b: Tank
|-supereffective|p2b: Tank|1
|-damage|p2b: Tank|0 fnt
|faint|p2b: Tank
|move|p2a: Four|Dazzling Gleam|p1b: Meowstic|[spread] p1a,p1b
|-damage|p1a: Sinistcha|79/100
|-damage|p1b: Meowstic|67/100
|
|-heal|p1b: Meowstic|73/100|[from] item: Leftovers
|upkeep
|
|t:|1785698121
|switch|p2b: Plinko|Pelipper, L50, M|100/100
|-weather|RainDance|[from] ability: Drizzle|[of] p2b: Plinko
|turn|3
|
|t:|1785698140
|move|p1b: Meowstic|Fake Out|p2b: Plinko
|-damage|p2b: Plinko|94/100
|move|p1a: Sinistcha|Shadow Ball|p2b: Plinko
|-damage|p2b: Plinko|52/100
|cant|p2b: Plinko|flinch
|move|p2a: Four|Trick Room|p2a: Four
|-fieldstart|move: Trick Room|[of] p2a: Four
|
|-weather|RainDance|[upkeep]
|-heal|p1b: Meowstic|79/100|[from] item: Leftovers
|upkeep
|turn|4
|
|t:|1785698175
|move|p1a: Sinistcha|Protect|p1a: Sinistcha
|-singleturn|p1a: Sinistcha|Protect
|move|p2b: Plinko|Hurricane|p1a: Sinistcha
|-activate|p1a: Sinistcha|move: Protect
|move|p2a: Four|Dazzling Gleam|p1a: Sinistcha|[spread] p1b
|-activate|p1a: Sinistcha|move: Protect
|-damage|p1b: Meowstic|59/100
|move|p1b: Meowstic|Thunderbolt|p2b: Plinko
|-supereffective|p2b: Plinko|2
|-damage|p2b: Plinko|0 fnt
|faint|p2b: Plinko
|
|-weather|RainDance|[upkeep]
|-heal|p1b: Meowstic|65/100|[from] item: Leftovers
|upkeep
|
|t:|1785698185
|switch|p2b: Dunk|Basculegion, L50, M|100/100
|turn|5
|
|t:|1785698209
|move|p1b: Meowstic|Reflect|p1b: Meowstic
|-sidestart|p1: FRattfratz|Reflect
|move|p2a: Four|Dazzling Gleam|p1a: Sinistcha|[spread] p1a,p1b
|-damage|p1a: Sinistcha|58/100
|-damage|p1b: Meowstic|45/100
|move|p1a: Sinistcha|Matcha Gotcha|p2a: Four|[spread] p2a,p2b
|-resisted|p2a: Four|1
|-supereffective|p2b: Dunk|1
|-damage|p2a: Four|85/100
|-heal|p1a: Sinistcha|65/100|[from] drain|[of] p2a: Four
|-damage|p2b: Dunk|60/100
|-heal|p1a: Sinistcha|90/100|[from] drain|[of] p2b: Dunk
|move|p2b: Dunk|Last Respects|p1b: Meowstic
|-supereffective|p1b: Meowstic|1
|-damage|p1b: Meowstic|0 fnt
|faint|p1b: Meowstic
|
|-weather|RainDance|[upkeep]
|upkeep
|
|t:|1785698225
|switch|p1b: Weavile|Weavile, L50, F|100/100
|turn|6
|
|t:|1785698245
|move|p2a: Four|Dazzling Gleam|p1b: Weavile|[spread] p1a,p1b
|-supereffective|p1b: Weavile|1
|-damage|p1a: Sinistcha|67/100
|-damage|p1b: Weavile|46/100
|move|p1a: Sinistcha|Shadow Ball|p2b: Dunk
|-supereffective|p2b: Dunk|1
|-crit|p2b: Dunk
|-damage|p2b: Dunk|0 fnt
|faint|p2b: Dunk
|move|p1b: Weavile|Throat Chop|p2a: Four
|-resisted|p2a: Four|1
|-damage|p2a: Four|68/100
|-start|p2a: Four|Throat Chop|[silent]
|
|-weather|RainDance|[upkeep]
|upkeep
|turn|7
|
|t:|1785698262
|move|p2a: Four|Dazzling Gleam|p1b: Weavile|[spread] p1a,p1b
|-supereffective|p1b: Weavile|1
|-damage|p1a: Sinistcha|45/100
|-damage|p1b: Weavile|0 fnt
|faint|p1b: Weavile
|move|p1a: Sinistcha|Shadow Ball|p2a: Four
|-damage|p2a: Four|29/100
|
|-weather|none
|-end|p2a: Four|Throat Chop|[silent]
|-fieldend|move: Trick Room
|upkeep
|
|t:|1785698270
|switch|p1b: Drampa|Drampa, L50, M|100/100
|-ability|p1b: Drampa|Cloud Nine
|turn|8
|
|t:|1785698277
|move|p1a: Sinistcha|Shadow Ball|p2a: Four
|-damage|p2a: Four|0 fnt
|faint|p2a: Four
|
|win|FRattfratz
|c|☆garbageinferno|gg
|l|☆garbageinferno
|player|p2|
|j|☆garbageinferno
|player|p2|garbageinferno|265|
