|j|☆jagheter
|j|☆pimi19
|html|jagheterpimi19    
|uhtml|bestof|Game 1 of a best-of-3
|t:|1756448100
|gametype|doubles
|player|p1|jagheter|worker|1115
|player|p2|pimi19|101|1126
|gen|9
|tier|[Gen 9] VGC 2025 Reg H (Bo3)
|rated|
|rule|Species Clause: Limit one of each Pokémon
|rule|Item Clause: Limit 1 of each item
|clearpoke
|poke|p1|Venusaur, L50, F|
|poke|p1|Volcarona, L50, F|
|poke|p1|Incineroar, L50, M|
|poke|p1|Grimmsnarl, L50, M|
|poke|p1|Dondozo, L50, M|
|poke|p1|Rillaboom, L50, F|
|poke|p2|Ninetales-Alola, L50, F|
|poke|p2|Gholdengo, L50|
|poke|p2|Rillaboom, L50, M|
|poke|p2|Incineroar, L50, F|
|poke|p2|Dragonite, L50, M|
|poke|p2|Sneasler, L50, F|
|teampreview|4
|showteam|p1|Venusaur||WideLens|Chlorophyll|SleepPowder,Protect,SludgeBomb,EarthPower|||F|||50|,,,,,Ghost]Volcarona||CovertCloak|FlameBody|FieryDance,GigaDrain,QuiverDance,Protect|||F|||50|,,,,,Dragon]Incineroar||MirrorHerb|Intimidate|FakeOut,KnockOff,Taunt,FlareBlitz|||M|||50|,,,,,Ghost]Grimmsnarl||BlackGlasses|Prankster|Reflect,LightScreen,SpiritBreak,SuckerPunch|||M|||50|,,,,,Dark]Dondozo||Leftovers|Unaware|Fissure,Protect,Liquidation,Yawn|||M|||50|,,,,,Ghost]Rillaboom||AssaultVest|GrassySurge|FakeOut,WoodHammer,GrassyGlide,Uturn|||F|||50|,,,,,Fire
|showteam|p2|Ninetales-Alola||CovertCloak|SnowWarning|Blizzard,Moonblast,AuroraVeil,Protect|||F|||50|,,,,,Ghost]Gholdengo||Leftovers|GoodasGold|ShadowBall,MakeItRain,NastyPlot,Protect||||||50|,,,,,Fairy]Rillaboom||AssaultVest|GrassySurge|WoodHammer,GrassyGlide,Uturn,FakeOut|||M|||50|,,,,,Fire]Incineroar||SafetyGoggles|Intimidate|PartingShot,KnockOff,FlareBlitz,FakeOut|||F|||50|,,,,,Bug]Dragonite||LoadedDice|Multiscale|ScaleShot,Tailwind,Haze,Protect|||M|||50|,,,,,Flying]Sneasler||FocusSash|PoisonTouch|ThroatChop,DireClaw,CloseCombat,Protect|||F|||50|,,,,,Dark
|
|t:|1756448184
|teamsize|p1|4
|teamsize|p2|4
|start
|switch|p1a: Incineroar|Incineroar, L50, M, shiny|100/100
|switch|p1b: Volcarona|Volcarona, L50, F, shiny|100/100
|switch|p2a: Gholdengo|Gholdengo, L50|100/100
|switch|p2b: Incineroar|Incineroar, L50, F|100/100
|-ability|p1a: Incineroar|Intimidate|boost
|-unboost|p2a: Gholdengo|atk|1
|-unboost|p2b: Incineroar|atk|1
|-ability|p2b: Incineroar|Intimidate|boost
|-unboost|p1a: Incineroar|atk|1
|-unboost|p1b: Volcarona|atk|1
|turn|1
|
|t:|1756448203
|-terastallize|p2a: Gholdengo|Fairy
|move|p1a: Incineroar|Fake Out|p2b: Incineroar
|-damage|p2b: Incineroar|95/100
|move|p1b: Volcarona|Quiver Dance|p1b: Volcarona
|-boost|p1b: Volcarona|spa|1
|-boost|p1b: Volcarona|spd|1
|-boost|p1b: Volcarona|spe|1
|move|p2a: Gholdengo|Nasty Plot|p2a: Gholdengo
|-boost|p2a: Gholdengo|spa|2
|-enditem|p1a: Incineroar|Mirror Herb
|-boost|p1a: Incineroar|spa|2|[from] item: Mirror Herb
|cant|p2b: Incineroar|flinch
|
|upkeep
|turn|2
|
|t:|1756448218
|move|p1b: Volcarona|Protect|p1b: Volcarona
|-singleturn|p1b: Volcarona|Protect
|move|p2a: Gholdengo|Protect|p2a: Gholdengo
|-singleturn|p2a: Gholdengo|Protect
|move|p1a: Incineroar|Flare Blitz|p2a: Gholdengo
|-activate|p2a: Gholdengo|move: Protect
|move|p2b: Incineroar|Parting Shot|p1b: Volcarona
|-activate|p1b: Volcarona|move: Protect
|
|upkeep
|turn|3
|
|t:|1756448242
|switch|p1a: Grimmsnarl|Grimmsnarl, L50, M, shiny|100/100
|move|p1b: Volcarona|Quiver Dance|p1b: Volcarona
|-boost|p1b: Volcarona|spa|1
|-boost|p1b: Volcarona|spd|1
|-boost|p1b: Volcarona|spe|1
|move|p2a: Gholdengo|Shadow Ball|p1b: Volcarona
|-damage|p1b: Volcarona|66/100
|move|p2b: Incineroar|Parting Shot|p1b: Volcarona
|-unboost|p1b: Volcarona|atk|1
|-unboost|p1b: Volcarona|spa|1
|
|t:|1756448252
|switch|p2b: Dragonite|Dragonite, L50, M|100/100|[from] Parting Shot
|
|upkeep
|turn|4
|
|t:|1756448289
|-terastallize|p1a: Grimmsnarl|Dark
|move|p1a: Grimmsnarl|Light Screen|p1a: Grimmsnarl
|-sidestart|p1: jagheter|move: Light Screen
|move|p1b: Volcarona|Fiery Dance|p2a: Gholdengo
|-damage|p2a: Gholdengo|53/100
|move|p2b: Dragonite|Haze|p2b: Dragonite
|-clearallboost
|move|p2a: Gholdengo|Make It Rain|p1a: Grimmsnarl|[spread] p1a,p1b
|-resisted|p1b: Volcarona
|-damage|p1a: Grimmsnarl|65/100
|-damage|p1b: Volcarona|52/100
|-unboost|p2a: Gholdengo|spa|1
|
|-heal|p2a: Gholdengo|58/100|[from] item: Leftovers
|upkeep
|turn|5
|
|t:|1756448305
|switch|p2a: Incineroar|Incineroar, L50, F|95/100
|-ability|p2a: Incineroar|Intimidate|boost
|-unboost|p1a: Grimmsnarl|atk|1
|-unboost|p1b: Volcarona|atk|1
|move|p1b: Volcarona|Fiery Dance|p2b: Dragonite
|-resisted|p2b: Dragonite
|-damage|p2b: Dragonite|91/100
|move|p2b: Dragonite|Scale Shot|p1a: Grimmsnarl
|-damage|p1a: Grimmsnarl|50/100
|-crit|p1a: Grimmsnarl
|-damage|p1a: Grimmsnarl|26/100
|-damage|p1a: Grimmsnarl|12/100
|-damage|p1a: Grimmsnarl|0 fnt
|faint|p1a: Grimmsnarl
|-hitcount|p1: Grimmsnarl|4
|-unboost|p2b: Dragonite|def|1
|-boost|p2b: Dragonite|spe|1
|
|upkeep
|
|t:|1756448321
|switch|p1a: Incineroar|Incineroar, L50, M, shiny|100/100
|-ability|p1a: Incineroar|Intimidate|boost
|-unboost|p2a: Incineroar|atk|1
|-unboost|p2b: Dragonite|atk|1
|turn|6
|
|t:|1756448337
|switch|p1b: Dondozo|Dondozo, L50, M, shiny|100/100
|move|p2b: Dragonite|Tailwind|p2b: Dragonite
|-sidestart|p2: pimi19|move: Tailwind
|move|p2a: Incineroar|Flare Blitz|p1b: Dondozo
|-resisted|p1b: Dondozo
|-damage|p1b: Dondozo|89/100
|-damage|p2a: Incineroar|90/100|[from] Recoil
|move|p1a: Incineroar|Knock Off|p2b: Dragonite
|-damage|p2b: Dragonite|31/100
|-enditem|p2b: Dragonite|Loaded Dice|[from] move: Knock Off|[of] p1a: Incineroar
|
|-heal|p1b: Dondozo|95/100|[from] item: Leftovers
|upkeep
|turn|7
|
|t:|1756448358
|switch|p2a: Rillaboom|Rillaboom, L50, M|100/100
|-fieldstart|move: Grassy Terrain|[from] ability: Grassy Surge|[of] p2a: Rillaboom
|move|p2b: Dragonite|Scale Shot|p1a: Incineroar|[miss]
|-miss|p2b: Dragonite|p1a: Incineroar
|move|p1a: Incineroar|Knock Off|p2b: Dragonite
|-damage|p2b: Dragonite|0 fnt
|faint|p2b: Dragonite
|move|p1b: Dondozo|Liquidation|p2a: Rillaboom
|-resisted|p2a: Rillaboom
|-damage|p2a: Rillaboom|85/100
|-unboost|p2a: Rillaboom|def|1
|
|-heal|p2a: Rillaboom|91/100|[from] Grassy Terrain
|-heal|p1b: Dondozo|100/100|[from] Grassy Terrain
|upkeep
|
|t:|1756448369
|switch|p2b: Incineroar|Incineroar, L50, F|90/100
|-ability|p2b: Incineroar|Intimidate|boost
|-unboost|p1a: Incineroar|atk|1
|-unboost|p1b: Dondozo|atk|1
|turn|8
|
|t:|1756448397
|switch|p1a: Volcarona|Volcarona, L50, F, shiny|52/100
|move|p1b: Dondozo|Protect|p1b: Dondozo
|-singleturn|p1b: Dondozo|Protect
|move|p2a: Rillaboom|U-turn|p1a: Volcarona
|-resisted|p1a: Volcarona
|-damage|p1a: Volcarona|39/100
|-status|p2a: Rillaboom|brn|[from] ability: Flame Body|[of] p1a: Volcarona
|
|t:|1756448403
|switch|p2a: Gholdengo|Gholdengo, L50, tera:Fairy|58/100|[from] U-turn
|move|p2b: Incineroar|Parting Shot|p1a: Volcarona
|-unboost|p1a: Volcarona|atk|1
|-unboost|p1a: Volcarona|spa|1
|
|t:|1756448409
|switch|p2b: Rillaboom|Rillaboom, L50, M|91/100 brn|[from] Parting Shot
|
|-heal|p2b: Rillaboom|97/100 brn|[from] Grassy Terrain
|-heal|p2a: Gholdengo|64/100|[from] Grassy Terrain
|-heal|p2a: Gholdengo|70/100|[from] item: Leftovers
|-heal|p1a: Volcarona|45/100|[from] Grassy Terrain
|-damage|p2b: Rillaboom|91/100 brn|[from] brn
|-sideend|p1: jagheter|move: Light Screen
|upkeep
|turn|9
|
|t:|1756448417
|switch|p1a: Incineroar|Incineroar, L50, M, shiny|100/100
|-ability|p1a: Incineroar|Intimidate|boost
|-unboost|p2a: Gholdengo|atk|1
|-unboost|p2b: Rillaboom|atk|1
|move|p2b: Rillaboom|Wood Hammer|p1b: Dondozo
|-supereffective|p1b: Dondozo
|-damage|p1b: Dondozo|64/100
|-damage|p2b: Rillaboom|77/100 brn|[from] Recoil
|move|p2a: Gholdengo|Shadow Ball|p1a: Incineroar
|-resisted|p1a: Incineroar
|-damage|p1a: Incineroar|81/100
|move|p1b: Dondozo|Liquidation|p2a: Gholdengo
|-damage|p2a: Gholdengo|51/100
|
|-heal|p2b: Rillaboom|83/100 brn|[from] Grassy Terrain
|-heal|p2a: Gholdengo|57/100|[from] Grassy Terrain
|-heal|p2a: Gholdengo|63/100|[from] item: Leftovers
|-heal|p1a: Incineroar|87/100|[from] Grassy Terrain
|-heal|p1b: Dondozo|70/100|[from] Grassy Terrain
|-heal|p1b: Dondozo|77/100|[from] item: Leftovers
|-damage|p2b: Rillaboom|77/100 brn|[from] brn
|-sideend|p2: pimi19|move: Tailwind
|upkeep
|turn|10
|
|t:|1756448438
|switch|p2a: Incineroar|Incineroar, L50, F|90/100
|-ability|p2a: Incineroar|Intimidate|boost
|-unboost|p1a: Incineroar|atk|1
|-unboost|p1b: Dondozo|atk|1
|move|p2b: Rillaboom|Wood Hammer|p1b: Dondozo
|-supereffective|p1b: Dondozo
|-damage|p1b: Dondozo|38/100
|-damage|p2b: Rillaboom|61/100 brn|[from] Recoil
|move|p1a: Incineroar|Flare Blitz|p2a: Incineroar
|-resisted|p2a: Incineroar
|-damage|p2a: Incineroar|77/100
|-damage|p1a: Incineroar|82/100|[from] Recoil
|move|p1b: Dondozo|Fissure|p2b: Rillaboom|[miss]
|-miss|p1b: Dondozo|p2b: Rillaboom
|
|-heal|p2b: Rillaboom|67/100 brn|[from] Grassy Terrain
|-heal|p1a: Incineroar|88/100|[from] Grassy Terrain
|-heal|p2a: Incineroar|83/100|[from] Grassy Terrain
|-heal|p1b: Dondozo|44/100|[from] Grassy Terrain
|-heal|p1b: Dondozo|50/100|[from] item: Leftovers
|-damage|p2b: Rillaboom|61/100 brn|[from] brn
|upkeep
|turn|11
|
|t:|1756448461
|switch|p1a: Volcarona|Volcarona, L50, F, shiny|45/100
|move|p1b: Dondozo|Protect|p1b: Dondozo
|-singleturn|p1b: Dondozo|Protect
|move|p2b: Rillaboom|Wood Hammer|p1b: Dondozo
|-activate|p1b: Dondozo|move: Protect
|move|p2a: Incineroar|Parting Shot|p1a: Volcarona
|-unboost|p1a: Volcarona|atk|1
|-unboost|p1a: Volcarona|spa|1
|
|t:|1756448468
|switch|p2a: Gholdengo|Gholdengo, L50, tera:Fairy|63/100|[from] Parting Shot
|
|-heal|p1a: Volcarona|51/100|[from] Grassy Terrain
|-heal|p2b: Rillaboom|67/100 brn|[from] Grassy Terrain
|-heal|p2a: Gholdengo|68/100|[from] Grassy Terrain
|-heal|p2a: Gholdengo|74/100|[from] item: Leftovers
|-heal|p1b: Dondozo|57/100|[from] Grassy Terrain
|-heal|p1b: Dondozo|63/100|[from] item: Leftovers
|-damage|p2b: Rillaboom|61/100 brn|[from] brn
|-fieldend|move: Grassy Terrain
|upkeep
|turn|12
|
|t:|1756448481
|move|p1a: Volcarona|Fiery Dance|p2a: Gholdengo
|-damage|p2a: Gholdengo|49/100
|-boost|p1a: Volcarona|spa|1
|move|p2b: Rillaboom|U-turn|p1b: Dondozo
|-damage|p1b: Dondozo|57/100
|
|t:|1756448487
|switch|p2b: Incineroar|Incineroar, L50, F|83/100|[from] U-turn
|-ability|p2b: Incineroar|Intimidate|boost
|-unboost|p1a: Volcarona|atk|1
|-unboost|p1b: Dondozo|atk|1
|move|p2a: Gholdengo|Nasty Plot|p2a: Gholdengo
|-boost|p2a: Gholdengo|spa|2
|move|p1b: Dondozo|Liquidation|p2a: Gholdengo
|-damage|p2a: Gholdengo|37/100
|
|-heal|p2a: Gholdengo|43/100|[from] item: Leftovers
|-heal|p1b: Dondozo|63/100|[from] item: Leftovers
|upkeep
|turn|13
|
|t:|1756448508
|move|p1a: Volcarona|Fiery Dance|p2a: Gholdengo
|-damage|p2a: Gholdengo|7/100
|move|p2a: Gholdengo|Make It Rain|p1a: Volcarona|[spread] p1a,p1b
|-resisted|p1a: Volcarona
|-resisted|p1b: Dondozo
|-damage|p1a: Volcarona|13/100
|-damage|p1b: Dondozo|45/100
|-unboost|p2a: Gholdengo|spa|1
|move|p2b: Incineroar|Knock Off|p1b: Dondozo
|-crit|p1b: Dondozo
|-damage|p1b: Dondozo|15/100
|-enditem|p1b: Dondozo|Leftovers|[from] move: Knock Off|[of] p2b: Incineroar
|move|p1b: Dondozo|Yawn|p2b: Incineroar
|-start|p2b: Incineroar|move: Yawn|[of] p1b: Dondozo
|
|-heal|p2a: Gholdengo|13/100|[from] item: Leftovers
|upkeep
|turn|14
|
|t:|1756448531
|move|p1a: Volcarona|Fiery Dance|p2a: Gholdengo
|-damage|p2a: Gholdengo|0 fnt
|faint|p2a: Gholdengo
|move|p2b: Incineroar|Parting Shot|p1a: Volcarona
|-unboost|p1a: Volcarona|atk|1
|-unboost|p1a: Volcarona|spa|1
|
|t:|1756448533
|switch|p2b: Rillaboom|Rillaboom, L50, M|61/100 brn|[from] Parting Shot
|-fieldstart|move: Grassy Terrain|[from] ability: Grassy Surge|[of] p2b: Rillaboom
|move|p1b: Dondozo|Liquidation|p2b: Rillaboom
|-resisted|p2b: Rillaboom
|-damage|p2b: Rillaboom|55/100 brn
|
|-heal|p1a: Volcarona|19/100|[from] Grassy Terrain
|-heal|p2b: Rillaboom|61/100 brn|[from] Grassy Terrain
|-heal|p1b: Dondozo|22/100|[from] Grassy Terrain
|-damage|p2b: Rillaboom|55/100 brn|[from] brn
|upkeep
|
|t:|1756448538
|switch|p2a: Incineroar|Incineroar, L50, F|83/100
|-ability|p2a: Incineroar|Intimidate|boost
|-unboost|p1a: Volcarona|atk|1
|-unboost|p1b: Dondozo|atk|1
|turn|15
|
|t:|1756448552
|switch|p1a: Incineroar|Incineroar, L50, M, shiny|88/100
|-ability|p1a: Incineroar|Intimidate|boost
|-unboost|p2a: Incineroar|atk|1
|-unboost|p2b: Rillaboom|atk|1
|move|p1b: Dondozo|Protect|p1b: Dondozo
|-singleturn|p1b: Dondozo|Protect
|move|p2b: Rillaboom|Wood Hammer|p1b: Dondozo
|-activate|p1b: Dondozo|move: Protect
|move|p2a: Incineroar|Flare Blitz|p1a: Incineroar
|-resisted|p1a: Incineroar
|-damage|p1a: Incineroar|73/100
|-damage|p2a: Incineroar|78/100|[from] Recoil
|
|-heal|p2b: Rillaboom|61/100 brn|[from] Grassy Terrain
|-heal|p1a: Incineroar|79/100|[from] Grassy Terrain
|-heal|p2a: Incineroar|84/100|[from] Grassy Terrain
|-heal|p1b: Dondozo|28/100|[from] Grassy Terrain
|-damage|p2b: Rillaboom|55/100 brn|[from] brn
|upkeep
|turn|16
|inactive|Battle timer is ON: inactive players will automatically lose when time's up. (requested by pimi19)
|
|t:|1756448571
|switch|p1b: Volcarona|Volcarona, L50, F, shiny|19/100
|move|p1a: Incineroar|Fake Out|p2b: Rillaboom
|-damage|p2b: Rillaboom|41/100 brn
|cant|p2b: Rillaboom|flinch
|move|p2a: Incineroar|Flare Blitz|p1b: Volcarona
|-damage|p1b: Volcarona|0 fnt
|faint|p1b: Volcarona
|-damage|p2a: Incineroar|78/100|[from] Recoil
|
|-heal|p2b: Rillaboom|47/100 brn|[from] Grassy Terrain
|-heal|p1a: Incineroar|85/100|[from] Grassy Terrain
|-heal|p2a: Incineroar|84/100|[from] Grassy Terrain
|-damage|p2b: Rillaboom|41/100 brn|[from] brn
|upkeep
|
|t:|1756448579
|switch|p1b: Dondozo|Dondozo, L50, M, shiny|28/100
|turn|17
|
|t:|1756448587
|move|p1b: Dondozo|Protect|p1b: Dondozo
|-singleturn|p1b: Dondozo|Protect
|move|p2b: Rillaboom|Wood Hammer|p1a: Incineroar
|-resisted|p1a: Incineroar
|-damage|p1a: Incineroar|74/100
|-damage|p2b: Rillaboom|37/100 brn|[from] Recoil
|move|p1a: Incineroar|Flare Blitz|p2b: Rillaboom
|-supereffective|p2b: Rillaboom
|-damage|p2b: Rillaboom|0 fnt
|faint|p2b: Rillaboom
|-damage|p1a: Incineroar|62/100|[from] Recoil
|move|p2a: Incineroar|Parting Shot|p1a: Incineroar
|-unboost|p1a: Incineroar|atk|1
|-unboost|p1a: Incineroar|spa|1
|
|-heal|p1a: Incineroar|68/100|[from] Grassy Terrain
|-heal|p2a: Incineroar|90/100|[from] Grassy Terrain
|-heal|p1b: Dondozo|34/100|[from] Grassy Terrain
|upkeep
|turn|18
|
|t:|1756448610
|move|p1a: Incineroar|Knock Off|p2a: Incineroar
|-resisted|p2a: Incineroar
|-damage|p2a: Incineroar|79/100
|-enditem|p2a: Incineroar|Safety Goggles|[from] move: Knock Off|[of] p1a: Incineroar
|move|p2a: Incineroar|Knock Off|p1b: Dondozo
|-damage|p1b: Dondozo|22/100
|move|p1b: Dondozo|Yawn|p2a: Incineroar
|-start|p2a: Incineroar|move: Yawn|[of] p1b: Dondozo
|
|-heal|p1a: Incineroar|74/100|[from] Grassy Terrain
|-heal|p2a: Incineroar|85/100|[from] Grassy Terrain
|-heal|p1b: Dondozo|28/100|[from] Grassy Terrain
|-fieldend|move: Grassy Terrain
|upkeep
|turn|19
|
|t:|1756448620
|move|p1a: Incineroar|Knock Off|p2a: Incineroar
|-resisted|p2a: Incineroar
|-damage|p2a: Incineroar|78/100
|move|p2a: Incineroar|Flare Blitz|p1a: Incineroar
|-resisted|p1a: Incineroar
|-damage|p1a: Incineroar|58/100
|-damage|p2a: Incineroar|73/100|[from] Recoil
|move|p1b: Dondozo|Liquidation|p2a: Incineroar
|-supereffective|p2a: Incineroar
|-damage|p2a: Incineroar|33/100
|
|-end|p2a: Incineroar|move: Yawn|[silent]
|-status|p2a: Incineroar|slp
|upkeep
|turn|20
|
|t:|1756448638
|move|p1a: Incineroar|Knock Off|p2a: Incineroar
|-resisted|p2a: Incineroar
|-damage|p2a: Incineroar|26/100 slp
|cant|p2a: Incineroar|slp
|move|p1b: Dondozo|Liquidation|p2a: Incineroar
|-supereffective|p2a: Incineroar
|-damage|p2a: Incineroar|0 fnt
|faint|p2a: Incineroar
|
|win|jagheter
||pimi19 is ready for game 2.
