|j|☆Sunside
|j|☆Arman136821
|html|SunsideArman136821    
|uhtml|bestof|Game 3 of a best-of-3
|t:|1785673162
|gametype|doubles
|player|p1|Sunside|pokemonbreeder-gen4|1173
|player|p2|Arman136821|benga|1110
|gen|9
|tier|[Gen 9 Champions] VGC 2026 Reg M-B (Bo3)
|rated|
|rule|Species Clause: Limit one of each Pokémon
|rule|Item Clause: Limit 1 of each item
|clearpoke
|poke|p1|Dragapult, L50, M|
|poke|p1|Ninetales-Alola, L50, M|
|poke|p1|Lycanroc-Dusk, L50, M|
|poke|p1|Kingambit, L50, F|
|poke|p1|Scovillain, L50, M|
|poke|p1|Raichu, L50, F|
|poke|p2|Blaziken, L50, M|
|poke|p2|Torkoal, L50, M|
|poke|p2|Maushold-Four, L50|
|poke|p2|Basculegion, L50, M|
|poke|p2|Incineroar, L50, F|
|poke|p2|Floette-Eternal, L50, F|
|teampreview|4
|showteam|p1|Dragapult||DragonFang|ClearBody|DragonDance,DragonDarts,PhantomForce,Protect|Jolly||M|||50|]Ninetales-Alola||NeverMeltIce|SnowWarning|Blizzard,FreezeDry,AuroraVeil,Protect|Timid||M|||50|]Lycanroc-Dusk||FocusSash|ToughClaws|RockSlide,CloseCombat,Accelerock,Protect|Jolly||M|||50|]Kingambit||LifeOrb|Defiant|KowtowCleave,IronHead,SuckerPunch,Protect|Adamant||F|||50|]Scovillain||Scovillainite|Moody|RagePowder,Overheat,GigaDrain,Protect|Bold||M|||50|]Raichu||RaichuniteY|Static|FakeOut,ZapCannon,FocusBlast,Protect|Timid||F|||50|
|showteam|p2|Blaziken||Blazikenite|SpeedBoost|CloseCombat,FlareBlitz,ThunderPunch,Protect|Adamant||M|||50|]Torkoal||QuickClaw|Drought|Eruption,LavaPlume,EarthPower,SolarBeam|Modest||M|||50|]Maushold-Four||WideLens|Technician|PopulationBomb,BulletSeed,ShadowClaw,FollowMe|Adamant|||||50|]Basculegion||MysticWater|Adaptability|LastRespects,IceFang,AquaJet,WaveCrash|Jolly||M|||50|]Incineroar||Leftovers|Intimidate|FakeOut,CloseCombat,ThroatChop,FlareBlitz|Adamant||F|||50|]Floette-Eternal||Floettite|FlowerVeil|LightofRuin,DazzlingGleam,Protect,Psychic|Modest||F|||50|
|inactive|Battle timer is ON: inactive players will automatically lose when time's up. (requested by Arman136821)
|
|t:|1785673171
|teamsize|p1|4
|teamsize|p2|4
|start
|switch|p1a: Dragapult|Dragapult, L50, M|100/100
|switch|p1b: Lycanroc|Lycanroc-Dusk, L50, M|100/100
|switch|p2a: Blaziken|Blaziken, L50, M|100/100
|switch|p2b: Torkoal|Torkoal, L50, M|100/100
|-weather|SunnyDay|[from] ability: Drought|[of] p2b: Torkoal
|turn|1
|inactive|Arman136821 has 30 seconds left.
|
|t:|1785673201
|detailschange|p2a: Blaziken|Blaziken-Mega, L50, M
|-mega|p2a: Blaziken|Blaziken|Blazikenite
|move|p1a: Dragapult|Dragon Darts|p2a: Blaziken
|-damage|p2a: Blaziken|59/100
|-anim|p1a: Dragapult|Dragon Darts|p2b: Torkoal
|-damage|p2b: Torkoal|77/100
|move|p1b: Lycanroc|Rock Slide|p2b: Torkoal|[spread] p2a
|-miss|p1b: Lycanroc|p2b: Torkoal
|-damage|p2a: Blaziken|21/100
|cant|p2a: Blaziken|flinch
|move|p2b: Torkoal|Solar Beam||[still]
|-prepare|p2b: Torkoal|Solar Beam
|-anim|p2b: Torkoal|Solar Beam|p1b: Lycanroc
|-supereffective|p1b: Lycanroc|1
|-enditem|p1b: Lycanroc|Focus Sash
|-damage|p1b: Lycanroc|1/100
|
|-weather|SunnyDay|[upkeep]
|-ability|p2a: Blaziken|Speed Boost|boost
|-boost|p2a: Blaziken|spe|1
|upkeep
|turn|2
|
|t:|1785673222
|move|p2a: Blaziken|Protect|p2a: Blaziken
|-singleturn|p2a: Blaziken|Protect
|move|p1b: Lycanroc|Accelerock|p2b: Torkoal
|-supereffective|p2b: Torkoal|1
|-damage|p2b: Torkoal|38/100
|move|p1a: Dragapult|Dragon Dance|p1a: Dragapult
|-boost|p1a: Dragapult|atk|1
|-boost|p1a: Dragapult|spe|1
|move|p2b: Torkoal|Lava Plume|p1a: Dragapult|[spread] p1a,p1b
|-activate|p2a: Blaziken|move: Protect
|-resisted|p1a: Dragapult|1
|-resisted|p1b: Lycanroc|1
|-crit|p1b: Lycanroc
|-damage|p1a: Dragapult|73/100
|-damage|p1b: Lycanroc|0 fnt
|faint|p1b: Lycanroc
|
|-weather|SunnyDay|[upkeep]
|-ability|p2a: Blaziken|Speed Boost|boost
|-boost|p2a: Blaziken|spe|1
|upkeep
|
|t:|1785673239
|switch|p1b: Ninetales|Ninetales-Alola, L50, M|100/100
|-weather|Snowscape|[from] ability: Snow Warning|[of] p1b: Ninetales
|turn|3
|
|t:|1785673251
|switch|p1b: Scovillain|Scovillain, L50, M|100/100
|move|p2a: Blaziken|Flare Blitz|p1b: Scovillain
|-damage|p1b: Scovillain|26/100
|-damage|p2a: Blaziken|0 fnt|[from] Recoil
|faint|p2a: Blaziken
|move|p1a: Dragapult|Dragon Darts|p2b: Torkoal
|-damage|p2b: Torkoal|6/100
|-anim|p1a: Dragapult|Dragon Darts|p2b: Torkoal
|-damage|p2b: Torkoal|0 fnt
|faint|p2b: Torkoal
|
|-weather|Snowscape|[upkeep]
|-ability|p1b: Scovillain|Moody|boost
|-boost|p1b: Scovillain|spe|2
|-unboost|p1b: Scovillain|spd|1
|upkeep
|
|t:|1785673269
|switch|p2a: Basculegion|Basculegion, L50, M|100/100
|switch|p2b: Maushold|Maushold-Four, L50|100/100
|turn|4
|
|t:|1785673280
|detailschange|p1b: Scovillain|Scovillain-Mega, L50, M
|-mega|p1b: Scovillain|Scovillain|Scovillainite
|move|p1a: Dragapult|Dragon Darts|p2a: Basculegion
|-damage|p2a: Basculegion|47/100
|-anim|p1a: Dragapult|Dragon Darts|p2b: Maushold
|-damage|p2b: Maushold|33/100
|move|p1b: Scovillain|Giga Drain|p2a: Basculegion
|-supereffective|p2a: Basculegion|1
|-damage|p2a: Basculegion|0 fnt
|-heal|p1b: Scovillain|54/100|[from] drain|[of] p2a: Basculegion
|faint|p2a: Basculegion
|move|p2b: Maushold|Population Bomb|p1b: Scovillain
|-damage|p1b: Scovillain|43/100
|-status|p2b: Maushold|brn|[from] ability: Spicy Spray|[of] p1b: Scovillain
|-damage|p1b: Scovillain|38/100
|-damage|p1b: Scovillain|33/100
|-damage|p1b: Scovillain|27/100
|-damage|p1b: Scovillain|23/100
|-damage|p1b: Scovillain|17/100
|-damage|p1b: Scovillain|12/100
|-damage|p1b: Scovillain|6/100
|-damage|p1b: Scovillain|1/100
|-crit|p1b: Scovillain
|-damage|p1b: Scovillain|0 fnt
|faint|p1b: Scovillain
|-hitcount|p1: Scovillain|10
|
|-weather|Snowscape|[upkeep]
|-damage|p2b: Maushold|27/100 brn|[from] brn
|upkeep
|
|t:|1785673288
|switch|p1b: Ninetales|Ninetales-Alola, L50, M|100/100
|turn|5
|-message|Arman136821 forfeited.
|raw|Sunside's rating: 1173 → 1194(+21 for winning)
|raw|Arman136821's rating: 1110 → 1089(-21 for losing)
|
|win|Sunside
|l|☆Arman136821
|player|p2|
