|j|☆Liebynight01
|j|☆Fayz Sharpie
|html|Liebynight01Fayz Sharpie    
|uhtml|bestof|Game 2 of a best-of-3
|t:|1783946839
|gametype|doubles
|player|p1|Liebynight01|pokemonranger|
|player|p2|Fayz Sharpie|koga|
|gen|9
|tier|[Gen 9 Champions] VGC 2026 Reg M-B (Bo3)
|rule|Species Clause: Limit one of each Pokémon
|rule|Item Clause: Limit 1 of each item
|clearpoke
|poke|p1|Tinkaton, L50, F|
|poke|p1|Farigiraf, L50, F|
|poke|p1|Golurk, L50|
|poke|p1|Milotic, L50, F|
|poke|p1|Scovillain, L50, F|
|poke|p1|Hatterene, L50, F|
|poke|p2|Charizard, L50, F|
|poke|p2|Vileplume, L50, M|
|poke|p2|Scrafty, L50, F|
|poke|p2|Aerodactyl, L50, F|
|poke|p2|Cofagrigus, L50, M|
|poke|p2|Raichu, L50, F|
|teampreview|4
|showteam|p1|Tinkaton||OccaBerry|MoldBreaker|GigatonHammer,FakeOut,KnockOff,ThunderWave|Impish||F|||50|]Farigiraf||SitrusBerry|ArmorTail|Psychic,TrickRoom,Thunderbolt,LightScreen|Sassy||F|||50|]Golurk||Golurkite|IronFist|CloseCombat,HeadlongRush,Poltergeist,Protect|Adamant|||||50|]Milotic||Leftovers|MarvelScale|Coil,Recover,Scald,Hypnosis|Calm||F|||50|]Scovillain||Scovillainite|Chlorophyll|LeechSeed,GigaDrain,RagePowder,Flamethrower|Calm||F|||50|]Hatterene||LifeOrb|MagicBounce|Protect,TrickRoom,DazzlingGleam,MysticalFire|Quiet||F|||50|
|showteam|p2|Charizard||CharizarditeY|Blaze|HeatWave,WeatherBall,SolarBeam,Protect|Modest||F|||50|]Vileplume||FocusSash|Chlorophyll|SludgeBomb,LeafStorm,SleepPowder,Protect|Modest||M|||50|]Scrafty||RoseliBerry|Intimidate|CloseCombat,ThroatChop,FakeOut,Protect|Adamant||F|||50|]Aerodactyl||Aerodactylite|Unnerve|RockSlide,DualWingbeat,Tailwind,Taunt|Adamant||F|||50|]Cofagrigus||Leftovers|Mummy|ShadowBall,BodyPress,IronDefense,Protect|Bold||M|||50|]Raichu||Magnet|LightningRod|Thunderbolt,FakeOut,HelpingHand,Protect|Adamant||F|||50|
|c|☆Fayz Sharpie|gl hf
|
|t:|1783946899
|teamsize|p1|4
|teamsize|p2|4
|start
|switch|p1a: Farigiraf|Farigiraf, L50, F|100/100
|switch|p1b: Scovillain|Scovillain, L50, F|100/100
|switch|p2a: Charizard|Charizard, L50, F|100/100
|switch|p2b: Vileplume|Vileplume, L50, M|100/100
|turn|1
|
|t:|1783946924
|detailschange|p2a: Charizard|Charizard-Mega-Y, L50, F
|-mega|p2a: Charizard|Charizard|Charizardite Y
|-weather|SunnyDay|[from] ability: Drought|[of] p2a: Charizard
|detailschange|p1b: Scovillain|Scovillain-Mega, L50, F
|-mega|p1b: Scovillain|Scovillain|Scovillainite
|move|p2b: Vileplume|Sleep Powder|p1a: Farigiraf
|-status|p1a: Farigiraf|slp|[from] move: Sleep Powder
|move|p2a: Charizard|Heat Wave|p1a: Farigiraf|[spread] p1a,p1b
|-damage|p1a: Farigiraf|43/100 slp
|-damage|p1b: Scovillain|39/100
|-immune|p2a: Charizard
|-enditem|p1a: Farigiraf|Sitrus Berry|[eat]
|-heal|p1a: Farigiraf|67/100 slp|[from] item: Sitrus Berry
|move|p1b: Scovillain|Flamethrower|p2b: Vileplume
|-supereffective|p2b: Vileplume|1
|-enditem|p2b: Vileplume|Focus Sash
|-damage|p2b: Vileplume|1/100
|-status|p2b: Vileplume|brn
|cant|p1a: Farigiraf|slp
|
|-weather|SunnyDay|[upkeep]
|-damage|p2b: Vileplume|0 fnt|[from] brn
|faint|p2b: Vileplume
|upkeep
|
|t:|1783946951
|switch|p2b: Scrafty|Scrafty, L50, F|100/100
|-ability|p2b: Scrafty|Intimidate|boost
|-unboost|p1a: Farigiraf|atk|1
|-unboost|p1b: Scovillain|atk|1
|turn|2
|
|t:|1783946978
|switch|p1a: Milotic|Milotic, L50, F|100/100
|move|p1b: Scovillain|Rage Powder|p1b: Scovillain
|-singleturn|p1b: Scovillain|move: Rage Powder
|move|p2a: Charizard|Weather Ball|p1b: Scovillain
|-damage|p1b: Scovillain|0 fnt
|-immune|p2a: Charizard
|faint|p1b: Scovillain
|move|p2b: Scrafty|Throat Chop|p1a: Milotic
|-damage|p1a: Milotic|70/100
|-start|p1a: Milotic|Throat Chop|[silent]
|
|-weather|SunnyDay|[upkeep]
|-heal|p1a: Milotic|76/100|[from] item: Leftovers
|upkeep
|
|t:|1783946991
|switch|p1b: Hatterene|Hatterene, L50, F|100/100
|turn|3
|
|t:|1783947012
|move|p2a: Charizard|Weather Ball|p1b: Hatterene
|-damage|p1b: Hatterene|9/100
|move|p1a: Milotic|Coil|p1a: Milotic
|-boost|p1a: Milotic|atk|1
|-boost|p1a: Milotic|def|1
|-boost|p1a: Milotic|accuracy|1
|move|p2b: Scrafty|Close Combat|p1a: Milotic
|-damage|p1a: Milotic|49/100
|-unboost|p2b: Scrafty|def|1
|-unboost|p2b: Scrafty|spd|1
|move|p1b: Hatterene|Trick Room|p1b: Hatterene
|-fieldstart|move: Trick Room|[of] p1b: Hatterene
|
|-weather|SunnyDay|[upkeep]
|-heal|p1a: Milotic|54/100|[from] item: Leftovers
|-end|p1a: Milotic|Throat Chop|[silent]
|upkeep
|turn|4
|
|t:|1783947047
|move|p2b: Scrafty|Protect|p2b: Scrafty
|-singleturn|p2b: Scrafty|Protect
|move|p1b: Hatterene|Dazzling Gleam|p2b: Scrafty|[spread] p2a
|-activate|p2b: Scrafty|move: Protect
|-resisted|p2a: Charizard|1
|-damage|p2a: Charizard|78/100
|-damage|p1b: Hatterene|0 fnt|[from] item: Life Orb
|faint|p1b: Hatterene
|move|p1a: Milotic|Hypnosis|p2a: Charizard
|-status|p2a: Charizard|slp|[from] move: Hypnosis
|cant|p2a: Charizard|slp
|
|-weather|SunnyDay|[upkeep]
|-heal|p1a: Milotic|60/100|[from] item: Leftovers
|upkeep
|
|t:|1783947060
|switch|p1b: Farigiraf|Farigiraf, L50, F|67/100 slp
|turn|5
|
|t:|1783947068
|cant|p1b: Farigiraf|slp
|move|p2b: Scrafty|Throat Chop|p1b: Farigiraf
|-supereffective|p1b: Farigiraf|1
|-damage|p1b: Farigiraf|9/100 slp
|-start|p1b: Farigiraf|Throat Chop|[silent]
|move|p1a: Milotic|Scald|p2a: Charizard
|-supereffective|p2a: Charizard|1
|-damage|p2a: Charizard|49/100 slp
|cant|p2a: Charizard|slp
|
|-weather|none
|-heal|p1a: Milotic|66/100|[from] item: Leftovers
|upkeep
|turn|6
|
|t:|1783947092
|switch|p2a: Cofagrigus|Cofagrigus, L50, M|100/100
|-curestatus|p1b: Farigiraf|slp|[msg]
|move|p1b: Farigiraf|Thunderbolt|p2a: Cofagrigus
|-damage|p2a: Cofagrigus|76/100
|move|p2b: Scrafty|Throat Chop|p1b: Farigiraf
|-supereffective|p1b: Farigiraf|1
|-damage|p1b: Farigiraf|0 fnt
|faint|p1b: Farigiraf
|move|p1a: Milotic|Scald|p2a: Cofagrigus
|-damage|p2a: Cofagrigus|47/100
|
|-heal|p2a: Cofagrigus|53/100|[from] item: Leftovers
|-heal|p1a: Milotic|72/100|[from] item: Leftovers
|upkeep
|turn|7
|
|t:|1783947113
|move|p2a: Cofagrigus|Iron Defense|p2a: Cofagrigus
|-boost|p2a: Cofagrigus|def|2
|move|p2b: Scrafty|Close Combat|p1a: Milotic
|-damage|p1a: Milotic|43/100
|-unboost|p2b: Scrafty|def|1
|-unboost|p2b: Scrafty|spd|1
|move|p1a: Milotic|Scald|p2a: Cofagrigus
|-damage|p2a: Cofagrigus|26/100
|
|-heal|p2a: Cofagrigus|32/100|[from] item: Leftovers
|-heal|p1a: Milotic|49/100|[from] item: Leftovers
|-fieldend|move: Trick Room
|upkeep
|turn|8
|
|t:|1783947130
|move|p1a: Milotic|Scald|p2b: Scrafty
|-damage|p2b: Scrafty|47/100
|move|p2b: Scrafty|Close Combat|p1a: Milotic
|-damage|p1a: Milotic|18/100
|-unboost|p2b: Scrafty|def|1
|-unboost|p2b: Scrafty|spd|1
|move|p2a: Cofagrigus|Body Press|p1a: Milotic
|-damage|p1a: Milotic|0 fnt
|faint|p1a: Milotic
|
|win|Fayz Sharpie
|c|☆Fayz Sharpie|gg
|l|☆Liebynight01
|player|p1|
