|j|☆NyulaDraws
|j|☆Maxymize
|html|NyulaDrawsMaxymize    
|uhtml|bestof|Game 3 of a best-of-3
|t:|1783351468
|gametype|doubles
|player|p1|NyulaDraws|brawly|1089
|player|p2|Maxymize|backpacker|1170
|gen|9
|tier|[Gen 9 Champions] VGC 2026 Reg M-B (Bo3)
|rated|
|rule|Species Clause: Limit one of each Pokémon
|rule|Item Clause: Limit 1 of each item
|clearpoke
|poke|p1|Grimmsnarl, L50, M|
|poke|p1|Swampert, L50, M|
|poke|p1|Pelipper, L50, M|
|poke|p1|Archaludon, L50, F, shiny|
|poke|p1|Mawile, L50, F|
|poke|p1|Farigiraf, L50, F, shiny|
|poke|p2|Kingambit, L50, M|
|poke|p2|Charizard, L50, M|
|poke|p2|Aerodactyl, L50, M|
|poke|p2|Farigiraf, L50, F|
|poke|p2|Garchomp, L50, F|
|poke|p2|Sylveon, L50, M|
|teampreview|4
|showteam|p1|Grimmsnarl||LightClay|Prankster|FoulPlay,PartingShot,LightScreen,Reflect|Calm||M|||50|]Swampert||Swampertite|Damp|Protect,IcePunch,WaveCrash,Earthquake|Adamant||M|||50|]Pelipper||SitrusBerry|Drizzle|WideGuard,Tailwind,WeatherBall,Hurricane|Modest||M|||50|]Archaludon||Leftovers|Stamina|Protect,ElectroShot,FlashCannon,DragonPulse|Modest||F|||50|]Mawile||Mawilite|HyperCutter|PlayRough,BrickBreak,SuckerPunch,Protect|Adamant||F|||50|]Farigiraf||ColburBerry|ArmorTail|Psychic,Thunderbolt,TrickRoom,Protect|Quiet||F|||50|
|showteam|p2|Kingambit||FocusSash|Defiant|KowtowCleave,IronHead,SuckerPunch,LowKick|Adamant||M|||50|]Charizard||CharizarditeY|Blaze|HeatWave,SolarBeam,WeatherBall,Protect|Modest||M|||50|]Aerodactyl||Aerodactylite|Unnerve|RockSlide,DualWingbeat,IceFang,Tailwind|Jolly||M|||50|]Farigiraf||SitrusBerry|ArmorTail|Psychic,Thunderbolt,TrickRoom,Protect|Bold||F|||50|]Garchomp||LifeOrb|RoughSkin|Earthquake,DragonClaw,StompingTantrum,Protect|Jolly||F|||50|]Sylveon||FairyFeather|Pixilate|HyperVoice,HyperBeam,QuickAttack,Detect|Modest||M|||50|
|inactive|Battle timer is ON: inactive players will automatically lose when time's up. (requested by Maxymize)
|inactive|NyulaDraws has 60 seconds left.
|
|t:|1783351513
|teamsize|p1|4
|teamsize|p2|4
|start
|switch|p1a: Pelipper|Pelipper, L50, M|100/100
|switch|p1b: Archaludon|Archaludon, L50, F, shiny|100/100
|switch|p2a: Charizard|Charizard, L50, M|100/100
|switch|p2b: Farigiraf|Farigiraf, L50, F|100/100
|-weather|RainDance|[from] ability: Drizzle|[of] p1a: Pelipper
|turn|1
|inactive|NyulaDraws has 30 seconds left.
|inactive|Maxymize has 30 seconds left.
|inactive|NyulaDraws has 20 seconds left.
|inactive|Maxymize has 20 seconds left.
|inactive|Maxymize has 15 seconds left.
|inactive|Maxymize has 10 seconds left.
|
|t:|1783351559
|switch|p1a: Farigiraf|Farigiraf, L50, F, shiny|100/100
|detailschange|p2a: Charizard|Charizard-Mega-Y, L50, M
|-mega|p2a: Charizard|Charizard|Charizardite Y
|-weather|SunnyDay|[from] ability: Drought|[of] p2a: Charizard
|move|p1b: Archaludon|Protect|p1b: Archaludon
|-singleturn|p1b: Archaludon|Protect
|move|p2a: Charizard|Weather Ball|p1a: Farigiraf
|-damage|p1a: Farigiraf|22/100
|move|p2b: Farigiraf|Thunderbolt|p1a: Farigiraf
|-damage|p1a: Farigiraf|2/100
|
|-weather|SunnyDay|[upkeep]
|upkeep
|turn|2
|inactive|NyulaDraws has 30 seconds left.
|inactive|Maxymize has 30 seconds left.
|inactive|NyulaDraws has 20 seconds left.
|inactive|Maxymize has 20 seconds left.
|inactive|NyulaDraws has 15 seconds left.
|inactive|Maxymize has 15 seconds left.
|
|t:|1783351604
|switch|p2a: Garchomp|Garchomp, L50, F|100/100
|move|p1b: Archaludon|Electro Shot||[still]
|-prepare|p1b: Archaludon|Electro Shot
|-boost|p1b: Archaludon|spa|1
|move|p1a: Farigiraf|Thunderbolt|p2a: Garchomp
|-immune|p2a: Garchomp
|move|p2b: Farigiraf|Trick Room|p2b: Farigiraf
|-fieldstart|move: Trick Room|[of] p2b: Farigiraf
|
|-weather|SunnyDay|[upkeep]
|upkeep
|turn|3
|inactive|NyulaDraws has 30 seconds left.
|inactive|Maxymize has 30 seconds left.
|
|t:|1783351633
|move|p1a: Farigiraf|Psychic|p2a: Garchomp
|-damage|p2a: Garchomp|57/100
|move|p2b: Farigiraf|Thunderbolt|p1a: Farigiraf
|-damage|p1a: Farigiraf|0 fnt
|faint|p1a: Farigiraf
|move|p1b: Archaludon|Electro Shot|p2a: Garchomp|[from] lockedmove
|-immune|p2a: Garchomp
|move|p2a: Garchomp|Stomping Tantrum|p1b: Archaludon
|-supereffective|p1b: Archaludon|1
|-damage|p1b: Archaludon|28/100
|-ability|p1b: Archaludon|Stamina|boost
|-boost|p1b: Archaludon|def|1
|-damage|p2a: Garchomp|48/100|[from] item: Life Orb
|
|-weather|SunnyDay|[upkeep]
|-heal|p1b: Archaludon|35/100|[from] item: Leftovers
|upkeep
|
|t:|1783351648
|switch|p1a: Mawile|Mawile, L50, F|100/100
|turn|4
|
|t:|1783351658
|detailschange|p1a: Mawile|Mawile-Mega, L50, F
|-mega|p1a: Mawile|Mawile|Mawilite
|move|p1b: Archaludon|Protect|p1b: Archaludon
|-singleturn|p1b: Archaludon|Protect
|move|p1a: Mawile|Play Rough|p2a: Garchomp
|-supereffective|p2a: Garchomp|1
|-damage|p2a: Garchomp|0 fnt
|-damage|p1a: Mawile|87/100|[from] ability: Rough Skin|[of] p2a: Garchomp
|faint|p2a: Garchomp
|move|p2b: Farigiraf|Thunderbolt|p1a: Mawile
|-damage|p1a: Mawile|60/100
|-status|p1a: Mawile|par
|
|-weather|SunnyDay|[upkeep]
|-heal|p1b: Archaludon|41/100|[from] item: Leftovers
|upkeep
|
|t:|1783351679
|switch|p2a: Sylveon|Sylveon, L50, M|100/100
|turn|5
|
|t:|1783351685
|move|p1a: Mawile|Play Rough|p2b: Farigiraf
|-damage|p2b: Farigiraf|33/100
|-enditem|p2b: Farigiraf|Sitrus Berry|[eat]
|-heal|p2b: Farigiraf|58/100|[from] item: Sitrus Berry
|move|p2b: Farigiraf|Thunderbolt|p1a: Mawile
|-damage|p1a: Mawile|35/100 par
|move|p2a: Sylveon|Hyper Voice|p1a: Mawile|[spread] p1a,p1b
|-resisted|p1a: Mawile|1
|-damage|p1a: Mawile|5/100 par
|-damage|p1b: Archaludon|0 fnt
|faint|p1b: Archaludon
|
|-weather|none
|upkeep
|
|t:|1783351697
|switch|p1b: Pelipper|Pelipper, L50, M|100/100
|-weather|RainDance|[from] ability: Drizzle|[of] p1b: Pelipper
|turn|6
|
|t:|1783351709
|move|p1a: Mawile|Play Rough|p2b: Farigiraf
|-damage|p2b: Farigiraf|0 fnt
|faint|p2b: Farigiraf
|move|p2a: Sylveon|Hyper Voice|p1b: Pelipper|[spread] p1a,p1b
|-resisted|p1a: Mawile|1
|-damage|p1a: Mawile|0 fnt
|-damage|p1b: Pelipper|36/100
|-enditem|p1b: Pelipper|Sitrus Berry|[eat]
|-heal|p1b: Pelipper|61/100|[from] item: Sitrus Berry
|faint|p1a: Mawile
|move|p1b: Pelipper|Weather Ball|p2a: Sylveon
|-damage|p2a: Sylveon|53/100
|
|-weather|RainDance|[upkeep]
|-fieldend|move: Trick Room
|upkeep
|
|t:|1783351721
|switch|p2b: Charizard|Charizard-Mega-Y, L50, M|100/100
|-weather|SunnyDay|[from] ability: Drought|[of] p2b: Charizard
|turn|7
|
|t:|1783351730
|move|p2b: Charizard|Solar Beam||[still]
|-prepare|p2b: Charizard|Solar Beam
|-anim|p2b: Charizard|Solar Beam|p1b: Pelipper
|-damage|p1b: Pelipper|7/100
|move|p1b: Pelipper|Hurricane|p2b: Charizard|[miss]
|-miss|p1b: Pelipper|p2b: Charizard
|move|p2a: Sylveon|Hyper Beam|p1b: Pelipper
|-damage|p1b: Pelipper|0 fnt
|-mustrecharge|p2a: Sylveon
|faint|p1b: Pelipper
|
|win|Maxymize
|raw|NyulaDraws's rating: 1089 → 1071(-18 for losing)
|raw|Maxymize's rating: 1170 → 1189(+19 for winning)
|c|☆Maxymize|gg
|c|☆NyulaDraws|gg
|c|☆NyulaDraws|big six is indeed a problem
|c|☆Maxymize|yeaaaa
