|j|☆Crystneel
|j|☆LLzero
|html|CrystneelLLzero    
|uhtml|bestof|Game 1 of a best-of-3
|t:|1757695868
|gametype|doubles
|player|p1|Crystneel|169|1097
|player|p2|LLzero|bruno|1030
|gen|9
|tier|[Gen 9] VGC 2025 Reg H (Bo3)
|rated|
|rule|Species Clause: Limit one of each Pokémon
|rule|Item Clause: Limit 1 of each item
|clearpoke
|poke|p1|Volcarona, L50, F|
|poke|p1|Electabuzz, L50, F|
|poke|p1|Sneasler, L50, F|
|poke|p1|Rillaboom, L50, F|
|poke|p1|Tyranitar, L50, F|
|poke|p1|Ursaluna-Bloodmoon, L50, M|
|poke|p2|Ceruledge, L50, M|
|poke|p2|Gliscor, L50, F|
|poke|p2|Cinccino, L50, M|
|poke|p2|Mienshao, L50, M|
|poke|p2|Samurott-Hisui, L50, F|
|poke|p2|Clefairy, L50, M|
|teampreview|4
|showteam|p1|Volcarona||Leftovers|FlameBody|FieryDance,QuiverDance,GigaDrain,Protect|||F|||50|,,,,,Grass]Electabuzz||Eviolite|Static|FollowMe,Electroweb,VoltSwitch,Taunt|||F|||50|,,,,,Fairy]Sneasler||GrassySeed|Unburden|DireClaw,CloseCombat,ThroatChop,Protect|||F|||50|,,,,,Dark]Rillaboom||AssaultVest|GrassySurge|FakeOut,GrassyGlide,WoodHammer,Uturn|||F|||50|,,,,,Fire]Tyranitar||ExpertBelt|SandStream|RockSlide,KnockOff,LowKick,TeraBlast|||F|||50|,,,,,Flying]Ursaluna-Bloodmoon||ThroatSpray|MindsEye|BloodMoon,HyperVoice,EarthPower,Protect|||M|||50|,,,,,Poison
|showteam|p2|Ceruledge||AssaultVest|WeakArmor|BitterBlade,PoisonJab,ShadowClaw,ShadowSneak|||M|||50|,,,,,Fire]Gliscor||ToxicOrb|PoisonHeal|Crabhammer,HighHorsepower,Uturn,ToxicSpikes|||F|||50|,,,,,Ground]Cinccino||KingsRock|SkillLink|BulletSeed,RockBlast,TailSlap,Protect|||M|||50|,,,,,Ghost]Mienshao||FocusSash|Regenerator|FakeOut,Uturn,IceSpinner,CloseCombat|||M|||50|,,,,,Fighting]Samurott-Hisui||ClearAmulet|Sharpness|AquaCutter,AquaJet,CeaselessEdge,Protect|||F|||50|,,,,,Ghost]Clefairy||Eviolite|FriendGuard|FollowMe,DrainingKiss,LifeDew,Protect|||M|||50|,,,,,Fairy
|
|t:|1757695904
|teamsize|p1|4
|teamsize|p2|4
|start
|switch|p1a: Volcarona|Volcarona, L50, F|100/100
|switch|p1b: Electabuzz|Electabuzz, L50, F|100/100
|switch|p2a: Clefairy|Clefairy, L50, M|100/100
|switch|p2b: Cinccino|Cinccino, L50, M|100/100
|turn|1
|
|t:|1757695917
|move|p1b: Electabuzz|Follow Me|p1b: Electabuzz
|-singleturn|p1b: Electabuzz|move: Follow Me
|move|p2a: Clefairy|Follow Me|p2a: Clefairy
|-singleturn|p2a: Clefairy|move: Follow Me
|move|p2b: Cinccino|Rock Blast|p1b: Electabuzz
|-damage|p1b: Electabuzz|94/100
|-damage|p1b: Electabuzz|87/100
|-damage|p1b: Electabuzz|81/100
|-damage|p1b: Electabuzz|74/100
|-damage|p1b: Electabuzz|67/100
|-hitcount|p1b: Electabuzz|5
|move|p1a: Volcarona|Quiver Dance|p1a: Volcarona
|-boost|p1a: Volcarona|spa|1
|-boost|p1a: Volcarona|spd|1
|-boost|p1a: Volcarona|spe|1
|
|upkeep
|turn|2
|
|t:|1757695935
|move|p1b: Electabuzz|Follow Me|p1b: Electabuzz
|-singleturn|p1b: Electabuzz|move: Follow Me
|move|p2a: Clefairy|Follow Me|p2a: Clefairy
|-singleturn|p2a: Clefairy|move: Follow Me
|move|p1a: Volcarona|Fiery Dance|p2a: Clefairy
|-crit|p2a: Clefairy
|-damage|p2a: Clefairy|46/100
|-boost|p1a: Volcarona|spa|1
|move|p2b: Cinccino|Rock Blast|p1b: Electabuzz
|-damage|p1b: Electabuzz|61/100
|-damage|p1b: Electabuzz|54/100
|-damage|p1b: Electabuzz|48/100
|-damage|p1b: Electabuzz|41/100
|-damage|p1b: Electabuzz|34/100
|-hitcount|p1b: Electabuzz|5
|
|upkeep
|turn|3
|
|t:|1757695952
|move|p2b: Cinccino|Protect|p2b: Cinccino
|-singleturn|p2b: Cinccino|Protect
|move|p1b: Electabuzz|Follow Me|p1b: Electabuzz
|-singleturn|p1b: Electabuzz|move: Follow Me
|move|p1a: Volcarona|Fiery Dance|p2b: Cinccino
|-activate|p2b: Cinccino|move: Protect
|move|p2a: Clefairy|Life Dew||[still]|[spread] p2a,p2b
|-heal|p2a: Clefairy|71/100
|-fail|p2b: Cinccino|heal
|
|upkeep
|turn|4
|
|t:|1757695971
|switch|p1b: Rillaboom|Rillaboom, L50, F|100/100
|-fieldstart|move: Grassy Terrain|[from] ability: Grassy Surge|[of] p1b: Rillaboom
|move|p1a: Volcarona|Protect|p1a: Volcarona
|-singleturn|p1a: Volcarona|Protect
|move|p2a: Clefairy|Follow Me|p2a: Clefairy
|-singleturn|p2a: Clefairy|move: Follow Me
|move|p2b: Cinccino|Tail Slap|p1a: Volcarona
|-activate|p1a: Volcarona|move: Protect
|
|-heal|p2a: Clefairy|77/100|[from] Grassy Terrain
|upkeep
|turn|5
|
|t:|1757695984
|move|p1b: Rillaboom|Fake Out|p2b: Cinccino
|-damage|p2b: Cinccino|80/100
|move|p2a: Clefairy|Follow Me|p2a: Clefairy
|-singleturn|p2a: Clefairy|move: Follow Me
|move|p1a: Volcarona|Quiver Dance|p1a: Volcarona
|-boost|p1a: Volcarona|spa|1
|-boost|p1a: Volcarona|spd|1
|-boost|p1a: Volcarona|spe|1
|cant|p2b: Cinccino|flinch
|
|-heal|p2b: Cinccino|86/100|[from] Grassy Terrain
|-heal|p2a: Clefairy|83/100|[from] Grassy Terrain
|upkeep
|turn|6
|
|t:|1757695996
|-terastallize|p1a: Volcarona|Grass
|move|p2a: Clefairy|Follow Me|p2a: Clefairy
|-singleturn|p2a: Clefairy|move: Follow Me
|move|p1b: Rillaboom|Grassy Glide|p2a: Clefairy
|-damage|p2a: Clefairy|42/100
|move|p1a: Volcarona|Fiery Dance|p2a: Clefairy
|-damage|p2a: Clefairy|0 fnt
|-boost|p1a: Volcarona|spa|1
|faint|p2a: Clefairy
|move|p2b: Cinccino|Rock Blast|p1a: Volcarona
|-damage|p1a: Volcarona|92/100
|-damage|p1a: Volcarona|83/100
|-damage|p1a: Volcarona|75/100
|-damage|p1a: Volcarona|66/100
|-damage|p1a: Volcarona|58/100
|-hitcount|p1a: Volcarona|5
|
|-heal|p1a: Volcarona|63/100|[from] Grassy Terrain
|-heal|p1a: Volcarona|69/100|[from] item: Leftovers
|-heal|p2b: Cinccino|92/100|[from] Grassy Terrain
|upkeep
|
|t:|1757696016
|switch|p2a: Mienshao|Mienshao, L50, M|100/100
|turn|7
|
|t:|1757696028
|move|p1a: Volcarona|Fiery Dance|p2b: Cinccino
|-crit|p2b: Cinccino
|-damage|p2b: Cinccino|0 fnt
|-boost|p1a: Volcarona|spa|1
|faint|p2b: Cinccino
|move|p2a: Mienshao|Ice Spinner|p1a: Volcarona
|-supereffective|p1a: Volcarona
|-damage|p1a: Volcarona|8/100
|-fieldend|move: Grassy Terrain
|move|p1b: Rillaboom|Wood Hammer|p2a: Mienshao
|-enditem|p2a: Mienshao|Focus Sash
|-damage|p2a: Mienshao|1/100
|-damage|p1b: Rillaboom|78/100|[from] Recoil
|
|-heal|p1a: Volcarona|14/100|[from] item: Leftovers
|upkeep
|
|t:|1757696042
|switch|p2b: Gliscor|Gliscor, L50, F|100/100
|turn|8
|
|t:|1757696055
|move|p1a: Volcarona|Protect|p1a: Volcarona
|-singleturn|p1a: Volcarona|Protect
|move|p2a: Mienshao|Ice Spinner|p1b: Rillaboom
|-supereffective|p1b: Rillaboom
|-damage|p1b: Rillaboom|29/100
|move|p2b: Gliscor|Toxic Spikes|p1a: Volcarona
|-sidestart|p1: Crystneel|move: Toxic Spikes
|move|p1b: Rillaboom|U-turn|p2a: Mienshao
|-resisted|p2a: Mienshao
|-damage|p2a: Mienshao|0 fnt
|faint|p2a: Mienshao
|
|t:|1757696064
|switch|p1b: Electabuzz|Electabuzz, L50, F|34/100|[from] U-turn
|-status|p1b: Electabuzz|psn
|
|-heal|p1a: Volcarona|20/100|[from] item: Leftovers
|-damage|p1b: Electabuzz|21/100 psn|[from] psn
|-status|p2b: Gliscor|tox|[from] item: Toxic Orb
|upkeep
|turn|9
|
|t:|1757696075
|move|p1b: Electabuzz|Follow Me|p1b: Electabuzz
|-singleturn|p1b: Electabuzz|move: Follow Me
|move|p1a: Volcarona|Giga Drain|p2b: Gliscor
|-damage|p2b: Gliscor|0 fnt
|-heal|p1a: Volcarona|59/100|[from] drain|[of] p2b: Gliscor
|faint|p2b: Gliscor
|
|win|Crystneel
|l|☆LLzero
|player|p2|
||Crystneel is ready for game 2.
||LLzero is ready for game 2.
|uhtml|next|Next: Game 2 of 3
|l|☆Crystneel
|player|p1|
