|j|☆Dot1Q
|j|☆Mortipherus
|html|Dot1QMortipherus    
|uhtml|bestof|Game 2 of a best-of-3
|t:|1756925628
|gametype|doubles
|player|p1|Dot1Q|veteran|
|player|p2|Mortipherus|biker-gen4|
|gen|9
|tier|[Gen 9] VGC 2025 Reg H (Bo3)
|rule|Species Clause: Limit one of each Pokémon
|rule|Item Clause: Limit 1 of each item
|clearpoke
|poke|p1|Dondozo, L50, F|
|poke|p1|Tatsugiri, L50, M|
|poke|p1|Maushold-Four, L50|
|poke|p1|Annihilape, L50, M|
|poke|p1|Whimsicott, L50, F|
|poke|p1|Typhlosion-Hisui, L50, M|
|poke|p2|Hydrapple, L50, M|
|poke|p2|Arcanine-Hisui, L50, M|
|poke|p2|Gholdengo, L50|
|poke|p2|Electabuzz, L50, F|
|poke|p2|Indeedee, L50, M|
|poke|p2|Sneasler, L50, M|
|teampreview|4
|showteam|p1|Dondozo||Leftovers|Unaware|WaveCrash,Earthquake,OrderUp,Protect|||F|||50|,,,,,Dragon]Tatsugiri||SitrusBerry|Commander|DracoMeteor,MuddyWater,HelpingHand,Protect|||M|||50|,,,,,Steel]Maushold-Four||WideLens|Technician|PopulationBomb,Bite,FollowMe,Protect||||||50|,,,,,Normal]Annihilape||ChoiceScarf|Defiant|ShadowClaw,CloseCombat,FinalGambit,Uturn|||M|||50|,,,,,Fighting]Whimsicott||CovertCloak|Prankster|Tailwind,SunnyDay,Moonblast,Encore|||F|||50|,,,,,Rock]Typhlosion-Hisui||Charcoal|Blaze|Eruption,HeatWave,ShadowBall,Protect|||M|||50|,,,,,Fairy
|showteam|p2|Hydrapple||AssaultVest|Regenerator|FickleBeam,EnergyBall,EarthPower,BreakingSwipe|||M|||50|,,,,,Ground]Arcanine-Hisui||ClearAmulet|Intimidate|Protect,ExtremeSpeed,FlareBlitz,RockSlide|||M|||50|,,,,,Grass]Gholdengo||LifeOrb|GoodasGold|Protect,NastyPlot,MakeItRain,ShadowBall||||||50|,,,,,Flying]Electabuzz||Eviolite|VitalSpirit|Protect,FollowMe,Taunt,Electroweb|||F|||50|,,,,,Dragon]Indeedee||FocusSash|PsychicSurge|Protect,TrickRoom,ExpandingForce,TeraBlast|||M|||50|,,,,,Ground]Sneasler||PsychicSeed|Unburden|Protect,ThroatChop,DireClaw,CloseCombat|||M|||50|,,,,,Dark
|
|t:|1756925649
|teamsize|p1|4
|teamsize|p2|4
|start
|switch|p1a: Annihilape|Annihilape, L50, M|100/100
|switch|p1b: Whimsicott|Whimsicott, L50, F|100/100
|switch|p2a: Gholdengo|Gholdengo, L50|100/100
|switch|p2b: Electabuzz|Electabuzz, L50, F|100/100
|turn|1
|
|t:|1756925666
|move|p2b: Electabuzz|Protect|p2b: Electabuzz
|-singleturn|p2b: Electabuzz|Protect
|move|p1b: Whimsicott|Tailwind|p1b: Whimsicott
|-sidestart|p1: Dot1Q|move: Tailwind
|move|p1a: Annihilape|Shadow Claw|p2a: Gholdengo
|-supereffective|p2a: Gholdengo
|-damage|p2a: Gholdengo|42/100
|move|p2a: Gholdengo|Nasty Plot|p2a: Gholdengo
|-boost|p2a: Gholdengo|spa|2
|
|upkeep
|turn|2
|
|t:|1756925686
|move|p2b: Electabuzz|Follow Me|p2b: Electabuzz
|-singleturn|p2b: Electabuzz|move: Follow Me
|move|p1b: Whimsicott|Encore|p2b: Electabuzz
|-start|p2b: Electabuzz|Encore
|move|p1a: Annihilape|Shadow Claw|p2b: Electabuzz
|-damage|p2b: Electabuzz|77/100
|move|p2a: Gholdengo|Shadow Ball|p1a: Annihilape
|-supereffective|p1a: Annihilape
|-damage|p1a: Annihilape|0 fnt
|faint|p1a: Annihilape
|-damage|p2a: Gholdengo|33/100|[from] item: Life Orb
|
|upkeep
|
|t:|1756925695
|switch|p1a: Dondozo|Dondozo, L50, F|100/100
|turn|3
|
|t:|1756925708
|switch|p1b: Tatsugiri|Tatsugiri, L50, M|100/100
|-activate|p1b: Tatsugiri|ability: Commander|[of] p1a: Dondozo
|-boost|p1a: Dondozo|atk|2
|-boost|p1a: Dondozo|spa|2
|-boost|p1a: Dondozo|spe|2
|-boost|p1a: Dondozo|def|2
|-boost|p1a: Dondozo|spd|2
|switch|p2a: Arcanine|Arcanine-Hisui, L50, M|100/100
|-ability|p2a: Arcanine|Intimidate|boost
|-unboost|p1a: Dondozo|atk|1
|-unboost|p1b: Tatsugiri|atk|1
|move|p2b: Electabuzz|Follow Me|p2b: Electabuzz
|-singleturn|p2b: Electabuzz|move: Follow Me
|move|p1a: Dondozo|Earthquake|p2b: Electabuzz|[spread] p2a,p2b
|-miss|p1a: Dondozo|p1b: Tatsugiri
|-supereffective|p2a: Arcanine
|-supereffective|p2b: Electabuzz
|-crit|p2b: Electabuzz
|-damage|p2a: Arcanine|0 fnt
|-damage|p2b: Electabuzz|0 fnt
|faint|p2a: Arcanine
|faint|p2b: Electabuzz
|
|upkeep
|
|t:|1756925732
|switch|p2a: Hydrapple|Hydrapple, L50, M|100/100
|switch|p2b: Gholdengo|Gholdengo, L50|33/100
|turn|4
|
|t:|1756925743
|-terastallize|p2b: Gholdengo|Flying
|move|p1a: Dondozo|Earthquake|p2a: Hydrapple|[spread] p2a
|-miss|p1a: Dondozo|p1b: Tatsugiri
|-immune|p2b: Gholdengo
|-resisted|p2a: Hydrapple
|-damage|p2a: Hydrapple|87/100
|move|p2b: Gholdengo|Shadow Ball|p1a: Dondozo
|-damage|p1a: Dondozo|69/100
|-damage|p2b: Gholdengo|23/100|[from] item: Life Orb
|move|p2a: Hydrapple|Breaking Swipe|p1b: Tatsugiri|[spread] p1a
|-miss|p2a: Hydrapple|p1b: Tatsugiri
|-damage|p1a: Dondozo|65/100
|-unboost|p1a: Dondozo|atk|1
|
|-heal|p1a: Dondozo|71/100|[from] item: Leftovers
|-sideend|p1: Dot1Q|move: Tailwind
|upkeep
|turn|5
|
|t:|1756925762
|move|p1a: Dondozo|Wave Crash|p2b: Gholdengo
|-damage|p2b: Gholdengo|0 fnt
|faint|p2b: Gholdengo
|-damage|p1a: Dondozo|65/100|[from] Recoil
|move|p2a: Hydrapple|Breaking Swipe|p1b: Tatsugiri|[spread] p1a
|-miss|p2a: Hydrapple|p1b: Tatsugiri
|-damage|p1a: Dondozo|61/100
|-unboost|p1a: Dondozo|atk|1
|
|-heal|p1a: Dondozo|67/100|[from] item: Leftovers
|upkeep
|turn|6
|
|t:|1756925771
|move|p1a: Dondozo|Order Up|p2a: Hydrapple
|-supereffective|p2a: Hydrapple
|-damage|p2a: Hydrapple|58/100
|-boost|p1a: Dondozo|atk|1
|move|p2a: Hydrapple|Breaking Swipe|p1b: Tatsugiri|[spread] p1a
|-miss|p2a: Hydrapple|p1b: Tatsugiri
|-damage|p1a: Dondozo|63/100
|-unboost|p1a: Dondozo|atk|1
|
|-heal|p1a: Dondozo|69/100|[from] item: Leftovers
|upkeep
|turn|7
|
|t:|1756925782
|move|p1a: Dondozo|Order Up|p2a: Hydrapple
|-supereffective|p2a: Hydrapple
|-damage|p2a: Hydrapple|34/100
|-boost|p1a: Dondozo|atk|1
|move|p2a: Hydrapple|Breaking Swipe|p1b: Tatsugiri|[spread] p1a
|-miss|p2a: Hydrapple|p1b: Tatsugiri
|-damage|p1a: Dondozo|64/100
|-unboost|p1a: Dondozo|atk|1
|
|-heal|p1a: Dondozo|70/100|[from] item: Leftovers
|upkeep
|turn|8
|
|t:|1756925793
|-terastallize|p1a: Dondozo|Dragon
|move|p1a: Dondozo|Order Up|p2a: Hydrapple
|-supereffective|p2a: Hydrapple
|-damage|p2a: Hydrapple|0 fnt
|faint|p2a: Hydrapple
|
|win|Dot1Q
|c|☆Dot1Q|ggs
|c|☆Mortipherus|ggs
|l|☆Dot1Q
|player|p1|
