|j|☆r00mservice7
|j|☆macrameee
|html|r00mservice7macrameee    
|uhtml|bestof|Game 2 of a best-of-3
|t:|1785067402
|gametype|doubles
|player|p1|r00mservice7|102|1338
|player|p2|macrameee|roark|1276
|gen|9
|tier|[Gen 9 Champions] VGC 2026 Reg M-B (Bo3)
|rated|
|rule|Species Clause: Limit one of each Pokémon
|rule|Item Clause: Limit 1 of each item
|clearpoke
|poke|p1|Staraptor, L50, M|
|poke|p1|Tyranitar, L50, F|
|poke|p1|Excadrill, L50, F|
|poke|p1|Gholdengo, L50|
|poke|p1|Milotic, L50, F|
|poke|p1|Tsareena, L50, F|
|poke|p2|Floette-Eternal, L50, F|
|poke|p2|Incineroar, L50, M, shiny|
|poke|p2|Sinistcha, L50|
|poke|p2|Kingambit, L50, M|
|poke|p2|Raichu, L50, M|
|poke|p2|Basculegion, L50, M|
|teampreview|4
|showteam|p1|Staraptor||Staraptite|Intimidate|BraveBird,CloseCombat,Tailwind,Protect|Jolly||M|||50|]Tyranitar||Tyranitarite|SandStream|RockSlide,KnockOff,DragonDance,Protect|Jolly||F|||50|]Excadrill||FocusSash|SandRush|HighHorsepower,IronHead,RockSlide,Protect|Adamant||F|||50|]Gholdengo||LifeOrb|GoodasGold|MakeItRain,ShadowBall,NastyPlot,Protect|Modest|||||50|]Milotic||SitrusBerry|Competitive|Scald,IcyWind,IceBeam,Protect|Calm||F|||50|]Tsareena||ExpertBelt|QueenlyMajesty|TropKick,LowKick,Taunt,Protect|Adamant||F|||50|
|showteam|p2|Floette-Eternal||Floettite|FlowerVeil|Protect,CalmMind,DazzlingGleam,DrainingKiss|Modest||F|||50|]Incineroar||SitrusBerry|Intimidate|FakeOut,FlareBlitz,PartingShot,DarkestLariat|Impish||M|||50|]Sinistcha||KasibBerry|Hospitality|MatchaGotcha,TrickRoom,RagePowder,Protect|Bold|||||50|]Kingambit||BlackGlasses|Defiant|Protect,SwordsDance,KowtowCleave,SuckerPunch|Adamant||M|||50|]Raichu||RaichuniteY|Static|Protect,FakeOut,ZapCannon,FocusBlast|Timid||M|||50|]Basculegion||ChoiceScarf|Adaptability|WaveCrash,AquaJet,FlipTurn,LastRespects|Jolly||M|||50|
|inactive|Battle timer is ON: inactive players will automatically lose when time's up. (requested by r00mservice7)
|inactive|r00mservice7 has 60 seconds left.
|
|t:|1785067444
|teamsize|p1|4
|teamsize|p2|4
|start
|switch|p1a: Tsareena|Tsareena, L50, F|100/100
|switch|p1b: Excadrill|Excadrill, L50, F|100/100
|switch|p2a: Kingambit|Kingambit, L50, M|100/100
|switch|p2b: Raichu|Raichu, L50, M|100/100
|turn|1
|inactive|macrameee has 30 seconds left.
|
|t:|1785067475
|switch|p2a: Sinistcha|Sinistcha, L50|100/100
|detailschange|p2b: Raichu|Raichu-Mega-Y, L50, M
|-mega|p2b: Raichu|Raichu|Raichunite Y
|move|p2b: Raichu|Focus Blast|p1b: Excadrill
|-supereffective|p1b: Excadrill|1
|-enditem|p1b: Excadrill|Focus Sash
|-damage|p1b: Excadrill|1/100
|move|p1b: Excadrill|High Horsepower|p2b: Raichu
|-supereffective|p2b: Raichu|1
|-damage|p2b: Raichu|0 fnt
|faint|p2b: Raichu
|move|p1a: Tsareena|Low Kick|p2a: Sinistcha
|-immune|p2a: Sinistcha
|
|upkeep
|
|t:|1785067500
|switch|p2b: Kingambit|Kingambit, L50, M|100/100
|turn|2
|
|t:|1785067508
|move|p2b: Kingambit|Protect|p2b: Kingambit
|-singleturn|p2b: Kingambit|Protect
|move|p1b: Excadrill|High Horsepower|p2b: Kingambit
|-activate|p2b: Kingambit|move: Protect
|move|p1a: Tsareena|Taunt|p2a: Sinistcha
|-start|p2a: Sinistcha|move: Taunt
|cant|p2a: Sinistcha|move: Taunt|Trick Room
|
|upkeep
|turn|3
|
|t:|1785067528
|move|p1b: Excadrill|Iron Head|p2a: Sinistcha
|-damage|p2a: Sinistcha|57/100
|move|p1a: Tsareena|Low Kick|p2b: Kingambit
|-supereffective|p2b: Kingambit|2
|-crit|p2b: Kingambit
|-damage|p2b: Kingambit|0 fnt
|faint|p2b: Kingambit
|move|p2a: Sinistcha|Matcha Gotcha|p1a: Tsareena|[spread] p1a,p1b
|-resisted|p1a: Tsareena|1
|-damage|p1a: Tsareena|86/100
|-heal|p2a: Sinistcha|64/100|[from] drain|[of] p1a: Tsareena
|-damage|p1b: Excadrill|0 fnt
|-heal|p2a: Sinistcha|65/100|[from] drain|[of] p1b: Excadrill
|faint|p1b: Excadrill
|
|upkeep
|
|t:|1785067543
|switch|p1b: Tyranitar|Tyranitar, L50, F|100/100
|switch|p2b: Basculegion|Basculegion, L50, M|100/100
|-weather|Sandstorm|[from] ability: Sand Stream|[of] p1b: Tyranitar
|turn|4
|
|t:|1785067561
|switch|p1a: Staraptor|Staraptor, L50, M|100/100
|-ability|p1a: Staraptor|Intimidate|boost
|-unboost|p2a: Sinistcha|atk|1
|-unboost|p2b: Basculegion|atk|1
|detailschange|p1b: Tyranitar|Tyranitar-Mega, L50, F
|-mega|p1b: Tyranitar|Tyranitar|Tyranitarite
|move|p2b: Basculegion|Last Respects|p1a: Staraptor
|-immune|p1a: Staraptor
|move|p1b: Tyranitar|Knock Off|p2a: Sinistcha
|-supereffective|p2a: Sinistcha|1
|-damage|p2a: Sinistcha|0 fnt
|-enditem|p2a: Sinistcha|Kasib Berry|[from] move: Knock Off|[of] p1b: Tyranitar
|faint|p2a: Sinistcha
|
|-weather|Sandstorm|[upkeep]
|-damage|p2b: Basculegion|93/100|[from] Sandstorm
|-damage|p1a: Staraptor|94/100|[from] Sandstorm
|upkeep
|turn|5
|
|t:|1785067581
|move|p2b: Basculegion|Last Respects|p1b: Tyranitar
|-resisted|p1b: Tyranitar|1
|-damage|p1b: Tyranitar|70/100
|move|p1a: Staraptor|Brave Bird|p2b: Basculegion
|-damage|p2b: Basculegion|29/100
|-damage|p1a: Staraptor|71/100|[from] Recoil
|move|p1b: Tyranitar|Knock Off|p2b: Basculegion
|-supereffective|p2b: Basculegion|1
|-damage|p2b: Basculegion|0 fnt
|-enditem|p2b: Basculegion|Choice Scarf|[from] move: Knock Off|[of] p1b: Tyranitar
|faint|p2b: Basculegion
|
|win|r00mservice7
||macrameee is ready for game 3.
|inactive|r00mservice7 has 30 seconds to confirm battle start!
||r00mservice7 is ready for game 3.
|uhtml|next|Next: Game 3 of 3
|l|☆macrameee
|player|p2|
