|j|☆FlareIsSolar
|j|☆oops all fake outs
|html|FlareIsSolaroops all fake outs    
|uhtml|bestof|Game 2 of a best-of-3
|t:|1756934218
|gametype|doubles
|player|p1|FlareIsSolar|volkner|1337
|player|p2|oops all fake outs|skier|1326
|gen|9
|tier|[Gen 9] VGC 2025 Reg H (Bo3)
|rated|
|rule|Species Clause: Limit one of each Pokémon
|rule|Item Clause: Limit 1 of each item
|clearpoke
|poke|p1|Tyranitar, L50, M|
|poke|p1|Excadrill, L50, F|
|poke|p1|Kommo-o, L50, F|
|poke|p1|Basculegion, L50, M|
|poke|p1|Amoonguss, L50, F|
|poke|p1|Incineroar, L50, M|
|poke|p2|Ninetales-Alola, L50, F|
|poke|p2|Rillaboom, L50, M|
|poke|p2|Magmar, L50, F|
|poke|p2|Sneasler, L50, M|
|poke|p2|Kingambit, L50, M|
|poke|p2|Basculegion, L50, M|
|teampreview|4
|showteam|p1|Tyranitar||AssaultVest|SandStream|KnockOff,RockSlide,LowKick,TeraBlast|||M|||50|,,,,,Flying]Excadrill||FocusSash|SandRush|Earthquake,HighHorsepower,IronHead,Protect|||F|||50|,,,,,Ground]Kommo-o||ThroatSpray|Overcoat|ClangorousSoul,ClangingScales,AuraSphere,Protect|||F|||50|,,,,,Steel]Basculegion||ChoiceScarf|Adaptability|WaveCrash,LastRespects,FlipTurn,AquaJet|||M|||50|,,,,,Grass]Amoonguss||SitrusBerry|Regenerator|PollenPuff,Spore,RagePowder,Protect|||F|||50|,,,,,Water]Incineroar||SafetyGoggles|Intimidate|KnockOff,FlareBlitz,PartingShot,FakeOut|||M|||50|,,,,,Ghost
|showteam|p2|Ninetales-Alola||LifeOrb|SnowWarning|Blizzard,FreezeDry,Encore,Protect|||F|||50|,,,,,Ghost]Rillaboom||AssaultVest|GrassySurge|WoodHammer,FakeOut,Uturn,GrassyGlide|||M|||50|,,,,,Ghost]Magmar||Eviolite|VitalSpirit|Protect,HeatWave,Taunt,FollowMe|||F|||50|,,,,,Ghost]Sneasler||FocusSash|PoisonTouch|FakeOut,DireClaw,CloseCombat,Protect|||M|||50|,,,,,Ghost]Kingambit||BlackGlasses|Defiant|KowtowCleave,SwordsDance,SuckerPunch,Protect|||M|||50|,,,,,Fire]Basculegion||ChoiceScarf|Adaptability|WaveCrash,LastRespects,FlipTurn,TeraBlast|||M|||50|,,,,,Fighting
|inactive|Battle timer is ON: inactive players will automatically lose when time's up. (requested by oops all fake outs)
|inactive|FlareIsSolar has 60 seconds left.
|inactive|oops all fake outs has 60 seconds left.
|
|t:|1756934255
|teamsize|p1|4
|teamsize|p2|4
|start
|switch|p1a: Kommo-o|Kommo-o, L50, F|100/100
|switch|p1b: Amoonguss|Amoonguss, L50, F|100/100
|switch|p2a: Ninetales|Ninetales-Alola, L50, F|100/100
|switch|p2b: Magmar|Magmar, L50, F|100/100
|-weather|Snowscape|[from] ability: Snow Warning|[of] p2a: Ninetales
|turn|1
|
|t:|1756934276
|switch|p1b: Tyranitar|Tyranitar, L50, M|100/100
|-weather|Sandstorm|[from] ability: Sand Stream|[of] p1b: Tyranitar
|move|p1a: Kommo-o|Protect|p1a: Kommo-o
|-singleturn|p1a: Kommo-o|Protect
|move|p2a: Ninetales|Blizzard|p1b: Tyranitar|[spread] 
|-activate|p1a: Kommo-o|move: Protect
|-miss|p2a: Ninetales|p1b: Tyranitar
|move|p2b: Magmar|Heat Wave|p1b: Tyranitar|[spread] 
|-activate|p1a: Kommo-o|move: Protect
|-miss|p2b: Magmar|p1b: Tyranitar
|
|-weather|Sandstorm|[upkeep]
|-damage|p2a: Ninetales|94/100|[from] Sandstorm
|-damage|p2b: Magmar|95/100|[from] Sandstorm
|upkeep
|turn|2
|
|t:|1756934297
|switch|p2b: Rillaboom|Rillaboom, L50, M|100/100
|-fieldstart|move: Grassy Terrain|[from] ability: Grassy Surge|[of] p2b: Rillaboom
|-terastallize|p1a: Kommo-o|Steel
|move|p2a: Ninetales|Encore|p1a: Kommo-o
|-start|p1a: Kommo-o|Encore
|move|p1a: Kommo-o|Protect||[still]
|-fail|p1a: Kommo-o
|move|p1b: Tyranitar|Rock Slide|p2a: Ninetales|[spread] p2a,p2b
|-supereffective|p2a: Ninetales
|-damage|p2a: Ninetales|5/100
|-damage|p2b: Rillaboom|72/100
|
|-weather|Sandstorm|[upkeep]
|-damage|p2a: Ninetales|0 fnt|[from] Sandstorm
|-damage|p2b: Rillaboom|66/100|[from] Sandstorm
|faint|p2a: Ninetales
|-heal|p2b: Rillaboom|72/100|[from] Grassy Terrain
|upkeep
|
|t:|1756934304
|switch|p2a: Kingambit|Kingambit, L50, M|100/100
|turn|3
|
|t:|1756934315
|switch|p1a: Excadrill|Excadrill, L50, F|100/100
|switch|p1b: Amoonguss|Amoonguss, L50, F|100/100
|move|p2b: Rillaboom|Wood Hammer|p1b: Amoonguss
|-resisted|p1b: Amoonguss
|-damage|p1b: Amoonguss|80/100
|-damage|p2b: Rillaboom|65/100|[from] Recoil
|move|p2a: Kingambit|Swords Dance|p2a: Kingambit
|-boost|p2a: Kingambit|atk|2
|
|-weather|Sandstorm|[upkeep]
|-damage|p2b: Rillaboom|59/100|[from] Sandstorm
|-damage|p1b: Amoonguss|74/100|[from] Sandstorm
|-heal|p2b: Rillaboom|65/100|[from] Grassy Terrain
|-heal|p1b: Amoonguss|80/100|[from] Grassy Terrain
|upkeep
|turn|4
|inactive|FlareIsSolar has 30 seconds left.
|
|t:|1756934346
|move|p1b: Amoonguss|Rage Powder|p1b: Amoonguss
|-singleturn|p1b: Amoonguss|move: Rage Powder
|move|p1a: Excadrill|High Horsepower|p2a: Kingambit
|-supereffective|p2a: Kingambit
|-damage|p2a: Kingambit|16/100
|move|p2b: Rillaboom|Wood Hammer|p1a: Excadrill
|-enditem|p1a: Excadrill|Focus Sash
|-damage|p1a: Excadrill|1/100
|-damage|p2b: Rillaboom|34/100|[from] Recoil
|move|p2a: Kingambit|Kowtow Cleave|p1b: Amoonguss
|-damage|p1b: Amoonguss|0 fnt
|faint|p1b: Amoonguss
|
|-weather|Sandstorm|[upkeep]
|-damage|p2b: Rillaboom|29/100|[from] Sandstorm
|-heal|p1a: Excadrill|7/100|[from] Grassy Terrain
|-heal|p2b: Rillaboom|34/100|[from] Grassy Terrain
|-heal|p2a: Kingambit|22/100|[from] Grassy Terrain
|upkeep
|
|t:|1756934352
|switch|p1b: Kommo-o|Kommo-o, L50, F, tera:Steel|100/100
|turn|5
|
|t:|1756934364
|move|p2b: Rillaboom|Grassy Glide|p1a: Excadrill
|-damage|p1a: Excadrill|0 fnt
|faint|p1a: Excadrill
|move|p1b: Kommo-o|Clanging Scales|p2b: Rillaboom|[spread] p2a,p2b
|-resisted|p2a: Kingambit
|-damage|p2a: Kingambit|2/100
|-damage|p2b: Rillaboom|12/100
|-unboost|p1b: Kommo-o|def|1
|-enditem|p1b: Kommo-o|Throat Spray
|-boost|p1b: Kommo-o|spa|1|[from] item: Throat Spray
|move|p2a: Kingambit|Kowtow Cleave|p1b: Kommo-o
|-damage|p1b: Kommo-o|0 fnt
|faint|p1b: Kommo-o
|
|-weather|none
|-heal|p2b: Rillaboom|18/100|[from] Grassy Terrain
|-heal|p2a: Kingambit|8/100|[from] Grassy Terrain
|upkeep
|-message|FlareIsSolar forfeited.
|
|win|oops all fake outs
||FlareIsSolar is ready for game 3.
||oops all fake outs is ready for game 3.
|uhtml|next|Next: Game 3 of 3
