|j|☆Cannon14
|j|☆homerj71
|html|Cannon14homerj71    
|uhtml|bestof|Game 3 of a best-of-3
|t:|1785659562
|gametype|doubles
|player|p1|Cannon14|gentleman|1232
|player|p2|homerj71|1|1187
|gen|9
|tier|[Gen 9 Champions] VGC 2026 Reg M-B (Bo3)
|rated|
|rule|Species Clause: Limit one of each Pokémon
|rule|Item Clause: Limit 1 of each item
|clearpoke
|poke|p1|Dragonite, L50, F|
|poke|p1|Floette-Eternal, L50, F|
|poke|p1|Whimsicott, L50, F|
|poke|p1|Kingambit, L50, F|
|poke|p1|Arcanine-Hisui, L50, F|
|poke|p1|Farigiraf, L50, F|
|poke|p2|Tyranitar, L50, F|
|poke|p2|Staraptor, L50, F|
|poke|p2|Gholdengo, L50|
|poke|p2|Excadrill, L50, F|
|poke|p2|Sinistcha, L50|
|poke|p2|Milotic, L50, F|
|teampreview|4
|showteam|p1|Dragonite||DragonFang|InnerFocus|DragonClaw,LowKick,ExtremeSpeed,Protect|Adamant||F|||50|]Floette-Eternal||Floettite|FlowerVeil|Moonblast,DazzlingGleam,LightofRuin,Protect|Calm||F|||50|]Whimsicott||FocusSash|Prankster|Tailwind,Moonblast,Encore,Protect|Modest||F|||50|]Kingambit||BlackGlasses|Defiant|KowtowCleave,SuckerPunch,IronHead,SwordsDance|Adamant||F|||50|]Arcanine-Hisui||ChopleBerry|Intimidate|FlareBlitz,RockSlide,HeadSmash,Protect|Jolly||F|||50|]Farigiraf||SitrusBerry|ArmorTail|TwinBeam,Thunderbolt,TrickRoom,Protect|Relaxed||F|||50|
|showteam|p2|Tyranitar||Tyranitarite|SandStream|KnockOff,RockSlide,Protect,LowKick|Jolly||F|||50|]Staraptor||Staraptite|Intimidate|DualWingbeat,CloseCombat,Protect,Tailwind|Jolly||F|||50|]Gholdengo||LifeOrb|GoodasGold|MakeItRain,NastyPlot,Protect,ShadowBall|Timid|||||50|]Excadrill||FocusSash|SandRush|HighHorsepower,IronHead,RockSlide,Protect|Adamant||F|||50|]Sinistcha||SitrusBerry|Hospitality|MatchaGotcha,RagePowder,ShadowBall,Protect|Calm|||||50|]Milotic||Leftovers|Competitive|Scald,IcyWind,Protect,IceBeam|Modest||F|||50|
|inactive|Battle timer is ON: inactive players will automatically lose when time's up. (requested by Cannon14)
|inactive|Cannon14 has 60 seconds left.
|
|t:|1785659595
|teamsize|p1|4
|teamsize|p2|4
|start
|switch|p1a: Whilpy|Whimsicott, L50, F|100/100
|switch|p1b: Bloop|Dragonite, L50, F|100/100
|switch|p2a: Tyranitar|Tyranitar, L50, F|100/100
|switch|p2b: Excadrill|Excadrill, L50, F|100/100
|-weather|Sandstorm|[from] ability: Sand Stream|[of] p2a: Tyranitar
|turn|1
|
|t:|1785659616
|switch|p2a: Sinistcha|Sinistcha, L50|100/100
|move|p1a: Whilpy|Tailwind|p1a: Whilpy
|-sidestart|p1: Cannon14|move: Tailwind
|move|p2b: Excadrill|Iron Head|p1a: Whilpy
|-supereffective|p1a: Whilpy|1
|-enditem|p1a: Whilpy|Focus Sash
|-damage|p1a: Whilpy|1/100
|move|p1b: Bloop|Low Kick|p2a: Sinistcha
|-immune|p2a: Sinistcha
|
|-weather|Sandstorm|[upkeep]
|-damage|p1a: Whilpy|0 fnt|[from] Sandstorm
|-damage|p1b: Bloop|93/100|[from] Sandstorm
|-damage|p2a: Sinistcha|93/100|[from] Sandstorm
|faint|p1a: Whilpy
|upkeep
|
|t:|1785659621
|switch|p1a: Sushi|Kingambit, L50, F|100/100
|turn|2
|
|t:|1785659634
|move|p2a: Sinistcha|Rage Powder|p2a: Sinistcha
|-singleturn|p2a: Sinistcha|move: Rage Powder
|move|p2b: Excadrill|High Horsepower|p1a: Sushi
|-supereffective|p1a: Sushi|1
|-damage|p1a: Sushi|7/100
|move|p1b: Bloop|Dragon Claw|p2a: Sinistcha
|-damage|p2a: Sinistcha|46/100
|-enditem|p2a: Sinistcha|Sitrus Berry|[eat]
|-heal|p2a: Sinistcha|71/100|[from] item: Sitrus Berry
|move|p1a: Sushi|Kowtow Cleave|p2a: Sinistcha
|-supereffective|p2a: Sinistcha|1
|-damage|p2a: Sinistcha|0 fnt
|faint|p2a: Sinistcha
|
|-weather|Sandstorm|[upkeep]
|-damage|p1b: Bloop|87/100|[from] Sandstorm
|upkeep
|
|t:|1785659643
|switch|p2a: Tyranitar|Tyranitar, L50, F|100/100
|turn|3
|
|t:|1785659649
|detailschange|p2a: Tyranitar|Tyranitar-Mega, L50, F
|-mega|p2a: Tyranitar|Tyranitar|Tyranitarite
|move|p1a: Sushi|Sucker Punch|p2b: Excadrill
|-crit|p2b: Excadrill
|-enditem|p2b: Excadrill|Focus Sash
|-damage|p2b: Excadrill|1/100
|move|p2b: Excadrill|Rock Slide|p1a: Sushi|[spread] 
|-miss|p2b: Excadrill|p1a: Sushi
|-miss|p2b: Excadrill|p1b: Bloop
|move|p1b: Bloop|Low Kick|p2a: Tyranitar
|-supereffective|p2a: Tyranitar|2
|-damage|p2a: Tyranitar|0 fnt
|faint|p2a: Tyranitar
|
|-weather|Sandstorm|[upkeep]
|-damage|p1b: Bloop|81/100|[from] Sandstorm
|upkeep
|
|t:|1785659659
|switch|p2a: Gholdengo|Gholdengo, L50|100/100
|turn|4
|
|t:|1785659671
|move|p1b: Bloop|Protect|p1b: Bloop
|-singleturn|p1b: Bloop|Protect
|move|p1a: Sushi|Sucker Punch|p2b: Excadrill
|-damage|p2b: Excadrill|0 fnt
|faint|p2b: Excadrill
|move|p2a: Gholdengo|Nasty Plot|p2a: Gholdengo
|-boost|p2a: Gholdengo|spa|2
|
|-weather|Sandstorm|[upkeep]
|-damage|p1b: Bloop|75/100|[from] Sandstorm
|-sideend|p1: Cannon14|move: Tailwind
|upkeep
|turn|5
|
|t:|1785659679
|move|p1a: Sushi|Sucker Punch|p2a: Gholdengo
|-supereffective|p2a: Gholdengo|1
|-damage|p2a: Gholdengo|1/100
|move|p2a: Gholdengo|Make It Rain|p1a: Sushi|[spread] p1a,p1b
|-resisted|p1a: Sushi|1
|-damage|p1a: Sushi|0 fnt
|-damage|p1b: Bloop|0 fnt
|-unboost|p2a: Gholdengo|spa|2
|faint|p1a: Sushi
|faint|p1b: Bloop
|-damage|p2a: Gholdengo|0 fnt|[from] item: Life Orb
|faint|p2a: Gholdengo
|
|win|Cannon14
|raw|Cannon14's rating: 1232 → 1254(+22 for winning)
|raw|homerj71's rating: 1187 → 1165(-22 for losing)
