|j|☆Kamikaze maniac
|j|☆Lamburrito
|html|Kamikaze maniacLamburrito    
|uhtml|bestof|Game 2 of a best-of-3
|t:|1782254832
|gametype|doubles
|player|p1|Kamikaze maniac|266|1096
|player|p2|Lamburrito|marlon|1077
|gen|9
|tier|[Gen 9 Champions] VGC 2026 Reg M-B (Bo3)
|rated|
|rule|Species Clause: Limit one of each Pokémon
|rule|Item Clause: Limit 1 of each item
|clearpoke
|poke|p1|Scolipede, L50, M, shiny|
|poke|p1|Whimsicott, L50, M|
|poke|p1|Clefable, L50, F|
|poke|p1|Grimmsnarl, L50, M|
|poke|p1|Raichu, L50, F|
|poke|p1|Overqwil, L50, F|
|poke|p2|Scrafty, L50, M, shiny|
|poke|p2|Trevenant, L50, M, shiny|
|poke|p2|Reuniclus, L50, M, shiny|
|poke|p2|Blastoise, L50, M, shiny|
|poke|p2|Staraptor, L50, F, shiny|
|poke|p2|Scizor, L50, M|
|teampreview|4
|showteam|p1|Scolipede||Scolipite|SpeedBoost|RockSlide,LeechLife,SwordsDance,Protect|Adamant||M|||50|]Whimsicott||FocusSash|Prankster|Tailwind,Moonblast,Encore,Protect|Bold||M|||50|]Clefable||SitrusBerry|Unaware|LifeDew,Moonblast,FollowMe,IcyWind|Calm||F|||50|]Grimmsnarl||LightClay|Prankster|Reflect,LightScreen,Protect,SpiritBreak|Careful||M|||50|]Raichu||RaichuniteY|LightningRod|ZapCannon,FocusBlast,FakeOut,Protect|Hasty||F|||50|]Overqwil||Leftovers|Intimidate|BarbBarrage,ToxicSpikes,Crunch,Protect|Jolly||F|||50|
|showteam|p2|Scrafty||Scraftinite|Intimidate|Crunch,DrainPunch,Coaching,Protect|Brave||M|||50|]Trevenant||KasibBerry|Harvest|Poltergeist,DrainPunch,TrickRoom,Protect|Adamant||M|||50|]Reuniclus||LifeOrb|MagicGuard|Psychic,Superpower,RainDance,TrickRoom|Quiet||M|||50|]Blastoise||Blastoisinite|Torrent|WaterSpout,DarkPulse,Protect,ShellSmash|Modest||M|||50|]Staraptor||ChoiceScarf|Intimidate|FinalGambit,DualWingbeat,CloseCombat,Tailwind|Jolly||F|||50|]Scizor||SitrusBerry|Technician|BulletPunch,BugBite,QuickGuard,Protect|Adamant||M|||50|
|inactive|Battle timer is ON: inactive players will automatically lose when time's up. (requested by Kamikaze maniac)
|inactive|Lamburrito has 60 seconds left.
|
|t:|1782254927
|teamsize|p1|4
|teamsize|p2|4
|start
|switch|p1a: Grimmsnarl|Grimmsnarl, L50, M|100/100
|switch|p1b: Raichu|Raichu, L50, F|100/100
|switch|p2a: Scizor|Scizor, L50, M|100/100
|switch|p2b: Callum|Scrafty, L50, M, shiny|100/100
|-ability|p2b: Callum|Intimidate|boost
|-unboost|p1a: Grimmsnarl|atk|1
|-unboost|p1b: Raichu|atk|1
|turn|1
|
|t:|1782254947
|switch|p2b: Bob The Blob|Reuniclus, L50, M, shiny|100/100
|detailschange|p1b: Raichu|Raichu-Mega-Y, L50, F
|-mega|p1b: Raichu|Raichu|Raichunite Y
|move|p2a: Scizor|Quick Guard|p2a: Scizor
|-singleturn|p2a: Scizor|Quick Guard
|move|p1a: Grimmsnarl|Reflect|p1a: Grimmsnarl
|-sidestart|p1: Kamikaze maniac|Reflect
|move|p1b: Raichu|Zap Cannon|p2a: Scizor
|-damage|p2a: Scizor|16/100
|-status|p2a: Scizor|par
|-enditem|p2a: Scizor|Sitrus Berry|[eat]
|-heal|p2a: Scizor|41/100 par|[from] item: Sitrus Berry
|
|upkeep
|turn|2
|
|t:|1782254971
|move|p2a: Scizor|Bullet Punch|p1a: Grimmsnarl
|-supereffective|p1a: Grimmsnarl|1
|-damage|p1a: Grimmsnarl|38/100
|move|p1b: Raichu|Zap Cannon|p2b: Bob The Blob
|-damage|p2b: Bob The Blob|23/100
|-status|p2b: Bob The Blob|par
|move|p1a: Grimmsnarl|Spirit Break|p2b: Bob The Blob
|-damage|p2b: Bob The Blob|4/100 par
|-unboost|p2b: Bob The Blob|spa|1
|move|p2b: Bob The Blob|Trick Room|p2b: Bob The Blob
|-fieldstart|move: Trick Room|[of] p2b: Bob The Blob
|
|upkeep
|turn|3
|
|t:|1782254995
|move|p1a: Grimmsnarl|Protect|p1a: Grimmsnarl
|-singleturn|p1a: Grimmsnarl|Protect
|move|p1b: Raichu|Protect|p1b: Raichu
|-singleturn|p1b: Raichu|Protect
|move|p2a: Scizor|Bullet Punch|p1a: Grimmsnarl
|-activate|p1a: Grimmsnarl|move: Protect
|cant|p2b: Bob The Blob|par
|
|upkeep
|turn|4
|
|t:|1782255009
|switch|p1a: Overqwil|Overqwil, L50, F|100/100
|-ability|p1a: Overqwil|Intimidate|boost
|-unboost|p2a: Scizor|atk|1
|-unboost|p2b: Bob The Blob|atk|1
|switch|p1b: Breeze|Whimsicott, L50, M|100/100
|move|p2a: Scizor|Bullet Punch|p1b: Breeze
|-supereffective|p1b: Breeze|1
|-damage|p1b: Breeze|71/100
|move|p2b: Bob The Blob|Psychic|p1b: Breeze
|-damage|p1b: Breeze|10/100
|
|upkeep
|turn|5
|
|t:|1782255031
|switch|p2b: Callum|Scrafty, L50, M, shiny|100/100
|-ability|p2b: Callum|Intimidate|boost
|-unboost|p1a: Overqwil|atk|1
|-unboost|p1b: Breeze|atk|1
|move|p1b: Breeze|Protect|p1b: Breeze
|-singleturn|p1b: Breeze|Protect
|move|p2a: Scizor|Bullet Punch|p1b: Breeze
|-activate|p1b: Breeze|move: Protect
|move|p1a: Overqwil|Toxic Spikes|p2b: Callum
|-sidestart|p2: Lamburrito|move: Toxic Spikes
|
|upkeep
|turn|6
|
|t:|1782255055
|detailschange|p2b: Callum|Scrafty-Mega, L50, M, shiny
|-mega|p2b: Callum|Scrafty|Scraftinite
|-ability|p2b: Callum|Intimidate|boost
|-unboost|p1a: Overqwil|atk|1
|-unboost|p1b: Breeze|atk|1
|move|p1a: Overqwil|Protect|p1a: Overqwil
|-singleturn|p1a: Overqwil|Protect
|move|p2a: Scizor|Bullet Punch|p1b: Breeze
|-supereffective|p1b: Breeze|1
|-damage|p1b: Breeze|0 fnt
|faint|p1b: Breeze
|move|p2b: Callum|Coaching|p2a: Scizor
|-boost|p2a: Scizor|atk|1
|-boost|p2a: Scizor|def|1
|
|-fieldend|move: Trick Room
|upkeep
|
|t:|1782255068
|switch|p1b: Raichu|Raichu-Mega-Y, L50, F|100/100
|turn|7
|
|t:|1782255080
|switch|p1a: Grimmsnarl|Grimmsnarl, L50, M|38/100
|move|p2a: Scizor|Protect|p2a: Scizor
|-singleturn|p2a: Scizor|Protect
|move|p1b: Raichu|Focus Blast|p2a: Scizor
|-activate|p2a: Scizor|move: Protect
|move|p2b: Callum|Drain Punch|p1b: Raichu
|-damage|p1b: Raichu|27/100
|
|upkeep
|turn|8
|inactive|Lamburrito has 30 seconds left.
|
|t:|1782255111
|switch|p2a: Bob The Blob|Reuniclus, L50, M, shiny|4/100 par
|move|p1b: Raichu|Zap Cannon|p2a: Bob The Blob
|-damage|p2a: Bob The Blob|0 fnt
|faint|p2a: Bob The Blob
|move|p1a: Grimmsnarl|Spirit Break|p2b: Callum
|-supereffective|p2b: Callum|2
|-damage|p2b: Callum|0 fnt
|faint|p2b: Callum
|
|-sideend|p1: Kamikaze maniac|Reflect
|upkeep
|
|t:|1782255122
|switch|p2b: Scizor|Scizor, L50, M|41/100 par
|switch|p2a: Dont Do It|Staraptor, L50, F, shiny|100/100
|-ability|p2a: Dont Do It|Intimidate|boost
|-unboost|p1a: Grimmsnarl|atk|1
|-unboost|p1b: Raichu|atk|1
|turn|9
|
|t:|1782255139
|move|p1a: Grimmsnarl|Reflect|p1a: Grimmsnarl
|-sidestart|p1: Kamikaze maniac|Reflect
|move|p2b: Scizor|Bullet Punch|p1a: Grimmsnarl
|-supereffective|p1a: Grimmsnarl|1
|-damage|p1a: Grimmsnarl|0 fnt
|faint|p1a: Grimmsnarl
|move|p2a: Dont Do It|Close Combat|p1b: Raichu
|-damage|p1b: Raichu|0 fnt
|-unboost|p2a: Dont Do It|def|1
|-unboost|p2a: Dont Do It|spd|1
|faint|p1b: Raichu
|
|upkeep
|
|t:|1782255147
|switch|p1a: Overqwil|Overqwil, L50, F|100/100
|-ability|p1a: Overqwil|Intimidate|boost
|-unboost|p2a: Dont Do It|atk|1
|-unboost|p2b: Scizor|atk|1
|turn|10
|
|t:|1782255164
|move|p2a: Dont Do It|Close Combat|p1a: Overqwil
|-damage|p1a: Overqwil|82/100
|-unboost|p2a: Dont Do It|def|1
|-unboost|p2a: Dont Do It|spd|1
|move|p1a: Overqwil|Barb Barrage|p2a: Dont Do It
|-damage|p2a: Dont Do It|22/100
|-status|p2a: Dont Do It|psn
|move|p2b: Scizor|Bug Bite|p1a: Overqwil
|-damage|p1a: Overqwil|55/100
|
|-heal|p1a: Overqwil|61/100|[from] item: Leftovers
|-damage|p2a: Dont Do It|10/100 psn|[from] psn
|upkeep
|turn|11
|
|t:|1782255180
|move|p1a: Overqwil|Protect|p1a: Overqwil
|-singleturn|p1a: Overqwil|Protect
|move|p2a: Dont Do It|Close Combat|p1a: Overqwil
|-activate|p1a: Overqwil|move: Protect
|move|p2b: Scizor|Bug Bite|p1a: Overqwil
|-activate|p1a: Overqwil|move: Protect
|
|-heal|p1a: Overqwil|67/100|[from] item: Leftovers
|-damage|p2a: Dont Do It|0 fnt|[from] psn
|faint|p2a: Dont Do It
|upkeep
|turn|12
|
|t:|1782255192
|move|p1a: Overqwil|Crunch|p2b: Scizor
|-damage|p2b: Scizor|0 fnt
|faint|p2b: Scizor
|
|win|Kamikaze maniac
||Kamikaze maniac is ready for game 3.
|inactive|Lamburrito has 30 seconds to confirm battle start!
||Lamburrito is ready for game 3.
|uhtml|next|Next: Game 3 of 3
|l|☆Kamikaze maniac
|player|p1|
