|j|☆whipq
|j|☆UncAshty
|html|whipqUncAshty    
|uhtml|bestof|Game 1 of a best-of-3
|t:|1785730595
|gametype|doubles
|player|p1|whipq|169|
|player|p2|UncAshty|101|
|gen|9
|tier|[Gen 9 Champions] VGC 2026 Reg M-B (Bo3)
|rule|Species Clause: Limit one of each Pokémon
|rule|Item Clause: Limit 1 of each item
|clearpoke
|poke|p1|Oranguru, L50, M, shiny|
|poke|p1|Aegislash, L50, F, shiny|
|poke|p1|Simipour, L50, M, shiny|
|poke|p1|Chesnaught, L50, M, shiny|
|poke|p1|Snorlax, L50, F, shiny|
|poke|p1|Steelix, L50, F, shiny|
|poke|p2|Palafin, L50, M|
|poke|p2|Pelipper, L50, F|
|poke|p2|Swampert, L50, M|
|poke|p2|Raichu, L50, F|
|poke|p2|Skarmory, L50, F|
|poke|p2|Meganium, L50, M|
|teampreview|4
|showteam|p1|Oranguru||MentalHerb|InnerFocus|Instruct,HyperVoice,Protect,TrickRoom|Sassy||M|||50|]Aegislash||Leftovers|StanceChange|KingsShield,ShadowClaw,IronHead,DestinyBond|Careful||F|||50|]Simipour||SitrusBerry|Gluttony|FlipTurn,FakeOut,GrassKnot,Protect|Hasty||M|||50|]Chesnaught||Chesnaughtite|Bulletproof|DrainPunch,BodyPress,SpikyShield,SeedBomb|Impish||M|||50|]Snorlax||ChestoBerry|ThickFat|Counter,Protect,SupercellSlam,Rest|Careful||F|||50|]Steelix||Steelixite|SheerForce|DrillRun,HeavySlam,FireFang,Protect|Adamant||F|||50|
|showteam|p2|Palafin||MysticWater|ZerotoHero|FlipTurn,JetPunch,DrainPunch,Taunt|Jolly||M|||50|]Pelipper||FocusSash|Drizzle|Tailwind,Protect,WeatherBall,Hurricane|Bold||F|||50|]Swampert||Swampertite|Torrent|Earthquake,WaveCrash,KnockOff,BrickBreak|Adamant||M|||50|]Raichu||RaichuniteY|LightningRod|Thunder,ZapCannon,FocusBlast,FakeOut|Hasty||F|||50|]Skarmory||Leftovers|Sturdy|BraveBird,BodyPress,Spikes,NightSlash|Serious||F|||50|]Meganium||Meganiumite|Overgrow|DazzlingGleam,GigaDrain,WeatherBall,Reflect|Timid||M|||50|
|
|t:|1785730633
|teamsize|p1|4
|teamsize|p2|4
|start
|switch|p1a: Simipour|Simipour, L50, M, shiny|100/100
|switch|p1b: the goat|Oranguru, L50, M, shiny|100/100
|switch|p2a: Palafin|Palafin, L50, M|100/100
|switch|p2b: Meganium|Meganium, L50, M|100/100
|turn|1
|
|t:|1785730668
|detailschange|p2b: Meganium|Meganium-Mega, L50, M
|-mega|p2b: Meganium|Meganium|Meganiumite
|move|p1a: Simipour|Fake Out|p2b: Meganium
|-damage|p2b: Meganium|87/100
|move|p2a: Palafin|Flip Turn|p1b: the goat
|-damage|p1b: the goat|72/100
|
|t:|1785730676
|detailschange|p2a: Palafin|Palafin-Hero, L50, M
|switch|p2a: Pelipper|Pelipper, L50, F|100/100|[from] Flip Turn
|-weather|RainDance|[from] ability: Drizzle|[of] p2a: Pelipper
|cant|p2b: Meganium|flinch
|move|p1b: the goat|Trick Room|p1b: the goat
|-fieldstart|move: Trick Room|[of] p1b: the goat
|
|-weather|RainDance|[upkeep]
|upkeep
|turn|2
|j| KoopaPlays
|
|t:|1785730703
|move|p1b: the goat|Protect|p1b: the goat
|-singleturn|p1b: the goat|Protect
|move|p2a: Pelipper|Weather Ball|p1b: the goat
|-activate|p1b: the goat|move: Protect
|move|p2b: Meganium|Giga Drain|p1a: Simipour
|-supereffective|p1a: Simipour|1
|-damage|p1a: Simipour|0 fnt
|-heal|p2b: Meganium|100/100|[from] drain|[of] p1a: Simipour
|faint|p1a: Simipour
|
|-weather|RainDance|[upkeep]
|upkeep
|
|t:|1785730717
|switch|p1a: Snorlax|Snorlax, L50, F, shiny|100/100
|turn|3
|
|t:|1785730733
|move|p2a: Pelipper|Protect|p2a: Pelipper
|-singleturn|p2a: Pelipper|Protect
|move|p1a: Snorlax|Supercell Slam|p2a: Pelipper
|-activate|p2a: Pelipper|move: Protect
|-damage|p1a: Snorlax|50/100g|[from] supercellslam
|move|p1b: the goat|Instruct|p1a: Snorlax
|-singleturn|p1a: Snorlax|move: Instruct|[of] p1b: the goat
|move|p1a: Snorlax|Supercell Slam|p2a: Pelipper
|-activate|p2a: Pelipper|move: Protect
|-damage|p1a: Snorlax|1/100|[from] supercellslam
|move|p2b: Meganium|Dazzling Gleam|p1b: the goat|[spread] p1a,p1b
|-damage|p1a: Snorlax|0 fnt
|-damage|p1b: the goat|50/100g
|faint|p1a: Snorlax
|
|-weather|RainDance|[upkeep]
|upkeep
|
|t:|1785730735
|switch|p1a: Chesnaught|Chesnaught, L50, M, shiny|100/100
|turn|4
|
|t:|1785730761
|detailschange|p1a: Chesnaught|Chesnaught-Mega, L50, M, shiny
|-mega|p1a: Chesnaught|Chesnaught|Chesnaughtite
|move|p1a: Chesnaught|Spiky Shield|p1a: Chesnaught
|-singleturn|p1a: Chesnaught|move: Protect
|move|p1b: the goat|Hyper Voice|p2b: Meganium|[spread] p2a,p2b
|-damage|p2a: Pelipper|71/100
|-damage|p2b: Meganium|80/100
|move|p2a: Pelipper|Hurricane|p1a: Chesnaught
|-activate|p1a: Chesnaught|move: Protect
|move|p2b: Meganium|Dazzling Gleam|p1a: Chesnaught|[spread] p1b
|-activate|p1a: Chesnaught|move: Protect
|-damage|p1b: the goat|31/100
|
|-weather|RainDance|[upkeep]
|upkeep
|turn|5
|
|t:|1785730783
|move|p1a: Chesnaught|Seed Bomb|p2a: Pelipper
|-damage|p2a: Pelipper|44/100
|move|p1b: the goat|Instruct|p1a: Chesnaught
|-singleturn|p1a: Chesnaught|move: Instruct|[of] p1b: the goat
|move|p1a: Chesnaught|Seed Bomb|p2a: Pelipper
|-damage|p2a: Pelipper|18/100
|move|p2a: Pelipper|Hurricane|p1a: Chesnaught
|-supereffective|p1a: Chesnaught|2
|-damage|p1a: Chesnaught|0 fnt
|faint|p1a: Chesnaught
|move|p2b: Meganium|Dazzling Gleam|p1b: the goat
|-damage|p1b: the goat|3/100
|
|-weather|none
|-fieldend|move: Trick Room
|upkeep
|turn|6
|
|t:|1785730808
|move|p2b: Meganium|Dazzling Gleam|p1b: the goat
|-damage|p1b: the goat|0 fnt
|faint|p1b: the goat
|
|win|UncAshty
||UncAshty is ready for game 2.
||whipq is ready for game 2.
|uhtml|next|Next: Game 2 of 3
|l|☆UncAshty
|player|p2|
