|j|☆nemadevil
|j|☆Tatsugrilo
|html|nemadevilTatsugrilo    
|uhtml|bestof|Game 1 of a best-of-3
|t:|1782487878
|gametype|doubles
|player|p1|nemadevil|102|1217
|player|p2|Tatsugrilo|169|1310
|gen|9
|tier|[Gen 9 Champions] VGC 2026 Reg M-B (Bo3)
|rated|
|rule|Species Clause: Limit one of each Pokémon
|rule|Item Clause: Limit 1 of each item
|clearpoke
|poke|p1|Swampert, L50, F|
|poke|p1|Pelipper, L50, M, shiny|
|poke|p1|Dragonite, L50, M|
|poke|p1|Archaludon, L50, M|
|poke|p1|Tsareena, L50, F, shiny|
|poke|p1|Incineroar, L50, F|
|poke|p2|Sinistcha, L50|
|poke|p2|Staraptor, L50, M|
|poke|p2|Incineroar, L50, F|
|poke|p2|Delphox, L50, F|
|poke|p2|Garchomp, L50, M|
|poke|p2|Ninetales-Alola, L50, F|
|teampreview|4
|showteam|p1|Swampert||Swampertite|Torrent|WaveCrash,HighHorsepower,Protect,Earthquake|Adamant||F|||50|]Pelipper||FocusSash|Drizzle|WeatherBall,Hurricane,Protect,Tailwind|Modest||M|||50|]Dragonite||LifeOrb|InnerFocus|Hurricane,DracoMeteor,Protect,Tailwind|Timid||M|||50|]Archaludon||Magnet|Sturdy|ElectroShot,DracoMeteor,Protect,FlashCannon|Timid||M|||50|]Tsareena||KebiaBerry|QueenlyMajesty|TropKick,KnockOff,Protect,Taunt|Adamant||F|||50|]Incineroar||SitrusBerry|Intimidate|FakeOut,DarkestLariat,Taunt,PartingShot|Careful||F|||50|
|showteam|p2|Sinistcha||KasibBerry|Hospitality|MatchaGotcha,LifeDew,RagePowder,Protect|Relaxed|||||50|]Staraptor||Staraptite|Intimidate|BraveBird,CloseCombat,Roost,Protect|Jolly||M|||50|]Incineroar||Charcoal|Intimidate|FlareBlitz,ThroatChop,PartingShot,FakeOut|Jolly||F|||50|]Delphox||Delphoxite|Blaze|Psyshock,HeatWave,NastyPlot,Protect|Timid||F|||50|]Garchomp||LifeOrb|RoughSkin|Earthquake,DragonClaw,RockSlide,Protect|Jolly||M|||50|]Ninetales-Alola||FocusSash|SnowWarning|Blizzard,FreezeDry,Encore,Protect|Timid||F|||50|
|inactive|Battle timer is ON: inactive players will automatically lose when time's up. (requested by nemadevil)
|inactive|Tatsugrilo has 60 seconds left.
|
|t:|1782487994
|teamsize|p1|4
|teamsize|p2|4
|start
|switch|p1a: Incineroar|Incineroar, L50, F|100/100
|switch|p1b: Dragonite|Dragonite, L50, M|100/100
|switch|p2a: Staraptor|Staraptor, L50, M|100/100
|switch|p2b: vini jr|Incineroar, L50, F|100/100
|-ability|p2a: Staraptor|Intimidate|boost
|-unboost|p1a: Incineroar|atk|1
|-fail|p1b: Dragonite|unboost|Attack|[from] ability: Inner Focus|[of] p1b: Dragonite
|-ability|p2b: vini jr|Intimidate|boost
|-unboost|p1a: Incineroar|atk|1
|-fail|p1b: Dragonite|unboost|Attack|[from] ability: Inner Focus|[of] p1b: Dragonite
|-ability|p1a: Incineroar|Intimidate|boost
|-unboost|p2a: Staraptor|atk|1
|-unboost|p2b: vini jr|atk|1
|turn|1
|inactive|nemadevil has 30 seconds left.
|inactive|nemadevil has 20 seconds left.
|
|t:|1782488030
|switch|p1a: Pelipper|Pelipper, L50, M, shiny|100/100
|-weather|RainDance|[from] ability: Drizzle|[of] p1a: Pelipper
|detailschange|p2a: Staraptor|Staraptor-Mega, L50, M
|-mega|p2a: Staraptor|Staraptor|Staraptite
|move|p2a: Staraptor|Close Combat|p1a: Pelipper
|-resisted|p1a: Pelipper|1
|-damage|p1a: Pelipper|71/100
|-boost|p2a: Staraptor|def|1
|-boost|p2a: Staraptor|spd|1
|move|p1b: Dragonite|Hurricane|p2a: Staraptor
|-supereffective|p2a: Staraptor|1
|-damage|p2a: Staraptor|0 fnt
|faint|p2a: Staraptor
|-damage|p1b: Dragonite|90/100|[from] item: Life Orb
|move|p2b: vini jr|Parting Shot|p1b: Dragonite
|-unboost|p1b: Dragonite|atk|1
|-unboost|p1b: Dragonite|spa|1
|
|t:|1782488038
|switch|p2b: Ninetales|Ninetales-Alola, L50, F|100/100|[from] Parting Shot
|-weather|Snowscape|[from] ability: Snow Warning|[of] p2b: Ninetales
|
|-weather|Snowscape|[upkeep]
|upkeep
|
|t:|1782488045
|switch|p2a: vini jr|Incineroar, L50, F|100/100
|-ability|p2a: vini jr|Intimidate|boost
|-unboost|p1a: Pelipper|atk|1
|-fail|p1b: Dragonite|unboost|Attack|[from] ability: Inner Focus|[of] p1b: Dragonite
|turn|2
|
|t:|1782488062
|switch|p1a: Incineroar|Incineroar, L50, F|100/100
|-ability|p1a: Incineroar|Intimidate|boost
|-unboost|p2a: vini jr|atk|1
|-unboost|p2b: Ninetales|atk|1
|move|p1b: Dragonite|Protect|p1b: Dragonite
|-singleturn|p1b: Dragonite|Protect
|move|p2b: Ninetales|Blizzard|p1a: Incineroar|[spread] p1a
|-activate|p1b: Dragonite|move: Protect
|-resisted|p1a: Incineroar|1
|-damage|p1a: Incineroar|88/100
|move|p2a: vini jr|Parting Shot|p1a: Incineroar
|-unboost|p1a: Incineroar|atk|1
|-unboost|p1a: Incineroar|spa|1
|
|t:|1782488065
|switch|p2a: Sinistcha|Sinistcha, L50|100/100|[from] Parting Shot
|
|-weather|Snowscape|[upkeep]
|upkeep
|turn|3
|inactive|nemadevil has 30 seconds left.
|
|t:|1782488093
|switch|p2a: vini jr|Incineroar, L50, F|100/100
|-ability|p2a: vini jr|Intimidate|boost
|-unboost|p1a: Incineroar|atk|1
|-fail|p1b: Dragonite|unboost|Attack|[from] ability: Inner Focus|[of] p1b: Dragonite
|move|p2b: Ninetales|Protect|p2b: Ninetales
|-singleturn|p2b: Ninetales|Protect
|move|p1b: Dragonite|Tailwind|p1b: Dragonite
|-sidestart|p1: nemadevil|move: Tailwind
|move|p1a: Incineroar|Taunt|p2a: vini jr
|-start|p2a: vini jr|move: Taunt
|
|-weather|Snowscape|[upkeep]
|upkeep
|turn|4
|
|t:|1782488115
|switch|p1b: Swampert|Swampert, L50, F|100/100
|move|p2a: vini jr|Fake Out|p1a: Incineroar
|-damage|p1a: Incineroar|77/100
|cant|p1a: Incineroar|flinch
|move|p2b: Ninetales|Encore|p1a: Incineroar
|-start|p1a: Incineroar|Encore
|
|-weather|Snowscape|[upkeep]
|upkeep
|turn|5
|inactive|nemadevil has 30 seconds left.
|
|t:|1782488142
|switch|p1a: Pelipper|Pelipper, L50, M, shiny|71/100
|-weather|RainDance|[from] ability: Drizzle|[of] p1a: Pelipper
|switch|p2a: Sinistcha|Sinistcha, L50|100/100
|move|p1b: Swampert|Protect|p1b: Swampert
|-singleturn|p1b: Swampert|Protect
|move|p2b: Ninetales|Freeze-Dry|p1b: Swampert
|-activate|p1b: Swampert|move: Protect
|
|-weather|RainDance|[upkeep]
|upkeep
|turn|6
|inactive|nemadevil has 30 seconds left.
|
|t:|1782488177
|switch|p2a: vini jr|Incineroar, L50, F|100/100
|-ability|p2a: vini jr|Intimidate|boost
|-unboost|p1a: Pelipper|atk|1
|-unboost|p1b: Swampert|atk|1
|detailschange|p1b: Swampert|Swampert-Mega, L50, F
|-mega|p1b: Swampert|Swampert|Swampertite
|move|p2b: Ninetales|Protect|p2b: Ninetales
|-singleturn|p2b: Ninetales|Protect
|move|p1b: Swampert|Earthquake|p2b: Ninetales|[spread] p2a
|-activate|p2b: Ninetales|move: Protect
|-immune|p1a: Pelipper
|-supereffective|p2a: vini jr|1
|-damage|p2a: vini jr|39/100
|move|p1a: Pelipper|Hurricane|p2a: vini jr
|-damage|p2a: vini jr|0 fnt
|faint|p2a: vini jr
|
|-weather|RainDance|[upkeep]
|-sideend|p1: nemadevil|move: Tailwind
|upkeep
|
|t:|1782488179
|switch|p2a: Sinistcha|Sinistcha, L50|100/100
|turn|7
|inactive|nemadevil has 30 seconds left.
|
|t:|1782488204
|move|p1b: Swampert|Earthquake|p2a: Sinistcha|[spread] p2a,p2b
|-immune|p1a: Pelipper
|-resisted|p2a: Sinistcha|1
|-damage|p2a: Sinistcha|86/100
|-damage|p2b: Ninetales|52/100
|move|p2b: Ninetales|Freeze-Dry|p1a: Pelipper
|-supereffective|p1a: Pelipper|2
|-damage|p1a: Pelipper|0 fnt
|faint|p1a: Pelipper
|move|p2a: Sinistcha|Life Dew|p2a: Sinistcha|[spread] p2a,p2b
|-heal|p2a: Sinistcha|100/100
|-heal|p2b: Ninetales|77/100
|
|-weather|RainDance|[upkeep]
|upkeep
|
|t:|1782488217
|switch|p1a: Dragonite|Dragonite, L50, M|90/100
|turn|8
|
|t:|1782488236
|switch|p1b: Incineroar|Incineroar, L50, F|77/100
|-ability|p1b: Incineroar|Intimidate|boost
|-unboost|p2a: Sinistcha|atk|1
|-unboost|p2b: Ninetales|atk|1
|move|p1a: Dragonite|Protect|p1a: Dragonite
|-singleturn|p1a: Dragonite|Protect
|move|p2a: Sinistcha|Rage Powder|p2a: Sinistcha
|-singleturn|p2a: Sinistcha|move: Rage Powder
|move|p2b: Ninetales|Freeze-Dry|p1a: Dragonite
|-activate|p1a: Dragonite|move: Protect
|
|-weather|RainDance|[upkeep]
|upkeep
|turn|9
|
|t:|1782488248
|move|p2b: Ninetales|Protect|p2b: Ninetales
|-singleturn|p2b: Ninetales|Protect
|move|p1b: Incineroar|Fake Out|p2b: Ninetales
|-activate|p2b: Ninetales|move: Protect
|move|p1a: Dragonite|Tailwind|p1a: Dragonite
|-sidestart|p1: nemadevil|move: Tailwind
|move|p2a: Sinistcha|Life Dew||[still]|[spread] p2a,p2b
|-fail|p2a: Sinistcha|heal
|-heal|p2b: Ninetales|100/100
|
|-weather|none
|upkeep
|turn|10
|
|t:|1782488263
|move|p2a: Sinistcha|Rage Powder|p2a: Sinistcha
|-singleturn|p2a: Sinistcha|move: Rage Powder
|move|p1a: Dragonite|Hurricane|p2a: Sinistcha
|-supereffective|p2a: Sinistcha|1
|-damage|p2a: Sinistcha|0 fnt
|faint|p2a: Sinistcha
|-damage|p1a: Dragonite|80/100|[from] item: Life Orb
|move|p1b: Incineroar|Taunt|p2b: Ninetales
|-start|p2b: Ninetales|move: Taunt
|move|p2b: Ninetales|Freeze-Dry|p1a: Dragonite
|-supereffective|p1a: Dragonite|2
|-damage|p1a: Dragonite|0 fnt
|faint|p1a: Dragonite
|
|upkeep
|
|t:|1782488275
|switch|p1a: Swampert|Swampert-Mega, L50, F|100/100
|turn|11
|
|t:|1782488282
|move|p1a: Swampert|Wave Crash|p2b: Ninetales
|-enditem|p2b: Ninetales|Focus Sash
|-damage|p2b: Ninetales|1/100
|-damage|p1a: Swampert|73/100|[from] Recoil
|move|p1b: Incineroar|Darkest Lariat|p2b: Ninetales
|-resisted|p2b: Ninetales|1
|-damage|p2b: Ninetales|0 fnt
|faint|p2b: Ninetales
|
|win|nemadevil
||Tatsugrilo is ready for game 2.
|inactive|nemadevil has 30 seconds to confirm battle start!
||nemadevil is ready for game 2.
|uhtml|next|Next: Game 2 of 3
|l|☆Tatsugrilo
|player|p2|
