|j|☆FlareIsSolar
|j|☆totsbite4
|html|FlareIsSolartotsbite4    
|uhtml|bestof|Game 2 of a best-of-3
|t:|1756746823
|gametype|doubles
|player|p1|FlareIsSolar|volkner|1294
|player|p2|totsbite4|jogger|1292
|gen|9
|tier|[Gen 9] VGC 2025 Reg H (Bo3)
|rated|
|rule|Species Clause: Limit one of each Pokémon
|rule|Item Clause: Limit 1 of each item
|clearpoke
|poke|p1|Tyranitar, L50, M|
|poke|p1|Excadrill, L50, F|
|poke|p1|Kommo-o, L50, M|
|poke|p1|Basculegion, L50, M|
|poke|p1|Amoonguss, L50, M|
|poke|p1|Incineroar, L50, F|
|poke|p2|Kommo-o, L50, F|
|poke|p2|Electabuzz, L50, M|
|poke|p2|Primarina, L50, F|
|poke|p2|Incineroar, L50, M|
|poke|p2|Rillaboom, L50, M|
|poke|p2|Sneasler, L50, F|
|teampreview|4
|showteam|p1|Tyranitar||AssaultVest|SandStream|KnockOff,RockSlide,LowKick,TeraBlast|||M|||50|,,,,,Flying]Excadrill||FocusSash|SandRush|Earthquake,HighHorsepower,IronHead,Protect|||F|||50|,,,,,Ground]Kommo-o||ThroatSpray|Overcoat|ClangorousSoul,ClangingScales,AuraSphere,Protect|||M|||50|,,,,,Steel]Basculegion||ChoiceScarf|Adaptability|WaveCrash,LastRespects,FlipTurn,AquaJet|||M|||50|,,,,,Grass]Amoonguss||SitrusBerry|Regenerator|PollenPuff,Spore,RagePowder,Protect|||M|||50|,,,,,Water]Incineroar||SafetyGoggles|Intimidate|KnockOff,FlareBlitz,PartingShot,FakeOut|||F|||50|,,,,,Ghost
|showteam|p2|Kommo-o||ThroatSpray|Soundproof|ClangingScales,Flamethrower,ClangorousSoul,Protect|||F|||50|,,,,,Fire]Electabuzz||Eviolite|VitalSpirit|FollowMe,Electroweb,Taunt,Protect|||M|||50|,,,,,Ghost]Primarina||LifeOrb|LiquidVoice|HyperVoice,Moonblast,Haze,Protect|||F|||50|,,,,,Poison]Incineroar||SafetyGoggles|Intimidate|FakeOut,FlareBlitz,KnockOff,PartingShot|||M|||50|,,,,,Ghost]Rillaboom||AssaultVest|GrassySurge|GrassyGlide,WoodHammer,FakeOut,Uturn|||M|||50|,,,,,Fire]Sneasler||FocusSash|Unburden|DireClaw,CloseCombat,ThroatChop,Protect|||F|||50|,,,,,Dark
|inactive|Battle timer is ON: inactive players will automatically lose when time's up. (requested by totsbite4)
|
|t:|1756746847
|teamsize|p1|4
|teamsize|p2|4
|start
|switch|p1a: Excadrill|Excadrill, L50, F|100/100
|switch|p1b: Tyranitar|Tyranitar, L50, M|100/100
|switch|p2a: Incineroar|Incineroar, L50, M|100/100
|switch|p2b: Primarina|Primarina, L50, F|100/100
|-ability|p2a: Incineroar|Intimidate|boost
|-unboost|p1a: Excadrill|atk|1
|-unboost|p1b: Tyranitar|atk|1
|-weather|Sandstorm|[from] ability: Sand Stream|[of] p1b: Tyranitar
|turn|1
|inactive|totsbite4 has 30 seconds left.
|
|t:|1756746879
|switch|p1a: Basculegion|Basculegion, L50, M|100/100
|switch|p1b: Amoonguss|Amoonguss, L50, M|100/100
|-terastallize|p2a: Incineroar|Ghost
|move|p2a: Incineroar|Knock Off|p1b: Amoonguss
|-damage|p1b: Amoonguss|58/100
|-enditem|p1b: Amoonguss|Sitrus Berry|[from] move: Knock Off|[of] p2a: Incineroar
|move|p2b: Primarina|Hyper Voice|p1b: Amoonguss|[spread] p1a,p1b
|-resisted|p1a: Basculegion
|-resisted|p1b: Amoonguss
|-damage|p1a: Basculegion|73/100
|-damage|p1b: Amoonguss|41/100
|-damage|p2b: Primarina|91/100|[from] item: Life Orb
|
|-weather|Sandstorm|[upkeep]
|-damage|p1a: Basculegion|67/100|[from] Sandstorm
|-damage|p2b: Primarina|85/100|[from] Sandstorm
|-damage|p1b: Amoonguss|35/100|[from] Sandstorm
|upkeep
|turn|2
|inactive|FlareIsSolar has 30 seconds left.
|inactive|totsbite4 has 30 seconds left.
|
|t:|1756746909
|switch|p2b: Rillaboom|Rillaboom, L50, M|100/100
|-fieldstart|move: Grassy Terrain|[from] ability: Grassy Surge|[of] p2b: Rillaboom
|move|p1b: Amoonguss|Protect|p1b: Amoonguss
|-singleturn|p1b: Amoonguss|Protect
|move|p1a: Basculegion|Flip Turn|p2a: Incineroar
|-damage|p2a: Incineroar|60/100
|
|t:|1756746916
|switch|p1a: Excadrill|Excadrill, L50, F|100/100|[from] Flip Turn
|move|p2a: Incineroar|Parting Shot|p1a: Excadrill
|-unboost|p1a: Excadrill|atk|1
|-unboost|p1a: Excadrill|spa|1
|
|t:|1756746924
|switch|p2a: Primarina|Primarina, L50, F|85/100|[from] Parting Shot
|
|-weather|Sandstorm|[upkeep]
|-damage|p2b: Rillaboom|94/100|[from] Sandstorm
|-damage|p2a: Primarina|79/100|[from] Sandstorm
|-damage|p1b: Amoonguss|30/100|[from] Sandstorm
|-heal|p2b: Rillaboom|100/100|[from] Grassy Terrain
|-heal|p2a: Primarina|85/100|[from] Grassy Terrain
|-heal|p1b: Amoonguss|35/100|[from] Grassy Terrain
|upkeep
|turn|3
|
|t:|1756746936
|switch|p2a: Incineroar|Incineroar, L50, M, tera:Ghost|60/100
|-ability|p2a: Incineroar|Intimidate|boost
|-unboost|p1a: Excadrill|atk|1
|-unboost|p1b: Amoonguss|atk|1
|move|p2b: Rillaboom|Fake Out|p1b: Amoonguss
|-damage|p1b: Amoonguss|22/100
|move|p1a: Excadrill|Iron Head|p2b: Rillaboom
|-damage|p2b: Rillaboom|80/100
|cant|p1b: Amoonguss|flinch
|
|-weather|Sandstorm|[upkeep]
|-damage|p2b: Rillaboom|74/100|[from] Sandstorm
|-damage|p1b: Amoonguss|16/100|[from] Sandstorm
|-heal|p2b: Rillaboom|80/100|[from] Grassy Terrain
|-heal|p2a: Incineroar|66/100|[from] Grassy Terrain
|-heal|p1b: Amoonguss|22/100|[from] Grassy Terrain
|upkeep
|turn|4
|
|t:|1756746957
|switch|p1b: Tyranitar|Tyranitar, L50, M|100/100
|move|p1a: Excadrill|Protect|p1a: Excadrill
|-singleturn|p1a: Excadrill|Protect
|move|p2b: Rillaboom|U-turn|p1a: Excadrill
|-activate|p1a: Excadrill|move: Protect
|move|p2a: Incineroar|Parting Shot|p1b: Tyranitar
|-unboost|p1b: Tyranitar|atk|1
|-unboost|p1b: Tyranitar|spa|1
|
|t:|1756746968
|switch|p2a: Primarina|Primarina, L50, F|85/100|[from] Parting Shot
|
|-weather|Sandstorm|[upkeep]
|-damage|p2b: Rillaboom|74/100|[from] Sandstorm
|-damage|p2a: Primarina|79/100|[from] Sandstorm
|-heal|p2b: Rillaboom|80/100|[from] Grassy Terrain
|-heal|p2a: Primarina|85/100|[from] Grassy Terrain
|upkeep
|turn|5
|
|t:|1756746981
|switch|p1a: Amoonguss|Amoonguss, L50, M|55/100
|-terastallize|p1b: Tyranitar|Flying
|move|p2b: Rillaboom|Grassy Glide|p1a: Amoonguss
|-resisted|p1a: Amoonguss
|-damage|p1a: Amoonguss|47/100
|move|p2a: Primarina|Hyper Voice|p1b: Tyranitar|[spread] p1a,p1b
|-resisted|p1a: Amoonguss
|-damage|p1a: Amoonguss|31/100
|-damage|p1b: Tyranitar|74/100
|-damage|p2a: Primarina|76/100|[from] item: Life Orb
|move|p1b: Tyranitar|Knock Off|p2a: Primarina
|-resisted|p2a: Primarina
|-damage|p2a: Primarina|53/100
|-enditem|p2a: Primarina|Life Orb|[from] move: Knock Off|[of] p1b: Tyranitar
|
|-weather|none
|-heal|p2b: Rillaboom|86/100|[from] Grassy Terrain
|-heal|p2a: Primarina|58/100|[from] Grassy Terrain
|-heal|p1a: Amoonguss|37/100|[from] Grassy Terrain
|upkeep
|turn|6
|inactive|FlareIsSolar has 30 seconds left.
|inactive|totsbite4 has 30 seconds left.
|inactive|totsbite4 has 20 seconds left.
|inactive|totsbite4 has 15 seconds left.
|
|t:|1756747024
|switch|p2a: Incineroar|Incineroar, L50, M, tera:Ghost|66/100
|-ability|p2a: Incineroar|Intimidate|boost
|-unboost|p1a: Amoonguss|atk|1
|-unboost|p1b: Tyranitar|atk|1
|move|p2b: Rillaboom|U-turn|p1a: Amoonguss
|-damage|p1a: Amoonguss|13/100
|
|t:|1756747033
|switch|p2b: Sneasler|Sneasler, L50, F|100/100|[from] U-turn
|move|p1b: Tyranitar|Tera Blast|p2b: Sneasler|[anim] Tera Blast Flying
|-supereffective|p2b: Sneasler
|-damage|p2b: Sneasler|22/100
|move|p1a: Amoonguss|Spore|p2a: Incineroar
|-activate|p2a: Incineroar|item: Safety Goggles|Spore
|
|-heal|p2b: Sneasler|28/100|[from] Grassy Terrain
|-heal|p2a: Incineroar|72/100|[from] Grassy Terrain
|-heal|p1a: Amoonguss|19/100|[from] Grassy Terrain
|-fieldend|move: Grassy Terrain
|upkeep
|turn|7
|inactive|FlareIsSolar has 30 seconds left.
|
|t:|1756747078
|move|p1a: Amoonguss|Protect|p1a: Amoonguss
|-singleturn|p1a: Amoonguss|Protect
|move|p2b: Sneasler|Dire Claw|p1a: Amoonguss
|-activate|p1a: Amoonguss|move: Protect
|move|p2a: Incineroar|Knock Off|p1b: Tyranitar
|-damage|p1b: Tyranitar|40/100
|-enditem|p1b: Tyranitar|Assault Vest|[from] move: Knock Off|[of] p2a: Incineroar
|move|p1b: Tyranitar|Knock Off|p2a: Incineroar
|-supereffective|p2a: Incineroar
|-damage|p2a: Incineroar|16/100
|-enditem|p2a: Incineroar|Safety Goggles|[from] move: Knock Off|[of] p1b: Tyranitar
|
|upkeep
|turn|8
|
|t:|1756747096
|switch|p1a: Excadrill|Excadrill, L50, F|100/100
|move|p2b: Sneasler|Dire Claw|p1a: Excadrill
|-immune|p1a: Excadrill
|move|p2a: Incineroar|Parting Shot|p1b: Tyranitar
|-unboost|p1b: Tyranitar|atk|1
|-unboost|p1b: Tyranitar|spa|1
|
|t:|1756747105
|switch|p2a: Primarina|Primarina, L50, F|58/100|[from] Parting Shot
|move|p1b: Tyranitar|Rock Slide|p2a: Primarina|[spread] p2a,p2b
|-resisted|p2b: Sneasler
|-damage|p2a: Primarina|42/100
|-damage|p2b: Sneasler|17/100
|
|upkeep
|turn|9
|
|t:|1756747125
|switch|p1b: Amoonguss|Amoonguss, L50, M|52/100
|move|p1a: Excadrill|Protect|p1a: Excadrill
|-singleturn|p1a: Excadrill|Protect
|move|p2b: Sneasler|Close Combat|p1a: Excadrill
|-activate|p1a: Excadrill|move: Protect
|move|p2a: Primarina|Moonblast|p1b: Amoonguss
|-resisted|p1b: Amoonguss
|-crit|p1b: Amoonguss
|-damage|p1b: Amoonguss|23/100
|
|upkeep
|turn|10
|inactive|totsbite4 has 30 seconds left.
|
|t:|1756747157
|switch|p2a: Rillaboom|Rillaboom, L50, M|86/100
|-fieldstart|move: Grassy Terrain|[from] ability: Grassy Surge|[of] p2a: Rillaboom
|switch|p1b: Tyranitar|Tyranitar, L50, M, tera:Flying|40/100
|-weather|Sandstorm|[from] ability: Sand Stream|[of] p1b: Tyranitar
|move|p2b: Sneasler|Protect|p2b: Sneasler
|-singleturn|p2b: Sneasler|Protect
|move|p1a: Excadrill|High Horsepower|p2a: Rillaboom
|-resisted|p2a: Rillaboom
|-damage|p2a: Rillaboom|63/100
|
|-weather|Sandstorm|[upkeep]
|-damage|p2b: Sneasler|11/100|[from] Sandstorm
|-damage|p2a: Rillaboom|57/100|[from] Sandstorm
|-damage|p1b: Tyranitar|33/100|[from] Sandstorm
|-heal|p2b: Sneasler|17/100|[from] Grassy Terrain
|-heal|p2a: Rillaboom|63/100|[from] Grassy Terrain
|upkeep
|turn|11
|
|t:|1756747177
|switch|p1b: Amoonguss|Amoonguss, L50, M|56/100
|move|p1a: Excadrill|Protect|p1a: Excadrill
|-singleturn|p1a: Excadrill|Protect
|move|p2a: Rillaboom|Fake Out|p1a: Excadrill
|-activate|p1a: Excadrill|move: Protect
|move|p2b: Sneasler|Dire Claw|p1b: Amoonguss
|-damage|p1b: Amoonguss|14/100
|-status|p1b: Amoonguss|slp
|
|-weather|Sandstorm|[upkeep]
|-damage|p2b: Sneasler|11/100|[from] Sandstorm
|-damage|p2a: Rillaboom|57/100|[from] Sandstorm
|-damage|p1b: Amoonguss|8/100 slp|[from] Sandstorm
|-heal|p2b: Sneasler|17/100|[from] Grassy Terrain
|-heal|p2a: Rillaboom|63/100|[from] Grassy Terrain
|-heal|p1b: Amoonguss|14/100 slp|[from] Grassy Terrain
|upkeep
|turn|12
|
|t:|1756747219
|switch|p2b: Incineroar|Incineroar, L50, M, tera:Ghost|16/100
|-ability|p2b: Incineroar|Intimidate|boost
|-unboost|p1a: Excadrill|atk|1
|-unboost|p1b: Amoonguss|atk|1
|switch|p1b: Tyranitar|Tyranitar, L50, M, tera:Flying|33/100
|move|p1a: Excadrill|Earthquake|p2a: Rillaboom|[spread] p2a,p2b
|-immune|p1b: Tyranitar
|-resisted|p2a: Rillaboom
|-damage|p2a: Rillaboom|57/100
|-damage|p2b: Incineroar|3/100
|move|p2a: Rillaboom|U-turn|p1a: Excadrill
|-resisted|p1a: Excadrill
|-damage|p1a: Excadrill|83/100
|
|t:|1756747243
|switch|p2a: Primarina|Primarina, L50, F|42/100|[from] U-turn
|
|-weather|Sandstorm|[upkeep]
|-damage|p2b: Incineroar|0 fnt|[from] Sandstorm
|-damage|p2a: Primarina|36/100|[from] Sandstorm
|-damage|p1b: Tyranitar|27/100|[from] Sandstorm
|faint|p2b: Incineroar
|-heal|p1a: Excadrill|89/100|[from] Grassy Terrain
|-heal|p2a: Primarina|42/100|[from] Grassy Terrain
|upkeep
|
|t:|1756747253
|switch|p2b: Rillaboom|Rillaboom, L50, M|57/100
|turn|13
|
|t:|1756747262
|switch|p1b: Amoonguss|Amoonguss, L50, M|47/100 slp
|move|p1a: Excadrill|Protect|p1a: Excadrill
|-singleturn|p1a: Excadrill|Protect
|move|p2b: Rillaboom|Fake Out|p1a: Excadrill
|-activate|p1a: Excadrill|move: Protect
|move|p2a: Primarina|Hyper Voice|p1b: Amoonguss|[spread] p1b
|-activate|p1a: Excadrill|move: Protect
|-resisted|p1b: Amoonguss
|-damage|p1b: Amoonguss|34/100 slp
|
|-weather|Sandstorm|[upkeep]
|-damage|p2b: Rillaboom|51/100|[from] Sandstorm
|-damage|p2a: Primarina|36/100|[from] Sandstorm
|-damage|p1b: Amoonguss|28/100 slp|[from] Sandstorm
|-heal|p1a: Excadrill|95/100|[from] Grassy Terrain
|-heal|p2b: Rillaboom|57/100|[from] Grassy Terrain
|-heal|p2a: Primarina|42/100|[from] Grassy Terrain
|-heal|p1b: Amoonguss|34/100 slp|[from] Grassy Terrain
|upkeep
|turn|14
|inactive|FlareIsSolar has 30 seconds left.
|
|t:|1756747296
|switch|p1a: Tyranitar|Tyranitar, L50, M, tera:Flying|27/100
|move|p2b: Rillaboom|Wood Hammer|p1a: Tyranitar
|-resisted|p1a: Tyranitar
|-damage|p1a: Tyranitar|0 fnt
|faint|p1a: Tyranitar
|-damage|p2b: Rillaboom|48/100|[from] Recoil
|move|p2a: Primarina|Hyper Voice|p1b: Amoonguss
|-resisted|p1b: Amoonguss
|-damage|p1b: Amoonguss|16/100 slp
|cant|p1b: Amoonguss|slp
|
|-weather|none
|-heal|p2b: Rillaboom|54/100|[from] Grassy Terrain
|-heal|p2a: Primarina|48/100|[from] Grassy Terrain
|-heal|p1b: Amoonguss|22/100 slp|[from] Grassy Terrain
|-fieldend|move: Grassy Terrain
|upkeep
|
|t:|1756747302
|switch|p1a: Basculegion|Basculegion, L50, M|67/100
|turn|15
|inactive|totsbite4 has 30 seconds left.
|inactive|totsbite4 has 20 seconds left.
|
|t:|1756747338
|switch|p2b: Sneasler|Sneasler, L50, F|17/100
|move|p2a: Primarina|Protect|p2a: Primarina
|-singleturn|p2a: Primarina|Protect
|move|p1a: Basculegion|Last Respects|p2b: Sneasler
|-damage|p2b: Sneasler|0 fnt
|faint|p2b: Sneasler
|cant|p1b: Amoonguss|slp
|
|upkeep
|
|t:|1756747348
|switch|p2b: Rillaboom|Rillaboom, L50, M|54/100
|-fieldstart|move: Grassy Terrain|[from] ability: Grassy Surge|[of] p2b: Rillaboom
|turn|16
|
|t:|1756747353
|move|p2b: Rillaboom|Grassy Glide|p1a: Basculegion
|-supereffective|p1a: Basculegion
|-crit|p1a: Basculegion
|-damage|p1a: Basculegion|0 fnt
|faint|p1a: Basculegion
|move|p2a: Primarina|Hyper Voice|p1b: Amoonguss
|-resisted|p1b: Amoonguss
|-damage|p1b: Amoonguss|4/100 slp
|-curestatus|p1b: Amoonguss|slp|[msg]
|move|p1b: Amoonguss|Spore|p2a: Primarina
|-status|p2a: Primarina|slp|[from] move: Spore
|
|-heal|p2b: Rillaboom|61/100|[from] Grassy Terrain
|-heal|p2a: Primarina|54/100 slp|[from] Grassy Terrain
|-heal|p1b: Amoonguss|10/100|[from] Grassy Terrain
|upkeep
|
|t:|1756747357
|switch|p1a: Excadrill|Excadrill, L50, F|95/100
|turn|17
|
|t:|1756747374
|move|p1a: Excadrill|Protect|p1a: Excadrill
|-singleturn|p1a: Excadrill|Protect
|move|p2b: Rillaboom|U-turn|p1b: Amoonguss
|-damage|p1b: Amoonguss|0 fnt
|faint|p1b: Amoonguss
|cant|p2a: Primarina|slp
|
|-heal|p1a: Excadrill|100/100|[from] Grassy Terrain
|-heal|p2b: Rillaboom|67/100|[from] Grassy Terrain
|-heal|p2a: Primarina|60/100 slp|[from] Grassy Terrain
|upkeep
|turn|18
|c|☆totsbite4|Goten
|inactive|totsbite4 has 30 seconds left.
|c|☆totsbite4|Gotem
|
|t:|1756747390
|move|p2b: Rillaboom|Grassy Glide|p1a: Excadrill
|-damage|p1a: Excadrill|50/100
|move|p1a: Excadrill|Iron Head|p2b: Rillaboom
|-damage|p2b: Rillaboom|23/100
|-curestatus|p2a: Primarina|slp|[msg]
|move|p2a: Primarina|Hyper Voice|p1a: Excadrill
|-supereffective|p1a: Excadrill
|-damage|p1a: Excadrill|0 fnt
|faint|p1a: Excadrill
|
|win|totsbite4
|raw|FlareIsSolar's rating: 1294 → 1269(-25 for losing)
|raw|totsbite4's rating: 1292 → 1317(+25 for winning)
|c|☆FlareIsSolar|nice predict
|l|☆FlareIsSolar
|player|p1|
|c|☆totsbite4|Ggs
|c|☆totsbite4|Wp
