|j|☆GothitelleVGC
|j|☆taj11
|html|GothitelleVGCtaj11    
|uhtml|bestof|Game 1 of a best-of-3
|t:|1756794103
|gametype|doubles
|player|p1|GothitelleVGC|266|1113
|player|p2|taj11|caitlin|1057
|gen|9
|tier|[Gen 9] VGC 2025 Reg H (Bo3)
|rated|
|rule|Species Clause: Limit one of each Pokémon
|rule|Item Clause: Limit 1 of each item
|clearpoke
|poke|p1|Archaludon, L50, F|
|poke|p1|Basculegion, L50, M|
|poke|p1|Magmar, L50, M|
|poke|p1|Rillaboom, L50, F|
|poke|p1|Sneasler, L50, M|
|poke|p1|Garchomp, L50, M|
|poke|p2|Volcarona, L50, M|
|poke|p2|Rillaboom, L50, M|
|poke|p2|Electabuzz, L50, M|
|poke|p2|Dragonite, L50, M|
|poke|p2|Kingambit, L50, M|
|poke|p2|Sneasler, L50, F|
|teampreview|4
|showteam|p1|Archaludon||PowerHerb|Sturdy|FlashCannon,DracoMeteor,ElectroShot,Protect|||F|||50|,,,,,Stellar]Basculegion||ChoiceScarf|Adaptability|WaveCrash,LastRespects,AquaJet,TeraBlast|||M|||50|,,,,,Grass]Magmar||Eviolite|VitalSpirit|Protect,FollowMe,WillOWisp,Overheat|||M|||50|,,,,,Ghost]Rillaboom||AssaultVest|GrassySurge|FakeOut,WoodHammer,GrassyGlide,Uturn|||F|||50|,,,,,Ghost]Sneasler||GrassySeed|Unburden|FakeOut,CloseCombat,DireClaw,Protect|||M|||50|,,,,,Ghost]Garchomp||LifeOrb|RoughSkin|Protect,DragonClaw,StompingTantrum,SwordsDance|||M|||50|,,,,,Steel
|showteam|p2|Volcarona||Leftovers|FlameBody|HeatWave,TeraBlast,QuiverDance,Protect|||M|||50|,,,,,Fairy]Rillaboom||AssaultVest|GrassySurge|WoodHammer,GrassyGlide,HighHorsepower,FakeOut|||M|||50|,,,,,Fire]Electabuzz||Eviolite|VitalSpirit|Thunderbolt,FollowMe,Taunt,Protect|||M|||50|,,,,,Ghost]Dragonite||LoadedDice|InnerFocus|ScaleShot,ExtremeSpeed,Haze,Protect|||M|||50|,,,,,Normal]Kingambit||BlackGlasses|Defiant|KowtowCleave,SuckerPunch,SwordsDance,Protect|||M|||50|,,,,,Dark]Sneasler||FocusSash|PoisonTouch|CloseCombat,DireClaw,Coaching,FakeOut|||F|||50|,,,,,Stellar
|inactive|Battle timer is ON: inactive players will automatically lose when time's up. (requested by taj11)
|
|t:|1756794170
|teamsize|p1|4
|teamsize|p2|4
|start
|switch|p1a: Garchomp|Garchomp, L50, M|100/100
|switch|p1b: Magmar|Magmar, L50, M|100/100
|switch|p2a: Kingsman|Kingambit, L50, M|100/100
|switch|p2b: Dracona|Dragonite, L50, M, shiny|100/100
|turn|1
|inactive|taj11 has 30 seconds left.
|inactive|taj11 has 20 seconds left.
|inactive|taj11 has 15 seconds left.
|inactive|taj11 has 10 seconds left.
|inactive|taj11 has 5 seconds left.
|
|t:|1756794225
|-terastallize|p1a: Garchomp|Steel
|move|p1a: Garchomp|Dragon Claw|p2b: Dracona
|-supereffective|p2b: Dracona
|-crit|p2b: Dracona
|-damage|p2b: Dracona|0 fnt
|faint|p2b: Dracona
|-damage|p1a: Garchomp|91/100|[from] item: Life Orb
|move|p1b: Magmar|Will-O-Wisp|p2a: Kingsman|[miss]
|-miss|p1b: Magmar|p2a: Kingsman
|move|p2a: Kingsman|Kowtow Cleave|p1a: Garchomp
|-damage|p1a: Garchomp|28/100
|-damage|p2a: Kingsman|88/100|[from] ability: Rough Skin|[of] p1a: Garchomp
|
|upkeep
|
|t:|1756794245
|switch|p2b: Clawbird|Sneasler, L50, F|100/100
|turn|2
|
|t:|1756794261
|-terastallize|p2a: Kingsman|Dark
|move|p2b: Clawbird|Fake Out|p1b: Magmar
|-damage|p1b: Magmar|88/100
|move|p1a: Garchomp|Stomping Tantrum|p2a: Kingsman
|-damage|p2a: Kingsman|49/100
|-damage|p1a: Garchomp|19/100|[from] item: Life Orb
|cant|p1b: Magmar|flinch
|move|p2a: Kingsman|Swords Dance|p2a: Kingsman
|-boost|p2a: Kingsman|atk|2
|
|upkeep
|turn|3
|inactive|taj11 has 30 seconds left.
|inactive|taj11 has 20 seconds left.
|inactive|taj11 has 15 seconds left.
|
|t:|1756794306
|move|p2a: Kingsman|Protect|p2a: Kingsman
|-singleturn|p2a: Kingsman|Protect
|move|p1b: Magmar|Follow Me|p1b: Magmar
|-singleturn|p1b: Magmar|move: Follow Me
|move|p2b: Clawbird|Dire Claw|p1b: Magmar
|-damage|p1b: Magmar|55/100
|-status|p1b: Magmar|psn|[from] ability: Poison Touch|[of] p2b: Clawbird
|move|p1a: Garchomp|Stomping Tantrum|p2b: Clawbird
|-supereffective|p2b: Clawbird
|-enditem|p2b: Clawbird|Focus Sash
|-damage|p2b: Clawbird|1/100
|-damage|p1a: Garchomp|9/100|[from] item: Life Orb
|
|-damage|p1b: Magmar|42/100 psn|[from] psn
|upkeep
|turn|4
|inactive|taj11 has 30 seconds left.
|
|t:|1756794338
|move|p1a: Garchomp|Protect|p1a: Garchomp
|-singleturn|p1a: Garchomp|Protect
|move|p2b: Clawbird|Close Combat|p1b: Magmar
|-damage|p1b: Magmar|0 fnt
|-unboost|p2b: Clawbird|def|1
|-unboost|p2b: Clawbird|spd|1
|faint|p1b: Magmar
|move|p2a: Kingsman|Kowtow Cleave|p1a: Garchomp
|-activate|p1a: Garchomp|move: Protect
|
|upkeep
|
|t:|1756794344
|switch|p1b: Sneasler|Sneasler, L50, M|100/100
|turn|5
|inactive|taj11 has 30 seconds left.
|
|t:|1756794373
|move|p1b: Sneasler|Fake Out|p2b: Clawbird
|-damage|p2b: Clawbird|0 fnt
|faint|p2b: Clawbird
|move|p1a: Garchomp|Dragon Claw|p2a: Kingsman
|-damage|p2a: Kingsman|5/100
|-damage|p1a: Garchomp|0 fnt|[from] item: Life Orb
|faint|p1a: Garchomp
|move|p2a: Kingsman|Kowtow Cleave|p1b: Sneasler
|-resisted|p1b: Sneasler
|-damage|p1b: Sneasler|0 fnt
|faint|p1b: Sneasler
|
|upkeep
|
|t:|1756794384
|switch|p1b: Archaludon|Archaludon, L50, F|100/100
|switch|p2b: BoomBoom|Rillaboom, L50, M|100/100
|-fieldstart|move: Grassy Terrain|[from] ability: Grassy Surge|[of] p2b: BoomBoom
|turn|6
|
|t:|1756794401
|move|p2b: BoomBoom|Fake Out|p1b: Archaludon
|-resisted|p1b: Archaludon
|-damage|p1b: Archaludon|94/100
|cant|p1b: Archaludon|flinch
|move|p2a: Kingsman|Swords Dance|p2a: Kingsman
|-boost|p2a: Kingsman|atk|2
|
|-heal|p1b: Archaludon|100/100|[from] Grassy Terrain
|-heal|p2a: Kingsman|11/100|[from] Grassy Terrain
|upkeep
|turn|7
|
|t:|1756794417
|move|p2a: Kingsman|Sucker Punch|p1b: Archaludon
|-ability|p1b: Archaludon|Sturdy
|-damage|p1b: Archaludon|1/100
|move|p1b: Archaludon|Electro Shot||[still]
|-prepare|p1b: Archaludon|Electro Shot
|-boost|p1b: Archaludon|spa|1
|-enditem|p1b: Archaludon|Power Herb
|-anim|p1b: Archaludon|Electro Shot|p2a: Kingsman
|-damage|p2a: Kingsman|0 fnt
|faint|p2a: Kingsman
|move|p2b: BoomBoom|High Horsepower|p1b: Archaludon
|-supereffective|p1b: Archaludon
|-damage|p1b: Archaludon|0 fnt
|faint|p1b: Archaludon
|
|win|taj11
||GothitelleVGC is ready for game 2.
||taj11 is ready for game 2.
|uhtml|next|Next: Game 2 of 3
