|j|☆Sinho77
|j|☆snakke001
|html|Sinho77snakke001    
|uhtml|bestof|Game 2 of a best-of-3
|t:|1782198447
|gametype|doubles
|player|p1|Sinho77|tate|1081
|player|p2|snakke001|hiker-gen4|1178
|gen|9
|tier|[Gen 9 Champions] VGC 2026 Reg M-B (Bo3)
|rated|
|rule|Species Clause: Limit one of each Pokémon
|rule|Item Clause: Limit 1 of each item
|clearpoke
|poke|p1|Swampert, L50, F|
|poke|p1|Pelipper, L50, F|
|poke|p1|Rotom-Heat, L50|
|poke|p1|Kingambit, L50, F|
|poke|p1|Venusaur, L50, M|
|poke|p1|Dragonite, L50, F|
|poke|p2|Scrafty, L50, M|
|poke|p2|Metagross, L50|
|poke|p2|Mamoswine, L50, F|
|poke|p2|Toxapex, L50, F|
|poke|p2|Dragonite, L50, F|
|poke|p2|Charizard, L50, F|
|teampreview|4
|showteam|p1|Swampert||Swampertite|Torrent|Earthquake,WaveCrash,Protect,RockSlide|Adamant||F|||50|]Pelipper||SitrusBerry|Drizzle|Hurricane,WeatherBall,Tailwind,Protect|Bold||F|||50|]Rotom-Heat||Leftovers|Levitate|Overheat,VoltSwitch,WillOWisp,Protect|Bold|||||50|]Kingambit||BlackGlasses|Defiant|KowtowCleave,SuckerPunch,IronHead,Protect|Adamant||F|||50|]Venusaur||FocusSash|Chlorophyll|EnergyBall,SludgeBomb,SleepPowder,Protect|Modest||M|||50|]Dragonite||Dragoninite|Multiscale|DragonPulse,Hurricane,Thunderbolt,Protect|Modest||F|||50|
|showteam|p2|Scrafty||Scraftinite|Intimidate|ThroatChop,DrainPunch,FakeOut,Protect|Impish||M|||50|]Metagross||MetalCoat|ClearBody|MeteorMash,PsychicFangs,BulletPunch,Protect|Adamant|||||50|]Mamoswine||FocusSash|Oblivious|Earthquake,IcicleCrash,IceShard,Protect|Adamant||F|||50|]Toxapex||Leftovers|Regenerator|Infestation,Toxic,WideGuard,BanefulBunker|Bold||F|||50|]Dragonite||DragonFang|Multiscale|DragonClaw,ExtremeSpeed,FirePunch,Protect|Adamant||F|||50|]Charizard||CharizarditeY|Blaze|HeatWave,SolarBeam,WeatherBall,Protect|Timid||F|||50|
|inactive|Battle timer is ON: inactive players will automatically lose when time's up. (requested by snakke001)
|inactive|Sinho77 has 60 seconds left.
|
|t:|1782198506
|teamsize|p1|4
|teamsize|p2|4
|start
|switch|p1a: Dragonite|Dragonite, L50, F|100/100
|switch|p1b: Pelipper|Pelipper, L50, F|100/100
|switch|p2a: Charizard|Charizard, L50, F|100/100
|switch|p2b: Toxapex|Toxapex, L50, F|100/100
|-weather|RainDance|[from] ability: Drizzle|[of] p1b: Pelipper
|turn|1
|l|☆snakke001
|inactive|snakke001 disconnected and has a minute to reconnect!
|player|p2|
|inactive|snakke001 has 30 seconds left.
|j|☆snakke001
|inactive|snakke001 reconnected and has 30 seconds left.
|player|p2|snakke001|hiker-gen4|
|inactive|snakke001 has 20 seconds left.
|inactive|snakke001 has 15 seconds left.
|inactive|snakke001 has 10 seconds left.
|inactive|snakke001 has 5 seconds left.
|
|t:|1782198558
|detailschange|p2a: Charizard|Charizard-Mega-Y, L50, F
|-mega|p2a: Charizard|Charizard|Charizardite Y
|-weather|SunnyDay|[from] ability: Drought|[of] p2a: Charizard
|detailschange|p1a: Dragonite|Dragonite-Mega, L50, F
|-mega|p1a: Dragonite|Dragonite|Dragoninite
|move|p1a: Dragonite|Protect|p1a: Dragonite
|-singleturn|p1a: Dragonite|Protect
|move|p2a: Charizard|Heat Wave|p1a: Dragonite|[spread] p1b
|-activate|p1a: Dragonite|move: Protect
|-resisted|p1b: Pelipper|1
|-damage|p1b: Pelipper|62/100
|move|p1b: Pelipper|Tailwind|p1b: Pelipper
|-sidestart|p1: Sinho77|move: Tailwind
|move|p2b: Toxapex|Toxic|p1b: Pelipper
|-status|p1b: Pelipper|tox
|
|-weather|SunnyDay|[upkeep]
|-damage|p1b: Pelipper|56/100 tox|[from] psn
|upkeep
|turn|2
|inactive|Sinho77 has 30 seconds left.
|
|t:|1782198593
|switch|p1b: Rotom|Rotom-Heat, L50|100/100
|move|p2a: Charizard|Protect|p2a: Charizard
|-singleturn|p2a: Charizard|Protect
|move|p1a: Dragonite|Thunderbolt|p2a: Charizard
|-activate|p2a: Charizard|move: Protect
|move|p2b: Toxapex|Toxic|p1a: Dragonite
|-status|p1a: Dragonite|tox
|
|-weather|SunnyDay|[upkeep]
|-damage|p1a: Dragonite|94/100 tox|[from] psn
|upkeep
|turn|3
|
|t:|1782198612
|switch|p2a: Mamoswine|Mamoswine, L50, F|100/100
|move|p1a: Dragonite|Thunderbolt|p2b: Toxapex
|-supereffective|p2b: Toxapex|1
|-damage|p2b: Toxapex|42/100
|move|p1b: Rotom|Volt Switch|p2b: Toxapex
|-supereffective|p2b: Toxapex|1
|-damage|p2b: Toxapex|1/100
|
|t:|1782198624
|switch|p1b: Venusaur|Venusaur, L50, M|100/100|[from] Volt Switch
|move|p2b: Toxapex|Toxic|p1b: Venusaur
|-immune|p1b: Venusaur
|
|-weather|SunnyDay|[upkeep]
|-heal|p2b: Toxapex|6/100|[from] item: Leftovers
|-damage|p1a: Dragonite|82/100 tox|[from] psn
|upkeep
|turn|4
|
|t:|1782198647
|switch|p1a: Rotom|Rotom-Heat, L50|100/100
|-heal|p2b: Toxapex|39/100|[from] ability: Regenerator|[silent]
|switch|p2b: Dragonite|Dragonite, L50, F|100/100
|move|p2a: Mamoswine|Ice Shard|p1a: Rotom
|-resisted|p1a: Rotom|1
|-damage|p1a: Rotom|89/100
|move|p1b: Venusaur|Sleep Powder|p2a: Mamoswine|[miss]
|-miss|p1b: Venusaur|p2a: Mamoswine
|
|-weather|SunnyDay|[upkeep]
|-heal|p1a: Rotom|95/100|[from] item: Leftovers
|-sideend|p1: Sinho77|move: Tailwind
|upkeep
|turn|5
|
|t:|1782198670
|move|p1b: Venusaur|Sleep Powder|p2b: Dragonite
|-status|p2b: Dragonite|slp|[from] move: Sleep Powder
|move|p2a: Mamoswine|Icicle Crash|p1b: Venusaur
|-supereffective|p1b: Venusaur|1
|-enditem|p1b: Venusaur|Focus Sash
|-damage|p1b: Venusaur|1/100
|move|p1a: Rotom|Overheat|p2a: Mamoswine
|-supereffective|p2a: Mamoswine|1
|-enditem|p2a: Mamoswine|Focus Sash
|-damage|p2a: Mamoswine|1/100
|-unboost|p1a: Rotom|spa|2
|cant|p2b: Dragonite|slp
|
|-weather|none
|-heal|p1a: Rotom|100/100|[from] item: Leftovers
|upkeep
|turn|6
|inactive|Sinho77 has 30 seconds left.
|inactive|Sinho77 has 20 seconds left.
|inactive|Sinho77 has 15 seconds left.
|inactive|Sinho77 has 10 seconds left.
|inactive|snakke001 has 30 seconds left.
|
|t:|1782198722
|switch|p2a: Toxapex|Toxapex, L50, F|39/100
|move|p1b: Venusaur|Protect|p1b: Venusaur
|-singleturn|p1b: Venusaur|Protect
|move|p1a: Rotom|Will-O-Wisp|p2a: Toxapex|[miss]
|-miss|p1a: Rotom|p2a: Toxapex
|-curestatus|p2b: Dragonite|slp|[msg]
|move|p2b: Dragonite|Dragon Claw|p1a: Rotom
|-damage|p1a: Rotom|43/100
|
|-heal|p1a: Rotom|50/100y|[from] item: Leftovers
|-heal|p2a: Toxapex|45/100|[from] item: Leftovers
|upkeep
|turn|7
|inactive|snakke001 has 30 seconds left.
|
|t:|1782198748
|-heal|p2a: Toxapex|78/100|[from] ability: Regenerator|[silent]
|switch|p2a: Mamoswine|Mamoswine, L50, F|1/100
|move|p2b: Dragonite|Extreme Speed|p1b: Venusaur
|-damage|p1b: Venusaur|0 fnt
|faint|p1b: Venusaur
|move|p1a: Rotom|Volt Switch|p2a: Mamoswine
|-immune|p2a: Mamoswine
|
|-heal|p1a: Rotom|56/100|[from] item: Leftovers
|upkeep
|
|t:|1782198761
|switch|p1b: Dragonite|Dragonite-Mega, L50, F|82/100 tox
|turn|8
|
|t:|1782198773
|move|p1b: Dragonite|Protect|p1b: Dragonite
|-singleturn|p1b: Dragonite|Protect
|move|p2a: Mamoswine|Ice Shard|p1b: Dragonite
|-activate|p1b: Dragonite|move: Protect
|move|p1a: Rotom|Volt Switch|p2b: Dragonite
|-damage|p2b: Dragonite|94/100
|
|t:|1782198781
|switch|p1a: Pelipper|Pelipper, L50, F|56/100 tox|[from] Volt Switch
|-weather|RainDance|[from] ability: Drizzle|[of] p1a: Pelipper
|move|p2b: Dragonite|Dragon Claw|p1a: Pelipper
|-damage|p1a: Pelipper|5/100 tox
|-enditem|p1a: Pelipper|Sitrus Berry|[eat]
|-heal|p1a: Pelipper|30/100 tox|[from] item: Sitrus Berry
|
|-weather|RainDance|[upkeep]
|-damage|p1b: Dragonite|76/100 tox|[from] psn
|-damage|p1a: Pelipper|23/100 tox|[from] psn
|upkeep
|turn|9
|
|t:|1782198795
|move|p2b: Dragonite|Extreme Speed|p1a: Pelipper
|-crit|p1a: Pelipper
|-damage|p1a: Pelipper|0 fnt
|faint|p1a: Pelipper
|move|p2a: Mamoswine|Ice Shard|p1b: Dragonite
|-supereffective|p1b: Dragonite|2
|-damage|p1b: Dragonite|0 fnt
|faint|p1b: Dragonite
|
|-weather|RainDance|[upkeep]
|upkeep
|
|t:|1782198802
|switch|p1b: Rotom|Rotom-Heat, L50|56/100
|turn|10
|
|t:|1782198809
|move|p2a: Mamoswine|Icicle Crash|p1b: Rotom
|-resisted|p1b: Rotom|1
|-damage|p1b: Rotom|30/100
|cant|p1b: Rotom|flinch
|move|p2b: Dragonite|Dragon Claw|p1b: Rotom
|-damage|p1b: Rotom|0 fnt
|faint|p1b: Rotom
|
|win|snakke001
|raw|Sinho77's rating: 1081 → 1065(-16 for losing)
|raw|snakke001's rating: 1178 → 1196(+18 for winning)
|l|☆snakke001
|player|p2|
