|j|☆camala64
|j|☆battle sim trainer
|html|camala64battle sim trainer    
|uhtml|bestof|Game 2 of a best-of-3
|t:|1783548097
|gametype|doubles
|player|p1|camala64|lance-masters2|
|player|p2|battle sim trainer|turo|
|gen|9
|tier|[Gen 9 Champions] VGC 2026 Reg M-B (Bo3)
|rule|Species Clause: Limit one of each Pokémon
|rule|Item Clause: Limit 1 of each item
|clearpoke
|poke|p1|Floette-Eternal, L50, F|
|poke|p1|Glimmora, L50, F, shiny|
|poke|p1|Talonflame, L50, F, shiny|
|poke|p1|Garchomp, L50, M, shiny|
|poke|p1|Basculegion, L50, M, shiny|
|poke|p1|Kingambit, L50, F, shiny|
|poke|p2|Swampert, L50, F|
|poke|p2|Pelipper, L50, M|
|poke|p2|Archaludon, L50, F|
|poke|p2|Sinistcha, L50|
|poke|p2|Grimmsnarl, L50, M|
|poke|p2|Corviknight, L50, M|
|teampreview|4
|showteam|p1|Floette-Eternal||Floettite|FlowerVeil|Moonblast,DazzlingGleam,LightofRuin,Protect|Modest||F|||50|]Glimmora||Glimmoranite|ToxicDebris|PowerGem,SludgeBomb,EarthPower,SpikyShield|Modest||F|||50|]Talonflame||SharpBeak|GaleWings|DualWingbeat,Tailwind,FlareBlitz,Protect|Jolly||F|||50|]Garchomp||LifeOrb|RoughSkin|Earthquake,RockSlide,DragonClaw,Protect|Adamant||M|||50|]Basculegion||FocusSash|Adaptability|Liquidation,AquaJet,LastRespects,Protect|Adamant||M|||50|]Kingambit||BlackGlasses|Defiant|KowtowCleave,SuckerPunch,IronHead,LowKick|Adamant||F|||50|
|showteam|p2|Swampert||Swampertite|Damp|WaveCrash,Earthquake,IcePunch,Protect|Adamant||F|||50|]Pelipper||SitrusBerry|Drizzle|Hurricane,WeatherBall,Tailwind,Protect|Modest||M|||50|]Archaludon||Leftovers|Stamina|ElectroShot,DragonPulse,FlashCannon,Protect|Modest||F|||50|]Sinistcha|||Hospitality|LifeDew,MatchaGotcha,TrickRoom,RagePowder|Bold|||||50|]Grimmsnarl||LightClay|Prankster|SpiritBreak,Reflect,LightScreen,PartingShot|Careful||M|||50|]Corviknight||OccaBerry|Pressure|BraveBird,IronHead,BulkUp,Roost|Careful||M|||50|
|
|t:|1783548162
|teamsize|p1|4
|teamsize|p2|4
|start
|switch|p1a: Void Blossom|Floette-Eternal, L50, F|100/100
|switch|p1b: Captain Falcon|Talonflame, L50, F, shiny|100/100
|switch|p2a: Corviknight|Corviknight, L50, M|100/100
|switch|p2b: Grimmsnarl|Grimmsnarl, L50, M|100/100
|-ability|p2a: Corviknight|Pressure
|turn|1
|
|t:|1783548194
|detailschange|p1a: Void Blossom|Floette-Mega, L50, F
|-mega|p1a: Void Blossom|Floette|Floettite
|-ability|p1a: Void Blossom|Fairy Aura
|move|p1b: Captain Falcon|Dual Wingbeat|p2b: Grimmsnarl
|-damage|p2b: Grimmsnarl|81/100
|-damage|p2b: Grimmsnarl|62/100
|-hitcount|p2b: Grimmsnarl|2
|move|p2b: Grimmsnarl|Light Screen|p2b: Grimmsnarl
|-sidestart|p2: battle sim trainer|move: Light Screen
|move|p1a: Void Blossom|Moonblast|p2b: Grimmsnarl
|-supereffective|p2b: Grimmsnarl|1
|-damage|p2b: Grimmsnarl|0 fnt
|faint|p2b: Grimmsnarl
|move|p2a: Corviknight|Bulk Up|p2a: Corviknight
|-boost|p2a: Corviknight|atk|1
|-boost|p2a: Corviknight|def|1
|
|upkeep
|
|t:|1783548209
|switch|p2b: Pelipper|Pelipper, L50, M|100/100
|-weather|RainDance|[from] ability: Drizzle|[of] p2b: Pelipper
|turn|2
|
|t:|1783548244
|move|p1b: Captain Falcon|Dual Wingbeat|p2b: Pelipper|[miss]
|-miss|p1b: Captain Falcon|p2b: Pelipper
|move|p1a: Void Blossom|Light of Ruin|p2b: Pelipper
|-damage|p2b: Pelipper|19/100
|-enditem|p2b: Pelipper|Sitrus Berry|[eat]
|-heal|p2b: Pelipper|44/100|[from] item: Sitrus Berry
|-damage|p1a: Void Blossom|55/100|[from] Recoil
|move|p2a: Corviknight|Iron Head|p1a: Void Blossom
|-supereffective|p1a: Void Blossom|1
|-damage|p1a: Void Blossom|0 fnt
|faint|p1a: Void Blossom
|move|p2b: Pelipper|Weather Ball|p1b: Captain Falcon
|-supereffective|p1b: Captain Falcon|1
|-damage|p1b: Captain Falcon|0 fnt
|faint|p1b: Captain Falcon
|
|-weather|RainDance|[upkeep]
|upkeep
|
|t:|1783548260
|switch|p1b: Masculin|Basculegion, L50, M, shiny|100/100
|switch|p1a: Metal Face|Kingambit, L50, F, shiny|100/100
|turn|3
|
|t:|1783548285
|move|p1b: Masculin|Last Respects|p2b: Pelipper
|-damage|p2b: Pelipper|0 fnt
|faint|p2b: Pelipper
|move|p1a: Metal Face|Kowtow Cleave|p2a: Corviknight
|-crit|p2a: Corviknight
|-damage|p2a: Corviknight|34/100
|move|p2a: Corviknight|Brave Bird|p1b: Masculin
|-damage|p1b: Masculin|30/100
|-damage|p2a: Corviknight|12/100|[from] Recoil
|
|-weather|RainDance|[upkeep]
|upkeep
|
|t:|1783548295
|switch|p2b: Swampert|Swampert, L50, F|100/100
|turn|4
|
|t:|1783548348
|detailschange|p2b: Swampert|Swampert-Mega, L50, F
|-mega|p2b: Swampert|Swampert|Swampertite
|move|p1b: Masculin|Aqua Jet|p2a: Corviknight
|-damage|p2a: Corviknight|0 fnt
|faint|p2a: Corviknight
|move|p2b: Swampert|Earthquake|p1b: Masculin|[spread] p1a,p1b
|-supereffective|p1a: Metal Face|1
|-damage|p1a: Metal Face|27/100
|-damage|p1b: Masculin|0 fnt
|faint|p1b: Masculin
|move|p1a: Metal Face|Kowtow Cleave|p2b: Swampert
|-damage|p2b: Swampert|46/100
|
|-weather|RainDance|[upkeep]
|upkeep
|turn|5
|
|t:|1783548372
|move|p2b: Swampert|Protect|p2b: Swampert
|-singleturn|p2b: Swampert|Protect
|move|p1a: Metal Face|Sucker Punch||[still]
|-fail|p1a: Metal Face
|
|-weather|RainDance|[upkeep]
|upkeep
|turn|6
|
|t:|1783548378
|move|p2b: Swampert|Protect||[still]
|-fail|p2b: Swampert
|move|p1a: Metal Face|Sucker Punch||[still]
|-fail|p1a: Metal Face
|
|-weather|none
|upkeep
|turn|7
|
|t:|1783548384
|move|p1a: Metal Face|Sucker Punch|p2b: Swampert
|-damage|p2b: Swampert|4/100
|move|p2b: Swampert|Earthquake|p1a: Metal Face
|-supereffective|p1a: Metal Face|1
|-damage|p1a: Metal Face|0 fnt
|faint|p1a: Metal Face
|
|win|battle sim trainer
||camala64 is ready for game 3.
||battle sim trainer is ready for game 3.
|uhtml|next|Next: Game 3 of 3
