|j|☆Ryutenshi
|j|☆lerry27
|html|Ryutenshilerry27    
|uhtml|bestof|Game 2 of a best-of-3
|t:|1783005148
|gametype|doubles
|player|p1|Ryutenshi|170|1000
|player|p2|lerry27|102|1093
|gen|9
|tier|[Gen 9 Champions] VGC 2026 Reg M-B (Bo3)
|rated|
|rule|Species Clause: Limit one of each Pokémon
|rule|Item Clause: Limit 1 of each item
|clearpoke
|poke|p1|Charizard, L50, M|
|poke|p1|Venusaur, L50, M|
|poke|p1|Milotic, L50, M|
|poke|p1|Incineroar, L50, M|
|poke|p1|Garchomp, L50, M|
|poke|p1|Whimsicott, L50, M|
|poke|p2|Floette-Eternal, L50, F|
|poke|p2|Maushold-Four, L50|
|poke|p2|Gengar, L50, M, shiny|
|poke|p2|Politoed, L50, F, shiny|
|poke|p2|Grimmsnarl, L50, M|
|poke|p2|Incineroar, L50, M, shiny|
|teampreview|4
|showteam|p1|Charizard||CharizarditeY|Blaze|HeatWave,SolarBeam,AirSlash,Protect|Bold||M|||50|]Venusaur||FocusSash|Chlorophyll|EnergyBall,SludgeBomb,Protect,EarthPower|Modest||M|||50|]Milotic||Leftovers|Competitive|Scald,IceBeam,DragonPulse,Protect|Bold||M|||50|]Incineroar||SitrusBerry|Intimidate|FakeOut,PartingShot,FlareBlitz,DarkestLariat|Adamant||M|||50|]Garchomp||LifeOrb|RoughSkin|Earthquake,DragonClaw,RockSlide,Protect|Adamant||M|||50|]Whimsicott||FairyFeather|Prankster|Tailwind,Moonblast,Encore,Protect|Timid||M|||50|
|showteam|p2|Floette-Eternal||Floettite|FlowerVeil|DrainingKiss,DazzlingGleam,CalmMind|Timid||F|||50|]Maushold-Four||ChopleBerry|FriendGuard|FollowMe,HelpingHand,Uturn,Protect|Impish|||||50|]Gengar||Gengarite|CursedBody|SludgeBomb,PerishSong,ShadowBall,Protect|Modest||M|||50|]Politoed||SitrusBerry|Drizzle|WeatherBall,IceBeam,PerishSong,Protect|Calm||F|||50|]Grimmsnarl||LightClay|Prankster|FakeOut,PartingShot,LightScreen,Reflect|Careful||M|||50|]Incineroar||PasshoBerry|Intimidate|FakeOut,ThroatChop,PartingShot,Protect|Careful||M|||50|
|
|t:|1783005165
|teamsize|p1|4
|teamsize|p2|4
|start
|switch|p1a: Whimsicott|Whimsicott, L50, M|100/100
|switch|p1b: Garchomp|Garchomp, L50, M|100/100
|switch|p2a: Grimmsnarl|Grimmsnarl, L50, M|100/100
|switch|p2b: Floette|Floette-Eternal, L50, F|100/100
|turn|1
|
|t:|1783005186
|switch|p1b: Venusaur|Venusaur, L50, M|100/100
|detailschange|p2b: Floette|Floette-Mega, L50, F
|-mega|p2b: Floette|Floette|Floettite
|-ability|p2b: Floette|Fairy Aura
|move|p2a: Grimmsnarl|Fake Out|p1b: Venusaur
|-damage|p1b: Venusaur|84/100
|move|p1a: Whimsicott|Tailwind|p1a: Whimsicott
|-sidestart|p1: Ryutenshi|move: Tailwind
|move|p2b: Floette|Calm Mind|p2b: Floette
|-boost|p2b: Floette|spa|1
|-boost|p2b: Floette|spd|1
|
|upkeep
|turn|2
|
|t:|1783005209
|move|p2a: Grimmsnarl|Light Screen|p2a: Grimmsnarl
|-sidestart|p2: lerry27|move: Light Screen
|move|p1a: Whimsicott|Moonblast|p2a: Grimmsnarl
|-supereffective|p2a: Grimmsnarl|1
|-damage|p2a: Grimmsnarl|36/100
|move|p1b: Venusaur|Sludge Bomb|p2b: Floette
|-supereffective|p2b: Floette|1
|-damage|p2b: Floette|73/100
|move|p2b: Floette|Draining Kiss|p1a: Whimsicott
|-damage|p1a: Whimsicott|10/100
|-heal|p2b: Floette|100/100|[from] drain|[of] p1a: Whimsicott
|
|upkeep
|turn|3
|
|t:|1783005232
|move|p1b: Venusaur|Protect|p1b: Venusaur
|-singleturn|p1b: Venusaur|Protect
|move|p2a: Grimmsnarl|Parting Shot|p1b: Venusaur
|-activate|p1b: Venusaur|move: Protect
|move|p1a: Whimsicott|Moonblast|p2a: Grimmsnarl
|-supereffective|p2a: Grimmsnarl|1
|-damage|p2a: Grimmsnarl|0 fnt
|faint|p2a: Grimmsnarl
|move|p2b: Floette|Dazzling Gleam|p1b: Venusaur|[spread] p1a
|-activate|p1b: Venusaur|move: Protect
|-damage|p1a: Whimsicott|0 fnt
|faint|p1a: Whimsicott
|
|upkeep
|
|t:|1783005244
|switch|p1a: Charizard|Charizard, L50, M|100/100
|switch|p2a: Incineroar|Incineroar, L50, M, shiny|100/100
|-ability|p2a: Incineroar|Intimidate|boost
|-unboost|p1a: Charizard|atk|1
|-unboost|p1b: Venusaur|atk|1
|turn|4
|
|t:|1783005264
|detailschange|p1a: Charizard|Charizard-Mega-Y, L50, M
|-mega|p1a: Charizard|Charizard|Charizardite Y
|-weather|SunnyDay|[from] ability: Drought|[of] p1a: Charizard
|move|p1a: Charizard|Protect|p1a: Charizard
|-singleturn|p1a: Charizard|Protect
|move|p2a: Incineroar|Fake Out|p1a: Charizard
|-activate|p1a: Charizard|move: Protect
|move|p1b: Venusaur|Sludge Bomb|p2b: Floette
|-supereffective|p2b: Floette|1
|-damage|p2b: Floette|71/100
|move|p2b: Floette|Draining Kiss|p1b: Venusaur
|-resisted|p1b: Venusaur|1
|-damage|p1b: Venusaur|54/100
|-heal|p2b: Floette|92/100|[from] drain|[of] p1b: Venusaur
|
|-weather|SunnyDay|[upkeep]
|-sideend|p1: Ryutenshi|move: Tailwind
|upkeep
|turn|5
|
|t:|1783005294
|switch|p2a: Politoed|Politoed, L50, F, shiny|100/100
|-weather|RainDance|[from] ability: Drizzle|[of] p2a: Politoed
|move|p2b: Floette|Dazzling Gleam|p1b: Venusaur|[spread] p1a,p1b
|-resisted|p1a: Charizard|1
|-resisted|p1b: Venusaur|1
|-damage|p1a: Charizard|71/100
|-damage|p1b: Venusaur|22/100
|move|p1b: Venusaur|Sludge Bomb|p2b: Floette
|-supereffective|p2b: Floette|1
|-damage|p2b: Floette|63/100
|move|p1a: Charizard|Heat Wave|p2b: Floette|[spread] p2a,p2b
|-resisted|p2a: Politoed|1
|-damage|p2a: Politoed|94/100
|-damage|p2b: Floette|57/100
|
|-weather|RainDance|[upkeep]
|upkeep
|turn|6
|
|t:|1783005315
|switch|p1a: Garchomp|Garchomp, L50, M|100/100
|move|p2b: Floette|Draining Kiss|p1b: Venusaur
|-resisted|p1b: Venusaur|1
|-damage|p1b: Venusaur|0 fnt
|-heal|p2b: Floette|72/100|[from] drain|[of] p1b: Venusaur
|faint|p1b: Venusaur
|move|p2a: Politoed|Weather Ball|p1a: Garchomp
|-damage|p1a: Garchomp|42/100
|
|-weather|RainDance|[upkeep]
|upkeep
|
|t:|1783005326
|switch|p1b: Charizard|Charizard-Mega-Y, L50, M|71/100
|-weather|SunnyDay|[from] ability: Drought|[of] p1b: Charizard
|turn|7
|
|t:|1783005344
|switch|p2a: Incineroar|Incineroar, L50, M, shiny|100/100
|-ability|p2a: Incineroar|Intimidate|boost
|-unboost|p1a: Garchomp|atk|1
|-unboost|p1b: Charizard|atk|1
|move|p1a: Garchomp|Protect|p1a: Garchomp
|-singleturn|p1a: Garchomp|Protect
|move|p2b: Floette|Dazzling Gleam|p1a: Garchomp|[spread] p1b
|-activate|p1a: Garchomp|move: Protect
|-resisted|p1b: Charizard|1
|-damage|p1b: Charizard|44/100
|move|p1b: Charizard|Solar Beam||[still]
|-prepare|p1b: Charizard|Solar Beam
|-anim|p1b: Charizard|Solar Beam|p2a: Incineroar
|-resisted|p2a: Incineroar|1
|-damage|p2a: Incineroar|89/100
|
|-weather|SunnyDay|[upkeep]
|upkeep
|turn|8
|-message|Ryutenshi forfeited.
|
|win|lerry27
|raw|Ryutenshi's rating: 1000 → 1000(+0 for losing)
|raw|lerry27's rating: 1093 → 1112(+19 for winning)
|l|☆Ryutenshi
|player|p1|
|l|☆lerry27
|player|p2|
|j|☆lerry27
|player|p2|lerry27|102|
