|j|☆applejuice1738
|j|☆MasterSkillsalt
|html|applejuice1738MasterSkillsalt    
|uhtml|bestof|Game 3 of a best-of-3
|t:|1785605827
|gametype|doubles
|player|p1|applejuice1738|2|
|player|p2|MasterSkillsalt|101|
|gen|9
|tier|[Gen 9 Champions] VGC 2026 Reg M-B (Bo3)
|rule|Species Clause: Limit one of each Pokémon
|rule|Item Clause: Limit 1 of each item
|clearpoke
|poke|p1|Annihilape, L50, M, shiny|
|poke|p1|Gardevoir, L50, F|
|poke|p1|Mawile, L50, F|
|poke|p1|Rotom-Heat, L50|
|poke|p1|Crabominable, L50, F|
|poke|p1|Spiritomb, L50, M|
|poke|p2|Zoroark-Hisui, L50, F|
|poke|p2|Archaludon, L50, F|
|poke|p2|Politoed, L50, F|
|poke|p2|Starmie, L50|
|poke|p2|Liepard, L50, F|
|poke|p2|Mr. Rime, L50, M|
|teampreview|4
|showteam|p1|Annihilape||FocusSash|VitalSpirit|RageFist,BrickBreak,Protect,ThroatChop|Jolly||M|||50|]Gardevoir||MentalHerb|Synchronize|TrickRoom,DrainingKiss,LightScreen,Protect|Sassy||F|||50|]Mawile||Mawilite|HyperCutter|SuckerPunch,PlayRough,IronHead,Protect|Adamant||F|||50|]Rotom-Heat||ExpertBelt|Levitate|VoltSwitch,Overheat,Thunderbolt,Protect|Timid|||||50|]Crabominable||LifeOrb|IronFist|IcePunch,DynamicPunch,FocusPunch,Protect|Adamant||F|||50|]Spiritomb|||Pressure|TrickRoom,WillOWisp,DestinyBond,Snarl|Sassy||M|||50|
|showteam|p2|Zoroark-Hisui||ExpertBelt|Illusion|NastyPlot,BitterMalice,Flamethrower,HyperVoice|Modest||F|||50|]Archaludon||Leftovers|Stamina|Protect,ElectroShot,FlashCannon,DragonPulse|Modest||F|||50|]Politoed||SitrusBerry|Drizzle|IcyWind,WeatherBall,ChillingWater,HelpingHand|Calm||F|||50|]Starmie||Starminite|Illuminate|Protect,FlipTurn,ZenHeadbutt,Liquidation|Adamant|||||50|]Liepard||FocusSash|Prankster|FakeOut,FakeTears,Charm,Encore|Timid||F|||50|]Mr. Rime||BrightPowder|ScreenCleaner|Psychic,BatonPass,CalmMind,Reflect|Calm||M|||50|
|j| SlobCat47
|j| PJG4487
|j| PsychedelicDawgII
|
|t:|1785605870
|teamsize|p1|4
|teamsize|p2|4
|start
|switch|p1a: BADDIE ALERT|Gardevoir, L50, F|100/100
|switch|p1b: HOT BOX|Rotom-Heat, L50|100/100
|switch|p2a: Archaludon|Archaludon, L50, F|100/100
|switch|p2b: Starmie|Starmie, L50|100/100
|turn|1
|
|t:|1785605909
|detailschange|p2b: Starmie|Starmie-Mega, L50
|-mega|p2b: Starmie|Starmie|Starminite
|move|p1b: HOT BOX|Protect|p1b: HOT BOX
|-singleturn|p1b: HOT BOX|Protect
|move|p2b: Starmie|Flip Turn|p1b: HOT BOX
|-activate|p1b: HOT BOX|move: Protect
|move|p2a: Archaludon|Flash Cannon|p1a: BADDIE ALERT
|-supereffective|p1a: BADDIE ALERT|1
|-damage|p1a: BADDIE ALERT|34/100
|move|p1a: BADDIE ALERT|Light Screen|p1a: BADDIE ALERT
|-sidestart|p1: applejuice1738|move: Light Screen
|
|upkeep
|turn|2
|
|t:|1785605948
|switch|p1a: Spiritomb|Spiritomb, L50, M|100/100
|-ability|p1a: Spiritomb|Pressure
|move|p2b: Starmie|Flip Turn|p1b: HOT BOX
|-supereffective|p1b: HOT BOX|1
|-damage|p1b: HOT BOX|0 fnt
|faint|p1b: HOT BOX
|
|t:|1785605956
|switch|p2b: Politoed|Politoed, L50, F|100/100|[from] Flip Turn
|-weather|RainDance|[from] ability: Drizzle|[of] p2b: Politoed
|move|p2a: Archaludon|Electro Shot||[still]
|-prepare|p2a: Archaludon|Electro Shot
|-boost|p2a: Archaludon|spa|1
|-anim|p2a: Archaludon|Electro Shot|p1a: Spiritomb
|-damage|p1a: Spiritomb|63/100
|
|-weather|RainDance|[upkeep]
|upkeep
|
|t:|1785605968
|switch|p1b: mouth game|Mawile, L50, F|100/100
|turn|3
|
|t:|1785606000
|detailschange|p1b: mouth game|Mawile-Mega, L50, F
|-mega|p1b: mouth game|Mawile|Mawilite
|move|p2b: Politoed|Helping Hand|p2a: Archaludon
|-singleturn|p2a: Archaludon|Helping Hand|[of] p2b: Politoed
|move|p1b: mouth game|Sucker Punch|p2a: Archaludon
|-damage|p2a: Archaludon|61/100
|-ability|p2a: Archaludon|Stamina|boost
|-boost|p2a: Archaludon|def|1
|move|p2a: Archaludon|Electro Shot||[still]
|-prepare|p2a: Archaludon|Electro Shot
|-boost|p2a: Archaludon|spa|1
|-anim|p2a: Archaludon|Electro Shot|p1b: mouth game
|-damage|p1b: mouth game|0 fnt
|faint|p1b: mouth game
|move|p1a: Spiritomb|Will-O-Wisp|p2a: Archaludon|[miss]
|-miss|p1a: Spiritomb|p2a: Archaludon
|
|-weather|RainDance|[upkeep]
|-heal|p2a: Archaludon|67/100|[from] item: Leftovers
|upkeep
|
|t:|1785606017
|switch|p1b: BADDIE ALERT|Gardevoir, L50, F|34/100
|turn|4
|
|t:|1785606038
|move|p2b: Politoed|Helping Hand|p2a: Archaludon
|-singleturn|p2a: Archaludon|Helping Hand|[of] p2b: Politoed
|move|p2a: Archaludon|Flash Cannon|p1b: BADDIE ALERT
|-supereffective|p1b: BADDIE ALERT|1
|-damage|p1b: BADDIE ALERT|0 fnt
|faint|p1b: BADDIE ALERT
|move|p1a: Spiritomb|Snarl|p2b: Politoed|[spread] p2a,p2b
|-damage|p2a: Archaludon|50/100g
|-damage|p2b: Politoed|90/100
|-unboost|p2a: Archaludon|spa|1
|-unboost|p2b: Politoed|spa|1
|-ability|p2a: Archaludon|Stamina|boost
|-boost|p2a: Archaludon|def|1
|
|-weather|RainDance|[upkeep]
|-heal|p2a: Archaludon|56/100|[from] item: Leftovers
|upkeep
|turn|5
|
|t:|1785606053
|move|p2b: Politoed|Helping Hand|p2a: Archaludon
|-singleturn|p2a: Archaludon|Helping Hand|[of] p2b: Politoed
|move|p2a: Archaludon|Electro Shot||[still]
|-prepare|p2a: Archaludon|Electro Shot
|-boost|p2a: Archaludon|spa|1
|-anim|p2a: Archaludon|Electro Shot|p2b: Politoed
|-supereffective|p2b: Politoed|1
|-crit|p2b: Politoed
|-damage|p2b: Politoed|0 fnt
|faint|p2b: Politoed
|move|p1a: Spiritomb|Destiny Bond|p1a: Spiritomb
|-singlemove|p1a: Spiritomb|Destiny Bond
|
|-weather|RainDance|[upkeep]
|-heal|p2a: Archaludon|63/100|[from] item: Leftovers
|-sideend|p1: applejuice1738|move: Light Screen
|upkeep
|
|t:|1785606071
|switch|p2b: Starmie|Starmie-Mega, L50|100/100
|turn|6
|
|t:|1785606081
|move|p2b: Starmie|Bitter Malice|p1a: Spiritomb
|-damage|p1a: Spiritomb|28/100
|-unboost|p1a: Spiritomb|atk|1
|move|p2a: Archaludon|Dragon Pulse|p1a: Spiritomb
|-damage|p1a: Spiritomb|0 fnt
|faint|p1a: Spiritomb
|-activate|p1a: Spiritomb|move: Destiny Bond
|faint|p2a: Archaludon
|
|win|MasterSkillsalt
|l| PsychedelicDawgII
|l|☆applejuice1738
|player|p1|
|l| SlobCat47
