|j|â˜†furnoz
|j|â˜†SamuelJacksonheehe
|html|furnozSamuelJacksonheehe    
|uhtml|bestof|Game 2 of a best-of-3
|t:|1757697238
|gametype|doubles
|player|p1|furnoz|169|1197
|player|p2|SamuelJacksonheehe|101|1318
|gen|9
|tier|[Gen 9] VGC 2025 Reg H (Bo3)
|rated|
|rule|Species Clause: Limit one of each PokÃ©mon
|rule|Item Clause: Limit 1 of each item
|clearpoke
|poke|p1|Espeon, L50, M|
|poke|p1|Indeedee-F, L50, F|
|poke|p1|Pelipper, L50, F|
|poke|p1|Basculegion, L50, M|
|poke|p1|Archaludon, L50, M|
|poke|p1|Gallade, L50, M|
|poke|p2|Pelipper, L50, M|
|poke|p2|Archaludon, L50, F|
|poke|p2|Dragonite, L50, M|
|poke|p2|Incineroar, L50, M|
|poke|p2|Basculegion, L50, M|
|poke|p2|Amoonguss, L50, M|
|teampreview|4
|showteam|p1|Espeon||TwistedSpoon|MagicBounce|ExpandingForce,Psychic,DazzlingGleam,Protect|||M|||50|,,,,,Psychic]Indeedee-F||PsychicSeed|PsychicSurge|FollowMe,DazzlingGleam,TrickRoom,HelpingHand|||F|||50|,,,,,Grass]Pelipper||FocusSash|Drizzle|WeatherBall,Hurricane,WideGuard,Tailwind|||F|||50|,,,,,Ghost]Basculegion||ChoiceScarf|Adaptability|WaveCrash,FlipTurn,LastRespects,TeraBlast|||M|||50|,,,,,Fighting]Archaludon||AssaultVest|Stamina|ElectroShot,Snarl,FlashCannon,DracoMeteor|||M|||50|,,,,,Fairy]Gallade||ClearAmulet|Sharpness|SacredSword,PsychoCut,NightSlash,Protect|||M|||50|,,,,,Dark
|showteam|p2|Pelipper||FocusSash|Drizzle|MuddyWater,Hurricane,Tailwind,Protect|||M|||50|,,,,,Dark]Archaludon||AssaultVest|Stamina|ElectroShot,DracoMeteor,BodyPress,FlashCannon|||F|||50|,,,,,Fighting]Dragonite||LoadedDice|Multiscale|ScaleShot,ExtremeSpeed,Haze,Protect|||M|||50|,,,,,Fairy]Incineroar||SafetyGoggles|Intimidate|FakeOut,KnockOff,Taunt,PartingShot|||M|||50|,,,,,Ghost]Basculegion||ChoiceBand|SwiftSwim|WaveCrash,LastRespects,AquaJet,FlipTurn|||M|||50|,,,,,Water]Amoonguss||CovertCloak|Regenerator|RagePowder,Spore,PollenPuff,SludgeBomb|||M|||50|,,,,,Water
|inactive|Battle timer is ON: inactive players will automatically lose when time's up. (requested by SamuelJacksonheehe)
|
|t:|1757697264
|teamsize|p1|4
|teamsize|p2|4
|start
|switch|p1a: Espeon|Espeon, L50, M|100/100
|switch|p1b: Basculegion|Basculegion, L50, M|100/100
|switch|p2a: Basculegion|Basculegion, L50, M|100/100
|switch|p2b: Pelipper|Pelipper, L50, M|100/100
|-weather|RainDance|[from] ability: Drizzle|[of] p2b: Pelipper
|turn|1
|inactive|furnoz has 30 seconds left.
|inactive|SamuelJacksonheehe has 30 seconds left.
|inactive|furnoz has 20 seconds left.
|inactive|SamuelJacksonheehe has 20 seconds left.
|l|â˜†furnoz
|inactive|furnoz disconnected and has a minute to reconnect!
|player|p1|
|inactive|furnoz has 15 seconds left.
|inactive|SamuelJacksonheehe has 15 seconds left.
|inactive|furnoz has 10 seconds left.
|inactive|SamuelJacksonheehe has 10 seconds left.
|j|â˜†furnoz
|inactive|furnoz reconnected and has 10 seconds left.
|player|p1|furnoz|169|
|inactive|furnoz has 5 seconds left.
|
|t:|1757697319
|move|p2a: Basculegion|Flip Turn|p1a: Espeon
|-damage|p1a: Espeon|0 fnt
|faint|p1a: Espeon
|
|t:|1757697323
|switch|p2a: Archaludon|Archaludon, L50, F|100/100|[from] Flip Turn
|move|p1b: Basculegion|Wave Crash|p2a: Archaludon
|-resisted|p2a: Archaludon
|-damage|p2a: Archaludon|62/100
|-ability|p2a: Archaludon|Stamina|boost
|-boost|p2a: Archaludon|def|1
|-damage|p1b: Basculegion|88/100|[from] Recoil
|move|p2b: Pelipper|Tailwind|p2b: Pelipper
|-sidestart|p2: SamuelJacksonheehe|move: Tailwind
|
|-weather|RainDance|[upkeep]
|upkeep
|
|t:|1757697331
|switch|p1a: Archaludon|Archaludon, L50, M|100/100
|turn|2
|
|t:|1757697343
|switch|p2b: Incineroar|Incineroar, L50, M|100/100
|-ability|p2b: Incineroar|Intimidate|boost
|-unboost|p1a: Archaludon|atk|1
|-unboost|p1b: Basculegion|atk|1
|switch|p1b: Indeedee|Indeedee-F, L50, F|100/100
|-fieldstart|move: Psychic Terrain|[from] ability: Psychic Surge|[of] p1b: Indeedee
|-enditem|p1b: Indeedee|Psychic Seed
|-boost|p1b: Indeedee|spd|1|[from] item: Psychic Seed
|move|p2a: Archaludon|Electro Shot||[still]
|-prepare|p2a: Archaludon|Electro Shot
|-boost|p2a: Archaludon|spa|1
|-anim|p2a: Archaludon|Electro Shot|p1b: Indeedee
|-damage|p1b: Indeedee|64/100
|move|p1a: Archaludon|Snarl|p2b: Incineroar|[spread] p2a,p2b
|-resisted|p2b: Incineroar
|-damage|p2a: Archaludon|53/100
|-damage|p2b: Incineroar|96/100
|-unboost|p2a: Archaludon|spa|1
|-unboost|p2b: Incineroar|spa|1
|-ability|p2a: Archaludon|Stamina|boost
|-boost|p2a: Archaludon|def|1
|
|-weather|RainDance|[upkeep]
|upkeep
|turn|3
|inactive|furnoz has 30 seconds left.
|
|t:|1757697368
|move|p1b: Indeedee|Helping Hand|p1a: Archaludon
|-singleturn|p1a: Archaludon|Helping Hand|[of] p1b: Indeedee
|move|p2a: Archaludon|Body Press|p1b: Indeedee
|-damage|p1b: Indeedee|8/100
|move|p2b: Incineroar|Knock Off|p1b: Indeedee
|-supereffective|p1b: Indeedee
|-damage|p1b: Indeedee|0 fnt
|faint|p1b: Indeedee
|move|p1a: Archaludon|Electro Shot||[still]
|-prepare|p1a: Archaludon|Electro Shot
|-boost|p1a: Archaludon|spa|1
|-anim|p1a: Archaludon|Electro Shot|p2b: Incineroar
|-damage|p2b: Incineroar|28/100
|
|-weather|RainDance|[upkeep]
|upkeep
|
|t:|1757697381
|switch|p1b: Basculegion|Basculegion, L50, M|88/100
|turn|4
|inactive|furnoz has 30 seconds left.
|inactive|furnoz has 20 seconds left.
|
|t:|1757697417
|move|p2a: Archaludon|Electro Shot||[still]
|-prepare|p2a: Archaludon|Electro Shot
|-boost|p2a: Archaludon|spa|1
|-anim|p2a: Archaludon|Electro Shot|p1b: Basculegion
|-supereffective|p1b: Basculegion
|-damage|p1b: Basculegion|0 fnt
|faint|p1b: Basculegion
|move|p2b: Incineroar|Knock Off|p1a: Archaludon
|-damage|p1a: Archaludon|70/100
|-ability|p1a: Archaludon|Stamina|boost
|-boost|p1a: Archaludon|def|1
|-enditem|p1a: Archaludon|Assault Vest|[from] move: Knock Off|[of] p2b: Incineroar
|move|p1a: Archaludon|Draco Meteor|p2a: Archaludon
|-damage|p2a: Archaludon|0 fnt
|-unboost|p1a: Archaludon|spa|2
|faint|p2a: Archaludon
|
|-weather|RainDance|[upkeep]
|-sideend|p2: SamuelJacksonheehe|move: Tailwind
|upkeep
|
|t:|1757697434
|switch|p2a: Pelipper|Pelipper, L50, M|100/100
|turn|5
|-message|furnoz forfeited.
|
|win|SamuelJacksonheehe
|l|â˜†furnoz
|player|p1|
||furnoz is ready for game 3.
||SamuelJacksonheehe is ready for game 3.
|uhtml|next|Next: Game 3 of 3
