|j|☆AbacusStabacus
|j|☆endK649
|html|AbacusStabacusendK649    
|uhtml|bestof|Game 2 of a best-of-3
|t:|1757130235
|gametype|doubles
|player|p1|AbacusStabacus|266|1178
|player|p2|endK649|gambler|1177
|gen|9
|tier|[Gen 9] VGC 2025 Reg H (Bo3)
|rated|
|rule|Species Clause: Limit one of each Pokémon
|rule|Item Clause: Limit 1 of each item
|clearpoke
|poke|p1|Gholdengo, L50|
|poke|p1|Overqwil, L50, M|
|poke|p1|Archaludon, L50, M|
|poke|p1|Rillaboom, L50, M|
|poke|p1|Pelipper, L50, M|
|poke|p1|Primarina, L50, F|
|poke|p2|Baxcalibur, L50, M|
|poke|p2|Volcarona, L50, M|
|poke|p2|Rillaboom, L50, F|
|poke|p2|Kingambit, L50, M|
|poke|p2|Dondozo, L50, M|
|poke|p2|Sneasler, L50, M|
|teampreview|4
|showteam|p1|Gholdengo||LifeOrb|GoodasGold|Protect,NastyPlot,ShadowBall,MakeItRain||||||50|,,,,,Dark]Overqwil||ChoiceBand|SwiftSwim|AquaJet,Crunch,Waterfall,PoisonJab|||M|||50|,,,,,Water]Archaludon||AssaultVest|Stamina|BodyPress,DragonPulse,ElectroShot,SteelBeam|||M|||50|,,,,,Electric]Rillaboom||SitrusBerry|GrassySurge|FakeOut,BrickBreak,GrassyGlide,WoodHammer|||M|||50|,,,,,Water]Pelipper||CovertCloak|Drizzle|MuddyWater,Hurricane,Tailwind,Protect|||M|||50|,,,,,Ground]Primarina||ThroatSpray|LiquidVoice|HyperVoice,Haze,DazzlingGleam,Encore|||F|||50|,,,,,Steel
|showteam|p2|Baxcalibur||LoadedDice|ThermalExchange|IcicleSpear,ScaleShot,IceShard,Protect|||M|||50|,,,,,Ghost]Volcarona||CovertCloak|FlameBody|HeatWave,TeraBlast,QuiverDance,RagePowder|||M|||50|,,,,,Fairy]Rillaboom||AssaultVest|GrassySurge|GrassyGlide,WoodHammer,HighHorsepower,FakeOut|||F|||50|,,,,,Water]Kingambit||SafetyGoggles|Defiant|KowtowCleave,SuckerPunch,SwordsDance,Protect|||M|||50|,,,,,Dark]Dondozo||Leftovers|Unaware|WaveCrash,Fissure,Curse,Protect|||M|||50|,,,,,Bug]Sneasler||FocusSash|PoisonTouch|DireClaw,CloseCombat,Coaching,Protect|||M|||50|,,,,,Ghost
|j| Soda_Machine4
|inactive|Battle timer is ON: inactive players will automatically lose when time's up. (requested by AbacusStabacus)
|
|t:|1757130260
|teamsize|p1|4
|teamsize|p2|4
|start
|switch|p1a: Pelipper|Pelipper, L50, M|100/100
|switch|p1b: Primarina|Primarina, L50, F|100/100
|switch|p2a: Jet Jaguar|Kingambit, L50, M, shiny|100/100
|switch|p2b: Caeser|Sneasler, L50, M, shiny|100/100
|-weather|RainDance|[from] ability: Drizzle|[of] p1a: Pelipper
|turn|1
|inactive|endK649 has 30 seconds left.
|
|t:|1757130292
|move|p2b: Caeser|Protect|p2b: Caeser
|-singleturn|p2b: Caeser|Protect
|move|p2a: Jet Jaguar|Protect|p2a: Jet Jaguar
|-singleturn|p2a: Jet Jaguar|Protect
|move|p1a: Pelipper|Muddy Water|p2a: Jet Jaguar|[spread] 
|-activate|p2a: Jet Jaguar|move: Protect
|-activate|p2b: Caeser|move: Protect
|move|p1b: Primarina|Hyper Voice|p2a: Jet Jaguar|[spread] 
|-activate|p2a: Jet Jaguar|move: Protect
|-activate|p2b: Caeser|move: Protect
|
|-weather|RainDance|[upkeep]
|upkeep
|turn|2
|
|t:|1757130314
|move|p2b: Caeser|Dire Claw|p1b: Primarina
|-supereffective|p1b: Primarina
|-damage|p1b: Primarina|0 fnt
|faint|p1b: Primarina
|move|p1a: Pelipper|Tailwind|p1a: Pelipper
|-sidestart|p1: AbacusStabacus|move: Tailwind
|move|p2a: Jet Jaguar|Swords Dance|p2a: Jet Jaguar
|-boost|p2a: Jet Jaguar|atk|2
|
|-weather|RainDance|[upkeep]
|upkeep
|
|t:|1757130319
|switch|p1b: Overqwil|Overqwil, L50, M|100/100
|turn|3
|
|t:|1757130329
|-terastallize|p1b: Overqwil|Water
|move|p2a: Jet Jaguar|Protect|p2a: Jet Jaguar
|-singleturn|p2a: Jet Jaguar|Protect
|move|p1b: Overqwil|Waterfall|p2b: Caeser
|-enditem|p2b: Caeser|Focus Sash
|-damage|p2b: Caeser|1/100
|cant|p2b: Caeser|flinch
|move|p1a: Pelipper|Muddy Water|p2a: Jet Jaguar|[spread] 
|-activate|p2a: Jet Jaguar|move: Protect
|-miss|p1a: Pelipper|p2b: Caeser
|
|-weather|RainDance|[upkeep]
|upkeep
|turn|4
|
|t:|1757130352
|switch|p2b: King Kong|Rillaboom, L50, F, shiny|100/100
|-fieldstart|move: Grassy Terrain|[from] ability: Grassy Surge|[of] p2b: King Kong
|-terastallize|p2a: Jet Jaguar|Dark
|move|p2a: Jet Jaguar|Sucker Punch|p1b: Overqwil
|-damage|p1b: Overqwil|0 fnt
|faint|p1b: Overqwil
|move|p1a: Pelipper|Muddy Water|p2b: King Kong|[spread] p2a,p2b
|-crit|p2a: Jet Jaguar
|-resisted|p2b: King Kong
|-damage|p2a: Jet Jaguar|54/100
|-damage|p2b: King Kong|89/100
|-unboost|p2a: Jet Jaguar|accuracy|1
|-ability|p2a: Jet Jaguar|Defiant|boost
|-boost|p2a: Jet Jaguar|atk|2
|
|-weather|RainDance|[upkeep]
|-heal|p2b: King Kong|95/100|[from] Grassy Terrain
|-heal|p2a: Jet Jaguar|59/100|[from] Grassy Terrain
|upkeep
|
|t:|1757130357
|switch|p1b: Gholdengo|Gholdengo, L50|100/100
|turn|5
|
|t:|1757130379
|move|p2a: Jet Jaguar|Protect|p2a: Jet Jaguar
|-singleturn|p2a: Jet Jaguar|Protect
|move|p1b: Gholdengo|Make It Rain|p2a: Jet Jaguar|[spread] p2b
|-activate|p2a: Jet Jaguar|move: Protect
|-damage|p2b: King Kong|51/100
|-unboost|p1b: Gholdengo|spa|1
|-damage|p1b: Gholdengo|91/100|[from] item: Life Orb
|move|p1a: Pelipper|Hurricane|p2b: King Kong
|-supereffective|p2b: King Kong
|-damage|p2b: King Kong|1/100
|-start|p2b: King Kong|confusion
|-activate|p2b: King Kong|confusion
|move|p2b: King Kong|Wood Hammer|p1a: Pelipper
|-damage|p1a: Pelipper|42/100
|-damage|p2b: King Kong|0 fnt|[from] Recoil
|faint|p2b: King Kong
|
|-weather|none
|-heal|p1b: Gholdengo|97/100|[from] Grassy Terrain
|-heal|p2a: Jet Jaguar|65/100|[from] Grassy Terrain
|-sideend|p1: AbacusStabacus|move: Tailwind
|upkeep
|
|t:|1757130392
|switch|p2b: Caeser|Sneasler, L50, M, shiny|1/100
|turn|6
|
|t:|1757130415
|move|p2a: Jet Jaguar|Sucker Punch|p1b: Gholdengo|[miss]
|-miss|p2a: Jet Jaguar|p1b: Gholdengo
|move|p2b: Caeser|Dire Claw|p1a: Pelipper
|-crit|p1a: Pelipper
|-damage|p1a: Pelipper|0 fnt
|faint|p1a: Pelipper
|move|p1b: Gholdengo|Make It Rain|p2a: Jet Jaguar|[spread] p2a,p2b
|-damage|p2a: Jet Jaguar|24/100
|-damage|p2b: Caeser|0 fnt
|-unboost|p1b: Gholdengo|spa|1
|faint|p2b: Caeser
|-damage|p1b: Gholdengo|87/100|[from] item: Life Orb
|
|-heal|p1b: Gholdengo|93/100|[from] Grassy Terrain
|-heal|p2a: Jet Jaguar|29/100|[from] Grassy Terrain
|upkeep
|
|t:|1757130419
|switch|p2b: Godzilla|Baxcalibur, L50, M, shiny|100/100
|turn|7
|
|t:|1757130433
|move|p2a: Jet Jaguar|Sucker Punch|p1b: Gholdengo|[miss]
|-miss|p2a: Jet Jaguar|p1b: Gholdengo
|move|p2b: Godzilla|Scale Shot|p1b: Gholdengo|[miss]
|-miss|p2b: Godzilla|p1b: Gholdengo
|move|p1b: Gholdengo|Make It Rain|p2a: Jet Jaguar|[spread] p2a,p2b
|-supereffective|p2b: Godzilla
|-damage|p2a: Jet Jaguar|0 fnt
|-damage|p2b: Godzilla|31/100
|-unboost|p1b: Gholdengo|spa|1
|faint|p2a: Jet Jaguar
|-damage|p1b: Gholdengo|83/100|[from] item: Life Orb
|
|-heal|p2b: Godzilla|37/100|[from] Grassy Terrain
|-heal|p1b: Gholdengo|90/100|[from] Grassy Terrain
|upkeep
|turn|8
|c|☆endK649|bruh
|
|t:|1757130450
|move|p2b: Godzilla|Protect|p2b: Godzilla
|-singleturn|p2b: Godzilla|Protect
|move|p1b: Gholdengo|Make It Rain|p2b: Godzilla
|-activate|p2b: Godzilla|move: Protect
|
|-heal|p2b: Godzilla|44/100|[from] Grassy Terrain
|-heal|p1b: Gholdengo|96/100|[from] Grassy Terrain
|-fieldend|move: Grassy Terrain
|upkeep
|turn|9
|
|t:|1757130454
|move|p2b: Godzilla|Scale Shot|p1b: Gholdengo
|-resisted|p1b: Gholdengo
|-damage|p1b: Gholdengo|88/100
|-resisted|p1b: Gholdengo
|-damage|p1b: Gholdengo|80/100
|-resisted|p1b: Gholdengo
|-damage|p1b: Gholdengo|73/100
|-resisted|p1b: Gholdengo
|-damage|p1b: Gholdengo|66/100
|-hitcount|p1b: Gholdengo|4
|-unboost|p2b: Godzilla|def|1
|-boost|p2b: Godzilla|spe|1
|move|p1b: Gholdengo|Make It Rain|p2b: Godzilla
|-supereffective|p2b: Godzilla
|-damage|p2b: Godzilla|0 fnt
|-unboost|p1b: Gholdengo|spa|1
|faint|p2b: Godzilla
|-damage|p1b: Gholdengo|56/100|[from] item: Life Orb
|
|win|AbacusStabacus
||endK649 is ready for game 3.
||AbacusStabacus is ready for game 3.
|uhtml|next|Next: Game 3 of 3
|l| Soda_Machine4
|l|☆AbacusStabacus
|player|p1|
