|j|☆eklyst
|j|☆Timothim Chalombre
|html|eklystTimothim Chalombre    
|uhtml|bestof|Game 2 of a best-of-3
|t:|1756941457
|gametype|doubles
|player|p1|eklyst|pokemaniac|1112
|player|p2|Timothim Chalombre|caitlin|1201
|gen|9
|tier|[Gen 9] VGC 2025 Reg H (Bo3)
|rated|
|rule|Species Clause: Limit one of each Pokémon
|rule|Item Clause: Limit 1 of each item
|clearpoke
|poke|p1|Ursaluna-Bloodmoon, L50, M|
|poke|p1|Incineroar, L50, F|
|poke|p1|Rillaboom, L50, F|
|poke|p1|Farigiraf, L50, M|
|poke|p1|Sneasler, L50, F|
|poke|p1|Volcarona, L50, M|
|poke|p2|Baxcalibur, L50, F|
|poke|p2|Basculegion, L50, M|
|poke|p2|Arcanine-Hisui, L50, M|
|poke|p2|Rillaboom, L50, F|
|poke|p2|Clefable, L50, F|
|poke|p2|Gholdengo, L50|
|teampreview|4
|showteam|p1|Ursaluna-Bloodmoon||LifeOrb|MindsEye|HyperVoice,BloodMoon,EarthPower,Protect|||M|||50|,,,,,Normal]Incineroar||SitrusBerry|Intimidate|FakeOut,FlareBlitz,KnockOff,PartingShot|||F|||50|,,,,,Bug]Rillaboom||AssaultVest|GrassySurge|Uturn,WoodHammer,GrassyGlide,FakeOut|||F|||50|,,,,,Fire]Farigiraf||ThroatSpray|ArmorTail|HyperVoice,Protect,Psychic,TrickRoom|||M|||50|,,,,,Fairy]Sneasler||FocusSash|Unburden|CloseCombat,Protect,FakeOut,ThroatChop|||F|||50|,,,,,Dark]Volcarona||CovertCloak|FlameBody|HeatWave,Protect,StruggleBug,RagePowder|||M|||50|,,,,,Water
|showteam|p2|Baxcalibur||LoadedDice|ThermalExchange|IcicleSpear,ScaleShot,IceShard,Protect|||F|||50|,,,,,Poison]Basculegion||ChoiceScarf|Adaptability|WaveCrash,LastRespects,AquaJet,FlipTurn|||M|||50|,,,,,Water]Arcanine-Hisui||ClearAmulet|Intimidate|FlareBlitz,RockSlide,ExtremeSpeed,Protect|||M|||50|,,,,,Water]Rillaboom||AssaultVest|GrassySurge|FakeOut,WoodHammer,GrassyGlide,HighHorsepower|||F|||50|,,,,,Fire]Clefable||SitrusBerry|Unaware|Moonblast,FollowMe,ThunderWave,Protect|||F|||50|,,,,,Grass]Gholdengo||GrassySeed|GoodasGold|MakeItRain,ShadowBall,NastyPlot,Protect||||||50|,,,,,Water
|
|t:|1756941494
|teamsize|p1|4
|teamsize|p2|4
|start
|switch|p1a: Incineroar|Incineroar, L50, F|100/100
|switch|p1b: Farigiraf|Farigiraf, L50, M|100/100
|switch|p2a: Arcanine|Arcanine-Hisui, L50, M|100/100
|switch|p2b: Clefable|Clefable, L50, F|100/100
|-ability|p2a: Arcanine|Intimidate|boost
|-unboost|p1a: Incineroar|atk|1
|-unboost|p1b: Farigiraf|atk|1
|-ability|p1a: Incineroar|Intimidate|boost
|-fail|p2a: Arcanine|unboost|[from] item: Clear Amulet|[of] p2a: Arcanine
|-unboost|p2b: Clefable|atk|1
|turn|1
|
|t:|1756941519
|switch|p1a: Rillaboom|Rillaboom, L50, F|100/100
|-fieldstart|move: Grassy Terrain|[from] ability: Grassy Surge|[of] p1a: Rillaboom
|move|p2a: Arcanine|Rock Slide|p1b: Farigiraf|[spread] p1a,p1b
|-damage|p1a: Rillaboom|77/100
|-damage|p1b: Farigiraf|73/100
|move|p2b: Clefable|Moonblast|p1a: Rillaboom
|-damage|p1a: Rillaboom|54/100
|move|p1b: Farigiraf|Trick Room|p1b: Farigiraf
|-fieldstart|move: Trick Room|[of] p1b: Farigiraf
|
|-heal|p1b: Farigiraf|79/100|[from] Grassy Terrain
|-heal|p1a: Rillaboom|60/100|[from] Grassy Terrain
|upkeep
|turn|2
|inactive|Battle timer is ON: inactive players will automatically lose when time's up. (requested by Timothim Chalombre)
|
|t:|1756941534
|move|p2b: Clefable|Protect|p2b: Clefable
|-singleturn|p2b: Clefable|Protect
|move|p2a: Arcanine|Protect|p2a: Arcanine
|-singleturn|p2a: Arcanine|Protect
|move|p1b: Farigiraf|Hyper Voice|p2a: Arcanine|[spread] 
|-activate|p2a: Arcanine|move: Protect
|-activate|p2b: Clefable|move: Protect
|move|p1a: Rillaboom|Wood Hammer|p2a: Arcanine
|-activate|p2a: Arcanine|move: Protect
|
|-heal|p1b: Farigiraf|85/100|[from] Grassy Terrain
|-heal|p1a: Rillaboom|66/100|[from] Grassy Terrain
|upkeep
|turn|3
|
|t:|1756941549
|switch|p2a: Baxcalibur|Baxcalibur, L50, F|100/100
|move|p1b: Farigiraf|Hyper Voice|p2a: Baxcalibur|[spread] p2a,p2b
|-damage|p2a: Baxcalibur|69/100
|-damage|p2b: Clefable|72/100
|-enditem|p1b: Farigiraf|Throat Spray
|-boost|p1b: Farigiraf|spa|1|[from] item: Throat Spray
|move|p2b: Clefable|Thunder Wave|p1a: Rillaboom
|-status|p1a: Rillaboom|par
|move|p1a: Rillaboom|Wood Hammer|p2a: Baxcalibur
|-resisted|p2a: Baxcalibur
|-damage|p2a: Baxcalibur|32/100
|-damage|p1a: Rillaboom|54/100 par|[from] Recoil
|
|-heal|p1a: Rillaboom|60/100 par|[from] Grassy Terrain
|-heal|p1b: Farigiraf|91/100|[from] Grassy Terrain
|-heal|p2b: Clefable|78/100|[from] Grassy Terrain
|-heal|p2a: Baxcalibur|38/100|[from] Grassy Terrain
|upkeep
|turn|4
|
|t:|1756941568
|move|p2a: Baxcalibur|Protect|p2a: Baxcalibur
|-singleturn|p2a: Baxcalibur|Protect
|move|p1a: Rillaboom|U-turn|p2b: Clefable
|-resisted|p2b: Clefable
|-crit|p2b: Clefable
|-damage|p2b: Clefable|64/100
|
|t:|1756941573
|switch|p1a: Incineroar|Incineroar, L50, F|100/100|[from] U-turn
|-ability|p1a: Incineroar|Intimidate|boost
|-unboost|p2a: Baxcalibur|atk|1
|-unboost|p2b: Clefable|atk|1
|move|p1b: Farigiraf|Hyper Voice|p2a: Baxcalibur|[spread] p2b
|-activate|p2a: Baxcalibur|move: Protect
|-damage|p2b: Clefable|37/100
|-enditem|p2b: Clefable|Sitrus Berry|[eat]
|-heal|p2b: Clefable|61/100|[from] item: Sitrus Berry
|move|p2b: Clefable|Moonblast|p1a: Incineroar
|-damage|p1a: Incineroar|72/100
|
|-heal|p1b: Farigiraf|98/100|[from] Grassy Terrain
|-heal|p1a: Incineroar|78/100|[from] Grassy Terrain
|-heal|p2b: Clefable|67/100|[from] Grassy Terrain
|-heal|p2a: Baxcalibur|44/100|[from] Grassy Terrain
|upkeep
|turn|5
|
|t:|1756941591
|switch|p2a: Arcanine|Arcanine-Hisui, L50, M|100/100
|-ability|p2a: Arcanine|Intimidate|boost
|-unboost|p1a: Incineroar|atk|1
|-unboost|p1b: Farigiraf|atk|1
|move|p1a: Incineroar|Fake Out|p2a: Arcanine
|-resisted|p2a: Arcanine
|-damage|p2a: Arcanine|97/100
|move|p2b: Clefable|Follow Me|p2b: Clefable
|-singleturn|p2b: Clefable|move: Follow Me
|move|p1b: Farigiraf|Hyper Voice|p2a: Arcanine|[spread] p2a,p2b
|-resisted|p2a: Arcanine
|-damage|p2a: Arcanine|72/100
|-damage|p2b: Clefable|39/100
|
|-heal|p1b: Farigiraf|100/100|[from] Grassy Terrain
|-heal|p1a: Incineroar|84/100|[from] Grassy Terrain
|-heal|p2b: Clefable|45/100|[from] Grassy Terrain
|-heal|p2a: Arcanine|78/100|[from] Grassy Terrain
|-fieldend|move: Trick Room
|-fieldend|move: Grassy Terrain
|upkeep
|turn|6
|
|t:|1756941607
|move|p2a: Arcanine|Rock Slide|p1a: Incineroar|[spread] p1a,p1b
|-supereffective|p1a: Incineroar
|-damage|p1a: Incineroar|47/100
|-damage|p1b: Farigiraf|72/100
|-enditem|p1a: Incineroar|Sitrus Berry|[eat]
|-heal|p1a: Incineroar|72/100|[from] item: Sitrus Berry
|move|p2b: Clefable|Thunder Wave|p1b: Farigiraf
|-status|p1b: Farigiraf|par
|move|p1a: Incineroar|Knock Off|p2a: Arcanine
|-crit|p2a: Arcanine
|-damage|p2a: Arcanine|17/100
|-enditem|p2a: Arcanine|Clear Amulet|[from] move: Knock Off|[of] p1a: Incineroar
|move|p1b: Farigiraf|Trick Room|p1b: Farigiraf
|-fieldstart|move: Trick Room|[of] p1b: Farigiraf
|
|upkeep
|turn|7
|inactive|Timothim Chalombre has 30 seconds left.
|
|t:|1756941633
|move|p2a: Arcanine|Protect|p2a: Arcanine
|-singleturn|p2a: Arcanine|Protect
|move|p1b: Farigiraf|Hyper Voice|p2a: Arcanine|[spread] p2b
|-activate|p2a: Arcanine|move: Protect
|-damage|p2b: Clefable|16/100
|move|p1a: Incineroar|Parting Shot|p2b: Clefable
|-unboost|p2b: Clefable|atk|1
|-unboost|p2b: Clefable|spa|1
|
|t:|1756941644
|switch|p1a: Ursaluna|Ursaluna-Bloodmoon, L50, M|100/100|[from] Parting Shot
|move|p2b: Clefable|Moonblast|p1b: Farigiraf
|-damage|p1b: Farigiraf|54/100 par
|
|upkeep
|turn|8
|
|t:|1756941662
|switch|p2a: Baxcalibur|Baxcalibur, L50, F|44/100
|move|p2b: Clefable|Follow Me|p2b: Clefable
|-singleturn|p2b: Clefable|move: Follow Me
|move|p1b: Farigiraf|Hyper Voice|p2b: Clefable|[spread] p2a,p2b
|-damage|p2a: Baxcalibur|0 fnt
|-damage|p2b: Clefable|0 fnt
|faint|p2a: Baxcalibur
|faint|p2b: Clefable
|move|p1a: Ursaluna|Hyper Voice|p2: Baxcalibur|[notarget]
|-fail|p1a: Ursaluna
|
|upkeep
|-message|Timothim Chalombre forfeited.
|
|win|eklyst
||Timothim Chalombre is ready for game 3.
||eklyst is ready for game 3.
|uhtml|next|Next: Game 3 of 3
|l|☆Timothim Chalombre
|player|p2|
