|j|☆Le Philly
|j|☆Luke693VGC
|html|Le PhillyLuke693VGC    
|uhtml|bestof|Game 2 of a best-of-3
|t:|1756236057
|gametype|doubles
|player|p1|Le Philly|169|1029
|player|p2|Luke693VGC|cyclist-gen4|1040
|gen|9
|tier|[Gen 9] VGC 2025 Reg H (Bo3)
|rated|
|rule|Species Clause: Limit one of each Pokémon
|rule|Item Clause: Limit 1 of each item
|clearpoke
|poke|p1|Baxcalibur, L50, F|
|poke|p1|Sneasler, L50, M|
|poke|p1|Kingambit, L50, M|
|poke|p1|Gastrodon, L50, F|
|poke|p1|Volcarona, L50, F|
|poke|p1|Rillaboom, L50, M|
|poke|p2|Pelipper, L50, M|
|poke|p2|Archaludon, L50, M|
|poke|p2|Sinistcha, L50|
|poke|p2|Ursaluna, L50, M|
|poke|p2|Dragonite, L50, M|
|poke|p2|Incineroar, L50, F|
|teampreview|4
|showteam|p1|Baxcalibur||LoadedDice|ThermalExchange|IceShard,IcicleSpear,ScaleShot,Protect|||F|||50|,,,,,Ghost]Sneasler||FocusSash|Unburden|DireClaw,CloseCombat,Coaching,FakeOut|||M|||50|,,,,,Ghost]Kingambit||AssaultVest|Defiant|KowtowCleave,SuckerPunch,IronHead,TeraBlast|||M|||50|,,,,,Flying]Gastrodon||SitrusBerry|StormDrain|EarthPower,ClearSmog,Yawn,Protect|||F|||50|,,,,,Fairy]Volcarona||Leftovers|FlameBody|HeatWave,GigaDrain,QuiverDance,Protect|||F|||50|,,,,,Grass]Rillaboom||MiracleSeed|GrassySurge|FakeOut,GrassyGlide,WoodHammer,HighHorsepower|||M|||50|,,,,,Fire
|showteam|p2|Pelipper||FocusSash|Drizzle|MuddyWater,Hurricane,WideGuard,Tailwind|||M|||50|,,,,,Ghost]Archaludon||AssaultVest|Stamina|FlashCannon,BodyPress,ElectroShot,Snarl|||M|||50|,,,,,Fighting]Sinistcha||SitrusBerry|Hospitality|MatchaGotcha,LifeDew,RagePowder,TrickRoom||||||50|,,,,,Dark]Ursaluna||FlameOrb|Guts|Protect,Facade,HeadlongRush,Earthquake|||M|||50|,,,,,Ghost]Dragonite||LoadedDice|Multiscale|Protect,ScaleShot,Haze,Tailwind|||M|||50|,,,,,Fairy]Incineroar||SafetyGoggles|Intimidate|FlareBlitz,KnockOff,FakeOut,PartingShot|||F|||50|,,,,,Ghost
|inactive|Battle timer is ON: inactive players will automatically lose when time's up. (requested by Luke693VGC)
|inactive|Le Philly has 60 seconds left.
|
|t:|1756236090
|teamsize|p1|4
|teamsize|p2|4
|start
|switch|p1a: Kingambit|Kingambit, L50, M|100/100
|switch|p1b: Rillaboom|Rillaboom, L50, M|100/100
|switch|p2a: Dragonite|Dragonite, L50, M|100/100
|switch|p2b: Pelipper|Pelipper, L50, M|100/100
|-fieldstart|move: Grassy Terrain|[from] ability: Grassy Surge|[of] p1b: Rillaboom
|-weather|RainDance|[from] ability: Drizzle|[of] p2b: Pelipper
|turn|1
|inactive|Le Philly has 30 seconds left.
|inactive|Luke693VGC has 30 seconds left.
|inactive|Le Philly has 20 seconds left.
|inactive|Le Philly has 15 seconds left.
|
|t:|1756236133
|switch|p2a: Archaludon|Archaludon, L50, M|100/100
|move|p1b: Rillaboom|Grassy Glide|p2b: Pelipper
|-damage|p2b: Pelipper|40/100
|move|p2b: Pelipper|Tailwind|p2b: Pelipper
|-sidestart|p2: Luke693VGC|move: Tailwind
|move|p1a: Kingambit|Kowtow Cleave|p2b: Pelipper
|-damage|p2b: Pelipper|0 fnt
|faint|p2b: Pelipper
|
|-weather|RainDance|[upkeep]
|upkeep
|
|t:|1756236148
|switch|p2b: Incineroar|Incineroar, L50, F|100/100
|-ability|p2b: Incineroar|Intimidate|boost
|-unboost|p1a: Kingambit|atk|1
|-ability|p1a: Kingambit|Defiant|boost
|-boost|p1a: Kingambit|atk|2
|-unboost|p1b: Rillaboom|atk|1
|turn|2
|inactive|Le Philly has 30 seconds left.
|
|t:|1756236183
|switch|p1a: Volcarona|Volcarona, L50, F|100/100
|move|p2b: Incineroar|Fake Out|p1a: Volcarona
|-damage|p1a: Volcarona|88/100
|move|p2a: Archaludon|Body Press|p1a: Volcarona
|-resisted|p1a: Volcarona
|-damage|p1a: Volcarona|69/100
|move|p1b: Rillaboom|High Horsepower|p2b: Incineroar
|-supereffective|p2b: Incineroar
|-damage|p2b: Incineroar|59/100
|
|-weather|RainDance|[upkeep]
|-heal|p2b: Incineroar|65/100|[from] Grassy Terrain
|-heal|p1a: Volcarona|75/100|[from] Grassy Terrain
|-heal|p1a: Volcarona|81/100|[from] item: Leftovers
|upkeep
|turn|3
|inactive|Le Philly has 30 seconds left.
|inactive|Luke693VGC has 30 seconds left.
|inactive|Le Philly has 20 seconds left.
|inactive|Le Philly has 15 seconds left.
|
|t:|1756236224
|move|p2a: Archaludon|Snarl|p1a: Volcarona|[spread] p1a,p1b
|-damage|p1a: Volcarona|71/100
|-damage|p1b: Rillaboom|88/100
|-unboost|p1a: Volcarona|spa|1
|-unboost|p1b: Rillaboom|spa|1
|move|p2b: Incineroar|Parting Shot|p1a: Volcarona
|-unboost|p1a: Volcarona|atk|1
|-unboost|p1a: Volcarona|spa|1
|
|t:|1756236232
|switch|p2b: Dragonite|Dragonite, L50, M|100/100|[from] Parting Shot
|move|p1a: Volcarona|Quiver Dance|p1a: Volcarona
|-boost|p1a: Volcarona|spa|1
|-boost|p1a: Volcarona|spd|1
|-boost|p1a: Volcarona|spe|1
|move|p1b: Rillaboom|High Horsepower|p2b: Dragonite
|-immune|p2b: Dragonite
|
|-weather|RainDance|[upkeep]
|-heal|p1a: Volcarona|77/100|[from] Grassy Terrain
|-heal|p1a: Volcarona|82/100|[from] item: Leftovers
|-heal|p1b: Rillaboom|94/100|[from] Grassy Terrain
|upkeep
|turn|4
|inactive|Luke693VGC has 30 seconds left.
|inactive|Luke693VGC has 20 seconds left.
|
|t:|1756236269
|switch|p1b: Kingambit|Kingambit, L50, M|100/100
|move|p1a: Volcarona|Protect|p1a: Volcarona
|-singleturn|p1a: Volcarona|Protect
|move|p2b: Dragonite|Scale Shot|p1a: Volcarona
|-activate|p1a: Volcarona|move: Protect
|move|p2a: Archaludon|Electro Shot||[still]
|-prepare|p2a: Archaludon|Electro Shot
|-boost|p2a: Archaludon|spa|1
|-anim|p2a: Archaludon|Electro Shot|p1a: Volcarona
|-activate|p1a: Volcarona|move: Protect
|
|-weather|RainDance|[upkeep]
|-heal|p1a: Volcarona|88/100|[from] Grassy Terrain
|-heal|p1a: Volcarona|94/100|[from] item: Leftovers
|-sideend|p2: Luke693VGC|move: Tailwind
|upkeep
|turn|5
|inactive|Le Philly has 30 seconds left.
|inactive|Luke693VGC has 30 seconds left.
|inactive|Le Philly has 20 seconds left.
|inactive|Le Philly has 15 seconds left.
|inactive|Le Philly has 10 seconds left.
|inactive|Le Philly has 5 seconds left.
|
|t:|1756236323
|-terastallize|p1b: Kingambit|Flying
|move|p1a: Volcarona|Giga Drain|p2b: Dragonite
|-resisted|p2b: Dragonite
|-damage|p2b: Dragonite|98/100
|-heal|p1a: Volcarona|95/100|[from] drain|[of] p2b: Dragonite
|move|p2b: Dragonite|Tailwind|p2b: Dragonite
|-sidestart|p2: Luke693VGC|move: Tailwind
|move|p2a: Archaludon|Electro Shot||[still]
|-prepare|p2a: Archaludon|Electro Shot
|-boost|p2a: Archaludon|spa|1
|-anim|p2a: Archaludon|Electro Shot|p1b: Kingambit
|-supereffective|p1b: Kingambit
|-damage|p1b: Kingambit|8/100
|move|p1b: Kingambit|Kowtow Cleave|p2b: Dragonite
|-damage|p2b: Dragonite|41/100
|
|-weather|none
|-heal|p1a: Volcarona|100/100|[from] Grassy Terrain
|-fieldend|move: Grassy Terrain
|upkeep
|turn|6
|inactive|Le Philly has 30 seconds left.
|inactive|Luke693VGC has 30 seconds left.
|inactive|Le Philly has 20 seconds left.
|inactive|Luke693VGC has 20 seconds left.
|inactive|Le Philly has 15 seconds left.
|
|t:|1756236364
|move|p1b: Kingambit|Sucker Punch|p2b: Dragonite
|-damage|p2b: Dragonite|0 fnt
|faint|p2b: Dragonite
|move|p1a: Volcarona|Giga Drain|p2a: Archaludon
|-resisted|p2a: Archaludon
|-damage|p2a: Archaludon|97/100
|-ability|p2a: Archaludon|Stamina|boost
|-boost|p2a: Archaludon|def|1
|move|p2a: Archaludon|Snarl|p1b: Kingambit|[spread] p1a,p1b
|-damage|p1a: Volcarona|87/100
|-damage|p1b: Kingambit|0 fnt
|-unboost|p1a: Volcarona|spa|1
|faint|p1b: Kingambit
|
|-heal|p1a: Volcarona|93/100|[from] item: Leftovers
|upkeep
|
|t:|1756236383
|switch|p2b: Incineroar|Incineroar, L50, F|65/100
|switch|p1b: Rillaboom|Rillaboom, L50, M|94/100
|-ability|p2b: Incineroar|Intimidate|boost
|-unboost|p1a: Volcarona|atk|1
|-unboost|p1b: Rillaboom|atk|1
|-fieldstart|move: Grassy Terrain|[from] ability: Grassy Surge|[of] p1b: Rillaboom
|turn|7
|inactive|Luke693VGC has 30 seconds left.
|
|t:|1756236418
|move|p1b: Rillaboom|Fake Out|p2b: Incineroar
|-damage|p2b: Incineroar|56/100
|move|p1a: Volcarona|Quiver Dance|p1a: Volcarona
|-boost|p1a: Volcarona|spa|1
|-boost|p1a: Volcarona|spd|1
|-boost|p1a: Volcarona|spe|1
|move|p2a: Archaludon|Body Press|p1b: Rillaboom
|-damage|p1b: Rillaboom|55/100
|cant|p2b: Incineroar|flinch
|
|-heal|p1a: Volcarona|98/100|[from] Grassy Terrain
|-heal|p1a: Volcarona|100/100|[from] item: Leftovers
|-heal|p2a: Archaludon|100/100|[from] Grassy Terrain
|-heal|p2b: Incineroar|62/100|[from] Grassy Terrain
|-heal|p1b: Rillaboom|60/100|[from] Grassy Terrain
|upkeep
|turn|8
|
|t:|1756236442
|move|p1a: Volcarona|Giga Drain|p2b: Incineroar
|-resisted|p2b: Incineroar
|-damage|p2b: Incineroar|53/100
|move|p2a: Archaludon|Body Press|p1b: Rillaboom
|-damage|p1b: Rillaboom|22/100
|move|p2b: Incineroar|Flare Blitz|p1b: Rillaboom
|-supereffective|p1b: Rillaboom
|-damage|p1b: Rillaboom|0 fnt
|faint|p1b: Rillaboom
|-damage|p2b: Incineroar|46/100|[from] Recoil
|
|-heal|p2b: Incineroar|52/100|[from] Grassy Terrain
|-sideend|p2: Luke693VGC|move: Tailwind
|upkeep
|
|t:|1756236460
|switch|p1b: Sneasler|Sneasler, L50, M|100/100
|turn|9
|inactive|Luke693VGC has 30 seconds left.
|inactive|Luke693VGC has 20 seconds left.
|
|t:|1756236497
|-terastallize|p2a: Archaludon|Fighting
|move|p1a: Volcarona|Protect|p1a: Volcarona
|-singleturn|p1a: Volcarona|Protect
|move|p1b: Sneasler|Close Combat|p2a: Archaludon
|-damage|p2a: Archaludon|72/100
|-unboost|p1b: Sneasler|def|1
|-unboost|p1b: Sneasler|spd|1
|-ability|p2a: Archaludon|Stamina|boost
|-boost|p2a: Archaludon|def|1
|move|p2a: Archaludon|Flash Cannon|p1b: Sneasler
|-enditem|p1b: Sneasler|Focus Sash
|-damage|p1b: Sneasler|1/100
|move|p2b: Incineroar|Knock Off|p1b: Sneasler
|-resisted|p1b: Sneasler
|-damage|p1b: Sneasler|0 fnt
|faint|p1b: Sneasler
|
|-heal|p2a: Archaludon|78/100|[from] Grassy Terrain
|-heal|p2b: Incineroar|58/100|[from] Grassy Terrain
|upkeep
|turn|10
|inactive|Luke693VGC has 30 seconds left.
|
|t:|1756236529
|move|p1a: Volcarona|Heat Wave|p2a: Archaludon|[spread] p2a,p2b
|-resisted|p2b: Incineroar
|-damage|p2a: Archaludon|62/100
|-damage|p2b: Incineroar|49/100
|-ability|p2a: Archaludon|Stamina|boost
|-boost|p2a: Archaludon|def|1
|move|p2a: Archaludon|Body Press|p1a: Volcarona
|-resisted|p1a: Volcarona
|-damage|p1a: Volcarona|38/100
|move|p2b: Incineroar|Flare Blitz|p1a: Volcarona
|-damage|p1a: Volcarona|0 fnt
|faint|p1a: Volcarona
|-damage|p2b: Incineroar|38/100|[from] Recoil
|
|win|Luke693VGC
