|j|☆Aeon_Twins
|j|☆lillyrosethedemon
|html|Aeon_Twinslillyrosethedemon    
|uhtml|bestof|Game 2 of a best-of-3
|t:|1782677571
|gametype|doubles
|player|p1|Aeon_Twins|n|1394
|player|p2|lillyrosethedemon|madame|1280
|gen|9
|tier|[Gen 9 Champions] VGC 2026 Reg M-B (Bo3)
|rated|
|rule|Species Clause: Limit one of each Pokémon
|rule|Item Clause: Limit 1 of each item
|clearpoke
|poke|p1|Torkoal, L50, M|
|poke|p1|Farigiraf, L50, F|
|poke|p1|Pyroar, L50, M|
|poke|p1|Venusaur, L50, M|
|poke|p1|Aerodactyl, L50, M|
|poke|p1|Garchomp, L50, M|
|poke|p2|Farigiraf, L50, F|
|poke|p2|Garchomp, L50, M|
|poke|p2|Milotic, L50, F|
|poke|p2|Staraptor, L50, M|
|poke|p2|Rotom-Heat, L50|
|poke|p2|Gholdengo, L50|
|teampreview|4
|showteam|p1|Torkoal||HeatRock|Drought|Eruption,HeatWave,HelpingHand,Protect|Quiet||M|||50|]Farigiraf||ColburBerry|ArmorTail|Psychic,Thunderbolt,TrickRoom,HelpingHand|Sassy||F|||50|]Pyroar||Pyroarite|Rivalry|Overheat,SolarBeam,HeatWave,Protect|Timid||M|||50|]Venusaur||LifeOrb|Chlorophyll|GigaDrain,EarthPower,SleepPowder,Protect|Timid||M|||50|]Aerodactyl||Aerodactylite|RockHead|RockSlide,DualWingbeat,Tailwind,IceFang|Jolly||M|||50|]Garchomp||SitrusBerry|RoughSkin|RockSlide,DragonClaw,Earthquake,Protect|Jolly||M|||50|
|showteam|p2|Farigiraf||SitrusBerry|ArmorTail|TrickRoom,Psychic,Thunderbolt,Protect|Quiet||F|||50|]Garchomp||LifeOrb|RoughSkin|Earthquake,StompingTantrum,DragonClaw,Protect|Jolly||M|||50|]Milotic||Leftovers|Competitive|MuddyWater,Hypnosis,Coil,Protect|Calm||F|||50|]Staraptor||Staraptite|Intimidate|BraveBird,CloseCombat,Protect,Roost|Jolly||M|||50|]Rotom-Heat||ChoiceScarf|Levitate|Electroweb,Thunderbolt,Overheat,VoltSwitch|Modest|||||50|]Gholdengo||MetalCoat|GoodasGold|NastyPlot,ShadowBall,MakeItRain,Protect|Modest|||||50|
|
|t:|1782677586
|teamsize|p1|4
|teamsize|p2|4
|start
|switch|p1a: Torkoal|Torkoal, L50, M|100/100
|switch|p1b: Pyroar|Pyroar, L50, M|100/100
|switch|p2a: Garchomp|Garchomp, L50, M|100/100
|switch|p2b: Rotom|Rotom-Heat, L50|100/100
|-weather|SunnyDay|[from] ability: Drought|[of] p1a: Torkoal
|turn|1
|
|t:|1782677609
|move|p1b: Pyroar|Protect|p1b: Pyroar
|-singleturn|p1b: Pyroar|Protect
|move|p2b: Rotom|Electroweb|p1a: Torkoal|[spread] p1a
|-activate|p1b: Pyroar|move: Protect
|-damage|p1a: Torkoal|72/100
|-unboost|p1a: Torkoal|spe|1
|move|p2a: Garchomp|Earthquake|p1a: Torkoal|[spread] p1a
|-activate|p1b: Pyroar|move: Protect
|-immune|p2b: Rotom|[from] ability: Levitate
|-supereffective|p1a: Torkoal|1
|-damage|p1a: Torkoal|1/100
|-damage|p2a: Garchomp|90/100|[from] item: Life Orb
|move|p1a: Torkoal|Heat Wave|p2a: Garchomp|[spread] p2b
|-miss|p1a: Torkoal|p2a: Garchomp
|-resisted|p2b: Rotom|1
|-damage|p2b: Rotom|69/100
|
|-weather|SunnyDay|[upkeep]
|upkeep
|turn|2
|
|t:|1782677628
|switch|p1b: Farigiraf|Farigiraf, L50, F|100/100
|move|p2b: Rotom|Electroweb|p1b: Farigiraf|[spread] p1a,p1b
|-damage|p1a: Torkoal|0 fnt
|-damage|p1b: Farigiraf|84/100
|-unboost|p1b: Farigiraf|spe|1
|faint|p1a: Torkoal
|move|p2a: Garchomp|Earthquake|p1b: Farigiraf|[spread] p1b
|-immune|p2b: Rotom|[from] ability: Levitate
|-damage|p1b: Farigiraf|42/100
|-damage|p2a: Garchomp|80/100|[from] item: Life Orb
|
|-weather|SunnyDay|[upkeep]
|upkeep
|
|t:|1782677637
|switch|p1a: Venusaur|Venusaur, L50, M|100/100
|turn|3
|
|t:|1782677656
|switch|p2b: Staraptor|Staraptor, L50, M|100/100
|-ability|p2b: Staraptor|Intimidate|boost
|-unboost|p1a: Venusaur|atk|1
|-unboost|p1b: Farigiraf|atk|1
|move|p1a: Venusaur|Sleep Powder|p2b: Staraptor
|-status|p2b: Staraptor|slp|[from] move: Sleep Powder
|move|p2a: Garchomp|Dragon Claw|p1b: Farigiraf
|-damage|p1b: Farigiraf|0 fnt
|faint|p1b: Farigiraf
|-damage|p2a: Garchomp|70/100|[from] item: Life Orb
|
|-weather|SunnyDay|[upkeep]
|upkeep
|
|t:|1782677665
|switch|p1b: Pyroar|Pyroar, L50, M|100/100
|turn|4
|
|t:|1782677673
|switch|p2a: Farigiraf|Farigiraf, L50, F|100/100
|detailschange|p1b: Pyroar|Pyroar-Mega, L50, M
|-mega|p1b: Pyroar|Pyroar|Pyroarite
|move|p1a: Venusaur|Giga Drain|p2a: Farigiraf
|-damage|p2a: Farigiraf|63/100
|-damage|p1a: Venusaur|90/100|[from] item: Life Orb
|move|p1b: Pyroar|Heat Wave|p2a: Farigiraf|[spread] p2a
|-miss|p1b: Pyroar|p2b: Staraptor
|-damage|p2a: Farigiraf|0 fnt
|faint|p2a: Farigiraf
|cant|p2b: Staraptor|slp
|
|-weather|SunnyDay|[upkeep]
|upkeep
|
|t:|1782677687
|switch|p2a: Garchomp|Garchomp, L50, M|70/100
|turn|5
|
|t:|1782677693
|move|p2a: Garchomp|Protect|p2a: Garchomp
|-singleturn|p2a: Garchomp|Protect
|move|p1a: Venusaur|Sleep Powder|p2a: Garchomp
|-activate|p2a: Garchomp|move: Protect
|move|p1b: Pyroar|Heat Wave|p2b: Staraptor|[spread] p2b
|-activate|p2a: Garchomp|move: Protect
|-damage|p2b: Staraptor|0 fnt
|faint|p2b: Staraptor
|
|-weather|SunnyDay|[upkeep]
|upkeep
|
|t:|1782677703
|switch|p2b: Rotom|Rotom-Heat, L50|69/100
|turn|6
|
|t:|1782677716
|move|p1a: Venusaur|Sleep Powder|p2b: Rotom
|-status|p2b: Rotom|slp|[from] move: Sleep Powder
|cant|p2b: Rotom|slp
|move|p1b: Pyroar|Overheat|p2a: Garchomp
|-resisted|p2a: Garchomp|1
|-damage|p2a: Garchomp|0 fnt
|-unboost|p1b: Pyroar|spa|2
|faint|p2a: Garchomp
|
|-weather|SunnyDay|[upkeep]
|upkeep
|turn|7
|-message|lillyrosethedemon forfeited.
|
|win|Aeon_Twins
