|j|☆bruGno
|j|☆sazar saifi
|html|bruGnosazar saifi    
|uhtml|bestof|Game 3 of a best-of-3
|t:|1786186102
|gametype|doubles
|player|p1|bruGno|ash-kalos|1423
|player|p2|sazar saifi|youngster-gen4dp|1320
|gen|9
|tier|[Gen 9 Champions] VGC 2026 Reg M-B (Bo3)
|rated|
|rule|Species Clause: Limit one of each Pokémon
|rule|Item Clause: Limit 1 of each item
|clearpoke
|poke|p1|Staraptor, L50, F|
|poke|p1|Arcanine-Hisui, L50, F|
|poke|p1|Kingambit, L50, F|
|poke|p1|Sylveon, L50, F|
|poke|p1|Raichu, L50, F|
|poke|p1|Farigiraf, L50, F|
|poke|p2|Sneasler, L50, F|
|poke|p2|Garchomp, L50, F|
|poke|p2|Kingambit, L50, M|
|poke|p2|Floette-Eternal, L50, F|
|poke|p2|Incineroar, L50, F|
|poke|p2|Sinistcha, L50|
|teampreview|4
|showteam|p1|Staraptor||Staraptite|Intimidate|DualWingbeat,CloseCombat,Tailwind,Protect|Jolly||F|||50|]Arcanine-Hisui||FocusSash|RockHead|FlareBlitz,HeadSmash,ExtremeSpeed,Protect|Jolly||F|||50|]Kingambit||LifeOrb|Defiant|KowtowCleave,SuckerPunch,SwordsDance,Protect|Adamant||F|||50|]Sylveon||FairyFeather|Pixilate|HyperVoice,HyperBeam,QuickAttack,Detect|Modest||F|||50|]Raichu||RaichuniteY|LightningRod|ZapCannon,FocusBlast,FakeOut,Protect|Timid||F|||50|]Farigiraf||SitrusBerry|ArmorTail|Psychic,HelpingHand,TrickRoom,Protect|Calm||F|||50|
|showteam|p2|Sneasler||FocusSash|PoisonTouch|FakeOut,Coaching,PoisonJab,CloseCombat|Adamant||F|||50|]Garchomp||Garchompite|SandVeil|Earthquake,RockSlide,StompingTantrum,Protect|Adamant||F|||50|]Kingambit||BlackGlasses|Defiant|SwordsDance,SuckerPunch,KowtowCleave,Protect|Adamant||M|||50|]Floette-Eternal||Floettite|FlowerVeil|CalmMind,DrainingKiss,DazzlingGleam,Protect|Timid||F|||50|]Incineroar||Leftovers|Intimidate|FakeOut,FlareBlitz,PartingShot,HelpingHand|Impish||F|||50|]Sinistcha||SitrusBerry|Hospitality|MatchaGotcha,RagePowder,TrickRoom,Protect|Bold|||||50|
|inactive|Battle timer is ON: inactive players will automatically lose when time's up. (requested by bruGno)
|
|t:|1786186136
|teamsize|p1|4
|teamsize|p2|4
|start
|switch|p1a: Staraptor|Staraptor, L50, F|100/100
|switch|p1b: Sylveon|Sylveon, L50, F|100/100
|switch|p2a: Sneasler|Sneasler, L50, F|100/100
|switch|p2b: Sinistcha|Sinistcha, L50|100/100
|-ability|p1a: Staraptor|Intimidate|boost
|-unboost|p2a: Sneasler|atk|1
|-unboost|p2b: Sinistcha|atk|1
|turn|1
|
|t:|1786186158
|detailschange|p1a: Staraptor|Staraptor-Mega, L50, F
|-mega|p1a: Staraptor|Staraptor|Staraptite
|move|p2b: Sinistcha|Rage Powder|p2b: Sinistcha
|-singleturn|p2b: Sinistcha|move: Rage Powder
|move|p1a: Staraptor|Close Combat|p2b: Sinistcha
|-immune|p2b: Sinistcha
|move|p2a: Sneasler|Poison Jab|p1b: Sylveon
|-supereffective|p1b: Sylveon|1
|-damage|p1b: Sylveon|23/100
|-status|p1b: Sylveon|psn
|move|p1b: Sylveon|Hyper Voice|p2a: Sneasler|[spread] p2a,p2b
|-damage|p2a: Sneasler|35/100
|-damage|p2b: Sinistcha|45/100
|-enditem|p2b: Sinistcha|Sitrus Berry|[eat]
|-heal|p2b: Sinistcha|70/100|[from] item: Sitrus Berry
|
|-damage|p1b: Sylveon|11/100 psn|[from] psn
|upkeep
|turn|2
|inactive|bruGno has 30 seconds left.
|
|t:|1786186186
|switch|p2b: Floette|Floette-Eternal, L50, F|100/100
|move|p1a: Staraptor|Close Combat|p2a: Sneasler
|-resisted|p2a: Sneasler|1
|-damage|p2a: Sneasler|0 fnt
|-boost|p1a: Staraptor|def|1
|-boost|p1a: Staraptor|spd|1
|faint|p2a: Sneasler
|move|p1b: Sylveon|Hyper Voice|p2b: Floette
|-damage|p2b: Floette|48/100
|
|-damage|p1b: Sylveon|0 fnt|[from] psn
|faint|p1b: Sylveon
|upkeep
|
|t:|1786186197
|switch|p2a: Sinistcha|Sinistcha, L50|70/100
|switch|p1b: Arcanine|Arcanine-Hisui, L50, F|100/100
|-heal|p2b: Floette|73/100|[from] ability: Hospitality|[of] p2a: Sinistcha
|turn|3
|
|t:|1786186212
|detailschange|p2b: Floette|Floette-Mega, L50, F
|-mega|p2b: Floette|Floette|Floettite
|-ability|p2b: Floette|Fairy Aura
|move|p2a: Sinistcha|Protect|p2a: Sinistcha
|-singleturn|p2a: Sinistcha|Protect
|move|p1a: Staraptor|Tailwind|p1a: Staraptor
|-sidestart|p1: bruGno|move: Tailwind
|move|p1b: Arcanine|Flare Blitz|p2a: Sinistcha
|-activate|p2a: Sinistcha|move: Protect
|move|p2b: Floette|Dazzling Gleam|p1b: Arcanine|[spread] p1a,p1b
|-supereffective|p1a: Staraptor|1
|-resisted|p1b: Arcanine|1
|-damage|p1a: Staraptor|47/100
|-damage|p1b: Arcanine|74/100
|
|upkeep
|turn|4
|inactive|bruGno has 30 seconds left.
|inactive|sazar saifi has 30 seconds left.
|
|t:|1786186243
|switch|p2a: Kingambit|Kingambit, L50, M|100/100
|move|p1a: Staraptor|Dual Wingbeat|p2a: Kingambit
|-resisted|p2a: Kingambit|1
|-damage|p2a: Kingambit|92/100
|-resisted|p2a: Kingambit|1
|-damage|p2a: Kingambit|85/100
|-hitcount|p2a: Kingambit|2
|move|p1b: Arcanine|Flare Blitz|p2b: Floette
|-damage|p2b: Floette|11/100
|move|p2b: Floette|Dazzling Gleam|p1a: Staraptor|[spread] p1a,p1b
|-supereffective|p1a: Staraptor|1
|-resisted|p1b: Arcanine|1
|-damage|p1a: Staraptor|0 fnt
|-damage|p1b: Arcanine|48/100
|faint|p1a: Staraptor
|
|upkeep
|
|t:|1786186256
|switch|p1a: Farigiraf|Farigiraf, L50, F|100/100
|turn|5
|
|t:|1786186274
|move|p2b: Floette|Protect|p2b: Floette
|-singleturn|p2b: Floette|Protect
|move|p2a: Kingambit|Protect|p2a: Kingambit
|-singleturn|p2a: Kingambit|Protect
|move|p1b: Arcanine|Flare Blitz|p2a: Kingambit
|-activate|p2a: Kingambit|move: Protect
|move|p1a: Farigiraf|Psychic|p2b: Floette
|-activate|p2b: Floette|move: Protect
|
|upkeep
|turn|6
|
|t:|1786186288
|switch|p2b: Sinistcha|Sinistcha, L50|70/100
|-heal|p2a: Kingambit|100/100|[from] ability: Hospitality|[of] p2b: Sinistcha
|move|p1b: Arcanine|Flare Blitz|p2a: Kingambit
|-supereffective|p2a: Kingambit|1
|-damage|p2a: Kingambit|10/100
|move|p1a: Farigiraf|Psychic|p2b: Sinistcha
|-damage|p2b: Sinistcha|35/100
|move|p2a: Kingambit|Kowtow Cleave|p1a: Farigiraf
|-supereffective|p1a: Farigiraf|1
|-damage|p1a: Farigiraf|0 fnt
|faint|p1a: Farigiraf
|
|-sideend|p1: bruGno|move: Tailwind
|upkeep
|turn|7
|inactive|sazar saifi has 30 seconds left.
|inactive|sazar saifi has 20 seconds left.
|inactive|sazar saifi has 15 seconds left.
|l|☆sazar saifi
|inactive|sazar saifi disconnected and has a minute to reconnect!
|player|p2|
|inactive|sazar saifi has 10 seconds left.
|inactive|sazar saifi has 5 seconds left.
|-message|sazar saifi lost due to inactivity.
|
|win|bruGno
|raw|bruGno's rating: 1423 → 1437(+14 for winning)
|raw|sazar saifi's rating: 1320 → 1306(-14 for losing)
|l|☆bruGno
|player|p1|
|j|☆bruGno
|player|p1|bruGno|ash-kalos|
