|j|☆C.blaze
|j|☆Colonelpaco
|html|C.blazeColonelpaco    
|uhtml|bestof|Game 2 of a best-of-3
|t:|1757643751
|gametype|doubles
|player|p1|C.blaze|266|1203
|player|p2|Colonelpaco|266|1106
|gen|9
|tier|[Gen 9] VGC 2025 Reg H (Bo3)
|rated|
|rule|Species Clause: Limit one of each Pokémon
|rule|Item Clause: Limit 1 of each item
|clearpoke
|poke|p1|Tyranitar, L50, F|
|poke|p1|Gholdengo, L50|
|poke|p1|Salamence, L50, F|
|poke|p1|Amoonguss, L50, M|
|poke|p1|Porygon2, L50|
|poke|p1|Tauros-Paldea-Blaze, L50, M|
|poke|p2|Sneasler, L50, F|
|poke|p2|Dragapult, L50, F|
|poke|p2|Primarina, L50, M|
|poke|p2|Rillaboom, L50, M|
|poke|p2|Kingambit, L50, M|
|poke|p2|Magmar, L50, M|
|teampreview|4
|showteam|p1|Tyranitar||AssaultVest|SandStream|RockSlide,KnockOff,TeraBlast,LowKick|||F|||50|,,,,,Flying]Gholdengo||LifeOrb|GoodasGold|MakeItRain,ShadowBall,Protect,NastyPlot||||||50|,,,,,Water]Salamence||CovertCloak|Intimidate|DracoMeteor,Flamethrower,Protect,Tailwind|||F|||50|,,,,,Steel]Amoonguss||MentalHerb|Regenerator|ClearSmog,PollenPuff,Spore,RagePowder|||M|||50|,,,,,Water]Porygon2||Eviolite|Download|TeraBlast,IceBeam,Recover,TrickRoom||||||50|,,,,,Normal]Tauros-Paldea-Blaze||SafetyGoggles|Intimidate|RagingBull,WillOWisp,Protect,CloseCombat|||M|||50|,,,,,Water
|showteam|p2|Sneasler||FocusSash|Unburden|CloseCombat,DireClaw,FakeOut,Protect|||F|||50|,,,,,Stellar]Dragapult||ChoiceBand|ClearBody|DragonDarts,TeraBlast,PhantomForce,Uturn|||F|||50|,,,,,Ghost]Primarina||SitrusBerry|LiquidVoice|HyperVoice,Moonblast,Haze,Protect|||M|||50|,,,,,Water]Rillaboom||AssaultVest|GrassySurge|WoodHammer,GrassyGlide,HighHorsepower,FakeOut|||M|||50|,,,,,Fire]Kingambit||BlackGlasses|Defiant|KowtowCleave,SuckerPunch,SwordsDance,Protect|||M|||50|,,,,,Ghost]Magmar||Eviolite|VitalSpirit|Overheat,WillOWisp,FollowMe,Protect|||M|||50|,,,,,Ghost
|inactive|Battle timer is ON: inactive players will automatically lose when time's up. (requested by Colonelpaco)
|
|t:|1757643772
|teamsize|p1|4
|teamsize|p2|4
|start
|switch|p1a: Tauros|Tauros-Paldea-Blaze, L50, M|100/100
|switch|p1b: Amoonguss|Amoonguss, L50, M|100/100
|switch|p2a: Kingambit|Kingambit, L50, M|100/100
|switch|p2b: Dragapult|Dragapult, L50, F|100/100
|-ability|p1a: Tauros|Intimidate|boost
|-unboost|p2a: Kingambit|atk|1
|-ability|p2a: Kingambit|Defiant|boost
|-boost|p2a: Kingambit|atk|2
|-fail|p2b: Dragapult|unboost|[from] ability: Clear Body|[of] p2b: Dragapult
|turn|1
|
|t:|1757643795
|-terastallize|p2a: Kingambit|Ghost
|move|p2b: Dragapult|Dragon Darts|p1b: Amoonguss
|-damage|p1b: Amoonguss|63/100
|-anim|p2b: Dragapult|Dragon Darts|p1a: Tauros
|-damage|p1a: Tauros|55/100
|move|p1a: Tauros|Will-O-Wisp|p2b: Dragapult
|-status|p2b: Dragapult|brn
|move|p2a: Kingambit|Kowtow Cleave|p1b: Amoonguss
|-damage|p1b: Amoonguss|0 fnt
|faint|p1b: Amoonguss
|
|-damage|p2b: Dragapult|94/100 brn|[from] brn
|upkeep
|
|t:|1757643809
|switch|p1b: Tyranitar|Tyranitar, L50, F|100/100
|-weather|Sandstorm|[from] ability: Sand Stream|[of] p1b: Tyranitar
|turn|2
|
|t:|1757643821
|move|p2a: Kingambit|Sucker Punch|p1b: Tyranitar
|-resisted|p1b: Tyranitar
|-damage|p1b: Tyranitar|72/100
|move|p2b: Dragapult|Dragon Darts|p1a: Tauros
|-damage|p1a: Tauros|32/100
|-anim|p2b: Dragapult|Dragon Darts|p1b: Tyranitar
|-damage|p1b: Tyranitar|57/100
|move|p1a: Tauros|Will-O-Wisp|p2a: Kingambit
|-status|p2a: Kingambit|brn
|move|p1b: Tyranitar|Knock Off|p2b: Dragapult
|-supereffective|p2b: Dragapult
|-damage|p2b: Dragapult|0 fnt
|-enditem|p2b: Dragapult|Choice Band|[from] move: Knock Off|[of] p1b: Tyranitar
|faint|p2b: Dragapult
|
|-weather|Sandstorm|[upkeep]
|-damage|p2a: Kingambit|94/100 brn|[from] Sandstorm
|-damage|p2a: Kingambit|88/100 brn|[from] brn
|upkeep
|
|t:|1757643837
|switch|p2b: Magmar|Magmar, L50, M|100/100
|turn|3
|
|t:|1757643848
|move|p2b: Magmar|Follow Me|p2b: Magmar
|-singleturn|p2b: Magmar|move: Follow Me
|move|p1a: Tauros|Close Combat|p2b: Magmar
|-damage|p2b: Magmar|53/100
|-unboost|p1a: Tauros|def|1
|-unboost|p1a: Tauros|spd|1
|move|p2a: Kingambit|Kowtow Cleave|p1b: Tyranitar
|-resisted|p1b: Tyranitar
|-damage|p1b: Tyranitar|40/100
|move|p1b: Tyranitar|Knock Off|p2b: Magmar
|-damage|p2b: Magmar|7/100
|-enditem|p2b: Magmar|Eviolite|[from] move: Knock Off|[of] p1b: Tyranitar
|
|-weather|Sandstorm|[upkeep]
|-damage|p2b: Magmar|2/100|[from] Sandstorm
|-damage|p2a: Kingambit|82/100 brn|[from] Sandstorm
|-damage|p2a: Kingambit|76/100 brn|[from] brn
|upkeep
|turn|4
|inactive|C.blaze has 30 seconds left.
|
|t:|1757643880
|switch|p2b: Rillaboom|Rillaboom, L50, M|100/100
|-fieldstart|move: Grassy Terrain|[from] ability: Grassy Surge|[of] p2b: Rillaboom
|move|p2a: Kingambit|Protect|p2a: Kingambit
|-singleturn|p2a: Kingambit|Protect
|move|p1a: Tauros|Raging Bull|p2b: Rillaboom
|-supereffective|p2b: Rillaboom
|-damage|p2b: Rillaboom|8/100
|move|p1b: Tyranitar|Knock Off|p2a: Kingambit
|-activate|p2a: Kingambit|move: Protect
|
|-weather|Sandstorm|[upkeep]
|-damage|p2b: Rillaboom|2/100|[from] Sandstorm
|-damage|p2a: Kingambit|70/100 brn|[from] Sandstorm
|-heal|p1a: Tauros|38/100|[from] Grassy Terrain
|-heal|p2b: Rillaboom|8/100|[from] Grassy Terrain
|-heal|p2a: Kingambit|76/100 brn|[from] Grassy Terrain
|-heal|p1b: Tyranitar|45/100|[from] Grassy Terrain
|-damage|p2a: Kingambit|70/100 brn|[from] brn
|upkeep
|turn|5
|inactive|C.blaze has 30 seconds left.
|inactive|Colonelpaco has 30 seconds left.
|
|t:|1757643914
|move|p2b: Rillaboom|Grassy Glide|p1b: Tyranitar
|-supereffective|p1b: Tyranitar
|-damage|p1b: Tyranitar|0 fnt
|faint|p1b: Tyranitar
|move|p1a: Tauros|Raging Bull|p2a: Kingambit
|-damage|p2a: Kingambit|37/100 brn
|move|p2a: Kingambit|Kowtow Cleave|p1a: Tauros
|-resisted|p1a: Tauros
|-damage|p1a: Tauros|3/100
|
|-weather|Sandstorm|[upkeep]
|-damage|p2b: Rillaboom|2/100|[from] Sandstorm
|-damage|p2a: Kingambit|30/100 brn|[from] Sandstorm
|-heal|p1a: Tauros|9/100|[from] Grassy Terrain
|-heal|p2b: Rillaboom|8/100|[from] Grassy Terrain
|-heal|p2a: Kingambit|37/100 brn|[from] Grassy Terrain
|-damage|p2a: Kingambit|30/100 brn|[from] brn
|upkeep
|
|t:|1757643921
|switch|p1b: Gholdengo|Gholdengo, L50|100/100
|turn|6
|
|t:|1757643933
|move|p1a: Tauros|Protect|p1a: Tauros
|-singleturn|p1a: Tauros|Protect
|move|p1b: Gholdengo|Protect|p1b: Gholdengo
|-singleturn|p1b: Gholdengo|Protect
|move|p2b: Rillaboom|Grassy Glide|p1a: Tauros
|-activate|p1a: Tauros|move: Protect
|move|p2a: Kingambit|Sucker Punch||[still]
|-fail|p2a: Kingambit
|
|-weather|none
|-heal|p1a: Tauros|15/100|[from] Grassy Terrain
|-heal|p2b: Rillaboom|14/100|[from] Grassy Terrain
|-heal|p2a: Kingambit|37/100 brn|[from] Grassy Terrain
|-damage|p2a: Kingambit|30/100 brn|[from] brn
|upkeep
|turn|7
|
|t:|1757643953
|move|p2a: Kingambit|Protect|p2a: Kingambit
|-singleturn|p2a: Kingambit|Protect
|move|p2b: Rillaboom|Grassy Glide|p1a: Tauros
|-resisted|p1a: Tauros
|-damage|p1a: Tauros|0 fnt
|faint|p1a: Tauros
|move|p1b: Gholdengo|Make It Rain|p2a: Kingambit|[spread] p2b
|-activate|p2a: Kingambit|move: Protect
|-damage|p2b: Rillaboom|0 fnt
|-unboost|p1b: Gholdengo|spa|1
|faint|p2b: Rillaboom
|-damage|p1b: Gholdengo|91/100|[from] item: Life Orb
|
|-heal|p1b: Gholdengo|97/100|[from] Grassy Terrain
|-heal|p2a: Kingambit|37/100 brn|[from] Grassy Terrain
|-damage|p2a: Kingambit|30/100 brn|[from] brn
|upkeep
|
|t:|1757643968
|switch|p2b: Magmar|Magmar, L50, M|2/100
|turn|8
|
|t:|1757643976
|-terastallize|p1b: Gholdengo|Water
|move|p2a: Kingambit|Sucker Punch|p1b: Gholdengo
|-damage|p1b: Gholdengo|65/100
|move|p2b: Magmar|Overheat|p1b: Gholdengo
|-resisted|p1b: Gholdengo
|-damage|p1b: Gholdengo|44/100
|-unboost|p2b: Magmar|spa|2
|move|p1b: Gholdengo|Make It Rain|p2b: Magmar|[spread] p2a,p2b
|-resisted|p2b: Magmar
|-damage|p2a: Kingambit|0 fnt
|-damage|p2b: Magmar|0 fnt
|-unboost|p1b: Gholdengo|spa|1
|faint|p2a: Kingambit
|faint|p2b: Magmar
|-damage|p1b: Gholdengo|34/100|[from] item: Life Orb
|
|win|C.blaze
|inactive|C.blaze has 30 seconds to confirm battle start!
|inactive|Colonelpaco has 30 seconds to confirm battle start!
||Colonelpaco is ready for game 3.
||C.blaze is ready for game 3.
|uhtml|next|Next: Game 3 of 3
|l|☆C.blaze
|player|p1|
