|j|☆mellypoop
|j|☆CJ The Changeling
|html|mellypoopCJ The Changeling    
|uhtml|bestof|Game 2 of a best-of-3
|t:|1782498368
|gametype|doubles
|player|p1|mellypoop|rosa|
|player|p2|CJ The Changeling|hilbert|
|gen|9
|tier|[Gen 9 Champions] VGC 2026 Reg M-B (Bo3)
|rule|Species Clause: Limit one of each Pokémon
|rule|Item Clause: Limit 1 of each item
|clearpoke
|poke|p1|Whimsicott, L50, F|
|poke|p1|Ditto, L50|
|poke|p1|Ninetales-Alola, L50, F|
|poke|p1|Mr. Rime, L50, F|
|poke|p1|Froslass, L50, F|
|poke|p1|Rotom-Frost, L50|
|poke|p2|Ninetales, L50, F|
|poke|p2|Charizard, L50, M|
|poke|p2|Scovillain, L50, M|
|poke|p2|Espeon, L50, F|
|poke|p2|Scolipede, L50, F|
|poke|p2|Reuniclus, L50, F|
|teampreview|4
|showteam|p1|Whimsicott||KebiaBerry|Prankster|Moonblast,Tailwind,Encore,LightScreen|Bold||F|||50|]Ditto||ChoiceScarf|Imposter|Transform|Bold|||||50|]Ninetales-Alola||IcyRock|SnowWarning|AuroraVeil,FreezeDry,Moonblast,Encore|Timid||F|||50|]Mr. Rime||Leftovers|IceBody|RapidSpin,SlackOff,FreezeDry,FutureSight|Calm||F|||50|]Froslass||Froslassite|SnowCloak|Spikes,IcyWind,WillOWisp,DestinyBond|Timid||F|||50|]Rotom-Frost||LifeOrb|Levitate|NastyPlot,Thunderbolt,WillOWisp,ShadowBall|Timid|||||50|
|showteam|p2|Ninetales||Charcoal|Drought|MysticalFire,HeatWave,NastyPlot,SolarBeam|Timid||F|||50|]Charizard||CharizarditeY|SolarPower|AirSlash,SolarBeam,HeatWave,WeatherBall|Timid||M|||50|]Scovillain||SitrusBerry|Moody|LeechSeed,RagePowder,GigaDrain,FlareBlitz|Relaxed||M|||50|]Espeon||FocusSash|MagicBounce|Psychic,ShadowBall,Psyshock,Detect|Timid||F|||50|]Scolipede||LifeOrb|SpeedBoost|Earthquake,Protect,PoisonJab,LeechLife|Adamant||F|||50|]Reuniclus||Leftovers|MagicGuard|Recover,CalmMind,FocusBlast,Psychic|Bold||F|||50|
|j| fancy_0221
|j| chronojet95
|
|t:|1782498404
|teamsize|p1|4
|teamsize|p2|4
|start
|switch|p1a: Froslass|Froslass, L50, F|100/100
|switch|p1b: Ditto|Ditto, L50|100/100
|switch|p2a: Ninetales|Ninetales, L50, F|100/100
|switch|p2b: Scovillain|Scovillain, L50, M|100/100
|-weather|SunnyDay|[from] ability: Drought|[of] p2a: Ninetales
|-transform|p1b: Ditto|p2a: Ninetales|[from] ability: Imposter
|turn|1
|
|t:|1782498423
|detailschange|p1a: Froslass|Froslass-Mega, L50, F
|-mega|p1a: Froslass|Froslass|Froslassite
|-weather|Snowscape|[from] ability: Snow Warning|[of] p1a: Froslass
|move|p2b: Scovillain|Rage Powder|p2b: Scovillain
|-singleturn|p2b: Scovillain|move: Rage Powder
|move|p1b: Ditto|Mystical Fire|p2b: Scovillain
|-damage|p2b: Scovillain|63/100
|-unboost|p2b: Scovillain|spa|1
|move|p1a: Froslass|Spikes|p2b: Scovillain
|-sidestart|p2: CJ The Changeling|Spikes
|move|p2a: Ninetales|Heat Wave|p1b: Ditto|[spread] p1a,p1b
|-supereffective|p1a: Froslass|1
|-resisted|p1b: Ditto|1
|-damage|p1a: Froslass|31/100
|-damage|p1b: Ditto|82/100
|
|-weather|Snowscape|[upkeep]
|-ability|p2b: Scovillain|Moody|boost
|-boost|p2b: Scovillain|def|2
|-unboost|p2b: Scovillain|atk|1
|upkeep
|turn|2
|
|t:|1782498452
|switch|p1b: Mr. Rime|Mr. Rime, L50, F|100/100
|move|p1a: Froslass|Destiny Bond|p1a: Froslass
|-singlemove|p1a: Froslass|Destiny Bond
|move|p2a: Ninetales|Heat Wave|p1a: Froslass|[spread] p1b
|-miss|p2a: Ninetales|p1a: Froslass
|-supereffective|p1b: Mr. Rime|1
|-damage|p1b: Mr. Rime|51/100
|move|p2b: Scovillain|Leech Seed|p1b: Mr. Rime
|-start|p1b: Mr. Rime|move: Leech Seed
|
|-weather|Snowscape|[upkeep]
|-heal|p1b: Mr. Rime|57/100|[from] ability: Ice Body
|-heal|p1b: Mr. Rime|63/100|[from] item: Leftovers
|-damage|p1b: Mr. Rime|51/100|[from] Leech Seed|[of] p2b: Scovillain
|-heal|p2b: Scovillain|77/100|[silent]
|-ability|p2b: Scovillain|Moody|boost
|-boost|p2b: Scovillain|spe|2
|-unboost|p2b: Scovillain|spd|1
|upkeep
|turn|3
|
|t:|1782498482
|move|p1a: Froslass|Icy Wind|p2b: Scovillain|[spread] p2a,p2b
|-resisted|p2a: Ninetales|1
|-damage|p2a: Ninetales|87/100
|-damage|p2b: Scovillain|42/100
|-unboost|p2a: Ninetales|spe|1
|-unboost|p2b: Scovillain|spe|1
|-enditem|p2b: Scovillain|Sitrus Berry|[eat]
|-heal|p2b: Scovillain|66/100|[from] item: Sitrus Berry
|move|p2b: Scovillain|Flare Blitz|p1a: Froslass
|-supereffective|p1a: Froslass|1
|-damage|p1a: Froslass|0 fnt
|faint|p1a: Froslass
|-damage|p2b: Scovillain|56/100|[from] Recoil
|move|p2a: Ninetales|Nasty Plot|p2a: Ninetales
|-boost|p2a: Ninetales|spa|2
|move|p1b: Mr. Rime|Rapid Spin|p2a: Ninetales
|-damage|p2a: Ninetales|73/100
|-boost|p1b: Mr. Rime|spe|1
|-end|p1b: Mr. Rime|Leech Seed|[from] move: Rapid Spin|[of] p1b: Mr. Rime
|
|-weather|Snowscape|[upkeep]
|-heal|p1b: Mr. Rime|57/100|[from] ability: Ice Body
|-heal|p1b: Mr. Rime|63/100|[from] item: Leftovers
|-ability|p2b: Scovillain|Moody|boost
|-boost|p2b: Scovillain|spe|2
|-unboost|p2b: Scovillain|atk|1
|upkeep
|
|t:|1782498492
|switch|p1a: Ninetales|Ninetales-Alola, L50, F|100/100
|turn|4
|
|t:|1782498521
|move|p2b: Scovillain|Leech Seed|p1a: Ninetales
|-start|p1a: Ninetales|move: Leech Seed
|move|p1a: Ninetales|Aurora Veil|p1a: Ninetales
|-sidestart|p1: mellypoop|move: Aurora Veil
|move|p1b: Mr. Rime|Rapid Spin|p2b: Scovillain
|-damage|p2b: Scovillain|50/100g
|-boost|p1b: Mr. Rime|spe|1
|move|p2a: Ninetales|Heat Wave|p1b: Mr. Rime|[spread] p1a
|-miss|p2a: Ninetales|p1b: Mr. Rime
|-supereffective|p1a: Ninetales|1
|-damage|p1a: Ninetales|2/100
|
|-weather|Snowscape|[upkeep]
|-heal|p1b: Mr. Rime|68/100|[from] ability: Ice Body
|-heal|p1b: Mr. Rime|74/100|[from] item: Leftovers
|-damage|p1a: Ninetales|0 fnt|[from] Leech Seed|[of] p2b: Scovillain
|-heal|p2b: Scovillain|53/100|[silent]
|faint|p1a: Ninetales
|-ability|p2b: Scovillain|Moody|boost
|-boost|p2b: Scovillain|spd|2
|-unboost|p2b: Scovillain|spa|1
|upkeep
|
|t:|1782498530
|switch|p1a: Ditto|Ditto, L50|82/100
|-transform|p1a: Ditto|p2b: Scovillain|[from] ability: Imposter
|turn|5
|
|t:|1782498549
|move|p1a: Ditto|Flare Blitz|p2b: Scovillain
|-damage|p2b: Scovillain|40/100
|-damage|p1a: Ditto|78/100|[from] Recoil
|move|p2b: Scovillain|Flare Blitz|p1b: Mr. Rime
|-supereffective|p1b: Mr. Rime|1
|-damage|p1b: Mr. Rime|50/100g
|-damage|p2b: Scovillain|31/100|[from] Recoil
|move|p1b: Mr. Rime|Future Sight|p2a: Ninetales
|-start|p1b: Mr. Rime|move: Future Sight
|move|p2a: Ninetales|Heat Wave|p1a: Ditto|[spread] p1a,p1b
|-supereffective|p1b: Mr. Rime|1
|-damage|p1a: Ditto|41/100
|-damage|p1b: Mr. Rime|0 fnt
|faint|p1b: Mr. Rime
|
|-weather|none
|-ability|p1a: Ditto|Moody|boost
|-boost|p1a: Ditto|spd|2
|-unboost|p1a: Ditto|def|1
|-ability|p2b: Scovillain|Moody|boost
|-boost|p2b: Scovillain|spa|2
|-unboost|p2b: Scovillain|def|1
|upkeep
|turn|6
|
|t:|1782498571
|move|p2b: Scovillain|Rage Powder|p2b: Scovillain
|-singleturn|p2b: Scovillain|move: Rage Powder
|move|p1a: Ditto|Flare Blitz|p2b: Scovillain
|-damage|p2b: Scovillain|14/100
|-damage|p1a: Ditto|36/100|[from] Recoil
|move|p2a: Ninetales|Mystical Fire|p1a: Ditto
|-damage|p1a: Ditto|11/100
|-unboost|p1a: Ditto|spa|1
|
|-ability|p1a: Ditto|Moody|boost
|-boost|p1a: Ditto|spa|2
|-unboost|p1a: Ditto|atk|1
|-ability|p2b: Scovillain|Moody|boost
|-boost|p2b: Scovillain|spa|2
|-unboost|p2b: Scovillain|atk|1
|upkeep
|turn|7
|
|t:|1782498590
|move|p1a: Ditto|Flare Blitz|p2b: Scovillain
|-damage|p2b: Scovillain|1/100
|-damage|p1a: Ditto|7/100|[from] Recoil
|move|p2b: Scovillain|Giga Drain|p1a: Ditto
|-resisted|p1a: Ditto|2
|-damage|p1a: Ditto|2/100
|-heal|p2b: Scovillain|3/100|[from] drain|[of] p1a: Ditto
|move|p2a: Ninetales|Heat Wave|p1a: Ditto
|-damage|p1a: Ditto|0 fnt
|faint|p1a: Ditto
|
|win|CJ The Changeling
|l| chronojet95
