|j|☆Sambu17
|j|☆viatles
|html|Sambu17viatles    
|uhtml|bestof|Game 2 of a best-of-3
|t:|1756197052
|gametype|doubles
|player|p1|Sambu17|170|1031
|player|p2|viatles|hiker|1034
|gen|9
|tier|[Gen 9] VGC 2025 Reg H (Bo3)
|rated|
|rule|Species Clause: Limit one of each Pokémon
|rule|Item Clause: Limit 1 of each item
|clearpoke
|poke|p1|Whimsicott, L50, M|
|poke|p1|Gholdengo, L50|
|poke|p1|Ursaluna-Bloodmoon, L50, M|
|poke|p1|Pelipper, L50, M|
|poke|p1|Archaludon, L50, M|
|poke|p1|Basculegion, L50, M|
|poke|p2|Oricorio-Sensu, L50, F|
|poke|p2|Volcarona, L50, F|
|poke|p2|Sylveon, L50, M|
|poke|p2|Murkrow, L50, F|
|poke|p2|Dragapult, L50, F|
|poke|p2|Baxcalibur, L50, M|
|teampreview|4
|showteam|p1|Whimsicott||CovertCloak|Prankster|Moonblast,Taunt,FakeTears,Tailwind|||M|||50|,,,,,Steel]Gholdengo||LifeOrb|GoodasGold|MakeItRain,ShadowBall,TeraBlast,Protect||||||50|,,,,,Fighting]Ursaluna-Bloodmoon||AssaultVest|MindsEye|HyperVoice,BloodMoon,EarthPower,VacuumWave|||M|||50|,,,,,Fighting]Pelipper||JabocaBerry|Drizzle|WeatherBall,Hurricane,MuddyWater,WideGuard|||M|||50|,,,,,Steel]Archaludon||PowerHerb|Sturdy|ElectroShot,DracoMeteor,FlashCannon,Protect|||M|||50|,,,,,Electric]Basculegion||FocusSash|Adaptability|Liquidation,LastRespects,AquaJet,Protect|||M|||50|,,,,,Ghost
|showteam|p2|Oricorio-Sensu||FocusSash|Dancer|QuiverDance,BatonPass,RevelationDance,Protect|||F|||50|,,,,,Fighting]Volcarona||SitrusBerry|FlameBody|QuiverDance,GigaDrain,FieryDance,Protect|||F|||50|,,,,,Grass]Sylveon||ChoiceScarf|Pixilate|HyperVoice,TeraBlast,StoredPower,SleepTalk|||M|||50|,,,,,Ground]Murkrow||Eviolite|Prankster|Tailwind,FoulPlay,Haze,FeatherDance|||F|||50|,,,,,Dark]Dragapult||CovertCloak|ClearBody|DragonCheer,DragonDarts,Protect,PhantomForce|||F|||50|,,,,,Stellar]Baxcalibur||LoadedDice|ThermalExchange|IcicleSpear,ScaleShot,GlaiveRush,Protect|||M|||50|,,,,,Grass
|inactive|Battle timer is ON: inactive players will automatically lose when time's up. (requested by viatles)
|inactive|Sambu17 has 60 seconds left.
|
|t:|1756197096
|teamsize|p1|4
|teamsize|p2|4
|start
|switch|p1a: Basculegion|Basculegion, L50, M|100/100
|switch|p1b: Pelipper|Pelipper, L50, M|100/100
|switch|p2a: Murkrow|Murkrow, L50, F|100/100
|switch|p2b: Baxcalibur|Baxcalibur, L50, M|100/100
|-weather|RainDance|[from] ability: Drizzle|[of] p1b: Pelipper
|turn|1
|inactive|Sambu17 has 30 seconds left.
|
|t:|1756197132
|move|p2b: Baxcalibur|Protect|p2b: Baxcalibur
|-singleturn|p2b: Baxcalibur|Protect
|move|p1a: Basculegion|Liquidation|p2a: Murkrow
|-damage|p2a: Murkrow|12/100
|-unboost|p2a: Murkrow|def|1
|move|p2a: Murkrow|Foul Play|p1a: Basculegion
|-supereffective|p1a: Basculegion
|-enditem|p1a: Basculegion|Focus Sash
|-damage|p1a: Basculegion|1/100
|move|p1b: Pelipper|Muddy Water|p2b: Baxcalibur|[spread] p2a
|-activate|p2b: Baxcalibur|move: Protect
|-damage|p2a: Murkrow|0 fnt
|faint|p2a: Murkrow
|
|-weather|RainDance|[upkeep]
|upkeep
|
|t:|1756197149
|switch|p2a: Volcarona|Volcarona, L50, F|100/100
|turn|2
|
|t:|1756197167
|-terastallize|p2a: Volcarona|Grass
|move|p2b: Baxcalibur|Scale Shot|p1a: Basculegion
|-damage|p1a: Basculegion|0 fnt
|faint|p1a: Basculegion
|-hitcount|p1: Basculegion|1
|-unboost|p2b: Baxcalibur|def|1
|-boost|p2b: Baxcalibur|spe|1
|move|p2a: Volcarona|Giga Drain|p1b: Pelipper
|-damage|p1b: Pelipper|47/100
|move|p1b: Pelipper|Hurricane|p2b: Baxcalibur
|-damage|p2b: Baxcalibur|52/100
|
|-weather|RainDance|[upkeep]
|upkeep
|
|t:|1756197178
|switch|p1a: Whimsicott|Whimsicott, L50, M|100/100
|turn|3
|
|t:|1756197195
|move|p2a: Volcarona|Protect|p2a: Volcarona
|-singleturn|p2a: Volcarona|Protect
|move|p1a: Whimsicott|Tailwind|p1a: Whimsicott
|-sidestart|p1: Sambu17|move: Tailwind
|move|p2b: Baxcalibur|Icicle Spear|p1a: Whimsicott
|-supereffective|p1a: Whimsicott
|-damage|p1a: Whimsicott|68/100
|-supereffective|p1a: Whimsicott
|-damage|p1a: Whimsicott|31/100
|-supereffective|p1a: Whimsicott
|-damage|p1a: Whimsicott|0 fnt
|faint|p1a: Whimsicott
|-hitcount|p1: Whimsicott|3
|move|p1b: Pelipper|Hurricane|p2b: Baxcalibur
|-damage|p2b: Baxcalibur|0 fnt
|faint|p2b: Baxcalibur
|
|-weather|RainDance|[upkeep]
|upkeep
|
|t:|1756197210
|switch|p1a: Archaludon|Archaludon, L50, M|100/100
|switch|p2b: Oricorio|Oricorio-Sensu, L50, F|100/100
|turn|4
|
|t:|1756197225
|move|p2b: Oricorio|Protect|p2b: Oricorio
|-singleturn|p2b: Oricorio|Protect
|move|p1a: Archaludon|Electro Shot||[still]
|-prepare|p1a: Archaludon|Electro Shot
|-boost|p1a: Archaludon|spa|1
|-anim|p1a: Archaludon|Electro Shot|p2b: Oricorio
|-activate|p2b: Oricorio|move: Protect
|move|p1b: Pelipper|Hurricane|p2a: Volcarona
|-supereffective|p2a: Volcarona
|-damage|p2a: Volcarona|21/100
|-enditem|p2a: Volcarona|Sitrus Berry|[eat]
|-heal|p2a: Volcarona|46/100|[from] item: Sitrus Berry
|move|p2a: Volcarona|Quiver Dance|p2a: Volcarona
|-boost|p2a: Volcarona|spa|1
|-boost|p2a: Volcarona|spd|1
|-boost|p2a: Volcarona|spe|1
|-activate|p2b: Oricorio|ability: Dancer
|move|p2b: Oricorio|Quiver Dance|p2b: Oricorio|[from] ability: Dancer
|-boost|p2b: Oricorio|spa|1
|-boost|p2b: Oricorio|spd|1
|-boost|p2b: Oricorio|spe|1
|
|-weather|RainDance|[upkeep]
|upkeep
|turn|5
|inactive|Sambu17 has 30 seconds left.
|inactive|viatles has 30 seconds left.
|inactive|Sambu17 has 20 seconds left.
|inactive|viatles has 20 seconds left.
|inactive|Sambu17 has 15 seconds left.
|
|t:|1756197268
|-terastallize|p1b: Pelipper|Steel
|move|p1a: Archaludon|Electro Shot||[still]
|-prepare|p1a: Archaludon|Electro Shot
|-boost|p1a: Archaludon|spa|1
|-anim|p1a: Archaludon|Electro Shot|p2b: Oricorio
|-supereffective|p2b: Oricorio
|-enditem|p2b: Oricorio|Focus Sash
|-damage|p2b: Oricorio|1/100
|move|p2b: Oricorio|Quiver Dance|p2b: Oricorio
|-boost|p2b: Oricorio|spa|1
|-boost|p2b: Oricorio|spd|1
|-boost|p2b: Oricorio|spe|1
|move|p2a: Volcarona|Giga Drain|p1b: Pelipper
|-resisted|p1b: Pelipper
|-damage|p1b: Pelipper|9/100
|-heal|p2a: Volcarona|61/100|[from] drain|[of] p1b: Pelipper
|move|p1b: Pelipper|Hurricane|p2a: Volcarona
|-supereffective|p2a: Volcarona
|-damage|p2a: Volcarona|4/100
|
|-weather|none
|upkeep
|turn|6
|inactive|Sambu17 has 30 seconds left.
|inactive|viatles has 30 seconds left.
|inactive|Sambu17 has 20 seconds left.
|inactive|viatles has 20 seconds left.
|inactive|Sambu17 has 15 seconds left.
|inactive|viatles has 15 seconds left.
|
|t:|1756197310
|move|p2b: Oricorio|Protect|p2b: Oricorio
|-singleturn|p2b: Oricorio|Protect
|move|p2a: Volcarona|Protect|p2a: Volcarona
|-singleturn|p2a: Volcarona|Protect
|move|p1a: Archaludon|Flash Cannon|p2a: Volcarona
|-activate|p2a: Volcarona|move: Protect
|move|p1b: Pelipper|Muddy Water|p2a: Volcarona|[spread] 
|-activate|p2a: Volcarona|move: Protect
|-activate|p2b: Oricorio|move: Protect
|
|-sideend|p1: Sambu17|move: Tailwind
|upkeep
|turn|7
|
|t:|1756197332
|move|p2b: Oricorio|Revelation Dance|p1b: Pelipper
|-damage|p1b: Pelipper|0 fnt
|faint|p1b: Pelipper
|move|p2a: Volcarona|Fiery Dance|p1a: Archaludon
|-damage|p1a: Archaludon|4/100
|-boost|p2a: Volcarona|spa|1
|-activate|p2b: Oricorio|ability: Dancer
|move|p2b: Oricorio|Fiery Dance|p1a: Archaludon|[from] ability: Dancer
|-damage|p1a: Archaludon|0 fnt
|faint|p1a: Archaludon
|
|win|viatles
|raw|Sambu17's rating: 1031 → 1016(-15 for losing)
|raw|viatles's rating: 1034 → 1069(+35 for winning)
|c|☆viatles|ggs
