|j|☆thehorseking
|j|☆Jakobtc
|html|thehorsekingJakobtc    
|uhtml|bestof|Game 1 of a best-of-3
|t:|1757038455
|gametype|doubles
|player|p1|thehorseking|170|1082
|player|p2|Jakobtc|riley|1094
|gen|9
|tier|[Gen 9] VGC 2025 Reg H (Bo3)
|rated|
|rule|Species Clause: Limit one of each Pokémon
|rule|Item Clause: Limit 1 of each item
|clearpoke
|poke|p1|Gholdengo, L50|
|poke|p1|Sneasler, L50, M|
|poke|p1|Rillaboom, L50, M|
|poke|p1|Dragonite, L50, F|
|poke|p1|Ninetales-Alola, L50, F|
|poke|p1|Arcanine-Hisui, L50, F|
|poke|p2|Gholdengo, L50|
|poke|p2|Incineroar, L50, F|
|poke|p2|Rillaboom, L50, F|
|poke|p2|Dragonite, L50, M|
|poke|p2|Sneasler, L50, F|
|poke|p2|Electabuzz, L50, F|
|teampreview|4
|showteam|p1|Gholdengo||GrassySeed|GoodasGold|NastyPlot,MakeItRain,ShadowBall,Protect||||||50|,,,,,Water]Sneasler||WhiteHerb|Unburden|CloseCombat,DireClaw,Coaching,Protect|||M|||50|,,,,,Ghost]Rillaboom||AssaultVest|GrassySurge|FakeOut,GrassyGlide,DrumBeating,HighHorsepower|||M|||50|,,,,,Fire]Dragonite||LoadedDice|Multiscale|ScaleShot,StompingTantrum,Tailwind,Protect|||F|||50|,,,,,Ground]Ninetales-Alola||FocusSash|SnowWarning|Blizzard,IcyWind,Encore,AuroraVeil|||F|||50|,,,,,Ghost]Arcanine-Hisui||ClearAmulet|Intimidate|RockSlide,FlareBlitz,ExtremeSpeed,Protect|||F|||50|,,,,,Water
|showteam|p2|Gholdengo||LifeOrb|GoodasGold|MakeItRain,ShadowBall,NastyPlot,Protect||||||50|,,,,,Water]Incineroar||SafetyGoggles|Intimidate|FakeOut,FlareBlitz,KnockOff,PartingShot|||F|||50|,,,,,Bug]Rillaboom||AssaultVest|GrassySurge|FakeOut,GrassyGlide,WoodHammer,HighHorsepower|||F|||50|,,,,,Rock]Dragonite||LoadedDice|Multiscale|ScaleShot,TeraBlast,Tailwind,Protect|||M|||50|,,,,,Flying]Sneasler||FocusSash|Unburden|DireClaw,CloseCombat,Taunt,Protect|||F|||50|,,,,,Stellar]Electabuzz||Eviolite|VitalSpirit|FollowMe,Electroweb,VoltSwitch,Protect|||F|||50|,,,,,Fairy
|inactive|Battle timer is ON: inactive players will automatically lose when time's up. (requested by thehorseking)
|c|☆Jakobtc|glhf
|c|☆thehorseking|you too!
|inactive|thehorseking has 60 seconds left.
|inactive|Jakobtc has 60 seconds left.
|inactive|thehorseking has 30 seconds left.
|inactive|Jakobtc has 30 seconds left.
|inactive|thehorseking has 20 seconds left.
|inactive|Jakobtc has 20 seconds left.
|inactive|thehorseking has 15 seconds left.
|inactive|Jakobtc has 15 seconds left.
|inactive|thehorseking has 10 seconds left.
|
|t:|1757038538
|teamsize|p1|4
|teamsize|p2|4
|start
|switch|p1a: Gholdengo|Gholdengo, L50|100/100
|switch|p1b: Ninetales|Ninetales-Alola, L50, F|100/100
|switch|p2a: Gholdengo|Gholdengo, L50|100/100
|switch|p2b: Incineroar|Incineroar, L50, F|100/100
|-weather|Snowscape|[from] ability: Snow Warning|[of] p1b: Ninetales
|-ability|p2b: Incineroar|Intimidate|boost
|-unboost|p1a: Gholdengo|atk|1
|-unboost|p1b: Ninetales|atk|1
|turn|1
|inactive|thehorseking has 30 seconds left.
|inactive|Jakobtc has 30 seconds left.
|inactive|thehorseking has 20 seconds left.
|inactive|Jakobtc has 20 seconds left.
|inactive|thehorseking has 15 seconds left.
|
|t:|1757038578
|-terastallize|p2a: Gholdengo|Water
|-terastallize|p1a: Gholdengo|Water
|move|p1b: Ninetales|Aurora Veil|p1b: Ninetales
|-sidestart|p1: thehorseking|move: Aurora Veil
|move|p2a: Gholdengo|Shadow Ball|p1a: Gholdengo
|-damage|p1a: Gholdengo|65/100
|-damage|p2a: Gholdengo|91/100|[from] item: Life Orb
|move|p1a: Gholdengo|Nasty Plot|p1a: Gholdengo
|-boost|p1a: Gholdengo|spa|2
|move|p2b: Incineroar|Parting Shot|p1b: Ninetales
|-unboost|p1b: Ninetales|atk|1
|-unboost|p1b: Ninetales|spa|1
|
|t:|1757038595
|switch|p2b: Electabuzz|Electabuzz, L50, F|100/100|[from] Parting Shot
|
|-weather|Snowscape|[upkeep]
|upkeep
|turn|2
|inactive|thehorseking has 30 seconds left.
|
|t:|1757038625
|move|p2a: Gholdengo|Protect|p2a: Gholdengo
|-singleturn|p2a: Gholdengo|Protect
|move|p1a: Gholdengo|Protect|p1a: Gholdengo
|-singleturn|p1a: Gholdengo|Protect
|move|p1b: Ninetales|Icy Wind|p2b: Electabuzz|[spread] p2b
|-activate|p2a: Gholdengo|move: Protect
|-damage|p2b: Electabuzz|92/100
|-unboost|p2b: Electabuzz|spe|1
|move|p2b: Electabuzz|Electroweb|p1b: Ninetales|[spread] p1b
|-activate|p1a: Gholdengo|move: Protect
|-crit|p1b: Ninetales
|-damage|p1b: Ninetales|76/100
|-unboost|p1b: Ninetales|spe|1
|
|-weather|Snowscape|[upkeep]
|upkeep
|turn|3
|
|t:|1757038648
|move|p2a: Gholdengo|Make It Rain|p1b: Ninetales|[spread] p1a,p1b
|-resisted|p1a: Gholdengo
|-supereffective|p1b: Ninetales
|-damage|p1a: Gholdengo|46/100
|-damage|p1b: Ninetales|0 fnt
|-unboost|p2a: Gholdengo|spa|1
|faint|p1b: Ninetales
|-damage|p2a: Gholdengo|82/100|[from] item: Life Orb
|move|p1a: Gholdengo|Shadow Ball|p2b: Electabuzz
|-damage|p2b: Electabuzz|27/100
|move|p2b: Electabuzz|Volt Switch|p1a: Gholdengo
|-supereffective|p1a: Gholdengo
|-damage|p1a: Gholdengo|17/100
|
|t:|1757038667
|switch|p2b: Rillaboom|Rillaboom, L50, F|100/100|[from] Volt Switch
|-fieldstart|move: Grassy Terrain|[from] ability: Grassy Surge|[of] p2b: Rillaboom
|-enditem|p1a: Gholdengo|Grassy Seed
|-boost|p1a: Gholdengo|def|1|[from] item: Grassy Seed
|
|-weather|Snowscape|[upkeep]
|-heal|p2a: Gholdengo|88/100|[from] Grassy Terrain
|-heal|p1a: Gholdengo|23/100|[from] Grassy Terrain
|upkeep
|
|t:|1757038690
|switch|p1b: Arcanine|Arcanine-Hisui, L50, F|100/100
|-ability|p1b: Arcanine|Intimidate|boost
|-unboost|p2a: Gholdengo|atk|1
|-unboost|p2b: Rillaboom|atk|1
|turn|4
|
|t:|1757038712
|switch|p1b: Dragonite|Dragonite, L50, F|100/100
|move|p1a: Gholdengo|Protect|p1a: Gholdengo
|-singleturn|p1a: Gholdengo|Protect
|move|p2b: Rillaboom|Fake Out|p1b: Dragonite
|-damage|p1b: Dragonite|98/100
|move|p2a: Gholdengo|Nasty Plot|p2a: Gholdengo
|-boost|p2a: Gholdengo|spa|2
|
|-weather|Snowscape|[upkeep]
|-heal|p2a: Gholdengo|94/100|[from] Grassy Terrain
|-heal|p1a: Gholdengo|29/100|[from] Grassy Terrain
|upkeep
|turn|5
|inactive|thehorseking has 30 seconds left.
|inactive|thehorseking has 20 seconds left.
|inactive|thehorseking has 15 seconds left.
|inactive|thehorseking has 10 seconds left.
|
|t:|1757038762
|switch|p1b: Arcanine|Arcanine-Hisui, L50, F|100/100
|-ability|p1b: Arcanine|Intimidate|boost
|-unboost|p2a: Gholdengo|atk|1
|-unboost|p2b: Rillaboom|atk|1
|switch|p2b: Incineroar|Incineroar, L50, F|100/100
|-ability|p2b: Incineroar|Intimidate|boost
|-unboost|p1a: Gholdengo|atk|1
|-fail|p1b: Arcanine|unboost|[from] item: Clear Amulet|[of] p1b: Arcanine
|move|p2a: Gholdengo|Make It Rain|p1a: Gholdengo|[spread] p1a,p1b
|-resisted|p1a: Gholdengo
|-damage|p1a: Gholdengo|1/100
|-damage|p1b: Arcanine|33/100
|-unboost|p2a: Gholdengo|spa|1
|-damage|p2a: Gholdengo|84/100|[from] item: Life Orb
|move|p1a: Gholdengo|Make It Rain|p2a: Gholdengo|[spread] p2a,p2b
|-resisted|p2a: Gholdengo
|-resisted|p2b: Incineroar
|-damage|p2a: Gholdengo|40/100
|-damage|p2b: Incineroar|56/100
|-unboost|p1a: Gholdengo|spa|1
|
|-weather|none
|-heal|p1b: Arcanine|39/100|[from] Grassy Terrain
|-heal|p2a: Gholdengo|46/100|[from] Grassy Terrain
|-heal|p1a: Gholdengo|7/100|[from] Grassy Terrain
|-heal|p2b: Incineroar|62/100|[from] Grassy Terrain
|-sideend|p1: thehorseking|move: Aurora Veil
|upkeep
|turn|6
|inactive|thehorseking has 30 seconds left.
|inactive|Jakobtc has 30 seconds left.
|inactive|thehorseking has 20 seconds left.
|inactive|Jakobtc has 20 seconds left.
|inactive|thehorseking has 15 seconds left.
|
|t:|1757038805
|switch|p1b: Dragonite|Dragonite, L50, F|98/100
|switch|p2b: Rillaboom|Rillaboom, L50, F|100/100
|move|p1a: Gholdengo|Protect|p1a: Gholdengo
|-singleturn|p1a: Gholdengo|Protect
|move|p2a: Gholdengo|Make It Rain|p1b: Dragonite|[spread] p1b
|-activate|p1a: Gholdengo|move: Protect
|-damage|p1b: Dragonite|33/100
|-unboost|p2a: Gholdengo|spa|1
|-damage|p2a: Gholdengo|37/100|[from] item: Life Orb
|
|-heal|p2a: Gholdengo|43/100|[from] Grassy Terrain
|-heal|p1a: Gholdengo|14/100|[from] Grassy Terrain
|upkeep
|turn|7
|inactive|thehorseking has 30 seconds left.
|
|t:|1757038838
|switch|p1a: Arcanine|Arcanine-Hisui, L50, F|39/100
|-ability|p1a: Arcanine|Intimidate|boost
|-unboost|p2a: Gholdengo|atk|1
|-unboost|p2b: Rillaboom|atk|1
|move|p2a: Gholdengo|Make It Rain|p1a: Arcanine|[spread] p1a,p1b
|-damage|p1a: Arcanine|0 fnt
|-damage|p1b: Dragonite|0 fnt
|-unboost|p2a: Gholdengo|spa|1
|faint|p1a: Arcanine
|faint|p1b: Dragonite
|-damage|p2a: Gholdengo|33/100|[from] item: Life Orb
|move|p2b: Rillaboom|High Horsepower|p1: Arcanine|[notarget]
|-fail|p2b: Rillaboom
|
|-heal|p2a: Gholdengo|40/100|[from] Grassy Terrain
|-fieldend|move: Grassy Terrain
|upkeep
|-message|thehorseking forfeited.
|
|win|Jakobtc
|l|☆thehorseking
|player|p1|
||thehorseking is ready for game 2.
