|j|☆mohamedcarnicero
|j|☆D-scNSe
|html|mohamedcarniceroD-scNSe    
|uhtml|bestof|Game 2 of a best-of-3
|t:|1757164808
|gametype|doubles
|player|p1|mohamedcarnicero|veteran|
|player|p2|D-scNSe|102|
|gen|9
|tier|[Gen 9] VGC 2025 Reg H (Bo3)
|rule|Species Clause: Limit one of each Pokémon
|rule|Item Clause: Limit 1 of each item
|clearpoke
|poke|p1|Indeedee-F, L50, F|
|poke|p1|Gallade, L50, M|
|poke|p1|Torkoal, L50, M|
|poke|p1|Ursaluna, L50, F|
|poke|p1|Exeggutor, L50, F|
|poke|p1|Zoroark-Hisui, L50, F|
|poke|p2|Weezing-Galar, L50, F|
|poke|p2|Garchomp, L50, F|
|poke|p2|Archaludon, L50, F|
|poke|p2|Talonflame, L50, F|
|poke|p2|Gholdengo, L50|
|poke|p2|Annihilape, L50, F|
|teampreview|4
|showteam|p1|Indeedee-F||RockyHelmet|PsychicSurge|Psychic,HelpingHand,FollowMe,TrickRoom|||F|||50|,,,,,Grass]Gallade||ScopeLens|Sharpness|SacredSword,PsychoCut,TrickRoom,WideGuard|||M|||50|,,,,,Grass]Torkoal||Charcoal|Drought|Eruption,WeatherBall,ClearSmog,Protect|||M|||50|,,,,,Fire]Ursaluna||FlameOrb|Guts|Facade,HeadlongRush,Earthquake,Protect|||F|||50|,,,,,Ghost]Exeggutor||FocusSash|Chlorophyll|ExpandingForce,LeafStorm,SleepPowder,TrickRoom|||F|||50|,,,,,Psychic]Zoroark-Hisui||ChoiceSpecs|Illusion|HyperBeam,HyperVoice,ShadowBall,FocusBlast|||F|||50|,,,,,Normal
|showteam|p2|Weezing-Galar||FocusSash|NeutralizingGas|Protect,Taunt,SludgeBomb,StrangeSteam|||F|||50|,,,,,Flying]Garchomp||LifeOrb|RoughSkin|Protect,DragonClaw,Earthquake,StompingTantrum|||F|||50|,,,,,Ground]Archaludon||PowerHerb|Sturdy|Protect,ElectroShot,Thunderbolt,DracoMeteor|||F|||50|,,,,,Electric]Talonflame||CovertCloak|GaleWings|Tailwind,DualWingbeat,WillOWisp,FlareBlitz|||F|||50|,,,,,Stellar]Gholdengo||ChoiceSpecs|GoodasGold|ShadowBall,DazzlingGleam,PowerGem,MakeItRain||||||50|,,,,,Fairy]Annihilape||AssaultVest|Defiant|CloseCombat,RageFist,FinalGambit,IcePunch|||F|||50|,,,,,Grass
|inactive|Battle timer is ON: inactive players will automatically lose when time's up. (requested by mohamedcarnicero)
|
|t:|1757164823
|teamsize|p1|4
|teamsize|p2|4
|start
|switch|p1a: Ursaluna|Ursaluna, L50, F|100/100
|switch|p1b: Indeedee|Indeedee-F, L50, F|100/100
|switch|p2a: Weezing|Weezing-Galar, L50, F|100/100
|switch|p2b: Talonflame|Talonflame, L50, F|100/100
|-ability|p2a: Weezing|Neutralizing Gas
|replace|p1a: Zoroark|Zoroark-Hisui, L50, F
|-end|p1a: Zoroark|Illusion
|turn|1
|inactive|mohamedcarnicero has 30 seconds left.
|inactive|D-scNSe has 30 seconds left.
|
|t:|1757164852
|switch|p1b: Torkoal|Torkoal, L50, M|100/100
|-terastallize|p2b: Talonflame|Stellar
|move|p2b: Talonflame|Flare Blitz|p1a: Zoroark
|-damage|p1a: Zoroark|0 fnt
|faint|p1a: Zoroark
|-damage|p2b: Talonflame|73/100|[from] Recoil
|move|p2a: Weezing|Taunt|p1b: Torkoal
|-start|p1b: Torkoal|move: Taunt
|
|upkeep
|
|t:|1757164854
|switch|p1a: Indeedee|Indeedee-F, L50, F|100/100
|turn|2
|inactive|D-scNSe has 30 seconds left.
|inactive|D-scNSe has 20 seconds left.
|inactive|D-scNSe has 15 seconds left.
|
|t:|1757164899
|switch|p1a: Ursaluna|Ursaluna, L50, F|100/100
|-terastallize|p1b: Torkoal|Fire
|move|p2b: Talonflame|Flare Blitz|p1b: Torkoal
|-resisted|p1b: Torkoal
|-damage|p1b: Torkoal|82/100
|-damage|p2b: Talonflame|65/100|[from] Recoil
|move|p2a: Weezing|Taunt|p1a: Ursaluna
|-start|p1a: Ursaluna|move: Taunt
|move|p1b: Torkoal|Eruption|p2b: Talonflame|[spread] p2a,p2b
|-resisted|p2b: Talonflame
|-damage|p2a: Weezing|4/100
|-damage|p2b: Talonflame|15/100
|
|-status|p1a: Ursaluna|brn|[from] item: Flame Orb
|upkeep
|turn|3
|
|t:|1757164919
|switch|p1a: Indeedee|Indeedee-F, L50, F|100/100
|move|p2a: Weezing|Protect|p2a: Weezing
|-singleturn|p2a: Weezing|Protect
|move|p2b: Talonflame|Flare Blitz|p1a: Indeedee
|-damage|p1a: Indeedee|60/100
|-damage|p2b: Talonflame|0 fnt|[from] item: Rocky Helmet|[of] p1a: Indeedee
|faint|p2b: Talonflame
|move|p1b: Torkoal|Eruption|p2a: Weezing
|-activate|p2a: Weezing|move: Protect
|
|-end|p1b: Torkoal|move: Taunt
|upkeep
|
|t:|1757164939
|switch|p2b: Gholdengo|Gholdengo, L50|100/100
|turn|4
|inactive|D-scNSe has 30 seconds left.
|
|t:|1757164968
|move|p1a: Indeedee|Helping Hand|p1b: Torkoal
|-singleturn|p1b: Torkoal|Helping Hand|[of] p1a: Indeedee
|move|p2b: Gholdengo|Make It Rain|p1a: Indeedee|[spread] p1a,p1b
|-resisted|p1b: Torkoal
|-crit|p1b: Torkoal
|-damage|p1a: Indeedee|0 fnt
|-damage|p1b: Torkoal|10/100
|-unboost|p2b: Gholdengo|spa|1
|faint|p1a: Indeedee
|move|p2a: Weezing|Sludge Bomb|p1b: Torkoal
|-damage|p1b: Torkoal|0 fnt
|faint|p1b: Torkoal
|
|upkeep
|
|t:|1757164980
|switch|p1b: Ursaluna|Ursaluna, L50, F|100/100 brn
|turn|5
|
|t:|1757164986
|move|p2a: Weezing|Protect|p2a: Weezing
|-singleturn|p2a: Weezing|Protect
|move|p2b: Gholdengo|Make It Rain|p1b: Ursaluna
|-damage|p1b: Ursaluna|45/100 brn
|-unboost|p2b: Gholdengo|spa|1
|move|p1b: Ursaluna|Earthquake|p2b: Gholdengo|[spread] p2b
|-activate|p2a: Weezing|move: Protect
|-supereffective|p2b: Gholdengo
|-damage|p2b: Gholdengo|52/100
|
|-damage|p1b: Ursaluna|39/100 brn|[from] brn
|upkeep
|turn|6
|
|t:|1757165004
|move|p2b: Gholdengo|Make It Rain|p1b: Ursaluna
|-damage|p1b: Ursaluna|1/100 brn
|-unboost|p2b: Gholdengo|spa|1
|move|p2a: Weezing|Strange Steam|p1b: Ursaluna
|-damage|p1b: Ursaluna|0 fnt
|faint|p1b: Ursaluna
|
|win|D-scNSe
||mohamedcarnicero is ready for game 3.
||D-scNSe is ready for game 3.
|uhtml|next|Next: Game 3 of 3
