|j|☆GILGIL MACHINE
|j|☆Huasometa
|html|GILGIL MACHINEHuasometa    
|uhtml|bestof|Game 1 of a best-of-3
|t:|1783647732
|gametype|doubles
|player|p1|GILGIL MACHINE|volkner|1108
|player|p2|Huasometa|elesa|1040
|gen|9
|tier|[Gen 9 Champions] VGC 2026 Reg M-B (Bo3)
|rated|
|rule|Species Clause: Limit one of each Pokémon
|rule|Item Clause: Limit 1 of each item
|clearpoke
|poke|p1|Gengar, L50, F|
|poke|p1|Sableye, L50, F|
|poke|p1|Incineroar, L50, M|
|poke|p1|Whimsicott, L50, M|
|poke|p1|Milotic, L50, M|
|poke|p1|Kangaskhan, L50, F|
|poke|p2|Chandelure, L50, M|
|poke|p2|Kangaskhan, L50, F|
|poke|p2|Sylveon, L50, M|
|poke|p2|Kingambit, L50, M|
|poke|p2|Rotom-Wash, L50|
|poke|p2|Venusaur, L50, F|
|teampreview|4
|showteam|p1|Gengar||Gengarite|CursedBody|Disable,ShadowBall,SludgeBomb,Protect|Modest||F|||50|]Sableye||Sablenite|Prankster|Encore,FoulPlay,Protect,Disable|Sassy||F|||50|]Incineroar||WhiteHerb|Intimidate|CloseCombat,FlareBlitz,FakeOut,PartingShot|Adamant||M|||50|]Whimsicott||MentalHerb|Chlorophyll|Tailwind,Encore,Moonblast,Endeavor|Timid||M|||50|]Milotic||Leftovers|Competitive|Coil,Hypnosis,MuddyWater,Protect|Calm||M|||50|]Kangaskhan||Kangaskhanite|Scrappy|FakeOut,DrainPunch,DoubleEdge,Protect|Adamant||F|||50|
|showteam|p2|Chandelure||FocusSash|FlashFire|HeatWave,ShadowBall,TrickRoom,Taunt|Quiet||M|||50|]Kangaskhan||Kangaskhanite|InnerFocus|FakeOut,DoubleEdge,SuckerPunch,HammerArm|Brave||F|||50|]Sylveon||FairyFeather|Pixilate|HyperVoice,Protect,HyperBeam,QuickAttack|Quiet||M|||50|]Kingambit||BlackGlasses|Defiant|KowtowCleave,SuckerPunch,IronHead,Protect|Brave||M|||50|]Rotom-Wash||SitrusBerry|Levitate|ThunderWave,VoltSwitch,HydroPump,Protect|Calm|||||50|]Venusaur||Venusaurite|Chlorophyll|EarthPower,SleepPowder,GigaDrain,Protect|Modest||F|||50|
|inactive|Battle timer is ON: inactive players will automatically lose when time's up. (requested by GILGIL MACHINE)
|inactive|GILGIL MACHINE has 60 seconds left.
|inactive|Huasometa has 60 seconds left.
|inactive|GILGIL MACHINE has 30 seconds left.
|inactive|Huasometa has 30 seconds left.
|inactive|GILGIL MACHINE has 20 seconds left.
|inactive|Huasometa has 20 seconds left.
|inactive|GILGIL MACHINE has 15 seconds left.
|inactive|Huasometa has 15 seconds left.
|inactive|GILGIL MACHINE has 10 seconds left.
|inactive|Huasometa has 10 seconds left.
|inactive|GILGIL MACHINE has 5 seconds left.
|inactive|Huasometa has 5 seconds left.
|
|t:|1783647823
|teamsize|p1|4
|teamsize|p2|4
|start
|switch|p1a: Gengar|Gengar, L50, F|100/100
|switch|p1b: Whimsicott|Whimsicott, L50, M|100/100
|switch|p2a: Chandelure|Chandelure, L50, M|100/100
|switch|p2b: Kangaskhan|Kangaskhan, L50, F|100/100
|turn|1
|inactive|GILGIL MACHINE has 30 seconds left.
|inactive|GILGIL MACHINE has 20 seconds left.
|inactive|GILGIL MACHINE has 15 seconds left.
|
|t:|1783647864
|switch|p1b: Incineroar|Incineroar, L50, M|100/100
|-ability|p1b: Incineroar|Intimidate|boost
|-unboost|p2a: Chandelure|atk|1
|-fail|p2b: Kangaskhan|unboost|Attack|[from] ability: Inner Focus|[of] p2b: Kangaskhan
|switch|p2a: Kingambit|Kingambit, L50, M|100/100
|detailschange|p1a: Gengar|Gengar-Mega, L50, F
|-mega|p1a: Gengar|Gengar|Gengarite
|detailschange|p2b: Kangaskhan|Kangaskhan-Mega, L50, F
|-mega|p2b: Kangaskhan|Kangaskhan|Kangaskhanite
|move|p1a: Gengar|Shadow Ball|p2a: Kingambit
|-resisted|p2a: Kingambit|1
|-damage|p2a: Kingambit|70/100
|move|p2b: Kangaskhan|Double-Edge|p1b: Incineroar
|-damage|p1b: Incineroar|34/100
|-damage|p1b: Incineroar|19/100
|-hitcount|p1b: Incineroar|2
|-damage|p2b: Kangaskhan|74/100|[from] Recoil
|
|upkeep
|turn|2
|inactive|GILGIL MACHINE has 30 seconds left.
|
|t:|1783647898
|switch|p1b: Whimsicott|Whimsicott, L50, M|100/100
|move|p1a: Gengar|Protect|p1a: Gengar
|-singleturn|p1a: Gengar|Protect
|move|p2b: Kangaskhan|Double-Edge|p1b: Whimsicott
|-damage|p1b: Whimsicott|23/100
|-damage|p1b: Whimsicott|5/100
|-hitcount|p1b: Whimsicott|2
|-damage|p2b: Kangaskhan|50/100y|[from] Recoil
|move|p2a: Kingambit|Kowtow Cleave|p1a: Gengar
|-activate|p1a: Gengar|move: Protect
|
|upkeep
|turn|3
|inactive|GILGIL MACHINE has 30 seconds left.
|inactive|GILGIL MACHINE has 20 seconds left.
|
|t:|1783647938
|move|p1b: Whimsicott|Moonblast|p2b: Kangaskhan
|-damage|p2b: Kangaskhan|21/100
|move|p1a: Gengar|Disable|p2a: Kingambit
|-start|p2a: Kingambit|Disable|Kowtow Cleave
|move|p2b: Kangaskhan|Hammer Arm|p1b: Whimsicott
|-resisted|p1b: Whimsicott|1
|-crit|p1b: Whimsicott
|-damage|p1b: Whimsicott|0 fnt
|-unboost|p2b: Kangaskhan|spe|1
|faint|p1b: Whimsicott
|move|p2a: Kingambit|Iron Head|p1a: Gengar
|-damage|p1a: Gengar|38/100
|
|upkeep
|
|t:|1783647960
|switch|p1b: Milotic|Milotic, L50, M|100/100
|turn|4
|
|t:|1783647983
|move|p1a: Gengar|Protect|p1a: Gengar
|-singleturn|p1a: Gengar|Protect
|move|p2a: Kingambit|Sucker Punch||[still]
|-fail|p2a: Kingambit
|move|p1b: Milotic|Coil|p1b: Milotic
|-boost|p1b: Milotic|atk|1
|-boost|p1b: Milotic|def|1
|-boost|p1b: Milotic|accuracy|1
|move|p2b: Kangaskhan|Double-Edge|p1b: Milotic
|-damage|p1b: Milotic|53/100
|-damage|p1b: Milotic|42/100
|-hitcount|p1b: Milotic|2
|-damage|p2b: Kangaskhan|3/100|[from] Recoil
|
|-heal|p1b: Milotic|48/100|[from] item: Leftovers
|upkeep
|turn|5
|
|t:|1783648003
|move|p1a: Gengar|Disable|p2b: Kangaskhan
|-start|p2b: Kangaskhan|Disable|Double-Edge
|move|p1b: Milotic|Coil|p1b: Milotic
|-boost|p1b: Milotic|atk|1
|-boost|p1b: Milotic|def|1
|-boost|p1b: Milotic|accuracy|1
|cant|p2b: Kangaskhan|Disable|Double-Edge
|move|p2a: Kingambit|Iron Head|p1a: Gengar
|-damage|p1a: Gengar|0 fnt
|faint|p1a: Gengar
|
|-heal|p1b: Milotic|53/100|[from] item: Leftovers
|upkeep
|
|t:|1783648012
|switch|p1a: Incineroar|Incineroar, L50, M|19/100
|-ability|p1a: Incineroar|Intimidate|boost
|-unboost|p2a: Kingambit|atk|1
|-ability|p2a: Kingambit|Defiant|boost
|-boost|p2a: Kingambit|atk|2
|-unboost|p2b: Kangaskhan|atk|1
|turn|6
|
|t:|1783648023
|move|p2a: Kingambit|Protect|p2a: Kingambit
|-singleturn|p2a: Kingambit|Protect
|move|p1a: Incineroar|Fake Out|p2a: Kingambit
|-activate|p2a: Kingambit|move: Protect
|move|p1b: Milotic|Muddy Water|p2a: Kingambit|[spread] p2b
|-activate|p2a: Kingambit|move: Protect
|-damage|p2b: Kangaskhan|0 fnt
|faint|p2b: Kangaskhan
|
|-heal|p1b: Milotic|59/100|[from] item: Leftovers
|-end|p2a: Kingambit|Disable
|upkeep
|inactive|Huasometa has 30 seconds left.
|
|t:|1783648050
|switch|p2b: Sylveon|Sylveon, L50, M|100/100
|turn|7
|inactive|GILGIL MACHINE has 30 seconds left.
|
|t:|1783648088
|move|p1b: Milotic|Hypnosis|p2b: Sylveon
|-status|p2b: Sylveon|slp|[from] move: Hypnosis
|move|p1a: Incineroar|Flare Blitz|p2a: Kingambit
|-supereffective|p2a: Kingambit|1
|-damage|p2a: Kingambit|0 fnt
|faint|p2a: Kingambit
|-damage|p1a: Incineroar|0 fnt|[from] Recoil
|faint|p1a: Incineroar
|cant|p2b: Sylveon|slp
|
|-heal|p1b: Milotic|65/100|[from] item: Leftovers
|upkeep
|
|t:|1783648093
|switch|p2a: Chandelure|Chandelure, L50, M|100/100
|turn|8
|
|t:|1783648109
|move|p1b: Milotic|Hypnosis|p2a: Chandelure
|-status|p2a: Chandelure|slp|[from] move: Hypnosis
|-curestatus|p2b: Sylveon|slp|[msg]
|move|p2b: Sylveon|Hyper Voice|p1b: Milotic
|-damage|p1b: Milotic|29/100
|cant|p2a: Chandelure|slp
|
|-heal|p1b: Milotic|35/100|[from] item: Leftovers
|upkeep
|turn|9
|inactive|Huasometa has 30 seconds left.
|
|t:|1783648144
|move|p1b: Milotic|Muddy Water|p2b: Sylveon|[spread] p2a,p2b
|-supereffective|p2a: Chandelure|1
|-damage|p2a: Chandelure|48/100 slp
|-damage|p2b: Sylveon|83/100
|-unboost|p2b: Sylveon|accuracy|1
|move|p2b: Sylveon|Hyper Voice|p1b: Milotic
|-damage|p1b: Milotic|0 fnt
|faint|p1b: Milotic
|
|win|Huasometa
||Huasometa is ready for game 2.
|l|☆GILGIL MACHINE
|player|p1|
||GILGIL MACHINE is ready for game 2.
|uhtml|next|Next: Game 2 of 3
