|j|☆gingembre230197
|j|☆breloomb01
|html|gingembre230197breloomb01    
|uhtml|bestof|Game 1 of a best-of-3
|t:|1785442821
|gametype|doubles
|player|p1|gingembre230197|169|1162
|player|p2|breloomb01|roughneck|1266
|gen|9
|tier|[Gen 9 Champions] VGC 2026 Reg M-B (Bo3)
|rated|
|rule|Species Clause: Limit one of each Pokémon
|rule|Item Clause: Limit 1 of each item
|clearpoke
|poke|p1|Charizard, L50, F, shiny|
|poke|p1|Garchomp, L50, M, shiny|
|poke|p1|Incineroar, L50, M, shiny|
|poke|p1|Whimsicott, L50, M, shiny|
|poke|p1|Meganium, L50, M, shiny|
|poke|p1|Basculegion, L50, M, shiny|
|poke|p2|Floette-Eternal, L50, F|
|poke|p2|Incineroar, L50, F|
|poke|p2|Sinistcha, L50|
|poke|p2|Garchomp, L50, F|
|poke|p2|Sneasler, L50, F|
|poke|p2|Rotom-Wash, L50|
|teampreview|4
|showteam|p1|Charizard||CharizarditeY|Blaze|Protect,HeatWave,WeatherBall,SolarBeam|Timid||F|||50|]Garchomp||LifeOrb|RoughSkin|Protect,Earthquake,DragonClaw,RockSlide|Jolly||M|||50|]Incineroar||SitrusBerry|Intimidate|FakeOut,DarkestLariat,FlareBlitz,PartingShot|Careful||M|||50|]Whimsicott||FocusSash|Prankster|Tailwind,Moonblast,HelpingHand,Encore|Timid||M|||50|]Meganium||Meganiumite|Overgrow|GigaDrain,EarthPower,Protect,Synthesis|Timid||M|||50|]Basculegion||ChoiceScarf|Adaptability|AquaJet,LastRespects,FlipTurn,WaveCrash|Adamant||M|||50|
|showteam|p2|Floette-Eternal||Floettite|FlowerVeil|DrainingKiss,DazzlingGleam,CalmMind,Protect|Modest||F|||50|]Incineroar||SitrusBerry|Intimidate|FakeOut,FlareBlitz,ThroatChop,PartingShot|Careful||F|||50|]Sinistcha||KasibBerry|Hospitality|Protect,RagePowder,MatchaGotcha,TrickRoom|Calm|||||50|]Garchomp||LifeOrb|RoughSkin|Earthquake,DragonClaw,RockSlide,Protect|Jolly||F|||50|]Sneasler||FocusSash|PoisonTouch|FakeOut,DireClaw,CloseCombat,Protect|Jolly||F|||50|]Rotom-Wash||Leftovers|Levitate|HydroPump,Protect,WillOWisp,Electroweb|Bold|||||50|
|
|t:|1785442872
|teamsize|p1|4
|teamsize|p2|4
|start
|switch|p1a: Whimsicott|Whimsicott, L50, M, shiny|100/100
|switch|p1b: Incineroar|Incineroar, L50, M, shiny|100/100
|switch|p2a: Floette|Floette-Eternal, L50, F|100/100
|switch|p2b: Sinistcha|Sinistcha, L50|100/100
|-ability|p1b: Incineroar|Intimidate|boost
|-unboost|p2a: Floette|atk|1
|-block|p2b: Sinistcha|ability: Flower Veil|[of] p2a: Floette
|turn|1
|
|t:|1785442888
|switch|p2b: Incineroar|Incineroar, L50, F|100/100
|-ability|p2b: Incineroar|Intimidate|boost
|-unboost|p1a: Whimsicott|atk|1
|-unboost|p1b: Incineroar|atk|1
|move|p1b: Incineroar|Fake Out|p2a: Floette
|-damage|p2a: Floette|91/100
|move|p1a: Whimsicott|Tailwind|p1a: Whimsicott
|-sidestart|p1: gingembre230197|move: Tailwind
|cant|p2a: Floette|flinch
|
|upkeep
|turn|2
|
|t:|1785442932
|switch|p1a: Charizard|Charizard, L50, F, shiny|100/100
|move|p1b: Incineroar|Parting Shot|p2a: Floette
|-unboost|p2a: Floette|atk|1
|-unboost|p2a: Floette|spa|1
|
|t:|1785442939
|switch|p1b: Garchomp|Garchomp, L50, M, shiny|100/100|[from] Parting Shot
|move|p2a: Floette|Calm Mind|p2a: Floette
|-boost|p2a: Floette|spa|1
|-boost|p2a: Floette|spd|1
|move|p2b: Incineroar|Parting Shot|p1b: Garchomp
|-unboost|p1b: Garchomp|atk|1
|-unboost|p1b: Garchomp|spa|1
|
|t:|1785442945
|switch|p2b: Sinistcha|Sinistcha, L50|100/100|[from] Parting Shot
|-heal|p2a: Floette|100/100|[from] ability: Hospitality|[of] p2b: Sinistcha
|
|upkeep
|turn|3
|
|t:|1785442962
|switch|p2b: Incineroar|Incineroar, L50, F|100/100
|-ability|p2b: Incineroar|Intimidate|boost
|-unboost|p1a: Charizard|atk|1
|-unboost|p1b: Garchomp|atk|1
|detailschange|p1a: Charizard|Charizard-Mega-Y, L50, F, shiny
|-mega|p1a: Charizard|Charizard|Charizardite Y
|-weather|SunnyDay|[from] ability: Drought|[of] p1a: Charizard
|move|p1b: Garchomp|Protect|p1b: Garchomp
|-singleturn|p1b: Garchomp|Protect
|move|p2a: Floette|Protect|p2a: Floette
|-singleturn|p2a: Floette|Protect
|move|p1a: Charizard|Heat Wave|p2b: Incineroar|[spread] p2b
|-activate|p2a: Floette|move: Protect
|-resisted|p2b: Incineroar|1
|-damage|p2b: Incineroar|74/100
|
|-weather|SunnyDay|[upkeep]
|upkeep
|turn|4
|
|t:|1785442982
|detailschange|p2a: Floette|Floette-Mega, L50, F
|-mega|p2a: Floette|Floette|Floettite
|-ability|p2a: Floette|Fairy Aura
|move|p1a: Charizard|Protect|p1a: Charizard
|-singleturn|p1a: Charizard|Protect
|move|p2b: Incineroar|Fake Out|p1a: Charizard
|-activate|p1a: Charizard|move: Protect
|move|p1b: Garchomp|Earthquake|p2a: Floette|[spread] p2a,p2b
|-activate|p1a: Charizard|move: Protect
|-supereffective|p2b: Incineroar|1
|-crit|p2b: Incineroar
|-damage|p2a: Floette|71/100
|-damage|p2b: Incineroar|0 fnt
|faint|p2b: Incineroar
|-damage|p1b: Garchomp|90/100|[from] item: Life Orb
|move|p2a: Floette|Dazzling Gleam|p1a: Charizard|[spread] p1b
|-activate|p1a: Charizard|move: Protect
|-supereffective|p1b: Garchomp|1
|-damage|p1b: Garchomp|0 fnt
|faint|p1b: Garchomp
|
|-weather|SunnyDay|[upkeep]
|-sideend|p1: gingembre230197|move: Tailwind
|upkeep
|
|t:|1785443002
|switch|p1b: Incineroar|Incineroar, L50, M, shiny|100/100
|switch|p2b: Sinistcha|Sinistcha, L50|100/100
|-ability|p1b: Incineroar|Intimidate|boost
|-unboost|p2a: Floette|atk|1
|-unboost|p2b: Sinistcha|atk|1
|-heal|p2a: Floette|96/100|[from] ability: Hospitality|[of] p2b: Sinistcha
|turn|5
|
|t:|1785443016
|switch|p2b: Garchomp|Garchomp, L50, F|100/100
|move|p1a: Charizard|Heat Wave|p2a: Floette|[spread] p2a,p2b
|-resisted|p2b: Garchomp|1
|-damage|p2a: Floette|66/100
|-damage|p2b: Garchomp|66/100
|move|p2a: Floette|Draining Kiss|p1b: Incineroar
|-damage|p1b: Incineroar|70/100
|-heal|p2a: Floette|91/100|[from] drain|[of] p1b: Incineroar
|move|p1b: Incineroar|Parting Shot|p2a: Floette
|-unboost|p2a: Floette|atk|1
|-unboost|p2a: Floette|spa|1
|
|t:|1785443027
|switch|p1b: Whimsicott|Whimsicott, L50, M, shiny|100/100|[from] Parting Shot
|
|-weather|SunnyDay|[upkeep]
|upkeep
|turn|6
|
|t:|1785443035
|move|p1a: Charizard|Protect|p1a: Charizard
|-singleturn|p1a: Charizard|Protect
|move|p1b: Whimsicott|Tailwind|p1b: Whimsicott
|-sidestart|p1: gingembre230197|move: Tailwind
|move|p2b: Garchomp|Rock Slide|p1b: Whimsicott|[spread] p1b
|-activate|p1a: Charizard|move: Protect
|-damage|p1b: Whimsicott|62/100
|-damage|p2b: Garchomp|56/100|[from] item: Life Orb
|move|p2a: Floette|Dazzling Gleam|p1a: Charizard|[spread] p1b
|-activate|p1a: Charizard|move: Protect
|-damage|p1b: Whimsicott|2/100
|
|-weather|SunnyDay|[upkeep]
|upkeep
|turn|7
|
|t:|1785443052
|switch|p1a: Incineroar|Incineroar, L50, M, shiny|70/100
|-ability|p1a: Incineroar|Intimidate|boost
|-unboost|p2a: Floette|atk|1
|-unboost|p2b: Garchomp|atk|1
|switch|p2a: Sinistcha|Sinistcha, L50|100/100
|-heal|p2b: Garchomp|80/100|[from] ability: Hospitality|[of] p2a: Sinistcha
|move|p1b: Whimsicott|Moonblast|p2b: Garchomp
|-supereffective|p2b: Garchomp|1
|-damage|p2b: Garchomp|2/100
|move|p2b: Garchomp|Rock Slide|p1b: Whimsicott|[spread] p1a,p1b
|-supereffective|p1a: Incineroar|1
|-damage|p1a: Incineroar|43/100
|-damage|p1b: Whimsicott|0 fnt
|-enditem|p1a: Incineroar|Sitrus Berry|[eat]
|-heal|p1a: Incineroar|67/100|[from] item: Sitrus Berry
|faint|p1b: Whimsicott
|-damage|p2b: Garchomp|0 fnt|[from] item: Life Orb
|faint|p2b: Garchomp
|
|-weather|none
|upkeep
|
|t:|1785443071
|switch|p1b: Charizard|Charizard-Mega-Y, L50, F, shiny|100/100
|switch|p2b: Floette|Floette-Mega, L50, F|91/100
|-weather|SunnyDay|[from] ability: Drought|[of] p1b: Charizard
|-ability|p2b: Floette|Fairy Aura
|turn|8
|
|t:|1785443084
|move|p1a: Incineroar|Fake Out|p2b: Floette
|-damage|p2b: Floette|79/100
|move|p1b: Charizard|Heat Wave|p2b: Floette|[spread] p2a,p2b
|-supereffective|p2a: Sinistcha|1
|-damage|p2a: Sinistcha|0 fnt
|-damage|p2b: Floette|33/100
|-status|p2b: Floette|brn
|faint|p2a: Sinistcha
|cant|p2b: Floette|flinch
|
|-weather|SunnyDay|[upkeep]
|-damage|p2b: Floette|27/100 brn|[from] brn
|upkeep
|turn|9
|-message|breloomb01 forfeited.
|
|win|gingembre230197
||breloomb01 is ready for game 2.
|inactive|gingembre230197 has 30 seconds to confirm battle start!
||gingembre230197 is ready for game 2.
|uhtml|next|Next: Game 2 of 3
