|j|☆wittraid
|j|☆CrazyyBoi
|html|wittraidCrazyyBoi    
|uhtml|bestof|Game 1 of a best-of-3
|t:|1757236376
|gametype|doubles
|player|p1|wittraid|2|1330
|player|p2|CrazyyBoi|102|1273
|gen|9
|tier|[Gen 9] VGC 2025 Reg H (Bo3)
|rated|
|rule|Species Clause: Limit one of each Pokémon
|rule|Item Clause: Limit 1 of each item
|clearpoke
|poke|p1|Pelipper, L50, F|
|poke|p1|Archaludon, L50, F|
|poke|p1|Basculegion, L50, M|
|poke|p1|Incineroar, L50, F|
|poke|p1|Sinistcha-Masterpiece, L50|
|poke|p1|Ursaluna-Bloodmoon, L50, M|
|poke|p2|Maushold-Four, L50|
|poke|p2|Sableye, L50, F|
|poke|p2|Gothitelle, L50, F|
|poke|p2|Kommo-o, L50, M|
|poke|p2|Incineroar, L50, F|
|poke|p2|Primarina, L50, M|
|teampreview|4
|showteam|p1|Pelipper||FocusSash|Drizzle|Tailwind,WideGuard,Hurricane,Protect|||F|||50|,,,,,Ghost]Archaludon||AssaultVest|Stamina|ElectroShot,DragonPulse,BodyPress,Snarl|||F|||50|,,,,,Grass]Basculegion||ChoiceBand|SwiftSwim|WaveCrash,LastRespects,AquaJet,FlipTurn|||M|||50|,,,,,Grass]Incineroar||SafetyGoggles|Intimidate|FakeOut,KnockOff,Taunt,PartingShot|||F|||50|,,,,,Ghost]Sinistcha-Masterpiece||SitrusBerry|Hospitality|RagePowder,MatchaGotcha,TrickRoom,LifeDew||||||50|,,,,,Fairy]Ursaluna-Bloodmoon||LifeOrb|MindsEye|BloodMoon,EarthPower,HyperVoice,Protect|||M|||50|,,,,,Bug
|showteam|p2|Maushold-Four||WideLens|Technician|Protect,PopulationBomb,Bite,FollowMe||||||50|,,,,,Poison]Sableye||FocusSash|Prankster|FakeOut,Quash,Disable,Encore|||F|||50|,,,,,Grass]Gothitelle||SitrusBerry|ShadowTag|FakeOut,Psychic,TrickRoom,Protect|||F|||50|,,,,,Steel]Kommo-o||ThroatSpray|Overcoat|ClangorousSoul,ClangingScales,Protect,AuraSphere|||M|||50|,,,,,Steel]Incineroar||SafetyGoggles|Intimidate|FakeOut,PartingShot,KnockOff,Taunt|||F|||50|,,,,,Ghost]Primarina||LifeOrb|LiquidVoice|HyperVoice,Moonblast,PerishSong,Protect|||M|||50|,,,,,Dragon
|inactive|Battle timer is ON: inactive players will automatically lose when time's up. (requested by wittraid)
|
|t:|1757236404
|teamsize|p1|4
|teamsize|p2|4
|start
|switch|p1a: Pelipper|Pelipper, L50, F|100/100
|switch|p1b: Archaludon|Archaludon, L50, F|100/100
|switch|p2a: Gothitelle|Gothitelle, L50, F|100/100
|switch|p2b: Primarina|Primarina, L50, M|100/100
|-weather|RainDance|[from] ability: Drizzle|[of] p1a: Pelipper
|turn|1
|inactive|CrazyyBoi has 30 seconds left.
|
|t:|1757236435
|-terastallize|p2b: Primarina|Dragon
|move|p1b: Archaludon|Electro Shot||[still]
|-prepare|p1b: Archaludon|Electro Shot
|-boost|p1b: Archaludon|spa|1
|-anim|p1b: Archaludon|Electro Shot|p2a: Gothitelle
|-damage|p2a: Gothitelle|59/100
|move|p2b: Primarina|Perish Song|p2b: Primarina
|-start|p1a: Pelipper|perish3|[silent]
|-start|p1b: Archaludon|perish3|[silent]
|-start|p2a: Gothitelle|perish3|[silent]
|-start|p2b: Primarina|perish3|[silent]
|-fieldactivate|move: Perish Song
|move|p1a: Pelipper|Hurricane|p2a: Gothitelle
|-damage|p2a: Gothitelle|20/100
|-enditem|p2a: Gothitelle|Sitrus Berry|[eat]
|-heal|p2a: Gothitelle|45/100|[from] item: Sitrus Berry
|move|p2a: Gothitelle|Trick Room|p2a: Gothitelle
|-fieldstart|move: Trick Room|[of] p2a: Gothitelle
|
|-weather|RainDance|[upkeep]
|-start|p2a: Gothitelle|perish3
|-start|p1a: Pelipper|perish3
|-start|p2b: Primarina|perish3
|-start|p1b: Archaludon|perish3
|upkeep
|turn|2
|inactive|wittraid has 30 seconds left.
|inactive|CrazyyBoi has 30 seconds left.
|
|t:|1757236468
|switch|p2b: Sableye|Sableye, L50, F|100/100
|move|p2a: Gothitelle|Protect|p2a: Gothitelle
|-singleturn|p2a: Gothitelle|Protect
|move|p1a: Pelipper|Hurricane|p2b: Sableye
|-damage|p2b: Sableye|48/100
|move|p1b: Archaludon|Electro Shot||[still]
|-prepare|p1b: Archaludon|Electro Shot
|-boost|p1b: Archaludon|spa|1
|-anim|p1b: Archaludon|Electro Shot|p2a: Gothitelle
|-activate|p2a: Gothitelle|move: Protect
|
|-weather|RainDance|[upkeep]
|-start|p2a: Gothitelle|perish2
|-start|p1a: Pelipper|perish2
|-start|p1b: Archaludon|perish2
|upkeep
|turn|3
|inactive|CrazyyBoi has 30 seconds left.
|inactive|CrazyyBoi has 20 seconds left.
|
|t:|1757236507
|move|p2b: Sableye|Disable|p1b: Archaludon
|-start|p1b: Archaludon|Disable|Electro Shot
|move|p2a: Gothitelle|Psychic|p1a: Pelipper
|-damage|p1a: Pelipper|59/100
|move|p1a: Pelipper|Hurricane|p2a: Gothitelle
|-damage|p2a: Gothitelle|7/100
|move|p1b: Archaludon|Dragon Pulse|p2a: Gothitelle
|-damage|p2a: Gothitelle|0 fnt
|faint|p2a: Gothitelle
|
|-weather|RainDance|[upkeep]
|-start|p1a: Pelipper|perish1
|-start|p1b: Archaludon|perish1
|upkeep
|
|t:|1757236519
|switch|p2a: Primarina|Primarina, L50, M, tera:Dragon|100/100
|turn|4
|
|t:|1757236532
|switch|p2b: Kommo-o|Kommo-o, L50, M|100/100
|switch|p1a: Basculegion|Basculegion, L50, M|100/100
|switch|p1b: Sinistcha|Sinistcha-Masterpiece, L50|100/100
|move|p2a: Primarina|Moonblast|p1a: Basculegion
|-damage|p1a: Basculegion|27/100
|-damage|p2a: Primarina|91/100|[from] item: Life Orb
|
|-weather|RainDance|[upkeep]
|upkeep
|turn|5
|
|t:|1757236550
|switch|p1a: Archaludon|Archaludon, L50, F|100/100
|move|p2a: Primarina|Protect|p2a: Primarina
|-singleturn|p2a: Primarina|Protect
|move|p1b: Sinistcha|Matcha Gotcha|p2a: Primarina|[spread] p2b
|-activate|p2a: Primarina|move: Protect
|-resisted|p2b: Kommo-o
|-damage|p2b: Kommo-o|90/100
|move|p2b: Kommo-o|Clanging Scales|p1b: Sinistcha|[spread] p1a,p1b
|-damage|p1a: Archaludon|73/100
|-damage|p1b: Sinistcha|65/100
|-ability|p1a: Archaludon|Stamina|boost
|-boost|p1a: Archaludon|def|1
|-unboost|p2b: Kommo-o|def|1
|-enditem|p2b: Kommo-o|Throat Spray
|-boost|p2b: Kommo-o|spa|1|[from] item: Throat Spray
|
|-weather|none
|-fieldend|move: Trick Room
|upkeep
|turn|6
|inactive|wittraid has 30 seconds left.
|inactive|CrazyyBoi has 30 seconds left.
|inactive|wittraid has 20 seconds left.
|
|t:|1757236585
|switch|p2a: Sableye|Sableye, L50, F|48/100
|move|p1a: Archaludon|Dragon Pulse|p2a: Sableye
|-damage|p2a: Sableye|11/100
|move|p2b: Kommo-o|Clanging Scales|p1a: Archaludon|[spread] p1a,p1b
|-damage|p1a: Archaludon|32/100
|-damage|p1b: Sinistcha|3/100
|-ability|p1a: Archaludon|Stamina|boost
|-boost|p1a: Archaludon|def|1
|-enditem|p1b: Sinistcha|Sitrus Berry|[eat]
|-heal|p1b: Sinistcha|28/100|[from] item: Sitrus Berry
|-unboost|p2b: Kommo-o|def|1
|move|p1b: Sinistcha|Life Dew|p1b: Sinistcha|[spread] p1a,p1b
|-heal|p1a: Archaludon|57/100
|-heal|p1b: Sinistcha|53/100
|
|upkeep
|turn|7
|inactive|CrazyyBoi has 30 seconds left.
|
|t:|1757236614
|switch|p1b: Pelipper|Pelipper, L50, F|59/100
|-weather|RainDance|[from] ability: Drizzle|[of] p1b: Pelipper
|move|p2a: Sableye|Disable|p1a: Archaludon
|-start|p1a: Archaludon|Disable|Dragon Pulse
|move|p1a: Archaludon|Snarl|p2a: Sableye|[spread] p2a,p2b
|-resisted|p2b: Kommo-o
|-damage|p2a: Sableye|0 fnt
|-damage|p2b: Kommo-o|85/100
|-unboost|p2b: Kommo-o|spa|1
|faint|p2a: Sableye
|move|p2b: Kommo-o|Clanging Scales|p1b: Pelipper|[spread] p1a,p1b
|-damage|p1a: Archaludon|31/100
|-damage|p1b: Pelipper|2/100
|-ability|p1a: Archaludon|Stamina|boost
|-boost|p1a: Archaludon|def|1
|-unboost|p2b: Kommo-o|def|1
|
|-weather|RainDance|[upkeep]
|upkeep
|
|t:|1757236625
|switch|p2a: Primarina|Primarina, L50, M, tera:Dragon|91/100
|turn|8
|
|t:|1757236637
|switch|p1b: Sinistcha|Sinistcha-Masterpiece, L50|53/100
|-heal|p1a: Archaludon|56/100|[from] ability: Hospitality|[of] p1b: Sinistcha
|move|p1a: Archaludon|Snarl|p2b: Kommo-o|[spread] p2a,p2b
|-resisted|p2b: Kommo-o
|-damage|p2a: Primarina|81/100
|-damage|p2b: Kommo-o|79/100
|-unboost|p2a: Primarina|spa|1
|-unboost|p2b: Kommo-o|spa|1
|move|p2b: Kommo-o|Clanging Scales|p1a: Archaludon|[spread] p1a,p1b
|-damage|p1a: Archaludon|38/100
|-damage|p1b: Sinistcha|26/100
|-ability|p1a: Archaludon|Stamina|boost
|-boost|p1a: Archaludon|def|1
|-unboost|p2b: Kommo-o|def|1
|move|p2a: Primarina|Hyper Voice|p1b: Sinistcha|[spread] p1a,p1b
|-resisted|p1a: Archaludon
|-resisted|p1b: Sinistcha
|-damage|p1a: Archaludon|21/100
|-damage|p1b: Sinistcha|4/100
|-ability|p1a: Archaludon|Stamina|boost
|-boost|p1a: Archaludon|def|1
|-damage|p2a: Primarina|71/100|[from] item: Life Orb
|
|-weather|RainDance|[upkeep]
|upkeep
|turn|9
|inactive|wittraid has 30 seconds left.
|inactive|wittraid has 20 seconds left.
|
|t:|1757236676
|move|p1a: Archaludon|Body Press|p2a: Primarina
|-damage|p2a: Primarina|0 fnt
|faint|p2a: Primarina
|move|p2b: Kommo-o|Clanging Scales|p1b: Sinistcha|[spread] p1a,p1b
|-damage|p1a: Archaludon|4/100
|-damage|p1b: Sinistcha|0 fnt
|-ability|p1a: Archaludon|Stamina|boost
|-boost|p1a: Archaludon|def|1
|faint|p1b: Sinistcha
|-unboost|p2b: Kommo-o|def|1
|
|-weather|RainDance|[upkeep]
|upkeep
|-message|CrazyyBoi forfeited.
|
|win|wittraid
|l|☆CrazyyBoi
|player|p2|
||CrazyyBoi is ready for game 2.
||wittraid is ready for game 2.
|uhtml|next|Next: Game 2 of 3
