|j|☆pumpkipik
|j|☆PreparationHHH
|html|pumpkipikPreparationHHH    
|uhtml|bestof|Game 2 of a best-of-3
|t:|1757909335
|gametype|doubles
|player|p1|pumpkipik|lady|1142
|player|p2|PreparationHHH|zinzolin|1121
|gen|9
|tier|[Gen 9] VGC 2025 Reg H (Bo3)
|rated|
|rule|Species Clause: Limit one of each Pokémon
|rule|Item Clause: Limit 1 of each item
|clearpoke
|poke|p1|Basculegion, L50, M|
|poke|p1|Rillaboom, L50, F|
|poke|p1|Archaludon, L50, M|
|poke|p1|Sneasler, L50, M|
|poke|p1|Pelipper, L50, F|
|poke|p1|Annihilape, L50, M|
|poke|p2|Kommo-o, L50, M|
|poke|p2|Dondozo, L50, F|
|poke|p2|Rillaboom, L50, F|
|poke|p2|Sneasler, L50, F|
|poke|p2|Electabuzz, L50, F|
|poke|p2|Gholdengo, L50|
|teampreview|4
|showteam|p1|Basculegion||LifeOrb|SwiftSwim|WaveCrash,LastRespects,AquaJet,Protect|||M|||50|,,,,,Water]Rillaboom||LoadedDice|GrassySurge|BulletSeed,GrassyGlide,FakeOut,Uturn|||F|||50|,,,,,Fire]Archaludon||AssaultVest|Stamina|ElectroShot,DragonPulse,FlashCannon,BodyPress|||M|||50|,,,,,Grass]Sneasler||GrassySeed|Unburden|DireClaw,CloseCombat,ThroatChop,Protect|||M|||50|,,,,,Dark]Pelipper||FocusSash|Drizzle|Hurricane,WeatherBall,Tailwind,Protect|||F|||50|,,,,,Ghost]Annihilape||Leftovers|Defiant|RageFist,DrainPunch,BulkUp,Protect|||M|||50|,,,,,Fire
|showteam|p2|Kommo-o||ThroatSpray|Soundproof|ClangorousSoul,ClangingScales,Flamethrower,Protect|||M|||50|,,,,,Fire]Dondozo||Leftovers|Unaware|WaveCrash,Fissure,Yawn,Protect|||F|||50|,,,,,Flying]Rillaboom||AssaultVest|GrassySurge|FakeOut,WoodHammer,GrassyGlide,HighHorsepower|||F|||50|,,,,,Fire]Sneasler||FocusSash|Unburden|FakeOut,DireClaw,CloseCombat,Protect|||F|||50|,,,,,Stellar]Electabuzz||Eviolite|VitalSpirit|Electroweb,FollowMe,HelpingHand,Protect|||F|||50|,,,,,Grass]Gholdengo||ChoiceSpecs|GoodasGold|MakeItRain,ShadowBall,DazzlingGleam,PowerGem||||||50|,,,,,Fairy
|inactive|Battle timer is ON: inactive players will automatically lose when time's up. (requested by pumpkipik)
|inactive|pumpkipik has 60 seconds left.
|
|t:|1757909367
|teamsize|p1|4
|teamsize|p2|4
|start
|switch|p1a: Pelipper|Pelipper, L50, F|100/100
|switch|p1b: Sneasler|Sneasler, L50, M|100/100
|switch|p2a: Electabuzz|Electabuzz, L50, F|100/100
|switch|p2b: Kommo-o|Kommo-o, L50, M|100/100
|-weather|RainDance|[from] ability: Drizzle|[of] p1a: Pelipper
|turn|1
|
|t:|1757909386
|move|p2a: Electabuzz|Follow Me|p2a: Electabuzz
|-singleturn|p2a: Electabuzz|move: Follow Me
|move|p1b: Sneasler|Dire Claw|p2a: Electabuzz
|-damage|p2a: Electabuzz|62/100
|move|p2b: Kommo-o|Clangorous Soul|p2b: Kommo-o
|-boost|p2b: Kommo-o|atk|1
|-boost|p2b: Kommo-o|def|1
|-boost|p2b: Kommo-o|spa|1
|-boost|p2b: Kommo-o|spd|1
|-boost|p2b: Kommo-o|spe|1
|-damage|p2b: Kommo-o|68/100
|-enditem|p2b: Kommo-o|Throat Spray
|-boost|p2b: Kommo-o|spa|1|[from] item: Throat Spray
|move|p1a: Pelipper|Tailwind|p1a: Pelipper
|-sidestart|p1: pumpkipik|move: Tailwind
|
|-weather|RainDance|[upkeep]
|upkeep
|turn|2
|
|t:|1757909410
|switch|p1a: Rillaboom|Rillaboom, L50, F|100/100
|-fieldstart|move: Grassy Terrain|[from] ability: Grassy Surge|[of] p1a: Rillaboom
|-enditem|p1b: Sneasler|Grassy Seed
|-boost|p1b: Sneasler|def|1|[from] item: Grassy Seed
|move|p2b: Kommo-o|Protect|p2b: Kommo-o
|-singleturn|p2b: Kommo-o|Protect
|move|p1b: Sneasler|Dire Claw|p2b: Kommo-o
|-activate|p2b: Kommo-o|move: Protect
|move|p2a: Electabuzz|Electroweb|p1b: Sneasler|[spread] p1a,p1b
|-resisted|p1a: Rillaboom
|-damage|p1a: Rillaboom|93/100
|-damage|p1b: Sneasler|81/100
|-unboost|p1a: Rillaboom|spe|1
|-unboost|p1b: Sneasler|spe|1
|
|-weather|RainDance|[upkeep]
|-heal|p1b: Sneasler|87/100|[from] Grassy Terrain
|-heal|p2b: Kommo-o|74/100|[from] Grassy Terrain
|-heal|p1a: Rillaboom|99/100|[from] Grassy Terrain
|-heal|p2a: Electabuzz|68/100|[from] Grassy Terrain
|upkeep
|turn|3
|
|t:|1757909432
|move|p1a: Rillaboom|Fake Out|p2b: Kommo-o
|-damage|p2b: Kommo-o|66/100
|move|p1b: Sneasler|Dire Claw|p2b: Kommo-o
|-damage|p2b: Kommo-o|42/100
|cant|p2b: Kommo-o|flinch
|move|p2a: Electabuzz|Electroweb|p1a: Rillaboom|[spread] p1a,p1b
|-resisted|p1a: Rillaboom
|-damage|p1a: Rillaboom|93/100
|-damage|p1b: Sneasler|68/100
|-unboost|p1a: Rillaboom|spe|1
|-unboost|p1b: Sneasler|spe|1
|
|-weather|RainDance|[upkeep]
|-heal|p1b: Sneasler|74/100|[from] Grassy Terrain
|-heal|p2b: Kommo-o|47/100|[from] Grassy Terrain
|-heal|p2a: Electabuzz|74/100|[from] Grassy Terrain
|-heal|p1a: Rillaboom|99/100|[from] Grassy Terrain
|upkeep
|turn|4
|
|t:|1757909449
|move|p2a: Electabuzz|Follow Me|p2a: Electabuzz
|-singleturn|p2a: Electabuzz|move: Follow Me
|move|p1b: Sneasler|Dire Claw|p2a: Electabuzz
|-damage|p2a: Electabuzz|38/100
|move|p2b: Kommo-o|Clanging Scales|p1a: Rillaboom|[spread] p1a,p1b
|-crit|p1a: Rillaboom
|-damage|p1a: Rillaboom|7/100
|-damage|p1b: Sneasler|0 fnt
|faint|p1b: Sneasler
|-unboost|p2b: Kommo-o|def|1
|move|p1a: Rillaboom|Bullet Seed|p2a: Electabuzz
|-damage|p2a: Electabuzz|22/100
|-damage|p2a: Electabuzz|7/100
|-damage|p2a: Electabuzz|0 fnt
|faint|p2a: Electabuzz
|-hitcount|p2: Electabuzz|3
|
|-weather|RainDance|[upkeep]
|-heal|p2b: Kommo-o|53/100|[from] Grassy Terrain
|-heal|p1a: Rillaboom|13/100|[from] Grassy Terrain
|-sideend|p1: pumpkipik|move: Tailwind
|upkeep
|
|t:|1757909461
|switch|p1b: Archaludon|Archaludon, L50, M|100/100
|switch|p2a: Sneasler|Sneasler, L50, F|100/100
|turn|5
|inactive|pumpkipik has 30 seconds left.
|inactive|pumpkipik has 20 seconds left.
|inactive|pumpkipik has 15 seconds left.
|
|t:|1757909502
|-terastallize|p2a: Sneasler|Stellar
|-terastallize|p1b: Archaludon|Grass
|move|p1a: Rillaboom|Grassy Glide|p2a: Sneasler
|-resisted|p2a: Sneasler
|-damage|p2a: Sneasler|67/100
|move|p2b: Kommo-o|Clanging Scales|p1b: Archaludon|[spread] p1a,p1b
|-damage|p1a: Rillaboom|0 fnt
|-damage|p1b: Archaludon|55/100
|-ability|p1b: Archaludon|Stamina|boost
|-boost|p1b: Archaludon|def|1
|faint|p1a: Rillaboom
|-unboost|p2b: Kommo-o|def|1
|move|p2a: Sneasler|Close Combat|p1b: Archaludon
|-damage|p1b: Archaludon|16/100
|-unboost|p2a: Sneasler|def|1
|-unboost|p2a: Sneasler|spd|1
|-ability|p1b: Archaludon|Stamina|boost
|-boost|p1b: Archaludon|def|1
|move|p1b: Archaludon|Body Press|p2b: Kommo-o
|-damage|p2b: Kommo-o|0 fnt
|faint|p2b: Kommo-o
|
|-weather|none
|-heal|p2a: Sneasler|72/100|[from] Grassy Terrain
|-heal|p1b: Archaludon|22/100|[from] Grassy Terrain
|upkeep
|
|t:|1757909524
|switch|p2b: Dondozo|Dondozo, L50, F|100/100
|switch|p1a: Pelipper|Pelipper, L50, F|100/100
|-weather|RainDance|[from] ability: Drizzle|[of] p1a: Pelipper
|turn|6
|
|t:|1757909544
|move|p2a: Sneasler|Dire Claw|p1b: Archaludon
|-supereffective|p1b: Archaludon
|-damage|p1b: Archaludon|0 fnt
|faint|p1b: Archaludon
|move|p1a: Pelipper|Hurricane|p2a: Sneasler
|-supereffective|p2a: Sneasler
|-damage|p2a: Sneasler|0 fnt
|faint|p2a: Sneasler
|move|p2b: Dondozo|Wave Crash|p1a: Pelipper
|-resisted|p1a: Pelipper
|-damage|p1a: Pelipper|61/100
|-damage|p2b: Dondozo|93/100|[from] Recoil
|
|-weather|RainDance|[upkeep]
|-heal|p2b: Dondozo|99/100|[from] Grassy Terrain
|-heal|p2b: Dondozo|100/100|[from] item: Leftovers
|-fieldend|move: Grassy Terrain
|upkeep
|turn|7
|
|t:|1757909563
|move|p1a: Pelipper|Hurricane|p2b: Dondozo
|-damage|p2b: Dondozo|70/100
|move|p2b: Dondozo|Wave Crash|p1a: Pelipper
|-resisted|p1a: Pelipper
|-damage|p1a: Pelipper|23/100
|-damage|p2b: Dondozo|64/100|[from] Recoil
|
|-weather|RainDance|[upkeep]
|-heal|p2b: Dondozo|70/100|[from] item: Leftovers
|upkeep
|turn|8
|
|t:|1757909576
|move|p1a: Pelipper|Hurricane|p2b: Dondozo
|-damage|p2b: Dondozo|39/100
|move|p2b: Dondozo|Wave Crash|p1a: Pelipper
|-resisted|p1a: Pelipper
|-damage|p1a: Pelipper|0 fnt
|faint|p1a: Pelipper
|-damage|p2b: Dondozo|36/100|[from] Recoil
|
|win|PreparationHHH
|raw|pumpkipik's rating: 1142 → 1115(-27 for losing)
|raw|PreparationHHH's rating: 1121 → 1148(+27 for winning)
|l|☆pumpkipik
|player|p1|
|l|☆PreparationHHH
|player|p2|
