|j|☆VerVe1997
|j|☆capacete5
|html|VerVe1997capacete5    
|uhtml|bestof|Game 2 of a best-of-3
|t:|1782430858
|gametype|doubles
|player|p1|VerVe1997|steven|1173
|player|p2|capacete5|byron|1137
|gen|9
|tier|[Gen 9 Champions] VGC 2026 Reg M-B (Bo3)
|rated|
|rule|Species Clause: Limit one of each Pokémon
|rule|Item Clause: Limit 1 of each item
|clearpoke
|poke|p1|Kingambit, L50, F|
|poke|p1|Metagross, L50, shiny|
|poke|p1|Gengar, L50, M, shiny|
|poke|p1|Incineroar, L50, F|
|poke|p1|Politoed, L50, M|
|poke|p1|Maushold-Four, L50|
|poke|p2|Aerodactyl, L50, F|
|poke|p2|Garchomp, L50, F|
|poke|p2|Kingambit, L50, F|
|poke|p2|Farigiraf, L50, F|
|poke|p2|Sylveon, L50, M|
|poke|p2|Charizard, L50, F|
|teampreview|4
|showteam|p1|Kingambit||BlackGlasses|Defiant|KowtowCleave,SuckerPunch,LowKick,Protect|Serious||F|||50|]Metagross||Metagrossite|ClearBody|PsychicFangs,IronHead,BodyPress,Protect|Adamant|||||50|]Gengar||Gengarite|CursedBody|SludgeBomb,PerishSong,Disable,Protect|Bold||M|||50|]Incineroar||SitrusBerry|Intimidate|PartingShot,FlareBlitz,FakeOut,Protect|Impish||F|||50|]Politoed||Leftovers|Drizzle|PerishSong,IceBeam,WeatherBall,Protect|Calm||M|||50|]Maushold-Four||ChopleBerry|FriendGuard|FollowMe,Uturn,Taunt,Protect|Careful|||||50|
|showteam|p2|Aerodactyl||Aerodactylite|Unnerve|RockSlide,Protect,DualWingbeat,Tailwind|Jolly||F|||50|]Garchomp||LifeOrb|RoughSkin|Protect,DragonClaw,BrickBreak,StompingTantrum|Adamant||F|||50|]Kingambit||FocusSash|Defiant|KowtowCleave,IronHead,SuckerPunch,Protect|Adamant||F|||50|]Farigiraf||SitrusBerry|ArmorTail|Roar,TwinBeam,TrickRoom,EnergyBall|Bold||F|||50|]Sylveon||FairyFeather|Pixilate|HyperVoice,Protect,HyperBeam,QuickAttack|Bold||M|||50|]Charizard||CharizarditeY|Blaze|HeatWave,WeatherBall,SolarBeam,Protect|Modest||F|||50|
|inactive|Battle timer is ON: inactive players will automatically lose when time's up. (requested by capacete5)
|
|t:|1782430879
|teamsize|p1|4
|teamsize|p2|4
|start
|switch|p1a: Gengar|Gengar, L50, M, shiny|100/100
|switch|p1b: Incineroar|Incineroar, L50, F|100/100
|switch|p2a: Aerodactyl|Aerodactyl, L50, F|100/100
|switch|p2b: Garchomp|Garchomp, L50, F|100/100
|-ability|p2a: Aerodactyl|Unnerve
|-ability|p1b: Incineroar|Intimidate|boost
|-unboost|p2a: Aerodactyl|atk|1
|-unboost|p2b: Garchomp|atk|1
|turn|1
|inactive|capacete5 has 30 seconds left.
|
|t:|1782430908
|switch|p2a: Farigiraf|Farigiraf, L50, F|100/100
|detailschange|p1a: Gengar|Gengar-Mega, L50, M, shiny
|-mega|p1a: Gengar|Gengar|Gengarite
|move|p1b: Incineroar|Fake Out||[still]
|cant|p2a: Farigiraf|ability: Armor Tail|Fake Out|[of] p1b: Incineroar
|move|p1a: Gengar|Perish Song|p1a: Gengar
|-start|p1a: Gengar|perish3|[silent]
|-start|p1b: Incineroar|perish3|[silent]
|-start|p2a: Farigiraf|perish3|[silent]
|-start|p2b: Garchomp|perish3|[silent]
|-fieldactivate|move: Perish Song
|move|p2b: Garchomp|Stomping Tantrum|p1a: Gengar
|-supereffective|p1a: Gengar|1
|-damage|p1a: Gengar|23/100
|-damage|p2b: Garchomp|90/100|[from] item: Life Orb
|
|-start|p1a: Gengar|perish3
|-start|p2b: Garchomp|perish3
|-start|p1b: Incineroar|perish3
|-start|p2a: Farigiraf|perish3
|upkeep
|turn|2
|inactive|capacete5 has 30 seconds left.
|
|t:|1782430941
|move|p1a: Gengar|Protect|p1a: Gengar
|-singleturn|p1a: Gengar|Protect
|move|p1b: Incineroar|Protect|p1b: Incineroar
|-singleturn|p1b: Incineroar|Protect
|move|p2b: Garchomp|Brick Break|p1b: Incineroar
|-activate|p1b: Incineroar|move: Protect
|move|p2a: Farigiraf|Twin Beam|p1a: Gengar
|-activate|p1a: Gengar|move: Protect
|
|-start|p1a: Gengar|perish2
|-start|p2b: Garchomp|perish2
|-start|p2a: Farigiraf|perish2
|-start|p1b: Incineroar|perish2
|upkeep
|turn|3
|inactive|VerVe1997 has 30 seconds left.
|inactive|capacete5 has 30 seconds left.
|inactive|VerVe1997 has 20 seconds left.
|inactive|VerVe1997 has 15 seconds left.
|
|t:|1782430983
|switch|p1a: Kingambit|Kingambit, L50, F|100/100
|move|p2b: Garchomp|Stomping Tantrum|p1b: Incineroar
|-supereffective|p1b: Incineroar|1
|-damage|p1b: Incineroar|36/100
|-enditem|p1b: Incineroar|Sitrus Berry|[eat]
|-heal|p1b: Incineroar|61/100|[from] item: Sitrus Berry
|-damage|p2b: Garchomp|80/100|[from] item: Life Orb
|move|p1b: Incineroar|Parting Shot|p2a: Farigiraf
|-unboost|p2a: Farigiraf|atk|1
|-unboost|p2a: Farigiraf|spa|1
|
|t:|1782430993
|switch|p1b: Gengar|Gengar-Mega, L50, M, shiny|23/100|[from] Parting Shot
|move|p2a: Farigiraf|Roar|p1a: Kingambit
|drag|p1a: Politoed|Politoed, L50, M|100/100
|-weather|RainDance|[from] ability: Drizzle|[of] p1a: Politoed
|
|-weather|RainDance|[upkeep]
|-start|p2b: Garchomp|perish1
|-start|p2a: Farigiraf|perish1
|upkeep
|turn|4
|inactive|capacete5 has 30 seconds left.
|
|t:|1782431026
|move|p1b: Gengar|Protect|p1b: Gengar
|-singleturn|p1b: Gengar|Protect
|move|p2b: Garchomp|Stomping Tantrum|p1b: Gengar
|-activate|p1b: Gengar|move: Protect
|move|p1a: Politoed|Ice Beam|p2a: Farigiraf
|-damage|p2a: Farigiraf|77/100
|move|p2a: Farigiraf|Roar|p2b: Garchomp
|drag|p2b: Aerodactyl|Aerodactyl, L50, F|100/100
|-ability|p2b: Aerodactyl|Unnerve
|
|-weather|RainDance|[upkeep]
|-start|p2a: Farigiraf|perish0
|faint|p2a: Farigiraf
|upkeep
|
|t:|1782431042
|switch|p2a: Kingambit|Kingambit, L50, F|100/100
|turn|5
|
|t:|1782431056
|switch|p1b: Kingambit|Kingambit, L50, F|100/100
|detailschange|p2b: Aerodactyl|Aerodactyl-Mega, L50, F
|-mega|p2b: Aerodactyl|Aerodactyl|Aerodactylite
|move|p2b: Aerodactyl|Tailwind|p2b: Aerodactyl
|-sidestart|p2: capacete5|move: Tailwind
|move|p2a: Kingambit|Kowtow Cleave|p1b: Kingambit
|-resisted|p1b: Kingambit|1
|-damage|p1b: Kingambit|82/100
|move|p1a: Politoed|Ice Beam|p2b: Aerodactyl
|-supereffective|p2b: Aerodactyl|1
|-damage|p2b: Aerodactyl|57/100
|
|-weather|RainDance|[upkeep]
|upkeep
|turn|6
|inactive|capacete5 has 30 seconds left.
|
|t:|1782431083
|switch|p2b: Garchomp|Garchomp, L50, F|80/100
|move|p2a: Kingambit|Kowtow Cleave|p1a: Politoed
|-damage|p1a: Politoed|54/100
|move|p1a: Politoed|Ice Beam|p2b: Garchomp
|-supereffective|p2b: Garchomp|2
|-damage|p2b: Garchomp|4/100
|move|p1b: Kingambit|Low Kick|p2a: Kingambit
|-supereffective|p2a: Kingambit|2
|-enditem|p2a: Kingambit|Focus Sash
|-damage|p2a: Kingambit|1/100
|
|-weather|RainDance|[upkeep]
|-heal|p1a: Politoed|60/100|[from] item: Leftovers
|upkeep
|turn|7
|inactive|capacete5 has 30 seconds left.
|
|t:|1782431115
|move|p1b: Kingambit|Protect|p1b: Kingambit
|-singleturn|p1b: Kingambit|Protect
|move|p2b: Garchomp|Brick Break|p1b: Kingambit
|-activate|p1b: Kingambit|move: Protect
|move|p2a: Kingambit|Kowtow Cleave|p1a: Politoed
|-damage|p1a: Politoed|11/100
|move|p1a: Politoed|Weather Ball|p2b: Garchomp
|-damage|p2b: Garchomp|0 fnt
|faint|p2b: Garchomp
|
|-weather|none
|-heal|p1a: Politoed|17/100|[from] item: Leftovers
|upkeep
|
|t:|1782431127
|switch|p2b: Aerodactyl|Aerodactyl-Mega, L50, F|57/100
|turn|8
|
|t:|1782431145
|move|p2a: Kingambit|Sucker Punch|p1a: Politoed
|-damage|p1a: Politoed|0 fnt
|faint|p1a: Politoed
|move|p1b: Kingambit|Sucker Punch|p2b: Aerodactyl
|-damage|p2b: Aerodactyl|7/100
|move|p2b: Aerodactyl|Dual Wingbeat|p1b: Kingambit
|-resisted|p1b: Kingambit|1
|-damage|p1b: Kingambit|73/100
|-resisted|p1b: Kingambit|1
|-damage|p1b: Kingambit|65/100
|-hitcount|p1b: Kingambit|2
|
|-sideend|p2: capacete5|move: Tailwind
|upkeep
|
|t:|1782431152
|switch|p1a: Incineroar|Incineroar, L50, F|61/100
|-ability|p1a: Incineroar|Intimidate|boost
|-unboost|p2a: Kingambit|atk|1
|-ability|p2a: Kingambit|Defiant|boost
|-boost|p2a: Kingambit|atk|2
|-unboost|p2b: Aerodactyl|atk|1
|turn|9
|
|t:|1782431171
|move|p2b: Aerodactyl|Protect|p2b: Aerodactyl
|-singleturn|p2b: Aerodactyl|Protect
|move|p2a: Kingambit|Protect|p2a: Kingambit
|-singleturn|p2a: Kingambit|Protect
|move|p1a: Incineroar|Fake Out|p2a: Kingambit
|-activate|p2a: Kingambit|move: Protect
|move|p1b: Kingambit|Sucker Punch||[still]
|-fail|p1b: Kingambit
|
|upkeep
|turn|10
|
|t:|1782431186
|move|p1b: Kingambit|Protect|p1b: Kingambit
|-singleturn|p1b: Kingambit|Protect
|move|p2a: Kingambit|Sucker Punch||[still]
|-fail|p2a: Kingambit
|move|p2b: Aerodactyl|Tailwind|p2b: Aerodactyl
|-sidestart|p2: capacete5|move: Tailwind
|move|p1a: Incineroar|Flare Blitz|p2a: Kingambit
|-supereffective|p2a: Kingambit|1
|-damage|p2a: Kingambit|0 fnt
|faint|p2a: Kingambit
|-damage|p1a: Incineroar|61/100|[from] Recoil
|
|upkeep
|turn|11
|c|☆VerVe1997|??
|inactive|capacete5 has 30 seconds left.
|inactive|capacete5 has 20 seconds left.
|c|☆VerVe1997|puedo esperar todo el dia tranquilo
|inactive|capacete5 has 15 seconds left.
|inactive|capacete5 has 10 seconds left.
|inactive|capacete5 has 5 seconds left.
|
|t:|1782431241
|move|p2b: Aerodactyl|Protect|p2b: Aerodactyl
|-singleturn|p2b: Aerodactyl|Protect
|move|p1b: Kingambit|Sucker Punch||[still]
|-fail|p1b: Kingambit
|move|p1a: Incineroar|Parting Shot|p2b: Aerodactyl
|-activate|p2b: Aerodactyl|move: Protect
|
|upkeep
|turn|12
|inactive|VerVe1997 has 30 seconds left.
|inactive|capacete5 has 30 seconds left.
|inactive|VerVe1997 has 20 seconds left.
|inactive|capacete5 has 20 seconds left.
|inactive|VerVe1997 has 15 seconds left.
|inactive|capacete5 has 15 seconds left.
|inactive|capacete5 has 10 seconds left.
|inactive|capacete5 has 5 seconds left.
|
|t:|1782431296
|move|p2b: Aerodactyl|Protect|p2b: Aerodactyl
|-singleturn|p2b: Aerodactyl|Protect
|move|p1a: Incineroar|Protect|p1a: Incineroar
|-singleturn|p1a: Incineroar|Protect
|move|p1b: Kingambit|Protect||[still]
|-fail|p1b: Kingambit
|
|upkeep
|turn|13
|inactive|capacete5 has 30 seconds left.
|inactive|capacete5 has 20 seconds left.
|inactive|capacete5 has 15 seconds left.
|inactive|capacete5 has 10 seconds left.
|inactive|capacete5 has 5 seconds left.
|
|t:|1782431351
|switch|p1a: Gengar|Gengar-Mega, L50, M, shiny|23/100
|move|p2b: Aerodactyl|Protect||[still]
|-fail|p2b: Aerodactyl
|move|p1b: Kingambit|Protect||[still]
|-fail|p1b: Kingambit
|
|-sideend|p2: capacete5|move: Tailwind
|upkeep
|turn|14
|inactive|capacete5 has 30 seconds left this turn.
|inactive|capacete5 has 20 seconds left.
|inactive|capacete5 has 15 seconds left.
|inactive|capacete5 has 10 seconds left.
|inactive|capacete5 has 5 seconds left.
|
|t:|1782431380
|move|p2b: Aerodactyl|Protect|p2b: Aerodactyl
|-singleturn|p2b: Aerodactyl|Protect
|move|p1a: Gengar|Disable|p2b: Aerodactyl
|-activate|p2b: Aerodactyl|move: Protect
|move|p1b: Kingambit|Kowtow Cleave|p2b: Aerodactyl
|-activate|p2b: Aerodactyl|move: Protect
|
|upkeep
|turn|15
|inactive|capacete5 has 5 seconds left this turn.
|-message|capacete5 lost due to inactivity.
|
|win|VerVe1997
|raw|VerVe1997's rating: 1173 → 1195(+22 for winning)
|raw|capacete5's rating: 1137 → 1115(-22 for losing)
|c|☆VerVe1997|feliz?
|l| capacete5
