|j|☆vglabmty
|j|☆escapadian
|html|vglabmtyescapadian    
|uhtml|bestof|Game 2 of a best-of-3
|t:|1784658508
|gametype|doubles
|player|p1|vglabmty|scientist|1138
|player|p2|escapadian|169|1250
|gen|9
|tier|[Gen 9 Champions] VGC 2026 Reg M-B (Bo3)
|rated|
|rule|Species Clause: Limit one of each Pokémon
|rule|Item Clause: Limit 1 of each item
|clearpoke
|poke|p1|Tyranitar, L50, F|
|poke|p1|Sinistcha-Masterpiece, L50|
|poke|p1|Farigiraf, L50, F|
|poke|p1|Sneasler, L50, F|
|poke|p1|Houndstone, L50, F|
|poke|p1|Gliscor, L50, M|
|poke|p2|Incineroar, L50, M, shiny|
|poke|p2|Sinistcha, L50, shiny|
|poke|p2|Floette-Eternal, L50, F|
|poke|p2|Delphox, L50, F, shiny|
|poke|p2|Sneasler, L50, M, shiny|
|poke|p2|Kingambit, L50, M, shiny|
|teampreview|4
|showteam|p1|Tyranitar||Tyranitarite|SandStream|Protect,DragonDance,Crunch,RockSlide|Adamant||F|||50|]Sinistcha-Masterpiece||OccaBerry|Hospitality|MatchaGotcha,RagePowder,LifeDew,Protect|Bold|||||50|]Farigiraf||SitrusBerry|ArmorTail|HelpingHand,TrickRoom,TwinBeam,Thunderbolt|Relaxed||F|||50|]Sneasler||WhiteHerb|Unburden|FakeOut,DireClaw,CloseCombat,ThroatChop|Adamant||F|||50|]Houndstone||ColburBerry|SandRush|Protect,LastRespects,ShadowSneak,BodyPress|Adamant||F|||50|]Gliscor||Leftovers|HyperCutter|Protect,HighHorsepower,IceFang,DualWingbeat|Jolly||M|||50|
|showteam|p2|Incineroar||SitrusBerry|Intimidate|FlareBlitz,DarkestLariat,PartingShot,FakeOut|Careful||M|||50|]Sinistcha||OccaBerry|Hospitality|MatchaGotcha,RagePowder,TrickRoom,Protect|Bold|||||50|]Floette-Eternal||Floettite|FlowerVeil|DazzlingGleam,DrainingKiss,CalmMind,Protect|Bold||F|||50|]Delphox||Delphoxite|Blaze|HeatWave,Psyshock,NastyPlot,Protect|Modest||F|||50|]Sneasler||FocusSash|PoisonTouch|CloseCombat,PoisonJab,Coaching,FakeOut|Jolly||M|||50|]Kingambit||BlackGlasses|Defiant|KowtowCleave,SuckerPunch,SwordsDance,Protect|Adamant||M|||50|
|inactive|Battle timer is ON: inactive players will automatically lose when time's up. (requested by escapadian)
|inactive|vglabmty also wants the timer to be on.
|inactive|escapadian has 60 seconds left.
|
|t:|1784658556
|teamsize|p1|4
|teamsize|p2|4
|start
|switch|p1a: Farigiraf|Farigiraf, L50, F|100/100
|switch|p1b: Sneasler|Sneasler, L50, F|100/100
|switch|p2a: Sinistcha|Sinistcha, L50, shiny|100/100
|switch|p2b: Delphox|Delphox, L50, F, shiny|100/100
|turn|1
|
|t:|1784658581
|switch|p1b: Tyranitar|Tyranitar, L50, F|100/100
|-weather|Sandstorm|[from] ability: Sand Stream|[of] p1b: Tyranitar
|detailschange|p2b: Delphox|Delphox-Mega, L50, F, shiny
|-mega|p2b: Delphox|Delphox|Delphoxite
|move|p2b: Delphox|Psyshock|p1b: Tyranitar
|-immune|p1b: Tyranitar
|move|p2a: Sinistcha|Matcha Gotcha|p1b: Tyranitar|[spread] p1a,p1b
|-supereffective|p1b: Tyranitar|1
|-damage|p1a: Farigiraf|78/100
|-damage|p1b: Tyranitar|64/100
|move|p1a: Farigiraf|Twin Beam|p2a: Sinistcha
|-damage|p2a: Sinistcha|84/100
|-damage|p2a: Sinistcha|69/100
|-hitcount|p2a: Sinistcha|2
|
|-weather|Sandstorm|[upkeep]
|-damage|p2b: Delphox|93/100|[from] Sandstorm
|-damage|p2a: Sinistcha|62/100|[from] Sandstorm
|-damage|p1a: Farigiraf|71/100|[from] Sandstorm
|upkeep
|turn|2
|inactive|vglabmty has 30 seconds left.
|inactive|escapadian has 30 seconds left.
|
|t:|1784658615
|switch|p2b: Kingambit|Kingambit, L50, M, shiny|100/100
|move|p1a: Farigiraf|Helping Hand|p1b: Tyranitar
|-singleturn|p1b: Tyranitar|Helping Hand|[of] p1a: Farigiraf
|move|p1b: Tyranitar|Rock Slide|p2a: Sinistcha|[spread] p2a,p2b
|-resisted|p2b: Kingambit|1
|-damage|p2a: Sinistcha|25/100
|-damage|p2b: Kingambit|82/100
|move|p2a: Sinistcha|Matcha Gotcha|p1a: Farigiraf|[spread] p1a,p1b
|-supereffective|p1b: Tyranitar|1
|-damage|p1a: Farigiraf|48/100
|-heal|p2a: Sinistcha|40/100|[from] drain|[of] p1a: Farigiraf
|-damage|p1b: Tyranitar|33/100
|-heal|p2a: Sinistcha|56/100|[from] drain|[of] p1b: Tyranitar
|-status|p1b: Tyranitar|brn
|-enditem|p1a: Farigiraf|Sitrus Berry|[eat]
|-heal|p1a: Farigiraf|73/100|[from] item: Sitrus Berry
|
|-weather|Sandstorm|[upkeep]
|-damage|p2a: Sinistcha|50/100y|[from] Sandstorm
|-damage|p1a: Farigiraf|67/100|[from] Sandstorm
|-damage|p1b: Tyranitar|27/100 brn|[from] brn
|upkeep
|turn|3
|inactive|escapadian has 30 seconds left.
|
|t:|1784658643
|move|p1a: Farigiraf|Helping Hand|p1b: Tyranitar
|-singleturn|p1b: Tyranitar|Helping Hand|[of] p1a: Farigiraf
|move|p1b: Tyranitar|Crunch|p2a: Sinistcha
|-supereffective|p2a: Sinistcha|1
|-damage|p2a: Sinistcha|0 fnt
|faint|p2a: Sinistcha
|move|p2b: Kingambit|Swords Dance|p2b: Kingambit
|-boost|p2b: Kingambit|atk|2
|
|-weather|Sandstorm|[upkeep]
|-damage|p1a: Farigiraf|61/100|[from] Sandstorm
|-damage|p1b: Tyranitar|20/100y brn|[from] brn
|upkeep
|
|t:|1784658662
|switch|p2a: Delphox|Delphox-Mega, L50, F, shiny|93/100
|turn|4
|
|t:|1784658670
|switch|p1a: Houndstone|Houndstone, L50, F|100/100
|detailschange|p1b: Tyranitar|Tyranitar-Mega, L50, F
|-mega|p1b: Tyranitar|Tyranitar|Tyranitarite
|move|p2a: Delphox|Heat Wave|p1a: Houndstone|[spread] p1a,p1b
|-resisted|p1b: Tyranitar|1
|-damage|p1a: Houndstone|46/100
|-damage|p1b: Tyranitar|7/100 brn
|move|p1b: Tyranitar|Rock Slide|p2b: Kingambit|[spread] p2a,p2b
|-supereffective|p2a: Delphox|1
|-resisted|p2b: Kingambit|1
|-damage|p2a: Delphox|51/100
|-damage|p2b: Kingambit|75/100
|cant|p2b: Kingambit|flinch
|
|-weather|Sandstorm|[upkeep]
|-damage|p2a: Delphox|45/100|[from] Sandstorm
|-damage|p1b: Tyranitar|1/100 brn|[from] brn
|upkeep
|turn|5
|inactive|escapadian has 30 seconds left.
|
|t:|1784658697
|switch|p1b: Farigiraf|Farigiraf, L50, F|61/100
|move|p2a: Delphox|Protect|p2a: Delphox
|-singleturn|p2a: Delphox|Protect
|move|p1a: Houndstone|Body Press|p2b: Kingambit
|-supereffective|p2b: Kingambit|2
|-damage|p2b: Kingambit|17/100
|move|p2b: Kingambit|Kowtow Cleave|p1a: Houndstone
|-supereffective|p1a: Houndstone|1
|-enditem|p1a: Houndstone|Colbur Berry|[eat]
|-enditem|p1a: Houndstone|Colbur Berry|[weaken]
|-damage|p1a: Houndstone|0 fnt
|faint|p1a: Houndstone
|
|-weather|none
|upkeep
|
|t:|1784658716
|switch|p1a: Tyranitar|Tyranitar-Mega, L50, F|1/100 brn
|-weather|Sandstorm|[from] ability: Sand Stream|[of] p1a: Tyranitar
|turn|6
|
|t:|1784658737
|move|p1b: Farigiraf|Helping Hand|p1a: Tyranitar
|-singleturn|p1a: Tyranitar|Helping Hand|[of] p1b: Farigiraf
|move|p2b: Kingambit|Protect|p2b: Kingambit
|-singleturn|p2b: Kingambit|Protect
|move|p2a: Delphox|Heat Wave|p1a: Tyranitar|[spread] p1a,p1b
|-resisted|p1a: Tyranitar|1
|-damage|p1a: Tyranitar|0 fnt
|-damage|p1b: Farigiraf|20/100y
|faint|p1a: Tyranitar
|
|-weather|Sandstorm|[upkeep]
|-damage|p2a: Delphox|39/100|[from] Sandstorm
|-damage|p1b: Farigiraf|14/100|[from] Sandstorm
|upkeep
|
|t:|1784658743
|switch|p1a: Sneasler|Sneasler, L50, F|100/100
|turn|7
|
|t:|1784658759
|move|p1a: Sneasler|Fake Out|p2b: Kingambit
|-resisted|p2b: Kingambit|1
|-damage|p2b: Kingambit|11/100
|move|p2a: Delphox|Psyshock|p1a: Sneasler
|-supereffective|p1a: Sneasler|2
|-damage|p1a: Sneasler|0 fnt
|faint|p1a: Sneasler
|cant|p2b: Kingambit|flinch
|move|p1b: Farigiraf|Trick Room|p1b: Farigiraf
|-fieldstart|move: Trick Room|[of] p1b: Farigiraf
|
|-weather|Sandstorm|[upkeep]
|-damage|p1b: Farigiraf|8/100|[from] Sandstorm
|-damage|p2a: Delphox|33/100|[from] Sandstorm
|upkeep
|turn|8
|
|t:|1784658771
|move|p1b: Farigiraf|Thunderbolt|p2a: Delphox
|-damage|p2a: Delphox|13/100
|move|p2b: Kingambit|Kowtow Cleave|p1b: Farigiraf
|-supereffective|p1b: Farigiraf|1
|-damage|p1b: Farigiraf|0 fnt
|faint|p1b: Farigiraf
|
|win|escapadian
||escapadian is ready for game 3.
||vglabmty is ready for game 3.
|uhtml|next|Next: Game 3 of 3
|l|☆vglabmty
|player|p1|
