|j|☆higigig
|j|☆Mcn35
|html|higigigMcn35    
|uhtml|bestof|Game 1 of a best-of-3
|t:|1756706415
|gametype|doubles
|player|p1|higigig|sisandbro|1147
|player|p2|Mcn35|hilda|1076
|gen|9
|tier|[Gen 9] VGC 2025 Reg H (Bo3)
|rated|
|rule|Species Clause: Limit one of each Pokémon
|rule|Item Clause: Limit 1 of each item
|clearpoke
|poke|p1|Sneasler, L50, M|
|poke|p1|Gholdengo, L50|
|poke|p1|Amoonguss, L50, M|
|poke|p1|Incineroar, L50, F|
|poke|p1|Ursaluna-Bloodmoon, L50, M|
|poke|p1|Altaria, L50, M|
|poke|p2|Sneasler, L50, F|
|poke|p2|Corviknight, L50, M|
|poke|p2|Sylveon, L50, F|
|poke|p2|Goodra, L50, M|
|poke|p2|Electabuzz, L50, M|
|poke|p2|Ninetales, L50, F|
|teampreview|4
|showteam|p1|Sneasler||ClearAmulet|PoisonTouch|FakeOut,CloseCombat,DireClaw,Protect|||M|||50|,,,,,Water]Gholdengo||MetalCoat|GoodasGold|NastyPlot,MakeItRain,ShadowBall,Protect||||||50|,,,,,Water]Amoonguss||MentalHerb|Regenerator|Spore,RagePowder,PollenPuff,Protect|||M|||50|,,,,,Water]Incineroar||SafetyGoggles|Intimidate|FakeOut,FlareBlitz,KnockOff,PartingShot|||F|||50|,,,,,Ghost]Ursaluna-Bloodmoon||LifeOrb|MindsEye|HyperVoice,EarthPower,BloodMoon,Protect|||M|||50|,,,,,Poison]Altaria||CovertCloak|CloudNine|BreakingSwipe,Haze,Tailwind,Protect|||M|||50|,,,,,Fairy
|showteam|p2|Sneasler||FocusSash|PoisonTouch|CloseCombat,DireClaw,Protect,ThroatChop|||F|||50|,,,,,Dark]Corviknight||RockyHelmet|MirrorArmor|Roost,BraveBird,BodyPress,Tailwind|||M|||50|,,,,,Dragon]Sylveon||Leftovers|Pixilate|TeraBlast,HyperVoice,Protect,Wish|||F|||50|,,,,,Fire]Goodra||AssaultVest|SapSipper|DragonPulse,Thunderbolt,SludgeWave,Flamethrower|||M|||50|,,,,,Ghost]Electabuzz||Eviolite|VitalSpirit|FollowMe,KnockOff,ThunderPunch,ThunderWave|||M|||50|,,,,,Water]Ninetales||SitrusBerry|Drought|EnergyBall,HeatWave,Protect,ScorchingSands|||F|||50|,,,,,Grass
|inactive|Battle timer is ON: inactive players will automatically lose when time's up. (requested by higigig)
|inactive|higigig has 60 seconds left.
|inactive|Mcn35 has 60 seconds left.
|inactive|higigig has 30 seconds left.
|
|t:|1756706480
|teamsize|p1|4
|teamsize|p2|4
|start
|switch|p1a: Altaria|Altaria, L50, M|100/100
|switch|p1b: Gholdengo|Gholdengo, L50|100/100
|switch|p2a: Goodra|Goodra, L50, M|100/100
|switch|p2b: Electabuzz|Electabuzz, L50, M|100/100
|-ability|p1a: Altaria|Cloud Nine
|turn|1
|inactive|higigig has 30 seconds left.
|inactive|higigig has 20 seconds left.
|inactive|higigig has 15 seconds left.
|inactive|higigig has 10 seconds left.
|
|t:|1756706529
|move|p1b: Gholdengo|Nasty Plot|p1b: Gholdengo
|-boost|p1b: Gholdengo|spa|2
|move|p1a: Altaria|Tailwind|p1a: Altaria
|-sidestart|p1: higigig|move: Tailwind
|move|p2b: Electabuzz|Thunder Wave|p1a: Altaria|[miss]
|-miss|p2b: Electabuzz|p1a: Altaria
|move|p2a: Goodra|Flamethrower|p1b: Gholdengo
|-supereffective|p1b: Gholdengo
|-damage|p1b: Gholdengo|32/100
|
|upkeep
|turn|2
|inactive|Mcn35 has 30 seconds left.
|inactive|Mcn35 has 20 seconds left.
|
|t:|1756706565
|switch|p1a: Sneasler|Sneasler, L50, M|100/100
|move|p1b: Gholdengo|Protect|p1b: Gholdengo
|-singleturn|p1b: Gholdengo|Protect
|move|p2b: Electabuzz|Thunder Wave|p1a: Sneasler
|-status|p1a: Sneasler|par
|move|p2a: Goodra|Thunderbolt|p1b: Gholdengo
|-activate|p1b: Gholdengo|move: Protect
|
|upkeep
|turn|3
|
|t:|1756706587
|cant|p1a: Sneasler|par
|move|p2b: Electabuzz|Follow Me|p2b: Electabuzz
|-singleturn|p2b: Electabuzz|move: Follow Me
|move|p1b: Gholdengo|Make It Rain|p2a: Goodra|[spread] p2a,p2b
|-resisted|p2b: Electabuzz
|-damage|p2a: Goodra|50/100
|-damage|p2b: Electabuzz|53/100
|-unboost|p1b: Gholdengo|spa|1
|move|p2a: Goodra|Flamethrower|p1b: Gholdengo
|-supereffective|p1b: Gholdengo
|-damage|p1b: Gholdengo|0 fnt
|faint|p1b: Gholdengo
|
|upkeep
|
|t:|1756706598
|switch|p1b: Ursaluna|Ursaluna-Bloodmoon, L50, M|100/100
|turn|4
|
|t:|1756706611
|switch|p2a: Corviknight|Corviknight, L50, M|100/100
|move|p1b: Ursaluna|Earth Power|p2b: Electabuzz
|-supereffective|p2b: Electabuzz
|-damage|p2b: Electabuzz|0 fnt
|faint|p2b: Electabuzz
|-damage|p1b: Ursaluna|91/100|[from] item: Life Orb
|move|p1a: Sneasler|Close Combat|p2a: Corviknight
|-damage|p2a: Corviknight|60/100
|-unboost|p1a: Sneasler|def|1
|-unboost|p1a: Sneasler|spd|1
|-damage|p1a: Sneasler|84/100 par|[from] item: Rocky Helmet|[of] p2a: Corviknight
|
|-sideend|p1: higigig|move: Tailwind
|upkeep
|
|t:|1756706628
|switch|p2b: Sneasler|Sneasler, L50, F|100/100
|turn|5
|
|t:|1756706646
|switch|p1a: Altaria|Altaria, L50, M|100/100
|-ability|p1a: Altaria|Cloud Nine
|-terastallize|p1b: Ursaluna|Poison
|move|p2b: Sneasler|Protect|p2b: Sneasler
|-singleturn|p2b: Sneasler|Protect
|move|p1b: Ursaluna|Earth Power|p2b: Sneasler
|-activate|p2b: Sneasler|move: Protect
|move|p2a: Corviknight|Roost|p2a: Corviknight
|-heal|p2a: Corviknight|100/100
|-singleturn|p2a: Corviknight|move: Roost
|
|upkeep
|turn|6
|inactive|Mcn35 has 30 seconds left.
|inactive|higigig has 30 seconds left.
|
|t:|1756706690
|move|p2b: Sneasler|Dire Claw|p1a: Altaria
|-damage|p1a: Altaria|57/100
|move|p1a: Altaria|Tailwind|p1a: Altaria
|-sidestart|p1: higigig|move: Tailwind
|move|p1b: Ursaluna|Earth Power|p2b: Sneasler
|-supereffective|p2b: Sneasler
|-enditem|p2b: Sneasler|Focus Sash
|-damage|p2b: Sneasler|1/100
|-damage|p1b: Ursaluna|81/100|[from] item: Life Orb
|move|p2a: Corviknight|Tailwind|p2a: Corviknight
|-sidestart|p2: Mcn35|move: Tailwind
|
|upkeep
|turn|7
|
|t:|1756706711
|move|p2b: Sneasler|Protect|p2b: Sneasler
|-singleturn|p2b: Sneasler|Protect
|move|p1a: Altaria|Protect|p1a: Altaria
|-singleturn|p1a: Altaria|Protect
|move|p1b: Ursaluna|Hyper Voice|p2a: Corviknight|[spread] p2a
|-activate|p2b: Sneasler|move: Protect
|-resisted|p2a: Corviknight
|-damage|p2a: Corviknight|79/100
|-damage|p1b: Ursaluna|72/100|[from] item: Life Orb
|move|p2a: Corviknight|Brave Bird|p1a: Altaria
|-activate|p1a: Altaria|move: Protect
|
|upkeep
|turn|8
|inactive|higigig has 30 seconds left.
|inactive|higigig has 20 seconds left.
|inactive|higigig has 15 seconds left.
|
|t:|1756706752
|move|p1b: Ursaluna|Protect|p1b: Ursaluna
|-singleturn|p1b: Ursaluna|Protect
|move|p2b: Sneasler|Dire Claw|p1a: Altaria
|-damage|p1a: Altaria|15/100
|move|p1a: Altaria|Breaking Swipe|p2b: Sneasler|[spread] p2a,p2b
|-resisted|p2a: Corviknight
|-damage|p2a: Corviknight|76/100
|-damage|p2b: Sneasler|0 fnt
|-ability|p2a: Corviknight|Mirror Armor
|-unboost|p1a: Altaria|atk|1
|-damage|p1a: Altaria|0 fnt|[from] item: Rocky Helmet|[of] p2a: Corviknight
|faint|p2b: Sneasler
|faint|p1a: Altaria
|move|p2a: Corviknight|Brave Bird|p1b: Ursaluna
|-activate|p1b: Ursaluna|move: Protect
|
|upkeep
|
|t:|1756706770
|switch|p2b: Goodra|Goodra, L50, M|50/100
|switch|p1a: Sneasler|Sneasler, L50, M|84/100 par
|turn|9
|
|t:|1756706784
|move|p2b: Goodra|Dragon Pulse|p1b: Ursaluna
|-damage|p1b: Ursaluna|25/100
|move|p2a: Corviknight|Brave Bird|p1a: Sneasler
|-supereffective|p1a: Sneasler
|-damage|p1a: Sneasler|0 fnt
|faint|p1a: Sneasler
|-damage|p2a: Corviknight|55/100|[from] Recoil
|move|p1b: Ursaluna|Blood Moon|p2a: Corviknight
|-resisted|p2a: Corviknight
|-damage|p2a: Corviknight|6/100
|-damage|p1b: Ursaluna|16/100|[from] item: Life Orb
|
|-sideend|p1: higigig|move: Tailwind
|-sideend|p2: Mcn35|move: Tailwind
|upkeep
|turn|10
|-message|higigig forfeited.
|
|win|Mcn35
