|j|☆vilan333
|j|☆daaronftw
|html|vilan333daaronftw    
|uhtml|bestof|Game 3 of a best-of-3
|t:|1783362804
|gametype|doubles
|player|p1|vilan333|marshal|1247
|player|p2|daaronftw|170|1351
|gen|9
|tier|[Gen 9 Champions] VGC 2026 Reg M-B (Bo3)
|rated|
|rule|Species Clause: Limit one of each Pokémon
|rule|Item Clause: Limit 1 of each item
|clearpoke
|poke|p1|Charizard, L50, F|
|poke|p1|Mawile, L50, M|
|poke|p1|Basculegion, L50, M|
|poke|p1|Garchomp, L50, F|
|poke|p1|Whimsicott, L50, M|
|poke|p1|Farigiraf, L50, F|
|poke|p2|Floette-Eternal, L50, F|
|poke|p2|Charizard, L50, M, shiny|
|poke|p2|Whimsicott, L50, M, shiny|
|poke|p2|Garchomp, L50, F|
|poke|p2|Kingambit, L50, F|
|poke|p2|Basculegion, L50, M|
|teampreview|4
|showteam|p1|Charizard||CharizarditeY|Blaze|WeatherBall,HeatWave,SolarBeam,Protect|Timid||F|||50|]Mawile||Mawilite|HyperCutter|PlayRough,SuckerPunch,RockSlide,Protect|Adamant||M|||50|]Basculegion||MysticWater|Adaptability|WaveCrash,LastRespects,AquaJet,Protect|Adamant||M|||50|]Garchomp||LifeOrb|RoughSkin|Earthquake,DragonClaw,RockSlide,Protect|Jolly||F|||50|]Whimsicott||FocusSash|Prankster|Moonblast,Encore,Tailwind,Protect|Timid||M|||50|]Farigiraf||SitrusBerry|ArmorTail|TwinBeam,Thunderbolt,TrickRoom,HelpingHand|Bold||F|||50|
|showteam|p2|Floette-Eternal||Floettite|FlowerVeil|DrainingKiss,LightofRuin,DazzlingGleam,Protect|Modest||F|||50|]Charizard||CharizarditeY|Blaze|Protect,SolarBeam,HeatWave,WeatherBall|Modest||M|||50|]Whimsicott||FocusSash|Prankster|Moonblast,Protect,Tailwind,Encore|Timid||M|||50|]Garchomp||LifeOrb|RoughSkin|Earthquake,Protect,RockSlide,DragonClaw|Jolly||F|||50|]Kingambit||BlackGlasses|Defiant|SwordsDance,SuckerPunch,KowtowCleave,Protect|Brave||F|||50|]Basculegion||ChoiceScarf|Adaptability|AquaJet,LastRespects,WaveCrash,FlipTurn|Jolly||M|||50|
|inactive|Battle timer is ON: inactive players will automatically lose when time's up. (requested by vilan333)
|
|t:|1783362841
|teamsize|p1|4
|teamsize|p2|4
|start
|switch|p1a: Garchomp|Garchomp, L50, F|100/100
|switch|p1b: Whimsicott|Whimsicott, L50, M|100/100
|switch|p2a: Floette|Floette-Eternal, L50, F|100/100
|switch|p2b: Whimsicott|Whimsicott, L50, M, shiny|100/100
|turn|1
|
|t:|1783362860
|detailschange|p2a: Floette|Floette-Mega, L50, F
|-mega|p2a: Floette|Floette|Floettite
|-ability|p2a: Floette|Fairy Aura
|move|p1b: Whimsicott|Tailwind|p1b: Whimsicott
|-sidestart|p1: vilan333|move: Tailwind
|move|p2b: Whimsicott|Tailwind|p2b: Whimsicott
|-sidestart|p2: daaronftw|move: Tailwind
|move|p1a: Garchomp|Earthquake|p2a: Floette|[spread] p1b,p2a,p2b
|-resisted|p1b: Whimsicott|1
|-crit|p2a: Floette
|-resisted|p2b: Whimsicott|1
|-damage|p1b: Whimsicott|62/100
|-damage|p2a: Floette|13/100
|-damage|p2b: Whimsicott|65/100
|-damage|p1a: Garchomp|90/100|[from] item: Life Orb
|move|p2a: Floette|Draining Kiss|p1a: Garchomp
|-supereffective|p1a: Garchomp|1
|-crit|p1a: Garchomp
|-damage|p1a: Garchomp|0 fnt
|-heal|p2a: Floette|89/100|[from] drain|[of] p1a: Garchomp
|-damage|p2a: Floette|76/100|[from] ability: Rough Skin|[of] p1a: Garchomp
|faint|p1a: Garchomp
|
|upkeep
|
|t:|1783362881
|switch|p1a: Charizard|Charizard, L50, F|100/100
|turn|2
|
|t:|1783362900
|switch|p2a: Garchomp|Garchomp, L50, F|100/100
|detailschange|p1a: Charizard|Charizard-Mega-Y, L50, F
|-mega|p1a: Charizard|Charizard|Charizardite Y
|-weather|SunnyDay|[from] ability: Drought|[of] p1a: Charizard
|move|p1b: Whimsicott|Encore|p2b: Whimsicott
|-start|p2b: Whimsicott|Encore
|move|p2b: Whimsicott|Tailwind||[still]
|-fail|p2b: Whimsicott
|move|p1a: Charizard|Heat Wave|p2a: Garchomp|[spread] p2a,p2b
|-resisted|p2a: Garchomp|1
|-supereffective|p2b: Whimsicott|1
|-damage|p2a: Garchomp|67/100
|-damage|p2b: Whimsicott|0 fnt
|-status|p2a: Garchomp|brn
|faint|p2b: Whimsicott
|
|-weather|SunnyDay|[upkeep]
|-damage|p2a: Garchomp|61/100 brn|[from] brn
|upkeep
|inactive|daaronftw has 30 seconds left.
|
|t:|1783362927
|switch|p2b: Basculegion|Basculegion, L50, M|100/100
|turn|3
|
|t:|1783362933
|switch|p1a: Farigiraf|Farigiraf, L50, F|100/100
|move|p2b: Basculegion|Last Respects|p1b: Whimsicott
|-damage|p1b: Whimsicott|0 fnt
|faint|p1b: Whimsicott
|move|p2a: Garchomp|Rock Slide|p1a: Farigiraf
|-damage|p1a: Farigiraf|86/100
|-damage|p2a: Garchomp|51/100 brn|[from] item: Life Orb
|
|-weather|SunnyDay|[upkeep]
|-damage|p2a: Garchomp|46/100 brn|[from] brn
|upkeep
|
|t:|1783362946
|switch|p1b: Charizard|Charizard-Mega-Y, L50, F|100/100
|turn|4
|
|t:|1783362960
|switch|p2b: Floette|Floette-Mega, L50, F|76/100
|-ability|p2b: Floette|Fairy Aura
|move|p1b: Charizard|Protect|p1b: Charizard
|-singleturn|p1b: Charizard|Protect
|move|p2a: Garchomp|Rock Slide|p1b: Charizard|[spread] p1a
|-activate|p1b: Charizard|move: Protect
|-damage|p1a: Farigiraf|76/100
|-damage|p2a: Garchomp|36/100 brn|[from] item: Life Orb
|cant|p1a: Farigiraf|flinch
|
|-weather|SunnyDay|[upkeep]
|-damage|p2a: Garchomp|30/100 brn|[from] brn
|-sideend|p2: daaronftw|move: Tailwind
|-sideend|p1: vilan333|move: Tailwind
|upkeep
|turn|5
|
|t:|1783362982
|move|p2a: Garchomp|Rock Slide|p1a: Farigiraf|[spread] p1a
|-miss|p2a: Garchomp|p1b: Charizard
|-damage|p1a: Farigiraf|66/100
|-damage|p2a: Garchomp|21/100 brn|[from] item: Life Orb
|move|p1b: Charizard|Solar Beam||[still]
|-prepare|p1b: Charizard|Solar Beam
|-anim|p1b: Charizard|Solar Beam|p2a: Garchomp
|-damage|p2a: Garchomp|0 fnt
|faint|p2a: Garchomp
|move|p2b: Floette|Light of Ruin|p1b: Charizard
|-resisted|p1b: Charizard|1
|-damage|p1b: Charizard|43/100
|-damage|p2b: Floette|47/100|[from] Recoil
|cant|p1a: Farigiraf|flinch
|
|-weather|SunnyDay|[upkeep]
|upkeep
|
|t:|1783362998
|switch|p2a: Basculegion|Basculegion, L50, M|100/100
|turn|6
|
|t:|1783363008
|move|p1b: Charizard|Protect|p1b: Charizard
|-singleturn|p1b: Charizard|Protect
|move|p2a: Basculegion|Last Respects|p1b: Charizard
|-activate|p1b: Charizard|move: Protect
|move|p2b: Floette|Light of Ruin|p1a: Farigiraf
|-damage|p1a: Farigiraf|0 fnt
|faint|p1a: Farigiraf
|-damage|p2b: Floette|2/100|[from] Recoil
|
|-weather|none
|upkeep
|turn|7
|-message|vilan333 forfeited.
|
|win|daaronftw
|raw|vilan333's rating: 1247 → 1229(-18 for losing)
|raw|daaronftw's rating: 1351 → 1365(+14 for winning)
|l|☆vilan333
|player|p1|
|j|☆vilan333
|player|p1|vilan333|marshal|
