|j|☆IndianCrackCoffee
|j|☆inexon
|html|IndianCrackCoffeeinexon    
|uhtml|bestof|Game 2 of a best-of-3
|t:|1756496343
|gametype|doubles
|player|p1|IndianCrackCoffee|brendan-masters|1069
|player|p2|inexon|102|1021
|gen|9
|tier|[Gen 9] VGC 2025 Reg H (Bo3)
|rated|
|rule|Species Clause: Limit one of each Pokémon
|rule|Item Clause: Limit 1 of each item
|clearpoke
|poke|p1|Dragonite, L50, F|
|poke|p1|Ursaluna-Bloodmoon, L50, M|
|poke|p1|Archaludon, L50, M|
|poke|p1|Whimsicott, L50, M|
|poke|p1|Gholdengo, L50|
|poke|p1|Incineroar, L50, M|
|poke|p2|Dragonite, L50, M|
|poke|p2|Gholdengo, L50|
|poke|p2|Sneasler, L50, M|
|poke|p2|Indeedee, L50, M|
|poke|p2|Incineroar, L50, F|
|poke|p2|Ursaluna-Bloodmoon, L50, M|
|teampreview|4
|showteam|p1|Dragonite||LoadedDice|Multiscale|ScaleShot,ExtremeSpeed,IceSpinner,Protect|||F|||50|,,,,,Fairy]Ursaluna-Bloodmoon||AssaultVest|MindsEye|BloodMoon,HyperVoice,EarthPower,VacuumWave|||M|||50|,,,,,Water]Archaludon||PowerHerb|Sturdy|ElectroShot,FlashCannon,DracoMeteor,Protect|||M|||50|,,,,,Stellar]Whimsicott||CovertCloak|Prankster|FakeTears,Tailwind,Encore,Moonblast|||M|||50|,,,,,Poison]Gholdengo||ChoiceSpecs|GoodasGold|MakeItRain,ShadowBall,PowerGem,SteelBeam||||||50|,,,,,Steel]Incineroar||MirrorHerb|Intimidate|FakeOut,PartingShot,KnockOff,FlareBlitz|||M|||50|,,,,,Ghost
|showteam|p2|Dragonite||LoadedDice|Multiscale|ScaleShot,ExtremeSpeed,Haze,Protect|||M|||50|,,,,,Flying]Gholdengo||LifeOrb|GoodasGold|MakeItRain,ShadowBall,NastyPlot,Protect||||||50|,,,,,Steel]Sneasler||PsychicSeed|Unburden|DireClaw,ThroatChop,FakeOut,CloseCombat|||M|||50|,,,,,Dark]Indeedee||SitrusBerry|PsychicSurge|ExpandingForce,TrickRoom,ShadowBall,Protect|||M|||50|,,,,,Ghost]Incineroar||SafetyGoggles|Intimidate|FakeOut,PartingShot,KnockOff,FlareBlitz|||F|||50|,,,,,Water]Ursaluna-Bloodmoon||AssaultVest|MindsEye|BloodMoon,HyperVoice,EarthPower,VacuumWave|||M|||50|,,,,,Ghost
|inactive|Battle timer is ON: inactive players will automatically lose when time's up. (requested by inexon)
|inactive|IndianCrackCoffee has 60 seconds left.
|
|t:|1756496398
|teamsize|p1|4
|teamsize|p2|4
|start
|switch|p1a: Incineroar|Incineroar, L50, M|100/100
|switch|p1b: Gholdengo|Gholdengo, L50|100/100
|switch|p2a: Indeedee|Indeedee, L50, M|100/100
|switch|p2b: Sneasler|Sneasler, L50, M|100/100
|-fieldstart|move: Psychic Terrain|[from] ability: Psychic Surge|[of] p2a: Indeedee
|-enditem|p2b: Sneasler|Psychic Seed
|-boost|p2b: Sneasler|spd|1|[from] item: Psychic Seed
|-ability|p1a: Incineroar|Intimidate|boost
|-unboost|p2a: Indeedee|atk|1
|-unboost|p2b: Sneasler|atk|1
|-enditem|p1a: Incineroar|Mirror Herb
|-boost|p1a: Incineroar|spd|1|[from] item: Mirror Herb
|turn|1
|inactive|IndianCrackCoffee has 30 seconds left.
|inactive|IndianCrackCoffee has 20 seconds left.
|inactive|IndianCrackCoffee has 15 seconds left.
|inactive|IndianCrackCoffee has 10 seconds left.
|
|t:|1756496444
|-terastallize|p2a: Indeedee|Ghost
|move|p2b: Sneasler|Throat Chop|p1b: Gholdengo
|-supereffective|p1b: Gholdengo
|-damage|p1b: Gholdengo|49/100
|-start|p1b: Gholdengo|Throat Chop|[silent]
|move|p2a: Indeedee|Shadow Ball|p1b: Gholdengo
|-supereffective|p1b: Gholdengo
|-damage|p1b: Gholdengo|0 fnt
|faint|p1b: Gholdengo
|move|p1a: Incineroar|Knock Off|p2a: Indeedee
|-supereffective|p2a: Indeedee
|-damage|p2a: Indeedee|0 fnt
|-enditem|p2a: Indeedee|Sitrus Berry|[from] move: Knock Off|[of] p1a: Incineroar
|faint|p2a: Indeedee
|
|upkeep
|
|t:|1756496460
|switch|p2a: Dragonite|Dragonite, L50, M|100/100
|switch|p1b: Dragonite|Dragonite, L50, F|100/100
|turn|2
|inactive|IndianCrackCoffee has 30 seconds left.
|
|t:|1756496490
|switch|p1a: Whimsicott|Whimsicott, L50, M|100/100
|-terastallize|p1b: Dragonite|Fairy
|move|p2b: Sneasler|Dire Claw|p1b: Dragonite
|-supereffective|p1b: Dragonite
|-damage|p1b: Dragonite|64/100
|-status|p1b: Dragonite|psn
|move|p2a: Dragonite|Scale Shot|p1b: Dragonite
|-immune|p1b: Dragonite
|move|p1b: Dragonite|Scale Shot|p2b: Sneasler
|-damage|p2b: Sneasler|75/100
|-damage|p2b: Sneasler|47/100
|-crit|p2b: Sneasler
|-damage|p2b: Sneasler|10/100
|-damage|p2b: Sneasler|0 fnt
|faint|p2b: Sneasler
|-hitcount|p2: Sneasler|4
|-unboost|p1b: Dragonite|def|1
|-boost|p1b: Dragonite|spe|1
|
|-damage|p1b: Dragonite|52/100 psn|[from] psn
|upkeep
|
|t:|1756496501
|switch|p2b: Gholdengo|Gholdengo, L50|100/100
|turn|3
|inactive|IndianCrackCoffee has 30 seconds left.
|
|t:|1756496527
|move|p1a: Whimsicott|Tailwind|p1a: Whimsicott
|-sidestart|p1: IndianCrackCoffee|move: Tailwind
|move|p1b: Dragonite|Scale Shot|p2a: Dragonite|[miss]
|-miss|p1b: Dragonite|p2a: Dragonite
|move|p2b: Gholdengo|Make It Rain|p1a: Whimsicott|[spread] p1a,p1b
|-supereffective|p1a: Whimsicott
|-supereffective|p1b: Dragonite
|-damage|p1a: Whimsicott|0 fnt
|-damage|p1b: Dragonite|0 fnt
|-unboost|p2b: Gholdengo|spa|1
|faint|p1a: Whimsicott
|faint|p1b: Dragonite
|-damage|p2b: Gholdengo|91/100|[from] item: Life Orb
|move|p2a: Dragonite|Scale Shot|p1: Whimsicott|[notarget]
|-fail|p2a: Dragonite
|
|upkeep
|
|t:|1756496531
|switch|p1b: Incineroar|Incineroar, L50, M|100/100
|-ability|p1b: Incineroar|Intimidate|boost
|-unboost|p2a: Dragonite|atk|1
|-unboost|p2b: Gholdengo|atk|1
|turn|4
|
|t:|1756496549
|move|p1b: Incineroar|Knock Off|p2a: Dragonite
|-damage|p2a: Dragonite|78/100
|-enditem|p2a: Dragonite|Loaded Dice|[from] move: Knock Off|[of] p1b: Incineroar
|move|p2b: Gholdengo|Make It Rain|p1b: Incineroar
|-resisted|p1b: Incineroar
|-damage|p1b: Incineroar|73/100
|-unboost|p2b: Gholdengo|spa|1
|-damage|p2b: Gholdengo|81/100|[from] item: Life Orb
|move|p2a: Dragonite|Scale Shot|p1b: Incineroar
|-damage|p1b: Incineroar|64/100
|-damage|p1b: Incineroar|56/100
|-damage|p1b: Incineroar|47/100
|-hitcount|p1b: Incineroar|3
|-unboost|p2a: Dragonite|def|1
|-boost|p2a: Dragonite|spe|1
|
|upkeep
|turn|5
|
|t:|1756496570
|move|p2a: Dragonite|Scale Shot|p1b: Incineroar
|-damage|p1b: Incineroar|38/100
|-damage|p1b: Incineroar|30/100
|-damage|p1b: Incineroar|21/100
|-hitcount|p1b: Incineroar|3
|-unboost|p2a: Dragonite|def|1
|-boost|p2a: Dragonite|spe|1
|move|p1b: Incineroar|Flare Blitz|p2b: Gholdengo
|-supereffective|p2b: Gholdengo
|-damage|p2b: Gholdengo|0 fnt
|faint|p2b: Gholdengo
|-damage|p1b: Incineroar|0 fnt|[from] Recoil
|faint|p1b: Incineroar
|
|win|inexon
||IndianCrackCoffee is ready for game 3.
|inactive|inexon has 30 seconds to confirm battle start!
||inexon is ready for game 3.
|uhtml|next|Next: Game 3 of 3
