|j|☆viatles
|j|☆ffrostik
|html|viatlesffrostik    
|uhtml|bestof|Game 2 of a best-of-3
|t:|1783451602
|gametype|doubles
|player|p1|viatles|hiker|1146
|player|p2|ffrostik|101|1072
|gen|9
|tier|[Gen 9 Champions] VGC 2026 Reg M-B (Bo3)
|rated|
|rule|Species Clause: Limit one of each Pokémon
|rule|Item Clause: Limit 1 of each item
|clearpoke
|poke|p1|Beedrill, L50, F, shiny|
|poke|p1|Milotic, L50, F, shiny|
|poke|p1|Farigiraf, L50, M|
|poke|p1|Sinistcha, L50|
|poke|p1|Kingambit, L50, M|
|poke|p1|Ceruledge, L50, F|
|poke|p2|Blastoise, L50, F|
|poke|p2|Pelipper, L50, F|
|poke|p2|Sableye, L50, F|
|poke|p2|Raichu, L50, M|
|poke|p2|Excadrill, L50, M|
|poke|p2|Farigiraf, L50, F|
|teampreview|4
|showteam|p1|Beedrill||Beedrillite|Swarm|Uturn,DrillRun,PoisonJab,Protect|Jolly||F|||50|]Milotic||Leftovers|Competitive|Scald,IcyWind,Protect,LifeDew|Bold||F|||50|]Farigiraf||ColburBerry|ArmorTail|TrickRoom,Thunderbolt,TwinBeam,HelpingHand|Bold||M|||50|]Sinistcha||SitrusBerry|Hospitality|MatchaGotcha,RagePowder,Imprison,TrickRoom|Bold|||||50|]Kingambit||BlackGlasses|Defiant|SuckerPunch,Protect,KowtowCleave,LowKick|Adamant||M|||50|]Ceruledge||WhiteHerb|FlashFire|ShadowSneak,BitterBlade,CloseCombat,Protect|Serious||F|||50|
|showteam|p2|Blastoise||Blastoisinite|Torrent|AuraSphere,DarkPulse,WaterSpout,Protect|Modest||F|||50|]Pelipper||FocusSash|Drizzle|Hurricane,MuddyWater,WideGuard,Tailwind|Timid||F|||50|]Sableye||RoseliBerry|Prankster|RainDance,Taunt,ThunderWave,Quash|Careful||F|||50|]Raichu||SitrusBerry|LightningRod|Thunderbolt,Protect,Nuzzle,FakeOut|Timid||M|||50|]Excadrill||LifeOrb|MoldBreaker|BrickBreak,HighHorsepower,IronHead,Protect|Jolly||M|||50|]Farigiraf||ColburBerry|ArmorTail|GrassKnot,TwinBeam,HelpingHand,TrickRoom|Calm||F|||50|
|inactive|Battle timer is ON: inactive players will automatically lose when time's up. (requested by viatles)
|inactive|ffrostik has 60 seconds left.
|
|t:|1783451709
|teamsize|p1|4
|teamsize|p2|4
|start
|switch|p1a: Malsumas|Beedrill, L50, F, shiny|100/100
|switch|p1b: Farigiraf|Farigiraf, L50, M|100/100
|switch|p2a: Pelipper|Pelipper, L50, F|100/100
|switch|p2b: Sableye|Sableye, L50, F|100/100
|-weather|RainDance|[from] ability: Drizzle|[of] p2a: Pelipper
|turn|1
|inactive|viatles has 30 seconds left.
|inactive|ffrostik has 30 seconds left.
|inactive|viatles has 20 seconds left.
|inactive|viatles has 15 seconds left.
|
|t:|1783451753
|detailschange|p1a: Malsumas|Beedrill-Mega, L50, F, shiny
|-mega|p1a: Malsumas|Beedrill|Beedrillite
|move|p2b: Sableye|Taunt||[still]
|cant|p1b: Farigiraf|ability: Armor Tail|Taunt|[of] p2b: Sableye
|move|p1a: Malsumas|U-turn|p2a: Pelipper
|-resisted|p2a: Pelipper|1
|-damage|p2a: Pelipper|67/100
|
|t:|1783451759
|switch|p1a: Milotic|Milotic, L50, F, shiny|100/100|[from] U-turn
|move|p2a: Pelipper|Hurricane|p1a: Milotic
|-damage|p1a: Milotic|67/100
|move|p1b: Farigiraf|Twin Beam|p2a: Pelipper
|-damage|p2a: Pelipper|42/100
|-damage|p2a: Pelipper|15/100
|-hitcount|p2a: Pelipper|2
|
|-weather|RainDance|[upkeep]
|-heal|p1a: Milotic|73/100|[from] item: Leftovers
|upkeep
|turn|2
|inactive|ffrostik has 30 seconds left.
|
|t:|1783451793
|switch|p2a: Blastoise|Blastoise, L50, F|100/100
|switch|p2b: Farigiraf|Farigiraf, L50, F|100/100
|move|p1b: Farigiraf|Helping Hand|p1a: Milotic
|-singleturn|p1a: Milotic|Helping Hand|[of] p1b: Farigiraf
|move|p1a: Milotic|Scald|p2a: Blastoise
|-resisted|p2a: Blastoise|1
|-damage|p2a: Blastoise|65/100
|
|-weather|RainDance|[upkeep]
|-heal|p1a: Milotic|79/100|[from] item: Leftovers
|upkeep
|turn|3
|inactive|viatles has 30 seconds left.
|inactive|ffrostik has 30 seconds left.
|
|t:|1783451827
|detailschange|p2a: Blastoise|Blastoise-Mega, L50, F
|-mega|p2a: Blastoise|Blastoise|Blastoisinite
|move|p2a: Blastoise|Protect|p2a: Blastoise
|-singleturn|p2a: Blastoise|Protect
|move|p1a: Milotic|Protect|p1a: Milotic
|-singleturn|p1a: Milotic|Protect
|move|p1b: Farigiraf|Twin Beam|p2a: Blastoise
|-activate|p2a: Blastoise|move: Protect
|move|p2b: Farigiraf|Grass Knot|p1a: Milotic
|-activate|p1a: Milotic|move: Protect
|
|-weather|RainDance|[upkeep]
|-heal|p1a: Milotic|85/100|[from] item: Leftovers
|upkeep
|turn|4
|inactive|viatles has 30 seconds left.
|inactive|ffrostik has 30 seconds left.
|
|t:|1783451860
|switch|p2a: Sableye|Sableye, L50, F|100/100
|move|p1a: Milotic|Scald|p2a: Sableye
|-damage|p2a: Sableye|50/100g
|-status|p2a: Sableye|brn
|move|p1b: Farigiraf|Twin Beam|p2a: Sableye
|-immune|p2a: Sableye
|move|p2b: Farigiraf|Trick Room|p2b: Farigiraf
|-fieldstart|move: Trick Room|[of] p2b: Farigiraf
|
|-weather|RainDance|[upkeep]
|-heal|p1a: Milotic|92/100|[from] item: Leftovers
|-damage|p2a: Sableye|44/100 brn|[from] brn
|upkeep
|turn|5
|inactive|viatles has 30 seconds left.
|inactive|ffrostik has 30 seconds left.
|inactive|ffrostik has 20 seconds left.
|inactive|ffrostik has 15 seconds left.
|inactive|ffrostik has 10 seconds left.
|inactive|ffrostik has 5 seconds left.
|
|t:|1783451915
|switch|p2a: Blastoise|Blastoise-Mega, L50, F|65/100
|switch|p1a: Sinistcha|Sinistcha, L50|100/100
|move|p2b: Farigiraf|Twin Beam|p1a: Sinistcha
|-damage|p1a: Sinistcha|80/100
|-damage|p1a: Sinistcha|61/100
|-hitcount|p1a: Sinistcha|2
|move|p1b: Farigiraf|Twin Beam|p2b: Farigiraf
|-resisted|p2b: Farigiraf|1
|-damage|p2b: Farigiraf|93/100
|-resisted|p2b: Farigiraf|1
|-damage|p2b: Farigiraf|87/100
|-hitcount|p2b: Farigiraf|2
|
|-weather|none
|upkeep
|turn|6
|inactive|ffrostik has 30 seconds left.
|inactive|viatles has 30 seconds left.
|inactive|ffrostik has 20 seconds left.
|inactive|ffrostik has 15 seconds left.
|inactive|ffrostik has 10 seconds left.
|inactive|ffrostik has 5 seconds left.
|
|t:|1783451967
|switch|p2b: Pelipper|Pelipper, L50, F|15/100
|-weather|RainDance|[from] ability: Drizzle|[of] p2b: Pelipper
|move|p1b: Farigiraf|Thunderbolt|p2b: Pelipper
|-supereffective|p2b: Pelipper|2
|-damage|p2b: Pelipper|0 fnt
|faint|p2b: Pelipper
|move|p1a: Sinistcha|Matcha Gotcha|p2a: Blastoise
|-supereffective|p2a: Blastoise|1
|-damage|p2a: Blastoise|2/100
|-heal|p1a: Sinistcha|90/100|[from] drain|[of] p2a: Blastoise
|move|p2a: Blastoise|Dark Pulse|p1a: Sinistcha
|-supereffective|p1a: Sinistcha|1
|-damage|p1a: Sinistcha|0 fnt
|faint|p1a: Sinistcha
|
|-weather|RainDance|[upkeep]
|upkeep
|inactive|ffrostik has 30 seconds left.
|
|t:|1783452000
|switch|p1a: Milotic|Milotic, L50, F, shiny|92/100
|switch|p2b: Farigiraf|Farigiraf, L50, F|87/100
|turn|7
|
|t:|1783452020
|switch|p2a: Sableye|Sableye, L50, F|44/100 brn
|move|p1a: Milotic|Protect|p1a: Milotic
|-singleturn|p1a: Milotic|Protect
|move|p1b: Farigiraf|Thunderbolt|p2a: Sableye
|-damage|p2a: Sableye|21/100 brn
|move|p2b: Farigiraf|Grass Knot|p1a: Milotic
|-activate|p1a: Milotic|move: Protect
|
|-weather|RainDance|[upkeep]
|-heal|p1a: Milotic|98/100|[from] item: Leftovers
|-damage|p2a: Sableye|15/100 brn|[from] brn
|upkeep
|turn|8
|inactive|ffrostik has 30 seconds left.
|inactive|ffrostik has 20 seconds left.
|inactive|ffrostik has 15 seconds left.
|
|t:|1783452063
|move|p2a: Sableye|Taunt||[still]
|cant|p1b: Farigiraf|ability: Armor Tail|Taunt|[of] p2a: Sableye
|move|p2b: Farigiraf|Grass Knot|p1a: Milotic
|-supereffective|p1a: Milotic|1
|-crit|p1a: Milotic
|-damage|p1a: Milotic|35/100
|move|p1b: Farigiraf|Thunderbolt|p2b: Farigiraf
|-damage|p2b: Farigiraf|68/100
|move|p1a: Milotic|Life Dew||[still]|[spread] p1a,p1b
|-heal|p1a: Milotic|60/100
|-fail|p1b: Farigiraf|heal
|
|-weather|RainDance|[upkeep]
|-heal|p1a: Milotic|67/100|[from] item: Leftovers
|-damage|p2a: Sableye|10/100 brn|[from] brn
|-fieldend|move: Trick Room
|upkeep
|turn|9
|inactive|ffrostik has 30 seconds left.
|inactive|viatles has 30 seconds left.
|
|t:|1783452096
|move|p1a: Milotic|Protect|p1a: Milotic
|-singleturn|p1a: Milotic|Protect
|move|p2a: Sableye|Taunt||[still]
|cant|p1b: Farigiraf|ability: Armor Tail|Taunt|[of] p2a: Sableye
|move|p1b: Farigiraf|Thunderbolt|p2b: Farigiraf
|-damage|p2b: Farigiraf|49/100
|move|p2b: Farigiraf|Trick Room|p2b: Farigiraf
|-fieldstart|move: Trick Room|[of] p2b: Farigiraf
|
|-weather|RainDance|[upkeep]
|-heal|p1a: Milotic|73/100|[from] item: Leftovers
|-damage|p2a: Sableye|4/100 brn|[from] brn
|upkeep
|turn|10
|inactive|ffrostik has 30 seconds left.
|inactive|ffrostik has 20 seconds left.
|inactive|ffrostik has 15 seconds left.
|inactive|ffrostik has 10 seconds left.
|
|t:|1783452145
|move|p2a: Sableye|Taunt||[still]
|cant|p1b: Farigiraf|ability: Armor Tail|Taunt|[of] p2a: Sableye
|move|p2b: Farigiraf|Grass Knot|p1a: Milotic
|-supereffective|p1a: Milotic|1
|-damage|p1a: Milotic|27/100
|move|p1a: Milotic|Life Dew||[still]|[spread] p1a,p1b
|-heal|p1a: Milotic|52/100
|-fail|p1b: Farigiraf|heal
|move|p1b: Farigiraf|Trick Room|p1b: Farigiraf
|-fieldend|move: Trick Room
|
|-weather|none
|-heal|p1a: Milotic|58/100|[from] item: Leftovers
|-damage|p2a: Sableye|0 fnt|[from] brn
|faint|p2a: Sableye
|upkeep
|inactive|ffrostik has 30 seconds left.
|
|t:|1783452160
|switch|p2a: Blastoise|Blastoise-Mega, L50, F|2/100
|turn|11
|inactive|ffrostik has 30 seconds left this turn.
|inactive|ffrostik has 20 seconds left.
|inactive|ffrostik has 15 seconds left.
|inactive|ffrostik has 10 seconds left.
|
|t:|1783452184
|move|p2a: Blastoise|Dark Pulse|p1a: Milotic
|-damage|p1a: Milotic|25/100
|move|p1a: Milotic|Icy Wind|p2b: Farigiraf|[spread] p2b
|-miss|p1a: Milotic|p2a: Blastoise
|-crit|p2b: Farigiraf
|-damage|p2b: Farigiraf|37/100
|-unboost|p2b: Farigiraf|spe|1
|move|p1b: Farigiraf|Thunderbolt|p2b: Farigiraf
|-damage|p2b: Farigiraf|19/100
|move|p2b: Farigiraf|Grass Knot|p1a: Milotic
|-supereffective|p1a: Milotic|1
|-damage|p1a: Milotic|0 fnt
|faint|p1a: Milotic
|
|upkeep
|
|t:|1783452197
|switch|p1a: Malsumas|Beedrill-Mega, L50, F, shiny|100/100
|turn|12
|inactive|ffrostik has 10 seconds left this turn.
|inactive|ffrostik has 5 seconds left.
|-message|ffrostik lost due to inactivity.
|
|win|viatles
|raw|viatles's rating: 1146 → 1166(+20 for winning)
|raw|ffrostik's rating: 1072 → 1056(-16 for losing)
|l|☆ffrostik
|player|p2|
