|j|â˜†DonGozo
|j|â˜†SamuelJacksonheehe
|html|DonGozoSamuelJacksonheehe    
|uhtml|bestof|Game 3 of a best-of-3
|t:|1754773324
|gametype|doubles
|player|p1|DonGozo|barry|1160
|player|p2|SamuelJacksonheehe|266|1218
|gen|9
|tier|[Gen 9] VGC 2025 Reg H (Bo3)
|rated|
|rule|Species Clause: Limit one of each PokÃ©mon
|rule|Item Clause: Limit 1 of each item
|clearpoke
|poke|p1|Sneasler, L50, F|
|poke|p1|Dragapult, L50, F|
|poke|p1|Dondozo, L50, M|
|poke|p1|Rillaboom, L50, M|
|poke|p1|Volcarona, L50, F|
|poke|p1|Electabuzz, L50, F|
|poke|p2|Pelipper, L50, M|
|poke|p2|Archaludon, L50, M|
|poke|p2|Maushold, L50|
|poke|p2|Annihilape, L50, M|
|poke|p2|Sinistcha, L50|
|poke|p2|Sableye, L50, F|
|teampreview|4
|showteam|p1|Sneasler||FocusSash|PoisonTouch|FakeOut,DireClaw,CloseCombat,Protect|||F|||50|,,,,,Ghost]Dragapult||ChoiceBand|ClearBody|DragonDarts,PhantomForce,Uturn,Outrage|||F|||50|,,,,,Dragon]Dondozo||Leftovers|Unaware|WaveCrash,Yawn,Fissure,Protect|||M|||50|,,,,,Poison]Rillaboom||AssaultVest|GrassySurge|FakeOut,WoodHammer,GrassyGlide,HighHorsepower|||M|||50|,,,,,Fire]Volcarona||CovertCloak|FlameBody|HeatWave,QuiverDance,TeraBlast,Protect|||F|||50|,,,,,Fairy]Electabuzz||Eviolite|VitalSpirit|Thunderbolt,FollowMe,Taunt,Protect|||F|||50|,,,,,Ghost
|showteam|p2|Pelipper||LifeOrb|Drizzle|WeatherBall,Hurricane,Tailwind,Protect|||M|||50|,,,,,Stellar]Archaludon||AssaultVest|Stamina|ElectroShot,DragonPulse,BodyPress,Snarl|||M|||50|,,,,,Grass]Maushold||SafetyGoggles|FriendGuard|FollowMe,BeatUp,Taunt,Protect||||||50|,,,,,Ghost]Annihilape||Leftovers|Defiant|RageFist,DrainPunch,BulkUp,Protect|||M|||50|,,,,,Steel]Sinistcha||SitrusBerry|Hospitality|RagePowder,MatchaGotcha,LifeDew,TrickRoom||||||50|,,,,,Water]Sableye||LightClay|Prankster|FoulPlay,LightScreen,Reflect,RainDance|||F|||50|,,,,,Steel
|inactive|Battle timer is ON: inactive players will automatically lose when time's up. (requested by SamuelJacksonheehe)
|
|t:|1754773394
|teamsize|p1|4
|teamsize|p2|4
|start
|switch|p1a: Volcarona|Volcarona, L50, F|100/100
|switch|p1b: Electabuzz|Electabuzz, L50, F|100/100
|switch|p2a: Archaludon|Archaludon, L50, M|100/100
|switch|p2b: Pelipper|Pelipper, L50, M|100/100
|-weather|RainDance|[from] ability: Drizzle|[of] p2b: Pelipper
|turn|1
|inactive|DonGozo has 30 seconds left.
|inactive|DonGozo has 20 seconds left.
|
|t:|1754773430
|switch|p2b: Sableye|Sableye, L50, F|100/100
|move|p1b: Electabuzz|Follow Me|p1b: Electabuzz
|-singleturn|p1b: Electabuzz|move: Follow Me
|move|p1a: Volcarona|Quiver Dance|p1a: Volcarona
|-boost|p1a: Volcarona|spa|1
|-boost|p1a: Volcarona|spd|1
|-boost|p1a: Volcarona|spe|1
|move|p2a: Archaludon|Electro Shot||[still]
|-prepare|p2a: Archaludon|Electro Shot
|-boost|p2a: Archaludon|spa|1
|-anim|p2a: Archaludon|Electro Shot|p1b: Electabuzz
|-resisted|p1b: Electabuzz
|-damage|p1b: Electabuzz|75/100
|
|-weather|RainDance|[upkeep]
|upkeep
|turn|2
|inactive|DonGozo has 30 seconds left.
|inactive|DonGozo has 20 seconds left.
|inactive|DonGozo has 15 seconds left.
|inactive|DonGozo has 10 seconds left.
|
|t:|1754773478
|move|p1b: Electabuzz|Follow Me|p1b: Electabuzz
|-singleturn|p1b: Electabuzz|move: Follow Me
|move|p2b: Sableye|Light Screen|p2b: Sableye
|-sidestart|p2: SamuelJacksonheehe|move: Light Screen
|move|p1a: Volcarona|Quiver Dance|p1a: Volcarona
|-boost|p1a: Volcarona|spa|1
|-boost|p1a: Volcarona|spd|1
|-boost|p1a: Volcarona|spe|1
|move|p2a: Archaludon|Electro Shot||[still]
|-prepare|p2a: Archaludon|Electro Shot
|-boost|p2a: Archaludon|spa|1
|-anim|p2a: Archaludon|Electro Shot|p1b: Electabuzz
|-resisted|p1b: Electabuzz
|-damage|p1b: Electabuzz|45/100
|
|-weather|RainDance|[upkeep]
|upkeep
|turn|3
|
|t:|1754773500
|switch|p1b: Rillaboom|Rillaboom, L50, M|100/100
|-fieldstart|move: Grassy Terrain|[from] ability: Grassy Surge|[of] p1b: Rillaboom
|move|p2b: Sableye|Reflect|p2b: Sableye
|-sidestart|p2: SamuelJacksonheehe|Reflect
|move|p1a: Volcarona|Quiver Dance|p1a: Volcarona
|-boost|p1a: Volcarona|spa|1
|-boost|p1a: Volcarona|spd|1
|-boost|p1a: Volcarona|spe|1
|move|p2a: Archaludon|Dragon Pulse|p1b: Rillaboom
|-damage|p1b: Rillaboom|33/100
|
|-weather|RainDance|[upkeep]
|-heal|p1b: Rillaboom|39/100|[from] Grassy Terrain
|upkeep
|turn|4
|
|t:|1754773523
|move|p1b: Rillaboom|Fake Out|p2a: Archaludon
|-resisted|p2a: Archaludon
|-damage|p2a: Archaludon|97/100
|-ability|p2a: Archaludon|Stamina|boost
|-boost|p2a: Archaludon|def|1
|move|p1a: Volcarona|Quiver Dance|p1a: Volcarona
|-boost|p1a: Volcarona|spa|1
|-boost|p1a: Volcarona|spd|1
|-boost|p1a: Volcarona|spe|1
|cant|p2a: Archaludon|flinch
|move|p2b: Sableye|Foul Play|p1b: Rillaboom
|-damage|p1b: Rillaboom|0 fnt
|faint|p1b: Rillaboom
|
|-weather|RainDance|[upkeep]
|-heal|p2a: Archaludon|100/100|[from] Grassy Terrain
|upkeep
|inactive|DonGozo has 30 seconds left.
|
|t:|1754773552
|switch|p1b: Electabuzz|Electabuzz, L50, F|45/100
|turn|5
|
|t:|1754773572
|move|p1b: Electabuzz|Protect|p1b: Electabuzz
|-singleturn|p1b: Electabuzz|Protect
|move|p1a: Volcarona|Quiver Dance|p1a: Volcarona
|-boost|p1a: Volcarona|spa|1
|-boost|p1a: Volcarona|spd|1
|-boost|p1a: Volcarona|spe|1
|move|p2a: Archaludon|Electro Shot||[still]
|-prepare|p2a: Archaludon|Electro Shot
|-boost|p2a: Archaludon|spa|1
|-anim|p2a: Archaludon|Electro Shot|p1b: Electabuzz
|-activate|p1b: Electabuzz|move: Protect
|move|p2b: Sableye|Foul Play|p1b: Electabuzz
|-activate|p1b: Electabuzz|move: Protect
|
|-weather|none
|-heal|p1b: Electabuzz|50/100|[from] Grassy Terrain
|upkeep
|turn|6
|inactive|DonGozo has 30 seconds left.
|inactive|DonGozo has 20 seconds left.
|inactive|DonGozo has 15 seconds left.
|inactive|DonGozo has 10 seconds left.
|
|t:|1754773620
|switch|p2b: Pelipper|Pelipper, L50, M|100/100
|-weather|RainDance|[from] ability: Drizzle|[of] p2b: Pelipper
|move|p1b: Electabuzz|Protect|p1b: Electabuzz
|-singleturn|p1b: Electabuzz|Protect
|move|p1a: Volcarona|Quiver Dance|p1a: Volcarona
|-boost|p1a: Volcarona|spa|1
|-boost|p1a: Volcarona|spd|1
|-boost|p1a: Volcarona|spe|1
|move|p2a: Archaludon|Dragon Pulse|p1b: Electabuzz
|-activate|p1b: Electabuzz|move: Protect
|
|-weather|RainDance|[upkeep]
|-heal|p1b: Electabuzz|56/100|[from] Grassy Terrain
|upkeep
|turn|7
|inactive|DonGozo has 30 seconds left.
|inactive|DonGozo has 20 seconds left.
|inactive|DonGozo has 15 seconds left.
|inactive|DonGozo has 10 seconds left.
|inactive|DonGozo has 5 seconds left.
|
|t:|1754773674
|-terastallize|p1a: Volcarona|Fairy
|move|p1a: Volcarona|Tera Blast|p2a: Archaludon|[anim] Tera Blast Fairy
|-damage|p2a: Archaludon|17/100
|-ability|p2a: Archaludon|Stamina|boost
|-boost|p2a: Archaludon|def|1
|move|p1b: Electabuzz|Thunderbolt|p2b: Pelipper
|-supereffective|p2b: Pelipper
|-damage|p2b: Pelipper|0 fnt
|faint|p2b: Pelipper
|move|p2a: Archaludon|Dragon Pulse|p1a: Volcarona
|-immune|p1a: Volcarona
|
|-weather|RainDance|[upkeep]
|-heal|p1b: Electabuzz|62/100|[from] Grassy Terrain
|-heal|p2a: Archaludon|23/100|[from] Grassy Terrain
|-fieldend|move: Grassy Terrain
|upkeep
|-message|SamuelJacksonheehe forfeited.
|raw|DonGozo's rating: 1160 → 1189(+29 for winning)
|raw|SamuelJacksonheehe's rating: 1218 → 1189(-29 for losing)
|
|win|DonGozo
|l|â˜†SamuelJacksonheehe
|player|p2|
|c|â˜†DonGozo|ggwp
