|j|☆SmogonSupervillain
|j|☆Greeness
|html|SmogonSupervillainGreeness    
|uhtml|bestof|Game 2 of a best-of-3
|t:|1756159563
|gametype|doubles
|player|p1|SmogonSupervillain|169|1056
|player|p2|Greeness|102|1042
|gen|9
|tier|[Gen 9] VGC 2025 Reg H (Bo3)
|rated|
|rule|Species Clause: Limit one of each Pokémon
|rule|Item Clause: Limit 1 of each item
|clearpoke
|poke|p1|Gholdengo, L50|
|poke|p1|Sneasler, L50, M|
|poke|p1|Incineroar, L50, F|
|poke|p1|Amoonguss, L50, M|
|poke|p1|Dragonite, L50, F|
|poke|p1|Ursaluna-Bloodmoon, L50, M|
|poke|p2|Incineroar, L50, F|
|poke|p2|Amoonguss, L50, M|
|poke|p2|Ursaluna, L50, M|
|poke|p2|Gholdengo, L50|
|poke|p2|Flamigo, L50, M|
|poke|p2|Farigiraf, L50, F|
|teampreview|4
|showteam|p1|Gholdengo||LifeOrb|GoodasGold|MakeItRain,ShadowBall,NastyPlot,Protect||||||50|,,,,,Water]Sneasler||FocusSash|PoisonTouch|FakeOut,CloseCombat,DireClaw,Protect|||M|||50|,,,,,Stellar]Incineroar||SafetyGoggles|Intimidate|FakeOut,FlareBlitz,KnockOff,PartingShot|||F|||50|,,,,,Ghost]Amoonguss||SitrusBerry|Regenerator|Spore,RagePowder,PollenPuff,Protect|||M|||50|,,,,,Water]Dragonite||LoadedDice|Multiscale|ScaleShot,Haze,Tailwind,ExtremeSpeed|||F|||50|,,,,,Fairy]Ursaluna-Bloodmoon||AssaultVest|MindsEye|HyperVoice,BloodMoon,EarthPower,VacuumWave|||M|||50|,,,,,Normal
|showteam|p2|Incineroar||SitrusBerry|Intimidate|KnockOff,FlareBlitz,PartingShot,FakeOut|||F|||50|,,,,,Grass]Amoonguss||MentalHerb|Regenerator|Spore,RagePowder,PollenPuff,SludgeBomb|||M|||50|,,,,,Water]Ursaluna||FlameOrb|Guts|Facade,HeadlongRush,Earthquake,Protect|||M|||50|,,,,,Normal]Gholdengo||LifeOrb|GoodasGold|MakeItRain,ShadowBall,NastyPlot,Protect||||||50|,,,,,Dragon]Flamigo||FocusSash|Scrappy|CloseCombat,BraveBird,WideGuard,Protect|||M|||50|,,,,,Ghost]Farigiraf||ThroatSpray|ArmorTail|TrickRoom,HyperVoice,Psychic,Protect|||F|||50|,,,,,Grass
|inactive|Battle timer is ON: inactive players will automatically lose when time's up. (requested by Greeness)
|
|t:|1756159606
|teamsize|p1|4
|teamsize|p2|4
|start
|switch|p1a: Amoonguss|Amoonguss, L50, M|100/100
|switch|p1b: Dragonite|Dragonite, L50, F|100/100
|switch|p2a: Incineroar|Incineroar, L50, F, shiny|100/100
|switch|p2b: Gholdengo|Gholdengo, L50, shiny|100/100
|-ability|p2a: Incineroar|Intimidate|boost
|-unboost|p1a: Amoonguss|atk|1
|-unboost|p1b: Dragonite|atk|1
|turn|1
|inactive|Greeness has 30 seconds left.
|inactive|Greeness has 20 seconds left.
|
|t:|1756159646
|move|p2a: Incineroar|Fake Out|p1b: Dragonite
|-crit|p1b: Dragonite
|-damage|p1b: Dragonite|89/100
|move|p2b: Gholdengo|Nasty Plot|p2b: Gholdengo
|-boost|p2b: Gholdengo|spa|2
|cant|p1b: Dragonite|flinch
|move|p1a: Amoonguss|Spore|p2a: Incineroar
|-status|p2a: Incineroar|slp|[from] move: Spore
|
|upkeep
|turn|2
|
|t:|1756159669
|move|p1a: Amoonguss|Protect|p1a: Amoonguss
|-singleturn|p1a: Amoonguss|Protect
|move|p2b: Gholdengo|Make It Rain|p1a: Amoonguss|[spread] p1b
|-activate|p1a: Amoonguss|move: Protect
|-damage|p1b: Dragonite|0 fnt
|-unboost|p2b: Gholdengo|spa|1
|faint|p1b: Dragonite
|-damage|p2b: Gholdengo|91/100|[from] item: Life Orb
|cant|p2a: Incineroar|slp
|
|upkeep
|
|t:|1756159674
|switch|p1b: Gholdengo|Gholdengo, L50|100/100
|turn|3
|inactive|Greeness has 30 seconds left.
|
|t:|1756159704
|move|p2b: Gholdengo|Protect|p2b: Gholdengo
|-singleturn|p2b: Gholdengo|Protect
|move|p1b: Gholdengo|Shadow Ball|p2b: Gholdengo
|-activate|p2b: Gholdengo|move: Protect
|cant|p2a: Incineroar|slp
|move|p1a: Amoonguss|Pollen Puff|p2a: Incineroar
|-damage|p2a: Incineroar|83/100 slp
|
|upkeep
|turn|4
|inactive|Greeness has 30 seconds left.
|
|t:|1756159733
|-terastallize|p2b: Gholdengo|Dragon
|move|p1a: Amoonguss|Protect|p1a: Amoonguss
|-singleturn|p1a: Amoonguss|Protect
|move|p1b: Gholdengo|Shadow Ball|p2b: Gholdengo
|-crit|p2b: Gholdengo
|-damage|p2b: Gholdengo|0 fnt
|faint|p2b: Gholdengo
|-damage|p1b: Gholdengo|91/100|[from] item: Life Orb
|cant|p2a: Incineroar|slp
|
|upkeep
|
|t:|1756159749
|switch|p2b: Flamigo|Flamigo, L50, M, shiny|100/100
|turn|5
|
|t:|1756159764
|-terastallize|p1b: Gholdengo|Water
|move|p2b: Flamigo|Protect|p2b: Flamigo
|-singleturn|p2b: Flamigo|Protect
|move|p1b: Gholdengo|Nasty Plot|p1b: Gholdengo
|-boost|p1b: Gholdengo|spa|2
|-curestatus|p2a: Incineroar|slp|[msg]
|move|p2a: Incineroar|Flare Blitz|p1a: Amoonguss
|-supereffective|p1a: Amoonguss
|-damage|p1a: Amoonguss|0 fnt
|faint|p1a: Amoonguss
|-damage|p2a: Incineroar|45/100|[from] Recoil
|-enditem|p2a: Incineroar|Sitrus Berry|[eat]
|-heal|p2a: Incineroar|70/100|[from] item: Sitrus Berry
|
|upkeep
|
|t:|1756159773
|switch|p1a: Ursaluna|Ursaluna-Bloodmoon, L50, M|100/100
|turn|6
|
|t:|1756159796
|move|p2b: Flamigo|Close Combat|p1a: Ursaluna
|-supereffective|p1a: Ursaluna
|-damage|p1a: Ursaluna|8/100
|-unboost|p2b: Flamigo|def|1
|-unboost|p2b: Flamigo|spd|1
|move|p1b: Gholdengo|Shadow Ball|p2b: Flamigo
|-enditem|p2b: Flamigo|Focus Sash
|-damage|p2b: Flamigo|1/100
|-damage|p1b: Gholdengo|81/100|[from] item: Life Orb
|move|p2a: Incineroar|Knock Off|p1b: Gholdengo
|-damage|p1b: Gholdengo|23/100
|-enditem|p1b: Gholdengo|Life Orb|[from] move: Knock Off|[of] p2a: Incineroar
|move|p1a: Ursaluna|Hyper Voice|p2a: Incineroar|[spread] p2a,p2b
|-damage|p2a: Incineroar|34/100
|-damage|p2b: Flamigo|0 fnt
|faint|p2b: Flamigo
|
|upkeep
|
|t:|1756159814
|switch|p2b: Farigiraf|Farigiraf, L50, F|100/100
|turn|7
|
|t:|1756159837
|move|p1b: Gholdengo|Make It Rain|p2b: Farigiraf|[spread] p2a,p2b
|-resisted|p2a: Incineroar
|-damage|p2a: Incineroar|0 fnt
|-damage|p2b: Farigiraf|6/100
|-unboost|p1b: Gholdengo|spa|1
|faint|p2a: Incineroar
|move|p2b: Farigiraf|Hyper Voice|p1b: Gholdengo|[spread] p1a,p1b
|-damage|p1a: Ursaluna|0 fnt
|-damage|p1b: Gholdengo|0 fnt
|faint|p1a: Ursaluna
|faint|p1b: Gholdengo
|-enditem|p2b: Farigiraf|Throat Spray
|
|win|Greeness
|raw|SmogonSupervillain's rating: 1056 → 1037(-19 for losing)
|raw|Greeness's rating: 1042 → 1077(+35 for winning)
