|j|☆The Bradicus
|j|☆babysha
|html|The Bradicusbabysha    
|uhtml|bestof|Game 1 of a best-of-3
|t:|1783887668
|gametype|doubles
|player|p1|The Bradicus|richboy-gen6xy|1000
|player|p2|babysha|102|1060
|gen|9
|tier|[Gen 9 Champions] VGC 2026 Reg M-B (Bo3)
|rated|
|rule|Species Clause: Limit one of each Pokémon
|rule|Item Clause: Limit 1 of each item
|clearpoke
|poke|p1|Annihilape, L50, F|
|poke|p1|Malamar, L50, F|
|poke|p1|Blastoise, L50, M|
|poke|p1|Incineroar, L50, F|
|poke|p1|Glimmora, L50, M|
|poke|p1|Whimsicott, L50, M|
|poke|p2|Sneasler, L50, F|
|poke|p2|Floette-Eternal, L50, F|
|poke|p2|Aerodactyl, L50, F|
|poke|p2|Pelipper, L50, F|
|poke|p2|Toxicroak, L50, F|
|poke|p2|Lycanroc-Dusk, L50, M|
|teampreview|4
|showteam|p1|Annihilape||ChoiceScarf|Defiant|CloseCombat,ShadowClaw,IcePunch,Uturn|Adamant||F|||50|]Malamar||Malamarite|Contrary|Superpower,KnockOff,PsychoCut,Protect|Adamant||F|||50|]Blastoise||WideLens|Torrent|MuddyWater,IceBeam,FakeOut,FlipTurn|Calm||M|||50|]Incineroar||SitrusBerry|Intimidate|FlareBlitz,DarkestLariat,FakeOut,PartingShot|Impish||F|||50|]Glimmora||Glimmoranite|ToxicDebris|SludgeBomb,PowerGem,DazzlingGleam,SpikyShield|Timid||M|||50|]Whimsicott||FocusSash|Prankster|Moonblast,FakeTears,Tailwind,Protect|Timid||M|||50|
|showteam|p2|Sneasler||ShucaBerry|PoisonTouch|FakeOut,DireClaw,CloseCombat,Protect|Jolly||F|||50|]Floette-Eternal||Floettite|FlowerVeil|CalmMind,LightofRuin,Moonblast,Protect|Timid||F|||50|]Aerodactyl||Aerodactylite|Unnerve|Tailwind,DualWingbeat,RockSlide,WideGuard|Jolly||F|||50|]Pelipper||SharpBeak|Drizzle|Tailwind,Hurricane,WeatherBall,WideGuard|Modest||F|||50|]Toxicroak||LifeOrb|PoisonTouch|PoisonJab,CloseCombat,SuckerPunch,Protect|Jolly||F|||50|]Lycanroc-Dusk||FocusSash|ToughClaws|Accelerock,CloseCombat,RockSlide,Protect|Jolly||M|||50|
|inactive|Battle timer is ON: inactive players will automatically lose when time's up. (requested by The Bradicus)
|inactive|babysha also wants the timer to be on.
|inactive|The Bradicus has 60 seconds left.
|inactive|babysha has 60 seconds left.
|inactive|The Bradicus has 30 seconds left.
|inactive|The Bradicus has 20 seconds left.
|
|t:|1783887739
|teamsize|p1|4
|teamsize|p2|4
|start
|switch|p1a: Blastoise|Blastoise, L50, M|100/100
|switch|p1b: Annihilape|Annihilape, L50, F|100/100
|switch|p2a: Lycanroc|Lycanroc-Dusk, L50, M|100/100
|switch|p2b: Toxicroak|Toxicroak, L50, F|100/100
|turn|1
|inactive|The Bradicus has 30 seconds left.
|
|t:|1783887766
|move|p2a: Lycanroc|Protect|p2a: Lycanroc
|-singleturn|p2a: Lycanroc|Protect
|move|p2b: Toxicroak|Protect|p2b: Toxicroak
|-singleturn|p2b: Toxicroak|Protect
|move|p1a: Blastoise|Fake Out|p2b: Toxicroak
|-activate|p2b: Toxicroak|move: Protect
|move|p1b: Annihilape|U-turn|p2a: Lycanroc
|-activate|p2a: Lycanroc|move: Protect
|
|upkeep
|turn|2
|j| creed revival tour
|l| creed revival tour
|inactive|babysha has 30 seconds left.
|
|t:|1783887795
|move|p1b: Annihilape|U-turn|p2a: Lycanroc
|-damage|p2a: Lycanroc|62/100
|
|t:|1783887806
|switch|p1b: Glimmora|Glimmora, L50, M|100/100|[from] U-turn
|move|p2a: Lycanroc|Close Combat|p1a: Blastoise
|-damage|p1a: Blastoise|54/100
|-unboost|p2a: Lycanroc|def|1
|-unboost|p2a: Lycanroc|spd|1
|move|p2b: Toxicroak|Close Combat|p1a: Blastoise
|-damage|p1a: Blastoise|0 fnt
|-unboost|p2b: Toxicroak|def|1
|-unboost|p2b: Toxicroak|spd|1
|faint|p1a: Blastoise
|-damage|p2b: Toxicroak|90/100|[from] item: Life Orb
|
|upkeep
|
|t:|1783887820
|switch|p1a: Malamar|Malamar, L50, F|100/100
|turn|3
|
|t:|1783887839
|detailschange|p1a: Malamar|Malamar-Mega, L50, F
|-mega|p1a: Malamar|Malamar|Malamarite
|move|p2b: Toxicroak|Sucker Punch|p1a: Malamar
|-damage|p1a: Malamar|71/100
|-damage|p2b: Toxicroak|81/100|[from] item: Life Orb
|move|p2a: Lycanroc|Close Combat|p1b: Glimmora
|-damage|p1b: Glimmora|35/100
|-unboost|p2a: Lycanroc|def|1
|-unboost|p2a: Lycanroc|spd|1
|-activate|p1b: Glimmora|ability: Toxic Debris
|-sidestart|p2: babysha|move: Toxic Spikes
|move|p1b: Glimmora|Dazzling Gleam|p2b: Toxicroak|[spread] p2a,p2b
|-damage|p2a: Lycanroc|0 fnt
|-damage|p2b: Toxicroak|35/100
|faint|p2a: Lycanroc
|move|p1a: Malamar|Superpower|p2b: Toxicroak
|-resisted|p2b: Toxicroak|1
|-damage|p2b: Toxicroak|0 fnt
|-boost|p1a: Malamar|atk|1
|-boost|p1a: Malamar|def|1
|faint|p2b: Toxicroak
|
|upkeep
|
|t:|1783887855
|switch|p2a: Aerodactyl|Aerodactyl, L50, F|100/100
|switch|p2b: Floette|Floette-Eternal, L50, F|100/100
|-ability|p2a: Aerodactyl|Unnerve
|-status|p2b: Floette|psn
|turn|4
|inactive|babysha has 30 seconds left.
|
|t:|1783887884
|detailschange|p2b: Floette|Floette-Mega, L50, F
|-mega|p2b: Floette|Floette|Floettite
|-ability|p2b: Floette|Fairy Aura
|move|p1a: Malamar|Protect|p1a: Malamar
|-singleturn|p1a: Malamar|Protect
|move|p2a: Aerodactyl|Tailwind|p2a: Aerodactyl
|-sidestart|p2: babysha|move: Tailwind
|move|p2b: Floette|Moonblast|p1b: Glimmora
|-resisted|p1b: Glimmora|1
|-damage|p1b: Glimmora|0 fnt
|faint|p1b: Glimmora
|
|-damage|p2b: Floette|88/100 psn|[from] psn
|upkeep
|
|t:|1783887895
|switch|p1b: Annihilape|Annihilape, L50, F|100/100
|turn|5
|
|t:|1783887913
|move|p2a: Aerodactyl|Dual Wingbeat|p1b: Annihilape
|-supereffective|p1b: Annihilape|1
|-damage|p1b: Annihilape|55/100
|-supereffective|p1b: Annihilape|1
|-damage|p1b: Annihilape|12/100
|-hitcount|p1b: Annihilape|2
|move|p2b: Floette|Moonblast|p1a: Malamar
|-supereffective|p1a: Malamar|1
|-damage|p1a: Malamar|0 fnt
|faint|p1a: Malamar
|move|p1b: Annihilape|Shadow Claw|p2b: Floette
|-damage|p2b: Floette|42/100 psn
|
|-damage|p2b: Floette|30/100 psn|[from] psn
|upkeep
|turn|6
|
|t:|1783887928
|move|p2a: Aerodactyl|Dual Wingbeat|p1b: Annihilape
|-supereffective|p1b: Annihilape|1
|-damage|p1b: Annihilape|0 fnt
|faint|p1b: Annihilape
|-hitcount|p1: Annihilape|1
|
|win|babysha
||babysha is ready for game 2.
||The Bradicus is ready for game 2.
|uhtml|next|Next: Game 2 of 3
