|j|☆Beeetch
|j|☆caZISA
|html|BeeetchcaZISA    
|uhtml|bestof|Game 3 of a best-of-3
|t:|1756586385
|gametype|doubles
|player|p1|Beeetch|beauty-gen4dp|1316
|player|p2|caZISA|red|1477
|gen|9
|tier|[Gen 9] VGC 2025 Reg H (Bo3)
|rated|
|rule|Species Clause: Limit one of each Pokémon
|rule|Item Clause: Limit 1 of each item
|clearpoke
|poke|p1|Toedscruel, L50, F|
|poke|p1|Weezing-Galar, L50, M|
|poke|p1|Corviknight, L50, F|
|poke|p1|Pawmot, L50, M|
|poke|p1|Garchomp, L50, M|
|poke|p1|Typhlosion-Hisui, L50, F|
|poke|p2|Amoonguss, L50, M|
|poke|p2|Incineroar, L50, M|
|poke|p2|Pelipper, L50, M|
|poke|p2|Basculegion, L50, M|
|poke|p2|Archaludon, L50, M|
|poke|p2|Maushold-Four, L50|
|teampreview|4
|showteam|p1|Toedscruel||CovertCloak|MyceliumMight|Spore,EarthPower,AcidSpray,RagePowder|||F|||50|,,,,,Water]Weezing-Galar||ChoiceSpecs|NeutralizingGas|DazzlingGleam,SludgeBomb,StrangeSteam,Flamethrower|||M|||50|,,,,,Flying]Corviknight||SitrusBerry|MirrorArmor|Protect,Tailwind,Roost,BraveBird|||F|||50|,,,,,Dragon]Pawmot||FocusSash|NaturalCure|Protect,CloseCombat,DoubleShock,FakeOut|||M|||50|,,,,,Electric]Garchomp||LifeOrb|RoughSkin|Protect,Earthquake,DragonClaw,StompingTantrum|||M|||50|,,,,,Ground]Typhlosion-Hisui||ChoiceScarf|Blaze|Eruption,SleepTalk,HeatWave,ShadowBall|||F|||50|,,,,,Fire
|showteam|p2|Amoonguss||RockyHelmet|Regenerator|Spore,RagePowder,PollenPuff,Protect|||M|||50|,,,,,Water]Incineroar||SafetyGoggles|Intimidate|FakeOut,WillOWisp,KnockOff,PartingShot|||M|||50|,,,,,Ghost]Pelipper||FocusSash|Drizzle|Hurricane,WeatherBall,WideGuard,Protect|||M|||50|,,,,,Ghost]Basculegion||MysticWater|SwiftSwim|WaveCrash,LastRespects,AquaJet,Protect|||M|||50|,,,,,Grass]Archaludon||AssaultVest|Stamina|FlashCannon,DracoMeteor,ElectroShot,BodyPress|||M|||50|,,,,,Bug]Maushold-Four||WideLens|Technician|PopulationBomb,Taunt,FollowMe,Protect||||||50|,,,,,Ghost
|inactive|Battle timer is ON: inactive players will automatically lose when time's up. (requested by caZISA)
|inactive|Beeetch has 60 seconds left.
|
|t:|1756586450
|teamsize|p1|4
|teamsize|p2|4
|start
|switch|p1a: Typhlosion|Typhlosion-Hisui, L50, F|100/100
|switch|p1b: Pawmot|Pawmot, L50, M|100/100
|switch|p2a: Sporini|Amoonguss, L50, M|100/100
|switch|p2b: Tigre Toño|Incineroar, L50, M|100/100
|-ability|p2b: Tigre Toño|Intimidate|boost
|-unboost|p1a: Typhlosion|atk|1
|-unboost|p1b: Pawmot|atk|1
|turn|1
|inactive|Beeetch has 30 seconds left.
|inactive|caZISA has 30 seconds left.
|
|t:|1756586480
|move|p2a: Sporini|Protect|p2a: Sporini
|-singleturn|p2a: Sporini|Protect
|move|p1b: Pawmot|Fake Out|p2b: Tigre Toño
|-damage|p2b: Tigre Toño|93/100
|move|p1a: Typhlosion|Shadow Ball|p2a: Sporini
|-activate|p2a: Sporini|move: Protect
|cant|p2b: Tigre Toño|flinch
|
|upkeep
|turn|2
|
|t:|1756586496
|move|p2a: Sporini|Rage Powder|p2a: Sporini
|-singleturn|p2a: Sporini|move: Rage Powder
|move|p1a: Typhlosion|Shadow Ball|p2a: Sporini
|-crit|p2a: Sporini
|-damage|p2a: Sporini|42/100
|move|p1b: Pawmot|Close Combat|p2a: Sporini
|-resisted|p2a: Sporini
|-damage|p2a: Sporini|26/100
|-unboost|p1b: Pawmot|def|1
|-unboost|p1b: Pawmot|spd|1
|-damage|p1b: Pawmot|84/100|[from] item: Rocky Helmet|[of] p2a: Sporini
|move|p2b: Tigre Toño|Knock Off|p1a: Typhlosion
|-supereffective|p1a: Typhlosion
|-damage|p1a: Typhlosion|0 fnt
|-enditem|p1a: Typhlosion|Choice Scarf|[from] move: Knock Off|[of] p2b: Tigre Toño
|faint|p1a: Typhlosion
|
|upkeep
|
|t:|1756586503
|switch|p1a: Corviknight|Corviknight, L50, F|100/100
|turn|3
|
|t:|1756586514
|switch|p2a: Golden Gate|Archaludon, L50, M|100/100
|move|p1a: Corviknight|Protect|p1a: Corviknight
|-singleturn|p1a: Corviknight|Protect
|move|p1b: Pawmot|Close Combat|p2a: Golden Gate
|-supereffective|p2a: Golden Gate
|-damage|p2a: Golden Gate|54/100
|-unboost|p1b: Pawmot|def|1
|-unboost|p1b: Pawmot|spd|1
|-ability|p2a: Golden Gate|Stamina|boost
|-boost|p2a: Golden Gate|def|1
|move|p2b: Tigre Toño|Will-O-Wisp|p1b: Pawmot
|-status|p1b: Pawmot|brn
|
|-damage|p1b: Pawmot|78/100 brn|[from] brn
|upkeep
|turn|4
|
|t:|1756586533
|-curestatus|p1b: Pawmot|brn|[from] ability: Natural Cure
|switch|p1b: Garchomp|Garchomp, L50, M|100/100
|switch|p2b: Nigel|Pelipper, L50, M|100/100
|-weather|RainDance|[from] ability: Drizzle|[of] p2b: Nigel
|-terastallize|p1a: Corviknight|Dragon
|move|p2a: Golden Gate|Electro Shot||[still]
|-prepare|p2a: Golden Gate|Electro Shot
|-boost|p2a: Golden Gate|spa|1
|-anim|p2a: Golden Gate|Electro Shot|p1a: Corviknight
|-resisted|p1a: Corviknight
|-damage|p1a: Corviknight|74/100
|move|p1a: Corviknight|Tailwind|p1a: Corviknight
|-sidestart|p1: Beeetch|move: Tailwind
|
|-weather|RainDance|[upkeep]
|upkeep
|turn|5
|
|t:|1756586554
|move|p1b: Garchomp|Stomping Tantrum|p2a: Golden Gate
|-supereffective|p2a: Golden Gate
|-damage|p2a: Golden Gate|9/100
|-ability|p2a: Golden Gate|Stamina|boost
|-boost|p2a: Golden Gate|def|1
|-damage|p1b: Garchomp|91/100|[from] item: Life Orb
|move|p1a: Corviknight|Brave Bird|p2a: Golden Gate
|-resisted|p2a: Golden Gate
|-damage|p2a: Golden Gate|2/100
|-ability|p2a: Golden Gate|Stamina|boost
|-boost|p2a: Golden Gate|def|1
|-damage|p1a: Corviknight|72/100|[from] Recoil
|move|p2b: Nigel|Weather Ball|p1b: Garchomp
|-damage|p1b: Garchomp|21/100
|move|p2a: Golden Gate|Draco Meteor|p1a: Corviknight
|-supereffective|p1a: Corviknight
|-damage|p1a: Corviknight|0 fnt
|-unboost|p2a: Golden Gate|spa|2
|faint|p1a: Corviknight
|
|-weather|RainDance|[upkeep]
|upkeep
|
|t:|1756586563
|switch|p1a: Pawmot|Pawmot, L50, M|78/100
|turn|6
|
|t:|1756586575
|switch|p2a: Tigre Toño|Incineroar, L50, M|93/100
|-ability|p2a: Tigre Toño|Intimidate|boost
|-unboost|p1a: Pawmot|atk|1
|-unboost|p1b: Garchomp|atk|1
|move|p2b: Nigel|Protect|p2b: Nigel
|-singleturn|p2b: Nigel|Protect
|move|p1a: Pawmot|Double Shock|p2b: Nigel
|-activate|p2b: Nigel|move: Protect
|move|p1b: Garchomp|Dragon Claw|p2a: Tigre Toño
|-damage|p2a: Tigre Toño|60/100
|-damage|p1b: Garchomp|11/100|[from] item: Life Orb
|
|-weather|RainDance|[upkeep]
|upkeep
|turn|7
|
|t:|1756586592
|move|p1a: Pawmot|Protect|p1a: Pawmot
|-singleturn|p1a: Pawmot|Protect
|move|p2a: Tigre Toño|Fake Out|p1a: Pawmot
|-activate|p1a: Pawmot|move: Protect
|move|p1b: Garchomp|Stomping Tantrum|p2a: Tigre Toño
|-supereffective|p2a: Tigre Toño
|-damage|p2a: Tigre Toño|6/100
|-damage|p1b: Garchomp|1/100|[from] item: Life Orb
|move|p2b: Nigel|Weather Ball|p1a: Pawmot
|-activate|p1a: Pawmot|move: Protect
|
|-weather|RainDance|[upkeep]
|-sideend|p1: Beeetch|move: Tailwind
|upkeep
|turn|8
|
|t:|1756586607
|switch|p2a: Sporini|Amoonguss, L50, M|59/100
|move|p2b: Nigel|Protect|p2b: Nigel
|-singleturn|p2b: Nigel|Protect
|move|p1a: Pawmot|Close Combat|p2a: Sporini
|-resisted|p2a: Sporini
|-damage|p2a: Sporini|44/100
|-unboost|p1a: Pawmot|def|1
|-unboost|p1a: Pawmot|spd|1
|-damage|p1a: Pawmot|61/100|[from] item: Rocky Helmet|[of] p2a: Sporini
|move|p1b: Garchomp|Dragon Claw|p2b: Nigel
|-activate|p2b: Nigel|move: Protect
|
|-weather|none
|upkeep
|turn|9
|
|t:|1756586624
|switch|p2b: Tigre Toño|Incineroar, L50, M|6/100
|-ability|p2b: Tigre Toño|Intimidate|boost
|-unboost|p1a: Pawmot|atk|1
|-unboost|p1b: Garchomp|atk|1
|move|p1a: Pawmot|Protect|p1a: Pawmot
|-singleturn|p1a: Pawmot|Protect
|move|p1b: Garchomp|Earthquake|p2b: Tigre Toño|[spread] p2a,p2b
|-activate|p1a: Pawmot|move: Protect
|-supereffective|p2b: Tigre Toño
|-damage|p2a: Sporini|24/100
|-damage|p2b: Tigre Toño|0 fnt
|faint|p2b: Tigre Toño
|-damage|p1b: Garchomp|0 fnt|[from] item: Life Orb
|faint|p1b: Garchomp
|move|p2a: Sporini|Spore|p1a: Pawmot
|-activate|p1a: Pawmot|move: Protect
|
|upkeep
|
|t:|1756586632
|switch|p2b: Nigel|Pelipper, L50, M|100/100
|-weather|RainDance|[from] ability: Drizzle|[of] p2b: Nigel
|turn|10
|
|t:|1756586638
|move|p2a: Sporini|Rage Powder|p2a: Sporini
|-singleturn|p2a: Sporini|move: Rage Powder
|move|p1a: Pawmot|Close Combat|p2a: Sporini
|-resisted|p2a: Sporini
|-damage|p2a: Sporini|12/100
|-unboost|p1a: Pawmot|def|1
|-unboost|p1a: Pawmot|spd|1
|-damage|p1a: Pawmot|45/100|[from] item: Rocky Helmet|[of] p2a: Sporini
|move|p2b: Nigel|Weather Ball|p1a: Pawmot
|-damage|p1a: Pawmot|0 fnt
|faint|p1a: Pawmot
|
|win|caZISA
|raw|Beeetch's rating: 1316 → 1305(-11 for losing)
|raw|caZISA's rating: 1477 → 1488(+11 for winning)
