|j|☆the_frantic_franxx
|j|☆Keith Jones
|html|the_frantic_franxxKeith Jones    
|uhtml|bestof|Game 1 of a best-of-3
|t:|1783424559
|gametype|doubles
|player|p1|the_frantic_franxx|1|1199
|player|p2|Keith Jones|benga|1405
|gen|9
|tier|[Gen 9 Champions] VGC 2026 Reg M-B (Bo3)
|rated|
|rule|Species Clause: Limit one of each Pokémon
|rule|Item Clause: Limit 1 of each item
|clearpoke
|poke|p1|Charizard, L50, F|
|poke|p1|Toxapex, L50, M|
|poke|p1|Garchomp, L50, M|
|poke|p1|Hydreigon, L50, M|
|poke|p1|Metagross, L50|
|poke|p1|Incineroar, L50, F|
|poke|p2|Kingambit, L50, M|
|poke|p2|Blaziken, L50, F|
|poke|p2|Basculegion, L50, M|
|poke|p2|Ninetales-Alola, L50, M|
|poke|p2|Aerodactyl, L50, F|
|poke|p2|Sinistcha, L50|
|teampreview|4
|showteam|p1|Charizard||CharizarditeY|SolarPower|HeatWave,WeatherBall,Protect,SolarBeam|Timid||F|||50|]Toxapex||Leftovers|Regenerator|BanefulBunker,Toxic,WideGuard,Infestation|Bold||M|||50|]Garchomp||LifeOrb|RoughSkin|DragonClaw,RockSlide,Earthquake,Protect|Jolly||M|||50|]Hydreigon||ChoiceScarf|Levitate|Snarl,HeatWave,DracoMeteor,DarkPulse|Modest||M|||50|]Metagross||Metagrossite|ClearBody|IronHead,BulletPunch,BodyPress,Protect|Jolly|||||50|]Incineroar||SitrusBerry|Intimidate|FakeOut,FlareBlitz,PartingShot,DarkestLariat|Careful||F|||50|
|showteam|p2|Kingambit||BlackGlasses|Defiant|KowtowCleave,SuckerPunch,IronHead,Protect|Adamant||M|||50|]Blaziken||Blazikenite|SpeedBoost|FlareBlitz,CloseCombat,RockSlide,Protect|Adamant||F|||50|]Basculegion||ChoiceScarf|Adaptability|WaveCrash,FlipTurn,AquaJet,LastRespects|Jolly||M|||50|]Ninetales-Alola||NeverMeltIce|SnowWarning|Blizzard,FreezeDry,AuroraVeil,Protect|Timid||M|||50|]Aerodactyl||FocusSash|Unnerve|RockSlide,DualWingbeat,Tailwind,Protect|Jolly||F|||50|]Sinistcha||KasibBerry|Hospitality|MatchaGotcha,RagePowder,TrickRoom,StrengthSap|Bold|||||50|
|inactive|Battle timer is ON: inactive players will automatically lose when time's up. (requested by Keith Jones)
|
|t:|1783424651
|teamsize|p1|4
|teamsize|p2|4
|start
|switch|p1a: Charizard|Charizard, L50, F|100/100
|switch|p1b: Toxapex|Toxapex, L50, M|100/100
|switch|p2a: Blaziken|Blaziken, L50, F|100/100
|switch|p2b: Kingambit|Kingambit, L50, M|100/100
|turn|1
|
|t:|1783424661
|detailschange|p1a: Charizard|Charizard-Mega-Y, L50, F
|-mega|p1a: Charizard|Charizard|Charizardite Y
|-weather|SunnyDay|[from] ability: Drought|[of] p1a: Charizard
|detailschange|p2a: Blaziken|Blaziken-Mega, L50, F
|-mega|p2a: Blaziken|Blaziken|Blazikenite
|move|p2b: Kingambit|Protect|p2b: Kingambit
|-singleturn|p2b: Kingambit|Protect
|move|p1b: Toxapex|Wide Guard|p1b: Toxapex
|-singleturn|p1b: Toxapex|Wide Guard
|move|p1a: Charizard|Heat Wave|p2a: Blaziken|[spread] p2a
|-activate|p2b: Kingambit|move: Protect
|-resisted|p2a: Blaziken|1
|-damage|p2a: Blaziken|52/100
|move|p2a: Blaziken|Flare Blitz|p1a: Charizard
|-resisted|p1a: Charizard|1
|-damage|p1a: Charizard|8/100
|-damage|p2a: Blaziken|22/100|[from] Recoil
|
|-weather|SunnyDay|[upkeep]
|-ability|p2a: Blaziken|Speed Boost|boost
|-boost|p2a: Blaziken|spe|1
|upkeep
|turn|2
|inactive|the_frantic_franxx has 30 seconds left.
|inactive|Keith Jones has 30 seconds left.
|
|t:|1783424698
|switch|p1a: Garchomp|Garchomp, L50, M|100/100
|move|p2a: Blaziken|Rock Slide|p1b: Toxapex|[spread] p1a,p1b
|-resisted|p1a: Garchomp|1
|-damage|p1a: Garchomp|87/100
|-damage|p1b: Toxapex|83/100
|move|p2b: Kingambit|Iron Head|p1b: Toxapex
|-resisted|p1b: Toxapex|1
|-damage|p1b: Toxapex|68/100
|move|p1b: Toxapex|Infestation|p2b: Kingambit
|-damage|p2b: Kingambit|96/100
|-activate|p2b: Kingambit|move: Infestation|[of] p1b: Toxapex
|
|-weather|SunnyDay|[upkeep]
|-heal|p1b: Toxapex|74/100|[from] item: Leftovers
|-damage|p2b: Kingambit|83/100|[from] move: Infestation|[partiallytrapped]
|-ability|p2a: Blaziken|Speed Boost|boost
|-boost|p2a: Blaziken|spe|1
|upkeep
|turn|3
|
|t:|1783424713
|switch|p2a: Ninetales|Ninetales-Alola, L50, M|100/100
|-weather|Snowscape|[from] ability: Snow Warning|[of] p2a: Ninetales
|move|p2b: Kingambit|Protect|p2b: Kingambit
|-singleturn|p2b: Kingambit|Protect
|move|p1b: Toxapex|Wide Guard|p1b: Toxapex
|-singleturn|p1b: Toxapex|Wide Guard
|move|p1a: Garchomp|Earthquake|p2b: Kingambit|[spread] p2a
|-activate|p1b: Toxapex|move: Wide Guard
|-activate|p2b: Kingambit|move: Protect
|-crit|p2a: Ninetales
|-damage|p2a: Ninetales|25/100
|-damage|p1a: Garchomp|77/100|[from] item: Life Orb
|
|-weather|Snowscape|[upkeep]
|-heal|p1b: Toxapex|80/100|[from] item: Leftovers
|-damage|p2b: Kingambit|71/100|[from] move: Infestation|[partiallytrapped]
|upkeep
|turn|4
|
|t:|1783424722
|move|p1a: Garchomp|Protect|p1a: Garchomp
|-singleturn|p1a: Garchomp|Protect
|move|p2a: Ninetales|Freeze-Dry|p1b: Toxapex
|-supereffective|p1b: Toxapex|1
|-damage|p1b: Toxapex|36/100
|move|p2b: Kingambit|Kowtow Cleave|p1b: Toxapex
|-damage|p1b: Toxapex|0 fnt
|faint|p1b: Toxapex
|
|-weather|Snowscape|[upkeep]
|-end|p2b: Kingambit|Infestation|[partiallytrapped]|[silent]
|upkeep
|
|t:|1783424727
|switch|p1b: Charizard|Charizard-Mega-Y, L50, F|8/100
|-weather|SunnyDay|[from] ability: Drought|[of] p1b: Charizard
|turn|5
|
|t:|1783424735
|move|p1b: Charizard|Protect|p1b: Charizard
|-singleturn|p1b: Charizard|Protect
|move|p2b: Kingambit|Sucker Punch||[still]
|-fail|p2b: Kingambit
|move|p2a: Ninetales|Freeze-Dry|p1a: Garchomp
|-supereffective|p1a: Garchomp|2
|-damage|p1a: Garchomp|0 fnt
|faint|p1a: Garchomp
|
|-weather|SunnyDay|[upkeep]
|upkeep
|
|t:|1783424739
|switch|p1a: Metagross|Metagross, L50|100/100
|turn|6
|
|t:|1783424751
|move|p2b: Kingambit|Sucker Punch|p1b: Charizard
|-damage|p1b: Charizard|0 fnt
|faint|p1b: Charizard
|move|p2a: Ninetales|Freeze-Dry|p1a: Metagross
|-resisted|p1a: Metagross|1
|-damage|p1a: Metagross|82/100
|move|p1a: Metagross|Body Press|p2b: Kingambit
|-supereffective|p2b: Kingambit|2
|-damage|p2b: Kingambit|0 fnt
|faint|p2b: Kingambit
|
|-weather|SunnyDay|[upkeep]
|upkeep
|
|t:|1783424756
|switch|p2b: Blaziken|Blaziken-Mega, L50, F|22/100
|turn|7
|
|t:|1783424761
|move|p1a: Metagross|Bullet Punch|p2b: Blaziken
|-resisted|p2b: Blaziken|1
|-damage|p2b: Blaziken|8/100
|move|p2a: Ninetales|Freeze-Dry|p1a: Metagross
|-resisted|p1a: Metagross|1
|-damage|p1a: Metagross|63/100
|move|p2b: Blaziken|Flare Blitz|p1a: Metagross
|-supereffective|p1a: Metagross|1
|-damage|p1a: Metagross|0 fnt
|faint|p1a: Metagross
|-damage|p2b: Blaziken|0 fnt|[from] Recoil
|faint|p2b: Blaziken
|
|win|Keith Jones
||the_frantic_franxx is ready for game 2.
||Keith Jones is ready for game 2.
|uhtml|next|Next: Game 2 of 3
|l|☆the_frantic_franxx
|player|p1|
