|j|☆Brutalandathebozz
|j|☆dialghite
|html|Brutalandathebozzdialghite    
|uhtml|bestof|Game 1 of a best-of-3
|t:|1756714767
|gametype|doubles
|player|p1|Brutalandathebozz|266|1348
|player|p2|dialghite|volkner|1428
|gen|9
|tier|[Gen 9] VGC 2025 Reg H (Bo3)
|rated|
|rule|Species Clause: Limit one of each Pokémon
|rule|Item Clause: Limit 1 of each item
|clearpoke
|poke|p1|Sneasler, L50, F|
|poke|p1|Electabuzz, L50, F|
|poke|p1|Rillaboom, L50, F|
|poke|p1|Primarina, L50, M|
|poke|p1|Kingambit, L50, F|
|poke|p1|Volcarona, L50, F|
|poke|p2|Indeedee, L50, M|
|poke|p2|Sneasler, L50, M|
|poke|p2|Tyranitar, L50, F|
|poke|p2|Excadrill, L50, F|
|poke|p2|Archaludon, L50, F|
|poke|p2|Annihilape, L50, F|
|teampreview|4
|showteam|p1|Sneasler||FocusSash|PoisonTouch|FakeOut,CloseCombat,DireClaw,Protect|||F|||50|,,,,,Ghost]Electabuzz||Eviolite|VitalSpirit|Protect,Taunt,FollowMe,Electroweb|||F|||50|,,,,,Ghost]Rillaboom||AssaultVest|GrassySurge|WoodHammer,GrassyGlide,FakeOut,HighHorsepower|||F|||50|,,,,,Fire]Primarina||SitrusBerry|LiquidVoice|HyperVoice,Moonblast,Protect,Haze|||M|||50|,,,,,Poison]Kingambit||BlackGlasses|Defiant|KowtowCleave,SuckerPunch,Protect,SwordsDance|||F|||50|,,,,,Dark]Volcarona||CovertCloak|FlameBody|HeatWave,TeraBlast,QuiverDance,Protect|||F|||50|,,,,,Fairy
|showteam|p2|Indeedee||ChoiceScarf|PsychicSurge|ExpandingForce,TeraBlast,Trick,Protect|||M|||50|,,,,,Psychic]Sneasler||PsychicSeed|Unburden|CloseCombat,DireClaw,ThroatChop,Protect|||M|||50|,,,,,Dark]Tyranitar||AssaultVest|SandStream|RockSlide,KnockOff,TeraBlast,LowKick|||F|||50|,,,,,Flying]Excadrill||FocusSash|SandRush|Earthquake,IronHead,HighHorsepower,Protect|||F|||50|,,,,,Ground]Archaludon||PowerHerb|Sturdy|ElectroShot,DragonPulse,Thunderbolt,Protect|||F|||50|,,,,,Electric]Annihilape||SafetyGoggles|Defiant|CloseCombat,RageFist,FinalGambit,Taunt|||F|||50|,,,,,Water
|inactive|Battle timer is ON: inactive players will automatically lose when time's up. (requested by dialghite)
|j| T-Soro
|inactive|Brutalandathebozz has 60 seconds left.
|
|t:|1756714825
|teamsize|p1|4
|teamsize|p2|4
|start
|switch|p1a: Sneasler|Sneasler, L50, F|100/100
|switch|p1b: Primarina|Primarina, L50, M|100/100
|switch|p2a: Tyranitar|Tyranitar, L50, F|100/100
|switch|p2b: Excadrill|Excadrill, L50, F|100/100
|-weather|Sandstorm|[from] ability: Sand Stream|[of] p2a: Tyranitar
|turn|1
|
|t:|1756714841
|-terastallize|p2a: Tyranitar|Flying
|move|p1a: Sneasler|Fake Out|p2a: Tyranitar
|-damage|p2a: Tyranitar|90/100
|-status|p2a: Tyranitar|psn|[from] ability: Poison Touch|[of] p1a: Sneasler
|move|p2b: Excadrill|Earthquake|p1b: Primarina|[spread] p1a,p1b
|-immune|p2a: Tyranitar
|-supereffective|p1a: Sneasler
|-enditem|p1a: Sneasler|Focus Sash
|-damage|p1a: Sneasler|1/100
|-damage|p1b: Primarina|50/100
|-enditem|p1b: Primarina|Sitrus Berry|[eat]
|-heal|p1b: Primarina|75/100|[from] item: Sitrus Berry
|move|p1b: Primarina|Hyper Voice|p2a: Tyranitar|[spread] p2a,p2b
|-supereffective|p2b: Excadrill
|-damage|p2a: Tyranitar|70/100 psn
|-damage|p2b: Excadrill|16/100
|cant|p2a: Tyranitar|flinch
|
|-weather|Sandstorm|[upkeep]
|-damage|p1a: Sneasler|0 fnt|[from] Sandstorm
|-damage|p1b: Primarina|69/100|[from] Sandstorm
|-damage|p2a: Tyranitar|64/100 psn|[from] Sandstorm
|faint|p1a: Sneasler
|-damage|p2a: Tyranitar|52/100 psn|[from] psn
|upkeep
|
|t:|1756714859
|switch|p1a: Volcarona|Volcarona, L50, F, shiny|100/100
|turn|2
|
|t:|1756714878
|move|p1a: Volcarona|Protect|p1a: Volcarona
|-singleturn|p1a: Volcarona|Protect
|move|p2b: Excadrill|Earthquake|p1a: Volcarona|[spread] p1b
|-activate|p1a: Volcarona|move: Protect
|-immune|p2a: Tyranitar
|-damage|p1b: Primarina|19/100
|move|p1b: Primarina|Hyper Voice|p2b: Excadrill|[spread] p2a,p2b
|-supereffective|p2b: Excadrill
|-damage|p2a: Tyranitar|32/100 psn
|-damage|p2b: Excadrill|0 fnt
|faint|p2b: Excadrill
|move|p2a: Tyranitar|Rock Slide|p1a: Volcarona|[spread] p1b
|-activate|p1a: Volcarona|move: Protect
|-damage|p1b: Primarina|0 fnt
|faint|p1b: Primarina
|
|-weather|Sandstorm|[upkeep]
|-damage|p1a: Volcarona|94/100|[from] Sandstorm
|-damage|p2a: Tyranitar|26/100 psn|[from] Sandstorm
|-damage|p2a: Tyranitar|14/100 psn|[from] psn
|upkeep
|
|t:|1756714883
|switch|p2b: Sneasler|Sneasler, L50, M|100/100
|switch|p1b: Electabuzz|Electabuzz, L50, F|100/100
|turn|3
|
|t:|1756714898
|move|p2b: Sneasler|Dire Claw|p1a: Volcarona
|-damage|p1a: Volcarona|42/100
|-status|p2b: Sneasler|brn|[from] ability: Flame Body|[of] p1a: Volcarona
|move|p1b: Electabuzz|Electroweb|p2a: Tyranitar|[spread] p2a,p2b
|-supereffective|p2a: Tyranitar
|-damage|p2a: Tyranitar|0 fnt
|-damage|p2b: Sneasler|82/100 brn
|-unboost|p2b: Sneasler|spe|1
|faint|p2a: Tyranitar
|move|p1a: Volcarona|Quiver Dance|p1a: Volcarona
|-boost|p1a: Volcarona|spa|1
|-boost|p1a: Volcarona|spd|1
|-boost|p1a: Volcarona|spe|1
|
|-weather|Sandstorm|[upkeep]
|-damage|p1a: Volcarona|36/100|[from] Sandstorm
|-damage|p1b: Electabuzz|94/100|[from] Sandstorm
|-damage|p2b: Sneasler|76/100 brn|[from] Sandstorm
|-damage|p2b: Sneasler|70/100 brn|[from] brn
|upkeep
|
|t:|1756714904
|switch|p2a: Indeedee|Indeedee, L50, M|100/100
|-fieldstart|move: Psychic Terrain|[from] ability: Psychic Surge|[of] p2a: Indeedee
|-enditem|p2b: Sneasler|Psychic Seed
|-boost|p2b: Sneasler|spd|1|[from] item: Psychic Seed
|turn|4
|l| T-Soro
|
|t:|1756714921
|move|p1b: Electabuzz|Follow Me|p1b: Electabuzz
|-singleturn|p1b: Electabuzz|move: Follow Me
|move|p2b: Sneasler|Dire Claw|p1b: Electabuzz
|-damage|p1b: Electabuzz|74/100
|move|p2a: Indeedee|Expanding Force|p1b: Electabuzz|[spread] p1a,p1b
|-damage|p1a: Volcarona|3/100
|-damage|p1b: Electabuzz|29/100
|move|p1a: Volcarona|Heat Wave|p2b: Sneasler|[spread] p2a,p2b
|-damage|p2a: Indeedee|29/100
|-damage|p2b: Sneasler|21/100 brn
|
|-weather|Sandstorm|[upkeep]
|-damage|p2b: Sneasler|16/100 brn|[from] Sandstorm
|-damage|p2a: Indeedee|23/100|[from] Sandstorm
|-damage|p1a: Volcarona|0 fnt|[from] Sandstorm
|-damage|p1b: Electabuzz|23/100|[from] Sandstorm
|faint|p1a: Volcarona
|-damage|p2b: Sneasler|10/100 brn|[from] brn
|upkeep
|turn|5
|
|t:|1756714932
|move|p1b: Electabuzz|Protect|p1b: Electabuzz
|-singleturn|p1b: Electabuzz|Protect
|move|p2b: Sneasler|Dire Claw|p1b: Electabuzz
|-activate|p1b: Electabuzz|move: Protect
|move|p2a: Indeedee|Expanding Force|p1b: Electabuzz
|-activate|p1b: Electabuzz|move: Protect
|
|-weather|none
|-damage|p2b: Sneasler|4/100 brn|[from] brn
|upkeep
|turn|6
|
|t:|1756714938
|move|p1b: Electabuzz|Protect|p1b: Electabuzz
|-singleturn|p1b: Electabuzz|Protect
|move|p2b: Sneasler|Close Combat|p1b: Electabuzz
|-activate|p1b: Electabuzz|move: Protect
|move|p2a: Indeedee|Expanding Force|p1b: Electabuzz
|-activate|p1b: Electabuzz|move: Protect
|
|-damage|p2b: Sneasler|0 fnt|[from] brn
|faint|p2b: Sneasler
|upkeep
|turn|7
|
|t:|1756714942
|move|p1b: Electabuzz|Protect||[still]
|-fail|p1b: Electabuzz
|move|p2a: Indeedee|Expanding Force|p1b: Electabuzz
|-damage|p1b: Electabuzz|0 fnt
|faint|p1b: Electabuzz
|
|win|dialghite
