|j|☆AnotherDreamer
|j|☆dfdfdfgdfdt
|html|AnotherDreamerdfdfdfgdfdt    
|uhtml|bestof|Game 2 of a best-of-3
|t:|1756333354
|gametype|doubles
|player|p1|AnotherDreamer|2|1108
|player|p2|dfdfdfgdfdt|1|1168
|gen|9
|tier|[Gen 9] VGC 2025 Reg H (Bo3)
|rated|
|rule|Species Clause: Limit one of each Pokémon
|rule|Item Clause: Limit 1 of each item
|clearpoke
|poke|p1|Electabuzz, L50, F|
|poke|p1|Kingambit, L50, M|
|poke|p1|Volcarona, L50, F|
|poke|p1|Dragonite, L50, M|
|poke|p1|Sneasler, L50, F|
|poke|p1|Rillaboom, L50, M|
|poke|p2|Sneasler, L50, F|
|poke|p2|Dragapult, L50, M|
|poke|p2|Primarina, L50, M|
|poke|p2|Rillaboom, L50, F|
|poke|p2|Kingambit, L50, F|
|poke|p2|Magmar, L50, F|
|teampreview|4
|showteam|p1|Electabuzz||Eviolite|VitalSpirit|FollowMe,Thunderbolt,Taunt,Protect|||F|||50|,,,,,Ghost]Kingambit||BlackGlasses|Defiant|KowtowCleave,SuckerPunch,SwordsDance,Protect|||M|||50|,,,,,Dark]Volcarona||Leftovers|FlameBody|HeatWave,TeraBlast,QuiverDance,Protect|||F|||50|,,,,,Fairy]Dragonite||LoadedDice|Multiscale|ScaleShot,ExtremeSpeed,Haze,Protect|||M|||50|,,,,,Fairy]Sneasler||FocusSash|Unburden|DireClaw,CloseCombat,Coaching,FakeOut|||F|||50|,,,,,Stellar]Rillaboom||AssaultVest|GrassySurge|FakeOut,WoodHammer,GrassyGlide,HighHorsepower|||M|||50|,,,,,Fire
|showteam|p2|Sneasler||FocusSash|PoisonTouch|CloseCombat,DireClaw,FakeOut,Protect|||F|||50|,,,,,Stellar]Dragapult||ChoiceBand|ClearBody|DragonDarts,TeraBlast,PhantomForce,Uturn|||M|||50|,,,,,Ghost]Primarina||SitrusBerry|LiquidVoice|HyperVoice,Moonblast,Haze,Protect|||M|||50|,,,,,Water]Rillaboom||AssaultVest|GrassySurge|WoodHammer,GrassyGlide,HighHorsepower,FakeOut|||F|||50|,,,,,Fire]Kingambit||BlackGlasses|Defiant|KowtowCleave,SuckerPunch,SwordsDance,Protect|||F|||50|,,,,,Ghost]Magmar||Eviolite|VitalSpirit|Overheat,WillOWisp,FollowMe,Protect|||F|||50|,,,,,Ghost
|inactive|Battle timer is ON: inactive players will automatically lose when time's up. (requested by AnotherDreamer)
|inactive|dfdfdfgdfdt has 60 seconds left.
|
|t:|1756333403
|teamsize|p1|4
|teamsize|p2|4
|start
|switch|p1a: Volcarona|Volcarona, L50, F|100/100
|switch|p1b: Electabuzz|Electabuzz, L50, F|100/100
|switch|p2a: Magmar|Magmar, L50, F|100/100
|switch|p2b: Kingambit|Kingambit, L50, F|100/100
|turn|1
|inactive|dfdfdfgdfdt has 30 seconds left.
|inactive|dfdfdfgdfdt has 20 seconds left.
|
|t:|1756333443
|-terastallize|p2b: Kingambit|Ghost
|move|p1b: Electabuzz|Follow Me|p1b: Electabuzz
|-singleturn|p1b: Electabuzz|move: Follow Me
|move|p2a: Magmar|Follow Me|p2a: Magmar
|-singleturn|p2a: Magmar|move: Follow Me
|move|p1a: Volcarona|Quiver Dance|p1a: Volcarona
|-boost|p1a: Volcarona|spa|1
|-boost|p1a: Volcarona|spd|1
|-boost|p1a: Volcarona|spe|1
|move|p2b: Kingambit|Swords Dance|p2b: Kingambit
|-boost|p2b: Kingambit|atk|2
|
|upkeep
|turn|2
|
|t:|1756333466
|move|p1b: Electabuzz|Follow Me|p1b: Electabuzz
|-singleturn|p1b: Electabuzz|move: Follow Me
|move|p1a: Volcarona|Quiver Dance|p1a: Volcarona
|-boost|p1a: Volcarona|spa|1
|-boost|p1a: Volcarona|spd|1
|-boost|p1a: Volcarona|spe|1
|move|p2a: Magmar|Overheat|p1b: Electabuzz
|-damage|p1b: Electabuzz|60/100
|-unboost|p2a: Magmar|spa|2
|move|p2b: Kingambit|Kowtow Cleave|p1b: Electabuzz
|-damage|p1b: Electabuzz|0 fnt
|faint|p1b: Electabuzz
|
|upkeep
|
|t:|1756333477
|switch|p1b: Sneasler|Sneasler, L50, F|100/100
|turn|3
|
|t:|1756333501
|-terastallize|p1a: Volcarona|Fairy
|move|p1b: Sneasler|Fake Out|p2a: Magmar
|-damage|p2a: Magmar|88/100
|cant|p2a: Magmar|flinch
|move|p1a: Volcarona|Heat Wave|p2b: Kingambit|[spread] p2a,p2b
|-resisted|p2a: Magmar
|-damage|p2a: Magmar|63/100
|-damage|p2b: Kingambit|35/100
|move|p2b: Kingambit|Kowtow Cleave|p1a: Volcarona
|-resisted|p1a: Volcarona
|-damage|p1a: Volcarona|42/100
|-status|p2b: Kingambit|brn|[from] ability: Flame Body|[of] p1a: Volcarona
|
|-heal|p1a: Volcarona|48/100|[from] item: Leftovers
|-damage|p2b: Kingambit|29/100 brn|[from] brn
|upkeep
|turn|4
|inactive|AnotherDreamer has 30 seconds left.
|inactive|dfdfdfgdfdt has 30 seconds left.
|inactive|dfdfdfgdfdt has 20 seconds left.
|
|t:|1756333536
|switch|p1b: Kingambit|Kingambit, L50, M|100/100
|move|p1a: Volcarona|Protect|p1a: Volcarona
|-singleturn|p1a: Volcarona|Protect
|move|p2b: Kingambit|Sucker Punch||[still]
|-fail|p2b: Kingambit
|move|p2a: Magmar|Will-O-Wisp|p1b: Kingambit
|-status|p1b: Kingambit|brn
|
|-heal|p1a: Volcarona|54/100|[from] item: Leftovers
|-damage|p2b: Kingambit|23/100 brn|[from] brn
|-damage|p1b: Kingambit|95/100 brn|[from] brn
|upkeep
|turn|5
|
|t:|1756333560
|move|p2b: Kingambit|Sucker Punch|p1a: Volcarona
|-resisted|p1a: Volcarona
|-crit|p1a: Volcarona
|-damage|p1a: Volcarona|12/100
|move|p1a: Volcarona|Heat Wave|p2b: Kingambit|[spread] p2a,p2b
|-resisted|p2a: Magmar
|-damage|p2a: Magmar|38/100
|-damage|p2b: Kingambit|0 fnt
|faint|p2b: Kingambit
|move|p2a: Magmar|Overheat|p1a: Volcarona
|-damage|p1a: Volcarona|1/100
|-unboost|p2a: Magmar|spa|2
|move|p1b: Kingambit|Swords Dance|p1b: Kingambit
|-boost|p1b: Kingambit|atk|2
|
|-heal|p1a: Volcarona|7/100|[from] item: Leftovers
|-damage|p1b: Kingambit|89/100 brn|[from] brn
|upkeep
|
|t:|1756333574
|switch|p2b: Sneasler|Sneasler, L50, F|100/100
|turn|6
|
|t:|1756333592
|switch|p2a: Rillaboom|Rillaboom, L50, F|100/100
|-fieldstart|move: Grassy Terrain|[from] ability: Grassy Surge|[of] p2a: Rillaboom
|move|p1a: Volcarona|Protect|p1a: Volcarona
|-singleturn|p1a: Volcarona|Protect
|move|p2b: Sneasler|Dire Claw|p1a: Volcarona
|-activate|p1a: Volcarona|move: Protect
|move|p1b: Kingambit|Kowtow Cleave|p2a: Rillaboom
|-damage|p2a: Rillaboom|44/100
|
|-heal|p1a: Volcarona|14/100|[from] Grassy Terrain
|-heal|p1a: Volcarona|20/100|[from] item: Leftovers
|-heal|p2a: Rillaboom|50/100|[from] Grassy Terrain
|-heal|p1b: Kingambit|95/100 brn|[from] Grassy Terrain
|-damage|p1b: Kingambit|89/100 brn|[from] brn
|upkeep
|turn|7
|inactive|AnotherDreamer has 30 seconds left.
|
|t:|1756333619
|move|p2a: Rillaboom|Grassy Glide|p1a: Volcarona
|-damage|p1a: Volcarona|0 fnt
|faint|p1a: Volcarona
|move|p2b: Sneasler|Close Combat|p1b: Kingambit
|-supereffective|p1b: Kingambit
|-damage|p1b: Kingambit|0 fnt
|-unboost|p2b: Sneasler|def|1
|-unboost|p2b: Sneasler|spd|1
|faint|p1b: Kingambit
|
|-heal|p2a: Rillaboom|56/100|[from] Grassy Terrain
|upkeep
|
|t:|1756333623
|switch|p1b: Sneasler|Sneasler, L50, F|100/100
|turn|8
|-message|AnotherDreamer forfeited.
|
|win|dfdfdfgdfdt
|raw|AnotherDreamer's rating: 1108 → 1087(-21 for losing)
|raw|dfdfdfgdfdt's rating: 1168 → 1189(+21 for winning)
|l|☆AnotherDreamer
|player|p1|
