|j|☆JWaffleB
|j|☆TalonMasterJ
|html|JWaffleBTalonMasterJ    
|uhtml|bestof|Game 2 of a best-of-3
|t:|1782227386
|gametype|doubles
|player|p1|JWaffleB|benga|1027
|player|p2|TalonMasterJ|steven|1072
|gen|9
|tier|[Gen 9 Champions] VGC 2026 Reg M-B (Bo3)
|rated|
|rule|Species Clause: Limit one of each Pokémon
|rule|Item Clause: Limit 1 of each item
|clearpoke
|poke|p1|Staraptor, L50, M, shiny|
|poke|p1|Whimsicott, L50, M, shiny|
|poke|p1|Garchomp, L50, M|
|poke|p1|Grimmsnarl, L50, M, shiny|
|poke|p1|Gholdengo, L50, shiny|
|poke|p1|Incineroar, L50, M, shiny|
|poke|p2|Swampert, L50, F|
|poke|p2|Pelipper, L50, F|
|poke|p2|Archaludon, L50, M|
|poke|p2|Sinistcha, L50|
|poke|p2|Sableye, L50, M|
|poke|p2|Sneasler, L50, F|
|teampreview|4
|showteam|p1|Staraptor||Staraptite|Intimidate|CloseCombat,BraveBird,Protect,SteelWing|Jolly||M|||50|]Whimsicott||FocusSash|Prankster|Moonblast,Protect,Tailwind,Charm|Timid||M|||50|]Garchomp||ChoiceScarf|RoughSkin|DragonClaw,RockSlide,Earthquake,IronHead|Jolly||M|||50|]Grimmsnarl||LightClay|Prankster|Reflect,LightScreen,Protect,SpiritBreak|Careful||M|||50|]Gholdengo||LifeOrb|GoodasGold|MakeItRain,ShadowBall,NastyPlot,Protect|Timid|||||50|]Incineroar||SitrusBerry|Intimidate|FakeOut,Protect,DarkestLariat,PartingShot|Careful||M|||50|
|showteam|p2|Swampert||Swampertite|Torrent|WaveCrash,Earthquake,IcePunch,Protect|Adamant||F|||50|]Pelipper||SitrusBerry|Drizzle|Hurricane,WeatherBall,HelpingHand,Tailwind|Bold||F|||50|]Archaludon||Leftovers|Stamina|DragonPulse,FlashCannon,ElectroShot,Protect|Modest||M|||50|]Sinistcha||KasibBerry|Hospitality|MatchaGotcha,RagePowder,LifeDew,Protect|Bold|||||50|]Sableye||LightClay|Prankster|WillOWisp,Reflect,LightScreen,RainDance|Relaxed||M|||50|]Sneasler||WhiteHerb|Unburden|FakeOut,CloseCombat,DireClaw,Protect|Jolly||F|||50|
|inactive|Battle timer is ON: inactive players will automatically lose when time's up. (requested by JWaffleB)
|
|t:|1782227421
|teamsize|p1|4
|teamsize|p2|4
|start
|switch|p1a: Grimmsnarl|Grimmsnarl, L50, M, shiny|100/100
|switch|p1b: Incineroar|Incineroar, L50, M, shiny|100/100
|switch|p2a: Pelipper|Pelipper, L50, F|100/100
|switch|p2b: Swampert|Swampert, L50, F|100/100
|-weather|RainDance|[from] ability: Drizzle|[of] p2a: Pelipper
|-ability|p1b: Incineroar|Intimidate|boost
|-unboost|p2a: Pelipper|atk|1
|-unboost|p2b: Swampert|atk|1
|turn|1
|inactive|TalonMasterJ has 30 seconds left.
|
|t:|1782227454
|switch|p2b: Archaludon|Archaludon, L50, M|100/100
|move|p1b: Incineroar|Fake Out|p2a: Pelipper
|-damage|p2a: Pelipper|90/100
|move|p1a: Grimmsnarl|Reflect|p1a: Grimmsnarl
|-sidestart|p1: JWaffleB|Reflect
|cant|p2a: Pelipper|flinch
|
|-weather|RainDance|[upkeep]
|upkeep
|turn|2
|
|t:|1782227473
|move|p1a: Grimmsnarl|Light Screen|p1a: Grimmsnarl
|-sidestart|p1: JWaffleB|move: Light Screen
|move|p2b: Archaludon|Flash Cannon|p1a: Grimmsnarl
|-supereffective|p1a: Grimmsnarl|1
|-damage|p1a: Grimmsnarl|57/100
|move|p2a: Pelipper|Tailwind|p2a: Pelipper
|-sidestart|p2: TalonMasterJ|move: Tailwind
|move|p1b: Incineroar|Parting Shot|p2b: Archaludon
|-unboost|p2b: Archaludon|atk|1
|-unboost|p2b: Archaludon|spa|1
|
|t:|1782227481
|switch|p1b: Whimsicott|Whimsicott, L50, M, shiny|100/100|[from] Parting Shot
|
|-weather|RainDance|[upkeep]
|upkeep
|turn|3
|
|t:|1782227494
|switch|p2a: Sinistcha|Sinistcha, L50|100/100
|move|p1b: Whimsicott|Tailwind|p1b: Whimsicott
|-sidestart|p1: JWaffleB|move: Tailwind
|move|p2b: Archaludon|Flash Cannon|p1b: Whimsicott
|-supereffective|p1b: Whimsicott|1
|-damage|p1b: Whimsicott|43/100
|move|p1a: Grimmsnarl|Spirit Break|p2a: Sinistcha
|-damage|p2a: Sinistcha|76/100
|-unboost|p2a: Sinistcha|spa|1
|
|-weather|RainDance|[upkeep]
|upkeep
|turn|4
|inactive|TalonMasterJ has 30 seconds left.
|
|t:|1782227522
|move|p1b: Whimsicott|Protect|p1b: Whimsicott
|-singleturn|p1b: Whimsicott|Protect
|move|p2b: Archaludon|Flash Cannon|p1b: Whimsicott
|-activate|p1b: Whimsicott|move: Protect
|move|p2a: Sinistcha|Life Dew||[still]|[spread] p2a,p2b
|-heal|p2a: Sinistcha|100/100
|-fail|p2b: Archaludon|heal
|move|p1a: Grimmsnarl|Spirit Break|p2b: Archaludon
|-damage|p2b: Archaludon|77/100
|-unboost|p2b: Archaludon|spa|1
|-ability|p2b: Archaludon|Stamina|boost
|-boost|p2b: Archaludon|def|1
|
|-weather|RainDance|[upkeep]
|-heal|p2b: Archaludon|83/100|[from] item: Leftovers
|upkeep
|turn|5
|inactive|JWaffleB has 30 seconds left.
|inactive|JWaffleB has 20 seconds left.
|
|t:|1782227560
|switch|p1b: Staraptor|Staraptor, L50, M, shiny|100/100
|-ability|p1b: Staraptor|Intimidate|boost
|-unboost|p2a: Sinistcha|atk|1
|-unboost|p2b: Archaludon|atk|1
|switch|p1a: Incineroar|Incineroar, L50, M, shiny|100/100
|-ability|p1a: Incineroar|Intimidate|boost
|-unboost|p2a: Sinistcha|atk|1
|-unboost|p2b: Archaludon|atk|1
|move|p2b: Archaludon|Flash Cannon|p1b: Staraptor
|-damage|p1b: Staraptor|80/100
|move|p2a: Sinistcha|Matcha Gotcha|p1a: Incineroar|[spread] p1a,p1b
|-resisted|p1a: Incineroar|1
|-resisted|p1b: Staraptor|1
|-damage|p1a: Incineroar|96/100
|-damage|p1b: Staraptor|70/100
|
|-weather|none
|-heal|p2b: Archaludon|89/100|[from] item: Leftovers
|-sideend|p2: TalonMasterJ|move: Tailwind
|upkeep
|turn|6
|
|t:|1782227583
|switch|p2a: Pelipper|Pelipper, L50, F|90/100
|-weather|RainDance|[from] ability: Drizzle|[of] p2a: Pelipper
|detailschange|p1b: Staraptor|Staraptor-Mega, L50, M, shiny
|-mega|p1b: Staraptor|Staraptor|Staraptite
|move|p1b: Staraptor|Close Combat|p2b: Archaludon
|-supereffective|p2b: Archaludon|1
|-damage|p2b: Archaludon|18/100
|-boost|p1b: Staraptor|def|1
|-boost|p1b: Staraptor|spd|1
|-ability|p2b: Archaludon|Stamina|boost
|-boost|p2b: Archaludon|def|1
|move|p1a: Incineroar|Darkest Lariat|p2a: Pelipper
|-damage|p2a: Pelipper|62/100
|move|p2b: Archaludon|Electro Shot||[still]
|-prepare|p2b: Archaludon|Electro Shot
|-boost|p2b: Archaludon|spa|1
|-anim|p2b: Archaludon|Electro Shot|p1b: Staraptor
|-supereffective|p1b: Staraptor|1
|-damage|p1b: Staraptor|43/100
|
|-weather|RainDance|[upkeep]
|-heal|p2b: Archaludon|24/100|[from] item: Leftovers
|-sideend|p1: JWaffleB|move: Tailwind
|upkeep
|turn|7
|
|t:|1782227606
|move|p2b: Archaludon|Protect|p2b: Archaludon
|-singleturn|p2b: Archaludon|Protect
|move|p1b: Staraptor|Close Combat|p2b: Archaludon
|-activate|p2b: Archaludon|move: Protect
|move|p2a: Pelipper|Hurricane|p1b: Staraptor
|-supereffective|p1b: Staraptor|1
|-damage|p1b: Staraptor|5/100
|-start|p1b: Staraptor|confusion
|move|p1a: Incineroar|Parting Shot|p1b: Staraptor
|-boost|p1b: Staraptor|atk|1
|-boost|p1b: Staraptor|spa|1
|
|t:|1782227621
|switch|p1a: Whimsicott|Whimsicott, L50, M, shiny|43/100|[from] Parting Shot
|
|-weather|RainDance|[upkeep]
|-heal|p2b: Archaludon|30/100|[from] item: Leftovers
|upkeep
|turn|8
|
|t:|1782227632
|switch|p2b: Sinistcha|Sinistcha, L50|100/100
|-heal|p2a: Pelipper|87/100|[from] ability: Hospitality|[of] p2b: Sinistcha
|move|p1a: Whimsicott|Tailwind|p1a: Whimsicott
|-sidestart|p1: JWaffleB|move: Tailwind
|-activate|p1b: Staraptor|confusion
|-damage|p1b: Staraptor|0 fnt|[from] confusion
|faint|p1b: Staraptor
|move|p2a: Pelipper|Hurricane|p1a: Whimsicott
|-supereffective|p1a: Whimsicott|1
|-damage|p1a: Whimsicott|0 fnt
|faint|p1a: Whimsicott
|
|-weather|RainDance|[upkeep]
|-sideend|p1: JWaffleB|Reflect
|upkeep
|
|t:|1782227642
|switch|p1a: Grimmsnarl|Grimmsnarl, L50, M, shiny|57/100
|switch|p1b: Incineroar|Incineroar, L50, M, shiny|96/100
|-ability|p1b: Incineroar|Intimidate|boost
|-unboost|p2a: Pelipper|atk|1
|-unboost|p2b: Sinistcha|atk|1
|turn|9
|
|t:|1782227663
|move|p2b: Sinistcha|Protect|p2b: Sinistcha
|-singleturn|p2b: Sinistcha|Protect
|move|p1b: Incineroar|Darkest Lariat|p2b: Sinistcha
|-activate|p2b: Sinistcha|move: Protect
|move|p1a: Grimmsnarl|Spirit Break|p2a: Pelipper
|-damage|p2a: Pelipper|61/100
|-unboost|p2a: Pelipper|spa|1
|move|p2a: Pelipper|Weather Ball|p1b: Incineroar
|-supereffective|p1b: Incineroar|1
|-damage|p1b: Incineroar|66/100
|
|-weather|RainDance|[upkeep]
|-sideend|p1: JWaffleB|move: Light Screen
|upkeep
|turn|10
|
|t:|1782227682
|switch|p2b: Archaludon|Archaludon, L50, M|30/100
|move|p1a: Grimmsnarl|Light Screen|p1a: Grimmsnarl
|-sidestart|p1: JWaffleB|move: Light Screen
|move|p1b: Incineroar|Darkest Lariat|p2b: Archaludon
|-damage|p2b: Archaludon|5/100
|-ability|p2b: Archaludon|Stamina|boost
|-boost|p2b: Archaludon|def|1
|move|p2a: Pelipper|Tailwind|p2a: Pelipper
|-sidestart|p2: TalonMasterJ|move: Tailwind
|
|-weather|none
|-heal|p2b: Archaludon|11/100|[from] item: Leftovers
|upkeep
|turn|11
|
|t:|1782227701
|switch|p2a: Sinistcha|Sinistcha, L50|100/100
|-heal|p2b: Archaludon|36/100|[from] ability: Hospitality|[of] p2a: Sinistcha
|move|p2b: Archaludon|Protect|p2b: Archaludon
|-singleturn|p2b: Archaludon|Protect
|move|p1b: Incineroar|Darkest Lariat|p2a: Sinistcha
|-supereffective|p2a: Sinistcha|1
|-damage|p2a: Sinistcha|46/100
|move|p1a: Grimmsnarl|Spirit Break|p2b: Archaludon
|-activate|p2b: Archaludon|move: Protect
|
|-heal|p2b: Archaludon|42/100|[from] item: Leftovers
|-sideend|p1: JWaffleB|move: Tailwind
|upkeep
|turn|12
|
|t:|1782227718
|move|p2b: Archaludon|Flash Cannon|p1a: Grimmsnarl
|-supereffective|p1a: Grimmsnarl|1
|-damage|p1a: Grimmsnarl|21/100
|move|p2a: Sinistcha|Life Dew|p2a: Sinistcha|[spread] p2a,p2b
|-heal|p2a: Sinistcha|71/100
|-heal|p2b: Archaludon|67/100
|move|p1a: Grimmsnarl|Spirit Break|p2b: Archaludon
|-damage|p2b: Archaludon|52/100
|-unboost|p2b: Archaludon|spa|1
|-ability|p2b: Archaludon|Stamina|boost
|-boost|p2b: Archaludon|def|1
|move|p1b: Incineroar|Darkest Lariat|p2a: Sinistcha
|-supereffective|p2a: Sinistcha|1
|-damage|p2a: Sinistcha|14/100
|
|-heal|p2b: Archaludon|58/100|[from] item: Leftovers
|upkeep
|turn|13
|
|t:|1782227739
|switch|p2a: Pelipper|Pelipper, L50, F|61/100
|-weather|RainDance|[from] ability: Drizzle|[of] p2a: Pelipper
|move|p2b: Archaludon|Electro Shot||[still]
|-prepare|p2b: Archaludon|Electro Shot
|-boost|p2b: Archaludon|spa|1
|-anim|p2b: Archaludon|Electro Shot|p1a: Grimmsnarl
|-damage|p1a: Grimmsnarl|0 fnt
|faint|p1a: Grimmsnarl
|move|p1b: Incineroar|Darkest Lariat|p2a: Pelipper
|-damage|p2a: Pelipper|32/100
|-enditem|p2a: Pelipper|Sitrus Berry|[eat]
|-heal|p2a: Pelipper|57/100|[from] item: Sitrus Berry
|
|-weather|RainDance|[upkeep]
|-heal|p2b: Archaludon|64/100|[from] item: Leftovers
|-sideend|p2: TalonMasterJ|move: Tailwind
|upkeep
|turn|14
|-message|JWaffleB forfeited.
|
|win|TalonMasterJ
|raw|JWaffleB's rating: 1027 → 1015(-12 for losing)
|raw|TalonMasterJ's rating: 1072 → 1097(+25 for winning)
|l|☆JWaffleB
|player|p1|
