|j|☆StonksVgc89
|j|☆dos DJ gu
|html|StonksVgc89dos DJ gu    
|uhtml|bestof|Game 2 of a best-of-3
|t:|1783618252
|gametype|doubles
|player|p1|StonksVgc89|266|1132
|player|p2|dos DJ gu|brycen|1000
|gen|9
|tier|[Gen 9 Champions] VGC 2026 Reg M-B (Bo3)
|rated|
|rule|Species Clause: Limit one of each Pokémon
|rule|Item Clause: Limit 1 of each item
|clearpoke
|poke|p1|Grimmsnarl, L50, M|
|poke|p1|Basculegion, L50, M|
|poke|p1|Venusaur, L50, F|
|poke|p1|Pelipper, L50, M|
|poke|p1|Archaludon, L50, M|
|poke|p1|Swampert, L50, M|
|poke|p2|Swampert, L50, M|
|poke|p2|Pelipper, L50, M|
|poke|p2|Dragonite, L50, F, shiny|
|poke|p2|Archaludon, L50, M, shiny|
|poke|p2|Basculegion, L50, M, shiny|
|poke|p2|Sneasler, L50, F|
|teampreview|4
|showteam|p1|Grimmsnarl||LightClay|Prankster|SpiritBreak,Reflect,LightScreen,PartingShot|Careful||M|||50|]Basculegion||ChoiceScarf|Adaptability|WaveCrash,LastRespects,AquaJet,FlipTurn|Jolly||M|||50|]Venusaur||Venusaurite|Chlorophyll|GigaDrain,SludgeBomb,EarthPower,Protect|Modest||F|||50|]Pelipper||SitrusBerry|Drizzle|Hurricane,WeatherBall,Tailwind,RainDance|Modest||M|||50|]Archaludon||Leftovers|Stamina|FlashCannon,DragonPulse,ElectroShot,Protect|Modest||M|||50|]Swampert||Swampertite|Damp|WaveCrash,Earthquake,IcePunch,Protect|Adamant||M|||50|
|showteam|p2|Swampert||Swampertite|Torrent|WaveCrash,FlipTurn,Earthquake,Protect|Jolly||M|||50|]Pelipper||FocusSash|Drizzle|WeatherBall,Protect,Tailwind,Hurricane|Modest||M|||50|]Dragonite||Dragoninite|Multiscale|Hurricane,Thunderbolt,DracoMeteor,Protect|Timid||F|||50|]Archaludon||Leftovers|Stamina|DracoMeteor,ElectroShot,FlashCannon,Protect|Timid||M|||50|]Basculegion||ChoiceScarf|SwiftSwim|AquaJet,WaveCrash,LastRespects,FlipTurn|Jolly||M|||50|]Sneasler||WhiteHerb|Unburden|CloseCombat,DireClaw,FakeOut,Protect|Adamant||F|||50|
|j| Lexicon
|inactive|Battle timer is ON: inactive players will automatically lose when time's up. (requested by dos DJ gu)
|
|t:|1783618295
|teamsize|p1|4
|teamsize|p2|4
|start
|switch|p1a: Basculegion|Basculegion, L50, M|100/100
|switch|p1b: Grimmsnarl|Grimmsnarl, L50, M|100/100
|switch|p2a: Swampert|Swampert, L50, M|100/100
|switch|p2b: Pelipper|Pelipper, L50, M|100/100
|-weather|RainDance|[from] ability: Drizzle|[of] p2b: Pelipper
|turn|1
|inactive|StonksVgc89 has 30 seconds left.
|inactive|StonksVgc89 has 20 seconds left.
|
|t:|1783618334
|detailschange|p2a: Swampert|Swampert-Mega, L50, M
|-mega|p2a: Swampert|Swampert|Swampertite
|move|p1b: Grimmsnarl|Reflect|p1b: Grimmsnarl
|-sidestart|p1: StonksVgc89|Reflect
|move|p2a: Swampert|Wave Crash|p1b: Grimmsnarl
|-damage|p1b: Grimmsnarl|32/100
|-damage|p2a: Swampert|74/100|[from] Recoil
|move|p1a: Basculegion|Wave Crash|p2a: Swampert
|-damage|p2a: Swampert|0 fnt
|faint|p2a: Swampert
|-damage|p1a: Basculegion|77/100|[from] Recoil
|move|p2b: Pelipper|Hurricane|p1a: Basculegion
|-damage|p1a: Basculegion|23/100
|
|-weather|RainDance|[upkeep]
|upkeep
|
|t:|1783618357
|switch|p2a: Sneasler|Sneasler, L50, F|100/100
|turn|2
|inactive|StonksVgc89 has 30 seconds left.
|
|t:|1783618385
|move|p2a: Sneasler|Fake Out|p1a: Basculegion
|-immune|p1a: Basculegion
|move|p1b: Grimmsnarl|Parting Shot|p2b: Pelipper
|-unboost|p2b: Pelipper|atk|1
|-unboost|p2b: Pelipper|spa|1
|
|t:|1783618395
|switch|p1b: Archaludon|Archaludon, L50, M|100/100|[from] Parting Shot
|move|p1a: Basculegion|Wave Crash|p2a: Sneasler
|-damage|p2a: Sneasler|0 fnt
|faint|p2a: Sneasler
|-damage|p1a: Basculegion|0 fnt|[from] Recoil
|faint|p1a: Basculegion
|move|p2b: Pelipper|Weather Ball|p1b: Archaludon
|-resisted|p1b: Archaludon|1
|-crit|p1b: Archaludon
|-damage|p1b: Archaludon|56/100
|-ability|p1b: Archaludon|Stamina|boost
|-boost|p1b: Archaludon|def|1
|
|-weather|RainDance|[upkeep]
|-heal|p1b: Archaludon|62/100|[from] item: Leftovers
|upkeep
|
|t:|1783618413
|switch|p2a: Archaludon|Archaludon, L50, M, shiny|100/100
|switch|p1a: Swampert|Swampert, L50, M|100/100
|turn|3
|inactive|StonksVgc89 has 30 seconds left.
|inactive|StonksVgc89 has 20 seconds left.
|
|t:|1783618449
|detailschange|p1a: Swampert|Swampert-Mega, L50, M
|-mega|p1a: Swampert|Swampert|Swampertite
|move|p1a: Swampert|Wave Crash|p2b: Pelipper
|-resisted|p2b: Pelipper|1
|-damage|p2b: Pelipper|31/100
|-damage|p1a: Swampert|83/100|[from] Recoil
|move|p2a: Archaludon|Draco Meteor|p1b: Archaludon
|-damage|p1b: Archaludon|11/100
|-unboost|p2a: Archaludon|spa|2
|-ability|p1b: Archaludon|Stamina|boost
|-boost|p1b: Archaludon|def|1
|move|p2b: Pelipper|Hurricane|p1a: Swampert
|-damage|p1a: Swampert|58/100
|-start|p1a: Swampert|confusion
|move|p1b: Archaludon|Electro Shot||[still]
|-prepare|p1b: Archaludon|Electro Shot
|-boost|p1b: Archaludon|spa|1
|-anim|p1b: Archaludon|Electro Shot|p2a: Archaludon
|-resisted|p2a: Archaludon|1
|-damage|p2a: Archaludon|64/100
|-ability|p2a: Archaludon|Stamina|boost
|-boost|p2a: Archaludon|def|1
|
|-weather|RainDance|[upkeep]
|-heal|p2a: Archaludon|70/100|[from] item: Leftovers
|-heal|p1b: Archaludon|17/100|[from] item: Leftovers
|upkeep
|turn|4
|inactive|StonksVgc89 has 30 seconds left.
|inactive|dos DJ gu has 30 seconds left.
|inactive|dos DJ gu has 20 seconds left.
|inactive|dos DJ gu has 15 seconds left.
|inactive|dos DJ gu has 10 seconds left.
|
|t:|1783618496
|-activate|p1a: Swampert|confusion
|move|p1a: Swampert|Wave Crash|p2b: Pelipper
|-resisted|p2b: Pelipper|1
|-damage|p2b: Pelipper|0 fnt
|faint|p2b: Pelipper
|-damage|p1a: Swampert|51/100|[from] Recoil
|move|p2a: Archaludon|Electro Shot||[still]
|-prepare|p2a: Archaludon|Electro Shot
|-boost|p2a: Archaludon|spa|1
|-anim|p2a: Archaludon|Electro Shot|p1b: Archaludon
|-resisted|p1b: Archaludon|1
|-damage|p1b: Archaludon|6/100
|-ability|p1b: Archaludon|Stamina|boost
|-boost|p1b: Archaludon|def|1
|move|p1b: Archaludon|Dragon Pulse|p2a: Archaludon
|-damage|p2a: Archaludon|8/100
|-ability|p2a: Archaludon|Stamina|boost
|-boost|p2a: Archaludon|def|1
|
|-weather|RainDance|[upkeep]
|-heal|p2a: Archaludon|14/100|[from] item: Leftovers
|-heal|p1b: Archaludon|12/100|[from] item: Leftovers
|upkeep
|turn|5
|inactive|StonksVgc89 has 30 seconds left.
|inactive|dos DJ gu has 30 seconds left.
|inactive|dos DJ gu has 20 seconds left.
|inactive|dos DJ gu has 15 seconds left.
|inactive|dos DJ gu has 10 seconds left.
|inactive|dos DJ gu has 5 seconds left.
|
|t:|1783618551
|move|p1b: Archaludon|Protect|p1b: Archaludon
|-singleturn|p1b: Archaludon|Protect
|-end|p1a: Swampert|confusion
|move|p1a: Swampert|Earthquake|p2a: Archaludon|[spread] p2a
|-activate|p1b: Archaludon|move: Protect
|-supereffective|p2a: Archaludon|1
|-damage|p2a: Archaludon|0 fnt
|faint|p2a: Archaludon
|
|win|StonksVgc89
|raw|StonksVgc89's rating: 1132 → 1151(+19 for winning)
|raw|dos DJ gu's rating: 1040 → 1028(-12 for losing)
|l| Lexicon
