|j|☆lettitripppp
|j|☆unbrokenduck2
|html|lettitrippppunbrokenduck2    
|uhtml|bestof|Game 1 of a best-of-3
|t:|1785949640
|gametype|doubles
|player|p1|lettitripppp|lucas|1137
|player|p2|unbrokenduck2|swimmerf-gen4dp|1125
|gen|9
|tier|[Gen 9 Champions] VGC 2026 Reg M-B (Bo3)
|rated|
|rule|Species Clause: Limit one of each Pokémon
|rule|Item Clause: Limit 1 of each item
|clearpoke
|poke|p1|Charizard, L50, M, shiny|
|poke|p1|Swampert, L50, M|
|poke|p1|Pelipper, L50, M|
|poke|p1|Venusaur, L50, M|
|poke|p1|Archaludon, L50, F|
|poke|p1|Grimmsnarl, L50, M, shiny|
|poke|p2|Chandelure, L50, F|
|poke|p2|Whimsicott, L50, M|
|poke|p2|Dragonite, L50, M, shiny|
|poke|p2|Sneasler, L50, F|
|poke|p2|Glimmora, L50, F|
|poke|p2|Grimmsnarl, L50, M, shiny|
|teampreview|4
|showteam|p1|Charizard||CharizarditeY|Blaze|WeatherBall,HeatWave,Hurricane,Protect|Modest||M|||50|]Swampert||Swampertite|Damp|WaveCrash,Earthquake,IcePunch,Protect|Adamant||M|||50|]Pelipper||SitrusBerry|Drizzle|WeatherBall,WideGuard,Hurricane,Tailwind|Modest||M|||50|]Venusaur||FocusSash|Chlorophyll|SleepPowder,SludgeBomb,LeafStorm,Protect|Modest||M|||50|]Archaludon||Leftovers|Stamina|FlashCannon,DragonPulse,ElectroShot,Protect|Calm||F|||50|]Grimmsnarl||LightClay|Prankster|PartingShot,LightScreen,SpiritBreak,Reflect|Sassy||M|||50|
|showteam|p2|Chandelure||Chandelurite|Infiltrator|ShadowBall,HeatWave,EnergyBall,Protect|Modest||F|||50|]Whimsicott||FocusSash|Prankster|Tailwind,EnergyBall,Moonblast,Protect|Timid||M|||50|]Dragonite||LifeOrb|InnerFocus|ExtremeSpeed,DragonClaw,Superpower,Protect|Adamant||M|||50|]Sneasler||WhiteHerb|PoisonTouch|CloseCombat,DireClaw,Protect,FirePunch|Jolly||F|||50|]Glimmora||Glimmoranite|ToxicDebris|PowerGem,SludgeBomb,SpikyShield,EarthPower|Timid||F|||50|]Grimmsnarl||Leftovers|Prankster|FakeOut,Taunt,SuckerPunch,SpiritBreak|Impish||M|||50|
|inactive|Battle timer is ON: inactive players will automatically lose when time's up. (requested by lettitripppp)
|inactive|lettitripppp has 60 seconds left.
|inactive|unbrokenduck2 has 60 seconds left.
|
|t:|1785949700
|teamsize|p1|4
|teamsize|p2|4
|start
|switch|p1a: WET-BEAK|Pelipper, L50, M|100/100
|switch|p1b: ROID WAVE|Swampert, L50, M|100/100
|switch|p2a: Whimsicott|Whimsicott, L50, M|100/100
|switch|p2b: Dragonite|Dragonite, L50, M, shiny|100/100
|-weather|RainDance|[from] ability: Drizzle|[of] p1a: WET-BEAK
|turn|1
|inactive|unbrokenduck2 has 30 seconds left.
|
|t:|1785949733
|switch|p1b: GO JOHAN|Grimmsnarl, L50, M, shiny|100/100
|move|p2b: Dragonite|Extreme Speed|p1a: WET-BEAK
|-damage|p1a: WET-BEAK|59/100
|-damage|p2b: Dragonite|90/100|[from] item: Life Orb
|move|p2a: Whimsicott|Energy Ball|p1b: GO JOHAN
|-damage|p1b: GO JOHAN|70/100
|move|p1a: WET-BEAK|Tailwind|p1a: WET-BEAK
|-sidestart|p1: lettitripppp|move: Tailwind
|
|-weather|RainDance|[upkeep]
|upkeep
|turn|2
|inactive|unbrokenduck2 has 30 seconds left.
|
|t:|1785949761
|switch|p1a: BEYOND BRIDGE|Archaludon, L50, F|100/100
|move|p2a: Whimsicott|Tailwind|p2a: Whimsicott
|-sidestart|p2: unbrokenduck2|move: Tailwind
|move|p1b: GO JOHAN|Light Screen|p1b: GO JOHAN
|-sidestart|p1: lettitripppp|move: Light Screen
|move|p2b: Dragonite|Dragon Claw|p1a: BEYOND BRIDGE
|-damage|p1a: BEYOND BRIDGE|57/100
|-ability|p1a: BEYOND BRIDGE|Stamina|boost
|-boost|p1a: BEYOND BRIDGE|def|1
|-damage|p2b: Dragonite|80/100|[from] item: Life Orb
|
|-weather|RainDance|[upkeep]
|-heal|p1a: BEYOND BRIDGE|63/100|[from] item: Leftovers
|upkeep
|turn|3
|
|t:|1785949776
|move|p1b: GO JOHAN|Reflect|p1b: GO JOHAN
|-sidestart|p1: lettitripppp|Reflect
|move|p2a: Whimsicott|Moonblast|p1b: GO JOHAN
|-supereffective|p1b: GO JOHAN|1
|-damage|p1b: GO JOHAN|26/100
|move|p2b: Dragonite|Superpower|p1a: BEYOND BRIDGE
|-supereffective|p1a: BEYOND BRIDGE|1
|-damage|p1a: BEYOND BRIDGE|23/100
|-unboost|p2b: Dragonite|atk|1
|-unboost|p2b: Dragonite|def|1
|-ability|p1a: BEYOND BRIDGE|Stamina|boost
|-boost|p1a: BEYOND BRIDGE|def|1
|-damage|p2b: Dragonite|71/100|[from] item: Life Orb
|move|p1a: BEYOND BRIDGE|Dragon Pulse|p2b: Dragonite
|-supereffective|p2b: Dragonite|1
|-damage|p2b: Dragonite|0 fnt
|faint|p2b: Dragonite
|
|-weather|RainDance|[upkeep]
|-heal|p1a: BEYOND BRIDGE|29/100|[from] item: Leftovers
|upkeep
|
|t:|1785949799
|switch|p2b: Sneasler|Sneasler, L50, F|100/100
|turn|4
|
|t:|1785949807
|move|p1a: BEYOND BRIDGE|Protect|p1a: BEYOND BRIDGE
|-singleturn|p1a: BEYOND BRIDGE|Protect
|move|p1b: GO JOHAN|Parting Shot|p2a: Whimsicott
|-unboost|p2a: Whimsicott|atk|1
|-unboost|p2a: Whimsicott|spa|1
|
|t:|1785949812
|switch|p1b: WET-BEAK|Pelipper, L50, M|59/100|[from] Parting Shot
|move|p2b: Sneasler|Close Combat|p1a: BEYOND BRIDGE
|-activate|p1a: BEYOND BRIDGE|move: Protect
|move|p2a: Whimsicott|Moonblast|p1b: WET-BEAK
|-damage|p1b: WET-BEAK|35/100
|-enditem|p1b: WET-BEAK|Sitrus Berry|[eat]
|-heal|p1b: WET-BEAK|60/100|[from] item: Sitrus Berry
|
|-weather|RainDance|[upkeep]
|-heal|p1a: BEYOND BRIDGE|35/100|[from] item: Leftovers
|-sideend|p1: lettitripppp|move: Tailwind
|upkeep
|turn|5
|
|t:|1785949837
|switch|p2a: Grimmsnarl|Grimmsnarl, L50, M, shiny|100/100
|switch|p1a: GO JOHAN|Grimmsnarl, L50, M, shiny|26/100
|move|p2b: Sneasler|Close Combat|p1a: GO JOHAN
|-damage|p1a: GO JOHAN|0 fnt
|-unboost|p2b: Sneasler|def|1
|-unboost|p2b: Sneasler|spd|1
|faint|p1a: GO JOHAN
|-enditem|p2b: Sneasler|White Herb
|-clearnegativeboost|p2b: Sneasler|[silent]
|move|p1b: WET-BEAK|Tailwind|p1b: WET-BEAK
|-sidestart|p1: lettitripppp|move: Tailwind
|
|-weather|none
|-sideend|p2: unbrokenduck2|move: Tailwind
|upkeep
|
|t:|1785949844
|switch|p1a: ROID WAVE|Swampert, L50, M|100/100
|turn|6
|inactive|unbrokenduck2 has 30 seconds left.
|
|t:|1785949873
|switch|p1b: BEYOND BRIDGE|Archaludon, L50, F|35/100
|detailschange|p1a: ROID WAVE|Swampert-Mega, L50, M
|-mega|p1a: ROID WAVE|Swampert|Swampertite
|move|p2a: Grimmsnarl|Fake Out|p1a: ROID WAVE
|-damage|p1a: ROID WAVE|92/100
|cant|p1a: ROID WAVE|flinch
|move|p2b: Sneasler|Dire Claw|p1b: BEYOND BRIDGE
|-immune|p1b: BEYOND BRIDGE
|
|-heal|p1b: BEYOND BRIDGE|41/100|[from] item: Leftovers
|upkeep
|turn|7
|
|t:|1785949891
|switch|p1b: WET-BEAK|Pelipper, L50, M|60/100
|-weather|RainDance|[from] ability: Drizzle|[of] p1b: WET-BEAK
|move|p2a: Grimmsnarl|Sucker Punch|p1a: ROID WAVE
|-damage|p1a: ROID WAVE|76/100
|move|p1a: ROID WAVE|Wave Crash|p2a: Grimmsnarl
|-damage|p2a: Grimmsnarl|0 fnt
|faint|p2a: Grimmsnarl
|-damage|p1a: ROID WAVE|44/100|[from] Recoil
|move|p2b: Sneasler|Close Combat|p1b: WET-BEAK
|-resisted|p1b: WET-BEAK|1
|-damage|p1b: WET-BEAK|36/100
|-unboost|p2b: Sneasler|def|1
|-unboost|p2b: Sneasler|spd|1
|
|-weather|RainDance|[upkeep]
|upkeep
|
|t:|1785949906
|switch|p2a: Whimsicott|Whimsicott, L50, M|100/100
|turn|8
|
|t:|1785949917
|move|p2a: Whimsicott|Protect|p2a: Whimsicott
|-singleturn|p2a: Whimsicott|Protect
|move|p2b: Sneasler|Protect|p2b: Sneasler
|-singleturn|p2b: Sneasler|Protect
|move|p1a: ROID WAVE|Ice Punch|p2a: Whimsicott
|-activate|p2a: Whimsicott|move: Protect
|move|p1b: WET-BEAK|Hurricane|p2b: Sneasler
|-activate|p2b: Sneasler|move: Protect
|
|-weather|RainDance|[upkeep]
|-sideend|p1: lettitripppp|move: Tailwind
|upkeep
|turn|9
|
|t:|1785949936
|move|p1a: ROID WAVE|Ice Punch|p2a: Whimsicott
|-supereffective|p2a: Whimsicott|1
|-damage|p2a: Whimsicott|1/100
|move|p2b: Sneasler|Dire Claw|p1b: WET-BEAK
|-damage|p1b: WET-BEAK|7/100
|move|p2a: Whimsicott|Energy Ball|p1a: ROID WAVE
|-supereffective|p1a: ROID WAVE|2
|-damage|p1a: ROID WAVE|0 fnt
|faint|p1a: ROID WAVE
|move|p1b: WET-BEAK|Hurricane|p2b: Sneasler
|-supereffective|p2b: Sneasler|1
|-damage|p2b: Sneasler|0 fnt
|faint|p2b: Sneasler
|
|-weather|RainDance|[upkeep]
|-sideend|p1: lettitripppp|move: Light Screen
|upkeep
|
|t:|1785949945
|switch|p1a: BEYOND BRIDGE|Archaludon, L50, F|41/100
|turn|10
|
|t:|1785949953
|move|p2a: Whimsicott|Moonblast|p1a: BEYOND BRIDGE
|-crit|p1a: BEYOND BRIDGE
|-damage|p1a: BEYOND BRIDGE|0 fnt
|faint|p1a: BEYOND BRIDGE
|move|p1b: WET-BEAK|Weather Ball|p2a: Whimsicott
|-resisted|p2a: Whimsicott|1
|-damage|p2a: Whimsicott|0 fnt
|faint|p2a: Whimsicott
|
|win|lettitripppp
