|j|☆ShdaowForece
|j|☆MiraiPidgeon
|html|ShdaowForeceMiraiPidgeon    
|uhtml|bestof|Game 3 of a best-of-3
|t:|1756152656
|gametype|doubles
|player|p1|ShdaowForece|lucas|1186
|player|p2|MiraiPidgeon|169|1370
|gen|9
|tier|[Gen 9] VGC 2025 Reg H (Bo3)
|rated|
|rule|Species Clause: Limit one of each Pokémon
|rule|Item Clause: Limit 1 of each item
|clearpoke
|poke|p1|Gholdengo, L50|
|poke|p1|Murkrow, L50, F|
|poke|p1|Volcarona, L50, M|
|poke|p1|Sneasler, L50, F|
|poke|p1|Incineroar, L50, M|
|poke|p1|Garchomp, L50, F|
|poke|p2|Talonflame, L50, F|
|poke|p2|Garchomp, L50, M|
|poke|p2|Annihilape, L50, F|
|poke|p2|Tyranitar, L50, F|
|poke|p2|Gholdengo, L50|
|poke|p2|Amoonguss, L50, F|
|teampreview|4
|showteam|p1|Gholdengo||ChoiceSpecs|GoodasGold|MakeItRain,ShadowBall,Trick,Protect||||||50|,,,,,Steel]Murkrow||Eviolite|Prankster|Tailwind,FoulPlay,Haze,SunnyDay|||F|||50|,,,,,Ghost]Volcarona||Leftovers|FlameBody|HeatWave,TeraBlast,QuiverDance,Protect|||M|||50|,,,,,Fairy]Sneasler||WhiteHerb|Unburden|DireClaw,CloseCombat,FakeOut,Protect|||F|||50|,,,,,Stellar]Incineroar||SafetyGoggles|Intimidate|FlareBlitz,KnockOff,FakeOut,PartingShot|||M|||50|,,,,,Ghost]Garchomp||ClearAmulet|RoughSkin|StompingTantrum,DragonClaw,Earthquake,Protect|||F|||50|,,,,,Fire
|showteam|p2|Talonflame||SharpBeak|GaleWings|Tailwind,DualWingbeat,WillOWisp,Protect|||F|||50|,,,,,Ghost]Garchomp||LoadedDice|RoughSkin|Earthquake,ScaleShot,Protect,StompingTantrum|||M|||50|,,,,,Fairy]Annihilape||FocusSash|Defiant|CloseCombat,RageFist,Coaching,Taunt|||F|||50|,,,,,Grass]Tyranitar||AssaultVest|SandStream|KnockOff,RockSlide,LowKick,TeraBlast|||F|||50|,,,,,Flying]Gholdengo||MetalCoat|GoodasGold|MakeItRain,ShadowBall,NastyPlot,Protect||||||50|,,,,,Flying]Amoonguss||SitrusBerry|Regenerator|Spore,RagePowder,PollenPuff,ClearSmog|||F|||50|,,,,,Water
|
|t:|1756152711
|teamsize|p1|4
|teamsize|p2|4
|start
|switch|p1a: Volcarona|Volcarona, L50, M, shiny|100/100
|switch|p1b: Direshifu|Sneasler, L50, F|100/100
|switch|p2a: Garchomp|Garchomp, L50, M|100/100
|switch|p2b: Annihilape|Annihilape, L50, F|100/100
|turn|1
|
|t:|1756152758
|move|p2a: Garchomp|Protect|p2a: Garchomp
|-singleturn|p2a: Garchomp|Protect
|move|p1b: Direshifu|Fake Out|p2a: Garchomp
|-activate|p2a: Garchomp|move: Protect
|move|p2b: Annihilape|Coaching|p2a: Garchomp
|-boost|p2a: Garchomp|atk|1
|-boost|p2a: Garchomp|def|1
|move|p1a: Volcarona|Quiver Dance|p1a: Volcarona
|-boost|p1a: Volcarona|spa|1
|-boost|p1a: Volcarona|spd|1
|-boost|p1a: Volcarona|spe|1
|
|upkeep
|turn|2
|
|t:|1756152795
|-terastallize|p1a: Volcarona|Fairy
|-terastallize|p2a: Garchomp|Fairy
|move|p1a: Volcarona|Heat Wave|p2b: Annihilape|[spread] p2a,p2b
|-damage|p2a: Garchomp|43/100
|-damage|p2b: Annihilape|56/100
|move|p1b: Direshifu|Dire Claw|p2a: Garchomp
|-supereffective|p2a: Garchomp
|-damage|p2a: Garchomp|0 fnt
|-damage|p1b: Direshifu|89/100|[from] ability: Rough Skin|[of] p2a: Garchomp
|faint|p2a: Garchomp
|move|p2b: Annihilape|Coaching|p2: Garchomp|[notarget]
|-fail|p2b: Annihilape
|
|upkeep
|
|t:|1756152803
|switch|p2a: Talonflame|Talonflame, L50, F|100/100
|turn|3
|
|t:|1756152821
|move|p2a: Talonflame|Tailwind|p2a: Talonflame
|-sidestart|p2: MiraiPidgeon|move: Tailwind
|move|p2b: Annihilape|Rage Fist|p1a: Volcarona
|-damage|p1a: Volcarona|56/100
|move|p1a: Volcarona|Tera Blast|p2b: Annihilape|[anim] Tera Blast Fairy
|-supereffective|p2b: Annihilape
|-damage|p2b: Annihilape|0 fnt
|faint|p2b: Annihilape
|move|p1b: Direshifu|Dire Claw|p2a: Talonflame
|-damage|p2a: Talonflame|38/100
|-status|p2a: Talonflame|psn
|
|-heal|p1a: Volcarona|62/100|[from] item: Leftovers
|-damage|p2a: Talonflame|25/100 psn|[from] psn
|upkeep
|
|t:|1756152829
|switch|p2b: Gholdengo|Gholdengo, L50|100/100
|turn|4
|
|t:|1756152839
|switch|p1b: Incineroar|Incineroar, L50, M|100/100
|-ability|p1b: Incineroar|Intimidate|boost
|-unboost|p2a: Talonflame|atk|1
|-unboost|p2b: Gholdengo|atk|1
|move|p1a: Volcarona|Protect|p1a: Volcarona
|-singleturn|p1a: Volcarona|Protect
|move|p2a: Talonflame|Dual Wingbeat|p1b: Incineroar|[miss]
|-miss|p2a: Talonflame|p1b: Incineroar
|move|p2b: Gholdengo|Make It Rain|p1a: Volcarona|[spread] p1b
|-activate|p1a: Volcarona|move: Protect
|-resisted|p1b: Incineroar
|-damage|p1b: Incineroar|76/100
|-unboost|p2b: Gholdengo|spa|1
|
|-heal|p1a: Volcarona|69/100|[from] item: Leftovers
|-damage|p2a: Talonflame|13/100 psn|[from] psn
|upkeep
|turn|5
|-message|MiraiPidgeon forfeited.
|
|win|ShdaowForece
|raw|ShdaowForece's rating: 1186 → 1223(+37 for winning)
|raw|MiraiPidgeon's rating: 1370 → 1340(-30 for losing)
|l|☆MiraiPidgeon
|player|p2|
