|j|☆D-Rex22
|j|☆Suedanim
|html|D-Rex22Suedanim    
|uhtml|bestof|Game 1 of a best-of-3
|t:|1785765358
|gametype|doubles
|player|p1|D-Rex22|alder|1026
|player|p2|Suedanim|unknown|1109
|gen|9
|tier|[Gen 9 Champions] VGC 2026 Reg M-B (Bo3)
|rated|
|rule|Species Clause: Limit one of each Pokémon
|rule|Item Clause: Limit 1 of each item
|clearpoke
|poke|p1|Cofagrigus, L50, M|
|poke|p1|Espathra, L50, M|
|poke|p1|Lucario, L50, M|
|poke|p1|Torkoal, L50, F|
|poke|p1|Krookodile, L50, M, shiny|
|poke|p1|Volcarona, L50, M|
|poke|p2|Crabominable, L50, F|
|poke|p2|Ninetales-Alola, L50, M|
|poke|p2|Sinistcha, L50|
|poke|p2|Ceruledge, L50, F|
|poke|p2|Slowking, L50, M|
|poke|p2|Gholdengo, L50|
|teampreview|4
|showteam|p1|Cofagrigus||Leftovers|Mummy|BodyPress,AllySwitch,TrickRoom,WillOWisp|Careful||M|||50|]Espathra||FocusSash|SpeedBoost|ShadowBall,Protect,SkillSwap,LuminaCrash|Hasty||M|||50|]Lucario||ChoiceScarf|InnerFocus|FinalGambit,HelpingHand,BulletPunch,Protect|Rash||M|||50|]Torkoal||Charcoal|Drought|Eruption,EarthPower,Protect,HeatWave|Calm||F|||50|]Krookodile||ExpertBelt|Intimidate|Taunt,KnockOff,LowKick,HighHorsepower|Naive||M|||50|]Volcarona||SitrusBerry|FlameBody|Tailwind,RagePowder,GigaDrain,FieryDance|Modest||M|||50|
|showteam|p2|Crabominable||Crabominite|HyperCutter|IronDefense,BodyPress,IceHammer,Protect|Careful||F|||50|]Ninetales-Alola||LightClay|SnowWarning|AuroraVeil,Blizzard,Moonblast,Protect|Timid||M|||50|]Sinistcha||MiracleSeed|Hospitality|MatchaGotcha,RagePowder,Protect,TrickRoom|Relaxed|||||50|]Ceruledge||Charcoal|FlashFire|BitterBlade,BulkUp,ShadowSneak,Protect|Jolly||F|||50|]Slowking||MentalHerb|Regenerator|Scald,ChillyReception,TrickRoom,Yawn|Relaxed||M|||50|]Gholdengo||ChoiceScarf|GoodasGold|MakeItRain,ShadowBall,Trick,SteelBeam|Timid|||||50|
|inactive|Battle timer is ON: inactive players will automatically lose when time's up. (requested by D-Rex22)
|
|t:|1785765412
|teamsize|p1|4
|teamsize|p2|4
|start
|switch|p1a: Cofagrigus|Cofagrigus, L50, M|100/100
|switch|p1b: Lucario|Lucario, L50, M|100/100
|switch|p2a: Crabominable|Crabominable, L50, F|100/100
|switch|p2b: Slowking|Slowking, L50, M|100/100
|turn|1
|inactive|D-Rex22 has 30 seconds left.
|
|t:|1785765444
|detailschange|p2a: Crabominable|Crabominable-Mega, L50, F
|-mega|p2a: Crabominable|Crabominable|Crabominite
|move|p1b: Lucario|Final Gambit|p2b: Slowking
|-damage|p2b: Slowking|12/100
|faint|p1b: Lucario
|move|p2a: Crabominable|Iron Defense|p2a: Crabominable
|-boost|p2a: Crabominable|def|2
|move|p1a: Cofagrigus|Body Press|p2a: Crabominable
|-supereffective|p2a: Crabominable|1
|-damage|p2a: Crabominable|77/100
|-prepare|p2b: Slowking|Chilly Reception|[premajor]
|move|p2b: Slowking|Chilly Reception|p2b: Slowking
|-weather|Snowscape
|
|t:|1785765459
|-heal|p2b: Slowking|45/100|[from] ability: Regenerator|[silent]
|switch|p2b: Ceruledge|Ceruledge, L50, F|100/100|[from] Chilly Reception
|
|-weather|Snowscape|[upkeep]
|upkeep
|
|t:|1785765469
|switch|p1b: Espathra|Espathra, L50, M|100/100
|turn|2
|
|t:|1785765486
|move|p1b: Espathra|Lumina Crash|p2a: Crabominable
|-supereffective|p2a: Crabominable|1
|-damage|p2a: Crabominable|22/100
|-unboost|p2a: Crabominable|spd|2
|move|p2b: Ceruledge|Bulk Up|p2b: Ceruledge
|-boost|p2b: Ceruledge|atk|1
|-boost|p2b: Ceruledge|def|1
|move|p2a: Crabominable|Body Press|p1b: Espathra
|-resisted|p1b: Espathra|1
|-damage|p1b: Espathra|34/100
|move|p1a: Cofagrigus|Will-O-Wisp|p2a: Crabominable|[miss]
|-miss|p1a: Cofagrigus|p2a: Crabominable
|
|-weather|Snowscape|[upkeep]
|-ability|p1b: Espathra|Speed Boost|boost
|-boost|p1b: Espathra|spe|1
|upkeep
|turn|3
|inactive|D-Rex22 has 30 seconds left.
|
|t:|1785765517
|move|p2a: Crabominable|Protect|p2a: Crabominable
|-singleturn|p2a: Crabominable|Protect
|move|p1a: Cofagrigus|Ally Switch|p1a: Cofagrigus
|swap|p1a: Cofagrigus|1|[from] move: Ally Switch
|move|p2b: Ceruledge|Shadow Sneak|p1b: Cofagrigus
|-supereffective|p1b: Cofagrigus|1
|-damage|p1b: Cofagrigus|51/100
|-activate|p1b: Cofagrigus|ability: Mummy|p2b: Ceruledge|[ability] Flash Fire
|move|p1a: Espathra|Lumina Crash|p2a: Crabominable
|-activate|p2a: Crabominable|move: Protect
|
|-weather|Snowscape|[upkeep]
|-heal|p1b: Cofagrigus|57/100|[from] item: Leftovers
|-ability|p1a: Espathra|Speed Boost|boost
|-boost|p1a: Espathra|spe|1
|upkeep
|turn|4
|inactive|D-Rex22 has 30 seconds left.
|inactive|D-Rex22 has 20 seconds left.
|inactive|D-Rex22 has 15 seconds left.
|
|t:|1785765558
|switch|p2a: Slowking|Slowking, L50, M|45/100
|move|p2b: Ceruledge|Shadow Sneak|p1b: Cofagrigus
|-supereffective|p1b: Cofagrigus|1
|-damage|p1b: Cofagrigus|10/100
|move|p1a: Espathra|Shadow Ball|p2b: Ceruledge
|-supereffective|p2b: Ceruledge|1
|-damage|p2b: Ceruledge|48/100
|-unboost|p2b: Ceruledge|spd|1
|move|p1b: Cofagrigus|Body Press|p2a: Slowking
|-resisted|p2a: Slowking|1
|-damage|p2a: Slowking|35/100
|
|-weather|Snowscape|[upkeep]
|-heal|p1b: Cofagrigus|16/100|[from] item: Leftovers
|-ability|p1a: Espathra|Speed Boost|boost
|-boost|p1a: Espathra|spe|1
|upkeep
|turn|5
|inactive|D-Rex22 has 30 seconds left.
|inactive|Suedanim has 30 seconds left.
|inactive|D-Rex22 has 20 seconds left.
|inactive|Suedanim has 20 seconds left.
|inactive|Suedanim has 15 seconds left.
|inactive|Suedanim has 10 seconds left.
|inactive|Suedanim has 5 seconds left.
|l|☆Suedanim
|inactive|Suedanim disconnected and has a minute to reconnect!
|player|p2|
|-message|Suedanim lost due to inactivity.
|
|win|D-Rex22
