|j|☆GubGubFan
|j|☆Arkhept
|html|GubGubFanArkhept    
|uhtml|bestof|Game 1 of a best-of-3
|t:|1757256534
|gametype|doubles
|player|p1|GubGubFan|170|1154
|player|p2|Arkhept|misty|1145
|gen|9
|tier|[Gen 9] VGC 2025 Reg H (Bo3)
|rated|
|rule|Species Clause: Limit one of each Pokémon
|rule|Item Clause: Limit 1 of each item
|clearpoke
|poke|p1|Tyranitar, L50, F|
|poke|p1|Excadrill, L50, F|
|poke|p1|Basculegion, L50, M|
|poke|p1|Volcarona, L50, M|
|poke|p1|Dragonite, L50, F|
|poke|p1|Magmar, L50, F|
|poke|p2|Farigiraf, L50, M|
|poke|p2|Ribombee, L50, M|
|poke|p2|Dragonite, L50, M|
|poke|p2|Hydrapple, L50, F|
|poke|p2|Volcarona, L50, F|
|poke|p2|Ursaluna-Bloodmoon, L50, M|
|teampreview|4
|showteam|p1|Tyranitar||AssaultVest|SandStream|RockSlide,KnockOff,LowKick,TeraBlast|||F|||50|,,,,,Flying]Excadrill||FocusSash|SandRush|Earthquake,HighHorsepower,IronHead,Protect|||F|||50|,,,,,Ground]Basculegion||ChoiceScarf|Adaptability|WaveCrash,FlipTurn,AquaJet,LastRespects|||M|||50|,,,,,Grass]Volcarona||Leftovers|FlameBody|HeatWave,QuiverDance,TeraBlast,Protect|||M|||50|,,,,,Fairy]Dragonite||LoadedDice|Multiscale|Protect,Tailwind,ScaleShot,Haze|||F|||50|,,,,,Fairy]Magmar||Eviolite|VitalSpirit|FollowMe,Taunt,HeatWave,WillOWisp|||F|||50|,,,,,Grass
|showteam|p2|Farigiraf||ThroatSpray|ArmorTail|HyperVoice,TeraBlast,TrickRoom,Psychic|||M|||50|,,,,,Fire]Ribombee||FocusSash|ShieldDust|Tailwind,FakeTears,Moonblast,Protect|||M|||50|,,,,,Fairy]Dragonite||LoadedDice|Multiscale|ScaleShot,IceSpinner,ExtremeSpeed,Protect|||M|||50|,,,,,Fairy]Hydrapple||AssaultVest|Regenerator|GigaDrain,FickleBeam,EarthPower,LeafStorm|||F|||50|,,,,,Fire]Volcarona||CovertCloak|FlameBody|FieryDance,StruggleBug,RagePowder,WillOWisp|||F|||50|,,,,,Dragon]Ursaluna-Bloodmoon||LifeOrb|MindsEye|HyperVoice,BloodMoon,Protect,EarthPower|||M|||50|,,,,,Ground
|inactive|Battle timer is ON: inactive players will automatically lose when time's up. (requested by Arkhept)
|inactive|GubGubFan has 60 seconds left.
|inactive|GubGubFan has 30 seconds left.
|inactive|GubGubFan has 20 seconds left.
|inactive|GubGubFan has 15 seconds left.
|inactive|GubGubFan has 10 seconds left.
|
|t:|1757256645
|teamsize|p1|4
|teamsize|p2|4
|start
|switch|p1a: Basculegion|Basculegion, L50, M|100/100
|switch|p1b: Volcarona|Volcarona, L50, M|100/100
|switch|p2a: Ribombee|Ribombee, L50, M|100/100
|switch|p2b: Ursaluna|Ursaluna-Bloodmoon, L50, M|100/100
|turn|1
|inactive|Arkhept has 30 seconds left.
|inactive|Arkhept has 20 seconds left.
|inactive|Arkhept has 15 seconds left.
|inactive|Arkhept has 10 seconds left.
|
|t:|1757256691
|switch|p2b: Hydrapple|Hydrapple, L50, F|100/100
|move|p1a: Basculegion|Flip Turn|p2a: Ribombee
|-damage|p2a: Ribombee|27/100
|
|t:|1757256704
|switch|p1a: Dragonite|Dragonite, L50, F|100/100|[from] Flip Turn
|move|p2a: Ribombee|Tailwind|p2a: Ribombee
|-sidestart|p2: Arkhept|move: Tailwind
|move|p1b: Volcarona|Quiver Dance|p1b: Volcarona
|-boost|p1b: Volcarona|spa|1
|-boost|p1b: Volcarona|spd|1
|-boost|p1b: Volcarona|spe|1
|
|upkeep
|turn|2
|inactive|GubGubFan has 30 seconds left.
|inactive|Arkhept has 30 seconds left.
|inactive|Arkhept has 20 seconds left.
|inactive|Arkhept has 15 seconds left.
|inactive|Arkhept has 10 seconds left.
|inactive|Arkhept has 5 seconds left.
|
|t:|1757256759
|-terastallize|p1a: Dragonite|Fairy
|move|p2a: Ribombee|Moonblast|p1a: Dragonite
|-damage|p1a: Dragonite|81/100
|move|p1b: Volcarona|Heat Wave|p2b: Hydrapple|[spread] p2a,p2b
|-supereffective|p2a: Ribombee
|-damage|p2a: Ribombee|0 fnt
|-damage|p2b: Hydrapple|66/100
|faint|p2a: Ribombee
|move|p1a: Dragonite|Scale Shot|p2b: Hydrapple
|-supereffective|p2b: Hydrapple
|-damage|p2b: Hydrapple|46/100
|-supereffective|p2b: Hydrapple
|-damage|p2b: Hydrapple|23/100
|-supereffective|p2b: Hydrapple
|-damage|p2b: Hydrapple|0 fnt
|faint|p2b: Hydrapple
|-hitcount|p2: Hydrapple|3
|-unboost|p1a: Dragonite|def|1
|-boost|p1a: Dragonite|spe|1
|
|upkeep
|
|t:|1757256762
|switch|p2a: Dragonite|Dragonite, L50, M|100/100
|switch|p2b: Ursaluna|Ursaluna-Bloodmoon, L50, M|100/100
|turn|3
|inactive|GubGubFan has 30 seconds left.
|
|t:|1757256789
|move|p1b: Volcarona|Protect|p1b: Volcarona
|-singleturn|p1b: Volcarona|Protect
|move|p2a: Dragonite|Scale Shot|p1b: Volcarona
|-activate|p1b: Volcarona|move: Protect
|move|p2b: Ursaluna|Hyper Voice|p1b: Volcarona|[spread] p1a
|-activate|p1b: Volcarona|move: Protect
|-damage|p1a: Dragonite|27/100
|-damage|p2b: Ursaluna|91/100|[from] item: Life Orb
|move|p1a: Dragonite|Tailwind|p1a: Dragonite
|-sidestart|p1: GubGubFan|move: Tailwind
|
|upkeep
|turn|4
|
|t:|1757256811
|move|p2a: Dragonite|Extreme Speed|p1a: Dragonite
|-damage|p1a: Dragonite|0 fnt
|faint|p1a: Dragonite
|move|p1b: Volcarona|Heat Wave|p2b: Ursaluna|[spread] p2b
|-miss|p1b: Volcarona|p2a: Dragonite
|-damage|p2b: Ursaluna|22/100
|move|p2b: Ursaluna|Blood Moon|p1b: Volcarona
|-damage|p1b: Volcarona|42/100
|-damage|p2b: Ursaluna|12/100|[from] item: Life Orb
|
|-heal|p1b: Volcarona|48/100|[from] item: Leftovers
|-sideend|p2: Arkhept|move: Tailwind
|upkeep
|
|t:|1757256824
|switch|p1a: Tyranitar|Tyranitar, L50, F|100/100
|-weather|Sandstorm|[from] ability: Sand Stream|[of] p1a: Tyranitar
|turn|5
|
|t:|1757256839
|move|p2b: Ursaluna|Protect|p2b: Ursaluna
|-singleturn|p2b: Ursaluna|Protect
|move|p1b: Volcarona|Tera Blast|p2b: Ursaluna
|-activate|p2b: Ursaluna|move: Protect
|move|p1a: Tyranitar|Knock Off|p2a: Dragonite
|-damage|p2a: Dragonite|68/100
|-enditem|p2a: Dragonite|Loaded Dice|[from] move: Knock Off|[of] p1a: Tyranitar
|move|p2a: Dragonite|Scale Shot|p1b: Volcarona
|-damage|p1b: Volcarona|31/100
|-damage|p1b: Volcarona|12/100
|-damage|p1b: Volcarona|0 fnt
|faint|p1b: Volcarona
|-hitcount|p1: Volcarona|3
|-unboost|p2a: Dragonite|def|1
|-boost|p2a: Dragonite|spe|1
|
|-weather|Sandstorm|[upkeep]
|-damage|p2a: Dragonite|62/100|[from] Sandstorm
|upkeep
|
|t:|1757256853
|switch|p1b: Basculegion|Basculegion, L50, M|100/100
|turn|6
|inactive|GubGubFan has 30 seconds left.
|
|t:|1757256881
|move|p1b: Basculegion|Last Respects|p2a: Dragonite
|-damage|p2a: Dragonite|0 fnt
|faint|p2a: Dragonite
|move|p1a: Tyranitar|Knock Off|p2b: Ursaluna
|-damage|p2b: Ursaluna|0 fnt
|-enditem|p2b: Ursaluna|Life Orb|[from] move: Knock Off|[of] p1a: Tyranitar
|faint|p2b: Ursaluna
|
|win|GubGubFan
||Arkhept is ready for game 2.
||GubGubFan is ready for game 2.
|uhtml|next|Next: Game 2 of 3
