|j|‽pseudo_777
|j|☆Tallin de Kefta
|html|pseudo_777Tallin de Kefta    
|uhtml|bestof|Game 2 of a best-of-3
|t:|1783300280
|gametype|doubles
|player|p1|pseudo_777|dancer|1167
|player|p2|Tallin de Kefta|lebanne|1361
|gen|9
|tier|[Gen 9 Champions] VGC 2026 Reg M-B (Bo3)
|rated|
|rule|Species Clause: Limit one of each Pokémon
|rule|Item Clause: Limit 1 of each item
|clearpoke
|poke|p1|Incineroar, L50, F|
|poke|p1|Sinistcha, L50|
|poke|p1|Mawile, L50, F|
|poke|p1|Delphox, L50, F|
|poke|p1|Garchomp, L50, M|
|poke|p1|Basculegion, L50, M|
|poke|p2|Sneasler, L50, F|
|poke|p2|Scovillain, L50, F|
|poke|p2|Kingambit, L50, M|
|poke|p2|Toxapex, L50, F|
|poke|p2|Snorlax, L50, F|
|poke|p2|Basculegion, L50, M|
|teampreview|4
|showteam|p1|Incineroar||Charcoal|Intimidate|FakeOut,FlareBlitz,CloseCombat,PartingShot|Brave||F|||50|]Sinistcha||OccaBerry|Hospitality|MatchaGotcha,TrickRoom,RagePowder,Protect|Bold|||||50|]Mawile||Mawilite|HyperCutter|SuckerPunch,PlayRough,RockSlide,Protect|Brave||F|||50|]Delphox||Delphoxite|Blaze|HeatWave,NastyPlot,Protect,Psychic|Timid||F|||50|]Garchomp||ChoiceScarf|RoughSkin|RockSlide,Earthquake,DragonClaw,StompingTantrum|Adamant||M|||50|]Basculegion||FocusSash|Adaptability|LastRespects,Protect,AquaJet,Liquidation|Adamant||M|||50|
|showteam|p2|Sneasler||WhiteHerb|Unburden|CloseCombat,GunkShot,FakeOut,Protect|Jolly||F|||50|]Scovillain||Scovillainite|Moody|Overheat,RagePowder,LeechSeed,Protect|Calm||F|||50|]Kingambit||ChopleBerry|Defiant|KowtowCleave,SuckerPunch,LowKick,Protect|Adamant||M|||50|]Toxapex||Leftovers|Regenerator|Infestation,WideGuard,Recover,Protect|Bold||F|||50|]Snorlax||SitrusBerry|ThickFat|DoubleEdge,Yawn,Fissure,Protect|Relaxed||F|||50|]Basculegion||ChoiceScarf|Adaptability|WaveCrash,LastRespects,FlipTurn,AquaJet|Jolly||M|||50|
|
|t:|1783300288
|teamsize|p1|4
|teamsize|p2|4
|start
|switch|p1a: Incineroar|Incineroar, L50, F|100/100
|switch|p1b: Delphox|Delphox, L50, F|100/100
|switch|p2a: Scovillain|Scovillain, L50, F|100/100
|switch|p2b: Kingambit|Kingambit, L50, M|100/100
|-ability|p1a: Incineroar|Intimidate|boost
|-unboost|p2a: Scovillain|atk|1
|-unboost|p2b: Kingambit|atk|1
|-ability|p2b: Kingambit|Defiant|boost
|-boost|p2b: Kingambit|atk|2
|turn|1
|
|t:|1783300297
|detailschange|p1b: Delphox|Delphox-Mega, L50, F
|-mega|p1b: Delphox|Delphox|Delphoxite
|move|p2b: Kingambit|Protect|p2b: Kingambit
|-singleturn|p2b: Kingambit|Protect
|move|p1a: Incineroar|Fake Out|p2b: Kingambit
|-activate|p2b: Kingambit|move: Protect
|move|p1b: Delphox|Nasty Plot|p1b: Delphox
|-boost|p1b: Delphox|spa|2
|move|p2a: Scovillain|Leech Seed|p1b: Delphox
|-start|p1b: Delphox|move: Leech Seed
|
|-damage|p1b: Delphox|87/100|[from] Leech Seed|[of] p2a: Scovillain
|-ability|p2a: Scovillain|Moody|boost
|-boost|p2a: Scovillain|atk|2
|-unboost|p2a: Scovillain|spe|1
|upkeep
|turn|2
|
|t:|1783300320
|move|p1b: Delphox|Protect|p1b: Delphox
|-singleturn|p1b: Delphox|Protect
|move|p2b: Kingambit|Sucker Punch||[still]
|-fail|p2b: Kingambit
|move|p1a: Incineroar|Parting Shot|p2a: Scovillain
|-unboost|p2a: Scovillain|atk|1
|-unboost|p2a: Scovillain|spa|1
|
|t:|1783300328
|switch|p1a: Sinistcha|Sinistcha, L50|100/100|[from] Parting Shot
|-heal|p1b: Delphox|100/100|[from] ability: Hospitality|[of] p1a: Sinistcha
|move|p2a: Scovillain|Overheat|p1a: Sinistcha
|-supereffective|p1a: Sinistcha|1
|-enditem|p1a: Sinistcha|Occa Berry|[eat]
|-enditem|p1a: Sinistcha|Occa Berry|[weaken]
|-damage|p1a: Sinistcha|69/100
|-unboost|p2a: Scovillain|spa|2
|
|-damage|p1b: Delphox|87/100|[from] Leech Seed|[of] p2a: Scovillain
|-ability|p2a: Scovillain|Moody|boost
|-boost|p2a: Scovillain|def|2
|-unboost|p2a: Scovillain|spa|1
|upkeep
|turn|3
|
|t:|1783300343
|switch|p2a: Snorlax|Snorlax, L50, F|100/100
|move|p2b: Kingambit|Protect|p2b: Kingambit
|-singleturn|p2b: Kingambit|Protect
|move|p1a: Sinistcha|Rage Powder|p1a: Sinistcha
|-singleturn|p1a: Sinistcha|move: Rage Powder
|move|p1b: Delphox|Heat Wave|p2a: Snorlax|[spread] p2a
|-activate|p2b: Kingambit|move: Protect
|-damage|p2a: Snorlax|76/100
|
|-damage|p1b: Delphox|75/100|[from] Leech Seed|[of] p2a: Snorlax
|-heal|p2a: Snorlax|83/100|[silent]
|upkeep
|turn|4
|
|t:|1783300357
|switch|p2b: Basculegion|Basculegion, L50, M|100/100
|move|p1b: Delphox|Heat Wave|p2b: Basculegion|[spread] p2a,p2b
|-resisted|p2b: Basculegion|1
|-damage|p2a: Snorlax|61/100
|-damage|p2b: Basculegion|55/100
|-status|p2b: Basculegion|brn
|move|p1a: Sinistcha|Matcha Gotcha|p2a: Snorlax|[spread] p2a,p2b
|-supereffective|p2b: Basculegion|1
|-damage|p2a: Snorlax|47/100
|-heal|p1a: Sinistcha|79/100|[from] drain|[of] p2a: Snorlax
|-damage|p2b: Basculegion|0 fnt
|-heal|p1a: Sinistcha|100/100|[from] drain|[of] p2b: Basculegion
|-enditem|p2a: Snorlax|Sitrus Berry|[eat]
|-heal|p2a: Snorlax|72/100|[from] item: Sitrus Berry
|faint|p2b: Basculegion
|move|p2a: Snorlax|Yawn|p1b: Delphox
|-start|p1b: Delphox|move: Yawn|[of] p2a: Snorlax
|
|-damage|p1b: Delphox|62/100|[from] Leech Seed|[of] p2a: Snorlax
|-heal|p2a: Snorlax|80/100|[silent]
|upkeep
|
|t:|1783300372
|switch|p2b: Scovillain|Scovillain, L50, F|100/100
|turn|5
|
|t:|1783300380
|switch|p1b: Incineroar|Incineroar, L50, F|100/100
|-ability|p1b: Incineroar|Intimidate|boost
|-unboost|p2a: Snorlax|atk|1
|-unboost|p2b: Scovillain|atk|1
|move|p2b: Scovillain|Protect|p2b: Scovillain
|-singleturn|p2b: Scovillain|Protect
|move|p1a: Sinistcha|Protect|p1a: Sinistcha
|-singleturn|p1a: Sinistcha|Protect
|move|p2a: Snorlax|Fissure|p1a: Sinistcha
|-activate|p1a: Sinistcha|move: Protect
|
|-ability|p2b: Scovillain|Moody|boost
|-boost|p2b: Scovillain|spe|2
|-unboost|p2b: Scovillain|spd|1
|upkeep
|turn|6
|
|t:|1783300405
|switch|p1a: Delphox|Delphox-Mega, L50, F|62/100
|move|p2b: Scovillain|Leech Seed|p1a: Delphox
|-start|p1a: Delphox|move: Leech Seed
|move|p1b: Incineroar|Flare Blitz|p2b: Scovillain
|-damage|p2b: Scovillain|3/100
|-damage|p1b: Incineroar|72/100|[from] Recoil
|move|p2a: Snorlax|Fissure|p1a: Delphox
|-immune|p1a: Delphox|[from] ability: Levitate
|
|-damage|p1a: Delphox|50/100g|[from] Leech Seed|[of] p2b: Scovillain
|-heal|p2b: Scovillain|15/100|[silent]
|-ability|p2b: Scovillain|Moody|boost
|-boost|p2b: Scovillain|spd|2
|-unboost|p2b: Scovillain|def|1
|upkeep
|turn|7
|
|t:|1783300423
|move|p2b: Scovillain|Protect|p2b: Scovillain
|-singleturn|p2b: Scovillain|Protect
|move|p1a: Delphox|Heat Wave|p2b: Scovillain|[spread] p2a
|-activate|p2b: Scovillain|move: Protect
|-damage|p2a: Snorlax|69/100
|move|p1b: Incineroar|Close Combat|p2a: Snorlax
|-supereffective|p2a: Snorlax|1
|-damage|p2a: Snorlax|14/100
|-unboost|p1b: Incineroar|def|1
|-unboost|p1b: Incineroar|spd|1
|move|p2a: Snorlax|Yawn|p1a: Delphox
|-start|p1a: Delphox|move: Yawn|[of] p2a: Snorlax
|
|-damage|p1a: Delphox|38/100|[from] Leech Seed|[of] p2b: Scovillain
|-heal|p2b: Scovillain|26/100|[silent]
|-ability|p2b: Scovillain|Moody|boost
|-boost|p2b: Scovillain|spd|2
|-unboost|p2b: Scovillain|spa|1
|upkeep
|turn|8
|
|t:|1783300454
|switch|p1a: Sinistcha|Sinistcha, L50|100/100
|-heal|p1b: Incineroar|97/100|[from] ability: Hospitality|[of] p1a: Sinistcha
|detailschange|p2b: Scovillain|Scovillain-Mega, L50, F
|-mega|p2b: Scovillain|Scovillain|Scovillainite
|move|p2b: Scovillain|Overheat|p1a: Sinistcha
|-supereffective|p1a: Sinistcha|1
|-damage|p1a: Sinistcha|12/100
|-unboost|p2b: Scovillain|spa|2
|move|p1b: Incineroar|Flare Blitz|p2b: Scovillain
|-damage|p2b: Scovillain|0 fnt
|-immune|p1b: Incineroar
|faint|p2b: Scovillain
|-damage|p1b: Incineroar|90/100|[from] Recoil
|move|p2a: Snorlax|Fissure|p1b: Incineroar|[miss]
|-miss|p2a: Snorlax|p1b: Incineroar
|
|upkeep
|
|t:|1783300465
|switch|p2b: Kingambit|Kingambit, L50, M|100/100
|turn|9
|
|t:|1783300476
|move|p2a: Snorlax|Protect|p2a: Snorlax
|-singleturn|p2a: Snorlax|Protect
|move|p1a: Sinistcha|Rage Powder|p1a: Sinistcha
|-singleturn|p1a: Sinistcha|move: Rage Powder
|move|p1b: Incineroar|Flare Blitz|p2b: Kingambit
|-supereffective|p2b: Kingambit|1
|-damage|p2b: Kingambit|0 fnt
|faint|p2b: Kingambit
|-damage|p1b: Incineroar|56/100|[from] Recoil
|
|upkeep
|turn|10
|-message|Tallin de Kefta forfeited.
|
|win|pseudo_777
||Tallin de Kefta is ready for game 3.
||pseudo_777 is ready for game 3.
|uhtml|next|Next: Game 3 of 3
|l|☆Tallin de Kefta
|player|p2|
