|j|☆AAVR
|j|☆Hekistito
|html|AAVRHekistito    
|uhtml|bestof|Game 2 of a best-of-3
|t:|1783030009
|gametype|doubles
|player|p1|AAVR|265|1089
|player|p2|Hekistito|1|1069
|gen|9
|tier|[Gen 9 Champions] VGC 2026 Reg M-B (Bo3)
|rated|
|rule|Species Clause: Limit one of each Pokémon
|rule|Item Clause: Limit 1 of each item
|clearpoke
|poke|p1|Tyranitar, L50, F|
|poke|p1|Vivillon-Pokeball, L50, M|
|poke|p1|Mawile, L50, F|
|poke|p1|Incineroar, L50, M|
|poke|p1|Farigiraf, L50, F|
|poke|p1|Glimmora, L50, F|
|poke|p2|Metagross, L50|
|poke|p2|Venusaur, L50, F|
|poke|p2|Garchomp, L50, M|
|poke|p2|Sylveon, L50, F|
|poke|p2|Farigiraf, L50, F|
|poke|p2|Talonflame, L50, F|
|teampreview|4
|showteam|p1|Tyranitar||ChopleBerry|SandStream|Crunch,HighHorsepower,Avalanche,Protect|Adamant||F|||50|]Vivillon-Pokeball||FocusSash|CompoundEyes|SleepPowder,BugBuzz,Protect,Tailwind|Timid||M|||50|]Mawile||Mawilite|Intimidate|SuckerPunch,IronHead,PlayRough,Protect|Adamant||F|||50|]Incineroar||PasshoBerry|Intimidate|FakeOut,FlareBlitz,PartingShot,Taunt|Impish||M|||50|]Farigiraf||ColburBerry|ArmorTail|TrickRoom,TwinBeam,Protect,HyperVoice|Serious||F|||50|]Glimmora||Glimmoranite|ToxicDebris|EarthPower,EnergyBall,PowerGem,Protect|Modest||F|||50|
|showteam|p2|Metagross||Metagrossite|ClearBody|IronHead,PsychicFangs,IcePunch,Protect|Jolly|||||50|]Venusaur||Venusaurite|Overgrow|SludgeBomb,Protect,EarthPower,GigaDrain|Modest||F|||50|]Garchomp||LifeOrb|RoughSkin|DragonClaw,Earthquake,Protect,RockSlide|Jolly||M|||50|]Sylveon||FairyFeather|Pixilate|HyperVoice,QuickAttack,HyperBeam,Detect|Modest||F|||50|]Farigiraf||SitrusBerry|ArmorTail|Thunderbolt,HelpingHand,TwinBeam,TrickRoom|Bold||F|||50|]Talonflame||FocusSash|GaleWings|Tailwind,Protect,FlareBlitz,DualWingbeat|Jolly||F|||50|
|inactive|Battle timer is ON: inactive players will automatically lose when time's up. (requested by AAVR)
|
|t:|1783030046
|teamsize|p1|4
|teamsize|p2|4
|start
|switch|p1a: Vivillon|Vivillon-Pokeball, L50, M|100/100
|switch|p1b: Mawile|Mawile, L50, F|100/100
|switch|p2a: Venusaur|Venusaur, L50, F|100/100
|switch|p2b: Sylveon|Sylveon, L50, F|100/100
|-ability|p1b: Mawile|Intimidate|boost
|-unboost|p2a: Venusaur|atk|1
|-unboost|p2b: Sylveon|atk|1
|turn|1
|inactive|AAVR has 30 seconds left.
|
|t:|1783030072
|detailschange|p2a: Venusaur|Venusaur-Mega, L50, F
|-mega|p2a: Venusaur|Venusaur|Venusaurite
|detailschange|p1b: Mawile|Mawile-Mega, L50, F
|-mega|p1b: Mawile|Mawile|Mawilite
|move|p2b: Sylveon|Detect|p2b: Sylveon
|-singleturn|p2b: Sylveon|Protect
|move|p1b: Mawile|Protect|p1b: Mawile
|-singleturn|p1b: Mawile|Protect
|move|p1a: Vivillon|Sleep Powder|p2b: Sylveon
|-activate|p2b: Sylveon|move: Protect
|move|p2a: Venusaur|Earth Power|p1b: Mawile
|-activate|p1b: Mawile|move: Protect
|
|upkeep
|turn|2
|inactive|AAVR has 30 seconds left.
|inactive|Hekistito has 30 seconds left.
|inactive|Hekistito has 20 seconds left.
|inactive|Hekistito has 15 seconds left.
|
|t:|1783030114
|switch|p2b: Garchomp|Garchomp, L50, M|100/100
|move|p1a: Vivillon|Tailwind|p1a: Vivillon
|-sidestart|p1: AAVR|move: Tailwind
|move|p1b: Mawile|Iron Head|p2a: Venusaur
|-damage|p2a: Venusaur|31/100
|move|p2a: Venusaur|Earth Power|p1b: Mawile
|-supereffective|p1b: Mawile|1
|-damage|p1b: Mawile|26/100
|
|upkeep
|turn|3
|inactive|Hekistito has 30 seconds left.
|inactive|AAVR has 30 seconds left.
|
|t:|1783030147
|move|p1a: Vivillon|Sleep Powder|p2b: Garchomp
|-status|p2b: Garchomp|slp|[from] move: Sleep Powder
|cant|p2b: Garchomp|slp
|move|p1b: Mawile|Iron Head|p2a: Venusaur
|-damage|p2a: Venusaur|0 fnt
|faint|p2a: Venusaur
|
|upkeep
|
|t:|1783030159
|switch|p2a: Sylveon|Sylveon, L50, F|100/100
|turn|4
|
|t:|1783030176
|move|p2a: Sylveon|Detect|p2a: Sylveon
|-singleturn|p2a: Sylveon|Protect
|move|p1a: Vivillon|Sleep Powder|p2a: Sylveon
|-activate|p2a: Sylveon|move: Protect
|cant|p2b: Garchomp|slp
|move|p1b: Mawile|Play Rough|p2b: Garchomp
|-supereffective|p2b: Garchomp|1
|-damage|p2b: Garchomp|0 fnt
|-damage|p1b: Mawile|14/100|[from] ability: Rough Skin|[of] p2b: Garchomp
|faint|p2b: Garchomp
|
|upkeep
|
|t:|1783030187
|switch|p2b: Farigiraf|Farigiraf, L50, F|100/100
|turn|5
|
|t:|1783030198
|move|p1a: Vivillon|Sleep Powder|p2a: Sylveon
|-status|p2a: Sylveon|slp|[from] move: Sleep Powder
|move|p1b: Mawile|Iron Head|p2b: Farigiraf
|-damage|p2b: Farigiraf|39/100
|-enditem|p2b: Farigiraf|Sitrus Berry|[eat]
|-heal|p2b: Farigiraf|64/100|[from] item: Sitrus Berry
|cant|p2a: Sylveon|slp
|move|p2b: Farigiraf|Thunderbolt|p1a: Vivillon
|-supereffective|p1a: Vivillon|1
|-damage|p1a: Vivillon|18/100
|
|-sideend|p1: AAVR|move: Tailwind
|upkeep
|turn|6
|inactive|Hekistito has 30 seconds left.
|
|t:|1783030226
|move|p2b: Farigiraf|Helping Hand|p2a: Sylveon
|-singleturn|p2a: Sylveon|Helping Hand|[of] p2b: Farigiraf
|move|p1a: Vivillon|Sleep Powder|p2b: Farigiraf
|-status|p2b: Farigiraf|slp|[from] move: Sleep Powder
|cant|p2a: Sylveon|slp
|move|p1b: Mawile|Iron Head|p2a: Sylveon
|-supereffective|p2a: Sylveon|1
|-damage|p2a: Sylveon|0 fnt
|faint|p2a: Sylveon
|
|upkeep
|turn|7
|-message|Hekistito forfeited.
|
|win|AAVR
||Hekistito is ready for game 3.
||AAVR is ready for game 3.
|uhtml|next|Next: Game 3 of 3
