|j|☆Drti7
|j|☆MelonazoBalonazo
|html|Drti7MelonazoBalonazo    
|uhtml|bestof|Game 2 of a best-of-3
|t:|1756409723
|gametype|doubles
|player|p1|Drti7|101|1101
|player|p2|MelonazoBalonazo|preschooler|1000
|gen|9
|tier|[Gen 9] VGC 2025 Reg H (Bo3)
|rated|
|rule|Species Clause: Limit one of each Pokémon
|rule|Item Clause: Limit 1 of each item
|clearpoke
|poke|p1|Tyranitar, L50, F|
|poke|p1|Incineroar, L50, F|
|poke|p1|Primarina, L50, F|
|poke|p1|Rillaboom, L50, M|
|poke|p1|Corviknight, L50, M|
|poke|p1|Ursaluna-Bloodmoon, L50, M|
|poke|p2|Primeape, L50, F|
|poke|p2|Smeargle, L50, M|
|poke|p2|Krookodile, L50, F|
|poke|p2|Cryogonal, L50|
|poke|p2|Gholdengo, L50|
|poke|p2|Whimsicott, L50, M|
|teampreview|4
|showteam|p1|Tyranitar||ClearAmulet|SandStream|RockSlide,KnockOff,DragonDance,Protect|||F|||50|,,,,,Flying]Incineroar||SafetyGoggles|Intimidate|KnockOff,FlareBlitz,FakeOut,PartingShot|||F|||50|,,,,,Ghost]Primarina||ThroatSpray|LiquidVoice|HyperVoice,Moonblast,Haze,Protect|||F|||50|,,,,,Steel]Rillaboom||AssaultVest|GrassySurge|GrassyGlide,WoodHammer,FakeOut,Uturn|||M|||50|,,,,,Fire]Corviknight||Leftovers|MirrorArmor|BraveBird,BodyPress,Tailwind,IronDefense|||M|||50|,,,,,Fire]Ursaluna-Bloodmoon||LifeOrb|MindsEye|HyperVoice,BloodMoon,EarthPower,Protect|||M|||50|,,,,,Water
|showteam|p2|Primeape||Eviolite|AngerPoint|DrainPunch,RageFist,Taunt,Protect|||F|||50|,,,,,Ghost]Smeargle||FocusSash|Moody|FakeOut,FollowMe,Spore,WickedBlow|||M|||50|,,,,,Ghost]Krookodile||AssaultVest|AngerPoint|Earthquake,HighHorsepower,PowerTrip,RockSlide|||F|||50|,,,,,Fire]Cryogonal||CovertCloak|Levitate|FrostBreath,IcyWind,Haze,FreezeDry||||||50|,,,,,Fairy]Gholdengo||WeaknessPolicy|GoodasGold|MakeItRain,ShadowBall,NastyPlot,Protect||||||50|,,,,,Water]Whimsicott||ScopeLens|Prankster|Tailwind,Taunt,BeatUp,Moonblast|||M|||50|,,,,,Ghost
|inactive|Battle timer is ON: inactive players will automatically lose when time's up. (requested by MelonazoBalonazo)
|
|t:|1756409757
|teamsize|p1|4
|teamsize|p2|4
|start
|switch|p1a: Tara|Tyranitar, L50, F|100/100
|switch|p1b: RAWR|Incineroar, L50, F, shiny|100/100
|switch|p2a: Primeape|Primeape, L50, F|100/100
|switch|p2b: Smeargle|Smeargle, L50, M|100/100
|-weather|Sandstorm|[from] ability: Sand Stream|[of] p1a: Tara
|-ability|p1b: RAWR|Intimidate|boost
|-unboost|p2a: Primeape|atk|1
|-unboost|p2b: Smeargle|atk|1
|turn|1
|inactive|MelonazoBalonazo has 30 seconds left.
|
|t:|1756409788
|switch|p1a: Nevermore|Corviknight, L50, M, shiny|100/100
|-terastallize|p2b: Smeargle|Ghost
|move|p2b: Smeargle|Spore|p1a: Nevermore
|-status|p1a: Nevermore|slp|[from] move: Spore
|move|p2a: Primeape|Drain Punch|p1b: RAWR
|-supereffective|p1b: RAWR
|-damage|p1b: RAWR|63/100
|move|p1b: RAWR|Flare Blitz|p2b: Smeargle
|-enditem|p2b: Smeargle|Focus Sash
|-damage|p2b: Smeargle|1/100
|-damage|p1b: RAWR|35/100|[from] Recoil
|
|-weather|Sandstorm|[upkeep]
|-damage|p2b: Smeargle|0 fnt|[from] Sandstorm
|-damage|p2a: Primeape|95/100|[from] Sandstorm
|faint|p2b: Smeargle
|upkeep
|
|t:|1756409808
|switch|p2b: Whimsicott|Whimsicott, L50, M|100/100
|turn|2
|
|t:|1756409823
|switch|p1b: BeatBoi|Rillaboom, L50, M, shiny|100/100
|-fieldstart|move: Grassy Terrain|[from] ability: Grassy Surge|[of] p1b: BeatBoi
|move|p2b: Whimsicott|Beat Up|p2a: Primeape
|-resisted|p2a: Primeape
|-damage|p2a: Primeape|94/100
|-resisted|p2a: Primeape
|-damage|p2a: Primeape|92/100
|-resisted|p2a: Primeape
|-damage|p2a: Primeape|91/100
|-hitcount|p2a: Primeape|3
|move|p2a: Primeape|Drain Punch|p1b: BeatBoi
|-damage|p1b: BeatBoi|81/100
|-heal|p2a: Primeape|100/100|[from] drain|[of] p1b: BeatBoi
|cant|p1a: Nevermore|slp
|
|-weather|Sandstorm|[upkeep]
|-damage|p2b: Whimsicott|95/100|[from] Sandstorm
|-damage|p2a: Primeape|95/100|[from] Sandstorm
|-damage|p1b: BeatBoi|75/100|[from] Sandstorm
|-heal|p2b: Whimsicott|100/100|[from] Grassy Terrain
|-heal|p2a: Primeape|100/100|[from] Grassy Terrain
|-heal|p1b: BeatBoi|81/100|[from] Grassy Terrain
|upkeep
|turn|3
|inactive|Drti7 has 30 seconds left.
|inactive|MelonazoBalonazo has 30 seconds left.
|inactive|Drti7 has 20 seconds left.
|inactive|MelonazoBalonazo has 20 seconds left.
|inactive|Drti7 has 15 seconds left.
|
|t:|1756409868
|switch|p2a: Gholdengo|Gholdengo, L50|100/100
|move|p1b: BeatBoi|Fake Out|p2b: Whimsicott
|-damage|p2b: Whimsicott|84/100
|cant|p2b: Whimsicott|flinch
|cant|p1a: Nevermore|slp
|
|-weather|Sandstorm|[upkeep]
|-damage|p2b: Whimsicott|78/100|[from] Sandstorm
|-damage|p1b: BeatBoi|75/100|[from] Sandstorm
|-heal|p2b: Whimsicott|84/100|[from] Grassy Terrain
|-heal|p1b: BeatBoi|81/100|[from] Grassy Terrain
|upkeep
|turn|4
|inactive|Drti7 has 30 seconds left.
|inactive|Drti7 has 20 seconds left.
|
|t:|1756409905
|move|p2b: Whimsicott|Beat Up|p2a: Gholdengo
|-supereffective|p2a: Gholdengo
|-damage|p2a: Gholdengo|96/100
|-enditem|p2a: Gholdengo|Weakness Policy
|-boost|p2a: Gholdengo|atk|2|[from] item: Weakness Policy
|-boost|p2a: Gholdengo|spa|2|[from] item: Weakness Policy
|-supereffective|p2a: Gholdengo
|-damage|p2a: Gholdengo|92/100
|-supereffective|p2a: Gholdengo
|-damage|p2a: Gholdengo|87/100
|-hitcount|p2a: Gholdengo|3
|move|p2a: Gholdengo|Nasty Plot|p2a: Gholdengo
|-boost|p2a: Gholdengo|spa|2
|move|p1b: BeatBoi|U-turn|p2b: Whimsicott
|-damage|p2b: Whimsicott|53/100
|
|t:|1756409919
|switch|p1b: RAWR|Incineroar, L50, F, shiny|35/100|[from] U-turn
|-ability|p1b: RAWR|Intimidate|boost
|-unboost|p2a: Gholdengo|atk|1
|-unboost|p2b: Whimsicott|atk|1
|-curestatus|p1a: Nevermore|slp|[msg]
|move|p1a: Nevermore|Brave Bird|p2b: Whimsicott
|-supereffective|p2b: Whimsicott
|-damage|p2b: Whimsicott|0 fnt
|faint|p2b: Whimsicott
|-damage|p1a: Nevermore|85/100|[from] Recoil
|
|-weather|Sandstorm|[upkeep]
|-heal|p2a: Gholdengo|93/100|[from] Grassy Terrain
|-heal|p1b: RAWR|42/100|[from] Grassy Terrain
|-heal|p1a: Nevermore|92/100|[from] item: Leftovers
|upkeep
|
|t:|1756409928
|switch|p2b: Primeape|Primeape, L50, F|100/100
|turn|5
|inactive|Drti7 has 30 seconds left.
|
|t:|1756409956
|move|p1b: RAWR|Fake Out|p2b: Primeape
|-damage|p2b: Primeape|89/100
|cant|p2b: Primeape|flinch
|move|p2a: Gholdengo|Make It Rain|p1a: Nevermore|[spread] p1a,p1b
|-resisted|p1a: Nevermore
|-resisted|p1b: RAWR
|-damage|p1a: Nevermore|21/100
|-damage|p1b: RAWR|0 fnt
|-unboost|p2a: Gholdengo|spa|1
|faint|p1b: RAWR
|move|p1a: Nevermore|Tailwind|p1a: Nevermore
|-sidestart|p1: Drti7|move: Tailwind
|
|-weather|none
|-heal|p1a: Nevermore|28/100|[from] item: Leftovers
|-heal|p2b: Primeape|95/100|[from] Grassy Terrain
|-heal|p2a: Gholdengo|99/100|[from] Grassy Terrain
|upkeep
|
|t:|1756409974
|switch|p1b: Tara|Tyranitar, L50, F|100/100
|-weather|Sandstorm|[from] ability: Sand Stream|[of] p1b: Tara
|turn|6
|inactive|MelonazoBalonazo has 30 seconds left.
|
|t:|1756410008
|move|p2b: Primeape|Protect|p2b: Primeape
|-singleturn|p2b: Primeape|Protect
|move|p1b: Tara|Knock Off|p2a: Gholdengo
|-supereffective|p2a: Gholdengo
|-damage|p2a: Gholdengo|33/100
|move|p1a: Nevermore|Brave Bird|p2b: Primeape
|-activate|p2b: Primeape|move: Protect
|move|p2a: Gholdengo|Make It Rain|p1a: Nevermore|[spread] p1a,p1b
|-resisted|p1a: Nevermore
|-supereffective|p1b: Tara
|-damage|p1a: Nevermore|0 fnt
|-damage|p1b: Tara|0 fnt
|-unboost|p2a: Gholdengo|spa|1
|faint|p1a: Nevermore
|faint|p1b: Tara
|
|-weather|Sandstorm|[upkeep]
|-damage|p2b: Primeape|89/100|[from] Sandstorm
|-heal|p2b: Primeape|95/100|[from] Grassy Terrain
|-heal|p2a: Gholdengo|39/100|[from] Grassy Terrain
|-fieldend|move: Grassy Terrain
|upkeep
|c|☆MelonazoBalonazo|Melonazo Balonazo
|
|t:|1756410028
|switch|p1b: BeatBoi|Rillaboom, L50, M, shiny|81/100
|-fieldstart|move: Grassy Terrain|[from] ability: Grassy Surge|[of] p1b: BeatBoi
|turn|7
|-message|Drti7 forfeited.
|
|win|MelonazoBalonazo
|raw|Drti7's rating: 1101 → 1069(-32 for losing)
|raw|MelonazoBalonazo's rating: 1000 → 1051(+51 for winning)
|l|☆Drti7
|player|p1|
