|j|☆rasaighul
|j|☆Luizinho8
|html|rasaighulLuizinho8    
|uhtml|bestof|Game 1 of a best-of-3
|t:|1756419214
|gametype|doubles
|player|p1|rasaighul|palmer|1058
|player|p2|Luizinho8|266|1040
|gen|9
|tier|[Gen 9] VGC 2025 Reg H (Bo3)
|rated|
|rule|Species Clause: Limit one of each Pokémon
|rule|Item Clause: Limit 1 of each item
|clearpoke
|poke|p1|Porygon2, L50|
|poke|p1|Incineroar, L50, F|
|poke|p1|Ursaluna, L50, F|
|poke|p1|Charizard, L50, F|
|poke|p1|Jumpluff, L50, F|
|poke|p1|Torkoal, L50, M|
|poke|p2|Charizard, L50, M|
|poke|p2|Torkoal, L50, F|
|poke|p2|Porygon2, L50|
|poke|p2|Incineroar, L50, F|
|poke|p2|Jumpluff, L50, F|
|poke|p2|Ursaluna, L50, M|
|teampreview|4
|showteam|p1|Porygon2||Eviolite|Download|TeraBlast,IceBeam,Recover,TrickRoom||||||50|,,,,,Fighting]Incineroar||SafetyGoggles|Intimidate|FakeOut,FlareBlitz,KnockOff,PartingShot|||F|||50|,,,,,Ghost]Ursaluna||FlameOrb|Guts|Earthquake,Facade,HeadlongRush,Protect|||F|||50|,,,,,Ghost]Charizard||ChoiceSpecs|SolarPower|HeatWave,Overheat,AirSlash,WeatherBall|||F|||50|,,,,,Ghost]Jumpluff||CovertCloak|Chlorophyll|Tailwind,SunnyDay,RagePowder,SleepPowder|||F|||50|,,,,,Water]Torkoal||EjectPack|Drought|Overheat,Eruption,HelpingHand,Protect|||M|||50|,,,,,Fire
|showteam|p2|Charizard||ChoiceSpecs|SolarPower|HeatWave,Overheat,WeatherBall,AirSlash|||M|||50|,,,,,Ghost]Torkoal||EjectPack|Drought|Eruption,Overheat,HelpingHand,Protect|||F|||50|,,,,,Fire]Porygon2||Eviolite|Download|IceBeam,TeraBlast,TrickRoom,Recover||||||50|,,,,,Fighting]Incineroar||SitrusBerry|Intimidate|FlareBlitz,KnockOff,FakeOut,PartingShot|||F|||50|,,,,,Ghost]Jumpluff||CovertCloak|Chlorophyll|SleepPowder,SunnyDay,RagePowder,Tailwind|||F|||50|,,,,,Water]Ursaluna||FlameOrb|Guts|HeadlongRush,Facade,Earthquake,Protect|||M|||50|,,,,,Ghost
|inactive|Battle timer is ON: inactive players will automatically lose when time's up. (requested by rasaighul)
|
|t:|1756419244
|teamsize|p1|4
|teamsize|p2|4
|start
|switch|p1a: Porygon2|Porygon2, L50|100/100
|switch|p1b: Incineroar|Incineroar, L50, F|100/100
|switch|p2a: Incineroar|Incineroar, L50, F|100/100
|switch|p2b: Jumpluff|Jumpluff, L50, F|100/100
|-ability|p2a: Incineroar|Intimidate|boost
|-unboost|p1a: Porygon2|atk|1
|-unboost|p1b: Incineroar|atk|1
|-ability|p1b: Incineroar|Intimidate|boost
|-unboost|p2a: Incineroar|atk|1
|-unboost|p2b: Jumpluff|atk|1
|-ability|p1a: Porygon2|Download|boost
|-boost|p1a: Porygon2|atk|1
|turn|1
|inactive|rasaighul has 30 seconds left.
|
|t:|1756419270
|switch|p1a: Jumpluff|Jumpluff, L50, F, shiny|100/100
|move|p2a: Incineroar|Fake Out|p1a: Jumpluff
|-damage|p1a: Jumpluff|91/100
|move|p2b: Jumpluff|Tailwind|p2b: Jumpluff
|-sidestart|p2: Luizinho8|move: Tailwind
|move|p1b: Incineroar|Flare Blitz|p2b: Jumpluff
|-supereffective|p2b: Jumpluff
|-damage|p2b: Jumpluff|2/100
|-damage|p1b: Incineroar|73/100|[from] Recoil
|
|upkeep
|turn|2
|inactive|rasaighul has 30 seconds left.
|inactive|Luizinho8 has 30 seconds left.
|
|t:|1756419303
|move|p2b: Jumpluff|Sunny Day|p2b: Jumpluff
|-weather|SunnyDay
|move|p1a: Jumpluff|Tailwind|p1a: Jumpluff
|-sidestart|p1: rasaighul|move: Tailwind
|move|p2a: Incineroar|Flare Blitz|p1a: Jumpluff
|-supereffective|p1a: Jumpluff
|-damage|p1a: Jumpluff|0 fnt
|faint|p1a: Jumpluff
|-damage|p2a: Incineroar|74/100|[from] Recoil
|move|p1b: Incineroar|Parting Shot|p2a: Incineroar
|-unboost|p2a: Incineroar|atk|1
|-unboost|p2a: Incineroar|spa|1
|
|t:|1756419317
|switch|p1b: Ursaluna|Ursaluna, L50, F|100/100|[from] Parting Shot
|
|-weather|SunnyDay|[upkeep]
|-status|p1b: Ursaluna|brn|[from] item: Flame Orb
|upkeep
|
|t:|1756419326
|switch|p1a: Incineroar|Incineroar, L50, F|73/100
|-ability|p1a: Incineroar|Intimidate|boost
|-unboost|p2a: Incineroar|atk|1
|-unboost|p2b: Jumpluff|atk|1
|turn|3
|inactive|Luizinho8 has 30 seconds left.
|
|t:|1756419354
|switch|p2b: Ursaluna|Ursaluna, L50, M|100/100
|-terastallize|p2a: Incineroar|Ghost
|move|p2a: Incineroar|Flare Blitz|p1b: Ursaluna
|-damage|p1b: Ursaluna|77/100 brn
|-damage|p2a: Incineroar|65/100|[from] Recoil
|move|p1b: Ursaluna|Facade|p2a: Incineroar
|-immune|p2a: Incineroar
|move|p1a: Incineroar|Knock Off|p2b: Ursaluna
|-damage|p2b: Ursaluna|65/100
|-enditem|p2b: Ursaluna|Flame Orb|[from] move: Knock Off|[of] p1a: Incineroar
|
|-weather|SunnyDay|[upkeep]
|-damage|p1b: Ursaluna|71/100 brn|[from] brn
|upkeep
|turn|4
|inactive|rasaighul has 30 seconds left.
|inactive|Luizinho8 has 30 seconds left.
|
|t:|1756419381
|switch|p1a: Porygon2|Porygon2, L50|100/100
|-ability|p1a: Porygon2|Download|boost
|-boost|p1a: Porygon2|spa|1
|move|p2a: Incineroar|Parting Shot|p1b: Ursaluna
|-unboost|p1b: Ursaluna|atk|1
|-unboost|p1b: Ursaluna|spa|1
|
|t:|1756419391
|switch|p2a: Jumpluff|Jumpluff, L50, F|2/100|[from] Parting Shot
|move|p2b: Ursaluna|Earthquake|p1b: Ursaluna|[spread] p1a,p1b
|-immune|p2a: Jumpluff
|-damage|p1a: Porygon2|69/100
|-damage|p1b: Ursaluna|36/100 brn
|move|p1b: Ursaluna|Facade|p2b: Ursaluna
|-damage|p2b: Ursaluna|0 fnt
|faint|p2b: Ursaluna
|
|-weather|SunnyDay|[upkeep]
|-damage|p1b: Ursaluna|31/100 brn|[from] brn
|-sideend|p2: Luizinho8|move: Tailwind
|upkeep
|
|t:|1756419406
|switch|p2b: Incineroar|Incineroar, L50, F, tera:Ghost|65/100
|-ability|p2b: Incineroar|Intimidate|boost
|-unboost|p1a: Porygon2|atk|1
|-unboost|p1b: Ursaluna|atk|1
|turn|5
|
|t:|1756419421
|move|p2b: Incineroar|Fake Out|p1a: Porygon2
|-damage|p1a: Porygon2|62/100
|move|p2a: Jumpluff|Tailwind|p2a: Jumpluff
|-sidestart|p2: Luizinho8|move: Tailwind
|move|p1b: Ursaluna|Headlong Rush|p2b: Incineroar
|-damage|p2b: Incineroar|11/100
|-unboost|p1b: Ursaluna|def|1
|-unboost|p1b: Ursaluna|spd|1
|-enditem|p2b: Incineroar|Sitrus Berry|[eat]
|-heal|p2b: Incineroar|36/100|[from] item: Sitrus Berry
|cant|p1a: Porygon2|flinch
|
|-weather|SunnyDay|[upkeep]
|-damage|p1b: Ursaluna|25/100 brn|[from] brn
|-sideend|p1: rasaighul|move: Tailwind
|upkeep
|turn|6
|inactive|Luizinho8 has 30 seconds left.
|inactive|rasaighul has 30 seconds left.
|inactive|Luizinho8 has 20 seconds left.
|inactive|rasaighul has 20 seconds left.
|
|t:|1756419468
|switch|p2b: Charizard|Charizard, L50, M|100/100
|switch|p1a: Incineroar|Incineroar, L50, F|73/100
|-ability|p1a: Incineroar|Intimidate|boost
|-unboost|p2a: Jumpluff|atk|1
|-unboost|p2b: Charizard|atk|1
|move|p2a: Jumpluff|Sleep Powder|p1a: Incineroar
|-activate|p1a: Incineroar|item: Safety Goggles|Sleep Powder
|move|p1b: Ursaluna|Headlong Rush|p2b: Charizard
|-immune|p2b: Charizard
|
|-weather|none
|-damage|p1b: Ursaluna|19/100 brn|[from] brn
|upkeep
|turn|7
|inactive|rasaighul has 30 seconds left.
|
|t:|1756419496
|move|p1a: Incineroar|Fake Out|p2b: Charizard
|-damage|p2b: Charizard|82/100
|move|p2a: Jumpluff|Sunny Day|p2a: Jumpluff
|-weather|SunnyDay
|cant|p2b: Charizard|flinch
|move|p1b: Ursaluna|Facade|p2a: Jumpluff
|-damage|p2a: Jumpluff|0 fnt
|faint|p2a: Jumpluff
|
|-weather|SunnyDay|[upkeep]
|-damage|p2b: Charizard|70/100|[from] ability: Solar Power|[of] p2b: Charizard
|-damage|p1b: Ursaluna|13/100 brn|[from] brn
|upkeep
|
|t:|1756419508
|switch|p2a: Incineroar|Incineroar, L50, F, tera:Ghost|36/100
|-ability|p2a: Incineroar|Intimidate|boost
|-unboost|p1a: Incineroar|atk|1
|-unboost|p1b: Ursaluna|atk|1
|turn|8
|
|t:|1756419527
|move|p2a: Incineroar|Fake Out|p1a: Incineroar
|-damage|p1a: Incineroar|62/100
|move|p2b: Charizard|Heat Wave|p1b: Ursaluna|[spread] p1a,p1b
|-resisted|p1a: Incineroar
|-damage|p1a: Incineroar|13/100
|-damage|p1b: Ursaluna|0 fnt
|faint|p1b: Ursaluna
|cant|p1a: Incineroar|flinch
|
|-weather|SunnyDay|[upkeep]
|-damage|p2b: Charizard|57/100|[from] ability: Solar Power|[of] p2b: Charizard
|-sideend|p2: Luizinho8|move: Tailwind
|upkeep
|
|t:|1756419538
|switch|p1b: Porygon2|Porygon2, L50|62/100
|-ability|p1b: Porygon2|Download|boost
|-boost|p1b: Porygon2|atk|1
|turn|9
|
|t:|1756419557
|move|p2b: Charizard|Heat Wave|p1a: Incineroar|[spread] p1a,p1b
|-resisted|p1a: Incineroar
|-damage|p1a: Incineroar|0 fnt
|-damage|p1b: Porygon2|0 fnt
|faint|p1a: Incineroar
|faint|p1b: Porygon2
|
|win|Luizinho8
||rasaighul is ready for game 2.
||Luizinho8 is ready for game 2.
|uhtml|next|Next: Game 2 of 3
