|j|‽HIGGYJR
|j|☆lolgz
|html|HIGGYJRlolgz    
|uhtml|bestof|Game 1 of a best-of-3
|t:|1784372111
|gametype|doubles
|player|p1|HIGGYJR|266|1040
|player|p2|lolgz|dawn|1112
|gen|9
|tier|[Gen 9 Champions] VGC 2026 Reg M-B (Bo3)
|rated|
|rule|Species Clause: Limit one of each Pokémon
|rule|Item Clause: Limit 1 of each item
|clearpoke
|poke|p1|Scovillain, L50, F|
|poke|p1|Swampert, L50, F|
|poke|p1|Pelipper, L50, F|
|poke|p1|Sneasler, L50, M|
|poke|p1|Gholdengo, L50|
|poke|p1|Grimmsnarl, L50, M|
|poke|p2|Blastoise, L50, F|
|poke|p2|Vivillon, L50, F|
|poke|p2|Farigiraf, L50, F|
|poke|p2|Gallade, L50, M|
|poke|p2|Mawile, L50, M|
|poke|p2|Torkoal, L50, F|
|teampreview|4
|showteam|p1|Scovillain||Scovillainite|Moody|RagePowder,Overheat,Protect,GigaDrain|Calm||F|||50|]Swampert||Swampertite|Damp|WaveCrash,HighHorsepower,Protect,IcePunch|Adamant||F|||50|]Pelipper||SitrusBerry|Drizzle|Tailwind,WeatherBall,Hurricane,WideGuard|Modest||F|||50|]Sneasler||FocusSash|PoisonTouch|FakeOut,GunkShot,CloseCombat,Protect|Jolly||M|||50|]Gholdengo||LifeOrb|GoodasGold|MakeItRain,Protect,ShadowBall,NastyPlot|Timid|||||50|]Grimmsnarl||LightClay|Prankster|SpiritBreak,LightScreen,Reflect,PartingShot|Careful||M|||50|
|showteam|p2|Blastoise||Blastoisinite|Torrent|WaterSpout,DarkPulse,FakeOut,ShellSmash|Modest||F|||50|]Vivillon||ChoiceScarf|CompoundEyes|SleepPowder,RagePowder,Tailwind,Hurricane|Timid||F|||50|]Farigiraf||SitrusBerry|ArmorTail|TrickRoom,Psychic,HelpingHand,Protect|Relaxed||F|||50|]Gallade||IronBall|Sharpness|SacredSword,PsychoCut,LeafBlade,TrickRoom|Brave||M|||50|]Mawile||Mawilite|HyperCutter|SuckerPunch,PlayRough,RockSlide,Protect|Brave||M|||50|]Torkoal||Charcoal|Drought|WeatherBall,Eruption,EarthPower,Protect|Quiet||F|||50|
|inactive|Battle timer is ON: inactive players will automatically lose when time's up. (requested by lolgz)
|inactive|HIGGYJR has 60 seconds left.
|inactive|lolgz has 60 seconds left.
|j| QueerCrocodile
|l| QueerCrocodile
|
|t:|1784372166
|teamsize|p1|4
|teamsize|p2|4
|start
|switch|p1a: Pelipper|Pelipper, L50, F|100/100
|switch|p1b: Swampert|Swampert, L50, F|100/100
|switch|p2a: Vivillon|Vivillon, L50, F|100/100
|switch|p2b: Blastoise|Blastoise, L50, F|100/100
|-weather|RainDance|[from] ability: Drizzle|[of] p1a: Pelipper
|turn|1
|inactive|HIGGYJR has 30 seconds left.
|inactive|HIGGYJR has 20 seconds left.
|
|t:|1784372203
|detailschange|p2b: Blastoise|Blastoise-Mega, L50, F
|-mega|p2b: Blastoise|Blastoise|Blastoisinite
|detailschange|p1b: Swampert|Swampert-Mega, L50, F
|-mega|p1b: Swampert|Swampert|Swampertite
|move|p2a: Vivillon|Sleep Powder|p1a: Pelipper
|-status|p1a: Pelipper|slp|[from] move: Sleep Powder
|move|p1b: Swampert|Ice Punch|p2a: Vivillon
|-supereffective|p2a: Vivillon|1
|-damage|p2a: Vivillon|0 fnt
|faint|p2a: Vivillon
|move|p2b: Blastoise|Shell Smash|p2b: Blastoise
|-unboost|p2b: Blastoise|def|1
|-unboost|p2b: Blastoise|spd|1
|-boost|p2b: Blastoise|atk|2
|-boost|p2b: Blastoise|spa|2
|-boost|p2b: Blastoise|spe|2
|cant|p1a: Pelipper|slp
|
|-weather|RainDance|[upkeep]
|upkeep
|
|t:|1784372209
|switch|p2a: Farigiraf|Farigiraf, L50, F|100/100
|turn|2
|inactive|HIGGYJR has 30 seconds left.
|
|t:|1784372244
|move|p2a: Farigiraf|Helping Hand|p2b: Blastoise
|-singleturn|p2b: Blastoise|Helping Hand|[of] p2a: Farigiraf
|-curestatus|p1a: Pelipper|slp|[msg]
|move|p1a: Pelipper|Wide Guard|p1a: Pelipper
|-singleturn|p1a: Pelipper|Wide Guard
|move|p2b: Blastoise|Water Spout|p1a: Pelipper|[spread] 
|-activate|p1a: Pelipper|move: Wide Guard
|-activate|p1b: Swampert|move: Wide Guard
|move|p1b: Swampert|High Horsepower|p2b: Blastoise|[miss]
|-miss|p1b: Swampert|p2b: Blastoise
|
|-weather|RainDance|[upkeep]
|upkeep
|turn|3
|
|t:|1784372262
|move|p2b: Blastoise|Dark Pulse|p1a: Pelipper
|-damage|p1a: Pelipper|5/100
|-enditem|p1a: Pelipper|Sitrus Berry|[eat]
|-heal|p1a: Pelipper|30/100|[from] item: Sitrus Berry
|move|p1b: Swampert|High Horsepower|p2b: Blastoise
|-damage|p2b: Blastoise|20/100y
|move|p1a: Pelipper|Tailwind|p1a: Pelipper
|-sidestart|p1: HIGGYJR|move: Tailwind
|move|p2a: Farigiraf|Trick Room|p2a: Farigiraf
|-fieldstart|move: Trick Room|[of] p2a: Farigiraf
|
|-weather|RainDance|[upkeep]
|upkeep
|turn|4
|
|t:|1784372283
|move|p2a: Farigiraf|Psychic|p1a: Pelipper
|-damage|p1a: Pelipper|0 fnt
|faint|p1a: Pelipper
|move|p2b: Blastoise|Water Spout|p1b: Swampert
|-damage|p1b: Swampert|60/100
|move|p1b: Swampert|High Horsepower|p2b: Blastoise
|-damage|p2b: Blastoise|0 fnt
|faint|p2b: Blastoise
|
|-weather|RainDance|[upkeep]
|upkeep
|
|t:|1784372289
|switch|p1a: Grimmsnarl|Grimmsnarl, L50, M|100/100
|switch|p2b: Gallade|Gallade, L50, M|100/100
|turn|5
|
|t:|1784372300
|move|p2a: Farigiraf|Helping Hand|p2b: Gallade
|-singleturn|p2b: Gallade|Helping Hand|[of] p2a: Farigiraf
|move|p1a: Grimmsnarl|Reflect|p1a: Grimmsnarl
|-sidestart|p1: HIGGYJR|Reflect
|move|p2b: Gallade|Sacred Sword|p1a: Grimmsnarl
|-damage|p1a: Grimmsnarl|6/100
|move|p1b: Swampert|Wave Crash|p2a: Farigiraf
|-damage|p2a: Farigiraf|9/100
|-enditem|p2a: Farigiraf|Sitrus Berry|[eat]
|-heal|p2a: Farigiraf|34/100|[from] item: Sitrus Berry
|-damage|p1b: Swampert|27/100|[from] Recoil
|
|-weather|none
|upkeep
|turn|6
|inactive|HIGGYJR has 30 seconds left.
|
|t:|1784372330
|move|p1a: Grimmsnarl|Parting Shot||[still]
|cant|p2a: Farigiraf|ability: Armor Tail|Parting Shot|[of] p1a: Grimmsnarl
|move|p2b: Gallade|Sacred Sword|p1a: Grimmsnarl
|-damage|p1a: Grimmsnarl|0 fnt
|faint|p1a: Grimmsnarl
|move|p2a: Farigiraf|Psychic|p1b: Swampert
|-damage|p1b: Swampert|2/100
|move|p1b: Swampert|Wave Crash|p2b: Gallade
|-damage|p2b: Gallade|0 fnt
|faint|p2b: Gallade
|-damage|p1b: Swampert|0 fnt|[from] Recoil
|faint|p1b: Swampert
|
|-sideend|p1: HIGGYJR|move: Tailwind
|upkeep
|
|t:|1784372346
|switch|p1b: Sneasler|Sneasler, L50, M|100/100
|turn|7
|
|t:|1784372355
|move|p1b: Sneasler|Protect|p1b: Sneasler
|-singleturn|p1b: Sneasler|Protect
|move|p2a: Farigiraf|Psychic|p1b: Sneasler
|-activate|p1b: Sneasler|move: Protect
|
|-fieldend|move: Trick Room
|upkeep
|turn|8
|-message|lolgz forfeited.
|
|win|HIGGYJR
