|j|☆Adriatic Tides
|j|☆chungoc
|html|Adriatic Tideschungoc    
|uhtml|bestof|Game 1 of a best-of-3
|t:|1784422182
|gametype|doubles
|player|p1|Adriatic Tides|leon|1165
|player|p2|chungoc|birdkeeper|1188
|gen|9
|tier|[Gen 9 Champions] VGC 2026 Reg M-B (Bo3)
|rated|
|rule|Species Clause: Limit one of each Pokémon
|rule|Item Clause: Limit 1 of each item
|clearpoke
|poke|p1|Tyranitar, L50, F|
|poke|p1|Excadrill, L50, F|
|poke|p1|Delphox, L50, F|
|poke|p1|Sinistcha, L50|
|poke|p1|Rotom-Wash, L50|
|poke|p1|Incineroar, L50, M|
|poke|p2|Tyranitar, L50, M, shiny|
|poke|p2|Whimsicott, L50, F|
|poke|p2|Excadrill, L50, M|
|poke|p2|Rotom-Wash, L50|
|poke|p2|Archaludon, L50, M|
|poke|p2|Dragonite, L50, M|
|teampreview|4
|showteam|p1|Tyranitar||Tyranitarite|SandStream|KnockOff,RockSlide,Protect,LowKick|Adamant||F|||50|]Excadrill||FocusSash|SandRush|Protect,Earthquake,IronHead,RockSlide|Adamant||F|||50|]Delphox||Delphoxite|Blaze|NastyPlot,HeatWave,Psyshock,Protect|Timid||F|||50|]Sinistcha||ColburBerry|Hospitality|TrickRoom,MatchaGotcha,Protect,RagePowder|Bold|||||50|]Rotom-Wash||Leftovers|Levitate|Electroweb,HydroPump,Protect,Thunderbolt|Modest|||||50|]Incineroar||SitrusBerry|Intimidate|FakeOut,FlareBlitz,PartingShot,ThroatChop|Careful||M|||50|
|showteam|p2|Tyranitar||Tyranitarite|SandStream|RockSlide,KnockOff,Protect,LowKick|Adamant||M|||50|]Whimsicott||FocusSash|Prankster|Moonblast,Tailwind,Encore,Taunt|Timid||F|||50|]Excadrill||LifeOrb|SandRush|HighHorsepower,IronHead,RockSlide,Protect|Adamant||M|||50|]Rotom-Wash||SitrusBerry|Levitate|Protect,WillOWisp,Thunderbolt,HydroPump|Modest|||||50|]Archaludon||WhiteHerb|Stamina|FlashCannon,ElectroShot,Protect,DracoMeteor|Modest||M|||50|]Dragonite||Dragoninite|InnerFocus|DragonPulse,Hurricane,IceBeam,HeatWave|Timid||M|||50|
|c|☆Adriatic Tides|gl hf
|
|t:|1784422279
|teamsize|p1|4
|teamsize|p2|4
|start
|switch|p1a: Tyranitar|Tyranitar, L50, F|100/100
|switch|p1b: Excadrill|Excadrill, L50, F|100/100
|switch|p2a: Whimsicott|Whimsicott, L50, F|100/100
|switch|p2b: Dragonite|Dragonite, L50, M|100/100
|-weather|Sandstorm|[from] ability: Sand Stream|[of] p1a: Tyranitar
|turn|1
|
|t:|1784422338
|detailschange|p2b: Dragonite|Dragonite-Mega, L50, M
|-mega|p2b: Dragonite|Dragonite|Dragoninite
|detailschange|p1a: Tyranitar|Tyranitar-Mega, L50, F
|-mega|p1a: Tyranitar|Tyranitar|Tyranitarite
|move|p2a: Whimsicott|Tailwind|p2a: Whimsicott
|-sidestart|p2: chungoc|move: Tailwind
|move|p2b: Dragonite|Heat Wave|p1a: Tyranitar|[spread] p1a,p1b
|-resisted|p1a: Tyranitar|1
|-supereffective|p1b: Excadrill|1
|-damage|p1a: Tyranitar|94/100
|-damage|p1b: Excadrill|25/100
|-status|p1a: Tyranitar|brn
|move|p1b: Excadrill|Iron Head|p2a: Whimsicott
|-supereffective|p2a: Whimsicott|1
|-enditem|p2a: Whimsicott|Focus Sash
|-damage|p2a: Whimsicott|1/100
|move|p1a: Tyranitar|Rock Slide|p2b: Dragonite|[spread] p2a,p2b
|-supereffective|p2b: Dragonite|1
|-damage|p2a: Whimsicott|0 fnt
|-damage|p2b: Dragonite|82/100
|faint|p2a: Whimsicott
|
|-weather|Sandstorm|[upkeep]
|-damage|p2b: Dragonite|76/100|[from] Sandstorm
|-damage|p1a: Tyranitar|88/100 brn|[from] brn
|upkeep
|
|t:|1784422357
|switch|p2a: Excadrill|Excadrill, L50, M|100/100
|turn|2
|
|t:|1784422376
|switch|p1a: Rotom|Rotom-Wash, L50|100/100
|move|p1b: Excadrill|Protect|p1b: Excadrill
|-singleturn|p1b: Excadrill|Protect
|move|p2a: Excadrill|High Horsepower|p1b: Excadrill
|-activate|p1b: Excadrill|move: Protect
|move|p2b: Dragonite|Dragon Pulse|p1a: Rotom
|-damage|p1a: Rotom|46/100
|
|-weather|Sandstorm|[upkeep]
|-damage|p2b: Dragonite|70/100|[from] Sandstorm
|-damage|p1a: Rotom|40/100|[from] Sandstorm
|-heal|p1a: Rotom|46/100|[from] item: Leftovers
|upkeep
|turn|3
|
|t:|1784422404
|switch|p1b: Sinistcha|Sinistcha, L50|100/100
|-heal|p1a: Rotom|71/100|[from] ability: Hospitality|[of] p1b: Sinistcha
|move|p2a: Excadrill|High Horsepower|p1b: Sinistcha
|-resisted|p1b: Sinistcha|1
|-damage|p1b: Sinistcha|70/100
|-damage|p2a: Excadrill|90/100|[from] item: Life Orb
|move|p2b: Dragonite|Dragon Pulse|p1a: Rotom
|-damage|p1a: Rotom|15/100
|move|p1a: Rotom|Hydro Pump|p2a: Excadrill
|-supereffective|p2a: Excadrill|1
|-damage|p2a: Excadrill|0 fnt
|faint|p2a: Excadrill
|
|-weather|Sandstorm|[upkeep]
|-damage|p2b: Dragonite|64/100|[from] Sandstorm
|-damage|p1a: Rotom|9/100|[from] Sandstorm
|-damage|p1b: Sinistcha|64/100|[from] Sandstorm
|-heal|p1a: Rotom|15/100|[from] item: Leftovers
|upkeep
|
|t:|1784422421
|switch|p2a: Rotom|Rotom-Wash, L50|100/100
|turn|4
|
|t:|1784422435
|move|p1a: Rotom|Protect|p1a: Rotom
|-singleturn|p1a: Rotom|Protect
|move|p1b: Sinistcha|Protect|p1b: Sinistcha
|-singleturn|p1b: Sinistcha|Protect
|move|p2b: Dragonite|Hurricane|p1b: Sinistcha
|-activate|p1b: Sinistcha|move: Protect
|move|p2a: Rotom|Thunderbolt|p1a: Rotom
|-activate|p1a: Rotom|move: Protect
|
|-weather|Sandstorm|[upkeep]
|-damage|p2b: Dragonite|58/100|[from] Sandstorm
|-damage|p2a: Rotom|94/100|[from] Sandstorm
|-damage|p1a: Rotom|9/100|[from] Sandstorm
|-damage|p1b: Sinistcha|58/100|[from] Sandstorm
|-heal|p1a: Rotom|15/100|[from] item: Leftovers
|-sideend|p2: chungoc|move: Tailwind
|upkeep
|turn|5
|
|t:|1784422477
|move|p2b: Dragonite|Hurricane|p1b: Sinistcha
|-supereffective|p1b: Sinistcha|1
|-damage|p1b: Sinistcha|0 fnt
|faint|p1b: Sinistcha
|move|p2a: Rotom|Thunderbolt|p1a: Rotom
|-damage|p1a: Rotom|0 fnt
|faint|p1a: Rotom
|
|-weather|none
|upkeep
|
|t:|1784422497
|switch|p1a: Tyranitar|Tyranitar-Mega, L50, F|88/100 brn
|switch|p1b: Excadrill|Excadrill, L50, F|25/100
|-weather|Sandstorm|[from] ability: Sand Stream|[of] p1a: Tyranitar
|turn|6
|
|t:|1784422523
|move|p1b: Excadrill|Rock Slide|p2b: Dragonite|[spread] p2a
|-miss|p1b: Excadrill|p2b: Dragonite
|-damage|p2a: Rotom|64/100
|move|p2b: Dragonite|Heat Wave|p1b: Excadrill|[spread] p1a,p1b
|-resisted|p1a: Tyranitar|1
|-supereffective|p1b: Excadrill|1
|-damage|p1a: Tyranitar|82/100 brn
|-damage|p1b: Excadrill|0 fnt
|faint|p1b: Excadrill
|move|p2a: Rotom|Hydro Pump|p1a: Tyranitar
|-supereffective|p1a: Tyranitar|1
|-damage|p1a: Tyranitar|29/100 brn
|move|p1a: Tyranitar|Knock Off|p2a: Rotom
|-damage|p2a: Rotom|19/100
|-enditem|p2a: Rotom|Sitrus Berry|[from] move: Knock Off|[of] p1a: Tyranitar
|
|-weather|Sandstorm|[upkeep]
|-damage|p2b: Dragonite|52/100|[from] Sandstorm
|-damage|p2a: Rotom|14/100|[from] Sandstorm
|-damage|p1a: Tyranitar|24/100 brn|[from] brn
|upkeep
|turn|7
|
|t:|1784422542
|move|p2b: Dragonite|Ice Beam|p1a: Tyranitar
|-damage|p1a: Tyranitar|7/100 brn
|move|p2a: Rotom|Thunderbolt|p1a: Tyranitar
|-damage|p1a: Tyranitar|0 fnt
|faint|p1a: Tyranitar
|
|win|chungoc
||chungoc is ready for game 2.
||Adriatic Tides is ready for game 2.
|uhtml|next|Next: Game 2 of 3
|l|☆chungoc
|player|p2|
