|j|☆ladderingwithcalys
|j|☆epic17x
|html|ladderingwithcalysepic17x    
|uhtml|bestof|Game 1 of a best-of-3
|t:|1757021932
|gametype|doubles
|player|p1|ladderingwithcalys|2|1356
|player|p2|epic17x|steven|1382
|gen|9
|tier|[Gen 9] VGC 2025 Reg H (Bo3)
|rated|
|rule|Species Clause: Limit one of each Pokémon
|rule|Item Clause: Limit 1 of each item
|clearpoke
|poke|p1|Archaludon, L50, F|
|poke|p1|Pelipper, L50, F|
|poke|p1|Kingdra, L50, F|
|poke|p1|Toedscruel, L50, F|
|poke|p1|Comfey, L50, F|
|poke|p1|Weezing-Galar, L50, M|
|poke|p2|Ninetales-Alola, L50, F|
|poke|p2|Rillaboom, L50, F|
|poke|p2|Magmar, L50, F|
|poke|p2|Sneasler, L50, F|
|poke|p2|Kingambit, L50, M|
|poke|p2|Basculegion, L50, M|
|teampreview|4
|showteam|p1|Archaludon||AssaultVest|Stamina|ElectroShot,BodyPress,FlashCannon,Snarl|||F|||50|,,,,,Grass]Pelipper||ChoiceScarf|Drizzle|Tailwind,Hurricane,WeatherBall,Uturn|||F|||50|,,,,,Ghost]Kingdra||LifeOrb|SwiftSwim|Protect,WeatherBall,DracoMeteor,Surf|||F|||50|,,,,,Stellar]Toedscruel||CovertCloak|MyceliumMight|Spore,EarthPower,BulletSeed,Protect|||F|||50|,,,,,Water]Comfey||SafetyGoggles|Triage|DrainingKiss,FloralHealing,LightScreen,Protect|||F|||50|,,,,,Steel]Weezing-Galar||SitrusBerry|NeutralizingGas|Protect,SludgeBomb,Taunt,DazzlingGleam|||M|||50|,,,,,Ghost
|showteam|p2|Ninetales-Alola||NeverMeltIce|SnowWarning|Blizzard,FreezeDry,Encore,Protect|||F|||50|,,,,,Ghost]Rillaboom||AssaultVest|GrassySurge|WoodHammer,FakeOut,Uturn,GrassyGlide|||F|||50|,,,,,Ghost]Magmar||Eviolite|VitalSpirit|Protect,HeatWave,WillOWisp,FollowMe|||F|||50|,,,,,Ghost]Sneasler||FocusSash|PoisonTouch|FakeOut,DireClaw,CloseCombat,Protect|||F|||50|,,,,,Ghost]Kingambit||BlackGlasses|Defiant|KowtowCleave,SwordsDance,SuckerPunch,Protect|||M|||50|,,,,,Fire]Basculegion||ChoiceScarf|Adaptability|WaveCrash,FlipTurn,TeraBlast,LastRespects|||M|||50|,,,,,Fighting
|inactive|Battle timer is ON: inactive players will automatically lose when time's up. (requested by epic17x)
|inactive|epic17x has 60 seconds left.
|
|t:|1757021964
|teamsize|p1|4
|teamsize|p2|4
|start
|switch|p1a: Kingdra|Kingdra, L50, F, shiny|100/100
|switch|p1b: Archaludon|Archaludon, L50, F|100/100
|switch|p2a: Sneasler|Sneasler, L50, F|100/100
|switch|p2b: Kingambit|Kingambit, L50, M|100/100
|turn|1
|inactive|ladderingwithcalys has 30 seconds left.
|
|t:|1757021993
|-terastallize|p2b: Kingambit|Fire
|move|p2a: Sneasler|Fake Out|p1a: Kingdra
|-damage|p1a: Kingdra|86/100
|-status|p1a: Kingdra|psn|[from] ability: Poison Touch|[of] p2a: Sneasler
|cant|p1a: Kingdra|flinch
|move|p1b: Archaludon|Body Press|p2b: Kingambit
|-damage|p2b: Kingambit|82/100
|move|p2b: Kingambit|Kowtow Cleave|p1a: Kingdra
|-damage|p1a: Kingdra|14/100 psn
|
|-damage|p1a: Kingdra|2/100 psn|[from] psn
|upkeep
|turn|2
|inactive|ladderingwithcalys has 30 seconds left.
|
|t:|1757022022
|move|p2b: Kingambit|Sucker Punch|p1a: Kingdra
|-damage|p1a: Kingdra|0 fnt
|faint|p1a: Kingdra
|move|p2a: Sneasler|Close Combat|p1b: Archaludon
|-supereffective|p1b: Archaludon
|-damage|p1b: Archaludon|6/100
|-unboost|p2a: Sneasler|def|1
|-unboost|p2a: Sneasler|spd|1
|-ability|p1b: Archaludon|Stamina|boost
|-boost|p1b: Archaludon|def|1
|move|p1b: Archaludon|Flash Cannon|p2a: Sneasler
|-damage|p2a: Sneasler|30/100
|
|upkeep
|
|t:|1757022025
|switch|p1a: Comfey|Comfey, L50, F|100/100
|turn|3
|
|t:|1757022038
|move|p1a: Comfey|Floral Healing|p1b: Archaludon
|-heal|p1b: Archaludon|56/100
|move|p2b: Kingambit|Sucker Punch|p1b: Archaludon
|-damage|p1b: Archaludon|34/100
|-ability|p1b: Archaludon|Stamina|boost
|-boost|p1b: Archaludon|def|1
|move|p2a: Sneasler|Dire Claw|p1a: Comfey
|-supereffective|p1a: Comfey
|-damage|p1a: Comfey|13/100
|move|p1b: Archaludon|Body Press|p2a: Sneasler
|-resisted|p2a: Sneasler
|-damage|p2a: Sneasler|0 fnt
|faint|p2a: Sneasler
|
|upkeep
|
|t:|1757022051
|switch|p2a: Basculegion|Basculegion, L50, M|100/100
|turn|4
|
|t:|1757022063
|move|p1a: Comfey|Floral Healing|p1b: Archaludon
|-heal|p1b: Archaludon|84/100
|move|p2a: Basculegion|Flip Turn|p1a: Comfey
|-damage|p1a: Comfey|0 fnt
|faint|p1a: Comfey
|
|t:|1757022069
|switch|p2a: Ninetales|Ninetales-Alola, L50, F|100/100|[from] Flip Turn
|-weather|Snowscape|[from] ability: Snow Warning|[of] p2a: Ninetales
|move|p1b: Archaludon|Body Press|p2b: Kingambit
|-crit|p2b: Kingambit
|-damage|p2b: Kingambit|25/100
|move|p2b: Kingambit|Swords Dance|p2b: Kingambit
|-boost|p2b: Kingambit|atk|2
|
|-weather|Snowscape|[upkeep]
|upkeep
|
|t:|1757022071
|switch|p1a: Pelipper|Pelipper, L50, F|100/100
|-weather|RainDance|[from] ability: Drizzle|[of] p1a: Pelipper
|turn|5
|
|t:|1757022085
|switch|p2a: Basculegion|Basculegion, L50, M|100/100
|move|p2b: Kingambit|Sucker Punch||[still]
|-fail|p2b: Kingambit
|move|p1a: Pelipper|Tailwind|p1a: Pelipper
|-sidestart|p1: ladderingwithcalys|move: Tailwind
|move|p1b: Archaludon|Electro Shot||[still]
|-prepare|p1b: Archaludon|Electro Shot
|-boost|p1b: Archaludon|spa|1
|-anim|p1b: Archaludon|Electro Shot|p2b: Kingambit
|-damage|p2b: Kingambit|0 fnt
|faint|p2b: Kingambit
|
|-weather|RainDance|[upkeep]
|upkeep
|
|t:|1757022094
|switch|p2b: Ninetales|Ninetales-Alola, L50, F|100/100
|-weather|Snowscape|[from] ability: Snow Warning|[of] p2b: Ninetales
|turn|6
|inactive|ladderingwithcalys has 30 seconds left.
|inactive|ladderingwithcalys has 20 seconds left.
|
|t:|1757022130
|move|p2b: Ninetales|Protect|p2b: Ninetales
|-singleturn|p2b: Ninetales|Protect
|move|p1a: Pelipper|Tailwind||[still]
|-fail|p1a: Pelipper
|move|p1b: Archaludon|Electro Shot||[still]
|-prepare|p1b: Archaludon|Electro Shot
|-boost|p1b: Archaludon|spa|1
|move|p2a: Basculegion|Last Respects|p1b: Archaludon
|-damage|p1b: Archaludon|44/100
|-ability|p1b: Archaludon|Stamina|boost
|-boost|p1b: Archaludon|def|1
|
|-weather|Snowscape|[upkeep]
|upkeep
|turn|7
|
|t:|1757022141
|move|p1a: Pelipper|Tailwind||[still]
|-fail|p1a: Pelipper
|move|p1b: Archaludon|Electro Shot|p2a: Basculegion|[from] lockedmove
|-supereffective|p2a: Basculegion
|-crit|p2a: Basculegion
|-damage|p2a: Basculegion|0 fnt
|faint|p2a: Basculegion
|move|p2b: Ninetales|Encore|p1b: Archaludon
|-start|p1b: Archaludon|Encore
|
|-weather|Snowscape|[upkeep]
|upkeep
|turn|8
|
|t:|1757022163
|move|p1a: Pelipper|Tailwind||[still]
|-fail|p1a: Pelipper
|move|p1b: Archaludon|Electro Shot||[still]
|-prepare|p1b: Archaludon|Electro Shot
|-boost|p1b: Archaludon|spa|1
|move|p2b: Ninetales|Blizzard|p1a: Pelipper|[spread] p1a,p1b
|-damage|p1a: Pelipper|34/100
|-damage|p1b: Archaludon|21/100
|-ability|p1b: Archaludon|Stamina|boost
|-boost|p1b: Archaludon|def|1
|
|-weather|Snowscape|[upkeep]
|-sideend|p1: ladderingwithcalys|move: Tailwind
|upkeep
|turn|9
|
|t:|1757022171
|move|p2b: Ninetales|Protect|p2b: Ninetales
|-singleturn|p2b: Ninetales|Protect
|move|p1a: Pelipper|Tailwind|p1a: Pelipper
|-sidestart|p1: ladderingwithcalys|move: Tailwind
|move|p1b: Archaludon|Electro Shot|p2b: Ninetales|[from] lockedmove
|-activate|p2b: Ninetales|move: Protect
|
|-weather|Snowscape|[upkeep]
|upkeep
|turn|10
|
|t:|1757022175
|move|p1a: Pelipper|Tailwind||[still]
|-fail|p1a: Pelipper
|move|p1b: Archaludon|Electro Shot||[still]
|-prepare|p1b: Archaludon|Electro Shot
|-boost|p1b: Archaludon|spa|1
|move|p2b: Ninetales|Blizzard|p1a: Pelipper|[spread] p1a,p1b
|-damage|p1a: Pelipper|0 fnt
|-damage|p1b: Archaludon|0 fnt
|faint|p1a: Pelipper
|faint|p1b: Archaludon
|
|win|epic17x
||ladderingwithcalys is ready for game 2.
||epic17x is ready for game 2.
|uhtml|next|Next: Game 2 of 3
