|j|☆asgfzdhncv
|j|☆Dregoth
|html|asgfzdhncvDregoth    
|uhtml|bestof|Game 3 of a best-of-3
|t:|1784144466
|gametype|doubles
|player|p1|asgfzdhncv|1|
|player|p2|Dregoth|volkner|
|gen|9
|tier|[Gen 9 Champions] VGC 2026 Reg M-B (Bo3)
|rule|Species Clause: Limit one of each Pokémon
|rule|Item Clause: Limit 1 of each item
|clearpoke
|poke|p1|Garchomp, L50, F|
|poke|p1|Basculegion, L50, M|
|poke|p1|Kingambit, L50, F|
|poke|p1|Whimsicott, L50, F|
|poke|p1|Floette-Eternal, L50, F|
|poke|p1|Charizard, L50, M|
|poke|p2|Incineroar, L50, F|
|poke|p2|Floette-Eternal, L50, F|
|poke|p2|Sinistcha, L50|
|poke|p2|Sneasler, L50, F|
|poke|p2|Delphox, L50, M|
|poke|p2|Kingambit, L50, F|
|teampreview|4
|showteam|p1|Garchomp||SitrusBerry|RoughSkin|Earthquake,Protect,RockSlide,DragonClaw|Jolly||F|||50|]Basculegion||LifeOrb|Adaptability|WaveCrash,LastRespects,AquaJet,Protect|Adamant||M|||50|]Kingambit||ChopleBerry|Defiant|KowtowCleave,IronHead,SuckerPunch,LowKick|Adamant||F|||50|]Whimsicott||FocusSash|Prankster|Moonblast,Tailwind,Encore,Protect|Timid||F|||50|]Floette-Eternal||Floettite|FlowerVeil|DazzlingGleam,Moonblast,LightofRuin,Protect|Modest||F|||50|]Charizard||CharizarditeY|SolarPower|HeatWave,WeatherBall,SolarBeam,Protect|Modest||M|||50|
|showteam|p2|Incineroar||SitrusBerry|Intimidate|FakeOut,PartingShot,ThroatChop,FlareBlitz|Careful||F|||50|]Floette-Eternal||Floettite|FlowerVeil|DazzlingGleam,Moonblast,CalmMind,Protect|Modest||F|||50|]Sinistcha||KasibBerry|Hospitality|MatchaGotcha,RagePowder,TrickRoom,Protect|Bold|||||50|]Sneasler||FocusSash|PoisonTouch|QuickGuard,FakeOut,PoisonJab,CloseCombat|Jolly||F|||50|]Delphox||Delphoxite|Blaze|Protect,NastyPlot,HeatWave,Psychic|Timid||M|||50|]Kingambit||BlackGlasses|Defiant|Protect,SwordsDance,KowtowCleave,SuckerPunch|Adamant||F|||50|
|
|t:|1784144482
|teamsize|p1|4
|teamsize|p2|4
|start
|switch|p1a: Basculegion|Basculegion, L50, M|100/100
|switch|p1b: Charizard|Charizard, L50, M|100/100
|switch|p2a: Sinistcha|Sinistcha, L50|100/100
|switch|p2b: Delphox|Delphox, L50, M|100/100
|turn|1
|
|t:|1784144491
|detailschange|p2b: Delphox|Delphox-Mega, L50, M
|-mega|p2b: Delphox|Delphox|Delphoxite
|detailschange|p1b: Charizard|Charizard-Mega-Y, L50, M
|-mega|p1b: Charizard|Charizard|Charizardite Y
|-weather|SunnyDay|[from] ability: Drought|[of] p1b: Charizard
|move|p2a: Sinistcha|Rage Powder|p2a: Sinistcha
|-singleturn|p2a: Sinistcha|move: Rage Powder
|move|p2b: Delphox|Nasty Plot|p2b: Delphox
|-boost|p2b: Delphox|spa|2
|move|p1a: Basculegion|Wave Crash|p2a: Sinistcha
|-resisted|p2a: Sinistcha|1
|-damage|p2a: Sinistcha|80/100
|-damage|p1a: Basculegion|94/100|[from] Recoil
|-damage|p1a: Basculegion|84/100|[from] item: Life Orb
|move|p1b: Charizard|Weather Ball|p2a: Sinistcha
|-supereffective|p2a: Sinistcha|1
|-damage|p2a: Sinistcha|0 fnt
|faint|p2a: Sinistcha
|
|-weather|SunnyDay|[upkeep]
|upkeep
|
|t:|1784144511
|switch|p2a: Kingambit|Kingambit, L50, F|100/100
|turn|2
|
|t:|1784144526
|move|p1a: Basculegion|Protect|p1a: Basculegion
|-singleturn|p1a: Basculegion|Protect
|move|p2a: Kingambit|Protect|p2a: Kingambit
|-singleturn|p2a: Kingambit|Protect
|move|p2b: Delphox|Psychic|p1a: Basculegion
|-activate|p1a: Basculegion|move: Protect
|move|p1b: Charizard|Heat Wave|p2a: Kingambit|[spread] p2b
|-activate|p2a: Kingambit|move: Protect
|-resisted|p2b: Delphox|1
|-damage|p2b: Delphox|73/100
|
|-weather|SunnyDay|[upkeep]
|upkeep
|turn|3
|
|t:|1784144536
|switch|p2a: Sneasler|Sneasler, L50, F|100/100
|move|p1a: Basculegion|Aqua Jet|p2b: Delphox
|-supereffective|p2b: Delphox|1
|-damage|p2b: Delphox|38/100
|-damage|p1a: Basculegion|74/100|[from] item: Life Orb
|move|p2b: Delphox|Psychic|p1a: Basculegion
|-damage|p1a: Basculegion|0 fnt
|faint|p1a: Basculegion
|move|p1b: Charizard|Heat Wave|p2a: Sneasler|[spread] p2a,p2b
|-resisted|p2b: Delphox|1
|-damage|p2a: Sneasler|14/100
|-damage|p2b: Delphox|9/100
|
|-weather|SunnyDay|[upkeep]
|upkeep
|
|t:|1784144544
|switch|p1a: Whimsicott|Whimsicott, L50, F|100/100
|turn|4
|
|t:|1784144583
|move|p1a: Whimsicott|Protect|p1a: Whimsicott
|-singleturn|p1a: Whimsicott|Protect
|move|p1b: Charizard|Protect|p1b: Charizard
|-singleturn|p1b: Charizard|Protect
|move|p2a: Sneasler|Fake Out|p1a: Whimsicott
|-activate|p1a: Whimsicott|move: Protect
|move|p2b: Delphox|Heat Wave|p1a: Whimsicott|[spread] 
|-activate|p1a: Whimsicott|move: Protect
|-activate|p1b: Charizard|move: Protect
|
|-weather|SunnyDay|[upkeep]
|upkeep
|turn|5
|
|t:|1784144598
|move|p2b: Delphox|Protect|p2b: Delphox
|-singleturn|p2b: Delphox|Protect
|move|p1a: Whimsicott|Tailwind|p1a: Whimsicott
|-sidestart|p1: asgfzdhncv|move: Tailwind
|move|p1b: Charizard|Heat Wave|p2b: Delphox|[spread] p2a
|-activate|p2b: Delphox|move: Protect
|-damage|p2a: Sneasler|0 fnt
|faint|p2a: Sneasler
|
|-weather|none
|upkeep
|
|t:|1784144600
|switch|p2a: Kingambit|Kingambit, L50, F|100/100
|turn|6
|
|t:|1784144608
|move|p2b: Delphox|Protect||[still]
|-fail|p2b: Delphox
|move|p1a: Whimsicott|Encore|p2b: Delphox
|-start|p2b: Delphox|Encore
|move|p1b: Charizard|Heat Wave|p2b: Delphox|[spread] p2a,p2b
|-supereffective|p2a: Kingambit|1
|-resisted|p2b: Delphox|1
|-damage|p2a: Kingambit|34/100
|-damage|p2b: Delphox|0 fnt
|faint|p2b: Delphox
|move|p2a: Kingambit|Kowtow Cleave|p1b: Charizard
|-damage|p1b: Charizard|45/100
|
|upkeep
|turn|7
|
|t:|1784144613
|move|p2a: Kingambit|Sucker Punch|p1b: Charizard
|-damage|p1b: Charizard|2/100
|move|p1a: Whimsicott|Moonblast|p2a: Kingambit
|-damage|p2a: Kingambit|5/100
|move|p1b: Charizard|Heat Wave|p2a: Kingambit
|-supereffective|p2a: Kingambit|1
|-damage|p2a: Kingambit|0 fnt
|faint|p2a: Kingambit
|
|win|asgfzdhncv
|l|☆Dregoth
|player|p2|
|j|☆Dregoth
|player|p2|Dregoth|volkner|
