|j|☆luisitocrakk
|j|☆Doomnik
|html|luisitocrakkDoomnik    
|uhtml|bestof|Game 1 of a best-of-3
|t:|1782247175
|gametype|doubles
|player|p1|luisitocrakk|102|1121
|player|p2|Doomnik|volkner|1127
|gen|9
|tier|[Gen 9 Champions] VGC 2026 Reg M-B (Bo3)
|rated|
|rule|Species Clause: Limit one of each Pokémon
|rule|Item Clause: Limit 1 of each item
|clearpoke
|poke|p1|Staraptor, L50, M|
|poke|p1|Gholdengo, L50|
|poke|p1|Blaziken, L50, F|
|poke|p1|Whimsicott, L50, F|
|poke|p1|Grimmsnarl, L50, M|
|poke|p1|Garchomp, L50, M|
|poke|p2|Sinistcha, L50|
|poke|p2|Incineroar, L50, M|
|poke|p2|Milotic, L50, F|
|poke|p2|Raichu, L50, M|
|poke|p2|Floette-Eternal, L50, F|
|poke|p2|Ceruledge, L50, F|
|teampreview|4
|showteam|p1|Staraptor||Staraptite|Intimidate|BraveBird,CloseCombat,Protect,Roost|Jolly||M|||50|]Gholdengo||LifeOrb|GoodasGold|ShadowBall,MakeItRain,NastyPlot,Protect|Timid|||||50|]Blaziken||Blazikenite|Blaze|CloseCombat,FlareBlitz,Protect,SwordsDance|Adamant||F|||50|]Whimsicott||FocusSash|Prankster|Moonblast,Tailwind,Charm,Tickle|Timid||F|||50|]Grimmsnarl||LightClay|Prankster|FoulPlay,Reflect,LightScreen,PartingShot|Careful||M|||50|]Garchomp||ChoiceScarf|RoughSkin|Earthquake,StompingTantrum,DragonClaw,RockTomb|Adamant||M|||50|
|showteam|p2|Sinistcha||KasibBerry|Hospitality|MatchaGotcha,LifeDew,RagePowder,Protect|Relaxed|||||50|]Incineroar||SitrusBerry|Intimidate|FlareBlitz,ThroatChop,FakeOut,PartingShot|Impish||M|||50|]Milotic||Leftovers|Competitive|MuddyWater,Coil,Hypnosis,Protect|Calm||F|||50|]Raichu||RaichuniteY|LightningRod|ZapCannon,FocusBlast,FakeOut,Protect|Timid||M|||50|]Floette-Eternal||Floettite|FlowerVeil|DazzlingGleam,DrainingKiss,CalmMind,Protect|Timid||F|||50|]Ceruledge||ColburBerry|FlashFire|BitterBlade,ShadowSneak,BulkUp,Protect|Adamant||F|||50|
|inactive|Battle timer is ON: inactive players will automatically lose when time's up. (requested by Doomnik)
|inactive|Doomnik has 60 seconds left.
|inactive|Doomnik has 30 seconds left.
|
|t:|1782247238
|teamsize|p1|4
|teamsize|p2|4
|start
|switch|p1a: Staraptor|Staraptor, L50, M|100/100
|switch|p1b: Whimsicott|Whimsicott, L50, F|100/100
|switch|p2a: Milotic|Milotic, L50, F|100/100
|switch|p2b: Incineroar|Incineroar, L50, M|100/100
|-ability|p1a: Staraptor|Intimidate|boost
|-unboost|p2a: Milotic|atk|1
|-ability|p2a: Milotic|Competitive|boost
|-boost|p2a: Milotic|spa|2
|-unboost|p2b: Incineroar|atk|1
|-ability|p2b: Incineroar|Intimidate|boost
|-unboost|p1a: Staraptor|atk|1
|-unboost|p1b: Whimsicott|atk|1
|turn|1
|inactive|luisitocrakk has 30 seconds left.
|
|t:|1782247264
|detailschange|p1a: Staraptor|Staraptor-Mega, L50, M
|-mega|p1a: Staraptor|Staraptor|Staraptite
|move|p2b: Incineroar|Fake Out|p1a: Staraptor
|-damage|p1a: Staraptor|92/100
|move|p1b: Whimsicott|Charm|p1a: Staraptor
|-boost|p1a: Staraptor|atk|2
|cant|p1a: Staraptor|flinch
|move|p2a: Milotic|Muddy Water|p1b: Whimsicott|[spread] p1a,p1b
|-resisted|p1b: Whimsicott|1
|-damage|p1a: Staraptor|40/100
|-damage|p1b: Whimsicott|58/100
|-unboost|p1b: Whimsicott|accuracy|1
|
|upkeep
|turn|2
|inactive|luisitocrakk has 30 seconds left.
|
|t:|1782247292
|move|p1b: Whimsicott|Tailwind|p1b: Whimsicott
|-sidestart|p1: luisitocrakk|move: Tailwind
|move|p1a: Staraptor|Close Combat|p2b: Incineroar
|-supereffective|p2b: Incineroar|1
|-damage|p2b: Incineroar|0 fnt
|-boost|p1a: Staraptor|def|1
|-boost|p1a: Staraptor|spd|1
|faint|p2b: Incineroar
|move|p2a: Milotic|Muddy Water|p1b: Whimsicott|[spread] p1b
|-miss|p2a: Milotic|p1a: Staraptor
|-resisted|p1b: Whimsicott|1
|-damage|p1b: Whimsicott|22/100
|-unboost|p1b: Whimsicott|accuracy|1
|
|upkeep
|
|t:|1782247302
|switch|p2b: Sinistcha|Sinistcha, L50|100/100
|turn|3
|
|t:|1782247320
|move|p2b: Sinistcha|Protect|p2b: Sinistcha
|-singleturn|p2b: Sinistcha|Protect
|move|p1b: Whimsicott|Moonblast|p2a: Milotic
|-damage|p2a: Milotic|76/100
|move|p1a: Staraptor|Roost|p1a: Staraptor
|-heal|p1a: Staraptor|90/100
|-singleturn|p1a: Staraptor|move: Roost
|move|p2a: Milotic|Muddy Water|p1a: Staraptor|[spread] p1a
|-miss|p2a: Milotic|p1b: Whimsicott
|-damage|p1a: Staraptor|52/100
|
|-heal|p2a: Milotic|82/100|[from] item: Leftovers
|upkeep
|turn|4
|
|t:|1782247339
|move|p2b: Sinistcha|Rage Powder|p2b: Sinistcha
|-singleturn|p2b: Sinistcha|move: Rage Powder
|move|p1b: Whimsicott|Charm|p1a: Staraptor|[miss]
|-miss|p1b: Whimsicott|p1a: Staraptor
|move|p1a: Staraptor|Close Combat|p2b: Sinistcha
|-immune|p2b: Sinistcha
|move|p2a: Milotic|Muddy Water|p1a: Staraptor|[spread] p1a,p1b
|-resisted|p1b: Whimsicott|1
|-damage|p1a: Staraptor|18/100
|-damage|p1b: Whimsicott|0 fnt
|-boost|p1a: Staraptor|accuracy|1
|faint|p1b: Whimsicott
|
|-heal|p2a: Milotic|88/100|[from] item: Leftovers
|upkeep
|
|t:|1782247342
|switch|p1b: Gholdengo|Gholdengo, L50|100/100
|turn|5
|inactive|Doomnik has 30 seconds left.
|inactive|Doomnik has 20 seconds left.
|
|t:|1782247377
|move|p2b: Sinistcha|Rage Powder|p2b: Sinistcha
|-singleturn|p2b: Sinistcha|move: Rage Powder
|move|p1a: Staraptor|Brave Bird|p2b: Sinistcha
|-supereffective|p2b: Sinistcha|1
|-damage|p2b: Sinistcha|0 fnt
|faint|p2b: Sinistcha
|-damage|p1a: Staraptor|0 fnt|[from] Recoil
|faint|p1a: Staraptor
|move|p1b: Gholdengo|Shadow Ball|p2a: Milotic
|-damage|p2a: Milotic|54/100
|-damage|p1b: Gholdengo|90/100|[from] item: Life Orb
|move|p2a: Milotic|Muddy Water|p1b: Gholdengo
|-damage|p1b: Gholdengo|15/100
|
|-heal|p2a: Milotic|60/100|[from] item: Leftovers
|-sideend|p1: luisitocrakk|move: Tailwind
|upkeep
|
|t:|1782247391
|switch|p1a: Garchomp|Garchomp, L50, M|100/100
|switch|p2b: Floette|Floette-Eternal, L50, F|100/100
|turn|6
|
|t:|1782247412
|move|p2b: Floette|Protect|p2b: Floette
|-singleturn|p2b: Floette|Protect
|move|p2a: Milotic|Protect|p2a: Milotic
|-singleturn|p2a: Milotic|Protect
|move|p1a: Garchomp|Dragon Claw|p2a: Milotic
|-activate|p2a: Milotic|move: Protect
|move|p1b: Gholdengo|Make It Rain|p2b: Floette|[spread] 
|-activate|p2a: Milotic|move: Protect
|-activate|p2b: Floette|move: Protect
|
|-heal|p2a: Milotic|66/100|[from] item: Leftovers
|upkeep
|turn|7
|
|t:|1782247425
|detailschange|p2b: Floette|Floette-Mega, L50, F
|-mega|p2b: Floette|Floette|Floettite
|-ability|p2b: Floette|Fairy Aura
|move|p1a: Garchomp|Dragon Claw|p2a: Milotic
|-damage|p2a: Milotic|25/100
|move|p2b: Floette|Dazzling Gleam|p1b: Gholdengo|[spread] p1a,p1b
|-supereffective|p1a: Garchomp|1
|-resisted|p1b: Gholdengo|1
|-damage|p1a: Garchomp|15/100
|-damage|p1b: Gholdengo|0 fnt
|faint|p1b: Gholdengo
|move|p2a: Milotic|Muddy Water|p1a: Garchomp|[miss]
|-miss|p2a: Milotic|p1a: Garchomp
|
|-heal|p2a: Milotic|31/100|[from] item: Leftovers
|upkeep
|turn|8
|-message|luisitocrakk forfeited.
|
|win|Doomnik
|l|☆luisitocrakk
|player|p1|
