|j|☆Masi_912
|j|☆111johan111
|html|Masi_912111johan111    
|uhtml|bestof|Game 1 of a best-of-3
|t:|1756576090
|gametype|doubles
|player|p1|Masi_912|1|1060
|player|p2|111johan111|2|1000
|gen|9
|tier|[Gen 9] VGC 2025 Reg H (Bo3)
|rated|
|rule|Species Clause: Limit one of each Pokémon
|rule|Item Clause: Limit 1 of each item
|clearpoke
|poke|p1|Kingdra, L50, M|
|poke|p1|Politoed, L50, F|
|poke|p1|Ninetales, L50, F|
|poke|p1|Zoroark-Hisui, L50, M|
|poke|p1|Arboliva, L50, M|
|poke|p1|Porygon2, L50|
|poke|p2|Slaking, L50, M|
|poke|p2|Weezing-Galar, L50, M|
|poke|p2|Incineroar, L50, F|
|poke|p2|Rillaboom, L50, F|
|poke|p2|Zoroark-Hisui, L50, F|
|poke|p2|Electrode-Hisui, L50|
|teampreview|4
|showteam|p1|Kingdra||LifeOrb|SwiftSwim|WeatherBall,Surf,DracoMeteor,Protect|||M|||50|,,,,,Stellar]Politoed||AssaultVest|Drizzle|MuddyWater,WeatherBall,IceBeam,MudShot|||F|||50|,,,,,Water]Ninetales||AdrenalineOrb|Drought|HeatWave,CalmMind,BatonPass,Protect|||F|||50|,,,,,Grass]Zoroark-Hisui||SilkScarf|Illusion|HyperVoice,ShadowBall,NastyPlot,Substitute|||M|||50|,,,,,Normal]Arboliva||SitrusBerry|SeedSower|HyperVoice,EnergyBall,WeatherBall,Protect|||M|||50|,,,,,Poison]Porygon2||Eviolite|Download|TeraBlast,Substitute,TrickRoom,Recover||||||50|,,,,,Fighting
|showteam|p2|Slaking||ClearAmulet|Truant|Protect,TeraBlast,HammerArm,DoubleEdge|||M|||50|,,,,,Ghost]Weezing-Galar||SitrusBerry|NeutralizingGas|WillOWisp,PainSplit,Protect,ClearSmog|||M|||50|,,,,,Dark]Incineroar||SafetyGoggles|Intimidate|FakeOut,PartingShot,KnockOff,Taunt|||F|||50|,,,,,Ghost]Rillaboom||AssaultVest|GrassySurge|FakeOut,GrassyGlide,WoodHammer,Uturn|||F|||50|,,,,,Grass]Zoroark-Hisui||ThroatSpray|Illusion|NastyPlot,ShadowBall,HyperVoice,Flamethrower|||F|||50|,,,,,Normal]Electrode-Hisui||ChoiceSpecs|Soundproof|VoltSwitch,Chloroblast,Electroweb,LeafStorm||||||50|,,,,,Electric
|c|☆Masi_912|HI
|c|☆Masi_912|ZOROARK ENJOYER
|c|☆Masi_912|<33333
|
|t:|1756576140
|teamsize|p1|4
|teamsize|p2|4
|start
|switch|p1a: SSD M.2|Porygon2, L50|100/100
|switch|p1b: Uvita Fernandez|Arboliva, L50, M|100/100
|switch|p2a: Weezing|Weezing-Galar, L50, M|100/100
|switch|p2b: Slaking|Slaking, L50, M|100/100
|-ability|p2a: Weezing|Neutralizing Gas
|replace|p1a: GOAT|Zoroark-Hisui, L50, M, shiny
|-end|p1a: GOAT|Illusion
|turn|1
|c|☆111johan111|Glhf
|c|☆Masi_912|Fuck
|
|t:|1756576185
|move|p1b: Uvita Fernandez|Protect|p1b: Uvita Fernandez
|-singleturn|p1b: Uvita Fernandez|Protect
|move|p1a: GOAT|Substitute|p1a: GOAT
|-start|p1a: GOAT|Substitute
|-damage|p1a: GOAT|76/100
|move|p2b: Slaking|Hammer Arm|p1b: Uvita Fernandez
|-activate|p1b: Uvita Fernandez|move: Protect
|move|p2a: Weezing|Clear Smog|p1a: GOAT
|-resisted|p1a: GOAT
|-activate|p1a: GOAT|move: Substitute|[damage]
|
|upkeep
|turn|2
|
|t:|1756576219
|move|p1a: GOAT|Nasty Plot|p1a: GOAT
|-boost|p1a: GOAT|spa|2
|move|p2b: Slaking|Hammer Arm|p1b: Uvita Fernandez
|-supereffective|p1b: Uvita Fernandez
|-damage|p1b: Uvita Fernandez|20/100
|-unboost|p2b: Slaking|spe|1
|-enditem|p1b: Uvita Fernandez|Sitrus Berry|[eat]
|-heal|p1b: Uvita Fernandez|45/100|[from] item: Sitrus Berry
|move|p2a: Weezing|Clear Smog|p1a: GOAT
|-resisted|p1a: GOAT
|-end|p1a: GOAT|Substitute
|move|p1b: Uvita Fernandez|Hyper Voice|p2b: Slaking|[spread] p2a,p2b
|-damage|p2a: Weezing|67/100
|-damage|p2b: Slaking|53/100
|
|upkeep
|turn|3
|
|t:|1756576277
|switch|p2b: Incineroar|Incineroar, L50, F|100/100
|-terastallize|p1b: Uvita Fernandez|Poison
|move|p1a: GOAT|Substitute|p1a: GOAT
|-start|p1a: GOAT|Substitute
|-damage|p1a: GOAT|51/100
|move|p2a: Weezing|Clear Smog|p1a: GOAT
|-resisted|p1a: GOAT
|-activate|p1a: GOAT|move: Substitute|[damage]
|move|p1b: Uvita Fernandez|Hyper Voice|p2b: Incineroar|[spread] p2a,p2b
|-damage|p2a: Weezing|36/100
|-damage|p2b: Incineroar|66/100
|-enditem|p2a: Weezing|Sitrus Berry|[eat]
|-heal|p2a: Weezing|61/100|[from] item: Sitrus Berry
|
|upkeep
|turn|4
|
|t:|1756576304
|switch|p1b: SSD M.2|Porygon2, L50|100/100
|move|p1a: GOAT|Hyper Voice|p2a: Weezing|[spread] p2a,p2b
|-damage|p2a: Weezing|0 fnt
|-damage|p2b: Incineroar|0 fnt
|faint|p2a: Weezing
|-end|p2a: Weezing|ability: Neutralizing Gas
|-ability|p2b: Incineroar|Intimidate|boost
|-immune|p1a: GOAT
|-unboost|p1b: SSD M.2|atk|1
|faint|p2b: Incineroar
|
|upkeep
|
|t:|1756576310
|switch|p2b: Slaking|Slaking, L50, M|53/100
|switch|p2a: Electrode|Electrode-Hisui, L50|100/100
|turn|5
|
|t:|1756576325
|move|p2a: Electrode|Volt Switch|p1a: GOAT
|-end|p1a: GOAT|Substitute
|move|p1a: GOAT|Hyper Voice|p2b: Slaking|[spread] p2b
|-immune|p2a: Electrode|[from] ability: Soundproof
|-damage|p2b: Slaking|0 fnt
|faint|p2b: Slaking
|move|p1b: SSD M.2|Trick Room|p1b: SSD M.2
|-fieldstart|move: Trick Room|[of] p1b: SSD M.2
|
|upkeep
|turn|6
|
|t:|1756576338
|-terastallize|p2a: Electrode|Electric
|move|p1b: SSD M.2|Tera Blast|p2a: Electrode
|-damage|p2a: Electrode|44/100
|move|p1a: GOAT|Shadow Ball|p2a: Electrode
|-damage|p2a: Electrode|0 fnt
|faint|p2a: Electrode
|
|win|Masi_912
||111johan111 is ready for game 2.
|inactive|Masi_912 has 30 seconds to confirm battle start!
||Masi_912 is ready for game 2.
|uhtml|next|Next: Game 2 of 3
|l|☆111johan111
|player|p2|
