|j|☆FireKing002
|j|☆Zacharykeith
|html|FireKing002Zacharykeith    
|uhtml|bestof|Game 1 of a best-of-3
|t:|1756254512
|gametype|doubles
|player|p1|FireKing002|roxie|1007
|player|p2|Zacharykeith|fisherman-gen4|1057
|gen|9
|tier|[Gen 9] VGC 2025 Reg H (Bo3)
|rated|
|rule|Species Clause: Limit one of each Pokémon
|rule|Item Clause: Limit 1 of each item
|clearpoke
|poke|p1|Kommo-o, L50, F|
|poke|p1|Drifblim, L50, M|
|poke|p1|Hydreigon, L50, F|
|poke|p1|Toxtricity-Low-Key, L50, F|
|poke|p1|Volcarona, L50, F|
|poke|p1|Indeedee, L50, M|
|poke|p2|Ursaluna, L50, M|
|poke|p2|Cetitan, L50, F|
|poke|p2|Porygon2, L50|
|poke|p2|Incineroar, L50, M|
|poke|p2|Sinistcha, L50|
|poke|p2|Pikachu, L50, M|
|teampreview|4
|showteam|p1|Kommo-o||CovertCloak|Soundproof|BodyPress,Flamethrower,IronDefense,Protect|||F|||50|,,,,,Fire]Drifblim||PsychicSeed|Unburden|Acrobatics,WillOWisp,StrengthSap,Tailwind|||M|||50|,,,,,Grass]Hydreigon||AssaultVest|Levitate|DarkPulse,DracoMeteor,EarthPower,Snarl|||F|||50|,,,,,Ghost]Toxtricity-Low-Key||ChoiceSpecs|PunkRock|Boomburst,VoltSwitch,Overdrive,SludgeBomb|||F|||50|,,,,,Normal]Volcarona||LifeOrb|FlameBody|BugBuzz,HeatWave,TeraBlast,Protect|||F|||50|,,,,,Fairy]Indeedee||FocusSash|PsychicSurge|ExpandingForce,TeraBlast,Imprison,TrickRoom|||M|||50|,,,,,Ground
|showteam|p2|Ursaluna||FlameOrb|Guts|Facade,HeadlongRush,Earthquake,Protect|||M|||50|,,,,,Ghost]Cetitan||AssaultVest|SheerForce|IcicleCrash,IceShard,HighHorsepower,Liquidation|||F|||50|,,,,,Water]Porygon2||Eviolite|Trace|TeraBlast,IceBeam,TrickRoom,Recover||||||50|,,,,,Fighting]Incineroar||SafetyGoggles|Intimidate|FakeOut,KnockOff,PartingShot,FlareBlitz|||M|||50|,,,,,Ghost]Sinistcha||SitrusBerry|Hospitality|MatchaGotcha,RagePowder,LifeDew,TrickRoom||||||50|,,,,,Water]Pikachu||LightBall|LightningRod|Thunderbolt,VoltSwitch,Encore,Protect|||M|||50|,,,,,Electric
|j| Stradafuturo
|
|t:|1756254576
|teamsize|p1|4
|teamsize|p2|4
|start
|switch|p1a: Drifblim|Drifblim, L50, M|100/100
|switch|p1b: Indeedee|Indeedee, L50, M|100/100
|switch|p2a: Cetitan|Cetitan, L50, F|100/100
|switch|p2b: Sinistcha|Sinistcha, L50|100/100
|-fieldstart|move: Psychic Terrain|[from] ability: Psychic Surge|[of] p1b: Indeedee
|-enditem|p1a: Drifblim|Psychic Seed
|-boost|p1a: Drifblim|spd|1|[from] item: Psychic Seed
|turn|1
|l| Stradafuturo
|inactive|Battle timer is ON: inactive players will automatically lose when time's up. (requested by Zacharykeith)
|
|t:|1756254610
|switch|p1b: Hydreigon|Hydreigon, L50, F|100/100
|move|p1a: Drifblim|Will-O-Wisp|p2a: Cetitan
|-status|p2a: Cetitan|brn
|move|p2a: Cetitan|Icicle Crash|p1a: Drifblim
|-supereffective|p1a: Drifblim
|-damage|p1a: Drifblim|30/100
|move|p2b: Sinistcha|Matcha Gotcha|p1a: Drifblim|[spread] p1a,p1b
|-resisted|p1a: Drifblim
|-resisted|p1b: Hydreigon
|-damage|p1a: Drifblim|22/100
|-damage|p1b: Hydreigon|92/100
|
|-damage|p2a: Cetitan|94/100 brn|[from] brn
|upkeep
|turn|2
|
|t:|1756254628
|move|p2b: Sinistcha|Rage Powder|p2b: Sinistcha
|-singleturn|p2b: Sinistcha|move: Rage Powder
|move|p1a: Drifblim|Strength Sap|p2b: Sinistcha
|-unboost|p2b: Sinistcha|atk|1
|-heal|p1a: Drifblim|45/100
|move|p1b: Hydreigon|Dark Pulse|p2b: Sinistcha
|-supereffective|p2b: Sinistcha
|-damage|p2b: Sinistcha|32/100
|-enditem|p2b: Sinistcha|Sitrus Berry|[eat]
|-heal|p2b: Sinistcha|57/100|[from] item: Sitrus Berry
|move|p2a: Cetitan|Icicle Crash|p1b: Hydreigon
|-supereffective|p1b: Hydreigon
|-damage|p1b: Hydreigon|27/100
|
|-damage|p2a: Cetitan|88/100 brn|[from] brn
|upkeep
|turn|3
|inactive|FireKing002 has 30 seconds left.
|
|t:|1756254658
|move|p2b: Sinistcha|Rage Powder|p2b: Sinistcha
|-singleturn|p2b: Sinistcha|move: Rage Powder
|move|p1a: Drifblim|Tailwind|p1a: Drifblim
|-sidestart|p1: FireKing002|move: Tailwind
|move|p1b: Hydreigon|Dark Pulse|p2b: Sinistcha
|-supereffective|p2b: Sinistcha
|-damage|p2b: Sinistcha|0 fnt
|faint|p2b: Sinistcha
|move|p2a: Cetitan|Icicle Crash|p1a: Drifblim
|-supereffective|p1a: Drifblim
|-damage|p1a: Drifblim|0 fnt
|faint|p1a: Drifblim
|
|-damage|p2a: Cetitan|82/100 brn|[from] brn
|upkeep
|
|t:|1756254674
|switch|p1a: Volcarona|Volcarona, L50, F|100/100
|switch|p2b: Porygon2|Porygon2, L50|100/100
|-ability|p2b: Porygon2|Levitate|Trace|[from] ability: Trace|[of] p1b: Hydreigon
|turn|4
|inactive|FireKing002 has 30 seconds left.
|
|t:|1756254702
|-terastallize|p2a: Cetitan|Water
|move|p1a: Volcarona|Bug Buzz|p2b: Porygon2
|-damage|p2b: Porygon2|61/100
|-damage|p1a: Volcarona|90/100|[from] item: Life Orb
|move|p1b: Hydreigon|Draco Meteor|p2b: Porygon2
|-damage|p2b: Porygon2|15/100
|-unboost|p1b: Hydreigon|spa|2
|move|p2a: Cetitan|Icicle Crash|p1b: Hydreigon
|-supereffective|p1b: Hydreigon
|-damage|p1b: Hydreigon|0 fnt
|faint|p1b: Hydreigon
|move|p2b: Porygon2|Trick Room|p2b: Porygon2
|-fieldstart|move: Trick Room|[of] p2b: Porygon2
|
|-damage|p2a: Cetitan|76/100 brn|[from] brn
|upkeep
|
|t:|1756254724
|switch|p1b: Indeedee|Indeedee, L50, M|100/100
|turn|5
|
|t:|1756254747
|-terastallize|p1a: Volcarona|Fairy
|move|p2b: Porygon2|Recover|p2b: Porygon2
|-heal|p2b: Porygon2|65/100
|move|p2a: Cetitan|Liquidation|p1a: Volcarona
|-damage|p1a: Volcarona|44/100
|move|p1a: Volcarona|Bug Buzz|p2a: Cetitan
|-damage|p2a: Cetitan|29/100 brn
|-unboost|p2a: Cetitan|spd|1
|-damage|p1a: Volcarona|34/100|[from] item: Life Orb
|move|p1b: Indeedee|Trick Room|p1b: Indeedee
|-fieldend|move: Trick Room
|
|-damage|p2a: Cetitan|22/100 brn|[from] brn
|-fieldend|move: Psychic Terrain
|upkeep
|turn|6
|inactive|Zacharykeith has 30 seconds left.
|
|t:|1756254773
|move|p1a: Volcarona|Protect|p1a: Volcarona
|-singleturn|p1a: Volcarona|Protect
|move|p1b: Indeedee|Imprison|p1b: Indeedee
|-start|p1b: Indeedee|move: Imprison
|move|p2a: Cetitan|Icicle Crash|p1b: Indeedee
|-damage|p1b: Indeedee|47/100
|cant|p2b: Porygon2|move: Imprison|Trick Room
|
|-damage|p2a: Cetitan|16/100 brn|[from] brn
|-sideend|p1: FireKing002|move: Tailwind
|upkeep
|turn|7
|
|t:|1756254798
|move|p1a: Volcarona|Heat Wave|p2b: Porygon2|[spread] p2a,p2b
|-resisted|p2a: Cetitan
|-damage|p2a: Cetitan|0 fnt
|-damage|p2b: Porygon2|36/100
|faint|p2a: Cetitan
|-damage|p1a: Volcarona|24/100|[from] item: Life Orb
|move|p1b: Indeedee|Expanding Force|p2b: Porygon2
|-damage|p2b: Porygon2|12/100
|move|p2b: Porygon2|Ice Beam|p1a: Volcarona
|-damage|p1a: Volcarona|0 fnt
|faint|p1a: Volcarona
|
|upkeep
|
|t:|1756254808
|switch|p2a: Ursaluna|Ursaluna, L50, M|100/100
|turn|8
|
|t:|1756254817
|move|p1b: Indeedee|Expanding Force|p2b: Porygon2
|-damage|p2b: Porygon2|0 fnt
|faint|p2b: Porygon2
|move|p2a: Ursaluna|Headlong Rush|p1b: Indeedee
|-damage|p1b: Indeedee|0 fnt
|-unboost|p2a: Ursaluna|def|1
|-unboost|p2a: Ursaluna|spd|1
|faint|p1b: Indeedee
|
|win|Zacharykeith
