|j|☆ronansting
|j|☆akahyden
|html|ronanstingakahyden    
|uhtml|bestof|Game 3 of a best-of-3
|t:|1754817897
|gametype|doubles
|player|p1|ronansting|baker|1252
|player|p2|akahyden|170|1232
|gen|9
|tier|[Gen 9] VGC 2025 Reg H (Bo3)
|rated|
|rule|Species Clause: Limit one of each Pokémon
|rule|Item Clause: Limit 1 of each item
|clearpoke
|poke|p1|Archaludon, L50, F|
|poke|p1|Pelipper, L50, F|
|poke|p1|Indeedee, L50, M|
|poke|p1|Amoonguss, L50, M|
|poke|p1|Basculegion, L50, M|
|poke|p1|Hydreigon, L50, F|
|poke|p2|Incineroar, L50, F|
|poke|p2|Amoonguss, L50, F|
|poke|p2|Ursaluna-Bloodmoon, L50, M|
|poke|p2|Sneasler, L50, M|
|poke|p2|Gholdengo, L50|
|poke|p2|Dragonite, L50, F|
|teampreview|4
|showteam|p1|Archaludon||AssaultVest|Stamina|ElectroShot,DracoMeteor,BodyPress,FlashCannon|||F|||50|,,,,,Grass]Pelipper||FocusSash|Drizzle|WeatherBall,Hurricane,Tailwind,Protect|||F|||50|,,,,,Ghost]Indeedee||ChoiceScarf|PsychicSurge|ExpandingForce,TeraBlast,Trick,DazzlingGleam|||M|||50|,,,,,Ground]Amoonguss||SitrusBerry|Regenerator|Spore,SludgeBomb,Protect,RagePowder|||M|||50|,,,,,Water]Basculegion||ChoiceBand|SwiftSwim|FlipTurn,WaveCrash,LastRespects,AquaJet|||M|||50|,,,,,Poison]Hydreigon||CovertCloak|Levitate|Taunt,Snarl,DracoMeteor,EarthPower|||F|||50|,,,,,Fairy
|showteam|p2|Incineroar||SafetyGoggles|Intimidate|FlareBlitz,KnockOff,PartingShot,FakeOut|||F|||50|,,,,,Ghost]Amoonguss||SitrusBerry|Regenerator|Spore,RagePowder,PollenPuff,Protect|||F|||50|,,,,,Psychic]Ursaluna-Bloodmoon||AssaultVest|MindsEye|HyperVoice,BloodMoon,EarthPower,VacuumWave|||M|||50|,,,,,Water]Sneasler||FocusSash|Unburden|CloseCombat,DireClaw,ThroatChop,Protect|||M|||50|,,,,,Stellar]Gholdengo||LifeOrb|GoodasGold|MakeItRain,ShadowBall,NastyPlot,Protect||||||50|,,,,,Water]Dragonite||LoadedDice|Multiscale|ScaleShot,Tailwind,Haze,Protect|||F|||50|,,,,,Fairy
|
|t:|1754817926
|teamsize|p1|4
|teamsize|p2|4
|start
|switch|p1a: Piedragon|Hydreigon, L50, F|100/100
|switch|p1b: Empire|Basculegion, L50, M|100/100
|switch|p2a: Amoonguss|Amoonguss, L50, F|100/100
|switch|p2b: Dragonite|Dragonite, L50, F|100/100
|turn|1
|
|t:|1754817968
|-terastallize|p1a: Piedragon|Fairy
|-terastallize|p2b: Dragonite|Fairy
|move|p1a: Piedragon|Taunt|p2a: Amoonguss
|-start|p2a: Amoonguss|move: Taunt
|move|p1b: Empire|Flip Turn|p2b: Dragonite
|-damage|p2b: Dragonite|78/100
|
|t:|1754817975
|switch|p1b: Arching|Archaludon, L50, F|100/100|[from] Flip Turn
|move|p2b: Dragonite|Scale Shot|p1b: Arching|[miss]
|-miss|p2b: Dragonite|p1b: Arching
|cant|p2a: Amoonguss|move: Taunt|Spore
|
|upkeep
|turn|2
|
|t:|1754818015
|move|p1a: Piedragon|Taunt|p2b: Dragonite
|-start|p2b: Dragonite|move: Taunt
|move|p2b: Dragonite|Scale Shot|p1b: Arching
|-damage|p1b: Arching|90/100
|-ability|p1b: Arching|Stamina|boost
|-boost|p1b: Arching|def|1
|-damage|p1b: Arching|83/100
|-ability|p1b: Arching|Stamina|boost
|-boost|p1b: Arching|def|1
|-damage|p1b: Arching|77/100
|-ability|p1b: Arching|Stamina|boost
|-boost|p1b: Arching|def|1
|-damage|p1b: Arching|73/100
|-ability|p1b: Arching|Stamina|boost
|-boost|p1b: Arching|def|1
|-damage|p1b: Arching|69/100
|-ability|p1b: Arching|Stamina|boost
|-boost|p1b: Arching|def|1
|-hitcount|p1b: Arching|5
|-unboost|p2b: Dragonite|def|1
|-boost|p2b: Dragonite|spe|1
|move|p1b: Arching|Flash Cannon|p2a: Amoonguss
|-damage|p2a: Amoonguss|69/100
|move|p2a: Amoonguss|Pollen Puff|p2b: Dragonite
|-heal|p2b: Dragonite|100/100
|
|upkeep
|turn|3
|
|t:|1754818053
|move|p2b: Dragonite|Scale Shot|p1b: Arching
|-damage|p1b: Arching|66/100
|-ability|p1b: Arching|Stamina|boost
|-boost|p1b: Arching|def|1
|-damage|p1b: Arching|62/100
|-damage|p1b: Arching|59/100
|-damage|p1b: Arching|56/100
|-hitcount|p1b: Arching|4
|-unboost|p2b: Dragonite|def|1
|-boost|p2b: Dragonite|spe|1
|move|p1a: Piedragon|Snarl|p2b: Dragonite|[spread] p2a
|-miss|p1a: Piedragon|p2b: Dragonite
|-damage|p2a: Amoonguss|54/100
|-unboost|p2a: Amoonguss|spa|1
|move|p1b: Arching|Flash Cannon|p2b: Dragonite
|-supereffective|p2b: Dragonite
|-damage|p2b: Dragonite|63/100
|move|p2a: Amoonguss|Pollen Puff|p2b: Dragonite
|-heal|p2b: Dragonite|100/100
|
|-end|p2a: Amoonguss|move: Taunt
|upkeep
|turn|4
|
|t:|1754818079
|move|p2a: Amoonguss|Rage Powder|p2a: Amoonguss
|-singleturn|p2a: Amoonguss|move: Rage Powder
|move|p2b: Dragonite|Scale Shot|p1b: Arching
|-damage|p1b: Arching|53/100
|-damage|p1b: Arching|49/100
|-damage|p1b: Arching|46/100
|-damage|p1b: Arching|43/100
|-hitcount|p1b: Arching|4
|-unboost|p2b: Dragonite|def|1
|-boost|p2b: Dragonite|spe|1
|move|p1a: Piedragon|Snarl|p2b: Dragonite|[spread] p2a,p2b
|-resisted|p2b: Dragonite
|-damage|p2a: Amoonguss|37/100
|-damage|p2b: Dragonite|96/100
|-unboost|p2a: Amoonguss|spa|1
|-unboost|p2b: Dragonite|spa|1
|-enditem|p2a: Amoonguss|Sitrus Berry|[eat]
|-heal|p2a: Amoonguss|62/100|[from] item: Sitrus Berry
|move|p1b: Arching|Flash Cannon|p2a: Amoonguss
|-damage|p2a: Amoonguss|34/100
|
|-end|p2b: Dragonite|move: Taunt
|upkeep
|turn|5
|
|t:|1754818105
|move|p2b: Dragonite|Tailwind|p2b: Dragonite
|-sidestart|p2: akahyden|move: Tailwind
|move|p1a: Piedragon|Taunt|p2a: Amoonguss
|-start|p2a: Amoonguss|move: Taunt
|move|p1b: Arching|Flash Cannon|p2b: Dragonite
|-supereffective|p2b: Dragonite
|-damage|p2b: Dragonite|17/100
|cant|p2a: Amoonguss|move: Taunt|Spore
|
|upkeep
|turn|6
|
|t:|1754818123
|move|p2b: Dragonite|Haze|p2b: Dragonite
|-clearallboost
|move|p1a: Piedragon|Snarl|p2a: Amoonguss|[spread] p2a,p2b
|-resisted|p2b: Dragonite
|-damage|p2a: Amoonguss|19/100
|-damage|p2b: Dragonite|8/100
|-unboost|p2a: Amoonguss|spa|1
|-unboost|p2b: Dragonite|spa|1
|move|p1b: Arching|Flash Cannon|p2b: Dragonite
|-supereffective|p2b: Dragonite
|-damage|p2b: Dragonite|0 fnt
|faint|p2b: Dragonite
|move|p2a: Amoonguss|Pollen Puff|p2: Dragonite|[notarget]
|-fail|p2a: Amoonguss
|
|upkeep
|
|t:|1754818139
|switch|p2b: Gholdengo|Gholdengo, L50|100/100
|turn|7
|
|t:|1754818164
|switch|p1a: Smellypper|Pelipper, L50, F|100/100
|-weather|RainDance|[from] ability: Drizzle|[of] p1a: Smellypper
|switch|p2a: Sneasler|Sneasler, L50, M|100/100
|move|p2b: Gholdengo|Nasty Plot|p2b: Gholdengo
|-boost|p2b: Gholdengo|spa|2
|move|p1b: Arching|Electro Shot||[still]
|-prepare|p1b: Arching|Electro Shot
|-boost|p1b: Arching|spa|1
|-anim|p1b: Arching|Electro Shot|p2b: Gholdengo
|-damage|p2b: Gholdengo|34/100
|
|-weather|RainDance|[upkeep]
|upkeep
|turn|8
|
|t:|1754818195
|switch|p2a: Amoonguss|Amoonguss, L50, F|52/100
|move|p1a: Smellypper|Protect|p1a: Smellypper
|-singleturn|p1a: Smellypper|Protect
|move|p2b: Gholdengo|Make It Rain|p1a: Smellypper|[spread] p1b
|-activate|p1a: Smellypper|move: Protect
|-resisted|p1b: Arching
|-crit|p1b: Arching
|-damage|p1b: Arching|0 fnt
|-unboost|p2b: Gholdengo|spa|1
|faint|p1b: Arching
|-damage|p2b: Gholdengo|24/100|[from] item: Life Orb
|
|-weather|RainDance|[upkeep]
|-sideend|p2: akahyden|move: Tailwind
|upkeep
|
|t:|1754818204
|switch|p1b: Piedragon|Hydreigon, L50, F, tera:Fairy|100/100
|turn|9
|
|t:|1754818248
|move|p1b: Piedragon|Snarl|p2b: Gholdengo|[spread] p2a,p2b
|-supereffective|p2b: Gholdengo
|-damage|p2a: Amoonguss|38/100
|-damage|p2b: Gholdengo|0 fnt
|-unboost|p2a: Amoonguss|spa|1
|faint|p2b: Gholdengo
|move|p1a: Smellypper|Hurricane|p2a: Amoonguss
|-supereffective|p2a: Amoonguss
|-damage|p2a: Amoonguss|0 fnt
|faint|p2a: Amoonguss
|
|-weather|RainDance|[upkeep]
|upkeep
|-message|akahyden forfeited.
|
|win|ronansting
|raw|ronansting's rating: 1252 → 1276(+24 for winning)
|raw|akahyden's rating: 1232 → 1208(-24 for losing)
|l|☆akahyden
|player|p2|
|j|☆akahyden
|player|p2|akahyden|170|
