|j|☆ufhednarvgc
|j|☆3-4 worlds
|html|ufhednarvgc3-4 worlds    
|uhtml|bestof|Game 2 of a best-of-3
|t:|1784835067
|gametype|doubles
|player|p1|ufhednarvgc|lance|1101
|player|p2|3-4 worlds|emma|1079
|gen|9
|tier|[Gen 9 Champions] VGC 2026 Reg M-B (Bo3)
|rated|
|rule|Species Clause: Limit one of each Pokémon
|rule|Item Clause: Limit 1 of each item
|clearpoke
|poke|p1|Raichu, L50, M|
|poke|p1|Froslass, L50, F|
|poke|p1|Incineroar, L50, M|
|poke|p1|Whimsicott, L50, F|
|poke|p1|Garchomp, L50, M|
|poke|p1|Milotic, L50, M|
|poke|p2|Blaziken, L50, M|
|poke|p2|Aerodactyl, L50, M|
|poke|p2|Basculegion, L50, M|
|poke|p2|Sylveon, L50, M|
|poke|p2|Torkoal, L50, F|
|poke|p2|Kingambit, L50, F|
|teampreview|4
|showteam|p1|Raichu||RaichuniteY|Static|ZapCannon,FakeOut,FocusBlast,Protect|Timid||M|||50|]Froslass||Froslassite|SnowCloak|Blizzard,ShadowBall,AuroraVeil,Protect|Timid||F|||50|]Incineroar||SitrusBerry|Intimidate|FakeOut,FlareBlitz,ThroatChop,PartingShot|Careful||M|||50|]Whimsicott||FocusSash|Prankster|Moonblast,Tailwind,Encore,Protect|Timid||F|||50|]Garchomp||LifeOrb|RoughSkin|DragonClaw,StompingTantrum,RockSlide,Protect|Jolly||M|||50|]Milotic||Leftovers|Competitive|MuddyWater,Hypnosis,Coil,Recover|Bold||M|||50|
|showteam|p2|Blaziken||Blazikenite|SpeedBoost|CloseCombat,FlareBlitz,RockSlide,Detect|Adamant||M|||50|]Aerodactyl||Aerodactylite|Unnerve|DualWingbeat,IceFang,RockSlide,Tailwind|Jolly||M|||50|]Basculegion||FocusSash|Adaptability|LastRespects,Liquidation,AquaJet,Protect|Adamant||M|||50|]Sylveon||FairyFeather|Pixilate|Moonblast,HyperVoice,QuickAttack,Detect|Modest||M|||50|]Torkoal||Leftovers|Drought|HeatWave,WeatherBall,Yawn,Protect|Relaxed||F|||50|]Kingambit||LifeOrb|Defiant|KowtowCleave,IronHead,SuckerPunch,Protect|Adamant||F|||50|
|inactive|Battle timer is ON: inactive players will automatically lose when time's up. (requested by 3-4 worlds)
|inactive|ufhednarvgc has 60 seconds left.
|
|t:|1784835102
|teamsize|p1|4
|teamsize|p2|4
|start
|switch|p1a: Milotic|Milotic, L50, M|100/100
|switch|p1b: Whimsicott|Whimsicott, L50, F|100/100
|switch|p2a: Aerodactyl|Aerodactyl, L50, M|100/100
|switch|p2b: Kingambit|Kingambit, L50, F|100/100
|-ability|p2a: Aerodactyl|Unnerve
|turn|1
|
|t:|1784835122
|move|p1b: Whimsicott|Tailwind|p1b: Whimsicott
|-sidestart|p1: ufhednarvgc|move: Tailwind
|move|p1a: Milotic|Coil|p1a: Milotic
|-boost|p1a: Milotic|atk|1
|-boost|p1a: Milotic|def|1
|-boost|p1a: Milotic|accuracy|1
|move|p2a: Aerodactyl|Tailwind|p2a: Aerodactyl
|-sidestart|p2: 3-4 worlds|move: Tailwind
|move|p2b: Kingambit|Kowtow Cleave|p1a: Milotic
|-damage|p1a: Milotic|61/100
|-damage|p2b: Kingambit|90/100|[from] item: Life Orb
|
|-heal|p1a: Milotic|67/100|[from] item: Leftovers
|upkeep
|turn|2
|inactive|3-4 worlds has 30 seconds left.
|
|t:|1784835149
|switch|p2a: Sylveon|Sylveon, L50, M|100/100
|move|p1b: Whimsicott|Encore||[still]
|-fail|p1b: Whimsicott
|move|p1a: Milotic|Coil|p1a: Milotic
|-boost|p1a: Milotic|atk|1
|-boost|p1a: Milotic|def|1
|-boost|p1a: Milotic|accuracy|1
|move|p2b: Kingambit|Iron Head|p1b: Whimsicott
|-supereffective|p1b: Whimsicott|1
|-enditem|p1b: Whimsicott|Focus Sash
|-damage|p1b: Whimsicott|1/100
|-damage|p2b: Kingambit|80/100|[from] item: Life Orb
|
|-heal|p1a: Milotic|73/100|[from] item: Leftovers
|upkeep
|turn|3
|inactive|ufhednarvgc has 30 seconds left.
|
|t:|1784835175
|move|p1b: Whimsicott|Protect|p1b: Whimsicott
|-singleturn|p1b: Whimsicott|Protect
|move|p1a: Milotic|Hypnosis|p2a: Sylveon
|-status|p2a: Sylveon|slp|[from] move: Hypnosis
|cant|p2a: Sylveon|slp
|move|p2b: Kingambit|Kowtow Cleave|p1a: Milotic
|-damage|p1a: Milotic|46/100
|-damage|p2b: Kingambit|71/100|[from] item: Life Orb
|
|-heal|p1a: Milotic|51/100|[from] item: Leftovers
|upkeep
|turn|4
|
|t:|1784835189
|switch|p1b: Raichu|Raichu, L50, M|100/100
|move|p2b: Kingambit|Protect|p2b: Kingambit
|-singleturn|p2b: Kingambit|Protect
|move|p1a: Milotic|Hypnosis|p2b: Kingambit
|-activate|p2b: Kingambit|move: Protect
|cant|p2a: Sylveon|slp
|
|-heal|p1a: Milotic|57/100|[from] item: Leftovers
|-sideend|p2: 3-4 worlds|move: Tailwind
|-sideend|p1: ufhednarvgc|move: Tailwind
|upkeep
|turn|5
|
|t:|1784835206
|detailschange|p1b: Raichu|Raichu-Mega-Y, L50, M
|-mega|p1b: Raichu|Raichu|Raichunite Y
|move|p1b: Raichu|Protect|p1b: Raichu
|-singleturn|p1b: Raichu|Protect
|move|p1a: Milotic|Hypnosis|p2b: Kingambit
|-status|p2b: Kingambit|slp|[from] move: Hypnosis
|-curestatus|p2a: Sylveon|slp|[msg]
|move|p2a: Sylveon|Hyper Voice|p1a: Milotic|[spread] p1a
|-activate|p1b: Raichu|move: Protect
|-damage|p1a: Milotic|20/100y
|cant|p2b: Kingambit|slp
|
|-heal|p1a: Milotic|26/100|[from] item: Leftovers
|upkeep
|turn|6
|
|t:|1784835228
|cant|p2b: Kingambit|slp
|move|p1b: Raichu|Zap Cannon|p2b: Kingambit
|-damage|p2b: Kingambit|2/100 slp
|move|p1a: Milotic|Hypnosis|p2a: Sylveon
|-status|p2a: Sylveon|slp|[from] move: Hypnosis
|cant|p2a: Sylveon|slp
|
|-heal|p1a: Milotic|32/100|[from] item: Leftovers
|upkeep
|turn|7
|
|t:|1784835242
|move|p1b: Raichu|Zap Cannon|p2a: Sylveon
|-damage|p2a: Sylveon|49/100 slp
|move|p1a: Milotic|Muddy Water|p2b: Kingambit|[spread] p2a,p2b
|-damage|p2a: Sylveon|30/100 slp
|-damage|p2b: Kingambit|0 fnt
|-unboost|p2a: Sylveon|accuracy|1
|faint|p2b: Kingambit
|cant|p2a: Sylveon|slp
|
|-heal|p1a: Milotic|38/100|[from] item: Leftovers
|upkeep
|
|t:|1784835255
|switch|p2b: Aerodactyl|Aerodactyl, L50, M|100/100
|-ability|p2b: Aerodactyl|Unnerve
|turn|8
|
|t:|1784835262
|detailschange|p2b: Aerodactyl|Aerodactyl-Mega, L50, M
|-mega|p2b: Aerodactyl|Aerodactyl|Aerodactylite
|move|p2b: Aerodactyl|Rock Slide|p1a: Milotic|[spread] p1a,p1b
|-damage|p1a: Milotic|25/100
|-damage|p1b: Raichu|42/100
|move|p1b: Raichu|Zap Cannon|p2b: Aerodactyl
|-supereffective|p2b: Aerodactyl|1
|-damage|p2b: Aerodactyl|0 fnt
|faint|p2b: Aerodactyl
|cant|p1a: Milotic|flinch
|-curestatus|p2a: Sylveon|slp|[msg]
|move|p2a: Sylveon|Hyper Voice|p1b: Raichu|[spread] p1a,p1b
|-damage|p1a: Milotic|0 fnt
|-damage|p1b: Raichu|0 fnt
|faint|p1a: Milotic
|faint|p1b: Raichu
|
|upkeep
|
|t:|1784835278
|switch|p2b: Basculegion|Basculegion, L50, M|100/100
|switch|p1b: Garchomp|Garchomp, L50, M|100/100
|switch|p1a: Whimsicott|Whimsicott, L50, F|1/100
|turn|9
|inactive|ufhednarvgc has 30 seconds left.
|
|t:|1784835304
|move|p2a: Sylveon|Quick Attack|p1a: Whimsicott
|-damage|p1a: Whimsicott|0 fnt
|faint|p1a: Whimsicott
|move|p1b: Garchomp|Dragon Claw|p2b: Basculegion
|-damage|p2b: Basculegion|31/100
|-damage|p1b: Garchomp|90/100|[from] item: Life Orb
|move|p2b: Basculegion|Last Respects|p1b: Garchomp
|-damage|p1b: Garchomp|0 fnt
|faint|p1b: Garchomp
|
|win|3-4 worlds
||ufhednarvgc is ready for game 3.
||3-4 worlds is ready for game 3.
|uhtml|next|Next: Game 3 of 3
|l|☆ufhednarvgc
|player|p1|
