|j|☆Scobie
|j|☆Cogao vascaino
|html|ScobieCogao vascaino    
|uhtml|bestof|Game 2 of a best-of-3
|t:|1756570598
|gametype|doubles
|player|p1|Scobie|veteran-gen4|1115
|player|p2|Cogao vascaino|dancer|1216
|gen|9
|tier|[Gen 9] VGC 2025 Reg H (Bo3)
|rated|
|rule|Species Clause: Limit one of each Pokémon
|rule|Item Clause: Limit 1 of each item
|clearpoke
|poke|p1|Incineroar, L50, F|
|poke|p1|Sneasler, L50, F|
|poke|p1|Rillaboom, L50, M|
|poke|p1|Ursaluna-Bloodmoon, L50, M|
|poke|p1|Murkrow, L50, M|
|poke|p1|Gholdengo, L50|
|poke|p2|Maushold, L50|
|poke|p2|Sinistcha, L50|
|poke|p2|Pelipper, L50, M|
|poke|p2|Annihilape, L50, M|
|poke|p2|Basculegion, L50, M|
|poke|p2|Archaludon, L50, F|
|teampreview|4
|showteam|p1|Incineroar||SafetyGoggles|Intimidate|FakeOut,KnockOff,FlareBlitz,PartingShot|||F|||50|,,,,,Ghost]Sneasler||WhiteHerb|Unburden|DireClaw,CloseCombat,FakeOut,Protect|||F|||50|,,,,,Stellar]Rillaboom||MiracleSeed|GrassySurge|WoodHammer,GrassyGlide,FakeOut,Protect|||M|||50|,,,,,Grass]Ursaluna-Bloodmoon||LifeOrb|MindsEye|BloodMoon,HyperVoice,EarthPower,Protect|||M|||50|,,,,,Normal]Murkrow||CovertCloak|Prankster|Tailwind,RainDance,Haze,FoulPlay|||M|||50|,,,,,Dark]Gholdengo||Leftovers|GoodasGold|Protect,NastyPlot,MakeItRain,ShadowBall||||||50|,,,,,Normal
|showteam|p2|Maushold||SafetyGoggles|FriendGuard|BeatUp,FollowMe,Taunt,Protect||||||50|,,,,,Ghost]Sinistcha||RockyHelmet|Hospitality|MatchaGotcha,RagePowder,LifeDew,TrickRoom||||||50|,,,,,Fairy]Pelipper||FocusSash|Drizzle|WeatherBall,Hurricane,Tailwind,Protect|||M|||50|,,,,,Stellar]Annihilape||SpellTag|Defiant|DrainPunch,RageFist,BulkUp,Protect|||M|||50|,,,,,Fire]Basculegion||ChoiceBand|SwiftSwim|WaveCrash,AquaJet,LastRespects,FlipTurn|||M|||50|,,,,,Water]Archaludon||AssaultVest|Stamina|BodyPress,DracoMeteor,ElectroShot,FlashCannon|||F|||50|,,,,,Grass
|
|t:|1756570623
|teamsize|p1|4
|teamsize|p2|4
|start
|switch|p1a: Sneasler|Sneasler, L50, F|100/100
|switch|p1b: Rillaboom|Rillaboom, L50, M|100/100
|switch|p2a: Maushold|Maushold, L50|100/100
|switch|p2b: Annihilape|Annihilape, L50, M|100/100
|-fieldstart|move: Grassy Terrain|[from] ability: Grassy Surge|[of] p1b: Rillaboom
|turn|1
|
|t:|1756570644
|-terastallize|p2a: Maushold|Ghost
|move|p1a: Sneasler|Close Combat|p2a: Maushold
|-immune|p2a: Maushold
|move|p2a: Maushold|Beat Up|p2b: Annihilape
|-damage|p2b: Annihilape|98/100
|-damage|p2b: Annihilape|96/100
|-damage|p2b: Annihilape|94/100
|-damage|p2b: Annihilape|91/100
|-hitcount|p2b: Annihilape|4
|move|p2b: Annihilape|Rage Fist|p1a: Sneasler
|-damage|p1a: Sneasler|0 fnt
|faint|p1a: Sneasler
|move|p1b: Rillaboom|Wood Hammer|p2b: Annihilape
|-damage|p2b: Annihilape|5/100
|-damage|p1b: Rillaboom|73/100|[from] Recoil
|
|-heal|p2b: Annihilape|11/100|[from] Grassy Terrain
|-heal|p1b: Rillaboom|79/100|[from] Grassy Terrain
|upkeep
|
|t:|1756570650
|switch|p1a: Incineroar|Incineroar, L50, F|100/100
|-ability|p1a: Incineroar|Intimidate|boost
|-unboost|p2a: Maushold|atk|1
|-unboost|p2b: Annihilape|atk|1
|-ability|p2b: Annihilape|Defiant|boost
|-boost|p2b: Annihilape|atk|2
|turn|2
|
|t:|1756570667
|move|p2a: Maushold|Follow Me|p2a: Maushold
|-singleturn|p2a: Maushold|move: Follow Me
|move|p1b: Rillaboom|Grassy Glide|p2a: Maushold
|-damage|p2a: Maushold|39/100
|move|p2b: Annihilape|Rage Fist|p1b: Rillaboom
|-damage|p1b: Rillaboom|0 fnt
|faint|p1b: Rillaboom
|move|p1a: Incineroar|Knock Off|p2a: Maushold
|-supereffective|p2a: Maushold
|-damage|p2a: Maushold|0 fnt
|-enditem|p2a: Maushold|Safety Goggles|[from] move: Knock Off|[of] p1a: Incineroar
|faint|p2a: Maushold
|
|-heal|p2b: Annihilape|17/100|[from] Grassy Terrain
|upkeep
|
|t:|1756570681
|switch|p2a: Pelipper|Pelipper, L50, M|100/100
|switch|p1b: Ursaluna|Ursaluna-Bloodmoon, L50, M|100/100
|-weather|RainDance|[from] ability: Drizzle|[of] p2a: Pelipper
|turn|3
|
|t:|1756570704
|-terastallize|p1b: Ursaluna|Normal
|move|p1b: Ursaluna|Protect|p1b: Ursaluna
|-singleturn|p1b: Ursaluna|Protect
|move|p2b: Annihilape|Drain Punch|p1a: Incineroar
|-supereffective|p1a: Incineroar
|-damage|p1a: Incineroar|16/100
|-heal|p2b: Annihilape|60/100|[from] drain|[of] p1a: Incineroar
|move|p2a: Pelipper|Weather Ball|p1a: Incineroar
|-supereffective|p1a: Incineroar
|-damage|p1a: Incineroar|0 fnt
|faint|p1a: Incineroar
|
|-weather|RainDance|[upkeep]
|-heal|p2b: Annihilape|66/100|[from] Grassy Terrain
|upkeep
|turn|4
|
|t:|1756570720
|move|p2b: Annihilape|Drain Punch|p1b: Ursaluna
|-supereffective|p1b: Ursaluna
|-damage|p1b: Ursaluna|24/100
|-heal|p2b: Annihilape|100/100|[from] drain|[of] p1b: Ursaluna
|move|p2a: Pelipper|Tailwind|p2a: Pelipper
|-sidestart|p2: Cogao vascaino|move: Tailwind
|move|p1b: Ursaluna|Hyper Voice|p2a: Pelipper|[spread] p2a,p2b
|-enditem|p2a: Pelipper|Focus Sash
|-damage|p2a: Pelipper|1/100
|-damage|p2b: Annihilape|29/100
|-damage|p1b: Ursaluna|15/100|[from] item: Life Orb
|
|-weather|RainDance|[upkeep]
|-heal|p2b: Annihilape|35/100|[from] Grassy Terrain
|-heal|p1b: Ursaluna|21/100|[from] Grassy Terrain
|upkeep
|turn|5
|-message|Scobie forfeited.
|
|win|Cogao vascaino
|raw|Scobie's rating: 1115 → 1097(-18 for losing)
|raw|Cogao vascaino's rating: 1216 → 1234(+18 for winning)
|l|☆Scobie
|player|p1|
|j|☆Scobie
|player|p1|Scobie|veteran-gen4|
|c|☆Cogao vascaino|G1 grassy glide
|c|☆Cogao vascaino|You won
