|j|☆Jakobtc
|j|☆HyphyJavi
|html|JakobtcHyphyJavi    
|uhtml|bestof|Game 1 of a best-of-3
|t:|1756682295
|gametype|doubles
|player|p1|Jakobtc|riley|1234
|player|p2|HyphyJavi|dancer|1219
|gen|9
|tier|[Gen 9] VGC 2025 Reg H (Bo3)
|rated|
|rule|Species Clause: Limit one of each Pokémon
|rule|Item Clause: Limit 1 of each item
|clearpoke
|poke|p1|Gholdengo, L50|
|poke|p1|Incineroar, L50, F|
|poke|p1|Ursaluna, L50, F|
|poke|p1|Porygon2, L50|
|poke|p1|Kilowattrel, L50, M|
|poke|p1|Sneasler, L50, F|
|poke|p2|Sneasler, L50, M|
|poke|p2|Indeedee, L50, M|
|poke|p2|Talonflame, L50, F|
|poke|p2|Ursaluna, L50, M|
|poke|p2|Amoonguss, L50, M|
|poke|p2|Ninetales, L50, M|
|teampreview|4
|showteam|p1|Gholdengo||LifeOrb|GoodasGold|MakeItRain,ShadowBall,NastyPlot,Protect||||||50|,,,,,Dragon]Incineroar||SafetyGoggles|Intimidate|FakeOut,FlareBlitz,KnockOff,PartingShot|||F|||50|,,,,,Bug]Ursaluna||FlameOrb|Guts|Facade,HeadlongRush,Earthquake,Protect|||F|||50|,,,,,Ghost]Porygon2||Eviolite|Download|TeraBlast,IceBeam,Recover,TrickRoom||||||50|,,,,,Flying]Kilowattrel||FocusSash|Competitive|AirSlash,Thunderbolt,Tailwind,Protect|||M|||50|,,,,,Ghost]Sneasler||WhiteHerb|Unburden|DireClaw,CloseCombat,ThroatChop,Protect|||F|||50|,,,,,Stellar
|showteam|p2|Sneasler||PsychicSeed|Unburden|DireClaw,CloseCombat,ThroatChop,RockSlide|||M|||50|,,,,,Stellar]Indeedee||FocusSash|PsychicSurge|Imprison,ExpandingForce,TrickRoom,ShadowBall|||M|||50|,,,,,Stellar]Talonflame||CovertCloak|GaleWings|DualWingbeat,FlareBlitz,Tailwind,Taunt|||F|||50|,,,,,Stellar]Ursaluna||FlameOrb|Guts|Earthquake,HeadlongRush,Facade,Protect|||M|||50|,,,,,Fairy]Amoonguss||IronBall|Regenerator|RagePowder,Spore,PollenPuff,Protect|||M|||50|,,,,,Water]Ninetales||Charcoal|Drought|HeatWave,HelpingHand,WillOWisp,Protect|||M|||50|,,,,,Flying
|c|☆Jakobtc|glhf
|c|☆HyphyJavi|glhf
|
|t:|1756682346
|teamsize|p1|4
|teamsize|p2|4
|start
|switch|p1a: Incineroar|Incineroar, L50, F|100/100
|switch|p1b: Kilowattrel|Kilowattrel, L50, M|100/100
|switch|p2a: Talonflame|Talonflame, L50, F|100/100
|switch|p2b: Indeedee|Indeedee, L50, M|100/100
|-fieldstart|move: Psychic Terrain|[from] ability: Psychic Surge|[of] p2b: Indeedee
|-ability|p1a: Incineroar|Intimidate|boost
|-unboost|p2a: Talonflame|atk|1
|-unboost|p2b: Indeedee|atk|1
|turn|1
|
|t:|1756682370
|switch|p2a: Ursaluna|Ursaluna, L50, M|100/100
|move|p1b: Kilowattrel|Protect|p1b: Kilowattrel
|-singleturn|p1b: Kilowattrel|Protect
|move|p1a: Incineroar|Parting Shot|p2a: Ursaluna
|-unboost|p2a: Ursaluna|atk|1
|-unboost|p2a: Ursaluna|spa|1
|
|t:|1756682379
|switch|p1a: Porygon2|Porygon2, L50, shiny|100/100|[from] Parting Shot
|-ability|p1a: Porygon2|Download|boost
|-boost|p1a: Porygon2|atk|1
|move|p2b: Indeedee|Trick Room|p2b: Indeedee
|-fieldstart|move: Trick Room|[of] p2b: Indeedee
|
|-status|p2a: Ursaluna|brn|[from] item: Flame Orb
|upkeep
|turn|2
|
|t:|1756682404
|switch|p1b: Incineroar|Incineroar, L50, F|100/100
|-ability|p1b: Incineroar|Intimidate|boost
|-unboost|p2a: Ursaluna|atk|1
|-unboost|p2b: Indeedee|atk|1
|-terastallize|p2a: Ursaluna|Fairy
|move|p2a: Ursaluna|Facade|p1a: Porygon2
|-damage|p1a: Porygon2|60/100
|move|p1a: Porygon2|Ice Beam|p2a: Ursaluna
|-damage|p2a: Ursaluna|77/100 brn
|move|p2b: Indeedee|Expanding Force|p1b: Incineroar|[spread] p1a
|-immune|p1b: Incineroar
|-damage|p1a: Porygon2|29/100
|
|-damage|p2a: Ursaluna|71/100 brn|[from] brn
|upkeep
|turn|3
|
|t:|1756682425
|switch|p2b: Talonflame|Talonflame, L50, F|100/100
|-terastallize|p1b: Incineroar|Bug
|move|p2a: Ursaluna|Earthquake|p1b: Incineroar|[spread] p1a,p1b
|-immune|p2b: Talonflame
|-resisted|p1b: Incineroar
|-damage|p1a: Porygon2|7/100
|-damage|p1b: Incineroar|84/100
|move|p1b: Incineroar|Flare Blitz|p2a: Ursaluna
|-damage|p2a: Ursaluna|26/100 brn
|-damage|p1b: Incineroar|67/100|[from] Recoil
|move|p1a: Porygon2|Recover|p1a: Porygon2
|-heal|p1a: Porygon2|57/100
|
|-damage|p2a: Ursaluna|20/100 brn|[from] brn
|upkeep
|turn|4
|inactive|Battle timer is ON: inactive players will automatically lose when time's up. (requested by Jakobtc)
|
|t:|1756682459
|switch|p1b: Kilowattrel|Kilowattrel, L50, M|100/100
|move|p2a: Ursaluna|Protect|p2a: Ursaluna
|-singleturn|p2a: Ursaluna|Protect
|move|p1a: Porygon2|Recover|p1a: Porygon2
|-heal|p1a: Porygon2|100/100
|move|p2b: Talonflame|Flare Blitz|p1b: Kilowattrel
|-damage|p1b: Kilowattrel|2/100
|-damage|p2b: Talonflame|69/100|[from] Recoil
|
|-damage|p2a: Ursaluna|14/100 brn|[from] brn
|upkeep
|turn|5
|inactive|Jakobtc has 30 seconds left.
|inactive|HyphyJavi has 30 seconds left.
|
|t:|1756682488
|move|p1b: Kilowattrel|Protect|p1b: Kilowattrel
|-singleturn|p1b: Kilowattrel|Protect
|move|p2a: Ursaluna|Facade|p1b: Kilowattrel
|-activate|p1b: Kilowattrel|move: Protect
|move|p1a: Porygon2|Tera Blast|p2a: Ursaluna
|-damage|p2a: Ursaluna|0 fnt
|faint|p2a: Ursaluna
|move|p2b: Talonflame|Tailwind|p2b: Talonflame
|-sidestart|p2: HyphyJavi|move: Tailwind
|
|-fieldend|move: Trick Room
|-fieldend|move: Psychic Terrain
|upkeep
|
|t:|1756682503
|switch|p2a: Indeedee|Indeedee, L50, M|100/100
|-fieldstart|move: Psychic Terrain|[from] ability: Psychic Surge|[of] p2a: Indeedee
|turn|6
|
|t:|1756682511
|switch|p1b: Incineroar|Incineroar, L50, F, tera:Bug|67/100
|-ability|p1b: Incineroar|Intimidate|boost
|-unboost|p2a: Indeedee|atk|1
|-unboost|p2b: Talonflame|atk|1
|move|p2b: Talonflame|Taunt|p1a: Porygon2
|-start|p1a: Porygon2|move: Taunt
|move|p2a: Indeedee|Expanding Force|p1b: Incineroar|[spread] p1a,p1b
|-crit|p1b: Incineroar
|-damage|p1a: Porygon2|68/100
|-damage|p1b: Incineroar|0 fnt
|faint|p1b: Incineroar
|move|p1a: Porygon2|Tera Blast|p2b: Talonflame
|-damage|p2b: Talonflame|23/100
|
|upkeep
|inactive|Jakobtc has 30 seconds left.
|
|t:|1756682536
|switch|p1b: Gholdengo|Gholdengo, L50|100/100
|turn|7
|inactive|HyphyJavi has 30 seconds left.
|
|t:|1756682561
|switch|p2b: Sneasler|Sneasler, L50, M|100/100
|-enditem|p2b: Sneasler|Psychic Seed
|-boost|p2b: Sneasler|spd|1|[from] item: Psychic Seed
|move|p2a: Indeedee|Expanding Force|p1b: Gholdengo|[spread] p1a,p1b
|-resisted|p1b: Gholdengo
|-damage|p1a: Porygon2|37/100
|-damage|p1b: Gholdengo|71/100
|move|p1b: Gholdengo|Make It Rain|p2a: Indeedee|[spread] p2a,p2b
|-damage|p2a: Indeedee|14/100
|-damage|p2b: Sneasler|43/100
|-unboost|p1b: Gholdengo|spa|1
|-damage|p1b: Gholdengo|62/100|[from] item: Life Orb
|move|p1a: Porygon2|Tera Blast|p2b: Sneasler
|-damage|p2b: Sneasler|13/100
|
|upkeep
|turn|8
|inactive|Jakobtc has 30 seconds left.
|
|t:|1756682588
|move|p2b: Sneasler|Close Combat|p1a: Porygon2
|-supereffective|p1a: Porygon2
|-damage|p1a: Porygon2|0 fnt
|-unboost|p2b: Sneasler|def|1
|-unboost|p2b: Sneasler|spd|1
|faint|p1a: Porygon2
|move|p2a: Indeedee|Shadow Ball|p1b: Gholdengo
|-supereffective|p1b: Gholdengo
|-damage|p1b: Gholdengo|8/100
|move|p1b: Gholdengo|Make It Rain|p2a: Indeedee|[spread] p2a,p2b
|-damage|p2a: Indeedee|0 fnt
|-damage|p2b: Sneasler|0 fnt
|-unboost|p1b: Gholdengo|spa|1
|faint|p2a: Indeedee
|faint|p2b: Sneasler
|-damage|p1b: Gholdengo|0 fnt|[from] item: Life Orb
|faint|p1b: Gholdengo
|
|-sideend|p2: HyphyJavi|move: Tailwind
|upkeep
|
|t:|1756682606
|switch|p2b: Talonflame|Talonflame, L50, F|23/100
|switch|p1b: Kilowattrel|Kilowattrel, L50, M|2/100
|turn|9
|
|t:|1756682627
|move|p1b: Kilowattrel|Thunderbolt|p2b: Talonflame
|-supereffective|p2b: Talonflame
|-damage|p2b: Talonflame|0 fnt
|faint|p2b: Talonflame
|
|win|Jakobtc
|c|☆HyphyJavi|gg
||HyphyJavi is ready for game 2.
|c|☆Jakobtc|gg
