|j|☆Welosethose!
|j|☆Flareblitz54
|html|Welosethose!Flareblitz54    
|uhtml|bestof|Game 1 of a best-of-3
|t:|1756510588
|gametype|doubles
|player|p1|Welosethose!|hilbert|1131
|player|p2|Flareblitz54|gladion|1178
|gen|9
|tier|[Gen 9] VGC 2025 Reg H (Bo3)
|rated|
|rule|Species Clause: Limit one of each Pokémon
|rule|Item Clause: Limit 1 of each item
|clearpoke
|poke|p1|Farigiraf, L50, M|
|poke|p1|Rillaboom, L50, F|
|poke|p1|Incineroar, L50, M|
|poke|p1|Sylveon, L50, M|
|poke|p1|Tyranitar, L50, F|
|poke|p1|Whimsicott, L50, F|
|poke|p2|Ursaluna, L50, F|
|poke|p2|Amoonguss, L50, M|
|poke|p2|Gholdengo, L50|
|poke|p2|Incineroar, L50, M|
|poke|p2|Dragapult, L50, F|
|poke|p2|Farigiraf, L50, F|
|teampreview|4
|showteam|p1|Farigiraf||ThroatSpray|ArmorTail|Protect,TrickRoom,HyperVoice,Psychic|||M|||50|,,,,,Fairy]Rillaboom||MiracleSeed|GrassySurge|FakeOut,HighHorsepower,GrassyGlide,WoodHammer|||F|||50|,,,,,Poison]Incineroar||SafetyGoggles|Intimidate|FakeOut,KnockOff,Taunt,PartingShot|||M|||50|,,,,,Ghost]Sylveon||GrassySeed|Pixilate|Protect,CalmMind,HyperVoice,TeraBlast|||M|||50|,,,,,Fire]Tyranitar||AssaultVest|SandStream|RockSlide,KnockOff,LowKick,TeraBlast|||F|||50|,,,,,Flying]Whimsicott||FocusSash|Prankster|Moonblast,Encore,Tailwind,Protect|||F|||50|,,,,,Ghost
|showteam|p2|Ursaluna||FlameOrb|Guts|HeadlongRush,Facade,Earthquake,Protect|||F|||50|,,,,,Ghost]Amoonguss||RockyHelmet|Regenerator|Spore,RagePowder,PollenPuff,Protect|||M|||50|,,,,,Water]Gholdengo||MetalCoat|GoodasGold|MakeItRain,ShadowBall,NastyPlot,Protect||||||50|,,,,,Water]Incineroar||AssaultVest|Intimidate|KnockOff,FlareBlitz,FakeOut,Uturn|||M|||50|,,,,,Ghost]Dragapult||ChoiceBand|ClearBody|DragonDarts,PhantomForce,Outrage,Uturn|||F|||50|,,,,,Dragon]Farigiraf||SitrusBerry|ArmorTail|ExpandingForce,HelpingHand,Imprison,TrickRoom|||F|||50|,,,,,Water
|inactive|Battle timer is ON: inactive players will automatically lose when time's up. (requested by Flareblitz54)
|inactive|Welosethose! has 60 seconds left.
|inactive|Flareblitz54 has 60 seconds left.
|
|t:|1756510647
|teamsize|p1|4
|teamsize|p2|4
|start
|switch|p1a: Pasha|Farigiraf, L50, M|100/100
|switch|p1b: Shaobey|Sylveon, L50, M, shiny|100/100
|switch|p2a: Bonk x2!|Dragapult, L50, F|100/100
|switch|p2b: Somehow He|Incineroar, L50, M|100/100
|-ability|p2b: Somehow He|Intimidate|boost
|-unboost|p1a: Pasha|atk|1
|-unboost|p1b: Shaobey|atk|1
|turn|1
|
|t:|1756510669
|-terastallize|p1a: Pasha|Fairy
|move|p2a: Bonk x2!|U-turn|p1b: Shaobey
|-resisted|p1b: Shaobey
|-damage|p1b: Shaobey|80/100
|
|t:|1756510672
|switch|p2a: StringCheese|Gholdengo, L50|100/100|[from] U-turn
|move|p1b: Shaobey|Calm Mind|p1b: Shaobey
|-boost|p1b: Shaobey|spa|1
|-boost|p1b: Shaobey|spd|1
|move|p2b: Somehow He|Knock Off|p1a: Pasha
|-resisted|p1a: Pasha
|-damage|p1a: Pasha|82/100
|-enditem|p1a: Pasha|Throat Spray|[from] move: Knock Off|[of] p2b: Somehow He
|move|p1a: Pasha|Trick Room|p1a: Pasha
|-fieldstart|move: Trick Room|[of] p1a: Pasha
|
|upkeep
|turn|2
|
|t:|1756510692
|switch|p1a: Komba|Incineroar, L50, M|100/100
|-ability|p1a: Komba|Intimidate|boost
|-unboost|p2a: StringCheese|atk|1
|-unboost|p2b: Somehow He|atk|1
|move|p1b: Shaobey|Protect|p1b: Shaobey
|-singleturn|p1b: Shaobey|Protect
|move|p2b: Somehow He|Flare Blitz|p1b: Shaobey
|-activate|p1b: Shaobey|move: Protect
|move|p2a: StringCheese|Make It Rain|p1a: Komba|[spread] p1a
|-activate|p1b: Shaobey|move: Protect
|-resisted|p1a: Komba
|-damage|p1a: Komba|74/100
|-unboost|p2a: StringCheese|spa|1
|
|upkeep
|turn|3
|
|t:|1756510710
|switch|p2a: Bonk x2!|Dragapult, L50, F|100/100
|move|p1a: Komba|Fake Out|p2b: Somehow He
|-damage|p2b: Somehow He|90/100
|cant|p2b: Somehow He|flinch
|move|p1b: Shaobey|Hyper Voice|p2b: Somehow He|[spread] p2a,p2b
|-supereffective|p2a: Bonk x2!
|-damage|p2a: Bonk x2!|0 fnt
|-damage|p2b: Somehow He|53/100
|faint|p2a: Bonk x2!
|
|upkeep
|
|t:|1756510717
|switch|p2a: Ursaluna|Ursaluna, L50, F|100/100
|turn|4
|
|t:|1756510738
|move|p2a: Ursaluna|Protect|p2a: Ursaluna
|-singleturn|p2a: Ursaluna|Protect
|move|p1a: Komba|Knock Off|p2a: Ursaluna
|-activate|p2a: Ursaluna|move: Protect
|move|p2b: Somehow He|U-turn|p1a: Komba
|-damage|p1a: Komba|63/100
|
|t:|1756510744
|switch|p2b: StringCheese|Gholdengo, L50|100/100|[from] U-turn
|move|p1b: Shaobey|Hyper Voice|p2a: Ursaluna|[spread] p2b
|-activate|p2a: Ursaluna|move: Protect
|-resisted|p2b: StringCheese
|-damage|p2b: StringCheese|70/100
|
|-status|p2a: Ursaluna|brn|[from] item: Flame Orb
|upkeep
|turn|5
|
|t:|1756510765
|move|p1b: Shaobey|Protect|p1b: Shaobey
|-singleturn|p1b: Shaobey|Protect
|move|p2a: Ursaluna|Facade|p1a: Komba
|-damage|p1a: Komba|0 fnt
|faint|p1a: Komba
|move|p2b: StringCheese|Nasty Plot|p2b: StringCheese
|-boost|p2b: StringCheese|spa|2
|
|-damage|p2a: Ursaluna|95/100 brn|[from] brn
|-fieldend|move: Trick Room
|upkeep
|
|t:|1756510775
|switch|p1a: Pasha|Farigiraf, L50, M, tera:Fairy|82/100
|turn|6
|
|t:|1756510787
|move|p2b: StringCheese|Make It Rain|p1a: Pasha|[spread] p1a,p1b
|-supereffective|p1a: Pasha
|-supereffective|p1b: Shaobey
|-damage|p1a: Pasha|0 fnt
|-damage|p1b: Shaobey|0 fnt
|-unboost|p2b: StringCheese|spa|1
|faint|p1a: Pasha
|faint|p1b: Shaobey
|move|p2a: Ursaluna|Facade|p1: Pasha|[notarget]
|-fail|p2a: Ursaluna
|
|-damage|p2a: Ursaluna|89/100 brn|[from] brn
|upkeep
|c|☆Welosethose!|i messed up lmao
|
|t:|1756510792
|switch|p1b: Tyranitar|Tyranitar, L50, F|100/100
|-weather|Sandstorm|[from] ability: Sand Stream|[of] p1b: Tyranitar
|turn|7
|
|t:|1756510796
|move|p2b: StringCheese|Make It Rain|p1b: Tyranitar
|-supereffective|p1b: Tyranitar
|-damage|p1b: Tyranitar|15/100
|-unboost|p2b: StringCheese|spa|1
|move|p1b: Tyranitar|Rock Slide|p2b: StringCheese|[spread] p2b
|-miss|p1b: Tyranitar|p2a: Ursaluna
|-resisted|p2b: StringCheese
|-damage|p2b: StringCheese|56/100
|move|p2a: Ursaluna|Headlong Rush|p1b: Tyranitar
|-supereffective|p1b: Tyranitar
|-damage|p1b: Tyranitar|0 fnt
|-unboost|p2a: Ursaluna|def|1
|-unboost|p2a: Ursaluna|spd|1
|faint|p1b: Tyranitar
|
|win|Flareblitz54
||Welosethose! is ready for game 2.
||Flareblitz54 is ready for game 2.
|uhtml|next|Next: Game 2 of 3
|l|☆Flareblitz54
|player|p2|
