|j|‽damoria
|j|☆PokeLucho
|html|damoriaPokeLucho    
|uhtml|bestof|Game 2 of a best-of-3
|t:|1756214881
|gametype|doubles
|player|p1|damoria|266|1072
|player|p2|PokeLucho|2|1114
|gen|9
|tier|[Gen 9] VGC 2025 Reg H (Bo3)
|rated|
|rule|Species Clause: Limit one of each Pokémon
|rule|Item Clause: Limit 1 of each item
|clearpoke
|poke|p1|Gholdengo, L50|
|poke|p1|Archaludon, L50, M|
|poke|p1|Pelipper, L50, M|
|poke|p1|Sinistcha-Masterpiece, L50|
|poke|p1|Maushold-Four, L50|
|poke|p1|Basculegion, L50, M|
|poke|p2|Electabuzz, L50, M|
|poke|p2|Kingambit, L50, M|
|poke|p2|Rillaboom, L50, M|
|poke|p2|Sneasler, L50, F|
|poke|p2|Volcarona, L50, M|
|poke|p2|Dragonite, L50, F|
|teampreview|4
|showteam|p1|Gholdengo||LifeOrb|GoodasGold|MakeItRain,ShadowBall,NastyPlot,Protect||||||50|,,,,,Water]Archaludon||AssaultVest|Stamina|DragonPulse,FlashCannon,ElectroShot,BodyPress|||M|||50|,,,,,Bug]Pelipper||FocusSash|Drizzle|WeatherBall,Hurricane,Tailwind,Protect|||M|||50|,,,,,Stellar]Sinistcha-Masterpiece||SitrusBerry|Hospitality|MatchaGotcha,LifeDew,TrickRoom,RagePowder||||||50|,,,,,Fairy]Maushold-Four||WideLens|Technician|FollowMe,Encore,PopulationBomb,Protect||||||50|,,,,,Ghost]Basculegion||MysticWater|SwiftSwim|WaveCrash,LastRespects,AquaJet,Protect|||M|||50|,,,,,Water
|showteam|p2|Electabuzz||Eviolite|VitalSpirit|Thunderbolt,Taunt,FollowMe,Protect|||M|||50|,,,,,Ghost]Kingambit||BlackGlasses|Defiant|KowtowCleave,SuckerPunch,SwordsDance,Protect|||M|||50|,,,,,Dark]Rillaboom||AssaultVest|GrassySurge|FakeOut,HighHorsepower,WoodHammer,GrassyGlide|||M|||50|,,,,,Fire]Sneasler||FocusSash|PoisonTouch|DireClaw,CloseCombat,FakeOut,Coaching|||F|||50|,,,,,Stellar]Volcarona||Leftovers|FlameBody|HeatWave,TeraBlast,QuiverDance,Protect|||M|||50|,,,,,Fairy]Dragonite||LoadedDice|Multiscale|ExtremeSpeed,ScaleShot,Protect,Haze|||F|||50|,,,,,Steel
|
|t:|1756214911
|teamsize|p1|4
|teamsize|p2|4
|start
|switch|p1a: Maushold|Maushold-Four, L50|100/100
|switch|p1b: Archaludon|Archaludon, L50, M|100/100
|switch|p2a: Kingambit|Kingambit, L50, M|100/100
|switch|p2b: Sneasler|Sneasler, L50, F|100/100
|turn|1
|inactive|Battle timer is ON: inactive players will automatically lose when time's up. (requested by damoria)
|
|t:|1756214948
|move|p2b: Sneasler|Coaching|p2a: Kingambit
|-boost|p2a: Kingambit|atk|1
|-boost|p2a: Kingambit|def|1
|move|p1a: Maushold|Population Bomb|p2b: Sneasler
|-damage|p2b: Sneasler|81/100
|-damage|p2b: Sneasler|61/100
|-damage|p2b: Sneasler|42/100
|-damage|p2b: Sneasler|20/100
|-damage|p2b: Sneasler|2/100
|-damage|p2b: Sneasler|0 fnt
|faint|p2b: Sneasler
|-hitcount|p2: Sneasler|6
|move|p1b: Archaludon|Body Press|p2a: Kingambit
|-supereffective|p2a: Kingambit
|-damage|p2a: Kingambit|54/100
|move|p2a: Kingambit|Kowtow Cleave|p1a: Maushold
|-damage|p1a: Maushold|0 fnt
|faint|p1a: Maushold
|
|upkeep
|
|t:|1756214968
|switch|p2b: Rillaboom|Rillaboom, L50, M|100/100
|switch|p1a: Pelipper|Pelipper, L50, M|100/100
|-weather|RainDance|[from] ability: Drizzle|[of] p1a: Pelipper
|-fieldstart|move: Grassy Terrain|[from] ability: Grassy Surge|[of] p2b: Rillaboom
|turn|2
|inactive|PokeLucho has 30 seconds left.
|inactive|PokeLucho has 20 seconds left.
|inactive|PokeLucho has 15 seconds left.
|
|t:|1756215012
|-terastallize|p2a: Kingambit|Dark
|move|p1a: Pelipper|Protect|p1a: Pelipper
|-singleturn|p1a: Pelipper|Protect
|move|p2b: Rillaboom|Fake Out|p1a: Pelipper
|-activate|p1a: Pelipper|move: Protect
|move|p1b: Archaludon|Body Press|p2a: Kingambit
|-supereffective|p2a: Kingambit
|-damage|p2a: Kingambit|32/100
|move|p2a: Kingambit|Kowtow Cleave|p1b: Archaludon
|-damage|p1b: Archaludon|16/100
|-ability|p1b: Archaludon|Stamina|boost
|-boost|p1b: Archaludon|def|1
|
|-weather|RainDance|[upkeep]
|-heal|p1b: Archaludon|22/100|[from] Grassy Terrain
|-heal|p2a: Kingambit|38/100|[from] Grassy Terrain
|upkeep
|turn|3
|inactive|damoria has 30 seconds left.
|
|t:|1756215042
|switch|p1b: Sinistcha|Sinistcha-Masterpiece, L50|100/100
|-terastallize|p1a: Pelipper|Stellar
|move|p1a: Pelipper|Weather Ball|p2a: Kingambit
|-damage|p2a: Kingambit|0 fnt
|faint|p2a: Kingambit
|move|p2b: Rillaboom|High Horsepower|p1b: Sinistcha
|-resisted|p1b: Sinistcha
|-damage|p1b: Sinistcha|88/100
|
|-weather|RainDance|[upkeep]
|-heal|p1b: Sinistcha|94/100|[from] Grassy Terrain
|upkeep
|
|t:|1756215050
|switch|p2a: Dragonite|Dragonite, L50, F|100/100
|turn|4
|inactive|PokeLucho has 30 seconds left.
|inactive|PokeLucho has 20 seconds left.
|inactive|PokeLucho has 15 seconds left.
|
|t:|1756215093
|move|p1b: Sinistcha|Rage Powder|p1b: Sinistcha
|-singleturn|p1b: Sinistcha|move: Rage Powder
|move|p2b: Rillaboom|Grassy Glide|p1a: Pelipper
|-damage|p1a: Pelipper|49/100
|move|p2a: Dragonite|Scale Shot|p1b: Sinistcha|[miss]
|-miss|p2a: Dragonite|p1b: Sinistcha
|move|p1a: Pelipper|Hurricane|p2b: Rillaboom
|-supereffective|p2b: Rillaboom
|-damage|p2b: Rillaboom|15/100
|
|-weather|RainDance|[upkeep]
|-heal|p2b: Rillaboom|21/100|[from] Grassy Terrain
|-heal|p1b: Sinistcha|100/100|[from] Grassy Terrain
|upkeep
|turn|5
|
|t:|1756215113
|move|p1a: Pelipper|Protect|p1a: Pelipper
|-singleturn|p1a: Pelipper|Protect
|move|p2b: Rillaboom|Grassy Glide|p1a: Pelipper
|-activate|p1a: Pelipper|move: Protect
|move|p2a: Dragonite|Scale Shot|p1b: Sinistcha
|-damage|p1b: Sinistcha|88/100
|-damage|p1b: Sinistcha|74/100
|-damage|p1b: Sinistcha|61/100
|-damage|p1b: Sinistcha|47/100
|-enditem|p1b: Sinistcha|Sitrus Berry|[eat]
|-heal|p1b: Sinistcha|72/100|[from] item: Sitrus Berry
|-hitcount|p1b: Sinistcha|4
|-unboost|p2a: Dragonite|def|1
|-boost|p2a: Dragonite|spe|1
|move|p1b: Sinistcha|Matcha Gotcha|p2a: Dragonite|[spread] p2a
|-miss|p1b: Sinistcha|p2b: Rillaboom
|-resisted|p2a: Dragonite
|-damage|p2a: Dragonite|96/100
|-heal|p1b: Sinistcha|74/100|[from] drain|[of] p2a: Dragonite
|-status|p2a: Dragonite|brn
|
|-weather|RainDance|[upkeep]
|-heal|p2b: Rillaboom|27/100|[from] Grassy Terrain
|-heal|p1b: Sinistcha|80/100|[from] Grassy Terrain
|-damage|p2a: Dragonite|90/100 brn|[from] brn
|upkeep
|turn|6
|inactive|damoria has 30 seconds left.
|inactive|PokeLucho has 30 seconds left.
|inactive|PokeLucho has 20 seconds left.
|inactive|PokeLucho has 15 seconds left.
|inactive|PokeLucho has 10 seconds left.
|inactive|PokeLucho has 5 seconds left.
|
|t:|1756215163
|switch|p1a: Archaludon|Archaludon, L50, M|22/100
|move|p2a: Dragonite|Scale Shot|p1b: Sinistcha
|-damage|p1b: Sinistcha|74/100
|-damage|p1b: Sinistcha|67/100
|-damage|p1b: Sinistcha|61/100
|-crit|p1b: Sinistcha
|-damage|p1b: Sinistcha|51/100
|-damage|p1b: Sinistcha|44/100
|-hitcount|p1b: Sinistcha|5
|-unboost|p2a: Dragonite|def|1
|-boost|p2a: Dragonite|spe|1
|move|p2b: Rillaboom|High Horsepower|p1a: Archaludon
|-supereffective|p1a: Archaludon
|-damage|p1a: Archaludon|0 fnt
|faint|p1a: Archaludon
|move|p1b: Sinistcha|Life Dew|p1b: Sinistcha
|-heal|p1b: Sinistcha|70/100
|
|-weather|none
|-heal|p2b: Rillaboom|33/100|[from] Grassy Terrain
|-heal|p1b: Sinistcha|76/100|[from] Grassy Terrain
|-damage|p2a: Dragonite|84/100 brn|[from] brn
|-fieldend|move: Grassy Terrain
|upkeep
|
|t:|1756215184
|switch|p1a: Pelipper|Pelipper, L50, M, tera:Stellar|49/100
|-weather|RainDance|[from] ability: Drizzle|[of] p1a: Pelipper
|turn|7
|inactive|PokeLucho has 30 seconds left.
|
|t:|1756215209
|move|p1b: Sinistcha|Rage Powder|p1b: Sinistcha
|-singleturn|p1b: Sinistcha|move: Rage Powder
|move|p2a: Dragonite|Scale Shot|p1b: Sinistcha|[miss]
|-miss|p2a: Dragonite|p1b: Sinistcha
|move|p1a: Pelipper|Hurricane|p2b: Rillaboom
|-supereffective|p2b: Rillaboom
|-damage|p2b: Rillaboom|0 fnt
|faint|p2b: Rillaboom
|
|-weather|RainDance|[upkeep]
|-damage|p2a: Dragonite|78/100 brn|[from] brn
|upkeep
|turn|8
|inactive|PokeLucho has 30 seconds left.
|
|t:|1756215237
|move|p1b: Sinistcha|Rage Powder|p1b: Sinistcha
|-singleturn|p1b: Sinistcha|move: Rage Powder
|move|p2a: Dragonite|Scale Shot|p1b: Sinistcha
|-damage|p1b: Sinistcha|70/100
|-damage|p1b: Sinistcha|63/100
|-damage|p1b: Sinistcha|57/100
|-damage|p1b: Sinistcha|50/100
|-damage|p1b: Sinistcha|43/100
|-hitcount|p1b: Sinistcha|5
|-unboost|p2a: Dragonite|def|1
|-boost|p2a: Dragonite|spe|1
|move|p1a: Pelipper|Hurricane|p2a: Dragonite
|-damage|p2a: Dragonite|24/100 brn
|
|-weather|RainDance|[upkeep]
|-damage|p2a: Dragonite|18/100 brn|[from] brn
|upkeep
|turn|9
|
|t:|1756215253
|move|p1a: Pelipper|Protect|p1a: Pelipper
|-singleturn|p1a: Pelipper|Protect
|move|p2a: Dragonite|Extreme Speed|p1a: Pelipper
|-activate|p1a: Pelipper|move: Protect
|move|p1b: Sinistcha|Life Dew|p1b: Sinistcha|[spread] p1a,p1b
|-heal|p1a: Pelipper|74/100
|-heal|p1b: Sinistcha|68/100
|
|-weather|RainDance|[upkeep]
|-damage|p2a: Dragonite|12/100 brn|[from] brn
|upkeep
|turn|10
|
|t:|1756215265
|move|p1b: Sinistcha|Rage Powder|p1b: Sinistcha
|-singleturn|p1b: Sinistcha|move: Rage Powder
|move|p2a: Dragonite|Scale Shot|p1b: Sinistcha
|-damage|p1b: Sinistcha|62/100
|-damage|p1b: Sinistcha|56/100
|-crit|p1b: Sinistcha
|-damage|p1b: Sinistcha|45/100
|-damage|p1b: Sinistcha|39/100
|-damage|p1b: Sinistcha|31/100
|-hitcount|p1b: Sinistcha|5
|-unboost|p2a: Dragonite|def|1
|-boost|p2a: Dragonite|spe|1
|move|p1a: Pelipper|Hurricane|p2a: Dragonite
|-damage|p2a: Dragonite|0 fnt
|faint|p2a: Dragonite
|
|win|damoria
|raw|damoria's rating: 1072 → 1105(+33 for winning)
|raw|PokeLucho's rating: 1114 → 1086(-28 for losing)
|l|‽damoria
|player|p1|
|l|☆PokeLucho
|player|p2|
|j|☆PokeLucho
|player|p2|PokeLucho|2|
