|j|☆ToastedArt
|j|☆flameblade_0012
|html|ToastedArtflameblade_0012    
|uhtml|bestof|Game 3 of a best-of-3
|t:|1784330170
|gametype|doubles
|player|p1|ToastedArt|iris|1067
|player|p2|flameblade_0012|dawn-gen4pt|1042
|gen|9
|tier|[Gen 9 Champions] VGC 2026 Reg M-B (Bo3)
|rated|
|rule|Species Clause: Limit one of each Pokémon
|rule|Item Clause: Limit 1 of each item
|clearpoke
|poke|p1|Ninetales-Alola, L50, M|
|poke|p1|Talonflame, L50, F, shiny|
|poke|p1|Incineroar, L50, M|
|poke|p1|Hydreigon, L50, M, shiny|
|poke|p1|Gholdengo, L50|
|poke|p1|Falinks, L50, shiny|
|poke|p2|Raichu, L50, F|
|poke|p2|Whimsicott, L50, F|
|poke|p2|Garchomp, L50, M|
|poke|p2|Farigiraf, L50, M|
|poke|p2|Basculegion, L50, M|
|poke|p2|Ceruledge, L50, M|
|teampreview|4
|showteam|p1|Ninetales-Alola||FocusSash|SnowWarning|Blizzard,FreezeDry,AuroraVeil,IcyWind|Timid||M|||50|]Talonflame||SharpBeak|GaleWings|Tailwind,DualWingbeat,FlareBlitz,QuickGuard|Jolly||F|||50|]Incineroar||SitrusBerry|Intimidate|FlareBlitz,DarkestLariat,PartingShot,FakeOut|Impish||M|||50|]Hydreigon||ChoiceScarf|Levitate|Snarl,DarkPulse,EarthPower,DracoMeteor|Modest||M|||50|]Gholdengo||LifeOrb|GoodasGold|ShadowBall,MakeItRain,NastyPlot,Protect|Timid|||||50|]Falinks||Falinksite|Defiant|NoRetreat,SwordsDance,CloseCombat,Protect|Adamant|||||50|
|showteam|p2|Raichu||RaichuniteY|LightningRod|FakeOut,ZapCannon,Protect,FocusBlast|Modest||F|||50|]Whimsicott||FocusSash|Prankster|Tailwind,Moonblast,Protect,Encore|Timid||F|||50|]Garchomp||LifeOrb|RoughSkin|RockSlide,DragonClaw,StompingTantrum,Protect|Adamant||M|||50|]Farigiraf||ColburBerry|ArmorTail|TrickRoom,Psychic,HyperVoice,Protect|Serious||M|||50|]Basculegion||MysticWater|Adaptability|WaveCrash,AquaJet,Protect,LastRespects|Adamant||M|||50|]Ceruledge||Leftovers|FlashFire|BulkUp,BitterBlade,ShadowSneak,ShadowClaw|Adamant||M|||50|
|inactive|Battle timer is ON: inactive players will automatically lose when time's up. (requested by ToastedArt)
|inactive|ToastedArt has 60 seconds left.
|
|t:|1784330213
|teamsize|p1|4
|teamsize|p2|4
|start
|switch|p1a: Talonflame|Talonflame, L50, F, shiny|100/100
|switch|p1b: Hydreigon|Hydreigon, L50, M, shiny|100/100
|switch|p2a: Raichu|Raichu, L50, F|100/100
|switch|p2b: Garchomp|Garchomp, L50, M|100/100
|turn|1
|inactive|flameblade_0012 has 30 seconds left.
|
|t:|1784330240
|detailschange|p2a: Raichu|Raichu-Mega-Y, L50, F
|-mega|p2a: Raichu|Raichu|Raichunite Y
|move|p2b: Garchomp|Protect|p2b: Garchomp
|-singleturn|p2b: Garchomp|Protect
|move|p1b: Hydreigon|Earth Power|p2a: Raichu
|-supereffective|p2a: Raichu|1
|-damage|p2a: Raichu|11/100
|move|p1a: Talonflame|Flare Blitz|p2a: Raichu
|-damage|p2a: Raichu|0 fnt
|faint|p2a: Raichu
|-damage|p1a: Talonflame|96/100|[from] Recoil
|
|upkeep
|
|t:|1784330254
|switch|p2a: Basculegion|Basculegion, L50, M|100/100
|turn|2
|
|t:|1784330272
|switch|p1b: Incineroar|Incineroar, L50, M|100/100
|-ability|p1b: Incineroar|Intimidate|boost
|-unboost|p2a: Basculegion|atk|1
|-unboost|p2b: Garchomp|atk|1
|switch|p2b: Farigiraf|Farigiraf, L50, M|100/100
|move|p2a: Basculegion|Aqua Jet|p1a: Talonflame
|-supereffective|p1a: Talonflame|1
|-damage|p1a: Talonflame|31/100
|move|p1a: Talonflame|Tailwind|p1a: Talonflame
|-sidestart|p1: ToastedArt|move: Tailwind
|
|upkeep
|turn|3
|inactive|ToastedArt has 30 seconds left.
|
|t:|1784330298
|switch|p1a: Gholdengo|Gholdengo, L50|100/100
|move|p1b: Incineroar|Parting Shot|p2b: Farigiraf
|-unboost|p2b: Farigiraf|atk|1
|-unboost|p2b: Farigiraf|spa|1
|
|t:|1784330305
|switch|p1b: Hydreigon|Hydreigon, L50, M, shiny|100/100|[from] Parting Shot
|move|p2a: Basculegion|Wave Crash|p1b: Hydreigon
|-resisted|p1b: Hydreigon|1
|-damage|p1b: Hydreigon|64/100
|-damage|p2a: Basculegion|91/100|[from] Recoil
|move|p2b: Farigiraf|Trick Room|p2b: Farigiraf
|-fieldstart|move: Trick Room|[of] p2b: Farigiraf
|
|upkeep
|turn|4
|inactive|flameblade_0012 has 30 seconds left.
|
|t:|1784330334
|switch|p2b: Garchomp|Garchomp, L50, M|100/100
|switch|p1a: Incineroar|Incineroar, L50, M|100/100
|-ability|p1a: Incineroar|Intimidate|boost
|-unboost|p2a: Basculegion|atk|1
|-unboost|p2b: Garchomp|atk|1
|move|p2a: Basculegion|Last Respects|p1a: Incineroar
|-resisted|p1a: Incineroar|1
|-damage|p1a: Incineroar|89/100
|move|p1b: Hydreigon|Dark Pulse|p2b: Garchomp
|-damage|p2b: Garchomp|64/100
|
|upkeep
|turn|5
|
|t:|1784330358
|switch|p2a: Farigiraf|Farigiraf, L50, M|100/100
|move|p1a: Incineroar|Fake Out||[still]
|cant|p2a: Farigiraf|ability: Armor Tail|Fake Out|[of] p1a: Incineroar
|move|p2b: Garchomp|Stomping Tantrum|p1a: Incineroar
|-supereffective|p1a: Incineroar|1
|-damage|p1a: Incineroar|46/100
|-enditem|p1a: Incineroar|Sitrus Berry|[eat]
|-heal|p1a: Incineroar|70/100|[from] item: Sitrus Berry
|-damage|p2b: Garchomp|54/100|[from] item: Life Orb
|move|p1b: Hydreigon|Dark Pulse|p2a: Farigiraf
|-supereffective|p2a: Farigiraf|1
|-enditem|p2a: Farigiraf|Colbur Berry|[eat]
|-enditem|p2a: Farigiraf|Colbur Berry|[weaken]
|-damage|p2a: Farigiraf|56/100
|
|-sideend|p1: ToastedArt|move: Tailwind
|upkeep
|turn|6
|
|t:|1784330375
|switch|p1b: Talonflame|Talonflame, L50, F, shiny|31/100
|move|p1a: Incineroar|Darkest Lariat|p2b: Garchomp
|-damage|p2b: Garchomp|26/100
|-damage|p1a: Incineroar|58/100|[from] ability: Rough Skin|[of] p2b: Garchomp
|move|p2a: Farigiraf|Hyper Voice|p1b: Talonflame|[spread] p1a,p1b
|-damage|p1a: Incineroar|35/100
|-damage|p1b: Talonflame|0 fnt
|faint|p1b: Talonflame
|move|p2b: Garchomp|Dragon Claw|p1a: Incineroar
|-damage|p1a: Incineroar|11/100
|-damage|p2b: Garchomp|16/100|[from] item: Life Orb
|
|upkeep
|
|t:|1784330383
|switch|p1b: Gholdengo|Gholdengo, L50|100/100
|turn|7
|
|t:|1784330396
|move|p1a: Incineroar|Darkest Lariat|p2a: Farigiraf
|-supereffective|p2a: Farigiraf|1
|-damage|p2a: Farigiraf|0 fnt
|faint|p2a: Farigiraf
|move|p2b: Garchomp|Stomping Tantrum|p1b: Gholdengo
|-supereffective|p1b: Gholdengo|1
|-damage|p1b: Gholdengo|33/100
|-damage|p2b: Garchomp|6/100|[from] item: Life Orb
|move|p1b: Gholdengo|Nasty Plot|p1b: Gholdengo
|-boost|p1b: Gholdengo|spa|2
|
|-fieldend|move: Trick Room
|upkeep
|
|t:|1784330406
|switch|p2a: Basculegion|Basculegion, L50, M|91/100
|turn|8
|
|t:|1784330418
|move|p1b: Gholdengo|Protect|p1b: Gholdengo
|-singleturn|p1b: Gholdengo|Protect
|move|p2a: Basculegion|Aqua Jet|p1b: Gholdengo
|-activate|p1b: Gholdengo|move: Protect
|move|p2b: Garchomp|Stomping Tantrum|p1a: Incineroar
|-supereffective|p1a: Incineroar|1
|-damage|p1a: Incineroar|0 fnt
|faint|p1a: Incineroar
|-damage|p2b: Garchomp|0 fnt|[from] item: Life Orb
|faint|p2b: Garchomp
|
|upkeep
|
|t:|1784330425
|switch|p1a: Hydreigon|Hydreigon, L50, M, shiny|64/100
|turn|9
|
|t:|1784330431
|move|p2a: Basculegion|Aqua Jet|p1b: Gholdengo
|-damage|p1b: Gholdengo|1/100
|move|p1a: Hydreigon|Dark Pulse|p2a: Basculegion
|-supereffective|p2a: Basculegion|1
|-damage|p2a: Basculegion|3/100
|move|p1b: Gholdengo|Shadow Ball|p2a: Basculegion
|-supereffective|p2a: Basculegion|1
|-damage|p2a: Basculegion|0 fnt
|faint|p2a: Basculegion
|-damage|p1b: Gholdengo|0 fnt|[from] item: Life Orb
|faint|p1b: Gholdengo
|
|win|ToastedArt
|raw|ToastedArt's rating: 1067 → 1095(+28 for winning)
|raw|flameblade_0012's rating: 1042 → 1027(-15 for losing)
