|j|☆CorkscrewRacer
|j|☆JohnnyBoy015
|html|CorkscrewRacerJohnnyBoy015    
|uhtml|bestof|Game 2 of a best-of-3
|t:|1756168973
|gametype|doubles
|player|p1|CorkscrewRacer|266|1123
|player|p2|JohnnyBoy015|rosa|1069
|gen|9
|tier|[Gen 9] VGC 2025 Reg H (Bo3)
|rated|
|rule|Species Clause: Limit one of each Pokémon
|rule|Item Clause: Limit 1 of each item
|clearpoke
|poke|p1|Sneasler, L50, F|
|poke|p1|Dragapult, L50, F|
|poke|p1|Dondozo, L50, M|
|poke|p1|Tatsugiri, L50, F|
|poke|p1|Incineroar, L50, F|
|poke|p1|Rillaboom, L50, M|
|poke|p2|Dragonite, L50, F|
|poke|p2|Typhlosion-Hisui, L50, F|
|poke|p2|Jumpluff, L50, F|
|poke|p2|Torkoal, L50, F|
|poke|p2|Garchomp, L50, M|
|poke|p2|Kingambit, L50, M|
|teampreview|4
|showteam|p1|Sneasler||GrassySeed|Unburden|DireClaw,CloseCombat,Protect,FakeOut|||F|||50|,,,,,Ghost]Dragapult||ChoiceBand|ClearBody|DragonDarts,Outrage,PhantomForce,Uturn|||F|||50|,,,,,Dragon]Dondozo||Leftovers|Unaware|WaveCrash,HeavySlam,OrderUp,Protect|||M|||50|,,,,,Grass]Tatsugiri||LifeOrb|Commander|DracoMeteor,MuddyWater,IcyWind,Protect|||F|||50|,,,,,Stellar]Incineroar||AssaultVest|Intimidate|FakeOut,FlareBlitz,KnockOff,Uturn|||F|||50|,,,,,Ghost]Rillaboom||MiracleSeed|GrassySurge|GrassyGlide,WoodHammer,FakeOut,Taunt|||M|||50|,,,,,Fire
|showteam|p2|Dragonite||LoadedDice|Multiscale|ScaleShot,IceSpinner,ExtremeSpeed,Protect|||F|||50|,,,,,Steel]Typhlosion-Hisui||ChoiceSpecs|Blaze|Eruption,HeatWave,ShadowBall,Overheat|||F|||50|,,,,,Fire]Jumpluff||CovertCloak|Chlorophyll|LeafStorm,Encore,SleepPowder,Tailwind|||F|||50|,,,,,Poison]Torkoal||EjectPack|Drought|BurningJealousy,Overheat,HelpingHand,Protect|||F|||50|,,,,,Flying]Garchomp||LifeOrb|RoughSkin|DragonClaw,Earthquake,StompingTantrum,Protect|||M|||50|,,,,,Fire]Kingambit||AssaultVest|Defiant|KowtowCleave,IronHead,LowKick,SuckerPunch|||M|||50|,,,,,Flying
|j| BLiiNDProdiigy
|
|t:|1756169012
|teamsize|p1|4
|teamsize|p2|4
|start
|switch|p1a: Dragapult|Dragapult, L50, F|100/100
|switch|p1b: Dondozo|Dondozo, L50, M|100/100
|switch|p2a: Dragonite|Dragonite, L50, F|100/100
|switch|p2b: Jumpluff|Jumpluff, L50, F|100/100
|turn|1
|
|t:|1756169053
|-terastallize|p2a: Dragonite|Steel
|move|p1a: Dragapult|U-turn|p2b: Jumpluff
|-damage|p2b: Jumpluff|56/100
|
|t:|1756169057
|switch|p1a: Tatsugiri|Tatsugiri, L50, F|100/100|[from] U-turn
|-activate|p1a: Tatsugiri|ability: Commander|[of] p1b: Dondozo
|-boost|p1b: Dondozo|atk|2
|-boost|p1b: Dondozo|spa|2
|-boost|p1b: Dondozo|spe|2
|-boost|p1b: Dondozo|def|2
|-boost|p1b: Dondozo|spd|2
|move|p1b: Dondozo|Order Up|p2a: Dragonite
|-resisted|p2a: Dragonite
|-damage|p2a: Dragonite|88/100
|-boost|p1b: Dondozo|atk|1
|move|p2b: Jumpluff|Tailwind|p2b: Jumpluff
|-sidestart|p2: JohnnyBoy015|move: Tailwind
|move|p2a: Dragonite|Scale Shot|p1a: Tatsugiri|[miss]
|-miss|p2a: Dragonite|p1a: Tatsugiri
|
|upkeep
|turn|2
|
|t:|1756169126
|switch|p2b: Torkoal|Torkoal, L50, F|100/100
|-weather|SunnyDay|[from] ability: Drought|[of] p2b: Torkoal
|move|p2a: Dragonite|Scale Shot|p1b: Dondozo
|-damage|p1b: Dondozo|95/100
|-damage|p1b: Dondozo|89/100
|-damage|p1b: Dondozo|83/100
|-crit|p1b: Dondozo
|-damage|p1b: Dondozo|66/100
|-hitcount|p1b: Dondozo|4
|-unboost|p2a: Dragonite|def|1
|-boost|p2a: Dragonite|spe|1
|move|p1b: Dondozo|Wave Crash|p2b: Torkoal
|-supereffective|p2b: Torkoal
|-damage|p2b: Torkoal|0 fnt
|faint|p2b: Torkoal
|-damage|p1b: Dondozo|40/100|[from] Recoil
|
|-weather|SunnyDay|[upkeep]
|-heal|p1b: Dondozo|47/100|[from] item: Leftovers
|upkeep
|
|t:|1756169151
|switch|p2b: Typhlosion|Typhlosion-Hisui, L50, F|100/100
|turn|3
|
|t:|1756169170
|move|p1b: Dondozo|Protect|p1b: Dondozo
|-singleturn|p1b: Dondozo|Protect
|move|p2a: Dragonite|Scale Shot|p1b: Dondozo
|-activate|p1b: Dondozo|move: Protect
|move|p2b: Typhlosion|Shadow Ball|p1b: Dondozo
|-activate|p1b: Dondozo|move: Protect
|
|-weather|SunnyDay|[upkeep]
|-heal|p1b: Dondozo|53/100|[from] item: Leftovers
|upkeep
|turn|4
|
|t:|1756169225
|move|p1b: Dondozo|Protect||[still]
|-fail|p1b: Dondozo
|move|p2a: Dragonite|Scale Shot|p1b: Dondozo
|-crit|p1b: Dondozo
|-damage|p1b: Dondozo|38/100
|-damage|p1b: Dondozo|31/100
|-damage|p1b: Dondozo|25/100
|-damage|p1b: Dondozo|19/100
|-damage|p1b: Dondozo|13/100
|-hitcount|p1b: Dondozo|5
|-unboost|p2a: Dragonite|def|1
|-boost|p2a: Dragonite|spe|1
|move|p2b: Typhlosion|Shadow Ball|p1b: Dondozo
|-damage|p1b: Dondozo|0 fnt
|faint|p1b: Dondozo
|
|-weather|SunnyDay|[upkeep]
|-sideend|p2: JohnnyBoy015|move: Tailwind
|upkeep
|
|t:|1756169256
|switch|p1b: Sneasler|Sneasler, L50, F|100/100
|turn|5
|
|t:|1756169298
|move|p1b: Sneasler|Fake Out|p2a: Dragonite
|-resisted|p2a: Dragonite
|-damage|p2a: Dragonite|71/100
|cant|p2a: Dragonite|flinch
|move|p2b: Typhlosion|Shadow Ball|p1b: Sneasler
|-damage|p1b: Sneasler|15/100
|move|p1a: Tatsugiri|Muddy Water|p2a: Dragonite|[spread] p2a,p2b
|-supereffective|p2b: Typhlosion
|-damage|p2a: Dragonite|51/100
|-damage|p2b: Typhlosion|46/100
|-unboost|p2a: Dragonite|accuracy|1
|-unboost|p2b: Typhlosion|accuracy|1
|-damage|p1a: Tatsugiri|91/100|[from] item: Life Orb
|
|-weather|SunnyDay|[upkeep]
|upkeep
|turn|6
|
|t:|1756169325
|move|p1b: Sneasler|Protect|p1b: Sneasler
|-singleturn|p1b: Sneasler|Protect
|move|p1a: Tatsugiri|Protect|p1a: Tatsugiri
|-singleturn|p1a: Tatsugiri|Protect
|move|p2a: Dragonite|Ice Spinner|p1b: Sneasler
|-activate|p1b: Sneasler|move: Protect
|move|p2b: Typhlosion|Shadow Ball|p1a: Tatsugiri
|-activate|p1a: Tatsugiri|move: Protect
|
|-weather|none
|upkeep
|turn|7
|
|t:|1756169364
|move|p2a: Dragonite|Ice Spinner|p1b: Sneasler|[miss]
|-miss|p2a: Dragonite|p1b: Sneasler
|move|p1b: Sneasler|Dire Claw|p2b: Typhlosion
|-resisted|p2b: Typhlosion
|-damage|p2b: Typhlosion|10/100
|-status|p2b: Typhlosion|slp
|cant|p2b: Typhlosion|slp
|move|p1a: Tatsugiri|Muddy Water|p2b: Typhlosion|[spread] p2a,p2b
|-supereffective|p2b: Typhlosion
|-damage|p2a: Dragonite|4/100
|-damage|p2b: Typhlosion|0 fnt
|-unboost|p2a: Dragonite|accuracy|1
|faint|p2b: Typhlosion
|-damage|p1a: Tatsugiri|81/100|[from] item: Life Orb
|
|upkeep
|
|t:|1756169379
|switch|p2b: Jumpluff|Jumpluff, L50, F|56/100
|turn|8
|
|t:|1756169410
|move|p2a: Dragonite|Ice Spinner|p1b: Sneasler
|-damage|p1b: Sneasler|0 fnt
|faint|p1b: Sneasler
|move|p2b: Jumpluff|Sleep Powder|p1a: Tatsugiri|[miss]
|-miss|p2b: Jumpluff|p1a: Tatsugiri
|move|p1a: Tatsugiri|Icy Wind|p2b: Jumpluff|[spread] p2a,p2b
|-resisted|p2a: Dragonite
|-supereffective|p2b: Jumpluff
|-damage|p2a: Dragonite|0 fnt
|-damage|p2b: Jumpluff|0 fnt
|faint|p2a: Dragonite
|faint|p2b: Jumpluff
|-damage|p1a: Tatsugiri|71/100|[from] item: Life Orb
|
|win|CorkscrewRacer
|raw|CorkscrewRacer's rating: 1123 → 1144(+21 for winning)
|raw|JohnnyBoy015's rating: 1069 → 1052(-17 for losing)
|l|☆JohnnyBoy015
|player|p2|
|l| BLiiNDProdiigy
