|j|☆Mariquitavoir
|j|☆Glaxx
|html|MariquitavoirGlaxx    
|uhtml|bestof|Game 2 of a best-of-3
|t:|1783006227
|gametype|doubles
|player|p1|Mariquitavoir|striker|1097
|player|p2|Glaxx|red|1057
|gen|9
|tier|[Gen 9 Champions] VGC 2026 Reg M-B (Bo3)
|rated|
|rule|Species Clause: Limit one of each Pokémon
|rule|Item Clause: Limit 1 of each item
|clearpoke
|poke|p1|Gardevoir, L50, F|
|poke|p1|Aerodactyl, L50, M|
|poke|p1|Garchomp, L50, M|
|poke|p1|Gholdengo, L50|
|poke|p1|Maushold-Four, L50|
|poke|p1|Kingambit, L50, M|
|poke|p2|Raichu, L50, M, shiny|
|poke|p2|Ceruledge, L50, M, shiny|
|poke|p2|Eelektross, L50, M, shiny|
|poke|p2|Scizor, L50, M, shiny|
|poke|p2|Espathra, L50, F, shiny|
|poke|p2|Sceptile, L50, M, shiny|
|teampreview|4
|showteam|p1|Gardevoir||Gardevoirite|Telepathy|HyperVoice,Psyshock,CalmMind,Protect|Modest||F|||50|]Aerodactyl||FocusSash|RockHead|DualWingbeat,RockSlide,Tailwind,Protect|Jolly||M|||50|]Garchomp||LifeOrb|RoughSkin|DragonClaw,Earthquake,StompingTantrum,Protect|Jolly||M|||50|]Gholdengo||MetalCoat|GoodasGold|MakeItRain,ShadowBall,NastyPlot,Protect|Modest|||||50|]Maushold-Four||WideLens|FriendGuard|FollowMe,Encore,PopulationBomb,Protect|Jolly|||||50|]Kingambit||ChopleBerry|Defiant|KowtowCleave,SuckerPunch,LowKick,Protect|Adamant||M|||50|
|showteam|p2|Raichu||ChoiceScarf|Static|DrainingKiss,DazzlingGleam,Discharge,Surf|Timid||M|||50|]Ceruledge||WhiteHerb|WeakArmor|BitterBlade,BulkUp,CloseCombat,Poltergeist|Adamant||M|||50|]Eelektross||Eelektrossite|Levitate|Coil,DragonClaw,DrainPunch,SupercellSlam|Adamant||M|||50|]Scizor||ExpertBelt|Technician|Defog,KnockOff,BulletPunch,SwordsDance|Adamant||M|||50|]Espathra||TwistedSpoon|SpeedBoost|CalmMind,LuminaCrash,DazzlingGleam,HyperVoice|Timid||F|||50|]Sceptile||Sceptilite|Unburden|DragonPulse,GigaDrain,Protect,EarthPower|Timid||M|||50|
|inactive|Battle timer is ON: inactive players will automatically lose when time's up. (requested by Glaxx)
|
|t:|1783006240
|teamsize|p1|4
|teamsize|p2|4
|start
|switch|p1a: Aerodactyl|Aerodactyl, L50, M|100/100
|switch|p1b: Garchomp|Garchomp, L50, M|100/100
|switch|p2a: Sceptile|Sceptile, L50, M, shiny|100/100
|switch|p2b: Raichu|Raichu, L50, M, shiny|100/100
|turn|1
|
|t:|1783006252
|detailschange|p2a: Sceptile|Sceptile-Mega, L50, M, shiny
|-mega|p2a: Sceptile|Sceptile|Sceptilite
|move|p2b: Raichu|Discharge|p1a: Aerodactyl|[spread] p1a
|-ability|p2a: Sceptile|Lightning Rod|boost
|-boost|p2a: Sceptile|spa|1
|-immune|p1b: Garchomp
|-supereffective|p1a: Aerodactyl|1
|-damage|p1a: Aerodactyl|33/100
|-status|p1a: Aerodactyl|par
|move|p2a: Sceptile|Dragon Pulse|p1b: Garchomp
|-supereffective|p1b: Garchomp|1
|-damage|p1b: Garchomp|0 fnt
|faint|p1b: Garchomp
|move|p1a: Aerodactyl|Tailwind|p1a: Aerodactyl
|-sidestart|p1: Mariquitavoir|move: Tailwind
|
|upkeep
|
|t:|1783006267
|switch|p1b: Gardevoir|Gardevoir, L50, F|100/100
|turn|2
|
|t:|1783006280
|detailschange|p1b: Gardevoir|Gardevoir-Mega, L50, F
|-mega|p1b: Gardevoir|Gardevoir|Gardevoirite
|move|p2a: Sceptile|Protect|p2a: Sceptile
|-singleturn|p2a: Sceptile|Protect
|move|p2b: Raichu|Discharge|p1b: Gardevoir|[spread] p1a,p1b
|-activate|p2a: Sceptile|move: Protect
|-supereffective|p1a: Aerodactyl|1
|-damage|p1a: Aerodactyl|0 fnt
|-damage|p1b: Gardevoir|81/100
|faint|p1a: Aerodactyl
|move|p1b: Gardevoir|Hyper Voice|p2a: Sceptile|[spread] p2b
|-activate|p2a: Sceptile|move: Protect
|-damage|p2b: Raichu|9/100
|
|upkeep
|
|t:|1783006283
|switch|p1a: Maushold|Maushold-Four, L50|100/100
|turn|3
|
|t:|1783006305
|switch|p2b: Ceruledge|Ceruledge, L50, M, shiny|100/100
|switch|p2a: Scizor|Scizor, L50, M, shiny|100/100
|move|p1a: Maushold|Population Bomb|p2b: Ceruledge
|-immune|p2b: Ceruledge
|move|p1b: Gardevoir|Hyper Voice|p2a: Scizor|[spread] p2a,p2b
|-resisted|p2a: Scizor|1
|-resisted|p2b: Ceruledge|1
|-damage|p2a: Scizor|64/100
|-damage|p2b: Ceruledge|65/100
|
|upkeep
|turn|4
|
|t:|1783006324
|move|p1a: Maushold|Follow Me|p1a: Maushold
|-singleturn|p1a: Maushold|move: Follow Me
|move|p2a: Scizor|Bullet Punch|p1a: Maushold
|-damage|p1a: Maushold|45/100
|move|p1b: Gardevoir|Hyper Voice|p2b: Ceruledge|[spread] p2a,p2b
|-resisted|p2a: Scizor|1
|-resisted|p2b: Ceruledge|1
|-damage|p2a: Scizor|31/100
|-damage|p2b: Ceruledge|34/100
|move|p2b: Ceruledge|Bitter Blade|p1a: Maushold
|-damage|p1a: Maushold|0 fnt
|-heal|p2b: Ceruledge|57/100|[from] drain|[of] p1a: Maushold
|faint|p1a: Maushold
|
|-sideend|p1: Mariquitavoir|move: Tailwind
|upkeep
|turn|5
|
|t:|1783006344
|move|p2a: Scizor|Bullet Punch|p1b: Gardevoir
|-supereffective|p1b: Gardevoir|1
|-damage|p1b: Gardevoir|0 fnt
|faint|p1b: Gardevoir
|
|win|Glaxx
