|j|☆Esdeath0w0
|j|☆LeDGeNDaRY95
|html|Esdeath0w0LeDGeNDaRY95    
|uhtml|bestof|Game 1 of a best-of-3
|t:|1757040122
|gametype|doubles
|player|p1|Esdeath0w0|richboy|1011
|player|p2|LeDGeNDaRY95|lucas|1021
|gen|9
|tier|[Gen 9] VGC 2025 Reg H (Bo3)
|rated|
|rule|Species Clause: Limit one of each Pokémon
|rule|Item Clause: Limit 1 of each item
|clearpoke
|poke|p1|Amoonguss, L50, M|
|poke|p1|Sneasler, L50, F|
|poke|p1|Gholdengo, L50|
|poke|p1|Incineroar, L50, M|
|poke|p1|Ursaluna-Bloodmoon, L50, M|
|poke|p1|Dragonite, L50, F|
|poke|p2|Mamoswine, L50, M|
|poke|p2|Talonflame, L50, M|
|poke|p2|Archaludon, L50, F|
|poke|p2|Conkeldurr, L50, M|
|poke|p2|Dragapult, L50, M|
|poke|p2|Sinistcha, L50|
|teampreview|4
|showteam|p1|Amoonguss||RockyHelmet|Regenerator|RagePowder,Spore,PollenPuff,Protect|||M|||50|,,,,,Psychic]Sneasler||FocusSash|Unburden|Protect,DireClaw,CloseCombat,ThroatChop|||F|||50|,,,,,Stellar]Gholdengo||LifeOrb|GoodasGold|Protect,MakeItRain,ShadowBall,NastyPlot||||||50|,,,,,Water]Incineroar||SafetyGoggles|Intimidate|KnockOff,PartingShot,FlareBlitz,FakeOut|||M|||50|,,,,,Ghost]Ursaluna-Bloodmoon||AssaultVest|MindsEye|BloodMoon,EarthPower,VacuumWave,HyperVoice|||M|||50|,,,,,Water]Dragonite||LoadedDice|Multiscale|ScaleShot,Tailwind,Haze,Protect|||F|||50|,,,,,Fairy
|showteam|p2|Mamoswine||LoadedDice|ThickFat|Protect,HighHorsepower,IcicleSpear,Haze|||M|||50|,,,,,Bug]Talonflame||CovertCloak|GaleWings|Protect,Tailwind,BraveBird,FlareBlitz|||M|||50|,,,,,Fire]Archaludon||AssaultVest|Stamina|DragonPulse,Thunderbolt,FlashCannon,BodyPress|||F|||50|,,,,,Grass]Conkeldurr||FlameOrb|Guts|Protect,CloseCombat,MachPunch,ThunderPunch|||M|||50|,,,,,Dark]Dragapult||ChoiceBand|ClearBody|DragonDarts,SuckerPunch,TeraBlast,Uturn|||M|||50|,,,,,Ghost]Sinistcha||SitrusBerry|Hospitality|TrickRoom,MatchaGotcha,LifeDew,RagePowder||||||50|,,,,,Fire
|inactive|Battle timer is ON: inactive players will automatically lose when time's up. (requested by LeDGeNDaRY95)
|inactive|Esdeath0w0 has 60 seconds left.
|inactive|LeDGeNDaRY95 has 60 seconds left.
|
|t:|1757040171
|teamsize|p1|4
|teamsize|p2|4
|start
|switch|p1a: Gholdengo|Gholdengo, L50, shiny|100/100
|switch|p1b: Amoonguss|Amoonguss, L50, M, shiny|100/100
|switch|p2a: Talonflame|Talonflame, L50, M, shiny|100/100
|switch|p2b: Dragapult|Dragapult, L50, M|100/100
|turn|1
|inactive|Esdeath0w0 has 30 seconds left.
|inactive|LeDGeNDaRY95 has 30 seconds left.
|inactive|Esdeath0w0 has 20 seconds left.
|
|t:|1757040206
|-terastallize|p1a: Gholdengo|Water
|move|p2a: Talonflame|Brave Bird|p1b: Amoonguss
|-supereffective|p1b: Amoonguss
|-damage|p1b: Amoonguss|26/100
|-damage|p2a: Talonflame|84/100|[from] item: Rocky Helmet|[of] p1b: Amoonguss
|-damage|p2a: Talonflame|49/100|[from] Recoil
|move|p2b: Dragapult|U-turn|p1a: Gholdengo
|-damage|p1a: Gholdengo|64/100
|
|t:|1757040215
|switch|p2b: Archaludon|Archaludon, L50, F, shiny|100/100|[from] U-turn
|move|p1a: Gholdengo|Nasty Plot|p1a: Gholdengo
|-boost|p1a: Gholdengo|spa|2
|move|p1b: Amoonguss|Spore|p2a: Talonflame
|-status|p2a: Talonflame|slp|[from] move: Spore
|
|upkeep
|turn|2
|inactive|Esdeath0w0 has 30 seconds left.
|inactive|Esdeath0w0 has 20 seconds left.
|inactive|Esdeath0w0 has 15 seconds left.
|
|t:|1757040255
|move|p1b: Amoonguss|Rage Powder|p1b: Amoonguss
|-singleturn|p1b: Amoonguss|move: Rage Powder
|cant|p2a: Talonflame|slp
|move|p1a: Gholdengo|Make It Rain|p2a: Talonflame|[spread] p2a,p2b
|-resisted|p2a: Talonflame
|-resisted|p2b: Archaludon
|-damage|p2a: Talonflame|0 fnt
|-damage|p2b: Archaludon|60/100
|-unboost|p1a: Gholdengo|spa|1
|-ability|p2b: Archaludon|Stamina|boost
|-boost|p2b: Archaludon|def|1
|faint|p2a: Talonflame
|-damage|p1a: Gholdengo|54/100|[from] item: Life Orb
|move|p2b: Archaludon|Dragon Pulse|p1b: Amoonguss
|-damage|p1b: Amoonguss|0 fnt
|faint|p1b: Amoonguss
|
|upkeep
|
|t:|1757040277
|switch|p2a: Dragapult|Dragapult, L50, M|100/100
|switch|p1b: Dragonite|Dragonite, L50, F|100/100
|turn|3
|inactive|Esdeath0w0 has 30 seconds left.
|
|t:|1757040307
|move|p1b: Dragonite|Protect|p1b: Dragonite
|-singleturn|p1b: Dragonite|Protect
|move|p2a: Dragapult|Dragon Darts|p1a: Gholdengo
|-damage|p1a: Gholdengo|12/100
|-anim|p2a: Dragapult|Dragon Darts|p1a: Gholdengo
|-damage|p1a: Gholdengo|0 fnt
|faint|p1a: Gholdengo
|move|p2b: Archaludon|Dragon Pulse|p1b: Dragonite
|-activate|p1b: Dragonite|move: Protect
|
|upkeep
|
|t:|1757040318
|switch|p1a: Sneasler|Sneasler, L50, F, shiny|100/100
|turn|4
|inactive|Esdeath0w0 has 30 seconds left.
|inactive|LeDGeNDaRY95 has 30 seconds left.
|
|t:|1757040351
|move|p2a: Dragapult|Dragon Darts|p1b: Dragonite
|-supereffective|p1b: Dragonite
|-damage|p1b: Dragonite|61/100
|-anim|p2a: Dragapult|Dragon Darts|p1a: Sneasler
|-damage|p1a: Sneasler|39/100
|move|p1a: Sneasler|Close Combat|p2b: Archaludon
|-supereffective|p2b: Archaludon
|-damage|p2b: Archaludon|0 fnt
|-unboost|p1a: Sneasler|def|1
|-unboost|p1a: Sneasler|spd|1
|faint|p2b: Archaludon
|move|p1b: Dragonite|Scale Shot|p2a: Dragapult
|-supereffective|p2a: Dragapult
|-damage|p2a: Dragapult|63/100
|-supereffective|p2a: Dragapult
|-damage|p2a: Dragapult|19/100
|-supereffective|p2a: Dragapult
|-damage|p2a: Dragapult|0 fnt
|faint|p2a: Dragapult
|-hitcount|p2: Dragapult|3
|-unboost|p1b: Dragonite|def|1
|-boost|p1b: Dragonite|spe|1
|
|upkeep
|
|t:|1757040360
|switch|p2b: Mamoswine|Mamoswine, L50, M|100/100
|turn|5
|
|t:|1757040382
|-terastallize|p2b: Mamoswine|Bug
|move|p1b: Dragonite|Scale Shot|p2b: Mamoswine
|-damage|p2b: Mamoswine|87/100
|-damage|p2b: Mamoswine|73/100
|-damage|p2b: Mamoswine|58/100
|-damage|p2b: Mamoswine|43/100
|-damage|p2b: Mamoswine|27/100
|-hitcount|p2b: Mamoswine|5
|-unboost|p1b: Dragonite|def|1
|-boost|p1b: Dragonite|spe|1
|move|p1a: Sneasler|Close Combat|p2b: Mamoswine
|-resisted|p2b: Mamoswine
|-damage|p2b: Mamoswine|0 fnt
|-unboost|p1a: Sneasler|def|1
|-unboost|p1a: Sneasler|spd|1
|faint|p2b: Mamoswine
|
|win|Esdeath0w0
||LeDGeNDaRY95 is ready for game 2.
|inactive|Esdeath0w0 has 30 seconds to confirm battle start!
||Esdeath0w0 is ready for game 2.
|uhtml|next|Next: Game 2 of 3
|l|☆Esdeath0w0
|player|p1|
