|j|☆Truevillany123
|j|☆Sedrav
|html|Truevillany123Sedrav    
|uhtml|bestof|Game 1 of a best-of-3
|t:|1756948058
|gametype|doubles
|player|p1|Truevillany123|steven|1111
|player|p2|Sedrav|265|1217
|gen|9
|tier|[Gen 9] VGC 2025 Reg H (Bo3)
|rated|
|rule|Species Clause: Limit one of each Pokémon
|rule|Item Clause: Limit 1 of each item
|clearpoke
|poke|p1|Ursaluna-Bloodmoon, L50, M|
|poke|p1|Gholdengo, L50|
|poke|p1|Dragonite, L50, M|
|poke|p1|Sneasler, L50, F|
|poke|p1|Incineroar, L50, M|
|poke|p1|Amoonguss, L50, F|
|poke|p2|Garchomp, L50, M|
|poke|p2|Talonflame, L50, M|
|poke|p2|Gholdengo, L50|
|poke|p2|Tyranitar, L50, F|
|poke|p2|Amoonguss, L50, M|
|poke|p2|Milotic, L50, F|
|teampreview|4
|showteam|p1|Ursaluna-Bloodmoon||AssaultVest|MindsEye|BloodMoon,EarthPower,VacuumWave,HyperVoice|||M|||50|,,,,,Water]Gholdengo||LifeOrb|GoodasGold|Protect,MakeItRain,ShadowBall,NastyPlot||||||50|,,,,,Water]Dragonite||LoadedDice|Multiscale|ScaleShot,Tailwind,Haze,Protect|||M|||50|,,,,,Fairy]Sneasler||FocusSash|Unburden|Protect,DireClaw,CloseCombat,ThroatChop|||F|||50|,,,,,Stellar]Incineroar||SafetyGoggles|Intimidate|KnockOff,PartingShot,FlareBlitz,FakeOut|||M|||50|,,,,,Ghost]Amoonguss||SitrusBerry|Regenerator|RagePowder,Spore,PollenPuff,Protect|||F|||50|,,,,,Psychic
|showteam|p2|Garchomp||LifeOrb|RoughSkin|DragonClaw,StompingTantrum,Earthquake,Protect|||M|||50|,,,,,Fairy]Talonflame||CovertCloak|GaleWings|BraveBird,Tailwind,WillOWisp,Taunt|||M|||50|,,,,,Grass]Gholdengo||MetalCoat|GoodasGold|MakeItRain,ShadowBall,NastyPlot,Protect||||||50|,,,,,Flying]Tyranitar||AssaultVest|SandStream|RockSlide,KnockOff,LowKick,TeraBlast|||F|||50|,,,,,Flying]Amoonguss||SitrusBerry|Regenerator|Spore,RagePowder,PollenPuff,Protect|||M|||50|,,,,,Water]Milotic||SafetyGoggles|Competitive|Scald,IcyWind,Haze,Protect|||F|||50|,,,,,Dragon
|c|☆Truevillany123|gg u win
|inactive|Battle timer is ON: inactive players will automatically lose when time's up. (requested by Sedrav)
|c|☆Sedrav|why? :o
|c|☆Truevillany123|that day
|inactive|Truevillany123 has 60 seconds left.
|inactive|Sedrav has 60 seconds left.
|c|☆Truevillany123|and every talonflame wins
|
|t:|1756948128
|teamsize|p1|4
|teamsize|p2|4
|start
|switch|p1a: Dragonite|Dragonite, L50, M|100/100
|switch|p1b: Sneasler|Sneasler, L50, F|100/100
|switch|p2a: Talonflame|Talonflame, L50, M|100/100
|switch|p2b: Tyranitar|Tyranitar, L50, F|100/100
|-weather|Sandstorm|[from] ability: Sand Stream|[of] p2b: Tyranitar
|turn|1
|inactive|Sedrav has 30 seconds left.
|
|t:|1756948160
|-terastallize|p2b: Tyranitar|Flying
|move|p1b: Sneasler|Protect|p1b: Sneasler
|-singleturn|p1b: Sneasler|Protect
|move|p2a: Talonflame|Tailwind|p2a: Talonflame
|-sidestart|p2: Sedrav|move: Tailwind
|move|p2b: Tyranitar|Tera Blast|p1b: Sneasler|[anim] Tera Blast Flying
|-activate|p1b: Sneasler|move: Protect
|move|p1a: Dragonite|Tailwind|p1a: Dragonite
|-sidestart|p1: Truevillany123|move: Tailwind
|
|-weather|Sandstorm|[upkeep]
|-damage|p2a: Talonflame|95/100|[from] Sandstorm
|-damage|p1b: Sneasler|95/100|[from] Sandstorm
|-damage|p1a: Dragonite|94/100|[from] Sandstorm
|-damage|p2b: Tyranitar|95/100|[from] Sandstorm
|upkeep
|turn|2
|
|t:|1756948184
|switch|p1b: Gholdengo|Gholdengo, L50|100/100
|move|p2a: Talonflame|Will-O-Wisp|p1a: Dragonite
|-status|p1a: Dragonite|brn
|move|p1a: Dragonite|Scale Shot|p2a: Talonflame
|-damage|p2a: Talonflame|84/100
|-damage|p2a: Talonflame|73/100
|-damage|p2a: Talonflame|61/100
|-damage|p2a: Talonflame|50/100
|-damage|p2a: Talonflame|39/100
|-hitcount|p2a: Talonflame|5
|-unboost|p1a: Dragonite|def|1
|-boost|p1a: Dragonite|spe|1
|move|p2b: Tyranitar|Tera Blast|p1b: Gholdengo|[anim] Tera Blast Flying
|-resisted|p1b: Gholdengo
|-damage|p1b: Gholdengo|79/100
|
|-weather|Sandstorm|[upkeep]
|-damage|p1a: Dragonite|88/100 brn|[from] Sandstorm
|-damage|p2a: Talonflame|34/100|[from] Sandstorm
|-damage|p2b: Tyranitar|89/100|[from] Sandstorm
|-damage|p1a: Dragonite|82/100 brn|[from] brn
|upkeep
|turn|3
|c|☆Truevillany123|yep gg
|inactive|Sedrav has 30 seconds left.
|inactive|Sedrav has 20 seconds left.
|inactive|Sedrav has 15 seconds left.
|
|t:|1756948226
|move|p1a: Dragonite|Scale Shot|p2a: Talonflame
|-crit|p2a: Talonflame
|-damage|p2a: Talonflame|15/100
|-damage|p2a: Talonflame|4/100
|-damage|p2a: Talonflame|0 fnt
|faint|p2a: Talonflame
|-hitcount|p2: Talonflame|3
|-unboost|p1a: Dragonite|def|1
|-boost|p1a: Dragonite|spe|1
|move|p1b: Gholdengo|Make It Rain|p2b: Tyranitar
|-damage|p2b: Tyranitar|47/100
|-unboost|p1b: Gholdengo|spa|1
|-damage|p1b: Gholdengo|69/100|[from] item: Life Orb
|move|p2b: Tyranitar|Tera Blast|p1a: Dragonite|[anim] Tera Blast Flying
|-damage|p1a: Dragonite|0 fnt
|faint|p1a: Dragonite
|
|-weather|Sandstorm|[upkeep]
|-damage|p2b: Tyranitar|41/100|[from] Sandstorm
|upkeep
|
|t:|1756948245
|switch|p2a: Garchomp|Garchomp, L50, M|100/100
|switch|p1a: Ursaluna|Ursaluna-Bloodmoon, L50, M|100/100
|turn|4
|inactive|Sedrav has 30 seconds left.
|
|t:|1756948276
|move|p1b: Gholdengo|Protect|p1b: Gholdengo
|-singleturn|p1b: Gholdengo|Protect
|move|p2a: Garchomp|Earthquake|p1a: Ursaluna|[spread] p1a
|-activate|p1b: Gholdengo|move: Protect
|-immune|p2b: Tyranitar
|-damage|p1a: Ursaluna|58/100
|-damage|p2a: Garchomp|91/100|[from] item: Life Orb
|move|p2b: Tyranitar|Knock Off|p1a: Ursaluna
|-damage|p1a: Ursaluna|21/100
|-enditem|p1a: Ursaluna|Assault Vest|[from] move: Knock Off|[of] p2b: Tyranitar
|move|p1a: Ursaluna|Blood Moon|p2a: Garchomp
|-damage|p2a: Garchomp|9/100
|
|-weather|Sandstorm|[upkeep]
|-damage|p2b: Tyranitar|35/100|[from] Sandstorm
|-sideend|p1: Truevillany123|move: Tailwind
|-sideend|p2: Sedrav|move: Tailwind
|upkeep
|turn|5
|inactive|Sedrav has 30 seconds left.
|
|t:|1756948311
|switch|p2a: Milotic|Milotic, L50, F|100/100
|move|p1a: Ursaluna|Vacuum Wave|p2a: Milotic
|-damage|p2a: Milotic|89/100
|move|p1b: Gholdengo|Make It Rain|p2a: Milotic|[spread] p2a,p2b
|-resisted|p2a: Milotic
|-crit|p2b: Tyranitar
|-damage|p2a: Milotic|76/100
|-damage|p2b: Tyranitar|0 fnt
|-unboost|p1b: Gholdengo|spa|1
|faint|p2b: Tyranitar
|-damage|p1b: Gholdengo|60/100|[from] item: Life Orb
|
|-weather|none
|upkeep
|
|t:|1756948322
|switch|p2b: Garchomp|Garchomp, L50, M|9/100
|turn|6
|
|t:|1756948339
|switch|p1b: Sneasler|Sneasler, L50, F|95/100
|-terastallize|p1a: Ursaluna|Water
|move|p2b: Garchomp|Protect|p2b: Garchomp
|-singleturn|p2b: Garchomp|Protect
|move|p1a: Ursaluna|Vacuum Wave|p2b: Garchomp
|-activate|p2b: Garchomp|move: Protect
|move|p2a: Milotic|Icy Wind|p1a: Ursaluna|[spread] p1a,p1b
|-resisted|p1a: Ursaluna
|-damage|p1a: Ursaluna|16/100
|-damage|p1b: Sneasler|81/100
|-unboost|p1a: Ursaluna|spe|1
|-unboost|p1b: Sneasler|spe|1
|
|upkeep
|turn|7
|inactive|Sedrav has 30 seconds left.
|
|t:|1756948365
|move|p1a: Ursaluna|Vacuum Wave|p2b: Garchomp
|-damage|p2b: Garchomp|0 fnt
|faint|p2b: Garchomp
|move|p1b: Sneasler|Close Combat|p2a: Milotic
|-damage|p2a: Milotic|24/100
|-unboost|p1b: Sneasler|def|1
|-unboost|p1b: Sneasler|spd|1
|move|p2a: Milotic|Scald|p1b: Sneasler
|-damage|p1b: Sneasler|15/100
|-status|p1b: Sneasler|brn
|
|-damage|p1b: Sneasler|9/100 brn|[from] brn
|upkeep
|turn|8
|
|t:|1756948385
|move|p2a: Milotic|Protect|p2a: Milotic
|-singleturn|p2a: Milotic|Protect
|move|p1a: Ursaluna|Vacuum Wave|p2a: Milotic
|-activate|p2a: Milotic|move: Protect
|move|p1b: Sneasler|Dire Claw|p2a: Milotic
|-activate|p2a: Milotic|move: Protect
|
|-damage|p1b: Sneasler|3/100 brn|[from] brn
|upkeep
|turn|9
|
|t:|1756948396
|move|p1a: Ursaluna|Vacuum Wave|p2a: Milotic
|-damage|p2a: Milotic|13/100
|move|p1b: Sneasler|Close Combat|p2a: Milotic
|-damage|p2a: Milotic|0 fnt
|-unboost|p1b: Sneasler|def|1
|-unboost|p1b: Sneasler|spd|1
|faint|p2a: Milotic
|
|win|Truevillany123
||Truevillany123 is ready for game 2.
||Sedrav is ready for game 2.
|uhtml|next|Next: Game 2 of 3
