|j|ŌśåNorthgdh
|j|Ōśåginjiiiiii
|html|Northgdhginjiiiiii    
|uhtml|bestof|Game 2 of a best-of-3
|t:|1783736415
|gametype|doubles
|player|p1|Northgdh|265|1114
|player|p2|ginjiiiiii|1|1078
|gen|9
|tier|[Gen 9 Champions] VGC 2026 Reg M-B (Bo3)
|rated|
|rule|Species Clause: Limit one of each Pok├®mon
|rule|Item Clause: Limit 1 of each item
|clearpoke
|poke|p1|Floette-Eternal, L50, F|
|poke|p1|Sinistcha, L50|
|poke|p1|Sneasler, L50, F|
|poke|p1|Incineroar, L50, M, shiny|
|poke|p1|Kingambit, L50, M, shiny|
|poke|p1|Blastoise, L50, M, shiny|
|poke|p2|Raichu, L50, M|
|poke|p2|Sinistcha, L50|
|poke|p2|Incineroar, L50, F|
|poke|p2|Staraptor, L50, M|
|poke|p2|Sneasler, L50, F|
|poke|p2|Whimsicott, L50, F|
|teampreview|4
|showteam|p1|Floette-Eternal||Floettite|FlowerVeil|Moonblast,DrainingKiss,CalmMind,Protect|Modest||F|||50|]Sinistcha||OccaBerry|Hospitality|MatchaGotcha,LifeDew,RagePowder,Protect|Calm|||||50|]Sneasler||FocusSash|PoisonTouch|CloseCombat,PoisonJab,FakeOut,QuickGuard|Jolly||F|||50|]Incineroar||SitrusBerry|Intimidate|FlareBlitz,FakeOut,HelpingHand,PartingShot|Impish||M|||50|]Kingambit||BlackGlasses|Defiant|KowtowCleave,SuckerPunch,SwordsDance,Protect|Adamant||M|||50|]Blastoise||Blastoisinite|RainDish|WaterSpout,DarkPulse,ShellSmash,Protect|Modest||M|||50|
|showteam|p2|Raichu||RaichuniteY|LightningRod|ZapCannon,FocusBlast,GrassKnot,Protect|Timid||M|||50|]Sinistcha||SitrusBerry|Hospitality|RagePowder,StrengthSap,MatchaGotcha,LifeDew|Relaxed|||||50|]Incineroar||Leftovers|Intimidate|DarkestLariat,FakeOut,PartingShot,Protect|Impish||F|||50|]Staraptor||Staraptite|Intimidate|CloseCombat,BraveBird,Roost,Protect|Adamant||M|||50|]Sneasler||FocusSash|PoisonTouch|FakeOut,CloseCombat,DireClaw,Protect|Jolly||F|||50|]Whimsicott||MentalHerb|Prankster|Tailwind,Charm,Moonblast,Protect|Bold||F|||50|
|inactive|Battle timer is ON: inactive players will automatically lose when time's up. (requested by Northgdh)
|c|Ōśåginjiiiiii|well played twin
|c|Ōśåginjiiiiii|I'm new to vgc
|c|ŌśåNorthgdh|You too, you too
|inactive|Northgdh has 60 seconds left.
|inactive|ginjiiiiii has 60 seconds left.
|
|t:|1783736459
|teamsize|p1|4
|teamsize|p2|4
|start
|switch|p1a: stupid song|Floette-Eternal, L50, F|100/100
|switch|p1b: honeybee|Sneasler, L50, F|100/100
|switch|p2a: Sneasler|Sneasler, L50, F|100/100
|switch|p2b: Whimsicott|Whimsicott, L50, F|100/100
|turn|1
|c|Ōśåginjiiiiii|I've been playing singles for 5 years tho
|c|ŌśåNorthgdh|I just started this last year
|inactive|ginjiiiiii has 30 seconds left.
|
|t:|1783736488
|detailschange|p1a: stupid song|Floette-Mega, L50, F
|-mega|p1a: stupid song|Floette|Floettite
|-ability|p1a: stupid song|Fairy Aura
|move|p2b: Whimsicott|Protect|p2b: Whimsicott
|-singleturn|p2b: Whimsicott|Protect
|move|p2a: Sneasler|Fake Out|p1b: honeybee
|-damage|p1b: honeybee|77/100
|cant|p1b: honeybee|flinch
|move|p1a: stupid song|Moonblast|p2a: Sneasler
|-enditem|p2a: Sneasler|Focus Sash
|-damage|p2a: Sneasler|1/100
|
|upkeep
|turn|2
|c|ŌśåNorthgdh|Agaaaaain
|c|ŌśåNorthgdh|thatŌĆÖs wild
|
|t:|1783736510
|move|p1a: stupid song|Protect|p1a: stupid song
|-singleturn|p1a: stupid song|Protect
|move|p2b: Whimsicott|Tailwind|p2b: Whimsicott
|-sidestart|p2: ginjiiiiii|move: Tailwind
|move|p2a: Sneasler|Dire Claw|p1a: stupid song
|-activate|p1a: stupid song|move: Protect
|move|p1b: honeybee|Poison Jab|p2a: Sneasler
|-resisted|p2a: Sneasler|1
|-damage|p2a: Sneasler|0 fnt
|faint|p2a: Sneasler
|
|upkeep
|
|t:|1783736521
|switch|p2a: Raichu|Raichu, L50, M|100/100
|turn|3
|
|t:|1783736529
|detailschange|p2a: Raichu|Raichu-Mega-Y, L50, M
|-mega|p2a: Raichu|Raichu|Raichunite Y
|move|p2b: Whimsicott|Protect|p2b: Whimsicott
|-singleturn|p2b: Whimsicott|Protect
|move|p1b: honeybee|Quick Guard|p1b: honeybee
|-singleturn|p1b: honeybee|Quick Guard
|move|p2a: Raichu|Zap Cannon|p1b: honeybee
|-damage|p1b: honeybee|0 fnt
|faint|p1b: honeybee
|move|p1a: stupid song|Draining Kiss|p2a: Raichu
|-damage|p2a: Raichu|32/100
|
|upkeep
|
|t:|1783736540
|switch|p1b: wrong w me|Incineroar, L50, M, shiny|100/100
|-ability|p1b: wrong w me|Intimidate|boost
|-unboost|p2a: Raichu|atk|1
|-unboost|p2b: Whimsicott|atk|1
|turn|4
|
|t:|1783736547
|switch|p2b: Sinistcha|Sinistcha, L50|100/100
|-heal|p2a: Raichu|56/100|[from] ability: Hospitality|[of] p2b: Sinistcha
|move|p2a: Raichu|Protect|p2a: Raichu
|-singleturn|p2a: Raichu|Protect
|move|p1b: wrong w me|Fake Out|p2a: Raichu
|-activate|p2a: Raichu|move: Protect
|move|p1a: stupid song|Moonblast|p2b: Sinistcha
|-damage|p2b: Sinistcha|0 fnt
|faint|p2b: Sinistcha
|
|upkeep
|
|t:|1783736559
|switch|p2b: Whimsicott|Whimsicott, L50, F|100/100
|turn|5
|
|t:|1783736572
|move|p2a: Raichu|Zap Cannon|p1a: stupid song
|-damage|p1a: stupid song|44/100
|-status|p1a: stupid song|par
|move|p2b: Whimsicott|Moonblast|p1b: wrong w me
|-damage|p1b: wrong w me|68/100
|move|p1b: wrong w me|Parting Shot|p2b: Whimsicott
|-unboost|p2b: Whimsicott|atk|1
|-unboost|p2b: Whimsicott|spa|1
|
|t:|1783736580
|switch|p1b: the cure|Sinistcha, L50|100/100|[from] Parting Shot
|-heal|p1a: stupid song|69/100 par|[from] ability: Hospitality|[of] p1b: the cure
|move|p1a: stupid song|Draining Kiss|p2a: Raichu
|-damage|p2a: Raichu|0 fnt
|-heal|p1a: stupid song|100/100 par|[from] drain|[of] p2a: Raichu
|faint|p2a: Raichu
|
|-sideend|p2: ginjiiiiii|move: Tailwind
|upkeep
|turn|6
|c|ŌśåNorthgdh|ggwp
|
|t:|1783736593
|move|p2b: Whimsicott|Protect|p2b: Whimsicott
|-singleturn|p2b: Whimsicott|Protect
|move|p1b: the cure|Matcha Gotcha|p2b: Whimsicott
|-activate|p2b: Whimsicott|move: Protect
|move|p1a: stupid song|Moonblast|p2b: Whimsicott
|-activate|p2b: Whimsicott|move: Protect
|
|upkeep
|turn|7
|
|t:|1783736609
|move|p2b: Whimsicott|Moonblast|p1a: stupid song
|-damage|p1a: stupid song|82/100 par
|move|p1b: the cure|Matcha Gotcha|p2b: Whimsicott|[miss]
|-miss|p1b: the cure|p2b: Whimsicott
|move|p1a: stupid song|Moonblast|p2b: Whimsicott
|-damage|p2b: Whimsicott|2/100
|
|upkeep
|turn|8
|c|Ōśåginjiiiiii|theres nth I can do
|
|t:|1783736622
|move|p2b: Whimsicott|Protect|p2b: Whimsicott
|-singleturn|p2b: Whimsicott|Protect
|move|p1b: the cure|Matcha Gotcha|p2b: Whimsicott
|-activate|p2b: Whimsicott|move: Protect
|move|p1a: stupid song|Draining Kiss|p2b: Whimsicott
|-activate|p2b: Whimsicott|move: Protect
|
|upkeep
|turn|9
|c|Ōśåginjiiiiii|gg
|c|ŌśåNorthgdh|Nah
|
|t:|1783736633
|move|p2b: Whimsicott|Moonblast|p1a: stupid song
|-damage|p1a: stupid song|65/100 par
|move|p1b: the cure|Matcha Gotcha|p2b: Whimsicott
|-resisted|p2b: Whimsicott|1
|-damage|p2b: Whimsicott|0 fnt
|faint|p2b: Whimsicott
|
|win|Northgdh
|raw|Northgdh's rating: 1114 → 1136(+22 for winning)
|raw|ginjiiiiii's rating: 1078 → 1059(-19 for losing)
|l|Ōśåginjiiiiii
|player|p2|
|l|ŌśåNorthgdh
|player|p1|
|j|ŌśåNorthgdh
|player|p1|Northgdh|265|
