|j|☆IceApfel
|j|☆lettitripppp
|html|IceApfellettitripppp    
|uhtml|bestof|Game 2 of a best-of-3
|t:|1785795724
|gametype|doubles
|player|p1|IceApfel|waiter-gen4|1192
|player|p2|lettitripppp|lucas|1271
|gen|9
|tier|[Gen 9 Champions] VGC 2026 Reg M-B (Bo3)
|rated|
|rule|Species Clause: Limit one of each Pokémon
|rule|Item Clause: Limit 1 of each item
|clearpoke
|poke|p1|Staraptor, L50, F|
|poke|p1|Raichu, L50, M|
|poke|p1|Sylveon, L50, M, shiny|
|poke|p1|Farigiraf, L50, F, shiny|
|poke|p1|Kingambit, L50, M, shiny|
|poke|p1|Arcanine-Hisui, L50, M|
|poke|p2|Charizard, L50, F|
|poke|p2|Floette-Eternal, L50, F|
|poke|p2|Basculegion, L50, M|
|poke|p2|Whimsicott, L50, M, shiny|
|poke|p2|Garchomp, L50, F|
|poke|p2|Kingambit, L50, M, shiny|
|teampreview|4
|showteam|p1|Staraptor||Staraptite|Intimidate|CloseCombat,BraveBird,Tailwind,Protect|Jolly||F|||50|]Raichu||RaichuniteY|Static|ZapCannon,FocusBlast,FakeOut,Protect|Timid||M|||50|]Sylveon||FairyFeather|Pixilate|HyperVoice,HyperBeam,Yawn,Protect|Modest||M|||50|]Farigiraf||SitrusBerry|ArmorTail|Psychic,TrickRoom,HelpingHand,Protect|Bold||F|||50|]Kingambit||LifeOrb|Defiant|KowtowCleave,SuckerPunch,SwordsDance,Protect|Adamant||M|||50|]Arcanine-Hisui||FocusSash|RockHead|FlareBlitz,HeadSmash,ExtremeSpeed,Protect|Jolly||M|||50|
|showteam|p2|Charizard||CharizarditeY|Blaze|WeatherBall,SolarBeam,HeatWave,Protect|Modest||F|||50|]Floette-Eternal||Floettite|Symbiosis|DazzlingGleam,LightofRuin,Moonblast,Protect|Modest||F|||50|]Basculegion||MysticWater|Adaptability|LastRespects,WaveCrash,AquaJet,Protect|Adamant||M|||50|]Whimsicott||FocusSash|Prankster|Moonblast,Tailwind,Encore,Protect|Timid||M|||50|]Garchomp||LifeOrb|RoughSkin|StompingTantrum,DragonClaw,RockSlide,Protect|Jolly||F|||50|]Kingambit||ChopleBerry|Defiant|KowtowCleave,SuckerPunch,IronHead,LowKick|Adamant||M|||50|
|inactive|Battle timer is ON: inactive players will automatically lose when time's up. (requested by lettitripppp)
|inactive|IceApfel has 60 seconds left.
|
|t:|1785795759
|teamsize|p1|4
|teamsize|p2|4
|start
|switch|p1a: Raichu|Raichu, L50, M|100/100
|switch|p1b: Sylveon|Sylveon, L50, M, shiny|100/100
|switch|p2a: RUINOUS LIGHT|Floette-Eternal, L50, F|100/100
|switch|p2b: LETS GO AGAIN|Whimsicott, L50, M, shiny|100/100
|turn|1
|
|t:|1785795773
|detailschange|p1a: Raichu|Raichu-Mega-Y, L50, M
|-mega|p1a: Raichu|Raichu|Raichunite Y
|move|p2b: LETS GO AGAIN|Protect|p2b: LETS GO AGAIN
|-singleturn|p2b: LETS GO AGAIN|Protect
|move|p2a: RUINOUS LIGHT|Protect|p2a: RUINOUS LIGHT
|-singleturn|p2a: RUINOUS LIGHT|Protect
|move|p1a: Raichu|Fake Out|p2a: RUINOUS LIGHT
|-activate|p2a: RUINOUS LIGHT|move: Protect
|move|p1b: Sylveon|Hyper Voice|p2a: RUINOUS LIGHT|[spread] 
|-activate|p2a: RUINOUS LIGHT|move: Protect
|-activate|p2b: LETS GO AGAIN|move: Protect
|
|upkeep
|turn|2
|
|t:|1785795785
|switch|p1a: Farigiraf|Farigiraf, L50, F, shiny|100/100
|detailschange|p2a: RUINOUS LIGHT|Floette-Mega, L50, F
|-mega|p2a: RUINOUS LIGHT|Floette|Floettite
|-ability|p2a: RUINOUS LIGHT|Fairy Aura
|move|p2b: LETS GO AGAIN|Tailwind|p2b: LETS GO AGAIN
|-sidestart|p2: lettitripppp|move: Tailwind
|move|p2a: RUINOUS LIGHT|Moonblast|p1a: Farigiraf
|-damage|p1a: Farigiraf|23/100
|-enditem|p1a: Farigiraf|Sitrus Berry|[eat]
|-heal|p1a: Farigiraf|48/100|[from] item: Sitrus Berry
|move|p1b: Sylveon|Hyper Voice|p2b: LETS GO AGAIN|[spread] p2a,p2b
|-damage|p2a: RUINOUS LIGHT|47/100
|-damage|p2b: LETS GO AGAIN|7/100
|
|upkeep
|turn|3
|
|t:|1785795806
|move|p1a: Farigiraf|Protect|p1a: Farigiraf
|-singleturn|p1a: Farigiraf|Protect
|move|p2b: LETS GO AGAIN|Moonblast|p1b: Sylveon
|-damage|p1b: Sylveon|67/100
|-unboost|p1b: Sylveon|spa|1
|move|p2a: RUINOUS LIGHT|Light of Ruin|p1b: Sylveon
|-damage|p1b: Sylveon|0 fnt
|faint|p1b: Sylveon
|-damage|p2a: RUINOUS LIGHT|4/100|[from] Recoil
|
|upkeep
|
|t:|1785795816
|switch|p1b: Arcanine|Arcanine-Hisui, L50, M|100/100
|turn|4
|
|t:|1785795827
|move|p2a: RUINOUS LIGHT|Protect|p2a: RUINOUS LIGHT
|-singleturn|p2a: RUINOUS LIGHT|Protect
|move|p1b: Arcanine|Extreme Speed|p2a: RUINOUS LIGHT
|-activate|p2a: RUINOUS LIGHT|move: Protect
|move|p2b: LETS GO AGAIN|Moonblast|p1a: Farigiraf
|-damage|p1a: Farigiraf|8/100
|move|p1a: Farigiraf|Psychic|p2b: LETS GO AGAIN
|-crit|p2b: LETS GO AGAIN
|-damage|p2b: LETS GO AGAIN|0 fnt
|faint|p2b: LETS GO AGAIN
|
|upkeep
|
|t:|1785795837
|switch|p2b: CRUSH SHARK|Garchomp, L50, F|100/100
|turn|5
|
|t:|1785795850
|switch|p2a: GENERAL BLADUS|Kingambit, L50, M, shiny|100/100
|move|p1b: Arcanine|Protect|p1b: Arcanine
|-singleturn|p1b: Arcanine|Protect
|move|p2b: CRUSH SHARK|Rock Slide|p1a: Farigiraf|[spread] p1a
|-activate|p1b: Arcanine|move: Protect
|-damage|p1a: Farigiraf|0 fnt
|faint|p1a: Farigiraf
|-damage|p2b: CRUSH SHARK|90/100|[from] item: Life Orb
|
|-sideend|p2: lettitripppp|move: Tailwind
|upkeep
|
|t:|1785795856
|switch|p1a: Raichu|Raichu-Mega-Y, L50, M|100/100
|turn|6
|inactive|IceApfel has 30 seconds left.
|
|t:|1785795886
|switch|p2a: RUINOUS LIGHT|Floette-Mega, L50, F|4/100
|-ability|p2a: RUINOUS LIGHT|Fairy Aura
|move|p2b: CRUSH SHARK|Protect|p2b: CRUSH SHARK
|-singleturn|p2b: CRUSH SHARK|Protect
|move|p1b: Arcanine|Protect|p1b: Arcanine
|-singleturn|p1b: Arcanine|Protect
|move|p1a: Raichu|Focus Blast|p2a: RUINOUS LIGHT
|-resisted|p2a: RUINOUS LIGHT|1
|-damage|p2a: RUINOUS LIGHT|0 fnt
|faint|p2a: RUINOUS LIGHT
|
|upkeep
|
|t:|1785795898
|switch|p2a: GENERAL BLADUS|Kingambit, L50, M, shiny|100/100
|turn|7
|inactive|IceApfel has 30 seconds left.
|inactive|IceApfel has 20 seconds left.
|inactive|IceApfel has 15 seconds left.
|inactive|IceApfel has 10 seconds left.
|
|t:|1785795944
|move|p1b: Arcanine|Protect||[still]
|-fail|p1b: Arcanine
|move|p1a: Raichu|Focus Blast|p2b: CRUSH SHARK
|-damage|p2b: CRUSH SHARK|42/100
|move|p2b: CRUSH SHARK|Stomping Tantrum|p1b: Arcanine
|-supereffective|p1b: Arcanine|2
|-enditem|p1b: Arcanine|Focus Sash
|-damage|p1b: Arcanine|1/100
|-damage|p2b: CRUSH SHARK|32/100|[from] item: Life Orb
|move|p2a: GENERAL BLADUS|Kowtow Cleave|p1b: Arcanine
|-damage|p1b: Arcanine|0 fnt
|faint|p1b: Arcanine
|
|upkeep
|turn|8
|inactive|IceApfel has 30 seconds left.
|
|t:|1785795976
|move|p1a: Raichu|Focus Blast|p2a: GENERAL BLADUS
|-supereffective|p2a: GENERAL BLADUS|2
|-enditem|p2a: GENERAL BLADUS|Chople Berry|[eat]
|-enditem|p2a: GENERAL BLADUS|Chople Berry|[weaken]
|-damage|p2a: GENERAL BLADUS|22/100
|move|p2b: CRUSH SHARK|Stomping Tantrum|p1a: Raichu
|-supereffective|p1a: Raichu|1
|-damage|p1a: Raichu|0 fnt
|faint|p1a: Raichu
|-damage|p2b: CRUSH SHARK|22/100|[from] item: Life Orb
|
|win|lettitripppp
|raw|IceApfel's rating: 1192 → 1173(-19 for losing)
|raw|lettitripppp's rating: 1271 → 1290(+19 for winning)
|l|☆IceApfel
|player|p1|
