|j|☆Athrys
|j|☆mrangelacho
|html|Athrysmrangelacho    
|uhtml|bestof|Game 2 of a best-of-3
|t:|1783151349
|gametype|doubles
|player|p1|Athrys|guitarist|1045
|player|p2|mrangelacho|102|1166
|gen|9
|tier|[Gen 9 Champions] VGC 2026 Reg M-B (Bo3)
|rated|
|rule|Species Clause: Limit one of each Pokémon
|rule|Item Clause: Limit 1 of each item
|clearpoke
|poke|p1|Scolipede, L50, F|
|poke|p1|Scrafty, L50, M|
|poke|p1|Sinistcha, L50|
|poke|p1|Aerodactyl, L50, M|
|poke|p1|Sylveon, L50, F|
|poke|p1|Garchomp, L50, F|
|poke|p2|Camerupt, L50, M|
|poke|p2|Vivillon, L50, F|
|poke|p2|Kingambit, L50, M|
|poke|p2|Farigiraf, L50, F|
|poke|p2|Venusaur, L50, M|
|poke|p2|Sylveon, L50, M|
|teampreview|4
|showteam|p1|Scolipede||Scolipite|SpeedBoost|Protect,PoisonJab,LeechLife,SwordsDance|Adamant||F|||50|]Scrafty||Scraftinite|Intimidate|Protect,FakeOut,KnockOff,DrainPunch|Adamant||M|||50|]Sinistcha||KasibBerry|Hospitality|Protect,MatchaGotcha,TrickRoom,RagePowder|Bold|||||50|]Aerodactyl||FocusSash|Unnerve|Protect,Tailwind,RockSlide,DualWingbeat|Jolly||M|||50|]Sylveon||FairyFeather|Pixilate|Protect,CalmMind,HyperVoice,QuickAttack|Modest||F|||50|]Garchomp||ChoiceScarf|RoughSkin|DragonClaw,Earthquake,PoisonJab,RockSlide|Adamant||F|||50|
|showteam|p2|Camerupt||Cameruptite|MagmaArmor|AncientPower,HeatWave,EarthPower,Protect|Quiet||M|||50|]Vivillon||FocusSash|CompoundEyes|Hurricane,SleepPowder,RagePowder,Protect|Timid||F|||50|]Kingambit||BlackGlasses|Defiant|Protect,SwordsDance,KowtowCleave,SuckerPunch|Adamant||M|||50|]Farigiraf||SitrusBerry|ArmorTail|TrickRoom,Protect,Thunderbolt,PsychicFangs|Relaxed||F|||50|]Venusaur||Venusaurite|Overgrow|EnergyBall,EarthPower,SludgeBomb,Protect|Modest||M|||50|]Sylveon||LifeOrb|Pixilate|HyperBeam,HyperVoice,QuickAttack,Detect|Quiet||M|||50|
|
|t:|1783151370
|teamsize|p1|4
|teamsize|p2|4
|start
|switch|p1a: Scrafty|Scrafty, L50, M|100/100
|switch|p1b: Sylveon|Sylveon, L50, F|100/100
|switch|p2a: Camerupt|Camerupt, L50, M|100/100
|switch|p2b: Vivillon|Vivillon, L50, F|100/100
|-ability|p1a: Scrafty|Intimidate|boost
|-unboost|p2a: Camerupt|atk|1
|-unboost|p2b: Vivillon|atk|1
|turn|1
|
|t:|1783151398
|detailschange|p1a: Scrafty|Scrafty-Mega, L50, M
|-mega|p1a: Scrafty|Scrafty|Scraftinite
|-ability|p1a: Scrafty|Intimidate|boost
|-unboost|p2a: Camerupt|atk|1
|-unboost|p2b: Vivillon|atk|1
|detailschange|p2a: Camerupt|Camerupt-Mega, L50, M
|-mega|p2a: Camerupt|Camerupt|Cameruptite
|move|p2b: Vivillon|Protect|p2b: Vivillon
|-singleturn|p2b: Vivillon|Protect
|move|p2a: Camerupt|Protect|p2a: Camerupt
|-singleturn|p2a: Camerupt|Protect
|move|p1a: Scrafty|Fake Out|p2b: Vivillon
|-activate|p2b: Vivillon|move: Protect
|move|p1b: Sylveon|Calm Mind|p1b: Sylveon
|-boost|p1b: Sylveon|spa|1
|-boost|p1b: Sylveon|spd|1
|
|upkeep
|turn|2
|
|t:|1783151433
|move|p1b: Sylveon|Protect|p1b: Sylveon
|-singleturn|p1b: Sylveon|Protect
|move|p2b: Vivillon|Sleep Powder|p1b: Sylveon
|-activate|p1b: Sylveon|move: Protect
|move|p1a: Scrafty|Knock Off|p2b: Vivillon
|-enditem|p2b: Vivillon|Focus Sash
|-damage|p2b: Vivillon|1/100
|move|p2a: Camerupt|Heat Wave|p1b: Sylveon|[spread] 
|-activate|p1b: Sylveon|move: Protect
|-miss|p2a: Camerupt|p1a: Scrafty
|
|upkeep
|turn|3
|
|t:|1783151454
|move|p2b: Vivillon|Protect|p2b: Vivillon
|-singleturn|p2b: Vivillon|Protect
|move|p1a: Scrafty|Drain Punch|p2a: Camerupt
|-damage|p2a: Camerupt|61/100
|move|p1b: Sylveon|Hyper Voice|p2b: Vivillon|[spread] p2a
|-activate|p2b: Vivillon|move: Protect
|-resisted|p2a: Camerupt|1
|-damage|p2a: Camerupt|28/100
|move|p2a: Camerupt|Heat Wave|p1a: Scrafty|[spread] p1a,p1b
|-damage|p1a: Scrafty|50/100g
|-damage|p1b: Sylveon|72/100
|
|upkeep
|turn|4
|
|t:|1783151479
|switch|p2b: Sylveon|Sylveon, L50, M|100/100
|move|p2a: Camerupt|Protect|p2a: Camerupt
|-singleturn|p2a: Camerupt|Protect
|move|p1a: Scrafty|Drain Punch|p2b: Sylveon
|-resisted|p2b: Sylveon|1
|-damage|p2b: Sylveon|79/100
|-heal|p1a: Scrafty|63/100|[from] drain|[of] p2b: Sylveon
|move|p1b: Sylveon|Hyper Voice|p2b: Sylveon|[spread] p2b
|-activate|p2a: Camerupt|move: Protect
|-damage|p2b: Sylveon|22/100
|
|upkeep
|turn|5
|-message|mrangelacho forfeited.
|
|win|Athrys
|raw|Athrys's rating: 1045 → 1089(+44 for winning)
|raw|mrangelacho's rating: 1166 → 1133(-33 for losing)
|l|☆mrangelacho
|player|p2|
