|j|☆pistoiese1312
|j|☆javi fuego
|html|pistoiese1312javi fuego    
|uhtml|bestof|Game 1 of a best-of-3
|t:|1785766889
|gametype|doubles
|player|p1|pistoiese1312|169|1271
|player|p2|javi fuego|265|1345
|gen|9
|tier|[Gen 9 Champions] VGC 2026 Reg M-B (Bo3)
|rated|
|rule|Species Clause: Limit one of each Pokémon
|rule|Item Clause: Limit 1 of each item
|clearpoke
|poke|p1|Gengar, L50, F|
|poke|p1|Incineroar, L50, M|
|poke|p1|Floette-Eternal, L50, F|
|poke|p1|Kingambit, L50, M|
|poke|p1|Kommo-o, L50, F|
|poke|p1|Sneasler, L50, M|
|poke|p2|Raichu, L50, M|
|poke|p2|Floette-Eternal, L50, F|
|poke|p2|Sinistcha, L50|
|poke|p2|Ceruledge, L50, M|
|poke|p2|Milotic, L50, F|
|poke|p2|Incineroar, L50, F|
|teampreview|4
|showteam|p1|Gengar||Gengarite|CursedBody|ShadowBall,PerishSong,Substitute,Protect|Modest||F|||50|]Incineroar||PasshoBerry|Intimidate|FlareBlitz,PartingShot,FakeOut,Protect|Relaxed||M|||50|]Floette-Eternal||Floettite|FlowerVeil|LightofRuin,Moonblast,DazzlingGleam,Protect|Calm||F|||50|]Kingambit||BlackGlasses|Defiant|SuckerPunch,KowtowCleave,SwordsDance,Protect|Adamant||M|||50|]Kommo-o||Leftovers|Soundproof|AuraSphere,ClangingScales,ClangorousSoul,Protect|Modest||F|||50|]Sneasler||WhiteHerb|Unburden|DireClaw,CloseCombat,FakeOut,Protect|Adamant||M|||50|
|showteam|p2|Raichu||RaichuniteY|LightningRod|ZapCannon,FocusBlast,FakeOut,Protect|Timid||M|||50|]Floette-Eternal||Floettite|FlowerVeil|CalmMind,DazzlingGleam,DrainingKiss,Protect|Timid||F|||50|]Sinistcha||KasibBerry|Hospitality|MatchaGotcha,LifeDew,RagePowder,Protect|Relaxed|||||50|]Ceruledge||ColburBerry|FlashFire|BitterBlade,ShadowSneak,BulkUp,Protect|Adamant||M|||50|]Milotic||Leftovers|Competitive|MuddyWater,Coil,Hypnosis,Protect|Calm||F|||50|]Incineroar||SitrusBerry|Intimidate|FlareBlitz,ThroatChop,FakeOut,PartingShot|Impish||F|||50|
|
|t:|1785766956
|teamsize|p1|4
|teamsize|p2|4
|start
|switch|p1a: Kommo-o|Kommo-o, L50, F|100/100
|switch|p1b: Incineroar|Incineroar, L50, M|100/100
|switch|p2a: Raichu|Raichu, L50, M|100/100
|switch|p2b: Milotic|Milotic, L50, F|100/100
|-ability|p1b: Incineroar|Intimidate|boost
|-unboost|p2a: Raichu|atk|1
|-unboost|p2b: Milotic|atk|1
|-ability|p2b: Milotic|Competitive|boost
|-boost|p2b: Milotic|spa|2
|turn|1
|
|t:|1785766977
|detailschange|p2a: Raichu|Raichu-Mega-Y, L50, M
|-mega|p2a: Raichu|Raichu|Raichunite Y
|move|p1a: Kommo-o|Protect|p1a: Kommo-o
|-singleturn|p1a: Kommo-o|Protect
|move|p2a: Raichu|Fake Out|p1a: Kommo-o
|-activate|p1a: Kommo-o|move: Protect
|move|p2b: Milotic|Muddy Water|p1a: Kommo-o|[spread] p1b
|-activate|p1a: Kommo-o|move: Protect
|-supereffective|p1b: Incineroar|1
|-enditem|p1b: Incineroar|Passho Berry|[eat]
|-enditem|p1b: Incineroar|Passho Berry|[weaken]
|-damage|p1b: Incineroar|61/100
|move|p1b: Incineroar|Parting Shot|p2a: Raichu
|-unboost|p2a: Raichu|atk|1
|-unboost|p2a: Raichu|spa|1
|
|t:|1785766989
|switch|p1b: Sneasler|Sneasler, L50, M|100/100|[from] Parting Shot
|
|upkeep
|turn|2
|
|t:|1785767007
|move|p1b: Sneasler|Fake Out|p2b: Milotic
|-damage|p2b: Milotic|86/100
|move|p2a: Raichu|Zap Cannon|p1b: Sneasler
|-damage|p1b: Sneasler|45/100
|-status|p1b: Sneasler|par
|move|p1a: Kommo-o|Clangorous Soul|p1a: Kommo-o
|-boost|p1a: Kommo-o|atk|1
|-boost|p1a: Kommo-o|def|1
|-boost|p1a: Kommo-o|spa|1
|-boost|p1a: Kommo-o|spd|1
|-boost|p1a: Kommo-o|spe|1
|-damage|p1a: Kommo-o|67/100
|cant|p2b: Milotic|flinch
|
|-heal|p1a: Kommo-o|73/100|[from] item: Leftovers
|-heal|p2b: Milotic|92/100|[from] item: Leftovers
|upkeep
|turn|3
|
|t:|1785767024
|move|p1a: Kommo-o|Protect|p1a: Kommo-o
|-singleturn|p1a: Kommo-o|Protect
|move|p2a: Raichu|Zap Cannon|p1a: Kommo-o
|-activate|p1a: Kommo-o|move: Protect
|move|p2b: Milotic|Muddy Water|p1b: Sneasler|[spread] p1b
|-activate|p1a: Kommo-o|move: Protect
|-damage|p1b: Sneasler|0 fnt
|faint|p1b: Sneasler
|
|-heal|p1a: Kommo-o|79/100|[from] item: Leftovers
|-heal|p2b: Milotic|98/100|[from] item: Leftovers
|upkeep
|
|t:|1785767035
|switch|p1b: Incineroar|Incineroar, L50, M|61/100
|-ability|p1b: Incineroar|Intimidate|boost
|-unboost|p2a: Raichu|atk|1
|-unboost|p2b: Milotic|atk|1
|-ability|p2b: Milotic|Competitive|boost
|-boost|p2b: Milotic|spa|2
|turn|4
|
|t:|1785767050
|move|p1b: Incineroar|Fake Out|p2a: Raichu
|-damage|p2a: Raichu|83/100
|cant|p2a: Raichu|flinch
|move|p1a: Kommo-o|Clangorous Soul|p1a: Kommo-o
|-boost|p1a: Kommo-o|atk|1
|-boost|p1a: Kommo-o|def|1
|-boost|p1a: Kommo-o|spa|1
|-boost|p1a: Kommo-o|spd|1
|-boost|p1a: Kommo-o|spe|1
|-damage|p1a: Kommo-o|46/100
|move|p2b: Milotic|Muddy Water|p1b: Incineroar|[spread] p1b
|-miss|p2b: Milotic|p1a: Kommo-o
|-supereffective|p1b: Incineroar|1
|-damage|p1b: Incineroar|0 fnt
|faint|p1b: Incineroar
|
|-heal|p1a: Kommo-o|52/100|[from] item: Leftovers
|-heal|p2b: Milotic|100/100|[from] item: Leftovers
|upkeep
|
|t:|1785767065
|switch|p1b: Floette|Floette-Eternal, L50, F|100/100
|turn|5
|
|t:|1785767075
|detailschange|p1b: Floette|Floette-Mega, L50, F
|-mega|p1b: Floette|Floette|Floettite
|-ability|p1b: Floette|Fairy Aura
|move|p1a: Kommo-o|Clanging Scales|p2a: Raichu|[spread] p2a,p2b
|-damage|p2a: Raichu|0 fnt
|-damage|p2b: Milotic|51/100
|faint|p2a: Raichu
|-unboost|p1a: Kommo-o|def|1
|move|p1b: Floette|Moonblast|p2b: Milotic
|-damage|p2b: Milotic|2/100
|-unboost|p2b: Milotic|spa|1
|-ability|p2b: Milotic|Competitive|boost
|-boost|p2b: Milotic|spa|2
|move|p2b: Milotic|Muddy Water|p1b: Floette|[spread] p1a
|-miss|p2b: Milotic|p1b: Floette
|-resisted|p1a: Kommo-o|1
|-damage|p1a: Kommo-o|32/100
|
|-heal|p1a: Kommo-o|39/100|[from] item: Leftovers
|-heal|p2b: Milotic|8/100|[from] item: Leftovers
|upkeep
|
|t:|1785767093
|switch|p2a: Incineroar|Incineroar, L50, F|100/100
|-ability|p2a: Incineroar|Intimidate|boost
|-unboost|p1a: Kommo-o|atk|1
|-unboost|p1b: Floette|atk|1
|turn|6
|
|t:|1785767122
|move|p1a: Kommo-o|Protect|p1a: Kommo-o
|-singleturn|p1a: Kommo-o|Protect
|move|p1b: Floette|Protect|p1b: Floette
|-singleturn|p1b: Floette|Protect
|move|p2b: Milotic|Protect|p2b: Milotic
|-singleturn|p2b: Milotic|Protect
|move|p2a: Incineroar|Parting Shot|p1a: Kommo-o
|-activate|p1a: Kommo-o|move: Protect
|
|-heal|p1a: Kommo-o|45/100|[from] item: Leftovers
|-heal|p2b: Milotic|14/100|[from] item: Leftovers
|upkeep
|turn|7
|
|t:|1785767144
|move|p2b: Milotic|Protect||[still]
|-fail|p2b: Milotic
|move|p1a: Kommo-o|Clanging Scales|p2b: Milotic|[spread] p2a,p2b
|-damage|p2a: Incineroar|25/100
|-damage|p2b: Milotic|0 fnt
|-enditem|p2a: Incineroar|Sitrus Berry|[eat]
|-heal|p2a: Incineroar|50/100y|[from] item: Sitrus Berry
|faint|p2b: Milotic
|-unboost|p1a: Kommo-o|def|1
|move|p1b: Floette|Light of Ruin|p2a: Incineroar
|-damage|p2a: Incineroar|0 fnt
|faint|p2a: Incineroar
|-damage|p1b: Floette|66/100|[from] Recoil
|
|-heal|p1a: Kommo-o|51/100|[from] item: Leftovers
|upkeep
|-message|javi fuego forfeited.
|
|win|pistoiese1312
||javi fuego is ready for game 2.
|inactive|pistoiese1312 has 30 seconds to confirm battle start!
||pistoiese1312 is ready for game 2.
|uhtml|next|Next: Game 2 of 3
