|j|☆plantta
|j|☆ElravinoZ
|html|planttaElravinoZ    
|uhtml|bestof|Game 1 of a best-of-3
|t:|1782410311
|gametype|doubles
|player|p1|plantta|gentleman-gen4|1046
|player|p2|ElravinoZ|hilbert|1102
|gen|9
|tier|[Gen 9 Champions] VGC 2026 Reg M-B (Bo3)
|rated|
|rule|Species Clause: Limit one of each Pokémon
|rule|Item Clause: Limit 1 of each item
|clearpoke
|poke|p1|Whimsicott, L50, F|
|poke|p1|Basculegion, L50, M|
|poke|p1|Metagross, L50|
|poke|p1|Blaziken, L50, F|
|poke|p1|Sableye, L50, F|
|poke|p1|Sylveon, L50, M|
|poke|p2|Whimsicott, L50, M|
|poke|p2|Aegislash, L50, M|
|poke|p2|Kangaskhan, L50, F|
|poke|p2|Scrafty, L50, F|
|poke|p2|Sinistcha, L50|
|poke|p2|Barbaracle, L50, F|
|teampreview|4
|showteam|p1|Whimsicott||FocusSash|Prankster|EnergyBall,CottonSpore,HelpingHand,Taunt|Bold||F|||50|]Basculegion||MysticWater|Adaptability|LastRespects,WaveCrash,AquaJet,Protect|Adamant||M|||50|]Metagross||Metagrossite|ClearBody|MeteorMash,PsychicFangs,BulletPunch,IcePunch|Jolly|||||50|]Blaziken||Blazikenite|SpeedBoost|Protect,FlareBlitz,RockSlide,CloseCombat|Adamant||F|||50|]Sableye||MentalHerb|Prankster|Encore,ThunderWave,FakeOut,KnockOff|Adamant||F|||50|]Sylveon||FairyFeather|Pixilate|HyperVoice,QuickAttack,HyperBeam,Detect|Modest||M|||50|
|showteam|p2|Whimsicott||FocusSash|Prankster|Tailwind,Encore,Moonblast,WorrySeed|Timid||M|||50|]Aegislash||SpellTag|StanceChange|KingsShield,SwordsDance,ShadowSneak,IronHead|Adamant||M|||50|]Kangaskhan||LifeOrb|Scrappy|FakeOut,LastResort|Adamant||F|||50|]Scrafty||Scraftinite|Intimidate|Detect,BrickBreak,FakeOut,KnockOff|Impish||F|||50|]Sinistcha||Leftovers|Hospitality|MatchaGotcha,LifeDew,StrengthSap,RagePowder|Bold|||||50|]Barbaracle||Barbaracite|ToughClaws|ShellSmash,RockSlide,Protect,BrickBreak|Jolly||F|||50|
|inactive|Battle timer is ON: inactive players will automatically lose when time's up. (requested by plantta)
|inactive|ElravinoZ has 60 seconds left.
|inactive|ElravinoZ has 30 seconds left.
|
|t:|1782410435
|teamsize|p1|4
|teamsize|p2|4
|start
|switch|p1a: Blaziken|Blaziken, L50, F|100/100
|switch|p1b: Sableye|Sableye, L50, F|100/100
|switch|p2a: Kangaskhan|Kangaskhan, L50, F|100/100
|switch|p2b: Aegislash|Aegislash, L50, M|100/100
|turn|1
|inactive|plantta has 30 seconds left.
|
|t:|1782410468
|detailschange|p1a: Blaziken|Blaziken-Mega, L50, F
|-mega|p1a: Blaziken|Blaziken|Blazikenite
|move|p1a: Blaziken|Protect|p1a: Blaziken
|-singleturn|p1a: Blaziken|Protect
|move|p2a: Kangaskhan|Fake Out|p1b: Sableye
|-crit|p1b: Sableye
|-damage|p1b: Sableye|52/100
|-damage|p2a: Kangaskhan|90/100|[from] item: Life Orb
|cant|p1b: Sableye|flinch
|move|p2b: Aegislash|Swords Dance|p2b: Aegislash
|-boost|p2b: Aegislash|atk|2
|
|-ability|p1a: Blaziken|Speed Boost|boost
|-boost|p1a: Blaziken|spe|1
|upkeep
|turn|2
|inactive|plantta has 30 seconds left.
|inactive|ElravinoZ has 30 seconds left.
|
|t:|1782410500
|switch|p2a: Scrafty|Scrafty, L50, F|100/100
|-ability|p2a: Scrafty|Intimidate|boost
|-unboost|p1a: Blaziken|atk|1
|-unboost|p1b: Sableye|atk|1
|move|p2b: Aegislash|King's Shield|p2b: Aegislash
|-singleturn|p2b: Aegislash|Protect
|move|p1a: Blaziken|Close Combat|p2a: Scrafty
|-supereffective|p2a: Scrafty|1
|-damage|p2a: Scrafty|1/100
|-unboost|p1a: Blaziken|def|1
|-unboost|p1a: Blaziken|spd|1
|move|p1b: Sableye|Knock Off|p2b: Aegislash
|-activate|p2b: Aegislash|move: Protect
|-unboost|p1b: Sableye|atk|1
|
|-ability|p1a: Blaziken|Speed Boost|boost
|-boost|p1a: Blaziken|spe|1
|upkeep
|turn|3
|inactive|plantta has 30 seconds left.
|inactive|ElravinoZ has 30 seconds left.
|
|t:|1782410532
|switch|p1b: Sylveon|Sylveon, L50, M|100/100
|detailschange|p2a: Scrafty|Scrafty-Mega, L50, F
|-mega|p2a: Scrafty|Scrafty|Scraftinite
|-ability|p2a: Scrafty|Intimidate|boost
|-unboost|p1a: Blaziken|atk|1
|-unboost|p1b: Sylveon|atk|1
|move|p2a: Scrafty|Fake Out|p1a: Blaziken
|-damage|p1a: Blaziken|70/100
|-formechange|p2b: Aegislash|Aegislash-Blade|
|move|p2b: Aegislash|Shadow Sneak|p1b: Sylveon
|-damage|p1b: Sylveon|11/100
|cant|p1a: Blaziken|flinch
|
|-ability|p1a: Blaziken|Speed Boost|boost
|-boost|p1a: Blaziken|spe|1
|upkeep
|turn|4
|inactive|ElravinoZ has 30 seconds left.
|inactive|ElravinoZ has 20 seconds left.
|
|t:|1782410572
|move|p2a: Scrafty|Detect|p2a: Scrafty
|-singleturn|p2a: Scrafty|Protect
|move|p1b: Sylveon|Quick Attack|p2a: Scrafty
|-activate|p2a: Scrafty|move: Protect
|move|p2b: Aegislash|Shadow Sneak|p1b: Sylveon
|-damage|p1b: Sylveon|0 fnt
|faint|p1b: Sylveon
|move|p1a: Blaziken|Flare Blitz|p2b: Aegislash
|-supereffective|p2b: Aegislash|1
|-damage|p2b: Aegislash|0 fnt
|faint|p2b: Aegislash
|-damage|p1a: Blaziken|35/100|[from] Recoil
|
|-ability|p1a: Blaziken|Speed Boost|boost
|-boost|p1a: Blaziken|spe|1
|upkeep
|
|t:|1782410592
|switch|p1b: Sableye|Sableye, L50, F|52/100
|switch|p2b: Sinistcha|Sinistcha, L50|100/100
|-heal|p2a: Scrafty|25/100|[from] ability: Hospitality|[of] p2b: Sinistcha
|turn|5
|inactive|ElravinoZ has 30 seconds left.
|
|t:|1782410620
|switch|p2a: Kangaskhan|Kangaskhan, L50, F|90/100
|move|p1b: Sableye|Fake Out|p2a: Kangaskhan
|-damage|p2a: Kangaskhan|78/100
|move|p1a: Blaziken|Flare Blitz|p2b: Sinistcha
|-supereffective|p2b: Sinistcha|1
|-damage|p2b: Sinistcha|48/100
|-damage|p1a: Blaziken|15/100|[from] Recoil
|move|p2b: Sinistcha|Strength Sap|p1a: Blaziken
|-unboost|p1a: Blaziken|atk|1
|-heal|p2b: Sinistcha|100/100
|
|-ability|p1a: Blaziken|Speed Boost|boost
|-boost|p1a: Blaziken|spe|1
|upkeep
|turn|6
|
|t:|1782410644
|switch|p1a: Basculegion|Basculegion, L50, M|100/100
|move|p2a: Kangaskhan|Fake Out|p1b: Sableye
|-damage|p1b: Sableye|19/100
|-damage|p2a: Kangaskhan|68/100|[from] item: Life Orb
|move|p2b: Sinistcha|Rage Powder|p2b: Sinistcha
|-singleturn|p2b: Sinistcha|move: Rage Powder
|cant|p1b: Sableye|flinch
|
|upkeep
|turn|7
|
|t:|1782410667
|switch|p2a: Scrafty|Scrafty-Mega, L50, F|25/100
|-ability|p2a: Scrafty|Intimidate|boost
|-unboost|p1a: Basculegion|atk|1
|-unboost|p1b: Sableye|atk|1
|move|p1b: Sableye|Thunder Wave|p2a: Scrafty
|-hint|Since gen 7, Dark is immune to Prankster moves.
|-immune|p2a: Scrafty
|move|p1a: Basculegion|Last Respects|p2b: Sinistcha
|-supereffective|p2b: Sinistcha|1
|-damage|p2b: Sinistcha|30/100
|move|p2b: Sinistcha|Matcha Gotcha|p1a: Basculegion|[spread] p1a,p1b
|-supereffective|p1a: Basculegion|1
|-damage|p1a: Basculegion|49/100
|-heal|p2b: Sinistcha|62/100|[from] drain|[of] p1a: Basculegion
|-damage|p1b: Sableye|0 fnt
|-heal|p2b: Sinistcha|71/100|[from] drain|[of] p1b: Sableye
|faint|p1b: Sableye
|
|-heal|p2b: Sinistcha|77/100|[from] item: Leftovers
|upkeep
|
|t:|1782410686
|switch|p1b: Blaziken|Blaziken-Mega, L50, F|15/100
|turn|8
|
|t:|1782410708
|move|p2a: Scrafty|Fake Out|p1b: Blaziken
|-damage|p1b: Blaziken|0 fnt
|faint|p1b: Blaziken
|move|p1a: Basculegion|Aqua Jet|p2a: Scrafty
|-damage|p2a: Scrafty|5/100
|move|p2b: Sinistcha|Matcha Gotcha|p1a: Basculegion
|-supereffective|p1a: Basculegion|1
|-damage|p1a: Basculegion|0 fnt
|-heal|p2b: Sinistcha|100/100|[from] drain|[of] p1a: Basculegion
|faint|p1a: Basculegion
|
|win|ElravinoZ
||plantta is ready for game 2.
|inactive|ElravinoZ has 30 seconds to confirm battle start!
