|j|☆diplozoon
|j|☆jANMxRin
|html|diplozoonjANMxRin    
|uhtml|bestof|Game 1 of a best-of-3
|t:|1756873601
|gametype|doubles
|player|p1|diplozoon|266|1084
|player|p2|jANMxRin|acerola-masters|1109
|gen|9
|tier|[Gen 9] VGC 2025 Reg H (Bo3)
|rated|
|rule|Species Clause: Limit one of each Pokémon
|rule|Item Clause: Limit 1 of each item
|clearpoke
|poke|p1|Ursaluna, L50, F|
|poke|p1|Jumpluff, L50, F|
|poke|p1|Charizard, L50, M|
|poke|p1|Torkoal, L50, M|
|poke|p1|Incineroar, L50, F|
|poke|p1|Porygon2, L50|
|poke|p2|Corviknight, L50, M|
|poke|p2|Tyranitar, L50, M|
|poke|p2|Garchomp, L50, F|
|poke|p2|Gholdengo, L50|
|poke|p2|Primarina, L50, F|
|poke|p2|Annihilape, L50, M|
|teampreview|4
|showteam|p1|Ursaluna||FlameOrb|Guts|HeadlongRush,Facade,Earthquake,Protect|||F|||50|,,,,,Ghost]Jumpluff||CovertCloak|Chlorophyll|SleepPowder,SunnyDay,Tailwind,RagePowder|||F|||50|,,,,,Fire]Charizard||ChoiceSpecs|SolarPower|DragonPulse,HeatWave,Overheat,WeatherBall|||M|||50|,,,,,Ghost]Torkoal||EjectPack|Drought|ClearSmog,Eruption,Overheat,Protect|||M|||50|,,,,,Fire]Incineroar||SitrusBerry|Intimidate|FakeOut,FlareBlitz,KnockOff,PartingShot|||F|||50|,,,,,Ghost]Porygon2||Eviolite|Download|TeraBlast,IceBeam,Recover,TrickRoom||||||50|,,,,,Fighting
|showteam|p2|Corviknight||Leftovers|MirrorArmor|BraveBird,BulkUp,Roost,Tailwind|||M|||50|,,,,,Dragon]Tyranitar||AssaultVest|SandStream|RockSlide,KnockOff,LowKick,TeraBlast|||M|||50|,,,,,Flying]Garchomp||LifeOrb|RoughSkin|Protect,DragonClaw,StompingTantrum,Earthquake|||F|||50|,,,,,Fairy]Gholdengo||MetalCoat|GoodasGold|MakeItRain,ShadowBall,NastyPlot,Protect||||||50|,,,,,Water]Primarina||SitrusBerry|LiquidVoice|HyperVoice,Moonblast,Haze,Protect|||F|||50|,,,,,Grass]Annihilape||SafetyGoggles|Defiant|CloseCombat,FinalGambit,RageFist,Taunt|||M|||50|,,,,,Water
|inactive|Battle timer is ON: inactive players will automatically lose when time's up. (requested by diplozoon)
|inactive|diplozoon has 60 seconds left.
|inactive|jANMxRin has 60 seconds left.
|
|t:|1756873646
|teamsize|p1|4
|teamsize|p2|4
|start
|switch|p1a: Porygon2|Porygon2, L50|100/100
|switch|p1b: Torkoal|Torkoal, L50, M|100/100
|switch|p2a: Garchomp|Garchomp, L50, F|100/100
|switch|p2b: Annihilape|Annihilape, L50, M|100/100
|-ability|p1a: Porygon2|Download|boost
|-boost|p1a: Porygon2|spa|1
|-weather|SunnyDay|[from] ability: Drought|[of] p1b: Torkoal
|turn|1
|inactive|diplozoon has 30 seconds left.
|inactive|jANMxRin has 30 seconds left.
|inactive|jANMxRin has 20 seconds left.
|inactive|jANMxRin has 15 seconds left.
|
|t:|1756873690
|-terastallize|p1a: Porygon2|Fighting
|move|p2a: Garchomp|Stomping Tantrum|p1b: Torkoal
|-supereffective|p1b: Torkoal
|-damage|p1b: Torkoal|24/100
|-damage|p2a: Garchomp|91/100|[from] item: Life Orb
|move|p2b: Annihilape|Close Combat|p1a: Porygon2
|-damage|p1a: Porygon2|72/100
|-unboost|p2b: Annihilape|def|1
|-unboost|p2b: Annihilape|spd|1
|move|p1b: Torkoal|Overheat|p2b: Annihilape
|-damage|p2b: Annihilape|0 fnt
|-unboost|p1b: Torkoal|spa|2
|faint|p2b: Annihilape
|-enditem|p1b: Torkoal|Eject Pack
|
|t:|1756873702
|switch|p1b: Ursaluna|Ursaluna, L50, F|100/100
|move|p1a: Porygon2|Trick Room|p1a: Porygon2
|-fieldstart|move: Trick Room|[of] p1a: Porygon2
|
|-weather|SunnyDay|[upkeep]
|-status|p1b: Ursaluna|brn|[from] item: Flame Orb
|upkeep
|
|t:|1756873726
|switch|p2b: Tyranitar|Tyranitar, L50, M|100/100
|-weather|Sandstorm|[from] ability: Sand Stream|[of] p2b: Tyranitar
|turn|2
|inactive|jANMxRin has 30 seconds left.
|
|t:|1756873758
|-terastallize|p2b: Tyranitar|Flying
|move|p2a: Garchomp|Protect|p2a: Garchomp
|-singleturn|p2a: Garchomp|Protect
|move|p2b: Tyranitar|Low Kick|p1b: Ursaluna
|-supereffective|p1b: Ursaluna
|-damage|p1b: Ursaluna|31/100 brn
|move|p1a: Porygon2|Tera Blast|p2b: Tyranitar|[anim] Tera Blast Fighting
|-resisted|p2b: Tyranitar
|-damage|p2b: Tyranitar|84/100
|move|p1b: Ursaluna|Facade|p2b: Tyranitar
|-damage|p2b: Tyranitar|0 fnt
|faint|p2b: Tyranitar
|
|-weather|Sandstorm|[upkeep]
|-damage|p1a: Porygon2|66/100|[from] Sandstorm
|-damage|p1b: Ursaluna|25/100 brn|[from] brn
|upkeep
|
|t:|1756873773
|switch|p2b: Primarina|Primarina, L50, F|100/100
|turn|3
|inactive|diplozoon has 30 seconds left.
|
|t:|1756873806
|move|p2a: Garchomp|Protect||[still]
|-fail|p2a: Garchomp
|move|p1a: Porygon2|Tera Blast|p2b: Primarina|[anim] Tera Blast Fighting
|-resisted|p2b: Primarina
|-damage|p2b: Primarina|77/100
|move|p2b: Primarina|Hyper Voice|p1b: Ursaluna|[spread] p1a,p1b
|-supereffective|p1b: Ursaluna
|-damage|p1a: Porygon2|42/100
|-damage|p1b: Ursaluna|0 fnt
|faint|p1b: Ursaluna
|
|-weather|Sandstorm|[upkeep]
|-damage|p1a: Porygon2|36/100|[from] Sandstorm
|-damage|p2b: Primarina|71/100|[from] Sandstorm
|upkeep
|
|t:|1756873813
|switch|p1b: Torkoal|Torkoal, L50, M|24/100
|-weather|SunnyDay|[from] ability: Drought|[of] p1b: Torkoal
|turn|4
|
|t:|1756873835
|move|p2a: Garchomp|Protect|p2a: Garchomp
|-singleturn|p2a: Garchomp|Protect
|move|p1b: Torkoal|Overheat|p2b: Primarina
|-resisted|p2b: Primarina
|-damage|p2b: Primarina|34/100
|-unboost|p1b: Torkoal|spa|2
|-enditem|p2b: Primarina|Sitrus Berry|[eat]
|-heal|p2b: Primarina|59/100|[from] item: Sitrus Berry
|move|p1a: Porygon2|Ice Beam|p2a: Garchomp
|-activate|p2a: Garchomp|move: Protect
|move|p2b: Primarina|Hyper Voice|p1a: Porygon2|[spread] p1a,p1b
|-supereffective|p1b: Torkoal
|-damage|p1a: Porygon2|24/100
|-damage|p1b: Torkoal|0 fnt
|faint|p1b: Torkoal
|
|-weather|SunnyDay|[upkeep]
|upkeep
|
|t:|1756873837
|switch|p1b: Charizard|Charizard, L50, M|100/100
|turn|5
|inactive|jANMxRin has 30 seconds left.
|inactive|jANMxRin has 20 seconds left.
|inactive|jANMxRin has 15 seconds left.
|inactive|jANMxRin has 10 seconds left.
|inactive|jANMxRin has 5 seconds left.
|
|t:|1756873888
|move|p2b: Primarina|Protect|p2b: Primarina
|-singleturn|p2b: Primarina|Protect
|move|p2a: Garchomp|Protect|p2a: Garchomp
|-singleturn|p2a: Garchomp|Protect
|move|p1a: Porygon2|Ice Beam|p2a: Garchomp
|-activate|p2a: Garchomp|move: Protect
|move|p1b: Charizard|Overheat|p2b: Primarina
|-activate|p2b: Primarina|move: Protect
|
|-weather|SunnyDay|[upkeep]
|-damage|p1b: Charizard|88/100|[from] ability: Solar Power|[of] p1b: Charizard
|-fieldend|move: Trick Room
|upkeep
|turn|6
|inactive|jANMxRin has 30 seconds left.
|inactive|jANMxRin has 20 seconds left.
|inactive|jANMxRin has 15 seconds left.
|
|t:|1756873930
|move|p2a: Garchomp|Dragon Claw|p1a: Porygon2
|-damage|p1a: Porygon2|0 fnt
|faint|p1a: Porygon2
|-damage|p2a: Garchomp|81/100|[from] item: Life Orb
|move|p1b: Charizard|Overheat|p2b: Primarina|[miss]
|-miss|p1b: Charizard|p2b: Primarina
|move|p2b: Primarina|Hyper Voice|p1b: Charizard
|-supereffective|p1b: Charizard
|-damage|p1b: Charizard|20/100
|
|-weather|SunnyDay|[upkeep]
|-damage|p1b: Charizard|8/100|[from] ability: Solar Power|[of] p1b: Charizard
|upkeep
|turn|7
|-message|diplozoon forfeited.
|
|win|jANMxRin
||diplozoon is ready for game 2.
||jANMxRin is ready for game 2.
|uhtml|next|Next: Game 2 of 3
|l|☆diplozoon
|player|p1|
|l|☆jANMxRin
|player|p2|
|j|☆jANMxRin
|player|p2|jANMxRin|acerola-masters|
