|j|☆teh_umby
|j|☆okkoso
|html|teh_umbyokkoso    
|uhtml|bestof|Game 1 of a best-of-3
|t:|1756394073
|gametype|doubles
|player|p1|teh_umby|clair|1038
|player|p2|okkoso|waiter-gen4dp|1000
|gen|9
|tier|[Gen 9] VGC 2025 Reg H (Bo3)
|rated|
|rule|Species Clause: Limit one of each Pokémon
|rule|Item Clause: Limit 1 of each item
|clearpoke
|poke|p1|Dragonite, L50, M|
|poke|p1|Corviknight, L50, M|
|poke|p1|Electabuzz, L50, F|
|poke|p1|Primarina, L50, M|
|poke|p1|Decidueye-Hisui, L50, M|
|poke|p1|Typhlosion-Hisui, L50, M|
|poke|p2|Incineroar, L50, M|
|poke|p2|Gholdengo, L50|
|poke|p2|Dragonite, L50, M|
|poke|p2|Amoonguss, L50, M|
|poke|p2|Ursaluna-Bloodmoon, L50, M|
|poke|p2|Sneasler, L50, F|
|teampreview|4
|showteam|p1|Dragonite||LoadedDice|Multiscale|DragonDance,ExtremeSpeed,Protect,ScaleShot|||M|||50|,,,,,Poison]Corviknight||Leftovers|MirrorArmor|BraveBird,Protect,Roost,Tailwind|||M|||50|,,,,,Dragon]Electabuzz||Eviolite|VitalSpirit|Electroweb,FollowMe,HelpingHand,Taunt|||F|||50|,,,,,Ghost]Primarina||ThroatSpray|LiquidVoice|DazzlingGleam,HyperVoice,Moonblast,Protect|||M|||50|,,,,,Poison]Decidueye-Hisui||SitrusBerry|Scrappy|BulkUp,LeafBlade,Protect,TripleArrows|||M|||50|,,,,,Fire]Typhlosion-Hisui||ChoiceScarf|Blaze|Eruption,HeatWave,Overheat,ShadowBall|||M|||50|,,,,,Fire
|showteam|p2|Incineroar||SafetyGoggles|Intimidate|FlareBlitz,KnockOff,PartingShot,FakeOut|||M|||50|,,,,,Ghost]Gholdengo||LifeOrb|GoodasGold|MakeItRain,ShadowBall,NastyPlot,Protect||||||50|,,,,,Water]Dragonite||LoadedDice|Multiscale|ScaleShot,Tailwind,Haze,Protect|||M|||50|,,,,,Fairy]Amoonguss||SitrusBerry|Regenerator|Spore,RagePowder,PollenPuff,Protect|||M|||50|,,,,,Psychic]Ursaluna-Bloodmoon||AssaultVest|MindsEye|HyperVoice,BloodMoon,EarthPower,VacuumWave|||M|||50|,,,,,Water]Sneasler||FocusSash|Unburden|CloseCombat,DireClaw,ThroatChop,Protect|||F|||50|,,,,,Stellar
|inactive|Battle timer is ON: inactive players will automatically lose when time's up. (requested by teh_umby)
|inactive|teh_umby has 60 seconds left.
|
|t:|1756394130
|teamsize|p1|4
|teamsize|p2|4
|start
|switch|p1a: Decidueye|Decidueye-Hisui, L50, M|100/100
|switch|p1b: Typhlosion|Typhlosion-Hisui, L50, M|100/100
|switch|p2a: Incineroar|Incineroar, L50, M|100/100
|switch|p2b: Sneasler|Sneasler, L50, F|100/100
|-ability|p2a: Incineroar|Intimidate|boost
|-fail|p1a: Decidueye|unboost|Attack|[from] ability: Scrappy|[of] p1a: Decidueye
|-unboost|p1b: Typhlosion|atk|1
|turn|1
|inactive|teh_umby has 30 seconds left.
|inactive|teh_umby has 20 seconds left.
|inactive|teh_umby has 15 seconds left.
|
|t:|1756394174
|switch|p1b: Primarina|Primarina, L50, M|100/100
|move|p2a: Incineroar|Fake Out|p1b: Primarina
|-damage|p1b: Primarina|87/100
|move|p2b: Sneasler|Dire Claw|p1b: Primarina
|-supereffective|p1b: Primarina
|-damage|p1b: Primarina|0 fnt
|faint|p1b: Primarina
|move|p1a: Decidueye|Triple Arrows|p2a: Incineroar
|-supereffective|p2a: Incineroar
|-damage|p2a: Incineroar|17/100
|
|upkeep
|
|t:|1756394187
|switch|p1b: Electabuzz|Electabuzz, L50, F|100/100
|turn|2
|
|t:|1756394201
|move|p2b: Sneasler|Dire Claw|p1a: Decidueye
|-supereffective|p1a: Decidueye
|-damage|p1a: Decidueye|12/100
|-enditem|p1a: Decidueye|Sitrus Berry|[eat]
|-heal|p1a: Decidueye|37/100|[from] item: Sitrus Berry
|move|p1b: Electabuzz|Electroweb|p2b: Sneasler|[spread] p2a,p2b
|-damage|p2a: Incineroar|6/100
|-damage|p2b: Sneasler|81/100
|-unboost|p2a: Incineroar|spe|1
|-unboost|p2b: Sneasler|spe|1
|move|p1a: Decidueye|Triple Arrows|p2a: Incineroar
|-supereffective|p2a: Incineroar
|-damage|p2a: Incineroar|0 fnt
|faint|p2a: Incineroar
|
|upkeep
|
|t:|1756394216
|switch|p2a: Dragonite|Dragonite, L50, M|100/100
|turn|3
|
|t:|1756394230
|-terastallize|p2a: Dragonite|Fairy
|move|p1a: Decidueye|Protect|p1a: Decidueye
|-singleturn|p1a: Decidueye|Protect
|move|p2a: Dragonite|Scale Shot|p1a: Decidueye
|-activate|p1a: Decidueye|move: Protect
|move|p2b: Sneasler|Dire Claw|p1b: Electabuzz
|-damage|p1b: Electabuzz|71/100
|move|p1b: Electabuzz|Electroweb|p2b: Sneasler|[spread] p2b
|-miss|p1b: Electabuzz|p2a: Dragonite
|-damage|p2b: Sneasler|60/100
|-unboost|p2b: Sneasler|spe|1
|
|upkeep
|turn|4
|inactive|teh_umby has 30 seconds left.
|
|t:|1756394260
|move|p1b: Electabuzz|Follow Me|p1b: Electabuzz
|-singleturn|p1b: Electabuzz|move: Follow Me
|move|p2a: Dragonite|Scale Shot|p1b: Electabuzz
|-damage|p1b: Electabuzz|60/100
|-damage|p1b: Electabuzz|48/100
|-damage|p1b: Electabuzz|38/100
|-damage|p1b: Electabuzz|27/100
|-damage|p1b: Electabuzz|17/100
|-hitcount|p1b: Electabuzz|5
|-unboost|p2a: Dragonite|def|1
|-boost|p2a: Dragonite|spe|1
|move|p2b: Sneasler|Dire Claw|p1b: Electabuzz
|-crit|p1b: Electabuzz
|-damage|p1b: Electabuzz|0 fnt
|faint|p1b: Electabuzz
|move|p1a: Decidueye|Leaf Blade|p2a: Dragonite
|-damage|p2a: Dragonite|68/100
|
|upkeep
|
|t:|1756394277
|switch|p1b: Typhlosion|Typhlosion-Hisui, L50, M|100/100
|turn|5
|
|t:|1756394290
|-terastallize|p1b: Typhlosion|Fire
|move|p1b: Typhlosion|Eruption|p2b: Sneasler|[spread] p2a,p2b
|-damage|p2a: Dragonite|0 fnt
|-damage|p2b: Sneasler|0 fnt
|faint|p2a: Dragonite
|faint|p2b: Sneasler
|move|p1a: Decidueye|Leaf Blade|p2: Dragonite|[notarget]
|-fail|p1a: Decidueye
|
|upkeep
|
|t:|1756394297
|switch|p2b: Gholdengo|Gholdengo, L50|100/100
|turn|6
|
|t:|1756394304
|move|p1b: Typhlosion|Eruption|p2b: Gholdengo
|-supereffective|p2b: Gholdengo
|-damage|p2b: Gholdengo|0 fnt
|faint|p2b: Gholdengo
|
|win|teh_umby
||teh_umby is ready for game 2.
