|j|☆beni_9
|j|☆NotThinkingVGC
|html|beni_9NotThinkingVGC    
|uhtml|bestof|Game 1 of a best-of-3
|t:|1783682393
|gametype|doubles
|player|p1|beni_9|alder|1187
|player|p2|NotThinkingVGC|volkner|1296
|gen|9
|tier|[Gen 9 Champions] VGC 2026 Reg M-B (Bo3)
|rated|
|rule|Species Clause: Limit one of each Pokémon
|rule|Item Clause: Limit 1 of each item
|clearpoke
|poke|p1|Sinistcha, L50|
|poke|p1|Incineroar, L50, M|
|poke|p1|Milotic, L50, M|
|poke|p1|Raichu, L50, M|
|poke|p1|Floette-Eternal, L50, F|
|poke|p1|Ceruledge, L50, M|
|poke|p2|Delphox, L50, F|
|poke|p2|Incineroar, L50, F|
|poke|p2|Maushold-Four, L50|
|poke|p2|Sinistcha, L50|
|poke|p2|Sneasler, L50, F|
|poke|p2|Blastoise, L50, M|
|teampreview|4
|showteam|p1|Sinistcha||KasibBerry|Hospitality|MatchaGotcha,LifeDew,RagePowder,Protect|Relaxed|||||50|]Incineroar||SitrusBerry|Intimidate|FlareBlitz,ThroatChop,FakeOut,PartingShot|Impish||M|||50|]Milotic||Leftovers|Competitive|MuddyWater,Coil,Hypnosis,Protect|Calm||M|||50|]Raichu||RaichuniteY|LightningRod|ZapCannon,FocusBlast,FakeOut,Protect|Timid||M|||50|]Floette-Eternal||Floettite|FlowerVeil|DazzlingGleam,DrainingKiss,CalmMind,Protect|Timid||F|||50|]Ceruledge||ColburBerry|FlashFire|BitterBlade,ShadowSneak,BulkUp,Protect|Adamant||M|||50|
|showteam|p2|Delphox||Delphoxite|Blaze|HeatWave,Psychic,NastyPlot,Protect|Timid||F|||50|]Incineroar||PasshoBerry|Intimidate|ThroatChop,FlareBlitz,PartingShot,FakeOut|Impish||F|||50|]Maushold-Four||ChopleBerry|FriendGuard|FollowMe,Feint,HelpingHand,Protect|Impish|||||50|]Sinistcha||KasibBerry|Hospitality|Protect,MatchaGotcha,LifeDew,RagePowder|Bold|||||50|]Sneasler||FocusSash|PoisonTouch|PoisonJab,CloseCombat,FakeOut,QuickGuard|Jolly||F|||50|]Blastoise||Blastoisinite|RainDish|Protect,WaterSpout,DarkPulse,ShellSmash|Modest||M|||50|
|inactive|Battle timer is ON: inactive players will automatically lose when time's up. (requested by NotThinkingVGC)
|inactive|beni_9 has 60 seconds left.
|inactive|NotThinkingVGC has 60 seconds left.
|inactive|beni_9 has 30 seconds left.
|inactive|NotThinkingVGC has 30 seconds left.
|inactive|beni_9 has 20 seconds left.
|
|t:|1783682466
|teamsize|p1|4
|teamsize|p2|4
|start
|switch|p1a: Incineroar|Incineroar, L50, M|100/100
|switch|p1b: Floette|Floette-Eternal, L50, F|100/100
|switch|p2a: Blastoise|Blastoise, L50, M|100/100
|switch|p2b: Maushold|Maushold-Four, L50|100/100
|-ability|p1a: Incineroar|Intimidate|boost
|-unboost|p2a: Blastoise|atk|1
|-unboost|p2b: Maushold|atk|1
|turn|1
|
|t:|1783682487
|switch|p2b: Sneasler|Sneasler, L50, F|100/100
|detailschange|p1b: Floette|Floette-Mega, L50, F
|-mega|p1b: Floette|Floette|Floettite
|-ability|p1b: Floette|Fairy Aura
|detailschange|p2a: Blastoise|Blastoise-Mega, L50, M
|-mega|p2a: Blastoise|Blastoise|Blastoisinite
|move|p2a: Blastoise|Protect|p2a: Blastoise
|-singleturn|p2a: Blastoise|Protect
|move|p1a: Incineroar|Fake Out|p2a: Blastoise
|-activate|p2a: Blastoise|move: Protect
|move|p1b: Floette|Calm Mind|p1b: Floette
|-boost|p1b: Floette|spa|1
|-boost|p1b: Floette|spd|1
|
|upkeep
|turn|2
|inactive|beni_9 has 30 seconds left.
|
|t:|1783682512
|switch|p1a: Sinistcha|Sinistcha, L50|100/100
|move|p1b: Floette|Protect|p1b: Floette
|-singleturn|p1b: Floette|Protect
|move|p2b: Sneasler|Fake Out|p1b: Floette
|-activate|p1b: Floette|move: Protect
|move|p2a: Blastoise|Water Spout|p1b: Floette|[spread] p1a
|-activate|p1b: Floette|move: Protect
|-resisted|p1a: Sinistcha|1
|-damage|p1a: Sinistcha|71/100
|
|upkeep
|turn|3
|inactive|beni_9 has 30 seconds left.
|inactive|beni_9 has 20 seconds left.
|inactive|beni_9 has 15 seconds left.
|
|t:|1783682553
|switch|p2b: Maushold|Maushold-Four, L50|100/100
|switch|p1a: Incineroar|Incineroar, L50, M|100/100
|-ability|p1a: Incineroar|Intimidate|boost
|-unboost|p2a: Blastoise|atk|1
|-unboost|p2b: Maushold|atk|1
|move|p1b: Floette|Dazzling Gleam|p2a: Blastoise|[spread] p2a,p2b
|-damage|p2a: Blastoise|53/100
|-damage|p2b: Maushold|38/100
|move|p2a: Blastoise|Dark Pulse|p1a: Incineroar
|-resisted|p1a: Incineroar|1
|-damage|p1a: Incineroar|77/100
|
|upkeep
|turn|4
|inactive|beni_9 has 30 seconds left.
|
|t:|1783682582
|switch|p2b: Sinistcha|Sinistcha, L50|100/100
|-heal|p2a: Blastoise|78/100|[from] ability: Hospitality|[of] p2b: Sinistcha
|move|p2a: Blastoise|Protect|p2a: Blastoise
|-singleturn|p2a: Blastoise|Protect
|move|p1b: Floette|Dazzling Gleam|p2b: Sinistcha|[spread] p2b
|-activate|p2a: Blastoise|move: Protect
|-damage|p2b: Sinistcha|44/100
|move|p1a: Incineroar|Flare Blitz|p2b: Sinistcha
|-supereffective|p2b: Sinistcha|1
|-damage|p2b: Sinistcha|0 fnt
|faint|p2b: Sinistcha
|-damage|p1a: Incineroar|64/100|[from] Recoil
|
|upkeep
|
|t:|1783682587
|switch|p2b: Sneasler|Sneasler, L50, F|100/100
|turn|5
|inactive|beni_9 has 30 seconds left.
|inactive|beni_9 has 20 seconds left.
|
|t:|1783682624
|move|p1b: Floette|Protect|p1b: Floette
|-singleturn|p1b: Floette|Protect
|move|p2b: Sneasler|Fake Out|p1b: Floette
|-activate|p1b: Floette|move: Protect
|move|p2a: Blastoise|Shell Smash|p2a: Blastoise
|-unboost|p2a: Blastoise|def|1
|-unboost|p2a: Blastoise|spd|1
|-boost|p2a: Blastoise|atk|2
|-boost|p2a: Blastoise|spa|2
|-boost|p2a: Blastoise|spe|2
|move|p1a: Incineroar|Parting Shot|p2a: Blastoise
|-unboost|p2a: Blastoise|atk|1
|-unboost|p2a: Blastoise|spa|1
|
|t:|1783682635
|switch|p1a: Sinistcha|Sinistcha, L50|71/100|[from] Parting Shot
|
|upkeep
|turn|6
|
|t:|1783682644
|move|p1a: Sinistcha|Rage Powder|p1a: Sinistcha
|-singleturn|p1a: Sinistcha|move: Rage Powder
|move|p2a: Blastoise|Water Spout|p1a: Sinistcha|[spread] p1a,p1b
|-resisted|p1a: Sinistcha|1
|-damage|p1a: Sinistcha|34/100
|-damage|p1b: Floette|58/100
|move|p2b: Sneasler|Poison Jab|p1a: Sinistcha
|-damage|p1a: Sinistcha|0 fnt
|faint|p1a: Sinistcha
|move|p1b: Floette|Dazzling Gleam|p2a: Blastoise|[spread] p2a,p2b
|-damage|p2a: Blastoise|0 fnt
|-damage|p2b: Sneasler|14/100
|faint|p2a: Blastoise
|
|upkeep
|-message|NotThinkingVGC forfeited.
|
|win|beni_9
