|j|☆spernerslemma
|j|☆Light0z
|html|spernerslemmaLight0z    
|uhtml|bestof|Game 3 of a best-of-3
|t:|1784032818
|gametype|doubles
|player|p1|spernerslemma|2|1339
|player|p2|Light0z|blue-gen2|1368
|gen|9
|tier|[Gen 9 Champions] VGC 2026 Reg M-B (Bo3)
|rated|
|rule|Species Clause: Limit one of each Pokémon
|rule|Item Clause: Limit 1 of each item
|clearpoke
|poke|p1|Swampert, L50, M|
|poke|p1|Grimmsnarl, L50, M|
|poke|p1|Archaludon, L50, F|
|poke|p1|Pelipper, L50, F|
|poke|p1|Venusaur, L50, F|
|poke|p1|Sneasler, L50, F|
|poke|p2|Charizard, L50, F|
|poke|p2|Garchomp, L50, F|
|poke|p2|Mamoswine, L50, F|
|poke|p2|Venusaur, L50, F|
|poke|p2|Incineroar, L50, F|
|poke|p2|Toxapex, L50, M|
|teampreview|4
|showteam|p1|Swampert||Swampertite|Torrent|WaveCrash,Protect,HighHorsepower,IcePunch|Adamant||M|||50|]Grimmsnarl||LightClay|Prankster|SpiritBreak,Reflect,LightScreen,PartingShot|Sassy||M|||50|]Archaludon||Leftovers|Stamina|ElectroShot,DragonPulse,FlashCannon,Protect|Modest||F|||50|]Pelipper||SitrusBerry|Drizzle|WeatherBall,Hurricane,Tailwind,Protect|Modest||F|||50|]Venusaur||Venusaurite|Chlorophyll|SludgeBomb,Protect,GigaDrain,EarthPower|Modest||F|||50|]Sneasler||FocusSash|PoisonTouch|FakeOut,CloseCombat,PoisonJab,Protect|Jolly||F|||50|
|showteam|p2|Charizard||CharizarditeY|Blaze|HeatWave,WeatherBall,HelpingHand,Protect|Modest||F|||50|]Garchomp||ChoiceScarf|RoughSkin|DragonClaw,Earthquake,RockSlide,StompingTantrum|Adamant||F|||50|]Mamoswine||FocusSash|Oblivious|HighHorsepower,RockTomb,IceShard,Protect|Adamant||F|||50|]Venusaur||LifeOrb|Chlorophyll|LeafStorm,SludgeBomb,EarthPower,Protect|Modest||F|||50|]Incineroar||SitrusBerry|Intimidate|FlareBlitz,ThroatChop,FakeOut,PartingShot|Impish||F|||50|]Toxapex||Leftovers|Regenerator|Infestation,Toxic,WideGuard,BanefulBunker|Bold||M|||50|
|inactive|Battle timer is ON: inactive players will automatically lose when time's up. (requested by spernerslemma)
|inactive|Light0z has 60 seconds left.
|
|t:|1784032865
|teamsize|p1|4
|teamsize|p2|4
|start
|switch|p1a: Grimmsnarl|Grimmsnarl, L50, M|100/100
|switch|p1b: Venusaur|Venusaur, L50, F|100/100
|switch|p2a: Venusaur|Venusaur, L50, F|100/100
|switch|p2b: Charizard|Charizard, L50, F|100/100
|turn|1
|inactive|spernerslemma has 30 seconds left.
|
|t:|1784032896
|detailschange|p1b: Venusaur|Venusaur-Mega, L50, F
|-mega|p1b: Venusaur|Venusaur|Venusaurite
|move|p2b: Charizard|Protect|p2b: Charizard
|-singleturn|p2b: Charizard|Protect
|move|p1a: Grimmsnarl|Parting Shot|p2b: Charizard
|-activate|p2b: Charizard|move: Protect
|move|p2a: Venusaur|Sludge Bomb|p1a: Grimmsnarl
|-supereffective|p1a: Grimmsnarl|1
|-damage|p1a: Grimmsnarl|3/100
|-damage|p2a: Venusaur|90/100|[from] item: Life Orb
|move|p1b: Venusaur|Sludge Bomb|p2a: Venusaur
|-damage|p2a: Venusaur|36/100
|
|upkeep
|turn|2
|
|t:|1784032912
|move|p1a: Grimmsnarl|Light Screen|p1a: Grimmsnarl
|-sidestart|p1: spernerslemma|move: Light Screen
|move|p2a: Venusaur|Sludge Bomb|p1a: Grimmsnarl
|-supereffective|p1a: Grimmsnarl|1
|-damage|p1a: Grimmsnarl|0 fnt
|faint|p1a: Grimmsnarl
|-damage|p2a: Venusaur|26/100|[from] item: Life Orb
|move|p2b: Charizard|Heat Wave|p1b: Venusaur
|-supereffective|p1b: Venusaur|1
|-damage|p1b: Venusaur|76/100
|move|p1b: Venusaur|Sludge Bomb|p2a: Venusaur
|-damage|p2a: Venusaur|0 fnt
|faint|p2a: Venusaur
|
|upkeep
|
|t:|1784032927
|switch|p2a: Garchomp|Garchomp, L50, F|100/100
|switch|p1a: Pelipper|Pelipper, L50, F|100/100
|-weather|RainDance|[from] ability: Drizzle|[of] p1a: Pelipper
|turn|3
|
|t:|1784032945
|detailschange|p2b: Charizard|Charizard-Mega-Y, L50, F
|-mega|p2b: Charizard|Charizard|Charizardite Y
|-weather|SunnyDay|[from] ability: Drought|[of] p2b: Charizard
|move|p1b: Venusaur|Protect|p1b: Venusaur
|-singleturn|p1b: Venusaur|Protect
|move|p2a: Garchomp|Rock Slide|p1b: Venusaur|[spread] p1a
|-activate|p1b: Venusaur|move: Protect
|-supereffective|p1a: Pelipper|1
|-damage|p1a: Pelipper|56/100
|move|p2b: Charizard|Weather Ball|p1a: Pelipper
|-resisted|p1a: Pelipper|1
|-damage|p1a: Pelipper|24/100
|-enditem|p1a: Pelipper|Sitrus Berry|[eat]
|-heal|p1a: Pelipper|48/100|[from] item: Sitrus Berry
|cant|p1a: Pelipper|flinch
|
|-weather|SunnyDay|[upkeep]
|upkeep
|turn|4
|
|t:|1784032963
|switch|p1a: Archaludon|Archaludon, L50, F|100/100
|move|p2a: Garchomp|Rock Slide|p1a: Archaludon|[spread] p1b
|-miss|p2a: Garchomp|p1a: Archaludon
|-damage|p1b: Venusaur|57/100
|move|p2b: Charizard|Weather Ball|p1a: Archaludon
|-damage|p1a: Archaludon|38/100
|-ability|p1a: Archaludon|Stamina|boost
|-boost|p1a: Archaludon|def|1
|move|p1b: Venusaur|Giga Drain|p2a: Garchomp
|-damage|p2a: Garchomp|58/100
|-heal|p1b: Venusaur|78/100|[from] drain|[of] p2a: Garchomp
|
|-weather|SunnyDay|[upkeep]
|-heal|p1a: Archaludon|45/100|[from] item: Leftovers
|upkeep
|turn|5
|inactive|spernerslemma has 30 seconds left.
|
|t:|1784032988
|move|p2a: Garchomp|Rock Slide|p1a: Archaludon|[spread] p1a,p1b
|-resisted|p1a: Archaludon|1
|-damage|p1a: Archaludon|39/100
|-damage|p1b: Venusaur|62/100
|-ability|p1a: Archaludon|Stamina|boost
|-boost|p1a: Archaludon|def|1
|move|p2b: Charizard|Weather Ball|p1a: Archaludon
|-damage|p1a: Archaludon|0 fnt
|faint|p1a: Archaludon
|move|p1b: Venusaur|Giga Drain|p2b: Charizard
|-resisted|p2b: Charizard|2
|-damage|p2b: Charizard|92/100
|-heal|p1b: Venusaur|66/100|[from] drain|[of] p2b: Charizard
|
|-weather|SunnyDay|[upkeep]
|upkeep
|
|t:|1784032999
|switch|p1a: Pelipper|Pelipper, L50, F|48/100
|-weather|RainDance|[from] ability: Drizzle|[of] p1a: Pelipper
|turn|6
|
|t:|1784033008
|switch|p2b: Mamoswine|Mamoswine, L50, F|100/100
|move|p2a: Garchomp|Rock Slide|p1b: Venusaur|[spread] p1a,p1b
|-supereffective|p1a: Pelipper|1
|-damage|p1a: Pelipper|0 fnt
|-damage|p1b: Venusaur|48/100
|faint|p1a: Pelipper
|move|p1b: Venusaur|Giga Drain|p2b: Mamoswine
|-supereffective|p2b: Mamoswine|1
|-enditem|p2b: Mamoswine|Focus Sash
|-damage|p2b: Mamoswine|1/100
|-heal|p1b: Venusaur|98/100|[from] drain|[of] p2b: Mamoswine
|
|-weather|RainDance|[upkeep]
|upkeep
|turn|7
|
|t:|1784033021
|switch|p2a: Charizard|Charizard-Mega-Y, L50, F|92/100
|-weather|SunnyDay|[from] ability: Drought|[of] p2a: Charizard
|move|p2b: Mamoswine|High Horsepower|p1b: Venusaur
|-damage|p1b: Venusaur|55/100
|move|p1b: Venusaur|Sludge Bomb|p2a: Charizard
|-damage|p2a: Charizard|53/100
|
|-weather|SunnyDay|[upkeep]
|upkeep
|turn|8
|
|t:|1784033030
|move|p2b: Mamoswine|High Horsepower|p1b: Venusaur
|-damage|p1b: Venusaur|8/100
|move|p2a: Charizard|Weather Ball|p1b: Venusaur
|-supereffective|p1b: Venusaur|1
|-damage|p1b: Venusaur|0 fnt
|faint|p1b: Venusaur
|
|win|Light0z
|raw|spernerslemma's rating: 1339 → 1321(-18 for losing)
|raw|Light0z's rating: 1368 → 1386(+18 for winning)
