|j|☆Ah nick 12
|j|☆Quanimint
|html|Ah nick 12Quanimint    
|uhtml|bestof|Game 2 of a best-of-3
|t:|1782193280
|gametype|doubles
|player|p1|Ah nick 12|cynthia-gen4|1133
|player|p2|Quanimint|101|1078
|gen|9
|tier|[Gen 9 Champions] VGC 2026 Reg M-B (Bo3)
|rated|
|rule|Species Clause: Limit one of each Pokémon
|rule|Item Clause: Limit 1 of each item
|clearpoke
|poke|p1|Incineroar, L50, F|
|poke|p1|Vileplume, L50, F|
|poke|p1|Farigiraf, L50, F|
|poke|p1|Torkoal, L50, M|
|poke|p1|Mawile, L50, M|
|poke|p1|Annihilape, L50, F|
|poke|p2|Pelipper, L50, F|
|poke|p2|Metagross, L50|
|poke|p2|Archaludon, L50, F|
|poke|p2|Grimmsnarl, L50, M|
|poke|p2|Swampert, L50, F|
|poke|p2|Sinistcha, L50|
|teampreview|4
|showteam|p1|Incineroar||PasshoBerry|Intimidate|FakeOut,ThroatChop,FlareBlitz,PartingShot|Relaxed||F|||50|]Vileplume||FocusSash|Chlorophyll|SludgeBomb,LeafStorm,SleepPowder,AfterYou|Timid||F|||50|]Farigiraf||ColburBerry|ArmorTail|TwinBeam,Thunderbolt,Protect,TrickRoom|Quiet||F|||50|]Torkoal||Charcoal|Drought|Eruption,WeatherBall,EarthPower,Protect|Quiet||M|||50|]Mawile||Mawilite|HyperCutter|PlayRough,IronHead,RockSlide,Protect|Brave||M|||50|]Annihilape||Leftovers|Defiant|RageFist,CloseCombat,RockSlide,Uturn|Adamant||F|||50|
|showteam|p2|Pelipper||FocusSash|Drizzle|WeatherBall,Hurricane,Tailwind,Protect|Timid||F|||50|]Metagross||Metagrossite|ClearBody|PsychicFangs,IronHead,BulletPunch,Protect|Adamant|||||50|]Archaludon||Leftovers|Stamina|ElectroShot,FlashCannon,DracoMeteor,Protect|Bold||F|||50|]Grimmsnarl||LightClay|Prankster|SpiritBreak,Reflect,LightScreen,PartingShot|Careful||M|||50|]Swampert||Swampertite|Torrent|WaveCrash,Earthquake,IcePunch,Protect|Adamant||F|||50|]Sinistcha||SitrusBerry|Hospitality|MatchaGotcha,LifeDew,RagePowder,TrickRoom|Bold|||||50|
|inactive|Battle timer is ON: inactive players will automatically lose when time's up. (requested by Ah nick 12)
|
|t:|1782193287
|teamsize|p1|4
|teamsize|p2|4
|start
|switch|p1a: Annihilape|Annihilape, L50, F|100/100
|switch|p1b: Farigiraf|Farigiraf, L50, F|100/100
|switch|p2a: Grimmsnarl|Grimmsnarl, L50, M|100/100
|switch|p2b: Archaludon|Archaludon, L50, F|100/100
|turn|1
|
|t:|1782193298
|move|p2a: Grimmsnarl|Reflect|p2a: Grimmsnarl
|-sidestart|p2: Quanimint|Reflect
|move|p2b: Archaludon|Electro Shot||[still]
|-prepare|p2b: Archaludon|Electro Shot
|-boost|p2b: Archaludon|spa|1
|move|p1a: Annihilape|Close Combat|p2b: Archaludon
|-supereffective|p2b: Archaludon|1
|-damage|p2b: Archaludon|43/100
|-unboost|p1a: Annihilape|def|1
|-unboost|p1a: Annihilape|spd|1
|-ability|p2b: Archaludon|Stamina|boost
|-boost|p2b: Archaludon|def|1
|move|p1b: Farigiraf|Trick Room|p1b: Farigiraf
|-fieldstart|move: Trick Room|[of] p1b: Farigiraf
|
|-heal|p2b: Archaludon|49/100|[from] item: Leftovers
|upkeep
|turn|2
|inactive|Quanimint has 30 seconds left.
|
|t:|1782193323
|move|p1b: Farigiraf|Thunderbolt|p2a: Grimmsnarl
|-damage|p2a: Grimmsnarl|72/100
|move|p2a: Grimmsnarl|Spirit Break|p1b: Farigiraf
|-damage|p1b: Farigiraf|70/100
|-unboost|p1b: Farigiraf|spa|1
|move|p1a: Annihilape|Close Combat|p2b: Archaludon
|-supereffective|p2b: Archaludon|1
|-damage|p2b: Archaludon|12/100
|-unboost|p1a: Annihilape|def|1
|-unboost|p1a: Annihilape|spd|1
|-ability|p2b: Archaludon|Stamina|boost
|-boost|p2b: Archaludon|def|1
|move|p2b: Archaludon|Electro Shot|p1b: Farigiraf|[from] lockedmove
|-damage|p1b: Farigiraf|14/100
|
|-heal|p2b: Archaludon|19/100|[from] item: Leftovers
|upkeep
|turn|3
|
|t:|1782193343
|move|p1b: Farigiraf|Protect|p1b: Farigiraf
|-singleturn|p1b: Farigiraf|Protect
|move|p2b: Archaludon|Protect|p2b: Archaludon
|-singleturn|p2b: Archaludon|Protect
|move|p2a: Grimmsnarl|Spirit Break|p1a: Annihilape
|-supereffective|p1a: Annihilape|1
|-damage|p1a: Annihilape|0 fnt
|faint|p1a: Annihilape
|
|-heal|p2b: Archaludon|25/100|[from] item: Leftovers
|upkeep
|
|t:|1782193358
|switch|p1a: Torkoal|Torkoal, L50, M|100/100
|-weather|SunnyDay|[from] ability: Drought|[of] p1a: Torkoal
|turn|4
|
|t:|1782193368
|switch|p2a: Pelipper|Pelipper, L50, F|100/100
|-weather|RainDance|[from] ability: Drizzle|[of] p2a: Pelipper
|move|p1a: Torkoal|Earth Power|p2b: Archaludon
|-supereffective|p2b: Archaludon|1
|-damage|p2b: Archaludon|0 fnt
|faint|p2b: Archaludon
|move|p1b: Farigiraf|Thunderbolt|p2a: Pelipper
|-supereffective|p2a: Pelipper|2
|-enditem|p2a: Pelipper|Focus Sash
|-damage|p2a: Pelipper|1/100
|
|-weather|RainDance|[upkeep]
|upkeep
|
|t:|1782193380
|switch|p2b: Swampert|Swampert, L50, F|100/100
|turn|5
|
|t:|1782193390
|switch|p1a: Mawile|Mawile, L50, M|100/100
|detailschange|p2b: Swampert|Swampert-Mega, L50, F
|-mega|p2b: Swampert|Swampert|Swampertite
|move|p2a: Pelipper|Protect|p2a: Pelipper
|-singleturn|p2a: Pelipper|Protect
|move|p1b: Farigiraf|Thunderbolt|p2a: Pelipper
|-activate|p2a: Pelipper|move: Protect
|move|p2b: Swampert|Earthquake|p1a: Mawile|[spread] p1a,p1b
|-activate|p2a: Pelipper|move: Protect
|-supereffective|p1a: Mawile|1
|-damage|p1a: Mawile|0 fnt
|-damage|p1b: Farigiraf|0 fnt
|faint|p1a: Mawile
|faint|p1b: Farigiraf
|
|-weather|RainDance|[upkeep]
|-fieldend|move: Trick Room
|upkeep
|
|t:|1782193396
|switch|p1b: Torkoal|Torkoal, L50, M|100/100
|-weather|SunnyDay|[from] ability: Drought|[of] p1b: Torkoal
|turn|6
|
|t:|1782193417
|move|p2a: Pelipper|Weather Ball|p1b: Torkoal
|-resisted|p1b: Torkoal|1
|-damage|p1b: Torkoal|71/100
|move|p2b: Swampert|Earthquake|p1b: Torkoal|[spread] p1b
|-immune|p2a: Pelipper
|-supereffective|p1b: Torkoal|1
|-damage|p1b: Torkoal|1/100
|move|p1b: Torkoal|Eruption|p2b: Swampert|[spread] p2a,p2b
|-resisted|p2a: Pelipper|1
|-resisted|p2b: Swampert|1
|-damage|p2a: Pelipper|0 fnt
|-damage|p2b: Swampert|99/100
|faint|p2a: Pelipper
|
|-weather|SunnyDay|[upkeep]
|upkeep
|
|t:|1782193432
|switch|p2a: Grimmsnarl|Grimmsnarl, L50, M|72/100
|turn|7
|
|t:|1782193436
|move|p2b: Swampert|Ice Punch|p1b: Torkoal
|-resisted|p1b: Torkoal|1
|-damage|p1b: Torkoal|0 fnt
|faint|p1b: Torkoal
|
|win|Quanimint
|raw|Ah nick 12's rating: 1133 → 1104(-29 for losing)
|raw|Quanimint's rating: 1078 → 1111(+33 for winning)
|l|☆Ah nick 12
|player|p1|
