|j|☆lukashz
|j|☆Pevere1l
|html|lukashzPevere1l    
|uhtml|bestof|Game 2 of a best-of-3
|t:|1783615334
|gametype|doubles
|player|p1|lukashz|elesa|1306
|player|p2|Pevere1l|steven|1299
|gen|9
|tier|[Gen 9 Champions] VGC 2026 Reg M-B (Bo3)
|rated|
|rule|Species Clause: Limit one of each Pokémon
|rule|Item Clause: Limit 1 of each item
|clearpoke
|poke|p1|Chandelure, L50, M|
|poke|p1|Kangaskhan, L50, F|
|poke|p1|Sylveon, L50, M|
|poke|p1|Kingambit, L50, M|
|poke|p1|Sneasler, L50, M|
|poke|p1|Venusaur, L50, M|
|poke|p2|Sneasler, L50, F|
|poke|p2|Kingambit, L50, M|
|poke|p2|Blastoise, L50, F|
|poke|p2|Incineroar, L50, F|
|poke|p2|Delphox, L50, F|
|poke|p2|Sinistcha-Masterpiece, L50|
|teampreview|4
|showteam|p1|Chandelure||FocusSash|FlashFire|HeatWave,ShadowBall,TrickRoom,Taunt|Quiet||M|||50|]Kangaskhan||Kangaskhanite|InnerFocus|FakeOut,DoubleEdge,SuckerPunch,HammerArm|Brave||F|||50|]Sylveon||FairyFeather|Pixilate|HyperVoice,Protect,HyperBeam,QuickAttack|Quiet||M|||50|]Kingambit||BlackGlasses|Defiant|KowtowCleave,SuckerPunch,IronHead,Protect|Brave||M|||50|]Sneasler||WhiteHerb|Unburden|FakeOut,Coaching,CloseCombat,DireClaw|Jolly||M|||50|]Venusaur||Venusaurite|Chlorophyll|EarthPower,SleepPowder,GigaDrain,Protect|Modest||M|||50|
|showteam|p2|Sneasler||FocusSash|PoisonTouch|FakeOut,PoisonJab,CloseCombat,QuickGuard|Jolly||F|||50|]Kingambit||BlackGlasses|Defiant|KowtowCleave,SuckerPunch,SwordsDance,Protect|Adamant||M|||50|]Blastoise||Blastoisinite|RainDish|WaterSpout,DarkPulse,ShellSmash,Protect|Modest||F|||50|]Incineroar||SitrusBerry|Intimidate|FakeOut,FlareBlitz,HelpingHand,PartingShot|Careful||F|||50|]Delphox||Delphoxite|Blaze|HeatWave,Psyshock,NastyPlot,Protect|Modest||F|||50|]Sinistcha-Masterpiece||KasibBerry|Hospitality|MatchaGotcha,RagePowder,TrickRoom,Protect|Bold|||||50|
|inactive|Battle timer is ON: inactive players will automatically lose when time's up. (requested by Pevere1l)
|
|t:|1783615363
|teamsize|p1|4
|teamsize|p2|4
|start
|switch|p1a: Kangaskhan|Kangaskhan, L50, F|100/100
|switch|p1b: Chandelure|Chandelure, L50, M|100/100
|switch|p2a: Delphox|Delphox, L50, F|100/100
|switch|p2b: Sneasler|Sneasler, L50, F|100/100
|turn|1
|
|t:|1783615379
|detailschange|p2a: Delphox|Delphox-Mega, L50, F
|-mega|p2a: Delphox|Delphox|Delphoxite
|move|p1a: Kangaskhan|Fake Out|p2a: Delphox
|-damage|p2a: Delphox|79/100
|move|p2b: Sneasler|Close Combat|p1a: Kangaskhan
|-supereffective|p1a: Kangaskhan|1
|-damage|p1a: Kangaskhan|0 fnt
|-unboost|p2b: Sneasler|def|1
|-unboost|p2b: Sneasler|spd|1
|faint|p1a: Kangaskhan
|cant|p2a: Delphox|flinch
|move|p1b: Chandelure|Trick Room|p1b: Chandelure
|-fieldstart|move: Trick Room|[of] p1b: Chandelure
|
|upkeep
|
|t:|1783615396
|switch|p1a: Sylveon|Sylveon, L50, M|100/100
|turn|2
|
|t:|1783615405
|switch|p2a: Incineroar|Incineroar, L50, F|100/100
|-ability|p2a: Incineroar|Intimidate|boost
|-unboost|p1a: Sylveon|atk|1
|-unboost|p1b: Chandelure|atk|1
|move|p1a: Sylveon|Hyper Voice|p2b: Sneasler|[spread] p2a,p2b
|-damage|p2a: Incineroar|62/100
|-damage|p2b: Sneasler|2/100
|move|p1b: Chandelure|Heat Wave|p2a: Incineroar|[spread] p2a,p2b
|-resisted|p2a: Incineroar|1
|-damage|p2a: Incineroar|46/100
|-damage|p2b: Sneasler|0 fnt
|-enditem|p2a: Incineroar|Sitrus Berry|[eat]
|-heal|p2a: Incineroar|71/100|[from] item: Sitrus Berry
|faint|p2b: Sneasler
|
|upkeep
|
|t:|1783615413
|switch|p2b: Delphox|Delphox-Mega, L50, F|79/100
|turn|3
|
|t:|1783615424
|move|p2b: Delphox|Protect|p2b: Delphox
|-singleturn|p2b: Delphox|Protect
|move|p1a: Sylveon|Hyper Beam|p2a: Incineroar|[miss]
|-miss|p1a: Sylveon|p2a: Incineroar
|move|p1b: Chandelure|Shadow Ball|p2b: Delphox
|-activate|p2b: Delphox|move: Protect
|move|p2a: Incineroar|Parting Shot|p1b: Chandelure
|-unboost|p1b: Chandelure|atk|1
|-unboost|p1b: Chandelure|spa|1
|
|t:|1783615432
|switch|p2a: Sinistcha|Sinistcha-Masterpiece, L50|100/100|[from] Parting Shot
|-heal|p2b: Delphox|100/100|[from] ability: Hospitality|[of] p2a: Sinistcha
|
|upkeep
|turn|4
|
|t:|1783615443
|move|p2a: Sinistcha|Rage Powder|p2a: Sinistcha
|-singleturn|p2a: Sinistcha|move: Rage Powder
|move|p1a: Sylveon|Hyper Voice|p2b: Delphox|[spread] p2a,p2b
|-resisted|p2b: Delphox|1
|-damage|p2a: Sinistcha|57/100
|-damage|p2b: Delphox|81/100
|move|p1b: Chandelure|Taunt|p2a: Sinistcha
|-start|p2a: Sinistcha|move: Taunt
|move|p2b: Delphox|Nasty Plot|p2b: Delphox
|-boost|p2b: Delphox|spa|2
|
|upkeep
|turn|5
|
|t:|1783615464
|switch|p1b: Kingambit|Kingambit, L50, M|100/100
|move|p2b: Delphox|Protect|p2b: Delphox
|-singleturn|p2b: Delphox|Protect
|move|p1a: Sylveon|Hyper Beam|p2a: Sinistcha
|-damage|p2a: Sinistcha|0 fnt
|-mustrecharge|p1a: Sylveon
|faint|p2a: Sinistcha
|
|-fieldend|move: Trick Room
|upkeep
|
|t:|1783615467
|switch|p2a: Incineroar|Incineroar, L50, F|71/100
|-ability|p2a: Incineroar|Intimidate|boost
|-unboost|p1a: Sylveon|atk|1
|-unboost|p1b: Kingambit|atk|1
|-ability|p1b: Kingambit|Defiant|boost
|-boost|p1b: Kingambit|atk|2
|turn|6
|
|t:|1783615473
|move|p1b: Kingambit|Protect|p1b: Kingambit
|-singleturn|p1b: Kingambit|Protect
|move|p2a: Incineroar|Fake Out|p1b: Kingambit
|-activate|p1b: Kingambit|move: Protect
|move|p2b: Delphox|Heat Wave|p1b: Kingambit|[spread] p1a
|-activate|p1b: Kingambit|move: Protect
|-damage|p1a: Sylveon|41/100
|cant|p1a: Sylveon|recharge
|
|upkeep
|turn|7
|
|t:|1783615486
|move|p2b: Delphox|Protect|p2b: Delphox
|-singleturn|p2b: Delphox|Protect
|move|p1b: Kingambit|Sucker Punch||[still]
|-fail|p1b: Kingambit
|move|p2a: Incineroar|Flare Blitz|p1b: Kingambit
|-supereffective|p1b: Kingambit|1
|-damage|p1b: Kingambit|24/100
|-damage|p2a: Incineroar|46/100|[from] Recoil
|move|p1a: Sylveon|Hyper Beam|p2a: Incineroar
|-damage|p2a: Incineroar|0 fnt
|-mustrecharge|p1a: Sylveon
|faint|p2a: Incineroar
|
|upkeep
|turn|8
|-message|Pevere1l forfeited.
|
|win|lukashz
|raw|lukashz's rating: 1306 → 1326(+20 for winning)
|raw|Pevere1l's rating: 1299 → 1275(-24 for losing)
|l|☆Pevere1l
|player|p2|
