|j|☆DeewompostYT
|j|☆Treit_3
|html|DeewompostYTTreit_3    
|uhtml|bestof|Game 3 of a best-of-3
|t:|1783186529
|gametype|doubles
|player|p1|DeewompostYT|guitarist|1279
|player|p2|Treit_3|marshal|1323
|gen|9
|tier|[Gen 9 Champions] VGC 2026 Reg M-B (Bo3)
|rated|
|rule|Species Clause: Limit one of each Pokémon
|rule|Item Clause: Limit 1 of each item
|clearpoke
|poke|p1|Scovillain, L50, F|
|poke|p1|Grimmsnarl, L50, M|
|poke|p1|Basculegion, L50, M|
|poke|p1|Kingambit, L50, M|
|poke|p1|Garchomp, L50, M|
|poke|p1|Floette-Eternal, L50, F|
|poke|p2|Scrafty, L50, F|
|poke|p2|Blaziken, L50, M|
|poke|p2|Torterra, L50, F|
|poke|p2|Milotic, L50, F|
|poke|p2|Gholdengo, L50|
|poke|p2|Farigiraf, L50, M|
|teampreview|4
|showteam|p1|Scovillain||Scovillainite|Moody|RagePowder,Flamethrower,GigaDrain,Protect|Calm||F|||50|]Grimmsnarl||LightClay|Prankster|LightScreen,Reflect,SpiritBreak,PartingShot|Careful||M|||50|]Basculegion||MysticWater|Adaptability|WaveCrash,LastRespects,AquaJet,Protect|Adamant||M|||50|]Kingambit||BlackGlasses|Defiant|KowtowCleave,SuckerPunch,IronHead,Protect|Adamant||M|||50|]Garchomp||LifeOrb|RoughSkin|Earthquake,DragonClaw,RockSlide,Protect|Jolly||M|||50|]Floette-Eternal||Floettite|FlowerVeil|DrainingKiss,CalmMind,Moonblast,Protect|Modest||F|||50|
|showteam|p2|Scrafty||Scraftinite|Intimidate|FakeOut,Coaching,DrainPunch,ThroatChop|Adamant||F|||50|]Blaziken||Blazikenite|SpeedBoost|Detect,RockSlide,FlareBlitz,CloseCombat|Jolly||M|||50|]Torterra||Leftovers|ShellArmor|Protect,WideGuard,HeadlongRush,WoodHammer|Brave||F|||50|]Milotic||MysticWater|Competitive|Protect,Scald,MuddyWater,IceBeam|Modest||F|||50|]Gholdengo||LifeOrb|GoodasGold|Protect,NastyPlot,MakeItRain,ShadowBall|Modest|||||50|]Farigiraf||SitrusBerry|ArmorTail|Protect,TrickRoom,Thunderbolt,HyperVoice|Bold||M|||50|
|inactive|Battle timer is ON: inactive players will automatically lose when time's up. (requested by Treit_3)
|
|t:|1783186561
|teamsize|p1|4
|teamsize|p2|4
|start
|switch|p1a: Scovillain|Scovillain, L50, F|100/100
|switch|p1b: Basculegion|Basculegion, L50, M|100/100
|switch|p2a: Milotic|Milotic, L50, F|100/100
|switch|p2b: Blaziken|Blaziken, L50, M|100/100
|turn|1
|
|t:|1783186582
|move|p2b: Blaziken|Detect|p2b: Blaziken
|-singleturn|p2b: Blaziken|Protect
|move|p1a: Scovillain|Protect|p1a: Scovillain
|-singleturn|p1a: Scovillain|Protect
|move|p2a: Milotic|Scald|p1b: Basculegion
|-resisted|p1b: Basculegion|1
|-damage|p1b: Basculegion|78/100
|-status|p1b: Basculegion|brn
|move|p1b: Basculegion|Wave Crash|p2b: Blaziken
|-activate|p2b: Blaziken|move: Protect
|
|-damage|p1b: Basculegion|72/100 brn|[from] brn
|-ability|p2b: Blaziken|Speed Boost|boost
|-boost|p2b: Blaziken|spe|1
|-ability|p1a: Scovillain|Moody|boost
|-boost|p1a: Scovillain|spd|2
|-unboost|p1a: Scovillain|atk|1
|upkeep
|turn|2
|inactive|DeewompostYT has 30 seconds left.
|
|t:|1783186607
|switch|p2b: Farigiraf|Farigiraf, L50, M|100/100
|detailschange|p1a: Scovillain|Scovillain-Mega, L50, F
|-mega|p1a: Scovillain|Scovillain|Scovillainite
|move|p2a: Milotic|Muddy Water|p1a: Scovillain|[spread] p1a,p1b
|-resisted|p1b: Basculegion|1
|-crit|p1b: Basculegion
|-damage|p1a: Scovillain|84/100
|-damage|p1b: Basculegion|43/100 brn
|-unboost|p1a: Scovillain|accuracy|1
|-status|p2a: Milotic|brn|[from] ability: Spicy Spray|[of] p1a: Scovillain
|move|p1b: Basculegion|Wave Crash|p2b: Farigiraf
|-damage|p2b: Farigiraf|61/100
|-damage|p1b: Basculegion|30/100 brn|[from] Recoil
|move|p1a: Scovillain|Giga Drain|p2a: Milotic
|-supereffective|p2a: Milotic|1
|-damage|p2a: Milotic|48/100 brn
|-heal|p1a: Scovillain|100/100|[from] drain|[of] p2a: Milotic
|
|-damage|p2a: Milotic|42/100 brn|[from] brn
|-damage|p1b: Basculegion|24/100 brn|[from] brn
|upkeep
|turn|3
|inactive|DeewompostYT has 30 seconds left.
|inactive|Treit_3 has 30 seconds left.
|
|t:|1783186640
|switch|p2b: Blaziken|Blaziken, L50, M|100/100
|move|p2a: Milotic|Scald|p1b: Basculegion
|-resisted|p1b: Basculegion|1
|-damage|p1b: Basculegion|1/100 brn
|move|p1b: Basculegion|Wave Crash|p2b: Blaziken
|-supereffective|p2b: Blaziken|1
|-damage|p2b: Blaziken|0 fnt
|faint|p2b: Blaziken
|-damage|p1b: Basculegion|0 fnt|[from] Recoil
|faint|p1b: Basculegion
|move|p1a: Scovillain|Flamethrower|p2a: Milotic
|-resisted|p2a: Milotic|1
|-damage|p2a: Milotic|26/100 brn
|
|-damage|p2a: Milotic|20/100y brn|[from] brn
|upkeep
|
|t:|1783186657
|switch|p2b: Farigiraf|Farigiraf, L50, M|61/100
|switch|p1b: Floette|Floette-Eternal, L50, F|100/100
|turn|4
|
|t:|1783186667
|switch|p1a: Kingambit|Kingambit, L50, M|100/100
|move|p1b: Floette|Calm Mind|p1b: Floette
|-boost|p1b: Floette|spa|1
|-boost|p1b: Floette|spd|1
|move|p2a: Milotic|Muddy Water|p1a: Kingambit|[spread] p1a,p1b
|-damage|p1a: Kingambit|63/100
|-damage|p1b: Floette|78/100
|-unboost|p1b: Floette|accuracy|1
|move|p2b: Farigiraf|Trick Room|p2b: Farigiraf
|-fieldstart|move: Trick Room|[of] p2b: Farigiraf
|
|-damage|p2a: Milotic|14/100 brn|[from] brn
|upkeep
|turn|5
|
|t:|1783186685
|move|p1a: Kingambit|Kowtow Cleave|p2a: Milotic
|-damage|p2a: Milotic|0 fnt
|faint|p2a: Milotic
|move|p2b: Farigiraf|Hyper Voice|p1a: Kingambit|[spread] p1a,p1b
|-resisted|p1a: Kingambit|1
|-damage|p1a: Kingambit|50/100g
|-damage|p1b: Floette|60/100
|move|p1b: Floette|Draining Kiss|p2b: Farigiraf
|-damage|p2b: Farigiraf|20/100y
|-heal|p1b: Floette|100/100|[from] drain|[of] p2b: Farigiraf
|-enditem|p2b: Farigiraf|Sitrus Berry|[eat]
|-heal|p2b: Farigiraf|44/100|[from] item: Sitrus Berry
|
|upkeep
|
|t:|1783186688
|switch|p2a: Torterra|Torterra, L50, F|100/100
|turn|6
|
|t:|1783186700
|switch|p1a: Scovillain|Scovillain-Mega, L50, F|100/100
|move|p1b: Floette|Protect|p1b: Floette
|-singleturn|p1b: Floette|Protect
|move|p2a: Torterra|Headlong Rush|p1a: Scovillain
|-damage|p1a: Scovillain|20/100y
|-unboost|p2a: Torterra|def|1
|-unboost|p2a: Torterra|spd|1
|-status|p2a: Torterra|brn|[from] ability: Spicy Spray|[of] p1a: Scovillain
|move|p2b: Farigiraf|Hyper Voice|p1b: Floette|[spread] p1a
|-activate|p1b: Floette|move: Protect
|-damage|p1a: Scovillain|0 fnt
|-status|p2b: Farigiraf|brn|[from] ability: Spicy Spray|[of] p1a: Scovillain
|faint|p1a: Scovillain
|
|-damage|p2a: Torterra|94/100 brn|[from] brn
|-damage|p2b: Farigiraf|38/100 brn|[from] brn
|upkeep
|
|t:|1783186712
|switch|p1a: Kingambit|Kingambit, L50, M|50/100g
|turn|7
|
|t:|1783186719
|move|p2a: Torterra|Headlong Rush|p1a: Kingambit
|-supereffective|p1a: Kingambit|1
|-damage|p1a: Kingambit|3/100
|-unboost|p2a: Torterra|def|1
|-unboost|p2a: Torterra|spd|1
|move|p1a: Kingambit|Kowtow Cleave|p2b: Farigiraf
|-supereffective|p2b: Farigiraf|1
|-damage|p2b: Farigiraf|0 fnt
|faint|p2b: Farigiraf
|move|p1b: Floette|Draining Kiss|p2a: Torterra
|-damage|p2a: Torterra|7/100 brn
|
|-heal|p2a: Torterra|13/100 brn|[from] item: Leftovers
|-damage|p2a: Torterra|7/100 brn|[from] brn
|upkeep
|turn|8
|c|☆Treit_3|dang
|c|☆Treit_3|gg
|c|☆DeewompostYT|gg
|
|t:|1783186738
|move|p1b: Floette|Protect|p1b: Floette
|-singleturn|p1b: Floette|Protect
|move|p1a: Kingambit|Sucker Punch|p2a: Torterra
|-damage|p2a: Torterra|0 fnt
|faint|p2a: Torterra
|
|win|DeewompostYT
|raw|DeewompostYT's rating: 1279 → 1307(+28 for winning)
|raw|Treit_3's rating: 1323 → 1300(-23 for losing)
|l|☆Treit_3
|player|p2|
