|j|☆Aizenora
|j|☆Notaplaceofhonor
|html|AizenoraNotaplaceofhonor    
|uhtml|bestof|Game 3 of a best-of-3
|t:|1756480116
|gametype|doubles
|player|p1|Aizenora|266|1192
|player|p2|Notaplaceofhonor|juan-gen3|1166
|gen|9
|tier|[Gen 9] VGC 2025 Reg H (Bo3)
|rated|
|rule|Species Clause: Limit one of each Pokémon
|rule|Item Clause: Limit 1 of each item
|clearpoke
|poke|p1|Excadrill, L50, M|
|poke|p1|Tyranitar, L50, M|
|poke|p1|Amoonguss, L50, F|
|poke|p1|Kilowattrel, L50, F|
|poke|p1|Incineroar, L50, F|
|poke|p1|Gholdengo, L50|
|poke|p2|Ursaluna, L50, F|
|poke|p2|Incineroar, L50, M|
|poke|p2|Archaludon, L50, M|
|poke|p2|Pelipper, L50, M|
|poke|p2|Dragonite, L50, F|
|poke|p2|Sinistcha, L50|
|teampreview|4
|showteam|p1|Excadrill||SoftSand|SandRush|HighHorsepower,RockSlide,Protect,Earthquake|||M|||50|,,,,,Ground]Tyranitar||ClearAmulet|SandStream|RockSlide,KnockOff,DragonDance,Protect|||M|||50|,,,,,Flying]Amoonguss||MentalHerb|Regenerator|Spore,SludgeBomb,RagePowder,Protect|||F|||50|,,,,,Water]Kilowattrel||FocusSash|Competitive|Thunderbolt,AirSlash,Tailwind,Protect|||F|||50|,,,,,Steel]Incineroar||SafetyGoggles|Intimidate|KnockOff,FlareBlitz,FakeOut,PartingShot|||F|||50|,,,,,Ghost]Gholdengo||LifeOrb|GoodasGold|MakeItRain,ShadowBall,NastyPlot,Protect||||||50|,,,,,Dragon
|showteam|p2|Ursaluna||FlameOrb|Guts|Protect,Facade,Earthquake,HeadlongRush|||F|||50|,,,,,Ghost]Incineroar||SafetyGoggles|Intimidate|Taunt,FakeOut,KnockOff,PartingShot|||M|||50|,,,,,Ghost]Archaludon||AssaultVest|Stamina|ElectroShot,Snarl,DracoMeteor,BodyPress|||M|||50|,,,,,Grass]Pelipper||FocusSash|Drizzle|Hurricane,WeatherBall,Tailwind,Protect|||M|||50|,,,,,Ghost]Dragonite||LoadedDice|Multiscale|Protect,ScaleShot,Tailwind,Haze|||F|||50|,,,,,Steel]Sinistcha||SitrusBerry|Hospitality|MatchaGotcha,LifeDew,RagePowder,TrickRoom||||||50|,,,,,Water
|
|t:|1756480157
|teamsize|p1|4
|teamsize|p2|4
|start
|switch|p1a: Kilowattrel|Kilowattrel, L50, F|100/100
|switch|p1b: Gholdengo|Gholdengo, L50|100/100
|switch|p2a: Archaludon|Archaludon, L50, M|100/100
|switch|p2b: Pelipper|Pelipper, L50, M|100/100
|-weather|RainDance|[from] ability: Drizzle|[of] p2b: Pelipper
|turn|1
|
|t:|1756480194
|move|p1a: Kilowattrel|Thunderbolt|p2b: Pelipper
|-supereffective|p2b: Pelipper
|-enditem|p2b: Pelipper|Focus Sash
|-damage|p2b: Pelipper|1/100
|move|p1b: Gholdengo|Make It Rain|p2a: Archaludon|[spread] p2a,p2b
|-resisted|p2a: Archaludon
|-resisted|p2b: Pelipper
|-damage|p2a: Archaludon|81/100
|-damage|p2b: Pelipper|0 fnt
|-unboost|p1b: Gholdengo|spa|1
|-ability|p2a: Archaludon|Stamina|boost
|-boost|p2a: Archaludon|def|1
|faint|p2b: Pelipper
|-damage|p1b: Gholdengo|91/100|[from] item: Life Orb
|move|p2a: Archaludon|Electro Shot||[still]
|-prepare|p2a: Archaludon|Electro Shot
|-boost|p2a: Archaludon|spa|1
|-anim|p2a: Archaludon|Electro Shot|p1a: Kilowattrel
|-enditem|p1a: Kilowattrel|Focus Sash
|-damage|p1a: Kilowattrel|1/100
|
|-weather|RainDance|[upkeep]
|upkeep
|
|t:|1756480204
|switch|p2b: Sinistcha|Sinistcha, L50|100/100
|-heal|p2a: Archaludon|100/100|[from] ability: Hospitality|[of] p2b: Sinistcha
|turn|2
|
|t:|1756480225
|move|p1a: Kilowattrel|Thunderbolt|p2b: Sinistcha
|-resisted|p2b: Sinistcha
|-crit|p2b: Sinistcha
|-damage|p2b: Sinistcha|74/100
|-status|p2b: Sinistcha|par
|move|p1b: Gholdengo|Shadow Ball|p2b: Sinistcha
|-supereffective|p2b: Sinistcha
|-damage|p2b: Sinistcha|3/100 par
|-enditem|p2b: Sinistcha|Sitrus Berry|[eat]
|-heal|p2b: Sinistcha|28/100 par|[from] item: Sitrus Berry
|-damage|p1b: Gholdengo|81/100|[from] item: Life Orb
|move|p2a: Archaludon|Snarl|p1b: Gholdengo|[spread] p1a,p1b
|-supereffective|p1b: Gholdengo
|-damage|p1a: Kilowattrel|0 fnt
|-damage|p1b: Gholdengo|34/100
|-unboost|p1b: Gholdengo|spa|1
|faint|p1a: Kilowattrel
|cant|p2b: Sinistcha|par
|
|-weather|RainDance|[upkeep]
|upkeep
|
|t:|1756480251
|switch|p1a: Incineroar|Incineroar, L50, F|100/100
|-ability|p1a: Incineroar|Intimidate|boost
|-unboost|p2a: Archaludon|atk|1
|-unboost|p2b: Sinistcha|atk|1
|turn|3
|
|t:|1756480261
|switch|p1b: Amoonguss|Amoonguss, L50, F|100/100
|move|p2a: Archaludon|Electro Shot||[still]
|-prepare|p2a: Archaludon|Electro Shot
|-boost|p2a: Archaludon|spa|1
|-anim|p2a: Archaludon|Electro Shot|p1b: Amoonguss
|-resisted|p1b: Amoonguss
|-damage|p1b: Amoonguss|66/100
|move|p1a: Incineroar|Knock Off|p2b: Sinistcha
|-supereffective|p2b: Sinistcha
|-crit|p2b: Sinistcha
|-damage|p2b: Sinistcha|0 fnt
|faint|p2b: Sinistcha
|
|-weather|RainDance|[upkeep]
|upkeep
|
|t:|1756480271
|switch|p2b: Ursaluna|Ursaluna, L50, F|100/100
|turn|4
|
|t:|1756480287
|-terastallize|p2a: Archaludon|Grass
|move|p2b: Ursaluna|Protect|p2b: Ursaluna
|-singleturn|p2b: Ursaluna|Protect
|move|p2a: Archaludon|Electro Shot||[still]
|-prepare|p2a: Archaludon|Electro Shot
|-boost|p2a: Archaludon|spa|1
|-anim|p2a: Archaludon|Electro Shot|p1a: Incineroar
|-damage|p1a: Incineroar|1/100
|move|p1a: Incineroar|Parting Shot|p2a: Archaludon
|-unboost|p2a: Archaludon|atk|1
|-unboost|p2a: Archaludon|spa|1
|
|t:|1756480298
|switch|p1a: Gholdengo|Gholdengo, L50|34/100|[from] Parting Shot
|move|p1b: Amoonguss|Sludge Bomb|p2a: Archaludon
|-supereffective|p2a: Archaludon
|-damage|p2a: Archaludon|64/100
|-ability|p2a: Archaludon|Stamina|boost
|-boost|p2a: Archaludon|def|1
|
|-weather|RainDance|[upkeep]
|-status|p2b: Ursaluna|brn|[from] item: Flame Orb
|upkeep
|turn|5
|
|t:|1756480342
|move|p1b: Amoonguss|Protect|p1b: Amoonguss
|-singleturn|p1b: Amoonguss|Protect
|move|p1a: Gholdengo|Make It Rain|p2a: Archaludon|[spread] p2a,p2b
|-damage|p2a: Archaludon|26/100
|-damage|p2b: Ursaluna|40/100 brn
|-unboost|p1a: Gholdengo|spa|1
|-ability|p2a: Archaludon|Stamina|boost
|-boost|p2a: Archaludon|def|1
|-damage|p1a: Gholdengo|24/100|[from] item: Life Orb
|move|p2a: Archaludon|Electro Shot||[still]
|-prepare|p2a: Archaludon|Electro Shot
|-boost|p2a: Archaludon|spa|1
|-anim|p2a: Archaludon|Electro Shot|p1a: Gholdengo
|-damage|p1a: Gholdengo|0 fnt
|faint|p1a: Gholdengo
|move|p2b: Ursaluna|Facade|p1b: Amoonguss
|-activate|p1b: Amoonguss|move: Protect
|
|-weather|none
|-damage|p2b: Ursaluna|35/100 brn|[from] brn
|upkeep
|
|t:|1756480350
|switch|p1a: Incineroar|Incineroar, L50, F|1/100
|-ability|p1a: Incineroar|Intimidate|boost
|-unboost|p2a: Archaludon|atk|1
|-unboost|p2b: Ursaluna|atk|1
|turn|6
|
|t:|1756480414
|move|p1b: Amoonguss|Rage Powder|p1b: Amoonguss
|-singleturn|p1b: Amoonguss|move: Rage Powder
|move|p2a: Archaludon|Body Press|p1a: Incineroar
|-supereffective|p1a: Incineroar
|-damage|p1a: Incineroar|0 fnt
|faint|p1a: Incineroar
|move|p2b: Ursaluna|Facade|p1b: Amoonguss
|-damage|p1b: Amoonguss|1/100
|
|-damage|p2b: Ursaluna|29/100 brn|[from] brn
|upkeep
|turn|7
|-message|Aizenora forfeited.
|
|win|Notaplaceofhonor
|raw|Aizenora's rating: 1192 → 1165(-27 for losing)
|raw|Notaplaceofhonor's rating: 1166 → 1193(+27 for winning)
