|j|☆Salmon4777
|j|☆yenjang
|html|Salmon4777yenjang    
|uhtml|bestof|Game 1 of a best-of-3
|t:|1785677237
|gametype|doubles
|player|p1|Salmon4777|rosa|
|player|p2|yenjang|cynthia-gen4|
|gen|9
|tier|[Gen 9 Champions] VGC 2026 Reg M-B (Bo3)
|rule|Species Clause: Limit one of each Pokémon
|rule|Item Clause: Limit 1 of each item
|clearpoke
|poke|p1|Charizard, L50, M|
|poke|p1|Farigiraf, L50, M|
|poke|p1|Venusaur, L50, M|
|poke|p1|Garchomp, L50, F|
|poke|p1|Incineroar, L50, M|
|poke|p1|Sylveon, L50, M|
|poke|p2|Raichu, L50, M, shiny|
|poke|p2|Garchomp, L50, M, shiny|
|poke|p2|Ninetales-Alola, L50, F, shiny|
|poke|p2|Basculegion, L50, M, shiny|
|poke|p2|Tsareena, L50, F, shiny|
|poke|p2|Talonflame, L50, F, shiny|
|teampreview|4
|showteam|p1|Charizard||CharizarditeY|Blaze|HeatWave,WeatherBall,SolarBeam,Protect|Modest||M|||50|]Farigiraf||ColburBerry|ArmorTail|Psychic,Thunderbolt,HelpingHand,TrickRoom|Modest||M|||50|]Venusaur||FocusSash|Chlorophyll|LeafStorm,SludgeBomb,SleepPowder,Protect|Modest||M|||50|]Garchomp||LifeOrb|RoughSkin|RockSlide,DragonClaw,Earthquake,Protect|Jolly||F|||50|]Incineroar||SitrusBerry|Intimidate|FlareBlitz,DarkestLariat,PartingShot,FakeOut|Careful||M|||50|]Sylveon||FairyFeather|Pixilate|HyperVoice,HyperBeam,QuickAttack,Protect|Modest||M|||50|
|showteam|p2|Raichu||RaichuniteY|LightningRod|ZapCannon,FocusBlast,FakeOut,Protect|Timid||M|||50|]Garchomp||LifeOrb|RoughSkin|DragonClaw,Earthquake,RockSlide,Protect|Jolly||M|||50|]Ninetales-Alola||FocusSash|SnowWarning|Blizzard,FreezeDry,Roar,Protect|Timid||F|||50|]Basculegion||ChoiceScarf|Adaptability|LastRespects,WaveCrash,AquaJet,FlipTurn|Jolly||M|||50|]Tsareena||WideLens|QueenlyMajesty|PowerWhip,TripleAxel,HighJumpKick,Taunt|Adamant||F|||50|]Talonflame||ExpertBelt|GaleWings|DualWingbeat,FlareBlitz,Tailwind,Protect|Jolly||F|||50|
|j| Hankk1995
|l|☆Salmon4777
|player|p1|
|j|☆Salmon4777
|player|p1|Salmon4777|rosa|
|j| Kkkkkkkh
|j| kuoli00021
|l| Kkkkkkkh
|j| ChienX2
|j| Kkkkkkkh
|c|☆Salmon4777|好了說一下 感謝
|l| Kkkkkkkh
|c|☆yenjang|喔喔我好了
|c|☆Salmon4777|那我開計時了
|inactive|Battle timer is ON: inactive players will automatically lose when time's up. (requested by Salmon4777)
|
|t:|1785677470
|teamsize|p1|4
|teamsize|p2|4
|start
|switch|p1a: Charizard|Charizard, L50, M|100/100
|switch|p1b: Garchomp|Garchomp, L50, F|100/100
|switch|p2a: Talonflame|Talonflame, L50, F, shiny|100/100
|switch|p2b: Garchomp|Garchomp, L50, M, shiny|100/100
|turn|1
|inactive|Salmon4777 has 30 seconds left.
|inactive|yenjang has 30 seconds left.
|inactive|yenjang has 20 seconds left.
|
|t:|1785677507
|switch|p1a: Incineroar|Incineroar, L50, M|100/100
|-ability|p1a: Incineroar|Intimidate|boost
|-unboost|p2a: Talonflame|atk|1
|-unboost|p2b: Garchomp|atk|1
|move|p2a: Talonflame|Tailwind|p2a: Talonflame
|-sidestart|p2: yenjang|move: Tailwind
|move|p2b: Garchomp|Dragon Claw|p1b: Garchomp
|-supereffective|p1b: Garchomp|1
|-damage|p1b: Garchomp|35/100
|-damage|p2b: Garchomp|87/100|[from] ability: Rough Skin|[of] p1b: Garchomp
|-damage|p2b: Garchomp|78/100|[from] item: Life Orb
|move|p1b: Garchomp|Dragon Claw|p2b: Garchomp
|-supereffective|p2b: Garchomp|1
|-damage|p2b: Garchomp|0 fnt
|-damage|p1b: Garchomp|22/100|[from] ability: Rough Skin|[of] p2b: Garchomp
|faint|p2b: Garchomp
|-damage|p1b: Garchomp|12/100|[from] item: Life Orb
|
|upkeep
|inactive|yenjang has 30 seconds left.
|
|t:|1785677533
|switch|p2b: Basculegion|Basculegion, L50, M, shiny|100/100
|turn|2
|inactive|Salmon4777 has 30 seconds left.
|inactive|yenjang has 30 seconds left.
|j| Eggy’sDad
|inactive|yenjang has 20 seconds left.
|inactive|yenjang has 15 seconds left.
|
|t:|1785677578
|move|p2a: Talonflame|Protect|p2a: Talonflame
|-singleturn|p2a: Talonflame|Protect
|move|p1a: Incineroar|Fake Out|p2a: Talonflame
|-activate|p2a: Talonflame|move: Protect
|move|p2b: Basculegion|Wave Crash|p1a: Incineroar
|-supereffective|p1a: Incineroar|1
|-damage|p1a: Incineroar|0 fnt
|faint|p1a: Incineroar
|-damage|p2b: Basculegion|65/100|[from] Recoil
|move|p1b: Garchomp|Rock Slide|p2b: Basculegion|[spread] 
|-activate|p2a: Talonflame|move: Protect
|-miss|p1b: Garchomp|p2b: Basculegion
|
|upkeep
|
|t:|1785677595
|switch|p1a: Charizard|Charizard, L50, M|100/100
|turn|3
|
|t:|1785677616
|detailschange|p1a: Charizard|Charizard-Mega-Y, L50, M
|-mega|p1a: Charizard|Charizard|Charizardite Y
|-weather|SunnyDay|[from] ability: Drought|[of] p1a: Charizard
|move|p1a: Charizard|Protect|p1a: Charizard
|-singleturn|p1a: Charizard|Protect
|move|p2a: Talonflame|Dual Wingbeat|p1b: Garchomp
|-damage|p1b: Garchomp|1/100
|-damage|p2a: Talonflame|87/100|[from] ability: Rough Skin|[of] p1b: Garchomp
|-damage|p1b: Garchomp|0 fnt
|-damage|p2a: Talonflame|75/100|[from] ability: Rough Skin|[of] p1b: Garchomp
|faint|p1b: Garchomp
|-hitcount|p1: Garchomp|2
|move|p2b: Basculegion|Wave Crash|p1a: Charizard
|-activate|p1a: Charizard|move: Protect
|
|-weather|SunnyDay|[upkeep]
|upkeep
|j| Midoria100
|
|t:|1785677628
|switch|p1b: Sylveon|Sylveon, L50, M|100/100
|turn|4
|inactive|yenjang has 30 seconds left.
|
|t:|1785677654
|move|p2a: Talonflame|Protect|p2a: Talonflame
|-singleturn|p2a: Talonflame|Protect
|move|p2b: Basculegion|Wave Crash|p1a: Charizard
|-supereffective|p1a: Charizard|1
|-damage|p1a: Charizard|21/100
|-damage|p2b: Basculegion|43/100|[from] Recoil
|move|p1a: Charizard|Solar Beam||[still]
|-prepare|p1a: Charizard|Solar Beam
|-anim|p1a: Charizard|Solar Beam|p2b: Basculegion
|-supereffective|p2b: Basculegion|1
|-damage|p2b: Basculegion|0 fnt
|faint|p2b: Basculegion
|move|p1b: Sylveon|Hyper Voice|p2a: Talonflame
|-activate|p2a: Talonflame|move: Protect
|
|-weather|SunnyDay|[upkeep]
|-sideend|p2: yenjang|move: Tailwind
|upkeep
|j| FongSC
|
|t:|1785677669
|switch|p2b: Raichu|Raichu, L50, M, shiny|100/100
|turn|5
|l| FongSC
|inactive|yenjang has 30 seconds left.
|
|t:|1785677705
|detailschange|p2b: Raichu|Raichu-Mega-Y, L50, M, shiny
|-mega|p2b: Raichu|Raichu|Raichunite Y
|move|p1a: Charizard|Protect|p1a: Charizard
|-singleturn|p1a: Charizard|Protect
|move|p2a: Talonflame|Dual Wingbeat|p1a: Charizard
|-activate|p1a: Charizard|move: Protect
|move|p2b: Raichu|Zap Cannon|p1b: Sylveon
|-damage|p1b: Sylveon|49/100
|-status|p1b: Sylveon|par
|cant|p1b: Sylveon|par
|
|-weather|SunnyDay|[upkeep]
|upkeep
|turn|6
|inactive|yenjang has 30 seconds left.
|
|t:|1785677731
|move|p2a: Talonflame|Dual Wingbeat|p1a: Charizard
|-damage|p1a: Charizard|10/100
|-damage|p1a: Charizard|0 fnt
|faint|p1a: Charizard
|-hitcount|p1: Charizard|2
|move|p2b: Raichu|Zap Cannon|p1b: Sylveon
|-damage|p1b: Sylveon|0 fnt
|faint|p1b: Sylveon
|
|win|yenjang
||Salmon4777 is ready for game 2.
|l| Eggy’sDad
|inactive|yenjang has 30 seconds to confirm battle start!
|inactive|yenjang has 20 seconds to confirm battle start!
|j| Eggy’sDad
|j| Kkkkkkkh
|inactive|yenjang has 10 seconds to confirm battle start!
||yenjang is ready for game 2.
|uhtml|next|Next: Game 2 of 3
|j| FongSC
|j| DiGuaaa
|l| Kkkkkkkh
|l| DiGuaaa
|j| limilin
|n| ChienX2|chienx2
|l| ChienX2
|l| FongSC
|j| FongSC
|j| slaking-champions
|j| yizhongchang
|l| Eggy’sDad
|l| FongSC
|l|☆Salmon4777
|player|p1|
|l| yizhongchang
|j| double112233
|l| double112233
|j| double112233
|l| Hankk1995
|j|☆Salmon4777
|player|p1|Salmon4777|rosa|
