|j|☆K1nggDC
|j|☆Kyooby
|html|K1nggDCKyooby    
|uhtml|bestof|Game 2 of a best-of-3
|t:|1786010760
|gametype|doubles
|player|p1|K1nggDC|101|1000
|player|p2|Kyooby|volkner|1000
|gen|9
|tier|[Gen 9 Champions] VGC 2026 Reg M-B (Bo3)
|rated|
|rule|Species Clause: Limit one of each Pokémon
|rule|Item Clause: Limit 1 of each item
|clearpoke
|poke|p1|Beedrill, L50, M|
|poke|p1|Maushold-Four, L50|
|poke|p1|Garganacl, L50, M|
|poke|p1|Grimmsnarl, L50, M|
|poke|p1|Excadrill, L50, F|
|poke|p1|Talonflame, L50, F|
|poke|p2|Gengar, L50, F|
|poke|p2|Swampert, L50, F|
|poke|p2|Incineroar, L50, F|
|poke|p2|Politoed, L50, M|
|poke|p2|Archaludon, L50, F|
|poke|p2|Vivillon, L50, F|
|teampreview|4
|showteam|p1|Beedrill||Beedrillite|Sniper|DrillRun,Lunge,PoisonJab,Protect|Jolly||M|||50|]Maushold-Four||SitrusBerry|CheekPouch|FollowMe,PopulationBomb,SuperFang,Protect|Impish|||||50|]Garganacl||Leftovers|PurifyingSalt|WideGuard,BodyPress,SaltCure,Explosion|Careful||M|||50|]Grimmsnarl||LightClay|Prankster|LightScreen,Reflect,FakeOut,DazzlingGleam|Sassy||M|||50|]Excadrill||Excadrite|MoldBreaker|IronHead,HighHorsepower,BrickBreak,Protect|Jolly||F|||50|]Talonflame||Charcoal|GaleWings|Tailwind,BraveBird,FlareBlitz,Protect|Jolly||F|||50|
|showteam|p2|Gengar||Gengarite|CursedBody|ShadowBall,PerishSong,SludgeBomb,Protect|Timid||F|||50|]Swampert||Swampertite|Torrent|WaveCrash,Earthquake,IcePunch,Protect|Adamant||F|||50|]Incineroar||PasshoBerry|Intimidate|ThroatChop,PartingShot,FakeOut,Protect|Sassy||F|||50|]Politoed||SitrusBerry|Drizzle|WeatherBall,PerishSong,Encore,Protect|Calm||M|||50|]Archaludon||Leftovers|Stamina|DragonPulse,FlashCannon,ElectroShot,Protect|Bold||F|||50|]Vivillon||FocusSash|CompoundEyes|Hurricane,SleepPowder,RagePowder,Protect|Timid||F|||50|
|inactive|Battle timer is ON: inactive players will automatically lose when time's up. (requested by Kyooby)
|inactive|K1nggDC also wants the timer to be on.
|
|t:|1786010779
|teamsize|p1|4
|teamsize|p2|4
|start
|switch|p1a: Beedrill|Beedrill, L50, M|100/100
|switch|p1b: Garganacl|Garganacl, L50, M|100/100
|switch|p2a: Incineroar|Incineroar, L50, F|100/100
|switch|p2b: Gengar|Gengar, L50, F|100/100
|-ability|p2a: Incineroar|Intimidate|boost
|-unboost|p1a: Beedrill|atk|1
|-unboost|p1b: Garganacl|atk|1
|turn|1
|inactive|Kyooby has 30 seconds left.
|inactive|Kyooby has 20 seconds left.
|
|t:|1786010817
|detailschange|p2b: Gengar|Gengar-Mega, L50, F
|-mega|p2b: Gengar|Gengar|Gengarite
|move|p1a: Beedrill|Protect|p1a: Beedrill
|-singleturn|p1a: Beedrill|Protect
|move|p2a: Incineroar|Fake Out|p1a: Beedrill
|-activate|p1a: Beedrill|move: Protect
|move|p2b: Gengar|Perish Song|p2b: Gengar
|-start|p1a: Beedrill|perish3|[silent]
|-start|p1b: Garganacl|perish3|[silent]
|-start|p2a: Incineroar|perish3|[silent]
|-start|p2b: Gengar|perish3|[silent]
|-fieldactivate|move: Perish Song
|move|p1b: Garganacl|Salt Cure|p2b: Gengar
|-damage|p2b: Gengar|88/100
|-start|p2b: Gengar|Salt Cure
|
|-damage|p2b: Gengar|82/100|[from] Salt Cure
|-start|p2b: Gengar|perish3
|-start|p1a: Beedrill|perish3
|-start|p2a: Incineroar|perish3
|-start|p1b: Garganacl|perish3
|upkeep
|turn|2
|inactive|K1nggDC has 30 seconds left.
|
|t:|1786010851
|switch|p2b: Archaludon|Archaludon, L50, F|100/100
|detailschange|p1a: Beedrill|Beedrill-Mega, L50, M
|-mega|p1a: Beedrill|Beedrill|Beedrillite
|move|p1a: Beedrill|Drill Run|p2b: Archaludon
|-supereffective|p2b: Archaludon|1
|-crit|p2b: Archaludon
|-damage|p2b: Archaludon|43/100
|-ability|p2b: Archaludon|Stamina|boost
|-boost|p2b: Archaludon|def|1
|move|p2a: Incineroar|Parting Shot|p1a: Beedrill
|-unboost|p1a: Beedrill|atk|1
|-unboost|p1a: Beedrill|spa|1
|
|t:|1786010861
|switch|p2a: Gengar|Gengar-Mega, L50, F|82/100|[from] Parting Shot
|move|p1b: Garganacl|Salt Cure|p2a: Gengar
|-damage|p2a: Gengar|70/100
|-start|p2a: Gengar|Salt Cure
|
|-heal|p2b: Archaludon|49/100|[from] item: Leftovers
|-damage|p2a: Gengar|64/100|[from] Salt Cure
|-start|p1a: Beedrill|perish2
|-start|p1b: Garganacl|perish2
|upkeep
|turn|3
|inactive|K1nggDC has 30 seconds left.
|
|t:|1786010889
|move|p2a: Gengar|Protect|p2a: Gengar
|-singleturn|p2a: Gengar|Protect
|move|p2b: Archaludon|Protect|p2b: Archaludon
|-singleturn|p2b: Archaludon|Protect
|move|p1a: Beedrill|Drill Run|p2a: Gengar
|-activate|p2a: Gengar|move: Protect
|move|p1b: Garganacl|Body Press|p2b: Archaludon
|-activate|p2b: Archaludon|move: Protect
|
|-heal|p2b: Archaludon|55/100|[from] item: Leftovers
|-damage|p2a: Gengar|58/100|[from] Salt Cure
|-start|p1a: Beedrill|perish1
|-start|p1b: Garganacl|perish1
|upkeep
|turn|4
|inactive|Kyooby has 30 seconds left.
|inactive|Kyooby has 20 seconds left.
|inactive|Kyooby has 15 seconds left.
|
|t:|1786010931
|switch|p2a: Politoed|Politoed, L50, M|100/100
|-weather|RainDance|[from] ability: Drizzle|[of] p2a: Politoed
|move|p1a: Beedrill|Drill Run|p2a: Politoed
|-damage|p2a: Politoed|84/100
|move|p2b: Archaludon|Electro Shot||[still]
|-prepare|p2b: Archaludon|Electro Shot
|-boost|p2b: Archaludon|spa|1
|-anim|p2b: Archaludon|Electro Shot|p1a: Beedrill
|-damage|p1a: Beedrill|11/100
|move|p1b: Garganacl|Body Press|p2b: Archaludon
|-supereffective|p2b: Archaludon|1
|-damage|p2b: Archaludon|31/100
|-ability|p2b: Archaludon|Stamina|boost
|-boost|p2b: Archaludon|def|1
|
|-weather|RainDance|[upkeep]
|-heal|p2b: Archaludon|38/100|[from] item: Leftovers
|-start|p1a: Beedrill|perish0
|-start|p1b: Garganacl|perish0
|upkeep
|faint|p1a: Beedrill
|faint|p1b: Garganacl
|
|t:|1786010952
|switch|p1a: Excadrill|Excadrill, L50, F|100/100
|switch|p1b: Talonflame|Talonflame, L50, F|100/100
|-ability|p1a: Excadrill|Mold Breaker
|turn|5
|
|t:|1786010969
|switch|p2a: Incineroar|Incineroar, L50, F|100/100
|-ability|p2a: Incineroar|Intimidate|boost
|-unboost|p1a: Excadrill|atk|1
|-unboost|p1b: Talonflame|atk|1
|move|p2b: Archaludon|Protect|p2b: Archaludon
|-singleturn|p2b: Archaludon|Protect
|move|p1b: Talonflame|Tailwind|p1b: Talonflame
|-sidestart|p1: K1nggDC|move: Tailwind
|move|p1a: Excadrill|High Horsepower|p2b: Archaludon
|-activate|p2b: Archaludon|move: Protect
|
|-weather|RainDance|[upkeep]
|-heal|p2b: Archaludon|44/100|[from] item: Leftovers
|upkeep
|turn|6
|inactive|Kyooby has 30 seconds left.
|
|t:|1786010997
|move|p2a: Incineroar|Fake Out|p1a: Excadrill
|-resisted|p1a: Excadrill|1
|-damage|p1a: Excadrill|91/100
|move|p1b: Talonflame|Brave Bird|p2a: Incineroar
|-damage|p2a: Incineroar|81/100
|-damage|p1b: Talonflame|93/100|[from] Recoil
|cant|p1a: Excadrill|flinch
|move|p2b: Archaludon|Electro Shot||[still]
|-prepare|p2b: Archaludon|Electro Shot
|-boost|p2b: Archaludon|spa|1
|-anim|p2b: Archaludon|Electro Shot|p1b: Talonflame
|-supereffective|p1b: Talonflame|1
|-damage|p1b: Talonflame|0 fnt
|faint|p1b: Talonflame
|
|-weather|RainDance|[upkeep]
|-heal|p2b: Archaludon|50/100g|[from] item: Leftovers
|upkeep
|turn|7
|-message|K1nggDC forfeited.
|
|win|Kyooby
|raw|K1nggDC's rating: 1000 → 1000(+0 for losing)
|raw|Kyooby's rating: 1000 → 1040(+40 for winning)
