|j|☆Dre18
|j|☆Mamiti waos
|html|Dre18Mamiti waos    
|uhtml|bestof|Game 1 of a best-of-3
|t:|1756209486
|gametype|doubles
|player|p1|Dre18|lucas|1030
|player|p2|Mamiti waos|265|1134
|gen|9
|tier|[Gen 9] VGC 2025 Reg H (Bo3)
|rated|
|rule|Species Clause: Limit one of each Pokémon
|rule|Item Clause: Limit 1 of each item
|clearpoke
|poke|p1|Volcarona, L50, M|
|poke|p1|Rillaboom, L50, F|
|poke|p1|Annihilape, L50, F|
|poke|p1|Ninetales-Alola, L50, M|
|poke|p1|Electabuzz, L50, F|
|poke|p1|Gyarados, L50, M|
|poke|p2|Stonjourner, L50, M|
|poke|p2|Dragonite, L50, F|
|poke|p2|Kingambit, L50, F|
|poke|p2|Rillaboom, L50, M|
|poke|p2|Kommo-o, L50, M|
|poke|p2|Electabuzz, L50, F|
|teampreview|4
|showteam|p1|Volcarona||CovertCloak|FlameBody|HeatWave,TeraBlast,QuiverDance,Protect|||M|||50|,,,,,Fairy]Rillaboom||AssaultVest|GrassySurge|FakeOut,GrassyGlide,Uturn,WoodHammer|||F|||50|,,,,,Fire]Annihilape||SafetyGoggles|Defiant|RageFist,DrainPunch,BulkUp,Protect|||F|||50|,,,,,Water]Ninetales-Alola||LightClay|SnowWarning|Blizzard,IcicleSpear,AuroraVeil,Encore|||M|||50|,,,,,Ghost]Electabuzz||Eviolite|VitalSpirit|Electroweb,FollowMe,Taunt,Protect|||F|||50|,,,,,Ghost]Gyarados||RockyHelmet|Intimidate|Waterfall,IronHead,ThunderWave,Protect|||M|||50|,,,,,Steel
|showteam|p2|Stonjourner||FocusSash|PowerSpot|RockSlide,StompingTantrum,WideGuard,Protect|||M|||50|,,,,,Ghost]Dragonite||ChoiceBand|InnerFocus|ExtremeSpeed,Outrage,StompingTantrum,IceSpinner|||F|||50|,,,,,Normal]Kingambit||BlackGlasses|Defiant|Assurance,SuckerPunch,SwordsDance,Protect|||F|||50|,,,,,Dark]Rillaboom||AssaultVest|GrassySurge|GrassyGlide,WoodHammer,FakeOut,Uturn|||M|||50|,,,,,Fire]Kommo-o||ThroatSpray|Soundproof|ClangingScales,AuraSphere,ClangorousSoul,Protect|||M|||50|,,,,,Steel]Electabuzz||Eviolite|VitalSpirit|Electroweb,Taunt,FollowMe,Protect|||F|||50|,,,,,Ghost
|inactive|Battle timer is ON: inactive players will automatically lose when time's up. (requested by Dre18)
|c|☆Mamiti waos|glhf
|c|☆Dre18|glhf
|inactive|Dre18 has 60 seconds left.
|inactive|Mamiti waos has 60 seconds left.
|inactive|Mamiti waos has 30 seconds left.
|inactive|Mamiti waos has 20 seconds left.
|
|t:|1756209562
|teamsize|p1|4
|teamsize|p2|4
|start
|switch|p1a: Volcarona|Volcarona, L50, M|100/100
|switch|p1b: Ninetales|Ninetales-Alola, L50, M|100/100
|switch|p2a: Electabuzz|Electabuzz, L50, F|100/100
|switch|p2b: Dragonite|Dragonite, L50, F|100/100
|-weather|Snowscape|[from] ability: Snow Warning|[of] p1b: Ninetales
|turn|1
|inactive|Dre18 has 30 seconds left.
|inactive|Dre18 has 20 seconds left.
|
|t:|1756209598
|switch|p2a: Stonjourner|Stonjourner, L50, M|100/100
|-terastallize|p1a: Volcarona|Fairy
|-terastallize|p2b: Dragonite|Normal
|move|p2b: Dragonite|Extreme Speed|p1b: Ninetales
|-damage|p1b: Ninetales|24/100
|move|p1b: Ninetales|Aurora Veil|p1b: Ninetales
|-sidestart|p1: Dre18|move: Aurora Veil
|move|p1a: Volcarona|Quiver Dance|p1a: Volcarona
|-boost|p1a: Volcarona|spa|1
|-boost|p1a: Volcarona|spd|1
|-boost|p1a: Volcarona|spe|1
|
|-weather|Snowscape|[upkeep]
|upkeep
|turn|2
|
|t:|1756209621
|switch|p1b: Annihilape|Annihilape, L50, F|100/100
|move|p2b: Dragonite|Extreme Speed|p1a: Volcarona
|-damage|p1a: Volcarona|17/100
|-status|p2b: Dragonite|brn|[from] ability: Flame Body|[of] p1a: Volcarona
|move|p1a: Volcarona|Tera Blast|p2b: Dragonite|[anim] Tera Blast Fairy
|-damage|p2b: Dragonite|37/100 brn
|move|p2a: Stonjourner|Rock Slide|p1b: Annihilape|[spread] p1a,p1b
|-resisted|p1b: Annihilape
|-damage|p1a: Volcarona|0 fnt
|-damage|p1b: Annihilape|91/100
|faint|p1a: Volcarona
|
|-weather|Snowscape|[upkeep]
|-damage|p2b: Dragonite|31/100 brn|[from] brn
|upkeep
|
|t:|1756209637
|switch|p1a: Ninetales|Ninetales-Alola, L50, M|24/100
|turn|3
|
|t:|1756209660
|switch|p2a: Electabuzz|Electabuzz, L50, F|100/100
|move|p2b: Dragonite|Extreme Speed|p1a: Ninetales
|-damage|p1a: Ninetales|6/100
|move|p1a: Ninetales|Blizzard|p2a: Electabuzz|[spread] p2a,p2b
|-damage|p2a: Electabuzz|80/100
|-damage|p2b: Dragonite|3/100 brn
|move|p1b: Annihilape|Drain Punch|p2b: Dragonite
|-supereffective|p2b: Dragonite
|-damage|p2b: Dragonite|0 fnt
|-heal|p1b: Annihilape|92/100|[from] drain|[of] p2b: Dragonite
|faint|p2b: Dragonite
|
|-weather|Snowscape|[upkeep]
|upkeep
|
|t:|1756209673
|switch|p2b: Kingambit|Kingambit, L50, F|100/100
|turn|4
|
|t:|1756209693
|move|p2a: Electabuzz|Follow Me|p2a: Electabuzz
|-singleturn|p2a: Electabuzz|move: Follow Me
|move|p2b: Kingambit|Sucker Punch|p1a: Ninetales
|-resisted|p1a: Ninetales
|-damage|p1a: Ninetales|0 fnt
|faint|p1a: Ninetales
|move|p1b: Annihilape|Bulk Up|p1b: Annihilape
|-boost|p1b: Annihilape|atk|1
|-boost|p1b: Annihilape|def|1
|
|-weather|Snowscape|[upkeep]
|upkeep
|
|t:|1756209702
|switch|p1a: Electabuzz|Electabuzz, L50, F|100/100
|turn|5
|
|t:|1756209720
|move|p1b: Annihilape|Protect|p1b: Annihilape
|-singleturn|p1b: Annihilape|Protect
|move|p2b: Kingambit|Protect|p2b: Kingambit
|-singleturn|p2b: Kingambit|Protect
|move|p1a: Electabuzz|Taunt|p2a: Electabuzz
|-start|p2a: Electabuzz|move: Taunt
|cant|p2a: Electabuzz|move: Taunt|Taunt
|
|-weather|none
|upkeep
|turn|6
|
|t:|1756209736
|switch|p2b: Stonjourner|Stonjourner, L50, M|100/100
|move|p1a: Electabuzz|Follow Me|p1a: Electabuzz
|-singleturn|p1a: Electabuzz|move: Follow Me
|move|p2a: Electabuzz|Electroweb|p1a: Electabuzz|[spread] p1a,p1b
|-resisted|p1a: Electabuzz
|-crit|p1b: Annihilape
|-damage|p1a: Electabuzz|96/100
|-damage|p1b: Annihilape|67/100
|-unboost|p1a: Electabuzz|spe|1
|-unboost|p1b: Annihilape|spe|1
|-ability|p1b: Annihilape|Defiant|boost
|-boost|p1b: Annihilape|atk|2
|move|p1b: Annihilape|Drain Punch|p2b: Stonjourner
|-supereffective|p2b: Stonjourner
|-enditem|p2b: Stonjourner|Focus Sash
|-damage|p2b: Stonjourner|1/100
|-heal|p1b: Annihilape|100/100|[from] drain|[of] p2b: Stonjourner
|
|upkeep
|turn|7
|
|t:|1756209756
|move|p2b: Stonjourner|Rock Slide|p1b: Annihilape|[spread] p1b
|-miss|p2b: Stonjourner|p1a: Electabuzz
|-resisted|p1b: Annihilape
|-damage|p1b: Annihilape|95/100
|move|p2a: Electabuzz|Electroweb|p1b: Annihilape|[spread] p1a,p1b
|-resisted|p1a: Electabuzz
|-crit|p1b: Annihilape
|-damage|p1a: Electabuzz|91/100
|-damage|p1b: Annihilape|72/100
|-unboost|p1a: Electabuzz|spe|1
|-unboost|p1b: Annihilape|spe|1
|-ability|p1b: Annihilape|Defiant|boost
|-boost|p1b: Annihilape|atk|2
|move|p1a: Electabuzz|Electroweb|p2a: Electabuzz|[spread] p2a
|-miss|p1a: Electabuzz|p2b: Stonjourner
|-resisted|p2a: Electabuzz
|-damage|p2a: Electabuzz|74/100
|-unboost|p2a: Electabuzz|spe|1
|move|p1b: Annihilape|Drain Punch|p2a: Electabuzz
|-damage|p2a: Electabuzz|0 fnt
|-heal|p1b: Annihilape|100/100|[from] drain|[of] p2a: Electabuzz
|faint|p2a: Electabuzz
|
|upkeep
|
|t:|1756209773
|switch|p2a: Kingambit|Kingambit, L50, F|100/100
|turn|8
|
|t:|1756209778
|move|p1a: Electabuzz|Follow Me|p1a: Electabuzz
|-singleturn|p1a: Electabuzz|move: Follow Me
|move|p2b: Stonjourner|Rock Slide|p1b: Annihilape|[spread] p1a,p1b
|-resisted|p1b: Annihilape
|-damage|p1a: Electabuzz|76/100
|-damage|p1b: Annihilape|94/100
|move|p2a: Kingambit|Assurance|p1a: Electabuzz
|-damage|p1a: Electabuzz|19/100
|cant|p1b: Annihilape|flinch
|
|-sideend|p1: Dre18|move: Aurora Veil
|upkeep
|turn|9
|
|t:|1756209801
|move|p1a: Electabuzz|Follow Me|p1a: Electabuzz
|-singleturn|p1a: Electabuzz|move: Follow Me
|move|p2b: Stonjourner|Rock Slide|p1a: Electabuzz|[spread] p1a,p1b
|-resisted|p1b: Annihilape
|-damage|p1a: Electabuzz|0 fnt
|-damage|p1b: Annihilape|86/100
|faint|p1a: Electabuzz
|move|p2a: Kingambit|Assurance|p1b: Annihilape
|-damage|p1b: Annihilape|18/100
|move|p1b: Annihilape|Drain Punch|p2a: Kingambit
|-supereffective|p2a: Kingambit
|-damage|p2a: Kingambit|0 fnt
|-heal|p1b: Annihilape|70/100|[from] drain|[of] p2a: Kingambit
|faint|p2a: Kingambit
|
|upkeep
|turn|10
|
|t:|1756209815
|move|p2b: Stonjourner|Rock Slide|p1b: Annihilape
|-resisted|p1b: Annihilape
|-damage|p1b: Annihilape|57/100
|cant|p1b: Annihilape|flinch
|
|upkeep
|turn|11
|
|t:|1756209839
|move|p2b: Stonjourner|Rock Slide|p1b: Annihilape
|-resisted|p1b: Annihilape
|-damage|p1b: Annihilape|44/100
|cant|p1b: Annihilape|flinch
|
|upkeep
|turn|12
|
|t:|1756209845
|move|p2b: Stonjourner|Rock Slide|p1b: Annihilape
|-resisted|p1b: Annihilape
|-damage|p1b: Annihilape|32/100
|move|p1b: Annihilape|Drain Punch|p2b: Stonjourner
|-supereffective|p2b: Stonjourner
|-damage|p2b: Stonjourner|0 fnt
|-heal|p1b: Annihilape|33/100|[from] drain|[of] p2b: Stonjourner
|faint|p2b: Stonjourner
|
|win|Dre18
||Mamiti waos is ready for game 2.
