|j|☆zace4life
|j|☆crini
|html|zace4lifecrini    
|uhtml|bestof|Game 2 of a best-of-3
|t:|1784241047
|gametype|doubles
|player|p1|zace4life|266|
|player|p2|crini|crasherwake|
|gen|9
|tier|[Gen 9 Champions] VGC 2026 Reg M-B (Bo3)
|rule|Species Clause: Limit one of each Pokémon
|rule|Item Clause: Limit 1 of each item
|clearpoke
|poke|p1|Altaria, L50, F|
|poke|p1|Whimsicott, L50, F|
|poke|p1|Charizard, L50, M|
|poke|p1|Aerodactyl, L50, F|
|poke|p1|Arcanine, L50, F|
|poke|p1|Cofagrigus, L50, M|
|poke|p2|Malamar, L50, F|
|poke|p2|Vileplume, L50, M|
|poke|p2|Talonflame, L50, F|
|poke|p2|Maushold, L50|
|poke|p2|Glalie, L50, F|
|poke|p2|Bastiodon, L50, M|
|teampreview|4
|showteam|p1|Altaria||Leftovers|CloudNine|HyperVoice,Roar,DracoMeteor,Tailwind|Bold||F|||50|]Whimsicott||FocusSash|Prankster|Uturn,Tailwind,Moonblast,Taunt|Naive||F|||50|]Charizard||CharizarditeY|Blaze|WeatherBall,ScorchingSands,HeatWave,Protect|Modest||M|||50|]Aerodactyl||LifeOrb|Unnerve|RockSlide,Crunch,Protect,Earthquake|Jolly||F|||50|]Arcanine||ChoiceScarf|Intimidate|Crunch,Snarl,FlareBlitz,PlayRough|Adamant||F|||50|]Cofagrigus||MuscleBand|Mummy|Poltergeist,Protect,BodyPress,IronDefense|Adamant||M|||50|
|showteam|p2|Malamar||Malamarite|Contrary|KnockOff,Superpower,Protect,ZenHeadbutt|Adamant||F|||50|]Vileplume||FocusSash|Chlorophyll|SludgeBomb,StrengthSap,AfterYou,SleepPowder|Timid||M|||50|]Talonflame||SharpBeak|GaleWings|Tailwind,SunnyDay,BraveBird,Protect|Jolly||F|||50|]Maushold||ChopleBerry|FriendGuard|FollowMe,Feint,Protect,HelpingHand|Impish|||||50|]Glalie||SilkScarf|Moody|Explosion,Protect,Disable,Substitute|Adamant||F|||50|]Bastiodon||Leftovers|Soundproof|WideGuard,IronDefense,MetalBurst,BodyPress|Impish||M|||50|
|
|t:|1784241127
|teamsize|p1|4
|teamsize|p2|4
|start
|switch|p1a: Whimsicott|Whimsicott, L50, F|100/100
|switch|p1b: Aerodactyl|Aerodactyl, L50, F|100/100
|switch|p2a: Malamar|Malamar, L50, F|100/100
|switch|p2b: Vileplume|Vileplume, L50, M|100/100
|-ability|p1b: Aerodactyl|Unnerve
|turn|1
|
|t:|1784241197
|detailschange|p2a: Malamar|Malamar-Mega, L50, F
|-mega|p2a: Malamar|Malamar|Malamarite
|move|p2a: Malamar|Protect|p2a: Malamar
|-singleturn|p2a: Malamar|Protect
|move|p1b: Aerodactyl|Earthquake|p2b: Vileplume|[spread] p1a,p2b
|-activate|p2a: Malamar|move: Protect
|-resisted|p1a: Whimsicott|1
|-damage|p1a: Whimsicott|77/100
|-damage|p2b: Vileplume|68/100
|-damage|p1b: Aerodactyl|90/100|[from] item: Life Orb
|move|p1a: Whimsicott|U-turn|p2a: Malamar
|-activate|p2a: Malamar|move: Protect
|move|p2b: Vileplume|Sludge Bomb|p1a: Whimsicott
|-supereffective|p1a: Whimsicott|2
|-damage|p1a: Whimsicott|0 fnt
|faint|p1a: Whimsicott
|
|upkeep
|
|t:|1784241214
|switch|p1a: Charizard|Charizard, L50, M|100/100
|turn|2
|
|t:|1784241254
|move|p1b: Aerodactyl|Earthquake|p2a: Malamar|[spread] p2a,p2b
|-immune|p1a: Charizard
|-crit|p2a: Malamar
|-damage|p2a: Malamar|46/100
|-damage|p2b: Vileplume|35/100
|-damage|p1b: Aerodactyl|81/100|[from] item: Life Orb
|move|p1a: Charizard|Heat Wave|p2b: Vileplume|[spread] p2a,p2b
|-supereffective|p2b: Vileplume|1
|-damage|p2a: Malamar|14/100
|-damage|p2b: Vileplume|0 fnt
|faint|p2b: Vileplume
|move|p2a: Malamar|Superpower|p1b: Aerodactyl
|-damage|p1b: Aerodactyl|20/100y
|-boost|p2a: Malamar|atk|1
|-boost|p2a: Malamar|def|1
|
|upkeep
|
|t:|1784241269
|switch|p2b: Bastiodon|Bastiodon, L50, M|100/100
|turn|3
|
|t:|1784241333
|detailschange|p1a: Charizard|Charizard-Mega-Y, L50, M
|-mega|p1a: Charizard|Charizard|Charizardite Y
|-weather|SunnyDay|[from] ability: Drought|[of] p1a: Charizard
|move|p2b: Bastiodon|Wide Guard|p2b: Bastiodon
|-singleturn|p2b: Bastiodon|Wide Guard
|move|p1b: Aerodactyl|Rock Slide|p2a: Malamar|[spread] 
|-activate|p2a: Malamar|move: Wide Guard
|-activate|p2b: Bastiodon|move: Wide Guard
|move|p1a: Charizard|Scorching Sands|p2b: Bastiodon
|-supereffective|p2b: Bastiodon|2
|-damage|p2b: Bastiodon|20/100y
|-status|p2b: Bastiodon|brn
|move|p2a: Malamar|Knock Off|p1b: Aerodactyl
|-damage|p1b: Aerodactyl|0 fnt
|-enditem|p1b: Aerodactyl|Life Orb|[from] move: Knock Off|[of] p2a: Malamar
|faint|p1b: Aerodactyl
|
|-weather|SunnyDay|[upkeep]
|-heal|p2b: Bastiodon|26/100 brn|[from] item: Leftovers
|-damage|p2b: Bastiodon|20/100y brn|[from] brn
|upkeep
|
|t:|1784241352
|switch|p1b: Cofagrigus|Cofagrigus, L50, M|100/100
|turn|4
|
|t:|1784241457
|move|p1b: Cofagrigus|Protect|p1b: Cofagrigus
|-singleturn|p1b: Cofagrigus|Protect
|move|p2b: Bastiodon|Wide Guard|p2b: Bastiodon
|-singleturn|p2b: Bastiodon|Wide Guard
|move|p1a: Charizard|Heat Wave|p2b: Bastiodon|[spread] 
|-activate|p2a: Malamar|move: Wide Guard
|-activate|p2b: Bastiodon|move: Wide Guard
|move|p2a: Malamar|Zen Headbutt|p1a: Charizard
|-damage|p1a: Charizard|18/100
|
|-weather|SunnyDay|[upkeep]
|-heal|p2b: Bastiodon|26/100 brn|[from] item: Leftovers
|-damage|p2b: Bastiodon|20/100y brn|[from] brn
|upkeep
|turn|5
|
|t:|1784241571
|move|p1a: Charizard|Heat Wave|p2a: Malamar|[spread] p2a,p2b
|-damage|p2a: Malamar|0 fnt
|-damage|p2b: Bastiodon|0 fnt
|faint|p2a: Malamar
|faint|p2b: Bastiodon
|move|p1b: Cofagrigus|Iron Defense|p1b: Cofagrigus
|-boost|p1b: Cofagrigus|def|2
|
|-weather|SunnyDay|[upkeep]
|upkeep
|-message|crini forfeited.
|
|win|zace4life
|l|☆crini
|player|p2|
