|j|☆Jordan230806
|j|☆Tajinvgc4
|html|Jordan230806Tajinvgc4    
|uhtml|bestof|Game 2 of a best-of-3
|t:|1785886330
|gametype|doubles
|player|p1|Jordan230806|lucas|1038
|player|p2|Tajinvgc4|101|1000
|gen|9
|tier|[Gen 9 Champions] VGC 2026 Reg M-B (Bo3)
|rated|
|rule|Species Clause: Limit one of each Pokémon
|rule|Item Clause: Limit 1 of each item
|clearpoke
|poke|p1|Raichu, L50, M|
|poke|p1|Farigiraf, L50, F|
|poke|p1|Mawile, L50, M|
|poke|p1|Garchomp, L50, F|
|poke|p1|Vivillon, L50, M|
|poke|p1|Torkoal, L50, M|
|poke|p2|Charizard, L50, M, shiny|
|poke|p2|Garchomp, L50, M, shiny|
|poke|p2|Kingambit, L50, F, shiny|
|poke|p2|Floette-Eternal, L50, F|
|poke|p2|Whimsicott, L50, F, shiny|
|poke|p2|Basculegion, L50, M, shiny|
|teampreview|4
|showteam|p1|Raichu||RaichuniteY|LightningRod|FakeOut,ZapCannon,FocusBlast,Protect|Hasty||M|||50|]Farigiraf||SitrusBerry|ArmorTail|Psychic,TrickRoom,HelpingHand,Thunderbolt|Quiet||F|||50|]Mawile||Mawilite|Intimidate|PlayRough,RockSlide,SuckerPunch,Protect|Adamant||M|||50|]Garchomp||LifeOrb|RoughSkin|Earthquake,DragonClaw,RockSlide,Protect|Jolly||F|||50|]Vivillon||FocusSash|CompoundEyes|SleepPowder,Hurricane,RagePowder,Protect|Timid||M|||50|]Torkoal||Charcoal|Drought|Eruption,EarthPower,WeatherBall,Protect|Modest||M|||50|
|showteam|p2|Charizard||CharizarditeY|Blaze|HeatWave,WeatherBall,SolarBeam,Protect|Modest||M|||50|]Garchomp||LifeOrb|RoughSkin|DragonClaw,Earthquake,Protect,RockSlide|Jolly||M|||50|]Kingambit||BlackGlasses|Defiant|KowtowCleave,LowKick,SuckerPunch,Protect|Adamant||F|||50|]Floette-Eternal||Floettite|FlowerVeil|Moonblast,DazzlingGleam,LightofRuin,Protect|Timid||F|||50|]Whimsicott||FocusSash|Prankster|Moonblast,Encore,Tailwind,Protect|Timid||F|||50|]Basculegion||MysticWater|Adaptability|WaveCrash,LastRespects,AquaJet,Protect|Adamant||M|||50|
|l|☆Tajinvgc4
|player|p2|
|j|☆Tajinvgc4
|player|p2|Tajinvgc4|101|
|inactive|Battle timer is ON: inactive players will automatically lose when time's up. (requested by Tajinvgc4)
|
|t:|1785886382
|teamsize|p1|4
|teamsize|p2|4
|start
|switch|p1a: Garchomp|Garchomp, L50, F|100/100
|switch|p1b: Vivillon|Vivillon, L50, M|100/100
|switch|p2a: Charizard|Charizard, L50, M, shiny|100/100
|switch|p2b: Garchomp|Garchomp, L50, M, shiny|100/100
|turn|1
|inactive|Tajinvgc4 has 30 seconds left.
|inactive|Tajinvgc4 has 20 seconds left.
|inactive|Tajinvgc4 has 15 seconds left.
|inactive|Tajinvgc4 has 10 seconds left.
|inactive|Tajinvgc4 has 5 seconds left.
|
|t:|1785886432
|detailschange|p2a: Charizard|Charizard-Mega-Y, L50, M, shiny
|-mega|p2a: Charizard|Charizard|Charizardite Y
|-weather|SunnyDay|[from] ability: Drought|[of] p2a: Charizard
|move|p1b: Vivillon|Protect|p1b: Vivillon
|-singleturn|p1b: Vivillon|Protect
|move|p2b: Garchomp|Rock Slide|p1a: Garchomp|[spread] p1a
|-activate|p1b: Vivillon|move: Protect
|-resisted|p1a: Garchomp|1
|-crit|p1a: Garchomp
|-damage|p1a: Garchomp|81/100
|-damage|p2b: Garchomp|90/100|[from] item: Life Orb
|move|p1a: Garchomp|Rock Slide|p2b: Garchomp|[spread] p2a,p2b
|-supereffective|p2a: Charizard|2
|-resisted|p2b: Garchomp|1
|-damage|p2a: Charizard|1/100
|-damage|p2b: Garchomp|78/100
|-damage|p1a: Garchomp|71/100|[from] item: Life Orb
|cant|p2a: Charizard|flinch
|
|-weather|SunnyDay|[upkeep]
|upkeep
|turn|2
|inactive|Jordan230806 has 30 seconds left.
|inactive|Tajinvgc4 has 30 seconds left.
|inactive|Jordan230806 has 20 seconds left.
|inactive|Jordan230806 has 15 seconds left.
|inactive|Jordan230806 has 10 seconds left.
|inactive|Jordan230806 has 5 seconds left.
|
|t:|1785886484
|move|p2a: Charizard|Protect|p2a: Charizard
|-singleturn|p2a: Charizard|Protect
|move|p2b: Garchomp|Rock Slide|p1b: Vivillon|[spread] 
|-miss|p2b: Garchomp|p1a: Garchomp
|-miss|p2b: Garchomp|p1b: Vivillon
|move|p1a: Garchomp|Dragon Claw|p2b: Garchomp
|-supereffective|p2b: Garchomp|1
|-damage|p2b: Garchomp|0 fnt
|-damage|p1a: Garchomp|58/100|[from] ability: Rough Skin|[of] p2b: Garchomp
|faint|p2b: Garchomp
|-damage|p1a: Garchomp|49/100|[from] item: Life Orb
|move|p1b: Vivillon|Hurricane|p2a: Charizard
|-activate|p2a: Charizard|move: Protect
|
|-weather|SunnyDay|[upkeep]
|upkeep
|
|t:|1785886508
|switch|p2b: Kingambit|Kingambit, L50, F, shiny|100/100
|turn|3
|
|t:|1785886527
|move|p1b: Vivillon|Protect|p1b: Vivillon
|-singleturn|p1b: Vivillon|Protect
|move|p1a: Garchomp|Earthquake|p2b: Kingambit|[spread] p2b
|-activate|p1b: Vivillon|move: Protect
|-immune|p2a: Charizard
|-supereffective|p2b: Kingambit|1
|-damage|p2b: Kingambit|24/100
|-damage|p1a: Garchomp|39/100|[from] item: Life Orb
|move|p2a: Charizard|Heat Wave|p1a: Garchomp|[spread] p1a
|-activate|p1b: Vivillon|move: Protect
|-resisted|p1a: Garchomp|1
|-damage|p1a: Garchomp|4/100
|move|p2b: Kingambit|Kowtow Cleave|p1b: Vivillon
|-activate|p1b: Vivillon|move: Protect
|
|-weather|SunnyDay|[upkeep]
|upkeep
|turn|4
|inactive|Jordan230806 has 30 seconds left.
|inactive|Tajinvgc4 has 30 seconds left.
|inactive|Jordan230806 has 20 seconds left.
|inactive|Jordan230806 has 15 seconds left.
|inactive|Jordan230806 has 10 seconds left.
|
|t:|1785886575
|switch|p1a: Farigiraf|Farigiraf, L50, F|100/100
|move|p2b: Kingambit|Protect|p2b: Kingambit
|-singleturn|p2b: Kingambit|Protect
|move|p1b: Vivillon|Hurricane|p2b: Kingambit
|-activate|p2b: Kingambit|move: Protect
|move|p2a: Charizard|Heat Wave|p1a: Farigiraf|[spread] p1a,p1b
|-supereffective|p1b: Vivillon|1
|-damage|p1a: Farigiraf|36/100
|-enditem|p1b: Vivillon|Focus Sash
|-damage|p1b: Vivillon|1/100
|-enditem|p1a: Farigiraf|Sitrus Berry|[eat]
|-heal|p1a: Farigiraf|61/100|[from] item: Sitrus Berry
|
|-weather|SunnyDay|[upkeep]
|upkeep
|turn|5
|inactive|Tajinvgc4 has 30 seconds left.
|
|t:|1785886608
|switch|p1b: Mawile|Mawile, L50, M|100/100
|-ability|p1b: Mawile|Intimidate|boost
|-unboost|p2a: Charizard|atk|1
|-unboost|p2b: Kingambit|atk|1
|-ability|p2b: Kingambit|Defiant|boost
|-boost|p2b: Kingambit|atk|2
|move|p2a: Charizard|Heat Wave|p1a: Farigiraf|[spread] p1a,p1b
|-supereffective|p1b: Mawile|1
|-damage|p1a: Farigiraf|0 fnt
|-damage|p1b: Mawile|0 fnt
|faint|p1a: Farigiraf
|faint|p1b: Mawile
|move|p2b: Kingambit|Kowtow Cleave|p1: Farigiraf|[notarget]
|-fail|p2b: Kingambit
|
|-weather|none
|upkeep
|
|t:|1785886622
|switch|p1a: Vivillon|Vivillon, L50, M|1/100
|switch|p1b: Garchomp|Garchomp, L50, F|4/100
|turn|6
|
|t:|1785886640
|move|p2a: Charizard|Protect|p2a: Charizard
|-singleturn|p2a: Charizard|Protect
|move|p2b: Kingambit|Protect|p2b: Kingambit
|-singleturn|p2b: Kingambit|Protect
|move|p1b: Garchomp|Rock Slide|p2b: Kingambit|[spread] 
|-activate|p2a: Charizard|move: Protect
|-activate|p2b: Kingambit|move: Protect
|move|p1a: Vivillon|Hurricane|p2a: Charizard
|-activate|p2a: Charizard|move: Protect
|
|upkeep
|turn|7
|
|t:|1785886663
|move|p2b: Kingambit|Sucker Punch|p1a: Vivillon
|-damage|p1a: Vivillon|0 fnt
|faint|p1a: Vivillon
|move|p1b: Garchomp|Rock Slide|p2b: Kingambit|[spread] p2a,p2b
|-supereffective|p2a: Charizard|2
|-resisted|p2b: Kingambit|1
|-damage|p2a: Charizard|0 fnt
|-damage|p2b: Kingambit|14/100
|faint|p2a: Charizard
|-damage|p1b: Garchomp|0 fnt|[from] item: Life Orb
|faint|p1b: Garchomp
|
|win|Tajinvgc4
