|j|☆MaxUtrecht
|j|☆palle synchro
|html|MaxUtrechtpalle synchro    
|uhtml|bestof|Game 2 of a best-of-3
|t:|1783422092
|gametype|doubles
|player|p1|MaxUtrecht|lucas|1187
|player|p2|palle synchro|volkner|1269
|gen|9
|tier|[Gen 9 Champions] VGC 2026 Reg M-B (Bo3)
|rated|
|rule|Species Clause: Limit one of each Pokémon
|rule|Item Clause: Limit 1 of each item
|clearpoke
|poke|p1|Floette-Eternal, L50, F|
|poke|p1|Aerodactyl, L50, M|
|poke|p1|Charizard, L50, F|
|poke|p1|Aegislash, L50, F|
|poke|p1|Maushold-Four, L50|
|poke|p1|Sinistcha-Masterpiece, L50|
|poke|p2|Swampert, L50, M|
|poke|p2|Pelipper, L50, M|
|poke|p2|Archaludon, L50, M|
|poke|p2|Venusaur, L50, F|
|poke|p2|Maushold-Four, L50|
|poke|p2|Gholdengo, L50|
|teampreview|4
|showteam|p1|Floette-Eternal||Floettite|FlowerVeil|Moonblast,DazzlingGleam,CalmMind,Protect|Timid||F|||50|]Aerodactyl||FocusSash|Unnerve|DualWingbeat,RockSlide,Tailwind,WideGuard|Jolly||M|||50|]Charizard||CharizarditeY|SolarPower|HeatWave,SolarBeam,AirSlash,Protect|Timid||F|||50|]Aegislash||Leftovers|StanceChange|Poltergeist,IronHead,ShadowSneak,KingsShield|Adamant||F|||50|]Maushold-Four||SitrusBerry|FriendGuard|SuperFang,FollowMe,Encore,Protect|Timid|||||50|]Sinistcha-Masterpiece||KasibBerry|Hospitality|MatchaGotcha,RagePowder,TrickRoom,ShadowBall|Relaxed|||||50|
|showteam|p2|Swampert||Swampertite|Torrent|WaveCrash,HighHorsepower,IcePunch,Protect|Adamant||M|||50|]Pelipper||SitrusBerry|Drizzle|WeatherBall,Hurricane,Tailwind,WideGuard|Modest||M|||50|]Archaludon||Leftovers|Stamina|ElectroShot,DragonPulse,FlashCannon,Protect|Calm||M|||50|]Venusaur||Venusaurite|Chlorophyll|GigaDrain,EarthPower,SludgeBomb,Protect|Modest||F|||50|]Maushold-Four||FocusSash|FriendGuard|FollowMe,SuperFang,RainDance,Protect|Timid|||||50|]Gholdengo||LifeOrb|GoodasGold|MakeItRain,ShadowBall,NastyPlot,Protect|Modest|||||50|
|inactive|Battle timer is ON: inactive players will automatically lose when time's up. (requested by palle synchro)
|
|t:|1783422110
|teamsize|p1|4
|teamsize|p2|4
|start
|switch|p1a: Aegislash|Aegislash, L50, F|100/100
|switch|p1b: Sinistcha|Sinistcha-Masterpiece, L50|100/100
|switch|p2a: Venusaur|Venusaur, L50, F|100/100
|switch|p2b: Maushold|Maushold-Four, L50|100/100
|turn|1
|
|t:|1783422121
|switch|p2b: Archaludon|Archaludon, L50, M|100/100
|detailschange|p2a: Venusaur|Venusaur-Mega, L50, F
|-mega|p2a: Venusaur|Venusaur|Venusaurite
|move|p2a: Venusaur|Earth Power|p1a: Aegislash
|-supereffective|p1a: Aegislash|1
|-damage|p1a: Aegislash|47/100
|move|p1b: Sinistcha|Matcha Gotcha|p2b: Archaludon|[spread] 
|-miss|p1b: Sinistcha|p2a: Venusaur
|-miss|p1b: Sinistcha|p2b: Archaludon
|-formechange|p1a: Aegislash|Aegislash-Blade|
|move|p1a: Aegislash|Iron Head|p2b: Archaludon
|-resisted|p2b: Archaludon|1
|-damage|p2b: Archaludon|82/100
|-ability|p2b: Archaludon|Stamina|boost
|-boost|p2b: Archaludon|def|1
|
|-heal|p2b: Archaludon|89/100|[from] item: Leftovers
|-heal|p1a: Aegislash|53/100|[from] item: Leftovers
|upkeep
|turn|2
|
|t:|1783422142
|switch|p2a: Pelipper|Pelipper, L50, M|100/100
|-weather|RainDance|[from] ability: Drizzle|[of] p2a: Pelipper
|move|p2b: Archaludon|Electro Shot||[still]
|-prepare|p2b: Archaludon|Electro Shot
|-boost|p2b: Archaludon|spa|1
|-anim|p2b: Archaludon|Electro Shot|p1a: Aegislash
|-damage|p1a: Aegislash|0 fnt
|faint|p1a: Aegislash
|move|p1b: Sinistcha|Shadow Ball|p2a: Pelipper
|-damage|p2a: Pelipper|60/100
|-unboost|p2a: Pelipper|spd|1
|
|-weather|RainDance|[upkeep]
|-heal|p2b: Archaludon|95/100|[from] item: Leftovers
|upkeep
|
|t:|1783422158
|switch|p1a: Charizard|Charizard, L50, F|100/100
|turn|3
|
|t:|1783422169
|detailschange|p1a: Charizard|Charizard-Mega-Y, L50, F
|-mega|p1a: Charizard|Charizard|Charizardite Y
|-weather|SunnyDay|[from] ability: Drought|[of] p1a: Charizard
|move|p2b: Archaludon|Protect|p2b: Archaludon
|-singleturn|p2b: Archaludon|Protect
|move|p1a: Charizard|Heat Wave|p2a: Pelipper|[spread] p2a
|-activate|p2b: Archaludon|move: Protect
|-resisted|p2a: Pelipper|1
|-damage|p2a: Pelipper|0 fnt
|faint|p2a: Pelipper
|move|p1b: Sinistcha|Matcha Gotcha|p2b: Archaludon
|-activate|p2b: Archaludon|move: Protect
|
|-weather|SunnyDay|[upkeep]
|-heal|p2b: Archaludon|100/100|[from] item: Leftovers
|upkeep
|
|t:|1783422180
|switch|p2a: Maushold|Maushold-Four, L50|100/100
|turn|4
|
|t:|1783422186
|move|p1b: Sinistcha|Rage Powder|p1b: Sinistcha
|-singleturn|p1b: Sinistcha|move: Rage Powder
|move|p2a: Maushold|Rain Dance|p2a: Maushold
|-weather|RainDance
|move|p1a: Charizard|Heat Wave|p2a: Maushold|[spread] p2a,p2b
|-crit|p2b: Archaludon
|-damage|p2a: Maushold|74/100
|-damage|p2b: Archaludon|80/100
|-ability|p2b: Archaludon|Stamina|boost
|-boost|p2b: Archaludon|def|1
|move|p2b: Archaludon|Electro Shot||[still]
|-prepare|p2b: Archaludon|Electro Shot
|-boost|p2b: Archaludon|spa|1
|-anim|p2b: Archaludon|Electro Shot|p1b: Sinistcha
|-resisted|p1b: Sinistcha|1
|-damage|p1b: Sinistcha|64/100
|
|-weather|RainDance|[upkeep]
|-heal|p2b: Archaludon|86/100|[from] item: Leftovers
|upkeep
|turn|5
|
|t:|1783422202
|switch|p1a: Maushold|Maushold-Four, L50|100/100
|move|p2a: Maushold|Protect|p2a: Maushold
|-singleturn|p2a: Maushold|Protect
|move|p2b: Archaludon|Dragon Pulse|p1b: Sinistcha
|-damage|p1b: Sinistcha|4/100
|move|p1b: Sinistcha|Matcha Gotcha|p2a: Maushold|[spread] p2b
|-activate|p2a: Maushold|move: Protect
|-resisted|p2b: Archaludon|2
|-damage|p2b: Archaludon|82/100
|-heal|p1b: Sinistcha|6/100|[from] drain|[of] p2b: Archaludon
|-ability|p2b: Archaludon|Stamina|boost
|-boost|p2b: Archaludon|def|1
|
|-weather|RainDance|[upkeep]
|-heal|p2b: Archaludon|89/100|[from] item: Leftovers
|upkeep
|turn|6
|
|t:|1783422223
|move|p2a: Maushold|Super Fang|p1a: Maushold
|-damage|p1a: Maushold|50/100g
|move|p1a: Maushold|Encore|p2a: Maushold
|-start|p2a: Maushold|Encore
|move|p2b: Archaludon|Dragon Pulse|p1b: Sinistcha
|-damage|p1b: Sinistcha|0 fnt
|faint|p1b: Sinistcha
|
|-weather|RainDance|[upkeep]
|-heal|p2b: Archaludon|95/100|[from] item: Leftovers
|upkeep
|
|t:|1783422231
|switch|p1b: Charizard|Charizard-Mega-Y, L50, F|100/100
|-weather|SunnyDay|[from] ability: Drought|[of] p1b: Charizard
|turn|7
|
|t:|1783422241
|switch|p2a: Venusaur|Venusaur-Mega, L50, F|100/100
|move|p2b: Archaludon|Protect|p2b: Archaludon
|-singleturn|p2b: Archaludon|Protect
|move|p1a: Maushold|Super Fang|p2b: Archaludon
|-activate|p2b: Archaludon|move: Protect
|move|p1b: Charizard|Heat Wave|p2a: Venusaur|[spread] p2a
|-activate|p2b: Archaludon|move: Protect
|-supereffective|p2a: Venusaur|1
|-damage|p2a: Venusaur|50/100g
|
|-weather|SunnyDay|[upkeep]
|-heal|p2b: Archaludon|100/100|[from] item: Leftovers
|upkeep
|turn|8
|
|t:|1783422261
|move|p2b: Archaludon|Protect||[still]
|-fail|p2b: Archaludon
|move|p1a: Maushold|Super Fang|p2b: Archaludon
|-damage|p2b: Archaludon|50/100y
|-ability|p2b: Archaludon|Stamina|boost
|-boost|p2b: Archaludon|def|1
|move|p1b: Charizard|Heat Wave|p2b: Archaludon|[spread] p2b
|-miss|p1b: Charizard|p2a: Venusaur
|-damage|p2b: Archaludon|0 fnt
|faint|p2b: Archaludon
|move|p2a: Venusaur|Sludge Bomb|p1a: Maushold
|-damage|p1a: Maushold|0 fnt
|faint|p1a: Maushold
|
|-weather|SunnyDay|[upkeep]
|upkeep
|
|t:|1783422270
|switch|p2b: Maushold|Maushold-Four, L50|74/100
|turn|9
|
|t:|1783422288
|move|p2a: Venusaur|Protect|p2a: Venusaur
|-singleturn|p2a: Venusaur|Protect
|move|p2b: Maushold|Rain Dance|p2b: Maushold
|-weather|RainDance
|move|p1b: Charizard|Air Slash|p2b: Maushold
|-damage|p2b: Maushold|20/100y
|
|-weather|RainDance|[upkeep]
|upkeep
|turn|10
|
|t:|1783422301
|move|p2b: Maushold|Super Fang|p1b: Charizard
|-damage|p1b: Charizard|50/100g
|move|p1b: Charizard|Heat Wave|p2b: Maushold|[spread] p2a,p2b
|-supereffective|p2a: Venusaur|1
|-damage|p2a: Venusaur|38/100
|-damage|p2b: Maushold|0 fnt
|faint|p2b: Maushold
|move|p2a: Venusaur|Sludge Bomb|p1b: Charizard
|-damage|p1b: Charizard|1/100
|
|-weather|RainDance|[upkeep]
|upkeep
|turn|11
|
|t:|1783422312
|move|p1b: Charizard|Air Slash|p2a: Venusaur
|-supereffective|p2a: Venusaur|1
|-damage|p2a: Venusaur|0 fnt
|faint|p2a: Venusaur
|
|win|MaxUtrecht
|raw|MaxUtrecht's rating: 1187 → 1218(+31 for winning)
|raw|palle synchro's rating: 1269 → 1238(-31 for losing)
