|j|☆hungry hillo
|j|☆MrGreen3432
|html|hungry hilloMrGreen3432    
|uhtml|bestof|Game 1 of a best-of-3
|t:|1757797748
|gametype|doubles
|player|p1|hungry hillo|n|1115
|player|p2|MrGreen3432|101|1231
|gen|9
|tier|[Gen 9] VGC 2025 Reg H (Bo3)
|rated|
|rule|Species Clause: Limit one of each Pokémon
|rule|Item Clause: Limit 1 of each item
|clearpoke
|poke|p1|Rillaboom, L50, F|
|poke|p1|Dondozo, L50, F|
|poke|p1|Incineroar, L50, F|
|poke|p1|Glimmora, L50, M|
|poke|p1|Maushold-Four, L50|
|poke|p1|Annihilape, L50, F|
|poke|p2|Garchomp, L50, M|
|poke|p2|Misdreavus, L50, M|
|poke|p2|Gothitelle, L50, M|
|poke|p2|Amoonguss, L50, M|
|poke|p2|Incineroar, L50, M|
|poke|p2|Meowscarada, L50, F|
|teampreview|4
|showteam|p1|Rillaboom||AssaultVest|GrassySurge|FakeOut,WoodHammer,GrassyGlide,Uturn|||F|||50|,,,,,Water]Dondozo||Leftovers|Unaware|Protect,WaveCrash,Yawn,Fissure|||F|||50|,,,,,Grass]Incineroar||SitrusBerry|Intimidate|FakeOut,KnockOff,FlareBlitz,PartingShot|||F|||50|,,,,,Ghost]Glimmora||FocusSash|Corrosion|PowerGem,MortalSpin,SpikyShield,EnergyBall|||M|||50|,,,,,Grass]Maushold-Four||CovertCloak|FriendGuard|BeatUp,SuperFang,FollowMe,Taunt||||||50|,,,,,Fairy]Annihilape||SafetyGoggles|Defiant|RageFist,DrainPunch,BulkUp,Protect|||F|||50|,,,,,Fire
|showteam|p2|Garchomp||LifeOrb|RoughSkin|Protect,Earthquake,StompingTantrum,DragonClaw|||M|||50|,,,,,Stellar]Misdreavus||Eviolite|Levitate|Protect,PerishSong,WillOWisp,ShadowBall|||M|||50|,,,,,Steel]Gothitelle||SitrusBerry|ShadowTag|Protect,FakeOut,TrickRoom,Psychic|||M|||50|,,,,,Dark]Amoonguss||EjectButton|Regenerator|Protect,RagePowder,Spore,PollenPuff|||M|||50|,,,,,Fairy]Incineroar||SafetyGoggles|Intimidate|Protect,FakeOut,PartingShot,KnockOff|||M|||50|,,,,,Ghost]Meowscarada||FocusSash|Protean|Protect,TripleAxel,FlowerTrick,PlayRough|||F|||50|,,,,,Ghost
|inactive|Battle timer is ON: inactive players will automatically lose when time's up. (requested by MrGreen3432)
|c|☆hungry hillo|Glhf
|inactive|MrGreen3432 has 60 seconds left.
|
|t:|1757797806
|teamsize|p1|4
|teamsize|p2|4
|start
|switch|p1a: Glimmora|Glimmora, L50, M|100/100
|switch|p1b: Dondozo|Dondozo, L50, F|100/100
|switch|p2a: Misdreavus|Misdreavus, L50, M|100/100
|switch|p2b: Gothitelle|Gothitelle, L50, M|100/100
|turn|1
|
|t:|1757797819
|move|p1a: Glimmora|Spiky Shield|p1a: Glimmora
|-singleturn|p1a: Glimmora|move: Protect
|move|p2b: Gothitelle|Fake Out|p1a: Glimmora
|-activate|p1a: Glimmora|move: Protect
|-damage|p2b: Gothitelle|88/100|[from] Spiky Shield|[of] p1a: Glimmora
|move|p2a: Misdreavus|Perish Song|p2a: Misdreavus
|-start|p1a: Glimmora|perish3|[silent]
|-start|p1b: Dondozo|perish3|[silent]
|-start|p2a: Misdreavus|perish3|[silent]
|-start|p2b: Gothitelle|perish3|[silent]
|-fieldactivate|move: Perish Song
|move|p1b: Dondozo|Yawn|p2b: Gothitelle
|-start|p2b: Gothitelle|move: Yawn|[of] p1b: Dondozo
|
|-start|p1a: Glimmora|perish3
|-start|p2a: Misdreavus|perish3
|-start|p2b: Gothitelle|perish3
|-start|p1b: Dondozo|perish3
|upkeep
|turn|2
|inactive|MrGreen3432 has 30 seconds left.
|
|t:|1757797854
|switch|p2b: Amoonguss|Amoonguss, L50, M|100/100
|move|p1a: Glimmora|Mortal Spin|p2b: Amoonguss|[spread] p2a,p2b
|-resisted|p2a: Misdreavus
|-damage|p2a: Misdreavus|98/100
|-damage|p2b: Amoonguss|96/100
|-status|p2a: Misdreavus|psn
|-status|p2b: Amoonguss|psn
|-enditem|p2b: Amoonguss|Eject Button
|
|t:|1757797862
|switch|p2b: Gothitelle|Gothitelle, L50, M|88/100
|move|p2a: Misdreavus|Shadow Ball|p1a: Glimmora
|-damage|p1a: Glimmora|68/100
|move|p1b: Dondozo|Wave Crash|p2b: Gothitelle
|-damage|p2b: Gothitelle|52/100
|-damage|p1b: Dondozo|92/100|[from] Recoil
|
|-heal|p1b: Dondozo|99/100|[from] item: Leftovers
|-damage|p2a: Misdreavus|86/100 psn|[from] psn
|-start|p1a: Glimmora|perish2
|-start|p2a: Misdreavus|perish2
|-start|p1b: Dondozo|perish2
|upkeep
|turn|3
|
|t:|1757797884
|switch|p2a: Amoonguss|Amoonguss, L50, M|100/100 psn
|move|p1a: Glimmora|Spiky Shield|p1a: Glimmora
|-singleturn|p1a: Glimmora|move: Protect
|move|p2b: Gothitelle|Fake Out|p1b: Dondozo
|-damage|p1b: Dondozo|95/100
|cant|p1b: Dondozo|flinch
|
|-heal|p1b: Dondozo|100/100|[from] item: Leftovers
|-damage|p2a: Amoonguss|88/100 psn|[from] psn
|-start|p1a: Glimmora|perish1
|-start|p1b: Dondozo|perish1
|upkeep
|turn|4
|
|t:|1757797901
|move|p2b: Gothitelle|Protect|p2b: Gothitelle
|-singleturn|p2b: Gothitelle|Protect
|move|p2a: Amoonguss|Protect|p2a: Amoonguss
|-singleturn|p2a: Amoonguss|Protect
|move|p1a: Glimmora|Mortal Spin|p2b: Gothitelle|[spread] 
|-activate|p2a: Amoonguss|move: Protect
|-activate|p2b: Gothitelle|move: Protect
|move|p1b: Dondozo|Wave Crash|p2b: Gothitelle
|-activate|p2b: Gothitelle|move: Protect
|
|-damage|p2a: Amoonguss|76/100 psn|[from] psn
|-start|p1a: Glimmora|perish0
|-start|p1b: Dondozo|perish0
|faint|p1a: Glimmora
|faint|p1b: Dondozo
|upkeep
|
|t:|1757797904
|switch|p1a: Incineroar|Incineroar, L50, F|100/100
|switch|p1b: Rillaboom|Rillaboom, L50, F|100/100
|-fieldstart|move: Grassy Terrain|[from] ability: Grassy Surge|[of] p1b: Rillaboom
|-ability|p1a: Incineroar|Intimidate|boost
|-unboost|p2a: Amoonguss|atk|1
|-unboost|p2b: Gothitelle|atk|1
|turn|5
|inactive|MrGreen3432 has 30 seconds left.
|
|t:|1757797938
|switch|p2b: Misdreavus|Misdreavus, L50, M|86/100 psn
|move|p1b: Rillaboom|U-turn|p2a: Amoonguss
|-damage|p2a: Amoonguss|56/100 psn
|move|p1a: Incineroar|Flare Blitz|p2a: Amoonguss
|-supereffective|p2a: Amoonguss
|-damage|p2a: Amoonguss|0 fnt
|faint|p2a: Amoonguss
|-damage|p1a: Incineroar|81/100|[from] Recoil
|
|-heal|p1a: Incineroar|87/100|[from] Grassy Terrain
|-damage|p2b: Misdreavus|74/100 psn|[from] psn
|upkeep
|
|t:|1757797946
|switch|p2a: Gothitelle|Gothitelle, L50, M|52/100
|turn|6
|
|t:|1757797963
|move|p2a: Gothitelle|Fake Out|p1a: Incineroar
|-damage|p1a: Incineroar|82/100
|move|p2b: Misdreavus|Perish Song|p2b: Misdreavus
|-start|p1a: Incineroar|perish3|[silent]
|-start|p1b: Rillaboom|perish3|[silent]
|-start|p2a: Gothitelle|perish3|[silent]
|-start|p2b: Misdreavus|perish3|[silent]
|-fieldactivate|move: Perish Song
|move|p1b: Rillaboom|Wood Hammer|p2b: Misdreavus
|-damage|p2b: Misdreavus|2/100 psn
|-damage|p1b: Rillaboom|81/100|[from] Recoil
|cant|p1a: Incineroar|flinch
|
|-heal|p1b: Rillaboom|87/100|[from] Grassy Terrain
|-heal|p1a: Incineroar|88/100|[from] Grassy Terrain
|-heal|p2a: Gothitelle|59/100|[from] Grassy Terrain
|-damage|p2b: Misdreavus|0 fnt|[from] psn
|faint|p2b: Misdreavus
|-start|p1b: Rillaboom|perish3
|-start|p1a: Incineroar|perish3
|-start|p2a: Gothitelle|perish3
|upkeep
|
|t:|1757797972
|switch|p2b: Garchomp|Garchomp, L50, M|100/100
|turn|7
|
|t:|1757797986
|-terastallize|p1a: Incineroar|Ghost
|move|p2b: Garchomp|Protect|p2b: Garchomp
|-singleturn|p2b: Garchomp|Protect
|move|p2a: Gothitelle|Protect|p2a: Gothitelle
|-singleturn|p2a: Gothitelle|Protect
|move|p1b: Rillaboom|Wood Hammer|p2b: Garchomp
|-activate|p2b: Garchomp|move: Protect
|move|p1a: Incineroar|Knock Off|p2a: Gothitelle
|-activate|p2a: Gothitelle|move: Protect
|
|-heal|p1b: Rillaboom|93/100|[from] Grassy Terrain
|-heal|p1a: Incineroar|94/100|[from] Grassy Terrain
|-heal|p2a: Gothitelle|65/100|[from] Grassy Terrain
|-start|p1b: Rillaboom|perish2
|-start|p1a: Incineroar|perish2
|-start|p2a: Gothitelle|perish2
|upkeep
|turn|8
|
|t:|1757798009
|-terastallize|p2b: Garchomp|Stellar
|move|p2b: Garchomp|Stomping Tantrum|p1a: Incineroar
|-damage|p1a: Incineroar|27/100
|-enditem|p1a: Incineroar|Sitrus Berry|[eat]
|-heal|p1a: Incineroar|52/100|[from] item: Sitrus Berry
|-damage|p2b: Garchomp|91/100|[from] item: Life Orb
|move|p1b: Rillaboom|Wood Hammer|p2b: Garchomp
|-damage|p2b: Garchomp|4/100
|-damage|p1b: Rillaboom|81/100|[from] ability: Rough Skin|[of] p2b: Garchomp
|-damage|p1b: Rillaboom|55/100|[from] Recoil
|move|p1a: Incineroar|Knock Off|p2a: Gothitelle
|-supereffective|p2a: Gothitelle
|-damage|p2a: Gothitelle|0 fnt
|-enditem|p2a: Gothitelle|Sitrus Berry|[from] move: Knock Off|[of] p1a: Incineroar
|faint|p2a: Gothitelle
|
|-heal|p2b: Garchomp|10/100|[from] Grassy Terrain
|-heal|p1b: Rillaboom|61/100|[from] Grassy Terrain
|-heal|p1a: Incineroar|58/100|[from] Grassy Terrain
|-start|p1b: Rillaboom|perish1
|-start|p1a: Incineroar|perish1
|upkeep
|turn|9
|
|t:|1757798028
|move|p2b: Garchomp|Protect|p2b: Garchomp
|-singleturn|p2b: Garchomp|Protect
|move|p1b: Rillaboom|Grassy Glide|p2b: Garchomp
|-activate|p2b: Garchomp|move: Protect
|move|p1a: Incineroar|Knock Off|p2b: Garchomp
|-activate|p2b: Garchomp|move: Protect
|
|-heal|p2b: Garchomp|16/100|[from] Grassy Terrain
|-heal|p1b: Rillaboom|67/100|[from] Grassy Terrain
|-heal|p1a: Incineroar|64/100|[from] Grassy Terrain
|-start|p1b: Rillaboom|perish0
|-start|p1a: Incineroar|perish0
|-fieldend|move: Grassy Terrain
|faint|p1b: Rillaboom
|faint|p1a: Incineroar
|
|win|MrGreen3432
|l|☆MrGreen3432
|player|p2|
||MrGreen3432 is ready for game 2.
||hungry hillo is ready for game 2.
|uhtml|next|Next: Game 2 of 3
