|j|☆swooshcel
|j|☆roacchin
|html|swooshcelroacchin    
|uhtml|bestof|Game 1 of a best-of-3
|t:|1784509333
|gametype|doubles
|player|p1|swooshcel|101|
|player|p2|roacchin|cynthia-gen4|
|gen|9
|tier|[Gen 9 Champions] VGC 2026 Reg M-B (Bo3)
|rule|Species Clause: Limit one of each Pokémon
|rule|Item Clause: Limit 1 of each item
|clearpoke
|poke|p1|Sinistcha-Masterpiece, L50|
|poke|p1|Basculegion, L50, M|
|poke|p1|Corviknight, L50, M|
|poke|p1|Glimmora, L50, F|
|poke|p1|Aurorus, L50, F|
|poke|p1|Froslass, L50, F|
|poke|p2|Charizard, L50, M|
|poke|p2|Grimmsnarl, L50, M|
|poke|p2|Kingambit, L50, F|
|poke|p2|Trevenant, L50, F|
|poke|p2|Meowstic, L50, M|
|poke|p2|Venusaur, L50, F|
|teampreview|4
|showteam|p1|Sinistcha-Masterpiece||SitrusBerry|Hospitality|MatchaGotcha,Scald,ShadowBall,RagePowder|Timid|||||50|]Basculegion||ChoiceScarf|Adaptability|IceFang,WaveCrash,LastRespects,FlipTurn|Jolly||M|||50|]Corviknight||FocusSash|Pressure|BraveBird,BodyPress,Tailwind,IronDefense|Impish||M|||50|]Glimmora||Glimmoranite|ToxicDebris|PowerGem,Protect,SludgeWave,Explosion|Modest||F|||50|]Aurorus||LightClay|SnowWarning|AuroraVeil,Blizzard,FlashCannon,Encore|Bold||F|||50|]Froslass||Froslassite|SnowCloak|Blizzard,Protect,NastyPlot,ShadowBall|Modest||F|||50|
|showteam|p2|Charizard||CharizarditeY|Blaze|HeatWave,WeatherBall,Protect,SolarBeam|Modest||M|||50|]Grimmsnarl||MentalHerb|Prankster|BrickBreak,FoulPlay,LightScreen,FakeOut|Adamant||M|||50|]Kingambit||LifeOrb|Defiant|SuckerPunch,KowtowCleave,Protect,LowKick|Naughty||F|||50|]Trevenant||SitrusBerry|Frisk|HornLeech,KnockOff,Poltergeist,RockSlide|Adamant||F|||50|]Meowstic||ExpertBelt|Prankster|FakeOut,Thunderbolt,ShadowBall,AlluringVoice|Timid||M|||50|]Venusaur||FocusSash|Chlorophyll|Protect,EnergyBall,EarthPower,WeatherBall|Modest||F|||50|
|
|t:|1784509375
|teamsize|p1|4
|teamsize|p2|4
|start
|switch|p1a: tailwind slave|Corviknight, L50, M|100/100
|switch|p1b: aurora veil slave|Aurorus, L50, F|100/100
|switch|p2a: Charizard|Charizard, L50, M|100/100
|switch|p2b: Venusaur|Venusaur, L50, F|100/100
|-ability|p1a: tailwind slave|Pressure
|-weather|Snowscape|[from] ability: Snow Warning|[of] p1b: aurora veil slave
|turn|1
|
|t:|1784509429
|move|p2a: Charizard|Heat Wave|p1b: aurora veil slave|[spread] p1a,p1b
|-supereffective|p1a: tailwind slave|1
|-damage|p1a: tailwind slave|28/100
|-damage|p1b: aurora veil slave|73/100
|move|p2b: Venusaur|Earth Power|p1b: aurora veil slave
|-supereffective|p1b: aurora veil slave|1
|-damage|p1b: aurora veil slave|31/100
|move|p1a: tailwind slave|Tailwind|p1a: tailwind slave
|-sidestart|p1: swooshcel|move: Tailwind
|move|p1b: aurora veil slave|Encore|p2b: Venusaur
|-start|p2b: Venusaur|Encore
|
|-weather|Snowscape|[upkeep]
|upkeep
|turn|2
|
|t:|1784509457
|detailschange|p2a: Charizard|Charizard-Mega-Y, L50, M
|-mega|p2a: Charizard|Charizard|Charizardite Y
|-weather|SunnyDay|[from] ability: Drought|[of] p2a: Charizard
|move|p2b: Venusaur|Earth Power|p1b: aurora veil slave
|-supereffective|p1b: aurora veil slave|1
|-damage|p1b: aurora veil slave|0 fnt
|faint|p1b: aurora veil slave
|move|p1a: tailwind slave|Brave Bird|p2b: Venusaur
|-supereffective|p2b: Venusaur|1
|-enditem|p2b: Venusaur|Focus Sash
|-damage|p2b: Venusaur|1/100
|-damage|p1a: tailwind slave|3/100|[from] Recoil
|move|p2a: Charizard|Heat Wave|p1a: tailwind slave|[miss]
|-miss|p2a: Charizard|p1a: tailwind slave
|
|-weather|SunnyDay|[upkeep]
|upkeep
|
|t:|1784509473
|switch|p1b: rime shank|Froslass, L50, F|100/100
|turn|3
|
|t:|1784509516
|switch|p1a: roland|Basculegion, L50, M|100/100
|detailschange|p1b: rime shank|Froslass-Mega, L50, F
|-mega|p1b: rime shank|Froslass|Froslassite
|-weather|Snowscape|[from] ability: Snow Warning|[of] p1b: rime shank
|move|p1b: rime shank|Protect|p1b: rime shank
|-singleturn|p1b: rime shank|Protect
|move|p2a: Charizard|Heat Wave|p1a: roland|[spread] p1a
|-activate|p1b: rime shank|move: Protect
|-resisted|p1a: roland|1
|-damage|p1a: roland|74/100
|move|p2b: Venusaur|Earth Power|p1b: rime shank
|-activate|p1b: rime shank|move: Protect
|
|-weather|Snowscape|[upkeep]
|upkeep
|turn|4
|
|t:|1784509548
|switch|p2a: Grimmsnarl|Grimmsnarl, L50, M|100/100
|move|p1a: roland|Wave Crash|p2a: Grimmsnarl
|-damage|p2a: Grimmsnarl|8/100
|-damage|p1a: roland|43/100|[from] Recoil
|move|p1b: rime shank|Blizzard|p2a: Grimmsnarl|[spread] p2a,p2b
|-supereffective|p2b: Venusaur|1
|-damage|p2a: Grimmsnarl|0 fnt
|-damage|p2b: Venusaur|0 fnt
|faint|p2a: Grimmsnarl
|faint|p2b: Venusaur
|
|-weather|Snowscape|[upkeep]
|-sideend|p1: swooshcel|move: Tailwind
|upkeep
|
|t:|1784509551
|switch|p2b: Trevenant|Trevenant, L50, F|100/100
|switch|p2a: Charizard|Charizard-Mega-Y, L50, M|100/100
|-weather|SunnyDay|[from] ability: Drought|[of] p2a: Charizard
|-item|p1a: roland|Choice Scarf|[from] ability: Frisk|[of] p2b: Trevenant
|-item|p1b: rime shank|Froslassite|[from] ability: Frisk|[of] p2b: Trevenant
|turn|5
|
|t:|1784509568
|switch|p1b: tailwind slave|Corviknight, L50, M|3/100
|-ability|p1b: tailwind slave|Pressure
|move|p2a: Charizard|Protect|p2a: Charizard
|-singleturn|p2a: Charizard|Protect
|move|p1a: roland|Wave Crash|p2a: Charizard
|-activate|p2a: Charizard|move: Protect
|move|p2b: Trevenant|Poltergeist|p1a: roland
|-activate|p1a: roland|move: Poltergeist|Choice Scarf
|-supereffective|p1a: roland|1
|-damage|p1a: roland|0 fnt
|faint|p1a: roland
|
|-weather|SunnyDay|[upkeep]
|upkeep
|
|t:|1784509582
|switch|p1a: rime shank|Froslass-Mega, L50, F|100/100
|-weather|Snowscape|[from] ability: Snow Warning|[of] p1a: rime shank
|turn|6
|
|t:|1784509595
|move|p1a: rime shank|Protect|p1a: rime shank
|-singleturn|p1a: rime shank|Protect
|move|p2a: Charizard|Heat Wave|p1a: rime shank|[spread] 
|-activate|p1a: rime shank|move: Protect
|-miss|p2a: Charizard|p1b: tailwind slave
|move|p1b: tailwind slave|Brave Bird|p2b: Trevenant
|-supereffective|p2b: Trevenant|1
|-damage|p2b: Trevenant|11/100
|-enditem|p2b: Trevenant|Sitrus Berry|[eat]
|-heal|p2b: Trevenant|36/100|[from] item: Sitrus Berry
|-damage|p1b: tailwind slave|0 fnt|[from] Recoil
|faint|p1b: tailwind slave
|move|p2b: Trevenant|Poltergeist|p1a: rime shank
|-activate|p1a: rime shank|move: Protect
|
|-weather|Snowscape|[upkeep]
|upkeep
|turn|7
|
|t:|1784509614
|move|p1a: rime shank|Blizzard|p2b: Trevenant|[spread] p2a,p2b
|-supereffective|p2b: Trevenant|1
|-damage|p2a: Charizard|49/100
|-damage|p2b: Trevenant|0 fnt
|faint|p2b: Trevenant
|move|p2a: Charizard|Heat Wave|p1a: rime shank
|-supereffective|p1a: rime shank|1
|-damage|p1a: rime shank|0 fnt
|faint|p1a: rime shank
|
|win|roacchin
||roacchin is ready for game 2.
||swooshcel is ready for game 2.
|uhtml|next|Next: Game 2 of 3
|l|☆swooshcel
|player|p1|
