|j|☆MauryOF
|j|☆wittraid
|html|MauryOFwittraid    
|uhtml|bestof|Game 3 of a best-of-3
|t:|1757233914
|gametype|doubles
|player|p1|MauryOF|clerk|1212
|player|p2|wittraid|2|1327
|gen|9
|tier|[Gen 9] VGC 2025 Reg H (Bo3)
|rated|
|rule|Species Clause: Limit one of each Pokémon
|rule|Item Clause: Limit 1 of each item
|clearpoke
|poke|p1|Gastrodon-East, L50, F|
|poke|p1|Annihilape, L50, F|
|poke|p1|Torkoal, L50, F|
|poke|p1|Indeedee-F, L50, F|
|poke|p1|Exeggutor, L50, F|
|poke|p1|Typhlosion-Hisui, L50, F|
|poke|p2|Pelipper, L50, F|
|poke|p2|Archaludon, L50, F|
|poke|p2|Basculegion, L50, M|
|poke|p2|Incineroar, L50, F|
|poke|p2|Sinistcha-Masterpiece, L50|
|poke|p2|Ursaluna-Bloodmoon, L50, M|
|teampreview|4
|showteam|p1|Gastrodon-East||Leftovers|StormDrain|Recover,Protect,EarthPower,IceBeam|||F|||50|,,,,,Grass]Annihilape||ChoiceScarf|Defiant|FinalGambit,Uturn,ShadowClaw,CloseCombat|||F|||50|,,,,,Fighting]Torkoal||EjectPack|Drought|Overheat,Protect,Eruption,HelpingHand|||F|||50|,,,,,Fire]Indeedee-F||SafetyGoggles|PsychicSurge|FollowMe,HelpingHand,Psychic,TrickRoom|||F|||50|,,,,,Fairy]Exeggutor||LifeOrb|Chlorophyll|ExpandingForce,TrickRoom,GigaDrain,Protect|||F|||50|,,,,,Psychic]Typhlosion-Hisui||Charcoal|Blaze|Eruption,HeatWave,ShadowBall,Protect|||F|||50|,,,,,Fire
|showteam|p2|Pelipper||FocusSash|Drizzle|Tailwind,WideGuard,Hurricane,Protect|||F|||50|,,,,,Ghost]Archaludon||AssaultVest|Stamina|ElectroShot,DragonPulse,BodyPress,Snarl|||F|||50|,,,,,Grass]Basculegion||ChoiceBand|SwiftSwim|WaveCrash,LastRespects,AquaJet,FlipTurn|||M|||50|,,,,,Grass]Incineroar||SafetyGoggles|Intimidate|FakeOut,KnockOff,Taunt,PartingShot|||F|||50|,,,,,Ghost]Sinistcha-Masterpiece||SitrusBerry|Hospitality|RagePowder,MatchaGotcha,TrickRoom,LifeDew||||||50|,,,,,Fairy]Ursaluna-Bloodmoon||LifeOrb|MindsEye|BloodMoon,EarthPower,HyperVoice,Protect|||M|||50|,,,,,Bug
|inactive|Battle timer is ON: inactive players will automatically lose when time's up. (requested by wittraid)
|
|t:|1757233930
|teamsize|p1|4
|teamsize|p2|4
|start
|switch|p1a: Torkoal|Torkoal, L50, F|100/100
|switch|p1b: Exeggutor|Exeggutor, L50, F|100/100
|switch|p2a: Pelipper|Pelipper, L50, F|100/100
|switch|p2b: Archaludon|Archaludon, L50, F|100/100
|-weather|RainDance|[from] ability: Drizzle|[of] p2a: Pelipper
|-weather|SunnyDay|[from] ability: Drought|[of] p1a: Torkoal
|turn|1
|inactive|MauryOF has 30 seconds left.
|
|t:|1757233956
|switch|p2a: Ursaluna|Ursaluna-Bloodmoon, L50, M|100/100
|move|p1b: Exeggutor|Protect|p1b: Exeggutor
|-singleturn|p1b: Exeggutor|Protect
|move|p2b: Archaludon|Snarl|p1a: Torkoal|[spread] p1a
|-activate|p1b: Exeggutor|move: Protect
|-damage|p1a: Torkoal|86/100
|-unboost|p1a: Torkoal|spa|1
|-enditem|p1a: Torkoal|Eject Pack
|
|t:|1757233966
|switch|p1a: Indeedee|Indeedee-F, L50, F|100/100
|-fieldstart|move: Psychic Terrain|[from] ability: Psychic Surge|[of] p1a: Indeedee
|
|-weather|SunnyDay|[upkeep]
|upkeep
|turn|2
|
|t:|1757233982
|switch|p2a: Pelipper|Pelipper, L50, F|100/100
|-weather|RainDance|[from] ability: Drizzle|[of] p2a: Pelipper
|-terastallize|p1b: Exeggutor|Psychic
|move|p1a: Indeedee|Helping Hand|p1b: Exeggutor
|-singleturn|p1b: Exeggutor|Helping Hand|[of] p1a: Indeedee
|move|p1b: Exeggutor|Expanding Force|p2a: Pelipper|[spread] p2a,p2b
|-resisted|p2b: Archaludon
|-enditem|p2a: Pelipper|Focus Sash
|-damage|p2a: Pelipper|1/100
|-damage|p2b: Archaludon|44/100
|-ability|p2b: Archaludon|Stamina|boost
|-boost|p2b: Archaludon|def|1
|-damage|p1b: Exeggutor|91/100|[from] item: Life Orb
|move|p2b: Archaludon|Snarl|p1a: Indeedee|[spread] p1a,p1b
|-supereffective|p1a: Indeedee
|-supereffective|p1b: Exeggutor
|-damage|p1a: Indeedee|80/100
|-damage|p1b: Exeggutor|60/100
|-unboost|p1a: Indeedee|spa|1
|-unboost|p1b: Exeggutor|spa|1
|
|-weather|RainDance|[upkeep]
|upkeep
|turn|3
|
|t:|1757234006
|switch|p2a: Sinistcha|Sinistcha-Masterpiece, L50|100/100
|-heal|p2b: Archaludon|69/100|[from] ability: Hospitality|[of] p2a: Sinistcha
|move|p1a: Indeedee|Follow Me|p1a: Indeedee
|-singleturn|p1a: Indeedee|move: Follow Me
|move|p1b: Exeggutor|Giga Drain|p2a: Sinistcha
|-resisted|p2a: Sinistcha
|-damage|p2a: Sinistcha|83/100
|-heal|p1b: Exeggutor|70/100|[from] drain|[of] p2a: Sinistcha
|-damage|p1b: Exeggutor|60/100|[from] item: Life Orb
|move|p2b: Archaludon|Snarl|p1a: Indeedee|[spread] p1a,p1b
|-supereffective|p1a: Indeedee
|-supereffective|p1b: Exeggutor
|-damage|p1a: Indeedee|60/100
|-damage|p1b: Exeggutor|29/100
|-unboost|p1a: Indeedee|spa|1
|-unboost|p1b: Exeggutor|spa|1
|
|-weather|RainDance|[upkeep]
|upkeep
|turn|4
|inactive|MauryOF has 30 seconds left.
|
|t:|1757234036
|switch|p1b: Torkoal|Torkoal, L50, F|86/100
|-weather|SunnyDay|[from] ability: Drought|[of] p1b: Torkoal
|move|p2b: Archaludon|Electro Shot||[still]
|-prepare|p2b: Archaludon|Electro Shot
|-boost|p2b: Archaludon|spa|1
|move|p2a: Sinistcha|Life Dew|p2a: Sinistcha|[spread] p2a,p2b
|-heal|p2a: Sinistcha|100/100
|-heal|p2b: Archaludon|93/100
|move|p1a: Indeedee|Trick Room|p1a: Indeedee
|-fieldstart|move: Trick Room|[of] p1a: Indeedee
|
|-weather|SunnyDay|[upkeep]
|upkeep
|turn|5
|
|t:|1757234059
|switch|p2a: Pelipper|Pelipper, L50, F|1/100
|-weather|RainDance|[from] ability: Drizzle|[of] p2a: Pelipper
|move|p1a: Indeedee|Follow Me|p1a: Indeedee
|-singleturn|p1a: Indeedee|move: Follow Me
|move|p1b: Torkoal|Eruption|p2b: Archaludon|[spread] p2a,p2b
|-resisted|p2a: Pelipper
|-damage|p2a: Pelipper|0 fnt
|-damage|p2b: Archaludon|81/100
|-ability|p2b: Archaludon|Stamina|boost
|-boost|p2b: Archaludon|def|1
|faint|p2a: Pelipper
|move|p2b: Archaludon|Electro Shot|p1a: Indeedee|[from] lockedmove
|-damage|p1a: Indeedee|8/100
|
|-weather|RainDance|[upkeep]
|-fieldend|move: Psychic Terrain
|upkeep
|
|t:|1757234076
|switch|p2a: Sinistcha|Sinistcha-Masterpiece, L50|100/100
|-heal|p2b: Archaludon|100/100|[from] ability: Hospitality|[of] p2a: Sinistcha
|turn|6
|
|t:|1757234097
|switch|p1a: Gastrodon|Gastrodon-East, L50, F|100/100
|move|p1b: Torkoal|Protect|p1b: Torkoal
|-singleturn|p1b: Torkoal|Protect
|move|p2b: Archaludon|Electro Shot||[still]
|-prepare|p2b: Archaludon|Electro Shot
|-boost|p2b: Archaludon|spa|1
|-anim|p2b: Archaludon|Electro Shot|p1b: Torkoal
|-activate|p1b: Torkoal|move: Protect
|move|p2a: Sinistcha|Trick Room|p2a: Sinistcha
|-fieldend|move: Trick Room
|
|-weather|RainDance|[upkeep]
|upkeep
|turn|7
|inactive|MauryOF has 30 seconds left.
|inactive|MauryOF has 20 seconds left.
|
|t:|1757234133
|switch|p1b: Indeedee|Indeedee-F, L50, F|8/100
|-fieldstart|move: Psychic Terrain|[from] ability: Psychic Surge|[of] p1b: Indeedee
|move|p2b: Archaludon|Snarl|p1b: Indeedee|[spread] p1a
|-miss|p2b: Archaludon|p1b: Indeedee
|-damage|p1a: Gastrodon|81/100
|-unboost|p1a: Gastrodon|spa|1
|move|p2a: Sinistcha|Matcha Gotcha|p1b: Indeedee|[spread] p1a,p1b
|-supereffective|p1a: Gastrodon
|-damage|p1a: Gastrodon|3/100
|-damage|p1b: Indeedee|0 fnt
|-status|p1a: Gastrodon|brn
|faint|p1b: Indeedee
|move|p1a: Gastrodon|Earth Power|p2b: Archaludon
|-supereffective|p2b: Archaludon
|-damage|p2b: Archaludon|75/100
|-ability|p2b: Archaludon|Stamina|boost
|-boost|p2b: Archaludon|def|1
|
|-weather|RainDance|[upkeep]
|-heal|p1a: Gastrodon|9/100 brn|[from] item: Leftovers
|-damage|p1a: Gastrodon|3/100 brn|[from] brn
|upkeep
|inactive|MauryOF has 30 seconds left.
|
|t:|1757234160
|switch|p1b: Exeggutor|Exeggutor, L50, F, tera:Psychic|29/100
|turn|8
|
|t:|1757234183
|switch|p1a: Torkoal|Torkoal, L50, F|86/100
|-weather|SunnyDay|[from] ability: Drought|[of] p1a: Torkoal
|move|p1b: Exeggutor|Expanding Force|p2b: Archaludon|[spread] p2a,p2b
|-resisted|p2b: Archaludon
|-damage|p2a: Sinistcha|0 fnt
|-damage|p2b: Archaludon|34/100
|-ability|p2b: Archaludon|Stamina|boost
|-boost|p2b: Archaludon|def|1
|faint|p2a: Sinistcha
|-damage|p1b: Exeggutor|19/100|[from] item: Life Orb
|move|p2b: Archaludon|Snarl|p1b: Exeggutor|[spread] p1a,p1b
|-supereffective|p1b: Exeggutor
|-damage|p1a: Torkoal|52/100
|-damage|p1b: Exeggutor|0 fnt
|-unboost|p1a: Torkoal|spa|1
|faint|p1b: Exeggutor
|
|-weather|SunnyDay|[upkeep]
|upkeep
|-message|MauryOF forfeited.
|
|win|wittraid
|raw|MauryOF's rating: 1212 → 1195(-17 for losing)
|raw|wittraid's rating: 1327 → 1341(+14 for winning)
|l|☆MauryOF
|player|p1|
