|j|☆Perhaps Perish?
|html|sudozPerhaps Perish?    
|uhtml|bestof|Game 2 of a best-of-3
|t:|1756227853
|gametype|doubles
|player|p1|sudoz|101|
|player|p2|Perhaps Perish?|steven|
|gen|9
|tier|[Gen 9] VGC 2025 Reg H (Bo3)
|rated|Tournament battle
|rule|Species Clause: Limit one of each Pokémon
|rule|Item Clause: Limit 1 of each item
|clearpoke
|poke|p1|Incineroar, L50, F|
|poke|p1|Gholdengo, L50|
|poke|p1|Amoonguss, L50, F|
|poke|p1|Hydreigon, L50, M|
|poke|p1|Porygon2, L50|
|poke|p1|Ursaluna, L50, M|
|poke|p2|Grimmsnarl, L50, M|
|poke|p2|Greninja-*, L50, F|
|poke|p2|Archaludon, L50, F|
|poke|p2|Sinistcha, L50|
|poke|p2|Pelipper, L50, M|
|poke|p2|Annihilape, L50, M|
|teampreview|4
|showteam|p1|Incineroar||SitrusBerry|Intimidate|FakeOut,KnockOff,FlareBlitz,PartingShot|||F|||50|,,,,,Ghost]Gholdengo||MetalCoat|GoodasGold|Protect,NastyPlot,MakeItRain,ShadowBall||||||50|,,,,,Water]Amoonguss||RockyHelmet|Regenerator|Protect,Spore,RagePowder,PollenPuff|||F|||50|,,,,,Fairy]Hydreigon||SafetyGoggles|Levitate|Protect,DracoMeteor,Snarl,Tailwind|||M|||50|,,,,,Ghost]Porygon2||Eviolite|Download|Recover,IceBeam,TeraBlast,TrickRoom||||||50|,,,,,Fighting]Ursaluna||FlameOrb|Guts|Protect,Earthquake,Facade,HeadlongRush|||M|||50|,,,,,Ghost
|showteam|p2|Grimmsnarl||LightClay|Prankster|Reflect,LightScreen,SpiritBreak,MistyTerrain|||M|||50|,,,,,Ghost]Greninja||LoadedDice|Torrent|WaterShuriken,DarkPulse,Haze,Taunt|||F|||50|,,,,,Ghost]Archaludon||AssaultVest|Stamina|ElectroShot,DragonPulse,Snarl,BodyPress|||F|||50|,,,,,Bug]Sinistcha||SitrusBerry|Hospitality|LifeDew,TrickRoom,RagePowder,MatchaGotcha||||||50|,,,,,Water]Pelipper||CovertCloak|Drizzle|WeatherBall,Hurricane,WideGuard,Protect|||M|||50|,,,,,Grass]Annihilape||ChoiceScarf|Defiant|FinalGambit,CloseCombat,RageFist,Uturn|||M|||50|,,,,,Grass
|j| TheOneAndOnlyChat
|j|‽sudoz
|player|p1|sudoz|101|
|
|t:|1756227908
|teamsize|p1|4
|teamsize|p2|4
|start
|switch|p1a: Gholdengo|Gholdengo, L50|100/100
|switch|p1b: Porygon2|Porygon2, L50|100/100
|switch|p2a: good pokemon|Greninja, L50, F, shiny|100/100
|switch|p2b: bad pokemon|Annihilape, L50, M, shiny|100/100
|-ability|p1b: Porygon2|Download|boost
|-boost|p1b: Porygon2|atk|1
|turn|1
|
|t:|1756227929
|move|p1a: Gholdengo|Protect|p1a: Gholdengo
|-singleturn|p1a: Gholdengo|Protect
|move|p2b: bad pokemon|Final Gambit|p1b: Porygon2
|-damage|p1b: Porygon2|0 fnt
|faint|p2b: bad pokemon
|faint|p1b: Porygon2
|move|p2a: good pokemon|Dark Pulse|p1a: Gholdengo
|-activate|p1a: Gholdengo|move: Protect
|
|upkeep
|
|t:|1756227945
|switch|p2b: Bridge/Stapeler?|Archaludon, L50, F, shiny|100/100
|switch|p1b: Amoonguss|Amoonguss, L50, F|100/100
|turn|2
|
|t:|1756227973
|move|p2a: good pokemon|Taunt|p1b: Amoonguss
|-start|p1b: Amoonguss|move: Taunt
|move|p1a: Gholdengo|Nasty Plot|p1a: Gholdengo
|-boost|p1a: Gholdengo|spa|2
|move|p2b: Bridge/Stapeler?|Snarl|p1a: Gholdengo|[spread] p1a,p1b
|-supereffective|p1a: Gholdengo
|-damage|p1a: Gholdengo|74/100
|-damage|p1b: Amoonguss|90/100
|-unboost|p1a: Gholdengo|spa|1
|-unboost|p1b: Amoonguss|spa|1
|move|p1b: Amoonguss|Pollen Puff|p2a: good pokemon
|-supereffective|p2a: good pokemon
|-damage|p2a: good pokemon|59/100
|
|upkeep
|turn|3
|j| blnkflre1234#
|j| empm
|l| empm
|
|t:|1756228016
|move|p1a: Gholdengo|Protect|p1a: Gholdengo
|-singleturn|p1a: Gholdengo|Protect
|move|p2a: good pokemon|Haze|p2a: good pokemon
|-clearallboost
|move|p2b: Bridge/Stapeler?|Electro Shot||[still]
|-prepare|p2b: Bridge/Stapeler?|Electro Shot
|-boost|p2b: Bridge/Stapeler?|spa|1
|move|p1b: Amoonguss|Pollen Puff|p2a: good pokemon
|-supereffective|p2a: good pokemon
|-damage|p2a: good pokemon|5/100
|
|upkeep
|turn|4
|
|t:|1756228055
|switch|p2a: cupa|Sinistcha, L50|100/100
|switch|p1a: Hydreigon|Hydreigon, L50, M|100/100
|move|p2b: Bridge/Stapeler?|Electro Shot|p1b: Amoonguss|[from] lockedmove
|-resisted|p1b: Amoonguss
|-damage|p1b: Amoonguss|68/100
|move|p1b: Amoonguss|Pollen Puff|p2a: cupa
|-damage|p2a: cupa|84/100
|
|-end|p1b: Amoonguss|move: Taunt
|upkeep
|turn|5
|
|t:|1756228124
|-terastallize|p1a: Hydreigon|Ghost
|move|p1a: Hydreigon|Snarl|p2a: cupa|[spread] p2a,p2b
|-supereffective|p2a: cupa
|-damage|p2a: cupa|53/100
|-damage|p2b: Bridge/Stapeler?|88/100
|-unboost|p2a: cupa|spa|1
|-unboost|p2b: Bridge/Stapeler?|spa|1
|-ability|p2b: Bridge/Stapeler?|Stamina|boost
|-boost|p2b: Bridge/Stapeler?|def|1
|move|p2b: Bridge/Stapeler?|Dragon Pulse|p1b: Amoonguss
|-damage|p1b: Amoonguss|39/100
|move|p2a: cupa|Matcha Gotcha|p1a: Hydreigon|[spread] p1a,p1b
|-resisted|p1b: Amoonguss
|-damage|p1a: Hydreigon|85/100
|-heal|p2a: cupa|61/100|[from] drain|[of] p1a: Hydreigon
|-damage|p1b: Amoonguss|36/100
|-heal|p2a: cupa|63/100|[from] drain|[of] p1b: Amoonguss
|move|p1b: Amoonguss|Spore|p2b: Bridge/Stapeler?
|-status|p2b: Bridge/Stapeler?|slp|[from] move: Spore
|
|upkeep
|turn|6
|j| yuirs gsb
|l| yuirs gsb
|
|t:|1756228148
|switch|p1b: Gholdengo|Gholdengo, L50|74/100
|move|p1a: Hydreigon|Snarl|p2b: Bridge/Stapeler?|[spread] p2a,p2b
|-supereffective|p2a: cupa
|-damage|p2a: cupa|33/100
|-damage|p2b: Bridge/Stapeler?|77/100 slp
|-unboost|p2a: cupa|spa|1
|-unboost|p2b: Bridge/Stapeler?|spa|1
|-ability|p2b: Bridge/Stapeler?|Stamina|boost
|-boost|p2b: Bridge/Stapeler?|def|1
|-enditem|p2a: cupa|Sitrus Berry|[eat]
|-heal|p2a: cupa|57/100|[from] item: Sitrus Berry
|cant|p2b: Bridge/Stapeler?|slp
|move|p2a: cupa|Life Dew|p2a: cupa|[spread] p2a,p2b
|-heal|p2a: cupa|83/100
|-heal|p2b: Bridge/Stapeler?|100/100 slp
|
|upkeep
|turn|7
|
|t:|1756228161
|move|p1a: Hydreigon|Snarl|p2b: Bridge/Stapeler?|[spread] p2a,p2b
|-supereffective|p2a: cupa
|-damage|p2a: cupa|49/100
|-damage|p2b: Bridge/Stapeler?|88/100 slp
|-unboost|p2a: cupa|spa|1
|-unboost|p2b: Bridge/Stapeler?|spa|1
|-ability|p2b: Bridge/Stapeler?|Stamina|boost
|-boost|p2b: Bridge/Stapeler?|def|1
|move|p1b: Gholdengo|Shadow Ball|p2a: cupa
|-supereffective|p2a: cupa
|-damage|p2a: cupa|0 fnt
|faint|p2a: cupa
|cant|p2b: Bridge/Stapeler?|slp
|
|upkeep
|
|t:|1756228164
|switch|p2a: good pokemon|Greninja, L50, F, shiny|5/100
|turn|8
|j| Dr.Bejan
|
|t:|1756228215
|switch|p1a: Amoonguss|Amoonguss, L50, F|69/100
|move|p1b: Gholdengo|Protect|p1b: Gholdengo
|-singleturn|p1b: Gholdengo|Protect
|move|p2a: good pokemon|Dark Pulse|p1a: Amoonguss
|-damage|p1a: Amoonguss|39/100
|cant|p2b: Bridge/Stapeler?|slp
|
|upkeep
|turn|9
|j| sillE roverT
|
|t:|1756228243
|move|p1a: Amoonguss|Rage Powder|p1a: Amoonguss
|-singleturn|p1a: Amoonguss|move: Rage Powder
|move|p2a: good pokemon|Haze|p2a: good pokemon
|-clearallboost
|move|p1b: Gholdengo|Shadow Ball|p2a: good pokemon
|-resisted|p2a: good pokemon
|-crit|p2a: good pokemon
|-damage|p2a: good pokemon|0 fnt
|faint|p2a: good pokemon
|-curestatus|p2b: Bridge/Stapeler?|slp|[msg]
|move|p2b: Bridge/Stapeler?|Snarl|p1a: Amoonguss|[spread] p1a,p1b
|-supereffective|p1b: Gholdengo
|-damage|p1a: Amoonguss|27/100
|-damage|p1b: Gholdengo|49/100
|-unboost|p1a: Amoonguss|spa|1
|-unboost|p1b: Gholdengo|spa|1
|
|upkeep
|turn|10
|
|t:|1756228260
|switch|p1a: Hydreigon|Hydreigon, L50, M, tera:Ghost|85/100
|move|p1b: Gholdengo|Nasty Plot|p1b: Gholdengo
|-boost|p1b: Gholdengo|spa|2
|move|p2b: Bridge/Stapeler?|Dragon Pulse|p1a: Hydreigon
|-damage|p1a: Hydreigon|49/100
|
|upkeep
|turn|11
|
|t:|1756228272
|move|p1a: Hydreigon|Draco Meteor|p2b: Bridge/Stapeler?
|-damage|p2b: Bridge/Stapeler?|49/100
|-unboost|p1a: Hydreigon|spa|2
|-ability|p2b: Bridge/Stapeler?|Stamina|boost
|-boost|p2b: Bridge/Stapeler?|def|1
|move|p1b: Gholdengo|Shadow Ball|p2b: Bridge/Stapeler?
|-damage|p2b: Bridge/Stapeler?|15/100
|-ability|p2b: Bridge/Stapeler?|Stamina|boost
|-boost|p2b: Bridge/Stapeler?|def|1
|move|p2b: Bridge/Stapeler?|Snarl|p1b: Gholdengo|[spread] p1a,p1b
|-supereffective|p1a: Hydreigon
|-supereffective|p1b: Gholdengo
|-damage|p1a: Hydreigon|23/100
|-damage|p1b: Gholdengo|22/100
|-unboost|p1a: Hydreigon|spa|1
|-unboost|p1b: Gholdengo|spa|1
|
|upkeep
|turn|12
|
|t:|1756228285
|move|p1a: Hydreigon|Draco Meteor|p2b: Bridge/Stapeler?
|-damage|p2b: Bridge/Stapeler?|0 fnt
|-unboost|p1a: Hydreigon|spa|2
|faint|p2b: Bridge/Stapeler?
|
|win|sudoz
||Perhaps Perish? is ready for game 3.
||sudoz is ready for game 3.
|uhtml|next|Next: Game 3 of 3
|l| Dr.Bejan
|l| sillE roverT
|j| Dr.Bejan
|l|‽sudoz
|player|p1|
|l| blnkflre1234#
|l| Dr.Bejan
|j|‽sudoz
|player|p1|sudoz|101|
|j| Dr.Bejan
