|j|☆Ryoku_Jetstream
|j|☆Zonzuki
|html|Ryoku_JetstreamZonzuki    
|uhtml|bestof|Game 2 of a best-of-3
|t:|1783640256
|gametype|doubles
|player|p1|Ryoku_Jetstream|nate|
|player|p2|Zonzuki|2|
|gen|9
|tier|[Gen 9 Champions] VGC 2026 Reg M-B (Bo3)
|rule|Species Clause: Limit one of each Pokémon
|rule|Item Clause: Limit 1 of each item
|clearpoke
|poke|p1|Charizard, L50, M|
|poke|p1|Lycanroc-Dusk, L50, M, shiny|
|poke|p1|Dragonite, L50, F|
|poke|p1|Lucario, L50, M|
|poke|p1|Milotic, L50, F|
|poke|p1|Umbreon, L50, F, shiny|
|poke|p2|Kangaskhan, L50, F|
|poke|p2|Gholdengo, L50|
|poke|p2|Garchomp, L50, M|
|poke|p2|Delphox, L50, F|
|poke|p2|Rotom-Wash, L50|
|poke|p2|Corviknight, L50, M|
|teampreview|4
|showteam|p1|Charizard||CharizarditeX|Blaze|DragonDance,DragonClaw,FlareBlitz,AirSlash|Naughty||M|||50|]Lycanroc-Dusk||FocusSash|ToughClaws|Accelerock,RockSlide,PsychicFangs,IronHead|Jolly||M|||50|]Dragonite||Dragoninite|Multiscale|ExtremeSpeed,DracoMeteor,Thunderbolt,Protect|Quiet||F|||50|]Lucario|||Steadfast|AuraSphere,BulletPunch,DragonPulse,CalmMind|Hasty||M|||50|]Milotic||Leftovers|MarvelScale|Protect,Recover,IceBeam,Scald|Calm||F|||50|]Umbreon|||Synchronize|Snarl,ShadowBall,LightScreen,SkillSwap|Quiet||F|||50|
|showteam|p2|Kangaskhan||SilkScarf|InnerFocus|FakeOut,LastResort|Adamant||F|||50|]Gholdengo||ExpertBelt|GoodasGold|Thunderbolt,ShadowBall,NastyPlot,Protect|Modest|||||50|]Garchomp||YacheBerry|RoughSkin|Outrage,RockSlide,Earthquake,Protect|Adamant||M|||50|]Delphox||Delphoxite|Blaze|HeatWave,CalmMind,Psychic,Protect|Timid||F|||50|]Rotom-Wash||SitrusBerry|Levitate|HydroPump,VoltSwitch,WillOWisp,Protect|Calm|||||50|]Corviknight||Leftovers|MirrorArmor|Tailwind,BodyPress,IronDefense,Protect|Bold||M|||50|
|
|t:|1783640322
|teamsize|p1|4
|teamsize|p2|4
|start
|switch|p1a: Lucario|Lucario, L50, M|100/100
|switch|p1b: Milotic|Milotic, L50, F|100/100
|switch|p2a: Kangaskhan|Kangaskhan, L50, F|100/100
|switch|p2b: Garchomp|Garchomp, L50, M|100/100
|turn|1
|
|t:|1783640349
|move|p1b: Milotic|Protect|p1b: Milotic
|-singleturn|p1b: Milotic|Protect
|move|p2a: Kangaskhan|Fake Out|p1b: Milotic
|-activate|p1b: Milotic|move: Protect
|move|p1a: Lucario|Dragon Pulse|p2b: Garchomp
|-supereffective|p2b: Garchomp|1
|-damage|p2b: Garchomp|40/100
|move|p2b: Garchomp|Earthquake|p1a: Lucario|[spread] p2a,p1a
|-activate|p1b: Milotic|move: Protect
|-supereffective|p1a: Lucario|1
|-damage|p2a: Kangaskhan|64/100
|-damage|p1a: Lucario|0 fnt
|faint|p1a: Lucario
|
|upkeep
|
|t:|1783640366
|switch|p1a: Charizard|Charizard, L50, M|100/100
|turn|2
|
|t:|1783640394
|detailschange|p1a: Charizard|Charizard-Mega-X, L50, M
|-mega|p1a: Charizard|Charizard|Charizardite X
|move|p2b: Garchomp|Protect|p2b: Garchomp
|-singleturn|p2b: Garchomp|Protect
|move|p1a: Charizard|Dragon Claw|p2b: Garchomp
|-activate|p2b: Garchomp|move: Protect
|move|p2a: Kangaskhan|Last Resort|p1b: Milotic
|-damage|p1b: Milotic|13/100
|move|p1b: Milotic|Scald|p2a: Kangaskhan
|-damage|p2a: Kangaskhan|33/100
|-status|p2a: Kangaskhan|brn
|
|-heal|p1b: Milotic|19/100|[from] item: Leftovers
|-damage|p2a: Kangaskhan|27/100 brn|[from] brn
|upkeep
|turn|3
|
|t:|1783640430
|move|p1b: Milotic|Protect|p1b: Milotic
|-singleturn|p1b: Milotic|Protect
|move|p2b: Garchomp|Outrage|p1b: Milotic
|-activate|p1b: Milotic|move: Protect
|move|p1a: Charizard|Dragon Claw|p2b: Garchomp
|-supereffective|p2b: Garchomp|1
|-damage|p2b: Garchomp|0 fnt
|-damage|p1a: Charizard|87/100|[from] ability: Rough Skin|[of] p2b: Garchomp
|faint|p2b: Garchomp
|move|p2a: Kangaskhan|Last Resort|p1b: Milotic
|-activate|p1b: Milotic|move: Protect
|
|-heal|p1b: Milotic|25/100|[from] item: Leftovers
|-damage|p2a: Kangaskhan|21/100 brn|[from] brn
|upkeep
|
|t:|1783640451
|switch|p2b: Rotom|Rotom-Wash, L50|100/100
|turn|4
|
|t:|1783640467
|move|p1a: Charizard|Dragon Claw|p2b: Rotom
|-damage|p2b: Rotom|45/100
|-enditem|p2b: Rotom|Sitrus Berry|[eat]
|-heal|p2b: Rotom|70/100|[from] item: Sitrus Berry
|move|p2a: Kangaskhan|Last Resort|p1a: Charizard
|-damage|p1a: Charizard|49/100
|move|p2b: Rotom|Hydro Pump|p1a: Charizard
|-damage|p1a: Charizard|0 fnt
|faint|p1a: Charizard
|move|p1b: Milotic|Recover|p1b: Milotic
|-heal|p1b: Milotic|75/100
|
|-heal|p1b: Milotic|81/100|[from] item: Leftovers
|-damage|p2a: Kangaskhan|15/100 brn|[from] brn
|upkeep
|
|t:|1783640485
|switch|p1a: Lycanroc|Lycanroc-Dusk, L50, M, shiny|100/100
|turn|5
|
|t:|1783640503
|move|p1a: Lycanroc|Rock Slide|p2b: Rotom|[spread] p2a,p2b
|-damage|p2a: Kangaskhan|0 fnt
|-damage|p2b: Rotom|45/100
|faint|p2a: Kangaskhan
|move|p2b: Rotom|Hydro Pump|p1a: Lycanroc
|-supereffective|p1a: Lycanroc|1
|-enditem|p1a: Lycanroc|Focus Sash
|-damage|p1a: Lycanroc|1/100
|move|p1b: Milotic|Scald|p2b: Rotom
|-resisted|p2b: Rotom|1
|-damage|p2b: Rotom|33/100
|
|-heal|p1b: Milotic|87/100|[from] item: Leftovers
|upkeep
|
|t:|1783640515
|switch|p2a: Gholdengo|Gholdengo, L50|100/100
|turn|6
|
|t:|1783640531
|move|p2b: Rotom|Protect|p2b: Rotom
|-singleturn|p2b: Rotom|Protect
|move|p1a: Lycanroc|Accelerock|p2b: Rotom
|-activate|p2b: Rotom|move: Protect
|move|p2a: Gholdengo|Nasty Plot|p2a: Gholdengo
|-boost|p2a: Gholdengo|spa|2
|move|p1b: Milotic|Scald|p2a: Gholdengo
|-damage|p2a: Gholdengo|66/100
|
|-heal|p1b: Milotic|93/100|[from] item: Leftovers
|upkeep
|turn|7
|
|t:|1783640552
|move|p1a: Lycanroc|Accelerock|p2b: Rotom
|-damage|p2b: Rotom|8/100
|move|p2b: Rotom|Volt Switch|p1a: Lycanroc
|-damage|p1a: Lycanroc|0 fnt
|faint|p1a: Lycanroc
|move|p1b: Milotic|Scald|p2a: Gholdengo
|-damage|p2a: Gholdengo|32/100
|-status|p2a: Gholdengo|brn
|move|p2a: Gholdengo|Thunderbolt|p1b: Milotic
|-supereffective|p1b: Milotic|1
|-damage|p1b: Milotic|1/100
|
|-heal|p1b: Milotic|7/100|[from] item: Leftovers
|-damage|p2a: Gholdengo|26/100 brn|[from] brn
|upkeep
|turn|8
|
|t:|1783640571
|move|p1b: Milotic|Protect|p1b: Milotic
|-singleturn|p1b: Milotic|Protect
|move|p2b: Rotom|Volt Switch|p1b: Milotic
|-activate|p1b: Milotic|move: Protect
|move|p2a: Gholdengo|Thunderbolt|p1b: Milotic
|-activate|p1b: Milotic|move: Protect
|
|-heal|p1b: Milotic|13/100|[from] item: Leftovers
|-damage|p2a: Gholdengo|21/100 brn|[from] brn
|upkeep
|turn|9
|
|t:|1783640583
|move|p2b: Rotom|Volt Switch|p1b: Milotic
|-supereffective|p1b: Milotic|1
|-damage|p1b: Milotic|0 fnt
|faint|p1b: Milotic
|
|win|Zonzuki
