|j|☆belinvgc
|j|☆chocokoala vgc
|html|belinvgcchocokoala vgc    
|uhtml|bestof|Game 2 of a best-of-3
|t:|1784824509
|gametype|doubles
|player|p1|belinvgc|266|1285
|player|p2|chocokoala vgc|benga|1291
|gen|9
|tier|[Gen 9 Champions] VGC 2026 Reg M-B (Bo3)
|rated|
|rule|Species Clause: Limit one of each Pokémon
|rule|Item Clause: Limit 1 of each item
|clearpoke
|poke|p1|Floette-Eternal, L50, F|
|poke|p1|Incineroar, L50, F|
|poke|p1|Sinistcha, L50|
|poke|p1|Blastoise, L50, M|
|poke|p1|Sneasler, L50, F|
|poke|p1|Talonflame, L50, M|
|poke|p2|Hydreigon, L50, F|
|poke|p2|Metagross, L50|
|poke|p2|Ninetales-Alola, L50, F|
|poke|p2|Ceruledge, L50, M|
|poke|p2|Floette-Eternal, L50, F|
|poke|p2|Milotic, L50, M|
|teampreview|4
|showteam|p1|Floette-Eternal||Floettite|FlowerVeil|DazzlingGleam,DrainingKiss,CalmMind,Protect|Modest||F|||50|]Incineroar||SitrusBerry|Intimidate|FlareBlitz,FakeOut,PartingShot,HelpingHand|Impish||F|||50|]Sinistcha||OccaBerry|Hospitality|MatchaGotcha,RagePowder,TrickRoom,Protect|Relaxed|||||50|]Blastoise||Blastoisinite|Torrent|WaterSpout,DarkPulse,ShellSmash,Protect|Modest||M|||50|]Sneasler||FocusSash|PoisonTouch|PoisonJab,CloseCombat,FakeOut,QuickGuard|Jolly||F|||50|]Talonflame||SharpBeak|GaleWings|DualWingbeat,Tailwind,Feint,Protect|Jolly||M|||50|
|showteam|p2|Hydreigon||ChoiceScarf|Levitate|DarkPulse,DracoMeteor,Snarl,EarthPower|Modest||F|||50|]Metagross||Metagrossite|ClearBody|BulletPunch,PsychicFangs,Protect,IronHead|Adamant|||||50|]Ninetales-Alola||LightClay|SnowWarning|Blizzard,FreezeDry,Protect,AuroraVeil|Timid||F|||50|]Ceruledge||ColburBerry|FlashFire|ShadowSneak,BitterBlade,Protect,BulkUp|Adamant||M|||50|]Floette-Eternal||Floettite|FlowerVeil|Moonblast,DazzlingGleam,Protect,LightofRuin|Timid||F|||50|]Milotic||Leftovers|Competitive|Scald,IcyWind,Protect,LifeDew|Calm||M|||50|
|inactive|Battle timer is ON: inactive players will automatically lose when time's up. (requested by chocokoala vgc)
|inactive|belinvgc has 60 seconds left.
|inactive|belinvgc has 30 seconds left.
|inactive|belinvgc has 20 seconds left.
|inactive|belinvgc has 15 seconds left.
|
|t:|1784824589
|teamsize|p1|4
|teamsize|p2|4
|start
|switch|p1a: Blastoise|Blastoise, L50, M|100/100
|switch|p1b: Sneasler|Sneasler, L50, F|100/100
|switch|p2a: Metagross|Metagross, L50|100/100
|switch|p2b: Milotic|Milotic, L50, M|100/100
|turn|1
|inactive|belinvgc has 30 seconds left.
|
|t:|1784824621
|detailschange|p1a: Blastoise|Blastoise-Mega, L50, M
|-mega|p1a: Blastoise|Blastoise|Blastoisinite
|detailschange|p2a: Metagross|Metagross-Mega, L50
|-mega|p2a: Metagross|Metagross|Metagrossite
|move|p1b: Sneasler|Fake Out|p2a: Metagross
|-resisted|p2a: Metagross|1
|-damage|p2a: Metagross|94/100
|cant|p2a: Metagross|flinch
|move|p1a: Blastoise|Shell Smash|p1a: Blastoise
|-unboost|p1a: Blastoise|def|1
|-unboost|p1a: Blastoise|spd|1
|-boost|p1a: Blastoise|atk|2
|-boost|p1a: Blastoise|spa|2
|-boost|p1a: Blastoise|spe|2
|move|p2b: Milotic|Scald|p1a: Blastoise
|-resisted|p1a: Blastoise|1
|-damage|p1a: Blastoise|79/100
|
|upkeep
|turn|2
|inactive|belinvgc has 30 seconds left.
|inactive|chocokoala vgc has 30 seconds left.
|inactive|belinvgc has 20 seconds left.
|inactive|belinvgc has 15 seconds left.
|inactive|belinvgc has 10 seconds left.
|
|t:|1784824668
|move|p2a: Metagross|Protect|p2a: Metagross
|-singleturn|p2a: Metagross|Protect
|move|p1a: Blastoise|Water Spout|p2a: Metagross|[spread] p2b
|-activate|p2a: Metagross|move: Protect
|-resisted|p2b: Milotic|1
|-damage|p2b: Milotic|67/100
|move|p1b: Sneasler|Close Combat|p2b: Milotic
|-damage|p2b: Milotic|8/100
|-unboost|p1b: Sneasler|def|1
|-unboost|p1b: Sneasler|spd|1
|-status|p2b: Milotic|psn|[from] ability: Poison Touch|[of] p1b: Sneasler
|move|p2b: Milotic|Icy Wind|p1b: Sneasler|[spread] p1a,p1b
|-resisted|p1a: Blastoise|1
|-damage|p1a: Blastoise|71/100
|-damage|p1b: Sneasler|77/100
|-unboost|p1a: Blastoise|spe|1
|-unboost|p1b: Sneasler|spe|1
|
|-heal|p2b: Milotic|14/100 psn|[from] item: Leftovers
|-damage|p2b: Milotic|2/100 psn|[from] psn
|upkeep
|turn|3
|
|t:|1784824693
|move|p2a: Metagross|Bullet Punch|p1b: Sneasler
|-damage|p1b: Sneasler|0 fnt
|faint|p1b: Sneasler
|move|p1a: Blastoise|Dark Pulse|p2a: Metagross
|-supereffective|p2a: Metagross|1
|-damage|p2a: Metagross|0 fnt
|faint|p2a: Metagross
|move|p2b: Milotic|Life Dew|p2b: Milotic
|-heal|p2b: Milotic|27/100 psn
|
|-heal|p2b: Milotic|33/100 psn|[from] item: Leftovers
|-damage|p2b: Milotic|21/100 psn|[from] psn
|upkeep
|
|t:|1784824706
|switch|p1b: Sinistcha|Sinistcha, L50|100/100
|switch|p2a: Hydreigon|Hydreigon, L50, F|100/100
|-heal|p1a: Blastoise|96/100|[from] ability: Hospitality|[of] p1b: Sinistcha
|turn|4
|
|t:|1784824723
|move|p1b: Sinistcha|Rage Powder|p1b: Sinistcha
|-singleturn|p1b: Sinistcha|move: Rage Powder
|move|p2a: Hydreigon|Dark Pulse|p1b: Sinistcha
|-supereffective|p1b: Sinistcha|1
|-damage|p1b: Sinistcha|14/100
|move|p1a: Blastoise|Shell Smash|p1a: Blastoise
|-unboost|p1a: Blastoise|def|1
|-unboost|p1a: Blastoise|spd|1
|-boost|p1a: Blastoise|atk|2
|-boost|p1a: Blastoise|spa|2
|-boost|p1a: Blastoise|spe|2
|move|p2b: Milotic|Icy Wind|p1a: Blastoise|[spread] p1a,p1b
|-resisted|p1a: Blastoise|1
|-supereffective|p1b: Sinistcha|1
|-damage|p1a: Blastoise|85/100
|-damage|p1b: Sinistcha|0 fnt
|-unboost|p1a: Blastoise|spe|1
|faint|p1b: Sinistcha
|
|-heal|p2b: Milotic|27/100 psn|[from] item: Leftovers
|-damage|p2b: Milotic|14/100 psn|[from] psn
|upkeep
|
|t:|1784824745
|switch|p1b: Incineroar|Incineroar, L50, F|100/100
|-ability|p1b: Incineroar|Intimidate|boost
|-unboost|p2a: Hydreigon|atk|1
|-unboost|p2b: Milotic|atk|1
|-ability|p2b: Milotic|Competitive|boost
|-boost|p2b: Milotic|spa|2
|turn|5
|
|t:|1784824765
|move|p1b: Incineroar|Fake Out|p2a: Hydreigon
|-damage|p2a: Hydreigon|87/100
|move|p1a: Blastoise|Water Spout|p2a: Hydreigon|[spread] p2a,p2b
|-resisted|p2a: Hydreigon|1
|-resisted|p2b: Milotic|1
|-damage|p2a: Hydreigon|0 fnt
|-damage|p2b: Milotic|0 fnt
|faint|p2a: Hydreigon
|faint|p2b: Milotic
|
|upkeep
|
|t:|1784824776
|switch|p2b: Ceruledge|Ceruledge, L50, M|100/100
|turn|6
|
|t:|1784824787
|move|p1b: Incineroar|Helping Hand|p1a: Blastoise
|-singleturn|p1a: Blastoise|Helping Hand|[of] p1b: Incineroar
|move|p2b: Ceruledge|Shadow Sneak|p1a: Blastoise
|-damage|p1a: Blastoise|44/100
|move|p1a: Blastoise|Dark Pulse|p2b: Ceruledge
|-supereffective|p2b: Ceruledge|1
|-enditem|p2b: Ceruledge|Colbur Berry|[eat]
|-enditem|p2b: Ceruledge|Colbur Berry|[weaken]
|-damage|p2b: Ceruledge|0 fnt
|faint|p2b: Ceruledge
|
|win|belinvgc
|raw|belinvgc's rating: 1285 → 1310(+25 for winning)
|raw|chocokoala vgc's rating: 1291 → 1266(-25 for losing)
