|j|☆thorn14
|j|☆eu amo moqueca
|html|thorn14eu amo moqueca    
|uhtml|bestof|Game 2 of a best-of-3
|t:|1756652519
|gametype|doubles
|player|p1|thorn14|hilda|1143
|player|p2|eu amo moqueca|pokekid|1226
|gen|9
|tier|[Gen 9] VGC 2025 Reg H (Bo3)
|rated|
|rule|Species Clause: Limit one of each Pokémon
|rule|Item Clause: Limit 1 of each item
|clearpoke
|poke|p1|Archaludon, L50, M|
|poke|p1|Pelipper, L50, M|
|poke|p1|Blastoise, L50, M|
|poke|p1|Dragonite, L50, M|
|poke|p1|Sinistcha, L50|
|poke|p1|Ursaluna-Bloodmoon, L50, M|
|poke|p2|Sneasler, L50, F|
|poke|p2|Volcarona, L50, M|
|poke|p2|Kingambit, L50, M|
|poke|p2|Baxcalibur, L50, F|
|poke|p2|Basculegion, L50, M|
|poke|p2|Rillaboom, L50, F|
|teampreview|4
|showteam|p1|Archaludon||AssaultVest|Stamina|BodyPress,DragonPulse,ElectroShot,FlashCannon|||M|||50|,,,,,Grass]Pelipper||FocusSash|Drizzle|WideGuard,Tailwind,WeatherBall,Hurricane|||M|||50|,,,,,Ice]Blastoise||MysticWater|RainDish|WaterSpout,ShellSmash,HydroPump,FakeOut|||M|||50|,,,,,Water]Dragonite||ChoiceScarf|InnerFocus|IceSpinner,ScaleShot,ExtremeSpeed,Waterfall|||M|||50|,,,,,Normal]Sinistcha||CovertCloak|Hospitality|MatchaGotcha,ShadowBall,TrickRoom,RagePowder||||||50|,,,,,Water]Ursaluna-Bloodmoon||LifeOrb|MindsEye|BloodMoon,EarthPower,HyperVoice,Protect|||M|||50|,,,,,Normal
|showteam|p2|Sneasler||FocusSash|Unburden|DireClaw,CloseCombat,Protect,Coaching|||F|||50|,,,,,Stellar]Volcarona||CovertCloak|FlameBody|HeatWave,TeraBlast,QuiverDance,Protect|||M|||50|,,,,,Fairy]Kingambit||AssaultVest|Defiant|KowtowCleave,SuckerPunch,IronHead,LowKick|||M|||50|,,,,,Ghost]Baxcalibur||LoadedDice|ThermalExchange|IcicleSpear,ScaleShot,IceShard,Protect|||F|||50|,,,,,Ghost]Basculegion||ChoiceScarf|Adaptability|WaveCrash,FlipTurn,LastRespects,TeraBlast|||M|||50|,,,,,Fairy]Rillaboom||MiracleSeed|GrassySurge|WoodHammer,GrassyGlide,HighHorsepower,FakeOut|||F|||50|,,,,,Fire
|
|t:|1756652545
|teamsize|p1|4
|teamsize|p2|4
|start
|switch|p1a: Pelipper|Pelipper, L50, M|100/100
|switch|p1b: Blastoise|Blastoise, L50, M|100/100
|switch|p2a: Volcarona|Volcarona, L50, M|100/100
|switch|p2b: Rillaboom|Rillaboom, L50, F|100/100
|-weather|RainDance|[from] ability: Drizzle|[of] p1a: Pelipper
|-fieldstart|move: Grassy Terrain|[from] ability: Grassy Surge|[of] p2b: Rillaboom
|turn|1
|inactive|Battle timer is ON: inactive players will automatically lose when time's up. (requested by thorn14)
|
|t:|1756652577
|-terastallize|p2a: Volcarona|Fairy
|move|p2b: Rillaboom|Fake Out|p1a: Pelipper
|-damage|p1a: Pelipper|85/100
|move|p1b: Blastoise|Fake Out|p2b: Rillaboom
|-damage|p2b: Rillaboom|92/100
|move|p2a: Volcarona|Quiver Dance|p2a: Volcarona
|-boost|p2a: Volcarona|spa|1
|-boost|p2a: Volcarona|spd|1
|-boost|p2a: Volcarona|spe|1
|cant|p1a: Pelipper|flinch
|
|-weather|RainDance|[upkeep]
|-heal|p2b: Rillaboom|98/100|[from] Grassy Terrain
|upkeep
|turn|2
|inactive|thorn14 has 30 seconds left.
|inactive|eu amo moqueca has 30 seconds left.
|inactive|eu amo moqueca has 20 seconds left.
|inactive|eu amo moqueca has 15 seconds left.
|
|t:|1756652622
|switch|p1b: Archaludon|Archaludon, L50, M|100/100
|move|p2b: Rillaboom|Grassy Glide|p1b: Archaludon
|-resisted|p1b: Archaludon
|-damage|p1b: Archaludon|94/100
|-ability|p1b: Archaludon|Stamina|boost
|-boost|p1b: Archaludon|def|1
|move|p2a: Volcarona|Quiver Dance|p2a: Volcarona
|-boost|p2a: Volcarona|spa|1
|-boost|p2a: Volcarona|spd|1
|-boost|p2a: Volcarona|spe|1
|move|p1a: Pelipper|Tailwind|p1a: Pelipper
|-sidestart|p1: thorn14|move: Tailwind
|
|-weather|RainDance|[upkeep]
|-heal|p1b: Archaludon|99/100|[from] Grassy Terrain
|-heal|p2b: Rillaboom|100/100|[from] Grassy Terrain
|upkeep
|turn|3
|inactive|thorn14 has 30 seconds left.
|inactive|eu amo moqueca has 30 seconds left.
|
|t:|1756652653
|move|p2b: Rillaboom|Grassy Glide|p1a: Pelipper
|-damage|p1a: Pelipper|36/100
|move|p2a: Volcarona|Tera Blast|p1b: Archaludon|[anim] Tera Blast Fairy
|-damage|p1b: Archaludon|41/100
|-ability|p1b: Archaludon|Stamina|boost
|-boost|p1b: Archaludon|def|1
|move|p1a: Pelipper|Hurricane|p2b: Rillaboom
|-supereffective|p2b: Rillaboom
|-damage|p2b: Rillaboom|19/100
|move|p1b: Archaludon|Flash Cannon|p2a: Volcarona
|-supereffective|p2a: Volcarona
|-damage|p2a: Volcarona|66/100
|
|-weather|RainDance|[upkeep]
|-heal|p2a: Volcarona|72/100|[from] Grassy Terrain
|-heal|p1b: Archaludon|47/100|[from] Grassy Terrain
|-heal|p2b: Rillaboom|25/100|[from] Grassy Terrain
|upkeep
|turn|4
|inactive|thorn14 has 30 seconds left.
|inactive|thorn14 has 20 seconds left.
|inactive|thorn14 has 15 seconds left.
|
|t:|1756652695
|move|p2b: Rillaboom|Grassy Glide|p1a: Pelipper
|-damage|p1a: Pelipper|0 fnt
|faint|p1a: Pelipper
|move|p2a: Volcarona|Tera Blast|p1b: Archaludon|[anim] Tera Blast Fairy
|-damage|p1b: Archaludon|0 fnt
|faint|p1b: Archaludon
|
|-weather|RainDance|[upkeep]
|-heal|p2a: Volcarona|79/100|[from] Grassy Terrain
|-heal|p2b: Rillaboom|31/100|[from] Grassy Terrain
|upkeep
|
|t:|1756652707
|switch|p1a: Sinistcha|Sinistcha, L50|100/100
|switch|p1b: Blastoise|Blastoise, L50, M|100/100
|turn|5
|
|t:|1756652728
|-terastallize|p1b: Blastoise|Water
|move|p1a: Sinistcha|Rage Powder|p1a: Sinistcha
|-singleturn|p1a: Sinistcha|move: Rage Powder
|move|p2b: Rillaboom|Grassy Glide|p1b: Blastoise
|-supereffective|p1b: Blastoise
|-damage|p1b: Blastoise|19/100
|move|p2a: Volcarona|Heat Wave|p1b: Blastoise|[spread] p1a
|-miss|p2a: Volcarona|p1b: Blastoise
|-supereffective|p1a: Sinistcha
|-damage|p1a: Sinistcha|33/100
|move|p1b: Blastoise|Water Spout|p2b: Rillaboom|[spread] p2a,p2b
|-resisted|p2b: Rillaboom
|-damage|p2a: Volcarona|70/100
|-damage|p2b: Rillaboom|22/100
|
|-weather|none
|-heal|p2a: Volcarona|77/100|[from] Grassy Terrain
|-heal|p1b: Blastoise|25/100|[from] Grassy Terrain
|-heal|p1a: Sinistcha|39/100|[from] Grassy Terrain
|-heal|p2b: Rillaboom|28/100|[from] Grassy Terrain
|-sideend|p1: thorn14|move: Tailwind
|-fieldend|move: Grassy Terrain
|upkeep
|turn|6
|-message|thorn14 forfeited.
|raw|thorn14's rating: 1143 → 1124(-19 for losing)
|raw|eu amo moqueca's rating: 1226 → 1245(+19 for winning)
|
|win|eu amo moqueca
|l|☆thorn14
|player|p1|
