|j|Ōśåsig.kire
|j|Ōśåedhen
|html|sig.kireedhen    
|uhtml|bestof|Game 1 of a best-of-3
|t:|1757830432
|gametype|doubles
|player|p1|sig.kire|sailor|1249
|player|p2|edhen|clair|1251
|gen|9
|tier|[Gen 9] VGC 2025 Reg H (Bo3)
|rated|
|rule|Species Clause: Limit one of each Pok├®mon
|rule|Item Clause: Limit 1 of each item
|clearpoke
|poke|p1|Corviknight, L50, M|
|poke|p1|Garchomp, L50, F|
|poke|p1|Tyranitar, L50, F|
|poke|p1|Volcarona, L50, M|
|poke|p1|Indeedee, L50, M|
|poke|p1|Sneasler, L50, M|
|poke|p2|Politoed, L50, F|
|poke|p2|Archaludon, L50, M|
|poke|p2|Comfey, L50, F|
|poke|p2|Rillaboom, L50, F|
|poke|p2|Basculegion, L50, M|
|poke|p2|Talonflame, L50, F|
|teampreview|4
|showteam|p1|Corviknight||SitrusBerry|MirrorArmor|BraveBird,BodyPress,BulkUp,Roost|||M|||50|,,,,,Fire]Garchomp||LifeOrb|RoughSkin|DragonClaw,StompingTantrum,Earthquake,Protect|||F|||50|,,,,,Ground]Tyranitar||AssaultVest|SandStream|RockSlide,KnockOff,TeraBlast,LowKick|||F|||50|,,,,,Flying]Volcarona||SafetyGoggles|FlameBody|Overheat,Protect,RagePowder,Tailwind|||M|||50|,,,,,Fairy]Indeedee||ChoiceScarf|PsychicSurge|ExpandingForce,HelpingHand,Trick,TrickRoom|||M|||50|,,,,,Psychic]Sneasler||PsychicSeed|Unburden|DireClaw,CloseCombat,ThroatChop,Protect|||M|||50|,,,,,Dark
|showteam|p2|Politoed||Leftovers|Drizzle|Protect,MuddyWater,Haze,Hypnosis|||F|||50|,,,,,Grass]Archaludon||AssaultVest|Stamina|ElectroShot,BodyPress,FlashCannon,DracoMeteor|||M|||50|,,,,,Grass]Comfey||WikiBerry|Triage|Protect,FloralHealing,DrainingKiss,Taunt|||F|||50|,,,,,Steel]Rillaboom||LoadedDice|GrassySurge|BulletSeed,GrassyGlide,FakeOut,HighHorsepower|||F|||50|,,,,,Fire]Basculegion||ChoiceBand|SwiftSwim|LastRespects,WaveCrash,AquaJet,FlipTurn|||M|||50|,,,,,Water]Talonflame||CovertCloak|GaleWings|Tailwind,WillOWisp,DualWingbeat,FlareBlitz|||F|||50|,,,,,Ghost
|
|t:|1757830472
|teamsize|p1|4
|teamsize|p2|4
|start
|switch|p1a: Volcarona|Volcarona, L50, M|100/100
|switch|p1b: Sneasler|Sneasler, L50, M|100/100
|switch|p2a: Rillaboom|Rillaboom, L50, F|100/100
|switch|p2b: Talonflame|Talonflame, L50, F|100/100
|-fieldstart|move: Grassy Terrain|[from] ability: Grassy Surge|[of] p2a: Rillaboom
|turn|1
|inactive|Battle timer is ON: inactive players will automatically lose when time's up. (requested by sig.kire)
|inactive|edhen has 60 seconds left.
|
|t:|1757830503
|switch|p2a: Archaludon|Archaludon, L50, M|100/100
|switch|p1a: Indeedee|Indeedee, L50, M|100/100
|-fieldstart|move: Psychic Terrain|[from] ability: Psychic Surge|[of] p1a: Indeedee
|-enditem|p1b: Sneasler|Psychic Seed
|-boost|p1b: Sneasler|spd|1|[from] item: Psychic Seed
|-terastallize|p1b: Sneasler|Dark
|move|p2b: Talonflame|Tailwind|p2b: Talonflame
|-sidestart|p2: edhen|move: Tailwind
|move|p1b: Sneasler|Dire Claw|p2b: Talonflame
|-damage|p2b: Talonflame|32/100
|
|upkeep
|turn|2
|inactive|edhen has 30 seconds left.
|inactive|edhen has 20 seconds left.
|
|t:|1757830541
|switch|p2b: Rillaboom|Rillaboom, L50, F|100/100
|-fieldstart|move: Grassy Terrain|[from] ability: Grassy Surge|[of] p2b: Rillaboom
|switch|p1b: Volcarona|Volcarona, L50, M|100/100
|move|p1a: Indeedee|Expanding Force|p2b: Rillaboom
|-damage|p2b: Rillaboom|56/100
|move|p2a: Archaludon|Body Press|p1b: Volcarona
|-resisted|p1b: Volcarona
|-damage|p1b: Volcarona|87/100
|
|-heal|p2b: Rillaboom|62/100|[from] Grassy Terrain
|-heal|p1b: Volcarona|94/100|[from] Grassy Terrain
|upkeep
|turn|3
|
|t:|1757830566
|switch|p1a: Tyranitar|Tyranitar, L50, F|100/100
|-weather|Sandstorm|[from] ability: Sand Stream|[of] p1a: Tyranitar
|move|p2b: Rillaboom|Bullet Seed|p2a: Archaludon
|-resisted|p2a: Archaludon
|-damage|p2a: Archaludon|97/100
|-ability|p2a: Archaludon|Stamina|boost
|-boost|p2a: Archaludon|def|1
|-resisted|p2a: Archaludon
|-damage|p2a: Archaludon|95/100
|-ability|p2a: Archaludon|Stamina|boost
|-boost|p2a: Archaludon|def|1
|-resisted|p2a: Archaludon
|-damage|p2a: Archaludon|94/100
|-ability|p2a: Archaludon|Stamina|boost
|-boost|p2a: Archaludon|def|1
|-resisted|p2a: Archaludon
|-damage|p2a: Archaludon|92/100
|-ability|p2a: Archaludon|Stamina|boost
|-boost|p2a: Archaludon|def|1
|-resisted|p2a: Archaludon
|-damage|p2a: Archaludon|91/100
|-ability|p2a: Archaludon|Stamina|boost
|-boost|p2a: Archaludon|def|1
|-hitcount|p2a: Archaludon|5
|move|p2a: Archaludon|Body Press|p1a: Tyranitar
|-supereffective|p1a: Tyranitar
|-damage|p1a: Tyranitar|0 fnt
|faint|p1a: Tyranitar
|move|p1b: Volcarona|Overheat|p2a: Archaludon
|-damage|p2a: Archaludon|46/100
|-unboost|p1b: Volcarona|spa|2
|-ability|p2a: Archaludon|Stamina|boost
|-boost|p2a: Archaludon|def|1
|
|-weather|Sandstorm|[upkeep]
|-damage|p2b: Rillaboom|56/100|[from] Sandstorm
|-heal|p2b: Rillaboom|62/100|[from] Grassy Terrain
|-heal|p2a: Archaludon|52/100|[from] Grassy Terrain
|-heal|p1b: Volcarona|99/100|[from] Grassy Terrain
|upkeep
|
|t:|1757830576
|switch|p1a: Indeedee|Indeedee, L50, M|100/100
|-fieldstart|move: Psychic Terrain|[from] ability: Psychic Surge|[of] p1a: Indeedee
|turn|4
|
|t:|1757830590
|move|p1b: Volcarona|Rage Powder|p1b: Volcarona
|-singleturn|p1b: Volcarona|move: Rage Powder
|move|p2b: Rillaboom|Bullet Seed|p1a: Indeedee
|-damage|p1a: Indeedee|70/100
|-damage|p1a: Indeedee|37/100
|-damage|p1a: Indeedee|5/100
|-damage|p1a: Indeedee|0 fnt
|faint|p1a: Indeedee
|-hitcount|p1: Indeedee|4
|move|p2a: Archaludon|Body Press|p1b: Volcarona
|-resisted|p1b: Volcarona
|-damage|p1b: Volcarona|48/100
|-status|p2a: Archaludon|brn|[from] ability: Flame Body|[of] p1b: Volcarona
|
|-weather|Sandstorm|[upkeep]
|-damage|p2b: Rillaboom|56/100|[from] Sandstorm
|-damage|p2a: Archaludon|46/100 brn|[from] brn
|-sideend|p2: edhen|move: Tailwind
|upkeep
|
|t:|1757830605
|switch|p1a: Sneasler|Sneasler, L50, M, tera:Dark|100/100
|turn|5
|c|Ōśåsig.kire|how?
|c|Ōśåedhen|what
|inactive|sig.kire has 30 seconds left.
|c|Ōśåsig.kire|rilla can not be faster than my indeede
|c|Ōśåedhen|tailwind
|inactive|sig.kire has 20 seconds left.
|c|Ōśåsig.kire|still im scarf
|inactive|sig.kire has 15 seconds left.
|
|t:|1757830648
|switch|p2b: Comfey|Comfey, L50, F|100/100
|move|p1a: Sneasler|Dire Claw|p2b: Comfey
|-supereffective|p2b: Comfey
|-damage|p2b: Comfey|13/100
|-status|p2b: Comfey|slp
|-enditem|p2b: Comfey|Wiki Berry|[eat]
|-heal|p2b: Comfey|46/100 slp|[from] item: Wiki Berry
|move|p1b: Volcarona|Overheat|p2a: Archaludon
|-crit|p2a: Archaludon
|-damage|p2a: Archaludon|0 fnt
|-unboost|p1b: Volcarona|spa|2
|faint|p2a: Archaludon
|
|-weather|Sandstorm|[upkeep]
|-damage|p1a: Sneasler|95/100|[from] Sandstorm
|-damage|p2b: Comfey|40/100 slp|[from] Sandstorm
|upkeep
|c|Ōśåsig.kire|oh
|
|t:|1757830665
|switch|p2a: Rillaboom|Rillaboom, L50, F|56/100
|-fieldstart|move: Grassy Terrain|[from] ability: Grassy Surge|[of] p2a: Rillaboom
|turn|6
|c|Ōśåsig.kire|thats lucky
|
|t:|1757830679
|-terastallize|p2a: Rillaboom|Fire
|move|p1a: Sneasler|Protect|p1a: Sneasler
|-singleturn|p1a: Sneasler|Protect
|cant|p2b: Comfey|slp
|move|p2a: Rillaboom|Grassy Glide|p1a: Sneasler
|-activate|p1a: Sneasler|move: Protect
|move|p1b: Volcarona|Overheat|p2a: Rillaboom
|-resisted|p2a: Rillaboom
|-damage|p2a: Rillaboom|44/100
|-unboost|p1b: Volcarona|spa|2
|
|-weather|Sandstorm|[upkeep]
|-damage|p1a: Sneasler|89/100|[from] Sandstorm
|-damage|p2a: Rillaboom|38/100|[from] Sandstorm
|-damage|p2b: Comfey|35/100 slp|[from] Sandstorm
|-heal|p1a: Sneasler|95/100|[from] Grassy Terrain
|-heal|p2a: Rillaboom|44/100|[from] Grassy Terrain
|-heal|p1b: Volcarona|55/100|[from] Grassy Terrain
|-heal|p2b: Comfey|40/100 slp|[from] Grassy Terrain
|upkeep
|turn|7
|
|t:|1757830700
|cant|p2b: Comfey|slp
|move|p1b: Volcarona|Rage Powder|p1b: Volcarona
|-singleturn|p1b: Volcarona|move: Rage Powder
|move|p2a: Rillaboom|Grassy Glide|p1b: Volcarona
|-resisted|p1b: Volcarona
|-damage|p1b: Volcarona|45/100
|move|p1a: Sneasler|Dire Claw|p2b: Comfey
|-supereffective|p2b: Comfey
|-damage|p2b: Comfey|0 fnt
|faint|p2b: Comfey
|
|-weather|none
|-heal|p1a: Sneasler|100/100|[from] Grassy Terrain
|-heal|p2a: Rillaboom|50/100|[from] Grassy Terrain
|-heal|p1b: Volcarona|52/100|[from] Grassy Terrain
|upkeep
|
|t:|1757830707
|switch|p2b: Talonflame|Talonflame, L50, F|32/100
|turn|8
|c|Ōśåsig.kire|do you have timid rilla?
|inactive|edhen has 30 seconds left.
|c|Ōśåedhen|nah
|c|Ōśåsig.kire|than how?
|inactive|edhen has 20 seconds left.
|inactive|edhen has 15 seconds left.
|inactive|edhen has 10 seconds left.
|
|t:|1757830753
|move|p1b: Volcarona|Rage Powder|p1b: Volcarona
|-singleturn|p1b: Volcarona|move: Rage Powder
|move|p2a: Rillaboom|Grassy Glide|p1b: Volcarona
|-resisted|p1b: Volcarona
|-damage|p1b: Volcarona|42/100
|move|p2b: Talonflame|Dual Wingbeat|p1b: Volcarona
|-supereffective|p1b: Volcarona
|-damage|p1b: Volcarona|10/100
|-supereffective|p1b: Volcarona
|-damage|p1b: Volcarona|0 fnt
|faint|p1b: Volcarona
|-hitcount|p1: Volcarona|2
|move|p1a: Sneasler|Dire Claw|p2b: Talonflame
|-damage|p2b: Talonflame|0 fnt
|faint|p2b: Talonflame
|
|-heal|p2a: Rillaboom|56/100|[from] Grassy Terrain
|upkeep
|turn|9
|
|t:|1757830765
|move|p1a: Sneasler|Dire Claw|p2a: Rillaboom
|-damage|p2a: Rillaboom|9/100
|-status|p2a: Rillaboom|slp
|cant|p2a: Rillaboom|slp
|
|-heal|p2a: Rillaboom|15/100 slp|[from] Grassy Terrain
|upkeep
|turn|10
|c|Ōśåsig.kire|lol
|
|t:|1757830772
|move|p1a: Sneasler|Dire Claw|p2a: Rillaboom
|-damage|p2a: Rillaboom|0 fnt
|faint|p2a: Rillaboom
|
|win|sig.kire
||edhen is ready for game 2.
||sig.kire is ready for game 2.
|uhtml|next|Next: Game 2 of 3
|l|Ōśåedhen
|player|p2|
