|j|☆glotis
|j|☆Dre18
|html|glotisDre18    
|uhtml|bestof|Game 2 of a best-of-3
|t:|1756209251
|gametype|doubles
|player|p1|glotis|linebacker|1008
|player|p2|Dre18|lucas|1049
|gen|9
|tier|[Gen 9] VGC 2025 Reg H (Bo3)
|rated|
|rule|Species Clause: Limit one of each Pokémon
|rule|Item Clause: Limit 1 of each item
|clearpoke
|poke|p1|Magcargo, L50, M|
|poke|p1|Blaziken, L50, F|
|poke|p1|Swampert, L50, M|
|poke|p1|Salamence, L50, F|
|poke|p1|Braviary, L50, M|
|poke|p1|Breloom, L50, F|
|poke|p2|Volcarona, L50, M|
|poke|p2|Rillaboom, L50, M|
|poke|p2|Annihilape, L50, F|
|poke|p2|Ninetales-Alola, L50, F|
|poke|p2|Electabuzz, L50, F|
|poke|p2|Gyarados, L50, M|
|teampreview|4
|showteam|p1|Magcargo||AirBalloon|FlameBody|WillOWisp,Protect,SunnyDay,HeatWave|||M|||50|,,,,,Grass]Blaziken||FocusSash|SpeedBoost|BlazeKick,Coaching,Protect,Counter|||F|||50|,,,,,Dark]Swampert||AssaultVest|Torrent|Waterfall,BodyPress,Earthquake,FlipTurn|||M|||50|,,,,,Water]Salamence||ClearAmulet|Intimidate|DracoMeteor,DragonClaw,DualWingbeat,Tailwind|||F|||50|,,,,,Steel]Braviary||CovertCloak|Defiant|BulkUp,Protect,BodySlam,RockSlide|||M|||50|,,,,,Normal]Breloom||SitrusBerry|Technician|MachPunch,Spore,Protect,SwordsDance|||F|||50|,,,,,Dark
|showteam|p2|Volcarona||CovertCloak|FlameBody|HeatWave,TeraBlast,QuiverDance,Protect|||M|||50|,,,,,Fairy]Rillaboom||AssaultVest|GrassySurge|FakeOut,GrassyGlide,Uturn,WoodHammer|||M|||50|,,,,,Fire]Annihilape||SafetyGoggles|Defiant|RageFist,DrainPunch,BulkUp,Protect|||F|||50|,,,,,Water]Ninetales-Alola||LightClay|SnowWarning|Blizzard,IcicleSpear,AuroraVeil,Encore|||F|||50|,,,,,Ghost]Electabuzz||Eviolite|VitalSpirit|Electroweb,FollowMe,Taunt,Protect|||F|||50|,,,,,Ghost]Gyarados||RockyHelmet|Intimidate|Waterfall,IronHead,ThunderWave,Protect|||M|||50|,,,,,Steel
|inactive|Battle timer is ON: inactive players will automatically lose when time's up. (requested by Dre18)
|inactive|glotis also wants the timer to be on.
|
|t:|1756209276
|teamsize|p1|4
|teamsize|p2|4
|start
|switch|p1a: Salamence|Salamence, L50, F|100/100
|switch|p1b: Braviary|Braviary, L50, M|100/100
|switch|p2a: Electabuzz|Electabuzz, L50, F|100/100
|switch|p2b: Annihilape|Annihilape, L50, F|100/100
|-ability|p1a: Salamence|Intimidate|boost
|-unboost|p2a: Electabuzz|atk|1
|-unboost|p2b: Annihilape|atk|1
|-ability|p2b: Annihilape|Defiant|boost
|-boost|p2b: Annihilape|atk|2
|turn|1
|inactive|glotis has 30 seconds left.
|inactive|Dre18 has 30 seconds left.
|inactive|glotis has 20 seconds left.
|inactive|glotis has 15 seconds left.
|inactive|glotis has 10 seconds left.
|
|t:|1756209326
|-terastallize|p2b: Annihilape|Water
|move|p1b: Braviary|Rock Slide|p2b: Annihilape|[spread] p2a,p2b
|-damage|p2a: Electabuzz|86/100
|-damage|p2b: Annihilape|83/100
|move|p2a: Electabuzz|Electroweb|p1b: Braviary|[spread] p1a,p1b
|-crit|p1a: Salamence
|-supereffective|p1b: Braviary
|-damage|p1a: Salamence|84/100
|-damage|p1b: Braviary|62/100
|move|p1a: Salamence|Tailwind|p1a: Salamence
|-sidestart|p1: glotis|move: Tailwind
|cant|p2b: Annihilape|flinch
|
|upkeep
|turn|2
|inactive|glotis has 30 seconds left.
|inactive|Dre18 has 30 seconds left.
|
|t:|1756209356
|-terastallize|p1b: Braviary|Normal
|move|p1b: Braviary|Body Slam|p2a: Electabuzz
|-damage|p2a: Electabuzz|47/100
|move|p1a: Salamence|Dragon Claw|p2b: Annihilape
|-damage|p2b: Annihilape|50/100
|move|p2a: Electabuzz|Electroweb|p1a: Salamence|[spread] p1a,p1b
|-damage|p1a: Salamence|73/100
|-damage|p1b: Braviary|44/100
|move|p2b: Annihilape|Rage Fist|p1a: Salamence
|-crit|p1a: Salamence
|-damage|p1a: Salamence|0 fnt
|faint|p1a: Salamence
|
|upkeep
|
|t:|1756209370
|switch|p1a: Blaziken|Blaziken, L50, F|100/100
|turn|3
|
|t:|1756209380
|move|p2b: Annihilape|Protect|p2b: Annihilape
|-singleturn|p2b: Annihilape|Protect
|move|p1a: Blaziken|Coaching|p1b: Braviary
|-boost|p1b: Braviary|atk|1
|-boost|p1b: Braviary|def|1
|move|p1b: Braviary|Rock Slide|p2a: Electabuzz|[spread] p2a
|-activate|p2b: Annihilape|move: Protect
|-damage|p2a: Electabuzz|24/100
|move|p2a: Electabuzz|Taunt|p1a: Blaziken
|-start|p1a: Blaziken|move: Taunt
|
|-ability|p1a: Blaziken|Speed Boost|boost
|-boost|p1a: Blaziken|spe|1
|upkeep
|turn|4
|
|t:|1756209400
|move|p2a: Electabuzz|Follow Me|p2a: Electabuzz
|-singleturn|p2a: Electabuzz|move: Follow Me
|move|p1a: Blaziken|Blaze Kick|p2a: Electabuzz
|-damage|p2a: Electabuzz|0 fnt
|faint|p2a: Electabuzz
|move|p1b: Braviary|Body Slam|p2b: Annihilape
|-damage|p2b: Annihilape|0 fnt
|faint|p2b: Annihilape
|
|-sideend|p1: glotis|move: Tailwind
|-ability|p1a: Blaziken|Speed Boost|boost
|-boost|p1a: Blaziken|spe|1
|upkeep
|
|t:|1756209409
|switch|p2a: Ninetales|Ninetales-Alola, L50, F|100/100
|switch|p2b: Volcarona|Volcarona, L50, M|100/100
|-weather|Snowscape|[from] ability: Snow Warning|[of] p2a: Ninetales
|turn|5
|
|t:|1756209420
|move|p1a: Blaziken|Blaze Kick|p2a: Ninetales
|-supereffective|p2a: Ninetales
|-damage|p2a: Ninetales|39/100
|move|p2a: Ninetales|Blizzard|p1a: Blaziken|[spread] p1a,p1b
|-resisted|p1a: Blaziken
|-crit|p1a: Blaziken
|-damage|p1a: Blaziken|78/100
|-damage|p1b: Braviary|15/100
|move|p2b: Volcarona|Heat Wave|p1a: Blaziken|[spread] p1a,p1b
|-resisted|p1a: Blaziken
|-damage|p1a: Blaziken|57/100
|-damage|p1b: Braviary|0 fnt
|faint|p1b: Braviary
|
|-weather|Snowscape|[upkeep]
|-ability|p1a: Blaziken|Speed Boost|boost
|-boost|p1a: Blaziken|spe|1
|upkeep
|
|t:|1756209430
|switch|p1b: Magcargo|Magcargo, L50, M, shiny|100/100
|-item|p1b: Magcargo|Air Balloon
|turn|6
|
|t:|1756209444
|move|p1a: Blaziken|Blaze Kick|p2a: Ninetales
|-supereffective|p2a: Ninetales
|-damage|p2a: Ninetales|0 fnt
|faint|p2a: Ninetales
|move|p2b: Volcarona|Quiver Dance|p2b: Volcarona
|-boost|p2b: Volcarona|spa|1
|-boost|p2b: Volcarona|spd|1
|-boost|p2b: Volcarona|spe|1
|move|p1b: Magcargo|Heat Wave|p2b: Volcarona
|-damage|p2b: Volcarona|81/100
|
|-weather|Snowscape|[upkeep]
|-end|p1a: Blaziken|move: Taunt
|-ability|p1a: Blaziken|Speed Boost|boost
|-boost|p1a: Blaziken|spe|1
|upkeep
|turn|7
|
|t:|1756209455
|move|p1a: Blaziken|Blaze Kick|p2b: Volcarona
|-damage|p2b: Volcarona|29/100
|move|p2b: Volcarona|Heat Wave|p1b: Magcargo|[spread] p1a,p1b
|-resisted|p1a: Blaziken
|-resisted|p1b: Magcargo
|-damage|p1a: Blaziken|22/100
|-damage|p1b: Magcargo|89/100
|-enditem|p1b: Magcargo|Air Balloon
|move|p1b: Magcargo|Heat Wave|p2b: Volcarona
|-damage|p2b: Volcarona|8/100
|
|-weather|Snowscape|[upkeep]
|-ability|p1a: Blaziken|Speed Boost|boost
|-boost|p1a: Blaziken|spe|1
|upkeep
|turn|8
|
|t:|1756209465
|move|p1a: Blaziken|Blaze Kick|p2b: Volcarona
|-damage|p2b: Volcarona|0 fnt
|faint|p2b: Volcarona
|
|win|glotis
|raw|glotis's rating: 1008 → 1051(+43 for winning)
|raw|Dre18's rating: 1049 → 1030(-19 for losing)
