|j|☆3-4 worlds
|j|☆Suedanim
|html|3-4 worldsSuedanim    
|uhtml|bestof|Game 2 of a best-of-3
|t:|1785200402
|gametype|doubles
|player|p1|3-4 worlds|emma|1158
|player|p2|Suedanim|unknown|1067
|gen|9
|tier|[Gen 9 Champions] VGC 2026 Reg M-B (Bo3)
|rated|
|rule|Species Clause: Limit one of each Pokémon
|rule|Item Clause: Limit 1 of each item
|clearpoke
|poke|p1|Charizard, L50, M|
|poke|p1|Glimmora, L50, M|
|poke|p1|Ninetales-Alola, L50, F|
|poke|p1|Sylveon, L50, M|
|poke|p1|Kingambit, L50, F|
|poke|p1|Whimsicott, L50, M|
|poke|p2|Dragalge, L50, M|
|poke|p2|Incineroar, L50, M|
|poke|p2|Sinistcha, L50|
|poke|p2|Grimmsnarl, L50, M|
|poke|p2|Tinkaton, L50, F|
|poke|p2|Conkeldurr, L50, M|
|teampreview|4
|showteam|p1|Charizard||CharizarditeY|Blaze|HeatWave,WeatherBall,SolarBeam,Protect|Modest||M|||50|]Glimmora||Glimmoranite|ToxicDebris|SludgeBomb,PowerGem,EarthPower,SpikyShield|Modest||M|||50|]Ninetales-Alola||NeverMeltIce|SnowWarning|Blizzard,FreezeDry,Disable,Protect|Timid||F|||50|]Sylveon||FairyFeather|Pixilate|HyperVoice,HyperBeam,QuickAttack,Detect|Modest||M|||50|]Kingambit||BlackGlasses|Defiant|KowtowCleave,IronHead,SuckerPunch,Protect|Adamant||F|||50|]Whimsicott||FocusSash|Prankster|Moonblast,Tailwind,Encore,Protect|Timid||M|||50|
|showteam|p2|Dragalge||Dragalgite|PoisonPoint|DracoMeteor,FlipTurn,Protect,Toxic|Bold||M|||50|]Incineroar||SitrusBerry|Intimidate|FakeOut,PartingShot,FlareBlitz,ThroatChop|Adamant||M|||50|]Sinistcha||MiracleSeed|Hospitality|MatchaGotcha,RagePowder,Protect,TrickRoom|Quiet|||||50|]Grimmsnarl||LightClay|Prankster|SpiritBreak,PartingShot,FakeOut,LightScreen|Serious||M|||50|]Tinkaton||MetalCoat|MoldBreaker|FakeOut,GigatonHammer,Protect,StealthRock|Jolly||F|||50|]Conkeldurr||BlackBelt|IronFist|DrainPunch,MachPunch,WideGuard,IcePunch|Adamant||M|||50|
|inactive|Battle timer is ON: inactive players will automatically lose when time's up. (requested by 3-4 worlds)
|
|t:|1785200419
|teamsize|p1|4
|teamsize|p2|4
|start
|switch|p1a: Glimmora|Glimmora, L50, M|100/100
|switch|p1b: Ninetales|Ninetales-Alola, L50, F|100/100
|switch|p2a: Tinkaton|Tinkaton, L50, F|100/100
|switch|p2b: Dragalge|Dragalge, L50, M|100/100
|-weather|Snowscape|[from] ability: Snow Warning|[of] p1b: Ninetales
|-ability|p2a: Tinkaton|Mold Breaker
|turn|1
|
|t:|1785200430
|detailschange|p2b: Dragalge|Dragalge-Mega, L50, M
|-mega|p2b: Dragalge|Dragalge|Dragalgite
|move|p1b: Ninetales|Protect|p1b: Ninetales
|-singleturn|p1b: Ninetales|Protect
|move|p1a: Glimmora|Spiky Shield|p1a: Glimmora
|-singleturn|p1a: Glimmora|move: Protect
|move|p2a: Tinkaton|Fake Out|p1b: Ninetales
|-activate|p1b: Ninetales|move: Protect
|move|p2b: Dragalge|Draco Meteor|p1a: Glimmora
|-activate|p1a: Glimmora|move: Protect
|
|-weather|Snowscape|[upkeep]
|upkeep
|turn|2
|
|t:|1785200455
|detailschange|p1a: Glimmora|Glimmora-Mega, L50, M
|-mega|p1a: Glimmora|Glimmora|Glimmoranite
|move|p1b: Ninetales|Blizzard|p2b: Dragalge|[spread] p2a,p2b
|-resisted|p2a: Tinkaton|1
|-supereffective|p2b: Dragalge|1
|-damage|p2a: Tinkaton|82/100
|-damage|p2b: Dragalge|50/100y
|move|p2a: Tinkaton|Gigaton Hammer|p1a: Glimmora
|-supereffective|p1a: Glimmora|1
|-damage|p1a: Glimmora|1/100
|move|p1a: Glimmora|Earth Power|p2a: Tinkaton
|-supereffective|p2a: Tinkaton|1
|-damage|p2a: Tinkaton|17/100
|move|p2b: Dragalge|Flip Turn|p1b: Ninetales
|-damage|p1b: Ninetales|89/100
|
|t:|1785200470
|-heal|p2b: Dragalge|83/100|[from] ability: Regenerator|[silent]
|switch|p2b: Sinistcha|Sinistcha, L50|100/100|[from] Flip Turn
|-heal|p2a: Tinkaton|42/100|[from] ability: Hospitality|[of] p2b: Sinistcha
|
|-weather|Snowscape|[upkeep]
|upkeep
|turn|3
|
|t:|1785200491
|switch|p2a: Conkeldurr|Conkeldurr, L50, M|100/100
|move|p2b: Sinistcha|Protect|p2b: Sinistcha
|-singleturn|p2b: Sinistcha|Protect
|move|p1b: Ninetales|Blizzard|p2b: Sinistcha|[spread] p2a
|-activate|p2b: Sinistcha|move: Protect
|-damage|p2a: Conkeldurr|54/100
|move|p1a: Glimmora|Earth Power|p2a: Conkeldurr
|-damage|p2a: Conkeldurr|14/100
|
|-weather|Snowscape|[upkeep]
|upkeep
|turn|4
|
|t:|1785200507
|move|p2a: Conkeldurr|Mach Punch|p1a: Glimmora
|-damage|p1a: Glimmora|0 fnt
|faint|p1a: Glimmora
|move|p1b: Ninetales|Blizzard|p2a: Conkeldurr|[spread] p2a,p2b
|-supereffective|p2b: Sinistcha|1
|-damage|p2a: Conkeldurr|0 fnt
|-damage|p2b: Sinistcha|17/100
|faint|p2a: Conkeldurr
|move|p2b: Sinistcha|Trick Room|p2b: Sinistcha
|-fieldstart|move: Trick Room|[of] p2b: Sinistcha
|
|-weather|Snowscape|[upkeep]
|upkeep
|
|t:|1785200516
|switch|p2a: Dragalge|Dragalge-Mega, L50, M|83/100
|switch|p1a: Kingambit|Kingambit, L50, F|100/100
|turn|5
|
|t:|1785200526
|switch|p2b: Tinkaton|Tinkaton, L50, F|42/100
|-ability|p2b: Tinkaton|Mold Breaker
|move|p2a: Dragalge|Draco Meteor|p1a: Kingambit
|-resisted|p1a: Kingambit|1
|-damage|p1a: Kingambit|69/100
|-unboost|p2a: Dragalge|spa|2
|move|p1a: Kingambit|Kowtow Cleave|p2a: Dragalge
|-damage|p2a: Dragalge|39/100
|move|p1b: Ninetales|Blizzard|p2b: Tinkaton|[spread] p2a,p2b
|-supereffective|p2a: Dragalge|1
|-resisted|p2b: Tinkaton|1
|-damage|p2a: Dragalge|0 fnt
|-damage|p2b: Tinkaton|25/100
|-status|p2b: Tinkaton|frz
|faint|p2a: Dragalge
|
|-weather|none
|upkeep
|
|t:|1785200528
|switch|p2a: Sinistcha|Sinistcha, L50|17/100
|-heal|p2b: Tinkaton|50/100g frz|[from] ability: Hospitality|[of] p2a: Sinistcha
|turn|6
|-message|Suedanim forfeited.
|raw|3-4 worlds's rating: 1158 → 1177(+19 for winning)
|raw|Suedanim's rating: 1067 → 1052(-15 for losing)
|
|win|3-4 worlds
|l|☆Suedanim
|player|p2|
