|j|☆aygguan
|j|☆WASHINGTONGARGACHA
|html|aygguanWASHINGTONGARGACHA    
|uhtml|bestof|Game 2 of a best-of-3
|t:|1757795996
|gametype|doubles
|player|p1|aygguan|265|1155
|player|p2|WASHINGTONGARGACHA|266|1142
|gen|9
|tier|[Gen 9] VGC 2025 Reg H (Bo3)
|rated|
|rule|Species Clause: Limit one of each Pokémon
|rule|Item Clause: Limit 1 of each item
|clearpoke
|poke|p1|Grimmsnarl, L50, M|
|poke|p1|Annihilape, L50, F|
|poke|p1|Maushold, L50|
|poke|p1|Pelipper, L50, M|
|poke|p1|Archaludon, L50, M|
|poke|p1|Sinistcha, L50|
|poke|p2|Typhlosion-Hisui, L50, F|
|poke|p2|Whimsicott, L50, F|
|poke|p2|Dragapult, L50, F|
|poke|p2|Torkoal, L50, F|
|poke|p2|Lilligant-Hisui, L50, F|
|poke|p2|Electabuzz, L50, F|
|teampreview|4
|showteam|p1|Grimmsnarl||LightClay|Prankster|Reflect,LightScreen,ThunderWave,SpiritBreak|||M|||50|,,,,,Steel]Annihilape||SpellTag|Defiant|BulkUp,Protect,DrainPunch,RageFist|||F|||50|,,,,,Dragon]Maushold||SafetyGoggles|FriendGuard|BeatUp,Taunt,FollowMe,Protect||||||50|,,,,,Ghost]Pelipper||LifeOrb|Drizzle|Hurricane,WeatherBall,Tailwind,Protect|||M|||50|,,,,,Stellar]Archaludon||AssaultVest|Stamina|ElectroShot,DracoMeteor,Snarl,BodyPress|||M|||50|,,,,,Grass]Sinistcha||SitrusBerry|Hospitality|LifeDew,TrickRoom,StrengthSap,MatchaGotcha||||||50|,,,,,Water
|showteam|p2|Typhlosion-Hisui||ChoiceSpecs|Blaze|HeatWave,Eruption,ShadowBall,FocusPunch|||F|||50|,,,,,Fire]Whimsicott||CovertCloak|Prankster|Tailwind,Moonblast,SunnyDay,Encore|||F|||50|,,,,,Water]Dragapult||ChoiceBand|ClearBody|Uturn,SuckerPunch,DragonDarts,PhantomForce|||F|||50|,,,,,Dragon]Torkoal||LifeOrb|Drought|HeatWave,Eruption,Protect,WeatherBall|||F|||50|,,,,,Fire]Lilligant-Hisui||FocusSash|Chlorophyll|CloseCombat,SleepPowder,AfterYou,LeafBlade|||F|||50|,,,,,Ghost]Electabuzz||Eviolite|VitalSpirit|FollowMe,Taunt,Electroweb,Protect|||F|||50|,,,,,Grass
|inactive|Battle timer is ON: inactive players will automatically lose when time's up. (requested by aygguan)
|
|t:|1757796016
|teamsize|p1|4
|teamsize|p2|4
|start
|switch|p1a: Grimmsnarl|Grimmsnarl, L50, M|100/100
|switch|p1b: Annihilape|Annihilape, L50, F|100/100
|switch|p2a: Whimsicott|Whimsicott, L50, F|100/100
|switch|p2b: Typhlosion|Typhlosion-Hisui, L50, F|100/100
|turn|1
|inactive|WASHINGTONGARGACHA has 30 seconds left.
|
|t:|1757796045
|switch|p1b: Pelipper|Pelipper, L50, M|100/100
|-weather|RainDance|[from] ability: Drizzle|[of] p1b: Pelipper
|-terastallize|p2b: Typhlosion|Fire
|move|p2a: Whimsicott|Sunny Day|p2a: Whimsicott
|-weather|SunnyDay
|move|p1a: Grimmsnarl|Thunder Wave|p2b: Typhlosion
|-status|p2b: Typhlosion|par
|move|p2b: Typhlosion|Eruption|p1b: Pelipper|[spread] p1a,p1b
|-resisted|p1b: Pelipper
|-crit|p1b: Pelipper
|-damage|p1a: Grimmsnarl|0 fnt
|-damage|p1b: Pelipper|0 fnt
|faint|p1a: Grimmsnarl
|faint|p1b: Pelipper
|
|-weather|SunnyDay|[upkeep]
|upkeep
|
|t:|1757796054
|switch|p1b: Archaludon|Archaludon, L50, M|100/100
|switch|p1a: Annihilape|Annihilape, L50, F|100/100
|turn|2
|
|t:|1757796074
|switch|p2b: Electabuzz|Electabuzz, L50, F|100/100
|move|p2a: Whimsicott|Tailwind|p2a: Whimsicott
|-sidestart|p2: WASHINGTONGARGACHA|move: Tailwind
|move|p1a: Annihilape|Rage Fist|p2a: Whimsicott
|-damage|p2a: Whimsicott|75/100
|move|p1b: Archaludon|Snarl|p2a: Whimsicott|[spread] p2a,p2b
|-resisted|p2a: Whimsicott
|-damage|p2a: Whimsicott|65/100
|-damage|p2b: Electabuzz|90/100
|-unboost|p2b: Electabuzz|spa|1
|
|-weather|SunnyDay|[upkeep]
|upkeep
|turn|3
|inactive|WASHINGTONGARGACHA has 30 seconds left.
|
|t:|1757796102
|-terastallize|p1a: Annihilape|Dragon
|move|p2b: Electabuzz|Electroweb|p1b: Archaludon|[spread] p1a,p1b
|-resisted|p1a: Annihilape
|-resisted|p1b: Archaludon
|-damage|p1a: Annihilape|96/100
|-damage|p1b: Archaludon|97/100
|-unboost|p1a: Annihilape|spe|1
|-ability|p1a: Annihilape|Defiant|boost
|-boost|p1a: Annihilape|atk|2
|-unboost|p1b: Archaludon|spe|1
|-ability|p1b: Archaludon|Stamina|boost
|-boost|p1b: Archaludon|def|1
|move|p2a: Whimsicott|Moonblast|p1b: Archaludon
|-damage|p1b: Archaludon|79/100
|-unboost|p1b: Archaludon|spa|1
|-ability|p1b: Archaludon|Stamina|boost
|-boost|p1b: Archaludon|def|1
|move|p1a: Annihilape|Rage Fist|p2a: Whimsicott
|-damage|p2a: Whimsicott|0 fnt
|faint|p2a: Whimsicott
|move|p1b: Archaludon|Snarl|p2b: Electabuzz
|-damage|p2b: Electabuzz|81/100
|-unboost|p2b: Electabuzz|spa|1
|
|-weather|SunnyDay|[upkeep]
|upkeep
|
|t:|1757796125
|switch|p2a: Dragapult|Dragapult, L50, F|100/100
|turn|4
|
|t:|1757796138
|move|p1a: Annihilape|Protect|p1a: Annihilape
|-singleturn|p1a: Annihilape|Protect
|move|p2b: Electabuzz|Follow Me|p2b: Electabuzz
|-singleturn|p2b: Electabuzz|move: Follow Me
|move|p2a: Dragapult|Dragon Darts|p1b: Archaludon
|-damage|p1b: Archaludon|65/100
|-ability|p1b: Archaludon|Stamina|boost
|-boost|p1b: Archaludon|def|1
|-anim|p2a: Dragapult|Dragon Darts|p1b: Archaludon
|-damage|p1b: Archaludon|55/100
|-ability|p1b: Archaludon|Stamina|boost
|-boost|p1b: Archaludon|def|1
|move|p1b: Archaludon|Snarl|p2a: Dragapult|[spread] p2a,p2b
|-supereffective|p2a: Dragapult
|-damage|p2a: Dragapult|75/100
|-damage|p2b: Electabuzz|74/100
|-unboost|p2b: Electabuzz|spa|1
|
|-weather|SunnyDay|[upkeep]
|upkeep
|turn|5
|
|t:|1757796157
|move|p2b: Electabuzz|Follow Me|p2b: Electabuzz
|-singleturn|p2b: Electabuzz|move: Follow Me
|move|p2a: Dragapult|Dragon Darts|p1a: Annihilape
|-supereffective|p1a: Annihilape
|-damage|p1a: Annihilape|4/100
|-anim|p2a: Dragapult|Dragon Darts|p1b: Archaludon
|-damage|p1b: Archaludon|46/100
|-ability|p1b: Archaludon|Stamina|boost
|-boost|p1b: Archaludon|def|1
|move|p1a: Annihilape|Drain Punch|p2b: Electabuzz
|-damage|p2b: Electabuzz|0 fnt
|-heal|p1a: Annihilape|39/100|[from] drain|[of] p2b: Electabuzz
|faint|p2b: Electabuzz
|move|p1b: Archaludon|Snarl|p2a: Dragapult
|-supereffective|p2a: Dragapult
|-damage|p2a: Dragapult|45/100
|
|-weather|none
|-sideend|p2: WASHINGTONGARGACHA|move: Tailwind
|upkeep
|
|t:|1757796172
|switch|p2b: Typhlosion|Typhlosion-Hisui, L50, F, tera:Fire|100/100 par
|turn|6
|
|t:|1757796179
|move|p1a: Annihilape|Protect|p1a: Annihilape
|-singleturn|p1a: Annihilape|Protect
|move|p2a: Dragapult|Dragon Darts|p1b: Archaludon
|-damage|p1b: Archaludon|38/100
|-ability|p1b: Archaludon|Stamina|boost
|-boost|p1b: Archaludon|def|1
|-anim|p2a: Dragapult|Dragon Darts|p1b: Archaludon
|-damage|p1b: Archaludon|31/100
|move|p2b: Typhlosion|Heat Wave|p1b: Archaludon|[spread] p1b
|-activate|p1a: Annihilape|move: Protect
|-damage|p1b: Archaludon|0 fnt
|faint|p1b: Archaludon
|
|upkeep
|turn|7
|
|t:|1757796193
|move|p2a: Dragapult|Dragon Darts|p1a: Annihilape
|-supereffective|p1a: Annihilape
|-damage|p1a: Annihilape|0 fnt
|faint|p1a: Annihilape
|
|win|WASHINGTONGARGACHA
