|j|☆Inferno prodigy
|j|‽tryson69
|html|Inferno prodigytryson69    
|uhtml|bestof|Game 2 of a best-of-3
|t:|1784577494
|gametype|doubles
|player|p1|Inferno prodigy|102|1329
|player|p2|tryson69|crasherwake|1361
|gen|9
|tier|[Gen 9 Champions] VGC 2026 Reg M-B (Bo3)
|rated|
|rule|Species Clause: Limit one of each Pokémon
|rule|Item Clause: Limit 1 of each item
|clearpoke
|poke|p1|Staraptor, L50, M|
|poke|p1|Metagross, L50|
|poke|p1|Farigiraf, L50, F|
|poke|p1|Whimsicott, L50, M|
|poke|p1|Garchomp, L50, F|
|poke|p1|Ceruledge, L50, F|
|poke|p2|Raichu, L50, M|
|poke|p2|Gholdengo, L50|
|poke|p2|Garchomp, L50, M|
|poke|p2|Incineroar, L50, M|
|poke|p2|Milotic, L50, M|
|poke|p2|Whimsicott, L50, M|
|teampreview|4
|showteam|p1|Staraptor||Staraptite|Intimidate|CloseCombat,Roost,BraveBird,Protect|Jolly||M|||50|]Metagross||Metagrossite|ClearBody|Protect,IronHead,PsychicFangs,BodyPress|Adamant|||||50|]Farigiraf||SitrusBerry|ArmorTail|Psychic,Thunderbolt,HelpingHand,TrickRoom|Calm||F|||50|]Whimsicott||FocusSash|Prankster|Moonblast,Tailwind,Encore,Charm|Timid||M|||50|]Garchomp||LifeOrb|RoughSkin|StompingTantrum,RockSlide,DragonClaw,Protect|Jolly||F|||50|]Ceruledge||ColburBerry|FlashFire|BitterBlade,ShadowSneak,BulkUp,Protect|Adamant||F|||50|
|showteam|p2|Raichu||RaichuniteY|LightningRod|ZapCannon,FocusBlast,Protect,FakeOut|Timid||M|||50|]Gholdengo||SpellTag|GoodasGold|NastyPlot,ShadowBall,Protect,MakeItRain|Modest|||||50|]Garchomp||LifeOrb|RoughSkin|Earthquake,RockSlide,Protect,DragonClaw|Adamant||M|||50|]Incineroar||SitrusBerry|Intimidate|FakeOut,FlareBlitz,DarkestLariat,PartingShot|Impish||M|||50|]Milotic||Leftovers|Competitive|Coil,HydroPump,Hypnosis,Recover|Calm||M|||50|]Whimsicott||FocusSash|Prankster|Tailwind,Moonblast,Encore,Protect|Timid||M|||50|
|
|t:|1784577515
|teamsize|p1|4
|teamsize|p2|4
|start
|switch|p1a: Staraptor|Staraptor, L50, M|100/100
|switch|p1b: Whimsicott|Whimsicott, L50, M|100/100
|switch|p2a: Raichu|Raichu, L50, M|100/100
|switch|p2b: Garchomp|Garchomp, L50, M|100/100
|-ability|p1a: Staraptor|Intimidate|boost
|-unboost|p2a: Raichu|atk|1
|-unboost|p2b: Garchomp|atk|1
|turn|1
|
|t:|1784577525
|switch|p2b: Incineroar|Incineroar, L50, M|100/100
|-ability|p2b: Incineroar|Intimidate|boost
|-unboost|p1a: Staraptor|atk|1
|-unboost|p1b: Whimsicott|atk|1
|detailschange|p2a: Raichu|Raichu-Mega-Y, L50, M
|-mega|p2a: Raichu|Raichu|Raichunite Y
|detailschange|p1a: Staraptor|Staraptor-Mega, L50, M
|-mega|p1a: Staraptor|Staraptor|Staraptite
|move|p1a: Staraptor|Protect|p1a: Staraptor
|-singleturn|p1a: Staraptor|Protect
|move|p1b: Whimsicott|Tailwind|p1b: Whimsicott
|-sidestart|p1: Inferno prodigy|move: Tailwind
|move|p2a: Raichu|Zap Cannon|p1a: Staraptor
|-activate|p1a: Staraptor|move: Protect
|
|upkeep
|turn|2
|
|t:|1784577541
|switch|p1a: Farigiraf|Farigiraf, L50, F|100/100
|move|p1b: Whimsicott|Moonblast|p2a: Raichu
|-damage|p2a: Raichu|45/100
|move|p2a: Raichu|Zap Cannon|p1a: Farigiraf
|-damage|p1a: Farigiraf|42/100
|-status|p1a: Farigiraf|par
|-enditem|p1a: Farigiraf|Sitrus Berry|[eat]
|-heal|p1a: Farigiraf|67/100 par|[from] item: Sitrus Berry
|move|p2b: Incineroar|Parting Shot|p1a: Farigiraf
|-unboost|p1a: Farigiraf|atk|1
|-unboost|p1a: Farigiraf|spa|1
|
|t:|1784577554
|switch|p2b: Garchomp|Garchomp, L50, M|100/100|[from] Parting Shot
|
|upkeep
|turn|3
|
|t:|1784577570
|switch|p2a: Incineroar|Incineroar, L50, M|100/100
|-ability|p2a: Incineroar|Intimidate|boost
|-unboost|p1a: Farigiraf|atk|1
|-unboost|p1b: Whimsicott|atk|1
|move|p1b: Whimsicott|Moonblast|p2b: Garchomp
|-supereffective|p2b: Garchomp|1
|-damage|p2b: Garchomp|33/100
|move|p2b: Garchomp|Rock Slide|p1b: Whimsicott|[spread] p1a,p1b
|-crit|p1a: Farigiraf
|-damage|p1a: Farigiraf|32/100 par
|-damage|p1b: Whimsicott|58/100
|-damage|p2b: Garchomp|23/100|[from] item: Life Orb
|move|p1a: Farigiraf|Psychic|p2b: Garchomp
|-damage|p2b: Garchomp|1/100
|
|upkeep
|turn|4
|
|t:|1784577592
|move|p1a: Farigiraf|Helping Hand|p1b: Whimsicott
|-singleturn|p1b: Whimsicott|Helping Hand|[of] p1a: Farigiraf
|move|p1b: Whimsicott|Moonblast|p2a: Incineroar
|-damage|p2a: Incineroar|59/100
|move|p2b: Garchomp|Dragon Claw|p1a: Farigiraf
|-damage|p1a: Farigiraf|0 fnt
|faint|p1a: Farigiraf
|-damage|p2b: Garchomp|0 fnt|[from] item: Life Orb
|faint|p2b: Garchomp
|move|p2a: Incineroar|Flare Blitz|p1b: Whimsicott
|-supereffective|p1b: Whimsicott|1
|-damage|p1b: Whimsicott|0 fnt
|faint|p1b: Whimsicott
|-damage|p2a: Incineroar|46/100|[from] Recoil
|-enditem|p2a: Incineroar|Sitrus Berry|[eat]
|-heal|p2a: Incineroar|71/100|[from] item: Sitrus Berry
|
|-sideend|p1: Inferno prodigy|move: Tailwind
|upkeep
|
|t:|1784577609
|switch|p1b: Ceruledge|Ceruledge, L50, F|100/100
|switch|p2b: Raichu|Raichu-Mega-Y, L50, M|45/100
|switch|p1a: Staraptor|Staraptor-Mega, L50, M|100/100
|turn|5
|
|t:|1784577621
|move|p2b: Raichu|Protect|p2b: Raichu
|-singleturn|p2b: Raichu|Protect
|move|p1a: Staraptor|Close Combat|p2a: Incineroar
|-supereffective|p2a: Incineroar|1
|-damage|p2a: Incineroar|0 fnt
|-boost|p1a: Staraptor|def|1
|-boost|p1a: Staraptor|spd|1
|faint|p2a: Incineroar
|move|p1b: Ceruledge|Bitter Blade|p2b: Raichu
|-activate|p2b: Raichu|move: Protect
|
|upkeep
|
|t:|1784577626
|switch|p2a: Milotic|Milotic, L50, M|100/100
|turn|6
|
|t:|1784577637
|move|p2b: Raichu|Zap Cannon|p1b: Ceruledge
|-damage|p1b: Ceruledge|28/100
|-status|p1b: Ceruledge|par
|move|p1a: Staraptor|Close Combat|p2b: Raichu
|-crit|p2b: Raichu
|-damage|p2b: Raichu|0 fnt
|-boost|p1a: Staraptor|def|1
|-boost|p1a: Staraptor|spd|1
|faint|p2b: Raichu
|move|p2a: Milotic|Coil|p2a: Milotic
|-boost|p2a: Milotic|atk|1
|-boost|p2a: Milotic|def|1
|-boost|p2a: Milotic|accuracy|1
|move|p1b: Ceruledge|Bitter Blade|p2a: Milotic
|-resisted|p2a: Milotic|1
|-damage|p2a: Milotic|85/100
|-heal|p1b: Ceruledge|36/100 par|[from] drain|[of] p2a: Milotic
|
|-heal|p2a: Milotic|91/100|[from] item: Leftovers
|upkeep
|turn|7
|
|t:|1784577653
|move|p1a: Staraptor|Close Combat|p2a: Milotic
|-damage|p2a: Milotic|53/100
|-boost|p1a: Staraptor|def|1
|-boost|p1a: Staraptor|spd|1
|move|p2a: Milotic|Hypnosis|p1a: Staraptor
|-status|p1a: Staraptor|slp|[from] move: Hypnosis
|cant|p1b: Ceruledge|par
|
|-heal|p2a: Milotic|59/100|[from] item: Leftovers
|upkeep
|turn|8
|
|t:|1784577663
|move|p1b: Ceruledge|Shadow Sneak|p2a: Milotic
|-damage|p2a: Milotic|45/100
|cant|p1a: Staraptor|slp
|move|p2a: Milotic|Hydro Pump|p1b: Ceruledge
|-supereffective|p1b: Ceruledge|1
|-damage|p1b: Ceruledge|0 fnt
|faint|p1b: Ceruledge
|
|-heal|p2a: Milotic|50/100g|[from] item: Leftovers
|upkeep
|turn|9
|
|t:|1784577673
|cant|p1a: Staraptor|slp
|move|p2a: Milotic|Coil|p2a: Milotic
|-boost|p2a: Milotic|atk|1
|-boost|p2a: Milotic|def|1
|-boost|p2a: Milotic|accuracy|1
|
|-heal|p2a: Milotic|56/100|[from] item: Leftovers
|upkeep
|turn|10
|
|t:|1784577676
|-curestatus|p1a: Staraptor|slp|[msg]
|move|p1a: Staraptor|Close Combat|p2a: Milotic
|-damage|p2a: Milotic|31/100
|-boost|p1a: Staraptor|def|1
|-boost|p1a: Staraptor|spd|1
|move|p2a: Milotic|Hypnosis|p1a: Staraptor
|-status|p1a: Staraptor|slp|[from] move: Hypnosis
|
|-heal|p2a: Milotic|37/100|[from] item: Leftovers
|upkeep
|turn|11
|
|t:|1784577681
|cant|p1a: Staraptor|slp
|move|p2a: Milotic|Coil|p2a: Milotic
|-boost|p2a: Milotic|atk|1
|-boost|p2a: Milotic|def|1
|-boost|p2a: Milotic|accuracy|1
|
|-heal|p2a: Milotic|43/100|[from] item: Leftovers
|upkeep
|turn|12
|c|☆Inferno prodigy|No humorists cmon
|c|☆Inferno prodigy|let me iwn
|
|t:|1784577688
|-curestatus|p1a: Staraptor|slp|[msg]
|move|p1a: Staraptor|Close Combat|p2a: Milotic
|-damage|p2a: Milotic|20/100y
|-boost|p1a: Staraptor|def|1
|-boost|p1a: Staraptor|spd|1
|move|p2a: Milotic|Recover|p2a: Milotic
|-heal|p2a: Milotic|70/100
|
|-heal|p2a: Milotic|76/100|[from] item: Leftovers
|upkeep
|turn|13
|
|t:|1784577697
|move|p1a: Staraptor|Close Combat|p2a: Milotic
|-damage|p2a: Milotic|55/100
|-boost|p1a: Staraptor|def|1
|-boost|p1a: Staraptor|spd|1
|move|p2a: Milotic|Hypnosis|p1a: Staraptor
|-status|p1a: Staraptor|slp|[from] move: Hypnosis
|
|-heal|p2a: Milotic|61/100|[from] item: Leftovers
|upkeep
|turn|14
|
|t:|1784577703
|cant|p1a: Staraptor|slp
|move|p2a: Milotic|Coil|p2a: Milotic
|-boost|p2a: Milotic|atk|1
|-boost|p2a: Milotic|def|1
|-boost|p2a: Milotic|accuracy|1
|
|-heal|p2a: Milotic|67/100|[from] item: Leftovers
|upkeep
|turn|15
|
|t:|1784577714
|-curestatus|p1a: Staraptor|slp|[msg]
|move|p1a: Staraptor|Close Combat|p2a: Milotic
|-damage|p2a: Milotic|49/100
|move|p2a: Milotic|Coil|p2a: Milotic
|-boost|p2a: Milotic|atk|1
|-boost|p2a: Milotic|def|1
|-boost|p2a: Milotic|accuracy|1
|
|-heal|p2a: Milotic|55/100|[from] item: Leftovers
|upkeep
|turn|16
|
|t:|1784577727
|move|p1a: Staraptor|Brave Bird|p2a: Milotic
|-damage|p2a: Milotic|38/100
|-damage|p1a: Staraptor|94/100|[from] Recoil
|move|p2a: Milotic|Coil|p2a: Milotic
|-boost|p2a: Milotic|atk|1
|-boost|p2a: Milotic|def|1
|-boost|p2a: Milotic|accuracy|1
|
|-heal|p2a: Milotic|44/100|[from] item: Leftovers
|upkeep
|turn|17
|
|t:|1784577734
|move|p1a: Staraptor|Close Combat|p2a: Milotic
|-damage|p2a: Milotic|30/100
|move|p2a: Milotic|Recover|p2a: Milotic
|-heal|p2a: Milotic|80/100
|
|-heal|p2a: Milotic|86/100|[from] item: Leftovers
|upkeep
|turn|18
|
|t:|1784577741
|move|p1a: Staraptor|Brave Bird|p2a: Milotic
|-damage|p2a: Milotic|73/100
|-damage|p1a: Staraptor|89/100|[from] Recoil
|move|p2a: Milotic|Hydro Pump|p1a: Staraptor
|-damage|p1a: Staraptor|79/100
|
|-heal|p2a: Milotic|79/100|[from] item: Leftovers
|upkeep
|turn|19
|
|t:|1784577752
|move|p1a: Staraptor|Roost|p1a: Staraptor
|-heal|p1a: Staraptor|100/100
|-singleturn|p1a: Staraptor|move: Roost
|move|p2a: Milotic|Coil|p2a: Milotic
|-boost|p2a: Milotic|atk|0
|-boost|p2a: Milotic|def|0
|-boost|p2a: Milotic|accuracy|0
|
|-heal|p2a: Milotic|85/100|[from] item: Leftovers
|upkeep
|turn|20
|
|t:|1784577759
|move|p1a: Staraptor|Protect|p1a: Staraptor
|-singleturn|p1a: Staraptor|Protect
|move|p2a: Milotic|Hydro Pump|p1a: Staraptor
|-activate|p1a: Staraptor|move: Protect
|
|-heal|p2a: Milotic|91/100|[from] item: Leftovers
|upkeep
|turn|21
|
|t:|1784577766
|move|p1a: Staraptor|Brave Bird|p2a: Milotic
|-damage|p2a: Milotic|76/100
|-damage|p1a: Staraptor|94/100|[from] Recoil
|move|p2a: Milotic|Hypnosis|p1a: Staraptor
|-status|p1a: Staraptor|slp|[from] move: Hypnosis
|
|-heal|p2a: Milotic|82/100|[from] item: Leftovers
|upkeep
|turn|22
|
|t:|1784577770
|cant|p1a: Staraptor|slp
|move|p2a: Milotic|Hydro Pump|p1a: Staraptor
|-damage|p1a: Staraptor|82/100 slp
|
|-heal|p2a: Milotic|88/100|[from] item: Leftovers
|upkeep
|turn|23
|
|t:|1784577775
|cant|p1a: Staraptor|slp
|move|p2a: Milotic|Hydro Pump|p1a: Staraptor
|-damage|p1a: Staraptor|70/100 slp
|
|-heal|p2a: Milotic|94/100|[from] item: Leftovers
|upkeep
|turn|24
|
|t:|1784577779
|-curestatus|p1a: Staraptor|slp|[msg]
|move|p1a: Staraptor|Roost|p1a: Staraptor
|-heal|p1a: Staraptor|100/100
|-singleturn|p1a: Staraptor|move: Roost
|move|p2a: Milotic|Hydro Pump|p1a: Staraptor
|-damage|p1a: Staraptor|90/100
|
|-heal|p2a: Milotic|100/100|[from] item: Leftovers
|upkeep
|turn|25
|
|t:|1784577790
|move|p1a: Staraptor|Brave Bird|p2a: Milotic
|-damage|p2a: Milotic|86/100
|-damage|p1a: Staraptor|85/100|[from] Recoil
|move|p2a: Milotic|Hydro Pump|p1a: Staraptor
|-damage|p1a: Staraptor|74/100
|
|-heal|p2a: Milotic|92/100|[from] item: Leftovers
|upkeep
|turn|26
|
|t:|1784577796
|move|p1a: Staraptor|Roost|p1a: Staraptor
|-heal|p1a: Staraptor|100/100
|-singleturn|p1a: Staraptor|move: Roost
|move|p2a: Milotic|Coil|p2a: Milotic
|-boost|p2a: Milotic|atk|0
|-boost|p2a: Milotic|def|0
|-boost|p2a: Milotic|accuracy|0
|
|-heal|p2a: Milotic|98/100|[from] item: Leftovers
|upkeep
|turn|27
|
|t:|1784577804
|move|p1a: Staraptor|Brave Bird|p2a: Milotic
|-damage|p2a: Milotic|85/100
|-damage|p1a: Staraptor|95/100|[from] Recoil
|move|p2a: Milotic|Coil|p2a: Milotic
|-boost|p2a: Milotic|atk|0
|-boost|p2a: Milotic|def|0
|-boost|p2a: Milotic|accuracy|0
|
|-heal|p2a: Milotic|91/100|[from] item: Leftovers
|upkeep
|turn|28
|
|t:|1784577812
|move|p1a: Staraptor|Brave Bird|p2a: Milotic
|-damage|p2a: Milotic|77/100
|-damage|p1a: Staraptor|90/100|[from] Recoil
|move|p2a: Milotic|Coil|p2a: Milotic
|-boost|p2a: Milotic|atk|0
|-boost|p2a: Milotic|def|0
|-boost|p2a: Milotic|accuracy|0
|
|-heal|p2a: Milotic|83/100|[from] item: Leftovers
|upkeep
|turn|29
|
|t:|1784577814
|move|p1a: Staraptor|Roost|p1a: Staraptor
|-heal|p1a: Staraptor|100/100
|-singleturn|p1a: Staraptor|move: Roost
|move|p2a: Milotic|Coil|p2a: Milotic
|-boost|p2a: Milotic|atk|0
|-boost|p2a: Milotic|def|0
|-boost|p2a: Milotic|accuracy|0
|
|-heal|p2a: Milotic|89/100|[from] item: Leftovers
|upkeep
|turn|30
|c|☆Inferno prodigy|Cheater
|c|☆Inferno prodigy|no stallingnalllowd
|
|t:|1784577823
|move|p1a: Staraptor|Brave Bird|p2a: Milotic
|-damage|p2a: Milotic|74/100
|-damage|p1a: Staraptor|94/100|[from] Recoil
|move|p2a: Milotic|Coil|p2a: Milotic
|-boost|p2a: Milotic|atk|0
|-boost|p2a: Milotic|def|0
|-boost|p2a: Milotic|accuracy|0
|
|-heal|p2a: Milotic|80/100|[from] item: Leftovers
|upkeep
|turn|31
|
|t:|1784577826
|move|p1a: Staraptor|Brave Bird|p2a: Milotic
|-damage|p2a: Milotic|68/100
|-damage|p1a: Staraptor|90/100|[from] Recoil
|move|p2a: Milotic|Coil|p2a: Milotic
|-boost|p2a: Milotic|atk|0
|-boost|p2a: Milotic|def|0
|-boost|p2a: Milotic|accuracy|0
|
|-heal|p2a: Milotic|74/100|[from] item: Leftovers
|upkeep
|turn|32
|
|t:|1784577830
|move|p1a: Staraptor|Brave Bird|p2a: Milotic
|-damage|p2a: Milotic|59/100
|-damage|p1a: Staraptor|85/100|[from] Recoil
|move|p2a: Milotic|Recover|p2a: Milotic
|-heal|p2a: Milotic|100/100
|
|upkeep
|turn|33
|
|t:|1784577836
|move|p1a: Staraptor|Protect|p1a: Staraptor
|-singleturn|p1a: Staraptor|Protect
|move|p2a: Milotic|Coil|p2a: Milotic
|-boost|p2a: Milotic|atk|0
|-boost|p2a: Milotic|def|0
|-boost|p2a: Milotic|accuracy|0
|
|upkeep
|turn|34
|
|t:|1784577841
|move|p1a: Staraptor|Protect|p1a: Staraptor
|-singleturn|p1a: Staraptor|Protect
|move|p2a: Milotic|Coil|p2a: Milotic
|-boost|p2a: Milotic|atk|0
|-boost|p2a: Milotic|def|0
|-boost|p2a: Milotic|accuracy|0
|
|upkeep
|turn|35
|inactive|Battle timer is ON: inactive players will automatically lose when time's up. (requested by Inferno prodigy)
|
|t:|1784577847
|move|p1a: Staraptor|Brave Bird|p2a: Milotic
|-damage|p2a: Milotic|85/100
|-damage|p1a: Staraptor|80/100|[from] Recoil
|move|p2a: Milotic|Coil|p2a: Milotic
|-boost|p2a: Milotic|atk|0
|-boost|p2a: Milotic|def|0
|-boost|p2a: Milotic|accuracy|0
|
|-heal|p2a: Milotic|91/100|[from] item: Leftovers
|upkeep
|turn|36
|
|t:|1784577851
|move|p1a: Staraptor|Brave Bird|p2a: Milotic
|-damage|p2a: Milotic|77/100
|-damage|p1a: Staraptor|75/100|[from] Recoil
|move|p2a: Milotic|Coil|p2a: Milotic
|-boost|p2a: Milotic|atk|0
|-boost|p2a: Milotic|def|0
|-boost|p2a: Milotic|accuracy|0
|
|-heal|p2a: Milotic|83/100|[from] item: Leftovers
|upkeep
|turn|37
|
|t:|1784577855
|move|p1a: Staraptor|Brave Bird|p2a: Milotic
|-damage|p2a: Milotic|69/100
|-damage|p1a: Staraptor|70/100|[from] Recoil
|move|p2a: Milotic|Recover|p2a: Milotic
|-heal|p2a: Milotic|100/100
|
|upkeep
|turn|38
|
|t:|1784577859
|move|p1a: Staraptor|Brave Bird|p2a: Milotic
|-damage|p2a: Milotic|86/100
|-damage|p1a: Staraptor|66/100|[from] Recoil
|move|p2a: Milotic|Coil|p2a: Milotic
|-boost|p2a: Milotic|atk|0
|-boost|p2a: Milotic|def|0
|-boost|p2a: Milotic|accuracy|0
|
|-heal|p2a: Milotic|92/100|[from] item: Leftovers
|upkeep
|turn|39
|
|t:|1784577864
|move|p1a: Staraptor|Roost|p1a: Staraptor
|-heal|p1a: Staraptor|100/100
|-singleturn|p1a: Staraptor|move: Roost
|move|p2a: Milotic|Coil|p2a: Milotic
|-boost|p2a: Milotic|atk|0
|-boost|p2a: Milotic|def|0
|-boost|p2a: Milotic|accuracy|0
|
|-heal|p2a: Milotic|98/100|[from] item: Leftovers
|upkeep
|turn|40
|
|t:|1784577872
|move|p1a: Staraptor|Brave Bird|p2a: Milotic
|-damage|p2a: Milotic|84/100
|-damage|p1a: Staraptor|95/100|[from] Recoil
|move|p2a: Milotic|Coil|p2a: Milotic
|-boost|p2a: Milotic|atk|0
|-boost|p2a: Milotic|def|0
|-boost|p2a: Milotic|accuracy|0
|
|-heal|p2a: Milotic|90/100|[from] item: Leftovers
|upkeep
|turn|41
|c|☆Inferno prodigy|Cheater
|
|t:|1784577883
|move|p1a: Staraptor|Brave Bird|p2a: Milotic
|-damage|p2a: Milotic|76/100
|-damage|p1a: Staraptor|90/100|[from] Recoil
|move|p2a: Milotic|Hypnosis|p1a: Staraptor
|-status|p1a: Staraptor|slp|[from] move: Hypnosis
|
|-heal|p2a: Milotic|82/100|[from] item: Leftovers
|upkeep
|turn|42
|c|☆Inferno prodigy|No stall allowd
|c|☆Inferno prodigy|Play no niche
|
|t:|1784577892
|cant|p1a: Staraptor|slp
|move|p2a: Milotic|Hypnosis|p1a: Staraptor
|-fail|p1a: Staraptor|slp
|
|-heal|p2a: Milotic|88/100|[from] item: Leftovers
|upkeep
|turn|43
|
|t:|1784577900
|-curestatus|p1a: Staraptor|slp|[msg]
|move|p1a: Staraptor|Protect|p1a: Staraptor
|-singleturn|p1a: Staraptor|Protect
|move|p2a: Milotic|Hypnosis|p1a: Staraptor
|-activate|p1a: Staraptor|move: Protect
|
|-heal|p2a: Milotic|94/100|[from] item: Leftovers
|upkeep
|turn|44
|
|t:|1784577906
|move|p1a: Staraptor|Roost|p1a: Staraptor
|-heal|p1a: Staraptor|100/100
|-singleturn|p1a: Staraptor|move: Roost
|move|p2a: Milotic|Hypnosis|p1a: Staraptor
|-status|p1a: Staraptor|slp|[from] move: Hypnosis
|
|-heal|p2a: Milotic|100/100|[from] item: Leftovers
|upkeep
|turn|45
|
|t:|1784577909
|cant|p1a: Staraptor|slp
|move|p2a: Milotic|Hypnosis|p1a: Staraptor
|-fail|p1a: Staraptor|slp
|
|upkeep
|turn|46
|
|t:|1784577914
|-curestatus|p1a: Staraptor|slp|[msg]
|move|p1a: Staraptor|Roost||[still]
|-fail|p1a: Staraptor|heal
|move|p2a: Milotic|Hypnosis|p1a: Staraptor
|-status|p1a: Staraptor|slp|[from] move: Hypnosis
|
|upkeep
|turn|47
|
|t:|1784577920
|cant|p1a: Staraptor|slp
|move|p2a: Milotic|Hypnosis|p1a: Staraptor
|-fail|p1a: Staraptor|slp
|
|upkeep
|turn|48
|
|t:|1784577924
|-curestatus|p1a: Staraptor|slp|[msg]
|move|p1a: Staraptor|Protect|p1a: Staraptor
|-singleturn|p1a: Staraptor|Protect
|move|p2a: Milotic|Hypnosis|p1a: Staraptor
|-activate|p1a: Staraptor|move: Protect
|
|upkeep
|turn|49
|c|☆Inferno prodigy|Cjestrr
|
|t:|1784577931
|move|p1a: Staraptor|Roost||[still]
|-fail|p1a: Staraptor|heal
|move|p2a: Milotic|Hypnosis|p1a: Staraptor
|-status|p1a: Staraptor|slp|[from] move: Hypnosis
|
|upkeep
|turn|50
|
|t:|1784577937
|cant|p1a: Staraptor|slp
|move|p2a: Milotic|Hypnosis|p1a: Staraptor
|-fail|p1a: Staraptor|slp
|
|upkeep
|turn|51
|
|t:|1784577940
|cant|p1a: Staraptor|slp
|move|p2a: Milotic|Hypnosis|p1a: Staraptor
|-fail|p1a: Staraptor|slp
|
|upkeep
|turn|52
|-message|Inferno prodigy forfeited.
|
|win|tryson69
|raw|Inferno prodigy's rating: 1329 → 1311(-18 for losing)
|raw|tryson69's rating: 1361 → 1379(+18 for winning)
|l|☆Inferno prodigy
|player|p1|
