|j|☆PumitaNike
|j|☆Bolsa_25
|html|PumitaNikeBolsa_25    
|uhtml|bestof|Game 3 of a best-of-3
|t:|1757088657
|gametype|doubles
|player|p1|PumitaNike|1|1056
|player|p2|Bolsa_25|psychicf|1000
|gen|9
|tier|[Gen 9] VGC 2025 Reg H (Bo3)
|rated|
|rule|Species Clause: Limit one of each Pokémon
|rule|Item Clause: Limit 1 of each item
|clearpoke
|poke|p1|Arcanine-Hisui, L50, M|
|poke|p1|Corviknight, L50, F|
|poke|p1|Electabuzz, L50, M|
|poke|p1|Gastrodon-East, L50, M|
|poke|p1|Rillaboom, L50, F|
|poke|p1|Sneasler, L50, F|
|poke|p2|Gholdengo, L50|
|poke|p2|Magmar, L50, M|
|poke|p2|Dragonite, L50, M|
|poke|p2|Rillaboom, L50, M|
|poke|p2|Annihilape, L50, M|
|poke|p2|Sylveon, L50, F|
|teampreview|4
|showteam|p1|Arcanine-Hisui||ClearAmulet|Intimidate|FlareBlitz,RockSlide,ExtremeSpeed,Protect|||M|||50|,,,,,Ghost]Corviknight||GrassySeed|MirrorArmor|BraveBird,PowerTrip,BulkUp,Roost|||F|||50|,,,,,Dragon]Electabuzz||Eviolite|VitalSpirit|Thunderbolt,Taunt,FollowMe,Protect|||M|||50|,,,,,Ghost]Gastrodon-East||Leftovers|StormDrain|EarthPower,IceBeam,Yawn,Protect|||M|||50|,,,,,Fire]Rillaboom||AssaultVest|GrassySurge|GrassyGlide,WoodHammer,FakeOut,HighHorsepower|||F|||50|,,,,,Fire]Sneasler||FocusSash|Unburden|ThroatChop,FakeOut,CloseCombat,DireClaw|||F|||50|,,,,,Dark
|showteam|p2|Gholdengo||LifeOrb|GoodasGold|Protect,NastyPlot,MakeItRain,ShadowBall||||||50|,,,,,Water]Magmar||Eviolite|VitalSpirit|Taunt,WillOWisp,FollowMe,HeatWave|||M|||50|,,,,,Ghost]Dragonite||LoadedDice|Multiscale|Protect,Haze,Tailwind,ScaleShot|||M|||50|,,,,,Fairy]Rillaboom||AssaultVest|GrassySurge|FakeOut,GrassyGlide,WoodHammer,HighHorsepower|||M|||50|,,,,,Fire]Annihilape||SafetyGoggles|Defiant|Protect,BulkUp,RageFist,DrainPunch|||M|||50|,,,,,Steel]Sylveon||ThroatSpray|Pixilate|TeraBlast,HyperBeam,Protect,BabyDollEyes|||F|||50|,,,,,Water
|inactive|Battle timer is ON: inactive players will automatically lose when time's up. (requested by Bolsa_25)
|inactive|PumitaNike has 60 seconds left.
|inactive|PumitaNike has 30 seconds left.
|
|t:|1757088722
|teamsize|p1|4
|teamsize|p2|4
|start
|switch|p1a: Arcanine|Arcanine-Hisui, L50, M|100/100
|switch|p1b: Gastrodon|Gastrodon-East, L50, M|100/100
|switch|p2a: Annihilape|Annihilape, L50, M|100/100
|switch|p2b: Dragonite|Dragonite, L50, M|100/100
|-ability|p1a: Arcanine|Intimidate|boost
|-unboost|p2a: Annihilape|atk|1
|-ability|p2a: Annihilape|Defiant|boost
|-boost|p2a: Annihilape|atk|2
|-unboost|p2b: Dragonite|atk|1
|turn|1
|
|t:|1757088739
|move|p1a: Arcanine|Protect|p1a: Arcanine
|-singleturn|p1a: Arcanine|Protect
|move|p2a: Annihilape|Protect|p2a: Annihilape
|-singleturn|p2a: Annihilape|Protect
|move|p2b: Dragonite|Tailwind|p2b: Dragonite
|-sidestart|p2: Bolsa_25|move: Tailwind
|move|p1b: Gastrodon|Yawn|p2a: Annihilape
|-activate|p2a: Annihilape|move: Protect
|
|upkeep
|turn|2
|
|t:|1757088759
|move|p2b: Dragonite|Scale Shot|p2a: Annihilape
|-damage|p2a: Annihilape|92/100
|-damage|p2a: Annihilape|83/100
|-damage|p2a: Annihilape|74/100
|-damage|p2a: Annihilape|66/100
|-hitcount|p2a: Annihilape|4
|-unboost|p2b: Dragonite|def|1
|-boost|p2b: Dragonite|spe|1
|move|p2a: Annihilape|Rage Fist|p1a: Arcanine
|-damage|p1a: Arcanine|0 fnt
|faint|p1a: Arcanine
|move|p1b: Gastrodon|Yawn|p2a: Annihilape
|-start|p2a: Annihilape|move: Yawn|[of] p1b: Gastrodon
|
|upkeep
|
|t:|1757088766
|switch|p1a: Corviknight|Corviknight, L50, F|100/100
|turn|3
|
|t:|1757088783
|switch|p2b: Magmar|Magmar, L50, M|100/100
|move|p1b: Gastrodon|Protect|p1b: Gastrodon
|-singleturn|p1b: Gastrodon|Protect
|move|p2a: Annihilape|Rage Fist|p1a: Corviknight
|-damage|p1a: Corviknight|0 fnt
|faint|p1a: Corviknight
|
|-end|p2a: Annihilape|move: Yawn|[silent]
|-status|p2a: Annihilape|slp
|upkeep
|
|t:|1757088798
|switch|p1a: Electabuzz|Electabuzz, L50, M|100/100
|turn|4
|
|t:|1757088807
|move|p2b: Magmar|Follow Me|p2b: Magmar
|-singleturn|p2b: Magmar|move: Follow Me
|cant|p2a: Annihilape|slp
|move|p1a: Electabuzz|Thunderbolt|p2b: Magmar
|-damage|p2b: Magmar|79/100
|move|p1b: Gastrodon|Earth Power|p2b: Magmar
|-supereffective|p2b: Magmar
|-damage|p2b: Magmar|22/100
|-unboost|p2b: Magmar|spd|1
|
|-sideend|p2: Bolsa_25|move: Tailwind
|upkeep
|turn|5
|
|t:|1757088823
|move|p2b: Magmar|Follow Me|p2b: Magmar
|-singleturn|p2b: Magmar|move: Follow Me
|move|p1a: Electabuzz|Thunderbolt|p2b: Magmar
|-damage|p2b: Magmar|0 fnt
|faint|p2b: Magmar
|-curestatus|p2a: Annihilape|slp|[msg]
|move|p2a: Annihilape|Rage Fist|p1b: Gastrodon
|-damage|p1b: Gastrodon|0 fnt
|faint|p1b: Gastrodon
|
|upkeep
|
|t:|1757088829
|switch|p2b: Dragonite|Dragonite, L50, M|100/100
|turn|6
|-message|PumitaNike forfeited.
|
|win|Bolsa_25
|raw|PumitaNike's rating: 1056 → 1035(-21 for losing)
|raw|Bolsa_25's rating: 1000 → 1046(+46 for winning)
|l|☆PumitaNike
|player|p1|
