|j|‽Acaba estressando
|j|☆zaharba
|html|Acaba estressandozaharba    
|uhtml|bestof|Game 1 of a best-of-3
|t:|1783450696
|gametype|doubles
|player|p1|Acaba estressando|scientistf|1025
|player|p2|zaharba|265|1092
|gen|9
|tier|[Gen 9 Champions] VGC 2026 Reg M-B (Bo3)
|rated|
|rule|Species Clause: Limit one of each Pokémon
|rule|Item Clause: Limit 1 of each item
|clearpoke
|poke|p1|Maushold-Four, L50, shiny|
|poke|p1|Clefable, L50, M, shiny|
|poke|p1|Sneasler, L50, F, shiny|
|poke|p1|Raichu, L50, F|
|poke|p1|Incineroar, L50, M, shiny|
|poke|p1|Sinistcha, L50, shiny|
|poke|p2|Raichu, L50, F, shiny|
|poke|p2|Vivillon, L50, M|
|poke|p2|Ninetales-Alola, L50, M, shiny|
|poke|p2|Tyranitar, L50, M|
|poke|p2|Basculegion-F, L50, F|
|poke|p2|Talonflame, L50, F|
|teampreview|4
|showteam|p1|Maushold-Four||KingsRock|FriendGuard|PopulationBomb,SuperFang,Protect,Encore|Jolly|||||50|]Clefable||Leftovers|Unaware|Gravity,FollowMe,Moonblast,Protect|Bold||M|||50|]Sneasler||WhiteHerb|Unburden|FakeOut,CloseCombat,RockSlide,Coaching|Jolly||F|||50|]Raichu||RaichuniteY|Static|ZapCannon,FocusBlast,FakeOut,Protect|Modest||F|||50|]Incineroar||SitrusBerry|Intimidate|FakeOut,PartingShot,ThroatChop,FlareBlitz|Adamant||M|||50|]Sinistcha||CobaBerry|Hospitality|MatchaGotcha,RagePowder,TrickRoom,LifeDew|Relaxed|||||50|
|showteam|p2|Raichu||RaichuniteY|LightningRod|FocusBlast,ZapCannon,UpperHand,FakeOut|Timid||F|||50|]Vivillon||ChoiceScarf|CompoundEyes|SleepPowder,RagePowder,Hurricane,Tailwind|Timid||M|||50|]Ninetales-Alola||NeverMeltIce|SnowWarning|Protect,FreezeDry,Blizzard,Encore|Timid||M|||50|]Tyranitar||FocusSash|SandStream|RockSlide,HighHorsepower,Protect,DragonDance|Jolly||M|||50|]Basculegion-F||SpellTag|Adaptability|Protect,Hex,HydroPump,MuddyWater|Modest||F|||50|]Talonflame||LifeOrb|GaleWings|Whirlwind,BraveBird,Overheat,Tailwind|Naive||F|||50|
|inactive|Battle timer is ON: inactive players will automatically lose when time's up. (requested by zaharba)
|inactive|Acaba estressando has 60 seconds left.
|inactive|zaharba has 60 seconds left.
|
|t:|1783450740
|teamsize|p1|4
|teamsize|p2|4
|start
|switch|p1a: Clefable|Clefable, L50, M, shiny|100/100
|switch|p1b: Incineroar|Incineroar, L50, M, shiny|100/100
|switch|p2a: Raichu|Raichu, L50, F, shiny|100/100
|switch|p2b: Talonflame|Talonflame, L50, F|100/100
|-ability|p1b: Incineroar|Intimidate|boost
|-unboost|p2a: Raichu|atk|1
|-unboost|p2b: Talonflame|atk|1
|turn|1
|inactive|zaharba has 30 seconds left.
|inactive|zaharba has 20 seconds left.
|inactive|zaharba has 15 seconds left.
|
|t:|1783450781
|move|p2a: Raichu|Fake Out|p1b: Incineroar
|-damage|p1b: Incineroar|95/100
|cant|p1b: Incineroar|flinch
|move|p2b: Talonflame|Overheat|p1a: Clefable|[miss]
|-miss|p2b: Talonflame|p1a: Clefable
|move|p1a: Clefable|Gravity|p1a: Clefable
|-fieldstart|move: Gravity
|
|upkeep
|turn|2
|
|t:|1783450802
|detailschange|p2a: Raichu|Raichu-Mega-Y, L50, F, shiny
|-mega|p2a: Raichu|Raichu|Raichunite Y
|move|p1a: Clefable|Protect|p1a: Clefable
|-singleturn|p1a: Clefable|Protect
|move|p2b: Talonflame|Tailwind|p2b: Talonflame
|-sidestart|p2: zaharba|move: Tailwind
|move|p2a: Raichu|Zap Cannon|p1a: Clefable
|-activate|p1a: Clefable|move: Protect
|move|p1b: Incineroar|Parting Shot|p2a: Raichu
|-unboost|p2a: Raichu|atk|1
|-unboost|p2a: Raichu|spa|1
|
|t:|1783450812
|switch|p1b: Maushold|Maushold-Four, L50, shiny|100/100|[from] Parting Shot
|
|upkeep
|turn|3
|
|t:|1783450825
|move|p1a: Clefable|Follow Me|p1a: Clefable
|-singleturn|p1a: Clefable|move: Follow Me
|move|p2b: Talonflame|Tailwind||[still]
|-fail|p2b: Talonflame
|move|p2a: Raichu|Zap Cannon|p1a: Clefable
|-damage|p1a: Clefable|50/100g
|-status|p1a: Clefable|par
|move|p1b: Maushold|Population Bomb|p2a: Raichu
|-damage|p2a: Raichu|83/100
|-damage|p2a: Raichu|69/100
|-damage|p2a: Raichu|55/100
|-crit|p2a: Raichu
|-damage|p2a: Raichu|30/100
|-damage|p2a: Raichu|14/100
|-damage|p2a: Raichu|0 fnt
|faint|p2a: Raichu
|-hitcount|p2: Raichu|6
|
|-heal|p1a: Clefable|56/100 par|[from] item: Leftovers
|upkeep
|
|t:|1783450846
|switch|p2a: Vivillon|Vivillon, L50, M|100/100
|turn|4
|
|t:|1783450855
|move|p1a: Clefable|Follow Me|p1a: Clefable
|-singleturn|p1a: Clefable|move: Follow Me
|move|p2a: Vivillon|Sleep Powder||[still]
|-fail|p2a: Vivillon
|move|p1b: Maushold|Population Bomb|p2a: Vivillon
|-damage|p2a: Vivillon|87/100
|-damage|p2a: Vivillon|75/100
|-damage|p2a: Vivillon|64/100
|-damage|p2a: Vivillon|52/100
|-damage|p2a: Vivillon|41/100
|-damage|p2a: Vivillon|29/100
|-damage|p2a: Vivillon|18/100
|-damage|p2a: Vivillon|6/100
|-damage|p2a: Vivillon|0 fnt
|faint|p2a: Vivillon
|-hitcount|p2: Vivillon|9
|move|p2b: Talonflame|Whirlwind|p1a: Clefable
|drag|p1a: Incineroar|Incineroar, L50, M, shiny|95/100
|-ability|p1a: Incineroar|Intimidate|boost
|-unboost|p2b: Talonflame|atk|1
|
|upkeep
|
|t:|1783450875
|switch|p2a: Tyranitar|Tyranitar, L50, M|100/100
|-weather|Sandstorm|[from] ability: Sand Stream|[of] p2a: Tyranitar
|turn|5
|
|t:|1783450887
|move|p2a: Tyranitar|Protect|p2a: Tyranitar
|-singleturn|p2a: Tyranitar|Protect
|move|p1a: Incineroar|Fake Out|p2a: Tyranitar
|-activate|p2a: Tyranitar|move: Protect
|move|p2b: Talonflame|Brave Bird|p1b: Maushold
|-damage|p1b: Maushold|52/100
|-damage|p2b: Talonflame|85/100|[from] Recoil
|-damage|p2b: Talonflame|75/100|[from] item: Life Orb
|move|p1b: Maushold|Population Bomb|p2b: Talonflame
|-damage|p2b: Talonflame|63/100
|-damage|p2b: Talonflame|51/100
|-damage|p2b: Talonflame|39/100
|-damage|p2b: Talonflame|25/100
|-damage|p2b: Talonflame|13/100
|-damage|p2b: Talonflame|1/100
|-damage|p2b: Talonflame|0 fnt
|faint|p2b: Talonflame
|-hitcount|p2: Talonflame|7
|
|-weather|Sandstorm|[upkeep]
|-damage|p1b: Maushold|47/100|[from] Sandstorm
|-damage|p1a: Incineroar|89/100|[from] Sandstorm
|-sideend|p2: zaharba|move: Tailwind
|-fieldend|move: Gravity
|upkeep
|turn|6
|inactive|Acaba estressando has 30 seconds left.
|inactive|zaharba has 30 seconds left.
|-message|zaharba forfeited.
|
|win|Acaba estressando
|l|☆zaharba
|player|p2|
||zaharba is ready for game 2.
|inactive|Acaba estressando has 30 seconds to confirm battle start!
|inactive|Acaba estressando has 20 seconds to confirm battle start!
