|j|☆JNEST
|j|☆saboyita
|html|JNESTsaboyita    
|uhtml|bestof|Game 3 of a best-of-3
|t:|1756333330
|gametype|doubles
|player|p1|JNEST|veteran-gen4|1166
|player|p2|saboyita|grimsley|1063
|gen|9
|tier|[Gen 9] VGC 2025 Reg H (Bo3)
|rated|
|rule|Species Clause: Limit one of each Pokémon
|rule|Item Clause: Limit 1 of each item
|clearpoke
|poke|p1|Weezing, L50, M|
|poke|p1|Indeedee, L50, M|
|poke|p1|Ursaluna-Bloodmoon, L50, M|
|poke|p1|Annihilape, L50, M|
|poke|p1|Tyranitar, L50, M|
|poke|p1|Corviknight, L50, M|
|poke|p2|Amoonguss, L50, M|
|poke|p2|Hydreigon, L50, F|
|poke|p2|Whimsicott, L50, F|
|poke|p2|Maushold-Four, L50|
|poke|p2|Annihilape, L50, F|
|poke|p2|Ursaluna-Bloodmoon, L50, M|
|teampreview|4
|showteam|p1|Weezing||SitrusBerry|NeutralizingGas|Protect,Taunt,WillOWisp,SludgeBomb|||M|||50|,,,,,Ghost]Indeedee||ChoiceScarf|PsychicSurge|ExpandingForce,TeraBlast,Trick,HyperVoice|||M|||50|,,,,,Fighting]Ursaluna-Bloodmoon||LifeOrb|MindsEye|Protect,HyperVoice,EarthPower,BloodMoon|||M|||50|,,,,,Normal]Annihilape||SafetyGoggles|Defiant|Taunt,RageFist,CloseCombat,FinalGambit|||M|||50|,,,,,Fairy]Tyranitar||AssaultVest|SandStream|RockSlide,KnockOff,TeraBlast,LowKick|||M|||50|,,,,,Flying]Corviknight||Leftovers|MirrorArmor|BraveBird,Tailwind,Roost,BulkUp|||M|||50|,,,,,Dragon
|showteam|p2|Amoonguss||MentalHerb|Regenerator|ClearSmog,Spore,RagePowder,Protect|||M|||50|,,,,,Water]Hydreigon||ChoiceSpecs|Levitate|Snarl,HeatWave,DarkPulse,DracoMeteor|||F|||50|,,,,,Ghost]Whimsicott||CovertCloak|Prankster|BeatUp,Encore,HelpingHand,Tailwind|||F|||50|,,,,,Dark]Maushold-Four||WideLens|Technician|PopulationBomb,Taunt,FollowMe,Protect||||||50|,,,,,Ghost]Annihilape||Leftovers|Defiant|RageFist,CloseCombat,FinalGambit,Protect|||F|||50|,,,,,Water]Ursaluna-Bloodmoon||LifeOrb|MindsEye|HyperVoice,EarthPower,BloodMoon,Protect|||M|||50|,,,,,Water
|inactive|Battle timer is ON: inactive players will automatically lose when time's up. (requested by saboyita)
|inactive|JNEST also wants the timer to be on.
|inactive|saboyita has 60 seconds left.
|
|t:|1756333361
|teamsize|p1|4
|teamsize|p2|4
|start
|switch|p1a: Annihilape|Annihilape, L50, M|100/100
|switch|p1b: Weezing|Weezing, L50, M|100/100
|switch|p2a: Hydreigon|Hydreigon, L50, F|100/100
|switch|p2b: Whimsicott|Whimsicott, L50, F|100/100
|-ability|p1b: Weezing|Neutralizing Gas
|turn|1
|inactive|saboyita has 30 seconds left.
|
|t:|1756333394
|switch|p2a: Annihilape|Annihilape, L50, F|100/100
|move|p2b: Whimsicott|Tailwind|p2b: Whimsicott
|-sidestart|p2: saboyita|move: Tailwind
|move|p1a: Annihilape|Close Combat|p2a: Annihilape
|-immune|p2a: Annihilape
|move|p1b: Weezing|Sludge Bomb|p2b: Whimsicott
|-supereffective|p2b: Whimsicott
|-damage|p2b: Whimsicott|0 fnt
|faint|p2b: Whimsicott
|
|upkeep
|
|t:|1756333407
|switch|p2b: Ursaluna|Ursaluna-Bloodmoon, L50, M|100/100
|turn|2
|
|t:|1756333432
|switch|p1a: Corviknight|Corviknight, L50, M|100/100
|-terastallize|p1b: Weezing|Ghost
|move|p2a: Annihilape|Rage Fist|p1b: Weezing
|-supereffective|p1b: Weezing
|-damage|p1b: Weezing|59/100
|move|p2b: Ursaluna|Blood Moon|p1b: Weezing
|-immune|p1b: Weezing
|move|p1b: Weezing|Will-O-Wisp|p2a: Annihilape
|-status|p2a: Annihilape|brn
|
|-damage|p2a: Annihilape|94/100 brn|[from] brn
|upkeep
|turn|3
|
|t:|1756333456
|move|p1b: Weezing|Protect|p1b: Weezing
|-singleturn|p1b: Weezing|Protect
|move|p2a: Annihilape|Final Gambit|p1a: Corviknight
|-damage|p1a: Corviknight|8/100
|faint|p2a: Annihilape
|move|p2b: Ursaluna|Hyper Voice|p1b: Weezing|[spread] p1a
|-activate|p1b: Weezing|move: Protect
|-resisted|p1a: Corviknight
|-damage|p1a: Corviknight|0 fnt
|faint|p1a: Corviknight
|-damage|p2b: Ursaluna|91/100|[from] item: Life Orb
|
|upkeep
|
|t:|1756333468
|switch|p2a: Hydreigon|Hydreigon, L50, F|100/100
|switch|p1a: Annihilape|Annihilape, L50, M|100/100
|turn|4
|inactive|saboyita has 30 seconds left.
|
|t:|1756333496
|move|p2a: Hydreigon|Dark Pulse|p1a: Annihilape
|-damage|p1a: Annihilape|43/100
|move|p2b: Ursaluna|Hyper Voice|p1a: Annihilape|[spread] 
|-immune|p1a: Annihilape
|-immune|p1b: Weezing
|move|p1a: Annihilape|Close Combat|p2a: Hydreigon
|-supereffective|p2a: Hydreigon
|-damage|p2a: Hydreigon|0 fnt
|-unboost|p1a: Annihilape|def|1
|-unboost|p1a: Annihilape|spd|1
|faint|p2a: Hydreigon
|move|p1b: Weezing|Sludge Bomb|p2b: Ursaluna
|-resisted|p2b: Ursaluna
|-damage|p2b: Ursaluna|75/100
|
|-sideend|p2: saboyita|move: Tailwind
|upkeep
|turn|5
|
|t:|1756333509
|move|p1a: Annihilape|Close Combat|p2b: Ursaluna
|-supereffective|p2b: Ursaluna
|-damage|p2b: Ursaluna|3/100
|-unboost|p1a: Annihilape|def|1
|-unboost|p1a: Annihilape|spd|1
|move|p2b: Ursaluna|Hyper Voice|p1a: Annihilape|[spread] 
|-immune|p1a: Annihilape
|-immune|p1b: Weezing
|move|p1b: Weezing|Sludge Bomb|p2b: Ursaluna
|-resisted|p2b: Ursaluna
|-damage|p2b: Ursaluna|0 fnt
|faint|p2b: Ursaluna
|
|win|JNEST
|raw|JNEST's rating: 1166 → 1184(+18 for winning)
|raw|saboyita's rating: 1063 → 1049(-14 for losing)
