|j|☆15Hugs
|j|☆0fro
|html|15Hugs0fro    
|uhtml|bestof|Game 3 of a best-of-3
|t:|1786040633
|gametype|doubles
|player|p1|15Hugs|ingo|1178
|player|p2|0fro|volkner|1139
|gen|9
|tier|[Gen 9 Champions] VGC 2026 Reg M-B (Bo3)
|rated|
|rule|Species Clause: Limit one of each Pokémon
|rule|Item Clause: Limit 1 of each item
|clearpoke
|poke|p1|Mawile, L50, M|
|poke|p1|Sneasler, L50, F|
|poke|p1|Raichu, L50, F|
|poke|p1|Hydreigon, L50, M|
|poke|p1|Farigiraf, L50, F, shiny|
|poke|p1|Sinistcha, L50|
|poke|p2|Mawile, L50, F|
|poke|p2|Talonflame, L50, M|
|poke|p2|Garchomp, L50, F|
|poke|p2|Sinistcha, L50|
|poke|p2|Tyranitar, L50, F|
|poke|p2|Incineroar, L50, F, shiny|
|teampreview|4
|showteam|p1|Mawile||Mawilite|Intimidate|Protect,PlayRough,IronHead,SuckerPunch|Brave||M|||50|]Sneasler||WhiteHerb|Unburden|FakeOut,RockTomb,CloseCombat,DireClaw|Jolly||F|||50|]Raichu||RaichuniteY|LightningRod|Protect,FakeOut,ZapCannon,FocusBlast|Timid||F|||50|]Hydreigon||ChoiceScarf|Levitate|DracoMeteor,Snarl,DarkPulse,EarthPower|Timid||M|||50|]Farigiraf||SitrusBerry|ArmorTail|TrickRoom,HelpingHand,FoulPlay,Psychic|Quiet||F|||50|]Sinistcha||KasibBerry|Hospitality|TrickRoom,Hex,MatchaGotcha,RagePowder|Modest|||||50|
|showteam|p2|Mawile||Mawilite|HyperCutter|SwordsDance,Protect,PlayRough,SuckerPunch|Adamant||F|||50|]Talonflame||SharpBeak|GaleWings|Tailwind,DualWingbeat,FlareBlitz,Protect|Jolly||M|||50|]Garchomp||LifeOrb|RoughSkin|DragonClaw,Earthquake,RockSlide,Protect|Adamant||F|||50|]Sinistcha||KasibBerry|Hospitality|Protect,MatchaGotcha,TrickRoom,RagePowder|Calm|||||50|]Tyranitar||Tyranitarite|SandStream|KnockOff,RockSlide,LowKick,Protect|Adamant||F|||50|]Incineroar||SitrusBerry|Intimidate|FakeOut,FlareBlitz,ThroatChop,PartingShot|Impish||F|||50|
|inactive|Battle timer is ON: inactive players will automatically lose when time's up. (requested by 15Hugs)
|
|t:|1786040653
|teamsize|p1|4
|teamsize|p2|4
|start
|switch|p1a: Hydreigon|Hydreigon, L50, M|100/100
|switch|p1b: Farigiraf|Farigiraf, L50, F, shiny|100/100
|switch|p2a: Talonflame|Talonflame, L50, M|100/100
|switch|p2b: Garchomp|Garchomp, L50, F|100/100
|turn|1
|inactive|15Hugs has 30 seconds left.
|inactive|0fro has 30 seconds left.
|inactive|15Hugs has 20 seconds left.
|inactive|15Hugs has 15 seconds left.
|inactive|0fro has 20 seconds left.
|inactive|15Hugs has 10 seconds left.
|inactive|15Hugs has 5 seconds left.
|
|t:|1786040703
|switch|p2b: Mawile|Mawile, L50, F|100/100
|move|p1a: Hydreigon|Draco Meteor|p2b: Mawile
|-immune|p2b: Mawile
|move|p2a: Talonflame|Flare Blitz|p1b: Farigiraf
|-damage|p1b: Farigiraf|62/100
|-damage|p2a: Talonflame|83/100|[from] Recoil
|move|p1b: Farigiraf|Trick Room|p1b: Farigiraf
|-fieldstart|move: Trick Room|[of] p1b: Farigiraf
|
|upkeep
|turn|2
|
|t:|1786040728
|switch|p1a: Sneasler|Sneasler, L50, F|100/100
|detailschange|p2b: Mawile|Mawile-Mega, L50, F
|-mega|p2b: Mawile|Mawile|Mawilite
|move|p2b: Mawile|Swords Dance|p2b: Mawile
|-boost|p2b: Mawile|atk|2
|move|p2a: Talonflame|Dual Wingbeat|p1b: Farigiraf
|-damage|p1b: Farigiraf|46/100
|-enditem|p1b: Farigiraf|Sitrus Berry|[eat]
|-heal|p1b: Farigiraf|71/100|[from] item: Sitrus Berry
|-crit|p1b: Farigiraf
|-damage|p1b: Farigiraf|47/100
|-hitcount|p1b: Farigiraf|2
|move|p1b: Farigiraf|Trick Room|p1b: Farigiraf
|-fieldend|move: Trick Room
|
|upkeep
|turn|3
|
|t:|1786040752
|move|p1b: Farigiraf|Helping Hand|p1a: Sneasler
|-singleturn|p1a: Sneasler|Helping Hand|[of] p1b: Farigiraf
|move|p2b: Mawile|Protect|p2b: Mawile
|-singleturn|p2b: Mawile|Protect
|move|p2a: Talonflame|Dual Wingbeat|p1a: Sneasler
|-supereffective|p1a: Sneasler|1
|-damage|p1a: Sneasler|33/100
|-supereffective|p1a: Sneasler|1
|-damage|p1a: Sneasler|0 fnt
|faint|p1a: Sneasler
|-hitcount|p1: Sneasler|2
|
|upkeep
|
|t:|1786040757
|switch|p1a: Hydreigon|Hydreigon, L50, M|100/100
|turn|4
|
|t:|1786040768
|move|p1b: Farigiraf|Helping Hand|p1a: Hydreigon
|-singleturn|p1a: Hydreigon|Helping Hand|[of] p1b: Farigiraf
|move|p1a: Hydreigon|Earth Power|p2b: Mawile
|-supereffective|p2b: Mawile|1
|-crit|p2b: Mawile
|-damage|p2b: Mawile|0 fnt
|faint|p2b: Mawile
|move|p2a: Talonflame|Tailwind|p2a: Talonflame
|-sidestart|p2: 0fro|move: Tailwind
|
|upkeep
|
|t:|1786040776
|switch|p2b: Garchomp|Garchomp, L50, F|100/100
|turn|5
|inactive|15Hugs has 30 seconds left.
|
|t:|1786040808
|move|p2a: Talonflame|Flare Blitz|p1b: Farigiraf
|-damage|p1b: Farigiraf|4/100
|-damage|p2a: Talonflame|63/100|[from] Recoil
|move|p2b: Garchomp|Dragon Claw|p1a: Hydreigon
|-supereffective|p1a: Hydreigon|1
|-damage|p1a: Hydreigon|0 fnt
|faint|p1a: Hydreigon
|-damage|p2b: Garchomp|90/100|[from] item: Life Orb
|move|p1b: Farigiraf|Trick Room|p1b: Farigiraf
|-fieldstart|move: Trick Room|[of] p1b: Farigiraf
|
|upkeep
|
|t:|1786040819
|switch|p1a: Raichu|Raichu, L50, F|100/100
|turn|6
|
|t:|1786040838
|move|p2a: Talonflame|Protect|p2a: Talonflame
|-singleturn|p2a: Talonflame|Protect
|move|p1a: Raichu|Fake Out|p2b: Garchomp
|-damage|p2b: Garchomp|81/100
|-damage|p1a: Raichu|88/100|[from] ability: Rough Skin|[of] p2b: Garchomp
|move|p1b: Farigiraf|Psychic|p2a: Talonflame
|-activate|p2a: Talonflame|move: Protect
|cant|p2b: Garchomp|flinch
|
|upkeep
|turn|7
|
|t:|1786040851
|detailschange|p1a: Raichu|Raichu-Mega-Y, L50, F
|-mega|p1a: Raichu|Raichu|Raichunite Y
|move|p1b: Farigiraf|Helping Hand|p1a: Raichu
|-singleturn|p1a: Raichu|Helping Hand|[of] p1b: Farigiraf
|move|p1a: Raichu|Focus Blast|p2b: Garchomp
|-damage|p2b: Garchomp|7/100
|-unboost|p2b: Garchomp|spd|1
|move|p2b: Garchomp|Earthquake|p1a: Raichu|[spread] p1a,p1b
|-immune|p2a: Talonflame
|-supereffective|p1a: Raichu|1
|-damage|p1a: Raichu|0 fnt
|-damage|p1b: Farigiraf|0 fnt
|faint|p1a: Raichu
|faint|p1b: Farigiraf
|-damage|p2b: Garchomp|0 fnt|[from] item: Life Orb
|faint|p2b: Garchomp
|
|win|0fro
|raw|15Hugs's rating: 1178 → 1150(-28 for losing)
|raw|0fro's rating: 1139 → 1167(+28 for winning)
