|j|☆sturmkitten69
|j|☆TradersJoe
|html|sturmkitten69TradersJoe    
|uhtml|bestof|Game 1 of a best-of-3
|t:|1784088956
|gametype|doubles
|player|p1|sturmkitten69|fisherman-gen4|1139
|player|p2|TradersJoe|102|1297
|gen|9
|tier|[Gen 9 Champions] VGC 2026 Reg M-B (Bo3)
|rated|
|rule|Species Clause: Limit one of each Pokémon
|rule|Item Clause: Limit 1 of each item
|clearpoke
|poke|p1|Blastoise, L50, M|
|poke|p1|Farigiraf, L50, F, shiny|
|poke|p1|Basculegion, L50, M|
|poke|p1|Aerodactyl, L50, F|
|poke|p1|Rotom-Heat, L50|
|poke|p1|Garchomp, L50, M|
|poke|p2|Charizard, L50, F|
|poke|p2|Venusaur, L50, F|
|poke|p2|Pelipper, L50, F|
|poke|p2|Basculegion, L50, M|
|poke|p2|Incineroar, L50, M|
|poke|p2|Kingambit, L50, F|
|teampreview|4
|showteam|p1|Blastoise||Blastoisinite|Torrent|AuraSphere,DarkPulse,FakeOut,WaterSpout|Modest||M|||50|]Farigiraf||SitrusBerry|ArmorTail|RainDance,Thunderbolt,HelpingHand,TrickRoom|Bold||F|||50|]Basculegion||FocusSash|Adaptability|LastRespects,WaveCrash,Protect,AquaJet|Adamant||M|||50|]Aerodactyl||Aerodactylite|Unnerve|RockSlide,Protect,Tailwind,DualWingbeat|Jolly||F|||50|]Rotom-Heat||ChoiceScarf|Levitate|Overheat,VoltSwitch,Thunderbolt,WillOWisp|Timid|||||50|]Garchomp||LifeOrb|RoughSkin|RockSlide,Earthquake,DragonClaw,Protect|Jolly||M|||50|
|showteam|p2|Charizard||CharizarditeY|Blaze|Protect,HeatWave,WeatherBall,SolarBeam|Modest||F|||50|]Venusaur||FocusSash|Chlorophyll|Protect,SleepPowder,EarthPower,SludgeBomb|Modest||F|||50|]Pelipper||SitrusBerry|Drizzle|WideGuard,Tailwind,WeatherBall,Hurricane|Modest||F|||50|]Basculegion||ChoiceScarf|Adaptability|WaveCrash,AquaJet,FlipTurn,LastRespects|Jolly||M|||50|]Incineroar||PasshoBerry|Intimidate|FakeOut,PartingShot,HelpingHand,FlareBlitz|Careful||M|||50|]Kingambit||LifeOrb|Defiant|Protect,SwordsDance,SuckerPunch,KowtowCleave|Adamant||F|||50|
|inactive|Battle timer is ON: inactive players will automatically lose when time's up. (requested by TradersJoe)
|
|t:|1784089003
|teamsize|p1|4
|teamsize|p2|4
|start
|switch|p1a: Aerodactyl|Aerodactyl, L50, F|100/100
|switch|p1b: Rotom|Rotom-Heat, L50|100/100
|switch|p2a: Charizard|Charizard, L50, F|100/100
|switch|p2b: Venusaur|Venusaur, L50, F|100/100
|-ability|p1a: Aerodactyl|Unnerve
|turn|1
|
|t:|1784089026
|detailschange|p1a: Aerodactyl|Aerodactyl-Mega, L50, F
|-mega|p1a: Aerodactyl|Aerodactyl|Aerodactylite
|detailschange|p2a: Charizard|Charizard-Mega-Y, L50, F
|-mega|p2a: Charizard|Charizard|Charizardite Y
|-weather|SunnyDay|[from] ability: Drought|[of] p2a: Charizard
|move|p2a: Charizard|Protect|p2a: Charizard
|-singleturn|p2a: Charizard|Protect
|move|p2b: Venusaur|Sleep Powder|p1a: Aerodactyl|[miss]
|-miss|p2b: Venusaur|p1a: Aerodactyl
|move|p1b: Rotom|Overheat|p2b: Venusaur
|-supereffective|p2b: Venusaur|1
|-enditem|p2b: Venusaur|Focus Sash
|-damage|p2b: Venusaur|1/100
|-unboost|p1b: Rotom|spa|2
|move|p1a: Aerodactyl|Rock Slide|p2b: Venusaur|[spread] 
|-activate|p2a: Charizard|move: Protect
|-miss|p1a: Aerodactyl|p2b: Venusaur
|
|-weather|SunnyDay|[upkeep]
|upkeep
|turn|2
|inactive|sturmkitten69 has 30 seconds left.
|
|t:|1784089053
|move|p2b: Venusaur|Sleep Powder|p1a: Aerodactyl|[miss]
|-miss|p2b: Venusaur|p1a: Aerodactyl
|move|p1b: Rotom|Overheat|p2b: Venusaur|[miss]
|-miss|p1b: Rotom|p2b: Venusaur
|move|p1a: Aerodactyl|Rock Slide|p2b: Venusaur|[spread] p2a,p2b
|-supereffective|p2a: Charizard|2
|-damage|p2a: Charizard|0 fnt
|-damage|p2b: Venusaur|0 fnt
|faint|p2a: Charizard
|faint|p2b: Venusaur
|
|-weather|SunnyDay|[upkeep]
|upkeep
|
|t:|1784089060
|switch|p2a: Kingambit|Kingambit, L50, F|100/100
|switch|p2b: Basculegion|Basculegion, L50, M|100/100
|turn|3
|
|t:|1784089075
|switch|p1b: Garchomp|Garchomp, L50, M|100/100
|move|p1a: Aerodactyl|Tailwind|p1a: Aerodactyl
|-sidestart|p1: sturmkitten69|move: Tailwind
|move|p2b: Basculegion|Last Respects|p1a: Aerodactyl
|-damage|p1a: Aerodactyl|0 fnt
|faint|p1a: Aerodactyl
|move|p2a: Kingambit|Swords Dance|p2a: Kingambit
|-boost|p2a: Kingambit|atk|2
|
|-weather|SunnyDay|[upkeep]
|upkeep
|
|t:|1784089085
|switch|p1a: Rotom|Rotom-Heat, L50|100/100
|turn|4
|inactive|sturmkitten69 has 30 seconds left.
|
|t:|1784089114
|move|p2a: Kingambit|Sucker Punch|p1a: Rotom
|-damage|p1a: Rotom|0 fnt
|faint|p1a: Rotom
|-damage|p2a: Kingambit|90/100|[from] item: Life Orb
|move|p1b: Garchomp|Rock Slide|p2a: Kingambit|[spread] p2a,p2b
|-resisted|p2a: Kingambit|1
|-damage|p2a: Kingambit|79/100
|-damage|p2b: Basculegion|68/100
|-damage|p1b: Garchomp|90/100|[from] item: Life Orb
|move|p2b: Basculegion|Last Respects|p1b: Garchomp
|-damage|p1b: Garchomp|6/100
|
|-weather|SunnyDay|[upkeep]
|upkeep
|
|t:|1784089126
|switch|p1a: Basculegion|Basculegion, L50, M|100/100
|turn|5
|
|t:|1784089135
|move|p1a: Basculegion|Protect|p1a: Basculegion
|-singleturn|p1a: Basculegion|Protect
|move|p2a: Kingambit|Sucker Punch||[still]
|-fail|p2a: Kingambit
|move|p1b: Garchomp|Earthquake|p2b: Basculegion|[spread] p2a,p2b
|-activate|p1a: Basculegion|move: Protect
|-supereffective|p2a: Kingambit|1
|-damage|p2a: Kingambit|5/100
|-damage|p2b: Basculegion|7/100
|-damage|p1b: Garchomp|0 fnt|[from] item: Life Orb
|faint|p1b: Garchomp
|move|p2b: Basculegion|Last Respects|p1a: Basculegion
|-activate|p1a: Basculegion|move: Protect
|
|-weather|none
|upkeep
|turn|6
|
|t:|1784089150
|move|p1a: Basculegion|Aqua Jet|p2b: Basculegion
|-resisted|p2b: Basculegion|1
|-damage|p2b: Basculegion|0 fnt
|faint|p2b: Basculegion
|move|p2a: Kingambit|Sucker Punch||[still]
|-fail|p2a: Kingambit
|
|-sideend|p1: sturmkitten69|move: Tailwind
|upkeep
|turn|7
|-message|TradersJoe forfeited.
|
|win|sturmkitten69
|l|☆TradersJoe
|player|p2|
||TradersJoe is ready for game 2.
||sturmkitten69 is ready for game 2.
|uhtml|next|Next: Game 2 of 3
