|j|☆Lightning7157
|j|☆Alolan Kamina
|html|Lightning7157Alolan Kamina    
|uhtml|bestof|Game 1 of a best-of-3
|t:|1783323642
|gametype|doubles
|player|p1|Lightning7157|lucas|1051
|player|p2|Alolan Kamina|1|1084
|gen|9
|tier|[Gen 9 Champions] VGC 2026 Reg M-B (Bo3)
|rated|
|rule|Species Clause: Limit one of each Pokémon
|rule|Item Clause: Limit 1 of each item
|clearpoke
|poke|p1|Ninetales-Alola, L50, M|
|poke|p1|Beedrill, L50, M|
|poke|p1|Grimmsnarl, L50, M|
|poke|p1|Garchomp, L50, F|
|poke|p1|Aegislash, L50, F|
|poke|p1|Rotom-Heat, L50|
|poke|p2|Kingambit, L50, M|
|poke|p2|Charizard, L50, M|
|poke|p2|Aerodactyl, L50, M|
|poke|p2|Farigiraf, L50, M|
|poke|p2|Garchomp, L50, M|
|poke|p2|Sylveon, L50, F|
|teampreview|4
|showteam|p1|Ninetales-Alola||IcyRock|SnowWarning|Blizzard,AuroraVeil,Protect,Encore|Bold||M|||50|]Beedrill||Beedrillite|Sniper|PoisonJab,Uturn,PinMissile,Protect|Adamant||M|||50|]Grimmsnarl||LightClay|Prankster|Reflect,LightScreen,FakeOut,SpiritBreak|Serious||M|||50|]Garchomp||LifeOrb|RoughSkin|RockSlide,DragonClaw,StompingTantrum,Protect|Serious||F|||50|]Aegislash||SitrusBerry|StanceChange|KingsShield,Poltergeist,ShadowSneak,IronHead|Serious||F|||50|]Rotom-Heat||WideLens|Levitate|Overheat,Thunderbolt,VoltSwitch,Trick|Timid|||||50|
|showteam|p2|Kingambit||FocusSash|Defiant|KowtowCleave,IronHead,SuckerPunch,LowKick|Adamant||M|||50|]Charizard||CharizarditeY|Blaze|HeatWave,SolarBeam,WeatherBall,Protect|Modest||M|||50|]Aerodactyl||Aerodactylite|Unnerve|RockSlide,DualWingbeat,IceFang,Tailwind|Jolly||M|||50|]Farigiraf||SitrusBerry|ArmorTail|Psychic,Thunderbolt,TrickRoom,Protect|Bold||M|||50|]Garchomp||LifeOrb|RoughSkin|Earthquake,DragonClaw,StompingTantrum,Protect|Jolly||M|||50|]Sylveon||FairyFeather|Pixilate|HyperVoice,HyperBeam,QuickAttack,Protect|Modest||F|||50|
|
|t:|1783323714
|teamsize|p1|4
|teamsize|p2|4
|start
|switch|p1a: Beedrill|Beedrill, L50, M|100/100
|switch|p1b: Rotom|Rotom-Heat, L50|100/100
|switch|p2a: Aerodactyl|Aerodactyl, L50, M|100/100
|switch|p2b: Kingambit|Kingambit, L50, M|100/100
|-ability|p2a: Aerodactyl|Unnerve
|turn|1
|inactive|Battle timer is ON: inactive players will automatically lose when time's up. (requested by Alolan Kamina)
|
|t:|1783323741
|detailschange|p1a: Beedrill|Beedrill-Mega, L50, M
|-mega|p1a: Beedrill|Beedrill|Beedrillite
|move|p2b: Kingambit|Sucker Punch|p1a: Beedrill
|-damage|p1a: Beedrill|0 fnt
|faint|p1a: Beedrill
|move|p2a: Aerodactyl|Tailwind|p2a: Aerodactyl
|-sidestart|p2: Alolan Kamina|move: Tailwind
|move|p1b: Rotom|Trick|p1: Beedrill|[notarget]
|-fail|p1b: Rotom
|
|upkeep
|
|t:|1783323752
|switch|p1a: Ninetales|Ninetales-Alola, L50, M|100/100
|-weather|Snowscape|[from] ability: Snow Warning|[of] p1a: Ninetales
|turn|2
|
|t:|1783323767
|move|p2a: Aerodactyl|Rock Slide|p1a: Ninetales|[spread] p1a,p1b
|-supereffective|p1a: Ninetales|1
|-supereffective|p1b: Rotom|1
|-damage|p1a: Ninetales|66/100
|-damage|p1b: Rotom|38/100
|move|p2b: Kingambit|Iron Head|p1a: Ninetales
|-supereffective|p1a: Ninetales|2
|-damage|p1a: Ninetales|0 fnt
|faint|p1a: Ninetales
|move|p1b: Rotom|Overheat|p2b: Kingambit
|-supereffective|p2b: Kingambit|1
|-enditem|p2b: Kingambit|Focus Sash
|-damage|p2b: Kingambit|1/100
|-unboost|p1b: Rotom|spa|2
|
|-weather|Snowscape|[upkeep]
|upkeep
|
|t:|1783323780
|switch|p1a: Grimmsnarl|Grimmsnarl, L50, M|100/100
|turn|3
|
|t:|1783323800
|move|p1a: Grimmsnarl|Fake Out|p2b: Kingambit
|-resisted|p2b: Kingambit|1
|-damage|p2b: Kingambit|0 fnt
|faint|p2b: Kingambit
|move|p2a: Aerodactyl|Rock Slide|p1a: Grimmsnarl|[spread] p1a,p1b
|-supereffective|p1b: Rotom|1
|-damage|p1a: Grimmsnarl|71/100
|-damage|p1b: Rotom|0 fnt
|faint|p1b: Rotom
|
|-weather|Snowscape|[upkeep]
|upkeep
|
|t:|1783323802
|switch|p2b: Charizard|Charizard, L50, M|100/100
|turn|4
|
|t:|1783323826
|detailschange|p2b: Charizard|Charizard-Mega-Y, L50, M
|-mega|p2b: Charizard|Charizard|Charizardite Y
|-weather|SunnyDay|[from] ability: Drought|[of] p2b: Charizard
|move|p1a: Grimmsnarl|Light Screen|p1a: Grimmsnarl
|-sidestart|p1: Lightning7157|move: Light Screen
|move|p2a: Aerodactyl|Rock Slide|p1a: Grimmsnarl|[miss]
|-miss|p2a: Aerodactyl|p1a: Grimmsnarl
|move|p2b: Charizard|Weather Ball|p1a: Grimmsnarl
|-damage|p1a: Grimmsnarl|3/100
|
|-weather|SunnyDay|[upkeep]
|-sideend|p2: Alolan Kamina|move: Tailwind
|upkeep
|turn|5
|inactive|Alolan Kamina has 30 seconds left.
|
|t:|1783323856
|move|p2a: Aerodactyl|Rock Slide|p1a: Grimmsnarl
|-damage|p1a: Grimmsnarl|0 fnt
|faint|p1a: Grimmsnarl
|
|win|Alolan Kamina
||Alolan Kamina is ready for game 2.
