|j|☆Caaammm0410
|j|☆meikh_neiht
|html|Caaammm0410meikh_neiht    
|uhtml|bestof|Game 1 of a best-of-3
|t:|1785617163
|gametype|doubles
|player|p1|Caaammm0410|cynthia-gen4|1161
|player|p2|meikh_neiht|lucas|1264
|gen|9
|tier|[Gen 9 Champions] VGC 2026 Reg M-B (Bo3)
|rated|
|rule|Species Clause: Limit one of each Pokémon
|rule|Item Clause: Limit 1 of each item
|clearpoke
|poke|p1|Pelipper, L50, M|
|poke|p1|Archaludon, L50, M|
|poke|p1|Swampert, L50, M|
|poke|p1|Staraptor, L50, F|
|poke|p1|Glimmora, L50, F|
|poke|p1|Incineroar, L50, M|
|poke|p2|Staraptor, L50, M|
|poke|p2|Sinistcha, L50|
|poke|p2|Maushold, L50|
|poke|p2|Kingambit, L50, F|
|poke|p2|Sneasler, L50, M|
|poke|p2|Delphox, L50, F|
|teampreview|4
|showteam|p1|Pelipper||FocusSash|Drizzle|WeatherBall,Tailwind,Hurricane,Uturn|Modest||M|||50|]Archaludon||SitrusBerry|Stamina|ElectroShot,DragonPulse,FlashCannon,Protect|Timid||M|||50|]Swampert||Swampertite|Torrent|Earthquake,FlipTurn,WaveCrash,Protect|Careful||M|||50|]Staraptor||Staraptite|Intimidate|CloseCombat,BraveBird,Tailwind,Protect|Jolly||F|||50|]Glimmora||ChoiceScarf|ToxicDebris|EarthPower,SludgeBomb,EnergyBall,PowerGem|Timid||F|||50|]Incineroar||ExpertBelt|Intimidate|FlareBlitz,PartingShot,FakeOut,DarkestLariat|Adamant||M|||50|
|showteam|p2|Staraptor||Staraptite|Intimidate|CloseCombat,BraveBird,Roost,Protect|Adamant||M|||50|]Sinistcha||SitrusBerry|Hospitality|RagePowder,MatchaGotcha,Protect,LifeDew|Calm|||||50|]Maushold||LumBerry|FriendGuard|Encore,Charm,FollowMe,Protect|Timid|||||50|]Kingambit||BlackGlasses|Defiant|KowtowCleave,SuckerPunch,SwordsDance,Protect|Adamant||F|||50|]Sneasler||WhiteHerb|Unburden|CloseCombat,DireClaw,FakeOut,Feint|Jolly||M|||50|]Delphox||Delphoxite|Blaze|HeatWave,Psyshock,NastyPlot,Protect|Timid||F|||50|
|c|☆Caaammm0410|glhf :)
|c|☆meikh_neiht|glhf
|c|☆meikh_neiht|please dont lead peli arch
|inactive|Battle timer is ON: inactive players will automatically lose when time's up. (requested by Caaammm0410)
|c|☆meikh_neiht|or incin arch
|c|☆meikh_neiht|or arch in general for that matter
|
|t:|1785617220
|teamsize|p1|4
|teamsize|p2|4
|start
|switch|p1a: Staraptor|Staraptor, L50, F|100/100
|switch|p1b: Glimmora|Glimmora, L50, F|100/100
|switch|p2a: Hand of God|Staraptor, L50, M|100/100
|switch|p2b: Attendant of God|Maushold, L50|100/100
|-ability|p1a: Staraptor|Intimidate|boost
|-unboost|p2a: Hand of God|atk|1
|-unboost|p2b: Attendant of God|atk|1
|-ability|p2a: Hand of God|Intimidate|boost
|-unboost|p1a: Staraptor|atk|1
|-unboost|p1b: Glimmora|atk|1
|turn|1
|
|t:|1785617239
|detailschange|p1a: Staraptor|Staraptor-Mega, L50, F
|-mega|p1a: Staraptor|Staraptor|Staraptite
|detailschange|p2a: Hand of God|Staraptor-Mega, L50, M
|-mega|p2a: Hand of God|Staraptor|Staraptite
|move|p2b: Attendant of God|Follow Me|p2b: Attendant of God
|-singleturn|p2b: Attendant of God|move: Follow Me
|move|p1b: Glimmora|Power Gem|p2b: Attendant of God
|-damage|p2b: Attendant of God|46/100
|move|p1a: Staraptor|Close Combat|p2b: Attendant of God
|-supereffective|p2b: Attendant of God|1
|-damage|p2b: Attendant of God|0 fnt
|-boost|p1a: Staraptor|def|1
|-boost|p1a: Staraptor|spd|1
|faint|p2b: Attendant of God
|move|p2a: Hand of God|Brave Bird|p1a: Staraptor
|-supereffective|p1a: Staraptor|1
|-damage|p1a: Staraptor|36/100
|-damage|p2a: Hand of God|81/100|[from] Recoil
|
|upkeep
|
|t:|1785617252
|switch|p2b: Blade of God|Kingambit, L50, F|100/100
|turn|2
|
|t:|1785617262
|move|p2b: Blade of God|Protect|p2b: Blade of God
|-singleturn|p2b: Blade of God|Protect
|move|p1b: Glimmora|Power Gem|p2a: Hand of God
|-damage|p2a: Hand of God|36/100
|move|p1a: Staraptor|Close Combat|p2b: Blade of God
|-activate|p2b: Blade of God|move: Protect
|move|p2a: Hand of God|Brave Bird|p1a: Staraptor
|-supereffective|p1a: Staraptor|1
|-damage|p1a: Staraptor|0 fnt
|faint|p1a: Staraptor
|-damage|p2a: Hand of God|25/100|[from] Recoil
|
|upkeep
|
|t:|1785617277
|switch|p1a: Pelipper|Pelipper, L50, M|100/100
|-weather|RainDance|[from] ability: Drizzle|[of] p1a: Pelipper
|turn|3
|
|t:|1785617288
|move|p1b: Glimmora|Power Gem|p2a: Hand of God
|-damage|p2a: Hand of God|0 fnt
|faint|p2a: Hand of God
|move|p1a: Pelipper|Tailwind|p1a: Pelipper
|-sidestart|p1: Caaammm0410|move: Tailwind
|move|p2b: Blade of God|Swords Dance|p2b: Blade of God
|-boost|p2b: Blade of God|atk|2
|
|-weather|RainDance|[upkeep]
|upkeep
|
|t:|1785617291
|switch|p2a: Ichor of God|Sinistcha, L50|100/100
|turn|4
|
|t:|1785617305
|switch|p1b: Incineroar|Incineroar, L50, M|100/100
|-ability|p1b: Incineroar|Intimidate|boost
|-unboost|p2a: Ichor of God|atk|1
|-unboost|p2b: Blade of God|atk|1
|-ability|p2b: Blade of God|Defiant|boost
|-boost|p2b: Blade of God|atk|2
|move|p2b: Blade of God|Sucker Punch|p1a: Pelipper
|-enditem|p1a: Pelipper|Focus Sash
|-damage|p1a: Pelipper|1/100
|move|p1a: Pelipper|Hurricane|p2a: Ichor of God
|-supereffective|p2a: Ichor of God|1
|-damage|p2a: Ichor of God|11/100
|-enditem|p2a: Ichor of God|Sitrus Berry|[eat]
|-heal|p2a: Ichor of God|36/100|[from] item: Sitrus Berry
|move|p2a: Ichor of God|Matcha Gotcha|p1a: Pelipper|[spread] p1a,p1b
|-resisted|p1b: Incineroar|1
|-damage|p1a: Pelipper|0 fnt
|-heal|p2a: Ichor of God|36/100|[from] drain|[of] p1a: Pelipper
|-damage|p1b: Incineroar|88/100
|-heal|p2a: Ichor of God|43/100|[from] drain|[of] p1b: Incineroar
|faint|p1a: Pelipper
|
|-weather|RainDance|[upkeep]
|upkeep
|inactive|Caaammm0410 has 30 seconds left.
|
|t:|1785617330
|switch|p1a: Glimmora|Glimmora, L50, F|100/100
|turn|5
|
|t:|1785617339
|move|p2a: Ichor of God|Protect|p2a: Ichor of God
|-singleturn|p2a: Ichor of God|Protect
|move|p2b: Blade of God|Protect|p2b: Blade of God
|-singleturn|p2b: Blade of God|Protect
|move|p1a: Glimmora|Earth Power|p2b: Blade of God
|-activate|p2b: Blade of God|move: Protect
|move|p1b: Incineroar|Darkest Lariat|p2a: Ichor of God
|-activate|p2a: Ichor of God|move: Protect
|
|-weather|RainDance|[upkeep]
|upkeep
|turn|6
|inactive|Caaammm0410 has 30 seconds left.
|
|t:|1785617370
|move|p2a: Ichor of God|Protect||[still]
|-fail|p2a: Ichor of God
|move|p2b: Blade of God|Sucker Punch|p1a: Glimmora
|-damage|p1a: Glimmora|0 fnt
|-activate|p1a: Glimmora|ability: Toxic Debris
|-sidestart|p2: meikh_neiht|move: Toxic Spikes
|faint|p1a: Glimmora
|move|p1b: Incineroar|Flare Blitz|p2a: Ichor of God
|-supereffective|p2a: Ichor of God|1
|-damage|p2a: Ichor of God|0 fnt
|faint|p2a: Ichor of God
|-damage|p1b: Incineroar|76/100|[from] Recoil
|
|-weather|RainDance|[upkeep]
|-sideend|p1: Caaammm0410|move: Tailwind
|upkeep
|turn|7
|
|t:|1785617387
|move|p1b: Incineroar|Flare Blitz|p2b: Blade of God
|-supereffective|p2b: Blade of God|1
|-damage|p2b: Blade of God|46/100
|-damage|p1b: Incineroar|58/100|[from] Recoil
|move|p2b: Blade of God|Kowtow Cleave|p1b: Incineroar
|-resisted|p1b: Incineroar|1
|-damage|p1b: Incineroar|0 fnt
|faint|p1b: Incineroar
|
|win|meikh_neiht
||meikh_neiht is ready for game 2.
|inactive|Caaammm0410 has 30 seconds to confirm battle start!
||Caaammm0410 is ready for game 2.
|uhtml|next|Next: Game 2 of 3
