|j|☆franklin777
|j|☆GS Barnabe
|html|franklin777GS Barnabe    
|uhtml|bestof|Game 2 of a best-of-3
|t:|1785723494
|gametype|doubles
|player|p1|franklin777|170|1211
|player|p2|GS Barnabe|265|1327
|gen|9
|tier|[Gen 9 Champions] VGC 2026 Reg M-B (Bo3)
|rated|
|rule|Species Clause: Limit one of each Pokémon
|rule|Item Clause: Limit 1 of each item
|clearpoke
|poke|p1|Charizard, L50, F, shiny|
|poke|p1|Kingambit, L50, F|
|poke|p1|Basculegion, L50, M, shiny|
|poke|p1|Maushold, L50|
|poke|p1|Ninetales-Alola, L50, F, shiny|
|poke|p1|Gyarados, L50, M, shiny|
|poke|p2|Clefable, L50, F|
|poke|p2|Tyranitar, L50, F|
|poke|p2|Garchomp, L50, F|
|poke|p2|Gholdengo, L50|
|poke|p2|Rotom-Wash, L50|
|poke|p2|Aerodactyl, L50, M|
|teampreview|4
|showteam|p1|Charizard||CharizarditeX|Blaze|DragonDance,Protect,DragonClaw,FlareBlitz|Adamant||F|||50|]Kingambit||BlackGlasses|Defiant|KowtowCleave,IronHead,SuckerPunch,Protect|Adamant||F|||50|]Basculegion||ChoiceScarf|Adaptability|FlipTurn,LastRespects,WaveCrash,AquaJet|Jolly||M|||50|]Maushold||WideLens|Technician|PopulationBomb,Encore,Protect,FollowMe|Jolly|||||50|]Ninetales-Alola||LightClay|SnowWarning|AuroraVeil,Disable,Blizzard,Protect|Timid||F|||50|]Gyarados||Leftovers|Intimidate|Waterfall,ThunderWave,Taunt,HelpingHand|Careful||M|||50|
|showteam|p2|Clefable||SitrusBerry|Unaware|Moonblast,HelpingHand,FollowMe,Protect|Bold||F|||50|]Tyranitar||ChoiceScarf|SandStream|RockSlide,KnockOff,IcePunch,Superpower|Jolly||F|||50|]Garchomp||Garchompite|SandVeil|DracoMeteor,EarthPower,PowerGem,Protect|Modest||F|||50|]Gholdengo||LifeOrb|GoodasGold|MakeItRain,ShadowBall,NastyPlot,Protect|Modest|||||50|]Rotom-Wash||Leftovers|Levitate|HydroPump,VoltSwitch,WillOWisp,Protect|Calm|||||50|]Aerodactyl||Aerodactylite|RockHead|RockSlide,DualWingbeat,Tailwind,Protect|Jolly||M|||50|
|inactive|Battle timer is ON: inactive players will automatically lose when time's up. (requested by franklin777)
|
|t:|1785723516
|teamsize|p1|4
|teamsize|p2|4
|start
|switch|p1a: Charizard|Charizard, L50, F, shiny|100/100
|switch|p1b: Basculegion|Basculegion, L50, M, shiny|100/100
|switch|p2a: Garchomp|Garchomp, L50, F|100/100
|switch|p2b: Rotom|Rotom-Wash, L50|100/100
|turn|1
|
|t:|1785723541
|detailschange|p1a: Charizard|Charizard-Mega-X, L50, F, shiny
|-mega|p1a: Charizard|Charizard|Charizardite X
|detailschange|p2a: Garchomp|Garchomp-Mega, L50, F
|-mega|p2a: Garchomp|Garchomp|Garchompite
|move|p1b: Basculegion|Flip Turn|p2a: Garchomp
|-damage|p2a: Garchomp|67/100
|
|t:|1785723549
|switch|p1b: Kingambit|Kingambit, L50, F|100/100|[from] Flip Turn
|move|p1a: Charizard|Dragon Claw|p2a: Garchomp
|-supereffective|p2a: Garchomp|1
|-damage|p2a: Garchomp|0 fnt
|faint|p2a: Garchomp
|move|p2b: Rotom|Volt Switch|p1b: Kingambit
|-damage|p1b: Kingambit|75/100
|
|t:|1785723561
|switch|p2b: Tyranitar|Tyranitar, L50, F|100/100|[from] Volt Switch
|-weather|Sandstorm|[from] ability: Sand Stream|[of] p2b: Tyranitar
|
|-weather|Sandstorm|[upkeep]
|-damage|p1a: Charizard|94/100|[from] Sandstorm
|upkeep
|
|t:|1785723571
|switch|p2a: Rotom|Rotom-Wash, L50|100/100
|turn|2
|
|t:|1785723587
|switch|p1a: Ninetales|Ninetales-Alola, L50, F, shiny|100/100
|-weather|Snowscape|[from] ability: Snow Warning|[of] p1a: Ninetales
|move|p2b: Tyranitar|Superpower|p1b: Kingambit
|-supereffective|p1b: Kingambit|2
|-damage|p1b: Kingambit|0 fnt
|-unboost|p2b: Tyranitar|atk|1
|-unboost|p2b: Tyranitar|def|1
|faint|p1b: Kingambit
|move|p2a: Rotom|Hydro Pump|p1a: Ninetales
|-damage|p1a: Ninetales|59/100
|
|-weather|Snowscape|[upkeep]
|upkeep
|
|t:|1785723601
|switch|p1b: Basculegion|Basculegion, L50, M, shiny|100/100
|turn|3
|
|t:|1785723616
|switch|p2b: Gholdengo|Gholdengo, L50|100/100
|move|p1b: Basculegion|Last Respects|p2a: Rotom
|-damage|p2a: Rotom|29/100
|move|p1a: Ninetales|Aurora Veil|p1a: Ninetales
|-sidestart|p1: franklin777|move: Aurora Veil
|move|p2a: Rotom|Volt Switch|p1b: Basculegion
|-supereffective|p1b: Basculegion|1
|-damage|p1b: Basculegion|61/100
|
|t:|1785723627
|switch|p2a: Tyranitar|Tyranitar, L50, F|100/100|[from] Volt Switch
|-weather|Sandstorm|[from] ability: Sand Stream|[of] p2a: Tyranitar
|
|-weather|Sandstorm|[upkeep]
|-damage|p1b: Basculegion|54/100|[from] Sandstorm
|-damage|p1a: Ninetales|53/100|[from] Sandstorm
|upkeep
|turn|4
|
|t:|1785723646
|switch|p1b: Charizard|Charizard-Mega-X, L50, F, shiny|94/100
|move|p1a: Ninetales|Protect|p1a: Ninetales
|-singleturn|p1a: Ninetales|Protect
|move|p2b: Gholdengo|Protect|p2b: Gholdengo
|-singleturn|p2b: Gholdengo|Protect
|move|p2a: Tyranitar|Knock Off|p1b: Charizard
|-damage|p1b: Charizard|69/100
|
|-weather|Sandstorm|[upkeep]
|-damage|p1a: Ninetales|46/100|[from] Sandstorm
|-damage|p1b: Charizard|63/100|[from] Sandstorm
|upkeep
|turn|5
|inactive|GS Barnabe has 30 seconds left.
|
|t:|1785723678
|move|p2a: Tyranitar|Knock Off|p1b: Charizard
|-damage|p1b: Charizard|40/100
|move|p1a: Ninetales|Disable|p2a: Tyranitar
|-start|p2a: Tyranitar|Disable|Knock Off
|move|p1b: Charizard|Flare Blitz|p2b: Gholdengo
|-supereffective|p2b: Gholdengo|1
|-damage|p2b: Gholdengo|0 fnt
|faint|p2b: Gholdengo
|-damage|p1b: Charizard|0 fnt|[from] Recoil
|faint|p1b: Charizard
|
|-weather|Sandstorm|[upkeep]
|-damage|p1a: Ninetales|40/100|[from] Sandstorm
|upkeep
|
|t:|1785723694
|switch|p1b: Basculegion|Basculegion, L50, M, shiny|54/100
|switch|p2b: Rotom|Rotom-Wash, L50|29/100
|turn|6
|
|t:|1785723711
|move|p2b: Rotom|Protect|p2b: Rotom
|-singleturn|p2b: Rotom|Protect
|move|p1b: Basculegion|Wave Crash|p2b: Rotom
|-activate|p2b: Rotom|move: Protect
|-activate|p2a: Tyranitar|move: Struggle
|move|p2a: Tyranitar|Struggle|p1a: Ninetales
|-damage|p1a: Ninetales|26/100
|-damage|p2a: Tyranitar|74/100|[from] recoil
|move|p1a: Ninetales|Blizzard|p2b: Rotom|[spread] p2a
|-activate|p2b: Rotom|move: Protect
|-damage|p2a: Tyranitar|57/100
|
|-weather|Sandstorm|[upkeep]
|-damage|p1b: Basculegion|48/100|[from] Sandstorm
|-damage|p1a: Ninetales|20/100y|[from] Sandstorm
|-damage|p2b: Rotom|23/100|[from] Sandstorm
|-heal|p2b: Rotom|29/100|[from] item: Leftovers
|upkeep
|turn|7
|inactive|GS Barnabe has 30 seconds left.
|
|t:|1785723738
|move|p1b: Basculegion|Wave Crash|p2b: Rotom
|-resisted|p2b: Rotom|1
|-damage|p2b: Rotom|0 fnt
|faint|p2b: Rotom
|-damage|p1b: Basculegion|41/100|[from] Recoil
|-activate|p2a: Tyranitar|move: Struggle
|move|p2a: Tyranitar|Struggle|p1b: Basculegion
|-damage|p1b: Basculegion|25/100
|-damage|p2a: Tyranitar|32/100|[from] recoil
|move|p1a: Ninetales|Blizzard|p2a: Tyranitar
|-damage|p2a: Tyranitar|10/100
|
|-weather|none
|upkeep
|turn|8
|
|t:|1785723750
|move|p1b: Basculegion|Wave Crash|p2a: Tyranitar
|-supereffective|p2a: Tyranitar|1
|-crit|p2a: Tyranitar
|-damage|p2a: Tyranitar|0 fnt
|faint|p2a: Tyranitar
|-damage|p1b: Basculegion|22/100|[from] Recoil
|
|win|franklin777
||franklin777 is ready for game 3.
|l|☆franklin777
|player|p1|
|inactive|GS Barnabe has 30 seconds to confirm battle start!
