|j|☆Llama_Llord
|j|☆rainsmeller5000
|html|Llama_Llordrainsmeller5000    
|uhtml|bestof|Game 3 of a best-of-3
|t:|1756808480
|gametype|doubles
|player|p1|Llama_Llord|1|1085
|player|p2|rainsmeller5000|169|1000
|gen|9
|tier|[Gen 9] VGC 2025 Reg H (Bo3)
|rated|
|rule|Species Clause: Limit one of each Pokémon
|rule|Item Clause: Limit 1 of each item
|clearpoke
|poke|p1|Talonflame, L50, M|
|poke|p1|Garchomp, L50, F|
|poke|p1|Gholdengo, L50|
|poke|p1|Tyranitar, L50, F|
|poke|p1|Amoonguss, L50, F|
|poke|p1|Milotic, L50, M|
|poke|p2|Ursaluna-Bloodmoon, L50, M|
|poke|p2|Porygon2, L50|
|poke|p2|Amoonguss, L50, F|
|poke|p2|Incineroar, L50, F|
|poke|p2|Dragapult, L50, F|
|poke|p2|Sneasler, L50, F|
|teampreview|4
|showteam|p1|Talonflame||CovertCloak|GaleWings|Tailwind,BraveBird,WillOWisp,Taunt|||M|||50|,,,,,Grass]Garchomp||LifeOrb|RoughSkin|Earthquake,DragonClaw,StompingTantrum,Protect|||F|||50|,,,,,Fairy]Gholdengo||ChoiceSpecs|GoodasGold|MakeItRain,ShadowBall,Thunderbolt,PowerGem||||||50|,,,,,Steel]Tyranitar||AssaultVest|SandStream|RockSlide,KnockOff,TeraBlast,LowKick|||F|||50|,,,,,Flying]Amoonguss||SitrusBerry|Regenerator|PollenPuff,Spore,RagePowder,Protect|||F|||50|,,,,,Water]Milotic||SafetyGoggles|Competitive|Scald,IcyWind,Haze,Protect|||M|||50|,,,,,Dragon
|showteam|p2|Ursaluna-Bloodmoon||AssaultVest|MindsEye|BloodMoon,HyperVoice,EarthPower,VacuumWave|||M|||50|,,,,,Normal]Porygon2||Eviolite|Trace|IceBeam,Thunderbolt,Recover,TrickRoom||||||50|,,,,,Ghost]Amoonguss||CovertCloak|Regenerator|Spore,RagePowder,PollenPuff,SludgeBomb|||F|||50|,,,,,Water]Incineroar||SafetyGoggles|Intimidate|KnockOff,FakeOut,PartingShot,FlareBlitz|||F|||50|,,,,,Ghost]Dragapult||ChoiceBand|ClearBody|DragonDarts,Outrage,PhantomForce,Uturn|||F|||50|,,,,,Dragon]Sneasler||FocusSash|PoisonTouch|CloseCombat,DireClaw,ThroatChop,FakeOut|||F|||50|,,,,,Dark
|inactive|Battle timer is ON: inactive players will automatically lose when time's up. (requested by Llama_Llord)
|
|t:|1756808496
|teamsize|p1|4
|teamsize|p2|4
|start
|switch|p1a: Talonflame|Talonflame, L50, M|100/100
|switch|p1b: Gholdengo|Gholdengo, L50|100/100
|switch|p2a: Dragapult|Dragapult, L50, F|100/100
|switch|p2b: Sneasler|Sneasler, L50, F|100/100
|turn|1
|
|t:|1756808519
|-terastallize|p1b: Gholdengo|Steel
|move|p2b: Sneasler|Fake Out|p1a: Talonflame
|-damage|p1a: Talonflame|83/100
|move|p1a: Talonflame|Tailwind|p1a: Talonflame
|-sidestart|p1: Llama_Llord|move: Tailwind
|move|p1b: Gholdengo|Make It Rain|p2b: Sneasler|[spread] p2a,p2b
|-damage|p2a: Dragapult|0 fnt
|-enditem|p2b: Sneasler|Focus Sash
|-damage|p2b: Sneasler|1/100
|-unboost|p1b: Gholdengo|spa|1
|faint|p2a: Dragapult
|
|upkeep
|
|t:|1756808534
|switch|p2a: Incineroar|Incineroar, L50, F|100/100
|-ability|p2a: Incineroar|Intimidate|boost
|-unboost|p1a: Talonflame|atk|1
|-unboost|p1b: Gholdengo|atk|1
|turn|2
|
|t:|1756808557
|switch|p1b: Milotic|Milotic, L50, M|100/100
|move|p2a: Incineroar|Fake Out|p1b: Milotic
|-damage|p1b: Milotic|87/100
|move|p1a: Talonflame|Brave Bird|p2b: Sneasler
|-supereffective|p2b: Sneasler
|-damage|p2b: Sneasler|0 fnt
|faint|p2b: Sneasler
|-damage|p1a: Talonflame|83/100|[from] Recoil
|
|upkeep
|
|t:|1756808567
|switch|p2b: Amoonguss|Amoonguss, L50, F|100/100
|turn|3
|
|t:|1756808585
|-terastallize|p2a: Incineroar|Ghost
|move|p1a: Talonflame|Will-O-Wisp|p2b: Amoonguss
|-status|p2b: Amoonguss|brn
|move|p1b: Milotic|Scald|p2a: Incineroar
|-damage|p2a: Incineroar|69/100
|move|p2a: Incineroar|Knock Off|p1b: Milotic
|-damage|p1b: Milotic|42/100
|-enditem|p1b: Milotic|Safety Goggles|[from] move: Knock Off|[of] p2a: Incineroar
|move|p2b: Amoonguss|Spore|p1b: Milotic
|-status|p1b: Milotic|slp|[from] move: Spore
|
|-damage|p2b: Amoonguss|95/100 brn|[from] brn
|upkeep
|turn|4
|
|t:|1756808606
|move|p1a: Talonflame|Will-O-Wisp|p2a: Incineroar
|-status|p2a: Incineroar|brn
|cant|p1b: Milotic|slp
|move|p2a: Incineroar|Knock Off|p1a: Talonflame
|-damage|p1a: Talonflame|51/100
|-enditem|p1a: Talonflame|Covert Cloak|[from] move: Knock Off|[of] p2a: Incineroar
|move|p2b: Amoonguss|Spore|p1a: Talonflame
|-status|p1a: Talonflame|slp|[from] move: Spore
|
|-damage|p2a: Incineroar|63/100 brn|[from] brn
|-damage|p2b: Amoonguss|89/100 brn|[from] brn
|-sideend|p1: Llama_Llord|move: Tailwind
|upkeep
|turn|5
|
|t:|1756808626
|cant|p1a: Talonflame|slp
|-curestatus|p1b: Milotic|slp|[msg]
|move|p1b: Milotic|Scald|p2a: Incineroar
|-damage|p2a: Incineroar|31/100 brn
|move|p2a: Incineroar|Knock Off|p1b: Milotic
|-damage|p1b: Milotic|26/100
|move|p2b: Amoonguss|Pollen Puff|p1b: Milotic
|-damage|p1b: Milotic|14/100
|
|-damage|p2a: Incineroar|25/100 brn|[from] brn
|-damage|p2b: Amoonguss|83/100 brn|[from] brn
|upkeep
|turn|6
|
|t:|1756808642
|-curestatus|p1a: Talonflame|slp|[msg]
|move|p1a: Talonflame|Taunt|p2b: Amoonguss
|-start|p2b: Amoonguss|move: Taunt
|move|p1b: Milotic|Scald|p2a: Incineroar
|-damage|p2a: Incineroar|0 fnt
|faint|p2a: Incineroar
|move|p2b: Amoonguss|Pollen Puff|p2: Incineroar|[notarget]
|-fail|p2b: Amoonguss
|
|-damage|p2b: Amoonguss|77/100 brn|[from] brn
|upkeep
|turn|7
|
|t:|1756808655
|move|p1a: Talonflame|Brave Bird|p2b: Amoonguss
|-supereffective|p2b: Amoonguss
|-damage|p2b: Amoonguss|39/100 brn
|-damage|p1a: Talonflame|36/100|[from] Recoil
|move|p1b: Milotic|Haze|p1b: Milotic
|-clearallboost
|move|p2b: Amoonguss|Sludge Bomb|p1b: Milotic
|-damage|p1b: Milotic|0 fnt
|faint|p1b: Milotic
|
|-damage|p2b: Amoonguss|33/100 brn|[from] brn
|upkeep
|
|t:|1756808665
|switch|p1b: Gholdengo|Gholdengo, L50, tera:Steel|100/100
|turn|8
|-message|rainsmeller5000 forfeited.
|
|win|Llama_Llord
|raw|Llama_Llord's rating: 1085 → 1106(+21 for winning)
|raw|rainsmeller5000's rating: 1000 → 1000(+0 for losing)
|l|☆rainsmeller5000
|player|p2|
