|j|☆dericos
|j|☆CHURMGUR
|html|dericosCHURMGUR    
|uhtml|bestof|Game 2 of a best-of-3
|t:|1782248256
|gametype|doubles
|player|p1|dericos|102|1071
|player|p2|CHURMGUR|lance|1000
|gen|9
|tier|[Gen 9 Champions] VGC 2026 Reg M-B (Bo3)
|rated|
|rule|Species Clause: Limit one of each Pokémon
|rule|Item Clause: Limit 1 of each item
|clearpoke
|poke|p1|Swampert, L50, M|
|poke|p1|Pelipper, L50, M|
|poke|p1|Archaludon, L50, M|
|poke|p1|Sinistcha, L50|
|poke|p1|Maushold-Four, L50|
|poke|p1|Gholdengo, L50|
|poke|p2|Dragonite, L50, M|
|poke|p2|Gyarados, L50, F|
|poke|p2|Corviknight, L50, M|
|poke|p2|Tsareena, L50, F|
|poke|p2|Gardevoir, L50, M|
|poke|p2|Rotom-Heat, L50|
|teampreview|4
|showteam|p1|Swampert||Swampertite|Torrent|WaveCrash,HighHorsepower,IcePunch,Protect|Adamant||M|||50|]Pelipper||SitrusBerry|Drizzle|WeatherBall,Hurricane,Tailwind,WideGuard|Modest||M|||50|]Archaludon||Leftovers|Stamina|ElectroShot,DragonPulse,FlashCannon,Protect|Calm||M|||50|]Sinistcha||KasibBerry|Hospitality|RagePowder,MatchaGotcha,TrickRoom,Protect|Bold|||||50|]Maushold-Four||FocusSash|FriendGuard|FollowMe,SuperFang,RainDance,Protect|Timid|||||50|]Gholdengo||LifeOrb|GoodasGold|MakeItRain,ShadowBall,NastyPlot,Protect|Modest|||||50|
|showteam|p2|Dragonite||HabanBerry|InnerFocus|DragonClaw,DragonDance,BrickBreak,ExtremeSpeed|Adamant||M|||50|]Gyarados||Gyaradosite|Intimidate|DragonDance,Crunch,Waterfall,Earthquake|Adamant||F|||50|]Corviknight||SitrusBerry|MirrorArmor|BodyPress,IronDefense,Tailwind,Taunt|Calm||M|||50|]Tsareena||MiracleSeed|QueenlyMajesty|HighJumpKick,TropKick,TripleAxel,Uturn|Adamant||F|||50|]Gardevoir||Gardevoirite|Telepathy|VacuumWave,WillOWisp,CalmMind,HyperVoice|Timid||M|||50|]Rotom-Heat||ChoiceScarf|Levitate|VoltSwitch,Thunderbolt,Overheat,Trick|Timid|||||50|
|inactive|Battle timer is ON: inactive players will automatically lose when time's up. (requested by CHURMGUR)
|
|t:|1782248283
|teamsize|p1|4
|teamsize|p2|4
|start
|switch|p1a: Maushold|Maushold-Four, L50|100/100
|switch|p1b: Archaludon|Archaludon, L50, M|100/100
|switch|p2a: Rotom|Rotom-Heat, L50|100/100
|switch|p2b: Corviknight|Corviknight, L50, M|100/100
|turn|1
|inactive|dericos has 30 seconds left.
|inactive|dericos has 20 seconds left.
|inactive|dericos has 15 seconds left.
|inactive|dericos has 10 seconds left.
|inactive|dericos has 5 seconds left.
|
|t:|1782248337
|move|p2a: Rotom|Volt Switch|p1a: Maushold
|-damage|p1a: Maushold|60/100
|
|t:|1782248346
|switch|p2a: Tsareena|Tsareena, L50, F|100/100|[from] Volt Switch
|move|p1a: Maushold|Rain Dance|p1a: Maushold
|-weather|RainDance
|move|p1b: Archaludon|Electro Shot||[still]
|-prepare|p1b: Archaludon|Electro Shot
|-boost|p1b: Archaludon|spa|1
|-anim|p1b: Archaludon|Electro Shot|p2b: Corviknight
|-supereffective|p2b: Corviknight|1
|-damage|p2b: Corviknight|21/100
|-enditem|p2b: Corviknight|Sitrus Berry|[eat]
|-heal|p2b: Corviknight|46/100|[from] item: Sitrus Berry
|move|p2b: Corviknight|Taunt|p1a: Maushold
|-start|p1a: Maushold|move: Taunt
|
|-weather|RainDance|[upkeep]
|upkeep
|turn|2
|
|t:|1782248371
|move|p1a: Maushold|Super Fang|p2a: Tsareena
|-damage|p2a: Tsareena|50/100g
|move|p1b: Archaludon|Electro Shot||[still]
|-prepare|p1b: Archaludon|Electro Shot
|-boost|p1b: Archaludon|spa|1
|-anim|p1b: Archaludon|Electro Shot|p2b: Corviknight
|-supereffective|p2b: Corviknight|1
|-damage|p2b: Corviknight|0 fnt
|faint|p2b: Corviknight
|move|p2a: Tsareena|High Jump Kick|p1b: Archaludon
|-supereffective|p1b: Archaludon|1
|-damage|p1b: Archaludon|51/100
|-ability|p1b: Archaludon|Stamina|boost
|-boost|p1b: Archaludon|def|1
|
|-weather|RainDance|[upkeep]
|-heal|p1b: Archaludon|57/100|[from] item: Leftovers
|upkeep
|
|t:|1782248386
|switch|p2b: Gyarados|Gyarados, L50, F|100/100
|-ability|p2b: Gyarados|Intimidate|boost
|-unboost|p1a: Maushold|atk|1
|-unboost|p1b: Archaludon|atk|1
|turn|3
|inactive|dericos has 30 seconds left.
|
|t:|1782248411
|detailschange|p2b: Gyarados|Gyarados-Mega, L50, F
|-mega|p2b: Gyarados|Gyarados|Gyaradosite
|-ability|p2b: Gyarados|Mold Breaker
|move|p1a: Maushold|Super Fang|p2b: Gyarados
|-damage|p2b: Gyarados|50/100y
|move|p2b: Gyarados|Dragon Dance|p2b: Gyarados
|-boost|p2b: Gyarados|atk|1
|-boost|p2b: Gyarados|spe|1
|move|p1b: Archaludon|Electro Shot||[still]
|-prepare|p1b: Archaludon|Electro Shot
|-boost|p1b: Archaludon|spa|1
|-anim|p1b: Archaludon|Electro Shot|p2b: Gyarados
|-supereffective|p2b: Gyarados|1
|-damage|p2b: Gyarados|0 fnt
|faint|p2b: Gyarados
|move|p2a: Tsareena|High Jump Kick|p1b: Archaludon|[miss]
|-miss|p2a: Tsareena|p1b: Archaludon
|-damage|p2a: Tsareena|1/100|[from] highjumpkick
|
|-weather|RainDance|[upkeep]
|-heal|p1b: Archaludon|64/100|[from] item: Leftovers
|upkeep
|
|t:|1782248414
|switch|p2b: Rotom|Rotom-Heat, L50|100/100
|turn|4
|
|t:|1782248428
|move|p2b: Rotom|Trick|p1b: Archaludon
|-activate|p2b: Rotom|move: Trick|[of] p1b: Archaludon
|-item|p1b: Archaludon|Choice Scarf|[from] move: Trick
|-item|p2b: Rotom|Leftovers|[from] move: Trick
|move|p1a: Maushold|Super Fang|p2a: Tsareena
|-damage|p2a: Tsareena|0 fnt
|faint|p2a: Tsareena
|move|p1b: Archaludon|Electro Shot||[still]
|-prepare|p1b: Archaludon|Electro Shot
|-boost|p1b: Archaludon|spa|1
|-anim|p1b: Archaludon|Electro Shot|p2b: Rotom
|-resisted|p2b: Rotom|1
|-damage|p2b: Rotom|26/100
|
|-weather|RainDance|[upkeep]
|-heal|p2b: Rotom|32/100|[from] item: Leftovers
|-end|p1a: Maushold|move: Taunt
|upkeep
|turn|5
|
|t:|1782248441
|move|p1a: Maushold|Follow Me|p1a: Maushold
|-singleturn|p1a: Maushold|move: Follow Me
|move|p1b: Archaludon|Electro Shot||[still]
|-prepare|p1b: Archaludon|Electro Shot
|-boost|p1b: Archaludon|spa|1
|-anim|p1b: Archaludon|Electro Shot|p2b: Rotom
|-resisted|p2b: Rotom|1
|-damage|p2b: Rotom|0 fnt
|faint|p2b: Rotom
|
|win|dericos
|raw|dericos's rating: 1071 → 1094(+23 for winning)
|raw|CHURMGUR's rating: 1000 → 1000(+0 for losing)
