|j|â˜†Gus_0Z
|j|â˜†airslashesfolante
|html|Gus_0Zairslashesfolante    
|uhtml|bestof|Game 1 of a best-of-3
|t:|1786067951
|gametype|doubles
|player|p1|Gus_0Z|volo|
|player|p2|airslashesfolante|roxie-masters|
|gen|9
|tier|[Gen 9 Champions] VGC 2026 Reg M-B (Bo3)
|rule|Species Clause: Limit one of each PokÃ©mon
|rule|Item Clause: Limit 1 of each item
|clearpoke
|poke|p1|Goodra-Hisui, L50, M|
|poke|p1|Sableye, L50, F|
|poke|p1|Meganium, L50, M|
|poke|p1|Vivillon, L50, F|
|poke|p1|Aurorus, L50, M|
|poke|p1|Quaquaval, L50, M|
|poke|p2|Chimecho, L50, M|
|poke|p2|Altaria, L50, F|
|poke|p2|Sableye, L50, M|
|poke|p2|Heliolisk, L50, M|
|poke|p2|Quaquaval, L50, F|
|poke|p2|Mr. Rime, L50, M|
|teampreview|4
|showteam|p1|Goodra-Hisui||Leftovers|ShellArmor|Curse,IronHead,DragonClaw,Protect|Sassy||M|||50|]Sableye||LightClay|Prankster|Reflect,LightScreen,FakeOut,FoulPlay|Impish||F|||50|]Meganium||Meganiumite|Overgrow|SolarBeam,WeatherBall,DazzlingGleam,Protect|Timid||M|||50|]Vivillon||FocusSash|CompoundEyes|Hurricane,RagePowder,SleepPowder,Protect|Timid||F|||50|]Aurorus||NeverMeltIce|Refrigerate|HyperVoice,HyperBeam,Protect,AncientPower|Modest||M|||50|]Quaquaval||LifeOrb|Moxie|AquaStep,CloseCombat,Detect,FlipTurn|Jolly||M|||50|
|showteam|p2|Chimecho||Chimechite|Levitate|CalmMind,Recover,Psyshock,FlashCannon|Bold||M|||50|]Altaria||SitrusBerry|CloudNine|WillOWisp,Tailwind,Acrobatics,Protect|Impish||F|||50|]Sableye||LightClay|Prankster|SkillSwap,Reflect,LightScreen,FoulPlay|Bold||M|||50|]Heliolisk||ChoiceScarf|DrySkin|HyperVoice,VoltSwitch,Electroweb,Thunderbolt|Timid||M|||50|]Quaquaval||LifeOrb|Moxie|AquaStep,CloseCombat,TripleAxel,Protect|Jolly||F|||50|]Mr. Rime||NeverMeltIce|ScreenCleaner|FakeOut,FreezeDry,Taunt,Protect|Modest||M|||50|
|c|â˜†airslashesfolante|eu sou o unico guerreiro sem vivillion
|c|â˜†airslashesfolante|e vcs todos ainda sÃ£o mal carater de rodar compound eyes sleep powder
|inactive|Battle timer is ON: inactive players will automatically lose when time's up. (requested by Gus_0Z)
|c|â˜†airslashesfolante|invez de friend guard
|
|t:|1786068001
|teamsize|p1|4
|teamsize|p2|4
|start
|switch|p1a: Sableye|Sableye, L50, F|100/100
|switch|p1b: Meganium|Meganium, L50, M|100/100
|switch|p2a: Mr. Rime|Mr. Rime, L50, M|100/100
|switch|p2b: Altaria|Altaria, L50, F|100/100
|-ability|p2b: Altaria|Cloud Nine
|turn|1
|inactive|Gus_0Z has 30 seconds left.
|inactive|Gus_0Z has 20 seconds left.
|inactive|Gus_0Z has 15 seconds left.
|inactive|Gus_0Z has 10 seconds left.
|
|t:|1786068050
|move|p1b: Meganium|Protect|p1b: Meganium
|-singleturn|p1b: Meganium|Protect
|move|p2a: Mr. Rime|Fake Out|p1b: Meganium
|-activate|p1b: Meganium|move: Protect
|move|p1a: Sableye|Reflect|p1a: Sableye
|-sidestart|p1: Gus_0Z|Reflect
|move|p2b: Altaria|Tailwind|p2b: Altaria
|-sidestart|p2: airslashesfolante|move: Tailwind
|
|upkeep
|turn|2
|
|t:|1786068067
|detailschange|p1b: Meganium|Meganium-Mega, L50, M
|-mega|p1b: Meganium|Meganium|Meganiumite
|move|p1a: Sableye|Light Screen|p1a: Sableye
|-sidestart|p1: Gus_0Z|move: Light Screen
|move|p2a: Mr. Rime|Freeze-Dry|p1b: Meganium
|-supereffective|p1b: Meganium|1
|-damage|p1b: Meganium|41/100
|move|p2b: Altaria|Will-O-Wisp|p1a: Sableye
|-status|p1a: Sableye|brn
|move|p1b: Meganium|Weather Ball|p2a: Mr. Rime
|-supereffective|p2a: Mr. Rime|1
|-damage|p2a: Mr. Rime|0 fnt
|faint|p2a: Mr. Rime
|
|-damage|p1a: Sableye|94/100 brn|[from] brn
|upkeep
|
|t:|1786068079
|switch|p2a: Quaquaval|Quaquaval, L50, F|100/100
|turn|3
|inactive|Gus_0Z has 30 seconds left.
|
|t:|1786068112
|switch|p1a: Vivillon|Vivillon, L50, F|100/100
|move|p1b: Meganium|Protect|p1b: Meganium
|-singleturn|p1b: Meganium|Protect
|move|p2a: Quaquaval|Triple Axel|p1b: Meganium
|-activate|p1b: Meganium|move: Protect
|move|p2b: Altaria|Acrobatics|p1b: Meganium
|-activate|p1b: Meganium|move: Protect
|
|upkeep
|turn|4
|
|t:|1786068131
|move|p2a: Quaquaval|Protect|p2a: Quaquaval
|-singleturn|p2a: Quaquaval|Protect
|move|p1a: Vivillon|Rage Powder|p1a: Vivillon
|-singleturn|p1a: Vivillon|move: Rage Powder
|move|p2b: Altaria|Will-O-Wisp|p1a: Vivillon
|-status|p1a: Vivillon|brn
|move|p1b: Meganium|Solar Beam||[still]
|-prepare|p1b: Meganium|Solar Beam
|-activate|p1b: Meganium|ability: Mega Sol
|-anim|p1b: Meganium|Solar Beam|p2a: Quaquaval
|-activate|p2a: Quaquaval|move: Protect
|
|-damage|p1a: Vivillon|94/100 brn|[from] brn
|-sideend|p2: airslashesfolante|move: Tailwind
|upkeep
|turn|5
|
|t:|1786068141
|switch|p2a: Chimecho|Chimecho, L50, M|100/100
|move|p1a: Vivillon|Rage Powder|p1a: Vivillon
|-singleturn|p1a: Vivillon|move: Rage Powder
|move|p1b: Meganium|Dazzling Gleam|p2b: Altaria|[spread] p2a,p2b
|-supereffective|p2b: Altaria|1
|-damage|p2a: Chimecho|66/100
|-damage|p2b: Altaria|41/100
|-enditem|p2b: Altaria|Sitrus Berry|[eat]
|-heal|p2b: Altaria|66/100|[from] item: Sitrus Berry
|move|p2b: Altaria|Tailwind|p2b: Altaria
|-sidestart|p2: airslashesfolante|move: Tailwind
|
|-damage|p1a: Vivillon|88/100 brn|[from] brn
|upkeep
|turn|6
|
|t:|1786068160
|switch|p1b: Sableye|Sableye, L50, F|94/100 brn
|move|p2b: Altaria|Acrobatics|p1a: Vivillon
|-supereffective|p1a: Vivillon|1
|-damage|p1a: Vivillon|11/100 brn
|move|p2a: Chimecho|Calm Mind|p2a: Chimecho
|-boost|p2a: Chimecho|spa|1
|-boost|p2a: Chimecho|spd|1
|move|p1a: Vivillon|Sleep Powder|p2b: Altaria
|-status|p2b: Altaria|slp|[from] move: Sleep Powder
|
|-damage|p1a: Vivillon|5/100 brn|[from] brn
|-damage|p1b: Sableye|88/100 brn|[from] brn
|upkeep
|turn|7
|
|t:|1786068184
|switch|p1b: Goodra|Goodra-Hisui, L50, M|100/100
|cant|p2b: Altaria|slp
|move|p2a: Chimecho|Flash Cannon|p1a: Vivillon
|-damage|p1a: Vivillon|0 fnt
|faint|p1a: Vivillon
|
|upkeep
|
|t:|1786068203
|switch|p1a: Meganium|Meganium-Mega, L50, M|41/100
|turn|8
|
|t:|1786068212
|switch|p2b: Quaquaval|Quaquaval, L50, F|100/100
|detailschange|p2a: Chimecho|Chimecho-Mega, L50, M
|-mega|p2a: Chimecho|Chimecho|Chimechite
|move|p2a: Chimecho|Flash Cannon|p1a: Meganium
|-supereffective|p1a: Meganium|1
|-damage|p1a: Meganium|0 fnt
|faint|p1a: Meganium
|move|p1b: Goodra|Curse|p1b: Goodra
|-unboost|p1b: Goodra|spe|1
|-boost|p1b: Goodra|atk|1
|-boost|p1b: Goodra|def|1
|
|-sideend|p1: Gus_0Z|Reflect
|-sideend|p2: airslashesfolante|move: Tailwind
|upkeep
|
|t:|1786068219
|switch|p1a: Sableye|Sableye, L50, F|88/100 brn
|turn|9
|
|t:|1786068226
|move|p1a: Sableye|Fake Out|p2b: Quaquaval
|-damage|p2b: Quaquaval|94/100
|cant|p2b: Quaquaval|flinch
|move|p2a: Chimecho|Calm Mind|p2a: Chimecho
|-boost|p2a: Chimecho|spa|1
|-boost|p2a: Chimecho|spd|1
|move|p1b: Goodra|Curse|p1b: Goodra
|-unboost|p1b: Goodra|spe|1
|-boost|p1b: Goodra|atk|1
|-boost|p1b: Goodra|def|1
|
|-damage|p1a: Sableye|82/100 brn|[from] brn
|-sideend|p1: Gus_0Z|move: Light Screen
|upkeep
|turn|10
|
|t:|1786068240
|move|p1a: Sableye|Reflect|p1a: Sableye
|-sidestart|p1: Gus_0Z|Reflect
|move|p2b: Quaquaval|Close Combat|p1b: Goodra
|-supereffective|p1b: Goodra|1
|-damage|p1b: Goodra|54/100
|-unboost|p2b: Quaquaval|def|1
|-unboost|p2b: Quaquaval|spd|1
|-damage|p2b: Quaquaval|84/100|[from] item: Life Orb
|move|p2a: Chimecho|Flash Cannon|p1a: Sableye
|-damage|p1a: Sableye|0 fnt
|faint|p1a: Sableye
|move|p1b: Goodra|Curse|p1b: Goodra
|-unboost|p1b: Goodra|spe|1
|-boost|p1b: Goodra|atk|1
|-boost|p1b: Goodra|def|1
|
|-heal|p1b: Goodra|60/100|[from] item: Leftovers
|upkeep
|turn|11
|
|t:|1786068252
|move|p1b: Goodra|Protect|p1b: Goodra
|-singleturn|p1b: Goodra|Protect
|move|p2b: Quaquaval|Close Combat|p1b: Goodra
|-activate|p1b: Goodra|move: Protect
|move|p2a: Chimecho|Flash Cannon|p1b: Goodra
|-activate|p1b: Goodra|move: Protect
|
|-heal|p1b: Goodra|66/100|[from] item: Leftovers
|upkeep
|turn|12
|
|t:|1786068261
|move|p2b: Quaquaval|Close Combat|p1b: Goodra
|-supereffective|p1b: Goodra|1
|-damage|p1b: Goodra|27/100
|-unboost|p2b: Quaquaval|def|1
|-unboost|p2b: Quaquaval|spd|1
|-damage|p2b: Quaquaval|74/100|[from] item: Life Orb
|move|p2a: Chimecho|Calm Mind|p2a: Chimecho
|-boost|p2a: Chimecho|spa|1
|-boost|p2a: Chimecho|spd|1
|move|p1b: Goodra|Dragon Claw|p2b: Quaquaval
|-damage|p2b: Quaquaval|0 fnt
|faint|p2b: Quaquaval
|
|-heal|p1b: Goodra|33/100|[from] item: Leftovers
|upkeep
|
|t:|1786068263
|switch|p2b: Altaria|Altaria, L50, F|66/100 slp
|-ability|p2b: Altaria|Cloud Nine
|turn|13
|
|t:|1786068269
|cant|p2b: Altaria|slp
|move|p2a: Chimecho|Flash Cannon|p1b: Goodra
|-resisted|p1b: Goodra|1
|-damage|p1b: Goodra|8/100
|move|p1b: Goodra|Dragon Claw|p2b: Altaria
|-supereffective|p2b: Altaria|1
|-damage|p2b: Altaria|0 fnt
|faint|p2b: Altaria
|
|-heal|p1b: Goodra|14/100|[from] item: Leftovers
|upkeep
|turn|14
|
|t:|1786068275
|move|p1b: Goodra|Protect|p1b: Goodra
|-singleturn|p1b: Goodra|Protect
|move|p2a: Chimecho|Flash Cannon|p1b: Goodra
|-activate|p1b: Goodra|move: Protect
|
|-heal|p1b: Goodra|20/100y|[from] item: Leftovers
|upkeep
|turn|15
|
|t:|1786068287
|move|p2a: Chimecho|Flash Cannon|p1b: Goodra
|-resisted|p1b: Goodra|1
|-damage|p1b: Goodra|0 fnt
|faint|p1b: Goodra
|
|win|airslashesfolante
||Gus_0Z is ready for game 2.
||airslashesfolante is ready for game 2.
|uhtml|next|Next: Game 2 of 3
|j| GustaEiras
