|j|☆PikaTROD
|j|☆Il Mule
|html|PikaTRODIl Mule    
|uhtml|bestof|Game 2 of a best-of-3
|t:|1756907139
|gametype|doubles
|player|p1|PikaTROD|2|1513
|player|p2|Il Mule|salvatore|1453
|gen|9
|tier|[Gen 9] VGC 2025 Reg H (Bo3)
|rated|
|rule|Species Clause: Limit one of each Pokémon
|rule|Item Clause: Limit 1 of each item
|clearpoke
|poke|p1|Kingambit, L50, M|
|poke|p1|Primarina, L50, F|
|poke|p1|Sneasler, L50, F|
|poke|p1|Magmar, L50, F|
|poke|p1|Rillaboom, L50, M|
|poke|p1|Dragapult, L50, F|
|poke|p2|Corviknight, L50, M|
|poke|p2|Garchomp, L50, M|
|poke|p2|Tyranitar, L50, M|
|poke|p2|Gholdengo, L50|
|poke|p2|Sneasler, L50, M|
|poke|p2|Incineroar, L50, M|
|teampreview|4
|showteam|p1|Kingambit||BlackGlasses|Defiant|KowtowCleave,SuckerPunch,SwordsDance,Protect|||M|||50|,,,,,Dark]Primarina||SitrusBerry|LiquidVoice|HyperVoice,Moonblast,Haze,Protect|||F|||50|,,,,,Water]Sneasler||FocusSash|Unburden|CloseCombat,DireClaw,FakeOut,Protect|||F|||50|,,,,,Stellar]Magmar||Eviolite|VitalSpirit|Overheat,WillOWisp,FollowMe,Protect|||F|||50|,,,,,Ghost]Rillaboom||AssaultVest|GrassySurge|WoodHammer,GrassyGlide,HighHorsepower,FakeOut|||M|||50|,,,,,Fire]Dragapult||ChoiceBand|ClearBody|DragonDarts,PhantomForce,Outrage,Uturn|||F|||50|,,,,,Dragon
|showteam|p2|Corviknight||CovertCloak|MirrorArmor|BraveBird,Taunt,Roost,Tailwind|||M|||50|,,,,,Dragon]Garchomp||ClearAmulet|RoughSkin|Earthquake,DragonClaw,StompingTantrum,Protect|||M|||50|,,,,,Steel]Tyranitar||AssaultVest|SandStream|RockSlide,KnockOff,TeraBlast,LowKick|||M|||50|,,,,,Flying]Gholdengo||LifeOrb|GoodasGold|MakeItRain,ShadowBall,NastyPlot,Protect||||||50|,,,,,Flying]Sneasler||AirBalloon|Unburden|DireClaw,CloseCombat,Coaching,Protect|||M|||50|,,,,,Ghost]Incineroar||SafetyGoggles|Intimidate|FlareBlitz,WillOWisp,PartingShot,FakeOut|||M|||50|,,,,,Ghost
|
|t:|1756907223
|teamsize|p1|4
|teamsize|p2|4
|start
|switch|p1a: Kingambit|Kingambit, L50, M|100/100
|switch|p1b: Magmar|Magmar, L50, F|100/100
|switch|p2a: Corviknight|Corviknight, L50, M, shiny|100/100
|switch|p2b: Tyranitar|Tyranitar, L50, M|100/100
|-weather|Sandstorm|[from] ability: Sand Stream|[of] p2b: Tyranitar
|turn|1
|
|t:|1756907242
|switch|p2a: Garchomp|Garchomp, L50, M|100/100
|move|p1a: Kingambit|Protect|p1a: Kingambit
|-singleturn|p1a: Kingambit|Protect
|move|p1b: Magmar|Overheat|p2a: Garchomp
|-resisted|p2a: Garchomp
|-damage|p2a: Garchomp|74/100
|-unboost|p1b: Magmar|spa|2
|move|p2b: Tyranitar|Knock Off|p1b: Magmar
|-damage|p1b: Magmar|59/100
|-enditem|p1b: Magmar|Eviolite|[from] move: Knock Off|[of] p2b: Tyranitar
|
|-weather|Sandstorm|[upkeep]
|-damage|p1b: Magmar|53/100|[from] Sandstorm
|upkeep
|turn|2
|
|t:|1756907260
|switch|p1a: Dragapult|Dragapult, L50, F|100/100
|-terastallize|p2b: Tyranitar|Flying
|move|p1b: Magmar|Follow Me|p1b: Magmar
|-singleturn|p1b: Magmar|move: Follow Me
|move|p2a: Garchomp|Earthquake|p1b: Magmar|[spread] p1a,p1b
|-immune|p2b: Tyranitar
|-supereffective|p1b: Magmar
|-damage|p1a: Dragapult|47/100
|-damage|p1b: Magmar|0 fnt
|faint|p1b: Magmar
|move|p2b: Tyranitar|Low Kick|p1a: Dragapult
|-immune|p1a: Dragapult
|
|-weather|Sandstorm|[upkeep]
|-damage|p1a: Dragapult|41/100|[from] Sandstorm
|-damage|p2b: Tyranitar|95/100|[from] Sandstorm
|upkeep
|
|t:|1756907281
|switch|p1b: Primarina|Primarina, L50, F|100/100
|turn|3
|inactive|Battle timer is ON: inactive players will automatically lose when time's up. (requested by Il Mule)
|
|t:|1756907375
|switch|p2a: Corviknight|Corviknight, L50, M, shiny|100/100
|-terastallize|p1a: Dragapult|Dragon
|move|p1a: Dragapult|Dragon Darts|p2b: Tyranitar
|-crit|p2b: Tyranitar
|-damage|p2b: Tyranitar|27/100
|-anim|p1a: Dragapult|Dragon Darts|p2a: Corviknight
|-resisted|p2a: Corviknight
|-damage|p2a: Corviknight|77/100
|move|p2b: Tyranitar|Rock Slide|p1b: Primarina|[spread] p1a,p1b
|-damage|p1a: Dragapult|0 fnt
|-damage|p1b: Primarina|72/100
|faint|p1a: Dragapult
|cant|p1b: Primarina|flinch
|
|-weather|Sandstorm|[upkeep]
|-damage|p2b: Tyranitar|21/100|[from] Sandstorm
|-damage|p1b: Primarina|66/100|[from] Sandstorm
|upkeep
|
|t:|1756907386
|switch|p1a: Kingambit|Kingambit, L50, M|100/100
|turn|4
|
|t:|1756907403
|move|p1a: Kingambit|Sucker Punch|p2b: Tyranitar
|-damage|p2b: Tyranitar|0 fnt
|faint|p2b: Tyranitar
|move|p2a: Corviknight|Taunt|p1a: Kingambit
|-start|p1a: Kingambit|move: Taunt
|move|p1b: Primarina|Hyper Voice|p2a: Corviknight
|-damage|p2a: Corviknight|40/100
|
|-weather|Sandstorm|[upkeep]
|-damage|p1b: Primarina|60/100|[from] Sandstorm
|upkeep
|
|t:|1756907408
|switch|p2b: Sneasler|Sneasler, L50, M|100/100
|-item|p2b: Sneasler|Air Balloon
|turn|5
|
|t:|1756907423
|move|p1a: Kingambit|Sucker Punch|p2b: Sneasler
|-resisted|p2b: Sneasler
|-damage|p2b: Sneasler|65/100
|-enditem|p2b: Sneasler|Air Balloon
|move|p2b: Sneasler|Dire Claw|p1b: Primarina
|-supereffective|p1b: Primarina
|-damage|p1b: Primarina|0 fnt
|faint|p1b: Primarina
|move|p2a: Corviknight|Roost|p2a: Corviknight
|-heal|p2a: Corviknight|90/100
|-singleturn|p2a: Corviknight|move: Roost
|
|-weather|none
|upkeep
|turn|6
|c|☆PikaTROD|gg
|
|t:|1756907433
|move|p1a: Kingambit|Sucker Punch|p2b: Sneasler
|-resisted|p2b: Sneasler
|-damage|p2b: Sneasler|30/100
|move|p2b: Sneasler|Close Combat|p1a: Kingambit
|-supereffective|p1a: Kingambit
|-damage|p1a: Kingambit|0 fnt
|-unboost|p2b: Sneasler|def|1
|-unboost|p2b: Sneasler|spd|1
|faint|p1a: Kingambit
|
|win|Il Mule
|raw|PikaTROD's rating: 1513 → 1490(-23 for losing)
|raw|Il Mule's rating: 1453 → 1476(+23 for winning)
|l|☆Il Mule
|player|p2|
