|j|☆NOT GOOD HERE
|j|☆zh2
|html|NOT GOOD HEREzh2    
|uhtml|bestof|Game 2 of a best-of-3
|t:|1755229576
|gametype|doubles
|player|p1|NOT GOOD HERE|blue|1282
|player|p2|zh2|cyclist|1158
|gen|9
|tier|[Gen 9] VGC 2025 Reg H (Bo3)
|rated|
|rule|Species Clause: Limit one of each Pokémon
|rule|Item Clause: Limit 1 of each item
|clearpoke
|poke|p1|Gholdengo, L50|
|poke|p1|Sneasler, L50, M|
|poke|p1|Rillaboom, L50, F|
|poke|p1|Dragonite, L50, F|
|poke|p1|Ninetales-Alola, L50, M|
|poke|p1|Arcanine-Hisui, L50, M|
|poke|p2|Gyarados, L50, F|
|poke|p2|Ursaluna-Bloodmoon, L50, M|
|poke|p2|Grimmsnarl, L50, M|
|poke|p2|Whimsicott, L50, M|
|poke|p2|Annihilape, L50, F|
|poke|p2|Archaludon, L50, M|
|teampreview|4
|showteam|p1|Gholdengo||GrassySeed|GoodasGold|NastyPlot,MakeItRain,ShadowBall,Protect||||||50|,,,,,Water]Sneasler||WhiteHerb|Unburden|CloseCombat,DireClaw,Coaching,Protect|||M|||50|,,,,,Ghost]Rillaboom||AssaultVest|GrassySurge|FakeOut,GrassyGlide,DrumBeating,HighHorsepower|||F|||50|,,,,,Fire]Dragonite||LoadedDice|Multiscale|ScaleShot,StompingTantrum,Tailwind,Protect|||F|||50|,,,,,Ground]Ninetales-Alola||FocusSash|SnowWarning|Blizzard,IcyWind,Encore,AuroraVeil|||M|||50|,,,,,Ghost]Arcanine-Hisui||ClearAmulet|Intimidate|RockSlide,FlareBlitz,ExtremeSpeed,Protect|||M|||50|,,,,,Water
|showteam|p2|Gyarados||SitrusBerry|Intimidate|Waterfall,ThunderWave,Taunt,Protect|||F|||50|,,,,,Steel]Ursaluna-Bloodmoon||LifeOrb|MindsEye|BloodMoon,HyperVoice,EarthPower,Protect|||M|||50|,,,,,Normal]Grimmsnarl||LightClay|Prankster|SpiritBreak,LightScreen,Reflect,ThunderWave|||M|||50|,,,,,Ghost]Whimsicott||FocusSash|Prankster|Tailwind,Moonblast,BeatUp,Taunt|||M|||50|,,,,,Ghost]Annihilape||ChoiceScarf|Defiant|CloseCombat,RageFist,FinalGambit,RockSlide|||F|||50|,,,,,Grass]Archaludon||AssaultVest|Stamina|DracoMeteor,FlashCannon,BodyPress,Snarl|||M|||50|,,,,,Steel
|c|☆NOT GOOD HERE|nah no worries im just messing
|c|☆NOT GOOD HERE|sick team btw
|
|t:|1755229614
|teamsize|p1|4
|teamsize|p2|4
|start
|switch|p1a: Dragonite|Dragonite, L50, F, shiny|100/100
|switch|p1b: Ninetales|Ninetales-Alola, L50, M, shiny|100/100
|switch|p2a: Grimmsnarl|Grimmsnarl, L50, M|100/100
|switch|p2b: Archaludon|Archaludon, L50, M|100/100
|-weather|Snowscape|[from] ability: Snow Warning|[of] p1b: Ninetales
|turn|1
|
|t:|1755229639
|switch|p2b: Gyarados|Gyarados, L50, F|100/100
|-ability|p2b: Gyarados|Intimidate|boost
|-unboost|p1a: Dragonite|atk|1
|-unboost|p1b: Ninetales|atk|1
|-terastallize|p1a: Dragonite|Ground
|move|p2a: Grimmsnarl|Light Screen|p2a: Grimmsnarl
|-sidestart|p2: zh2|move: Light Screen
|move|p1b: Ninetales|Blizzard|p2a: Grimmsnarl|[spread] p2a,p2b
|-damage|p2a: Grimmsnarl|80/100
|-damage|p2b: Gyarados|82/100
|-status|p2b: Gyarados|frz
|move|p1a: Dragonite|Stomping Tantrum|p2b: Gyarados
|-immune|p2b: Gyarados
|
|-weather|Snowscape|[upkeep]
|upkeep
|turn|2
|c|☆zh2|not mine. friend got it from youtube
|
|t:|1755229661
|move|p2a: Grimmsnarl|Reflect|p2a: Grimmsnarl
|-sidestart|p2: zh2|Reflect
|move|p1b: Ninetales|Encore|p2a: Grimmsnarl
|-start|p2a: Grimmsnarl|Encore
|move|p1a: Dragonite|Scale Shot|p2b: Gyarados
|-damage|p2b: Gyarados|74/100 frz
|-damage|p2b: Gyarados|66/100 frz
|-damage|p2b: Gyarados|59/100 frz
|-damage|p2b: Gyarados|51/100 frz
|-hitcount|p2b: Gyarados|4
|-unboost|p1a: Dragonite|def|1
|-boost|p1a: Dragonite|spe|1
|-curestatus|p2b: Gyarados|frz|[msg]
|move|p2b: Gyarados|Waterfall|p1b: Ninetales
|-damage|p1b: Ninetales|52/100
|
|-weather|Snowscape|[upkeep]
|upkeep
|turn|3
|
|t:|1755229686
|switch|p2a: Archaludon|Archaludon, L50, M|100/100
|move|p1a: Dragonite|Scale Shot|p2b: Gyarados
|-damage|p2b: Gyarados|44/100
|-enditem|p2b: Gyarados|Sitrus Berry|[eat]
|-heal|p2b: Gyarados|69/100|[from] item: Sitrus Berry
|-damage|p2b: Gyarados|61/100
|-damage|p2b: Gyarados|53/100
|-damage|p2b: Gyarados|46/100
|-damage|p2b: Gyarados|38/100
|-hitcount|p2b: Gyarados|5
|-unboost|p1a: Dragonite|def|1
|-boost|p1a: Dragonite|spe|1
|move|p1b: Ninetales|Blizzard|p2b: Gyarados|[spread] p2a,p2b
|-damage|p2a: Archaludon|87/100
|-damage|p2b: Gyarados|18/100
|-ability|p2a: Archaludon|Stamina|boost
|-boost|p2a: Archaludon|def|1
|move|p2b: Gyarados|Waterfall|p1a: Dragonite
|-supereffective|p1a: Dragonite
|-damage|p1a: Dragonite|7/100
|
|-weather|Snowscape|[upkeep]
|upkeep
|turn|4
|
|t:|1755229724
|switch|p2b: Grimmsnarl|Grimmsnarl, L50, M|80/100
|-terastallize|p2a: Archaludon|Steel
|move|p1a: Dragonite|Stomping Tantrum|p2a: Archaludon
|-supereffective|p2a: Archaludon
|-damage|p2a: Archaludon|68/100
|-ability|p2a: Archaludon|Stamina|boost
|-boost|p2a: Archaludon|def|1
|move|p1b: Ninetales|Blizzard|p2b: Grimmsnarl|[spread] p2a,p2b
|-resisted|p2a: Archaludon
|-damage|p2a: Archaludon|60/100
|-damage|p2b: Grimmsnarl|57/100
|-ability|p2a: Archaludon|Stamina|boost
|-boost|p2a: Archaludon|def|1
|move|p2a: Archaludon|Flash Cannon|p1a: Dragonite
|-damage|p1a: Dragonite|0 fnt
|faint|p1a: Dragonite
|
|-weather|Snowscape|[upkeep]
|upkeep
|
|t:|1755229740
|switch|p1a: Gholdengo|Gholdengo, L50|100/100
|turn|5
|
|t:|1755229754
|switch|p2b: Annihilape|Annihilape, L50, F|100/100
|move|p1b: Ninetales|Aurora Veil|p1b: Ninetales
|-sidestart|p1: NOT GOOD HERE|move: Aurora Veil
|move|p1a: Gholdengo|Nasty Plot|p1a: Gholdengo
|-boost|p1a: Gholdengo|spa|2
|move|p2a: Archaludon|Snarl|p1b: Ninetales|[spread] p1a,p1b
|-supereffective|p1a: Gholdengo
|-resisted|p1b: Ninetales
|-damage|p1a: Gholdengo|82/100
|-damage|p1b: Ninetales|46/100
|-unboost|p1a: Gholdengo|spa|1
|-unboost|p1b: Ninetales|spa|1
|
|-weather|none
|upkeep
|turn|6
|
|t:|1755229777
|move|p1a: Gholdengo|Protect|p1a: Gholdengo
|-singleturn|p1a: Gholdengo|Protect
|move|p2b: Annihilape|Rage Fist|p1a: Gholdengo
|-activate|p1a: Gholdengo|move: Protect
|move|p1b: Ninetales|Icy Wind|p2b: Annihilape|[spread] p2a,p2b
|-resisted|p2a: Archaludon
|-damage|p2a: Archaludon|58/100
|-damage|p2b: Annihilape|94/100
|-unboost|p2a: Archaludon|spe|1
|-unboost|p2b: Annihilape|spe|1
|-ability|p2b: Annihilape|Defiant|boost
|-boost|p2b: Annihilape|atk|2
|-ability|p2a: Archaludon|Stamina|boost
|-boost|p2a: Archaludon|def|1
|move|p2a: Archaludon|Snarl|p1b: Ninetales|[spread] p1b
|-activate|p1a: Gholdengo|move: Protect
|-resisted|p1b: Ninetales
|-damage|p1b: Ninetales|41/100
|-unboost|p1b: Ninetales|spa|1
|
|upkeep
|turn|7
|
|t:|1755229800
|switch|p1b: Rillaboom|Rillaboom, L50, F|100/100
|-fieldstart|move: Grassy Terrain|[from] ability: Grassy Surge|[of] p1b: Rillaboom
|-enditem|p1a: Gholdengo|Grassy Seed
|-boost|p1a: Gholdengo|def|1|[from] item: Grassy Seed
|switch|p2b: Gyarados|Gyarados, L50, F|18/100
|-ability|p2b: Gyarados|Intimidate|boost
|-unboost|p1a: Gholdengo|atk|1
|-unboost|p1b: Rillaboom|atk|1
|move|p1a: Gholdengo|Shadow Ball|p2b: Gyarados
|-damage|p2b: Gyarados|0 fnt
|faint|p2b: Gyarados
|move|p2a: Archaludon|Snarl|p1a: Gholdengo|[spread] p1a,p1b
|-supereffective|p1a: Gholdengo
|-damage|p1a: Gholdengo|65/100
|-damage|p1b: Rillaboom|93/100
|-unboost|p1a: Gholdengo|spa|1
|-unboost|p1b: Rillaboom|spa|1
|
|-heal|p1b: Rillaboom|99/100|[from] Grassy Terrain
|-heal|p1a: Gholdengo|71/100|[from] Grassy Terrain
|-heal|p2a: Archaludon|64/100|[from] Grassy Terrain
|upkeep
|
|t:|1755229820
|switch|p2b: Annihilape|Annihilape, L50, F|94/100
|turn|8
|
|t:|1755229830
|move|p2b: Annihilape|Final Gambit|p1b: Rillaboom
|-damage|p1b: Rillaboom|0 fnt
|faint|p2b: Annihilape
|faint|p1b: Rillaboom
|move|p1a: Gholdengo|Shadow Ball|p2a: Archaludon
|-damage|p2a: Archaludon|46/100
|-ability|p2a: Archaludon|Stamina|boost
|-boost|p2a: Archaludon|def|1
|move|p2a: Archaludon|Snarl|p1a: Gholdengo
|-supereffective|p1a: Gholdengo
|-crit|p1a: Gholdengo
|-damage|p1a: Gholdengo|21/100
|-unboost|p1a: Gholdengo|spa|1
|
|-heal|p1a: Gholdengo|27/100|[from] Grassy Terrain
|-heal|p2a: Archaludon|52/100|[from] Grassy Terrain
|-sideend|p2: zh2|move: Light Screen
|upkeep
|
|t:|1755229842
|switch|p1b: Ninetales|Ninetales-Alola, L50, M, shiny|41/100
|switch|p2b: Grimmsnarl|Grimmsnarl, L50, M|57/100
|-weather|Snowscape|[from] ability: Snow Warning|[of] p1b: Ninetales
|turn|9
|
|t:|1755229853
|move|p2b: Grimmsnarl|Light Screen|p2b: Grimmsnarl
|-sidestart|p2: zh2|move: Light Screen
|move|p1b: Ninetales|Blizzard|p2b: Grimmsnarl|[spread] p2a,p2b
|-resisted|p2a: Archaludon
|-crit|p2a: Archaludon
|-damage|p2a: Archaludon|35/100
|-damage|p2b: Grimmsnarl|35/100
|-ability|p2a: Archaludon|Stamina|boost
|-boost|p2a: Archaludon|def|1
|move|p1a: Gholdengo|Make It Rain|p2b: Grimmsnarl|[spread] p2a,p2b
|-resisted|p2a: Archaludon
|-supereffective|p2b: Grimmsnarl
|-damage|p2a: Archaludon|29/100
|-damage|p2b: Grimmsnarl|0 fnt
|-unboost|p1a: Gholdengo|spa|1
|faint|p2b: Grimmsnarl
|move|p2a: Archaludon|Flash Cannon|p1b: Ninetales
|-supereffective|p1b: Ninetales
|-damage|p1b: Ninetales|0 fnt
|faint|p1b: Ninetales
|
|-weather|Snowscape|[upkeep]
|-heal|p1a: Gholdengo|33/100|[from] Grassy Terrain
|-heal|p2a: Archaludon|36/100|[from] Grassy Terrain
|-sideend|p2: zh2|Reflect
|-sideend|p1: NOT GOOD HERE|move: Aurora Veil
|upkeep
|turn|10
|
|t:|1755229871
|move|p1a: Gholdengo|Shadow Ball|p2a: Archaludon
|-damage|p2a: Archaludon|26/100
|move|p2a: Archaludon|Draco Meteor|p1a: Gholdengo
|-resisted|p1a: Gholdengo
|-damage|p1a: Gholdengo|0 fnt
|-unboost|p2a: Archaludon|spa|2
|faint|p1a: Gholdengo
|
|win|zh2
|raw|NOT GOOD HERE's rating: 1282 → 1248(-34 for losing)
|raw|zh2's rating: 1158 → 1192(+34 for winning)
|c|☆NOT GOOD HERE|ggs
|c|☆zh2|ggs
|c|☆zh2|sorry for hax
|c|☆NOT GOOD HERE|nah all good homie
|l|☆zh2
|player|p2|
