|j|☆Krispycloud
|j|☆Mythicallegand
|html|KrispycloudMythicallegand    
|uhtml|bestof|Game 1 of a best-of-3
|t:|1756729983
|gametype|doubles
|player|p1|Krispycloud|alder|1152
|player|p2|Mythicallegand|iris|1090
|gen|9
|tier|[Gen 9] VGC 2025 Reg H (Bo3)
|rated|
|rule|Species Clause: Limit one of each Pokémon
|rule|Item Clause: Limit 1 of each item
|clearpoke
|poke|p1|Amoonguss, L50, F|
|poke|p1|Sneasler, L50, M|
|poke|p1|Gholdengo, L50|
|poke|p1|Incineroar, L50, M|
|poke|p1|Ursaluna-Bloodmoon, L50, M|
|poke|p1|Dragonite, L50, F|
|poke|p2|Politoed, L50, F|
|poke|p2|Tyranitar, L50, F|
|poke|p2|Drednaw, L50, M|
|poke|p2|Garchomp, L50, F|
|poke|p2|Incineroar, L50, F|
|teampreview|4
|showteam|p1|Amoonguss||SitrusBerry|Regenerator|RagePowder,Spore,PollenPuff,Protect|||F|||50|,,,,,Psychic]Sneasler||FocusSash|Unburden|Protect,DireClaw,CloseCombat,ThroatChop|||M|||50|,,,,,Stellar]Gholdengo||LifeOrb|GoodasGold|Protect,MakeItRain,ShadowBall,NastyPlot||||||50|,,,,,Water]Incineroar||SafetyGoggles|Intimidate|KnockOff,PartingShot,FlareBlitz,FakeOut|||M|||50|,,,,,Ghost]Ursaluna-Bloodmoon||AssaultVest|MindsEye|BloodMoon,EarthPower,VacuumWave,HyperVoice|||M|||50|,,,,,Water]Dragonite||LoadedDice|Multiscale|ScaleShot,Tailwind,Haze,Protect|||F|||50|,,,,,Fairy
|showteam|p2|Politoed||ChoiceSpecs|Drizzle|WeatherBall,MuddyWater,IceBeam,Earthquake|||F|||50|,,,,,Grass]Tyranitar||AssaultVest|SandStream|RockSlide,KnockOff,TeraBlast,LowKick|||F|||50|,,,,,Flying]Drednaw||LifeOrb|SwiftSwim|RockSlide,Waterfall,Protect,JawLock|||M|||50|,,,,,Ghost]Garchomp||ClearAmulet|SandVeil|Earthquake,Protect,Outrage,StompingTantrum|||F|||50|,,,,,Ground]Incineroar||SafetyGoggles|Intimidate|PartingShot,FakeOut,KnockOff,WillOWisp|||F|||50|,,,,,Ghost
|
|t:|1756730031
|teamsize|p1|4
|teamsize|p2|4
|start
|switch|p1a: Gholdengo|Gholdengo, L50|100/100
|switch|p1b: Amoonguss|Amoonguss, L50, F|100/100
|switch|p2a: Politoed|Politoed, L50, F|100/100
|switch|p2b: Incineroar|Incineroar, L50, F|100/100
|-weather|RainDance|[from] ability: Drizzle|[of] p2a: Politoed
|-ability|p2b: Incineroar|Intimidate|boost
|-unboost|p1a: Gholdengo|atk|1
|-unboost|p1b: Amoonguss|atk|1
|turn|1
|inactive|Battle timer is ON: inactive players will automatically lose when time's up. (requested by Krispycloud)
|
|t:|1756730082
|switch|p2b: Drednaw|Drednaw, L50, M|100/100
|move|p1a: Gholdengo|Protect|p1a: Gholdengo
|-singleturn|p1a: Gholdengo|Protect
|move|p1b: Amoonguss|Protect|p1b: Amoonguss
|-singleturn|p1b: Amoonguss|Protect
|move|p2a: Politoed|Weather Ball|p1a: Gholdengo
|-activate|p1a: Gholdengo|move: Protect
|
|-weather|RainDance|[upkeep]
|upkeep
|turn|2
|inactive|Krispycloud has 30 seconds left.
|inactive|Mythicallegand has 30 seconds left.
|
|t:|1756730110
|switch|p2a: Incineroar|Incineroar, L50, F|100/100
|-ability|p2a: Incineroar|Intimidate|boost
|-unboost|p1a: Gholdengo|atk|1
|-unboost|p1b: Amoonguss|atk|1
|move|p1b: Amoonguss|Rage Powder|p1b: Amoonguss
|-singleturn|p1b: Amoonguss|move: Rage Powder
|move|p2b: Drednaw|Rock Slide|p1b: Amoonguss|[spread] p1b
|-miss|p2b: Drednaw|p1a: Gholdengo
|-damage|p1b: Amoonguss|70/100
|-damage|p2b: Drednaw|90/100|[from] item: Life Orb
|move|p1a: Gholdengo|Make It Rain|p2a: Incineroar|[spread] p2a,p2b
|-resisted|p2a: Incineroar
|-damage|p2a: Incineroar|75/100
|-damage|p2b: Drednaw|28/100
|-unboost|p1a: Gholdengo|spa|1
|-damage|p1a: Gholdengo|91/100|[from] item: Life Orb
|
|-weather|RainDance|[upkeep]
|upkeep
|turn|3
|inactive|Krispycloud has 30 seconds left.
|
|t:|1756730142
|move|p1a: Gholdengo|Protect|p1a: Gholdengo
|-singleturn|p1a: Gholdengo|Protect
|move|p2a: Incineroar|Fake Out|p1b: Amoonguss
|-damage|p1b: Amoonguss|61/100
|move|p2b: Drednaw|Jaw Lock|p1a: Gholdengo
|-activate|p1a: Gholdengo|move: Protect
|cant|p1b: Amoonguss|flinch
|
|-weather|RainDance|[upkeep]
|upkeep
|turn|4
|inactive|Mythicallegand has 30 seconds left.
|inactive|Krispycloud has 30 seconds left.
|inactive|Krispycloud has 20 seconds left.
|inactive|Krispycloud has 15 seconds left.
|
|t:|1756730188
|-terastallize|p1a: Gholdengo|Water
|move|p2b: Drednaw|Protect|p2b: Drednaw
|-singleturn|p2b: Drednaw|Protect
|move|p1b: Amoonguss|Rage Powder|p1b: Amoonguss
|-singleturn|p1b: Amoonguss|move: Rage Powder
|move|p1a: Gholdengo|Make It Rain|p2b: Drednaw|[spread] p2a
|-activate|p2b: Drednaw|move: Protect
|-resisted|p2a: Incineroar
|-damage|p2a: Incineroar|57/100
|-unboost|p1a: Gholdengo|spa|1
|-damage|p1a: Gholdengo|82/100|[from] item: Life Orb
|move|p2a: Incineroar|Parting Shot|p1a: Gholdengo
|-immune|p1a: Gholdengo|[from] ability: Good as Gold
|
|-weather|RainDance|[upkeep]
|upkeep
|turn|5
|inactive|Mythicallegand has 30 seconds left.
|
|t:|1756730214
|move|p1b: Amoonguss|Rage Powder|p1b: Amoonguss
|-singleturn|p1b: Amoonguss|move: Rage Powder
|move|p2b: Drednaw|Rock Slide|p1b: Amoonguss|[spread] p1a,p1b
|-damage|p1a: Gholdengo|44/100
|-damage|p1b: Amoonguss|30/100
|-enditem|p1b: Amoonguss|Sitrus Berry|[eat]
|-heal|p1b: Amoonguss|55/100|[from] item: Sitrus Berry
|-damage|p2b: Drednaw|18/100|[from] item: Life Orb
|cant|p1a: Gholdengo|flinch
|move|p2a: Incineroar|Knock Off|p1a: Gholdengo
|-damage|p1a: Gholdengo|5/100
|-enditem|p1a: Gholdengo|Life Orb|[from] move: Knock Off|[of] p2a: Incineroar
|
|-weather|none
|upkeep
|turn|6
|
|t:|1756730238
|switch|p1a: Incineroar|Incineroar, L50, M|100/100
|-ability|p1a: Incineroar|Intimidate|boost
|-unboost|p2a: Incineroar|atk|1
|-unboost|p2b: Drednaw|atk|1
|switch|p2a: Politoed|Politoed, L50, F|100/100
|-weather|RainDance|[from] ability: Drizzle|[of] p2a: Politoed
|move|p2b: Drednaw|Rock Slide|p1a: Incineroar|[spread] p1a,p1b
|-supereffective|p1a: Incineroar
|-damage|p1a: Incineroar|49/100
|-damage|p1b: Amoonguss|35/100
|-damage|p2b: Drednaw|8/100|[from] item: Life Orb
|move|p1b: Amoonguss|Spore|p2b: Drednaw
|-status|p2b: Drednaw|slp|[from] move: Spore
|
|-weather|RainDance|[upkeep]
|upkeep
|turn|7
|inactive|Krispycloud has 30 seconds left.
|
|t:|1756730266
|switch|p2b: Incineroar|Incineroar, L50, F|57/100
|-ability|p2b: Incineroar|Intimidate|boost
|-unboost|p1a: Incineroar|atk|1
|-unboost|p1b: Amoonguss|atk|1
|-terastallize|p2a: Politoed|Grass
|move|p1a: Incineroar|Fake Out|p2a: Politoed
|-damage|p2a: Politoed|91/100
|cant|p2a: Politoed|flinch
|move|p1b: Amoonguss|Pollen Puff|p1a: Incineroar
|-heal|p1a: Incineroar|99/100
|
|-weather|RainDance|[upkeep]
|upkeep
|turn|8
|inactive|Krispycloud has 30 seconds left.
|inactive|Mythicallegand has 30 seconds left.
|inactive|Krispycloud has 20 seconds left.
|
|t:|1756730304
|switch|p1b: Sneasler|Sneasler, L50, M|100/100
|move|p2a: Politoed|Weather Ball|p1a: Incineroar
|-supereffective|p1a: Incineroar
|-damage|p1a: Incineroar|0 fnt
|faint|p1a: Incineroar
|move|p2b: Incineroar|Parting Shot|p1b: Sneasler
|-unboost|p1b: Sneasler|atk|1
|-unboost|p1b: Sneasler|spa|1
|
|t:|1756730315
|switch|p2b: Garchomp|Garchomp, L50, F|100/100|[from] Parting Shot
|
|-weather|RainDance|[upkeep]
|upkeep
|
|t:|1756730331
|switch|p1a: Amoonguss|Amoonguss, L50, F|68/100
|turn|9
|
|t:|1756730346
|switch|p2a: Incineroar|Incineroar, L50, F|57/100
|-ability|p2a: Incineroar|Intimidate|boost
|-unboost|p1a: Amoonguss|atk|1
|-unboost|p1b: Sneasler|atk|1
|move|p1b: Sneasler|Protect|p1b: Sneasler
|-singleturn|p1b: Sneasler|Protect
|move|p2b: Garchomp|Protect|p2b: Garchomp
|-singleturn|p2b: Garchomp|Protect
|move|p1a: Amoonguss|Spore|p2b: Garchomp
|-activate|p2b: Garchomp|move: Protect
|
|-weather|RainDance|[upkeep]
|upkeep
|turn|10
|inactive|Krispycloud has 30 seconds left.
|inactive|Mythicallegand has 30 seconds left.
|inactive|Mythicallegand has 20 seconds left.
|inactive|Mythicallegand has 15 seconds left.
|
|t:|1756730391
|move|p2a: Incineroar|Fake Out|p1b: Sneasler
|-damage|p1b: Sneasler|81/100
|cant|p1b: Sneasler|flinch
|move|p2b: Garchomp|Stomping Tantrum|p1b: Sneasler
|-supereffective|p1b: Sneasler
|-damage|p1b: Sneasler|0 fnt
|faint|p1b: Sneasler
|move|p1a: Amoonguss|Spore|p2b: Garchomp
|-status|p2b: Garchomp|slp|[from] move: Spore
|
|-weather|none
|upkeep
|
|t:|1756730398
|switch|p1b: Gholdengo|Gholdengo, L50, tera:Water|5/100
|turn|11
|
|t:|1756730416
|cant|p2b: Garchomp|slp
|move|p1b: Gholdengo|Nasty Plot|p1b: Gholdengo
|-boost|p1b: Gholdengo|spa|2
|move|p2a: Incineroar|Knock Off|p1b: Gholdengo
|-damage|p1b: Gholdengo|0 fnt
|faint|p1b: Gholdengo
|move|p1a: Amoonguss|Pollen Puff|p1: Gholdengo|[notarget]
|-fail|p1a: Amoonguss
|
|upkeep
|turn|12
|-message|Krispycloud forfeited.
|
|win|Mythicallegand
||Mythicallegand is ready for game 2.
|inactive|Krispycloud has 30 seconds to confirm battle start!
||Krispycloud is ready for game 2.
|uhtml|next|Next: Game 2 of 3
