|j|☆gluttorn
|j|☆ThePrinceofNT
|html|gluttornThePrinceofNT    
|uhtml|bestof|Game 1 of a best-of-3
|t:|1783135475
|gametype|doubles
|player|p1|gluttorn|cynthia-gen4|1113
|player|p2|ThePrinceofNT|2|1272
|gen|9
|tier|[Gen 9 Champions] VGC 2026 Reg M-B (Bo3)
|rated|
|rule|Species Clause: Limit one of each Pokémon
|rule|Item Clause: Limit 1 of each item
|clearpoke
|poke|p1|Scrafty, L50, F|
|poke|p1|Torkoal, L50, M|
|poke|p1|Farigiraf, L50, M|
|poke|p1|Hatterene, L50, F|
|poke|p1|Vileplume, L50, M|
|poke|p1|Lucario, L50, M|
|poke|p2|Pyroar, L50, F, shiny|
|poke|p2|Hydreigon, L50, F, shiny|
|poke|p2|Farigiraf, L50, F, shiny|
|poke|p2|Torkoal, L50, F, shiny|
|poke|p2|Sneasler, L50, F, shiny|
|poke|p2|Mawile, L50, F, shiny|
|teampreview|4
|showteam|p1|Scrafty||Scraftinite|Intimidate|FakeOut,KnockOff,DrainPunch,RockSlide|Brave||F|||50|]Torkoal||Charcoal|Drought|EarthPower,HeatWave,Eruption,Protect|Quiet||M|||50|]Farigiraf||MentalHerb|ArmorTail|Protect,HelpingHand,TrickRoom,Psychic|Calm||M|||50|]Hatterene||LifeOrb|MagicBounce|DazzlingGleam,Psychic,TrickRoom,Protect|Modest||F|||50|]Vileplume||FocusSash|Chlorophyll|AfterYou,Protect,EnergyBall,SludgeBomb|Timid||M|||50|]Lucario||Lucarionite|InnerFocus|ThunderPunch,BulletPunch,CloseCombat,Protect|Adamant||M|||50|
|showteam|p2|Pyroar||Pyroarite|Rivalry|HeatWave,Overheat,SolarBeam,Protect|Timid||F|||50|]Hydreigon||ChoiceScarf|Levitate|DracoMeteor,Snarl,DarkPulse,SunnyDay|Modest||F|||50|]Farigiraf||SitrusBerry|ArmorTail|HelpingHand,TrickRoom,TwinBeam,Thunderbolt|Bold||F|||50|]Torkoal||Charcoal|Drought|HeatWave,HelpingHand,Protect,Eruption|Quiet||F|||50|]Sneasler||WhiteHerb|Unburden|CloseCombat,GunkShot,Protect,FakeOut|Adamant||F|||50|]Mawile||Mawilite|Intimidate|SwordsDance,PlayRough,SuckerPunch,Protect|Brave||F|||50|
|
|t:|1783135503
|teamsize|p1|4
|teamsize|p2|4
|start
|switch|p1a: Scrafty|Scrafty, L50, F|100/100
|switch|p1b: Farigiraf|Farigiraf, L50, M|100/100
|switch|p2a: Pyroar|Pyroar, L50, F, shiny|100/100
|switch|p2b: Torkoal|Torkoal, L50, F, shiny|100/100
|-ability|p1a: Scrafty|Intimidate|boost
|-unboost|p2a: Pyroar|atk|1
|-unboost|p2b: Torkoal|atk|1
|-weather|SunnyDay|[from] ability: Drought|[of] p2b: Torkoal
|turn|1
|
|t:|1783135532
|switch|p2b: Farigiraf|Farigiraf, L50, F, shiny|100/100
|detailschange|p2a: Pyroar|Pyroar-Mega, L50, F, shiny
|-mega|p2a: Pyroar|Pyroar|Pyroarite
|detailschange|p1a: Scrafty|Scrafty-Mega, L50, F
|-mega|p1a: Scrafty|Scrafty|Scraftinite
|-ability|p1a: Scrafty|Intimidate|boost
|-unboost|p2a: Pyroar|atk|1
|-unboost|p2b: Farigiraf|atk|1
|move|p1b: Farigiraf|Helping Hand|p1a: Scrafty
|-singleturn|p1a: Scrafty|Helping Hand|[of] p1b: Farigiraf
|move|p2a: Pyroar|Heat Wave|p1b: Farigiraf|[spread] p1a,p1b
|-damage|p1a: Scrafty|28/100
|-damage|p1b: Farigiraf|35/100
|move|p1a: Scrafty|Drain Punch|p2a: Pyroar
|-supereffective|p2a: Pyroar|1
|-damage|p2a: Pyroar|0 fnt
|-heal|p1a: Scrafty|77/100|[from] drain|[of] p2a: Pyroar
|faint|p2a: Pyroar
|
|-weather|SunnyDay|[upkeep]
|upkeep
|
|t:|1783135557
|switch|p2a: Torkoal|Torkoal, L50, F, shiny|100/100
|turn|2
|
|t:|1783135567
|move|p1b: Farigiraf|Helping Hand|p1a: Scrafty
|-singleturn|p1a: Scrafty|Helping Hand|[of] p1b: Farigiraf
|move|p1a: Scrafty|Knock Off|p2b: Farigiraf
|-supereffective|p2b: Farigiraf|1
|-damage|p2b: Farigiraf|0 fnt
|-enditem|p2b: Farigiraf|Sitrus Berry|[from] move: Knock Off|[of] p1a: Scrafty
|faint|p2b: Farigiraf
|move|p2a: Torkoal|Heat Wave|p1b: Farigiraf|[spread] p1a,p1b
|-damage|p1a: Scrafty|36/100
|-damage|p1b: Farigiraf|0 fnt
|faint|p1b: Farigiraf
|
|-weather|SunnyDay|[upkeep]
|upkeep
|inactive|Battle timer is ON: inactive players will automatically lose when time's up. (requested by ThePrinceofNT)
|
|t:|1783135581
|switch|p1b: Hatterene|Hatterene, L50, F|100/100
|switch|p2b: Sneasler|Sneasler, L50, F, shiny|100/100
|turn|3
|
|t:|1783135591
|switch|p1a: Torkoal|Torkoal, L50, M|100/100
|move|p2b: Sneasler|Gunk Shot|p1b: Hatterene
|-supereffective|p1b: Hatterene|1
|-damage|p1b: Hatterene|0 fnt
|faint|p1b: Hatterene
|move|p2a: Torkoal|Heat Wave|p1a: Torkoal
|-resisted|p1a: Torkoal|1
|-damage|p1a: Torkoal|50/100g
|
|-weather|SunnyDay|[upkeep]
|upkeep
|
|t:|1783135603
|switch|p1b: Scrafty|Scrafty-Mega, L50, F|36/100
|-ability|p1b: Scrafty|Intimidate|boost
|-unboost|p2a: Torkoal|atk|1
|-unboost|p2b: Sneasler|atk|1
|-enditem|p2b: Sneasler|White Herb
|-clearnegativeboost|p2b: Sneasler|[silent]
|turn|4
|
|t:|1783135619
|move|p2b: Sneasler|Protect|p2b: Sneasler
|-singleturn|p2b: Sneasler|Protect
|move|p1b: Scrafty|Fake Out|p2b: Sneasler
|-activate|p2b: Sneasler|move: Protect
|move|p1a: Torkoal|Earth Power|p2a: Torkoal
|-supereffective|p2a: Torkoal|1
|-damage|p2a: Torkoal|29/100
|move|p2a: Torkoal|Heat Wave|p1b: Scrafty|[spread] p1a,p1b
|-resisted|p1a: Torkoal|1
|-damage|p1a: Torkoal|14/100
|-damage|p1b: Scrafty|0 fnt
|faint|p1b: Scrafty
|
|-weather|SunnyDay|[upkeep]
|upkeep
|turn|5
|
|t:|1783135639
|move|p2a: Torkoal|Helping Hand|p2b: Sneasler
|-singleturn|p2b: Sneasler|Helping Hand|[of] p2a: Torkoal
|move|p2b: Sneasler|Close Combat|p1a: Torkoal
|-damage|p1a: Torkoal|0 fnt
|-unboost|p2b: Sneasler|def|1
|-unboost|p2b: Sneasler|spd|1
|faint|p1a: Torkoal
|
|win|ThePrinceofNT
||ThePrinceofNT is ready for game 2.
