|j|☆noobatvgcsadge
|j|☆malo maalez
|html|noobatvgcsadgemalo maalez    
|uhtml|bestof|Game 1 of a best-of-3
|t:|1756675287
|gametype|doubles
|player|p1|noobatvgcsadge|170|1040
|player|p2|malo maalez|steven|1032
|gen|9
|tier|[Gen 9] VGC 2025 Reg H (Bo3)
|rated|
|rule|Species Clause: Limit one of each Pokémon
|rule|Item Clause: Limit 1 of each item
|clearpoke
|poke|p1|Annihilape, L50, M|
|poke|p1|Primarina, L50, F|
|poke|p1|Farigiraf, L50, M|
|poke|p1|Dragonite, L50, F|
|poke|p1|Torkoal, L50, M|
|poke|p1|Dragapult, L50, M|
|poke|p2|Sneasler, L50, M|
|poke|p2|Kingambit, L50, M|
|poke|p2|Dragonite, L50, F|
|poke|p2|Rillaboom, L50, M|
|poke|p2|Volcarona, L50, F|
|poke|p2|Electabuzz, L50, F|
|teampreview|4
|showteam|p1|Annihilape||ChoiceScarf|Defiant|FinalGambit,RageFist,CloseCombat,PoisonJab|||M|||50|,,,,,Fairy]Primarina||SitrusBerry|LiquidVoice|HyperVoice,Moonblast,CalmMind,Protect|||F|||50|,,,,,Steel]Farigiraf||MentalHerb|ArmorTail|TrickRoom,HelpingHand,HyperVoice,FoulPlay|||M|||50|,,,,,Water]Dragonite||AssaultVest|InnerFocus|ExtremeSpeed,IceSpinner,BreakingSwipe,StompingTantrum|||F|||50|,,,,,Normal]Torkoal||ChoiceSpecs|Drought|Eruption,HeatWave,Yawn,ScorchingSands|||M|||50|,,,,,Fire]Dragapult||LifeOrb|ClearBody|DragonDarts,Hex,Protect,WillOWisp|||M|||50|,,,,,Fairy
|showteam|p2|Sneasler||FocusSash|PoisonTouch|FakeOut,Coaching,CloseCombat,DireClaw|||M|||50|,,,,,Ghost]Kingambit||BlackGlasses|Defiant|KowtowCleave,SuckerPunch,SwordsDance,Protect|||M|||50|,,,,,Dark]Dragonite||LoadedDice|Multiscale|Protect,Haze,ScaleShot,ExtremeSpeed|||F|||50|,,,,,Fairy]Rillaboom||AssaultVest|GrassySurge|FakeOut,GrassyGlide,WoodHammer,HighHorsepower|||M|||50|,,,,,Fire]Volcarona||Leftovers|FlameBody|QuiverDance,Protect,TeraBlast,HeatWave|||F|||50|,,,,,Fairy]Electabuzz||Eviolite|VitalSpirit|Electroweb,FollowMe,Taunt,Protect|||F|||50|,,,,,Ghost
|inactive|Battle timer is ON: inactive players will automatically lose when time's up. (requested by noobatvgcsadge)
|inactive|noobatvgcsadge has 60 seconds left.
|inactive|malo maalez has 60 seconds left.
|inactive|malo maalez has 30 seconds left.
|inactive|malo maalez has 20 seconds left.
|
|t:|1756675361
|teamsize|p1|4
|teamsize|p2|4
|start
|switch|p1a: Annihilape|Annihilape, L50, M|100/100
|switch|p1b: Farigiraf|Farigiraf, L50, M|100/100
|switch|p2a: A Su Lugar|Electabuzz, L50, F, shiny|100/100
|switch|p2b: She's At|Dragonite, L50, F|100/100
|turn|1
|inactive|noobatvgcsadge has 30 seconds left.
|
|t:|1756675386
|move|p2a: A Su Lugar|Follow Me|p2a: A Su Lugar
|-singleturn|p2a: A Su Lugar|move: Follow Me
|move|p1a: Annihilape|Final Gambit|p2a: A Su Lugar
|-damage|p2a: A Su Lugar|0 fnt
|faint|p1a: Annihilape
|faint|p2a: A Su Lugar
|move|p2b: She's At|Scale Shot|p1b: Farigiraf|[miss]
|-miss|p2b: She's At|p1b: Farigiraf
|move|p1b: Farigiraf|Trick Room|p1b: Farigiraf
|-fieldstart|move: Trick Room|[of] p1b: Farigiraf
|
|upkeep
|inactive|noobatvgcsadge has 30 seconds left.
|inactive|noobatvgcsadge has 20 seconds left.
|
|t:|1756675421
|switch|p2a: ImitadoraVoy|Volcarona, L50, F|100/100
|switch|p1a: Dragonite|Dragonite, L50, F|100/100
|turn|2
|inactive|noobatvgcsadge has 30 seconds left.
|inactive|noobatvgcsadge has 20 seconds left.
|inactive|noobatvgcsadge has 15 seconds left.
|inactive|noobatvgcsadge has 10 seconds left.
|
|t:|1756675467
|-terastallize|p1a: Dragonite|Normal
|move|p2b: She's At|Protect|p2b: She's At
|-singleturn|p2b: She's At|Protect
|move|p1b: Farigiraf|Hyper Voice|p2b: She's At|[spread] p2a
|-activate|p2b: She's At|move: Protect
|-damage|p2a: ImitadoraVoy|78/100
|move|p1a: Dragonite|Breaking Swipe|p2a: ImitadoraVoy|[spread] p2a
|-activate|p2b: She's At|move: Protect
|-damage|p2a: ImitadoraVoy|43/100
|-unboost|p2a: ImitadoraVoy|atk|1
|-status|p1a: Dragonite|brn|[from] ability: Flame Body|[of] p2a: ImitadoraVoy
|move|p2a: ImitadoraVoy|Quiver Dance|p2a: ImitadoraVoy
|-boost|p2a: ImitadoraVoy|spa|1
|-boost|p2a: ImitadoraVoy|spd|1
|-boost|p2a: ImitadoraVoy|spe|1
|
|-heal|p2a: ImitadoraVoy|49/100|[from] item: Leftovers
|-damage|p1a: Dragonite|94/100 brn|[from] brn
|upkeep
|turn|3
|inactive|noobatvgcsadge has 30 seconds left.
|inactive|malo maalez has 30 seconds left.
|inactive|noobatvgcsadge has 20 seconds left.
|inactive|noobatvgcsadge has 15 seconds left.
|inactive|noobatvgcsadge has 10 seconds left.
|
|t:|1756675513
|-terastallize|p2b: She's At|Fairy
|move|p2a: ImitadoraVoy|Protect|p2a: ImitadoraVoy
|-singleturn|p2a: ImitadoraVoy|Protect
|move|p1b: Farigiraf|Foul Play|p2a: ImitadoraVoy
|-activate|p2a: ImitadoraVoy|move: Protect
|move|p1a: Dragonite|Ice Spinner|p2b: She's At
|-damage|p2b: She's At|92/100
|move|p2b: She's At|Scale Shot|p1a: Dragonite
|-damage|p1a: Dragonite|82/100 brn
|-damage|p1a: Dragonite|70/100 brn
|-damage|p1a: Dragonite|57/100 brn
|-damage|p1a: Dragonite|46/100 brn
|-hitcount|p1a: Dragonite|4
|-unboost|p2b: She's At|def|1
|-boost|p2b: She's At|spe|1
|
|-heal|p2a: ImitadoraVoy|56/100|[from] item: Leftovers
|-damage|p1a: Dragonite|40/100 brn|[from] brn
|upkeep
|turn|4
|inactive|malo maalez has 30 seconds left.
|
|t:|1756675538
|move|p1a: Dragonite|Extreme Speed|p2a: ImitadoraVoy
|-damage|p2a: ImitadoraVoy|29/100
|move|p1b: Farigiraf|Hyper Voice|p2a: ImitadoraVoy|[spread] p2a,p2b
|-damage|p2a: ImitadoraVoy|12/100
|-damage|p2b: She's At|65/100
|move|p2a: ImitadoraVoy|Heat Wave|p1a: Dragonite|[spread] p1a,p1b
|-damage|p1a: Dragonite|6/100 brn
|-damage|p1b: Farigiraf|60/100
|move|p2b: She's At|Scale Shot|p1b: Farigiraf
|-damage|p1b: Farigiraf|46/100
|-damage|p1b: Farigiraf|32/100
|-damage|p1b: Farigiraf|18/100
|-damage|p1b: Farigiraf|3/100
|-hitcount|p1b: Farigiraf|4
|-unboost|p2b: She's At|def|1
|-boost|p2b: She's At|spe|1
|
|-heal|p2a: ImitadoraVoy|19/100|[from] item: Leftovers
|-damage|p1a: Dragonite|0 fnt|[from] brn
|faint|p1a: Dragonite
|upkeep
|
|t:|1756675548
|switch|p1a: Torkoal|Torkoal, L50, M|100/100
|-weather|SunnyDay|[from] ability: Drought|[of] p1a: Torkoal
|turn|5
|inactive|noobatvgcsadge has 30 seconds left.
|
|t:|1756675574
|move|p1b: Farigiraf|Helping Hand|p1a: Torkoal
|-singleturn|p1a: Torkoal|Helping Hand|[of] p1b: Farigiraf
|move|p2a: ImitadoraVoy|Protect|p2a: ImitadoraVoy
|-singleturn|p2a: ImitadoraVoy|Protect
|move|p2b: She's At|Protect|p2b: She's At
|-singleturn|p2b: She's At|Protect
|move|p1a: Torkoal|Eruption|p2b: She's At|[spread] 
|-activate|p2a: ImitadoraVoy|move: Protect
|-activate|p2b: She's At|move: Protect
|
|-weather|SunnyDay|[upkeep]
|-heal|p2a: ImitadoraVoy|25/100|[from] item: Leftovers
|-fieldend|move: Trick Room
|upkeep
|turn|6
|
|t:|1756675584
|move|p2b: She's At|Scale Shot|p1a: Torkoal
|-damage|p1a: Torkoal|90/100
|-damage|p1a: Torkoal|81/100
|-damage|p1a: Torkoal|71/100
|-damage|p1a: Torkoal|62/100
|-hitcount|p1a: Torkoal|4
|-unboost|p2b: She's At|def|1
|-boost|p2b: She's At|spe|1
|move|p2a: ImitadoraVoy|Heat Wave|p1a: Torkoal|[spread] p1b
|-miss|p2a: ImitadoraVoy|p1a: Torkoal
|-damage|p1b: Farigiraf|0 fnt
|faint|p1b: Farigiraf
|move|p1a: Torkoal|Eruption|p2a: ImitadoraVoy|[spread] p2a,p2b
|-crit|p2b: She's At
|-damage|p2a: ImitadoraVoy|0 fnt
|-damage|p2b: She's At|0 fnt
|faint|p2a: ImitadoraVoy
|faint|p2b: She's At
|
|-weather|SunnyDay|[upkeep]
|upkeep
|
|t:|1756675596
|switch|p2b: Where|Kingambit, L50, M|100/100
|turn|7
|-message|noobatvgcsadge forfeited.
|
|win|malo maalez
