|j|☆dyd666
|j|☆irluke
|html|dyd666irluke    
|uhtml|bestof|Game 2 of a best-of-3
|t:|1756158531
|gametype|doubles
|player|p1|dyd666|265|1168
|player|p2|irluke|n|1235
|gen|9
|tier|[Gen 9] VGC 2025 Reg H (Bo3)
|rated|
|rule|Species Clause: Limit one of each Pokémon
|rule|Item Clause: Limit 1 of each item
|clearpoke
|poke|p1|Archaludon, L50, F|
|poke|p1|Pelipper, L50, F|
|poke|p1|Blastoise, L50, M|
|poke|p1|Maushold, L50|
|poke|p1|Sneasler, L50, M|
|poke|p1|Indeedee-F, L50, F|
|poke|p2|Clefable, L50, M|
|poke|p2|Baxcalibur, L50, F|
|poke|p2|Sneasler, L50, F|
|poke|p2|Incineroar, L50, M|
|poke|p2|Gholdengo, L50|
|poke|p2|Pelipper, L50, F|
|teampreview|4
|showteam|p1|Archaludon||AssaultVest|Stamina|FlashCannon,ElectroShot,DracoMeteor,BodyPress|||F|||50|,,,,,Ghost]Pelipper||ChoiceScarf|Drizzle|Hurricane,WeatherBall,Tailwind,Uturn|||F|||50|,,,,,Ghost]Blastoise||SplashPlate|Torrent|WaterSpout,HydroPump,ShellSmash,Protect|||M|||50|,,,,,Water]Maushold||WideLens|Technician|PopulationBomb,Taunt,Bite,Protect||||||50|,,,,,Ghost]Sneasler||PsychicSeed|Unburden|DireClaw,CloseCombat,Acrobatics,Protect|||M|||50|,,,,,Flying]Indeedee-F||SitrusBerry|PsychicSurge|Psychic,TrickRoom,HelpingHand,FollowMe|||F|||50|,,,,,Fairy
|showteam|p2|Clefable||SafetyGoggles|Unaware|FollowMe,Moonblast,LifeDew,Protect|||M|||50|,,,,,Water]Baxcalibur||LoadedDice|ThermalExchange|IcicleSpear,ScaleShot,HighHorsepower,Protect|||F|||50|,,,,,Poison]Sneasler||FocusSash|Unburden|Coaching,CloseCombat,DireClaw,Protect|||F|||50|,,,,,Stellar]Incineroar||AssaultVest|Intimidate|FakeOut,KnockOff,FlareBlitz,Uturn|||M|||50|,,,,,Ghost]Gholdengo||MetalCoat|GoodasGold|MakeItRain,ShadowBall,Protect,NastyPlot||||||50|,,,,,Water]Pelipper||CovertCloak|Drizzle|WeatherBall,Hurricane,WideGuard,Protect|||F|||50|,,,,,Grass
|inactive|Battle timer is ON: inactive players will automatically lose when time's up. (requested by irluke)
|
|t:|1756158555
|teamsize|p1|4
|teamsize|p2|4
|start
|switch|p1a: Pelipper|Pelipper, L50, F|100/100
|switch|p1b: Blastoise|Blastoise, L50, M|100/100
|switch|p2a: OH YEAH|Gholdengo, L50|100/100
|switch|p2b: 99% Quit|Sneasler, L50, F|100/100
|-weather|RainDance|[from] ability: Drizzle|[of] p1a: Pelipper
|turn|1
|
|t:|1756158573
|move|p1a: Pelipper|Tailwind|p1a: Pelipper
|-sidestart|p1: dyd666|move: Tailwind
|move|p1b: Blastoise|Water Spout|p2a: OH YEAH|[spread] p2a,p2b
|-damage|p2a: OH YEAH|25/100
|-enditem|p2b: 99% Quit|Focus Sash
|-damage|p2b: 99% Quit|1/100
|move|p2b: 99% Quit|Dire Claw|p1b: Blastoise
|-damage|p1b: Blastoise|62/100
|move|p2a: OH YEAH|Nasty Plot|p2a: OH YEAH
|-boost|p2a: OH YEAH|spa|2
|
|-weather|RainDance|[upkeep]
|upkeep
|turn|2
|inactive|irluke has 30 seconds left.
|
|t:|1756158600
|switch|p1a: Archaludon|Archaludon, L50, F|100/100
|-terastallize|p2a: OH YEAH|Water
|move|p2b: 99% Quit|Close Combat|p1b: Blastoise
|-damage|p1b: Blastoise|0 fnt
|-unboost|p2b: 99% Quit|def|1
|-unboost|p2b: 99% Quit|spd|1
|faint|p1b: Blastoise
|move|p2a: OH YEAH|Make It Rain|p1a: Archaludon
|-resisted|p1a: Archaludon
|-damage|p1a: Archaludon|42/100
|-unboost|p2a: OH YEAH|spa|1
|-ability|p1a: Archaludon|Stamina|boost
|-boost|p1a: Archaludon|def|1
|
|-weather|RainDance|[upkeep]
|upkeep
|
|t:|1756158618
|switch|p1b: Pelipper|Pelipper, L50, F|100/100
|turn|3
|
|t:|1756158648
|move|p2b: 99% Quit|Protect|p2b: 99% Quit
|-singleturn|p2b: 99% Quit|Protect
|move|p1b: Pelipper|Weather Ball|p2b: 99% Quit
|-activate|p2b: 99% Quit|move: Protect
|move|p1a: Archaludon|Electro Shot||[still]
|-prepare|p1a: Archaludon|Electro Shot
|-boost|p1a: Archaludon|spa|1
|-anim|p1a: Archaludon|Electro Shot|p2a: OH YEAH
|-supereffective|p2a: OH YEAH
|-damage|p2a: OH YEAH|0 fnt
|faint|p2a: OH YEAH
|
|-weather|RainDance|[upkeep]
|upkeep
|
|t:|1756158660
|switch|p2a: I hate it|Incineroar, L50, M, shiny|100/100
|-ability|p2a: I hate it|Intimidate|boost
|-unboost|p1a: Archaludon|atk|1
|-unboost|p1b: Pelipper|atk|1
|turn|4
|
|t:|1756158675
|-terastallize|p1b: Pelipper|Ghost
|move|p2a: I hate it|Fake Out|p1a: Archaludon
|-resisted|p1a: Archaludon
|-damage|p1a: Archaludon|38/100
|-ability|p1a: Archaludon|Stamina|boost
|-boost|p1a: Archaludon|def|1
|move|p1b: Pelipper|Weather Ball|p2b: 99% Quit
|-damage|p2b: 99% Quit|0 fnt
|faint|p2b: 99% Quit
|cant|p1a: Archaludon|flinch
|
|-weather|RainDance|[upkeep]
|-sideend|p1: dyd666|move: Tailwind
|upkeep
|
|t:|1756158683
|switch|p2b: Look. At. Me.|Clefable, L50, M|100/100
|turn|5
|
|t:|1756158700
|switch|p1b: Maushold|Maushold, L50|100/100
|move|p2b: Look. At. Me.|Follow Me|p2b: Look. At. Me.
|-singleturn|p2b: Look. At. Me.|move: Follow Me
|move|p1a: Archaludon|Electro Shot||[still]
|-prepare|p1a: Archaludon|Electro Shot
|-boost|p1a: Archaludon|spa|1
|-anim|p1a: Archaludon|Electro Shot|p2b: Look. At. Me.
|-damage|p2b: Look. At. Me.|70/100
|move|p2a: I hate it|Knock Off|p1b: Maushold
|-damage|p1b: Maushold|32/100
|-enditem|p1b: Maushold|Wide Lens|[from] move: Knock Off|[of] p2a: I hate it
|
|-weather|none
|upkeep
|turn|6
|inactive|dyd666 has 30 seconds left.
|inactive|irluke has 30 seconds left.
|inactive|irluke has 20 seconds left.
|
|t:|1756158736
|move|p1b: Maushold|Population Bomb|p1a: Archaludon
|-resisted|p1a: Archaludon
|-damage|p1a: Archaludon|36/100
|-ability|p1a: Archaludon|Stamina|boost
|-boost|p1a: Archaludon|def|1
|-resisted|p1a: Archaludon
|-damage|p1a: Archaludon|35/100
|-ability|p1a: Archaludon|Stamina|boost
|-boost|p1a: Archaludon|def|1
|-resisted|p1a: Archaludon
|-damage|p1a: Archaludon|33/100
|-ability|p1a: Archaludon|Stamina|boost
|-boost|p1a: Archaludon|def|1
|-resisted|p1a: Archaludon
|-damage|p1a: Archaludon|32/100
|-ability|p1a: Archaludon|Stamina|boost
|-boost|p1a: Archaludon|def|1
|-resisted|p1a: Archaludon
|-damage|p1a: Archaludon|31/100
|-resisted|p1a: Archaludon
|-damage|p1a: Archaludon|29/100
|-resisted|p1a: Archaludon
|-damage|p1a: Archaludon|28/100
|-resisted|p1a: Archaludon
|-damage|p1a: Archaludon|27/100
|-resisted|p1a: Archaludon
|-damage|p1a: Archaludon|26/100
|-resisted|p1a: Archaludon
|-damage|p1a: Archaludon|25/100
|-hitcount|p1a: Archaludon|10
|move|p1a: Archaludon|Flash Cannon|p2b: Look. At. Me.
|-supereffective|p2b: Look. At. Me.
|-damage|p2b: Look. At. Me.|4/100
|move|p2a: I hate it|Knock Off|p1b: Maushold
|-damage|p1b: Maushold|0 fnt
|faint|p1b: Maushold
|move|p2b: Look. At. Me.|Moonblast|p1a: Archaludon
|-damage|p1a: Archaludon|0 fnt
|faint|p1a: Archaludon
|
|upkeep
|inactive|dyd666 has 30 seconds left.
|
|t:|1756158769
|switch|p1b: Pelipper|Pelipper, L50, F, tera:Ghost|100/100
|-weather|RainDance|[from] ability: Drizzle|[of] p1b: Pelipper
|turn|7
|inactive|irluke has 30 seconds left.
|
|t:|1756158796
|move|p2b: Look. At. Me.|Follow Me|p2b: Look. At. Me.
|-singleturn|p2b: Look. At. Me.|move: Follow Me
|move|p1b: Pelipper|Weather Ball|p2b: Look. At. Me.
|-damage|p2b: Look. At. Me.|0 fnt
|faint|p2b: Look. At. Me.
|move|p2a: I hate it|Knock Off|p1b: Pelipper
|-supereffective|p1b: Pelipper
|-crit|p1b: Pelipper
|-damage|p1b: Pelipper|0 fnt
|-enditem|p1b: Pelipper|Choice Scarf|[from] move: Knock Off|[of] p2a: I hate it
|faint|p1b: Pelipper
|
|win|irluke
||irluke is ready for game 3.
|inactive|dyd666 has 30 seconds to confirm battle start!
|inactive|dyd666 has 20 seconds to confirm battle start!
|inactive|dyd666 has 10 seconds to confirm battle start!
|uhtml|next|Next: Game 3 of 3
