|j|☆Pledgen
|j|☆regalac3
|html|Pledgenregalac3    
|uhtml|bestof|Game 3 of a best-of-3
|t:|1783056239
|gametype|doubles
|player|p1|Pledgen|1|1137
|player|p2|regalac3|n|1177
|gen|9
|tier|[Gen 9 Champions] VGC 2026 Reg M-B (Bo3)
|rated|
|rule|Species Clause: Limit one of each Pokémon
|rule|Item Clause: Limit 1 of each item
|clearpoke
|poke|p1|Incineroar, L50, M|
|poke|p1|Floette-Eternal, L50, F|
|poke|p1|Farigiraf, L50, M|
|poke|p1|Garchomp, L50, F|
|poke|p1|Ditto, L50|
|poke|p1|Torkoal, L50, M|
|poke|p2|Aerodactyl, L50, F|
|poke|p2|Pyroar, L50, M|
|poke|p2|Farigiraf, L50, F|
|poke|p2|Mamoswine, L50, M|
|poke|p2|Venusaur, L50, F|
|poke|p2|Torkoal, L50, F|
|teampreview|4
|showteam|p1|Incineroar||ShucaBerry|Intimidate|FakeOut,PartingShot,DarkestLariat,FlareBlitz|Impish||M|||50|]Floette-Eternal||Floettite|FlowerVeil|Moonblast,DazzlingGleam,LightofRuin,Protect|Quiet||F|||50|]Farigiraf||SitrusBerry|ArmorTail|Psychic,Thunderbolt,TrickRoom,HelpingHand|Sassy||M|||50|]Garchomp||LifeOrb|RoughSkin|RockSlide,DragonClaw,Earthquake,Protect|Jolly||F|||50|]Ditto||FocusSash|Imposter|Transform|Relaxed|||||50|]Torkoal||Charcoal|WhiteSmoke|Eruption,SolarBeam,WeatherBall,Protect|Quiet||M|||50|
|showteam|p2|Aerodactyl||Aerodactylite|Unnerve|RockSlide,DualWingbeat,IceFang,Tailwind|Jolly||F|||50|]Pyroar||Pyroarite|Unnerve|HeatWave,SolarBeam,Overheat,Protect|Timid||M|||50|]Farigiraf||SitrusBerry|ArmorTail|Psychic,Thunderbolt,HelpingHand,TrickRoom|Modest||F|||50|]Mamoswine||LifeOrb|Oblivious|IcicleCrash,HighHorsepower,IceShard,Protect|Adamant||M|||50|]Venusaur||FocusSash|Chlorophyll|LeafStorm,SludgeBomb,SleepPowder,Protect|Modest||F|||50|]Torkoal||Charcoal|Drought|Eruption,WeatherBall,HelpingHand,Protect|Quiet||F|||50|
|
|t:|1783056264
|teamsize|p1|4
|teamsize|p2|4
|start
|switch|p1a: Garchomp|Garchomp, L50, F|100/100
|switch|p1b: Incineroar|Incineroar, L50, M|100/100
|switch|p2a: Mamoswine|Mamoswine, L50, M|100/100
|switch|p2b: Venusaur|Venusaur, L50, F|100/100
|-ability|p1b: Incineroar|Intimidate|boost
|-fail|p2a: Mamoswine|unboost|Attack|[from] ability: Oblivious|[of] p2a: Mamoswine
|-unboost|p2b: Venusaur|atk|1
|turn|1
|
|t:|1783056294
|switch|p1a: Floette|Floette-Eternal, L50, F|100/100
|switch|p2b: Farigiraf|Farigiraf, L50, F|100/100
|move|p1b: Incineroar|Fake Out||[still]
|cant|p2b: Farigiraf|ability: Armor Tail|Fake Out|[of] p1b: Incineroar
|move|p2a: Mamoswine|Ice Shard|p1a: Floette
|-damage|p1a: Floette|59/100
|-damage|p2a: Mamoswine|90/100|[from] item: Life Orb
|
|upkeep
|turn|2
|
|t:|1783056321
|detailschange|p1a: Floette|Floette-Mega, L50, F
|-mega|p1a: Floette|Floette|Floettite
|-ability|p1a: Floette|Fairy Aura
|move|p2a: Mamoswine|Protect|p2a: Mamoswine
|-singleturn|p2a: Mamoswine|Protect
|move|p1a: Floette|Dazzling Gleam|p2b: Farigiraf|[spread] p2b
|-activate|p2a: Mamoswine|move: Protect
|-damage|p2b: Farigiraf|53/100
|move|p1b: Incineroar|Darkest Lariat|p2b: Farigiraf
|-supereffective|p2b: Farigiraf|1
|-damage|p2b: Farigiraf|0 fnt
|faint|p2b: Farigiraf
|
|upkeep
|
|t:|1783056326
|switch|p2b: Venusaur|Venusaur, L50, F|100/100
|turn|3
|
|t:|1783056353
|switch|p2a: Torkoal|Torkoal, L50, F|100/100
|-weather|SunnyDay|[from] ability: Drought|[of] p2a: Torkoal
|switch|p1a: Ditto|Ditto, L50|100/100
|-transform|p1a: Ditto|p2b: Venusaur|[from] ability: Imposter
|move|p2b: Venusaur|Sludge Bomb|p1a: Ditto
|-damage|p1a: Ditto|49/100
|move|p1b: Incineroar|Flare Blitz|p2a: Torkoal
|-resisted|p2a: Torkoal|1
|-damage|p2a: Torkoal|74/100
|-damage|p1b: Incineroar|92/100|[from] Recoil
|
|-weather|SunnyDay|[upkeep]
|upkeep
|turn|4
|
|t:|1783056381
|move|p1a: Ditto|Sleep Powder|p2a: Torkoal
|-status|p2a: Torkoal|slp|[from] move: Sleep Powder
|move|p2b: Venusaur|Sleep Powder|p1b: Incineroar
|-status|p1b: Incineroar|slp|[from] move: Sleep Powder
|cant|p1b: Incineroar|slp
|cant|p2a: Torkoal|slp
|
|-weather|SunnyDay|[upkeep]
|upkeep
|turn|5
|
|t:|1783056397
|move|p1a: Ditto|Leaf Storm|p2a: Torkoal
|-resisted|p2a: Torkoal|1
|-damage|p2a: Torkoal|33/100 slp
|-unboost|p1a: Ditto|spa|2
|move|p2b: Venusaur|Sludge Bomb|p1a: Ditto
|-damage|p1a: Ditto|1/100
|cant|p1b: Incineroar|slp
|cant|p2a: Torkoal|slp
|
|-weather|SunnyDay|[upkeep]
|upkeep
|turn|6
|
|t:|1783056417
|move|p2b: Venusaur|Protect|p2b: Venusaur
|-singleturn|p2b: Venusaur|Protect
|move|p1a: Ditto|Sludge Bomb|p2b: Venusaur
|-activate|p2b: Venusaur|move: Protect
|-curestatus|p1b: Incineroar|slp|[msg]
|move|p1b: Incineroar|Flare Blitz|p2b: Venusaur
|-activate|p2b: Venusaur|move: Protect
|-curestatus|p2a: Torkoal|slp|[msg]
|move|p2a: Torkoal|Weather Ball|p1a: Ditto
|-supereffective|p1a: Ditto|1
|-damage|p1a: Ditto|0 fnt
|faint|p1a: Ditto
|
|-weather|SunnyDay|[upkeep]
|upkeep
|
|t:|1783056438
|switch|p1a: Garchomp|Garchomp, L50, F|100/100
|turn|7
|
|t:|1783056460
|move|p2a: Torkoal|Helping Hand|p2b: Venusaur
|-singleturn|p2b: Venusaur|Helping Hand|[of] p2a: Torkoal
|move|p2b: Venusaur|Sludge Bomb|p1b: Incineroar
|-damage|p1b: Incineroar|41/100
|move|p1a: Garchomp|Rock Slide|p2a: Torkoal|[spread] p2a,p2b
|-supereffective|p2a: Torkoal|1
|-damage|p2a: Torkoal|0 fnt
|-damage|p2b: Venusaur|64/100
|faint|p2a: Torkoal
|-damage|p1a: Garchomp|90/100|[from] item: Life Orb
|move|p1b: Incineroar|Flare Blitz|p2b: Venusaur
|-supereffective|p2b: Venusaur|1
|-damage|p2b: Venusaur|0 fnt
|faint|p2b: Venusaur
|-damage|p1b: Incineroar|25/100|[from] Recoil
|
|-weather|none
|upkeep
|
|t:|1783056467
|switch|p2a: Mamoswine|Mamoswine, L50, M|90/100
|turn|8
|
|t:|1783056474
|move|p1a: Garchomp|Dragon Claw|p2a: Mamoswine
|-damage|p2a: Mamoswine|25/100
|-damage|p1a: Garchomp|80/100|[from] item: Life Orb
|move|p2a: Mamoswine|High Horsepower|p1b: Incineroar
|-supereffective|p1b: Incineroar|1
|-enditem|p1b: Incineroar|Shuca Berry|[eat]
|-enditem|p1b: Incineroar|Shuca Berry|[weaken]
|-damage|p1b: Incineroar|0 fnt
|faint|p1b: Incineroar
|-damage|p2a: Mamoswine|16/100|[from] item: Life Orb
|
|upkeep
|
|t:|1783056480
|switch|p1b: Floette|Floette-Mega, L50, F|59/100
|-ability|p1b: Floette|Fairy Aura
|turn|9
|
|t:|1783056486
|move|p2a: Mamoswine|Ice Shard|p1a: Garchomp
|-supereffective|p1a: Garchomp|2
|-damage|p1a: Garchomp|0 fnt
|faint|p1a: Garchomp
|-damage|p2a: Mamoswine|6/100|[from] item: Life Orb
|move|p1b: Floette|Dazzling Gleam|p2a: Mamoswine
|-damage|p2a: Mamoswine|0 fnt
|faint|p2a: Mamoswine
|
|win|Pledgen
|raw|Pledgen's rating: 1137 → 1165(+28 for winning)
|raw|regalac3's rating: 1177 → 1149(-28 for losing)
