|j|☆Pokeventurer
|j|☆H1ld3G04T
|html|PokeventurerH1ld3G04T    
|uhtml|bestof|Game 3 of a best-of-3
|t:|1757791969
|gametype|doubles
|player|p1|Pokeventurer|169|1091
|player|p2|H1ld3G04T|2|1076
|gen|9
|tier|[Gen 9] VGC 2025 Reg H (Bo3)
|rated|
|rule|Species Clause: Limit one of each Pokémon
|rule|Item Clause: Limit 1 of each item
|clearpoke
|poke|p1|Incineroar, L50, M|
|poke|p1|Amoonguss, L50, M|
|poke|p1|Ursaluna-Bloodmoon, L50, M|
|poke|p1|Sneasler, L50, F|
|poke|p1|Gholdengo, L50|
|poke|p1|Dragonite, L50, M|
|poke|p2|Annihilape, L50, F|
|poke|p2|Maushold, L50|
|poke|p2|Sinistcha, L50|
|poke|p2|Rillaboom, L50, F|
|poke|p2|Ursaluna-Bloodmoon, L50, M|
|poke|p2|Talonflame, L50, F|
|teampreview|4
|showteam|p1|Incineroar||SafetyGoggles|Intimidate|FlareBlitz,KnockOff,PartingShot,FakeOut|||M|||50|,,,,,Ghost]Amoonguss||CovertCloak|Regenerator|Spore,RagePowder,PollenPuff,Protect|||M|||50|,,,,,Water]Ursaluna-Bloodmoon||AssaultVest|MindsEye|HyperVoice,BloodMoon,EarthPower,VacuumWave|||M|||50|,,,,,Water]Sneasler||FocusSash|Unburden|CloseCombat,DireClaw,ThroatChop,Protect|||F|||50|,,,,,Stellar]Gholdengo||LifeOrb|GoodasGold|MakeItRain,ShadowBall,NastyPlot,Protect||||||50|,,,,,Water]Dragonite||LoadedDice|Multiscale|ScaleShot,Tailwind,Haze,Protect|||M|||50|,,,,,Fairy
|showteam|p2|Annihilape||Leftovers|Defiant|DrainPunch,RageFist,BulkUp,Protect|||F|||50|,,,,,Water]Maushold||SafetyGoggles|FriendGuard|BeatUp,Taunt,FollowMe,Protect||||||50|,,,,,Ghost]Sinistcha||SitrusBerry|Hospitality|MatchaGotcha,LifeDew,TrickRoom,Reflect||||||50|,,,,,Water]Rillaboom||AssaultVest|GrassySurge|GrassyGlide,WoodHammer,HighHorsepower,FakeOut|||F|||50|,,,,,Fire]Ursaluna-Bloodmoon||LifeOrb|MindsEye|BloodMoon,HyperVoice,EarthPower,Protect|||M|||50|,,,,,Normal]Talonflame||CovertCloak|GaleWings|BraveBird,FlareBlitz,Tailwind,WillOWisp|||F|||50|,,,,,Fire
|inactive|Battle timer is ON: inactive players will automatically lose when time's up. (requested by Pokeventurer)
|inactive|Pokeventurer has 60 seconds left.
|
|t:|1757792026
|teamsize|p1|4
|teamsize|p2|4
|start
|switch|p1a: Gholdengo|Gholdengo, L50|100/100
|switch|p1b: Dragonite|Dragonite, L50, M|100/100
|switch|p2a: Talonflame|Talonflame, L50, F|100/100
|switch|p2b: Ursaluna|Ursaluna-Bloodmoon, L50, M|100/100
|turn|1
|inactive|H1ld3G04T has 30 seconds left.
|
|t:|1757792061
|-terastallize|p1a: Gholdengo|Water
|move|p2a: Talonflame|Tailwind|p2a: Talonflame
|-sidestart|p2: H1ld3G04T|move: Tailwind
|move|p1a: Gholdengo|Make It Rain|p2a: Talonflame|[spread] p2a,p2b
|-resisted|p2a: Talonflame
|-damage|p2a: Talonflame|55/100
|-damage|p2b: Ursaluna|26/100
|-unboost|p1a: Gholdengo|spa|1
|-damage|p1a: Gholdengo|91/100|[from] item: Life Orb
|move|p1b: Dragonite|Scale Shot|p2a: Talonflame
|-damage|p2a: Talonflame|33/100
|-damage|p2a: Talonflame|10/100
|-damage|p2a: Talonflame|0 fnt
|faint|p2a: Talonflame
|-hitcount|p2: Talonflame|3
|-unboost|p1b: Dragonite|def|1
|-boost|p1b: Dragonite|spe|1
|move|p2b: Ursaluna|Hyper Voice|p1a: Gholdengo|[spread] p1a,p1b
|-damage|p1a: Gholdengo|32/100
|-damage|p1b: Dragonite|74/100
|-damage|p2b: Ursaluna|16/100|[from] item: Life Orb
|
|upkeep
|
|t:|1757792085
|switch|p2a: Sinistcha|Sinistcha, L50|100/100
|-heal|p2b: Ursaluna|41/100|[from] ability: Hospitality|[of] p2a: Sinistcha
|turn|2
|l|☆Pokeventurer
|inactive|Pokeventurer disconnected and has a minute to reconnect!
|player|p1|
|inactive|Pokeventurer has 30 seconds left.
|inactive|Pokeventurer has 20 seconds left.
|inactive|Pokeventurer has 15 seconds left.
|inactive|Pokeventurer has 10 seconds left.
|j|☆Pokeventurer
|inactive|Pokeventurer reconnected and has 10 seconds left.
|player|p1|Pokeventurer|169|
|inactive|Pokeventurer has 5 seconds left.
|
|t:|1757792140
|move|p2b: Ursaluna|Protect|p2b: Ursaluna
|-singleturn|p2b: Ursaluna|Protect
|move|p1b: Dragonite|Scale Shot|p2b: Ursaluna
|-activate|p2b: Ursaluna|move: Protect
|move|p2a: Sinistcha|Matcha Gotcha|p1a: Gholdengo|[spread] p1a,p1b
|-supereffective|p1a: Gholdengo
|-resisted|p1b: Dragonite
|-damage|p1a: Gholdengo|0 fnt
|-damage|p1b: Dragonite|68/100
|faint|p1a: Gholdengo
|
|upkeep
|
|t:|1757792152
|switch|p1a: Ursaluna|Ursaluna-Bloodmoon, L50, M|100/100
|turn|3
|inactive|H1ld3G04T has 30 seconds left.
|
|t:|1757792180
|switch|p2b: Annihilape|Annihilape, L50, F|100/100
|move|p1b: Dragonite|Tailwind|p1b: Dragonite
|-sidestart|p1: Pokeventurer|move: Tailwind
|move|p2a: Sinistcha|Matcha Gotcha|p1a: Ursaluna|[spread] p1a,p1b
|-supereffective|p1a: Ursaluna
|-resisted|p1b: Dragonite
|-damage|p1a: Ursaluna|68/100
|-damage|p1b: Dragonite|62/100
|-status|p1b: Dragonite|brn
|move|p1a: Ursaluna|Blood Moon|p2b: Annihilape
|-damage|p2b: Annihilape|31/100
|
|-heal|p2b: Annihilape|38/100|[from] item: Leftovers
|-damage|p1b: Dragonite|56/100 brn|[from] brn
|upkeep
|turn|4
|inactive|H1ld3G04T has 30 seconds left.
|inactive|H1ld3G04T has 20 seconds left.
|
|t:|1757792216
|move|p1b: Dragonite|Scale Shot|p2a: Sinistcha
|-damage|p2a: Sinistcha|94/100
|-damage|p2a: Sinistcha|87/100
|-damage|p2a: Sinistcha|81/100
|-damage|p2a: Sinistcha|75/100
|-hitcount|p2a: Sinistcha|4
|-unboost|p1b: Dragonite|def|1
|-boost|p1b: Dragonite|spe|1
|move|p2b: Annihilape|Drain Punch|p1a: Ursaluna
|-supereffective|p1a: Ursaluna
|-damage|p1a: Ursaluna|15/100
|-heal|p2b: Annihilape|63/100|[from] drain|[of] p1a: Ursaluna
|move|p2a: Sinistcha|Life Dew|p2a: Sinistcha|[spread] p2a,p2b
|-heal|p2a: Sinistcha|99/100
|-heal|p2b: Annihilape|88/100
|move|p1a: Ursaluna|Hyper Voice|p2b: Annihilape|[spread] p2a,p2b
|-damage|p2a: Sinistcha|67/100
|-damage|p2b: Annihilape|56/100
|
|-heal|p2b: Annihilape|63/100|[from] item: Leftovers
|-damage|p1b: Dragonite|50/100 brn|[from] brn
|-sideend|p2: H1ld3G04T|move: Tailwind
|upkeep
|turn|5
|inactive|Pokeventurer has 30 seconds left.
|inactive|H1ld3G04T has 30 seconds left.
|inactive|H1ld3G04T has 20 seconds left.
|inactive|H1ld3G04T has 15 seconds left.
|
|t:|1757792260
|move|p2b: Annihilape|Protect|p2b: Annihilape
|-singleturn|p2b: Annihilape|Protect
|move|p1b: Dragonite|Scale Shot|p2a: Sinistcha
|-damage|p2a: Sinistcha|61/100
|-damage|p2a: Sinistcha|54/100
|-damage|p2a: Sinistcha|48/100
|-enditem|p2a: Sinistcha|Sitrus Berry|[eat]
|-heal|p2a: Sinistcha|72/100|[from] item: Sitrus Berry
|-damage|p2a: Sinistcha|66/100
|-damage|p2a: Sinistcha|59/100
|-hitcount|p2a: Sinistcha|5
|-unboost|p1b: Dragonite|def|1
|-boost|p1b: Dragonite|spe|1
|move|p1a: Ursaluna|Blood Moon|p2a: Sinistcha
|-damage|p2a: Sinistcha|0 fnt
|faint|p2a: Sinistcha
|
|-heal|p2b: Annihilape|69/100|[from] item: Leftovers
|-damage|p1b: Dragonite|44/100 brn|[from] brn
|upkeep
|l|☆H1ld3G04T
|inactive|H1ld3G04T disconnected and has a minute to reconnect!
|player|p2|
|j|☆H1ld3G04T
|inactive|H1ld3G04T reconnected and has 40 seconds left.
|player|p2|H1ld3G04T|2|
|inactive|H1ld3G04T has 30 seconds left.
|inactive|H1ld3G04T has 20 seconds left.
|inactive|H1ld3G04T has 15 seconds left.
|
|t:|1757792303
|switch|p2a: Ursaluna|Ursaluna-Bloodmoon, L50, M|41/100
|turn|6
|
|t:|1757792325
|move|p2a: Ursaluna|Protect|p2a: Ursaluna
|-singleturn|p2a: Ursaluna|Protect
|move|p1b: Dragonite|Scale Shot|p2b: Annihilape
|-damage|p2b: Annihilape|61/100
|-damage|p2b: Annihilape|53/100
|-damage|p2b: Annihilape|46/100
|-damage|p2b: Annihilape|38/100
|-hitcount|p2b: Annihilape|4
|-unboost|p1b: Dragonite|def|1
|-boost|p1b: Dragonite|spe|1
|move|p1a: Ursaluna|Hyper Voice|p2a: Ursaluna|[spread] p2b
|-activate|p2a: Ursaluna|move: Protect
|-damage|p2b: Annihilape|1/100
|move|p2b: Annihilape|Drain Punch|p1a: Ursaluna
|-supereffective|p1a: Ursaluna
|-damage|p1a: Ursaluna|0 fnt
|-heal|p2b: Annihilape|9/100|[from] drain|[of] p1a: Ursaluna
|faint|p1a: Ursaluna
|
|-heal|p2b: Annihilape|15/100|[from] item: Leftovers
|-damage|p1b: Dragonite|38/100 brn|[from] brn
|-sideend|p1: Pokeventurer|move: Tailwind
|upkeep
|
|t:|1757792343
|switch|p1a: Amoonguss|Amoonguss, L50, M|100/100
|turn|7
|inactive|H1ld3G04T has 30 seconds left.
|inactive|H1ld3G04T has 20 seconds left.
|
|t:|1757792383
|-terastallize|p2a: Ursaluna|Normal
|move|p2b: Annihilape|Protect|p2b: Annihilape
|-singleturn|p2b: Annihilape|Protect
|move|p1b: Dragonite|Tailwind|p1b: Dragonite
|-sidestart|p1: Pokeventurer|move: Tailwind
|move|p1a: Amoonguss|Spore|p2a: Ursaluna
|-status|p2a: Ursaluna|slp|[from] move: Spore
|cant|p2a: Ursaluna|slp
|
|-heal|p2b: Annihilape|22/100|[from] item: Leftovers
|-damage|p1b: Dragonite|32/100 brn|[from] brn
|upkeep
|turn|8
|
|t:|1757792403
|cant|p2a: Ursaluna|slp
|move|p1b: Dragonite|Scale Shot|p2b: Annihilape
|-damage|p2b: Annihilape|14/100
|-damage|p2b: Annihilape|7/100
|-damage|p2b: Annihilape|0 fnt
|faint|p2b: Annihilape
|-hitcount|p2: Annihilape|3
|-unboost|p1b: Dragonite|def|1
|-boost|p1b: Dragonite|spe|1
|move|p1a: Amoonguss|Pollen Puff|p1b: Dragonite
|-heal|p1b: Dragonite|82/100 brn
|
|-damage|p1b: Dragonite|76/100 brn|[from] brn
|upkeep
|turn|9
|
|t:|1757792422
|move|p1b: Dragonite|Scale Shot|p2a: Ursaluna
|-damage|p2a: Ursaluna|35/100 slp
|-damage|p2a: Ursaluna|30/100 slp
|-damage|p2a: Ursaluna|25/100 slp
|-damage|p2a: Ursaluna|21/100 slp
|-damage|p2a: Ursaluna|16/100 slp
|-hitcount|p2a: Ursaluna|5
|-unboost|p1b: Dragonite|def|1
|-boost|p1b: Dragonite|spe|1
|move|p1a: Amoonguss|Pollen Puff|p1b: Dragonite
|-heal|p1b: Dragonite|100/100 brn
|-curestatus|p2a: Ursaluna|slp|[msg]
|move|p2a: Ursaluna|Blood Moon|p1b: Dragonite
|-damage|p1b: Dragonite|30/100 brn
|-damage|p2a: Ursaluna|6/100|[from] item: Life Orb
|
|-damage|p1b: Dragonite|24/100 brn|[from] brn
|upkeep
|turn|10
|
|t:|1757792443
|move|p2a: Ursaluna|Protect|p2a: Ursaluna
|-singleturn|p2a: Ursaluna|Protect
|move|p1b: Dragonite|Scale Shot|p2a: Ursaluna
|-activate|p2a: Ursaluna|move: Protect
|move|p1a: Amoonguss|Spore|p2a: Ursaluna
|-activate|p2a: Ursaluna|move: Protect
|
|-damage|p1b: Dragonite|18/100 brn|[from] brn
|-sideend|p1: Pokeventurer|move: Tailwind
|upkeep
|turn|11
|c|☆Pokeventurer|gg
|
|t:|1757792465
|move|p1b: Dragonite|Scale Shot|p2a: Ursaluna
|-damage|p2a: Ursaluna|2/100
|-damage|p2a: Ursaluna|0 fnt
|faint|p2a: Ursaluna
|-hitcount|p2: Ursaluna|2
|
|win|Pokeventurer
|raw|Pokeventurer's rating: 1091 → 1116(+25 for winning)
|raw|H1ld3G04T's rating: 1076 → 1056(-20 for losing)
