|j|☆PonchoTheCat
|j|☆ursear_vgc
|html|PonchoTheCatursear_vgc    
|uhtml|bestof|Game 2 of a best-of-3
|t:|1784364942
|gametype|doubles
|player|p1|PonchoTheCat|101|1022
|player|p2|ursear_vgc|giovanni|1139
|gen|9
|tier|[Gen 9 Champions] VGC 2026 Reg M-B (Bo3)
|rated|
|rule|Species Clause: Limit one of each Pokémon
|rule|Item Clause: Limit 1 of each item
|clearpoke
|poke|p1|Venusaur, L50, F|
|poke|p1|Kingambit, L50, F|
|poke|p1|Milotic, L50, M|
|poke|p1|Rotom-Wash, L50|
|poke|p1|Incineroar, L50, F|
|poke|p1|Tyranitar, L50, F|
|poke|p2|Charizard, L50, F|
|poke|p2|Farigiraf, L50, M|
|poke|p2|Venusaur, L50, M|
|poke|p2|Garchomp, L50, F|
|poke|p2|Incineroar, L50, F|
|poke|p2|Sylveon, L50, M|
|teampreview|4
|showteam|p1|Venusaur||Venusaurite|Overgrow|SludgeBomb,GigaDrain,Protect,EarthPower|Serious||F|||50|]Kingambit||BlackGlasses|SupremeOverlord|KowtowCleave,Protect,SwordsDance,SuckerPunch|Serious||F|||50|]Milotic||Leftovers|Competitive|Protect,MuddyWater,IceBeam,Recover|Bold||M|||50|]Rotom-Wash||SitrusBerry|Levitate|WillOWisp,VoltSwitch,HydroPump,Protect|Bold|||||50|]Incineroar||ChopleBerry|Intimidate|FakeOut,PartingShot,FlareBlitz,Taunt|Careful||F|||50|]Tyranitar||LumBerry|SandStream|RockSlide,KnockOff,Protect,LowKick|Adamant||F|||50|
|showteam|p2|Charizard||CharizarditeY|Blaze|HeatWave,WeatherBall,SolarBeam,Protect|Modest||F|||50|]Farigiraf||ColburBerry|ArmorTail|Psychic,Thunderbolt,HelpingHand,TrickRoom|Bold||M|||50|]Venusaur||FocusSash|Chlorophyll|LeafStorm,SludgeBomb,SleepPowder,Protect|Modest||M|||50|]Garchomp||LifeOrb|RoughSkin|RockSlide,DragonClaw,Earthquake,Protect|Jolly||F|||50|]Incineroar||SitrusBerry|Intimidate|FlareBlitz,DarkestLariat,PartingShot,FakeOut|Impish||F|||50|]Sylveon||FairyFeather|Pixilate|HyperVoice,HyperBeam,QuickAttack,Protect|Modest||M|||50|
|
|t:|1784364971
|teamsize|p1|4
|teamsize|p2|4
|start
|switch|p1a: Venusaur|Venusaur, L50, F|100/100
|switch|p1b: Tyranitar|Tyranitar, L50, F|100/100
|switch|p2a: Farigiraf|Farigiraf, L50, M|100/100
|switch|p2b: Incineroar|Incineroar, L50, F|100/100
|-ability|p2b: Incineroar|Intimidate|boost
|-unboost|p1a: Venusaur|atk|1
|-unboost|p1b: Tyranitar|atk|1
|-weather|Sandstorm|[from] ability: Sand Stream|[of] p1b: Tyranitar
|turn|1
|inactive|Battle timer is ON: inactive players will automatically lose when time's up. (requested by PonchoTheCat)
|
|t:|1784364997
|detailschange|p1a: Venusaur|Venusaur-Mega, L50, F
|-mega|p1a: Venusaur|Venusaur|Venusaurite
|move|p1a: Venusaur|Protect|p1a: Venusaur
|-singleturn|p1a: Venusaur|Protect
|move|p1b: Tyranitar|Protect|p1b: Tyranitar
|-singleturn|p1b: Tyranitar|Protect
|move|p2b: Incineroar|Fake Out|p1a: Venusaur
|-activate|p1a: Venusaur|move: Protect
|move|p2a: Farigiraf|Trick Room|p2a: Farigiraf
|-fieldstart|move: Trick Room|[of] p2a: Farigiraf
|
|-weather|Sandstorm|[upkeep]
|-damage|p2a: Farigiraf|93/100|[from] Sandstorm
|-damage|p2b: Incineroar|94/100|[from] Sandstorm
|-damage|p1a: Venusaur|94/100|[from] Sandstorm
|upkeep
|turn|2
|inactive|ursear_vgc has 30 seconds left.
|inactive|ursear_vgc has 20 seconds left.
|inactive|ursear_vgc has 15 seconds left.
|
|t:|1784365041
|move|p2a: Farigiraf|Psychic|p1a: Venusaur
|-supereffective|p1a: Venusaur|1
|-damage|p1a: Venusaur|28/100
|move|p1b: Tyranitar|Knock Off|p2a: Farigiraf
|-supereffective|p2a: Farigiraf|1
|-enditem|p2a: Farigiraf|Colbur Berry|[eat]
|-enditem|p2a: Farigiraf|Colbur Berry|[weaken]
|-damage|p2a: Farigiraf|68/100
|move|p2b: Incineroar|Parting Shot|p1b: Tyranitar
|-unboost|p1b: Tyranitar|atk|1
|-unboost|p1b: Tyranitar|spa|1
|
|t:|1784365052
|switch|p2b: Sylveon|Sylveon, L50, M|100/100|[from] Parting Shot
|move|p1a: Venusaur|Earth Power|p2b: Sylveon
|-damage|p2b: Sylveon|78/100
|
|-weather|Sandstorm|[upkeep]
|-damage|p2a: Farigiraf|62/100|[from] Sandstorm
|-damage|p2b: Sylveon|72/100|[from] Sandstorm
|-damage|p1a: Venusaur|22/100|[from] Sandstorm
|upkeep
|turn|3
|
|t:|1784365068
|move|p2a: Farigiraf|Helping Hand|p2b: Sylveon
|-singleturn|p2b: Sylveon|Helping Hand|[of] p2a: Farigiraf
|move|p1b: Tyranitar|Protect|p1b: Tyranitar
|-singleturn|p1b: Tyranitar|Protect
|move|p1a: Venusaur|Protect|p1a: Venusaur
|-singleturn|p1a: Venusaur|Protect
|move|p2b: Sylveon|Hyper Voice|p1b: Tyranitar|[spread] 
|-activate|p1a: Venusaur|move: Protect
|-activate|p1b: Tyranitar|move: Protect
|
|-weather|Sandstorm|[upkeep]
|-damage|p2b: Sylveon|66/100|[from] Sandstorm
|-damage|p2a: Farigiraf|55/100|[from] Sandstorm
|-damage|p1a: Venusaur|16/100|[from] Sandstorm
|upkeep
|turn|4
|
|t:|1784365087
|switch|p1a: Kingambit|Kingambit, L50, F|100/100
|move|p2a: Farigiraf|Helping Hand|p2b: Sylveon
|-singleturn|p2b: Sylveon|Helping Hand|[of] p2a: Farigiraf
|move|p2b: Sylveon|Hyper Voice|p1a: Kingambit|[spread] p1a,p1b
|-crit|p1a: Kingambit
|-supereffective|p1b: Tyranitar|1
|-damage|p1a: Kingambit|0 fnt
|-damage|p1b: Tyranitar|18/100
|faint|p1a: Kingambit
|-end|p1a: Kingambit|fallenundefined|[silent]
|move|p1b: Tyranitar|Rock Slide|p2b: Sylveon|[spread] p2a,p2b
|-damage|p2a: Farigiraf|44/100
|-damage|p2b: Sylveon|47/100
|
|-weather|Sandstorm|[upkeep]
|-damage|p2a: Farigiraf|37/100|[from] Sandstorm
|-damage|p2b: Sylveon|41/100|[from] Sandstorm
|upkeep
|
|t:|1784365101
|switch|p1a: Rotom|Rotom-Wash, L50|100/100
|turn|5
|inactive|ursear_vgc has 30 seconds left.
|inactive|ursear_vgc has 20 seconds left.
|inactive|ursear_vgc has 15 seconds left.
|inactive|ursear_vgc has 10 seconds left.
|c|☆PonchoTheCat|just end it lol
|inactive|ursear_vgc has 5 seconds left.
|
|t:|1784365153
|switch|p2b: Incineroar|Incineroar, L50, F|94/100
|-ability|p2b: Incineroar|Intimidate|boost
|-unboost|p1a: Rotom|atk|1
|-unboost|p1b: Tyranitar|atk|1
|move|p1b: Tyranitar|Protect|p1b: Tyranitar
|-singleturn|p1b: Tyranitar|Protect
|move|p1a: Rotom|Protect|p1a: Rotom
|-singleturn|p1a: Rotom|Protect
|move|p2a: Farigiraf|Thunderbolt|p1b: Tyranitar
|-activate|p1b: Tyranitar|move: Protect
|
|-weather|none
|-fieldend|move: Trick Room
|upkeep
|turn|6
|
|t:|1784365176
|move|p2b: Incineroar|Fake Out|p1a: Rotom
|-damage|p1a: Rotom|90/100
|cant|p1a: Rotom|flinch
|move|p1b: Tyranitar|Rock Slide|p2b: Incineroar|[spread] p2a,p2b
|-supereffective|p2b: Incineroar|1
|-damage|p2a: Farigiraf|28/100
|-damage|p2b: Incineroar|75/100
|move|p2a: Farigiraf|Trick Room|p2a: Farigiraf
|-fieldstart|move: Trick Room|[of] p2a: Farigiraf
|
|upkeep
|turn|7
|inactive|ursear_vgc has 30 seconds left.
|
|t:|1784365202
|move|p2a: Farigiraf|Psychic|p1a: Rotom
|-damage|p1a: Rotom|56/100
|move|p1b: Tyranitar|Rock Slide|p2a: Farigiraf|[spread] p2a,p2b
|-supereffective|p2b: Incineroar|1
|-damage|p2a: Farigiraf|17/100
|-damage|p2b: Incineroar|54/100
|cant|p2b: Incineroar|flinch
|move|p1a: Rotom|Hydro Pump|p2b: Incineroar|[miss]
|-miss|p1a: Rotom|p2b: Incineroar
|
|upkeep
|turn|8
|inactive|ursear_vgc has 30 seconds left.
|
|t:|1784365230
|move|p2a: Farigiraf|Psychic|p1a: Rotom
|-damage|p1a: Rotom|22/100
|-enditem|p1a: Rotom|Sitrus Berry|[eat]
|-heal|p1a: Rotom|47/100|[from] item: Sitrus Berry
|move|p1b: Tyranitar|Rock Slide|p2b: Incineroar|[spread] p2a,p2b
|-supereffective|p2b: Incineroar|1
|-damage|p2a: Farigiraf|8/100
|-damage|p2b: Incineroar|33/100
|-enditem|p2b: Incineroar|Sitrus Berry|[eat]
|-heal|p2b: Incineroar|58/100|[from] item: Sitrus Berry
|move|p2b: Incineroar|Flare Blitz|p1b: Tyranitar
|-resisted|p1b: Tyranitar|1
|-damage|p1b: Tyranitar|0 fnt
|faint|p1b: Tyranitar
|-damage|p2b: Incineroar|51/100|[from] Recoil
|move|p1a: Rotom|Hydro Pump|p2b: Incineroar|[miss]
|-miss|p1a: Rotom|p2b: Incineroar
|
|upkeep
|
|t:|1784365253
|switch|p1b: Venusaur|Venusaur-Mega, L50, F|16/100
|turn|9
|
|t:|1784365270
|move|p1a: Rotom|Protect|p1a: Rotom
|-singleturn|p1a: Rotom|Protect
|move|p1b: Venusaur|Protect|p1b: Venusaur
|-singleturn|p1b: Venusaur|Protect
|move|p2a: Farigiraf|Psychic|p1b: Venusaur
|-activate|p1b: Venusaur|move: Protect
|move|p2b: Incineroar|Parting Shot|p1a: Rotom
|-activate|p1a: Rotom|move: Protect
|
|upkeep
|turn|10
|
|t:|1784365292
|move|p2a: Farigiraf|Psychic|p1b: Venusaur
|-supereffective|p1b: Venusaur|1
|-damage|p1b: Venusaur|0 fnt
|faint|p1b: Venusaur
|move|p2b: Incineroar|Parting Shot|p1a: Rotom
|-unboost|p1a: Rotom|atk|1
|-unboost|p1a: Rotom|spa|1
|
|t:|1784365299
|switch|p2b: Sylveon|Sylveon, L50, M|41/100|[from] Parting Shot
|move|p1a: Rotom|Hydro Pump|p2b: Sylveon|[miss]
|-miss|p1a: Rotom|p2b: Sylveon
|
|-fieldend|move: Trick Room
|upkeep
|turn|11
|c|☆PonchoTheCat|3 misses in a row gotta love it
|
|t:|1784365322
|move|p1a: Rotom|Hydro Pump|p2b: Sylveon
|-damage|p2b: Sylveon|19/100
|move|p2b: Sylveon|Hyper Beam|p1a: Rotom
|-damage|p1a: Rotom|0 fnt
|-mustrecharge|p2b: Sylveon
|faint|p1a: Rotom
|
|win|ursear_vgc
|raw|PonchoTheCat's rating: 1022 → 1013(-9 for losing)
|raw|ursear_vgc's rating: 1139 → 1156(+17 for winning)
|c|☆ursear_vgc|gg
|l|☆ursear_vgc
|player|p2|
|j|☆ursear_vgc
|player|p2|ursear_vgc|giovanni|
|l|☆PonchoTheCat
|player|p1|
