|j|☆BakingSoda+Lemon
|j|☆geardox
|html|BakingSoda+Lemongeardox    
|uhtml|bestof|Game 1 of a best-of-3
|t:|1756340103
|gametype|doubles
|player|p1|BakingSoda+Lemon|artist-gen4|1158
|player|p2|geardox|cyclist|1158
|gen|9
|tier|[Gen 9] VGC 2025 Reg H (Bo3)
|rated|
|rule|Species Clause: Limit one of each Pokémon
|rule|Item Clause: Limit 1 of each item
|clearpoke
|poke|p1|Dragonite, L50, M|
|poke|p1|Milotic, L50, F|
|poke|p1|Whimsicott, L50, M|
|poke|p1|Delphox, L50, M|
|poke|p1|Indeedee-F, L50, F|
|poke|p1|Gholdengo, L50|
|poke|p2|Sneasler, L50, M|
|poke|p2|Garchomp, L50, M|
|poke|p2|Corviknight, L50, F|
|poke|p2|Archaludon, L50, M|
|poke|p2|Amoonguss, L50, F|
|poke|p2|Incineroar, L50, F|
|teampreview|4
|showteam|p1|Dragonite||LoadedDice|Multiscale|ScaleShot,Haze,Protect,StompingTantrum|||M|||50|,,,,,Fairy]Milotic||ChoiceSpecs|Competitive|IceBeam,Scald,FlipTurn,DragonPulse|||F|||50|,,,,,Dragon]Whimsicott||CovertCloak|Prankster|Moonblast,Taunt,Tailwind,SunnyDay|||M|||50|,,,,,Fire]Delphox||FocusSash|Blaze|ExpandingForce,Flamethrower,Protect,ScorchingSands|||M|||50|,,,,,Psychic]Indeedee-F||PsychicSeed|PsychicSurge|FollowMe,Imprison,TrickRoom,HelpingHand|||F|||50|,,,,,Water]Gholdengo||LifeOrb|GoodasGold|MakeItRain,NastyPlot,Protect,ShadowBall||||||50|,,,,,Water
|showteam|p2|Sneasler||FocusSash|Unburden|DireClaw,CloseCombat,FakeOut,Coaching|||M|||50|,,,,,Ghost]Garchomp||LifeOrb|RoughSkin|Protect,Earthquake,DragonClaw,StompingTantrum|||M|||50|,,,,,Ground]Corviknight||SitrusBerry|MirrorArmor|BraveBird,Tailwind,Roost,Taunt|||F|||50|,,,,,Fire]Archaludon||PowerHerb|Stamina|Protect,DracoMeteor,FlashCannon,ElectroShot|||M|||50|,,,,,Dragon]Amoonguss||RockyHelmet|Regenerator|ClearSmog,RagePowder,Spore,PollenPuff|||F|||50|,,,,,Water]Incineroar||AssaultVest|Intimidate|KnockOff,FlareBlitz,FakeOut,PartingShot|||F|||50|,,,,,Ghost
|inactive|Battle timer is ON: inactive players will automatically lose when time's up. (requested by BakingSoda+Lemon)
|inactive|BakingSoda+Lemon has 60 seconds left.
|
|t:|1756340150
|teamsize|p1|4
|teamsize|p2|4
|start
|switch|p1a: Milotic|Milotic, L50, F|100/100
|switch|p1b: Delphox|Delphox, L50, M|100/100
|switch|p2a: Chica|Corviknight, L50, F|100/100
|switch|p2b: Stinky Pete|Garchomp, L50, M|100/100
|turn|1
|
|t:|1756340174
|switch|p1b: Whimsicott|Whimsicott, L50, M|100/100
|-terastallize|p2b: Stinky Pete|Ground
|move|p2b: Stinky Pete|Earthquake|p1a: Milotic|[spread] p1a,p1b
|-immune|p2a: Chica
|-resisted|p1b: Whimsicott
|-damage|p1a: Milotic|35/100
|-damage|p1b: Whimsicott|57/100
|-damage|p2b: Stinky Pete|91/100|[from] item: Life Orb
|move|p1a: Milotic|Ice Beam|p2b: Stinky Pete
|-supereffective|p2b: Stinky Pete
|-damage|p2b: Stinky Pete|12/100
|move|p2a: Chica|Tailwind|p2a: Chica
|-sidestart|p2: geardox|move: Tailwind
|
|upkeep
|turn|2
|
|t:|1756340199
|switch|p1a: Indeedee|Indeedee-F, L50, F|100/100
|-fieldstart|move: Psychic Terrain|[from] ability: Psychic Surge|[of] p1a: Indeedee
|-enditem|p1a: Indeedee|Psychic Seed
|-boost|p1a: Indeedee|spd|1|[from] item: Psychic Seed
|move|p1b: Whimsicott|Tailwind|p1b: Whimsicott
|-sidestart|p1: BakingSoda+Lemon|move: Tailwind
|move|p2b: Stinky Pete|Earthquake|p1b: Whimsicott|[spread] p1a,p1b
|-immune|p2a: Chica
|-crit|p1a: Indeedee
|-resisted|p1b: Whimsicott
|-damage|p1a: Indeedee|3/100
|-damage|p1b: Whimsicott|11/100
|-damage|p2b: Stinky Pete|2/100|[from] item: Life Orb
|move|p2a: Chica|Brave Bird|p1b: Whimsicott
|-supereffective|p1b: Whimsicott
|-damage|p1b: Whimsicott|0 fnt
|faint|p1b: Whimsicott
|-damage|p2a: Chica|98/100|[from] Recoil
|
|upkeep
|
|t:|1756340215
|switch|p1b: Delphox|Delphox, L50, M|100/100
|turn|3
|inactive|geardox has 30 seconds left.
|
|t:|1756340247
|move|p1a: Indeedee|Helping Hand|p1b: Delphox
|-singleturn|p1b: Delphox|Helping Hand|[of] p1a: Indeedee
|move|p2b: Stinky Pete|Protect|p2b: Stinky Pete
|-singleturn|p2b: Stinky Pete|Protect
|move|p1b: Delphox|Expanding Force|p2a: Chica|[spread] p2a
|-activate|p2b: Stinky Pete|move: Protect
|-resisted|p2a: Chica
|-damage|p2a: Chica|67/100
|move|p2a: Chica|Brave Bird|p1a: Indeedee
|-damage|p1a: Indeedee|0 fnt
|faint|p1a: Indeedee
|-damage|p2a: Chica|66/100|[from] Recoil
|
|upkeep
|
|t:|1756340259
|switch|p1a: Milotic|Milotic, L50, F|35/100
|turn|4
|
|t:|1756340271
|move|p1b: Delphox|Expanding Force|p2b: Stinky Pete|[spread] p2a,p2b
|-resisted|p2a: Chica
|-damage|p2a: Chica|43/100
|-damage|p2b: Stinky Pete|0 fnt
|-enditem|p2a: Chica|Sitrus Berry|[eat]
|-heal|p2a: Chica|68/100|[from] item: Sitrus Berry
|faint|p2b: Stinky Pete
|move|p1a: Milotic|Scald|p2a: Chica
|-damage|p2a: Chica|34/100
|move|p2a: Chica|Brave Bird|p1b: Delphox
|-damage|p1b: Delphox|47/100
|-damage|p2a: Chica|21/100|[from] Recoil
|
|-sideend|p2: geardox|move: Tailwind
|upkeep
|
|t:|1756340285
|switch|p2b: Riku|Sneasler, L50, M|100/100
|turn|5
|
|t:|1756340306
|switch|p2b: Moonster|Amoonguss, L50, F, shiny|100/100
|move|p1b: Delphox|Expanding Force|p2a: Chica|[spread] p2a,p2b
|-resisted|p2a: Chica
|-supereffective|p2b: Moonster
|-damage|p2a: Chica|0 fnt
|-damage|p2b: Moonster|10/100
|faint|p2a: Chica
|move|p1a: Milotic|Scald|p2b: Moonster
|-resisted|p2b: Moonster
|-damage|p2b: Moonster|0 fnt
|faint|p2b: Moonster
|
|-sideend|p1: BakingSoda+Lemon|move: Tailwind
|upkeep
|
|t:|1756340318
|switch|p2a: Riku|Sneasler, L50, M|100/100
|turn|6
|inactive|geardox has 30 seconds left.
|inactive|geardox has 20 seconds left.
|
|t:|1756340358
|move|p2a: Riku|Dire Claw|p1a: Milotic
|-damage|p1a: Milotic|0 fnt
|faint|p1a: Milotic
|move|p1b: Delphox|Expanding Force|p2a: Riku
|-supereffective|p2a: Riku
|-enditem|p2a: Riku|Focus Sash
|-damage|p2a: Riku|1/100
|
|-fieldend|move: Psychic Terrain
|upkeep
|turn|7
|
|t:|1756340368
|move|p2a: Riku|Close Combat|p1b: Delphox
|-resisted|p1b: Delphox
|-damage|p1b: Delphox|2/100
|-unboost|p2a: Riku|def|1
|-unboost|p2a: Riku|spd|1
|move|p1b: Delphox|Expanding Force|p2a: Riku
|-supereffective|p2a: Riku
|-damage|p2a: Riku|0 fnt
|faint|p2a: Riku
|
|win|BakingSoda+Lemon
||BakingSoda+Lemon is ready for game 2.
