|j|☆sparrow.d.ace
|j|☆ScillyWi11y
|html|sparrow.d.aceScillyWi11y    
|uhtml|bestof|Game 1 of a best-of-3
|t:|1757087635
|gametype|doubles
|player|p1|sparrow.d.ace|benga|1142
|player|p2|ScillyWi11y|169|1099
|gen|9
|tier|[Gen 9] VGC 2025 Reg H (Bo3)
|rated|
|rule|Species Clause: Limit one of each Pokémon
|rule|Item Clause: Limit 1 of each item
|clearpoke
|poke|p1|Basculegion, L50, M|
|poke|p1|Archaludon, L50, M|
|poke|p1|Sneasler, L50, F|
|poke|p1|Rillaboom, L50, M|
|poke|p1|Pelipper, L50, F|
|poke|p1|Incineroar, L50, F|
|poke|p2|Garchomp, L50, F|
|poke|p2|Whimsicott, L50, F|
|poke|p2|Incineroar, L50, M|
|poke|p2|Gengar, L50, M|
|poke|p2|Primarina, L50, F|
|poke|p2|Kingambit, L50, M|
|teampreview|4
|showteam|p1|Basculegion||ChoiceBand|SwiftSwim|WaveCrash,FlipTurn,LastRespects,AquaJet|||M|||50|,,,,,Water]Archaludon||AssaultVest|Stamina|ElectroShot,DragonPulse,FlashCannon,BodyPress|||M|||50|,,,,,Bug]Sneasler||FocusSash|PoisonTouch|DireClaw,CloseCombat,ThroatChop,Protect|||F|||50|,,,,,Ghost]Rillaboom||MiracleSeed|GrassySurge|WoodHammer,GrassyGlide,Uturn,FakeOut|||M|||50|,,,,,Fire]Pelipper||CovertCloak|Drizzle|WeatherBall,Hurricane,Tailwind,Protect|||F|||50|,,,,,Grass]Incineroar||SitrusBerry|Intimidate|FlareBlitz,KnockOff,FakeOut,PartingShot|||F|||50|,,,,,Ghost
|showteam|p2|Garchomp||LifeOrb|RoughSkin|Earthquake,Protect,DragonClaw,StompingTantrum|||F|||50|,,,,,Fairy]Whimsicott||CovertCloak|Prankster|Tailwind,FakeTears,Taunt,Moonblast|||F|||50|,,,,,Fairy]Incineroar||SafetyGoggles|Intimidate|FakeOut,Protect,PartingShot,KnockOff|||M|||50|,,,,,Bug]Gengar||FocusSash|CursedBody|SludgeBomb,ShadowBall,Protect,TrickRoom|||M|||50|,,,,,Grass]Primarina||ThroatSpray|LiquidVoice|Moonblast,HyperVoice,CalmMind,Protect|||F|||50|,,,,,Water]Kingambit||BlackGlasses|Defiant|SuckerPunch,KowtowCleave,Protect,IronHead|||M|||50|,,,,,Flying
|inactive|Battle timer is ON: inactive players will automatically lose when time's up. (requested by ScillyWi11y)
|
|t:|1757087668
|teamsize|p1|4
|teamsize|p2|4
|start
|switch|p1a: Sneasler|Sneasler, L50, F|100/100
|switch|p1b: Pelipper|Pelipper, L50, F|100/100
|switch|p2a: Gengar|Gengar, L50, M|100/100
|switch|p2b: Incineroar|Incineroar, L50, M|100/100
|-weather|RainDance|[from] ability: Drizzle|[of] p1b: Pelipper
|-ability|p2b: Incineroar|Intimidate|boost
|-unboost|p1a: Sneasler|atk|1
|-unboost|p1b: Pelipper|atk|1
|turn|1
|
|t:|1757087690
|move|p1a: Sneasler|Protect|p1a: Sneasler
|-singleturn|p1a: Sneasler|Protect
|move|p2b: Incineroar|Fake Out|p1a: Sneasler
|-activate|p1a: Sneasler|move: Protect
|move|p2a: Gengar|Sludge Bomb|p1b: Pelipper
|-damage|p1b: Pelipper|41/100
|move|p1b: Pelipper|Weather Ball|p2b: Incineroar
|-supereffective|p2b: Incineroar
|-damage|p2b: Incineroar|32/100
|
|-weather|RainDance|[upkeep]
|upkeep
|turn|2
|
|t:|1757087710
|switch|p1b: Archaludon|Archaludon, L50, M|100/100
|move|p2b: Incineroar|Protect|p2b: Incineroar
|-singleturn|p2b: Incineroar|Protect
|move|p1a: Sneasler|Dire Claw|p2a: Gengar
|-resisted|p2a: Gengar
|-damage|p2a: Gengar|88/100
|move|p2a: Gengar|Trick Room|p2a: Gengar
|-fieldstart|move: Trick Room|[of] p2a: Gengar
|
|-weather|RainDance|[upkeep]
|upkeep
|turn|3
|inactive|ScillyWi11y has 30 seconds left.
|
|t:|1757087738
|switch|p2a: Primarina|Primarina, L50, F|100/100
|move|p2b: Incineroar|Knock Off|p1b: Archaludon
|-damage|p1b: Archaludon|73/100
|-ability|p1b: Archaludon|Stamina|boost
|-boost|p1b: Archaludon|def|1
|-enditem|p1b: Archaludon|Assault Vest|[from] move: Knock Off|[of] p2b: Incineroar
|move|p1b: Archaludon|Electro Shot||[still]
|-prepare|p1b: Archaludon|Electro Shot
|-boost|p1b: Archaludon|spa|1
|-anim|p1b: Archaludon|Electro Shot|p2b: Incineroar
|-damage|p2b: Incineroar|0 fnt
|faint|p2b: Incineroar
|move|p1a: Sneasler|Throat Chop|p2a: Primarina
|-resisted|p2a: Primarina
|-damage|p2a: Primarina|90/100
|-start|p2a: Primarina|Throat Chop|[silent]
|-status|p2a: Primarina|psn|[from] ability: Poison Touch|[of] p1a: Sneasler
|
|-weather|RainDance|[upkeep]
|-damage|p2a: Primarina|77/100 psn|[from] psn
|upkeep
|
|t:|1757087753
|switch|p2b: Garchomp|Garchomp, L50, F|100/100
|turn|4
|
|t:|1757087768
|-terastallize|p1a: Sneasler|Ghost
|move|p2a: Primarina|Protect|p2a: Primarina
|-singleturn|p2a: Primarina|Protect
|move|p1b: Archaludon|Dragon Pulse|p2b: Garchomp
|-supereffective|p2b: Garchomp
|-damage|p2b: Garchomp|0 fnt
|faint|p2b: Garchomp
|move|p1a: Sneasler|Dire Claw|p2a: Primarina
|-activate|p2a: Primarina|move: Protect
|
|-weather|RainDance|[upkeep]
|-damage|p2a: Primarina|65/100 psn|[from] psn
|-end|p2a: Primarina|Throat Chop|[silent]
|upkeep
|
|t:|1757087775
|switch|p2b: Gengar|Gengar, L50, M|88/100
|turn|5
|
|t:|1757087785
|move|p1a: Sneasler|Protect|p1a: Sneasler
|-singleturn|p1a: Sneasler|Protect
|move|p2a: Primarina|Moonblast|p1b: Archaludon
|-damage|p1b: Archaludon|16/100
|-ability|p1b: Archaludon|Stamina|boost
|-boost|p1b: Archaludon|def|1
|move|p1b: Archaludon|Flash Cannon|p2a: Primarina
|-damage|p2a: Primarina|17/100 psn
|move|p2b: Gengar|Shadow Ball|p1a: Sneasler
|-activate|p1a: Sneasler|move: Protect
|
|-weather|none
|-damage|p2a: Primarina|5/100 psn|[from] psn
|upkeep
|turn|6
|
|t:|1757087804
|switch|p1a: Pelipper|Pelipper, L50, F|41/100
|-weather|RainDance|[from] ability: Drizzle|[of] p1a: Pelipper
|-terastallize|p2a: Primarina|Water
|move|p2a: Primarina|Hyper Voice|p1a: Pelipper|[spread] p1a,p1b
|-resisted|p1a: Pelipper
|-resisted|p1b: Archaludon
|-damage|p1a: Pelipper|0 fnt
|-damage|p1b: Archaludon|0 fnt
|faint|p1a: Pelipper
|faint|p1b: Archaludon
|-enditem|p2a: Primarina|Throat Spray
|-boost|p2a: Primarina|spa|1|[from] item: Throat Spray
|move|p2b: Gengar|Shadow Ball|p1: Pelipper|[notarget]
|-fail|p2b: Gengar
|
|-weather|RainDance|[upkeep]
|-damage|p2a: Primarina|0 fnt|[from] psn
|faint|p2a: Primarina
|-fieldend|move: Trick Room
|upkeep
|
|t:|1757087821
|switch|p1b: Rillaboom|Rillaboom, L50, M|100/100
|switch|p1a: Sneasler|Sneasler, L50, F, tera:Ghost|100/100
|-fieldstart|move: Grassy Terrain|[from] ability: Grassy Surge|[of] p1b: Rillaboom
|turn|7
|
|t:|1757087833
|move|p1a: Sneasler|Dire Claw|p2b: Gengar
|-resisted|p2b: Gengar
|-damage|p2b: Gengar|68/100
|-status|p2b: Gengar|par
|move|p1b: Rillaboom|Wood Hammer|p2b: Gengar
|-resisted|p2b: Gengar
|-damage|p2b: Gengar|0 fnt
|-start|p1b: Rillaboom|Disable|Wood Hammer|[from] ability: Cursed Body|[of] p2b: Gengar
|faint|p2b: Gengar
|-damage|p1b: Rillaboom|86/100|[from] Recoil
|
|win|sparrow.d.ace
|inactive|sparrow.d.ace has 30 seconds to confirm battle start!
|inactive|ScillyWi11y has 30 seconds to confirm battle start!
||sparrow.d.ace is ready for game 2.
||ScillyWi11y is ready for game 2.
|uhtml|next|Next: Game 2 of 3
|l|☆ScillyWi11y
|player|p2|
