|j|☆lildueldisk
|j|☆ZilverZurfer
|html|lildueldiskZilverZurfer    
|uhtml|bestof|Game 1 of a best-of-3
|t:|1757686549
|gametype|doubles
|player|p1|lildueldisk|burglar|1238
|player|p2|ZilverZurfer|2|1171
|gen|9
|tier|[Gen 9] VGC 2025 Reg H (Bo3)
|rated|
|rule|Species Clause: Limit one of each Pokémon
|rule|Item Clause: Limit 1 of each item
|clearpoke
|poke|p1|Dragonite, L50, F|
|poke|p1|Garchomp, L50, F|
|poke|p1|Ninetales-Alola, L50, F|
|poke|p1|Incineroar, L50, M|
|poke|p1|Kingambit, L50, M|
|poke|p1|Amoonguss, L50, M|
|poke|p2|Torkoal, L50, M|
|poke|p2|Lilligant-Hisui, L50, F|
|poke|p2|Indeedee-F, L50, F|
|poke|p2|Hatterene, L50, F|
|poke|p2|Gallade, L50, M|
|poke|p2|Ursaluna, L50, F|
|teampreview|4
|showteam|p1|Dragonite||LumBerry|InnerFocus|TeraBlast,ExtremeSpeed,LowKick,Protect|||F|||50|,,,,,Flying]Garchomp||LifeOrb|RoughSkin|DragonClaw,Earthquake,StompingTantrum,Protect|||F|||50|,,,,,Steel]Ninetales-Alola||FocusSash|SnowWarning|Blizzard,FreezeDry,Encore,Protect|||F|||50|,,,,,Ice]Incineroar||SafetyGoggles|Intimidate|FlareBlitz,KnockOff,PartingShot,FakeOut|||M|||50|,,,,,Ghost]Kingambit||AssaultVest|Defiant|KowtowCleave,SuckerPunch,IronHead,LowKick|||M|||50|,,,,,Dark]Amoonguss||SitrusBerry|Regenerator|Spore,RagePowder,PollenPuff,ClearSmog|||M|||50|,,,,,Water
|showteam|p2|Torkoal||ChoiceSpecs|Drought|Eruption,HeatWave,EarthPower,WeatherBall|||M|||50|,,,,,Fire]Lilligant-Hisui||FocusSash|Chlorophyll|Protect,AfterYou,CloseCombat,SolarBlade|||F|||50|,,,,,Ghost]Indeedee-F||PsychicSeed|PsychicSurge|Psychic,HelpingHand,TrickRoom,FollowMe|||F|||50|,,,,,Water]Hatterene||LifeOrb|MagicBounce|Protect,ExpandingForce,DazzlingGleam,TrickRoom|||F|||50|,,,,,Fire]Gallade||ClearAmulet|Sharpness|SacredSword,PsychoCut,TrickRoom,WideGuard|||M|||50|,,,,,Grass]Ursaluna||FlameOrb|Guts|Protect,HeadlongRush,Earthquake,Facade|||F|||50|,,,,,Ghost
|inactive|Battle timer is ON: inactive players will automatically lose when time's up. (requested by ZilverZurfer)
|inactive|lildueldisk has 60 seconds left.
|
|t:|1757686634
|teamsize|p1|4
|teamsize|p2|4
|start
|switch|p1a: Incineroar|Incineroar, L50, M, shiny|100/100
|switch|p1b: Kingambit|Kingambit, L50, M, shiny|100/100
|switch|p2a: Indeedee|Indeedee-F, L50, F|100/100
|switch|p2b: Gallade|Gallade, L50, M|100/100
|-fieldstart|move: Psychic Terrain|[from] ability: Psychic Surge|[of] p2a: Indeedee
|-enditem|p2a: Indeedee|Psychic Seed
|-boost|p2a: Indeedee|spd|1|[from] item: Psychic Seed
|-ability|p1a: Incineroar|Intimidate|boost
|-unboost|p2a: Indeedee|atk|1
|-fail|p2b: Gallade|unboost|[from] item: Clear Amulet|[of] p2b: Gallade
|turn|1
|inactive|lildueldisk has 30 seconds left.
|
|t:|1757686661
|-terastallize|p1b: Kingambit|Dark
|move|p2a: Indeedee|Follow Me|p2a: Indeedee
|-singleturn|p2a: Indeedee|move: Follow Me
|move|p1a: Incineroar|Knock Off|p2a: Indeedee
|-supereffective|p2a: Indeedee
|-damage|p2a: Indeedee|53/100
|move|p1b: Kingambit|Kowtow Cleave|p2a: Indeedee
|-supereffective|p2a: Indeedee
|-damage|p2a: Indeedee|0 fnt
|faint|p2a: Indeedee
|move|p2b: Gallade|Trick Room|p2b: Gallade
|-fieldstart|move: Trick Room|[of] p2b: Gallade
|
|upkeep
|
|t:|1757686674
|switch|p2a: Hatterene|Hatterene, L50, F|100/100
|turn|2
|inactive|lildueldisk has 30 seconds left.
|
|t:|1757686699
|switch|p1b: Garchomp|Garchomp, L50, F, shiny|100/100
|move|p2a: Hatterene|Dazzling Gleam|p1b: Garchomp|[spread] p1a,p1b
|-supereffective|p1b: Garchomp
|-damage|p1a: Incineroar|62/100
|-damage|p1b: Garchomp|5/100
|-damage|p2a: Hatterene|91/100|[from] item: Life Orb
|move|p1a: Incineroar|Knock Off|p2a: Hatterene
|-damage|p2a: Hatterene|47/100
|-enditem|p2a: Hatterene|Life Orb|[from] move: Knock Off|[of] p1a: Incineroar
|move|p2b: Gallade|Sacred Sword|p1a: Incineroar
|-supereffective|p1a: Incineroar
|-damage|p1a: Incineroar|0 fnt
|faint|p1a: Incineroar
|
|upkeep
|
|t:|1757686713
|switch|p1a: Ninetales|Ninetales-Alola, L50, F, shiny|100/100
|-weather|Snowscape|[from] ability: Snow Warning|[of] p1a: Ninetales
|turn|3
|
|t:|1757686725
|move|p1b: Garchomp|Protect|p1b: Garchomp
|-singleturn|p1b: Garchomp|Protect
|move|p1a: Ninetales|Protect|p1a: Ninetales
|-singleturn|p1a: Ninetales|Protect
|move|p2a: Hatterene|Dazzling Gleam|p1b: Garchomp|[spread] 
|-activate|p1a: Ninetales|move: Protect
|-activate|p1b: Garchomp|move: Protect
|move|p2b: Gallade|Sacred Sword|p1a: Ninetales
|-activate|p1a: Ninetales|move: Protect
|
|-weather|Snowscape|[upkeep]
|upkeep
|turn|4
|
|t:|1757686748
|move|p2a: Hatterene|Dazzling Gleam|p1b: Garchomp|[spread] p1a,p1b
|-supereffective|p1b: Garchomp
|-damage|p1a: Ninetales|60/100
|-damage|p1b: Garchomp|0 fnt
|faint|p1b: Garchomp
|move|p2b: Gallade|Psycho Cut|p1a: Ninetales
|-damage|p1a: Ninetales|0 fnt
|faint|p1a: Ninetales
|
|-weather|Snowscape|[upkeep]
|upkeep
|
|t:|1757686757
|switch|p1a: Kingambit|Kingambit, L50, M, shiny, tera:Dark|100/100
|turn|5
|
|t:|1757686770
|move|p2a: Hatterene|Dazzling Gleam|p1a: Kingambit
|-supereffective|p1a: Kingambit
|-damage|p1a: Kingambit|42/100
|move|p1a: Kingambit|Kowtow Cleave|p2a: Hatterene
|-damage|p2a: Hatterene|0 fnt
|faint|p2a: Hatterene
|move|p2b: Gallade|Sacred Sword|p1a: Kingambit
|-supereffective|p1a: Kingambit
|-damage|p1a: Kingambit|0 fnt
|faint|p1a: Kingambit
|
|win|ZilverZurfer
||ZilverZurfer is ready for game 2.
||lildueldisk is ready for game 2.
|uhtml|next|Next: Game 2 of 3
