|j|☆Farigi no Raf
|j|☆Sonja Hilmer
|html|Farigi no RafSonja Hilmer    
|uhtml|bestof|Game 1 of a best-of-3
|t:|1757122660
|gametype|doubles
|player|p1|Farigi no Raf|vince|1371
|player|p2|Sonja Hilmer|lady|1511
|gen|9
|tier|[Gen 9] VGC 2025 Reg H (Bo3)
|rated|
|rule|Species Clause: Limit one of each Pokémon
|rule|Item Clause: Limit 1 of each item
|clearpoke
|poke|p1|Dragonite, L50, F|
|poke|p1|Gholdengo, L50|
|poke|p1|Sneasler, L50, F|
|poke|p1|Rillaboom, L50, M|
|poke|p1|Ursaluna-Bloodmoon, L50, M|
|poke|p1|Magmar, L50, F|
|poke|p2|Dachsbun, L50, M|
|poke|p2|Typhlosion-Hisui, L50, F|
|poke|p2|Basculegion, L50, M|
|poke|p2|Jumpluff, L50, M|
|poke|p2|Rillaboom, L50, F|
|poke|p2|Torkoal, L50, F|
|teampreview|4
|showteam|p1|Dragonite||LoadedDice|Multiscale|ScaleShot,Tailwind,ExtremeSpeed,Protect|||F|||50|,,,,,Fairy]Gholdengo||LifeOrb|GoodasGold|MakeItRain,ShadowBall,NastyPlot,Protect||||||50|,,,,,Water]Sneasler||FocusSash|PoisonTouch|CloseCombat,DireClaw,Coaching,FakeOut|||F|||50|,,,,,Ghost]Rillaboom||AssaultVest|GrassySurge|WoodHammer,FakeOut,GrassyGlide,HighHorsepower|||M|||50|,,,,,Fire]Ursaluna-Bloodmoon||SilkScarf|MindsEye|HyperVoice,EarthPower,BloodMoon,Protect|||M|||50|,,,,,Water]Magmar||Eviolite|VitalSpirit|FollowMe,BurningJealousy,ClearSmog,Protect|||F|||50|,,,,,Dragon
|showteam|p2|Dachsbun||Leftovers|WellBakedBody|BodyPress,Snarl,HelpingHand,Protect|||M|||50|,,,,,Steel]Typhlosion-Hisui||ChoiceSpecs|Blaze|Eruption,LavaPlume,Overheat,ShadowBall|||F|||50|,,,,,Fire]Basculegion||ChoiceScarf|Adaptability|WaveCrash,FlipTurn,LastRespects,TeraBlast|||M|||50|,,,,,Fairy]Jumpluff||CovertCloak|Chlorophyll|SleepPowder,SunnyDay,RagePowder,Tailwind|||M|||50|,,,,,Water]Rillaboom||LifeOrb|GrassySurge|WoodHammer,GrassyGlide,HighHorsepower,FakeOut|||F|||50|,,,,,Stellar]Torkoal||SitrusBerry|Drought|HeatWave,LavaPlume,ClearSmog,Protect|||F|||50|,,,,,Fairy
|inactive|Battle timer is ON: inactive players will automatically lose when time's up. (requested by Sonja Hilmer)
|inactive|Sonja Hilmer has 60 seconds left.
|
|t:|1757122697
|teamsize|p1|4
|teamsize|p2|4
|start
|switch|p1a: Sneasler|Sneasler, L50, F|100/100
|switch|p1b: Dragonite|Dragonite, L50, F|100/100
|switch|p2a: Typhlosion|Typhlosion-Hisui, L50, F|100/100
|switch|p2b: Torkoal|Torkoal, L50, F|100/100
|-weather|SunnyDay|[from] ability: Drought|[of] p2b: Torkoal
|turn|1
|
|t:|1757122708
|move|p1a: Sneasler|Dire Claw|p2a: Typhlosion
|-resisted|p2a: Typhlosion
|-damage|p2a: Typhlosion|71/100
|move|p2a: Typhlosion|Eruption|p1b: Dragonite|[spread] p1a,p1b
|-resisted|p1b: Dragonite
|-enditem|p1a: Sneasler|Focus Sash
|-damage|p1a: Sneasler|1/100
|-damage|p1b: Dragonite|80/100
|move|p1b: Dragonite|Scale Shot|p2a: Typhlosion
|-crit|p2a: Typhlosion
|-damage|p2a: Typhlosion|41/100
|-damage|p2a: Typhlosion|19/100
|-damage|p2a: Typhlosion|0 fnt
|faint|p2a: Typhlosion
|-hitcount|p2: Typhlosion|3
|-unboost|p1b: Dragonite|def|1
|-boost|p1b: Dragonite|spe|1
|move|p2b: Torkoal|Heat Wave|p1a: Sneasler|[spread] p1a,p1b
|-resisted|p1b: Dragonite
|-damage|p1a: Sneasler|0 fnt
|-damage|p1b: Dragonite|62/100
|faint|p1a: Sneasler
|
|-weather|SunnyDay|[upkeep]
|upkeep
|
|t:|1757122722
|switch|p1a: Ursaluna|Ursaluna-Bloodmoon, L50, M|100/100
|switch|p2a: Rillaboom|Rillaboom, L50, F|100/100
|-fieldstart|move: Grassy Terrain|[from] ability: Grassy Surge|[of] p2a: Rillaboom
|turn|2
|inactive|Farigi no Raf has 30 seconds left.
|inactive|Farigi no Raf has 20 seconds left.
|
|t:|1757122760
|move|p2a: Rillaboom|Fake Out|p1b: Dragonite
|-damage|p1b: Dragonite|29/100
|-damage|p2a: Rillaboom|91/100|[from] item: Life Orb
|cant|p1b: Dragonite|flinch
|move|p1a: Ursaluna|Blood Moon|p2a: Rillaboom
|-damage|p2a: Rillaboom|0 fnt
|faint|p2a: Rillaboom
|move|p2b: Torkoal|Heat Wave|p1b: Dragonite|[spread] p1a,p1b
|-crit|p1a: Ursaluna
|-resisted|p1b: Dragonite
|-damage|p1a: Ursaluna|40/100
|-damage|p1b: Dragonite|12/100
|
|-weather|SunnyDay|[upkeep]
|-heal|p1a: Ursaluna|46/100|[from] Grassy Terrain
|upkeep
|
|t:|1757122769
|switch|p2a: Basculegion|Basculegion, L50, M|100/100
|turn|3
|inactive|Sonja Hilmer has 30 seconds left.
|inactive|Sonja Hilmer has 20 seconds left.
|inactive|Sonja Hilmer has 15 seconds left.
|
|t:|1757122810
|-terastallize|p2a: Basculegion|Fairy
|move|p1b: Dragonite|Protect|p1b: Dragonite
|-singleturn|p1b: Dragonite|Protect
|move|p1a: Ursaluna|Protect|p1a: Ursaluna
|-singleturn|p1a: Ursaluna|Protect
|move|p2b: Torkoal|Protect|p2b: Torkoal
|-singleturn|p2b: Torkoal|Protect
|move|p2a: Basculegion|Tera Blast|p1b: Dragonite|[anim] Tera Blast Fairy
|-activate|p1b: Dragonite|move: Protect
|
|-weather|SunnyDay|[upkeep]
|-heal|p1a: Ursaluna|53/100|[from] Grassy Terrain
|upkeep
|turn|4
|
|t:|1757122824
|switch|p1a: Magmar|Magmar, L50, F|100/100
|move|p1b: Dragonite|Tailwind|p1b: Dragonite
|-sidestart|p1: Farigi no Raf|move: Tailwind
|move|p2a: Basculegion|Tera Blast|p1a: Magmar|[anim] Tera Blast Fairy
|-resisted|p1a: Magmar
|-damage|p1a: Magmar|79/100
|move|p2b: Torkoal|Heat Wave|p1b: Dragonite|[spread] p1a,p1b
|-resisted|p1a: Magmar
|-resisted|p1b: Dragonite
|-damage|p1a: Magmar|65/100
|-damage|p1b: Dragonite|0 fnt
|faint|p1b: Dragonite
|
|-weather|SunnyDay|[upkeep]
|-heal|p1a: Magmar|71/100|[from] Grassy Terrain
|upkeep
|
|t:|1757122832
|switch|p1b: Ursaluna|Ursaluna-Bloodmoon, L50, M|53/100
|turn|5
|
|t:|1757122847
|-terastallize|p1b: Ursaluna|Water
|move|p1a: Magmar|Follow Me|p1a: Magmar
|-singleturn|p1a: Magmar|move: Follow Me
|move|p1b: Ursaluna|Blood Moon|p2a: Basculegion
|-damage|p2a: Basculegion|4/100
|move|p2a: Basculegion|Tera Blast|p1a: Magmar|[anim] Tera Blast Fairy
|-resisted|p1a: Magmar
|-damage|p1a: Magmar|50/100
|move|p2b: Torkoal|Heat Wave|p1a: Magmar|[spread] p1a,p1b
|-resisted|p1a: Magmar
|-resisted|p1b: Ursaluna
|-damage|p1a: Magmar|38/100
|-damage|p1b: Ursaluna|33/100
|-status|p1b: Ursaluna|brn
|
|-weather|none
|-heal|p1a: Magmar|44/100|[from] Grassy Terrain
|-heal|p1b: Ursaluna|39/100 brn|[from] Grassy Terrain
|-heal|p2a: Basculegion|10/100|[from] Grassy Terrain
|-damage|p1b: Ursaluna|33/100 brn|[from] brn
|upkeep
|turn|6
|
|t:|1757122864
|move|p1a: Magmar|Burning Jealousy|p2a: Basculegion|[spread] p2a,p2b
|-resisted|p2b: Torkoal
|-damage|p2a: Basculegion|0 fnt
|-damage|p2b: Torkoal|90/100
|faint|p2a: Basculegion
|move|p1b: Ursaluna|Earth Power|p2b: Torkoal
|-supereffective|p2b: Torkoal
|-damage|p2b: Torkoal|0 fnt
|faint|p2b: Torkoal
|
|win|Farigi no Raf
