|j|☆roppoo
|j|☆Mortipherus
|html|roppooMortipherus    
|uhtml|bestof|Game 1 of a best-of-3
|t:|1756562735
|gametype|doubles
|player|p1|roppoo|170|1100
|player|p2|Mortipherus|biker-gen4|1047
|gen|9
|tier|[Gen 9] VGC 2025 Reg H (Bo3)
|rated|
|rule|Species Clause: Limit one of each Pokémon
|rule|Item Clause: Limit 1 of each item
|clearpoke
|poke|p1|Indeedee-F, L50, F|
|poke|p1|Hatterene, L50, F|
|poke|p1|Gallade, L50, M|
|poke|p1|Ursaluna, L50, M|
|poke|p1|Lilligant-Hisui, L50, F|
|poke|p1|Torkoal, L50, M|
|poke|p2|Hydrapple, L50, F|
|poke|p2|Arcanine-Hisui, L50, M|
|poke|p2|Gholdengo, L50|
|poke|p2|Electabuzz, L50, F|
|poke|p2|Indeedee, L50, M|
|poke|p2|Sneasler, L50, F|
|teampreview|4
|showteam|p1|Indeedee-F||PsychicSeed|PsychicSurge|TrickRoom,FollowMe,HelpingHand,DazzlingGleam|||F|||50|,,,,,Fire]Hatterene||LifeOrb|MagicBounce|ExpandingForce,TrickRoom,DazzlingGleam,Protect|||F|||50|,,,,,Psychic]Gallade||ClearAmulet|Sharpness|PsychoCut,TrickRoom,SacredSword,WideGuard|||M|||50|,,,,,Grass]Ursaluna||FlameOrb|Guts|HeadlongRush,Facade,SwordsDance,Protect|||M|||50|,,,,,Ghost]Lilligant-Hisui||FocusSash|Chlorophyll|SolarBlade,SleepPowder,CloseCombat,AfterYou|||F|||50|,,,,,Ghost]Torkoal||ChoiceSpecs|Drought|Eruption,HeatWave,WeatherBall,EarthPower|||M|||50|,,,,,Fire
|showteam|p2|Hydrapple||AssaultVest|Regenerator|FickleBeam,EnergyBall,EarthPower,BreakingSwipe|||F|||50|,,,,,Ground]Arcanine-Hisui||ClearAmulet|Intimidate|Protect,ExtremeSpeed,FlareBlitz,RockSlide|||M|||50|,,,,,Grass]Gholdengo||LifeOrb|GoodasGold|Protect,NastyPlot,MakeItRain,ShadowBall||||||50|,,,,,Flying]Electabuzz||Eviolite|VitalSpirit|Protect,FollowMe,Taunt,Electroweb|||F|||50|,,,,,Dragon]Indeedee||FocusSash|PsychicSurge|Protect,TrickRoom,ExpandingForce,TeraBlast|||M|||50|,,,,,Ground]Sneasler||PsychicSeed|Unburden|Protect,ThroatChop,DireClaw,CloseCombat|||F|||50|,,,,,Dark
|inactive|Battle timer is ON: inactive players will automatically lose when time's up. (requested by roppoo)
|
|t:|1756562755
|teamsize|p1|4
|teamsize|p2|4
|start
|switch|p1a: Lilligant|Lilligant-Hisui, L50, F|100/100
|switch|p1b: Torkoal|Torkoal, L50, M|100/100
|switch|p2a: Electabuzz|Electabuzz, L50, F|100/100
|switch|p2b: Gholdengo|Gholdengo, L50|100/100
|-weather|SunnyDay|[from] ability: Drought|[of] p1b: Torkoal
|turn|1
|inactive|roppoo has 30 seconds left.
|inactive|Mortipherus has 30 seconds left.
|
|t:|1756562787
|-terastallize|p2a: Electabuzz|Dragon
|move|p2b: Gholdengo|Protect|p2b: Gholdengo
|-singleturn|p2b: Gholdengo|Protect
|move|p1a: Lilligant|After You|p1b: Torkoal
|-activate|p1b: Torkoal|move: After You
|move|p1b: Torkoal|Eruption|p2a: Electabuzz|[spread] p2a
|-activate|p2b: Gholdengo|move: Protect
|-resisted|p2a: Electabuzz
|-damage|p2a: Electabuzz|61/100
|move|p2a: Electabuzz|Taunt|p1a: Lilligant
|-start|p1a: Lilligant|move: Taunt
|
|-weather|SunnyDay|[upkeep]
|upkeep
|turn|2
|
|t:|1756562805
|switch|p1b: Ursaluna|Ursaluna, L50, M|100/100
|move|p1a: Lilligant|Solar Blade||[still]
|-prepare|p1a: Lilligant|Solar Blade
|-anim|p1a: Lilligant|Solar Blade|p2a: Electabuzz
|-resisted|p2a: Electabuzz
|-damage|p2a: Electabuzz|39/100
|move|p2a: Electabuzz|Electroweb|p1b: Ursaluna|[spread] p1a
|-immune|p1b: Ursaluna
|-resisted|p1a: Lilligant
|-damage|p1a: Lilligant|89/100
|-unboost|p1a: Lilligant|spe|1
|move|p2b: Gholdengo|Shadow Ball|p1b: Ursaluna
|-immune|p1b: Ursaluna
|
|-weather|SunnyDay|[upkeep]
|-status|p1b: Ursaluna|brn|[from] item: Flame Orb
|upkeep
|turn|3
|inactive|roppoo has 30 seconds left.
|
|t:|1756562840
|move|p1b: Ursaluna|Protect|p1b: Ursaluna
|-singleturn|p1b: Ursaluna|Protect
|move|p2a: Electabuzz|Follow Me|p2a: Electabuzz
|-singleturn|p2a: Electabuzz|move: Follow Me
|move|p1a: Lilligant|Close Combat|p2a: Electabuzz
|-damage|p2a: Electabuzz|0 fnt
|-unboost|p1a: Lilligant|def|1
|-unboost|p1a: Lilligant|spd|1
|faint|p2a: Electabuzz
|move|p2b: Gholdengo|Nasty Plot|p2b: Gholdengo
|-boost|p2b: Gholdengo|spa|2
|
|-weather|SunnyDay|[upkeep]
|-damage|p1b: Ursaluna|95/100 brn|[from] brn
|upkeep
|
|t:|1756562853
|switch|p2a: Sneasler|Sneasler, L50, F|100/100
|turn|4
|
|t:|1756562872
|switch|p1a: Torkoal|Torkoal, L50, M|100/100
|-terastallize|p1b: Ursaluna|Ghost
|move|p2a: Sneasler|Protect|p2a: Sneasler
|-singleturn|p2a: Sneasler|Protect
|move|p2b: Gholdengo|Make It Rain|p1a: Torkoal|[spread] p1a,p1b
|-resisted|p1a: Torkoal
|-damage|p1a: Torkoal|12/100
|-damage|p1b: Ursaluna|0 fnt
|-unboost|p2b: Gholdengo|spa|1
|faint|p1b: Ursaluna
|-damage|p2b: Gholdengo|91/100|[from] item: Life Orb
|
|-weather|SunnyDay|[upkeep]
|upkeep
|
|t:|1756562888
|switch|p1b: Hatterene|Hatterene, L50, F|100/100
|turn|5
|
|t:|1756562896
|move|p1b: Hatterene|Protect|p1b: Hatterene
|-singleturn|p1b: Hatterene|Protect
|move|p2a: Sneasler|Dire Claw|p1b: Hatterene
|-activate|p1b: Hatterene|move: Protect
|move|p2b: Gholdengo|Make It Rain|p1a: Torkoal|[spread] p1a
|-activate|p1b: Hatterene|move: Protect
|-resisted|p1a: Torkoal
|-damage|p1a: Torkoal|0 fnt
|-unboost|p2b: Gholdengo|spa|1
|faint|p1a: Torkoal
|-damage|p2b: Gholdengo|82/100|[from] item: Life Orb
|
|-weather|none
|upkeep
|
|t:|1756562903
|switch|p1a: Lilligant|Lilligant-Hisui, L50, F|89/100
|turn|6
|-message|roppoo forfeited.
|
|win|Mortipherus
|l|☆roppoo
|player|p1|
