|j|☆P!nkbearz07
|j|☆SelvesterTheYAK
|html|P!nkbearz07SelvesterTheYAK    
|uhtml|bestof|Game 1 of a best-of-3
|t:|1757652810
|gametype|doubles
|player|p1|P!nkbearz07|marlon|1052
|player|p2|SelvesterTheYAK|170|1083
|gen|9
|tier|[Gen 9] VGC 2025 Reg H (Bo3)
|rated|
|rule|Species Clause: Limit one of each Pokémon
|rule|Item Clause: Limit 1 of each item
|clearpoke
|poke|p1|Whimsicott, L50, F|
|poke|p1|Lurantis, L50, F|
|poke|p1|Tsareena, L50, F|
|poke|p1|Sunflora, L50, M|
|poke|p1|Rillaboom, L50, M|
|poke|p1|Appletun, L50, M|
|poke|p2|Tyranitar, L50, M|
|poke|p2|Gholdengo, L50|
|poke|p2|Corviknight, L50, F|
|poke|p2|Amoonguss, L50, M|
|poke|p2|Garchomp, L50, M|
|poke|p2|Incineroar, L50, M|
|teampreview|4
|showteam|p1|Whimsicott||FocusSash|Prankster|Moonblast,Tailwind,FakeTears,Tickle|||F|||50|,,,,,Ghost]Lurantis||CovertCloak|Contrary|TeraBlast,Superpower,GrassyGlide,Protect|||F|||50|,,,,,Rock]Tsareena||GrassySeed|QueenlyMajesty|Acrobatics,HighJumpKick,SeedBomb,Protect|||F|||50|,,,,,Flying]Sunflora||LifeOrb|SolarPower|EnergyBall,EarthPower,DazzlingGleam,Protect|||M|||50|,,,,,Stellar]Rillaboom||AssaultVest|GrassySurge|FakeOut,GrassyGlide,WoodHammer,Uturn|||M|||50|,,,,,Water]Appletun||Leftovers|ThickFat|LightScreen,Reflect,LeechSeed,BodyPress|||M|||50|,,,,,Water
|showteam|p2|Tyranitar||AssaultVest|SandStream|RockSlide,KnockOff,TeraBlast,LowKick|||M|||50|,,,,,Flying]Gholdengo||MetalCoat|GoodasGold|MakeItRain,ShadowBall,NastyPlot,Protect||||||50|,,,,,Flying]Corviknight||Leftovers|MirrorArmor|BraveBird,Tailwind,Roost,BulkUp|||F|||50|,,,,,Dragon]Amoonguss||SitrusBerry|Regenerator|Spore,RagePowder,ClearSmog,Protect|||M|||50|,,,,,Water]Garchomp||LifeOrb|RoughSkin|Earthquake,DragonClaw,StompingTantrum,Protect|||M|||50|,,,,,Steel]Incineroar||SafetyGoggles|Intimidate|FakeOut,KnockOff,PartingShot,Taunt|||M|||50|,,,,,Grass
|inactive|Battle timer is ON: inactive players will automatically lose when time's up. (requested by P!nkbearz07)
|inactive|SelvesterTheYAK has 60 seconds left.
|
|t:|1757652845
|teamsize|p1|4
|teamsize|p2|4
|start
|switch|p1a: Lurantis|Lurantis, L50, F, shiny|100/100
|switch|p1b: Whimsicott|Whimsicott, L50, F, shiny|100/100
|switch|p2a: Corviknight|Corviknight, L50, F|100/100
|switch|p2b: Gholdengo|Gholdengo, L50|100/100
|turn|1
|inactive|P!nkbearz07 has 30 seconds left.
|
|t:|1757652873
|move|p1b: Whimsicott|Fake Tears|p1a: Lurantis
|-boost|p1a: Lurantis|spd|2
|move|p2b: Gholdengo|Nasty Plot|p2b: Gholdengo
|-boost|p2b: Gholdengo|spa|2
|move|p2a: Corviknight|Tailwind|p2a: Corviknight
|-sidestart|p2: SelvesterTheYAK|move: Tailwind
|move|p1a: Lurantis|Superpower|p2a: Corviknight
|-damage|p2a: Corviknight|69/100
|-boost|p1a: Lurantis|atk|1
|-boost|p1a: Lurantis|def|1
|
|-heal|p2a: Corviknight|75/100|[from] item: Leftovers
|upkeep
|turn|2
|
|t:|1757652893
|move|p1b: Whimsicott|Fake Tears|p1a: Lurantis
|-boost|p1a: Lurantis|spd|2
|move|p2b: Gholdengo|Make It Rain|p1b: Whimsicott|[spread] p1a,p1b
|-supereffective|p1b: Whimsicott
|-damage|p1a: Lurantis|57/100
|-enditem|p1b: Whimsicott|Focus Sash
|-damage|p1b: Whimsicott|1/100
|-unboost|p2b: Gholdengo|spa|1
|move|p2a: Corviknight|Bulk Up|p2a: Corviknight
|-boost|p2a: Corviknight|atk|1
|-boost|p2a: Corviknight|def|1
|move|p1a: Lurantis|Superpower|p2a: Corviknight
|-damage|p2a: Corviknight|44/100
|-boost|p1a: Lurantis|atk|1
|-boost|p1a: Lurantis|def|1
|
|-heal|p2a: Corviknight|50/100|[from] item: Leftovers
|upkeep
|turn|3
|inactive|SelvesterTheYAK has 30 seconds left.
|
|t:|1757652922
|move|p1a: Lurantis|Protect|p1a: Lurantis
|-singleturn|p1a: Lurantis|Protect
|move|p1b: Whimsicott|Tailwind|p1b: Whimsicott
|-sidestart|p1: P!nkbearz07|move: Tailwind
|move|p2b: Gholdengo|Make It Rain|p1a: Lurantis|[spread] p1b
|-activate|p1a: Lurantis|move: Protect
|-supereffective|p1b: Whimsicott
|-damage|p1b: Whimsicott|0 fnt
|-unboost|p2b: Gholdengo|spa|1
|faint|p1b: Whimsicott
|move|p2a: Corviknight|Brave Bird|p1a: Lurantis
|-activate|p1a: Lurantis|move: Protect
|
|-heal|p2a: Corviknight|56/100|[from] item: Leftovers
|upkeep
|inactive|P!nkbearz07 has 30 seconds left.
|
|t:|1757652951
|switch|p1b: Tsareena|Tsareena, L50, F, shiny|100/100
|turn|4
|
|t:|1757652962
|move|p2b: Gholdengo|Make It Rain|p1a: Lurantis|[spread] p1a,p1b
|-damage|p1a: Lurantis|36/100
|-damage|p1b: Tsareena|39/100
|-unboost|p2b: Gholdengo|spa|1
|move|p1b: Tsareena|High Jump Kick|p2a: Corviknight
|-damage|p2a: Corviknight|30/100
|move|p2a: Corviknight|Brave Bird|p1a: Lurantis
|-supereffective|p1a: Lurantis
|-damage|p1a: Lurantis|0 fnt
|faint|p1a: Lurantis
|-damage|p2a: Corviknight|21/100|[from] Recoil
|
|-heal|p2a: Corviknight|27/100|[from] item: Leftovers
|-sideend|p2: SelvesterTheYAK|move: Tailwind
|upkeep
|
|t:|1757652972
|switch|p1a: Rillaboom|Rillaboom, L50, M, shiny|100/100
|-fieldstart|move: Grassy Terrain|[from] ability: Grassy Surge|[of] p1a: Rillaboom
|-enditem|p1b: Tsareena|Grassy Seed
|-boost|p1b: Tsareena|def|1|[from] item: Grassy Seed
|turn|5
|
|t:|1757652985
|move|p1a: Rillaboom|Fake Out|p2a: Corviknight
|-resisted|p2a: Corviknight
|-damage|p2a: Corviknight|23/100
|move|p1b: Tsareena|Seed Bomb|p2b: Gholdengo
|-resisted|p2b: Gholdengo
|-damage|p2b: Gholdengo|72/100
|move|p2b: Gholdengo|Shadow Ball|p1b: Tsareena
|-damage|p1b: Tsareena|10/100
|-unboost|p1b: Tsareena|spd|1
|cant|p2a: Corviknight|flinch
|
|-heal|p1b: Tsareena|16/100|[from] Grassy Terrain
|-heal|p2b: Gholdengo|78/100|[from] Grassy Terrain
|-heal|p2a: Corviknight|29/100|[from] item: Leftovers
|upkeep
|turn|6
|inactive|P!nkbearz07 has 30 seconds left.
|
|t:|1757653017
|move|p1a: Rillaboom|Wood Hammer|p2b: Gholdengo
|-resisted|p2b: Gholdengo
|-damage|p2b: Gholdengo|36/100
|-damage|p1a: Rillaboom|89/100|[from] Recoil
|move|p1b: Tsareena|Seed Bomb|p2b: Gholdengo
|-resisted|p2b: Gholdengo
|-crit|p2b: Gholdengo
|-damage|p2b: Gholdengo|0 fnt
|faint|p2b: Gholdengo
|move|p2a: Corviknight|Roost|p2a: Corviknight
|-heal|p2a: Corviknight|80/100
|-singleturn|p2a: Corviknight|move: Roost
|
|-heal|p1a: Rillaboom|95/100|[from] Grassy Terrain
|-heal|p1b: Tsareena|23/100|[from] Grassy Terrain
|-heal|p2a: Corviknight|85/100|[from] Grassy Terrain
|-heal|p2a: Corviknight|91/100|[from] item: Leftovers
|-sideend|p1: P!nkbearz07|move: Tailwind
|upkeep
|
|t:|1757653035
|switch|p2b: Incineroar|Incineroar, L50, M|100/100
|-ability|p2b: Incineroar|Intimidate|boost
|-unboost|p1a: Rillaboom|atk|1
|-unboost|p1b: Tsareena|atk|1
|turn|7
|inactive|P!nkbearz07 has 30 seconds left.
|
|t:|1757653066
|move|p2b: Incineroar|Fake Out||[still]
|cant|p1b: Tsareena|ability: Queenly Majesty|Fake Out|[of] p2b: Incineroar
|move|p1a: Rillaboom|Wood Hammer|p2a: Corviknight
|-resisted|p2a: Corviknight
|-damage|p2a: Corviknight|84/100
|-damage|p1a: Rillaboom|92/100|[from] Recoil
|move|p1b: Tsareena|High Jump Kick|p2b: Incineroar
|-supereffective|p2b: Incineroar
|-damage|p2b: Incineroar|46/100
|move|p2a: Corviknight|Brave Bird|p1b: Tsareena
|-supereffective|p1b: Tsareena
|-damage|p1b: Tsareena|0 fnt
|faint|p1b: Tsareena
|-damage|p2a: Corviknight|78/100|[from] Recoil
|
|-heal|p1a: Rillaboom|98/100|[from] Grassy Terrain
|-heal|p2a: Corviknight|84/100|[from] item: Leftovers
|-heal|p2b: Incineroar|52/100|[from] Grassy Terrain
|upkeep
|turn|8
|inactive|SelvesterTheYAK has 30 seconds left.
|
|t:|1757653094
|-terastallize|p1a: Rillaboom|Water
|move|p1a: Rillaboom|Wood Hammer|p2a: Corviknight
|-resisted|p2a: Corviknight
|-damage|p2a: Corviknight|78/100
|-damage|p1a: Rillaboom|96/100|[from] Recoil
|move|p2a: Corviknight|Brave Bird|p1a: Rillaboom
|-damage|p1a: Rillaboom|35/100
|-damage|p2a: Corviknight|59/100|[from] Recoil
|move|p2b: Incineroar|Knock Off|p1a: Rillaboom
|-damage|p1a: Rillaboom|0 fnt
|-enditem|p1a: Rillaboom|Assault Vest|[from] move: Knock Off|[of] p2b: Incineroar
|faint|p1a: Rillaboom
|
|win|SelvesterTheYAK
