|j|☆Sangyforever
|j|☆sergiovj
|html|Sangyforeversergiovj    
|uhtml|bestof|Game 2 of a best-of-3
|t:|1782409535
|gametype|doubles
|player|p1|Sangyforever|2|
|player|p2|sergiovj|266|
|gen|9
|tier|[Gen 9 Champions] VGC 2026 Reg M-B (Bo3)
|rule|Species Clause: Limit one of each Pokémon
|rule|Item Clause: Limit 1 of each item
|clearpoke
|poke|p1|Swampert, L50, F|
|poke|p1|Pelipper, L50, F|
|poke|p1|Archaludon, L50, F|
|poke|p1|Raichu, L50, M|
|poke|p1|Sinistcha, L50|
|poke|p1|Sneasler, L50, M|
|poke|p2|Metagross, L50|
|poke|p2|Archaludon, L50, M|
|poke|p2|Pelipper, L50, F|
|poke|p2|Swampert, L50, M|
|poke|p2|Incineroar, L50, M|
|poke|p2|Sneasler, L50, F|
|teampreview|4
|showteam|p1|Swampert||Swampertite|Torrent|WaveCrash,HighHorsepower,IcePunch,Protect|Adamant||F|||50|]Pelipper||FocusSash|Drizzle|Tailwind,WeatherBall,Hurricane,WideGuard|Modest||F|||50|]Archaludon||Leftovers|Stamina|ElectroShot,DragonPulse,FlashCannon,Protect|Modest||F|||50|]Raichu||RaichuniteX|Static|VoltSwitch,VoltTackle,FakeOut,RainDance|Jolly||M|||50|]Sinistcha||CobaBerry|Hospitality|MatchaGotcha,RagePowder,TrickRoom,LifeDew|Bold|||||50|]Sneasler||WhiteHerb|Unburden|FakeOut,CloseCombat,DireClaw,Protect|Jolly||M|||50|
|showteam|p2|Metagross||Metagrossite|ClearBody|IronHead,IcePunch,Protect,StompingTantrum|Jolly|||||50|]Archaludon||Leftovers|Stamina|DragonPulse,ElectroShot,Protect,AuraSphere|Modest||M|||50|]Pelipper||SitrusBerry|Drizzle|Hurricane,WeatherBall,Protect,Tailwind|Modest||F|||50|]Swampert||Swampertite|Torrent|WaveCrash,HighHorsepower,Protect,IcePunch|Adamant||M|||50|]Incineroar||PasshoBerry|Intimidate|FlareBlitz,ThroatChop,PartingShot,FakeOut|Careful||M|||50|]Sneasler||FocusSash|PoisonTouch|CloseCombat,RockSlide,FakeOut,Coaching|Jolly||F|||50|
|inactive|Battle timer is ON: inactive players will automatically lose when time's up. (requested by sergiovj)
|inactive|sergiovj has 60 seconds left.
|
|t:|1782409590
|teamsize|p1|4
|teamsize|p2|4
|start
|switch|p1a: Raichu|Raichu, L50, M|100/100
|switch|p1b: Sinistcha|Sinistcha, L50|100/100
|switch|p2a: Swampert|Swampert, L50, M|100/100
|switch|p2b: Sneasler|Sneasler, L50, F|100/100
|turn|1
|inactive|Sangyforever has 30 seconds left.
|inactive|sergiovj has 30 seconds left.
|inactive|Sangyforever has 20 seconds left.
|inactive|Sangyforever has 15 seconds left.
|inactive|Sangyforever has 10 seconds left.
|
|t:|1782409638
|switch|p2a: Incineroar|Incineroar, L50, M|100/100
|-ability|p2a: Incineroar|Intimidate|boost
|-unboost|p1a: Raichu|atk|1
|-unboost|p1b: Sinistcha|atk|1
|detailschange|p1a: Raichu|Raichu-Mega-X, L50, M
|-mega|p1a: Raichu|Raichu|Raichunite X
|-fieldstart|move: Electric Terrain|[from] ability: Electric Surge|[of] p1a: Raichu
|move|p2b: Sneasler|Fake Out|p1a: Raichu
|-crit|p1a: Raichu
|-damage|p1a: Raichu|75/100
|cant|p1a: Raichu|flinch
|move|p1b: Sinistcha|Trick Room|p1b: Sinistcha
|-fieldstart|move: Trick Room|[of] p1b: Sinistcha
|
|upkeep
|turn|2
|inactive|Sangyforever has 30 seconds left.
|inactive|sergiovj has 30 seconds left.
|inactive|sergiovj has 20 seconds left.
|
|t:|1782409678
|switch|p1b: Archaludon|Archaludon, L50, F|100/100
|switch|p1a: Pelipper|Pelipper, L50, F|100/100
|-weather|RainDance|[from] ability: Drizzle|[of] p1a: Pelipper
|move|p2a: Incineroar|Fake Out|p1a: Pelipper
|-damage|p1a: Pelipper|83/100
|move|p2b: Sneasler|Rock Slide|p1b: Archaludon|[spread] p1a,p1b
|-supereffective|p1a: Pelipper|1
|-resisted|p1b: Archaludon|1
|-damage|p1a: Pelipper|32/100
|-damage|p1b: Archaludon|93/100
|-ability|p1b: Archaludon|Stamina|boost
|-boost|p1b: Archaludon|def|1
|
|-weather|RainDance|[upkeep]
|-heal|p1b: Archaludon|99/100|[from] item: Leftovers
|upkeep
|turn|3
|inactive|Sangyforever has 30 seconds left.
|inactive|sergiovj has 30 seconds left.
|inactive|sergiovj has 20 seconds left.
|
|t:|1782409715
|move|p2a: Incineroar|Throat Chop|p1a: Pelipper
|-damage|p1a: Pelipper|0 fnt
|faint|p1a: Pelipper
|move|p1b: Archaludon|Electro Shot||[still]
|-prepare|p1b: Archaludon|Electro Shot
|-boost|p1b: Archaludon|spa|1
|-anim|p1b: Archaludon|Electro Shot|p2b: Sneasler
|-enditem|p2b: Sneasler|Focus Sash
|-damage|p2b: Sneasler|1/100
|move|p2b: Sneasler|Close Combat|p1b: Archaludon
|-supereffective|p1b: Archaludon|1
|-damage|p1b: Archaludon|37/100
|-unboost|p2b: Sneasler|def|1
|-unboost|p2b: Sneasler|spd|1
|-ability|p1b: Archaludon|Stamina|boost
|-boost|p1b: Archaludon|def|1
|
|-weather|RainDance|[upkeep]
|-heal|p1b: Archaludon|43/100|[from] item: Leftovers
|upkeep
|
|t:|1782409728
|switch|p1a: Sinistcha|Sinistcha, L50|100/100
|-heal|p1b: Archaludon|68/100|[from] ability: Hospitality|[of] p1a: Sinistcha
|turn|4
|
|t:|1782409747
|move|p2a: Incineroar|Throat Chop|p1a: Sinistcha
|-supereffective|p1a: Sinistcha|1
|-damage|p1a: Sinistcha|37/100
|-start|p1a: Sinistcha|Throat Chop|[silent]
|move|p1a: Sinistcha|Life Dew|p1a: Sinistcha|[spread] p1a,p1b
|-heal|p1a: Sinistcha|62/100
|-heal|p1b: Archaludon|93/100
|move|p1b: Archaludon|Electro Shot||[still]
|-prepare|p1b: Archaludon|Electro Shot
|-boost|p1b: Archaludon|spa|1
|-anim|p1b: Archaludon|Electro Shot|p2a: Incineroar
|-damage|p2a: Incineroar|11/100
|move|p2b: Sneasler|Close Combat|p1b: Archaludon
|-supereffective|p1b: Archaludon|1
|-damage|p1b: Archaludon|50/100g
|-unboost|p2b: Sneasler|def|1
|-unboost|p2b: Sneasler|spd|1
|-ability|p1b: Archaludon|Stamina|boost
|-boost|p1b: Archaludon|def|1
|
|-weather|RainDance|[upkeep]
|-heal|p1b: Archaludon|56/100|[from] item: Leftovers
|upkeep
|turn|5
|inactive|Sangyforever has 30 seconds left.
|inactive|sergiovj has 30 seconds left.
|
|t:|1782409776
|move|p1b: Archaludon|Protect|p1b: Archaludon
|-singleturn|p1b: Archaludon|Protect
|move|p2a: Incineroar|Throat Chop|p1a: Sinistcha
|-supereffective|p1a: Sinistcha|1
|-damage|p1a: Sinistcha|5/100
|move|p1a: Sinistcha|Life Dew|p1a: Sinistcha|[spread] p1a,p1b
|-heal|p1a: Sinistcha|29/100
|-heal|p1b: Archaludon|81/100
|move|p2b: Sneasler|Close Combat|p1b: Archaludon
|-activate|p1b: Archaludon|move: Protect
|
|-weather|RainDance|[upkeep]
|-heal|p1b: Archaludon|87/100|[from] item: Leftovers
|-end|p1a: Sinistcha|Throat Chop|[silent]
|-fieldend|move: Trick Room
|-fieldend|move: Electric Terrain
|upkeep
|turn|6
|inactive|Sangyforever has 30 seconds left.
|inactive|sergiovj has 30 seconds left.
|
|t:|1782409808
|switch|p2a: Swampert|Swampert, L50, M|100/100
|move|p2b: Sneasler|Coaching|p2a: Swampert
|-boost|p2a: Swampert|atk|1
|-boost|p2a: Swampert|def|1
|move|p1b: Archaludon|Dragon Pulse|p2a: Swampert
|-damage|p2a: Swampert|12/100
|move|p1a: Sinistcha|Trick Room|p1a: Sinistcha
|-fieldstart|move: Trick Room|[of] p1a: Sinistcha
|
|-weather|none
|-heal|p1b: Archaludon|93/100|[from] item: Leftovers
|upkeep
|turn|7
|inactive|sergiovj has 30 seconds left.
|inactive|sergiovj has 20 seconds left.
|inactive|sergiovj has 15 seconds left.
|
|t:|1782409850
|move|p2a: Swampert|Protect|p2a: Swampert
|-singleturn|p2a: Swampert|Protect
|move|p1a: Sinistcha|Rage Powder|p1a: Sinistcha
|-singleturn|p1a: Sinistcha|move: Rage Powder
|move|p1b: Archaludon|Dragon Pulse|p2a: Swampert
|-activate|p2a: Swampert|move: Protect
|move|p2b: Sneasler|Coaching|p2a: Swampert
|-boost|p2a: Swampert|atk|1
|-boost|p2a: Swampert|def|1
|
|-heal|p1b: Archaludon|100/100|[from] item: Leftovers
|upkeep
|turn|8
|
|t:|1782409869
|move|p1a: Sinistcha|Matcha Gotcha|p2b: Sneasler|[spread] p2a,p2b
|-supereffective|p2a: Swampert|2
|-crit|p2a: Swampert
|-resisted|p2b: Sneasler|1
|-damage|p2a: Swampert|0 fnt
|-heal|p1a: Sinistcha|36/100|[from] drain|[of] p2a: Swampert
|-damage|p2b: Sneasler|0 fnt
|-heal|p1a: Sinistcha|37/100|[from] drain|[of] p2b: Sneasler
|faint|p2a: Swampert
|faint|p2b: Sneasler
|move|p1b: Archaludon|Dragon Pulse|p2: Swampert|[notarget]
|-fail|p1b: Archaludon
|
|upkeep
|c|☆sergiovj|gg
|-message|sergiovj forfeited.
|
|win|Sangyforever
|c|☆Sangyforever|gg
