|j|‽tkwime
|j|☆higigig
|html|tkwimehigigig    
|uhtml|bestof|Game 3 of a best-of-3
|t:|1756256086
|gametype|doubles
|player|p1|tkwime|artist-gen4|1053
|player|p2|higigig|sisandbro|1058
|gen|9
|tier|[Gen 9] VGC 2025 Reg H (Bo3)
|rated|
|rule|Species Clause: Limit one of each Pokémon
|rule|Item Clause: Limit 1 of each item
|clearpoke
|poke|p1|Electabuzz, L50, F|
|poke|p1|Rillaboom, L50, M|
|poke|p1|Dragonite, L50, M|
|poke|p1|Gholdengo, L50|
|poke|p1|Annihilape, L50, F|
|poke|p1|Incineroar, L50, M|
|poke|p2|Sneasler, L50, M|
|poke|p2|Gholdengo, L50|
|poke|p2|Farigiraf, L50, F|
|poke|p2|Ursaluna-Bloodmoon, L50, M|
|poke|p2|Amoonguss, L50, F|
|poke|p2|Altaria, L50, F|
|teampreview|4
|showteam|p1|Electabuzz||Eviolite|VitalSpirit|FollowMe,Protect,Electroweb,Taunt|||F|||50|,,,,,Dragon]Rillaboom||AssaultVest|GrassySurge|GrassyGlide,FakeOut,WoodHammer,HighHorsepower|||M|||50|,,,,,Fire]Dragonite||LoadedDice|Multiscale|ScaleShot,Protect,Haze,ExtremeSpeed|||M|||50|,,,,,Fairy]Gholdengo||LifeOrb|GoodasGold|MakeItRain,ShadowBall,Protect,NastyPlot||||||50|,,,,,Steel]Annihilape||ChoiceScarf|Defiant|RageFist,CloseCombat,FinalGambit,Protect|||F|||50|,,,,,Fire]Incineroar||SafetyGoggles|Intimidate|FakeOut,KnockOff,PartingShot,FlareBlitz|||M|||50|,,,,,Ghost
|showteam|p2|Sneasler||FocusSash|PoisonTouch|FakeOut,CloseCombat,DireClaw,Protect|||M|||50|,,,,,Dark]Gholdengo||ChoiceSpecs|GoodasGold|MakeItRain,ShadowBall,PowerGem,Trick||||||50|,,,,,Steel]Farigiraf||MentalHerb|ArmorTail|Psychic,Imprison,TrickRoom,Protect|||F|||50|,,,,,Grass]Ursaluna-Bloodmoon||ThroatSpray|MindsEye|HyperVoice,EarthPower,BloodMoon,Protect|||M|||50|,,,,,Normal]Amoonguss||SitrusBerry|Regenerator|SludgeBomb,PollenPuff,Spore,RagePowder|||F|||50|,,,,,Water]Altaria||CovertCloak|CloudNine|BreakingSwipe,HelpingHand,Haze,Tailwind|||F|||50|,,,,,Water
|inactive|Battle timer is ON: inactive players will automatically lose when time's up. (requested by higigig)
|
|t:|1756256109
|teamsize|p1|4
|teamsize|p2|4
|start
|switch|p1a: Dragonite|Dragonite, L50, M|100/100
|switch|p1b: Incineroar|Incineroar, L50, M|100/100
|switch|p2a: Farigiraf|Farigiraf, L50, F|100/100
|switch|p2b: Amoonguss|Amoonguss, L50, F|100/100
|-ability|p1b: Incineroar|Intimidate|boost
|-unboost|p2a: Farigiraf|atk|1
|-unboost|p2b: Amoonguss|atk|1
|turn|1
|inactive|higigig has 30 seconds left.
|
|t:|1756256139
|move|p2b: Amoonguss|Rage Powder|p2b: Amoonguss
|-singleturn|p2b: Amoonguss|move: Rage Powder
|move|p1a: Dragonite|Scale Shot|p2b: Amoonguss
|-damage|p2b: Amoonguss|87/100
|-damage|p2b: Amoonguss|74/100
|-damage|p2b: Amoonguss|61/100
|-damage|p2b: Amoonguss|46/100
|-enditem|p2b: Amoonguss|Sitrus Berry|[eat]
|-heal|p2b: Amoonguss|71/100|[from] item: Sitrus Berry
|-hitcount|p2b: Amoonguss|4
|-unboost|p1a: Dragonite|def|1
|-boost|p1a: Dragonite|spe|1
|move|p1b: Incineroar|Flare Blitz|p2b: Amoonguss
|-supereffective|p2b: Amoonguss
|-damage|p2b: Amoonguss|0 fnt
|faint|p2b: Amoonguss
|-damage|p1b: Incineroar|75/100|[from] Recoil
|move|p2a: Farigiraf|Trick Room|p2a: Farigiraf
|-fieldstart|move: Trick Room|[of] p2a: Farigiraf
|
|upkeep
|
|t:|1756256146
|switch|p2b: Ursaluna|Ursaluna-Bloodmoon, L50, M|100/100
|turn|2
|
|t:|1756256161
|-terastallize|p2b: Ursaluna|Normal
|move|p1a: Dragonite|Protect|p1a: Dragonite
|-singleturn|p1a: Dragonite|Protect
|move|p2a: Farigiraf|Imprison|p2a: Farigiraf
|-start|p2a: Farigiraf|move: Imprison
|move|p1b: Incineroar|Parting Shot|p2b: Ursaluna
|-unboost|p2b: Ursaluna|atk|1
|-unboost|p2b: Ursaluna|spa|1
|
|t:|1756256171
|switch|p1b: Rillaboom|Rillaboom, L50, M|100/100|[from] Parting Shot
|-fieldstart|move: Grassy Terrain|[from] ability: Grassy Surge|[of] p1b: Rillaboom
|move|p2b: Ursaluna|Blood Moon|p1b: Rillaboom
|-damage|p1b: Rillaboom|48/100
|
|-heal|p1b: Rillaboom|54/100|[from] Grassy Terrain
|upkeep
|turn|3
|inactive|tkwime has 30 seconds left.
|inactive|tkwime has 20 seconds left.
|inactive|higigig has 30 seconds left.
|
|t:|1756256211
|switch|p2b: Sneasler|Sneasler, L50, M|100/100
|move|p2a: Farigiraf|Psychic|p1a: Dragonite
|-damage|p1a: Dragonite|83/100
|move|p1b: Rillaboom|Wood Hammer|p2b: Sneasler
|-resisted|p2b: Sneasler
|-damage|p2b: Sneasler|40/100
|-damage|p1b: Rillaboom|39/100|[from] Recoil
|move|p1a: Dragonite|Scale Shot|p2b: Sneasler
|-damage|p2b: Sneasler|13/100
|-damage|p2b: Sneasler|0 fnt
|faint|p2b: Sneasler
|-hitcount|p2: Sneasler|2
|-unboost|p1a: Dragonite|def|1
|-boost|p1a: Dragonite|spe|1
|
|-heal|p1b: Rillaboom|45/100|[from] Grassy Terrain
|upkeep
|
|t:|1756256219
|switch|p2b: Ursaluna|Ursaluna-Bloodmoon, L50, M, tera:Normal|100/100
|turn|4
|inactive|tkwime has 30 seconds left.
|inactive|tkwime has 20 seconds left.
|
|t:|1756256256
|switch|p1b: Incineroar|Incineroar, L50, M|75/100
|-ability|p1b: Incineroar|Intimidate|boost
|-unboost|p2a: Farigiraf|atk|1
|-unboost|p2b: Ursaluna|atk|1
|move|p2a: Farigiraf|Psychic|p1b: Incineroar
|-immune|p1b: Incineroar
|move|p2b: Ursaluna|Hyper Voice|p1b: Incineroar|[spread] p1a,p1b
|-damage|p1a: Dragonite|21/100
|-damage|p1b: Incineroar|41/100
|-enditem|p2b: Ursaluna|Throat Spray
|-boost|p2b: Ursaluna|spa|1|[from] item: Throat Spray
|move|p1a: Dragonite|Scale Shot|p2b: Ursaluna
|-damage|p2b: Ursaluna|90/100
|-damage|p2b: Ursaluna|80/100
|-damage|p2b: Ursaluna|69/100
|-damage|p2b: Ursaluna|58/100
|-hitcount|p2b: Ursaluna|4
|-unboost|p1a: Dragonite|def|1
|-boost|p1a: Dragonite|spe|1
|
|-heal|p1b: Incineroar|47/100|[from] Grassy Terrain
|-heal|p2b: Ursaluna|64/100|[from] Grassy Terrain
|upkeep
|turn|5
|inactive|tkwime has 30 seconds left.
|inactive|higigig has 30 seconds left.
|inactive|tkwime has 20 seconds left.
|inactive|tkwime has 15 seconds left.
|
|t:|1756256299
|move|p2a: Farigiraf|Psychic|p1a: Dragonite
|-damage|p1a: Dragonite|0 fnt
|faint|p1a: Dragonite
|move|p1b: Incineroar|Parting Shot|p2b: Ursaluna
|-unboost|p2b: Ursaluna|atk|1
|-unboost|p2b: Ursaluna|spa|1
|
|t:|1756256305
|switch|p1b: Rillaboom|Rillaboom, L50, M|45/100|[from] Parting Shot
|move|p2b: Ursaluna|Hyper Voice|p1b: Rillaboom
|-damage|p1b: Rillaboom|0 fnt
|faint|p1b: Rillaboom
|
|-heal|p2b: Ursaluna|71/100|[from] Grassy Terrain
|-fieldend|move: Trick Room
|upkeep
|
|t:|1756256315
|switch|p1a: Annihilape|Annihilape, L50, F|100/100
|switch|p1b: Incineroar|Incineroar, L50, M|47/100
|-ability|p1b: Incineroar|Intimidate|boost
|-unboost|p2a: Farigiraf|atk|1
|-unboost|p2b: Ursaluna|atk|1
|turn|6
|inactive|tkwime has 30 seconds left.
|inactive|tkwime has 20 seconds left.
|inactive|tkwime has 15 seconds left.
|inactive|tkwime has 10 seconds left.
|inactive|tkwime has 5 seconds left.
|
|t:|1756256366
|move|p2b: Ursaluna|Protect|p2b: Ursaluna
|-singleturn|p2b: Ursaluna|Protect
|move|p1a: Annihilape|Close Combat|p2b: Ursaluna
|-activate|p2b: Ursaluna|move: Protect
|move|p1b: Incineroar|Knock Off|p2a: Farigiraf
|-supereffective|p2a: Farigiraf
|-damage|p2a: Farigiraf|40/100
|-enditem|p2a: Farigiraf|Mental Herb|[from] move: Knock Off|[of] p1b: Incineroar
|move|p2a: Farigiraf|Trick Room|p2a: Farigiraf
|-fieldstart|move: Trick Room|[of] p2a: Farigiraf
|
|-heal|p2a: Farigiraf|46/100|[from] Grassy Terrain
|-heal|p1b: Incineroar|52/100|[from] Grassy Terrain
|-heal|p2b: Ursaluna|77/100|[from] Grassy Terrain
|-fieldend|move: Grassy Terrain
|upkeep
|turn|7
|inactive|tkwime has 30 seconds left.
|
|t:|1756256398
|-terastallize|p1b: Incineroar|Ghost
|move|p2a: Farigiraf|Psychic|p1a: Annihilape
|-supereffective|p1a: Annihilape
|-damage|p1a: Annihilape|45/100
|move|p1b: Incineroar|Parting Shot|p2b: Ursaluna
|-unboost|p2b: Ursaluna|atk|1
|-unboost|p2b: Ursaluna|spa|1
|move|p2b: Ursaluna|Blood Moon|p1a: Annihilape
|-crit|p1a: Annihilape
|-damage|p1a: Annihilape|0 fnt
|faint|p1a: Annihilape
|
|upkeep
|turn|8
|inactive|higigig has 30 seconds left.
|
|t:|1756256424
|move|p2b: Ursaluna|Protect|p2b: Ursaluna
|-singleturn|p2b: Ursaluna|Protect
|move|p1b: Incineroar|Knock Off|p2a: Farigiraf
|-supereffective|p2a: Farigiraf
|-damage|p2a: Farigiraf|6/100
|move|p2a: Farigiraf|Trick Room|p2a: Farigiraf
|-fieldend|move: Trick Room
|
|upkeep
|turn|9
|
|t:|1756256439
|move|p2b: Ursaluna|Blood Moon|p1b: Incineroar
|-damage|p1b: Incineroar|0 fnt
|faint|p1b: Incineroar
|
|win|higigig
|raw|tkwime's rating: 1053 → 1035(-18 for losing)
|raw|higigig's rating: 1058 → 1089(+31 for winning)
