|j|☆Mahdrescher
|j|☆azuredreamer vg
|html|Mahdrescherazuredreamer vg    
|uhtml|bestof|Game 1 of a best-of-3
|t:|1756426574
|gametype|doubles
|player|p1|Mahdrescher|2|1185
|player|p2|azuredreamer vg|102|1190
|gen|9
|tier|[Gen 9] VGC 2025 Reg H (Bo3)
|rated|
|rule|Species Clause: Limit one of each Pokémon
|rule|Item Clause: Limit 1 of each item
|clearpoke
|poke|p1|Rillaboom, L50, F|
|poke|p1|Electabuzz, L50, M|
|poke|p1|Archaludon, L50, M|
|poke|p1|Kingambit, L50, M|
|poke|p1|Pelipper, L50, M|
|poke|p1|Basculegion, L50, M|
|poke|p2|Annihilape, L50, M|
|poke|p2|Archaludon, L50, M|
|poke|p2|Ursaluna-Bloodmoon, L50, M|
|poke|p2|Whimsicott, L50, F|
|poke|p2|Dragonite, L50, M|
|poke|p2|Pelipper, L50, F|
|teampreview|4
|showteam|p1|Rillaboom||LoadedDice|GrassySurge|BulletSeed,GrassyGlide,HighHorsepower,FakeOut|||F|||50|,,,,,Fire]Electabuzz||Eviolite|VitalSpirit|Electroweb,Taunt,FollowMe,Protect|||M|||50|,,,,,Ghost]Archaludon||AssaultVest|Stamina|ElectroShot,BodyPress,FlashCannon,DragonPulse|||M|||50|,,,,,Bug]Kingambit||BlackGlasses|Defiant|KowtowCleave,SuckerPunch,SwordsDance,Protect|||M|||50|,,,,,Dark]Pelipper||FocusSash|Drizzle|WeatherBall,Hurricane,Tailwind,Protect|||M|||50|,,,,,Ghost]Basculegion||ChoiceBand|SwiftSwim|WaveCrash,AquaJet,FlipTurn,LastRespects|||M|||50|,,,,,Grass
|showteam|p2|Annihilape||ChoiceScarf|Defiant|FinalGambit,RageFist,Uturn,CloseCombat|||M|||50|,,,,,Grass]Archaludon||AssaultVest|Stamina|BodyPress,FlashCannon,ElectroShot,DracoMeteor|||M|||50|,,,,,Water]Ursaluna-Bloodmoon||LifeOrb|MindsEye|EarthPower,BloodMoon,HyperVoice,Protect|||M|||50|,,,,,Normal]Whimsicott||FocusSash|Prankster|Moonblast,BeatUp,Tailwind,Taunt|||F|||50|,,,,,Ghost]Dragonite||LoadedDice|InnerFocus|ScaleShot,IceSpinner,Haze,Protect|||M|||50|,,,,,Steel]Pelipper||CovertCloak|Drizzle|WeatherBall,Hurricane,Tailwind,Protect|||F|||50|,,,,,Ghost
|inactive|Battle timer is ON: inactive players will automatically lose when time's up. (requested by azuredreamer vg)
|
|t:|1756426598
|teamsize|p1|4
|teamsize|p2|4
|start
|switch|p1a: Ikarus|Pelipper, L50, M|100/100
|switch|p1b: Poseidon|Basculegion, L50, M|100/100
|switch|p2a: Annihilape|Annihilape, L50, M|100/100
|switch|p2b: Whimsicott|Whimsicott, L50, F|100/100
|-weather|RainDance|[from] ability: Drizzle|[of] p1a: Ikarus
|turn|1
|inactive|Mahdrescher has 30 seconds left.
|inactive|azuredreamer vg has 30 seconds left.
|inactive|azuredreamer vg has 20 seconds left.
|inactive|azuredreamer vg has 15 seconds left.
|inactive|azuredreamer vg has 10 seconds left.
|
|t:|1756426644
|move|p2b: Whimsicott|Tailwind|p2b: Whimsicott
|-sidestart|p2: azuredreamer vg|move: Tailwind
|move|p2a: Annihilape|U-turn|p1a: Ikarus
|-resisted|p1a: Ikarus
|-damage|p1a: Ikarus|84/100
|
|t:|1756426648
|switch|p2a: Dragonite|Dragonite, L50, M, shiny|100/100|[from] U-turn
|move|p1b: Poseidon|Flip Turn|p2a: Dragonite
|-resisted|p2a: Dragonite
|-damage|p2a: Dragonite|63/100
|
|t:|1756426657
|switch|p1b: Hephaistos|Archaludon, L50, M|100/100|[from] Flip Turn
|move|p1a: Ikarus|Hurricane|p2a: Dragonite
|-damage|p2a: Dragonite|8/100
|
|-weather|RainDance|[upkeep]
|upkeep
|turn|2
|
|t:|1756426680
|switch|p1a: Zeus|Electabuzz, L50, M|100/100
|move|p2a: Dragonite|Protect|p2a: Dragonite
|-singleturn|p2a: Dragonite|Protect
|move|p2b: Whimsicott|Moonblast|p1b: Hephaistos
|-damage|p1b: Hephaistos|73/100
|-ability|p1b: Hephaistos|Stamina|boost
|-boost|p1b: Hephaistos|def|1
|move|p1b: Hephaistos|Electro Shot||[still]
|-prepare|p1b: Hephaistos|Electro Shot
|-boost|p1b: Hephaistos|spa|1
|-anim|p1b: Hephaistos|Electro Shot|p2a: Dragonite
|-activate|p2a: Dragonite|move: Protect
|
|-weather|RainDance|[upkeep]
|upkeep
|turn|3
|
|t:|1756426701
|move|p2b: Whimsicott|Taunt|p1a: Zeus
|-start|p1a: Zeus|move: Taunt
|move|p2a: Dragonite|Scale Shot|p1a: Zeus
|-damage|p1a: Zeus|88/100
|-damage|p1a: Zeus|77/100
|-damage|p1a: Zeus|66/100
|-damage|p1a: Zeus|55/100
|-damage|p1a: Zeus|44/100
|-hitcount|p1a: Zeus|5
|-unboost|p2a: Dragonite|def|1
|-boost|p2a: Dragonite|spe|1
|move|p1a: Zeus|Electroweb|p2a: Dragonite|[spread] p2a,p2b
|-resisted|p2b: Whimsicott
|-damage|p2a: Dragonite|0 fnt
|-damage|p2b: Whimsicott|89/100
|-unboost|p2b: Whimsicott|spe|1
|faint|p2a: Dragonite
|move|p1b: Hephaistos|Electro Shot||[still]
|-prepare|p1b: Hephaistos|Electro Shot
|-boost|p1b: Hephaistos|spa|1
|-anim|p1b: Hephaistos|Electro Shot|p2b: Whimsicott
|-resisted|p2b: Whimsicott
|-damage|p2b: Whimsicott|25/100
|
|-weather|RainDance|[upkeep]
|upkeep
|
|t:|1756426720
|switch|p2a: Annihilape|Annihilape, L50, M|100/100
|turn|4
|
|t:|1756426745
|switch|p2b: Archaludon|Archaludon, L50, M, shiny|100/100
|switch|p1b: Poseidon|Basculegion, L50, M|100/100
|move|p2a: Annihilape|Final Gambit|p1b: Poseidon
|-immune|p1b: Poseidon
|move|p1a: Zeus|Electroweb|p2b: Archaludon|[spread] p2b
|-miss|p1a: Zeus|p2a: Annihilape
|-resisted|p2b: Archaludon
|-damage|p2b: Archaludon|96/100
|-unboost|p2b: Archaludon|spe|1
|-ability|p2b: Archaludon|Stamina|boost
|-boost|p2b: Archaludon|def|1
|
|-weather|RainDance|[upkeep]
|-sideend|p2: azuredreamer vg|move: Tailwind
|upkeep
|turn|5
|inactive|azuredreamer vg has 30 seconds left.
|inactive|Mahdrescher has 30 seconds left.
|
|t:|1756426775
|switch|p2a: Whimsicott|Whimsicott, L50, F|25/100
|switch|p1a: Hephaistos|Archaludon, L50, M|73/100
|-terastallize|p1b: Poseidon|Grass
|move|p1b: Poseidon|Wave Crash|p2a: Whimsicott
|-resisted|p2a: Whimsicott
|-damage|p2a: Whimsicott|0 fnt
|faint|p2a: Whimsicott
|-damage|p1b: Poseidon|95/100|[from] Recoil
|move|p2b: Archaludon|Electro Shot||[still]
|-prepare|p2b: Archaludon|Electro Shot
|-boost|p2b: Archaludon|spa|1
|-anim|p2b: Archaludon|Electro Shot|p1b: Poseidon
|-resisted|p1b: Poseidon
|-damage|p1b: Poseidon|57/100
|
|-weather|none
|upkeep
|
|t:|1756426783
|switch|p2a: Annihilape|Annihilape, L50, M|100/100
|turn|6
|inactive|azuredreamer vg has 30 seconds left.
|inactive|Mahdrescher has 30 seconds left.
|inactive|azuredreamer vg has 20 seconds left.
|inactive|azuredreamer vg has 15 seconds left.
|inactive|azuredreamer vg has 10 seconds left.
|
|t:|1756426831
|switch|p1a: Ikarus|Pelipper, L50, M|84/100
|-weather|RainDance|[from] ability: Drizzle|[of] p1a: Ikarus
|-terastallize|p2a: Annihilape|Grass
|move|p1b: Poseidon|Wave Crash|p2a: Annihilape
|-resisted|p2a: Annihilape
|-damage|p2a: Annihilape|33/100
|-damage|p1b: Poseidon|33/100|[from] Recoil
|move|p2a: Annihilape|Close Combat|p1a: Ikarus
|-resisted|p1a: Ikarus
|-damage|p1a: Ikarus|41/100
|-unboost|p2a: Annihilape|def|1
|-unboost|p2a: Annihilape|spd|1
|move|p2b: Archaludon|Flash Cannon|p1b: Poseidon
|-damage|p1b: Poseidon|0 fnt
|faint|p1b: Poseidon
|
|-weather|RainDance|[upkeep]
|upkeep
|
|t:|1756426840
|switch|p1b: Zeus|Electabuzz, L50, M|44/100
|turn|7
|
|t:|1756426856
|move|p1b: Zeus|Follow Me|p1b: Zeus
|-singleturn|p1b: Zeus|move: Follow Me
|move|p2a: Annihilape|Close Combat|p1b: Zeus
|-damage|p1b: Zeus|0 fnt
|-unboost|p2a: Annihilape|def|1
|-unboost|p2a: Annihilape|spd|1
|faint|p1b: Zeus
|move|p1a: Ikarus|Hurricane|p2a: Annihilape
|-supereffective|p2a: Annihilape
|-damage|p2a: Annihilape|0 fnt
|faint|p2a: Annihilape
|move|p2b: Archaludon|Electro Shot||[still]
|-prepare|p2b: Archaludon|Electro Shot
|-boost|p2b: Archaludon|spa|1
|-anim|p2b: Archaludon|Electro Shot|p1a: Ikarus
|-supereffective|p1a: Ikarus
|-crit|p1a: Ikarus
|-damage|p1a: Ikarus|0 fnt
|faint|p1a: Ikarus
|
|-weather|RainDance|[upkeep]
|upkeep
|
|t:|1756426863
|switch|p1b: Hephaistos|Archaludon, L50, M|73/100
|turn|8
|
|t:|1756426886
|move|p1b: Hephaistos|Electro Shot||[still]
|-prepare|p1b: Hephaistos|Electro Shot
|-boost|p1b: Hephaistos|spa|1
|-anim|p1b: Hephaistos|Electro Shot|p2b: Archaludon
|-resisted|p2b: Archaludon
|-damage|p2b: Archaludon|75/100
|-ability|p2b: Archaludon|Stamina|boost
|-boost|p2b: Archaludon|def|1
|move|p2b: Archaludon|Draco Meteor|p1b: Hephaistos
|-damage|p1b: Hephaistos|0 fnt
|-unboost|p2b: Archaludon|spa|2
|faint|p1b: Hephaistos
|
|win|azuredreamer vg
|l|☆Mahdrescher
|player|p1|
