|j|☆owbd
|j|‽mirokartdeluxe
|html|owbdmirokartdeluxe    
|uhtml|bestof|Game 2 of a best-of-3
|t:|1756887797
|gametype|doubles
|player|p1|owbd|cynthia-gen4|1158
|player|p2|mirokartdeluxe|hiker-gen4|1138
|gen|9
|tier|[Gen 9] VGC 2025 Reg H (Bo3)
|rated|
|rule|Species Clause: Limit one of each Pokémon
|rule|Item Clause: Limit 1 of each item
|clearpoke
|poke|p1|Gholdengo, L50|
|poke|p1|Incineroar, L50, M|
|poke|p1|Ursaluna-Bloodmoon, L50, M|
|poke|p1|Indeedee, L50, M|
|poke|p1|Sneasler, L50, F|
|poke|p1|Murkrow, L50, M|
|poke|p2|Sneasler, L50, M|
|poke|p2|Electabuzz, L50, M|
|poke|p2|Volcarona, L50, M|
|poke|p2|Rillaboom, L50, F|
|poke|p2|Incineroar, L50, F|
|poke|p2|Kingambit, L50, M|
|teampreview|4
|showteam|p1|Gholdengo||ChoiceSpecs|GoodasGold|MakeItRain,ShadowBall,Thunderbolt,Trick||||||50|,,,,,Steel]Incineroar||SafetyGoggles|Intimidate|FlareBlitz,PartingShot,FakeOut,KnockOff|||M|||50|,,,,,Ghost]Ursaluna-Bloodmoon||AssaultVest|MindsEye|BloodMoon,EarthPower,HyperVoice,Moonblast|||M|||50|,,,,,Normal]Indeedee||FocusSash|PsychicSurge|ExpandingForce,Protect,TrickRoom,Imprison|||M|||50|,,,,,Psychic]Sneasler||PsychicSeed|Unburden|CloseCombat,DireClaw,FakeOut,ThroatChop|||F|||50|,,,,,Stellar]Murkrow||CovertCloak|Prankster|FoulPlay,Haze,SunnyDay,Tailwind|||M|||50|,,,,,Dark
|showteam|p2|Sneasler||FocusSash|Unburden|CloseCombat,DireClaw,Coaching,FakeOut|||M|||50|,,,,,Stellar]Electabuzz||Eviolite|VitalSpirit|Electroweb,FollowMe,Taunt,Protect|||M|||50|,,,,,Dragon]Volcarona||Leftovers|FlameBody|HeatWave,TeraBlast,QuiverDance,Protect|||M|||50|,,,,,Fairy]Rillaboom||MiracleSeed|GrassySurge|GrassyGlide,HighHorsepower,WoodHammer,FakeOut|||F|||50|,,,,,Water]Incineroar||AssaultVest|Intimidate|FlareBlitz,KnockOff,Uturn,FakeOut|||F|||50|,,,,,Grass]Kingambit||SafetyGoggles|Defiant|KowtowCleave,SuckerPunch,SwordsDance,Protect|||M|||50|,,,,,Ghost
|inactive|Battle timer is ON: inactive players will automatically lose when time's up. (requested by mirokartdeluxe)
|
|t:|1756887815
|teamsize|p1|4
|teamsize|p2|4
|start
|switch|p1a: Gholdengo|Gholdengo, L50|100/100
|switch|p1b: Murkrow|Murkrow, L50, M|100/100
|switch|p2a: Sneasler|Sneasler, L50, M|100/100
|switch|p2b: Volcarona|Volcarona, L50, M|100/100
|turn|1
|inactive|owbd has 30 seconds left.
|
|t:|1756887844
|move|p1b: Murkrow|Tailwind|p1b: Murkrow
|-sidestart|p1: owbd|move: Tailwind
|move|p1a: Gholdengo|Make It Rain|p2b: Volcarona|[spread] p2a,p2b
|-resisted|p2b: Volcarona
|-damage|p2a: Sneasler|2/100
|-damage|p2b: Volcarona|69/100
|-unboost|p1a: Gholdengo|spa|1
|move|p2a: Sneasler|Dire Claw|p1b: Murkrow
|-damage|p1b: Murkrow|41/100
|move|p2b: Volcarona|Heat Wave|p1b: Murkrow|[spread] p1a,p1b
|-supereffective|p1a: Gholdengo
|-damage|p1a: Gholdengo|21/100
|-damage|p1b: Murkrow|0 fnt
|-status|p1a: Gholdengo|brn
|faint|p1b: Murkrow
|
|-heal|p2b: Volcarona|75/100|[from] item: Leftovers
|-damage|p1a: Gholdengo|15/100 brn|[from] brn
|upkeep
|
|t:|1756887864
|switch|p1b: Indeedee|Indeedee, L50, M|100/100
|-fieldstart|move: Psychic Terrain|[from] ability: Psychic Surge|[of] p1b: Indeedee
|turn|2
|
|t:|1756887883
|-terastallize|p1b: Indeedee|Psychic
|move|p1b: Indeedee|Expanding Force|p2b: Volcarona|[spread] p2a,p2b
|-supereffective|p2a: Sneasler
|-damage|p2a: Sneasler|0 fnt
|-damage|p2b: Volcarona|10/100
|faint|p2a: Sneasler
|move|p1a: Gholdengo|Make It Rain|p2b: Volcarona
|-resisted|p2b: Volcarona
|-damage|p2b: Volcarona|0 fnt
|-unboost|p1a: Gholdengo|spa|1
|faint|p2b: Volcarona
|
|-damage|p1a: Gholdengo|9/100 brn|[from] brn
|upkeep
|
|t:|1756887904
|switch|p2a: Kingambit|Kingambit, L50, M|100/100
|switch|p2b: Rillaboom|Rillaboom, L50, F|100/100
|-fieldstart|move: Grassy Terrain|[from] ability: Grassy Surge|[of] p2b: Rillaboom
|turn|3
|
|t:|1756887914
|move|p1b: Indeedee|Protect|p1b: Indeedee
|-singleturn|p1b: Indeedee|Protect
|move|p2b: Rillaboom|Grassy Glide|p1b: Indeedee
|-activate|p1b: Indeedee|move: Protect
|move|p1a: Gholdengo|Make It Rain|p2a: Kingambit|[spread] p2a,p2b
|-resisted|p2a: Kingambit
|-damage|p2a: Kingambit|84/100
|-damage|p2b: Rillaboom|63/100
|-unboost|p1a: Gholdengo|spa|1
|move|p2a: Kingambit|Kowtow Cleave|p1b: Indeedee
|-activate|p1b: Indeedee|move: Protect
|
|-heal|p1a: Gholdengo|15/100 brn|[from] Grassy Terrain
|-heal|p2b: Rillaboom|69/100|[from] Grassy Terrain
|-heal|p2a: Kingambit|90/100|[from] Grassy Terrain
|-damage|p1a: Gholdengo|9/100 brn|[from] brn
|upkeep
|turn|4
|
|t:|1756887932
|move|p2b: Rillaboom|Grassy Glide|p1b: Indeedee
|-damage|p1b: Indeedee|16/100
|move|p1b: Indeedee|Expanding Force|p2b: Rillaboom
|-damage|p2b: Rillaboom|12/100
|move|p1a: Gholdengo|Make It Rain|p2b: Rillaboom|[spread] p2a,p2b
|-resisted|p2a: Kingambit
|-damage|p2a: Kingambit|77/100
|-damage|p2b: Rillaboom|0 fnt
|-unboost|p1a: Gholdengo|spa|1
|faint|p2b: Rillaboom
|move|p2a: Kingambit|Kowtow Cleave|p1b: Indeedee
|-supereffective|p1b: Indeedee
|-damage|p1b: Indeedee|0 fnt
|faint|p1b: Indeedee
|
|-heal|p1a: Gholdengo|15/100 brn|[from] Grassy Terrain
|-heal|p2a: Kingambit|83/100|[from] Grassy Terrain
|-damage|p1a: Gholdengo|9/100 brn|[from] brn
|-sideend|p1: owbd|move: Tailwind
|upkeep
|
|t:|1756887950
|switch|p1b: Sneasler|Sneasler, L50, F|100/100
|turn|5
|
|t:|1756887956
|move|p2a: Kingambit|Sucker Punch|p1b: Sneasler
|-resisted|p1b: Sneasler
|-damage|p1b: Sneasler|72/100
|move|p1b: Sneasler|Close Combat|p2a: Kingambit
|-supereffective|p2a: Kingambit
|-damage|p2a: Kingambit|0 fnt
|-unboost|p1b: Sneasler|def|1
|-unboost|p1b: Sneasler|spd|1
|faint|p2a: Kingambit
|
|win|owbd
|raw|owbd's rating: 1158 → 1182(+24 for winning)
|raw|mirokartdeluxe's rating: 1138 → 1114(-24 for losing)
|l|‽mirokartdeluxe
|player|p2|
