|j|☆ricoboi
|j|☆freudianbreath
|html|ricoboifreudianbreath    
|uhtml|bestof|Game 1 of a best-of-3
|t:|1756786059
|gametype|doubles
|player|p1|ricoboi|cameraman|1006
|player|p2|freudianbreath|101|1019
|gen|9
|tier|[Gen 9] VGC 2025 Reg H (Bo3)
|rated|
|rule|Species Clause: Limit one of each Pokémon
|rule|Item Clause: Limit 1 of each item
|clearpoke
|poke|p1|Dragonite, L50, F|
|poke|p1|Archaludon, L50, F|
|poke|p1|Sinistcha, L50|
|poke|p1|Ursaluna, L50, M|
|poke|p1|Pelipper, L50, F|
|poke|p1|Gholdengo, L50|
|poke|p2|Incineroar, L50, F|
|poke|p2|Dragonite, L50, M|
|poke|p2|Gholdengo, L50|
|poke|p2|Arcanine-Hisui, L50, M|
|poke|p2|Rillaboom, L50, F|
|poke|p2|Amoonguss, L50, M|
|teampreview|4
|showteam|p1|Dragonite||LoadedDice|Multiscale|ScaleShot,Protect,Tailwind,Haze|||F|||50|,,,,,Fairy]Archaludon||AssaultVest|Stamina|FlashCannon,BodyPress,ElectroShot,Snarl|||F|||50|,,,,,Fighting]Sinistcha||SitrusBerry|Hospitality|MatchaGotcha,RagePowder,TrickRoom,LifeDew||||||50|,,,,,Dark]Ursaluna||FlameOrb|Guts|Earthquake,Facade,HeadlongRush,Protect|||M|||50|,,,,,Ghost]Pelipper||SafetyGoggles|Drizzle|MuddyWater,Hurricane,Protect,Tailwind|||F|||50|,,,,,Steel]Gholdengo||ChoiceScarf|GoodasGold|MakeItRain,ShadowBall,Protect,Trick||||||50|,,,,,Flying
|showteam|p2|Incineroar||SafetyGoggles|Intimidate|FakeOut,KnockOff,WillOWisp,FlareBlitz|||F|||50|,,,,,Ghost]Dragonite||SilkScarf|Multiscale|Protect,ExtremeSpeed,Haze,StompingTantrum|||M|||50|,,,,,Fairy]Gholdengo||LifeOrb|GoodasGold|MakeItRain,ShadowBall,NastyPlot,Protect||||||50|,,,,,Dragon]Arcanine-Hisui||ChoiceBand|Intimidate|ExtremeSpeed,FlareBlitz,RockSlide,HeadSmash|||M|||50|,,,,,Normal]Rillaboom||AssaultVest|GrassySurge|WoodHammer,GrassyGlide,FakeOut,HighHorsepower|||F|||50|,,,,,Fire]Amoonguss||RockyHelmet|Regenerator|PollenPuff,Spore,RagePowder,Protect|||M|||50|,,,,,Fairy
|inactive|Battle timer is ON: inactive players will automatically lose when time's up. (requested by ricoboi)
|inactive|ricoboi has 60 seconds left.
|inactive|freudianbreath has 60 seconds left.
|inactive|freudianbreath has 30 seconds left.
|inactive|freudianbreath has 20 seconds left.
|inactive|freudianbreath has 15 seconds left.
|inactive|freudianbreath has 10 seconds left.
|inactive|freudianbreath has 5 seconds left.
|
|t:|1756786148
|teamsize|p1|4
|teamsize|p2|4
|start
|switch|p1a: Pelipper|Pelipper, L50, F|100/100
|switch|p1b: Archaludon|Archaludon, L50, F|100/100
|switch|p2a: Amoonguss|Amoonguss, L50, M|100/100
|switch|p2b: Arcanine|Arcanine-Hisui, L50, M|100/100
|-ability|p2b: Arcanine|Intimidate|boost
|-unboost|p1a: Pelipper|atk|1
|-unboost|p1b: Archaludon|atk|1
|-weather|RainDance|[from] ability: Drizzle|[of] p1a: Pelipper
|turn|1
|inactive|ricoboi has 30 seconds left.
|inactive|freudianbreath has 30 seconds left.
|inactive|ricoboi has 20 seconds left.
|inactive|freudianbreath has 20 seconds left.
|inactive|ricoboi has 15 seconds left.
|inactive|freudianbreath has 15 seconds left.
|inactive|ricoboi has 10 seconds left.
|inactive|freudianbreath has 10 seconds left.
|inactive|ricoboi has 5 seconds left.
|
|t:|1756786199
|switch|p1b: Gholdengo|Gholdengo, L50|100/100
|-terastallize|p2b: Arcanine|Normal
|move|p2a: Amoonguss|Rage Powder|p2a: Amoonguss
|-singleturn|p2a: Amoonguss|move: Rage Powder
|move|p2b: Arcanine|Head Smash|p1a: Pelipper
|-supereffective|p1a: Pelipper
|-damage|p1a: Pelipper|0 fnt
|faint|p1a: Pelipper
|-damage|p2b: Arcanine|63/100|[from] Recoil
|
|-weather|RainDance|[upkeep]
|upkeep
|
|t:|1756786214
|switch|p1a: Archaludon|Archaludon, L50, F|100/100
|turn|2
|inactive|ricoboi has 30 seconds left.
|inactive|freudianbreath has 30 seconds left.
|inactive|ricoboi has 20 seconds left.
|inactive|freudianbreath has 20 seconds left.
|inactive|ricoboi has 15 seconds left.
|inactive|freudianbreath has 15 seconds left.
|inactive|freudianbreath has 10 seconds left.
|inactive|freudianbreath has 5 seconds left.
|
|t:|1756786266
|-terastallize|p1a: Archaludon|Fighting
|move|p1b: Gholdengo|Trick|p2a: Amoonguss
|-activate|p1b: Gholdengo|move: Trick|[of] p2a: Amoonguss
|-item|p2a: Amoonguss|Choice Scarf|[from] move: Trick
|-item|p1b: Gholdengo|Rocky Helmet|[from] move: Trick
|move|p2b: Arcanine|Head Smash|p1b: Gholdengo|[miss]
|-miss|p2b: Arcanine|p1b: Gholdengo
|move|p1a: Archaludon|Body Press|p2b: Arcanine
|-supereffective|p2b: Arcanine
|-damage|p2b: Arcanine|0 fnt
|faint|p2b: Arcanine
|move|p2a: Amoonguss|Spore|p1a: Archaludon
|-status|p1a: Archaludon|slp|[from] move: Spore
|
|-weather|RainDance|[upkeep]
|upkeep
|
|t:|1756786285
|switch|p2b: Gholdengo|Gholdengo, L50|100/100
|turn|3
|
|t:|1756786308
|switch|p1a: Sinistcha|Sinistcha, L50|100/100
|switch|p2a: Rillaboom|Rillaboom, L50, F|100/100
|-fieldstart|move: Grassy Terrain|[from] ability: Grassy Surge|[of] p2a: Rillaboom
|move|p2b: Gholdengo|Protect|p2b: Gholdengo
|-singleturn|p2b: Gholdengo|Protect
|move|p1b: Gholdengo|Trick|p2b: Gholdengo
|-activate|p2b: Gholdengo|move: Protect
|
|-weather|RainDance|[upkeep]
|upkeep
|turn|4
|inactive|ricoboi has 30 seconds left.
|inactive|freudianbreath has 30 seconds left.
|inactive|ricoboi has 20 seconds left.
|inactive|freudianbreath has 20 seconds left.
|inactive|freudianbreath has 15 seconds left.
|
|t:|1756786352
|switch|p2a: Amoonguss|Amoonguss, L50, M|100/100
|move|p1b: Gholdengo|Shadow Ball|p2b: Gholdengo
|-supereffective|p2b: Gholdengo
|-damage|p2b: Gholdengo|18/100
|-unboost|p2b: Gholdengo|spd|1
|move|p2b: Gholdengo|Shadow Ball|p1b: Gholdengo
|-supereffective|p1b: Gholdengo
|-damage|p1b: Gholdengo|0 fnt
|faint|p1b: Gholdengo
|-damage|p2b: Gholdengo|8/100|[from] item: Life Orb
|move|p1a: Sinistcha|Matcha Gotcha|p2b: Gholdengo|[spread] p2a,p2b
|-resisted|p2a: Amoonguss
|-resisted|p2b: Gholdengo
|-damage|p2a: Amoonguss|93/100
|-damage|p2b: Gholdengo|0 fnt
|faint|p2b: Gholdengo
|
|-weather|RainDance|[upkeep]
|-heal|p2a: Amoonguss|99/100|[from] Grassy Terrain
|upkeep
|
|t:|1756786370
|switch|p1b: Archaludon|Archaludon, L50, F, tera:Fighting|100/100 slp
|switch|p2b: Rillaboom|Rillaboom, L50, F|100/100
|turn|5
|inactive|ricoboi has 30 seconds left.
|inactive|freudianbreath has 30 seconds left.
|inactive|freudianbreath has 20 seconds left.
|inactive|freudianbreath has 15 seconds left.
|
|t:|1756786411
|cant|p1b: Archaludon|slp
|move|p2b: Rillaboom|Wood Hammer|p1a: Sinistcha
|-resisted|p1a: Sinistcha
|-damage|p1a: Sinistcha|65/100
|-damage|p2b: Rillaboom|91/100|[from] Recoil
|move|p1a: Sinistcha|Matcha Gotcha|p2b: Rillaboom|[spread] p2a,p2b
|-resisted|p2a: Amoonguss
|-resisted|p2b: Rillaboom
|-damage|p2a: Amoonguss|92/100
|-heal|p1a: Sinistcha|70/100|[from] drain|[of] p2a: Amoonguss
|-damage|p2b: Rillaboom|81/100
|-heal|p1a: Sinistcha|76/100|[from] drain|[of] p2b: Rillaboom
|-status|p2b: Rillaboom|brn
|move|p2a: Amoonguss|Pollen Puff|p1a: Sinistcha
|-damage|p1a: Sinistcha|60/100
|
|-weather|none
|-heal|p2b: Rillaboom|86/100 brn|[from] Grassy Terrain
|-heal|p1a: Sinistcha|66/100|[from] Grassy Terrain
|-heal|p2a: Amoonguss|98/100|[from] Grassy Terrain
|-damage|p2b: Rillaboom|81/100 brn|[from] brn
|upkeep
|turn|6
|inactive|ricoboi has 30 seconds left.
|inactive|freudianbreath has 30 seconds left.
|inactive|freudianbreath has 20 seconds left.
|inactive|freudianbreath has 15 seconds left.
|inactive|freudianbreath has 10 seconds left.
|
|t:|1756786458
|-curestatus|p1b: Archaludon|slp|[msg]
|move|p1b: Archaludon|Body Press|p2b: Rillaboom
|-damage|p2b: Rillaboom|47/100 brn
|move|p2b: Rillaboom|Wood Hammer|p1b: Archaludon
|-damage|p1b: Archaludon|71/100
|-ability|p1b: Archaludon|Stamina|boost
|-boost|p1b: Archaludon|def|1
|-damage|p2b: Rillaboom|38/100 brn|[from] Recoil
|move|p1a: Sinistcha|Matcha Gotcha|p2b: Rillaboom|[spread] p2a,p2b
|-resisted|p2a: Amoonguss
|-resisted|p2b: Rillaboom
|-damage|p2a: Amoonguss|91/100
|-heal|p1a: Sinistcha|71/100|[from] drain|[of] p2a: Amoonguss
|-damage|p2b: Rillaboom|28/100 brn
|-heal|p1a: Sinistcha|77/100|[from] drain|[of] p2b: Rillaboom
|move|p2a: Amoonguss|Pollen Puff|p1b: Archaludon
|-resisted|p1b: Archaludon
|-damage|p1b: Archaludon|63/100
|-ability|p1b: Archaludon|Stamina|boost
|-boost|p1b: Archaludon|def|1
|
|-heal|p1b: Archaludon|69/100|[from] Grassy Terrain
|-heal|p2b: Rillaboom|33/100 brn|[from] Grassy Terrain
|-heal|p1a: Sinistcha|83/100|[from] Grassy Terrain
|-heal|p2a: Amoonguss|97/100|[from] Grassy Terrain
|-damage|p2b: Rillaboom|28/100 brn|[from] brn
|upkeep
|turn|7
|inactive|ricoboi has 30 seconds left.
|inactive|freudianbreath has 30 seconds left.
|
|t:|1756786487
|move|p1b: Archaludon|Body Press|p2b: Rillaboom
|-damage|p2b: Rillaboom|0 fnt
|faint|p2b: Rillaboom
|move|p1a: Sinistcha|Life Dew|p1a: Sinistcha|[spread] p1a,p1b
|-heal|p1a: Sinistcha|100/100
|-heal|p1b: Archaludon|94/100
|move|p2a: Amoonguss|Pollen Puff|p2: Rillaboom|[notarget]
|-fail|p2a: Amoonguss
|
|-heal|p1b: Archaludon|99/100|[from] Grassy Terrain
|-heal|p2a: Amoonguss|100/100|[from] Grassy Terrain
|-fieldend|move: Grassy Terrain
|upkeep
|turn|8
|-message|freudianbreath forfeited.
|
|win|ricoboi
||ricoboi is ready for game 2.
||freudianbreath is ready for game 2.
|uhtml|next|Next: Game 2 of 3
|l|☆ricoboi
|player|p1|
