|j|☆Lego Darth Malgus
|j|☆Arkhept
|html|Lego Darth MalgusArkhept    
|uhtml|bestof|Game 2 of a best-of-3
|t:|1757626763
|gametype|doubles
|player|p1|Lego Darth Malgus|169|1167
|player|p2|Arkhept|misty|1178
|gen|9
|tier|[Gen 9] VGC 2025 Reg H (Bo3)
|rated|
|rule|Species Clause: Limit one of each Pokémon
|rule|Item Clause: Limit 1 of each item
|clearpoke
|poke|p1|Empoleon, L50, F|
|poke|p1|Garchomp, L50, M|
|poke|p1|Meowscarada, L50, M|
|poke|p1|Indeedee-F, L50, F|
|poke|p1|Armarouge, L50, M|
|poke|p1|Tyranitar, L50, F|
|poke|p2|Blaziken, L50, F|
|poke|p2|Dragonite, L50, F|
|poke|p2|Rillaboom, L50, M|
|poke|p2|Electabuzz, L50, M|
|poke|p2|Kingambit, L50, F|
|poke|p2|Volcarona, L50, F|
|teampreview|4
|showteam|p1|Empoleon||SitrusBerry|Competitive|WaterPledge,Protect,Yawn,IceBeam|||F|||50|,,,,,Ghost]Garchomp||ClearAmulet|RoughSkin|DragonClaw,StompingTantrum,Protect,Earthquake|||M|||50|,,,,,Steel]Meowscarada||FocusSash|Overgrow|FlowerTrick,Protect,GrassPledge,KnockOff|||M|||50|,,,,,Grass]Indeedee-F||SafetyGoggles|PsychicSurge|FollowMe,Psychic,TrickRoom,HelpingHand|||F|||50|,,,,,Water]Armarouge||LifeOrb|FlashFire|ExpandingForce,ArmorCannon,TrickRoom,Protect|||M|||50|,,,,,Grass]Tyranitar||AssaultVest|SandStream|RockSlide,KnockOff,TeraBlast,LowKick|||F|||50|,,,,,Flying
|showteam|p2|Blaziken||FocusSash|SpeedBoost|CloseCombat,FlareBlitz,Detect,Coaching|||F|||50|,,,,,Stellar]Dragonite||LoadedDice|Multiscale|ScaleShot,ExtremeSpeed,Haze,Protect|||F|||50|,,,,,Steel]Rillaboom||AssaultVest|GrassySurge|WoodHammer,GrassyGlide,HighHorsepower,FakeOut|||M|||50|,,,,,Fire]Electabuzz||Eviolite|VitalSpirit|Thunderbolt,Taunt,FollowMe,Protect|||M|||50|,,,,,Ghost]Kingambit||BlackGlasses|Defiant|KowtowCleave,SwordsDance,SuckerPunch,Protect|||F|||50|,,,,,Dark]Volcarona||Leftovers|FlameBody|HeatWave,TeraBlast,QuiverDance,Protect|||F|||50|,,,,,Fairy
|inactive|Battle timer is ON: inactive players will automatically lose when time's up. (requested by Lego Darth Malgus)
|inactive|Lego Darth Malgus has 60 seconds left.
|
|t:|1757626794
|teamsize|p1|4
|teamsize|p2|4
|start
|switch|p1a: Meowscarada|Meowscarada, L50, M|100/100
|switch|p1b: Tyranitar|Tyranitar, L50, F|100/100
|switch|p2a: Blaziken|Blaziken, L50, F|100/100
|switch|p2b: Dragonite|Dragonite, L50, F|100/100
|-weather|Sandstorm|[from] ability: Sand Stream|[of] p1b: Tyranitar
|turn|1
|
|t:|1757626805
|-terastallize|p1b: Tyranitar|Flying
|move|p1a: Meowscarada|Knock Off|p2b: Dragonite
|-damage|p2b: Dragonite|77/100
|-enditem|p2b: Dragonite|Loaded Dice|[from] move: Knock Off|[of] p1a: Meowscarada
|move|p2a: Blaziken|Close Combat|p1b: Tyranitar
|-resisted|p1b: Tyranitar
|-damage|p1b: Tyranitar|75/100
|-unboost|p2a: Blaziken|def|1
|-unboost|p2a: Blaziken|spd|1
|move|p2b: Dragonite|Scale Shot|p1a: Meowscarada
|-damage|p1a: Meowscarada|74/100
|-damage|p1a: Meowscarada|50/100
|-hitcount|p1a: Meowscarada|2
|-unboost|p2b: Dragonite|def|1
|-boost|p2b: Dragonite|spe|1
|move|p1b: Tyranitar|Tera Blast|p2a: Blaziken|[anim] Tera Blast Flying
|-supereffective|p2a: Blaziken
|-crit|p2a: Blaziken
|-enditem|p2a: Blaziken|Focus Sash
|-damage|p2a: Blaziken|1/100
|
|-weather|Sandstorm|[upkeep]
|-damage|p2b: Dragonite|71/100|[from] Sandstorm
|-damage|p1a: Meowscarada|44/100|[from] Sandstorm
|-damage|p2a: Blaziken|0 fnt|[from] Sandstorm
|-damage|p1b: Tyranitar|69/100|[from] Sandstorm
|faint|p2a: Blaziken
|upkeep
|
|t:|1757626821
|switch|p2a: Kingambit|Kingambit, L50, F|100/100
|turn|2
|
|t:|1757626843
|switch|p1b: Armarouge|Armarouge, L50, M|100/100
|-terastallize|p2a: Kingambit|Dark
|move|p2a: Kingambit|Sucker Punch||[still]
|-fail|p2a: Kingambit
|move|p2b: Dragonite|Scale Shot|p1b: Armarouge
|-damage|p1b: Armarouge|86/100
|-damage|p1b: Armarouge|72/100
|-damage|p1b: Armarouge|59/100
|-hitcount|p1b: Armarouge|3
|-unboost|p2b: Dragonite|def|1
|-boost|p2b: Dragonite|spe|1
|move|p1a: Meowscarada|Flower Trick|p2b: Dragonite
|-resisted|p2b: Dragonite
|-crit|p2b: Dragonite
|-damage|p2b: Dragonite|44/100
|
|-weather|Sandstorm|[upkeep]
|-damage|p2b: Dragonite|38/100|[from] Sandstorm
|-damage|p1a: Meowscarada|38/100|[from] Sandstorm
|-damage|p1b: Armarouge|53/100|[from] Sandstorm
|-damage|p2a: Kingambit|95/100|[from] Sandstorm
|upkeep
|turn|3
|inactive|Lego Darth Malgus has 30 seconds left.
|
|t:|1757626875
|switch|p1a: Indeedee|Indeedee-F, L50, F|100/100
|-fieldstart|move: Psychic Terrain|[from] ability: Psychic Surge|[of] p1a: Indeedee
|move|p2b: Dragonite|Scale Shot|p1a: Indeedee
|-crit|p1a: Indeedee
|-damage|p1a: Indeedee|78/100
|-damage|p1a: Indeedee|64/100
|-hitcount|p1a: Indeedee|2
|-unboost|p2b: Dragonite|def|1
|-boost|p2b: Dragonite|spe|1
|move|p1b: Armarouge|Armor Cannon|p2a: Kingambit
|-damage|p2a: Kingambit|15/100
|-unboost|p1b: Armarouge|def|1
|-unboost|p1b: Armarouge|spd|1
|-damage|p1b: Armarouge|43/100|[from] item: Life Orb
|move|p2a: Kingambit|Kowtow Cleave|p1b: Armarouge
|-supereffective|p1b: Armarouge
|-damage|p1b: Armarouge|0 fnt
|faint|p1b: Armarouge
|
|-weather|Sandstorm|[upkeep]
|-damage|p2b: Dragonite|32/100|[from] Sandstorm
|-damage|p2a: Kingambit|10/100|[from] Sandstorm
|upkeep
|
|t:|1757626883
|switch|p1b: Tyranitar|Tyranitar, L50, F, tera:Flying|69/100
|turn|4
|
|t:|1757626902
|move|p2a: Kingambit|Protect|p2a: Kingambit
|-singleturn|p2a: Kingambit|Protect
|move|p1a: Indeedee|Follow Me|p1a: Indeedee
|-singleturn|p1a: Indeedee|move: Follow Me
|move|p2b: Dragonite|Scale Shot|p1a: Indeedee
|-damage|p1a: Indeedee|49/100
|-damage|p1a: Indeedee|34/100
|-damage|p1a: Indeedee|21/100
|-hitcount|p1a: Indeedee|3
|-unboost|p2b: Dragonite|def|1
|-boost|p2b: Dragonite|spe|1
|move|p1b: Tyranitar|Rock Slide|p2a: Kingambit|[spread] p2b
|-activate|p2a: Kingambit|move: Protect
|-supereffective|p2b: Dragonite
|-damage|p2b: Dragonite|0 fnt
|faint|p2b: Dragonite
|
|-weather|Sandstorm|[upkeep]
|-damage|p1b: Tyranitar|63/100|[from] Sandstorm
|-damage|p2a: Kingambit|4/100|[from] Sandstorm
|upkeep
|
|t:|1757626912
|switch|p2b: Rillaboom|Rillaboom, L50, M|100/100
|-fieldstart|move: Grassy Terrain|[from] ability: Grassy Surge|[of] p2b: Rillaboom
|turn|5
|
|t:|1757626918
|switch|p1a: Meowscarada|Meowscarada, L50, M|38/100
|move|p2b: Rillaboom|Fake Out|p1a: Meowscarada
|-damage|p1a: Meowscarada|12/100
|move|p2a: Kingambit|Sucker Punch|p1b: Tyranitar
|-damage|p1b: Tyranitar|1/100
|move|p1b: Tyranitar|Tera Blast|p2b: Rillaboom|[anim] Tera Blast Flying
|-supereffective|p2b: Rillaboom
|-crit|p2b: Rillaboom
|-damage|p2b: Rillaboom|0 fnt
|faint|p2b: Rillaboom
|
|-weather|none
|-heal|p1a: Meowscarada|18/100|[from] Grassy Terrain
|-heal|p2a: Kingambit|10/100|[from] Grassy Terrain
|upkeep
|turn|6
|-message|Arkhept forfeited.
|
|win|Lego Darth Malgus
|l|☆Arkhept
|player|p2|
||Arkhept is ready for game 3.
||Lego Darth Malgus is ready for game 3.
|uhtml|next|Next: Game 3 of 3
|l|☆Lego Darth Malgus
|player|p1|
