|j|☆hariruki
|j|☆JessTest
|html|harirukiJessTest    
|uhtml|bestof|Game 1 of a best-of-3
|t:|1782380299
|gametype|doubles
|player|p1|hariruki|169|1162
|player|p2|JessTest|169|1045
|gen|9
|tier|[Gen 9 Champions] VGC 2026 Reg M-B (Bo3)
|rated|
|rule|Species Clause: Limit one of each Pokémon
|rule|Item Clause: Limit 1 of each item
|clearpoke
|poke|p1|Swampert, L50, M|
|poke|p1|Pelipper, L50, M|
|poke|p1|Archaludon, L50, M|
|poke|p1|Sinistcha, L50|
|poke|p1|Metagross, L50|
|poke|p1|Sableye, L50, F|
|poke|p2|Raichu, L50, M|
|poke|p2|Gyarados, L50, M|
|poke|p2|Sinistcha, L50|
|poke|p2|Incineroar, L50, F|
|poke|p2|Kommo-o, L50, M|
|poke|p2|Metagross, L50|
|teampreview|4
|showteam|p1|Swampert||Swampertite|Damp|WaveCrash,Earthquake,IcePunch,Protect|Adamant||M|||50|]Pelipper||SitrusBerry|Drizzle|Hurricane,WeatherBall,Tailwind,WideGuard|Modest||M|||50|]Archaludon||Leftovers|Stamina|ElectroShot,DragonPulse,FlashCannon,Protect|Modest||M|||50|]Sinistcha||CobaBerry|Hospitality|MatchaGotcha,RagePowder,TrickRoom,Protect|Relaxed|||||50|]Metagross||Metagrossite|ClearBody|IronHead,PsychicFangs,BodyPress,Protect|Jolly|||||50|]Sableye||LightClay|Prankster|LightScreen,WillOWisp,RainDance,SkillSwap|Calm||F|||50|
|showteam|p2|Raichu||FocusSash|LightningRod|Thunderbolt,Encore,FakeOut,Protect|Hasty||M|||50|]Gyarados||Gyaradosite|Intimidate|Waterfall,IceFang,DragonDance,Protect|Adamant||M|||50|]Sinistcha||SitrusBerry|Hospitality|MatchaGotcha,LifeDew,RagePowder,TrickRoom|Calm|||||50|]Incineroar||ChopleBerry|Intimidate|FlareBlitz,ThroatChop,FakeOut,PartingShot|Careful||F|||50|]Kommo-o||Leftovers|Soundproof|ClangingScales,AuraSphere,ClangorousSoul,Protect|Timid||M|||50|]Metagross||Metagrossite|ClearBody|IronHead,PsychicFangs,StompingTantrum,Protect|Jolly|||||50|
|inactive|Battle timer is ON: inactive players will automatically lose when time's up. (requested by JessTest)
|inactive|JessTest has 60 seconds left.
|
|t:|1782380355
|teamsize|p1|4
|teamsize|p2|4
|start
|switch|p1a: Pelipper|Pelipper, L50, M|100/100
|switch|p1b: Sableye|Sableye, L50, F|100/100
|switch|p2a: Kommo-o|Kommo-o, L50, M|100/100
|switch|p2b: Sinistcha|Sinistcha, L50|100/100
|-weather|RainDance|[from] ability: Drizzle|[of] p1a: Pelipper
|turn|1
|
|t:|1782380380
|switch|p2b: Metagross|Metagross, L50|100/100
|move|p1b: Sableye|Light Screen|p1b: Sableye
|-sidestart|p1: hariruki|move: Light Screen
|move|p2a: Kommo-o|Clangorous Soul|p2a: Kommo-o
|-boost|p2a: Kommo-o|atk|1
|-boost|p2a: Kommo-o|def|1
|-boost|p2a: Kommo-o|spa|1
|-boost|p2a: Kommo-o|spd|1
|-boost|p2a: Kommo-o|spe|1
|-damage|p2a: Kommo-o|67/100
|move|p1a: Pelipper|Hurricane|p2b: Metagross
|-resisted|p2b: Metagross|1
|-damage|p2b: Metagross|74/100
|
|-weather|RainDance|[upkeep]
|-heal|p2a: Kommo-o|73/100|[from] item: Leftovers
|upkeep
|turn|2
|inactive|hariruki has 30 seconds left.
|inactive|JessTest has 30 seconds left.
|inactive|JessTest has 20 seconds left.
|inactive|JessTest has 15 seconds left.
|inactive|JessTest has 10 seconds left.
|
|t:|1782380427
|detailschange|p2b: Metagross|Metagross-Mega, L50
|-mega|p2b: Metagross|Metagross|Metagrossite
|move|p2a: Kommo-o|Protect|p2a: Kommo-o
|-singleturn|p2a: Kommo-o|Protect
|move|p1b: Sableye|Will-O-Wisp|p2b: Metagross
|-status|p2b: Metagross|brn
|move|p2b: Metagross|Psychic Fangs|p1a: Pelipper
|-sideend|p1: hariruki|move: Light Screen
|-damage|p1a: Pelipper|67/100
|move|p1a: Pelipper|Hurricane|p2a: Kommo-o
|-activate|p2a: Kommo-o|move: Protect
|
|-weather|RainDance|[upkeep]
|-heal|p2a: Kommo-o|78/100|[from] item: Leftovers
|-damage|p2b: Metagross|68/100 brn|[from] brn
|upkeep
|turn|3
|inactive|hariruki has 30 seconds left.
|inactive|JessTest has 30 seconds left.
|
|t:|1782380459
|switch|p2b: Sinistcha|Sinistcha, L50|100/100
|-heal|p2a: Kommo-o|100/100|[from] ability: Hospitality|[of] p2b: Sinistcha
|move|p1b: Sableye|Skill Swap|p2b: Sinistcha
|-activate|p1b: Sableye|Skill Swap|Hospitality|Prankster|[of] p2b: Sinistcha
|-heal|p1a: Pelipper|91/100|[from] ability: Hospitality|[of] p1b: Sableye
|move|p2a: Kommo-o|Clanging Scales|p1b: Sableye|[spread] p1a,p1b
|-damage|p1a: Pelipper|29/100
|-damage|p1b: Sableye|36/100
|-enditem|p1a: Pelipper|Sitrus Berry|[eat]
|-heal|p1a: Pelipper|54/100|[from] item: Sitrus Berry
|-unboost|p2a: Kommo-o|def|1
|move|p1a: Pelipper|Hurricane|p2a: Kommo-o
|-supereffective|p2a: Kommo-o|1
|-damage|p2a: Kommo-o|36/100
|
|-weather|RainDance|[upkeep]
|-heal|p2a: Kommo-o|42/100|[from] item: Leftovers
|upkeep
|turn|4
|inactive|hariruki has 30 seconds left.
|inactive|JessTest has 30 seconds left.
|
|t:|1782380492
|move|p2b: Sinistcha|Life Dew||[still]|[spread] p2a,p2b
|-heal|p2a: Kommo-o|67/100
|-fail|p2b: Sinistcha|heal
|move|p2a: Kommo-o|Clanging Scales|p1b: Sableye|[spread] p1a,p1b
|-damage|p1a: Pelipper|0 fnt
|-damage|p1b: Sableye|0 fnt
|faint|p1a: Pelipper
|faint|p1b: Sableye
|-unboost|p2a: Kommo-o|def|1
|
|-weather|RainDance|[upkeep]
|-heal|p2a: Kommo-o|73/100|[from] item: Leftovers
|upkeep
|
|t:|1782380506
|switch|p1a: Swampert|Swampert, L50, M|100/100
|switch|p1b: Archaludon|Archaludon, L50, M|100/100
|turn|5
|
|t:|1782380518
|detailschange|p1a: Swampert|Swampert-Mega, L50, M
|-mega|p1a: Swampert|Swampert|Swampertite
|move|p2b: Sinistcha|Rage Powder|p2b: Sinistcha
|-singleturn|p2b: Sinistcha|move: Rage Powder
|move|p2a: Kommo-o|Aura Sphere|p1b: Archaludon
|-supereffective|p1b: Archaludon|1
|-damage|p1b: Archaludon|7/100
|-ability|p1b: Archaludon|Stamina|boost
|-boost|p1b: Archaludon|def|1
|move|p1a: Swampert|Ice Punch|p2b: Sinistcha
|-supereffective|p2b: Sinistcha|1
|-damage|p2b: Sinistcha|38/100
|-enditem|p2b: Sinistcha|Sitrus Berry|[eat]
|-heal|p2b: Sinistcha|63/100|[from] item: Sitrus Berry
|move|p1b: Archaludon|Electro Shot||[still]
|-prepare|p1b: Archaludon|Electro Shot
|-boost|p1b: Archaludon|spa|1
|-anim|p1b: Archaludon|Electro Shot|p2b: Sinistcha
|-resisted|p2b: Sinistcha|1
|-damage|p2b: Sinistcha|35/100
|
|-weather|none
|-heal|p2a: Kommo-o|79/100|[from] item: Leftovers
|-heal|p1b: Archaludon|13/100|[from] item: Leftovers
|upkeep
|turn|6
|inactive|hariruki has 30 seconds left.
|
|t:|1782380543
|move|p1b: Archaludon|Protect|p1b: Archaludon
|-singleturn|p1b: Archaludon|Protect
|move|p2b: Sinistcha|Rage Powder|p2b: Sinistcha
|-singleturn|p2b: Sinistcha|move: Rage Powder
|move|p2a: Kommo-o|Clanging Scales|p1a: Swampert|[spread] p1a
|-activate|p1b: Archaludon|move: Protect
|-damage|p1a: Swampert|51/100
|-unboost|p2a: Kommo-o|def|1
|move|p1a: Swampert|Ice Punch|p2b: Sinistcha
|-supereffective|p2b: Sinistcha|1
|-damage|p2b: Sinistcha|0 fnt
|faint|p2b: Sinistcha
|
|-heal|p2a: Kommo-o|85/100|[from] item: Leftovers
|-heal|p1b: Archaludon|19/100|[from] item: Leftovers
|upkeep
|
|t:|1782380555
|switch|p2b: Incineroar|Incineroar, L50, F|100/100
|-ability|p2b: Incineroar|Intimidate|boost
|-unboost|p1a: Swampert|atk|1
|-unboost|p1b: Archaludon|atk|1
|turn|7
|
|t:|1782380577
|move|p2b: Incineroar|Fake Out|p1a: Swampert
|-damage|p1a: Swampert|42/100
|move|p2a: Kommo-o|Clanging Scales|p1b: Archaludon|[spread] p1a,p1b
|-damage|p1a: Swampert|1/100
|-damage|p1b: Archaludon|0 fnt
|faint|p1b: Archaludon
|-unboost|p2a: Kommo-o|def|1
|cant|p1a: Swampert|flinch
|
|-heal|p2a: Kommo-o|91/100|[from] item: Leftovers
|upkeep
|turn|8
|-message|hariruki forfeited.
|
|win|JessTest
||hariruki is ready for game 2.
