|j|☆AdaelVGC
|j|☆pokeopposition
|html|AdaelVGCpokeopposition    
|uhtml|bestof|Game 3 of a best-of-3
|t:|1782504776
|gametype|doubles
|player|p1|AdaelVGC|1|1167
|player|p2|pokeopposition|silver|1125
|gen|9
|tier|[Gen 9 Champions] VGC 2026 Reg M-B (Bo3)
|rated|
|rule|Species Clause: Limit one of each Pokémon
|rule|Item Clause: Limit 1 of each item
|clearpoke
|poke|p1|Metagross, L50, shiny|
|poke|p1|Swampert, L50, M|
|poke|p1|Pelipper, L50, M|
|poke|p1|Archaludon, L50, F|
|poke|p1|Hydreigon, L50, M|
|poke|p1|Sinistcha, L50|
|poke|p2|Incineroar, L50, F|
|poke|p2|Meowscarada, L50, M, shiny|
|poke|p2|Drampa, L50, F, shiny|
|poke|p2|Aegislash, L50, M, shiny|
|poke|p2|Sinistcha, L50, shiny|
|poke|p2|Farigiraf, L50, M, shiny|
|teampreview|4
|showteam|p1|Metagross||Metagrossite|ClearBody|IronHead,PsychicFangs,BulletPunch,Protect|Adamant|||||50|]Swampert||Swampertite|Torrent|WaveCrash,HighHorsepower,IcePunch,Protect|Adamant||M|||50|]Pelipper||FocusSash|Drizzle|WeatherBall,Hurricane,Tailwind,Protect|Modest||M|||50|]Archaludon||Leftovers|Stamina|DragonPulse,ElectroShot,AuraSphere,Protect|Modest||F|||50|]Hydreigon||ChoiceScarf|Levitate|DracoMeteor,DarkPulse,Snarl,EarthPower|Modest||M|||50|]Sinistcha||SitrusBerry|Hospitality|MatchaGotcha,TrickRoom,RagePowder,Protect|Bold|||||50|
|showteam|p2|Incineroar||PasshoBerry|Intimidate|FlareBlitz,ThroatChop,FakeOut,PartingShot|Impish||F|||50|]Meowscarada||ChoiceScarf|Protean|TripleAxel,FlowerTrick,Uturn,KnockOff|Jolly||M|||50|]Drampa||Drampanite|CloudNine|DracoMeteor,HyperVoice,EarthPower,Protect|Quiet||F|||50|]Aegislash||Leftovers|StanceChange|KingsShield,WideGuard,IronHead,Poltergeist|Careful||M|||50|]Sinistcha||OccaBerry|Hospitality|MatchaGotcha,LifeDew,RagePowder,Protect|Bold|||||50|]Farigiraf||ColburBerry|ArmorTail|Psychic,TrickRoom,HelpingHand,Protect|Quiet||M|||50|
|
|t:|1782504825
|teamsize|p1|4
|teamsize|p2|4
|start
|switch|p1a: Pelipper|Pelipper, L50, M|100/100
|switch|p1b: Archaludon|Archaludon, L50, F|100/100
|switch|p2a: Farigiraf|Farigiraf, L50, M, shiny|100/100
|switch|p2b: Meowscarada|Meowscarada, L50, M, shiny|100/100
|-weather|RainDance|[from] ability: Drizzle|[of] p1a: Pelipper
|turn|1
|
|t:|1782504861
|move|p1a: Pelipper|Protect|p1a: Pelipper
|-singleturn|p1a: Pelipper|Protect
|move|p2b: Meowscarada|U-turn|p1b: Archaludon
|-start|p2b: Meowscarada|typechange|Bug|[from] ability: Protean
|-resisted|p1b: Archaludon|1
|-damage|p1b: Archaludon|87/100
|-ability|p1b: Archaludon|Stamina|boost
|-boost|p1b: Archaludon|def|1
|
|t:|1782504874
|switch|p2b: Drampa|Drampa, L50, F, shiny|100/100|[from] U-turn
|-ability|p2b: Drampa|Cloud Nine
|move|p1b: Archaludon|Aura Sphere|p2b: Drampa
|-supereffective|p2b: Drampa|1
|-crit|p2b: Drampa
|-damage|p2b: Drampa|8/100
|move|p2a: Farigiraf|Trick Room|p2a: Farigiraf
|-fieldstart|move: Trick Room|[of] p2a: Farigiraf
|
|-weather|RainDance|[upkeep]
|-heal|p1b: Archaludon|93/100|[from] item: Leftovers
|upkeep
|turn|2
|
|t:|1782504906
|switch|p2a: Sinistcha|Sinistcha, L50, shiny|100/100
|-heal|p2b: Drampa|32/100|[from] ability: Hospitality|[of] p2a: Sinistcha
|switch|p1a: Sinistcha|Sinistcha, L50|100/100
|-heal|p1b: Archaludon|100/100|[from] ability: Hospitality|[of] p1a: Sinistcha
|detailschange|p2b: Drampa|Drampa-Mega, L50, F, shiny
|-mega|p2b: Drampa|Drampa|Drampanite
|move|p2b: Drampa|Earth Power|p1b: Archaludon
|-supereffective|p1b: Archaludon|1
|-crit|p1b: Archaludon
|-damage|p1b: Archaludon|0 fnt
|faint|p1b: Archaludon
|
|-weather|RainDance|[upkeep]
|upkeep
|
|t:|1782504925
|switch|p1b: Pelipper|Pelipper, L50, M|100/100
|turn|3
|
|t:|1782504953
|move|p2b: Drampa|Draco Meteor|p1a: Sinistcha
|-damage|p1a: Sinistcha|30/100
|-unboost|p2b: Drampa|spa|2
|-enditem|p1a: Sinistcha|Sitrus Berry|[eat]
|-heal|p1a: Sinistcha|55/100|[from] item: Sitrus Berry
|move|p2a: Sinistcha|Life Dew||[still]|[spread] p2a,p2b
|-fail|p2a: Sinistcha|heal
|-heal|p2b: Drampa|57/100
|move|p1b: Pelipper|Hurricane|p2a: Sinistcha
|-supereffective|p2a: Sinistcha|1
|-damage|p2a: Sinistcha|0 fnt
|faint|p2a: Sinistcha
|move|p1a: Sinistcha|Trick Room|p1a: Sinistcha
|-fieldend|move: Trick Room
|
|-weather|RainDance|[upkeep]
|upkeep
|
|t:|1782504974
|switch|p2a: Farigiraf|Farigiraf, L50, M, shiny|100/100
|turn|4
|
|t:|1782505017
|switch|p2b: Meowscarada|Meowscarada, L50, M, shiny|100/100
|move|p2a: Farigiraf|Protect|p2a: Farigiraf
|-singleturn|p2a: Farigiraf|Protect
|move|p1b: Pelipper|Weather Ball|p2a: Farigiraf
|-activate|p2a: Farigiraf|move: Protect
|move|p1a: Sinistcha|Matcha Gotcha|p2b: Meowscarada|[spread] p2b
|-activate|p2a: Farigiraf|move: Protect
|-resisted|p2b: Meowscarada|1
|-damage|p2b: Meowscarada|82/100
|-heal|p1a: Sinistcha|63/100|[from] drain|[of] p2b: Meowscarada
|
|-weather|RainDance|[upkeep]
|upkeep
|turn|5
|
|t:|1782505051
|move|p2b: Meowscarada|Triple Axel|p1b: Pelipper
|-start|p2b: Meowscarada|typechange|Ice|[from] ability: Protean
|-damage|p1b: Pelipper|88/100
|-damage|p1b: Pelipper|62/100
|-damage|p1b: Pelipper|24/100
|-hitcount|p1b: Pelipper|3
|move|p1b: Pelipper|Weather Ball|p2b: Meowscarada
|-damage|p2b: Meowscarada|0 fnt
|faint|p2b: Meowscarada
|move|p1a: Sinistcha|Matcha Gotcha|p2a: Farigiraf
|-damage|p2a: Farigiraf|69/100
|-heal|p1a: Sinistcha|81/100|[from] drain|[of] p2a: Farigiraf
|move|p2a: Farigiraf|Psychic|p1b: Pelipper
|-damage|p1b: Pelipper|0 fnt
|faint|p1b: Pelipper
|
|-weather|none
|upkeep
|
|t:|1782505064
|switch|p2b: Drampa|Drampa-Mega, L50, F, shiny|57/100
|switch|p1b: Swampert|Swampert, L50, M|100/100
|turn|6
|
|t:|1782505077
|detailschange|p1b: Swampert|Swampert-Mega, L50, M
|-mega|p1b: Swampert|Swampert|Swampertite
|move|p2b: Drampa|Protect|p2b: Drampa
|-singleturn|p2b: Drampa|Protect
|move|p1a: Sinistcha|Rage Powder|p1a: Sinistcha
|-singleturn|p1a: Sinistcha|move: Rage Powder
|move|p1b: Swampert|Ice Punch|p2b: Drampa
|-activate|p2b: Drampa|move: Protect
|move|p2a: Farigiraf|Trick Room|p2a: Farigiraf
|-fieldstart|move: Trick Room|[of] p2a: Farigiraf
|
|upkeep
|turn|7
|
|t:|1782505093
|move|p1a: Sinistcha|Rage Powder|p1a: Sinistcha
|-singleturn|p1a: Sinistcha|move: Rage Powder
|move|p2b: Drampa|Earth Power|p1a: Sinistcha
|-resisted|p1a: Sinistcha|1
|-damage|p1a: Sinistcha|66/100
|move|p2a: Farigiraf|Psychic|p1a: Sinistcha
|-damage|p1a: Sinistcha|26/100
|-unboost|p1a: Sinistcha|spd|1
|move|p1b: Swampert|Ice Punch|p2b: Drampa
|-supereffective|p2b: Drampa|1
|-damage|p2b: Drampa|9/100
|-ability|p2b: Drampa|Berserk|boost
|-boost|p2b: Drampa|spa|1
|
|upkeep
|turn|8
|
|t:|1782505108
|move|p2b: Drampa|Protect|p2b: Drampa
|-singleturn|p2b: Drampa|Protect
|move|p1b: Swampert|Protect|p1b: Swampert
|-singleturn|p1b: Swampert|Protect
|move|p2a: Farigiraf|Psychic|p1a: Sinistcha
|-damage|p1a: Sinistcha|0 fnt
|faint|p1a: Sinistcha
|
|upkeep
|turn|9
|
|t:|1782505127
|move|p2a: Farigiraf|Helping Hand|p2b: Drampa
|-singleturn|p2b: Drampa|Helping Hand|[of] p2a: Farigiraf
|move|p2b: Drampa|Draco Meteor|p1b: Swampert
|-damage|p1b: Swampert|0 fnt
|-unboost|p2b: Drampa|spa|2
|faint|p1b: Swampert
|
|win|pokeopposition
|raw|AdaelVGC's rating: 1167 → 1139(-28 for losing)
|raw|pokeopposition's rating: 1125 → 1153(+28 for winning)
|c|☆AdaelVGC|gg
