|j|☆GoPlayCatch
|j|☆eklyst
|html|GoPlayCatcheklyst    
|uhtml|bestof|Game 2 of a best-of-3
|t:|1783718766
|gametype|doubles
|player|p1|GoPlayCatch|266|1233
|player|p2|eklyst|pokemaniac|1177
|gen|9
|tier|[Gen 9 Champions] VGC 2026 Reg M-B (Bo3)
|rated|
|rule|Species Clause: Limit one of each Pokémon
|rule|Item Clause: Limit 1 of each item
|clearpoke
|poke|p1|Houndoom, L50, F|
|poke|p1|Venusaur, L50, F|
|poke|p1|Torkoal, L50, M|
|poke|p1|Quaquaval, L50, F|
|poke|p1|Tinkaton, L50, F|
|poke|p1|Whimsicott, L50, F|
|poke|p2|Metagross, L50|
|poke|p2|Floette-Eternal, L50, F|
|poke|p2|Garchomp, L50, F|
|poke|p2|Aerodactyl, L50, F|
|poke|p2|Sinistcha, L50|
|poke|p2|Incineroar, L50, M|
|teampreview|4
|showteam|p1|Houndoom||Houndoominite|FlashFire|DarkPulse,HeatWave,Protect,Overheat|Timid||F|||50|]Venusaur||Venusaurite|Chlorophyll|GigaDrain,SludgeBomb,EarthPower,Protect|Modest||F|||50|]Torkoal||Charcoal|Drought|Eruption,WeatherBall,HelpingHand,Protect|Quiet||M|||50|]Quaquaval||LifeOrb|Moxie|AquaStep,CloseCombat,IceSpinner,Protect|Adamant||F|||50|]Tinkaton||OccaBerry|MoldBreaker|GigatonHammer,FakeOut,Feint,Protect|Impish||F|||50|]Whimsicott||FocusSash|Prankster|Moonblast,Tailwind,Encore,SunnyDay|Timid||F|||50|
|showteam|p2|Metagross||Metagrossite|ClearBody|IronHead,BulletPunch,PsychicFangs,Protect|Adamant|||||50|]Floette-Eternal||Floettite|FlowerVeil|Moonblast,DazzlingGleam,CalmMind,Protect|Modest||F|||50|]Garchomp||LifeOrb|RoughSkin|RockSlide,StompingTantrum,DragonClaw,Protect|Jolly||F|||50|]Aerodactyl||FocusSash|Unnerve|RockSlide,DualWingbeat,Tailwind,Protect|Jolly||F|||50|]Sinistcha||KasibBerry|Hospitality|MatchaGotcha,TrickRoom,RagePowder,Protect|Relaxed|||||50|]Incineroar||SitrusBerry|Intimidate|FakeOut,FlareBlitz,ThroatChop,PartingShot|Adamant||M|||50|
|inactive|Battle timer is ON: inactive players will automatically lose when time's up. (requested by eklyst)
|
|t:|1783718790
|teamsize|p1|4
|teamsize|p2|4
|start
|switch|p1a: Tinkaton|Tinkaton, L50, F|100/100
|switch|p1b: Whimsicott|Whimsicott, L50, F|100/100
|switch|p2a: Garchomp|Garchomp, L50, F|100/100
|switch|p2b: Metagross|Metagross, L50|100/100
|-ability|p1a: Tinkaton|Mold Breaker
|turn|1
|
|t:|1783718814
|switch|p2a: Incineroar|Incineroar, L50, M|100/100
|-ability|p2a: Incineroar|Intimidate|boost
|-unboost|p1a: Tinkaton|atk|1
|-unboost|p1b: Whimsicott|atk|1
|detailschange|p2b: Metagross|Metagross-Mega, L50
|-mega|p2b: Metagross|Metagross|Metagrossite
|move|p1a: Tinkaton|Fake Out|p2b: Metagross
|-resisted|p2b: Metagross|1
|-damage|p2b: Metagross|97/100
|move|p1b: Whimsicott|Moonblast|p2a: Incineroar
|-damage|p2a: Incineroar|69/100
|-unboost|p2a: Incineroar|spa|1
|cant|p2b: Metagross|flinch
|
|upkeep
|turn|2
|
|t:|1783718833
|switch|p1b: Houndoom|Houndoom, L50, F|100/100
|move|p1a: Tinkaton|Protect|p1a: Tinkaton
|-singleturn|p1a: Tinkaton|Protect
|move|p2a: Incineroar|Fake Out|p1b: Houndoom
|-damage|p1b: Houndoom|72/100
|move|p2b: Metagross|Iron Head|p1a: Tinkaton
|-activate|p1a: Tinkaton|move: Protect
|
|upkeep
|turn|3
|
|t:|1783718851
|switch|p2b: Aerodactyl|Aerodactyl, L50, F|100/100
|-ability|p2b: Aerodactyl|Unnerve
|switch|p1a: Whimsicott|Whimsicott, L50, F|100/100
|detailschange|p1b: Houndoom|Houndoom-Mega, L50, F
|-mega|p1b: Houndoom|Houndoom|Houndoominite
|move|p1b: Houndoom|Heat Wave|p2b: Aerodactyl|[spread] p2a
|-miss|p1b: Houndoom|p2b: Aerodactyl
|-resisted|p2a: Incineroar|1
|-damage|p2a: Incineroar|53/100
|move|p2a: Incineroar|Flare Blitz|p1a: Whimsicott
|-supereffective|p1a: Whimsicott|1
|-enditem|p1a: Whimsicott|Focus Sash
|-damage|p1a: Whimsicott|1/100
|-damage|p2a: Incineroar|30/100|[from] Recoil
|-enditem|p2a: Incineroar|Sitrus Berry|[eat]
|-heal|p2a: Incineroar|54/100|[from] item: Sitrus Berry
|
|upkeep
|turn|4
|inactive|GoPlayCatch has 30 seconds left.
|
|t:|1783718880
|switch|p1b: Quaquaval|Quaquaval, L50, F|100/100
|move|p1a: Whimsicott|Tailwind|p1a: Whimsicott
|-sidestart|p1: GoPlayCatch|move: Tailwind
|move|p2b: Aerodactyl|Rock Slide|p1a: Whimsicott|[spread] p1a,p1b
|-resisted|p1b: Quaquaval|1
|-damage|p1a: Whimsicott|0 fnt
|-damage|p1b: Quaquaval|81/100
|faint|p1a: Whimsicott
|move|p2a: Incineroar|Parting Shot|p1b: Quaquaval
|-unboost|p1b: Quaquaval|atk|1
|-unboost|p1b: Quaquaval|spa|1
|
|t:|1783718891
|switch|p2a: Metagross|Metagross-Mega, L50|97/100|[from] Parting Shot
|
|upkeep
|
|t:|1783718895
|switch|p1a: Houndoom|Houndoom-Mega, L50, F|72/100
|turn|5
|
|t:|1783718906
|switch|p2a: Incineroar|Incineroar, L50, M|54/100
|-ability|p2a: Incineroar|Intimidate|boost
|-unboost|p1a: Houndoom|atk|1
|-unboost|p1b: Quaquaval|atk|1
|move|p2b: Aerodactyl|Protect|p2b: Aerodactyl
|-singleturn|p2b: Aerodactyl|Protect
|move|p1a: Houndoom|Heat Wave|p2b: Aerodactyl|[spread] p2a
|-activate|p2b: Aerodactyl|move: Protect
|-resisted|p2a: Incineroar|1
|-damage|p2a: Incineroar|38/100
|move|p1b: Quaquaval|Aqua Step|p2b: Aerodactyl
|-activate|p2b: Aerodactyl|move: Protect
|
|upkeep
|turn|6
|
|t:|1783718923
|move|p1a: Houndoom|Protect|p1a: Houndoom
|-singleturn|p1a: Houndoom|Protect
|move|p2a: Incineroar|Fake Out|p1b: Quaquaval
|-damage|p1b: Quaquaval|65/100
|cant|p1b: Quaquaval|flinch
|move|p2b: Aerodactyl|Tailwind|p2b: Aerodactyl
|-sidestart|p2: eklyst|move: Tailwind
|
|upkeep
|turn|7
|
|t:|1783718937
|switch|p1a: Tinkaton|Tinkaton, L50, F|100/100
|-ability|p1a: Tinkaton|Mold Breaker
|move|p2b: Aerodactyl|Dual Wingbeat|p1b: Quaquaval
|-supereffective|p1b: Quaquaval|1
|-damage|p1b: Quaquaval|19/100
|-supereffective|p1b: Quaquaval|1
|-damage|p1b: Quaquaval|0 fnt
|faint|p1b: Quaquaval
|-hitcount|p1: Quaquaval|2
|move|p2a: Incineroar|Parting Shot|p1a: Tinkaton
|-unboost|p1a: Tinkaton|atk|1
|-unboost|p1a: Tinkaton|spa|1
|
|t:|1783718951
|switch|p2a: Garchomp|Garchomp, L50, F|100/100|[from] Parting Shot
|
|-sideend|p1: GoPlayCatch|move: Tailwind
|upkeep
|-message|GoPlayCatch forfeited.
|raw|GoPlayCatch's rating: 1233 → 1204(-29 for losing)
|raw|eklyst's rating: 1177 → 1206(+29 for winning)
|
|win|eklyst
|l|☆GoPlayCatch
|player|p1|
