|j|☆el1azsm
|j|☆hexagonfoot
|html|el1azsmhexagonfoot    
|uhtml|bestof|Game 1 of a best-of-3
|t:|1757831398
|gametype|doubles
|player|p1|el1azsm|proton|1087
|player|p2|hexagonfoot|caitlin|1200
|gen|9
|tier|[Gen 9] VGC 2025 Reg H (Bo3)
|rated|
|rule|Species Clause: Limit one of each Pokémon
|rule|Item Clause: Limit 1 of each item
|clearpoke
|poke|p1|Chesnaught, L50, F|
|poke|p1|Indeedee-F, L50, F|
|poke|p1|Dragonite, L50, M|
|poke|p1|Gholdengo, L50|
|poke|p1|Amoonguss, L50, F|
|poke|p1|Kingambit, L50, F|
|poke|p2|Gholdengo, L50|
|poke|p2|Sneasler, L50, M|
|poke|p2|Rillaboom, L50, M|
|poke|p2|Dragonite, L50, F|
|poke|p2|Ninetales-Alola, L50, F|
|poke|p2|Arcanine-Hisui, L50, M|
|teampreview|4
|showteam|p1|Chesnaught||PsychicSeed|Bulletproof|SpikyShield,KnockOff,BulkUp,BodyPress|||F|||50|,,,,,Water]Indeedee-F||SafetyGoggles|PsychicSurge|Protect,FollowMe,HelpingHand,AlluringVoice|||F|||50|,,,,,Fairy]Dragonite||LoadedDice|Multiscale|Protect,Tailwind,ScaleShot,ExtremeSpeed|||M|||50|,,,,,Normal]Gholdengo||FocusSash|GoodasGold|Protect,MakeItRain,ShadowBall,NastyPlot||||||50|,,,,,Water]Amoonguss||RockyHelmet|Regenerator|Protect,RagePowder,Spore,ClearSmog|||F|||50|,,,,,Water]Kingambit||AssaultVest|Defiant|IronHead,KowtowCleave,SuckerPunch,TeraBlast|||F|||50|,,,,,Flying
|showteam|p2|Gholdengo||GrassySeed|GoodasGold|NastyPlot,MakeItRain,ShadowBall,Protect||||||50|,,,,,Water]Sneasler||WhiteHerb|Unburden|CloseCombat,DireClaw,Coaching,Protect|||M|||50|,,,,,Ghost]Rillaboom||AssaultVest|GrassySurge|FakeOut,GrassyGlide,DrumBeating,HighHorsepower|||M|||50|,,,,,Fire]Dragonite||LoadedDice|Multiscale|ScaleShot,StompingTantrum,Tailwind,Protect|||F|||50|,,,,,Ground]Ninetales-Alola||FocusSash|SnowWarning|Blizzard,IcyWind,Encore,AuroraVeil|||F|||50|,,,,,Ghost]Arcanine-Hisui||ClearAmulet|Intimidate|RockSlide,FlareBlitz,ExtremeSpeed,Protect|||M|||50|,,,,,Water
|inactive|Battle timer is ON: inactive players will automatically lose when time's up. (requested by el1azsm)
|inactive|hexagonfoot has 60 seconds left.
|inactive|hexagonfoot has 30 seconds left.
|inactive|hexagonfoot has 20 seconds left.
|inactive|hexagonfoot has 15 seconds left.
|inactive|hexagonfoot has 10 seconds left.
|
|t:|1757831552
|teamsize|p1|4
|teamsize|p2|4
|start
|switch|p1a: Chesnaught|Chesnaught, L50, F|100/100
|switch|p1b: Gholdengo|Gholdengo, L50|100/100
|switch|p2a: Canada Water|Ninetales-Alola, L50, F|100/100
|switch|p2b: Barking Riverside|Arcanine-Hisui, L50, M|100/100
|-weather|Snowscape|[from] ability: Snow Warning|[of] p2a: Canada Water
|-ability|p2b: Barking Riverside|Intimidate|boost
|-unboost|p1a: Chesnaught|atk|1
|-unboost|p1b: Gholdengo|atk|1
|turn|1
|inactive|el1azsm has 30 seconds left.
|inactive|el1azsm has 20 seconds left.
|inactive|el1azsm has 15 seconds left.
|
|t:|1757831595
|-terastallize|p1a: Chesnaught|Water
|move|p2a: Canada Water|Blizzard|p1b: Gholdengo|[spread] p1a,p1b
|-resisted|p1a: Chesnaught
|-resisted|p1b: Gholdengo
|-damage|p1a: Chesnaught|86/100
|-damage|p1b: Gholdengo|82/100
|move|p2b: Barking Riverside|Flare Blitz|p1b: Gholdengo
|-supereffective|p1b: Gholdengo
|-damage|p1b: Gholdengo|0 fnt
|faint|p1b: Gholdengo
|-damage|p2b: Barking Riverside|75/100|[from] Recoil
|move|p1a: Chesnaught|Bulk Up|p1a: Chesnaught
|-boost|p1a: Chesnaught|atk|1
|-boost|p1a: Chesnaught|def|1
|
|-weather|Snowscape|[upkeep]
|upkeep
|
|t:|1757831612
|switch|p1b: Indeedee|Indeedee-F, L50, F|100/100
|-fieldstart|move: Psychic Terrain|[from] ability: Psychic Surge|[of] p1b: Indeedee
|-enditem|p1a: Chesnaught|Psychic Seed
|-boost|p1a: Chesnaught|spd|1|[from] item: Psychic Seed
|turn|2
|inactive|hexagonfoot has 30 seconds left.
|
|t:|1757831638
|move|p1b: Indeedee|Follow Me|p1b: Indeedee
|-singleturn|p1b: Indeedee|move: Follow Me
|move|p2a: Canada Water|Blizzard|p1a: Chesnaught|[spread] p1a,p1b
|-resisted|p1a: Chesnaught
|-damage|p1a: Chesnaught|76/100
|-damage|p1b: Indeedee|66/100
|-status|p1a: Chesnaught|frz
|move|p2b: Barking Riverside|Flare Blitz|p1b: Indeedee
|-damage|p1b: Indeedee|7/100
|-damage|p2b: Barking Riverside|54/100|[from] Recoil
|cant|p1a: Chesnaught|frz
|
|-weather|Snowscape|[upkeep]
|upkeep
|turn|3
|inactive|el1azsm has 30 seconds left.
|inactive|el1azsm has 20 seconds left.
|inactive|el1azsm has 15 seconds left.
|
|t:|1757831679
|switch|p2b: Hampstead Heath|Rillaboom, L50, M|100/100
|-fieldstart|move: Grassy Terrain|[from] ability: Grassy Surge|[of] p2b: Hampstead Heath
|move|p1b: Indeedee|Protect|p1b: Indeedee
|-singleturn|p1b: Indeedee|Protect
|move|p2a: Canada Water|Blizzard|p1b: Indeedee|[spread] p1a
|-activate|p1b: Indeedee|move: Protect
|-resisted|p1a: Chesnaught
|-damage|p1a: Chesnaught|66/100 frz
|cant|p1a: Chesnaught|frz
|
|-weather|Snowscape|[upkeep]
|-heal|p1b: Indeedee|13/100|[from] Grassy Terrain
|-heal|p1a: Chesnaught|72/100 frz|[from] Grassy Terrain
|upkeep
|turn|4
|inactive|hexagonfoot has 30 seconds left.
|
|t:|1757831706
|move|p2a: Canada Water|Blizzard|p1a: Chesnaught|[spread] p1a,p1b
|-resisted|p1a: Chesnaught
|-damage|p1a: Chesnaught|62/100 frz
|-damage|p1b: Indeedee|0 fnt
|faint|p1b: Indeedee
|move|p2b: Hampstead Heath|Drum Beating|p1a: Chesnaught
|-supereffective|p1a: Chesnaught
|-damage|p1a: Chesnaught|21/100 frz
|-unboost|p1a: Chesnaught|spe|1
|cant|p1a: Chesnaught|frz
|
|-weather|Snowscape|[upkeep]
|-heal|p1a: Chesnaught|27/100 frz|[from] Grassy Terrain
|upkeep
|
|t:|1757831717
|switch|p1b: Kingambit|Kingambit, L50, F|100/100
|turn|5
|
|t:|1757831727
|cant|p1a: Chesnaught|frz
|move|p2a: Canada Water|Aurora Veil|p2a: Canada Water
|-sidestart|p2: hexagonfoot|move: Aurora Veil
|move|p2b: Hampstead Heath|High Horsepower|p1b: Kingambit
|-supereffective|p1b: Kingambit
|-damage|p1b: Kingambit|57/100
|move|p1b: Kingambit|Iron Head|p2a: Canada Water
|-supereffective|p2a: Canada Water
|-enditem|p2a: Canada Water|Focus Sash
|-damage|p2a: Canada Water|1/100
|
|-weather|none
|-heal|p2a: Canada Water|7/100|[from] Grassy Terrain
|-heal|p1b: Kingambit|63/100|[from] Grassy Terrain
|-heal|p1a: Chesnaught|33/100 frz|[from] Grassy Terrain
|upkeep
|turn|6
|inactive|hexagonfoot has 30 seconds left.
|
|t:|1757831755
|cant|p1a: Chesnaught|frz
|move|p1b: Kingambit|Sucker Punch||[still]
|-fail|p1b: Kingambit
|move|p2a: Canada Water|Encore|p1b: Kingambit
|-start|p1b: Kingambit|Encore
|move|p2b: Hampstead Heath|Drum Beating|p1a: Chesnaught
|-supereffective|p1a: Chesnaught
|-damage|p1a: Chesnaught|0 fnt
|faint|p1a: Chesnaught
|
|-heal|p2a: Canada Water|13/100|[from] Grassy Terrain
|-heal|p1b: Kingambit|69/100|[from] Grassy Terrain
|upkeep
|turn|7
|-message|el1azsm forfeited.
|
|win|hexagonfoot
|l|☆el1azsm
|player|p1|
||hexagonfoot is ready for game 2.
||el1azsm is ready for game 2.
|uhtml|next|Next: Game 2 of 3
