|j|☆xareu
|j|☆saboyita
|html|xareusaboyita    
|uhtml|bestof|Game 3 of a best-of-3
|t:|1756765576
|gametype|doubles
|player|p1|xareu|clay|1107
|player|p2|saboyita|grimsley|1152
|gen|9
|tier|[Gen 9] VGC 2025 Reg H (Bo3)
|rated|
|rule|Species Clause: Limit one of each Pokémon
|rule|Item Clause: Limit 1 of each item
|clearpoke
|poke|p1|Volcarona, L50, M|
|poke|p1|Rillaboom, L50, M|
|poke|p1|Electabuzz, L50, M|
|poke|p1|Dragonite, L50, F|
|poke|p1|Kingambit, L50, F|
|poke|p1|Sneasler, L50, M|
|poke|p2|Amoonguss, L50, M|
|poke|p2|Hydreigon, L50, M|
|poke|p2|Whimsicott, L50, M|
|poke|p2|Maushold-Four, L50|
|poke|p2|Annihilape, L50, M|
|poke|p2|Ursaluna-Bloodmoon, L50, M|
|teampreview|4
|showteam|p1|Volcarona||Leftovers|FlameBody|HeatWave,TeraBlast,QuiverDance,Protect|||M|||50|,,,,,Fairy]Rillaboom||AssaultVest|GrassySurge|WoodHammer,GrassyGlide,HighHorsepower,FakeOut|||M|||50|,,,,,Fire]Electabuzz||Eviolite|VitalSpirit|Thunderbolt,FollowMe,Taunt,Protect|||M|||50|,,,,,Ghost]Dragonite||LoadedDice|Multiscale|ScaleShot,ExtremeSpeed,Haze,Protect|||F|||50|,,,,,Steel]Kingambit||BlackGlasses|Defiant|KowtowCleave,SuckerPunch,SwordsDance,Protect|||F|||50|,,,,,Dark]Sneasler||FocusSash|Unburden|CloseCombat,DireClaw,Coaching,FakeOut|||M|||50|,,,,,Stellar
|showteam|p2|Amoonguss||MentalHerb|Regenerator|ClearSmog,Spore,RagePowder,Protect|||M|||50|,,,,,Water]Hydreigon||ChoiceSpecs|Levitate|Snarl,HeatWave,DarkPulse,DracoMeteor|||M|||50|,,,,,Ghost]Whimsicott||CovertCloak|Prankster|BeatUp,Encore,HelpingHand,Tailwind|||M|||50|,,,,,Dark]Maushold-Four||WideLens|Technician|PopulationBomb,Taunt,FollowMe,Protect||||||50|,,,,,Ghost]Annihilape||Leftovers|Defiant|RageFist,CloseCombat,FinalGambit,Protect|||M|||50|,,,,,Fire]Ursaluna-Bloodmoon||LifeOrb|MindsEye|HyperVoice,EarthPower,BloodMoon,Protect|||M|||50|,,,,,Water
|inactive|Battle timer is ON: inactive players will automatically lose when time's up. (requested by saboyita)
|j| subhamcheee
|l| subhamcheee
|inactive|xareu has 60 seconds left.
|inactive|saboyita has 60 seconds left.
|
|t:|1756765619
|teamsize|p1|4
|teamsize|p2|4
|start
|switch|p1a: Volcarona|Volcarona, L50, M|100/100
|switch|p1b: Electabuzz|Electabuzz, L50, M|100/100
|switch|p2a: Whimsicott|Whimsicott, L50, M|100/100
|switch|p2b: Maushold|Maushold-Four, L50|100/100
|turn|1
|inactive|xareu has 30 seconds left.
|
|t:|1756765645
|move|p2a: Whimsicott|Tailwind|p2a: Whimsicott
|-sidestart|p2: saboyita|move: Tailwind
|move|p2b: Maushold|Taunt|p1b: Electabuzz
|-start|p1b: Electabuzz|move: Taunt
|move|p1b: Electabuzz|Thunderbolt|p2b: Maushold
|-crit|p2b: Maushold
|-damage|p2b: Maushold|34/100
|move|p1a: Volcarona|Heat Wave|p2a: Whimsicott|[spread] p2a,p2b
|-supereffective|p2a: Whimsicott
|-damage|p2a: Whimsicott|0 fnt
|-damage|p2b: Maushold|0 fnt
|faint|p2a: Whimsicott
|faint|p2b: Maushold
|
|upkeep
|
|t:|1756765656
|switch|p2a: Annihilape|Annihilape, L50, M|100/100
|switch|p2b: Ursaluna|Ursaluna-Bloodmoon, L50, M|100/100
|turn|2
|
|t:|1756765679
|-terastallize|p2a: Annihilape|Fire
|-terastallize|p1a: Volcarona|Fairy
|move|p2a: Annihilape|Rage Fist|p1a: Volcarona
|-damage|p1a: Volcarona|75/100
|move|p2b: Ursaluna|Blood Moon|p1a: Volcarona
|-damage|p1a: Volcarona|0 fnt
|faint|p1a: Volcarona
|-damage|p2b: Ursaluna|91/100|[from] item: Life Orb
|move|p1b: Electabuzz|Thunderbolt|p2a: Annihilape
|-damage|p2a: Annihilape|71/100
|
|-heal|p2a: Annihilape|77/100|[from] item: Leftovers
|upkeep
|
|t:|1756765698
|switch|p1a: Dragonite|Dragonite, L50, F|100/100
|turn|3
|
|t:|1756765712
|move|p1a: Dragonite|Protect|p1a: Dragonite
|-singleturn|p1a: Dragonite|Protect
|move|p2a: Annihilape|Rage Fist|p1b: Electabuzz
|-damage|p1b: Electabuzz|66/100
|move|p2b: Ursaluna|Hyper Voice|p1a: Dragonite|[spread] p1b
|-activate|p1a: Dragonite|move: Protect
|-damage|p1b: Electabuzz|24/100
|-damage|p2b: Ursaluna|81/100|[from] item: Life Orb
|move|p1b: Electabuzz|Thunderbolt|p2a: Annihilape
|-damage|p2a: Annihilape|47/100
|
|-heal|p2a: Annihilape|53/100|[from] item: Leftovers
|-end|p1b: Electabuzz|move: Taunt
|upkeep
|turn|4
|inactive|saboyita has 30 seconds left.
|
|t:|1756765745
|move|p2a: Annihilape|Protect|p2a: Annihilape
|-singleturn|p2a: Annihilape|Protect
|move|p2b: Ursaluna|Hyper Voice|p1a: Dragonite|[spread] p1a,p1b
|-damage|p1a: Dragonite|70/100
|-damage|p1b: Electabuzz|0 fnt
|faint|p1b: Electabuzz
|-damage|p2b: Ursaluna|72/100|[from] item: Life Orb
|move|p1a: Dragonite|Scale Shot|p2a: Annihilape
|-activate|p2a: Annihilape|move: Protect
|
|-heal|p2a: Annihilape|59/100|[from] item: Leftovers
|-sideend|p2: saboyita|move: Tailwind
|upkeep
|
|t:|1756765751
|switch|p1b: Sneasler|Sneasler, L50, M|100/100
|turn|5
|
|t:|1756765773
|move|p2a: Annihilape|Protect||[still]
|-fail|p2a: Annihilape
|move|p1b: Sneasler|Fake Out|p2a: Annihilape
|-damage|p2a: Annihilape|43/100
|move|p1a: Dragonite|Scale Shot|p2a: Annihilape
|-damage|p2a: Annihilape|27/100
|-damage|p2a: Annihilape|11/100
|-damage|p2a: Annihilape|0 fnt
|faint|p2a: Annihilape
|-hitcount|p2: Annihilape|3
|-unboost|p1a: Dragonite|def|1
|-boost|p1a: Dragonite|spe|1
|move|p2b: Ursaluna|Hyper Voice|p1b: Sneasler|[spread] p1a,p1b
|-crit|p1a: Dragonite
|-damage|p1a: Dragonite|0 fnt
|-damage|p1b: Sneasler|30/100
|faint|p1a: Dragonite
|-damage|p2b: Ursaluna|62/100|[from] item: Life Orb
|
|upkeep
|turn|6
|
|t:|1756765789
|move|p1b: Sneasler|Close Combat|p2b: Ursaluna
|-supereffective|p2b: Ursaluna
|-damage|p2b: Ursaluna|0 fnt
|-unboost|p1b: Sneasler|def|1
|-unboost|p1b: Sneasler|spd|1
|faint|p2b: Ursaluna
|
|win|xareu
|raw|xareu's rating: 1107 → 1135(+28 for winning)
|raw|saboyita's rating: 1152 → 1124(-28 for losing)
