|j|☆psychic system
|j|☆ant at work
|html|psychic systemant at work    
|uhtml|bestof|Game 2 of a best-of-3
|t:|1756837702
|gametype|doubles
|player|p1|psychic system|lucas|1152
|player|p2|ant at work|266|1123
|gen|9
|tier|[Gen 9] VGC 2025 Reg H (Bo3)
|rated|
|rule|Species Clause: Limit one of each Pokémon
|rule|Item Clause: Limit 1 of each item
|clearpoke
|poke|p1|Milotic, L50, M|
|poke|p1|Florges, L50, F|
|poke|p1|Amoonguss, L50, F|
|poke|p1|Kingambit, L50, M|
|poke|p1|Typhlosion-Hisui, L50, M|
|poke|p1|Kilowattrel, L50, F|
|poke|p2|Rillaboom, L50, M|
|poke|p2|Sneasler, L50, F|
|poke|p2|Dragonite, L50, M|
|poke|p2|Kingambit, L50, F|
|poke|p2|Primarina, L50, F|
|poke|p2|Electabuzz, L50, F|
|teampreview|4
|showteam|p1|Milotic||AssaultVest|Competitive|Scald,MuddyWater,IcyWind,MirrorCoat|||M|||50|,,,,,Grass]Florges||Leftovers|FlowerVeil|CalmMind,Moonblast,SkillSwap,Protect|||F|||50|,,,,,Poison]Amoonguss||SitrusBerry|Regenerator|ClearSmog,Spore,PollenPuff,RagePowder|||F|||50|,,,,,Water]Kingambit||BlackGlasses|Defiant|Protect,KowtowCleave,SuckerPunch,SwordsDance|||M|||50|,,,,,Dark]Typhlosion-Hisui||ChoiceScarf|Blaze|Eruption,HeatWave,ShadowBall,FocusBlast|||M|||50|,,,,,Fire]Kilowattrel||FocusSash|WindPower|Thunderbolt,AirSlash,Tailwind,Protect|||F|||50|,,,,,Ghost
|showteam|p2|Rillaboom||AssaultVest|GrassySurge|FakeOut,GrassyGlide,WoodHammer,Uturn|||M|||50|,,,,,Fire]Sneasler||FocusSash|Unburden|DireClaw,CloseCombat,Coaching,Protect|||F|||50|,,,,,Stellar]Dragonite||LoadedDice|Multiscale|ScaleShot,Protect,Tailwind,StompingTantrum|||M|||50|,,,,,Fairy]Kingambit||SafetyGoggles|Defiant|KowtowCleave,SuckerPunch,SwordsDance,Protect|||F|||50|,,,,,Dark]Primarina||ThroatSpray|LiquidVoice|HyperVoice,DazzlingGleam,Protect,Moonblast|||F|||50|,,,,,Water]Electabuzz||Eviolite|VitalSpirit|FollowMe,Taunt,Electroweb,Protect|||F|||50|,,,,,Dark
|
|t:|1756837720
|teamsize|p1|4
|teamsize|p2|4
|start
|switch|p1a: Kilowattrel|Kilowattrel, L50, F|100/100
|switch|p1b: Florges|Florges, L50, F|100/100
|switch|p2a: Sneasler|Sneasler, L50, F|100/100
|switch|p2b: Dragonite|Dragonite, L50, M|100/100
|turn|1
|
|t:|1756837737
|move|p1a: Kilowattrel|Thunderbolt|p2a: Sneasler
|-damage|p2a: Sneasler|40/100
|move|p2a: Sneasler|Dire Claw|p1b: Florges
|-supereffective|p1b: Florges
|-damage|p1b: Florges|19/100
|-status|p1b: Florges|slp
|move|p2b: Dragonite|Scale Shot|p1a: Kilowattrel
|-damage|p1a: Kilowattrel|71/100
|-damage|p1a: Kilowattrel|46/100
|-damage|p1a: Kilowattrel|17/100
|-damage|p1a: Kilowattrel|0 fnt
|faint|p1a: Kilowattrel
|-hitcount|p1: Kilowattrel|4
|-unboost|p2b: Dragonite|def|1
|-boost|p2b: Dragonite|spe|1
|cant|p1b: Florges|slp
|
|-heal|p1b: Florges|25/100 slp|[from] item: Leftovers
|upkeep
|
|t:|1756837758
|switch|p1a: Kingambit|Kingambit, L50, M|100/100
|turn|2
|
|t:|1756837774
|-terastallize|p1a: Kingambit|Dark
|move|p2a: Sneasler|Close Combat|p1a: Kingambit
|-supereffective|p1a: Kingambit
|-damage|p1a: Kingambit|2/100
|-unboost|p2a: Sneasler|def|1
|-unboost|p2a: Sneasler|spd|1
|move|p2b: Dragonite|Stomping Tantrum|p1a: Kingambit
|-damage|p1a: Kingambit|0 fnt
|faint|p1a: Kingambit
|cant|p1b: Florges|slp
|
|-heal|p1b: Florges|31/100 slp|[from] item: Leftovers
|upkeep
|
|t:|1756837787
|switch|p1a: Amoonguss|Amoonguss, L50, F|100/100
|turn|3
|
|t:|1756837803
|switch|p2b: Kingambit|Kingambit, L50, F|100/100
|move|p1a: Amoonguss|Rage Powder|p1a: Amoonguss
|-singleturn|p1a: Amoonguss|move: Rage Powder
|move|p2a: Sneasler|Dire Claw|p1a: Amoonguss
|-damage|p1a: Amoonguss|68/100
|cant|p1b: Florges|slp
|
|-heal|p1b: Florges|37/100 slp|[from] item: Leftovers
|upkeep
|turn|4
|
|t:|1756837817
|move|p1a: Amoonguss|Rage Powder|p1a: Amoonguss
|-singleturn|p1a: Amoonguss|move: Rage Powder
|move|p2a: Sneasler|Dire Claw|p1a: Amoonguss
|-crit|p1a: Amoonguss
|-damage|p1a: Amoonguss|21/100
|-enditem|p1a: Amoonguss|Sitrus Berry|[eat]
|-heal|p1a: Amoonguss|46/100|[from] item: Sitrus Berry
|-curestatus|p1b: Florges|slp|[msg]
|move|p1b: Florges|Moonblast|p2a: Sneasler
|-damage|p2a: Sneasler|0 fnt
|faint|p2a: Sneasler
|move|p2b: Kingambit|Kowtow Cleave|p1b: Florges
|-resisted|p1b: Florges
|-damage|p1b: Florges|18/100
|
|-heal|p1b: Florges|24/100|[from] item: Leftovers
|upkeep
|
|t:|1756837823
|switch|p2a: Dragonite|Dragonite, L50, M|100/100
|turn|5
|
|t:|1756837837
|move|p2a: Dragonite|Scale Shot|p1a: Amoonguss
|-damage|p1a: Amoonguss|34/100
|-damage|p1a: Amoonguss|22/100
|-damage|p1a: Amoonguss|11/100
|-damage|p1a: Amoonguss|0 fnt
|faint|p1a: Amoonguss
|-hitcount|p1: Amoonguss|4
|-unboost|p2a: Dragonite|def|1
|-boost|p2a: Dragonite|spe|1
|move|p1b: Florges|Calm Mind|p1b: Florges
|-boost|p1b: Florges|spa|1
|-boost|p1b: Florges|spd|1
|move|p2b: Kingambit|Kowtow Cleave|p1b: Florges
|-resisted|p1b: Florges
|-damage|p1b: Florges|4/100
|
|-heal|p1b: Florges|11/100|[from] item: Leftovers
|upkeep
|turn|6
|-message|psychic system forfeited.
|
|win|ant at work
|raw|psychic system's rating: 1152 → 1125(-27 for losing)
|raw|ant at work's rating: 1123 → 1150(+27 for winning)
