|j|☆iloveships
|j|☆SupBr014
|html|iloveshipsSupBr014    
|uhtml|bestof|Game 1 of a best-of-3
|t:|1785452783
|gametype|doubles
|player|p1|iloveships|emmet|1152
|player|p2|SupBr014|lucas|1065
|gen|9
|tier|[Gen 9 Champions] VGC 2026 Reg M-B (Bo3)
|rated|
|rule|Species Clause: Limit one of each Pokémon
|rule|Item Clause: Limit 1 of each item
|clearpoke
|poke|p1|Sinistcha, L50|
|poke|p1|Milotic, L50, M|
|poke|p1|Incineroar, L50, M|
|poke|p1|Raichu, L50, M|
|poke|p1|Mimikyu, L50, M|
|poke|p1|Ninetales-Alola, L50, M|
|poke|p2|Sneasler, L50, M|
|poke|p2|Meowscarada, L50, M|
|poke|p2|Araquanid, L50, M|
|poke|p2|Venusaur, L50, M|
|poke|p2|Garchomp, L50, F|
|poke|p2|Pelipper, L50, M|
|teampreview|4
|showteam|p1|Sinistcha||KasibBerry|Hospitality|LifeDew,MatchaGotcha,RagePowder,Hex|Calm|||||50|]Milotic||Leftovers|Competitive|MuddyWater,Hypnosis,Coil,Recover|Calm||M|||50|]Incineroar||SitrusBerry|Intimidate|FakeOut,PartingShot,DarkestLariat,FlareBlitz|Adamant||M|||50|]Raichu||RaichuniteY|LightningRod|ZapCannon,FocusBlast,FakeOut,Protect|Timid||M|||50|]Mimikyu||LifeOrb|Disguise|PlayRough,ShadowSneak,Protect,SwordsDance|Adamant||M|||50|]Ninetales-Alola||FocusSash|SnowWarning|Blizzard,FreezeDry,Protect,Encore|Timid||M|||50|
|showteam|p2|Sneasler||WhiteHerb|Unburden|CloseCombat,FakeOut,Protect,DireClaw|Adamant||M|||50|]Meowscarada||FocusSash|Overgrow|SuckerPunch,FlowerTrick,TripleAxel,Protect|Jolly||M|||50|]Araquanid||Leftovers|WaterBubble|Liquidation,LeechLife,Protect,WideGuard|Brave||M|||50|]Venusaur||Venusaurite|Chlorophyll|SleepPowder,SludgeBomb,Protect,GigaDrain|Modest||M|||50|]Garchomp||LifeOrb|RoughSkin|RockSlide,DragonClaw,Earthquake,Protect|Jolly||F|||50|]Pelipper||SitrusBerry|Drizzle|Tailwind,Protect,Hurricane,WeatherBall|Quiet||M|||50|
|inactive|Battle timer is ON: inactive players will automatically lose when time's up. (requested by iloveships)
|inactive|iloveships has 60 seconds left.
|inactive|SupBr014 has 60 seconds left.
|inactive|iloveships has 30 seconds left.
|inactive|SupBr014 has 30 seconds left.
|inactive|iloveships has 20 seconds left.
|inactive|SupBr014 has 20 seconds left.
|inactive|iloveships has 15 seconds left.
|
|t:|1785452863
|teamsize|p1|4
|teamsize|p2|4
|start
|switch|p1a: Incineroar|Incineroar, L50, M|100/100
|switch|p1b: Raichu|Raichu, L50, M|100/100
|switch|p2a: Araquanid|Araquanid, L50, M|100/100
|switch|p2b: Garchomp|Garchomp, L50, F|100/100
|-ability|p1a: Incineroar|Intimidate|boost
|-unboost|p2a: Araquanid|atk|1
|-unboost|p2b: Garchomp|atk|1
|turn|1
|inactive|iloveships has 30 seconds left.
|
|t:|1785452890
|detailschange|p1b: Raichu|Raichu-Mega-Y, L50, M
|-mega|p1b: Raichu|Raichu|Raichunite Y
|move|p2b: Garchomp|Protect|p2b: Garchomp
|-singleturn|p2b: Garchomp|Protect
|move|p2a: Araquanid|Protect|p2a: Araquanid
|-singleturn|p2a: Araquanid|Protect
|move|p1a: Incineroar|Fake Out|p2b: Garchomp
|-activate|p2b: Garchomp|move: Protect
|move|p1b: Raichu|Zap Cannon|p2a: Araquanid
|-activate|p2a: Araquanid|move: Protect
|
|upkeep
|turn|2
|inactive|iloveships has 30 seconds left.
|
|t:|1785452917
|switch|p1a: Ninetales|Ninetales-Alola, L50, M|100/100
|-weather|Snowscape|[from] ability: Snow Warning|[of] p1a: Ninetales
|switch|p2a: Meowscarada|Meowscarada, L50, M|100/100
|move|p1b: Raichu|Zap Cannon|p2a: Meowscarada
|-resisted|p2a: Meowscarada|1
|-damage|p2a: Meowscarada|53/100
|-status|p2a: Meowscarada|par
|move|p2b: Garchomp|Earthquake|p1a: Ninetales|[spread] p2a,p1a,p1b
|-resisted|p2a: Meowscarada|1
|-supereffective|p1b: Raichu|1
|-damage|p2a: Meowscarada|26/100 par
|-damage|p1a: Ninetales|63/100
|-damage|p1b: Raichu|3/100
|-damage|p2b: Garchomp|90/100|[from] item: Life Orb
|
|-weather|Snowscape|[upkeep]
|upkeep
|turn|3
|inactive|iloveships has 30 seconds left.
|
|t:|1785452943
|switch|p1b: Sinistcha|Sinistcha, L50|100/100
|-heal|p1a: Ninetales|88/100|[from] ability: Hospitality|[of] p1b: Sinistcha
|move|p2a: Meowscarada|Sucker Punch||[still]
|-fail|p2a: Meowscarada
|move|p1a: Ninetales|Blizzard|p2b: Garchomp|[spread] p2a,p2b
|-supereffective|p2a: Meowscarada|1
|-supereffective|p2b: Garchomp|2
|-damage|p2a: Meowscarada|0 fnt
|-damage|p2b: Garchomp|0 fnt
|faint|p2a: Meowscarada
|faint|p2b: Garchomp
|
|-weather|Snowscape|[upkeep]
|upkeep
|
|t:|1785452948
|switch|p2a: Araquanid|Araquanid, L50, M|100/100
|switch|p2b: Pelipper|Pelipper, L50, M|100/100
|-weather|RainDance|[from] ability: Drizzle|[of] p2b: Pelipper
|turn|4
|
|t:|1785452971
|move|p2a: Araquanid|Wide Guard|p2a: Araquanid
|-singleturn|p2a: Araquanid|Wide Guard
|move|p1b: Sinistcha|Rage Powder|p1b: Sinistcha
|-singleturn|p1b: Sinistcha|move: Rage Powder
|move|p1a: Ninetales|Freeze-Dry|p2b: Pelipper
|-supereffective|p2b: Pelipper|2
|-damage|p2b: Pelipper|0 fnt
|faint|p2b: Pelipper
|
|-weather|RainDance|[upkeep]
|upkeep
|turn|5
|
|t:|1785452985
|move|p2a: Araquanid|Wide Guard|p2a: Araquanid
|-singleturn|p2a: Araquanid|Wide Guard
|move|p1b: Sinistcha|Rage Powder|p1b: Sinistcha
|-singleturn|p1b: Sinistcha|move: Rage Powder
|move|p1a: Ninetales|Freeze-Dry|p2a: Araquanid
|-supereffective|p2a: Araquanid|1
|-damage|p2a: Araquanid|55/100
|
|-weather|RainDance|[upkeep]
|-heal|p2a: Araquanid|61/100|[from] item: Leftovers
|upkeep
|turn|6
|
|t:|1785452997
|move|p1b: Sinistcha|Rage Powder|p1b: Sinistcha
|-singleturn|p1b: Sinistcha|move: Rage Powder
|move|p1a: Ninetales|Freeze-Dry|p2a: Araquanid
|-supereffective|p2a: Araquanid|1
|-damage|p2a: Araquanid|15/100
|move|p2a: Araquanid|Leech Life|p1b: Sinistcha
|-damage|p1b: Sinistcha|72/100
|-heal|p2a: Araquanid|29/100|[from] drain|[of] p1b: Sinistcha
|
|-weather|RainDance|[upkeep]
|-heal|p2a: Araquanid|35/100|[from] item: Leftovers
|upkeep
|turn|7
|
|t:|1785453007
|move|p1a: Ninetales|Freeze-Dry|p2a: Araquanid
|-supereffective|p2a: Araquanid|1
|-damage|p2a: Araquanid|0 fnt
|faint|p2a: Araquanid
|
|win|iloveships
