|j|☆Gorka1971
|j|☆p1ch1pichi
|html|Gorka1971p1ch1pichi    
|uhtml|bestof|Game 2 of a best-of-3
|t:|1784556083
|gametype|doubles
|player|p1|Gorka1971|170|1313
|player|p2|p1ch1pichi|n|1236
|gen|9
|tier|[Gen 9 Champions] VGC 2026 Reg M-B (Bo3)
|rated|
|rule|Species Clause: Limit one of each Pokémon
|rule|Item Clause: Limit 1 of each item
|clearpoke
|poke|p1|Sylveon, L50, F|
|poke|p1|Aerodactyl, L50, M|
|poke|p1|Charizard, L50, F|
|poke|p1|Metagross, L50|
|poke|p1|Garchomp, L50, M|
|poke|p1|Incineroar, L50, F|
|poke|p2|Meganium, L50, M, shiny|
|poke|p2|Swampert, L50, M, shiny|
|poke|p2|Pelipper, L50, M|
|poke|p2|Archaludon, L50, M|
|poke|p2|Sableye, L50, M|
|poke|p2|Sneasler, L50, F|
|teampreview|4
|showteam|p1|Sylveon||FairyFeather|Pixilate|HyperVoice,HyperBeam,QuickAttack,Detect|Modest||F|||50|]Aerodactyl||FocusSash|Unnerve|RockSlide,DualWingbeat,Tailwind,Protect|Jolly||M|||50|]Charizard||CharizarditeY|SolarPower|HeatWave,WeatherBall,SolarBeam,Protect|Modest||F|||50|]Metagross||Metagrossite|ClearBody|BulletPunch,PsychicFangs,BodyPress,Protect|Adamant|||||50|]Garchomp||LifeOrb|RoughSkin|RockSlide,Earthquake,DragonClaw,Protect|Jolly||M|||50|]Incineroar||SitrusBerry|Intimidate|FlareBlitz,DarkestLariat,PartingShot,Protect|Careful||F|||50|
|showteam|p2|Meganium||Meganiumite|Overgrow|SolarBeam,WeatherBall,DazzlingGleam,Protect|Modest||M|||50|]Swampert||Swampertite|Torrent|HighHorsepower,WaveCrash,KnockOff,Protect|Adamant||M|||50|]Pelipper||FocusSash|Drizzle|WeatherBall,Hurricane,WideGuard,Tailwind|Timid||M|||50|]Archaludon||Leftovers|Stalwart|ElectroShot,AuraSphere,DragonPulse,Protect|Modest||M|||50|]Sableye||WideLens|Prankster|Taunt,Swagger,RainDance,WillOWisp|Calm||M|||50|]Sneasler||LumBerry|Unburden|DireClaw,Acrobatics,CloseCombat,Protect|Adamant||F|||50|
|inactive|Battle timer is ON: inactive players will automatically lose when time's up. (requested by p1ch1pichi)
|
|t:|1784556108
|teamsize|p1|4
|teamsize|p2|4
|start
|switch|p1a: Aerodactyl|Aerodactyl, L50, M|100/100
|switch|p1b: Incineroar|Incineroar, L50, F|100/100
|switch|p2a: G4MER67|Sableye, L50, M|100/100
|switch|p2b: San Juanico|Archaludon, L50, M|100/100
|-ability|p1a: Aerodactyl|Unnerve
|-ability|p1b: Incineroar|Intimidate|boost
|-unboost|p2a: G4MER67|atk|1
|-unboost|p2b: San Juanico|atk|1
|turn|1
|
|t:|1784556126
|move|p2b: San Juanico|Protect|p2b: San Juanico
|-singleturn|p2b: San Juanico|Protect
|move|p2a: G4MER67|Taunt|p1a: Aerodactyl
|-start|p1a: Aerodactyl|move: Taunt
|cant|p1a: Aerodactyl|move: Taunt|Tailwind
|move|p1b: Incineroar|Parting Shot|p2b: San Juanico
|-activate|p2b: San Juanico|move: Protect
|
|upkeep
|turn|2
|
|t:|1784556143
|switch|p1a: Charizard|Charizard, L50, F|100/100
|move|p2a: G4MER67|Will-O-Wisp|p1a: Charizard
|-immune|p1a: Charizard
|move|p2b: San Juanico|Aura Sphere|p1b: Incineroar
|-supereffective|p1b: Incineroar|1
|-damage|p1b: Incineroar|58/100
|move|p1b: Incineroar|Flare Blitz|p2a: G4MER67
|-damage|p2a: G4MER67|34/100
|-damage|p1b: Incineroar|41/100|[from] Recoil
|-enditem|p1b: Incineroar|Sitrus Berry|[eat]
|-heal|p1b: Incineroar|66/100|[from] item: Sitrus Berry
|
|upkeep
|turn|3
|
|t:|1784556158
|detailschange|p1a: Charizard|Charizard-Mega-Y, L50, F
|-mega|p1a: Charizard|Charizard|Charizardite Y
|-weather|SunnyDay|[from] ability: Drought|[of] p1a: Charizard
|move|p1a: Charizard|Protect|p1a: Charizard
|-singleturn|p1a: Charizard|Protect
|move|p2a: G4MER67|Rain Dance|p2a: G4MER67
|-weather|RainDance
|move|p2b: San Juanico|Electro Shot||[still]
|-prepare|p2b: San Juanico|Electro Shot
|-boost|p2b: San Juanico|spa|1
|-anim|p2b: San Juanico|Electro Shot|p1a: Charizard
|-activate|p1a: Charizard|move: Protect
|move|p1b: Incineroar|Flare Blitz|p2a: G4MER67
|-damage|p2a: G4MER67|3/100
|-damage|p1b: Incineroar|58/100|[from] Recoil
|
|-weather|RainDance|[upkeep]
|upkeep
|turn|4
|inactive|Gorka1971 has 30 seconds left.
|inactive|p1ch1pichi has 30 seconds left.
|
|t:|1784556186
|switch|p1a: Sylveon|Sylveon, L50, F|100/100
|switch|p2a: Inidoro|Pelipper, L50, M|100/100
|move|p2b: San Juanico|Aura Sphere|p1b: Incineroar
|-supereffective|p1b: Incineroar|1
|-damage|p1b: Incineroar|1/100
|move|p1b: Incineroar|Parting Shot|p2b: San Juanico
|-unboost|p2b: San Juanico|atk|1
|-unboost|p2b: San Juanico|spa|1
|
|t:|1784556196
|switch|p1b: Charizard|Charizard-Mega-Y, L50, F|100/100|[from] Parting Shot
|-weather|SunnyDay|[from] ability: Drought|[of] p1b: Charizard
|
|-weather|SunnyDay|[upkeep]
|upkeep
|turn|5
|
|t:|1784556213
|move|p2a: Inidoro|Wide Guard|p2a: Inidoro
|-singleturn|p2a: Inidoro|Wide Guard
|move|p1b: Charizard|Heat Wave|p2b: San Juanico|[spread] 
|-activate|p2a: Inidoro|move: Wide Guard
|-activate|p2b: San Juanico|move: Wide Guard
|move|p2b: San Juanico|Electro Shot||[still]
|-prepare|p2b: San Juanico|Electro Shot
|-boost|p2b: San Juanico|spa|1
|move|p1a: Sylveon|Hyper Voice|p2b: San Juanico|[spread] 
|-activate|p2a: Inidoro|move: Wide Guard
|-activate|p2b: San Juanico|move: Wide Guard
|
|-weather|SunnyDay|[upkeep]
|upkeep
|turn|6
|
|t:|1784556227
|move|p1b: Charizard|Protect|p1b: Charizard
|-singleturn|p1b: Charizard|Protect
|move|p2a: Inidoro|Tailwind|p2a: Inidoro
|-sidestart|p2: p1ch1pichi|move: Tailwind
|move|p2b: San Juanico|Electro Shot|p1b: Charizard|[from] lockedmove
|-activate|p1b: Charizard|move: Protect
|move|p1a: Sylveon|Hyper Beam|p2b: San Juanico
|-damage|p2b: San Juanico|0 fnt
|-mustrecharge|p1a: Sylveon
|faint|p2b: San Juanico
|
|-weather|SunnyDay|[upkeep]
|upkeep
|
|t:|1784556238
|switch|p2b: Jojo Sira|Sneasler, L50, F|100/100
|turn|7
|
|t:|1784556252
|move|p2a: Inidoro|Wide Guard|p2a: Inidoro
|-singleturn|p2a: Inidoro|Wide Guard
|move|p2b: Jojo Sira|Dire Claw|p1a: Sylveon
|-supereffective|p1a: Sylveon|1
|-damage|p1a: Sylveon|1/100
|move|p1b: Charizard|Weather Ball|p2b: Jojo Sira
|-damage|p2b: Jojo Sira|0 fnt
|faint|p2b: Jojo Sira
|cant|p1a: Sylveon|recharge
|
|-weather|SunnyDay|[upkeep]
|upkeep
|
|t:|1784556263
|switch|p2b: G4MER67|Sableye, L50, M|3/100
|turn|8
|
|t:|1784556278
|move|p2b: G4MER67|Rain Dance|p2b: G4MER67
|-weather|RainDance
|move|p1a: Sylveon|Quick Attack|p2b: G4MER67
|-supereffective|p2b: G4MER67|1
|-damage|p2b: G4MER67|0 fnt
|faint|p2b: G4MER67
|move|p2a: Inidoro|Weather Ball|p1b: Charizard
|-supereffective|p1b: Charizard|1
|-damage|p1b: Charizard|0 fnt
|faint|p1b: Charizard
|
|-weather|RainDance|[upkeep]
|upkeep
|
|t:|1784556288
|switch|p1b: Incineroar|Incineroar, L50, F|1/100
|-ability|p1b: Incineroar|Intimidate|boost
|-unboost|p2a: Inidoro|atk|1
|turn|9
|
|t:|1784556300
|move|p2a: Inidoro|Weather Ball|p1b: Incineroar
|-supereffective|p1b: Incineroar|1
|-damage|p1b: Incineroar|0 fnt
|faint|p1b: Incineroar
|move|p1a: Sylveon|Hyper Beam|p2a: Inidoro
|-crit|p2a: Inidoro
|-enditem|p2a: Inidoro|Focus Sash
|-damage|p2a: Inidoro|1/100
|-mustrecharge|p1a: Sylveon
|
|-weather|RainDance|[upkeep]
|-sideend|p2: p1ch1pichi|move: Tailwind
|upkeep
|
|t:|1784556309
|switch|p1b: Aerodactyl|Aerodactyl, L50, M|100/100
|-ability|p1b: Aerodactyl|Unnerve
|turn|10
|
|t:|1784556319
|move|p1b: Aerodactyl|Rock Slide|p2a: Inidoro
|-supereffective|p2a: Inidoro|1
|-damage|p2a: Inidoro|0 fnt
|faint|p2a: Inidoro
|
|win|Gorka1971
|raw|Gorka1971's rating: 1313 → 1329(+16 for winning)
|raw|p1ch1pichi's rating: 1236 → 1216(-20 for losing)
|l|☆Gorka1971
|player|p1|
