|j|☆Chesny Fumador
|j|☆amuterose
|html|Chesny Fumadoramuterose    
|uhtml|bestof|Game 3 of a best-of-3
|t:|1782758541
|gametype|doubles
|player|p1|Chesny Fumador|1|1186
|player|p2|amuterose|cynthia|1121
|gen|9
|tier|[Gen 9 Champions] VGC 2026 Reg M-B (Bo3)
|rated|
|rule|Species Clause: Limit one of each Pokémon
|rule|Item Clause: Limit 1 of each item
|clearpoke
|poke|p1|Annihilape, L50, F|
|poke|p1|Maushold-Four, L50|
|poke|p1|Floette-Eternal, L50, F|
|poke|p1|Sinistcha, L50|
|poke|p1|Tyranitar, L50, F|
|poke|p1|Ceruledge, L50, M|
|poke|p2|Raichu, L50, M|
|poke|p2|Froslass, L50, F|
|poke|p2|Sylveon, L50, M|
|poke|p2|Whimsicott, L50, M|
|poke|p2|Gholdengo, L50|
|poke|p2|Garchomp, L50, M|
|teampreview|4
|showteam|p1|Annihilape||Leftovers|Defiant|RageFist,DrainPunch,BulkUp,Protect|Adamant||F|||50|]Maushold-Four||ChopleBerry|FriendGuard|Taunt,BeatUp,FollowMe,Protect|Timid|||||50|]Floette-Eternal||Floettite|FlowerVeil|Moonblast,DazzlingGleam,CalmMind,Protect|Modest||F|||50|]Sinistcha||SitrusBerry|Hospitality|MatchaGotcha,RagePowder,TrickRoom,Protect|Calm|||||50|]Tyranitar||Tyranitarite|SandStream|Protect,RockSlide,KnockOff,DragonDance|Jolly||F|||50|]Ceruledge||ColburBerry|FlashFire|BitterBlade,ShadowSneak,BulkUp,Protect|Adamant||M|||50|
|showteam|p2|Raichu||RaichuniteY|LightningRod|GrassKnot,ZapCannon,FocusBlast,Protect|Timid||M|||50|]Froslass||Froslassite|SnowCloak|Protect,Taunt,Blizzard,ShadowBall|Modest||F|||50|]Sylveon||FairyFeather|Pixilate|Protect,QuickAttack,HyperVoice,HyperBeam|Timid||M|||50|]Whimsicott||FocusSash|Prankster|Protect,Moonblast,Tailwind,Encore|Timid||M|||50|]Gholdengo||LifeOrb|GoodasGold|ShadowBall,MakeItRain,Protect,NastyPlot|Modest|||||50|]Garchomp||SitrusBerry|RoughSkin|Protect,RockSlide,DragonClaw,StompingTantrum|Adamant||M|||50|
|inactive|Battle timer is ON: inactive players will automatically lose when time's up. (requested by amuterose)
|inactive|Chesny Fumador has 60 seconds left.
|
|t:|1782758617
|teamsize|p1|4
|teamsize|p2|4
|start
|switch|p1a: Annihilape|Annihilape, L50, F|100/100
|switch|p1b: Maushold|Maushold-Four, L50|100/100
|switch|p2a: Froslass|Froslass, L50, F|100/100
|switch|p2b: Whimsicott|Whimsicott, L50, M|100/100
|turn|1
|inactive|Chesny Fumador has 30 seconds left.
|inactive|Chesny Fumador has 20 seconds left.
|
|t:|1782758654
|move|p2a: Froslass|Protect|p2a: Froslass
|-singleturn|p2a: Froslass|Protect
|move|p2b: Whimsicott|Moonblast|p1a: Annihilape
|-supereffective|p1a: Annihilape|1
|-damage|p1a: Annihilape|49/100
|move|p1b: Maushold|Taunt|p2b: Whimsicott
|-start|p2b: Whimsicott|move: Taunt
|move|p1a: Annihilape|Rage Fist|p2a: Froslass
|-activate|p2a: Froslass|move: Protect
|
|-heal|p1a: Annihilape|55/100|[from] item: Leftovers
|upkeep
|turn|2
|inactive|amuterose has 30 seconds left.
|
|t:|1782758680
|detailschange|p2a: Froslass|Froslass-Mega, L50, F
|-mega|p2a: Froslass|Froslass|Froslassite
|-weather|Snowscape|[from] ability: Snow Warning|[of] p2a: Froslass
|move|p1b: Maushold|Follow Me|p1b: Maushold
|-singleturn|p1b: Maushold|move: Follow Me
|move|p2b: Whimsicott|Moonblast|p1b: Maushold
|-damage|p1b: Maushold|55/100
|move|p2a: Froslass|Blizzard|p1a: Annihilape|[spread] p1a,p1b
|-damage|p1a: Annihilape|24/100
|-damage|p1b: Maushold|2/100
|move|p1a: Annihilape|Rage Fist|p2a: Froslass
|-supereffective|p2a: Froslass|1
|-damage|p2a: Froslass|0 fnt
|faint|p2a: Froslass
|
|-weather|Snowscape|[upkeep]
|-heal|p1a: Annihilape|31/100|[from] item: Leftovers
|upkeep
|
|t:|1782758695
|switch|p2a: Garchomp|Garchomp, L50, M|100/100
|turn|3
|
|t:|1782758714
|move|p1a: Annihilape|Protect|p1a: Annihilape
|-singleturn|p1a: Annihilape|Protect
|move|p2b: Whimsicott|Moonblast|p1b: Maushold
|-crit|p1b: Maushold
|-damage|p1b: Maushold|0 fnt
|faint|p1b: Maushold
|move|p2a: Garchomp|Dragon Claw|p1a: Annihilape
|-activate|p1a: Annihilape|move: Protect
|
|-weather|Snowscape|[upkeep]
|-heal|p1a: Annihilape|37/100|[from] item: Leftovers
|upkeep
|
|t:|1782758729
|switch|p1b: Sinistcha|Sinistcha, L50|100/100
|-heal|p1a: Annihilape|62/100|[from] ability: Hospitality|[of] p1b: Sinistcha
|turn|4
|inactive|Chesny Fumador has 30 seconds left.
|
|t:|1782758756
|move|p2b: Whimsicott|Moonblast|p1a: Annihilape
|-supereffective|p1a: Annihilape|1
|-damage|p1a: Annihilape|3/100
|move|p2a: Garchomp|Rock Slide|p1a: Annihilape|[spread] p1a,p1b
|-resisted|p1a: Annihilape|1
|-damage|p1a: Annihilape|0 fnt
|-damage|p1b: Sinistcha|81/100
|faint|p1a: Annihilape
|cant|p1b: Sinistcha|flinch
|
|-weather|Snowscape|[upkeep]
|-end|p2b: Whimsicott|move: Taunt
|upkeep
|
|t:|1782758764
|switch|p1a: Floette|Floette-Eternal, L50, F|100/100
|turn|5
|inactive|Chesny Fumador has 30 seconds left.
|inactive|amuterose has 30 seconds left.
|inactive|Chesny Fumador has 20 seconds left.
|
|t:|1782758801
|switch|p2a: Gholdengo|Gholdengo, L50|100/100
|move|p1a: Floette|Protect|p1a: Floette
|-singleturn|p1a: Floette|Protect
|move|p2b: Whimsicott|Moonblast|p1b: Sinistcha
|-damage|p1b: Sinistcha|49/100
|-enditem|p1b: Sinistcha|Sitrus Berry|[eat]
|-heal|p1b: Sinistcha|74/100|[from] item: Sitrus Berry
|move|p1b: Sinistcha|Trick Room|p1b: Sinistcha
|-fieldstart|move: Trick Room|[of] p1b: Sinistcha
|
|-weather|Snowscape|[upkeep]
|upkeep
|turn|6
|
|t:|1782758823
|detailschange|p1a: Floette|Floette-Mega, L50, F
|-mega|p1a: Floette|Floette|Floettite
|-ability|p1a: Floette|Fairy Aura
|move|p2b: Whimsicott|Encore|p1a: Floette
|-start|p1a: Floette|Encore
|move|p1a: Floette|Protect|p1a: Floette
|-singleturn|p1a: Floette|Protect
|move|p1b: Sinistcha|Matcha Gotcha|p2b: Whimsicott|[spread] p2a,p2b
|-resisted|p2a: Gholdengo|1
|-resisted|p2b: Whimsicott|1
|-crit|p2b: Whimsicott
|-damage|p2a: Gholdengo|87/100
|-heal|p1b: Sinistcha|81/100|[from] drain|[of] p2a: Gholdengo
|-damage|p2b: Whimsicott|71/100
|-heal|p1b: Sinistcha|93/100|[from] drain|[of] p2b: Whimsicott
|move|p2a: Gholdengo|Shadow Ball|p1b: Sinistcha
|-supereffective|p1b: Sinistcha|1
|-damage|p1b: Sinistcha|3/100
|-damage|p2a: Gholdengo|77/100|[from] item: Life Orb
|
|-weather|none
|upkeep
|turn|7
|-message|Chesny Fumador forfeited.
|
|win|amuterose
|raw|Chesny Fumador's rating: 1186 → 1156(-30 for losing)
|raw|amuterose's rating: 1121 → 1151(+30 for winning)
