|j|☆gmpp
|j|☆viatles
|html|gmppviatles    
|uhtml|bestof|Game 2 of a best-of-3
|t:|1757021462
|gametype|doubles
|player|p1|gmpp|hilda|1054
|player|p2|viatles|hiker|1000
|gen|9
|tier|[Gen 9] VGC 2025 Reg H (Bo3)
|rated|
|rule|Species Clause: Limit one of each Pokémon
|rule|Item Clause: Limit 1 of each item
|clearpoke
|poke|p1|Archaludon, L50, M|
|poke|p1|Rillaboom, L50, M|
|poke|p1|Incineroar, L50, F|
|poke|p1|Pelipper, L50, M|
|poke|p1|Kingambit, L50, F|
|poke|p1|Azumarill, L50, M|
|poke|p2|Serperior, L50, M|
|poke|p2|Grimmsnarl, L50, M|
|poke|p2|Empoleon, L50, M|
|poke|p2|Garchomp, L50, M|
|poke|p2|Araquanid, L50, M|
|poke|p2|Garganacl, L50, M|
|teampreview|4
|showteam|p1|Archaludon||AssaultVest|Stamina|DracoMeteor,FlashCannon,ElectroShot,BodyPress|||M|||50|,,,,,Grass]Rillaboom||MiracleSeed|GrassySurge|FakeOut,WoodHammer,GrassyGlide,Uturn|||M|||50|,,,,,Grass]Incineroar||SafetyGoggles|Intimidate|WillOWisp,FakeOut,KnockOff,PartingShot|||F|||50|,,,,,Ghost]Pelipper||FocusSash|Drizzle|Hurricane,Tailwind,Protect,WeatherBall|||M|||50|,,,,,Steel]Kingambit||BlackGlasses|Defiant|SuckerPunch,KowtowCleave,Protect,SwordsDance|||F|||50|,,,,,Dark]Azumarill||ChoiceBand|HugePower|AquaJet,Liquidation,IceSpinner,PlayRough|||M|||50|,,,,,Water
|showteam|p2|Serperior||CovertCloak|Contrary|Protect,LeafStorm,TeraBlast,GrassPledge|||M|||50|,,,,,Stellar]Grimmsnarl||LightClay|Prankster|LightScreen,Reflect,SpiritBreak,ThunderWave|||M|||50|,,,,,Ghost]Empoleon||ChopleBerry|Competitive|WaterPledge,FlashCannon,Haze,Protect|||M|||50|,,,,,Grass]Garchomp||LoadedDice|RoughSkin|ScaleShot,Earthquake,IronHead,Protect|||M|||50|,,,,,Steel]Araquanid||SafetyGoggles|WaterBubble|WideGuard,Protect,Liquidation,Infestation|||M|||50|,,,,,Grass]Garganacl||Leftovers|PurifyingSalt|SaltCure,Recover,Protect,ThunderPunch|||M|||50|,,,,,Water
|inactive|Battle timer is ON: inactive players will automatically lose when time's up. (requested by viatles)
|inactive|gmpp has 60 seconds left.
|
|t:|1757021497
|teamsize|p1|4
|teamsize|p2|4
|start
|switch|p1a: Archaludon|Archaludon, L50, M|100/100
|switch|p1b: Pelipper|Pelipper, L50, M, shiny|100/100
|switch|p2a: Grimmsnarl|Grimmsnarl, L50, M|100/100
|switch|p2b: Empoleon|Empoleon, L50, M|100/100
|-weather|RainDance|[from] ability: Drizzle|[of] p1b: Pelipper
|turn|1
|
|t:|1757021519
|move|p2a: Grimmsnarl|Thunder Wave|p1a: Archaludon
|-status|p1a: Archaludon|par
|move|p1b: Pelipper|Tailwind|p1b: Pelipper
|-sidestart|p1: gmpp|move: Tailwind
|cant|p1a: Archaludon|par
|move|p2b: Empoleon|Water Pledge|p1b: Pelipper
|-resisted|p1b: Pelipper
|-damage|p1b: Pelipper|72/100
|
|-weather|RainDance|[upkeep]
|upkeep
|turn|2
|
|t:|1757021536
|move|p2b: Empoleon|Protect|p2b: Empoleon
|-singleturn|p2b: Empoleon|Protect
|move|p2a: Grimmsnarl|Thunder Wave|p1b: Pelipper
|-status|p1b: Pelipper|par
|move|p1a: Archaludon|Electro Shot||[still]
|-prepare|p1a: Archaludon|Electro Shot
|-boost|p1a: Archaludon|spa|1
|-anim|p1a: Archaludon|Electro Shot|p2b: Empoleon
|-activate|p2b: Empoleon|move: Protect
|move|p1b: Pelipper|Hurricane|p2a: Grimmsnarl
|-damage|p2a: Grimmsnarl|65/100
|
|-weather|RainDance|[upkeep]
|upkeep
|turn|3
|
|t:|1757021552
|switch|p2b: Garganacl|Garganacl, L50, M|100/100
|move|p2a: Grimmsnarl|Light Screen|p2a: Grimmsnarl
|-sidestart|p2: viatles|move: Light Screen
|move|p1a: Archaludon|Electro Shot||[still]
|-prepare|p1a: Archaludon|Electro Shot
|-boost|p1a: Archaludon|spa|1
|-anim|p1a: Archaludon|Electro Shot|p2b: Garganacl
|-damage|p2b: Garganacl|66/100
|move|p1b: Pelipper|Hurricane|p2a: Grimmsnarl
|-damage|p2a: Grimmsnarl|40/100
|
|-weather|RainDance|[upkeep]
|-heal|p2b: Garganacl|72/100|[from] item: Leftovers
|upkeep
|turn|4
|
|t:|1757021570
|move|p1a: Archaludon|Electro Shot||[still]
|-prepare|p1a: Archaludon|Electro Shot
|-boost|p1a: Archaludon|spa|1
|-anim|p1a: Archaludon|Electro Shot|p2b: Garganacl
|-damage|p2b: Garganacl|28/100
|move|p2a: Grimmsnarl|Spirit Break|p1a: Archaludon
|-damage|p1a: Archaludon|79/100 par
|-unboost|p1a: Archaludon|spa|1
|-ability|p1a: Archaludon|Stamina|boost
|-boost|p1a: Archaludon|def|1
|cant|p1b: Pelipper|par
|move|p2b: Garganacl|Salt Cure|p1a: Archaludon
|-resisted|p1a: Archaludon
|-damage|p1a: Archaludon|76/100 par
|-start|p1a: Archaludon|Salt Cure
|-ability|p1a: Archaludon|Stamina|boost
|-boost|p1a: Archaludon|def|1
|
|-weather|RainDance|[upkeep]
|-heal|p2b: Garganacl|34/100|[from] item: Leftovers
|-damage|p1a: Archaludon|51/100 par|[from] Salt Cure
|-sideend|p1: gmpp|move: Tailwind
|upkeep
|turn|5
|inactive|viatles has 30 seconds left.
|
|t:|1757021595
|move|p2b: Garganacl|Protect|p2b: Garganacl
|-singleturn|p2b: Garganacl|Protect
|move|p2a: Grimmsnarl|Spirit Break|p1b: Pelipper
|-damage|p1b: Pelipper|44/100 par
|-unboost|p1b: Pelipper|spa|1
|move|p1a: Archaludon|Body Press|p2a: Grimmsnarl
|-damage|p2a: Grimmsnarl|0 fnt
|faint|p2a: Grimmsnarl
|move|p1b: Pelipper|Weather Ball|p2b: Garganacl
|-activate|p2b: Garganacl|move: Protect
|
|-weather|none
|-heal|p2b: Garganacl|40/100|[from] item: Leftovers
|-damage|p1a: Archaludon|26/100 par|[from] Salt Cure
|upkeep
|
|t:|1757021610
|switch|p2a: Serperior|Serperior, L50, M|100/100
|turn|6
|
|t:|1757021621
|-terastallize|p2b: Garganacl|Water
|move|p2a: Serperior|Leaf Storm|p1b: Pelipper
|-damage|p1b: Pelipper|0 fnt
|-boost|p2a: Serperior|spa|2
|faint|p1b: Pelipper
|move|p2b: Garganacl|Recover|p2b: Garganacl
|-heal|p2b: Garganacl|90/100
|move|p1a: Archaludon|Draco Meteor|p2a: Serperior
|-damage|p2a: Serperior|4/100
|-unboost|p1a: Archaludon|spa|2
|
|-heal|p2b: Garganacl|96/100|[from] item: Leftovers
|-damage|p1a: Archaludon|1/100 par|[from] Salt Cure
|upkeep
|
|t:|1757021632
|switch|p1b: Azumarill|Azumarill, L50, M, shiny|100/100
|turn|7
|inactive|gmpp has 30 seconds left.
|
|t:|1757021660
|move|p2a: Serperior|Protect|p2a: Serperior
|-singleturn|p2a: Serperior|Protect
|move|p1b: Azumarill|Aqua Jet|p2a: Serperior
|-activate|p2a: Serperior|move: Protect
|move|p2b: Garganacl|Salt Cure|p1b: Azumarill
|-damage|p1b: Azumarill|86/100
|-start|p1b: Azumarill|Salt Cure
|move|p1a: Archaludon|Body Press|p2b: Garganacl
|-damage|p2b: Garganacl|61/100
|
|-heal|p2b: Garganacl|67/100|[from] item: Leftovers
|-damage|p1b: Azumarill|61/100|[from] Salt Cure
|-damage|p1a: Archaludon|0 fnt|[from] Salt Cure
|faint|p1a: Archaludon
|upkeep
|
|t:|1757021669
|switch|p1a: Rillaboom|Rillaboom, L50, M|100/100
|-fieldstart|move: Grassy Terrain|[from] ability: Grassy Surge|[of] p1a: Rillaboom
|turn|8
|
|t:|1757021692
|switch|p2a: Empoleon|Empoleon, L50, M|100/100
|-terastallize|p1a: Rillaboom|Grass
|move|p2b: Garganacl|Protect|p2b: Garganacl
|-singleturn|p2b: Garganacl|Protect
|move|p1a: Rillaboom|Grassy Glide|p2b: Garganacl
|-activate|p2b: Garganacl|move: Protect
|move|p1b: Azumarill|Aqua Jet|p2a: Empoleon
|-resisted|p2a: Empoleon
|-damage|p2a: Empoleon|85/100
|
|-heal|p2a: Empoleon|90/100|[from] Grassy Terrain
|-heal|p1b: Azumarill|67/100|[from] Grassy Terrain
|-heal|p2b: Garganacl|73/100|[from] Grassy Terrain
|-heal|p2b: Garganacl|79/100|[from] item: Leftovers
|-damage|p1b: Azumarill|42/100|[from] Salt Cure
|upkeep
|turn|9
|
|t:|1757021711
|switch|p2b: Serperior|Serperior, L50, M|4/100
|move|p1a: Rillaboom|Grassy Glide|p2b: Serperior
|-resisted|p2b: Serperior
|-damage|p2b: Serperior|0 fnt
|faint|p2b: Serperior
|move|p1b: Azumarill|Aqua Jet|p2a: Empoleon
|-resisted|p2a: Empoleon
|-damage|p2a: Empoleon|73/100
|move|p2a: Empoleon|Flash Cannon|p1a: Rillaboom
|-damage|p1a: Rillaboom|67/100
|
|-heal|p1a: Rillaboom|73/100|[from] Grassy Terrain
|-heal|p2a: Empoleon|79/100|[from] Grassy Terrain
|-heal|p1b: Azumarill|48/100|[from] Grassy Terrain
|-damage|p1b: Azumarill|23/100|[from] Salt Cure
|upkeep
|
|t:|1757021725
|switch|p2b: Garganacl|Garganacl, L50, M, tera:Water|79/100
|turn|10
|
|t:|1757021745
|move|p2a: Empoleon|Protect|p2a: Empoleon
|-singleturn|p2a: Empoleon|Protect
|move|p2b: Garganacl|Protect|p2b: Garganacl
|-singleturn|p2b: Garganacl|Protect
|move|p1a: Rillaboom|Grassy Glide|p2b: Garganacl
|-activate|p2b: Garganacl|move: Protect
|move|p1b: Azumarill|Aqua Jet|p2b: Garganacl
|-activate|p2b: Garganacl|move: Protect
|
|-heal|p1a: Rillaboom|79/100|[from] Grassy Terrain
|-heal|p2a: Empoleon|85/100|[from] Grassy Terrain
|-heal|p1b: Azumarill|29/100|[from] Grassy Terrain
|-heal|p2b: Garganacl|85/100|[from] Grassy Terrain
|-heal|p2b: Garganacl|90/100|[from] item: Leftovers
|-damage|p1b: Azumarill|4/100|[from] Salt Cure
|-sideend|p2: viatles|move: Light Screen
|upkeep
|turn|11
|
|t:|1757021763
|move|p1b: Azumarill|Aqua Jet|p2a: Empoleon
|-resisted|p2a: Empoleon
|-damage|p2a: Empoleon|70/100
|move|p1a: Rillaboom|Wood Hammer|p2b: Garganacl
|-supereffective|p2b: Garganacl
|-damage|p2b: Garganacl|0 fnt
|faint|p2b: Garganacl
|-damage|p1a: Rillaboom|49/100|[from] Recoil
|move|p2a: Empoleon|Flash Cannon|p1a: Rillaboom
|-damage|p1a: Rillaboom|12/100
|
|-heal|p1a: Rillaboom|17/100|[from] Grassy Terrain
|-heal|p2a: Empoleon|76/100|[from] Grassy Terrain
|-heal|p1b: Azumarill|10/100|[from] Grassy Terrain
|-damage|p1b: Azumarill|0 fnt|[from] Salt Cure
|faint|p1b: Azumarill
|upkeep
|turn|12
|
|t:|1757021782
|move|p2a: Empoleon|Protect|p2a: Empoleon
|-singleturn|p2a: Empoleon|Protect
|move|p1a: Rillaboom|Wood Hammer|p2a: Empoleon
|-activate|p2a: Empoleon|move: Protect
|
|-heal|p1a: Rillaboom|23/100|[from] Grassy Terrain
|-heal|p2a: Empoleon|82/100|[from] Grassy Terrain
|-fieldend|move: Grassy Terrain
|upkeep
|turn|13
|
|t:|1757021791
|move|p1a: Rillaboom|Wood Hammer|p2a: Empoleon
|-damage|p2a: Empoleon|0 fnt
|faint|p2a: Empoleon
|-damage|p1a: Rillaboom|0 fnt|[from] Recoil
|faint|p1a: Rillaboom
|
|win|gmpp
|raw|gmpp's rating: 1054 → 1081(+27 for winning)
|raw|viatles's rating: 1000 → 1000(+0 for losing)
|l|☆gmpp
|player|p1|
|c|☆viatles|gg
