|j|☆detoxfilms
|j|☆ilbattipagliano
|html|detoxfilmsilbattipagliano    
|uhtml|bestof|Game 1 of a best-of-3
|t:|1757937890
|gametype|doubles
|player|p1|detoxfilms|101|1093
|player|p2|ilbattipagliano|169|1198
|gen|9
|tier|[Gen 9] VGC 2025 Reg H (Bo3)
|rated|
|rule|Species Clause: Limit one of each Pokémon
|rule|Item Clause: Limit 1 of each item
|clearpoke
|poke|p1|Gothitelle, L50, M|
|poke|p1|Lapras, L50, F|
|poke|p1|Incineroar, L50, F|
|poke|p1|Dondozo, L50, F|
|poke|p1|Tatsugiri, L50, F|
|poke|p1|Dragapult, L50, M|
|poke|p2|Incineroar, L50, F|
|poke|p2|Gholdengo, L50|
|poke|p2|Dragonite, L50, M|
|poke|p2|Rillaboom, L50, F|
|poke|p2|Sneasler, L50, F|
|poke|p2|Ursaluna-Bloodmoon, L50, M|
|teampreview|4
|showteam|p1|Gothitelle||SitrusBerry|ShadowTag|FakeOut,Psychic,TrickRoom,Protect|||M|||50|,,,,,Dark]Lapras||Leftovers|WaterAbsorb|Protect,MuddyWater,HelpingHand,PerishSong|||F|||50|,,,,,Grass]Incineroar||SafetyGoggles|Intimidate|FakeOut,FlareBlitz,PartingShot,Protect|||F|||50|,,,,,Bug]Dondozo||ClearAmulet|Unaware|Protect,WaveCrash,OrderUp,Yawn|||F|||50|,,,,,Grass]Tatsugiri||FocusSash|Commander|Protect,MuddyWater,DracoMeteor,HelpingHand|||F|||50|,,,,,Water]Dragapult||ChoiceBand|ClearBody|TeraBlast,PhantomForce,DragonDarts,Uturn|||M|||50|,,,,,Ghost
|showteam|p2|Incineroar||SafetyGoggles|Intimidate|FakeOut,KnockOff,FlareBlitz,PartingShot|||F|||50|,,,,,Ghost]Gholdengo||LifeOrb|GoodasGold|Protect,NastyPlot,ShadowBall,MakeItRain||||||50|,,,,,Water]Dragonite||LoadedDice|Multiscale|ScaleShot,Haze,Protect,Tailwind|||M|||50|,,,,,Fairy]Rillaboom||AssaultVest|GrassySurge|FakeOut,WoodHammer,HighHorsepower,GrassyGlide|||F|||50|,,,,,Fire]Sneasler||FocusSash|PoisonTouch|DireClaw,CloseCombat,Protect,Coaching|||F|||50|,,,,,Stellar]Ursaluna-Bloodmoon||Leftovers|MindsEye|Protect,CalmMind,BloodMoon,EarthPower|||M|||50|,,,,,Electric
|inactive|Battle timer is ON: inactive players will automatically lose when time's up. (requested by ilbattipagliano)
|
|t:|1757937925
|teamsize|p1|4
|teamsize|p2|4
|start
|switch|p1a: Dragapult|Dragapult, L50, M|100/100
|switch|p1b: Incineroar|Incineroar, L50, F|100/100
|switch|p2a: Dragonite|Dragonite, L50, M|100/100
|switch|p2b: Sneasler|Sneasler, L50, F|100/100
|-ability|p1b: Incineroar|Intimidate|boost
|-unboost|p2a: Dragonite|atk|1
|-unboost|p2b: Sneasler|atk|1
|turn|1
|
|t:|1757937948
|move|p2b: Sneasler|Protect|p2b: Sneasler
|-singleturn|p2b: Sneasler|Protect
|move|p2a: Dragonite|Protect|p2a: Dragonite
|-singleturn|p2a: Dragonite|Protect
|move|p1b: Incineroar|Fake Out|p2b: Sneasler
|-activate|p2b: Sneasler|move: Protect
|move|p1a: Dragapult|Dragon Darts|p2b: Sneasler
|-activate|p2a: Dragonite|move: Protect
|
|upkeep
|turn|2
|
|t:|1757937962
|-terastallize|p1a: Dragapult|Ghost
|-terastallize|p2b: Sneasler|Stellar
|move|p1a: Dragapult|Dragon Darts|p2b: Sneasler
|-damage|p2b: Sneasler|40/100
|-anim|p1a: Dragapult|Dragon Darts|p2a: Dragonite
|-supereffective|p2a: Dragonite
|-damage|p2a: Dragonite|58/100
|move|p2b: Sneasler|Close Combat|p1b: Incineroar
|-supereffective|p1b: Incineroar
|-damage|p1b: Incineroar|27/100
|-unboost|p2b: Sneasler|def|1
|-unboost|p2b: Sneasler|spd|1
|move|p2a: Dragonite|Scale Shot|p1a: Dragapult
|-damage|p1a: Dragapult|86/100
|-damage|p1a: Dragapult|71/100
|-damage|p1a: Dragapult|56/100
|-damage|p1a: Dragapult|39/100
|-hitcount|p1a: Dragapult|4
|-unboost|p2a: Dragonite|def|1
|-boost|p2a: Dragonite|spe|1
|move|p1b: Incineroar|Parting Shot|p2a: Dragonite
|-unboost|p2a: Dragonite|atk|1
|-unboost|p2a: Dragonite|spa|1
|
|t:|1757937981
|switch|p1b: Dondozo|Dondozo, L50, F|100/100|[from] Parting Shot
|
|upkeep
|turn|3
|
|t:|1757938002
|switch|p1a: Incineroar|Incineroar, L50, F|27/100
|-ability|p1a: Incineroar|Intimidate|boost
|-unboost|p2a: Dragonite|atk|1
|-unboost|p2b: Sneasler|atk|1
|move|p2a: Dragonite|Protect|p2a: Dragonite
|-singleturn|p2a: Dragonite|Protect
|move|p2b: Sneasler|Dire Claw|p1a: Incineroar
|-damage|p1a: Incineroar|6/100
|-status|p1a: Incineroar|psn|[from] ability: Poison Touch|[of] p2b: Sneasler
|move|p1b: Dondozo|Order Up|p2a: Dragonite
|-activate|p2a: Dragonite|move: Protect
|
|-damage|p1a: Incineroar|0 fnt|[from] psn
|faint|p1a: Incineroar
|upkeep
|
|t:|1757938010
|switch|p1a: Dragapult|Dragapult, L50, M, tera:Ghost|39/100
|turn|4
|
|t:|1757938028
|switch|p2a: Incineroar|Incineroar, L50, F|100/100
|-ability|p2a: Incineroar|Intimidate|boost
|-fail|p1a: Dragapult|unboost|[from] ability: Clear Body|[of] p1a: Dragapult
|-fail|p1b: Dondozo|unboost|[from] item: Clear Amulet|[of] p1b: Dondozo
|switch|p2b: Rillaboom|Rillaboom, L50, F|100/100
|-fieldstart|move: Grassy Terrain|[from] ability: Grassy Surge|[of] p2b: Rillaboom
|move|p1a: Dragapult|Dragon Darts|p2b: Rillaboom
|-damage|p2b: Rillaboom|63/100
|-anim|p1a: Dragapult|Dragon Darts|p2a: Incineroar
|-damage|p2a: Incineroar|69/100
|move|p1b: Dondozo|Wave Crash|p2a: Incineroar
|-supereffective|p2a: Incineroar
|-damage|p2a: Incineroar|0 fnt
|faint|p2a: Incineroar
|-damage|p1b: Dondozo|82/100|[from] Recoil
|
|-heal|p1a: Dragapult|45/100|[from] Grassy Terrain
|-heal|p2b: Rillaboom|69/100|[from] Grassy Terrain
|-heal|p1b: Dondozo|87/100|[from] Grassy Terrain
|upkeep
|
|t:|1757938037
|switch|p2a: Dragonite|Dragonite, L50, M|58/100
|turn|5
|
|t:|1757938053
|switch|p2a: Sneasler|Sneasler, L50, F, tera:Stellar|40/100
|move|p2b: Rillaboom|Grassy Glide|p1a: Dragapult
|-damage|p1a: Dragapult|0 fnt
|faint|p1a: Dragapult
|move|p1b: Dondozo|Order Up|p2a: Sneasler
|-damage|p2a: Sneasler|3/100
|
|-heal|p2a: Sneasler|9/100|[from] Grassy Terrain
|-heal|p2b: Rillaboom|75/100|[from] Grassy Terrain
|-heal|p1b: Dondozo|93/100|[from] Grassy Terrain
|upkeep
|
|t:|1757938062
|switch|p1a: Tatsugiri|Tatsugiri, L50, F|100/100
|-activate|p1a: Tatsugiri|ability: Commander|[of] p1b: Dondozo
|-boost|p1b: Dondozo|atk|2
|-boost|p1b: Dondozo|spa|2
|-boost|p1b: Dondozo|spe|2
|-boost|p1b: Dondozo|def|2
|-boost|p1b: Dondozo|spd|2
|turn|6
|
|t:|1757938070
|switch|p2b: Dragonite|Dragonite, L50, M|58/100
|move|p2a: Sneasler|Dire Claw|p1b: Dondozo
|-damage|p1b: Dondozo|80/100
|-status|p1b: Dondozo|par
|move|p1b: Dondozo|Order Up|p2a: Sneasler
|-damage|p2a: Sneasler|0 fnt
|faint|p2a: Sneasler
|-boost|p1b: Dondozo|atk|1
|
|-heal|p1b: Dondozo|86/100 par|[from] Grassy Terrain
|upkeep
|
|t:|1757938074
|switch|p2a: Rillaboom|Rillaboom, L50, F|75/100
|turn|7
|
|t:|1757938079
|move|p2a: Rillaboom|Fake Out|p1b: Dondozo
|-damage|p1b: Dondozo|81/100 par
|move|p2b: Dragonite|Haze|p2b: Dragonite
|-clearallboost
|cant|p1b: Dondozo|flinch
|
|-heal|p2a: Rillaboom|81/100|[from] Grassy Terrain
|-heal|p1b: Dondozo|87/100 par|[from] Grassy Terrain
|upkeep
|turn|8
|
|t:|1757938096
|move|p2b: Dragonite|Tailwind|p2b: Dragonite
|-sidestart|p2: ilbattipagliano|move: Tailwind
|move|p2a: Rillaboom|Wood Hammer|p1b: Dondozo
|-supereffective|p1b: Dondozo
|-damage|p1b: Dondozo|0 fnt
|faint|p1b: Dondozo
|-damage|p2a: Rillaboom|48/100|[from] Recoil
|
|-heal|p2a: Rillaboom|54/100|[from] Grassy Terrain
|-fieldend|move: Grassy Terrain
|upkeep
|turn|9
|
|t:|1757938106
|move|p2b: Dragonite|Scale Shot|p1a: Tatsugiri
|-supereffective|p1a: Tatsugiri
|-damage|p1a: Tatsugiri|42/100
|-supereffective|p1a: Tatsugiri
|-damage|p1a: Tatsugiri|0 fnt
|faint|p1a: Tatsugiri
|-hitcount|p1: Tatsugiri|2
|
|win|ilbattipagliano
|l|☆detoxfilms
|player|p1|
||ilbattipagliano is ready for game 2.
||detoxfilms is ready for game 2.
|uhtml|next|Next: Game 2 of 3
|l|☆ilbattipagliano
|player|p2|
