|j|☆colemarcusvgc
|j|☆Piedrer
|html|colemarcusvgcPiedrer    
|uhtml|bestof|Game 1 of a best-of-3
|t:|1757121049
|gametype|doubles
|player|p1|colemarcusvgc|n|1179
|player|p2|Piedrer|red|1086
|gen|9
|tier|[Gen 9] VGC 2025 Reg H (Bo3)
|rated|
|rule|Species Clause: Limit one of each Pokémon
|rule|Item Clause: Limit 1 of each item
|clearpoke
|poke|p1|Indeedee-F, L50, F|
|poke|p1|Hatterene, L50, F|
|poke|p1|Gallade, L50, M|
|poke|p1|Ursaluna, L50, M|
|poke|p1|Lilligant-Hisui, L50, F|
|poke|p1|Torkoal, L50, M|
|poke|p2|Porygon2, L50|
|poke|p2|Ursaluna, L50, F|
|poke|p2|Volcarona, L50, M|
|poke|p2|Grimmsnarl, L50, M|
|poke|p2|Annihilape, L50, F|
|poke|p2|Gholdengo, L50|
|teampreview|4
|showteam|p1|Indeedee-F||PsychicSeed|PsychicSurge|TrickRoom,FollowMe,HelpingHand,DazzlingGleam|||F|||50|,,,,,Fire]Hatterene||LifeOrb|MagicBounce|ExpandingForce,TrickRoom,DazzlingGleam,Protect|||F|||50|,,,,,Psychic]Gallade||ClearAmulet|Sharpness|SacredSword,PsychoCut,TrickRoom,WideGuard|||M|||50|,,,,,Grass]Ursaluna||FlameOrb|Guts|HeadlongRush,Facade,SwordsDance,Protect|||M|||50|,,,,,Ghost]Lilligant-Hisui||FocusSash|Chlorophyll|SolarBlade,SleepPowder,CloseCombat,AfterYou|||F|||50|,,,,,Ghost]Torkoal||ChoiceSpecs|Drought|Eruption,HeatWave,WeatherBall,EarthPower|||M|||50|,,,,,Fire
|showteam|p2|Porygon2||Eviolite|Download|Thunderbolt,IceBeam,Recover,TrickRoom||||||50|,,,,,Ghost]Ursaluna||FlameOrb|Guts|Facade,Earthquake,HeadlongRush,Protect|||F|||50|,,,,,Fairy]Volcarona||CovertCloak|FlameBody|Overheat,StruggleBug,RagePowder,WillOWisp|||M|||50|,,,,,Dragon]Grimmsnarl||LightClay|Prankster|SpiritBreak,Reflect,LightScreen,Taunt|||M|||50|,,,,,Steel]Annihilape||SafetyGoggles|Defiant|RageFist,DrainPunch,Protect,BulkUp|||F|||50|,,,,,Fire]Gholdengo||ChoiceSpecs|GoodasGold|ShadowBall,MakeItRain,PowerGem,Trick||||||50|,,,,,Dragon
|inactive|Battle timer is ON: inactive players will automatically lose when time's up. (requested by Piedrer)
|inactive|colemarcusvgc has 60 seconds left.
|inactive|Piedrer has 60 seconds left.
|inactive|colemarcusvgc has 30 seconds left.
|inactive|Piedrer has 30 seconds left.
|
|t:|1757121124
|teamsize|p1|4
|teamsize|p2|4
|start
|switch|p1a: Lilligant|Lilligant-Hisui, L50, F|100/100
|switch|p1b: Torkoal|Torkoal, L50, M|100/100
|switch|p2a: Gholdengo|Gholdengo, L50|100/100
|switch|p2b: Porygon2|Porygon2, L50|100/100
|-ability|p2b: Porygon2|Download|boost
|-boost|p2b: Porygon2|spa|1
|-weather|SunnyDay|[from] ability: Drought|[of] p1b: Torkoal
|turn|1
|inactive|Piedrer has 30 seconds left.
|inactive|Piedrer has 20 seconds left.
|
|t:|1757121162
|-terastallize|p2a: Gholdengo|Dragon
|-terastallize|p1b: Torkoal|Fire
|move|p1a: Lilligant|After You|p1b: Torkoal
|-activate|p1b: Torkoal|move: After You
|move|p1b: Torkoal|Eruption|p2a: Gholdengo|[spread] p2a,p2b
|-resisted|p2a: Gholdengo
|-damage|p2a: Gholdengo|25/100
|-damage|p2b: Porygon2|16/100
|move|p2a: Gholdengo|Make It Rain|p1a: Lilligant|[spread] p1a,p1b
|-resisted|p1b: Torkoal
|-enditem|p1a: Lilligant|Focus Sash
|-damage|p1a: Lilligant|1/100
|-damage|p1b: Torkoal|51/100
|-unboost|p2a: Gholdengo|spa|1
|move|p2b: Porygon2|Thunderbolt|p1b: Torkoal
|-damage|p1b: Torkoal|0 fnt
|faint|p1b: Torkoal
|
|-weather|SunnyDay|[upkeep]
|upkeep
|
|t:|1757121179
|switch|p1b: Indeedee|Indeedee-F, L50, F|100/100
|-fieldstart|move: Psychic Terrain|[from] ability: Psychic Surge|[of] p1b: Indeedee
|-enditem|p1b: Indeedee|Psychic Seed
|-boost|p1b: Indeedee|spd|1|[from] item: Psychic Seed
|turn|2
|
|t:|1757121196
|move|p1a: Lilligant|Solar Blade||[still]
|-prepare|p1a: Lilligant|Solar Blade
|-anim|p1a: Lilligant|Solar Blade|p2a: Gholdengo
|-resisted|p2a: Gholdengo
|-damage|p2a: Gholdengo|0 fnt
|faint|p2a: Gholdengo
|move|p1b: Indeedee|Dazzling Gleam|p2b: Porygon2
|-damage|p2b: Porygon2|5/100
|move|p2b: Porygon2|Recover|p2b: Porygon2
|-heal|p2b: Porygon2|55/100
|
|-weather|SunnyDay|[upkeep]
|upkeep
|
|t:|1757121207
|switch|p2a: Annihilape|Annihilape, L50, F|100/100
|turn|3
|
|t:|1757121222
|move|p1a: Lilligant|Sleep Powder|p2b: Porygon2
|-status|p2b: Porygon2|slp|[from] move: Sleep Powder
|move|p2a: Annihilape|Drain Punch|p1b: Indeedee
|-damage|p1b: Indeedee|73/100
|cant|p2b: Porygon2|slp
|move|p1b: Indeedee|Trick Room|p1b: Indeedee
|-fieldstart|move: Trick Room|[of] p1b: Indeedee
|
|-weather|SunnyDay|[upkeep]
|upkeep
|turn|4
|
|t:|1757121244
|switch|p1a: Ursaluna|Ursaluna, L50, M|100/100
|move|p1b: Indeedee|Dazzling Gleam|p2b: Porygon2|[spread] p2a,p2b
|-supereffective|p2a: Annihilape
|-damage|p2a: Annihilape|77/100
|-damage|p2b: Porygon2|47/100 slp
|cant|p2b: Porygon2|slp
|move|p2a: Annihilape|Rage Fist|p1a: Ursaluna
|-immune|p1a: Ursaluna
|
|-weather|SunnyDay|[upkeep]
|-status|p1a: Ursaluna|brn|[from] item: Flame Orb
|upkeep
|turn|5
|
|t:|1757121263
|move|p1b: Indeedee|Follow Me|p1b: Indeedee
|-singleturn|p1b: Indeedee|move: Follow Me
|move|p1a: Ursaluna|Facade|p2b: Porygon2
|-damage|p2b: Porygon2|0 fnt
|faint|p2b: Porygon2
|move|p2a: Annihilape|Drain Punch|p1b: Indeedee
|-damage|p1b: Indeedee|43/100
|-heal|p2a: Annihilape|90/100|[from] drain|[of] p1b: Indeedee
|
|-weather|none
|-damage|p1a: Ursaluna|95/100 brn|[from] brn
|upkeep
|
|t:|1757121273
|switch|p2b: Ursaluna|Ursaluna, L50, F|100/100
|turn|6
|
|t:|1757121279
|move|p2b: Ursaluna|Protect|p2b: Ursaluna
|-singleturn|p2b: Ursaluna|Protect
|move|p2a: Annihilape|Protect|p2a: Annihilape
|-singleturn|p2a: Annihilape|Protect
|move|p1a: Ursaluna|Facade|p2b: Ursaluna
|-activate|p2b: Ursaluna|move: Protect
|move|p1b: Indeedee|Dazzling Gleam|p2b: Ursaluna|[spread] 
|-activate|p2a: Annihilape|move: Protect
|-activate|p2b: Ursaluna|move: Protect
|
|-damage|p1a: Ursaluna|89/100 brn|[from] brn
|-fieldend|move: Psychic Terrain
|-status|p2b: Ursaluna|brn|[from] item: Flame Orb
|upkeep
|turn|7
|inactive|Piedrer has 30 seconds left.
|
|t:|1757121305
|move|p1b: Indeedee|Follow Me|p1b: Indeedee
|-singleturn|p1b: Indeedee|move: Follow Me
|move|p1a: Ursaluna|Facade|p2a: Annihilape
|-immune|p2a: Annihilape
|move|p2b: Ursaluna|Facade|p1b: Indeedee
|-damage|p1b: Indeedee|0 fnt
|faint|p1b: Indeedee
|move|p2a: Annihilape|Drain Punch|p1a: Ursaluna
|-supereffective|p1a: Ursaluna
|-crit|p1a: Ursaluna
|-damage|p1a: Ursaluna|16/100 brn
|-heal|p2a: Annihilape|100/100|[from] drain|[of] p1a: Ursaluna
|
|-damage|p1a: Ursaluna|10/100 brn|[from] brn
|-damage|p2b: Ursaluna|95/100 brn|[from] brn
|-fieldend|move: Trick Room
|upkeep
|
|t:|1757121320
|switch|p1b: Lilligant|Lilligant-Hisui, L50, F|1/100
|turn|8
|
|t:|1757121328
|move|p2a: Annihilape|Protect|p2a: Annihilape
|-singleturn|p2a: Annihilape|Protect
|move|p1b: Lilligant|Sleep Powder|p2b: Ursaluna|[miss]
|-miss|p1b: Lilligant|p2b: Ursaluna
|move|p2b: Ursaluna|Earthquake|p1b: Lilligant|[spread] p1a,p1b
|-activate|p2a: Annihilape|move: Protect
|-crit|p1a: Ursaluna
|-resisted|p1b: Lilligant
|-damage|p1a: Ursaluna|0 fnt
|-damage|p1b: Lilligant|0 fnt
|faint|p1a: Ursaluna
|faint|p1b: Lilligant
|
|win|Piedrer
||colemarcusvgc is ready for game 2.
