|j|☆snailboss
|j|☆leonsunp
|html|snailbossleonsunp    
|uhtml|bestof|Game 2 of a best-of-3
|t:|1757632608
|gametype|doubles
|player|p1|snailboss|hilda-wonderlauncher|1185
|player|p2|leonsunp|colress|1193
|gen|9
|tier|[Gen 9] VGC 2025 Reg H (Bo3)
|rated|
|rule|Species Clause: Limit one of each Pokémon
|rule|Item Clause: Limit 1 of each item
|clearpoke
|poke|p1|Kingambit, L50, F|
|poke|p1|Rillaboom, L50, F|
|poke|p1|Volcarona, L50, F|
|poke|p1|Tauros-Paldea-Aqua, L50, M|
|poke|p1|Electabuzz, L50, F|
|poke|p1|Ninetales-Alola, L50, F|
|poke|p2|Sneasler, L50, F|
|poke|p2|Indeedee, L50, M|
|poke|p2|Volcarona, L50, F|
|poke|p2|Ursaluna-Bloodmoon, L50, M|
|poke|p2|Annihilape, L50, F|
|poke|p2|Tyranitar, L50, M|
|teampreview|4
|showteam|p1|Kingambit||BlackGlasses|Defiant|SuckerPunch,KowtowCleave,SwordsDance,Protect|||F|||50|,,,,,Fire]Rillaboom||AssaultVest|GrassySurge|FakeOut,GrassyGlide,WoodHammer,HighHorsepower|||F|||50|,,,,,Fire]Volcarona||CovertCloak|FlameBody|QuiverDance,HeatWave,GigaDrain,Protect|||F|||50|,,,,,Grass]Tauros-Paldea-Aqua||GrassySeed|Intimidate|WaveCrash,BodyPress,Protect,AquaJet|||M|||50|,,,,,Fire]Electabuzz||Eviolite|VitalSpirit|Taunt,Thunderbolt,Protect,FollowMe|||F|||50|,,,,,Ghost]Ninetales-Alola||FocusSash|SnowWarning|Protect,Encore,FreezeDry,Disable|||F|||50|,,,,,Ghost
|showteam|p2|Sneasler||PsychicSeed|Unburden|CloseCombat,DireClaw,ThroatChop,Protect|||F|||50|,,,,,Dark]Indeedee||ChoiceScarf|PsychicSurge|ExpandingForce,TeraBlast,Trick,Protect|||M|||50|,,,,,Psychic]Volcarona||SitrusBerry|FlameBody|Overheat,StruggleBug,RagePowder,Tailwind|||F|||50|,,,,,Grass]Ursaluna-Bloodmoon||LifeOrb|MindsEye|BloodMoon,HyperVoice,EarthPower,Protect|||M|||50|,,,,,Normal]Annihilape||SafetyGoggles|Defiant|CloseCombat,RageFist,Taunt,FinalGambit|||F|||50|,,,,,Fairy]Tyranitar||AssaultVest|SandStream|RockSlide,KnockOff,TeraBlast,LowKick|||M|||50|,,,,,Flying
|inactive|Battle timer is ON: inactive players will automatically lose when time's up. (requested by leonsunp)
|inactive|snailboss has 60 seconds left.
|
|t:|1757632645
|teamsize|p1|4
|teamsize|p2|4
|start
|switch|p1a: Volcarona|Volcarona, L50, F|100/100
|switch|p1b: Electabuzz|Electabuzz, L50, F|100/100
|switch|p2a: Volcarona|Volcarona, L50, F|100/100
|switch|p2b: Ursaluna|Ursaluna-Bloodmoon, L50, M|100/100
|turn|1
|inactive|snailboss has 30 seconds left.
|j| Arkhept
|l| Arkhept
|inactive|snailboss has 20 seconds left.
|
|t:|1757632684
|move|p1b: Electabuzz|Follow Me|p1b: Electabuzz
|-singleturn|p1b: Electabuzz|move: Follow Me
|move|p2a: Volcarona|Tailwind|p2a: Volcarona
|-sidestart|p2: leonsunp|move: Tailwind
|move|p2b: Ursaluna|Hyper Voice|p1b: Electabuzz|[spread] p1a,p1b
|-damage|p1a: Volcarona|58/100
|-damage|p1b: Electabuzz|61/100
|-damage|p2b: Ursaluna|91/100|[from] item: Life Orb
|move|p1a: Volcarona|Quiver Dance|p1a: Volcarona
|-boost|p1a: Volcarona|spa|1
|-boost|p1a: Volcarona|spd|1
|-boost|p1a: Volcarona|spe|1
|
|upkeep
|turn|2
|inactive|snailboss has 30 seconds left.
|
|t:|1757632712
|move|p1b: Electabuzz|Follow Me|p1b: Electabuzz
|-singleturn|p1b: Electabuzz|move: Follow Me
|move|p2a: Volcarona|Overheat|p1b: Electabuzz
|-damage|p1b: Electabuzz|17/100
|-unboost|p2a: Volcarona|spa|2
|move|p1a: Volcarona|Heat Wave|p2b: Ursaluna|[spread] p2a,p2b
|-damage|p2a: Volcarona|54/100
|-damage|p2b: Ursaluna|21/100
|move|p2b: Ursaluna|Hyper Voice|p1b: Electabuzz|[spread] p1a,p1b
|-damage|p1a: Volcarona|29/100
|-damage|p1b: Electabuzz|0 fnt
|faint|p1b: Electabuzz
|-damage|p2b: Ursaluna|11/100|[from] item: Life Orb
|
|upkeep
|inactive|snailboss has 30 seconds left.
|
|t:|1757632740
|switch|p1b: Kingambit|Kingambit, L50, F|100/100
|turn|3
|inactive|leonsunp has 30 seconds left.
|inactive|leonsunp has 20 seconds left.
|inactive|leonsunp has 15 seconds left.
|
|t:|1757632781
|switch|p2a: Sneasler|Sneasler, L50, F|100/100
|-terastallize|p1b: Kingambit|Fire
|move|p1a: Volcarona|Heat Wave|p2a: Sneasler|[spread] p2b
|-miss|p1a: Volcarona|p2a: Sneasler
|-damage|p2b: Ursaluna|0 fnt
|faint|p2b: Ursaluna
|move|p1b: Kingambit|Swords Dance|p1b: Kingambit
|-boost|p1b: Kingambit|atk|2
|
|upkeep
|
|t:|1757632794
|switch|p2b: Volcarona|Volcarona, L50, F|54/100
|turn|4
|
|t:|1757632809
|move|p2b: Volcarona|Rage Powder|p2b: Volcarona
|-singleturn|p2b: Volcarona|move: Rage Powder
|move|p2a: Sneasler|Dire Claw|p1a: Volcarona
|-damage|p1a: Volcarona|0 fnt
|faint|p1a: Volcarona
|move|p1b: Kingambit|Kowtow Cleave|p2b: Volcarona
|-damage|p2b: Volcarona|0 fnt
|faint|p2b: Volcarona
|
|-sideend|p2: leonsunp|move: Tailwind
|upkeep
|
|t:|1757632818
|switch|p2b: Indeedee|Indeedee, L50, M|100/100
|switch|p1a: Rillaboom|Rillaboom, L50, F|100/100
|-fieldstart|move: Psychic Terrain|[from] ability: Psychic Surge|[of] p2b: Indeedee
|-enditem|p2a: Sneasler|Psychic Seed
|-boost|p2a: Sneasler|spd|1|[from] item: Psychic Seed
|-fieldstart|move: Grassy Terrain|[from] ability: Grassy Surge|[of] p1a: Rillaboom
|turn|5
|
|t:|1757632842
|move|p1a: Rillaboom|Fake Out|p2b: Indeedee
|-damage|p2b: Indeedee|71/100
|move|p2a: Sneasler|Dire Claw|p1b: Kingambit
|-damage|p1b: Kingambit|64/100
|-status|p1b: Kingambit|slp
|cant|p2b: Indeedee|flinch
|cant|p1b: Kingambit|slp
|
|-heal|p2b: Indeedee|77/100|[from] Grassy Terrain
|-heal|p1b: Kingambit|70/100 slp|[from] Grassy Terrain
|upkeep
|turn|6
|
|t:|1757632859
|cant|p1b: Kingambit|slp
|move|p2a: Sneasler|Dire Claw|p1a: Rillaboom
|-supereffective|p1a: Rillaboom
|-damage|p1a: Rillaboom|17/100
|-status|p1a: Rillaboom|psn
|move|p2b: Indeedee|Expanding Force|p1a: Rillaboom
|-damage|p1a: Rillaboom|0 fnt
|faint|p1a: Rillaboom
|
|-heal|p2b: Indeedee|83/100|[from] Grassy Terrain
|-heal|p1b: Kingambit|76/100 slp|[from] Grassy Terrain
|upkeep
|turn|7
|
|t:|1757632880
|move|p2a: Sneasler|Close Combat|p1b: Kingambit
|-damage|p1b: Kingambit|20/100 slp
|-unboost|p2a: Sneasler|def|1
|-unboost|p2a: Sneasler|spd|1
|move|p2b: Indeedee|Expanding Force|p1b: Kingambit
|-damage|p1b: Kingambit|0 fnt
|faint|p1b: Kingambit
|
|win|leonsunp
|raw|snailboss's rating: 1185 → 1161(-24 for losing)
|raw|leonsunp's rating: 1193 → 1217(+24 for winning)
