|j|☆Letmein191
|j|☆galgith
|html|Letmein191galgith    
|uhtml|bestof|Game 2 of a best-of-3
|t:|1756414294
|gametype|doubles
|player|p1|Letmein191|266|1044
|player|p2|galgith|steven|1094
|gen|9
|tier|[Gen 9] VGC 2025 Reg H (Bo3)
|rated|
|rule|Species Clause: Limit one of each Pokémon
|rule|Item Clause: Limit 1 of each item
|clearpoke
|poke|p1|Electabuzz, L50, F|
|poke|p1|Kingambit, L50, F|
|poke|p1|Volcarona, L50, M|
|poke|p1|Dragonite, L50, F|
|poke|p1|Sneasler, L50, M|
|poke|p1|Rillaboom, L50, M|
|poke|p2|Dragapult, L50, M|
|poke|p2|Rillaboom, L50, M|
|poke|p2|Volcarona, L50, F|
|poke|p2|Incineroar, L50, M|
|poke|p2|Primarina, L50, F|
|poke|p2|Gholdengo, L50|
|teampreview|4
|showteam|p1|Electabuzz||Eviolite|VitalSpirit|FollowMe,Thunderbolt,Taunt,Protect|||F|||50|,,,,,Ghost]Kingambit||BlackGlasses|Defiant|KowtowCleave,SuckerPunch,SwordsDance,Protect|||F|||50|,,,,,Dark]Volcarona||Leftovers|FlameBody|HeatWave,TeraBlast,QuiverDance,Protect|||M|||50|,,,,,Fairy]Dragonite||LoadedDice|Multiscale|ScaleShot,ExtremeSpeed,Haze,Protect|||F|||50|,,,,,Fairy]Sneasler||FocusSash|Unburden|DireClaw,CloseCombat,Coaching,FakeOut|||M|||50|,,,,,Stellar]Rillaboom||AssaultVest|GrassySurge|FakeOut,WoodHammer,GrassyGlide,HighHorsepower|||M|||50|,,,,,Fire
|showteam|p2|Dragapult||ChoiceBand|ClearBody|DragonDarts,PhantomForce,TeraBlast,SuckerPunch|||M|||50|,,,,,Ghost]Rillaboom||AssaultVest|GrassySurge|FakeOut,GrassyGlide,WoodHammer,Uturn|||M|||50|,,,,,Fire]Volcarona||SitrusBerry|FlameBody|StruggleBug,RagePowder,FieryDance,Tailwind|||F|||50|,,,,,Water]Incineroar||SafetyGoggles|Intimidate|FakeOut,PartingShot,KnockOff,WillOWisp|||M|||50|,,,,,Bug]Primarina||ThroatSpray|LiquidVoice|HyperVoice,Moonblast,Protect,Haze|||F|||50|,,,,,Steel]Gholdengo||MetalCoat|GoodasGold|ShadowBall,MakeItRain,NastyPlot,Protect||||||50|,,,,,Dragon
|
|t:|1756414331
|teamsize|p1|4
|teamsize|p2|4
|start
|switch|p1a: Volcarona|Volcarona, L50, M|100/100
|switch|p1b: Sneasler|Sneasler, L50, M|100/100
|switch|p2a: Primarina|Primarina, L50, F|100/100
|switch|p2b: Volcarona|Volcarona, L50, F|100/100
|turn|1
|
|t:|1756414354
|switch|p2b: Gholdengo|Gholdengo, L50|100/100
|-terastallize|p1a: Volcarona|Fairy
|move|p1b: Sneasler|Fake Out|p2b: Gholdengo
|-immune|p2b: Gholdengo
|move|p1a: Volcarona|Quiver Dance|p1a: Volcarona
|-boost|p1a: Volcarona|spa|1
|-boost|p1a: Volcarona|spd|1
|-boost|p1a: Volcarona|spe|1
|move|p2a: Primarina|Hyper Voice|p1b: Sneasler|[spread] p1a,p1b
|-damage|p1a: Volcarona|79/100
|-damage|p1b: Sneasler|50/100
|-enditem|p2a: Primarina|Throat Spray
|-boost|p2a: Primarina|spa|1|[from] item: Throat Spray
|
|-heal|p1a: Volcarona|85/100|[from] item: Leftovers
|upkeep
|turn|2
|
|t:|1756414387
|move|p1a: Volcarona|Protect|p1a: Volcarona
|-singleturn|p1a: Volcarona|Protect
|move|p2b: Gholdengo|Protect|p2b: Gholdengo
|-singleturn|p2b: Gholdengo|Protect
|move|p2a: Primarina|Protect|p2a: Primarina
|-singleturn|p2a: Primarina|Protect
|move|p1b: Sneasler|Dire Claw|p2a: Primarina
|-activate|p2a: Primarina|move: Protect
|
|-heal|p1a: Volcarona|91/100|[from] item: Leftovers
|upkeep
|turn|3
|
|t:|1756414435
|switch|p2a: Volcarona|Volcarona, L50, F|100/100
|-terastallize|p2b: Gholdengo|Dragon
|move|p1a: Volcarona|Heat Wave|p2a: Volcarona|[spread] p2b
|-miss|p1a: Volcarona|p2a: Volcarona
|-resisted|p2b: Gholdengo
|-damage|p2b: Gholdengo|74/100
|move|p1b: Sneasler|Dire Claw|p2a: Volcarona
|-crit|p2a: Volcarona
|-damage|p2a: Volcarona|38/100
|-enditem|p2a: Volcarona|Sitrus Berry|[eat]
|-heal|p2a: Volcarona|63/100|[from] item: Sitrus Berry
|move|p2b: Gholdengo|Make It Rain|p1a: Volcarona|[spread] p1a,p1b
|-supereffective|p1a: Volcarona
|-damage|p1a: Volcarona|19/100
|-damage|p1b: Sneasler|0 fnt
|-unboost|p2b: Gholdengo|spa|1
|faint|p1b: Sneasler
|
|-heal|p1a: Volcarona|25/100|[from] item: Leftovers
|upkeep
|inactive|Battle timer is ON: inactive players will automatically lose when time's up. (requested by galgith)
|
|t:|1756414457
|switch|p1b: Electabuzz|Electabuzz, L50, F|100/100
|turn|4
|
|t:|1756414473
|switch|p2b: Primarina|Primarina, L50, F|100/100
|move|p1a: Volcarona|Tera Blast|p2b: Primarina|[anim] Tera Blast Fairy
|-damage|p2b: Primarina|52/100
|move|p1b: Electabuzz|Taunt|p2a: Volcarona
|-start|p2a: Volcarona|move: Taunt
|move|p2a: Volcarona|Struggle Bug|p1b: Electabuzz|[spread] p1a,p1b
|-resisted|p1a: Volcarona
|-damage|p1a: Volcarona|19/100
|-damage|p1b: Electabuzz|86/100
|-unboost|p1a: Volcarona|spa|1
|-unboost|p1b: Electabuzz|spa|1
|
|-heal|p1a: Volcarona|25/100|[from] item: Leftovers
|upkeep
|turn|5
|inactive|galgith has 30 seconds left.
|
|t:|1756414506
|move|p1a: Volcarona|Protect|p1a: Volcarona
|-singleturn|p1a: Volcarona|Protect
|move|p2b: Primarina|Protect|p2b: Primarina
|-singleturn|p2b: Primarina|Protect
|move|p1b: Electabuzz|Thunderbolt|p2b: Primarina
|-activate|p2b: Primarina|move: Protect
|move|p2a: Volcarona|Fiery Dance|p1a: Volcarona
|-activate|p1a: Volcarona|move: Protect
|
|-heal|p1a: Volcarona|32/100|[from] item: Leftovers
|upkeep
|turn|6
|inactive|Letmein191 has 30 seconds left.
|inactive|galgith has 30 seconds left.
|inactive|Letmein191 has 20 seconds left.
|inactive|Letmein191 has 15 seconds left.
|inactive|Letmein191 has 10 seconds left.
|
|t:|1756414553
|switch|p1a: Rillaboom|Rillaboom, L50, M|100/100
|-fieldstart|move: Grassy Terrain|[from] ability: Grassy Surge|[of] p1a: Rillaboom
|move|p1b: Electabuzz|Thunderbolt|p2b: Primarina
|-supereffective|p2b: Primarina
|-damage|p2b: Primarina|19/100
|move|p2a: Volcarona|Fiery Dance|p1a: Rillaboom
|-supereffective|p1a: Rillaboom
|-damage|p1a: Rillaboom|39/100
|-boost|p2a: Volcarona|spa|1
|move|p2b: Primarina|Hyper Voice|p1b: Electabuzz|[spread] p1a,p1b
|-resisted|p1a: Rillaboom
|-damage|p1a: Rillaboom|27/100
|-damage|p1b: Electabuzz|56/100
|
|-heal|p1b: Electabuzz|62/100|[from] Grassy Terrain
|-heal|p2a: Volcarona|69/100|[from] Grassy Terrain
|-heal|p1a: Rillaboom|33/100|[from] Grassy Terrain
|-heal|p2b: Primarina|25/100|[from] Grassy Terrain
|-end|p2a: Volcarona|move: Taunt
|upkeep
|turn|7
|-message|Letmein191 forfeited.
|
|win|galgith
|l|☆Letmein191
|player|p1|
|raw|Letmein191's rating: 1044 → 1030(-14 for losing)
|raw|galgith's rating: 1094 → 1116(+22 for winning)
