|j|☆AquariorVGC
|j|☆Mclovingods
|html|AquariorVGCMclovingods    
|uhtml|bestof|Game 2 of a best-of-3
|t:|1782687874
|gametype|doubles
|player|p1|AquariorVGC|mustard-master|1156
|player|p2|Mclovingods|266|1152
|gen|9
|tier|[Gen 9 Champions] VGC 2026 Reg M-B (Bo3)
|rated|
|rule|Species Clause: Limit one of each Pokémon
|rule|Item Clause: Limit 1 of each item
|clearpoke
|poke|p1|Sinistcha, L50, shiny|
|poke|p1|Incineroar, L50, M, shiny|
|poke|p1|Milotic, L50, M, shiny|
|poke|p1|Raichu, L50, F, shiny|
|poke|p1|Floette-Eternal, L50, F|
|poke|p1|Ceruledge, L50, M, shiny|
|poke|p2|Delphox, L50, F|
|poke|p2|Basculegion, L50, M|
|poke|p2|Sinistcha, L50|
|poke|p2|Incineroar, L50, M|
|poke|p2|Garchomp, L50, F|
|poke|p2|Staraptor, L50, F|
|teampreview|4
|showteam|p1|Sinistcha||KasibBerry|Hospitality|MatchaGotcha,RagePowder,LifeDew,Protect|Relaxed|||||50|]Incineroar||SitrusBerry|Intimidate|FakeOut,FlareBlitz,DarkestLariat,PartingShot|Impish||M|||50|]Milotic||Leftovers|Competitive|MuddyWater,Coil,Hypnosis,Protect|Calm||M|||50|]Raichu||RaichuniteY|LightningRod|FakeOut,ZapCannon,FocusBlast,Protect|Timid||F|||50|]Floette-Eternal||Floettite|FlowerVeil|DazzlingGleam,DrainingKiss,CalmMind,Protect|Timid||F|||50|]Ceruledge||ColburBerry|FlashFire|BitterBlade,ShadowSneak,BulkUp,Protect|Adamant||M|||50|
|showteam|p2|Delphox||Delphoxite|Blaze|NastyPlot,HeatWave,Psychic,Protect|Timid||F|||50|]Basculegion||MysticWater|Adaptability|WaveCrash,AquaJet,LastRespects,Protect|Jolly||M|||50|]Sinistcha||CobaBerry|Hospitality|MatchaGotcha,RagePowder,LifeDew,TrickRoom|Calm|||||50|]Incineroar||SitrusBerry|Intimidate|FakeOut,PartingShot,FlareBlitz,DarkestLariat|Careful||M|||50|]Garchomp||LifeOrb|RoughSkin|Earthquake,DragonClaw,RockSlide,Protect|Jolly||F|||50|]Staraptor||Staraptite|Intimidate|CloseCombat,BraveBird,Protect,Roost|Jolly||F|||50|
|inactive|Battle timer is ON: inactive players will automatically lose when time's up. (requested by AquariorVGC)
|
|t:|1782687890
|teamsize|p1|4
|teamsize|p2|4
|start
|switch|p1a: Milotic|Milotic, L50, M, shiny|100/100
|switch|p1b: Incineroar|Incineroar, L50, M, shiny|100/100
|switch|p2a: Staraptor|Staraptor, L50, F|100/100
|switch|p2b: Sinistcha|Sinistcha, L50|100/100
|-ability|p2a: Staraptor|Intimidate|boost
|-unboost|p1a: Milotic|atk|1
|-ability|p1a: Milotic|Competitive|boost
|-boost|p1a: Milotic|spa|2
|-unboost|p1b: Incineroar|atk|1
|-ability|p1b: Incineroar|Intimidate|boost
|-unboost|p2a: Staraptor|atk|1
|-unboost|p2b: Sinistcha|atk|1
|turn|1
|
|t:|1782687904
|switch|p2b: Garchomp|Garchomp, L50, F|100/100
|detailschange|p2a: Staraptor|Staraptor-Mega, L50, F
|-mega|p2a: Staraptor|Staraptor|Staraptite
|move|p2a: Staraptor|Protect|p2a: Staraptor
|-singleturn|p2a: Staraptor|Protect
|move|p1b: Incineroar|Fake Out|p2a: Staraptor
|-activate|p2a: Staraptor|move: Protect
|move|p1a: Milotic|Coil|p1a: Milotic
|-boost|p1a: Milotic|atk|1
|-boost|p1a: Milotic|def|1
|-boost|p1a: Milotic|accuracy|1
|
|upkeep
|turn|2
|
|t:|1782687918
|move|p1a: Milotic|Protect|p1a: Milotic
|-singleturn|p1a: Milotic|Protect
|move|p2a: Staraptor|Close Combat|p1a: Milotic
|-activate|p1a: Milotic|move: Protect
|move|p2b: Garchomp|Rock Slide|p1b: Incineroar|[spread] p1b
|-activate|p1a: Milotic|move: Protect
|-supereffective|p1b: Incineroar|1
|-damage|p1b: Incineroar|63/100
|-damage|p2b: Garchomp|90/100|[from] item: Life Orb
|move|p1b: Incineroar|Parting Shot|p2b: Garchomp
|-unboost|p2b: Garchomp|atk|1
|-unboost|p2b: Garchomp|spa|1
|
|t:|1782687939
|switch|p1b: Sinistcha|Sinistcha, L50, shiny|100/100|[from] Parting Shot
|
|upkeep
|turn|3
|
|t:|1782687947
|move|p1b: Sinistcha|Rage Powder|p1b: Sinistcha
|-singleturn|p1b: Sinistcha|move: Rage Powder
|move|p2a: Staraptor|Brave Bird|p1b: Sinistcha
|-supereffective|p1b: Sinistcha|1
|-damage|p1b: Sinistcha|28/100
|-damage|p2a: Staraptor|73/100|[from] Recoil
|move|p2b: Garchomp|Rock Slide|p1b: Sinistcha|[spread] p1a,p1b
|-damage|p1a: Milotic|89/100
|-damage|p1b: Sinistcha|12/100
|-damage|p2b: Garchomp|80/100|[from] item: Life Orb
|move|p1a: Milotic|Coil|p1a: Milotic
|-boost|p1a: Milotic|atk|1
|-boost|p1a: Milotic|def|1
|-boost|p1a: Milotic|accuracy|1
|
|-heal|p1a: Milotic|95/100|[from] item: Leftovers
|upkeep
|turn|4
|
|t:|1782687967
|move|p1b: Sinistcha|Protect|p1b: Sinistcha
|-singleturn|p1b: Sinistcha|Protect
|move|p2a: Staraptor|Close Combat|p1a: Milotic
|-damage|p1a: Milotic|77/100
|-boost|p2a: Staraptor|def|1
|-boost|p2a: Staraptor|spd|1
|move|p2b: Garchomp|Rock Slide|p1a: Milotic|[spread] p1a
|-activate|p1b: Sinistcha|move: Protect
|-damage|p1a: Milotic|69/100
|-damage|p2b: Garchomp|70/100|[from] item: Life Orb
|move|p1a: Milotic|Hypnosis|p2a: Staraptor
|-status|p2a: Staraptor|slp|[from] move: Hypnosis
|
|-heal|p1a: Milotic|75/100|[from] item: Leftovers
|upkeep
|turn|5
|
|t:|1782687988
|switch|p2b: Sinistcha|Sinistcha, L50|100/100
|-heal|p2a: Staraptor|98/100 slp|[from] ability: Hospitality|[of] p2b: Sinistcha
|switch|p1b: Raichu|Raichu, L50, F, shiny|100/100
|cant|p2a: Staraptor|slp
|move|p1a: Milotic|Muddy Water|p2a: Staraptor|[spread] p2a,p2b
|-resisted|p2b: Sinistcha|1
|-damage|p2a: Staraptor|63/100 slp
|-damage|p2b: Sinistcha|79/100
|-unboost|p2b: Sinistcha|accuracy|1
|
|-heal|p1a: Milotic|81/100|[from] item: Leftovers
|upkeep
|turn|6
|
|t:|1782687999
|-curestatus|p2a: Staraptor|slp|[msg]
|move|p2a: Staraptor|Protect|p2a: Staraptor
|-singleturn|p2a: Staraptor|Protect
|move|p1b: Raichu|Fake Out|p2a: Staraptor
|-activate|p2a: Staraptor|move: Protect
|move|p1a: Milotic|Hypnosis|p2b: Sinistcha
|-status|p2b: Sinistcha|slp|[from] move: Hypnosis
|cant|p2b: Sinistcha|slp
|
|-heal|p1a: Milotic|87/100|[from] item: Leftovers
|upkeep
|turn|7
|
|t:|1782688015
|detailschange|p1b: Raichu|Raichu-Mega-Y, L50, F, shiny
|-mega|p1b: Raichu|Raichu|Raichunite Y
|-curestatus|p2b: Sinistcha|slp|[msg]
|move|p2b: Sinistcha|Rage Powder|p2b: Sinistcha
|-singleturn|p2b: Sinistcha|move: Rage Powder
|move|p1b: Raichu|Zap Cannon|p2b: Sinistcha
|-resisted|p2b: Sinistcha|1
|-damage|p2b: Sinistcha|53/100
|-status|p2b: Sinistcha|par
|move|p2a: Staraptor|Close Combat|p1b: Raichu
|-damage|p1b: Raichu|38/100
|-boost|p2a: Staraptor|def|1
|-boost|p2a: Staraptor|spd|1
|move|p1a: Milotic|Muddy Water|p2b: Sinistcha|[spread] p2a,p2b
|-resisted|p2b: Sinistcha|1
|-damage|p2a: Staraptor|32/100
|-damage|p2b: Sinistcha|34/100 par
|-boost|p2a: Staraptor|accuracy|1
|-unboost|p2b: Sinistcha|accuracy|1
|
|-heal|p1a: Milotic|93/100|[from] item: Leftovers
|upkeep
|turn|8
|inactive|AquariorVGC has 30 seconds left.
|
|t:|1782688048
|move|p1b: Raichu|Zap Cannon|p2b: Sinistcha
|-resisted|p2b: Sinistcha|1
|-damage|p2b: Sinistcha|6/100 par
|move|p2a: Staraptor|Roost|p2a: Staraptor
|-heal|p2a: Staraptor|82/100
|-singleturn|p2a: Staraptor|move: Roost
|move|p1a: Milotic|Muddy Water|p2a: Staraptor|[spread] p2a,p2b
|-resisted|p2b: Sinistcha|1
|-damage|p2a: Staraptor|52/100
|-damage|p2b: Sinistcha|0 fnt
|faint|p2b: Sinistcha
|
|-heal|p1a: Milotic|99/100|[from] item: Leftovers
|upkeep
|
|t:|1782688061
|switch|p2b: Garchomp|Garchomp, L50, F|70/100
|turn|9
|
|t:|1782688074
|move|p1b: Raichu|Protect|p1b: Raichu
|-singleturn|p1b: Raichu|Protect
|move|p2a: Staraptor|Protect|p2a: Staraptor
|-singleturn|p2a: Staraptor|Protect
|move|p2b: Garchomp|Earthquake|p1a: Milotic|[spread] p1a
|-activate|p2a: Staraptor|move: Protect
|-activate|p1b: Raichu|move: Protect
|-damage|p1a: Milotic|79/100
|-damage|p2b: Garchomp|60/100|[from] item: Life Orb
|move|p1a: Milotic|Hypnosis|p2b: Garchomp
|-status|p2b: Garchomp|slp|[from] move: Hypnosis
|
|-heal|p1a: Milotic|85/100|[from] item: Leftovers
|upkeep
|turn|10
|
|t:|1782688085
|move|p1b: Raichu|Zap Cannon|p2a: Staraptor
|-supereffective|p2a: Staraptor|1
|-damage|p2a: Staraptor|0 fnt
|faint|p2a: Staraptor
|cant|p2b: Garchomp|slp
|move|p1a: Milotic|Muddy Water|p2b: Garchomp
|-damage|p2b: Garchomp|0 fnt
|faint|p2b: Garchomp
|
|-heal|p1a: Milotic|91/100|[from] item: Leftovers
|upkeep
|
|t:|1782688088
|switch|p2b: Basculegion|Basculegion, L50, M|100/100
|turn|11
|-message|Mclovingods forfeited.
|
|win|AquariorVGC
|raw|AquariorVGC's rating: 1156 → 1181(+25 for winning)
|raw|Mclovingods's rating: 1152 → 1127(-25 for losing)
|l|☆Mclovingods
|player|p2|
