|j|☆fl jdhsbsjksms2
|j|☆Ferran Tiburon
|html|fl jdhsbsjksms2Ferran Tiburon    
|uhtml|bestof|Game 3 of a best-of-3
|t:|1784558331
|gametype|doubles
|player|p1|fl jdhsbsjksms2|169|1159
|player|p2|Ferran Tiburon|2|1181
|gen|9
|tier|[Gen 9 Champions] VGC 2026 Reg M-B (Bo3)
|rated|
|rule|Species Clause: Limit one of each Pokémon
|rule|Item Clause: Limit 1 of each item
|clearpoke
|poke|p1|Charizard, L50, M|
|poke|p1|Garchomp, L50, F|
|poke|p1|Sneasler, L50, F|
|poke|p1|Rotom-Wash, L50|
|poke|p1|Kingambit, L50, M|
|poke|p1|Sylveon, L50, M|
|poke|p2|Charizard, L50, F|
|poke|p2|Grimmsnarl, L50, M|
|poke|p2|Pelipper, L50, M|
|poke|p2|Archaludon, L50, F|
|poke|p2|Basculegion, L50, M|
|poke|p2|Venusaur, L50, M|
|teampreview|4
|showteam|p1|Charizard||CharizarditeY|SolarPower|HeatWave,WeatherBall,SolarBeam,Protect|Timid||M|||50|]Garchomp||ChoiceScarf|RoughSkin|DragonClaw,RockSlide,StompingTantrum,Earthquake|Adamant||F|||50|]Sneasler||WhiteHerb|Unburden|FakeOut,DireClaw,CloseCombat,QuickGuard|Adamant||F|||50|]Rotom-Wash||SitrusBerry|Levitate|WillOWisp,HydroPump,Electroweb,Protect|Relaxed|||||50|]Kingambit||BlackGlasses|Defiant|KowtowCleave,SuckerPunch,Protect,LowKick|Relaxed||M|||50|]Sylveon||FairyFeather|Pixilate|Protect,QuickAttack,HyperVoice,HyperBeam|Quiet||M|||50|
|showteam|p2|Charizard||CharizarditeY|Blaze|Protect,HeatWave,WeatherBall,SolarBeam|Modest||F|||50|]Grimmsnarl||LightClay|Prankster|SpiritBreak,Reflect,LightScreen,PartingShot|Sassy||M|||50|]Pelipper||SitrusBerry|Drizzle|Hurricane,WeatherBall,Tailwind,WideGuard|Modest||M|||50|]Archaludon||Leftovers|Stamina|Protect,ElectroShot,DragonPulse,FlashCannon|Calm||F|||50|]Basculegion||ChoiceScarf|Adaptability|FlipTurn,WaveCrash,AquaJet,LastRespects|Jolly||M|||50|]Venusaur||FocusSash|Chlorophyll|Protect,SleepPowder,SludgeBomb,EarthPower|Modest||M|||50|
|inactive|Battle timer is ON: inactive players will automatically lose when time's up. (requested by Ferran Tiburon)
|inactive|Ferran Tiburon has 60 seconds left.
|
|t:|1784558378
|teamsize|p1|4
|teamsize|p2|4
|start
|switch|p1a: Sneasler|Sneasler, L50, F|100/100
|switch|p1b: Sylveon|Sylveon, L50, M|100/100
|switch|p2a: Charizard|Charizard, L50, F|100/100
|switch|p2b: Venusaur|Venusaur, L50, M|100/100
|turn|1
|inactive|fl jdhsbsjksms2 has 30 seconds left.
|inactive|fl jdhsbsjksms2 has 20 seconds left.
|inactive|fl jdhsbsjksms2 has 15 seconds left.
|inactive|fl jdhsbsjksms2 has 10 seconds left.
|inactive|fl jdhsbsjksms2 has 5 seconds left.
|
|t:|1784558428
|switch|p1b: Garchomp|Garchomp, L50, F|100/100
|move|p2b: Venusaur|Protect|p2b: Venusaur
|-singleturn|p2b: Venusaur|Protect
|move|p2a: Charizard|Protect|p2a: Charizard
|-singleturn|p2a: Charizard|Protect
|move|p1a: Sneasler|Fake Out|p2b: Venusaur
|-activate|p2b: Venusaur|move: Protect
|
|upkeep
|turn|2
|
|t:|1784558441
|detailschange|p2a: Charizard|Charizard-Mega-Y, L50, F
|-mega|p2a: Charizard|Charizard|Charizardite Y
|-weather|SunnyDay|[from] ability: Drought|[of] p2a: Charizard
|move|p2b: Venusaur|Sleep Powder|p1b: Garchomp
|-status|p1b: Garchomp|slp|[from] move: Sleep Powder
|cant|p1b: Garchomp|slp
|move|p1a: Sneasler|Close Combat|p2b: Venusaur
|-resisted|p2b: Venusaur|1
|-damage|p2b: Venusaur|56/100
|-unboost|p1a: Sneasler|def|1
|-unboost|p1a: Sneasler|spd|1
|-enditem|p1a: Sneasler|White Herb
|-clearnegativeboost|p1a: Sneasler|[silent]
|move|p2a: Charizard|Weather Ball|p1a: Sneasler
|-damage|p1a: Sneasler|9/100
|
|-weather|SunnyDay|[upkeep]
|upkeep
|turn|3
|inactive|fl jdhsbsjksms2 has 30 seconds left.
|
|t:|1784558467
|move|p1a: Sneasler|Dire Claw|p2a: Charizard
|-damage|p2a: Charizard|58/100
|move|p2b: Venusaur|Earth Power|p1b: Garchomp
|-damage|p1b: Garchomp|69/100 slp
|cant|p1b: Garchomp|slp
|move|p2a: Charizard|Heat Wave|p1a: Sneasler|[spread] p1a,p1b
|-resisted|p1b: Garchomp|1
|-damage|p1a: Sneasler|0 fnt
|-damage|p1b: Garchomp|36/100 slp
|faint|p1a: Sneasler
|
|-weather|SunnyDay|[upkeep]
|upkeep
|
|t:|1784558483
|switch|p1a: Charizard|Charizard, L50, M|100/100
|turn|4
|
|t:|1784558499
|detailschange|p1a: Charizard|Charizard-Mega-Y, L50, M
|-mega|p1a: Charizard|Charizard|Charizardite Y
|move|p1a: Charizard|Protect|p1a: Charizard
|-singleturn|p1a: Charizard|Protect
|move|p2a: Charizard|Protect|p2a: Charizard
|-singleturn|p2a: Charizard|Protect
|move|p2b: Venusaur|Earth Power|p1b: Garchomp
|-damage|p1b: Garchomp|6/100 slp
|-curestatus|p1b: Garchomp|slp|[msg]
|move|p1b: Garchomp|Rock Slide|p2b: Venusaur|[spread] p2b
|-activate|p2a: Charizard|move: Protect
|-damage|p2b: Venusaur|28/100
|
|-weather|SunnyDay|[upkeep]
|upkeep
|turn|5
|
|t:|1784558520
|switch|p1b: Sylveon|Sylveon, L50, M|100/100
|move|p2b: Venusaur|Earth Power|p1b: Sylveon
|-crit|p1b: Sylveon
|-damage|p1b: Sylveon|67/100
|move|p1a: Charizard|Heat Wave|p2a: Charizard|[spread] p2a,p2b
|-resisted|p2a: Charizard|1
|-supereffective|p2b: Venusaur|1
|-damage|p2a: Charizard|32/100
|-damage|p2b: Venusaur|0 fnt
|faint|p2b: Venusaur
|move|p2a: Charizard|Weather Ball|p1a: Charizard
|-resisted|p1a: Charizard|1
|-damage|p1a: Charizard|59/100
|
|-weather|SunnyDay|[upkeep]
|upkeep
|
|t:|1784558541
|switch|p2b: Basculegion|Basculegion, L50, M|100/100
|turn|6
|inactive|Ferran Tiburon has 30 seconds left.
|inactive|fl jdhsbsjksms2 has 30 seconds left.
|inactive|Ferran Tiburon has 20 seconds left.
|
|t:|1784558590
|move|p2b: Basculegion|Last Respects|p1a: Charizard
|-damage|p1a: Charizard|0 fnt
|faint|p1a: Charizard
|move|p2a: Charizard|Weather Ball|p1b: Sylveon
|-damage|p1b: Sylveon|12/100
|move|p1b: Sylveon|Hyper Beam|p2b: Basculegion
|-damage|p2b: Basculegion|0 fnt
|-mustrecharge|p1b: Sylveon
|faint|p2b: Basculegion
|
|-weather|none
|upkeep
|
|t:|1784558601
|switch|p1a: Garchomp|Garchomp, L50, F|6/100
|switch|p2b: Pelipper|Pelipper, L50, M|100/100
|-weather|RainDance|[from] ability: Drizzle|[of] p2b: Pelipper
|turn|7
|
|t:|1784558622
|move|p2a: Charizard|Protect|p2a: Charizard
|-singleturn|p2a: Charizard|Protect
|move|p1a: Garchomp|Rock Slide|p2a: Charizard|[spread] p2b
|-activate|p2a: Charizard|move: Protect
|-supereffective|p2b: Pelipper|1
|-damage|p2b: Pelipper|54/100
|cant|p2b: Pelipper|flinch
|cant|p1b: Sylveon|recharge
|
|-weather|RainDance|[upkeep]
|upkeep
|turn|8
|inactive|fl jdhsbsjksms2 has 30 seconds left.
|
|t:|1784558654
|move|p2b: Pelipper|Wide Guard|p2b: Pelipper
|-singleturn|p2b: Pelipper|Wide Guard
|move|p1a: Garchomp|Rock Slide|p2a: Charizard|[spread] 
|-activate|p2a: Charizard|move: Wide Guard
|-activate|p2b: Pelipper|move: Wide Guard
|move|p2a: Charizard|Weather Ball|p1a: Garchomp
|-crit|p1a: Garchomp
|-damage|p1a: Garchomp|0 fnt
|faint|p1a: Garchomp
|move|p1b: Sylveon|Hyper Beam|p2b: Pelipper
|-damage|p2b: Pelipper|0 fnt
|-mustrecharge|p1b: Sylveon
|faint|p2b: Pelipper
|
|-weather|RainDance|[upkeep]
|upkeep
|turn|9
|-message|fl jdhsbsjksms2 forfeited.
|
|win|Ferran Tiburon
|raw|fl jdhsbsjksms2's rating: 1159 → 1136(-23 for losing)
|raw|Ferran Tiburon's rating: 1181 → 1204(+23 for winning)
|l|☆fl jdhsbsjksms2
|player|p1|
