|j|☆aceccam56
|j|☆snailboss
|html|aceccam56snailboss    
|uhtml|bestof|Game 1 of a best-of-3
|t:|1756506730
|gametype|doubles
|player|p1|aceccam56|2|1085
|player|p2|snailboss|169|1163
|gen|9
|tier|[Gen 9] VGC 2025 Reg H (Bo3)
|rated|
|rule|Species Clause: Limit one of each Pokémon
|rule|Item Clause: Limit 1 of each item
|clearpoke
|poke|p1|Dragapult, L50, F|
|poke|p1|Garchomp, L50, M|
|poke|p1|Grimmsnarl, L50, M|
|poke|p1|Gholdengo, L50|
|poke|p1|Rillaboom, L50, M|
|poke|p1|Sneasler, L50, F|
|poke|p2|Tyranitar, L50, M|
|poke|p2|Excadrill, L50, F|
|poke|p2|Indeedee-F, L50, F|
|poke|p2|Zoroark-Hisui, L50, M|
|poke|p2|Corviknight, L50, F|
|poke|p2|Amoonguss, L50, F|
|teampreview|4
|showteam|p1|Dragapult||ChoiceBand|ClearBody|DragonDarts,SuckerPunch,TeraBlast,Uturn|||F|||50|,,,,,Stellar]Garchomp||KingsRock|RoughSkin|RockSlide,DragonClaw,Protect,StompingTantrum|||M|||50|,,,,,Steel]Grimmsnarl||LightClay|Prankster|LightScreen,Reflect,ThunderWave,SpiritBreak|||M|||50|,,,,,Steel]Gholdengo||Leftovers|GoodasGold|MakeItRain,DazzlingGleam,Psychic,Protect||||||50|,,,,,Steel]Rillaboom||AssaultVest|GrassySurge|GrassyGlide,WoodHammer,Uturn,FakeOut|||M|||50|,,,,,Grass]Sneasler||FocusSash|Unburden|DireClaw,CloseCombat,Protect,ThroatChop|||F|||50|,,,,,Fighting
|showteam|p2|Tyranitar||AssaultVest|SandStream|RockSlide,KnockOff,LowKick,TeraBlast|||M|||50|,,,,,Flying]Excadrill||FocusSash|SandRush|IronHead,Protect,SwordsDance,Earthquake|||F|||50|,,,,,Ground]Indeedee-F||SafetyGoggles|PsychicSurge|TrickRoom,FollowMe,Psychic,HelpingHand|||F|||50|,,,,,Fairy]Zoroark-Hisui||ChoiceSpecs|Illusion|HyperVoice,ShadowBall,HyperBeam,Flamethrower|||M|||50|,,,,,Normal]Corviknight||PsychicSeed|MirrorArmor|BraveBird,PowerTrip,BulkUp,Roost|||F|||50|,,,,,Dragon]Amoonguss||SitrusBerry|Regenerator|Spore,Protect,RagePowder,ClearSmog|||F|||50|,,,,,Grass
|
|t:|1756506761
|teamsize|p1|4
|teamsize|p2|4
|start
|switch|p1a: Garchomp|Garchomp, L50, M|100/100
|switch|p1b: Grimmsnarl|Grimmsnarl, L50, M|100/100
|switch|p2a: Tyranitar|Tyranitar, L50, M|100/100
|switch|p2b: Excadrill|Excadrill, L50, F|100/100
|-weather|Sandstorm|[from] ability: Sand Stream|[of] p2a: Tyranitar
|turn|1
|
|t:|1756506796
|-terastallize|p2a: Tyranitar|Flying
|move|p1b: Grimmsnarl|Reflect|p1b: Grimmsnarl
|-sidestart|p1: aceccam56|Reflect
|move|p2b: Excadrill|Iron Head|p1b: Grimmsnarl
|-supereffective|p1b: Grimmsnarl
|-damage|p1b: Grimmsnarl|23/100
|move|p1a: Garchomp|Stomping Tantrum|p2b: Excadrill
|-supereffective|p2b: Excadrill
|-enditem|p2b: Excadrill|Focus Sash
|-damage|p2b: Excadrill|1/100
|move|p2a: Tyranitar|Knock Off|p1a: Garchomp
|-damage|p1a: Garchomp|61/100
|-damage|p2a: Tyranitar|88/100|[from] ability: Rough Skin|[of] p1a: Garchomp
|-enditem|p1a: Garchomp|King's Rock|[from] move: Knock Off|[of] p2a: Tyranitar
|
|-weather|Sandstorm|[upkeep]
|-damage|p2a: Tyranitar|83/100|[from] Sandstorm
|-damage|p1b: Grimmsnarl|17/100|[from] Sandstorm
|upkeep
|turn|2
|
|t:|1756506816
|switch|p2b: Corviknight|Corviknight, L50, F|100/100
|move|p1b: Grimmsnarl|Thunder Wave|p2a: Tyranitar
|-status|p2a: Tyranitar|par
|move|p1a: Garchomp|Rock Slide|p2a: Tyranitar|[spread] p2a,p2b
|-supereffective|p2a: Tyranitar
|-damage|p2a: Tyranitar|50/100 par
|-damage|p2b: Corviknight|85/100
|cant|p2a: Tyranitar|flinch
|
|-weather|Sandstorm|[upkeep]
|-damage|p1b: Grimmsnarl|11/100|[from] Sandstorm
|-damage|p2a: Tyranitar|44/100 par|[from] Sandstorm
|upkeep
|turn|3
|
|t:|1756506853
|switch|p1b: Gholdengo|Gholdengo, L50|100/100
|switch|p2a: Indeedee|Indeedee-F, L50, F|100/100
|-fieldstart|move: Psychic Terrain|[from] ability: Psychic Surge|[of] p2a: Indeedee
|-enditem|p2b: Corviknight|Psychic Seed
|-boost|p2b: Corviknight|spd|1|[from] item: Psychic Seed
|move|p1a: Garchomp|Rock Slide|p2a: Indeedee|[spread] p2a,p2b
|-damage|p2a: Indeedee|81/100
|-damage|p2b: Corviknight|70/100
|cant|p2b: Corviknight|flinch
|
|-weather|Sandstorm|[upkeep]
|upkeep
|turn|4
|
|t:|1756506876
|-terastallize|p1b: Gholdengo|Steel
|move|p1a: Garchomp|Stomping Tantrum|p2a: Indeedee
|-damage|p2a: Indeedee|45/100
|move|p1b: Gholdengo|Make It Rain|p2b: Corviknight|[spread] p2a,p2b
|-resisted|p2b: Corviknight
|-damage|p2a: Indeedee|0 fnt
|-damage|p2b: Corviknight|53/100
|-unboost|p1b: Gholdengo|spa|1
|faint|p2a: Indeedee
|move|p2b: Corviknight|Bulk Up|p2b: Corviknight
|-boost|p2b: Corviknight|atk|1
|-boost|p2b: Corviknight|def|1
|
|-weather|Sandstorm|[upkeep]
|upkeep
|
|t:|1756506887
|switch|p2a: Excadrill|Excadrill, L50, F|1/100
|turn|5
|
|t:|1756506895
|move|p2a: Excadrill|Protect|p2a: Excadrill
|-singleturn|p2a: Excadrill|Protect
|move|p1a: Garchomp|Rock Slide|p2b: Corviknight|[spread] p2b
|-activate|p2a: Excadrill|move: Protect
|-damage|p2b: Corviknight|44/100
|move|p1b: Gholdengo|Make It Rain|p2a: Excadrill|[spread] p2b
|-activate|p2a: Excadrill|move: Protect
|-resisted|p2b: Corviknight
|-damage|p2b: Corviknight|31/100
|-unboost|p1b: Gholdengo|spa|1
|move|p2b: Corviknight|Bulk Up|p2b: Corviknight
|-boost|p2b: Corviknight|atk|1
|-boost|p2b: Corviknight|def|1
|
|-weather|none
|upkeep
|turn|6
|
|t:|1756506941
|switch|p2a: Tyranitar|Tyranitar, L50, M, tera:Flying|44/100 par
|-weather|Sandstorm|[from] ability: Sand Stream|[of] p2a: Tyranitar
|move|p1a: Garchomp|Rock Slide|p2a: Tyranitar|[spread] p2a,p2b
|-supereffective|p2a: Tyranitar
|-damage|p2a: Tyranitar|8/100 par
|-damage|p2b: Corviknight|22/100
|move|p1b: Gholdengo|Make It Rain|p2a: Tyranitar|[spread] p2a,p2b
|-resisted|p2b: Corviknight
|-damage|p2a: Tyranitar|0 fnt
|-damage|p2b: Corviknight|13/100
|-unboost|p1b: Gholdengo|spa|1
|faint|p2a: Tyranitar
|move|p2b: Corviknight|Roost|p2b: Corviknight
|-heal|p2b: Corviknight|63/100
|-singleturn|p2b: Corviknight|move: Roost
|
|-weather|Sandstorm|[upkeep]
|upkeep
|
|t:|1756506956
|switch|p2a: Excadrill|Excadrill, L50, F|1/100
|turn|7
|
|t:|1756506981
|move|p1b: Gholdengo|Protect|p1b: Gholdengo
|-singleturn|p1b: Gholdengo|Protect
|move|p2a: Excadrill|Earthquake|p1b: Gholdengo|[spread] p1a
|-activate|p1b: Gholdengo|move: Protect
|-immune|p2b: Corviknight
|-damage|p1a: Garchomp|33/100
|move|p1a: Garchomp|Rock Slide|p2a: Excadrill|[spread] p2a,p2b
|-resisted|p2a: Excadrill
|-damage|p2a: Excadrill|0 fnt
|-damage|p2b: Corviknight|56/100
|faint|p2a: Excadrill
|move|p2b: Corviknight|Power Trip|p1b: Gholdengo
|-activate|p1b: Gholdengo|move: Protect
|
|-weather|Sandstorm|[upkeep]
|-fieldend|move: Psychic Terrain
|upkeep
|turn|8
|
|t:|1756507004
|switch|p1a: Grimmsnarl|Grimmsnarl, L50, M|11/100
|switch|p1b: Sneasler|Sneasler, L50, F|100/100
|move|p2b: Corviknight|Roost|p2b: Corviknight
|-heal|p2b: Corviknight|100/100
|-singleturn|p2b: Corviknight|move: Roost
|
|-weather|Sandstorm|[upkeep]
|-damage|p1b: Sneasler|95/100|[from] Sandstorm
|-damage|p1a: Grimmsnarl|5/100|[from] Sandstorm
|-sideend|p1: aceccam56|Reflect
|upkeep
|turn|9
|
|t:|1756507058
|move|p1a: Grimmsnarl|Thunder Wave|p2b: Corviknight
|-status|p2b: Corviknight|par
|move|p1b: Sneasler|Close Combat|p2b: Corviknight
|-damage|p2b: Corviknight|73/100 par
|-unboost|p1b: Sneasler|def|1
|-unboost|p1b: Sneasler|spd|1
|cant|p2b: Corviknight|par
|
|-weather|Sandstorm|[upkeep]
|-damage|p1b: Sneasler|89/100|[from] Sandstorm
|-damage|p1a: Grimmsnarl|0 fnt|[from] Sandstorm
|faint|p1a: Grimmsnarl
|upkeep
|
|t:|1756507072
|switch|p1a: Gholdengo|Gholdengo, L50, tera:Steel|100/100
|turn|10
|
|t:|1756507080
|move|p1b: Sneasler|Close Combat|p2b: Corviknight
|-crit|p2b: Corviknight
|-damage|p2b: Corviknight|0 fnt
|-unboost|p1b: Sneasler|def|1
|-unboost|p1b: Sneasler|spd|1
|faint|p2b: Corviknight
|
|win|aceccam56
||aceccam56 is ready for game 2.
