|j|ŌśåPuniHina
|j|Ōśåddx9000
|html|PuniHinaddx9000    
|uhtml|bestof|Game 2 of a best-of-3
|t:|1755147823
|gametype|doubles
|player|p1|PuniHina|lacey|1216
|player|p2|ddx9000|170|1315
|gen|9
|tier|[Gen 9] VGC 2025 Reg H (Bo3)
|rated|
|rule|Species Clause: Limit one of each Pok├®mon
|rule|Item Clause: Limit 1 of each item
|clearpoke
|poke|p1|Kingambit, L50, F|
|poke|p1|Volcarona, L50, M|
|poke|p1|Sneasler, L50, F|
|poke|p1|Rillaboom, L50, F|
|poke|p1|Clefable, L50, F|
|poke|p1|Dragonite, L50, M|
|poke|p2|Incineroar, L50, F|
|poke|p2|Porygon2, L50|
|poke|p2|Ursaluna, L50, M|
|poke|p2|Flamigo, L50, M|
|poke|p2|Gholdengo, L50|
|poke|p2|Amoonguss, L50, F|
|teampreview|4
|showteam|p1|Kingambit||BlackGlasses|Defiant|KowtowCleave,SuckerPunch,Protect,SwordsDance|||F|||50|,,,,,Dark]Volcarona||CovertCloak|FlameBody|StruggleBug,FieryDance,Tailwind,RagePowder|||M|||50|,,,,,Psychic]Sneasler||FocusSash|Unburden|DireClaw,CloseCombat,Taunt,Coaching|||F|||50|,,,,,Ghost]Rillaboom||AssaultVest|GrassySurge|WoodHammer,GrassyGlide,FakeOut,HighHorsepower|||F|||50|,,,,,Fire]Clefable||SafetyGoggles|Unaware|Moonblast,FollowMe,Protect,HelpingHand|||F|||50|,,,,,Poison]Dragonite||LoadedDice|Multiscale|ScaleShot,Tailwind,Protect,Haze|||M|||50|,,,,,Fairy
|showteam|p2|Incineroar||SafetyGoggles|Intimidate|FakeOut,PartingShot,FlareBlitz,KnockOff|||F|||50|,,,,,Ghost]Porygon2||Eviolite|Download|TeraBlast,IceBeam,Recover,TrickRoom||||||50|,,,,,Fighting]Ursaluna||FlameOrb|Guts|Protect,HeadlongRush,Earthquake,Facade|||M|||50|,,,,,Poison]Flamigo||FocusSash|Scrappy|WideGuard,Protect,CloseCombat,DualWingbeat|||M|||50|,,,,,Ghost]Gholdengo||MetalCoat|GoodasGold|Protect,NastyPlot,MakeItRain,ShadowBall||||||50|,,,,,Water]Amoonguss||SitrusBerry|Regenerator|Spore,ClearSmog,RagePowder,PollenPuff|||F|||50|,,,,,Water
|
|t:|1755147844
|teamsize|p1|4
|teamsize|p2|4
|start
|switch|p1a: Kingambit|Kingambit, L50, F|100/100
|switch|p1b: ŌØż’ĖÄLeahŌØż’ĖÄ|Sneasler, L50, F|100/100
|switch|p2a: Porygon2|Porygon2, L50|100/100
|switch|p2b: Ursaluna|Ursaluna, L50, M|100/100
|-ability|p2a: Porygon2|Download|boost
|-boost|p2a: Porygon2|spa|1
|turn|1
|
|t:|1755147888
|switch|p2a: Amoonguss|Amoonguss, L50, F, shiny|100/100
|-terastallize|p2b: Ursaluna|Poison
|move|p1b: ŌØż’ĖÄLeahŌØż’ĖÄ|Close Combat|p2b: Ursaluna
|-resisted|p2b: Ursaluna
|-damage|p2b: Ursaluna|78/100
|-unboost|p1b: ŌØż’ĖÄLeahŌØż’ĖÄ|def|1
|-unboost|p1b: ŌØż’ĖÄLeahŌØż’ĖÄ|spd|1
|move|p1a: Kingambit|Swords Dance|p1a: Kingambit
|-boost|p1a: Kingambit|atk|2
|move|p2b: Ursaluna|Earthquake|p1a: Kingambit|[spread] p2a,p1a,p1b
|-supereffective|p1a: Kingambit
|-supereffective|p1b: ŌØż’ĖÄLeahŌØż’ĖÄ
|-damage|p2a: Amoonguss|65/100
|-damage|p1a: Kingambit|36/100
|-enditem|p1b: ŌØż’ĖÄLeahŌØż’ĖÄ|Focus Sash
|-damage|p1b: ŌØż’ĖÄLeahŌØż’ĖÄ|1/100
|
|-status|p2b: Ursaluna|brn|[from] item: Flame Orb
|upkeep
|turn|2
|
|t:|1755147924
|switch|p2b: Flamigo|Flamigo, L50, M|100/100
|move|p1a: Kingambit|Protect|p1a: Kingambit
|-singleturn|p1a: Kingambit|Protect
|move|p1b: ŌØż’ĖÄLeahŌØż’ĖÄ|Dire Claw|p2a: Amoonguss
|-damage|p2a: Amoonguss|26/100
|-status|p2a: Amoonguss|par
|-enditem|p2a: Amoonguss|Sitrus Berry|[eat]
|-heal|p2a: Amoonguss|51/100 par|[from] item: Sitrus Berry
|move|p2a: Amoonguss|Pollen Puff|p1b: ŌØż’ĖÄLeahŌØż’ĖÄ
|-resisted|p1b: ŌØż’ĖÄLeahŌØż’ĖÄ
|-damage|p1b: ŌØż’ĖÄLeahŌØż’ĖÄ|0 fnt
|faint|p1b: ŌØż’ĖÄLeahŌØż’ĖÄ
|
|upkeep
|
|t:|1755147936
|switch|p1b: Clefable|Clefable, L50, F|100/100
|turn|3
|
|t:|1755147961
|move|p1b: Clefable|Follow Me|p1b: Clefable
|-singleturn|p1b: Clefable|move: Follow Me
|cant|p2a: Amoonguss|par
|move|p2b: Flamigo|Dual Wingbeat|p1b: Clefable|[miss]
|-miss|p2b: Flamigo|p1b: Clefable
|move|p1a: Kingambit|Kowtow Cleave|p2b: Flamigo
|-resisted|p2b: Flamigo
|-crit|p2b: Flamigo
|-enditem|p2b: Flamigo|Focus Sash
|-damage|p2b: Flamigo|1/100
|
|upkeep
|turn|4
|
|t:|1755147971
|switch|p2a: Porygon2|Porygon2, L50|100/100
|-ability|p2a: Porygon2|Download|boost
|-boost|p2a: Porygon2|spa|1
|move|p2b: Flamigo|Protect|p2b: Flamigo
|-singleturn|p2b: Flamigo|Protect
|move|p1a: Kingambit|Protect|p1a: Kingambit
|-singleturn|p1a: Kingambit|Protect
|move|p1b: Clefable|Moonblast|p2b: Flamigo
|-activate|p2b: Flamigo|move: Protect
|
|upkeep
|turn|5
|
|t:|1755147988
|-terastallize|p1a: Kingambit|Dark
|move|p1b: Clefable|Follow Me|p1b: Clefable
|-singleturn|p1b: Clefable|move: Follow Me
|move|p2b: Flamigo|Close Combat|p1b: Clefable
|-resisted|p1b: Clefable
|-damage|p1b: Clefable|75/100
|-unboost|p2b: Flamigo|def|1
|-unboost|p2b: Flamigo|spd|1
|move|p1a: Kingambit|Kowtow Cleave|p2a: Porygon2
|-damage|p2a: Porygon2|10/100
|move|p2a: Porygon2|Trick Room|p2a: Porygon2
|-fieldstart|move: Trick Room|[of] p2a: Porygon2
|
|upkeep
|turn|6
|
|t:|1755148027
|move|p1b: Clefable|Follow Me|p1b: Clefable
|-singleturn|p1b: Clefable|move: Follow Me
|move|p2a: Porygon2|Recover|p2a: Porygon2
|-heal|p2a: Porygon2|60/100
|move|p1a: Kingambit|Kowtow Cleave|p2a: Porygon2
|-damage|p2a: Porygon2|0 fnt
|faint|p2a: Porygon2
|move|p2b: Flamigo|Close Combat|p1b: Clefable
|-resisted|p1b: Clefable
|-crit|p1b: Clefable
|-damage|p1b: Clefable|40/100
|-unboost|p2b: Flamigo|def|1
|-unboost|p2b: Flamigo|spd|1
|
|upkeep
|
|t:|1755148035
|switch|p2a: Ursaluna|Ursaluna, L50, M, tera:Poison|78/100 brn
|turn|7
|
|t:|1755148040
|switch|p2b: Amoonguss|Amoonguss, L50, F, shiny|84/100 par
|move|p2a: Ursaluna|Protect|p2a: Ursaluna
|-singleturn|p2a: Ursaluna|Protect
|move|p1a: Kingambit|Sucker Punch||[still]
|-fail|p1a: Kingambit
|move|p1b: Clefable|Moonblast|p2b: Amoonguss
|-resisted|p2b: Amoonguss
|-damage|p2b: Amoonguss|69/100 par
|
|-damage|p2a: Ursaluna|72/100 brn|[from] brn
|upkeep
|turn|8
|
|t:|1755148052
|switch|p1b: Rillaboom|Rillaboom, L50, F|100/100
|-fieldstart|move: Grassy Terrain|[from] ability: Grassy Surge|[of] p1b: Rillaboom
|move|p1a: Kingambit|Protect|p1a: Kingambit
|-singleturn|p1a: Kingambit|Protect
|move|p2b: Amoonguss|Rage Powder|p2b: Amoonguss
|-singleturn|p2b: Amoonguss|move: Rage Powder
|move|p2a: Ursaluna|Earthquake|p1b: Rillaboom|[spread] p2b,p1b
|-activate|p1a: Kingambit|move: Protect
|-resisted|p1b: Rillaboom
|-damage|p2b: Amoonguss|43/100 par
|-damage|p1b: Rillaboom|84/100
|
|-heal|p2b: Amoonguss|49/100 par|[from] Grassy Terrain
|-heal|p2a: Ursaluna|78/100 brn|[from] Grassy Terrain
|-heal|p1a: Kingambit|42/100|[from] Grassy Terrain
|-heal|p1b: Rillaboom|90/100|[from] Grassy Terrain
|-damage|p2a: Ursaluna|72/100 brn|[from] brn
|upkeep
|turn|9
|
|t:|1755148065
|move|p1b: Rillaboom|Fake Out|p2b: Amoonguss
|-damage|p2b: Amoonguss|39/100 par
|move|p1a: Kingambit|Sucker Punch|p2a: Ursaluna
|-damage|p2a: Ursaluna|0 fnt
|faint|p2a: Ursaluna
|cant|p2b: Amoonguss|flinch
|
|-heal|p2b: Amoonguss|45/100 par|[from] Grassy Terrain
|-heal|p1a: Kingambit|47/100|[from] Grassy Terrain
|-heal|p1b: Rillaboom|96/100|[from] Grassy Terrain
|-fieldend|move: Trick Room
|upkeep
|
|t:|1755148067
|switch|p2a: Flamigo|Flamigo, L50, M|1/100
|turn|10
|-message|ddx9000 forfeited.
|
|win|PuniHina
|raw|PuniHina's rating: 1216 → 1248(+32 for winning)
|raw|ddx9000's rating: 1315 → 1289(-26 for losing)
|l|Ōśåddx9000
|player|p2|
