|j|☆SkyLight0
|j|☆AbadanRiyi92
|html|SkyLight0AbadanRiyi92    
|uhtml|bestof|Game 1 of a best-of-3
|t:|1785336700
|gametype|doubles
|player|p1|SkyLight0|265|1178
|player|p2|AbadanRiyi92|colress|1121
|gen|9
|tier|[Gen 9 Champions] VGC 2026 Reg M-B (Bo3)
|rated|
|rule|Species Clause: Limit one of each Pokémon
|rule|Item Clause: Limit 1 of each item
|clearpoke
|poke|p1|Charizard, L50, F|
|poke|p1|Glimmora, L50, F|
|poke|p1|Zoroark-Hisui, L50, M|
|poke|p1|Ninetales-Alola, L50, F|
|poke|p1|Maushold-Four, L50|
|poke|p1|Whimsicott, L50, F|
|poke|p2|Gengar, L50, M, shiny|
|poke|p2|Maushold-Four, L50|
|poke|p2|Annihilape, L50, F|
|poke|p2|Incineroar, L50, F|
|poke|p2|Politoed, L50, M, shiny|
|poke|p2|Archaludon, L50, M|
|teampreview|4
|showteam|p1|Charizard||CharizarditeY|Blaze|HeatWave,WeatherBall,SolarBeam,Protect|Timid||F|||50|]Glimmora||Glimmoranite|ToxicDebris|PowerGem,SludgeBomb,EarthPower,SpikyShield|Timid||F|||50|]Zoroark-Hisui||ChoiceScarf|Illusion|BitterMalice,IcyWind,FakeTears,Taunt|Timid||M|||50|]Ninetales-Alola||NeverMeltIce|SnowWarning|Blizzard,FreezeDry,Disable,Protect|Timid||F|||50|]Maushold-Four||WideLens|Technician|PopulationBomb,FollowMe,Encore,Protect|Jolly|||||50|]Whimsicott||FocusSash|Prankster|Moonblast,Tailwind,Endeavor,Protect|Timid||F|||50|
|showteam|p2|Gengar||Gengarite|CursedBody|ShadowBall,Disable,PerishSong,Protect|Timid||M|||50|]Maushold-Four||FocusSash|FriendGuard|FollowMe,Encore,BeatUp,Protect|Jolly|||||50|]Annihilape||RoseliBerry|Defiant|RageFist,CloseCombat,Encore,Protect|Jolly||F|||50|]Incineroar||PasshoBerry|Blaze|PartingShot,ThroatChop,Protect,FakeOut|Sassy||F|||50|]Politoed||SitrusBerry|Drizzle|WeatherBall,Encore,PerishSong,Protect|Calm||M|||50|]Archaludon||Leftovers|Stamina|DragonPulse,FlashCannon,ElectroShot,Protect|Bold||M|||50|
|inactive|Battle timer is ON: inactive players will automatically lose when time's up. (requested by AbadanRiyi92)
|inactive|SkyLight0 has 60 seconds left.
|inactive|SkyLight0 has 30 seconds left.
|
|t:|1785336775
|teamsize|p1|4
|teamsize|p2|4
|start
|switch|p1a: Glimmora|Glimmora, L50, F|100/100
|switch|p1b: Ninetales|Ninetales-Alola, L50, F|100/100
|switch|p2a: Maushold|Maushold-Four, L50|100/100
|switch|p2b: Annihilape|Annihilape, L50, F|100/100
|-weather|Snowscape|[from] ability: Snow Warning|[of] p1b: Ninetales
|turn|1
|inactive|AbadanRiyi92 has 30 seconds left.
|inactive|SkyLight0 has 30 seconds left.
|inactive|AbadanRiyi92 has 20 seconds left.
|inactive|AbadanRiyi92 has 15 seconds left.
|inactive|AbadanRiyi92 has 10 seconds left.
|inactive|AbadanRiyi92 has 5 seconds left.
|
|t:|1785336825
|switch|p1a: Whimsicott|Whimsicott, L50, F|100/100
|move|p2a: Maushold|Beat Up|p2b: Annihilape
|-damage|p2b: Annihilape|97/100
|-damage|p2b: Annihilape|95/100
|-damage|p2b: Annihilape|93/100
|-damage|p2b: Annihilape|90/100
|-hitcount|p2b: Annihilape|4
|move|p1b: Ninetales|Blizzard|p2a: Maushold|[spread] p2a,p2b
|-damage|p2a: Maushold|56/100
|-damage|p2b: Annihilape|58/100
|move|p2b: Annihilape|Rage Fist|p1a: Whimsicott
|-enditem|p1a: Whimsicott|Focus Sash
|-damage|p1a: Whimsicott|1/100
|
|-weather|Snowscape|[upkeep]
|upkeep
|turn|2
|inactive|SkyLight0 has 30 seconds left.
|
|t:|1785336860
|move|p2a: Maushold|Follow Me|p2a: Maushold
|-singleturn|p2a: Maushold|move: Follow Me
|move|p1a: Whimsicott|Tailwind|p1a: Whimsicott
|-sidestart|p1: SkyLight0|move: Tailwind
|move|p1b: Ninetales|Disable|p2a: Maushold
|-start|p2a: Maushold|Disable|Follow Me
|move|p2b: Annihilape|Rage Fist|p1b: Ninetales
|-damage|p1b: Ninetales|0 fnt
|faint|p1b: Ninetales
|
|-weather|Snowscape|[upkeep]
|upkeep
|
|t:|1785336870
|switch|p1b: Glimmora|Glimmora, L50, F|100/100
|turn|3
|
|t:|1785336886
|move|p2b: Annihilape|Protect|p2b: Annihilape
|-singleturn|p2b: Annihilape|Protect
|move|p1b: Glimmora|Bitter Malice|p2b: Annihilape
|-activate|p2b: Annihilape|move: Protect
|move|p1a: Whimsicott|Endeavor|p2a: Maushold
|-damage|p2a: Maushold|1/100
|move|p2a: Maushold|Beat Up|p1a: Whimsicott
|-resisted|p1a: Whimsicott|1
|-damage|p1a: Whimsicott|0 fnt
|faint|p1a: Whimsicott
|-hitcount|p1: Whimsicott|1
|
|-weather|Snowscape|[upkeep]
|upkeep
|
|t:|1785336889
|switch|p1a: Glimmora|Glimmora, L50, F|100/100
|turn|4
|inactive|SkyLight0 has 30 seconds left.
|inactive|AbadanRiyi92 has 30 seconds left.
|inactive|AbadanRiyi92 has 20 seconds left.
|
|t:|1785336929
|detailschange|p1a: Glimmora|Glimmora-Mega, L50, F
|-mega|p1a: Glimmora|Glimmora|Glimmoranite
|move|p2a: Maushold|Protect|p2a: Maushold
|-singleturn|p2a: Maushold|Protect
|move|p1b: Glimmora|Bitter Malice|p2b: Annihilape
|-supereffective|p2b: Annihilape|1
|-damage|p2b: Annihilape|0 fnt
|faint|p2b: Annihilape
|move|p1a: Glimmora|Earth Power|p2a: Maushold
|-activate|p2a: Maushold|move: Protect
|
|-weather|Snowscape|[upkeep]
|upkeep
|
|t:|1785336948
|switch|p2b: Incineroar|Incineroar, L50, F|100/100
|turn|5
|
|t:|1785336971
|move|p1a: Glimmora|Spiky Shield|p1a: Glimmora
|-singleturn|p1a: Glimmora|move: Protect
|move|p2b: Incineroar|Fake Out|p1a: Glimmora
|-activate|p1a: Glimmora|move: Protect
|-damage|p2b: Incineroar|87/100|[from] Spiky Shield|[of] p1a: Glimmora
|move|p1b: Glimmora|Bitter Malice|p2b: Incineroar
|-resisted|p2b: Incineroar|1
|-damage|p2b: Incineroar|77/100
|-unboost|p2b: Incineroar|atk|1
|move|p2a: Maushold|Beat Up|p1b: Glimmora
|-supereffective|p1b: Glimmora|1
|-damage|p1b: Glimmora|89/100
|replace|p1b: Zoroark|Zoroark-Hisui, L50, M
|-end|p1b: Zoroark|Illusion
|-supereffective|p1b: Zoroark|1
|-damage|p1b: Zoroark|75/100
|-supereffective|p1b: Zoroark|1
|-damage|p1b: Zoroark|66/100
|-hitcount|p1b: Zoroark|3
|
|-weather|none
|-sideend|p1: SkyLight0|move: Tailwind
|upkeep
|turn|6
|inactive|SkyLight0 has 30 seconds left.
|
|t:|1785336998
|move|p1b: Zoroark|Bitter Malice|p2b: Incineroar
|-resisted|p2b: Incineroar|1
|-damage|p2b: Incineroar|68/100
|-unboost|p2b: Incineroar|atk|1
|move|p2a: Maushold|Encore|p1a: Glimmora
|-start|p1a: Glimmora|Encore
|move|p1a: Glimmora|Spiky Shield|p1a: Glimmora
|-singleturn|p1a: Glimmora|move: Protect
|move|p2b: Incineroar|Throat Chop|p1b: Zoroark
|-supereffective|p1b: Zoroark|1
|-damage|p1b: Zoroark|0 fnt
|faint|p1b: Zoroark
|
|-end|p2a: Maushold|Disable
|upkeep
|turn|7
|-message|SkyLight0 forfeited.
|
|win|AbadanRiyi92
|l|☆SkyLight0
|player|p1|
||SkyLight0 is ready for game 2.
||AbadanRiyi92 is ready for game 2.
|uhtml|next|Next: Game 2 of 3
