|j|☆Centiskorch18
|j|☆Quill86
|html|Centiskorch18Quill86    
|uhtml|bestof|Game 1 of a best-of-3
|t:|1756520418
|gametype|doubles
|player|p1|Centiskorch18|1|1153
|player|p2|Quill86|lucas|1266
|gen|9
|tier|[Gen 9] VGC 2025 Reg H (Bo3)
|rated|
|rule|Species Clause: Limit one of each Pokémon
|rule|Item Clause: Limit 1 of each item
|clearpoke
|poke|p1|Volcarona, L50, F|
|poke|p1|Rillaboom, L50, M|
|poke|p1|Ninetales-Alola, L50, F|
|poke|p1|Annihilape, L50, M|
|poke|p1|Glimmora, L50, F|
|poke|p1|Dragapult, L50, M|
|poke|p2|Indeedee-F, L50, F|
|poke|p2|Gallade, L50, M|
|poke|p2|Torkoal, L50, F|
|poke|p2|Ursaluna, L50, M|
|poke|p2|Hatterene, L50, F|
|poke|p2|Smeargle, L50, F|
|teampreview|4
|showteam|p1|Volcarona||GrassySeed|FlameBody|HeatWave,GigaDrain,QuiverDance,Protect|||F|||50|,,,,,Grass]Rillaboom||AssaultVest|GrassySurge|WoodHammer,GrassyGlide,FakeOut,Uturn|||M|||50|,,,,,Fire]Ninetales-Alola||FocusSash|SnowWarning|Blizzard,AuroraVeil,IcyWind,Encore|||F|||50|,,,,,Ghost]Annihilape||SafetyGoggles|Defiant|CloseCombat,RageFist,FinalGambit,Protect|||M|||50|,,,,,Water]Glimmora||PowerHerb|ToxicDebris|MeteorBeam,SludgeBomb,EarthPower,Protect|||F|||50|,,,,,Grass]Dragapult||ChoiceBand|ClearBody|DragonDarts,PhantomForce,SuckerPunch,Uturn|||M|||50|,,,,,Dragon
|showteam|p2|Indeedee-F||PsychicSeed|PsychicSurge|FollowMe,TrickRoom,HelpingHand,DazzlingGleam|||F|||50|,,,,,Fairy]Gallade||ClearAmulet|Sharpness|SacredSword,PsychoCut,WideGuard,TrickRoom|||M|||50|,,,,,Grass]Torkoal||ChoiceSpecs|Drought|Eruption,WeatherBall,EarthPower,HeatWave|||F|||50|,,,,,Fire]Ursaluna||FlameOrb|Guts|Protect,HeadlongRush,Facade,Earthquake|||M|||50|,,,,,Ghost]Hatterene||LifeOrb|MagicBounce|DazzlingGleam,ExpandingForce,MysticalFire,TrickRoom|||F|||50|,,,,,Fire]Smeargle||FocusSash|Moody|FakeOut,Spore,Decorate,FollowMe|||F|||50|,,,,,Ghost
|inactive|Battle timer is ON: inactive players will automatically lose when time's up. (requested by Centiskorch18)
|c|☆Centiskorch18|glhf
|
|t:|1756520430
|teamsize|p1|4
|teamsize|p2|4
|start
|switch|p1a: Annihilape|Annihilape, L50, M|100/100
|switch|p1b: Glimmora|Glimmora, L50, F|100/100
|switch|p2a: Indeedee|Indeedee-F, L50, F|100/100
|switch|p2b: Gallade|Gallade, L50, M|100/100
|-fieldstart|move: Psychic Terrain|[from] ability: Psychic Surge|[of] p2a: Indeedee
|-enditem|p2a: Indeedee|Psychic Seed
|-boost|p2a: Indeedee|spd|1|[from] item: Psychic Seed
|turn|1
|inactive|Centiskorch18 has 30 seconds left.
|
|t:|1756520457
|switch|p1b: Rillaboom|Rillaboom, L50, M|100/100
|-fieldstart|move: Grassy Terrain|[from] ability: Grassy Surge|[of] p1b: Rillaboom
|move|p2a: Indeedee|Follow Me|p2a: Indeedee
|-singleturn|p2a: Indeedee|move: Follow Me
|move|p1a: Annihilape|Final Gambit|p2a: Indeedee
|-damage|p2a: Indeedee|0 fnt
|faint|p1a: Annihilape
|faint|p2a: Indeedee
|move|p2b: Gallade|Psycho Cut|p1b: Rillaboom
|-damage|p1b: Rillaboom|47/100
|
|-heal|p1b: Rillaboom|53/100|[from] Grassy Terrain
|upkeep
|
|t:|1756520473
|switch|p1a: Glimmora|Glimmora, L50, F|100/100
|switch|p2a: Torkoal|Torkoal, L50, F|100/100
|-weather|SunnyDay|[from] ability: Drought|[of] p2a: Torkoal
|turn|2
|
|t:|1756520489
|switch|p2a: Hatterene|Hatterene, L50, F|100/100
|move|p1b: Rillaboom|Fake Out|p2b: Gallade
|-damage|p2b: Gallade|83/100
|move|p1a: Glimmora|Meteor Beam||[still]
|-prepare|p1a: Glimmora|Meteor Beam
|-boost|p1a: Glimmora|spa|1
|-enditem|p1a: Glimmora|Power Herb
|-anim|p1a: Glimmora|Meteor Beam|p2a: Hatterene
|-damage|p2a: Hatterene|7/100
|cant|p2b: Gallade|flinch
|
|-weather|SunnyDay|[upkeep]
|-heal|p1b: Rillaboom|58/100|[from] Grassy Terrain
|-heal|p2b: Gallade|88/100|[from] Grassy Terrain
|-heal|p2a: Hatterene|13/100|[from] Grassy Terrain
|upkeep
|turn|3
|
|t:|1756520509
|-terastallize|p1a: Glimmora|Grass
|move|p1b: Rillaboom|U-turn|p2a: Hatterene
|-damage|p2a: Hatterene|0 fnt
|faint|p2a: Hatterene
|
|t:|1756520513
|switch|p1b: Ninetales|Ninetales-Alola, L50, F|100/100|[from] U-turn
|-weather|Snowscape|[from] ability: Snow Warning|[of] p1b: Ninetales
|move|p1a: Glimmora|Sludge Bomb|p2b: Gallade
|-damage|p2b: Gallade|27/100
|move|p2b: Gallade|Trick Room|p2b: Gallade
|-fieldstart|move: Trick Room|[of] p2b: Gallade
|
|-weather|Snowscape|[upkeep]
|-heal|p2b: Gallade|32/100|[from] Grassy Terrain
|upkeep
|
|t:|1756520521
|switch|p2a: Torkoal|Torkoal, L50, F|100/100
|-weather|SunnyDay|[from] ability: Drought|[of] p2a: Torkoal
|turn|4
|
|t:|1756520533
|move|p1a: Glimmora|Protect|p1a: Glimmora
|-singleturn|p1a: Glimmora|Protect
|move|p2a: Torkoal|Eruption|p1b: Ninetales|[spread] p1b
|-activate|p1a: Glimmora|move: Protect
|-supereffective|p1b: Ninetales
|-enditem|p1b: Ninetales|Focus Sash
|-damage|p1b: Ninetales|1/100
|move|p2b: Gallade|Psycho Cut|p1b: Ninetales
|-damage|p1b: Ninetales|0 fnt
|faint|p1b: Ninetales
|
|-weather|SunnyDay|[upkeep]
|-heal|p2b: Gallade|38/100|[from] Grassy Terrain
|upkeep
|
|t:|1756520535
|switch|p1b: Rillaboom|Rillaboom, L50, M|58/100
|turn|5
|
|t:|1756520550
|move|p1b: Rillaboom|Fake Out|p2a: Torkoal
|-damage|p2a: Torkoal|91/100
|cant|p2a: Torkoal|flinch
|move|p2b: Gallade|Sacred Sword|p1a: Glimmora
|-damage|p1a: Glimmora|26/100
|-activate|p1a: Glimmora|ability: Toxic Debris
|-sidestart|p2: Quill86|move: Toxic Spikes
|move|p1a: Glimmora|Earth Power|p2a: Torkoal
|-supereffective|p2a: Torkoal
|-damage|p2a: Torkoal|0 fnt
|faint|p2a: Torkoal
|
|-weather|SunnyDay|[upkeep]
|-heal|p2b: Gallade|44/100|[from] Grassy Terrain
|-heal|p1a: Glimmora|32/100|[from] Grassy Terrain
|-heal|p1b: Rillaboom|64/100|[from] Grassy Terrain
|-fieldend|move: Grassy Terrain
|upkeep
|turn|6
|
|t:|1756520564
|-terastallize|p2b: Gallade|Grass
|move|p2b: Gallade|Sacred Sword|p1a: Glimmora
|-damage|p1a: Glimmora|0 fnt
|-activate|p1a: Glimmora|ability: Toxic Debris
|-sidestart|p2: Quill86|move: Toxic Spikes
|faint|p1a: Glimmora
|move|p1b: Rillaboom|Wood Hammer|p2b: Gallade
|-resisted|p2b: Gallade
|-crit|p2b: Gallade
|-damage|p2b: Gallade|0 fnt
|faint|p2b: Gallade
|-damage|p1b: Rillaboom|52/100|[from] Recoil
|
|win|Centiskorch18
||Quill86 is ready for game 2.
||Centiskorch18 is ready for game 2.
|uhtml|next|Next: Game 2 of 3
|l|☆Centiskorch18
|player|p1|
