|j|☆Seven_Summits
|j|☆GlitterishSilver
|html|Seven_SummitsGlitterishSilver    
|uhtml|bestof|Game 2 of a best-of-3
|t:|1782368383
|gametype|doubles
|player|p1|Seven_Summits|birdkeeper-gen4dp|1087
|player|p2|GlitterishSilver|anabel-gen7|1140
|gen|9
|tier|[Gen 9 Champions] VGC 2026 Reg M-B (Bo3)
|rated|
|rule|Species Clause: Limit one of each Pokémon
|rule|Item Clause: Limit 1 of each item
|clearpoke
|poke|p1|Staraptor, L50, M|
|poke|p1|Whimsicott, L50, F|
|poke|p1|Garchomp, L50, M|
|poke|p1|Delphox, L50, M|
|poke|p1|Sinistcha-Masterpiece, L50|
|poke|p1|Incineroar, L50, F|
|poke|p2|Raichu, L50, M|
|poke|p2|Milotic, L50, F|
|poke|p2|Floette-Eternal, L50, F|
|poke|p2|Incineroar, L50, M|
|poke|p2|Ceruledge, L50, M|
|poke|p2|Sinistcha, L50|
|teampreview|4
|showteam|p1|Staraptor||Staraptite|Intimidate|Protect,Roost,BraveBird,CloseCombat|Jolly||M|||50|]Whimsicott||FocusSash|Prankster|Encore,Tailwind,Charm,Moonblast|Timid||F|||50|]Garchomp||LifeOrb|RoughSkin|Protect,Earthquake,RockSlide,DragonClaw|Jolly||M|||50|]Delphox||Delphoxite|Blaze|HeatWave,Psyshock,NastyPlot,Protect|Timid||M|||50|]Sinistcha-Masterpiece||KasibBerry|Hospitality|Protect,RagePowder,StrengthSap,MatchaGotcha|Bold|||||50|]Incineroar||SitrusBerry|Intimidate|FakeOut,PartingShot,ThroatChop,FlareBlitz|Careful||F|||50|
|showteam|p2|Raichu||RaichuniteY|LightningRod|ZapCannon,FocusBlast,FakeOut,Protect|Timid||M|||50|]Milotic||Leftovers|Competitive|MuddyWater,Coil,Hypnosis,Protect|Calm||F|||50|]Floette-Eternal||Floettite|FlowerVeil|DazzlingGleam,DrainingKiss,CalmMind,Protect|Timid||F|||50|]Incineroar||SitrusBerry|Intimidate|FlareBlitz,ThroatChop,FakeOut,PartingShot|Impish||M|||50|]Ceruledge||ColburBerry|FlashFire|BitterBlade,ShadowSneak,BulkUp,Protect|Adamant||M|||50|]Sinistcha||KasibBerry|Hospitality|MatchaGotcha,LifeDew,RagePowder,Protect|Relaxed|||||50|
|inactive|Battle timer is ON: inactive players will automatically lose when time's up. (requested by GlitterishSilver)
|inactive|Seven_Summits has 60 seconds left.
|
|t:|1782368461
|teamsize|p1|4
|teamsize|p2|4
|start
|switch|p1a: Garchomp|Garchomp, L50, M|100/100
|switch|p1b: Hecate|Delphox, L50, M|100/100
|switch|p2a: Milotic|Milotic, L50, F|100/100
|switch|p2b: Floette|Floette-Eternal, L50, F|100/100
|turn|1
|
|t:|1782368478
|switch|p2a: Incineroar|Incineroar, L50, M|100/100
|-ability|p2a: Incineroar|Intimidate|boost
|-unboost|p1a: Garchomp|atk|1
|-unboost|p1b: Hecate|atk|1
|detailschange|p1b: Hecate|Delphox-Mega, L50, M
|-mega|p1b: Hecate|Delphox|Delphoxite
|move|p2b: Floette|Protect|p2b: Floette
|-singleturn|p2b: Floette|Protect
|move|p1b: Hecate|Psyshock|p2b: Floette
|-activate|p2b: Floette|move: Protect
|move|p1a: Garchomp|Earthquake|p2a: Incineroar|[spread] p2a
|-activate|p2b: Floette|move: Protect
|-immune|p1b: Hecate|[from] ability: Levitate
|-supereffective|p2a: Incineroar|1
|-damage|p2a: Incineroar|50/100y
|-enditem|p2a: Incineroar|Sitrus Berry|[eat]
|-heal|p2a: Incineroar|74/100|[from] item: Sitrus Berry
|-damage|p1a: Garchomp|90/100|[from] item: Life Orb
|
|upkeep
|turn|2
|inactive|Seven_Summits has 30 seconds left.
|inactive|GlitterishSilver has 30 seconds left.
|
|t:|1782368507
|switch|p1a: Whimsicott|Whimsicott, L50, F|100/100
|detailschange|p2b: Floette|Floette-Mega, L50, F
|-mega|p2b: Floette|Floette|Floettite
|-ability|p2b: Floette|Fairy Aura
|move|p2a: Incineroar|Fake Out|p1b: Hecate
|-damage|p1b: Hecate|85/100
|cant|p1b: Hecate|flinch
|move|p2b: Floette|Dazzling Gleam|p1a: Whimsicott|[spread] p1a,p1b
|-resisted|p1b: Hecate|1
|-damage|p1a: Whimsicott|35/100
|-damage|p1b: Hecate|67/100
|
|upkeep
|turn|3
|inactive|Seven_Summits has 30 seconds left.
|inactive|GlitterishSilver has 30 seconds left.
|
|t:|1782368550
|move|p2b: Floette|Protect|p2b: Floette
|-singleturn|p2b: Floette|Protect
|move|p1b: Hecate|Psyshock|p2b: Floette
|-activate|p2b: Floette|move: Protect
|move|p1a: Whimsicott|Moonblast|p2a: Incineroar
|-damage|p2a: Incineroar|34/100
|move|p2a: Incineroar|Flare Blitz|p1a: Whimsicott
|-supereffective|p1a: Whimsicott|1
|-damage|p1a: Whimsicott|0 fnt
|faint|p1a: Whimsicott
|-damage|p2a: Incineroar|26/100|[from] Recoil
|
|upkeep
|
|t:|1782368561
|switch|p1a: Garchomp|Garchomp, L50, M|90/100
|turn|4
|
|t:|1782368580
|switch|p2a: Milotic|Milotic, L50, F|100/100
|move|p1b: Hecate|Psyshock|p2b: Floette
|-damage|p2b: Floette|53/100
|move|p2b: Floette|Draining Kiss|p1a: Garchomp
|-supereffective|p1a: Garchomp|1
|-damage|p1a: Garchomp|14/100
|-heal|p2b: Floette|100/100|[from] drain|[of] p1a: Garchomp
|-damage|p2b: Floette|87/100|[from] ability: Rough Skin|[of] p1a: Garchomp
|move|p1a: Garchomp|Earthquake|p2b: Floette|[spread] p2a,p2b
|-immune|p1b: Hecate|[from] ability: Levitate
|-damage|p2a: Milotic|54/100
|-damage|p2b: Floette|37/100
|-damage|p1a: Garchomp|4/100|[from] item: Life Orb
|
|-heal|p2a: Milotic|60/100|[from] item: Leftovers
|upkeep
|turn|5
|inactive|GlitterishSilver has 30 seconds left.
|
|t:|1782368606
|move|p2b: Floette|Protect|p2b: Floette
|-singleturn|p2b: Floette|Protect
|move|p1b: Hecate|Psyshock|p2b: Floette
|-activate|p2b: Floette|move: Protect
|move|p1a: Garchomp|Dragon Claw|p2a: Milotic
|-damage|p2a: Milotic|11/100
|-damage|p1a: Garchomp|0 fnt|[from] item: Life Orb
|faint|p1a: Garchomp
|move|p2a: Milotic|Muddy Water|p1b: Hecate
|-supereffective|p1b: Hecate|1
|-damage|p1b: Hecate|11/100
|-unboost|p1b: Hecate|accuracy|1
|
|-heal|p2a: Milotic|17/100|[from] item: Leftovers
|upkeep
|
|t:|1782368614
|switch|p1a: Sinistcha|Sinistcha-Masterpiece, L50|100/100
|-heal|p1b: Hecate|36/100|[from] ability: Hospitality|[of] p1a: Sinistcha
|turn|6
|
|t:|1782368635
|move|p1b: Hecate|Nasty Plot|p1b: Hecate
|-boost|p1b: Hecate|spa|2
|move|p2b: Floette|Dazzling Gleam|p1b: Hecate|[spread] p1a,p1b
|-resisted|p1b: Hecate|1
|-damage|p1a: Sinistcha|61/100
|-damage|p1b: Hecate|18/100
|move|p2a: Milotic|Muddy Water|p1a: Sinistcha|[spread] p1b
|-miss|p2a: Milotic|p1a: Sinistcha
|-supereffective|p1b: Hecate|1
|-damage|p1b: Hecate|0 fnt
|faint|p1b: Hecate
|move|p1a: Sinistcha|Matcha Gotcha|p2b: Floette|[spread] p2a,p2b
|-supereffective|p2a: Milotic|1
|-damage|p2a: Milotic|0 fnt
|-heal|p1a: Sinistcha|71/100|[from] drain|[of] p2a: Milotic
|-damage|p2b: Floette|16/100
|-heal|p1a: Sinistcha|81/100|[from] drain|[of] p2b: Floette
|-status|p2b: Floette|brn
|faint|p2a: Milotic
|
|-damage|p2b: Floette|10/100 brn|[from] brn
|upkeep
|inactive|GlitterishSilver has 30 seconds left.
|
|t:|1782368662
|switch|p2a: Incineroar|Incineroar, L50, M|26/100
|-ability|p2a: Incineroar|Intimidate|boost
|-unboost|p1a: Sinistcha|atk|1
|turn|7
|
|t:|1782368685
|move|p1a: Sinistcha|Protect|p1a: Sinistcha
|-singleturn|p1a: Sinistcha|Protect
|move|p2b: Floette|Draining Kiss|p1a: Sinistcha
|-activate|p1a: Sinistcha|move: Protect
|move|p2a: Incineroar|Parting Shot|p1a: Sinistcha
|-activate|p1a: Sinistcha|move: Protect
|
|-damage|p2b: Floette|5/100 brn|[from] brn
|upkeep
|turn|8
|
|t:|1782368697
|move|p1a: Sinistcha|Protect||[still]
|-fail|p1a: Sinistcha
|move|p2b: Floette|Draining Kiss|p1a: Sinistcha
|-damage|p1a: Sinistcha|47/100
|-heal|p2b: Floette|33/100 brn|[from] drain|[of] p1a: Sinistcha
|move|p2a: Incineroar|Parting Shot|p1a: Sinistcha
|-unboost|p1a: Sinistcha|atk|1
|-unboost|p1a: Sinistcha|spa|1
|
|t:|1782368705
|switch|p2a: Ceruledge|Ceruledge, L50, M|100/100|[from] Parting Shot
|
|-damage|p2b: Floette|27/100 brn|[from] brn
|upkeep
|turn|9
|
|t:|1782368716
|move|p1a: Sinistcha|Protect|p1a: Sinistcha
|-singleturn|p1a: Sinistcha|Protect
|move|p2b: Floette|Calm Mind|p2b: Floette
|-boost|p2b: Floette|spa|1
|-boost|p2b: Floette|spd|1
|move|p2a: Ceruledge|Bitter Blade|p1a: Sinistcha
|-activate|p1a: Sinistcha|move: Protect
|
|-damage|p2b: Floette|21/100 brn|[from] brn
|upkeep
|turn|10
|-message|Seven_Summits forfeited.
|
|win|GlitterishSilver
|raw|Seven_Summits's rating: 1087 → 1067(-20 for losing)
|raw|GlitterishSilver's rating: 1140 → 1161(+21 for winning)
|c|☆GlitterishSilver|ggs
|l|☆GlitterishSilver
|player|p2|
