|j|☆moosinator32
|j|☆vilan333
|html|moosinator32vilan333    
|uhtml|bestof|Game 1 of a best-of-3
|t:|1784644674
|gametype|doubles
|player|p1|moosinator32|170|1092
|player|p2|vilan333|marshal|1221
|gen|9
|tier|[Gen 9 Champions] VGC 2026 Reg M-B (Bo3)
|rated|
|rule|Species Clause: Limit one of each Pokémon
|rule|Item Clause: Limit 1 of each item
|clearpoke
|poke|p1|Skeledirge, L50, F|
|poke|p1|Scrafty, L50, M|
|poke|p1|Farigiraf, L50, F|
|poke|p1|Maushold-Four, L50|
|poke|p1|Azumarill, L50, M|
|poke|p1|Hydreigon, L50, M|
|poke|p2|Charizard, L50, F|
|poke|p2|Aerodactyl, L50, F|
|poke|p2|Garchomp, L50, M|
|poke|p2|Sylveon, L50, M|
|poke|p2|Farigiraf, L50, M|
|poke|p2|Incineroar, L50, M|
|teampreview|4
|showteam|p1|Skeledirge||Leftovers|Unaware|TorchSong,EarthPower,ShadowBall,Protect|Calm||F|||50|]Scrafty||Scraftinite|Intimidate|FakeOut,DrainPunch,ThroatChop,Protect|Adamant||M|||50|]Farigiraf||MentalHerb|ArmorTail|TrickRoom,Thunderbolt,Psychic,Protect|Sassy||F|||50|]Maushold-Four||ChopleBerry|FriendGuard|FollowMe,PopulationBomb,SeedBomb,Protect|Jolly|||||50|]Azumarill||SitrusBerry|HugePower|BellyDrum,IceSpinner,AquaJet,Protect|Adamant||M|||50|]Hydreigon||FocusSash|Levitate|Protect,DarkPulse,DragonPulse,EarthPower|Timid||M|||50|
|showteam|p2|Charizard||CharizarditeY|Blaze|Protect,HeatWave,WeatherBall,SolarBeam|Modest||F|||50|]Aerodactyl||FocusSash|RockHead|Protect,WideGuard,Tailwind,RockSlide|Jolly||F|||50|]Garchomp||LifeOrb|RoughSkin|DragonClaw,Protect,RockSlide,StompingTantrum|Jolly||M|||50|]Sylveon||FairyFeather|Pixilate|HyperBeam,Detect,HyperVoice,QuickAttack|Modest||M|||50|]Farigiraf||SitrusBerry|ArmorTail|Psyshock,Thunderbolt,TrickRoom,Protect|Bold||M|||50|]Incineroar||Charcoal|Intimidate|PartingShot,FakeOut,FlareBlitz,ThroatChop|Brave||M|||50|
|
|t:|1784644703
|teamsize|p1|4
|teamsize|p2|4
|start
|switch|p1a: Farigiraf|Farigiraf, L50, F|100/100
|switch|p1b: Azumarill|Azumarill, L50, M|100/100
|switch|p2a: Aerodactyl|Aerodactyl, L50, F|100/100
|switch|p2b: Sylveon|Sylveon, L50, M|100/100
|turn|1
|inactive|Battle timer is ON: inactive players will automatically lose when time's up. (requested by vilan333)
|
|t:|1784644733
|move|p1b: Azumarill|Aqua Jet|p2a: Aerodactyl
|-supereffective|p2a: Aerodactyl|1
|-damage|p2a: Aerodactyl|10/100
|move|p2a: Aerodactyl|Rock Slide|p1a: Farigiraf|[spread] p1a,p1b
|-damage|p1a: Farigiraf|74/100
|-damage|p1b: Azumarill|73/100
|move|p2b: Sylveon|Hyper Voice|p1a: Farigiraf|[spread] p1a,p1b
|-damage|p1a: Farigiraf|42/100
|-damage|p1b: Azumarill|25/100
|-enditem|p1b: Azumarill|Sitrus Berry|[eat]
|-heal|p1b: Azumarill|50/100y|[from] item: Sitrus Berry
|move|p1a: Farigiraf|Trick Room|p1a: Farigiraf
|-fieldstart|move: Trick Room|[of] p1a: Farigiraf
|
|upkeep
|turn|2
|
|t:|1784644752
|switch|p1b: Skeledirge|Skeledirge, L50, F|100/100
|switch|p2a: Farigiraf|Farigiraf, L50, M|100/100
|move|p1a: Farigiraf|Thunderbolt|p2a: Farigiraf
|-damage|p2a: Farigiraf|80/100
|move|p2b: Sylveon|Hyper Voice|p1a: Farigiraf|[spread] p1a,p1b
|-resisted|p1b: Skeledirge|1
|-damage|p1a: Farigiraf|9/100
|-damage|p1b: Skeledirge|81/100
|
|-heal|p1b: Skeledirge|88/100|[from] item: Leftovers
|upkeep
|turn|3
|inactive|moosinator32 has 30 seconds left.
|
|t:|1784644777
|switch|p2b: Incineroar|Incineroar, L50, M|100/100
|-ability|p2b: Incineroar|Intimidate|boost
|-unboost|p1a: Farigiraf|atk|1
|-unboost|p1b: Skeledirge|atk|1
|move|p1a: Farigiraf|Thunderbolt|p2a: Farigiraf
|-damage|p2a: Farigiraf|59/100
|move|p1b: Skeledirge|Torch Song|p2b: Incineroar
|-resisted|p2b: Incineroar|1
|-damage|p2b: Incineroar|86/100
|-boost|p1b: Skeledirge|spa|1
|move|p2a: Farigiraf|Trick Room|p2a: Farigiraf
|-fieldend|move: Trick Room
|
|-heal|p1b: Skeledirge|94/100|[from] item: Leftovers
|upkeep
|turn|4
|
|t:|1784644796
|move|p1b: Skeledirge|Earth Power|p2b: Incineroar
|-supereffective|p2b: Incineroar|1
|-damage|p2b: Incineroar|27/100
|move|p2a: Farigiraf|Thunderbolt|p1a: Farigiraf
|-damage|p1a: Farigiraf|0 fnt
|faint|p1a: Farigiraf
|move|p2b: Incineroar|Throat Chop|p1b: Skeledirge
|-supereffective|p1b: Skeledirge|1
|-damage|p1b: Skeledirge|19/100
|-start|p1b: Skeledirge|Throat Chop|[silent]
|
|-heal|p1b: Skeledirge|25/100|[from] item: Leftovers
|upkeep
|
|t:|1784644805
|switch|p1a: Scrafty|Scrafty, L50, M|100/100
|-ability|p1a: Scrafty|Intimidate|boost
|-unboost|p2a: Farigiraf|atk|1
|-unboost|p2b: Incineroar|atk|1
|turn|5
|
|t:|1784644822
|move|p1b: Skeledirge|Protect|p1b: Skeledirge
|-singleturn|p1b: Skeledirge|Protect
|move|p2a: Farigiraf|Protect|p2a: Farigiraf
|-singleturn|p2a: Farigiraf|Protect
|move|p1a: Scrafty|Throat Chop|p2a: Farigiraf
|-activate|p2a: Farigiraf|move: Protect
|move|p2b: Incineroar|Parting Shot|p1a: Scrafty
|-unboost|p1a: Scrafty|atk|1
|-unboost|p1a: Scrafty|spa|1
|
|t:|1784644834
|switch|p2b: Sylveon|Sylveon, L50, M|100/100|[from] Parting Shot
|
|-heal|p1b: Skeledirge|31/100|[from] item: Leftovers
|-end|p1b: Skeledirge|Throat Chop|[silent]
|upkeep
|turn|6
|-message|moosinator32 forfeited.
|
|win|vilan333
|l|☆moosinator32
|player|p1|
|raw|moosinator32's rating: 1092 → 1077(-15 for losing)
|raw|vilan333's rating: 1221 → 1237(+16 for winning)
