|j|☆Lightning7157
|j|☆grandsabersharkrai
|html|Lightning7157grandsabersharkrai    
|uhtml|bestof|Game 1 of a best-of-3
|t:|1783363395
|gametype|doubles
|player|p1|Lightning7157|lucas|1017
|player|p2|grandsabersharkrai|101|1138
|gen|9
|tier|[Gen 9 Champions] VGC 2026 Reg M-B (Bo3)
|rated|
|rule|Species Clause: Limit one of each Pokémon
|rule|Item Clause: Limit 1 of each item
|clearpoke
|poke|p1|Glimmora, L50, F, shiny|
|poke|p1|Toxapex, L50, M|
|poke|p1|Sableye, L50, F, shiny|
|poke|p1|Ninetales-Alola, L50, F, shiny|
|poke|p1|Gyarados, L50, F|
|poke|p1|Garchomp, L50, F|
|poke|p2|Floette-Eternal, L50, F|
|poke|p2|Charizard, L50, F, shiny|
|poke|p2|Basculegion, L50, M|
|poke|p2|Kingambit, L50, F, shiny|
|poke|p2|Whimsicott, L50, F, shiny|
|poke|p2|Garchomp, L50, M|
|teampreview|4
|showteam|p1|Glimmora||Glimmoranite|Corrosion|PowerGem,SpikyShield,SludgeBomb,EarthPower|Timid||F|||50|]Toxapex||Leftovers|Regenerator|BanefulBunker,ToxicSpikes,Toxic,MuddyWater|Relaxed||M|||50|]Sableye||LightClay|Prankster|WillOWisp,Reflect,LightScreen,FakeOut|Relaxed||F|||50|]Ninetales-Alola||NeverMeltIce|SnowWarning|Blizzard,Protect,AuroraVeil,Moonblast|Timid||F|||50|]Gyarados||SitrusBerry|Intimidate|Waterfall,DragonDance,Bounce,Protect|Adamant||F|||50|]Garchomp||Garchompite|RoughSkin|DragonClaw,RockSlide,StompingTantrum,PoisonJab|Jolly||F|||50|
|showteam|p2|Floette-Eternal||Floettite|FlowerVeil|Protect,DazzlingGleam,Moonblast,LightofRuin|Modest||F|||50|]Charizard||CharizarditeY|Blaze|Protect,HeatWave,WeatherBall,SolarBeam|Modest||F|||50|]Basculegion||ChoiceScarf|Adaptability|FlipTurn,WaveCrash,LastRespects,AquaJet|Jolly||M|||50|]Kingambit||OccaBerry|Defiant|Protect,KowtowCleave,IronHead,SuckerPunch|Adamant||F|||50|]Whimsicott||FocusSash|Prankster|Protect,Moonblast,Encore,Tailwind|Timid||F|||50|]Garchomp||HabanBerry|RoughSkin|Protect,Earthquake,DragonClaw,RockSlide|Jolly||M|||50|
|inactive|Battle timer is ON: inactive players will automatically lose when time's up. (requested by Lightning7157)
|inactive|grandsabersharkrai has 60 seconds left.
|inactive|grandsabersharkrai has 30 seconds left.
|
|t:|1783363493
|teamsize|p1|4
|teamsize|p2|4
|start
|switch|p1a: Toxapex|Toxapex, L50, M|100/100
|switch|p1b: Ninetales|Ninetales-Alola, L50, F, shiny|100/100
|switch|p2a: Kingambit|Kingambit, L50, F, shiny|100/100
|switch|p2b: Floette|Floette-Eternal, L50, F|100/100
|-weather|Snowscape|[from] ability: Snow Warning|[of] p1b: Ninetales
|turn|1
|
|t:|1783363517
|detailschange|p2b: Floette|Floette-Mega, L50, F
|-mega|p2b: Floette|Floette|Floettite
|-ability|p2b: Floette|Fairy Aura
|move|p1b: Ninetales|Aurora Veil|p1b: Ninetales
|-sidestart|p1: Lightning7157|move: Aurora Veil
|move|p2b: Floette|Dazzling Gleam|p1a: Toxapex|[spread] p1a,p1b
|-resisted|p1a: Toxapex|1
|-damage|p1a: Toxapex|84/100
|-damage|p1b: Ninetales|58/100
|move|p2a: Kingambit|Iron Head|p1b: Ninetales
|-supereffective|p1b: Ninetales|2
|-damage|p1b: Ninetales|0 fnt
|faint|p1b: Ninetales
|move|p1a: Toxapex|Toxic Spikes|p2b: Floette
|-sidestart|p2: grandsabersharkrai|move: Toxic Spikes
|
|-weather|Snowscape|[upkeep]
|-heal|p1a: Toxapex|89/100|[from] item: Leftovers
|upkeep
|
|t:|1783363532
|switch|p1b: Glimmora|Glimmora, L50, F, shiny|100/100
|turn|2
|
|t:|1783363550
|detailschange|p1b: Glimmora|Glimmora-Mega, L50, F, shiny
|-mega|p1b: Glimmora|Glimmora|Glimmoranite
|move|p2b: Floette|Protect|p2b: Floette
|-singleturn|p2b: Floette|Protect
|move|p1a: Toxapex|Baneful Bunker|p1a: Toxapex
|-singleturn|p1a: Toxapex|move: Protect
|move|p1b: Glimmora|Earth Power|p2a: Kingambit
|-supereffective|p2a: Kingambit|1
|-damage|p2a: Kingambit|28/100
|move|p2a: Kingambit|Iron Head|p1b: Glimmora
|-supereffective|p1b: Glimmora|1
|-damage|p1b: Glimmora|37/100
|
|-weather|Snowscape|[upkeep]
|-heal|p1a: Toxapex|95/100|[from] item: Leftovers
|upkeep
|turn|3
|inactive|grandsabersharkrai has 30 seconds left.
|inactive|Lightning7157 has 30 seconds left.
|
|t:|1783363583
|switch|p2b: Garchomp|Garchomp, L50, M|100/100
|-status|p2b: Garchomp|psn
|move|p1b: Glimmora|Spiky Shield|p1b: Glimmora
|-singleturn|p1b: Glimmora|move: Protect
|move|p2a: Kingambit|Iron Head|p1b: Glimmora
|-activate|p1b: Glimmora|move: Protect
|-damage|p2a: Kingambit|16/100|[from] Spiky Shield|[of] p1b: Glimmora
|move|p1a: Toxapex|Muddy Water|p2a: Kingambit|[spread] p2a,p2b
|-damage|p2a: Kingambit|1/100
|-damage|p2b: Garchomp|84/100 psn
|-unboost|p2b: Garchomp|accuracy|1
|
|-weather|Snowscape|[upkeep]
|-heal|p1a: Toxapex|100/100|[from] item: Leftovers
|-damage|p2b: Garchomp|72/100 psn|[from] psn
|upkeep
|turn|4
|inactive|Lightning7157 has 30 seconds left.
|inactive|grandsabersharkrai has 30 seconds left.
|
|t:|1783363613
|move|p2a: Kingambit|Protect|p2a: Kingambit
|-singleturn|p2a: Kingambit|Protect
|move|p1a: Toxapex|Baneful Bunker|p1a: Toxapex
|-singleturn|p1a: Toxapex|move: Protect
|move|p2b: Garchomp|Earthquake|p1b: Glimmora|[spread] p1b
|-activate|p2a: Kingambit|move: Protect
|-activate|p1a: Toxapex|move: Protect
|-supereffective|p1b: Glimmora|2
|-damage|p1b: Glimmora|0 fnt
|faint|p1b: Glimmora
|
|-weather|Snowscape|[upkeep]
|-damage|p2b: Garchomp|60/100 psn|[from] psn
|upkeep
|
|t:|1783363625
|switch|p1b: Gyarados|Gyarados, L50, F|100/100
|-ability|p1b: Gyarados|Intimidate|boost
|-unboost|p2a: Kingambit|atk|1
|-ability|p2a: Kingambit|Defiant|boost
|-boost|p2a: Kingambit|atk|2
|-unboost|p2b: Garchomp|atk|1
|turn|5
|
|t:|1783363646
|switch|p2b: Whimsicott|Whimsicott, L50, F, shiny|100/100
|-status|p2b: Whimsicott|psn
|move|p1b: Gyarados|Protect|p1b: Gyarados
|-singleturn|p1b: Gyarados|Protect
|move|p2a: Kingambit|Sucker Punch||[still]
|-fail|p2a: Kingambit
|move|p1a: Toxapex|Muddy Water|p2b: Whimsicott|[spread] p2a,p2b
|-crit|p2a: Kingambit
|-resisted|p2b: Whimsicott|1
|-damage|p2a: Kingambit|0 fnt
|-damage|p2b: Whimsicott|86/100 psn
|faint|p2a: Kingambit
|
|-weather|none
|-damage|p2b: Whimsicott|74/100 psn|[from] psn
|-sideend|p1: Lightning7157|move: Aurora Veil
|upkeep
|
|t:|1783363660
|switch|p2a: Garchomp|Garchomp, L50, M|60/100 psn
|turn|6
|
|t:|1783363685
|move|p2b: Whimsicott|Encore|p1b: Gyarados
|-start|p1b: Gyarados|Encore
|move|p1b: Gyarados|Protect||[still]
|-fail|p1b: Gyarados
|move|p2a: Garchomp|Earthquake|p1b: Gyarados|[spread] p2b,p1a
|-immune|p1b: Gyarados
|-resisted|p2b: Whimsicott|1
|-supereffective|p1a: Toxapex|1
|-damage|p2b: Whimsicott|45/100 psn
|-damage|p1a: Toxapex|41/100
|move|p1a: Toxapex|Muddy Water|p2a: Garchomp|[spread] p2a,p2b
|-resisted|p2b: Whimsicott|1
|-damage|p2a: Garchomp|45/100 psn
|-damage|p2b: Whimsicott|35/100 psn
|
|-heal|p1a: Toxapex|47/100|[from] item: Leftovers
|-damage|p2b: Whimsicott|22/100 psn|[from] psn
|-damage|p2a: Garchomp|33/100 psn|[from] psn
|upkeep
|turn|7
|
|t:|1783363705
|move|p2b: Whimsicott|Protect|p2b: Whimsicott
|-singleturn|p2b: Whimsicott|Protect
|move|p1b: Gyarados|Protect|p1b: Gyarados
|-singleturn|p1b: Gyarados|Protect
|move|p1a: Toxapex|Baneful Bunker|p1a: Toxapex
|-singleturn|p1a: Toxapex|move: Protect
|move|p2a: Garchomp|Earthquake|p1a: Toxapex|[spread] 
|-activate|p2b: Whimsicott|move: Protect
|-activate|p1a: Toxapex|move: Protect
|-activate|p1b: Gyarados|move: Protect
|
|-heal|p1a: Toxapex|52/100|[from] item: Leftovers
|-damage|p2b: Whimsicott|10/100 psn|[from] psn
|-damage|p2a: Garchomp|21/100 psn|[from] psn
|upkeep
|turn|8
|
|t:|1783363728
|move|p1b: Gyarados|Protect|p1b: Gyarados
|-singleturn|p1b: Gyarados|Protect
|move|p2b: Whimsicott|Moonblast|p1a: Toxapex
|-resisted|p1a: Toxapex|1
|-damage|p1a: Toxapex|38/100
|move|p2a: Garchomp|Earthquake|p1a: Toxapex|[spread] p2b,p1a
|-activate|p1b: Gyarados|move: Protect
|-resisted|p2b: Whimsicott|1
|-supereffective|p1a: Toxapex|1
|-damage|p2b: Whimsicott|0 fnt
|-damage|p1a: Toxapex|0 fnt
|faint|p2b: Whimsicott
|faint|p1a: Toxapex
|
|-damage|p2a: Garchomp|9/100 psn|[from] psn
|-end|p1b: Gyarados|Encore
|upkeep
|
|t:|1783363737
|switch|p2b: Floette|Floette-Mega, L50, F|100/100
|-status|p2b: Floette|psn
|-ability|p2b: Floette|Fairy Aura
|turn|9
|inactive|Lightning7157 has 30 seconds left.
|inactive|Lightning7157 has 20 seconds left.
|
|t:|1783363773
|move|p2a: Garchomp|Dragon Claw|p1b: Gyarados
|-damage|p1b: Gyarados|42/100
|-enditem|p1b: Gyarados|Sitrus Berry|[eat]
|-heal|p1b: Gyarados|67/100|[from] item: Sitrus Berry
|move|p2b: Floette|Moonblast|p1b: Gyarados
|-damage|p1b: Gyarados|0 fnt
|faint|p1b: Gyarados
|
|win|grandsabersharkrai
||grandsabersharkrai is ready for game 2.
||Lightning7157 is ready for game 2.
|uhtml|next|Next: Game 2 of 3
|l|☆Lightning7157
|player|p1|
