|j|☆teyvgc
|j|☆BABYBURGER
|html|teyvgcBABYBURGER    
|uhtml|bestof|Game 1 of a best-of-3
|t:|1782584808
|gametype|doubles
|player|p1|teyvgc|1|1095
|player|p2|BABYBURGER|crasherwake|1000
|gen|9
|tier|[Gen 9 Champions] VGC 2026 Reg M-B (Bo3)
|rated|
|rule|Species Clause: Limit one of each Pokémon
|rule|Item Clause: Limit 1 of each item
|clearpoke
|poke|p1|Houndstone, L50, M|
|poke|p1|Tyranitar, L50, M|
|poke|p1|Incineroar, L50, F|
|poke|p1|Farigiraf, L50, F, shiny|
|poke|p1|Garchomp, L50, F, shiny|
|poke|p1|Corviknight, L50, F|
|poke|p2|Slowbro, L50, F, shiny|
|poke|p2|Kingambit, L50, M|
|poke|p2|Avalugg-Hisui, L50, M|
|poke|p2|Hatterene, L50, F|
|poke|p2|Heracross, L50, F|
|poke|p2|Meowstic, L50, M|
|teampreview|4
|showteam|p1|Houndstone||FocusSash|SandRush|PsychicFangs,StompingTantrum,LastRespects,Protect|Adamant||M|||50|]Tyranitar||Tyranitarite|SandStream|RockSlide,KnockOff,LowKick,Protect|Adamant||M|||50|]Incineroar||PasshoBerry|Intimidate|FlareBlitz,DarkestLariat,FakeOut,PartingShot|Adamant||F|||50|]Farigiraf||TwistedSpoon|ArmorTail|HyperVoice,TwinBeam,TrickRoom,HelpingHand|Quiet||F|||50|]Garchomp||Garchompite|RoughSkin|StompingTantrum,DragonClaw,RockSlide,Protect|Adamant||F|||50|]Corviknight||Leftovers|MirrorArmor|BraveBird,IronHead,Tailwind,Roost|Careful||F|||50|
|showteam|p2|Slowbro||Slowbronite|Oblivious|TrickRoom,ExpandingForce,BodyPress,IronDefense|Quiet||F|||50|]Kingambit||BlackGlasses|Defiant|SwordsDance,KowtowCleave,SuckerPunch,Protect|Brave||M|||50|]Avalugg-Hisui||WideLens|Sturdy|MountainGale,RockSlide,HighHorsepower,WideGuard|Adamant||M|||50|]Hatterene||SitrusBerry|MagicBounce|MagicPowder,DrainingKiss,HealPulse,TrickRoom|Relaxed||F|||50|]Heracross||Heracronite|Moxie|PinMissile,CloseCombat,RockBlast,Detect|Brave||F|||50|]Meowstic||FocusSash|Prankster|PsychicTerrain,Psychic,LightScreen,FakeOut|Timid||M|||50|
|
|t:|1782584854
|teamsize|p1|4
|teamsize|p2|4
|start
|switch|p1a: BERT|Tyranitar, L50, M|100/100
|switch|p1b: Ursalunaa|Garchomp, L50, F, shiny|100/100
|switch|p2a: MA BROSKI|Slowbro, L50, F, shiny|100/100
|switch|p2b: Meowstic|Meowstic, L50, M|100/100
|-weather|Sandstorm|[from] ability: Sand Stream|[of] p1a: BERT
|turn|1
|
|t:|1782584904
|detailschange|p1b: Ursalunaa|Garchomp-Mega, L50, F, shiny
|-mega|p1b: Ursalunaa|Garchomp|Garchompite
|detailschange|p2a: MA BROSKI|Slowbro-Mega, L50, F, shiny
|-mega|p2a: MA BROSKI|Slowbro|Slowbronite
|move|p2b: Meowstic|Psychic Terrain|p2b: Meowstic
|-fieldstart|move: Psychic Terrain
|move|p1b: Ursalunaa|Dragon Claw|p2a: MA BROSKI
|-damage|p2a: MA BROSKI|70/100
|move|p1a: BERT|Knock Off|p2b: Meowstic
|-supereffective|p2b: Meowstic|1
|-enditem|p2b: Meowstic|Focus Sash
|-damage|p2b: Meowstic|1/100
|move|p2a: MA BROSKI|Trick Room|p2a: MA BROSKI
|-fieldstart|move: Trick Room|[of] p2a: MA BROSKI
|
|-weather|Sandstorm|[upkeep]
|-damage|p2a: MA BROSKI|64/100|[from] Sandstorm
|-damage|p2b: Meowstic|0 fnt|[from] Sandstorm
|faint|p2b: Meowstic
|upkeep
|
|t:|1782584927
|switch|p2b: Hatterene|Hatterene, L50, F|100/100
|turn|2
|
|t:|1782584984
|switch|p1b: TeyKNIGHT|Corviknight, L50, F|100/100
|move|p2b: Hatterene|Heal Pulse|p2a: MA BROSKI
|-heal|p2a: MA BROSKI|100/100
|move|p2a: MA BROSKI|Iron Defense|p2a: MA BROSKI
|-boost|p2a: MA BROSKI|def|2
|move|p1a: BERT|Knock Off|p2b: Hatterene
|-damage|p2b: Hatterene|56/100
|-enditem|p2b: Hatterene|Sitrus Berry|[from] move: Knock Off|[of] p1a: BERT
|
|-weather|Sandstorm|[upkeep]
|-damage|p2b: Hatterene|50/100y|[from] Sandstorm
|-damage|p2a: MA BROSKI|94/100|[from] Sandstorm
|upkeep
|turn|3
|
|t:|1782585008
|move|p1a: BERT|Protect|p1a: BERT
|-singleturn|p1a: BERT|Protect
|move|p2b: Hatterene|Draining Kiss|p1a: BERT
|-activate|p1a: BERT|move: Protect
|move|p2a: MA BROSKI|Body Press|p1b: TeyKNIGHT
|-damage|p1b: TeyKNIGHT|49/100
|move|p1b: TeyKNIGHT|Iron Head|p2b: Hatterene
|-supereffective|p2b: Hatterene|1
|-damage|p2b: Hatterene|4/100
|
|-weather|Sandstorm|[upkeep]
|-damage|p2b: Hatterene|0 fnt|[from] Sandstorm
|-damage|p2a: MA BROSKI|88/100|[from] Sandstorm
|faint|p2b: Hatterene
|-heal|p1b: TeyKNIGHT|55/100|[from] item: Leftovers
|upkeep
|
|t:|1782585022
|switch|p2b: Kingambit|Kingambit, L50, M|100/100
|turn|4
|
|t:|1782585042
|move|p2a: MA BROSKI|Body Press|p1a: BERT
|-supereffective|p1a: BERT|2
|-damage|p1a: BERT|0 fnt
|faint|p1a: BERT
|move|p2b: Kingambit|Swords Dance|p2b: Kingambit
|-boost|p2b: Kingambit|atk|2
|move|p1b: TeyKNIGHT|Roost|p1b: TeyKNIGHT
|-heal|p1b: TeyKNIGHT|100/100
|-singleturn|p1b: TeyKNIGHT|move: Roost
|
|-weather|Sandstorm|[upkeep]
|-damage|p2a: MA BROSKI|82/100|[from] Sandstorm
|upkeep
|
|t:|1782585070
|switch|p1a: Ursalunaa|Garchomp-Mega, L50, F, shiny|100/100
|turn|5
|
|t:|1782585084
|move|p1a: Ursalunaa|Protect|p1a: Ursalunaa
|-singleturn|p1a: Ursalunaa|Protect
|move|p2a: MA BROSKI|Expanding Force|p1b: TeyKNIGHT|[spread] p1b
|-activate|p1a: Ursalunaa|move: Protect
|-resisted|p1b: TeyKNIGHT|1
|-damage|p1b: TeyKNIGHT|70/100
|move|p2b: Kingambit|Kowtow Cleave|p1a: Ursalunaa
|-activate|p1a: Ursalunaa|move: Protect
|move|p1b: TeyKNIGHT|Brave Bird|p2a: MA BROSKI
|-damage|p2a: MA BROSKI|71/100
|-damage|p1b: TeyKNIGHT|66/100|[from] Recoil
|
|-weather|none
|-heal|p1b: TeyKNIGHT|72/100|[from] item: Leftovers
|-fieldend|move: Trick Room
|-fieldend|move: Psychic Terrain
|upkeep
|turn|6
|
|t:|1782585134
|move|p2b: Kingambit|Protect|p2b: Kingambit
|-singleturn|p2b: Kingambit|Protect
|move|p1a: Ursalunaa|Dragon Claw|p2a: MA BROSKI
|-damage|p2a: MA BROSKI|57/100
|move|p1b: TeyKNIGHT|Brave Bird|p2a: MA BROSKI
|-damage|p2a: MA BROSKI|46/100
|-damage|p1b: TeyKNIGHT|69/100|[from] Recoil
|move|p2a: MA BROSKI|Trick Room|p2a: MA BROSKI
|-fieldstart|move: Trick Room|[of] p2a: MA BROSKI
|
|-heal|p1b: TeyKNIGHT|75/100|[from] item: Leftovers
|upkeep
|turn|7
|
|t:|1782585157
|move|p1a: Ursalunaa|Protect|p1a: Ursalunaa
|-singleturn|p1a: Ursalunaa|Protect
|move|p2a: MA BROSKI|Body Press|p1a: Ursalunaa
|-activate|p1a: Ursalunaa|move: Protect
|move|p2b: Kingambit|Kowtow Cleave|p1b: TeyKNIGHT
|-damage|p1b: TeyKNIGHT|0 fnt
|faint|p1b: TeyKNIGHT
|
|upkeep
|
|t:|1782585165
|switch|p1b: SpookyZoomies|Houndstone, L50, M|100/100
|turn|8
|
|t:|1782585177
|move|p2a: MA BROSKI|Body Press|p1a: Ursalunaa
|-damage|p1a: Ursalunaa|55/100
|move|p2b: Kingambit|Kowtow Cleave|p1a: Ursalunaa
|-damage|p1a: Ursalunaa|0 fnt
|faint|p1a: Ursalunaa
|move|p1b: SpookyZoomies|Last Respects|p2a: MA BROSKI
|-supereffective|p2a: MA BROSKI|1
|-damage|p2a: MA BROSKI|0 fnt
|faint|p2a: MA BROSKI
|
|upkeep
|turn|9
|
|t:|1782585203
|move|p1b: SpookyZoomies|Protect|p1b: SpookyZoomies
|-singleturn|p1b: SpookyZoomies|Protect
|move|p2b: Kingambit|Kowtow Cleave|p1b: SpookyZoomies
|-activate|p1b: SpookyZoomies|move: Protect
|
|upkeep
|turn|10
|
|t:|1782585213
|move|p2b: Kingambit|Kowtow Cleave|p1b: SpookyZoomies
|-supereffective|p1b: SpookyZoomies|1
|-enditem|p1b: SpookyZoomies|Focus Sash
|-damage|p1b: SpookyZoomies|1/100
|move|p1b: SpookyZoomies|Stomping Tantrum|p2b: Kingambit
|-supereffective|p2b: Kingambit|1
|-damage|p2b: Kingambit|63/100
|
|-fieldend|move: Trick Room
|upkeep
|turn|11
|
|t:|1782585228
|move|p1b: SpookyZoomies|Protect|p1b: SpookyZoomies
|-singleturn|p1b: SpookyZoomies|Protect
|move|p2b: Kingambit|Kowtow Cleave|p1b: SpookyZoomies
|-activate|p1b: SpookyZoomies|move: Protect
|
|upkeep
|turn|12
|
|t:|1782585236
|move|p2b: Kingambit|Sucker Punch|p1b: SpookyZoomies
|-supereffective|p1b: SpookyZoomies|1
|-damage|p1b: SpookyZoomies|0 fnt
|faint|p1b: SpookyZoomies
|
|win|BABYBURGER
