|j|鈽咹owDz2
|j|鈽咼eremiahTheGreat
|html|HowDz2JeremiahTheGreat    
|uhtml|bestof|Game 1 of a best-of-3
|t:|1784135077
|gametype|doubles
|player|p1|HowDz2|lance|
|player|p2|JeremiahTheGreat|101|
|gen|9
|tier|[Gen 9 Champions] VGC 2026 Reg M-B (Bo3)
|rule|Species Clause: Limit one of each Pok茅mon
|rule|Item Clause: Limit 1 of each item
|clearpoke
|poke|p1|Sableye, L50, F|
|poke|p1|Gengar, L50, M|
|poke|p1|Slurpuff, L50, M|
|poke|p1|Scizor, L50, F|
|poke|p1|Feraligatr, L50, F|
|poke|p1|Simisage, L50, F|
|poke|p2|Flareon, L50, M|
|poke|p2|Garbodor, L50, F|
|poke|p2|Sinistcha, L50|
|poke|p2|Tauros, L50, M|
|poke|p2|Audino, L50, F|
|poke|p2|Gyarados, L50, F|
|teampreview|4
|showteam|p1|Sableye||SitrusBerry|Prankster|Gravity,Detect,FakeOut,SunnyDay|Careful||F|||50|]Gengar||Gengarite|CursedBody|Thunderbolt,FocusBlast,ShadowBall,Psychic|Modest||M|||50|]Slurpuff||WhiteHerb|Unburden|Flamethrower,CalmMind,Thunderbolt,Protect|Modest||M|||50|]Scizor||Scizorite|Technician|BulletPunch,Uturn,CloseCombat,SwordsDance|Adamant||F|||50|]Feraligatr||LifeOrb|SheerForce|StompingTantrum,AquaJet,Protect,Roar|Adamant||F|||50|]Simisage||FocusSash|Overgrow|FakeOut,FocusBlast,LeafStorm,GunkShot|Naive||F|||50|
|showteam|p2|Flareon||Charcoal|Guts|FlareBlitz,Superpower,WillOWisp,Detect|Adamant||M|||50|]Garbodor||Leftovers|Aftermath|GunkShot,BodyPress,Curse,Protect|Impish||F|||50|]Sinistcha||KasibBerry|Hospitality|MatchaGotcha,TrickRoom,RagePowder,ShadowBall|Quiet|||||50|]Tauros||ChoiceScarf|Intimidate|ThroatChop,CloseCombat,Flamethrower,RagingBull|Adamant||M|||50|]Audino||Audinite|Healer|Entrainment,LightScreen,Reflect,DazzlingGleam|Calm||F|||50|]Gyarados||Gyaradosite|Intimidate|Crunch,DragonDance,TemperFlare,Protect|Adamant||F|||50|
|c|鈽咼eremiahTheGreat|gl hf
|c|鈽咹owDz2|glhf
|
|t:|1784135141
|teamsize|p1|4
|teamsize|p2|4
|start
|switch|p1a: Sableye|Sableye, L50, F|100/100
|switch|p1b: Gengar|Gengar, L50, M|100/100
|switch|p2a: Flareon|Flareon, L50, M|100/100
|switch|p2b: Tauros|Tauros, L50, M|100/100
|-ability|p2b: Tauros|Intimidate|boost
|-unboost|p1a: Sableye|atk|1
|-unboost|p1b: Gengar|atk|1
|turn|1
|
|t:|1784135179
|detailschange|p1b: Gengar|Gengar-Mega, L50, M
|-mega|p1b: Gengar|Gengar|Gengarite
|move|p1a: Sableye|Gravity|p1a: Sableye
|-fieldstart|move: Gravity
|move|p2b: Tauros|Throat Chop|p1b: Gengar
|-supereffective|p1b: Gengar|1
|-damage|p1b: Gengar|28/100
|-start|p1b: Gengar|Throat Chop|[silent]
|move|p1b: Gengar|Focus Blast|p2b: Tauros
|-supereffective|p2b: Tauros|1
|-damage|p2b: Tauros|0 fnt
|faint|p2b: Tauros
|move|p2a: Flareon|Flare Blitz|p1a: Sableye
|-damage|p1a: Sableye|0 fnt
|faint|p1a: Sableye
|-damage|p2a: Flareon|69/100|[from] Recoil
|
|upkeep
|
|t:|1784135201
|switch|p2b: Sinistcha|Sinistcha, L50|100/100
|switch|p1a: Simisage|Simisage, L50, F|100/100
|-heal|p2a: Flareon|94/100|[from] ability: Hospitality|[of] p2b: Sinistcha
|turn|2
|
|t:|1784135219
|move|p2a: Flareon|Detect|p2a: Flareon
|-singleturn|p2a: Flareon|Protect
|move|p1a: Simisage|Fake Out|p2a: Flareon
|-activate|p2a: Flareon|move: Protect
|move|p1b: Gengar|Shadow Ball|p2b: Sinistcha
|-supereffective|p2b: Sinistcha|1
|-enditem|p2b: Sinistcha|Kasib Berry|[eat]
|-enditem|p2b: Sinistcha|Kasib Berry|[weaken]
|-damage|p2b: Sinistcha|33/100
|move|p2b: Sinistcha|Trick Room|p2b: Sinistcha
|-fieldstart|move: Trick Room|[of] p2b: Sinistcha
|
|-end|p1b: Gengar|Throat Chop|[silent]
|upkeep
|turn|3
|
|t:|1784135258
|move|p2b: Sinistcha|Shadow Ball|p1b: Gengar
|-supereffective|p1b: Gengar|1
|-damage|p1b: Gengar|0 fnt
|faint|p1b: Gengar
|move|p2a: Flareon|Flare Blitz|p1a: Simisage
|-supereffective|p1a: Simisage|1
|-enditem|p1a: Simisage|Focus Sash
|-damage|p1a: Simisage|1/100
|-damage|p2a: Flareon|63/100|[from] Recoil
|move|p1a: Simisage|Gunk Shot|p2b: Sinistcha
|-damage|p2b: Sinistcha|7/100
|
|upkeep
|
|t:|1784135270
|switch|p1b: Scizor|Scizor, L50, F|100/100
|turn|4
|
|t:|1784135285
|move|p1b: Scizor|Bullet Punch|p2b: Sinistcha
|-damage|p2b: Sinistcha|0 fnt
|faint|p2b: Sinistcha
|move|p2a: Flareon|Flare Blitz|p1b: Scizor
|-supereffective|p1b: Scizor|2
|-damage|p1b: Scizor|0 fnt
|faint|p1b: Scizor
|-damage|p2a: Flareon|30/100|[from] Recoil
|move|p1a: Simisage|Gunk Shot|p2a: Flareon
|-damage|p2a: Flareon|0 fnt
|faint|p2a: Flareon
|
|upkeep
|
|t:|1784135297
|switch|p2a: Garbodor|Garbodor, L50, F|100/100
|turn|5
|
|t:|1784135309
|move|p2a: Garbodor|Body Press|p1a: Simisage
|-damage|p1a: Simisage|0 fnt
|faint|p1a: Simisage
|
|win|JeremiahTheGreat
||HowDz2 is ready for game 2.
