|j|☆Traindelpivgc
|j|☆LoveLiveTrickRoom
|html|TraindelpivgcLoveLiveTrickRoom    
|uhtml|bestof|Game 2 of a best-of-3
|t:|1756376382
|gametype|doubles
|player|p1|Traindelpivgc|hilbert-wonderlauncher|1161
|player|p2|LoveLiveTrickRoom|blackbelt-gen1|1107
|gen|9
|tier|[Gen 9] VGC 2025 Reg H (Bo3)
|rated|
|rule|Species Clause: Limit one of each Pokémon
|rule|Item Clause: Limit 1 of each item
|clearpoke
|poke|p1|Incineroar, L50, M|
|poke|p1|Amoonguss, L50, F|
|poke|p1|Ursaluna-Bloodmoon, L50, M|
|poke|p1|Sneasler, L50, F|
|poke|p1|Gholdengo, L50|
|poke|p1|Dragonite, L50, F|
|poke|p2|Sneasler, L50, F|
|poke|p2|Dondozo, L50, F|
|poke|p2|Baxcalibur, L50, M|
|poke|p2|Volcarona, L50, M|
|poke|p2|Rillaboom, L50, F|
|poke|p2|Kingambit, L50, F|
|teampreview|4
|showteam|p1|Incineroar||SafetyGoggles|Intimidate|FlareBlitz,KnockOff,PartingShot,FakeOut|||M|||50|,,,,,Ghost]Amoonguss||SitrusBerry|Regenerator|Spore,RagePowder,PollenPuff,Protect|||F|||50|,,,,,Psychic]Ursaluna-Bloodmoon||AssaultVest|MindsEye|HyperVoice,BloodMoon,EarthPower,VacuumWave|||M|||50|,,,,,Water]Sneasler||FocusSash|Unburden|CloseCombat,DireClaw,ThroatChop,Protect|||F|||50|,,,,,Stellar]Gholdengo||LifeOrb|GoodasGold|MakeItRain,ShadowBall,NastyPlot,Protect||||||50|,,,,,Water]Dragonite||LoadedDice|Multiscale|ScaleShot,Tailwind,Haze,Protect|||F|||50|,,,,,Fairy
|showteam|p2|Sneasler||FocusSash|Unburden|Protect,CloseCombat,DireClaw,Coaching|||F|||50|,,,,,Stellar]Dondozo||Leftovers|Unaware|Protect,Yawn,Liquidation,Fissure|||F|||50|,,,,,Bug]Baxcalibur||LoadedDice|ThermalExchange|Protect,IceShard,ScaleShot,IcicleSpear|||M|||50|,,,,,Ghost]Volcarona||CovertCloak|FlameBody|QuiverDance,HeatWave,TeraBlast,RagePowder|||M|||50|,,,,,Fairy]Rillaboom||AssaultVest|GrassySurge|GrassyGlide,FakeOut,HighHorsepower,WoodHammer|||F|||50|,,,,,Water]Kingambit||SafetyGoggles|Defiant|Protect,SwordsDance,KowtowCleave,SuckerPunch|||F|||50|,,,,,Dark
|
|t:|1756376397
|teamsize|p1|4
|teamsize|p2|4
|start
|switch|p1a: Incineroar|Incineroar, L50, M|100/100
|switch|p1b: Gholdengo|Gholdengo, L50|100/100
|switch|p2a: Volcarona|Volcarona, L50, M|100/100
|switch|p2b: Kingambit|Kingambit, L50, F, shiny|100/100
|-ability|p1a: Incineroar|Intimidate|boost
|-unboost|p2a: Volcarona|atk|1
|-unboost|p2b: Kingambit|atk|1
|-ability|p2b: Kingambit|Defiant|boost
|-boost|p2b: Kingambit|atk|2
|turn|1
|inactive|Battle timer is ON: inactive players will automatically lose when time's up. (requested by Traindelpivgc)
|inactive|Traindelpivgc has 60 seconds left.
|
|t:|1756376430
|-terastallize|p1b: Gholdengo|Water
|move|p2b: Kingambit|Protect|p2b: Kingambit
|-singleturn|p2b: Kingambit|Protect
|move|p1b: Gholdengo|Nasty Plot|p1b: Gholdengo
|-boost|p1b: Gholdengo|spa|2
|move|p2a: Volcarona|Quiver Dance|p2a: Volcarona
|-boost|p2a: Volcarona|spa|1
|-boost|p2a: Volcarona|spd|1
|-boost|p2a: Volcarona|spe|1
|move|p1a: Incineroar|Flare Blitz|p2b: Kingambit
|-activate|p2b: Kingambit|move: Protect
|
|upkeep
|turn|2
|
|t:|1756376454
|-terastallize|p2b: Kingambit|Dark
|move|p2b: Kingambit|Sucker Punch|p1b: Gholdengo
|-damage|p1b: Gholdengo|21/100
|move|p2a: Volcarona|Quiver Dance|p2a: Volcarona
|-boost|p2a: Volcarona|spa|1
|-boost|p2a: Volcarona|spd|1
|-boost|p2a: Volcarona|spe|1
|move|p1b: Gholdengo|Make It Rain|p2a: Volcarona|[spread] p2a,p2b
|-resisted|p2a: Volcarona
|-damage|p2a: Volcarona|72/100
|-damage|p2b: Kingambit|0 fnt
|-unboost|p1b: Gholdengo|spa|1
|faint|p2b: Kingambit
|-damage|p1b: Gholdengo|12/100|[from] item: Life Orb
|move|p1a: Incineroar|Flare Blitz|p2a: Volcarona
|-damage|p2a: Volcarona|13/100
|-damage|p1a: Incineroar|83/100|[from] Recoil
|
|upkeep
|
|t:|1756376463
|switch|p2b: Baxcalibur|Baxcalibur, L50, M|100/100
|turn|3
|inactive|Traindelpivgc has 30 seconds left.
|inactive|Traindelpivgc has 20 seconds left.
|inactive|Traindelpivgc has 15 seconds left.
|inactive|Traindelpivgc has 10 seconds left.
|
|t:|1756376510
|switch|p1b: Ursaluna|Ursaluna-Bloodmoon, L50, M|100/100
|move|p2a: Volcarona|Heat Wave|p1b: Ursaluna|[spread] p1a,p1b
|-resisted|p1a: Incineroar
|-damage|p1a: Incineroar|54/100
|-damage|p1b: Ursaluna|57/100
|move|p2b: Baxcalibur|Scale Shot|p1a: Incineroar
|-damage|p1a: Incineroar|40/100
|-damage|p1a: Incineroar|28/100
|-damage|p1a: Incineroar|15/100
|-damage|p1a: Incineroar|2/100
|-hitcount|p1a: Incineroar|4
|-unboost|p2b: Baxcalibur|def|1
|-boost|p2b: Baxcalibur|spe|1
|move|p1a: Incineroar|Knock Off|p2b: Baxcalibur
|-damage|p2b: Baxcalibur|44/100
|-enditem|p2b: Baxcalibur|Loaded Dice|[from] move: Knock Off|[of] p1a: Incineroar
|
|upkeep
|turn|4
|inactive|Traindelpivgc has 30 seconds left.
|inactive|Traindelpivgc has 20 seconds left.
|
|t:|1756376547
|switch|p1a: Gholdengo|Gholdengo, L50, tera:Water|12/100
|move|p1b: Ursaluna|Vacuum Wave|p2a: Volcarona
|-resisted|p2a: Volcarona
|-crit|p2a: Volcarona
|-damage|p2a: Volcarona|1/100
|move|p2a: Volcarona|Heat Wave|p1b: Ursaluna|[spread] p1a,p1b
|-resisted|p1a: Gholdengo
|-damage|p1a: Gholdengo|0 fnt
|-damage|p1b: Ursaluna|9/100
|faint|p1a: Gholdengo
|move|p2b: Baxcalibur|Icicle Spear|p1b: Ursaluna
|-supereffective|p1b: Ursaluna
|-damage|p1b: Ursaluna|0 fnt
|faint|p1b: Ursaluna
|-hitcount|p1: Ursaluna|1
|
|upkeep
|
|t:|1756376561
|switch|p1a: Sneasler|Sneasler, L50, F|100/100
|switch|p1b: Incineroar|Incineroar, L50, M|2/100
|-ability|p1b: Incineroar|Intimidate|boost
|-unboost|p2a: Volcarona|atk|1
|-unboost|p2b: Baxcalibur|atk|1
|turn|5
|
|t:|1756376581
|move|p2b: Baxcalibur|Protect|p2b: Baxcalibur
|-singleturn|p2b: Baxcalibur|Protect
|move|p1b: Incineroar|Fake Out|p2a: Volcarona
|-damage|p2a: Volcarona|0 fnt
|faint|p2a: Volcarona
|move|p1a: Sneasler|Dire Claw|p2b: Baxcalibur
|-activate|p2b: Baxcalibur|move: Protect
|
|upkeep
|
|t:|1756376592
|switch|p2a: Dondozo|Dondozo, L50, F, shiny|100/100
|turn|6
|
|t:|1756376615
|move|p1a: Sneasler|Protect|p1a: Sneasler
|-singleturn|p1a: Sneasler|Protect
|move|p2b: Baxcalibur|Ice Shard|p1b: Incineroar
|-resisted|p1b: Incineroar
|-damage|p1b: Incineroar|0 fnt
|faint|p1b: Incineroar
|move|p2a: Dondozo|Yawn|p1a: Sneasler
|-activate|p1a: Sneasler|move: Protect
|
|upkeep
|turn|7
|
|t:|1756376629
|move|p2b: Baxcalibur|Icicle Spear|p1a: Sneasler
|-damage|p1a: Sneasler|85/100
|-damage|p1a: Sneasler|70/100
|-damage|p1a: Sneasler|52/100
|-hitcount|p1a: Sneasler|3
|move|p1a: Sneasler|Dire Claw|p2b: Baxcalibur
|-damage|p2b: Baxcalibur|0 fnt
|faint|p2b: Baxcalibur
|move|p2a: Dondozo|Yawn|p1a: Sneasler
|-start|p1a: Sneasler|move: Yawn|[of] p2a: Dondozo
|
|upkeep
|turn|8
|
|t:|1756376641
|move|p2a: Dondozo|Protect|p2a: Dondozo
|-singleturn|p2a: Dondozo|Protect
|move|p1a: Sneasler|Dire Claw|p2a: Dondozo
|-activate|p2a: Dondozo|move: Protect
|
|-end|p1a: Sneasler|move: Yawn|[silent]
|-status|p1a: Sneasler|slp
|upkeep
|turn|9
|
|t:|1756376648
|cant|p1a: Sneasler|slp
|move|p2a: Dondozo|Liquidation|p1a: Sneasler
|-damage|p1a: Sneasler|0 fnt
|faint|p1a: Sneasler
|
|win|LoveLiveTrickRoom
|l|☆Traindelpivgc
|player|p1|
||LoveLiveTrickRoom is ready for game 3.
|inactive|Traindelpivgc has 30 seconds to confirm battle start!
||Traindelpivgc is ready for game 3.
|uhtml|next|Next: Game 3 of 3
|j|☆Traindelpivgc
|player|p1|Traindelpivgc|hilbert-wonderlauncher|
|l|☆LoveLiveTrickRoom
|player|p2|
|j|☆LoveLiveTrickRoom
|player|p2|LoveLiveTrickRoom|blackbelt-gen1|
