|j|☆CammelloGasante
|j|☆sbhaga34
|html|CammelloGasantesbhaga34    
|uhtml|bestof|Game 1 of a best-of-3
|t:|1784216581
|gametype|doubles
|player|p1|CammelloGasante|palmer|1235
|player|p2|sbhaga34|hugh|1288
|gen|9
|tier|[Gen 9 Champions] VGC 2026 Reg M-B (Bo3)
|rated|
|rule|Species Clause: Limit one of each Pokémon
|rule|Item Clause: Limit 1 of each item
|clearpoke
|poke|p1|Staraptor, L50, F|
|poke|p1|Whimsicott, L50, M|
|poke|p1|Gholdengo, L50|
|poke|p1|Tyranitar, L50, F|
|poke|p1|Venusaur, L50, F|
|poke|p1|Mamoswine, L50, F|
|poke|p2|Excadrill, L50, F|
|poke|p2|Tyranitar, L50, F|
|poke|p2|Corviknight, L50, M|
|poke|p2|Rotom-Wash, L50|
|poke|p2|Chandelure, L50, F|
|poke|p2|Clefable, L50, M|
|teampreview|4
|showteam|p1|Staraptor||Staraptite|Intimidate|CloseCombat,DualWingbeat,Roost,Protect|Jolly||F|||50|]Whimsicott||FocusSash|Prankster|Moonblast,Charm,FakeTears,Tailwind|Timid||M|||50|]Gholdengo||LifeOrb|GoodasGold|MakeItRain,ShadowBall,PowerGem,Protect|Modest|||||50|]Tyranitar||WhiteHerb|SandStream|RockSlide,Crunch,RockTomb,Protect|Adamant||F|||50|]Venusaur||Venusaurite|Chlorophyll|EnergyBall,EarthPower,SludgeBomb,Protect|Modest||F|||50|]Mamoswine||ChoiceScarf|Oblivious|IcicleCrash,RockSlide,HighHorsepower,IceShard|Jolly||F|||50|
|showteam|p2|Excadrill||FocusSash|SandRush|Earthquake,IronHead,SwordsDance,Protect|Adamant||F|||50|]Tyranitar||Tyranitarite|SandStream|RockSlide,KnockOff,LowKick,Protect|Adamant||F|||50|]Corviknight||SharpBeak|MirrorArmor|BraveBird,Tailwind,BulkUp,Roost|Careful||M|||50|]Rotom-Wash||ChoiceScarf|Levitate|VoltSwitch,Thunderbolt,Electroweb,HydroPump|Timid|||||50|]Chandelure||ShucaBerry|FlashFire|HeatWave,ShadowBall,TrickRoom,Protect|Modest||F|||50|]Clefable||Clefablite|MagicGuard|FollowMe,Moonblast,HealPulse,Protect|Modest||M|||50|
|inactive|Battle timer is ON: inactive players will automatically lose when time's up. (requested by CammelloGasante)
|inactive|CammelloGasante has 60 seconds left.
|
|t:|1784216620
|teamsize|p1|4
|teamsize|p2|4
|start
|switch|p1a: Venusaur|Venusaur, L50, F|100/100
|switch|p1b: Whimsicott|Whimsicott, L50, M|100/100
|switch|p2a: Corviknight|Corviknight, L50, M|100/100
|switch|p2b: Rotom|Rotom-Wash, L50|100/100
|turn|1
|
|t:|1784216635
|switch|p2b: Tyranitar|Tyranitar, L50, F|100/100
|-weather|Sandstorm|[from] ability: Sand Stream|[of] p2b: Tyranitar
|detailschange|p1a: Venusaur|Venusaur-Mega, L50, F
|-mega|p1a: Venusaur|Venusaur|Venusaurite
|move|p1b: Whimsicott|Tailwind|p1b: Whimsicott
|-sidestart|p1: CammelloGasante|move: Tailwind
|move|p1a: Venusaur|Energy Ball|p2b: Tyranitar
|-supereffective|p2b: Tyranitar|1
|-damage|p2b: Tyranitar|49/100
|move|p2a: Corviknight|Brave Bird|p1b: Whimsicott
|-supereffective|p1b: Whimsicott|1
|-enditem|p1b: Whimsicott|Focus Sash
|-damage|p1b: Whimsicott|1/100
|-damage|p2a: Corviknight|77/100|[from] Recoil
|
|-weather|Sandstorm|[upkeep]
|-damage|p1b: Whimsicott|0 fnt|[from] Sandstorm
|-damage|p1a: Venusaur|94/100|[from] Sandstorm
|faint|p1b: Whimsicott
|upkeep
|
|t:|1784216640
|switch|p1b: Mamoswine|Mamoswine, L50, F|100/100
|turn|2
|
|t:|1784216661
|move|p2b: Tyranitar|Protect|p2b: Tyranitar
|-singleturn|p2b: Tyranitar|Protect
|move|p1b: Mamoswine|Icicle Crash|p2a: Corviknight
|-damage|p2a: Corviknight|41/100
|move|p1a: Venusaur|Energy Ball|p2b: Tyranitar
|-activate|p2b: Tyranitar|move: Protect
|move|p2a: Corviknight|Tailwind|p2a: Corviknight
|-sidestart|p2: sbhaga34|move: Tailwind
|
|-weather|Sandstorm|[upkeep]
|-damage|p1a: Venusaur|88/100|[from] Sandstorm
|upkeep
|turn|3
|
|t:|1784216676
|switch|p2a: Rotom|Rotom-Wash, L50|100/100
|move|p1b: Mamoswine|Icicle Crash|p2a: Rotom|[miss]
|-miss|p1b: Mamoswine|p2a: Rotom
|move|p1a: Venusaur|Energy Ball|p2b: Tyranitar
|-supereffective|p2b: Tyranitar|1
|-damage|p2b: Tyranitar|0 fnt
|faint|p2b: Tyranitar
|
|-weather|Sandstorm|[upkeep]
|-damage|p2a: Rotom|94/100|[from] Sandstorm
|-damage|p1a: Venusaur|82/100|[from] Sandstorm
|upkeep
|
|t:|1784216683
|switch|p2b: Excadrill|Excadrill, L50, F|100/100
|turn|4
|
|t:|1784216695
|switch|p2a: Corviknight|Corviknight, L50, M|41/100
|move|p2b: Excadrill|Iron Head|p1b: Mamoswine
|-supereffective|p1b: Mamoswine|1
|-damage|p1b: Mamoswine|0 fnt
|faint|p1b: Mamoswine
|move|p1a: Venusaur|Energy Ball|p2a: Corviknight
|-resisted|p2a: Corviknight|2
|-damage|p2a: Corviknight|32/100
|
|-weather|Sandstorm|[upkeep]
|-damage|p1a: Venusaur|77/100|[from] Sandstorm
|-sideend|p1: CammelloGasante|move: Tailwind
|upkeep
|
|t:|1784216699
|switch|p1b: Gholdengo|Gholdengo, L50|100/100
|turn|5
|
|t:|1784216712
|move|p1b: Gholdengo|Protect|p1b: Gholdengo
|-singleturn|p1b: Gholdengo|Protect
|move|p1a: Venusaur|Protect|p1a: Venusaur
|-singleturn|p1a: Venusaur|Protect
|move|p2b: Excadrill|Swords Dance|p2b: Excadrill
|-boost|p2b: Excadrill|atk|2
|move|p2a: Corviknight|Brave Bird|p1a: Venusaur
|-activate|p1a: Venusaur|move: Protect
|
|-weather|none
|-sideend|p2: sbhaga34|move: Tailwind
|upkeep
|turn|6
|
|t:|1784216725
|move|p2b: Excadrill|Earthquake|p1b: Gholdengo|[spread] p1a,p1b
|-immune|p2a: Corviknight
|-supereffective|p1b: Gholdengo|1
|-damage|p1a: Venusaur|4/100
|-damage|p1b: Gholdengo|0 fnt
|faint|p1b: Gholdengo
|move|p1a: Venusaur|Energy Ball|p2b: Excadrill
|-damage|p2b: Excadrill|33/100
|move|p2a: Corviknight|Tailwind|p2a: Corviknight
|-sidestart|p2: sbhaga34|move: Tailwind
|
|upkeep
|turn|7
|-message|CammelloGasante forfeited.
|
|win|sbhaga34
