|j|☆stellar boy
|j|☆ihearttheidf
|html|stellar boyihearttheidf    
|uhtml|bestof|Game 2 of a best-of-3
|t:|1756656256
|gametype|doubles
|player|p1|stellar boy|169|1000
|player|p2|ihearttheidf|265|1040
|gen|9
|tier|[Gen 9] VGC 2025 Reg H (Bo3)
|rated|
|rule|Species Clause: Limit one of each Pokémon
|rule|Item Clause: Limit 1 of each item
|clearpoke
|poke|p1|Charizard, L50, M|
|poke|p1|Torkoal, L50, M|
|poke|p1|Porygon2, L50|
|poke|p1|Incineroar, L50, M|
|poke|p1|Jumpluff, L50, F|
|poke|p1|Ursaluna, L50, M|
|poke|p2|Pelipper, L50, F|
|poke|p2|Archaludon, L50, F|
|poke|p2|Maushold, L50|
|poke|p2|Annihilape, L50, M|
|poke|p2|Sinistcha, L50|
|poke|p2|Tinkaton, L50, F|
|teampreview|4
|showteam|p1|Charizard||ChoiceSpecs|SolarPower|HeatWave,Overheat,WeatherBall,AirSlash|||M|||50|,,,,,Ghost]Torkoal||EjectPack|Drought|Eruption,Overheat,HelpingHand,Protect|||M|||50|,,,,,Fire]Porygon2||Eviolite|Download|TeraBlast,IceBeam,Recover,TrickRoom||||||50|,,,,,Fighting]Incineroar||SitrusBerry|Intimidate|FlareBlitz,KnockOff,FakeOut,PartingShot|||M|||50|,,,,,Ghost]Jumpluff||CovertCloak|Chlorophyll|SleepPowder,SunnyDay,RagePowder,Tailwind|||F|||50|,,,,,Water]Ursaluna||FlameOrb|Guts|HeadlongRush,Facade,Earthquake,Protect|||M|||50|,,,,,Ghost
|showteam|p2|Pelipper||LifeOrb|Drizzle|Protect,Hurricane,Tailwind,WeatherBall|||F|||50|,,,,,Ground]Archaludon||WhiteHerb|Stamina|ElectroShot,DracoMeteor,BodyPress,FlashCannon|||F|||50|,,,,,Grass]Maushold||FocusSash|FriendGuard|BeatUp,FollowMe,Taunt,Protect||||||50|,,,,,Ghost]Annihilape||SafetyGoggles|Defiant|Protect,BulkUp,DrainPunch,RageFist|||M|||50|,,,,,Dragon]Sinistcha||SitrusBerry|Hospitality|StrengthSap,MatchaGotcha,RagePowder,Protect||||||50|,,,,,Grass]Tinkaton||CovertCloak|MoldBreaker|Protect,FakeOut,RockSlide,GigatonHammer|||F|||50|,,,,,Fire
|
|t:|1756656283
|teamsize|p1|4
|teamsize|p2|4
|start
|switch|p1a: Charizard|Charizard, L50, M|100/100
|switch|p1b: Jumpluff|Jumpluff, L50, F|100/100
|switch|p2a: Annihilape|Annihilape, L50, M, shiny|100/100
|switch|p2b: Tinkaton|Tinkaton, L50, F, shiny|100/100
|-ability|p2b: Tinkaton|Mold Breaker
|turn|1
|
|t:|1756656312
|switch|p1b: Torkoal|Torkoal, L50, M|100/100
|-weather|SunnyDay|[from] ability: Drought|[of] p1b: Torkoal
|-terastallize|p1a: Charizard|Ghost
|move|p2b: Tinkaton|Fake Out|p1a: Charizard
|-immune|p1a: Charizard
|move|p1a: Charizard|Heat Wave|p2a: Annihilape|[spread] p2b
|-miss|p1a: Charizard|p2a: Annihilape
|-supereffective|p2b: Tinkaton
|-damage|p2b: Tinkaton|0 fnt
|faint|p2b: Tinkaton
|move|p2a: Annihilape|Rage Fist|p1a: Charizard
|-supereffective|p1a: Charizard
|-damage|p1a: Charizard|38/100
|
|-weather|SunnyDay|[upkeep]
|-damage|p1a: Charizard|25/100|[from] ability: Solar Power|[of] p1a: Charizard
|upkeep
|
|t:|1756656338
|switch|p2b: Maushold|Maushold, L50|100/100
|turn|2
|
|t:|1756656357
|move|p1b: Torkoal|Helping Hand|p1a: Charizard
|-singleturn|p1a: Charizard|Helping Hand|[of] p1b: Torkoal
|move|p2b: Maushold|Protect|p2b: Maushold
|-singleturn|p2b: Maushold|Protect
|move|p1a: Charizard|Heat Wave|p2a: Annihilape|[spread] p2a
|-activate|p2b: Maushold|move: Protect
|-damage|p2a: Annihilape|0 fnt
|faint|p2a: Annihilape
|
|-weather|SunnyDay|[upkeep]
|-damage|p1a: Charizard|13/100|[from] ability: Solar Power|[of] p1a: Charizard
|upkeep
|
|t:|1756656373
|switch|p2a: Archaludon|Archaludon, L50, F|100/100
|turn|3
|
|t:|1756656386
|switch|p1a: Jumpluff|Jumpluff, L50, F|100/100
|move|p2b: Maushold|Beat Up|p2a: Archaludon
|-damage|p2a: Archaludon|99/100
|-ability|p2a: Archaludon|Stamina|boost
|-boost|p2a: Archaludon|def|1
|-damage|p2a: Archaludon|98/100
|-ability|p2a: Archaludon|Stamina|boost
|-boost|p2a: Archaludon|def|1
|-hitcount|p2a: Archaludon|2
|move|p2a: Archaludon|Body Press|p1b: Torkoal
|-damage|p1b: Torkoal|65/100
|move|p1b: Torkoal|Overheat|p2a: Archaludon
|-damage|p2a: Archaludon|26/100
|-unboost|p1b: Torkoal|spa|2
|-ability|p2a: Archaludon|Stamina|boost
|-boost|p2a: Archaludon|def|1
|-enditem|p1b: Torkoal|Eject Pack
|
|t:|1756656402
|switch|p1b: Ursaluna|Ursaluna, L50, M|100/100
|
|-weather|SunnyDay|[upkeep]
|-status|p1b: Ursaluna|brn|[from] item: Flame Orb
|upkeep
|turn|4
|
|t:|1756656428
|move|p1a: Jumpluff|Tailwind|p1a: Jumpluff
|-sidestart|p1: stellar boy|move: Tailwind
|move|p1b: Ursaluna|Earthquake|p2b: Maushold|[spread] p2a,p2b
|-immune|p1a: Jumpluff
|-supereffective|p2a: Archaludon
|-damage|p2a: Archaludon|0 fnt
|-damage|p2b: Maushold|22/100
|faint|p2a: Archaludon
|move|p2b: Maushold|Beat Up|p2: Archaludon|[notarget]
|-fail|p2b: Maushold
|
|-weather|SunnyDay|[upkeep]
|-damage|p1b: Ursaluna|95/100 brn|[from] brn
|upkeep
|turn|5
|-message|ihearttheidf forfeited.
|raw|stellar boy's rating: 1000 → 1045(+45 for winning)
|raw|ihearttheidf's rating: 1040 → 1022(-18 for losing)
|
|win|stellar boy
