|j|☆Filippo1226
|j|☆Cristante terabug
|html|Filippo1226Cristante terabug    
|uhtml|bestof|Game 2 of a best-of-3
|t:|1757018877
|gametype|doubles
|player|p1|Filippo1226|dragontamer|1246
|player|p2|Cristante terabug|kieran-champion|1283
|gen|9
|tier|[Gen 9] VGC 2025 Reg H (Bo3)
|rated|
|rule|Species Clause: Limit one of each Pokémon
|rule|Item Clause: Limit 1 of each item
|clearpoke
|poke|p1|Talonflame, L50, F|
|poke|p1|Kommo-o, L50, F|
|poke|p1|Mamoswine, L50, M|
|poke|p1|Gholdengo, L50|
|poke|p1|Gallade, L50, M|
|poke|p1|Electabuzz, L50, M|
|poke|p2|Incineroar, L50, M|
|poke|p2|Pelipper, L50, M|
|poke|p2|Archaludon, L50, M|
|poke|p2|Dragonite, L50, M|
|poke|p2|Sinistcha, L50|
|poke|p2|Ursaluna, L50, M|
|teampreview|4
|showteam|p1|Talonflame||CovertCloak|GaleWings|DualWingbeat,Taunt,Tailwind,QuickGuard|||F|||50|,,,,,Flying]Kommo-o||ChoiceSpecs|Overcoat|ClangingScales,Flamethrower,AuraSphere,DracoMeteor|||F|||50|,,,,,Dragon]Mamoswine||LoadedDice|Oblivious|IcicleSpear,Earthquake,HighHorsepower,Protect|||M|||50|,,,,,Ground]Gholdengo||LifeOrb|GoodasGold|MakeItRain,ShadowBall,NastyPlot,Protect||||||50|,,,,,Water]Gallade||SitrusBerry|Sharpness|SacredSword,Imprison,TrickRoom,PsychoCut|||M|||50|,,,,,Dark]Electabuzz||Eviolite|VitalSpirit|Electroweb,FollowMe,Thunderbolt,Protect|||M|||50|,,,,,Flying
|showteam|p2|Incineroar||SafetyGoggles|Intimidate|FakeOut,PartingShot,KnockOff,Taunt|||M|||50|,,,,,Ghost]Pelipper||FocusSash|Drizzle|Hurricane,MuddyWater,Tailwind,Protect|||M|||50|,,,,,Ghost]Archaludon||AssaultVest|Stamina|ElectroShot,Snarl,FlashCannon,BodyPress|||M|||50|,,,,,Fighting]Dragonite||LoadedDice|Multiscale|ScaleShot,Tailwind,Haze,Protect|||M|||50|,,,,,Fairy]Sinistcha||SitrusBerry|Hospitality|MatchaGotcha,RagePowder,LifeDew,TrickRoom||||||50|,,,,,Dark]Ursaluna||FlameOrb|Guts|Earthquake,Facade,HeadlongRush,Protect|||M|||50|,,,,,Ghost
|inactive|Battle timer is ON: inactive players will automatically lose when time's up. (requested by Filippo1226)
|
|t:|1757018914
|teamsize|p1|4
|teamsize|p2|4
|start
|switch|p1a: Talonflame|Talonflame, L50, F|100/100
|switch|p1b: Mamoswine|Mamoswine, L50, M|100/100
|switch|p2a: Paolo|Dragonite, L50, M|100/100
|switch|p2b: Olmo|Ursaluna, L50, M|100/100
|turn|1
|
|t:|1757018936
|-terastallize|p2a: Paolo|Fairy
|move|p2b: Olmo|Protect|p2b: Olmo
|-singleturn|p2b: Olmo|Protect
|move|p1a: Talonflame|Tailwind|p1a: Talonflame
|-sidestart|p1: Filippo1226|move: Tailwind
|move|p1b: Mamoswine|Icicle Spear|p2a: Paolo
|-damage|p2a: Paolo|92/100
|-damage|p2a: Paolo|75/100
|-damage|p2a: Paolo|57/100
|-damage|p2a: Paolo|41/100
|-hitcount|p2a: Paolo|4
|move|p2a: Paolo|Scale Shot|p1a: Talonflame
|-crit|p1a: Talonflame
|-damage|p1a: Talonflame|65/100
|-damage|p1a: Talonflame|44/100
|-damage|p1a: Talonflame|22/100
|-damage|p1a: Talonflame|2/100
|-damage|p1a: Talonflame|0 fnt
|faint|p1a: Talonflame
|-hitcount|p1: Talonflame|5
|-unboost|p2a: Paolo|def|1
|-boost|p2a: Paolo|spe|1
|
|-status|p2b: Olmo|brn|[from] item: Flame Orb
|upkeep
|
|t:|1757018945
|switch|p1a: Gholdengo|Gholdengo, L50|100/100
|turn|2
|
|t:|1757018964
|switch|p2b: De Marinis|Incineroar, L50, M|100/100
|-ability|p2b: De Marinis|Intimidate|boost
|-unboost|p1a: Gholdengo|atk|1
|-fail|p1b: Mamoswine|unboost|Attack|[from] ability: Oblivious|[of] p1b: Mamoswine
|move|p1a: Gholdengo|Nasty Plot|p1a: Gholdengo
|-boost|p1a: Gholdengo|spa|2
|move|p1b: Mamoswine|Icicle Spear|p2b: De Marinis
|-resisted|p2b: De Marinis
|-damage|p2b: De Marinis|93/100
|-resisted|p2b: De Marinis
|-damage|p2b: De Marinis|87/100
|-resisted|p2b: De Marinis
|-damage|p2b: De Marinis|80/100
|-resisted|p2b: De Marinis
|-damage|p2b: De Marinis|73/100
|-hitcount|p2b: De Marinis|4
|move|p2a: Paolo|Tailwind|p2a: Paolo
|-sidestart|p2: Cristante terabug|move: Tailwind
|
|upkeep
|turn|3
|
|t:|1757018980
|move|p2a: Paolo|Haze|p2a: Paolo
|-clearallboost
|move|p1a: Gholdengo|Make It Rain|p2a: Paolo|[spread] p2a,p2b
|-supereffective|p2a: Paolo
|-resisted|p2b: De Marinis
|-damage|p2a: Paolo|0 fnt
|-damage|p2b: De Marinis|48/100
|-unboost|p1a: Gholdengo|spa|1
|faint|p2a: Paolo
|-damage|p1a: Gholdengo|91/100|[from] item: Life Orb
|move|p1b: Mamoswine|High Horsepower|p2b: De Marinis
|-supereffective|p2b: De Marinis
|-damage|p2b: De Marinis|0 fnt
|faint|p2b: De Marinis
|
|upkeep
|
|t:|1757018993
|switch|p2a: Olmo|Ursaluna, L50, M|100/100 brn
|switch|p2b: Luca|Archaludon, L50, M|100/100
|turn|4
|inactive|Cristante terabug has 30 seconds left.
|inactive|Filippo1226 has 30 seconds left.
|inactive|Filippo1226 has 20 seconds left.
|
|t:|1757019040
|switch|p1a: Kommo-o|Kommo-o, L50, F|100/100
|-terastallize|p1b: Mamoswine|Ground
|move|p2a: Olmo|Protect|p2a: Olmo
|-singleturn|p2a: Olmo|Protect
|move|p1b: Mamoswine|High Horsepower|p2b: Luca
|-supereffective|p2b: Luca
|-damage|p2b: Luca|7/100
|-ability|p2b: Luca|Stamina|boost
|-boost|p2b: Luca|def|1
|move|p2b: Luca|Flash Cannon|p1b: Mamoswine
|-damage|p1b: Mamoswine|49/100
|
|-damage|p2a: Olmo|94/100 brn|[from] brn
|-sideend|p1: Filippo1226|move: Tailwind
|upkeep
|turn|5
|
|t:|1757019061
|move|p1b: Mamoswine|Protect|p1b: Mamoswine
|-singleturn|p1b: Mamoswine|Protect
|move|p2b: Luca|Flash Cannon|p1b: Mamoswine
|-activate|p1b: Mamoswine|move: Protect
|move|p2a: Olmo|Facade|p1a: Kommo-o
|-damage|p1a: Kommo-o|0 fnt
|faint|p1a: Kommo-o
|
|-damage|p2a: Olmo|88/100 brn|[from] brn
|-sideend|p2: Cristante terabug|move: Tailwind
|upkeep
|
|t:|1757019067
|switch|p1a: Gholdengo|Gholdengo, L50|91/100
|turn|6
|
|t:|1757019075
|move|p1a: Gholdengo|Make It Rain|p2b: Luca|[spread] p2a,p2b
|-resisted|p2b: Luca
|-damage|p2a: Olmo|24/100 brn
|-damage|p2b: Luca|0 fnt
|-unboost|p1a: Gholdengo|spa|1
|faint|p2b: Luca
|-damage|p1a: Gholdengo|81/100|[from] item: Life Orb
|move|p1b: Mamoswine|Icicle Spear|p2a: Olmo
|-supereffective|p2a: Olmo
|-damage|p2a: Olmo|2/100 brn
|-supereffective|p2a: Olmo
|-damage|p2a: Olmo|0 fnt
|faint|p2a: Olmo
|-hitcount|p2: Olmo|2
|
|win|Filippo1226
|raw|Filippo1226's rating: 1246 → 1274(+28 for winning)
|raw|Cristante terabug's rating: 1283 → 1255(-28 for losing)
|l|☆Filippo1226
|player|p1|
