|j|☆Actoradoboy fan
|j|☆furretusedpunch
|html|Actoradoboy fanfurretusedpunch    
|uhtml|bestof|Game 1 of a best-of-3
|t:|1756610555
|gametype|doubles
|player|p1|Actoradoboy fan|wattson|1226
|player|p2|furretusedpunch|lacey|1290
|gen|9
|tier|[Gen 9] VGC 2025 Reg H (Bo3)
|rated|
|rule|Species Clause: Limit one of each Pokémon
|rule|Item Clause: Limit 1 of each item
|clearpoke
|poke|p1|Tyranitar, L50, F|
|poke|p1|Excadrill, L50, F|
|poke|p1|Gholdengo, L50|
|poke|p1|Basculegion, L50, M|
|poke|p1|Amoonguss, L50, M|
|poke|p1|Incineroar, L50, F|
|poke|p2|Gholdengo, L50|
|poke|p2|Sneasler, L50, M|
|poke|p2|Rillaboom, L50, F|
|poke|p2|Dragonite, L50, M|
|poke|p2|Ninetales-Alola, L50, M|
|poke|p2|Arcanine-Hisui, L50, M|
|teampreview|4
|showteam|p1|Tyranitar||AssaultVest|SandStream|RockSlide,KnockOff,LowKick,TeraBlast|||F|||50|,,,,,Flying]Excadrill||FocusSash|SandRush|Earthquake,HighHorsepower,IronHead,Protect|||F|||50|,,,,,Ground]Gholdengo||LifeOrb|GoodasGold|MakeItRain,ShadowBall,NastyPlot,Protect||||||50|,,,,,Water]Basculegion||ChoiceScarf|Adaptability|WaveCrash,LastRespects,FlipTurn,TeraBlast|||M|||50|,,,,,Grass]Amoonguss||SitrusBerry|Regenerator|Spore,Protect,PollenPuff,RagePowder|||M|||50|,,,,,Psychic]Incineroar||SafetyGoggles|Intimidate|FlareBlitz,KnockOff,PartingShot,FakeOut|||F|||50|,,,,,Ghost
|showteam|p2|Gholdengo||GrassySeed|GoodasGold|NastyPlot,MakeItRain,ShadowBall,Protect||||||50|,,,,,Water]Sneasler||WhiteHerb|Unburden|CloseCombat,DireClaw,Coaching,Protect|||M|||50|,,,,,Ghost]Rillaboom||AssaultVest|GrassySurge|FakeOut,GrassyGlide,DrumBeating,HighHorsepower|||F|||50|,,,,,Fire]Dragonite||LoadedDice|Multiscale|ScaleShot,StompingTantrum,Tailwind,Protect|||M|||50|,,,,,Ground]Ninetales-Alola||FocusSash|SnowWarning|IcyWind,Moonblast,FreezeDry,AuroraVeil|||M|||50|,,,,,Ghost]Arcanine-Hisui||SafetyGoggles|Intimidate|RockSlide,FlareBlitz,Snarl,Protect|||M|||50|,,,,,Water
|inactive|Battle timer is ON: inactive players will automatically lose when time's up. (requested by Actoradoboy fan)
|inactive|furretusedpunch has 60 seconds left.
|
|t:|1756610605
|teamsize|p1|4
|teamsize|p2|4
|start
|switch|p1a: Basculegion|Basculegion, L50, M|100/100
|switch|p1b: Gholdengo|Gholdengo, L50|100/100
|switch|p2a: Sneasler|Sneasler, L50, M|100/100
|switch|p2b: Arcanine|Arcanine-Hisui, L50, M|100/100
|-ability|p2b: Arcanine|Intimidate|boost
|-unboost|p1a: Basculegion|atk|1
|-unboost|p1b: Gholdengo|atk|1
|turn|1
|
|t:|1756610627
|switch|p1b: Excadrill|Excadrill, L50, F|100/100
|-terastallize|p2b: Arcanine|Water
|move|p1a: Basculegion|Flip Turn|p2b: Arcanine
|-resisted|p2b: Arcanine
|-damage|p2b: Arcanine|83/100
|
|t:|1756610651
|switch|p1a: Gholdengo|Gholdengo, L50|100/100|[from] Flip Turn
|move|p2a: Sneasler|Coaching|p2b: Arcanine
|-boost|p2b: Arcanine|atk|1
|-boost|p2b: Arcanine|def|1
|move|p2b: Arcanine|Snarl|p1b: Excadrill|[spread] p1a,p1b
|-supereffective|p1a: Gholdengo
|-damage|p1a: Gholdengo|84/100
|-damage|p1b: Excadrill|90/100
|-unboost|p1a: Gholdengo|spa|1
|-unboost|p1b: Excadrill|spa|1
|
|upkeep
|turn|2
|inactive|furretusedpunch has 30 seconds left.
|inactive|furretusedpunch has 20 seconds left.
|inactive|furretusedpunch has 15 seconds left.
|inactive|furretusedpunch has 10 seconds left.
|inactive|furretusedpunch has 5 seconds left.
|
|t:|1756610702
|switch|p2a: Dragonite|Dragonite, L50, M|100/100
|switch|p1a: Tyranitar|Tyranitar, L50, F|100/100
|-weather|Sandstorm|[from] ability: Sand Stream|[of] p1a: Tyranitar
|move|p1b: Excadrill|High Horsepower|p2a: Dragonite
|-immune|p2a: Dragonite
|move|p2b: Arcanine|Flare Blitz|p1b: Excadrill
|-supereffective|p1b: Excadrill
|-damage|p1b: Excadrill|0 fnt
|faint|p1b: Excadrill
|-damage|p2b: Arcanine|51/100|[from] Recoil
|
|-weather|Sandstorm|[upkeep]
|-damage|p2a: Dragonite|95/100|[from] Sandstorm
|upkeep
|
|t:|1756610710
|switch|p1b: Basculegion|Basculegion, L50, M|100/100
|turn|3
|
|t:|1756610729
|move|p2b: Arcanine|Protect|p2b: Arcanine
|-singleturn|p2b: Arcanine|Protect
|move|p1b: Basculegion|Last Respects|p2b: Arcanine
|-activate|p2b: Arcanine|move: Protect
|move|p2a: Dragonite|Tailwind|p2a: Dragonite
|-sidestart|p2: furretusedpunch|move: Tailwind
|move|p1a: Tyranitar|Knock Off|p2a: Dragonite
|-damage|p2a: Dragonite|35/100
|-enditem|p2a: Dragonite|Loaded Dice|[from] move: Knock Off|[of] p1a: Tyranitar
|
|-weather|Sandstorm|[upkeep]
|-damage|p2a: Dragonite|29/100|[from] Sandstorm
|-damage|p1b: Basculegion|94/100|[from] Sandstorm
|upkeep
|turn|4
|inactive|furretusedpunch has 30 seconds left.
|
|t:|1756610756
|move|p2b: Arcanine|Rock Slide|p1a: Tyranitar|[spread] p1a,p1b
|-damage|p1a: Tyranitar|63/100
|-damage|p1b: Basculegion|44/100
|move|p2a: Dragonite|Scale Shot|p1b: Basculegion|[miss]
|-miss|p2a: Dragonite|p1b: Basculegion
|move|p1b: Basculegion|Last Respects|p2b: Arcanine
|-crit|p2b: Arcanine
|-damage|p2b: Arcanine|0 fnt
|faint|p2b: Arcanine
|move|p1a: Tyranitar|Rock Slide|p2a: Dragonite
|-supereffective|p2a: Dragonite
|-damage|p2a: Dragonite|0 fnt
|faint|p2a: Dragonite
|
|-weather|Sandstorm|[upkeep]
|-damage|p1b: Basculegion|38/100|[from] Sandstorm
|upkeep
|
|t:|1756610767
|switch|p2b: Sneasler|Sneasler, L50, M|100/100
|switch|p2a: Ninetales|Ninetales-Alola, L50, M|100/100
|-weather|Snowscape|[from] ability: Snow Warning|[of] p2a: Ninetales
|turn|5
|
|t:|1756610788
|switch|p1a: Gholdengo|Gholdengo, L50|84/100
|move|p2b: Sneasler|Protect|p2b: Sneasler
|-singleturn|p2b: Sneasler|Protect
|move|p2a: Ninetales|Freeze-Dry|p1b: Basculegion
|-supereffective|p1b: Basculegion
|-damage|p1b: Basculegion|0 fnt
|faint|p1b: Basculegion
|
|-weather|Snowscape|[upkeep]
|upkeep
|
|t:|1756610797
|switch|p1b: Tyranitar|Tyranitar, L50, F|63/100
|-weather|Sandstorm|[from] ability: Sand Stream|[of] p1b: Tyranitar
|turn|6
|
|t:|1756610814
|move|p2a: Ninetales|Freeze-Dry|p1a: Gholdengo
|-resisted|p1a: Gholdengo
|-crit|p1a: Gholdengo
|-damage|p1a: Gholdengo|62/100
|move|p2b: Sneasler|Close Combat|p1b: Tyranitar
|-supereffective|p1b: Tyranitar
|-damage|p1b: Tyranitar|0 fnt
|-unboost|p2b: Sneasler|def|1
|-unboost|p2b: Sneasler|spd|1
|faint|p1b: Tyranitar
|-enditem|p2b: Sneasler|White Herb
|-clearnegativeboost|p2b: Sneasler|[silent]
|move|p1a: Gholdengo|Nasty Plot|p1a: Gholdengo
|-boost|p1a: Gholdengo|spa|2
|
|-weather|Sandstorm|[upkeep]
|-damage|p2b: Sneasler|95/100|[from] Sandstorm
|-damage|p2a: Ninetales|94/100|[from] Sandstorm
|-sideend|p2: furretusedpunch|move: Tailwind
|upkeep
|turn|7
|
|t:|1756610832
|move|p2b: Sneasler|Close Combat|p1a: Gholdengo
|-immune|p1a: Gholdengo
|move|p2a: Ninetales|Freeze-Dry|p1a: Gholdengo
|-resisted|p1a: Gholdengo
|-damage|p1a: Gholdengo|49/100
|move|p1a: Gholdengo|Make It Rain|p2a: Ninetales|[spread] p2a,p2b
|-supereffective|p2a: Ninetales
|-damage|p2a: Ninetales|0 fnt
|-damage|p2b: Sneasler|0 fnt
|-unboost|p1a: Gholdengo|spa|1
|faint|p2a: Ninetales
|faint|p2b: Sneasler
|-damage|p1a: Gholdengo|39/100|[from] item: Life Orb
|
|win|Actoradoboy fan
