|j|☆LeMaitreCroissant
|j|☆battle sim trainer
|html|LeMaitreCroissantbattle sim trainer    
|uhtml|bestof|Game 1 of a best-of-3
|t:|1756936523
|gametype|doubles
|player|p1|LeMaitreCroissant|170|1093
|player|p2|battle sim trainer|steven|1102
|gen|9
|tier|[Gen 9] VGC 2025 Reg H (Bo3)
|rated|
|rule|Species Clause: Limit one of each Pokémon
|rule|Item Clause: Limit 1 of each item
|clearpoke
|poke|p1|Archaludon, L50, M|
|poke|p1|Pelipper, L50, M|
|poke|p1|Basculegion, L50, M|
|poke|p1|Amoonguss, L50, M|
|poke|p1|Incineroar, L50, M|
|poke|p1|Gholdengo, L50|
|poke|p2|Pincurchin, L50, F|
|poke|p2|Toxtricity-Low-Key, L50, M|
|poke|p2|Gallade, L50, M|
|poke|p2|Araquanid, L50, F|
|poke|p2|Bronzong, L50|
|poke|p2|Clefairy, L50, F|
|teampreview|4
|showteam|p1|Archaludon||AssaultVest|Stamina|ElectroShot,DracoMeteor,FlashCannon,BodyPress|||M|||50|,,,,,Ghost]Pelipper||FocusSash|Drizzle|Hurricane,WeatherBall,Tailwind,Protect|||M|||50|,,,,,Ground]Basculegion||LifeOrb|SwiftSwim|WaveCrash,LastRespects,FlipTurn,Protect|||M|||50|,,,,,Water]Amoonguss||SitrusBerry|Regenerator|PollenPuff,ClearSmog,RagePowder,Spore|||M|||50|,,,,,Electric]Incineroar||SafetyGoggles|Intimidate|KnockOff,FakeOut,PartingShot,Protect|||M|||50|,,,,,Ghost]Gholdengo||ChoiceSpecs|GoodasGold|MakeItRain,ShadowBall,Trick,NastyPlot||||||50|,,,,,Dark
|showteam|p2|Pincurchin||EjectButton|ElectricSurge|Protect,RainDance,ZingZap,Recover|||F|||50|,,,,,Electric]Toxtricity-Low-Key||LifeOrb|PunkRock|Protect,Overdrive,Boomburst,SludgeBomb|||M|||50|,,,,,Electric]Gallade||ClearAmulet|Sharpness|LeafBlade,SacredSword,TrickRoom,HealPulse|||M|||50|,,,,,Psychic]Araquanid||MysticWater|WaterBubble|Liquidation,Soak,WideGuard,Protect|||F|||50|,,,,,Water]Bronzong||ElectricSeed|Heatproof|BodyPress,IronDefense,HelpingHand,TrickRoom||||||50|,,,,,Flying]Clefairy||Eviolite|FriendGuard|FollowMe,AfterYou,LifeDew,HelpingHand|||F|||50|,,,,,Steel
|inactive|Battle timer is ON: inactive players will automatically lose when time's up. (requested by LeMaitreCroissant)
|inactive|battle sim trainer has 60 seconds left.
|
|t:|1756936595
|teamsize|p1|4
|teamsize|p2|4
|start
|switch|p1a: Pelipper|Pelipper, L50, M|100/100
|switch|p1b: Archaludon|Archaludon, L50, M, shiny|100/100
|switch|p2a: Gallade|Gallade, L50, M|100/100
|switch|p2b: Clefairy|Clefairy, L50, F, shiny|100/100
|-weather|RainDance|[from] ability: Drizzle|[of] p1a: Pelipper
|turn|1
|inactive|LeMaitreCroissant has 30 seconds left.
|inactive|battle sim trainer has 30 seconds left.
|inactive|LeMaitreCroissant has 20 seconds left.
|inactive|LeMaitreCroissant has 15 seconds left.
|
|t:|1756936639
|-terastallize|p1b: Archaludon|Ghost
|move|p2b: Clefairy|Follow Me|p2b: Clefairy
|-singleturn|p2b: Clefairy|move: Follow Me
|move|p1a: Pelipper|Hurricane|p2b: Clefairy
|-damage|p2b: Clefairy|59/100
|-start|p2b: Clefairy|confusion
|move|p1b: Archaludon|Electro Shot||[still]
|-prepare|p1b: Archaludon|Electro Shot
|-boost|p1b: Archaludon|spa|1
|-anim|p1b: Archaludon|Electro Shot|p2b: Clefairy
|-damage|p2b: Clefairy|14/100
|move|p2a: Gallade|Trick Room|p2a: Gallade
|-fieldstart|move: Trick Room|[of] p2a: Gallade
|
|-weather|RainDance|[upkeep]
|upkeep
|turn|2
|inactive|LeMaitreCroissant has 30 seconds left.
|inactive|battle sim trainer has 30 seconds left.
|inactive|battle sim trainer has 20 seconds left.
|inactive|battle sim trainer has 15 seconds left.
|inactive|battle sim trainer has 10 seconds left.
|
|t:|1756936687
|switch|p2b: Toxtricity|Toxtricity-Low-Key, L50, M|100/100
|switch|p1a: Incineroar|Incineroar, L50, M|100/100
|-ability|p1a: Incineroar|Intimidate|boost
|-fail|p2a: Gallade|unboost|[from] item: Clear Amulet|[of] p2a: Gallade
|-unboost|p2b: Toxtricity|atk|1
|move|p2a: Gallade|Leaf Blade|p1b: Archaludon
|-crit|p1b: Archaludon
|-damage|p1b: Archaludon|53/100
|-ability|p1b: Archaludon|Stamina|boost
|-boost|p1b: Archaludon|def|1
|move|p1b: Archaludon|Electro Shot||[still]
|-prepare|p1b: Archaludon|Electro Shot
|-boost|p1b: Archaludon|spa|1
|-anim|p1b: Archaludon|Electro Shot|p2a: Gallade
|-damage|p2a: Gallade|29/100
|
|-weather|RainDance|[upkeep]
|upkeep
|turn|3
|inactive|LeMaitreCroissant has 30 seconds left.
|inactive|battle sim trainer has 30 seconds left.
|inactive|battle sim trainer has 20 seconds left.
|inactive|battle sim trainer has 15 seconds left.
|
|t:|1756936730
|-terastallize|p2b: Toxtricity|Electric
|move|p2b: Toxtricity|Protect|p2b: Toxtricity
|-singleturn|p2b: Toxtricity|Protect
|move|p1a: Incineroar|Fake Out|p2b: Toxtricity
|-activate|p2b: Toxtricity|move: Protect
|move|p2a: Gallade|Sacred Sword|p1a: Incineroar
|-supereffective|p1a: Incineroar
|-damage|p1a: Incineroar|0 fnt
|faint|p1a: Incineroar
|move|p1b: Archaludon|Electro Shot||[still]
|-prepare|p1b: Archaludon|Electro Shot
|-boost|p1b: Archaludon|spa|1
|-anim|p1b: Archaludon|Electro Shot|p2a: Gallade
|-damage|p2a: Gallade|0 fnt
|faint|p2a: Gallade
|
|-weather|RainDance|[upkeep]
|upkeep
|
|t:|1756936746
|switch|p1a: Amoonguss|Amoonguss, L50, M, shiny|100/100
|switch|p2a: Araquanid|Araquanid, L50, F|100/100
|turn|4
|inactive|LeMaitreCroissant has 30 seconds left.
|
|t:|1756936775
|move|p1a: Amoonguss|Rage Powder|p1a: Amoonguss
|-singleturn|p1a: Amoonguss|move: Rage Powder
|move|p2a: Araquanid|Liquidation|p1a: Amoonguss
|-resisted|p1a: Amoonguss
|-damage|p1a: Amoonguss|59/100
|move|p2b: Toxtricity|Overdrive|p1a: Amoonguss|[spread] p1a,p1b
|-resisted|p1a: Amoonguss
|-crit|p1b: Archaludon
|-damage|p1a: Amoonguss|29/100
|-damage|p1b: Archaludon|0 fnt
|-enditem|p1a: Amoonguss|Sitrus Berry|[eat]
|-heal|p1a: Amoonguss|54/100|[from] item: Sitrus Berry
|faint|p1b: Archaludon
|-damage|p2b: Toxtricity|91/100|[from] item: Life Orb
|
|-weather|RainDance|[upkeep]
|upkeep
|
|t:|1756936786
|switch|p1b: Pelipper|Pelipper, L50, M|100/100
|turn|5
|
|t:|1756936796
|move|p1b: Pelipper|Protect|p1b: Pelipper
|-singleturn|p1b: Pelipper|Protect
|move|p2a: Araquanid|Soak|p1a: Amoonguss
|-start|p1a: Amoonguss|typechange|Water
|move|p1a: Amoonguss|Spore|p2b: Toxtricity
|-status|p2b: Toxtricity|slp|[from] move: Spore
|cant|p2b: Toxtricity|slp
|
|-weather|none
|-fieldend|move: Trick Room
|upkeep
|turn|6
|
|t:|1756936818
|move|p1b: Pelipper|Weather Ball|p2b: Toxtricity
|-damage|p2b: Toxtricity|71/100 slp
|cant|p2b: Toxtricity|slp
|move|p1a: Amoonguss|Pollen Puff|p2b: Toxtricity
|-damage|p2b: Toxtricity|46/100 slp
|move|p2a: Araquanid|Liquidation|p1a: Amoonguss
|-resisted|p1a: Amoonguss
|-damage|p1a: Amoonguss|25/100
|
|upkeep
|turn|7
|-message|LeMaitreCroissant forfeited.
|
|win|battle sim trainer
