|j|☆stuggle(ing) bug
|j|☆mapperguy
|html|stuggle(ing) bugmapperguy    
|uhtml|bestof|Game 1 of a best-of-3
|t:|1784792626
|gametype|doubles
|player|p1|stuggle(ing) bug|pokemaniac|
|player|p2|mapperguy|plasmagrunt-gen5bw|
|gen|9
|tier|[Gen 9 Champions] VGC 2026 Reg M-B (Bo3)
|rule|Species Clause: Limit one of each Pokémon
|rule|Item Clause: Limit 1 of each item
|clearpoke
|poke|p1|Sableye, L50, M|
|poke|p1|Politoed, L50, M|
|poke|p1|Kingambit, L50, M|
|poke|p1|Gengar, L50, F|
|poke|p1|Incineroar, L50, M|
|poke|p1|Palafin, L50, M|
|poke|p2|Blastoise, L50, M|
|poke|p2|Meowstic, L50, M|
|poke|p2|Alakazam, L50, M|
|poke|p2|Tauros-Paldea-Aqua, L50, M|
|poke|p2|Sinistcha, L50|
|poke|p2|Kleavor, L50, F|
|teampreview|4
|showteam|p1|Sableye||RoseliBerry|Prankster|Encore,Detect,FakeOut,Disable|Relaxed||M|||50|]Politoed||SitrusBerry|Drizzle|PerishSong,IcyWind,Protect,WeatherBall|Sassy||M|||50|]Kingambit||BlackGlasses|Defiant|KowtowCleave,LowKick,SuckerPunch,Protect|Adamant||M|||50|]Gengar||Gengarite|CursedBody|PerishSong,ShadowBall,Protect,Disable|Timid||F|||50|]Incineroar||Leftovers|Intimidate|DarkestLariat,PartingShot,Protect,FakeOut|Relaxed||M|||50|]Palafin||MysticWater|ZerotoHero|WaveCrash,JetPunch,Protect,Encore|Jolly||M|||50|
|showteam|p2|Blastoise||Blastoisinite|RainDish|WaterSpout,ShellSmash,IceBeam,Protect|Modest||M|||50|]Meowstic||MentalHerb|Prankster|FakeOut,PsychicTerrain,RainDance,ExpandingForce|Modest||M|||50|]Alakazam||Alakazite|InnerFocus|ExpandingForce,EnergyBall,DazzlingGleam,NastyPlot|Timid||M|||50|]Tauros-Paldea-Aqua||WhiteHerb|Intimidate|Protect,WaveCrash,StompingTantrum,CloseCombat|Jolly||M|||50|]Sinistcha||SitrusBerry|Hospitality|TrickRoom,Imprison,RagePowder,MatchaGotcha|Calm|||||50|]Kleavor||ChoiceScarf|Sharpness|XScissor,DualWingbeat,Uturn,StoneAxe|Adamant||F|||50|
|
|t:|1784792694
|teamsize|p1|4
|teamsize|p2|4
|start
|switch|p1a: Palafin|Palafin, L50, M|100/100
|switch|p1b: Gengar|Gengar, L50, F|100/100
|switch|p2a: Meowstic|Meowstic, L50, M|100/100
|switch|p2b: Kleavor|Kleavor, L50, F|100/100
|turn|1
|
|t:|1784792737
|detailschange|p1b: Gengar|Gengar-Mega, L50, F
|-mega|p1b: Gengar|Gengar|Gengarite
|move|p2a: Meowstic|Psychic Terrain|p2a: Meowstic
|-fieldstart|move: Psychic Terrain
|move|p2b: Kleavor|Stone Axe|p1b: Gengar
|-damage|p1b: Gengar|33/100
|-sidestart|p1: stuggle(ing) bug|move: Stealth Rock
|move|p1b: Gengar|Shadow Ball|p2a: Meowstic
|-supereffective|p2a: Meowstic|1
|-damage|p2a: Meowstic|0 fnt
|faint|p2a: Meowstic
|move|p1a: Palafin|Wave Crash|p2b: Kleavor
|-supereffective|p2b: Kleavor|1
|-damage|p2b: Kleavor|0 fnt
|faint|p2b: Kleavor
|-damage|p1a: Palafin|73/100|[from] Recoil
|
|upkeep
|
|t:|1784792750
|switch|p2b: Tauros|Tauros-Paldea-Aqua, L50, M|100/100
|switch|p2a: Alakazam|Alakazam, L50, M|100/100
|-ability|p2b: Tauros|Intimidate|boost
|-unboost|p1a: Palafin|atk|1
|-unboost|p1b: Gengar|atk|1
|turn|2
|
|t:|1784792799
|detailschange|p1a: Palafin|Palafin-Hero, L50, M
|switch|p1a: Kingambit|Kingambit, L50, M|100/100
|-damage|p1a: Kingambit|93/100|[from] Stealth Rock
|detailschange|p2a: Alakazam|Alakazam-Mega, L50, M
|-mega|p2a: Alakazam|Alakazam|Alakazite
|-ability|p2a: Alakazam|Defiant|Trace|[from] ability: Trace|[of] p1a: Kingambit
|move|p1b: Gengar|Protect|p1b: Gengar
|-singleturn|p1b: Gengar|Protect
|move|p2a: Alakazam|Expanding Force|p1a: Kingambit|[spread] 
|-activate|p1b: Gengar|move: Protect
|-immune|p1a: Kingambit
|move|p2b: Tauros|Wave Crash|p1b: Gengar
|-activate|p1b: Gengar|move: Protect
|
|upkeep
|turn|3
|
|t:|1784792834
|move|p1a: Kingambit|Protect|p1a: Kingambit
|-singleturn|p1a: Kingambit|Protect
|move|p2a: Alakazam|Nasty Plot|p2a: Alakazam
|-boost|p2a: Alakazam|spa|2
|move|p1b: Gengar|Perish Song|p1b: Gengar
|-start|p1a: Kingambit|perish3|[silent]
|-start|p1b: Gengar|perish3|[silent]
|-start|p2a: Alakazam|perish3|[silent]
|-start|p2b: Tauros|perish3|[silent]
|-fieldactivate|move: Perish Song
|move|p2b: Tauros|Close Combat|p1a: Kingambit
|-activate|p1a: Kingambit|move: Protect
|
|-start|p2a: Alakazam|perish3
|-start|p1b: Gengar|perish3
|-start|p2b: Tauros|perish3
|-start|p1a: Kingambit|perish3
|upkeep
|turn|4
|
|t:|1784792854
|switch|p1a: Sableye|Sableye, L50, M|100/100
|-damage|p1a: Sableye|87/100|[from] Stealth Rock
|move|p1b: Gengar|Protect|p1b: Gengar
|-singleturn|p1b: Gengar|Protect
|move|p2a: Alakazam|Expanding Force|p1b: Gengar|[spread] 
|-activate|p1b: Gengar|move: Protect
|-immune|p1a: Sableye
|move|p2b: Tauros|Close Combat|p1a: Sableye
|-immune|p1a: Sableye
|
|-start|p2a: Alakazam|perish2
|-start|p1b: Gengar|perish2
|-start|p2b: Tauros|perish2
|upkeep
|turn|5
|
|t:|1784792877
|move|p1a: Sableye|Detect|p1a: Sableye
|-singleturn|p1a: Sableye|Protect
|move|p2a: Alakazam|Dazzling Gleam|p1a: Sableye|[spread] p1b
|-activate|p1a: Sableye|move: Protect
|-resisted|p1b: Gengar|1
|-damage|p1b: Gengar|6/100
|move|p1b: Gengar|Disable|p2a: Alakazam
|-start|p2a: Alakazam|Disable|Dazzling Gleam
|move|p2b: Tauros|Stomping Tantrum|p1a: Sableye
|-activate|p1a: Sableye|move: Protect
|
|-start|p2a: Alakazam|perish1
|-start|p1b: Gengar|perish1
|-start|p2b: Tauros|perish1
|-fieldend|move: Psychic Terrain
|upkeep
|turn|6
|
|t:|1784792902
|switch|p1b: Palafin|Palafin-Hero, L50, M|73/100
|-damage|p1b: Palafin|60/100|[from] Stealth Rock
|-activate|p1b: Palafin|ability: Zero to Hero
|move|p1a: Sableye|Encore|p2a: Alakazam
|-start|p2a: Alakazam|Encore
|cant|p2a: Alakazam|Disable|Dazzling Gleam
|move|p2b: Tauros|Stomping Tantrum|p1b: Palafin
|-damage|p1b: Palafin|35/100
|
|-start|p2a: Alakazam|perish0
|-start|p2b: Tauros|perish0
|faint|p2a: Alakazam
|faint|p2b: Tauros
|
|win|stuggle(ing) bug
|inactive|stuggle(ing) bug has 30 seconds to confirm battle start!
|inactive|mapperguy has 30 seconds to confirm battle start!
