|j|☆pokeplaygg
|j|☆RICHARDHAVOC
|html|pokeplayggRICHARDHAVOC    
|uhtml|bestof|Game 2 of a best-of-3
|t:|1757909253
|gametype|doubles
|player|p1|pokeplaygg|2|1334
|player|p2|RICHARDHAVOC|169|1601
|gen|9
|tier|[Gen 9] VGC 2025 Reg H (Bo3)
|rated|
|rule|Species Clause: Limit one of each Pokémon
|rule|Item Clause: Limit 1 of each item
|clearpoke
|poke|p1|Annihilape, L50, F|
|poke|p1|Pelipper, L50, F|
|poke|p1|Maushold, L50|
|poke|p1|Basculegion, L50, M|
|poke|p1|Rillaboom, L50, M|
|poke|p1|Kingambit, L50, F|
|poke|p2|Whimsicott, L50, F|
|poke|p2|Garchomp, L50, M|
|poke|p2|Gholdengo, L50|
|poke|p2|Incineroar, L50, M|
|poke|p2|Dragonite, L50, M|
|poke|p2|Annihilape, L50, M|
|teampreview|4
|showteam|p1|Annihilape||Leftovers|Defiant|Protect,DrainPunch,BulkUp,RageFist|||F|||50|,,,,,Fire]Pelipper||FocusSash|Drizzle|MuddyWater,Protect,Hurricane,WideGuard|||F|||50|,,,,,Stellar]Maushold||SafetyGoggles|FriendGuard|FollowMe,BeatUp,Taunt,Protect||||||50|,,,,,Ghost]Basculegion||ChoiceBand|SwiftSwim|LastRespects,AquaJet,WaveCrash,FlipTurn|||M|||50|,,,,,Fire]Rillaboom||AssaultVest|GrassySurge|FakeOut,GrassyGlide,WoodHammer,Uturn|||M|||50|,,,,,Fire]Kingambit||BlackGlasses|Defiant|SwordsDance,KowtowCleave,SuckerPunch,IronHead|||F|||50|,,,,,Dark
|showteam|p2|Whimsicott||FocusSash|Prankster|Moonblast,Tailwind,BeatUp,Encore|||F|||50|,,,,,Ghost]Garchomp||LifeOrb|RoughSkin|StompingTantrum,DragonClaw,Protect,Earthquake|||M|||50|,,,,,Ground]Gholdengo||ChoiceSpecs|GoodasGold|MakeItRain,ShadowBall,Trick,Thunderbolt||||||50|,,,,,Flying]Incineroar||SitrusBerry|Intimidate|FakeOut,PartingShot,FlareBlitz,KnockOff|||M|||50|,,,,,Ghost]Dragonite||LoadedDice|Multiscale|Haze,ScaleShot,ExtremeSpeed,Protect|||M|||50|,,,,,Fairy]Annihilape||SafetyGoggles|Defiant|Taunt,FinalGambit,CloseCombat,RageFist|||M|||50|,,,,,Water
|inactive|Battle timer is ON: inactive players will automatically lose when time's up. (requested by pokeplaygg)
|
|t:|1757909283
|teamsize|p1|4
|teamsize|p2|4
|start
|switch|p1a: Annihilape|Annihilape, L50, F|100/100
|switch|p1b: Maushold|Maushold, L50|100/100
|switch|p2a: Whimsicott|Whimsicott, L50, F, shiny|100/100
|switch|p2b: Garchomp|Garchomp, L50, M, shiny|100/100
|turn|1
|inactive|pokeplaygg has 30 seconds left.
|inactive|RICHARDHAVOC has 30 seconds left.
|
|t:|1757909316
|move|p1a: Annihilape|Protect|p1a: Annihilape
|-singleturn|p1a: Annihilape|Protect
|move|p2a: Whimsicott|Tailwind|p2a: Whimsicott
|-sidestart|p2: RICHARDHAVOC|move: Tailwind
|move|p2b: Garchomp|Earthquake|p1a: Annihilape|[spread] p2a,p1b
|-activate|p1a: Annihilape|move: Protect
|-resisted|p2a: Whimsicott
|-damage|p2a: Whimsicott|58/100
|-damage|p1b: Maushold|38/100
|-damage|p2b: Garchomp|91/100|[from] item: Life Orb
|move|p1b: Maushold|Taunt|p2a: Whimsicott
|-start|p2a: Whimsicott|move: Taunt
|
|upkeep
|turn|2
|
|t:|1757909339
|switch|p2a: Dragonite|Dragonite, L50, M, shiny|100/100
|switch|p1b: Pelipper|Pelipper, L50, F|100/100
|-weather|RainDance|[from] ability: Drizzle|[of] p1b: Pelipper
|move|p2b: Garchomp|Earthquake|p1a: Annihilape|[spread] p1a
|-immune|p2a: Dragonite
|-immune|p1b: Pelipper
|-damage|p1a: Annihilape|53/100
|-damage|p2b: Garchomp|81/100|[from] item: Life Orb
|move|p1a: Annihilape|Rage Fist|p2a: Dragonite
|-damage|p2a: Dragonite|76/100
|
|-weather|RainDance|[upkeep]
|-heal|p1a: Annihilape|59/100|[from] item: Leftovers
|upkeep
|turn|3
|inactive|pokeplaygg has 30 seconds left.
|
|t:|1757909371
|move|p1b: Pelipper|Protect|p1b: Pelipper
|-singleturn|p1b: Pelipper|Protect
|move|p2a: Dragonite|Extreme Speed|p1b: Pelipper
|-activate|p1b: Pelipper|move: Protect
|move|p2b: Garchomp|Dragon Claw|p1b: Pelipper
|-activate|p1b: Pelipper|move: Protect
|move|p1a: Annihilape|Rage Fist|p2a: Dragonite
|-damage|p2a: Dragonite|25/100
|
|-weather|RainDance|[upkeep]
|-heal|p1a: Annihilape|65/100|[from] item: Leftovers
|upkeep
|turn|4
|inactive|pokeplaygg has 30 seconds left.
|
|t:|1757909398
|switch|p1b: Maushold|Maushold, L50|38/100
|move|p2a: Dragonite|Extreme Speed|p1b: Maushold
|-damage|p1b: Maushold|0 fnt
|faint|p1b: Maushold
|move|p2b: Garchomp|Dragon Claw|p1a: Annihilape
|-damage|p1a: Annihilape|7/100
|-damage|p2b: Garchomp|71/100|[from] item: Life Orb
|move|p1a: Annihilape|Rage Fist|p2a: Dragonite
|-damage|p2a: Dragonite|0 fnt
|faint|p2a: Dragonite
|
|-weather|RainDance|[upkeep]
|-heal|p1a: Annihilape|13/100|[from] item: Leftovers
|-sideend|p2: RICHARDHAVOC|move: Tailwind
|upkeep
|
|t:|1757909413
|switch|p1b: Basculegion|Basculegion, L50, M|100/100
|switch|p2a: Whimsicott|Whimsicott, L50, F, shiny|58/100
|turn|5
|
|t:|1757909420
|move|p2b: Garchomp|Protect|p2b: Garchomp
|-singleturn|p2b: Garchomp|Protect
|move|p1b: Basculegion|Aqua Jet|p2b: Garchomp
|-activate|p2b: Garchomp|move: Protect
|move|p2a: Whimsicott|Tailwind|p2a: Whimsicott
|-sidestart|p2: RICHARDHAVOC|move: Tailwind
|move|p1a: Annihilape|Rage Fist|p2a: Whimsicott
|-damage|p2a: Whimsicott|0 fnt
|faint|p2a: Whimsicott
|
|-weather|RainDance|[upkeep]
|-heal|p1a: Annihilape|19/100|[from] item: Leftovers
|upkeep
|
|t:|1757909424
|switch|p2a: Gholdengo|Gholdengo, L50, shiny|100/100
|turn|6
|
|t:|1757909437
|-terastallize|p2a: Gholdengo|Flying
|-terastallize|p1b: Basculegion|Fire
|move|p1a: Annihilape|Protect|p1a: Annihilape
|-singleturn|p1a: Annihilape|Protect
|move|p1b: Basculegion|Aqua Jet|p2b: Garchomp
|-damage|p2b: Garchomp|19/100
|-damage|p1b: Basculegion|88/100|[from] ability: Rough Skin|[of] p2b: Garchomp
|move|p2b: Garchomp|Earthquake|p1b: Basculegion|[spread] p1b
|-activate|p1a: Annihilape|move: Protect
|-immune|p2a: Gholdengo
|-supereffective|p1b: Basculegion
|-damage|p1b: Basculegion|0 fnt
|faint|p1b: Basculegion
|-damage|p2b: Garchomp|9/100|[from] item: Life Orb
|move|p2a: Gholdengo|Thunderbolt|p1a: Annihilape
|-activate|p1a: Annihilape|move: Protect
|
|-weather|none
|-heal|p1a: Annihilape|25/100|[from] item: Leftovers
|upkeep
|
|t:|1757909450
|switch|p1b: Pelipper|Pelipper, L50, F|100/100
|-weather|RainDance|[from] ability: Drizzle|[of] p1b: Pelipper
|turn|7
|
|t:|1757909468
|move|p2b: Garchomp|Dragon Claw|p1a: Annihilape
|-damage|p1a: Annihilape|0 fnt
|faint|p1a: Annihilape
|-damage|p2b: Garchomp|0 fnt|[from] item: Life Orb
|faint|p2b: Garchomp
|move|p2a: Gholdengo|Thunderbolt|p1b: Pelipper
|-supereffective|p1b: Pelipper
|-enditem|p1b: Pelipper|Focus Sash
|-damage|p1b: Pelipper|1/100
|move|p1b: Pelipper|Muddy Water|p2a: Gholdengo
|-damage|p2a: Gholdengo|36/100
|
|-weather|RainDance|[upkeep]
|upkeep
|turn|8
|
|t:|1757909484
|move|p1b: Pelipper|Protect|p1b: Pelipper
|-singleturn|p1b: Pelipper|Protect
|move|p2a: Gholdengo|Thunderbolt|p1b: Pelipper
|-activate|p1b: Pelipper|move: Protect
|
|-weather|RainDance|[upkeep]
|-sideend|p2: RICHARDHAVOC|move: Tailwind
|upkeep
|turn|9
|
|t:|1757909489
|move|p2a: Gholdengo|Thunderbolt|p1b: Pelipper
|-supereffective|p1b: Pelipper
|-damage|p1b: Pelipper|0 fnt
|faint|p1b: Pelipper
|
|win|RICHARDHAVOC
|raw|pokeplaygg's rating: 1334 → 1327(-7 for losing)
|raw|RICHARDHAVOC's rating: 1601 → 1608(+7 for winning)
|l|☆RICHARDHAVOC
|player|p2|
