|j|☆2BStellar
|j|☆Leon000
|html|2BStellarLeon000    
|uhtml|bestof|Game 2 of a best-of-3
|t:|1785959361
|gametype|doubles
|player|p1|2BStellar|hilbert-wonderlauncher|
|player|p2|Leon000|serena|
|gen|9
|tier|[Gen 9 Champions] VGC 2026 Reg M-B (Bo3)
|rule|Species Clause: Limit one of each Pokémon
|rule|Item Clause: Limit 1 of each item
|clearpoke
|poke|p1|Sylveon, L50, F, shiny|
|poke|p1|Garchomp, L50, M, shiny|
|poke|p1|Kingambit, L50, M, shiny|
|poke|p1|Charizard, L50, M, shiny|
|poke|p1|Aerodactyl, L50, M, shiny|
|poke|p1|Farigiraf, L50, F, shiny|
|poke|p2|Floette-Eternal, L50, F|
|poke|p2|Charizard, L50, F|
|poke|p2|Whimsicott, L50, F|
|poke|p2|Garchomp, L50, M|
|poke|p2|Basculegion, L50, M|
|poke|p2|Kingambit, L50, F|
|teampreview|4
|showteam|p1|Sylveon||FairyFeather|Pixilate|Detect,HyperVoice,QuickAttack,HyperBeam|Modest||F|||50|]Garchomp||ChoiceScarf|RoughSkin|StompingTantrum,Earthquake,DragonClaw,StoneEdge|Adamant||M|||50|]Kingambit||LifeOrb|Defiant|SuckerPunch,KowtowCleave,IronHead,BrickBreak|Adamant||M|||50|]Charizard||CharizarditeY|Blaze|Protect,HeatWave,SolarBeam,WeatherBall|Modest||M|||50|]Aerodactyl||Aerodactylite|RockHead|Tailwind,RockSlide,WideGuard,DualWingbeat|Jolly||M|||50|]Farigiraf||SitrusBerry|ArmorTail|Protect,Thunderbolt,TwinBeam,TrickRoom|Bold||F|||50|
|showteam|p2|Floette-Eternal||Floettite|FlowerVeil|Moonblast,DazzlingGleam,LightofRuin,Protect|Modest||F|||50|]Charizard||CharizarditeY|Blaze|HeatWave,WeatherBall,SolarBeam,Protect|Modest||F|||50|]Whimsicott||FocusSash|Prankster|Moonblast,Encore,Tailwind,Protect|Timid||F|||50|]Garchomp||LifeOrb|RoughSkin|DragonClaw,Earthquake,Protect,RockSlide|Jolly||M|||50|]Basculegion||MysticWater|Adaptability|WaveCrash,LastRespects,AquaJet,Protect|Adamant||M|||50|]Kingambit||BlackGlasses|Defiant|KowtowCleave,IronHead,SuckerPunch,Protect|Adamant||F|||50|
|c|☆2BStellar|does my limitless teamsheet have rock head on aero?
|c|☆2BStellar|idk how to check
|c|☆Leon000|no tough claw
|c|☆Leon000|but its all good
|c|☆Leon000|i see it on showdown correct
|c|☆2BStellar|alr tysm
|
|t:|1785959494
|teamsize|p1|4
|teamsize|p2|4
|start
|switch|p1a: giraf|Farigiraf, L50, F, shiny|100/100
|switch|p1b: e4e5f4|Kingambit, L50, M, shiny|100/100
|switch|p2a: Whimsicott|Whimsicott, L50, F|100/100
|switch|p2b: Basculegion|Basculegion, L50, M|100/100
|turn|1
|
|t:|1785959517
|switch|p2b: Charizard|Charizard, L50, F|100/100
|move|p2a: Whimsicott|Moonblast|p1a: giraf
|-damage|p1a: giraf|68/100
|move|p1b: e4e5f4|Iron Head|p2a: Whimsicott
|-supereffective|p2a: Whimsicott|1
|-enditem|p2a: Whimsicott|Focus Sash
|-damage|p2a: Whimsicott|1/100
|-damage|p1b: e4e5f4|90/100|[from] item: Life Orb
|move|p1a: giraf|Trick Room|p1a: giraf
|-fieldstart|move: Trick Room|[of] p1a: giraf
|
|upkeep
|turn|2
|
|t:|1785959562
|detailschange|p2b: Charizard|Charizard-Mega-Y, L50, F
|-mega|p2b: Charizard|Charizard|Charizardite Y
|-weather|SunnyDay|[from] ability: Drought|[of] p2b: Charizard
|move|p1a: giraf|Thunderbolt|p2b: Charizard
|-supereffective|p2b: Charizard|1
|-damage|p2b: Charizard|58/100
|move|p1b: e4e5f4|Kowtow Cleave|p2b: Charizard
|-damage|p2b: Charizard|1/100
|-damage|p1b: e4e5f4|80/100|[from] item: Life Orb
|move|p2b: Charizard|Heat Wave|p1a: giraf|[spread] p1a,p1b
|-supereffective|p1b: e4e5f4|1
|-damage|p1a: giraf|12/100
|-damage|p1b: e4e5f4|0 fnt
|-enditem|p1a: giraf|Sitrus Berry|[eat]
|-heal|p1a: giraf|37/100|[from] item: Sitrus Berry
|faint|p1b: e4e5f4
|move|p2a: Whimsicott|Moonblast|p1a: giraf
|-damage|p1a: giraf|3/100
|-unboost|p1a: giraf|spa|1
|
|-weather|SunnyDay|[upkeep]
|upkeep
|
|t:|1785959579
|switch|p1b: WHEEEE|Sylveon, L50, F, shiny|100/100
|turn|3
|
|t:|1785959594
|move|p2a: Whimsicott|Protect|p2a: Whimsicott
|-singleturn|p2a: Whimsicott|Protect
|move|p1a: giraf|Thunderbolt|p2b: Charizard
|-supereffective|p2b: Charizard|1
|-damage|p2b: Charizard|0 fnt
|faint|p2b: Charizard
|move|p1b: WHEEEE|Hyper Voice|p2a: Whimsicott
|-activate|p2a: Whimsicott|move: Protect
|
|-weather|SunnyDay|[upkeep]
|upkeep
|
|t:|1785959597
|switch|p2b: Kingambit|Kingambit, L50, F|100/100
|turn|4
|
|t:|1785959628
|switch|p2a: Basculegion|Basculegion, L50, M|100/100
|move|p1a: giraf|Protect|p1a: giraf
|-singleturn|p1a: giraf|Protect
|move|p2b: Kingambit|Iron Head|p1b: WHEEEE
|-supereffective|p1b: WHEEEE|1
|-damage|p1b: WHEEEE|3/100
|move|p1b: WHEEEE|Hyper Voice|p2b: Kingambit|[spread] p2a,p2b
|-damage|p2a: Basculegion|49/100
|-damage|p2b: Kingambit|55/100
|
|-weather|SunnyDay|[upkeep]
|upkeep
|turn|5
|j| ido1234567890
|
|t:|1785959673
|move|p2b: Kingambit|Kowtow Cleave|p1b: WHEEEE
|-resisted|p1b: WHEEEE|1
|-damage|p1b: WHEEEE|0 fnt
|faint|p1b: WHEEEE
|move|p1a: giraf|Thunderbolt|p2a: Basculegion
|-supereffective|p2a: Basculegion|1
|-damage|p2a: Basculegion|14/100
|move|p2a: Basculegion|Wave Crash|p1a: giraf
|-damage|p1a: giraf|0 fnt
|faint|p1a: giraf
|-damage|p2a: Basculegion|13/100|[from] Recoil
|
|-weather|SunnyDay|[upkeep]
|-fieldend|move: Trick Room
|upkeep
|
|t:|1785959680
|switch|p1a: zzzzzz|Charizard, L50, M, shiny|100/100
|turn|6
|
|t:|1785959759
|switch|p2a: Whimsicott|Whimsicott, L50, F|1/100
|detailschange|p1a: zzzzzz|Charizard-Mega-Y, L50, M, shiny
|-mega|p1a: zzzzzz|Charizard|Charizardite Y
|move|p2b: Kingambit|Sucker Punch|p1a: zzzzzz
|-damage|p1a: zzzzzz|57/100
|move|p1a: zzzzzz|Heat Wave|p2a: Whimsicott|[spread] p2a,p2b
|-supereffective|p2a: Whimsicott|1
|-supereffective|p2b: Kingambit|1
|-damage|p2a: Whimsicott|0 fnt
|-damage|p2b: Kingambit|0 fnt
|faint|p2a: Whimsicott
|faint|p2b: Kingambit
|
|-weather|none
|upkeep
|
|t:|1785959769
|switch|p2b: Basculegion|Basculegion, L50, M|13/100
|turn|7
|
|t:|1785959792
|move|p2b: Basculegion|Aqua Jet|p1a: zzzzzz
|-supereffective|p1a: zzzzzz|1
|-damage|p1a: zzzzzz|0 fnt
|faint|p1a: zzzzzz
|
|win|Leon000
|c|☆2BStellar|ggs
|c|☆2BStellar|random question
|c|☆Leon000|ggs
|c|☆2BStellar|what do u think i coulda done better in that set?
|c|☆Leon000|not mega chard in the end
|c|☆Leon000|the you had sun up
|c|☆Leon000|then*
|c|☆2BStellar|ohhhh gotcha
|c|☆2BStellar|would heat wave still ko kg?
|c|☆Leon000|yeah ofc
|c|☆2BStellar|well ty and gl with the top cut!
|c|☆Leon000|thanky you y2
|l|☆2BStellar
|player|p1|
|j|☆2BStellar
|player|p1|2BStellar|hilbert-wonderlauncher|
