|j|☆Furyr
|j|☆janbenet
|html|Furyrjanbenet    
|uhtml|bestof|Game 1 of a best-of-3
|t:|1783529314
|gametype|doubles
|player|p1|Furyr|byron|1107
|player|p2|janbenet|101|1226
|gen|9
|tier|[Gen 9 Champions] VGC 2026 Reg M-B (Bo3)
|rated|
|rule|Species Clause: Limit one of each Pokémon
|rule|Item Clause: Limit 1 of each item
|clearpoke
|poke|p1|Froslass, L50, F|
|poke|p1|Garchomp, L50, M|
|poke|p1|Sneasler, L50, F|
|poke|p1|Whimsicott, L50, F|
|poke|p1|Incineroar, L50, M|
|poke|p1|Milotic, L50, F|
|poke|p2|Kingambit, L50, M|
|poke|p2|Charizard, L50, F|
|poke|p2|Aerodactyl, L50, F|
|poke|p2|Farigiraf, L50, M|
|poke|p2|Garchomp, L50, F|
|poke|p2|Sylveon, L50, M|
|teampreview|4
|showteam|p1|Froslass||Froslassite|SnowCloak|Blizzard,ShadowBall,Thunderbolt,Protect|Modest||F|||50|]Garchomp||LifeOrb|RoughSkin|DragonClaw,Earthquake,RockSlide,Protect|Jolly||M|||50|]Sneasler||WhiteHerb|PoisonTouch|DireClaw,CloseCombat,Protect,FakeOut|Jolly||F|||50|]Whimsicott||FocusSash|Prankster|EnergyBall,Tailwind,WorrySeed,Protect|Timid||F|||50|]Incineroar||SitrusBerry|Intimidate|FakeOut,FlareBlitz,ThroatChop,PartingShot|Careful||M|||50|]Milotic||Leftovers|Competitive|Scald,DrainingKiss,Protect,Haze|Calm||F|||50|
|showteam|p2|Kingambit||FocusSash|Defiant|KowtowCleave,IronHead,SuckerPunch,LowKick|Adamant||M|||50|]Charizard||CharizarditeY|SolarPower|Protect,HeatWave,WeatherBall,SolarBeam|Modest||F|||50|]Aerodactyl||Aerodactylite|Unnerve|RockSlide,DualWingbeat,Tailwind,IceFang|Jolly||F|||50|]Farigiraf||SitrusBerry|ArmorTail|Psychic,Thunderbolt,TrickRoom,Roar|Bold||M|||50|]Garchomp||LifeOrb|RoughSkin|Earthquake,StompingTantrum,DragonClaw,Protect|Jolly||F|||50|]Sylveon||FairyFeather|Pixilate|HyperVoice,HyperBeam,QuickAttack,Detect|Modest||M|||50|
|inactive|Battle timer is ON: inactive players will automatically lose when time's up. (requested by Furyr)
|
|t:|1783529333
|teamsize|p1|4
|teamsize|p2|4
|start
|switch|p1a: Shiori|Milotic, L50, F|100/100
|switch|p1b: Ikoma|Incineroar, L50, M|100/100
|switch|p2a: Kingambit|Kingambit, L50, M|100/100
|switch|p2b: Aerodactyl|Aerodactyl, L50, F|100/100
|-ability|p2b: Aerodactyl|Unnerve
|-ability|p1b: Ikoma|Intimidate|boost
|-unboost|p2a: Kingambit|atk|1
|-ability|p2a: Kingambit|Defiant|boost
|-boost|p2a: Kingambit|atk|2
|-unboost|p2b: Aerodactyl|atk|1
|turn|1
|
|t:|1783529346
|switch|p2b: Farigiraf|Farigiraf, L50, M|100/100
|move|p1b: Ikoma|Fake Out||[still]
|cant|p2b: Farigiraf|ability: Armor Tail|Fake Out|[of] p1b: Ikoma
|move|p1a: Shiori|Scald|p2b: Farigiraf
|-damage|p2b: Farigiraf|75/100
|move|p2a: Kingambit|Kowtow Cleave|p1a: Shiori
|-damage|p1a: Shiori|19/100
|
|-heal|p1a: Shiori|25/100|[from] item: Leftovers
|upkeep
|turn|2
|
|t:|1783529363
|move|p1a: Shiori|Draining Kiss|p2a: Kingambit
|-damage|p2a: Kingambit|86/100
|-heal|p1a: Shiori|34/100|[from] drain|[of] p2a: Kingambit
|move|p2a: Kingambit|Low Kick|p1b: Ikoma
|-supereffective|p1b: Ikoma|1
|-damage|p1b: Ikoma|13/100
|-enditem|p1b: Ikoma|Sitrus Berry|[eat]
|-heal|p1b: Ikoma|38/100|[from] item: Sitrus Berry
|move|p1b: Ikoma|Flare Blitz|p2a: Kingambit
|-supereffective|p2a: Kingambit|1
|-damage|p2a: Kingambit|0 fnt
|faint|p2a: Kingambit
|-damage|p1b: Ikoma|13/100|[from] Recoil
|move|p2b: Farigiraf|Thunderbolt|p1a: Shiori
|-supereffective|p1a: Shiori|1
|-damage|p1a: Shiori|6/100
|
|-heal|p1a: Shiori|12/100|[from] item: Leftovers
|upkeep
|
|t:|1783529377
|switch|p2a: Aerodactyl|Aerodactyl, L50, F|100/100
|-ability|p2a: Aerodactyl|Unnerve
|turn|3
|
|t:|1783529390
|move|p1a: Shiori|Protect|p1a: Shiori
|-singleturn|p1a: Shiori|Protect
|move|p2a: Aerodactyl|Rock Slide|p1b: Ikoma|[spread] p1b
|-activate|p1a: Shiori|move: Protect
|-supereffective|p1b: Ikoma|1
|-damage|p1b: Ikoma|0 fnt
|faint|p1b: Ikoma
|move|p2b: Farigiraf|Roar|p1a: Shiori
|drag|p1a: Kako|Froslass, L50, F|100/100
|
|upkeep
|
|t:|1783529402
|switch|p1b: Katori|Sneasler, L50, F|100/100
|turn|4
|
|t:|1783529421
|detailschange|p1a: Kako|Froslass-Mega, L50, F
|-mega|p1a: Kako|Froslass|Froslassite
|-weather|Snowscape|[from] ability: Snow Warning|[of] p1a: Kako
|move|p1a: Kako|Protect|p1a: Kako
|-singleturn|p1a: Kako|Protect
|move|p2a: Aerodactyl|Tailwind|p2a: Aerodactyl
|-sidestart|p2: janbenet|move: Tailwind
|move|p1b: Katori|Close Combat|p2a: Aerodactyl
|-damage|p2a: Aerodactyl|2/100
|-unboost|p1b: Katori|def|1
|-unboost|p1b: Katori|spd|1
|-enditem|p1b: Katori|White Herb
|-clearnegativeboost|p1b: Katori|[silent]
|move|p2b: Farigiraf|Psychic|p1b: Katori
|-supereffective|p1b: Katori|2
|-damage|p1b: Katori|0 fnt
|faint|p1b: Katori
|
|-weather|Snowscape|[upkeep]
|upkeep
|
|t:|1783529436
|switch|p1b: Shiori|Milotic, L50, F|12/100
|turn|5
|
|t:|1783529442
|move|p2a: Aerodactyl|Rock Slide|p1a: Kako|[spread] p1a,p1b
|-supereffective|p1a: Kako|1
|-damage|p1a: Kako|55/100
|-damage|p1b: Shiori|0 fnt
|faint|p1b: Shiori
|move|p1a: Kako|Blizzard|p2b: Farigiraf|[spread] p2a,p2b
|-supereffective|p2a: Aerodactyl|1
|-damage|p2a: Aerodactyl|0 fnt
|-damage|p2b: Farigiraf|31/100
|-status|p2b: Farigiraf|frz
|-enditem|p2b: Farigiraf|Sitrus Berry|[eat]
|-heal|p2b: Farigiraf|56/100 frz|[from] item: Sitrus Berry
|faint|p2a: Aerodactyl
|cant|p2b: Farigiraf|frz
|
|-weather|Snowscape|[upkeep]
|upkeep
|
|t:|1783529448
|switch|p2a: Charizard|Charizard, L50, F|100/100
|turn|6
|
|t:|1783529452
|detailschange|p2a: Charizard|Charizard-Mega-Y, L50, F
|-mega|p2a: Charizard|Charizard|Charizardite Y
|-weather|SunnyDay|[from] ability: Drought|[of] p2a: Charizard
|move|p2a: Charizard|Weather Ball|p1a: Kako
|-supereffective|p1a: Kako|1
|-damage|p1a: Kako|0 fnt
|faint|p1a: Kako
|
|win|janbenet
||janbenet is ready for game 2.
|l|☆Furyr
|player|p1|
||Furyr is ready for game 2.
|uhtml|next|Next: Game 2 of 3
