|j|☆SnorlaxPikachu1
|j|☆marcosdeltasena31
|html|SnorlaxPikachu1marcosdeltasena31    
|uhtml|bestof|Game 2 of a best-of-3
|t:|1757629205
|gametype|doubles
|player|p1|SnorlaxPikachu1|palmer|1546
|player|p2|marcosdeltasena31|hilbert|1556
|gen|9
|tier|[Gen 9] VGC 2025 Reg H (Bo3)
|rated|
|rule|Species Clause: Limit one of each Pokémon
|rule|Item Clause: Limit 1 of each item
|clearpoke
|poke|p1|Kingambit, L50, F|
|poke|p1|Rillaboom, L50, M|
|poke|p1|Ninetales-Alola, L50, M|
|poke|p1|Magmar, L50, M|
|poke|p1|Sneasler, L50, M|
|poke|p1|Basculegion, L50, M|
|poke|p2|Dragonite, L50, F|
|poke|p2|Sneasler, L50, F|
|poke|p2|Volcarona, L50, F|
|poke|p2|Rillaboom, L50, M|
|poke|p2|Kingambit, L50, F|
|poke|p2|Electabuzz, L50, F|
|teampreview|4
|showteam|p1|Kingambit||BlackGlasses|Defiant|SuckerPunch,KowtowCleave,SwordsDance,Protect|||F|||50|,,,,,Fire]Rillaboom||AssaultVest|GrassySurge|WoodHammer,GrassyGlide,Uturn,FakeOut|||M|||50|,,,,,Ghost]Ninetales-Alola||LifeOrb|SnowWarning|Blizzard,FreezeDry,Encore,Protect|||M|||50|,,,,,Ice]Magmar||Eviolite|VitalSpirit|HeatWave,WillOWisp,FollowMe,Protect|||M|||50|,,,,,Ghost]Sneasler||FocusSash|Unburden|DireClaw,CloseCombat,FakeOut,Protect|||M|||50|,,,,,Ghost]Basculegion||ChoiceScarf|Adaptability|TeraBlast,LastRespects,WaveCrash,FlipTurn|||M|||50|,,,,,Fighting
|showteam|p2|Dragonite||LoadedDice|Multiscale|ScaleShot,ExtremeSpeed,Haze,Protect|||F|||50|,,,,,Fairy]Sneasler||FocusSash|PoisonTouch|DireClaw,CloseCombat,FakeOut,Coaching|||F|||50|,,,,,Ghost]Volcarona||CovertCloak|FlameBody|HeatWave,TeraBlast,QuiverDance,Protect|||F|||50|,,,,,Fairy]Rillaboom||AssaultVest|GrassySurge|WoodHammer,FakeOut,GrassyGlide,HighHorsepower|||M|||50|,,,,,Fire]Kingambit||BlackGlasses|Defiant|KowtowCleave,SwordsDance,SuckerPunch,Protect|||F|||50|,,,,,Dark]Electabuzz||Eviolite|VitalSpirit|Thunderbolt,FollowMe,Taunt,Protect|||F|||50|,,,,,Ghost
|
|t:|1757629220
|teamsize|p1|4
|teamsize|p2|4
|start
|switch|p1a: Aw dangit|Sneasler, L50, M|100/100
|switch|p1b: THE FLAMING KING|Kingambit, L50, F|100/100
|switch|p2a: Dragonite|Dragonite, L50, F|100/100
|switch|p2b: Sneasler|Sneasler, L50, F|100/100
|turn|1
|
|t:|1757629233
|-terastallize|p1b: THE FLAMING KING|Fire
|move|p1a: Aw dangit|Fake Out|p2a: Dragonite
|-damage|p2a: Dragonite|92/100
|move|p2b: Sneasler|Fake Out|p1a: Aw dangit
|-damage|p1a: Aw dangit|77/100
|cant|p2a: Dragonite|flinch
|move|p1b: THE FLAMING KING|Kowtow Cleave|p2a: Dragonite
|-damage|p2a: Dragonite|21/100
|
|upkeep
|turn|2
|
|t:|1757629255
|move|p2a: Dragonite|Extreme Speed|p1a: Aw dangit
|-damage|p1a: Aw dangit|23/100
|move|p1a: Aw dangit|Dire Claw|p2a: Dragonite
|-damage|p2a: Dragonite|0 fnt
|faint|p2a: Dragonite
|move|p2b: Sneasler|Close Combat|p1b: THE FLAMING KING
|-damage|p1b: THE FLAMING KING|49/100
|-unboost|p2b: Sneasler|def|1
|-unboost|p2b: Sneasler|spd|1
|move|p1b: THE FLAMING KING|Swords Dance|p1b: THE FLAMING KING
|-boost|p1b: THE FLAMING KING|atk|2
|
|upkeep
|
|t:|1757629270
|switch|p2a: Electabuzz|Electabuzz, L50, F|100/100
|turn|3
|
|t:|1757629304
|switch|p1b: Duck?|Magmar, L50, M, shiny|100/100
|move|p1a: Aw dangit|Dire Claw|p2b: Sneasler
|-resisted|p2b: Sneasler
|-damage|p2b: Sneasler|50/100
|move|p2b: Sneasler|Close Combat|p1b: Duck?
|-damage|p1b: Duck?|53/100
|-unboost|p2b: Sneasler|def|1
|-unboost|p2b: Sneasler|spd|1
|move|p2a: Electabuzz|Thunderbolt|p1b: Duck?
|-damage|p1b: Duck?|28/100
|
|upkeep
|turn|4
|
|t:|1757629330
|move|p1b: Duck?|Protect|p1b: Duck?
|-singleturn|p1b: Duck?|Protect
|move|p2a: Electabuzz|Follow Me|p2a: Electabuzz
|-singleturn|p2a: Electabuzz|move: Follow Me
|move|p2b: Sneasler|Close Combat|p1a: Aw dangit
|-resisted|p1a: Aw dangit
|-damage|p1a: Aw dangit|0 fnt
|-unboost|p2b: Sneasler|def|1
|-unboost|p2b: Sneasler|spd|1
|faint|p1a: Aw dangit
|
|upkeep
|
|t:|1757629336
|switch|p1a: Frostbite|Ninetales-Alola, L50, M|100/100
|-weather|Snowscape|[from] ability: Snow Warning|[of] p1a: Frostbite
|turn|5
|
|t:|1757629362
|move|p1b: Duck?|Follow Me|p1b: Duck?
|-singleturn|p1b: Duck?|move: Follow Me
|move|p2b: Sneasler|Dire Claw|p1b: Duck?
|-damage|p1b: Duck?|0 fnt
|faint|p1b: Duck?
|move|p1a: Frostbite|Blizzard|p2a: Electabuzz|[spread] p2a,p2b
|-crit|p2b: Sneasler
|-damage|p2a: Electabuzz|68/100
|-damage|p2b: Sneasler|0 fnt
|faint|p2b: Sneasler
|-damage|p1a: Frostbite|91/100|[from] item: Life Orb
|move|p2a: Electabuzz|Taunt|p1a: Frostbite
|-start|p1a: Frostbite|move: Taunt
|
|-weather|Snowscape|[upkeep]
|upkeep
|
|t:|1757629372
|switch|p2b: Volcarona|Volcarona, L50, F|100/100
|switch|p1b: THE FLAMING KING|Kingambit, L50, F, tera:Fire|49/100
|turn|6
|
|t:|1757629390
|-terastallize|p2b: Volcarona|Fairy
|move|p1a: Frostbite|Blizzard|p2a: Electabuzz|[spread] p2a,p2b
|-damage|p2a: Electabuzz|34/100
|-damage|p2b: Volcarona|64/100
|-damage|p1a: Frostbite|82/100|[from] item: Life Orb
|move|p2b: Volcarona|Heat Wave|p1a: Frostbite|[spread] p1a,p1b
|-supereffective|p1a: Frostbite
|-resisted|p1b: THE FLAMING KING
|-damage|p1a: Frostbite|0 fnt
|-damage|p1b: THE FLAMING KING|32/100
|faint|p1a: Frostbite
|move|p2a: Electabuzz|Thunderbolt|p1b: THE FLAMING KING
|-damage|p1b: THE FLAMING KING|0 fnt
|faint|p1b: THE FLAMING KING
|
|win|marcosdeltasena31
|raw|SnorlaxPikachu1's rating: 1546 → 1527(-19 for losing)
|raw|marcosdeltasena31's rating: 1556 → 1575(+19 for winning)
|c|☆SnorlaxPikachu1|gg
|l|☆SnorlaxPikachu1
|player|p1|
|c|☆marcosdeltasena31|gg best games
|c|☆marcosdeltasena31|good player
|l|☆marcosdeltasena31
|player|p2|
