|j|☆Poe Jar
|j|☆Toquill
|html|Poe JarToquill    
|uhtml|bestof|Game 2 of a best-of-3
|t:|1785096659
|gametype|doubles
|player|p1|Poe Jar|2|
|player|p2|Toquill|rika|
|gen|9
|tier|[Gen 9 Champions] VGC 2026 Reg M-B (Bo3)
|rule|Species Clause: Limit one of each Pokémon
|rule|Item Clause: Limit 1 of each item
|clearpoke
|poke|p1|Gholdengo, L50|
|poke|p1|Garchomp, L50, F|
|poke|p1|Whimsicott, L50, F|
|poke|p1|Sneasler, L50, F|
|poke|p1|Charizard, L50, M|
|poke|p1|Basculegion, L50, M|
|poke|p2|Venusaur, L50, M|
|poke|p2|Charizard, L50, M|
|poke|p2|Garchomp, L50, F|
|poke|p2|Annihilape, L50, F|
|poke|p2|Incineroar, L50, M|
|poke|p2|Toxapex, L50, M|
|teampreview|4
|showteam|p1|Gholdengo||ColburBerry|GoodasGold|MakeItRain,ShadowBall,NastyPlot,Protect|Modest|||||50|]Garchomp||LifeOrb|RoughSkin|Earthquake,DragonClaw,RockSlide,Protect|Jolly||F|||50|]Whimsicott||FocusSash|Prankster|Moonblast,Tailwind,Encore,Protect|Timid||F|||50|]Sneasler||WhiteHerb|Unburden|FakeOut,CloseCombat,DireClaw,Protect|Adamant||F|||50|]Charizard||CharizarditeY|Blaze|WeatherBall,HeatWave,SolarBeam,Protect|Modest||M|||50|]Basculegion||ChoiceScarf|Adaptability|WaveCrash,LastRespects,AquaJet,FlipTurn|Jolly||M|||50|
|showteam|p2|Venusaur||LifeOrb|Chlorophyll|SolarBeam,EarthPower,SludgeBomb,Protect|Modest||M|||50|]Charizard||CharizarditeY|Blaze|HeatWave,WeatherBall,HelpingHand,Protect|Modest||M|||50|]Garchomp||ChoiceScarf|RoughSkin|DragonClaw,StompingTantrum,Earthquake,RockSlide|Adamant||F|||50|]Annihilape||FocusSash|Defiant|CloseCombat,PhantomForce,RockTomb,Protect|Jolly||F|||50|]Incineroar||SitrusBerry|Intimidate|FlareBlitz,ThroatChop,PartingShot,FakeOut|Impish||M|||50|]Toxapex||Leftovers|Regenerator|Infestation,Toxic,WideGuard,BanefulBunker|Bold||M|||50|
|j| the gong lady
|j| IkeFAR
|
|t:|1785096721
|teamsize|p1|4
|teamsize|p2|4
|start
|switch|p1a: Sneasler|Sneasler, L50, F|100/100
|switch|p1b: Garchomp|Garchomp, L50, F|100/100
|switch|p2a: Charizard|Charizard, L50, M|100/100
|switch|p2b: Toxapex|Toxapex, L50, M|100/100
|turn|1
|
|t:|1785096751
|switch|p2b: Garchomp|Garchomp, L50, F|100/100
|move|p2a: Charizard|Protect|p2a: Charizard
|-singleturn|p2a: Charizard|Protect
|move|p1a: Sneasler|Fake Out|p2b: Garchomp
|-damage|p2b: Garchomp|86/100
|-damage|p1a: Sneasler|87/100|[from] ability: Rough Skin|[of] p2b: Garchomp
|move|p1b: Garchomp|Rock Slide|p2b: Garchomp|[spread] p2b
|-activate|p2a: Charizard|move: Protect
|-resisted|p2b: Garchomp|1
|-damage|p2b: Garchomp|75/100
|-damage|p1b: Garchomp|90/100|[from] item: Life Orb
|
|upkeep
|turn|2
|inactive|Battle timer is ON: inactive players will automatically lose when time's up. (requested by Poe Jar)
|
|t:|1785096831
|detailschange|p2a: Charizard|Charizard-Mega-Y, L50, M
|-mega|p2a: Charizard|Charizard|Charizardite Y
|-weather|SunnyDay|[from] ability: Drought|[of] p2a: Charizard
|move|p1b: Garchomp|Protect|p1b: Garchomp
|-singleturn|p1b: Garchomp|Protect
|move|p2b: Garchomp|Dragon Claw|p1b: Garchomp
|-activate|p1b: Garchomp|move: Protect
|move|p1a: Sneasler|Close Combat|p2b: Garchomp
|-damage|p2b: Garchomp|13/100
|-unboost|p1a: Sneasler|def|1
|-unboost|p1a: Sneasler|spd|1
|-damage|p1a: Sneasler|75/100|[from] ability: Rough Skin|[of] p2b: Garchomp
|-enditem|p1a: Sneasler|White Herb
|-clearnegativeboost|p1a: Sneasler|[silent]
|move|p2a: Charizard|Heat Wave|p1b: Garchomp|[spread] 
|-activate|p1b: Garchomp|move: Protect
|-miss|p2a: Charizard|p1a: Sneasler
|
|-weather|SunnyDay|[upkeep]
|upkeep
|turn|3
|inactive|Poe Jar has 30 seconds left.
|inactive|Toquill has 30 seconds left.
|inactive|Poe Jar has 20 seconds left.
|inactive|Toquill has 20 seconds left.
|inactive|Poe Jar has 15 seconds left.
|inactive|Toquill has 15 seconds left.
|inactive|Toquill has 10 seconds left.
|inactive|Toquill has 5 seconds left.
|
|t:|1785096881
|switch|p2b: Toxapex|Toxapex, L50, M|100/100
|switch|p2a: Incineroar|Incineroar, L50, M|100/100
|-ability|p2a: Incineroar|Intimidate|boost
|-unboost|p1a: Sneasler|atk|1
|-unboost|p1b: Garchomp|atk|1
|move|p1a: Sneasler|Dire Claw|p2b: Toxapex
|-resisted|p2b: Toxapex|1
|-damage|p2b: Toxapex|89/100
|move|p1b: Garchomp|Rock Slide|p2a: Incineroar|[spread] p2a,p2b
|-supereffective|p2a: Incineroar|1
|-damage|p2a: Incineroar|78/100
|-damage|p2b: Toxapex|79/100
|-damage|p1b: Garchomp|80/100|[from] item: Life Orb
|
|-weather|SunnyDay|[upkeep]
|-heal|p2b: Toxapex|85/100|[from] item: Leftovers
|upkeep
|turn|4
|inactive|Poe Jar has 30 seconds left.
|inactive|Toquill has 30 seconds left.
|l| the gong lady
|
|t:|1785096916
|switch|p1b: Whimsicott|Whimsicott, L50, F|100/100
|move|p2a: Incineroar|Fake Out|p1a: Sneasler
|-damage|p1a: Sneasler|58/100
|cant|p1a: Sneasler|flinch
|move|p2b: Toxapex|Infestation|p1b: Whimsicott
|-damage|p1b: Whimsicott|94/100
|-activate|p1b: Whimsicott|move: Infestation|[of] p2b: Toxapex
|
|-weather|SunnyDay|[upkeep]
|-heal|p2b: Toxapex|91/100|[from] item: Leftovers
|-damage|p1b: Whimsicott|82/100|[from] move: Infestation|[partiallytrapped]
|upkeep
|turn|5
|j| Blackfyredaemon
|j| the gong lady
|inactive|Poe Jar has 30 seconds left.
|
|t:|1785096944
|switch|p2a: Charizard|Charizard-Mega-Y, L50, M|100/100
|move|p1b: Whimsicott|Protect|p1b: Whimsicott
|-singleturn|p1b: Whimsicott|Protect
|move|p1a: Sneasler|Close Combat|p2a: Charizard
|-resisted|p2a: Charizard|1
|-damage|p2a: Charizard|79/100
|-unboost|p1a: Sneasler|def|1
|-unboost|p1a: Sneasler|spd|1
|move|p2b: Toxapex|Infestation|p1a: Sneasler
|-resisted|p1a: Sneasler|2
|-damage|p1a: Sneasler|56/100
|-activate|p1a: Sneasler|move: Infestation|[of] p2b: Toxapex
|
|-weather|SunnyDay|[upkeep]
|-heal|p2b: Toxapex|96/100|[from] item: Leftovers
|-damage|p1a: Sneasler|44/100|[from] move: Infestation|[partiallytrapped]
|-damage|p1b: Whimsicott|70/100|[from] move: Infestation|[partiallytrapped]
|upkeep
|turn|6
|inactive|Poe Jar has 30 seconds left.
|inactive|Toquill has 30 seconds left.
|inactive|Toquill has 20 seconds left.
|
|t:|1785096979
|move|p1b: Whimsicott|Tailwind|p1b: Whimsicott
|-sidestart|p1: Poe Jar|move: Tailwind
|move|p1a: Sneasler|Dire Claw|p2a: Charizard
|-damage|p2a: Charizard|46/100
|-status|p2a: Charizard|par
|move|p2a: Charizard|Heat Wave|p1a: Sneasler|[spread] p1a,p1b
|-supereffective|p1b: Whimsicott|1
|-damage|p1a: Sneasler|0 fnt
|-damage|p1b: Whimsicott|0 fnt
|faint|p1a: Sneasler
|faint|p1b: Whimsicott
|move|p2b: Toxapex|Infestation|p1: Sneasler|[notarget]
|-fail|p2b: Toxapex
|
|-weather|none
|-heal|p2b: Toxapex|100/100|[from] item: Leftovers
|upkeep
|
|t:|1785096991
|switch|p1b: Basculegion|Basculegion, L50, M|100/100
|switch|p1a: Garchomp|Garchomp, L50, F|80/100
|turn|7
|inactive|Poe Jar has 30 seconds left.
|inactive|Poe Jar has 20 seconds left.
|inactive|Poe Jar has 15 seconds left.
|inactive|Poe Jar has 10 seconds left.
|
|t:|1785097040
|switch|p2a: Incineroar|Incineroar, L50, M|78/100
|-ability|p2a: Incineroar|Intimidate|boost
|-unboost|p1a: Garchomp|atk|1
|-unboost|p1b: Basculegion|atk|1
|move|p2b: Toxapex|Baneful Bunker|p2b: Toxapex
|-singleturn|p2b: Toxapex|move: Protect
|move|p1b: Basculegion|Last Respects|p2a: Incineroar
|-resisted|p2a: Incineroar|1
|-crit|p2a: Incineroar
|-damage|p2a: Incineroar|26/100
|-enditem|p2a: Incineroar|Sitrus Berry|[eat]
|-heal|p2a: Incineroar|50/100g|[from] item: Sitrus Berry
|move|p1a: Garchomp|Dragon Claw|p2a: Incineroar
|-damage|p2a: Incineroar|27/100
|-damage|p1a: Garchomp|70/100|[from] item: Life Orb
|
|upkeep
|turn|8
|inactive|Poe Jar has 30 seconds left.
|inactive|Toquill has 30 seconds left.
|
|t:|1785097068
|move|p2a: Incineroar|Fake Out|p1a: Garchomp
|-damage|p1a: Garchomp|60/100
|-damage|p2a: Incineroar|14/100|[from] ability: Rough Skin|[of] p1a: Garchomp
|move|p1b: Basculegion|Last Respects|p2b: Toxapex
|-damage|p2b: Toxapex|54/100
|cant|p1a: Garchomp|flinch
|move|p2b: Toxapex|Toxic|p1b: Basculegion
|-status|p1b: Basculegion|tox
|
|-heal|p2b: Toxapex|59/100|[from] item: Leftovers
|-damage|p1b: Basculegion|93/100 tox|[from] psn
|upkeep
|turn|9
|inactive|Poe Jar has 30 seconds left.
|inactive|Toquill has 30 seconds left.
|
|t:|1785097102
|switch|p2a: Charizard|Charizard-Mega-Y, L50, M|46/100 par
|-weather|SunnyDay|[from] ability: Drought|[of] p2a: Charizard
|move|p1a: Garchomp|Protect|p1a: Garchomp
|-singleturn|p1a: Garchomp|Protect
|move|p2b: Toxapex|Baneful Bunker|p2b: Toxapex
|-singleturn|p2b: Toxapex|move: Protect
|move|p1b: Basculegion|Last Respects|p2a: Charizard
|-damage|p2a: Charizard|0 fnt
|faint|p2a: Charizard
|
|-weather|SunnyDay|[upkeep]
|-heal|p2b: Toxapex|65/100|[from] item: Leftovers
|-damage|p1b: Basculegion|81/100 tox|[from] psn
|-sideend|p1: Poe Jar|move: Tailwind
|upkeep
|
|t:|1785097112
|switch|p2a: Incineroar|Incineroar, L50, M|14/100
|-ability|p2a: Incineroar|Intimidate|boost
|-unboost|p1a: Garchomp|atk|1
|-unboost|p1b: Basculegion|atk|1
|turn|10
|inactive|Toquill has 30 seconds left.
|inactive|Toquill has 20 seconds left.
|
|t:|1785097148
|move|p2a: Incineroar|Fake Out|p1a: Garchomp
|-damage|p1a: Garchomp|50/100g
|-damage|p2a: Incineroar|2/100|[from] ability: Rough Skin|[of] p1a: Garchomp
|move|p1b: Basculegion|Last Respects|p2a: Incineroar
|-resisted|p2a: Incineroar|1
|-damage|p2a: Incineroar|0 fnt
|faint|p2a: Incineroar
|cant|p1a: Garchomp|flinch
|move|p2b: Toxapex|Infestation|p1b: Basculegion
|-resisted|p1b: Basculegion|1
|-damage|p1b: Basculegion|80/100 tox
|-activate|p1b: Basculegion|move: Infestation|[of] p2b: Toxapex
|
|-weather|SunnyDay|[upkeep]
|-heal|p2b: Toxapex|71/100|[from] item: Leftovers
|-damage|p1b: Basculegion|61/100 tox|[from] psn
|-damage|p1b: Basculegion|49/100 tox|[from] move: Infestation|[partiallytrapped]
|upkeep
|
|t:|1785097163
|switch|p2a: Garchomp|Garchomp, L50, F|13/100
|turn|11
|
|t:|1785097180
|move|p2b: Toxapex|Wide Guard|p2b: Toxapex
|-singleturn|p2b: Toxapex|Wide Guard
|move|p2a: Garchomp|Earthquake|p1b: Basculegion|[spread] p1a,p1b
|-activate|p2b: Toxapex|move: Wide Guard
|-damage|p1a: Garchomp|14/100
|-damage|p1b: Basculegion|0 fnt
|faint|p1b: Basculegion
|move|p1a: Garchomp|Earthquake|p2b: Toxapex|[spread] 
|-activate|p2a: Garchomp|move: Wide Guard
|-activate|p2b: Toxapex|move: Wide Guard
|
|-weather|SunnyDay|[upkeep]
|-heal|p2b: Toxapex|77/100|[from] item: Leftovers
|upkeep
|turn|12
|
|t:|1785097190
|move|p2b: Toxapex|Wide Guard|p2b: Toxapex
|-singleturn|p2b: Toxapex|Wide Guard
|move|p2a: Garchomp|Earthquake|p1a: Garchomp|[spread] p1a
|-activate|p2b: Toxapex|move: Wide Guard
|-damage|p1a: Garchomp|0 fnt
|faint|p1a: Garchomp
|
|win|Toquill
||Toquill is ready for game 3.
|inactive|Poe Jar has 30 seconds to confirm battle start!
|inactive|Poe Jar has 20 seconds to confirm battle start!
|inactive|Poe Jar has 10 seconds to confirm battle start!
||Poe Jar is ready for game 3.
|uhtml|next|Next: Game 3 of 3
|l| Blackfyredaemon
|j| MrGardnHose
|j| Blackfyredaemon
|l| MrGardnHose
|l| Blackfyredaemon
|l| the gong lady
|j| Combustandy
|l| Combustandy
|l| IkeFAR
|l|☆Toquill
|player|p2|
