|j|☆Practibot
|j|☆N0NAME1
|html|PractibotN0NAME1    
|uhtml|bestof|Game 2 of a best-of-3
|t:|1756151922
|gametype|doubles
|player|p1|Practibot|bugcatcher-gen4dp|1131
|player|p2|N0NAME1|steven|1102
|gen|9
|tier|[Gen 9] VGC 2025 Reg H (Bo3)
|rated|
|rule|Species Clause: Limit one of each Pokémon
|rule|Item Clause: Limit 1 of each item
|clearpoke
|poke|p1|Dragapult, L50, F|
|poke|p1|Volcarona, L50, M|
|poke|p1|Weezing-Galar, L50, F|
|poke|p1|Incineroar, L50, F|
|poke|p1|Toedscruel, L50, F|
|poke|p1|Smeargle, L50, M|
|poke|p2|Dondozo, L50, M|
|poke|p2|Tatsugiri, L50, F|
|poke|p2|Incineroar, L50, F|
|poke|p2|Rillaboom, L50, F|
|poke|p2|Spiritomb, L50, M|
|poke|p2|Dragapult, L50, F|
|teampreview|4
|showteam|p1|Dragapult||ChoiceBand|ClearBody|DragonDarts,PhantomForce,Outrage,Uturn|||F|||50|,,,,,Dragon]Volcarona||Leftovers|FlameBody|TeraBlast,HeatWave,QuiverDance,Protect|||M|||50|,,,,,Fairy]Weezing-Galar||ChoiceSpecs|NeutralizingGas|StrangeSteam,SludgeBomb,DazzlingGleam,Flamethrower|||F|||50|,,,,,Fire]Incineroar||AbilityShield|Intimidate|FakeOut,PartingShot,KnockOff,FlareBlitz|||F|||50|,,,,,Grass]Toedscruel||CovertCloak|MyceliumMight|Spore,AcidSpray,EarthPower,RagePowder|||F|||50|,,,,,Ground]Smeargle||FocusSash|OwnTempo|FakeOut,SpicyExtract,FollowMe,Spore|||M|||50|,,,,,Ghost
|showteam|p2|Dondozo||Leftovers|Unaware|Protect,Yawn,OrderUp,Liquidation|||M|||50|,,,,,Fire]Tatsugiri||ChoiceScarf|Commander|DracoMeteor,HydroPump,DragonCheer,IcyWind|||F|||50|,,,,,Dragon]Incineroar||SafetyGoggles|Intimidate|FakeOut,PartingShot,Taunt,KnockOff|||F|||50|,,,,,Bug]Rillaboom||AssaultVest|GrassySurge|FakeOut,Uturn,GrassyGlide,WoodHammer|||F|||50|,,,,,Water]Spiritomb||SitrusBerry|Infiltrator|TrickRoom,WillOWisp,ShadowBall,Snarl|||M|||50|,,,,,Poison]Dragapult||ChoiceBand|ClearBody|DragonDarts,PhantomForce,Outrage,Uturn|||F|||50|,,,,,Dragon
|inactive|Battle timer is ON: inactive players will automatically lose when time's up. (requested by N0NAME1)
|
|t:|1756151950
|teamsize|p1|4
|teamsize|p2|4
|start
|switch|p1a: Weezing|Weezing-Galar, L50, F|100/100
|switch|p1b: Incineroar|Incineroar, L50, F|100/100
|switch|p2a: Rillaboom|Rillaboom, L50, F|100/100
|switch|p2b: Dondozo|Dondozo, L50, M|100/100
|-ability|p1a: Weezing|Neutralizing Gas
|-block|p1b: Incineroar|item: Ability Shield
|-ability|p1b: Incineroar|Intimidate|boost
|-unboost|p2a: Rillaboom|atk|1
|-unboost|p2b: Dondozo|atk|1
|turn|1
|
|t:|1756151972
|switch|p1b: Toedscruel|Toedscruel, L50, F|100/100
|-terastallize|p1a: Weezing|Fire
|move|p2a: Rillaboom|Fake Out|p1b: Toedscruel
|-damage|p1b: Toedscruel|91/100
|move|p1a: Weezing|Sludge Bomb|p2a: Rillaboom
|-supereffective|p2a: Rillaboom
|-damage|p2a: Rillaboom|42/100
|-status|p2a: Rillaboom|psn
|move|p2b: Dondozo|Yawn|p1a: Weezing
|-start|p1a: Weezing|move: Yawn|[of] p2b: Dondozo
|
|-damage|p2a: Rillaboom|29/100 psn|[from] psn
|upkeep
|turn|2
|inactive|N0NAME1 has 30 seconds left.
|
|t:|1756152004
|switch|p2b: Incineroar|Incineroar, L50, F|100/100
|move|p1b: Toedscruel|Spore|p2b: Incineroar
|-activate|p2b: Incineroar|item: Safety Goggles|Spore
|move|p1a: Weezing|Sludge Bomb|p2a: Rillaboom
|-supereffective|p2a: Rillaboom
|-damage|p2a: Rillaboom|0 fnt
|faint|p2a: Rillaboom
|
|-end|p1a: Weezing|move: Yawn|[silent]
|-status|p1a: Weezing|slp
|upkeep
|
|t:|1756152017
|switch|p2a: Dragapult|Dragapult, L50, F|100/100
|turn|3
|
|t:|1756152033
|switch|p1b: Incineroar|Incineroar, L50, F|100/100
|-ability|p1b: Incineroar|Intimidate|boost
|-unboost|p2a: Dragapult|atk|1
|-unboost|p2b: Incineroar|atk|1
|-terastallize|p2a: Dragapult|Dragon
|move|p2a: Dragapult|Outrage|p1a: Weezing
|-damage|p1a: Weezing|23/100 slp
|cant|p1a: Weezing|slp
|move|p2b: Incineroar|Knock Off|p1b: Incineroar
|-resisted|p1b: Incineroar
|-damage|p1b: Incineroar|89/100
|-enditem|p1b: Incineroar|Ability Shield|[from] move: Knock Off|[of] p2b: Incineroar
|
|upkeep
|turn|4
|inactive|Practibot has 30 seconds left.
|
|t:|1756152059
|move|p2a: Dragapult|Outrage|p1b: Incineroar|[from] lockedmove
|-damage|p1b: Incineroar|18/100
|cant|p1a: Weezing|slp
|move|p1b: Incineroar|Knock Off|p2a: Dragapult
|-damage|p2a: Dragapult|45/100
|-enditem|p2a: Dragapult|Choice Band|[from] move: Knock Off|[of] p1b: Incineroar
|move|p2b: Incineroar|Knock Off|p1a: Weezing
|-crit|p1a: Weezing
|-damage|p1a: Weezing|0 fnt
|-enditem|p1a: Weezing|Choice Specs|[from] move: Knock Off|[of] p2b: Incineroar
|faint|p1a: Weezing
|-end|p1a: Weezing|ability: Neutralizing Gas
|-ability|p1b: Incineroar|Intimidate|boost
|-fail|p2a: Dragapult|unboost|[from] ability: Clear Body|[of] p2a: Dragapult
|-unboost|p2b: Incineroar|atk|1
|-ability|p2b: Incineroar|Intimidate|boost
|-unboost|p1b: Incineroar|atk|1
|
|upkeep
|
|t:|1756152075
|switch|p1a: Dragapult|Dragapult, L50, F|100/100
|turn|5
|
|t:|1756152088
|move|p1a: Dragapult|Dragon Darts|p2a: Dragapult
|-supereffective|p2a: Dragapult
|-damage|p2a: Dragapult|0 fnt
|-anim|p1a: Dragapult|Dragon Darts|p2b: Incineroar
|-damage|p2b: Incineroar|72/100
|faint|p2a: Dragapult
|move|p1b: Incineroar|Parting Shot|p2b: Incineroar
|-unboost|p2b: Incineroar|atk|1
|-unboost|p2b: Incineroar|spa|1
|
|t:|1756152096
|switch|p1b: Toedscruel|Toedscruel, L50, F|91/100|[from] Parting Shot
|move|p2b: Incineroar|Knock Off|p1a: Dragapult
|-supereffective|p1a: Dragapult
|-damage|p1a: Dragapult|57/100
|-enditem|p1a: Dragapult|Choice Band|[from] move: Knock Off|[of] p2b: Incineroar
|
|upkeep
|
|t:|1756152102
|switch|p2a: Dondozo|Dondozo, L50, M|100/100
|turn|6
|
|t:|1756152121
|switch|p1b: Incineroar|Incineroar, L50, F|18/100
|-ability|p1b: Incineroar|Intimidate|boost
|-unboost|p2a: Dondozo|atk|1
|-unboost|p2b: Incineroar|atk|1
|move|p1a: Dragapult|Outrage|p2b: Incineroar
|-damage|p2b: Incineroar|26/100
|move|p2b: Incineroar|Knock Off|p1a: Dragapult
|-supereffective|p1a: Dragapult
|-damage|p1a: Dragapult|35/100
|move|p2a: Dondozo|Order Up|p1a: Dragapult
|-supereffective|p1a: Dragapult
|-damage|p1a: Dragapult|0 fnt
|faint|p1a: Dragapult
|
|upkeep
|
|t:|1756152134
|switch|p1a: Toedscruel|Toedscruel, L50, F|91/100
|turn|7
|
|t:|1756152142
|move|p2a: Dondozo|Protect|p2a: Dondozo
|-singleturn|p2a: Dondozo|Protect
|move|p1b: Incineroar|Fake Out|p2b: Incineroar
|-damage|p2b: Incineroar|17/100
|cant|p2b: Incineroar|flinch
|move|p1a: Toedscruel|Spore|p2a: Dondozo
|-activate|p2a: Dondozo|move: Protect
|
|upkeep
|turn|8
|
|t:|1756152155
|move|p1a: Toedscruel|Earth Power|p2b: Incineroar
|-supereffective|p2b: Incineroar
|-damage|p2b: Incineroar|0 fnt
|faint|p2b: Incineroar
|move|p1b: Incineroar|Knock Off|p2a: Dondozo
|-damage|p2a: Dondozo|82/100
|-enditem|p2a: Dondozo|Leftovers|[from] move: Knock Off|[of] p1b: Incineroar
|move|p2a: Dondozo|Yawn|p1a: Toedscruel
|-start|p1a: Toedscruel|move: Yawn|[of] p2a: Dondozo
|
|upkeep
|turn|9
|inactive|Practibot has 30 seconds left.
|
|t:|1756152182
|move|p2a: Dondozo|Protect|p2a: Dondozo
|-singleturn|p2a: Dondozo|Protect
|move|p1b: Incineroar|Knock Off|p2a: Dondozo
|-activate|p2a: Dondozo|move: Protect
|move|p1a: Toedscruel|Spore|p2a: Dondozo
|-activate|p2a: Dondozo|move: Protect
|
|-end|p1a: Toedscruel|move: Yawn|[silent]
|-status|p1a: Toedscruel|slp
|upkeep
|turn|10
|inactive|N0NAME1 has 30 seconds left.
|inactive|N0NAME1 has 20 seconds left.
|inactive|N0NAME1 has 15 seconds left.
|
|t:|1756152227
|move|p1b: Incineroar|Parting Shot|p2a: Dondozo
|-unboost|p2a: Dondozo|atk|1
|-unboost|p2a: Dondozo|spa|1
|move|p2a: Dondozo|Liquidation|p1b: Incineroar
|-supereffective|p1b: Incineroar
|-damage|p1b: Incineroar|0 fnt
|faint|p1b: Incineroar
|cant|p1a: Toedscruel|slp
|
|upkeep
|turn|11
|
|t:|1756152237
|move|p2a: Dondozo|Order Up|p1a: Toedscruel
|-damage|p1a: Toedscruel|78/100 slp
|cant|p1a: Toedscruel|slp
|
|upkeep
|turn|12
|
|t:|1756152243
|move|p2a: Dondozo|Order Up|p1a: Toedscruel
|-damage|p1a: Toedscruel|66/100 slp
|-curestatus|p1a: Toedscruel|slp|[msg]
|move|p1a: Toedscruel|Spore|p2a: Dondozo
|-status|p2a: Dondozo|slp|[from] move: Spore
|
|upkeep
|turn|13
|
|t:|1756152251
|move|p1a: Toedscruel|Acid Spray|p2a: Dondozo
|-damage|p2a: Dondozo|74/100 slp
|-unboost|p2a: Dondozo|spd|2
|cant|p2a: Dondozo|slp
|
|upkeep
|turn|14
|
|t:|1756152258
|move|p1a: Toedscruel|Earth Power|p2a: Dondozo
|-damage|p2a: Dondozo|18/100 slp
|cant|p2a: Dondozo|slp
|
|upkeep
|turn|15
|
|t:|1756152265
|cant|p2a: Dondozo|slp
|move|p1a: Toedscruel|Earth Power|p2a: Dondozo
|-damage|p2a: Dondozo|0 fnt
|faint|p2a: Dondozo
|
|win|Practibot
|raw|Practibot's rating: 1131 → 1154(+23 for winning)
|raw|N0NAME1's rating: 1102 → 1079(-23 for losing)
