|j|☆Colonelpaco
|j|☆Pier (Champion)
|html|ColonelpacoPier (Champion)    
|uhtml|bestof|Game 1 of a best-of-3
|t:|1757716196
|gametype|doubles
|player|p1|Colonelpaco|102|1066
|player|p2|Pier (Champion)|cynthia-gen4|1127
|gen|9
|tier|[Gen 9] VGC 2025 Reg H (Bo3)
|rated|
|rule|Species Clause: Limit one of each Pokémon
|rule|Item Clause: Limit 1 of each item
|clearpoke
|poke|p1|Sneasler, L50, F|
|poke|p1|Dragapult, L50, F|
|poke|p1|Primarina, L50, M|
|poke|p1|Rillaboom, L50, F|
|poke|p1|Kingambit, L50, F|
|poke|p1|Magmar, L50, F|
|poke|p2|Annihilape, L50, F|
|poke|p2|Sinistcha, L50|
|poke|p2|Maushold-Four, L50|
|poke|p2|Klefki, L50, M|
|poke|p2|Ursaluna-Bloodmoon, L50, M|
|poke|p2|Ninetales-Alola, L50, F|
|teampreview|4
|showteam|p1|Sneasler||FocusSash|Unburden|CloseCombat,DireClaw,FakeOut,Protect|||F|||50|,,,,,Stellar]Dragapult||ChoiceBand|ClearBody|DragonDarts,TeraBlast,PhantomForce,Uturn|||F|||50|,,,,,Ghost]Primarina||SitrusBerry|LiquidVoice|HyperVoice,Moonblast,Haze,Protect|||M|||50|,,,,,Water]Rillaboom||AssaultVest|GrassySurge|WoodHammer,GrassyGlide,HighHorsepower,FakeOut|||F|||50|,,,,,Fire]Kingambit||BlackGlasses|Defiant|KowtowCleave,SuckerPunch,SwordsDance,Protect|||F|||50|,,,,,Ghost]Magmar||Eviolite|VitalSpirit|Overheat,WillOWisp,FollowMe,Protect|||F|||50|,,,,,Ghost
|showteam|p2|Annihilape||Leftovers|Defiant|Protect,BulkUp,DrainPunch,RageFist|||F|||50|,,,,,Fire]Sinistcha||SitrusBerry|Hospitality|MatchaGotcha,TrickRoom,LifeDew,RagePowder||||||50|,,,,,Water]Maushold-Four||SafetyGoggles|FriendGuard|FollowMe,Taunt,BeatUp,Protect||||||50|,,,,,Ghost]Klefki||LightClay|Prankster|Reflect,LightScreen,MistyTerrain,DazzlingGleam|||M|||50|,,,,,Ghost]Ursaluna-Bloodmoon||AssaultVest|MindsEye|BloodMoon,HyperVoice,EarthPower,VacuumWave|||M|||50|,,,,,Water]Ninetales-Alola||FocusSash|SnowWarning|Protect,Encore,FreezeDry,Blizzard|||F|||50|,,,,,Ghost
|inactive|Battle timer is ON: inactive players will automatically lose when time's up. (requested by Colonelpaco)
|inactive|Colonelpaco has 60 seconds left.
|inactive|Pier (Champion) has 60 seconds left.
|
|t:|1757716236
|teamsize|p1|4
|teamsize|p2|4
|start
|switch|p1a: Kingambit|Kingambit, L50, F|100/100
|switch|p1b: Rillaboom|Rillaboom, L50, F|100/100
|switch|p2a: Annihilape|Annihilape, L50, F|100/100
|switch|p2b: Maushold|Maushold-Four, L50|100/100
|-fieldstart|move: Grassy Terrain|[from] ability: Grassy Surge|[of] p1b: Rillaboom
|turn|1
|
|t:|1757716253
|move|p2b: Maushold|Protect|p2b: Maushold
|-singleturn|p2b: Maushold|Protect
|move|p1b: Rillaboom|Fake Out|p2a: Annihilape
|-immune|p2a: Annihilape
|move|p2a: Annihilape|Bulk Up|p2a: Annihilape
|-boost|p2a: Annihilape|atk|1
|-boost|p2a: Annihilape|def|1
|move|p1a: Kingambit|Kowtow Cleave|p2a: Annihilape
|-damage|p2a: Annihilape|71/100
|
|-heal|p2a: Annihilape|77/100|[from] Grassy Terrain
|-heal|p2a: Annihilape|84/100|[from] item: Leftovers
|upkeep
|turn|2
|
|t:|1757716274
|move|p1a: Kingambit|Protect|p1a: Kingambit
|-singleturn|p1a: Kingambit|Protect
|move|p2b: Maushold|Beat Up|p2a: Annihilape
|-damage|p2a: Annihilape|82/100
|-damage|p2a: Annihilape|81/100
|-damage|p2a: Annihilape|80/100
|-damage|p2a: Annihilape|79/100
|-hitcount|p2a: Annihilape|4
|move|p2a: Annihilape|Drain Punch|p1a: Kingambit
|-activate|p1a: Kingambit|move: Protect
|move|p1b: Rillaboom|Wood Hammer|p2a: Annihilape
|-damage|p2a: Annihilape|36/100
|-damage|p1b: Rillaboom|85/100|[from] Recoil
|
|-heal|p2a: Annihilape|42/100|[from] Grassy Terrain
|-heal|p2a: Annihilape|49/100|[from] item: Leftovers
|-heal|p1b: Rillaboom|91/100|[from] Grassy Terrain
|upkeep
|turn|3
|inactive|Colonelpaco has 30 seconds left.
|
|t:|1757716305
|switch|p1a: Sneasler|Sneasler, L50, F|100/100
|move|p2a: Annihilape|Protect|p2a: Annihilape
|-singleturn|p2a: Annihilape|Protect
|move|p2b: Maushold|Taunt|p1a: Sneasler
|-start|p1a: Sneasler|move: Taunt
|move|p1b: Rillaboom|Wood Hammer|p2a: Annihilape
|-activate|p2a: Annihilape|move: Protect
|
|-heal|p2a: Annihilape|55/100|[from] Grassy Terrain
|-heal|p2a: Annihilape|61/100|[from] item: Leftovers
|-heal|p1b: Rillaboom|97/100|[from] Grassy Terrain
|upkeep
|turn|4
|
|t:|1757716325
|switch|p2b: Sinistcha|Sinistcha, L50|100/100
|-heal|p2a: Annihilape|86/100|[from] ability: Hospitality|[of] p2b: Sinistcha
|move|p1a: Sneasler|Dire Claw|p2a: Annihilape
|-resisted|p2a: Annihilape
|-damage|p2a: Annihilape|72/100
|move|p2a: Annihilape|Drain Punch|p1b: Rillaboom
|-damage|p1b: Rillaboom|50/100
|-heal|p2a: Annihilape|94/100|[from] drain|[of] p1b: Rillaboom
|move|p1b: Rillaboom|Wood Hammer|p2a: Annihilape
|-damage|p2a: Annihilape|38/100
|-damage|p1b: Rillaboom|30/100|[from] Recoil
|
|-heal|p2a: Annihilape|44/100|[from] Grassy Terrain
|-heal|p2a: Annihilape|50/100|[from] item: Leftovers
|-heal|p1b: Rillaboom|36/100|[from] Grassy Terrain
|upkeep
|turn|5
|inactive|Colonelpaco has 30 seconds left.
|
|t:|1757716351
|move|p2a: Annihilape|Protect|p2a: Annihilape
|-singleturn|p2a: Annihilape|Protect
|move|p1a: Sneasler|Dire Claw|p2a: Annihilape
|-activate|p2a: Annihilape|move: Protect
|move|p1b: Rillaboom|Wood Hammer|p2a: Annihilape
|-activate|p2a: Annihilape|move: Protect
|move|p2b: Sinistcha|Matcha Gotcha|p1a: Sneasler|[spread] p1a,p1b
|-resisted|p1a: Sneasler
|-resisted|p1b: Rillaboom
|-damage|p1a: Sneasler|79/100
|-damage|p1b: Rillaboom|25/100
|
|-heal|p1a: Sneasler|85/100|[from] Grassy Terrain
|-heal|p2a: Annihilape|57/100|[from] Grassy Terrain
|-heal|p2a: Annihilape|63/100|[from] item: Leftovers
|-heal|p1b: Rillaboom|31/100|[from] Grassy Terrain
|-end|p1a: Sneasler|move: Taunt
|-fieldend|move: Grassy Terrain
|upkeep
|turn|6
|inactive|Colonelpaco has 30 seconds left.
|
|t:|1757716378
|switch|p2b: Maushold|Maushold-Four, L50|100/100
|move|p1a: Sneasler|Dire Claw|p2a: Annihilape
|-resisted|p2a: Annihilape
|-damage|p2a: Annihilape|52/100
|-status|p2a: Annihilape|par
|move|p1b: Rillaboom|Wood Hammer|p2a: Annihilape
|-damage|p2a: Annihilape|19/100 par
|-damage|p1b: Rillaboom|19/100|[from] Recoil
|move|p2a: Annihilape|Drain Punch|p1b: Rillaboom
|-damage|p1b: Rillaboom|0 fnt
|-heal|p2a: Annihilape|28/100 par|[from] drain|[of] p1b: Rillaboom
|faint|p1b: Rillaboom
|
|-heal|p2a: Annihilape|34/100 par|[from] item: Leftovers
|upkeep
|
|t:|1757716394
|switch|p1b: Kingambit|Kingambit, L50, F|100/100
|turn|7
|
|t:|1757716402
|move|p1b: Kingambit|Protect|p1b: Kingambit
|-singleturn|p1b: Kingambit|Protect
|move|p2b: Maushold|Follow Me|p2b: Maushold
|-singleturn|p2b: Maushold|move: Follow Me
|move|p1a: Sneasler|Close Combat|p2b: Maushold
|-supereffective|p2b: Maushold
|-damage|p2b: Maushold|0 fnt
|-unboost|p1a: Sneasler|def|1
|-unboost|p1a: Sneasler|spd|1
|faint|p2b: Maushold
|cant|p2a: Annihilape|par
|
|-heal|p2a: Annihilape|40/100 par|[from] item: Leftovers
|upkeep
|
|t:|1757716414
|switch|p2b: Sinistcha|Sinistcha, L50|100/100
|-heal|p2a: Annihilape|65/100 par|[from] ability: Hospitality|[of] p2b: Sinistcha
|turn|8
|
|t:|1757716432
|-terastallize|p2b: Sinistcha|Water
|move|p1a: Sneasler|Dire Claw|p2b: Sinistcha
|-damage|p2b: Sinistcha|68/100
|move|p2b: Sinistcha|Life Dew|p2b: Sinistcha|[spread] p2a,p2b
|-heal|p2a: Annihilape|90/100 par
|-heal|p2b: Sinistcha|93/100
|move|p2a: Annihilape|Drain Punch|p1a: Sneasler
|-resisted|p1a: Sneasler
|-damage|p1a: Sneasler|29/100
|-heal|p2a: Annihilape|100/100 par|[from] drain|[of] p1a: Sneasler
|move|p1b: Kingambit|Swords Dance|p1b: Kingambit
|-boost|p1b: Kingambit|atk|2
|
|upkeep
|turn|9
|inactive|Colonelpaco has 30 seconds left.
|
|t:|1757716464
|switch|p1a: Dragapult|Dragapult, L50, F|100/100
|-terastallize|p1b: Kingambit|Ghost
|move|p2b: Sinistcha|Rage Powder|p2b: Sinistcha
|-singleturn|p2b: Sinistcha|move: Rage Powder
|move|p2a: Annihilape|Drain Punch|p1b: Kingambit
|-immune|p1b: Kingambit
|move|p1b: Kingambit|Kowtow Cleave|p2b: Sinistcha
|-damage|p2b: Sinistcha|0 fnt
|faint|p2b: Sinistcha
|
|upkeep
|
|t:|1757716468
|switch|p2b: Ursaluna|Ursaluna-Bloodmoon, L50, M|100/100
|turn|10
|inactive|Colonelpaco has 30 seconds left.
|
|t:|1757716495
|move|p1b: Kingambit|Protect|p1b: Kingambit
|-singleturn|p1b: Kingambit|Protect
|move|p1a: Dragapult|U-turn|p2b: Ursaluna
|-damage|p2b: Ursaluna|78/100
|
|t:|1757716500
|switch|p1a: Sneasler|Sneasler, L50, F|29/100|[from] U-turn
|move|p2a: Annihilape|Rage Fist|p1b: Kingambit
|-activate|p1b: Kingambit|move: Protect
|move|p2b: Ursaluna|Blood Moon|p1a: Sneasler
|-damage|p1a: Sneasler|0 fnt
|faint|p1a: Sneasler
|
|upkeep
|
|t:|1757716510
|switch|p1a: Dragapult|Dragapult, L50, F|100/100
|turn|11
|
|t:|1757716520
|move|p1b: Kingambit|Sucker Punch|p2a: Annihilape
|-damage|p2a: Annihilape|32/100 par
|move|p1a: Dragapult|Dragon Darts|p2a: Annihilape
|-damage|p2a: Annihilape|9/100 par
|-anim|p1a: Dragapult|Dragon Darts|p2b: Ursaluna
|-damage|p2b: Ursaluna|55/100
|move|p2a: Annihilape|Rage Fist|p1a: Dragapult
|-supereffective|p1a: Dragapult
|-damage|p1a: Dragapult|0 fnt
|faint|p1a: Dragapult
|move|p2b: Ursaluna|Hyper Voice|p1b: Kingambit
|-damage|p1b: Kingambit|55/100
|
|-heal|p2a: Annihilape|15/100 par|[from] item: Leftovers
|upkeep
|turn|12
|inactive|Colonelpaco has 30 seconds left.
|inactive|Colonelpaco has 20 seconds left.
|
|t:|1757716556
|move|p2a: Annihilape|Rage Fist|p1b: Kingambit
|-supereffective|p1b: Kingambit
|-damage|p1b: Kingambit|0 fnt
|faint|p1b: Kingambit
|
|win|Pier (Champion)
||Pier (Champion) is ready for game 2.
||Colonelpaco is ready for game 2.
|uhtml|next|Next: Game 2 of 3
