|j|☆randomguy1114s
|j|☆five_loko_gold
|html|randomguy1114sfive_loko_gold    
|uhtml|bestof|Game 1 of a best-of-3
|t:|1756688843
|gametype|doubles
|player|p1|randomguy1114s|lillie-masters|1179
|player|p2|five_loko_gold|170|1099
|gen|9
|tier|[Gen 9] VGC 2025 Reg H (Bo3)
|rated|
|rule|Species Clause: Limit one of each Pokémon
|rule|Item Clause: Limit 1 of each item
|clearpoke
|poke|p1|Archaludon, L50, F|
|poke|p1|Pelipper, L50, M|
|poke|p1|Rillaboom, L50, M|
|poke|p1|Incineroar, L50, M|
|poke|p1|Gholdengo, L50|
|poke|p1|Porygon2, L50|
|poke|p2|Rillaboom, L50, F|
|poke|p2|Sneasler, L50, M|
|poke|p2|Kingambit, L50, F|
|poke|p2|Ninetales-Alola, L50, M|
|poke|p2|Magmar, L50, F|
|poke|p2|Basculegion, L50, M|
|teampreview|4
|showteam|p1|Archaludon||PowerHerb|Sturdy|ElectroShot,DragonPulse,FlashCannon,Protect|||F|||50|,,,,,Electric]Pelipper||FocusSash|Drizzle|Tailwind,WeatherBall,Hurricane,Protect|||M|||50|,,,,,Ghost]Rillaboom||AssaultVest|GrassySurge|FakeOut,WoodHammer,GrassyGlide,Uturn|||M|||50|,,,,,Fire]Incineroar||SafetyGoggles|Intimidate|FakeOut,KnockOff,Taunt,PartingShot|||M|||50|,,,,,Ghost]Gholdengo||GrassySeed|GoodasGold|NastyPlot,MakeItRain,ShadowBall,Protect||||||50|,,,,,Dragon]Porygon2||Eviolite|Download|IceBeam,TeraBlast,TrickRoom,Recover||||||50|,,,,,Fighting
|showteam|p2|Rillaboom||AssaultVest|GrassySurge|WoodHammer,GrassyGlide,Uturn,FakeOut|||F|||50|,,,,,Ghost]Sneasler||FocusSash|Unburden|CloseCombat,DireClaw,FakeOut,Protect|||M|||50|,,,,,Stellar]Kingambit||BlackGlasses|Defiant|Protect,KowtowCleave,SuckerPunch,SwordsDance|||F|||50|,,,,,Fire]Ninetales-Alola||NeverMeltIce|SnowWarning|Encore,Blizzard,FreezeDry,Protect|||M|||50|,,,,,Ice]Magmar||Eviolite|VitalSpirit|Protect,HeatWave,WillOWisp,FollowMe|||F|||50|,,,,,Ghost]Basculegion||ChoiceScarf|Adaptability|WaveCrash,FlipTurn,TeraBlast,LastRespects|||M|||50|,,,,,Fighting
|
|t:|1756688895
|teamsize|p1|4
|teamsize|p2|4
|start
|switch|p1a: monke|Rillaboom, L50, M, shiny|100/100
|switch|p1b: cheese man|Gholdengo, L50, shiny|100/100
|switch|p2a: Kingambit|Kingambit, L50, F|100/100
|switch|p2b: Sneasler|Sneasler, L50, M|100/100
|-fieldstart|move: Grassy Terrain|[from] ability: Grassy Surge|[of] p1a: monke
|-enditem|p1b: cheese man|Grassy Seed
|-boost|p1b: cheese man|def|1|[from] item: Grassy Seed
|turn|1
|
|t:|1756688936
|move|p2b: Sneasler|Fake Out|p1a: monke
|-damage|p1a: monke|88/100
|cant|p1a: monke|flinch
|move|p1b: cheese man|Nasty Plot|p1b: cheese man
|-boost|p1b: cheese man|spa|2
|move|p2a: Kingambit|Swords Dance|p2a: Kingambit
|-boost|p2a: Kingambit|atk|2
|
|-heal|p1a: monke|94/100|[from] Grassy Terrain
|upkeep
|turn|2
|
|t:|1756688960
|move|p1b: cheese man|Protect|p1b: cheese man
|-singleturn|p1b: cheese man|Protect
|move|p2b: Sneasler|Dire Claw|p1a: monke
|-supereffective|p1a: monke
|-damage|p1a: monke|9/100
|move|p1a: monke|U-turn|p2b: Sneasler
|-resisted|p2b: Sneasler
|-damage|p2b: Sneasler|91/100
|inactive|Battle timer is ON: inactive players will automatically lose when time's up. (requested by five_loko_gold)
|
|t:|1756688988
|switch|p1a: Midcineroar|Incineroar, L50, M, shiny|100/100|[from] U-turn
|-ability|p1a: Midcineroar|Intimidate|boost
|-unboost|p2a: Kingambit|atk|1
|-ability|p2a: Kingambit|Defiant|boost
|-boost|p2a: Kingambit|atk|2
|-unboost|p2b: Sneasler|atk|1
|move|p2a: Kingambit|Kowtow Cleave|p1b: cheese man
|-activate|p1b: cheese man|move: Protect
|
|-heal|p2b: Sneasler|97/100|[from] Grassy Terrain
|upkeep
|turn|3
|
|t:|1756689008
|switch|p2b: Magmar|Magmar, L50, F|100/100
|move|p2a: Kingambit|Protect|p2a: Kingambit
|-singleturn|p2a: Kingambit|Protect
|move|p1a: Midcineroar|Fake Out|p2a: Kingambit
|-activate|p2a: Kingambit|move: Protect
|move|p1b: cheese man|Make It Rain|p2a: Kingambit|[spread] p2b
|-activate|p2a: Kingambit|move: Protect
|-resisted|p2b: Magmar
|-damage|p2b: Magmar|66/100
|-unboost|p1b: cheese man|spa|1
|
|-heal|p2b: Magmar|72/100|[from] Grassy Terrain
|upkeep
|turn|4
|
|t:|1756689032
|-terastallize|p1b: cheese man|Dragon
|move|p2b: Magmar|Follow Me|p2b: Magmar
|-singleturn|p2b: Magmar|move: Follow Me
|move|p2a: Kingambit|Sucker Punch||[still]
|-fail|p2a: Kingambit
|move|p1b: cheese man|Nasty Plot|p1b: cheese man
|-boost|p1b: cheese man|spa|2
|move|p1a: Midcineroar|Knock Off|p2b: Magmar
|-damage|p2b: Magmar|41/100
|-enditem|p2b: Magmar|Eviolite|[from] move: Knock Off|[of] p1a: Midcineroar
|
|-heal|p2b: Magmar|47/100|[from] Grassy Terrain
|upkeep
|turn|5
|inactive|five_loko_gold has 30 seconds left.
|
|t:|1756689059
|move|p1b: cheese man|Protect|p1b: cheese man
|-singleturn|p1b: cheese man|Protect
|move|p2b: Magmar|Follow Me|p2b: Magmar
|-singleturn|p2b: Magmar|move: Follow Me
|move|p2a: Kingambit|Sucker Punch||[still]
|-fail|p2a: Kingambit
|move|p1a: Midcineroar|Parting Shot|p2b: Magmar
|-unboost|p2b: Magmar|atk|1
|-unboost|p2b: Magmar|spa|1
|
|t:|1756689069
|switch|p1a: monke|Rillaboom, L50, M, shiny|9/100|[from] Parting Shot
|
|-heal|p2b: Magmar|53/100|[from] Grassy Terrain
|-heal|p1a: monke|15/100|[from] Grassy Terrain
|-fieldend|move: Grassy Terrain
|upkeep
|turn|6
|
|t:|1756689084
|move|p2a: Kingambit|Protect|p2a: Kingambit
|-singleturn|p2a: Kingambit|Protect
|move|p1a: monke|Fake Out|p2a: Kingambit
|-activate|p2a: Kingambit|move: Protect
|move|p1b: cheese man|Make It Rain|p2a: Kingambit|[spread] p2b
|-activate|p2a: Kingambit|move: Protect
|-resisted|p2b: Magmar
|-damage|p2b: Magmar|0 fnt
|-unboost|p1b: cheese man|spa|1
|faint|p2b: Magmar
|
|upkeep
|inactive|five_loko_gold has 30 seconds left.
|
|t:|1756689111
|switch|p2b: Sneasler|Sneasler, L50, M|97/100
|turn|7
|inactive|randomguy1114s has 30 seconds left.
|inactive|five_loko_gold has 30 seconds left.
|inactive|five_loko_gold has 20 seconds left.
|inactive|five_loko_gold has 15 seconds left.
|
|t:|1756689154
|move|p2a: Kingambit|Sucker Punch|p1b: cheese man
|-damage|p1b: cheese man|19/100
|move|p2b: Sneasler|Dire Claw|p1b: cheese man
|-damage|p1b: cheese man|0 fnt
|faint|p1b: cheese man
|move|p1a: monke|U-turn|p2a: Kingambit
|-damage|p2a: Kingambit|83/100
|
|t:|1756689171
|switch|p1a: its my bridge!|Archaludon, L50, F, shiny|100/100|[from] U-turn
|
|upkeep
|
|t:|1756689174
|switch|p1b: monke|Rillaboom, L50, M, shiny|15/100
|-fieldstart|move: Grassy Terrain|[from] ability: Grassy Surge|[of] p1b: monke
|turn|8
|
|t:|1756689190
|move|p2b: Sneasler|Protect|p2b: Sneasler
|-singleturn|p2b: Sneasler|Protect
|move|p2a: Kingambit|Protect|p2a: Kingambit
|-singleturn|p2a: Kingambit|Protect
|move|p1b: monke|Fake Out|p2b: Sneasler
|-activate|p2b: Sneasler|move: Protect
|move|p1a: its my bridge!|Dragon Pulse|p2b: Sneasler
|-activate|p2b: Sneasler|move: Protect
|
|-heal|p2b: Sneasler|100/100|[from] Grassy Terrain
|-heal|p1b: monke|20/100|[from] Grassy Terrain
|-heal|p2a: Kingambit|89/100|[from] Grassy Terrain
|upkeep
|turn|9
|inactive|five_loko_gold has 30 seconds left.
|
|t:|1756689217
|move|p1b: monke|Grassy Glide|p2b: Sneasler
|-resisted|p2b: Sneasler
|-damage|p2b: Sneasler|71/100
|move|p2b: Sneasler|Close Combat|p1a: its my bridge!
|-supereffective|p1a: its my bridge!
|-ability|p1a: its my bridge!|Sturdy
|-damage|p1a: its my bridge!|1/100
|-unboost|p2b: Sneasler|def|1
|-unboost|p2b: Sneasler|spd|1
|move|p1a: its my bridge!|Electro Shot||[still]
|-prepare|p1a: its my bridge!|Electro Shot
|-boost|p1a: its my bridge!|spa|1
|-enditem|p1a: its my bridge!|Power Herb
|-anim|p1a: its my bridge!|Electro Shot|p2a: Kingambit
|-damage|p2a: Kingambit|28/100
|move|p2a: Kingambit|Kowtow Cleave|p1a: its my bridge!
|-damage|p1a: its my bridge!|0 fnt
|faint|p1a: its my bridge!
|
|-heal|p2b: Sneasler|77/100|[from] Grassy Terrain
|-heal|p1b: monke|26/100|[from] Grassy Terrain
|-heal|p2a: Kingambit|34/100|[from] Grassy Terrain
|upkeep
|
|t:|1756689236
|switch|p1a: Midcineroar|Incineroar, L50, M, shiny|100/100
|-ability|p1a: Midcineroar|Intimidate|boost
|-unboost|p2a: Kingambit|atk|1
|-ability|p2a: Kingambit|Defiant|boost
|-boost|p2a: Kingambit|atk|2
|-unboost|p2b: Sneasler|atk|1
|turn|10
|-message|randomguy1114s forfeited.
|
|win|five_loko_gold
||five_loko_gold is ready for game 2.
