|j|☆HumiOficial
|j|☆Harry Kan3
|html|HumiOficialHarry Kan3    
|uhtml|bestof|Game 3 of a best-of-3
|t:|1756250890
|gametype|doubles
|player|p1|HumiOficial|hilbert|1005
|player|p2|Harry Kan3|102|1071
|gen|9
|tier|[Gen 9] VGC 2025 Reg H (Bo3)
|rated|
|rule|Species Clause: Limit one of each Pokémon
|rule|Item Clause: Limit 1 of each item
|clearpoke
|poke|p1|Gholdengo, L50|
|poke|p1|Dragonite, L50, M|
|poke|p1|Incineroar, L50, M|
|poke|p1|Rillaboom, L50, M|
|poke|p1|Annihilape, L50, F|
|poke|p1|Sneasler, L50, M|
|poke|p2|Incineroar, L50, F|
|poke|p2|Amoonguss, L50, F|
|poke|p2|Ursaluna-Bloodmoon, L50, M|
|poke|p2|Sneasler, L50, F|
|poke|p2|Gholdengo, L50|
|poke|p2|Dragonite, L50, F|
|teampreview|4
|showteam|p1|Gholdengo||LifeOrb|GoodasGold|MakeItRain,ShadowBall,Protect,NastyPlot||||||50|,,,,,Steel]Dragonite||LoadedDice|Multiscale|ScaleShot,Protect,Haze,ExtremeSpeed|||M|||50|,,,,,Fairy]Incineroar||SafetyGoggles|Intimidate|FakeOut,KnockOff,PartingShot,FlareBlitz|||M|||50|,,,,,Ghost]Rillaboom||AssaultVest|GrassySurge|GrassyGlide,FakeOut,WoodHammer,HighHorsepower|||M|||50|,,,,,Fire]Annihilape||SitrusBerry|Defiant|RageFist,CloseCombat,FinalGambit,Protect|||F|||50|,,,,,Fire]Sneasler||FocusSash|Unburden|CloseCombat,DireClaw,Protect,ThroatChop|||M|||50|,,,,,Dark
|showteam|p2|Incineroar||SafetyGoggles|Intimidate|FlareBlitz,KnockOff,PartingShot,FakeOut|||F|||50|,,,,,Ghost]Amoonguss||SitrusBerry|Regenerator|Spore,RagePowder,PollenPuff,Protect|||F|||50|,,,,,Psychic]Ursaluna-Bloodmoon||AssaultVest|MindsEye|HyperVoice,BloodMoon,EarthPower,VacuumWave|||M|||50|,,,,,Water]Sneasler||FocusSash|Unburden|CloseCombat,DireClaw,ThroatChop,Protect|||F|||50|,,,,,Stellar]Gholdengo||LifeOrb|GoodasGold|MakeItRain,ShadowBall,NastyPlot,Protect||||||50|,,,,,Water]Dragonite||LoadedDice|Multiscale|ScaleShot,Tailwind,Haze,Protect|||F|||50|,,,,,Fairy
|
|t:|1756250910
|teamsize|p1|4
|teamsize|p2|4
|start
|switch|p1a: Gholdengo|Gholdengo, L50|100/100
|switch|p1b: Incineroar|Incineroar, L50, M|100/100
|switch|p2a: Ursaluna|Ursaluna-Bloodmoon, L50, M|100/100
|switch|p2b: Incineroar|Incineroar, L50, F|100/100
|-ability|p2b: Incineroar|Intimidate|boost
|-unboost|p1a: Gholdengo|atk|1
|-unboost|p1b: Incineroar|atk|1
|-ability|p1b: Incineroar|Intimidate|boost
|-unboost|p2a: Ursaluna|atk|1
|-unboost|p2b: Incineroar|atk|1
|turn|1
|
|t:|1756250951
|-terastallize|p1b: Incineroar|Ghost
|move|p2b: Incineroar|Fake Out|p1b: Incineroar
|-immune|p1b: Incineroar
|move|p1b: Incineroar|Fake Out|p2a: Ursaluna
|-damage|p2a: Ursaluna|95/100
|move|p1a: Gholdengo|Nasty Plot|p1a: Gholdengo
|-boost|p1a: Gholdengo|spa|2
|cant|p2a: Ursaluna|flinch
|
|upkeep
|turn|2
|
|t:|1756250973
|move|p1a: Gholdengo|Make It Rain|p2a: Ursaluna|[spread] p2a,p2b
|-resisted|p2b: Incineroar
|-damage|p2a: Ursaluna|14/100
|-damage|p2b: Incineroar|41/100
|-unboost|p1a: Gholdengo|spa|1
|-damage|p1a: Gholdengo|91/100|[from] item: Life Orb
|move|p2b: Incineroar|Knock Off|p1b: Incineroar
|-supereffective|p1b: Incineroar
|-damage|p1b: Incineroar|43/100
|-enditem|p1b: Incineroar|Safety Goggles|[from] move: Knock Off|[of] p2b: Incineroar
|move|p2a: Ursaluna|Earth Power|p1a: Gholdengo
|-supereffective|p1a: Gholdengo
|-damage|p1a: Gholdengo|0 fnt
|faint|p1a: Gholdengo
|move|p1b: Incineroar|Knock Off|p2a: Ursaluna
|-damage|p2a: Ursaluna|0 fnt
|-enditem|p2a: Ursaluna|Assault Vest|[from] move: Knock Off|[of] p1b: Incineroar
|faint|p2a: Ursaluna
|
|upkeep
|
|t:|1756250999
|switch|p1a: Annihilape|Annihilape, L50, F|100/100
|switch|p2a: Gholdengo|Gholdengo, L50|100/100
|turn|3
|
|t:|1756251015
|move|p2a: Gholdengo|Protect|p2a: Gholdengo
|-singleturn|p2a: Gholdengo|Protect
|move|p1a: Annihilape|Rage Fist|p2a: Gholdengo
|-activate|p2a: Gholdengo|move: Protect
|move|p2b: Incineroar|Knock Off|p1b: Incineroar
|-supereffective|p1b: Incineroar
|-damage|p1b: Incineroar|6/100
|move|p1b: Incineroar|Flare Blitz|p2b: Incineroar
|-resisted|p2b: Incineroar
|-damage|p2b: Incineroar|27/100
|-damage|p1b: Incineroar|2/100|[from] Recoil
|
|upkeep
|turn|4
|
|t:|1756251035
|-terastallize|p2a: Gholdengo|Water
|move|p1a: Annihilape|Rage Fist|p2a: Gholdengo
|-damage|p2a: Gholdengo|81/100
|move|p2a: Gholdengo|Make It Rain|p1a: Annihilape|[spread] p1a,p1b
|-damage|p1a: Annihilape|44/100
|-damage|p1b: Incineroar|0 fnt
|-unboost|p2a: Gholdengo|spa|1
|-enditem|p1a: Annihilape|Sitrus Berry|[eat]
|-heal|p1a: Annihilape|69/100|[from] item: Sitrus Berry
|faint|p1b: Incineroar
|-damage|p2a: Gholdengo|72/100|[from] item: Life Orb
|move|p2b: Incineroar|Knock Off|p1a: Annihilape
|-damage|p1a: Annihilape|50/100
|
|upkeep
|
|t:|1756251054
|switch|p1b: Dragonite|Dragonite, L50, M|100/100
|turn|5
|
|t:|1756251077
|move|p1a: Annihilape|Close Combat|p2b: Incineroar
|-supereffective|p2b: Incineroar
|-damage|p2b: Incineroar|0 fnt
|-unboost|p1a: Annihilape|def|1
|-unboost|p1a: Annihilape|spd|1
|faint|p2b: Incineroar
|move|p2a: Gholdengo|Make It Rain|p1b: Dragonite|[spread] p1a,p1b
|-damage|p1a: Annihilape|0 fnt
|-damage|p1b: Dragonite|80/100
|-unboost|p2a: Gholdengo|spa|1
|faint|p1a: Annihilape
|-damage|p2a: Gholdengo|62/100|[from] item: Life Orb
|move|p1b: Dragonite|Scale Shot|p2a: Gholdengo
|-damage|p2a: Gholdengo|45/100
|-damage|p2a: Gholdengo|29/100
|-damage|p2a: Gholdengo|13/100
|-damage|p2a: Gholdengo|0 fnt
|faint|p2a: Gholdengo
|-hitcount|p2: Gholdengo|4
|-unboost|p1b: Dragonite|def|1
|-boost|p1b: Dragonite|spe|1
|
|upkeep
|
|t:|1756251100
|switch|p2a: Dragonite|Dragonite, L50, F|100/100
|turn|6
|
|t:|1756251162
|move|p1b: Dragonite|Scale Shot|p2a: Dragonite
|-supereffective|p2a: Dragonite
|-damage|p2a: Dragonite|86/100
|-supereffective|p2a: Dragonite
|-damage|p2a: Dragonite|56/100
|-supereffective|p2a: Dragonite
|-damage|p2a: Dragonite|24/100
|-supereffective|p2a: Dragonite
|-damage|p2a: Dragonite|0 fnt
|faint|p2a: Dragonite
|-hitcount|p2: Dragonite|4
|
|win|HumiOficial
|raw|HumiOficial's rating: 1005 → 1052(+47 for winning)
|raw|Harry Kan3's rating: 1071 → 1046(-25 for losing)
|c|☆HumiOficial|gg
|c|☆Harry Kan3|gg
|l|☆Harry Kan3
|player|p2|
