|j|☆ciovy
|j|☆j0el_02
|html|ciovyj0el_02    
|uhtml|bestof|Game 2 of a best-of-3
|t:|1782406123
|gametype|doubles
|player|p1|ciovy|169|1045
|player|p2|j0el_02|265|1114
|gen|9
|tier|[Gen 9 Champions] VGC 2026 Reg M-B (Bo3)
|rated|
|rule|Species Clause: Limit one of each Pokémon
|rule|Item Clause: Limit 1 of each item
|clearpoke
|poke|p1|Aerodactyl, L50, F|
|poke|p1|Garchomp, L50, M|
|poke|p1|Charizard, L50, F|
|poke|p1|Sylveon, L50, F|
|poke|p1|Kingambit, L50, M|
|poke|p1|Farigiraf, L50, F|
|poke|p2|Sylveon, L50, M, shiny|
|poke|p2|Oranguru, L50, F|
|poke|p2|Charizard, L50, F|
|poke|p2|Swampert, L50, F|
|poke|p2|Sinistcha, L50|
|poke|p2|Excadrill, L50, M|
|teampreview|4
|showteam|p1|Aerodactyl||Aerodactylite|Unnerve|RockSlide,DualWingbeat,Tailwind,WideGuard|Jolly||F|||50|]Garchomp||SoftSand|RoughSkin|Earthquake,DragonClaw,RockTomb,Protect|Jolly||M|||50|]Charizard||CharizarditeY|Blaze|HeatWave,WeatherBall,SolarBeam,Protect|Modest||F|||50|]Sylveon||FairyFeather|Pixilate|HyperVoice,QuickAttack,HyperBeam,Detect|Modest||F|||50|]Kingambit||FocusSash|Defiant|IronHead,SuckerPunch,KowtowCleave,LowKick|Adamant||M|||50|]Farigiraf||SitrusBerry|ArmorTail|TrickRoom,HelpingHand,Protect,TwinBeam|Bold||F|||50|
|showteam|p2|Sylveon||FairyFeather|Pixilate|HyperBeam,QuickAttack,Detect,HyperVoice|Quiet||M|||50|]Oranguru||BabiriBerry|InnerFocus|Psychic,Thunderbolt,TrickRoom,Instruct|Quiet||F|||50|]Charizard||CharizarditeY|SolarPower|HeatWave,WeatherBall,Protect,SolarBeam|Modest||F|||50|]Swampert||Swampertite|Torrent|WaveCrash,FlipTurn,BodyPress,Protect|Adamant||F|||50|]Sinistcha||Leftovers|Hospitality|TrickRoom,MatchaGotcha,Reflect,RagePowder|Quiet|||||50|]Excadrill||FocusSash|MoldBreaker|Earthquake,IronHead,RockBlast,Protect|Adamant||M|||50|
|
|t:|1782406141
|teamsize|p1|4
|teamsize|p2|4
|start
|switch|p1a: Aerodactyl|Aerodactyl, L50, F|100/100
|switch|p1b: Kingambit|Kingambit, L50, M|100/100
|switch|p2a: Excadrill|Excadrill, L50, M|100/100
|switch|p2b: Charizard|Charizard, L50, F|100/100
|-ability|p1a: Aerodactyl|Unnerve
|-ability|p2a: Excadrill|Mold Breaker
|turn|1
|
|t:|1782406180
|move|p2b: Charizard|Protect|p2b: Charizard
|-singleturn|p2b: Charizard|Protect
|move|p1a: Aerodactyl|Rock Slide|p2b: Charizard|[spread] p2a
|-activate|p2b: Charizard|move: Protect
|-resisted|p2a: Excadrill|2
|-damage|p2a: Excadrill|94/100
|move|p2a: Excadrill|Earthquake|p1a: Aerodactyl|[spread] p1b
|-activate|p2b: Charizard|move: Protect
|-immune|p1a: Aerodactyl
|-supereffective|p1b: Kingambit|1
|-crit|p1b: Kingambit
|-damage|p1b: Kingambit|3/100
|move|p1b: Kingambit|Low Kick|p2a: Excadrill
|-supereffective|p2a: Excadrill|1
|-damage|p2a: Excadrill|39/100
|
|upkeep
|turn|2
|
|t:|1782406247
|switch|p2b: Sylveon|Sylveon, L50, M, shiny|100/100
|switch|p1b: Garchomp|Garchomp, L50, M|100/100
|move|p2a: Excadrill|Protect|p2a: Excadrill
|-singleturn|p2a: Excadrill|Protect
|move|p1a: Aerodactyl|Tailwind|p1a: Aerodactyl
|-sidestart|p1: ciovy|move: Tailwind
|
|upkeep
|turn|3
|
|t:|1782406279
|switch|p2a: Oranguru|Oranguru, L50, F|100/100
|move|p2b: Sylveon|Detect|p2b: Sylveon
|-singleturn|p2b: Sylveon|Protect
|move|p1a: Aerodactyl|Dual Wingbeat|p2b: Sylveon
|-activate|p2b: Sylveon|move: Protect
|move|p1b: Garchomp|Earthquake|p2b: Sylveon|[spread] p2a
|-activate|p2b: Sylveon|move: Protect
|-immune|p1a: Aerodactyl
|-damage|p2a: Oranguru|55/100
|
|upkeep
|turn|4
|
|t:|1782406303
|switch|p2b: Charizard|Charizard, L50, F|100/100
|move|p1a: Aerodactyl|Rock Slide|p2b: Charizard|[spread] p2a,p2b
|-supereffective|p2b: Charizard|2
|-crit|p2b: Charizard
|-damage|p2a: Oranguru|33/100
|-damage|p2b: Charizard|0 fnt
|faint|p2b: Charizard
|move|p1b: Garchomp|Earthquake|p2a: Oranguru|[spread] p2a
|-immune|p1a: Aerodactyl
|-damage|p2a: Oranguru|0 fnt
|faint|p2a: Oranguru
|
|upkeep
|
|t:|1782406315
|switch|p2b: Sylveon|Sylveon, L50, M, shiny|100/100
|switch|p2a: Excadrill|Excadrill, L50, M|39/100
|-ability|p2a: Excadrill|Mold Breaker
|turn|5
|
|t:|1782406333
|move|p2b: Sylveon|Detect|p2b: Sylveon
|-singleturn|p2b: Sylveon|Protect
|move|p1a: Aerodactyl|Dual Wingbeat|p2b: Sylveon
|-activate|p2b: Sylveon|move: Protect
|move|p1b: Garchomp|Earthquake|p2b: Sylveon|[spread] p2a
|-activate|p2b: Sylveon|move: Protect
|-immune|p1a: Aerodactyl
|-supereffective|p2a: Excadrill|1
|-damage|p2a: Excadrill|0 fnt
|faint|p2a: Excadrill
|
|-sideend|p1: ciovy|move: Tailwind
|upkeep
|turn|6
|
|t:|1782406348
|move|p1b: Garchomp|Protect|p1b: Garchomp
|-singleturn|p1b: Garchomp|Protect
|move|p1a: Aerodactyl|Tailwind|p1a: Aerodactyl
|-sidestart|p1: ciovy|move: Tailwind
|move|p2b: Sylveon|Hyper Voice|p1a: Aerodactyl|[spread] p1a
|-activate|p1b: Garchomp|move: Protect
|-damage|p1a: Aerodactyl|39/100
|
|upkeep
|turn|7
|
|t:|1782406368
|move|p1a: Aerodactyl|Dual Wingbeat|p2b: Sylveon
|-damage|p2b: Sylveon|82/100
|-damage|p2b: Sylveon|63/100
|-hitcount|p2b: Sylveon|2
|move|p1b: Garchomp|Earthquake|p2b: Sylveon|[spread] p2b
|-immune|p1a: Aerodactyl
|-damage|p2b: Sylveon|5/100
|move|p2b: Sylveon|Hyper Beam|p1b: Garchomp
|-supereffective|p1b: Garchomp|1
|-damage|p1b: Garchomp|0 fnt
|-mustrecharge|p2b: Sylveon
|faint|p1b: Garchomp
|
|upkeep
|
|t:|1782406384
|switch|p1b: Kingambit|Kingambit, L50, M|3/100
|turn|8
|
|t:|1782406392
|move|p1a: Aerodactyl|Dual Wingbeat|p2b: Sylveon
|-damage|p2b: Sylveon|0 fnt
|faint|p2b: Sylveon
|-hitcount|p2: Sylveon|1
|
|win|ciovy
|raw|ciovy's rating: 1045 → 1085(+40 for winning)
|raw|j0el_02's rating: 1114 → 1084(-30 for losing)
|l|☆j0el_02
|player|p2|
