|j|☆eastyliam67
|j|☆Il Mule
|html|eastyliam67Il Mule    
|uhtml|bestof|Game 1 of a best-of-3
|t:|1783412869
|gametype|doubles
|player|p1|eastyliam67|unknownf|1433
|player|p2|Il Mule|salvatore|1602
|gen|9
|tier|[Gen 9 Champions] VGC 2026 Reg M-B (Bo3)
|rated|
|rule|Species Clause: Limit one of each Pokémon
|rule|Item Clause: Limit 1 of each item
|clearpoke
|poke|p1|Charizard, L50, M|
|poke|p1|Garchomp, L50, M|
|poke|p1|Whimsicott, L50, F|
|poke|p1|Basculegion, L50, M|
|poke|p1|Floette-Eternal, L50, F|
|poke|p1|Kingambit, L50, M|
|poke|p2|Excadrill, L50, M|
|poke|p2|Tyranitar, L50, M|
|poke|p2|Sneasler, L50, F|
|poke|p2|Incineroar, L50, F|
|poke|p2|Froslass, L50, F|
|poke|p2|Sinistcha, L50|
|teampreview|4
|showteam|p1|Charizard||CharizarditeY|Blaze|HeatWave,SolarBeam,WeatherBall,Protect|Modest||M|||50|]Garchomp||LifeOrb|RoughSkin|DragonClaw,StompingTantrum,RockSlide,Protect|Jolly||M|||50|]Whimsicott||FocusSash|Prankster|Moonblast,Tailwind,Encore,Protect|Timid||F|||50|]Basculegion||MysticWater|Adaptability|WaveCrash,AquaJet,Protect,LastRespects|Adamant||M|||50|]Floette-Eternal||Floettite|FlowerVeil|Moonblast,DazzlingGleam,LightofRuin,Protect|Modest||F|||50|]Kingambit||ChopleBerry|Defiant|KowtowCleave,IronHead,SuckerPunch,LowKick|Adamant||M|||50|
|showteam|p2|Excadrill||FocusSash|SandRush|HighHorsepower,RockSlide,IronHead,Protect|Adamant||M|||50|]Tyranitar||Tyranitarite|SandStream|KnockOff,RockSlide,DragonDance,Protect|Adamant||M|||50|]Sneasler||WhiteHerb|Unburden|CloseCombat,DireClaw,Coaching,FakeOut|Jolly||F|||50|]Incineroar||SitrusBerry|Intimidate|FlareBlitz,HelpingHand,PartingShot,FakeOut|Impish||F|||50|]Froslass||Froslassite|CursedBody|Blizzard,ShadowBall,NastyPlot,Protect|Timid||F|||50|]Sinistcha||ColburBerry|Hospitality|MatchaGotcha,ShadowBall,RagePowder,Protect|Bold|||||50|
|j| rovesciaporci
|j| Tridello
|c|☆Il Mule|i miei homies lo definirebbero sistemone classico
|inactive|Battle timer is ON: inactive players will automatically lose when time's up. (requested by Il Mule)
|l| rovesciaporci
|inactive|eastyliam67 has 60 seconds left.
|c| Tridello|homies simpson
|
|t:|1783412992
|teamsize|p1|4
|teamsize|p2|4
|start
|switch|p1a: Basculegion|Basculegion, L50, M|100/100
|switch|p1b: Garchomp|Garchomp, L50, M|100/100
|switch|p2a: Gervasoni|Excadrill, L50, M|100/100
|switch|p2b: Sabotage|Sneasler, L50, F|100/100
|turn|1
|c|☆Il Mule|peggior lead dai tempi del congresso di vienna
|j| rovesciaporci
|inactive|eastyliam67 has 30 seconds left.
|inactive|Il Mule has 30 seconds left.
|inactive|eastyliam67 has 20 seconds left.
|
|t:|1783413027
|move|p2a: Gervasoni|Protect|p2a: Gervasoni
|-singleturn|p2a: Gervasoni|Protect
|move|p2b: Sabotage|Coaching|p2a: Gervasoni
|-boost|p2a: Gervasoni|atk|1
|-boost|p2a: Gervasoni|def|1
|move|p1b: Garchomp|Stomping Tantrum|p2a: Gervasoni
|-activate|p2a: Gervasoni|move: Protect
|move|p1a: Basculegion|Wave Crash|p2b: Sabotage
|-damage|p2b: Sabotage|0 fnt
|faint|p2b: Sabotage
|-damage|p1a: Basculegion|71/100|[from] Recoil
|
|upkeep
|
|t:|1783413040
|switch|p2b: Quando provo|Tyranitar, L50, M|100/100
|-weather|Sandstorm|[from] ability: Sand Stream|[of] p2b: Quando provo
|turn|2
|
|t:|1783413063
|detailschange|p2b: Quando provo|Tyranitar-Mega, L50, M
|-mega|p2b: Quando provo|Tyranitar|Tyranitarite
|move|p1a: Basculegion|Aqua Jet|p2a: Gervasoni
|-supereffective|p2a: Gervasoni|1
|-damage|p2a: Gervasoni|35/100
|move|p2a: Gervasoni|High Horsepower|p1a: Basculegion
|-damage|p1a: Basculegion|0 fnt
|faint|p1a: Basculegion
|move|p1b: Garchomp|Stomping Tantrum|p2a: Gervasoni
|-supereffective|p2a: Gervasoni|1
|-damage|p2a: Gervasoni|0 fnt
|faint|p2a: Gervasoni
|-damage|p1b: Garchomp|90/100|[from] item: Life Orb
|move|p2b: Quando provo|Dragon Dance|p2b: Quando provo
|-boost|p2b: Quando provo|atk|1
|-boost|p2b: Quando provo|spe|1
|
|-weather|Sandstorm|[upkeep]
|upkeep
|inactive|eastyliam67 has 30 seconds left.
|
|t:|1783413089
|switch|p2a: Sidy|Incineroar, L50, F|100/100
|switch|p1a: Whimsicott|Whimsicott, L50, F|100/100
|-ability|p2a: Sidy|Intimidate|boost
|-unboost|p1a: Whimsicott|atk|1
|-unboost|p1b: Garchomp|atk|1
|turn|3
|inactive|eastyliam67 has 30 seconds left.
|inactive|Il Mule has 30 seconds left.
|c| rovesciaporci|poi questo ha stomperz
|c|☆Il Mule|scromperz
|c| rovesciaporci|io sapevo che si giocava solo su quelli senza frana
|inactive|eastyliam67 has 20 seconds left.
|inactive|Il Mule has 20 seconds left.
|inactive|eastyliam67 has 15 seconds left.
|inactive|eastyliam67 has 10 seconds left.
|inactive|eastyliam67 has 5 seconds left.
|
|t:|1783413141
|move|p1a: Whimsicott|Protect|p1a: Whimsicott
|-singleturn|p1a: Whimsicott|Protect
|move|p2a: Sidy|Fake Out|p1a: Whimsicott
|-activate|p1a: Whimsicott|move: Protect
|move|p2b: Quando provo|Dragon Dance|p2b: Quando provo
|-boost|p2b: Quando provo|atk|1
|-boost|p2b: Quando provo|spe|1
|move|p1b: Garchomp|Stomping Tantrum|p2b: Quando provo
|-supereffective|p2b: Quando provo|1
|-damage|p2b: Quando provo|60/100
|-damage|p1b: Garchomp|80/100|[from] item: Life Orb
|
|-weather|Sandstorm|[upkeep]
|-damage|p1a: Whimsicott|94/100|[from] Sandstorm
|-damage|p2a: Sidy|94/100|[from] Sandstorm
|upkeep
|turn|4
|c|☆Il Mule|e niente
|c|☆Il Mule|g2
|inactive|eastyliam67 has 30 seconds left.
|
|t:|1783413174
|move|p1a: Whimsicott|Tailwind|p1a: Whimsicott
|-sidestart|p1: eastyliam67|move: Tailwind
|move|p1b: Garchomp|Stomping Tantrum|p2b: Quando provo
|-supereffective|p2b: Quando provo|1
|-damage|p2b: Quando provo|17/100
|-damage|p1b: Garchomp|71/100|[from] item: Life Orb
|move|p2b: Quando provo|Knock Off|p1b: Garchomp
|-damage|p1b: Garchomp|0 fnt
|-damage|p2b: Quando provo|5/100|[from] ability: Rough Skin|[of] p1b: Garchomp
|-enditem|p1b: Garchomp|Life Orb|[from] move: Knock Off|[of] p2b: Quando provo
|faint|p1b: Garchomp
|move|p2a: Sidy|Flare Blitz|p1a: Whimsicott
|-supereffective|p1a: Whimsicott|1
|-damage|p1a: Whimsicott|0 fnt
|faint|p1a: Whimsicott
|-damage|p2a: Sidy|72/100|[from] Recoil
|
|-weather|Sandstorm|[upkeep]
|-damage|p2a: Sidy|66/100|[from] Sandstorm
|upkeep
|
|t:|1783413176
|switch|p1b: Floette|Floette-Eternal, L50, F|100/100
|turn|5
|c|☆Il Mule|tripla detect?
|inactive|Il Mule has 30 seconds left.
|
|t:|1783413208
|detailschange|p1b: Floette|Floette-Mega, L50, F
|-mega|p1b: Floette|Floette|Floettite
|-ability|p1b: Floette|Fairy Aura
|move|p2b: Quando provo|Protect|p2b: Quando provo
|-singleturn|p2b: Quando provo|Protect
|move|p1b: Floette|Dazzling Gleam|p2b: Quando provo|[spread] p2a
|-activate|p2b: Quando provo|move: Protect
|-damage|p2a: Sidy|22/100
|-enditem|p2a: Sidy|Sitrus Berry|[eat]
|-heal|p2a: Sidy|47/100|[from] item: Sitrus Berry
|move|p2a: Sidy|Flare Blitz|p1b: Floette
|-damage|p1b: Floette|38/100
|-status|p1b: Floette|brn
|-damage|p2a: Sidy|31/100|[from] Recoil
|
|-weather|Sandstorm|[upkeep]
|-damage|p1b: Floette|33/100 brn|[from] Sandstorm
|-damage|p2a: Sidy|25/100|[from] Sandstorm
|-damage|p1b: Floette|27/100 brn|[from] brn
|upkeep
|turn|6
|
|t:|1783413225
|move|p2b: Quando provo|Protect||[still]
|-fail|p2b: Quando provo
|move|p1b: Floette|Dazzling Gleam|p2a: Sidy|[spread] p2a,p2b
|-supereffective|p2b: Quando provo|1
|-damage|p2a: Sidy|0 fnt
|-damage|p2b: Quando provo|0 fnt
|faint|p2a: Sidy
|faint|p2b: Quando provo
|
|win|eastyliam67
||Il Mule is ready for game 2.
|inactive|eastyliam67 has 30 seconds to confirm battle start!
|inactive|eastyliam67 has 20 seconds to confirm battle start!
||eastyliam67 is ready for game 2.
|uhtml|next|Next: Game 2 of 3
|l| rovesciaporci
|l|☆Il Mule
|player|p2|
