|j|☆Lorido
|j|☆Pakaan64
|html|LoridoPakaan64    
|uhtml|bestof|Game 2 of a best-of-3
|t:|1782553487
|gametype|doubles
|player|p1|Lorido|266|1256
|player|p2|Pakaan64|266|1198
|gen|9
|tier|[Gen 9 Champions] VGC 2026 Reg M-B (Bo3)
|rated|
|rule|Species Clause: Limit one of each Pokémon
|rule|Item Clause: Limit 1 of each item
|clearpoke
|poke|p1|Charizard, L50, F|
|poke|p1|Floette-Eternal, L50, F|
|poke|p1|Whimsicott, L50, F|
|poke|p1|Kingambit, L50, M|
|poke|p1|Garchomp, L50, F|
|poke|p1|Basculegion, L50, M|
|poke|p2|Pyroar, L50, F, shiny|
|poke|p2|Whimsicott, L50, M|
|poke|p2|Gholdengo, L50|
|poke|p2|Sneasler, L50, M|
|poke|p2|Toxapex, L50, M|
|poke|p2|Incineroar, L50, F|
|teampreview|4
|showteam|p1|Charizard||CharizarditeY|Blaze|HeatWave,WeatherBall,SolarBeam,Protect|Modest||F|||50|]Floette-Eternal||Floettite|FlowerVeil|DazzlingGleam,Protect,Moonblast,LightofRuin|Modest||F|||50|]Whimsicott||FocusSash|Prankster|Moonblast,Protect,Tailwind,Encore|Timid||F|||50|]Kingambit||ChopleBerry|Defiant|KowtowCleave,SuckerPunch,IronHead,LowKick|Adamant||M|||50|]Garchomp||LifeOrb|RoughSkin|DragonClaw,StompingTantrum,RockSlide,Protect|Jolly||F|||50|]Basculegion||MysticWater|Adaptability|WaveCrash,LastRespects,AquaJet,Protect|Adamant||M|||50|
|showteam|p2|Pyroar||Pyroarite|Unnerve|HeatWave,Protect,Overheat,HyperVoice|Timid||F|||50|]Whimsicott||KebiaBerry|Prankster|Tailwind,SunnyDay,Moonblast,Encore|Bold||M|||50|]Gholdengo||LifeOrb|GoodasGold|MakeItRain,ShadowBall,NastyPlot,Protect|Modest|||||50|]Sneasler||WhiteHerb|Unburden|FakeOut,DireClaw,Protect,CloseCombat|Adamant||M|||50|]Toxapex||Leftovers|Regenerator|BanefulBunker,Toxic,Infestation,WideGuard|Bold||M|||50|]Incineroar||SitrusBerry|Intimidate|FakeOut,PartingShot,DarkestLariat,FlareBlitz|Careful||F|||50|
|inactive|Battle timer is ON: inactive players will automatically lose when time's up. (requested by Lorido)
|inactive|Pakaan64 also wants the timer to be on.
|inactive|Lorido has 60 seconds left.
|inactive|Pakaan64 has 60 seconds left.
|
|t:|1782553523
|teamsize|p1|4
|teamsize|p2|4
|start
|switch|p1a: Basculegion|Basculegion, L50, M|100/100
|switch|p1b: Garchomp|Garchomp, L50, F|100/100
|switch|p2a: Toxapex|Toxapex, L50, M|100/100
|switch|p2b: Incineroar|Incineroar, L50, F|100/100
|-ability|p2b: Incineroar|Intimidate|boost
|-unboost|p1a: Basculegion|atk|1
|-unboost|p1b: Garchomp|atk|1
|turn|1
|
|t:|1782553547
|switch|p1b: Kingambit|Kingambit, L50, M|100/100
|switch|p2b: Gholdengo|Gholdengo, L50|100/100
|move|p1a: Basculegion|Wave Crash|p2b: Gholdengo
|-damage|p2b: Gholdengo|18/100
|-damage|p1a: Basculegion|77/100|[from] Recoil
|move|p2a: Toxapex|Infestation|p1b: Kingambit
|-damage|p1b: Kingambit|96/100
|-activate|p1b: Kingambit|move: Infestation|[of] p2a: Toxapex
|
|-damage|p1b: Kingambit|84/100|[from] move: Infestation|[partiallytrapped]
|upkeep
|turn|2
|inactive|Lorido has 30 seconds left.
|inactive|Pakaan64 has 30 seconds left.
|
|t:|1782553574
|switch|p1a: Charizard|Charizard, L50, F|100/100
|move|p2b: Gholdengo|Protect|p2b: Gholdengo
|-singleturn|p2b: Gholdengo|Protect
|move|p1b: Kingambit|Kowtow Cleave|p2b: Gholdengo
|-activate|p2b: Gholdengo|move: Protect
|move|p2a: Toxapex|Infestation|p1a: Charizard
|-resisted|p1a: Charizard|2
|-damage|p1a: Charizard|99/100
|-activate|p1a: Charizard|move: Infestation|[of] p2a: Toxapex
|
|-damage|p1a: Charizard|86/100|[from] move: Infestation|[partiallytrapped]
|-damage|p1b: Kingambit|72/100|[from] move: Infestation|[partiallytrapped]
|upkeep
|turn|3
|inactive|Pakaan64 has 30 seconds left.
|
|t:|1782553600
|detailschange|p1a: Charizard|Charizard-Mega-Y, L50, F
|-mega|p1a: Charizard|Charizard|Charizardite Y
|-weather|SunnyDay|[from] ability: Drought|[of] p1a: Charizard
|move|p2b: Gholdengo|Nasty Plot|p2b: Gholdengo
|-boost|p2b: Gholdengo|spa|2
|move|p1a: Charizard|Weather Ball|p2b: Gholdengo
|-supereffective|p2b: Gholdengo|1
|-damage|p2b: Gholdengo|0 fnt
|faint|p2b: Gholdengo
|move|p1b: Kingambit|Kowtow Cleave|p2a: Toxapex
|-damage|p2a: Toxapex|69/100
|move|p2a: Toxapex|Toxic|p1a: Charizard
|-status|p1a: Charizard|tox
|
|-weather|SunnyDay|[upkeep]
|-heal|p2a: Toxapex|75/100|[from] item: Leftovers
|-damage|p1a: Charizard|81/100 tox|[from] psn
|-damage|p1a: Charizard|68/100 tox|[from] move: Infestation|[partiallytrapped]
|-damage|p1b: Kingambit|60/100|[from] move: Infestation|[partiallytrapped]
|upkeep
|
|t:|1782553616
|switch|p2b: Incineroar|Incineroar, L50, F|100/100
|-ability|p2b: Incineroar|Intimidate|boost
|-unboost|p1a: Charizard|atk|1
|-unboost|p1b: Kingambit|atk|1
|-ability|p1b: Kingambit|Defiant|boost
|-boost|p1b: Kingambit|atk|2
|turn|4
|inactive|Pakaan64 has 30 seconds left.
|inactive|Pakaan64 has 20 seconds left.
|inactive|Pakaan64 has 15 seconds left.
|inactive|Pakaan64 has 10 seconds left.
|
|t:|1782553665
|move|p2a: Toxapex|Baneful Bunker|p2a: Toxapex
|-singleturn|p2a: Toxapex|move: Protect
|move|p1a: Charizard|Weather Ball|p2b: Incineroar
|-resisted|p2b: Incineroar|1
|-damage|p2b: Incineroar|66/100
|move|p2b: Incineroar|Flare Blitz|p1b: Kingambit
|-supereffective|p1b: Kingambit|1
|-damage|p1b: Kingambit|0 fnt
|faint|p1b: Kingambit
|-damage|p2b: Incineroar|46/100|[from] Recoil
|-enditem|p2b: Incineroar|Sitrus Berry|[eat]
|-heal|p2b: Incineroar|71/100|[from] item: Sitrus Berry
|
|-weather|SunnyDay|[upkeep]
|-heal|p2a: Toxapex|80/100|[from] item: Leftovers
|-damage|p1a: Charizard|56/100 tox|[from] psn
|-damage|p1a: Charizard|44/100 tox|[from] move: Infestation|[partiallytrapped]
|upkeep
|
|t:|1782553682
|switch|p1b: Garchomp|Garchomp, L50, F|100/100
|turn|5
|
|t:|1782553701
|-heal|p2a: Toxapex|100/100|[from] ability: Regenerator|[silent]
|switch|p2a: Pyroar|Pyroar, L50, F, shiny|100/100
|-ability|p2a: Pyroar|Unnerve
|move|p1b: Garchomp|Stomping Tantrum|p2a: Pyroar
|-supereffective|p2a: Pyroar|1
|-damage|p2a: Pyroar|0 fnt
|faint|p2a: Pyroar
|-damage|p1b: Garchomp|90/100|[from] item: Life Orb
|move|p1a: Charizard|Solar Beam||[still]
|-prepare|p1a: Charizard|Solar Beam
|-anim|p1a: Charizard|Solar Beam|p2b: Incineroar
|-resisted|p2b: Incineroar|1
|-damage|p2b: Incineroar|53/100
|move|p2b: Incineroar|Parting Shot|p1b: Garchomp
|-unboost|p1b: Garchomp|atk|1
|-unboost|p1b: Garchomp|spa|1
|
|t:|1782553718
|switch|p2b: Toxapex|Toxapex, L50, M|100/100|[from] Parting Shot
|
|-weather|SunnyDay|[upkeep]
|-damage|p1a: Charizard|26/100 tox|[from] psn
|-end|p1a: Charizard|Infestation|[partiallytrapped]|[silent]
|upkeep
|
|t:|1782553720
|switch|p2a: Incineroar|Incineroar, L50, F|53/100
|-ability|p2a: Incineroar|Intimidate|boost
|-unboost|p1a: Charizard|atk|1
|-unboost|p1b: Garchomp|atk|1
|turn|6
|inactive|Lorido has 30 seconds left.
|
|t:|1782553752
|switch|p1b: Basculegion|Basculegion, L50, M|77/100
|move|p2a: Incineroar|Fake Out|p1b: Basculegion
|-immune|p1b: Basculegion
|move|p1a: Charizard|Weather Ball|p2a: Incineroar
|-resisted|p2a: Incineroar|1
|-damage|p2a: Incineroar|20/100y
|move|p2b: Toxapex|Infestation|p1a: Charizard
|-resisted|p1a: Charizard|2
|-damage|p1a: Charizard|26/100 tox
|-activate|p1a: Charizard|move: Infestation|[of] p2b: Toxapex
|
|-weather|SunnyDay|[upkeep]
|-damage|p1a: Charizard|2/100 tox|[from] psn
|-damage|p1a: Charizard|0 fnt|[from] move: Infestation|[partiallytrapped]
|faint|p1a: Charizard
|upkeep
|
|t:|1782553761
|switch|p1a: Garchomp|Garchomp, L50, F|90/100
|turn|7
|
|t:|1782553770
|move|p2b: Toxapex|Baneful Bunker|p2b: Toxapex
|-singleturn|p2b: Toxapex|move: Protect
|move|p1a: Garchomp|Stomping Tantrum|p2a: Incineroar
|-supereffective|p2a: Incineroar|1
|-damage|p2a: Incineroar|0 fnt
|faint|p2a: Incineroar
|-damage|p1a: Garchomp|80/100|[from] item: Life Orb
|move|p1b: Basculegion|Last Respects|p2b: Toxapex
|-activate|p2b: Toxapex|move: Protect
|
|-weather|none
|upkeep
|turn|8
|l|☆Pakaan64
|inactive|Pakaan64 disconnected and has a minute to reconnect!
|player|p2|
|inactive|Pakaan64 has 30 seconds left.
|j|☆Pakaan64
|inactive|Pakaan64 reconnected and has 30 seconds left.
|player|p2|Pakaan64|266|
|inactive|Pakaan64 has 20 seconds left.
|inactive|Pakaan64 has 15 seconds left.
|
|t:|1782553810
|move|p1a: Garchomp|Stomping Tantrum|p2b: Toxapex
|-supereffective|p2b: Toxapex|1
|-damage|p2b: Toxapex|35/100
|-damage|p1a: Garchomp|70/100|[from] item: Life Orb
|move|p1b: Basculegion|Last Respects|p2b: Toxapex
|-damage|p2b: Toxapex|0 fnt
|faint|p2b: Toxapex
|
|win|Lorido
|raw|Lorido's rating: 1256 → 1277(+21 for winning)
|raw|Pakaan64's rating: 1198 → 1177(-21 for losing)
