|j|☆saboyita
|j|☆Trainer208
|html|saboyitaTrainer208    
|uhtml|bestof|Game 2 of a best-of-3
|t:|1756325837
|gametype|doubles
|player|p1|saboyita|grimsley|1097
|player|p2|Trainer208|gambler|1085
|gen|9
|tier|[Gen 9] VGC 2025 Reg H (Bo3)
|rated|
|rule|Species Clause: Limit one of each Pokémon
|rule|Item Clause: Limit 1 of each item
|clearpoke
|poke|p1|Amoonguss, L50, F|
|poke|p1|Hydreigon, L50, F|
|poke|p1|Whimsicott, L50, M|
|poke|p1|Maushold-Four, L50|
|poke|p1|Annihilape, L50, M|
|poke|p1|Ursaluna-Bloodmoon, L50, M|
|poke|p2|Garganacl, L50, M|
|poke|p2|Scovillain, L50, M|
|poke|p2|Minior-Indigo, L50|
|poke|p2|Kommo-o, L50, M|
|poke|p2|Gyarados, L50, M|
|poke|p2|Charjabug, L50, M|
|teampreview|4
|showteam|p1|Amoonguss||MentalHerb|Regenerator|ClearSmog,Spore,RagePowder,Protect|||F|||50|,,,,,Water]Hydreigon||ChoiceSpecs|Levitate|Snarl,HeatWave,DarkPulse,DracoMeteor|||F|||50|,,,,,Ghost]Whimsicott||CovertCloak|Prankster|BeatUp,Encore,HelpingHand,Tailwind|||M|||50|,,,,,Dark]Maushold-Four||WideLens|Technician|PopulationBomb,Taunt,FollowMe,Protect||||||50|,,,,,Ghost]Annihilape||Leftovers|Defiant|RageFist,DrainPunch,FinalGambit,Protect|||M|||50|,,,,,Water]Ursaluna-Bloodmoon||AssaultVest|MindsEye|VacuumWave,HyperVoice,EarthPower,BloodMoon|||M|||50|,,,,,Water
|showteam|p2|Garganacl||RockyHelmet|PurifyingSalt|SaltCure,Sandstorm,Recover,WideGuard|||M|||50|,,,,,Ghost]Scovillain||AguavBerry|Moody|Flamethrower,GigaDrain,LeechSeed,Protect|||M|||50|,,,,,Grass]Minior-Indigo||PowerHerb|ShieldsDown|MeteorBeam,EarthPower,DazzlingGleam,ShellSmash||||||50|,,,,,Ground]Kommo-o||MagoBerry|Overcoat|ClangingScales,FlashCannon,VacuumWave,ClangorousSoul|||M|||50|,,,,,Steel]Gyarados||LifeOrb|Intimidate|Waterfall,Crunch,DragonDance,HelpingHand|||M|||50|,,,,,Dark]Charjabug||Eviolite|Battery|Lunge,WildCharge,EerieImpulse,Protect|||M|||50|,,,,,Electric
|inactive|Battle timer is ON: inactive players will automatically lose when time's up. (requested by saboyita)
|inactive|Trainer208 has 60 seconds left.
|
|t:|1756325893
|teamsize|p1|4
|teamsize|p2|4
|start
|switch|p1a: Whimsicott|Whimsicott, L50, M|100/100
|switch|p1b: Annihilape|Annihilape, L50, M|100/100
|switch|p2a: Garganacl|Garganacl, L50, M|100/100
|switch|p2b: Scovillain|Scovillain, L50, M|100/100
|turn|1
|inactive|saboyita has 30 seconds left.
|inactive|saboyita has 20 seconds left.
|
|t:|1756325932
|move|p1a: Whimsicott|Beat Up|p1b: Annihilape
|-damage|p1b: Annihilape|98/100
|-damage|p1b: Annihilape|95/100
|-damage|p1b: Annihilape|93/100
|-damage|p1b: Annihilape|90/100
|-hitcount|p1b: Annihilape|4
|move|p1b: Annihilape|Rage Fist|p2b: Scovillain
|-damage|p2b: Scovillain|0 fnt
|faint|p2b: Scovillain
|move|p2a: Garganacl|Sandstorm|p2a: Garganacl
|-weather|Sandstorm
|
|-weather|Sandstorm|[upkeep]
|-damage|p1a: Whimsicott|95/100|[from] Sandstorm
|-damage|p1b: Annihilape|84/100|[from] Sandstorm
|-heal|p1b: Annihilape|90/100|[from] item: Leftovers
|upkeep
|
|t:|1756325949
|switch|p2b: Kommo-o|Kommo-o, L50, M|100/100
|turn|2
|
|t:|1756325973
|move|p1a: Whimsicott|Encore|p2a: Garganacl
|-start|p2a: Garganacl|Encore
|move|p1b: Annihilape|Rage Fist|p2b: Kommo-o
|-damage|p2b: Kommo-o|0 fnt
|faint|p2b: Kommo-o
|move|p2a: Garganacl|Sandstorm||[still]
|-fail|p2a: Garganacl
|
|-weather|Sandstorm|[upkeep]
|-damage|p1a: Whimsicott|89/100|[from] Sandstorm
|-damage|p1b: Annihilape|84/100|[from] Sandstorm
|-heal|p1b: Annihilape|90/100|[from] item: Leftovers
|upkeep
|
|t:|1756325986
|switch|p2b: Charjabug|Charjabug, L50, M|100/100
|turn|3
|
|t:|1756326004
|-terastallize|p2b: Charjabug|Electric
|move|p1a: Whimsicott|Helping Hand|p1b: Annihilape
|-singleturn|p1b: Annihilape|Helping Hand|[of] p1a: Whimsicott
|move|p1b: Annihilape|Rage Fist|p2b: Charjabug
|-damage|p2b: Charjabug|0 fnt
|faint|p2b: Charjabug
|move|p2a: Garganacl|Sandstorm||[still]
|-fail|p2a: Garganacl
|
|-weather|Sandstorm|[upkeep]
|-damage|p1a: Whimsicott|83/100|[from] Sandstorm
|-damage|p1b: Annihilape|84/100|[from] Sandstorm
|-heal|p1b: Annihilape|90/100|[from] item: Leftovers
|upkeep
|turn|4
|inactive|Trainer208 has 30 seconds left.
|
|t:|1756326032
|move|p1a: Whimsicott|Beat Up|p1b: Annihilape
|-crit|p1b: Annihilape
|-damage|p1b: Annihilape|87/100
|-crit|p1b: Annihilape
|-damage|p1b: Annihilape|82/100
|-damage|p1b: Annihilape|79/100
|-damage|p1b: Annihilape|76/100
|-hitcount|p1b: Annihilape|4
|move|p1b: Annihilape|Rage Fist|p2a: Garganacl
|-damage|p2a: Garganacl|48/100
|-damage|p1b: Annihilape|60/100|[from] item: Rocky Helmet|[of] p2a: Garganacl
|move|p2a: Garganacl|Sandstorm||[still]
|-fail|p2a: Garganacl
|
|-weather|Sandstorm|[upkeep]
|-damage|p1a: Whimsicott|77/100|[from] Sandstorm
|-damage|p1b: Annihilape|54/100|[from] Sandstorm
|-heal|p1b: Annihilape|60/100|[from] item: Leftovers
|-end|p2a: Garganacl|Encore
|upkeep
|turn|5
|
|t:|1756326051
|move|p1a: Whimsicott|Helping Hand|p1b: Annihilape
|-singleturn|p1b: Annihilape|Helping Hand|[of] p1a: Whimsicott
|move|p1b: Annihilape|Rage Fist|p2a: Garganacl
|-damage|p2a: Garganacl|0 fnt
|-damage|p1b: Annihilape|43/100|[from] item: Rocky Helmet|[of] p2a: Garganacl
|faint|p2a: Garganacl
|
|win|saboyita
|raw|saboyita's rating: 1097 → 1122(+25 for winning)
|raw|Trainer208's rating: 1085 → 1063(-22 for losing)
|l|☆Trainer208
|player|p2|
