|j|☆heitorf
|j|☆Oscarm92
|html|heitorfOscarm92    
|uhtml|bestof|Game 2 of a best-of-3
|t:|1783563171
|gametype|doubles
|player|p1|heitorf|2|
|player|p2|Oscarm92|101|
|gen|9
|tier|[Gen 9 Champions] VGC 2026 Reg M-B (Bo3)
|rule|Species Clause: Limit one of each Pokémon
|rule|Item Clause: Limit 1 of each item
|clearpoke
|poke|p1|Mawile, L50, M|
|poke|p1|Incineroar, L50, F|
|poke|p1|Dragalge, L50, M|
|poke|p1|Farigiraf, L50, M|
|poke|p1|Pelipper, L50, F|
|poke|p1|Hydrapple, L50, M|
|poke|p2|Charizard, L50, F, shiny|
|poke|p2|Aerodactyl, L50, F|
|poke|p2|Garchomp, L50, M, shiny|
|poke|p2|Kingambit, L50, F|
|poke|p2|Sylveon, L50, M|
|poke|p2|Farigiraf, L50, F|
|teampreview|4
|showteam|p1|Mawile||Mawilite|HyperCutter|IronHead,Protect,PlayRough,SuckerPunch|Brave||M|||50|]Incineroar||SitrusBerry|Intimidate|FakeOut,PartingShot,DarkestLariat,FlareBlitz|Adamant||F|||50|]Dragalge||Dragalgite|PoisonTouch|SludgeBomb,Thunder,Protect,DragonPulse|Modest||M|||50|]Farigiraf||ColburBerry|ArmorTail|Psychic,HelpingHand,Protect,TrickRoom|Sassy||M|||50|]Pelipper||FocusSash|Drizzle|Protect,WeatherBall,Hurricane,WideGuard|Timid||F|||50|]Hydrapple||LifeOrb|SupersweetSyrup|FickleBeam,GigaDrain,HydroPump,Protect|Quiet||M|||50|
|showteam|p2|Charizard||CharizarditeY|Blaze|HeatWave,WeatherBall,SolarBeam,Protect|Modest||F|||50|]Aerodactyl||Aerodactylite|Unnerve|IceFang,RockSlide,Tailwind,DualWingbeat|Jolly||F|||50|]Garchomp||LifeOrb|RoughSkin|DragonClaw,StompingTantrum,Earthquake,Protect|Jolly||M|||50|]Kingambit||FocusSash|Defiant|SuckerPunch,KowtowCleave,IronHead,LowKick|Adamant||F|||50|]Sylveon||FairyFeather|Pixilate|QuickAttack,HyperVoice,HyperBeam,Protect|Modest||M|||50|]Farigiraf||SitrusBerry|ArmorTail|TrickRoom,Thunderbolt,GrassKnot,TwinBeam|Bold||F|||50|
|inactive|Battle timer is ON: inactive players will automatically lose when time's up. (requested by heitorf)
|j| legendarykamin
|inactive|heitorf has 60 seconds left.
|
|t:|1783563209
|teamsize|p1|4
|teamsize|p2|4
|start
|switch|p1a: Mawile|Mawile, L50, M|100/100
|switch|p1b: Incineroar|Incineroar, L50, F|100/100
|switch|p2a: Kingambit|Kingambit, L50, F|100/100
|switch|p2b: Sylveon|Sylveon, L50, M|100/100
|-ability|p1b: Incineroar|Intimidate|boost
|-unboost|p2a: Kingambit|atk|1
|-ability|p2a: Kingambit|Defiant|boost
|-boost|p2a: Kingambit|atk|2
|-unboost|p2b: Sylveon|atk|1
|turn|1
|inactive|heitorf has 30 seconds left.
|inactive|Oscarm92 has 30 seconds left.
|
|t:|1783563238
|switch|p2b: Farigiraf|Farigiraf, L50, F|100/100
|detailschange|p1a: Mawile|Mawile-Mega, L50, M
|-mega|p1a: Mawile|Mawile|Mawilite
|move|p2a: Kingambit|Low Kick|p1b: Incineroar
|-supereffective|p1b: Incineroar|1
|-damage|p1b: Incineroar|11/100
|-enditem|p1b: Incineroar|Sitrus Berry|[eat]
|-heal|p1b: Incineroar|36/100|[from] item: Sitrus Berry
|move|p1b: Incineroar|Flare Blitz|p2a: Kingambit
|-supereffective|p2a: Kingambit|1
|-enditem|p2a: Kingambit|Focus Sash
|-damage|p2a: Kingambit|1/100
|-damage|p1b: Incineroar|7/100|[from] Recoil
|move|p1a: Mawile|Play Rough|p2a: Kingambit
|-damage|p2a: Kingambit|0 fnt
|faint|p2a: Kingambit
|
|upkeep
|
|t:|1783563251
|switch|p2a: Charizard|Charizard, L50, F, shiny|100/100
|turn|2
|
|t:|1783563267
|detailschange|p2a: Charizard|Charizard-Mega-Y, L50, F, shiny
|-mega|p2a: Charizard|Charizard|Charizardite Y
|-weather|SunnyDay|[from] ability: Drought|[of] p2a: Charizard
|move|p1a: Mawile|Protect|p1a: Mawile
|-singleturn|p1a: Mawile|Protect
|move|p2a: Charizard|Weather Ball|p1a: Mawile
|-activate|p1a: Mawile|move: Protect
|move|p1b: Incineroar|Parting Shot|p2a: Charizard
|-unboost|p2a: Charizard|atk|1
|-unboost|p2a: Charizard|spa|1
|
|t:|1783563278
|switch|p1b: Pelipper|Pelipper, L50, F|100/100|[from] Parting Shot
|-weather|RainDance|[from] ability: Drizzle|[of] p1b: Pelipper
|move|p2b: Farigiraf|Thunderbolt|p1b: Pelipper
|-supereffective|p1b: Pelipper|2
|-enditem|p1b: Pelipper|Focus Sash
|-damage|p1b: Pelipper|1/100
|
|-weather|RainDance|[upkeep]
|upkeep
|turn|3
|inactive|heitorf has 30 seconds left.
|inactive|Oscarm92 has 30 seconds left.
|inactive|heitorf has 20 seconds left.
|inactive|Oscarm92 has 20 seconds left.
|inactive|heitorf has 15 seconds left.
|inactive|Oscarm92 has 15 seconds left.
|inactive|Oscarm92 has 10 seconds left.
|
|t:|1783563328
|switch|p1a: Hydrapple|Hydrapple, L50, M|100/100
|-ability|p1a: Hydrapple|Supersweet Syrup
|-unboost|p2a: Charizard|evasion|1
|-unboost|p2b: Farigiraf|evasion|1
|move|p1b: Pelipper|Protect|p1b: Pelipper
|-singleturn|p1b: Pelipper|Protect
|move|p2a: Charizard|Weather Ball|p1a: Hydrapple
|-resisted|p1a: Hydrapple|2
|-damage|p1a: Hydrapple|91/100
|move|p2b: Farigiraf|Thunderbolt|p1b: Pelipper
|-activate|p1b: Pelipper|move: Protect
|
|-weather|RainDance|[upkeep]
|upkeep
|turn|4
|inactive|Oscarm92 has 30 seconds left.
|
|t:|1783563362
|switch|p2a: Sylveon|Sylveon, L50, M|100/100
|switch|p1b: Incineroar|Incineroar, L50, F|7/100
|-ability|p1b: Incineroar|Intimidate|boost
|-unboost|p2a: Sylveon|atk|1
|-unboost|p2b: Farigiraf|atk|1
|move|p2b: Farigiraf|Thunderbolt|p1b: Incineroar
|-damage|p1b: Incineroar|0 fnt
|faint|p1b: Incineroar
|move|p1a: Hydrapple|Hydro Pump|p2a: Sylveon
|-damage|p2a: Sylveon|36/100
|-damage|p1a: Hydrapple|81/100|[from] item: Life Orb
|
|-weather|RainDance|[upkeep]
|upkeep
|
|t:|1783563377
|switch|p1b: Mawile|Mawile-Mega, L50, M|100/100
|turn|5
|
|t:|1783563398
|move|p1a: Hydrapple|Protect|p1a: Hydrapple
|-singleturn|p1a: Hydrapple|Protect
|move|p2a: Sylveon|Hyper Voice|p1a: Hydrapple|[spread] p1b
|-activate|p1a: Hydrapple|move: Protect
|-resisted|p1b: Mawile|1
|-damage|p1b: Mawile|74/100
|move|p2b: Farigiraf|Twin Beam|p1b: Mawile
|-resisted|p1b: Mawile|1
|-damage|p1b: Mawile|66/100
|-resisted|p1b: Mawile|1
|-damage|p1b: Mawile|57/100
|-hitcount|p1b: Mawile|2
|move|p1b: Mawile|Iron Head|p2a: Sylveon
|-supereffective|p2a: Sylveon|1
|-damage|p2a: Sylveon|0 fnt
|faint|p2a: Sylveon
|
|-weather|RainDance|[upkeep]
|upkeep
|
|t:|1783563411
|switch|p2a: Charizard|Charizard-Mega-Y, L50, F, shiny|100/100
|-weather|SunnyDay|[from] ability: Drought|[of] p2a: Charizard
|turn|6
|inactive|Oscarm92 has 30 seconds left.
|
|t:|1783563438
|switch|p1b: Pelipper|Pelipper, L50, F|1/100
|-weather|RainDance|[from] ability: Drizzle|[of] p1b: Pelipper
|move|p2a: Charizard|Heat Wave|p1a: Hydrapple|[spread] p1a,p1b
|-resisted|p1b: Pelipper|1
|-damage|p1a: Hydrapple|63/100
|-damage|p1b: Pelipper|0 fnt
|faint|p1b: Pelipper
|move|p2b: Farigiraf|Thunderbolt|p1a: Hydrapple
|-resisted|p1a: Hydrapple|2
|-damage|p1a: Hydrapple|59/100
|move|p1a: Hydrapple|Hydro Pump|p2a: Charizard
|-supereffective|p2a: Charizard|1
|-damage|p2a: Charizard|0 fnt
|faint|p2a: Charizard
|-damage|p1a: Hydrapple|49/100|[from] item: Life Orb
|
|-weather|RainDance|[upkeep]
|upkeep
|
|t:|1783563454
|switch|p1b: Mawile|Mawile-Mega, L50, M|57/100
|turn|7
|l| legendarykamin
|
|t:|1783563461
|move|p1b: Mawile|Sucker Punch||[still]
|cant|p2b: Farigiraf|ability: Armor Tail|Sucker Punch|[of] p1b: Mawile
|move|p2b: Farigiraf|Thunderbolt|p1b: Mawile
|-damage|p1b: Mawile|33/100
|move|p1a: Hydrapple|Giga Drain|p2b: Farigiraf
|-damage|p2b: Farigiraf|50/100g
|-heal|p1a: Hydrapple|79/100|[from] drain|[of] p2b: Farigiraf
|-damage|p1a: Hydrapple|69/100|[from] item: Life Orb
|
|-weather|RainDance|[upkeep]
|upkeep
|turn|8
|
|t:|1783563480
|move|p2b: Farigiraf|Thunderbolt|p1b: Mawile
|-damage|p1b: Mawile|4/100
|move|p1b: Mawile|Iron Head|p2b: Farigiraf
|-damage|p2b: Farigiraf|0 fnt
|faint|p2b: Farigiraf
|
|win|heitorf
||Oscarm92 is ready for game 3.
|inactive|heitorf has 30 seconds to confirm battle start!
||heitorf is ready for game 3.
|uhtml|next|Next: Game 3 of 3
|l|☆Oscarm92
|player|p2|
|j|☆Oscarm92
|player|p2|Oscarm92|101|
