|j|☆ExploudGaming
|j|☆sergio23perez
|html|ExploudGamingsergio23perez    
|uhtml|bestof|Game 1 of a best-of-3
|t:|1756742809
|gametype|doubles
|player|p1|ExploudGaming|burglar|1382
|player|p2|sergio23perez|1|1261
|gen|9
|tier|[Gen 9] VGC 2025 Reg H (Bo3)
|rated|
|rule|Species Clause: Limit one of each Pokémon
|rule|Item Clause: Limit 1 of each item
|clearpoke
|poke|p1|Maushold-Four, L50|
|poke|p1|Incineroar, L50, F|
|poke|p1|Pelipper, L50, M|
|poke|p1|Sinistcha, L50|
|poke|p1|Ursaluna, L50, M|
|poke|p1|Salamence, L50, F|
|poke|p2|Jumpluff, L50, F|
|poke|p2|Charizard, L50, F|
|poke|p2|Porygon2, L50|
|poke|p2|Torkoal, L50, M|
|poke|p2|Incineroar, L50, M|
|poke|p2|Ursaluna, L50, F|
|teampreview|4
|showteam|p1|Maushold-Four||WideLens|Technician|Protect,FollowMe,ThunderWave,PopulationBomb||||||50|,,,,,Grass]Incineroar||SafetyGoggles|Intimidate|PartingShot,Taunt,FakeOut,KnockOff|||F|||50|,,,,,Ghost]Pelipper||FocusSash|Drizzle|Protect,Tailwind,Hurricane,WeatherBall|||M|||50|,,,,,Ghost]Sinistcha||MentalHerb|Hospitality|TrickRoom,RagePowder,MatchaGotcha,ShadowBall||||||50|,,,,,Dark]Ursaluna||FlameOrb|Guts|Protect,HeadlongRush,Earthquake,Facade|||M|||50|,,,,,Ghost]Salamence||ChoiceSpecs|Intimidate|TeraBlast,AirSlash,Hurricane,DragonPulse|||F|||50|,,,,,Fairy
|showteam|p2|Jumpluff||CovertCloak|Chlorophyll|SleepPowder,SunnyDay,Tailwind,RagePowder|||F|||50|,,,,,Water]Charizard||ChoiceSpecs|SolarPower|AirSlash,HeatWave,Overheat,WeatherBall|||F|||50|,,,,,Ghost]Porygon2||Eviolite|Download|TeraBlast,IceBeam,Recover,TrickRoom||||||50|,,,,,Fighting]Torkoal||EjectPack|Drought|HelpingHand,Eruption,Overheat,Protect|||M|||50|,,,,,Fire]Incineroar||SafetyGoggles|Intimidate|FakeOut,PartingShot,FlareBlitz,KnockOff|||M|||50|,,,,,Ghost]Ursaluna||FlameOrb|Guts|HeadlongRush,Facade,Earthquake,Protect|||F|||50|,,,,,Ghost
|inactive|Battle timer is ON: inactive players will automatically lose when time's up. (requested by sergio23perez)
|inactive|ExploudGaming has 60 seconds left.
|inactive|sergio23perez has 60 seconds left.
|
|t:|1756742870
|teamsize|p1|4
|teamsize|p2|4
|start
|switch|p1a: Maushold|Maushold-Four, L50|100/100
|switch|p1b: Incineroar|Incineroar, L50, F|100/100
|switch|p2a: Jumpluff|Jumpluff, L50, F|100/100
|switch|p2b: Incineroar|Incineroar, L50, M|100/100
|-ability|p1b: Incineroar|Intimidate|boost
|-unboost|p2a: Jumpluff|atk|1
|-unboost|p2b: Incineroar|atk|1
|-ability|p2b: Incineroar|Intimidate|boost
|-unboost|p1a: Maushold|atk|1
|-unboost|p1b: Incineroar|atk|1
|turn|1
|inactive|sergio23perez has 30 seconds left.
|inactive|sergio23perez has 20 seconds left.
|inactive|sergio23perez has 15 seconds left.
|
|t:|1756742910
|switch|p2a: Ursaluna|Ursaluna, L50, F|100/100
|move|p1b: Incineroar|Fake Out|p2b: Incineroar
|-damage|p2b: Incineroar|95/100
|cant|p2b: Incineroar|flinch
|move|p1a: Maushold|Population Bomb|p2a: Ursaluna
|-damage|p2a: Ursaluna|95/100
|-damage|p2a: Ursaluna|89/100
|-damage|p2a: Ursaluna|82/100
|-damage|p2a: Ursaluna|76/100
|-damage|p2a: Ursaluna|70/100
|-damage|p2a: Ursaluna|64/100
|-damage|p2a: Ursaluna|58/100
|-damage|p2a: Ursaluna|52/100
|-damage|p2a: Ursaluna|46/100
|-damage|p2a: Ursaluna|40/100
|-hitcount|p2a: Ursaluna|10
|
|-status|p2a: Ursaluna|brn|[from] item: Flame Orb
|upkeep
|turn|2
|inactive|ExploudGaming has 30 seconds left.
|
|t:|1756742937
|switch|p1a: Salamence|Salamence, L50, F|100/100
|-ability|p1a: Salamence|Intimidate|boost
|-unboost|p2a: Ursaluna|atk|1
|-unboost|p2b: Incineroar|atk|1
|switch|p2b: Jumpluff|Jumpluff, L50, F|100/100
|-terastallize|p2a: Ursaluna|Ghost
|move|p1b: Incineroar|Parting Shot|p2a: Ursaluna
|-unboost|p2a: Ursaluna|atk|1
|-unboost|p2a: Ursaluna|spa|1
|
|t:|1756742949
|switch|p1b: Pelipper|Pelipper, L50, M|100/100|[from] Parting Shot
|-weather|RainDance|[from] ability: Drizzle|[of] p1b: Pelipper
|move|p2a: Ursaluna|Earthquake|p1b: Pelipper|[spread] 
|-immune|p2b: Jumpluff
|-immune|p1a: Salamence
|-immune|p1b: Pelipper
|
|-weather|RainDance|[upkeep]
|-damage|p2a: Ursaluna|34/100 brn|[from] brn
|upkeep
|turn|3
|inactive|ExploudGaming has 30 seconds left.
|
|t:|1756742979
|switch|p1b: Incineroar|Incineroar, L50, F|100/100
|-ability|p1b: Incineroar|Intimidate|boost
|-unboost|p2a: Ursaluna|atk|1
|-unboost|p2b: Jumpluff|atk|1
|switch|p2a: Torkoal|Torkoal, L50, M|100/100
|-weather|SunnyDay|[from] ability: Drought|[of] p2a: Torkoal
|move|p2b: Jumpluff|Sleep Powder|p1a: Salamence
|-status|p1a: Salamence|slp|[from] move: Sleep Powder
|cant|p1a: Salamence|slp
|
|-weather|SunnyDay|[upkeep]
|upkeep
|turn|4
|inactive|ExploudGaming has 30 seconds left.
|
|t:|1756743009
|switch|p2a: Incineroar|Incineroar, L50, M|95/100
|-ability|p2a: Incineroar|Intimidate|boost
|-unboost|p1a: Salamence|atk|1
|-unboost|p1b: Incineroar|atk|1
|move|p2b: Jumpluff|Tailwind|p2b: Jumpluff
|-sidestart|p2: sergio23perez|move: Tailwind
|-curestatus|p1a: Salamence|slp|[msg]
|move|p1a: Salamence|Air Slash|p2b: Jumpluff
|-supereffective|p2b: Jumpluff
|-damage|p2b: Jumpluff|0 fnt
|faint|p2b: Jumpluff
|move|p1b: Incineroar|Parting Shot|p2a: Incineroar
|-unboost|p2a: Incineroar|atk|1
|-unboost|p2a: Incineroar|spa|1
|
|t:|1756743030
|switch|p1b: Maushold|Maushold-Four, L50|100/100|[from] Parting Shot
|
|-weather|SunnyDay|[upkeep]
|upkeep
|
|t:|1756743039
|switch|p2b: Ursaluna|Ursaluna, L50, F, tera:Ghost|34/100 brn
|turn|5
|
|t:|1756743059
|switch|p1a: Incineroar|Incineroar, L50, F|100/100
|-ability|p1a: Incineroar|Intimidate|boost
|-unboost|p2a: Incineroar|atk|1
|-unboost|p2b: Ursaluna|atk|1
|move|p2b: Ursaluna|Facade|p1a: Incineroar
|-damage|p1a: Incineroar|28/100
|move|p1b: Maushold|Population Bomb|p2a: Incineroar
|-damage|p2a: Incineroar|85/100
|-damage|p2a: Incineroar|76/100
|-damage|p2a: Incineroar|67/100
|-damage|p2a: Incineroar|58/100
|-damage|p2a: Incineroar|48/100
|-damage|p2a: Incineroar|39/100
|-crit|p2a: Incineroar
|-damage|p2a: Incineroar|25/100
|-damage|p2a: Incineroar|16/100
|-damage|p2a: Incineroar|6/100
|-damage|p2a: Incineroar|0 fnt
|faint|p2a: Incineroar
|-hitcount|p2: Incineroar|10
|
|-weather|SunnyDay|[upkeep]
|-damage|p2b: Ursaluna|28/100 brn|[from] brn
|upkeep
|
|t:|1756743073
|switch|p2a: Torkoal|Torkoal, L50, M|100/100
|turn|6
|
|t:|1756743089
|switch|p1b: Salamence|Salamence, L50, F|100/100
|-ability|p1b: Salamence|Intimidate|boost
|-unboost|p2a: Torkoal|atk|1
|-unboost|p2b: Ursaluna|atk|1
|switch|p1a: Pelipper|Pelipper, L50, M|100/100
|-weather|RainDance|[from] ability: Drizzle|[of] p1a: Pelipper
|move|p2a: Torkoal|Protect|p2a: Torkoal
|-singleturn|p2a: Torkoal|Protect
|move|p2b: Ursaluna|Earthquake|p1a: Pelipper|[spread] 
|-activate|p2a: Torkoal|move: Protect
|-immune|p1a: Pelipper
|-immune|p1b: Salamence
|
|-weather|RainDance|[upkeep]
|-damage|p2b: Ursaluna|22/100 brn|[from] brn
|upkeep
|turn|7
|-message|sergio23perez forfeited.
|
|win|ExploudGaming
|l|☆sergio23perez
|player|p2|
||sergio23perez is ready for game 2.
||ExploudGaming is ready for game 2.
|uhtml|next|Next: Game 2 of 3
