|j|☆minhbeoteam
|j|☆FerKillerVGC
|html|minhbeoteamFerKillerVGC    
|uhtml|bestof|Game 2 of a best-of-3
|t:|1782186898
|gametype|doubles
|player|p1|minhbeoteam|101|1094
|player|p2|FerKillerVGC|102|1140
|gen|9
|tier|[Gen 9 Champions] VGC 2026 Reg M-B (Bo3)
|rated|
|rule|Species Clause: Limit one of each Pokémon
|rule|Item Clause: Limit 1 of each item
|clearpoke
|poke|p1|Beedrill, L50, M, shiny|
|poke|p1|Sneasler, L50, F|
|poke|p1|Clefable, L50, F|
|poke|p1|Basculegion, L50, M|
|poke|p1|Pelipper, L50, M|
|poke|p1|Metagross, L50|
|poke|p2|Snorlax, L50, M|
|poke|p2|Sableye, L50, F|
|poke|p2|Armarouge, L50, F|
|poke|p2|Clefable, L50, M|
|poke|p2|Kingambit, L50, F|
|poke|p2|Venusaur, L50, M|
|teampreview|4
|showteam|p1|Beedrill||Beedrillite|Swarm|Protect,FellStinger,PoisonJab,DrillRun|Adamant||M|||50|]Sneasler||FocusSash|Unburden|FakeOut,CloseCombat,ThroatChop,Protect|Adamant||F|||50|]Clefable||SitrusBerry|Unaware|Moonblast,FollowMe,IceBeam,HelpingHand|Bold||F|||50|]Basculegion||ChoiceScarf|Adaptability|FlipTurn,WaveCrash,LastRespects,ScaleShot|Adamant||M|||50|]Pelipper||DampRock|Drizzle|WideGuard,Hurricane,WeatherBall,Tailwind|Timid||M|||50|]Metagross||Metagrossite|ClearBody|BulletPunch,PsychicFangs,IcePunch,Protect|Adamant|||||50|
|showteam|p2|Snorlax||SitrusBerry|ThickFat|Facade,BodyPress,Stockpile,Recycle|Impish||M|||50|]Sableye||RoseliBerry|Prankster|FoulPlay,WillOWisp,Quash,FakeOut|Careful||F|||50|]Armarouge||FocusSash|FlashFire|HeatWave,Psychic,WideGuard,TrickRoom|Quiet||F|||50|]Clefable||Clefablite|Unaware|Moonblast,Flamethrower,FollowMe,Protect|Bold||M|||50|]Kingambit||BlackGlasses|Defiant|KowtowCleave,IronHead,SuckerPunch,Protect|Adamant||F|||50|]Venusaur||Venusaurite|Chlorophyll|SludgeBomb,GigaDrain,EarthPower,Protect|Modest||M|||50|
|inactive|Battle timer is ON: inactive players will automatically lose when time's up. (requested by FerKillerVGC)
|
|t:|1782186928
|teamsize|p1|4
|teamsize|p2|4
|start
|switch|p1a: Follow me pls|Clefable, L50, F|100/100
|switch|p1b: The Flash|Basculegion, L50, M|100/100
|switch|p2a: Sableye|Sableye, L50, F|100/100
|switch|p2b: Armarouge|Armarouge, L50, F|100/100
|turn|1
|
|t:|1782186945
|move|p2a: Sableye|Fake Out|p1a: Follow me pls
|-damage|p1a: Follow me pls|92/100
|cant|p1a: Follow me pls|flinch
|move|p1b: The Flash|Flip Turn|p2b: Armarouge
|-supereffective|p2b: Armarouge|1
|-damage|p2b: Armarouge|18/100
|
|t:|1782186952
|switch|p1b: Rain Man|Pelipper, L50, M|100/100|[from] Flip Turn
|-weather|RainDance|[from] ability: Drizzle|[of] p1b: Rain Man
|move|p2b: Armarouge|Trick Room|p2b: Armarouge
|-fieldstart|move: Trick Room|[of] p2b: Armarouge
|
|-weather|RainDance|[upkeep]
|upkeep
|turn|2
|
|t:|1782186976
|switch|p2a: Kingambit|Kingambit, L50, F|100/100
|move|p1a: Follow me pls|Moonblast|p2a: Kingambit
|-damage|p2a: Kingambit|65/100
|move|p2b: Armarouge|Psychic|p1a: Follow me pls
|-damage|p1a: Follow me pls|42/100
|-enditem|p1a: Follow me pls|Sitrus Berry|[eat]
|-heal|p1a: Follow me pls|66/100|[from] item: Sitrus Berry
|move|p1b: Rain Man|Hurricane|p2b: Armarouge
|-damage|p2b: Armarouge|0 fnt
|faint|p2b: Armarouge
|
|-weather|RainDance|[upkeep]
|upkeep
|
|t:|1782186986
|switch|p2b: Venusaur|Venusaur, L50, M|100/100
|turn|3
|
|t:|1782186998
|detailschange|p2b: Venusaur|Venusaur-Mega, L50, M
|-mega|p2b: Venusaur|Venusaur|Venusaurite
|move|p1a: Follow me pls|Follow Me|p1a: Follow me pls
|-singleturn|p1a: Follow me pls|move: Follow Me
|move|p2a: Kingambit|Iron Head|p1a: Follow me pls
|-supereffective|p1a: Follow me pls|1
|-damage|p1a: Follow me pls|0 fnt
|faint|p1a: Follow me pls
|move|p1b: Rain Man|Hurricane|p2b: Venusaur
|-supereffective|p2b: Venusaur|1
|-damage|p2b: Venusaur|18/100
|move|p2b: Venusaur|Giga Drain|p1b: Rain Man
|-damage|p1b: Rain Man|42/100
|-heal|p2b: Venusaur|39/100|[from] drain|[of] p1b: Rain Man
|
|-weather|RainDance|[upkeep]
|upkeep
|
|t:|1782187011
|switch|p1a: IDK|Sneasler, L50, F|100/100
|turn|4
|
|t:|1782187023
|move|p2a: Kingambit|Protect|p2a: Kingambit
|-singleturn|p2a: Kingambit|Protect
|move|p2b: Venusaur|Protect|p2b: Venusaur
|-singleturn|p2b: Venusaur|Protect
|move|p1a: IDK|Fake Out|p2a: Kingambit
|-activate|p2a: Kingambit|move: Protect
|move|p1b: Rain Man|Hurricane|p2b: Venusaur
|-activate|p2b: Venusaur|move: Protect
|
|-weather|RainDance|[upkeep]
|upkeep
|turn|5
|
|t:|1782187044
|switch|p2a: Sableye|Sableye, L50, F|100/100
|move|p1b: Rain Man|Hurricane|p2b: Venusaur
|-supereffective|p2b: Venusaur|1
|-damage|p2b: Venusaur|0 fnt
|faint|p2b: Venusaur
|move|p1a: IDK|Close Combat|p2a: Sableye
|-immune|p2a: Sableye
|
|-weather|RainDance|[upkeep]
|-fieldend|move: Trick Room
|upkeep
|
|t:|1782187049
|switch|p2b: Kingambit|Kingambit, L50, F|65/100
|turn|6
|
|t:|1782187067
|switch|p1b: The Flash|Basculegion, L50, M|100/100
|move|p1a: IDK|Protect|p1a: IDK
|-singleturn|p1a: IDK|Protect
|move|p2b: Kingambit|Sucker Punch||[still]
|-fail|p2b: Kingambit
|move|p2a: Sableye|Will-O-Wisp|p1a: IDK
|-activate|p1a: IDK|move: Protect
|
|-weather|RainDance|[upkeep]
|upkeep
|turn|7
|
|t:|1782187083
|move|p2b: Kingambit|Protect|p2b: Kingambit
|-singleturn|p2b: Kingambit|Protect
|move|p2a: Sableye|Will-O-Wisp|p1b: The Flash|[miss]
|-miss|p2a: Sableye|p1b: The Flash
|move|p1b: The Flash|Flip Turn|p2a: Sableye
|-damage|p2a: Sableye|1/100
|
|t:|1782187090
|switch|p1b: Rain Man|Pelipper, L50, M|42/100|[from] Flip Turn
|move|p1a: IDK|Throat Chop|p2a: Sableye
|-damage|p2a: Sableye|0 fnt
|faint|p2a: Sableye
|
|-weather|RainDance|[upkeep]
|upkeep
|turn|8
|-message|FerKillerVGC forfeited.
|
|win|minhbeoteam
|l|☆FerKillerVGC
|player|p2|
||FerKillerVGC is ready for game 3.
||minhbeoteam is ready for game 3.
|uhtml|next|Next: Game 3 of 3
|l|☆minhbeoteam
|player|p1|
|j|☆FerKillerVGC
|player|p2|FerKillerVGC|102|
