|j|☆no_dupes
|j|☆Urkin' Pincurchin
|html|no_dupesUrkin' Pincurchin    
|uhtml|bestof|Game 3 of a best-of-3
|t:|1757035606
|gametype|doubles
|player|p1|no_dupes|brock-gen2|1344
|player|p2|Urkin' Pincurchin|fisherman-gen4|1396
|gen|9
|tier|[Gen 9] VGC 2025 Reg H (Bo3)
|rated|
|rule|Species Clause: Limit one of each Pokémon
|rule|Item Clause: Limit 1 of each item
|clearpoke
|poke|p1|Sneasler, L50, F|
|poke|p1|Indeedee, L50, M|
|poke|p1|Volcarona, L50, F|
|poke|p1|Ursaluna-Bloodmoon, L50, M|
|poke|p1|Annihilape, L50, M|
|poke|p1|Tyranitar, L50, M|
|poke|p2|Ninetales-Alola, L50, F|
|poke|p2|Dragonite, L50, M|
|poke|p2|Volcarona, L50, F|
|poke|p2|Incineroar, L50, M|
|poke|p2|Rillaboom, L50, M|
|poke|p2|Basculegion, L50, M|
|teampreview|4
|showteam|p1|Sneasler||PsychicSeed|Unburden|CloseCombat,DireClaw,ThroatChop,Protect|||F|||50|,,,,,Dark]Indeedee||ChoiceScarf|PsychicSurge|ExpandingForce,TeraBlast,Trick,Protect|||M|||50|,,,,,Psychic]Volcarona||SitrusBerry|FlameBody|Overheat,StruggleBug,RagePowder,Tailwind|||F|||50|,,,,,Grass]Ursaluna-Bloodmoon||LifeOrb|MindsEye|BloodMoon,HyperVoice,EarthPower,Protect|||M|||50|,,,,,Normal]Annihilape||SafetyGoggles|Defiant|CloseCombat,RageFist,Taunt,FinalGambit|||M|||50|,,,,,Fairy]Tyranitar||AssaultVest|SandStream|RockSlide,KnockOff,TeraBlast,LowKick|||M|||50|,,,,,Flying
|showteam|p2|Ninetales-Alola||FocusSash|SnowWarning|Blizzard,IcyWind,AuroraVeil,Encore|||F|||50|,,,,,Ghost]Dragonite||LoadedDice|Multiscale|ScaleShot,Tailwind,Protect,Haze|||M|||50|,,,,,Fairy]Volcarona||Leftovers|FlameBody|HeatWave,TeraBlast,QuiverDance,Protect|||F|||50|,,,,,Fairy]Incineroar||SafetyGoggles|Intimidate|FlareBlitz,KnockOff,FakeOut,PartingShot|||M|||50|,,,,,Ghost]Rillaboom||AssaultVest|GrassySurge|WoodHammer,GrassyGlide,HighHorsepower,FakeOut|||M|||50|,,,,,Ghost]Basculegion||ChoiceScarf|SwiftSwim|WaveCrash,LastRespects,FlipTurn,AquaJet|||M|||50|,,,,,Water
|inactive|Battle timer is ON: inactive players will automatically lose when time's up. (requested by Urkin' Pincurchin)
|
|t:|1757035624
|teamsize|p1|4
|teamsize|p2|4
|start
|switch|p1a: Caesar|Annihilape, L50, M, shiny|100/100
|switch|p1b: Volcarona|Volcarona, L50, F, shiny|100/100
|switch|p2a: Basculegion|Basculegion, L50, M|100/100
|switch|p2b: Rillaboom|Rillaboom, L50, M|100/100
|-fieldstart|move: Grassy Terrain|[from] ability: Grassy Surge|[of] p2b: Rillaboom
|turn|1
|
|t:|1757035643
|-terastallize|p1b: Volcarona|Grass
|move|p1b: Volcarona|Rage Powder|p1b: Volcarona
|-singleturn|p1b: Volcarona|move: Rage Powder
|move|p2b: Rillaboom|Grassy Glide|p1a: Caesar
|-damage|p1a: Caesar|62/100
|move|p2a: Basculegion|Wave Crash|p1b: Volcarona
|-resisted|p1b: Volcarona
|-crit|p1b: Volcarona
|-damage|p1b: Volcarona|47/100
|-status|p2a: Basculegion|brn|[from] ability: Flame Body|[of] p1b: Volcarona
|-enditem|p1b: Volcarona|Sitrus Berry|[eat]
|-heal|p1b: Volcarona|72/100|[from] item: Sitrus Berry
|-damage|p2a: Basculegion|84/100 brn|[from] Recoil
|move|p1a: Caesar|Final Gambit|p2b: Rillaboom
|-damage|p2b: Rillaboom|36/100
|faint|p1a: Caesar
|
|-heal|p2a: Basculegion|90/100 brn|[from] Grassy Terrain
|-heal|p1b: Volcarona|78/100|[from] Grassy Terrain
|-heal|p2b: Rillaboom|42/100|[from] Grassy Terrain
|-damage|p2a: Basculegion|84/100 brn|[from] brn
|upkeep
|
|t:|1757035649
|switch|p1a: Indeedee|Indeedee, L50, M|100/100
|-fieldstart|move: Psychic Terrain|[from] ability: Psychic Surge|[of] p1a: Indeedee
|turn|2
|
|t:|1757035653
|switch|p1b: Sneasler|Sneasler, L50, F, shiny|100/100
|-enditem|p1b: Sneasler|Psychic Seed
|-boost|p1b: Sneasler|spd|1|[from] item: Psychic Seed
|switch|p2b: Incineroar|Incineroar, L50, M|100/100
|-ability|p2b: Incineroar|Intimidate|boost
|-unboost|p1a: Indeedee|atk|1
|-unboost|p1b: Sneasler|atk|1
|move|p1a: Indeedee|Expanding Force|p2a: Basculegion|[spread] p2a
|-immune|p2b: Incineroar
|-damage|p2a: Basculegion|18/100 brn
|move|p2a: Basculegion|Wave Crash|p1a: Indeedee
|-damage|p1a: Indeedee|37/100
|-damage|p2a: Basculegion|4/100 brn|[from] Recoil
|
|-damage|p2a: Basculegion|0 fnt|[from] brn
|faint|p2a: Basculegion
|upkeep
|
|t:|1757035674
|switch|p2a: Rillaboom|Rillaboom, L50, M|42/100
|-fieldstart|move: Grassy Terrain|[from] ability: Grassy Surge|[of] p2a: Rillaboom
|turn|3
|
|t:|1757035687
|switch|p1a: Volcarona|Volcarona, L50, F, shiny, tera:Grass|78/100
|move|p1b: Sneasler|Protect|p1b: Sneasler
|-singleturn|p1b: Sneasler|Protect
|move|p2a: Rillaboom|Fake Out|p1b: Sneasler
|-activate|p1b: Sneasler|move: Protect
|move|p2b: Incineroar|Flare Blitz|p1a: Volcarona
|-supereffective|p1a: Volcarona
|-damage|p1a: Volcarona|0 fnt
|faint|p1a: Volcarona
|-damage|p2b: Incineroar|78/100|[from] Recoil
|
|-heal|p2a: Rillaboom|48/100|[from] Grassy Terrain
|-heal|p2b: Incineroar|84/100|[from] Grassy Terrain
|upkeep
|
|t:|1757035690
|switch|p1a: Indeedee|Indeedee, L50, M|37/100
|-fieldstart|move: Psychic Terrain|[from] ability: Psychic Surge|[of] p1a: Indeedee
|turn|4
|
|t:|1757035714
|move|p1b: Sneasler|Dire Claw|p2b: Incineroar
|-damage|p2b: Incineroar|56/100
|move|p1a: Indeedee|Tera Blast|p2b: Incineroar
|-damage|p2b: Incineroar|20/100
|move|p2a: Rillaboom|Wood Hammer|p1a: Indeedee
|-damage|p1a: Indeedee|0 fnt
|faint|p1a: Indeedee
|-damage|p2a: Rillaboom|40/100|[from] Recoil
|move|p2b: Incineroar|Knock Off|p1b: Sneasler
|-resisted|p1b: Sneasler
|-damage|p1b: Sneasler|78/100
|
|upkeep
|turn|5
|
|t:|1757035736
|-terastallize|p2a: Rillaboom|Ghost
|move|p1b: Sneasler|Dire Claw|p2a: Rillaboom
|-resisted|p2a: Rillaboom
|-damage|p2a: Rillaboom|26/100
|move|p2a: Rillaboom|High Horsepower|p1b: Sneasler
|-supereffective|p1b: Sneasler
|-damage|p1b: Sneasler|0 fnt
|faint|p1b: Sneasler
|
|win|Urkin' Pincurchin
|raw|no_dupes's rating: 1344 → 1327(-17 for losing)
|raw|Urkin' Pincurchin's rating: 1396 → 1413(+17 for winning)
