|j|‽boysenorange
|j|‽frosmoth boss
|html|boysenorangefrosmoth boss    
|uhtml|bestof|Game 1 of a best-of-3
|t:|1783764826
|gametype|doubles
|player|p1|boysenorange|hala|
|player|p2|frosmoth boss|266|
|gen|9
|tier|[Gen 9 Champions] VGC 2026 Reg M-B (Bo3)
|rule|Species Clause: Limit one of each Pokémon
|rule|Item Clause: Limit 1 of each item
|clearpoke
|poke|p1|Tyranitar, L50, M|
|poke|p1|Excadrill, L50, M|
|poke|p1|Milotic, L50, F|
|poke|p1|Sinistcha, L50|
|poke|p1|Staraptor, L50, F|
|poke|p1|Gholdengo, L50|
|poke|p2|Swampert, L50, M|
|poke|p2|Pelipper, L50, F|
|poke|p2|Archaludon, L50, F|
|poke|p2|Grimmsnarl, L50, M|
|poke|p2|Venusaur, L50, F|
|poke|p2|Charizard, L50, F|
|teampreview|4
|showteam|p1|Tyranitar||Tyranitarite|SandStream|KnockOff,RockSlide,HighHorsepower,Protect|Jolly||M|||50|]Excadrill||FocusSash|SandRush|Earthquake,IronHead,RockSlide,Protect|Adamant||M|||50|]Milotic||SitrusBerry|Competitive|Scald,IcyWind,Haze,Protect|Calm||F|||50|]Sinistcha||ColburBerry|Hospitality|MatchaGotcha,ShadowBall,Protect,RagePowder|Bold|||||50|]Staraptor||Staraptite|Intimidate|CloseCombat,BraveBird,Tailwind,Protect|Jolly||F|||50|]Gholdengo||LifeOrb|GoodasGold|MakeItRain,ShadowBall,NastyPlot,Protect|Modest|||||50|
|showteam|p2|Swampert||Swampertite|Damp|WaveCrash,Earthquake,IcePunch,Protect|Adamant||M|||50|]Pelipper||SitrusBerry|Drizzle|Hurricane,WeatherBall,Tailwind,Protect|Modest||F|||50|]Archaludon||Leftovers|Stamina|ElectroShot,DragonPulse,FlashCannon,Protect|Modest||F|||50|]Grimmsnarl||LightClay|Prankster|SpiritBreak,Reflect,LightScreen,PartingShot|Careful||M|||50|]Venusaur||FocusSash|Chlorophyll|SludgeBomb,GigaDrain,EarthPower,Protect|Modest||F|||50|]Charizard||CharizarditeY|Blaze|Flamethrower,SolarBeam,Hurricane,Protect|Modest||F|||50|
|n|☆boysenorange|boysenorange
|
|t:|1783764872
|teamsize|p1|4
|teamsize|p2|4
|start
|switch|p1a: Tyranitar|Tyranitar, L50, M|100/100
|switch|p1b: Staraptor|Staraptor, L50, F|100/100
|switch|p2a: Grimmsnarl|Grimmsnarl, L50, M|100/100
|switch|p2b: Venusaur|Venusaur, L50, F|100/100
|-ability|p1b: Staraptor|Intimidate|boost
|-unboost|p2a: Grimmsnarl|atk|1
|-unboost|p2b: Venusaur|atk|1
|-weather|Sandstorm|[from] ability: Sand Stream|[of] p1a: Tyranitar
|turn|1
|
|t:|1783764904
|detailschange|p1b: Staraptor|Staraptor-Mega, L50, F
|-mega|p1b: Staraptor|Staraptor|Staraptite
|move|p2a: Grimmsnarl|Reflect|p2a: Grimmsnarl
|-sidestart|p2: frosmoth boss|Reflect
|move|p1b: Staraptor|Close Combat|p2a: Grimmsnarl
|-damage|p2a: Grimmsnarl|62/100
|-boost|p1b: Staraptor|def|1
|-boost|p1b: Staraptor|spd|1
|move|p1a: Tyranitar|Rock Slide|p2a: Grimmsnarl|[spread] p2b
|-miss|p1a: Tyranitar|p2a: Grimmsnarl
|-damage|p2b: Venusaur|77/100
|cant|p2b: Venusaur|flinch
|
|-weather|Sandstorm|[upkeep]
|-damage|p1b: Staraptor|94/100|[from] Sandstorm
|-damage|p2b: Venusaur|71/100|[from] Sandstorm
|-damage|p2a: Grimmsnarl|56/100|[from] Sandstorm
|upkeep
|turn|2
|
|t:|1783764938
|move|p1b: Staraptor|Tailwind|p1b: Staraptor
|-sidestart|p1: boysenorange|move: Tailwind
|move|p1a: Tyranitar|Rock Slide|p2a: Grimmsnarl|[spread] p2b
|-miss|p1a: Tyranitar|p2a: Grimmsnarl
|-damage|p2b: Venusaur|48/100
|move|p2b: Venusaur|Sludge Bomb|p1b: Staraptor
|-damage|p1b: Staraptor|66/100
|-status|p1b: Staraptor|psn
|move|p2a: Grimmsnarl|Spirit Break|p1b: Staraptor
|-supereffective|p1b: Staraptor|1
|-damage|p1b: Staraptor|40/100 psn
|-boost|p1b: Staraptor|spa|1
|
|-weather|Sandstorm|[upkeep]
|-damage|p1b: Staraptor|34/100 psn|[from] Sandstorm
|-damage|p2b: Venusaur|42/100|[from] Sandstorm
|-damage|p2a: Grimmsnarl|50/100g|[from] Sandstorm
|-damage|p1b: Staraptor|22/100 psn|[from] psn
|upkeep
|turn|3
|
|t:|1783764984
|switch|p2b: Swampert|Swampert, L50, M|100/100
|move|p2a: Grimmsnarl|Parting Shot|p1a: Tyranitar
|-hint|Since gen 7, Dark is immune to Prankster moves.
|-immune|p1a: Tyranitar
|move|p1b: Staraptor|Close Combat|p2a: Grimmsnarl
|-damage|p2a: Grimmsnarl|9/100
|-boost|p1b: Staraptor|def|1
|-boost|p1b: Staraptor|spd|1
|move|p1a: Tyranitar|Rock Slide|p2a: Grimmsnarl|[spread] p2a,p2b
|-resisted|p2b: Swampert|1
|-crit|p2b: Swampert
|-damage|p2a: Grimmsnarl|0 fnt
|-damage|p2b: Swampert|79/100
|faint|p2a: Grimmsnarl
|
|-weather|Sandstorm|[upkeep]
|-damage|p1b: Staraptor|16/100 psn|[from] Sandstorm
|-damage|p1b: Staraptor|4/100 psn|[from] psn
|upkeep
|
|t:|1783764992
|switch|p2a: Pelipper|Pelipper, L50, F|100/100
|-weather|RainDance|[from] ability: Drizzle|[of] p2a: Pelipper
|turn|4
|
|t:|1783765035
|switch|p1a: Gholdengo|Gholdengo, L50|100/100
|detailschange|p2b: Swampert|Swampert-Mega, L50, M
|-mega|p2b: Swampert|Swampert|Swampertite
|move|p1b: Staraptor|Close Combat|p2b: Swampert
|-damage|p2b: Swampert|46/100
|-boost|p1b: Staraptor|def|1
|-boost|p1b: Staraptor|spd|1
|move|p2b: Swampert|Wave Crash|p1a: Gholdengo
|-damage|p1a: Gholdengo|0 fnt
|faint|p1a: Gholdengo
|-damage|p2b: Swampert|12/100|[from] Recoil
|move|p2a: Pelipper|Tailwind|p2a: Pelipper
|-sidestart|p2: frosmoth boss|move: Tailwind
|
|-weather|RainDance|[upkeep]
|-damage|p1b: Staraptor|0 fnt|[from] psn
|faint|p1b: Staraptor
|upkeep
|
|t:|1783765049
|switch|p1b: Tyranitar|Tyranitar, L50, M|100/100
|switch|p1a: Excadrill|Excadrill, L50, M|100/100
|-weather|Sandstorm|[from] ability: Sand Stream|[of] p1b: Tyranitar
|turn|5
|
|t:|1783765068
|switch|p2a: Venusaur|Venusaur, L50, F|42/100
|move|p2b: Swampert|Protect|p2b: Swampert
|-singleturn|p2b: Swampert|Protect
|move|p1a: Excadrill|Rock Slide|p2b: Swampert|[spread] p2a
|-activate|p2b: Swampert|move: Protect
|-damage|p2a: Venusaur|26/100
|move|p1b: Tyranitar|Rock Slide|p2b: Swampert|[spread] p2a
|-activate|p2b: Swampert|move: Protect
|-damage|p2a: Venusaur|4/100
|
|-weather|Sandstorm|[upkeep]
|-damage|p2a: Venusaur|0 fnt|[from] Sandstorm
|faint|p2a: Venusaur
|-sideend|p1: boysenorange|move: Tailwind
|upkeep
|
|t:|1783765078
|switch|p2a: Pelipper|Pelipper, L50, F|100/100
|-weather|RainDance|[from] ability: Drizzle|[of] p2a: Pelipper
|turn|6
|
|t:|1783765100
|move|p1a: Excadrill|Protect|p1a: Excadrill
|-singleturn|p1a: Excadrill|Protect
|move|p2b: Swampert|Earthquake|p1a: Excadrill|[spread] p1b
|-activate|p1a: Excadrill|move: Protect
|-immune|p2a: Pelipper
|-supereffective|p1b: Tyranitar|1
|-damage|p1b: Tyranitar|18/100
|move|p2a: Pelipper|Weather Ball|p1a: Excadrill
|-activate|p1a: Excadrill|move: Protect
|move|p1b: Tyranitar|Rock Slide|p2b: Swampert|[spread] p2a,p2b
|-supereffective|p2a: Pelipper|1
|-resisted|p2b: Swampert|1
|-damage|p2a: Pelipper|63/100
|-damage|p2b: Swampert|3/100
|
|-weather|RainDance|[upkeep]
|upkeep
|turn|7
|
|t:|1783765137
|move|p1b: Tyranitar|Protect|p1b: Tyranitar
|-singleturn|p1b: Tyranitar|Protect
|move|p2b: Swampert|Earthquake|p1b: Tyranitar|[spread] p1a
|-activate|p1b: Tyranitar|move: Protect
|-immune|p2a: Pelipper
|-supereffective|p1a: Excadrill|1
|-enditem|p1a: Excadrill|Focus Sash
|-damage|p1a: Excadrill|1/100
|move|p2a: Pelipper|Weather Ball|p1a: Excadrill
|-supereffective|p1a: Excadrill|1
|-damage|p1a: Excadrill|0 fnt
|faint|p1a: Excadrill
|
|-weather|RainDance|[upkeep]
|-sideend|p2: frosmoth boss|move: Tailwind
|upkeep
|turn|8
|
|t:|1783765154
|move|p2b: Swampert|Earthquake|p1b: Tyranitar|[spread] p1b
|-immune|p2a: Pelipper
|-supereffective|p1b: Tyranitar|1
|-damage|p1b: Tyranitar|0 fnt
|faint|p1b: Tyranitar
|
|win|frosmoth boss
