|j|☆psychic system
|j|☆YoungSinatra44
|html|psychic systemYoungSinatra44    
|uhtml|bestof|Game 1 of a best-of-3
|t:|1757252899
|gametype|doubles
|player|p1|psychic system|lucas|1217
|player|p2|YoungSinatra44|1|1276
|gen|9
|tier|[Gen 9] VGC 2025 Reg H (Bo3)
|rated|
|rule|Species Clause: Limit one of each Pokémon
|rule|Item Clause: Limit 1 of each item
|clearpoke
|poke|p1|Florges, L50, F|
|poke|p1|Amoonguss, L50, F|
|poke|p1|Kingambit, L50, F|
|poke|p1|Incineroar, L50, M|
|poke|p1|Pelipper, L50, F|
|poke|p1|Garchomp, L50, F|
|poke|p2|Indeedee, L50, M|
|poke|p2|Ursaluna-Bloodmoon, L50, M|
|poke|p2|Whimsicott, L50, F|
|poke|p2|Typhlosion-Hisui, L50, F|
|poke|p2|Annihilape, L50, F|
|poke|p2|Electabuzz, L50, F|
|teampreview|4
|showteam|p1|Florges||Leftovers|FlowerVeil|Moonblast,DazzlingGleam,CalmMind,Protect|||F|||50|,,,,,Poison]Amoonguss||SitrusBerry|Regenerator|ClearSmog,Spore,PollenPuff,RagePowder|||F|||50|,,,,,Water]Kingambit||BlackGlasses|Defiant|Protect,KowtowCleave,SuckerPunch,SwordsDance|||F|||50|,,,,,Ghost]Incineroar||SafetyGoggles|Intimidate|FakeOut,KnockOff,FlareBlitz,PartingShot|||M|||50|,,,,,Ghost]Pelipper||ChoiceScarf|Drizzle|MuddyWater,Hurricane,IcyWind,WeatherBall|||F|||50|,,,,,Water]Garchomp||ClearAmulet|RoughSkin|StompingTantrum,DragonClaw,FireFang,Protect|||F|||50|,,,,,Steel
|showteam|p2|Indeedee||FocusSash|PsychicSurge|ExpandingForce,TeraBlast,DazzlingGleam,Protect|||M|||50|,,,,,Psychic]Ursaluna-Bloodmoon||LifeOrb|MindsEye|HyperVoice,EarthPower,BloodMoon,Protect|||M|||50|,,,,,Normal]Whimsicott||CovertCloak|Prankster|Moonblast,Tailwind,FakeTears,SunnyDay|||F|||50|,,,,,Dark]Typhlosion-Hisui||ChoiceScarf|Blaze|Eruption,HeatWave,ShadowBall,Overheat|||F|||50|,,,,,Fire]Annihilape||Leftovers|Defiant|DrainPunch,RageFist,BulkUp,Protect|||F|||50|,,,,,Steel]Electabuzz||Eviolite|VitalSpirit|Electroweb,FollowMe,Taunt,Protect|||F|||50|,,,,,Ghost
|inactive|Battle timer is ON: inactive players will automatically lose when time's up. (requested by psychic system)
|inactive|psychic system has 60 seconds left.
|inactive|YoungSinatra44 has 60 seconds left.
|inactive|psychic system has 30 seconds left.
|inactive|psychic system has 20 seconds left.
|inactive|psychic system has 15 seconds left.
|inactive|psychic system has 10 seconds left.
|inactive|psychic system has 5 seconds left.
|
|t:|1757252990
|teamsize|p1|4
|teamsize|p2|4
|start
|switch|p1a: Florges|Florges, L50, F|100/100
|switch|p1b: Pelipper|Pelipper, L50, F|100/100
|switch|p2a: Ursaluna|Ursaluna-Bloodmoon, L50, M|100/100
|switch|p2b: Whimsicott|Whimsicott, L50, F|100/100
|-weather|RainDance|[from] ability: Drizzle|[of] p1b: Pelipper
|turn|1
|inactive|psychic system has 30 seconds left.
|inactive|psychic system has 20 seconds left.
|inactive|psychic system has 15 seconds left.
|inactive|psychic system has 10 seconds left.
|inactive|psychic system has 5 seconds left.
|
|t:|1757253044
|switch|p1a: Kingambit|Kingambit, L50, F|100/100
|move|p2b: Whimsicott|Tailwind|p2b: Whimsicott
|-sidestart|p2: YoungSinatra44|move: Tailwind
|move|p2a: Ursaluna|Blood Moon|p1b: Pelipper
|-damage|p1b: Pelipper|0 fnt
|faint|p1b: Pelipper
|-damage|p2a: Ursaluna|91/100|[from] item: Life Orb
|
|-weather|RainDance|[upkeep]
|upkeep
|
|t:|1757253053
|switch|p1b: Florges|Florges, L50, F|100/100
|turn|2
|
|t:|1757253075
|move|p2b: Whimsicott|Fake Tears|p1b: Florges
|-unboost|p1b: Florges|spd|2
|move|p2a: Ursaluna|Earth Power|p1a: Kingambit
|-supereffective|p1a: Kingambit
|-damage|p1a: Kingambit|0 fnt
|faint|p1a: Kingambit
|-damage|p2a: Ursaluna|81/100|[from] item: Life Orb
|move|p1b: Florges|Calm Mind|p1b: Florges
|-boost|p1b: Florges|spa|1
|-boost|p1b: Florges|spd|1
|
|-weather|RainDance|[upkeep]
|upkeep
|
|t:|1757253085
|switch|p1a: Garchomp|Garchomp, L50, F|100/100
|turn|3
|
|t:|1757253099
|-terastallize|p1a: Garchomp|Steel
|move|p2a: Ursaluna|Protect|p2a: Ursaluna
|-singleturn|p2a: Ursaluna|Protect
|move|p2b: Whimsicott|Moonblast|p1a: Garchomp
|-resisted|p1a: Garchomp
|-damage|p1a: Garchomp|84/100
|move|p1a: Garchomp|Fire Fang|p2b: Whimsicott
|-supereffective|p2b: Whimsicott
|-damage|p2b: Whimsicott|65/100
|move|p1b: Florges|Dazzling Gleam|p2b: Whimsicott|[spread] p2b
|-activate|p2a: Ursaluna|move: Protect
|-damage|p2b: Whimsicott|0 fnt
|faint|p2b: Whimsicott
|
|-weather|RainDance|[upkeep]
|upkeep
|
|t:|1757253105
|switch|p2b: Electabuzz|Electabuzz, L50, F|100/100
|turn|4
|
|t:|1757253117
|move|p1a: Garchomp|Protect|p1a: Garchomp
|-singleturn|p1a: Garchomp|Protect
|move|p1b: Florges|Protect|p1b: Florges
|-singleturn|p1b: Florges|Protect
|move|p2b: Electabuzz|Electroweb|p1a: Garchomp|[spread] 
|-activate|p1a: Garchomp|move: Protect
|-activate|p1b: Florges|move: Protect
|move|p2a: Ursaluna|Blood Moon|p1b: Florges
|-activate|p1b: Florges|move: Protect
|
|-weather|RainDance|[upkeep]
|-sideend|p2: YoungSinatra44|move: Tailwind
|upkeep
|turn|5
|
|t:|1757253141
|move|p2b: Electabuzz|Follow Me|p2b: Electabuzz
|-singleturn|p2b: Electabuzz|move: Follow Me
|move|p1a: Garchomp|Stomping Tantrum|p2b: Electabuzz
|-supereffective|p2b: Electabuzz
|-damage|p2b: Electabuzz|30/100
|move|p2a: Ursaluna|Earth Power|p1a: Garchomp
|-supereffective|p1a: Garchomp
|-damage|p1a: Garchomp|0 fnt
|faint|p1a: Garchomp
|-damage|p2a: Ursaluna|72/100|[from] item: Life Orb
|move|p1b: Florges|Dazzling Gleam|p2b: Electabuzz|[spread] p2a,p2b
|-damage|p2a: Ursaluna|22/100
|-damage|p2b: Electabuzz|0 fnt
|faint|p2b: Electabuzz
|
|-weather|none
|upkeep
|
|t:|1757253143
|switch|p2b: Annihilape|Annihilape, L50, F|100/100
|turn|6
|
|t:|1757253160
|-terastallize|p2b: Annihilape|Steel
|move|p1b: Florges|Protect|p1b: Florges
|-singleturn|p1b: Florges|Protect
|move|p2b: Annihilape|Rage Fist|p1b: Florges
|-activate|p1b: Florges|move: Protect
|move|p2a: Ursaluna|Blood Moon|p1b: Florges
|-activate|p1b: Florges|move: Protect
|
|upkeep
|turn|7
|
|t:|1757253172
|move|p2a: Ursaluna|Protect|p2a: Ursaluna
|-singleturn|p2a: Ursaluna|Protect
|move|p2b: Annihilape|Rage Fist|p1b: Florges
|-damage|p1b: Florges|78/100
|move|p1b: Florges|Moonblast|p2a: Ursaluna
|-activate|p2a: Ursaluna|move: Protect
|
|-heal|p1b: Florges|85/100|[from] item: Leftovers
|upkeep
|turn|8
|
|t:|1757253183
|move|p2b: Annihilape|Bulk Up|p2b: Annihilape
|-boost|p2b: Annihilape|atk|1
|-boost|p2b: Annihilape|def|1
|move|p2a: Ursaluna|Blood Moon|p1b: Florges
|-damage|p1b: Florges|0 fnt
|faint|p1b: Florges
|-damage|p2a: Ursaluna|12/100|[from] item: Life Orb
|
|win|YoungSinatra44
||psychic system is ready for game 2.
