|j|☆new mental
|j|☆BVSelf
|html|new mentalBVSelf    
|uhtml|bestof|Game 1 of a best-of-3
|t:|1783868851
|gametype|doubles
|player|p1|new mental|volkner|1326
|player|p2|BVSelf|juan|1419
|gen|9
|tier|[Gen 9 Champions] VGC 2026 Reg M-B (Bo3)
|rated|
|rule|Species Clause: Limit one of each Pokémon
|rule|Item Clause: Limit 1 of each item
|clearpoke
|poke|p1|Charizard, L50, M|
|poke|p1|Kingambit, L50, F|
|poke|p1|Sylveon, L50, M|
|poke|p1|Garchomp, L50, F|
|poke|p1|Aerodactyl, L50, F|
|poke|p1|Farigiraf, L50, F|
|poke|p2|Delphox, L50, M|
|poke|p2|Incineroar, L50, M|
|poke|p2|Maushold-Four, L50|
|poke|p2|Sinistcha, L50|
|poke|p2|Sneasler, L50, F|
|poke|p2|Blastoise, L50, M|
|teampreview|4
|showteam|p1|Charizard||CharizarditeY|SolarPower|Protect,HeatWave,SolarBeam,WeatherBall|Modest||M|||50|]Kingambit||FocusSash|Defiant|IronHead,SuckerPunch,KowtowCleave,LowKick|Adamant||F|||50|]Sylveon||FairyFeather|Pixilate|Detect,HyperVoice,HyperBeam,QuickAttack|Modest||M|||50|]Garchomp||LifeOrb|RoughSkin|Protect,DragonClaw,Earthquake,RockSlide|Jolly||F|||50|]Aerodactyl||Aerodactylite|Unnerve|IceFang,RockSlide,Tailwind,DualWingbeat|Jolly||F|||50|]Farigiraf||SitrusBerry|ArmorTail|TrickRoom,Psychic,Thunderbolt,Roar|Bold||F|||50|
|showteam|p2|Delphox||Delphoxite|Blaze|HeatWave,Psyshock,NastyPlot,Protect|Timid||M|||50|]Incineroar||SitrusBerry|Intimidate|FlareBlitz,FakeOut,ThroatChop,PartingShot|Impish||M|||50|]Maushold-Four||ChopleBerry|FriendGuard|Feint,HelpingHand,FollowMe,Protect|Impish|||||50|]Sinistcha||KasibBerry|Hospitality|Protect,MatchaGotcha,RagePowder,TrickRoom|Relaxed|||||50|]Sneasler||FocusSash|Unburden|CloseCombat,DireClaw,QuickGuard,FakeOut|Jolly||F|||50|]Blastoise||Blastoisinite|RainDish|Protect,ShellSmash,WaterSpout,DarkPulse|Modest||M|||50|
|
|t:|1783868885
|teamsize|p1|4
|teamsize|p2|4
|start
|switch|p1a: Aerodactyl|Aerodactyl, L50, F|100/100
|switch|p1b: Kingambit|Kingambit, L50, F|100/100
|switch|p2a: Sneasler|Sneasler, L50, F|100/100
|switch|p2b: Blastoise|Blastoise, L50, M|100/100
|-ability|p1a: Aerodactyl|Unnerve
|turn|1
|inactive|Battle timer is ON: inactive players will automatically lose when time's up. (requested by new mental)
|
|t:|1783868919
|detailschange|p1a: Aerodactyl|Aerodactyl-Mega, L50, F
|-mega|p1a: Aerodactyl|Aerodactyl|Aerodactylite
|detailschange|p2b: Blastoise|Blastoise-Mega, L50, M
|-mega|p2b: Blastoise|Blastoise|Blastoisinite
|move|p2a: Sneasler|Fake Out|p1b: Kingambit
|-resisted|p1b: Kingambit|1
|-damage|p1b: Kingambit|93/100
|cant|p1b: Kingambit|flinch
|move|p1a: Aerodactyl|Rock Slide|p2a: Sneasler|[spread] p2a,p2b
|-resisted|p2a: Sneasler|1
|-crit|p2b: Blastoise
|-damage|p2a: Sneasler|78/100
|-damage|p2b: Blastoise|60/100
|move|p2b: Blastoise|Shell Smash|p2b: Blastoise
|-unboost|p2b: Blastoise|def|1
|-unboost|p2b: Blastoise|spd|1
|-boost|p2b: Blastoise|atk|2
|-boost|p2b: Blastoise|spa|2
|-boost|p2b: Blastoise|spe|2
|
|upkeep
|turn|2
|
|t:|1783868943
|move|p2a: Sneasler|Quick Guard|p2a: Sneasler
|-singleturn|p2a: Sneasler|Quick Guard
|move|p2b: Blastoise|Water Spout|p1b: Kingambit|[spread] p1a,p1b
|-supereffective|p1a: Aerodactyl|1
|-damage|p1a: Aerodactyl|0 fnt
|-damage|p1b: Kingambit|2/100
|faint|p1a: Aerodactyl
|move|p1b: Kingambit|Kowtow Cleave|p2b: Blastoise
|-damage|p2b: Blastoise|0 fnt
|faint|p2b: Blastoise
|
|upkeep
|
|t:|1783868955
|switch|p1a: Farigiraf|Farigiraf, L50, F|100/100
|switch|p2b: Sinistcha|Sinistcha, L50|100/100
|-heal|p2a: Sneasler|100/100|[from] ability: Hospitality|[of] p2b: Sinistcha
|turn|3
|
|t:|1783868964
|move|p1b: Kingambit|Sucker Punch|p2a: Sneasler
|-resisted|p2a: Sneasler|1
|-damage|p2a: Sneasler|64/100
|move|p2a: Sneasler|Dire Claw|p1a: Farigiraf
|-damage|p1a: Farigiraf|65/100
|move|p2b: Sinistcha|Matcha Gotcha|p1a: Farigiraf|[spread] p1a,p1b
|-resisted|p1b: Kingambit|1
|-damage|p1a: Farigiraf|42/100
|-damage|p1b: Kingambit|0 fnt
|-status|p1a: Farigiraf|brn
|-enditem|p1a: Farigiraf|Sitrus Berry|[eat]
|-heal|p1a: Farigiraf|67/100 brn|[from] item: Sitrus Berry
|faint|p1b: Kingambit
|move|p1a: Farigiraf|Trick Room|p1a: Farigiraf
|-fieldstart|move: Trick Room|[of] p1a: Farigiraf
|
|-damage|p1a: Farigiraf|61/100 brn|[from] brn
|upkeep
|
|t:|1783868967
|switch|p1b: Sylveon|Sylveon, L50, M|100/100
|turn|4
|
|t:|1783868987
|switch|p2a: Incineroar|Incineroar, L50, M|100/100
|-ability|p2a: Incineroar|Intimidate|boost
|-unboost|p1a: Farigiraf|atk|1
|-unboost|p1b: Sylveon|atk|1
|move|p1a: Farigiraf|Psychic|p2a: Incineroar
|-immune|p2a: Incineroar
|move|p1b: Sylveon|Hyper Voice|p2b: Sinistcha|[spread] p2a,p2b
|-damage|p2a: Incineroar|52/100
|-damage|p2b: Sinistcha|51/100
|move|p2b: Sinistcha|Trick Room|p2b: Sinistcha
|-fieldend|move: Trick Room
|
|-damage|p1a: Farigiraf|55/100 brn|[from] brn
|upkeep
|turn|5
|
|t:|1783868998
|move|p2a: Incineroar|Throat Chop|p1a: Farigiraf
|-supereffective|p1a: Farigiraf|1
|-damage|p1a: Farigiraf|5/100 brn
|-start|p1a: Farigiraf|Throat Chop|[silent]
|move|p1b: Sylveon|Hyper Voice|p2b: Sinistcha|[spread] p2a,p2b
|-damage|p2a: Incineroar|7/100
|-damage|p2b: Sinistcha|2/100
|-enditem|p2a: Incineroar|Sitrus Berry|[eat]
|-heal|p2a: Incineroar|32/100|[from] item: Sitrus Berry
|move|p2b: Sinistcha|Matcha Gotcha|p1b: Sylveon|[spread] p1a,p1b
|-damage|p1a: Farigiraf|0 fnt
|-heal|p2b: Sinistcha|6/100|[from] drain|[of] p1a: Farigiraf
|-damage|p1b: Sylveon|81/100
|-heal|p2b: Sinistcha|15/100|[from] drain|[of] p1b: Sylveon
|-status|p1b: Sylveon|brn
|faint|p1a: Farigiraf
|
|-damage|p1b: Sylveon|75/100 brn|[from] brn
|upkeep
|turn|6
|
|t:|1783869014
|move|p2b: Sinistcha|Protect|p2b: Sinistcha
|-singleturn|p2b: Sinistcha|Protect
|move|p2a: Incineroar|Flare Blitz|p1b: Sylveon
|-damage|p1b: Sylveon|22/100 brn
|-damage|p2a: Incineroar|16/100|[from] Recoil
|move|p1b: Sylveon|Hyper Voice|p2b: Sinistcha|[spread] p2a
|-activate|p2b: Sinistcha|move: Protect
|-damage|p2a: Incineroar|0 fnt
|faint|p2a: Incineroar
|
|-damage|p1b: Sylveon|15/100 brn|[from] brn
|upkeep
|
|t:|1783869020
|switch|p2a: Sneasler|Sneasler, L50, F|64/100
|turn|7
|
|t:|1783869024
|move|p2a: Sneasler|Fake Out|p1b: Sylveon
|-damage|p1b: Sylveon|0 fnt
|faint|p1b: Sylveon
|
|win|BVSelf
||new mental is ready for game 2.
||BVSelf is ready for game 2.
|uhtml|next|Next: Game 2 of 3
