|j|☆miguelitocalidoso
|j|☆furretusedpunch
|html|miguelitocalidosofurretusedpunch    
|uhtml|bestof|Game 2 of a best-of-3
|t:|1757805390
|gametype|doubles
|player|p1|miguelitocalidoso|hilda|1276
|player|p2|furretusedpunch|lacey|1324
|gen|9
|tier|[Gen 9] VGC 2025 Reg H (Bo3)
|rated|
|rule|Species Clause: Limit one of each Pokémon
|rule|Item Clause: Limit 1 of each item
|clearpoke
|poke|p1|Baxcalibur, L50, F|
|poke|p1|Dondozo, L50, M|
|poke|p1|Kingambit, L50, M|
|poke|p1|Rillaboom, L50, M|
|poke|p1|Sneasler, L50, F|
|poke|p1|Volcarona, L50, M|
|poke|p2|Gholdengo, L50|
|poke|p2|Sneasler, L50, M|
|poke|p2|Rillaboom, L50, F|
|poke|p2|Dragonite, L50, M|
|poke|p2|Ninetales-Alola, L50, F|
|poke|p2|Incineroar, L50, F|
|teampreview|4
|showteam|p1|Baxcalibur||LoadedDice|ThermalExchange|Protect,IcicleSpear,ScaleShot,IceShard|||F|||50|,,,,,Ghost]Dondozo||Leftovers|Unaware|Protect,Liquidation,Yawn,Fissure|||M|||50|,,,,,Poison]Kingambit||SafetyGoggles|Defiant|Protect,KowtowCleave,SuckerPunch,SwordsDance|||M|||50|,,,,,Ghost]Rillaboom||AssaultVest|GrassySurge|WoodHammer,GrassyGlide,FakeOut,HighHorsepower|||M|||50|,,,,,Water]Sneasler||FocusSash|Unburden|Protect,CloseCombat,DireClaw,Coaching|||F|||50|,,,,,Stellar]Volcarona||CovertCloak|FlameBody|HeatWave,TeraBlast,QuiverDance,RagePowder|||M|||50|,,,,,Fairy
|showteam|p2|Gholdengo||LifeOrb|GoodasGold|NastyPlot,MakeItRain,ShadowBall,Protect||||||50|,,,,,Water]Sneasler||WhiteHerb|Unburden|CloseCombat,DireClaw,Coaching,Protect|||M|||50|,,,,,Ghost]Rillaboom||AssaultVest|GrassySurge|FakeOut,GrassyGlide,DrumBeating,HighHorsepower|||F|||50|,,,,,Fire]Dragonite||LoadedDice|Multiscale|ScaleShot,StompingTantrum,Tailwind,Protect|||M|||50|,,,,,Ground]Ninetales-Alola||FocusSash|SnowWarning|IcyWind,Encore,FreezeDry,Blizzard|||F|||50|,,,,,Ghost]Incineroar||SitrusBerry|Intimidate|FlareBlitz,KnockOff,FakeOut,PartingShot|||F|||50|,,,,,Ghost
|inactive|Battle timer is ON: inactive players will automatically lose when time's up. (requested by miguelitocalidoso)
|inactive|furretusedpunch has 60 seconds left.
|inactive|furretusedpunch has 30 seconds left.
|
|t:|1757805456
|teamsize|p1|4
|teamsize|p2|4
|start
|switch|p1a: Baxcalibur|Baxcalibur, L50, F|100/100
|switch|p1b: Rillaboom|Rillaboom, L50, M|100/100
|switch|p2a: Sneasler|Sneasler, L50, M|100/100
|switch|p2b: Dragonite|Dragonite, L50, M|100/100
|-fieldstart|move: Grassy Terrain|[from] ability: Grassy Surge|[of] p1b: Rillaboom
|turn|1
|inactive|miguelitocalidoso has 30 seconds left.
|inactive|furretusedpunch has 30 seconds left.
|inactive|miguelitocalidoso has 20 seconds left.
|inactive|miguelitocalidoso has 15 seconds left.
|
|t:|1757805498
|switch|p2b: Incineroar|Incineroar, L50, F|100/100
|-ability|p2b: Incineroar|Intimidate|boost
|-unboost|p1a: Baxcalibur|atk|1
|-unboost|p1b: Rillaboom|atk|1
|switch|p1b: Volcarona|Volcarona, L50, M|100/100
|move|p2a: Sneasler|Protect|p2a: Sneasler
|-singleturn|p2a: Sneasler|Protect
|move|p1a: Baxcalibur|Icicle Spear|p2b: Incineroar
|-resisted|p2b: Incineroar
|-damage|p2b: Incineroar|95/100
|-resisted|p2b: Incineroar
|-damage|p2b: Incineroar|90/100
|-resisted|p2b: Incineroar
|-damage|p2b: Incineroar|85/100
|-resisted|p2b: Incineroar
|-damage|p2b: Incineroar|81/100
|-resisted|p2b: Incineroar
|-damage|p2b: Incineroar|76/100
|-hitcount|p2b: Incineroar|5
|
|-heal|p2b: Incineroar|82/100|[from] Grassy Terrain
|upkeep
|turn|2
|inactive|miguelitocalidoso has 30 seconds left.
|inactive|furretusedpunch has 30 seconds left.
|inactive|miguelitocalidoso has 20 seconds left.
|inactive|furretusedpunch has 20 seconds left.
|inactive|furretusedpunch has 15 seconds left.
|inactive|furretusedpunch has 10 seconds left.
|
|t:|1757805547
|move|p2a: Sneasler|Coaching|p2b: Incineroar
|-boost|p2b: Incineroar|atk|1
|-boost|p2b: Incineroar|def|1
|move|p1b: Volcarona|Quiver Dance|p1b: Volcarona
|-boost|p1b: Volcarona|spa|1
|-boost|p1b: Volcarona|spd|1
|-boost|p1b: Volcarona|spe|1
|move|p1a: Baxcalibur|Scale Shot|p2a: Sneasler
|-damage|p2a: Sneasler|88/100
|-damage|p2a: Sneasler|75/100
|-damage|p2a: Sneasler|61/100
|-damage|p2a: Sneasler|47/100
|-damage|p2a: Sneasler|34/100
|-hitcount|p2a: Sneasler|5
|-unboost|p1a: Baxcalibur|def|1
|-boost|p1a: Baxcalibur|spe|1
|move|p2b: Incineroar|Knock Off|p1b: Volcarona
|-damage|p1b: Volcarona|32/100
|-enditem|p1b: Volcarona|Covert Cloak|[from] move: Knock Off|[of] p2b: Incineroar
|
|-heal|p1b: Volcarona|38/100|[from] Grassy Terrain
|-heal|p2a: Sneasler|40/100|[from] Grassy Terrain
|-heal|p2b: Incineroar|88/100|[from] Grassy Terrain
|upkeep
|turn|3
|inactive|miguelitocalidoso has 30 seconds left.
|inactive|furretusedpunch has 30 seconds left.
|
|t:|1757805576
|-terastallize|p1b: Volcarona|Fairy
|move|p1b: Volcarona|Tera Blast|p2b: Incineroar|[anim] Tera Blast Fairy
|-damage|p2b: Incineroar|41/100
|-enditem|p2b: Incineroar|Sitrus Berry|[eat]
|-heal|p2b: Incineroar|66/100|[from] item: Sitrus Berry
|move|p1a: Baxcalibur|Scale Shot|p2a: Sneasler
|-damage|p2a: Sneasler|27/100
|-damage|p2a: Sneasler|14/100
|-damage|p2a: Sneasler|2/100
|-damage|p2a: Sneasler|0 fnt
|faint|p2a: Sneasler
|-hitcount|p2: Sneasler|4
|-unboost|p1a: Baxcalibur|def|1
|-boost|p1a: Baxcalibur|spe|1
|move|p2b: Incineroar|Flare Blitz|p1b: Volcarona
|-damage|p1b: Volcarona|0 fnt
|faint|p1b: Volcarona
|-damage|p2b: Incineroar|54/100|[from] Recoil
|
|-heal|p2b: Incineroar|60/100|[from] Grassy Terrain
|upkeep
|
|t:|1757805594
|switch|p2a: Dragonite|Dragonite, L50, M|100/100
|switch|p1b: Sneasler|Sneasler, L50, F|100/100
|turn|4
|inactive|miguelitocalidoso has 30 seconds left.
|inactive|furretusedpunch has 30 seconds left.
|inactive|furretusedpunch has 20 seconds left.
|inactive|furretusedpunch has 15 seconds left.
|inactive|furretusedpunch has 10 seconds left.
|inactive|furretusedpunch has 5 seconds left.
|
|t:|1757805646
|switch|p2a: Ninetales|Ninetales-Alola, L50, F|100/100
|-weather|Snowscape|[from] ability: Snow Warning|[of] p2a: Ninetales
|-terastallize|p2b: Incineroar|Ghost
|move|p1a: Baxcalibur|Scale Shot|p2b: Incineroar|[miss]
|-miss|p1a: Baxcalibur|p2b: Incineroar
|move|p1b: Sneasler|Coaching|p1a: Baxcalibur
|-boost|p1a: Baxcalibur|atk|1
|-boost|p1a: Baxcalibur|def|1
|move|p2b: Incineroar|Knock Off|p1a: Baxcalibur
|-damage|p1a: Baxcalibur|34/100
|-enditem|p1a: Baxcalibur|Loaded Dice|[from] move: Knock Off|[of] p2b: Incineroar
|
|-weather|Snowscape|[upkeep]
|-heal|p1a: Baxcalibur|41/100|[from] Grassy Terrain
|-heal|p2b: Incineroar|66/100|[from] Grassy Terrain
|upkeep
|turn|5
|inactive|miguelitocalidoso has 30 seconds left.
|inactive|furretusedpunch has 30 seconds left.
|
|t:|1757805683
|move|p1a: Baxcalibur|Icicle Spear|p2a: Ninetales
|-resisted|p2a: Ninetales
|-damage|p2a: Ninetales|92/100
|-resisted|p2a: Ninetales
|-damage|p2a: Ninetales|84/100
|-hitcount|p2a: Ninetales|2
|move|p1b: Sneasler|Dire Claw|p2a: Ninetales
|-supereffective|p2a: Ninetales
|-damage|p2a: Ninetales|3/100
|move|p2a: Ninetales|Blizzard|p1a: Baxcalibur|[spread] p1a,p1b
|-damage|p1a: Baxcalibur|9/100
|-damage|p1b: Sneasler|56/100
|move|p2b: Incineroar|Flare Blitz|p1b: Sneasler
|-damage|p1b: Sneasler|0 fnt
|faint|p1b: Sneasler
|-damage|p2b: Incineroar|51/100|[from] Recoil
|
|-weather|Snowscape|[upkeep]
|-heal|p1a: Baxcalibur|15/100|[from] Grassy Terrain
|-heal|p2a: Ninetales|9/100|[from] Grassy Terrain
|-heal|p2b: Incineroar|57/100|[from] Grassy Terrain
|-fieldend|move: Grassy Terrain
|upkeep
|-message|miguelitocalidoso forfeited.
|
|win|furretusedpunch
|raw|miguelitocalidoso's rating: 1276 → 1254(-22 for losing)
|raw|furretusedpunch's rating: 1324 → 1341(+17 for winning)
