|j|☆nocturnallynoct
|j|☆pecora rosa
|html|nocturnallynoctpecora rosa    
|uhtml|bestof|Game 1 of a best-of-3
|t:|1756496966
|gametype|doubles
|player|p1|nocturnallynoct|266|1041
|player|p2|pecora rosa|2|1000
|gen|9
|tier|[Gen 9] VGC 2025 Reg H (Bo3)
|rated|
|rule|Species Clause: Limit one of each Pokémon
|rule|Item Clause: Limit 1 of each item
|clearpoke
|poke|p1|Sneasler, L50, M|
|poke|p1|Indeedee, L50, M|
|poke|p1|Tyranitar, L50, F|
|poke|p1|Ursaluna-Bloodmoon, L50, M|
|poke|p1|Electabuzz, L50, M|
|poke|p1|Talonflame, L50, F|
|poke|p2|Dragonite, L50, M|
|poke|p2|Gholdengo, L50|
|poke|p2|Rillaboom, L50, F|
|poke|p2|Incineroar, L50, F|
|poke|p2|Annihilape, L50, F|
|poke|p2|Electabuzz, L50, F|
|teampreview|4
|showteam|p1|Sneasler||PsychicSeed|Unburden|DireClaw,CloseCombat,ThroatChop,Protect|||M|||50|,,,,,Dark]Indeedee||FocusSash|PsychicSurge|ExpandingForce,TeraBlast,Protect,TrickRoom|||M|||50|,,,,,Fighting]Tyranitar||AssaultVest|SandStream|RockSlide,KnockOff,LowKick,TeraBlast|||F|||50|,,,,,Flying]Ursaluna-Bloodmoon||LifeOrb|MindsEye|BloodMoon,HyperVoice,EarthPower,Protect|||M|||50|,,,,,Normal]Electabuzz||Eviolite|VitalSpirit|Electroweb,FollowMe,Taunt,Protect|||M|||50|,,,,,Dragon]Talonflame||CovertCloak|GaleWings|DualWingbeat,FlareBlitz,Tailwind,WillOWisp|||F|||50|,,,,,Fairy
|showteam|p2|Dragonite||LoadedDice|Multiscale|ScaleShot,ExtremeSpeed,Haze,Protect|||M|||50|,,,,,Fairy]Gholdengo||SitrusBerry|GoodasGold|NastyPlot,MakeItRain,ShadowBall,Protect||||||50|,,,,,Water]Rillaboom||AssaultVest|GrassySurge|FakeOut,HighHorsepower,GrassyGlide,WoodHammer|||F|||50|,,,,,Fire]Incineroar||MirrorHerb|Intimidate|FakeOut,PartingShot,FlareBlitz,KnockOff|||F|||50|,,,,,Ghost]Annihilape||FocusSash|Defiant|RageFist,CloseCombat,Taunt,Coaching|||F|||50|,,,,,Stellar]Electabuzz||Eviolite|VitalSpirit|FollowMe,Electroweb,Thunderbolt,Protect|||F|||50|,,,,,Dragon
|inactive|Battle timer is ON: inactive players will automatically lose when time's up. (requested by nocturnallynoct)
|inactive|nocturnallynoct has 60 seconds left.
|inactive|pecora rosa has 60 seconds left.
|
|t:|1756497021
|teamsize|p1|4
|teamsize|p2|4
|start
|switch|p1a: Talonflame|Talonflame, L50, F|100/100
|switch|p1b: Ursaluna|Ursaluna-Bloodmoon, L50, M|100/100
|switch|p2a: Rillaboom|Rillaboom, L50, F|100/100
|switch|p2b: Incineroar|Incineroar, L50, F|100/100
|-fieldstart|move: Grassy Terrain|[from] ability: Grassy Surge|[of] p2a: Rillaboom
|-ability|p2b: Incineroar|Intimidate|boost
|-unboost|p1a: Talonflame|atk|1
|-unboost|p1b: Ursaluna|atk|1
|turn|1
|inactive|nocturnallynoct has 30 seconds left.
|inactive|pecora rosa has 30 seconds left.
|inactive|nocturnallynoct has 20 seconds left.
|inactive|pecora rosa has 20 seconds left.
|
|t:|1756497060
|switch|p1b: Indeedee|Indeedee, L50, M|100/100
|-fieldstart|move: Psychic Terrain|[from] ability: Psychic Surge|[of] p1b: Indeedee
|move|p1a: Talonflame|Tailwind|p1a: Talonflame
|-sidestart|p1: nocturnallynoct|move: Tailwind
|move|p2a: Rillaboom|Wood Hammer|p1b: Indeedee
|-enditem|p1b: Indeedee|Focus Sash
|-damage|p1b: Indeedee|1/100
|-damage|p2a: Rillaboom|79/100|[from] Recoil
|move|p2b: Incineroar|Knock Off|p1a: Talonflame
|-damage|p1a: Talonflame|51/100
|-enditem|p1a: Talonflame|Covert Cloak|[from] move: Knock Off|[of] p2b: Incineroar
|
|upkeep
|turn|2
|inactive|nocturnallynoct has 30 seconds left.
|inactive|pecora rosa has 30 seconds left.
|
|t:|1756497091
|switch|p1b: Sneasler|Sneasler, L50, M|100/100
|-enditem|p1b: Sneasler|Psychic Seed
|-boost|p1b: Sneasler|spd|1|[from] item: Psychic Seed
|-enditem|p2b: Incineroar|Mirror Herb
|-boost|p2b: Incineroar|spd|1|[from] item: Mirror Herb
|switch|p2a: Gholdengo|Gholdengo, L50|100/100
|move|p1a: Talonflame|Will-O-Wisp|p2a: Gholdengo
|-immune|p2a: Gholdengo|[from] ability: Good as Gold
|move|p2b: Incineroar|Parting Shot|p1a: Talonflame
|-unboost|p1a: Talonflame|atk|1
|-unboost|p1a: Talonflame|spa|1
|
|t:|1756497113
|switch|p2b: Rillaboom|Rillaboom, L50, F|79/100|[from] Parting Shot
|-fieldstart|move: Grassy Terrain|[from] ability: Grassy Surge|[of] p2b: Rillaboom
|
|-heal|p2b: Rillaboom|85/100|[from] Grassy Terrain
|upkeep
|turn|3
|inactive|pecora rosa has 30 seconds left.
|inactive|nocturnallynoct has 30 seconds left.
|
|t:|1756497151
|switch|p2b: Incineroar|Incineroar, L50, F|100/100
|-ability|p2b: Incineroar|Intimidate|boost
|-unboost|p1a: Talonflame|atk|1
|-unboost|p1b: Sneasler|atk|1
|move|p1b: Sneasler|Dire Claw|p2b: Incineroar
|-damage|p2b: Incineroar|77/100
|-status|p2b: Incineroar|slp
|move|p1a: Talonflame|Flare Blitz|p2a: Gholdengo
|-supereffective|p2a: Gholdengo
|-damage|p2a: Gholdengo|58/100
|-damage|p1a: Talonflame|37/100|[from] Recoil
|move|p2a: Gholdengo|Shadow Ball|p1a: Talonflame
|-damage|p1a: Talonflame|0 fnt
|faint|p1a: Talonflame
|
|-heal|p2a: Gholdengo|65/100|[from] Grassy Terrain
|-heal|p2b: Incineroar|83/100 slp|[from] Grassy Terrain
|upkeep
|
|t:|1756497170
|switch|p1a: Ursaluna|Ursaluna-Bloodmoon, L50, M|100/100
|turn|4
|
|t:|1756497192
|switch|p2b: Dragonite|Dragonite, L50, M|100/100
|-terastallize|p1a: Ursaluna|Normal
|move|p2a: Gholdengo|Protect|p2a: Gholdengo
|-singleturn|p2a: Gholdengo|Protect
|move|p1b: Sneasler|Throat Chop|p2a: Gholdengo
|-activate|p2a: Gholdengo|move: Protect
|move|p1a: Ursaluna|Blood Moon|p2b: Dragonite
|-damage|p2b: Dragonite|21/100
|-damage|p1a: Ursaluna|90/100|[from] item: Life Orb
|
|-heal|p1a: Ursaluna|96/100|[from] Grassy Terrain
|-heal|p2a: Gholdengo|71/100|[from] Grassy Terrain
|-sideend|p1: nocturnallynoct|move: Tailwind
|upkeep
|turn|5
|inactive|nocturnallynoct has 30 seconds left.
|inactive|pecora rosa has 30 seconds left.
|inactive|nocturnallynoct has 20 seconds left.
|inactive|pecora rosa has 20 seconds left.
|inactive|pecora rosa has 15 seconds left.
|inactive|pecora rosa has 10 seconds left.
|inactive|nocturnallynoct has 15 seconds left.
|
|t:|1756497247
|switch|p2b: Incineroar|Incineroar, L50, F|83/100 slp
|-ability|p2b: Incineroar|Intimidate|boost
|-unboost|p1a: Ursaluna|atk|1
|-unboost|p1b: Sneasler|atk|1
|move|p1b: Sneasler|Dire Claw|p2b: Incineroar
|-damage|p2b: Incineroar|66/100 slp
|move|p2a: Gholdengo|Make It Rain|p1b: Sneasler|[spread] p1a,p1b
|-damage|p1a: Ursaluna|42/100
|-damage|p1b: Sneasler|62/100
|-unboost|p2a: Gholdengo|spa|1
|move|p1a: Ursaluna|Earth Power|p2a: Gholdengo
|-supereffective|p2a: Gholdengo
|-damage|p2a: Gholdengo|0 fnt
|faint|p2a: Gholdengo
|-damage|p1a: Ursaluna|32/100|[from] item: Life Orb
|
|-heal|p1b: Sneasler|68/100|[from] Grassy Terrain
|-heal|p1a: Ursaluna|38/100|[from] Grassy Terrain
|-heal|p2b: Incineroar|72/100 slp|[from] Grassy Terrain
|upkeep
|
|t:|1756497261
|switch|p2a: Rillaboom|Rillaboom, L50, F|85/100
|turn|6
|inactive|nocturnallynoct has 30 seconds left.
|inactive|nocturnallynoct has 20 seconds left.
|
|t:|1756497298
|-terastallize|p2a: Rillaboom|Fire
|move|p1a: Ursaluna|Protect|p1a: Ursaluna
|-singleturn|p1a: Ursaluna|Protect
|move|p1b: Sneasler|Dire Claw|p2a: Rillaboom
|-damage|p2a: Rillaboom|61/100
|-status|p2a: Rillaboom|par
|cant|p2b: Incineroar|slp
|move|p2a: Rillaboom|Wood Hammer|p1a: Ursaluna
|-activate|p1a: Ursaluna|move: Protect
|
|-heal|p1b: Sneasler|74/100|[from] Grassy Terrain
|-heal|p1a: Ursaluna|44/100|[from] Grassy Terrain
|-heal|p2b: Incineroar|78/100 slp|[from] Grassy Terrain
|-heal|p2a: Rillaboom|67/100 par|[from] Grassy Terrain
|-fieldend|move: Grassy Terrain
|upkeep
|turn|7
|inactive|nocturnallynoct has 30 seconds left.
|inactive|pecora rosa has 30 seconds left.
|
|t:|1756497326
|switch|p1b: Indeedee|Indeedee, L50, M|1/100
|-fieldstart|move: Psychic Terrain|[from] ability: Psychic Surge|[of] p1b: Indeedee
|switch|p2a: Dragonite|Dragonite, L50, M|21/100
|move|p1a: Ursaluna|Blood Moon|p2a: Dragonite
|-damage|p2a: Dragonite|0 fnt
|faint|p2a: Dragonite
|-damage|p1a: Ursaluna|34/100|[from] item: Life Orb
|-curestatus|p2b: Incineroar|slp|[msg]
|move|p2b: Incineroar|Flare Blitz|p1a: Ursaluna
|-crit|p1a: Ursaluna
|-damage|p1a: Ursaluna|0 fnt
|faint|p1a: Ursaluna
|-damage|p2b: Incineroar|67/100|[from] Recoil
|
|upkeep
|
|t:|1756497343
|switch|p2a: Rillaboom|Rillaboom, L50, F, tera:Fire|67/100 par
|switch|p1a: Sneasler|Sneasler, L50, M|74/100
|-fieldstart|move: Grassy Terrain|[from] ability: Grassy Surge|[of] p2a: Rillaboom
|turn|8
|inactive|nocturnallynoct has 30 seconds left.
|inactive|pecora rosa has 30 seconds left.
|
|t:|1756497372
|move|p1a: Sneasler|Close Combat|p2b: Incineroar
|-supereffective|p2b: Incineroar
|-damage|p2b: Incineroar|0 fnt
|-unboost|p1a: Sneasler|def|1
|-unboost|p1a: Sneasler|spd|1
|faint|p2b: Incineroar
|move|p1b: Indeedee|Expanding Force|p2a: Rillaboom
|-damage|p2a: Rillaboom|43/100 par
|move|p2a: Rillaboom|High Horsepower|p1a: Sneasler
|-supereffective|p1a: Sneasler
|-damage|p1a: Sneasler|0 fnt
|faint|p1a: Sneasler
|
|-heal|p1b: Indeedee|7/100|[from] Grassy Terrain
|-heal|p2a: Rillaboom|49/100 par|[from] Grassy Terrain
|upkeep
|turn|9
|
|t:|1756497387
|move|p2a: Rillaboom|Grassy Glide|p1b: Indeedee
|-damage|p1b: Indeedee|0 fnt
|faint|p1b: Indeedee
|
|win|pecora rosa
||nocturnallynoct is ready for game 2.
||pecora rosa is ready for game 2.
|uhtml|next|Next: Game 2 of 3
|n|☆pecora rosa|pecorarosa
|l|☆nocturnallynoct
|player|p1|
|j|☆nocturnallynoct
|player|p1|nocturnallynoct|266|
