|j|☆new mental
|j|☆jasonbeak
|html|new mentaljasonbeak    
|uhtml|bestof|Game 2 of a best-of-3
|t:|1785058514
|gametype|doubles
|player|p1|new mental|volkner|1300
|player|p2|jasonbeak|2|1369
|gen|9
|tier|[Gen 9 Champions] VGC 2026 Reg M-B (Bo3)
|rated|
|rule|Species Clause: Limit one of each Pokémon
|rule|Item Clause: Limit 1 of each item
|clearpoke
|poke|p1|Charizard, L50, F|
|poke|p1|Garchomp, L50, F|
|poke|p1|Incineroar, L50, M|
|poke|p1|Venusaur, L50, F|
|poke|p1|Toxapex, L50, M|
|poke|p1|Sylveon, L50, M|
|poke|p2|Kingambit, L50, F|
|poke|p2|Sneasler, L50, F|
|poke|p2|Basculegion, L50, M|
|poke|p2|Scovillain, L50, F|
|poke|p2|Lycanroc-Dusk, L50, F|
|poke|p2|Froslass, L50, F|
|teampreview|4
|showteam|p1|Charizard||CharizarditeY|SolarPower|WeatherBall,HeatWave,AncientPower,Protect|Modest||F|||50|]Garchomp||ChoiceScarf|RoughSkin|RockSlide,DragonClaw,Earthquake,StompingTantrum|Adamant||F|||50|]Incineroar||SitrusBerry|Intimidate|FlareBlitz,FakeOut,DarkestLariat,PartingShot|Impish||M|||50|]Venusaur||LifeOrb|Chlorophyll|SludgeBomb,LeafStorm,EarthPower,Protect|Modest||F|||50|]Toxapex||Leftovers|Regenerator|Infestation,Toxic,WideGuard,BanefulBunker|Bold||M|||50|]Sylveon||FairyFeather|Pixilate|HyperVoice,QuickAttack,Yawn,Detect|Modest||M|||50|
|showteam|p2|Kingambit||BlackGlasses|Defiant|Protect,KowtowCleave,SuckerPunch,SwordsDance|Adamant||F|||50|]Sneasler||WhiteHerb|Unburden|Protect,CloseCombat,FakeOut,GunkShot|Adamant||F|||50|]Basculegion||LifeOrb|Adaptability|Protect,WaveCrash,LastRespects,AquaJet|Jolly||M|||50|]Scovillain||Scovillainite|Moody|Protect,Overheat,GigaDrain,RagePowder|Bold||F|||50|]Lycanroc-Dusk||FocusSash|ToughClaws|Protect,RockSlide,Accelerock,CloseCombat|Adamant||F|||50|]Froslass||Froslassite|CursedBody|Protect,Blizzard,ShadowBall,Taunt|Timid||F|||50|
|inactive|Battle timer is ON: inactive players will automatically lose when time's up. (requested by new mental)
|
|t:|1785058584
|teamsize|p1|4
|teamsize|p2|4
|start
|switch|p1a: Toxapex|Toxapex, L50, M|100/100
|switch|p1b: Garchomp|Garchomp, L50, F|100/100
|switch|p2a: Kingambit|Kingambit, L50, F|100/100
|switch|p2b: Lycanroc|Lycanroc-Dusk, L50, F|100/100
|turn|1
|inactive|jasonbeak has 30 seconds left.
|inactive|jasonbeak has 20 seconds left.
|
|t:|1785058622
|move|p1a: Toxapex|Baneful Bunker|p1a: Toxapex
|-singleturn|p1a: Toxapex|move: Protect
|move|p1b: Garchomp|Earthquake|p2b: Lycanroc|[spread] p2a,p2b
|-activate|p1a: Toxapex|move: Protect
|-supereffective|p2a: Kingambit|1
|-supereffective|p2b: Lycanroc|1
|-damage|p2a: Kingambit|38/100
|-enditem|p2b: Lycanroc|Focus Sash
|-damage|p2b: Lycanroc|1/100
|move|p2b: Lycanroc|Close Combat|p1b: Garchomp
|-damage|p1b: Garchomp|48/100
|-unboost|p2b: Lycanroc|def|1
|-unboost|p2b: Lycanroc|spd|1
|-damage|p2b: Lycanroc|0 fnt|[from] ability: Rough Skin|[of] p1b: Garchomp
|faint|p2b: Lycanroc
|move|p2a: Kingambit|Swords Dance|p2a: Kingambit
|-boost|p2a: Kingambit|atk|2
|
|upkeep
|
|t:|1785058641
|switch|p2b: Froslass|Froslass, L50, F|100/100
|turn|2
|
|t:|1785058652
|detailschange|p2b: Froslass|Froslass-Mega, L50, F
|-mega|p2b: Froslass|Froslass|Froslassite
|-weather|Snowscape|[from] ability: Snow Warning|[of] p2b: Froslass
|move|p1a: Toxapex|Wide Guard|p1a: Toxapex
|-singleturn|p1a: Toxapex|Wide Guard
|move|p2a: Kingambit|Sucker Punch|p1b: Garchomp
|-damage|p1b: Garchomp|0 fnt
|-damage|p2a: Kingambit|26/100|[from] ability: Rough Skin|[of] p1b: Garchomp
|faint|p1b: Garchomp
|move|p2b: Froslass|Taunt|p1a: Toxapex
|-start|p1a: Toxapex|move: Taunt
|
|-weather|Snowscape|[upkeep]
|upkeep
|
|t:|1785058660
|switch|p1b: Charizard|Charizard, L50, F|100/100
|turn|3
|
|t:|1785058678
|detailschange|p1b: Charizard|Charizard-Mega-Y, L50, F
|-mega|p1b: Charizard|Charizard|Charizardite Y
|-weather|SunnyDay|[from] ability: Drought|[of] p1b: Charizard
|move|p1b: Charizard|Protect|p1b: Charizard
|-singleturn|p1b: Charizard|Protect
|move|p2a: Kingambit|Sucker Punch||[still]
|-fail|p2a: Kingambit
|move|p2b: Froslass|Shadow Ball|p1b: Charizard
|-activate|p1b: Charizard|move: Protect
|move|p1a: Toxapex|Infestation|p2a: Kingambit
|-crit|p2a: Kingambit
|-damage|p2a: Kingambit|20/100y
|-activate|p2a: Kingambit|move: Infestation|[of] p1a: Toxapex
|
|-weather|SunnyDay|[upkeep]
|-damage|p2a: Kingambit|8/100|[from] move: Infestation|[partiallytrapped]
|upkeep
|turn|4
|
|t:|1785058697
|switch|p2b: Basculegion|Basculegion, L50, M|100/100
|switch|p1a: Incineroar|Incineroar, L50, M|100/100
|-ability|p1a: Incineroar|Intimidate|boost
|-unboost|p2a: Kingambit|atk|1
|-ability|p2a: Kingambit|Defiant|boost
|-boost|p2a: Kingambit|atk|2
|-unboost|p2b: Basculegion|atk|1
|move|p1b: Charizard|Protect|p1b: Charizard
|-singleturn|p1b: Charizard|Protect
|move|p2a: Kingambit|Kowtow Cleave|p1a: Incineroar
|-resisted|p1a: Incineroar|1
|-damage|p1a: Incineroar|46/100
|-enditem|p1a: Incineroar|Sitrus Berry|[eat]
|-heal|p1a: Incineroar|71/100|[from] item: Sitrus Berry
|
|-weather|SunnyDay|[upkeep]
|-end|p2a: Kingambit|Infestation|[partiallytrapped]|[silent]
|upkeep
|turn|5
|inactive|jasonbeak has 30 seconds left.
|inactive|jasonbeak has 20 seconds left.
|inactive|jasonbeak has 15 seconds left.
|
|t:|1785058740
|move|p2b: Basculegion|Protect|p2b: Basculegion
|-singleturn|p2b: Basculegion|Protect
|move|p2a: Kingambit|Protect|p2a: Kingambit
|-singleturn|p2a: Kingambit|Protect
|move|p1a: Incineroar|Fake Out|p2a: Kingambit
|-activate|p2a: Kingambit|move: Protect
|move|p1b: Charizard|Heat Wave|p2b: Basculegion|[spread] 
|-activate|p2a: Kingambit|move: Protect
|-activate|p2b: Basculegion|move: Protect
|
|-weather|SunnyDay|[upkeep]
|upkeep
|turn|6
|inactive|jasonbeak has 30 seconds left.
|inactive|jasonbeak has 20 seconds left.
|inactive|jasonbeak has 15 seconds left.
|
|t:|1785058783
|switch|p1b: Toxapex|Toxapex, L50, M|100/100
|switch|p2a: Froslass|Froslass-Mega, L50, F|100/100
|-weather|Snowscape|[from] ability: Snow Warning|[of] p2a: Froslass
|move|p2b: Basculegion|Wave Crash|p1a: Incineroar
|-supereffective|p1a: Incineroar|1
|-damage|p1a: Incineroar|0 fnt
|faint|p1a: Incineroar
|-damage|p2b: Basculegion|75/100|[from] Recoil
|-damage|p2b: Basculegion|65/100|[from] item: Life Orb
|
|-weather|Snowscape|[upkeep]
|upkeep
|
|t:|1785058788
|switch|p1a: Charizard|Charizard-Mega-Y, L50, F|100/100
|-weather|SunnyDay|[from] ability: Drought|[of] p1a: Charizard
|turn|7
|
|t:|1785058803
|switch|p2a: Kingambit|Kingambit, L50, F|8/100
|move|p2b: Basculegion|Protect|p2b: Basculegion
|-singleturn|p2b: Basculegion|Protect
|move|p1a: Charizard|Heat Wave|p2a: Kingambit|[spread] p2a
|-activate|p2b: Basculegion|move: Protect
|-supereffective|p2a: Kingambit|1
|-damage|p2a: Kingambit|0 fnt
|faint|p2a: Kingambit
|move|p1b: Toxapex|Infestation|p2b: Basculegion
|-activate|p2b: Basculegion|move: Protect
|
|-weather|SunnyDay|[upkeep]
|upkeep
|
|t:|1785058815
|switch|p2a: Froslass|Froslass-Mega, L50, F|100/100
|-weather|Snowscape|[from] ability: Snow Warning|[of] p2a: Froslass
|turn|8
|
|t:|1785058825
|move|p2a: Froslass|Taunt|p1b: Toxapex
|-start|p1b: Toxapex|move: Taunt
|move|p2b: Basculegion|Wave Crash|p1a: Charizard
|-supereffective|p1a: Charizard|1
|-damage|p1a: Charizard|0 fnt
|faint|p1a: Charizard
|-damage|p2b: Basculegion|35/100|[from] Recoil
|-damage|p2b: Basculegion|25/100|[from] item: Life Orb
|cant|p1b: Toxapex|move: Taunt|Toxic
|
|-weather|Snowscape|[upkeep]
|upkeep
|turn|9
|
|t:|1785058843
|move|p2a: Froslass|Shadow Ball|p1b: Toxapex
|-damage|p1b: Toxapex|69/100
|move|p2b: Basculegion|Last Respects|p1b: Toxapex
|-damage|p1b: Toxapex|17/100
|-damage|p2b: Basculegion|15/100|[from] item: Life Orb
|move|p1b: Toxapex|Infestation|p2a: Froslass
|-resisted|p2a: Froslass|1
|-damage|p2a: Froslass|98/100
|-activate|p2a: Froslass|move: Infestation|[of] p1b: Toxapex
|
|-weather|Snowscape|[upkeep]
|-heal|p1b: Toxapex|23/100|[from] item: Leftovers
|-damage|p2a: Froslass|86/100|[from] move: Infestation|[partiallytrapped]
|upkeep
|turn|10
|
|t:|1785058861
|move|p2a: Froslass|Shadow Ball|p1b: Toxapex
|-damage|p1b: Toxapex|0 fnt
|faint|p1b: Toxapex
|
|win|jasonbeak
|raw|new mental's rating: 1300 → 1280(-20 for losing)
|raw|jasonbeak's rating: 1369 → 1385(+16 for winning)
