|j|鈽哹ushidobayleef
|j|鈽哤him5
|html|bushidobayleefWhim5    
|uhtml|bestof|Game 2 of a best-of-3
|t:|1782671269
|gametype|doubles
|player|p1|bushidobayleef|acetrainercouple|
|player|p2|Whim5|backers|
|gen|9
|tier|[Gen 9 Champions] VGC 2026 Reg M-B (Bo3)
|rule|Species Clause: Limit one of each Pok茅mon
|rule|Item Clause: Limit 1 of each item
|clearpoke
|poke|p1|Chesnaught, L50, M|
|poke|p1|Gengar, L50, M, shiny|
|poke|p1|Noivern, L50, F, shiny|
|poke|p1|Empoleon, L50, M, shiny|
|poke|p1|Mamoswine, L50, F, shiny|
|poke|p1|Tyranitar, L50, F|
|poke|p2|Lucario, L50, F|
|poke|p2|Primarina, L50, M|
|poke|p2|Sinistcha, L50, shiny|
|poke|p2|Hydreigon, L50, F|
|poke|p2|Goodra-Hisui, L50, F|
|poke|p2|Aurorus, L50, M, shiny|
|teampreview|4
|showteam|p1|Chesnaught||Chesnaughtite|Bulletproof|WoodHammer,DrainPunch,Crunch,BulkUp|Sassy||M|||50|]Gengar||LifeOrb|CursedBody|ShadowBall,SludgeBomb,TrickRoom,Protect|Modest||M|||50|]Noivern||WhiteHerb|Frisk|DracoMeteor,AirSlash,Tailwind,Uturn|Timid||F|||50|]Empoleon||MysticWater|Torrent|HydroPump,IceBeam,HydroCannon,Protect|Modest||M|||50|]Mamoswine||ExpertBelt|ThickFat|HighHorsepower,IceShard,RockSlide,Protect|Adamant||F|||50|]Tyranitar||Tyranitarite|SandStream|RockSlide,Crunch,Superpower,Protect|Adamant||F|||50|
|showteam|p2|Lucario||Lucarionite|InnerFocus|CloseCombat,MeteorMash,Protect,Feint|Jolly||F|||50|]Primarina||LifeOrb|LiquidVoice|HyperVoice,Moonblast,Protect,CalmMind|Modest||M|||50|]Sinistcha||SitrusBerry|Hospitality|MatchaGotcha,RagePowder,StrengthSap,TrickRoom|Calm|||||50|]Hydreigon||ChoiceScarf|Levitate|DracoMeteor,HeatWave,DarkPulse,Uturn|Modest||F|||50|]Goodra-Hisui||Leftovers|SapSipper|GyroBall,IceSpinner,BodyPress,Curse|Relaxed||F|||50|]Aurorus||LightClay|SnowWarning|AuroraVeil,Blizzard,IcyWind,Protect|Calm||M|||50|
|j| upfrontsalt
|j| walshy608
|
|t:|1782671597
|teamsize|p1|4
|teamsize|p2|4
|start
|switch|p1a: MARLON!!!|Chesnaught, L50, M|100/100
|switch|p1b: LET'S DANCE|Gengar, L50, M, shiny|100/100
|switch|p2a: Punch Merchant|Lucario, L50, F|100/100
|switch|p2b: Azi Dahaka|Hydreigon, L50, F|100/100
|turn|1
|
|t:|1782671810
|detailschange|p2a: Punch Merchant|Lucario-Mega, L50, F
|-mega|p2a: Punch Merchant|Lucario|Lucarionite
|detailschange|p1a: MARLON!!!|Chesnaught-Mega, L50, M
|-mega|p1a: MARLON!!!|Chesnaught|Chesnaughtite
|move|p1b: LET'S DANCE|Protect|p1b: LET'S DANCE
|-singleturn|p1b: LET'S DANCE|Protect
|move|p2b: Azi Dahaka|Heat Wave|p1a: MARLON!!!|[spread] p1a
|-activate|p1b: LET'S DANCE|move: Protect
|-supereffective|p1a: MARLON!!!|1
|-damage|p1a: MARLON!!!|69/100
|move|p2a: Punch Merchant|Meteor Mash|p1b: LET'S DANCE
|-activate|p1b: LET'S DANCE|move: Protect
|move|p1a: MARLON!!!|Drain Punch|p2b: Azi Dahaka
|-supereffective|p2b: Azi Dahaka|1
|-damage|p2b: Azi Dahaka|27/100
|-heal|p1a: MARLON!!!|100/100|[from] drain|[of] p2b: Azi Dahaka
|
|upkeep
|turn|2
|
|t:|1782671981
|move|p2b: Azi Dahaka|Heat Wave|p1b: LET'S DANCE|[spread] p1a,p1b
|-supereffective|p1a: MARLON!!!|1
|-damage|p1a: MARLON!!!|67/100
|-damage|p1b: LET'S DANCE|63/100
|move|p2a: Punch Merchant|Meteor Mash|p1b: LET'S DANCE
|-damage|p1b: LET'S DANCE|0 fnt
|faint|p1b: LET'S DANCE
|move|p1a: MARLON!!!|Bulk Up|p1a: MARLON!!!
|-boost|p1a: MARLON!!!|atk|1
|-boost|p1a: MARLON!!!|def|1
|
|upkeep
|
|t:|1782671996
|switch|p1b: RAHHHHHH|Mamoswine, L50, F, shiny|100/100
|turn|3
|
|t:|1782672189
|switch|p2b: Embed Snailure|Goodra-Hisui, L50, F|100/100
|move|p2a: Punch Merchant|Protect|p2a: Punch Merchant
|-singleturn|p2a: Punch Merchant|Protect
|move|p1b: RAHHHHHH|Ice Shard|p2b: Embed Snailure
|-damage|p2b: Embed Snailure|82/100
|move|p1a: MARLON!!!|Drain Punch|p2a: Punch Merchant
|-activate|p2a: Punch Merchant|move: Protect
|
|-heal|p2b: Embed Snailure|88/100|[from] item: Leftovers
|upkeep
|turn|4
|
|t:|1782672497
|switch|p2a: Green馃嵆|Sinistcha, L50, shiny|100/100
|-heal|p2b: Embed Snailure|100/100|[from] ability: Hospitality|[of] p2a: Green馃嵆
|switch|p1b: Kris Deltarune|Noivern, L50, F, shiny|100/100
|-item|p2a: Green馃嵆|Sitrus Berry|[from] ability: Frisk|[of] p1b: Kris Deltarune
|-item|p2b: Embed Snailure|Leftovers|[from] ability: Frisk|[of] p1b: Kris Deltarune
|move|p2b: Embed Snailure|Curse|p2b: Embed Snailure
|-unboost|p2b: Embed Snailure|spe|1
|-boost|p2b: Embed Snailure|atk|1
|-boost|p2b: Embed Snailure|def|1
|move|p1a: MARLON!!!|Drain Punch|p2a: Green馃嵆
|-immune|p2a: Green馃嵆
|
|upkeep
|turn|5
|
|t:|1782672635
|move|p1b: Kris Deltarune|Tailwind|p1b: Kris Deltarune
|-sidestart|p1: bushidobayleef|move: Tailwind
|move|p1a: MARLON!!!|Drain Punch|p2b: Embed Snailure
|-supereffective|p2b: Embed Snailure|1
|-damage|p2b: Embed Snailure|45/100
|-heal|p1a: MARLON!!!|93/100|[from] drain|[of] p2b: Embed Snailure
|move|p2a: Green馃嵆|Strength Sap|p1a: MARLON!!!
|-unboost|p1a: MARLON!!!|atk|1
|move|p2b: Embed Snailure|Curse|p2b: Embed Snailure
|-unboost|p2b: Embed Snailure|spe|1
|-boost|p2b: Embed Snailure|atk|1
|-boost|p2b: Embed Snailure|def|1
|
|-heal|p2b: Embed Snailure|51/100|[from] item: Leftovers
|upkeep
|turn|6
|
|t:|1782672709
|move|p2a: Green馃嵆|Rage Powder|p2a: Green馃嵆
|-singleturn|p2a: Green馃嵆|move: Rage Powder
|move|p1b: Kris Deltarune|Draco Meteor|p2a: Green馃嵆
|-damage|p2a: Green馃嵆|49/100
|-unboost|p1b: Kris Deltarune|spa|2
|-enditem|p2a: Green馃嵆|Sitrus Berry|[eat]
|-heal|p2a: Green馃嵆|74/100|[from] item: Sitrus Berry
|-enditem|p1b: Kris Deltarune|White Herb
|-clearnegativeboost|p1b: Kris Deltarune|[silent]
|move|p1a: MARLON!!!|Drain Punch|p2b: Embed Snailure
|-supereffective|p2b: Embed Snailure|1
|-damage|p2b: Embed Snailure|24/100
|-heal|p1a: MARLON!!!|100/100|[from] drain|[of] p2b: Embed Snailure
|move|p2b: Embed Snailure|Ice Spinner|p1b: Kris Deltarune
|-supereffective|p1b: Kris Deltarune|2
|-damage|p1b: Kris Deltarune|0 fnt
|faint|p1b: Kris Deltarune
|
|-heal|p2b: Embed Snailure|30/100|[from] item: Leftovers
|upkeep
|
|t:|1782672728
|switch|p1b: RAHHHHHH|Mamoswine, L50, F, shiny|100/100
|turn|7
|
|t:|1782672884
|move|p2a: Green馃嵆|Rage Powder|p2a: Green馃嵆
|-singleturn|p2a: Green馃嵆|move: Rage Powder
|move|p1b: RAHHHHHH|Ice Shard|p2a: Green馃嵆
|-supereffective|p2a: Green馃嵆|1
|-damage|p2a: Green馃嵆|24/100
|move|p1a: MARLON!!!|Crunch|p2a: Green馃嵆
|-supereffective|p2a: Green馃嵆|1
|-damage|p2a: Green馃嵆|0 fnt
|faint|p2a: Green馃嵆
|move|p2b: Embed Snailure|Body Press|p1b: RAHHHHHH
|-supereffective|p1b: RAHHHHHH|1
|-damage|p1b: RAHHHHHH|6/100
|
|-heal|p2b: Embed Snailure|36/100|[from] item: Leftovers
|upkeep
|
|t:|1782672900
|switch|p2a: Punch Merchant|Lucario-Mega, L50, F|100/100
|turn|8
|
|t:|1782672975
|move|p2a: Punch Merchant|Feint|p1b: RAHHHHHH
|-damage|p1b: RAHHHHHH|0 fnt
|faint|p1b: RAHHHHHH
|move|p1a: MARLON!!!|Bulk Up|p1a: MARLON!!!
|-boost|p1a: MARLON!!!|atk|1
|-boost|p1a: MARLON!!!|def|1
|move|p2b: Embed Snailure|Ice Spinner|p1a: MARLON!!!
|-supereffective|p1a: MARLON!!!|1
|-damage|p1a: MARLON!!!|75/100
|
|-heal|p2b: Embed Snailure|42/100|[from] item: Leftovers
|-sideend|p1: bushidobayleef|move: Tailwind
|upkeep
|turn|9
|
|t:|1782673004
|move|p2a: Punch Merchant|Close Combat|p1a: MARLON!!!
|-damage|p1a: MARLON!!!|50/100g
|-unboost|p2a: Punch Merchant|def|1
|-unboost|p2a: Punch Merchant|spd|1
|move|p1a: MARLON!!!|Drain Punch|p2b: Embed Snailure
|-supereffective|p2b: Embed Snailure|1
|-damage|p2b: Embed Snailure|0 fnt
|-heal|p1a: MARLON!!!|71/100|[from] drain|[of] p2b: Embed Snailure
|faint|p2b: Embed Snailure
|
|upkeep
|
|t:|1782673015
|switch|p2b: Azi Dahaka|Hydreigon, L50, F|27/100
|turn|10
|
|t:|1782673541
|move|p2b: Azi Dahaka|Heat Wave|p1a: MARLON!!!
|-supereffective|p1a: MARLON!!!|1
|-damage|p1a: MARLON!!!|29/100
|move|p2a: Punch Merchant|Close Combat|p1a: MARLON!!!
|-damage|p1a: MARLON!!!|2/100
|-unboost|p2a: Punch Merchant|def|1
|-unboost|p2a: Punch Merchant|spd|1
|move|p1a: MARLON!!!|Drain Punch|p2a: Punch Merchant
|-supereffective|p2a: Punch Merchant|1
|-damage|p2a: Punch Merchant|0 fnt
|-heal|p1a: MARLON!!!|40/100|[from] drain|[of] p2a: Punch Merchant
|faint|p2a: Punch Merchant
|
|upkeep
|turn|11
|c|鈽哤him5|HEAT WAVE
|c|鈽哤him5|PLEAASE
|c| upfrontsalt|AS LONG AS THERE IS DELUSION
|c| upfrontsalt|THERE IS HOPE
|
|t:|1782673577
|move|p2b: Azi Dahaka|Heat Wave|p1a: MARLON!!!
|-supereffective|p1a: MARLON!!!|1
|-damage|p1a: MARLON!!!|0 fnt
|faint|p1a: MARLON!!!
|
|win|Whim5
|c|鈽哤him5|GGS
|c| upfrontsalt|GG
|l| walshy608
|c|鈽哹ushidobayleef|ggs holy shit
