|j|☆Sungsationale
|j|☆JustPeachy7
|html|SungsationaleJustPeachy7    
|uhtml|bestof|Game 1 of a best-of-3
|t:|1785169446
|gametype|doubles
|player|p1|Sungsationale|102|1040
|player|p2|JustPeachy7|silver|1027
|gen|9
|tier|[Gen 9 Champions] VGC 2026 Reg M-B (Bo3)
|rated|
|rule|Species Clause: Limit one of each Pokémon
|rule|Item Clause: Limit 1 of each item
|clearpoke
|poke|p1|Metagross, L50|
|poke|p1|Rotom-Wash, L50|
|poke|p1|Sylveon, L50, M|
|poke|p1|Umbreon, L50, M|
|poke|p1|Dragonite, L50, F|
|poke|p1|Sneasler, L50, F|
|poke|p2|Feraligatr, L50, F|
|poke|p2|Scovillain, L50, M, shiny|
|poke|p2|Raichu, L50, M, shiny|
|poke|p2|Overqwil, L50, F|
|poke|p2|Dragalge, L50, F, shiny|
|poke|p2|Lucario, L50, M, shiny|
|teampreview|4
|showteam|p1|Metagross||Metagrossite|ClearBody|MeteorMash,PsychicFangs,Protect,ThunderPunch|Jolly|||||50|]Rotom-Wash||WideLens|Levitate|Discharge,HydroPump,WillOWisp,Electroweb|Modest|||||50|]Sylveon||WiseGlasses|Pixilate|HyperVoice,MysticalFire,Detect,Reflect|Calm||M|||50|]Umbreon||Leftovers|Synchronize|Snarl,FoulPlay,Toxic,Detect|Calm||M|||50|]Dragonite||YacheBerry|Multiscale|Tailwind,DragonClaw,Protect,Earthquake|Jolly||F|||50|]Sneasler||WhiteHerb|PoisonTouch|DireClaw,Protect,Uturn,CloseCombat|Jolly||F|||50|
|showteam|p2|Feraligatr||Feraligite|Torrent|DragonDance,Waterfall,DoubleEdge,Protect|Adamant||F|||50|]Scovillain||SitrusBerry|Moody|RagePowder,WillOWisp,FlareBlitz,LeafStorm|Sassy||M|||50|]Raichu||RaichuniteX|LightningRod|FakeOut,VoltTackle,Encore,DrainPunch|Jolly||M|||50|]Overqwil||ShucaBerry|Intimidate|Taunt,ThroatChop,BarbBarrage,Protect|Impish||F|||50|]Dragalge||Leftovers|Adaptability|DracoMeteor,Toxic,Protect,SludgeBomb|Calm||F|||50|]Lucario||LifeOrb|InnerFocus|FocusBlast,VacuumWave,FlashCannon,Protect|Timid||M|||50|
|inactive|Battle timer is ON: inactive players will automatically lose when time's up. (requested by JustPeachy7)
|inactive|Sungsationale has 60 seconds left.
|
|t:|1785169505
|teamsize|p1|4
|teamsize|p2|4
|start
|switch|p1a: Dragonite|Dragonite, L50, F|100/100
|switch|p1b: Metagross|Metagross, L50|100/100
|switch|p2a: Raichu|Raichu, L50, M, shiny|100/100
|switch|p2b: Scovillain|Scovillain, L50, M, shiny|100/100
|turn|1
|
|t:|1785169528
|detailschange|p2a: Raichu|Raichu-Mega-X, L50, M, shiny
|-mega|p2a: Raichu|Raichu|Raichunite X
|-fieldstart|move: Electric Terrain|[from] ability: Electric Surge|[of] p2a: Raichu
|move|p1b: Metagross|Protect|p1b: Metagross
|-singleturn|p1b: Metagross|Protect
|move|p2a: Raichu|Fake Out|p1b: Metagross
|-activate|p1b: Metagross|move: Protect
|move|p1a: Dragonite|Earthquake|p2a: Raichu|[spread] p2a,p2b
|-activate|p1b: Metagross|move: Protect
|-supereffective|p2a: Raichu|1
|-damage|p2a: Raichu|25/100
|-damage|p2b: Scovillain|63/100
|move|p2b: Scovillain|Will-O-Wisp|p1b: Metagross
|-activate|p1b: Metagross|move: Protect
|
|-ability|p2b: Scovillain|Moody|boost
|-boost|p2b: Scovillain|spd|2
|-unboost|p2b: Scovillain|def|1
|upkeep
|turn|2
|inactive|Sungsationale has 30 seconds left.
|
|t:|1785169557
|switch|p1b: Rotom|Rotom-Wash, L50|100/100
|move|p1a: Dragonite|Protect|p1a: Dragonite
|-singleturn|p1a: Dragonite|Protect
|move|p2a: Raichu|Drain Punch|p1b: Rotom
|-damage|p1b: Rotom|72/100
|-heal|p2a: Raichu|38/100|[from] drain|[of] p1b: Rotom
|move|p2b: Scovillain|Will-O-Wisp|p1a: Dragonite
|-activate|p1a: Dragonite|move: Protect
|
|-ability|p2b: Scovillain|Moody|boost
|-boost|p2b: Scovillain|spa|2
|-unboost|p2b: Scovillain|def|1
|upkeep
|turn|3
|inactive|Sungsationale has 30 seconds left.
|inactive|Sungsationale has 20 seconds left.
|
|t:|1785169594
|move|p2a: Raichu|Encore|p1a: Dragonite
|-start|p1a: Dragonite|Encore
|move|p1a: Dragonite|Protect||[still]
|-fail|p1a: Dragonite
|move|p1b: Rotom|Discharge|p2a: Raichu|[spread] p1a,p2a,p2b
|-resisted|p2a: Raichu|1
|-resisted|p2b: Scovillain|1
|-damage|p1a: Dragonite|86/100
|-damage|p2a: Raichu|23/100
|-damage|p2b: Scovillain|57/100
|-status|p1a: Dragonite|par
|move|p2b: Scovillain|Leaf Storm|p1b: Rotom
|-supereffective|p1b: Rotom|1
|-damage|p1b: Rotom|0 fnt
|-unboost|p2b: Scovillain|spa|2
|faint|p1b: Rotom
|
|-ability|p2b: Scovillain|Moody|boost
|-boost|p2b: Scovillain|spe|2
|-unboost|p2b: Scovillain|atk|1
|upkeep
|
|t:|1785169611
|switch|p1b: Sylveon|Sylveon, L50, M|100/100
|turn|4
|
|t:|1785169628
|move|p1a: Dragonite|Protect|p1a: Dragonite
|-singleturn|p1a: Dragonite|Protect
|move|p2a: Raichu|Volt Tackle|p1b: Sylveon
|-damage|p1b: Sylveon|2/100
|-damage|p2a: Raichu|0 fnt|[from] Recoil
|faint|p2a: Raichu
|move|p2b: Scovillain|Leaf Storm|p1b: Sylveon
|-damage|p1b: Sylveon|0 fnt
|-unboost|p2b: Scovillain|spa|2
|faint|p1b: Sylveon
|
|-ability|p2b: Scovillain|Moody|boost
|-boost|p2b: Scovillain|spa|2
|-unboost|p2b: Scovillain|atk|1
|upkeep
|
|t:|1785169649
|switch|p2a: Lucario|Lucario, L50, M, shiny|100/100
|switch|p1b: Metagross|Metagross, L50|100/100
|turn|5
|inactive|Sungsationale has 30 seconds left.
|inactive|Sungsationale has 20 seconds left.
|inactive|Sungsationale has 15 seconds left.
|
|t:|1785169693
|detailschange|p1b: Metagross|Metagross-Mega, L50
|-mega|p1b: Metagross|Metagross|Metagrossite
|move|p1a: Dragonite|Protect||[still]
|-fail|p1a: Dragonite
|move|p1b: Metagross|Psychic Fangs|p2b: Scovillain
|-damage|p2b: Scovillain|0 fnt
|faint|p2b: Scovillain
|move|p2a: Lucario|Focus Blast|p1b: Metagross
|-damage|p1b: Metagross|22/100
|-damage|p2a: Lucario|90/100|[from] item: Life Orb
|
|-end|p1a: Dragonite|Encore
|-fieldend|move: Electric Terrain
|upkeep
|
|t:|1785169707
|switch|p2b: Dragalge|Dragalge, L50, F, shiny|100/100
|turn|6
|j| tedidn
|
|t:|1785169731
|move|p2a: Lucario|Vacuum Wave|p1b: Metagross
|-damage|p1b: Metagross|0 fnt
|faint|p1b: Metagross
|-damage|p2a: Lucario|80/100|[from] item: Life Orb
|cant|p1a: Dragonite|par
|move|p2b: Dragalge|Draco Meteor|p1a: Dragonite
|-supereffective|p1a: Dragonite|1
|-damage|p1a: Dragonite|0 fnt
|-unboost|p2b: Dragalge|spa|2
|faint|p1a: Dragonite
|
|win|JustPeachy7
