|j|☆dr_sugus_vgc
|j|☆Wooperdooperpooper
|html|dr_sugus_vgcWooperdooperpooper    
|uhtml|bestof|Game 3 of a best-of-3
|t:|1756477123
|gametype|doubles
|player|p1|dr_sugus_vgc|265|1213
|player|p2|Wooperdooperpooper|2|1256
|gen|9
|tier|[Gen 9] VGC 2025 Reg H (Bo3)
|rated|
|rule|Species Clause: Limit one of each Pokémon
|rule|Item Clause: Limit 1 of each item
|clearpoke
|poke|p1|Politoed, L50, F|
|poke|p1|Gothitelle, L50, F|
|poke|p1|Incineroar, L50, F|
|poke|p1|Kingdra, L50, F|
|poke|p1|Amoonguss, L50, M|
|poke|p1|Archaludon, L50, F|
|poke|p2|Charizard, L50, M|
|poke|p2|Indeedee-F, L50, F|
|poke|p2|Ursaluna, L50, F|
|poke|p2|Torkoal, L50, M|
|poke|p2|Gallade, L50, M|
|poke|p2|Hatterene, L50, F|
|teampreview|4
|showteam|p1|Politoed||Leftovers|Drizzle|Protect,WeatherBall,PerishSong,Encore|||F|||50|,,,,,Grass]Gothitelle||SitrusBerry|ShadowTag|Protect,Psychic,FakeOut,TrickRoom|||F|||50|,,,,,Dark]Incineroar||SafetyGoggles|Intimidate|Protect,KnockOff,FakeOut,PartingShot|||F|||50|,,,,,Ghost]Kingdra||LifeOrb|SwiftSwim|WeatherBall,DracoMeteor,MuddyWater,Protect|||F|||50|,,,,,Stellar]Amoonguss||EjectButton|Regenerator|Protect,RagePowder,PollenPuff,Spore|||M|||50|,,,,,Fairy]Archaludon||PowerHerb|Sturdy|DragonPulse,ElectroShot,FlashCannon,Protect|||F|||50|,,,,,Electric
|showteam|p2|Charizard||ChoiceScarf|SolarPower|HeatWave,Overheat,WeatherBall,ScorchingSands|||M|||50|,,,,,Fire]Indeedee-F||SafetyGoggles|PsychicSurge|DazzlingGleam,FollowMe,TrickRoom,HelpingHand|||F|||50|,,,,,Water]Ursaluna||FlameOrb|Guts|HeadlongRush,Facade,RockSlide,Protect|||F|||50|,,,,,Dragon]Torkoal||Charcoal|Drought|Eruption,Overheat,HelpingHand,Protect|||M|||50|,,,,,Fire]Gallade||ClearAmulet|Sharpness|SacredSword,PsychoCut,TrickRoom,WideGuard|||M|||50|,,,,,Grass]Hatterene||LifeOrb|MagicBounce|ExpandingForce,DazzlingGleam,TrickRoom,Protect|||F|||50|,,,,,Water
|inactive|Battle timer is ON: inactive players will automatically lose when time's up. (requested by Wooperdooperpooper)
|inactive|dr_sugus_vgc also wants the timer to be on.
|inactive|dr_sugus_vgc has 60 seconds left.
|
|t:|1756477165
|teamsize|p1|4
|teamsize|p2|4
|start
|switch|p1a: Amoonguss|Amoonguss, L50, M|100/100
|switch|p1b: Politoed|Politoed, L50, F|100/100
|switch|p2a: Gallade|Gallade, L50, M|100/100
|switch|p2b: Indeedee|Indeedee-F, L50, F, shiny|100/100
|-weather|RainDance|[from] ability: Drizzle|[of] p1b: Politoed
|-fieldstart|move: Psychic Terrain|[from] ability: Psychic Surge|[of] p2b: Indeedee
|turn|1
|inactive|dr_sugus_vgc has 30 seconds left.
|inactive|dr_sugus_vgc has 20 seconds left.
|inactive|dr_sugus_vgc has 15 seconds left.
|
|t:|1756477210
|-terastallize|p2a: Gallade|Grass
|move|p2b: Indeedee|Helping Hand|p2a: Gallade
|-singleturn|p2a: Gallade|Helping Hand|[of] p2b: Indeedee
|move|p1a: Amoonguss|Rage Powder|p1a: Amoonguss
|-singleturn|p1a: Amoonguss|move: Rage Powder
|move|p1b: Politoed|Perish Song|p1b: Politoed
|-start|p1a: Amoonguss|perish3|[silent]
|-start|p1b: Politoed|perish3|[silent]
|-start|p2a: Gallade|perish3|[silent]
|-start|p2b: Indeedee|perish3|[silent]
|-fieldactivate|move: Perish Song
|move|p2a: Gallade|Psycho Cut|p1b: Politoed
|-damage|p1b: Politoed|0 fnt
|faint|p1b: Politoed
|
|-weather|RainDance|[upkeep]
|-start|p2b: Indeedee|perish3
|-start|p2a: Gallade|perish3
|-start|p1a: Amoonguss|perish3
|upkeep
|
|t:|1756477224
|switch|p1b: Gothitelle|Gothitelle, L50, F|100/100
|turn|2
|inactive|dr_sugus_vgc has 30 seconds left.
|inactive|dr_sugus_vgc has 20 seconds left.
|
|t:|1756477262
|switch|p1a: Incineroar|Incineroar, L50, F|100/100
|-ability|p1a: Incineroar|Intimidate|boost
|-fail|p2a: Gallade|unboost|[from] item: Clear Amulet|[of] p2a: Gallade
|-unboost|p2b: Indeedee|atk|1
|move|p2a: Gallade|Psycho Cut|p1a: Incineroar
|-immune|p1a: Incineroar
|move|p1b: Gothitelle|Psychic|p2a: Gallade
|-damage|p2a: Gallade|66/100
|move|p2b: Indeedee|Trick Room|p2b: Indeedee
|-fieldstart|move: Trick Room|[of] p2b: Indeedee
|
|-weather|RainDance|[upkeep]
|-start|p2a: Gallade|perish2
|-start|p2b: Indeedee|perish2
|upkeep
|turn|3
|inactive|dr_sugus_vgc has 30 seconds left.
|inactive|dr_sugus_vgc has 20 seconds left.
|inactive|dr_sugus_vgc has 15 seconds left.
|inactive|dr_sugus_vgc has 10 seconds left.
|
|t:|1756477310
|-terastallize|p1a: Incineroar|Ghost
|move|p2b: Indeedee|Helping Hand|p2a: Gallade
|-singleturn|p2a: Gallade|Helping Hand|[of] p2b: Indeedee
|move|p1a: Incineroar|Knock Off|p2b: Indeedee
|-supereffective|p2b: Indeedee
|-damage|p2b: Indeedee|29/100
|-enditem|p2b: Indeedee|Safety Goggles|[from] move: Knock Off|[of] p1a: Incineroar
|move|p1b: Gothitelle|Psychic|p2a: Gallade
|-damage|p2a: Gallade|34/100
|move|p2a: Gallade|Psycho Cut|p1a: Incineroar
|-damage|p1a: Incineroar|0 fnt
|faint|p1a: Incineroar
|
|-weather|RainDance|[upkeep]
|-start|p2a: Gallade|perish1
|-start|p2b: Indeedee|perish1
|upkeep
|
|t:|1756477325
|switch|p1a: Amoonguss|Amoonguss, L50, M|100/100
|turn|4
|
|t:|1756477335
|move|p1a: Amoonguss|Protect|p1a: Amoonguss
|-singleturn|p1a: Amoonguss|Protect
|move|p2b: Indeedee|Follow Me|p2b: Indeedee
|-singleturn|p2b: Indeedee|move: Follow Me
|move|p2a: Gallade|Psycho Cut|p1a: Amoonguss
|-activate|p1a: Amoonguss|move: Protect
|move|p1b: Gothitelle|Trick Room|p1b: Gothitelle
|-fieldend|move: Trick Room
|
|-weather|RainDance|[upkeep]
|-start|p2b: Indeedee|perish0
|-start|p2a: Gallade|perish0
|faint|p2b: Indeedee
|faint|p2a: Gallade
|upkeep
|
|t:|1756477344
|switch|p2b: Ursaluna|Ursaluna, L50, F|100/100
|switch|p2a: Hatterene|Hatterene, L50, F|100/100
|turn|5
|
|t:|1756477355
|move|p2b: Ursaluna|Protect|p2b: Ursaluna
|-singleturn|p2b: Ursaluna|Protect
|move|p1b: Gothitelle|Psychic|p2a: Hatterene
|-resisted|p2a: Hatterene
|-damage|p2a: Hatterene|80/100
|move|p1a: Amoonguss|Spore|p2b: Ursaluna
|-activate|p2b: Ursaluna|move: Protect
|move|p2a: Hatterene|Trick Room|p2a: Hatterene
|-fieldstart|move: Trick Room|[of] p2a: Hatterene
|
|-weather|none
|-fieldend|move: Psychic Terrain
|-status|p2b: Ursaluna|brn|[from] item: Flame Orb
|upkeep
|turn|6
|inactive|dr_sugus_vgc has 30 seconds left.
|
|t:|1756477380
|move|p1a: Amoonguss|Protect|p1a: Amoonguss
|-singleturn|p1a: Amoonguss|Protect
|move|p2a: Hatterene|Expanding Force|p1a: Amoonguss
|-activate|p1a: Amoonguss|move: Protect
|move|p2b: Ursaluna|Facade|p1b: Gothitelle
|-damage|p1b: Gothitelle|0 fnt
|faint|p1b: Gothitelle
|
|-damage|p2b: Ursaluna|95/100 brn|[from] brn
|upkeep
|turn|7
|inactive|Wooperdooperpooper has 30 seconds left.
|inactive|Wooperdooperpooper has 20 seconds left.
|inactive|Wooperdooperpooper has 15 seconds left.
|
|t:|1756477423
|move|p1a: Amoonguss|Spore||[still]
|-fail|p1a: Amoonguss
|move|p2a: Hatterene|Expanding Force|p1a: Amoonguss
|-supereffective|p1a: Amoonguss
|-damage|p1a: Amoonguss|0 fnt
|faint|p1a: Amoonguss
|-damage|p2a: Hatterene|70/100|[from] item: Life Orb
|
|win|Wooperdooperpooper
|raw|dr_sugus_vgc's rating: 1213 → 1191(-22 for losing)
|raw|Wooperdooperpooper's rating: 1256 → 1278(+22 for winning)
|l|☆Wooperdooperpooper
|player|p2|
