|j|☆NeonIsNuts
|j|☆meikh_neiht
|html|NeonIsNutsmeikh_neiht    
|uhtml|bestof|Game 2 of a best-of-3
|t:|1782633905
|gametype|doubles
|player|p1|NeonIsNuts|101|1127
|player|p2|meikh_neiht|lucas|1252
|gen|9
|tier|[Gen 9 Champions] VGC 2026 Reg M-B (Bo3)
|rated|
|rule|Species Clause: Limit one of each Pokémon
|rule|Item Clause: Limit 1 of each item
|clearpoke
|poke|p1|Eelektross, L50, M|
|poke|p1|Garchomp, L50, M|
|poke|p1|Tinkaton, L50, F|
|poke|p1|Serperior, L50, M|
|poke|p1|Blaziken, L50, F|
|poke|p1|Whimsicott, L50, F|
|poke|p2|Staraptor, L50, F|
|poke|p2|Sinistcha, L50|
|poke|p2|Maushold, L50|
|poke|p2|Kingambit, L50, M|
|poke|p2|Sneasler, L50, F|
|poke|p2|Delphox, L50, M|
|teampreview|4
|showteam|p1|Eelektross||Eelektrossite|Levitate|SupercellSlam,Coil,DrainPunch,Liquidation|Jolly||M|||50|]Garchomp||LifeOrb|RoughSkin|Protect,RockSlide,DragonClaw,StompingTantrum|Jolly||M|||50|]Tinkaton||MetalCoat|MoldBreaker|FakeOut,GigatonHammer,Encore,BrickBreak|Careful||F|||50|]Serperior||SitrusBerry|Contrary|DragonPulse,LeafStorm,Substitute,Taunt|Timid||M|||50|]Blaziken||WhiteHerb|SpeedBoost|FlareBlitz,CloseCombat,SwordsDance,Protect|Adamant||F|||50|]Whimsicott||FocusSash|Prankster|Tailwind,HelpingHand,Moonblast,Encore|Timid||F|||50|
|showteam|p2|Staraptor||Staraptite|Intimidate|CloseCombat,BraveBird,Roost,Protect|Adamant||F|||50|]Sinistcha||SitrusBerry|Hospitality|RagePowder,MatchaGotcha,StrengthSap,LifeDew|Calm|||||50|]Maushold||ChopleBerry|FriendGuard|Encore,Charm,FollowMe,Protect|Timid|||||50|]Kingambit||OccaBerry|Defiant|KowtowCleave,SuckerPunch,SwordsDance,Protect|Adamant||M|||50|]Sneasler||WhiteHerb|Unburden|DireClaw,Protect,FakeOut,CloseCombat|Jolly||F|||50|]Delphox||Delphoxite|Blaze|HeatWave,Psyshock,NastyPlot,Protect|Timid||M|||50|
|
|t:|1782633951
|teamsize|p1|4
|teamsize|p2|4
|start
|switch|p1a: Garchomp|Garchomp, L50, M|100/100
|switch|p1b: Whimsicott|Whimsicott, L50, F|100/100
|switch|p2a: Maushold|Maushold, L50|100/100
|switch|p2b: Delphox|Delphox, L50, M|100/100
|turn|1
|
|t:|1782633965
|detailschange|p2b: Delphox|Delphox-Mega, L50, M
|-mega|p2b: Delphox|Delphox|Delphoxite
|move|p2b: Delphox|Protect|p2b: Delphox
|-singleturn|p2b: Delphox|Protect
|move|p1a: Garchomp|Protect|p1a: Garchomp
|-singleturn|p1a: Garchomp|Protect
|move|p1b: Whimsicott|Tailwind|p1b: Whimsicott
|-sidestart|p1: NeonIsNuts|move: Tailwind
|move|p2a: Maushold|Charm|p1a: Garchomp
|-activate|p1a: Garchomp|move: Protect
|
|upkeep
|turn|2
|
|t:|1782634004
|move|p1b: Whimsicott|Encore|p2b: Delphox
|-start|p2b: Delphox|Encore
|move|p2b: Delphox|Protect||[still]
|-fail|p2b: Delphox
|move|p1a: Garchomp|Rock Slide|p2a: Maushold|[spread] p2a,p2b
|-supereffective|p2b: Delphox|1
|-damage|p2a: Maushold|67/100
|-damage|p2b: Delphox|53/100
|-damage|p1a: Garchomp|90/100|[from] item: Life Orb
|move|p2a: Maushold|Charm|p1a: Garchomp
|-unboost|p1a: Garchomp|atk|2
|
|upkeep
|turn|3
|
|t:|1782634042
|switch|p1a: Eelektross|Eelektross, L50, M|100/100
|switch|p2b: Sinistcha|Sinistcha, L50|100/100
|-heal|p2a: Maushold|92/100|[from] ability: Hospitality|[of] p2b: Sinistcha
|switch|p2a: Sneasler|Sneasler, L50, F|100/100
|move|p1b: Whimsicott|Moonblast|p2a: Sneasler
|-damage|p2a: Sneasler|51/100
|
|upkeep
|turn|4
|
|t:|1782634065
|detailschange|p1a: Eelektross|Eelektross-Mega, L50, M
|-mega|p1a: Eelektross|Eelektross|Eelektrossite
|move|p2a: Sneasler|Protect|p2a: Sneasler
|-singleturn|p2a: Sneasler|Protect
|move|p1b: Whimsicott|Moonblast|p2a: Sneasler
|-activate|p2a: Sneasler|move: Protect
|move|p1a: Eelektross|Liquidation|p2a: Sneasler
|-activate|p2a: Sneasler|move: Protect
|move|p2b: Sinistcha|Matcha Gotcha|p1a: Eelektross|[spread] p1a,p1b
|-resisted|p1b: Whimsicott|1
|-damage|p1a: Eelektross|70/100
|-damage|p1b: Whimsicott|79/100
|-status|p1b: Whimsicott|brn
|
|-damage|p1b: Whimsicott|73/100 brn|[from] brn
|-sideend|p1: NeonIsNuts|move: Tailwind
|upkeep
|turn|5
|
|t:|1782634080
|move|p2b: Sinistcha|Rage Powder|p2b: Sinistcha
|-singleturn|p2b: Sinistcha|move: Rage Powder
|move|p1b: Whimsicott|Tailwind|p1b: Whimsicott
|-sidestart|p1: NeonIsNuts|move: Tailwind
|move|p1a: Eelektross|Coil|p1a: Eelektross
|-boost|p1a: Eelektross|atk|1
|-boost|p1a: Eelektross|def|1
|-boost|p1a: Eelektross|accuracy|1
|move|p2a: Sneasler|Dire Claw|p1b: Whimsicott
|-supereffective|p1b: Whimsicott|2
|-damage|p1b: Whimsicott|0 fnt
|faint|p1b: Whimsicott
|
|upkeep
|
|t:|1782634090
|switch|p1b: Blaziken|Blaziken, L50, F|100/100
|turn|6
|
|t:|1782634100
|move|p2b: Sinistcha|Rage Powder|p2b: Sinistcha
|-singleturn|p2b: Sinistcha|move: Rage Powder
|move|p1a: Eelektross|Liquidation|p2b: Sinistcha
|-resisted|p2b: Sinistcha|1
|-damage|p2b: Sinistcha|76/100
|move|p1b: Blaziken|Flare Blitz|p2b: Sinistcha
|-supereffective|p2b: Sinistcha|1
|-damage|p2b: Sinistcha|0 fnt
|faint|p2b: Sinistcha
|-damage|p1b: Blaziken|72/100|[from] Recoil
|move|p2a: Sneasler|Close Combat|p1b: Blaziken
|-damage|p1b: Blaziken|0 fnt
|-unboost|p2a: Sneasler|def|1
|-unboost|p2a: Sneasler|spd|1
|faint|p1b: Blaziken
|-enditem|p2a: Sneasler|White Herb
|-clearnegativeboost|p2a: Sneasler|[silent]
|
|upkeep
|
|t:|1782634120
|switch|p1b: Garchomp|Garchomp, L50, M|90/100
|switch|p2b: Maushold|Maushold, L50|92/100
|turn|7
|
|t:|1782634149
|move|p2a: Sneasler|Close Combat|p1b: Garchomp
|-damage|p1b: Garchomp|23/100
|-unboost|p2a: Sneasler|def|1
|-unboost|p2a: Sneasler|spd|1
|-damage|p2a: Sneasler|39/100|[from] ability: Rough Skin|[of] p1b: Garchomp
|move|p1b: Garchomp|Stomping Tantrum|p2a: Sneasler
|-supereffective|p2a: Sneasler|1
|-damage|p2a: Sneasler|0 fnt
|faint|p2a: Sneasler
|-damage|p1b: Garchomp|14/100|[from] item: Life Orb
|move|p1a: Eelektross|Supercell Slam|p2b: Maushold
|-damage|p2b: Maushold|0 fnt
|faint|p2b: Maushold
|-ability|p1a: Eelektross|Eelevate|boost
|-boost|p1a: Eelektross|atk|1
|
|upkeep
|
|t:|1782634154
|switch|p2b: Delphox|Delphox-Mega, L50, M|53/100
|turn|8
|
|t:|1782634166
|move|p2b: Delphox|Protect|p2b: Delphox
|-singleturn|p2b: Delphox|Protect
|move|p1b: Garchomp|Rock Slide|p2b: Delphox
|-activate|p2b: Delphox|move: Protect
|move|p1a: Eelektross|Liquidation|p2b: Delphox
|-activate|p2b: Delphox|move: Protect
|
|-sideend|p1: NeonIsNuts|move: Tailwind
|upkeep
|turn|9
|
|t:|1782634172
|move|p2b: Delphox|Heat Wave|p1a: Eelektross|[spread] p1a,p1b
|-crit|p1a: Eelektross
|-resisted|p1b: Garchomp|1
|-damage|p1a: Eelektross|0 fnt
|-damage|p1b: Garchomp|0 fnt
|faint|p1a: Eelektross
|faint|p1b: Garchomp
|
|win|meikh_neiht
|raw|NeonIsNuts's rating: 1127 → 1111(-16 for losing)
|raw|meikh_neiht's rating: 1252 → 1268(+16 for winning)
|c|☆meikh_neiht|crit
|c|☆meikh_neiht|YOOO
|l|☆NeonIsNuts
|player|p1|
