|j|☆namboyVGC
|j|☆Draxolotl
|html|namboyVGCDraxolotl    
|uhtml|bestof|Game 2 of a best-of-3
|t:|1756402624
|gametype|doubles
|player|p1|namboyVGC|pokemonranger-gen4|
|player|p2|Draxolotl|shelly|
|gen|9
|tier|[Gen 9] VGC 2025 Reg H (Bo3)
|rule|Species Clause: Limit one of each Pokémon
|rule|Item Clause: Limit 1 of each item
|clearpoke
|poke|p1|Sneasler, L50, M|
|poke|p1|Indeedee, L50, M|
|poke|p1|Annihilape, L50, M|
|poke|p1|Tyranitar, L50, M|
|poke|p1|Excadrill, L50, M|
|poke|p1|Hydreigon, L50, M|
|poke|p2|Pelipper, L50, M|
|poke|p2|Archaludon, L50, F|
|poke|p2|Basculegion, L50, M|
|poke|p2|Amoonguss, L50, M|
|poke|p2|Incineroar, L50, F|
|poke|p2|Gholdengo, L50|
|teampreview|4
|showteam|p1|Sneasler||PsychicSeed|Unburden|CloseCombat,DireClaw,ThroatChop,Protect|||M|||50|,,,,,Dark]Indeedee||ChoiceScarf|PsychicSurge|ExpandingForce,TeraBlast,Trick,DazzlingGleam|||M|||50|,,,,,Fire]Annihilape||SafetyGoggles|Defiant|CloseCombat,RageFist,Taunt,FinalGambit|||M|||50|,,,,,Water]Tyranitar||AssaultVest|SandStream|RockSlide,KnockOff,TeraBlast,LowKick|||M|||50|,,,,,Flying]Excadrill||FocusSash|SandRush|HighHorsepower,Earthquake,IronHead,Protect|||M|||50|,,,,,Stellar]Hydreigon||CovertCloak|Levitate|Snarl,DracoMeteor,Tailwind,Roar|||M|||50|,,,,,Ghost
|showteam|p2|Pelipper||FocusSash|Drizzle|Protect,MuddyWater,Hurricane,Tailwind|||M|||50|,,,,,Ghost]Archaludon||AssaultVest|Stamina|ElectroShot,DragonPulse,Snarl,BodyPress|||F|||50|,,,,,Grass]Basculegion||ChoiceScarf|Adaptability|WaveCrash,LastRespects,FlipTurn,AquaJet|||M|||50|,,,,,Water]Amoonguss||CovertCloak|Regenerator|Protect,PollenPuff,Spore,RagePowder|||M|||50|,,,,,Psychic]Incineroar||SafetyGoggles|Intimidate|FakeOut,KnockOff,Taunt,PartingShot|||F|||50|,,,,,Ghost]Gholdengo||LifeOrb|GoodasGold|Protect,MakeItRain,ShadowBall,NastyPlot||||||50|,,,,,Water
|inactive|Battle timer is ON: inactive players will automatically lose when time's up. (requested by Draxolotl)
|inactive|namboyVGC also wants the timer to be on.
|inactive|Draxolotl has 60 seconds left.
|
|t:|1756402672
|teamsize|p1|4
|teamsize|p2|4
|start
|switch|p1a: Hydreigon|Hydreigon, L50, M|100/100
|switch|p1b: Annihilape|Annihilape, L50, M|100/100
|switch|p2a: Bank Card|Gholdengo, L50, shiny|100/100
|switch|p2b: Fry Up|Amoonguss, L50, M|100/100
|turn|1
|
|t:|1756402686
|-terastallize|p2a: Bank Card|Water
|move|p2b: Fry Up|Protect|p2b: Fry Up
|-singleturn|p2b: Fry Up|Protect
|move|p1a: Hydreigon|Snarl|p2a: Bank Card|[spread] p2a
|-activate|p2b: Fry Up|move: Protect
|-damage|p2a: Bank Card|85/100
|-unboost|p2a: Bank Card|spa|1
|move|p1b: Annihilape|Taunt|p2b: Fry Up
|-activate|p2b: Fry Up|move: Protect
|move|p2a: Bank Card|Nasty Plot|p2a: Bank Card
|-boost|p2a: Bank Card|spa|2
|
|upkeep
|turn|2
|
|t:|1756402703
|-terastallize|p1b: Annihilape|Water
|move|p1a: Hydreigon|Snarl|p2b: Fry Up|[spread] p2a,p2b
|-damage|p2a: Bank Card|66/100
|-damage|p2b: Fry Up|85/100
|-unboost|p2a: Bank Card|spa|1
|move|p1b: Annihilape|Taunt|p2b: Fry Up
|-start|p2b: Fry Up|move: Taunt
|move|p2a: Bank Card|Nasty Plot|p2a: Bank Card
|-boost|p2a: Bank Card|spa|2
|move|p2b: Fry Up|Pollen Puff|p2a: Bank Card
|-heal|p2a: Bank Card|100/100
|
|upkeep
|turn|3
|inactive|namboyVGC has 30 seconds left.
|
|t:|1756402728
|move|p1a: Hydreigon|Tailwind|p1a: Hydreigon
|-sidestart|p1: namboyVGC|move: Tailwind
|move|p1b: Annihilape|Final Gambit|p2a: Bank Card
|-damage|p2a: Bank Card|0 fnt
|faint|p1b: Annihilape
|faint|p2a: Bank Card
|move|p2b: Fry Up|Pollen Puff|p2: Bank Card|[notarget]
|-fail|p2b: Fry Up
|
|upkeep
|
|t:|1756402739
|switch|p1b: Excadrill|Excadrill, L50, M|100/100
|switch|p2a: Birb|Pelipper, L50, M|100/100
|-weather|RainDance|[from] ability: Drizzle|[of] p2a: Birb
|turn|4
|
|t:|1756402758
|switch|p2a: Feesh|Basculegion, L50, M|100/100
|move|p1a: Hydreigon|Draco Meteor|p2b: Fry Up
|-damage|p2b: Fry Up|37/100
|-unboost|p1a: Hydreigon|spa|2
|move|p1b: Excadrill|High Horsepower|p2b: Fry Up
|-damage|p2b: Fry Up|0 fnt
|faint|p2b: Fry Up
|
|-weather|RainDance|[upkeep]
|upkeep
|
|t:|1756402765
|switch|p2b: Birb|Pelipper, L50, M|100/100
|turn|5
|inactive|namboyVGC has 30 seconds left.
|
|t:|1756402794
|switch|p1a: Tyranitar|Tyranitar, L50, M|100/100
|-weather|Sandstorm|[from] ability: Sand Stream|[of] p1a: Tyranitar
|move|p1b: Excadrill|High Horsepower|p2a: Feesh
|-damage|p2a: Feesh|30/100
|move|p2a: Feesh|Last Respects|p1b: Excadrill
|-enditem|p1b: Excadrill|Focus Sash
|-damage|p1b: Excadrill|1/100
|move|p2b: Birb|Tailwind|p2b: Birb
|-sidestart|p2: Draxolotl|move: Tailwind
|
|-weather|Sandstorm|[upkeep]
|-damage|p2a: Feesh|24/100|[from] Sandstorm
|-damage|p2b: Birb|95/100|[from] Sandstorm
|upkeep
|turn|6
|
|t:|1756402815
|move|p1b: Excadrill|Iron Head|p2a: Feesh
|-resisted|p2a: Feesh
|-damage|p2a: Feesh|0 fnt
|faint|p2a: Feesh
|move|p2b: Birb|Muddy Water|p1a: Tyranitar|[spread] p1a,p1b
|-supereffective|p1a: Tyranitar
|-supereffective|p1b: Excadrill
|-damage|p1a: Tyranitar|74/100
|-damage|p1b: Excadrill|0 fnt
|faint|p1b: Excadrill
|move|p1a: Tyranitar|Knock Off|p2b: Birb
|-damage|p2b: Birb|17/100
|-enditem|p2b: Birb|Focus Sash|[from] move: Knock Off|[of] p1a: Tyranitar
|
|-weather|Sandstorm|[upkeep]
|-damage|p2b: Birb|12/100|[from] Sandstorm
|-sideend|p1: namboyVGC|move: Tailwind
|upkeep
|
|t:|1756402829
|switch|p1b: Hydreigon|Hydreigon, L50, M|100/100
|turn|7
|
|t:|1756402834
|move|p2b: Birb|Muddy Water|p1b: Hydreigon|[spread] p1a,p1b
|-supereffective|p1a: Tyranitar
|-resisted|p1b: Hydreigon
|-damage|p1a: Tyranitar|51/100
|-damage|p1b: Hydreigon|87/100
|move|p1b: Hydreigon|Tailwind|p1b: Hydreigon
|-sidestart|p1: namboyVGC|move: Tailwind
|move|p1a: Tyranitar|Knock Off|p2b: Birb
|-damage|p2b: Birb|0 fnt
|faint|p2b: Birb
|
|win|namboyVGC
|c|☆Draxolotl|gg
|c|☆namboyVGC|ggs
