|j|☆cantchat_sorry
|j|☆thegreatestnone
|html|cantchat_sorrythegreatestnone    
|uhtml|bestof|Game 1 of a best-of-3
|t:|1785267133
|gametype|doubles
|player|p1|cantchat_sorry|clair|1195
|player|p2|thegreatestnone|1|1174
|gen|9
|tier|[Gen 9 Champions] VGC 2026 Reg M-B (Bo3)
|rated|
|rule|Species Clause: Limit one of each Pokémon
|rule|Item Clause: Limit 1 of each item
|clearpoke
|poke|p1|Rotom-Heat, L50|
|poke|p1|Venusaur, L50, F|
|poke|p1|Sableye, L50, M|
|poke|p1|Garchomp, L50, F|
|poke|p1|Milotic, L50, M|
|poke|p1|Aegislash, L50, F|
|poke|p2|Staraptor, L50, F|
|poke|p2|Vanilluxe, L50, M|
|poke|p2|Farigiraf, L50, F|
|poke|p2|Blastoise, L50, F|
|poke|p2|Kingambit, L50, F|
|poke|p2|Camerupt, L50, F|
|teampreview|4
|showteam|p1|Rotom-Heat||ChoiceScarf|Levitate|Thunderbolt,Overheat,Electroweb,Trick|Timid|||||50|]Venusaur||Venusaurite|Chlorophyll|GigaDrain,SludgeBomb,EarthPower,Protect|Modest||F|||50|]Sableye||RoseliBerry|Prankster|FoulPlay,Reflect,LightScreen,ThunderWave|Bold||M|||50|]Garchomp||DragonFang|RoughSkin|ScaleShot,Earthquake,RockTomb,Protect|Jolly||F|||50|]Milotic||Leftovers|Competitive|Scald,IceBeam,LifeDew,Protect|Bold||M|||50|]Aegislash||SpellTag|StanceChange|Poltergeist,ShadowSneak,SacredSword,KingsShield|Adamant||F|||50|
|showteam|p2|Staraptor||ChoiceScarf|Intimidate|FinalGambit,BraveBird,CloseCombat,Uturn|Jolly||F|||50|]Vanilluxe||NeverMeltIce|SnowWarning|Blizzard,FreezeDry,Protect,IceShard|Quiet||M|||50|]Farigiraf||SitrusBerry|ArmorTail|PsychicFangs,HyperVoice,HelpingHand,TrickRoom|Relaxed||F|||50|]Blastoise||Blastoisinite|RainDish|FakeOut,WaterSpout,AuraSphere,DarkPulse|Quiet||F|||50|]Kingambit||LifeOrb|Defiant|KowtowCleave,IronHead,Protect,SuckerPunch|Brave||F|||50|]Camerupt||Cameruptite|SolidRock|HeatWave,EarthPower,Protect,AncientPower|Quiet||F|||50|
|inactive|Battle timer is ON: inactive players will automatically lose when time's up. (requested by cantchat_sorry)
|j| soulmoonvgc
|l| soulmoonvgc
|
|t:|1785267181
|teamsize|p1|4
|teamsize|p2|4
|start
|switch|p1a: Milotic|Milotic, L50, M|100/100
|switch|p1b: Sableye|Sableye, L50, M|100/100
|switch|p2a: Farigiraf|Farigiraf, L50, F|100/100
|switch|p2b: Vanilluxe|Vanilluxe, L50, M|100/100
|-weather|Snowscape|[from] ability: Snow Warning|[of] p2b: Vanilluxe
|turn|1
|inactive|cantchat_sorry has 30 seconds left.
|inactive|cantchat_sorry has 20 seconds left.
|
|t:|1785267217
|switch|p1a: Aegislash|Aegislash, L50, F|100/100
|move|p2b: Vanilluxe|Freeze-Dry|p1a: Aegislash
|-resisted|p1a: Aegislash|1
|-damage|p1a: Aegislash|83/100
|move|p1b: Sableye|Foul Play|p2a: Farigiraf
|-supereffective|p2a: Farigiraf|1
|-damage|p2a: Farigiraf|48/100
|-enditem|p2a: Farigiraf|Sitrus Berry|[eat]
|-heal|p2a: Farigiraf|73/100|[from] item: Sitrus Berry
|move|p2a: Farigiraf|Trick Room|p2a: Farigiraf
|-fieldstart|move: Trick Room|[of] p2a: Farigiraf
|
|-weather|Snowscape|[upkeep]
|upkeep
|turn|2
|
|t:|1785267233
|switch|p2a: Kingambit|Kingambit, L50, F|100/100
|switch|p2b: Camerupt|Camerupt, L50, F|100/100
|move|p1b: Sableye|Light Screen|p1b: Sableye
|-sidestart|p1: cantchat_sorry|move: Light Screen
|-formechange|p1a: Aegislash|Aegislash-Blade|
|move|p1a: Aegislash|Sacred Sword|p2b: Camerupt
|-crit|p2b: Camerupt
|-damage|p2b: Camerupt|31/100
|
|-weather|Snowscape|[upkeep]
|upkeep
|turn|3
|
|t:|1785267255
|switch|p2a: Farigiraf|Farigiraf, L50, F|73/100
|switch|p1b: Milotic|Milotic, L50, M|100/100
|detailschange|p2b: Camerupt|Camerupt-Mega, L50, F
|-mega|p2b: Camerupt|Camerupt|Cameruptite
|-formechange|p1a: Aegislash|Aegislash|
|move|p1a: Aegislash|King's Shield|p1a: Aegislash
|-singleturn|p1a: Aegislash|Protect
|move|p2b: Camerupt|Heat Wave|p1a: Aegislash|[spread] p1b
|-activate|p1a: Aegislash|move: Protect
|-resisted|p1b: Milotic|1
|-damage|p1b: Milotic|85/100
|
|-weather|Snowscape|[upkeep]
|-heal|p1b: Milotic|91/100|[from] item: Leftovers
|upkeep
|turn|4
|
|t:|1785267275
|switch|p1a: Garchomp|Garchomp, L50, F|100/100
|move|p2b: Camerupt|Protect|p2b: Camerupt
|-singleturn|p2b: Camerupt|Protect
|move|p2a: Farigiraf|Psychic Fangs|p1b: Milotic
|-sideend|p1: cantchat_sorry|move: Light Screen
|-damage|p1b: Milotic|71/100
|move|p1b: Milotic|Scald|p2b: Camerupt
|-activate|p2b: Camerupt|move: Protect
|
|-weather|Snowscape|[upkeep]
|-heal|p1b: Milotic|77/100|[from] item: Leftovers
|upkeep
|turn|5
|
|t:|1785267294
|move|p2b: Camerupt|Earth Power|p1a: Garchomp
|-damage|p1a: Garchomp|21/100
|move|p2a: Farigiraf|Hyper Voice|p1a: Garchomp|[spread] p1a,p1b
|-damage|p1a: Garchomp|0 fnt
|-damage|p1b: Milotic|60/100
|faint|p1a: Garchomp
|move|p1b: Milotic|Life Dew|p1b: Milotic
|-heal|p1b: Milotic|85/100
|
|-weather|none
|-heal|p1b: Milotic|91/100|[from] item: Leftovers
|-fieldend|move: Trick Room
|upkeep
|
|t:|1785267307
|switch|p1a: Sableye|Sableye, L50, M|100/100
|turn|6
|
|t:|1785267314
|move|p2b: Camerupt|Protect|p2b: Camerupt
|-singleturn|p2b: Camerupt|Protect
|move|p1b: Milotic|Scald|p2b: Camerupt
|-activate|p2b: Camerupt|move: Protect
|move|p1a: Sableye|Foul Play|p2a: Farigiraf
|-supereffective|p2a: Farigiraf|1
|-damage|p2a: Farigiraf|21/100
|move|p2a: Farigiraf|Trick Room|p2a: Farigiraf
|-fieldstart|move: Trick Room|[of] p2a: Farigiraf
|
|-heal|p1b: Milotic|97/100|[from] item: Leftovers
|upkeep
|turn|7
|
|t:|1785267329
|move|p2a: Farigiraf|Helping Hand|p2b: Camerupt
|-singleturn|p2b: Camerupt|Helping Hand|[of] p2a: Farigiraf
|move|p1a: Sableye|Light Screen|p1a: Sableye
|-sidestart|p1: cantchat_sorry|move: Light Screen
|move|p2b: Camerupt|Earth Power|p1b: Milotic
|-damage|p1b: Milotic|41/100
|move|p1b: Milotic|Scald|p2b: Camerupt
|-supereffective|p2b: Camerupt|2
|-damage|p2b: Camerupt|0 fnt
|faint|p2b: Camerupt
|
|-heal|p1b: Milotic|47/100|[from] item: Leftovers
|upkeep
|
|t:|1785267340
|switch|p2b: Vanilluxe|Vanilluxe, L50, M|100/100
|-weather|Snowscape|[from] ability: Snow Warning|[of] p2b: Vanilluxe
|turn|8
|
|t:|1785267360
|switch|p1a: Aegislash|Aegislash, L50, F|83/100
|switch|p2a: Kingambit|Kingambit, L50, F|100/100
|move|p2b: Vanilluxe|Blizzard|p1b: Milotic|[spread] p1a,p1b
|-resisted|p1a: Aegislash|1
|-resisted|p1b: Milotic|1
|-damage|p1a: Aegislash|71/100
|-damage|p1b: Milotic|34/100
|move|p1b: Milotic|Life Dew|p1b: Milotic|[spread] p1a,p1b
|-heal|p1a: Aegislash|96/100
|-heal|p1b: Milotic|59/100
|
|-weather|Snowscape|[upkeep]
|-heal|p1b: Milotic|65/100|[from] item: Leftovers
|upkeep
|turn|9
|
|t:|1785267375
|move|p2a: Kingambit|Kowtow Cleave|p1b: Milotic
|-damage|p1b: Milotic|12/100
|-damage|p2a: Kingambit|90/100|[from] item: Life Orb
|-formechange|p1a: Aegislash|Aegislash-Blade|
|move|p1a: Aegislash|Sacred Sword|p2a: Kingambit
|-supereffective|p2a: Kingambit|2
|-damage|p2a: Kingambit|0 fnt
|faint|p2a: Kingambit
|move|p2b: Vanilluxe|Freeze-Dry|p1b: Milotic
|-supereffective|p1b: Milotic|1
|-damage|p1b: Milotic|0 fnt
|faint|p1b: Milotic
|
|-weather|Snowscape|[upkeep]
|upkeep
|
|t:|1785267388
|switch|p2a: Farigiraf|Farigiraf, L50, F|21/100
|switch|p1b: Sableye|Sableye, L50, M|100/100
|turn|10
|
|t:|1785267398
|move|p1b: Sableye|Foul Play|p2a: Farigiraf
|-supereffective|p2a: Farigiraf|1
|-damage|p2a: Farigiraf|0 fnt
|faint|p2a: Farigiraf
|move|p1a: Aegislash|Sacred Sword|p2b: Vanilluxe
|-supereffective|p2b: Vanilluxe|1
|-damage|p2b: Vanilluxe|43/100
|move|p2b: Vanilluxe|Blizzard|p1a: Aegislash|[spread] p1a,p1b
|-resisted|p1a: Aegislash|1
|-damage|p1a: Aegislash|68/100
|-damage|p1b: Sableye|47/100
|
|-weather|Snowscape|[upkeep]
|-fieldend|move: Trick Room
|upkeep
|turn|11
|
|t:|1785267413
|-formechange|p1a: Aegislash|Aegislash|
|move|p1a: Aegislash|King's Shield|p1a: Aegislash
|-singleturn|p1a: Aegislash|Protect
|move|p1b: Sableye|Thunder Wave|p2b: Vanilluxe
|-status|p2b: Vanilluxe|par
|move|p2b: Vanilluxe|Blizzard|p1a: Aegislash|[spread] p1b
|-activate|p1a: Aegislash|move: Protect
|-damage|p1b: Sableye|0 fnt
|faint|p1b: Sableye
|
|-weather|Snowscape|[upkeep]
|-sideend|p1: cantchat_sorry|move: Light Screen
|upkeep
|turn|12
|
|t:|1785267427
|-formechange|p1a: Aegislash|Aegislash-Blade|
|move|p1a: Aegislash|Poltergeist|p2b: Vanilluxe
|-activate|p2b: Vanilluxe|move: Poltergeist|Never-Melt Ice
|-damage|p2b: Vanilluxe|0 fnt
|faint|p2b: Vanilluxe
|
|win|cantchat_sorry
||thegreatestnone is ready for game 2.
|inactive|cantchat_sorry has 30 seconds to confirm battle start!
||cantchat_sorry is ready for game 2.
|uhtml|next|Next: Game 2 of 3
|l|☆thegreatestnone
|player|p2|
|l|☆cantchat_sorry
|player|p1|
|j| soulmoonvgc
