|j|☆helpimbadatthislol
|j|☆FreezersPleezers
|html|helpimbadatthislolFreezersPleezers    
|uhtml|bestof|Game 1 of a best-of-3
|t:|1785051668
|gametype|doubles
|player|p1|helpimbadatthislol|rosa|1076
|player|p2|FreezersPleezers|169|1000
|gen|9
|tier|[Gen 9 Champions] VGC 2026 Reg M-B (Bo3)
|rated|
|rule|Species Clause: Limit one of each Pokémon
|rule|Item Clause: Limit 1 of each item
|clearpoke
|poke|p1|Ampharos, L50, F|
|poke|p1|Scizor, L50, M|
|poke|p1|Rotom-Heat, L50|
|poke|p1|Heliolisk, L50, F|
|poke|p1|Stunfisk, L50, M|
|poke|p1|Dragonite, L50, M|
|poke|p2|Abomasnow, L50, F|
|poke|p2|Garchomp, L50, M|
|poke|p2|Tinkaton, L50, F|
|poke|p2|Rotom-Wash, L50|
|poke|p2|Armarouge, L50, F|
|poke|p2|Clefable, L50, F|
|teampreview|4
|showteam|p1|Ampharos||Ampharosite|Static|ParabolicCharge,Protect,Thunderbolt,DragonPulse|Quiet||F|||50|]Scizor||LifeOrb|Technician|BulletPunch,Uturn,CloseCombat,Protect|Brave||M|||50|]Rotom-Heat||SitrusBerry|Levitate|Overheat,Discharge,WillOWisp,VoltSwitch|Quiet|||||50|]Heliolisk||ChoiceScarf|SolarPower|HyperVoice,WeatherBall,Discharge,DarkPulse|Timid||F|||50|]Stunfisk||FocusSash|Static|RainDance,EarthPower,Discharge,ThunderWave|Quiet||M|||50|]Dragonite||ChestoBerry|InnerFocus|Rest,DragonClaw,ExtremeSpeed,Tailwind|Adamant||M|||50|
|showteam|p2|Abomasnow||Abomasite|SnowWarning|Blizzard,GigaDrain,EarthPower,Protect|Modest||F|||50|]Garchomp||WhiteHerb|RoughSkin|DragonClaw,StompingTantrum,RockSlide,Protect|Jolly||M|||50|]Tinkaton||FocusSash|MoldBreaker|GigatonHammer,PlayRough,FakeOut,Protect|Adamant||F|||50|]Rotom-Wash||LifeOrb|Levitate|VoltSwitch,Thunderbolt,HydroPump,Protect|Timid|||||50|]Armarouge||ColburBerry|FlashFire|HeatWave,Psychic,TrickRoom,Protect|Modest||F|||50|]Clefable||Clefablite|Unaware|Blizzard,FollowMe,Moonblast,LifeDew|Bold||F|||50|
|inactive|Battle timer is ON: inactive players will automatically lose when time's up. (requested by helpimbadatthislol)
|inactive|FreezersPleezers has 60 seconds left.
|
|t:|1785051760
|teamsize|p1|4
|teamsize|p2|4
|start
|switch|p1a: Stunfisk|Stunfisk, L50, M|100/100
|switch|p1b: Heliolisk|Heliolisk, L50, F|100/100
|switch|p2a: Armarouge|Armarouge, L50, F|100/100
|switch|p2b: Tinkaton|Tinkaton, L50, F|100/100
|-ability|p2b: Tinkaton|Mold Breaker
|turn|1
|inactive|FreezersPleezers has 30 seconds left.
|inactive|FreezersPleezers has 20 seconds left.
|
|t:|1785051797
|move|p2b: Tinkaton|Fake Out|p1a: Stunfisk
|-damage|p1a: Stunfisk|89/100
|move|p1b: Heliolisk|Hyper Voice|p2b: Tinkaton|[spread] p2a,p2b
|-resisted|p2b: Tinkaton|1
|-damage|p2a: Armarouge|62/100
|-damage|p2b: Tinkaton|85/100
|cant|p1a: Stunfisk|flinch
|move|p2a: Armarouge|Trick Room|p2a: Armarouge
|-fieldstart|move: Trick Room|[of] p2a: Armarouge
|
|upkeep
|turn|2
|inactive|FreezersPleezers has 30 seconds left.
|
|t:|1785051823
|switch|p2b: Clefable|Clefable, L50, F|100/100
|move|p2a: Armarouge|Protect|p2a: Armarouge
|-singleturn|p2a: Armarouge|Protect
|move|p1a: Stunfisk|Earth Power|p2a: Armarouge
|-activate|p2a: Armarouge|move: Protect
|move|p1b: Heliolisk|Hyper Voice|p2b: Clefable|[spread] p2b
|-activate|p2a: Armarouge|move: Protect
|-crit|p2b: Clefable
|-damage|p2b: Clefable|55/100
|
|upkeep
|turn|3
|inactive|FreezersPleezers has 30 seconds left.
|
|t:|1785051849
|switch|p2a: Garchomp|Garchomp, L50, M|100/100
|move|p1a: Stunfisk|Discharge|p2a: Garchomp|[spread] p1b,p2b
|-immune|p2a: Garchomp
|-resisted|p1b: Heliolisk|1
|-damage|p1b: Heliolisk|84/100
|-damage|p2b: Clefable|32/100
|move|p2b: Clefable|Blizzard|p1b: Heliolisk|[spread] p1a,p1b
|-supereffective|p1a: Stunfisk|1
|-crit|p1b: Heliolisk
|-damage|p1a: Stunfisk|60/100
|-damage|p1b: Heliolisk|46/100
|move|p1b: Heliolisk|Hyper Voice|p2a: Garchomp|[spread] p2a,p2b
|-damage|p2a: Garchomp|70/100
|-damage|p2b: Clefable|3/100
|
|upkeep
|turn|4
|inactive|helpimbadatthislol has 30 seconds left.
|inactive|FreezersPleezers has 30 seconds left.
|inactive|helpimbadatthislol has 20 seconds left.
|
|t:|1785051885
|move|p1a: Stunfisk|Discharge|p2a: Garchomp|[spread] p1b,p2b
|-immune|p2a: Garchomp
|-resisted|p1b: Heliolisk|1
|-damage|p1b: Heliolisk|30/100
|-damage|p2b: Clefable|0 fnt
|faint|p2b: Clefable
|move|p2a: Garchomp|Stomping Tantrum|p1b: Heliolisk
|-supereffective|p1b: Heliolisk|1
|-damage|p1b: Heliolisk|0 fnt
|faint|p1b: Heliolisk
|
|upkeep
|
|t:|1785051899
|switch|p2b: Armarouge|Armarouge, L50, F|62/100
|switch|p1b: Scizor|Scizor, L50, M|100/100
|turn|5
|inactive|helpimbadatthislol has 30 seconds left.
|
|t:|1785051931
|move|p1a: Stunfisk|Earth Power|p2b: Armarouge
|-supereffective|p2b: Armarouge|1
|-damage|p2b: Armarouge|0 fnt
|faint|p2b: Armarouge
|move|p1b: Scizor|Close Combat|p2a: Garchomp
|-damage|p2a: Garchomp|8/100
|-unboost|p1b: Scizor|def|1
|-unboost|p1b: Scizor|spd|1
|-damage|p1b: Scizor|87/100|[from] ability: Rough Skin|[of] p2a: Garchomp
|-damage|p1b: Scizor|77/100|[from] item: Life Orb
|move|p2a: Garchomp|Dragon Claw|p1a: Stunfisk
|-damage|p1a: Stunfisk|23/100
|-status|p2a: Garchomp|par|[from] ability: Static|[of] p1a: Stunfisk
|
|-fieldend|move: Trick Room
|upkeep
|
|t:|1785051956
|switch|p2b: Tinkaton|Tinkaton, L50, F|85/100
|-ability|p2b: Tinkaton|Mold Breaker
|turn|6
|
|t:|1785051975
|move|p1b: Scizor|Bullet Punch|p2a: Garchomp
|-damage|p2a: Garchomp|0 fnt
|-damage|p1b: Scizor|65/100|[from] ability: Rough Skin|[of] p2a: Garchomp
|faint|p2a: Garchomp
|-damage|p1b: Scizor|55/100|[from] item: Life Orb
|move|p2b: Tinkaton|Gigaton Hammer|p1a: Stunfisk
|-resisted|p1a: Stunfisk|1
|-damage|p1a: Stunfisk|0 fnt
|faint|p1a: Stunfisk
|
|upkeep
|
|t:|1785051978
|switch|p1a: Ampharos|Ampharos, L50, F|100/100
|turn|7
|
|t:|1785051993
|move|p1b: Scizor|Bullet Punch|p2b: Tinkaton
|-damage|p2b: Tinkaton|36/100
|-damage|p1b: Scizor|46/100|[from] item: Life Orb
|move|p2b: Tinkaton|Play Rough|p1a: Ampharos
|-damage|p1a: Ampharos|60/100
|move|p1a: Ampharos|Thunderbolt|p2b: Tinkaton
|-damage|p2b: Tinkaton|0 fnt
|faint|p2b: Tinkaton
|
|win|helpimbadatthislol
|inactive|helpimbadatthislol has 30 seconds to confirm battle start!
|inactive|FreezersPleezers has 30 seconds to confirm battle start!
|raw|helpimbadatthislol's rating: 1076 → 1098(+22 for winning)
|raw|FreezersPleezers's rating: 1000 → 1000(+0 for losing)
|l|☆FreezersPleezers
|player|p2|
