|j|☆MrGreen3432
|j|☆Frakub
|html|MrGreen3432Frakub    
|uhtml|bestof|Game 2 of a best-of-3
|t:|1757852917
|gametype|doubles
|player|p1|MrGreen3432|170|1146
|player|p2|Frakub|acetrainer-gen4dp|1163
|gen|9
|tier|[Gen 9] VGC 2025 Reg H (Bo3)
|rated|
|rule|Species Clause: Limit one of each Pokémon
|rule|Item Clause: Limit 1 of each item
|clearpoke
|poke|p1|Garchomp, L50, M|
|poke|p1|Volcarona, L50, F|
|poke|p1|Misdreavus, L50, F|
|poke|p1|Gothitelle, L50, F|
|poke|p1|Amoonguss, L50, F|
|poke|p1|Incineroar, L50, F|
|poke|p2|Kingambit, L50, F|
|poke|p2|Primarina, L50, M|
|poke|p2|Sneasler, L50, M|
|poke|p2|Magmar, L50, F|
|poke|p2|Rillaboom, L50, M|
|poke|p2|Dragapult, L50, M|
|teampreview|4
|showteam|p1|Garchomp||LifeOrb|RoughSkin|Protect,Earthquake,StompingTantrum,DragonClaw|||M|||50|,,,,,Ground]Volcarona||Leftovers|FlameBody|Protect,GigaDrain,QuiverDance,HeatWave|||F|||50|,,,,,Grass]Misdreavus||Eviolite|Levitate|Protect,PerishSong,WillOWisp,ShadowBall|||F|||50|,,,,,Steel]Gothitelle||SitrusBerry|ShadowTag|Protect,FakeOut,TrickRoom,Psychic|||F|||50|,,,,,Dark]Amoonguss||EjectButton|Regenerator|Protect,RagePowder,Spore,PollenPuff|||F|||50|,,,,,Fairy]Incineroar||SafetyGoggles|Intimidate|Protect,FakeOut,PartingShot,KnockOff|||F|||50|,,,,,Ghost
|showteam|p2|Kingambit||BlackGlasses|Defiant|KowtowCleave,SuckerPunch,SwordsDance,Protect|||F|||50|,,,,,Dark]Primarina||SitrusBerry|LiquidVoice|HyperVoice,Moonblast,Haze,Protect|||M|||50|,,,,,Poison]Sneasler||FocusSash|PoisonTouch|CloseCombat,DireClaw,FakeOut,Protect|||M|||50|,,,,,Stellar]Magmar||Eviolite|VitalSpirit|Overheat,Taunt,FollowMe,Protect|||F|||50|,,,,,Ghost]Rillaboom||AssaultVest|GrassySurge|WoodHammer,GrassyGlide,HighHorsepower,FakeOut|||M|||50|,,,,,Fire]Dragapult||ChoiceBand|ClearBody|DragonDarts,PhantomForce,Outrage,Uturn|||M|||50|,,,,,Dragon
|inactive|Battle timer is ON: inactive players will automatically lose when time's up. (requested by Frakub)
|inactive|Frakub has 60 seconds left.
|inactive|Frakub has 30 seconds left.
|inactive|Frakub has 20 seconds left.
|
|t:|1757852989
|teamsize|p1|4
|teamsize|p2|4
|start
|switch|p1a: Misdreavus|Misdreavus, L50, F|100/100
|switch|p1b: Amoonguss|Amoonguss, L50, F|100/100
|switch|p2a: Dragapult|Dragapult, L50, M|100/100
|switch|p2b: Magmar|Magmar, L50, F|100/100
|turn|1
|inactive|Frakub has 30 seconds left.
|
|t:|1757853022
|move|p1b: Amoonguss|Rage Powder|p1b: Amoonguss
|-singleturn|p1b: Amoonguss|move: Rage Powder
|move|p2a: Dragapult|Phantom Force||[still]
|-prepare|p2a: Dragapult|Phantom Force
|move|p2b: Magmar|Overheat|p1b: Amoonguss
|-supereffective|p1b: Amoonguss
|-damage|p1b: Amoonguss|3/100
|-unboost|p2b: Magmar|spa|2
|-enditem|p1b: Amoonguss|Eject Button
|
|t:|1757853034
|switch|p1b: Gothitelle|Gothitelle, L50, F|100/100
|move|p1a: Misdreavus|Will-O-Wisp|p2a: Dragapult|[miss]
|-miss|p1a: Misdreavus|p2a: Dragapult
|
|upkeep
|turn|2
|
|t:|1757853048
|switch|p1a: Amoonguss|Amoonguss, L50, F|36/100
|move|p2a: Dragapult|Phantom Force|p1a: Amoonguss|[from] lockedmove
|-damage|p1a: Amoonguss|0 fnt
|faint|p1a: Amoonguss
|move|p2b: Magmar|Taunt|p1b: Gothitelle
|-start|p1b: Gothitelle|move: Taunt
|cant|p1b: Gothitelle|move: Taunt|Trick Room
|
|upkeep
|
|t:|1757853057
|switch|p1a: Garchomp|Garchomp, L50, M|100/100
|turn|3
|
|t:|1757853071
|move|p2b: Magmar|Protect|p2b: Magmar
|-singleturn|p2b: Magmar|Protect
|move|p2a: Dragapult|Phantom Force||[still]
|-prepare|p2a: Dragapult|Phantom Force
|move|p1a: Garchomp|Stomping Tantrum|p2b: Magmar
|-activate|p2b: Magmar|move: Protect
|move|p1b: Gothitelle|Psychic|p2b: Magmar
|-activate|p2b: Magmar|move: Protect
|
|upkeep
|turn|4
|
|t:|1757853083
|switch|p1b: Misdreavus|Misdreavus, L50, F|100/100
|-terastallize|p1a: Garchomp|Ground
|move|p2b: Magmar|Follow Me|p2b: Magmar
|-singleturn|p2b: Magmar|move: Follow Me
|move|p2a: Dragapult|Phantom Force|p1b: Misdreavus|[from] lockedmove
|-supereffective|p1b: Misdreavus
|-damage|p1b: Misdreavus|0 fnt
|faint|p1b: Misdreavus
|move|p1a: Garchomp|Earthquake|p2a: Dragapult|[spread] p2a,p2b
|-supereffective|p2b: Magmar
|-damage|p2a: Dragapult|4/100
|-damage|p2b: Magmar|0 fnt
|faint|p2b: Magmar
|-damage|p1a: Garchomp|91/100|[from] item: Life Orb
|
|upkeep
|
|t:|1757853104
|switch|p2b: Sneasler|Sneasler, L50, M|100/100
|switch|p1b: Gothitelle|Gothitelle, L50, F|100/100
|turn|5
|
|t:|1757853112
|move|p2b: Sneasler|Fake Out|p1a: Garchomp
|-damage|p1a: Garchomp|77/100
|-damage|p2b: Sneasler|88/100|[from] ability: Rough Skin|[of] p1a: Garchomp
|move|p2a: Dragapult|Phantom Force||[still]
|-prepare|p2a: Dragapult|Phantom Force
|cant|p1a: Garchomp|flinch
|move|p1b: Gothitelle|Trick Room|p1b: Gothitelle
|-fieldstart|move: Trick Room|[of] p1b: Gothitelle
|
|upkeep
|turn|6
|
|t:|1757853132
|move|p2b: Sneasler|Protect|p2b: Sneasler
|-singleturn|p2b: Sneasler|Protect
|move|p1b: Gothitelle|Psychic|p2b: Sneasler
|-activate|p2b: Sneasler|move: Protect
|move|p1a: Garchomp|Stomping Tantrum|p2b: Sneasler
|-activate|p2b: Sneasler|move: Protect
|move|p2a: Dragapult|Phantom Force|p1a: Garchomp|[from] lockedmove
|-damage|p1a: Garchomp|8/100
|-damage|p2a: Dragapult|0 fnt|[from] ability: Rough Skin|[of] p1a: Garchomp
|faint|p2a: Dragapult
|
|upkeep
|
|t:|1757853144
|switch|p2a: Kingambit|Kingambit, L50, F|100/100
|turn|7
|
|t:|1757853159
|move|p1a: Garchomp|Protect|p1a: Garchomp
|-singleturn|p1a: Garchomp|Protect
|move|p1b: Gothitelle|Psychic|p2b: Sneasler
|-supereffective|p2b: Sneasler
|-damage|p2b: Sneasler|0 fnt
|faint|p2b: Sneasler
|move|p2a: Kingambit|Kowtow Cleave|p1a: Garchomp
|-activate|p1a: Garchomp|move: Protect
|
|upkeep
|turn|8
|
|t:|1757853174
|move|p1a: Garchomp|Protect||[still]
|-fail|p1a: Garchomp
|move|p2a: Kingambit|Kowtow Cleave|p1a: Garchomp
|-damage|p1a: Garchomp|0 fnt
|-damage|p2a: Kingambit|88/100|[from] ability: Rough Skin|[of] p1a: Garchomp
|faint|p1a: Garchomp
|move|p1b: Gothitelle|Trick Room|p1b: Gothitelle
|-fieldend|move: Trick Room
|
|upkeep
|turn|9
|-message|MrGreen3432 forfeited.
|
|win|Frakub
|l|☆MrGreen3432
|player|p1|
||MrGreen3432 is ready for game 3.
||Frakub is ready for game 3.
|uhtml|next|Next: Game 3 of 3
