|j|☆odio esta reg
|j|☆Reboquete
|html|odio esta regReboquete    
|uhtml|bestof|Game 3 of a best-of-3
|t:|1785507384
|gametype|doubles
|player|p1|odio esta reg|101|1106
|player|p2|Reboquete|iris-gen5bw2|1226
|gen|9
|tier|[Gen 9 Champions] VGC 2026 Reg M-B (Bo3)
|rated|
|rule|Species Clause: Limit one of each Pokémon
|rule|Item Clause: Limit 1 of each item
|clearpoke
|poke|p1|Charizard, L50, M|
|poke|p1|Garchomp, L50, M|
|poke|p1|Incineroar, L50, M|
|poke|p1|Venusaur, L50, F|
|poke|p1|Toxapex, L50, M|
|poke|p1|Sylveon, L50, F|
|poke|p2|Tyranitar, L50, F|
|poke|p2|Staraptor, L50, F|
|poke|p2|Excadrill, L50, M|
|poke|p2|Milotic, L50, F|
|poke|p2|Gholdengo, L50|
|poke|p2|Sinistcha-Masterpiece, L50|
|teampreview|4
|showteam|p1|Charizard||CharizarditeY|SolarPower|WeatherBall,HeatWave,AncientPower,Protect|Modest||M|||50|]Garchomp||ChoiceScarf|RoughSkin|RockSlide,DragonClaw,Earthquake,StompingTantrum|Adamant||M|||50|]Incineroar||SitrusBerry|Intimidate|FlareBlitz,FakeOut,DarkestLariat,PartingShot|Impish||M|||50|]Venusaur||LifeOrb|Chlorophyll|SludgeBomb,LeafStorm,EarthPower,Protect|Modest||F|||50|]Toxapex||Leftovers|Regenerator|Infestation,Toxic,WideGuard,BanefulBunker|Bold||M|||50|]Sylveon||FairyFeather|Pixilate|HyperVoice,QuickAttack,Yawn,Detect|Modest||F|||50|
|showteam|p2|Tyranitar||Tyranitarite|SandStream|RockSlide,KnockOff,Protect,HighHorsepower|Jolly||F|||50|]Staraptor||Staraptite|Intimidate|CloseCombat,BraveBird,Tailwind,Protect|Jolly||F|||50|]Excadrill||FocusSash|SandRush|IronHead,Earthquake,Protect,RockSlide|Adamant||M|||50|]Milotic||SitrusBerry|Competitive|Scald,IcyWind,Haze,Protect|Calm||F|||50|]Gholdengo||LifeOrb|GoodasGold|ShadowBall,MakeItRain,Protect,NastyPlot|Modest|||||50|]Sinistcha-Masterpiece||ColburBerry|Hospitality|MatchaGotcha,ShadowBall,Protect,RagePowder|Bold|||||50|
|inactive|Battle timer is ON: inactive players will automatically lose when time's up. (requested by odio esta reg)
|inactive|odio esta reg has 60 seconds left.
|inactive|odio esta reg has 30 seconds left.
|inactive|odio esta reg has 20 seconds left.
|inactive|odio esta reg has 15 seconds left.
|
|t:|1785507466
|teamsize|p1|4
|teamsize|p2|4
|start
|switch|p1a: Venusaur|Venusaur, L50, F|100/100
|switch|p1b: Garchomp|Garchomp, L50, M|100/100
|switch|p2a: Gholdengo|Gholdengo, L50|100/100
|switch|p2b: Staraptor|Staraptor, L50, F|100/100
|-ability|p2b: Staraptor|Intimidate|boost
|-unboost|p1a: Venusaur|atk|1
|-unboost|p1b: Garchomp|atk|1
|turn|1
|inactive|odio esta reg has 30 seconds left.
|
|t:|1785507493
|move|p2a: Gholdengo|Protect|p2a: Gholdengo
|-singleturn|p2a: Gholdengo|Protect
|move|p1b: Garchomp|Stomping Tantrum|p2a: Gholdengo
|-activate|p2a: Gholdengo|move: Protect
|move|p2b: Staraptor|Tailwind|p2b: Staraptor
|-sidestart|p2: Reboquete|move: Tailwind
|move|p1a: Venusaur|Sludge Bomb|p2b: Staraptor
|-damage|p2b: Staraptor|29/100
|-damage|p1a: Venusaur|90/100|[from] item: Life Orb
|
|upkeep
|turn|2
|inactive|odio esta reg has 30 seconds left.
|inactive|Reboquete has 30 seconds left.
|inactive|Reboquete has 20 seconds left.
|
|t:|1785507530
|switch|p1b: Charizard|Charizard, L50, M|100/100
|move|p1a: Venusaur|Protect|p1a: Venusaur
|-singleturn|p1a: Venusaur|Protect
|move|p2b: Staraptor|Brave Bird|p1a: Venusaur
|-activate|p1a: Venusaur|move: Protect
|move|p2a: Gholdengo|Nasty Plot|p2a: Gholdengo
|-boost|p2a: Gholdengo|spa|2
|
|upkeep
|turn|3
|
|t:|1785507549
|detailschange|p1b: Charizard|Charizard-Mega-Y, L50, M
|-mega|p1b: Charizard|Charizard|Charizardite Y
|-weather|SunnyDay|[from] ability: Drought|[of] p1b: Charizard
|move|p2b: Staraptor|Brave Bird|p1a: Venusaur
|-supereffective|p1a: Venusaur|1
|-damage|p1a: Venusaur|0 fnt
|faint|p1a: Venusaur
|-damage|p2b: Staraptor|4/100|[from] Recoil
|move|p2a: Gholdengo|Shadow Ball|p1b: Charizard
|-damage|p1b: Charizard|20/100r
|-damage|p2a: Gholdengo|90/100|[from] item: Life Orb
|move|p1b: Charizard|Heat Wave|p2b: Staraptor|[spread] p2a,p2b
|-supereffective|p2a: Gholdengo|1
|-damage|p2a: Gholdengo|0 fnt
|-damage|p2b: Staraptor|0 fnt
|faint|p2a: Gholdengo
|faint|p2b: Staraptor
|
|-weather|SunnyDay|[upkeep]
|upkeep
|
|t:|1785507572
|switch|p2b: Excadrill|Excadrill, L50, M|100/100
|switch|p1a: Garchomp|Garchomp, L50, M|100/100
|switch|p2a: Tyranitar|Tyranitar, L50, F|100/100
|-weather|Sandstorm|[from] ability: Sand Stream|[of] p2a: Tyranitar
|turn|4
|inactive|Reboquete has 30 seconds left.
|
|t:|1785507604
|detailschange|p2a: Tyranitar|Tyranitar-Mega, L50, F
|-mega|p2a: Tyranitar|Tyranitar|Tyranitarite
|move|p2b: Excadrill|Rock Slide|p1b: Charizard|[spread] p1a
|-miss|p2b: Excadrill|p1b: Charizard
|-resisted|p1a: Garchomp|1
|-damage|p1a: Garchomp|89/100
|move|p2a: Tyranitar|Knock Off|p1a: Garchomp
|-damage|p1a: Garchomp|32/100
|-damage|p2a: Tyranitar|87/100|[from] ability: Rough Skin|[of] p1a: Garchomp
|-enditem|p1a: Garchomp|Choice Scarf|[from] move: Knock Off|[of] p2a: Tyranitar
|move|p1a: Garchomp|Earthquake|p2b: Excadrill|[spread] p2a,p2b
|-immune|p1b: Charizard
|-supereffective|p2a: Tyranitar|1
|-supereffective|p2b: Excadrill|1
|-damage|p2a: Tyranitar|33/100
|-enditem|p2b: Excadrill|Focus Sash
|-damage|p2b: Excadrill|1/100
|move|p1b: Charizard|Heat Wave|p2b: Excadrill|[spread] p2a,p2b
|-resisted|p2a: Tyranitar|1
|-supereffective|p2b: Excadrill|1
|-damage|p2a: Tyranitar|21/100
|-damage|p2b: Excadrill|0 fnt
|faint|p2b: Excadrill
|
|-weather|Sandstorm|[upkeep]
|-damage|p1b: Charizard|14/100|[from] Sandstorm
|-sideend|p2: Reboquete|move: Tailwind
|upkeep
|turn|5
|inactive|odio esta reg has 30 seconds left.
|inactive|Reboquete has 30 seconds left.
|inactive|odio esta reg has 20 seconds left.
|
|t:|1785507640
|move|p1a: Garchomp|Earthquake|p2a: Tyranitar|[spread] p2a
|-immune|p1b: Charizard
|-supereffective|p2a: Tyranitar|1
|-damage|p2a: Tyranitar|0 fnt
|faint|p2a: Tyranitar
|
|win|odio esta reg
|raw|odio esta reg's rating: 1106 → 1139(+33 for winning)
|raw|Reboquete's rating: 1226 → 1193(-33 for losing)
