|j|☆temporary name 3
|j|‽ajin22
|html|temporary name 3ajin22    
|uhtml|bestof|Game 1 of a best-of-3
|t:|1784949482
|gametype|doubles
|player|p1|temporary name 3|169|1110
|player|p2|ajin22|2|1129
|gen|9
|tier|[Gen 9 Champions] VGC 2026 Reg M-B (Bo3)
|rated|
|rule|Species Clause: Limit one of each Pokémon
|rule|Item Clause: Limit 1 of each item
|clearpoke
|poke|p1|Charizard, L50, M|
|poke|p1|Venusaur, L50, M|
|poke|p1|Torkoal, L50, M|
|poke|p1|Farigiraf, L50, F|
|poke|p1|Dragapult, L50, M|
|poke|p1|Mawile, L50, F|
|poke|p2|Raichu, L50, F|
|poke|p2|Gholdengo, L50|
|poke|p2|Garchomp, L50, F|
|poke|p2|Incineroar, L50, M|
|poke|p2|Milotic, L50, F|
|poke|p2|Whimsicott, L50, F|
|teampreview|4
|showteam|p1|Charizard||CharizarditeY|SolarPower|Protect,HeatWave,WeatherBall,SolarBeam|Modest||M|||50|]Venusaur||LifeOrb|Chlorophyll|EarthPower,SleepPowder,SludgeBomb,Protect|Modest||M|||50|]Torkoal||Charcoal|Drought|Protect,Eruption,WeatherBall,HelpingHand|Quiet||M|||50|]Farigiraf||SitrusBerry|ArmorTail|TrickRoom,Thunderbolt,Protect,Psychic|Bold||F|||50|]Dragapult||FocusSash|ClearBody|Uturn,DragonDarts,PhantomForce,Protect|Adamant||M|||50|]Mawile||Mawilite|Intimidate|PlayRough,Protect,SuckerPunch,IronHead|Adamant||F|||50|
|showteam|p2|Raichu||RaichuniteY|LightningRod|ZapCannon,FocusBlast,Protect,FakeOut|Timid||F|||50|]Gholdengo||SpellTag|GoodasGold|NastyPlot,ShadowBall,Protect,MakeItRain|Modest|||||50|]Garchomp||LifeOrb|RoughSkin|Earthquake,RockSlide,Protect,DragonClaw|Adamant||F|||50|]Incineroar||SitrusBerry|Intimidate|FakeOut,FlareBlitz,DarkestLariat,PartingShot|Impish||M|||50|]Milotic||Leftovers|Competitive|Coil,HydroPump,Hypnosis,Recover|Calm||F|||50|]Whimsicott||FocusSash|Prankster|Tailwind,Moonblast,Encore,Protect|Timid||F|||50|
|inactive|Battle timer is ON: inactive players will automatically lose when time's up. (requested by temporary name 3)
|
|t:|1784949562
|teamsize|p1|4
|teamsize|p2|4
|start
|switch|p1a: Venusaur|Venusaur, L50, M|100/100
|switch|p1b: Torkoal|Torkoal, L50, M|100/100
|switch|p2a: Raichu|Raichu, L50, F|100/100
|switch|p2b: Incineroar|Incineroar, L50, M|100/100
|-ability|p2b: Incineroar|Intimidate|boost
|-unboost|p1a: Venusaur|atk|1
|-unboost|p1b: Torkoal|atk|1
|-weather|SunnyDay|[from] ability: Drought|[of] p1b: Torkoal
|turn|1
|inactive|temporary name 3 has 30 seconds left.
|
|t:|1784949589
|detailschange|p2a: Raichu|Raichu-Mega-Y, L50, F
|-mega|p2a: Raichu|Raichu|Raichunite Y
|move|p1a: Venusaur|Protect|p1a: Venusaur
|-singleturn|p1a: Venusaur|Protect
|move|p1b: Torkoal|Protect|p1b: Torkoal
|-singleturn|p1b: Torkoal|Protect
|move|p2b: Incineroar|Fake Out|p1a: Venusaur
|-activate|p1a: Venusaur|move: Protect
|move|p2a: Raichu|Zap Cannon|p1b: Torkoal
|-activate|p1b: Torkoal|move: Protect
|
|-weather|SunnyDay|[upkeep]
|upkeep
|turn|2
|
|t:|1784949598
|move|p1b: Torkoal|Helping Hand|p1a: Venusaur
|-singleturn|p1a: Venusaur|Helping Hand|[of] p1b: Torkoal
|move|p2a: Raichu|Protect|p2a: Raichu
|-singleturn|p2a: Raichu|Protect
|move|p1a: Venusaur|Earth Power|p2b: Incineroar
|-supereffective|p2b: Incineroar|1
|-crit|p2b: Incineroar
|-damage|p2b: Incineroar|0 fnt
|faint|p2b: Incineroar
|-damage|p1a: Venusaur|90/100|[from] item: Life Orb
|
|-weather|SunnyDay|[upkeep]
|upkeep
|
|t:|1784949615
|switch|p2b: Garchomp|Garchomp, L50, F|100/100
|turn|3
|
|t:|1784949620
|switch|p2a: Milotic|Milotic, L50, F|100/100
|move|p1b: Torkoal|Helping Hand|p1a: Venusaur
|-singleturn|p1a: Venusaur|Helping Hand|[of] p1b: Torkoal
|move|p1a: Venusaur|Earth Power|p2a: Milotic
|-damage|p2a: Milotic|67/100
|-damage|p1a: Venusaur|80/100|[from] item: Life Orb
|move|p2b: Garchomp|Earthquake|p1a: Venusaur|[spread] p2a,p1a,p1b
|-supereffective|p1b: Torkoal|1
|-damage|p2a: Milotic|20/100y
|-damage|p1a: Venusaur|8/100
|-damage|p1b: Torkoal|24/100
|-damage|p2b: Garchomp|90/100|[from] item: Life Orb
|
|-weather|SunnyDay|[upkeep]
|-heal|p2a: Milotic|26/100|[from] item: Leftovers
|upkeep
|turn|4
|
|t:|1784949638
|switch|p1b: Farigiraf|Farigiraf, L50, F|100/100
|move|p1a: Venusaur|Protect|p1a: Venusaur
|-singleturn|p1a: Venusaur|Protect
|move|p2b: Garchomp|Protect|p2b: Garchomp
|-singleturn|p2b: Garchomp|Protect
|move|p2a: Milotic|Hydro Pump|p1b: Farigiraf
|-damage|p1b: Farigiraf|79/100
|
|-weather|SunnyDay|[upkeep]
|-heal|p2a: Milotic|32/100|[from] item: Leftovers
|upkeep
|turn|5
|
|t:|1784949652
|move|p1a: Venusaur|Sludge Bomb|p2a: Milotic
|-damage|p2a: Milotic|0 fnt
|faint|p2a: Milotic
|-damage|p1a: Venusaur|0 fnt|[from] item: Life Orb
|faint|p1a: Venusaur
|move|p2b: Garchomp|Rock Slide|p1b: Farigiraf
|-damage|p1b: Farigiraf|54/100
|-damage|p2b: Garchomp|80/100|[from] item: Life Orb
|move|p1b: Farigiraf|Trick Room|p1b: Farigiraf
|-fieldstart|move: Trick Room|[of] p1b: Farigiraf
|
|-weather|none
|upkeep
|
|t:|1784949663
|switch|p2a: Raichu|Raichu-Mega-Y, L50, F|100/100
|switch|p1a: Mawile|Mawile, L50, F|100/100
|-ability|p1a: Mawile|Intimidate|boost
|-unboost|p2a: Raichu|atk|1
|-unboost|p2b: Garchomp|atk|1
|turn|6
|-message|ajin22 forfeited.
|
|win|temporary name 3
||ajin22 is ready for game 2.
||temporary name 3 is ready for game 2.
|uhtml|next|Next: Game 2 of 3
|l|☆temporary name 3
|player|p1|
