|j|☆sproless
|j|☆freudianbreath
|html|sprolessfreudianbreath    
|uhtml|bestof|Game 2 of a best-of-3
|t:|1784437711
|gametype|doubles
|player|p1|sproless|102|1099
|player|p2|freudianbreath|265|1074
|gen|9
|tier|[Gen 9 Champions] VGC 2026 Reg M-B (Bo3)
|rated|
|rule|Species Clause: Limit one of each Pokémon
|rule|Item Clause: Limit 1 of each item
|clearpoke
|poke|p1|Charizard, L50, M|
|poke|p1|Venusaur, L50, M|
|poke|p1|Toxapex, L50, F|
|poke|p1|Mamoswine, L50, F|
|poke|p1|Incineroar, L50, M|
|poke|p1|Farigiraf, L50, M|
|poke|p2|Aerodactyl, L50, M|
|poke|p2|Blaziken, L50, F|
|poke|p2|Torkoal, L50, F|
|poke|p2|Basculegion, L50, M|
|poke|p2|Sylveon, L50, M|
|poke|p2|Kingambit, L50, M|
|teampreview|4
|showteam|p1|Charizard||CharizarditeY|Blaze|WeatherBall,HeatWave,SolarBeam,Protect|Timid||M|||50|]Venusaur||LifeOrb|Chlorophyll|SludgeBomb,EnergyBall,EarthPower,Protect|Modest||M|||50|]Toxapex||Leftovers|Regenerator|Infestation,Toxic,WideGuard,BanefulBunker|Bold||F|||50|]Mamoswine||FocusSash|Oblivious|IcicleCrash,IceShard,HighHorsepower,Protect|Adamant||F|||50|]Incineroar||WhiteHerb|Intimidate|FlareBlitz,DarkestLariat,CloseCombat,FakeOut|Brave||M|||50|]Farigiraf||SitrusBerry|ArmorTail|TwinBeam,Thunderbolt,HelpingHand,TrickRoom|Relaxed||M|||50|
|showteam|p2|Aerodactyl||Aerodactylite|Unnerve|IceFang,DualWingbeat,RockSlide,Tailwind|Jolly||M|||50|]Blaziken||Blazikenite|SpeedBoost|Detect,FlareBlitz,RockSlide,CloseCombat|Adamant||F|||50|]Torkoal||Leftovers|Drought|HeatWave,WeatherBall,Protect,Yawn|Relaxed||F|||50|]Basculegion||SitrusBerry|Adaptability|WaveCrash,LastRespects,AquaJet,Protect|Adamant||M|||50|]Sylveon||FairyFeather|Pixilate|HyperVoice,Moonblast,QuickAttack,Detect|Modest||M|||50|]Kingambit||LifeOrb|Defiant|KowtowCleave,SuckerPunch,IronHead,Protect|Adamant||M|||50|
|
|t:|1784437734
|teamsize|p1|4
|teamsize|p2|4
|start
|switch|p1a: Farigiraf|Farigiraf, L50, M|100/100
|switch|p1b: Mamoswine|Mamoswine, L50, F|100/100
|switch|p2a: Blaziken|Blaziken, L50, F|100/100
|switch|p2b: Aerodactyl|Aerodactyl, L50, M|100/100
|-ability|p2b: Aerodactyl|Unnerve
|turn|1
|inactive|Battle timer is ON: inactive players will automatically lose when time's up. (requested by sproless)
|
|t:|1784437842
|detailschange|p2a: Blaziken|Blaziken-Mega, L50, F
|-mega|p2a: Blaziken|Blaziken|Blazikenite
|move|p2b: Aerodactyl|Tailwind|p2b: Aerodactyl
|-sidestart|p2: freudianbreath|move: Tailwind
|move|p2a: Blaziken|Close Combat|p1a: Farigiraf
|-damage|p1a: Farigiraf|41/100
|-unboost|p2a: Blaziken|def|1
|-unboost|p2a: Blaziken|spd|1
|move|p1b: Mamoswine|High Horsepower|p2a: Blaziken
|-supereffective|p2a: Blaziken|1
|-damage|p2a: Blaziken|0 fnt
|faint|p2a: Blaziken
|move|p1a: Farigiraf|Trick Room|p1a: Farigiraf
|-fieldstart|move: Trick Room|[of] p1a: Farigiraf
|
|upkeep
|
|t:|1784437866
|switch|p2a: Sylveon|Sylveon, L50, M|100/100
|turn|2
|inactive|sproless has 30 seconds left.
|inactive|freudianbreath has 30 seconds left.
|inactive|sproless has 20 seconds left.
|
|t:|1784437903
|switch|p1a: Venusaur|Venusaur, L50, M|100/100
|switch|p2b: Kingambit|Kingambit, L50, M|100/100
|move|p1b: Mamoswine|Protect|p1b: Mamoswine
|-singleturn|p1b: Mamoswine|Protect
|move|p2a: Sylveon|Hyper Voice|p1a: Venusaur|[spread] p1a
|-activate|p1b: Mamoswine|move: Protect
|-resisted|p1a: Venusaur|1
|-damage|p1a: Venusaur|71/100
|
|upkeep
|turn|3
|inactive|freudianbreath has 30 seconds left.
|inactive|freudianbreath has 20 seconds left.
|inactive|freudianbreath has 15 seconds left.
|inactive|freudianbreath has 10 seconds left.
|
|t:|1784437953
|move|p2b: Kingambit|Protect|p2b: Kingambit
|-singleturn|p2b: Kingambit|Protect
|move|p2a: Sylveon|Detect|p2a: Sylveon
|-singleturn|p2a: Sylveon|Protect
|move|p1b: Mamoswine|High Horsepower|p2b: Kingambit
|-activate|p2b: Kingambit|move: Protect
|move|p1a: Venusaur|Sludge Bomb|p2a: Sylveon
|-activate|p2a: Sylveon|move: Protect
|
|upkeep
|turn|4
|inactive|freudianbreath has 30 seconds left.
|inactive|freudianbreath has 20 seconds left.
|inactive|freudianbreath has 15 seconds left.
|
|t:|1784437993
|switch|p2b: Aerodactyl|Aerodactyl, L50, M|100/100
|-ability|p2b: Aerodactyl|Unnerve
|move|p1b: Mamoswine|High Horsepower|p2b: Aerodactyl
|-immune|p2b: Aerodactyl
|move|p1a: Venusaur|Sludge Bomb|p2a: Sylveon
|-supereffective|p2a: Sylveon|1
|-damage|p2a: Sylveon|22/100
|-status|p2a: Sylveon|psn
|-damage|p1a: Venusaur|61/100|[from] item: Life Orb
|move|p2a: Sylveon|Hyper Voice|p1b: Mamoswine|[spread] p1a,p1b
|-resisted|p1a: Venusaur|1
|-damage|p1a: Venusaur|35/100
|-damage|p1b: Mamoswine|35/100
|
|-damage|p2a: Sylveon|10/100 psn|[from] psn
|-sideend|p2: freudianbreath|move: Tailwind
|upkeep
|turn|5
|inactive|freudianbreath has 30 seconds left.
|inactive|freudianbreath has 20 seconds left.
|inactive|freudianbreath has 15 seconds left.
|inactive|freudianbreath has 10 seconds left.
|inactive|freudianbreath has 5 seconds left.
|
|t:|1784438047
|move|p1a: Venusaur|Protect|p1a: Venusaur
|-singleturn|p1a: Venusaur|Protect
|move|p1b: Mamoswine|Protect|p1b: Mamoswine
|-singleturn|p1b: Mamoswine|Protect
|move|p2a: Sylveon|Hyper Voice|p1b: Mamoswine|[spread] 
|-activate|p1a: Venusaur|move: Protect
|-activate|p1b: Mamoswine|move: Protect
|move|p2b: Aerodactyl|Tailwind|p2b: Aerodactyl
|-sidestart|p2: freudianbreath|move: Tailwind
|
|-damage|p2a: Sylveon|0 fnt|[from] psn
|faint|p2a: Sylveon
|-fieldend|move: Trick Room
|upkeep
|
|t:|1784438051
|switch|p2a: Kingambit|Kingambit, L50, M|100/100
|turn|6
|inactive|freudianbreath has 30 seconds left.
|inactive|freudianbreath has 20 seconds left.
|inactive|freudianbreath has 15 seconds left.
|inactive|freudianbreath has 10 seconds left.
|inactive|freudianbreath has 5 seconds left.
|
|t:|1784438103
|move|p1a: Venusaur|Protect||[still]
|-fail|p1a: Venusaur
|move|p1b: Mamoswine|Ice Shard|p2b: Aerodactyl
|-supereffective|p2b: Aerodactyl|1
|-damage|p2b: Aerodactyl|32/100
|move|p2b: Aerodactyl|Ice Fang|p1a: Venusaur
|-supereffective|p1a: Venusaur|1
|-damage|p1a: Venusaur|0 fnt
|faint|p1a: Venusaur
|move|p2a: Kingambit|Kowtow Cleave|p1b: Mamoswine
|-damage|p1b: Mamoswine|0 fnt
|faint|p1b: Mamoswine
|-damage|p2a: Kingambit|90/100|[from] item: Life Orb
|
|upkeep
|
|t:|1784438117
|switch|p1a: Charizard|Charizard, L50, M|100/100
|switch|p1b: Farigiraf|Farigiraf, L50, M|41/100
|turn|7
|inactive|freudianbreath has 30 seconds left.
|inactive|freudianbreath has 20 seconds left.
|inactive|freudianbreath has 15 seconds left.
|inactive|freudianbreath has 10 seconds left.
|inactive|freudianbreath has 5 seconds left.
|
|t:|1784438171
|detailschange|p1a: Charizard|Charizard-Mega-Y, L50, M
|-mega|p1a: Charizard|Charizard|Charizardite Y
|-weather|SunnyDay|[from] ability: Drought|[of] p1a: Charizard
|move|p1b: Farigiraf|Helping Hand|p1a: Charizard
|-singleturn|p1a: Charizard|Helping Hand|[of] p1b: Farigiraf
|move|p2b: Aerodactyl|Rock Slide|p1a: Charizard|[spread] p1b
|-miss|p2b: Aerodactyl|p1a: Charizard
|-damage|p1b: Farigiraf|22/100
|move|p2a: Kingambit|Kowtow Cleave|p1a: Charizard
|-damage|p1a: Charizard|40/100
|-damage|p2a: Kingambit|80/100|[from] item: Life Orb
|move|p1a: Charizard|Heat Wave|p2b: Aerodactyl|[spread] p2a,p2b
|-supereffective|p2a: Kingambit|1
|-resisted|p2b: Aerodactyl|1
|-damage|p2a: Kingambit|0 fnt
|-damage|p2b: Aerodactyl|0 fnt
|-enditem|p1b: Farigiraf|Sitrus Berry|[eat]
|-heal|p1b: Farigiraf|47/100|[from] item: Sitrus Berry
|faint|p2a: Kingambit
|faint|p2b: Aerodactyl
|
|win|sproless
|inactive|sproless has 30 seconds to confirm battle start!
|inactive|freudianbreath has 30 seconds to confirm battle start!
||sproless is ready for game 3.
