|j|☆jogadorzero
|j|☆eriksp
|html|jogadorzeroeriksp    
|uhtml|bestof|Game 1 of a best-of-3
|t:|1757205440
|gametype|doubles
|player|p1|jogadorzero|brock|
|player|p2|eriksp|calem-masters|
|gen|9
|tier|[Gen 9] VGC 2025 Reg H (Bo3)
|rule|Species Clause: Limit one of each Pokémon
|rule|Item Clause: Limit 1 of each item
|clearpoke
|poke|p1|Delphox, L50, M|
|poke|p1|Indeedee, L50, M|
|poke|p1|Dragapult, L50, M|
|poke|p1|Sneasler, L50, F|
|poke|p1|Talonflame, L50, M|
|poke|p1|Ninetales-Alola, L50, F|
|poke|p2|Volcarona, L50, M|
|poke|p2|Kingambit, L50, F|
|poke|p2|Dragonite, L50, M|
|poke|p2|Sneasler, L50, M|
|poke|p2|Rillaboom, L50, M|
|poke|p2|Electabuzz, L50, M|
|teampreview|4
|showteam|p1|Delphox||LifeOrb|Blaze|ExpandingForce,HeatWave,TeraBlast,Protect|||M|||50|,,,,,Fighting]Indeedee||FocusSash|PsychicSurge|ExpandingForce,TrickRoom,Imprison,TeraBlast|||M|||50|,,,,,Fighting]Dragapult||ChoiceBand|ClearBody|DragonDarts,TeraBlast,Uturn,PhantomForce|||M|||50|,,,,,Fairy]Sneasler||PsychicSeed|Unburden|DireClaw,CloseCombat,Protect,ThroatChop|||F|||50|,,,,,Dark]Talonflame||CovertCloak|GaleWings|Tailwind,FlareBlitz,BraveBird,Protect|||M|||50|,,,,,Electric]Ninetales-Alola||LightClay|SnowWarning|FreezeDry,AuroraVeil,Moonblast,Protect|||F|||50|,,,,,Ice
|showteam|p2|Volcarona||Leftovers|FlameBody|HeatWave,TeraBlast,QuiverDance,Protect|||M|||50|,,,,,Fairy]Kingambit||BlackGlasses|Defiant|KowtowCleave,SuckerPunch,SwordsDance,Protect|||F|||50|,,,,,Ghost]Dragonite||LoadedDice|Multiscale|ScaleShot,ExtremeSpeed,Haze,Protect|||M|||50|,,,,,Normal]Sneasler||FocusSash|Unburden|CloseCombat,DireClaw,FakeOut,Coaching|||M|||50|,,,,,Stellar]Rillaboom||AssaultVest|GrassySurge|WoodHammer,GrassyGlide,HighHorsepower,FakeOut|||M|||50|,,,,,Fire]Electabuzz||Eviolite|VitalSpirit|Thunderbolt,Taunt,FollowMe,Protect|||M|||50|,,,,,Ghost
|c|☆jogadorzero|glhf
|inactive|Battle timer is ON: inactive players will automatically lose when time's up. (requested by jogadorzero)
|c|☆eriksp|u2
|
|t:|1757205484
|teamsize|p1|4
|teamsize|p2|4
|start
|switch|p1a: Dragapult|Dragapult, L50, M|100/100
|switch|p1b: Delphox|Delphox, L50, M|100/100
|switch|p2a: Volcarona|Volcarona, L50, M|100/100
|switch|p2b: Electabuzz|Electabuzz, L50, M|100/100
|turn|1
|
|t:|1757205498
|move|p2b: Electabuzz|Follow Me|p2b: Electabuzz
|-singleturn|p2b: Electabuzz|move: Follow Me
|move|p1a: Dragapult|Phantom Force||[still]
|-prepare|p1a: Dragapult|Phantom Force
|move|p1b: Delphox|Heat Wave|p2a: Volcarona|[spread] p2a
|-miss|p1b: Delphox|p2b: Electabuzz
|-damage|p2a: Volcarona|58/100
|-damage|p1b: Delphox|90/100|[from] item: Life Orb
|move|p2a: Volcarona|Quiver Dance|p2a: Volcarona
|-boost|p2a: Volcarona|spa|1
|-boost|p2a: Volcarona|spd|1
|-boost|p2a: Volcarona|spe|1
|
|-heal|p2a: Volcarona|64/100|[from] item: Leftovers
|upkeep
|turn|2
|
|t:|1757205518
|move|p2b: Electabuzz|Follow Me|p2b: Electabuzz
|-singleturn|p2b: Electabuzz|move: Follow Me
|move|p2a: Volcarona|Quiver Dance|p2a: Volcarona
|-boost|p2a: Volcarona|spa|1
|-boost|p2a: Volcarona|spd|1
|-boost|p2a: Volcarona|spe|1
|move|p1a: Dragapult|Phantom Force|p2b: Electabuzz|[from] lockedmove
|-damage|p2b: Electabuzz|46/100
|move|p1b: Delphox|Heat Wave|p2b: Electabuzz|[spread] p2a,p2b
|-damage|p2a: Volcarona|41/100
|-damage|p2b: Electabuzz|11/100
|-damage|p1b: Delphox|80/100|[from] item: Life Orb
|
|-heal|p2a: Volcarona|48/100|[from] item: Leftovers
|upkeep
|turn|3
|inactive|eriksp has 30 seconds left.
|
|t:|1757205552
|-terastallize|p2a: Volcarona|Fairy
|-terastallize|p1a: Dragapult|Fairy
|move|p2b: Electabuzz|Protect|p2b: Electabuzz
|-singleturn|p2b: Electabuzz|Protect
|move|p2a: Volcarona|Tera Blast|p1a: Dragapult|[anim] Tera Blast Fairy
|-damage|p1a: Dragapult|0 fnt
|faint|p1a: Dragapult
|move|p1b: Delphox|Heat Wave|p2a: Volcarona|[spread] p2a
|-activate|p2b: Electabuzz|move: Protect
|-damage|p2a: Volcarona|23/100
|-damage|p1b: Delphox|70/100|[from] item: Life Orb
|
|-heal|p2a: Volcarona|29/100|[from] item: Leftovers
|upkeep
|
|t:|1757205567
|switch|p1a: Indeedee|Indeedee, L50, M|100/100
|-fieldstart|move: Psychic Terrain|[from] ability: Psychic Surge|[of] p1a: Indeedee
|turn|4
|
|t:|1757205574
|move|p2a: Volcarona|Protect|p2a: Volcarona
|-singleturn|p2a: Volcarona|Protect
|move|p1b: Delphox|Heat Wave|p2a: Volcarona|[spread] p2b
|-activate|p2a: Volcarona|move: Protect
|-damage|p2b: Electabuzz|0 fnt
|faint|p2b: Electabuzz
|-damage|p1b: Delphox|60/100|[from] item: Life Orb
|move|p1a: Indeedee|Expanding Force|p2a: Volcarona
|-activate|p2a: Volcarona|move: Protect
|
|-heal|p2a: Volcarona|36/100|[from] item: Leftovers
|upkeep
|
|t:|1757205583
|switch|p2b: Rillaboom|Rillaboom, L50, M|100/100
|-fieldstart|move: Grassy Terrain|[from] ability: Grassy Surge|[of] p2b: Rillaboom
|turn|5
|
|t:|1757205596
|move|p2b: Rillaboom|Fake Out|p1a: Indeedee
|-crit|p1a: Indeedee
|-damage|p1a: Indeedee|59/100
|move|p2a: Volcarona|Heat Wave|p1a: Indeedee|[spread] p1a,p1b
|-resisted|p1b: Delphox
|-damage|p1a: Indeedee|0 fnt
|-damage|p1b: Delphox|16/100
|faint|p1a: Indeedee
|move|p1b: Delphox|Heat Wave|p2a: Volcarona|[spread] p2a,p2b
|-supereffective|p2b: Rillaboom
|-damage|p2a: Volcarona|6/100
|-damage|p2b: Rillaboom|10/100
|-damage|p1b: Delphox|6/100|[from] item: Life Orb
|
|-heal|p2a: Volcarona|12/100|[from] Grassy Terrain
|-heal|p2a: Volcarona|19/100|[from] item: Leftovers
|-heal|p1b: Delphox|12/100|[from] Grassy Terrain
|-heal|p2b: Rillaboom|16/100|[from] Grassy Terrain
|upkeep
|
|t:|1757205610
|switch|p1a: Sneasler|Sneasler, L50, F|100/100
|turn|6
|
|t:|1757205619
|move|p2a: Volcarona|Protect|p2a: Volcarona
|-singleturn|p2a: Volcarona|Protect
|move|p1b: Delphox|Protect|p1b: Delphox
|-singleturn|p1b: Delphox|Protect
|move|p2b: Rillaboom|Grassy Glide|p1b: Delphox
|-activate|p1b: Delphox|move: Protect
|move|p1a: Sneasler|Dire Claw|p2a: Volcarona
|-activate|p2a: Volcarona|move: Protect
|
|-heal|p2a: Volcarona|25/100|[from] Grassy Terrain
|-heal|p2a: Volcarona|31/100|[from] item: Leftovers
|-heal|p1b: Delphox|18/100|[from] Grassy Terrain
|-heal|p2b: Rillaboom|22/100|[from] Grassy Terrain
|upkeep
|turn|7
|
|t:|1757205634
|move|p2a: Volcarona|Tera Blast|p1b: Delphox|[anim] Tera Blast Fairy
|-resisted|p1b: Delphox
|-crit|p1b: Delphox
|-damage|p1b: Delphox|0 fnt
|faint|p1b: Delphox
|move|p1a: Sneasler|Dire Claw|p2a: Volcarona
|-supereffective|p2a: Volcarona
|-damage|p2a: Volcarona|0 fnt
|faint|p2a: Volcarona
|move|p2b: Rillaboom|High Horsepower|p1a: Sneasler
|-supereffective|p1a: Sneasler
|-damage|p1a: Sneasler|0 fnt
|faint|p1a: Sneasler
|
|win|eriksp
