|j|☆lolgz
|j|☆KrystalPrism
|html|lolgzKrystalPrism    
|uhtml|bestof|Game 1 of a best-of-3
|t:|1783937726
|gametype|doubles
|player|p1|lolgz|dawn|1079
|player|p2|KrystalPrism|palmer|1105
|gen|9
|tier|[Gen 9 Champions] VGC 2026 Reg M-B (Bo3)
|rated|
|rule|Species Clause: Limit one of each Pokémon
|rule|Item Clause: Limit 1 of each item
|clearpoke
|poke|p1|Kingambit, L50, F|
|poke|p1|Vivillon, L50, M|
|poke|p1|Incineroar, L50, M|
|poke|p1|Sinistcha, L50|
|poke|p1|Delphox, L50, F|
|poke|p1|Feraligatr, L50, M|
|poke|p2|Volcarona, L50, M|
|poke|p2|Metagross, L50|
|poke|p2|Dragapult, L50, F|
|poke|p2|Primarina, L50, M|
|poke|p2|Chesnaught, L50, M|
|poke|p2|Krookodile, L50, F|
|teampreview|4
|showteam|p1|Kingambit||BlackGlasses|Defiant|SuckerPunch,KowtowCleave,Protect,SwordsDance|Adamant||F|||50|]Vivillon||ChoiceScarf|CompoundEyes|SleepPowder,Hurricane,RagePowder,Tailwind|Timid||M|||50|]Incineroar||PasshoBerry|Intimidate|PartingShot,FakeOut,ThroatChop,FlareBlitz|Careful||M|||50|]Sinistcha||KasibBerry|Hospitality|MatchaGotcha,RagePowder,TrickRoom,Protect|Serious|||||50|]Delphox||Delphoxite|Blaze|HeatWave,Psychic,Protect,NastyPlot|Timid||F|||50|]Feraligatr||Feraligite|Torrent|Liquidation,BodySlam,Protect,DragonDance|Jolly||M|||50|
|showteam|p2|Volcarona||FocusSash|FlameBody|HeatWave,RagePowder,Tailwind,Protect|Modest||M|||50|]Metagross||Metagrossite|ClearBody|MeteorMash,PsychicFangs,IcePunch,Protect|Jolly|||||50|]Dragapult||LifeOrb|ClearBody|DragonDarts,Uturn,SuckerPunch,Thunderbolt|Hasty||F|||50|]Primarina||KebiaBerry|LiquidVoice|HyperVoice,Moonblast,LifeDew,Protect|Modest||M|||50|]Chesnaught||BigRoot|Bulletproof|LeechSeed,DrainPunch,WoodHammer,SpikyShield|Adamant||M|||50|]Krookodile||ChoiceScarf|Intimidate|KnockOff,HighHorsepower,CloseCombat,RockSlide|Adamant||F|||50|
|inactive|Battle timer is ON: inactive players will automatically lose when time's up. (requested by lolgz)
|inactive|lolgz has 60 seconds left.
|inactive|KrystalPrism has 60 seconds left.
|inactive|lolgz has 30 seconds left.
|
|t:|1783937791
|teamsize|p1|4
|teamsize|p2|4
|start
|switch|p1a: Vivillon|Vivillon, L50, M|100/100
|switch|p1b: Feraligatr|Feraligatr, L50, M|100/100
|switch|p2a: Chesnaught|Chesnaught, L50, M|100/100
|switch|p2b: Dragapult|Dragapult, L50, F|100/100
|turn|1
|inactive|lolgz has 30 seconds left.
|inactive|KrystalPrism has 30 seconds left.
|
|t:|1783937823
|switch|p2b: Metagross|Metagross, L50|100/100
|detailschange|p1b: Feraligatr|Feraligatr-Mega, L50, M
|-mega|p1b: Feraligatr|Feraligatr|Feraligite
|move|p1a: Vivillon|Sleep Powder|p2b: Metagross
|-status|p2b: Metagross|slp|[from] move: Sleep Powder
|move|p1b: Feraligatr|Dragon Dance|p1b: Feraligatr
|-boost|p1b: Feraligatr|atk|1
|-boost|p1b: Feraligatr|spe|1
|move|p2a: Chesnaught|Leech Seed|p1a: Vivillon
|-start|p1a: Vivillon|move: Leech Seed
|
|-damage|p1a: Vivillon|87/100|[from] Leech Seed|[of] p2a: Chesnaught
|upkeep
|turn|2
|inactive|KrystalPrism has 30 seconds left.
|
|t:|1783937848
|switch|p1a: Incineroar|Incineroar, L50, M|100/100
|-ability|p1a: Incineroar|Intimidate|boost
|-unboost|p2a: Chesnaught|atk|1
|-fail|p2b: Metagross|unboost|[from] ability: Clear Body|[of] p2b: Metagross
|detailschange|p2b: Metagross|Metagross-Mega, L50
|-mega|p2b: Metagross|Metagross|Metagrossite
|move|p2a: Chesnaught|Spiky Shield|p2a: Chesnaught
|-singleturn|p2a: Chesnaught|move: Protect
|move|p1b: Feraligatr|Dragon Dance|p1b: Feraligatr
|-boost|p1b: Feraligatr|atk|1
|-boost|p1b: Feraligatr|spe|1
|cant|p2b: Metagross|slp
|
|upkeep
|turn|3
|inactive|KrystalPrism has 30 seconds left.
|
|t:|1783937879
|move|p1a: Incineroar|Fake Out|p2a: Chesnaught
|-damage|p2a: Chesnaught|91/100
|move|p1b: Feraligatr|Liquidation|p2b: Metagross
|-damage|p2b: Metagross|21/100 slp
|-curestatus|p2b: Metagross|slp|[msg]
|move|p2b: Metagross|Psychic Fangs|p1b: Feraligatr
|-damage|p1b: Feraligatr|52/100
|cant|p2a: Chesnaught|flinch
|
|upkeep
|turn|4
|
|t:|1783937903
|move|p1b: Feraligatr|Protect|p1b: Feraligatr
|-singleturn|p1b: Feraligatr|Protect
|move|p2b: Metagross|Protect|p2b: Metagross
|-singleturn|p2b: Metagross|Protect
|move|p1a: Incineroar|Parting Shot|p2a: Chesnaught
|-unboost|p2a: Chesnaught|atk|1
|-unboost|p2a: Chesnaught|spa|1
|
|t:|1783937908
|switch|p1a: Vivillon|Vivillon, L50, M|87/100|[from] Parting Shot
|move|p2a: Chesnaught|Leech Seed|p1b: Feraligatr
|-activate|p1b: Feraligatr|move: Protect
|
|upkeep
|turn|5
|
|t:|1783937931
|switch|p2a: Krookodile|Krookodile, L50, F|100/100
|-ability|p2a: Krookodile|Intimidate|boost
|-unboost|p1a: Vivillon|atk|1
|-unboost|p1b: Feraligatr|atk|1
|move|p1b: Feraligatr|Liquidation|p2b: Metagross
|-damage|p2b: Metagross|0 fnt
|faint|p2b: Metagross
|move|p1a: Vivillon|Hurricane|p2a: Krookodile
|-damage|p2a: Krookodile|50/100g
|
|upkeep
|
|t:|1783937941
|switch|p2b: Dragapult|Dragapult, L50, F|100/100
|turn|6
|
|t:|1783937955
|switch|p1a: Sinistcha|Sinistcha, L50|100/100
|-heal|p1b: Feraligatr|77/100|[from] ability: Hospitality|[of] p1a: Sinistcha
|move|p1b: Feraligatr|Protect|p1b: Feraligatr
|-singleturn|p1b: Feraligatr|Protect
|move|p2b: Dragapult|Sucker Punch||[still]
|-fail|p2b: Dragapult
|move|p2a: Krookodile|Rock Slide|p1a: Sinistcha|[spread] p1a
|-activate|p1b: Feraligatr|move: Protect
|-damage|p1a: Sinistcha|83/100
|
|upkeep
|turn|7
|
|t:|1783937975
|move|p1a: Sinistcha|Rage Powder|p1a: Sinistcha
|-singleturn|p1a: Sinistcha|move: Rage Powder
|move|p2b: Dragapult|Sucker Punch||[still]
|-fail|p2b: Dragapult
|move|p1b: Feraligatr|Body Slam|p2b: Dragapult
|-supereffective|p2b: Dragapult|1
|-damage|p2b: Dragapult|0 fnt
|faint|p2b: Dragapult
|move|p2a: Krookodile|Rock Slide|p1a: Sinistcha|[spread] p1a,p1b
|-crit|p1b: Feraligatr
|-damage|p1a: Sinistcha|66/100
|-damage|p1b: Feraligatr|52/100
|
|upkeep
|
|t:|1783937986
|switch|p2b: Chesnaught|Chesnaught, L50, M|91/100
|turn|8
|
|t:|1783937996
|move|p1a: Sinistcha|Rage Powder|p1a: Sinistcha
|-singleturn|p1a: Sinistcha|move: Rage Powder
|move|p1b: Feraligatr|Body Slam|p2a: Krookodile
|-damage|p2a: Krookodile|0 fnt
|faint|p2a: Krookodile
|move|p2b: Chesnaught|Wood Hammer|p1b: Feraligatr
|-damage|p1b: Feraligatr|5/100
|-damage|p2b: Chesnaught|76/100|[from] Recoil
|
|upkeep
|turn|9
|
|t:|1783938009
|switch|p1a: Vivillon|Vivillon, L50, M|87/100
|move|p1b: Feraligatr|Protect|p1b: Feraligatr
|-singleturn|p1b: Feraligatr|Protect
|move|p2b: Chesnaught|Spiky Shield||[still]
|-fail|p2b: Chesnaught
|
|upkeep
|turn|10
|inactive|lolgz has 30 seconds left.
|inactive|lolgz has 20 seconds left.
|
|t:|1783938047
|move|p2b: Chesnaught|Spiky Shield|p2b: Chesnaught
|-singleturn|p2b: Chesnaught|move: Protect
|move|p1b: Feraligatr|Body Slam|p2b: Chesnaught
|-activate|p2b: Chesnaught|move: Protect
|-damage|p1b: Feraligatr|0 fnt|[from] Spiky Shield|[of] p2b: Chesnaught
|faint|p1b: Feraligatr
|move|p1a: Vivillon|Hurricane|p2b: Chesnaught
|-activate|p2b: Chesnaught|move: Protect
|
|upkeep
|
|t:|1783938049
|switch|p1b: Incineroar|Incineroar, L50, M|100/100
|-ability|p1b: Incineroar|Intimidate|boost
|-unboost|p2b: Chesnaught|atk|1
|turn|11
|
|t:|1783938059
|move|p1b: Incineroar|Fake Out|p2b: Chesnaught
|-damage|p2b: Chesnaught|67/100
|move|p1a: Vivillon|Hurricane|p2b: Chesnaught
|-supereffective|p2b: Chesnaught|2
|-damage|p2b: Chesnaught|0 fnt
|faint|p2b: Chesnaught
|
|win|lolgz
