|j|☆prince42
|j|☆GGGoper
|html|prince42GGGoper    
|uhtml|bestof|Game 2 of a best-of-3
|t:|1785686581
|gametype|doubles
|player|p1|prince42|266|
|player|p2|GGGoper|preschoolerf|
|gen|9
|tier|[Gen 9 Champions] VGC 2026 Reg M-B (Bo3)
|rule|Species Clause: Limit one of each Pokémon
|rule|Item Clause: Limit 1 of each item
|clearpoke
|poke|p1|Simipour, L50, F|
|poke|p1|Simisage, L50, F|
|poke|p1|Simisear, L50, F|
|poke|p1|Runerigus, L50, F|
|poke|p1|Garbodor, L50, M|
|poke|p1|Zoroark, L50, F|
|poke|p2|Zoroark, L50, F, shiny|
|poke|p2|Tinkaton, L50, F, shiny|
|poke|p2|Simisear, L50, F, shiny|
|poke|p2|Toucannon, L50, M, shiny|
|poke|p2|Heliolisk, L50, M, shiny|
|poke|p2|Simisage, L50, M, shiny|
|teampreview|4
|showteam|p1|Simipour||MysticWater|Torrent|FakeOut,FlipTurn,IceBeam,Taunt|Hasty||F|||50|]Simisage||FocusSash|Overgrow|EnergyBall,LeafStorm,NastyPlot,Protect|Timid||F|||50|]Simisear||Charcoal|Blaze|Flamethrower,HeatWave,NastyPlot,WillOWisp|Timid||F|||50|]Runerigus||SitrusBerry|WanderingSpirit|TrickRoom,EarthPower,GigaDrain,Protect|Relaxed||F|||50|]Garbodor||KingsRock|Stench|RockBlast,DrainPunch,Protect,Toxic|Careful||M|||50|]Zoroark||LifeOrb|Illusion|DarkPulse,Flamethrower,HyperVoice,Protect|Timid||F|||50|
|showteam|p2|Zoroark||ChoiceScarf|Illusion|GrassKnot,Flamethrower,NightDaze,Psychic|Modest||F|||50|]Tinkaton|||Pickpocket|FakeOut,ThunderWave,PlayRough,GigatonHammer|Jolly||F|||50|]Simisear||SitrusBerry|Blaze|Protect,FakeOut,HeatWave,Overheat|Timid||F|||50|]Toucannon||QuickClaw|SkillLink|RockBlast,BraveBird,Tailwind,Protect|Adamant||M|||50|]Heliolisk||LifeOrb|SandVeil|Thunderbolt,DarkPulse,HyperVoice,Protect|Timid||M|||50|]Simisage||WideLens|Overgrow|FakeOut,SeedBomb,RockSlide,GunkShot|Jolly||M|||50|
|
|t:|1785686613
|teamsize|p1|4
|teamsize|p2|4
|start
|switch|p1a: Simipour|Simipour, L50, F|100/100
|switch|p1b: Runerigus|Runerigus, L50, F|100/100
|switch|p2a: Simisear|Simisear, L50, F, shiny|100/100
|switch|p2b: Simisage|Simisage, L50, M, shiny|100/100
|turn|1
|j| we_are_toasted
|l| we_are_toasted
|
|t:|1785686663
|move|p1b: Runerigus|Protect|p1b: Runerigus
|-singleturn|p1b: Runerigus|Protect
|move|p1a: Simipour|Fake Out|p2b: Simisage
|-damage|p2b: Simisage|84/100
|move|p2a: Simisear|Overheat|p1b: Runerigus
|-activate|p1b: Runerigus|move: Protect
|cant|p2b: Simisage|flinch
|
|upkeep
|turn|2
|
|t:|1785686677
|move|p2a: Simisear|Overheat|p1b: Runerigus
|-damage|p1b: Runerigus|36/100
|-unboost|p2a: Simisear|spa|2
|-enditem|p1b: Runerigus|Sitrus Berry|[eat]
|-heal|p1b: Runerigus|61/100|[from] item: Sitrus Berry
|move|p1a: Simipour|Flip Turn|p2a: Simisear
|-supereffective|p2a: Simisear|1
|-damage|p2a: Simisear|23/100
|-enditem|p2a: Simisear|Sitrus Berry|[eat]
|-heal|p2a: Simisear|48/100|[from] item: Sitrus Berry
|
|t:|1785686688
|switch|p1a: Garbodor|Garbodor, L50, M|100/100|[from] Flip Turn
|move|p2b: Simisage|Seed Bomb|p1a: Garbodor
|-resisted|p1a: Garbodor|1
|-damage|p1a: Garbodor|80/100
|move|p1b: Runerigus|Trick Room|p1b: Runerigus
|-fieldstart|move: Trick Room|[of] p1b: Runerigus
|
|upkeep
|turn|3
|
|t:|1785686707
|switch|p2a: Heliolisk|Heliolisk, L50, M, shiny|100/100
|move|p1b: Runerigus|Earth Power|p2a: Heliolisk
|-damage|p2a: Heliolisk|64/100
|replace|p2a: Zoroark|Zoroark, L50, F, shiny
|-end|p2a: Zoroark|Illusion
|move|p1a: Garbodor|Rock Blast|p2b: Simisage
|-damage|p2b: Simisage|71/100
|-damage|p2b: Simisage|59/100
|-damage|p2b: Simisage|48/100
|-hitcount|p2b: Simisage|3
|move|p2b: Simisage|Seed Bomb|p1b: Runerigus
|-supereffective|p1b: Runerigus|1
|-damage|p1b: Runerigus|21/100
|
|upkeep
|turn|4
|
|t:|1785686749
|move|p1b: Runerigus|Giga Drain|p2b: Simisage
|-resisted|p2b: Simisage|1
|-damage|p2b: Simisage|38/100
|-heal|p1b: Runerigus|25/100|[from] drain|[of] p2b: Simisage
|move|p1a: Garbodor|Drain Punch|p2a: Zoroark
|-supereffective|p2a: Zoroark|1
|-crit|p2a: Zoroark
|-damage|p2a: Zoroark|0 fnt
|-heal|p1a: Garbodor|100/100|[from] drain|[of] p2a: Zoroark
|faint|p2a: Zoroark
|move|p2b: Simisage|Seed Bomb|p1b: Runerigus
|-supereffective|p1b: Runerigus|1
|-damage|p1b: Runerigus|0 fnt
|faint|p1b: Runerigus
|
|upkeep
|
|t:|1785686766
|switch|p1b: Simipour|Simipour, L50, F|100/100
|switch|p2a: Simisear|Simisear, L50, F, shiny|48/100
|turn|5
|
|t:|1785686795
|move|p2a: Simisear|Fake Out|p1a: Garbodor
|-damage|p1a: Garbodor|90/100
|move|p1b: Simipour|Fake Out|p2a: Simisear
|-damage|p2a: Simisear|33/100
|cant|p1a: Garbodor|flinch
|move|p2b: Simisage|Seed Bomb|p1b: Simipour
|-supereffective|p1b: Simipour|1
|-damage|p1b: Simipour|0 fnt
|faint|p1b: Simipour
|
|upkeep
|
|t:|1785686806
|switch|p1b: Zoroark|Zoroark, L50, F|100/100
|turn|6
|
|t:|1785686814
|move|p2a: Simisear|Protect|p2a: Simisear
|-singleturn|p2a: Simisear|Protect
|move|p1a: Garbodor|Rock Blast|p2a: Simisear
|-activate|p2a: Simisear|move: Protect
|move|p2b: Simisage|Rock Slide|p1a: Garbodor|[spread] p1a,p1b
|-damage|p1a: Garbodor|73/100
|-damage|p1b: Zoroark|69/100
|cant|p1b: Zoroark|flinch
|
|-fieldend|move: Trick Room
|upkeep
|turn|7
|
|t:|1785686840
|move|p1a: Garbodor|Protect|p1a: Garbodor
|-singleturn|p1a: Garbodor|Protect
|move|p1b: Zoroark|Flamethrower|p2b: Simisage
|-supereffective|p2b: Simisage|1
|-damage|p2b: Simisage|0 fnt
|faint|p2b: Simisage
|-damage|p1b: Zoroark|59/100|[from] item: Life Orb
|move|p2a: Simisear|Heat Wave|p1a: Garbodor|[spread] p1b
|-activate|p1a: Garbodor|move: Protect
|-damage|p1b: Zoroark|2/100
|
|upkeep
|
|t:|1785686843
|switch|p2b: Heliolisk|Heliolisk, L50, M, shiny|100/100
|turn|8
|
|t:|1785686865
|move|p1b: Zoroark|Protect|p1b: Zoroark
|-singleturn|p1b: Zoroark|Protect
|move|p2b: Heliolisk|Hyper Voice|p1a: Garbodor|[spread] p1a
|-activate|p1b: Zoroark|move: Protect
|-damage|p1a: Garbodor|35/100
|-damage|p2b: Heliolisk|90/100|[from] item: Life Orb
|move|p2a: Simisear|Heat Wave|p1a: Garbodor|[spread] p1a
|-activate|p1b: Zoroark|move: Protect
|-damage|p1a: Garbodor|1/100
|move|p1a: Garbodor|Drain Punch|p2b: Heliolisk
|-supereffective|p2b: Heliolisk|1
|-damage|p2b: Heliolisk|2/100
|-heal|p1a: Garbodor|33/100|[from] drain|[of] p2b: Heliolisk
|
|upkeep
|turn|9
|
|t:|1785686898
|move|p2a: Simisear|Protect|p2a: Simisear
|-singleturn|p2a: Simisear|Protect
|move|p1a: Garbodor|Protect|p1a: Garbodor
|-singleturn|p1a: Garbodor|Protect
|move|p2b: Heliolisk|Hyper Voice|p1b: Zoroark|[spread] p1b
|-activate|p1a: Garbodor|move: Protect
|-damage|p1b: Zoroark|0 fnt
|faint|p1b: Zoroark
|-damage|p2b: Heliolisk|0 fnt|[from] item: Life Orb
|faint|p2b: Heliolisk
|
|upkeep
|turn|10
|
|t:|1785686916
|move|p2a: Simisear|Overheat|p1a: Garbodor
|-damage|p1a: Garbodor|0 fnt
|-unboost|p2a: Simisear|spa|2
|faint|p1a: Garbodor
|
|win|GGGoper
|c|☆prince42|gg
|c|☆prince42|Скинешь тогда?
