|j|☆mygreat
|j|☆Verycreativname
|html|mygreatVerycreativname    
|uhtml|bestof|Game 3 of a best-of-3
|t:|1783076477
|gametype|doubles
|player|p1|mygreat|veteran|1179
|player|p2|Verycreativname|hilbert-wonderlauncher|1162
|gen|9
|tier|[Gen 9 Champions] VGC 2026 Reg M-B (Bo3)
|rated|
|rule|Species Clause: Limit one of each Pokémon
|rule|Item Clause: Limit 1 of each item
|clearpoke
|poke|p1|Whimsicott, L50, F|
|poke|p1|Charizard, L50, F|
|poke|p1|Garchomp, L50, M|
|poke|p1|Sneasler, L50, M|
|poke|p1|Kingambit, L50, M|
|poke|p1|Basculegion, L50, M|
|poke|p2|Kingambit, L50, M|
|poke|p2|Whimsicott, L50, M|
|poke|p2|Staraptor, L50, F|
|poke|p2|Ceruledge, L50, F|
|poke|p2|Milotic, L50, M|
|poke|p2|Scizor, L50, F|
|teampreview|4
|showteam|p1|Whimsicott||FocusSash|Prankster|Tailwind,Moonblast,Encore,Protect|Timid||F|||50|]Charizard||CharizarditeY|Blaze|SolarBeam,WeatherBall,HeatWave,Protect|Modest||F|||50|]Garchomp||LifeOrb|RoughSkin|DragonClaw,RockSlide,Earthquake,Protect|Jolly||M|||50|]Sneasler||WhiteHerb|Unburden|DireClaw,CloseCombat,FakeOut,Protect|Adamant||M|||50|]Kingambit||BlackGlasses|Defiant|KowtowCleave,SuckerPunch,SwordsDance,Protect|Adamant||M|||50|]Basculegion||ChoiceScarf|Adaptability|WaveCrash,AquaJet,FlipTurn,LastRespects|Jolly||M|||50|
|showteam|p2|Kingambit||BlackGlasses|Defiant|SuckerPunch,KowtowCleave,IronHead,Protect|Adamant||M|||50|]Whimsicott||FocusSash|Prankster|Protect,Charm,Moonblast,Tailwind|Calm||M|||50|]Staraptor||Staraptite|Intimidate|BraveBird,CloseCombat,Roost,Protect|Adamant||F|||50|]Ceruledge||ColburBerry|FlashFire|BitterBlade,Protect,Poltergeist,ShadowSneak|Adamant||F|||50|]Milotic||Leftovers|Competitive|IceBeam,HydroPump,Recover,Protect|Bold||M|||50|]Scizor||Scizorite|Technician|BulletPunch,BugBite,SwordsDance,Protect|Adamant||F|||50|
|
|t:|1783076486
|teamsize|p1|4
|teamsize|p2|4
|start
|switch|p1a: Whimsicott|Whimsicott, L50, F|100/100
|switch|p1b: Sneasler|Sneasler, L50, M|100/100
|switch|p2a: Whimsicott|Whimsicott, L50, M|100/100
|switch|p2b: Staraptor|Staraptor, L50, F|100/100
|-ability|p2b: Staraptor|Intimidate|boost
|-unboost|p1a: Whimsicott|atk|1
|-unboost|p1b: Sneasler|atk|1
|-enditem|p1b: Sneasler|White Herb
|-clearnegativeboost|p1b: Sneasler|[silent]
|turn|1
|
|t:|1783076507
|switch|p2b: Ceruledge|Ceruledge, L50, F|100/100
|move|p2a: Whimsicott|Charm|p1b: Sneasler
|-unboost|p1b: Sneasler|atk|2
|move|p1b: Sneasler|Dire Claw|p2b: Ceruledge
|-resisted|p2b: Ceruledge|1
|-damage|p2b: Ceruledge|85/100
|move|p1a: Whimsicott|Moonblast|p2b: Ceruledge
|-resisted|p2b: Ceruledge|1
|-damage|p2b: Ceruledge|69/100
|-unboost|p2b: Ceruledge|spa|1
|
|upkeep
|turn|2
|
|t:|1783076523
|move|p2a: Whimsicott|Tailwind|p2a: Whimsicott
|-sidestart|p2: Verycreativname|move: Tailwind
|move|p1b: Sneasler|Dire Claw|p2a: Whimsicott
|-supereffective|p2a: Whimsicott|2
|-enditem|p2a: Whimsicott|Focus Sash
|-damage|p2a: Whimsicott|1/100
|move|p2b: Ceruledge|Bitter Blade|p1a: Whimsicott
|-supereffective|p1a: Whimsicott|1
|-enditem|p1a: Whimsicott|Focus Sash
|-damage|p1a: Whimsicott|1/100
|-heal|p2b: Ceruledge|100/100|[from] drain|[of] p1a: Whimsicott
|move|p1a: Whimsicott|Moonblast|p2a: Whimsicott
|-damage|p2a: Whimsicott|0 fnt
|faint|p2a: Whimsicott
|
|upkeep
|
|t:|1783076540
|switch|p2a: Staraptor|Staraptor, L50, F|100/100
|-ability|p2a: Staraptor|Intimidate|boost
|-unboost|p1a: Whimsicott|atk|1
|-unboost|p1b: Sneasler|atk|1
|turn|3
|
|t:|1783076553
|switch|p1b: Garchomp|Garchomp, L50, M|100/100
|detailschange|p2a: Staraptor|Staraptor-Mega, L50, F
|-mega|p2a: Staraptor|Staraptor|Staraptite
|move|p1a: Whimsicott|Protect|p1a: Whimsicott
|-singleturn|p1a: Whimsicott|Protect
|move|p2b: Ceruledge|Shadow Sneak|p1a: Whimsicott
|-activate|p1a: Whimsicott|move: Protect
|move|p2a: Staraptor|Close Combat|p1b: Garchomp
|-damage|p1b: Garchomp|23/100
|-boost|p2a: Staraptor|def|1
|-boost|p2a: Staraptor|spd|1
|-damage|p2a: Staraptor|87/100|[from] ability: Rough Skin|[of] p1b: Garchomp
|
|upkeep
|turn|4
|
|t:|1783076569
|move|p1b: Garchomp|Protect|p1b: Garchomp
|-singleturn|p1b: Garchomp|Protect
|move|p2b: Ceruledge|Shadow Sneak|p1a: Whimsicott
|-damage|p1a: Whimsicott|0 fnt
|faint|p1a: Whimsicott
|move|p2a: Staraptor|Close Combat|p1b: Garchomp
|-activate|p1b: Garchomp|move: Protect
|
|upkeep
|
|t:|1783076576
|switch|p1a: Sneasler|Sneasler, L50, M|100/100
|turn|5
|
|t:|1783076590
|move|p2a: Staraptor|Protect|p2a: Staraptor
|-singleturn|p2a: Staraptor|Protect
|move|p2b: Ceruledge|Protect|p2b: Ceruledge
|-singleturn|p2b: Ceruledge|Protect
|move|p1a: Sneasler|Fake Out|p2a: Staraptor
|-activate|p2a: Staraptor|move: Protect
|move|p1b: Garchomp|Rock Slide|p2a: Staraptor|[spread] 
|-activate|p2a: Staraptor|move: Protect
|-activate|p2b: Ceruledge|move: Protect
|
|-sideend|p2: Verycreativname|move: Tailwind
|upkeep
|turn|6
|
|t:|1783076611
|switch|p1a: Charizard|Charizard, L50, F|100/100
|move|p2b: Ceruledge|Shadow Sneak|p1b: Garchomp
|-damage|p1b: Garchomp|3/100
|-damage|p2b: Ceruledge|87/100|[from] ability: Rough Skin|[of] p1b: Garchomp
|move|p1b: Garchomp|Earthquake|p2b: Ceruledge|[spread] p2b
|-immune|p1a: Charizard
|-immune|p2a: Staraptor
|-supereffective|p2b: Ceruledge|1
|-damage|p2b: Ceruledge|0 fnt
|faint|p2b: Ceruledge
|-damage|p1b: Garchomp|0 fnt|[from] item: Life Orb
|faint|p1b: Garchomp
|move|p2a: Staraptor|Close Combat|p1a: Charizard
|-resisted|p1a: Charizard|1
|-damage|p1a: Charizard|51/100
|-boost|p2a: Staraptor|def|1
|-boost|p2a: Staraptor|spd|1
|
|upkeep
|
|t:|1783076628
|switch|p1b: Sneasler|Sneasler, L50, M|100/100
|switch|p2b: Milotic|Milotic, L50, M|100/100
|turn|7
|
|t:|1783076643
|detailschange|p1a: Charizard|Charizard-Mega-Y, L50, F
|-mega|p1a: Charizard|Charizard|Charizardite Y
|-weather|SunnyDay|[from] ability: Drought|[of] p1a: Charizard
|move|p2a: Staraptor|Protect|p2a: Staraptor
|-singleturn|p2a: Staraptor|Protect
|move|p2b: Milotic|Protect|p2b: Milotic
|-singleturn|p2b: Milotic|Protect
|move|p1b: Sneasler|Fake Out|p2a: Staraptor
|-activate|p2a: Staraptor|move: Protect
|move|p1a: Charizard|Heat Wave|p2a: Staraptor|[spread] 
|-activate|p2a: Staraptor|move: Protect
|-activate|p2b: Milotic|move: Protect
|
|-weather|SunnyDay|[upkeep]
|upkeep
|turn|8
|
|t:|1783076661
|move|p1b: Sneasler|Dire Claw|p2a: Staraptor
|-damage|p2a: Staraptor|61/100
|-status|p2a: Staraptor|par
|move|p1a: Charizard|Weather Ball|p2a: Staraptor
|-damage|p2a: Staraptor|4/100 par
|move|p2b: Milotic|Ice Beam|p1b: Sneasler
|-damage|p1b: Sneasler|73/100
|move|p2a: Staraptor|Brave Bird|p1a: Charizard
|-damage|p1a: Charizard|0 fnt
|faint|p1a: Charizard
|-damage|p2a: Staraptor|0 fnt|[from] Recoil
|faint|p2a: Staraptor
|
|-weather|SunnyDay|[upkeep]
|upkeep
|turn|9
|
|t:|1783076682
|move|p1b: Sneasler|Dire Claw|p2b: Milotic
|-damage|p2b: Milotic|56/100
|move|p2b: Milotic|Ice Beam|p1b: Sneasler
|-damage|p1b: Sneasler|45/100
|
|-weather|SunnyDay|[upkeep]
|-heal|p2b: Milotic|62/100|[from] item: Leftovers
|upkeep
|turn|10
|
|t:|1783076690
|move|p2b: Milotic|Protect|p2b: Milotic
|-singleturn|p2b: Milotic|Protect
|move|p1b: Sneasler|Dire Claw|p2b: Milotic
|-activate|p2b: Milotic|move: Protect
|
|-weather|SunnyDay|[upkeep]
|-heal|p2b: Milotic|68/100|[from] item: Leftovers
|upkeep
|turn|11
|
|t:|1783076711
|move|p1b: Sneasler|Dire Claw|p2b: Milotic
|-damage|p2b: Milotic|27/100
|move|p2b: Milotic|Recover|p2b: Milotic
|-heal|p2b: Milotic|77/100
|
|-weather|none
|-heal|p2b: Milotic|83/100|[from] item: Leftovers
|upkeep
|turn|12
|
|t:|1783076721
|move|p2b: Milotic|Protect|p2b: Milotic
|-singleturn|p2b: Milotic|Protect
|move|p1b: Sneasler|Dire Claw|p2b: Milotic
|-activate|p2b: Milotic|move: Protect
|
|-heal|p2b: Milotic|89/100|[from] item: Leftovers
|upkeep
|turn|13
|
|t:|1783076729
|move|p1b: Sneasler|Dire Claw|p2b: Milotic
|-damage|p2b: Milotic|50/100g
|move|p2b: Milotic|Hydro Pump|p1b: Sneasler|[miss]
|-miss|p2b: Milotic|p1b: Sneasler
|
|-heal|p2b: Milotic|56/100|[from] item: Leftovers
|upkeep
|turn|14
|
|t:|1783076737
|move|p2b: Milotic|Protect|p2b: Milotic
|-singleturn|p2b: Milotic|Protect
|move|p1b: Sneasler|Close Combat|p2b: Milotic
|-activate|p2b: Milotic|move: Protect
|
|-heal|p2b: Milotic|62/100|[from] item: Leftovers
|upkeep
|turn|15
|
|t:|1783076755
|move|p1b: Sneasler|Close Combat|p2b: Milotic
|-damage|p2b: Milotic|3/100
|-unboost|p1b: Sneasler|def|1
|-unboost|p1b: Sneasler|spd|1
|move|p2b: Milotic|Recover|p2b: Milotic
|-heal|p2b: Milotic|53/100
|
|-heal|p2b: Milotic|59/100|[from] item: Leftovers
|upkeep
|turn|16
|
|t:|1783076768
|move|p2b: Milotic|Protect|p2b: Milotic
|-singleturn|p2b: Milotic|Protect
|move|p1b: Sneasler|Close Combat|p2b: Milotic
|-activate|p2b: Milotic|move: Protect
|
|-heal|p2b: Milotic|65/100|[from] item: Leftovers
|upkeep
|turn|17
|
|t:|1783076779
|move|p1b: Sneasler|Close Combat|p2b: Milotic
|-damage|p2b: Milotic|0 fnt
|-unboost|p1b: Sneasler|def|1
|-unboost|p1b: Sneasler|spd|1
|faint|p2b: Milotic
|
|win|mygreat
|raw|mygreat's rating: 1179 → 1203(+24 for winning)
|raw|Verycreativname's rating: 1162 → 1138(-24 for losing)
