|j|☆yetiyoupi
|j|☆SRareFox
|html|yetiyoupiSRareFox    
|uhtml|bestof|Game 2 of a best-of-3
|t:|1757169950
|gametype|doubles
|player|p1|yetiyoupi|266|1146
|player|p2|SRareFox|169|1324
|gen|9
|tier|[Gen 9] VGC 2025 Reg H (Bo3)
|rated|
|rule|Species Clause: Limit one of each Pokémon
|rule|Item Clause: Limit 1 of each item
|clearpoke
|poke|p1|Braviary-Hisui, L50, M|
|poke|p1|Politoed, L50, F|
|poke|p1|Gothitelle, L50, M|
|poke|p1|Archaludon, L50, M|
|poke|p1|Sneasler, L50, M|
|poke|p1|Whimsicott, L50, M|
|poke|p2|Hatterene, L50, F|
|poke|p2|Indeedee-F, L50, F|
|poke|p2|Gallade, L50, M|
|poke|p2|Ursaluna, L50, F|
|poke|p2|Torkoal, L50, M|
|poke|p2|Porygon2, L50|
|teampreview|4
|showteam|p1|Braviary-Hisui||LifeOrb|SheerForce|Hurricane,Psychic,TeraBlast,Protect|||M|||50|,,,,,Ground]Politoed||CovertCloak|Drizzle|PerishSong,Protect,WeatherBall,IceBeam|||F|||50|,,,,,Grass]Gothitelle||SitrusBerry|ShadowTag|FakeOut,Psychic,Protect,Taunt|||M|||50|,,,,,Water]Archaludon||PowerHerb|Stamina|ElectroShot,BodyPress,Protect,DracoMeteor|||M|||50|,,,,,Electric]Sneasler||WhiteHerb|Unburden|DireClaw,CloseCombat,FakeOut,Protect|||M|||50|,,,,,Fighting]Whimsicott||FocusSash|Prankster|BeatUp,Tailwind,Moonblast,Encore|||M|||50|,,,,,Ghost
|showteam|p2|Hatterene||LifeOrb|MagicBounce|ExpandingForce,DazzlingGleam,TrickRoom,MysticalFire|||F|||50|,,,,,Fire]Indeedee-F||SafetyGoggles|PsychicSurge|Psychic,FollowMe,TrickRoom,HelpingHand|||F|||50|,,,,,Water]Gallade||ClearAmulet|Sharpness|PsychoCut,SacredSword,TrickRoom,WideGuard|||M|||50|,,,,,Grass]Ursaluna||FlameOrb|Guts|Facade,HeadlongRush,Earthquake,Protect|||F|||50|,,,,,Ghost]Torkoal||Charcoal|Drought|Eruption,WeatherBall,ClearSmog,Protect|||M|||50|,,,,,Fire]Porygon2||Eviolite|Download|IceBeam,TeraBlast,TrickRoom,Recover||||||50|,,,,,Flying
|inactive|Battle timer is ON: inactive players will automatically lose when time's up. (requested by SRareFox)
|
|t:|1757169968
|teamsize|p1|4
|teamsize|p2|4
|start
|switch|p1a: Sneasler|Sneasler, L50, M|100/100
|switch|p1b: Braviary|Braviary-Hisui, L50, M|100/100
|switch|p2a: Hatterene|Hatterene, L50, F|100/100
|switch|p2b: Indeedee|Indeedee-F, L50, F|100/100
|-fieldstart|move: Psychic Terrain|[from] ability: Psychic Surge|[of] p2b: Indeedee
|turn|1
|
|t:|1757169981
|move|p2b: Indeedee|Follow Me|p2b: Indeedee
|-singleturn|p2b: Indeedee|move: Follow Me
|move|p1a: Sneasler|Dire Claw|p2b: Indeedee
|-damage|p2b: Indeedee|58/100
|-status|p2b: Indeedee|psn
|move|p1b: Braviary|Psychic|p2b: Indeedee
|-resisted|p2b: Indeedee
|-damage|p2b: Indeedee|26/100 psn
|move|p2a: Hatterene|Trick Room|p2a: Hatterene
|-fieldstart|move: Trick Room|[of] p2a: Hatterene
|
|-damage|p2b: Indeedee|14/100 psn|[from] psn
|upkeep
|turn|2
|inactive|yetiyoupi has 30 seconds left.
|
|t:|1757170007
|move|p2b: Indeedee|Helping Hand|p2a: Hatterene
|-singleturn|p2a: Hatterene|Helping Hand|[of] p2b: Indeedee
|move|p1b: Braviary|Protect|p1b: Braviary
|-singleturn|p1b: Braviary|Protect
|move|p1a: Sneasler|Protect|p1a: Sneasler
|-singleturn|p1a: Sneasler|Protect
|move|p2a: Hatterene|Expanding Force|p1b: Braviary|[spread] 
|-activate|p1a: Sneasler|move: Protect
|-activate|p1b: Braviary|move: Protect
|
|-damage|p2b: Indeedee|2/100 psn|[from] psn
|upkeep
|turn|3
|inactive|SRareFox has 30 seconds left.
|
|t:|1757170034
|switch|p2b: Ursaluna|Ursaluna, L50, F|100/100
|switch|p1a: Archaludon|Archaludon, L50, M|100/100
|move|p2a: Hatterene|Expanding Force|p1b: Braviary|[spread] p1a,p1b
|-resisted|p1a: Archaludon
|-resisted|p1b: Braviary
|-damage|p1a: Archaludon|36/100
|-damage|p1b: Braviary|41/100
|-ability|p1a: Archaludon|Stamina|boost
|-boost|p1a: Archaludon|def|1
|-damage|p2a: Hatterene|91/100|[from] item: Life Orb
|move|p1b: Braviary|Psychic|p2a: Hatterene
|-resisted|p2a: Hatterene
|-damage|p2a: Hatterene|56/100
|
|-status|p2b: Ursaluna|brn|[from] item: Flame Orb
|upkeep
|turn|4
|inactive|SRareFox has 30 seconds left.
|inactive|SRareFox has 20 seconds left.
|inactive|SRareFox has 15 seconds left.
|
|t:|1757170075
|move|p1a: Archaludon|Protect|p1a: Archaludon
|-singleturn|p1a: Archaludon|Protect
|move|p1b: Braviary|Protect|p1b: Braviary
|-singleturn|p1b: Braviary|Protect
|move|p2a: Hatterene|Expanding Force|p1a: Archaludon|[spread] 
|-activate|p1a: Archaludon|move: Protect
|-activate|p1b: Braviary|move: Protect
|move|p2b: Ursaluna|Facade|p1a: Archaludon
|-activate|p1a: Archaludon|move: Protect
|
|-damage|p2b: Ursaluna|95/100 brn|[from] brn
|upkeep
|turn|5
|inactive|yetiyoupi has 30 seconds left.
|inactive|yetiyoupi has 20 seconds left.
|
|t:|1757170111
|switch|p1a: Politoed|Politoed, L50, F|100/100
|-weather|RainDance|[from] ability: Drizzle|[of] p1a: Politoed
|move|p1b: Braviary|Protect||[still]
|-fail|p1b: Braviary
|move|p2a: Hatterene|Expanding Force|p1a: Politoed|[spread] p1a,p1b
|-resisted|p1b: Braviary
|-damage|p1a: Politoed|33/100
|-damage|p1b: Braviary|0 fnt
|faint|p1b: Braviary
|-damage|p2a: Hatterene|46/100|[from] item: Life Orb
|move|p2b: Ursaluna|Facade|p1a: Politoed
|-damage|p1a: Politoed|0 fnt
|faint|p1a: Politoed
|
|-weather|RainDance|[upkeep]
|-damage|p2b: Ursaluna|89/100 brn|[from] brn
|-fieldend|move: Trick Room
|-fieldend|move: Psychic Terrain
|upkeep
|
|t:|1757170121
|switch|p1b: Archaludon|Archaludon, L50, M|36/100
|switch|p1a: Sneasler|Sneasler, L50, M|100/100
|turn|6
|inactive|SRareFox has 30 seconds left.
|inactive|SRareFox has 20 seconds left.
|
|t:|1757170157
|switch|p2a: Indeedee|Indeedee-F, L50, F|2/100 psn
|-fieldstart|move: Psychic Terrain|[from] ability: Psychic Surge|[of] p2a: Indeedee
|-terastallize|p2b: Ursaluna|Ghost
|move|p1a: Sneasler|Fake Out|p2a: Indeedee
|-activate|p2a: Indeedee|move: Psychic Terrain
|move|p1b: Archaludon|Draco Meteor|p2b: Ursaluna
|-damage|p2b: Ursaluna|28/100 brn
|-unboost|p1b: Archaludon|spa|2
|move|p2b: Ursaluna|Earthquake|p1a: Sneasler|[spread] p2a,p1a,p1b
|-supereffective|p1a: Sneasler
|-supereffective|p1b: Archaludon
|-damage|p2a: Indeedee|0 fnt
|-damage|p1a: Sneasler|0 fnt
|-damage|p1b: Archaludon|0 fnt
|faint|p2a: Indeedee
|faint|p1a: Sneasler
|faint|p1b: Archaludon
|
|win|SRareFox
|inactive|yetiyoupi has 30 seconds to confirm battle start!
|inactive|SRareFox has 30 seconds to confirm battle start!
