|j|☆blackstorm games
|j|☆Sedrav
|html|blackstorm gamesSedrav    
|uhtml|bestof|Game 3 of a best-of-3
|t:|1756932243
|gametype|doubles
|player|p1|blackstorm games|266|1183
|player|p2|Sedrav|265|1273
|gen|9
|tier|[Gen 9] VGC 2025 Reg H (Bo3)
|rated|
|rule|Species Clause: Limit one of each Pokémon
|rule|Item Clause: Limit 1 of each item
|clearpoke
|poke|p1|Dragonite, L50, F|
|poke|p1|Pelipper, L50, F|
|poke|p1|Gholdengo, L50|
|poke|p1|Archaludon, L50, M|
|poke|p1|Sinistcha, L50|
|poke|p1|Ursaluna, L50, F|
|poke|p2|Garchomp, L50, F|
|poke|p2|Talonflame, L50, F|
|poke|p2|Gholdengo, L50|
|poke|p2|Tyranitar, L50, M|
|poke|p2|Amoonguss, L50, F|
|poke|p2|Milotic, L50, M|
|teampreview|4
|showteam|p1|Dragonite||LoadedDice|Multiscale|ScaleShot,Tailwind,Haze,Protect|||F|||50|,,,,,Fairy]Pelipper||FocusSash|Drizzle|Hurricane,Tailwind,WeatherBall,Protect|||F|||50|,,,,,Ghost]Gholdengo||LifeOrb|GoodasGold|MakeItRain,ShadowBall,NastyPlot,Protect||||||50|,,,,,Water]Archaludon||AssaultVest|Stamina|ElectroShot,BodyPress,DracoMeteor,Snarl|||M|||50|,,,,,Fighting]Sinistcha||SitrusBerry|Hospitality|MatchaGotcha,LifeDew,RagePowder,TrickRoom||||||50|,,,,,Dark]Ursaluna||FlameOrb|Guts|HeadlongRush,Earthquake,Facade,Protect|||F|||50|,,,,,Ghost
|showteam|p2|Garchomp||LifeOrb|RoughSkin|DragonClaw,StompingTantrum,Earthquake,Protect|||F|||50|,,,,,Fairy]Talonflame||CovertCloak|GaleWings|BraveBird,Tailwind,WillOWisp,Taunt|||F|||50|,,,,,Grass]Gholdengo||MetalCoat|GoodasGold|MakeItRain,ShadowBall,NastyPlot,Protect||||||50|,,,,,Flying]Tyranitar||AssaultVest|SandStream|RockSlide,KnockOff,LowKick,TeraBlast|||M|||50|,,,,,Flying]Amoonguss||SitrusBerry|Regenerator|Spore,RagePowder,PollenPuff,Protect|||F|||50|,,,,,Water]Milotic||SafetyGoggles|Competitive|Scald,IcyWind,Haze,Protect|||M|||50|,,,,,Dragon
|inactive|Battle timer is ON: inactive players will automatically lose when time's up. (requested by Sedrav)
|inactive|blackstorm games has 60 seconds left.
|inactive|Sedrav has 60 seconds left.
|
|t:|1756932285
|teamsize|p1|4
|teamsize|p2|4
|start
|switch|p1a: Dragonite|Dragonite, L50, F|100/100
|switch|p1b: Gholdengo|Gholdengo, L50|100/100
|switch|p2a: Tyranitar|Tyranitar, L50, M|100/100
|switch|p2b: Gholdengo|Gholdengo, L50|100/100
|-weather|Sandstorm|[from] ability: Sand Stream|[of] p2a: Tyranitar
|turn|1
|inactive|Sedrav has 30 seconds left.
|inactive|Sedrav has 20 seconds left.
|inactive|Sedrav has 15 seconds left.
|inactive|Sedrav has 10 seconds left.
|inactive|Sedrav has 5 seconds left.
|
|t:|1756932337
|-terastallize|p1b: Gholdengo|Water
|move|p1b: Gholdengo|Shadow Ball|p2b: Gholdengo
|-supereffective|p2b: Gholdengo
|-damage|p2b: Gholdengo|0 fnt
|faint|p2b: Gholdengo
|-damage|p1b: Gholdengo|91/100|[from] item: Life Orb
|move|p1a: Dragonite|Tailwind|p1a: Dragonite
|-sidestart|p1: blackstorm games|move: Tailwind
|move|p2a: Tyranitar|Knock Off|p1b: Gholdengo
|-damage|p1b: Gholdengo|37/100
|-enditem|p1b: Gholdengo|Life Orb|[from] move: Knock Off|[of] p2a: Tyranitar
|
|-weather|Sandstorm|[upkeep]
|-damage|p1b: Gholdengo|31/100|[from] Sandstorm
|-damage|p1a: Dragonite|95/100|[from] Sandstorm
|upkeep
|
|t:|1756932354
|switch|p2b: Milotic|Milotic, L50, M|100/100
|turn|2
|
|t:|1756932373
|-terastallize|p2a: Tyranitar|Flying
|move|p1b: Gholdengo|Make It Rain|p2a: Tyranitar|[spread] p2a,p2b
|-resisted|p2b: Milotic
|-damage|p2a: Tyranitar|75/100
|-damage|p2b: Milotic|84/100
|-unboost|p1b: Gholdengo|spa|1
|move|p1a: Dragonite|Scale Shot|p2b: Milotic
|-damage|p2b: Milotic|72/100
|-damage|p2b: Milotic|60/100
|-damage|p2b: Milotic|48/100
|-damage|p2b: Milotic|36/100
|-damage|p2b: Milotic|24/100
|-hitcount|p2b: Milotic|5
|-unboost|p1a: Dragonite|def|1
|-boost|p1a: Dragonite|spe|1
|move|p2b: Milotic|Icy Wind|p1a: Dragonite|[spread] p1a,p1b
|-supereffective|p1a: Dragonite
|-resisted|p1b: Gholdengo
|-damage|p1a: Dragonite|54/100
|-damage|p1b: Gholdengo|25/100
|-unboost|p1a: Dragonite|spe|1
|-unboost|p1b: Gholdengo|spe|1
|move|p2a: Tyranitar|Rock Slide|p1a: Dragonite|[spread] p1a,p1b
|-supereffective|p1a: Dragonite
|-damage|p1a: Dragonite|0 fnt
|-damage|p1b: Gholdengo|0 fnt
|faint|p1a: Dragonite
|faint|p1b: Gholdengo
|
|-weather|Sandstorm|[upkeep]
|-damage|p2a: Tyranitar|70/100|[from] Sandstorm
|upkeep
|inactive|blackstorm games has 30 seconds left.
|
|t:|1756932400
|switch|p1b: Archaludon|Archaludon, L50, M|100/100
|switch|p1a: Sinistcha|Sinistcha, L50|100/100
|turn|3
|inactive|Sedrav has 30 seconds left.
|
|t:|1756932426
|move|p2b: Milotic|Protect|p2b: Milotic
|-singleturn|p2b: Milotic|Protect
|move|p1a: Sinistcha|Rage Powder|p1a: Sinistcha
|-singleturn|p1a: Sinistcha|move: Rage Powder
|move|p1b: Archaludon|Electro Shot||[still]
|-prepare|p1b: Archaludon|Electro Shot
|-boost|p1b: Archaludon|spa|1
|move|p2a: Tyranitar|Knock Off|p1a: Sinistcha
|-supereffective|p1a: Sinistcha
|-damage|p1a: Sinistcha|12/100
|-enditem|p1a: Sinistcha|Sitrus Berry|[from] move: Knock Off|[of] p2a: Tyranitar
|
|-weather|Sandstorm|[upkeep]
|-damage|p1a: Sinistcha|6/100|[from] Sandstorm
|-damage|p2a: Tyranitar|64/100|[from] Sandstorm
|upkeep
|turn|4
|inactive|Sedrav has 30 seconds left.
|
|t:|1756932456
|switch|p2a: Garchomp|Garchomp, L50, F|100/100
|move|p1b: Archaludon|Electro Shot|p2a: Garchomp|[from] lockedmove
|-immune|p2a: Garchomp
|move|p1a: Sinistcha|Matcha Gotcha|p2a: Garchomp|[spread] p2a,p2b
|-supereffective|p2b: Milotic
|-damage|p2a: Garchomp|72/100
|-heal|p1a: Sinistcha|20/100|[from] drain|[of] p2a: Garchomp
|-damage|p2b: Milotic|0 fnt
|-heal|p1a: Sinistcha|34/100|[from] drain|[of] p2b: Milotic
|faint|p2b: Milotic
|
|-weather|Sandstorm|[upkeep]
|-damage|p1a: Sinistcha|27/100|[from] Sandstorm
|-sideend|p1: blackstorm games|move: Tailwind
|upkeep
|
|t:|1756932471
|switch|p2b: Tyranitar|Tyranitar, L50, M, tera:Flying|64/100
|turn|5
|inactive|blackstorm games has 30 seconds left.
|inactive|Sedrav has 30 seconds left.
|inactive|blackstorm games has 20 seconds left.
|
|t:|1756932506
|move|p2a: Garchomp|Protect|p2a: Garchomp
|-singleturn|p2a: Garchomp|Protect
|move|p1b: Archaludon|Draco Meteor|p2a: Garchomp
|-activate|p2a: Garchomp|move: Protect
|move|p2b: Tyranitar|Tera Blast|p1a: Sinistcha|[anim] Tera Blast Flying
|-supereffective|p1a: Sinistcha
|-damage|p1a: Sinistcha|0 fnt
|faint|p1a: Sinistcha
|
|-weather|none
|upkeep
|turn|6
|-message|blackstorm games forfeited.
|
|win|Sedrav
|raw|blackstorm games's rating: 1183 → 1164(-19 for losing)
|raw|Sedrav's rating: 1273 → 1292(+19 for winning)
|l|☆blackstorm games
|player|p1|
