|j|☆Kahizar
|j|☆KatKraydel
|html|KahizarKatKraydel    
|uhtml|bestof|Game 2 of a best-of-3
|t:|1757705289
|gametype|doubles
|player|p1|Kahizar|169|1091
|player|p2|KatKraydel|caitlin-masters|1185
|gen|9
|tier|[Gen 9] VGC 2025 Reg H (Bo3)
|rated|
|rule|Species Clause: Limit one of each Pokémon
|rule|Item Clause: Limit 1 of each item
|clearpoke
|poke|p1|Ninetales-Alola, L50, M|
|poke|p1|Incineroar, L50, M|
|poke|p1|Murkrow, L50, M|
|poke|p1|Sneasler, L50, M|
|poke|p1|Rillaboom, L50, M|
|poke|p1|Gholdengo, L50|
|poke|p2|Primarina, L50, M|
|poke|p2|Talonflame, L50, F|
|poke|p2|Garchomp, L50, M|
|poke|p2|Ninetales-Alola, L50, M|
|poke|p2|Sinistcha, L50|
|poke|p2|Conkeldurr, L50, F|
|teampreview|4
|showteam|p1|Ninetales-Alola||FocusSash|SnowWarning|AuroraVeil,Blizzard,Moonblast,Protect|||M|||50|,,,,,Water]Incineroar||SafetyGoggles|Intimidate|FlareBlitz,FakeOut,KnockOff,PartingShot|||M|||50|,,,,,Ghost]Murkrow||Eviolite|Prankster|Taunt,Tailwind,Haze,FoulPlay|||M|||50|,,,,,Ghost]Sneasler||ChoiceBand|PoisonTouch|CloseCombat,RockSlide,DireClaw,ThroatChop|||M|||50|,,,,,Dark]Rillaboom||AssaultVest|GrassySurge|WoodHammer,GrassyGlide,FakeOut,Uturn|||M|||50|,,,,,Fire]Gholdengo||LifeOrb|GoodasGold|MakeItRain,TeraBlast,NastyPlot,Protect||||||50|,,,,,Ground
|showteam|p2|Primarina||SitrusBerry|LiquidVoice|HyperVoice,Moonblast,Haze,Protect|||M|||50|,,,,,Poison]Talonflame||SharpBeak|GaleWings|DualWingbeat,FlareBlitz,Tailwind,Taunt|||F|||50|,,,,,Ghost]Garchomp||LifeOrb|RoughSkin|StompingTantrum,Earthquake,Protect,DragonClaw|||M|||50|,,,,,Ground]Ninetales-Alola||FocusSash|SnowWarning|Blizzard,FreezeDry,Moonblast,Protect|||M|||50|,,,,,Fire]Sinistcha||RockyHelmet|Hospitality|MatchaGotcha,RagePowder,LifeDew,Protect||||||50|,,,,,Water]Conkeldurr||FlameOrb|Guts|CloseCombat,KnockOff,WideGuard,MachPunch|||F|||50|,,,,,Dark
|
|t:|1757705321
|teamsize|p1|4
|teamsize|p2|4
|start
|switch|p1a: Murkrow|Murkrow, L50, M|100/100
|switch|p1b: Ninetales|Ninetales-Alola, L50, M|100/100
|switch|p2a: Garchomp|Garchomp, L50, M, shiny|100/100
|switch|p2b: Talonflame|Talonflame, L50, F, shiny|100/100
|-weather|Snowscape|[from] ability: Snow Warning|[of] p1b: Ninetales
|turn|1
|
|t:|1757705341
|-terastallize|p2a: Garchomp|Ground
|move|p1a: Murkrow|Taunt|p2b: Talonflame
|-start|p2b: Talonflame|move: Taunt
|move|p1b: Ninetales|Blizzard|p2b: Talonflame|[spread] p2a,p2b
|-supereffective|p2a: Garchomp
|-crit|p2a: Garchomp
|-damage|p2a: Garchomp|0 fnt
|-damage|p2b: Talonflame|59/100
|faint|p2a: Garchomp
|move|p2b: Talonflame|Flare Blitz|p1b: Ninetales
|-supereffective|p1b: Ninetales
|-crit|p1b: Ninetales
|-enditem|p1b: Ninetales|Focus Sash
|-damage|p1b: Ninetales|1/100
|-damage|p2b: Talonflame|29/100|[from] Recoil
|
|-weather|Snowscape|[upkeep]
|upkeep
|c|☆KatKraydel|you wanna know  a funfact
|c|☆KatKraydel|that crit mattered
|c|☆Kahizar|sure
|c|☆Kahizar|oh yeah
|c|☆KatKraydel|garchomp would survive with 2%
|c|☆Kahizar|feel kinda bad about it
|
|t:|1757705383
|switch|p2a: Ninetales|Ninetales-Alola, L50, M, shiny|100/100
|turn|2
|
|t:|1757705406
|switch|p2b: Mermadonna|Primarina, L50, M, shiny|100/100
|move|p1a: Murkrow|Tailwind|p1a: Murkrow
|-sidestart|p1: Kahizar|move: Tailwind
|move|p1b: Ninetales|Blizzard|p2a: Ninetales|[spread] p2a,p2b
|-resisted|p2a: Ninetales
|-resisted|p2b: Mermadonna
|-damage|p2a: Ninetales|82/100
|-damage|p2b: Mermadonna|88/100
|move|p2a: Ninetales|Blizzard|p1a: Murkrow|[spread] p1a,p1b
|-supereffective|p1a: Murkrow
|-resisted|p1b: Ninetales
|-damage|p1a: Murkrow|42/100
|-damage|p1b: Ninetales|0 fnt
|faint|p1b: Ninetales
|
|-weather|Snowscape|[upkeep]
|upkeep
|
|t:|1757705427
|switch|p1b: Gholdengo|Gholdengo, L50|100/100
|turn|3
|
|t:|1757705449
|move|p2a: Ninetales|Protect|p2a: Ninetales
|-singleturn|p2a: Ninetales|Protect
|move|p1a: Murkrow|Taunt|p2b: Mermadonna
|-start|p2b: Mermadonna|move: Taunt
|move|p1b: Gholdengo|Nasty Plot|p1b: Gholdengo
|-boost|p1b: Gholdengo|spa|2
|move|p2b: Mermadonna|Moonblast|p1a: Murkrow
|-supereffective|p1a: Murkrow
|-damage|p1a: Murkrow|0 fnt
|faint|p1a: Murkrow
|
|-weather|Snowscape|[upkeep]
|upkeep
|
|t:|1757705460
|switch|p1a: Incineroar|Incineroar, L50, M|100/100
|-ability|p1a: Incineroar|Intimidate|boost
|-unboost|p2a: Ninetales|atk|1
|-unboost|p2b: Mermadonna|atk|1
|turn|4
|
|t:|1757705476
|move|p2a: Ninetales|Protect||[still]
|-fail|p2a: Ninetales
|move|p1b: Gholdengo|Make It Rain|p2a: Ninetales|[spread] p2a,p2b
|-supereffective|p2a: Ninetales
|-damage|p2a: Ninetales|0 fnt
|-damage|p2b: Mermadonna|0 fnt
|-unboost|p1b: Gholdengo|spa|1
|faint|p2a: Ninetales
|faint|p2b: Mermadonna
|-damage|p1b: Gholdengo|91/100|[from] item: Life Orb
|move|p1a: Incineroar|Knock Off|p2: Ninetales|[notarget]
|-fail|p1a: Incineroar
|
|-weather|Snowscape|[upkeep]
|upkeep
|
|t:|1757705497
|switch|p2b: Talonflame|Talonflame, L50, F, shiny|29/100
|turn|5
|
|t:|1757705504
|move|p1b: Gholdengo|Make It Rain|p2b: Talonflame
|-resisted|p2b: Talonflame
|-damage|p2b: Talonflame|0 fnt
|-unboost|p1b: Gholdengo|spa|1
|faint|p2b: Talonflame
|-damage|p1b: Gholdengo|81/100|[from] item: Life Orb
|
|win|Kahizar
|raw|Kahizar's rating: 1091 → 1124(+33 for winning)
|raw|KatKraydel's rating: 1185 → 1153(-32 for losing)
|l|☆KatKraydel
|player|p2|
