|j|☆farmingsim2421
|j|☆copicentrovgc
|html|farmingsim2421copicentrovgc    
|uhtml|bestof|Game 3 of a best-of-3
|t:|1756521671
|gametype|doubles
|player|p1|farmingsim2421|elesa|1139
|player|p2|copicentrovgc|265|1062
|gen|9
|tier|[Gen 9] VGC 2025 Reg H (Bo3)
|rated|
|rule|Species Clause: Limit one of each Pokémon
|rule|Item Clause: Limit 1 of each item
|clearpoke
|poke|p1|Archaludon, L50, F|
|poke|p1|Basculegion, L50, M|
|poke|p1|Pelipper, L50, M|
|poke|p1|Amoonguss, L50, M|
|poke|p1|Incineroar, L50, F|
|poke|p1|Gholdengo, L50|
|poke|p2|Garganacl, L50, M|
|poke|p2|Dondozo, L50, M|
|poke|p2|Sneasler, L50, F|
|poke|p2|Gholdengo, L50|
|poke|p2|Ninetales-Alola, L50, M|
|poke|p2|Incineroar, L50, F|
|teampreview|4
|showteam|p1|Archaludon||AssaultVest|Stamina|ElectroShot,BodyPress,FlashCannon,DracoMeteor|||F|||50|,,,,,Grass]Basculegion||LifeOrb|SwiftSwim|Protect,WaveCrash,AquaJet,LastRespects|||M|||50|,,,,,Dark]Pelipper||FocusSash|Drizzle|Hurricane,WeatherBall,Tailwind,Protect|||M|||50|,,,,,Ghost]Amoonguss||SitrusBerry|Regenerator|Spore,RagePowder,PollenPuff,BulletSeed|||M|||50|,,,,,Water]Incineroar||CovertCloak|Intimidate|FakeOut,FlareBlitz,KnockOff,PartingShot|||F|||50|,,,,,Flying]Gholdengo||MetalCoat|GoodasGold|NastyPlot,Protect,MakeItRain,ShadowBall||||||50|,,,,,Steel
|showteam|p2|Garganacl||MarangaBerry|PurifyingSalt|SaltCure,StealthRock,Protect,Recover|||M|||50|,,,,,Flying]Dondozo||Leftovers|Unaware|Liquidation,Yawn,Curse,Protect|||M|||50|,,,,,Poison]Sneasler||FocusSash|PoisonTouch|DireClaw,CloseCombat,Coaching,Protect|||F|||50|,,,,,Ghost]Gholdengo||ChoiceScarf|GoodasGold|MakeItRain,ShadowBall,Trick,PowerGem||||||50|,,,,,Steel]Ninetales-Alola||NeverMeltIce|SnowWarning|Blizzard,FreezeDry,Protect,AuroraVeil|||M|||50|,,,,,Ice]Incineroar||AssaultVest|Intimidate|FlareBlitz,KnockOff,FakeOut,Uturn|||F|||50|,,,,,Grass
|
|t:|1756521712
|teamsize|p1|4
|teamsize|p2|4
|start
|switch|p1a: Wailord :(|Archaludon, L50, F|100/100
|switch|p1b: Acid|Amoonguss, L50, M|100/100
|switch|p2a: Sneasler|Sneasler, L50, F|100/100
|switch|p2b: Gholdengo|Gholdengo, L50|100/100
|turn|1
|
|t:|1756521796
|-terastallize|p1a: Wailord :(|Grass
|move|p2b: Gholdengo|Shadow Ball|p1a: Wailord :(
|-damage|p1a: Wailord :(|63/100
|-unboost|p1a: Wailord :(|spd|1
|-ability|p1a: Wailord :(|Stamina|boost
|-boost|p1a: Wailord :(|def|1
|move|p2a: Sneasler|Close Combat|p1a: Wailord :(
|-damage|p1a: Wailord :(|34/100
|-unboost|p2a: Sneasler|def|1
|-unboost|p2a: Sneasler|spd|1
|-ability|p1a: Wailord :(|Stamina|boost
|-boost|p1a: Wailord :(|def|1
|move|p1a: Wailord :(|Flash Cannon|p2a: Sneasler
|-damage|p2a: Sneasler|4/100
|move|p1b: Acid|Bullet Seed|p1a: Wailord :(
|-resisted|p1a: Wailord :(
|-damage|p1a: Wailord :(|32/100
|-ability|p1a: Wailord :(|Stamina|boost
|-boost|p1a: Wailord :(|def|1
|-resisted|p1a: Wailord :(
|-damage|p1a: Wailord :(|31/100
|-ability|p1a: Wailord :(|Stamina|boost
|-boost|p1a: Wailord :(|def|1
|-resisted|p1a: Wailord :(
|-damage|p1a: Wailord :(|30/100
|-ability|p1a: Wailord :(|Stamina|boost
|-boost|p1a: Wailord :(|def|1
|-resisted|p1a: Wailord :(
|-damage|p1a: Wailord :(|30/100
|-ability|p1a: Wailord :(|Stamina|boost
|-boost|p1a: Wailord :(|def|1
|-resisted|p1a: Wailord :(
|-damage|p1a: Wailord :(|29/100
|-hitcount|p1a: Wailord :(|5
|
|upkeep
|turn|2
|
|t:|1756521846
|move|p1b: Acid|Rage Powder|p1b: Acid
|-singleturn|p1b: Acid|move: Rage Powder
|move|p2b: Gholdengo|Shadow Ball|p1b: Acid
|-damage|p1b: Acid|65/100
|move|p2a: Sneasler|Dire Claw|p1b: Acid
|-damage|p1b: Acid|29/100
|-enditem|p1b: Acid|Sitrus Berry|[eat]
|-heal|p1b: Acid|53/100|[from] item: Sitrus Berry
|move|p1a: Wailord :(|Flash Cannon|p2b: Gholdengo
|-resisted|p2b: Gholdengo
|-damage|p2b: Gholdengo|74/100
|
|upkeep
|turn|3
|
|t:|1756521866
|move|p1b: Acid|Rage Powder|p1b: Acid
|-singleturn|p1b: Acid|move: Rage Powder
|move|p2b: Gholdengo|Shadow Ball|p1b: Acid
|-damage|p1b: Acid|15/100
|move|p2a: Sneasler|Dire Claw|p1b: Acid
|-damage|p1b: Acid|0 fnt
|faint|p1b: Acid
|move|p1a: Wailord :(|Flash Cannon|p2a: Sneasler
|-damage|p2a: Sneasler|0 fnt
|faint|p2a: Sneasler
|
|upkeep
|
|t:|1756521882
|switch|p2a: Incineroar|Incineroar, L50, F|100/100
|switch|p1b: Pac-Man Fever|Gholdengo, L50|100/100
|-ability|p2a: Incineroar|Intimidate|boost
|-unboost|p1a: Wailord :(|atk|1
|-unboost|p1b: Pac-Man Fever|atk|1
|turn|4
|
|t:|1756521909
|move|p2a: Incineroar|Fake Out|p1a: Wailord :(
|-damage|p1a: Wailord :(|27/100
|move|p2b: Gholdengo|Shadow Ball|p1b: Pac-Man Fever
|-supereffective|p1b: Pac-Man Fever
|-damage|p1b: Pac-Man Fever|0 fnt
|faint|p1b: Pac-Man Fever
|cant|p1a: Wailord :(|flinch
|
|upkeep
|
|t:|1756521917
|switch|p1b: Wingman|Pelipper, L50, M, shiny|100/100
|-weather|RainDance|[from] ability: Drizzle|[of] p1b: Wingman
|turn|5
|
|t:|1756521937
|move|p2b: Gholdengo|Shadow Ball|p1a: Wailord :(
|-damage|p1a: Wailord :(|0 fnt
|faint|p1a: Wailord :(
|move|p1b: Wingman|Tailwind|p1b: Wingman
|-sidestart|p1: farmingsim2421|move: Tailwind
|move|p2a: Incineroar|Knock Off|p1b: Wingman
|-damage|p1b: Wingman|40/100
|-enditem|p1b: Wingman|Focus Sash|[from] move: Knock Off|[of] p2a: Incineroar
|
|-weather|RainDance|[upkeep]
|upkeep
|turn|6
|
|t:|1756521953
|switch|p2a: Dondozo|Dondozo, L50, M|100/100
|move|p1b: Wingman|Weather Ball|p2b: Gholdengo
|-damage|p2b: Gholdengo|0 fnt
|faint|p2b: Gholdengo
|
|-weather|RainDance|[upkeep]
|upkeep
|
|t:|1756521960
|switch|p2b: Incineroar|Incineroar, L50, F|100/100
|-ability|p2b: Incineroar|Intimidate|boost
|-unboost|p1b: Wingman|atk|1
|turn|7
|
|t:|1756521968
|move|p1b: Wingman|Protect|p1b: Wingman
|-singleturn|p1b: Wingman|Protect
|move|p2b: Incineroar|Fake Out|p1b: Wingman
|-activate|p1b: Wingman|move: Protect
|move|p2a: Dondozo|Curse|p2a: Dondozo
|-unboost|p2a: Dondozo|spe|1
|-boost|p2a: Dondozo|atk|1
|-boost|p2a: Dondozo|def|1
|
|-weather|RainDance|[upkeep]
|upkeep
|turn|8
|
|t:|1756521982
|-terastallize|p2b: Incineroar|Grass
|move|p1b: Wingman|Weather Ball|p2b: Incineroar
|-resisted|p2b: Incineroar
|-damage|p2b: Incineroar|79/100
|move|p2b: Incineroar|Knock Off|p1b: Wingman
|-damage|p1b: Wingman|0 fnt
|faint|p1b: Wingman
|
|win|copicentrovgc
|raw|farmingsim2421's rating: 1139 → 1109(-30 for losing)
|raw|copicentrovgc's rating: 1062 → 1099(+37 for winning)
|c|☆farmingsim2421|gg
|c|☆copicentrovgc|gg
|l|☆farmingsim2421
|player|p1|
