|j|☆Passevgc
|j|☆monsoonisbest
|html|Passevgcmonsoonisbest    
|uhtml|bestof|Game 1 of a best-of-3
|t:|1783983029
|gametype|doubles
|player|p1|Passevgc|169|1236
|player|p2|monsoonisbest|102|1205
|gen|9
|tier|[Gen 9 Champions] VGC 2026 Reg M-B (Bo3)
|rated|
|rule|Species Clause: Limit one of each Pokémon
|rule|Item Clause: Limit 1 of each item
|clearpoke
|poke|p1|Charizard, L50, M|
|poke|p1|Venusaur, L50, M|
|poke|p1|Grimmsnarl, L50, M|
|poke|p1|Archaludon, L50, M|
|poke|p1|Pelipper, L50, F|
|poke|p1|Basculegion, L50, M|
|poke|p2|Gengar, L50, F|
|poke|p2|Incineroar, L50, M|
|poke|p2|Politoed, L50, M, shiny|
|poke|p2|Archaludon, L50, M|
|poke|p2|Vivillon, L50, F|
|poke|p2|Swampert, L50, F|
|teampreview|4
|showteam|p1|Charizard||CharizarditeY|Blaze|HeatWave,WeatherBall,Hurricane,Protect|Modest||M|||50|]Venusaur||Venusaurite|Chlorophyll|GigaDrain,SludgeBomb,EarthPower,SleepPowder|Modest||M|||50|]Grimmsnarl||LightClay|Prankster|SpiritBreak,PartingShot,Reflect,LightScreen|Careful||M|||50|]Archaludon||Leftovers|Stamina|ElectroShot,DragonPulse,FlashCannon,Protect|Modest||M|||50|]Pelipper||SitrusBerry|Drizzle|WeatherBall,Hurricane,Tailwind,Protect|Modest||F|||50|]Basculegion||ChoiceScarf|Adaptability|WaveCrash,FlipTurn,AquaJet,LastRespects|Jolly||M|||50|
|showteam|p2|Gengar||Gengarite|CursedBody|ShadowBall,SludgeBomb,PerishSong,Protect|Timid||F|||50|]Incineroar||PasshoBerry|Intimidate|PartingShot,DarkestLariat,Protect,FakeOut|Sassy||M|||50|]Politoed||SitrusBerry|Drizzle|WeatherBall,PerishSong,Encore,Protect|Calm||M|||50|]Archaludon||Leftovers|Stamina|DragonPulse,FlashCannon,ElectroShot,Protect|Bold||M|||50|]Vivillon||FocusSash|CompoundEyes|Hurricane,SleepPowder,RagePowder,Protect|Timid||F|||50|]Swampert||Swampertite|Torrent|WaveCrash,IcePunch,Earthquake,Protect|Adamant||F|||50|
|inactive|Battle timer is ON: inactive players will automatically lose when time's up. (requested by Passevgc)
|
|t:|1783983100
|teamsize|p1|4
|teamsize|p2|4
|start
|switch|p1a: Grimmsnarl|Grimmsnarl, L50, M|100/100
|switch|p1b: Basculegion|Basculegion, L50, M|100/100
|switch|p2a: Incineroar|Incineroar, L50, M|100/100
|switch|p2b: Politoed|Politoed, L50, M, shiny|100/100
|-weather|RainDance|[from] ability: Drizzle|[of] p2b: Politoed
|-ability|p2a: Incineroar|Intimidate|boost
|-unboost|p1a: Grimmsnarl|atk|1
|-unboost|p1b: Basculegion|atk|1
|turn|1
|inactive|Passevgc has 30 seconds left.
|
|t:|1783983126
|switch|p2a: Archaludon|Archaludon, L50, M|100/100
|move|p1a: Grimmsnarl|Light Screen|p1a: Grimmsnarl
|-sidestart|p1: Passevgc|move: Light Screen
|move|p1b: Basculegion|Flip Turn|p2a: Archaludon
|-resisted|p2a: Archaludon|1
|-damage|p2a: Archaludon|86/100
|-ability|p2a: Archaludon|Stamina|boost
|-boost|p2a: Archaludon|def|1
|
|t:|1783983137
|switch|p1b: Venusaur|Venusaur, L50, M|100/100|[from] Flip Turn
|move|p2b: Politoed|Weather Ball|p1a: Grimmsnarl
|-damage|p1a: Grimmsnarl|74/100
|
|-weather|RainDance|[upkeep]
|-heal|p2a: Archaludon|92/100|[from] item: Leftovers
|upkeep
|turn|2
|
|t:|1783983150
|switch|p2b: Incineroar|Incineroar, L50, M|100/100
|-ability|p2b: Incineroar|Intimidate|boost
|-unboost|p1a: Grimmsnarl|atk|1
|-unboost|p1b: Venusaur|atk|1
|detailschange|p1b: Venusaur|Venusaur-Mega, L50, M
|-mega|p1b: Venusaur|Venusaur|Venusaurite
|move|p1a: Grimmsnarl|Reflect|p1a: Grimmsnarl
|-sidestart|p1: Passevgc|Reflect
|move|p1b: Venusaur|Earth Power|p2a: Archaludon
|-supereffective|p2a: Archaludon|1
|-damage|p2a: Archaludon|37/100
|-ability|p2a: Archaludon|Stamina|boost
|-boost|p2a: Archaludon|def|1
|move|p2a: Archaludon|Electro Shot||[still]
|-prepare|p2a: Archaludon|Electro Shot
|-boost|p2a: Archaludon|spa|1
|-anim|p2a: Archaludon|Electro Shot|p1a: Grimmsnarl
|-damage|p1a: Grimmsnarl|41/100
|
|-weather|RainDance|[upkeep]
|-heal|p2a: Archaludon|43/100|[from] item: Leftovers
|upkeep
|turn|3
|
|t:|1783983175
|move|p2b: Incineroar|Fake Out|p1b: Venusaur
|-damage|p1b: Venusaur|93/100
|move|p1a: Grimmsnarl|Parting Shot|p2a: Archaludon
|-unboost|p2a: Archaludon|atk|1
|-unboost|p2a: Archaludon|spa|1
|
|t:|1783983179
|switch|p1a: Archaludon|Archaludon, L50, M|100/100|[from] Parting Shot
|cant|p1b: Venusaur|flinch
|move|p2a: Archaludon|Electro Shot||[still]
|-prepare|p2a: Archaludon|Electro Shot
|-boost|p2a: Archaludon|spa|1
|-anim|p2a: Archaludon|Electro Shot|p1a: Archaludon
|-resisted|p1a: Archaludon|1
|-crit|p1a: Archaludon
|-damage|p1a: Archaludon|58/100
|-ability|p1a: Archaludon|Stamina|boost
|-boost|p1a: Archaludon|def|1
|
|-weather|RainDance|[upkeep]
|-heal|p1a: Archaludon|64/100|[from] item: Leftovers
|-heal|p2a: Archaludon|49/100|[from] item: Leftovers
|upkeep
|turn|4
|
|t:|1783983192
|move|p2a: Archaludon|Protect|p2a: Archaludon
|-singleturn|p2a: Archaludon|Protect
|move|p1b: Venusaur|Earth Power|p2a: Archaludon
|-activate|p2a: Archaludon|move: Protect
|move|p1a: Archaludon|Electro Shot||[still]
|-prepare|p1a: Archaludon|Electro Shot
|-boost|p1a: Archaludon|spa|1
|-anim|p1a: Archaludon|Electro Shot|p2b: Incineroar
|-damage|p2b: Incineroar|51/100
|move|p2b: Incineroar|Parting Shot|p1b: Venusaur
|-unboost|p1b: Venusaur|atk|1
|-unboost|p1b: Venusaur|spa|1
|
|t:|1783983203
|switch|p2b: Gengar|Gengar, L50, F|100/100|[from] Parting Shot
|
|-weather|RainDance|[upkeep]
|-heal|p1a: Archaludon|70/100|[from] item: Leftovers
|-heal|p2a: Archaludon|55/100|[from] item: Leftovers
|upkeep
|turn|5
|
|t:|1783983222
|switch|p1b: Grimmsnarl|Grimmsnarl, L50, M|41/100
|detailschange|p2b: Gengar|Gengar-Mega, L50, F
|-mega|p2b: Gengar|Gengar|Gengarite
|move|p2b: Gengar|Shadow Ball|p1b: Grimmsnarl
|-resisted|p1b: Grimmsnarl|1
|-damage|p1b: Grimmsnarl|29/100
|-unboost|p1b: Grimmsnarl|spd|1
|move|p1a: Archaludon|Dragon Pulse|p2a: Archaludon
|-damage|p2a: Archaludon|0 fnt
|faint|p2a: Archaludon
|
|-weather|none
|-heal|p1a: Archaludon|76/100|[from] item: Leftovers
|upkeep
|
|t:|1783983241
|switch|p2a: Incineroar|Incineroar, L50, M|51/100
|-ability|p2a: Incineroar|Intimidate|boost
|-unboost|p1a: Archaludon|atk|1
|-unboost|p1b: Grimmsnarl|atk|1
|turn|6
|inactive|Passevgc has 30 seconds left.
|
|t:|1783983271
|move|p2a: Incineroar|Fake Out|p1a: Archaludon
|-resisted|p1a: Archaludon|1
|-damage|p1a: Archaludon|74/100
|-ability|p1a: Archaludon|Stamina|boost
|-boost|p1a: Archaludon|def|1
|move|p1b: Grimmsnarl|Parting Shot|p2b: Gengar
|-unboost|p2b: Gengar|atk|1
|-unboost|p2b: Gengar|spa|1
|
|t:|1783983277
|switch|p1b: Venusaur|Venusaur-Mega, L50, M|93/100|[from] Parting Shot
|move|p2b: Gengar|Perish Song|p2b: Gengar
|-start|p1a: Archaludon|perish3|[silent]
|-start|p1b: Venusaur|perish3|[silent]
|-start|p2a: Incineroar|perish3|[silent]
|-start|p2b: Gengar|perish3|[silent]
|-fieldactivate|move: Perish Song
|cant|p1a: Archaludon|flinch
|
|-heal|p1a: Archaludon|80/100|[from] item: Leftovers
|-start|p2b: Gengar|perish3
|-start|p1b: Venusaur|perish3
|-start|p1a: Archaludon|perish3
|-start|p2a: Incineroar|perish3
|upkeep
|turn|7
|
|t:|1783983295
|move|p2b: Gengar|Protect|p2b: Gengar
|-singleturn|p2b: Gengar|Protect
|move|p2a: Incineroar|Protect|p2a: Incineroar
|-singleturn|p2a: Incineroar|Protect
|move|p1b: Venusaur|Earth Power|p2b: Gengar
|-activate|p2b: Gengar|move: Protect
|move|p1a: Archaludon|Dragon Pulse|p2a: Incineroar
|-activate|p2a: Incineroar|move: Protect
|
|-heal|p1a: Archaludon|86/100|[from] item: Leftovers
|-start|p2b: Gengar|perish2
|-start|p1b: Venusaur|perish2
|-start|p1a: Archaludon|perish2
|-start|p2a: Incineroar|perish2
|upkeep
|turn|8
|inactive|Passevgc has 30 seconds left.
|
|t:|1783983331
|switch|p2b: Politoed|Politoed, L50, M, shiny|100/100
|-weather|RainDance|[from] ability: Drizzle|[of] p2b: Politoed
|move|p1b: Venusaur|Earth Power|p2a: Incineroar
|-supereffective|p2a: Incineroar|1
|-damage|p2a: Incineroar|1/100
|move|p1a: Archaludon|Dragon Pulse|p2a: Incineroar
|-damage|p2a: Incineroar|0 fnt
|faint|p2a: Incineroar
|
|-weather|RainDance|[upkeep]
|-heal|p1a: Archaludon|92/100|[from] item: Leftovers
|-start|p1b: Venusaur|perish1
|-start|p1a: Archaludon|perish1
|-sideend|p1: Passevgc|move: Light Screen
|upkeep
|
|t:|1783983339
|switch|p2a: Gengar|Gengar-Mega, L50, F|100/100
|turn|9
|
|t:|1783983348
|move|p2a: Gengar|Protect|p2a: Gengar
|-singleturn|p2a: Gengar|Protect
|move|p2b: Politoed|Protect|p2b: Politoed
|-singleturn|p2b: Politoed|Protect
|move|p1b: Venusaur|Earth Power|p2a: Gengar
|-activate|p2a: Gengar|move: Protect
|move|p1a: Archaludon|Electro Shot||[still]
|-prepare|p1a: Archaludon|Electro Shot
|-boost|p1a: Archaludon|spa|1
|-anim|p1a: Archaludon|Electro Shot|p2b: Politoed
|-activate|p2b: Politoed|move: Protect
|
|-weather|RainDance|[upkeep]
|-heal|p1a: Archaludon|98/100|[from] item: Leftovers
|-start|p1b: Venusaur|perish0
|-start|p1a: Archaludon|perish0
|-sideend|p1: Passevgc|Reflect
|faint|p1b: Venusaur
|faint|p1a: Archaludon
|upkeep
|
|t:|1783983353
|switch|p1b: Basculegion|Basculegion, L50, M|100/100
|switch|p1a: Grimmsnarl|Grimmsnarl, L50, M|29/100
|turn|10
|
|t:|1783983368
|move|p2a: Gengar|Protect|p2a: Gengar
|-singleturn|p2a: Gengar|Protect
|move|p1b: Basculegion|Last Respects|p2a: Gengar
|-activate|p2a: Gengar|move: Protect
|move|p2b: Politoed|Weather Ball|p1b: Basculegion
|-resisted|p1b: Basculegion|1
|-damage|p1b: Basculegion|71/100
|move|p1a: Grimmsnarl|Spirit Break|p2b: Politoed
|-damage|p2b: Politoed|69/100
|-unboost|p2b: Politoed|spa|1
|
|-weather|RainDance|[upkeep]
|upkeep
|turn|11
|
|t:|1783983379
|move|p1b: Basculegion|Last Respects|p2a: Gengar
|-supereffective|p2a: Gengar|1
|-damage|p2a: Gengar|0 fnt
|faint|p2a: Gengar
|move|p2b: Politoed|Weather Ball|p1b: Basculegion
|-resisted|p1b: Basculegion|1
|-damage|p1b: Basculegion|54/100
|move|p1a: Grimmsnarl|Spirit Break|p2b: Politoed
|-damage|p2b: Politoed|43/100
|-unboost|p2b: Politoed|spa|1
|-enditem|p2b: Politoed|Sitrus Berry|[eat]
|-heal|p2b: Politoed|68/100|[from] item: Sitrus Berry
|
|-weather|RainDance|[upkeep]
|upkeep
|turn|12
|
|t:|1783983394
|move|p1b: Basculegion|Last Respects|p2b: Politoed
|-damage|p2b: Politoed|0 fnt
|faint|p2b: Politoed
|
|win|Passevgc
