|j|‽Rfriedrich16
|j|☆Adriatic Tides
|html|Rfriedrich16Adriatic Tides    
|uhtml|bestof|Game 2 of a best-of-3
|t:|1757792623
|gametype|doubles
|player|p1|Rfriedrich16|unknownf|1072
|player|p2|Adriatic Tides|leon|1081
|gen|9
|tier|[Gen 9] VGC 2025 Reg H (Bo3)
|rated|
|rule|Species Clause: Limit one of each Pokémon
|rule|Item Clause: Limit 1 of each item
|clearpoke
|poke|p1|Garchomp, L50, M|
|poke|p1|Primarina, L50, F|
|poke|p1|Amoonguss, L50, F|
|poke|p1|Typhlosion-Hisui, L50, F|
|poke|p1|Whimsicott, L50, F|
|poke|p1|Incineroar, L50, M|
|poke|p2|Pelipper, L50, M|
|poke|p2|Archaludon, L50, M|
|poke|p2|Basculegion, L50, M|
|poke|p2|Amoonguss, L50, M|
|poke|p2|Sneasler, L50, M|
|poke|p2|Indeedee-F, L50, F|
|teampreview|4
|showteam|p1|Garchomp||LifeOrb|RoughSkin|StompingTantrum,Earthquake,Protect,DragonClaw|||M|||50|,,,,,Ground]Primarina||ThroatSpray|LiquidVoice|HyperVoice,Moonblast,Protect,Haze|||F|||50|,,,,,Poison]Amoonguss||RockyHelmet|Regenerator|Spore,RagePowder,PollenPuff,Protect|||F|||50|,,,,,Dark]Typhlosion-Hisui||ChoiceSpecs|Blaze|Eruption,ShadowBall,HeatWave,Overheat|||F|||50|,,,,,Fire]Whimsicott||CovertCloak|Prankster|Tailwind,SunnyDay,Encore,Moonblast|||F|||50|,,,,,Water]Incineroar||SafetyGoggles|Intimidate|FakeOut,PartingShot,FlareBlitz,KnockOff|||M|||50|,,,,,Ghost
|showteam|p2|Pelipper||FocusSash|Drizzle|Tailwind,WeatherBall,Protect,Hurricane|||M|||50|,,,,,Grass]Archaludon||AssaultVest|Stamina|ElectroShot,BodyPress,FlashCannon,DracoMeteor|||M|||50|,,,,,Electric]Basculegion||ChoiceBand|SwiftSwim|LastRespects,WaveCrash,FlipTurn,AquaJet|||M|||50|,,,,,Ghost]Amoonguss||SitrusBerry|Regenerator|PollenPuff,Spore,RagePowder,ClearSmog|||M|||50|,,,,,Water]Sneasler||PsychicSeed|Unburden|ThroatChop,DireClaw,Protect,CloseCombat|||M|||50|,,,,,Dark]Indeedee-F||SafetyGoggles|PsychicSurge|FollowMe,TrickRoom,Psychic,HelpingHand|||F|||50|,,,,,Fairy
|
|t:|1757792682
|teamsize|p1|4
|teamsize|p2|4
|start
|switch|p1a: Whimsicott|Whimsicott, L50, F|100/100
|switch|p1b: Incineroar|Incineroar, L50, M, shiny|100/100
|switch|p2a: Sneasler|Sneasler, L50, M|100/100
|switch|p2b: Indeedee|Indeedee-F, L50, F|100/100
|-fieldstart|move: Psychic Terrain|[from] ability: Psychic Surge|[of] p2b: Indeedee
|-enditem|p2a: Sneasler|Psychic Seed
|-boost|p2a: Sneasler|spd|1|[from] item: Psychic Seed
|-ability|p1b: Incineroar|Intimidate|boost
|-unboost|p2a: Sneasler|atk|1
|-unboost|p2b: Indeedee|atk|1
|turn|1
|
|t:|1757792703
|-terastallize|p2b: Indeedee|Fairy
|move|p2b: Indeedee|Follow Me|p2b: Indeedee
|-singleturn|p2b: Indeedee|move: Follow Me
|move|p1a: Whimsicott|Tailwind|p1a: Whimsicott
|-sidestart|p1: Rfriedrich16|move: Tailwind
|move|p2a: Sneasler|Dire Claw|p1a: Whimsicott
|-supereffective|p1a: Whimsicott
|-damage|p1a: Whimsicott|0 fnt
|faint|p1a: Whimsicott
|move|p1b: Incineroar|Knock Off|p2b: Indeedee
|-resisted|p2b: Indeedee
|-damage|p2b: Indeedee|78/100
|-enditem|p2b: Indeedee|Safety Goggles|[from] move: Knock Off|[of] p1b: Incineroar
|
|upkeep
|
|t:|1757792710
|switch|p1a: Garchomp|Garchomp, L50, M, shiny|100/100
|turn|2
|
|t:|1757792720
|move|p2a: Sneasler|Protect|p2a: Sneasler
|-singleturn|p2a: Sneasler|Protect
|move|p1a: Garchomp|Stomping Tantrum|p2a: Sneasler
|-activate|p2a: Sneasler|move: Protect
|move|p1b: Incineroar|Parting Shot|p2b: Indeedee
|-unboost|p2b: Indeedee|atk|1
|-unboost|p2b: Indeedee|spa|1
|
|t:|1757792725
|switch|p1b: Typhlosion|Typhlosion-Hisui, L50, F|100/100|[from] Parting Shot
|move|p2b: Indeedee|Psychic|p1a: Garchomp
|-damage|p1a: Garchomp|71/100
|
|upkeep
|turn|3
|
|t:|1757792745
|switch|p2a: Pelipper|Pelipper, L50, M|100/100
|-weather|RainDance|[from] ability: Drizzle|[of] p2a: Pelipper
|move|p1a: Garchomp|Dragon Claw|p2a: Pelipper
|-damage|p2a: Pelipper|36/100
|-damage|p1a: Garchomp|61/100|[from] item: Life Orb
|move|p1b: Typhlosion|Eruption|p2b: Indeedee|[spread] p2a,p2b
|-resisted|p2a: Pelipper
|-damage|p2a: Pelipper|4/100
|-damage|p2b: Indeedee|44/100
|move|p2b: Indeedee|Psychic|p1b: Typhlosion
|-damage|p1b: Typhlosion|62/100
|
|-weather|RainDance|[upkeep]
|upkeep
|turn|4
|
|t:|1757792767
|switch|p1b: Incineroar|Incineroar, L50, M, shiny|100/100
|-ability|p1b: Incineroar|Intimidate|boost
|-unboost|p2a: Pelipper|atk|1
|-unboost|p2b: Indeedee|atk|1
|move|p2a: Pelipper|Protect|p2a: Pelipper
|-singleturn|p2a: Pelipper|Protect
|move|p1a: Garchomp|Stomping Tantrum|p2b: Indeedee
|-damage|p2b: Indeedee|0 fnt
|faint|p2b: Indeedee
|-damage|p1a: Garchomp|51/100|[from] item: Life Orb
|
|-weather|RainDance|[upkeep]
|-sideend|p1: Rfriedrich16|move: Tailwind
|upkeep
|
|t:|1757792774
|switch|p2b: Basculegion|Basculegion, L50, M|100/100
|turn|5
|
|t:|1757792798
|move|p2a: Pelipper|Protect|p2a: Pelipper
|-singleturn|p2a: Pelipper|Protect
|move|p2b: Basculegion|Wave Crash|p1b: Incineroar
|-supereffective|p1b: Incineroar
|-damage|p1b: Incineroar|0 fnt
|faint|p1b: Incineroar
|-damage|p2b: Basculegion|66/100|[from] Recoil
|move|p1a: Garchomp|Dragon Claw|p2b: Basculegion
|-damage|p2b: Basculegion|0 fnt
|faint|p2b: Basculegion
|-damage|p1a: Garchomp|41/100|[from] item: Life Orb
|
|-weather|RainDance|[upkeep]
|-fieldend|move: Psychic Terrain
|upkeep
|
|t:|1757792807
|switch|p2b: Sneasler|Sneasler, L50, M|100/100
|switch|p1b: Typhlosion|Typhlosion-Hisui, L50, F|62/100
|turn|6
|
|t:|1757792824
|move|p2b: Sneasler|Throat Chop|p1b: Typhlosion
|-supereffective|p1b: Typhlosion
|-crit|p1b: Typhlosion
|-damage|p1b: Typhlosion|0 fnt
|faint|p1b: Typhlosion
|move|p1a: Garchomp|Stomping Tantrum|p2b: Sneasler
|-supereffective|p2b: Sneasler
|-damage|p2b: Sneasler|0 fnt
|faint|p2b: Sneasler
|-damage|p1a: Garchomp|31/100|[from] item: Life Orb
|move|p2a: Pelipper|Weather Ball|p1a: Garchomp
|-damage|p1a: Garchomp|0 fnt
|faint|p1a: Garchomp
|
|win|Adriatic Tides
|raw|Rfriedrich16's rating: 1072 → 1052(-20 for losing)
|raw|Adriatic Tides's rating: 1081 → 1108(+27 for winning)
|l|‽Rfriedrich16
|player|p1|
