|j|☆SleepD2
|j|☆Gozante
|html|SleepD2Gozante    
|uhtml|bestof|Game 2 of a best-of-3
|t:|1785261840
|gametype|doubles
|player|p1|SleepD2|265|1368
|player|p2|Gozante|169|1420
|gen|9
|tier|[Gen 9 Champions] VGC 2026 Reg M-B (Bo3)
|rated|
|rule|Species Clause: Limit one of each Pokémon
|rule|Item Clause: Limit 1 of each item
|clearpoke
|poke|p1|Kommo-o, L50, F|
|poke|p1|Gardevoir, L50, F|
|poke|p1|Maushold-Four, L50|
|poke|p1|Incineroar, L50, F|
|poke|p1|Basculegion, L50, M|
|poke|p1|Farigiraf, L50, M|
|poke|p2|Whimsicott, L50, F, shiny|
|poke|p2|Garchomp, L50, F|
|poke|p2|Basculegion, L50, M|
|poke|p2|Charizard, L50, F|
|poke|p2|Floette-Eternal, L50, F|
|poke|p2|Kingambit, L50, M|
|teampreview|4
|showteam|p1|Kommo-o||LifeOrb|Soundproof|Protect,VacuumWave,ClangingScales,AuraSphere|Modest||F|||50|]Gardevoir||Gardevoirite|Synchronize|Protect,HyperVoice,Psychic,Thunderbolt|Modest||F|||50|]Maushold-Four||FocusSash|FriendGuard|FollowMe,Protect,SuperFang,HelpingHand|Jolly|||||50|]Incineroar||Charcoal|Intimidate|FakeOut,FlareBlitz,DarkestLariat,PartingShot|Adamant||F|||50|]Basculegion||MysticWater|Adaptability|Protect,WaveCrash,AquaJet,LastRespects|Adamant||M|||50|]Farigiraf||SitrusBerry|ArmorTail|Protect,Psychic,TrickRoom,HyperVoice|Relaxed||M|||50|
|showteam|p2|Whimsicott||FocusSash|Prankster|Protect,Tailwind,Encore,Moonblast|Timid||F|||50|]Garchomp||SitrusBerry|RoughSkin|Protect,RockSlide,StompingTantrum,DragonClaw|Adamant||F|||50|]Basculegion||LifeOrb|Adaptability|Protect,WaveCrash,LastRespects,AquaJet|Adamant||M|||50|]Charizard||CharizarditeY|Blaze|Protect,HeatWave,WeatherBall,SolarBeam|Modest||F|||50|]Floette-Eternal||Floettite|FlowerVeil|Moonblast,DazzlingGleam,LightofRuin,Protect|Timid||F|||50|]Kingambit||ChopleBerry|Defiant|KowtowCleave,SuckerPunch,IronHead,LowKick|Adamant||M|||50|
|inactive|Battle timer is ON: inactive players will automatically lose when time's up. (requested by SleepD2)
|inactive|SleepD2 has 60 seconds left.
|
|t:|1785261905
|teamsize|p1|4
|teamsize|p2|4
|start
|switch|p1a: Gardevoir|Gardevoir, L50, F|100/100
|switch|p1b: Maushold|Maushold-Four, L50|100/100
|switch|p2a: Whimsicott|Whimsicott, L50, F, shiny|100/100
|switch|p2b: Charizard|Charizard, L50, F|100/100
|turn|1
|
|t:|1785261915
|detailschange|p1a: Gardevoir|Gardevoir-Mega, L50, F
|-mega|p1a: Gardevoir|Gardevoir|Gardevoirite
|detailschange|p2b: Charizard|Charizard-Mega-Y, L50, F
|-mega|p2b: Charizard|Charizard|Charizardite Y
|-weather|SunnyDay|[from] ability: Drought|[of] p2b: Charizard
|move|p1b: Maushold|Helping Hand|p1a: Gardevoir
|-singleturn|p1a: Gardevoir|Helping Hand|[of] p1b: Maushold
|move|p2a: Whimsicott|Tailwind|p2a: Whimsicott
|-sidestart|p2: Gozante|move: Tailwind
|move|p2b: Charizard|Heat Wave|p1b: Maushold|[spread] p1a,p1b
|-damage|p1a: Gardevoir|57/100
|-damage|p1b: Maushold|28/100
|move|p1a: Gardevoir|Thunderbolt|p2b: Charizard
|-supereffective|p2b: Charizard|1
|-damage|p2b: Charizard|1/100
|
|-weather|SunnyDay|[upkeep]
|upkeep
|turn|2
|inactive|SleepD2 has 30 seconds left.
|c|☆SleepD2|how bulky is ur zard??
|inactive|Gozante has 30 seconds left.
|
|t:|1785261953
|switch|p1a: Incineroar|Incineroar, L50, F|100/100
|-ability|p1a: Incineroar|Intimidate|boost
|-unboost|p2a: Whimsicott|atk|1
|-unboost|p2b: Charizard|atk|1
|move|p1b: Maushold|Protect|p1b: Maushold
|-singleturn|p1b: Maushold|Protect
|move|p2a: Whimsicott|Moonblast|p1b: Maushold
|-activate|p1b: Maushold|move: Protect
|move|p2b: Charizard|Weather Ball|p1a: Incineroar
|-resisted|p1a: Incineroar|1
|-damage|p1a: Incineroar|71/100
|
|-weather|SunnyDay|[upkeep]
|upkeep
|turn|3
|
|t:|1785261979
|switch|p2b: Kingambit|Kingambit, L50, M|100/100
|move|p2a: Whimsicott|Protect|p2a: Whimsicott
|-singleturn|p2a: Whimsicott|Protect
|move|p1b: Maushold|Super Fang|p2a: Whimsicott
|-activate|p2a: Whimsicott|move: Protect
|move|p1a: Incineroar|Flare Blitz|p2a: Whimsicott
|-activate|p2a: Whimsicott|move: Protect
|
|-weather|SunnyDay|[upkeep]
|upkeep
|turn|4
|inactive|SleepD2 has 30 seconds left.
|
|t:|1785262006
|move|p1b: Maushold|Protect|p1b: Maushold
|-singleturn|p1b: Maushold|Protect
|move|p2a: Whimsicott|Moonblast|p1a: Incineroar
|-damage|p1a: Incineroar|48/100
|move|p2b: Kingambit|Low Kick|p1a: Incineroar
|-supereffective|p1a: Incineroar|1
|-damage|p1a: Incineroar|3/100
|move|p1a: Incineroar|Flare Blitz|p2b: Kingambit
|-supereffective|p2b: Kingambit|1
|-damage|p2b: Kingambit|0 fnt
|faint|p2b: Kingambit
|-damage|p1a: Incineroar|0 fnt|[from] Recoil
|faint|p1a: Incineroar
|
|-weather|SunnyDay|[upkeep]
|-sideend|p2: Gozante|move: Tailwind
|upkeep
|
|t:|1785262019
|switch|p1a: Gardevoir|Gardevoir-Mega, L50, F|57/100
|switch|p2b: Charizard|Charizard-Mega-Y, L50, F|1/100
|turn|5
|
|t:|1785262025
|move|p1b: Maushold|Helping Hand|p1a: Gardevoir
|-singleturn|p1a: Gardevoir|Helping Hand|[of] p1b: Maushold
|move|p2a: Whimsicott|Tailwind|p2a: Whimsicott
|-sidestart|p2: Gozante|move: Tailwind
|move|p2b: Charizard|Heat Wave|p1b: Maushold|[spread] p1b
|-miss|p2b: Charizard|p1a: Gardevoir
|-damage|p1b: Maushold|0 fnt
|faint|p1b: Maushold
|move|p1a: Gardevoir|Hyper Voice|p2a: Whimsicott|[spread] p2a,p2b
|-resisted|p2b: Charizard|1
|-enditem|p2a: Whimsicott|Focus Sash
|-damage|p2a: Whimsicott|1/100
|-damage|p2b: Charizard|0 fnt
|faint|p2b: Charizard
|
|-weather|none
|upkeep
|
|t:|1785262037
|switch|p1b: Kommo-o|Kommo-o, L50, F|100/100
|switch|p2b: Basculegion|Basculegion, L50, M|100/100
|turn|6
|
|t:|1785262055
|move|p2a: Whimsicott|Protect|p2a: Whimsicott
|-singleturn|p2a: Whimsicott|Protect
|move|p1a: Gardevoir|Protect|p1a: Gardevoir
|-singleturn|p1a: Gardevoir|Protect
|move|p2b: Basculegion|Last Respects|p1a: Gardevoir
|-activate|p1a: Gardevoir|move: Protect
|move|p1b: Kommo-o|Clanging Scales|p2b: Basculegion|[spread] p2b
|-activate|p2a: Whimsicott|move: Protect
|-damage|p2b: Basculegion|43/100
|-unboost|p1b: Kommo-o|def|1
|-damage|p1b: Kommo-o|90/100|[from] item: Life Orb
|
|upkeep
|turn|7
|
|t:|1785262072
|move|p1a: Gardevoir|Protect|p1a: Gardevoir
|-singleturn|p1a: Gardevoir|Protect
|move|p2a: Whimsicott|Encore|p1a: Gardevoir
|-activate|p1a: Gardevoir|move: Protect
|move|p1b: Kommo-o|Vacuum Wave|p2a: Whimsicott
|-resisted|p2a: Whimsicott|1
|-damage|p2a: Whimsicott|0 fnt
|faint|p2a: Whimsicott
|-damage|p1b: Kommo-o|81/100|[from] item: Life Orb
|move|p2b: Basculegion|Last Respects|p1b: Kommo-o
|-crit|p1b: Kommo-o
|-damage|p1b: Kommo-o|0 fnt
|faint|p1b: Kommo-o
|-damage|p2b: Basculegion|33/100|[from] item: Life Orb
|
|upkeep
|turn|8
|
|t:|1785262077
|move|p2b: Basculegion|Last Respects|p1a: Gardevoir
|-supereffective|p1a: Gardevoir|1
|-damage|p1a: Gardevoir|0 fnt
|faint|p1a: Gardevoir
|-damage|p2b: Basculegion|24/100|[from] item: Life Orb
|
|win|Gozante
||SleepD2 is ready for game 3.
||Gozante is ready for game 3.
|uhtml|next|Next: Game 3 of 3
|l|☆Gozante
|player|p2|
