|j|☆PeePeeSwagMan
|j|☆UncAshty
|html|PeePeeSwagManUncAshty    
|uhtml|bestof|Game 2 of a best-of-3
|t:|1784675354
|gametype|doubles
|player|p1|PeePeeSwagMan|102|
|player|p2|UncAshty|101|
|gen|9
|tier|[Gen 9 Champions] VGC 2026 Reg M-B (Bo3)
|rule|Species Clause: Limit one of each Pokémon
|rule|Item Clause: Limit 1 of each item
|clearpoke
|poke|p1|Scrafty, L50, M|
|poke|p1|Floette-Eternal, L50, F|
|poke|p1|Charizard, L50, F|
|poke|p1|Venusaur, L50, F|
|poke|p1|Primarina, L50, M|
|poke|p1|Volcarona, L50, F|
|poke|p2|Pelipper, L50, F|
|poke|p2|Palafin, L50, M, shiny|
|poke|p2|Swampert, L50, M, shiny|
|poke|p2|Raichu, L50, M|
|poke|p2|Toxicroak, L50, F|
|poke|p2|Skarmory, L50, F|
|teampreview|4
|showteam|p1|Scrafty||BlackBelt|Intimidate|FakeOut,DrainPunch,KnockOff,Protect|Jolly||M|||50|]Floette-Eternal||Floettite|FlowerVeil|CalmMind,Moonblast,DazzlingGleam,Protect|Modest||F|||50|]Charizard||CharizarditeY|Blaze|HeatWave,WeatherBall,SolarBeam,Protect|Timid||F|||50|]Venusaur||CobaBerry|Chlorophyll|SludgeBomb,EarthPower,GigaDrain,Protect|Modest||F|||50|]Primarina||LifeOrb|Torrent|HyperVoice,Moonblast,Protect,DazzlingGleam|Timid||M|||50|]Volcarona||FocusSash|FlameBody|RagePowder,Tailwind,WillOWisp,StruggleBug|Timid||F|||50|
|showteam|p2|Pelipper||FocusSash|Drizzle|Hurricane,WeatherBall,Tailwind,Protect|Bold||F|||50|]Palafin||LifeOrb|ZerotoHero|JetPunch,WaveCrash,FlipTurn,Protect|Jolly||M|||50|]Swampert||Swampertite|Torrent|Earthquake,IcePunch,Liquidation,Protect|Adamant||M|||50|]Raichu||RaichuniteY|LightningRod|ZapCannon,FakeOut,Encore,Protect|Hasty||M|||50|]Toxicroak||MentalHerb|DrySkin|FakeOut,CloseCombat,PoisonJab,Protect|Jolly||F|||50|]Skarmory||OccaBerry|Sturdy|IronHead,Tailwind,Protect,Taunt|Impish||F|||50|
|j| whipq
|
|t:|1784675403
|teamsize|p1|4
|teamsize|p2|4
|start
|switch|p1a: Floette|Floette-Eternal, L50, F|100/100
|switch|p1b: Volcarona|Volcarona, L50, F|100/100
|switch|p2a: Pelipper|Pelipper, L50, F|100/100
|switch|p2b: Palafin|Palafin, L50, M, shiny|100/100
|-weather|RainDance|[from] ability: Drizzle|[of] p2a: Pelipper
|turn|1
|j| KoopaPlays
|j| xanian7
|
|t:|1784675443
|detailschange|p1a: Floette|Floette-Mega, L50, F
|-mega|p1a: Floette|Floette|Floettite
|-ability|p1a: Floette|Fairy Aura
|move|p2b: Palafin|Flip Turn|p1b: Volcarona
|-supereffective|p1b: Volcarona|1
|-enditem|p1b: Volcarona|Focus Sash
|-damage|p1b: Volcarona|1/100
|-damage|p2b: Palafin|90/100|[from] item: Life Orb
|
|t:|1784675453
|detailschange|p2b: Palafin|Palafin-Hero, L50, M, shiny
|switch|p2b: Toxicroak|Toxicroak, L50, F|100/100|[from] Flip Turn
|move|p1b: Volcarona|Will-O-Wisp|p2b: Toxicroak
|-status|p2b: Toxicroak|brn
|move|p1a: Floette|Dazzling Gleam|p2a: Pelipper|[spread] p2a,p2b
|-damage|p2a: Pelipper|20/100y
|-damage|p2b: Toxicroak|22/100 brn
|move|p2a: Pelipper|Tailwind|p2a: Pelipper
|-sidestart|p2: UncAshty|move: Tailwind
|
|-weather|RainDance|[upkeep]
|-heal|p2b: Toxicroak|34/100 brn|[from] ability: Dry Skin
|-damage|p2b: Toxicroak|28/100 brn|[from] brn
|upkeep
|turn|2
|
|t:|1784675496
|move|p1a: Floette|Protect|p1a: Floette
|-singleturn|p1a: Floette|Protect
|move|p2b: Toxicroak|Poison Jab|p1a: Floette
|-activate|p1a: Floette|move: Protect
|move|p2a: Pelipper|Weather Ball|p1b: Volcarona
|-supereffective|p1b: Volcarona|1
|-crit|p1b: Volcarona
|-damage|p1b: Volcarona|0 fnt
|faint|p1b: Volcarona
|
|-weather|RainDance|[upkeep]
|-heal|p2b: Toxicroak|40/100 brn|[from] ability: Dry Skin
|-damage|p2b: Toxicroak|35/100 brn|[from] brn
|upkeep
|
|t:|1784675510
|switch|p1b: Scrafty|Scrafty, L50, M|100/100
|-ability|p1b: Scrafty|Intimidate|boost
|-unboost|p2a: Pelipper|atk|1
|-unboost|p2b: Toxicroak|atk|1
|turn|3
|j| ScizorMeTimbers07
|
|t:|1784675564
|move|p1b: Scrafty|Fake Out|p2a: Pelipper
|-crit|p2a: Pelipper
|-damage|p2a: Pelipper|8/100
|move|p2b: Toxicroak|Poison Jab|p1a: Floette
|-supereffective|p1a: Floette|1
|-damage|p1a: Floette|65/100
|-status|p1a: Floette|psn
|cant|p2a: Pelipper|flinch
|move|p1a: Floette|Dazzling Gleam|p2b: Toxicroak|[spread] p2a,p2b
|-damage|p2a: Pelipper|0 fnt
|-damage|p2b: Toxicroak|0 fnt
|faint|p2a: Pelipper
|faint|p2b: Toxicroak
|
|-weather|RainDance|[upkeep]
|-damage|p1a: Floette|53/100 psn|[from] psn
|upkeep
|
|t:|1784675580
|switch|p2b: Palafin|Palafin-Hero, L50, M, shiny|90/100
|switch|p2a: Raichu|Raichu, L50, M|100/100
|-activate|p2b: Palafin|ability: Zero to Hero
|turn|4
|
|t:|1784675647
|detailschange|p2a: Raichu|Raichu-Mega-Y, L50, M
|-mega|p2a: Raichu|Raichu|Raichunite Y
|move|p1a: Floette|Protect|p1a: Floette
|-singleturn|p1a: Floette|Protect
|move|p2a: Raichu|Zap Cannon|p1b: Scrafty
|-damage|p1b: Scrafty|28/100
|-status|p1b: Scrafty|par
|move|p2b: Palafin|Wave Crash|p1a: Floette
|-activate|p1a: Floette|move: Protect
|move|p1b: Scrafty|Knock Off|p2b: Palafin
|-damage|p2b: Palafin|45/100
|-enditem|p2b: Palafin|Life Orb|[from] move: Knock Off|[of] p1b: Scrafty
|
|-weather|RainDance|[upkeep]
|-damage|p1a: Floette|41/100 psn|[from] psn
|-sideend|p2: UncAshty|move: Tailwind
|upkeep
|turn|5
|
|t:|1784675712
|switch|p1a: Primarina|Primarina, L50, M|100/100
|move|p2b: Palafin|Jet Punch|p1a: Primarina
|-resisted|p1a: Primarina|1
|-damage|p1a: Primarina|60/100
|move|p2a: Raichu|Zap Cannon|p1b: Scrafty
|-damage|p1b: Scrafty|0 fnt
|faint|p1b: Scrafty
|
|-weather|none
|upkeep
|
|t:|1784675721
|switch|p1b: Floette|Floette-Mega, L50, F|41/100 psn
|-ability|p1b: Floette|Fairy Aura
|turn|6
|
|t:|1784675800
|move|p1b: Floette|Protect|p1b: Floette
|-singleturn|p1b: Floette|Protect
|move|p2b: Palafin|Jet Punch|p1b: Floette
|-activate|p1b: Floette|move: Protect
|move|p2a: Raichu|Zap Cannon|p1a: Primarina
|-supereffective|p1a: Primarina|1
|-crit|p1a: Primarina
|-damage|p1a: Primarina|0 fnt
|faint|p1a: Primarina
|
|-damage|p1b: Floette|29/100 psn|[from] psn
|upkeep
|turn|7
|
|t:|1784675844
|move|p2b: Palafin|Jet Punch|p1b: Floette
|-damage|p1b: Floette|0 fnt
|faint|p1b: Floette
|
|win|UncAshty
|l|☆UncAshty
|player|p2|
|l| ScizorMeTimbers07
