|j|☆s!dd_1
|j|☆Echoes630
|html|s!dd_1Echoes630    
|uhtml|bestof|Game 2 of a best-of-3
|t:|1784784321
|gametype|doubles
|player|p1|s!dd_1|flannery-gen6|1603
|player|p2|Echoes630|ingo|1315
|gen|9
|tier|[Gen 9 Champions] VGC 2026 Reg M-B (Bo3)
|rated|
|rule|Species Clause: Limit one of each Pokémon
|rule|Item Clause: Limit 1 of each item
|clearpoke
|poke|p1|Raichu, L50, F|
|poke|p1|Mamoswine, L50, F|
|poke|p1|Sinistcha, L50|
|poke|p1|Sylveon, L50, M|
|poke|p1|Arcanine-Hisui, L50, F|
|poke|p1|Meowscarada, L50, F|
|poke|p2|Sneasler, L50, M|
|poke|p2|Blastoise, L50, M|
|poke|p2|Kingambit, L50, M|
|poke|p2|Incineroar, L50, M|
|poke|p2|Delphox, L50, F|
|poke|p2|Sinistcha, L50|
|teampreview|4
|showteam|p1|Raichu||RaichuniteY|LightningRod|ZapCannon,FocusBlast,FakeOut,Protect|Timid||F|||50|]Mamoswine||LifeOrb|Oblivious|HighHorsepower,IcicleCrash,IceShard,Protect|Adamant||F|||50|]Sinistcha||ColburBerry|Hospitality|MatchaGotcha,RagePowder,TrickRoom,Protect|Relaxed|||||50|]Sylveon||FairyFeather|Pixilate|HyperVoice,HyperBeam,CalmMind,Detect|Modest||M|||50|]Arcanine-Hisui||FocusSash|Intimidate|FlareBlitz,RockSlide,ExtremeSpeed,Protect|Adamant||F|||50|]Meowscarada||ChoiceScarf|Protean|FlowerTrick,KnockOff,TripleAxel,LowKick|Jolly||F|||50|
|showteam|p2|Sneasler||FocusSash|PoisonTouch|PoisonJab,CloseCombat,FakeOut,Protect|Jolly||M|||50|]Blastoise||Blastoisinite|RainDish|DarkPulse,WaterSpout,ShellSmash,Protect|Modest||M|||50|]Kingambit||BlackGlasses|Defiant|KowtowCleave,SuckerPunch,SwordsDance,Protect|Adamant||M|||50|]Incineroar||SitrusBerry|Intimidate|FlareBlitz,HelpingHand,PartingShot,FakeOut|Careful||M|||50|]Delphox||Delphoxite|Blaze|HeatWave,NastyPlot,Psyshock,Protect|Modest||F|||50|]Sinistcha||KasibBerry|Hospitality|MatchaGotcha,RagePowder,TrickRoom,Protect|Bold|||||50|
|inactive|Battle timer is ON: inactive players will automatically lose when time's up. (requested by s!dd_1)
|
|t:|1784784352
|teamsize|p1|4
|teamsize|p2|4
|start
|switch|p1a: Grabbitz|Raichu, L50, F|100/100
|switch|p1b: Tame Impala|Sylveon, L50, M|100/100
|switch|p2a: Sneasler|Sneasler, L50, M|100/100
|switch|p2b: Delphox|Delphox, L50, F|100/100
|turn|1
|
|t:|1784784374
|switch|p1b: Skillet|Arcanine-Hisui, L50, F|100/100
|-ability|p1b: Skillet|Intimidate|boost
|-unboost|p2a: Sneasler|atk|1
|-unboost|p2b: Delphox|atk|1
|detailschange|p1a: Grabbitz|Raichu-Mega-Y, L50, F
|-mega|p1a: Grabbitz|Raichu|Raichunite Y
|detailschange|p2b: Delphox|Delphox-Mega, L50, F
|-mega|p2b: Delphox|Delphox|Delphoxite
|move|p1a: Grabbitz|Fake Out|p2b: Delphox
|-damage|p2b: Delphox|90/100
|move|p2a: Sneasler|Fake Out|p1b: Skillet
|-resisted|p1b: Skillet|1
|-damage|p1b: Skillet|94/100
|cant|p2b: Delphox|flinch
|
|upkeep
|turn|2
|
|t:|1784784395
|switch|p2a: Incineroar|Incineroar, L50, M|100/100
|-ability|p2a: Incineroar|Intimidate|boost
|-unboost|p1a: Grabbitz|atk|1
|-unboost|p1b: Skillet|atk|1
|move|p2b: Delphox|Protect|p2b: Delphox
|-singleturn|p2b: Delphox|Protect
|move|p1a: Grabbitz|Zap Cannon|p2a: Incineroar
|-damage|p2a: Incineroar|46/100
|-status|p2a: Incineroar|par
|-enditem|p2a: Incineroar|Sitrus Berry|[eat]
|-heal|p2a: Incineroar|71/100 par|[from] item: Sitrus Berry
|move|p1b: Skillet|Rock Slide|p2b: Delphox|[spread] p2a
|-activate|p2b: Delphox|move: Protect
|-supereffective|p2a: Incineroar|1
|-damage|p2a: Incineroar|35/100 par
|
|upkeep
|turn|3
|
|t:|1784784402
|switch|p2b: Sinistcha|Sinistcha, L50|100/100
|-heal|p2a: Incineroar|60/100 par|[from] ability: Hospitality|[of] p2b: Sinistcha
|move|p2a: Incineroar|Fake Out|p1b: Skillet
|-resisted|p1b: Skillet|1
|-damage|p1b: Skillet|87/100
|move|p1a: Grabbitz|Zap Cannon|p2b: Sinistcha
|-resisted|p2b: Sinistcha|1
|-damage|p2b: Sinistcha|71/100
|-status|p2b: Sinistcha|par
|cant|p1b: Skillet|flinch
|
|upkeep
|turn|4
|
|t:|1784784411
|switch|p1b: Tame Impala|Sylveon, L50, M|100/100
|move|p1a: Grabbitz|Zap Cannon|p2a: Incineroar
|-damage|p2a: Incineroar|9/100 par
|move|p2a: Incineroar|Flare Blitz|p1a: Grabbitz
|-damage|p1a: Grabbitz|24/100
|-damage|p2a: Incineroar|0 fnt|[from] Recoil
|faint|p2a: Incineroar
|move|p2b: Sinistcha|Trick Room|p2b: Sinistcha
|-fieldstart|move: Trick Room|[of] p2b: Sinistcha
|
|upkeep
|
|t:|1784784414
|switch|p2a: Sneasler|Sneasler, L50, M|100/100
|turn|5
|
|t:|1784784435
|switch|p1a: Kenshi|Sinistcha, L50|100/100
|move|p1b: Tame Impala|Detect|p1b: Tame Impala
|-singleturn|p1b: Tame Impala|Protect
|move|p2b: Sinistcha|Matcha Gotcha|p1a: Kenshi|[spread] p1a
|-activate|p1b: Tame Impala|move: Protect
|-resisted|p1a: Kenshi|1
|-damage|p1a: Kenshi|88/100
|-heal|p2b: Sinistcha|77/100 par|[from] drain|[of] p1a: Kenshi
|move|p2a: Sneasler|Poison Jab|p1b: Tame Impala
|-activate|p1b: Tame Impala|move: Protect
|
|upkeep
|turn|6
|
|t:|1784784450
|switch|p2b: Delphox|Delphox-Mega, L50, F|90/100
|move|p1a: Kenshi|Rage Powder|p1a: Kenshi
|-singleturn|p1a: Kenshi|move: Rage Powder
|move|p1b: Tame Impala|Hyper Voice|p2b: Delphox|[spread] p2a,p2b
|-resisted|p2b: Delphox|1
|-damage|p2a: Sneasler|34/100
|-damage|p2b: Delphox|71/100
|move|p2a: Sneasler|Poison Jab|p1a: Kenshi
|-damage|p1a: Kenshi|54/100
|-status|p1a: Kenshi|psn|[from] ability: Poison Touch|[of] p2a: Sneasler
|
|-damage|p1a: Kenshi|42/100 psn|[from] psn
|upkeep
|turn|7
|
|t:|1784784455
|move|p2a: Sneasler|Protect|p2a: Sneasler
|-singleturn|p2a: Sneasler|Protect
|move|p1a: Kenshi|Rage Powder|p1a: Kenshi
|-singleturn|p1a: Kenshi|move: Rage Powder
|move|p1b: Tame Impala|Hyper Voice|p2a: Sneasler|[spread] p2b
|-activate|p2a: Sneasler|move: Protect
|-resisted|p2b: Delphox|1
|-damage|p2b: Delphox|48/100
|move|p2b: Delphox|Heat Wave|p1b: Tame Impala|[spread] p1a,p1b
|-supereffective|p1a: Kenshi|1
|-crit|p1b: Tame Impala
|-damage|p1a: Kenshi|0 fnt
|-damage|p1b: Tame Impala|62/100
|-status|p1b: Tame Impala|brn
|faint|p1a: Kenshi
|
|-damage|p1b: Tame Impala|56/100 brn|[from] brn
|upkeep
|
|t:|1784784458
|switch|p1a: Skillet|Arcanine-Hisui, L50, F|87/100
|-ability|p1a: Skillet|Intimidate|boost
|-unboost|p2a: Sneasler|atk|1
|-unboost|p2b: Delphox|atk|1
|turn|8
|
|t:|1784784461
|switch|p2a: Sinistcha|Sinistcha, L50|77/100 par
|-heal|p2b: Delphox|73/100|[from] ability: Hospitality|[of] p2a: Sinistcha
|move|p2b: Delphox|Protect|p2b: Delphox
|-singleturn|p2b: Delphox|Protect
|move|p1b: Tame Impala|Hyper Voice|p2a: Sinistcha|[spread] p2a
|-activate|p2b: Delphox|move: Protect
|-damage|p2a: Sinistcha|28/100 par
|move|p1a: Skillet|Rock Slide|p2b: Delphox|[spread] p2a
|-activate|p2b: Delphox|move: Protect
|-damage|p2a: Sinistcha|1/100 par
|
|-damage|p1b: Tame Impala|50/100g brn|[from] brn
|-fieldend|move: Trick Room
|upkeep
|turn|9
|
|t:|1784784469
|move|p2b: Delphox|Psyshock|p1b: Tame Impala
|-damage|p1b: Tame Impala|0 fnt
|faint|p1b: Tame Impala
|move|p1a: Skillet|Rock Slide|p2a: Sinistcha|[spread] p2a,p2b
|-supereffective|p2b: Delphox|1
|-damage|p2a: Sinistcha|0 fnt
|-damage|p2b: Delphox|1/100
|faint|p2a: Sinistcha
|
|upkeep
|
|t:|1784784473
|switch|p2a: Sneasler|Sneasler, L50, M|34/100
|switch|p1b: Grabbitz|Raichu-Mega-Y, L50, F|24/100
|turn|10
|
|t:|1784784479
|move|p2a: Sneasler|Protect|p2a: Sneasler
|-singleturn|p2a: Sneasler|Protect
|move|p2b: Delphox|Protect|p2b: Delphox
|-singleturn|p2b: Delphox|Protect
|move|p1b: Grabbitz|Fake Out|p2a: Sneasler
|-activate|p2a: Sneasler|move: Protect
|move|p1a: Skillet|Extreme Speed|p2b: Delphox
|-activate|p2b: Delphox|move: Protect
|
|upkeep
|turn|11
|
|t:|1784784493
|move|p1a: Skillet|Extreme Speed|p2b: Delphox
|-damage|p2b: Delphox|0 fnt
|faint|p2b: Delphox
|move|p1b: Grabbitz|Zap Cannon|p2a: Sneasler
|-damage|p2a: Sneasler|0 fnt
|faint|p2a: Sneasler
|
|win|s!dd_1
|raw|s!dd_1's rating: 1603 → 1609(+6 for winning)
|raw|Echoes630's rating: 1315 → 1309(-6 for losing)
