|j|☆Closewindown
|j|☆raineyluvsu
|html|Closewindownraineyluvsu    
|uhtml|bestof|Game 1 of a best-of-3
|t:|1782594472
|gametype|doubles
|player|p1|Closewindown|swimmer|1000
|player|p2|raineyluvsu|1|1027
|gen|9
|tier|[Gen 9 Champions] VGC 2026 Reg M-B (Bo3)
|rated|
|rule|Species Clause: Limit one of each Pokémon
|rule|Item Clause: Limit 1 of each item
|clearpoke
|poke|p1|Weavile, L50, F|
|poke|p1|Tinkaton, L50, F|
|poke|p1|Kleavor, L50, M|
|poke|p1|Dragalge, L50, F|
|poke|p1|Sinistcha, L50|
|poke|p1|Arbok, L50, M|
|poke|p2|Metagross, L50|
|poke|p2|Basculegion, L50, M|
|poke|p2|Blaziken, L50, F|
|poke|p2|Politoed, L50, F|
|poke|p2|Tsareena, L50, F|
|poke|p2|Kingambit, L50, F|
|teampreview|4
|showteam|p1|Weavile||FocusSash|Pressure|PsychoCut,FakeOut,KnockOff,TripleAxel|Adamant||F|||50|]Tinkaton|||MoldBreaker|FakeOut,Encore,GigatonHammer,PlayRough|Adamant||F|||50|]Kleavor||ChoiceScarf|Sharpness|StoneAxe,CloseCombat,AirSlash,Uturn|Adamant||M|||50|]Dragalge||Dragalgite|PoisonPoint|ToxicSpikes,Venoshock,DracoMeteor,FlipTurn|Modest||F|||50|]Sinistcha||KasibBerry|Hospitality|MatchaGotcha,ShadowBall,RagePowder,LifeDew|Bold|||||50|]Arbok||SitrusBerry|Intimidate|BreakingSwipe,Snarl,Coil,GunkShot|Adamant||M|||50|
|showteam|p2|Metagross||Metagrossite|ClearBody|IronHead,PsychicFangs,StompingTantrum,Protect|Jolly|||||50|]Basculegion||LifeOrb|Adaptability|WaveCrash,LastRespects,AquaJet,Protect|Jolly||M|||50|]Blaziken||FocusSash|SpeedBoost|Overheat,AuraSphere,Coaching,Detect|Modest||F|||50|]Politoed||SitrusBerry|Drizzle|WeatherBall,IceBeam,PerishSong,Protect|Bold||F|||50|]Tsareena||ChoiceScarf|QueenlyMajesty|TropKick,TripleAxel,LowKick,Uturn|Jolly||F|||50|]Kingambit||BlackGlasses|Defiant|KowtowCleave,SuckerPunch,SwordsDance,Protect|Brave||F|||50|
|
|t:|1782594506
|teamsize|p1|4
|teamsize|p2|4
|start
|switch|p1a: Kleavor|Kleavor, L50, M|100/100
|switch|p1b: Weavile|Weavile, L50, F|100/100
|switch|p2a: Metagross|Metagross, L50|100/100
|switch|p2b: Blaziken|Blaziken, L50, F|100/100
|-ability|p1b: Weavile|Pressure
|turn|1
|
|t:|1782594522
|switch|p2a: Tsareena|Tsareena, L50, F|100/100
|move|p1b: Weavile|Fake Out||[still]
|cant|p2a: Tsareena|ability: Queenly Majesty|Fake Out|[of] p1b: Weavile
|move|p1a: Kleavor|Air Slash|p2b: Blaziken
|-supereffective|p2b: Blaziken|1
|-damage|p2b: Blaziken|58/100
|move|p2b: Blaziken|Aura Sphere|p1b: Weavile
|-supereffective|p1b: Weavile|2
|-enditem|p1b: Weavile|Focus Sash
|-damage|p1b: Weavile|1/100
|
|-ability|p2b: Blaziken|Speed Boost|boost
|-boost|p2b: Blaziken|spe|1
|upkeep
|turn|2
|
|t:|1782594552
|switch|p1b: Dragalge|Dragalge, L50, F|100/100
|move|p1a: Kleavor|Air Slash|p2b: Blaziken|[miss]
|-miss|p1a: Kleavor|p2b: Blaziken
|move|p2a: Tsareena|Triple Axel|p1b: Dragalge
|-supereffective|p1b: Dragalge|1
|-damage|p1b: Dragalge|87/100
|-status|p2a: Tsareena|psn|[from] ability: Poison Point|[of] p1b: Dragalge
|-hitcount|p1b: Dragalge|1
|move|p2b: Blaziken|Overheat|p1a: Kleavor
|-damage|p1a: Kleavor|0 fnt
|-unboost|p2b: Blaziken|spa|2
|faint|p1a: Kleavor
|
|-damage|p2a: Tsareena|87/100 psn|[from] psn
|-ability|p2b: Blaziken|Speed Boost|boost
|-boost|p2b: Blaziken|spe|1
|upkeep
|
|t:|1782594570
|switch|p1a: Weavile|Weavile, L50, F|1/100
|-ability|p1a: Weavile|Pressure
|turn|3
|
|t:|1782594588
|detailschange|p1b: Dragalge|Dragalge-Mega, L50, F
|-mega|p1b: Dragalge|Dragalge|Dragalgite
|move|p2b: Blaziken|Aura Sphere|p1a: Weavile
|-supereffective|p1a: Weavile|2
|-damage|p1a: Weavile|0 fnt
|faint|p1a: Weavile
|move|p2a: Tsareena|Triple Axel|p1b: Dragalge
|-supereffective|p1b: Dragalge|1
|-damage|p1b: Dragalge|74/100
|-supereffective|p1b: Dragalge|1
|-crit|p1b: Dragalge
|-damage|p1b: Dragalge|37/100
|-hitcount|p1b: Dragalge|2
|move|p1b: Dragalge|Venoshock|p2a: Tsareena
|-supereffective|p2a: Tsareena|1
|-damage|p2a: Tsareena|0 fnt
|faint|p2a: Tsareena
|
|-ability|p2b: Blaziken|Speed Boost|boost
|-boost|p2b: Blaziken|spe|1
|upkeep
|
|t:|1782594603
|switch|p1a: Sinistcha|Sinistcha, L50|100/100
|switch|p2a: Basculegion|Basculegion, L50, M|100/100
|-heal|p1b: Dragalge|62/100|[from] ability: Hospitality|[of] p1a: Sinistcha
|turn|4
|
|t:|1782594621
|move|p2b: Blaziken|Coaching|p2a: Basculegion
|-boost|p2a: Basculegion|atk|1
|-boost|p2a: Basculegion|def|1
|move|p2a: Basculegion|Last Respects|p1b: Dragalge
|-damage|p1b: Dragalge|0 fnt
|faint|p1b: Dragalge
|-damage|p2a: Basculegion|90/100|[from] item: Life Orb
|move|p1a: Sinistcha|Matcha Gotcha|p2a: Basculegion|[spread] p2a
|-miss|p1a: Sinistcha|p2b: Blaziken
|-supereffective|p2a: Basculegion|1
|-crit|p2a: Basculegion
|-damage|p2a: Basculegion|0 fnt
|faint|p2a: Basculegion
|
|-ability|p2b: Blaziken|Speed Boost|boost
|-boost|p2b: Blaziken|spe|1
|upkeep
|
|t:|1782594633
|switch|p2a: Metagross|Metagross, L50|100/100
|turn|5
|
|t:|1782594641
|detailschange|p2a: Metagross|Metagross-Mega, L50
|-mega|p2a: Metagross|Metagross|Metagrossite
|move|p2b: Blaziken|Coaching|p2a: Metagross
|-boost|p2a: Metagross|atk|1
|-boost|p2a: Metagross|def|1
|move|p2a: Metagross|Iron Head|p1a: Sinistcha
|-damage|p1a: Sinistcha|24/100
|move|p1a: Sinistcha|Shadow Ball|p2a: Metagross
|-supereffective|p2a: Metagross|1
|-damage|p2a: Metagross|26/100
|
|-ability|p2b: Blaziken|Speed Boost|boost
|-boost|p2b: Blaziken|spe|1
|upkeep
|turn|6
|-message|Closewindown forfeited.
|
|win|raineyluvsu
|l|☆Closewindown
|player|p1|
|raw|Closewindown's rating: 1000 → 1000(+0 for losing)
|raw|raineyluvsu's rating: 1027 → 1060(+33 for winning)
