|j|☆Ywise
|j|☆RadarUndetectable
|html|YwiseRadarUndetectable    
|uhtml|bestof|Game 1 of a best-of-3
|t:|1783536570
|gametype|doubles
|player|p1|Ywise|nita|
|player|p2|RadarUndetectable|dawn|
|gen|9
|tier|[Gen 9 Champions] VGC 2026 Reg M-B (Bo3)
|rule|Species Clause: Limit one of each Pokémon
|rule|Item Clause: Limit 1 of each item
|clearpoke
|poke|p1|Falinks, L50|
|poke|p1|Ninetales-Alola, L50, F|
|poke|p1|Tsareena, L50, F|
|poke|p1|Gholdengo, L50|
|poke|p1|Aerodactyl, L50, M|
|poke|p1|Maushold, L50|
|poke|p2|Meowscarada, L50, M|
|poke|p2|Raichu, L50, M|
|poke|p2|Pelipper, L50, M|
|poke|p2|Swampert, L50, F|
|poke|p2|Archaludon, L50, F|
|poke|p2|Drampa, L50, F|
|teampreview|4
|showteam|p1|Falinks||Falinksite|Defiant|NoRetreat,Protect,CloseCombat,RockSlide|Adamant|||||50|]Ninetales-Alola||FocusSash|SnowWarning|AuroraVeil,Blizzard,FreezeDry,Protect|Timid||F|||50|]Tsareena||ChoiceScarf|QueenlyMajesty|TropKick,LowKick,TripleAxel,Uturn|Jolly||F|||50|]Gholdengo||ColburBerry|GoodasGold|ShadowBall,MakeItRain,NastyPlot,Protect|Modest|||||50|]Aerodactyl||SharpBeak|RockHead|RockSlide,DualWingbeat,Tailwind,WideGuard|Jolly||M|||50|]Maushold||ChopleBerry|FriendGuard|Protect,FollowMe,Feint,HelpingHand|Impish|||||50|
|showteam|p2|Meowscarada||ChoiceScarf|Protean|FlowerTrick,Uturn,TripleAxel,KnockOff|Jolly||M|||50|]Raichu||RaichuniteX|LightningRod|RainDance,FakeOut,Electroweb,RisingVoltage|Modest||M|||50|]Pelipper||FocusSash|Drizzle|Hurricane,Tailwind,Soak,WideGuard|Timid||M|||50|]Swampert||Swampertite|Torrent|Earthquake,WaveCrash,PoisonJab,Protect|Adamant||F|||50|]Archaludon||Leftovers|Stalwart|ElectroShot,DracoMeteor,FlashCannon,Protect|Modest||F|||50|]Drampa||SitrusBerry|CloudNine|IcyWind,HyperVoice,Thunderbolt,Protect|Calm||F|||50|
|c|☆RadarUndetectable|ru there?
|
|t:|1783536661
|teamsize|p1|4
|teamsize|p2|4
|start
|switch|p1a: THE BOIZ|Falinks, L50|100/100
|switch|p1b: THE BOIZ'S wife|Tsareena, L50, F|100/100
|switch|p2a: Meowscarada|Meowscarada, L50, M|100/100
|switch|p2b: Raichu|Raichu, L50, M|100/100
|turn|1
|
|t:|1783536705
|detailschange|p2b: Raichu|Raichu-Mega-X, L50, M
|-mega|p2b: Raichu|Raichu|Raichunite X
|-fieldstart|move: Electric Terrain|[from] ability: Electric Surge|[of] p2b: Raichu
|detailschange|p1a: THE BOIZ|Falinks-Mega, L50
|-mega|p1a: THE BOIZ|Falinks|Falinksite
|move|p2a: Meowscarada|Triple Axel|p1b: THE BOIZ'S wife
|-start|p2a: Meowscarada|typechange|Ice|[from] ability: Protean
|-supereffective|p1b: THE BOIZ'S wife|1
|-damage|p1b: THE BOIZ'S wife|78/100
|-supereffective|p1b: THE BOIZ'S wife|1
|-damage|p1b: THE BOIZ'S wife|30/100
|-supereffective|p1b: THE BOIZ'S wife|1
|-damage|p1b: THE BOIZ'S wife|0 fnt
|faint|p1b: THE BOIZ'S wife
|-hitcount|p1: THE BOIZ'S wife|3
|move|p2b: Raichu|Rising Voltage|p1a: THE BOIZ
|-hint|Rising Voltage's BP doubled on grounded target.
|-damage|p1a: THE BOIZ|0 fnt
|faint|p1a: THE BOIZ
|
|upkeep
|
|t:|1783536726
|switch|p1a: THE BOIZ'S dog/cat|Ninetales-Alola, L50, F|100/100
|switch|p1b: the other one|Aerodactyl, L50, M|100/100
|-weather|Snowscape|[from] ability: Snow Warning|[of] p1a: THE BOIZ'S dog/cat
|turn|2
|
|t:|1783536756
|move|p2a: Meowscarada|Triple Axel|p1b: the other one
|-supereffective|p1b: the other one|1
|-damage|p1b: the other one|69/100
|-supereffective|p1b: the other one|1
|-damage|p1b: the other one|6/100
|-supereffective|p1b: the other one|1
|-damage|p1b: the other one|0 fnt
|faint|p1b: the other one
|-hitcount|p1: the other one|3
|move|p1a: THE BOIZ'S dog/cat|Aurora Veil|p1a: THE BOIZ'S dog/cat
|-sidestart|p1: Ywise|move: Aurora Veil
|move|p2b: Raichu|Rain Dance|p2b: Raichu
|-weather|RainDance
|
|-weather|RainDance|[upkeep]
|upkeep
|turn|3
|l|☆Ywise
|player|p1|
|j|☆Ywise
|player|p1|Ywise|nita|
|
|t:|1783536820
|switch|p2a: Archaludon|Archaludon, L50, F|100/100
|move|p1a: THE BOIZ'S dog/cat|Blizzard|p2a: Archaludon|[spread] p2b
|-miss|p1a: THE BOIZ'S dog/cat|p2a: Archaludon
|-damage|p2b: Raichu|54/100
|move|p2b: Raichu|Rising Voltage|p1a: THE BOIZ'S dog/cat
|-hint|Rising Voltage's BP doubled on grounded target.
|-damage|p1a: THE BOIZ'S dog/cat|38/100
|
|-weather|RainDance|[upkeep]
|upkeep
|turn|4
|
|t:|1783536837
|move|p1a: THE BOIZ'S dog/cat|Protect|p1a: THE BOIZ'S dog/cat
|-singleturn|p1a: THE BOIZ'S dog/cat|Protect
|move|p2b: Raichu|Rising Voltage|p1a: THE BOIZ'S dog/cat
|-activate|p1a: THE BOIZ'S dog/cat|move: Protect
|move|p2a: Archaludon|Flash Cannon|p1a: THE BOIZ'S dog/cat
|-activate|p1a: THE BOIZ'S dog/cat|move: Protect
|
|-weather|RainDance|[upkeep]
|upkeep
|turn|5
|
|t:|1783536847
|move|p1a: THE BOIZ'S dog/cat|Blizzard|p2a: Archaludon|[spread] p2a,p2b
|-damage|p2a: Archaludon|62/100
|-damage|p2b: Raichu|13/100
|move|p2b: Raichu|Rising Voltage|p1a: THE BOIZ'S dog/cat
|-hint|Rising Voltage's BP doubled on grounded target.
|-damage|p1a: THE BOIZ'S dog/cat|0 fnt
|faint|p1a: THE BOIZ'S dog/cat
|
|win|RadarUndetectable
|l|☆Ywise
|player|p1|
||RadarUndetectable is ready for game 2.
||Ywise is ready for game 2.
|uhtml|next|Next: Game 2 of 3
