|j|☆washingtongargacha
|j|☆capspungo
|html|washingtongargachacapspungo    
|uhtml|bestof|Game 2 of a best-of-3
|t:|1757107121
|gametype|doubles
|player|p1|washingtongargacha|2|1128
|player|p2|capspungo|1|1219
|gen|9
|tier|[Gen 9] VGC 2025 Reg H (Bo3)
|rated|
|rule|Species Clause: Limit one of each Pokémon
|rule|Item Clause: Limit 1 of each item
|clearpoke
|poke|p1|Talonflame, L50, M|
|poke|p1|Gholdengo, L50|
|poke|p1|Dragonite, L50, F|
|poke|p1|Archaludon, L50, M|
|poke|p1|Tyranitar, L50, M|
|poke|p1|Garchomp, L50, M|
|poke|p2|Dragonite, L50, M|
|poke|p2|Annihilape, L50, F|
|poke|p2|Rillaboom, L50, M|
|poke|p2|Electabuzz, L50, M|
|poke|p2|Incineroar, L50, F|
|poke|p2|Gholdengo, L50|
|teampreview|4
|showteam|p1|Talonflame||CovertCloak|GaleWings|Tailwind,DualWingbeat,Taunt,FlareBlitz|||M|||50|,,,,,Ghost]Gholdengo||ChoiceSpecs|GoodasGold|MakeItRain,SteelBeam,ShadowBall,PowerGem||||||50|,,,,,Steel]Dragonite||LoadedDice|Multiscale|ScaleShot,IceSpinner,Haze,Protect|||F|||50|,,,,,Steel]Archaludon||PowerHerb|Sturdy|FlashCannon,ElectroShot,DracoMeteor,Protect|||M|||50|,,,,,Flying]Tyranitar||AssaultVest|SandStream|KnockOff,RockSlide,TeraBlast,LowKick|||M|||50|,,,,,Flying]Garchomp||LifeOrb|RoughSkin|DragonClaw,StompingTantrum,Earthquake,Protect|||M|||50|,,,,,Steel
|showteam|p2|Dragonite||LoadedDice|Multiscale|ScaleShot,ExtremeSpeed,Haze,Protect|||M|||50|,,,,,Fairy]Annihilape||FocusSash|Defiant|Coaching,Taunt,RageFist,CloseCombat|||F|||50|,,,,,Stellar]Rillaboom||AssaultVest|GrassySurge|WoodHammer,GrassyGlide,HighHorsepower,FakeOut|||M|||50|,,,,,Water]Electabuzz||Eviolite|VitalSpirit|Electroweb,FollowMe,Thunderbolt,Protect|||M|||50|,,,,,Ghost]Incineroar||MirrorHerb|Intimidate|FakeOut,PartingShot,FlareBlitz,KnockOff|||F|||50|,,,,,Water]Gholdengo||SitrusBerry|GoodasGold|MakeItRain,ShadowBall,NastyPlot,Protect||||||50|,,,,,Water
|inactive|Battle timer is ON: inactive players will automatically lose when time's up. (requested by capspungo)
|inactive|washingtongargacha has 60 seconds left.
|
|t:|1757107176
|teamsize|p1|4
|teamsize|p2|4
|start
|switch|p1a: Dragonite|Dragonite, L50, F|100/100
|switch|p1b: Gholdengo|Gholdengo, L50|100/100
|switch|p2a: Dragonite|Dragonite, L50, M|100/100
|switch|p2b: Incineroar|Incineroar, L50, F|100/100
|-ability|p2b: Incineroar|Intimidate|boost
|-unboost|p1a: Dragonite|atk|1
|-unboost|p1b: Gholdengo|atk|1
|turn|1
|inactive|washingtongargacha has 30 seconds left.
|inactive|capspungo has 30 seconds left.
|inactive|capspungo has 20 seconds left.
|inactive|capspungo has 15 seconds left.
|
|t:|1757107218
|-terastallize|p1b: Gholdengo|Steel
|move|p1a: Dragonite|Protect|p1a: Dragonite
|-singleturn|p1a: Dragonite|Protect
|move|p1b: Gholdengo|Make It Rain|p2a: Dragonite|[spread] p2a,p2b
|-resisted|p2b: Incineroar
|-damage|p2a: Dragonite|40/100
|-damage|p2b: Incineroar|62/100
|-unboost|p1b: Gholdengo|spa|1
|move|p2a: Dragonite|Scale Shot|p1a: Dragonite
|-activate|p1a: Dragonite|move: Protect
|move|p2b: Incineroar|Flare Blitz|p1b: Gholdengo
|-supereffective|p1b: Gholdengo
|-damage|p1b: Gholdengo|0 fnt
|faint|p1b: Gholdengo
|-damage|p2b: Incineroar|36/100|[from] Recoil
|
|upkeep
|
|t:|1757107237
|switch|p1b: Garchomp|Garchomp, L50, M|100/100
|turn|2
|
|t:|1757107260
|move|p2a: Dragonite|Protect|p2a: Dragonite
|-singleturn|p2a: Dragonite|Protect
|move|p1b: Garchomp|Stomping Tantrum|p2b: Incineroar
|-supereffective|p2b: Incineroar
|-damage|p2b: Incineroar|0 fnt
|faint|p2b: Incineroar
|-damage|p1b: Garchomp|91/100|[from] item: Life Orb
|move|p1a: Dragonite|Ice Spinner|p2a: Dragonite
|-activate|p2a: Dragonite|move: Protect
|
|upkeep
|
|t:|1757107271
|switch|p2b: Rillaboom|Rillaboom, L50, M|100/100
|-fieldstart|move: Grassy Terrain|[from] ability: Grassy Surge|[of] p2b: Rillaboom
|turn|3
|
|t:|1757107286
|-terastallize|p2a: Dragonite|Fairy
|move|p1b: Garchomp|Protect|p1b: Garchomp
|-singleturn|p1b: Garchomp|Protect
|move|p1a: Dragonite|Protect|p1a: Dragonite
|-singleturn|p1a: Dragonite|Protect
|move|p2b: Rillaboom|Fake Out|p1b: Garchomp
|-activate|p1b: Garchomp|move: Protect
|move|p2a: Dragonite|Scale Shot|p1a: Dragonite
|-activate|p1a: Dragonite|move: Protect
|
|-heal|p1b: Garchomp|97/100|[from] Grassy Terrain
|-heal|p2a: Dragonite|46/100|[from] Grassy Terrain
|upkeep
|turn|4
|
|t:|1757107304
|move|p2a: Dragonite|Protect|p2a: Dragonite
|-singleturn|p2a: Dragonite|Protect
|move|p1b: Garchomp|Stomping Tantrum|p2a: Dragonite
|-activate|p2a: Dragonite|move: Protect
|move|p1a: Dragonite|Ice Spinner|p2b: Rillaboom
|-supereffective|p2b: Rillaboom
|-damage|p2b: Rillaboom|58/100
|-fieldend|move: Grassy Terrain
|move|p2b: Rillaboom|Wood Hammer|p1b: Garchomp
|-damage|p1b: Garchomp|28/100
|-damage|p2b: Rillaboom|45/100|[from] ability: Rough Skin|[of] p1b: Garchomp
|-damage|p2b: Rillaboom|24/100|[from] Recoil
|
|upkeep
|turn|5
|inactive|capspungo has 30 seconds left.
|
|t:|1757107334
|switch|p2b: Annihilape|Annihilape, L50, F|100/100
|move|p1b: Garchomp|Protect|p1b: Garchomp
|-singleturn|p1b: Garchomp|Protect
|move|p2a: Dragonite|Extreme Speed|p1b: Garchomp
|-activate|p1b: Garchomp|move: Protect
|move|p1a: Dragonite|Ice Spinner|p2b: Annihilape
|-damage|p2b: Annihilape|75/100
|
|upkeep
|turn|6
|inactive|washingtongargacha has 30 seconds left.
|inactive|capspungo has 30 seconds left.
|
|t:|1757107368
|switch|p1b: Tyranitar|Tyranitar, L50, M|100/100
|-weather|Sandstorm|[from] ability: Sand Stream|[of] p1b: Tyranitar
|move|p2a: Dragonite|Extreme Speed|p1b: Tyranitar
|-resisted|p1b: Tyranitar
|-damage|p1b: Tyranitar|86/100
|move|p2b: Annihilape|Coaching|p2a: Dragonite
|-boost|p2a: Dragonite|atk|1
|-boost|p2a: Dragonite|def|1
|move|p1a: Dragonite|Ice Spinner|p2a: Dragonite
|-damage|p2a: Dragonite|30/100
|
|-weather|Sandstorm|[upkeep]
|-damage|p2b: Annihilape|69/100|[from] Sandstorm
|-damage|p1a: Dragonite|95/100|[from] Sandstorm
|-damage|p2a: Dragonite|24/100|[from] Sandstorm
|upkeep
|turn|7
|inactive|washingtongargacha has 30 seconds left.
|inactive|capspungo has 30 seconds left.
|inactive|washingtongargacha has 20 seconds left.
|inactive|capspungo has 20 seconds left.
|inactive|washingtongargacha has 15 seconds left.
|
|t:|1757107408
|move|p1a: Dragonite|Protect|p1a: Dragonite
|-singleturn|p1a: Dragonite|Protect
|move|p2b: Annihilape|Close Combat|p1b: Tyranitar
|-supereffective|p1b: Tyranitar
|-damage|p1b: Tyranitar|0 fnt
|-unboost|p2b: Annihilape|def|1
|-unboost|p2b: Annihilape|spd|1
|faint|p1b: Tyranitar
|move|p2a: Dragonite|Scale Shot|p1a: Dragonite
|-activate|p1a: Dragonite|move: Protect
|
|-weather|Sandstorm|[upkeep]
|-damage|p2b: Annihilape|63/100|[from] Sandstorm
|-damage|p2a: Dragonite|18/100|[from] Sandstorm
|-damage|p1a: Dragonite|89/100|[from] Sandstorm
|upkeep
|
|t:|1757107420
|switch|p1b: Garchomp|Garchomp, L50, M|28/100
|turn|8
|
|t:|1757107441
|move|p1b: Garchomp|Protect|p1b: Garchomp
|-singleturn|p1b: Garchomp|Protect
|move|p2a: Dragonite|Protect|p2a: Dragonite
|-singleturn|p2a: Dragonite|Protect
|move|p2b: Annihilape|Coaching|p2a: Dragonite
|-boost|p2a: Dragonite|atk|1
|-boost|p2a: Dragonite|def|1
|move|p1a: Dragonite|Scale Shot|p2b: Annihilape
|-damage|p2b: Annihilape|45/100
|-damage|p2b: Annihilape|28/100
|-damage|p2b: Annihilape|9/100
|-damage|p2b: Annihilape|0 fnt
|faint|p2b: Annihilape
|-hitcount|p2: Annihilape|4
|-unboost|p1a: Dragonite|def|1
|-boost|p1a: Dragonite|spe|1
|
|-weather|Sandstorm|[upkeep]
|-damage|p1a: Dragonite|83/100|[from] Sandstorm
|-damage|p2a: Dragonite|12/100|[from] Sandstorm
|upkeep
|
|t:|1757107450
|switch|p2b: Rillaboom|Rillaboom, L50, M|24/100
|-fieldstart|move: Grassy Terrain|[from] ability: Grassy Surge|[of] p2b: Rillaboom
|turn|9
|
|t:|1757107474
|move|p2b: Rillaboom|Fake Out|p1a: Dragonite
|-damage|p1a: Dragonite|60/100
|move|p2a: Dragonite|Extreme Speed|p1b: Garchomp
|-damage|p1b: Garchomp|0 fnt
|-damage|p2a: Dragonite|0 fnt|[from] ability: Rough Skin|[of] p1b: Garchomp
|faint|p1b: Garchomp
|faint|p2a: Dragonite
|cant|p1a: Dragonite|flinch
|
|-weather|Sandstorm|[upkeep]
|-damage|p1a: Dragonite|54/100|[from] Sandstorm
|-damage|p2b: Rillaboom|18/100|[from] Sandstorm
|-heal|p2b: Rillaboom|24/100|[from] Grassy Terrain
|upkeep
|turn|10
|
|t:|1757107497
|move|p2b: Rillaboom|Grassy Glide|p1a: Dragonite
|-resisted|p1a: Dragonite
|-damage|p1a: Dragonite|38/100
|move|p1a: Dragonite|Ice Spinner|p2b: Rillaboom
|-supereffective|p2b: Rillaboom
|-damage|p2b: Rillaboom|0 fnt
|-fieldend|move: Grassy Terrain
|faint|p2b: Rillaboom
|
|win|washingtongargacha
