|j|☆GWMicroK
|j|☆helpimbadatthislol
|html|GWMicroKhelpimbadatthislol    
|uhtml|bestof|Game 2 of a best-of-3
|t:|1783988035
|gametype|doubles
|player|p1|GWMicroK|101|1131
|player|p2|helpimbadatthislol|rosa|1101
|gen|9
|tier|[Gen 9 Champions] VGC 2026 Reg M-B (Bo3)
|rated|
|rule|Species Clause: Limit one of each Pokémon
|rule|Item Clause: Limit 1 of each item
|clearpoke
|poke|p1|Ditto, L50, shiny|
|poke|p1|Sinistcha-Masterpiece, L50, shiny|
|poke|p1|Pelipper, L50, F|
|poke|p1|Swampert, L50, M|
|poke|p1|Tyranitar, L50, F|
|poke|p1|Archaludon, L50, M|
|poke|p2|Raichu, L50, M|
|poke|p2|Scizor, L50, F|
|poke|p2|Rotom-Wash, L50|
|poke|p2|Ampharos, L50, F|
|poke|p2|Manectric, L50, M|
|poke|p2|Dragonite, L50, F|
|teampreview|4
|showteam|p1|Ditto||QuickClaw|Imposter|Transform|Relaxed|||||50|]Sinistcha-Masterpiece||SitrusBerry|Hospitality|MatchaGotcha,TrickRoom,LifeDew,RagePowder|Bold|||||50|]Pelipper||FocusSash|Drizzle|WeatherBall,Hurricane,WideGuard,Tailwind|Timid||F|||50|]Swampert||Swampertite|Damp|WaveCrash,Earthquake,IcePunch,Protect|Adamant||M|||50|]Tyranitar||Tyranitarite|SandStream|KnockOff,RockSlide,DragonDance,Protect|Adamant||F|||50|]Archaludon||Leftovers|Stamina|DragonPulse,FlashCannon,ElectroShot,Protect|Modest||M|||50|
|showteam|p2|Raichu||RaichuniteY|LightningRod|ZapCannon,FakeOut,AlluringVoice,FocusBlast|Hasty||M|||50|]Scizor|||Technician|BulletPunch,Uturn,CloseCombat,Protect|Adamant||F|||50|]Rotom-Wash||SitrusBerry|Levitate|HydroPump,Discharge,WillOWisp,VoltSwitch|Modest|||||50|]Ampharos||ExpertBelt|Static|Discharge,DragonTail,DragonPulse,VoltSwitch|Modest||F|||50|]Manectric||FocusSash|LightningRod|Thunderbolt,VoltSwitch,ThunderWave,Snarl|Timid||M|||50|]Dragonite||ChestoBerry|Multiscale|Rest,DragonClaw,ExtremeSpeed,Tailwind|Adamant||F|||50|
|inactive|Battle timer is ON: inactive players will automatically lose when time's up. (requested by GWMicroK)
|inactive|helpimbadatthislol has 60 seconds left.
|
|t:|1783988074
|teamsize|p1|4
|teamsize|p2|4
|start
|switch|p1a: Sinistcha|Sinistcha-Masterpiece, L50, shiny|100/100
|switch|p1b: Swampert|Swampert, L50, M|100/100
|switch|p2a: Manectric|Manectric, L50, M|100/100
|switch|p2b: Raichu|Raichu, L50, M|100/100
|turn|1
|
|t:|1783988098
|switch|p2b: Scizor|Scizor, L50, F|100/100
|detailschange|p1b: Swampert|Swampert-Mega, L50, M
|-mega|p1b: Swampert|Swampert|Swampertite
|move|p2a: Manectric|Snarl|p1a: Sinistcha|[spread] p1a,p1b
|-supereffective|p1a: Sinistcha|1
|-damage|p1a: Sinistcha|76/100
|-damage|p1b: Swampert|89/100
|-unboost|p1a: Sinistcha|spa|1
|-unboost|p1b: Swampert|spa|1
|move|p1b: Swampert|Earthquake|p2b: Scizor|[spread] p1a,p2a,p2b
|-resisted|p1a: Sinistcha|1
|-supereffective|p2a: Manectric|1
|-damage|p1a: Sinistcha|56/100
|-enditem|p2a: Manectric|Focus Sash
|-damage|p2a: Manectric|1/100
|-damage|p2b: Scizor|52/100
|move|p1a: Sinistcha|Life Dew|p1a: Sinistcha|[spread] p1a,p1b
|-heal|p1a: Sinistcha|81/100
|-heal|p1b: Swampert|100/100
|
|upkeep
|turn|2
|inactive|GWMicroK has 30 seconds left.
|inactive|GWMicroK has 20 seconds left.
|
|t:|1783988135
|switch|p1a: Pelipper|Pelipper, L50, F|100/100
|-weather|RainDance|[from] ability: Drizzle|[of] p1a: Pelipper
|move|p1b: Swampert|Earthquake|p2b: Scizor|[spread] p2a,p2b
|-immune|p1a: Pelipper
|-supereffective|p2a: Manectric|1
|-damage|p2a: Manectric|0 fnt
|-damage|p2b: Scizor|2/100
|faint|p2a: Manectric
|move|p2b: Scizor|U-turn|p1b: Swampert
|-damage|p1b: Swampert|63/100
|
|t:|1783988142
|switch|p2b: Dragonite|Dragonite, L50, F|100/100|[from] U-turn
|
|-weather|RainDance|[upkeep]
|upkeep
|
|t:|1783988145
|switch|p2a: Scizor|Scizor, L50, F|2/100
|turn|3
|
|t:|1783988165
|move|p1b: Swampert|Protect|p1b: Swampert
|-singleturn|p1b: Swampert|Protect
|move|p1a: Pelipper|Tailwind|p1a: Pelipper
|-sidestart|p1: GWMicroK|move: Tailwind
|move|p2b: Dragonite|Dragon Claw|p1b: Swampert
|-activate|p1b: Swampert|move: Protect
|move|p2a: Scizor|Close Combat|p1b: Swampert
|-activate|p1b: Swampert|move: Protect
|
|-weather|RainDance|[upkeep]
|upkeep
|turn|4
|
|t:|1783988185
|switch|p1b: Archaludon|Archaludon, L50, M|100/100
|move|p2a: Scizor|Bullet Punch|p1b: Archaludon
|-resisted|p1b: Archaludon|1
|-damage|p1b: Archaludon|86/100
|-ability|p1b: Archaludon|Stamina|boost
|-boost|p1b: Archaludon|def|1
|move|p1a: Pelipper|Hurricane|p2b: Dragonite
|-damage|p2b: Dragonite|79/100
|move|p2b: Dragonite|Dragon Claw|p1b: Archaludon
|-damage|p1b: Archaludon|64/100
|-ability|p1b: Archaludon|Stamina|boost
|-boost|p1b: Archaludon|def|1
|
|-weather|RainDance|[upkeep]
|-heal|p1b: Archaludon|70/100|[from] item: Leftovers
|upkeep
|turn|5
|
|t:|1783988209
|move|p1a: Pelipper|Weather Ball|p2a: Scizor
|-damage|p2a: Scizor|0 fnt
|faint|p2a: Scizor
|move|p1b: Archaludon|Electro Shot||[still]
|-prepare|p1b: Archaludon|Electro Shot
|-boost|p1b: Archaludon|spa|1
|-anim|p1b: Archaludon|Electro Shot|p2b: Dragonite
|-damage|p2b: Dragonite|16/100
|move|p2b: Dragonite|Dragon Claw|p1a: Pelipper
|-damage|p1a: Pelipper|35/100
|
|-weather|RainDance|[upkeep]
|-heal|p1b: Archaludon|76/100|[from] item: Leftovers
|upkeep
|
|t:|1783988216
|switch|p2a: Raichu|Raichu, L50, M|100/100
|turn|6
|
|t:|1783988233
|detailschange|p2a: Raichu|Raichu-Mega-Y, L50, M
|-mega|p2a: Raichu|Raichu|Raichunite Y
|move|p1b: Archaludon|Protect|p1b: Archaludon
|-singleturn|p1b: Archaludon|Protect
|move|p2b: Dragonite|Extreme Speed|p1a: Pelipper
|-damage|p1a: Pelipper|0 fnt
|faint|p1a: Pelipper
|move|p2a: Raichu|Focus Blast|p1b: Archaludon
|-activate|p1b: Archaludon|move: Protect
|
|-weather|none
|-heal|p1b: Archaludon|82/100|[from] item: Leftovers
|-sideend|p1: GWMicroK|move: Tailwind
|upkeep
|
|t:|1783988249
|switch|p1a: Sinistcha|Sinistcha-Masterpiece, L50, shiny|81/100
|-heal|p1b: Archaludon|100/100|[from] ability: Hospitality|[of] p1a: Sinistcha
|turn|7
|
|t:|1783988259
|move|p1a: Sinistcha|Rage Powder|p1a: Sinistcha
|-singleturn|p1a: Sinistcha|move: Rage Powder
|move|p2a: Raichu|Alluring Voice|p1a: Sinistcha
|-damage|p1a: Sinistcha|52/100
|move|p1b: Archaludon|Dragon Pulse|p2a: Raichu
|-damage|p2a: Raichu|0 fnt
|faint|p2a: Raichu
|move|p2b: Dragonite|Dragon Claw|p1a: Sinistcha
|-damage|p1a: Sinistcha|10/100
|-enditem|p1a: Sinistcha|Sitrus Berry|[eat]
|-heal|p1a: Sinistcha|35/100|[from] item: Sitrus Berry
|
|upkeep
|turn|8
|
|t:|1783988275
|move|p1b: Archaludon|Dragon Pulse|p2b: Dragonite
|-supereffective|p2b: Dragonite|1
|-damage|p2b: Dragonite|0 fnt
|faint|p2b: Dragonite
|
|win|GWMicroK
|raw|GWMicroK's rating: 1131 → 1154(+23 for winning)
|raw|helpimbadatthislol's rating: 1101 → 1078(-23 for losing)
|l|☆helpimbadatthislol
|player|p2|
