|j|☆Aeon_Twins
|j|☆rojo53
|html|Aeon_Twinsrojo53    
|uhtml|bestof|Game 2 of a best-of-3
|t:|1783170101
|gametype|doubles
|player|p1|Aeon_Twins|n|1252
|player|p2|rojo53|worker|1299
|gen|9
|tier|[Gen 9 Champions] VGC 2026 Reg M-B (Bo3)
|rated|
|rule|Species Clause: Limit one of each Pokémon
|rule|Item Clause: Limit 1 of each item
|clearpoke
|poke|p1|Swampert, L50, M|
|poke|p1|Staraptor, L50, F|
|poke|p1|Archaludon, L50, F|
|poke|p1|Pelipper, L50, M|
|poke|p1|Sinistcha, L50|
|poke|p1|Grimmsnarl, L50, M|
|poke|p2|Tyranitar, L50, F|
|poke|p2|Excadrill, L50, M|
|poke|p2|Gyarados, L50, M|
|poke|p2|Mimikyu, L50, F|
|poke|p2|Typhlosion-Hisui, L50, F|
|poke|p2|Kingambit, L50, M|
|teampreview|4
|showteam|p1|Swampert||Swampertite|Torrent|WaveCrash,Earthquake,IcePunch,Protect|Adamant||M|||50|]Staraptor||Staraptite|Intimidate|CloseCombat,BraveBird,Roost,Protect|Jolly||F|||50|]Archaludon||Leftovers|Stamina|DragonPulse,FlashCannon,ElectroShot,Protect|Modest||F|||50|]Pelipper||SitrusBerry|Drizzle|WeatherBall,Hurricane,Tailwind,Protect|Bold||M|||50|]Sinistcha||KasibBerry|Hospitality|MatchaGotcha,RagePowder,LifeDew,Protect|Relaxed|||||50|]Grimmsnarl||LightClay|Prankster|FoulPlay,PartingShot,LightScreen,Reflect|Calm||M|||50|
|showteam|p2|Tyranitar||Tyranitarite|SandStream|RockSlide,KnockOff,DragonDance,Protect|Adamant||F|||50|]Excadrill||FocusSash|SandRush|RockSlide,HighHorsepower,IronHead,Protect|Adamant||M|||50|]Gyarados||SitrusBerry|Intimidate|Waterfall,IceFang,DragonDance,Protect|Adamant||M|||50|]Mimikyu||WhiteHerb|Disguise|PlayRough,ShadowSneak,ShadowClaw,Protect|Adamant||F|||50|]Typhlosion-Hisui||ChoiceScarf|Blaze|HeatWave,ShadowBall,Overheat,Eruption|Modest||F|||50|]Kingambit||BlackGlasses|Defiant|KowtowCleave,SuckerPunch,IronHead,Protect|Adamant||M|||50|
|
|t:|1783170140
|teamsize|p1|4
|teamsize|p2|4
|start
|switch|p1a: Archaludon|Archaludon, L50, F|100/100
|switch|p1b: Grimmsnarl|Grimmsnarl, L50, M|100/100
|switch|p2a: Tyranitar|Tyranitar, L50, F|100/100
|switch|p2b: Typhlosion|Typhlosion-Hisui, L50, F|100/100
|-weather|Sandstorm|[from] ability: Sand Stream|[of] p2a: Tyranitar
|turn|1
|
|t:|1783170156
|move|p1a: Archaludon|Protect|p1a: Archaludon
|-singleturn|p1a: Archaludon|Protect
|move|p1b: Grimmsnarl|Light Screen|p1b: Grimmsnarl
|-sidestart|p1: Aeon_Twins|move: Light Screen
|move|p2b: Typhlosion|Shadow Ball|p1b: Grimmsnarl
|-resisted|p1b: Grimmsnarl|1
|-damage|p1b: Grimmsnarl|87/100
|move|p2a: Tyranitar|Dragon Dance|p2a: Tyranitar
|-boost|p2a: Tyranitar|atk|1
|-boost|p2a: Tyranitar|spe|1
|
|-weather|Sandstorm|[upkeep]
|-damage|p2b: Typhlosion|93/100|[from] Sandstorm
|-damage|p1b: Grimmsnarl|81/100|[from] Sandstorm
|upkeep
|turn|2
|
|t:|1783170169
|switch|p2b: Gambito|Kingambit, L50, M|100/100
|move|p2a: Tyranitar|Protect|p2a: Tyranitar
|-singleturn|p2a: Tyranitar|Protect
|move|p1b: Grimmsnarl|Light Screen||[still]
|-fail|p1b: Grimmsnarl
|move|p1a: Archaludon|Electro Shot||[still]
|-prepare|p1a: Archaludon|Electro Shot
|-boost|p1a: Archaludon|spa|1
|
|-weather|Sandstorm|[upkeep]
|-damage|p1b: Grimmsnarl|75/100|[from] Sandstorm
|upkeep
|turn|3
|
|t:|1783170191
|switch|p2b: Ratatopo|Excadrill, L50, M|100/100
|move|p1b: Grimmsnarl|Reflect|p1b: Grimmsnarl
|-sidestart|p1: Aeon_Twins|Reflect
|move|p2a: Tyranitar|Dragon Dance|p2a: Tyranitar
|-boost|p2a: Tyranitar|atk|1
|-boost|p2a: Tyranitar|spe|1
|move|p1a: Archaludon|Electro Shot|p2b: Ratatopo|[from] lockedmove
|-immune|p2b: Ratatopo
|
|-weather|Sandstorm|[upkeep]
|-damage|p1b: Grimmsnarl|69/100|[from] Sandstorm
|upkeep
|turn|4
|
|t:|1783170207
|move|p2b: Ratatopo|Protect|p2b: Ratatopo
|-singleturn|p2b: Ratatopo|Protect
|move|p2a: Tyranitar|Protect|p2a: Tyranitar
|-singleturn|p2a: Tyranitar|Protect
|move|p1b: Grimmsnarl|Parting Shot|p2b: Ratatopo
|-activate|p2b: Ratatopo|move: Protect
|move|p1a: Archaludon|Flash Cannon|p2a: Tyranitar
|-activate|p2a: Tyranitar|move: Protect
|
|-weather|Sandstorm|[upkeep]
|-damage|p1b: Grimmsnarl|63/100|[from] Sandstorm
|upkeep
|turn|5
|
|t:|1783170225
|detailschange|p2a: Tyranitar|Tyranitar-Mega, L50, F
|-mega|p2a: Tyranitar|Tyranitar|Tyranitarite
|move|p2b: Ratatopo|High Horsepower|p1a: Archaludon
|-supereffective|p1a: Archaludon|1
|-damage|p1a: Archaludon|41/100
|-ability|p1a: Archaludon|Stamina|boost
|-boost|p1a: Archaludon|def|1
|move|p2a: Tyranitar|Knock Off|p1a: Archaludon
|-damage|p1a: Archaludon|0 fnt
|-enditem|p1a: Archaludon|Leftovers|[from] move: Knock Off|[of] p2a: Tyranitar
|faint|p1a: Archaludon
|move|p1b: Grimmsnarl|Foul Play|p2a: Tyranitar
|-resisted|p2a: Tyranitar|1
|-damage|p2a: Tyranitar|59/100
|
|-weather|none
|upkeep
|
|t:|1783170235
|switch|p1a: Staraptor|Staraptor, L50, F|100/100
|-ability|p1a: Staraptor|Intimidate|boost
|-unboost|p2a: Tyranitar|atk|1
|-unboost|p2b: Ratatopo|atk|1
|turn|6
|
|t:|1783170245
|detailschange|p1a: Staraptor|Staraptor-Mega, L50, F
|-mega|p1a: Staraptor|Staraptor|Staraptite
|move|p1b: Grimmsnarl|Parting Shot|p2b: Ratatopo
|-unboost|p2b: Ratatopo|atk|1
|-unboost|p2b: Ratatopo|spa|1
|
|t:|1783170249
|switch|p1b: Pelipper|Pelipper, L50, M|100/100|[from] Parting Shot
|-weather|RainDance|[from] ability: Drizzle|[of] p1b: Pelipper
|move|p2a: Tyranitar|Rock Slide|p1b: Pelipper|[spread] p1a,p1b
|-supereffective|p1b: Pelipper|1
|-damage|p1a: Staraptor|62/100
|-damage|p1b: Pelipper|32/100
|-enditem|p1b: Pelipper|Sitrus Berry|[eat]
|-heal|p1b: Pelipper|57/100|[from] item: Sitrus Berry
|move|p1a: Staraptor|Close Combat|p2a: Tyranitar
|-supereffective|p2a: Tyranitar|2
|-damage|p2a: Tyranitar|0 fnt
|-boost|p1a: Staraptor|def|1
|-boost|p1a: Staraptor|spd|1
|faint|p2a: Tyranitar
|move|p2b: Ratatopo|Iron Head|p1b: Pelipper
|-resisted|p1b: Pelipper|1
|-damage|p1b: Pelipper|48/100
|
|-weather|RainDance|[upkeep]
|upkeep
|
|t:|1783170262
|switch|p2a: Typhlosion|Typhlosion-Hisui, L50, F|93/100
|turn|7
|
|t:|1783170279
|move|p2b: Ratatopo|Protect|p2b: Ratatopo
|-singleturn|p2b: Ratatopo|Protect
|move|p2a: Typhlosion|Shadow Ball|p1b: Pelipper
|-damage|p1b: Pelipper|15/100
|move|p1a: Staraptor|Close Combat|p2b: Ratatopo
|-activate|p2b: Ratatopo|move: Protect
|move|p1b: Pelipper|Weather Ball|p2a: Typhlosion
|-supereffective|p2a: Typhlosion|1
|-damage|p2a: Typhlosion|0 fnt
|faint|p2a: Typhlosion
|
|-weather|RainDance|[upkeep]
|upkeep
|
|t:|1783170285
|switch|p2a: Gambito|Kingambit, L50, M|100/100
|turn|8
|
|t:|1783170295
|move|p2a: Gambito|Protect|p2a: Gambito
|-singleturn|p2a: Gambito|Protect
|move|p1a: Staraptor|Close Combat|p2a: Gambito
|-activate|p2a: Gambito|move: Protect
|move|p2b: Ratatopo|Rock Slide|p1b: Pelipper|[spread] p1a,p1b
|-supereffective|p1b: Pelipper|1
|-damage|p1a: Staraptor|57/100
|-damage|p1b: Pelipper|1/100
|cant|p1b: Pelipper|flinch
|
|-weather|RainDance|[upkeep]
|-sideend|p1: Aeon_Twins|move: Light Screen
|upkeep
|turn|9
|
|t:|1783170311
|switch|p1b: Grimmsnarl|Grimmsnarl, L50, M|63/100
|move|p2a: Gambito|Protect|p2a: Gambito
|-singleturn|p2a: Gambito|Protect
|move|p1a: Staraptor|Close Combat|p2a: Gambito
|-activate|p2a: Gambito|move: Protect
|move|p2b: Ratatopo|Iron Head|p1a: Staraptor
|-damage|p1a: Staraptor|47/100
|
|-weather|RainDance|[upkeep]
|upkeep
|turn|10
|
|t:|1783170324
|move|p1b: Grimmsnarl|Parting Shot|p2b: Ratatopo
|-unboost|p2b: Ratatopo|atk|1
|-unboost|p2b: Ratatopo|spa|1
|
|t:|1783170333
|switch|p1b: Pelipper|Pelipper, L50, M|1/100|[from] Parting Shot
|move|p2a: Gambito|Sucker Punch|p1a: Staraptor
|-resisted|p1a: Staraptor|1
|-damage|p1a: Staraptor|36/100
|move|p1a: Staraptor|Close Combat|p2a: Gambito
|-supereffective|p2a: Gambito|2
|-damage|p2a: Gambito|0 fnt
|-boost|p1a: Staraptor|def|1
|-boost|p1a: Staraptor|spd|1
|faint|p2a: Gambito
|move|p2b: Ratatopo|Iron Head|p1a: Staraptor
|-damage|p1a: Staraptor|29/100
|
|-weather|none
|-sideend|p1: Aeon_Twins|Reflect
|upkeep
|turn|11
|
|t:|1783170351
|switch|p1b: Grimmsnarl|Grimmsnarl, L50, M|63/100
|move|p1a: Staraptor|Roost|p1a: Staraptor
|-heal|p1a: Staraptor|79/100
|-singleturn|p1a: Staraptor|move: Roost
|move|p2b: Ratatopo|Iron Head|p1a: Staraptor
|-damage|p1a: Staraptor|67/100
|
|upkeep
|turn|12
|
|t:|1783170362
|move|p1a: Staraptor|Close Combat|p2b: Ratatopo
|-supereffective|p2b: Ratatopo|1
|-enditem|p2b: Ratatopo|Focus Sash
|-damage|p2b: Ratatopo|1/100
|-boost|p1a: Staraptor|def|1
|-boost|p1a: Staraptor|spd|1
|move|p2b: Ratatopo|Iron Head|p1a: Staraptor
|-damage|p1a: Staraptor|60/100
|move|p1b: Grimmsnarl|Foul Play|p2b: Ratatopo
|-damage|p2b: Ratatopo|0 fnt
|faint|p2b: Ratatopo
|
|win|Aeon_Twins
