|j|☆the country mouse
|j|☆Jiaco5
|html|the country mouseJiaco5    
|uhtml|bestof|Game 3 of a best-of-3
|t:|1784232539
|gametype|doubles
|player|p1|the country mouse|tate|1282
|player|p2|Jiaco5|1|1328
|gen|9
|tier|[Gen 9 Champions] VGC 2026 Reg M-B (Bo3)
|rated|
|rule|Species Clause: Limit one of each Pokémon
|rule|Item Clause: Limit 1 of each item
|clearpoke
|poke|p1|Gengar, L50, M, shiny|
|poke|p1|Swampert, L50, F, shiny|
|poke|p1|Incineroar, L50, F|
|poke|p1|Politoed, L50, M|
|poke|p1|Archaludon, L50, F|
|poke|p1|Vivillon, L50, M|
|poke|p2|Blastoise, L50, M|
|poke|p2|Sinistcha, L50|
|poke|p2|Delphox, L50, M|
|poke|p2|Sneasler, L50, M|
|poke|p2|Incineroar, L50, M|
|poke|p2|Kingambit, L50, M|
|teampreview|4
|showteam|p1|Gengar||Gengarite|CursedBody|SludgeBomb,ShadowBall,PerishSong,Protect|Timid||M|||50|]Swampert||Swampertite|Damp|WaveCrash,Earthquake,IcePunch,Protect|Adamant||F|||50|]Incineroar||PasshoBerry|Intimidate|ThroatChop,PartingShot,FakeOut,Protect|Sassy||F|||50|]Politoed||SitrusBerry|Drizzle|WeatherBall,PerishSong,Encore,Protect|Calm||M|||50|]Archaludon||Leftovers|Stamina|DragonPulse,FlashCannon,ElectroShot,Protect|Bold||F|||50|]Vivillon||FocusSash|CompoundEyes|Hurricane,SleepPowder,RagePowder,Protect|Timid||M|||50|
|showteam|p2|Blastoise||Blastoisinite|RainDish|WaterSpout,DarkPulse,ShellSmash,Protect|Modest||M|||50|]Sinistcha||OccaBerry|Hospitality|MatchaGotcha,TrickRoom,RagePowder,Protect|Relaxed|||||50|]Delphox||Delphoxite|Blaze|HeatWave,Psychic,NastyPlot,Protect|Timid||M|||50|]Sneasler||FocusSash|PoisonTouch|CloseCombat,PoisonJab,FakeOut,QuickGuard|Jolly||M|||50|]Incineroar||SitrusBerry|Intimidate|FlareBlitz,FakeOut,ThroatChop,PartingShot|Impish||M|||50|]Kingambit||BlackGlasses|Defiant|KowtowCleave,SuckerPunch,SwordsDance,Protect|Adamant||M|||50|
|inactive|Battle timer is ON: inactive players will automatically lose when time's up. (requested by the country mouse)
|
|t:|1784232579
|teamsize|p1|4
|teamsize|p2|4
|start
|switch|p1a: SUPERESTRELLA|Swampert, L50, F, shiny|100/100
|switch|p1b: MARIPOSAS|Vivillon, L50, M|100/100
|switch|p2a: Blastoise|Blastoise, L50, M|100/100
|switch|p2b: Sinistcha|Sinistcha, L50|100/100
|turn|1
|inactive|Jiaco5 has 30 seconds left.
|inactive|Jiaco5 has 20 seconds left.
|
|t:|1784232618
|detailschange|p2a: Blastoise|Blastoise-Mega, L50, M
|-mega|p2a: Blastoise|Blastoise|Blastoisinite
|detailschange|p1a: SUPERESTRELLA|Swampert-Mega, L50, F, shiny
|-mega|p1a: SUPERESTRELLA|Swampert|Swampertite
|move|p2b: Sinistcha|Rage Powder|p2b: Sinistcha
|-singleturn|p2b: Sinistcha|move: Rage Powder
|move|p1b: MARIPOSAS|Hurricane|p2b: Sinistcha
|-supereffective|p2b: Sinistcha|1
|-damage|p2b: Sinistcha|17/100
|move|p2a: Blastoise|Shell Smash|p2a: Blastoise
|-unboost|p2a: Blastoise|def|1
|-unboost|p2a: Blastoise|spd|1
|-boost|p2a: Blastoise|atk|2
|-boost|p2a: Blastoise|spa|2
|-boost|p2a: Blastoise|spe|2
|move|p1a: SUPERESTRELLA|Earthquake|p2a: Blastoise|[spread] p2a,p2b
|-immune|p1b: MARIPOSAS
|-resisted|p2b: Sinistcha|1
|-damage|p2a: Blastoise|27/100
|-damage|p2b: Sinistcha|0 fnt
|faint|p2b: Sinistcha
|
|upkeep
|inactive|Jiaco5 has 30 seconds left.
|
|t:|1784232650
|switch|p2b: Sneasler|Sneasler, L50, M|100/100
|turn|2
|inactive|the country mouse has 30 seconds left.
|
|t:|1784232681
|move|p1b: MARIPOSAS|Protect|p1b: MARIPOSAS
|-singleturn|p1b: MARIPOSAS|Protect
|move|p1a: SUPERESTRELLA|Protect|p1a: SUPERESTRELLA
|-singleturn|p1a: SUPERESTRELLA|Protect
|move|p2b: Sneasler|Fake Out|p1a: SUPERESTRELLA
|-activate|p1a: SUPERESTRELLA|move: Protect
|move|p2a: Blastoise|Shell Smash|p2a: Blastoise
|-unboost|p2a: Blastoise|def|1
|-unboost|p2a: Blastoise|spd|1
|-boost|p2a: Blastoise|atk|2
|-boost|p2a: Blastoise|spa|2
|-boost|p2a: Blastoise|spe|2
|
|upkeep
|turn|3
|
|t:|1784232700
|move|p2a: Blastoise|Protect|p2a: Blastoise
|-singleturn|p2a: Blastoise|Protect
|move|p1b: MARIPOSAS|Rage Powder|p1b: MARIPOSAS
|-singleturn|p1b: MARIPOSAS|move: Rage Powder
|move|p2b: Sneasler|Poison Jab|p1b: MARIPOSAS
|-damage|p1b: MARIPOSAS|22/100
|move|p1a: SUPERESTRELLA|Earthquake|p2a: Blastoise|[spread] p2b
|-activate|p2a: Blastoise|move: Protect
|-immune|p1b: MARIPOSAS
|-supereffective|p2b: Sneasler|1
|-crit|p2b: Sneasler
|-enditem|p2b: Sneasler|Focus Sash
|-damage|p2b: Sneasler|1/100
|
|upkeep
|turn|4
|
|t:|1784232719
|move|p1b: MARIPOSAS|Rage Powder|p1b: MARIPOSAS
|-singleturn|p1b: MARIPOSAS|move: Rage Powder
|move|p2a: Blastoise|Water Spout|p1b: MARIPOSAS|[spread] p1a,p1b
|-crit|p1b: MARIPOSAS
|-damage|p1a: SUPERESTRELLA|54/100
|-damage|p1b: MARIPOSAS|0 fnt
|faint|p1b: MARIPOSAS
|move|p2b: Sneasler|Close Combat|p1a: SUPERESTRELLA
|-damage|p1a: SUPERESTRELLA|0 fnt
|-unboost|p2b: Sneasler|def|1
|-unboost|p2b: Sneasler|spd|1
|faint|p1a: SUPERESTRELLA
|
|upkeep
|
|t:|1784232731
|switch|p1b: GRAN VIA|Archaludon, L50, F|100/100
|switch|p1a: TRANKIS|Politoed, L50, M|100/100
|-weather|RainDance|[from] ability: Drizzle|[of] p1a: TRANKIS
|turn|5
|
|t:|1784232747
|move|p2a: Blastoise|Protect|p2a: Blastoise
|-singleturn|p2a: Blastoise|Protect
|move|p2b: Sneasler|Close Combat|p1b: GRAN VIA
|-supereffective|p1b: GRAN VIA|1
|-crit|p1b: GRAN VIA
|-damage|p1b: GRAN VIA|0 fnt
|-unboost|p2b: Sneasler|def|1
|-unboost|p2b: Sneasler|spd|1
|faint|p1b: GRAN VIA
|move|p1a: TRANKIS|Weather Ball|p2b: Sneasler
|-damage|p2b: Sneasler|0 fnt
|faint|p2b: Sneasler
|
|-weather|RainDance|[upkeep]
|upkeep
|
|t:|1784232754
|switch|p2b: Kingambit|Kingambit, L50, M|100/100
|turn|6
|-message|the country mouse forfeited.
|
|win|Jiaco5
|raw|the country mouse's rating: 1282 → 1260(-22 for losing)
|raw|Jiaco5's rating: 1328 → 1345(+17 for winning)
|l|☆the country mouse
|player|p1|
