|j|☆Dawsonschris
|j|☆aus10
|html|Dawsonschrisaus10    
|uhtml|bestof|Game 2 of a best-of-3
|t:|1756484736
|gametype|doubles
|player|p1|Dawsonschris|artist-gen4|1085
|player|p2|aus10|steven|1119
|gen|9
|tier|[Gen 9] VGC 2025 Reg H (Bo3)
|rated|
|rule|Species Clause: Limit one of each Pokémon
|rule|Item Clause: Limit 1 of each item
|clearpoke
|poke|p1|Ursaluna-Bloodmoon, L50, M|
|poke|p1|Electabuzz, L50, M|
|poke|p1|Sneasler, L50, F|
|poke|p1|Indeedee, L50, M|
|poke|p1|Incineroar, L50, M|
|poke|p1|Talonflame, L50, M|
|poke|p2|Sneasler, L50, M|
|poke|p2|Ursaluna-Bloodmoon, L50, M|
|poke|p2|Dragonite, L50, M|
|poke|p2|Gholdengo, L50|
|poke|p2|Amoonguss, L50, F|
|poke|p2|Incineroar, L50, M|
|teampreview|4
|showteam|p1|Ursaluna-Bloodmoon||LifeOrb|MindsEye|Protect,BloodMoon,EarthPower,HyperVoice|||M|||50|,,,,,Normal]Electabuzz||Eviolite|VitalSpirit|FollowMe,Taunt,Electroweb,Protect|||M|||50|,,,,,Dragon]Sneasler||PsychicSeed|Unburden|ThroatChop,DireClaw,CloseCombat,Protect|||F|||50|,,,,,Dark]Indeedee||FocusSash|PsychicSurge|ExpandingForce,TrickRoom,HelpingHand,Protect|||M|||50|,,,,,Psychic]Incineroar||SafetyGoggles|Intimidate|FakeOut,KnockOff,PartingShot,FlareBlitz|||M|||50|,,,,,Dragon]Talonflame||CovertCloak|GaleWings|FlareBlitz,DualWingbeat,WillOWisp,Tailwind|||M|||50|,,,,,Fairy
|showteam|p2|Sneasler||FocusSash|Unburden|CloseCombat,DireClaw,FakeOut,Protect|||M|||50|,,,,,Stellar]Ursaluna-Bloodmoon||AssaultVest|MindsEye|BloodMoon,HyperVoice,EarthPower,VacuumWave|||M|||50|,,,,,Water]Dragonite||LoadedDice|Multiscale|ScaleShot,Tailwind,Haze,Protect|||M|||50|,,,,,Fairy]Gholdengo||LifeOrb|GoodasGold|MakeItRain,ShadowBall,NastyPlot,Protect||||||50|,,,,,Water]Amoonguss||SitrusBerry|Regenerator|PollenPuff,Spore,RagePowder,Protect|||F|||50|,,,,,Psychic]Incineroar||SafetyGoggles|Intimidate|FlareBlitz,KnockOff,FakeOut,PartingShot|||M|||50|,,,,,Ghost
|inactive|Battle timer is ON: inactive players will automatically lose when time's up. (requested by Dawsonschris)
|
|t:|1756484766
|teamsize|p1|4
|teamsize|p2|4
|start
|switch|p1a: Electabuzz|Electabuzz, L50, M|100/100
|switch|p1b: Ursaluna|Ursaluna-Bloodmoon, L50, M|100/100
|switch|p2a: Dragonite|Dragonite, L50, M, shiny|100/100
|switch|p2b: Incineroar|Incineroar, L50, M, shiny|100/100
|-ability|p2b: Incineroar|Intimidate|boost
|-unboost|p1a: Electabuzz|atk|1
|-unboost|p1b: Ursaluna|atk|1
|turn|1
|inactive|Dawsonschris has 30 seconds left.
|inactive|Dawsonschris has 20 seconds left.
|
|t:|1756484803
|move|p1a: Electabuzz|Protect|p1a: Electabuzz
|-singleturn|p1a: Electabuzz|Protect
|move|p1b: Ursaluna|Protect|p1b: Ursaluna
|-singleturn|p1b: Ursaluna|Protect
|move|p2b: Incineroar|Fake Out|p1a: Electabuzz
|-activate|p1a: Electabuzz|move: Protect
|move|p2a: Dragonite|Scale Shot|p1a: Electabuzz
|-activate|p1a: Electabuzz|move: Protect
|
|upkeep
|turn|2
|
|t:|1756484825
|-terastallize|p1b: Ursaluna|Normal
|move|p1a: Electabuzz|Follow Me|p1a: Electabuzz
|-singleturn|p1a: Electabuzz|move: Follow Me
|move|p2a: Dragonite|Scale Shot|p1a: Electabuzz
|-damage|p1a: Electabuzz|85/100
|-damage|p1a: Electabuzz|69/100
|-damage|p1a: Electabuzz|54/100
|-crit|p1a: Electabuzz
|-damage|p1a: Electabuzz|31/100
|-hitcount|p1a: Electabuzz|4
|-unboost|p2a: Dragonite|def|1
|-boost|p2a: Dragonite|spe|1
|move|p2b: Incineroar|Parting Shot|p1a: Electabuzz
|-unboost|p1a: Electabuzz|atk|1
|-unboost|p1a: Electabuzz|spa|1
|
|t:|1756484840
|switch|p2b: Sneasler|Sneasler, L50, M, shiny|100/100|[from] Parting Shot
|move|p1b: Ursaluna|Blood Moon|p2b: Sneasler
|-enditem|p2b: Sneasler|Focus Sash
|-damage|p2b: Sneasler|1/100
|-damage|p1b: Ursaluna|91/100|[from] item: Life Orb
|
|upkeep
|turn|3
|
|t:|1756484861
|move|p2b: Sneasler|Protect|p2b: Sneasler
|-singleturn|p2b: Sneasler|Protect
|move|p1a: Electabuzz|Protect|p1a: Electabuzz
|-singleturn|p1a: Electabuzz|Protect
|move|p1b: Ursaluna|Protect|p1b: Ursaluna
|-singleturn|p1b: Ursaluna|Protect
|move|p2a: Dragonite|Scale Shot|p1a: Electabuzz
|-activate|p1a: Electabuzz|move: Protect
|
|upkeep
|turn|4
|
|t:|1756484878
|switch|p2b: Incineroar|Incineroar, L50, M, shiny|100/100
|-ability|p2b: Incineroar|Intimidate|boost
|-unboost|p1a: Electabuzz|atk|1
|-unboost|p1b: Ursaluna|atk|1
|move|p1a: Electabuzz|Follow Me|p1a: Electabuzz
|-singleturn|p1a: Electabuzz|move: Follow Me
|move|p2a: Dragonite|Scale Shot|p1a: Electabuzz
|-damage|p1a: Electabuzz|16/100
|-damage|p1a: Electabuzz|0 fnt
|faint|p1a: Electabuzz
|-hitcount|p1: Electabuzz|2
|-unboost|p2a: Dragonite|def|1
|-boost|p2a: Dragonite|spe|1
|move|p1b: Ursaluna|Hyper Voice|p2b: Incineroar|[spread] p2a,p2b
|-crit|p2a: Dragonite
|-crit|p2b: Incineroar
|-damage|p2a: Dragonite|44/100
|-damage|p2b: Incineroar|0 fnt
|faint|p2b: Incineroar
|-damage|p1b: Ursaluna|81/100|[from] item: Life Orb
|
|upkeep
|inactive|Dawsonschris has 30 seconds left.
|inactive|aus10 has 30 seconds left.
|inactive|aus10 has 20 seconds left.
|inactive|aus10 has 15 seconds left.
|
|t:|1756484922
|switch|p1a: Sneasler|Sneasler, L50, F|100/100
|switch|p2b: Sneasler|Sneasler, L50, M, shiny|1/100
|turn|5
|inactive|aus10 has 30 seconds left.
|
|t:|1756484955
|switch|p1b: Indeedee|Indeedee, L50, M|100/100
|-fieldstart|move: Psychic Terrain|[from] ability: Psychic Surge|[of] p1b: Indeedee
|-enditem|p1a: Sneasler|Psychic Seed
|-boost|p1a: Sneasler|spd|1|[from] item: Psychic Seed
|move|p2a: Dragonite|Protect|p2a: Dragonite
|-singleturn|p2a: Dragonite|Protect
|move|p1a: Sneasler|Dire Claw|p2a: Dragonite
|-activate|p2a: Dragonite|move: Protect
|move|p2b: Sneasler|Close Combat|p1b: Indeedee
|-enditem|p1b: Indeedee|Focus Sash
|-damage|p1b: Indeedee|1/100
|-unboost|p2b: Sneasler|def|1
|-unboost|p2b: Sneasler|spd|1
|
|upkeep
|turn|6
|inactive|aus10 has 30 seconds left.
|inactive|aus10 has 20 seconds left.
|inactive|aus10 has 15 seconds left.
|
|t:|1756484999
|move|p1a: Sneasler|Dire Claw|p2a: Dragonite
|-damage|p2a: Dragonite|0 fnt
|faint|p2a: Dragonite
|move|p2b: Sneasler|Dire Claw|p1a: Sneasler
|-resisted|p1a: Sneasler
|-damage|p1a: Sneasler|66/100
|-status|p1a: Sneasler|par
|move|p1b: Indeedee|Expanding Force|p2b: Sneasler
|-supereffective|p2b: Sneasler
|-damage|p2b: Sneasler|0 fnt
|faint|p2b: Sneasler
|
|upkeep
|
|t:|1756485023
|switch|p2a: Gholdengo|Gholdengo, L50|100/100
|turn|7
|inactive|Dawsonschris has 30 seconds left.
|
|t:|1756485053
|move|p1a: Sneasler|Throat Chop|p2a: Gholdengo
|-supereffective|p2a: Gholdengo
|-damage|p2a: Gholdengo|40/100
|-start|p2a: Gholdengo|Throat Chop|[silent]
|move|p1b: Indeedee|Expanding Force|p2a: Gholdengo
|-resisted|p2a: Gholdengo
|-damage|p2a: Gholdengo|0 fnt
|faint|p2a: Gholdengo
|
|win|Dawsonschris
|raw|Dawsonschris's rating: 1085 → 1115(+30 for winning)
|raw|aus10's rating: 1119 → 1092(-27 for losing)
|l|☆aus10
|player|p2|
