|j|☆redjaguar
|j|☆elchiiiiiiii
|html|redjaguarelchiiiiiiii    
|uhtml|bestof|Game 1 of a best-of-3
|t:|1784913814
|gametype|doubles
|player|p1|redjaguar|gambler|1041
|player|p2|elchiiiiiiii|265|1092
|gen|9
|tier|[Gen 9 Champions] VGC 2026 Reg M-B (Bo3)
|rated|
|rule|Species Clause: Limit one of each Pokémon
|rule|Item Clause: Limit 1 of each item
|clearpoke
|poke|p1|Dragonite, L50, M|
|poke|p1|Gardevoir, L50, F|
|poke|p1|Raichu, L50, M|
|poke|p1|Kingambit, L50, F|
|poke|p1|Incineroar, L50, F|
|poke|p1|Empoleon, L50, M|
|poke|p2|Alakazam, L50, F|
|poke|p2|Tyranitar, L50, M|
|poke|p2|Excadrill, L50, M|
|poke|p2|Dragalge, L50, F|
|poke|p2|Corviknight, L50, F|
|poke|p2|Samurott-Hisui, L50, F|
|teampreview|4
|showteam|p1|Dragonite||ExpertBelt|Multiscale|IceSpinner,StompingTantrum,ExtremeSpeed,Protect|Adamant||M|||50|]Gardevoir||Gardevoirite|Trace|HyperVoice,MysticalFire,Protect,Psychic|Timid||F|||50|]Raichu||SitrusBerry|LightningRod|FakeOut,HelpingHand,Nuzzle,Encore|Timid||M|||50|]Kingambit||BlackGlasses|SupremeOverlord|KowtowCleave,SuckerPunch,Protect,IronHead|Adamant||F|||50|]Incineroar||WhiteHerb|Intimidate|FakeOut,FlareBlitz,PartingShot,Taunt|Impish||F|||50|]Empoleon||Leftovers|Competitive|IcyWind,Protect,FlashCannon,HydroCannon|Modest||M|||50|
|showteam|p2|Alakazam||ChoiceScarf|MagicGuard|ExpandingForce,DazzlingGleam,Encore,Protect|Timid||F|||50|]Tyranitar||Tyranitarite|SandStream|RockSlide,DragonDance,KnockOff,Protect|Adamant||M|||50|]Excadrill||FocusSash|SandRush|HighHorsepower,IronHead,RockSlide,Protect|Adamant||M|||50|]Dragalge||Leftovers|Adaptability|DracoMeteor,SludgeWave,ToxicSpikes,Protect|Calm||F|||50|]Corviknight||SitrusBerry|MirrorArmor|Tailwind,IronHead,AirSlash,Protect|Relaxed||F|||50|]Samurott-Hisui||LifeOrb|Sharpness|CeaselessEdge,AquaCutter,XScissor,Protect|Jolly||F|||50|
|
|t:|1784913842
|teamsize|p1|4
|teamsize|p2|4
|start
|switch|p1a: Dragonite|Dragonite, L50, M|100/100
|switch|p1b: Incineroar|Incineroar, L50, F|100/100
|switch|p2a: Samurott|Samurott-Hisui, L50, F|100/100
|switch|p2b: Dragalge|Dragalge, L50, F|100/100
|-ability|p1b: Incineroar|Intimidate|boost
|-unboost|p2a: Samurott|atk|1
|-unboost|p2b: Dragalge|atk|1
|turn|1
|
|t:|1784913885
|move|p1b: Incineroar|Fake Out|p2a: Samurott
|-damage|p2a: Samurott|86/100
|cant|p2a: Samurott|flinch
|move|p1a: Dragonite|Ice Spinner|p2b: Dragalge
|-supereffective|p2b: Dragalge|1
|-damage|p2b: Dragalge|30/100
|move|p2b: Dragalge|Toxic Spikes|p1a: Dragonite
|-sidestart|p1: redjaguar|move: Toxic Spikes
|
|-heal|p2b: Dragalge|36/100|[from] item: Leftovers
|upkeep
|turn|2
|
|t:|1784913924
|switch|p1b: Empoleon|Empoleon, L50, M|100/100
|move|p2b: Dragalge|Protect|p2b: Dragalge
|-singleturn|p2b: Dragalge|Protect
|move|p2a: Samurott|Aqua Cutter|p1b: Empoleon
|-resisted|p1b: Empoleon|1
|-damage|p1b: Empoleon|79/100
|-damage|p2a: Samurott|76/100|[from] item: Life Orb
|move|p1a: Dragonite|Ice Spinner|p2b: Dragalge
|-activate|p2b: Dragalge|move: Protect
|
|-heal|p1b: Empoleon|85/100|[from] item: Leftovers
|-heal|p2b: Dragalge|42/100|[from] item: Leftovers
|upkeep
|turn|3
|
|t:|1784913942
|move|p2a: Samurott|Ceaseless Edge|p1b: Empoleon
|-damage|p1b: Empoleon|48/100
|-sidestart|p1: redjaguar|Spikes
|-damage|p2a: Samurott|67/100|[from] item: Life Orb
|move|p1a: Dragonite|Ice Spinner|p2b: Dragalge
|-supereffective|p2b: Dragalge|1
|-damage|p2b: Dragalge|0 fnt
|faint|p2b: Dragalge
|move|p1b: Empoleon|Icy Wind|p2a: Samurott
|-resisted|p2a: Samurott|1
|-damage|p2a: Samurott|53/100
|-unboost|p2a: Samurott|spe|1
|
|-heal|p1b: Empoleon|54/100|[from] item: Leftovers
|upkeep
|
|t:|1784913961
|switch|p2b: Excadrill|Excadrill, L50, M|100/100
|turn|4
|
|t:|1784913975
|switch|p2a: Tyranitar|Tyranitar, L50, M|100/100
|-weather|Sandstorm|[from] ability: Sand Stream|[of] p2a: Tyranitar
|move|p1b: Empoleon|Protect|p1b: Empoleon
|-singleturn|p1b: Empoleon|Protect
|move|p2b: Excadrill|High Horsepower|p1b: Empoleon
|-activate|p1b: Empoleon|move: Protect
|move|p1a: Dragonite|Ice Spinner|p2b: Excadrill
|-damage|p2b: Excadrill|56/100
|
|-weather|Sandstorm|[upkeep]
|-damage|p1a: Dragonite|93/100|[from] Sandstorm
|-heal|p1b: Empoleon|60/100|[from] item: Leftovers
|upkeep
|turn|5
|
|t:|1784914010
|switch|p1b: Incineroar|Incineroar, L50, F|100/100
|-status|p1b: Incineroar|psn
|-damage|p1b: Incineroar|87/100 psn|[from] Spikes
|-ability|p1b: Incineroar|Intimidate|boost
|-unboost|p2a: Tyranitar|atk|1
|-unboost|p2b: Excadrill|atk|1
|detailschange|p2a: Tyranitar|Tyranitar-Mega, L50, M
|-mega|p2a: Tyranitar|Tyranitar|Tyranitarite
|move|p2b: Excadrill|High Horsepower|p1b: Incineroar
|-supereffective|p1b: Incineroar|1
|-damage|p1b: Incineroar|29/100 psn
|move|p2a: Tyranitar|Rock Slide|p1b: Incineroar|[spread] p1a,p1b
|-supereffective|p1a: Dragonite|1
|-supereffective|p1b: Incineroar|1
|-damage|p1a: Dragonite|44/100
|-damage|p1b: Incineroar|0 fnt
|faint|p1b: Incineroar
|cant|p1a: Dragonite|flinch
|
|-weather|Sandstorm|[upkeep]
|-damage|p1a: Dragonite|38/100|[from] Sandstorm
|upkeep
|
|t:|1784914028
|switch|p1b: Empoleon|Empoleon, L50, M|60/100
|-damage|p1b: Empoleon|48/100|[from] Spikes
|turn|6
|
|t:|1784914052
|move|p2b: Excadrill|High Horsepower|p1b: Empoleon
|-supereffective|p1b: Empoleon|1
|-damage|p1b: Empoleon|0 fnt
|faint|p1b: Empoleon
|move|p2a: Tyranitar|Rock Slide|p1a: Dragonite
|-supereffective|p1a: Dragonite|1
|-damage|p1a: Dragonite|0 fnt
|faint|p1a: Dragonite
|
|-weather|Sandstorm|[upkeep]
|upkeep
|
|t:|1784914082
|switch|p1b: Gardevoir|Gardevoir, L50, F|100/100
|-status|p1b: Gardevoir|psn
|-damage|p1b: Gardevoir|87/100 psn|[from] Spikes
|-ability|p1b: Gardevoir|Sand Stream|Trace|[from] ability: Trace|[of] p2a: Tyranitar
|turn|7
|
|t:|1784914095
|detailschange|p1b: Gardevoir|Gardevoir-Mega, L50, F
|-mega|p1b: Gardevoir|Gardevoir|Gardevoirite
|move|p1b: Gardevoir|Protect|p1b: Gardevoir
|-singleturn|p1b: Gardevoir|Protect
|move|p2b: Excadrill|Iron Head|p1b: Gardevoir
|-activate|p1b: Gardevoir|move: Protect
|move|p2a: Tyranitar|Knock Off|p1b: Gardevoir
|-activate|p1b: Gardevoir|move: Protect
|
|-weather|Sandstorm|[upkeep]
|-damage|p1b: Gardevoir|81/100 psn|[from] Sandstorm
|-damage|p1b: Gardevoir|68/100 psn|[from] psn
|upkeep
|turn|8
|
|t:|1784914112
|move|p1b: Gardevoir|Protect||[still]
|-fail|p1b: Gardevoir
|move|p2b: Excadrill|Iron Head|p1b: Gardevoir
|-supereffective|p1b: Gardevoir|1
|-crit|p1b: Gardevoir
|-damage|p1b: Gardevoir|0 fnt
|faint|p1b: Gardevoir
|
|win|elchiiiiiiii
|l|☆elchiiiiiiii
|player|p2|
||elchiiiiiiii is ready for game 2.
|inactive|redjaguar has 30 seconds to confirm battle start!
|inactive|redjaguar has 20 seconds to confirm battle start!
||redjaguar is ready for game 2.
|uhtml|next|Next: Game 2 of 3
