|j|鈽咥rkhept
|j|鈽咰retaceousDraconid
|html|ArkheptCretaceousDraconid    
|uhtml|bestof|Game 1 of a best-of-3
|t:|1756980451
|gametype|doubles
|player|p1|Arkhept|misty|1267
|player|p2|CretaceousDraconid|zinnia-masters|1236
|gen|9
|tier|[Gen 9] VGC 2025 Reg H (Bo3)
|rated|
|rule|Species Clause: Limit one of each Pok茅mon
|rule|Item Clause: Limit 1 of each item
|clearpoke
|poke|p1|Ninetales-Alola, L50, F|
|poke|p1|Sneasler, L50, M|
|poke|p1|Metagross, L50|
|poke|p1|Rillaboom, L50, F|
|poke|p1|Kingambit, L50, M|
|poke|p1|Magmar, L50, F|
|poke|p2|Bastiodon, L50, F|
|poke|p2|Rillaboom, L50, F|
|poke|p2|Incineroar, L50, M|
|poke|p2|Salamence, L50, F|
|poke|p2|Garchomp, L50, M|
|poke|p2|Sneasler, L50, M|
|teampreview|4
|showteam|p1|Ninetales-Alola||NeverMeltIce|SnowWarning|Blizzard,FreezeDry,AuroraVeil,Protect|||F|||50|,,,,,Ice]Sneasler||FocusSash|PoisonTouch|Coaching,CloseCombat,DireClaw,Protect|||M|||50|,,,,,Flying]Metagross||AssaultVest|ClearBody|HeavySlam,PsychicFangs,StompingTantrum,BulletPunch||||||50|,,,,,Water]Rillaboom||MiracleSeed|GrassySurge|FakeOut,HighHorsepower,GrassyGlide,WoodHammer|||F|||50|,,,,,Grass]Kingambit||BlackGlasses|Defiant|KowtowCleave,SwordsDance,SuckerPunch,Protect|||M|||50|,,,,,Dark]Magmar||Eviolite|VitalSpirit|Overheat,ClearSmog,FollowMe,Protect|||F|||50|,,,,,Flying
|showteam|p2|Bastiodon||CovertCloak|Soundproof|BodyPress,IceBeam,IronDefense,WideGuard|||F|||50|,,,,,Electric]Rillaboom||AssaultVest|GrassySurge|FakeOut,WoodHammer,HighHorsepower,GrassyGlide|||F|||50|,,,,,Fire]Incineroar||SafetyGoggles|Intimidate|FakeOut,Taunt,PartingShot,KnockOff|||M|||50|,,,,,Ghost]Salamence||ChoiceSpecs|Intimidate|AirSlash,HeatWave,DracoMeteor,HydroPump|||F|||50|,,,,,Fire]Garchomp||LoadedDice|RoughSkin|StompingTantrum,Earthquake,ScaleShot,Protect|||M|||50|,,,,,Ghost]Sneasler||FocusSash|PoisonTouch|DireClaw,CloseCombat,Coaching,Protect|||M|||50|,,,,,Fairy
|
|t:|1756980499
|teamsize|p1|4
|teamsize|p2|4
|start
|switch|p1a: Ninetales|Ninetales-Alola, L50, F|100/100
|switch|p1b: Metagross|Metagross, L50|100/100
|switch|p2a: TheFuckYouGuy|Sneasler, L50, M|100/100
|switch|p2b: Bastiodon|Bastiodon, L50, F|100/100
|-weather|Snowscape|[from] ability: Snow Warning|[of] p1a: Ninetales
|turn|1
|
|t:|1756980517
|move|p2a: TheFuckYouGuy|Dire Claw|p1a: Ninetales
|-supereffective|p1a: Ninetales
|-damage|p1a: Ninetales|15/100
|move|p1a: Ninetales|Aurora Veil|p1a: Ninetales
|-sidestart|p1: Arkhept|move: Aurora Veil
|move|p1b: Metagross|Psychic Fangs|p2a: TheFuckYouGuy
|-supereffective|p2a: TheFuckYouGuy
|-enditem|p2a: TheFuckYouGuy|Focus Sash
|-damage|p2a: TheFuckYouGuy|1/100
|move|p2b: Bastiodon|Iron Defense|p2b: Bastiodon
|-boost|p2b: Bastiodon|def|2
|
|-weather|Snowscape|[upkeep]
|upkeep
|turn|2
|
|t:|1756980549
|move|p2a: TheFuckYouGuy|Protect|p2a: TheFuckYouGuy
|-singleturn|p2a: TheFuckYouGuy|Protect
|move|p1b: Metagross|Bullet Punch|p2a: TheFuckYouGuy
|-activate|p2a: TheFuckYouGuy|move: Protect
|move|p1a: Ninetales|Blizzard|p2a: TheFuckYouGuy|[spread] p2b
|-activate|p2a: TheFuckYouGuy|move: Protect
|-resisted|p2b: Bastiodon
|-damage|p2b: Bastiodon|90/100
|move|p2b: Bastiodon|Body Press|p1a: Ninetales
|-damage|p1a: Ninetales|0 fnt
|faint|p1a: Ninetales
|
|-weather|Snowscape|[upkeep]
|upkeep
|
|t:|1756980562
|switch|p1a: Sneasler|Sneasler, L50, M|100/100
|turn|3
|
|t:|1756980571
|switch|p2a: Salamence|Salamence, L50, F|100/100
|-ability|p2a: Salamence|Intimidate|boost
|-unboost|p1a: Sneasler|atk|1
|-fail|p1b: Metagross|unboost|[from] ability: Clear Body|[of] p1b: Metagross
|-terastallize|p2b: Bastiodon|Electric
|move|p1b: Metagross|Bullet Punch|p2a: Salamence
|-damage|p2a: Salamence|72/100
|move|p1a: Sneasler|Coaching|p1b: Metagross
|-boost|p1b: Metagross|atk|1
|-boost|p1b: Metagross|def|1
|move|p2b: Bastiodon|Iron Defense|p2b: Bastiodon
|-boost|p2b: Bastiodon|def|2
|
|-weather|Snowscape|[upkeep]
|upkeep
|turn|4
|
|t:|1756980598
|switch|p2a: Garchomp|Garchomp, L50, M|100/100
|-terastallize|p1b: Metagross|Water
|move|p1a: Sneasler|Dire Claw|p2b: Bastiodon
|-damage|p2b: Bastiodon|83/100
|move|p1b: Metagross|Psychic Fangs|p2a: Garchomp
|-damage|p2a: Garchomp|25/100
|-damage|p1b: Metagross|88/100|[from] ability: Rough Skin|[of] p2a: Garchomp
|move|p2b: Bastiodon|Body Press|p1b: Metagross
|-damage|p1b: Metagross|58/100
|
|-weather|Snowscape|[upkeep]
|upkeep
|turn|5
|
|t:|1756980616
|move|p1b: Metagross|Bullet Punch|p2a: Garchomp
|-damage|p2a: Garchomp|0 fnt
|-damage|p1b: Metagross|46/100|[from] ability: Rough Skin|[of] p2a: Garchomp
|faint|p2a: Garchomp
|move|p1a: Sneasler|Dire Claw|p2b: Bastiodon
|-damage|p2b: Bastiodon|75/100
|move|p2b: Bastiodon|Body Press|p1b: Metagross
|-damage|p1b: Metagross|16/100
|
|-weather|none
|-sideend|p1: Arkhept|move: Aurora Veil
|upkeep
|
|t:|1756980619
|switch|p2a: Salamence|Salamence, L50, F|72/100
|-ability|p2a: Salamence|Intimidate|boost
|-unboost|p1a: Sneasler|atk|1
|-fail|p1b: Metagross|unboost|[from] ability: Clear Body|[of] p1b: Metagross
|turn|6
|
|t:|1756980634
|move|p1a: Sneasler|Dire Claw|p2b: Bastiodon
|-damage|p2b: Bastiodon|70/100
|move|p2a: Salamence|Air Slash|p1a: Sneasler
|-supereffective|p1a: Sneasler
|-enditem|p1a: Sneasler|Focus Sash
|-damage|p1a: Sneasler|1/100
|move|p1b: Metagross|Psychic Fangs|p2a: Salamence
|-damage|p2a: Salamence|0 fnt
|faint|p2a: Salamence
|move|p2b: Bastiodon|Body Press|p1b: Metagross
|-damage|p1b: Metagross|0 fnt
|faint|p1b: Metagross
|
|upkeep
|
|t:|1756980641
|switch|p2a: TheFuckYouGuy|Sneasler, L50, M|1/100
|switch|p1b: Rillaboom|Rillaboom, L50, F|100/100
|-fieldstart|move: Grassy Terrain|[from] ability: Grassy Surge|[of] p1b: Rillaboom
|turn|7
|
|t:|1756980651
|move|p2a: TheFuckYouGuy|Protect|p2a: TheFuckYouGuy
|-singleturn|p2a: TheFuckYouGuy|Protect
|move|p1a: Sneasler|Coaching|p1b: Rillaboom
|-boost|p1b: Rillaboom|atk|1
|-boost|p1b: Rillaboom|def|1
|move|p1b: Rillaboom|High Horsepower|p2b: Bastiodon
|-supereffective|p2b: Bastiodon
|-damage|p2b: Bastiodon|46/100
|move|p2b: Bastiodon|Iron Defense|p2b: Bastiodon
|-boost|p2b: Bastiodon|def|2
|
|-heal|p2a: TheFuckYouGuy|7/100|[from] Grassy Terrain
|-heal|p1a: Sneasler|7/100|[from] Grassy Terrain
|-heal|p2b: Bastiodon|52/100|[from] Grassy Terrain
|upkeep
|turn|8
|
|t:|1756980663
|move|p1b: Rillaboom|Grassy Glide|p2a: TheFuckYouGuy
|-resisted|p2a: TheFuckYouGuy
|-damage|p2a: TheFuckYouGuy|0 fnt
|faint|p2a: TheFuckYouGuy
|move|p1a: Sneasler|Coaching|p1b: Rillaboom
|-boost|p1b: Rillaboom|atk|1
|-boost|p1b: Rillaboom|def|1
|move|p2b: Bastiodon|Body Press|p1b: Rillaboom
|-damage|p1b: Rillaboom|31/100
|
|-heal|p1a: Sneasler|13/100|[from] Grassy Terrain
|-heal|p1b: Rillaboom|37/100|[from] Grassy Terrain
|-heal|p2b: Bastiodon|58/100|[from] Grassy Terrain
|upkeep
|turn|9
|
|t:|1756980672
|move|p1a: Sneasler|Close Combat|p2b: Bastiodon
|-damage|p2b: Bastiodon|52/100
|-unboost|p1a: Sneasler|def|1
|-unboost|p1a: Sneasler|spd|1
|move|p1b: Rillaboom|Wood Hammer|p2b: Bastiodon
|-damage|p2b: Bastiodon|19/100
|-damage|p1b: Rillaboom|27/100|[from] Recoil
|move|p2b: Bastiodon|Body Press|p1b: Rillaboom
|-damage|p1b: Rillaboom|0 fnt
|faint|p1b: Rillaboom
|
|-heal|p1a: Sneasler|19/100|[from] Grassy Terrain
|-heal|p2b: Bastiodon|25/100|[from] Grassy Terrain
|upkeep
|turn|10
|
|t:|1756980680
|move|p1a: Sneasler|Close Combat|p2b: Bastiodon
|-damage|p2b: Bastiodon|19/100
|-unboost|p1a: Sneasler|def|1
|-unboost|p1a: Sneasler|spd|1
|move|p2b: Bastiodon|Body Press|p1a: Sneasler
|-resisted|p1a: Sneasler
|-damage|p1a: Sneasler|0 fnt
|faint|p1a: Sneasler
|
|win|CretaceousDraconid
||Arkhept is ready for game 2.
