|j|☆yuanee
|j|☆wenniao
|html|yuaneewenniao    
|uhtml|bestof|Game 1 of a best-of-3
|t:|1783769369
|gametype|doubles
|player|p1|yuanee|2|
|player|p2|wenniao|266|
|gen|9
|tier|[Gen 9 Champions] VGC 2026 Reg M-B (Bo3)
|rule|Species Clause: Limit one of each Pokémon
|rule|Item Clause: Limit 1 of each item
|clearpoke
|poke|p1|Aerodactyl, L50, F|
|poke|p1|Kingambit, L50, M|
|poke|p1|Sylveon, L50, M|
|poke|p1|Garchomp, L50, M|
|poke|p1|Charizard, L50, M|
|poke|p1|Farigiraf, L50, M|
|poke|p2|Gengar, L50, M|
|poke|p2|Scrafty, L50, F|
|poke|p2|Snorlax, L50, M|
|poke|p2|Incineroar, L50, F|
|poke|p2|Ninetales-Alola, L50, F|
|poke|p2|Dragonite, L50, F|
|teampreview|4
|showteam|p1|Aerodactyl||Aerodactylite|Unnerve|RockSlide,IceFang,Tailwind,WideGuard|Jolly||F|||50|]Kingambit||FocusSash|Defiant|KowtowCleave,SuckerPunch,IronHead,Protect|Adamant||M|||50|]Sylveon||FairyFeather|Pixilate|Detect,HyperVoice,HyperBeam,QuickAttack|Modest||M|||50|]Garchomp||LifeOrb|RoughSkin|Earthquake,DragonClaw,StompingTantrum,Protect|Jolly||M|||50|]Charizard||CharizarditeY|Blaze|Protect,HeatWave,SolarBeam,WeatherBall|Modest||M|||50|]Farigiraf||SitrusBerry|ArmorTail|TwinBeam,Thunderbolt,TrickRoom,Protect|Modest||M|||50|
|showteam|p2|Gengar||Gengarite|CursedBody|Protect,PerishSong,SludgeBomb,ShadowBall|Modest||M|||50|]Scrafty||Scraftinite|Intimidate|Protect,CloseCombat,FakeOut,KnockOff|Careful||F|||50|]Snorlax||Leftovers|ThickFat|Protect,DoubleEdge,Yawn,HighHorsepower|Relaxed||M|||50|]Incineroar||SitrusBerry|Intimidate|Protect,FakeOut,FlareBlitz,PartingShot|Relaxed||F|||50|]Ninetales-Alola||FocusSash|SnowWarning|Protect,Encore,Disable,Blizzard|Timid||F|||50|]Dragonite||DragonFang|Multiscale|Protect,DragonClaw,LowKick,ExtremeSpeed|Adamant||F|||50|
|
|t:|1783769409
|teamsize|p1|4
|teamsize|p2|4
|start
|switch|p1a: Aerodactyl|Aerodactyl, L50, F|100/100
|switch|p1b: Kingambit|Kingambit, L50, M|100/100
|switch|p2a: Incineroar|Incineroar, L50, F|100/100
|switch|p2b: Gengar|Gengar, L50, M|100/100
|-ability|p1a: Aerodactyl|Unnerve
|-ability|p2a: Incineroar|Intimidate|boost
|-unboost|p1a: Aerodactyl|atk|1
|-unboost|p1b: Kingambit|atk|1
|-ability|p1b: Kingambit|Defiant|boost
|-boost|p1b: Kingambit|atk|2
|turn|1
|c|☆yuanee|我卡了吗
|c|☆wenniao|好像是的
|l|☆yuanee
|player|p1|
|j|☆yuanee
|player|p1|yuanee|2|
|
|t:|1783769543
|detailschange|p1a: Aerodactyl|Aerodactyl-Mega, L50, F
|-mega|p1a: Aerodactyl|Aerodactyl|Aerodactylite
|detailschange|p2b: Gengar|Gengar-Mega, L50, M
|-mega|p2b: Gengar|Gengar|Gengarite
|move|p2b: Gengar|Protect|p2b: Gengar
|-singleturn|p2b: Gengar|Protect
|move|p1b: Kingambit|Protect|p1b: Kingambit
|-singleturn|p1b: Kingambit|Protect
|move|p1a: Aerodactyl|Rock Slide|p2a: Incineroar|[spread] 
|-activate|p2b: Gengar|move: Protect
|-miss|p1a: Aerodactyl|p2a: Incineroar
|move|p2a: Incineroar|Parting Shot|p1a: Aerodactyl
|-unboost|p1a: Aerodactyl|atk|1
|-unboost|p1a: Aerodactyl|spa|1
|
|t:|1783769559
|switch|p2a: Ninetales|Ninetales-Alola, L50, F|100/100|[from] Parting Shot
|-weather|Snowscape|[from] ability: Snow Warning|[of] p2a: Ninetales
|
|-weather|Snowscape|[upkeep]
|upkeep
|turn|2
|
|t:|1783769578
|move|p1a: Aerodactyl|Tailwind|p1a: Aerodactyl
|-sidestart|p1: yuanee|move: Tailwind
|move|p1b: Kingambit|Kowtow Cleave|p2b: Gengar
|-supereffective|p2b: Gengar|1
|-damage|p2b: Gengar|0 fnt
|faint|p2b: Gengar
|move|p2a: Ninetales|Encore|p1b: Kingambit
|-start|p1b: Kingambit|Encore
|
|-weather|Snowscape|[upkeep]
|upkeep
|
|t:|1783769603
|switch|p2b: Incineroar|Incineroar, L50, F|100/100
|-ability|p2b: Incineroar|Intimidate|boost
|-unboost|p1a: Aerodactyl|atk|1
|-unboost|p1b: Kingambit|atk|1
|-ability|p1b: Kingambit|Defiant|boost
|-boost|p1b: Kingambit|atk|2
|turn|3
|
|t:|1783769642
|switch|p1a: Sylveon|Sylveon, L50, M|100/100
|move|p2b: Incineroar|Fake Out|p1b: Kingambit
|-resisted|p1b: Kingambit|1
|-damage|p1b: Kingambit|95/100
|cant|p1b: Kingambit|flinch
|move|p2a: Ninetales|Disable|p1b: Kingambit
|-start|p1b: Kingambit|Disable|Kowtow Cleave
|
|-weather|Snowscape|[upkeep]
|upkeep
|turn|4
|
|t:|1783769676
|switch|p1b: Aerodactyl|Aerodactyl-Mega, L50, F|100/100
|move|p1a: Sylveon|Hyper Voice|p2a: Ninetales|[spread] p2a,p2b
|-damage|p2a: Ninetales|47/100
|-damage|p2b: Incineroar|66/100
|move|p2a: Ninetales|Blizzard|p1b: Aerodactyl|[spread] p1a,p1b
|-supereffective|p1b: Aerodactyl|1
|-damage|p1a: Sylveon|76/100
|-damage|p1b: Aerodactyl|36/100
|move|p2b: Incineroar|Flare Blitz|p1a: Sylveon
|-damage|p1a: Sylveon|15/100
|-damage|p2b: Incineroar|47/100|[from] Recoil
|-enditem|p2b: Incineroar|Sitrus Berry|[eat]
|-heal|p2b: Incineroar|72/100|[from] item: Sitrus Berry
|
|-weather|Snowscape|[upkeep]
|upkeep
|turn|5
|l|☆yuanee
|player|p1|
|j|☆yuanee
|player|p1|yuanee|2|
|
|t:|1783769759
|move|p2a: Ninetales|Protect|p2a: Ninetales
|-singleturn|p2a: Ninetales|Protect
|move|p2b: Incineroar|Protect|p2b: Incineroar
|-singleturn|p2b: Incineroar|Protect
|move|p1b: Aerodactyl|Rock Slide|p2a: Ninetales|[spread] 
|-activate|p2a: Ninetales|move: Protect
|-activate|p2b: Incineroar|move: Protect
|move|p1a: Sylveon|Hyper Voice|p2a: Ninetales|[spread] 
|-activate|p2a: Ninetales|move: Protect
|-activate|p2b: Incineroar|move: Protect
|
|-weather|none
|-sideend|p1: yuanee|move: Tailwind
|upkeep
|turn|6
|
|t:|1783769783
|switch|p2a: Snorlax|Snorlax, L50, M|100/100
|move|p1b: Aerodactyl|Tailwind|p1b: Aerodactyl
|-sidestart|p1: yuanee|move: Tailwind
|move|p1a: Sylveon|Hyper Voice|p2b: Incineroar|[spread] p2a,p2b
|-damage|p2a: Snorlax|71/100
|-damage|p2b: Incineroar|36/100
|move|p2b: Incineroar|Flare Blitz|p1a: Sylveon
|-damage|p1a: Sylveon|0 fnt
|faint|p1a: Sylveon
|-damage|p2b: Incineroar|31/100|[from] Recoil
|
|-heal|p2a: Snorlax|77/100|[from] item: Leftovers
|upkeep
|
|t:|1783769801
|switch|p1a: Garchomp|Garchomp, L50, M|100/100
|turn|7
|
|t:|1783769817
|move|p2b: Incineroar|Protect|p2b: Incineroar
|-singleturn|p2b: Incineroar|Protect
|move|p1b: Aerodactyl|Rock Slide|p2a: Snorlax|[spread] p2a
|-activate|p2b: Incineroar|move: Protect
|-damage|p2a: Snorlax|57/100
|move|p1a: Garchomp|Earthquake|p2b: Incineroar|[spread] p2a
|-activate|p2b: Incineroar|move: Protect
|-immune|p1b: Aerodactyl
|-damage|p2a: Snorlax|25/100
|-damage|p1a: Garchomp|90/100|[from] item: Life Orb
|move|p2a: Snorlax|Yawn|p1a: Garchomp
|-start|p1a: Garchomp|move: Yawn|[of] p2a: Snorlax
|
|-heal|p2a: Snorlax|31/100|[from] item: Leftovers
|upkeep
|turn|8
|
|t:|1783769880
|move|p2a: Snorlax|Protect|p2a: Snorlax
|-singleturn|p2a: Snorlax|Protect
|move|p1b: Aerodactyl|Rock Slide|p2b: Incineroar|[spread] p2b
|-activate|p2a: Snorlax|move: Protect
|-supereffective|p2b: Incineroar|1
|-damage|p2b: Incineroar|0 fnt
|faint|p2b: Incineroar
|move|p1a: Garchomp|Earthquake|p2a: Snorlax|[spread] 
|-activate|p2a: Snorlax|move: Protect
|-immune|p1b: Aerodactyl
|
|-heal|p2a: Snorlax|37/100|[from] item: Leftovers
|-end|p1a: Garchomp|move: Yawn|[silent]
|-status|p1a: Garchomp|slp
|upkeep
|l|☆yuanee
|player|p1|
|
|t:|1783769885
|switch|p2b: Ninetales|Ninetales-Alola, L50, F|47/100
|-weather|Snowscape|[from] ability: Snow Warning|[of] p2b: Ninetales
|turn|9
|j|☆yuanee
|player|p1|yuanee|2|
|
|t:|1783769904
|move|p2b: Ninetales|Protect|p2b: Ninetales
|-singleturn|p2b: Ninetales|Protect
|move|p1b: Aerodactyl|Rock Slide|p2b: Ninetales|[spread] p2a
|-activate|p2b: Ninetales|move: Protect
|-damage|p2a: Snorlax|21/100
|cant|p1a: Garchomp|slp
|move|p2a: Snorlax|Yawn|p1b: Aerodactyl
|-start|p1b: Aerodactyl|move: Yawn|[of] p2a: Snorlax
|
|-weather|Snowscape|[upkeep]
|-heal|p2a: Snorlax|27/100|[from] item: Leftovers
|-sideend|p1: yuanee|move: Tailwind
|upkeep
|turn|10
|
|t:|1783769929
|move|p1b: Aerodactyl|Tailwind|p1b: Aerodactyl
|-sidestart|p1: yuanee|move: Tailwind
|cant|p1a: Garchomp|slp
|move|p2b: Ninetales|Blizzard|p1a: Garchomp|[spread] p1a,p1b
|-supereffective|p1a: Garchomp|2
|-supereffective|p1b: Aerodactyl|1
|-damage|p1a: Garchomp|0 fnt
|-damage|p1b: Aerodactyl|0 fnt
|faint|p1a: Garchomp
|faint|p1b: Aerodactyl
|move|p2a: Snorlax|Yawn|p1: Garchomp|[notarget]
|-fail|p2a: Snorlax
|
|-weather|Snowscape|[upkeep]
|-heal|p2a: Snorlax|33/100|[from] item: Leftovers
|upkeep
|
|t:|1783769946
|switch|p1a: Kingambit|Kingambit, L50, M|95/100
|turn|11
|
|t:|1783769970
|move|p1a: Kingambit|Protect|p1a: Kingambit
|-singleturn|p1a: Kingambit|Protect
|move|p2b: Ninetales|Protect|p2b: Ninetales
|-singleturn|p2b: Ninetales|Protect
|move|p2a: Snorlax|Yawn|p1a: Kingambit
|-activate|p1a: Kingambit|move: Protect
|
|-weather|Snowscape|[upkeep]
|-heal|p2a: Snorlax|39/100|[from] item: Leftovers
|upkeep
|turn|12
|
|t:|1783770017
|move|p1a: Kingambit|Kowtow Cleave|p2a: Snorlax
|-damage|p2a: Snorlax|8/100
|move|p2b: Ninetales|Encore|p1a: Kingambit
|-start|p1a: Kingambit|Encore
|move|p2a: Snorlax|Yawn|p1a: Kingambit
|-start|p1a: Kingambit|move: Yawn|[of] p2a: Snorlax
|
|-weather|Snowscape|[upkeep]
|-heal|p2a: Snorlax|15/100|[from] item: Leftovers
|upkeep
|turn|13
|l|☆yuanee
|player|p1|
|j|☆yuanee
|player|p1|yuanee|2|
|
|t:|1783770047
|move|p2a: Snorlax|Protect|p2a: Snorlax
|-singleturn|p2a: Snorlax|Protect
|move|p1a: Kingambit|Kowtow Cleave|p2a: Snorlax
|-activate|p2a: Snorlax|move: Protect
|move|p2b: Ninetales|Blizzard|p1a: Kingambit
|-resisted|p1a: Kingambit|1
|-damage|p1a: Kingambit|73/100
|
|-weather|none
|-heal|p2a: Snorlax|21/100|[from] item: Leftovers
|-end|p1a: Kingambit|move: Yawn|[silent]
|-status|p1a: Kingambit|slp
|-sideend|p1: yuanee|move: Tailwind
|upkeep
|turn|14
|
|t:|1783770074
|move|p2b: Ninetales|Blizzard|p1a: Kingambit|[miss]
|-miss|p2b: Ninetales|p1a: Kingambit
|cant|p1a: Kingambit|slp
|move|p2a: Snorlax|High Horsepower|p1a: Kingambit
|-supereffective|p1a: Kingambit|1
|-damage|p1a: Kingambit|34/100 slp
|
|-heal|p2a: Snorlax|27/100|[from] item: Leftovers
|upkeep
|turn|15
|l|☆yuanee
|player|p1|
|
|t:|1783770099
|move|p2b: Ninetales|Disable|p1a: Kingambit
|-start|p1a: Kingambit|Disable|Kowtow Cleave
|cant|p1a: Kingambit|slp
|move|p2a: Snorlax|High Horsepower|p1a: Kingambit
|-supereffective|p1a: Kingambit|1
|-damage|p1a: Kingambit|0 fnt
|faint|p1a: Kingambit
|
|win|wenniao
|j|☆yuanee
|player|p1|yuanee|2|
||wenniao is ready for game 2.
|inactive|yuanee has 30 seconds to confirm battle start!
|inactive|yuanee has 20 seconds to confirm battle start!
|l|☆yuanee
|player|p1|
||yuanee is ready for game 2.
|uhtml|next|Next: Game 2 of 3
|l|☆wenniao
|player|p2|
|j|☆wenniao
|player|p2|wenniao|266|
