|j|☆JosephAF
|j|‽Sushi Bum
|html|JosephAFSushi Bum    
|uhtml|bestof|Game 1 of a best-of-3
|t:|1785350828
|gametype|doubles
|player|p1|JosephAF|volkner|1027
|player|p2|Sushi Bum|beni-ninja|1000
|gen|9
|tier|[Gen 9 Champions] VGC 2026 Reg M-B (Bo3)
|rated|
|rule|Species Clause: Limit one of each Pokémon
|rule|Item Clause: Limit 1 of each item
|clearpoke
|poke|p1|Hawlucha, L50, M|
|poke|p1|Vanilluxe, L50, F|
|poke|p1|Sinistcha, L50|
|poke|p1|Incineroar, L50, M|
|poke|p1|Basculegion, L50, M|
|poke|p1|Grimmsnarl, L50, M|
|poke|p2|Talonflame, L50, M|
|poke|p2|Tsareena, L50, F|
|poke|p2|Raichu, L50, F|
|poke|p2|Heliolisk, L50, F, shiny|
|poke|p2|Venusaur, L50, M|
|poke|p2|Mamoswine, L50, M|
|teampreview|4
|showteam|p1|Hawlucha||Hawluchanite|Limber|Entrainment,DrainPunch,Protect,BraveBird|Jolly||M|||50|]Vanilluxe||FocusSash|SnowWarning|SheerCold,AuroraVeil,Blizzard,Taunt|Bold||F|||50|]Sinistcha||Leftovers|Hospitality|RagePowder,LifeDew,MatchaGotcha,StrengthSap|Bold|||||50|]Incineroar||SitrusBerry|Intimidate|FakeOut,DarkestLariat,FlareBlitz,PartingShot|Adamant||M|||50|]Basculegion||MysticWater|Adaptability|AquaJet,FlipTurn,LastRespects,PsychicFangs|Adamant||M|||50|]Grimmsnarl||LightClay|Prankster|LightScreen,Reflect,PartingShot,SpiritBreak|Careful||M|||50|
|showteam|p2|Talonflame||SharpBeak|GaleWings|BraveBird,Taunt,Tailwind,UpperHand|Adamant||M|||50|]Tsareena||ChoiceScarf|QueenlyMajesty|TripleAxel,TropKick,KnockOff,LowKick|Jolly||F|||50|]Raichu||RaichuniteY|LightningRod|ZapCannon,GrassKnot,FocusBlast,Protect|Timid||F|||50|]Heliolisk||ExpertBelt|DrySkin|Thunderbolt,HyperVoice,Protect,AllySwitch|Timid||F|||50|]Venusaur||LifeOrb|Chlorophyll|SludgeBomb,SleepPowder,GigaDrain,EarthPower|Timid||M|||50|]Mamoswine||FocusSash|Oblivious|StompingTantrum,IceShard,IcicleCrash,Protect|Jolly||M|||50|
|inactive|Battle timer is ON: inactive players will automatically lose when time's up. (requested by JosephAF)
|
|t:|1785350843
|teamsize|p1|4
|teamsize|p2|4
|start
|switch|p1a: Incineroar|Incineroar, L50, M|100/100
|switch|p1b: Grimmsnarl|Grimmsnarl, L50, M|100/100
|switch|p2a: Raichu|Raichu, L50, F|100/100
|switch|p2b: Talonflame|Talonflame, L50, M|100/100
|-ability|p1a: Incineroar|Intimidate|boost
|-unboost|p2a: Raichu|atk|1
|-unboost|p2b: Talonflame|atk|1
|turn|1
|
|t:|1785350858
|switch|p2b: Tsareena|Tsareena, L50, F|100/100
|detailschange|p2a: Raichu|Raichu-Mega-Y, L50, F
|-mega|p2a: Raichu|Raichu|Raichunite Y
|move|p1a: Incineroar|Fake Out||[still]
|cant|p2b: Tsareena|ability: Queenly Majesty|Fake Out|[of] p1a: Incineroar
|move|p1b: Grimmsnarl|Reflect|p1b: Grimmsnarl
|-sidestart|p1: JosephAF|Reflect
|move|p2a: Raichu|Zap Cannon|p1a: Incineroar
|-damage|p1a: Incineroar|41/100
|-status|p1a: Incineroar|par
|-enditem|p1a: Incineroar|Sitrus Berry|[eat]
|-heal|p1a: Incineroar|66/100 par|[from] item: Sitrus Berry
|
|upkeep
|turn|2
|
|t:|1785350874
|move|p1b: Grimmsnarl|Light Screen|p1b: Grimmsnarl
|-sidestart|p1: JosephAF|move: Light Screen
|move|p2b: Tsareena|Trop Kick|p1b: Grimmsnarl
|-damage|p1b: Grimmsnarl|63/100
|-unboost|p1b: Grimmsnarl|atk|1
|move|p2a: Raichu|Zap Cannon|p1b: Grimmsnarl
|-damage|p1b: Grimmsnarl|23/100
|-status|p1b: Grimmsnarl|par
|move|p1a: Incineroar|Flare Blitz|p2b: Tsareena
|-supereffective|p2b: Tsareena|1
|-damage|p2b: Tsareena|0 fnt
|faint|p2b: Tsareena
|-damage|p1a: Incineroar|42/100 par|[from] Recoil
|
|upkeep
|
|t:|1785350892
|switch|p2b: Heliolisk|Heliolisk, L50, F, shiny|100/100
|turn|3
|
|t:|1785350903
|move|p2a: Raichu|Protect|p2a: Raichu
|-singleturn|p2a: Raichu|Protect
|move|p2b: Heliolisk|Hyper Voice|p1a: Incineroar|[spread] p1a,p1b
|-crit|p1b: Grimmsnarl
|-damage|p1a: Incineroar|24/100 par
|-damage|p1b: Grimmsnarl|0 fnt
|faint|p1b: Grimmsnarl
|move|p1a: Incineroar|Flare Blitz|p2a: Raichu
|-activate|p2a: Raichu|move: Protect
|
|upkeep
|
|t:|1785350910
|switch|p1b: Hawlucha|Hawlucha, L50, M|100/100
|turn|4
|
|t:|1785350918
|move|p1b: Hawlucha|Protect|p1b: Hawlucha
|-singleturn|p1b: Hawlucha|Protect
|move|p2a: Raichu|Zap Cannon|p1b: Hawlucha
|-activate|p1b: Hawlucha|move: Protect
|move|p2b: Heliolisk|Hyper Voice|p1a: Incineroar|[spread] p1a
|-activate|p1b: Hawlucha|move: Protect
|-damage|p1a: Incineroar|5/100 par
|move|p1a: Incineroar|Parting Shot|p2a: Raichu
|-unboost|p2a: Raichu|atk|1
|-unboost|p2a: Raichu|spa|1
|
|t:|1785350929
|switch|p1a: Vanilluxe|Vanilluxe, L50, F|100/100|[from] Parting Shot
|-weather|Snowscape|[from] ability: Snow Warning|[of] p1a: Vanilluxe
|
|-weather|Snowscape|[upkeep]
|upkeep
|turn|5
|
|t:|1785350947
|detailschange|p1b: Hawlucha|Hawlucha-Mega, L50, M
|-mega|p1b: Hawlucha|Hawlucha|Hawluchanite
|move|p2a: Raichu|Zap Cannon|p1a: Vanilluxe
|-damage|p1a: Vanilluxe|69/100
|-status|p1a: Vanilluxe|par
|move|p1b: Hawlucha|Entrainment|p1a: Vanilluxe
|-ability|p1a: Vanilluxe|No Guard|Snow Warning|[from] move: Entrainment|[of] p1b: Hawlucha
|move|p2b: Heliolisk|Thunderbolt|p1a: Vanilluxe
|-damage|p1a: Vanilluxe|43/100 par
|move|p1a: Vanilluxe|Sheer Cold|p2a: Raichu
|-damage|p2a: Raichu|0 fnt
|faint|p2a: Raichu
|-ohko
|
|-weather|Snowscape|[upkeep]
|upkeep
|
|t:|1785350955
|switch|p2a: Talonflame|Talonflame, L50, M|100/100
|turn|6
|
|t:|1785350971
|move|p2a: Talonflame|Brave Bird|p1b: Hawlucha
|-supereffective|p1b: Hawlucha|1
|-damage|p1b: Hawlucha|26/100
|-damage|p2a: Talonflame|70/100|[from] Recoil
|move|p1b: Hawlucha|Drain Punch|p2b: Heliolisk
|-supereffective|p2b: Heliolisk|1
|-damage|p2b: Heliolisk|0 fnt
|-heal|p1b: Hawlucha|64/100|[from] drain|[of] p2b: Heliolisk
|faint|p2b: Heliolisk
|move|p1a: Vanilluxe|Sheer Cold|p2a: Talonflame
|-damage|p2a: Talonflame|0 fnt
|faint|p2a: Talonflame
|-ohko
|
|win|JosephAF
|inactive|JosephAF has 30 seconds to confirm battle start!
|inactive|Sushi Bum has 30 seconds to confirm battle start!
||Sushi Bum is ready for game 2.
||JosephAF is ready for game 2.
|uhtml|next|Next: Game 2 of 3
