|j|☆breloomb01
|j|☆Gayangos
|html|breloomb01Gayangos    
|uhtml|bestof|Game 1 of a best-of-3
|t:|1784040845
|gametype|doubles
|player|p1|breloomb01|roughneck|1256
|player|p2|Gayangos|170|1302
|gen|9
|tier|[Gen 9 Champions] VGC 2026 Reg M-B (Bo3)
|rated|
|rule|Species Clause: Limit one of each Pokémon
|rule|Item Clause: Limit 1 of each item
|clearpoke
|poke|p1|Gengar, L50, M, shiny|
|poke|p1|Swampert, L50, M, shiny|
|poke|p1|Incineroar, L50, F, shiny|
|poke|p1|Politoed, L50, F, shiny|
|poke|p1|Archaludon, L50, M, shiny|
|poke|p1|Vivillon-Polar, L50, M|
|poke|p2|Froslass, L50, F|
|poke|p2|Incineroar, L50, F|
|poke|p2|Basculegion, L50, M|
|poke|p2|Kingambit, L50, M|
|poke|p2|Sneasler, L50, F|
|poke|p2|Kleavor, L50, F|
|teampreview|4
|showteam|p1|Gengar||Gengarite|CursedBody|ShadowBall,PerishSong,SludgeBomb,Protect|Timid||M|||50|]Swampert||Swampertite|Torrent|WaveCrash,Earthquake,IcePunch,Protect|Adamant||M|||50|]Incineroar||PasshoBerry|Intimidate|ThroatChop,PartingShot,FakeOut,Protect|Sassy||F|||50|]Politoed||SitrusBerry|Drizzle|WeatherBall,PerishSong,Encore,Protect|Calm||F|||50|]Archaludon||Leftovers|Stamina|DragonPulse,FlashCannon,ElectroShot,Protect|Bold||M|||50|]Vivillon-Polar||FocusSash|CompoundEyes|Hurricane,SleepPowder,RagePowder,Protect|Timid||M|||50|
|showteam|p2|Froslass||Froslassite|CursedBody|Blizzard,ShadowBall,AuroraVeil,Protect|Modest||F|||50|]Incineroar||SitrusBerry|Intimidate|FlareBlitz,ThroatChop,FakeOut,PartingShot|Impish||F|||50|]Basculegion||LifeOrb|Adaptability|WaveCrash,LastRespects,AquaJet,Protect|Jolly||M|||50|]Kingambit||BlackGlasses|Defiant|KowtowCleave,SuckerPunch,IronHead,Protect|Adamant||M|||50|]Sneasler||FocusSash|PoisonTouch|FakeOut,DireClaw,CloseCombat,RockSlide|Jolly||F|||50|]Kleavor||ChoiceScarf|Sharpness|StoneAxe,XScissor,CloseCombat,Uturn|Jolly||F|||50|
|
|t:|1784040876
|teamsize|p1|4
|teamsize|p2|4
|start
|switch|p1a: Swampert|Swampert, L50, M, shiny|100/100
|switch|p1b: Vivillon|Vivillon-Polar, L50, M|100/100
|switch|p2a: Froslass|Froslass, L50, F|100/100
|switch|p2b: Kingambit|Kingambit, L50, M|100/100
|turn|1
|
|t:|1784040893
|detailschange|p2a: Froslass|Froslass-Mega, L50, F
|-mega|p2a: Froslass|Froslass|Froslassite
|-weather|Snowscape|[from] ability: Snow Warning|[of] p2a: Froslass
|detailschange|p1a: Swampert|Swampert-Mega, L50, M, shiny
|-mega|p1a: Swampert|Swampert|Swampertite
|move|p2b: Kingambit|Sucker Punch|p1a: Swampert
|-damage|p1a: Swampert|58/100
|move|p2a: Froslass|Blizzard|p1b: Vivillon|[spread] p1a,p1b
|-supereffective|p1b: Vivillon|1
|-crit|p1b: Vivillon
|-damage|p1a: Swampert|19/100
|-enditem|p1b: Vivillon|Focus Sash
|-damage|p1b: Vivillon|1/100
|-status|p1a: Swampert|frz
|-status|p1b: Vivillon|frz
|cant|p1b: Vivillon|frz
|cant|p1a: Swampert|frz
|
|-weather|Snowscape|[upkeep]
|upkeep
|turn|2
|inactive|Battle timer is ON: inactive players will automatically lose when time's up. (requested by Gayangos)
|c|☆breloomb01|Wtf
|c|☆Gayangos|wow, sorry
|
|t:|1784040913
|switch|p1b: Politoed|Politoed, L50, F, shiny|100/100
|-weather|RainDance|[from] ability: Drizzle|[of] p1b: Politoed
|switch|p1a: Archaludon|Archaludon, L50, M, shiny|100/100
|move|p2a: Froslass|Blizzard|p1b: Politoed|[spread] p1a,p1b
|-resisted|p1b: Politoed|1
|-damage|p1a: Archaludon|51/100
|-damage|p1b: Politoed|83/100
|-ability|p1a: Archaludon|Stamina|boost
|-boost|p1a: Archaludon|def|1
|move|p2b: Kingambit|Kowtow Cleave|p1b: Politoed
|-damage|p1b: Politoed|29/100
|-enditem|p1b: Politoed|Sitrus Berry|[eat]
|-heal|p1b: Politoed|54/100|[from] item: Sitrus Berry
|
|-weather|RainDance|[upkeep]
|-heal|p1a: Archaludon|57/100|[from] item: Leftovers
|upkeep
|turn|3
|
|t:|1784040933
|switch|p2a: Basculegion|Basculegion, L50, M|100/100
|move|p1a: Archaludon|Electro Shot||[still]
|-prepare|p1a: Archaludon|Electro Shot
|-boost|p1a: Archaludon|spa|1
|-anim|p1a: Archaludon|Electro Shot|p2b: Kingambit
|-damage|p2b: Kingambit|40/100
|move|p2b: Kingambit|Kowtow Cleave|p1b: Politoed
|-damage|p1b: Politoed|2/100
|move|p1b: Politoed|Weather Ball|p2b: Kingambit
|-crit|p2b: Kingambit
|-damage|p2b: Kingambit|0 fnt
|faint|p2b: Kingambit
|
|-weather|RainDance|[upkeep]
|-heal|p1a: Archaludon|63/100|[from] item: Leftovers
|upkeep
|
|t:|1784040947
|switch|p2b: Froslass|Froslass-Mega, L50, F|100/100
|-weather|Snowscape|[from] ability: Snow Warning|[of] p2b: Froslass
|turn|4
|
|t:|1784040959
|switch|p1b: Vivillon|Vivillon-Polar, L50, M|1/100 frz
|move|p1a: Archaludon|Protect|p1a: Archaludon
|-singleturn|p1a: Archaludon|Protect
|move|p2b: Froslass|Blizzard|p1a: Archaludon|[spread] p1b
|-activate|p1a: Archaludon|move: Protect
|-supereffective|p1b: Vivillon|1
|-damage|p1b: Vivillon|0 fnt
|faint|p1b: Vivillon
|move|p2a: Basculegion|Last Respects|p1a: Archaludon
|-activate|p1a: Archaludon|move: Protect
|
|-weather|Snowscape|[upkeep]
|-heal|p1a: Archaludon|69/100|[from] item: Leftovers
|upkeep
|
|t:|1784040961
|switch|p1b: Politoed|Politoed, L50, F, shiny|2/100
|-weather|RainDance|[from] ability: Drizzle|[of] p1b: Politoed
|turn|5
|
|t:|1784040977
|move|p2a: Basculegion|Aqua Jet|p1b: Politoed
|-resisted|p1b: Politoed|1
|-damage|p1b: Politoed|0 fnt
|faint|p1b: Politoed
|-damage|p2a: Basculegion|90/100|[from] item: Life Orb
|move|p2b: Froslass|Shadow Ball|p1a: Archaludon
|-damage|p1a: Archaludon|27/100
|-ability|p1a: Archaludon|Stamina|boost
|-boost|p1a: Archaludon|def|1
|move|p1a: Archaludon|Electro Shot||[still]
|-prepare|p1a: Archaludon|Electro Shot
|-boost|p1a: Archaludon|spa|1
|-anim|p1a: Archaludon|Electro Shot|p2a: Basculegion
|-supereffective|p2a: Basculegion|1
|-damage|p2a: Basculegion|0 fnt
|faint|p2a: Basculegion
|
|-weather|RainDance|[upkeep]
|-heal|p1a: Archaludon|34/100|[from] item: Leftovers
|upkeep
|
|t:|1784040986
|switch|p2a: Sneasler|Sneasler, L50, F|100/100
|switch|p1b: Swampert|Swampert-Mega, L50, M, shiny|19/100 frz
|turn|6
|
|t:|1784040996
|move|p2a: Sneasler|Fake Out|p1b: Swampert
|-damage|p1b: Swampert|5/100 frz
|cant|p1b: Swampert|frz
|move|p2b: Froslass|Shadow Ball|p1b: Swampert
|-damage|p1b: Swampert|0 fnt
|faint|p1b: Swampert
|move|p1a: Archaludon|Electro Shot||[still]
|-prepare|p1a: Archaludon|Electro Shot
|-boost|p1a: Archaludon|spa|1
|-anim|p1a: Archaludon|Electro Shot|p2a: Sneasler
|-enditem|p2a: Sneasler|Focus Sash
|-damage|p2a: Sneasler|1/100
|
|-weather|RainDance|[upkeep]
|-heal|p1a: Archaludon|40/100|[from] item: Leftovers
|upkeep
|turn|7
|
|t:|1784041002
|move|p2a: Sneasler|Close Combat|p1a: Archaludon
|-supereffective|p1a: Archaludon|1
|-damage|p1a: Archaludon|0 fnt
|-unboost|p2a: Sneasler|def|1
|-unboost|p2a: Sneasler|spd|1
|faint|p1a: Archaludon
|
|win|Gayangos
||Gayangos is ready for game 2.
||breloomb01 is ready for game 2.
|uhtml|next|Next: Game 2 of 3
|l|☆breloomb01
|player|p1|
