|j|☆Beh2242
|j|☆bosilek
|html|Beh2242bosilek    
|uhtml|bestof|Game 3 of a best-of-3
|t:|1756515570
|gametype|doubles
|player|p1|Beh2242|lucas-gen4pt|1106
|player|p2|bosilek|hilbert-wonderlauncher|1212
|gen|9
|tier|[Gen 9] VGC 2025 Reg H (Bo3)
|rated|
|rule|Species Clause: Limit one of each Pokémon
|rule|Item Clause: Limit 1 of each item
|clearpoke
|poke|p1|Porygon2, L50|
|poke|p1|Gholdengo, L50|
|poke|p1|Hydreigon, L50, M|
|poke|p1|Amoonguss, L50, M|
|poke|p1|Ursaluna, L50, M|
|poke|p1|Incineroar, L50, M|
|poke|p2|Garchomp, L50, M|
|poke|p2|Talonflame, L50, M|
|poke|p2|Gholdengo, L50|
|poke|p2|Ninetales-Alola, L50, F|
|poke|p2|Hydreigon, L50, F|
|poke|p2|Annihilape, L50, F|
|teampreview|4
|showteam|p1|Porygon2||Eviolite|Download|TeraBlast,IceBeam,Recover,TrickRoom||||||50|,,,,,Flying]Gholdengo||LifeOrb|GoodasGold|MakeItRain,ShadowBall,NastyPlot,Protect||||||50|,,,,,Water]Hydreigon||CovertCloak|Levitate|DracoMeteor,Snarl,Tailwind,Protect|||M|||50|,,,,,Steel]Amoonguss||SitrusBerry|Regenerator|Spore,RagePowder,PollenPuff,Protect|||M|||50|,,,,,Water]Ursaluna||FlameOrb|Guts|Facade,Earthquake,HeadlongRush,Protect|||M|||50|,,,,,Ghost]Incineroar||AssaultVest|Intimidate|FakeOut,FlareBlitz,KnockOff,Uturn|||M|||50|,,,,,Grass
|showteam|p2|Garchomp||LifeOrb|RoughSkin|Protect,Earthquake,DragonClaw,StompingTantrum|||M|||50|,,,,,Steel]Talonflame||CovertCloak|GaleWings|BraveBird,Taunt,WillOWisp,Tailwind|||M|||50|,,,,,Grass]Gholdengo||MetalCoat|GoodasGold|MakeItRain,ShadowBall,Protect,NastyPlot||||||50|,,,,,Water]Ninetales-Alola||FocusSash|SnowWarning|Blizzard,FreezeDry,Encore,Protect|||F|||50|,,,,,Water]Hydreigon||ChoiceSpecs|Levitate|HeatWave,Snarl,EarthPower,DragonPulse|||F|||50|,,,,,Fire]Annihilape||SafetyGoggles|Defiant|FinalGambit,RageFist,CloseCombat,Protect|||F|||50|,,,,,Fire
|
|t:|1756515596
|teamsize|p1|4
|teamsize|p2|4
|start
|switch|p1a: Gholdengo|Gholdengo, L50|100/100
|switch|p1b: Amoonguss|Amoonguss, L50, M|100/100
|switch|p2a: Talonflame|Talonflame, L50, M|100/100
|switch|p2b: Hydreigon|Hydreigon, L50, F|100/100
|turn|1
|
|t:|1756515611
|switch|p1b: Incineroar|Incineroar, L50, M|100/100
|-ability|p1b: Incineroar|Intimidate|boost
|-unboost|p2a: Talonflame|atk|1
|-unboost|p2b: Hydreigon|atk|1
|-terastallize|p1a: Gholdengo|Water
|move|p2a: Talonflame|Taunt|p1b: Incineroar
|-start|p1b: Incineroar|move: Taunt
|move|p2b: Hydreigon|Snarl|p1a: Gholdengo|[spread] p1a,p1b
|-resisted|p1b: Incineroar
|-damage|p1a: Gholdengo|66/100
|-damage|p1b: Incineroar|92/100
|-unboost|p1a: Gholdengo|spa|1
|-unboost|p1b: Incineroar|spa|1
|move|p1a: Gholdengo|Nasty Plot|p1a: Gholdengo
|-boost|p1a: Gholdengo|spa|2
|
|upkeep
|turn|2
|
|t:|1756515642
|-terastallize|p2b: Hydreigon|Fire
|move|p1b: Incineroar|Fake Out|p2b: Hydreigon
|-damage|p2b: Hydreigon|85/100
|move|p2a: Talonflame|Tailwind|p2a: Talonflame
|-sidestart|p2: bosilek|move: Tailwind
|cant|p2b: Hydreigon|flinch
|move|p1a: Gholdengo|Make It Rain|p2a: Talonflame|[spread] p2a,p2b
|-resisted|p2a: Talonflame
|-resisted|p2b: Hydreigon
|-damage|p2a: Talonflame|28/100
|-damage|p2b: Hydreigon|34/100
|-unboost|p1a: Gholdengo|spa|1
|-damage|p1a: Gholdengo|57/100|[from] item: Life Orb
|
|upkeep
|turn|3
|
|t:|1756515674
|switch|p2b: Annihilape|Annihilape, L50, F|100/100
|move|p1a: Gholdengo|Protect|p1a: Gholdengo
|-singleturn|p1a: Gholdengo|Protect
|move|p2a: Talonflame|Brave Bird|p1a: Gholdengo
|-activate|p1a: Gholdengo|move: Protect
|move|p1b: Incineroar|Knock Off|p2b: Annihilape
|-damage|p2b: Annihilape|55/100
|-enditem|p2b: Annihilape|Safety Goggles|[from] move: Knock Off|[of] p1b: Incineroar
|
|-end|p1b: Incineroar|move: Taunt
|upkeep
|turn|4
|
|t:|1756515712
|move|p2a: Talonflame|Brave Bird|p1a: Gholdengo
|-crit|p1a: Gholdengo
|-damage|p1a: Gholdengo|0 fnt
|faint|p1a: Gholdengo
|-damage|p2a: Talonflame|8/100|[from] Recoil
|move|p2b: Annihilape|Close Combat|p1b: Incineroar
|-supereffective|p1b: Incineroar
|-damage|p1b: Incineroar|0 fnt
|-unboost|p2b: Annihilape|def|1
|-unboost|p2b: Annihilape|spd|1
|faint|p1b: Incineroar
|
|upkeep
|
|t:|1756515724
|switch|p1a: Ursaluna|Ursaluna, L50, M|100/100
|switch|p1b: Amoonguss|Amoonguss, L50, M|100/100
|turn|5
|
|t:|1756515741
|move|p1a: Ursaluna|Protect|p1a: Ursaluna
|-singleturn|p1a: Ursaluna|Protect
|move|p1b: Amoonguss|Protect|p1b: Amoonguss
|-singleturn|p1b: Amoonguss|Protect
|move|p2a: Talonflame|Taunt|p1b: Amoonguss
|-activate|p1b: Amoonguss|move: Protect
|move|p2b: Annihilape|Close Combat|p1a: Ursaluna
|-activate|p1a: Ursaluna|move: Protect
|
|-sideend|p2: bosilek|move: Tailwind
|-status|p1a: Ursaluna|brn|[from] item: Flame Orb
|upkeep
|turn|6
|
|t:|1756515757
|move|p2b: Annihilape|Protect|p2b: Annihilape
|-singleturn|p2b: Annihilape|Protect
|move|p1b: Amoonguss|Rage Powder|p1b: Amoonguss
|-singleturn|p1b: Amoonguss|move: Rage Powder
|move|p2a: Talonflame|Brave Bird|p1b: Amoonguss
|-supereffective|p1b: Amoonguss
|-damage|p1b: Amoonguss|51/100
|-damage|p2a: Talonflame|0 fnt|[from] Recoil
|faint|p2a: Talonflame
|move|p1a: Ursaluna|Headlong Rush|p2b: Annihilape
|-activate|p2b: Annihilape|move: Protect
|
|-damage|p1a: Ursaluna|95/100 brn|[from] brn
|upkeep
|
|t:|1756515773
|switch|p2a: Ninetales|Ninetales-Alola, L50, F|100/100
|-weather|Snowscape|[from] ability: Snow Warning|[of] p2a: Ninetales
|turn|7
|
|t:|1756515796
|move|p1a: Ursaluna|Protect|p1a: Ursaluna
|-singleturn|p1a: Ursaluna|Protect
|move|p1b: Amoonguss|Protect|p1b: Amoonguss
|-singleturn|p1b: Amoonguss|Protect
|move|p2a: Ninetales|Blizzard|p1b: Amoonguss|[spread] 
|-activate|p1a: Ursaluna|move: Protect
|-activate|p1b: Amoonguss|move: Protect
|move|p2b: Annihilape|Close Combat|p1a: Ursaluna
|-activate|p1a: Ursaluna|move: Protect
|
|-weather|Snowscape|[upkeep]
|-damage|p1a: Ursaluna|89/100 brn|[from] brn
|upkeep
|turn|8
|inactive|Battle timer is ON: inactive players will automatically lose when time's up. (requested by Beh2242)
|
|t:|1756515821
|move|p1b: Amoonguss|Rage Powder|p1b: Amoonguss
|-singleturn|p1b: Amoonguss|move: Rage Powder
|move|p2a: Ninetales|Encore|p1b: Amoonguss
|-start|p1b: Amoonguss|Encore
|move|p2b: Annihilape|Rage Fist|p1b: Amoonguss
|-damage|p1b: Amoonguss|21/100
|-enditem|p1b: Amoonguss|Sitrus Berry|[eat]
|-heal|p1b: Amoonguss|46/100|[from] item: Sitrus Berry
|move|p1a: Ursaluna|Earthquake|p2a: Ninetales|[spread] p1b,p2a,p2b
|-damage|p1b: Amoonguss|0 fnt
|-damage|p2a: Ninetales|29/100
|-damage|p2b: Annihilape|0 fnt
|faint|p1b: Amoonguss
|faint|p2b: Annihilape
|
|-weather|Snowscape|[upkeep]
|-damage|p1a: Ursaluna|83/100 brn|[from] brn
|upkeep
|
|t:|1756515833
|switch|p2b: Hydreigon|Hydreigon, L50, F, tera:Fire|34/100
|turn|9
|
|t:|1756515843
|move|p2a: Ninetales|Blizzard|p1a: Ursaluna
|-supereffective|p1a: Ursaluna
|-damage|p1a: Ursaluna|4/100 brn
|move|p2b: Hydreigon|Dragon Pulse|p1a: Ursaluna
|-damage|p1a: Ursaluna|0 fnt
|faint|p1a: Ursaluna
|
|win|bosilek
|raw|Beh2242's rating: 1106 → 1088(-18 for losing)
|raw|bosilek's rating: 1212 → 1230(+18 for winning)
|c|☆bosilek|gg
|l|☆Beh2242
|player|p1|
