|j|☆Pakaan64
|j|☆lox1sm
|html|Pakaan64lox1sm    
|uhtml|bestof|Game 3 of a best-of-3
|t:|1782749756
|gametype|doubles
|player|p1|Pakaan64|169|1265
|player|p2|lox1sm|veteran|1245
|gen|9
|tier|[Gen 9 Champions] VGC 2026 Reg M-B (Bo3)
|rated|
|rule|Species Clause: Limit one of each Pokémon
|rule|Item Clause: Limit 1 of each item
|clearpoke
|poke|p1|Kangaskhan, L50, F|
|poke|p1|Sneasler, L50, F|
|poke|p1|Aromatisse, L50, F|
|poke|p1|Corviknight, L50, F|
|poke|p1|Torkoal, L50, M|
|poke|p1|Froslass, L50, F|
|poke|p2|Charizard, L50, M|
|poke|p2|Metagross, L50|
|poke|p2|Aerodactyl, L50, F|
|poke|p2|Garchomp, L50, M|
|poke|p2|Kingambit, L50, F|
|poke|p2|Farigiraf, L50, F|
|teampreview|4
|showteam|p1|Kangaskhan||Kangaskhanite|InnerFocus|FakeOut,Protect,DoubleEdge,DrainPunch|Adamant||F|||50|]Sneasler||FocusSash|PoisonTouch|Coaching,Protect,CloseCombat,PoisonJab|Jolly||F|||50|]Aromatisse||FairyFeather|AromaVeil|TrickRoom,Moonblast,Protect,AfterYou|Quiet||F|||50|]Corviknight||Leftovers|MirrorArmor|Protect,BulkUp,BraveBird,IronHead|Adamant||F|||50|]Torkoal||Charcoal|Drought|Eruption,Protect,WeatherBall,HelpingHand|Modest||M|||50|]Froslass||Froslassite|CursedBody|Blizzard,Protect,ShadowBall,AuroraVeil|Timid||F|||50|
|showteam|p2|Charizard||CharizarditeY|Blaze|HeatWave,WeatherBall,SolarBeam,Protect|Modest||M|||50|]Metagross||Metagrossite|ClearBody|IronHead,PsychicFangs,StompingTantrum,Protect|Jolly|||||50|]Aerodactyl||SitrusBerry|Unnerve|RockSlide,IceFang,Tailwind,Protect|Jolly||F|||50|]Garchomp||LifeOrb|RoughSkin|DragonClaw,Earthquake,RockSlide,Protect|Jolly||M|||50|]Kingambit||FocusSash|Defiant|KowtowCleave,SuckerPunch,IronHead,LowKick|Adamant||F|||50|]Farigiraf||ExpertBelt|ArmorTail|Psychic,DazzlingGleam,Thunderbolt,TrickRoom|Modest||F|||50|
|inactive|Battle timer is ON: inactive players will automatically lose when time's up. (requested by Pakaan64)
|c|☆Pakaan64|Thx
|inactive|Pakaan64 has 60 seconds left.
|inactive|lox1sm has 60 seconds left.
|inactive|lox1sm has 30 seconds left.
|inactive|lox1sm has 20 seconds left.
|inactive|lox1sm has 15 seconds left.
|inactive|lox1sm has 10 seconds left.
|inactive|lox1sm has 5 seconds left.
|
|t:|1782749843
|teamsize|p1|4
|teamsize|p2|4
|start
|switch|p1a: Kangaskhan|Kangaskhan, L50, F|100/100
|switch|p1b: Aromatisse|Aromatisse, L50, F|100/100
|switch|p2a: Charizard|Charizard, L50, M|100/100
|switch|p2b: Kingambit|Kingambit, L50, F|100/100
|turn|1
|
|t:|1782749868
|switch|p2b: Farigiraf|Farigiraf, L50, F|100/100
|detailschange|p2a: Charizard|Charizard-Mega-Y, L50, M
|-mega|p2a: Charizard|Charizard|Charizardite Y
|-weather|SunnyDay|[from] ability: Drought|[of] p2a: Charizard
|detailschange|p1a: Kangaskhan|Kangaskhan-Mega, L50, F
|-mega|p1a: Kangaskhan|Kangaskhan|Kangaskhanite
|move|p2a: Charizard|Weather Ball|p1b: Aromatisse
|-damage|p1b: Aromatisse|13/100
|move|p1a: Kangaskhan|Drain Punch|p2b: Farigiraf
|-damage|p2b: Farigiraf|72/100
|-damage|p2b: Farigiraf|65/100
|-hitcount|p2b: Farigiraf|2
|move|p1b: Aromatisse|Trick Room|p1b: Aromatisse
|-fieldstart|move: Trick Room|[of] p1b: Aromatisse
|
|-weather|SunnyDay|[upkeep]
|upkeep
|turn|2
|inactive|Pakaan64 has 30 seconds left.
|inactive|lox1sm has 30 seconds left.
|inactive|lox1sm has 20 seconds left.
|inactive|lox1sm has 15 seconds left.
|inactive|lox1sm has 10 seconds left.
|inactive|lox1sm has 5 seconds left.
|
|t:|1782749920
|move|p1b: Aromatisse|Protect|p1b: Aromatisse
|-singleturn|p1b: Aromatisse|Protect
|move|p2b: Farigiraf|Psychic|p1a: Kangaskhan
|-damage|p1a: Kangaskhan|58/100
|move|p1a: Kangaskhan|Double-Edge|p2a: Charizard
|-damage|p2a: Charizard|21/100
|-damage|p2a: Charizard|2/100
|-hitcount|p2a: Charizard|2
|-damage|p1a: Kangaskhan|32/100|[from] Recoil
|move|p2a: Charizard|Heat Wave|p1b: Aromatisse|[spread] p1a
|-activate|p1b: Aromatisse|move: Protect
|-damage|p1a: Kangaskhan|0 fnt
|faint|p1a: Kangaskhan
|
|-weather|SunnyDay|[upkeep]
|upkeep
|
|t:|1782749933
|switch|p1a: Torkoal|Torkoal, L50, M|100/100
|turn|3
|
|t:|1782749952
|move|p2a: Charizard|Protect|p2a: Charizard
|-singleturn|p2a: Charizard|Protect
|move|p1a: Torkoal|Eruption|p2a: Charizard|[spread] p2b
|-activate|p2a: Charizard|move: Protect
|-damage|p2b: Farigiraf|0 fnt
|faint|p2b: Farigiraf
|move|p1b: Aromatisse|Moonblast|p2a: Charizard
|-activate|p2a: Charizard|move: Protect
|
|-weather|SunnyDay|[upkeep]
|upkeep
|
|t:|1782749963
|switch|p2b: Kingambit|Kingambit, L50, F|100/100
|turn|4
|
|t:|1782749977
|move|p1b: Aromatisse|Protect|p1b: Aromatisse
|-singleturn|p1b: Aromatisse|Protect
|move|p2b: Kingambit|Sucker Punch||[still]
|-fail|p2b: Kingambit
|move|p1a: Torkoal|Eruption|p2a: Charizard|[spread] p2a,p2b
|-resisted|p2a: Charizard|1
|-supereffective|p2b: Kingambit|1
|-damage|p2a: Charizard|0 fnt
|-enditem|p2b: Kingambit|Focus Sash
|-damage|p2b: Kingambit|1/100
|faint|p2a: Charizard
|
|-weather|SunnyDay|[upkeep]
|upkeep
|
|t:|1782749981
|switch|p2a: Garchomp|Garchomp, L50, M|100/100
|turn|5
|
|t:|1782749993
|switch|p1b: Corviknight|Corviknight, L50, F|100/100
|move|p2a: Garchomp|Protect|p2a: Garchomp
|-singleturn|p2a: Garchomp|Protect
|move|p2b: Kingambit|Sucker Punch|p1a: Torkoal
|-damage|p1a: Torkoal|69/100
|move|p1a: Torkoal|Eruption|p2a: Garchomp|[spread] p2b
|-activate|p2a: Garchomp|move: Protect
|-supereffective|p2b: Kingambit|1
|-damage|p2b: Kingambit|0 fnt
|faint|p2b: Kingambit
|
|-weather|none
|-fieldend|move: Trick Room
|upkeep
|turn|6
|
|t:|1782750014
|move|p1a: Torkoal|Protect|p1a: Torkoal
|-singleturn|p1a: Torkoal|Protect
|move|p2a: Garchomp|Rock Slide|p1b: Corviknight|[spread] p1b
|-activate|p1a: Torkoal|move: Protect
|-damage|p1b: Corviknight|80/100
|-damage|p2a: Garchomp|90/100|[from] item: Life Orb
|cant|p1b: Corviknight|flinch
|
|-heal|p1b: Corviknight|86/100|[from] item: Leftovers
|upkeep
|turn|7
|
|t:|1782750026
|move|p2a: Garchomp|Rock Slide|p1a: Torkoal|[spread] p1a,p1b
|-supereffective|p1a: Torkoal|1
|-damage|p1a: Torkoal|32/100
|-damage|p1b: Corviknight|64/100
|-damage|p2a: Garchomp|80/100|[from] item: Life Orb
|cant|p1b: Corviknight|flinch
|move|p1a: Torkoal|Eruption|p2a: Garchomp
|-resisted|p2a: Garchomp|1
|-damage|p2a: Garchomp|67/100
|
|-heal|p1b: Corviknight|70/100|[from] item: Leftovers
|upkeep
|turn|8
|c|☆lox1sm|need 4 5 flinches
|c|☆lox1sm|:'D
|
|t:|1782750046
|move|p1a: Torkoal|Protect|p1a: Torkoal
|-singleturn|p1a: Torkoal|Protect
|move|p2a: Garchomp|Rock Slide|p1a: Torkoal|[spread] p1b
|-activate|p1a: Torkoal|move: Protect
|-damage|p1b: Corviknight|48/100
|-damage|p2a: Garchomp|57/100|[from] item: Life Orb
|cant|p1b: Corviknight|flinch
|
|-heal|p1b: Corviknight|54/100|[from] item: Leftovers
|upkeep
|turn|9
|c|☆Pakaan64|Good luck
|inactive|Pakaan64 has 30 seconds left.
|
|t:|1782750074
|move|p1a: Torkoal|Helping Hand|p1b: Corviknight
|-singleturn|p1b: Corviknight|Helping Hand|[of] p1a: Torkoal
|move|p2a: Garchomp|Rock Slide|p1b: Corviknight|[spread] p1a,p1b
|-supereffective|p1a: Torkoal|1
|-damage|p1a: Torkoal|0 fnt
|-damage|p1b: Corviknight|32/100
|faint|p1a: Torkoal
|-damage|p2a: Garchomp|47/100|[from] item: Life Orb
|move|p1b: Corviknight|Brave Bird|p2a: Garchomp
|-damage|p2a: Garchomp|0 fnt
|-damage|p1b: Corviknight|20/100y|[from] ability: Rough Skin|[of] p2a: Garchomp
|faint|p2a: Garchomp
|-damage|p1b: Corviknight|6/100|[from] Recoil
|
|win|Pakaan64
|raw|Pakaan64's rating: 1265 → 1289(+24 for winning)
|raw|lox1sm's rating: 1245 → 1221(-24 for losing)
|c|☆Pakaan64|Gg
|c|☆lox1sm|gg
|l|☆Pakaan64
|player|p1|
