|j|☆chocokoala vgc
|j|☆AydenFinn12
|html|chocokoala vgcAydenFinn12    
|uhtml|bestof|Game 1 of a best-of-3
|t:|1784726832
|gametype|doubles
|player|p1|chocokoala vgc|benga|1228
|player|p2|AydenFinn12|265|1200
|gen|9
|tier|[Gen 9 Champions] VGC 2026 Reg M-B (Bo3)
|rated|
|rule|Species Clause: Limit one of each Pokémon
|rule|Item Clause: Limit 1 of each item
|clearpoke
|poke|p1|Scovillain, L50, M|
|poke|p1|Primarina, L50, F|
|poke|p1|Aerodactyl, L50, M|
|poke|p1|Garchomp, L50, M|
|poke|p1|Gholdengo, L50|
|poke|p1|Grimmsnarl, L50, M|
|poke|p2|Charizard, L50, M, shiny|
|poke|p2|Venusaur, L50, F, shiny|
|poke|p2|Toxapex, L50, F, shiny|
|poke|p2|Incineroar, L50, F, shiny|
|poke|p2|Annihilape, L50, F, shiny|
|poke|p2|Garchomp, L50, M, shiny|
|teampreview|4
|showteam|p1|Scovillain||Scovillainite|Moody|Flamethrower,GigaDrain,Protect,RagePowder|Bold||M|||50|]Primarina||Leftovers|LiquidVoice|HyperVoice,Moonblast,Protect,CalmMind|Modest||F|||50|]Aerodactyl||Aerodactylite|Unnerve|RockSlide,DualWingbeat,Protect,Tailwind|Jolly||M|||50|]Garchomp||SoftSand|RoughSkin|Earthquake,StompingTantrum,Protect,DragonClaw|Jolly||M|||50|]Gholdengo||LifeOrb|GoodasGold|MakeItRain,ShadowBall,Protect,NastyPlot|Modest|||||50|]Grimmsnarl||LightClay|Prankster|LightScreen,Reflect,PartingShot,SpiritBreak|Sassy||M|||50|
|showteam|p2|Charizard||CharizarditeY|Blaze|HeatWave,WeatherBall,HelpingHand,Protect|Modest||M|||50|]Venusaur||LifeOrb|Chlorophyll|SludgeBomb,SolarBeam,EarthPower,Protect|Modest||F|||50|]Toxapex||Leftovers|Regenerator|Infestation,Toxic,WideGuard,BanefulBunker|Bold||F|||50|]Incineroar||SitrusBerry|Intimidate|FlareBlitz,ThroatChop,PartingShot,FakeOut|Impish||F|||50|]Annihilape||FocusSash|Defiant|PhantomForce,CloseCombat,RockTomb,Protect|Jolly||F|||50|]Garchomp||ChoiceScarf|RoughSkin|StompingTantrum,DragonClaw,Earthquake,RockSlide|Adamant||M|||50|
|inactive|Battle timer is ON: inactive players will automatically lose when time's up. (requested by chocokoala vgc)
|inactive|chocokoala vgc has 60 seconds left.
|inactive|AydenFinn12 has 60 seconds left.
|inactive|AydenFinn12 has 30 seconds left.
|
|t:|1784726901
|teamsize|p1|4
|teamsize|p2|4
|start
|switch|p1a: Aerodactyl|Aerodactyl, L50, M|100/100
|switch|p1b: Grimmsnarl|Grimmsnarl, L50, M|100/100
|switch|p2a: Charizard|Charizard, L50, M, shiny|100/100
|switch|p2b: Venusaur|Venusaur, L50, F, shiny|100/100
|-ability|p1a: Aerodactyl|Unnerve
|turn|1
|
|t:|1784726920
|detailschange|p2a: Charizard|Charizard-Mega-Y, L50, M, shiny
|-mega|p2a: Charizard|Charizard|Charizardite Y
|-weather|SunnyDay|[from] ability: Drought|[of] p2a: Charizard
|move|p2a: Charizard|Helping Hand|p2b: Venusaur
|-singleturn|p2b: Venusaur|Helping Hand|[of] p2a: Charizard
|move|p1a: Aerodactyl|Protect|p1a: Aerodactyl
|-singleturn|p1a: Aerodactyl|Protect
|move|p1b: Grimmsnarl|Light Screen|p1b: Grimmsnarl
|-sidestart|p1: chocokoala vgc|move: Light Screen
|move|p2b: Venusaur|Solar Beam||[still]
|-prepare|p2b: Venusaur|Solar Beam
|-anim|p2b: Venusaur|Solar Beam|p1a: Aerodactyl
|-activate|p1a: Aerodactyl|move: Protect
|
|-weather|SunnyDay|[upkeep]
|upkeep
|turn|2
|inactive|AydenFinn12 has 30 seconds left.
|
|t:|1784726946
|switch|p2a: Toxapex|Toxapex, L50, F, shiny|100/100
|detailschange|p1a: Aerodactyl|Aerodactyl-Mega, L50, M
|-mega|p1a: Aerodactyl|Aerodactyl|Aerodactylite
|move|p2b: Venusaur|Protect|p2b: Venusaur
|-singleturn|p2b: Venusaur|Protect
|move|p1b: Grimmsnarl|Parting Shot|p2b: Venusaur
|-activate|p2b: Venusaur|move: Protect
|move|p1a: Aerodactyl|Dual Wingbeat|p2b: Venusaur
|-activate|p2b: Venusaur|move: Protect
|
|-weather|SunnyDay|[upkeep]
|upkeep
|turn|3
|inactive|AydenFinn12 has 30 seconds left.
|inactive|AydenFinn12 has 20 seconds left.
|
|t:|1784726982
|switch|p2b: Charizard|Charizard-Mega-Y, L50, M, shiny|100/100
|move|p1b: Grimmsnarl|Parting Shot|p2b: Charizard
|-unboost|p2b: Charizard|atk|1
|-unboost|p2b: Charizard|spa|1
|
|t:|1784726989
|switch|p1b: Garchomp|Garchomp, L50, M|100/100|[from] Parting Shot
|move|p1a: Aerodactyl|Dual Wingbeat|p2b: Charizard
|-damage|p2b: Charizard|72/100
|-damage|p2b: Charizard|44/100
|-hitcount|p2b: Charizard|2
|move|p2a: Toxapex|Toxic|p1a: Aerodactyl
|-status|p1a: Aerodactyl|tox
|
|-weather|SunnyDay|[upkeep]
|-damage|p1a: Aerodactyl|94/100 tox|[from] psn
|upkeep
|turn|4
|inactive|AydenFinn12 has 30 seconds left.
|inactive|AydenFinn12 has 20 seconds left.
|inactive|AydenFinn12 has 15 seconds left.
|inactive|AydenFinn12 has 10 seconds left.
|inactive|AydenFinn12 has 5 seconds left.
|
|t:|1784727039
|move|p2b: Charizard|Protect|p2b: Charizard
|-singleturn|p2b: Charizard|Protect
|move|p1a: Aerodactyl|Dual Wingbeat|p2b: Charizard
|-activate|p2b: Charizard|move: Protect
|move|p1b: Garchomp|Earthquake|p2b: Charizard|[spread] p2a
|-activate|p2b: Charizard|move: Protect
|-immune|p1a: Aerodactyl
|-supereffective|p2a: Toxapex|1
|-damage|p2a: Toxapex|33/100
|move|p2a: Toxapex|Toxic|p1b: Garchomp
|-status|p1b: Garchomp|tox
|
|-weather|SunnyDay|[upkeep]
|-heal|p2a: Toxapex|39/100|[from] item: Leftovers
|-damage|p1a: Aerodactyl|82/100 tox|[from] psn
|-damage|p1b: Garchomp|94/100 tox|[from] psn
|upkeep
|turn|5
|
|t:|1784727059
|switch|p2b: Annihilape|Annihilape, L50, F, shiny|100/100
|-heal|p2a: Toxapex|72/100|[from] ability: Regenerator|[silent]
|switch|p2a: Venusaur|Venusaur, L50, F, shiny|100/100
|move|p1a: Aerodactyl|Dual Wingbeat|p2b: Annihilape
|-supereffective|p2b: Annihilape|1
|-damage|p2b: Annihilape|34/100
|-supereffective|p2b: Annihilape|1
|-damage|p2b: Annihilape|0 fnt
|faint|p2b: Annihilape
|-hitcount|p2: Annihilape|2
|move|p1b: Garchomp|Stomping Tantrum|p2a: Venusaur
|-damage|p2a: Venusaur|48/100
|
|-weather|none
|-damage|p1a: Aerodactyl|65/100 tox|[from] psn
|-damage|p1b: Garchomp|82/100 tox|[from] psn
|upkeep
|
|t:|1784727071
|switch|p2b: Charizard|Charizard-Mega-Y, L50, M, shiny|44/100
|-weather|SunnyDay|[from] ability: Drought|[of] p2b: Charizard
|turn|6
|inactive|AydenFinn12 has 30 seconds left.
|inactive|AydenFinn12 has 20 seconds left.
|inactive|AydenFinn12 has 15 seconds left.
|inactive|AydenFinn12 has 10 seconds left.
|
|t:|1784727121
|move|p2b: Charizard|Helping Hand|p2a: Venusaur
|-singleturn|p2a: Venusaur|Helping Hand|[of] p2b: Charizard
|move|p1a: Aerodactyl|Protect|p1a: Aerodactyl
|-singleturn|p1a: Aerodactyl|Protect
|move|p2a: Venusaur|Solar Beam||[still]
|-prepare|p2a: Venusaur|Solar Beam
|-anim|p2a: Venusaur|Solar Beam|p1b: Garchomp
|-damage|p1b: Garchomp|0 fnt
|faint|p1b: Garchomp
|-damage|p2a: Venusaur|38/100|[from] item: Life Orb
|
|-weather|SunnyDay|[upkeep]
|-damage|p1a: Aerodactyl|42/100 tox|[from] psn
|upkeep
|
|t:|1784727134
|switch|p1b: Grimmsnarl|Grimmsnarl, L50, M|100/100
|turn|7
|inactive|AydenFinn12 has 30 seconds left.
|inactive|AydenFinn12 has 20 seconds left.
|
|t:|1784727173
|move|p1b: Grimmsnarl|Parting Shot|p2a: Venusaur
|-unboost|p2a: Venusaur|atk|1
|-unboost|p2a: Venusaur|spa|1
|
|t:|1784727177
|switch|p1b: Gholdengo|Gholdengo, L50|100/100|[from] Parting Shot
|move|p2a: Venusaur|Solar Beam||[still]
|-prepare|p2a: Venusaur|Solar Beam
|-anim|p2a: Venusaur|Solar Beam|p1a: Aerodactyl
|-damage|p1a: Aerodactyl|4/100 tox
|-damage|p2a: Venusaur|29/100|[from] item: Life Orb
|move|p1a: Aerodactyl|Rock Slide|p2b: Charizard|[spread] p2a,p2b
|-supereffective|p2b: Charizard|2
|-damage|p2a: Venusaur|0 fnt
|-damage|p2b: Charizard|0 fnt
|faint|p2a: Venusaur
|faint|p2b: Charizard
|
|-weather|SunnyDay|[upkeep]
|-damage|p1a: Aerodactyl|0 fnt|[from] psn
|faint|p1a: Aerodactyl
|upkeep
|c|☆AydenFinn12|fuck me
|
|t:|1784727192
|switch|p1a: Grimmsnarl|Grimmsnarl, L50, M|100/100
|switch|p2b: Toxapex|Toxapex, L50, F, shiny|72/100
|turn|8
|inactive|AydenFinn12 has 30 seconds left.
|inactive|AydenFinn12 has 20 seconds left.
|inactive|AydenFinn12 has 15 seconds left.
|inactive|AydenFinn12 has 10 seconds left.
|
|t:|1784727241
|move|p1a: Grimmsnarl|Parting Shot|p2b: Toxapex
|-unboost|p2b: Toxapex|atk|1
|-unboost|p2b: Toxapex|spa|1
|move|p1b: Gholdengo|Nasty Plot|p1b: Gholdengo
|-boost|p1b: Gholdengo|spa|2
|move|p2b: Toxapex|Infestation|p1b: Gholdengo
|-resisted|p1b: Gholdengo|2
|-damage|p1b: Gholdengo|99/100
|-activate|p1b: Gholdengo|move: Infestation|[of] p2b: Toxapex
|
|-weather|SunnyDay|[upkeep]
|-heal|p2b: Toxapex|78/100|[from] item: Leftovers
|-damage|p1b: Gholdengo|86/100|[from] move: Infestation|[partiallytrapped]
|-sideend|p1: chocokoala vgc|move: Light Screen
|upkeep
|turn|9
|
|t:|1784727259
|move|p1a: Grimmsnarl|Reflect|p1a: Grimmsnarl
|-sidestart|p1: chocokoala vgc|Reflect
|move|p1b: Gholdengo|Nasty Plot|p1b: Gholdengo
|-boost|p1b: Gholdengo|spa|2
|move|p2b: Toxapex|Toxic|p1a: Grimmsnarl
|-status|p1a: Grimmsnarl|tox
|
|-weather|SunnyDay|[upkeep]
|-heal|p2b: Toxapex|84/100|[from] item: Leftovers
|-damage|p1a: Grimmsnarl|94/100 tox|[from] psn
|-damage|p1b: Gholdengo|74/100|[from] move: Infestation|[partiallytrapped]
|upkeep
|turn|10
|
|t:|1784727273
|move|p1a: Grimmsnarl|Parting Shot|p2b: Toxapex
|-unboost|p2b: Toxapex|atk|1
|-unboost|p2b: Toxapex|spa|1
|move|p1b: Gholdengo|Nasty Plot|p1b: Gholdengo
|-boost|p1b: Gholdengo|spa|2
|move|p2b: Toxapex|Infestation|p1a: Grimmsnarl
|-damage|p1a: Grimmsnarl|92/100 tox
|-activate|p1a: Grimmsnarl|move: Infestation|[of] p2b: Toxapex
|
|-weather|none
|-heal|p2b: Toxapex|89/100|[from] item: Leftovers
|-damage|p1a: Grimmsnarl|80/100 tox|[from] psn
|-damage|p1b: Gholdengo|62/100|[from] move: Infestation|[partiallytrapped]
|-damage|p1a: Grimmsnarl|68/100 tox|[from] move: Infestation|[partiallytrapped]
|upkeep
|turn|11
|
|t:|1784727283
|move|p2b: Toxapex|Baneful Bunker|p2b: Toxapex
|-singleturn|p2b: Toxapex|move: Protect
|move|p1b: Gholdengo|Shadow Ball|p2b: Toxapex
|-activate|p2b: Toxapex|move: Protect
|move|p1a: Grimmsnarl|Spirit Break|p2b: Toxapex
|-activate|p2b: Toxapex|move: Protect
|
|-heal|p2b: Toxapex|95/100|[from] item: Leftovers
|-damage|p1a: Grimmsnarl|50/100y tox|[from] psn
|-damage|p1b: Gholdengo|49/100|[from] move: Infestation|[partiallytrapped]
|-damage|p1a: Grimmsnarl|37/100 tox|[from] move: Infestation|[partiallytrapped]
|upkeep
|turn|12
|
|t:|1784727300
|move|p2b: Toxapex|Baneful Bunker||[still]
|-fail|p2b: Toxapex
|move|p1b: Gholdengo|Shadow Ball|p2b: Toxapex
|-damage|p2b: Toxapex|0 fnt
|faint|p2b: Toxapex
|-damage|p1b: Gholdengo|40/100|[from] item: Life Orb
|
|win|chocokoala vgc
