|j|☆note2610
|j|☆RegiSIXSEVEN
|html|note2610RegiSIXSEVEN    
|uhtml|bestof|Game 2 of a best-of-3
|t:|1784905879
|gametype|doubles
|player|p1|note2610|102|1122
|player|p2|RegiSIXSEVEN|steven|1185
|gen|9
|tier|[Gen 9 Champions] VGC 2026 Reg M-B (Bo3)
|rated|
|rule|Species Clause: Limit one of each Pokémon
|rule|Item Clause: Limit 1 of each item
|clearpoke
|poke|p1|Charizard, L50, F|
|poke|p1|Garchomp, L50, F|
|poke|p1|Kingambit, L50, M|
|poke|p1|Farigiraf, L50, M|
|poke|p1|Aerodactyl, L50, F|
|poke|p1|Sylveon, L50, M|
|poke|p2|Gengar, L50, F, shiny|
|poke|p2|Swampert, L50, F, shiny|
|poke|p2|Incineroar, L50, M, shiny|
|poke|p2|Politoed, L50, M, shiny|
|poke|p2|Archaludon, L50, F, shiny|
|poke|p2|Vivillon-Elegant, L50, M, shiny|
|teampreview|4
|showteam|p1|Charizard||CharizarditeY|Blaze|WeatherBall,HeatWave,Protect,SolarBeam|Modest||F|||50|]Garchomp||LifeOrb|RoughSkin|RockSlide,DragonClaw,Protect,Earthquake|Adamant||F|||50|]Kingambit||BlackGlasses|Defiant|KowtowCleave,SuckerPunch,Protect,LowKick|Adamant||M|||50|]Farigiraf||SitrusBerry|ArmorTail|TrickRoom,Psychic,Protect,HelpingHand|Sassy||M|||50|]Aerodactyl||Aerodactylite|Unnerve|RockSlide,IceFang,Tailwind,WideGuard|Jolly||F|||50|]Sylveon||FairyFeather|Pixilate|HyperVoice,HyperBeam,Detect,QuickAttack|Serious||M|||50|
|showteam|p2|Gengar||Gengarite|CursedBody|ShadowBall,SludgeBomb,PerishSong,Protect|Timid||F|||50|]Swampert||Swampertite|Damp|WaveCrash,Earthquake,IcePunch,Protect|Adamant||F|||50|]Incineroar||PasshoBerry|Intimidate|FakeOut,ThroatChop,PartingShot,Protect|Sassy||M|||50|]Politoed||SitrusBerry|Drizzle|HydroPump,Encore,PerishSong,Protect|Calm||M|||50|]Archaludon||Leftovers|Stamina|DragonPulse,FlashCannon,ElectroShot,Protect|Bold||F|||50|]Vivillon-Elegant||FocusSash|CompoundEyes|Hurricane,SleepPowder,RagePowder,Protect|Timid||M|||50|
|inactive|Battle timer is ON: inactive players will automatically lose when time's up. (requested by RegiSIXSEVEN)
|inactive|RegiSIXSEVEN has 60 seconds left.
|
|t:|1784905914
|teamsize|p1|4
|teamsize|p2|4
|start
|switch|p1a: Aerodactyl|Aerodactyl, L50, F|100/100
|switch|p1b: Sylveon|Sylveon, L50, M|100/100
|switch|p2a: Gengar|Gengar, L50, F, shiny|100/100
|switch|p2b: Politoed|Politoed, L50, M, shiny|100/100
|-ability|p1a: Aerodactyl|Unnerve
|-weather|RainDance|[from] ability: Drizzle|[of] p2b: Politoed
|turn|1
|inactive|note2610 has 30 seconds left.
|inactive|note2610 has 20 seconds left.
|inactive|note2610 has 15 seconds left.
|inactive|note2610 has 10 seconds left.
|inactive|note2610 has 5 seconds left.
|
|t:|1784905966
|detailschange|p1a: Aerodactyl|Aerodactyl-Mega, L50, F
|-mega|p1a: Aerodactyl|Aerodactyl|Aerodactylite
|detailschange|p2a: Gengar|Gengar-Mega, L50, F, shiny
|-mega|p2a: Gengar|Gengar|Gengarite
|move|p1a: Aerodactyl|Rock Slide|p2a: Gengar|[spread] p2a,p2b
|-damage|p2a: Gengar|65/100
|-damage|p2b: Politoed|72/100
|cant|p2a: Gengar|flinch
|move|p2b: Politoed|Hydro Pump|p1a: Aerodactyl
|-supereffective|p1a: Aerodactyl|1
|-damage|p1a: Aerodactyl|0 fnt
|faint|p1a: Aerodactyl
|move|p1b: Sylveon|Hyper Voice|p2b: Politoed|[spread] p2a,p2b
|-resisted|p2a: Gengar|1
|-damage|p2a: Gengar|41/100
|-damage|p2b: Politoed|40/100
|-enditem|p2b: Politoed|Sitrus Berry|[eat]
|-heal|p2b: Politoed|64/100|[from] item: Sitrus Berry
|
|-weather|RainDance|[upkeep]
|upkeep
|
|t:|1784905969
|switch|p1a: Garchomp|Garchomp, L50, F|100/100
|turn|2
|inactive|RegiSIXSEVEN has 30 seconds left.
|inactive|RegiSIXSEVEN has 20 seconds left.
|
|t:|1784906004
|switch|p2b: Incineroar|Incineroar, L50, M, shiny|100/100
|-ability|p2b: Incineroar|Intimidate|boost
|-unboost|p1a: Garchomp|atk|1
|-unboost|p1b: Sylveon|atk|1
|move|p2a: Gengar|Protect|p2a: Gengar
|-singleturn|p2a: Gengar|Protect
|move|p1b: Sylveon|Detect|p1b: Sylveon
|-singleturn|p1b: Sylveon|Protect
|move|p1a: Garchomp|Earthquake|p2a: Gengar|[spread] p2b
|-activate|p1b: Sylveon|move: Protect
|-activate|p2a: Gengar|move: Protect
|-supereffective|p2b: Incineroar|1
|-damage|p2b: Incineroar|36/100
|-damage|p1a: Garchomp|90/100|[from] item: Life Orb
|
|-weather|RainDance|[upkeep]
|upkeep
|turn|3
|inactive|note2610 has 30 seconds left.
|
|t:|1784906032
|move|p2b: Incineroar|Fake Out|p1a: Garchomp
|-damage|p1a: Garchomp|80/100
|-damage|p2b: Incineroar|24/100|[from] ability: Rough Skin|[of] p1a: Garchomp
|move|p2a: Gengar|Perish Song|p2a: Gengar
|-start|p1a: Garchomp|perish3|[silent]
|-start|p1b: Sylveon|perish3|[silent]
|-start|p2a: Gengar|perish3|[silent]
|-start|p2b: Incineroar|perish3|[silent]
|-fieldactivate|move: Perish Song
|cant|p1a: Garchomp|flinch
|move|p1b: Sylveon|Hyper Voice|p2b: Incineroar|[spread] p2a,p2b
|-resisted|p2a: Gengar|1
|-damage|p2a: Gengar|16/100
|-damage|p2b: Incineroar|0 fnt
|faint|p2b: Incineroar
|
|-weather|RainDance|[upkeep]
|-start|p2a: Gengar|perish3
|-start|p1a: Garchomp|perish3
|-start|p1b: Sylveon|perish3
|upkeep
|
|t:|1784906046
|switch|p2b: Politoed|Politoed, L50, M, shiny|64/100
|turn|4
|
|t:|1784906061
|move|p2a: Gengar|Protect|p2a: Gengar
|-singleturn|p2a: Gengar|Protect
|move|p2b: Politoed|Protect|p2b: Politoed
|-singleturn|p2b: Politoed|Protect
|move|p1a: Garchomp|Earthquake|p2b: Politoed|[spread] p1b
|-activate|p2a: Gengar|move: Protect
|-activate|p2b: Politoed|move: Protect
|-damage|p1b: Sylveon|57/100
|-damage|p1a: Garchomp|70/100|[from] item: Life Orb
|move|p1b: Sylveon|Hyper Beam|p2b: Politoed
|-activate|p2b: Politoed|move: Protect
|
|-weather|RainDance|[upkeep]
|-start|p2a: Gengar|perish2
|-start|p1a: Garchomp|perish2
|-start|p1b: Sylveon|perish2
|upkeep
|turn|5
|inactive|RegiSIXSEVEN has 30 seconds left.
|inactive|RegiSIXSEVEN has 20 seconds left.
|
|t:|1784906099
|move|p2a: Gengar|Sludge Bomb|p1b: Sylveon
|-supereffective|p1b: Sylveon|1
|-damage|p1b: Sylveon|0 fnt
|faint|p1b: Sylveon
|move|p1a: Garchomp|Earthquake|p2a: Gengar|[spread] p2a,p2b
|-supereffective|p2a: Gengar|1
|-damage|p2a: Gengar|0 fnt
|-damage|p2b: Politoed|30/100
|faint|p2a: Gengar
|-damage|p1a: Garchomp|60/100|[from] item: Life Orb
|move|p2b: Politoed|Hydro Pump|p1a: Garchomp
|-damage|p1a: Garchomp|6/100
|
|-weather|none
|-start|p1a: Garchomp|perish1
|upkeep
|
|t:|1784906111
|switch|p2a: Archaludon|Archaludon, L50, F, shiny|100/100
|switch|p1b: Kingambit|Kingambit, L50, M|100/100
|turn|6
|
|t:|1784906134
|move|p2a: Archaludon|Protect|p2a: Archaludon
|-singleturn|p2a: Archaludon|Protect
|move|p2b: Politoed|Protect|p2b: Politoed
|-singleturn|p2b: Politoed|Protect
|move|p1a: Garchomp|Rock Slide|p2b: Politoed|[spread] 
|-activate|p2a: Archaludon|move: Protect
|-activate|p2b: Politoed|move: Protect
|move|p1b: Kingambit|Kowtow Cleave|p2a: Archaludon
|-activate|p2a: Archaludon|move: Protect
|
|-start|p1a: Garchomp|perish0
|faint|p1a: Garchomp
|upkeep
|turn|7
|inactive|RegiSIXSEVEN has 30 seconds left.
|
|t:|1784906164
|move|p2a: Archaludon|Dragon Pulse|p1b: Kingambit
|-resisted|p1b: Kingambit|1
|-damage|p1b: Kingambit|83/100
|move|p2b: Politoed|Encore|p1b: Kingambit
|-start|p1b: Kingambit|Encore
|move|p1b: Kingambit|Kowtow Cleave|p2b: Politoed
|-damage|p2b: Politoed|0 fnt
|faint|p2b: Politoed
|
|upkeep
|turn|8
|
|t:|1784906171
|move|p2a: Archaludon|Dragon Pulse|p1b: Kingambit
|-resisted|p1b: Kingambit|1
|-damage|p1b: Kingambit|67/100
|move|p1b: Kingambit|Kowtow Cleave|p2a: Archaludon
|-damage|p2a: Archaludon|62/100
|-ability|p2a: Archaludon|Stamina|boost
|-boost|p2a: Archaludon|def|1
|
|-heal|p2a: Archaludon|69/100|[from] item: Leftovers
|upkeep
|turn|9
|
|t:|1784906177
|move|p2a: Archaludon|Protect|p2a: Archaludon
|-singleturn|p2a: Archaludon|Protect
|move|p1b: Kingambit|Kowtow Cleave|p2a: Archaludon
|-activate|p2a: Archaludon|move: Protect
|
|-heal|p2a: Archaludon|75/100|[from] item: Leftovers
|-end|p1b: Kingambit|Encore
|upkeep
|turn|10
|
|t:|1784906183
|move|p2a: Archaludon|Dragon Pulse|p1b: Kingambit
|-resisted|p1b: Kingambit|1
|-damage|p1b: Kingambit|49/100
|move|p1b: Kingambit|Low Kick|p2a: Archaludon
|-supereffective|p2a: Archaludon|1
|-damage|p2a: Archaludon|47/100
|-ability|p2a: Archaludon|Stamina|boost
|-boost|p2a: Archaludon|def|1
|
|-heal|p2a: Archaludon|53/100|[from] item: Leftovers
|upkeep
|turn|11
|
|t:|1784906191
|move|p2a: Archaludon|Protect|p2a: Archaludon
|-singleturn|p2a: Archaludon|Protect
|move|p1b: Kingambit|Low Kick|p2a: Archaludon
|-activate|p2a: Archaludon|move: Protect
|
|-heal|p2a: Archaludon|59/100|[from] item: Leftovers
|upkeep
|turn|12
|
|t:|1784906196
|move|p2a: Archaludon|Dragon Pulse|p1b: Kingambit
|-resisted|p1b: Kingambit|1
|-damage|p1b: Kingambit|30/100
|move|p1b: Kingambit|Low Kick|p2a: Archaludon
|-supereffective|p2a: Archaludon|1
|-damage|p2a: Archaludon|39/100
|-ability|p2a: Archaludon|Stamina|boost
|-boost|p2a: Archaludon|def|1
|
|-heal|p2a: Archaludon|45/100|[from] item: Leftovers
|upkeep
|turn|13
|
|t:|1784906209
|move|p2a: Archaludon|Protect|p2a: Archaludon
|-singleturn|p2a: Archaludon|Protect
|move|p1b: Kingambit|Low Kick|p2a: Archaludon
|-activate|p2a: Archaludon|move: Protect
|
|-heal|p2a: Archaludon|51/100|[from] item: Leftovers
|upkeep
|turn|14
|
|t:|1784906220
|move|p2a: Archaludon|Dragon Pulse|p1b: Kingambit
|-resisted|p1b: Kingambit|1
|-damage|p1b: Kingambit|13/100
|move|p1b: Kingambit|Kowtow Cleave|p2a: Archaludon
|-damage|p2a: Archaludon|36/100
|-ability|p2a: Archaludon|Stamina|boost
|-boost|p2a: Archaludon|def|1
|
|-heal|p2a: Archaludon|42/100|[from] item: Leftovers
|upkeep
|turn|15
|
|t:|1784906225
|move|p2a: Archaludon|Protect|p2a: Archaludon
|-singleturn|p2a: Archaludon|Protect
|move|p1b: Kingambit|Kowtow Cleave|p2a: Archaludon
|-activate|p2a: Archaludon|move: Protect
|
|-heal|p2a: Archaludon|48/100|[from] item: Leftovers
|upkeep
|turn|16
|inactive|note2610 has 30 seconds left.
|inactive|note2610 has 20 seconds left.
|inactive|note2610 has 15 seconds left.
|inactive|note2610 has 10 seconds left.
|inactive|note2610 has 5 seconds left.
|
|t:|1784906280
|move|p2a: Archaludon|Dragon Pulse|p1b: Kingambit
|-resisted|p1b: Kingambit|1
|-damage|p1b: Kingambit|0 fnt
|faint|p1b: Kingambit
|
|win|RegiSIXSEVEN
|raw|note2610's rating: 1122 → 1101(-21 for losing)
|raw|RegiSIXSEVEN's rating: 1185 → 1206(+21 for winning)
