|j|☆Refanner
|j|☆1#MiraidonHater
|html|Refanner1#MiraidonHater    
|uhtml|bestof|Game 1 of a best-of-3
|t:|1756197728
|gametype|doubles
|player|p1|Refanner|1|1031
|player|p2|1#MiraidonHater|n|1132
|gen|9
|tier|[Gen 9] VGC 2025 Reg H (Bo3)
|rated|
|rule|Species Clause: Limit one of each Pokémon
|rule|Item Clause: Limit 1 of each item
|clearpoke
|poke|p1|Ursaluna-Bloodmoon, L50, M|
|poke|p1|Amoonguss, L50, M|
|poke|p1|Farigiraf, L50, F|
|poke|p1|Dragapult, L50, F|
|poke|p1|Incineroar, L50, F|
|poke|p1|Talonflame, L50, F|
|poke|p2|Braviary-Hisui, L50, M|
|poke|p2|Incineroar, L50, M|
|poke|p2|Gholdengo, L50|
|poke|p2|Dragonite, L50, M|
|poke|p2|Primarina, L50, F|
|poke|p2|Rillaboom, L50, F|
|teampreview|4
|showteam|p1|Ursaluna-Bloodmoon||AssaultVest|MindsEye|EarthPower,HyperVoice,VacuumWave,BloodMoon|||M|||50|,,,,,Dragon]Amoonguss||SitrusBerry|Regenerator|PollenPuff,RagePowder,Protect,Spore|||M|||50|,,,,,Water]Farigiraf||ThroatSpray|ArmorTail|HyperVoice,Psychic,TrickRoom,Protect|||F|||50|,,,,,Fairy]Dragapult||ChoiceBand|ClearBody|DragonDarts,PhantomForce,Uturn,SuckerPunch|||F|||50|,,,,,Dragon]Incineroar||SafetyGoggles|Intimidate|KnockOff,FakeOut,PartingShot,WillOWisp|||F|||50|,,,,,Ghost]Talonflame||CovertCloak|GaleWings|DualWingbeat,FlareBlitz,Tailwind,Taunt|||F|||50|,,,,,Flying
|showteam|p2|Braviary-Hisui||ChoiceSpecs|TintedLens|DazzlingGleam,Snarl,EsperWing,HeatWave|||M|||50|,,,,,Fairy]Incineroar||SafetyGoggles|Intimidate|FakeOut,KnockOff,HelpingHand,PartingShot|||M|||50|,,,,,Ghost]Gholdengo||Leftovers|GoodasGold|MakeItRain,ShadowBall,NastyPlot,Protect||||||50|,,,,,Water]Dragonite||LoadedDice|Multiscale|Protect,ScaleShot,Tailwind,Haze|||M|||50|,,,,,Fairy]Primarina||ThroatSpray|LiquidVoice|HyperVoice,Moonblast,IcyWind,Protect|||F|||50|,,,,,Poison]Rillaboom||AssaultVest|GrassySurge|WoodHammer,GrassyGlide,FakeOut,Uturn|||F|||50|,,,,,Fire
|inactive|Battle timer is ON: inactive players will automatically lose when time's up. (requested by 1#MiraidonHater)
|inactive|Refanner has 60 seconds left.
|
|t:|1756197788
|teamsize|p1|4
|teamsize|p2|4
|start
|switch|p1a: Incineroar|Incineroar, L50, F|100/100
|switch|p1b: Farigiraf|Farigiraf, L50, F|100/100
|switch|p2a: Braviary|Braviary-Hisui, L50, M|100/100
|switch|p2b: Dragonite|Dragonite, L50, M|100/100
|-ability|p1a: Incineroar|Intimidate|boost
|-unboost|p2a: Braviary|atk|1
|-unboost|p2b: Dragonite|atk|1
|turn|1
|inactive|Refanner has 30 seconds left.
|inactive|1#MiraidonHater has 30 seconds left.
|
|t:|1756197818
|move|p2b: Dragonite|Protect|p2b: Dragonite
|-singleturn|p2b: Dragonite|Protect
|move|p1a: Incineroar|Fake Out|p2b: Dragonite
|-activate|p2b: Dragonite|move: Protect
|move|p2a: Braviary|Snarl|p1a: Incineroar|[spread] p1a,p1b
|-resisted|p1a: Incineroar
|-supereffective|p1b: Farigiraf
|-damage|p1a: Incineroar|80/100
|-damage|p1b: Farigiraf|63/100
|-unboost|p1a: Incineroar|spa|1
|-unboost|p1b: Farigiraf|spa|1
|move|p1b: Farigiraf|Trick Room|p1b: Farigiraf
|-fieldstart|move: Trick Room|[of] p1b: Farigiraf
|
|upkeep
|turn|2
|inactive|Refanner has 30 seconds left.
|inactive|1#MiraidonHater has 30 seconds left.
|
|t:|1756197856
|-terastallize|p2a: Braviary|Fairy
|move|p1b: Farigiraf|Hyper Voice|p2a: Braviary|[spread] p2a,p2b
|-damage|p2a: Braviary|75/100
|-damage|p2b: Dragonite|90/100
|-enditem|p1b: Farigiraf|Throat Spray
|-boost|p1b: Farigiraf|spa|1|[from] item: Throat Spray
|move|p1a: Incineroar|Parting Shot|p2a: Braviary
|-unboost|p2a: Braviary|atk|1
|-unboost|p2a: Braviary|spa|1
|
|t:|1756197870
|switch|p1a: Amoonguss|Amoonguss, L50, M|100/100|[from] Parting Shot
|move|p2a: Braviary|Snarl|p1a: Amoonguss|[spread] p1a,p1b
|-supereffective|p1b: Farigiraf
|-damage|p1a: Amoonguss|88/100
|-damage|p1b: Farigiraf|39/100
|-unboost|p1a: Amoonguss|spa|1
|-unboost|p1b: Farigiraf|spa|1
|move|p2b: Dragonite|Scale Shot|p1a: Amoonguss
|-damage|p1a: Amoonguss|80/100
|-damage|p1a: Amoonguss|72/100
|-damage|p1a: Amoonguss|63/100
|-damage|p1a: Amoonguss|54/100
|-hitcount|p1a: Amoonguss|4
|-unboost|p2b: Dragonite|def|1
|-boost|p2b: Dragonite|spe|1
|
|upkeep
|turn|3
|
|t:|1756197889
|switch|p1b: Ursaluna|Ursaluna-Bloodmoon, L50, M|100/100
|switch|p2a: Incineroar|Incineroar, L50, M|100/100
|-ability|p2a: Incineroar|Intimidate|boost
|-unboost|p1a: Amoonguss|atk|1
|-unboost|p1b: Ursaluna|atk|1
|move|p2b: Dragonite|Protect|p2b: Dragonite
|-singleturn|p2b: Dragonite|Protect
|move|p1a: Amoonguss|Spore|p2a: Incineroar
|-activate|p2a: Incineroar|item: Safety Goggles|Spore
|
|upkeep
|turn|4
|inactive|Refanner has 30 seconds left.
|inactive|1#MiraidonHater has 30 seconds left.
|
|t:|1756197924
|switch|p1a: Farigiraf|Farigiraf, L50, F|39/100
|move|p1b: Ursaluna|Hyper Voice|p2a: Incineroar|[spread] p2a,p2b
|-damage|p2a: Incineroar|70/100
|-damage|p2b: Dragonite|50/100
|move|p2a: Incineroar|Knock Off|p1a: Farigiraf
|-supereffective|p1a: Farigiraf
|-damage|p1a: Farigiraf|0 fnt
|faint|p1a: Farigiraf
|move|p2b: Dragonite|Scale Shot|p1b: Ursaluna
|-damage|p1b: Ursaluna|93/100
|-damage|p1b: Ursaluna|86/100
|-damage|p1b: Ursaluna|78/100
|-damage|p1b: Ursaluna|70/100
|-hitcount|p1b: Ursaluna|4
|-unboost|p2b: Dragonite|def|1
|-boost|p2b: Dragonite|spe|1
|
|upkeep
|
|t:|1756197939
|switch|p1a: Incineroar|Incineroar, L50, F|80/100
|-ability|p1a: Incineroar|Intimidate|boost
|-unboost|p2a: Incineroar|atk|1
|-unboost|p2b: Dragonite|atk|1
|turn|5
|
|t:|1756197962
|move|p2b: Dragonite|Protect|p2b: Dragonite
|-singleturn|p2b: Dragonite|Protect
|move|p1b: Ursaluna|Earth Power|p2a: Incineroar
|-supereffective|p2a: Incineroar
|-damage|p2a: Incineroar|0 fnt
|faint|p2a: Incineroar
|move|p1a: Incineroar|Parting Shot|p2b: Dragonite
|-activate|p2b: Dragonite|move: Protect
|
|-fieldend|move: Trick Room
|upkeep
|
|t:|1756197977
|switch|p2a: Braviary|Braviary-Hisui, L50, M, tera:Fairy|75/100
|turn|6
|
|t:|1756198000
|move|p2b: Dragonite|Scale Shot|p1b: Ursaluna
|-damage|p1b: Ursaluna|65/100
|-damage|p1b: Ursaluna|59/100
|-damage|p1b: Ursaluna|52/100
|-damage|p1b: Ursaluna|46/100
|-hitcount|p1b: Ursaluna|4
|-unboost|p2b: Dragonite|def|1
|-boost|p2b: Dragonite|spe|1
|move|p2a: Braviary|Dazzling Gleam|p1a: Incineroar|[spread] p1a,p1b
|-damage|p1a: Incineroar|39/100
|-damage|p1b: Ursaluna|8/100
|move|p1a: Incineroar|Parting Shot|p2a: Braviary
|-unboost|p2a: Braviary|atk|1
|-unboost|p2a: Braviary|spa|1
|
|t:|1756198005
|switch|p1a: Amoonguss|Amoonguss, L50, M|87/100|[from] Parting Shot
|move|p1b: Ursaluna|Blood Moon|p2a: Braviary
|-damage|p2a: Braviary|0 fnt
|faint|p2a: Braviary
|
|upkeep
|
|t:|1756198020
|switch|p2a: Gholdengo|Gholdengo, L50|100/100
|turn|7
|
|t:|1756198040
|move|p1a: Amoonguss|Rage Powder|p1a: Amoonguss
|-singleturn|p1a: Amoonguss|move: Rage Powder
|move|p2b: Dragonite|Scale Shot|p1a: Amoonguss
|-damage|p1a: Amoonguss|81/100
|-damage|p1a: Amoonguss|74/100
|-damage|p1a: Amoonguss|68/100
|-damage|p1a: Amoonguss|62/100
|-hitcount|p1a: Amoonguss|4
|-unboost|p2b: Dragonite|def|1
|-boost|p2b: Dragonite|spe|1
|move|p2a: Gholdengo|Nasty Plot|p2a: Gholdengo
|-boost|p2a: Gholdengo|spa|2
|move|p1b: Ursaluna|Earth Power|p2a: Gholdengo
|-supereffective|p2a: Gholdengo
|-damage|p2a: Gholdengo|0 fnt
|faint|p2a: Gholdengo
|
|upkeep
|turn|8
|-message|1#MiraidonHater forfeited.
|raw|Refanner's rating: 1031 → 1076(+45 for winning)
|raw|1#MiraidonHater's rating: 1132 → 1100(-32 for losing)
|
|win|Refanner
|l|☆1#MiraidonHater
|player|p2|
