|j|☆Chochito Pelao
|j|☆cjvaldez
|html|Chochito Pelaocjvaldez    
|uhtml|bestof|Game 2 of a best-of-3
|t:|1785179652
|gametype|doubles
|player|p1|Chochito Pelao|striker|1206
|player|p2|cjvaldez|aaron|1090
|gen|9
|tier|[Gen 9 Champions] VGC 2026 Reg M-B (Bo3)
|rated|
|rule|Species Clause: Limit one of each Pokémon
|rule|Item Clause: Limit 1 of each item
|clearpoke
|poke|p1|Tyranitar, L50, F|
|poke|p1|Excadrill, L50, F|
|poke|p1|Milotic, L50, M|
|poke|p1|Sinistcha, L50|
|poke|p1|Staraptor, L50, F|
|poke|p1|Gholdengo, L50|
|poke|p2|Pelipper, L50, F|
|poke|p2|Archaludon, L50, F|
|poke|p2|Sableye, L50, M|
|poke|p2|Swampert, L50, F|
|poke|p2|Tsareena, L50, F|
|poke|p2|Hydreigon, L50, M|
|teampreview|4
|showteam|p1|Tyranitar||Tyranitarite|SandStream|KnockOff,RockSlide,HighHorsepower,Protect|Jolly||F|||50|]Excadrill||FocusSash|SandRush|Earthquake,IronHead,RockSlide,Protect|Adamant||F|||50|]Milotic||SitrusBerry|Competitive|Scald,IcyWind,Haze,Protect|Calm||M|||50|]Sinistcha||ColburBerry|Hospitality|MatchaGotcha,ShadowBall,Protect,RagePowder|Bold|||||50|]Staraptor||Staraptite|Intimidate|CloseCombat,BraveBird,Tailwind,Protect|Jolly||F|||50|]Gholdengo||LifeOrb|GoodasGold|MakeItRain,ShadowBall,NastyPlot,Protect|Modest|||||50|
|showteam|p2|Pelipper||DampRock|Drizzle|Hurricane,WeatherBall,Protect,Tailwind|Quiet||F|||50|]Archaludon||SitrusBerry|Stamina|ElectroShot,FlashCannon,Protect,Roar|Modest||F|||50|]Sableye||BlackGlasses|Prankster|RainDance,Encore,Quash,FoulPlay|Sassy||M|||50|]Swampert||Swampertite|Torrent|WaveCrash,Protect,IcePunch,Earthquake|Adamant||F|||50|]Tsareena||WideLens|QueenlyMajesty|HighJumpKick,PowerWhip,TripleAxel,Uturn|Adamant||F|||50|]Hydreigon||FocusSash|Levitate|Protect,DarkPulse,DracoMeteor,FlashCannon|Modest||M|||50|
|inactive|Battle timer is ON: inactive players will automatically lose when time's up. (requested by cjvaldez)
|inactive|cjvaldez has 60 seconds left.
|
|t:|1785179690
|teamsize|p1|4
|teamsize|p2|4
|start
|switch|p1a: Staraptor|Staraptor, L50, F|100/100
|switch|p1b: Gholdengo|Gholdengo, L50|100/100
|switch|p2a: Sableye|Sableye, L50, M|100/100
|switch|p2b: Swampert|Swampert, L50, F|100/100
|-ability|p1a: Staraptor|Intimidate|boost
|-unboost|p2a: Sableye|atk|1
|-unboost|p2b: Swampert|atk|1
|turn|1
|
|t:|1785179707
|detailschange|p2b: Swampert|Swampert-Mega, L50, F
|-mega|p2b: Swampert|Swampert|Swampertite
|move|p1a: Staraptor|Protect|p1a: Staraptor
|-singleturn|p1a: Staraptor|Protect
|move|p2a: Sableye|Rain Dance|p2a: Sableye
|-weather|RainDance
|move|p2b: Swampert|Wave Crash|p1a: Staraptor
|-activate|p1a: Staraptor|move: Protect
|move|p1b: Gholdengo|Nasty Plot|p1b: Gholdengo
|-boost|p1b: Gholdengo|spa|2
|
|-weather|RainDance|[upkeep]
|upkeep
|turn|2
|
|t:|1785179729
|switch|p1a: Tyranitar|Tyranitar, L50, F|100/100
|-weather|Sandstorm|[from] ability: Sand Stream|[of] p1a: Tyranitar
|move|p2a: Sableye|Rain Dance|p2a: Sableye
|-weather|RainDance
|move|p2b: Swampert|Wave Crash|p1b: Gholdengo
|-damage|p1b: Gholdengo|34/100
|-damage|p2b: Swampert|76/100|[from] Recoil
|move|p1b: Gholdengo|Shadow Ball|p2b: Swampert
|-damage|p2b: Swampert|0 fnt
|faint|p2b: Swampert
|-damage|p1b: Gholdengo|24/100|[from] item: Life Orb
|
|-weather|RainDance|[upkeep]
|upkeep
|c|☆cjvaldez|dang
|c|☆cjvaldez|its just that bulky
|c|☆cjvaldez|i guess also intimidate
|inactive|cjvaldez has 30 seconds left.
|
|t:|1785179762
|switch|p2b: Hydreigon|Hydreigon, L50, M|100/100
|turn|3
|inactive|cjvaldez has 30 seconds left.
|inactive|cjvaldez has 20 seconds left.
|inactive|Chochito Pelao has 30 seconds left.
|
|t:|1785179806
|move|p1b: Gholdengo|Protect|p1b: Gholdengo
|-singleturn|p1b: Gholdengo|Protect
|move|p2b: Hydreigon|Dark Pulse|p1b: Gholdengo
|-activate|p1b: Gholdengo|move: Protect
|move|p1a: Tyranitar|Rock Slide|p2a: Sableye|[spread] p2a,p2b
|-damage|p2a: Sableye|63/100
|-damage|p2b: Hydreigon|66/100
|move|p2a: Sableye|Foul Play|p1a: Tyranitar
|-resisted|p1a: Tyranitar|1
|-damage|p1a: Tyranitar|75/100
|
|-weather|RainDance|[upkeep]
|upkeep
|turn|4
|
|t:|1785179828
|move|p2b: Hydreigon|Dark Pulse|p1b: Gholdengo
|-supereffective|p1b: Gholdengo|1
|-damage|p1b: Gholdengo|0 fnt
|faint|p1b: Gholdengo
|move|p1a: Tyranitar|Rock Slide|p2b: Hydreigon|[spread] p2a,p2b
|-damage|p2a: Sableye|26/100
|-damage|p2b: Hydreigon|36/100
|move|p2a: Sableye|Foul Play|p1a: Tyranitar
|-resisted|p1a: Tyranitar|1
|-damage|p1a: Tyranitar|52/100
|
|-weather|RainDance|[upkeep]
|upkeep
|
|t:|1785179837
|switch|p1b: Sinistcha|Sinistcha, L50|100/100
|-heal|p1a: Tyranitar|77/100|[from] ability: Hospitality|[of] p1b: Sinistcha
|turn|5
|inactive|cjvaldez has 30 seconds left.
|
|t:|1785179866
|move|p1b: Sinistcha|Protect|p1b: Sinistcha
|-singleturn|p1b: Sinistcha|Protect
|move|p2b: Hydreigon|Dark Pulse|p1b: Sinistcha
|-activate|p1b: Sinistcha|move: Protect
|move|p1a: Tyranitar|Rock Slide|p2b: Hydreigon|[spread] p2a,p2b
|-damage|p2a: Sableye|0 fnt
|-damage|p2b: Hydreigon|5/100
|faint|p2a: Sableye
|
|-weather|RainDance|[upkeep]
|upkeep
|
|t:|1785179868
|switch|p2a: Pelipper|Pelipper, L50, F|100/100
|turn|6
|inactive|Chochito Pelao has 30 seconds left.
|
|t:|1785179897
|detailschange|p1a: Tyranitar|Tyranitar-Mega, L50, F
|-mega|p1a: Tyranitar|Tyranitar|Tyranitarite
|-weather|Sandstorm|[from] ability: Sand Stream|[of] p1a: Tyranitar
|move|p2b: Hydreigon|Dark Pulse|p1b: Sinistcha
|-supereffective|p1b: Sinistcha|1
|-enditem|p1b: Sinistcha|Colbur Berry|[eat]
|-enditem|p1b: Sinistcha|Colbur Berry|[weaken]
|-damage|p1b: Sinistcha|53/100
|move|p1a: Tyranitar|Rock Slide|p2a: Pelipper|[spread] p2a,p2b
|-supereffective|p2a: Pelipper|1
|-damage|p2a: Pelipper|32/100
|-damage|p2b: Hydreigon|0 fnt
|faint|p2b: Hydreigon
|move|p1b: Sinistcha|Matcha Gotcha|p2a: Pelipper
|-damage|p2a: Pelipper|0 fnt
|-heal|p1b: Sinistcha|66/100|[from] drain|[of] p2a: Pelipper
|faint|p2a: Pelipper
|
|win|Chochito Pelao
