|j|☆bholzmark129
|j|☆Hashiwa
|html|bholzmark129Hashiwa    
|uhtml|bestof|Game 1 of a best-of-3
|t:|1782243211
|gametype|doubles
|player|p1|bholzmark129|li|
|player|p2|Hashiwa|swimmerf-gen4dp|
|gen|9
|tier|[Gen 9 Champions] VGC 2026 Reg M-B (Bo3)
|rule|Species Clause: Limit one of each Pokémon
|rule|Item Clause: Limit 1 of each item
|clearpoke
|poke|p1|Swampert, L50, M|
|poke|p1|Pelipper, L50, F|
|poke|p1|Archaludon, L50, F|
|poke|p1|Metagross, L50|
|poke|p1|Grimmsnarl, L50, M|
|poke|p1|Sinistcha-Masterpiece, L50|
|poke|p2|Metagross, L50|
|poke|p2|Zoroark-Hisui, L50, M|
|poke|p2|Kingambit, L50, M|
|poke|p2|Raichu, L50, F|
|poke|p2|Incineroar, L50, M|
|poke|p2|Grimmsnarl, L50, M|
|teampreview|4
|showteam|p1|Swampert||Swampertite|Damp|WaveCrash,Protect,Earthquake,IcePunch|Adamant||M|||50|]Pelipper||DampRock|Drizzle|WeatherBall,Tailwind,Hurricane,WideGuard|Modest||F|||50|]Archaludon||LifeOrb|Stamina|ElectroShot,FlashCannon,Protect,DracoMeteor|Modest||F|||50|]Metagross||Metagrossite|ClearBody|Protect,PsychicFangs,RockTomb,IronHead|Adamant|||||50|]Grimmsnarl||LightClay|Prankster|PartingShot,LightScreen,FakeOut,FoulPlay|Careful||M|||50|]Sinistcha-Masterpiece||SitrusBerry|Hospitality|RagePowder,MatchaGotcha,LifeDew,StrengthSap|Bold|||||50|
|showteam|p2|Metagross||Metagrossite|ClearBody|PsychicFangs,IronHead,BulletPunch,Protect|Jolly|||||50|]Zoroark-Hisui||ChoiceScarf|Illusion|Psychic,HyperVoice,IcyWind,BitterMalice|Timid||M|||50|]Kingambit||ChopleBerry|Defiant|SuckerPunch,KowtowCleave,IronHead,Protect|Adamant||M|||50|]Raichu||RaichuniteY|LightningRod|FakeOut,Protect,ZapCannon,FocusBlast|Timid||F|||50|]Incineroar||SitrusBerry|Intimidate|FakeOut,PartingShot,FlareBlitz,Taunt|Timid||M|||50|]Grimmsnarl||LightClay|Prankster|LightScreen,PartingShot,Taunt,SpiritBreak|Careful||M|||50|
|
|t:|1782243276
|teamsize|p1|4
|teamsize|p2|4
|start
|switch|p1a: Swampert|Swampert, L50, M|100/100
|switch|p1b: Grimmsnarl|Grimmsnarl, L50, M|100/100
|switch|p2a: Raichu|Raichu, L50, F|100/100
|switch|p2b: Incineroar|Incineroar, L50, M|100/100
|-ability|p2b: Incineroar|Intimidate|boost
|-unboost|p1a: Swampert|atk|1
|-unboost|p1b: Grimmsnarl|atk|1
|turn|1
|
|t:|1782243312
|switch|p1a: Sinistcha|Sinistcha-Masterpiece, L50|100/100
|detailschange|p2a: Raichu|Raichu-Mega-Y, L50, F
|-mega|p2a: Raichu|Raichu|Raichunite Y
|move|p2a: Raichu|Fake Out|p1b: Grimmsnarl
|-crit|p1b: Grimmsnarl
|-damage|p1b: Grimmsnarl|86/100
|move|p2b: Incineroar|Fake Out|p1a: Sinistcha
|-immune|p1a: Sinistcha
|cant|p1b: Grimmsnarl|flinch
|
|upkeep
|turn|2
|
|t:|1782243342
|switch|p1a: Swampert|Swampert, L50, M|100/100
|move|p1b: Grimmsnarl|Parting Shot|p2a: Raichu
|-unboost|p2a: Raichu|atk|1
|-unboost|p2a: Raichu|spa|1
|
|t:|1782243347
|switch|p1b: Pelipper|Pelipper, L50, F|100/100|[from] Parting Shot
|-weather|RainDance|[from] ability: Drizzle|[of] p1b: Pelipper
|move|p2a: Raichu|Zap Cannon|p1b: Pelipper
|-supereffective|p1b: Pelipper|2
|-damage|p1b: Pelipper|0 fnt
|faint|p1b: Pelipper
|move|p2b: Incineroar|Flare Blitz|p1a: Swampert
|-resisted|p1a: Swampert|1
|-crit|p1a: Swampert
|-damage|p1a: Swampert|83/100
|-damage|p2b: Incineroar|95/100|[from] Recoil
|
|-weather|RainDance|[upkeep]
|upkeep
|
|t:|1782243366
|switch|p1b: Sinistcha|Sinistcha-Masterpiece, L50|100/100
|-heal|p1a: Swampert|100/100|[from] ability: Hospitality|[of] p1b: Sinistcha
|turn|3
|
|t:|1782243413
|switch|p2a: Kingambit|Kingambit, L50, M|100/100
|detailschange|p1a: Swampert|Swampert-Mega, L50, M
|-mega|p1a: Swampert|Swampert|Swampertite
|move|p1a: Swampert|Earthquake|p2a: Kingambit|[spread] p1b,p2a,p2b
|-resisted|p1b: Sinistcha|1
|-supereffective|p2b: Incineroar|1
|-damage|p1b: Sinistcha|84/100
|-damage|p2a: Kingambit|0 fnt
|-damage|p2b: Incineroar|17/100
|replace|p2a: Zoroark|Zoroark-Hisui, L50, M
|-end|p2a: Zoroark|Illusion
|-enditem|p2b: Incineroar|Sitrus Berry|[eat]
|-heal|p2b: Incineroar|42/100|[from] item: Sitrus Berry
|faint|p2a: Zoroark
|move|p1b: Sinistcha|Life Dew||[still]|[spread] p1a,p1b
|-fail|p1a: Swampert|heal
|-heal|p1b: Sinistcha|100/100
|move|p2b: Incineroar|Parting Shot|p1a: Swampert
|-unboost|p1a: Swampert|atk|1
|-unboost|p1a: Swampert|spa|1
|
|t:|1782243430
|switch|p2b: Kingambit|Kingambit, L50, M|100/100|[from] Parting Shot
|
|-weather|RainDance|[upkeep]
|upkeep
|
|t:|1782243434
|switch|p2a: Incineroar|Incineroar, L50, M|42/100
|-ability|p2a: Incineroar|Intimidate|boost
|-unboost|p1a: Swampert|atk|1
|-unboost|p1b: Sinistcha|atk|1
|turn|4
|
|t:|1782243461
|move|p1a: Swampert|Protect|p1a: Swampert
|-singleturn|p1a: Swampert|Protect
|move|p2b: Kingambit|Sucker Punch||[still]
|-fail|p2b: Kingambit
|move|p1b: Sinistcha|Strength Sap|p2b: Kingambit
|-unboost|p2b: Kingambit|atk|1
|-ability|p2b: Kingambit|Defiant|boost
|-boost|p2b: Kingambit|atk|2
|move|p2a: Incineroar|Parting Shot|p1a: Swampert
|-activate|p1a: Swampert|move: Protect
|
|-weather|RainDance|[upkeep]
|upkeep
|turn|5
|
|t:|1782243480
|switch|p1b: Grimmsnarl|Grimmsnarl, L50, M|86/100
|move|p2b: Kingambit|Sucker Punch|p1a: Swampert
|-damage|p1a: Swampert|46/100
|move|p1a: Swampert|Earthquake|p2b: Kingambit|[spread] p1b,p2a,p2b
|-supereffective|p2a: Incineroar|1
|-supereffective|p2b: Kingambit|1
|-damage|p1b: Grimmsnarl|60/100
|-damage|p2a: Incineroar|1/100
|-damage|p2b: Kingambit|62/100
|move|p2a: Incineroar|Parting Shot|p1a: Swampert
|-unboost|p1a: Swampert|atk|1
|-unboost|p1a: Swampert|spa|1
|
|t:|1782243490
|switch|p2a: Raichu|Raichu-Mega-Y, L50, F|100/100|[from] Parting Shot
|
|-weather|RainDance|[upkeep]
|upkeep
|turn|6
|
|t:|1782243520
|move|p1a: Swampert|Protect|p1a: Swampert
|-singleturn|p1a: Swampert|Protect
|move|p2a: Raichu|Fake Out|p1a: Swampert
|-activate|p1a: Swampert|move: Protect
|move|p1b: Grimmsnarl|Parting Shot|p2a: Raichu
|-unboost|p2a: Raichu|atk|1
|-unboost|p2a: Raichu|spa|1
|
|t:|1782243526
|switch|p1b: Sinistcha|Sinistcha-Masterpiece, L50|100/100|[from] Parting Shot
|-heal|p1a: Swampert|71/100|[from] ability: Hospitality|[of] p1b: Sinistcha
|move|p2b: Kingambit|Kowtow Cleave|p1a: Swampert
|-activate|p1a: Swampert|move: Protect
|
|-weather|RainDance|[upkeep]
|upkeep
|turn|7
|
|t:|1782243547
|switch|p1a: Grimmsnarl|Grimmsnarl, L50, M|60/100
|switch|p2a: Incineroar|Incineroar, L50, M|1/100
|-ability|p2a: Incineroar|Intimidate|boost
|-unboost|p1a: Grimmsnarl|atk|1
|-unboost|p1b: Sinistcha|atk|1
|move|p2b: Kingambit|Sucker Punch||[still]
|-fail|p2b: Kingambit
|move|p1b: Sinistcha|Matcha Gotcha|p2a: Incineroar|[spread] p2a
|-miss|p1b: Sinistcha|p2b: Kingambit
|-resisted|p2a: Incineroar|1
|-damage|p2a: Incineroar|0 fnt
|faint|p2a: Incineroar
|
|-weather|RainDance|[upkeep]
|upkeep
|
|t:|1782243557
|switch|p2a: Raichu|Raichu-Mega-Y, L50, F|100/100
|turn|8
|
|t:|1782243567
|move|p1a: Grimmsnarl|Fake Out|p2a: Raichu
|-damage|p2a: Raichu|85/100
|cant|p2a: Raichu|flinch
|move|p1b: Sinistcha|Matcha Gotcha|p2a: Raichu|[spread] p2a,p2b
|-resisted|p2b: Kingambit|1
|-damage|p2a: Raichu|48/100
|-damage|p2b: Kingambit|49/100
|move|p2b: Kingambit|Kowtow Cleave|p1b: Sinistcha
|-supereffective|p1b: Sinistcha|1
|-damage|p1b: Sinistcha|1/100
|-enditem|p1b: Sinistcha|Sitrus Berry|[eat]
|-heal|p1b: Sinistcha|25/100|[from] item: Sitrus Berry
|
|-weather|RainDance|[upkeep]
|upkeep
|turn|9
|
|t:|1782243606
|move|p2a: Raichu|Protect|p2a: Raichu
|-singleturn|p2a: Raichu|Protect
|move|p1b: Sinistcha|Rage Powder|p1b: Sinistcha
|-singleturn|p1b: Sinistcha|move: Rage Powder
|move|p1a: Grimmsnarl|Foul Play|p2b: Kingambit
|-resisted|p2b: Kingambit|1
|-damage|p2b: Kingambit|17/100
|move|p2b: Kingambit|Kowtow Cleave|p1b: Sinistcha
|-supereffective|p1b: Sinistcha|1
|-damage|p1b: Sinistcha|0 fnt
|faint|p1b: Sinistcha
|
|-weather|none
|upkeep
|
|t:|1782243616
|switch|p1b: Swampert|Swampert-Mega, L50, M|71/100
|turn|10
|
|t:|1782243647
|move|p1a: Grimmsnarl|Light Screen|p1a: Grimmsnarl
|-sidestart|p1: bholzmark129|move: Light Screen
|move|p2a: Raichu|Focus Blast|p1b: Swampert
|-crit|p1b: Swampert
|-damage|p1b: Swampert|6/100
|move|p1b: Swampert|Earthquake|p2a: Raichu|[spread] p1a,p2a,p2b
|-supereffective|p2a: Raichu|1
|-supereffective|p2b: Kingambit|1
|-damage|p1a: Grimmsnarl|14/100
|-damage|p2a: Raichu|0 fnt
|-damage|p2b: Kingambit|0 fnt
|faint|p2a: Raichu
|faint|p2b: Kingambit
|
|win|bholzmark129
||Hashiwa is ready for game 2.
|inactive|bholzmark129 has 30 seconds to confirm battle start!
||bholzmark129 is ready for game 2.
|uhtml|next|Next: Game 2 of 3
|l|☆Hashiwa
|player|p2|
