|j|☆Volanr
|j|☆laufey#1fan
|html|Volanrlaufey#1fan    
|uhtml|bestof|Game 2 of a best-of-3
|t:|1756085075
|gametype|doubles
|player|p1|Volanr|veteranf|1227
|player|p2|laufey#1fan|lady|1216
|gen|9
|tier|[Gen 9] VGC 2025 Reg H (Bo3)
|rated|
|rule|Species Clause: Limit one of each Pokémon
|rule|Item Clause: Limit 1 of each item
|clearpoke
|poke|p1|Archaludon, L50, F|
|poke|p1|Sinistcha-Masterpiece, L50|
|poke|p1|Dragonite, L50, F|
|poke|p1|Pelipper, L50, M|
|poke|p1|Ursaluna, L50, M|
|poke|p1|Gholdengo, L50|
|poke|p2|Rillaboom, L50, F|
|poke|p2|Ninetales-Alola, L50, M|
|poke|p2|Gholdengo, L50|
|poke|p2|Dragonite, L50, M|
|poke|p2|Annihilape, L50, F|
|poke|p2|Dondozo, L50, F|
|teampreview|4
|showteam|p1|Archaludon||AssaultVest|Stamina|BodyPress,Snarl,ElectroShot,FlashCannon|||F|||50|,,,,,Grass]Sinistcha-Masterpiece||SitrusBerry|Hospitality|MatchaGotcha,RagePowder,TrickRoom,LifeDew||||||50|,,,,,Dark]Dragonite||LoadedDice|Multiscale|ScaleShot,Protect,Tailwind,Haze|||F|||50|,,,,,Steel]Pelipper||FocusSash|Drizzle|WeatherBall,Hurricane,Tailwind,Protect|||M|||50|,,,,,Ground]Ursaluna||FlameOrb|Guts|Facade,HeadlongRush,Earthquake,Protect|||M|||50|,,,,,Ghost]Gholdengo||ChoiceScarf|GoodasGold|MakeItRain,TeraBlast,ShadowBall,Trick||||||50|,,,,,Water
|showteam|p2|Rillaboom||AssaultVest|GrassySurge|WoodHammer,FakeOut,GrassyGlide,HighHorsepower|||F|||50|,,,,,Fire]Ninetales-Alola||LightClay|SnowWarning|IcicleSpear,Blizzard,AuroraVeil,IcyWind|||M|||50|,,,,,Ghost]Gholdengo||ChoiceScarf|GoodasGold|MakeItRain,ShadowBall,Trick,NastyPlot||||||50|,,,,,Steel]Dragonite||LoadedDice|Multiscale|ScaleShot,ExtremeSpeed,Protect,Encore|||M|||50|,,,,,Fairy]Annihilape||SafetyGoggles|Defiant|BulkUp,Protect,RageFist,DrainPunch|||F|||50|,,,,,Fire]Dondozo||Leftovers|Unaware|Yawn,WaveCrash,Protect,Fissure|||F|||50|,,,,,Flying
|j| teamthief420
|inactive|Battle timer is ON: inactive players will automatically lose when time's up. (requested by laufey#1fan)
|
|t:|1756085117
|teamsize|p1|4
|teamsize|p2|4
|start
|switch|p1a: Pelipper|Pelipper, L50, M|100/100
|switch|p1b: Gholdengo|Gholdengo, L50|100/100
|switch|p2a: Gholdengo|Gholdengo, L50|100/100
|switch|p2b: JOYBOY|Dragonite, L50, M|100/100
|-weather|RainDance|[from] ability: Drizzle|[of] p1a: Pelipper
|turn|1
|
|t:|1756085132
|-terastallize|p1b: Gholdengo|Water
|move|p1a: Pelipper|Protect|p1a: Pelipper
|-singleturn|p1a: Pelipper|Protect
|move|p2a: Gholdengo|Shadow Ball|p1b: Gholdengo
|-damage|p1b: Gholdengo|46/100
|move|p1b: Gholdengo|Shadow Ball|p2a: Gholdengo
|-supereffective|p2a: Gholdengo
|-damage|p2a: Gholdengo|0 fnt
|faint|p2a: Gholdengo
|move|p2b: JOYBOY|Scale Shot|p1a: Pelipper
|-activate|p1a: Pelipper|move: Protect
|
|-weather|RainDance|[upkeep]
|upkeep
|
|t:|1756085141
|switch|p2a: Laufey|Ninetales-Alola, L50, M, shiny|100/100
|-weather|Snowscape|[from] ability: Snow Warning|[of] p2a: Laufey
|turn|2
|
|t:|1756085147
|switch|p1a: Archaludon|Archaludon, L50, F|100/100
|move|p1b: Gholdengo|Shadow Ball|p2a: Laufey
|-damage|p2a: Laufey|52/100
|move|p2a: Laufey|Blizzard|p1b: Gholdengo|[spread] p1a,p1b
|-resisted|p1b: Gholdengo
|-damage|p1a: Archaludon|84/100
|-damage|p1b: Gholdengo|32/100
|-ability|p1a: Archaludon|Stamina|boost
|-boost|p1a: Archaludon|def|1
|move|p2b: JOYBOY|Scale Shot|p1b: Gholdengo
|-damage|p1b: Gholdengo|15/100
|-damage|p1b: Gholdengo|0 fnt
|faint|p1b: Gholdengo
|-hitcount|p1: Gholdengo|2
|-unboost|p2b: JOYBOY|def|1
|-boost|p2b: JOYBOY|spe|1
|
|-weather|Snowscape|[upkeep]
|upkeep
|
|t:|1756085156
|switch|p1b: Sinistcha|Sinistcha-Masterpiece, L50|100/100
|-heal|p1a: Archaludon|100/100|[from] ability: Hospitality|[of] p1b: Sinistcha
|turn|3
|
|t:|1756085165
|switch|p1b: Pelipper|Pelipper, L50, M|100/100
|-weather|RainDance|[from] ability: Drizzle|[of] p1b: Pelipper
|move|p2b: JOYBOY|Scale Shot|p1b: Pelipper
|-damage|p1b: Pelipper|82/100
|-damage|p1b: Pelipper|64/100
|-damage|p1b: Pelipper|43/100
|-damage|p1b: Pelipper|23/100
|-damage|p1b: Pelipper|5/100
|-hitcount|p1b: Pelipper|5
|-unboost|p2b: JOYBOY|def|1
|-boost|p2b: JOYBOY|spe|1
|move|p2a: Laufey|Aurora Veil||[still]
|-fail|p2a: Laufey
|move|p1a: Archaludon|Electro Shot||[still]
|-prepare|p1a: Archaludon|Electro Shot
|-boost|p1a: Archaludon|spa|1
|-anim|p1a: Archaludon|Electro Shot|p2a: Laufey
|-damage|p2a: Laufey|0 fnt
|faint|p2a: Laufey
|
|-weather|RainDance|[upkeep]
|upkeep
|
|t:|1756085175
|switch|p2a: Gnarly|Annihilape, L50, F|100/100
|turn|4
|
|t:|1756085199
|move|p1b: Pelipper|Protect|p1b: Pelipper
|-singleturn|p1b: Pelipper|Protect
|move|p2b: JOYBOY|Extreme Speed|p1b: Pelipper
|-activate|p1b: Pelipper|move: Protect
|move|p2a: Gnarly|Bulk Up|p2a: Gnarly
|-boost|p2a: Gnarly|atk|1
|-boost|p2a: Gnarly|def|1
|move|p1a: Archaludon|Electro Shot||[still]
|-prepare|p1a: Archaludon|Electro Shot
|-boost|p1a: Archaludon|spa|1
|-anim|p1a: Archaludon|Electro Shot|p2a: Gnarly
|-damage|p2a: Gnarly|26/100
|
|-weather|RainDance|[upkeep]
|upkeep
|turn|5
|
|t:|1756085211
|switch|p1b: Sinistcha|Sinistcha-Masterpiece, L50|100/100
|move|p2a: Gnarly|Protect|p2a: Gnarly
|-singleturn|p2a: Gnarly|Protect
|move|p2b: JOYBOY|Scale Shot|p1b: Sinistcha
|-damage|p1b: Sinistcha|87/100
|-crit|p1b: Sinistcha
|-damage|p1b: Sinistcha|66/100
|-damage|p1b: Sinistcha|52/100
|-damage|p1b: Sinistcha|40/100
|-enditem|p1b: Sinistcha|Sitrus Berry|[eat]
|-heal|p1b: Sinistcha|65/100|[from] item: Sitrus Berry
|-damage|p1b: Sinistcha|51/100
|-hitcount|p1b: Sinistcha|5
|-unboost|p2b: JOYBOY|def|1
|-boost|p2b: JOYBOY|spe|1
|move|p1a: Archaludon|Electro Shot||[still]
|-prepare|p1a: Archaludon|Electro Shot
|-boost|p1a: Archaludon|spa|1
|-anim|p1a: Archaludon|Electro Shot|p2a: Gnarly
|-activate|p2a: Gnarly|move: Protect
|
|-weather|RainDance|[upkeep]
|upkeep
|turn|6
|inactive|laufey#1fan has 30 seconds left.
|
|t:|1756085244
|switch|p1b: Pelipper|Pelipper, L50, M|5/100
|move|p2b: JOYBOY|Scale Shot|p1b: Pelipper
|-damage|p1b: Pelipper|0 fnt
|faint|p1b: Pelipper
|-hitcount|p1: Pelipper|1
|-unboost|p2b: JOYBOY|def|1
|-boost|p2b: JOYBOY|spe|1
|move|p2a: Gnarly|Drain Punch|p1a: Archaludon
|-supereffective|p1a: Archaludon
|-damage|p1a: Archaludon|64/100
|-heal|p2a: Gnarly|43/100|[from] drain|[of] p1a: Archaludon
|-ability|p1a: Archaludon|Stamina|boost
|-boost|p1a: Archaludon|def|1
|move|p1a: Archaludon|Electro Shot||[still]
|-prepare|p1a: Archaludon|Electro Shot
|-boost|p1a: Archaludon|spa|1
|-anim|p1a: Archaludon|Electro Shot|p2a: Gnarly
|-damage|p2a: Gnarly|0 fnt
|faint|p2a: Gnarly
|
|-weather|RainDance|[upkeep]
|upkeep
|-message|laufey#1fan forfeited.
|
|win|Volanr
|raw|Volanr's rating: 1227 → 1251(+24 for winning)
|raw|laufey#1fan's rating: 1216 → 1192(-24 for losing)
|l|☆laufey#1fan
|player|p2|
