|j|☆JoeFlowDD
|j|☆akabaki
|html|JoeFlowDDakabaki    
|uhtml|bestof|Game 1 of a best-of-3
|t:|1756502866
|gametype|doubles
|player|p1|JoeFlowDD|palmer|1108
|player|p2|akabaki|266|1207
|gen|9
|tier|[Gen 9] VGC 2025 Reg H (Bo3)
|rated|
|rule|Species Clause: Limit one of each Pokémon
|rule|Item Clause: Limit 1 of each item
|clearpoke
|poke|p1|Gallade, L50, M|
|poke|p1|Tyranitar, L50, M|
|poke|p1|Arcanine-Hisui, L50, M|
|poke|p1|Amoonguss, L50, F|
|poke|p1|Clefairy, L50, F|
|poke|p1|Ursaluna-Bloodmoon, L50, M|
|poke|p2|Gholdengo, L50|
|poke|p2|Hydreigon, L50, F|
|poke|p2|Talonflame, L50, F|
|poke|p2|Annihilape, L50, F|
|poke|p2|Clefable, L50, F|
|poke|p2|Garchomp, L50, M|
|teampreview|4
|showteam|p1|Gallade||ClearAmulet|Sharpness|SacredSword,PsychoCut,WideGuard,TrickRoom|||M|||50|,,,,,Grass]Tyranitar||AssaultVest|SandStream|RockSlide,KnockOff,StompingTantrum,LowKick|||M|||50|,,,,,Ghost]Arcanine-Hisui||FocusSash|Intimidate|RockSlide,FlareBlitz,Protect,ExtremeSpeed|||M|||50|,,,,,Water]Amoonguss||RockyHelmet|Regenerator|Spore,RagePowder,SludgeBomb,PollenPuff|||F|||50|,,,,,Water]Clefairy||Eviolite|FriendGuard|FollowMe,LifeDew,HelpingHand,Moonblast|||F|||50|,,,,,Steel]Ursaluna-Bloodmoon||LifeOrb|MindsEye|EarthPower,BloodMoon,HyperVoice,VacuumWave|||M|||50|,,,,,Ghost
|showteam|p2|Gholdengo||MetalCoat|GoodasGold|MakeItRain,ShadowBall,NastyPlot,Protect||||||50|,,,,,Water]Hydreigon||ChoiceSpecs|Levitate|DracoMeteor,DarkPulse,Snarl,HeatWave|||F|||50|,,,,,Fire]Talonflame||CovertCloak|GaleWings|BraveBird,Tailwind,Taunt,WillOWisp|||F|||50|,,,,,Grass]Annihilape||SafetyGoggles|Defiant|RageFist,DrainPunch,BulkUp,Protect|||F|||50|,,,,,Fire]Clefable||SitrusBerry|Unaware|Moonblast,Protect,FollowMe,ThunderWave|||F|||50|,,,,,Water]Garchomp||LifeOrb|RoughSkin|DragonClaw,StompingTantrum,Earthquake,Protect|||M|||50|,,,,,Steel
|inactive|Battle timer is ON: inactive players will automatically lose when time's up. (requested by akabaki)
|inactive|JoeFlowDD has 60 seconds left.
|inactive|akabaki has 60 seconds left.
|inactive|akabaki has 30 seconds left.
|inactive|akabaki has 20 seconds left.
|inactive|akabaki has 15 seconds left.
|inactive|akabaki has 10 seconds left.
|inactive|akabaki has 5 seconds left.
|
|t:|1756502954
|teamsize|p1|4
|teamsize|p2|4
|start
|switch|p1a: Tyranitar|Tyranitar, L50, M|100/100
|switch|p1b: Amoonguss|Amoonguss, L50, F|100/100
|switch|p2a: Talonflame|Talonflame, L50, F|100/100
|switch|p2b: Hydreigon|Hydreigon, L50, F|100/100
|-weather|Sandstorm|[from] ability: Sand Stream|[of] p1a: Tyranitar
|turn|1
|inactive|akabaki has 30 seconds left.
|inactive|akabaki has 20 seconds left.
|
|t:|1756502994
|switch|p1b: Ursaluna|Ursaluna-Bloodmoon, L50, M|100/100
|move|p2a: Talonflame|Will-O-Wisp|p1a: Tyranitar
|-status|p1a: Tyranitar|brn
|move|p2b: Hydreigon|Draco Meteor|p1b: Ursaluna
|-damage|p1b: Ursaluna|0 fnt
|-unboost|p2b: Hydreigon|spa|2
|faint|p1b: Ursaluna
|move|p1a: Tyranitar|Rock Slide|p2a: Talonflame|[spread] p2a,p2b
|-supereffective|p2a: Talonflame
|-damage|p2a: Talonflame|0 fnt
|-damage|p2b: Hydreigon|82/100
|faint|p2a: Talonflame
|
|-weather|Sandstorm|[upkeep]
|-damage|p2b: Hydreigon|76/100|[from] Sandstorm
|-damage|p1a: Tyranitar|95/100 brn|[from] brn
|upkeep
|
|t:|1756503018
|switch|p2a: Annihilape|Annihilape, L50, F|100/100
|switch|p1b: Gallade|Gallade, L50, M|100/100
|turn|2
|inactive|JoeFlowDD has 30 seconds left.
|inactive|akabaki has 30 seconds left.
|inactive|JoeFlowDD has 20 seconds left.
|inactive|akabaki has 20 seconds left.
|inactive|JoeFlowDD has 15 seconds left.
|inactive|JoeFlowDD has 10 seconds left.
|inactive|JoeFlowDD has 5 seconds left.
|
|t:|1756503070
|switch|p1a: Amoonguss|Amoonguss, L50, F|100/100
|-terastallize|p1b: Gallade|Grass
|move|p2a: Annihilape|Rage Fist|p1b: Gallade
|-damage|p1b: Gallade|72/100
|move|p2b: Hydreigon|Draco Meteor|p1b: Gallade
|-damage|p1b: Gallade|22/100
|-unboost|p2b: Hydreigon|spa|2
|move|p1b: Gallade|Trick Room|p1b: Gallade
|-fieldstart|move: Trick Room|[of] p1b: Gallade
|
|-weather|Sandstorm|[upkeep]
|-damage|p1a: Amoonguss|95/100|[from] Sandstorm
|-damage|p1b: Gallade|16/100|[from] Sandstorm
|-damage|p2b: Hydreigon|70/100|[from] Sandstorm
|upkeep
|turn|3
|inactive|JoeFlowDD has 30 seconds left.
|inactive|akabaki has 30 seconds left.
|
|t:|1756503103
|-terastallize|p2a: Annihilape|Fire
|move|p1a: Amoonguss|Spore|p2b: Hydreigon
|-status|p2b: Hydreigon|slp|[from] move: Spore
|move|p1b: Gallade|Psycho Cut|p2a: Annihilape
|-crit|p2a: Annihilape
|-damage|p2a: Annihilape|5/100
|cant|p2b: Hydreigon|slp
|move|p2a: Annihilape|Bulk Up|p2a: Annihilape
|-boost|p2a: Annihilape|atk|1
|-boost|p2a: Annihilape|def|1
|
|-weather|Sandstorm|[upkeep]
|-damage|p1a: Amoonguss|89/100|[from] Sandstorm
|-damage|p1b: Gallade|11/100|[from] Sandstorm
|-damage|p2b: Hydreigon|64/100 slp|[from] Sandstorm
|upkeep
|turn|4
|inactive|akabaki has 30 seconds left.
|inactive|akabaki has 20 seconds left.
|
|t:|1756503138
|switch|p2b: Clefable|Clefable, L50, F|100/100
|move|p2a: Annihilape|Protect|p2a: Annihilape
|-singleturn|p2a: Annihilape|Protect
|move|p1a: Amoonguss|Sludge Bomb|p2a: Annihilape
|-activate|p2a: Annihilape|move: Protect
|move|p1b: Gallade|Sacred Sword|p2b: Clefable
|-resisted|p2b: Clefable
|-damage|p2b: Clefable|63/100
|
|-weather|Sandstorm|[upkeep]
|-damage|p1a: Amoonguss|83/100|[from] Sandstorm
|-damage|p2b: Clefable|57/100|[from] Sandstorm
|-damage|p1b: Gallade|5/100|[from] Sandstorm
|upkeep
|turn|5
|inactive|JoeFlowDD has 30 seconds left.
|inactive|JoeFlowDD has 20 seconds left.
|
|t:|1756503178
|switch|p2a: Hydreigon|Hydreigon, L50, F|64/100 slp
|move|p2b: Clefable|Protect|p2b: Clefable
|-singleturn|p2b: Clefable|Protect
|move|p1a: Amoonguss|Sludge Bomb|p2b: Clefable
|-activate|p2b: Clefable|move: Protect
|move|p1b: Gallade|Sacred Sword|p2b: Clefable
|-activate|p2b: Clefable|move: Protect
|
|-weather|none
|upkeep
|turn|6
|inactive|akabaki has 30 seconds left.
|inactive|akabaki has 20 seconds left.
|inactive|akabaki has 15 seconds left.
|
|t:|1756503220
|move|p2b: Clefable|Follow Me|p2b: Clefable
|-singleturn|p2b: Clefable|move: Follow Me
|move|p1a: Amoonguss|Sludge Bomb|p2b: Clefable
|-supereffective|p2b: Clefable
|-damage|p2b: Clefable|16/100
|-status|p2b: Clefable|psn
|-enditem|p2b: Clefable|Sitrus Berry|[eat]
|-heal|p2b: Clefable|41/100 psn|[from] item: Sitrus Berry
|move|p1b: Gallade|Sacred Sword|p2b: Clefable
|-resisted|p2b: Clefable
|-damage|p2b: Clefable|5/100 psn
|cant|p2a: Hydreigon|slp
|
|-damage|p2b: Clefable|0 fnt|[from] psn
|faint|p2b: Clefable
|-fieldend|move: Trick Room
|upkeep
|
|t:|1756503235
|switch|p2b: Annihilape|Annihilape, L50, F, tera:Fire|5/100
|turn|7
|
|t:|1756503252
|move|p1a: Amoonguss|Rage Powder|p1a: Amoonguss
|-singleturn|p1a: Amoonguss|move: Rage Powder
|move|p2b: Annihilape|Drain Punch|p1b: Gallade
|-damage|p1b: Gallade|0 fnt
|-heal|p2b: Annihilape|7/100|[from] drain|[of] p1b: Gallade
|faint|p1b: Gallade
|-curestatus|p2a: Hydreigon|slp|[msg]
|move|p2a: Hydreigon|Heat Wave|p1a: Amoonguss
|-supereffective|p1a: Amoonguss
|-damage|p1a: Amoonguss|0 fnt
|faint|p1a: Amoonguss
|
|upkeep
|
|t:|1756503257
|switch|p1a: Tyranitar|Tyranitar, L50, M|95/100 brn
|-weather|Sandstorm|[from] ability: Sand Stream|[of] p1a: Tyranitar
|turn|8
|-message|JoeFlowDD forfeited.
|
|win|akabaki
||JoeFlowDD is ready for game 2.
||akabaki is ready for game 2.
|uhtml|next|Next: Game 2 of 3
