|j|☆Mr_Amonguss
|j|☆repdonovan
|html|Mr_Amongussrepdonovan    
|uhtml|bestof|Game 2 of a best-of-3
|t:|1757813132
|gametype|doubles
|player|p1|Mr_Amonguss|ghetsis|1190
|player|p2|repdonovan|169|1137
|gen|9
|tier|[Gen 9] VGC 2025 Reg H (Bo3)
|rated|
|rule|Species Clause: Limit one of each Pokémon
|rule|Item Clause: Limit 1 of each item
|clearpoke
|poke|p1|Annihilape, L50, F|
|poke|p1|Basculegion, L50, M|
|poke|p1|Archaludon, L50, F|
|poke|p1|Amoonguss, L50, F|
|poke|p1|Pelipper, L50, M|
|poke|p1|Maushold-Four, L50|
|poke|p2|Garganacl, L50, M|
|poke|p2|Trevenant, L50, F|
|poke|p2|Glimmora, L50, M|
|poke|p2|Tyranitar, L50, F|
|poke|p2|Comfey, L50, F|
|poke|p2|Incineroar, L50, M|
|teampreview|4
|showteam|p1|Annihilape||Leftovers|Defiant|RageFist,DrainPunch,BulkUp,Protect|||F|||50|,,,,,Fire]Basculegion||ChoiceBand|SwiftSwim|WaveCrash,LastRespects,FlipTurn,AquaJet|||M|||50|,,,,,Grass]Archaludon||AssaultVest|Stamina|DragonPulse,ElectroShot,Snarl,BodyPress|||F|||50|,,,,,Grass]Amoonguss||SitrusBerry|Regenerator|PollenPuff,Spore,ClearSmog,RagePowder|||F|||50|,,,,,Psychic]Pelipper||FocusSash|Drizzle|Hurricane,WeatherBall,Tailwind,Protect|||M|||50|,,,,,Ghost]Maushold-Four||SafetyGoggles|FriendGuard|BeatUp,FollowMe,Taunt,Protect||||||50|,,,,,Ghost
|showteam|p2|Garganacl||AguavBerry|PurifyingSalt|SaltCure,Protect,WideGuard,Recover|||M|||50|,,,,,Ghost]Trevenant||SitrusBerry|Harvest|HornLeech,LeechSeed,Protect,WillOWisp|||F|||50|,,,,,Normal]Glimmora||CovertCloak|Corrosion|MortalSpin,SpikyShield,EarthPower,DazzlingGleam|||M|||50|,,,,,Grass]Tyranitar||AssaultVest|SandStream|Crunch,RockSlide,IronHead,TeraBlast|||F|||50|,,,,,Flying]Comfey||SafetyGoggles|Triage|DrainingKiss,Taunt,FloralHealing,Protect|||F|||50|,,,,,Steel]Incineroar||RockyHelmet|Intimidate|FakeOut,FlareBlitz,KnockOff,PartingShot|||M|||50|,,,,,Water
|inactive|Battle timer is ON: inactive players will automatically lose when time's up. (requested by Mr_Amonguss)
|inactive|Mr_Amonguss has 60 seconds left.
|
|t:|1757813175
|teamsize|p1|4
|teamsize|p2|4
|start
|switch|p1a: Annihilape|Annihilape, L50, F, shiny|100/100
|switch|p1b: Maushold|Maushold-Four, L50|100/100
|switch|p2a: Garganacl|Garganacl, L50, M|100/100
|switch|p2b: Comfey|Comfey, L50, F|100/100
|turn|1
|
|t:|1757813192
|move|p2b: Comfey|Draining Kiss|p1a: Annihilape
|-supereffective|p1a: Annihilape
|-damage|p1a: Annihilape|79/100
|move|p1b: Maushold|Taunt|p2b: Comfey
|-start|p2b: Comfey|move: Taunt
|move|p1a: Annihilape|Bulk Up|p1a: Annihilape
|-boost|p1a: Annihilape|atk|1
|-boost|p1a: Annihilape|def|1
|move|p2a: Garganacl|Salt Cure|p1a: Annihilape
|-resisted|p1a: Annihilape
|-damage|p1a: Annihilape|75/100
|-start|p1a: Annihilape|Salt Cure
|
|-heal|p1a: Annihilape|82/100|[from] item: Leftovers
|-damage|p1a: Annihilape|69/100|[from] Salt Cure
|upkeep
|turn|2
|
|t:|1757813215
|move|p2b: Comfey|Draining Kiss|p1a: Annihilape
|-supereffective|p1a: Annihilape
|-damage|p1a: Annihilape|48/100
|move|p1b: Maushold|Follow Me|p1b: Maushold
|-singleturn|p1b: Maushold|move: Follow Me
|move|p1a: Annihilape|Drain Punch|p2a: Garganacl
|-supereffective|p2a: Garganacl
|-damage|p2a: Garganacl|36/100
|-heal|p1a: Annihilape|79/100|[from] drain|[of] p2a: Garganacl
|move|p2a: Garganacl|Salt Cure|p1b: Maushold
|-damage|p1b: Maushold|84/100
|-start|p1b: Maushold|Salt Cure
|
|-heal|p1a: Annihilape|85/100|[from] item: Leftovers
|-damage|p1b: Maushold|72/100|[from] Salt Cure
|-damage|p1a: Annihilape|73/100|[from] Salt Cure
|upkeep
|turn|3
|
|t:|1757813231
|move|p2a: Garganacl|Protect|p2a: Garganacl
|-singleturn|p2a: Garganacl|Protect
|move|p2b: Comfey|Draining Kiss|p1a: Annihilape
|-supereffective|p1a: Annihilape
|-damage|p1a: Annihilape|50/100
|move|p1b: Maushold|Beat Up|p1a: Annihilape
|-damage|p1a: Annihilape|49/100
|-damage|p1a: Annihilape|47/100
|-damage|p1a: Annihilape|46/100
|-damage|p1a: Annihilape|45/100
|-hitcount|p1a: Annihilape|4
|move|p1a: Annihilape|Drain Punch|p2a: Garganacl
|-activate|p2a: Garganacl|move: Protect
|
|-heal|p1a: Annihilape|51/100|[from] item: Leftovers
|-damage|p1b: Maushold|59/100|[from] Salt Cure
|-damage|p1a: Annihilape|39/100|[from] Salt Cure
|upkeep
|turn|4
|inactive|repdonovan has 30 seconds left.
|inactive|repdonovan has 20 seconds left.
|inactive|repdonovan has 15 seconds left.
|
|t:|1757813273
|switch|p1b: Pelipper|Pelipper, L50, M|100/100
|-weather|RainDance|[from] ability: Drizzle|[of] p1b: Pelipper
|-terastallize|p2a: Garganacl|Ghost
|move|p2b: Comfey|Draining Kiss|p1a: Annihilape
|-supereffective|p1a: Annihilape
|-crit|p1a: Annihilape
|-damage|p1a: Annihilape|0 fnt
|faint|p1a: Annihilape
|move|p2a: Garganacl|Salt Cure|p1b: Pelipper
|-supereffective|p1b: Pelipper
|-damage|p1b: Pelipper|65/100
|-start|p1b: Pelipper|Salt Cure
|
|-weather|RainDance|[upkeep]
|-damage|p1b: Pelipper|40/100|[from] Salt Cure
|-end|p2b: Comfey|move: Taunt
|upkeep
|
|t:|1757813287
|switch|p1a: Basculegion|Basculegion, L50, M|100/100
|turn|5
|inactive|repdonovan has 30 seconds left.
|
|t:|1757813313
|switch|p2a: Tyranitar|Tyranitar, L50, F|100/100
|-weather|Sandstorm|[from] ability: Sand Stream|[of] p2a: Tyranitar
|move|p2b: Comfey|Draining Kiss|p1a: Basculegion
|-damage|p1a: Basculegion|82/100
|move|p1a: Basculegion|Wave Crash|p2b: Comfey
|-damage|p2b: Comfey|0 fnt
|faint|p2b: Comfey
|-damage|p1a: Basculegion|57/100|[from] Recoil
|move|p1b: Pelipper|Weather Ball|p2a: Tyranitar
|-damage|p2a: Tyranitar|87/100
|
|-weather|Sandstorm|[upkeep]
|-damage|p1a: Basculegion|51/100|[from] Sandstorm
|-damage|p1b: Pelipper|35/100|[from] Sandstorm
|-damage|p1b: Pelipper|10/100|[from] Salt Cure
|upkeep
|
|t:|1757813332
|switch|p2b: Garganacl|Garganacl, L50, M, tera:Ghost|36/100
|turn|6
|
|t:|1757813344
|-terastallize|p1a: Basculegion|Grass
|move|p1a: Basculegion|Wave Crash|p2a: Tyranitar
|-supereffective|p2a: Tyranitar
|-damage|p2a: Tyranitar|0 fnt
|faint|p2a: Tyranitar
|-damage|p1a: Basculegion|25/100|[from] Recoil
|move|p1b: Pelipper|Weather Ball|p2b: Garganacl
|-damage|p2b: Garganacl|13/100
|-enditem|p2b: Garganacl|Aguav Berry|[eat]
|-heal|p2b: Garganacl|46/100|[from] item: Aguav Berry
|move|p2b: Garganacl|Salt Cure|p1a: Basculegion
|-damage|p1a: Basculegion|8/100
|-start|p1a: Basculegion|Salt Cure
|
|-weather|Sandstorm|[upkeep]
|-damage|p1a: Basculegion|2/100|[from] Sandstorm
|-damage|p1b: Pelipper|4/100|[from] Sandstorm
|-damage|p2b: Garganacl|40/100|[from] Sandstorm
|-damage|p1a: Basculegion|0 fnt|[from] Salt Cure
|faint|p1a: Basculegion
|-damage|p1b: Pelipper|0 fnt|[from] Salt Cure
|faint|p1b: Pelipper
|upkeep
|
|t:|1757813363
|switch|p1b: Maushold|Maushold-Four, L50|59/100
|switch|p2a: Glimmora|Glimmora, L50, M|100/100
|turn|7
|
|t:|1757813370
|move|p1b: Maushold|Beat Up|p2b: Garganacl
|-supereffective|p2b: Garganacl
|-damage|p2b: Garganacl|37/100
|-hitcount|p2b: Garganacl|1
|move|p2a: Glimmora|Mortal Spin|p1b: Maushold
|-damage|p1b: Maushold|52/100
|-status|p1b: Maushold|psn
|move|p2b: Garganacl|Salt Cure|p1b: Maushold
|-damage|p1b: Maushold|35/100 psn
|-start|p1b: Maushold|Salt Cure
|
|-weather|Sandstorm|[upkeep]
|-damage|p2b: Garganacl|31/100|[from] Sandstorm
|-damage|p1b: Maushold|23/100 psn|[from] psn
|-damage|p1b: Maushold|11/100 psn|[from] Salt Cure
|upkeep
|turn|8
|-message|Mr_Amonguss forfeited.
|
|win|repdonovan
|l|☆Mr_Amonguss
|player|p1|
||Mr_Amonguss is ready for game 3.
|inactive|repdonovan has 30 seconds to confirm battle start!
||repdonovan is ready for game 3.
|uhtml|next|Next: Game 3 of 3
