|j|☆gianisking
|j|☆CrystalGem02
|html|gianiskingCrystalGem02    
|uhtml|bestof|Game 2 of a best-of-3
|t:|1756750137
|gametype|doubles
|player|p1|gianisking|bugcatcher-gen4dp|1321
|player|p2|CrystalGem02|valerie|1348
|gen|9
|tier|[Gen 9] VGC 2025 Reg H (Bo3)
|rated|
|rule|Species Clause: Limit one of each Pokémon
|rule|Item Clause: Limit 1 of each item
|clearpoke
|poke|p1|Dragonite, L50, F|
|poke|p1|Annihilape, L50, M|
|poke|p1|Incineroar, L50, F|
|poke|p1|Gholdengo, L50|
|poke|p1|Ursaluna-Bloodmoon, L50, M|
|poke|p1|Rillaboom, L50, M|
|poke|p2|Toedscruel, L50, M|
|poke|p2|Weezing-Galar, L50, F|
|poke|p2|Corviknight, L50, M|
|poke|p2|Pawmot, L50, F|
|poke|p2|Garchomp, L50, F|
|poke|p2|Typhlosion-Hisui, L50, M|
|teampreview|4
|showteam|p1|Dragonite||LoadedDice|Multiscale|ScaleShot,Tailwind,Protect,Haze|||F|||50|,,,,,Fairy]Annihilape||FocusSash|Defiant|CloseCombat,RageFist,FinalGambit,Protect|||M|||50|,,,,,Grass]Incineroar||SafetyGoggles|Intimidate|KnockOff,PartingShot,FakeOut,FlareBlitz|||F|||50|,,,,,Ghost]Gholdengo||Leftovers|GoodasGold|MakeItRain,ShadowBall,NastyPlot,Protect||||||50|,,,,,Water]Ursaluna-Bloodmoon||LifeOrb|MindsEye|BloodMoon,HyperVoice,EarthPower,Protect|||M|||50|,,,,,Normal]Rillaboom||AssaultVest|GrassySurge|WoodHammer,GrassyGlide,Uturn,FakeOut|||M|||50|,,,,,Grass
|showteam|p2|Toedscruel||CovertCloak|MyceliumMight|EarthPower,AcidSpray,Spore,RagePowder|||M|||50|,,,,,Water]Weezing-Galar||ChoiceSpecs|NeutralizingGas|SludgeBomb,StrangeSteam,DazzlingGleam,Flamethrower|||F|||50|,,,,,Fire]Corviknight||SitrusBerry|MirrorArmor|BraveBird,Tailwind,Roost,Protect|||M|||50|,,,,,Dragon]Pawmot||FocusSash|NaturalCure|CloseCombat,DoubleShock,FakeOut,Protect|||F|||50|,,,,,Electric]Garchomp||LifeOrb|RoughSkin|DragonClaw,StompingTantrum,Earthquake,Protect|||F|||50|,,,,,Ground]Typhlosion-Hisui||ChoiceScarf|Blaze|Eruption,HeatWave,ShadowBall,SleepTalk|||M|||50|,,,,,Fire
|inactive|Battle timer is ON: inactive players will automatically lose when time's up. (requested by CrystalGem02)
|
|t:|1756750163
|teamsize|p1|4
|teamsize|p2|4
|start
|switch|p1a: Annihilape|Annihilape, L50, M|100/100
|switch|p1b: Incineroar|Incineroar, L50, F|100/100
|switch|p2a: Toedscruel|Toedscruel, L50, M|100/100
|switch|p2b: Weezing|Weezing-Galar, L50, F|100/100
|-ability|p2b: Weezing|Neutralizing Gas
|turn|1
|
|t:|1756750178
|-end|p2b: Weezing|ability: Neutralizing Gas
|-ability|p1b: Incineroar|Intimidate|boost
|-unboost|p2a: Toedscruel|atk|1
|-unboost|p2b: Weezing|atk|1
|switch|p2b: Typhlosion|Typhlosion-Hisui, L50, M|100/100
|move|p2a: Toedscruel|Earth Power|p1b: Incineroar
|-supereffective|p1b: Incineroar
|-damage|p1b: Incineroar|56/100
|move|p1a: Annihilape|Final Gambit|p2b: Typhlosion
|-immune|p2b: Typhlosion
|move|p1b: Incineroar|Parting Shot|p2a: Toedscruel
|-unboost|p2a: Toedscruel|atk|1
|-unboost|p2a: Toedscruel|spa|1
|
|t:|1756750192
|switch|p1b: Dragonite|Dragonite, L50, F|100/100|[from] Parting Shot
|
|upkeep
|turn|2
|
|t:|1756750213
|move|p1b: Dragonite|Protect|p1b: Dragonite
|-singleturn|p1b: Dragonite|Protect
|move|p2b: Typhlosion|Eruption|p1b: Dragonite|[spread] p1a
|-activate|p1b: Dragonite|move: Protect
|-damage|p1a: Annihilape|44/100
|move|p1a: Annihilape|Rage Fist|p2b: Typhlosion
|-supereffective|p2b: Typhlosion
|-damage|p2b: Typhlosion|0 fnt
|faint|p2b: Typhlosion
|move|p2a: Toedscruel|Spore|p1b: Dragonite
|-activate|p1b: Dragonite|move: Protect
|
|upkeep
|
|t:|1756750224
|switch|p2b: Garchomp|Garchomp, L50, F|100/100
|turn|3
|inactive|gianisking has 30 seconds left.
|
|t:|1756750250
|switch|p1a: Incineroar|Incineroar, L50, F|56/100
|-ability|p1a: Incineroar|Intimidate|boost
|-unboost|p2a: Toedscruel|atk|1
|-unboost|p2b: Garchomp|atk|1
|switch|p1b: Rillaboom|Rillaboom, L50, M|100/100
|-fieldstart|move: Grassy Terrain|[from] ability: Grassy Surge|[of] p1b: Rillaboom
|-terastallize|p2b: Garchomp|Ground
|move|p2b: Garchomp|Stomping Tantrum|p1a: Incineroar
|-supereffective|p1a: Incineroar
|-damage|p1a: Incineroar|0 fnt
|faint|p1a: Incineroar
|-damage|p2b: Garchomp|91/100|[from] item: Life Orb
|move|p2a: Toedscruel|Spore|p1b: Rillaboom
|-immune|p1b: Rillaboom
|
|-heal|p2b: Garchomp|97/100|[from] Grassy Terrain
|upkeep
|
|t:|1756750263
|switch|p1a: Dragonite|Dragonite, L50, F|100/100
|turn|4
|
|t:|1756750287
|switch|p2b: Weezing|Weezing-Galar, L50, F|100/100
|-ability|p2b: Weezing|Neutralizing Gas
|-terastallize|p1a: Dragonite|Fairy
|move|p1b: Rillaboom|Grassy Glide|p2a: Toedscruel
|-damage|p2a: Toedscruel|55/100
|move|p2a: Toedscruel|Acid Spray|p1a: Dragonite
|-supereffective|p1a: Dragonite
|-damage|p1a: Dragonite|89/100
|-unboost|p1a: Dragonite|spd|2
|move|p1a: Dragonite|Scale Shot|p2a: Toedscruel
|-crit|p2a: Toedscruel
|-damage|p2a: Toedscruel|28/100
|-damage|p2a: Toedscruel|9/100
|-damage|p2a: Toedscruel|0 fnt
|faint|p2a: Toedscruel
|-hitcount|p2: Toedscruel|3
|-unboost|p1a: Dragonite|def|1
|-boost|p1a: Dragonite|spe|1
|
|-heal|p1a: Dragonite|95/100|[from] Grassy Terrain
|upkeep
|
|t:|1756750300
|switch|p2a: Garchomp|Garchomp, L50, F, tera:Ground|97/100
|turn|5
|
|t:|1756750324
|move|p1a: Dragonite|Protect|p1a: Dragonite
|-singleturn|p1a: Dragonite|Protect
|move|p2a: Garchomp|Protect|p2a: Garchomp
|-singleturn|p2a: Garchomp|Protect
|move|p1b: Rillaboom|Wood Hammer|p2a: Garchomp
|-activate|p2a: Garchomp|move: Protect
|move|p2b: Weezing|Sludge Bomb|p1b: Rillaboom
|-supereffective|p1b: Rillaboom
|-damage|p1b: Rillaboom|27/100
|
|-heal|p1a: Dragonite|100/100|[from] Grassy Terrain
|-heal|p2a: Garchomp|100/100|[from] Grassy Terrain
|-heal|p1b: Rillaboom|33/100|[from] Grassy Terrain
|upkeep
|turn|6
|
|t:|1756750338
|move|p1a: Dragonite|Tailwind|p1a: Dragonite
|-sidestart|p1: gianisking|move: Tailwind
|move|p1b: Rillaboom|Wood Hammer|p2a: Garchomp
|-supereffective|p2a: Garchomp
|-damage|p2a: Garchomp|0 fnt
|faint|p2a: Garchomp
|-damage|p1b: Rillaboom|3/100|[from] Recoil
|move|p2b: Weezing|Sludge Bomb|p1a: Dragonite
|-supereffective|p1a: Dragonite
|-damage|p1a: Dragonite|0 fnt
|faint|p1a: Dragonite
|
|-heal|p1b: Rillaboom|9/100|[from] Grassy Terrain
|upkeep
|
|t:|1756750342
|switch|p1a: Annihilape|Annihilape, L50, M|44/100
|turn|7
|
|t:|1756750351
|move|p1b: Rillaboom|Grassy Glide|p2b: Weezing
|-resisted|p2b: Weezing
|-damage|p2b: Weezing|84/100
|move|p1a: Annihilape|Rage Fist|p2b: Weezing
|-damage|p2b: Weezing|45/100
|move|p2b: Weezing|Sludge Bomb|p1a: Annihilape
|-resisted|p1a: Annihilape
|-crit|p1a: Annihilape
|-damage|p1a: Annihilape|6/100
|
|-heal|p1a: Annihilape|12/100|[from] Grassy Terrain
|-heal|p1b: Rillaboom|15/100|[from] Grassy Terrain
|-heal|p2b: Weezing|51/100|[from] Grassy Terrain
|-fieldend|move: Grassy Terrain
|upkeep
|turn|8
|
|t:|1756750363
|move|p1a: Annihilape|Rage Fist|p2b: Weezing
|-damage|p2b: Weezing|0 fnt
|faint|p2b: Weezing
|-end|p2b: Weezing|ability: Neutralizing Gas
|-fieldstart|move: Grassy Terrain|[from] ability: Grassy Surge|[of] p1b: Rillaboom
|
|win|gianisking
