|j|☆jimbo13
|j|☆Gamingdragon123
|html|jimbo13Gamingdragon123    
|uhtml|bestof|Game 1 of a best-of-3
|t:|1784833935
|gametype|doubles
|player|p1|jimbo13|grimsley|
|player|p2|Gamingdragon123|101|
|gen|9
|tier|[Gen 9 Champions] VGC 2026 Reg M-B (Bo3)
|rule|Species Clause: Limit one of each Pokémon
|rule|Item Clause: Limit 1 of each item
|clearpoke
|poke|p1|Spiritomb, L50, M|
|poke|p1|Snorlax, L50, M|
|poke|p1|Torkoal, L50, F|
|poke|p1|Grimmsnarl, L50, M|
|poke|p1|Scizor, L50, F|
|poke|p1|Typhlosion-Hisui, L50, M|
|poke|p2|Dragonite, L50, M|
|poke|p2|Heliolisk, L50, M|
|poke|p2|Kangaskhan, L50, F|
|poke|p2|Azumarill, L50, M|
|poke|p2|Lucario, L50, F|
|poke|p2|Charizard, L50, M|
|teampreview|4
|showteam|p1|Spiritomb||SpellTag|Infiltrator|Hex,WillOWisp,TrickRoom,PainSplit|Quiet||M|||50|]Snorlax||ChestoBerry|ThickFat|BodySlam,Earthquake,Rest,RockSlide|Brave||M|||50|]Torkoal||SitrusBerry|Drought|Eruption,Protect,SolarBeam,WillOWisp|Quiet||F|||50|]Grimmsnarl||LightClay|Prankster|SpiritBreak,PartingShot,Reflect,LightScreen|Sassy||M|||50|]Scizor||Scizorite|Technician|BulletPunch,BugBite,SwordsDance,DualWingbeat|Brave||F|||50|]Typhlosion-Hisui||ChoiceScarf|Blaze|Eruption,InfernalParade,FocusBlast,Extrasensory|Timid||M|||50|
|showteam|p2|Dragonite||SitrusBerry|InnerFocus|Protect,Waterfall,BodyPress,RockSlide|Adamant||M|||50|]Heliolisk||ChoiceScarf|DrySkin|RockSlide,Protect,Discharge,DarkPulse|Mild||M|||50|]Kangaskhan||Kangaskhanite|Scrappy|Crunch,FakeOut,Protect,DrainPunch|Adamant||F|||50|]Azumarill||ExpertBelt|HugePower|Waterfall,Encore,PlayRough,Protect|Adamant||M|||50|]Lucario||BlackBelt|Steadfast|AuraSphere,Counter,BrickBreak,BulletPunch|Serious||F|||50|]Charizard||CharizarditeY|Blaze|AncientPower,DragonPulse,Flamethrower,Protect|Naive||M|||50|
|
|t:|1784834017
|teamsize|p1|4
|teamsize|p2|4
|start
|switch|p1a: Tumble|Spiritomb, L50, M|100/100
|switch|p1b: Rough|Grimmsnarl, L50, M|100/100
|switch|p2a: Kangaskhan|Kangaskhan, L50, F|100/100
|switch|p2b: Dragonite|Dragonite, L50, M|100/100
|turn|1
|
|t:|1784834046
|move|p2a: Kangaskhan|Fake Out|p1b: Rough
|-damage|p1b: Rough|77/100
|cant|p1b: Rough|flinch
|move|p2b: Dragonite|Rock Slide|p1b: Rough|[spread] p1a,p1b
|-damage|p1a: Tumble|72/100
|-damage|p1b: Rough|49/100
|cant|p1a: Tumble|flinch
|
|upkeep
|turn|2
|
|t:|1784834085
|detailschange|p2a: Kangaskhan|Kangaskhan-Mega, L50, F
|-mega|p2a: Kangaskhan|Kangaskhan|Kangaskhanite
|move|p1b: Rough|Reflect|p1b: Rough
|-sidestart|p1: jimbo13|Reflect
|move|p2a: Kangaskhan|Drain Punch|p1a: Tumble
|-immune|p1a: Tumble
|move|p2b: Dragonite|Waterfall|p1b: Rough
|-damage|p1b: Rough|25/100
|move|p1a: Tumble|Trick Room|p1a: Tumble
|-fieldstart|move: Trick Room|[of] p1a: Tumble
|
|upkeep
|turn|3
|
|t:|1784834155
|move|p1a: Tumble|Pain Split|p2a: Kangaskhan
|-sethp|p2a: Kangaskhan|74/100|[from] move: Pain Split|[silent]
|-sethp|p1a: Tumble|100/100|[from] move: Pain Split
|move|p1b: Rough|Spirit Break|p2b: Dragonite
|-supereffective|p2b: Dragonite|1
|-damage|p2b: Dragonite|30/100
|-unboost|p2b: Dragonite|spa|1
|-enditem|p2b: Dragonite|Sitrus Berry|[eat]
|-heal|p2b: Dragonite|55/100|[from] item: Sitrus Berry
|move|p2b: Dragonite|Rock Slide|p1a: Tumble|[spread] p1a,p1b
|-damage|p1a: Tumble|83/100
|-damage|p1b: Rough|6/100
|move|p2a: Kangaskhan|Drain Punch|p1b: Rough
|-damage|p1b: Rough|0 fnt
|-heal|p2a: Kangaskhan|78/100|[from] drain|[of] p1b: Rough
|faint|p1b: Rough
|
|upkeep
|
|t:|1784834172
|switch|p1b: Eepy|Snorlax, L50, M|100/100
|turn|4
|
|t:|1784834185
|move|p2b: Dragonite|Protect|p2b: Dragonite
|-singleturn|p2b: Dragonite|Protect
|move|p1b: Eepy|Rock Slide|p2b: Dragonite|[spread] p2a
|-activate|p2b: Dragonite|move: Protect
|-damage|p2a: Kangaskhan|59/100
|move|p1a: Tumble|Will-O-Wisp|p2a: Kangaskhan
|-status|p2a: Kangaskhan|brn
|move|p2a: Kangaskhan|Drain Punch|p1b: Eepy
|-supereffective|p1b: Eepy|1
|-damage|p1b: Eepy|80/100
|-heal|p2a: Kangaskhan|74/100 brn|[from] drain|[of] p1b: Eepy
|-supereffective|p1b: Eepy|1
|-damage|p1b: Eepy|76/100
|-heal|p2a: Kangaskhan|77/100 brn|[from] drain|[of] p1b: Eepy
|-hitcount|p1b: Eepy|2
|
|-damage|p2a: Kangaskhan|71/100 brn|[from] brn
|upkeep
|turn|5
|
|t:|1784834232
|move|p2b: Dragonite|Protect||[still]
|-fail|p2b: Dragonite
|move|p1b: Eepy|Rock Slide|p2a: Kangaskhan|[spread] 
|-miss|p1b: Eepy|p2a: Kangaskhan
|-miss|p1b: Eepy|p2b: Dragonite
|move|p1a: Tumble|Hex|p2b: Dragonite
|-damage|p2b: Dragonite|14/100
|move|p2a: Kangaskhan|Drain Punch|p1b: Eepy
|-supereffective|p1b: Eepy|1
|-damage|p1b: Eepy|58/100
|-heal|p2a: Kangaskhan|84/100 brn|[from] drain|[of] p1b: Eepy
|-supereffective|p1b: Eepy|1
|-damage|p1b: Eepy|54/100
|-heal|p2a: Kangaskhan|87/100 brn|[from] drain|[of] p1b: Eepy
|-hitcount|p1b: Eepy|2
|
|-damage|p2a: Kangaskhan|81/100 brn|[from] brn
|upkeep
|turn|6
|
|t:|1784834260
|move|p1b: Eepy|Rock Slide|p2a: Kangaskhan|[spread] p2a,p2b
|-supereffective|p2b: Dragonite|1
|-damage|p2a: Kangaskhan|64/100 brn
|-damage|p2b: Dragonite|0 fnt
|faint|p2b: Dragonite
|move|p1a: Tumble|Hex|p2a: Kangaskhan
|-immune|p2a: Kangaskhan
|move|p2a: Kangaskhan|Drain Punch|p1b: Eepy
|-supereffective|p1b: Eepy|1
|-damage|p1b: Eepy|37/100
|-heal|p2a: Kangaskhan|77/100 brn|[from] drain|[of] p1b: Eepy
|-supereffective|p1b: Eepy|1
|-damage|p1b: Eepy|32/100
|-heal|p2a: Kangaskhan|80/100 brn|[from] drain|[of] p1b: Eepy
|-hitcount|p1b: Eepy|2
|
|-damage|p2a: Kangaskhan|74/100 brn|[from] brn
|-fieldend|move: Trick Room
|upkeep
|
|t:|1784834277
|switch|p2b: Charizard|Charizard, L50, M|100/100
|turn|7
|
|t:|1784834304
|move|p2b: Charizard|Protect|p2b: Charizard
|-singleturn|p2b: Charizard|Protect
|move|p2a: Kangaskhan|Drain Punch|p1b: Eepy
|-supereffective|p1b: Eepy|1
|-damage|p1b: Eepy|15/100
|-heal|p2a: Kangaskhan|87/100 brn|[from] drain|[of] p1b: Eepy
|-supereffective|p1b: Eepy|1
|-damage|p1b: Eepy|10/100
|-heal|p2a: Kangaskhan|91/100 brn|[from] drain|[of] p1b: Eepy
|-hitcount|p1b: Eepy|2
|move|p1b: Eepy|Rest|p1b: Eepy
|-status|p1b: Eepy|slp|[from] move: Rest
|-heal|p1b: Eepy|100/100 slp|[silent]
|-enditem|p1b: Eepy|Chesto Berry|[eat]
|-curestatus|p1b: Eepy|slp|[msg]
|move|p1a: Tumble|Trick Room|p1a: Tumble
|-fieldstart|move: Trick Room|[of] p1a: Tumble
|
|-damage|p2a: Kangaskhan|85/100 brn|[from] brn
|upkeep
|turn|8
|
|t:|1784834357
|move|p1b: Eepy|Rock Slide|p2b: Charizard|[spread] p2a,p2b
|-crit|p2a: Kangaskhan
|-supereffective|p2b: Charizard|2
|-damage|p2a: Kangaskhan|56/100 brn
|-damage|p2b: Charizard|0 fnt
|faint|p2b: Charizard
|move|p1a: Tumble|Hex|p2a: Kangaskhan
|-immune|p2a: Kangaskhan
|move|p2a: Kangaskhan|Drain Punch|p1b: Eepy
|-supereffective|p1b: Eepy|1
|-damage|p1b: Eepy|81/100
|-heal|p2a: Kangaskhan|70/100 brn|[from] drain|[of] p1b: Eepy
|-supereffective|p1b: Eepy|1
|-damage|p1b: Eepy|77/100
|-heal|p2a: Kangaskhan|73/100 brn|[from] drain|[of] p1b: Eepy
|-hitcount|p1b: Eepy|2
|
|-damage|p2a: Kangaskhan|67/100 brn|[from] brn
|upkeep
|
|t:|1784834372
|switch|p2b: Azumarill|Azumarill, L50, M|100/100
|turn|9
|
|t:|1784834436
|move|p1b: Eepy|Body Slam|p2a: Kangaskhan
|-damage|p2a: Kangaskhan|23/100 brn
|move|p1a: Tumble|Will-O-Wisp|p2b: Azumarill
|-status|p2b: Azumarill|brn
|move|p2b: Azumarill|Play Rough|p1a: Tumble
|-supereffective|p1a: Tumble|1
|-damage|p1a: Tumble|24/100
|move|p2a: Kangaskhan|Drain Punch|p1b: Eepy
|-supereffective|p1b: Eepy|1
|-damage|p1b: Eepy|58/100
|-heal|p2a: Kangaskhan|37/100 brn|[from] drain|[of] p1b: Eepy
|-supereffective|p1b: Eepy|1
|-damage|p1b: Eepy|53/100
|-heal|p2a: Kangaskhan|40/100 brn|[from] drain|[of] p1b: Eepy
|-hitcount|p1b: Eepy|2
|
|-damage|p2b: Azumarill|93/100 brn|[from] brn
|-damage|p2a: Kangaskhan|34/100 brn|[from] brn
|-sideend|p1: jimbo13|Reflect
|upkeep
|turn|10
|
|t:|1784834550
|move|p2a: Kangaskhan|Protect|p2a: Kangaskhan
|-singleturn|p2a: Kangaskhan|Protect
|move|p1b: Eepy|Body Slam|p2a: Kangaskhan
|-activate|p2a: Kangaskhan|move: Protect
|move|p1a: Tumble|Hex|p2b: Azumarill
|-damage|p2b: Azumarill|14/100 brn
|move|p2b: Azumarill|Play Rough|p1a: Tumble
|-supereffective|p1a: Tumble|1
|-damage|p1a: Tumble|0 fnt
|faint|p1a: Tumble
|
|-damage|p2b: Azumarill|7/100 brn|[from] brn
|-damage|p2a: Kangaskhan|28/100 brn|[from] brn
|upkeep
|
|t:|1784834563
|switch|p1a: Sheol|Typhlosion-Hisui, L50, M|100/100
|turn|11
|
|t:|1784834591
|move|p2b: Azumarill|Protect|p2b: Azumarill
|-singleturn|p2b: Azumarill|Protect
|move|p1b: Eepy|Body Slam|p2a: Kangaskhan
|-damage|p2a: Kangaskhan|0 fnt
|faint|p2a: Kangaskhan
|move|p1a: Sheol|Eruption|p2b: Azumarill
|-activate|p2b: Azumarill|move: Protect
|
|-damage|p2b: Azumarill|1/100 brn|[from] brn
|-fieldend|move: Trick Room
|upkeep
|turn|12
|
|t:|1784834604
|move|p1a: Sheol|Eruption|p2b: Azumarill
|-resisted|p2b: Azumarill|1
|-damage|p2b: Azumarill|0 fnt
|faint|p2b: Azumarill
|
|win|jimbo13
||jimbo13 is ready for game 2.
|inactive|Gamingdragon123 has 30 seconds to confirm battle start!
||Gamingdragon123 is ready for game 2.
|uhtml|next|Next: Game 2 of 3
