|j|☆mysteriousmeatman
|j|☆DkayMM
|html|mysteriousmeatmanDkayMM    
|uhtml|bestof|Game 1 of a best-of-3
|t:|1756987595
|gametype|doubles
|player|p1|mysteriousmeatman|infielder|1009
|player|p2|DkayMM|1|1000
|gen|9
|tier|[Gen 9] VGC 2025 Reg H (Bo3)
|rated|
|rule|Species Clause: Limit one of each Pokémon
|rule|Item Clause: Limit 1 of each item
|clearpoke
|poke|p1|Honchkrow, L50, M|
|poke|p1|Azumarill, L50, F|
|poke|p1|Incineroar, L50, M|
|poke|p1|Gothitelle, L50, M|
|poke|p1|Weezing-Galar, L50, M|
|poke|p1|Farigiraf, L50, F|
|poke|p2|Charizard, L50, M|
|poke|p2|Torkoal, L50, M|
|poke|p2|Porygon2, L50|
|poke|p2|Incineroar, L50, F|
|poke|p2|Jumpluff, L50, M|
|poke|p2|Ursaluna, L50, M|
|teampreview|4
|showteam|p1|Honchkrow||FocusSash|SuperLuck|NightSlash,SuckerPunch,Protect,PerishSong|||M|||50|,,,,,Dark]Azumarill||SitrusBerry|HugePower|PlayRough,AquaJet,BellyDrum,Protect|||F|||50|,,,,,Water]Incineroar||SafetyGoggles|Intimidate|FakeOut,KnockOff,PartingShot,Protect|||M|||50|,,,,,Ghost]Gothitelle||AbilityShield|ShadowTag|FakeOut,Psychic,TrickRoom,Protect|||M|||50|,,,,,Dark]Weezing-Galar||CovertCloak|NeutralizingGas|DazzlingGleam,SludgeBomb,Haze,Protect|||M|||50|,,,,,Poison]Farigiraf||ThroatSpray|ArmorTail|HyperVoice,TeraBlast,TrickRoom,Protect|||F|||50|,,,,,Dragon
|showteam|p2|Charizard||ChoiceSpecs|SolarPower|HeatWave,Overheat,WeatherBall,AirSlash|||M|||50|,,,,,Ghost]Torkoal||EjectPack|Drought|Eruption,Overheat,HelpingHand,Protect|||M|||50|,,,,,Fire]Porygon2||Eviolite|Download|TeraBlast,IceBeam,Recover,TrickRoom||||||50|,,,,,Fighting]Incineroar||SitrusBerry|Intimidate|FlareBlitz,KnockOff,FakeOut,PartingShot|||F|||50|,,,,,Ghost]Jumpluff||CovertCloak|Chlorophyll|SleepPowder,SunnyDay,RagePowder,Tailwind|||M|||50|,,,,,Water]Ursaluna||FlameOrb|Guts|HeadlongRush,Facade,Earthquake,Protect|||M|||50|,,,,,Ghost
|inactive|Battle timer is ON: inactive players will automatically lose when time's up. (requested by mysteriousmeatman)
|inactive|DkayMM has 60 seconds left.
|
|t:|1756987654
|teamsize|p1|4
|teamsize|p2|4
|start
|switch|p1a: Weezing|Weezing-Galar, L50, M, shiny|100/100
|switch|p1b: Honchkrow|Honchkrow, L50, M, shiny|100/100
|switch|p2a: Charizard|Charizard, L50, M|100/100
|switch|p2b: Jumpluff|Jumpluff, L50, M|100/100
|-ability|p1a: Weezing|Neutralizing Gas
|turn|1
|inactive|DkayMM has 30 seconds left.
|
|t:|1756987679
|move|p1b: Honchkrow|Sucker Punch|p2a: Charizard
|-damage|p2a: Charizard|55/100
|move|p2b: Jumpluff|Sunny Day|p2b: Jumpluff
|-weather|SunnyDay
|move|p2a: Charizard|Heat Wave|p1b: Honchkrow|[spread] p1a,p1b
|-damage|p1a: Weezing|4/100
|-damage|p1b: Honchkrow|37/100
|move|p1a: Weezing|Sludge Bomb|p2a: Charizard
|-damage|p2a: Charizard|18/100
|
|-weather|SunnyDay|[upkeep]
|upkeep
|turn|2
|inactive|DkayMM has 30 seconds left.
|
|t:|1756987714
|switch|p2a: Ursaluna|Ursaluna, L50, M|100/100
|move|p1b: Honchkrow|Sucker Punch||[still]
|-fail|p1b: Honchkrow
|move|p2b: Jumpluff|Tailwind|p2b: Jumpluff
|-sidestart|p2: DkayMM|move: Tailwind
|move|p1a: Weezing|Sludge Bomb|p2b: Jumpluff
|-supereffective|p2b: Jumpluff
|-crit|p2b: Jumpluff
|-damage|p2b: Jumpluff|20/100
|
|-weather|SunnyDay|[upkeep]
|-status|p2a: Ursaluna|brn|[from] item: Flame Orb
|upkeep
|turn|3
|inactive|DkayMM has 30 seconds left.
|
|t:|1756987744
|switch|p2b: Charizard|Charizard, L50, M|18/100
|move|p1a: Weezing|Protect|p1a: Weezing
|-singleturn|p1a: Weezing|Protect
|move|p1b: Honchkrow|Sucker Punch|p2a: Ursaluna
|-damage|p2a: Ursaluna|77/100 brn
|move|p2a: Ursaluna|Earthquake|p1b: Honchkrow|[spread] 
|-activate|p1a: Weezing|move: Protect
|-immune|p2b: Charizard
|-immune|p1b: Honchkrow
|
|-weather|SunnyDay|[upkeep]
|-damage|p2a: Ursaluna|71/100 brn|[from] brn
|upkeep
|turn|4
|inactive|mysteriousmeatman has 30 seconds left.
|
|t:|1756987770
|switch|p2b: Jumpluff|Jumpluff, L50, M|20/100
|-end|p1a: Weezing|ability: Neutralizing Gas
|switch|p1a: Gothitelle|Gothitelle, L50, M, shiny|100/100
|move|p1b: Honchkrow|Sucker Punch||[still]
|-fail|p1b: Honchkrow
|move|p2a: Ursaluna|Earthquake|p1a: Gothitelle|[spread] p1a
|-immune|p2b: Jumpluff
|-immune|p1b: Honchkrow
|-damage|p1a: Gothitelle|31/100
|
|-weather|SunnyDay|[upkeep]
|-damage|p2a: Ursaluna|66/100 brn|[from] brn
|upkeep
|turn|5
|
|t:|1756987792
|move|p1a: Gothitelle|Fake Out|p2a: Ursaluna
|-damage|p2a: Ursaluna|61/100 brn
|move|p1b: Honchkrow|Sucker Punch|p2a: Ursaluna
|-damage|p2a: Ursaluna|36/100 brn
|move|p2b: Jumpluff|Sleep Powder|p1b: Honchkrow|[miss]
|-miss|p2b: Jumpluff|p1b: Honchkrow
|cant|p2a: Ursaluna|flinch
|
|-weather|none
|-damage|p2a: Ursaluna|30/100 brn|[from] brn
|-sideend|p2: DkayMM|move: Tailwind
|upkeep
|turn|6
|inactive|DkayMM has 30 seconds left.
|
|t:|1756987825
|move|p2a: Ursaluna|Protect|p2a: Ursaluna
|-singleturn|p2a: Ursaluna|Protect
|move|p1b: Honchkrow|Sucker Punch||[still]
|-fail|p1b: Honchkrow
|move|p2b: Jumpluff|Tailwind|p2b: Jumpluff
|-sidestart|p2: DkayMM|move: Tailwind
|move|p1a: Gothitelle|Trick Room|p1a: Gothitelle
|-fieldstart|move: Trick Room|[of] p1a: Gothitelle
|
|-damage|p2a: Ursaluna|24/100 brn|[from] brn
|upkeep
|turn|7
|inactive|DkayMM has 30 seconds left.
|inactive|DkayMM has 20 seconds left.
|inactive|DkayMM has 15 seconds left.
|inactive|DkayMM has 10 seconds left.
|inactive|DkayMM has 5 seconds left.
|
|t:|1756987879
|move|p2b: Jumpluff|Rage Powder|p2b: Jumpluff
|-singleturn|p2b: Jumpluff|move: Rage Powder
|move|p1a: Gothitelle|Psychic|p2b: Jumpluff
|-damage|p2b: Jumpluff|0 fnt
|faint|p2b: Jumpluff
|move|p1b: Honchkrow|Night Slash|p2a: Ursaluna
|-damage|p2a: Ursaluna|4/100 brn
|move|p2a: Ursaluna|Earthquake|p1a: Gothitelle|[spread] p1a
|-immune|p1b: Honchkrow
|-damage|p1a: Gothitelle|0 fnt
|faint|p1a: Gothitelle
|
|-damage|p2a: Ursaluna|0 fnt|[from] brn
|faint|p2a: Ursaluna
|upkeep
|
|t:|1756987897
|switch|p1a: Incineroar|Incineroar, L50, M, shiny|100/100
|switch|p2a: Incineroar|Incineroar, L50, F|100/100
|switch|p2b: Charizard|Charizard, L50, M|18/100
|-ability|p1a: Incineroar|Intimidate|boost
|-unboost|p2a: Incineroar|atk|1
|-unboost|p2b: Charizard|atk|1
|-ability|p2a: Incineroar|Intimidate|boost
|-unboost|p1a: Incineroar|atk|1
|-unboost|p1b: Honchkrow|atk|1
|turn|8
|inactive|DkayMM has 30 seconds left.
|c|☆mysteriousmeatman|damn you fought hard gg
|
|t:|1756987922
|-terastallize|p2b: Charizard|Ghost
|move|p2a: Incineroar|Fake Out|p1b: Honchkrow
|-damage|p1b: Honchkrow|26/100
|cant|p1b: Honchkrow|flinch
|move|p1a: Incineroar|Knock Off|p2b: Charizard
|-supereffective|p2b: Charizard
|-damage|p2b: Charizard|0 fnt
|-enditem|p2b: Charizard|Choice Specs|[from] move: Knock Off|[of] p1a: Incineroar
|faint|p2b: Charizard
|
|upkeep
|turn|9
|-message|DkayMM forfeited.
|
|win|mysteriousmeatman
||mysteriousmeatman is ready for game 2.
