|j|☆PigsPigsPigsPigs
|j|☆MidoMidori
|html|PigsPigsPigsPigsMidoMidori    
|uhtml|bestof|Game 1 of a best-of-3
|t:|1756646157
|gametype|doubles
|player|p1|PigsPigsPigsPigs|marley|1243
|player|p2|MidoMidori|roxanne-gen6|1253
|gen|9
|tier|[Gen 9] VGC 2025 Reg H (Bo3)
|rated|
|rule|Species Clause: Limit one of each Pokémon
|rule|Item Clause: Limit 1 of each item
|clearpoke
|poke|p1|Garchomp, L50, F|
|poke|p1|Maushold-Four, L50|
|poke|p1|Whimsicott, L50, F|
|poke|p1|Volcarona, L50, M|
|poke|p1|Rillaboom, L50, M|
|poke|p1|Gholdengo, L50|
|poke|p2|Sneasler, L50, M|
|poke|p2|Indeedee, L50, M|
|poke|p2|Volcarona, L50, F|
|poke|p2|Ursaluna-Bloodmoon, L50, M|
|poke|p2|Annihilape, L50, M|
|poke|p2|Tyranitar, L50, M|
|teampreview|4
|showteam|p1|Garchomp||ClearAmulet|RoughSkin|DragonClaw,SwordsDance,StompingTantrum,Protect|||F|||50|,,,,,Fire]Maushold-Four||WideLens|Technician|PopulationBomb,Taunt,FollowMe,Protect||||||50|,,,,,Normal]Whimsicott||CovertCloak|Prankster|Tailwind,Encore,Moonblast,Protect|||F|||50|,,,,,Dark]Volcarona||RockyHelmet|FlameBody|FieryDance,Protect,QuiverDance,GigaDrain|||M|||50|,,,,,Grass]Rillaboom||AssaultVest|GrassySurge|FakeOut,WoodHammer,Uturn,KnockOff|||M|||50|,,,,,Poison]Gholdengo||LifeOrb|GoodasGold|MakeItRain,ShadowBall,Protect,NastyPlot||||||50|,,,,,Dragon
|showteam|p2|Sneasler||PsychicSeed|Unburden|CloseCombat,DireClaw,ThroatChop,Protect|||M|||50|,,,,,Dark]Indeedee||FocusSash|PsychicSurge|ExpandingForce,TeraBlast,TrickRoom,Protect|||M|||50|,,,,,Fighting]Volcarona||SitrusBerry|FlameBody|Overheat,StruggleBug,RagePowder,Tailwind|||F|||50|,,,,,Grass]Ursaluna-Bloodmoon||LifeOrb|MindsEye|BloodMoon,HyperVoice,EarthPower,Protect|||M|||50|,,,,,Normal]Annihilape||SafetyGoggles|Defiant|CloseCombat,RageFist,Taunt,FinalGambit|||M|||50|,,,,,Fairy]Tyranitar||AssaultVest|SandStream|RockSlide,KnockOff,TeraBlast,LowKick|||M|||50|,,,,,Flying
|
|t:|1756646203
|teamsize|p1|4
|teamsize|p2|4
|start
|switch|p1a: Whimsicott|Whimsicott, L50, F|100/100
|switch|p1b: Gholdengo|Gholdengo, L50|100/100
|switch|p2a: Ursaluna|Ursaluna-Bloodmoon, L50, M|100/100
|switch|p2b: Volcarona|Volcarona, L50, F|100/100
|turn|1
|
|t:|1756646232
|-terastallize|p1b: Gholdengo|Dragon
|move|p1a: Whimsicott|Tailwind|p1a: Whimsicott
|-sidestart|p1: PigsPigsPigsPigs|move: Tailwind
|move|p1b: Gholdengo|Nasty Plot|p1b: Gholdengo
|-boost|p1b: Gholdengo|spa|2
|move|p2b: Volcarona|Tailwind|p2b: Volcarona
|-sidestart|p2: MidoMidori|move: Tailwind
|move|p2a: Ursaluna|Earth Power|p1b: Gholdengo
|-damage|p1b: Gholdengo|34/100
|-damage|p2a: Ursaluna|91/100|[from] item: Life Orb
|
|upkeep
|turn|2
|
|t:|1756646261
|switch|p2a: Indeedee|Indeedee, L50, M|100/100
|-fieldstart|move: Psychic Terrain|[from] ability: Psychic Surge|[of] p2a: Indeedee
|move|p1a: Whimsicott|Encore|p2b: Volcarona
|-activate|p2b: Volcarona|move: Psychic Terrain
|move|p2b: Volcarona|Overheat|p1b: Gholdengo
|-resisted|p1b: Gholdengo
|-damage|p1b: Gholdengo|6/100
|-unboost|p2b: Volcarona|spa|2
|move|p1b: Gholdengo|Make It Rain|p2b: Volcarona|[spread] p2a,p2b
|-resisted|p2b: Volcarona
|-enditem|p2a: Indeedee|Focus Sash
|-damage|p2a: Indeedee|1/100
|-damage|p2b: Volcarona|42/100
|-unboost|p1b: Gholdengo|spa|1
|-enditem|p2b: Volcarona|Sitrus Berry|[eat]
|-heal|p2b: Volcarona|67/100|[from] item: Sitrus Berry
|-damage|p1b: Gholdengo|0 fnt|[from] item: Life Orb
|faint|p1b: Gholdengo
|
|upkeep
|
|t:|1756646280
|switch|p1b: Garchomp|Garchomp, L50, F|100/100
|turn|3
|
|t:|1756646298
|switch|p2a: Ursaluna|Ursaluna-Bloodmoon, L50, M|91/100
|move|p1a: Whimsicott|Moonblast|p2a: Ursaluna
|-damage|p2a: Ursaluna|56/100
|-unboost|p2a: Ursaluna|spa|1
|move|p2b: Volcarona|Overheat|p1a: Whimsicott
|-supereffective|p1a: Whimsicott
|-damage|p1a: Whimsicott|26/100
|-unboost|p2b: Volcarona|spa|2
|move|p1b: Garchomp|Swords Dance|p1b: Garchomp
|-boost|p1b: Garchomp|atk|2
|
|upkeep
|turn|4
|
|t:|1756646315
|-terastallize|p2a: Ursaluna|Normal
|move|p1a: Whimsicott|Protect|p1a: Whimsicott
|-singleturn|p1a: Whimsicott|Protect
|move|p2b: Volcarona|Rage Powder|p2b: Volcarona
|-singleturn|p2b: Volcarona|move: Rage Powder
|move|p1b: Garchomp|Stomping Tantrum|p2b: Volcarona
|-damage|p2b: Volcarona|0 fnt
|-status|p1b: Garchomp|brn|[from] ability: Flame Body|[of] p2b: Volcarona
|faint|p2b: Volcarona
|move|p2a: Ursaluna|Hyper Voice|p1a: Whimsicott|[spread] p1b
|-activate|p1a: Whimsicott|move: Protect
|-damage|p1b: Garchomp|53/100 brn
|-damage|p2a: Ursaluna|46/100|[from] item: Life Orb
|
|-damage|p1b: Garchomp|47/100 brn|[from] brn
|-sideend|p2: MidoMidori|move: Tailwind
|-sideend|p1: PigsPigsPigsPigs|move: Tailwind
|upkeep
|
|t:|1756646321
|switch|p2b: Sneasler|Sneasler, L50, M|100/100
|-enditem|p2b: Sneasler|Psychic Seed
|-boost|p2b: Sneasler|spd|1|[from] item: Psychic Seed
|turn|5
|
|t:|1756646337
|move|p1a: Whimsicott|Tailwind|p1a: Whimsicott
|-sidestart|p1: PigsPigsPigsPigs|move: Tailwind
|move|p2b: Sneasler|Close Combat|p1b: Garchomp
|-damage|p1b: Garchomp|0 fnt
|-unboost|p2b: Sneasler|def|1
|-unboost|p2b: Sneasler|spd|1
|-damage|p2b: Sneasler|88/100|[from] ability: Rough Skin|[of] p1b: Garchomp
|faint|p1b: Garchomp
|move|p2a: Ursaluna|Hyper Voice|p1a: Whimsicott
|-damage|p1a: Whimsicott|0 fnt
|faint|p1a: Whimsicott
|-damage|p2a: Ursaluna|36/100|[from] item: Life Orb
|
|upkeep
|
|t:|1756646343
|switch|p1b: Rillaboom|Rillaboom, L50, M|100/100
|-fieldstart|move: Grassy Terrain|[from] ability: Grassy Surge|[of] p1b: Rillaboom
|turn|6
|
|t:|1756646347
|switch|p2a: Indeedee|Indeedee, L50, M|1/100
|-fieldstart|move: Psychic Terrain|[from] ability: Psychic Surge|[of] p2a: Indeedee
|move|p2b: Sneasler|Dire Claw|p1b: Rillaboom
|-supereffective|p1b: Rillaboom
|-damage|p1b: Rillaboom|18/100
|-status|p1b: Rillaboom|par
|cant|p1b: Rillaboom|par
|
|upkeep
|turn|7
|
|t:|1756646352
|move|p2b: Sneasler|Dire Claw|p1b: Rillaboom
|-supereffective|p1b: Rillaboom
|-damage|p1b: Rillaboom|0 fnt
|faint|p1b: Rillaboom
|
|win|MidoMidori
||MidoMidori is ready for game 2.
||PigsPigsPigsPigs is ready for game 2.
|uhtml|next|Next: Game 2 of 3
