|j|☆lanagram
|j|☆Lorido
|html|lanagramLorido    
|uhtml|bestof|Game 1 of a best-of-3
|t:|1784656162
|gametype|doubles
|player|p1|lanagram|102|1281
|player|p2|Lorido|101|1206
|gen|9
|tier|[Gen 9 Champions] VGC 2026 Reg M-B (Bo3)
|rated|
|rule|Species Clause: Limit one of each Pokémon
|rule|Item Clause: Limit 1 of each item
|clearpoke
|poke|p1|Metagross, L50|
|poke|p1|Sinistcha, L50|
|poke|p1|Archaludon, L50, M|
|poke|p1|Sneasler, L50, M|
|poke|p1|Pelipper, L50, F|
|poke|p1|Garchomp, L50, M|
|poke|p2|Aerodactyl, L50, M|
|poke|p2|Kingambit, L50, M|
|poke|p2|Sylveon, L50, F|
|poke|p2|Charizard, L50, M|
|poke|p2|Garchomp, L50, F|
|poke|p2|Farigiraf, L50, M|
|teampreview|4
|showteam|p1|Metagross||Metagrossite|ClearBody|PsychicFangs,StompingTantrum,IronHead,Protect|Jolly|||||50|]Sinistcha||KasibBerry|Hospitality|MatchaGotcha,ShadowBall,RagePowder,TrickRoom|Calm|||||50|]Archaludon||Leftovers|Stamina|ElectroShot,Snarl,FlashCannon,Protect|Modest||M|||50|]Sneasler||FocusSash|Unburden|CloseCombat,PoisonJab,FakeOut,Coaching|Jolly||M|||50|]Pelipper||DampRock|Drizzle|Hurricane,Tailwind,WeatherBall,Protect|Modest||F|||50|]Garchomp||Garchompite|RoughSkin|Earthquake,ScaleShot,RockSlide,Protect|Adamant||M|||50|
|showteam|p2|Aerodactyl||Aerodactylite|Unnerve|RockSlide,DualWingbeat,IceFang,Tailwind|Jolly||M|||50|]Kingambit||BlackGlasses|Defiant|KowtowCleave,IronHead,SuckerPunch,LowKick|Jolly||M|||50|]Sylveon||FairyFeather|Pixilate|HyperVoice,QuickAttack,HyperBeam,Detect|Modest||F|||50|]Charizard||CharizarditeY|Blaze|HeatWave,WeatherBall,SolarBeam,Protect|Modest||M|||50|]Garchomp||LifeOrb|RoughSkin|DragonClaw,Earthquake,RockSlide,Protect|Jolly||F|||50|]Farigiraf||SitrusBerry|ArmorTail|TwinBeam,Thunderbolt,TrickRoom,HelpingHand|Relaxed||M|||50|
|inactive|Battle timer is ON: inactive players will automatically lose when time's up. (requested by Lorido)
|inactive|lanagram has 60 seconds left.
|inactive|lanagram has 30 seconds left.
|inactive|lanagram has 20 seconds left.
|inactive|lanagram has 15 seconds left.
|inactive|lanagram has 10 seconds left.
|inactive|lanagram has 5 seconds left.
|
|t:|1784656252
|teamsize|p1|4
|teamsize|p2|4
|start
|switch|p1a: Sneasler|Sneasler, L50, M|100/100
|switch|p1b: Garchomp|Garchomp, L50, M|100/100
|switch|p2a: Sylveon|Sylveon, L50, F|100/100
|switch|p2b: Kingambit|Kingambit, L50, M|100/100
|turn|1
|inactive|Lorido has 30 seconds left.
|inactive|Lorido has 20 seconds left.
|inactive|Lorido has 15 seconds left.
|
|t:|1784656295
|detailschange|p1b: Garchomp|Garchomp-Mega, L50, M
|-mega|p1b: Garchomp|Garchomp|Garchompite
|move|p1a: Sneasler|Poison Jab|p2a: Sylveon
|-supereffective|p2a: Sylveon|1
|-damage|p2a: Sylveon|19/100
|-status|p2a: Sylveon|psn
|move|p1b: Garchomp|Rock Slide|p2b: Kingambit|[spread] p2a,p2b
|-resisted|p2b: Kingambit|1
|-damage|p2a: Sylveon|0 fnt
|-damage|p2b: Kingambit|89/100
|faint|p2a: Sylveon
|move|p2b: Kingambit|Kowtow Cleave|p1b: Garchomp
|-damage|p1b: Garchomp|56/100
|
|upkeep
|
|t:|1784656311
|switch|p2a: Garchomp|Garchomp, L50, F|100/100
|turn|2
|
|t:|1784656336
|switch|p2b: Charizard|Charizard, L50, M|100/100
|move|p1b: Garchomp|Protect|p1b: Garchomp
|-singleturn|p1b: Garchomp|Protect
|move|p1a: Sneasler|Coaching|p1b: Garchomp
|-boost|p1b: Garchomp|atk|1
|-boost|p1b: Garchomp|def|1
|move|p2a: Garchomp|Dragon Claw|p1b: Garchomp
|-activate|p1b: Garchomp|move: Protect
|
|upkeep
|turn|3
|inactive|Lorido has 30 seconds left.
|
|t:|1784656362
|switch|p2b: Kingambit|Kingambit, L50, M|89/100
|move|p1a: Sneasler|Coaching|p1b: Garchomp
|-boost|p1b: Garchomp|atk|1
|-boost|p1b: Garchomp|def|1
|move|p2a: Garchomp|Dragon Claw|p1b: Garchomp
|-supereffective|p1b: Garchomp|1
|-crit|p1b: Garchomp
|-damage|p1b: Garchomp|0 fnt
|faint|p1b: Garchomp
|-damage|p2a: Garchomp|90/100|[from] item: Life Orb
|
|upkeep
|c|☆lanagram|of course
|c|☆lanagram|from 40% to 60%
|inactive|lanagram has 30 seconds left.
|c|☆lanagram|nice
|
|t:|1784656393
|switch|p1b: Archaludon|Archaludon, L50, M|100/100
|turn|4
|
|t:|1784656408
|move|p2b: Kingambit|Sucker Punch||[still]
|-fail|p2b: Kingambit
|move|p1a: Sneasler|Coaching|p1b: Archaludon
|-boost|p1b: Archaludon|atk|1
|-boost|p1b: Archaludon|def|1
|move|p2a: Garchomp|Earthquake|p1b: Archaludon|[spread] p2b,p1a,p1b
|-supereffective|p2b: Kingambit|1
|-supereffective|p1a: Sneasler|1
|-supereffective|p1b: Archaludon|1
|-damage|p2b: Kingambit|0 fnt
|-enditem|p1a: Sneasler|Focus Sash
|-damage|p1a: Sneasler|1/100
|-damage|p1b: Archaludon|46/100
|-ability|p1b: Archaludon|Stamina|boost
|-boost|p1b: Archaludon|def|1
|faint|p2b: Kingambit
|-damage|p2a: Garchomp|80/100|[from] item: Life Orb
|move|p1b: Archaludon|Flash Cannon|p2a: Garchomp
|-damage|p2a: Garchomp|39/100
|
|-heal|p1b: Archaludon|52/100|[from] item: Leftovers
|upkeep
|
|t:|1784656424
|switch|p2b: Charizard|Charizard, L50, M|100/100
|turn|5
|inactive|lanagram has 30 seconds left.
|
|t:|1784656456
|move|p1b: Archaludon|Protect|p1b: Archaludon
|-singleturn|p1b: Archaludon|Protect
|move|p1a: Sneasler|Poison Jab|p2b: Charizard
|-damage|p2b: Charizard|58/100
|-status|p2b: Charizard|psn
|move|p2a: Garchomp|Earthquake|p1b: Archaludon|[spread] p1a
|-activate|p1b: Archaludon|move: Protect
|-immune|p2b: Charizard
|-supereffective|p1a: Sneasler|1
|-damage|p1a: Sneasler|0 fnt
|faint|p1a: Sneasler
|-damage|p2a: Garchomp|29/100|[from] item: Life Orb
|move|p2b: Charizard|Heat Wave|p1b: Archaludon
|-activate|p1b: Archaludon|move: Protect
|
|-heal|p1b: Archaludon|58/100|[from] item: Leftovers
|-damage|p2b: Charizard|46/100 psn|[from] psn
|upkeep
|
|t:|1784656465
|switch|p1a: Pelipper|Pelipper, L50, F|100/100
|-weather|RainDance|[from] ability: Drizzle|[of] p1a: Pelipper
|turn|6
|
|t:|1784656486
|detailschange|p2b: Charizard|Charizard-Mega-Y, L50, M
|-mega|p2b: Charizard|Charizard|Charizardite Y
|-weather|SunnyDay|[from] ability: Drought|[of] p2b: Charizard
|move|p1b: Archaludon|Protect||[still]
|-fail|p1b: Archaludon
|move|p2a: Garchomp|Dragon Claw|p1a: Pelipper
|-damage|p1a: Pelipper|38/100
|-damage|p2a: Garchomp|20/100r|[from] item: Life Orb
|move|p2b: Charizard|Weather Ball|p1b: Archaludon
|-damage|p1b: Archaludon|0 fnt
|faint|p1b: Archaludon
|move|p1a: Pelipper|Tailwind|p1a: Pelipper
|-sidestart|p1: lanagram|move: Tailwind
|
|-weather|SunnyDay|[upkeep]
|-damage|p2b: Charizard|34/100 psn|[from] psn
|upkeep
|turn|7
|inactive|lanagram has 30 seconds left.
|
|t:|1784656511
|move|p1a: Pelipper|Protect|p1a: Pelipper
|-singleturn|p1a: Pelipper|Protect
|move|p2a: Garchomp|Dragon Claw|p1a: Pelipper
|-activate|p1a: Pelipper|move: Protect
|move|p2b: Charizard|Solar Beam||[still]
|-prepare|p2b: Charizard|Solar Beam
|-anim|p2b: Charizard|Solar Beam|p1a: Pelipper
|-activate|p1a: Pelipper|move: Protect
|
|-weather|SunnyDay|[upkeep]
|-damage|p2b: Charizard|21/100 psn|[from] psn
|upkeep
|turn|8
|inactive|lanagram has 30 seconds left.
|inactive|lanagram has 20 seconds left.
|inactive|lanagram has 15 seconds left.
|inactive|lanagram has 10 seconds left.
|inactive|lanagram has 5 seconds left.
|
|t:|1784656566
|move|p1a: Pelipper|Hurricane|p2a: Garchomp|[miss]
|-miss|p1a: Pelipper|p2a: Garchomp
|move|p2a: Garchomp|Dragon Claw|p1a: Pelipper
|-damage|p1a: Pelipper|0 fnt
|faint|p1a: Pelipper
|-damage|p2a: Garchomp|10/100|[from] item: Life Orb
|
|win|Lorido
