|j|☆MegaLucarioVGC
|j|☆Jakobtc
|html|MegaLucarioVGCJakobtc    
|uhtml|bestof|Game 1 of a best-of-3
|t:|1757646063
|gametype|doubles
|player|p1|MegaLucarioVGC|roxie|1193
|player|p2|Jakobtc|riley|1063
|gen|9
|tier|[Gen 9] VGC 2025 Reg H (Bo3)
|rated|
|rule|Species Clause: Limit one of each Pokémon
|rule|Item Clause: Limit 1 of each item
|clearpoke
|poke|p1|Ursaluna, L50, F|
|poke|p1|Torkoal, L50, F|
|poke|p1|Dragonite, L50, F|
|poke|p1|Typhlosion-Hisui, L50, F|
|poke|p1|Jumpluff, L50, M|
|poke|p1|Farigiraf, L50, M|
|poke|p2|Drifblim, L50, M|
|poke|p2|Indeedee, L50, M|
|poke|p2|Arcanine-Hisui, L50, F|
|poke|p2|Garchomp, L50, M|
|poke|p2|Amoonguss, L50, M|
|poke|p2|Primarina, L50, M|
|teampreview|4
|showteam|p1|Ursaluna||FlameOrb|Guts|Protect,Earthquake,Facade,HeadlongRush|||F|||50|,,,,,Ghost]Torkoal||EjectPack|Drought|Eruption,Overheat,HelpingHand,Protect|||F|||50|,,,,,Fire]Dragonite||ChoiceBand|InnerFocus|Outrage,ExtremeSpeed,IceSpinner,StompingTantrum|||F|||50|,,,,,Normal]Typhlosion-Hisui||ChoiceSpecs|Blaze|Eruption,HeatWave,Overheat,ShadowBall|||F|||50|,,,,,Fire]Jumpluff||CovertCloak|Chlorophyll|SleepPowder,SunnyDay,Encore,Tailwind|||M|||50|,,,,,Water]Farigiraf||ThroatSpray|ArmorTail|HyperVoice,Psychic,TrickRoom,Protect|||M|||50|,,,,,Fairy
|showteam|p2|Drifblim||PsychicSeed|Unburden|Tailwind,StrengthSap,WillOWisp,Acrobatics|||M|||50|,,,,,Grass]Indeedee||FocusSash|PsychicSurge|ExpandingForce,TeraBlast,SkillSwap,Protect|||M|||50|,,,,,Fighting]Arcanine-Hisui||ChoiceBand|Intimidate|RockSlide,FlareBlitz,ExtremeSpeed,CloseCombat|||F|||50|,,,,,Grass]Garchomp||LifeOrb|RoughSkin|StompingTantrum,DragonClaw,Earthquake,Protect|||M|||50|,,,,,Ground]Amoonguss||SitrusBerry|Regenerator|Spore,LeafStorm,RagePowder,Protect|||M|||50|,,,,,Water]Primarina||MysticWater|LiquidVoice|HyperVoice,Moonblast,Haze,Protect|||M|||50|,,,,,Steel
|inactive|Battle timer is ON: inactive players will automatically lose when time's up. (requested by MegaLucarioVGC)
|c|☆Jakobtc|glhf
|c|☆MegaLucarioVGC|glhf
|inactive|MegaLucarioVGC has 60 seconds left.
|inactive|Jakobtc has 60 seconds left.
|
|t:|1757646113
|teamsize|p1|4
|teamsize|p2|4
|start
|switch|p1a: Farigiraf|Farigiraf, L50, M|100/100
|switch|p1b: Ursaluna|Ursaluna, L50, F|100/100
|switch|p2a: Drifblim|Drifblim, L50, M|100/100
|switch|p2b: Indeedee|Indeedee, L50, M|100/100
|-fieldstart|move: Psychic Terrain|[from] ability: Psychic Surge|[of] p2b: Indeedee
|-enditem|p2a: Drifblim|Psychic Seed
|-boost|p2a: Drifblim|spd|1|[from] item: Psychic Seed
|turn|1
|inactive|MegaLucarioVGC has 30 seconds left.
|inactive|Jakobtc has 30 seconds left.
|inactive|MegaLucarioVGC has 20 seconds left.
|inactive|MegaLucarioVGC has 15 seconds left.
|
|t:|1757646157
|switch|p1b: Torkoal|Torkoal, L50, F|100/100
|-weather|SunnyDay|[from] ability: Drought|[of] p1b: Torkoal
|move|p2a: Drifblim|Acrobatics|p1a: Farigiraf
|-damage|p1a: Farigiraf|67/100
|move|p2b: Indeedee|Expanding Force|p1b: Torkoal|[spread] p1a,p1b
|-resisted|p1a: Farigiraf
|-damage|p1a: Farigiraf|44/100
|-damage|p1b: Torkoal|34/100
|move|p1a: Farigiraf|Trick Room|p1a: Farigiraf
|-fieldstart|move: Trick Room|[of] p1a: Farigiraf
|
|-weather|SunnyDay|[upkeep]
|upkeep
|turn|2
|
|t:|1757646182
|move|p2b: Indeedee|Protect|p2b: Indeedee
|-singleturn|p2b: Indeedee|Protect
|move|p1b: Torkoal|Overheat|p2a: Drifblim
|-damage|p2a: Drifblim|48/100
|-unboost|p1b: Torkoal|spa|2
|-enditem|p1b: Torkoal|Eject Pack
|
|t:|1757646197
|switch|p1b: Ursaluna|Ursaluna, L50, F|100/100
|move|p1a: Farigiraf|Psychic|p2a: Drifblim
|-damage|p2a: Drifblim|18/100
|move|p2a: Drifblim|Acrobatics|p1b: Ursaluna
|-damage|p1b: Ursaluna|79/100
|
|-weather|SunnyDay|[upkeep]
|-status|p1b: Ursaluna|brn|[from] item: Flame Orb
|upkeep
|turn|3
|
|t:|1757646216
|move|p1b: Ursaluna|Facade|p2b: Indeedee
|-enditem|p2b: Indeedee|Focus Sash
|-damage|p2b: Indeedee|1/100
|move|p1a: Farigiraf|Hyper Voice|p2a: Drifblim|[spread] p2b
|-immune|p2a: Drifblim
|-damage|p2b: Indeedee|0 fnt
|faint|p2b: Indeedee
|-enditem|p1a: Farigiraf|Throat Spray
|-boost|p1a: Farigiraf|spa|1|[from] item: Throat Spray
|move|p2a: Drifblim|Strength Sap|p1b: Ursaluna
|-unboost|p1b: Ursaluna|atk|1
|-heal|p2a: Drifblim|100/100
|
|-weather|SunnyDay|[upkeep]
|-damage|p1b: Ursaluna|73/100 brn|[from] brn
|upkeep
|
|t:|1757646230
|switch|p2b: Arcanine|Arcanine-Hisui, L50, F|100/100
|-ability|p2b: Arcanine|Intimidate|boost
|-unboost|p1a: Farigiraf|atk|1
|-unboost|p1b: Ursaluna|atk|1
|turn|4
|inactive|Jakobtc has 30 seconds left.
|inactive|Jakobtc has 20 seconds left.
|
|t:|1757646270
|switch|p1b: Dragonite|Dragonite, L50, F|100/100
|switch|p2b: Primarina|Primarina, L50, M|100/100
|move|p1a: Farigiraf|Psychic|p2a: Drifblim
|-damage|p2a: Drifblim|53/100
|move|p2a: Drifblim|Strength Sap|p1b: Dragonite
|-unboost|p1b: Dragonite|atk|1
|-heal|p2a: Drifblim|100/100
|
|-weather|SunnyDay|[upkeep]
|upkeep
|turn|5
|
|t:|1757646289
|switch|p2b: Arcanine|Arcanine-Hisui, L50, F|100/100
|-ability|p2b: Arcanine|Intimidate|boost
|-unboost|p1a: Farigiraf|atk|1
|-fail|p1b: Dragonite|unboost|Attack|[from] ability: Inner Focus|[of] p1b: Dragonite
|move|p1a: Farigiraf|Psychic|p2b: Arcanine
|-damage|p2b: Arcanine|19/100
|move|p1b: Dragonite|Ice Spinner|p2a: Drifblim
|-supereffective|p2a: Drifblim
|-damage|p2a: Drifblim|34/100
|-fieldend|move: Psychic Terrain
|move|p2a: Drifblim|Will-O-Wisp|p1b: Dragonite
|-status|p1b: Dragonite|brn
|
|-weather|none
|-damage|p1b: Dragonite|94/100 brn|[from] brn
|-fieldend|move: Trick Room
|upkeep
|turn|6
|inactive|MegaLucarioVGC has 30 seconds left.
|inactive|Jakobtc has 30 seconds left.
|inactive|MegaLucarioVGC has 20 seconds left.
|
|t:|1757646325
|switch|p1a: Torkoal|Torkoal, L50, F|34/100
|-weather|SunnyDay|[from] ability: Drought|[of] p1a: Torkoal
|move|p2a: Drifblim|Strength Sap|p1b: Dragonite
|-unboost|p1b: Dragonite|atk|1
|-heal|p2a: Drifblim|88/100
|move|p1b: Dragonite|Ice Spinner|p2b: Arcanine
|-resisted|p2b: Arcanine
|-damage|p2b: Arcanine|12/100
|move|p2b: Arcanine|Rock Slide|p1a: Torkoal|[spread] p1a,p1b
|-supereffective|p1a: Torkoal
|-supereffective|p1b: Dragonite
|-crit|p1b: Dragonite
|-damage|p1a: Torkoal|0 fnt
|-damage|p1b: Dragonite|0 fnt
|faint|p1a: Torkoal
|faint|p1b: Dragonite
|
|-weather|SunnyDay|[upkeep]
|upkeep
|
|t:|1757646327
|switch|p1b: Farigiraf|Farigiraf, L50, M|44/100
|switch|p1a: Ursaluna|Ursaluna, L50, F|73/100 brn
|turn|7
|
|t:|1757646345
|move|p1b: Farigiraf|Protect|p1b: Farigiraf
|-singleturn|p1b: Farigiraf|Protect
|move|p2a: Drifblim|Acrobatics|p1b: Farigiraf
|-activate|p1b: Farigiraf|move: Protect
|move|p2b: Arcanine|Rock Slide|p1b: Farigiraf|[spread] p1a
|-activate|p1b: Farigiraf|move: Protect
|-resisted|p1a: Ursaluna
|-damage|p1a: Ursaluna|58/100 brn
|move|p1a: Ursaluna|Earthquake|p2a: Drifblim|[spread] p2b
|-activate|p1b: Farigiraf|move: Protect
|-immune|p2a: Drifblim
|-supereffective|p2b: Arcanine
|-damage|p2b: Arcanine|0 fnt
|faint|p2b: Arcanine
|
|-weather|SunnyDay|[upkeep]
|-damage|p1a: Ursaluna|52/100 brn|[from] brn
|upkeep
|
|t:|1757646364
|switch|p2b: Primarina|Primarina, L50, M|100/100
|turn|8
|
|t:|1757646373
|-terastallize|p1a: Ursaluna|Ghost
|move|p2a: Drifblim|Acrobatics|p1b: Farigiraf
|-damage|p1b: Farigiraf|13/100
|move|p2b: Primarina|Moonblast|p1b: Farigiraf
|-damage|p1b: Farigiraf|0 fnt
|faint|p1b: Farigiraf
|move|p1a: Ursaluna|Facade|p2b: Primarina
|-damage|p2b: Primarina|0 fnt
|faint|p2b: Primarina
|
|-weather|SunnyDay|[upkeep]
|-damage|p1a: Ursaluna|46/100 brn|[from] brn
|upkeep
|turn|9
|-message|MegaLucarioVGC forfeited.
|
|win|Jakobtc
|l|☆MegaLucarioVGC
|player|p1|
||MegaLucarioVGC is ready for game 2.
