|j|☆HAVINGFUN3.0
|j|☆T1guel
|html|HAVINGFUN3.0T1guel    
|uhtml|bestof|Game 1 of a best-of-3
|t:|1783277289
|gametype|doubles
|player|p1|HAVINGFUN3.0|hoopster|
|player|p2|T1guel|hilbert|
|gen|9
|tier|[Gen 9 Champions] VGC 2026 Reg M-B (Bo3)
|rule|Species Clause: Limit one of each Pokémon
|rule|Item Clause: Limit 1 of each item
|clearpoke
|poke|p1|Grimmsnarl, L50, M|
|poke|p1|Swampert, L50, M|
|poke|p1|Pelipper, L50, M|
|poke|p1|Archaludon, L50, F|
|poke|p1|Venusaur, L50, F|
|poke|p1|Hydreigon, L50, F|
|poke|p2|Aggron, L50, F|
|poke|p2|Cofagrigus, L50, F|
|poke|p2|Sinistcha, L50|
|poke|p2|Tyranitar, L50, F|
|poke|p2|Incineroar, L50, F|
|poke|p2|Farigiraf, L50, F|
|teampreview|4
|showteam|p1|Grimmsnarl||LightClay|Prankster|SpiritBreak,PartingShot,LightScreen,Reflect|Calm||M|||50|]Swampert||Swampertite|Damp|Protect,IcePunch,WaveCrash,Earthquake|Adamant||M|||50|]Pelipper||SitrusBerry|Drizzle|WideGuard,Tailwind,WeatherBall,Hurricane|Modest||M|||50|]Archaludon||Leftovers|Stamina|Protect,ElectroShot,FlashCannon,DragonPulse|Modest||F|||50|]Venusaur||Venusaurite|Chlorophyll|Protect,EarthPower,SludgeBomb,GigaDrain|Modest||F|||50|]Hydreigon||ChoiceScarf|Levitate|DracoMeteor,DarkPulse,Snarl,EarthPower|Modest||F|||50|
|showteam|p2|Aggron||Aggronite|Sturdy|BodyPress,HeavySlam,Protect,IronDefense|Sassy||F|||50|]Cofagrigus||MentalHerb|Mummy|ShadowBall,DestinyBond,Protect,TrickRoom|Sassy||F|||50|]Sinistcha||Leftovers|Hospitality|MatchaGotcha,ShadowBall,Protect,RagePowder|Sassy|||||50|]Tyranitar||Tyranitarite|SandStream|RockSlide,KnockOff,Protect,IcePunch|Brave||F|||50|]Incineroar||SitrusBerry|Intimidate|FakeOut,FlareBlitz,PartingShot,DarkestLariat|Adamant||F|||50|]Farigiraf||ColburBerry|ArmorTail|Psychic,SkillSwap,Protect,TrickRoom|Quiet||F|||50|
|c|☆T1guel|glhf
|
|t:|1783277352
|teamsize|p1|4
|teamsize|p2|4
|start
|switch|p1a: Hydreigon|Hydreigon, L50, F|100/100
|switch|p1b: Grimmsnarl|Grimmsnarl, L50, M|100/100
|switch|p2a: Aggron|Aggron, L50, F|100/100
|switch|p2b: Farigiraf|Farigiraf, L50, F|100/100
|turn|1
|
|t:|1783277384
|detailschange|p2a: Aggron|Aggron-Mega, L50, F
|-mega|p2a: Aggron|Aggron|Aggronite
|move|p2b: Farigiraf|Protect|p2b: Farigiraf
|-singleturn|p2b: Farigiraf|Protect
|move|p2a: Aggron|Protect|p2a: Aggron
|-singleturn|p2a: Aggron|Protect
|move|p1b: Grimmsnarl|Reflect|p1b: Grimmsnarl
|-sidestart|p1: HAVINGFUN3.0|Reflect
|move|p1a: Hydreigon|Dark Pulse|p2b: Farigiraf
|-activate|p2b: Farigiraf|move: Protect
|
|upkeep
|turn|2
|
|t:|1783277418
|switch|p1b: Pelipper|Pelipper, L50, M|100/100
|-weather|RainDance|[from] ability: Drizzle|[of] p1b: Pelipper
|switch|p2b: Tyranitar|Tyranitar, L50, F|100/100
|-weather|Sandstorm|[from] ability: Sand Stream|[of] p2b: Tyranitar
|move|p1a: Hydreigon|Dark Pulse|p2a: Aggron
|-damage|p2a: Aggron|64/100
|move|p2a: Aggron|Iron Defense|p2a: Aggron
|-boost|p2a: Aggron|def|2
|
|-weather|Sandstorm|[upkeep]
|-damage|p1a: Hydreigon|94/100|[from] Sandstorm
|-damage|p1b: Pelipper|94/100|[from] Sandstorm
|upkeep
|turn|3
|
|t:|1783277447
|switch|p1a: Grimmsnarl|Grimmsnarl, L50, M|100/100
|switch|p1b: Venusaur|Venusaur, L50, F|100/100
|move|p2b: Tyranitar|Knock Off|p1b: Venusaur
|-damage|p1b: Venusaur|72/100
|move|p2a: Aggron|Body Press|p1a: Grimmsnarl
|-damage|p1a: Grimmsnarl|46/100
|
|-weather|Sandstorm|[upkeep]
|-damage|p1b: Venusaur|66/100|[from] Sandstorm
|-damage|p1a: Grimmsnarl|40/100|[from] Sandstorm
|upkeep
|turn|4
|
|t:|1783277472
|switch|p2b: Farigiraf|Farigiraf, L50, F|100/100
|detailschange|p1b: Venusaur|Venusaur-Mega, L50, F
|-mega|p1b: Venusaur|Venusaur|Venusaurite
|move|p2a: Aggron|Protect|p2a: Aggron
|-singleturn|p2a: Aggron|Protect
|move|p1b: Venusaur|Giga Drain|p2b: Farigiraf
|-damage|p2b: Farigiraf|62/100
|-heal|p1b: Venusaur|89/100|[from] drain|[of] p2b: Farigiraf
|move|p1a: Grimmsnarl|Spirit Break|p2b: Farigiraf
|-damage|p2b: Farigiraf|35/100
|-unboost|p2b: Farigiraf|spa|1
|
|-weather|Sandstorm|[upkeep]
|-damage|p1b: Venusaur|83/100|[from] Sandstorm
|-damage|p1a: Grimmsnarl|34/100|[from] Sandstorm
|-damage|p2b: Farigiraf|29/100|[from] Sandstorm
|upkeep
|turn|5
|
|t:|1783277502
|switch|p1a: Pelipper|Pelipper, L50, M|94/100
|-weather|RainDance|[from] ability: Drizzle|[of] p1a: Pelipper
|switch|p2a: Girfkri|Sinistcha, L50|100/100
|-heal|p2b: Farigiraf|54/100|[from] ability: Hospitality|[of] p2a: Girfkri
|move|p2b: Farigiraf|Protect|p2b: Farigiraf
|-singleturn|p2b: Farigiraf|Protect
|move|p1b: Venusaur|Giga Drain|p2b: Farigiraf
|-activate|p2b: Farigiraf|move: Protect
|
|-weather|RainDance|[upkeep]
|upkeep
|turn|6
|
|t:|1783277516
|switch|p1b: Hydreigon|Hydreigon, L50, F|94/100
|move|p2a: Girfkri|Rage Powder|p2a: Girfkri
|-singleturn|p2a: Girfkri|move: Rage Powder
|move|p1a: Pelipper|Hurricane|p2a: Girfkri
|-supereffective|p2a: Girfkri|1
|-damage|p2a: Girfkri|19/100
|-start|p2a: Girfkri|confusion
|move|p2b: Farigiraf|Trick Room|p2b: Farigiraf
|-fieldstart|move: Trick Room|[of] p2b: Farigiraf
|
|-weather|RainDance|[upkeep]
|-heal|p2a: Girfkri|25/100|[from] item: Leftovers
|upkeep
|turn|7
|
|t:|1783277549
|switch|p2b: Tyranitar|Tyranitar, L50, F|100/100
|-weather|Sandstorm|[from] ability: Sand Stream|[of] p2b: Tyranitar
|switch|p2a: Aggron|Aggron-Mega, L50, F|64/100
|switch|p1a: Venusaur|Venusaur-Mega, L50, F|83/100
|move|p1b: Hydreigon|Snarl|p2a: Aggron|[spread] p2a,p2b
|-resisted|p2b: Tyranitar|1
|-damage|p2a: Aggron|46/100
|-damage|p2b: Tyranitar|93/100
|-unboost|p2a: Aggron|spa|1
|-unboost|p2b: Tyranitar|spa|1
|
|-weather|Sandstorm|[upkeep]
|-damage|p1a: Venusaur|78/100|[from] Sandstorm
|-damage|p1b: Hydreigon|88/100|[from] Sandstorm
|upkeep
|turn|8
|
|t:|1783277575
|switch|p2b: Farigiraf|Farigiraf, L50, F|54/100
|switch|p1b: Pelipper|Pelipper, L50, M|94/100
|-weather|RainDance|[from] ability: Drizzle|[of] p1b: Pelipper
|move|p2a: Aggron|Body Press|p1b: Pelipper
|-resisted|p1b: Pelipper|1
|-damage|p1b: Pelipper|79/100
|move|p1a: Venusaur|Giga Drain|p2b: Farigiraf
|-damage|p2b: Farigiraf|16/100
|-heal|p1a: Venusaur|100/100|[from] drain|[of] p2b: Farigiraf
|
|-weather|RainDance|[upkeep]
|-sideend|p1: HAVINGFUN3.0|Reflect
|upkeep
|turn|9
|
|t:|1783277609
|switch|p2a: Tyranitar|Tyranitar, L50, F|93/100
|-weather|Sandstorm|[from] ability: Sand Stream|[of] p2a: Tyranitar
|switch|p1a: Grimmsnarl|Grimmsnarl, L50, M|34/100
|move|p2b: Farigiraf|Psychic|p1a: Grimmsnarl
|-immune|p1a: Grimmsnarl
|move|p1b: Pelipper|Weather Ball|p2b: Farigiraf
|-damage|p2b: Farigiraf|0 fnt
|faint|p2b: Farigiraf
|
|-weather|Sandstorm|[upkeep]
|-damage|p1a: Grimmsnarl|28/100|[from] Sandstorm
|-damage|p1b: Pelipper|73/100|[from] Sandstorm
|upkeep
|
|t:|1783277616
|switch|p2b: Aggron|Aggron-Mega, L50, F|46/100
|turn|10
|
|t:|1783277650
|switch|p1b: Venusaur|Venusaur-Mega, L50, F|100/100
|move|p1a: Grimmsnarl|Reflect|p1a: Grimmsnarl
|-sidestart|p1: HAVINGFUN3.0|Reflect
|move|p2b: Aggron|Heavy Slam|p1a: Grimmsnarl
|-supereffective|p1a: Grimmsnarl|1
|-damage|p1a: Grimmsnarl|0 fnt
|faint|p1a: Grimmsnarl
|move|p2a: Tyranitar|Knock Off|p1b: Venusaur
|-damage|p1b: Venusaur|81/100
|
|-weather|Sandstorm|[upkeep]
|-damage|p1b: Venusaur|75/100|[from] Sandstorm
|-fieldend|move: Trick Room
|upkeep
|
|t:|1783277661
|switch|p1a: Pelipper|Pelipper, L50, M|73/100
|-weather|RainDance|[from] ability: Drizzle|[of] p1a: Pelipper
|turn|11
|
|t:|1783277685
|switch|p2a: Girfkri|Sinistcha, L50|25/100
|-heal|p2b: Aggron|71/100|[from] ability: Hospitality|[of] p2a: Girfkri
|move|p1b: Venusaur|Giga Drain|p2a: Girfkri
|-resisted|p2a: Girfkri|1
|-damage|p2a: Girfkri|6/100
|-heal|p1b: Venusaur|85/100|[from] drain|[of] p2a: Girfkri
|move|p1a: Pelipper|Hurricane|p2a: Girfkri
|-supereffective|p2a: Girfkri|1
|-damage|p2a: Girfkri|0 fnt
|faint|p2a: Girfkri
|move|p2b: Aggron|Heavy Slam|p1a: Pelipper
|-resisted|p1a: Pelipper|1
|-damage|p1a: Pelipper|53/100
|
|-weather|RainDance|[upkeep]
|upkeep
|
|t:|1783277694
|switch|p2a: Tyranitar|Tyranitar, L50, F|93/100
|-weather|Sandstorm|[from] ability: Sand Stream|[of] p2a: Tyranitar
|turn|12
|
|t:|1783277704
|switch|p1a: Hydreigon|Hydreigon, L50, F|88/100
|move|p1b: Venusaur|Giga Drain|p2a: Tyranitar
|-supereffective|p2a: Tyranitar|1
|-damage|p2a: Tyranitar|44/100
|-heal|p1b: Venusaur|100/100|[from] drain|[of] p2a: Tyranitar
|move|p2a: Tyranitar|Ice Punch|p1b: Venusaur
|-supereffective|p1b: Venusaur|1
|-damage|p1b: Venusaur|85/100
|move|p2b: Aggron|Body Press|p1b: Venusaur
|-resisted|p1b: Venusaur|1
|-damage|p1b: Venusaur|74/100
|
|-weather|Sandstorm|[upkeep]
|-damage|p1a: Hydreigon|82/100|[from] Sandstorm
|-damage|p1b: Venusaur|68/100|[from] Sandstorm
|upkeep
|turn|13
|
|t:|1783277730
|switch|p1a: Pelipper|Pelipper, L50, M|53/100
|-weather|RainDance|[from] ability: Drizzle|[of] p1a: Pelipper
|move|p1b: Venusaur|Earth Power|p2b: Aggron
|-supereffective|p2b: Aggron|1
|-damage|p2b: Aggron|32/100
|move|p2a: Tyranitar|Knock Off|p1b: Venusaur
|-damage|p1b: Venusaur|47/100
|move|p2b: Aggron|Body Press|p1a: Pelipper
|-resisted|p1a: Pelipper|1
|-damage|p1a: Pelipper|39/100
|-enditem|p1a: Pelipper|Sitrus Berry|[eat]
|-heal|p1a: Pelipper|64/100|[from] item: Sitrus Berry
|
|-weather|RainDance|[upkeep]
|upkeep
|turn|14
|
|t:|1783277755
|move|p1b: Venusaur|Earth Power|p2b: Aggron
|-supereffective|p2b: Aggron|1
|-damage|p2b: Aggron|0 fnt
|faint|p2b: Aggron
|move|p1a: Pelipper|Weather Ball|p2a: Tyranitar
|-supereffective|p2a: Tyranitar|1
|-damage|p2a: Tyranitar|0 fnt
|faint|p2a: Tyranitar
|
|win|HAVINGFUN3.0
||T1guel is ready for game 2.
