|j|☆NoiceDynamite
|j|☆WeVibein
|html|NoiceDynamiteWeVibein    
|uhtml|bestof|Game 2 of a best-of-3
|t:|1757640956
|gametype|doubles
|player|p1|NoiceDynamite|cynthia|1000
|player|p2|WeVibein|169|1092
|gen|9
|tier|[Gen 9] VGC 2025 Reg H (Bo3)
|rated|
|rule|Species Clause: Limit one of each Pokémon
|rule|Item Clause: Limit 1 of each item
|clearpoke
|poke|p1|Archaludon, L50, M|
|poke|p1|Pelipper, L50, F|
|poke|p1|Basculegion, L50, M|
|poke|p1|Amoonguss, L50, M|
|poke|p1|Incineroar, L50, M|
|poke|p1|Gholdengo, L50|
|poke|p2|Ursaluna, L50, F|
|poke|p2|Incineroar, L50, M|
|poke|p2|Porygon2, L50|
|poke|p2|Amoonguss, L50, M|
|poke|p2|Primarina, L50, F|
|poke|p2|Dragonite, L50, F|
|teampreview|4
|showteam|p1|Archaludon||AssaultVest|Stamina|DragonPulse,ElectroShot,FlashCannon,BodyPress|||M|||50|,,,,,Bug]Pelipper||FocusSash|Drizzle|WeatherBall,Hurricane,Tailwind,Protect|||F|||50|,,,,,Ground]Basculegion||ChoiceBand|SwiftSwim|WaveCrash,LastRespects,AquaJet,FlipTurn|||M|||50|,,,,,Grass]Amoonguss||CovertCloak|Regenerator|PollenPuff,RagePowder,Spore,Protect|||M|||50|,,,,,Water]Incineroar||SafetyGoggles|Intimidate|KnockOff,FakeOut,PartingShot,Taunt|||M|||50|,,,,,Ghost]Gholdengo||LifeOrb|GoodasGold|MakeItRain,ShadowBall,NastyPlot,Protect||||||50|,,,,,Water
|showteam|p2|Ursaluna||FlameOrb|Guts|Facade,HeadlongRush,Earthquake,Protect|||F|||50|,,,,,Normal]Incineroar||SafetyGoggles|Intimidate|FlareBlitz,KnockOff,PartingShot,FakeOut|||M|||50|,,,,,Water]Porygon2||Eviolite|Download|TrickRoom,TeraBlast,Thunderbolt,Protect||||||50|,,,,,Flying]Amoonguss||RockyHelmet|Regenerator|Spore,RagePowder,SludgeBomb,Protect|||M|||50|,,,,,Water]Primarina||LifeOrb|LiquidVoice|HyperVoice,Moonblast,Haze,Protect|||F|||50|,,,,,Poison]Dragonite||LoadedDice|Multiscale|ScaleShot,Tailwind,AerialAce,Protect|||F|||50|,,,,,Dragon
|inactive|Battle timer is ON: inactive players will automatically lose when time's up. (requested by NoiceDynamite)
|
|t:|1757640993
|teamsize|p1|4
|teamsize|p2|4
|start
|switch|p1a: Incineroar|Incineroar, L50, M|100/100
|switch|p1b: Archaludon|Archaludon, L50, M|100/100
|switch|p2a: Ursaluna|Ursaluna, L50, F, shiny|100/100
|switch|p2b: Incineroar|Incineroar, L50, M|100/100
|-ability|p2b: Incineroar|Intimidate|boost
|-unboost|p1a: Incineroar|atk|1
|-unboost|p1b: Archaludon|atk|1
|-ability|p1a: Incineroar|Intimidate|boost
|-unboost|p2a: Ursaluna|atk|1
|-unboost|p2b: Incineroar|atk|1
|turn|1
|inactive|NoiceDynamite has 30 seconds left.
|inactive|NoiceDynamite has 20 seconds left.
|inactive|NoiceDynamite has 15 seconds left.
|
|t:|1757641034
|switch|p1a: Pelipper|Pelipper, L50, F|100/100
|-weather|RainDance|[from] ability: Drizzle|[of] p1a: Pelipper
|-terastallize|p1b: Archaludon|Bug
|move|p2a: Ursaluna|Protect|p2a: Ursaluna
|-singleturn|p2a: Ursaluna|Protect
|move|p2b: Incineroar|Fake Out|p1a: Pelipper
|-damage|p1a: Pelipper|89/100
|move|p1b: Archaludon|Body Press|p2a: Ursaluna
|-activate|p2a: Ursaluna|move: Protect
|
|-weather|RainDance|[upkeep]
|-status|p2a: Ursaluna|brn|[from] item: Flame Orb
|upkeep
|turn|2
|inactive|NoiceDynamite has 30 seconds left.
|inactive|WeVibein has 30 seconds left.
|inactive|NoiceDynamite has 20 seconds left.
|inactive|WeVibein has 20 seconds left.
|inactive|WeVibein has 15 seconds left.
|
|t:|1757641077
|switch|p2a: Primarina|Primarina, L50, F|100/100
|move|p1a: Pelipper|Weather Ball|p2a: Primarina
|-resisted|p2a: Primarina
|-damage|p2a: Primarina|72/100
|move|p1b: Archaludon|Body Press|p2a: Primarina
|-resisted|p2a: Primarina
|-damage|p2a: Primarina|57/100
|move|p2b: Incineroar|Parting Shot|p1b: Archaludon
|-unboost|p1b: Archaludon|atk|1
|-unboost|p1b: Archaludon|spa|1
|
|t:|1757641090
|switch|p2b: Porygon2|Porygon2, L50|100/100|[from] Parting Shot
|-ability|p2b: Porygon2|Download|boost
|-boost|p2b: Porygon2|spa|1
|
|-weather|RainDance|[upkeep]
|upkeep
|turn|3
|
|t:|1757641113
|switch|p1b: Amoonguss|Amoonguss, L50, M|100/100
|move|p1a: Pelipper|Hurricane|p2b: Porygon2
|-damage|p2b: Porygon2|67/100
|-start|p2b: Porygon2|confusion
|move|p2a: Primarina|Hyper Voice|p1b: Amoonguss|[spread] p1a,p1b
|-resisted|p1a: Pelipper
|-resisted|p1b: Amoonguss
|-damage|p1a: Pelipper|32/100
|-damage|p1b: Amoonguss|69/100
|-damage|p2a: Primarina|48/100|[from] item: Life Orb
|-activate|p2b: Porygon2|confusion
|move|p2b: Porygon2|Trick Room|p2b: Porygon2
|-fieldstart|move: Trick Room|[of] p2b: Porygon2
|
|-weather|RainDance|[upkeep]
|upkeep
|turn|4
|inactive|NoiceDynamite has 30 seconds left.
|inactive|WeVibein has 30 seconds left.
|inactive|WeVibein has 20 seconds left.
|inactive|WeVibein has 15 seconds left.
|
|t:|1757641157
|switch|p2b: Incineroar|Incineroar, L50, M|100/100
|-ability|p2b: Incineroar|Intimidate|boost
|-unboost|p1a: Pelipper|atk|1
|-unboost|p1b: Amoonguss|atk|1
|move|p1a: Pelipper|Protect|p1a: Pelipper
|-singleturn|p1a: Pelipper|Protect
|move|p1b: Amoonguss|Spore|p2b: Incineroar
|-activate|p2b: Incineroar|item: Safety Goggles|Spore
|move|p2a: Primarina|Hyper Voice|p1a: Pelipper|[spread] p1b
|-activate|p1a: Pelipper|move: Protect
|-resisted|p1b: Amoonguss
|-damage|p1b: Amoonguss|43/100
|-damage|p2a: Primarina|38/100|[from] item: Life Orb
|
|-weather|RainDance|[upkeep]
|upkeep
|turn|5
|
|t:|1757641180
|switch|p2a: Ursaluna|Ursaluna, L50, F, shiny|100/100 brn
|move|p1b: Amoonguss|Spore||[still]
|-fail|p1b: Amoonguss
|move|p2b: Incineroar|Knock Off|p1a: Pelipper
|-damage|p1a: Pelipper|0 fnt
|-enditem|p1a: Pelipper|Focus Sash|[from] move: Knock Off|[of] p2b: Incineroar
|faint|p1a: Pelipper
|
|-weather|none
|-damage|p2a: Ursaluna|95/100 brn|[from] brn
|upkeep
|
|t:|1757641191
|switch|p1a: Incineroar|Incineroar, L50, M|100/100
|-ability|p1a: Incineroar|Intimidate|boost
|-unboost|p2a: Ursaluna|atk|1
|-unboost|p2b: Incineroar|atk|1
|turn|6
|
|t:|1757641207
|move|p1b: Amoonguss|Protect|p1b: Amoonguss
|-singleturn|p1b: Amoonguss|Protect
|move|p1a: Incineroar|Fake Out|p2a: Ursaluna
|-damage|p2a: Ursaluna|85/100 brn
|cant|p2a: Ursaluna|flinch
|move|p2b: Incineroar|Flare Blitz|p1b: Amoonguss
|-activate|p1b: Amoonguss|move: Protect
|
|-damage|p2a: Ursaluna|79/100 brn|[from] brn
|upkeep
|turn|7
|inactive|NoiceDynamite has 30 seconds left.
|inactive|WeVibein has 30 seconds left.
|inactive|NoiceDynamite has 20 seconds left.
|inactive|NoiceDynamite has 15 seconds left.
|inactive|NoiceDynamite has 10 seconds left.
|inactive|NoiceDynamite has 5 seconds left.
|
|t:|1757641258
|switch|p1a: Archaludon|Archaludon, L50, M, tera:Bug|100/100
|move|p1b: Amoonguss|Pollen Puff|p1a: Archaludon
|move|p2a: Ursaluna|Headlong Rush|p1b: Amoonguss
|-damage|p1b: Amoonguss|0 fnt
|-unboost|p2a: Ursaluna|def|1
|-unboost|p2a: Ursaluna|spd|1
|faint|p1b: Amoonguss
|move|p2b: Incineroar|Flare Blitz|p1a: Archaludon
|-supereffective|p1a: Archaludon
|-damage|p1a: Archaludon|47/100
|-ability|p1a: Archaludon|Stamina|boost
|-boost|p1a: Archaludon|def|1
|-damage|p2b: Incineroar|80/100|[from] Recoil
|
|-damage|p2a: Ursaluna|73/100 brn|[from] brn
|-fieldend|move: Trick Room
|upkeep
|
|t:|1757641274
|switch|p1b: Incineroar|Incineroar, L50, M|100/100
|-ability|p1b: Incineroar|Intimidate|boost
|-unboost|p2a: Ursaluna|atk|1
|-unboost|p2b: Incineroar|atk|1
|turn|8
|
|t:|1757641298
|switch|p2a: Primarina|Primarina, L50, F|38/100
|move|p1b: Incineroar|Fake Out|p2b: Incineroar
|-damage|p2b: Incineroar|69/100
|move|p1a: Archaludon|Body Press|p2a: Primarina
|-resisted|p2a: Primarina
|-damage|p2a: Primarina|17/100
|cant|p2b: Incineroar|flinch
|
|upkeep
|turn|9
|inactive|WeVibein has 30 seconds left.
|
|t:|1757641329
|move|p1a: Archaludon|Flash Cannon|p2a: Primarina
|-damage|p2a: Primarina|0 fnt
|faint|p2a: Primarina
|move|p2b: Incineroar|Knock Off|p1b: Incineroar
|-resisted|p1b: Incineroar
|-damage|p1b: Incineroar|90/100
|-enditem|p1b: Incineroar|Safety Goggles|[from] move: Knock Off|[of] p2b: Incineroar
|move|p1b: Incineroar|Parting Shot|p2b: Incineroar
|-unboost|p2b: Incineroar|atk|1
|-unboost|p2b: Incineroar|spa|1
|
|upkeep
|
|t:|1757641341
|switch|p2a: Porygon2|Porygon2, L50|67/100
|-ability|p2a: Porygon2|Download|boost
|-boost|p2a: Porygon2|spa|1
|turn|10
|inactive|WeVibein has 30 seconds left.
|
|t:|1757641371
|switch|p2b: Ursaluna|Ursaluna, L50, F, shiny|73/100 brn
|-terastallize|p2a: Porygon2|Flying
|move|p1a: Archaludon|Body Press|p2a: Porygon2
|-resisted|p2a: Porygon2
|-damage|p2a: Porygon2|55/100
|move|p1b: Incineroar|Knock Off|p2a: Porygon2
|-damage|p2a: Porygon2|32/100
|-enditem|p2a: Porygon2|Eviolite|[from] move: Knock Off|[of] p1b: Incineroar
|move|p2a: Porygon2|Tera Blast|p1a: Archaludon|[anim] Tera Blast Flying
|-supereffective|p1a: Archaludon
|-damage|p1a: Archaludon|0 fnt
|faint|p1a: Archaludon
|
|-damage|p2b: Ursaluna|67/100 brn|[from] brn
|upkeep
|turn|11
|inactive|WeVibein has 30 seconds left.
|
|t:|1757641398
|move|p1b: Incineroar|Knock Off|p2a: Porygon2
|-crit|p2a: Porygon2
|-damage|p2a: Porygon2|0 fnt
|faint|p2a: Porygon2
|move|p2b: Ursaluna|Headlong Rush|p1b: Incineroar
|-supereffective|p1b: Incineroar
|-damage|p1b: Incineroar|0 fnt
|-unboost|p2b: Ursaluna|def|1
|-unboost|p2b: Ursaluna|spd|1
|faint|p1b: Incineroar
|
|win|WeVibein
|raw|NoiceDynamite's rating: 1000 → 1000(+0 for losing)
|raw|WeVibein's rating: 1092 → 1111(+19 for winning)
|l|☆WeVibein
|player|p2|
