|j|☆someminamina
|j|☆cheesebiscuit12
|html|someminaminacheesebiscuit12    
|uhtml|bestof|Game 2 of a best-of-3
|t:|1785936251
|gametype|doubles
|player|p1|someminamina|101|
|player|p2|cheesebiscuit12|169|
|gen|9
|tier|[Gen 9 Champions] VGC 2026 Reg M-B (Bo3)
|rule|Species Clause: Limit one of each Pokémon
|rule|Item Clause: Limit 1 of each item
|clearpoke
|poke|p1|Sylveon, L50, M|
|poke|p1|Scrafty, L50, M, shiny|
|poke|p1|Raichu, L50, M, shiny|
|poke|p1|Grimmsnarl, L50, M, shiny|
|poke|p1|Rotom-Heat, L50, shiny|
|poke|p1|Slowking-Galar, L50, F|
|poke|p2|Gardevoir, L50, M|
|poke|p2|Metagross, L50|
|poke|p2|Whimsicott, L50, M|
|poke|p2|Sableye, L50, M|
|poke|p2|Arcanine, L50, F|
|poke|p2|Vileplume, L50, F|
|teampreview|4
|showteam|p1|Sylveon||FairyFeather|Pixilate|HyperBeam,HyperVoice,DrainingKiss,Detect|Quiet||M|||50|]Scrafty||LifeOrb|Intimidate|FakeOut,KnockOff,DrainPunch,Protect|Adamant||M|||50|]Raichu||RaichuniteY|LightningRod|FocusBlast,ZapCannon,Encore,Protect|Rash||M|||50|]Grimmsnarl||LightClay|Prankster|FakeOut,PartingShot,SuckerPunch,ScaryFace|Brave||M|||50|]Rotom-Heat||FocusSash|Levitate|Overheat,VoltSwitch,FoulPlay,WillOWisp|Bold|||||50|]Slowking-Galar||SitrusBerry|Regenerator|ChillyReception,Psychic,TrickRoom,Protect|Bold||F|||50|
|showteam|p2|Gardevoir||Gardevoirite|Telepathy|HyperVoice,Protect,Psyshock,CalmMind|Timid||M|||50|]Metagross||ExpertBelt|ClearBody|IronHead,IcePunch,Earthquake,PsychicFangs|Adamant|||||50|]Whimsicott||FocusSash|Chlorophyll|Protect,Moonblast,Tailwind,SunnyDay|Relaxed||M|||50|]Sableye||Sablenite|Prankster|FoulPlay,Taunt,SuckerPunch,LightScreen|Careful||M|||50|]Arcanine||Leftovers|Intimidate|ExtremeSpeed,WildCharge,FlareBlitz,MorningSun|Jolly||F|||50|]Vileplume||ZoomLens|Chlorophyll|AfterYou,Protect,SludgeBomb,SleepPowder|Timid||F|||50|
|
|t:|1785936275
|teamsize|p1|4
|teamsize|p2|4
|start
|switch|p1a: Slowking|Slowking-Galar, L50, F|100/100
|switch|p1b: Rotom|Rotom-Heat, L50, shiny|100/100
|switch|p2a: Xi Jinping|Whimsicott, L50, M|100/100
|switch|p2b: Imelda Marcos|Gardevoir, L50, M|100/100
|turn|1
|
|t:|1785936303
|detailschange|p2b: Imelda Marcos|Gardevoir-Mega, L50, M
|-mega|p2b: Imelda Marcos|Gardevoir|Gardevoirite
|move|p1a: Slowking|Protect|p1a: Slowking
|-singleturn|p1a: Slowking|Protect
|move|p2b: Imelda Marcos|Hyper Voice|p1b: Rotom|[spread] p1b
|-activate|p1a: Slowking|move: Protect
|-resisted|p1b: Rotom|1
|-damage|p1b: Rotom|71/100
|move|p1b: Rotom|Overheat|p2b: Imelda Marcos
|-damage|p2b: Imelda Marcos|56/100
|-unboost|p1b: Rotom|spa|2
|move|p2a: Xi Jinping|Tailwind|p2a: Xi Jinping
|-sidestart|p2: cheesebiscuit12|move: Tailwind
|
|upkeep
|turn|2
|
|t:|1785936334
|move|p2b: Imelda Marcos|Psyshock|p1b: Rotom
|-damage|p1b: Rotom|24/100
|move|p2a: Xi Jinping|Sunny Day|p2a: Xi Jinping
|-weather|SunnyDay
|move|p1b: Rotom|Volt Switch|p2b: Imelda Marcos
|-damage|p2b: Imelda Marcos|45/100
|
|t:|1785936342
|switch|p1b: Scrafty|Scrafty, L50, M, shiny|100/100|[from] Volt Switch
|-ability|p1b: Scrafty|Intimidate|boost
|-unboost|p2a: Xi Jinping|atk|1
|-unboost|p2b: Imelda Marcos|atk|1
|move|p1a: Slowking|Trick Room|p1a: Slowking
|-fieldstart|move: Trick Room|[of] p1a: Slowking
|
|-weather|SunnyDay|[upkeep]
|upkeep
|turn|3
|
|t:|1785936359
|switch|p2b: Vileplume|Vileplume, L50, F|100/100
|switch|p2a: Hamad|Metagross, L50|100/100
|move|p1b: Scrafty|Fake Out|p2b: Vileplume
|-damage|p2b: Vileplume|81/100
|-damage|p1b: Scrafty|90/100|[from] item: Life Orb
|-prepare|p1a: Slowking|Chilly Reception|[premajor]
|move|p1a: Slowking|Chilly Reception|p1a: Slowking
|-weather|Snowscape
|
|t:|1785936369
|switch|p1a: Grimmsnarl|Grimmsnarl, L50, M, shiny|100/100|[from] Chilly Reception
|
|-weather|Snowscape|[upkeep]
|upkeep
|turn|4
|
|t:|1785936404
|move|p2b: Vileplume|Protect|p2b: Vileplume
|-singleturn|p2b: Vileplume|Protect
|move|p1a: Grimmsnarl|Fake Out|p2b: Vileplume
|-activate|p2b: Vileplume|move: Protect
|move|p1b: Scrafty|Knock Off|p2a: Hamad
|-supereffective|p2a: Hamad|1
|-damage|p2a: Hamad|16/100
|-enditem|p2a: Hamad|Expert Belt|[from] move: Knock Off|[of] p1b: Scrafty
|-damage|p1b: Scrafty|80/100|[from] item: Life Orb
|move|p2a: Hamad|Iron Head|p1a: Grimmsnarl
|-supereffective|p1a: Grimmsnarl|1
|-damage|p1a: Grimmsnarl|3/100
|
|-weather|Snowscape|[upkeep]
|-sideend|p2: cheesebiscuit12|move: Tailwind
|upkeep
|turn|5
|
|t:|1785936426
|switch|p2a: Xi Jinping|Whimsicott, L50, M|100/100
|move|p1a: Grimmsnarl|Sucker Punch||[still]
|-fail|p1a: Grimmsnarl
|move|p1b: Scrafty|Knock Off|p2b: Vileplume
|-damage|p2b: Vileplume|12/100
|-enditem|p2b: Vileplume|Zoom Lens|[from] move: Knock Off|[of] p1b: Scrafty
|-damage|p1b: Scrafty|70/100|[from] item: Life Orb
|move|p2b: Vileplume|Sleep Powder|p1b: Scrafty
|-status|p1b: Scrafty|slp|[from] move: Sleep Powder
|
|-weather|Snowscape|[upkeep]
|upkeep
|turn|6
|
|t:|1785936452
|move|p1a: Grimmsnarl|Sucker Punch|p2b: Vileplume
|-damage|p2b: Vileplume|0 fnt
|faint|p2b: Vileplume
|cant|p1b: Scrafty|slp
|move|p2a: Xi Jinping|Sunny Day|p2a: Xi Jinping
|-weather|SunnyDay
|
|-weather|SunnyDay|[upkeep]
|-fieldend|move: Trick Room
|upkeep
|
|t:|1785936462
|switch|p2b: Imelda Marcos|Gardevoir-Mega, L50, M|45/100
|turn|7
|
|t:|1785936472
|move|p1a: Grimmsnarl|Parting Shot|p2b: Imelda Marcos
|-unboost|p2b: Imelda Marcos|atk|1
|-unboost|p2b: Imelda Marcos|spa|1
|
|t:|1785936477
|switch|p1a: Slowking|Slowking-Galar, L50, F|100/100|[from] Parting Shot
|move|p2a: Xi Jinping|Moonblast|p1b: Scrafty
|-supereffective|p1b: Scrafty|2
|-damage|p1b: Scrafty|0 fnt
|faint|p1b: Scrafty
|move|p2b: Imelda Marcos|Hyper Voice|p1a: Slowking
|-resisted|p1a: Slowking|1
|-damage|p1a: Slowking|83/100
|
|-weather|SunnyDay|[upkeep]
|upkeep
|
|t:|1785936483
|switch|p1b: Rotom|Rotom-Heat, L50, shiny|24/100
|turn|8
|
|t:|1785936521
|switch|p1b: Grimmsnarl|Grimmsnarl, L50, M, shiny|3/100
|move|p2a: Xi Jinping|Moonblast|p1b: Grimmsnarl
|-supereffective|p1b: Grimmsnarl|1
|-damage|p1b: Grimmsnarl|0 fnt
|faint|p1b: Grimmsnarl
|move|p2b: Imelda Marcos|Psyshock|p1a: Slowking
|-damage|p1a: Slowking|59/100
|move|p1a: Slowking|Trick Room|p1a: Slowking
|-fieldstart|move: Trick Room|[of] p1a: Slowking
|
|-weather|SunnyDay|[upkeep]
|upkeep
|
|t:|1785936531
|switch|p1b: Rotom|Rotom-Heat, L50, shiny|24/100
|turn|9
|
|t:|1785936547
|move|p2a: Xi Jinping|Protect|p2a: Xi Jinping
|-singleturn|p2a: Xi Jinping|Protect
|move|p1a: Slowking|Psychic|p2a: Xi Jinping
|-activate|p2a: Xi Jinping|move: Protect
|move|p1b: Rotom|Overheat|p2b: Imelda Marcos
|-damage|p2b: Imelda Marcos|0 fnt
|-unboost|p1b: Rotom|spa|2
|faint|p2b: Imelda Marcos
|
|-weather|SunnyDay|[upkeep]
|upkeep
|
|t:|1785936559
|switch|p2b: Hamad|Metagross, L50|16/100
|turn|10
|
|t:|1785936579
|move|p1a: Slowking|Psychic|p2b: Hamad
|-resisted|p2b: Hamad|2
|-damage|p2b: Hamad|8/100
|move|p2b: Hamad|Psychic Fangs|p1a: Slowking
|-damage|p1a: Slowking|23/100
|-enditem|p1a: Slowking|Sitrus Berry|[eat]
|-heal|p1a: Slowking|48/100|[from] item: Sitrus Berry
|move|p1b: Rotom|Overheat|p2a: Xi Jinping
|-supereffective|p2a: Xi Jinping|1
|-enditem|p2a: Xi Jinping|Focus Sash
|-damage|p2a: Xi Jinping|1/100
|-unboost|p1b: Rotom|spa|2
|move|p2a: Xi Jinping|Moonblast|p1b: Rotom
|-resisted|p1b: Rotom|1
|-crit|p1b: Rotom
|-damage|p1b: Rotom|3/100
|
|-weather|none
|upkeep
|turn|11
|
|t:|1785936606
|move|p2a: Xi Jinping|Protect|p2a: Xi Jinping
|-singleturn|p2a: Xi Jinping|Protect
|move|p1a: Slowking|Psychic|p2b: Hamad
|-resisted|p2b: Hamad|2
|-damage|p2b: Hamad|0 fnt
|faint|p2b: Hamad
|move|p1b: Rotom|Volt Switch|p2a: Xi Jinping
|-activate|p2a: Xi Jinping|move: Protect
|
|upkeep
|turn|12
|
|t:|1785936616
|move|p1a: Slowking|Psychic|p2a: Xi Jinping
|-damage|p2a: Xi Jinping|0 fnt
|faint|p2a: Xi Jinping
|
|win|someminamina
|l|☆someminamina
|player|p1|
