|j|☆megajoulevgc
|j|☆Gozante
|html|megajoulevgcGozante    
|uhtml|bestof|Game 1 of a best-of-3
|t:|1783607225
|gametype|doubles
|player|p1|megajoulevgc|artist|1368
|player|p2|Gozante|170|1422
|gen|9
|tier|[Gen 9 Champions] VGC 2026 Reg M-B (Bo3)
|rated|
|rule|Species Clause: Limit one of each Pokémon
|rule|Item Clause: Limit 1 of each item
|clearpoke
|poke|p1|Charizard, L50, F|
|poke|p1|Garchomp, L50, F|
|poke|p1|Toxapex, L50, F|
|poke|p1|Sinistcha, L50|
|poke|p1|Floette-Eternal, L50, F|
|poke|p1|Incineroar, L50, F|
|poke|p2|Sinistcha, L50|
|poke|p2|Sneasler, L50, F|
|poke|p2|Incineroar, L50, M|
|poke|p2|Blastoise, L50, F|
|poke|p2|Kingambit, L50, M|
|poke|p2|Floette-Eternal, L50, F|
|teampreview|4
|showteam|p1|Charizard||CharizarditeY|Blaze|HeatWave,WeatherBall,SolarBeam,Protect|Timid||F|||50|]Garchomp||LifeOrb|RoughSkin|Earthquake,RockSlide,DragonClaw,Protect|Adamant||F|||50|]Toxapex||Leftovers|Regenerator|WideGuard,Toxic,Infestation,Recover|Sassy||F|||50|]Sinistcha||CobaBerry|Hospitality|TrickRoom,RagePowder,MatchaGotcha,Protect|Relaxed|||||50|]Floette-Eternal||Floettite|FlowerVeil|CalmMind,DazzlingGleam,Moonblast,Protect|Modest||F|||50|]Incineroar||SitrusBerry|Intimidate|FakeOut,FlareBlitz,ThroatChop,PartingShot|Adamant||F|||50|
|showteam|p2|Sinistcha||OccaBerry|Hospitality|MatchaGotcha,TrickRoom,RagePowder,Protect|Bold|||||50|]Sneasler||FocusSash|PoisonTouch|CloseCombat,PoisonJab,FakeOut,RockTomb|Jolly||F|||50|]Incineroar||SitrusBerry|Intimidate|FlareBlitz,FakeOut,HelpingHand,PartingShot|Careful||M|||50|]Blastoise||Blastoisinite|RainDish|WaterSpout,DarkPulse,ShellSmash,Protect|Modest||F|||50|]Kingambit||LifeOrb|Defiant|KowtowCleave,SuckerPunch,SwordsDance,Protect|Adamant||M|||50|]Floette-Eternal||Floettite|FlowerVeil|Protect,CalmMind,DazzlingGleam,Moonblast|Modest||F|||50|
|inactive|Battle timer is ON: inactive players will automatically lose when time's up. (requested by megajoulevgc)
|inactive|megajoulevgc has 60 seconds left.
|inactive|Gozante has 60 seconds left.
|
|t:|1783607285
|teamsize|p1|4
|teamsize|p2|4
|start
|switch|p1a: Garchomp|Garchomp, L50, F|100/100
|switch|p1b: Sinistcha|Sinistcha, L50|100/100
|switch|p2a: Sneasler|Sneasler, L50, F|100/100
|switch|p2b: Kingambit|Kingambit, L50, M|100/100
|turn|1
|inactive|megajoulevgc has 30 seconds left.
|
|t:|1783607318
|move|p1b: Sinistcha|Protect|p1b: Sinistcha
|-singleturn|p1b: Sinistcha|Protect
|move|p2a: Sneasler|Fake Out|p1a: Garchomp
|-damage|p1a: Garchomp|87/100
|-damage|p2a: Sneasler|87/100|[from] ability: Rough Skin|[of] p1a: Garchomp
|-status|p1a: Garchomp|psn|[from] ability: Poison Touch|[of] p2a: Sneasler
|cant|p1a: Garchomp|flinch
|move|p2b: Kingambit|Swords Dance|p2b: Kingambit
|-boost|p2b: Kingambit|atk|2
|
|-damage|p1a: Garchomp|75/100 psn|[from] psn
|upkeep
|turn|2
|
|t:|1783607341
|switch|p2a: Incineroar|Incineroar, L50, M|100/100
|-ability|p2a: Incineroar|Intimidate|boost
|-unboost|p1a: Garchomp|atk|1
|-unboost|p1b: Sinistcha|atk|1
|move|p1b: Sinistcha|Rage Powder|p1b: Sinistcha
|-singleturn|p1b: Sinistcha|move: Rage Powder
|move|p1a: Garchomp|Earthquake|p2b: Kingambit|[spread] p1b,p2a,p2b
|-resisted|p1b: Sinistcha|1
|-supereffective|p2a: Incineroar|1
|-supereffective|p2b: Kingambit|1
|-damage|p1b: Sinistcha|85/100
|-damage|p2a: Incineroar|30/100
|-damage|p2b: Kingambit|47/100
|-enditem|p2a: Incineroar|Sitrus Berry|[eat]
|-heal|p2a: Incineroar|55/100|[from] item: Sitrus Berry
|-damage|p1a: Garchomp|65/100 psn|[from] item: Life Orb
|move|p2b: Kingambit|Kowtow Cleave|p1b: Sinistcha
|-supereffective|p1b: Sinistcha|1
|-damage|p1b: Sinistcha|0 fnt
|faint|p1b: Sinistcha
|-damage|p2b: Kingambit|37/100|[from] item: Life Orb
|
|-damage|p1a: Garchomp|53/100 psn|[from] psn
|upkeep
|
|t:|1783607353
|switch|p1b: Charizard|Charizard, L50, F|100/100
|turn|3
|
|t:|1783607366
|move|p1b: Charizard|Protect|p1b: Charizard
|-singleturn|p1b: Charizard|Protect
|move|p1a: Garchomp|Protect|p1a: Garchomp
|-singleturn|p1a: Garchomp|Protect
|move|p2a: Incineroar|Fake Out|p1a: Garchomp
|-activate|p1a: Garchomp|move: Protect
|move|p2b: Kingambit|Sucker Punch||[still]
|-fail|p2b: Kingambit
|
|-damage|p1a: Garchomp|41/100 psn|[from] psn
|upkeep
|turn|4
|
|t:|1783607389
|switch|p2a: Sinistcha|Sinistcha, L50|100/100
|-heal|p2b: Kingambit|62/100|[from] ability: Hospitality|[of] p2a: Sinistcha
|move|p1b: Charizard|Protect||[still]
|-fail|p1b: Charizard
|move|p2b: Kingambit|Sucker Punch||[still]
|-fail|p2b: Kingambit
|move|p1a: Garchomp|Earthquake|p2b: Kingambit|[spread] p2a,p2b
|-immune|p1b: Charizard
|-resisted|p2a: Sinistcha|1
|-supereffective|p2b: Kingambit|1
|-damage|p2a: Sinistcha|84/100
|-damage|p2b: Kingambit|8/100
|-damage|p1a: Garchomp|32/100 psn|[from] item: Life Orb
|
|-damage|p1a: Garchomp|20/100y psn|[from] psn
|upkeep
|turn|5
|inactive|megajoulevgc has 30 seconds left.
|inactive|megajoulevgc has 20 seconds left.
|inactive|megajoulevgc has 15 seconds left.
|
|t:|1783607431
|switch|p1a: Toxapex|Toxapex, L50, F|100/100
|move|p1b: Charizard|Protect|p1b: Charizard
|-singleturn|p1b: Charizard|Protect
|move|p2b: Kingambit|Sucker Punch||[still]
|-fail|p2b: Kingambit
|move|p2a: Sinistcha|Matcha Gotcha|p1b: Charizard|[spread] 
|-activate|p1b: Charizard|move: Protect
|-miss|p2a: Sinistcha|p1a: Toxapex
|
|upkeep
|turn|6
|inactive|megajoulevgc has 30 seconds left.
|
|t:|1783607462
|switch|p2a: Incineroar|Incineroar, L50, M|55/100
|-ability|p2a: Incineroar|Intimidate|boost
|-unboost|p1a: Toxapex|atk|1
|-unboost|p1b: Charizard|atk|1
|detailschange|p1b: Charizard|Charizard-Mega-Y, L50, F
|-mega|p1b: Charizard|Charizard|Charizardite Y
|-weather|SunnyDay|[from] ability: Drought|[of] p1b: Charizard
|move|p2b: Kingambit|Protect|p2b: Kingambit
|-singleturn|p2b: Kingambit|Protect
|move|p1b: Charizard|Heat Wave|p2a: Incineroar|[spread] p2a
|-activate|p2b: Kingambit|move: Protect
|-resisted|p2a: Incineroar|1
|-damage|p2a: Incineroar|28/100
|move|p1a: Toxapex|Toxic|p2a: Incineroar
|-status|p2a: Incineroar|tox
|
|-weather|SunnyDay|[upkeep]
|-damage|p2a: Incineroar|22/100 tox|[from] psn
|upkeep
|turn|7
|inactive|megajoulevgc has 30 seconds left.
|inactive|megajoulevgc has 20 seconds left.
|
|t:|1783607497
|move|p1b: Charizard|Protect|p1b: Charizard
|-singleturn|p1b: Charizard|Protect
|move|p2a: Incineroar|Fake Out|p1b: Charizard
|-activate|p1b: Charizard|move: Protect
|move|p2b: Kingambit|Kowtow Cleave|p1a: Toxapex
|-damage|p1a: Toxapex|13/100
|-damage|p2b: Kingambit|0 fnt|[from] item: Life Orb
|faint|p2b: Kingambit
|move|p1a: Toxapex|Infestation|p2a: Incineroar
|-damage|p2a: Incineroar|20/100y tox
|-activate|p2a: Incineroar|move: Infestation|[of] p1a: Toxapex
|
|-weather|SunnyDay|[upkeep]
|-heal|p1a: Toxapex|19/100|[from] item: Leftovers
|-damage|p2a: Incineroar|8/100 tox|[from] psn
|-damage|p2a: Incineroar|0 fnt|[from] move: Infestation|[partiallytrapped]
|faint|p2a: Incineroar
|upkeep
|
|t:|1783607504
|switch|p2a: Sinistcha|Sinistcha, L50|84/100
|switch|p2b: Sneasler|Sneasler, L50, F|87/100
|-heal|p2b: Sneasler|100/100|[from] ability: Hospitality|[of] p2a: Sinistcha
|turn|8
|inactive|megajoulevgc has 30 seconds left.
|
|t:|1783607552
|move|p2b: Sneasler|Fake Out|p1b: Charizard
|-damage|p1b: Charizard|81/100
|-status|p1b: Charizard|psn|[from] ability: Poison Touch|[of] p2b: Sneasler
|cant|p1b: Charizard|flinch
|move|p2a: Sinistcha|Matcha Gotcha|p1b: Charizard|[spread] p1a,p1b
|-resisted|p1b: Charizard|2
|-damage|p1a: Toxapex|1/100
|-heal|p2a: Sinistcha|92/100|[from] drain|[of] p1a: Toxapex
|-damage|p1b: Charizard|76/100 psn
|-heal|p2a: Sinistcha|95/100|[from] drain|[of] p1b: Charizard
|move|p1a: Toxapex|Recover|p1a: Toxapex
|-heal|p1a: Toxapex|51/100
|
|-weather|SunnyDay|[upkeep]
|-heal|p1a: Toxapex|57/100|[from] item: Leftovers
|-damage|p1b: Charizard|64/100 psn|[from] psn
|upkeep
|turn|9
|inactive|megajoulevgc has 30 seconds left.
|
|t:|1783607587
|move|p2a: Sinistcha|Protect|p2a: Sinistcha
|-singleturn|p2a: Sinistcha|Protect
|move|p2b: Sneasler|Rock Tomb|p1b: Charizard
|-supereffective|p1b: Charizard|2
|-damage|p1b: Charizard|0 fnt
|faint|p1b: Charizard
|move|p1a: Toxapex|Recover|p1a: Toxapex
|-heal|p1a: Toxapex|100/100
|
|-weather|SunnyDay|[upkeep]
|upkeep
|
|t:|1783607591
|switch|p1b: Garchomp|Garchomp, L50, F|20/100y psn
|turn|10
|
|t:|1783607611
|move|p2b: Sneasler|Close Combat|p1b: Garchomp
|-damage|p1b: Garchomp|0 fnt
|-unboost|p2b: Sneasler|def|1
|-unboost|p2b: Sneasler|spd|1
|-damage|p2b: Sneasler|87/100|[from] ability: Rough Skin|[of] p1b: Garchomp
|faint|p1b: Garchomp
|move|p2a: Sinistcha|Matcha Gotcha|p1a: Toxapex
|-damage|p1a: Toxapex|78/100
|-heal|p2a: Sinistcha|100/100|[from] drain|[of] p1a: Toxapex
|move|p1a: Toxapex|Toxic|p2a: Sinistcha
|-status|p2a: Sinistcha|tox
|
|-weather|none
|-heal|p1a: Toxapex|84/100|[from] item: Leftovers
|-damage|p2a: Sinistcha|93/100 tox|[from] psn
|upkeep
|turn|11
|
|t:|1783607620
|move|p2b: Sneasler|Rock Tomb|p1a: Toxapex
|-damage|p1a: Toxapex|66/100
|-unboost|p1a: Toxapex|spe|1
|move|p2a: Sinistcha|Matcha Gotcha|p1a: Toxapex
|-damage|p1a: Toxapex|43/100
|-heal|p2a: Sinistcha|100/100 tox|[from] drain|[of] p1a: Toxapex
|move|p1a: Toxapex|Infestation|p2b: Sneasler
|-resisted|p2b: Sneasler|2
|-crit|p2b: Sneasler
|-damage|p2b: Sneasler|85/100
|-activate|p2b: Sneasler|move: Infestation|[of] p1a: Toxapex
|
|-heal|p1a: Toxapex|49/100|[from] item: Leftovers
|-damage|p2a: Sinistcha|87/100 tox|[from] psn
|-damage|p2b: Sneasler|73/100|[from] move: Infestation|[partiallytrapped]
|upkeep
|turn|12
|
|t:|1783607628
|move|p2b: Sneasler|Close Combat|p1a: Toxapex
|-resisted|p1a: Toxapex|1
|-damage|p1a: Toxapex|24/100
|-unboost|p2b: Sneasler|def|1
|-unboost|p2b: Sneasler|spd|1
|move|p2a: Sinistcha|Matcha Gotcha|p1a: Toxapex
|-damage|p1a: Toxapex|1/100
|-heal|p2a: Sinistcha|97/100 tox|[from] drain|[of] p1a: Toxapex
|move|p1a: Toxapex|Recover|p1a: Toxapex
|-heal|p1a: Toxapex|51/100
|
|-heal|p1a: Toxapex|57/100|[from] item: Leftovers
|-damage|p2a: Sinistcha|79/100 tox|[from] psn
|-damage|p2b: Sneasler|61/100|[from] move: Infestation|[partiallytrapped]
|upkeep
|turn|13
|
|t:|1783607638
|move|p2b: Sneasler|Close Combat|p1a: Toxapex
|-resisted|p1a: Toxapex|1
|-damage|p1a: Toxapex|33/100
|-unboost|p2b: Sneasler|def|1
|-unboost|p2b: Sneasler|spd|1
|move|p2a: Sinistcha|Matcha Gotcha|p1a: Toxapex
|-damage|p1a: Toxapex|10/100
|-heal|p2a: Sinistcha|89/100 tox|[from] drain|[of] p1a: Toxapex
|move|p1a: Toxapex|Recover|p1a: Toxapex
|-heal|p1a: Toxapex|61/100
|
|-heal|p1a: Toxapex|66/100|[from] item: Leftovers
|-damage|p2a: Sinistcha|64/100 tox|[from] psn
|-damage|p2b: Sneasler|49/100|[from] move: Infestation|[partiallytrapped]
|upkeep
|turn|14
|
|t:|1783607646
|move|p2b: Sneasler|Close Combat|p1a: Toxapex
|-resisted|p1a: Toxapex|1
|-damage|p1a: Toxapex|42/100
|-unboost|p2b: Sneasler|def|1
|-unboost|p2b: Sneasler|spd|1
|move|p2a: Sinistcha|Matcha Gotcha|p1a: Toxapex
|-damage|p1a: Toxapex|20/100y
|-heal|p2a: Sinistcha|74/100 tox|[from] drain|[of] p1a: Toxapex
|-status|p1a: Toxapex|brn
|move|p1a: Toxapex|Recover|p1a: Toxapex
|-heal|p1a: Toxapex|70/100 brn
|
|-heal|p1a: Toxapex|76/100 brn|[from] item: Leftovers
|-damage|p2a: Sinistcha|43/100 tox|[from] psn
|-damage|p1a: Toxapex|70/100 brn|[from] brn
|-damage|p2b: Sneasler|37/100|[from] move: Infestation|[partiallytrapped]
|upkeep
|turn|15
|
|t:|1783607653
|move|p2b: Sneasler|Close Combat|p1a: Toxapex
|-resisted|p1a: Toxapex|1
|-damage|p1a: Toxapex|45/100 brn
|-unboost|p2b: Sneasler|def|1
|-unboost|p2b: Sneasler|spd|1
|move|p2a: Sinistcha|Matcha Gotcha|p1a: Toxapex
|-damage|p1a: Toxapex|24/100 brn
|-heal|p2a: Sinistcha|52/100 tox|[from] drain|[of] p1a: Toxapex
|move|p1a: Toxapex|Recover|p1a: Toxapex
|-heal|p1a: Toxapex|74/100 brn
|
|-heal|p1a: Toxapex|80/100 brn|[from] item: Leftovers
|-damage|p2a: Sinistcha|15/100 tox|[from] psn
|-damage|p1a: Toxapex|74/100 brn|[from] brn
|-end|p2b: Sneasler|Infestation|[partiallytrapped]
|upkeep
|turn|16
|
|t:|1783607659
|move|p2b: Sneasler|Close Combat|p1a: Toxapex
|-resisted|p1a: Toxapex|1
|-damage|p1a: Toxapex|49/100 brn
|-unboost|p2b: Sneasler|def|1
|-unboost|p2b: Sneasler|spd|1
|move|p2a: Sinistcha|Matcha Gotcha|p1a: Toxapex
|-damage|p1a: Toxapex|28/100 brn
|-heal|p2a: Sinistcha|25/100 tox|[from] drain|[of] p1a: Toxapex
|move|p1a: Toxapex|Recover|p1a: Toxapex
|-heal|p1a: Toxapex|78/100 brn
|
|-heal|p1a: Toxapex|84/100 brn|[from] item: Leftovers
|-damage|p2a: Sinistcha|0 fnt|[from] psn
|faint|p2a: Sinistcha
|-damage|p1a: Toxapex|78/100 brn|[from] brn
|upkeep
|turn|17
|
|t:|1783607662
|move|p2b: Sneasler|Close Combat|p1a: Toxapex
|-resisted|p1a: Toxapex|1
|-damage|p1a: Toxapex|56/100 brn
|move|p1a: Toxapex|Infestation|p2b: Sneasler
|-resisted|p2b: Sneasler|2
|-damage|p2b: Sneasler|34/100
|-activate|p2b: Sneasler|move: Infestation|[of] p1a: Toxapex
|
|-heal|p1a: Toxapex|61/100 brn|[from] item: Leftovers
|-damage|p1a: Toxapex|56/100 brn|[from] brn
|-damage|p2b: Sneasler|22/100|[from] move: Infestation|[partiallytrapped]
|upkeep
|turn|18
|
|t:|1783607664
|move|p2b: Sneasler|Close Combat|p1a: Toxapex
|-resisted|p1a: Toxapex|1
|-damage|p1a: Toxapex|35/100 brn
|move|p1a: Toxapex|Recover|p1a: Toxapex
|-heal|p1a: Toxapex|85/100 brn
|
|-heal|p1a: Toxapex|91/100 brn|[from] item: Leftovers
|-damage|p1a: Toxapex|85/100 brn|[from] brn
|-damage|p2b: Sneasler|10/100|[from] move: Infestation|[partiallytrapped]
|upkeep
|turn|19
|-message|Gozante forfeited.
|
|win|megajoulevgc
|l|☆Gozante
|player|p2|
||megajoulevgc is ready for game 2.
||Gozante is ready for game 2.
|uhtml|next|Next: Game 2 of 3
