|j|☆shminki
|j|☆ruki_gazer
|html|shminkiruki_gazer    
|uhtml|bestof|Game 1 of a best-of-3
|t:|1756871617
|gametype|doubles
|player|p1|shminki|ethan|1216
|player|p2|ruki_gazer|1|1191
|gen|9
|tier|[Gen 9] VGC 2025 Reg H (Bo3)
|rated|
|rule|Species Clause: Limit one of each Pokémon
|rule|Item Clause: Limit 1 of each item
|clearpoke
|poke|p1|Gholdengo, L50|
|poke|p1|Sneasler, L50, M|
|poke|p1|Rillaboom, L50, F|
|poke|p1|Dragonite, L50, M|
|poke|p1|Ninetales-Alola, L50, M|
|poke|p1|Arcanine-Hisui, L50, M|
|poke|p2|Dragonite, L50, M|
|poke|p2|Gholdengo, L50|
|poke|p2|Rillaboom, L50, F|
|poke|p2|Ursaluna-Bloodmoon, L50, M|
|poke|p2|Maushold-Four, L50|
|poke|p2|Annihilape, L50, F|
|teampreview|4
|showteam|p1|Gholdengo||GrassySeed|GoodasGold|NastyPlot,MakeItRain,ShadowBall,Protect||||||50|,,,,,Water]Sneasler||WhiteHerb|Unburden|CloseCombat,DireClaw,Coaching,Protect|||M|||50|,,,,,Ghost]Rillaboom||AssaultVest|GrassySurge|FakeOut,GrassyGlide,DrumBeating,HighHorsepower|||F|||50|,,,,,Fire]Dragonite||LoadedDice|Multiscale|ScaleShot,StompingTantrum,Tailwind,Protect|||M|||50|,,,,,Ground]Ninetales-Alola||FocusSash|SnowWarning|Blizzard,IcyWind,Encore,AuroraVeil|||M|||50|,,,,,Ghost]Arcanine-Hisui||ClearAmulet|Intimidate|RockSlide,FlareBlitz,ExtremeSpeed,Protect|||M|||50|,,,,,Water
|showteam|p2|Dragonite||LoadedDice|Multiscale|Tailwind,Haze,Protect,ScaleShot|||M|||50|,,,,,Fairy]Gholdengo||LifeOrb|GoodasGold|MakeItRain,ShadowBall,NastyPlot,Protect||||||50|,,,,,Water]Rillaboom||MiracleSeed|GrassySurge|WoodHammer,GrassyGlide,FakeOut,HighHorsepower|||F|||50|,,,,,Fire]Ursaluna-Bloodmoon||AssaultVest|MindsEye|BloodMoon,EarthPower,HyperVoice,VacuumWave|||M|||50|,,,,,Water]Maushold-Four||FocusSash|FriendGuard|SuperFang,FollowMe,BeatUp,Protect||||||50|,,,,,Ghost]Annihilape||SitrusBerry|Defiant|RageFist,DrainPunch,BulkUp,Protect|||F|||50|,,,,,Fire
|inactive|Battle timer is ON: inactive players will automatically lose when time's up. (requested by shminki)
|inactive|ruki_gazer has 60 seconds left.
|
|t:|1756871663
|teamsize|p1|4
|teamsize|p2|4
|start
|switch|p1a: Sneasler|Sneasler, L50, M|100/100
|switch|p1b: Dragonite|Dragonite, L50, M|100/100
|switch|p2a: Annihilape|Annihilape, L50, F|100/100
|switch|p2b: Rillaboom|Rillaboom, L50, F|100/100
|-fieldstart|move: Grassy Terrain|[from] ability: Grassy Surge|[of] p2b: Rillaboom
|turn|1
|
|t:|1756871687
|move|p2b: Rillaboom|Fake Out|p1a: Sneasler
|-damage|p1a: Sneasler|82/100
|cant|p1a: Sneasler|flinch
|move|p2a: Annihilape|Bulk Up|p2a: Annihilape
|-boost|p2a: Annihilape|atk|1
|-boost|p2a: Annihilape|def|1
|move|p1b: Dragonite|Scale Shot|p2a: Annihilape
|-damage|p2a: Annihilape|91/100
|-damage|p2a: Annihilape|81/100
|-damage|p2a: Annihilape|72/100
|-damage|p2a: Annihilape|61/100
|-hitcount|p2a: Annihilape|4
|-unboost|p1b: Dragonite|def|1
|-boost|p1b: Dragonite|spe|1
|
|-heal|p1a: Sneasler|88/100|[from] Grassy Terrain
|-heal|p2a: Annihilape|67/100|[from] Grassy Terrain
|upkeep
|turn|2
|inactive|shminki has 30 seconds left.
|inactive|shminki has 20 seconds left.
|inactive|shminki has 15 seconds left.
|inactive|shminki has 10 seconds left.
|inactive|shminki has 5 seconds left.
|
|t:|1756871738
|move|p2a: Annihilape|Protect|p2a: Annihilape
|-singleturn|p2a: Annihilape|Protect
|move|p1b: Dragonite|Scale Shot|p2a: Annihilape
|-activate|p2a: Annihilape|move: Protect
|move|p1a: Sneasler|Dire Claw|p2b: Rillaboom
|-supereffective|p2b: Rillaboom
|-damage|p2b: Rillaboom|17/100
|-status|p2b: Rillaboom|par
|cant|p2b: Rillaboom|par
|
|-heal|p1a: Sneasler|94/100|[from] Grassy Terrain
|-heal|p2a: Annihilape|74/100|[from] Grassy Terrain
|-heal|p2b: Rillaboom|23/100 par|[from] Grassy Terrain
|upkeep
|turn|3
|inactive|shminki has 30 seconds left.
|inactive|ruki_gazer has 30 seconds left.
|inactive|shminki has 20 seconds left.
|inactive|shminki has 15 seconds left.
|
|t:|1756871781
|move|p2b: Rillaboom|Grassy Glide|p1b: Dragonite
|-resisted|p1b: Dragonite
|-damage|p1b: Dragonite|92/100
|move|p1b: Dragonite|Scale Shot|p2a: Annihilape
|-damage|p2a: Annihilape|63/100
|-damage|p2a: Annihilape|53/100
|-damage|p2a: Annihilape|41/100
|-enditem|p2a: Annihilape|Sitrus Berry|[eat]
|-heal|p2a: Annihilape|66/100|[from] item: Sitrus Berry
|-damage|p2a: Annihilape|57/100
|-damage|p2a: Annihilape|47/100
|-hitcount|p2a: Annihilape|5
|-unboost|p1b: Dragonite|def|1
|-boost|p1b: Dragonite|spe|1
|move|p1a: Sneasler|Coaching|p1b: Dragonite
|-boost|p1b: Dragonite|atk|1
|-boost|p1b: Dragonite|def|1
|move|p2a: Annihilape|Rage Fist|p1a: Sneasler
|-damage|p1a: Sneasler|0 fnt
|faint|p1a: Sneasler
|
|-heal|p2a: Annihilape|53/100|[from] Grassy Terrain
|-heal|p2b: Rillaboom|29/100 par|[from] Grassy Terrain
|upkeep
|
|t:|1756871803
|switch|p1a: Ninetales|Ninetales-Alola, L50, M|100/100
|-weather|Snowscape|[from] ability: Snow Warning|[of] p1a: Ninetales
|turn|4
|
|t:|1756871816
|-terastallize|p2a: Annihilape|Fire
|move|p2b: Rillaboom|Grassy Glide|p1a: Ninetales
|-damage|p1a: Ninetales|54/100
|move|p1b: Dragonite|Scale Shot|p2a: Annihilape
|-damage|p2a: Annihilape|38/100
|-damage|p2a: Annihilape|22/100
|-damage|p2a: Annihilape|7/100
|-damage|p2a: Annihilape|0 fnt
|faint|p2a: Annihilape
|-hitcount|p2: Annihilape|4
|-unboost|p1b: Dragonite|def|1
|-boost|p1b: Dragonite|spe|1
|move|p1a: Ninetales|Blizzard|p2b: Rillaboom
|-supereffective|p2b: Rillaboom
|-damage|p2b: Rillaboom|0 fnt
|faint|p2b: Rillaboom
|
|-weather|Snowscape|[upkeep]
|-heal|p1a: Ninetales|60/100|[from] Grassy Terrain
|upkeep
|
|t:|1756871836
|switch|p2a: Gholdengo|Gholdengo, L50|100/100
|switch|p2b: Maushold|Maushold-Four, L50|100/100
|turn|5
|
|t:|1756871860
|move|p2b: Maushold|Protect|p2b: Maushold
|-singleturn|p2b: Maushold|Protect
|move|p1b: Dragonite|Scale Shot|p2b: Maushold
|-activate|p2b: Maushold|move: Protect
|move|p1a: Ninetales|Aurora Veil|p1a: Ninetales
|-sidestart|p1: shminki|move: Aurora Veil
|move|p2a: Gholdengo|Make It Rain|p1b: Dragonite|[spread] p1a,p1b
|-supereffective|p1a: Ninetales
|-damage|p1a: Ninetales|0 fnt
|-damage|p1b: Dragonite|55/100
|-unboost|p2a: Gholdengo|spa|1
|faint|p1a: Ninetales
|-damage|p2a: Gholdengo|91/100|[from] item: Life Orb
|
|-weather|Snowscape|[upkeep]
|-heal|p2a: Gholdengo|97/100|[from] Grassy Terrain
|-fieldend|move: Grassy Terrain
|upkeep
|
|t:|1756871866
|switch|p1a: Gholdengo|Gholdengo, L50|100/100
|turn|6
|inactive|ruki_gazer has 30 seconds left.
|
|t:|1756871900
|-terastallize|p1a: Gholdengo|Water
|move|p2b: Maushold|Follow Me|p2b: Maushold
|-singleturn|p2b: Maushold|move: Follow Me
|move|p1b: Dragonite|Scale Shot|p2b: Maushold
|-damage|p2b: Maushold|74/100
|-damage|p2b: Maushold|47/100
|-damage|p2b: Maushold|24/100
|-damage|p2b: Maushold|0 fnt
|faint|p2b: Maushold
|-hitcount|p2: Maushold|4
|-unboost|p1b: Dragonite|def|1
|-boost|p1b: Dragonite|spe|1
|move|p2a: Gholdengo|Shadow Ball|p1b: Dragonite
|-damage|p1b: Dragonite|31/100
|-damage|p2a: Gholdengo|87/100|[from] item: Life Orb
|move|p1a: Gholdengo|Shadow Ball|p2a: Gholdengo
|-supereffective|p2a: Gholdengo
|-damage|p2a: Gholdengo|4/100
|
|-weather|Snowscape|[upkeep]
|upkeep
|turn|7
|-message|ruki_gazer forfeited.
|
|win|shminki
||shminki is ready for game 2.
|inactive|ruki_gazer has 30 seconds to confirm battle start!
||ruki_gazer is ready for game 2.
|uhtml|next|Next: Game 2 of 3
