|j|☆VicSaus53
|j|☆Traindelpivgc
|html|VicSaus53Traindelpivgc    
|uhtml|bestof|Game 3 of a best-of-3
|t:|1756327569
|gametype|doubles
|player|p1|VicSaus53|169|1184
|player|p2|Traindelpivgc|hilbert-wonderlauncher|1125
|gen|9
|tier|[Gen 9] VGC 2025 Reg H (Bo3)
|rated|
|rule|Species Clause: Limit one of each Pokémon
|rule|Item Clause: Limit 1 of each item
|clearpoke
|poke|p1|Gallade, L50, M|
|poke|p1|Gholdengo, L50|
|poke|p1|Ninetales-Alola, L50, F|
|poke|p1|Electabuzz, L50, M|
|poke|p1|Rillaboom, L50, F|
|poke|p1|Dragonite, L50, M|
|poke|p2|Incineroar, L50, M|
|poke|p2|Amoonguss, L50, F|
|poke|p2|Ursaluna-Bloodmoon, L50, M|
|poke|p2|Sneasler, L50, M|
|poke|p2|Gholdengo, L50|
|poke|p2|Dragonite, L50, F|
|teampreview|4
|showteam|p1|Gallade||ClearAmulet|Sharpness|SacredSword,PsychoCut,NightSlash,Protect|||M|||50|,,,,,Dark]Gholdengo||MetalCoat|GoodasGold|MakeItRain,ShadowBall,NastyPlot,Protect||||||50|,,,,,Water]Ninetales-Alola||NeverMeltIce|SnowWarning|Blizzard,FreezeDry,Encore,Protect|||F|||50|,,,,,Ghost]Electabuzz||Eviolite|VitalSpirit|Electroweb,Taunt,FollowMe,Protect|||M|||50|,,,,,Fairy]Rillaboom||AssaultVest|GrassySurge|WoodHammer,GrassyGlide,Uturn,FakeOut|||F|||50|,,,,,Fire]Dragonite||LoadedDice|Multiscale|ScaleShot,ExtremeSpeed,Tailwind,Protect|||M|||50|,,,,,Normal
|showteam|p2|Incineroar||SafetyGoggles|Intimidate|FlareBlitz,KnockOff,PartingShot,FakeOut|||M|||50|,,,,,Ghost]Amoonguss||SitrusBerry|Regenerator|Spore,RagePowder,PollenPuff,Protect|||F|||50|,,,,,Psychic]Ursaluna-Bloodmoon||AssaultVest|MindsEye|HyperVoice,BloodMoon,EarthPower,VacuumWave|||M|||50|,,,,,Water]Sneasler||FocusSash|Unburden|CloseCombat,DireClaw,ThroatChop,Protect|||M|||50|,,,,,Stellar]Gholdengo||LifeOrb|GoodasGold|MakeItRain,ShadowBall,NastyPlot,Protect||||||50|,,,,,Water]Dragonite||LoadedDice|Multiscale|ScaleShot,Tailwind,Haze,Protect|||F|||50|,,,,,Fairy
|
|t:|1756327587
|teamsize|p1|4
|teamsize|p2|4
|start
|switch|p1a: Gallade|Gallade, L50, M|100/100
|switch|p1b: Electabuzz|Electabuzz, L50, M|100/100
|switch|p2a: Incineroar|Incineroar, L50, M|100/100
|switch|p2b: Gholdengo|Gholdengo, L50|100/100
|-ability|p2a: Incineroar|Intimidate|boost
|-fail|p1a: Gallade|unboost|[from] item: Clear Amulet|[of] p1a: Gallade
|-unboost|p1b: Electabuzz|atk|1
|turn|1
|inactive|Battle timer is ON: inactive players will automatically lose when time's up. (requested by Traindelpivgc)
|inactive|Traindelpivgc has 60 seconds left.
|
|t:|1756327631
|-terastallize|p1a: Gallade|Dark
|move|p2a: Incineroar|Fake Out|p1a: Gallade
|-damage|p1a: Gallade|83/100
|move|p1b: Electabuzz|Electroweb|p2b: Gholdengo|[spread] p2a,p2b
|-damage|p2a: Incineroar|90/100
|-damage|p2b: Gholdengo|85/100
|-unboost|p2a: Incineroar|spe|1
|-unboost|p2b: Gholdengo|spe|1
|cant|p1a: Gallade|flinch
|move|p2b: Gholdengo|Nasty Plot|p2b: Gholdengo
|-boost|p2b: Gholdengo|spa|2
|
|upkeep
|turn|2
|inactive|Traindelpivgc has 30 seconds left.
|inactive|Traindelpivgc has 20 seconds left.
|
|t:|1756327670
|-terastallize|p2a: Incineroar|Ghost
|move|p1a: Gallade|Protect|p1a: Gallade
|-singleturn|p1a: Gallade|Protect
|move|p2b: Gholdengo|Protect|p2b: Gholdengo
|-singleturn|p2b: Gholdengo|Protect
|move|p1b: Electabuzz|Electroweb|p2a: Incineroar|[spread] p2a
|-activate|p2b: Gholdengo|move: Protect
|-damage|p2a: Incineroar|78/100
|-unboost|p2a: Incineroar|spe|1
|move|p2a: Incineroar|Parting Shot|p1a: Gallade
|-activate|p1a: Gallade|move: Protect
|
|upkeep
|turn|3
|inactive|Traindelpivgc has 30 seconds left.
|inactive|Traindelpivgc has 20 seconds left.
|
|t:|1756327708
|move|p1b: Electabuzz|Taunt|p2a: Incineroar
|-start|p2a: Incineroar|move: Taunt
|move|p1a: Gallade|Night Slash|p2b: Gholdengo
|-supereffective|p2b: Gholdengo
|-crit|p2b: Gholdengo
|-damage|p2b: Gholdengo|0 fnt
|faint|p2b: Gholdengo
|cant|p2a: Incineroar|move: Taunt|Parting Shot
|
|upkeep
|
|t:|1756327716
|switch|p2b: Sneasler|Sneasler, L50, M|100/100
|turn|4
|inactive|Traindelpivgc has 30 seconds left.
|
|t:|1756327748
|switch|p2a: Dragonite|Dragonite, L50, F|100/100
|move|p2b: Sneasler|Protect|p2b: Sneasler
|-singleturn|p2b: Sneasler|Protect
|move|p1a: Gallade|Protect|p1a: Gallade
|-singleturn|p1a: Gallade|Protect
|move|p1b: Electabuzz|Electroweb|p2b: Sneasler|[spread] p2a
|-activate|p2b: Sneasler|move: Protect
|-damage|p2a: Dragonite|93/100
|-unboost|p2a: Dragonite|spe|1
|
|upkeep
|turn|5
|inactive|VicSaus53 has 30 seconds left.
|inactive|Traindelpivgc has 30 seconds left.
|inactive|VicSaus53 has 20 seconds left.
|inactive|Traindelpivgc has 20 seconds left.
|
|t:|1756327786
|move|p2b: Sneasler|Dire Claw|p1b: Electabuzz
|-damage|p1b: Electabuzz|61/100
|move|p1b: Electabuzz|Taunt|p2a: Dragonite
|-start|p2a: Dragonite|move: Taunt
|move|p1a: Gallade|Psycho Cut|p2b: Sneasler
|-supereffective|p2b: Sneasler
|-enditem|p2b: Sneasler|Focus Sash
|-damage|p2b: Sneasler|1/100
|move|p2a: Dragonite|Scale Shot|p1a: Gallade
|-damage|p1a: Gallade|60/100
|-damage|p1a: Gallade|39/100
|-damage|p1a: Gallade|17/100
|-damage|p1a: Gallade|0 fnt
|faint|p1a: Gallade
|-hitcount|p1: Gallade|4
|-unboost|p2a: Dragonite|def|1
|-boost|p2a: Dragonite|spe|1
|
|upkeep
|
|t:|1756327795
|switch|p1a: Ninetales|Ninetales-Alola, L50, F|100/100
|-weather|Snowscape|[from] ability: Snow Warning|[of] p1a: Ninetales
|turn|6
|c|☆VicSaus53|gg
|inactive|Traindelpivgc has 30 seconds left.
|
|t:|1756327829
|move|p2b: Sneasler|Protect|p2b: Sneasler
|-singleturn|p2b: Sneasler|Protect
|move|p1b: Electabuzz|Follow Me|p1b: Electabuzz
|-singleturn|p1b: Electabuzz|move: Follow Me
|move|p1a: Ninetales|Blizzard|p2a: Dragonite|[spread] p2a
|-activate|p2b: Sneasler|move: Protect
|-supereffective|p2a: Dragonite
|-damage|p2a: Dragonite|0 fnt
|faint|p2a: Dragonite
|
|-weather|Snowscape|[upkeep]
|upkeep
|-message|Traindelpivgc forfeited.
|
|win|VicSaus53
|raw|VicSaus53's rating: 1184 → 1205(+21 for winning)
|raw|Traindelpivgc's rating: 1125 → 1104(-21 for losing)
