|j|☆SuprEpcGuy
|j|‽Jvvkjvkgkkb
|html|SuprEpcGuyJvvkjvkgkkb    
|uhtml|bestof|Game 2 of a best-of-3
|t:|1784995296
|gametype|doubles
|player|p1|SuprEpcGuy|shauntal|1175
|player|p2|Jvvkjvkgkkb|ingo|1081
|gen|9
|tier|[Gen 9 Champions] VGC 2026 Reg M-B (Bo3)
|rated|
|rule|Species Clause: Limit one of each Pokémon
|rule|Item Clause: Limit 1 of each item
|clearpoke
|poke|p1|Zoroark-Hisui, L50, F|
|poke|p1|Torkoal, L50, F|
|poke|p1|Farigiraf, L50, F|
|poke|p1|Floette-Eternal, L50, F|
|poke|p1|Aerodactyl, L50, M|
|poke|p1|Incineroar, L50, F|
|poke|p2|Mawile, L50, F|
|poke|p2|Farigiraf, L50, M|
|poke|p2|Incineroar, L50, M|
|poke|p2|Milotic, L50, M|
|poke|p2|Sinistcha, L50|
|poke|p2|Kingambit, L50, F|
|teampreview|4
|showteam|p1|Zoroark-Hisui||ChoiceScarf|Illusion|IcyWind,BitterMalice,HyperVoice,Taunt|Timid||F|||50|]Torkoal||Charcoal|Drought|Eruption,WeatherBall,EarthPower,Protect|Quiet||F|||50|]Farigiraf||ColburBerry|ArmorTail|Psychic,Thunderbolt,TrickRoom,HelpingHand|Quiet||F|||50|]Floette-Eternal||Floettite|FlowerVeil|Moonblast,DazzlingGleam,LightofRuin,Protect|Timid||F|||50|]Aerodactyl||FocusSash|Unnerve|RockSlide,DualWingbeat,Tailwind,Protect|Jolly||M|||50|]Incineroar||LifeOrb|Intimidate|FakeOut,DarkestLariat,FlareBlitz,PartingShot|Adamant||F|||50|
|showteam|p2|Mawile||Mawilite|Intimidate|PlayRough,IronHead,SuckerPunch,Protect|Brave||F|||50|]Farigiraf||FocusSash|ArmorTail|TrickRoom,HyperVoice,HelpingHand,Psychic|Quiet||M|||50|]Incineroar||SitrusBerry|Intimidate|FakeOut,PartingShot,FlareBlitz,ThroatChop|Adamant||M|||50|]Milotic||Leftovers|Competitive|IcyWind,Scald,Recover,Protect|Modest||M|||50|]Sinistcha||OccaBerry|Hospitality|TrickRoom,RagePowder,MatchaGotcha,LifeDew|Relaxed|||||50|]Kingambit||BlackGlasses|Defiant|KowtowCleave,SuckerPunch,LowKick,Protect|Adamant||F|||50|
|inactive|Battle timer is ON: inactive players will automatically lose when time's up. (requested by Jvvkjvkgkkb)
|inactive|SuprEpcGuy also wants the timer to be on.
|inactive|SuprEpcGuy has 60 seconds left.
|inactive|Jvvkjvkgkkb has 60 seconds left.
|
|t:|1784995328
|teamsize|p1|4
|teamsize|p2|4
|start
|switch|p1a: Racecar|Farigiraf, L50, F|100/100
|switch|p1b: Floette|Floette-Eternal, L50, F|100/100
|switch|p2a: Incineroar|Incineroar, L50, M|100/100
|switch|p2b: Mawile|Mawile, L50, F|100/100
|-ability|p2a: Incineroar|Intimidate|boost
|-unboost|p1a: Racecar|atk|1
|-unboost|p1b: Floette|atk|1
|-ability|p2b: Mawile|Intimidate|boost
|-unboost|p1a: Racecar|atk|1
|-unboost|p1b: Floette|atk|1
|turn|1
|inactive|SuprEpcGuy has 30 seconds left.
|inactive|SuprEpcGuy has 20 seconds left.
|inactive|SuprEpcGuy has 15 seconds left.
|
|t:|1784995371
|detailschange|p1b: Floette|Floette-Mega, L50, F
|-mega|p1b: Floette|Floette|Floettite
|-ability|p1b: Floette|Fairy Aura
|detailschange|p2b: Mawile|Mawile-Mega, L50, F
|-mega|p2b: Mawile|Mawile|Mawilite
|move|p1a: Racecar|Helping Hand|p1b: Floette
|-singleturn|p1b: Floette|Helping Hand|[of] p1a: Racecar
|move|p2a: Incineroar|Fake Out||[still]
|cant|p1a: Racecar|ability: Armor Tail|Fake Out|[of] p2a: Incineroar
|move|p1b: Floette|Dazzling Gleam|p2a: Incineroar|[spread] p2a,p2b
|-resisted|p2b: Mawile|1
|-damage|p2a: Incineroar|46/100
|-damage|p2b: Mawile|57/100
|-enditem|p2a: Incineroar|Sitrus Berry|[eat]
|-heal|p2a: Incineroar|70/100|[from] item: Sitrus Berry
|move|p2b: Mawile|Iron Head|p1b: Floette
|-supereffective|p1b: Floette|1
|-damage|p1b: Floette|0 fnt
|faint|p1b: Floette
|
|upkeep
|
|t:|1784995390
|switch|p1b: Big Purr|Incineroar, L50, F|100/100
|-ability|p1b: Big Purr|Intimidate|boost
|-unboost|p2a: Incineroar|atk|1
|-unboost|p2b: Mawile|atk|1
|turn|2
|inactive|SuprEpcGuy has 30 seconds left.
|
|t:|1784995424
|switch|p2b: Farigiraf|Farigiraf, L50, M|100/100
|move|p1b: Big Purr|Parting Shot|p2b: Farigiraf
|-unboost|p2b: Farigiraf|atk|1
|-unboost|p2b: Farigiraf|spa|1
|
|t:|1784995429
|switch|p1b: Mortar|Torkoal, L50, F|100/100|[from] Parting Shot
|-weather|SunnyDay|[from] ability: Drought|[of] p1b: Mortar
|move|p2a: Incineroar|Throat Chop|p1a: Racecar
|-supereffective|p1a: Racecar|1
|-enditem|p1a: Racecar|Colbur Berry|[eat]
|-enditem|p1a: Racecar|Colbur Berry|[weaken]
|-damage|p1a: Racecar|73/100
|-start|p1a: Racecar|Throat Chop|[silent]
|move|p1a: Racecar|Trick Room|p1a: Racecar
|-fieldstart|move: Trick Room|[of] p1a: Racecar
|
|-weather|SunnyDay|[upkeep]
|upkeep
|turn|3
|inactive|SuprEpcGuy has 30 seconds left.
|
|t:|1784995462
|move|p1a: Racecar|Helping Hand|p1b: Mortar
|-singleturn|p1b: Mortar|Helping Hand|[of] p1a: Racecar
|move|p1b: Mortar|Eruption|p2a: Incineroar|[spread] p2a,p2b
|-resisted|p2a: Incineroar|1
|-damage|p2a: Incineroar|15/100
|-enditem|p2b: Farigiraf|Focus Sash
|-damage|p2b: Farigiraf|1/100
|move|p2a: Incineroar|Parting Shot|p1b: Mortar
|-unboost|p1b: Mortar|atk|1
|-unboost|p1b: Mortar|spa|1
|
|t:|1784995473
|switch|p2a: Milotic|Milotic, L50, M|100/100|[from] Parting Shot
|move|p2b: Farigiraf|Trick Room|p2b: Farigiraf
|-fieldend|move: Trick Room
|
|-weather|SunnyDay|[upkeep]
|-end|p1a: Racecar|Throat Chop|[silent]
|upkeep
|turn|4
|
|t:|1784995493
|move|p1b: Mortar|Protect|p1b: Mortar
|-singleturn|p1b: Mortar|Protect
|move|p2a: Milotic|Scald|p1b: Mortar
|-activate|p1b: Mortar|move: Protect
|move|p2b: Farigiraf|Hyper Voice|p1b: Mortar|[spread] p1a
|-activate|p1b: Mortar|move: Protect
|-damage|p1a: Racecar|57/100
|move|p1a: Racecar|Trick Room|p1a: Racecar
|-fieldstart|move: Trick Room|[of] p1a: Racecar
|
|-weather|SunnyDay|[upkeep]
|upkeep
|turn|5
|
|t:|1784995509
|move|p2b: Farigiraf|Helping Hand|p2a: Milotic
|-singleturn|p2a: Milotic|Helping Hand|[of] p2b: Farigiraf
|move|p1b: Mortar|Eruption|p2b: Farigiraf|[spread] p2a,p2b
|-resisted|p2a: Milotic|1
|-damage|p2a: Milotic|80/100
|-damage|p2b: Farigiraf|0 fnt
|faint|p2b: Farigiraf
|move|p1a: Racecar|Thunderbolt|p2a: Milotic
|-supereffective|p2a: Milotic|1
|-damage|p2a: Milotic|46/100
|move|p2a: Milotic|Scald|p1b: Mortar
|-supereffective|p1b: Mortar|1
|-damage|p1b: Mortar|35/100
|
|-weather|SunnyDay|[upkeep]
|-heal|p2a: Milotic|51/100|[from] item: Leftovers
|upkeep
|
|t:|1784995534
|switch|p2b: Mawile|Mawile-Mega, L50, F|57/100
|turn|6
|
|t:|1784995552
|switch|p1b: Big Purr|Incineroar, L50, F|100/100
|-ability|p1b: Big Purr|Intimidate|boost
|-unboost|p2a: Milotic|atk|1
|-ability|p2a: Milotic|Competitive|boost
|-boost|p2a: Milotic|spa|2
|-unboost|p2b: Mawile|atk|1
|move|p2b: Mawile|Protect|p2b: Mawile
|-singleturn|p2b: Mawile|Protect
|move|p1a: Racecar|Thunderbolt|p2a: Milotic
|-supereffective|p2a: Milotic|1
|-crit|p2a: Milotic
|-damage|p2a: Milotic|0 fnt
|faint|p2a: Milotic
|
|-weather|none
|upkeep
|-message|Jvvkjvkgkkb forfeited.
|
|win|SuprEpcGuy
|raw|SuprEpcGuy's rating: 1175 → 1193(+18 for winning)
|raw|Jvvkjvkgkkb's rating: 1081 → 1065(-16 for losing)
