|j|☆Schwede1
|j|☆Bobbo1
|html|Schwede1Bobbo1    
|uhtml|bestof|Game 2 of a best-of-3
|t:|1757923985
|gametype|doubles
|player|p1|Schwede1|101|1089
|player|p2|Bobbo1|ghetsis|1123
|gen|9
|tier|[Gen 9] VGC 2025 Reg H (Bo3)
|rated|
|rule|Species Clause: Limit one of each Pokémon
|rule|Item Clause: Limit 1 of each item
|clearpoke
|poke|p1|Volcarona, L50, F|
|poke|p1|Sneasler, L50, M|
|poke|p1|Basculegion, L50, M|
|poke|p1|Archaludon, L50, F|
|poke|p1|Pelipper, L50, F|
|poke|p1|Kleavor, L50, M|
|poke|p2|Basculegion, L50, M|
|poke|p2|Pelipper, L50, F|
|poke|p2|Archaludon, L50, F|
|poke|p2|Incineroar, L50, M|
|poke|p2|Gholdengo, L50|
|poke|p2|Amoonguss, L50, M|
|teampreview|4
|showteam|p1|Volcarona||RockyHelmet|FlameBody|HeatWave,FieryDance,GigaDrain,QuiverDance|||F|||50|,,,,,Grass]Sneasler||FocusSash|Unburden|FakeOut,DireClaw,ThroatChop,CloseCombat|||M|||50|,,,,,Steel]Basculegion||ChoiceBand|SwiftSwim|Liquidation,FlipTurn,LastRespects,IceFang|||M|||50|,,,,,Dragon]Archaludon||AssaultVest|Stamina|ElectroShot,BodyPress,DragonPulse,FlashCannon|||F|||50|,,,,,Fairy]Pelipper||DampRock|Drizzle|Hurricane,WeatherBall,Protect,Tailwind|||F|||50|,,,,,Fire]Kleavor||CovertCloak|Sharpness|StoneAxe,XScissor,NightSlash,CloseCombat|||M|||50|,,,,,Dark
|showteam|p2|Basculegion||ChoiceBand|SwiftSwim|AquaJet,WaveCrash,FlipTurn,LastRespects|||M|||50|,,,,,Water]Pelipper||CovertCloak|Drizzle|Tailwind,Hurricane,WeatherBall,Protect|||F|||50|,,,,,Steel]Archaludon||AssaultVest|Stamina|ElectroShot,Snarl,DragonPulse,BodyPress|||F|||50|,,,,,Grass]Incineroar||SitrusBerry|Intimidate|KnockOff,PartingShot,Taunt,FakeOut|||M|||50|,,,,,Grass]Gholdengo||ChoiceSpecs|GoodasGold|MakeItRain,ShadowBall,Thunder,TeraBlast||||||50|,,,,,Water]Amoonguss||RockyHelmet|Regenerator|Spore,RagePowder,PollenPuff,Protect|||M|||50|,,,,,Water
|inactive|Battle timer is ON: inactive players will automatically lose when time's up. (requested by Schwede1)
|
|t:|1757924013
|teamsize|p1|4
|teamsize|p2|4
|start
|switch|p1a: Volcarona|Volcarona, L50, F|100/100
|switch|p1b: Sneasler|Sneasler, L50, M|100/100
|switch|p2a: Incineroar|Incineroar, L50, M|100/100
|switch|p2b: Pelipper|Pelipper, L50, F|100/100
|-weather|RainDance|[from] ability: Drizzle|[of] p2b: Pelipper
|-ability|p2a: Incineroar|Intimidate|boost
|-unboost|p1a: Volcarona|atk|1
|-unboost|p1b: Sneasler|atk|1
|turn|1
|inactive|Schwede1 has 30 seconds left.
|inactive|Schwede1 has 20 seconds left.
|
|t:|1757924049
|switch|p1b: Basculegion|Basculegion, L50, M|100/100
|-terastallize|p1a: Volcarona|Grass
|move|p2a: Incineroar|Fake Out|p1a: Volcarona
|-damage|p1a: Volcarona|89/100
|-damage|p2a: Incineroar|84/100|[from] item: Rocky Helmet|[of] p1a: Volcarona
|cant|p1a: Volcarona|flinch
|move|p2b: Pelipper|Tailwind|p2b: Pelipper
|-sidestart|p2: Bobbo1|move: Tailwind
|
|-weather|RainDance|[upkeep]
|upkeep
|turn|2
|
|t:|1757924072
|-terastallize|p2a: Incineroar|Grass
|move|p1b: Basculegion|Flip Turn|p2a: Incineroar
|-resisted|p2a: Incineroar
|-damage|p2a: Incineroar|52/100
|
|t:|1757924078
|switch|p1b: Sneasler|Sneasler, L50, M|100/100|[from] Flip Turn
|move|p2b: Pelipper|Hurricane|p1b: Sneasler
|-supereffective|p1b: Sneasler
|-enditem|p1b: Sneasler|Focus Sash
|-damage|p1b: Sneasler|1/100
|-start|p1b: Sneasler|confusion
|move|p2a: Incineroar|Taunt|p1a: Volcarona
|-start|p1a: Volcarona|move: Taunt
|move|p1a: Volcarona|Giga Drain|p2b: Pelipper
|-damage|p2b: Pelipper|35/100
|-heal|p1a: Volcarona|100/100|[from] drain|[of] p2b: Pelipper
|
|-weather|RainDance|[upkeep]
|upkeep
|turn|3
|inactive|Schwede1 has 30 seconds left.
|inactive|Schwede1 has 20 seconds left.
|
|t:|1757924115
|switch|p2a: Gholdengo|Gholdengo, L50|100/100
|-activate|p1b: Sneasler|confusion
|-damage|p1b: Sneasler|0 fnt|[from] confusion
|faint|p1b: Sneasler
|move|p2b: Pelipper|Hurricane|p1a: Volcarona
|-supereffective|p1a: Volcarona
|-damage|p1a: Volcarona|5/100
|move|p1a: Volcarona|Fiery Dance|p2a: Gholdengo
|-supereffective|p2a: Gholdengo
|-damage|p2a: Gholdengo|57/100
|
|-weather|RainDance|[upkeep]
|upkeep
|
|t:|1757924128
|switch|p1b: Archaludon|Archaludon, L50, F|100/100
|turn|4
|inactive|Schwede1 has 30 seconds left.
|
|t:|1757924155
|move|p2a: Gholdengo|Make It Rain|p1a: Volcarona|[spread] p1a,p1b
|-resisted|p1b: Archaludon
|-crit|p1b: Archaludon
|-damage|p1a: Volcarona|0 fnt
|-damage|p1b: Archaludon|64/100
|-unboost|p2a: Gholdengo|spa|1
|-ability|p1b: Archaludon|Stamina|boost
|-boost|p1b: Archaludon|def|1
|faint|p1a: Volcarona
|move|p2b: Pelipper|Hurricane|p1b: Archaludon
|-resisted|p1b: Archaludon
|-damage|p1b: Archaludon|47/100
|-ability|p1b: Archaludon|Stamina|boost
|-boost|p1b: Archaludon|def|1
|move|p1b: Archaludon|Electro Shot||[still]
|-prepare|p1b: Archaludon|Electro Shot
|-boost|p1b: Archaludon|spa|1
|-anim|p1b: Archaludon|Electro Shot|p2b: Pelipper
|-supereffective|p2b: Pelipper
|-damage|p2b: Pelipper|0 fnt
|faint|p2b: Pelipper
|
|-weather|RainDance|[upkeep]
|-sideend|p2: Bobbo1|move: Tailwind
|upkeep
|
|t:|1757924174
|switch|p1a: Basculegion|Basculegion, L50, M|100/100
|switch|p2b: Incineroar|Incineroar, L50, M, tera:Grass|52/100
|-ability|p2b: Incineroar|Intimidate|boost
|-unboost|p1a: Basculegion|atk|1
|-unboost|p1b: Archaludon|atk|1
|turn|5
|inactive|Schwede1 has 30 seconds left.
|
|t:|1757924207
|move|p1a: Basculegion|Last Respects|p2a: Gholdengo
|-supereffective|p2a: Gholdengo
|-crit|p2a: Gholdengo
|-damage|p2a: Gholdengo|0 fnt
|faint|p2a: Gholdengo
|move|p1b: Archaludon|Body Press|p2b: Incineroar
|-damage|p2b: Incineroar|4/100
|-enditem|p2b: Incineroar|Sitrus Berry|[eat]
|-heal|p2b: Incineroar|29/100|[from] item: Sitrus Berry
|move|p2b: Incineroar|Knock Off|p1a: Basculegion
|-supereffective|p1a: Basculegion
|-damage|p1a: Basculegion|8/100
|-enditem|p1a: Basculegion|Choice Band|[from] move: Knock Off|[of] p2b: Incineroar
|
|-weather|none
|upkeep
|
|t:|1757924220
|switch|p2a: Basculegion|Basculegion, L50, M|100/100
|turn|6
|inactive|Schwede1 has 30 seconds left.
|
|t:|1757924253
|move|p1a: Basculegion|Last Respects|p2a: Basculegion
|-supereffective|p2a: Basculegion
|-damage|p2a: Basculegion|0 fnt
|faint|p2a: Basculegion
|move|p1b: Archaludon|Electro Shot||[still]
|-prepare|p1b: Archaludon|Electro Shot
|-boost|p1b: Archaludon|spa|1
|move|p2b: Incineroar|Knock Off|p1a: Basculegion
|-supereffective|p1a: Basculegion
|-damage|p1a: Basculegion|0 fnt
|faint|p1a: Basculegion
|
|upkeep
|turn|7
|
|t:|1757924264
|move|p1b: Archaludon|Electro Shot|p2b: Incineroar|[from] lockedmove
|-resisted|p2b: Incineroar
|-damage|p2b: Incineroar|0 fnt
|faint|p2b: Incineroar
|
|win|Schwede1
||Bobbo1 is ready for game 3.
|l|☆Bobbo1
|player|p2|
|inactive|Schwede1 has 30 seconds to confirm battle start!
||Schwede1 is ready for game 3.
|uhtml|next|Next: Game 3 of 3
