|j|☆BastiBlitz
|j|☆Lorido
|html|BastiBlitzLorido    
|uhtml|bestof|Game 1 of a best-of-3
|t:|1782500408
|gametype|doubles
|player|p1|BastiBlitz|ghetsis|1121
|player|p2|Lorido|101|1220
|gen|9
|tier|[Gen 9 Champions] VGC 2026 Reg M-B (Bo3)
|rated|
|rule|Species Clause: Limit one of each Pokémon
|rule|Item Clause: Limit 1 of each item
|clearpoke
|poke|p1|Mawile, L50, F|
|poke|p1|Farigiraf, L50, F, shiny|
|poke|p1|Torkoal, L50, F|
|poke|p1|Vileplume, L50, F|
|poke|p1|Scrafty, L50, F|
|poke|p1|Grimmsnarl, L50, M|
|poke|p2|Charizard, L50, F|
|poke|p2|Floette-Eternal, L50, F|
|poke|p2|Whimsicott, L50, M|
|poke|p2|Kingambit, L50, F|
|poke|p2|Garchomp, L50, M|
|poke|p2|Basculegion, L50, M|
|teampreview|4
|showteam|p1|Mawile||Mawilite|Intimidate|PlayRough,IronHead,RockSlide,Protect|Adamant||F|||50|]Farigiraf||SitrusBerry|ArmorTail|TwinBeam,Thunderbolt,HelpingHand,TrickRoom|Bold||F|||50|]Torkoal||Charcoal|Drought|Eruption,WeatherBall,HeatWave,SolarBeam|Quiet||F|||50|]Vileplume||FocusSash|Chlorophyll|AfterYou,SleepPowder,SolarBeam,Protect|Timid||F|||50|]Scrafty||Scraftinite|Intimidate|FakeOut,DrainPunch,KnockOff,SwordsDance|Brave||F|||50|]Grimmsnarl||LightClay|Prankster|FakeOut,PartingShot,Reflect,LightScreen|Careful||M|||50|
|showteam|p2|Charizard||CharizarditeY|Blaze|HeatWave,WeatherBall,SolarBeam,Protect|Modest||F|||50|]Floette-Eternal||Floettite|FlowerVeil|DazzlingGleam,Protect,Moonblast,LightofRuin|Modest||F|||50|]Whimsicott||FocusSash|Prankster|Moonblast,Protect,Tailwind,Encore|Timid||M|||50|]Kingambit||ChopleBerry|Defiant|KowtowCleave,SuckerPunch,IronHead,LowKick|Adamant||F|||50|]Garchomp||LifeOrb|RoughSkin|DragonClaw,StompingTantrum,RockSlide,Protect|Jolly||M|||50|]Basculegion||MysticWater|Adaptability|WaveCrash,LastRespects,AquaJet,Protect|Adamant||M|||50|
|inactive|Battle timer is ON: inactive players will automatically lose when time's up. (requested by Lorido)
|inactive|BastiBlitz has 60 seconds left.
|inactive|Lorido has 60 seconds left.
|inactive|BastiBlitz has 30 seconds left.
|
|t:|1782500476
|teamsize|p1|4
|teamsize|p2|4
|start
|switch|p1a: Farigiraf|Farigiraf, L50, F, shiny|100/100
|switch|p1b: Grimmsnarl|Grimmsnarl, L50, M|100/100
|switch|p2a: Floette|Floette-Eternal, L50, F|100/100
|switch|p2b: Whimsicott|Whimsicott, L50, M|100/100
|turn|1
|inactive|BastiBlitz has 30 seconds left.
|inactive|Lorido has 30 seconds left.
|
|t:|1782500511
|detailschange|p2a: Floette|Floette-Mega, L50, F
|-mega|p2a: Floette|Floette|Floettite
|-ability|p2a: Floette|Fairy Aura
|move|p1b: Grimmsnarl|Fake Out|p2b: Whimsicott
|-damage|p2b: Whimsicott|83/100
|cant|p2b: Whimsicott|flinch
|move|p2a: Floette|Dazzling Gleam|p1b: Grimmsnarl|[spread] p1a,p1b
|-supereffective|p1b: Grimmsnarl|1
|-damage|p1a: Farigiraf|52/100
|-damage|p1b: Grimmsnarl|9/100
|move|p1a: Farigiraf|Trick Room|p1a: Farigiraf
|-fieldstart|move: Trick Room|[of] p1a: Farigiraf
|
|upkeep
|turn|2
|inactive|BastiBlitz has 30 seconds left.
|
|t:|1782500543
|move|p2b: Whimsicott|Protect|p2b: Whimsicott
|-singleturn|p2b: Whimsicott|Protect
|move|p2a: Floette|Protect|p2a: Floette
|-singleturn|p2a: Floette|Protect
|move|p1b: Grimmsnarl|Parting Shot|p2a: Floette
|-activate|p2a: Floette|move: Protect
|move|p1a: Farigiraf|Twin Beam|p2b: Whimsicott
|-activate|p2b: Whimsicott|move: Protect
|
|upkeep
|turn|3
|
|t:|1782500557
|switch|p2a: Kingambit|Kingambit, L50, F|100/100
|move|p1b: Grimmsnarl|Parting Shot|p2a: Kingambit
|-hint|Since gen 7, Dark is immune to Prankster moves.
|-immune|p2a: Kingambit
|move|p1a: Farigiraf|Twin Beam|p2b: Whimsicott
|-damage|p2b: Whimsicott|57/100
|-damage|p2b: Whimsicott|33/100
|-hitcount|p2b: Whimsicott|2
|move|p2b: Whimsicott|Moonblast|p1a: Farigiraf
|-damage|p1a: Farigiraf|19/100
|-enditem|p1a: Farigiraf|Sitrus Berry|[eat]
|-heal|p1a: Farigiraf|43/100|[from] item: Sitrus Berry
|
|upkeep
|turn|4
|inactive|BastiBlitz has 30 seconds left.
|inactive|Lorido has 30 seconds left.
|inactive|Lorido has 20 seconds left.
|inactive|BastiBlitz has 20 seconds left.
|inactive|BastiBlitz has 15 seconds left.
|
|t:|1782500612
|switch|p1a: Torkoal|Torkoal, L50, F|100/100
|-weather|SunnyDay|[from] ability: Drought|[of] p1a: Torkoal
|move|p1b: Grimmsnarl|Reflect|p1b: Grimmsnarl
|-sidestart|p1: BastiBlitz|Reflect
|move|p2a: Kingambit|Kowtow Cleave|p1b: Grimmsnarl
|-resisted|p1b: Grimmsnarl|2
|-crit|p1b: Grimmsnarl
|-damage|p1b: Grimmsnarl|0 fnt
|faint|p1b: Grimmsnarl
|move|p2b: Whimsicott|Moonblast|p1a: Torkoal
|-resisted|p1a: Torkoal|1
|-damage|p1a: Torkoal|76/100
|
|-weather|SunnyDay|[upkeep]
|upkeep
|
|t:|1782500637
|switch|p1b: Farigiraf|Farigiraf, L50, F, shiny|43/100
|turn|5
|
|t:|1782500656
|switch|p2a: Garchomp|Garchomp, L50, M|100/100
|switch|p1b: Mawile|Mawile, L50, F|100/100
|-ability|p1b: Mawile|Intimidate|boost
|-unboost|p2a: Garchomp|atk|1
|-unboost|p2b: Whimsicott|atk|1
|move|p2b: Whimsicott|Protect|p2b: Whimsicott
|-singleturn|p2b: Whimsicott|Protect
|move|p1a: Torkoal|Eruption|p2b: Whimsicott|[spread] p2a
|-activate|p2b: Whimsicott|move: Protect
|-resisted|p2a: Garchomp|1
|-damage|p2a: Garchomp|68/100
|
|-weather|SunnyDay|[upkeep]
|-fieldend|move: Trick Room
|upkeep
|turn|6
|inactive|BastiBlitz has 30 seconds left.
|inactive|Lorido has 30 seconds left.
|inactive|BastiBlitz has 20 seconds left.
|
|t:|1782500695
|switch|p1a: Farigiraf|Farigiraf, L50, F, shiny|43/100
|detailschange|p1b: Mawile|Mawile-Mega, L50, F
|-mega|p1b: Mawile|Mawile|Mawilite
|move|p2b: Whimsicott|Moonblast|p1a: Farigiraf
|-damage|p1a: Farigiraf|10/100
|move|p2a: Garchomp|Stomping Tantrum|p1b: Mawile
|-supereffective|p1b: Mawile|1
|-damage|p1b: Mawile|62/100
|-damage|p2a: Garchomp|58/100|[from] item: Life Orb
|move|p1b: Mawile|Iron Head|p2b: Whimsicott
|-supereffective|p2b: Whimsicott|1
|-damage|p2b: Whimsicott|0 fnt
|faint|p2b: Whimsicott
|
|-weather|SunnyDay|[upkeep]
|upkeep
|
|t:|1782500714
|switch|p2b: Floette|Floette-Mega, L50, F|100/100
|-ability|p2b: Floette|Fairy Aura
|turn|7
|
|t:|1782500728
|switch|p2a: Kingambit|Kingambit, L50, F|100/100
|switch|p1b: Torkoal|Torkoal, L50, F|76/100
|move|p2b: Floette|Dazzling Gleam|p1b: Torkoal|[spread] p1a,p1b
|-resisted|p1b: Torkoal|1
|-damage|p1a: Farigiraf|0 fnt
|-damage|p1b: Torkoal|45/100
|faint|p1a: Farigiraf
|
|-weather|SunnyDay|[upkeep]
|upkeep
|
|t:|1782500734
|switch|p1a: Mawile|Mawile-Mega, L50, F|62/100
|turn|8
|inactive|Lorido has 30 seconds left.
|inactive|Lorido has 20 seconds left.
|
|t:|1782500772
|move|p2b: Floette|Light of Ruin|p1a: Mawile
|-resisted|p1a: Mawile|1
|-damage|p1a: Mawile|0 fnt
|faint|p1a: Mawile
|-damage|p2b: Floette|68/100|[from] Recoil
|move|p2a: Kingambit|Kowtow Cleave|p1b: Torkoal
|-damage|p1b: Torkoal|18/100
|move|p1b: Torkoal|Heat Wave|p2b: Floette|[spread] p2a,p2b
|-supereffective|p2a: Kingambit|1
|-damage|p2a: Kingambit|0 fnt
|-damage|p2b: Floette|21/100
|faint|p2a: Kingambit
|
|-weather|none
|upkeep
|
|t:|1782500783
|switch|p2a: Garchomp|Garchomp, L50, M|58/100
|turn|9
|
|t:|1782500791
|move|p2a: Garchomp|Stomping Tantrum|p1b: Torkoal
|-supereffective|p1b: Torkoal|1
|-damage|p1b: Torkoal|0 fnt
|faint|p1b: Torkoal
|-damage|p2a: Garchomp|48/100|[from] item: Life Orb
|
|win|Lorido
