|j|☆enrique132132
|j|☆jANMxRin
|html|enrique132132jANMxRin    
|uhtml|bestof|Game 1 of a best-of-3
|t:|1756854843
|gametype|doubles
|player|p1|enrique132132|169|1147
|player|p2|jANMxRin|acerola-masters|1100
|gen|9
|tier|[Gen 9] VGC 2025 Reg H (Bo3)
|rated|
|rule|Species Clause: Limit one of each Pokémon
|rule|Item Clause: Limit 1 of each item
|clearpoke
|poke|p1|Indeedee, L50, M|
|poke|p1|Excadrill, L50, F|
|poke|p1|Corviknight, L50, M|
|poke|p1|Tyranitar, L50, M|
|poke|p1|Sneasler, L50, F|
|poke|p1|Annihilape, L50, M|
|poke|p2|Corviknight, L50, F|
|poke|p2|Tyranitar, L50, M|
|poke|p2|Garchomp, L50, M|
|poke|p2|Gholdengo, L50|
|poke|p2|Primarina, L50, F|
|poke|p2|Annihilape, L50, F|
|teampreview|4
|showteam|p1|Indeedee||ChoiceScarf|PsychicSurge|ExpandingForce,TeraBlast,Trick,Protect|||M|||50|,,,,,Psychic]Excadrill||FocusSash|SandRush|Earthquake,IronHead,SwordsDance,Protect|||F|||50|,,,,,Ground]Corviknight||Leftovers|MirrorArmor|BraveBird,Tailwind,BulkUp,Roost|||M|||50|,,,,,Water]Tyranitar||AssaultVest|SandStream|RockSlide,KnockOff,LowKick,TeraBlast|||M|||50|,,,,,Flying]Sneasler||PsychicSeed|Unburden|CloseCombat,DireClaw,ThroatChop,Protect|||F|||50|,,,,,Dark]Annihilape||LumBerry|Defiant|Coaching,RageFist,CloseCombat,Taunt|||M|||50|,,,,,Fire
|showteam|p2|Corviknight||Leftovers|MirrorArmor|BraveBird,BulkUp,Roost,Tailwind|||F|||50|,,,,,Dragon]Tyranitar||AssaultVest|SandStream|RockSlide,KnockOff,LowKick,TeraBlast|||M|||50|,,,,,Flying]Garchomp||LifeOrb|RoughSkin|Protect,DragonClaw,StompingTantrum,Earthquake|||M|||50|,,,,,Fairy]Gholdengo||MetalCoat|GoodasGold|MakeItRain,ShadowBall,NastyPlot,Protect||||||50|,,,,,Water]Primarina||SitrusBerry|LiquidVoice|HyperVoice,Moonblast,Haze,Protect|||F|||50|,,,,,Grass]Annihilape||SafetyGoggles|Defiant|CloseCombat,FinalGambit,RageFist,Taunt|||F|||50|,,,,,Water
|inactive|Battle timer is ON: inactive players will automatically lose when time's up. (requested by enrique132132)
|inactive|jANMxRin has 60 seconds left.
|
|t:|1756854947
|teamsize|p1|4
|teamsize|p2|4
|start
|switch|p1a: Corviknight|Corviknight, L50, M|100/100
|switch|p1b: Annihilape|Annihilape, L50, M, shiny|100/100
|switch|p2a: Garchomp|Garchomp, L50, M|100/100
|switch|p2b: Corviknight|Corviknight, L50, F|100/100
|turn|1
|inactive|jANMxRin has 30 seconds left.
|inactive|jANMxRin has 20 seconds left.
|inactive|jANMxRin has 15 seconds left.
|inactive|jANMxRin has 10 seconds left.
|inactive|jANMxRin has 5 seconds left.
|
|t:|1756855002
|move|p2a: Garchomp|Stomping Tantrum|p1b: Annihilape
|-damage|p1b: Annihilape|41/100
|-damage|p2a: Garchomp|91/100|[from] item: Life Orb
|move|p1b: Annihilape|Coaching|p1a: Corviknight
|-boost|p1a: Corviknight|atk|1
|-boost|p1a: Corviknight|def|1
|move|p1a: Corviknight|Tailwind|p1a: Corviknight
|-sidestart|p1: enrique132132|move: Tailwind
|move|p2b: Corviknight|Brave Bird|p1b: Annihilape
|-supereffective|p1b: Annihilape
|-damage|p1b: Annihilape|0 fnt
|faint|p1b: Annihilape
|-damage|p2b: Corviknight|88/100|[from] Recoil
|
|-heal|p2b: Corviknight|94/100|[from] item: Leftovers
|upkeep
|
|t:|1756855017
|switch|p1b: Indeedee|Indeedee, L50, M|100/100
|-fieldstart|move: Psychic Terrain|[from] ability: Psychic Surge|[of] p1b: Indeedee
|turn|2
|inactive|enrique132132 has 30 seconds left.
|
|t:|1756855048
|move|p1b: Indeedee|Expanding Force|p2b: Corviknight|[spread] p2a,p2b
|-resisted|p2b: Corviknight
|-damage|p2a: Garchomp|23/100
|-damage|p2b: Corviknight|68/100
|move|p1a: Corviknight|Brave Bird|p2b: Corviknight
|-resisted|p2b: Corviknight
|-damage|p2b: Corviknight|42/100
|-damage|p1a: Corviknight|92/100|[from] Recoil
|move|p2a: Garchomp|Stomping Tantrum|p1b: Indeedee
|-damage|p1b: Indeedee|0 fnt
|faint|p1b: Indeedee
|-damage|p2a: Garchomp|14/100|[from] item: Life Orb
|move|p2b: Corviknight|Brave Bird|p1a: Corviknight
|-resisted|p1a: Corviknight
|-damage|p1a: Corviknight|80/100
|-damage|p2b: Corviknight|38/100|[from] Recoil
|
|-heal|p1a: Corviknight|86/100|[from] item: Leftovers
|-heal|p2b: Corviknight|44/100|[from] item: Leftovers
|upkeep
|
|t:|1756855059
|switch|p1b: Sneasler|Sneasler, L50, F|100/100
|-enditem|p1b: Sneasler|Psychic Seed
|-boost|p1b: Sneasler|spd|1|[from] item: Psychic Seed
|turn|3
|inactive|jANMxRin has 30 seconds left.
|inactive|jANMxRin has 20 seconds left.
|inactive|jANMxRin has 15 seconds left.
|inactive|jANMxRin has 10 seconds left.
|inactive|jANMxRin has 5 seconds left.
|
|t:|1756855112
|switch|p2b: Gholdengo|Gholdengo, L50|100/100
|-terastallize|p1b: Sneasler|Dark
|move|p1b: Sneasler|Close Combat|p2b: Gholdengo
|-immune|p2b: Gholdengo
|move|p1a: Corviknight|Brave Bird|p2a: Garchomp
|-damage|p2a: Garchomp|0 fnt
|-damage|p1a: Corviknight|74/100|[from] ability: Rough Skin|[of] p2a: Garchomp
|faint|p2a: Garchomp
|-damage|p1a: Corviknight|70/100|[from] Recoil
|
|-heal|p1a: Corviknight|76/100|[from] item: Leftovers
|upkeep
|inactive|jANMxRin has 30 seconds left.
|
|t:|1756855139
|switch|p2a: Corviknight|Corviknight, L50, F|44/100
|turn|4
|
|t:|1756855149
|move|p1b: Sneasler|Protect|p1b: Sneasler
|-singleturn|p1b: Sneasler|Protect
|move|p2b: Gholdengo|Protect|p2b: Gholdengo
|-singleturn|p2b: Gholdengo|Protect
|move|p1a: Corviknight|Tailwind||[still]
|-fail|p1a: Corviknight
|move|p2a: Corviknight|Roost|p2a: Corviknight
|-heal|p2a: Corviknight|94/100
|-singleturn|p2a: Corviknight|move: Roost
|
|-heal|p1a: Corviknight|82/100|[from] item: Leftovers
|-heal|p2a: Corviknight|99/100|[from] item: Leftovers
|-sideend|p1: enrique132132|move: Tailwind
|upkeep
|turn|5
|inactive|jANMxRin has 30 seconds left.
|
|t:|1756855182
|-terastallize|p2b: Gholdengo|Water
|move|p1b: Sneasler|Throat Chop|p2b: Gholdengo
|-damage|p2b: Gholdengo|51/100
|-start|p2b: Gholdengo|Throat Chop|[silent]
|move|p2b: Gholdengo|Make It Rain|p1a: Corviknight|[spread] p1a,p1b
|-resisted|p1a: Corviknight
|-damage|p1a: Corviknight|57/100
|-damage|p1b: Sneasler|49/100
|-unboost|p2b: Gholdengo|spa|1
|move|p1a: Corviknight|Brave Bird|p2b: Gholdengo
|-damage|p2b: Gholdengo|0 fnt
|faint|p2b: Gholdengo
|-damage|p1a: Corviknight|43/100|[from] Recoil
|move|p2a: Corviknight|Brave Bird|p1b: Sneasler
|-damage|p1b: Sneasler|0 fnt
|faint|p1b: Sneasler
|-damage|p2a: Corviknight|87/100|[from] Recoil
|
|-heal|p1a: Corviknight|49/100|[from] item: Leftovers
|-heal|p2a: Corviknight|93/100|[from] item: Leftovers
|upkeep
|
|t:|1756855200
|switch|p2b: Annihilape|Annihilape, L50, F|100/100
|turn|6
|
|t:|1756855208
|move|p2b: Annihilape|Final Gambit|p1a: Corviknight
|-damage|p1a: Corviknight|0 fnt
|faint|p2b: Annihilape
|faint|p1a: Corviknight
|
|win|jANMxRin
