|j|☆protectthyking34
|j|‽whateverbro415
|html|protectthyking34whateverbro415    
|uhtml|bestof|Game 1 of a best-of-3
|t:|1785280532
|gametype|doubles
|player|p1|protectthyking34|rocketgrunt|1188
|player|p2|whateverbro415|101|1086
|gen|9
|tier|[Gen 9 Champions] VGC 2026 Reg M-B (Bo3)
|rated|
|rule|Species Clause: Limit one of each Pokémon
|rule|Item Clause: Limit 1 of each item
|clearpoke
|poke|p1|Delphox, L50, F|
|poke|p1|Incineroar, L50, M|
|poke|p1|Sneasler, L50, M|
|poke|p1|Sinistcha, L50|
|poke|p1|Kingambit, L50, M|
|poke|p1|Blastoise, L50, F|
|poke|p2|Venusaur, L50, F, shiny|
|poke|p2|Ninetales, L50, F|
|poke|p2|Sableye, L50, M|
|poke|p2|Talonflame, L50, M|
|poke|p2|Excadrill, L50, M|
|poke|p2|Garganacl, L50, M|
|teampreview|4
|showteam|p1|Delphox||Delphoxite|Blaze|NastyPlot,Protect,Psyshock,HeatWave|Timid||F|||50|]Incineroar||SitrusBerry|Intimidate|FakeOut,PartingShot,FlareBlitz,DarkestLariat|Impish||M|||50|]Sneasler||FocusSash|PoisonTouch|GunkShot,FakeOut,CloseCombat,QuickGuard|Jolly||M|||50|]Sinistcha||OccaBerry|Hospitality|MatchaGotcha,RagePowder,TrickRoom,Protect|Calm|||||50|]Kingambit||BlackGlasses|Defiant|SuckerPunch,KowtowCleave,LowKick,Protect|Adamant||M|||50|]Blastoise||Blastoisinite|RainDish|ShellSmash,WaterSpout,DarkPulse,Protect|Timid||F|||50|
|showteam|p2|Venusaur||Venusaurite|Chlorophyll|Synthesis,SleepPowder,SludgeBomb,WeatherBall|Modest||F|||50|]Ninetales||FocusSash|Drought|Roar,HeatWave,ScorchingSands,Protect|Timid||F|||50|]Sableye||RoseliBerry|Prankster|SunnyDay,Encore,WillOWisp,ThroatChop|Careful||M|||50|]Talonflame||ChartiBerry|FlameBody|Roost,Tailwind,Taunt,Uturn|Jolly||M|||50|]Excadrill||ChoiceScarf|MoldBreaker|IronHead,RockSlide,HighHorsepower,BrickBreak|Jolly||M|||50|]Garganacl||Leftovers|PurifyingSalt|SaltCure,BodyPress,Recover,WideGuard|Impish||M|||50|
|
|t:|1785280577
|teamsize|p1|4
|teamsize|p2|4
|start
|switch|p1a: Incineroar|Incineroar, L50, M|100/100
|switch|p1b: Delphox|Delphox, L50, F|100/100
|switch|p2a: Talonflame|Talonflame, L50, M|100/100
|switch|p2b: Sableye|Sableye, L50, M|100/100
|-ability|p1a: Incineroar|Intimidate|boost
|-unboost|p2a: Talonflame|atk|1
|-unboost|p2b: Sableye|atk|1
|turn|1
|inactive|Battle timer is ON: inactive players will automatically lose when time's up. (requested by protectthyking34)
|
|t:|1785280599
|detailschange|p1b: Delphox|Delphox-Mega, L50, F
|-mega|p1b: Delphox|Delphox|Delphoxite
|move|p1a: Incineroar|Fake Out|p2a: Talonflame
|-damage|p2a: Talonflame|85/100
|move|p2b: Sableye|Sunny Day|p2b: Sableye
|-weather|SunnyDay
|move|p1b: Delphox|Psyshock|p2a: Talonflame
|-damage|p2a: Talonflame|24/100
|cant|p2a: Talonflame|flinch
|
|-weather|SunnyDay|[upkeep]
|upkeep
|turn|2
|
|t:|1785280621
|move|p1b: Delphox|Heat Wave|p2a: Talonflame|[spread] p2a,p2b
|-resisted|p2a: Talonflame|1
|-damage|p2a: Talonflame|0 fnt
|-damage|p2b: Sableye|33/100
|faint|p2a: Talonflame
|move|p1a: Incineroar|Parting Shot|p2b: Sableye
|-unboost|p2b: Sableye|atk|1
|-unboost|p2b: Sableye|spa|1
|
|t:|1785280634
|switch|p1a: Sneasler|Sneasler, L50, M|100/100|[from] Parting Shot
|move|p2b: Sableye|Throat Chop|p1b: Delphox
|-supereffective|p1b: Delphox|1
|-damage|p1b: Delphox|65/100
|-start|p1b: Delphox|Throat Chop|[silent]
|
|-weather|SunnyDay|[upkeep]
|upkeep
|
|t:|1785280646
|switch|p2a: Ninetales|Ninetales, L50, F|100/100
|turn|3
|
|t:|1785280655
|move|p2a: Ninetales|Protect|p2a: Ninetales
|-singleturn|p2a: Ninetales|Protect
|move|p1a: Sneasler|Fake Out|p2a: Ninetales
|-activate|p2a: Ninetales|move: Protect
|move|p2b: Sableye|Will-O-Wisp|p1a: Sneasler
|-status|p1a: Sneasler|brn
|move|p1b: Delphox|Heat Wave|p2b: Sableye|[spread] p2b
|-activate|p2a: Ninetales|move: Protect
|-damage|p2b: Sableye|0 fnt
|faint|p2b: Sableye
|
|-weather|SunnyDay|[upkeep]
|-damage|p1a: Sneasler|94/100 brn|[from] brn
|-end|p1b: Delphox|Throat Chop|[silent]
|upkeep
|
|t:|1785280671
|switch|p2b: Venusaur|Venusaur, L50, F, shiny|100/100
|turn|4
|
|t:|1785280684
|switch|p1a: Sinistcha|Sinistcha, L50|100/100
|-heal|p1b: Delphox|89/100|[from] ability: Hospitality|[of] p1a: Sinistcha
|move|p1b: Delphox|Protect|p1b: Delphox
|-singleturn|p1b: Delphox|Protect
|move|p2b: Venusaur|Sleep Powder|p1b: Delphox
|-activate|p1b: Delphox|move: Protect
|move|p2a: Ninetales|Scorching Sands|p1a: Sinistcha
|-resisted|p1a: Sinistcha|1
|-damage|p1a: Sinistcha|92/100
|
|-weather|SunnyDay|[upkeep]
|upkeep
|turn|5
|-message|whateverbro415 forfeited.
|
|win|protectthyking34
|l|‽whateverbro415
|player|p2|
