|j|☆Twigy1
|j|☆Traindelpivgc
|html|Twigy1Traindelpivgc    
|uhtml|bestof|Game 2 of a best-of-3
|t:|1756330136
|gametype|doubles
|player|p1|Twigy1|raihan|1205
|player|p2|Traindelpivgc|hilbert-wonderlauncher|1137
|gen|9
|tier|[Gen 9] VGC 2025 Reg H (Bo3)
|rated|
|rule|Species Clause: Limit one of each Pokémon
|rule|Item Clause: Limit 1 of each item
|clearpoke
|poke|p1|Garchomp, L50, F|
|poke|p1|Dragonite, L50, M|
|poke|p1|Gholdengo, L50|
|poke|p1|Talonflame, L50, M|
|poke|p1|Primarina, L50, F|
|poke|p1|Tyranitar, L50, M|
|poke|p2|Incineroar, L50, F|
|poke|p2|Amoonguss, L50, F|
|poke|p2|Ursaluna-Bloodmoon, L50, M|
|poke|p2|Sneasler, L50, F|
|poke|p2|Gholdengo, L50|
|poke|p2|Dragonite, L50, F|
|teampreview|4
|showteam|p1|Garchomp||LifeOrb|RoughSkin|StompingTantrum,DragonClaw,Earthquake,Protect|||F|||50|,,,,,Ground]Dragonite||ChoiceBand|InnerFocus|ExtremeSpeed,StompingTantrum,AerialAce,Outrage|||M|||50|,,,,,Normal]Gholdengo||ChoiceSpecs|GoodasGold|SteelBeam,ShadowBall,MakeItRain,Thunderbolt||||||50|,,,,,Steel]Talonflame||CovertCloak|GaleWings|BraveBird,Tailwind,FlareBlitz,WillOWisp|||M|||50|,,,,,Stellar]Primarina||MysticWater|LiquidVoice|Haze,HyperVoice,Moonblast,Protect|||F|||50|,,,,,Water]Tyranitar||AssaultVest|SandStream|RockSlide,TeraBlast,LowKick,KnockOff|||M|||50|,,,,,Flying
|showteam|p2|Incineroar||SafetyGoggles|Intimidate|FlareBlitz,KnockOff,PartingShot,FakeOut|||F|||50|,,,,,Ghost]Amoonguss||SitrusBerry|Regenerator|Spore,RagePowder,PollenPuff,Protect|||F|||50|,,,,,Psychic]Ursaluna-Bloodmoon||AssaultVest|MindsEye|HyperVoice,BloodMoon,EarthPower,VacuumWave|||M|||50|,,,,,Water]Sneasler||FocusSash|Unburden|CloseCombat,DireClaw,ThroatChop,Protect|||F|||50|,,,,,Stellar]Gholdengo||LifeOrb|GoodasGold|MakeItRain,ShadowBall,NastyPlot,Protect||||||50|,,,,,Water]Dragonite||LoadedDice|Multiscale|ScaleShot,Tailwind,Haze,Protect|||F|||50|,,,,,Fairy
|
|t:|1756330175
|teamsize|p1|4
|teamsize|p2|4
|start
|switch|p1a: Primarina|Primarina, L50, F|100/100
|switch|p1b: Dragonite|Dragonite, L50, M|100/100
|switch|p2a: Dragonite|Dragonite, L50, F|100/100
|switch|p2b: Ursaluna|Ursaluna-Bloodmoon, L50, M|100/100
|turn|1
|inactive|Battle timer is ON: inactive players will automatically lose when time's up. (requested by Traindelpivgc)
|inactive|Traindelpivgc has 60 seconds left.
|
|t:|1756330213
|-terastallize|p1b: Dragonite|Normal
|-terastallize|p2b: Ursaluna|Water
|move|p2a: Dragonite|Protect|p2a: Dragonite
|-singleturn|p2a: Dragonite|Protect
|move|p1b: Dragonite|Outrage|p2b: Ursaluna
|-damage|p2b: Ursaluna|28/100
|move|p1a: Primarina|Hyper Voice|p2a: Dragonite|[spread] p2b
|-activate|p2a: Dragonite|move: Protect
|-resisted|p2b: Ursaluna
|-damage|p2b: Ursaluna|14/100
|move|p2b: Ursaluna|Blood Moon|p1b: Dragonite
|-damage|p1b: Dragonite|38/100
|
|upkeep
|turn|2
|inactive|Traindelpivgc has 30 seconds left.
|inactive|Twigy1 has 30 seconds left.
|
|t:|1756330248
|move|p2b: Ursaluna|Vacuum Wave|p1b: Dragonite
|-supereffective|p1b: Dragonite
|-damage|p1b: Dragonite|10/100
|move|p2a: Dragonite|Tailwind|p2a: Dragonite
|-sidestart|p2: Traindelpivgc|move: Tailwind
|move|p1b: Dragonite|Outrage|p2b: Ursaluna|[from] lockedmove
|-damage|p2b: Ursaluna|0 fnt
|faint|p2b: Ursaluna
|move|p1a: Primarina|Moonblast|p2a: Dragonite
|-supereffective|p2a: Dragonite
|-damage|p2a: Dragonite|46/100
|
|upkeep
|
|t:|1756330262
|switch|p2b: Sneasler|Sneasler, L50, F|100/100
|turn|3
|
|t:|1756330273
|move|p1a: Primarina|Protect|p1a: Primarina
|-singleturn|p1a: Primarina|Protect
|move|p2b: Sneasler|Dire Claw|p1a: Primarina
|-activate|p1a: Primarina|move: Protect
|move|p2a: Dragonite|Scale Shot|p1b: Dragonite
|-damage|p1b: Dragonite|0 fnt
|faint|p1b: Dragonite
|-hitcount|p1: Dragonite|1
|-unboost|p2a: Dragonite|def|1
|-boost|p2a: Dragonite|spe|1
|
|upkeep
|
|t:|1756330286
|switch|p1b: Talonflame|Talonflame, L50, M|100/100
|turn|4
|
|t:|1756330305
|move|p1b: Talonflame|Tailwind|p1b: Talonflame
|-sidestart|p1: Twigy1|move: Tailwind
|move|p2a: Dragonite|Scale Shot|p1b: Talonflame
|-damage|p1b: Talonflame|78/100
|-damage|p1b: Talonflame|54/100
|-damage|p1b: Talonflame|31/100
|-damage|p1b: Talonflame|9/100
|-hitcount|p1b: Talonflame|4
|-unboost|p2a: Dragonite|def|1
|-boost|p2a: Dragonite|spe|1
|move|p2b: Sneasler|Dire Claw|p1a: Primarina
|-supereffective|p1a: Primarina
|-damage|p1a: Primarina|0 fnt
|faint|p1a: Primarina
|
|upkeep
|
|t:|1756330321
|switch|p1a: Gholdengo|Gholdengo, L50|100/100
|turn|5
|inactive|Traindelpivgc has 30 seconds left.
|
|t:|1756330350
|move|p2a: Dragonite|Scale Shot|p1b: Talonflame
|-damage|p1b: Talonflame|0 fnt
|faint|p1b: Talonflame
|-hitcount|p1: Talonflame|1
|-unboost|p2a: Dragonite|def|1
|-boost|p2a: Dragonite|spe|1
|move|p2b: Sneasler|Throat Chop|p1a: Gholdengo
|-supereffective|p1a: Gholdengo
|-damage|p1a: Gholdengo|31/100
|-start|p1a: Gholdengo|Throat Chop|[silent]
|move|p1a: Gholdengo|Make It Rain|p2a: Dragonite|[spread] p2a,p2b
|-damage|p2a: Dragonite|0 fnt
|-damage|p2b: Sneasler|2/100
|-unboost|p1a: Gholdengo|spa|1
|faint|p2a: Dragonite
|
|-sideend|p2: Traindelpivgc|move: Tailwind
|upkeep
|
|t:|1756330365
|switch|p2a: Gholdengo|Gholdengo, L50|100/100
|turn|6
|
|t:|1756330376
|move|p1a: Gholdengo|Make It Rain|p2b: Sneasler|[spread] p2a,p2b
|-resisted|p2a: Gholdengo
|-damage|p2a: Gholdengo|73/100
|-damage|p2b: Sneasler|0 fnt
|-unboost|p1a: Gholdengo|spa|1
|faint|p2b: Sneasler
|move|p2a: Gholdengo|Make It Rain|p1a: Gholdengo
|-resisted|p1a: Gholdengo
|-damage|p1a: Gholdengo|0 fnt
|-unboost|p2a: Gholdengo|spa|1
|faint|p1a: Gholdengo
|-damage|p2a: Gholdengo|64/100|[from] item: Life Orb
|
|win|Traindelpivgc
|raw|Twigy1's rating: 1205 → 1175(-30 for losing)
|raw|Traindelpivgc's rating: 1137 → 1167(+30 for winning)
|c|☆Traindelpivgc|GG
|c|☆Twigy1|Gg
