|j|☆Drzuloaga
|j|☆DilluVGC
|html|DrzuloagaDilluVGC    
|uhtml|bestof|Game 1 of a best-of-3
|t:|1784642365
|gametype|doubles
|player|p1|Drzuloaga|170|1045
|player|p2|DilluVGC|blaine|1100
|gen|9
|tier|[Gen 9 Champions] VGC 2026 Reg M-B (Bo3)
|rated|
|rule|Species Clause: Limit one of each Pokémon
|rule|Item Clause: Limit 1 of each item
|clearpoke
|poke|p1|Gengar, L50, M|
|poke|p1|Tinkaton, L50, F, shiny|
|poke|p1|Incineroar, L50, M|
|poke|p1|Kingambit, L50, M, shiny|
|poke|p1|Altaria, L50, M|
|poke|p1|Annihilape, L50, M|
|poke|p2|Tyranitar, L50, M|
|poke|p2|Excadrill, L50, M|
|poke|p2|Milotic, L50, F|
|poke|p2|Gholdengo, L50|
|poke|p2|Sinistcha-Masterpiece, L50|
|poke|p2|Staraptor, L50, M|
|teampreview|4
|showteam|p1|Gengar||Gengarite|CursedBody|Protect,PerishSong,ShadowBall,Disable|Timid||M|||50|]Tinkaton||ShucaBerry|MoldBreaker|Protect,FakeOut,Encore,GigatonHammer|Jolly||F|||50|]Incineroar||PasshoBerry|Intimidate|Protect,FakeOut,PartingShot,ThroatChop|Relaxed||M|||50|]Kingambit||BlackGlasses|Defiant|Protect,SuckerPunch,SwordsDance,KowtowCleave|Adamant||M|||50|]Altaria||Leftovers|CloudNine|Protect,PerishSong,WillOWisp,FireSpin|Bold||M|||50|]Annihilape||ChoiceScarf|Defiant|Uturn,CloseCombat,IcePunch,PhantomForce|Adamant||M|||50|
|showteam|p2|Tyranitar||Tyranitarite|SandStream|KnockOff,RockSlide,HighHorsepower,Protect|Jolly||M|||50|]Excadrill||FocusSash|SandRush|Earthquake,IronHead,RockSlide,Protect|Jolly||M|||50|]Milotic||SitrusBerry|Competitive|Scald,IcyWind,IceBeam,Protect|Calm||F|||50|]Gholdengo||LifeOrb|GoodasGold|MakeItRain,ShadowBall,NastyPlot,Protect|Modest|||||50|]Sinistcha-Masterpiece||ColburBerry|Hospitality|MatchaGotcha,ShadowBall,Protect,RagePowder|Bold|||||50|]Staraptor||Staraptite|Intimidate|CloseCombat,BraveBird,Tailwind,Protect|Jolly||M|||50|
|
|t:|1784642454
|teamsize|p1|4
|teamsize|p2|4
|start
|switch|p1a: Kingambit|Kingambit, L50, M, shiny|100/100
|switch|p1b: Gengar|Gengar, L50, M|100/100
|switch|p2a: Staraptor|Staraptor, L50, M|100/100
|switch|p2b: Milotic|Milotic, L50, F|100/100
|-ability|p2a: Staraptor|Intimidate|boost
|-unboost|p1a: Kingambit|atk|1
|-ability|p1a: Kingambit|Defiant|boost
|-boost|p1a: Kingambit|atk|2
|-unboost|p1b: Gengar|atk|1
|turn|1
|
|t:|1784642479
|detailschange|p2a: Staraptor|Staraptor-Mega, L50, M
|-mega|p2a: Staraptor|Staraptor|Staraptite
|detailschange|p1b: Gengar|Gengar-Mega, L50, M
|-mega|p1b: Gengar|Gengar|Gengarite
|move|p1a: Kingambit|Protect|p1a: Kingambit
|-singleturn|p1a: Kingambit|Protect
|move|p2a: Staraptor|Brave Bird|p1b: Gengar
|-damage|p1b: Gengar|40/100
|-damage|p2a: Staraptor|82/100|[from] Recoil
|move|p1b: Gengar|Perish Song|p1b: Gengar
|-start|p1a: Kingambit|perish3|[silent]
|-start|p1b: Gengar|perish3|[silent]
|-start|p2a: Staraptor|perish3|[silent]
|-start|p2b: Milotic|perish3|[silent]
|-fieldactivate|move: Perish Song
|move|p2b: Milotic|Scald|p1b: Gengar
|-damage|p1b: Gengar|10/100
|
|-start|p2a: Staraptor|perish3
|-start|p1b: Gengar|perish3
|-start|p2b: Milotic|perish3
|-start|p1a: Kingambit|perish3
|upkeep
|turn|2
|inactive|Battle timer is ON: inactive players will automatically lose when time's up. (requested by Drzuloaga)
|
|t:|1784642508
|switch|p1a: Incineroar|Incineroar, L50, M|100/100
|-ability|p1a: Incineroar|Intimidate|boost
|-boost|p2a: Staraptor|atk|1
|-unboost|p2b: Milotic|atk|1
|-ability|p2b: Milotic|Competitive|boost
|-boost|p2b: Milotic|spa|2
|move|p1b: Gengar|Protect|p1b: Gengar
|-singleturn|p1b: Gengar|Protect
|move|p2a: Staraptor|Tailwind|p2a: Staraptor
|-sidestart|p2: DilluVGC|move: Tailwind
|move|p2b: Milotic|Scald|p1b: Gengar
|-activate|p1b: Gengar|move: Protect
|
|-start|p2a: Staraptor|perish2
|-start|p2b: Milotic|perish2
|-start|p1b: Gengar|perish2
|upkeep
|turn|3
|inactive|Drzuloaga has 30 seconds left.
|
|t:|1784642541
|switch|p1b: Kingambit|Kingambit, L50, M, shiny|100/100
|move|p2a: Staraptor|Close Combat|p1a: Incineroar
|-supereffective|p1a: Incineroar|1
|-damage|p1a: Incineroar|0 fnt
|-boost|p2a: Staraptor|def|1
|-boost|p2a: Staraptor|spd|1
|faint|p1a: Incineroar
|move|p2b: Milotic|Scald|p1b: Kingambit
|-damage|p1b: Kingambit|40/100
|-status|p1b: Kingambit|brn
|
|-damage|p1b: Kingambit|34/100 brn|[from] brn
|-start|p2a: Staraptor|perish1
|-start|p2b: Milotic|perish1
|upkeep
|
|t:|1784642556
|switch|p1a: Gengar|Gengar-Mega, L50, M|10/100
|turn|4
|
|t:|1784642571
|move|p1a: Gengar|Protect|p1a: Gengar
|-singleturn|p1a: Gengar|Protect
|move|p1b: Kingambit|Protect|p1b: Kingambit
|-singleturn|p1b: Kingambit|Protect
|move|p2a: Staraptor|Close Combat|p1b: Kingambit
|-activate|p1b: Kingambit|move: Protect
|move|p2b: Milotic|Scald|p1a: Gengar
|-activate|p1a: Gengar|move: Protect
|
|-damage|p1b: Kingambit|28/100 brn|[from] brn
|-start|p2a: Staraptor|perish0
|-start|p2b: Milotic|perish0
|faint|p2a: Staraptor
|faint|p2b: Milotic
|upkeep
|
|t:|1784642584
|switch|p2a: Gholdengo|Gholdengo, L50|100/100
|switch|p2b: Tyranitar|Tyranitar, L50, M|100/100
|-weather|Sandstorm|[from] ability: Sand Stream|[of] p2b: Tyranitar
|turn|5
|inactive|Drzuloaga has 30 seconds left.
|
|t:|1784642609
|move|p2a: Gholdengo|Protect|p2a: Gholdengo
|-singleturn|p2a: Gholdengo|Protect
|move|p1b: Kingambit|Sucker Punch||[still]
|-fail|p1b: Kingambit
|move|p2b: Tyranitar|High Horsepower|p1b: Kingambit
|-supereffective|p1b: Kingambit|1
|-damage|p1b: Kingambit|0 fnt
|faint|p1b: Kingambit
|move|p1a: Gengar|Shadow Ball|p2a: Gholdengo
|-activate|p2a: Gholdengo|move: Protect
|
|-weather|Sandstorm|[upkeep]
|-damage|p1a: Gengar|4/100|[from] Sandstorm
|-sideend|p2: DilluVGC|move: Tailwind
|upkeep
|
|t:|1784642621
|switch|p1b: Tinkaton|Tinkaton, L50, F, shiny|100/100
|-ability|p1b: Tinkaton|Mold Breaker
|turn|6
|
|t:|1784642634
|move|p1a: Gengar|Shadow Ball|p2a: Gholdengo
|-supereffective|p2a: Gholdengo|1
|-damage|p2a: Gholdengo|23/100
|move|p1b: Tinkaton|Gigaton Hammer|p2b: Tyranitar
|-supereffective|p2b: Tyranitar|1
|-damage|p2b: Tyranitar|25/100
|move|p2b: Tyranitar|High Horsepower|p1b: Tinkaton
|-supereffective|p1b: Tinkaton|1
|-enditem|p1b: Tinkaton|Shuca Berry|[eat]
|-enditem|p1b: Tinkaton|Shuca Berry|[weaken]
|-damage|p1b: Tinkaton|62/100
|move|p2a: Gholdengo|Make It Rain|p1a: Gengar|[spread] p1a,p1b
|-damage|p1a: Gengar|0 fnt
|-damage|p1b: Tinkaton|9/100
|-unboost|p2a: Gholdengo|spa|2
|faint|p1a: Gengar
|-damage|p2a: Gholdengo|14/100|[from] item: Life Orb
|
|-weather|Sandstorm|[upkeep]
|upkeep
|turn|7
|inactive|Drzuloaga has 30 seconds left.
|inactive|DilluVGC has 30 seconds left.
|
|t:|1784642669
|move|p1b: Tinkaton|Encore|p2a: Gholdengo
|-start|p2a: Gholdengo|Encore
|move|p2b: Tyranitar|High Horsepower|p1b: Tinkaton
|-supereffective|p1b: Tinkaton|1
|-damage|p1b: Tinkaton|0 fnt
|faint|p1b: Tinkaton
|
|win|DilluVGC
||Drzuloaga is ready for game 2.
|inactive|DilluVGC has 30 seconds to confirm battle start!
||DilluVGC is ready for game 2.
|uhtml|next|Next: Game 2 of 3
|l|☆Drzuloaga
|player|p1|
