|j|☆eutherians
|j|☆owbd
|html|eutheriansowbd    
|uhtml|bestof|Game 2 of a best-of-3
|t:|1757921320
|gametype|doubles
|player|p1|eutherians|169|1165
|player|p2|owbd|cynthia-gen4|1214
|gen|9
|tier|[Gen 9] VGC 2025 Reg H (Bo3)
|rated|
|rule|Species Clause: Limit one of each Pokémon
|rule|Item Clause: Limit 1 of each item
|clearpoke
|poke|p1|Ribombee, L50, F|
|poke|p1|Archaludon, L50, M|
|poke|p1|Annihilape, L50, M|
|poke|p1|Indeedee, L50, M|
|poke|p1|Incineroar, L50, M|
|poke|p1|Ninetales-Alola, L50, M|
|poke|p2|Murkrow, L50, F|
|poke|p2|Gholdengo, L50|
|poke|p2|Sneasler, L50, F|
|poke|p2|Indeedee, L50, M|
|poke|p2|Annihilape, L50, M|
|poke|p2|Garchomp, L50, F|
|teampreview|4
|showteam|p1|Ribombee||FocusSash|ShieldDust|Moonblast,Tailwind,FakeTears,Protect|||F|||50|,,,,,Fairy]Archaludon||PowerHerb|Sturdy|ElectroShot,DracoMeteor,Thunderbolt,Protect|||M|||50|,,,,,Electric]Annihilape||SafetyGoggles|Defiant|RageFist,CloseCombat,FinalGambit,Taunt|||M|||50|,,,,,Fire]Indeedee||ChoiceSpecs|PsychicSurge|HealingWish,TeraBlast,Trick,DazzlingGleam|||M|||50|,,,,,Psychic]Incineroar||AssaultVest|Intimidate|FakeOut,FlareBlitz,KnockOff,Uturn|||M|||50|,,,,,Grass]Ninetales-Alola||LifeOrb|SnowWarning|Blizzard,FreezeDry,Moonblast,Protect|||M|||50|,,,,,Ice
|showteam|p2|Murkrow||Eviolite|Prankster|FoulPlay,SunnyDay,Haze,Tailwind|||F|||50|,,,,,Ghost]Gholdengo||ChoiceSpecs|GoodasGold|MakeItRain,ShadowBall,PowerGem,Trick||||||50|,,,,,Steel]Sneasler||PsychicSeed|Unburden|DireClaw,CloseCombat,ThroatChop,Protect|||F|||50|,,,,,Dark]Indeedee||FocusSash|PsychicSurge|ExpandingForce,TrickRoom,Imprison,Protect|||M|||50|,,,,,Psychic]Annihilape||SafetyGoggles|Defiant|RageFist,CloseCombat,FinalGambit,Taunt|||M|||50|,,,,,Water]Garchomp||LifeOrb|RoughSkin|DragonClaw,StompingTantrum,Earthquake,Protect|||F|||50|,,,,,Ground
|inactive|Battle timer is ON: inactive players will automatically lose when time's up. (requested by eutherians)
|
|t:|1757921358
|teamsize|p1|4
|teamsize|p2|4
|start
|switch|p1a: Ribombee|Ribombee, L50, F|100/100
|switch|p1b: Incineroar|Incineroar, L50, M|100/100
|switch|p2a: Annihilape|Annihilape, L50, M|100/100
|switch|p2b: Gholdengo|Gholdengo, L50|100/100
|-ability|p1b: Incineroar|Intimidate|boost
|-unboost|p2a: Annihilape|atk|1
|-ability|p2a: Annihilape|Defiant|boost
|-boost|p2a: Annihilape|atk|2
|-unboost|p2b: Gholdengo|atk|1
|turn|1
|inactive|owbd has 30 seconds left.
|inactive|owbd has 20 seconds left.
|
|t:|1757921394
|-terastallize|p2a: Annihilape|Water
|-terastallize|p1b: Incineroar|Grass
|move|p1a: Ribombee|Tailwind|p1a: Ribombee
|-sidestart|p1: eutherians|move: Tailwind
|move|p1b: Incineroar|Flare Blitz|p2b: Gholdengo
|-supereffective|p2b: Gholdengo
|-damage|p2b: Gholdengo|0 fnt
|faint|p2b: Gholdengo
|-damage|p1b: Incineroar|71/100|[from] Recoil
|move|p2a: Annihilape|Rage Fist|p1a: Ribombee
|-damage|p1a: Ribombee|47/100
|
|upkeep
|
|t:|1757921407
|switch|p2b: Sneasler|Sneasler, L50, F|100/100
|turn|2
|
|t:|1757921418
|move|p1a: Ribombee|Moonblast|p2b: Sneasler
|-damage|p2b: Sneasler|42/100
|-unboost|p2b: Sneasler|spa|1
|move|p1b: Incineroar|Knock Off|p2a: Annihilape
|-damage|p2a: Annihilape|58/100
|-enditem|p2a: Annihilape|Safety Goggles|[from] move: Knock Off|[of] p1b: Incineroar
|move|p2b: Sneasler|Dire Claw|p1b: Incineroar
|-supereffective|p1b: Incineroar
|-damage|p1b: Incineroar|0 fnt
|faint|p1b: Incineroar
|move|p2a: Annihilape|Rage Fist|p1a: Ribombee
|-damage|p1a: Ribombee|0 fnt
|faint|p1a: Ribombee
|
|upkeep
|
|t:|1757921426
|switch|p1a: Ninetales|Ninetales-Alola, L50, M|100/100
|switch|p1b: Indeedee|Indeedee, L50, M|100/100
|-weather|Snowscape|[from] ability: Snow Warning|[of] p1a: Ninetales
|-fieldstart|move: Psychic Terrain|[from] ability: Psychic Surge|[of] p1b: Indeedee
|-enditem|p2b: Sneasler|Psychic Seed
|-boost|p2b: Sneasler|spd|1|[from] item: Psychic Seed
|turn|3
|
|t:|1757921448
|move|p2b: Sneasler|Protect|p2b: Sneasler
|-singleturn|p2b: Sneasler|Protect
|move|p1a: Ninetales|Blizzard|p2b: Sneasler|[spread] p2a
|-activate|p2b: Sneasler|move: Protect
|-resisted|p2a: Annihilape
|-damage|p2a: Annihilape|42/100
|-damage|p1a: Ninetales|91/100|[from] item: Life Orb
|move|p1b: Indeedee|Tera Blast|p2a: Annihilape
|-damage|p2a: Annihilape|0 fnt
|faint|p2a: Annihilape
|
|-weather|Snowscape|[upkeep]
|upkeep
|
|t:|1757921460
|switch|p2a: Indeedee|Indeedee, L50, M|100/100
|turn|4
|
|t:|1757921475
|move|p1a: Ninetales|Blizzard|p2b: Sneasler|[spread] p2a,p2b
|-damage|p2a: Indeedee|43/100
|-damage|p2b: Sneasler|7/100
|-status|p2a: Indeedee|frz
|-damage|p1a: Ninetales|82/100|[from] item: Life Orb
|move|p2b: Sneasler|Dire Claw|p1a: Ninetales
|-supereffective|p1a: Ninetales
|-damage|p1a: Ninetales|0 fnt
|faint|p1a: Ninetales
|move|p1b: Indeedee|Tera Blast|p2a: Indeedee
|-damage|p2a: Indeedee|0 fnt
|faint|p2a: Indeedee
|
|-weather|Snowscape|[upkeep]
|-sideend|p1: eutherians|move: Tailwind
|upkeep
|turn|5
|
|t:|1757921492
|move|p2b: Sneasler|Throat Chop|p1b: Indeedee
|-supereffective|p1b: Indeedee
|-damage|p1b: Indeedee|0 fnt
|faint|p1b: Indeedee
|
|win|owbd
||eutherians is ready for game 3.
||owbd is ready for game 3.
|uhtml|next|Next: Game 3 of 3
|l|☆eutherians
|player|p1|
|l|☆owbd
|player|p2|
