|j|☆Bunny+X goaty
|j|☆lux raymundi
|html|Bunny+X goatylux raymundi    
|uhtml|bestof|Game 2 of a best-of-3
|t:|1782690100
|gametype|doubles
|player|p1|Bunny+X goaty|dawn|1104
|player|p2|lux raymundi|169|1185
|gen|9
|tier|[Gen 9 Champions] VGC 2026 Reg M-B (Bo3)
|rated|
|rule|Species Clause: Limit one of each Pokémon
|rule|Item Clause: Limit 1 of each item
|clearpoke
|poke|p1|Farigiraf, L50, M|
|poke|p1|Scrafty, L50, M|
|poke|p1|Charizard, L50, F|
|poke|p1|Annihilape, L50, M|
|poke|p1|Tinkaton, L50, F|
|poke|p1|Reuniclus, L50, M|
|poke|p2|Garchomp, L50, F|
|poke|p2|Sneasler, L50, F|
|poke|p2|Sinistcha, L50|
|poke|p2|Eelektross, L50, M|
|poke|p2|Delphox, L50, F|
|poke|p2|Basculegion, L50, M|
|teampreview|4
|showteam|p1|Farigiraf||SitrusBerry|ArmorTail|Protect,TwinBeam,Thunderbolt,TrickRoom|Sassy||M|||50|]Scrafty||Scraftinite|Intimidate|KnockOff,CloseCombat,FakeOut,IronHead|Brave||M|||50|]Charizard||CharizarditeY|Blaze|HeatWave,SolarBeam,ScorchingSands,Protect|Quiet||F|||50|]Annihilape||FocusSash|Defiant|RockSlide,CloseCombat,RageFist,Uturn|Jolly||M|||50|]Tinkaton||OccaBerry|MoldBreaker|FakeOut,Feint,PlayRough,GigatonHammer|Careful||F|||50|]Reuniclus||LifeOrb|MagicGuard|TrickRoom,Psychic,HelpingHand,Protect|Quiet||M|||50|
|showteam|p2|Garchomp||LifeOrb|RoughSkin|Earthquake,RockTomb,DragonClaw,Protect|Jolly||F|||50|]Sneasler||WhiteHerb|Unburden|FakeOut,CloseCombat,DireClaw,Protect|Jolly||F|||50|]Sinistcha||SitrusBerry|Hospitality|MatchaGotcha,RagePowder,TrickRoom,Protect|Bold|||||50|]Eelektross||Eelektrossite|Levitate|Protect,Electroweb,Flamethrower,Thunderbolt|Timid||M|||50|]Delphox||Delphoxite|Blaze|NastyPlot,HeatWave,Psychic,Protect|Timid||F|||50|]Basculegion||ChoiceScarf|Adaptability|FlipTurn,AquaJet,WaveCrash,LastRespects|Jolly||M|||50|
|
|t:|1782690116
|teamsize|p1|4
|teamsize|p2|4
|start
|switch|p1a: Farigiraf|Farigiraf, L50, M|100/100
|switch|p1b: Scrafty|Scrafty, L50, M|100/100
|switch|p2a: Sneasler|Sneasler, L50, F|100/100
|switch|p2b: Delphox|Delphox, L50, F|100/100
|-ability|p1b: Scrafty|Intimidate|boost
|-unboost|p2a: Sneasler|atk|1
|-unboost|p2b: Delphox|atk|1
|-enditem|p2a: Sneasler|White Herb
|-clearnegativeboost|p2a: Sneasler|[silent]
|turn|1
|
|t:|1782690182
|detailschange|p2b: Delphox|Delphox-Mega, L50, F
|-mega|p2b: Delphox|Delphox|Delphoxite
|detailschange|p1b: Scrafty|Scrafty-Mega, L50, M
|-mega|p1b: Scrafty|Scrafty|Scraftinite
|-ability|p1b: Scrafty|Intimidate|boost
|-unboost|p2a: Sneasler|atk|1
|-unboost|p2b: Delphox|atk|1
|move|p1b: Scrafty|Fake Out|p2b: Delphox
|-damage|p2b: Delphox|76/100
|move|p2a: Sneasler|Close Combat|p1b: Scrafty
|-supereffective|p1b: Scrafty|1
|-damage|p1b: Scrafty|37/100
|-unboost|p2a: Sneasler|def|1
|-unboost|p2a: Sneasler|spd|1
|cant|p2b: Delphox|flinch
|move|p1a: Farigiraf|Trick Room|p1a: Farigiraf
|-fieldstart|move: Trick Room|[of] p1a: Farigiraf
|
|upkeep
|turn|2
|
|t:|1782690203
|switch|p2b: Sinistcha|Sinistcha, L50|100/100
|move|p1a: Farigiraf|Twin Beam|p2a: Sneasler
|-supereffective|p2a: Sneasler|2
|-damage|p2a: Sneasler|0 fnt
|faint|p2a: Sneasler
|-hitcount|p2: Sneasler|1
|move|p1b: Scrafty|Knock Off|p2b: Sinistcha
|-supereffective|p2b: Sinistcha|1
|-damage|p2b: Sinistcha|14/100
|-enditem|p2b: Sinistcha|Sitrus Berry|[from] move: Knock Off|[of] p1b: Scrafty
|
|upkeep
|
|t:|1782690208
|switch|p2a: Basculegion|Basculegion, L50, M|100/100
|turn|3
|
|t:|1782690218
|move|p1a: Farigiraf|Thunderbolt|p2a: Basculegion
|-supereffective|p2a: Basculegion|1
|-damage|p2a: Basculegion|46/100
|move|p1b: Scrafty|Knock Off|p2a: Basculegion
|-supereffective|p2a: Basculegion|1
|-damage|p2a: Basculegion|0 fnt
|-enditem|p2a: Basculegion|Choice Scarf|[from] move: Knock Off|[of] p1b: Scrafty
|faint|p2a: Basculegion
|move|p2b: Sinistcha|Trick Room|p2b: Sinistcha
|-fieldend|move: Trick Room
|
|upkeep
|
|t:|1782690221
|switch|p2a: Delphox|Delphox-Mega, L50, F|76/100
|turn|4
|
|t:|1782690239
|move|p2a: Delphox|Heat Wave|p1a: Farigiraf|[spread] p1a,p1b
|-damage|p1a: Farigiraf|64/100
|-damage|p1b: Scrafty|0 fnt
|faint|p1b: Scrafty
|move|p1a: Farigiraf|Twin Beam|p2b: Sinistcha
|-damage|p2b: Sinistcha|0 fnt
|faint|p2b: Sinistcha
|-hitcount|p2: Sinistcha|1
|
|upkeep
|
|t:|1782690247
|switch|p1b: Reuniclus|Reuniclus, L50, M|100/100
|turn|5
|
|t:|1782690256
|move|p2a: Delphox|Nasty Plot|p2a: Delphox
|-boost|p2a: Delphox|spa|2
|move|p1b: Reuniclus|Psychic|p2a: Delphox
|-resisted|p2a: Delphox|1
|-damage|p2a: Delphox|46/100
|move|p1a: Farigiraf|Trick Room|p1a: Farigiraf
|-fieldstart|move: Trick Room|[of] p1a: Farigiraf
|
|upkeep
|turn|6
|
|t:|1782690265
|move|p1b: Reuniclus|Psychic|p2a: Delphox
|-resisted|p2a: Delphox|1
|-damage|p2a: Delphox|18/100
|move|p1a: Farigiraf|Thunderbolt|p2a: Delphox
|-damage|p2a: Delphox|0 fnt
|faint|p2a: Delphox
|
|win|Bunny+X goaty
|raw|Bunny+X goaty's rating: 1104 → 1135(+31 for winning)
|raw|lux raymundi's rating: 1185 → 1154(-31 for losing)
