|j|☆Chocokoala VGC
|j|☆luxerna
|html|Chocokoala VGCluxerna    
|uhtml|bestof|Game 1 of a best-of-3
|t:|1785331551
|gametype|doubles
|player|p1|Chocokoala VGC|aaron|1334
|player|p2|luxerna|dawn-gen4pt|1432
|gen|9
|tier|[Gen 9 Champions] VGC 2026 Reg M-B (Bo3)
|rated|
|rule|Species Clause: Limit one of each Pokémon
|rule|Item Clause: Limit 1 of each item
|clearpoke
|poke|p1|Scovillain, L50, F|
|poke|p1|Primarina, L50, F|
|poke|p1|Aerodactyl, L50, F|
|poke|p1|Garchomp, L50, F|
|poke|p1|Gholdengo, L50|
|poke|p1|Grimmsnarl, L50, M|
|poke|p2|Tyranitar, L50, M|
|poke|p2|Staraptor, L50, M, shiny|
|poke|p2|Excadrill, L50, F|
|poke|p2|Gholdengo, L50|
|poke|p2|Milotic, L50, M|
|poke|p2|Sinistcha, L50|
|teampreview|4
|showteam|p1|Scovillain||Scovillainite|Moody|Flamethrower,GigaDrain,Protect,RagePowder|Bold||F|||50|]Primarina||Leftovers|LiquidVoice|HyperVoice,Moonblast,Protect,CalmMind|Modest||F|||50|]Aerodactyl||Aerodactylite|Unnerve|RockSlide,DualWingbeat,Protect,Tailwind|Jolly||F|||50|]Garchomp||SoftSand|RoughSkin|Earthquake,StompingTantrum,Protect,DragonClaw|Jolly||F|||50|]Gholdengo||LifeOrb|GoodasGold|MakeItRain,ShadowBall,Protect,NastyPlot|Modest|||||50|]Grimmsnarl||LightClay|Prankster|LightScreen,Reflect,FakeOut,FoulPlay|Calm||M|||50|
|showteam|p2|Tyranitar||Tyranitarite|SandStream|RockSlide,KnockOff,HighHorsepower,Protect|Jolly||M|||50|]Staraptor||Staraptite|Intimidate|BraveBird,CloseCombat,Tailwind,Protect|Jolly||M|||50|]Excadrill||FocusSash|SandRush|HighHorsepower,IronHead,RockSlide,Protect|Adamant||F|||50|]Gholdengo||LifeOrb|GoodasGold|MakeItRain,ShadowBall,NastyPlot,Protect|Timid|||||50|]Milotic||SitrusBerry|Competitive|Protect,Scald,IcyWind,IceBeam|Bold||M|||50|]Sinistcha||ColburBerry|Hospitality|MatchaGotcha,RagePowder,ShadowBall,Protect|Bold|||||50|
|inactive|Battle timer is ON: inactive players will automatically lose when time's up. (requested by Chocokoala VGC)
|inactive|Chocokoala VGC has 60 seconds left.
|inactive|luxerna has 60 seconds left.
|
|t:|1785331597
|teamsize|p1|4
|teamsize|p2|4
|start
|switch|p1a: Scovillain|Scovillain, L50, F|100/100
|switch|p1b: Primarina|Primarina, L50, F|100/100
|switch|p2a: Floppavs|Tyranitar, L50, M|100/100
|switch|p2b: Bugaboo|Milotic, L50, M|100/100
|-weather|Sandstorm|[from] ability: Sand Stream|[of] p2a: Floppavs
|turn|1
|inactive|Chocokoala VGC has 30 seconds left.
|
|t:|1785331623
|detailschange|p2a: Floppavs|Tyranitar-Mega, L50, M
|-mega|p2a: Floppavs|Tyranitar|Tyranitarite
|detailschange|p1a: Scovillain|Scovillain-Mega, L50, F
|-mega|p1a: Scovillain|Scovillain|Scovillainite
|move|p2a: Floppavs|Rock Slide|p1a: Scovillain|[spread] p1a
|-miss|p2a: Floppavs|p1b: Primarina
|-supereffective|p1a: Scovillain|1
|-damage|p1a: Scovillain|36/100
|-status|p2a: Floppavs|brn|[from] ability: Spicy Spray|[of] p1a: Scovillain
|move|p2b: Bugaboo|Scald|p1b: Primarina
|-resisted|p1b: Primarina|1
|-damage|p1b: Primarina|88/100
|cant|p1a: Scovillain|flinch
|move|p1b: Primarina|Calm Mind|p1b: Primarina
|-boost|p1b: Primarina|spa|1
|-boost|p1b: Primarina|spd|1
|
|-weather|Sandstorm|[upkeep]
|-damage|p2b: Bugaboo|93/100|[from] Sandstorm
|-damage|p1a: Scovillain|30/100|[from] Sandstorm
|-damage|p1b: Primarina|82/100|[from] Sandstorm
|-heal|p1b: Primarina|88/100|[from] item: Leftovers
|-damage|p2a: Floppavs|93/100 brn|[from] brn
|upkeep
|turn|2
|
|t:|1785331647
|switch|p1a: Garchomp|Garchomp, L50, F|100/100
|move|p2a: Floppavs|Rock Slide|p1a: Garchomp|[spread] p1a,p1b
|-resisted|p1a: Garchomp|1
|-damage|p1a: Garchomp|92/100
|-damage|p1b: Primarina|66/100
|move|p2b: Bugaboo|Scald|p1b: Primarina
|-resisted|p1b: Primarina|1
|-damage|p1b: Primarina|58/100
|move|p1b: Primarina|Moonblast|p2a: Floppavs
|-supereffective|p2a: Floppavs|1
|-damage|p2a: Floppavs|21/100 brn
|
|-weather|Sandstorm|[upkeep]
|-damage|p2b: Bugaboo|87/100|[from] Sandstorm
|-damage|p1b: Primarina|52/100|[from] Sandstorm
|-heal|p1b: Primarina|58/100|[from] item: Leftovers
|-damage|p2a: Floppavs|15/100 brn|[from] brn
|upkeep
|turn|3
|
|t:|1785331663
|switch|p2a: Tia Lu|Sinistcha, L50|100/100
|-heal|p2b: Bugaboo|100/100|[from] ability: Hospitality|[of] p2a: Tia Lu
|move|p1a: Garchomp|Protect|p1a: Garchomp
|-singleturn|p1a: Garchomp|Protect
|move|p2b: Bugaboo|Ice Beam|p1a: Garchomp
|-activate|p1a: Garchomp|move: Protect
|move|p1b: Primarina|Moonblast|p2b: Bugaboo
|-damage|p2b: Bugaboo|45/100
|-unboost|p2b: Bugaboo|spa|1
|-ability|p2b: Bugaboo|Competitive|boost
|-boost|p2b: Bugaboo|spa|2
|-enditem|p2b: Bugaboo|Sitrus Berry|[eat]
|-heal|p2b: Bugaboo|70/100|[from] item: Sitrus Berry
|
|-weather|Sandstorm|[upkeep]
|-damage|p2b: Bugaboo|64/100|[from] Sandstorm
|-damage|p1b: Primarina|52/100|[from] Sandstorm
|-damage|p2a: Tia Lu|93/100|[from] Sandstorm
|-heal|p1b: Primarina|58/100|[from] item: Leftovers
|upkeep
|turn|4
|
|t:|1785331682
|switch|p1a: Gholdengo|Gholdengo, L50|100/100
|move|p2b: Bugaboo|Icy Wind|p1b: Primarina|[spread] p1a,p1b
|-resisted|p1a: Gholdengo|1
|-resisted|p1b: Primarina|1
|-damage|p1a: Gholdengo|92/100
|-damage|p1b: Primarina|54/100
|-unboost|p1a: Gholdengo|spe|1
|-unboost|p1b: Primarina|spe|1
|move|p2a: Tia Lu|Matcha Gotcha|p1b: Primarina|[spread] p1a,p1b
|-resisted|p1a: Gholdengo|1
|-supereffective|p1b: Primarina|1
|-damage|p1a: Gholdengo|79/100
|-heal|p2a: Tia Lu|100/100|[from] drain|[of] p1a: Gholdengo
|-damage|p1b: Primarina|25/100
|move|p1b: Primarina|Moonblast|p2b: Bugaboo
|-damage|p2b: Bugaboo|7/100
|
|-weather|Sandstorm|[upkeep]
|-damage|p2b: Bugaboo|1/100|[from] Sandstorm
|-damage|p2a: Tia Lu|93/100|[from] Sandstorm
|-damage|p1b: Primarina|19/100|[from] Sandstorm
|-heal|p1b: Primarina|25/100|[from] item: Leftovers
|upkeep
|turn|5
|
|t:|1785331705
|switch|p1a: Scovillain|Scovillain-Mega, L50, F|30/100
|move|p1b: Primarina|Protect|p1b: Primarina
|-singleturn|p1b: Primarina|Protect
|move|p2b: Bugaboo|Icy Wind|p1b: Primarina|[spread] p1a
|-activate|p1b: Primarina|move: Protect
|-damage|p1a: Scovillain|14/100
|-unboost|p1a: Scovillain|spe|1
|-status|p2b: Bugaboo|brn|[from] ability: Spicy Spray|[of] p1a: Scovillain
|move|p2a: Tia Lu|Matcha Gotcha|p1a: Scovillain|[spread] p1a
|-activate|p1b: Primarina|move: Protect
|-resisted|p1a: Scovillain|2
|-damage|p1a: Scovillain|9/100
|-heal|p2a: Tia Lu|96/100|[from] drain|[of] p1a: Scovillain
|-status|p2a: Tia Lu|brn|[from] ability: Spicy Spray|[of] p1a: Scovillain
|
|-weather|none
|-heal|p1b: Primarina|31/100|[from] item: Leftovers
|-damage|p2b: Bugaboo|0 fnt|[from] brn
|faint|p2b: Bugaboo
|-damage|p2a: Tia Lu|90/100 brn|[from] brn
|upkeep
|
|t:|1785331711
|switch|p2b: Norris|Excadrill, L50, F|100/100
|turn|6
|
|t:|1785331733
|move|p2b: Norris|Protect|p2b: Norris
|-singleturn|p2b: Norris|Protect
|move|p2a: Tia Lu|Matcha Gotcha|p1b: Primarina|[spread] p1a,p1b
|-resisted|p1a: Scovillain|2
|-supereffective|p1b: Primarina|1
|-damage|p1a: Scovillain|4/100
|-heal|p2a: Tia Lu|93/100 brn|[from] drain|[of] p1a: Scovillain
|-damage|p1b: Primarina|5/100
|-heal|p2a: Tia Lu|100/100 brn|[from] drain|[of] p1b: Primarina
|move|p1a: Scovillain|Flamethrower|p2a: Tia Lu
|-supereffective|p2a: Tia Lu|1
|-damage|p2a: Tia Lu|17/100 brn
|move|p1b: Primarina|Hyper Voice|p2b: Norris|[spread] p2a
|-activate|p2b: Norris|move: Protect
|-resisted|p2a: Tia Lu|1
|-damage|p2a: Tia Lu|0 fnt
|faint|p2a: Tia Lu
|
|-heal|p1b: Primarina|11/100|[from] item: Leftovers
|upkeep
|
|t:|1785331746
|switch|p2a: Floppavs|Tyranitar-Mega, L50, M|15/100 brn
|-weather|Sandstorm|[from] ability: Sand Stream|[of] p2a: Floppavs
|turn|7
|
|t:|1785331753
|move|p2b: Norris|Protect|p2b: Norris
|-singleturn|p2b: Norris|Protect
|move|p2a: Floppavs|Rock Slide|p1a: Scovillain|[spread] p1a,p1b
|-supereffective|p1a: Scovillain|1
|-crit|p1a: Scovillain
|-damage|p1a: Scovillain|0 fnt
|-damage|p1b: Primarina|0 fnt
|faint|p1a: Scovillain
|faint|p1b: Primarina
|
|-weather|Sandstorm|[upkeep]
|-damage|p2a: Floppavs|9/100 brn|[from] brn
|upkeep
|
|t:|1785331759
|switch|p1a: Garchomp|Garchomp, L50, F|92/100
|switch|p1b: Gholdengo|Gholdengo, L50|79/100
|turn|8
|
|t:|1785331765
|move|p1b: Gholdengo|Protect|p1b: Gholdengo
|-singleturn|p1b: Gholdengo|Protect
|move|p2b: Norris|High Horsepower|p1a: Garchomp
|-damage|p1a: Garchomp|38/100
|-damage|p2b: Norris|87/100|[from] ability: Rough Skin|[of] p1a: Garchomp
|move|p1a: Garchomp|Earthquake|p2a: Floppavs|[spread] p2a,p2b
|-activate|p1b: Gholdengo|move: Protect
|-supereffective|p2a: Floppavs|1
|-supereffective|p2b: Norris|1
|-damage|p2a: Floppavs|0 fnt
|-damage|p2b: Norris|0 fnt
|faint|p2a: Floppavs
|faint|p2b: Norris
|
|win|Chocokoala VGC
