|j|☆fubaguy
|j|☆joeykoalas
|html|fubaguyjoeykoalas    
|uhtml|bestof|Game 2 of a best-of-3
|t:|1783564275
|gametype|doubles
|player|p1|fubaguy|hilda|
|player|p2|joeykoalas|pokemaniac|
|gen|9
|tier|[Gen 9 Champions] VGC 2026 Reg M-B (Bo3)
|rule|Species Clause: Limit one of each Pokémon
|rule|Item Clause: Limit 1 of each item
|clearpoke
|poke|p1|Kangaskhan, L50, F|
|poke|p1|Garchomp, L50, M, shiny|
|poke|p1|Corviknight, L50, M, shiny|
|poke|p1|Pinsir, L50, F|
|poke|p1|Vanilluxe, L50, F|
|poke|p1|Spiritomb, L50, F|
|poke|p2|Kangaskhan, L50, F|
|poke|p2|Talonflame, L50, M|
|poke|p2|Hydreigon, L50, F|
|poke|p2|Gengar, L50, F|
|poke|p2|Gallade, L50, M|
|poke|p2|Chandelure, L50, F|
|teampreview|4
|showteam|p1|Kangaskhan||ChopleBerry|Scrappy|FakeOut,DoubleEdge,SuckerPunch,Crunch|Adamant||F|||50|]Garchomp||Garchompite|RoughSkin|DragonClaw,RockSlide,Crunch,Protect|Adamant||M|||50|]Corviknight||SitrusBerry|Unnerve|BraveBird,BulkUp,Roost,Protect|Adamant||M|||50|]Pinsir||Pinsirite|Moxie|XScissor,BodySlam,Feint,Detect|Adamant||F|||50|]Vanilluxe||ChoiceScarf|SnowWarning|Blizzard,FreezeDry,IcyWind,ChillingWater|Modest||F|||50|]Spiritomb||Leftovers|Pressure|Snarl,FoulPlay,WillOWisp,TrickRoom|Modest||F|||50|
|showteam|p2|Kangaskhan||Kangaskhanite|Scrappy|FakeOut,DoubleEdge,Protect,SuckerPunch|Jolly||F|||50|]Talonflame||SharpBeak|GaleWings|Tailwind,BraveBird,Taunt,Protect|Jolly||M|||50|]Hydreigon||SitrusBerry|Levitate|DracoMeteor,DarkPulse,HeatWave,Protect|Timid||F|||50|]Gengar||FocusSash|CursedBody|Taunt,IcyWind,ShadowBall,Protect|Timid||F|||50|]Gallade||Galladite|Justified|SacredSword,PsychoCut,WideGuard,Protect|Jolly||M|||50|]Chandelure||MentalHerb|FlashFire|HeatWave,ShadowBall,TrickRoom,Imprison|Quiet||F|||50|
|j| bigwill606
|
|t:|1783564345
|teamsize|p1|4
|teamsize|p2|4
|start
|switch|p1a: Smough|Kangaskhan, L50, F|100/100
|switch|p1b: Kalameet|Garchomp, L50, M, shiny|100/100
|switch|p2a: Big Kanga's House|Kangaskhan, L50, F|100/100
|switch|p2b: Fawk|Talonflame, L50, M|100/100
|turn|1
|
|t:|1783564375
|move|p2a: Big Kanga's House|Fake Out|p1b: Kalameet
|-damage|p1b: Kalameet|83/100
|-damage|p2a: Big Kanga's House|87/100|[from] ability: Rough Skin|[of] p1b: Kalameet
|move|p1a: Smough|Fake Out|p2b: Fawk
|-damage|p2b: Fawk|76/100
|cant|p2b: Fawk|flinch
|cant|p1b: Kalameet|flinch
|
|upkeep
|turn|2
|
|t:|1783564403
|switch|p1b: Pinwheel|Spiritomb, L50, F|100/100
|-ability|p1b: Pinwheel|Pressure
|move|p2a: Big Kanga's House|Protect|p2a: Big Kanga's House
|-singleturn|p2a: Big Kanga's House|Protect
|move|p2b: Fawk|Tailwind|p2b: Fawk
|-sidestart|p2: joeykoalas|move: Tailwind
|move|p1a: Smough|Double-Edge|p2b: Fawk
|-crit|p2b: Fawk
|-damage|p2b: Fawk|0 fnt
|faint|p2b: Fawk
|-damage|p1a: Smough|77/100|[from] Recoil
|
|upkeep
|
|t:|1783564430
|switch|p2b: Herberus|Hydreigon, L50, F|100/100
|turn|3
|j| SpoiledEGG
|
|t:|1783564456
|detailschange|p2a: Big Kanga's House|Kangaskhan-Mega, L50, F
|-mega|p2a: Big Kanga's House|Kangaskhan|Kangaskhanite
|move|p2a: Big Kanga's House|Double-Edge|p1a: Smough
|-damage|p1a: Smough|13/100
|-damage|p1a: Smough|0 fnt
|faint|p1a: Smough
|-hitcount|p1: Smough|2
|-damage|p2a: Big Kanga's House|58/100|[from] Recoil
|move|p2b: Herberus|Dark Pulse|p1b: Pinwheel
|-crit|p1b: Pinwheel
|-damage|p1b: Pinwheel|36/100
|move|p1b: Pinwheel|Trick Room|p1b: Pinwheel
|-fieldstart|move: Trick Room|[of] p1b: Pinwheel
|
|-heal|p1b: Pinwheel|42/100|[from] item: Leftovers
|upkeep
|
|t:|1783564482
|switch|p1a: Ornstein|Pinsir, L50, F|100/100
|turn|4
|
|t:|1783564515
|detailschange|p1a: Ornstein|Pinsir-Mega, L50, F
|-mega|p1a: Ornstein|Pinsir|Pinsirite
|move|p1b: Pinwheel|Will-O-Wisp|p2a: Big Kanga's House
|-status|p2a: Big Kanga's House|brn
|move|p1a: Ornstein|X-Scissor|p2b: Herberus
|-supereffective|p2b: Herberus|1
|-damage|p2b: Herberus|0 fnt
|faint|p2b: Herberus
|move|p2a: Big Kanga's House|Double-Edge|p1b: Pinwheel
|-immune|p1b: Pinwheel
|
|-heal|p1b: Pinwheel|48/100|[from] item: Leftovers
|-damage|p2a: Big Kanga's House|52/100 brn|[from] brn
|upkeep
|l| SpoiledEGG
|
|t:|1783564534
|switch|p2b: Chandy|Chandelure, L50, F|100/100
|turn|5
|
|t:|1783564555
|move|p2a: Big Kanga's House|Protect|p2a: Big Kanga's House
|-singleturn|p2a: Big Kanga's House|Protect
|move|p1b: Pinwheel|Snarl|p2a: Big Kanga's House|[spread] p2b
|-activate|p2a: Big Kanga's House|move: Protect
|-supereffective|p2b: Chandy|1
|-damage|p2b: Chandy|66/100
|-unboost|p2b: Chandy|spa|1
|move|p1a: Ornstein|Body Slam|p2b: Chandy
|-damage|p2b: Chandy|0 fnt
|faint|p2b: Chandy
|
|-heal|p1b: Pinwheel|54/100|[from] item: Leftovers
|-damage|p2a: Big Kanga's House|46/100 brn|[from] brn
|-sideend|p2: joeykoalas|move: Tailwind
|upkeep
|turn|6
|
|t:|1783564578
|move|p1b: Pinwheel|Foul Play|p2a: Big Kanga's House
|-damage|p2a: Big Kanga's House|0 fnt
|faint|p2a: Big Kanga's House
|
|win|fubaguy
|l| bigwill606
|c|☆joeykoalas|gg's!
|c|☆fubaguy|ggwp
|j| SpoiledEGG
|l| SpoiledEGG
