|j|☆gohan92
|j|☆Kahizar
|html|gohan92Kahizar    
|uhtml|bestof|Game 3 of a best-of-3
|t:|1757726878
|gametype|doubles
|player|p1|gohan92|101|1320
|player|p2|Kahizar|1|1124
|gen|9
|tier|[Gen 9] VGC 2025 Reg H (Bo3)
|rated|
|rule|Species Clause: Limit one of each Pokémon
|rule|Item Clause: Limit 1 of each item
|clearpoke
|poke|p1|Gholdengo, L50|
|poke|p1|Archaludon, L50, M|
|poke|p1|Sneasler, L50, F|
|poke|p1|Pelipper, L50, F|
|poke|p1|Rillaboom, L50, F|
|poke|p1|Incineroar, L50, F|
|poke|p2|Ninetales-Alola, L50, F|
|poke|p2|Incineroar, L50, F|
|poke|p2|Murkrow, L50, F|
|poke|p2|Sneasler, L50, M|
|poke|p2|Rillaboom, L50, F|
|poke|p2|Gholdengo, L50|
|teampreview|4
|showteam|p1|Gholdengo||MetalCoat|GoodasGold|MakeItRain,ShadowBall,NastyPlot,Protect||||||50|,,,,,Fighting]Archaludon||PowerHerb|Sturdy|ElectroShot,DragonPulse,FlashCannon,Protect|||M|||50|,,,,,Electric]Sneasler||GrassySeed|Unburden|CloseCombat,DireClaw,ThroatChop,Protect|||F|||50|,,,,,Dark]Pelipper||ChoiceScarf|Drizzle|WeatherBall,Hurricane,MuddyWater,Tailwind|||F|||50|,,,,,Ghost]Rillaboom||AssaultVest|GrassySurge|FakeOut,WoodHammer,GrassyGlide,HighHorsepower|||F|||50|,,,,,Fire]Incineroar||SafetyGoggles|Intimidate|FakeOut,FlareBlitz,KnockOff,PartingShot|||F|||50|,,,,,Ghost
|showteam|p2|Ninetales-Alola||FocusSash|SnowWarning|AuroraVeil,Blizzard,Moonblast,Protect|||F|||50|,,,,,Water]Incineroar||SafetyGoggles|Intimidate|FlareBlitz,FakeOut,KnockOff,PartingShot|||F|||50|,,,,,Ghost]Murkrow||Eviolite|Prankster|Taunt,Tailwind,Haze,FoulPlay|||F|||50|,,,,,Ghost]Sneasler||ChoiceBand|PoisonTouch|CloseCombat,RockSlide,DireClaw,ThroatChop|||M|||50|,,,,,Dark]Rillaboom||AssaultVest|GrassySurge|WoodHammer,GrassyGlide,FakeOut,Uturn|||F|||50|,,,,,Fire]Gholdengo||LifeOrb|GoodasGold|MakeItRain,TeraBlast,NastyPlot,Protect||||||50|,,,,,Ground
|
|t:|1757726911
|teamsize|p1|4
|teamsize|p2|4
|start
|switch|p1a: Archaludon|Archaludon, L50, M|100/100
|switch|p1b: Incineroar|Incineroar, L50, F|100/100
|switch|p2a: Gholdengo|Gholdengo, L50|100/100
|switch|p2b: Incineroar|Incineroar, L50, F|100/100
|-ability|p1b: Incineroar|Intimidate|boost
|-unboost|p2a: Gholdengo|atk|1
|-unboost|p2b: Incineroar|atk|1
|-ability|p2b: Incineroar|Intimidate|boost
|-unboost|p1a: Archaludon|atk|1
|-unboost|p1b: Incineroar|atk|1
|turn|1
|
|t:|1757726937
|-terastallize|p2a: Gholdengo|Ground
|move|p1a: Archaludon|Protect|p1a: Archaludon
|-singleturn|p1a: Archaludon|Protect
|move|p2a: Gholdengo|Tera Blast|p1a: Archaludon|[anim] Tera Blast Ground
|-activate|p1a: Archaludon|move: Protect
|move|p1b: Incineroar|Knock Off|p2a: Gholdengo
|-crit|p2a: Gholdengo
|-damage|p2a: Gholdengo|44/100
|-enditem|p2a: Gholdengo|Life Orb|[from] move: Knock Off|[of] p1b: Incineroar
|move|p2b: Incineroar|Knock Off|p1b: Incineroar
|-resisted|p1b: Incineroar
|-damage|p1b: Incineroar|90/100
|-enditem|p1b: Incineroar|Safety Goggles|[from] move: Knock Off|[of] p2b: Incineroar
|
|upkeep
|turn|2
|
|t:|1757726978
|switch|p1b: Rillaboom|Rillaboom, L50, F|100/100
|-fieldstart|move: Grassy Terrain|[from] ability: Grassy Surge|[of] p1b: Rillaboom
|switch|p2b: Sneasler|Sneasler, L50, M|100/100
|-terastallize|p1a: Archaludon|Electric
|move|p1a: Archaludon|Electro Shot||[still]
|-prepare|p1a: Archaludon|Electro Shot
|-boost|p1a: Archaludon|spa|1
|-enditem|p1a: Archaludon|Power Herb
|-anim|p1a: Archaludon|Electro Shot|p2b: Sneasler
|-damage|p2b: Sneasler|0 fnt
|faint|p2b: Sneasler
|move|p2a: Gholdengo|Tera Blast|p1a: Archaludon|[anim] Tera Blast Ground
|-supereffective|p1a: Archaludon
|-ability|p1a: Archaludon|Sturdy
|-damage|p1a: Archaludon|1/100
|
|-heal|p1a: Archaludon|7/100|[from] Grassy Terrain
|-heal|p2a: Gholdengo|50/100|[from] Grassy Terrain
|upkeep
|
|t:|1757726998
|switch|p2b: Incineroar|Incineroar, L50, F|100/100
|-ability|p2b: Incineroar|Intimidate|boost
|-unboost|p1a: Archaludon|atk|1
|-unboost|p1b: Rillaboom|atk|1
|turn|3
|
|t:|1757727013
|move|p2b: Incineroar|Fake Out|p1a: Archaludon
|-damage|p1a: Archaludon|0 fnt
|faint|p1a: Archaludon
|move|p1b: Rillaboom|Grassy Glide|p2a: Gholdengo
|-supereffective|p2a: Gholdengo
|-damage|p2a: Gholdengo|0 fnt
|faint|p2a: Gholdengo
|
|upkeep
|
|t:|1757727025
|switch|p1a: Incineroar|Incineroar, L50, F|90/100
|switch|p2a: Ninetales|Ninetales-Alola, L50, F|100/100
|-weather|Snowscape|[from] ability: Snow Warning|[of] p2a: Ninetales
|-ability|p1a: Incineroar|Intimidate|boost
|-unboost|p2a: Ninetales|atk|1
|-unboost|p2b: Incineroar|atk|1
|turn|4
|
|t:|1757727049
|switch|p1a: Pelipper|Pelipper, L50, F|100/100
|-weather|RainDance|[from] ability: Drizzle|[of] p1a: Pelipper
|move|p2a: Ninetales|Blizzard|p1a: Pelipper|[spread] p1b
|-miss|p2a: Ninetales|p1a: Pelipper
|-supereffective|p1b: Rillaboom
|-damage|p1b: Rillaboom|62/100
|move|p1b: Rillaboom|Wood Hammer|p2a: Ninetales
|-damage|p2a: Ninetales|19/100
|-damage|p1b: Rillaboom|43/100|[from] Recoil
|move|p2b: Incineroar|Flare Blitz|p1b: Rillaboom
|-supereffective|p1b: Rillaboom
|-damage|p1b: Rillaboom|14/100
|-damage|p2b: Incineroar|91/100|[from] Recoil
|
|-weather|RainDance|[upkeep]
|-heal|p2a: Ninetales|25/100|[from] Grassy Terrain
|-heal|p1b: Rillaboom|19/100|[from] Grassy Terrain
|-heal|p2b: Incineroar|97/100|[from] Grassy Terrain
|upkeep
|turn|5
|
|t:|1757727075
|move|p1b: Rillaboom|Grassy Glide|p2b: Incineroar
|-resisted|p2b: Incineroar
|-damage|p2b: Incineroar|88/100
|move|p1a: Pelipper|Weather Ball|p2b: Incineroar
|-supereffective|p2b: Incineroar
|-damage|p2b: Incineroar|0 fnt
|faint|p2b: Incineroar
|move|p2a: Ninetales|Blizzard|p1b: Rillaboom|[spread] p1a
|-miss|p2a: Ninetales|p1b: Rillaboom
|-damage|p1a: Pelipper|42/100
|
|-weather|RainDance|[upkeep]
|-heal|p2a: Ninetales|32/100|[from] Grassy Terrain
|-heal|p1b: Rillaboom|25/100|[from] Grassy Terrain
|upkeep
|turn|6
|
|t:|1757727090
|switch|p1b: Incineroar|Incineroar, L50, F|90/100
|-ability|p1b: Incineroar|Intimidate|boost
|-unboost|p2a: Ninetales|atk|1
|move|p1a: Pelipper|Weather Ball|p2a: Ninetales
|-damage|p2a: Ninetales|0 fnt
|faint|p2a: Ninetales
|
|win|gohan92
|raw|gohan92's rating: 1320 → 1330(+10 for winning)
|raw|Kahizar's rating: 1124 → 1112(-12 for losing)
|l|☆gohan92
|player|p1|
