|j|☆rojo53
|j|☆xxsismoxx
|html|rojo53xxsismoxx    
|uhtml|bestof|Game 1 of a best-of-3
|t:|1783026561
|gametype|doubles
|player|p1|rojo53|adaman|
|player|p2|xxsismoxx|lance|
|gen|9
|tier|[Gen 9 Champions] VGC 2026 Reg M-B (Bo3)
|rule|Species Clause: Limit one of each Pokémon
|rule|Item Clause: Limit 1 of each item
|clearpoke
|poke|p1|Tyranitar, L50, F|
|poke|p1|Excadrill, L50, F|
|poke|p1|Gyarados, L50, M|
|poke|p1|Mimikyu, L50, M|
|poke|p1|Typhlosion-Hisui, L50, M|
|poke|p1|Kingambit, L50, M|
|poke|p2|Aerodactyl, L50, F|
|poke|p2|Garchomp, L50, M, shiny|
|poke|p2|Kingambit, L50, M, shiny|
|poke|p2|Charizard, L50, M, shiny|
|poke|p2|Sylveon, L50, M, shiny|
|poke|p2|Farigiraf, L50, F|
|teampreview|4
|showteam|p1|Tyranitar||Tyranitarite|SandStream|RockSlide,KnockOff,DragonDance,Protect|Adamant||F|||50|]Excadrill||FocusSash|SandRush|RockSlide,HighHorsepower,IronHead,Protect|Adamant||F|||50|]Gyarados||SitrusBerry|Intimidate|Waterfall,IceFang,DragonDance,Protect|Adamant||M|||50|]Mimikyu||WhiteHerb|Disguise|PlayRough,ShadowSneak,ShadowClaw,Protect|Adamant||M|||50|]Typhlosion-Hisui||ChoiceScarf|Blaze|HeatWave,ShadowBall,Overheat,Eruption|Modest||M|||50|]Kingambit||BlackGlasses|Defiant|KowtowCleave,SuckerPunch,IronHead,Protect|Adamant||M|||50|
|showteam|p2|Aerodactyl||Aerodactylite|Unnerve|IceFang,RockSlide,Tailwind,DualWingbeat|Jolly||F|||50|]Garchomp||LifeOrb|RoughSkin|DragonClaw,StompingTantrum,Earthquake,Protect|Jolly||M|||50|]Kingambit||FocusSash|Defiant|SuckerPunch,KowtowCleave,IronHead,LowKick|Adamant||M|||50|]Charizard||CharizarditeY|SolarPower|Protect,WeatherBall,HeatWave,SolarBeam|Modest||M|||50|]Sylveon||FairyFeather|Pixilate|Protect,HyperVoice,HyperBeam,QuickAttack|Modest||M|||50|]Farigiraf||SitrusBerry|ArmorTail|TrickRoom,Thunderbolt,Roar,PsychicFangs|Relaxed||F|||50|
|j| Shiritu
|l| Shiritu
|j| Shiritu
|c| Shiritu|Conseguirá Martin suceder el trono del qq?👀
|c|☆rojo53|no
|inactive|Battle timer is ON: inactive players will automatically lose when time's up. (requested by rojo53)
|c| Shiritu|😔
|c|☆rojo53|😔
|c| Shiritu|Puse el avatar de Shawn y todo modo torneo
|inactive|xxsismoxx has 60 seconds left.
|j| LaBandaDelCampeon
|
|t:|1783026677
|teamsize|p1|4
|teamsize|p2|4
|start
|switch|p1a: Ratatopo|Excadrill, L50, F|100/100
|switch|p1b: Mimi|Mimikyu, L50, M|100/100
|switch|p2a: Garchomp|Garchomp, L50, M, shiny|100/100
|switch|p2b: Kingambit|Kingambit, L50, M, shiny|100/100
|turn|1
|c| LaBandaDelCampeon|No abomasnow :(
|
|t:|1783026699
|switch|p2b: Charizard|Charizard, L50, M, shiny|100/100
|move|p1a: Ratatopo|Protect|p1a: Ratatopo
|-singleturn|p1a: Ratatopo|Protect
|move|p2a: Garchomp|Earthquake|p1a: Ratatopo|[spread] p1b
|-activate|p1a: Ratatopo|move: Protect
|-immune|p2b: Charizard
|-activate|p1b: Mimi|ability: Disguise
|-damage|p1b: Mimi|100/100
|detailschange|p1b: Mimi|Mimikyu-Busted, L50, M
|-damage|p1b: Mimi|87/100|[from] pokemon: Mimikyu-Busted
|-damage|p2a: Garchomp|90/100|[from] item: Life Orb
|move|p1b: Mimi|Play Rough|p2a: Garchomp
|-supereffective|p2a: Garchomp|1
|-damage|p2a: Garchomp|8/100
|-unboost|p2a: Garchomp|atk|1
|-damage|p1b: Mimi|75/100|[from] ability: Rough Skin|[of] p2a: Garchomp
|
|upkeep
|turn|2
|c|☆rojo53|no aqui el sand
|c| Shiritu|Decidió usar el verdadero clima por amor
|inactive|xxsismoxx has 30 seconds left.
|c|☆rojo53|monkey juanjo
|inactive|xxsismoxx has 20 seconds left.
|inactive|xxsismoxx has 15 seconds left.
|inactive|xxsismoxx has 10 seconds left.
|
|t:|1783026745
|switch|p2a: Farigiraf|Farigiraf, L50, F|100/100
|detailschange|p2b: Charizard|Charizard-Mega-Y, L50, M, shiny
|-mega|p2b: Charizard|Charizard|Charizardite Y
|-weather|SunnyDay|[from] ability: Drought|[of] p2b: Charizard
|move|p1b: Mimi|Shadow Sneak||[still]
|cant|p2a: Farigiraf|ability: Armor Tail|Shadow Sneak|[of] p1b: Mimi
|move|p1a: Ratatopo|Rock Slide|p2a: Farigiraf|[spread] p2a,p2b
|-supereffective|p2b: Charizard|2
|-damage|p2a: Farigiraf|83/100
|-damage|p2b: Charizard|16/100
|move|p2b: Charizard|Solar Beam||[still]
|-prepare|p2b: Charizard|Solar Beam
|-anim|p2b: Charizard|Solar Beam|p1b: Mimi
|-crit|p1b: Mimi
|-damage|p1b: Mimi|0 fnt
|faint|p1b: Mimi
|
|-weather|SunnyDay|[upkeep]
|upkeep
|
|t:|1783026751
|switch|p1b: Tyranitar|Tyranitar, L50, F|100/100
|-weather|Sandstorm|[from] ability: Sand Stream|[of] p1b: Tyranitar
|turn|3
|inactive|xxsismoxx has 30 seconds left.
|inactive|xxsismoxx has 20 seconds left.
|inactive|xxsismoxx has 15 seconds left.
|inactive|xxsismoxx has 10 seconds left.
|inactive|xxsismoxx has 5 seconds left.
|
|t:|1783026803
|switch|p2b: Garchomp|Garchomp, L50, M, shiny|8/100
|move|p1a: Ratatopo|Rock Slide|p2b: Garchomp|[spread] p2a,p2b
|-resisted|p2b: Garchomp|1
|-damage|p2a: Farigiraf|66/100
|-damage|p2b: Garchomp|0 fnt
|faint|p2b: Garchomp
|move|p1b: Tyranitar|Knock Off|p2a: Farigiraf
|-supereffective|p2a: Farigiraf|1
|-damage|p2a: Farigiraf|0 fnt
|-enditem|p2a: Farigiraf|Sitrus Berry|[from] move: Knock Off|[of] p1b: Tyranitar
|faint|p2a: Farigiraf
|
|-weather|Sandstorm|[upkeep]
|upkeep
|
|t:|1783026811
|switch|p2b: Charizard|Charizard-Mega-Y, L50, M, shiny|16/100
|switch|p2a: Kingambit|Kingambit, L50, M, shiny|100/100
|-weather|SunnyDay|[from] ability: Drought|[of] p2b: Charizard
|turn|4
|inactive|xxsismoxx has 30 seconds left.
|
|t:|1783026842
|detailschange|p1b: Tyranitar|Tyranitar-Mega, L50, F
|-mega|p1b: Tyranitar|Tyranitar|Tyranitarite
|-weather|Sandstorm|[from] ability: Sand Stream|[of] p1b: Tyranitar
|move|p1a: Ratatopo|High Horsepower|p2a: Kingambit
|-supereffective|p2a: Kingambit|1
|-damage|p2a: Kingambit|3/100
|move|p2b: Charizard|Heat Wave|p1a: Ratatopo|[spread] p1a,p1b
|-supereffective|p1a: Ratatopo|1
|-resisted|p1b: Tyranitar|1
|-enditem|p1a: Ratatopo|Focus Sash
|-damage|p1a: Ratatopo|1/100
|-damage|p1b: Tyranitar|90/100
|move|p2a: Kingambit|Low Kick|p1b: Tyranitar
|-supereffective|p1b: Tyranitar|2
|-damage|p1b: Tyranitar|0 fnt
|faint|p1b: Tyranitar
|
|-weather|Sandstorm|[upkeep]
|-damage|p2b: Charizard|10/100|[from] Sandstorm
|upkeep
|
|t:|1783026853
|switch|p1b: Gambito|Kingambit, L50, M|100/100
|turn|5
|
|t:|1783026861
|move|p1a: Ratatopo|Protect|p1a: Ratatopo
|-singleturn|p1a: Ratatopo|Protect
|move|p2b: Charizard|Protect|p2b: Charizard
|-singleturn|p2b: Charizard|Protect
|move|p1b: Gambito|Protect|p1b: Gambito
|-singleturn|p1b: Gambito|Protect
|move|p2a: Kingambit|Sucker Punch||[still]
|-fail|p2a: Kingambit
|
|-weather|Sandstorm|[upkeep]
|-damage|p2b: Charizard|4/100|[from] Sandstorm
|upkeep
|turn|6
|
|t:|1783026879
|move|p2b: Charizard|Protect||[still]
|-fail|p2b: Charizard
|move|p1b: Gambito|Sucker Punch||[still]
|-fail|p1b: Gambito
|move|p1a: Ratatopo|Iron Head|p2a: Kingambit
|-resisted|p2a: Kingambit|1
|-damage|p2a: Kingambit|0 fnt
|faint|p2a: Kingambit
|
|-weather|Sandstorm|[upkeep]
|-damage|p2b: Charizard|0 fnt|[from] Sandstorm
|faint|p2b: Charizard
|
|win|rojo53
||rojo53 is ready for game 2.
|inactive|xxsismoxx has 30 seconds to confirm battle start!
|l|☆xxsismoxx
|player|p2|
||xxsismoxx is ready for game 2.
|uhtml|next|Next: Game 2 of 3
|l| LaBandaDelCampeon
|l| Shiritu
