|j|☆northfacefan
|j|☆iori696
|html|northfacefaniori696    
|uhtml|bestof|Game 2 of a best-of-3
|t:|1783391073
|gametype|doubles
|player|p1|northfacefan|170|
|player|p2|iori696|169|
|gen|9
|tier|[Gen 9 Champions] VGC 2026 Reg M-B (Bo3)
|rule|Species Clause: Limit one of each Pokémon
|rule|Item Clause: Limit 1 of each item
|clearpoke
|poke|p1|Sceptile, L50, M, shiny|
|poke|p1|Rotom-Heat, L50|
|poke|p1|Tyranitar, L50, F|
|poke|p1|Excadrill, L50, M|
|poke|p1|Sinistcha, L50|
|poke|p1|Primarina, L50, M|
|poke|p2|Swampert, L50, F|
|poke|p2|Pelipper, L50, F|
|poke|p2|Archaludon, L50, F|
|poke|p2|Grimmsnarl, L50, M|
|poke|p2|Metagross, L50|
|poke|p2|Sinistcha, L50|
|teampreview|4
|showteam|p1|Sceptile||Sceptilite|Overgrow|EnergyBall,DragonPulse,EarthPower,Protect|Timid||M|||50|]Rotom-Heat||ChoiceScarf|Levitate|Discharge,Electroweb,Overheat,Thunderbolt|Timid|||||50|]Tyranitar||Tyranitarite|SandStream|RockSlide,Assurance,LowKick,Protect|Adamant||F|||50|]Excadrill||FocusSash|SandRush|RockSlide,IronHead,Earthquake,Protect|Adamant||M|||50|]Sinistcha||Leftovers|Hospitality|RagePowder,MatchaGotcha,Protect,TrickRoom|Calm|||||50|]Primarina||LifeOrb|LiquidVoice|HyperVoice,Moonblast,CalmMind,Protect|Modest||M|||50|
|showteam|p2|Swampert||Swampertite|Torrent|WaveCrash,Earthquake,IcePunch,Protect|Adamant||F|||50|]Pelipper||FocusSash|Drizzle|WeatherBall,Hurricane,Tailwind,Protect|Modest||F|||50|]Archaludon||Leftovers|Stamina|ElectroShot,FlashCannon,DragonPulse,Protect|Modest||F|||50|]Grimmsnarl||LightClay|Prankster|SpiritBreak,LightScreen,Reflect,PartingShot|Careful||M|||50|]Metagross||Metagrossite|ClearBody|IronHead,PsychicFangs,StompingTantrum,Protect|Jolly|||||50|]Sinistcha||CobaBerry|Hospitality|MatchaGotcha,LifeDew,TrickRoom,RagePowder|Bold|||||50|
|inactive|Battle timer is ON: inactive players will automatically lose when time's up. (requested by northfacefan)
|
|t:|1783391104
|teamsize|p1|4
|teamsize|p2|4
|start
|switch|p1a: Sceptile|Sceptile, L50, M, shiny|100/100
|switch|p1b: Rotom|Rotom-Heat, L50|100/100
|switch|p2a: Grimmsnarl|Grimmsnarl, L50, M|100/100
|switch|p2b: Archaludon|Archaludon, L50, F|100/100
|turn|1
|
|t:|1783391123
|detailschange|p1a: Sceptile|Sceptile-Mega, L50, M, shiny
|-mega|p1a: Sceptile|Sceptile|Sceptilite
|move|p2b: Archaludon|Protect|p2b: Archaludon
|-singleturn|p2b: Archaludon|Protect
|move|p2a: Grimmsnarl|Light Screen|p2a: Grimmsnarl
|-sidestart|p2: iori696|move: Light Screen
|move|p1b: Rotom|Discharge|p2a: Grimmsnarl|[spread] p2a
|-activate|p2b: Archaludon|move: Protect
|-ability|p1a: Sceptile|Lightning Rod|boost
|-boost|p1a: Sceptile|spa|1
|-damage|p2a: Grimmsnarl|85/100
|move|p1a: Sceptile|Earth Power|p2b: Archaludon
|-activate|p2b: Archaludon|move: Protect
|
|upkeep
|turn|2
|
|t:|1783391143
|move|p2a: Grimmsnarl|Parting Shot|p1a: Sceptile
|-unboost|p1a: Sceptile|atk|1
|-unboost|p1a: Sceptile|spa|1
|
|t:|1783391146
|switch|p2a: Sinistcha|Sinistcha, L50|100/100|[from] Parting Shot
|move|p1b: Rotom|Discharge|p2a: Sinistcha|[spread] p2a,p2b
|-ability|p1a: Sceptile|Lightning Rod|boost
|-boost|p1a: Sceptile|spa|1
|-resisted|p2a: Sinistcha|1
|-resisted|p2b: Archaludon|1
|-damage|p2a: Sinistcha|91/100
|-damage|p2b: Archaludon|91/100
|-status|p2b: Archaludon|par
|-ability|p2b: Archaludon|Stamina|boost
|-boost|p2b: Archaludon|def|1
|move|p1a: Sceptile|Earth Power|p2b: Archaludon
|-supereffective|p2b: Archaludon|1
|-damage|p2b: Archaludon|22/100 par
|-ability|p2b: Archaludon|Stamina|boost
|-boost|p2b: Archaludon|def|1
|move|p2b: Archaludon|Dragon Pulse|p1a: Sceptile
|-supereffective|p1a: Sceptile|1
|-damage|p1a: Sceptile|0 fnt
|faint|p1a: Sceptile
|
|-heal|p2b: Archaludon|28/100 par|[from] item: Leftovers
|upkeep
|
|t:|1783391168
|switch|p1a: Primarina|Primarina, L50, M|100/100
|turn|3
|
|t:|1783391180
|switch|p1b: Tyranitar|Tyranitar, L50, F|100/100
|-weather|Sandstorm|[from] ability: Sand Stream|[of] p1b: Tyranitar
|move|p2b: Archaludon|Protect|p2b: Archaludon
|-singleturn|p2b: Archaludon|Protect
|move|p2a: Sinistcha|Life Dew|p2a: Sinistcha|[spread] p2a,p2b
|-heal|p2a: Sinistcha|100/100
|-heal|p2b: Archaludon|53/100 par
|move|p1a: Primarina|Hyper Voice|p2b: Archaludon|[spread] p2a
|-activate|p2b: Archaludon|move: Protect
|-resisted|p2a: Sinistcha|1
|-damage|p2a: Sinistcha|82/100
|-damage|p1a: Primarina|90/100|[from] item: Life Orb
|
|-weather|Sandstorm|[upkeep]
|-damage|p2a: Sinistcha|76/100|[from] Sandstorm
|-damage|p1a: Primarina|84/100|[from] Sandstorm
|-heal|p2b: Archaludon|59/100 par|[from] item: Leftovers
|upkeep
|turn|4
|inactive|iori696 has 30 seconds left.
|inactive|iori696 has 20 seconds left.
|inactive|iori696 has 15 seconds left.
|
|t:|1783391220
|switch|p2a: Grimmsnarl|Grimmsnarl, L50, M|85/100
|move|p1b: Tyranitar|Assurance|p2a: Grimmsnarl
|-resisted|p2a: Grimmsnarl|2
|-damage|p2a: Grimmsnarl|76/100
|move|p1a: Primarina|Hyper Voice|p2a: Grimmsnarl|[spread] p2a,p2b
|-resisted|p2b: Archaludon|1
|-damage|p2a: Grimmsnarl|45/100
|-damage|p2b: Archaludon|42/100 par
|-ability|p2b: Archaludon|Stamina|boost
|-boost|p2b: Archaludon|def|1
|-damage|p1a: Primarina|75/100|[from] item: Life Orb
|move|p2b: Archaludon|Flash Cannon|p1b: Tyranitar
|-supereffective|p1b: Tyranitar|1
|-damage|p1b: Tyranitar|55/100
|
|-weather|Sandstorm|[upkeep]
|-damage|p2a: Grimmsnarl|39/100|[from] Sandstorm
|-damage|p1a: Primarina|69/100|[from] Sandstorm
|-heal|p2b: Archaludon|48/100 par|[from] item: Leftovers
|upkeep
|turn|5
|inactive|iori696 has 30 seconds left.
|
|t:|1783391254
|move|p1b: Tyranitar|Protect|p1b: Tyranitar
|-singleturn|p1b: Tyranitar|Protect
|move|p2a: Grimmsnarl|Parting Shot|p1a: Primarina
|-unboost|p1a: Primarina|atk|1
|-unboost|p1a: Primarina|spa|1
|
|t:|1783391257
|switch|p2a: Sinistcha|Sinistcha, L50|76/100|[from] Parting Shot
|-heal|p2b: Archaludon|73/100 par|[from] ability: Hospitality|[of] p2a: Sinistcha
|move|p1a: Primarina|Moonblast|p2b: Archaludon
|-damage|p2b: Archaludon|41/100 par
|-ability|p2b: Archaludon|Stamina|boost
|-boost|p2b: Archaludon|def|1
|-damage|p1a: Primarina|59/100|[from] item: Life Orb
|move|p2b: Archaludon|Flash Cannon|p1b: Tyranitar
|-activate|p1b: Tyranitar|move: Protect
|
|-weather|Sandstorm|[upkeep]
|-damage|p2a: Sinistcha|70/100|[from] Sandstorm
|-damage|p1a: Primarina|54/100|[from] Sandstorm
|-heal|p2b: Archaludon|47/100 par|[from] item: Leftovers
|upkeep
|turn|6
|inactive|iori696 has 30 seconds left.
|
|t:|1783391284
|switch|p2a: Pelipper|Pelipper, L50, F|100/100
|-weather|RainDance|[from] ability: Drizzle|[of] p2a: Pelipper
|move|p1b: Tyranitar|Assurance|p2a: Pelipper
|-damage|p2a: Pelipper|49/100
|move|p1a: Primarina|Moonblast|p2a: Pelipper
|-damage|p2a: Pelipper|0 fnt
|faint|p2a: Pelipper
|-damage|p1a: Primarina|44/100|[from] item: Life Orb
|move|p2b: Archaludon|Electro Shot||[still]
|-prepare|p2b: Archaludon|Electro Shot
|-boost|p2b: Archaludon|spa|1
|-anim|p2b: Archaludon|Electro Shot|p1a: Primarina
|-supereffective|p1a: Primarina|1
|-damage|p1a: Primarina|0 fnt
|faint|p1a: Primarina
|
|-weather|RainDance|[upkeep]
|-heal|p2b: Archaludon|53/100 par|[from] item: Leftovers
|upkeep
|
|t:|1783391302
|switch|p2a: Grimmsnarl|Grimmsnarl, L50, M|39/100
|switch|p1a: Rotom|Rotom-Heat, L50|100/100
|turn|7
|
|t:|1783391315
|move|p1b: Tyranitar|Protect|p1b: Tyranitar
|-singleturn|p1b: Tyranitar|Protect
|move|p2a: Grimmsnarl|Parting Shot|p1a: Rotom
|-unboost|p1a: Rotom|atk|1
|-unboost|p1a: Rotom|spa|1
|
|t:|1783391320
|switch|p2a: Sinistcha|Sinistcha, L50|70/100|[from] Parting Shot
|-heal|p2b: Archaludon|78/100 par|[from] ability: Hospitality|[of] p2a: Sinistcha
|move|p1a: Rotom|Overheat|p2a: Sinistcha|[miss]
|-miss|p1a: Rotom|p2a: Sinistcha
|cant|p2b: Archaludon|par
|
|-weather|RainDance|[upkeep]
|-heal|p2b: Archaludon|84/100 par|[from] item: Leftovers
|upkeep
|turn|8
|
|t:|1783391336
|switch|p2a: Grimmsnarl|Grimmsnarl, L50, M|39/100
|move|p1a: Rotom|Overheat|p2a: Grimmsnarl
|-damage|p2a: Grimmsnarl|29/100
|-unboost|p1a: Rotom|spa|2
|move|p1b: Tyranitar|Assurance|p2a: Grimmsnarl
|-resisted|p2a: Grimmsnarl|2
|-damage|p2a: Grimmsnarl|12/100
|move|p2b: Archaludon|Flash Cannon|p1b: Tyranitar
|-supereffective|p1b: Tyranitar|1
|-damage|p1b: Tyranitar|0 fnt
|faint|p1b: Tyranitar
|
|-weather|RainDance|[upkeep]
|-heal|p2b: Archaludon|90/100 par|[from] item: Leftovers
|-sideend|p2: iori696|move: Light Screen
|upkeep
|turn|9
|
|t:|1783391353
|move|p1a: Rotom|Overheat|p2b: Archaludon
|-damage|p2b: Archaludon|79/100 par
|-unboost|p1a: Rotom|spa|2
|-ability|p2b: Archaludon|Stamina|boost
|-boost|p2b: Archaludon|def|1
|move|p2a: Grimmsnarl|Spirit Break|p1a: Rotom
|-resisted|p1a: Rotom|1
|-damage|p1a: Rotom|80/100
|-unboost|p1a: Rotom|spa|1
|cant|p2b: Archaludon|par
|
|-weather|RainDance|[upkeep]
|-heal|p2b: Archaludon|85/100 par|[from] item: Leftovers
|upkeep
|turn|10
|
|t:|1783391371
|move|p1a: Rotom|Overheat|p2a: Grimmsnarl
|-damage|p2a: Grimmsnarl|5/100
|move|p2a: Grimmsnarl|Spirit Break|p1a: Rotom
|-resisted|p1a: Rotom|1
|-damage|p1a: Rotom|62/100
|move|p2b: Archaludon|Dragon Pulse|p1a: Rotom
|-damage|p1a: Rotom|0 fnt
|faint|p1a: Rotom
|
|win|iori696
|l|☆northfacefan
|player|p1|
