|j|☆prof.Jirofales
|j|☆echoes630
|html|prof.Jirofalesechoes630    
|uhtml|bestof|Game 3 of a best-of-3
|t:|1756069877
|gametype|doubles
|player|p1|prof.Jirofales|265|1211
|player|p2|echoes630|colress|1181
|gen|9
|tier|[Gen 9] VGC 2025 Reg H (Bo3)
|rated|
|rule|Species Clause: Limit one of each Pokémon
|rule|Item Clause: Limit 1 of each item
|clearpoke
|poke|p1|Rillaboom, L50, M|
|poke|p1|Incineroar, L50, M|
|poke|p1|Basculegion, L50, M|
|poke|p1|Volcarona, L50, F|
|poke|p1|Dragonite, L50, F|
|poke|p1|Sneasler, L50, F|
|poke|p2|Maushold-Four, L50|
|poke|p2|Annihilape, L50, M|
|poke|p2|Garchomp, L50, F|
|poke|p2|Gholdengo, L50|
|poke|p2|Talonflame, L50, M|
|poke|p2|Incineroar, L50, F|
|teampreview|4
|showteam|p1|Rillaboom||AssaultVest|GrassySurge|FakeOut,GrassyGlide,WoodHammer,HighHorsepower|||M|||50|,,,,,Fire]Incineroar||SafetyGoggles|Intimidate|FakeOut,FlareBlitz,KnockOff,PartingShot|||M|||50|,,,,,Ghost]Basculegion||ChoiceScarf|Adaptability|FlipTurn,WaveCrash,LastRespects,TeraBlast|||M|||50|,,,,,Flying]Volcarona||CovertCloak|FlameBody|HeatWave,TeraBlast,QuiverDance,Protect|||F|||50|,,,,,Fairy]Dragonite||LoadedDice|Multiscale|ScaleShot,Tailwind,Haze,Protect|||F|||50|,,,,,Steel]Sneasler||FocusSash|Unburden|FakeOut,DireClaw,CloseCombat,Coaching|||F|||50|,,,,,Ghost
|showteam|p2|Maushold-Four||CovertCloak|FriendGuard|BeatUp,Protect,Taunt,FollowMe||||||50|,,,,,Grass]Annihilape||WeaknessPolicy|Defiant|RageFist,DrainPunch,BulkUp,Protect|||M|||50|,,,,,Ghost]Garchomp||LifeOrb|RoughSkin|Earthquake,DragonClaw,Protect,StompingTantrum|||F|||50|,,,,,Ground]Gholdengo||SitrusBerry|GoodasGold|MakeItRain,ShadowBall,NastyPlot,Protect||||||50|,,,,,Water]Talonflame||SharpBeak|GaleWings|WillOWisp,Protect,BraveBird,Tailwind|||M|||50|,,,,,Ghost]Incineroar||SafetyGoggles|Intimidate|PartingShot,KnockOff,FlareBlitz,FakeOut|||F|||50|,,,,,Ghost
|
|t:|1756069925
|teamsize|p1|4
|teamsize|p2|4
|start
|switch|p1a: Basculegion|Basculegion, L50, M|100/100
|switch|p1b: Incineroar|Incineroar, L50, M|100/100
|switch|p2a: Gholdengo|Gholdengo, L50|100/100
|switch|p2b: cry|Talonflame, L50, M|100/100
|-ability|p1b: Incineroar|Intimidate|boost
|-unboost|p2a: Gholdengo|atk|1
|-unboost|p2b: cry|atk|1
|turn|1
|
|t:|1756069941
|switch|p2b: harder|Garchomp, L50, F|100/100
|move|p2a: Gholdengo|Protect|p2a: Gholdengo
|-singleturn|p2a: Gholdengo|Protect
|move|p1a: Basculegion|Flip Turn|p2b: harder
|-damage|p2b: harder|68/100
|-damage|p1a: Basculegion|88/100|[from] ability: Rough Skin|[of] p2b: harder
|
|t:|1756069954
|switch|p1a: Volcarona|Volcarona, L50, F|100/100|[from] Flip Turn
|move|p1b: Incineroar|Knock Off|p2a: Gholdengo
|-activate|p2a: Gholdengo|move: Protect
|
|upkeep
|turn|2
|
|t:|1756069965
|switch|p1b: Dragonite|Dragonite, L50, F|100/100
|-terastallize|p2a: Gholdengo|Water
|move|p2b: harder|Dragon Claw|p1a: Volcarona
|-damage|p1a: Volcarona|45/100
|-damage|p2b: harder|58/100|[from] item: Life Orb
|move|p1a: Volcarona|Quiver Dance|p1a: Volcarona
|-boost|p1a: Volcarona|spa|1
|-boost|p1a: Volcarona|spd|1
|-boost|p1a: Volcarona|spe|1
|move|p2a: Gholdengo|Shadow Ball|p1a: Volcarona
|-damage|p1a: Volcarona|19/100
|
|upkeep
|turn|3
|
|t:|1756069985
|switch|p1b: Incineroar|Incineroar, L50, M|100/100
|-ability|p1b: Incineroar|Intimidate|boost
|-unboost|p2a: Gholdengo|atk|1
|-unboost|p2b: harder|atk|1
|move|p1a: Volcarona|Protect|p1a: Volcarona
|-singleturn|p1a: Volcarona|Protect
|move|p2b: harder|Dragon Claw|p1b: Incineroar
|-damage|p1b: Incineroar|71/100
|-damage|p2b: harder|49/100|[from] item: Life Orb
|move|p2a: Gholdengo|Shadow Ball|p1b: Incineroar
|-resisted|p1b: Incineroar
|-damage|p1b: Incineroar|55/100
|-unboost|p1b: Incineroar|spd|1
|
|upkeep
|turn|4
|
|t:|1756070005
|switch|p2a: cry|Talonflame, L50, M|100/100
|-terastallize|p1a: Volcarona|Fairy
|move|p2b: harder|Protect|p2b: harder
|-singleturn|p2b: harder|Protect
|move|p1b: Incineroar|Fake Out|p2a: cry
|-damage|p2a: cry|82/100
|move|p1a: Volcarona|Tera Blast|p2b: harder|[anim] Tera Blast Fairy
|-activate|p2b: harder|move: Protect
|
|upkeep
|turn|5
|
|t:|1756070021
|switch|p2b: Gholdengo|Gholdengo, L50, tera:Water|100/100
|move|p1a: Volcarona|Tera Blast|p2b: Gholdengo|[anim] Tera Blast Fairy
|-damage|p2b: Gholdengo|44/100
|-enditem|p2b: Gholdengo|Sitrus Berry|[eat]
|-heal|p2b: Gholdengo|69/100|[from] item: Sitrus Berry
|move|p2a: cry|Tailwind|p2a: cry
|-sidestart|p2: echoes630|move: Tailwind
|move|p1b: Incineroar|Parting Shot|p2a: cry
|-unboost|p2a: cry|atk|1
|-unboost|p2a: cry|spa|1
|
|t:|1756070032
|switch|p1b: Dragonite|Dragonite, L50, F|100/100|[from] Parting Shot
|
|upkeep
|turn|6
|
|t:|1756070048
|switch|p1a: Incineroar|Incineroar, L50, M|55/100
|-ability|p1a: Incineroar|Intimidate|boost
|-unboost|p2a: cry|atk|1
|-unboost|p2b: Gholdengo|atk|1
|move|p2a: cry|Brave Bird|p1b: Dragonite
|-damage|p1b: Dragonite|86/100
|-damage|p2a: cry|76/100|[from] Recoil
|move|p2b: Gholdengo|Make It Rain|p1b: Dragonite|[spread] p1a,p1b
|-resisted|p1a: Incineroar
|-damage|p1a: Incineroar|36/100
|-damage|p1b: Dragonite|43/100
|-unboost|p2b: Gholdengo|spa|1
|move|p1b: Dragonite|Tailwind|p1b: Dragonite
|-sidestart|p1: prof.Jirofales|move: Tailwind
|
|upkeep
|turn|7
|
|t:|1756070074
|move|p1b: Dragonite|Protect|p1b: Dragonite
|-singleturn|p1b: Dragonite|Protect
|move|p2a: cry|Will-O-Wisp|p1b: Dragonite
|-activate|p1b: Dragonite|move: Protect
|move|p2b: Gholdengo|Nasty Plot|p2b: Gholdengo
|-boost|p2b: Gholdengo|spa|2
|move|p1a: Incineroar|Parting Shot|p2a: cry
|-unboost|p2a: cry|atk|1
|-unboost|p2a: cry|spa|1
|
|t:|1756070085
|switch|p1a: Basculegion|Basculegion, L50, M|88/100|[from] Parting Shot
|
|upkeep
|turn|8
|
|t:|1756070099
|switch|p2a: the family|Maushold-Four, L50|100/100
|move|p1a: Basculegion|Flip Turn|p2a: the family
|-damage|p2a: the family|57/100
|
|t:|1756070103
|switch|p1a: Incineroar|Incineroar, L50, M|36/100|[from] Flip Turn
|-ability|p1a: Incineroar|Intimidate|boost
|-unboost|p2a: the family|atk|1
|-unboost|p2b: Gholdengo|atk|1
|move|p2b: Gholdengo|Shadow Ball|p1a: Incineroar
|-resisted|p1a: Incineroar
|-damage|p1a: Incineroar|9/100
|move|p1b: Dragonite|Scale Shot|p2b: Gholdengo
|-damage|p2b: Gholdengo|59/100
|-damage|p2b: Gholdengo|49/100
|-damage|p2b: Gholdengo|40/100
|-damage|p2b: Gholdengo|29/100
|-damage|p2b: Gholdengo|17/100
|-hitcount|p2b: Gholdengo|5
|-unboost|p1b: Dragonite|def|1
|-boost|p1b: Dragonite|spe|1
|
|-sideend|p2: echoes630|move: Tailwind
|upkeep
|turn|9
|
|t:|1756070135
|switch|p1a: Basculegion|Basculegion, L50, M|88/100
|move|p2a: the family|Protect|p2a: the family
|-singleturn|p2a: the family|Protect
|move|p2b: Gholdengo|Protect|p2b: Gholdengo
|-singleturn|p2b: Gholdengo|Protect
|move|p1b: Dragonite|Scale Shot|p2b: Gholdengo
|-activate|p2b: Gholdengo|move: Protect
|
|-sideend|p1: prof.Jirofales|move: Tailwind
|upkeep
|turn|10
|
|t:|1756070167
|move|p2a: the family|Follow Me|p2a: the family
|-singleturn|p2a: the family|move: Follow Me
|move|p1a: Basculegion|Wave Crash|p2a: the family
|-damage|p2a: the family|0 fnt
|faint|p2a: the family
|-damage|p1a: Basculegion|72/100|[from] Recoil
|move|p1b: Dragonite|Scale Shot|p2b: Gholdengo
|-damage|p2b: Gholdengo|3/100
|-damage|p2b: Gholdengo|0 fnt
|faint|p2b: Gholdengo
|-hitcount|p2: Gholdengo|2
|-unboost|p1b: Dragonite|def|1
|-boost|p1b: Dragonite|spe|1
|
|upkeep
|
|t:|1756070172
|switch|p2a: harder|Garchomp, L50, F|49/100
|switch|p2b: cry|Talonflame, L50, M|76/100
|turn|11
|
|t:|1756070186
|move|p1b: Dragonite|Scale Shot|p2a: harder
|-supereffective|p2a: harder
|-damage|p2a: harder|22/100
|-supereffective|p2a: harder
|-damage|p2a: harder|0 fnt
|faint|p2a: harder
|-hitcount|p2: harder|2
|-unboost|p1b: Dragonite|def|1
|-boost|p1b: Dragonite|spe|1
|move|p1a: Basculegion|Wave Crash|p2b: cry
|-supereffective|p2b: cry
|-damage|p2b: cry|0 fnt
|faint|p2b: cry
|-damage|p1a: Basculegion|52/100|[from] Recoil
|
|win|prof.Jirofales
|raw|prof.Jirofales's rating: 1211 → 1234(+23 for winning)
|raw|echoes630's rating: 1181 → 1158(-23 for losing)
|l|☆prof.Jirofales
|player|p1|
