|j|☆celaerity
|j|☆Slacklax
|html|celaeritySlacklax    
|uhtml|bestof|Game 1 of a best-of-3
|t:|1757794306
|gametype|doubles
|player|p1|celaerity|mars|1137
|player|p2|Slacklax|1|1105
|gen|9
|tier|[Gen 9] VGC 2025 Reg H (Bo3)
|rated|
|rule|Species Clause: Limit one of each Pokémon
|rule|Item Clause: Limit 1 of each item
|clearpoke
|poke|p1|Archaludon, L50, F|
|poke|p1|Pelipper, L50, F|
|poke|p1|Basculegion, L50, M|
|poke|p1|Sinistcha, L50|
|poke|p1|Maushold-Four, L50|
|poke|p1|Annihilape, L50, F|
|poke|p2|Rillaboom, L50, F|
|poke|p2|Incineroar, L50, F|
|poke|p2|Baxcalibur, L50, M|
|poke|p2|Ninetales-Alola, L50, M|
|poke|p2|Cetitan, L50, M|
|poke|p2|Pincurchin, L50, F|
|teampreview|4
|showteam|p1|Archaludon||AssaultVest|Stamina|DracoMeteor,FlashCannon,ElectroShot,BodyPress|||F|||50|,,,,,Grass]Pelipper||FocusSash|Drizzle|Hurricane,WeatherBall,Tailwind,HelpingHand|||F|||50|,,,,,Stellar]Basculegion||ChoiceBand|SwiftSwim|WaveCrash,FlipTurn,LastRespects,AquaJet|||M|||50|,,,,,Grass]Sinistcha||SitrusBerry|Hospitality|MatchaGotcha,LifeDew,RagePowder,TrickRoom||||||50|,,,,,Fairy]Maushold-Four||SafetyGoggles|FriendGuard|BeatUp,FollowMe,Taunt,Protect||||||50|,,,,,Ghost]Annihilape||Leftovers|Defiant|DrainPunch,RageFist,BulkUp,Protect|||F|||50|,,,,,Grass
|showteam|p2|Rillaboom||AssaultVest|GrassySurge|GrassyGlide,FakeOut,WoodHammer,Uturn|||F|||50|,,,,,Fire]Incineroar||SafetyGoggles|Intimidate|FlareBlitz,FakeOut,Protect,PartingShot|||F|||50|,,,,,Ghost]Baxcalibur||LoadedDice|ThermalExchange|IcicleSpear,Protect,ScaleShot,DragonDance|||M|||50|,,,,,Fairy]Ninetales-Alola||FocusSash|SnowWarning|AuroraVeil,DazzlingGleam,IcyWind,Protect|||M|||50|,,,,,Steel]Cetitan||SitrusBerry|SlushRush|BellyDrum,IceShard,IcicleCrash,Liquidation|||M|||50|,,,,,Water]Pincurchin||Leftovers|ElectricSurge|Electroweb,SuckerPunch,Protect,ThunderWave|||F|||50|,,,,,Steel
|inactive|Battle timer is ON: inactive players will automatically lose when time's up. (requested by Slacklax)
|inactive|celaerity has 60 seconds left.
|
|t:|1757794337
|teamsize|p1|4
|teamsize|p2|4
|start
|switch|p1a: Maushold|Maushold-Four, L50|100/100
|switch|p1b: Annihilape|Annihilape, L50, F|100/100
|switch|p2a: Ninetales|Ninetales-Alola, L50, M|100/100
|switch|p2b: Baxcalibur|Baxcalibur, L50, M|100/100
|-weather|Snowscape|[from] ability: Snow Warning|[of] p2a: Ninetales
|turn|1
|inactive|Slacklax has 30 seconds left.
|
|t:|1757794370
|-terastallize|p2b: Baxcalibur|Fairy
|move|p1a: Maushold|Beat Up|p1b: Annihilape
|-damage|p1b: Annihilape|99/100
|-damage|p1b: Annihilape|96/100
|-damage|p1b: Annihilape|93/100
|-crit|p1b: Annihilape
|-damage|p1b: Annihilape|90/100
|-hitcount|p1b: Annihilape|4
|move|p2a: Ninetales|Icy Wind|p1b: Annihilape|[spread] p1a,p1b
|-damage|p1a: Maushold|80/100
|-damage|p1b: Annihilape|80/100
|-unboost|p1a: Maushold|spe|1
|-unboost|p1b: Annihilape|spe|1
|-ability|p1b: Annihilape|Defiant|boost
|-boost|p1b: Annihilape|atk|2
|move|p2b: Baxcalibur|Icicle Spear|p1b: Annihilape
|-damage|p1b: Annihilape|69/100
|-damage|p1b: Annihilape|57/100
|-damage|p1b: Annihilape|45/100
|-damage|p1b: Annihilape|33/100
|-hitcount|p1b: Annihilape|4
|move|p1b: Annihilape|Bulk Up|p1b: Annihilape
|-boost|p1b: Annihilape|atk|1
|-boost|p1b: Annihilape|def|1
|
|-weather|Snowscape|[upkeep]
|-heal|p1b: Annihilape|39/100|[from] item: Leftovers
|upkeep
|turn|2
|inactive|Slacklax has 30 seconds left.
|
|t:|1757794398
|move|p1a: Maushold|Follow Me|p1a: Maushold
|-singleturn|p1a: Maushold|move: Follow Me
|move|p2a: Ninetales|Aurora Veil|p2a: Ninetales
|-sidestart|p2: Slacklax|move: Aurora Veil
|move|p2b: Baxcalibur|Icicle Spear|p1a: Maushold
|-damage|p1a: Maushold|59/100
|-damage|p1a: Maushold|35/100
|-damage|p1a: Maushold|14/100
|-damage|p1a: Maushold|0 fnt
|faint|p1a: Maushold
|-hitcount|p1: Maushold|4
|move|p1b: Annihilape|Drain Punch|p2a: Ninetales
|-damage|p2a: Ninetales|50/100
|-heal|p1b: Annihilape|57/100|[from] drain|[of] p2a: Ninetales
|
|-weather|Snowscape|[upkeep]
|-heal|p1b: Annihilape|63/100|[from] item: Leftovers
|upkeep
|
|t:|1757794415
|switch|p1a: Pelipper|Pelipper, L50, F|100/100
|-weather|RainDance|[from] ability: Drizzle|[of] p1a: Pelipper
|turn|3
|
|t:|1757794434
|switch|p2a: Pincurchin|Pincurchin, L50, F|100/100
|-fieldstart|move: Electric Terrain|[from] ability: Electric Surge|[of] p2a: Pincurchin
|switch|p1a: Archaludon|Archaludon, L50, F|100/100
|move|p2b: Baxcalibur|Icicle Spear|p1b: Annihilape
|-damage|p1b: Annihilape|53/100
|-damage|p1b: Annihilape|43/100
|-damage|p1b: Annihilape|33/100
|-damage|p1b: Annihilape|22/100
|-damage|p1b: Annihilape|11/100
|-hitcount|p1b: Annihilape|5
|move|p1b: Annihilape|Rage Fist|p2b: Baxcalibur
|-damage|p2b: Baxcalibur|0 fnt
|faint|p2b: Baxcalibur
|
|-weather|RainDance|[upkeep]
|-heal|p1b: Annihilape|17/100|[from] item: Leftovers
|upkeep
|
|t:|1757794453
|switch|p2b: Ninetales|Ninetales-Alola, L50, M|50/100
|-weather|Snowscape|[from] ability: Snow Warning|[of] p2b: Ninetales
|turn|4
|
|t:|1757794472
|move|p1b: Annihilape|Protect|p1b: Annihilape
|-singleturn|p1b: Annihilape|Protect
|move|p2b: Ninetales|Dazzling Gleam|p1b: Annihilape|[spread] p1a
|-activate|p1b: Annihilape|move: Protect
|-damage|p1a: Archaludon|83/100
|-ability|p1a: Archaludon|Stamina|boost
|-boost|p1a: Archaludon|def|1
|move|p1a: Archaludon|Flash Cannon|p2b: Ninetales
|-supereffective|p2b: Ninetales
|-damage|p2b: Ninetales|0 fnt
|faint|p2b: Ninetales
|move|p2a: Pincurchin|Electroweb|p1b: Annihilape|[spread] p1a
|-activate|p1b: Annihilape|move: Protect
|-resisted|p1a: Archaludon
|-damage|p1a: Archaludon|75/100
|-unboost|p1a: Archaludon|spe|1
|-ability|p1a: Archaludon|Stamina|boost
|-boost|p1a: Archaludon|def|1
|
|-weather|Snowscape|[upkeep]
|-heal|p1b: Annihilape|23/100|[from] item: Leftovers
|upkeep
|
|t:|1757794484
|switch|p2b: Incineroar|Incineroar, L50, F|100/100
|-ability|p2b: Incineroar|Intimidate|boost
|-unboost|p1a: Archaludon|atk|1
|-unboost|p1b: Annihilape|atk|1
|-ability|p1b: Annihilape|Defiant|boost
|-boost|p1b: Annihilape|atk|2
|turn|5
|
|t:|1757794500
|move|p2a: Pincurchin|Sucker Punch|p1b: Annihilape
|-damage|p1b: Annihilape|11/100
|move|p1b: Annihilape|Drain Punch|p2b: Incineroar
|-supereffective|p2b: Incineroar
|-damage|p2b: Incineroar|0 fnt
|-heal|p1b: Annihilape|60/100|[from] drain|[of] p2b: Incineroar
|faint|p2b: Incineroar
|move|p1a: Archaludon|Body Press|p2a: Pincurchin
|-damage|p2a: Pincurchin|72/100
|
|-weather|Snowscape|[upkeep]
|-heal|p1b: Annihilape|66/100|[from] item: Leftovers
|-heal|p2a: Pincurchin|78/100|[from] item: Leftovers
|upkeep
|turn|6
|-message|Slacklax forfeited.
|
|win|celaerity
|l|☆Slacklax
|player|p2|
||celaerity is ready for game 2.
||Slacklax is ready for game 2.
|uhtml|next|Next: Game 2 of 3
