|j|☆lux raymundi
|j|‽mouseilluminati
|html|lux raymundimouseilluminati    
|uhtml|bestof|Game 1 of a best-of-3
|t:|1786159350
|gametype|doubles
|player|p1|lux raymundi|169|1269
|player|p2|mouseilluminati|n|1289
|gen|9
|tier|[Gen 9 Champions] VGC 2026 Reg M-B (Bo3)
|rated|
|rule|Species Clause: Limit one of each Pokémon
|rule|Item Clause: Limit 1 of each item
|clearpoke
|poke|p1|Staraptor, L50, F|
|poke|p1|Arcanine-Hisui, L50, F|
|poke|p1|Kingambit, L50, F|
|poke|p1|Raichu, L50, M|
|poke|p1|Farigiraf, L50, F|
|poke|p1|Sylveon, L50, M|
|poke|p2|Raichu, L50, M|
|poke|p2|Milotic, L50, M|
|poke|p2|Ceruledge, L50, M|
|poke|p2|Farigiraf, L50, F|
|poke|p2|Ninetales-Alola, L50, F|
|poke|p2|Staraptor, L50, M|
|teampreview|4
|showteam|p1|Staraptor||Staraptite|Intimidate|DualWingbeat,CloseCombat,Tailwind,Protect|Jolly||F|||50|]Arcanine-Hisui||FocusSash|RockHead|FlareBlitz,HeadSmash,ExtremeSpeed,Protect|Jolly||F|||50|]Kingambit||LifeOrb|Defiant|KowtowCleave,SuckerPunch,SwordsDance,Protect|Adamant||F|||50|]Raichu||RaichuniteY|LightningRod|ZapCannon,FocusBlast,FakeOut,Protect|Timid||M|||50|]Farigiraf||SitrusBerry|ArmorTail|Psychic,HelpingHand,TrickRoom,Protect|Calm||F|||50|]Sylveon||FairyFeather|Pixilate|HyperVoice,HyperBeam,QuickAttack,Detect|Modest||M|||50|
|showteam|p2|Raichu||RaichuniteY|LightningRod|ZapCannon,FocusBlast,FakeOut,Protect|Timid||M|||50|]Milotic||Leftovers|Competitive|MuddyWater,Hypnosis,Coil,Recover|Calm||M|||50|]Ceruledge||ColburBerry|FlashFire|BitterBlade,ShadowSneak,BulkUp,Protect|Adamant||M|||50|]Farigiraf||SitrusBerry|ArmorTail|Psychic,Imprison,TrickRoom,Protect|Sassy||F|||50|]Ninetales-Alola||LightClay|SnowWarning|Blizzard,FreezeDry,AuroraVeil,Protect|Timid||F|||50|]Staraptor||Staraptite|Reckless|BraveBird,CloseCombat,Roost,Protect|Jolly||M|||50|
|inactive|Battle timer is ON: inactive players will automatically lose when time's up. (requested by mouseilluminati)
|inactive|mouseilluminati has 60 seconds left.
|
|t:|1786159409
|teamsize|p1|4
|teamsize|p2|4
|start
|switch|p1a: Staraptor|Staraptor, L50, F|100/100
|switch|p1b: Kingambit|Kingambit, L50, F|100/100
|switch|p2a: Raichu|Raichu, L50, M|100/100
|switch|p2b: Staraptor|Staraptor, L50, M|100/100
|-ability|p1a: Staraptor|Intimidate|boost
|-unboost|p2a: Raichu|atk|1
|-unboost|p2b: Staraptor|atk|1
|turn|1
|
|t:|1786159431
|switch|p1b: Raichu|Raichu, L50, M|100/100
|detailschange|p1a: Staraptor|Staraptor-Mega, L50, F
|-mega|p1a: Staraptor|Staraptor|Staraptite
|detailschange|p2b: Staraptor|Staraptor-Mega, L50, M
|-mega|p2b: Staraptor|Staraptor|Staraptite
|move|p2a: Raichu|Fake Out|p1a: Staraptor
|-damage|p1a: Staraptor|94/100
|move|p2b: Staraptor|Close Combat|p1b: Raichu
|-damage|p1b: Raichu|40/100
|-boost|p2b: Staraptor|def|1
|-boost|p2b: Staraptor|spd|1
|cant|p1a: Staraptor|flinch
|
|upkeep
|turn|2
|inactive|lux raymundi has 30 seconds left.
|
|t:|1786159457
|switch|p2a: Farigiraf|Farigiraf, L50, F|100/100
|move|p1b: Raichu|Fake Out||[still]
|cant|p2a: Farigiraf|ability: Armor Tail|Fake Out|[of] p1b: Raichu
|move|p2b: Staraptor|Close Combat|p1b: Raichu
|-damage|p1b: Raichu|0 fnt
|-boost|p2b: Staraptor|def|1
|-boost|p2b: Staraptor|spd|1
|faint|p1b: Raichu
|move|p1a: Staraptor|Close Combat|p2b: Staraptor
|-resisted|p2b: Staraptor|1
|-damage|p2b: Staraptor|86/100
|-boost|p1a: Staraptor|def|1
|-boost|p1a: Staraptor|spd|1
|
|upkeep
|
|t:|1786159461
|switch|p1b: Arcanine|Arcanine-Hisui, L50, F|100/100
|turn|3
|
|t:|1786159476
|move|p2b: Staraptor|Close Combat|p1b: Arcanine
|-supereffective|p1b: Arcanine|1
|-damage|p1b: Arcanine|5/100
|-boost|p2b: Staraptor|def|1
|-boost|p2b: Staraptor|spd|1
|move|p1a: Staraptor|Dual Wingbeat|p2b: Staraptor
|-supereffective|p2b: Staraptor|1
|-damage|p2b: Staraptor|70/100
|-supereffective|p2b: Staraptor|1
|-damage|p2b: Staraptor|56/100
|-hitcount|p2b: Staraptor|2
|move|p1b: Arcanine|Head Smash|p2b: Staraptor
|-damage|p2b: Staraptor|31/100
|move|p2a: Farigiraf|Psychic|p1a: Staraptor
|-supereffective|p1a: Staraptor|1
|-damage|p1a: Staraptor|47/100
|-boost|p1a: Staraptor|spd|1
|
|upkeep
|turn|4
|inactive|mouseilluminati has 30 seconds left.
|
|t:|1786159501
|move|p1b: Arcanine|Protect|p1b: Arcanine
|-singleturn|p1b: Arcanine|Protect
|move|p1a: Staraptor|Tailwind|p1a: Staraptor
|-sidestart|p1: lux raymundi|move: Tailwind
|move|p2b: Staraptor|Roost|p2b: Staraptor
|-heal|p2b: Staraptor|81/100
|-singleturn|p2b: Staraptor|move: Roost
|move|p2a: Farigiraf|Psychic|p1a: Staraptor
|-supereffective|p1a: Staraptor|1
|-damage|p1a: Staraptor|13/100
|
|upkeep
|turn|5
|
|t:|1786159517
|move|p2b: Staraptor|Protect|p2b: Staraptor
|-singleturn|p2b: Staraptor|Protect
|move|p1a: Staraptor|Dual Wingbeat|p2b: Staraptor
|-activate|p2b: Staraptor|move: Protect
|move|p1b: Arcanine|Head Smash|p2b: Staraptor
|-activate|p2b: Staraptor|move: Protect
|move|p2a: Farigiraf|Trick Room|p2a: Farigiraf
|-fieldstart|move: Trick Room|[of] p2a: Farigiraf
|
|upkeep
|turn|6
|
|t:|1786159531
|move|p2a: Farigiraf|Psychic|p1a: Staraptor
|-supereffective|p1a: Staraptor|1
|-crit|p1a: Staraptor
|-damage|p1a: Staraptor|0 fnt
|faint|p1a: Staraptor
|move|p2b: Staraptor|Close Combat|p1b: Arcanine
|-supereffective|p1b: Arcanine|1
|-damage|p1b: Arcanine|0 fnt
|-boost|p2b: Staraptor|def|1
|-boost|p2b: Staraptor|spd|1
|faint|p1b: Arcanine
|
|upkeep
|
|t:|1786159535
|switch|p1b: Kingambit|Kingambit, L50, F|100/100
|turn|7
|
|t:|1786159549
|move|p2a: Farigiraf|Imprison|p2a: Farigiraf
|-start|p2a: Farigiraf|move: Imprison
|move|p1b: Kingambit|Kowtow Cleave|p2b: Staraptor
|-resisted|p2b: Staraptor|1
|-damage|p2b: Staraptor|71/100
|-damage|p1b: Kingambit|90/100|[from] item: Life Orb
|move|p2b: Staraptor|Close Combat|p1b: Kingambit
|-supereffective|p1b: Kingambit|2
|-damage|p1b: Kingambit|0 fnt
|-boost|p2b: Staraptor|def|1
|-boost|p2b: Staraptor|spd|1
|faint|p1b: Kingambit
|
|win|mouseilluminati
