|j|☆mtnchad69
|html|mtnchad69purplesty    
|uhtml|bestof|Game 2 of a best-of-3
|t:|1785016109
|gametype|doubles
|player|p1|mtnchad69|brycen|
|player|p2|purplesty|blackbelt-gen4dp|
|gen|9
|tier|[Gen 9 Champions] VGC 2026 Reg M-B (Bo3)
|rule|Species Clause: Limit one of each Pokémon
|rule|Item Clause: Limit 1 of each item
|clearpoke
|poke|p1|Whimsicott, L50, M, shiny|
|poke|p1|Metagross, L50, shiny|
|poke|p1|Charizard, L50, F, shiny|
|poke|p1|Dragapult, L50, M|
|poke|p1|Rotom-Mow, L50, shiny|
|poke|p1|Hydreigon, L50, M, shiny|
|poke|p2|Pelipper, L50, F|
|poke|p2|Basculegion, L50, M|
|poke|p2|Dragonite, L50, M|
|poke|p2|Metagross, L50, shiny|
|poke|p2|Sinistcha, L50|
|poke|p2|Clawitzer, L50, M|
|teampreview|4
|showteam|p1|Whimsicott||FocusSash|Prankster|LightScreen,Encore,WorrySeed,Moonblast|Modest||M|||50|]Metagross||Metagrossite|ClearBody|BulletPunch,HammerArm,Protect,PsychicFangs|Adamant|||||50|]Charizard||CharizarditeY|Blaze|HeatWave,SolarBeam,Protect,WeatherBall|Calm||F|||50|]Dragapult||LifeOrb|ClearBody|Uturn,DragonTail,PhantomForce,Protect|Jolly||M|||50|]Rotom-Mow||Leftovers|Levitate|WillOWisp,LeafStorm,Thunderbolt,Protect|Serious|||||50|]Hydreigon||ChoiceScarf|Levitate|Snarl,HeatWave,DarkPulse,DracoMeteor|Modest||M|||50|
|showteam|p2|Pelipper||DampRock|Drizzle|Tailwind,Hurricane,WideGuard,WeatherBall|Modest||F|||50|]Basculegion||ChoiceScarf|Adaptability|LastRespects,Liquidation,FlipTurn,IceFang|Adamant||M|||50|]Dragonite||KingsRock|Multiscale|ExtremeSpeed,Earthquake,DragonClaw,Protect|Jolly||M|||50|]Metagross||Metagrossite|ClearBody|Earthquake,PsychicFangs,MeteorMash,Protect|Adamant|||||50|]Sinistcha||Leftovers|Hospitality|MatchaGotcha,ShadowBall,StrengthSap,RagePowder|Calm|||||50|]Clawitzer||ExpertBelt|MegaLauncher|WaterPulse,DarkPulse,AuraSphere,IceBeam|Modest||M|||50|
|j| ondawhim
|j|☆purplesty
|player|p2|purplesty|blackbelt-gen4dp|
|inactive|Battle timer is ON: inactive players will automatically lose when time's up. (requested by purplesty)
|
|t:|1785016167
|teamsize|p1|4
|teamsize|p2|4
|start
|switch|p1a: Charifoid|Charizard, L50, F, shiny|100/100
|switch|p1b: F35|Dragapult, L50, M|100/100
|switch|p2a: Clawitzer|Clawitzer, L50, M|100/100
|switch|p2b: Big P|Pelipper, L50, F|100/100
|-weather|RainDance|[from] ability: Drizzle|[of] p2b: Big P
|turn|1
|
|t:|1785016191
|detailschange|p1a: Charifoid|Charizard-Mega-Y, L50, F, shiny
|-mega|p1a: Charifoid|Charizard|Charizardite Y
|-weather|SunnyDay|[from] ability: Drought|[of] p1a: Charifoid
|move|p1b: F35|Protect|p1b: F35
|-singleturn|p1b: F35|Protect
|move|p1a: Charifoid|Solar Beam||[still]
|-prepare|p1a: Charifoid|Solar Beam
|-anim|p1a: Charifoid|Solar Beam|p2a: Clawitzer
|-supereffective|p2a: Clawitzer|1
|-damage|p2a: Clawitzer|0 fnt
|faint|p2a: Clawitzer
|move|p2b: Big P|Tailwind|p2b: Big P
|-sidestart|p2: purplesty|move: Tailwind
|
|-weather|SunnyDay|[upkeep]
|upkeep
|
|t:|1785016201
|switch|p2a: Basculegion|Basculegion, L50, M|100/100
|turn|2
|c|☆mtnchad69|so it WAS A RANGE
|
|t:|1785016226
|switch|p2b: Metagross|Metagross, L50, shiny|100/100
|switch|p1b: Hidreigon|Hydreigon, L50, M, shiny|100/100
|move|p2a: Basculegion|Flip Turn|p1b: Hidreigon
|-resisted|p1b: Hidreigon|1
|-damage|p1b: Hidreigon|89/100
|
|t:|1785016234
|switch|p2a: Big P|Pelipper, L50, F|100/100|[from] Flip Turn
|-weather|RainDance|[from] ability: Drizzle|[of] p2a: Big P
|move|p1a: Charifoid|Solar Beam||[still]
|-prepare|p1a: Charifoid|Solar Beam
|
|-weather|RainDance|[upkeep]
|upkeep
|turn|3
|c|☆mtnchad69|good play
|inactive|purplesty has 30 seconds left.
|
|t:|1785016260
|detailschange|p2b: Metagross|Metagross-Mega, L50, shiny
|-mega|p2b: Metagross|Metagross|Metagrossite
|move|p2b: Metagross|Meteor Mash|p1b: Hidreigon
|-damage|p1b: Hidreigon|4/100
|-boost|p2b: Metagross|atk|1
|move|p2a: Big P|Hurricane|p1b: Hidreigon
|-damage|p1b: Hidreigon|0 fnt
|faint|p1b: Hidreigon
|move|p1a: Charifoid|Solar Beam|p2a: Big P|[from] lockedmove
|-damage|p2a: Big P|62/100
|
|-weather|RainDance|[upkeep]
|upkeep
|
|t:|1785016272
|switch|p1b: Peashooter|Rotom-Mow, L50, shiny|100/100
|turn|4
|inactive|purplesty has 30 seconds left.
|l|‽purplesty
|inactive|purplesty disconnected and has 300 seconds to reconnect!
|player|p2|
|inactive|purplesty has 270 seconds to reconnect!
|j|‽purplesty
|inactive|purplesty reconnected and has 25 seconds left.
|player|p2|purplesty|blackbelt-gen4dp|
|n|‽purplesty|purplesty
|inactive|purplesty has 20 seconds left.
|
|t:|1785016342
|switch|p1a: F35|Dragapult, L50, M|100/100
|move|p2b: Metagross|Psychic Fangs|p1a: F35
|-damage|p1a: F35|0 fnt
|faint|p1a: F35
|move|p2a: Big P|Hurricane|p1b: Peashooter
|-damage|p1b: Peashooter|45/100
|-start|p1b: Peashooter|confusion
|-activate|p1b: Peashooter|confusion
|-damage|p1b: Peashooter|38/100|[from] confusion
|
|-weather|RainDance|[upkeep]
|-heal|p1b: Peashooter|43/100|[from] item: Leftovers
|-sideend|p2: purplesty|move: Tailwind
|upkeep
|c|☆mtnchad69|HUH
|
|t:|1785016356
|switch|p1a: Charifoid|Charizard-Mega-Y, L50, F, shiny|100/100
|-weather|SunnyDay|[from] ability: Drought|[of] p1a: Charifoid
|turn|5
|
|t:|1785016375
|switch|p2a: Basculegion|Basculegion, L50, M|100/100
|move|p2b: Metagross|Protect|p2b: Metagross
|-singleturn|p2b: Metagross|Protect
|move|p1a: Charifoid|Heat Wave|p2a: Basculegion|[spread] p2a
|-activate|p2b: Metagross|move: Protect
|-resisted|p2a: Basculegion|1
|-damage|p2a: Basculegion|68/100
|-activate|p1b: Peashooter|confusion
|move|p1b: Peashooter|Will-O-Wisp|p2b: Metagross
|-activate|p2b: Metagross|move: Protect
|
|-weather|SunnyDay|[upkeep]
|-heal|p1b: Peashooter|49/100|[from] item: Leftovers
|upkeep
|turn|6
|-message|mtnchad69 forfeited.
|
|win|purplesty
||mtnchad69 is ready for game 3.
||purplesty is ready for game 3.
|uhtml|next|Next: Game 3 of 3
|l|‽purplesty
|player|p2|
|l|☆mtnchad69
|player|p1|
|l| ondawhim
|j|‽purplesty
|player|p2|purplesty|blackbelt-gen4dp|
