|j|☆roundybout
|j|☆AikonZ_Test
|html|roundyboutAikonZ_Test    
|uhtml|bestof|Game 3 of a best-of-3
|t:|1756847162
|gametype|doubles
|player|p1|roundybout|collector|1255
|player|p2|AikonZ_Test|veteran|1344
|gen|9
|tier|[Gen 9] VGC 2025 Reg H (Bo3)
|rated|
|rule|Species Clause: Limit one of each Pokémon
|rule|Item Clause: Limit 1 of each item
|clearpoke
|poke|p1|Rillaboom, L50, M|
|poke|p1|Volcarona, L50, F|
|poke|p1|Kingambit, L50, M|
|poke|p1|Ninetales-Alola, L50, F|
|poke|p1|Basculegion, L50, M|
|poke|p1|Electabuzz, L50, F|
|poke|p2|Porygon2, L50|
|poke|p2|Ursaluna, L50, M|
|poke|p2|Volcarona, L50, F|
|poke|p2|Grimmsnarl, L50, M|
|poke|p2|Annihilape, L50, M|
|poke|p2|Gholdengo, L50|
|teampreview|4
|showteam|p1|Rillaboom||AssaultVest|GrassySurge|WoodHammer,GrassyGlide,HighHorsepower,FakeOut|||M|||50|,,,,,Fire]Volcarona||GrassySeed|FlameBody|HeatWave,GigaDrain,QuiverDance,Protect|||F|||50|,,,,,Grass]Kingambit||SafetyGoggles|Defiant|KowtowCleave,SuckerPunch,SwordsDance,Protect|||M|||50|,,,,,Dark]Ninetales-Alola||FocusSash|SnowWarning|Blizzard,Encore,Disable,Protect|||F|||50|,,,,,Ghost]Basculegion||ChoiceScarf|Adaptability|WaveCrash,LastRespects,FlipTurn,Outrage|||M|||50|,,,,,Dragon]Electabuzz||Eviolite|VitalSpirit|Thunderbolt,FollowMe,Taunt,HelpingHand|||F|||50|,,,,,Fairy
|showteam|p2|Porygon2||Eviolite|Download|TriAttack,ShadowBall,Recover,TrickRoom||||||50|,,,,,Ghost]Ursaluna||FlameOrb|Guts|Facade,Earthquake,HeadlongRush,Protect|||M|||50|,,,,,Ghost]Volcarona||CovertCloak|FlameBody|Overheat,StruggleBug,RagePowder,WillOWisp|||F|||50|,,,,,Dragon]Grimmsnarl||LightClay|Prankster|SpiritBreak,Reflect,LightScreen,Taunt|||M|||50|,,,,,Steel]Annihilape||SafetyGoggles|Defiant|RageFist,DrainPunch,Protect,BulkUp|||M|||50|,,,,,Water]Gholdengo||ChoiceSpecs|GoodasGold|ShadowBall,MakeItRain,PowerGem,Trick||||||50|,,,,,Dragon
|
|t:|1756847187
|teamsize|p1|4
|teamsize|p2|4
|start
|switch|p1a: Basculegion|Basculegion, L50, M|100/100
|switch|p1b: Volcarona|Volcarona, L50, F|100/100
|switch|p2a: Grimmsnarl|Grimmsnarl, L50, M|100/100
|switch|p2b: Annihilape|Annihilape, L50, M|100/100
|turn|1
|
|t:|1756847209
|move|p2b: Annihilape|Protect|p2b: Annihilape
|-singleturn|p2b: Annihilape|Protect
|move|p2a: Grimmsnarl|Taunt|p1b: Volcarona
|-start|p1b: Volcarona|move: Taunt
|move|p1a: Basculegion|Wave Crash|p2b: Annihilape
|-activate|p2b: Annihilape|move: Protect
|move|p1b: Volcarona|Heat Wave|p2a: Grimmsnarl|[spread] p2a
|-activate|p2b: Annihilape|move: Protect
|-damage|p2a: Grimmsnarl|70/100
|
|upkeep
|turn|2
|
|t:|1756847231
|switch|p1a: Rillaboom|Rillaboom, L50, M|100/100
|-fieldstart|move: Grassy Terrain|[from] ability: Grassy Surge|[of] p1a: Rillaboom
|-enditem|p1b: Volcarona|Grassy Seed
|-boost|p1b: Volcarona|def|1|[from] item: Grassy Seed
|-terastallize|p2b: Annihilape|Water
|move|p2a: Grimmsnarl|Reflect|p2a: Grimmsnarl
|-sidestart|p2: AikonZ_Test|Reflect
|move|p2b: Annihilape|Bulk Up|p2b: Annihilape
|-boost|p2b: Annihilape|atk|1
|-boost|p2b: Annihilape|def|1
|move|p1b: Volcarona|Heat Wave|p2b: Annihilape|[spread] p2a,p2b
|-resisted|p2b: Annihilape
|-damage|p2a: Grimmsnarl|41/100
|-damage|p2b: Annihilape|86/100
|
|-heal|p2b: Annihilape|92/100|[from] Grassy Terrain
|-heal|p2a: Grimmsnarl|47/100|[from] Grassy Terrain
|upkeep
|turn|3
|
|t:|1756847266
|move|p2b: Annihilape|Protect|p2b: Annihilape
|-singleturn|p2b: Annihilape|Protect
|move|p1a: Rillaboom|Fake Out|p2a: Grimmsnarl
|-damage|p2a: Grimmsnarl|37/100
|cant|p2a: Grimmsnarl|flinch
|move|p1b: Volcarona|Giga Drain|p2a: Grimmsnarl
|-damage|p2a: Grimmsnarl|6/100
|
|-heal|p2b: Annihilape|98/100|[from] Grassy Terrain
|-heal|p2a: Grimmsnarl|12/100|[from] Grassy Terrain
|-end|p1b: Volcarona|move: Taunt
|upkeep
|turn|4
|
|t:|1756847282
|move|p2a: Grimmsnarl|Light Screen|p2a: Grimmsnarl
|-sidestart|p2: AikonZ_Test|move: Light Screen
|move|p2b: Annihilape|Bulk Up|p2b: Annihilape
|-boost|p2b: Annihilape|atk|1
|-boost|p2b: Annihilape|def|1
|move|p1b: Volcarona|Quiver Dance|p1b: Volcarona
|-boost|p1b: Volcarona|spa|1
|-boost|p1b: Volcarona|spd|1
|-boost|p1b: Volcarona|spe|1
|move|p1a: Rillaboom|Wood Hammer|p2b: Annihilape
|-supereffective|p2b: Annihilape
|-damage|p2b: Annihilape|38/100
|-damage|p1a: Rillaboom|81/100|[from] Recoil
|
|-heal|p2b: Annihilape|44/100|[from] Grassy Terrain
|-heal|p1a: Rillaboom|87/100|[from] Grassy Terrain
|-heal|p2a: Grimmsnarl|18/100|[from] Grassy Terrain
|upkeep
|turn|5
|
|t:|1756847315
|switch|p1a: Basculegion|Basculegion, L50, M|100/100
|-terastallize|p1b: Volcarona|Grass
|move|p2b: Annihilape|Protect|p2b: Annihilape
|-singleturn|p2b: Annihilape|Protect
|move|p1b: Volcarona|Giga Drain|p2b: Annihilape
|-activate|p2b: Annihilape|move: Protect
|move|p2a: Grimmsnarl|Spirit Break|p1b: Volcarona
|-damage|p1b: Volcarona|79/100
|-unboost|p1b: Volcarona|spa|1
|
|-heal|p1b: Volcarona|85/100|[from] Grassy Terrain
|-heal|p2b: Annihilape|50/100|[from] Grassy Terrain
|-heal|p2a: Grimmsnarl|24/100|[from] Grassy Terrain
|upkeep
|turn|6
|
|t:|1756847345
|move|p2a: Grimmsnarl|Taunt|p1b: Volcarona
|-start|p1b: Volcarona|move: Taunt
|move|p1b: Volcarona|Giga Drain|p2b: Annihilape
|-supereffective|p2b: Annihilape
|-damage|p2b: Annihilape|0 fnt
|-heal|p1b: Volcarona|100/100|[from] drain|[of] p2b: Annihilape
|faint|p2b: Annihilape
|move|p1a: Basculegion|Wave Crash|p2a: Grimmsnarl
|-damage|p2a: Grimmsnarl|0 fnt
|faint|p2a: Grimmsnarl
|-damage|p1a: Basculegion|92/100|[from] Recoil
|
|-heal|p1a: Basculegion|98/100|[from] Grassy Terrain
|-fieldend|move: Grassy Terrain
|upkeep
|
|t:|1756847351
|switch|p2b: Ursaluna|Ursaluna, L50, M|100/100
|switch|p2a: Porygon2|Porygon2, L50, shiny|100/100
|-ability|p2a: Porygon2|Download|boost
|-boost|p2a: Porygon2|atk|1
|turn|7
|
|t:|1756847366
|switch|p1a: Rillaboom|Rillaboom, L50, M|87/100
|-fieldstart|move: Grassy Terrain|[from] ability: Grassy Surge|[of] p1a: Rillaboom
|move|p1b: Volcarona|Giga Drain|p2b: Ursaluna
|-supereffective|p2b: Ursaluna
|-damage|p2b: Ursaluna|46/100
|move|p2b: Ursaluna|Facade|p1b: Volcarona
|-damage|p1b: Volcarona|74/100
|move|p2a: Porygon2|Trick Room|p2a: Porygon2
|-fieldstart|move: Trick Room|[of] p2a: Porygon2
|
|-heal|p2b: Ursaluna|52/100|[from] Grassy Terrain
|-heal|p1a: Rillaboom|93/100|[from] Grassy Terrain
|-heal|p1b: Volcarona|80/100|[from] Grassy Terrain
|-status|p2b: Ursaluna|brn|[from] item: Flame Orb
|upkeep
|turn|8
|-message|AikonZ_Test forfeited.
|
|win|roundybout
|raw|roundybout's rating: 1255 → 1286(+31 for winning)
|raw|AikonZ_Test's rating: 1344 → 1319(-25 for losing)
|l|☆AikonZ_Test
|player|p2|
