|j|☆Thoorus
|j|☆Stelvius
|html|ThoorusStelvius    
|uhtml|bestof|Game 1 of a best-of-3
|t:|1757919023
|gametype|doubles
|player|p1|Thoorus|cyrus|1207
|player|p2|Stelvius|1|1156
|gen|9
|tier|[Gen 9] VGC 2025 Reg H (Bo3)
|rated|
|rule|Species Clause: Limit one of each Pokémon
|rule|Item Clause: Limit 1 of each item
|clearpoke
|poke|p1|Incineroar, L50, F|
|poke|p1|Ninetales-Alola, L50, F|
|poke|p1|Dragonite, L50, F|
|poke|p1|Kingambit, L50, F|
|poke|p1|Sinistcha, L50|
|poke|p1|Ursaluna-Bloodmoon, L50, M|
|poke|p2|Tyranitar, L50, F|
|poke|p2|Excadrill, L50, F|
|poke|p2|Annihilape, L50, M|
|poke|p2|Maushold, L50|
|poke|p2|Gastrodon-East, L50, M|
|poke|p2|Hydreigon, L50, F|
|teampreview|4
|showteam|p1|Incineroar||SafetyGoggles|Intimidate|KnockOff,FlareBlitz,FakeOut,PartingShot|||F|||50|,,,,,Ghost]Ninetales-Alola||FocusSash|SnowWarning|Protect,AuroraVeil,FreezeDry,Blizzard|||F|||50|,,,,,Ice]Dragonite||LoadedDice|Multiscale|Tailwind,HelpingHand,ScaleShot,Haze|||F|||50|,,,,,Steel]Kingambit||BlackGlasses|Defiant|SuckerPunch,KowtowCleave,SwordsDance,Protect|||F|||50|,,,,,Dark]Sinistcha||SitrusBerry|Hospitality|MatchaGotcha,TrickRoom,RagePowder,LifeDew||||||50|,,,,,Water]Ursaluna-Bloodmoon||LifeOrb|MindsEye|BloodMoon,EarthPower,HyperVoice,Protect|||M|||50|,,,,,Normal
|showteam|p2|Tyranitar||AssaultVest|SandStream|RockSlide,KnockOff,TeraBlast,Snarl|||F|||50|,,,,,Flying]Excadrill||FocusSash|SandRush|HighHorsepower,IronHead,Earthquake,Protect|||F|||50|,,,,,Stellar]Annihilape||SitrusBerry|Defiant|DrainPunch,RageFist,BulkUp,Protect|||M|||50|,,,,,Fire]Maushold||SafetyGoggles|FriendGuard|BeatUp,FollowMe,Taunt,Encore||||||50|,,,,,Ghost]Gastrodon-East||Leftovers|StormDrain|EarthPower,IceBeam,Yawn,Protect|||M|||50|,,,,,Fire]Hydreigon||ScopeLens|Levitate|DarkPulse,DracoMeteor,FocusEnergy,Protect|||F|||50|,,,,,Electric
|inactive|Battle timer is ON: inactive players will automatically lose when time's up. (requested by Stelvius)
|inactive|Stelvius has 60 seconds left.
|
|t:|1757919081
|teamsize|p1|4
|teamsize|p2|4
|start
|switch|p1a: Ursaluna|Ursaluna-Bloodmoon, L50, M|100/100
|switch|p1b: Dragonite|Dragonite, L50, F|100/100
|switch|p2a: Annihilape|Annihilape, L50, M|100/100
|switch|p2b: Maushold|Maushold, L50|100/100
|turn|1
|
|t:|1757919105
|move|p2a: Annihilape|Protect|p2a: Annihilape
|-singleturn|p2a: Annihilape|Protect
|move|p1a: Ursaluna|Protect|p1a: Ursaluna
|-singleturn|p1a: Ursaluna|Protect
|move|p2b: Maushold|Taunt|p1b: Dragonite
|-start|p1b: Dragonite|move: Taunt
|cant|p1b: Dragonite|move: Taunt|Tailwind
|
|upkeep
|turn|2
|
|t:|1757919127
|switch|p1a: Ninetales|Ninetales-Alola, L50, F|100/100
|-weather|Snowscape|[from] ability: Snow Warning|[of] p1a: Ninetales
|move|p2b: Maushold|Encore||[still]
|-fail|p2b: Maushold
|move|p1b: Dragonite|Scale Shot|p2b: Maushold
|-damage|p2b: Maushold|80/100
|-damage|p2b: Maushold|62/100
|-damage|p2b: Maushold|43/100
|-damage|p2b: Maushold|22/100
|-damage|p2b: Maushold|3/100
|-hitcount|p2b: Maushold|5
|-unboost|p1b: Dragonite|def|1
|-boost|p1b: Dragonite|spe|1
|move|p2a: Annihilape|Bulk Up|p2a: Annihilape
|-boost|p2a: Annihilape|atk|1
|-boost|p2a: Annihilape|def|1
|
|-weather|Snowscape|[upkeep]
|upkeep
|turn|3
|inactive|Thoorus has 30 seconds left.
|inactive|Stelvius has 30 seconds left.
|inactive|Stelvius has 20 seconds left.
|inactive|Stelvius has 15 seconds left.
|inactive|Stelvius has 10 seconds left.
|
|t:|1757919176
|switch|p2b: Tyranitar|Tyranitar, L50, F|100/100
|-weather|Sandstorm|[from] ability: Sand Stream|[of] p2b: Tyranitar
|-terastallize|p1a: Ninetales|Ice
|move|p1b: Dragonite|Scale Shot|p2a: Annihilape
|-damage|p2a: Annihilape|92/100
|-damage|p2a: Annihilape|82/100
|-damage|p2a: Annihilape|74/100
|-damage|p2a: Annihilape|65/100
|-hitcount|p2a: Annihilape|4
|-unboost|p1b: Dragonite|def|1
|-boost|p1b: Dragonite|spe|1
|move|p1a: Ninetales|Blizzard|p2b: Tyranitar|[spread] p2a
|-miss|p1a: Ninetales|p2b: Tyranitar
|-damage|p2a: Annihilape|25/100
|-enditem|p2a: Annihilape|Sitrus Berry|[eat]
|-heal|p2a: Annihilape|50/100|[from] item: Sitrus Berry
|move|p2a: Annihilape|Rage Fist|p1b: Dragonite
|-damage|p1b: Dragonite|0 fnt
|faint|p1b: Dragonite
|
|-weather|Sandstorm|[upkeep]
|-damage|p1a: Ninetales|94/100|[from] Sandstorm
|-damage|p2a: Annihilape|44/100|[from] Sandstorm
|upkeep
|inactive|Thoorus has 30 seconds left.
|
|t:|1757919202
|switch|p1b: Kingambit|Kingambit, L50, F|100/100
|turn|4
|inactive|Thoorus has 30 seconds left.
|
|t:|1757919229
|switch|p1a: Ursaluna|Ursaluna-Bloodmoon, L50, M|100/100
|move|p2a: Annihilape|Protect|p2a: Annihilape
|-singleturn|p2a: Annihilape|Protect
|move|p1b: Kingambit|Protect|p1b: Kingambit
|-singleturn|p1b: Kingambit|Protect
|move|p2b: Tyranitar|Rock Slide|p1a: Ursaluna|[spread] p1a
|-activate|p1b: Kingambit|move: Protect
|-resisted|p1a: Ursaluna
|-damage|p1a: Ursaluna|88/100
|
|-weather|Sandstorm|[upkeep]
|-damage|p2a: Annihilape|38/100|[from] Sandstorm
|upkeep
|turn|5
|
|t:|1757919247
|switch|p2b: Maushold|Maushold, L50|3/100
|move|p1b: Kingambit|Sucker Punch|p2a: Annihilape
|-damage|p2a: Annihilape|17/100
|move|p2a: Annihilape|Drain Punch|p1a: Ursaluna
|-supereffective|p1a: Ursaluna
|-damage|p1a: Ursaluna|7/100
|-heal|p2a: Annihilape|52/100|[from] drain|[of] p1a: Ursaluna
|move|p1a: Ursaluna|Earth Power|p2b: Maushold
|-damage|p2b: Maushold|0 fnt
|faint|p2b: Maushold
|-damage|p1a: Ursaluna|0 fnt|[from] item: Life Orb
|faint|p1a: Ursaluna
|
|-weather|Sandstorm|[upkeep]
|-damage|p2a: Annihilape|46/100|[from] Sandstorm
|upkeep
|
|t:|1757919271
|switch|p2b: Tyranitar|Tyranitar, L50, F|100/100
|switch|p1a: Ninetales|Ninetales-Alola, L50, F, tera:Ice|94/100
|-weather|Snowscape|[from] ability: Snow Warning|[of] p1a: Ninetales
|-weather|Sandstorm|[from] ability: Sand Stream|[of] p2b: Tyranitar
|turn|6
|
|t:|1757919284
|-terastallize|p2a: Annihilape|Fire
|move|p1a: Ninetales|Protect|p1a: Ninetales
|-singleturn|p1a: Ninetales|Protect
|move|p2a: Annihilape|Drain Punch|p1b: Kingambit
|-supereffective|p1b: Kingambit
|-damage|p1b: Kingambit|0 fnt
|-heal|p2a: Annihilape|95/100|[from] drain|[of] p1b: Kingambit
|faint|p1b: Kingambit
|move|p2b: Tyranitar|Rock Slide|p1a: Ninetales
|-activate|p1a: Ninetales|move: Protect
|
|-weather|Sandstorm|[upkeep]
|-damage|p1a: Ninetales|88/100|[from] Sandstorm
|-damage|p2a: Annihilape|89/100|[from] Sandstorm
|upkeep
|turn|7
|-message|Thoorus forfeited.
|
|win|Stelvius
|l|☆Thoorus
|player|p1|
||Thoorus is ready for game 2.
||Stelvius is ready for game 2.
|uhtml|next|Next: Game 2 of 3
|l|☆Stelvius
|player|p2|
