|j|☆Kaiserknost
|j|☆glofer
|html|Kaiserknostglofer    
|uhtml|bestof|Game 2 of a best-of-3
|t:|1785290285
|gametype|doubles
|player|p1|Kaiserknost|170|1138
|player|p2|glofer|blackbelt|1049
|gen|9
|tier|[Gen 9 Champions] VGC 2026 Reg M-B (Bo3)
|rated|
|rule|Species Clause: Limit one of each Pokémon
|rule|Item Clause: Limit 1 of each item
|clearpoke
|poke|p1|Excadrill, L50, M|
|poke|p1|Tyranitar, L50, M|
|poke|p1|Metagross, L50|
|poke|p1|Incineroar, L50, F|
|poke|p1|Aerodactyl, L50, F|
|poke|p1|Heliolisk, L50, M|
|poke|p2|Bellibolt, L50, M|
|poke|p2|Heliolisk, L50, F|
|poke|p2|Emolga, L50, F|
|poke|p2|Raichu, L50, F|
|poke|p2|Eelektross, L50, M|
|poke|p2|Jolteon, L50, F|
|teampreview|4
|showteam|p1|Excadrill||FocusSash|SandRush|Earthquake,IronHead,RockSlide,Protect|Adamant||M|||50|]Tyranitar||Tyranitarite|SandStream|Earthquake,RockSlide,LowKick,Protect|Adamant||M|||50|]Metagross||Metagrossite|ClearBody|Protect,IronHead,PsychicFangs,BulletPunch|Adamant|||||50|]Incineroar||SitrusBerry|Intimidate|FakeOut,DarkestLariat,PartingShot,FlareBlitz|Careful||F|||50|]Aerodactyl||LifeOrb|Unnerve|Tailwind,RockSlide,Protect,IceFang|Adamant||F|||50|]Heliolisk||ChoiceScarf|DrySkin|Thunderbolt,VoltSwitch,Electroweb,GrassKnot|Modest||M|||50|
|showteam|p2|Bellibolt||Leftovers|Electromorphosis|ParabolicCharge,AcidSpray,Soak,Protect|Quiet||M|||50|]Heliolisk||ChoiceScarf|DrySkin|Thunderbolt,HyperVoice,DragonPulse,DarkPulse|Timid||F|||50|]Emolga||FocusSash|MotorDrive|VoltSwitch,AirSlash,Encore,Protect|Timid||F|||50|]Raichu||RaichuniteY|LightningRod|ZapCannon,FocusBlast,FakeOut,Protect|Timid||F|||50|]Eelektross||Eelektrossite|Levitate|SupercellSlam,DrainPunch,Bulldoze,Coil|Adamant||M|||50|]Jolteon||LifeOrb|VoltAbsorb|Discharge,ThunderWave,ShadowBall,Protect|Timid||F|||50|
|
|t:|1785290314
|teamsize|p1|4
|teamsize|p2|4
|start
|switch|p1a: Tyranitar|Tyranitar, L50, M|100/100
|switch|p1b: Metagross|Metagross, L50|100/100
|switch|p2a: Eelektross|Eelektross, L50, M|100/100
|switch|p2b: Bellibolt|Bellibolt, L50, M|100/100
|-weather|Sandstorm|[from] ability: Sand Stream|[of] p1a: Tyranitar
|turn|1
|
|t:|1785290336
|detailschange|p1b: Metagross|Metagross-Mega, L50
|-mega|p1b: Metagross|Metagross|Metagrossite
|detailschange|p2a: Eelektross|Eelektross-Mega, L50, M
|-mega|p2a: Eelektross|Eelektross|Eelektrossite
|move|p1b: Metagross|Psychic Fangs|p2a: Eelektross
|-damage|p2a: Eelektross|42/100
|move|p2a: Eelektross|Coil|p2a: Eelektross
|-boost|p2a: Eelektross|atk|1
|-boost|p2a: Eelektross|def|1
|-boost|p2a: Eelektross|accuracy|1
|move|p1a: Tyranitar|Rock Slide|p2a: Eelektross|[spread] p2a,p2b
|-damage|p2a: Eelektross|21/100
|-damage|p2b: Bellibolt|76/100
|-start|p2b: Bellibolt|Charge|Rock Slide|[from] ability: Electromorphosis
|move|p2b: Bellibolt|Soak|p1a: Tyranitar
|-start|p1a: Tyranitar|typechange|Water
|
|-weather|Sandstorm|[upkeep]
|-damage|p2a: Eelektross|15/100|[from] Sandstorm
|-damage|p1a: Tyranitar|94/100|[from] Sandstorm
|-damage|p2b: Bellibolt|70/100|[from] Sandstorm
|-heal|p2b: Bellibolt|76/100|[from] item: Leftovers
|upkeep
|turn|2
|
|t:|1785290383
|switch|p1a: Excadrill|Excadrill, L50, M|100/100
|move|p1b: Metagross|Psychic Fangs|p2a: Eelektross
|-damage|p2a: Eelektross|0 fnt
|faint|p2a: Eelektross
|move|p2b: Bellibolt|Parabolic Charge|p1a: Excadrill|[spread] p1b
|-immune|p1a: Excadrill
|-damage|p1b: Metagross|68/100
|-heal|p2b: Bellibolt|89/100|[from] drain|[of] p1b: Metagross
|-end|p2b: Bellibolt|Charge|[silent]
|
|-weather|Sandstorm|[upkeep]
|-damage|p2b: Bellibolt|83/100|[from] Sandstorm
|-heal|p2b: Bellibolt|89/100|[from] item: Leftovers
|upkeep
|
|t:|1785290389
|switch|p2a: Heliolisk|Heliolisk, L50, F|100/100
|turn|3
|
|t:|1785290402
|move|p1b: Metagross|Protect|p1b: Metagross
|-singleturn|p1b: Metagross|Protect
|move|p1a: Excadrill|Earthquake|p2a: Heliolisk|[spread] p2a,p2b
|-activate|p1b: Metagross|move: Protect
|-supereffective|p2a: Heliolisk|1
|-supereffective|p2b: Bellibolt|1
|-damage|p2a: Heliolisk|0 fnt
|-damage|p2b: Bellibolt|30/100
|-start|p2b: Bellibolt|Charge|Earthquake|[from] ability: Electromorphosis
|faint|p2a: Heliolisk
|move|p2b: Bellibolt|Soak|p1a: Excadrill
|-start|p1a: Excadrill|typechange|Water
|
|-weather|Sandstorm|[upkeep]
|-damage|p2b: Bellibolt|24/100|[from] Sandstorm
|-heal|p2b: Bellibolt|30/100|[from] item: Leftovers
|upkeep
|
|t:|1785290409
|switch|p2a: Emolga|Emolga, L50, F|100/100
|turn|4
|
|t:|1785290426
|move|p1b: Metagross|Bullet Punch|p2a: Emolga
|-resisted|p2a: Emolga|1
|-damage|p2a: Emolga|71/100
|move|p1a: Excadrill|Rock Slide|p2a: Emolga|[spread] p2a,p2b
|-supereffective|p2a: Emolga|1
|-damage|p2a: Emolga|0 fnt
|-damage|p2b: Bellibolt|14/100
|-start|p2b: Bellibolt|Charge|Rock Slide|[from] ability: Electromorphosis
|faint|p2a: Emolga
|cant|p2b: Bellibolt|flinch
|-end|p2b: Bellibolt|Charge|[silent]
|
|-weather|Sandstorm|[upkeep]
|-damage|p2b: Bellibolt|8/100|[from] Sandstorm
|-heal|p2b: Bellibolt|14/100|[from] item: Leftovers
|upkeep
|turn|5
|-message|glofer forfeited.
|raw|Kaiserknost's rating: 1138 → 1157(+19 for winning)
|raw|glofer's rating: 1049 → 1036(-13 for losing)
|
|win|Kaiserknost
|l|☆glofer
|player|p2|
|l|☆Kaiserknost
|player|p1|
|j| soulmoonvgc
