|j|☆SILVESTRON
|j|☆Pokechu5K
|html|SILVESTRONPokechu5K    
|uhtml|bestof|Game 1 of a best-of-3
|t:|1785193809
|gametype|doubles
|player|p1|SILVESTRON|169|
|player|p2|Pokechu5K|acetrainerf|
|gen|9
|tier|[Gen 9 Champions] VGC 2026 Reg M-B (Bo3)
|rule|Species Clause: Limit one of each Pokémon
|rule|Item Clause: Limit 1 of each item
|clearpoke
|poke|p1|Pinsir, L50, M|
|poke|p1|Blastoise, L50, F|
|poke|p1|Rhyperior, L50, M, shiny|
|poke|p1|Talonflame, L50, F|
|poke|p1|Sneasler, L50, M|
|poke|p1|Sinistcha, L50|
|poke|p2|Froslass, L50, F|
|poke|p2|Raichu, L50, F|
|poke|p2|Whimsicott, L50, F, shiny|
|poke|p2|Sneasler, L50, F|
|poke|p2|Kingambit, L50, M, shiny|
|poke|p2|Garchomp, L50, M|
|teampreview|4
|showteam|p1|Pinsir||Pinsirite|HyperCutter|GigaImpact,Feint,CloseCombat,Protect|Jolly||M|||50|]Blastoise||Blastoisinite|Torrent|ShellSmash,DarkPulse,WaterSpout,AuraSphere|Timid||F|||50|]Rhyperior||LifeOrb|SolidRock|IcePunch,RockSlide,Earthquake,Protect|Adamant||M|||50|]Talonflame||SharpBeak|GaleWings|DualWingbeat,FlareBlitz,Tailwind,Protect|Jolly||F|||50|]Sneasler||FocusSash|Unburden|UpperHand,DireClaw,CloseCombat,FakeOut|Jolly||M|||50|]Sinistcha||SitrusBerry|Hospitality|MatchaGotcha,ShadowBall,TrickRoom,RagePowder|Relaxed|||||50|
|showteam|p2|Froslass||Froslassite|CursedBody|Blizzard,AuroraVeil,ShadowBall,Protect|Timid||F|||50|]Raichu||RaichuniteY|LightningRod|FocusBlast,ZapCannon,Protect,FakeOut|Hasty||F|||50|]Whimsicott||FocusSash|Prankster|Moonblast,Tailwind,Encore,Protect|Timid||F|||50|]Sneasler||WhiteHerb|Unburden|DireClaw,CloseCombat,FakeOut,Protect|Adamant||F|||50|]Kingambit||BlackGlasses|Defiant|SuckerPunch,KowtowCleave,IronHead,Protect|Adamant||M|||50|]Garchomp||LifeOrb|RoughSkin|DragonClaw,RockSlide,StompingTantrum,Protect|Jolly||M|||50|
|c|☆SILVESTRON|GLHF
|c|☆Pokechu5K|glhf!
|
|t:|1785193900
|teamsize|p1|4
|teamsize|p2|4
|start
|switch|p1a: Zess T. Spice|Talonflame, L50, F|100/100
|switch|p1b: Big G.|Rhyperior, L50, M, shiny|100/100
|switch|p2a: Whimsicott|Whimsicott, L50, F, shiny|100/100
|switch|p2b: Garchomp|Garchomp, L50, M|100/100
|turn|1
|
|t:|1785193959
|move|p2b: Garchomp|Protect|p2b: Garchomp
|-singleturn|p2b: Garchomp|Protect
|move|p1a: Zess T. Spice|Dual Wingbeat|p2a: Whimsicott|[miss]
|-miss|p1a: Zess T. Spice|p2a: Whimsicott
|move|p2a: Whimsicott|Tailwind|p2a: Whimsicott
|-sidestart|p2: Pokechu5K|move: Tailwind
|move|p1b: Big G.|Ice Punch|p2b: Garchomp
|-activate|p2b: Garchomp|move: Protect
|
|upkeep
|turn|2
|
|t:|1785194053
|move|p1a: Zess T. Spice|Dual Wingbeat|p2a: Whimsicott
|-supereffective|p2a: Whimsicott|1
|-damage|p2a: Whimsicott|43/100
|-supereffective|p2a: Whimsicott|1
|-damage|p2a: Whimsicott|0 fnt
|faint|p2a: Whimsicott
|-hitcount|p2: Whimsicott|2
|move|p2b: Garchomp|Rock Slide|p1b: Big G.|[spread] p1a,p1b
|-supereffective|p1a: Zess T. Spice|2
|-resisted|p1b: Big G.|1
|-damage|p1a: Zess T. Spice|0 fnt
|-damage|p1b: Big G.|90/100
|faint|p1a: Zess T. Spice
|-damage|p2b: Garchomp|90/100|[from] item: Life Orb
|cant|p1b: Big G.|flinch
|
|upkeep
|
|t:|1785194076
|switch|p1a: Miracle Cannon|Blastoise, L50, F|100/100
|switch|p2a: Froslass|Froslass, L50, F|100/100
|turn|3
|
|t:|1785194107
|detailschange|p2a: Froslass|Froslass-Mega, L50, F
|-mega|p2a: Froslass|Froslass|Froslassite
|-weather|Snowscape|[from] ability: Snow Warning|[of] p2a: Froslass
|detailschange|p1a: Miracle Cannon|Blastoise-Mega, L50, F
|-mega|p1a: Miracle Cannon|Blastoise|Blastoisinite
|move|p2a: Froslass|Aurora Veil|p2a: Froslass
|-sidestart|p2: Pokechu5K|move: Aurora Veil
|move|p2b: Garchomp|Dragon Claw|p1a: Miracle Cannon
|-damage|p1a: Miracle Cannon|47/100
|-damage|p2b: Garchomp|80/100|[from] item: Life Orb
|move|p1a: Miracle Cannon|Dark Pulse|p2a: Froslass
|-supereffective|p2a: Froslass|1
|-crit|p2a: Froslass
|-damage|p2a: Froslass|0 fnt
|faint|p2a: Froslass
|move|p1b: Big G.|Rock Slide|p2b: Garchomp
|-resisted|p2b: Garchomp|1
|-damage|p2b: Garchomp|60/100
|-damage|p1b: Big G.|80/100|[from] item: Life Orb
|
|-weather|Snowscape|[upkeep]
|upkeep
|
|t:|1785194123
|switch|p2a: Sneasler|Sneasler, L50, F|100/100
|turn|4
|
|t:|1785194129
|switch|p1a: Performative|Sinistcha, L50|100/100
|-heal|p1b: Big G.|100/100|[from] ability: Hospitality|[of] p1a: Performative
|move|p2a: Sneasler|Close Combat|p1b: Big G.
|-supereffective|p1b: Big G.|1
|-damage|p1b: Big G.|30/100
|-unboost|p2a: Sneasler|def|1
|-unboost|p2a: Sneasler|spd|1
|-enditem|p2a: Sneasler|White Herb
|-clearnegativeboost|p2a: Sneasler|[silent]
|move|p2b: Garchomp|Dragon Claw|p1a: Performative
|-damage|p1a: Performative|53/100
|-damage|p2b: Garchomp|50/100g|[from] item: Life Orb
|move|p1b: Big G.|Earthquake|p2b: Garchomp|[spread] p1a,p2a,p2b
|-resisted|p1a: Performative|1
|-supereffective|p2a: Sneasler|1
|-damage|p1a: Performative|26/100
|-damage|p2a: Sneasler|0 fnt
|-damage|p2b: Garchomp|11/100
|-enditem|p1a: Performative|Sitrus Berry|[eat]
|-heal|p1a: Performative|51/100|[from] item: Sitrus Berry
|faint|p2a: Sneasler
|-damage|p1b: Big G.|20/100y|[from] item: Life Orb
|
|-weather|Snowscape|[upkeep]
|-sideend|p2: Pokechu5K|move: Tailwind
|upkeep
|turn|5
|
|t:|1785194157
|move|p2b: Garchomp|Dragon Claw|p1b: Big G.
|-damage|p1b: Big G.|0 fnt
|faint|p1b: Big G.
|-damage|p2b: Garchomp|1/100|[from] item: Life Orb
|move|p1a: Performative|Shadow Ball|p2b: Garchomp
|-damage|p2b: Garchomp|0 fnt
|faint|p2b: Garchomp
|
|win|SILVESTRON
|c|☆SILVESTRON|GGWP1
||SILVESTRON is ready for game 2.
|inactive|Pokechu5K has 30 seconds to confirm battle start!
|c|☆Pokechu5K|ggwp1
|inactive|Pokechu5K has 20 seconds to confirm battle start!
||Pokechu5K is ready for game 2.
|uhtml|next|Next: Game 2 of 3
