|j|☆Bruneauxx
|j|☆AUBrigade
|html|BruneauxxAUBrigade    
|uhtml|bestof|Game 2 of a best-of-3
|t:|1756949459
|gametype|doubles
|player|p1|Bruneauxx|fisherman-gen4|1198
|player|p2|AUBrigade|morty|1260
|gen|9
|tier|[Gen 9] VGC 2025 Reg H (Bo3)
|rated|
|rule|Species Clause: Limit one of each Pokémon
|rule|Item Clause: Limit 1 of each item
|clearpoke
|poke|p1|Braviary-Hisui, L50, M|
|poke|p1|Sneasler, L50, M|
|poke|p1|Indeedee-F, L50, F|
|poke|p1|Pelipper, L50, M|
|poke|p1|Archaludon, L50, F|
|poke|p1|Maushold, L50|
|poke|p2|Sneasler, L50, F|
|poke|p2|Dragonite, L50, F|
|poke|p2|Incineroar, L50, M|
|poke|p2|Magmar, L50, M|
|poke|p2|Ninetales-Alola, L50, F|
|poke|p2|Gholdengo, L50|
|teampreview|4
|showteam|p1|Braviary-Hisui||TwistedSpoon|TintedLens|ExpandingForce,AirSlash,EsperWing,Protect|||M|||50|,,,,,Psychic]Sneasler||PsychicSeed|Unburden|DireClaw,CloseCombat,ThroatChop,Protect|||M|||50|,,,,,Dark]Indeedee-F||SafetyGoggles|PsychicSurge|DazzlingGleam,FollowMe,TrickRoom,HelpingHand|||F|||50|,,,,,Fairy]Pelipper||FocusSash|Drizzle|Hurricane,WeatherBall,Tailwind,Protect|||M|||50|,,,,,Stellar]Archaludon||AssaultVest|Stamina|ElectroShot,Snarl,DragonPulse,BodyPress|||F|||50|,,,,,Grass]Maushold||WideLens|Technician|PopulationBomb,SuperFang,Encore,Protect||||||50|,,,,,Ghost
|showteam|p2|Sneasler||WhiteHerb|Unburden|DireClaw,Protect,Coaching,CloseCombat|||F|||50|,,,,,Ghost]Dragonite||LoadedDice|Multiscale|ScaleShot,ExtremeSpeed,IceSpinner,Protect|||F|||50|,,,,,Steel]Incineroar||AssaultVest|Intimidate|Uturn,KnockOff,FlareBlitz,FakeOut|||M|||50|,,,,,Grass]Magmar||Eviolite|VitalSpirit|ClearSmog,FollowMe,Overheat,Taunt|||M|||50|,,,,,Fairy]Ninetales-Alola||FocusSash|SnowWarning|Protect,Blizzard,FreezeDry,AuroraVeil|||F|||50|,,,,,Ice]Gholdengo||MetalCoat|GoodasGold|MakeItRain,NastyPlot,ShadowBall,Protect||||||50|,,,,,Water
|l|☆Bruneauxx
|player|p1|
|j|☆Bruneauxx
|player|p1|Bruneauxx|fisherman-gen4|
|inactive|Battle timer is ON: inactive players will automatically lose when time's up. (requested by AUBrigade)
|
|t:|1756949498
|teamsize|p1|4
|teamsize|p2|4
|start
|switch|p1a: Indeedee|Indeedee-F, L50, F|100/100
|switch|p1b: Braviary|Braviary-Hisui, L50, M|100/100
|switch|p2a: Magmar|Magmar, L50, M|100/100
|switch|p2b: Dragonite|Dragonite, L50, F|100/100
|-fieldstart|move: Psychic Terrain|[from] ability: Psychic Surge|[of] p1a: Indeedee
|turn|1
|inactive|AUBrigade has 30 seconds left.
|inactive|AUBrigade has 20 seconds left.
|
|t:|1756949537
|switch|p1a: Archaludon|Archaludon, L50, F|100/100
|-terastallize|p1b: Braviary|Psychic
|move|p2b: Dragonite|Protect|p2b: Dragonite
|-singleturn|p2b: Dragonite|Protect
|move|p2a: Magmar|Taunt|p1a: Archaludon
|-start|p1a: Archaludon|move: Taunt
|move|p1b: Braviary|Esper Wing|p2b: Dragonite
|-activate|p2b: Dragonite|move: Protect
|
|upkeep
|turn|2
|inactive|Bruneauxx has 30 seconds left.
|inactive|AUBrigade has 30 seconds left.
|inactive|Bruneauxx has 20 seconds left.
|inactive|AUBrigade has 20 seconds left.
|
|t:|1756949574
|switch|p2a: Incineroar|Incineroar, L50, M|100/100
|-ability|p2a: Incineroar|Intimidate|boost
|-unboost|p1a: Archaludon|atk|1
|-unboost|p1b: Braviary|atk|1
|-terastallize|p2b: Dragonite|Steel
|move|p1b: Braviary|Protect|p1b: Braviary
|-singleturn|p1b: Braviary|Protect
|move|p2b: Dragonite|Scale Shot|p1b: Braviary
|-activate|p1b: Braviary|move: Protect
|move|p1a: Archaludon|Dragon Pulse|p2b: Dragonite
|-resisted|p2b: Dragonite
|-damage|p2b: Dragonite|89/100
|
|upkeep
|turn|3
|inactive|Bruneauxx has 30 seconds left.
|inactive|Bruneauxx has 20 seconds left.
|inactive|Bruneauxx has 15 seconds left.
|inactive|Bruneauxx has 10 seconds left.
|
|t:|1756949622
|move|p2b: Dragonite|Scale Shot|p1b: Braviary
|-damage|p1b: Braviary|81/100
|-damage|p1b: Braviary|61/100
|-damage|p1b: Braviary|40/100
|-damage|p1b: Braviary|22/100
|-damage|p1b: Braviary|4/100
|-hitcount|p1b: Braviary|5
|-unboost|p2b: Dragonite|def|1
|-boost|p2b: Dragonite|spe|1
|move|p1a: Archaludon|Body Press|p2b: Dragonite
|-supereffective|p2b: Dragonite
|-damage|p2b: Dragonite|14/100
|move|p1b: Braviary|Esper Wing|p2b: Dragonite
|-resisted|p2b: Dragonite
|-damage|p2b: Dragonite|0 fnt
|-boost|p1b: Braviary|spe|1
|faint|p2b: Dragonite
|move|p2a: Incineroar|U-turn|p1b: Braviary
|-supereffective|p1b: Braviary
|-damage|p1b: Braviary|0 fnt
|faint|p1b: Braviary
|inactive|AUBrigade has 30 seconds left.
|
|t:|1756949649
|switch|p2a: Magmar|Magmar, L50, M|100/100|[from] U-turn
|
|-end|p1a: Archaludon|move: Taunt
|upkeep
|
|t:|1756949655
|switch|p2b: Incineroar|Incineroar, L50, M|100/100
|switch|p1b: Pelipper|Pelipper, L50, M|100/100
|-weather|RainDance|[from] ability: Drizzle|[of] p1b: Pelipper
|-ability|p2b: Incineroar|Intimidate|boost
|-unboost|p1a: Archaludon|atk|1
|-unboost|p1b: Pelipper|atk|1
|turn|4
|
|t:|1756949675
|switch|p1b: Indeedee|Indeedee-F, L50, F|100/100
|move|p2a: Magmar|Follow Me|p2a: Magmar
|-singleturn|p2a: Magmar|move: Follow Me
|move|p1a: Archaludon|Electro Shot||[still]
|-prepare|p1a: Archaludon|Electro Shot
|-boost|p1a: Archaludon|spa|1
|-anim|p1a: Archaludon|Electro Shot|p2a: Magmar
|-damage|p2a: Magmar|52/100
|move|p2b: Incineroar|Knock Off|p1a: Archaludon
|-damage|p1a: Archaludon|70/100
|-ability|p1a: Archaludon|Stamina|boost
|-boost|p1a: Archaludon|def|1
|-enditem|p1a: Archaludon|Assault Vest|[from] move: Knock Off|[of] p2b: Incineroar
|
|-weather|RainDance|[upkeep]
|upkeep
|turn|5
|inactive|Bruneauxx has 30 seconds left.
|inactive|AUBrigade has 30 seconds left.
|
|t:|1756949705
|move|p1b: Indeedee|Helping Hand|p1a: Archaludon
|-singleturn|p1a: Archaludon|Helping Hand|[of] p1b: Indeedee
|move|p2a: Magmar|Follow Me|p2a: Magmar
|-singleturn|p2a: Magmar|move: Follow Me
|move|p1a: Archaludon|Electro Shot||[still]
|-prepare|p1a: Archaludon|Electro Shot
|-boost|p1a: Archaludon|spa|1
|-anim|p1a: Archaludon|Electro Shot|p2a: Magmar
|-damage|p2a: Magmar|0 fnt
|faint|p2a: Magmar
|move|p2b: Incineroar|U-turn|p1b: Indeedee
|-supereffective|p1b: Indeedee
|-damage|p1b: Indeedee|59/100
|
|t:|1756949716
|switch|p2b: Ninetales|Ninetales-Alola, L50, F|100/100|[from] U-turn
|-weather|Snowscape|[from] ability: Snow Warning|[of] p2b: Ninetales
|
|-weather|Snowscape|[upkeep]
|-fieldend|move: Psychic Terrain
|upkeep
|
|t:|1756949721
|switch|p2a: Incineroar|Incineroar, L50, M|100/100
|-ability|p2a: Incineroar|Intimidate|boost
|-unboost|p1a: Archaludon|atk|1
|-unboost|p1b: Indeedee|atk|1
|turn|6
|
|t:|1756949743
|switch|p1b: Pelipper|Pelipper, L50, M|100/100
|-weather|RainDance|[from] ability: Drizzle|[of] p1b: Pelipper
|move|p2a: Incineroar|Fake Out|p1a: Archaludon
|-resisted|p1a: Archaludon
|-damage|p1a: Archaludon|67/100
|-ability|p1a: Archaludon|Stamina|boost
|-boost|p1a: Archaludon|def|1
|move|p2b: Ninetales|Blizzard|p1a: Archaludon|[spread] p1a
|-miss|p2b: Ninetales|p1b: Pelipper
|-damage|p1a: Archaludon|28/100
|-ability|p1a: Archaludon|Stamina|boost
|-boost|p1a: Archaludon|def|1
|cant|p1a: Archaludon|flinch
|
|-weather|RainDance|[upkeep]
|upkeep
|turn|7
|
|t:|1756949764
|move|p2b: Ninetales|Freeze-Dry|p1a: Archaludon
|-damage|p1a: Archaludon|0 fnt
|faint|p1a: Archaludon
|move|p1b: Pelipper|Tailwind|p1b: Pelipper
|-sidestart|p1: Bruneauxx|move: Tailwind
|move|p2a: Incineroar|Knock Off|p1b: Pelipper
|-damage|p1b: Pelipper|53/100
|-enditem|p1b: Pelipper|Focus Sash|[from] move: Knock Off|[of] p2a: Incineroar
|
|-weather|RainDance|[upkeep]
|upkeep
|
|t:|1756949768
|switch|p1a: Indeedee|Indeedee-F, L50, F|59/100
|-fieldstart|move: Psychic Terrain|[from] ability: Psychic Surge|[of] p1a: Indeedee
|turn|8
|
|t:|1756949783
|move|p2b: Ninetales|Protect|p2b: Ninetales
|-singleturn|p2b: Ninetales|Protect
|move|p1b: Pelipper|Weather Ball|p2a: Incineroar
|-supereffective|p2a: Incineroar
|-damage|p2a: Incineroar|38/100
|move|p1a: Indeedee|Dazzling Gleam|p2b: Ninetales|[spread] p2a
|-activate|p2b: Ninetales|move: Protect
|-damage|p2a: Incineroar|30/100
|move|p2a: Incineroar|Knock Off|p1a: Indeedee
|-supereffective|p1a: Indeedee
|-damage|p1a: Indeedee|0 fnt
|-enditem|p1a: Indeedee|Safety Goggles|[from] move: Knock Off|[of] p2a: Incineroar
|faint|p1a: Indeedee
|
|-weather|RainDance|[upkeep]
|upkeep
|turn|9
|
|t:|1756949799
|move|p1b: Pelipper|Hurricane|p2b: Ninetales
|-damage|p2b: Ninetales|55/100
|move|p2b: Ninetales|Blizzard|p1b: Pelipper
|-damage|p1b: Pelipper|0 fnt
|faint|p1b: Pelipper
|
|win|AUBrigade
|raw|Bruneauxx's rating: 1198 → 1177(-21 for losing)
|raw|AUBrigade's rating: 1260 → 1281(+21 for winning)
