|j|â˜†iTornado
|j|â˜†whoupvolcntheyrona
|html|iTornadowhoupvolcntheyrona    
|uhtml|bestof|Game 2 of a best-of-3
|t:|1757651626
|gametype|doubles
|player|p1|iTornado|lucas|1077
|player|p2|whoupvolcntheyrona|scientist-gen4|1173
|gen|9
|tier|[Gen 9] VGC 2025 Reg H (Bo3)
|rated|
|rule|Species Clause: Limit one of each PokÃ©mon
|rule|Item Clause: Limit 1 of each item
|clearpoke
|poke|p1|Annihilape, L50, M|
|poke|p1|Ninetales-Alola, L50, F|
|poke|p1|Talonflame, L50, F|
|poke|p1|Garchomp, L50, M|
|poke|p1|Vivillon-Ocean, L50, F|
|poke|p1|Gholdengo, L50|
|poke|p2|Ursaluna-Bloodmoon, L50, M|
|poke|p2|Gholdengo, L50|
|poke|p2|Dragonite, L50, F|
|poke|p2|Ninetales-Alola, L50, F|
|poke|p2|Annihilape, L50, M|
|poke|p2|Smeargle, L50, F|
|teampreview|4
|showteam|p1|Annihilape||SafetyGoggles|Defiant|RageFist,DrainPunch,BulkUp,Protect|||M|||50|,,,,,Water]Ninetales-Alola||CovertCloak|SnowWarning|Blizzard,FreezeDry,AuroraVeil,Protect|||F|||50|,,,,,Ice]Talonflame||SharpBeak|GaleWings|DualWingbeat,Tailwind,WillOWisp,Protect|||F|||50|,,,,,Ghost]Garchomp||LifeOrb|RoughSkin|Earthquake,StompingTantrum,DragonClaw,Protect|||M|||50|,,,,,Steel]Vivillon-Ocean||FocusSash|CompoundEyes|SleepPowder,Hurricane,RagePowder,Protect|||F|||50|,,,,,Ghost]Gholdengo||IronPlate|GoodasGold|MakeItRain,ShadowBall,NastyPlot,Protect||||||50|,,,,,Steel
|showteam|p2|Ursaluna-Bloodmoon||AssaultVest|MindsEye|BloodMoon,HyperVoice,EarthPower,VacuumWave|||M|||50|,,,,,Ghost]Gholdengo||LifeOrb|GoodasGold|MakeItRain,ShadowBall,NastyPlot,Protect||||||50|,,,,,Water]Dragonite||LoadedDice|Multiscale|ExtremeSpeed,ScaleShot,Tailwind,Protect|||F|||50|,,,,,Normal]Ninetales-Alola||LightClay|SnowWarning|IcicleSpear,IcyWind,AuroraVeil,Blizzard|||F|||50|,,,,,Ghost]Annihilape||SafetyGoggles|Defiant|BulkUp,RageFist,DrainPunch,Protect|||M|||50|,,,,,Fire]Smeargle||FocusSash|Moody|FakeOut,Spore,Decorate,FollowMe|||F|||50|,,,,,Ghost
|inactive|Battle timer is ON: inactive players will automatically lose when time's up. (requested by whoupvolcntheyrona)
|
|t:|1757651652
|teamsize|p1|4
|teamsize|p2|4
|start
|switch|p1a: Talonflame|Talonflame, L50, F|100/100
|switch|p1b: Gholdengo|Gholdengo, L50|100/100
|switch|p2a: Ninetales|Ninetales-Alola, L50, F|100/100
|switch|p2b: Annihilape|Annihilape, L50, M|100/100
|-weather|Snowscape|[from] ability: Snow Warning|[of] p2a: Ninetales
|turn|1
|
|t:|1757651670
|switch|p2a: Gholdengo|Gholdengo, L50|100/100
|-terastallize|p2b: Annihilape|Fire
|move|p1a: Talonflame|Tailwind|p1a: Talonflame
|-sidestart|p1: iTornado|move: Tailwind
|move|p1b: Gholdengo|Shadow Ball|p2b: Annihilape
|-damage|p2b: Annihilape|61/100
|move|p2b: Annihilape|Rage Fist|p1b: Gholdengo
|-supereffective|p1b: Gholdengo
|-damage|p1b: Gholdengo|5/100
|
|-weather|Snowscape|[upkeep]
|upkeep
|turn|2
|inactive|iTornado has 30 seconds left.
|inactive|whoupvolcntheyrona has 30 seconds left.
|
|t:|1757651701
|move|p1b: Gholdengo|Protect|p1b: Gholdengo
|-singleturn|p1b: Gholdengo|Protect
|move|p2a: Gholdengo|Protect|p2a: Gholdengo
|-singleturn|p2a: Gholdengo|Protect
|move|p1a: Talonflame|Dual Wingbeat|p2b: Annihilape
|-damage|p2b: Annihilape|42/100
|-damage|p2b: Annihilape|23/100
|-hitcount|p2b: Annihilape|2
|move|p2b: Annihilape|Rage Fist|p1b: Gholdengo
|-activate|p1b: Gholdengo|move: Protect
|
|-weather|Snowscape|[upkeep]
|upkeep
|turn|3
|
|t:|1757651715
|switch|p2a: Ursaluna|Ursaluna-Bloodmoon, L50, M|100/100
|move|p1a: Talonflame|Dual Wingbeat|p2b: Annihilape
|-damage|p2b: Annihilape|4/100
|-damage|p2b: Annihilape|0 fnt
|faint|p2b: Annihilape
|-hitcount|p2: Annihilape|2
|move|p1b: Gholdengo|Shadow Ball|p2a: Ursaluna
|-immune|p2a: Ursaluna
|
|-weather|Snowscape|[upkeep]
|upkeep
|
|t:|1757651723
|switch|p2b: Ninetales|Ninetales-Alola, L50, F|100/100
|turn|4
|
|t:|1757651732
|move|p1a: Talonflame|Dual Wingbeat|p2a: Ursaluna
|-damage|p2a: Ursaluna|86/100
|-damage|p2a: Ursaluna|72/100
|-hitcount|p2a: Ursaluna|2
|move|p2a: Ursaluna|Vacuum Wave|p1b: Gholdengo
|-supereffective|p1b: Gholdengo
|-damage|p1b: Gholdengo|0 fnt
|faint|p1b: Gholdengo
|move|p2b: Ninetales|Aurora Veil|p2b: Ninetales
|-sidestart|p2: whoupvolcntheyrona|move: Aurora Veil
|
|-weather|Snowscape|[upkeep]
|-sideend|p1: iTornado|move: Tailwind
|upkeep
|
|t:|1757651752
|switch|p1b: Garchomp|Garchomp, L50, M|100/100
|turn|5
|
|t:|1757651763
|move|p1b: Garchomp|Protect|p1b: Garchomp
|-singleturn|p1b: Garchomp|Protect
|move|p1a: Talonflame|Tailwind|p1a: Talonflame
|-sidestart|p1: iTornado|move: Tailwind
|move|p2b: Ninetales|Blizzard|p1b: Garchomp|[spread] p1a
|-activate|p1b: Garchomp|move: Protect
|-damage|p1a: Talonflame|60/100
|move|p2a: Ursaluna|Hyper Voice|p1b: Garchomp|[spread] p1a
|-activate|p1b: Garchomp|move: Protect
|-damage|p1a: Talonflame|0 fnt
|faint|p1a: Talonflame
|
|-weather|none
|upkeep
|
|t:|1757651774
|switch|p1a: Annihilape|Annihilape, L50, M, shiny|100/100
|turn|6
|
|t:|1757651794
|-terastallize|p1b: Garchomp|Steel
|move|p1b: Garchomp|Dragon Claw|p2a: Ursaluna
|-damage|p2a: Ursaluna|45/100
|-damage|p1b: Garchomp|91/100|[from] item: Life Orb
|move|p1a: Annihilape|Drain Punch|p2a: Ursaluna
|-supereffective|p2a: Ursaluna
|-damage|p2a: Ursaluna|14/100
|move|p2b: Ninetales|Blizzard|p1b: Garchomp|[spread] p1a,p1b
|-crit|p1a: Annihilape
|-resisted|p1b: Garchomp
|-damage|p1a: Annihilape|70/100
|-damage|p1b: Garchomp|79/100
|move|p2a: Ursaluna|Hyper Voice|p1a: Annihilape|[spread] p1a,p1b
|-crit|p1a: Annihilape
|-resisted|p1b: Garchomp
|-damage|p1a: Annihilape|18/100
|-damage|p1b: Garchomp|60/100
|
|upkeep
|turn|7
|inactive|iTornado has 30 seconds left.
|inactive|whoupvolcntheyrona has 30 seconds left.
|
|t:|1757651823
|move|p1b: Garchomp|Stomping Tantrum|p2b: Ninetales
|-damage|p2b: Ninetales|60/100
|-damage|p1b: Garchomp|50/100|[from] item: Life Orb
|move|p1a: Annihilape|Drain Punch|p2a: Ursaluna
|-supereffective|p2a: Ursaluna
|-damage|p2a: Ursaluna|0 fnt
|-heal|p1a: Annihilape|24/100|[from] drain|[of] p2a: Ursaluna
|faint|p2a: Ursaluna
|move|p2b: Ninetales|Icicle Spear|p1a: Annihilape
|-damage|p1a: Annihilape|18/100
|-damage|p1a: Annihilape|12/100
|-hitcount|p1a: Annihilape|2
|
|upkeep
|
|t:|1757651830
|switch|p2a: Gholdengo|Gholdengo, L50|100/100
|turn|8
|
|t:|1757651854
|move|p2a: Gholdengo|Protect|p2a: Gholdengo
|-singleturn|p2a: Gholdengo|Protect
|move|p1b: Garchomp|Stomping Tantrum|p2a: Gholdengo
|-activate|p2a: Gholdengo|move: Protect
|move|p1a: Annihilape|Rage Fist|p2b: Ninetales
|-damage|p2b: Ninetales|0 fnt
|faint|p2b: Ninetales
|
|-sideend|p1: iTornado|move: Tailwind
|upkeep
|turn|9
|inactive|whoupvolcntheyrona has 30 seconds left.
|
|t:|1757651888
|move|p1b: Garchomp|Protect|p1b: Garchomp
|-singleturn|p1b: Garchomp|Protect
|move|p1a: Annihilape|Protect|p1a: Annihilape
|-singleturn|p1a: Annihilape|Protect
|move|p2a: Gholdengo|Make It Rain|p1b: Garchomp|[spread] 
|-activate|p1a: Annihilape|move: Protect
|-activate|p1b: Garchomp|move: Protect
|
|upkeep
|turn|10
|
|t:|1757651898
|move|p1b: Garchomp|Stomping Tantrum|p2a: Gholdengo
|-supereffective|p2a: Gholdengo
|-damage|p2a: Gholdengo|33/100
|-damage|p1b: Garchomp|40/100|[from] item: Life Orb
|move|p1a: Annihilape|Rage Fist|p2a: Gholdengo
|-supereffective|p2a: Gholdengo
|-damage|p2a: Gholdengo|0 fnt
|faint|p2a: Gholdengo
|
|win|iTornado
||whoupvolcntheyrona is ready for game 3.
||iTornado is ready for game 3.
|uhtml|next|Next: Game 3 of 3
|l|â˜†whoupvolcntheyrona
|player|p2|
|l|â˜†iTornado
|player|p1|
