|j|☆WASHINGTONGARGACHA
|j|☆Hemz0 0
|html|WASHINGTONGARGACHAHemz0 0    
|uhtml|bestof|Game 1 of a best-of-3
|t:|1756531351
|gametype|doubles
|player|p1|WASHINGTONGARGACHA|170|1193
|player|p2|Hemz0 0|depotagent|1218
|gen|9
|tier|[Gen 9] VGC 2025 Reg H (Bo3)
|rated|
|rule|Species Clause: Limit one of each Pokémon
|rule|Item Clause: Limit 1 of each item
|clearpoke
|poke|p1|Gholdengo, L50|
|poke|p1|Ursaluna, L50, M|
|poke|p1|Archaludon, L50, F|
|poke|p1|Murkrow, L50, F|
|poke|p1|Farigiraf, L50, F|
|poke|p1|Palafin, L50, F|
|poke|p2|Maushold, L50|
|poke|p2|Annihilape, L50, M|
|poke|p2|Gholdengo, L50|
|poke|p2|Ursaluna-Bloodmoon, L50, M|
|poke|p2|Dragonite, L50, M|
|poke|p2|Sneasler, L50, M|
|teampreview|4
|showteam|p1|Gholdengo||LifeOrb|GoodasGold|ShadowBall,MakeItRain,NastyPlot,Protect||||||50|,,,,,Water]Ursaluna||FlameOrb|Guts|Facade,Earthquake,Protect,HeadlongRush|||M|||50|,,,,,Ghost]Archaludon||PowerHerb|Stamina|ElectroShot,FlashCannon,DracoMeteor,Protect|||F|||50|,,,,,Grass]Murkrow||Eviolite|Prankster|Tailwind,RainDance,FoulPlay,Haze|||F|||50|,,,,,Dark]Farigiraf||ThroatSpray|ArmorTail|HyperVoice,TrickRoom,Psychic,Protect|||F|||50|,,,,,Fairy]Palafin||MysticWater|ZerotoHero|FlipTurn,Protect,JetPunch,WaveCrash|||F|||50|,,,,,Water
|showteam|p2|Maushold||SafetyGoggles|FriendGuard|SuperFang,BeatUp,Protect,FollowMe||||||50|,,,,,Ghost]Annihilape||SitrusBerry|Defiant|RageFist,DrainPunch,Protect,BulkUp|||M|||50|,,,,,Fire]Gholdengo||LifeOrb|GoodasGold|MakeItRain,ShadowBall,Protect,NastyPlot||||||50|,,,,,Water]Ursaluna-Bloodmoon||AssaultVest|MindsEye|HyperVoice,BloodMoon,EarthPower,VacuumWave|||M|||50|,,,,,Ghost]Dragonite||LoadedDice|Multiscale|ScaleShot,Tailwind,Protect,Haze|||M|||50|,,,,,Fairy]Sneasler||FocusSash|Unburden|DireClaw,CloseCombat,Protect,ThroatChop|||M|||50|,,,,,Stellar
|inactive|Battle timer is ON: inactive players will automatically lose when time's up. (requested by WASHINGTONGARGACHA)
|
|t:|1756531416
|teamsize|p1|4
|teamsize|p2|4
|start
|switch|p1a: Farigiraf|Farigiraf, L50, F|100/100
|switch|p1b: Palafin|Palafin, L50, F|100/100
|switch|p2a: mishape|Annihilape, L50, M|100/100
|switch|p2b: mishold|Maushold, L50|100/100
|turn|1
|inactive|WASHINGTONGARGACHA has 30 seconds left.
|inactive|WASHINGTONGARGACHA has 20 seconds left.
|inactive|WASHINGTONGARGACHA has 15 seconds left.
|
|t:|1756531458
|move|p1a: Farigiraf|Protect|p1a: Farigiraf
|-singleturn|p1a: Farigiraf|Protect
|move|p2b: mishold|Beat Up|p2a: mishape
|-damage|p2a: mishape|98/100
|-damage|p2a: mishape|96/100
|-damage|p2a: mishape|94/100
|-damage|p2a: mishape|92/100
|-hitcount|p2a: mishape|4
|move|p1b: Palafin|Flip Turn|p2a: mishape
|-damage|p2a: mishape|73/100
|
|t:|1756531471
|detailschange|p1b: Palafin|Palafin-Hero, L50, F
|switch|p1b: Gholdengo|Gholdengo, L50|100/100|[from] Flip Turn
|move|p2a: mishape|Bulk Up|p2a: mishape
|-boost|p2a: mishape|atk|1
|-boost|p2a: mishape|def|1
|
|upkeep
|turn|2
|inactive|WASHINGTONGARGACHA has 30 seconds left.
|inactive|WASHINGTONGARGACHA has 20 seconds left.
|
|t:|1756531511
|move|p2b: mishold|Follow Me|p2b: mishold
|-singleturn|p2b: mishold|move: Follow Me
|move|p2a: mishape|Rage Fist|p1b: Gholdengo
|-supereffective|p1b: Gholdengo
|-damage|p1b: Gholdengo|0 fnt
|faint|p1b: Gholdengo
|move|p1a: Farigiraf|Psychic|p2b: mishold
|-damage|p2b: mishold|51/100
|
|upkeep
|
|t:|1756531523
|switch|p1b: Ursaluna|Ursaluna, L50, M|100/100
|turn|3
|
|t:|1756531547
|-terastallize|p1b: Ursaluna|Ghost
|move|p1a: Farigiraf|Protect|p1a: Farigiraf
|-singleturn|p1a: Farigiraf|Protect
|move|p2b: mishold|Super Fang|p1a: Farigiraf
|-activate|p1a: Farigiraf|move: Protect
|move|p2a: mishape|Drain Punch|p1a: Farigiraf
|-activate|p1a: Farigiraf|move: Protect
|move|p1b: Ursaluna|Earthquake|p2a: mishape|[spread] p2a,p2b
|-activate|p1a: Farigiraf|move: Protect
|-damage|p2a: mishape|48/100
|-damage|p2b: mishold|0 fnt
|-enditem|p2a: mishape|Sitrus Berry|[eat]
|-heal|p2a: mishape|73/100|[from] item: Sitrus Berry
|faint|p2b: mishold
|
|-status|p1b: Ursaluna|brn|[from] item: Flame Orb
|upkeep
|
|t:|1756531558
|switch|p2b: mishdengo|Gholdengo, L50|100/100
|turn|4
|
|t:|1756531576
|-terastallize|p2a: mishape|Fire
|move|p2a: mishape|Rage Fist|p1b: Ursaluna
|-supereffective|p1b: Ursaluna
|-damage|p1b: Ursaluna|0 fnt
|faint|p1b: Ursaluna
|move|p2b: mishdengo|Nasty Plot|p2b: mishdengo
|-boost|p2b: mishdengo|spa|2
|move|p1a: Farigiraf|Psychic|p2a: mishape
|-damage|p2a: mishape|39/100
|-unboost|p2a: mishape|spd|1
|-ability|p2a: mishape|Defiant|boost
|-boost|p2a: mishape|atk|2
|
|upkeep
|
|t:|1756531589
|switch|p1b: Palafin|Palafin-Hero, L50, F|100/100
|-activate|p1b: Palafin|ability: Zero to Hero
|turn|5
|inactive|WASHINGTONGARGACHA has 30 seconds left.
|inactive|Hemz0 0 has 30 seconds left.
|
|t:|1756531621
|move|p1b: Palafin|Wave Crash|p2b: mishdengo
|-damage|p2b: mishdengo|0 fnt
|faint|p2b: mishdengo
|-damage|p1b: Palafin|68/100|[from] Recoil
|move|p2a: mishape|Drain Punch|p1b: Palafin
|-damage|p1b: Palafin|0 fnt
|-heal|p2a: mishape|68/100|[from] drain|[of] p1b: Palafin
|faint|p1b: Palafin
|move|p1a: Farigiraf|Psychic|p2a: mishape
|-crit|p2a: mishape
|-damage|p2a: mishape|0 fnt
|faint|p2a: mishape
|
|upkeep
|
|t:|1756531632
|switch|p2b: mishaluna|Ursaluna-Bloodmoon, L50, M|100/100
|turn|6
|inactive|Hemz0 0 has 30 seconds left.
|
|t:|1756531667
|move|p2b: mishaluna|Hyper Voice|p1a: Farigiraf
|-damage|p1a: Farigiraf|58/100
|move|p1a: Farigiraf|Hyper Voice|p2b: mishaluna
|-damage|p2b: mishaluna|72/100
|-enditem|p1a: Farigiraf|Throat Spray
|-boost|p1a: Farigiraf|spa|1|[from] item: Throat Spray
|
|upkeep
|turn|7
|
|t:|1756531674
|move|p1a: Farigiraf|Protect|p1a: Farigiraf
|-singleturn|p1a: Farigiraf|Protect
|move|p2b: mishaluna|Blood Moon|p1a: Farigiraf
|-activate|p1a: Farigiraf|move: Protect
|
|upkeep
|turn|8
|
|t:|1756531683
|move|p2b: mishaluna|Hyper Voice|p1a: Farigiraf
|-damage|p1a: Farigiraf|20/100
|move|p1a: Farigiraf|Psychic|p2b: mishaluna
|-damage|p2b: mishaluna|27/100
|
|upkeep
|turn|9
|
|t:|1756531694
|move|p2b: mishaluna|Blood Moon|p1a: Farigiraf
|-damage|p1a: Farigiraf|0 fnt
|faint|p1a: Farigiraf
|
|win|Hemz0 0
