|j|☆Jun RH
|j|☆1700 for rogue
|html|Jun RH1700 for rogue    
|uhtml|bestof|Game 2 of a best-of-3
|t:|1756976288
|gametype|doubles
|player|p1|Jun RH|burglar|1126
|player|p2|1700 for rogue|scientist-gen4|1191
|gen|9
|tier|[Gen 9] VGC 2025 Reg H (Bo3)
|rated|
|rule|Species Clause: Limit one of each Pokémon
|rule|Item Clause: Limit 1 of each item
|clearpoke
|poke|p1|Gholdengo, L50|
|poke|p1|Incineroar, L50, F|
|poke|p1|Amoonguss, L50, F|
|poke|p1|Dragonite, L50, M|
|poke|p1|Garchomp, L50, M|
|poke|p1|Primarina, L50, F|
|poke|p2|Milotic, L50, M|
|poke|p2|Ceruledge, L50, F|
|poke|p2|Ninetales-Alola, L50, M|
|poke|p2|Rillaboom, L50, M|
|poke|p2|Gengar, L50, F|
|poke|p2|Kommo-o, L50, M|
|teampreview|4
|showteam|p1|Gholdengo||LifeOrb|GoodasGold|MakeItRain,ShadowBall,NastyPlot,Protect||||||50|,,,,,Water]Incineroar||SafetyGoggles|Intimidate|KnockOff,FlareBlitz,FakeOut,PartingShot|||F|||50|,,,,,Ghost]Amoonguss||CovertCloak|Regenerator|RagePowder,PollenPuff,Protect,Spore|||F|||50|,,,,,Dark]Dragonite||LoadedDice|Multiscale|ScaleShot,Tailwind,Protect,Haze|||M|||50|,,,,,Fairy]Garchomp||ClearAmulet|RoughSkin|DragonClaw,Earthquake,StompingTantrum,Protect|||M|||50|,,,,,Fire]Primarina||AssaultVest|LiquidVoice|HyperVoice,Moonblast,IcyWind,DazzlingGleam|||F|||50|,,,,,Grass
|showteam|p2|Milotic||Leftovers|Competitive|Scald,IceBeam,LifeDew,Protect|||M|||50|,,,,,Grass]Ceruledge||ClearAmulet|FlashFire|BulkUp,BitterBlade,ShadowSneak,Protect|||F|||50|,,,,,Grass]Ninetales-Alola||LightClay|SnowWarning|AuroraVeil,Blizzard,IcyWind,Protect|||M|||50|,,,,,Ghost]Rillaboom||AssaultVest|GrassySurge|WoodHammer,FakeOut,Uturn,GrassyGlide|||M|||50|,,,,,Grass]Gengar||FocusSash|CursedBody|ShadowBall,SludgeBomb,ClearSmog,Protect|||F|||50|,,,,,Ghost]Kommo-o||ThroatSpray|Bulletproof|AuraSphere,ClangingScales,ClangorousSoul,Protect|||M|||50|,,,,,Steel
|inactive|Battle timer is ON: inactive players will automatically lose when time's up. (requested by 1700 for rogue)
|inactive|Jun RH has 60 seconds left.
|inactive|1700 for rogue has 60 seconds left.
|
|t:|1756976336
|teamsize|p1|4
|teamsize|p2|4
|start
|switch|p1a: Dragonite|Dragonite, L50, M|100/100
|switch|p1b: Gholdengo|Gholdengo, L50|100/100
|switch|p2a: Gengar|Gengar, L50, F|100/100
|switch|p2b: Kommo-o|Kommo-o, L50, M|100/100
|turn|1
|inactive|Jun RH has 30 seconds left.
|
|t:|1756976371
|-terastallize|p1a: Dragonite|Fairy
|move|p1b: Gholdengo|Protect|p1b: Gholdengo
|-singleturn|p1b: Gholdengo|Protect
|move|p2a: Gengar|Sludge Bomb|p1a: Dragonite
|-supereffective|p1a: Dragonite
|-damage|p1a: Dragonite|53/100
|move|p1a: Dragonite|Scale Shot|p2a: Gengar
|-damage|p2a: Gengar|73/100
|-damage|p2a: Gengar|45/100
|-damage|p2a: Gengar|16/100
|-damage|p2a: Gengar|0 fnt
|-start|p1a: Dragonite|Disable|Scale Shot|[from] ability: Cursed Body|[of] p2a: Gengar
|faint|p2a: Gengar
|-hitcount|p2: Gengar|4
|-unboost|p1a: Dragonite|def|1
|-boost|p1a: Dragonite|spe|1
|move|p2b: Kommo-o|Clangorous Soul|p2b: Kommo-o
|-boost|p2b: Kommo-o|atk|1
|-boost|p2b: Kommo-o|def|1
|-boost|p2b: Kommo-o|spa|1
|-boost|p2b: Kommo-o|spd|1
|-boost|p2b: Kommo-o|spe|1
|-damage|p2b: Kommo-o|68/100
|-enditem|p2b: Kommo-o|Throat Spray
|-boost|p2b: Kommo-o|spa|1|[from] item: Throat Spray
|
|upkeep
|
|t:|1756976394
|switch|p2a: monke oooo|Rillaboom, L50, M|100/100
|-fieldstart|move: Grassy Terrain|[from] ability: Grassy Surge|[of] p2a: monke oooo
|turn|2
|
|t:|1756976415
|move|p1a: Dragonite|Protect|p1a: Dragonite
|-singleturn|p1a: Dragonite|Protect
|move|p2b: Kommo-o|Clanging Scales|p1b: Gholdengo|[spread] p1b
|-activate|p1a: Dragonite|move: Protect
|-resisted|p1b: Gholdengo
|-damage|p1b: Gholdengo|64/100
|-unboost|p2b: Kommo-o|def|1
|move|p1b: Gholdengo|Shadow Ball|p2a: monke oooo
|-damage|p2a: monke oooo|58/100
|-damage|p1b: Gholdengo|55/100|[from] item: Life Orb
|move|p2a: monke oooo|Wood Hammer|p1b: Gholdengo
|-resisted|p1b: Gholdengo
|-damage|p1b: Gholdengo|13/100
|-damage|p2a: monke oooo|46/100|[from] Recoil
|
|-heal|p1a: Dragonite|58/100|[from] Grassy Terrain
|-heal|p2b: Kommo-o|74/100|[from] Grassy Terrain
|-heal|p1b: Gholdengo|19/100|[from] Grassy Terrain
|-heal|p2a: monke oooo|52/100|[from] Grassy Terrain
|upkeep
|turn|3
|
|t:|1756976436
|-terastallize|p2a: monke oooo|Grass
|move|p2a: monke oooo|Grassy Glide|p1a: Dragonite
|-damage|p1a: Dragonite|0 fnt
|faint|p1a: Dragonite
|move|p2b: Kommo-o|Clanging Scales|p1b: Gholdengo
|-resisted|p1b: Gholdengo
|-damage|p1b: Gholdengo|0 fnt
|faint|p1b: Gholdengo
|-unboost|p2b: Kommo-o|def|1
|
|-heal|p2b: Kommo-o|80/100|[from] Grassy Terrain
|-heal|p2a: monke oooo|58/100|[from] Grassy Terrain
|upkeep
|
|t:|1756976449
|switch|p1a: Primarina|Primarina, L50, F|100/100
|switch|p1b: Incineroar|Incineroar, L50, F|100/100
|-ability|p1b: Incineroar|Intimidate|boost
|-unboost|p2a: monke oooo|atk|1
|-unboost|p2b: Kommo-o|atk|1
|turn|4
|
|t:|1756976471
|switch|p2a: Milotic|Milotic, L50, M|100/100
|move|p2b: Kommo-o|Protect|p2b: Kommo-o
|-singleturn|p2b: Kommo-o|Protect
|move|p1b: Incineroar|Fake Out|p2a: Milotic
|-damage|p2a: Milotic|90/100
|move|p1a: Primarina|Dazzling Gleam|p2b: Kommo-o|[spread] p2a
|-activate|p2b: Kommo-o|move: Protect
|-damage|p2a: Milotic|66/100
|
|-heal|p2b: Kommo-o|86/100|[from] Grassy Terrain
|-heal|p2a: Milotic|72/100|[from] Grassy Terrain
|-heal|p2a: Milotic|78/100|[from] item: Leftovers
|upkeep
|turn|5
|inactive|Jun RH has 30 seconds left.
|
|t:|1756976505
|move|p2b: Kommo-o|Aura Sphere|p1b: Incineroar
|-supereffective|p1b: Incineroar
|-damage|p1b: Incineroar|0 fnt
|faint|p1b: Incineroar
|move|p2a: Milotic|Scald|p1a: Primarina
|-resisted|p1a: Primarina
|-damage|p1a: Primarina|89/100
|-status|p1a: Primarina|brn
|move|p1a: Primarina|Dazzling Gleam|p2b: Kommo-o|[spread] p2a,p2b
|-supereffective|p2b: Kommo-o
|-damage|p2a: Milotic|52/100
|-damage|p2b: Kommo-o|18/100
|
|-heal|p2b: Kommo-o|24/100|[from] Grassy Terrain
|-heal|p2a: Milotic|58/100|[from] Grassy Terrain
|-heal|p2a: Milotic|64/100|[from] item: Leftovers
|-heal|p1a: Primarina|95/100 brn|[from] Grassy Terrain
|-damage|p1a: Primarina|89/100 brn|[from] brn
|upkeep
|turn|6
|
|t:|1756976522
|move|p2b: Kommo-o|Aura Sphere|p1a: Primarina
|-resisted|p1a: Primarina
|-damage|p1a: Primarina|70/100 brn
|move|p2a: Milotic|Scald|p1a: Primarina
|-resisted|p1a: Primarina
|-damage|p1a: Primarina|59/100 brn
|move|p1a: Primarina|Dazzling Gleam|p2b: Kommo-o|[spread] p2a,p2b
|-supereffective|p2b: Kommo-o
|-damage|p2a: Milotic|41/100
|-damage|p2b: Kommo-o|0 fnt
|faint|p2b: Kommo-o
|
|-heal|p2a: Milotic|47/100|[from] Grassy Terrain
|-heal|p2a: Milotic|52/100|[from] item: Leftovers
|-heal|p1a: Primarina|65/100 brn|[from] Grassy Terrain
|-damage|p1a: Primarina|59/100 brn|[from] brn
|-fieldend|move: Grassy Terrain
|upkeep
|
|t:|1756976537
|switch|p2b: monke oooo|Rillaboom, L50, M, tera:Grass|58/100
|-fieldstart|move: Grassy Terrain|[from] ability: Grassy Surge|[of] p2b: monke oooo
|turn|7
|
|t:|1756976545
|move|p2b: monke oooo|Grassy Glide|p1a: Primarina
|-supereffective|p1a: Primarina
|-damage|p1a: Primarina|0 fnt
|faint|p1a: Primarina
|
|win|1700 for rogue
|raw|Jun RH's rating: 1126 → 1106(-20 for losing)
|raw|1700 for rogue's rating: 1191 → 1211(+20 for winning)
