|j|☆parmesanlugubre206
|j|‽Informtech
|html|parmesanlugubre206Informtech    
|uhtml|bestof|Game 3 of a best-of-3
|t:|1783363215
|gametype|doubles
|player|p1|parmesanlugubre206|ethan|1244
|player|p2|Informtech|1|1212
|gen|9
|tier|[Gen 9 Champions] VGC 2026 Reg M-B (Bo3)
|rated|
|rule|Species Clause: Limit one of each Pokémon
|rule|Item Clause: Limit 1 of each item
|clearpoke
|poke|p1|Floette-Eternal, L50, F|
|poke|p1|Kingambit, L50, F|
|poke|p1|Talonflame, L50, F|
|poke|p1|Basculegion, L50, M|
|poke|p1|Sinistcha, L50|
|poke|p1|Garchomp, L50, M|
|poke|p2|Staraptor, L50, F|
|poke|p2|Whimsicott, L50, M|
|poke|p2|Basculegion, L50, M|
|poke|p2|Garchomp, L50, M|
|poke|p2|Charizard, L50, M|
|poke|p2|Kingambit, L50, F|
|teampreview|4
|showteam|p1|Floette-Eternal||Floettite|FlowerVeil|Moonblast,CalmMind,DazzlingGleam,Protect|Modest||F|||50|]Kingambit||ChopleBerry|Defiant|KowtowCleave,SuckerPunch,SwordsDance,Protect|Adamant||F|||50|]Talonflame||FocusSash|GaleWings|BraveBird,FlareBlitz,Tailwind,Protect|Adamant||F|||50|]Basculegion||ChoiceScarf|Adaptability|WaveCrash,LastRespects,FlipTurn,AquaJet|Adamant||M|||50|]Sinistcha||SitrusBerry|Hospitality|MatchaGotcha,RagePowder,TrickRoom,Protect|Modest|||||50|]Garchomp||LifeOrb|SandVeil|RockSlide,Earthquake,DragonClaw,Protect|Jolly||M|||50|
|showteam|p2|Staraptor||Staraptite|Intimidate|CloseCombat,BraveBird,Protect,Roost|Adamant||F|||50|]Whimsicott||FocusSash|Prankster|Tailwind,TrickRoom,Moonblast,Tickle|Quiet||M|||50|]Basculegion||SitrusBerry|Adaptability|LastRespects,Protect,AquaJet,WaveCrash|Jolly||M|||50|]Garchomp||LifeOrb|RoughSkin|DragonClaw,RockSlide,Earthquake,Protect|Adamant||M|||50|]Charizard||CharizarditeY|SolarPower|HeatWave,AirSlash,SolarBeam,Protect|Modest||M|||50|]Kingambit||BlackGlasses|Defiant|KowtowCleave,SuckerPunch,Protect,IronHead|Adamant||F|||50|
|inactive|Battle timer is ON: inactive players will automatically lose when time's up. (requested by parmesanlugubre206)
|
|t:|1783363237
|teamsize|p1|4
|teamsize|p2|4
|start
|switch|p1a: Floette|Floette-Eternal, L50, F|100/100
|switch|p1b: Talonflame|Talonflame, L50, F|100/100
|switch|p2a: Whimsicott|Whimsicott, L50, M|100/100
|switch|p2b: Garchomp|Garchomp, L50, M|100/100
|turn|1
|inactive|Informtech has 30 seconds left.
|
|t:|1783363268
|switch|p2a: Kingambit|Kingambit, L50, F|100/100
|detailschange|p1a: Floette|Floette-Mega, L50, F
|-mega|p1a: Floette|Floette|Floettite
|-ability|p1a: Floette|Fairy Aura
|move|p1b: Talonflame|Protect|p1b: Talonflame
|-singleturn|p1b: Talonflame|Protect
|move|p1a: Floette|Calm Mind|p1a: Floette
|-boost|p1a: Floette|spa|1
|-boost|p1a: Floette|spd|1
|move|p2b: Garchomp|Rock Slide|p1b: Talonflame|[spread] p1a
|-activate|p1b: Talonflame|move: Protect
|-damage|p1a: Floette|72/100
|-damage|p2b: Garchomp|90/100|[from] item: Life Orb
|
|upkeep
|turn|2
|inactive|Informtech has 30 seconds left.
|
|t:|1783363298
|move|p2a: Kingambit|Protect|p2a: Kingambit
|-singleturn|p2a: Kingambit|Protect
|move|p1b: Talonflame|Flare Blitz|p2a: Kingambit
|-activate|p2a: Kingambit|move: Protect
|move|p1a: Floette|Dazzling Gleam|p2a: Kingambit|[spread] p2b
|-activate|p2a: Kingambit|move: Protect
|-supereffective|p2b: Garchomp|1
|-damage|p2b: Garchomp|0 fnt
|faint|p2b: Garchomp
|
|upkeep
|
|t:|1783363309
|switch|p2b: Whimsicott|Whimsicott, L50, M|100/100
|turn|3
|
|t:|1783363317
|switch|p2a: Staraptor|Staraptor, L50, F|100/100
|-ability|p2a: Staraptor|Intimidate|boost
|-unboost|p1a: Floette|atk|1
|-unboost|p1b: Talonflame|atk|1
|move|p1a: Floette|Protect|p1a: Floette
|-singleturn|p1a: Floette|Protect
|move|p1b: Talonflame|Tailwind|p1b: Talonflame
|-sidestart|p1: parmesanlugubre206|move: Tailwind
|move|p2b: Whimsicott|Trick Room|p2b: Whimsicott
|-fieldstart|move: Trick Room|[of] p2b: Whimsicott
|
|upkeep
|turn|4
|
|t:|1783363341
|switch|p1a: Garchomp|Garchomp, L50, M|100/100
|detailschange|p2a: Staraptor|Staraptor-Mega, L50, F
|-mega|p2a: Staraptor|Staraptor|Staraptite
|move|p2b: Whimsicott|Tickle|p1a: Garchomp
|-unboost|p1a: Garchomp|atk|1
|-unboost|p1a: Garchomp|def|1
|move|p1b: Talonflame|Brave Bird|p2a: Staraptor
|-supereffective|p2a: Staraptor|1
|-damage|p2a: Staraptor|37/100
|-damage|p1b: Talonflame|74/100|[from] Recoil
|move|p2a: Staraptor|Brave Bird|p1a: Garchomp
|-damage|p1a: Garchomp|0 fnt
|faint|p1a: Garchomp
|-damage|p2a: Staraptor|5/100|[from] Recoil
|
|upkeep
|
|t:|1783363351
|switch|p1a: Sinistcha|Sinistcha, L50|100/100
|-heal|p1b: Talonflame|98/100|[from] ability: Hospitality|[of] p1a: Sinistcha
|turn|5
|
|t:|1783363365
|move|p2b: Whimsicott|Moonblast|p1b: Talonflame
|-resisted|p1b: Talonflame|1
|-damage|p1b: Talonflame|66/100
|move|p2a: Staraptor|Roost|p2a: Staraptor
|-heal|p2a: Staraptor|55/100
|-singleturn|p2a: Staraptor|move: Roost
|move|p1a: Sinistcha|Matcha Gotcha|p2a: Staraptor|[spread] p2a,p2b
|-resisted|p2b: Whimsicott|1
|-damage|p2a: Staraptor|27/100
|-damage|p2b: Whimsicott|82/100
|move|p1b: Talonflame|Flare Blitz|p2b: Whimsicott
|-supereffective|p2b: Whimsicott|1
|-damage|p2b: Whimsicott|0 fnt
|faint|p2b: Whimsicott
|-damage|p1b: Talonflame|37/100|[from] Recoil
|
|upkeep
|
|t:|1783363375
|switch|p2b: Kingambit|Kingambit, L50, F|100/100
|turn|6
|
|t:|1783363387
|move|p1a: Sinistcha|Protect|p1a: Sinistcha
|-singleturn|p1a: Sinistcha|Protect
|move|p2b: Kingambit|Sucker Punch||[still]
|-fail|p2b: Kingambit
|move|p2a: Staraptor|Close Combat|p1b: Talonflame
|-resisted|p1b: Talonflame|1
|-damage|p1b: Talonflame|0 fnt
|-boost|p2a: Staraptor|def|1
|-boost|p2a: Staraptor|spd|1
|faint|p1b: Talonflame
|
|-sideend|p1: parmesanlugubre206|move: Tailwind
|upkeep
|
|t:|1783363393
|switch|p1b: Floette|Floette-Mega, L50, F|72/100
|-ability|p1b: Floette|Fairy Aura
|turn|7
|
|t:|1783363410
|move|p1a: Sinistcha|Protect||[still]
|-fail|p1a: Sinistcha
|move|p1b: Floette|Protect|p1b: Floette
|-singleturn|p1b: Floette|Protect
|move|p2b: Kingambit|Kowtow Cleave|p1a: Sinistcha
|-supereffective|p1a: Sinistcha|1
|-damage|p1a: Sinistcha|0 fnt
|faint|p1a: Sinistcha
|move|p2a: Staraptor|Brave Bird|p1b: Floette
|-activate|p1b: Floette|move: Protect
|
|-fieldend|move: Trick Room
|upkeep
|turn|8
|
|t:|1783363426
|move|p2a: Staraptor|Protect|p2a: Staraptor
|-singleturn|p2a: Staraptor|Protect
|move|p1b: Floette|Dazzling Gleam|p2a: Staraptor|[spread] p2b
|-activate|p2a: Staraptor|move: Protect
|-crit|p2b: Kingambit
|-damage|p2b: Kingambit|33/100
|move|p2b: Kingambit|Iron Head|p1b: Floette
|-supereffective|p1b: Floette|1
|-damage|p1b: Floette|0 fnt
|faint|p1b: Floette
|
|win|Informtech
|raw|parmesanlugubre206's rating: 1244 → 1217(-27 for losing)
|raw|Informtech's rating: 1212 → 1239(+27 for winning)
|l|☆parmesanlugubre206
|player|p1|
