|j|☆farangjake
|j|☆sleepykittybun
|html|farangjakesleepykittybun    
|uhtml|bestof|Game 2 of a best-of-3
|t:|1783191197
|gametype|doubles
|player|p1|farangjake|hilbert|
|player|p2|sleepykittybun|candice|
|gen|9
|tier|[Gen 9 Champions] VGC 2026 Reg M-B (Bo3)
|rule|Species Clause: Limit one of each Pokémon
|rule|Item Clause: Limit 1 of each item
|clearpoke
|poke|p1|Charizard, L50, F|
|poke|p1|Whimsicott, L50, M|
|poke|p1|Basculegion, L50, M|
|poke|p1|Garchomp, L50, F|
|poke|p1|Sylveon, L50, F, shiny|
|poke|p1|Farigiraf, L50, M|
|poke|p2|Delphox, L50, F, shiny|
|poke|p2|Torkoal, L50, M|
|poke|p2|Venusaur, L50, F|
|poke|p2|Garchomp, L50, M|
|poke|p2|Klefki, L50, F|
|poke|p2|Rotom-Wash, L50|
|teampreview|4
|showteam|p1|Charizard||CharizarditeY|Blaze|SolarBeam,Overheat,HeatWave,Protect|Timid||F|||50|]Whimsicott||FocusSash|Prankster|Moonblast,SunnyDay,Encore,Tailwind|Timid||M|||50|]Basculegion||ChoiceScarf|Adaptability|WaveCrash,LastRespects,FlipTurn,AquaJet|Jolly||M|||50|]Garchomp||Garchompite|RoughSkin|DragonClaw,Earthquake,Protect,RockSlide|Jolly||F|||50|]Sylveon||FairyFeather|Pixilate|QuickAttack,HyperVoice,HyperBeam,Protect|Bold||F|||50|]Farigiraf||SitrusBerry|ArmorTail|TwinBeam,Protect,TrickRoom,HelpingHand|Bold||M|||50|
|showteam|p2|Delphox||Delphoxite|Blaze|HeatWave,Psyshock,NastyPlot,Protect|Timid||F|||50|]Torkoal||Charcoal|Drought|Eruption,HelpingHand,Protect,WeatherBall|Quiet||M|||50|]Venusaur||Venusaurite|Chlorophyll|GigaDrain,SludgeBomb,EarthPower,Protect|Modest||F|||50|]Garchomp||LifeOrb|RoughSkin|Earthquake,DragonClaw,RockSlide,Protect|Jolly||M|||50|]Klefki||LightClay|Prankster|TrickRoom,SunnyDay,LightScreen,Reflect|Bold||F|||50|]Rotom-Wash||Leftovers|Levitate|Thunderbolt,HydroPump,Electroweb,WillOWisp|Calm|||||50|
|
|t:|1783191270
|teamsize|p1|4
|teamsize|p2|4
|start
|switch|p1a: Garchomp|Garchomp, L50, F|100/100
|switch|p1b: Sylveon|Sylveon, L50, F, shiny|100/100
|switch|p2a: Torkoal|Torkoal, L50, M|100/100
|switch|p2b: Klefki|Klefki, L50, F|100/100
|-weather|SunnyDay|[from] ability: Drought|[of] p2a: Torkoal
|turn|1
|inactive|Battle timer is ON: inactive players will automatically lose when time's up. (requested by farangjake)
|
|t:|1783191312
|switch|p1b: Charizard|Charizard, L50, F|100/100
|move|p2a: Torkoal|Protect|p2a: Torkoal
|-singleturn|p2a: Torkoal|Protect
|move|p1a: Garchomp|Earthquake|p2a: Torkoal|[spread] p2b
|-activate|p2a: Torkoal|move: Protect
|-immune|p1b: Charizard
|-supereffective|p2b: Klefki|1
|-damage|p2b: Klefki|26/100
|move|p2b: Klefki|Trick Room|p2b: Klefki
|-fieldstart|move: Trick Room|[of] p2b: Klefki
|
|-weather|SunnyDay|[upkeep]
|upkeep
|turn|2
|inactive|farangjake has 30 seconds left.
|inactive|sleepykittybun has 30 seconds left.
|
|t:|1783191340
|detailschange|p1a: Garchomp|Garchomp-Mega, L50, F
|-mega|p1a: Garchomp|Garchomp|Garchompite
|move|p2b: Klefki|Reflect|p2b: Klefki
|-sidestart|p2: sleepykittybun|Reflect
|move|p2a: Torkoal|Eruption|p1b: Charizard|[spread] p1a,p1b
|-resisted|p1a: Garchomp|1
|-resisted|p1b: Charizard|1
|-damage|p1a: Garchomp|57/100
|-damage|p1b: Charizard|47/100
|move|p1a: Garchomp|Earthquake|p2a: Torkoal|[spread] p2a,p2b
|-immune|p1b: Charizard
|-supereffective|p2a: Torkoal|1
|-supereffective|p2b: Klefki|1
|-damage|p2a: Torkoal|51/100
|-damage|p2b: Klefki|0 fnt
|faint|p2b: Klefki
|move|p1b: Charizard|Heat Wave|p2a: Torkoal
|-resisted|p2a: Torkoal|1
|-damage|p2a: Torkoal|6/100
|
|-weather|SunnyDay|[upkeep]
|upkeep
|
|t:|1783191356
|switch|p2b: Venusaur|Venusaur, L50, F|100/100
|turn|3
|
|t:|1783191366
|detailschange|p2b: Venusaur|Venusaur-Mega, L50, F
|-mega|p2b: Venusaur|Venusaur|Venusaurite
|move|p1a: Garchomp|Protect|p1a: Garchomp
|-singleturn|p1a: Garchomp|Protect
|move|p1b: Charizard|Protect|p1b: Charizard
|-singleturn|p1b: Charizard|Protect
|move|p2a: Torkoal|Weather Ball|p1b: Charizard
|-activate|p1b: Charizard|move: Protect
|move|p2b: Venusaur|Giga Drain|p1a: Garchomp
|-activate|p1a: Garchomp|move: Protect
|
|-weather|SunnyDay|[upkeep]
|upkeep
|turn|4
|
|t:|1783191384
|switch|p1b: Basculegion|Basculegion, L50, M|100/100
|move|p2a: Torkoal|Weather Ball|p1b: Basculegion
|-resisted|p1b: Basculegion|1
|-damage|p1b: Basculegion|54/100
|move|p2b: Venusaur|Giga Drain|p1a: Garchomp
|-damage|p1a: Garchomp|13/100
|move|p1a: Garchomp|Rock Slide|p2b: Venusaur|[spread] p2a,p2b
|-supereffective|p2a: Torkoal|1
|-damage|p2a: Torkoal|0 fnt
|-damage|p2b: Venusaur|87/100
|faint|p2a: Torkoal
|
|-weather|SunnyDay|[upkeep]
|upkeep
|
|t:|1783191397
|switch|p2a: Garchomp|Garchomp, L50, M|100/100
|turn|5
|
|t:|1783191414
|switch|p1b: Charizard|Charizard, L50, F|47/100
|move|p2a: Garchomp|Protect|p2a: Garchomp
|-singleturn|p2a: Garchomp|Protect
|move|p2b: Venusaur|Giga Drain|p1b: Charizard
|-resisted|p1b: Charizard|2
|-damage|p1b: Charizard|34/100
|-heal|p2b: Venusaur|93/100|[from] drain|[of] p1b: Charizard
|move|p1a: Garchomp|Dragon Claw|p2a: Garchomp
|-activate|p2a: Garchomp|move: Protect
|
|-weather|none
|-fieldend|move: Trick Room
|upkeep
|turn|6
|
|t:|1783191435
|move|p2a: Garchomp|Rock Slide|p1b: Charizard|[spread] p1b
|-miss|p2a: Garchomp|p1a: Garchomp
|-supereffective|p1b: Charizard|2
|-damage|p1b: Charizard|0 fnt
|faint|p1b: Charizard
|-damage|p2a: Garchomp|90/100|[from] item: Life Orb
|move|p1a: Garchomp|Dragon Claw|p2a: Garchomp
|-supereffective|p2a: Garchomp|1
|-damage|p2a: Garchomp|24/100
|-damage|p1a: Garchomp|1/100|[from] ability: Rough Skin|[of] p2a: Garchomp
|move|p2b: Venusaur|Sludge Bomb|p1a: Garchomp
|-resisted|p1a: Garchomp|1
|-damage|p1a: Garchomp|0 fnt
|faint|p1a: Garchomp
|
|upkeep
|
|t:|1783191449
|switch|p1b: Sylveon|Sylveon, L50, F, shiny|100/100
|switch|p1a: Basculegion|Basculegion, L50, M|54/100
|turn|7
|
|t:|1783191460
|move|p2a: Garchomp|Protect|p2a: Garchomp
|-singleturn|p2a: Garchomp|Protect
|move|p1b: Sylveon|Quick Attack|p2a: Garchomp
|-activate|p2a: Garchomp|move: Protect
|move|p1a: Basculegion|Last Respects|p2b: Venusaur
|-crit|p2b: Venusaur
|-damage|p2b: Venusaur|0 fnt
|faint|p2b: Venusaur
|
|upkeep
|turn|8
|
|t:|1783191470
|move|p1a: Basculegion|Last Respects|p2a: Garchomp
|-damage|p2a: Garchomp|0 fnt
|faint|p2a: Garchomp
|
|win|farangjake
