|j|☆Rockslap
|j|☆RayGarraty47
|html|RockslapRayGarraty47    
|uhtml|bestof|Game 2 of a best-of-3
|t:|1756421270
|gametype|doubles
|player|p1|Rockslap|170|1218
|player|p2|RayGarraty47|169|1216
|gen|9
|tier|[Gen 9] VGC 2025 Reg H (Bo3)
|rated|
|rule|Species Clause: Limit one of each Pokémon
|rule|Item Clause: Limit 1 of each item
|clearpoke
|poke|p1|Kommo-o, L50, M|
|poke|p1|Golduck, L50, F|
|poke|p1|Incineroar, L50, F|
|poke|p1|Rillaboom, L50, F|
|poke|p1|Volcarona, L50, F|
|poke|p1|Amoonguss, L50, M|
|poke|p2|Ursaluna, L50, M|
|poke|p2|Gholdengo, L50|
|poke|p2|Incineroar, L50, F|
|poke|p2|Amoonguss, L50, F|
|poke|p2|Porygon2, L50|
|poke|p2|Hydreigon, L50, F|
|teampreview|4
|showteam|p1|Kommo-o||ThroatSpray|Soundproof|ClangingScales,FlashCannon,ClangorousSoul,Protect|||M|||50|,,,,,Steel]Golduck||CovertCloak|CloudNine|Encore,IcyWind,Taunt,SimpleBeam|||F|||50|,,,,,Ghost]Incineroar||SafetyGoggles|Intimidate|FakeOut,KnockOff,PartingShot,FlareBlitz|||F|||50|,,,,,Bug]Rillaboom||AssaultVest|GrassySurge|FakeOut,WoodHammer,GrassyGlide,HighHorsepower|||F|||50|,,,,,Water]Volcarona||SitrusBerry|FlameBody|QuiverDance,HeatWave,GigaDrain,Protect|||F|||50|,,,,,Grass]Amoonguss||RockyHelmet|Regenerator|PollenPuff,RagePowder,ClearSmog,Spore|||M|||50|,,,,,Water
|showteam|p2|Ursaluna||FlameOrb|Guts|Facade,HeadlongRush,Earthquake,Protect|||M|||50|,,,,,Ghost]Gholdengo||IronPlate|GoodasGold|MakeItRain,ShadowBall,NastyPlot,Protect||||||50|,,,,,Water]Incineroar||SitrusBerry|Intimidate|FlareBlitz,KnockOff,FakeOut,PartingShot|||F|||50|,,,,,Ghost]Amoonguss||CovertCloak|Regenerator|Spore,RagePowder,PollenPuff,Protect|||F|||50|,,,,,Psychic]Porygon2||Eviolite|Download|TeraBlast,IceBeam,Recover,TrickRoom||||||50|,,,,,Fighting]Hydreigon||SafetyGoggles|Levitate|DracoMeteor,Snarl,Tailwind,Protect|||F|||50|,,,,,Ghost
|inactive|Battle timer is ON: inactive players will automatically lose when time's up. (requested by RayGarraty47)
|inactiveoff|Battle timer is now OFF.
|
|t:|1756421384
|teamsize|p1|4
|teamsize|p2|4
|start
|switch|p1a: Incineroar|Incineroar, L50, F|100/100
|switch|p1b: Volcarona|Volcarona, L50, F|100/100
|switch|p2a: Incineroar|Incineroar, L50, F|100/100
|switch|p2b: Amoonguss|Amoonguss, L50, F|100/100
|-ability|p2a: Incineroar|Intimidate|boost
|-unboost|p1a: Incineroar|atk|1
|-unboost|p1b: Volcarona|atk|1
|-ability|p1a: Incineroar|Intimidate|boost
|-unboost|p2a: Incineroar|atk|1
|-unboost|p2b: Amoonguss|atk|1
|turn|1
|l|☆RayGarraty47
|player|p2|
|j|☆RayGarraty47
|player|p2|RayGarraty47|169|
|inactive|Battle timer is ON: inactive players will automatically lose when time's up. (requested by RayGarraty47)
|inactive|Rockslap has 30 seconds left.
|
|t:|1756421432
|switch|p2b: Porygon2|Porygon2, L50|100/100
|-ability|p2b: Porygon2|Download|boost
|-boost|p2b: Porygon2|atk|1
|-terastallize|p1b: Volcarona|Grass
|move|p2a: Incineroar|Fake Out|p1a: Incineroar
|-damage|p1a: Incineroar|93/100
|move|p1b: Volcarona|Quiver Dance|p1b: Volcarona
|-boost|p1b: Volcarona|spa|1
|-boost|p1b: Volcarona|spd|1
|-boost|p1b: Volcarona|spe|1
|cant|p1a: Incineroar|flinch
|
|upkeep
|turn|2
|l|☆RayGarraty47
|inactive|RayGarraty47 disconnected and has a minute to reconnect!
|player|p2|
|j|☆RayGarraty47
|inactive|RayGarraty47 reconnected and has 45 seconds left.
|player|p2|RayGarraty47|169|
|inactive|Rockslap has 30 seconds left.
|
|t:|1756421457
|move|p1b: Volcarona|Heat Wave|p2a: Incineroar|[spread] p2a,p2b
|-resisted|p2a: Incineroar
|-damage|p2a: Incineroar|73/100
|-damage|p2b: Porygon2|68/100
|move|p2a: Incineroar|Parting Shot|p1b: Volcarona
|-unboost|p1b: Volcarona|atk|1
|-unboost|p1b: Volcarona|spa|1
|
|t:|1756421465
|switch|p2a: Ursaluna|Ursaluna, L50, M|100/100|[from] Parting Shot
|move|p1a: Incineroar|Parting Shot|p2a: Ursaluna
|-unboost|p2a: Ursaluna|atk|1
|-unboost|p2a: Ursaluna|spa|1
|
|t:|1756421473
|switch|p1a: Kommo-o|Kommo-o, L50, M, shiny|100/100|[from] Parting Shot
|move|p2b: Porygon2|Trick Room|p2b: Porygon2
|-fieldstart|move: Trick Room|[of] p2b: Porygon2
|
|-status|p2a: Ursaluna|brn|[from] item: Flame Orb
|upkeep
|turn|3
|l|☆RayGarraty47
|inactive|RayGarraty47 disconnected and has a minute to reconnect!
|player|p2|
|j|☆RayGarraty47
|inactive|RayGarraty47 reconnected and has 45 seconds left.
|player|p2|RayGarraty47|169|
|
|t:|1756421497
|switch|p1a: Incineroar|Incineroar, L50, F|93/100
|-ability|p1a: Incineroar|Intimidate|boost
|-unboost|p2a: Ursaluna|atk|1
|-unboost|p2b: Porygon2|atk|1
|move|p1b: Volcarona|Protect|p1b: Volcarona
|-singleturn|p1b: Volcarona|Protect
|move|p2b: Porygon2|Ice Beam|p1a: Incineroar
|-resisted|p1a: Incineroar
|-damage|p1a: Incineroar|81/100
|move|p2a: Ursaluna|Facade|p1a: Incineroar
|-damage|p1a: Incineroar|24/100
|
|-damage|p2a: Ursaluna|95/100 brn|[from] brn
|upkeep
|turn|4
|inactive|Rockslap has 30 seconds left.
|
|t:|1756421525
|switch|p2a: Incineroar|Incineroar, L50, F|73/100
|-ability|p2a: Incineroar|Intimidate|boost
|-unboost|p1a: Incineroar|atk|1
|-unboost|p1b: Volcarona|atk|1
|move|p2b: Porygon2|Tera Blast|p1a: Incineroar
|-damage|p1a: Incineroar|0 fnt
|faint|p1a: Incineroar
|move|p1b: Volcarona|Heat Wave|p2a: Incineroar|[spread] p2a,p2b
|-resisted|p2a: Incineroar
|-damage|p2a: Incineroar|55/100
|-damage|p2b: Porygon2|45/100
|
|upkeep
|
|t:|1756421534
|switch|p1a: Kommo-o|Kommo-o, L50, M, shiny|100/100
|turn|5
|
|t:|1756421545
|switch|p1b: Golduck|Golduck, L50, F|100/100
|-ability|p1b: Golduck|Cloud Nine
|move|p1a: Kommo-o|Protect|p1a: Kommo-o
|-singleturn|p1a: Kommo-o|Protect
|move|p2a: Incineroar|Fake Out|p1a: Kommo-o
|-activate|p1a: Kommo-o|move: Protect
|move|p2b: Porygon2|Ice Beam|p1a: Kommo-o
|-activate|p1a: Kommo-o|move: Protect
|
|upkeep
|turn|6
|
|t:|1756421574
|switch|p1a: Volcarona|Volcarona, L50, F, tera:Grass|100/100
|move|p2b: Porygon2|Ice Beam|p1a: Volcarona
|-supereffective|p1a: Volcarona
|-damage|p1a: Volcarona|49/100
|-enditem|p1a: Volcarona|Sitrus Berry|[eat]
|-heal|p1a: Volcarona|73/100|[from] item: Sitrus Berry
|move|p2a: Incineroar|Knock Off|p1a: Volcarona
|-damage|p1a: Volcarona|40/100
|move|p1b: Golduck|Encore|p2b: Porygon2
|-start|p2b: Porygon2|Encore
|
|-fieldend|move: Trick Room
|upkeep
|turn|7
|
|t:|1756421597
|move|p1b: Golduck|Taunt|p2a: Incineroar
|-start|p2a: Incineroar|move: Taunt
|move|p1a: Volcarona|Heat Wave|p2b: Porygon2|[spread] p2a
|-miss|p1a: Volcarona|p2b: Porygon2
|-resisted|p2a: Incineroar
|-damage|p2a: Incineroar|37/100
|-enditem|p2a: Incineroar|Sitrus Berry|[eat]
|-heal|p2a: Incineroar|62/100|[from] item: Sitrus Berry
|move|p2a: Incineroar|Flare Blitz|p1a: Volcarona
|-supereffective|p1a: Volcarona
|-crit|p1a: Volcarona
|-damage|p1a: Volcarona|0 fnt
|faint|p1a: Volcarona
|-damage|p2a: Incineroar|50/100|[from] Recoil
|move|p2b: Porygon2|Ice Beam|p1b: Golduck
|-resisted|p1b: Golduck
|-damage|p1b: Golduck|82/100
|
|upkeep
|
|t:|1756421603
|switch|p1a: Kommo-o|Kommo-o, L50, M, shiny|100/100
|turn|8
|
|t:|1756421617
|move|p1b: Golduck|Simple Beam|p1a: Kommo-o
|-ability|p1a: Kommo-o|Simple|Soundproof|[from] move: Simple Beam
|move|p1a: Kommo-o|Clangorous Soul|p1a: Kommo-o
|-boost|p1a: Kommo-o|atk|2
|-boost|p1a: Kommo-o|def|2
|-boost|p1a: Kommo-o|spa|2
|-boost|p1a: Kommo-o|spd|2
|-boost|p1a: Kommo-o|spe|2
|-damage|p1a: Kommo-o|68/100
|-enditem|p1a: Kommo-o|Throat Spray
|-boost|p1a: Kommo-o|spa|2|[from] item: Throat Spray
|move|p2a: Incineroar|Knock Off|p1a: Kommo-o
|-resisted|p1a: Kommo-o
|-damage|p1a: Kommo-o|60/100
|move|p2b: Porygon2|Ice Beam|p1a: Kommo-o
|-supereffective|p1a: Kommo-o
|-damage|p1a: Kommo-o|30/100
|
|upkeep
|turn|9
|inactive|RayGarraty47 has 30 seconds left.
|
|t:|1756421648
|switch|p2a: Amoonguss|Amoonguss, L50, F|100/100
|move|p1a: Kommo-o|Clanging Scales|p2b: Porygon2|[spread] p2a,p2b
|-damage|p2a: Amoonguss|14/100
|-damage|p2b: Porygon2|0 fnt
|faint|p2b: Porygon2
|-unboost|p1a: Kommo-o|def|2
|move|p1b: Golduck|Icy Wind|p2a: Amoonguss
|-supereffective|p2a: Amoonguss
|-crit|p2a: Amoonguss
|-damage|p2a: Amoonguss|0 fnt
|faint|p2a: Amoonguss
|
|upkeep
|
|t:|1756421650
|switch|p2b: Incineroar|Incineroar, L50, F|50/100
|switch|p2a: Ursaluna|Ursaluna, L50, M|95/100 brn
|-ability|p2b: Incineroar|Intimidate|boost
|-unboost|p1a: Kommo-o|atk|2
|-unboost|p1b: Golduck|atk|1
|turn|10
|
|t:|1756421675
|move|p1a: Kommo-o|Protect|p1a: Kommo-o
|-singleturn|p1a: Kommo-o|Protect
|move|p2b: Incineroar|Fake Out|p1b: Golduck
|-damage|p1b: Golduck|71/100
|move|p1b: Golduck|Icy Wind|p2a: Ursaluna|[spread] p2a,p2b
|-supereffective|p2a: Ursaluna
|-resisted|p2b: Incineroar
|-damage|p2a: Ursaluna|74/100 brn
|-damage|p2b: Incineroar|45/100
|-unboost|p2a: Ursaluna|spe|1
|-unboost|p2b: Incineroar|spe|1
|move|p2a: Ursaluna|Facade|p1b: Golduck
|-crit|p1b: Golduck
|-damage|p1b: Golduck|0 fnt
|faint|p1b: Golduck
|
|-damage|p2a: Ursaluna|68/100 brn|[from] brn
|upkeep
|turn|11
|
|t:|1756421687
|move|p1a: Kommo-o|Clanging Scales|p2a: Ursaluna|[spread] p2a,p2b
|-damage|p2a: Ursaluna|0 fnt
|-damage|p2b: Incineroar|0 fnt
|faint|p2a: Ursaluna
|faint|p2b: Incineroar
|
|win|Rockslap
||RayGarraty47 is ready for game 3.
||Rockslap is ready for game 3.
|uhtml|next|Next: Game 3 of 3
|l|☆RayGarraty47
|player|p2|
