|j|☆floettefan670
|j|☆CaldoDePatas
|html|floettefan670CaldoDePatas    
|uhtml|bestof|Game 1 of a best-of-3
|t:|1783870314
|gametype|doubles
|player|p1|floettefan670|miku-psychic|1135
|player|p2|CaldoDePatas|sage|1128
|gen|9
|tier|[Gen 9 Champions] VGC 2026 Reg M-B (Bo3)
|rated|
|rule|Species Clause: Limit one of each Pokémon
|rule|Item Clause: Limit 1 of each item
|clearpoke
|poke|p1|Floette-Eternal, L50, F|
|poke|p1|Delphox, L50, M|
|poke|p1|Garchomp, L50, M|
|poke|p1|Sneasler, L50, M|
|poke|p1|Sinistcha, L50|
|poke|p1|Incineroar, L50, M|
|poke|p2|Torkoal, L50, M|
|poke|p2|Sylveon, L50, M|
|poke|p2|Farigiraf, L50, F|
|poke|p2|Mawile, L50, F|
|poke|p2|Kangaskhan, L50, F|
|poke|p2|Incineroar, L50, M|
|teampreview|4
|showteam|p1|Floette-Eternal||Floettite|FlowerVeil|Protect,CalmMind,DazzlingGleam,DrainingKiss|Modest||F|||50|]Delphox||Delphoxite|Blaze|HeatWave,Psychic,NastyPlot,Protect|Timid||M|||50|]Garchomp||ChoiceScarf|RoughSkin|RockTomb,Earthquake,StompingTantrum,DragonClaw|Adamant||M|||50|]Sneasler||FocusSash|PoisonTouch|FakeOut,PoisonJab,CloseCombat,QuickGuard|Jolly||M|||50|]Sinistcha||KasibBerry|Hospitality|MatchaGotcha,RagePowder,Protect,TrickRoom|Calm|||||50|]Incineroar||SitrusBerry|Intimidate|FakeOut,FlareBlitz,ThroatChop,PartingShot|Impish||M|||50|
|showteam|p2|Torkoal||Charcoal|Drought|Eruption,SolarBeam,WeatherBall,Protect|Quiet||M|||50|]Sylveon||LifeOrb|Pixilate|HyperVoice,HyperBeam,WeatherBall,Detect|Quiet||M|||50|]Farigiraf||SitrusBerry|ArmorTail|TrickRoom,GrassKnot,TwinBeam,HelpingHand|Sassy||F|||50|]Mawile||Mawilite|Intimidate|PlayRough,SuckerPunch,SwordsDance,Protect|Brave||F|||50|]Kangaskhan||Kangaskhanite|Scrappy|DoubleEdge,FakeOut,HammerArm,SuckerPunch|Brave||F|||50|]Incineroar||ChopleBerry|Intimidate|FlareBlitz,FakeOut,PartingShot,LowKick|Careful||M|||50|
|
|t:|1783870357
|teamsize|p1|4
|teamsize|p2|4
|start
|switch|p1a: Sneasler|Sneasler, L50, M|100/100
|switch|p1b: Delphox|Delphox, L50, M|100/100
|switch|p2a: Farigiraf|Farigiraf, L50, F|100/100
|switch|p2b: Incineroar|Incineroar, L50, M|100/100
|-ability|p2b: Incineroar|Intimidate|boost
|-unboost|p1a: Sneasler|atk|1
|-unboost|p1b: Delphox|atk|1
|turn|1
|
|t:|1783870388
|detailschange|p1b: Delphox|Delphox-Mega, L50, M
|-mega|p1b: Delphox|Delphox|Delphoxite
|move|p1b: Delphox|Nasty Plot|p1b: Delphox
|-boost|p1b: Delphox|spa|2
|move|p1a: Sneasler|Poison Jab|p2a: Farigiraf
|-damage|p2a: Farigiraf|75/100
|move|p2b: Incineroar|Flare Blitz|p1a: Sneasler
|-damage|p1a: Sneasler|14/100
|-damage|p2b: Incineroar|77/100|[from] Recoil
|move|p2a: Farigiraf|Trick Room|p2a: Farigiraf
|-fieldstart|move: Trick Room|[of] p2a: Farigiraf
|
|upkeep
|turn|2
|
|t:|1783870416
|switch|p1a: Incineroar|Incineroar, L50, M|100/100
|-ability|p1a: Incineroar|Intimidate|boost
|-unboost|p2a: Farigiraf|atk|1
|-unboost|p2b: Incineroar|atk|1
|move|p2a: Farigiraf|Twin Beam|p1a: Incineroar
|-immune|p1a: Incineroar
|move|p2b: Incineroar|Flare Blitz|p1b: Delphox
|-resisted|p1b: Delphox|1
|-damage|p1b: Delphox|80/100
|-damage|p2b: Incineroar|72/100|[from] Recoil
|move|p1b: Delphox|Heat Wave|p2b: Incineroar|[spread] p2a,p2b
|-resisted|p2b: Incineroar|1
|-damage|p2a: Farigiraf|19/100
|-damage|p2b: Incineroar|44/100
|-enditem|p2a: Farigiraf|Sitrus Berry|[eat]
|-heal|p2a: Farigiraf|44/100|[from] item: Sitrus Berry
|
|upkeep
|turn|3
|
|t:|1783870450
|move|p2a: Farigiraf|Twin Beam|p1b: Delphox
|-resisted|p1b: Delphox|1
|-damage|p1b: Delphox|73/100
|-resisted|p1b: Delphox|1
|-damage|p1b: Delphox|66/100
|-hitcount|p1b: Delphox|2
|move|p2b: Incineroar|Parting Shot|p1a: Incineroar
|-unboost|p1a: Incineroar|atk|1
|-unboost|p1a: Incineroar|spa|1
|
|t:|1783870455
|switch|p2b: Kangaskhan|Kangaskhan, L50, F|100/100|[from] Parting Shot
|move|p1a: Incineroar|Parting Shot|p2b: Kangaskhan
|-unboost|p2b: Kangaskhan|atk|1
|-unboost|p2b: Kangaskhan|spa|1
|
|t:|1783870466
|switch|p1a: Sneasler|Sneasler, L50, M|14/100|[from] Parting Shot
|move|p1b: Delphox|Heat Wave|p2a: Farigiraf|[spread] p2a,p2b
|-damage|p2a: Farigiraf|0 fnt
|-damage|p2b: Kangaskhan|23/100
|faint|p2a: Farigiraf
|
|upkeep
|
|t:|1783870469
|switch|p2a: Incineroar|Incineroar, L50, M|44/100
|-ability|p2a: Incineroar|Intimidate|boost
|-unboost|p1a: Sneasler|atk|1
|-unboost|p1b: Delphox|atk|1
|turn|4
|
|t:|1783870495
|move|p1b: Delphox|Protect|p1b: Delphox
|-singleturn|p1b: Delphox|Protect
|move|p2a: Incineroar|Fake Out|p1a: Sneasler
|-damage|p1a: Sneasler|0 fnt
|faint|p1a: Sneasler
|move|p2b: Kangaskhan|Double-Edge|p1b: Delphox
|-activate|p1b: Delphox|move: Protect
|
|upkeep
|
|t:|1783870502
|switch|p1a: Incineroar|Incineroar, L50, M|100/100
|-ability|p1a: Incineroar|Intimidate|boost
|-unboost|p2a: Incineroar|atk|1
|-fail|p2b: Kangaskhan|unboost|Attack|[from] ability: Scrappy|[of] p2b: Kangaskhan
|turn|5
|
|t:|1783870510
|move|p1a: Incineroar|Fake Out|p2b: Kangaskhan
|-damage|p2b: Kangaskhan|11/100
|move|p2a: Incineroar|Low Kick|p1a: Incineroar
|-supereffective|p1a: Incineroar|1
|-damage|p1a: Incineroar|78/100
|cant|p2b: Kangaskhan|flinch
|move|p1b: Delphox|Psychic|p2b: Kangaskhan
|-damage|p2b: Kangaskhan|0 fnt
|faint|p2b: Kangaskhan
|
|-fieldend|move: Trick Room
|upkeep
|-message|CaldoDePatas forfeited.
|
|win|floettefan670
|l|☆CaldoDePatas
|player|p2|
