|j|☆trundlorb
|j|☆DrCups
|html|trundlorbDrCups    
|uhtml|bestof|Game 1 of a best-of-3
|t:|1785903218
|gametype|doubles
|player|p1|trundlorb|170|1000
|player|p2|DrCups|169|1083
|gen|9
|tier|[Gen 9 Champions] VGC 2026 Reg M-B (Bo3)
|rated|
|rule|Species Clause: Limit one of each Pokémon
|rule|Item Clause: Limit 1 of each item
|clearpoke
|poke|p1|Raichu, L50, F|
|poke|p1|Staraptor, L50, F|
|poke|p1|Arcanine-Hisui, L50, M|
|poke|p1|Farigiraf, L50, M|
|poke|p1|Sylveon, L50, F|
|poke|p1|Kingambit, L50, M|
|poke|p2|Basculegion, L50, M|
|poke|p2|Garchomp, L50, F|
|poke|p2|Scizor, L50, F|
|poke|p2|Tyranitar, L50, F|
|poke|p2|Sneasler, L50, F|
|poke|p2|Corviknight, L50, F|
|teampreview|4
|showteam|p1|Raichu||RaichuniteY|LightningRod|ZapCannon,FocusBlast,FakeOut,Protect|Timid||F|||50|]Staraptor||Staraptite|Intimidate|CloseCombat,DualWingbeat,Tailwind,Protect|Jolly||F|||50|]Arcanine-Hisui||FocusSash|RockHead|FlareBlitz,HeadSmash,ExtremeSpeed,Protect|Jolly||M|||50|]Farigiraf||SitrusBerry|ArmorTail|Psychic,HelpingHand,TrickRoom,Protect|Calm||M|||50|]Sylveon||FairyFeather|Pixilate|HyperVoice,QuickAttack,HyperBeam,Detect|Modest||F|||50|]Kingambit||LifeOrb|Defiant|KowtowCleave,SuckerPunch,SwordsDance,Protect|Adamant||M|||50|
|showteam|p2|Basculegion||SitrusBerry|Adaptability|WaveCrash,LastRespects,AquaJet,Protect|Jolly||M|||50|]Garchomp||Garchompite|RoughSkin|EarthPower,DracoMeteor,PowerGem,Protect|Modest||F|||50|]Scizor||LifeOrb|Technician|BulletPunch,BugBite,SwordsDance,Protect|Adamant||F|||50|]Tyranitar||ChoiceScarf|SandStream|RockSlide,KnockOff,IcePunch,Superpower|Jolly||F|||50|]Sneasler||FocusSash|PoisonTouch|PoisonJab,CloseCombat,FakeOut,Protect|Jolly||F|||50|]Corviknight||Leftovers|MirrorArmor|IronHead,BraveBird,Tailwind,Protect|Impish||F|||50|
|inactive|Battle timer is ON: inactive players will automatically lose when time's up. (requested by trundlorb)
|inactive|trundlorb has 60 seconds left.
|inactive|trundlorb has 30 seconds left.
|
|t:|1785903279
|teamsize|p1|4
|teamsize|p2|4
|start
|switch|p1a: Farigiraf|Farigiraf, L50, M|100/100
|switch|p1b: Arcanine|Arcanine-Hisui, L50, M|100/100
|switch|p2a: Garchomp|Garchomp, L50, F|100/100
|switch|p2b: Scizor|Scizor, L50, F|100/100
|turn|1
|inactive|trundlorb has 30 seconds left.
|inactive|DrCups has 30 seconds left.
|inactive|DrCups has 20 seconds left.
|inactive|DrCups has 15 seconds left.
|inactive|DrCups has 10 seconds left.
|inactive|trundlorb has 20 seconds left.
|inactive|DrCups has 5 seconds left.
|inactive|trundlorb has 15 seconds left.
|inactive|trundlorb has 10 seconds left.
|
|t:|1785903342
|move|p1a: Farigiraf|Protect|p1a: Farigiraf
|-singleturn|p1a: Farigiraf|Protect
|move|p1b: Arcanine|Flare Blitz|p2a: Garchomp
|-resisted|p2a: Garchomp|1
|-damage|p2a: Garchomp|71/100
|-damage|p1b: Arcanine|87/100|[from] ability: Rough Skin|[of] p2a: Garchomp
|move|p2a: Garchomp|Earth Power|p1b: Arcanine
|-supereffective|p1b: Arcanine|2
|-damage|p1b: Arcanine|0 fnt
|faint|p1b: Arcanine
|move|p2b: Scizor|Swords Dance|p2b: Scizor
|-boost|p2b: Scizor|atk|2
|
|upkeep
|
|t:|1785903357
|switch|p1b: Staraptor|Staraptor, L50, F|100/100
|-ability|p1b: Staraptor|Intimidate|boost
|-unboost|p2a: Garchomp|atk|1
|-unboost|p2b: Scizor|atk|1
|turn|2
|
|t:|1785903383
|switch|p1a: Sylveon|Sylveon, L50, F|100/100
|detailschange|p1b: Staraptor|Staraptor-Mega, L50, F
|-mega|p1b: Staraptor|Staraptor|Staraptite
|detailschange|p2a: Garchomp|Garchomp-Mega, L50, F
|-mega|p2a: Garchomp|Garchomp|Garchompite
|move|p1b: Staraptor|Close Combat|p2b: Scizor
|-damage|p2b: Scizor|32/100
|-boost|p1b: Staraptor|def|1
|-boost|p1b: Staraptor|spd|1
|move|p2a: Garchomp|Earth Power|p1a: Sylveon
|-damage|p1a: Sylveon|62/100
|-unboost|p1a: Sylveon|spd|1
|move|p2b: Scizor|Bug Bite|p1a: Sylveon
|-resisted|p1a: Sylveon|1
|-damage|p1a: Sylveon|8/100
|-damage|p2b: Scizor|22/100|[from] item: Life Orb
|
|upkeep
|turn|3
|inactive|trundlorb has 30 seconds left.
|inactive|DrCups has 30 seconds left.
|inactive|DrCups has 20 seconds left.
|
|t:|1785903420
|move|p2b: Scizor|Bullet Punch|p1a: Sylveon
|-supereffective|p1a: Sylveon|1
|-damage|p1a: Sylveon|0 fnt
|faint|p1a: Sylveon
|-damage|p2b: Scizor|13/100|[from] item: Life Orb
|move|p1b: Staraptor|Tailwind|p1b: Staraptor
|-sidestart|p1: trundlorb|move: Tailwind
|move|p2a: Garchomp|Draco Meteor|p1b: Staraptor
|-damage|p1b: Staraptor|44/100
|-unboost|p2a: Garchomp|spa|2
|
|upkeep
|
|t:|1785903424
|switch|p1a: Farigiraf|Farigiraf, L50, M|100/100
|turn|4
|
|t:|1785903440
|switch|p2a: Sneasler|Sneasler, L50, F|100/100
|move|p2b: Scizor|Bullet Punch||[still]
|cant|p1a: Farigiraf|ability: Armor Tail|Bullet Punch|[of] p2b: Scizor
|move|p1b: Staraptor|Dual Wingbeat|p2a: Sneasler
|-supereffective|p2a: Sneasler|1
|-damage|p2a: Sneasler|29/100
|-supereffective|p2a: Sneasler|1
|-damage|p2a: Sneasler|0 fnt
|faint|p2a: Sneasler
|-hitcount|p2: Sneasler|2
|move|p1a: Farigiraf|Psychic|p2b: Scizor
|-resisted|p2b: Scizor|1
|-damage|p2b: Scizor|0 fnt
|faint|p2b: Scizor
|
|upkeep
|
|t:|1785903449
|switch|p2a: Tyranitar|Tyranitar, L50, F|100/100
|switch|p2b: Garchomp|Garchomp-Mega, L50, F|71/100
|-weather|Sandstorm|[from] ability: Sand Stream|[of] p2a: Tyranitar
|turn|5
|inactive|DrCups has 30 seconds left.
|
|t:|1785903477
|move|p1b: Staraptor|Close Combat|p2a: Tyranitar
|-supereffective|p2a: Tyranitar|2
|-damage|p2a: Tyranitar|0 fnt
|-boost|p1b: Staraptor|def|1
|-boost|p1b: Staraptor|spd|1
|faint|p2a: Tyranitar
|move|p1a: Farigiraf|Psychic|p2b: Garchomp
|-damage|p2b: Garchomp|38/100
|move|p2b: Garchomp|Power Gem|p1b: Staraptor
|-damage|p1b: Staraptor|25/100
|
|-weather|Sandstorm|[upkeep]
|-damage|p1b: Staraptor|19/100|[from] Sandstorm
|-damage|p1a: Farigiraf|93/100|[from] Sandstorm
|upkeep
|turn|6
|inactive|trundlorb has 30 seconds left.
|
|t:|1785903508
|move|p2b: Garchomp|Protect|p2b: Garchomp
|-singleturn|p2b: Garchomp|Protect
|move|p1b: Staraptor|Dual Wingbeat|p2b: Garchomp
|-activate|p2b: Garchomp|move: Protect
|move|p1a: Farigiraf|Psychic|p2b: Garchomp
|-activate|p2b: Garchomp|move: Protect
|
|-weather|Sandstorm|[upkeep]
|-damage|p1b: Staraptor|13/100|[from] Sandstorm
|-damage|p1a: Farigiraf|87/100|[from] Sandstorm
|-sideend|p1: trundlorb|move: Tailwind
|upkeep
|turn|7
|
|t:|1785903526
|move|p1b: Staraptor|Close Combat|p2b: Garchomp
|-damage|p2b: Garchomp|0 fnt
|-boost|p1b: Staraptor|def|1
|-boost|p1b: Staraptor|spd|1
|faint|p2b: Garchomp
|
|win|trundlorb
||DrCups is ready for game 2.
||trundlorb is ready for game 2.
|uhtml|next|Next: Game 2 of 3
|l|☆DrCups
|player|p2|
