|j|☆Splat24
|j|☆OshunAurorus
|html|Splat24OshunAurorus    
|uhtml|bestof|Game 1 of a best-of-3
|t:|1784505643
|gametype|doubles
|player|p1|Splat24|169|
|player|p2|OshunAurorus|parasollady|
|gen|9
|tier|[Gen 9 Champions] VGC 2026 Reg M-B (Bo3)
|rule|Species Clause: Limit one of each Pokémon
|rule|Item Clause: Limit 1 of each item
|clearpoke
|poke|p1|Charizard, L50, M, shiny|
|poke|p1|Venusaur, L50, M|
|poke|p1|Aegislash, L50, M, shiny|
|poke|p1|Meowstic, L50, M, shiny|
|poke|p1|Zoroark-Hisui, L50, M|
|poke|p1|Decidueye-Hisui, L50, M|
|poke|p2|Whimsicott, L50, F|
|poke|p2|Milotic, L50, M|
|poke|p2|Altaria, L50, F|
|poke|p2|Ninetales-Alola, L50, F|
|poke|p2|Aurorus, L50, M|
|poke|p2|Dragonite, L50, M|
|teampreview|4
|showteam|p1|Charizard||CharizarditeY|Blaze|Protect,HeatWave,SolarBeam,WeatherBall|Modest||M|||50|]Venusaur||Leftovers|Chlorophyll|Protect,SludgeBomb,GigaDrain,SleepPowder|Modest||M|||50|]Aegislash||LifeOrb|StanceChange|KingsShield,ShadowSneak,SacredSword,GyroBall|Brave||M|||50|]Meowstic||MentalHerb|Prankster|FakeOut,SunnyDay,TrickRoom,PsychicNoise|Sassy||M|||50|]Zoroark-Hisui||ExpertBelt|Illusion|Protect,IcyWind,Flamethrower,ShadowBall|Modest||M|||50|]Decidueye-Hisui||FocusSash|Scrappy|Protect,TripleArrows,LeafBlade,ShadowClaw|Brave||M|||50|
|showteam|p2|Whimsicott||FocusSash|Prankster|Tailwind,Moonblast,Encore,Taunt|Timid||F|||50|]Milotic||Leftovers|Competitive|Scald,IceBeam,Whirlpool,Protect|Modest||M|||50|]Altaria||Altarianite|CloudNine|Roost,IceBeam,DragonPulse,Moonblast|Modest||F|||50|]Ninetales-Alola||OccaBerry|SnowWarning|AuroraVeil,Blizzard,Moonblast,Disable|Timid||F|||50|]Aurorus||LifeOrb|SnowWarning|Blizzard,Protect,EarthPower,RockTomb|Quiet||M|||50|]Dragonite||Dragoninite|Multiscale|Flamethrower,Protect,Blizzard,RockSlide|Bashful||M|||50|
|j| Swoocetron
|
|t:|1784505676
|teamsize|p1|4
|teamsize|p2|4
|start
|switch|p1a: Yamamoto|Charizard, L50, M, shiny|100/100
|switch|p1b: Meowstic|Meowstic, L50, M, shiny|100/100
|switch|p2a: Versailles|Milotic, L50, M|100/100
|switch|p2b: Whimsy|Whimsicott, L50, F|100/100
|turn|1
|j| Sp1nch
|
|t:|1784505705
|detailschange|p1a: Yamamoto|Charizard-Mega-Y, L50, M, shiny
|-mega|p1a: Yamamoto|Charizard|Charizardite Y
|-weather|SunnyDay|[from] ability: Drought|[of] p1a: Yamamoto
|move|p2b: Whimsy|Taunt|p1b: Meowstic
|-start|p1b: Meowstic|move: Taunt
|-enditem|p1b: Meowstic|Mental Herb
|-end|p1b: Meowstic|move: Taunt
|move|p1a: Yamamoto|Solar Beam||[still]
|-prepare|p1a: Yamamoto|Solar Beam
|-anim|p1a: Yamamoto|Solar Beam|p2a: Versailles
|-supereffective|p2a: Versailles|1
|-damage|p2a: Versailles|30/100
|move|p2a: Versailles|Whirlpool|p1a: Yamamoto
|-supereffective|p1a: Yamamoto|1
|-damage|p1a: Yamamoto|89/100
|-activate|p1a: Yamamoto|move: Whirlpool|[of] p2a: Versailles
|move|p1b: Meowstic|Trick Room|p1b: Meowstic
|-fieldstart|move: Trick Room|[of] p1b: Meowstic
|
|-weather|SunnyDay|[upkeep]
|-heal|p2a: Versailles|36/100|[from] item: Leftovers
|-damage|p1a: Yamamoto|76/100|[from] move: Whirlpool|[partiallytrapped]
|upkeep
|turn|2
|
|t:|1784505740
|switch|p1b: Zangetsu|Aegislash, L50, M, shiny|100/100
|switch|p2b: Frills|Aurorus, L50, M|100/100
|-weather|Snowscape|[from] ability: Snow Warning|[of] p2b: Frills
|move|p2a: Versailles|Scald|p1a: Yamamoto
|-supereffective|p1a: Yamamoto|1
|-damage|p1a: Yamamoto|28/100
|move|p1a: Yamamoto|Heat Wave|p2a: Versailles|[spread] p2a
|-miss|p1a: Yamamoto|p2b: Frills
|-resisted|p2a: Versailles|1
|-crit|p2a: Versailles
|-damage|p2a: Versailles|14/100
|
|-weather|Snowscape|[upkeep]
|-heal|p2a: Versailles|20/100y|[from] item: Leftovers
|-damage|p1a: Yamamoto|15/100|[from] move: Whirlpool|[partiallytrapped]
|upkeep
|turn|3
|
|t:|1784505810
|move|p1a: Yamamoto|Protect|p1a: Yamamoto
|-singleturn|p1a: Yamamoto|Protect
|-formechange|p1b: Zangetsu|Aegislash-Blade|
|move|p1b: Zangetsu|Sacred Sword|p2a: Versailles
|-damage|p2a: Versailles|0 fnt
|faint|p2a: Versailles
|-damage|p1b: Zangetsu|90/100|[from] item: Life Orb
|move|p2b: Frills|Blizzard|p1a: Yamamoto|[spread] p1b
|-activate|p1a: Yamamoto|move: Protect
|-resisted|p1b: Zangetsu|1
|-damage|p1b: Zangetsu|57/100
|-damage|p2b: Frills|90/100|[from] item: Life Orb
|
|-weather|Snowscape|[upkeep]
|-end|p1a: Yamamoto|Whirlpool|[partiallytrapped]|[silent]
|upkeep
|
|t:|1784505831
|switch|p2a: Danube|Dragonite, L50, M|100/100
|turn|4
|
|t:|1784505852
|detailschange|p2a: Danube|Dragonite-Mega, L50, M
|-mega|p2a: Danube|Dragonite|Dragoninite
|move|p1b: Zangetsu|Sacred Sword|p2b: Frills
|-supereffective|p2b: Frills|2
|-damage|p2b: Frills|0 fnt
|faint|p2b: Frills
|-damage|p1b: Zangetsu|47/100|[from] item: Life Orb
|move|p2a: Danube|Flamethrower|p1b: Zangetsu
|-supereffective|p1b: Zangetsu|1
|-damage|p1b: Zangetsu|0 fnt
|faint|p1b: Zangetsu
|move|p1a: Yamamoto|Weather Ball|p2a: Danube
|-supereffective|p2a: Danube|2
|-damage|p2a: Danube|39/100
|
|-weather|Snowscape|[upkeep]
|upkeep
|
|t:|1784505869
|switch|p1b: Meowstic|Meowstic, L50, M, shiny|100/100
|switch|p2b: Whimsy|Whimsicott, L50, F|100/100
|turn|5
|
|t:|1784505902
|move|p2a: Danube|Protect|p2a: Danube
|-singleturn|p2a: Danube|Protect
|move|p1b: Meowstic|Fake Out|p2a: Danube
|-activate|p2a: Danube|move: Protect
|move|p2b: Whimsy|Taunt|p1b: Meowstic
|-start|p1b: Meowstic|move: Taunt
|move|p1a: Yamamoto|Weather Ball|p2a: Danube
|-activate|p2a: Danube|move: Protect
|
|-weather|Snowscape|[upkeep]
|-fieldend|move: Trick Room
|upkeep
|turn|6
|
|t:|1784505961
|move|p2b: Whimsy|Tailwind|p2b: Whimsy
|-sidestart|p2: OshunAurorus|move: Tailwind
|move|p2a: Danube|Rock Slide|p1b: Meowstic|[spread] p1b
|-miss|p2a: Danube|p1a: Yamamoto
|-damage|p1b: Meowstic|76/100
|move|p1a: Yamamoto|Heat Wave|p2b: Whimsy|[spread] p2a,p2b
|-resisted|p2a: Danube|1
|-supereffective|p2b: Whimsy|1
|-damage|p2a: Danube|22/100
|-enditem|p2b: Whimsy|Focus Sash
|-damage|p2b: Whimsy|1/100
|move|p1b: Meowstic|Psychic Noise|p2a: Danube
|-damage|p2a: Danube|7/100
|-start|p2a: Danube|move: Heal Block
|
|-weather|none
|upkeep
|turn|7
|
|t:|1784505993
|move|p1a: Yamamoto|Protect|p1a: Yamamoto
|-singleturn|p1a: Yamamoto|Protect
|move|p2b: Whimsy|Moonblast|p1b: Meowstic
|-damage|p1b: Meowstic|56/100
|-unboost|p1b: Meowstic|spa|1
|move|p2a: Danube|Rock Slide|p1a: Yamamoto|[spread] p1b
|-activate|p1a: Yamamoto|move: Protect
|-damage|p1b: Meowstic|34/100
|cant|p1b: Meowstic|flinch
|
|-end|p2a: Danube|move: Heal Block
|upkeep
|turn|8
|
|t:|1784506025
|move|p2b: Whimsy|Moonblast|p1b: Meowstic
|-damage|p1b: Meowstic|12/100
|move|p2a: Danube|Rock Slide|p1b: Meowstic|[spread] p1a,p1b
|-supereffective|p1a: Yamamoto|2
|-damage|p1a: Yamamoto|0 fnt
|-damage|p1b: Meowstic|0 fnt
|faint|p1a: Yamamoto
|faint|p1b: Meowstic
|
|upkeep
|
|t:|1784506035
|switch|p1b: Decidueye|Decidueye-Hisui, L50, M|100/100
|turn|9
|
|t:|1784506050
|move|p2b: Whimsy|Moonblast|p1b: Decidueye
|-supereffective|p1b: Decidueye|1
|-damage|p1b: Decidueye|52/100
|-unboost|p1b: Decidueye|spa|1
|move|p2a: Danube|Flamethrower|p1b: Decidueye
|-supereffective|p1b: Decidueye|1
|-damage|p1b: Decidueye|0 fnt
|faint|p1b: Decidueye
|
|win|OshunAurorus
|inactive|Splat24 has 30 seconds to confirm battle start!
|inactive|OshunAurorus has 30 seconds to confirm battle start!
||Splat24 is ready for game 2.
||OshunAurorus is ready for game 2.
|uhtml|next|Next: Game 2 of 3
|l|☆OshunAurorus
|player|p2|
