|j|☆randomguy1114s
|j|☆Dimitrievski78
|html|randomguy1114sDimitrievski78    
|uhtml|bestof|Game 1 of a best-of-3
|t:|1756158401
|gametype|doubles
|player|p1|randomguy1114s|lillie-masters|1091
|player|p2|Dimitrievski78|102|1023
|gen|9
|tier|[Gen 9] VGC 2025 Reg H (Bo3)
|rated|
|rule|Species Clause: Limit one of each Pokémon
|rule|Item Clause: Limit 1 of each item
|clearpoke
|poke|p1|Sneasler, L50, F|
|poke|p1|Indeedee, L50, M|
|poke|p1|Volcarona, L50, M|
|poke|p1|Ursaluna-Bloodmoon, L50, M|
|poke|p1|Annihilape, L50, M|
|poke|p1|Tyranitar, L50, M|
|poke|p2|Tyranitar, L50, M|
|poke|p2|Excadrill, L50, M|
|poke|p2|Corviknight, L50, F|
|poke|p2|Rillaboom, L50, F|
|poke|p2|Sneasler, L50, F|
|poke|p2|Dragonite, L50, F|
|teampreview|4
|showteam|p1|Sneasler||PsychicSeed|Unburden|CloseCombat,DireClaw,ThroatChop,Protect|||F|||50|,,,,,Dark]Indeedee||ChoiceScarf|PsychicSurge|ExpandingForce,TeraBlast,Trick,Protect|||M|||50|,,,,,Psychic]Volcarona||SitrusBerry|FlameBody|Overheat,StruggleBug,RagePowder,Tailwind|||M|||50|,,,,,Grass]Ursaluna-Bloodmoon||LifeOrb|MindsEye|BloodMoon,HyperVoice,EarthPower,Protect|||M|||50|,,,,,Normal]Annihilape||SafetyGoggles|Defiant|CloseCombat,RageFist,Taunt,FinalGambit|||M|||50|,,,,,Fairy]Tyranitar||AssaultVest|SandStream|RockSlide,KnockOff,TeraBlast,LowKick|||M|||50|,,,,,Flying
|showteam|p2|Tyranitar||AssaultVest|SandStream|KnockOff,RockSlide,LowKick,TeraBlast|||M|||50|,,,,,Flying]Excadrill||FocusSash|SandRush|Earthquake,IronHead,Protect,HighHorsepower|||M|||50|,,,,,Ground]Corviknight||CovertCloak|MirrorArmor|BraveBird,Tailwind,Protect,Reflect|||F|||50|,,,,,Dragon]Rillaboom||MiracleSeed|GrassySurge|FakeOut,WoodHammer,GrassyGlide,Protect|||F|||50|,,,,,Fire]Sneasler||WhiteHerb|Unburden|CloseCombat,Protect,DireClaw,ThroatChop|||F|||50|,,,,,Stellar]Dragonite||LoadedDice|Multiscale|Haze,Tailwind,ExtremeSpeed,ScaleShot|||F|||50|,,,,,Normal
|inactive|Battle timer is ON: inactive players will automatically lose when time's up. (requested by Dimitrievski78)
|
|t:|1756158503
|teamsize|p1|4
|teamsize|p2|4
|start
|switch|p1a: Annihilape|Annihilape, L50, M|100/100
|switch|p1b: Tyranitar|Tyranitar, L50, M|100/100
|switch|p2a: LUKA MODRIC|Tyranitar, L50, M|100/100
|switch|p2b: CRISTIANO RONALDO|Excadrill, L50, M|100/100
|-weather|Sandstorm|[from] ability: Sand Stream|[of] p1b: Tyranitar
|turn|1
|inactive|Dimitrievski78 has 30 seconds left.
|inactive|Dimitrievski78 has 20 seconds left.
|inactive|Dimitrievski78 has 15 seconds left.
|inactive|Dimitrievski78 has 10 seconds left.
|
|t:|1756158548
|-terastallize|p1b: Tyranitar|Flying
|-terastallize|p2a: LUKA MODRIC|Flying
|move|p2b: CRISTIANO RONALDO|Iron Head|p1b: Tyranitar
|-damage|p1b: Tyranitar|61/100
|move|p1a: Annihilape|Close Combat|p2b: CRISTIANO RONALDO
|-supereffective|p2b: CRISTIANO RONALDO
|-enditem|p2b: CRISTIANO RONALDO|Focus Sash
|-damage|p2b: CRISTIANO RONALDO|1/100
|-unboost|p1a: Annihilape|def|1
|-unboost|p1a: Annihilape|spd|1
|move|p1b: Tyranitar|Rock Slide|p2b: CRISTIANO RONALDO|[spread] 
|-miss|p1b: Tyranitar|p2a: LUKA MODRIC
|-miss|p1b: Tyranitar|p2b: CRISTIANO RONALDO
|move|p2a: LUKA MODRIC|Tera Blast|p1a: Annihilape|[anim] Tera Blast Flying
|-supereffective|p1a: Annihilape
|-damage|p1a: Annihilape|0 fnt
|faint|p1a: Annihilape
|
|-weather|Sandstorm|[upkeep]
|-damage|p1b: Tyranitar|55/100|[from] Sandstorm
|-damage|p2a: LUKA MODRIC|95/100|[from] Sandstorm
|upkeep
|inactive|randomguy1114s has 30 seconds left.
|inactive|randomguy1114s has 20 seconds left.
|
|t:|1756158586
|switch|p1a: Indeedee|Indeedee, L50, M|100/100
|-fieldstart|move: Psychic Terrain|[from] ability: Psychic Surge|[of] p1a: Indeedee
|turn|2
|inactive|Dimitrievski78 has 30 seconds left.
|
|t:|1756158619
|switch|p2b: RONALDO NAZARIO|Rillaboom, L50, F|100/100
|-fieldstart|move: Grassy Terrain|[from] ability: Grassy Surge|[of] p2b: RONALDO NAZARIO
|move|p1a: Indeedee|Expanding Force|p2a: LUKA MODRIC
|-damage|p2a: LUKA MODRIC|70/100
|move|p1b: Tyranitar|Rock Slide|p2b: RONALDO NAZARIO|[spread] p2a,p2b
|-supereffective|p2a: LUKA MODRIC
|-damage|p2a: LUKA MODRIC|16/100
|-damage|p2b: RONALDO NAZARIO|62/100
|cant|p2a: LUKA MODRIC|flinch
|
|-weather|Sandstorm|[upkeep]
|-damage|p1a: Indeedee|95/100|[from] Sandstorm
|-damage|p2b: RONALDO NAZARIO|56/100|[from] Sandstorm
|-damage|p1b: Tyranitar|49/100|[from] Sandstorm
|-damage|p2a: LUKA MODRIC|10/100|[from] Sandstorm
|-heal|p1a: Indeedee|100/100|[from] Grassy Terrain
|-heal|p2b: RONALDO NAZARIO|62/100|[from] Grassy Terrain
|upkeep
|turn|3
|inactive|Dimitrievski78 has 30 seconds left.
|inactive|Dimitrievski78 has 20 seconds left.
|inactive|Dimitrievski78 has 15 seconds left.
|inactive|Dimitrievski78 has 10 seconds left.
|inactive|Dimitrievski78 has 5 seconds left.
|
|t:|1756158670
|move|p2b: RONALDO NAZARIO|Fake Out|p1a: Indeedee
|-damage|p1a: Indeedee|70/100
|cant|p1a: Indeedee|flinch
|move|p1b: Tyranitar|Rock Slide|p2b: RONALDO NAZARIO|[spread] p2a,p2b
|-supereffective|p2a: LUKA MODRIC
|-damage|p2a: LUKA MODRIC|0 fnt
|-damage|p2b: RONALDO NAZARIO|26/100
|faint|p2a: LUKA MODRIC
|
|-weather|Sandstorm|[upkeep]
|-damage|p1a: Indeedee|64/100|[from] Sandstorm
|-damage|p2b: RONALDO NAZARIO|20/100|[from] Sandstorm
|-damage|p1b: Tyranitar|44/100|[from] Sandstorm
|-heal|p1a: Indeedee|70/100|[from] Grassy Terrain
|-heal|p2b: RONALDO NAZARIO|26/100|[from] Grassy Terrain
|upkeep
|
|t:|1756158693
|switch|p2a: CRISTIANO RONALDO|Excadrill, L50, M|1/100
|turn|4
|inactive|Dimitrievski78 has 30 seconds left.
|
|t:|1756158723
|switch|p1a: Sneasler|Sneasler, L50, F|100/100
|move|p2a: CRISTIANO RONALDO|Iron Head|p1b: Tyranitar
|-damage|p1b: Tyranitar|6/100
|move|p2b: RONALDO NAZARIO|Wood Hammer|p1a: Sneasler
|-resisted|p1a: Sneasler
|-damage|p1a: Sneasler|19/100
|-damage|p2b: RONALDO NAZARIO|2/100|[from] Recoil
|move|p1b: Tyranitar|Rock Slide|p2a: CRISTIANO RONALDO|[spread] p2a,p2b
|-resisted|p2a: CRISTIANO RONALDO
|-damage|p2a: CRISTIANO RONALDO|0 fnt
|-damage|p2b: RONALDO NAZARIO|0 fnt
|faint|p2a: CRISTIANO RONALDO
|faint|p2b: RONALDO NAZARIO
|
|-weather|Sandstorm|[upkeep]
|-damage|p1a: Sneasler|13/100|[from] Sandstorm
|-damage|p1b: Tyranitar|0 fnt|[from] Sandstorm
|faint|p1b: Tyranitar
|-heal|p1a: Sneasler|19/100|[from] Grassy Terrain
|upkeep
|
|t:|1756158748
|switch|p2b: ZIDEDINE ZIDANNE|Corviknight, L50, F, shiny|100/100
|switch|p1b: Indeedee|Indeedee, L50, M|70/100
|-fieldstart|move: Psychic Terrain|[from] ability: Psychic Surge|[of] p1b: Indeedee
|-enditem|p1a: Sneasler|Psychic Seed
|-boost|p1a: Sneasler|spd|1|[from] item: Psychic Seed
|turn|5
|
|t:|1756158767
|move|p1a: Sneasler|Close Combat|p2b: ZIDEDINE ZIDANNE
|-damage|p2b: ZIDEDINE ZIDANNE|36/100
|-unboost|p1a: Sneasler|def|1
|-unboost|p1a: Sneasler|spd|1
|move|p1b: Indeedee|Trick|p2b: ZIDEDINE ZIDANNE
|-activate|p1b: Indeedee|move: Trick|[of] p2b: ZIDEDINE ZIDANNE
|-item|p2b: ZIDEDINE ZIDANNE|Choice Scarf|[from] move: Trick
|-item|p1b: Indeedee|Covert Cloak|[from] move: Trick
|move|p2b: ZIDEDINE ZIDANNE|Brave Bird|p1b: Indeedee
|-damage|p1b: Indeedee|0 fnt
|faint|p1b: Indeedee
|-damage|p2b: ZIDEDINE ZIDANNE|20/100|[from] Recoil
|
|-weather|none
|upkeep
|turn|6
|
|t:|1756158784
|move|p1a: Sneasler|Close Combat|p2b: ZIDEDINE ZIDANNE
|-damage|p2b: ZIDEDINE ZIDANNE|0 fnt
|-unboost|p1a: Sneasler|def|1
|-unboost|p1a: Sneasler|spd|1
|faint|p2b: ZIDEDINE ZIDANNE
|
|win|randomguy1114s
