|j|☆kheld
|j|☆Andrea Pirlo 2
|html|kheldAndrea Pirlo 2    
|uhtml|bestof|Game 1 of a best-of-3
|t:|1782329623
|gametype|doubles
|player|p1|kheld|265|1252
|player|p2|Andrea Pirlo 2|volkner|1401
|gen|9
|tier|[Gen 9 Champions] VGC 2026 Reg M-B (Bo3)
|rated|
|rule|Species Clause: Limit one of each Pokémon
|rule|Item Clause: Limit 1 of each item
|clearpoke
|poke|p1|Pelipper, L50, F|
|poke|p1|Swampert, L50, F|
|poke|p1|Archaludon, L50, F|
|poke|p1|Maushold, L50|
|poke|p1|Sinistcha, L50|
|poke|p1|Gardevoir, L50, F|
|poke|p2|Swampert, L50, M|
|poke|p2|Pelipper, L50, M|
|poke|p2|Archaludon, L50, M|
|poke|p2|Sneasler, L50, M|
|poke|p2|Gholdengo, L50|
|poke|p2|Sableye, L50, M|
|teampreview|4
|showteam|p1|Pelipper||LifeOrb|Drizzle|Tailwind,Hurricane,Protect,WeatherBall|Modest||F|||50|]Swampert||Swampertite|Torrent|IcePunch,WaveCrash,Earthquake,Protect|Adamant||F|||50|]Archaludon||Leftovers|Stamina|ElectroShot,FlashCannon,DragonPulse,Protect|Modest||F|||50|]Maushold||FocusSash|FriendGuard|SuperFang,RainDance,FollowMe,Protect|Jolly|||||50|]Sinistcha||SitrusBerry|Hospitality|MatchaGotcha,LifeDew,RagePowder,Protect|Bold|||||50|]Gardevoir||Gardevoirite|Trace|HyperVoice,Psyshock,CalmMind,Protect|Modest||F|||50|
|showteam|p2|Swampert||Swampertite|Torrent|HighHorsepower,WaveCrash,IcePunch,Protect|Adamant||M|||50|]Pelipper||LifeOrb|Drizzle|WeatherBall,Hurricane,Tailwind,Protect|Modest||M|||50|]Archaludon||Leftovers|Stamina|ElectroShot,DragonPulse,FlashCannon,Protect|Modest||M|||50|]Sneasler||FocusSash|Unburden|CloseCombat,DireClaw,FakeOut,Protect|Jolly||M|||50|]Gholdengo||MetalCoat|GoodasGold|MakeItRain,ShadowBall,NastyPlot,Protect|Timid|||||50|]Sableye||RoseliBerry|Prankster|FoulPlay,WillOWisp,LightScreen,RainDance|Calm||M|||50|
|inactive|Battle timer is ON: inactive players will automatically lose when time's up. (requested by Andrea Pirlo 2)
|inactive|kheld has 60 seconds left.
|inactive|Andrea Pirlo 2 has 60 seconds left.
|
|t:|1782329668
|teamsize|p1|4
|teamsize|p2|4
|start
|switch|p1a: Swampert|Swampert, L50, F|100/100
|switch|p1b: Maushold|Maushold, L50|100/100
|switch|p2a: Pelipper|Pelipper, L50, M|100/100
|switch|p2b: Swampert|Swampert, L50, M|100/100
|-weather|RainDance|[from] ability: Drizzle|[of] p2a: Pelipper
|turn|1
|
|t:|1782329693
|detailschange|p1a: Swampert|Swampert-Mega, L50, F
|-mega|p1a: Swampert|Swampert|Swampertite
|detailschange|p2b: Swampert|Swampert-Mega, L50, M
|-mega|p2b: Swampert|Swampert|Swampertite
|move|p1b: Maushold|Follow Me|p1b: Maushold
|-singleturn|p1b: Maushold|move: Follow Me
|move|p1a: Swampert|Wave Crash|p2b: Swampert
|-damage|p2b: Swampert|5/100
|-damage|p1a: Swampert|66/100|[from] Recoil
|move|p2b: Swampert|High Horsepower|p1b: Maushold
|-damage|p1b: Maushold|28/100
|move|p2a: Pelipper|Tailwind|p2a: Pelipper
|-sidestart|p2: Andrea Pirlo 2|move: Tailwind
|
|-weather|RainDance|[upkeep]
|upkeep
|turn|2
|
|t:|1782329713
|move|p1a: Swampert|Protect|p1a: Swampert
|-singleturn|p1a: Swampert|Protect
|move|p1b: Maushold|Protect|p1b: Maushold
|-singleturn|p1b: Maushold|Protect
|move|p2b: Swampert|High Horsepower|p1a: Swampert
|-activate|p1a: Swampert|move: Protect
|move|p2a: Pelipper|Weather Ball|p1a: Swampert
|-activate|p1a: Swampert|move: Protect
|
|-weather|RainDance|[upkeep]
|upkeep
|turn|3
|
|t:|1782329737
|move|p1b: Maushold|Follow Me|p1b: Maushold
|-singleturn|p1b: Maushold|move: Follow Me
|move|p2b: Swampert|Ice Punch|p1b: Maushold
|-crit|p1b: Maushold
|-damage|p1b: Maushold|0 fnt
|faint|p1b: Maushold
|move|p1a: Swampert|Wave Crash|p2b: Swampert
|-damage|p2b: Swampert|0 fnt
|faint|p2b: Swampert
|-damage|p1a: Swampert|65/100|[from] Recoil
|move|p2a: Pelipper|Weather Ball|p1a: Swampert
|-damage|p1a: Swampert|0 fnt
|faint|p1a: Swampert
|-damage|p2a: Pelipper|90/100|[from] item: Life Orb
|
|-weather|RainDance|[upkeep]
|upkeep
|
|t:|1782329751
|switch|p1b: Sinistcha|Sinistcha, L50|100/100
|switch|p1a: Archaludon|Archaludon, L50, F|100/100
|switch|p2b: Archaludon|Archaludon, L50, M|100/100
|turn|4
|
|t:|1782329776
|move|p1b: Sinistcha|Protect|p1b: Sinistcha
|-singleturn|p1b: Sinistcha|Protect
|move|p2b: Archaludon|Electro Shot||[still]
|-prepare|p2b: Archaludon|Electro Shot
|-boost|p2b: Archaludon|spa|1
|-anim|p2b: Archaludon|Electro Shot|p1a: Archaludon
|-resisted|p1a: Archaludon|1
|-damage|p1a: Archaludon|69/100
|-ability|p1a: Archaludon|Stamina|boost
|-boost|p1a: Archaludon|def|1
|move|p2a: Pelipper|Hurricane|p1a: Archaludon
|-resisted|p1a: Archaludon|1
|-damage|p1a: Archaludon|41/100
|-ability|p1a: Archaludon|Stamina|boost
|-boost|p1a: Archaludon|def|1
|-damage|p2a: Pelipper|80/100|[from] item: Life Orb
|move|p1a: Archaludon|Electro Shot||[still]
|-prepare|p1a: Archaludon|Electro Shot
|-boost|p1a: Archaludon|spa|1
|-anim|p1a: Archaludon|Electro Shot|p2a: Pelipper
|-supereffective|p2a: Pelipper|2
|-damage|p2a: Pelipper|0 fnt
|faint|p2a: Pelipper
|
|-weather|RainDance|[upkeep]
|-heal|p1a: Archaludon|47/100|[from] item: Leftovers
|-sideend|p2: Andrea Pirlo 2|move: Tailwind
|upkeep
|
|t:|1782329789
|switch|p2a: Gholdengo|Gholdengo, L50|100/100
|turn|5
|inactive|kheld has 30 seconds left.
|inactive|kheld has 20 seconds left.
|
|t:|1782329828
|move|p2a: Gholdengo|Protect|p2a: Gholdengo
|-singleturn|p2a: Gholdengo|Protect
|move|p1b: Sinistcha|Rage Powder|p1b: Sinistcha
|-singleturn|p1b: Sinistcha|move: Rage Powder
|move|p2b: Archaludon|Dragon Pulse|p1b: Sinistcha
|-damage|p1b: Sinistcha|41/100
|-enditem|p1b: Sinistcha|Sitrus Berry|[eat]
|-heal|p1b: Sinistcha|65/100|[from] item: Sitrus Berry
|move|p1a: Archaludon|Electro Shot||[still]
|-prepare|p1a: Archaludon|Electro Shot
|-boost|p1a: Archaludon|spa|1
|-anim|p1a: Archaludon|Electro Shot|p2a: Gholdengo
|-activate|p2a: Gholdengo|move: Protect
|
|-weather|none
|-heal|p1a: Archaludon|53/100|[from] item: Leftovers
|upkeep
|turn|6
|inactive|kheld has 30 seconds left.
|
|t:|1782329860
|move|p1b: Sinistcha|Rage Powder|p1b: Sinistcha
|-singleturn|p1b: Sinistcha|move: Rage Powder
|move|p2a: Gholdengo|Shadow Ball|p1b: Sinistcha
|-supereffective|p1b: Sinistcha|1
|-damage|p1b: Sinistcha|0 fnt
|faint|p1b: Sinistcha
|move|p2b: Archaludon|Dragon Pulse|p1a: Archaludon
|-damage|p1a: Archaludon|0 fnt
|faint|p1a: Archaludon
|
|win|Andrea Pirlo 2
