|j|☆Esper Yuusha
|j|☆repdonovan
|html|Esper Yuusharepdonovan    
|uhtml|bestof|Game 1 of a best-of-3
|t:|1757791792
|gametype|doubles
|player|p1|Esper Yuusha|burglar|1041
|player|p2|repdonovan|266|1118
|gen|9
|tier|[Gen 9] VGC 2025 Reg H (Bo3)
|rated|
|rule|Species Clause: Limit one of each Pokémon
|rule|Item Clause: Limit 1 of each item
|clearpoke
|poke|p1|Umbreon, L50, M|
|poke|p1|Sylveon, L50, M|
|poke|p1|Espeon, L50, F|
|poke|p1|Indeedee-F, L50, F|
|poke|p1|Mimikyu, L50, M|
|poke|p1|Glaceon, L50, M|
|poke|p2|Garganacl, L50, M|
|poke|p2|Trevenant, L50, F|
|poke|p2|Glimmora, L50, M|
|poke|p2|Tyranitar, L50, M|
|poke|p2|Comfey, L50, M|
|poke|p2|Incineroar, L50, M|
|teampreview|4
|showteam|p1|Umbreon||Leftovers|InnerFocus|Snarl,FoulPlay,Moonlight,Protect|||M|||50|,,,,,Fairy]Sylveon||ThroatSpray|Pixilate|HyperVoice,QuickAttack,Moonblast,Protect|||M|||50|,,,,,Steel]Espeon||FocusSash|MagicBounce|ExpandingForce,QuickAttack,ShadowBall,Detect|||F|||50|,,,,,Psychic]Indeedee-F||PsychicSeed|PsychicSurge|HelpingHand,TrickRoom,FollowMe,Protect|||F|||50|,,,,,Fairy]Mimikyu||ClearAmulet|Disguise|PlayRough,ShadowSneak,Substitute,Protect|||M|||50|,,,,,Ghost]Glaceon||CovertCloak|SnowCloak|Blizzard,FreezeDry,IcyWind,Protect|||M|||50|,,,,,Fire
|showteam|p2|Garganacl||AguavBerry|PurifyingSalt|SaltCure,Protect,WideGuard,Recover|||M|||50|,,,,,Ghost]Trevenant||SitrusBerry|Harvest|HornLeech,LeechSeed,Protect,WillOWisp|||F|||50|,,,,,Normal]Glimmora||CovertCloak|Corrosion|MortalSpin,SpikyShield,EarthPower,DazzlingGleam|||M|||50|,,,,,Grass]Tyranitar||AssaultVest|SandStream|Crunch,RockSlide,IronHead,TeraBlast|||M|||50|,,,,,Flying]Comfey||SafetyGoggles|Triage|DrainingKiss,Taunt,FloralHealing,Protect|||M|||50|,,,,,Steel]Incineroar||RockyHelmet|Intimidate|FakeOut,FlareBlitz,KnockOff,PartingShot|||M|||50|,,,,,Water
|inactive|Battle timer is ON: inactive players will automatically lose when time's up. (requested by Esper Yuusha)
|inactive|Esper Yuusha has 60 seconds left.
|
|t:|1757791826
|teamsize|p1|4
|teamsize|p2|4
|start
|switch|p1a: Espeon|Espeon, L50, F|100/100
|switch|p1b: Glaceon|Glaceon, L50, M|100/100
|switch|p2a: Garganacl|Garganacl, L50, M|100/100
|switch|p2b: Comfey|Comfey, L50, M|100/100
|turn|1
|j| sam smithy
|inactive|repdonovan has 30 seconds left.
|
|t:|1757791859
|switch|p1b: Indeedee|Indeedee-F, L50, F|100/100
|-fieldstart|move: Psychic Terrain|[from] ability: Psychic Surge|[of] p1b: Indeedee
|-enditem|p1b: Indeedee|Psychic Seed
|-boost|p1b: Indeedee|spd|1|[from] item: Psychic Seed
|move|p2b: Comfey|Protect|p2b: Comfey
|-singleturn|p2b: Comfey|Protect
|move|p1a: Espeon|Expanding Force|p2b: Comfey|[spread] p2a
|-activate|p2b: Comfey|move: Protect
|-damage|p2a: Garganacl|56/100
|move|p2a: Garganacl|Salt Cure|p1b: Indeedee
|-damage|p1b: Indeedee|82/100
|-start|p1b: Indeedee|Salt Cure
|
|-damage|p1b: Indeedee|69/100|[from] Salt Cure
|upkeep
|turn|2
|
|t:|1757791882
|switch|p1b: Mimikyu|Mimikyu, L50, M|100/100
|move|p2b: Comfey|Floral Healing|p2a: Garganacl
|-heal|p2a: Garganacl|100/100
|move|p1a: Espeon|Shadow Ball|p2a: Garganacl
|-damage|p2a: Garganacl|90/100
|move|p2a: Garganacl|Salt Cure|p1a: Espeon
|-damage|p1a: Espeon|73/100
|-start|p1a: Espeon|Salt Cure
|
|-damage|p1a: Espeon|60/100|[from] Salt Cure
|upkeep
|turn|3
|
|t:|1757791904
|move|p1a: Espeon|Expanding Force|p2b: Comfey|[spread] p2a,p2b
|-damage|p2a: Garganacl|45/100
|-damage|p2b: Comfey|42/100
|move|p1b: Mimikyu|Substitute|p1b: Mimikyu
|-start|p1b: Mimikyu|Substitute
|-damage|p1b: Mimikyu|76/100
|move|p2b: Comfey|Taunt|p1b: Mimikyu
|-start|p1b: Mimikyu|move: Taunt
|move|p2a: Garganacl|Salt Cure|p1b: Mimikyu
|-activate|p1b: Mimikyu|move: Substitute|[damage]
|
|-damage|p1a: Espeon|48/100|[from] Salt Cure
|upkeep
|turn|4
|inactive|repdonovan has 30 seconds left.
|
|t:|1757791930
|switch|p1a: Glaceon|Glaceon, L50, M|100/100
|move|p2a: Garganacl|Protect|p2a: Garganacl
|-singleturn|p2a: Garganacl|Protect
|move|p2b: Comfey|Draining Kiss|p1a: Glaceon
|-activate|p1a: Glaceon|move: Psychic Terrain
|move|p1b: Mimikyu|Play Rough|p2b: Comfey
|-damage|p2b: Comfey|0 fnt
|faint|p2b: Comfey
|
|upkeep
|
|t:|1757791942
|switch|p2b: Glimmora|Glimmora, L50, M|100/100
|turn|5
|
|t:|1757791951
|move|p1b: Mimikyu|Play Rough|p2a: Garganacl
|-damage|p2a: Garganacl|18/100
|-enditem|p2a: Garganacl|Aguav Berry|[eat]
|-heal|p2a: Garganacl|51/100|[from] item: Aguav Berry
|move|p2b: Glimmora|Dazzling Gleam|p1b: Mimikyu|[spread] p1a,p1b
|-end|p1b: Mimikyu|Substitute
|-damage|p1a: Glaceon|77/100
|move|p1a: Glaceon|Icy Wind|p2a: Garganacl|[spread] p2b
|-miss|p1a: Glaceon|p2a: Garganacl
|-damage|p2b: Glimmora|70/100
|move|p2a: Garganacl|Salt Cure|p1a: Glaceon
|-supereffective|p1a: Glaceon
|-damage|p1a: Glaceon|48/100
|
|-fieldend|move: Psychic Terrain
|upkeep
|turn|6
|
|t:|1757791974
|switch|p1b: Indeedee|Indeedee-F, L50, F|69/100
|-fieldstart|move: Psychic Terrain|[from] ability: Psychic Surge|[of] p1b: Indeedee
|move|p2b: Glimmora|Mortal Spin|p1a: Glaceon|[spread] p1a,p1b
|-damage|p1a: Glaceon|44/100
|-damage|p1b: Indeedee|63/100
|-status|p1b: Indeedee|psn
|move|p1a: Glaceon|Icy Wind|p2a: Garganacl|[spread] p2a
|-miss|p1a: Glaceon|p2b: Glimmora
|-damage|p2a: Garganacl|35/100
|-unboost|p2a: Garganacl|spe|1
|move|p2a: Garganacl|Recover|p2a: Garganacl
|-heal|p2a: Garganacl|85/100
|
|-damage|p1b: Indeedee|50/100 psn|[from] psn
|upkeep
|turn|7
|
|t:|1757791999
|move|p1b: Indeedee|Follow Me|p1b: Indeedee
|-singleturn|p1b: Indeedee|move: Follow Me
|move|p2b: Glimmora|Dazzling Gleam|p1a: Glaceon|[spread] p1a,p1b
|-damage|p1a: Glaceon|22/100
|-damage|p1b: Indeedee|37/100 psn
|move|p1a: Glaceon|Icy Wind|p2a: Garganacl|[spread] p2a,p2b
|-crit|p2b: Glimmora
|-damage|p2a: Garganacl|67/100
|-damage|p2b: Glimmora|23/100
|-unboost|p2a: Garganacl|spe|1
|move|p2a: Garganacl|Salt Cure|p1b: Indeedee
|-damage|p1b: Indeedee|16/100 psn
|-start|p1b: Indeedee|Salt Cure
|
|-damage|p1b: Indeedee|3/100 psn|[from] psn
|-damage|p1b: Indeedee|0 fnt|[from] Salt Cure
|faint|p1b: Indeedee
|upkeep
|
|t:|1757792014
|switch|p1b: Espeon|Espeon, L50, F|48/100
|turn|8
|
|t:|1757792026
|move|p2b: Glimmora|Spiky Shield|p2b: Glimmora
|-singleturn|p2b: Glimmora|move: Protect
|move|p1b: Espeon|Expanding Force|p2a: Garganacl|[spread] p2a
|-activate|p2b: Glimmora|move: Protect
|-damage|p2a: Garganacl|24/100
|move|p1a: Glaceon|Freeze-Dry|p2a: Garganacl
|-damage|p2a: Garganacl|0 fnt
|faint|p2a: Garganacl
|
|upkeep
|
|t:|1757792035
|switch|p2a: Trevenant|Trevenant, L50, F|100/100
|turn|9
|
|t:|1757792045
|move|p2a: Trevenant|Protect|p2a: Trevenant
|-singleturn|p2a: Trevenant|Protect
|move|p1b: Espeon|Expanding Force|p2a: Trevenant|[spread] p2b
|-activate|p2a: Trevenant|move: Protect
|-supereffective|p2b: Glimmora
|-damage|p2b: Glimmora|0 fnt
|faint|p2b: Glimmora
|move|p1a: Glaceon|Icy Wind|p2a: Trevenant
|-activate|p2a: Trevenant|move: Protect
|
|upkeep
|turn|10
|
|t:|1757792062
|-terastallize|p2a: Trevenant|Normal
|move|p1b: Espeon|Expanding Force|p2a: Trevenant
|-damage|p2a: Trevenant|30/100
|-enditem|p2a: Trevenant|Sitrus Berry|[eat]
|-heal|p2a: Trevenant|55/100|[from] item: Sitrus Berry
|move|p1a: Glaceon|Icy Wind|p2a: Trevenant
|-damage|p2a: Trevenant|29/100
|-unboost|p2a: Trevenant|spe|1
|move|p2a: Trevenant|Horn Leech|p1a: Glaceon
|-damage|p1a: Glaceon|0 fnt
|-heal|p2a: Trevenant|39/100|[from] drain|[of] p1a: Glaceon
|faint|p1a: Glaceon
|
|-fieldend|move: Psychic Terrain
|-item|p2a: Trevenant|Sitrus Berry|[from] ability: Harvest
|upkeep
|-enditem|p2a: Trevenant|Sitrus Berry|[eat]
|-heal|p2a: Trevenant|64/100|[from] item: Sitrus Berry
|
|t:|1757792079
|switch|p1a: Mimikyu|Mimikyu, L50, M|76/100
|turn|11
|
|t:|1757792103
|move|p1b: Espeon|Expanding Force|p2a: Trevenant
|-damage|p2a: Trevenant|28/100
|move|p1a: Mimikyu|Play Rough|p2a: Trevenant
|-damage|p2a: Trevenant|0 fnt
|faint|p2a: Trevenant
|
|win|Esper Yuusha
||repdonovan is ready for game 2.
||Esper Yuusha is ready for game 2.
|uhtml|next|Next: Game 2 of 3
