|j|Ōśåbruno.185
|j|ŌśåSquint_TT
|html|bruno.185Squint_TT    
|uhtml|bestof|Game 2 of a best-of-3
|t:|1783783791
|gametype|doubles
|player|p1|bruno.185|steven|
|player|p2|Squint_TT|170|
|gen|9
|tier|[Gen 9 Champions] VGC 2026 Reg M-B (Bo3)
|rule|Species Clause: Limit one of each Pok├®mon
|rule|Item Clause: Limit 1 of each item
|clearpoke
|poke|p1|Pyroar, L50, F, shiny|
|poke|p1|Sableye, L50, M, shiny|
|poke|p1|Swampert, L50, M, shiny|
|poke|p1|Aggron, L50, M, shiny|
|poke|p1|Maushold, L50, shiny|
|poke|p1|Decidueye, L50, F, shiny|
|poke|p2|Eelektross, L50, F|
|poke|p2|Oranguru, L50, M|
|poke|p2|Sylveon, L50, M|
|poke|p2|Drampa, L50, F|
|poke|p2|Kingambit, L50, M|
|poke|p2|Mimikyu, L50, F|
|teampreview|4
|showteam|p1|Pyroar||Pyroarite|Rivalry|FlameCharge,ScorchingSands,HeatWave,HyperVoice|Timid||F|||50|]Sableye||LightClay|Prankster|SunnyDay,LightScreen,Reflect,KnockOff|Impish||M|||50|]Swampert||RindoBerry|Torrent|Protect,RockSlide,WaveCrash,Earthquake|Adamant||M|||50|]Aggron||Leftovers|HeavyMetal|HeavySlam,Protect,RockSlide,StealthRock|Careful||M|||50|]Maushold||KingsRock|Technician|BulletSeed,PopulationBomb,TidyUp,Protect|Jolly|||||50|]Decidueye||ExpertBelt|LongReach|SpiritShackle,ShadowSneak,SolarBeam,Protect|Sassy||F|||50|
|showteam|p2|Eelektross||Eelektrossite|Levitate|Protect,Thunderbolt,Flamethrower,GigaDrain|Quiet||F|||50|]Oranguru||MentalHerb|InnerFocus|Protect,Instruct,TrickRoom,Psychic|Sassy||M|||50|]Sylveon||FairyFeather|Pixilate|HyperVoice,HyperBeam,Protect,QuickAttack|Sassy||M|||50|]Drampa||Drampanite|CloudNine|HyperVoice,EarthPower,Protect,CalmMind|Quiet||F|||50|]Kingambit||ChopleBerry|Defiant|SuckerPunch,IronHead,KowtowCleave,Protect|Brave||M|||50|]Mimikyu||FocusSash|Disguise|TrickRoom,DestinyBond,PlayRough,Copycat|Brave||F|||50|
|
|t:|1783783867
|teamsize|p1|4
|teamsize|p2|4
|start
|switch|p1a: Maushold|Maushold, L50, shiny|100/100
|switch|p1b: Sableye|Sableye, L50, M, shiny|100/100
|switch|p2a: Oranguru|Oranguru, L50, M|100/100
|switch|p2b: Drampa|Drampa, L50, F|100/100
|-ability|p2b: Drampa|Cloud Nine
|turn|1
|c|Ōśåbruno.185|See i wasnt expecting to fight someone good round 1.
|c|ŌśåSquint_TT|oH
|c|ŌśåSquint_TT|Well
|c|ŌśåSquint_TT|Define
|c|ŌśåSquint_TT|good
|c|ŌśåSquint_TT|Cause I have focus sash mimikyu for the rest of the tournament
|c|Ōśåbruno.185|Actually spent time making a team­¤śŁ
|
|t:|1783783909
|move|p2b: Drampa|Protect|p2b: Drampa
|-singleturn|p2b: Drampa|Protect
|move|p1b: Sableye|Light Screen|p1b: Sableye
|-sidestart|p1: bruno.185|move: Light Screen
|move|p1a: Maushold|Tidy Up|p1a: Maushold
|-boost|p1a: Maushold|atk|1
|-boost|p1a: Maushold|spe|1
|move|p2a: Oranguru|Trick Room|p2a: Oranguru
|-fieldstart|move: Trick Room|[of] p2a: Oranguru
|
|upkeep
|turn|2
|
|t:|1783783943
|detailschange|p2b: Drampa|Drampa-Mega, L50, F
|-mega|p2b: Drampa|Drampa|Drampanite
|move|p2b: Drampa|Earth Power|p1a: Maushold
|-damage|p1a: Maushold|56/100
|move|p1b: Sableye|Knock Off|p2b: Drampa
|-damage|p2b: Drampa|83/100
|move|p2a: Oranguru|Instruct|p2b: Drampa
|-singleturn|p2b: Drampa|move: Instruct|[of] p2a: Oranguru
|move|p2b: Drampa|Earth Power|p1a: Maushold
|-damage|p1a: Maushold|19/100
|move|p1a: Maushold|Population Bomb|p2b: Drampa
|-damage|p2b: Drampa|68/100
|-damage|p2b: Drampa|53/100
|-damage|p2b: Drampa|37/100
|-damage|p2b: Drampa|22/100
|-damage|p2b: Drampa|8/100
|-damage|p2b: Drampa|0 fnt
|faint|p2b: Drampa
|-hitcount|p2: Drampa|6
|
|upkeep
|
|t:|1783783963
|switch|p2b: Eelektross|Eelektross, L50, F|100/100
|turn|3
|c|Ōśåbruno.185|See i judt thought of something smart but its too late now im cooked lol
|
|t:|1783783988
|move|p1a: Maushold|Protect|p1a: Maushold
|-singleturn|p1a: Maushold|Protect
|move|p2b: Eelektross|Flamethrower|p1a: Maushold
|-activate|p1a: Maushold|move: Protect
|move|p1b: Sableye|Knock Off|p2a: Oranguru
|-supereffective|p2a: Oranguru|1
|-damage|p2a: Oranguru|39/100
|-enditem|p2a: Oranguru|Mental Herb|[from] move: Knock Off|[of] p1b: Sableye
|move|p2a: Oranguru|Psychic|p1a: Maushold
|-activate|p1a: Maushold|move: Protect
|
|upkeep
|turn|4
|
|t:|1783784010
|move|p1a: Maushold|Protect|p1a: Maushold
|-singleturn|p1a: Maushold|Protect
|move|p2b: Eelektross|Thunderbolt|p1a: Maushold
|-activate|p1a: Maushold|move: Protect
|move|p1b: Sableye|Knock Off|p2a: Oranguru
|-supereffective|p2a: Oranguru|1
|-damage|p2a: Oranguru|2/100
|move|p2a: Oranguru|Psychic|p1a: Maushold
|-activate|p1a: Maushold|move: Protect
|
|upkeep
|turn|5
|
|t:|1783784028
|switch|p1a: Pyroar|Pyroar, L50, F, shiny|100/100
|move|p2b: Eelektross|Thunderbolt|p1a: Pyroar
|-damage|p1a: Pyroar|56/100
|move|p1b: Sableye|Knock Off|p2a: Oranguru
|-supereffective|p2a: Oranguru|1
|-damage|p2a: Oranguru|0 fnt
|faint|p2a: Oranguru
|
|-fieldend|move: Trick Room
|upkeep
|
|t:|1783784035
|switch|p2a: Kingambit|Kingambit, L50, M|100/100
|turn|6
|
|t:|1783784042
|detailschange|p1a: Pyroar|Pyroar-Mega, L50, F, shiny
|-mega|p1a: Pyroar|Pyroar|Pyroarite
|move|p1b: Sableye|Sunny Day|p1b: Sableye
|-weather|SunnyDay
|move|p2a: Kingambit|Sucker Punch|p1a: Pyroar
|-damage|p1a: Pyroar|7/100
|move|p1a: Pyroar|Heat Wave|p2b: Eelektross|[spread] p2a,p2b
|-supereffective|p2a: Kingambit|1
|-damage|p2a: Kingambit|0 fnt
|-damage|p2b: Eelektross|5/100
|faint|p2a: Kingambit
|move|p2b: Eelektross|Thunderbolt|p1a: Pyroar
|-damage|p1a: Pyroar|0 fnt
|faint|p1a: Pyroar
|
|-weather|SunnyDay|[upkeep]
|upkeep
|
|t:|1783784055
|switch|p1a: Maushold|Maushold, L50, shiny|19/100
|turn|7
|
|t:|1783784061
|move|p1a: Maushold|Tidy Up|p1a: Maushold
|-boost|p1a: Maushold|atk|1
|-boost|p1a: Maushold|spe|1
|move|p1b: Sableye|Knock Off|p2b: Eelektross
|-damage|p2b: Eelektross|0 fnt
|faint|p2b: Eelektross
|
|win|bruno.185
||Squint_TT is ready for game 3.
|inactive|bruno.185 has 30 seconds to confirm battle start!
||bruno.185 is ready for game 3.
|uhtml|next|Next: Game 3 of 3
