|j|☆bpinela
|j|☆OreburghRanger
|html|bpinelaOreburghRanger    
|uhtml|bestof|Game 3 of a best-of-3
|t:|1756403124
|gametype|doubles
|player|p1|bpinela|fisherman|
|player|p2|OreburghRanger|pokemonranger-gen4|
|gen|9
|tier|[Gen 9] VGC 2025 Reg H (Bo3)
|rule|Species Clause: Limit one of each Pokémon
|rule|Item Clause: Limit 1 of each item
|clearpoke
|poke|p1|Maushold-Four, L50|
|poke|p1|Ursaluna, L50, F|
|poke|p1|Hatterene, L50, F|
|poke|p1|Indeedee-F, L50, F|
|poke|p1|Gallade, L50, M|
|poke|p1|Torkoal, L50, F|
|poke|p2|Charizard, L50, M|
|poke|p2|Torkoal, L50, F|
|poke|p2|Porygon2, L50|
|poke|p2|Incineroar, L50, M|
|poke|p2|Jumpluff, L50, F|
|poke|p2|Ursaluna, L50, M|
|teampreview|4
|showteam|p1|Maushold-Four||WideLens|Technician|PopulationBomb,FollowMe,Taunt,Protect||||||50|,,,,,Poison]Ursaluna||FlameOrb|Guts|Facade,HeadlongRush,Earthquake,Protect|||F|||50|,,,,,Ghost]Hatterene||CovertCloak|MagicBounce|ExpandingForce,DazzlingGleam,TeraBlast,TrickRoom|||F|||50|,,,,,Fire]Indeedee-F||PsychicSeed|PsychicSurge|FollowMe,HelpingHand,TrickRoom,Psychic|||F|||50|,,,,,Water]Gallade||ClearAmulet|Sharpness|SacredSword,PsychoCut,WideGuard,TrickRoom|||M|||50|,,,,,Grass]Torkoal||ChoiceSpecs|Drought|Eruption,HeatWave,WeatherBall,EarthPower|||F|||50|,,,,,Fire
|showteam|p2|Charizard||ChoiceSpecs|SolarPower|HeatWave,Overheat,WeatherBall,AirSlash|||M|||50|,,,,,Ghost]Torkoal||EjectPack|Drought|Eruption,Overheat,HelpingHand,Protect|||F|||50|,,,,,Fire]Porygon2||Eviolite|Download|TeraBlast,IceBeam,Recover,TrickRoom||||||50|,,,,,Fighting]Incineroar||SafetyGoggles|Intimidate|FlareBlitz,KnockOff,FakeOut,PartingShot|||M|||50|,,,,,Ghost]Jumpluff||CovertCloak|Chlorophyll|SleepPowder,SunnyDay,RagePowder,Tailwind|||F|||50|,,,,,Water]Ursaluna||FlameOrb|Guts|HeadlongRush,Facade,Earthquake,Protect|||M|||50|,,,,,Ghost
|inactive|Battle timer is ON: inactive players will automatically lose when time's up. (requested by OreburghRanger)
|inactive|bpinela has 60 seconds left.
|
|t:|1756403162
|teamsize|p1|4
|teamsize|p2|4
|start
|switch|p1a: Indeedee|Indeedee-F, L50, F|100/100
|switch|p1b: Maushold|Maushold-Four, L50|100/100
|switch|p2a: Kenshin|Charizard, L50, M, shiny|100/100
|switch|p2b: Ryo the Stern|Torkoal, L50, F|100/100
|-fieldstart|move: Psychic Terrain|[from] ability: Psychic Surge|[of] p1a: Indeedee
|-enditem|p1a: Indeedee|Psychic Seed
|-boost|p1a: Indeedee|spd|1|[from] item: Psychic Seed
|-weather|SunnyDay|[from] ability: Drought|[of] p2b: Ryo the Stern
|turn|1
|inactive|OreburghRanger has 30 seconds left.
|inactive|OreburghRanger has 20 seconds left.
|inactive|OreburghRanger has 15 seconds left.
|
|t:|1756403212
|-terastallize|p2a: Kenshin|Ghost
|-terastallize|p1a: Indeedee|Water
|move|p1b: Maushold|Population Bomb|p2b: Ryo the Stern
|-damage|p2b: Ryo the Stern|91/100
|-damage|p2b: Ryo the Stern|83/100
|-damage|p2b: Ryo the Stern|75/100
|-damage|p2b: Ryo the Stern|65/100
|-crit|p2b: Ryo the Stern
|-damage|p2b: Ryo the Stern|53/100
|-damage|p2b: Ryo the Stern|44/100
|-damage|p2b: Ryo the Stern|36/100
|-damage|p2b: Ryo the Stern|26/100
|-damage|p2b: Ryo the Stern|17/100
|-damage|p2b: Ryo the Stern|9/100
|-hitcount|p2b: Ryo the Stern|10
|move|p2a: Kenshin|Heat Wave|p1b: Maushold|[spread] p1a,p1b
|-resisted|p1a: Indeedee
|-damage|p1a: Indeedee|67/100
|-damage|p1b: Maushold|0 fnt
|faint|p1b: Maushold
|move|p2b: Ryo the Stern|Overheat|p1a: Indeedee
|-resisted|p1a: Indeedee
|-damage|p1a: Indeedee|41/100
|-unboost|p2b: Ryo the Stern|spa|2
|-enditem|p2b: Ryo the Stern|Eject Pack
|inactive|OreburghRanger has 30 seconds left.
|
|t:|1756403242
|switch|p2b: Musashi|Incineroar, L50, M|100/100
|-ability|p2b: Musashi|Intimidate|boost
|-unboost|p1a: Indeedee|atk|1
|move|p1a: Indeedee|Trick Room|p1a: Indeedee
|-fieldstart|move: Trick Room|[of] p1a: Indeedee
|
|-weather|SunnyDay|[upkeep]
|-damage|p2a: Kenshin|88/100|[from] ability: Solar Power|[of] p2a: Kenshin
|upkeep
|
|t:|1756403250
|switch|p1b: Ursaluna|Ursaluna, L50, F|100/100
|turn|2
|inactive|OreburghRanger has 30 seconds left.
|inactive|bpinela has 30 seconds left.
|inactive|OreburghRanger has 20 seconds left.
|inactive|bpinela has 20 seconds left.
|
|t:|1756403292
|move|p1a: Indeedee|Follow Me|p1a: Indeedee
|-singleturn|p1a: Indeedee|move: Follow Me
|move|p1b: Ursaluna|Headlong Rush|p2a: Kenshin
|-damage|p2a: Kenshin|0 fnt
|-unboost|p1b: Ursaluna|def|1
|-unboost|p1b: Ursaluna|spd|1
|faint|p2a: Kenshin
|move|p2b: Musashi|Flare Blitz|p1a: Indeedee
|-resisted|p1a: Indeedee
|-damage|p1a: Indeedee|5/100
|-damage|p2b: Musashi|90/100|[from] Recoil
|
|-weather|SunnyDay|[upkeep]
|-status|p1b: Ursaluna|brn|[from] item: Flame Orb
|upkeep
|
|t:|1756403303
|switch|p2a: Ryo the Stern|Torkoal, L50, F|9/100
|turn|3
|
|t:|1756403321
|move|p1a: Indeedee|Follow Me|p1a: Indeedee
|-singleturn|p1a: Indeedee|move: Follow Me
|move|p2a: Ryo the Stern|Overheat|p1a: Indeedee
|-resisted|p1a: Indeedee
|-damage|p1a: Indeedee|0 fnt
|-unboost|p2a: Ryo the Stern|spa|2
|faint|p1a: Indeedee
|move|p1b: Ursaluna|Earthquake|p2b: Musashi|[spread] p2a,p2b
|-supereffective|p2a: Ryo the Stern
|-supereffective|p2b: Musashi
|-damage|p2a: Ryo the Stern|0 fnt
|-damage|p2b: Musashi|0 fnt
|faint|p2a: Ryo the Stern
|faint|p2b: Musashi
|
|-weather|SunnyDay|[upkeep]
|-damage|p1b: Ursaluna|95/100 brn|[from] brn
|upkeep
|
|t:|1756403334
|switch|p1a: Hatterene|Hatterene, L50, F|100/100
|switch|p2b: Koshamain|Ursaluna, L50, M|100/100
|turn|4
|
|t:|1756403343
|move|p2b: Koshamain|Protect|p2b: Koshamain
|-singleturn|p2b: Koshamain|Protect
|move|p1a: Hatterene|Expanding Force|p2b: Koshamain
|-activate|p2b: Koshamain|move: Protect
|move|p1b: Ursaluna|Facade|p2b: Koshamain
|-activate|p2b: Koshamain|move: Protect
|
|-weather|SunnyDay|[upkeep]
|-damage|p1b: Ursaluna|89/100 brn|[from] brn
|-status|p2b: Koshamain|brn|[from] item: Flame Orb
|upkeep
|turn|5
|
|t:|1756403353
|move|p2b: Koshamain|Protect||[still]
|-fail|p2b: Koshamain
|move|p1a: Hatterene|Expanding Force|p2b: Koshamain
|-damage|p2b: Koshamain|10/100 brn
|move|p1b: Ursaluna|Facade|p2b: Koshamain
|-damage|p2b: Koshamain|0 fnt
|faint|p2b: Koshamain
|
|win|bpinela
