|j|☆RikuXmas
|j|☆Schwede1
|html|RikuXmasSchwede1    
|uhtml|bestof|Game 2 of a best-of-3
|t:|1757919186
|gametype|doubles
|player|p1|RikuXmas|marlon|1178
|player|p2|Schwede1|101|1082
|gen|9
|tier|[Gen 9] VGC 2025 Reg H (Bo3)
|rated|
|rule|Species Clause: Limit one of each Pokémon
|rule|Item Clause: Limit 1 of each item
|clearpoke
|poke|p1|Pelipper, L50, F|
|poke|p1|Charizard, L50, F|
|poke|p1|Rillaboom, L50, M|
|poke|p1|Gholdengo, L50|
|poke|p1|Kommo-o, L50, M|
|poke|p1|Clefable, L50, F|
|poke|p2|Volcarona, L50, M|
|poke|p2|Sneasler, L50, F|
|poke|p2|Basculegion, L50, M|
|poke|p2|Archaludon, L50, F|
|poke|p2|Pelipper, L50, M|
|poke|p2|Kleavor, L50, M|
|teampreview|4
|showteam|p1|Pelipper||FocusSash|Drizzle|Protect,Tailwind,Hurricane,WeatherBall|||F|||50|,,,,,Grass]Charizard||LifeOrb|Blaze|Protect,Hurricane,HeatWave,ScorchingSands|||F|||50|,,,,,Grass]Rillaboom||AssaultVest|GrassySurge|FakeOut,GrassyGlide,WoodHammer,StompingTantrum|||M|||50|,,,,,Fire]Gholdengo||WiseGlasses|GoodasGold|Protect,NastyPlot,ShadowBall,MakeItRain||||||50|,,,,,Steel]Kommo-o||ThroatSpray|Bulletproof|Protect,AuraSphere,ClangingScales,ClangorousSoul|||M|||50|,,,,,Steel]Clefable||SitrusBerry|Unaware|Protect,FollowMe,Moonblast,ThunderWave|||F|||50|,,,,,Water
|showteam|p2|Volcarona||RockyHelmet|FlameBody|HeatWave,FieryDance,GigaDrain,QuiverDance|||M|||50|,,,,,Grass]Sneasler||FocusSash|Unburden|FakeOut,DireClaw,ThroatChop,CloseCombat|||F|||50|,,,,,Steel]Basculegion||ChoiceBand|SwiftSwim|Liquidation,FlipTurn,LastRespects,IceFang|||M|||50|,,,,,Dragon]Archaludon||AssaultVest|Stamina|ElectroShot,BodyPress,DragonPulse,FlashCannon|||F|||50|,,,,,Fairy]Pelipper||DampRock|Drizzle|Hurricane,WeatherBall,Protect,Tailwind|||M|||50|,,,,,Fire]Kleavor||CovertCloak|Sharpness|StoneAxe,XScissor,NightSlash,CloseCombat|||M|||50|,,,,,Dark
|inactive|Battle timer is ON: inactive players will automatically lose when time's up. (requested by Schwede1)
|inactive|RikuXmas has 60 seconds left.
|
|t:|1757919224
|teamsize|p1|4
|teamsize|p2|4
|start
|switch|p1a: Tempest|Pelipper, L50, F, shiny|100/100
|switch|p1b: Burstinatrix|Charizard, L50, F, shiny|100/100
|switch|p2a: Volcarona|Volcarona, L50, M|100/100
|switch|p2b: Sneasler|Sneasler, L50, F|100/100
|-weather|RainDance|[from] ability: Drizzle|[of] p1a: Tempest
|turn|1
|inactive|RikuXmas has 30 seconds left.
|inactive|Schwede1 has 30 seconds left.
|inactive|Schwede1 has 20 seconds left.
|inactive|Schwede1 has 15 seconds left.
|
|t:|1757919265
|switch|p2a: Archaludon|Archaludon, L50, F|100/100
|move|p2b: Sneasler|Fake Out|p1a: Tempest
|-damage|p1a: Tempest|80/100
|move|p1b: Burstinatrix|Hurricane|p2a: Archaludon
|-resisted|p2a: Archaludon
|-damage|p2a: Archaludon|75/100
|-ability|p2a: Archaludon|Stamina|boost
|-boost|p2a: Archaludon|def|1
|-damage|p1b: Burstinatrix|91/100|[from] item: Life Orb
|cant|p1a: Tempest|flinch
|
|-weather|RainDance|[upkeep]
|upkeep
|turn|2
|inactive|RikuXmas has 30 seconds left.
|inactive|Schwede1 has 30 seconds left.
|inactive|RikuXmas has 20 seconds left.
|inactive|RikuXmas has 15 seconds left.
|inactive|RikuXmas has 10 seconds left.
|inactive|RikuXmas has 5 seconds left.
|
|t:|1757919320
|-terastallize|p2a: Archaludon|Fairy
|move|p1b: Burstinatrix|Protect|p1b: Burstinatrix
|-singleturn|p1b: Burstinatrix|Protect
|move|p1a: Tempest|Protect|p1a: Tempest
|-singleturn|p1a: Tempest|Protect
|move|p2b: Sneasler|Dire Claw|p1b: Burstinatrix
|-activate|p1b: Burstinatrix|move: Protect
|move|p2a: Archaludon|Electro Shot||[still]
|-prepare|p2a: Archaludon|Electro Shot
|-boost|p2a: Archaludon|spa|1
|-anim|p2a: Archaludon|Electro Shot|p1a: Tempest
|-activate|p1a: Tempest|move: Protect
|
|-weather|RainDance|[upkeep]
|upkeep
|turn|3
|inactive|RikuXmas has 30 seconds left.
|
|t:|1757919349
|switch|p1a: Faris|Clefable, L50, F, shiny|100/100
|move|p2b: Sneasler|Dire Claw|p1b: Burstinatrix
|-damage|p1b: Burstinatrix|28/100
|move|p1b: Burstinatrix|Hurricane|p2a: Archaludon
|-damage|p2a: Archaludon|23/100
|-ability|p2a: Archaludon|Stamina|boost
|-boost|p2a: Archaludon|def|1
|-damage|p1b: Burstinatrix|18/100|[from] item: Life Orb
|move|p2a: Archaludon|Electro Shot||[still]
|-prepare|p2a: Archaludon|Electro Shot
|-boost|p2a: Archaludon|spa|1
|-anim|p2a: Archaludon|Electro Shot|p1a: Faris
|-damage|p1a: Faris|71/100
|
|-weather|RainDance|[upkeep]
|upkeep
|turn|4
|inactive|RikuXmas has 30 seconds left.
|inactive|Schwede1 has 30 seconds left.
|inactive|Schwede1 has 20 seconds left.
|inactive|Schwede1 has 15 seconds left.
|inactive|Schwede1 has 10 seconds left.
|inactive|Schwede1 has 5 seconds left.
|
|t:|1757919401
|-terastallize|p1a: Faris|Water
|move|p1b: Burstinatrix|Protect|p1b: Burstinatrix
|-singleturn|p1b: Burstinatrix|Protect
|move|p2b: Sneasler|Dire Claw|p1a: Faris
|-damage|p1a: Faris|26/100
|-enditem|p1a: Faris|Sitrus Berry|[eat]
|-heal|p1a: Faris|50/100|[from] item: Sitrus Berry
|move|p2a: Archaludon|Electro Shot||[still]
|-prepare|p2a: Archaludon|Electro Shot
|-boost|p2a: Archaludon|spa|1
|-anim|p2a: Archaludon|Electro Shot|p1b: Burstinatrix
|-activate|p1b: Burstinatrix|move: Protect
|move|p1a: Faris|Thunder Wave|p2b: Sneasler
|-status|p2b: Sneasler|par
|
|-weather|RainDance|[upkeep]
|upkeep
|turn|5
|inactive|Schwede1 has 30 seconds left.
|
|t:|1757919426
|move|p1b: Burstinatrix|Hurricane|p2a: Archaludon
|-damage|p2a: Archaludon|0 fnt
|faint|p2a: Archaludon
|-damage|p1b: Burstinatrix|8/100|[from] item: Life Orb
|move|p2b: Sneasler|Dire Claw|p1b: Burstinatrix
|-damage|p1b: Burstinatrix|0 fnt
|faint|p1b: Burstinatrix
|move|p1a: Faris|Moonblast|p2b: Sneasler
|-damage|p2b: Sneasler|55/100 par
|
|-weather|none
|upkeep
|
|t:|1757919443
|switch|p1b: Tempest|Pelipper, L50, F, shiny|80/100
|switch|p2a: Volcarona|Volcarona, L50, M|100/100
|-weather|RainDance|[from] ability: Drizzle|[of] p1b: Tempest
|turn|6
|inactive|Schwede1 has 30 seconds left.
|
|t:|1757919475
|switch|p1a: Trinity|Kommo-o, L50, M, shiny|100/100
|move|p2a: Volcarona|Giga Drain|p1b: Tempest
|-damage|p1b: Tempest|37/100
|move|p1b: Tempest|Hurricane|p2b: Sneasler
|-supereffective|p2b: Sneasler
|-damage|p2b: Sneasler|0 fnt
|faint|p2b: Sneasler
|
|-weather|RainDance|[upkeep]
|upkeep
|
|t:|1757919484
|switch|p2b: Basculegion|Basculegion, L50, M|100/100
|turn|7
|inactive|RikuXmas has 30 seconds left.
|inactive|RikuXmas has 20 seconds left.
|inactive|RikuXmas has 15 seconds left.
|inactive|RikuXmas has 10 seconds left.
|
|t:|1757919530
|move|p2b: Basculegion|Last Respects|p1a: Trinity
|-damage|p1a: Trinity|0 fnt
|faint|p1a: Trinity
|move|p2a: Volcarona|Giga Drain|p1b: Tempest
|-damage|p1b: Tempest|0 fnt
|faint|p1b: Tempest
|
|-weather|RainDance|[upkeep]
|upkeep
|
|t:|1757919545
|switch|p1b: Faris|Clefable, L50, F, shiny, tera:Water|50/100
|turn|8
|-message|RikuXmas forfeited.
|
|win|Schwede1
|l|☆RikuXmas
|player|p1|
||RikuXmas is ready for game 3.
|inactive|Schwede1 has 30 seconds to confirm battle start!
|inactive|Schwede1 has 20 seconds to confirm battle start!
|inactive|Schwede1 has 10 seconds to confirm battle start!
||Schwede1 is ready for game 3.
|uhtml|next|Next: Game 3 of 3
