|j|‚òÜElia Valkyr
|j|‚òÜfroslass12345
|html|Elia Valkyrfroslass12345    
|uhtml|bestof|Game 2 of a best-of-3
|t:|1784917722
|gametype|doubles
|player|p1|Elia Valkyr|266|
|player|p2|froslass12345|jasmine-gen2|
|gen|9
|tier|[Gen 9 Champions] VGC 2026 Reg M-B (Bo3)
|rule|Species Clause: Limit one of each Pok√©mon
|rule|Item Clause: Limit 1 of each item
|clearpoke
|poke|p1|Delphox, L50, F, shiny|
|poke|p1|Kingambit, L50, F|
|poke|p1|Incineroar, L50, F|
|poke|p1|Sneasler, L50, F|
|poke|p1|Sinistcha, L50|
|poke|p1|Floette-Eternal, L50, F|
|poke|p2|Kingambit, L50, F|
|poke|p2|Dragonite, L50, F|
|poke|p2|Basculegion, L50, M|
|poke|p2|Froslass, L50, F|
|poke|p2|Sneasler, L50, M|
|poke|p2|Garchomp, L50, M|
|teampreview|4
|showteam|p1|Delphox||Delphoxite|Blaze|Protect,HeatWave,Psychic,NastyPlot|Timid||F|||50|]Kingambit||BlackGlasses|Defiant|Protect,SwordsDance,SuckerPunch,KowtowCleave|Adamant||F|||50|]Incineroar||SitrusBerry|Intimidate|FakeOut,FlareBlitz,ThroatChop,PartingShot|Impish||F|||50|]Sneasler||FocusSash|PoisonTouch|QuickGuard,FakeOut,PoisonJab,CloseCombat|Jolly||F|||50|]Sinistcha||OccaBerry|Hospitality|RagePowder,LifeDew,MatchaGotcha,TrickRoom|Bold|||||50|]Floette-Eternal||Floettite|FlowerVeil|Protect,DrainingKiss,DazzlingGleam,CalmMind|Modest||F|||50|
|showteam|p2|Kingambit||BlackGlasses|Defiant|KowtowCleave,SuckerPunch,IronHead,Protect|Adamant||F|||50|]Dragonite||Dragoninite|Multiscale|Flamethrower,Protect,Thunderbolt,DragonPulse|Modest||F|||50|]Basculegion||SitrusBerry|Adaptability|LastRespects,Protect,WaveCrash,AquaJet|Adamant||M|||50|]Froslass||Froslassite|CursedBody|ShadowBall,AuroraVeil,Blizzard,Protect|Modest||F|||50|]Sneasler||WhiteHerb|Unburden|Protect,DireClaw,FakeOut,CloseCombat|Jolly||M|||50|]Garchomp||RoseliBerry|RoughSkin|RockSlide,DragonClaw,Protect,Earthquake|Jolly||M|||50|
|
|t:|1784917749
|teamsize|p1|4
|teamsize|p2|4
|start
|switch|p1a: fops|Delphox, L50, F, shiny|100/100
|switch|p1b: butch lesbian|Sneasler, L50, F|100/100
|switch|p2a: Dragonite|Dragonite, L50, F|100/100
|switch|p2b: Sneasler|Sneasler, L50, M|100/100
|turn|1
|c|‚òÜElia Valkyr|see where it says open team sheet
|c|‚òÜElia Valkyr|you can check my moves
|c|‚òÜfroslass12345|look at my cool dragonites set
|c|‚òÜfroslass12345|i stole it
|c|‚òÜElia Valkyr|nice
|c|‚òÜElia Valkyr|it is cool
|c|‚òÜfroslass12345|i feel like im going to be 0-3 vs delphox after this match
|c|‚òÜElia Valkyr|i always do badly with floette
|c|‚òÜfroslass12345|u are probably setting up 6 calm mind heat waves
|c|‚òÜElia Valkyr|so delphox it is
|c|‚òÜElia Valkyr|i dont have calm mind :D
|
|t:|1784917863
|detailschange|p1a: fops|Delphox-Mega, L50, F, shiny
|-mega|p1a: fops|Delphox|Delphoxite
|detailschange|p2a: Dragonite|Dragonite-Mega, L50, F
|-mega|p2a: Dragonite|Dragonite|Dragoninite
|move|p1b: butch lesbian|Fake Out|p2b: Sneasler
|-damage|p2b: Sneasler|74/100
|cant|p2b: Sneasler|flinch
|move|p1a: fops|Nasty Plot|p1a: fops
|-boost|p1a: fops|spa|2
|move|p2a: Dragonite|Dragon Pulse|p1a: fops
|-damage|p1a: fops|57/100
|
|upkeep
|turn|2
|c|‚òÜfroslass12345|i can salvage this
|
|t:|1784917911
|move|p1a: fops|Protect|p1a: fops
|-singleturn|p1a: fops|Protect
|move|p1b: butch lesbian|Poison Jab|p2a: Dragonite
|-damage|p2a: Dragonite|80/100
|move|p2b: Sneasler|Dire Claw|p1a: fops
|-activate|p1a: fops|move: Protect
|move|p2a: Dragonite|Dragon Pulse|p1a: fops
|-activate|p1a: fops|move: Protect
|
|upkeep
|turn|3
|c|‚òÜfroslass12345|that went as poorly as a turn could have gone
|c|‚òÜElia Valkyr|heheh
|
|t:|1784917940
|switch|p1b: tea time|Sinistcha, L50|100/100
|-heal|p1a: fops|82/100|[from] ability: Hospitality|[of] p1b: tea time
|move|p1a: fops|Psychic|p2a: Dragonite
|-damage|p2a: Dragonite|0 fnt
|faint|p2a: Dragonite
|move|p2b: Sneasler|Dire Claw|p1a: fops
|-damage|p1a: fops|42/100
|
|upkeep
|
|t:|1784917948
|switch|p2a: Basculegion|Basculegion, L50, M|100/100
|turn|4
|c|‚òÜElia Valkyr|the feesh
|c|‚òÜfroslass12345|imagine if i had aurora veil up and rain and 3 amnesia's
|
|t:|1784917981
|move|p1b: tea time|Rage Powder|p1b: tea time
|-singleturn|p1b: tea time|move: Rage Powder
|move|p1a: fops|Psychic|p2b: Sneasler
|-supereffective|p2b: Sneasler|2
|-damage|p2b: Sneasler|0 fnt
|faint|p2b: Sneasler
|move|p2a: Basculegion|Last Respects|p1b: tea time
|-supereffective|p1b: tea time|1
|-damage|p1b: tea time|0 fnt
|faint|p1b: tea time
|
|upkeep
|
|t:|1784918008
|switch|p2b: Garchomp|Garchomp, L50, M|100/100
|switch|p1b: butch lesbian|Sneasler, L50, F|100/100
|turn|5
|
|t:|1784918025
|move|p1b: butch lesbian|Fake Out|p2b: Garchomp
|-damage|p2b: Garchomp|84/100
|-damage|p1b: butch lesbian|87/100|[from] ability: Rough Skin|[of] p2b: Garchomp
|move|p2a: Basculegion|Aqua Jet|p1a: fops
|-supereffective|p1a: fops|1
|-damage|p1a: fops|0 fnt
|faint|p1a: fops
|cant|p2b: Garchomp|flinch
|
|upkeep
|c|‚òÜElia Valkyr|noooooooo
|c|‚òÜElia Valkyr|that kills????
|c|‚òÜElia Valkyr|unbelievable
|c|‚òÜfroslass12345|im focusing so hard im locking in
|
|t:|1784918038
|switch|p1a: cringegambit|Kingambit, L50, F|100/100
|turn|6
|c|‚òÜElia Valkyr|i thought i'd live
|c|‚òÜfroslass12345|the fish is kind of insane
|
|t:|1784918081
|move|p1b: butch lesbian|Quick Guard|p1b: butch lesbian
|-singleturn|p1b: butch lesbian|Quick Guard
|move|p2b: Garchomp|Rock Slide|p1a: cringegambit|[spread] p1a,p1b
|-resisted|p1a: cringegambit|1
|-resisted|p1b: butch lesbian|1
|-damage|p1a: cringegambit|94/100
|-damage|p1b: butch lesbian|75/100
|move|p2a: Basculegion|Wave Crash|p1b: butch lesbian
|-damage|p1b: butch lesbian|0 fnt
|faint|p1b: butch lesbian
|-damage|p2a: Basculegion|80/100|[from] Recoil
|cant|p1a: cringegambit|flinch
|
|upkeep
|turn|7
|c|‚òÜfroslass12345|adaptability wave crash
|c|‚òÜElia Valkyr|well
|c|‚òÜfroslass12345|sorry for flinch
|c|‚òÜElia Valkyr|rip
|c|‚òÜElia Valkyr|LOL
|
|t:|1784918104
|move|p1a: cringegambit|Sucker Punch|p2a: Basculegion
|-supereffective|p2a: Basculegion|1
|-damage|p2a: Basculegion|0 fnt
|faint|p2a: Basculegion
|move|p2b: Garchomp|Dragon Claw|p1a: cringegambit
|-resisted|p1a: cringegambit|1
|-damage|p1a: cringegambit|82/100
|
|upkeep
|turn|8
|c|‚òÜElia Valkyr|WINNABLE
|c|‚òÜfroslass12345|i should have clicked earthquake sob
|
|t:|1784918120
|move|p1a: cringegambit|Sucker Punch|p2b: Garchomp
|-damage|p2b: Garchomp|32/100
|-damage|p1a: cringegambit|70/100|[from] ability: Rough Skin|[of] p2b: Garchomp
|move|p2b: Garchomp|Earthquake|p1a: cringegambit
|-supereffective|p1a: cringegambit|1
|-damage|p1a: cringegambit|6/100
|
|upkeep
|turn|9
|c|‚òÜElia Valkyr|WINNABLE
|
|t:|1784918139
|move|p2b: Garchomp|Protect|p2b: Garchomp
|-singleturn|p2b: Garchomp|Protect
|move|p1a: cringegambit|Protect||[still]
|-fail|p1a: cringegambit
|
|upkeep
|turn|10
|c|‚òÜElia Valkyr|xddd
|
|t:|1784918148
|move|p2b: Garchomp|Protect||[still]
|-fail|p2b: Garchomp
|move|p1a: cringegambit|Sucker Punch||[still]
|-fail|p1a: cringegambit
|
|upkeep
|turn|11
|c|‚òÜfroslass12345|this is crazy
|c|‚òÜElia Valkyr|hahahah
|c|‚òÜfroslass12345|i can pp stall your sucker punchs
|c|‚òÜElia Valkyr|you can try
|c|‚òÜfroslass12345|but i think if you attack i die
|c|‚òÜElia Valkyr|:D
|c|‚òÜfroslass12345|i have to guess five 50/50s in a row
|
|t:|1784918211
|move|p2b: Garchomp|Protect|p2b: Garchomp
|-singleturn|p2b: Garchomp|Protect
|move|p1a: cringegambit|Protect||[still]
|-fail|p1a: cringegambit
|
|upkeep
|turn|12
|c|‚òÜElia Valkyr|i dont think you can pp stall me
|c|‚òÜfroslass12345|i think i can
|c|‚òÜfroslass12345|right
|
|t:|1784918251
|move|p2b: Garchomp|Protect||[still]
|-fail|p2b: Garchomp
|move|p1a: cringegambit|Sucker Punch||[still]
|-fail|p1a: cringegambit
|
|upkeep
|turn|13
|c|‚òÜElia Valkyr|i can alternate between sucker and protect
|c|‚òÜfroslass12345|OH
|c|‚òÜfroslass12345|SO I GUARANTEE LOST?
|c|‚òÜfroslass12345|and i hadnt even realized..
|
|t:|1784918292
|move|p2b: Garchomp|Protect|p2b: Garchomp
|-singleturn|p2b: Garchomp|Protect
|move|p1a: cringegambit|Protect||[still]
|-fail|p1a: cringegambit
|
|upkeep
|turn|14
|c|‚òÜElia Valkyr|teleports behind you
|c|‚òÜfroslass12345|LOL
|
|t:|1784918306
|move|p2b: Garchomp|Protect||[still]
|-fail|p2b: Garchomp
|move|p1a: cringegambit|Sucker Punch||[still]
|-fail|p1a: cringegambit
|
|upkeep
|turn|15
|c|‚òÜfroslass12345|im losing but im smiling
|
|t:|1784918312
|move|p1a: cringegambit|Protect|p1a: cringegambit
|-singleturn|p1a: cringegambit|Protect
|move|p2b: Garchomp|Earthquake|p1a: cringegambit
|-activate|p1a: cringegambit|move: Protect
|
|upkeep
|turn|16
|c|‚òÜElia Valkyr|:D
|
|t:|1784918320
|move|p2b: Garchomp|Protect|p2b: Garchomp
|-singleturn|p2b: Garchomp|Protect
|move|p1a: cringegambit|Sucker Punch||[still]
|-fail|p1a: cringegambit
|
|upkeep
|turn|17
|
|t:|1784918331
|move|p2b: Garchomp|Protect||[still]
|-fail|p2b: Garchomp
|move|p1a: cringegambit|Protect||[still]
|-fail|p1a: cringegambit
|
|upkeep
|turn|18
|
|t:|1784918338
|move|p1a: cringegambit|Sucker Punch|p2b: Garchomp
|-damage|p2b: Garchomp|0 fnt
|-damage|p1a: cringegambit|0 fnt|[from] ability: Rough Skin|[of] p2b: Garchomp
|faint|p2b: Garchomp
|faint|p1a: cringegambit
|
|win|Elia Valkyr
|c|‚òÜElia Valkyr|hhahahah they both die
|inactive|Elia Valkyr has 30 seconds to confirm battle start!
|inactive|froslass12345 has 30 seconds to confirm battle start!
||Elia Valkyr is ready for game 3.
|inactive|froslass12345 has 20 seconds to confirm battle start!
||froslass12345 is ready for game 3.
|uhtml|next|Next: Game 3 of 3
