|j|☆cobalt6767
|j|☆Jasondddd
|html|cobalt6767Jasondddd    
|uhtml|bestof|Game 1 of a best-of-3
|t:|1757910647
|gametype|doubles
|player|p1|cobalt6767|265|1206
|player|p2|Jasondddd|169|1329
|gen|9
|tier|[Gen 9] VGC 2025 Reg H (Bo3)
|rated|
|rule|Species Clause: Limit one of each Pokémon
|rule|Item Clause: Limit 1 of each item
|clearpoke
|poke|p1|Sneasler, L50, M|
|poke|p1|Primarina, L50, F|
|poke|p1|Kingambit, L50, M|
|poke|p1|Rillaboom, L50, M|
|poke|p1|Electabuzz, L50, M|
|poke|p1|Dragapult, L50, F|
|poke|p2|Volcarona, L50, M|
|poke|p2|Electabuzz, L50, M|
|poke|p2|Rillaboom, L50, F|
|poke|p2|Murkrow, L50, F|
|poke|p2|Ursaluna-Bloodmoon, L50, M|
|poke|p2|Basculegion, L50, M|
|teampreview|4
|showteam|p1|Sneasler||FocusSash|PoisonTouch|DireClaw,CloseCombat,Protect,FakeOut|||M|||50|,,,,,Stellar]Primarina||ThroatSpray|LiquidVoice|Protect,HyperVoice,Moonblast,Haze|||F|||50|,,,,,Poison]Kingambit||BlackGlasses|Defiant|KowtowCleave,SwordsDance,SuckerPunch,Protect|||M|||50|,,,,,Dark]Rillaboom||AssaultVest|GrassySurge|WoodHammer,Uturn,GrassyGlide,FakeOut|||M|||50|,,,,,Fire]Electabuzz||Eviolite|VitalSpirit|Electroweb,Taunt,Protect,FollowMe|||M|||50|,,,,,Fairy]Dragapult||ChoiceBand|ClearBody|DragonDarts,Uturn,PhantomForce,Outrage|||F|||50|,,,,,Dragon
|showteam|p2|Volcarona||CovertCloak|FlameBody|Protect,QuiverDance,HeatWave,TeraBlast|||M|||50|,,,,,Dragon]Electabuzz||Eviolite|VitalSpirit|Protect,Thunderbolt,Taunt,FollowMe|||M|||50|,,,,,Fairy]Rillaboom||AssaultVest|GrassySurge|FakeOut,GrassyGlide,WoodHammer,Uturn|||F|||50|,,,,,Fire]Murkrow||FocusSash|Prankster|Protect,FoulPlay,Tailwind,Haze|||F|||50|,,,,,Ghost]Ursaluna-Bloodmoon||LifeOrb|MindsEye|Protect,EarthPower,HyperVoice,BloodMoon|||M|||50|,,,,,Normal]Basculegion||ChoiceScarf|Adaptability|FlipTurn,AquaJet,LastRespects,WaveCrash|||M|||50|,,,,,Fairy
|inactive|Battle timer is ON: inactive players will automatically lose when time's up. (requested by cobalt6767)
|inactive|Jasondddd has 60 seconds left.
|
|t:|1757910714
|teamsize|p1|4
|teamsize|p2|4
|start
|switch|p1a: Sneasler|Sneasler, L50, M|100/100
|switch|p1b: Primarina|Primarina, L50, F|100/100
|switch|p2a: Basculegion|Basculegion, L50, M|100/100
|switch|p2b: Electabuzz|Electabuzz, L50, M|100/100
|turn|1
|inactive|cobalt6767 has 30 seconds left.
|inactive|Jasondddd has 30 seconds left.
|inactive|Jasondddd has 20 seconds left.
|
|t:|1757910749
|move|p2a: Basculegion|Flip Turn|p1a: Sneasler
|-damage|p1a: Sneasler|31/100
|
|t:|1757910753
|switch|p2a: Volcarona|Volcarona, L50, M|100/100|[from] Flip Turn
|move|p1a: Sneasler|Dire Claw|p2a: Volcarona
|-damage|p2a: Volcarona|47/100
|move|p2b: Electabuzz|Thunderbolt|p1b: Primarina
|-supereffective|p1b: Primarina
|-damage|p1b: Primarina|45/100
|move|p1b: Primarina|Hyper Voice|p2b: Electabuzz|[spread] p2a,p2b
|-supereffective|p2a: Volcarona
|-damage|p2a: Volcarona|0 fnt
|-damage|p2b: Electabuzz|70/100
|faint|p2a: Volcarona
|-enditem|p1b: Primarina|Throat Spray
|-boost|p1b: Primarina|spa|1|[from] item: Throat Spray
|
|upkeep
|
|t:|1757910769
|switch|p2a: Basculegion|Basculegion, L50, M|100/100
|turn|2
|
|t:|1757910791
|move|p2b: Electabuzz|Follow Me|p2b: Electabuzz
|-singleturn|p2b: Electabuzz|move: Follow Me
|move|p2a: Basculegion|Last Respects|p1b: Primarina
|-damage|p1b: Primarina|0 fnt
|faint|p1b: Primarina
|move|p1a: Sneasler|Dire Claw|p2b: Electabuzz
|-damage|p2b: Electabuzz|31/100
|-status|p2b: Electabuzz|psn|[from] ability: Poison Touch|[of] p1a: Sneasler
|
|-damage|p2b: Electabuzz|19/100 psn|[from] psn
|upkeep
|
|t:|1757910805
|switch|p1b: Kingambit|Kingambit, L50, M|100/100
|turn|3
|
|t:|1757910817
|move|p2a: Basculegion|Last Respects|p1a: Sneasler
|-damage|p1a: Sneasler|0 fnt
|faint|p1a: Sneasler
|move|p2b: Electabuzz|Taunt|p1b: Kingambit
|-start|p1b: Kingambit|move: Taunt
|move|p1b: Kingambit|Kowtow Cleave|p2a: Basculegion
|-supereffective|p2a: Basculegion
|-damage|p2a: Basculegion|0 fnt
|faint|p2a: Basculegion
|
|-damage|p2b: Electabuzz|7/100 psn|[from] psn
|upkeep
|
|t:|1757910831
|switch|p1a: Dragapult|Dragapult, L50, F|100/100
|switch|p2a: Ursaluna|Ursaluna-Bloodmoon, L50, M|100/100
|turn|4
|inactive|Jasondddd has 30 seconds left.
|
|t:|1757910856
|-terastallize|p2b: Electabuzz|Fairy
|-terastallize|p1b: Kingambit|Dark
|move|p2b: Electabuzz|Follow Me|p2b: Electabuzz
|-singleturn|p2b: Electabuzz|move: Follow Me
|move|p1a: Dragapult|Dragon Darts|p2b: Electabuzz
|-immune|p2b: Electabuzz
|move|p2a: Ursaluna|Blood Moon|p1a: Dragapult
|-damage|p1a: Dragapult|0 fnt
|faint|p1a: Dragapult
|-damage|p2a: Ursaluna|91/100|[from] item: Life Orb
|move|p1b: Kingambit|Kowtow Cleave|p2b: Electabuzz
|-resisted|p2b: Electabuzz
|-damage|p2b: Electabuzz|0 fnt
|faint|p2b: Electabuzz
|
|upkeep
|turn|5
|
|t:|1757910876
|move|p2a: Ursaluna|Protect|p2a: Ursaluna
|-singleturn|p2a: Ursaluna|Protect
|move|p1b: Kingambit|Kowtow Cleave|p2a: Ursaluna
|-activate|p2a: Ursaluna|move: Protect
|
|-end|p1b: Kingambit|move: Taunt
|upkeep
|turn|6
|
|t:|1757910885
|move|p1b: Kingambit|Protect|p1b: Kingambit
|-singleturn|p1b: Kingambit|Protect
|move|p2a: Ursaluna|Blood Moon|p1b: Kingambit
|-activate|p1b: Kingambit|move: Protect
|
|upkeep
|turn|7
|
|t:|1757910896
|move|p2a: Ursaluna|Protect|p2a: Ursaluna
|-singleturn|p2a: Ursaluna|Protect
|move|p1b: Kingambit|Swords Dance|p1b: Kingambit
|-boost|p1b: Kingambit|atk|2
|
|upkeep
|turn|8
|
|t:|1757910903
|move|p1b: Kingambit|Protect|p1b: Kingambit
|-singleturn|p1b: Kingambit|Protect
|move|p2a: Ursaluna|Blood Moon|p1b: Kingambit
|-activate|p1b: Kingambit|move: Protect
|
|upkeep
|turn|9
|
|t:|1757910918
|move|p2a: Ursaluna|Hyper Voice|p1b: Kingambit
|-damage|p1b: Kingambit|37/100
|-damage|p2a: Ursaluna|81/100|[from] item: Life Orb
|move|p1b: Kingambit|Kowtow Cleave|p2a: Ursaluna
|-damage|p2a: Ursaluna|0 fnt
|faint|p2a: Ursaluna
|
|win|cobalt6767
