|j|☆rodry3
|j|☆Cozmoonshowdown
|html|rodry3Cozmoonshowdown    
|uhtml|bestof|Game 2 of a best-of-3
|t:|1783174170
|gametype|doubles
|player|p1|rodry3|roxie|1139
|player|p2|Cozmoonshowdown|kieran-champion|1040
|gen|9
|tier|[Gen 9 Champions] VGC 2026 Reg M-B (Bo3)
|rated|
|rule|Species Clause: Limit one of each Pokémon
|rule|Item Clause: Limit 1 of each item
|clearpoke
|poke|p1|Blastoise, L50, M|
|poke|p1|Sableye, L50, M|
|poke|p1|Sinistcha, L50|
|poke|p1|Farigiraf, L50, M|
|poke|p1|Sneasler, L50, F|
|poke|p1|Espathra, L50, F|
|poke|p2|Metagross, L50, shiny|
|poke|p2|Archaludon, L50, F|
|poke|p2|Pelipper, L50, F|
|poke|p2|Swampert, L50, F, shiny|
|poke|p2|Grimmsnarl, L50, M|
|poke|p2|Sinistcha, L50|
|teampreview|4
|showteam|p1|Blastoise||Blastoisinite|RainDish|WaterSpout,DarkPulse,ShellSmash,Protect|Modest||M|||50|]Sableye||RoseliBerry|Prankster|Reflect,LightScreen,FakeOut,WillOWisp|Sassy||M|||50|]Sinistcha||KasibBerry|Hospitality|MatchaGotcha,RagePowder,LifeDew,TrickRoom|Bold|||||50|]Farigiraf||ColburBerry|CudChew|Psychic,Thunderbolt,HelpingHand,TrickRoom|Modest||M|||50|]Sneasler||FocusSash|Unburden|DireClaw,CloseCombat,FakeOut,Protect|Naughty||F|||50|]Espathra||SitrusBerry|SpeedBoost|LuminaCrash,CalmMind,BatonPass,Protect|Timid||F|||50|
|showteam|p2|Metagross||Metagrossite|ClearBody|IronHead,BodyPress,PsychicFangs,Protect|Jolly|||||50|]Archaludon||Leftovers|Stamina|ElectroShot,Protect,DragonPulse,FlashCannon|Modest||F|||50|]Pelipper||SitrusBerry|Drizzle|Hurricane,WeatherBall,Tailwind,WideGuard|Modest||F|||50|]Swampert||Swampertite|Torrent|WaveCrash,IcePunch,Earthquake,Protect|Adamant||F|||50|]Grimmsnarl||LightClay|Prankster|LightScreen,Reflect,SpiritBreak,PartingShot|Careful||M|||50|]Sinistcha||CobaBerry|Hospitality|TrickRoom,MatchaGotcha,RagePowder,Protect|Bold|||||50|
|inactive|Battle timer is ON: inactive players will automatically lose when time's up. (requested by Cozmoonshowdown)
|inactive|rodry3 also wants the timer to be on.
|
|t:|1783174191
|teamsize|p1|4
|teamsize|p2|4
|start
|switch|p1a: Espathra|Espathra, L50, F|100/100
|switch|p1b: Sneasler|Sneasler, L50, F|100/100
|switch|p2a: Aggressive Crab|Metagross, L50, shiny|100/100
|switch|p2b: Grimmsnarl|Grimmsnarl, L50, M|100/100
|turn|1
|inactive|rodry3 has 30 seconds left.
|inactive|rodry3 has 20 seconds left.
|inactive|rodry3 has 15 seconds left.
|inactive|rodry3 has 10 seconds left.
|
|t:|1783174236
|detailschange|p2a: Aggressive Crab|Metagross-Mega, L50, shiny
|-mega|p2a: Aggressive Crab|Metagross|Metagrossite
|move|p1a: Espathra|Protect|p1a: Espathra
|-singleturn|p1a: Espathra|Protect
|move|p1b: Sneasler|Fake Out|p2b: Grimmsnarl
|-damage|p2b: Grimmsnarl|83/100
|cant|p2b: Grimmsnarl|flinch
|move|p2a: Aggressive Crab|Iron Head|p1a: Espathra
|-activate|p1a: Espathra|move: Protect
|
|-ability|p1a: Espathra|Speed Boost|boost
|-boost|p1a: Espathra|spe|1
|upkeep
|turn|2
|
|t:|1783174248
|switch|p1b: Blastoise|Blastoise, L50, M|100/100
|move|p2b: Grimmsnarl|Reflect|p2b: Grimmsnarl
|-sidestart|p2: Cozmoonshowdown|Reflect
|move|p1a: Espathra|Lumina Crash|p2a: Aggressive Crab
|-resisted|p2a: Aggressive Crab|2
|-damage|p2a: Aggressive Crab|91/100
|-unboost|p2a: Aggressive Crab|spd|2
|move|p2a: Aggressive Crab|Iron Head|p1a: Espathra
|-damage|p1a: Espathra|16/100
|-enditem|p1a: Espathra|Sitrus Berry|[eat]
|-heal|p1a: Espathra|40/100|[from] item: Sitrus Berry
|
|-ability|p1a: Espathra|Speed Boost|boost
|-boost|p1a: Espathra|spe|1
|upkeep
|turn|3
|inactive|rodry3 has 30 seconds left.
|inactive|Cozmoonshowdown has 30 seconds left.
|
|t:|1783174289
|detailschange|p1b: Blastoise|Blastoise-Mega, L50, M
|-mega|p1b: Blastoise|Blastoise|Blastoisinite
|move|p2b: Grimmsnarl|Light Screen|p2b: Grimmsnarl
|-sidestart|p2: Cozmoonshowdown|move: Light Screen
|move|p1a: Espathra|Lumina Crash|p2a: Aggressive Crab
|-resisted|p2a: Aggressive Crab|2
|-damage|p2a: Aggressive Crab|80/100
|-unboost|p2a: Aggressive Crab|spd|2
|move|p2a: Aggressive Crab|Iron Head|p1a: Espathra
|-damage|p1a: Espathra|0 fnt
|faint|p1a: Espathra
|move|p1b: Blastoise|Water Spout|p2a: Aggressive Crab|[spread] p2a,p2b
|-damage|p2a: Aggressive Crab|0 fnt
|-damage|p2b: Grimmsnarl|47/100
|faint|p2a: Aggressive Crab
|
|upkeep
|
|t:|1783174306
|switch|p2a: Burned Bridge|Archaludon, L50, F|100/100
|switch|p1a: Sneasler|Sneasler, L50, F|100/100
|turn|4
|inactive|rodry3 has 30 seconds left.
|inactive|rodry3 has 20 seconds left.
|
|t:|1783174344
|switch|p2b: Mine? Mine? Mine?|Pelipper, L50, F|100/100
|-weather|RainDance|[from] ability: Drizzle|[of] p2b: Mine? Mine? Mine?
|move|p1a: Sneasler|Dire Claw|p2b: Mine? Mine? Mine?
|-damage|p2b: Mine? Mine? Mine?|69/100
|-status|p2b: Mine? Mine? Mine?|par
|move|p1b: Blastoise|Shell Smash|p1b: Blastoise
|-unboost|p1b: Blastoise|def|1
|-unboost|p1b: Blastoise|spd|1
|-boost|p1b: Blastoise|atk|2
|-boost|p1b: Blastoise|spa|2
|-boost|p1b: Blastoise|spe|2
|move|p2a: Burned Bridge|Electro Shot||[still]
|-prepare|p2a: Burned Bridge|Electro Shot
|-boost|p2a: Burned Bridge|spa|1
|-anim|p2a: Burned Bridge|Electro Shot|p1b: Blastoise
|-supereffective|p1b: Blastoise|1
|-damage|p1b: Blastoise|0 fnt
|faint|p1b: Blastoise
|
|-weather|RainDance|[upkeep]
|upkeep
|
|t:|1783174354
|switch|p1b: Sinistcha|Sinistcha, L50|100/100
|turn|5
|
|t:|1783174369
|move|p2a: Burned Bridge|Protect|p2a: Burned Bridge
|-singleturn|p2a: Burned Bridge|Protect
|move|p1a: Sneasler|Close Combat|p2a: Burned Bridge
|-activate|p2a: Burned Bridge|move: Protect
|move|p1b: Sinistcha|Matcha Gotcha|p2a: Burned Bridge|[spread] 
|-activate|p2a: Burned Bridge|move: Protect
|-miss|p1b: Sinistcha|p2b: Mine? Mine? Mine?
|move|p2b: Mine? Mine? Mine?|Tailwind|p2b: Mine? Mine? Mine?
|-sidestart|p2: Cozmoonshowdown|move: Tailwind
|
|-weather|RainDance|[upkeep]
|upkeep
|turn|6
|
|t:|1783174393
|move|p2a: Burned Bridge|Electro Shot||[still]
|-prepare|p2a: Burned Bridge|Electro Shot
|-boost|p2a: Burned Bridge|spa|1
|-anim|p2a: Burned Bridge|Electro Shot|p1a: Sneasler
|-enditem|p1a: Sneasler|Focus Sash
|-damage|p1a: Sneasler|1/100
|move|p1a: Sneasler|Close Combat|p2a: Burned Bridge
|-supereffective|p2a: Burned Bridge|1
|-damage|p2a: Burned Bridge|34/100
|-unboost|p1a: Sneasler|def|1
|-unboost|p1a: Sneasler|spd|1
|-ability|p2a: Burned Bridge|Stamina|boost
|-boost|p2a: Burned Bridge|def|1
|move|p2b: Mine? Mine? Mine?|Hurricane|p1a: Sneasler
|-supereffective|p1a: Sneasler|1
|-damage|p1a: Sneasler|0 fnt
|faint|p1a: Sneasler
|move|p1b: Sinistcha|Matcha Gotcha|p2a: Burned Bridge|[spread] p2a,p2b
|-resisted|p2a: Burned Bridge|2
|-damage|p2a: Burned Bridge|30/100
|-damage|p2b: Mine? Mine? Mine?|49/100 par
|-ability|p2a: Burned Bridge|Stamina|boost
|-boost|p2a: Burned Bridge|def|1
|-enditem|p2b: Mine? Mine? Mine?|Sitrus Berry|[eat]
|-heal|p2b: Mine? Mine? Mine?|74/100 par|[from] item: Sitrus Berry
|
|-weather|RainDance|[upkeep]
|-heal|p2a: Burned Bridge|37/100|[from] item: Leftovers
|upkeep
|turn|7
|-message|rodry3 forfeited.
|
|win|Cozmoonshowdown
|l|☆rodry3
|player|p1|
||rodry3 is ready for game 3.
|l|☆Cozmoonshowdown
|player|p2|
|j|☆Cozmoonshowdown
|player|p2|Cozmoonshowdown|kieran-champion|
|l|☆Cozmoonshowdown
|player|p2|
|inactive|Cozmoonshowdown has 30 seconds to confirm battle start!
||Cozmoonshowdown is ready for game 3.
|uhtml|next|Next: Game 3 of 3
|j|☆Cozmoonshowdown
|player|p2|Cozmoonshowdown|kieran-champion|
