|j|☆tiaole123
|j|☆RiceOverNight
|html|tiaole123RiceOverNight    
|uhtml|bestof|Game 2 of a best-of-3
|t:|1785335337
|gametype|doubles
|player|p1|tiaole123|#smogonxnpa2026draftee2|
|player|p2|RiceOverNight|1|
|gen|9
|tier|[Gen 9 Champions] VGC 2026 Reg M-B (Bo3)
|rule|Species Clause: Limit one of each Pokémon
|rule|Item Clause: Limit 1 of each item
|clearpoke
|poke|p1|Tyranitar, L50, M|
|poke|p1|Excadrill, L50, F|
|poke|p1|Gholdengo, L50|
|poke|p1|Sinistcha, L50|
|poke|p1|Milotic, L50, F|
|poke|p1|Staraptor, L50, F|
|poke|p2|Venusaur, L50, M|
|poke|p2|Charizard, L50, M|
|poke|p2|Grimmsnarl, L50, M|
|poke|p2|Archaludon, L50, F|
|poke|p2|Basculegion, L50, M|
|poke|p2|Pelipper, L50, F|
|teampreview|4
|showteam|p1|Tyranitar||Tyranitarite|SandStream|RockSlide,KnockOff,LowKick,Protect|Jolly||M|||50|]Excadrill||FocusSash|SandRush|IronHead,HighHorsepower,RockSlide,Protect|Adamant||F|||50|]Gholdengo||LifeOrb|GoodasGold|ShadowBall,MakeItRain,NastyPlot,Protect|Modest|||||50|]Sinistcha||ColburBerry|Hospitality|MatchaGotcha,RagePowder,TrickRoom,Protect|Bold|||||50|]Milotic||SitrusBerry|Competitive|Scald,IcyWind,IceBeam,Protect|Calm||F|||50|]Staraptor||Staraptite|Intimidate|BraveBird,CloseCombat,Tailwind,Protect|Jolly||F|||50|
|showteam|p2|Venusaur||FocusSash|Chlorophyll|SludgeBomb,EarthPower,SleepPowder,Protect|Modest||M|||50|]Charizard||CharizarditeY|Blaze|Protect,HeatWave,SolarBeam,WeatherBall|Modest||M|||50|]Grimmsnarl||LightClay|Prankster|SpiritBreak,LightScreen,Reflect,PartingShot|Sassy||M|||50|]Archaludon||Leftovers|Stamina|ElectroShot,DragonPulse,FlashCannon,Protect|Calm||F|||50|]Basculegion||ChoiceScarf|Adaptability|WaveCrash,LastRespects,AquaJet,FlipTurn|Jolly||M|||50|]Pelipper||SitrusBerry|Drizzle|Hurricane,WeatherBall,Tailwind,WideGuard|Modest||F|||50|
|j| r1111111111
|inactive|Battle timer is ON: inactive players will automatically lose when time's up. (requested by RiceOverNight)
|j| Haewonlove
|inactive|tiaole123 has 60 seconds left.
|inactive|RiceOverNight has 60 seconds left.
|
|t:|1785335390
|teamsize|p1|4
|teamsize|p2|4
|start
|switch|p1a: Staraptor|Staraptor, L50, F|100/100
|switch|p1b: Tyranitar|Tyranitar, L50, M|100/100
|switch|p2a: Charizard|Charizard, L50, M|100/100
|switch|p2b: Venusaur|Venusaur, L50, M|100/100
|-ability|p1a: Staraptor|Intimidate|boost
|-unboost|p2a: Charizard|atk|1
|-unboost|p2b: Venusaur|atk|1
|-weather|Sandstorm|[from] ability: Sand Stream|[of] p1b: Tyranitar
|turn|1
|inactive|tiaole123 has 30 seconds left.
|inactive|RiceOverNight has 30 seconds left.
|
|t:|1785335418
|switch|p2b: Archaludon|Archaludon, L50, F|100/100
|detailschange|p1b: Tyranitar|Tyranitar-Mega, L50, M
|-mega|p1b: Tyranitar|Tyranitar|Tyranitarite
|move|p2a: Charizard|Protect|p2a: Charizard
|-singleturn|p2a: Charizard|Protect
|move|p1a: Staraptor|Tailwind|p1a: Staraptor
|-sidestart|p1: tiaole123|move: Tailwind
|move|p1b: Tyranitar|Rock Slide|p2a: Charizard|[spread] p2b
|-activate|p2a: Charizard|move: Protect
|-resisted|p2b: Archaludon|1
|-damage|p2b: Archaludon|87/100
|-ability|p2b: Archaludon|Stamina|boost
|-boost|p2b: Archaludon|def|1
|
|-weather|Sandstorm|[upkeep]
|-damage|p1a: Staraptor|93/100|[from] Sandstorm
|-damage|p2a: Charizard|93/100|[from] Sandstorm
|-heal|p2b: Archaludon|93/100|[from] item: Leftovers
|upkeep
|turn|2
|j| haxy0692
|inactive|tiaole123 has 30 seconds left.
|inactive|RiceOverNight has 30 seconds left.
|inactive|RiceOverNight has 20 seconds left.
|inactive|RiceOverNight has 15 seconds left.
|inactive|RiceOverNight has 10 seconds left.
|
|t:|1785335465
|switch|p1a: Sinistcha|Sinistcha, L50|100/100
|switch|p1b: Gholdengo|Gholdengo, L50|100/100
|switch|p2a: Pelipper|Pelipper, L50, F|100/100
|-weather|RainDance|[from] ability: Drizzle|[of] p2a: Pelipper
|move|p2b: Archaludon|Electro Shot||[still]
|-prepare|p2b: Archaludon|Electro Shot
|-boost|p2b: Archaludon|spa|1
|-anim|p2b: Archaludon|Electro Shot|p1a: Sinistcha
|-resisted|p1a: Sinistcha|1
|-damage|p1a: Sinistcha|74/100
|
|-weather|RainDance|[upkeep]
|-heal|p2b: Archaludon|99/100|[from] item: Leftovers
|upkeep
|turn|3
|inactive|tiaole123 has 30 seconds left.
|inactive|RiceOverNight has 30 seconds left.
|
|t:|1785335498
|switch|p1a: Tyranitar|Tyranitar-Mega, L50, M|100/100
|-weather|Sandstorm|[from] ability: Sand Stream|[of] p1a: Tyranitar
|move|p1b: Gholdengo|Nasty Plot|p1b: Gholdengo
|-boost|p1b: Gholdengo|spa|2
|move|p2b: Archaludon|Electro Shot||[still]
|-prepare|p2b: Archaludon|Electro Shot
|-boost|p2b: Archaludon|spa|1
|move|p2a: Pelipper|Hurricane|p1a: Tyranitar
|-resisted|p1a: Tyranitar|1
|-damage|p1a: Tyranitar|86/100
|-start|p1a: Tyranitar|confusion
|
|-weather|Sandstorm|[upkeep]
|-damage|p2a: Pelipper|94/100|[from] Sandstorm
|-heal|p2b: Archaludon|100/100|[from] item: Leftovers
|upkeep
|turn|4
|inactive|RiceOverNight has 30 seconds left.
|
|t:|1785335527
|switch|p1a: Staraptor|Staraptor, L50, F|93/100
|-ability|p1a: Staraptor|Intimidate|boost
|-unboost|p2a: Pelipper|atk|1
|-unboost|p2b: Archaludon|atk|1
|switch|p2a: Venusaur|Venusaur, L50, M|100/100
|move|p1b: Gholdengo|Shadow Ball|p2b: Archaludon
|-damage|p2b: Archaludon|0 fnt
|faint|p2b: Archaludon
|-damage|p1b: Gholdengo|90/100|[from] item: Life Orb
|
|-weather|Sandstorm|[upkeep]
|-damage|p1a: Staraptor|87/100|[from] Sandstorm
|-damage|p2a: Venusaur|94/100|[from] Sandstorm
|-sideend|p1: tiaole123|move: Tailwind
|upkeep
|
|t:|1785335544
|switch|p2b: Charizard|Charizard, L50, M|93/100
|turn|5
|inactive|tiaole123 has 30 seconds left.
|inactive|RiceOverNight has 30 seconds left.
|inactive|RiceOverNight has 20 seconds left.
|
|t:|1785335583
|detailschange|p2b: Charizard|Charizard-Mega-Y, L50, M
|-mega|p2b: Charizard|Charizard|Charizardite Y
|-weather|SunnyDay|[from] ability: Drought|[of] p2b: Charizard
|move|p1a: Staraptor|Protect|p1a: Staraptor
|-singleturn|p1a: Staraptor|Protect
|move|p1b: Gholdengo|Protect|p1b: Gholdengo
|-singleturn|p1b: Gholdengo|Protect
|move|p2a: Venusaur|Earth Power|p1a: Staraptor
|-activate|p1a: Staraptor|move: Protect
|move|p2b: Charizard|Solar Beam||[still]
|-prepare|p2b: Charizard|Solar Beam
|-anim|p2b: Charizard|Solar Beam|p1a: Staraptor
|-activate|p1a: Staraptor|move: Protect
|
|-weather|SunnyDay|[upkeep]
|upkeep
|turn|6
|inactive|tiaole123 has 30 seconds left.
|inactive|RiceOverNight has 30 seconds left.
|inactive|tiaole123 has 20 seconds left.
|inactive|RiceOverNight has 20 seconds left.
|inactive|RiceOverNight has 15 seconds left.
|inactive|RiceOverNight has 10 seconds left.
|
|t:|1785335629
|switch|p1b: Tyranitar|Tyranitar-Mega, L50, M|86/100
|-weather|Sandstorm|[from] ability: Sand Stream|[of] p1b: Tyranitar
|move|p2b: Charizard|Protect|p2b: Charizard
|-singleturn|p2b: Charizard|Protect
|move|p2a: Venusaur|Protect|p2a: Venusaur
|-singleturn|p2a: Venusaur|Protect
|move|p1a: Staraptor|Brave Bird|p2a: Venusaur
|-activate|p2a: Venusaur|move: Protect
|
|-weather|Sandstorm|[upkeep]
|-damage|p1a: Staraptor|81/100|[from] Sandstorm
|-damage|p2b: Charizard|87/100|[from] Sandstorm
|-damage|p2a: Venusaur|88/100|[from] Sandstorm
|upkeep
|turn|7
|inactive|RiceOverNight has 30 seconds left.
|
|t:|1785335663
|switch|p2a: Pelipper|Pelipper, L50, F|94/100
|-weather|RainDance|[from] ability: Drizzle|[of] p2a: Pelipper
|move|p1a: Staraptor|Tailwind|p1a: Staraptor
|-sidestart|p1: tiaole123|move: Tailwind
|move|p1b: Tyranitar|Rock Slide|p2a: Pelipper|[spread] p2a,p2b
|-supereffective|p2a: Pelipper|1
|-supereffective|p2b: Charizard|2
|-damage|p2a: Pelipper|24/100
|-damage|p2b: Charizard|0 fnt
|-enditem|p2a: Pelipper|Sitrus Berry|[eat]
|-heal|p2a: Pelipper|49/100|[from] item: Sitrus Berry
|faint|p2b: Charizard
|
|-weather|RainDance|[upkeep]
|upkeep
|
|t:|1785335677
|switch|p2b: Venusaur|Venusaur, L50, M|88/100
|turn|8
|-message|RiceOverNight forfeited.
|
|win|tiaole123
|l|☆RiceOverNight
|player|p2|
||tiaole123 is ready for game 3.
||RiceOverNight is ready for game 3.
|uhtml|next|Next: Game 3 of 3
|l| r1111111111
|l| Haewonlove
|j| Littlepak3
|j|☆RiceOverNight
|player|p2|RiceOverNight|1|
