|j|☆Tchoubib
|j|☆HolgerD
|html|TchoubibHolgerD    
|uhtml|bestof|Game 2 of a best-of-3
|t:|1756752791
|gametype|doubles
|player|p1|Tchoubib|1|1247
|player|p2|HolgerD|169|1356
|gen|9
|tier|[Gen 9] VGC 2025 Reg H (Bo3)
|rated|
|rule|Species Clause: Limit one of each Pokémon
|rule|Item Clause: Limit 1 of each item
|clearpoke
|poke|p1|Kilowattrel, L50, M|
|poke|p1|Garchomp, L50, F|
|poke|p1|Gholdengo, L50|
|poke|p1|Incineroar, L50, F|
|poke|p1|Amoonguss, L50, F|
|poke|p1|Tyranitar, L50, M|
|poke|p2|Maushold, L50|
|poke|p2|Pelipper, L50, F|
|poke|p2|Archaludon, L50, F|
|poke|p2|Ursaluna, L50, F|
|poke|p2|Sinistcha, L50|
|poke|p2|Basculegion, L50, M|
|teampreview|4
|showteam|p1|Kilowattrel||FocusSash|Competitive|Thunderbolt,AirSlash,Tailwind,Protect|||M|||50|,,,,,Ghost]Garchomp||LifeOrb|RoughSkin|Earthquake,DragonClaw,StompingTantrum,Protect|||F|||50|,,,,,Fire]Gholdengo||MetalCoat|GoodasGold|MakeItRain,ShadowBall,NastyPlot,Protect||||||50|,,,,,Flying]Incineroar||SitrusBerry|Intimidate|FlareBlitz,KnockOff,PartingShot,FakeOut|||F|||50|,,,,,Ghost]Amoonguss||RockyHelmet|Regenerator|PollenPuff,Spore,RagePowder,Protect|||F|||50|,,,,,Water]Tyranitar||AssaultVest|SandStream|RockSlide,KnockOff,LowKick,TeraBlast|||M|||50|,,,,,Flying
|showteam|p2|Maushold||WideLens|Technician|PopulationBomb,FollowMe,Taunt,Protect||||||50|,,,,,Ghost]Pelipper||FocusSash|Drizzle|Hurricane,MuddyWater,Tailwind,Protect|||F|||50|,,,,,Stellar]Archaludon||AssaultVest|Stamina|DragonPulse,ElectroShot,BodyPress,FlashCannon|||F|||50|,,,,,Bug]Ursaluna||FlameOrb|Guts|Facade,HeadlongRush,Earthquake,Protect|||F|||50|,,,,,Ghost]Sinistcha||SitrusBerry|Hospitality|MatchaGotcha,ShadowBall,RagePowder,TrickRoom||||||50|,,,,,Dark]Basculegion||ChoiceBand|SwiftSwim|AquaJet,FlipTurn,LastRespects,WaveCrash|||M|||50|,,,,,Water
|inactive|Battle timer is ON: inactive players will automatically lose when time's up. (requested by HolgerD)
|
|t:|1756752827
|teamsize|p1|4
|teamsize|p2|4
|start
|switch|p1a: Garchomp|Garchomp, L50, F|100/100
|switch|p1b: Gholdengo|Gholdengo, L50|100/100
|switch|p2a: Sinistcha|Sinistcha, L50|100/100
|switch|p2b: Basculegion|Basculegion, L50, M|100/100
|turn|1
|inactive|Tchoubib has 30 seconds left.
|
|t:|1756752855
|switch|p2b: Ursaluna|Ursaluna, L50, F|100/100
|move|p1a: Garchomp|Protect|p1a: Garchomp
|-singleturn|p1a: Garchomp|Protect
|move|p1b: Gholdengo|Protect|p1b: Gholdengo
|-singleturn|p1b: Gholdengo|Protect
|move|p2a: Sinistcha|Trick Room|p2a: Sinistcha
|-fieldstart|move: Trick Room|[of] p2a: Sinistcha
|
|-status|p2b: Ursaluna|brn|[from] item: Flame Orb
|upkeep
|turn|2
|inactive|HolgerD has 30 seconds left.
|
|t:|1756752886
|-terastallize|p1b: Gholdengo|Flying
|move|p2b: Ursaluna|Facade|p1a: Garchomp
|-damage|p1a: Garchomp|0 fnt
|-damage|p2b: Ursaluna|88/100 brn|[from] ability: Rough Skin|[of] p1a: Garchomp
|faint|p1a: Garchomp
|move|p2a: Sinistcha|Shadow Ball|p1b: Gholdengo
|-damage|p1b: Gholdengo|68/100
|move|p1b: Gholdengo|Make It Rain|p2b: Ursaluna|[spread] p2a,p2b
|-damage|p2a: Sinistcha|54/100
|-damage|p2b: Ursaluna|45/100 brn
|-unboost|p1b: Gholdengo|spa|1
|
|-damage|p2b: Ursaluna|39/100 brn|[from] brn
|upkeep
|
|t:|1756752902
|switch|p1a: Kilowattrel|Kilowattrel, L50, M|100/100
|turn|3
|inactive|Tchoubib has 30 seconds left.
|
|t:|1756752936
|move|p2b: Ursaluna|Facade|p1a: Kilowattrel
|-enditem|p1a: Kilowattrel|Focus Sash
|-damage|p1a: Kilowattrel|1/100
|move|p2a: Sinistcha|Matcha Gotcha|p1b: Gholdengo|[spread] p1a,p1b
|-resisted|p1a: Kilowattrel
|-resisted|p1b: Gholdengo
|-damage|p1a: Kilowattrel|0 fnt
|-heal|p2a: Sinistcha|55/100|[from] drain|[of] p1a: Kilowattrel
|-damage|p1b: Gholdengo|55/100
|-heal|p2a: Sinistcha|62/100|[from] drain|[of] p1b: Gholdengo
|faint|p1a: Kilowattrel
|move|p1b: Gholdengo|Make It Rain|p2b: Ursaluna|[spread] p2a,p2b
|-damage|p2a: Sinistcha|31/100
|-damage|p2b: Ursaluna|6/100 brn
|-unboost|p1b: Gholdengo|spa|1
|-enditem|p2a: Sinistcha|Sitrus Berry|[eat]
|-heal|p2a: Sinistcha|56/100|[from] item: Sitrus Berry
|
|-damage|p2b: Ursaluna|0 fnt|[from] brn
|faint|p2b: Ursaluna
|upkeep
|
|t:|1756752957
|switch|p2b: Basculegion|Basculegion, L50, M|100/100
|switch|p1a: Tyranitar|Tyranitar, L50, M|100/100
|-weather|Sandstorm|[from] ability: Sand Stream|[of] p1a: Tyranitar
|turn|4
|inactive|Tchoubib has 30 seconds left.
|inactive|HolgerD has 30 seconds left.
|inactive|Tchoubib has 20 seconds left.
|inactive|HolgerD has 20 seconds left.
|inactive|Tchoubib has 15 seconds left.
|inactive|HolgerD has 15 seconds left.
|inactive|HolgerD has 10 seconds left.
|inactive|HolgerD has 5 seconds left.
|
|t:|1756753008
|-terastallize|p2a: Sinistcha|Dark
|move|p1b: Gholdengo|Protect|p1b: Gholdengo
|-singleturn|p1b: Gholdengo|Protect
|move|p2a: Sinistcha|Rage Powder|p2a: Sinistcha
|-singleturn|p2a: Sinistcha|move: Rage Powder
|move|p1a: Tyranitar|Knock Off|p2a: Sinistcha
|-resisted|p2a: Sinistcha
|-damage|p2a: Sinistcha|40/100
|move|p2b: Basculegion|Wave Crash|p1a: Tyranitar
|-supereffective|p1a: Tyranitar
|-damage|p1a: Tyranitar|0 fnt
|faint|p1a: Tyranitar
|-damage|p2b: Basculegion|70/100|[from] Recoil
|
|-weather|Sandstorm|[upkeep]
|-damage|p2a: Sinistcha|34/100|[from] Sandstorm
|-damage|p2b: Basculegion|64/100|[from] Sandstorm
|-damage|p1b: Gholdengo|49/100|[from] Sandstorm
|upkeep
|turn|5
|inactive|HolgerD has 30 seconds left.
|-message|Tchoubib forfeited.
|
|win|HolgerD
|l|☆Tchoubib
|player|p1|
||Tchoubib is ready for game 3.
||HolgerD is ready for game 3.
|uhtml|next|Next: Game 3 of 3
|j|☆Tchoubib
|player|p1|Tchoubib|1|
