|j|☆hartz2112
|j|☆mayor of clowntown
|html|hartz2112mayor of clowntown    
|uhtml|bestof|Game 3 of a best-of-3
|t:|1785377356
|gametype|doubles
|player|p1|hartz2112|101|1164
|player|p2|mayor of clowntown|clown|1084
|gen|9
|tier|[Gen 9 Champions] VGC 2026 Reg M-B (Bo3)
|rated|
|rule|Species Clause: Limit one of each Pokémon
|rule|Item Clause: Limit 1 of each item
|clearpoke
|poke|p1|Tyranitar, L50, F|
|poke|p1|Rotom-Wash, L50|
|poke|p1|Staraptor, L50, M|
|poke|p1|Houndstone, L50, F|
|poke|p1|Venusaur, L50, F|
|poke|p1|Excadrill, L50, F|
|poke|p2|Garchomp, L50, M, shiny|
|poke|p2|Charizard, L50, F, shiny|
|poke|p2|Whimsicott, L50, M|
|poke|p2|Floette-Eternal, L50, F|
|poke|p2|Basculegion, L50, M|
|poke|p2|Kingambit, L50, M, shiny|
|teampreview|4
|showteam|p1|Tyranitar||ChoiceScarf|SandStream|RockSlide,KnockOff,IcePunch,LowKick|Jolly||F|||50|]Rotom-Wash||Magnet|Levitate|Thunderbolt,VoltSwitch,HydroPump,Protect|Serious|||||50|]Staraptor||Staraptite|Intimidate|BraveBird,CloseCombat,Tailwind,Protect|Jolly||M|||50|]Houndstone||SitrusBerry|SandRush|WillOWisp,LastRespects,AllySwitch,Protect|Adamant||F|||50|]Venusaur||Venusaurite|Chlorophyll|SludgeBomb,EarthPower,SleepPowder,Protect|Modest||F|||50|]Excadrill||FocusSash|SandRush|RockSlide,Earthquake,IronHead,Protect|Adamant||F|||50|
|showteam|p2|Garchomp||LifeOrb|RoughSkin|Earthquake,RockSlide,DragonClaw,Protect|Jolly||M|||50|]Charizard||CharizarditeY|Blaze|HeatWave,WeatherBall,SolarBeam,Protect|Modest||F|||50|]Whimsicott||FocusSash|Prankster|Moonblast,Tailwind,Encore,Protect|Timid||M|||50|]Floette-Eternal||Floettite|FlowerVeil|Moonblast,DazzlingGleam,LightofRuin,Protect|Modest||F|||50|]Basculegion||MysticWater|Adaptability|WaveCrash,LastRespects,AquaJet,Protect|Adamant||M|||50|]Kingambit||ChopleBerry|Defiant|KowtowCleave,SuckerPunch,IronHead,LowKick|Adamant||M|||50|
|inactive|Battle timer is ON: inactive players will automatically lose when time's up. (requested by hartz2112)
|inactive|hartz2112 has 60 seconds left.
|inactive|mayor of clowntown has 60 seconds left.
|inactive|mayor of clowntown has 30 seconds left.
|inactive|mayor of clowntown has 20 seconds left.
|inactive|mayor of clowntown has 15 seconds left.
|
|t:|1785377432
|teamsize|p1|4
|teamsize|p2|4
|start
|switch|p1a: Tyranitar|Tyranitar, L50, F|100/100
|switch|p1b: Excadrill|Excadrill, L50, F|100/100
|switch|p2a: Whimsicott|Whimsicott, L50, M|100/100
|switch|p2b: Floette|Floette-Eternal, L50, F|100/100
|-weather|Sandstorm|[from] ability: Sand Stream|[of] p1a: Tyranitar
|turn|1
|inactive|hartz2112 has 30 seconds left.
|inactive|mayor of clowntown has 30 seconds left.
|inactive|mayor of clowntown has 20 seconds left.
|inactive|mayor of clowntown has 15 seconds left.
|
|t:|1785377475
|switch|p2a: Garchomp|Garchomp, L50, M, shiny|100/100
|move|p2b: Floette|Protect|p2b: Floette
|-singleturn|p2b: Floette|Protect
|move|p1b: Excadrill|Iron Head|p2b: Floette
|-activate|p2b: Floette|move: Protect
|move|p1a: Tyranitar|Ice Punch|p2a: Garchomp
|-supereffective|p2a: Garchomp|2
|-damage|p2a: Garchomp|0 fnt
|-damage|p1a: Tyranitar|88/100|[from] ability: Rough Skin|[of] p2a: Garchomp
|faint|p2a: Garchomp
|
|-weather|Sandstorm|[upkeep]
|-damage|p2b: Floette|94/100|[from] Sandstorm
|upkeep
|
|t:|1785377498
|switch|p2a: Basculegion|Basculegion, L50, M|100/100
|turn|2
|
|t:|1785377520
|switch|p1a: Rotom|Rotom-Wash, L50|100/100
|detailschange|p2b: Floette|Floette-Mega, L50, F
|-mega|p2b: Floette|Floette|Floettite
|-ability|p2b: Floette|Fairy Aura
|move|p2b: Floette|Protect||[still]
|-fail|p2b: Floette
|move|p2a: Basculegion|Aqua Jet|p1b: Excadrill
|-supereffective|p1b: Excadrill|1
|-enditem|p1b: Excadrill|Focus Sash
|-damage|p1b: Excadrill|1/100
|move|p1b: Excadrill|Earthquake|p2b: Floette|[spread] p2a,p2b
|-immune|p1a: Rotom|[from] ability: Levitate
|-damage|p2a: Basculegion|52/100
|-damage|p2b: Floette|33/100
|
|-weather|Sandstorm|[upkeep]
|-damage|p2b: Floette|27/100|[from] Sandstorm
|-damage|p2a: Basculegion|46/100|[from] Sandstorm
|-damage|p1a: Rotom|94/100|[from] Sandstorm
|upkeep
|turn|3
|inactive|hartz2112 has 30 seconds left.
|inactive|mayor of clowntown has 30 seconds left.
|
|t:|1785377555
|move|p1b: Excadrill|Protect|p1b: Excadrill
|-singleturn|p1b: Excadrill|Protect
|move|p2a: Basculegion|Aqua Jet|p1b: Excadrill
|-activate|p1b: Excadrill|move: Protect
|move|p2b: Floette|Light of Ruin|p1a: Rotom
|-damage|p1a: Rotom|0 fnt
|faint|p1a: Rotom
|-damage|p2b: Floette|0 fnt|[from] Recoil
|faint|p2b: Floette
|
|-weather|Sandstorm|[upkeep]
|-damage|p2a: Basculegion|40/100|[from] Sandstorm
|upkeep
|
|t:|1785377574
|switch|p2b: Whimsicott|Whimsicott, L50, M|100/100
|switch|p1a: Venusaur|Venusaur, L50, F|100/100
|turn|4
|inactive|mayor of clowntown has 30 seconds left.
|inactive|hartz2112 has 30 seconds left.
|
|t:|1785377612
|switch|p1b: Tyranitar|Tyranitar, L50, F|88/100
|detailschange|p1a: Venusaur|Venusaur-Mega, L50, F
|-mega|p1a: Venusaur|Venusaur|Venusaurite
|move|p2b: Whimsicott|Encore|p1b: Tyranitar
|-hint|Since gen 7, Dark is immune to Prankster moves.
|-immune|p1b: Tyranitar
|move|p1a: Venusaur|Earth Power|p2a: Basculegion
|-damage|p2a: Basculegion|9/100
|move|p2a: Basculegion|Last Respects|p1a: Venusaur
|-damage|p1a: Venusaur|11/100
|
|-weather|Sandstorm|[upkeep]
|-damage|p2b: Whimsicott|94/100|[from] Sandstorm
|-damage|p1a: Venusaur|5/100|[from] Sandstorm
|-damage|p2a: Basculegion|3/100|[from] Sandstorm
|upkeep
|turn|5
|inactive|mayor of clowntown has 30 seconds left.
|
|t:|1785377642
|move|p2b: Whimsicott|Tailwind|p2b: Whimsicott
|-sidestart|p2: mayor of clowntown|move: Tailwind
|move|p2a: Basculegion|Wave Crash|p1b: Tyranitar
|-supereffective|p1b: Tyranitar|1
|-damage|p1b: Tyranitar|0 fnt
|faint|p1b: Tyranitar
|-damage|p2a: Basculegion|0 fnt|[from] Recoil
|faint|p2a: Basculegion
|move|p1a: Venusaur|Sludge Bomb|p2b: Whimsicott
|-supereffective|p2b: Whimsicott|2
|-damage|p2b: Whimsicott|0 fnt
|faint|p2b: Whimsicott
|
|win|hartz2112
|raw|hartz2112's rating: 1164 → 1183(+19 for winning)
|raw|mayor of clowntown's rating: 1084 → 1067(-17 for losing)
