|j|☆camwell2
|j|☆SiniVGC
|html|camwell2SiniVGC    
|uhtml|bestof|Game 1 of a best-of-3
|t:|1785267875
|gametype|doubles
|player|p1|camwell2|1|1251
|player|p2|SiniVGC|riley|1314
|gen|9
|tier|[Gen 9 Champions] VGC 2026 Reg M-B (Bo3)
|rated|
|rule|Species Clause: Limit one of each Pokémon
|rule|Item Clause: Limit 1 of each item
|clearpoke
|poke|p1|Scrafty, L50, F|
|poke|p1|Farigiraf, L50, F|
|poke|p1|Sylveon, L50, F|
|poke|p1|Torkoal, L50, M|
|poke|p1|Vileplume, L50, M|
|poke|p1|Garchomp, L50, F|
|poke|p2|Chandelure, L50, F, shiny|
|poke|p2|Tsareena, L50, F, shiny|
|poke|p2|Whimsicott, L50, F, shiny|
|poke|p2|Starmie, L50|
|poke|p2|Garchomp, L50, F|
|poke|p2|Sneasler, L50, F|
|teampreview|4
|showteam|p1|Scrafty||Scraftinite|Intimidate|FakeOut,KnockOff,CloseCombat,IronHead|Brave||F|||50|]Farigiraf||SitrusBerry|ArmorTail|Protect,Thunderbolt,Psychic,TrickRoom|Sassy||F|||50|]Sylveon||FairyFeather|Pixilate|HyperBeam,HyperVoice,Detect,QuickAttack|Sassy||F|||50|]Torkoal||Charcoal|Drought|WeatherBall,Eruption,EarthPower,Protect|Quiet||M|||50|]Vileplume||WideLens|Chlorophyll|SleepPowder,Protect,SludgeBomb,AfterYou|Timid||M|||50|]Garchomp||ChoiceScarf|RoughSkin|RockSlide,StompingTantrum,DragonClaw,PoisonJab|Adamant||F|||50|
|showteam|p2|Chandelure||Chandelurite|FlashFire|HeatWave,ShadowBall,TrickRoom,Protect|Modest||F|||50|]Tsareena||WideLens|QueenlyMajesty|PowerWhip,TripleAxel,HelpingHand,Protect|Adamant||F|||50|]Whimsicott||FocusSash|Prankster|Moonblast,Tailwind,Encore,SunnyDay|Modest||F|||50|]Starmie||ChoiceScarf|NaturalCure|Scald,IcyWind,Psychic,Thunderbolt|Modest|||||50|]Garchomp||LifeOrb|RoughSkin|DragonClaw,StompingTantrum,RockSlide,Protect|Jolly||F|||50|]Sneasler||WhiteHerb|Unburden|CloseCombat,DireClaw,FakeOut,Protect|Jolly||F|||50|
|inactive|Battle timer is ON: inactive players will automatically lose when time's up. (requested by camwell2)
|inactive|camwell2 has 60 seconds left.
|inactive|SiniVGC has 60 seconds left.
|inactive|SiniVGC has 30 seconds left.
|inactive|SiniVGC has 20 seconds left.
|
|t:|1785267946
|teamsize|p1|4
|teamsize|p2|4
|start
|switch|p1a: Torkoal|Torkoal, L50, M|100/100
|switch|p1b: Vileplume|Vileplume, L50, M|100/100
|switch|p2a: Starmie|Starmie, L50|100/100
|switch|p2b: Sia|Chandelure, L50, F, shiny|100/100
|-weather|SunnyDay|[from] ability: Drought|[of] p1a: Torkoal
|turn|1
|inactive|camwell2 has 30 seconds left.
|inactive|camwell2 has 20 seconds left.
|
|t:|1785267982
|move|p2a: Starmie|Icy Wind|p1b: Vileplume|[spread] p1a,p1b
|-resisted|p1a: Torkoal|1
|-supereffective|p1b: Vileplume|1
|-damage|p1a: Torkoal|92/100
|-damage|p1b: Vileplume|70/100
|-unboost|p1a: Torkoal|spe|1
|-unboost|p1b: Vileplume|spe|1
|move|p1b: Vileplume|Sleep Powder|p2b: Sia
|-status|p2b: Sia|slp|[from] move: Sleep Powder
|cant|p2b: Sia|slp
|move|p1a: Torkoal|Earth Power|p2b: Sia
|-supereffective|p2b: Sia|1
|-crit|p2b: Sia
|-damage|p2b: Sia|1/100 slp
|
|-weather|SunnyDay|[upkeep]
|upkeep
|turn|2
|inactive|camwell2 has 30 seconds left.
|
|t:|1785268015
|switch|p1a: Scrafty|Scrafty, L50, F|100/100
|-ability|p1a: Scrafty|Intimidate|boost
|-unboost|p2a: Starmie|atk|1
|-unboost|p2b: Sia|atk|1
|move|p2a: Starmie|Icy Wind|p1b: Vileplume|[spread] p1a,p1b
|-supereffective|p1b: Vileplume|1
|-damage|p1a: Scrafty|87/100
|-damage|p1b: Vileplume|41/100
|-unboost|p1a: Scrafty|spe|1
|-unboost|p1b: Vileplume|spe|1
|cant|p2b: Sia|slp
|move|p1b: Vileplume|Sleep Powder|p2a: Starmie
|-status|p2a: Starmie|slp|[from] move: Sleep Powder
|
|-weather|SunnyDay|[upkeep]
|upkeep
|turn|3
|inactive|SiniVGC has 30 seconds left.
|
|t:|1785268043
|-curestatus|p2a: Starmie|slp|[from] ability: Natural Cure|[silent]
|switch|p2a: Whimsicott|Whimsicott, L50, F, shiny|100/100
|detailschange|p2b: Sia|Chandelure-Mega, L50, F, shiny
|-mega|p2b: Sia|Chandelure|Chandelurite
|-curestatus|p2b: Sia|slp|[msg]
|move|p2b: Sia|Heat Wave|p1b: Vileplume|[spread] p1a,p1b
|-supereffective|p1b: Vileplume|1
|-damage|p1a: Scrafty|26/100
|-damage|p1b: Vileplume|0 fnt
|faint|p1b: Vileplume
|move|p1a: Scrafty|Knock Off|p2a: Whimsicott
|-resisted|p2a: Whimsicott|1
|-damage|p2a: Whimsicott|69/100
|-enditem|p2a: Whimsicott|Focus Sash|[from] move: Knock Off|[of] p1a: Scrafty
|
|-weather|SunnyDay|[upkeep]
|upkeep
|
|t:|1785268056
|switch|p1b: Farigiraf|Farigiraf, L50, F|100/100
|turn|4
|
|t:|1785268066
|switch|p1a: Torkoal|Torkoal, L50, M|92/100
|move|p2a: Whimsicott|Moonblast|p1b: Farigiraf
|-damage|p1b: Farigiraf|70/100
|move|p2b: Sia|Heat Wave|p1a: Torkoal|[spread] p1a,p1b
|-resisted|p1a: Torkoal|1
|-damage|p1a: Torkoal|46/100
|-damage|p1b: Farigiraf|20/100r
|-enditem|p1b: Farigiraf|Sitrus Berry|[eat]
|-heal|p1b: Farigiraf|44/100|[from] item: Sitrus Berry
|move|p1b: Farigiraf|Psychic|p2b: Sia
|-damage|p2b: Sia|0 fnt
|faint|p2b: Sia
|
|-weather|SunnyDay|[upkeep]
|upkeep
|
|t:|1785268080
|switch|p2b: Garchomp|Garchomp, L50, F|100/100
|turn|5
|
|t:|1785268087
|switch|p1a: Scrafty|Scrafty, L50, F|26/100
|-ability|p1a: Scrafty|Intimidate|boost
|-unboost|p2a: Whimsicott|atk|1
|-unboost|p2b: Garchomp|atk|1
|move|p2b: Garchomp|Stomping Tantrum|p1b: Farigiraf
|-damage|p1b: Farigiraf|8/100
|-damage|p2b: Garchomp|90/100|[from] item: Life Orb
|move|p2a: Whimsicott|Moonblast|p1b: Farigiraf
|-damage|p1b: Farigiraf|0 fnt
|faint|p1b: Farigiraf
|
|-weather|none
|upkeep
|
|t:|1785268096
|switch|p1b: Torkoal|Torkoal, L50, M|46/100
|-weather|SunnyDay|[from] ability: Drought|[of] p1b: Torkoal
|turn|6
|
|t:|1785268107
|detailschange|p1a: Scrafty|Scrafty-Mega, L50, F
|-mega|p1a: Scrafty|Scrafty|Scraftinite
|-ability|p1a: Scrafty|Intimidate|boost
|-unboost|p2a: Whimsicott|atk|1
|-unboost|p2b: Garchomp|atk|1
|move|p1a: Scrafty|Fake Out|p2a: Whimsicott
|-damage|p2a: Whimsicott|47/100
|move|p2b: Garchomp|Stomping Tantrum|p1b: Torkoal
|-supereffective|p1b: Torkoal|1
|-damage|p1b: Torkoal|5/100
|-damage|p2b: Garchomp|80/100|[from] item: Life Orb
|cant|p2a: Whimsicott|flinch
|move|p1b: Torkoal|Weather Ball|p2a: Whimsicott
|-supereffective|p2a: Whimsicott|1
|-damage|p2a: Whimsicott|0 fnt
|faint|p2a: Whimsicott
|
|-weather|SunnyDay|[upkeep]
|upkeep
|
|t:|1785268126
|switch|p2a: Starmie|Starmie, L50|100/100
|turn|7
|
|t:|1785268138
|move|p2a: Starmie|Thunderbolt|p1a: Scrafty
|-damage|p1a: Scrafty|1/100
|-status|p1a: Scrafty|par
|move|p2b: Garchomp|Stomping Tantrum|p1b: Torkoal
|-supereffective|p1b: Torkoal|1
|-damage|p1b: Torkoal|0 fnt
|faint|p1b: Torkoal
|-damage|p2b: Garchomp|70/100|[from] item: Life Orb
|move|p1a: Scrafty|Knock Off|p2a: Starmie
|-supereffective|p2a: Starmie|1
|-damage|p2a: Starmie|0 fnt
|-enditem|p2a: Starmie|Choice Scarf|[from] move: Knock Off|[of] p1a: Scrafty
|faint|p2a: Starmie
|
|-weather|SunnyDay|[upkeep]
|upkeep
|turn|8
|
|t:|1785268151
|move|p2b: Garchomp|Stomping Tantrum|p1a: Scrafty
|-damage|p1a: Scrafty|0 fnt
|faint|p1a: Scrafty
|-damage|p2b: Garchomp|61/100|[from] item: Life Orb
|
|win|SiniVGC
||SiniVGC is ready for game 2.
||camwell2 is ready for game 2.
|uhtml|next|Next: Game 2 of 3
|j| soulmoonvgc
