|j|☆Latios66
|j|☆washingtongargacha
|html|Latios66washingtongargacha    
|uhtml|bestof|Game 2 of a best-of-3
|t:|1757721895
|gametype|doubles
|player|p1|Latios66|169|1088
|player|p2|washingtongargacha|101|1154
|gen|9
|tier|[Gen 9] VGC 2025 Reg H (Bo3)
|rated|
|rule|Species Clause: Limit one of each Pokémon
|rule|Item Clause: Limit 1 of each item
|clearpoke
|poke|p1|Tyranitar, L50, M|
|poke|p1|Blaziken, L50, M|
|poke|p1|Excadrill, L50, M|
|poke|p1|Salamence, L50, F|
|poke|p1|Sinistcha-Masterpiece, L50|
|poke|p1|Annihilape, L50, M|
|poke|p2|Talonflame, L50, M|
|poke|p2|Gholdengo, L50|
|poke|p2|Dragonite, L50, M|
|poke|p2|Archaludon, L50, M|
|poke|p2|Tyranitar, L50, M|
|poke|p2|Garchomp, L50, F|
|teampreview|4
|showteam|p1|Tyranitar||ClearAmulet|SandStream|RockSlide,KnockOff,Protect,DragonDance|||M|||50|,,,,,Grass]Blaziken||CovertCloak|SpeedBoost|AuraSphere,HeatWave,Coaching,WillOWisp|||M|||50|,,,,,Dragon]Excadrill||AssaultVest|SandRush|RockSlide,HighHorsepower,IronHead,Earthquake|||M|||50|,,,,,Ghost]Salamence||LifeOrb|Intimidate|AirSlash,Tailwind,DracoMeteor,Protect|||F|||50|,,,,,Ghost]Sinistcha-Masterpiece||SitrusBerry|Hospitality|ShadowBall,MatchaGotcha,RagePowder,Protect||||||50|,,,,,Dark]Annihilape||ChoiceScarf|Defiant|FinalGambit,Uturn,CloseCombat,ShadowClaw|||M|||50|,,,,,Grass
|showteam|p2|Talonflame||CovertCloak|GaleWings|Tailwind,DualWingbeat,Taunt,FlareBlitz|||M|||50|,,,,,Stellar]Gholdengo||LifeOrb|GoodasGold|MakeItRain,NastyPlot,ShadowBall,Protect||||||50|,,,,,Steel]Dragonite||LoadedDice|Multiscale|ScaleShot,IceSpinner,Haze,Protect|||M|||50|,,,,,Steel]Archaludon||PowerHerb|Sturdy|FlashCannon,ElectroShot,DracoMeteor,Protect|||M|||50|,,,,,Flying]Tyranitar||AssaultVest|SandStream|KnockOff,RockSlide,TeraBlast,LowKick|||M|||50|,,,,,Flying]Garchomp||ClearAmulet|RoughSkin|DragonClaw,StompingTantrum,Earthquake,Protect|||F|||50|,,,,,Steel
|
|t:|1757721937
|teamsize|p1|4
|teamsize|p2|4
|start
|switch|p1a: Excadrill|Excadrill, L50, M|100/100
|switch|p1b: Blaziken|Blaziken, L50, M|100/100
|switch|p2a: Talonflame|Talonflame, L50, M|100/100
|switch|p2b: Gholdengo|Gholdengo, L50|100/100
|turn|1
|
|t:|1757721951
|switch|p1b: Salamence|Salamence, L50, F|100/100
|-ability|p1b: Salamence|Intimidate|boost
|-unboost|p2a: Talonflame|atk|1
|-unboost|p2b: Gholdengo|atk|1
|-terastallize|p2a: Talonflame|Stellar
|move|p2b: Gholdengo|Protect|p2b: Gholdengo
|-singleturn|p2b: Gholdengo|Protect
|move|p2a: Talonflame|Flare Blitz|p1a: Excadrill
|-supereffective|p1a: Excadrill
|-damage|p1a: Excadrill|0 fnt
|faint|p1a: Excadrill
|-damage|p2a: Talonflame|62/100|[from] Recoil
|
|upkeep
|
|t:|1757721966
|switch|p1a: Blaziken|Blaziken, L50, M|100/100
|turn|2
|
|t:|1757721977
|switch|p2b: Garchomp|Garchomp, L50, F|100/100
|-terastallize|p1a: Blaziken|Dragon
|move|p2a: Talonflame|Tailwind|p2a: Talonflame
|-sidestart|p2: washingtongargacha|move: Tailwind
|move|p1b: Salamence|Tailwind|p1b: Salamence
|-sidestart|p1: Latios66|move: Tailwind
|move|p1a: Blaziken|Heat Wave|p2b: Garchomp|[spread] p2b
|-miss|p1a: Blaziken|p2a: Talonflame
|-resisted|p2b: Garchomp
|-damage|p2b: Garchomp|83/100
|
|-ability|p1a: Blaziken|Speed Boost|boost
|-boost|p1a: Blaziken|spe|1
|upkeep
|turn|3
|
|t:|1757722011
|move|p1a: Blaziken|Coaching|p1b: Salamence
|-boost|p1b: Salamence|atk|1
|-boost|p1b: Salamence|def|1
|move|p2a: Talonflame|Dual Wingbeat|p1a: Blaziken
|-damage|p1a: Blaziken|80/100
|-damage|p1a: Blaziken|61/100
|-hitcount|p1a: Blaziken|2
|move|p2b: Garchomp|Dragon Claw|p1a: Blaziken
|-supereffective|p1a: Blaziken
|-damage|p1a: Blaziken|0 fnt
|faint|p1a: Blaziken
|move|p1b: Salamence|Air Slash|p2a: Talonflame
|-damage|p2a: Talonflame|0 fnt
|faint|p2a: Talonflame
|-damage|p1b: Salamence|91/100|[from] item: Life Orb
|
|upkeep
|
|t:|1757722026
|switch|p2a: Tyranitar|Tyranitar, L50, M|100/100
|switch|p1a: Tyranitar|Tyranitar, L50, M|100/100
|-weather|Sandstorm|[from] ability: Sand Stream|[of] p1a: Tyranitar
|turn|4
|
|t:|1757722045
|move|p2b: Garchomp|Stomping Tantrum|p1a: Tyranitar
|-supereffective|p1a: Tyranitar
|-damage|p1a: Tyranitar|22/100
|move|p1b: Salamence|Air Slash|p2a: Tyranitar
|-resisted|p2a: Tyranitar
|-crit|p2a: Tyranitar
|-damage|p2a: Tyranitar|86/100
|-damage|p1b: Salamence|81/100|[from] item: Life Orb
|move|p1a: Tyranitar|Dragon Dance|p1a: Tyranitar
|-boost|p1a: Tyranitar|atk|1
|-boost|p1a: Tyranitar|spe|1
|cant|p2a: Tyranitar|flinch
|
|-weather|Sandstorm|[upkeep]
|-damage|p1b: Salamence|75/100|[from] Sandstorm
|upkeep
|turn|5
|
|t:|1757722067
|move|p2b: Garchomp|Protect|p2b: Garchomp
|-singleturn|p2b: Garchomp|Protect
|move|p1a: Tyranitar|Protect|p1a: Tyranitar
|-singleturn|p1a: Tyranitar|Protect
|move|p1b: Salamence|Draco Meteor|p2b: Garchomp
|-activate|p2b: Garchomp|move: Protect
|move|p2a: Tyranitar|Rock Slide|p1b: Salamence|[spread] p1b
|-activate|p1a: Tyranitar|move: Protect
|-supereffective|p1b: Salamence
|-damage|p1b: Salamence|22/100
|
|-weather|Sandstorm|[upkeep]
|-damage|p1b: Salamence|16/100|[from] Sandstorm
|-sideend|p2: washingtongargacha|move: Tailwind
|-sideend|p1: Latios66|move: Tailwind
|upkeep
|turn|6
|
|t:|1757722086
|move|p2b: Garchomp|Dragon Claw|p1b: Salamence
|-supereffective|p1b: Salamence
|-damage|p1b: Salamence|0 fnt
|faint|p1b: Salamence
|move|p1a: Tyranitar|Knock Off|p2b: Garchomp
|-damage|p2b: Garchomp|0 fnt
|-damage|p1a: Tyranitar|10/100|[from] ability: Rough Skin|[of] p2b: Garchomp
|-enditem|p2b: Garchomp|Clear Amulet|[from] move: Knock Off|[of] p1a: Tyranitar
|faint|p2b: Garchomp
|move|p2a: Tyranitar|Low Kick|p1a: Tyranitar
|-supereffective|p1a: Tyranitar
|-damage|p1a: Tyranitar|0 fnt
|faint|p1a: Tyranitar
|
|win|washingtongargacha
|raw|Latios66's rating: 1088 → 1069(-19 for losing)
|raw|washingtongargacha's rating: 1154 → 1174(+20 for winning)
