|j|☆0n0_SERPER_0n0
|j|☆pablittoo
|html|0n0_SERPER_0n0pablittoo    
|uhtml|bestof|Game 2 of a best-of-3
|t:|1782328576
|gametype|doubles
|player|p1|0n0_SERPER_0n0|erika|
|player|p2|pablittoo|101|
|gen|9
|tier|[Gen 9 Champions] VGC 2026 Reg M-B (Bo3)
|rule|Species Clause: Limit one of each Pokémon
|rule|Item Clause: Limit 1 of each item
|clearpoke
|poke|p1|Charizard, L50, M|
|poke|p1|Whimsicott, L50, M, shiny|
|poke|p1|Metagross, L50|
|poke|p1|Garchomp, L50, M, shiny|
|poke|p1|Kingambit, L50, F|
|poke|p1|Sylveon, L50, F, shiny|
|poke|p2|Incineroar, L50, M|
|poke|p2|Sinistcha, L50|
|poke|p2|Floette-Eternal, L50, F|
|poke|p2|Basculegion, L50, M|
|poke|p2|Whimsicott, L50, M|
|poke|p2|Pyroar, L50, F|
|teampreview|4
|showteam|p1|Charizard||CharizarditeY|Blaze|WeatherBall,HeatWave,SolarBeam,Protect|Modest||M|||50|]Whimsicott||MentalHerb|Prankster|Moonblast,Tailwind,Encore,Protect|Timid||M|||50|]Metagross||Metagrossite|ClearBody|IronHead,PsychicFangs,BrickBreak,Protect|Jolly|||||50|]Garchomp||LifeOrb|RoughSkin|DragonClaw,StompingTantrum,RockTomb,Protect|Jolly||M|||50|]Kingambit||FocusSash|Defiant|SuckerPunch,KowtowCleave,IronHead,LowKick|Adamant||F|||50|]Sylveon||FairyFeather|Pixilate|QuickAttack,HyperBeam,HyperVoice,Detect|Modest||F|||50|
|showteam|p2|Incineroar||SitrusBerry|Intimidate|WillOWisp,FlareBlitz,FakeOut,PartingShot|Impish||M|||50|]Sinistcha||KasibBerry|Hospitality|StrengthSap,RagePowder,MatchaGotcha,Protect|Bold|||||50|]Floette-Eternal||Floettite|FlowerVeil|Protect,CalmMind,Moonblast,DazzlingGleam|Modest||F|||50|]Basculegion||ChoiceScarf|Adaptability|WaveCrash,LastRespects,AquaJet,FlipTurn|Jolly||M|||50|]Whimsicott||FocusSash|Prankster|Tailwind,SunnyDay,Moonblast,Protect|Timid||M|||50|]Pyroar||Pyroarite|Rivalry|HeatWave,Overheat,Protect,DarkPulse|Timid||F|||50|
|c|☆0n0_SERPER_0n0|BUA QUE PARTIDAZA TÚ
|c|☆pablittoo|Jajajaja
|c|☆pablittoo|Ha estado guapa
|
|t:|1782328656
|teamsize|p1|4
|teamsize|p2|4
|start
|switch|p1a: Koldo|Charizard, L50, M|100/100
|switch|p1b: Luda4|Whimsicott, L50, M, shiny|100/100
|switch|p2a: Basculegion|Basculegion, L50, M|100/100
|switch|p2b: Whimsicott|Whimsicott, L50, M|100/100
|turn|1
|
|t:|1782328685
|move|p1a: Koldo|Protect|p1a: Koldo
|-singleturn|p1a: Koldo|Protect
|move|p2b: Whimsicott|Tailwind|p2b: Whimsicott
|-sidestart|p2: pablittoo|move: Tailwind
|move|p1b: Luda4|Encore|p2b: Whimsicott
|-start|p2b: Whimsicott|Encore
|move|p2a: Basculegion|Flip Turn|p1b: Luda4
|-resisted|p1b: Luda4|1
|-damage|p1b: Luda4|82/100
|
|t:|1782328718
|switch|p2a: Incineroar|Incineroar, L50, M|100/100|[from] Flip Turn
|-ability|p2a: Incineroar|Intimidate|boost
|-unboost|p1a: Koldo|atk|1
|-unboost|p1b: Luda4|atk|1
|
|upkeep
|turn|2
|
|t:|1782328768
|switch|p2b: Basculegion|Basculegion, L50, M|100/100
|detailschange|p1a: Koldo|Charizard-Mega-Y, L50, M
|-mega|p1a: Koldo|Charizard|Charizardite Y
|-weather|SunnyDay|[from] ability: Drought|[of] p1a: Koldo
|move|p2a: Incineroar|Parting Shot|p1a: Koldo
|-unboost|p1a: Koldo|atk|1
|-unboost|p1a: Koldo|spa|1
|
|t:|1782328788
|switch|p2a: Pyroar|Pyroar, L50, F|100/100|[from] Parting Shot
|move|p1b: Luda4|Moonblast|p2a: Pyroar
|-resisted|p2a: Pyroar|1
|-damage|p2a: Pyroar|79/100
|move|p1a: Koldo|Heat Wave|p2a: Pyroar|[spread] p2a,p2b
|-resisted|p2a: Pyroar|1
|-resisted|p2b: Basculegion|1
|-damage|p2a: Pyroar|48/100
|-damage|p2b: Basculegion|76/100
|
|-weather|SunnyDay|[upkeep]
|upkeep
|turn|3
|
|t:|1782328809
|move|p1b: Luda4|Protect|p1b: Luda4
|-singleturn|p1b: Luda4|Protect
|move|p1a: Koldo|Protect|p1a: Koldo
|-singleturn|p1a: Koldo|Protect
|move|p2b: Basculegion|Wave Crash|p1a: Koldo
|-activate|p1a: Koldo|move: Protect
|move|p2a: Pyroar|Heat Wave|p1a: Koldo|[spread] 
|-activate|p1a: Koldo|move: Protect
|-activate|p1b: Luda4|move: Protect
|
|-weather|SunnyDay|[upkeep]
|upkeep
|turn|4
|c|☆pablittoo|No se vio venir jajaja
|
|t:|1782328878
|switch|p1a: Chompy|Garchomp, L50, M, shiny|100/100
|detailschange|p2a: Pyroar|Pyroar-Mega, L50, F
|-mega|p2a: Pyroar|Pyroar|Pyroarite
|move|p1b: Luda4|Tailwind|p1b: Luda4
|-sidestart|p1: 0n0_SERPER_0n0|move: Tailwind
|move|p2b: Basculegion|Wave Crash|p1a: Chompy
|-damage|p1a: Chompy|66/100
|-damage|p2b: Basculegion|64/100|[from] ability: Rough Skin|[of] p1a: Chompy
|-damage|p2b: Basculegion|53/100|[from] Recoil
|move|p2a: Pyroar|Heat Wave|p1a: Chompy|[spread] p1a,p1b
|-resisted|p1a: Chompy|1
|-supereffective|p1b: Luda4|1
|-damage|p1a: Chompy|22/100
|-damage|p1b: Luda4|0 fnt
|faint|p1b: Luda4
|
|-weather|SunnyDay|[upkeep]
|-sideend|p2: pablittoo|move: Tailwind
|upkeep
|
|t:|1782328894
|switch|p1b: Koldo|Charizard-Mega-Y, L50, M|100/100
|turn|5
|
|t:|1782328907
|switch|p2b: Incineroar|Incineroar, L50, M|100/100
|-ability|p2b: Incineroar|Intimidate|boost
|-unboost|p1a: Chompy|atk|1
|-unboost|p1b: Koldo|atk|1
|move|p2a: Pyroar|Protect|p2a: Pyroar
|-singleturn|p2a: Pyroar|Protect
|move|p1a: Chompy|Stomping Tantrum|p2a: Pyroar
|-activate|p2a: Pyroar|move: Protect
|move|p1b: Koldo|Solar Beam||[still]
|-prepare|p1b: Koldo|Solar Beam
|-anim|p1b: Koldo|Solar Beam|p2b: Incineroar
|-resisted|p2b: Incineroar|1
|-damage|p2b: Incineroar|78/100
|
|-weather|SunnyDay|[upkeep]
|upkeep
|turn|6
|
|t:|1782328932
|move|p2b: Incineroar|Fake Out|p1a: Chompy
|-damage|p1a: Chompy|12/100
|-damage|p2b: Incineroar|66/100|[from] ability: Rough Skin|[of] p1a: Chompy
|cant|p1a: Chompy|flinch
|move|p1b: Koldo|Weather Ball|p2a: Pyroar
|-resisted|p2a: Pyroar|1
|-crit|p2a: Pyroar
|-damage|p2a: Pyroar|0 fnt
|faint|p2a: Pyroar
|
|-weather|none
|upkeep
|c|☆pablittoo|Nooooo
|c|☆0n0_SERPER_0n0|Mataba igual
|c|☆pablittoo|Habia metido el sofoco ahí
|c|☆pablittoo|Si?
|c|☆0n0_SERPER_0n0|sí
|
|t:|1782328961
|switch|p2a: Whimsicott|Whimsicott, L50, M|100/100
|turn|7
|
|t:|1782329012
|switch|p1b: Kingambit|Kingambit, L50, F|100/100
|move|p1a: Chompy|Rock Tomb|p2a: Whimsicott
|-damage|p2a: Whimsicott|71/100
|-unboost|p2a: Whimsicott|spe|1
|-damage|p1a: Chompy|3/100|[from] item: Life Orb
|move|p2a: Whimsicott|Moonblast|p1a: Chompy
|-supereffective|p1a: Chompy|1
|-damage|p1a: Chompy|0 fnt
|faint|p1a: Chompy
|move|p2b: Incineroar|Flare Blitz|p1b: Kingambit
|-supereffective|p1b: Kingambit|1
|-damage|p1b: Kingambit|24/100
|-damage|p2b: Incineroar|44/100|[from] Recoil
|-enditem|p2b: Incineroar|Sitrus Berry|[eat]
|-heal|p2b: Incineroar|69/100|[from] item: Sitrus Berry
|
|-sideend|p1: 0n0_SERPER_0n0|move: Tailwind
|upkeep
|
|t:|1782329024
|switch|p1a: Koldo|Charizard-Mega-Y, L50, M|100/100
|-weather|SunnyDay|[from] ability: Drought|[of] p1a: Koldo
|turn|8
|
|t:|1782329039
|move|p2a: Whimsicott|Tailwind|p2a: Whimsicott
|-sidestart|p2: pablittoo|move: Tailwind
|move|p1b: Kingambit|Sucker Punch|p2b: Incineroar
|-resisted|p2b: Incineroar|1
|-damage|p2b: Incineroar|53/100
|move|p2b: Incineroar|Flare Blitz|p1b: Kingambit
|-supereffective|p1b: Kingambit|1
|-damage|p1b: Kingambit|0 fnt
|faint|p1b: Kingambit
|-damage|p2b: Incineroar|46/100|[from] Recoil
|move|p1a: Koldo|Heat Wave|p2b: Incineroar|[spread] p2a,p2b
|-supereffective|p2a: Whimsicott|1
|-resisted|p2b: Incineroar|1
|-damage|p2a: Whimsicott|0 fnt
|-damage|p2b: Incineroar|15/100
|faint|p2a: Whimsicott
|
|-weather|SunnyDay|[upkeep]
|upkeep
|
|t:|1782329042
|switch|p2a: Basculegion|Basculegion, L50, M|53/100
|turn|9
|
|t:|1782329057
|move|p1a: Koldo|Protect|p1a: Koldo
|-singleturn|p1a: Koldo|Protect
|move|p2a: Basculegion|Last Respects|p1a: Koldo
|-activate|p1a: Koldo|move: Protect
|move|p2b: Incineroar|Flare Blitz|p1a: Koldo
|-activate|p1a: Koldo|move: Protect
|
|-weather|SunnyDay|[upkeep]
|upkeep
|turn|10
|
|t:|1782329068
|move|p2a: Basculegion|Last Respects|p1a: Koldo
|-damage|p1a: Koldo|1/100
|move|p2b: Incineroar|Flare Blitz|p1a: Koldo
|-resisted|p1a: Koldo|1
|-damage|p1a: Koldo|0 fnt
|faint|p1a: Koldo
|-damage|p2b: Incineroar|14/100|[from] Recoil
|
|win|pablittoo
||0n0_SERPER_0n0 is ready for game 3.
||pablittoo is ready for game 3.
|uhtml|next|Next: Game 3 of 3
