|j|☆asmodeo666
|j|☆boncuss
|html|asmodeo666boncuss    
|uhtml|bestof|Game 2 of a best-of-3
|t:|1757832608
|gametype|doubles
|player|p1|asmodeo666|102|1115
|player|p2|boncuss|wattson|1232
|gen|9
|tier|[Gen 9] VGC 2025 Reg H (Bo3)
|rated|
|rule|Species Clause: Limit one of each Pokémon
|rule|Item Clause: Limit 1 of each item
|clearpoke
|poke|p1|Cramorant, L50, M|
|poke|p1|Incineroar, L50, F|
|poke|p1|Sceptile, L50, M|
|poke|p1|Gastrodon, L50, M|
|poke|p1|Toxicroak, L50, F|
|poke|p1|Gardevoir, L50, F|
|poke|p2|Garganacl, L50, M|
|poke|p2|Tyranitar, L50, F|
|poke|p2|Glimmora, L50, F|
|poke|p2|Talonflame, L50, M|
|poke|p2|Excadrill, L50, F|
|poke|p2|Gastrodon, L50, F|
|teampreview|4
|showteam|p1|Cramorant||CovertCloak|GulpMissile|Surf,AirSlash,Tailwind,Protect|||M|||50|,,,,,Dragon]Incineroar||SafetyGoggles|Intimidate|FakeOut,FlareBlitz,KnockOff,PartingShot|||F|||50|,,,,,Ghost]Sceptile||AbsorbBulb|Unburden|GigaDrain,DragonPulse,TeraBlast,Protect|||M|||50|,,,,,Ghost]Gastrodon||Leftovers|StormDrain|MuddyWater,EarthPower,Recover,Protect|||M|||50|,,,,,Fire]Toxicroak||ClearAmulet|DrySkin|FakeOut,CloseCombat,GunkShot,SuckerPunch|||F|||50|,,,,,Dark]Gardevoir||ChoiceScarf|Telepathy|Moonblast,DazzlingGleam,ExpandingForce,MysticalFire|||F|||50|,,,,,Fairy
|showteam|p2|Garganacl||Leftovers|PurifyingSalt|SaltCure,Curse,WideGuard,Recover|||M|||50|,,,,,Ghost]Tyranitar||AssaultVest|SandStream|RockSlide,KnockOff,LashOut,IcePunch|||F|||50|,,,,,Flying]Glimmora||PowerHerb|ToxicDebris|MeteorBeam,SpikyShield,SludgeBomb,EarthPower|||F|||50|,,,,,Grass]Talonflame||CovertCloak|GaleWings|DualWingbeat,FlareBlitz,Tailwind,WillOWisp|||M|||50|,,,,,Flying]Excadrill||SitrusBerry|SandRush|IronHead,Earthquake,SwordsDance,Protect|||F|||50|,,,,,Ghost]Gastrodon||LifeOrb|StormDrain|EarthPower,MuddyWater,IceBeam,Protect|||F|||50|,,,,,Fire
|inactive|Battle timer is ON: inactive players will automatically lose when time's up. (requested by boncuss)
|
|t:|1757832624
|teamsize|p1|4
|teamsize|p2|4
|start
|switch|p1a: Cramorant|Cramorant, L50, M|100/100
|switch|p1b: Toxicroak|Toxicroak, L50, F|100/100
|switch|p2a: Talonflame|Talonflame, L50, M|100/100
|switch|p2b: Glimmora|Glimmora, L50, F|100/100
|turn|1
|
|t:|1757832646
|move|p2b: Glimmora|Spiky Shield|p2b: Glimmora
|-singleturn|p2b: Glimmora|move: Protect
|move|p1b: Toxicroak|Fake Out|p2b: Glimmora
|-activate|p2b: Glimmora|move: Protect
|-damage|p1b: Toxicroak|88/100|[from] Spiky Shield|[of] p2b: Glimmora
|move|p2a: Talonflame|Tailwind|p2a: Talonflame
|-sidestart|p2: boncuss|move: Tailwind
|move|p1a: Cramorant|Surf|p2a: Talonflame|[spread] p2a
|-activate|p2b: Glimmora|move: Protect
|-heal|p1b: Toxicroak|100/100|[from] ability: Dry Skin|[of] p1a: Cramorant
|-formechange|p1a: Cramorant|Cramorant-Gulping|
|-supereffective|p2a: Talonflame
|-damage|p2a: Talonflame|23/100
|
|upkeep
|turn|2
|inactive|asmodeo666 has 30 seconds left.
|
|t:|1757832673
|move|p1a: Cramorant|Protect|p1a: Cramorant
|-singleturn|p1a: Cramorant|Protect
|move|p2a: Talonflame|Dual Wingbeat|p1b: Toxicroak
|-supereffective|p1b: Toxicroak
|-crit|p1b: Toxicroak
|-damage|p1b: Toxicroak|27/100
|-supereffective|p1b: Toxicroak
|-damage|p1b: Toxicroak|0 fnt
|faint|p1b: Toxicroak
|-hitcount|p1: Toxicroak|2
|move|p2b: Glimmora|Meteor Beam||[still]
|-prepare|p2b: Glimmora|Meteor Beam
|-boost|p2b: Glimmora|spa|1
|-enditem|p2b: Glimmora|Power Herb
|-anim|p2b: Glimmora|Meteor Beam|p1a: Cramorant
|-activate|p1a: Cramorant|move: Protect
|
|upkeep
|
|t:|1757832681
|switch|p1b: Gastrodon|Gastrodon, L50, M|100/100
|turn|3
|inactive|boncuss has 30 seconds left.
|
|t:|1757832708
|-terastallize|p2b: Glimmora|Grass
|move|p2a: Talonflame|Dual Wingbeat|p1b: Gastrodon
|-damage|p1b: Gastrodon|84/100
|-damage|p1b: Gastrodon|68/100
|-hitcount|p1b: Gastrodon|2
|move|p2b: Glimmora|Sludge Bomb|p1a: Cramorant
|-damage|p1a: Cramorant|15/100
|-damage|p2b: Glimmora|76/100|[from] ability: Gulp Missile|[of] p1a: Cramorant
|-unboost|p2b: Glimmora|def|1
|-formechange|p1a: Cramorant|Cramorant|
|move|p1a: Cramorant|Surf|p2b: Glimmora|[spread] p2a,p2b
|-ability|p1b: Gastrodon|Storm Drain|boost
|-boost|p1b: Gastrodon|spa|1
|-formechange|p1a: Cramorant|Cramorant-Gorging|
|-supereffective|p2a: Talonflame
|-crit|p2a: Talonflame
|-resisted|p2b: Glimmora
|-damage|p2a: Talonflame|0 fnt
|-damage|p2b: Glimmora|59/100
|faint|p2a: Talonflame
|move|p1b: Gastrodon|Muddy Water|p2b: Glimmora
|-resisted|p2b: Glimmora
|-damage|p2b: Glimmora|22/100
|-unboost|p2b: Glimmora|accuracy|1
|
|-heal|p1b: Gastrodon|74/100|[from] item: Leftovers
|upkeep
|
|t:|1757832719
|switch|p2a: Garganacl|Garganacl, L50, M|100/100
|turn|4
|
|t:|1757832744
|move|p2b: Glimmora|Spiky Shield|p2b: Glimmora
|-singleturn|p2b: Glimmora|move: Protect
|move|p1a: Cramorant|Tailwind|p1a: Cramorant
|-sidestart|p1: asmodeo666|move: Tailwind
|move|p1b: Gastrodon|Muddy Water|p2a: Garganacl|[spread] p2a
|-activate|p2b: Glimmora|move: Protect
|-supereffective|p2a: Garganacl
|-damage|p2a: Garganacl|45/100
|move|p2a: Garganacl|Salt Cure|p1b: Gastrodon
|-resisted|p1b: Gastrodon
|-damage|p1b: Gastrodon|68/100
|-start|p1b: Gastrodon|Salt Cure
|
|-heal|p1b: Gastrodon|74/100|[from] item: Leftovers
|-heal|p2a: Garganacl|51/100|[from] item: Leftovers
|-damage|p1b: Gastrodon|49/100|[from] Salt Cure
|-sideend|p2: boncuss|move: Tailwind
|upkeep
|turn|5
|
|t:|1757832767
|switch|p1b: Sceptile|Sceptile, L50, M|100/100
|move|p2a: Garganacl|Wide Guard|p2a: Garganacl
|-singleturn|p2a: Garganacl|Wide Guard
|move|p1a: Cramorant|Air Slash|p2b: Glimmora
|-supereffective|p2b: Glimmora
|-damage|p2b: Glimmora|0 fnt
|faint|p2b: Glimmora
|
|-heal|p2a: Garganacl|57/100|[from] item: Leftovers
|upkeep
|
|t:|1757832775
|switch|p2b: Gastrodon|Gastrodon, L50, F|100/100
|turn|6
|
|t:|1757832785
|move|p2b: Gastrodon|Protect|p2b: Gastrodon
|-singleturn|p2b: Gastrodon|Protect
|move|p1b: Sceptile|Giga Drain|p2a: Garganacl
|-supereffective|p2a: Garganacl
|-damage|p2a: Garganacl|7/100
|move|p1a: Cramorant|Surf|p2b: Gastrodon|[spread] p1b,p2a
|-activate|p2b: Gastrodon|move: Protect
|-resisted|p1b: Sceptile
|-supereffective|p2a: Garganacl
|-damage|p1b: Sceptile|84/100
|-damage|p2a: Garganacl|0 fnt
|-enditem|p1b: Sceptile|Absorb Bulb
|-boost|p1b: Sceptile|spa|1|[from] item: Absorb Bulb
|faint|p2a: Garganacl
|
|upkeep
|turn|7
|-message|boncuss forfeited.
|
|win|asmodeo666
|l|☆boncuss
|player|p2|
||boncuss is ready for game 3.
||asmodeo666 is ready for game 3.
|uhtml|next|Next: Game 3 of 3
|l|☆asmodeo666
|player|p1|
