|j|☆greenlightdmp
|j|☆bouledefeu
|html|greenlightdmpbouledefeu    
|uhtml|bestof|Game 2 of a best-of-3
|t:|1756449374
|gametype|doubles
|player|p1|greenlightdmp|266|1173
|player|p2|bouledefeu|bugcatcher-gen4dp|1126
|gen|9
|tier|[Gen 9] VGC 2025 Reg H (Bo3)
|rated|
|rule|Species Clause: Limit one of each Pokémon
|rule|Item Clause: Limit 1 of each item
|clearpoke
|poke|p1|Sneasler, L50, M|
|poke|p1|Rillaboom, L50, M|
|poke|p1|Volcarona, L50, F|
|poke|p1|Dragonite, L50, M|
|poke|p1|Basculegion, L50, M|
|poke|p1|Kingambit, L50, M|
|poke|p2|Sneasler, L50, F|
|poke|p2|Basculegion, L50, M|
|poke|p2|Pelipper, L50, M|
|poke|p2|Kingambit, L50, F|
|poke|p2|Archaludon, L50, F|
|poke|p2|Maushold, L50|
|teampreview|4
|showteam|p1|Sneasler||FocusSash|Unburden|CloseCombat,DireClaw,FakeOut,Protect|||M|||50|,,,,,Stellar]Rillaboom||AssaultVest|GrassySurge|WoodHammer,GrassyGlide,HighHorsepower,FakeOut|||M|||50|,,,,,Fire]Volcarona||CovertCloak|FlameBody|HeatWave,TeraBlast,QuiverDance,Protect|||F|||50|,,,,,Fairy]Dragonite||LoadedDice|Multiscale|ScaleShot,IronHead,Protect,Haze|||M|||50|,,,,,Steel]Basculegion||ChoiceScarf|Adaptability|FlipTurn,LastRespects,WaveCrash,AquaJet|||M|||50|,,,,,Water]Kingambit||SafetyGoggles|Defiant|KowtowCleave,SuckerPunch,SwordsDance,Protect|||M|||50|,,,,,Dark
|showteam|p2|Sneasler||FocusSash|Unburden|CloseCombat,DireClaw,FakeOut,Protect|||F|||50|,,,,,Stellar]Basculegion||ChoiceBand|SwiftSwim|FlipTurn,WaveCrash,AquaJet,LastRespects|||M|||50|,,,,,Water]Pelipper||CovertCloak|Drizzle|WeatherBall,Tailwind,Hurricane,Protect|||M|||50|,,,,,Electric]Kingambit||BlackGlasses|Defiant|KowtowCleave,SuckerPunch,SwordsDance,Protect|||F|||50|,,,,,Dark]Archaludon||AssaultVest|Stamina|DracoMeteor,ElectroShot,FlashCannon,BodyPress|||F|||50|,,,,,Grass]Maushold||SafetyGoggles|FriendGuard|FollowMe,Taunt,BeatUp,Protect||||||50|,,,,,Fairy
|inactive|Battle timer is ON: inactive players will automatically lose when time's up. (requested by bouledefeu)
|
|t:|1756449404
|teamsize|p1|4
|teamsize|p2|4
|start
|switch|p1a: Volcarona|Volcarona, L50, F|100/100
|switch|p1b: Rillaboom|Rillaboom, L50, M|100/100
|switch|p2a: Pelipper|Pelipper, L50, M|100/100
|switch|p2b: Basculegion|Basculegion, L50, M|100/100
|-weather|RainDance|[from] ability: Drizzle|[of] p2a: Pelipper
|-fieldstart|move: Grassy Terrain|[from] ability: Grassy Surge|[of] p1b: Rillaboom
|turn|1
|inactive|greenlightdmp has 30 seconds left.
|inactive|greenlightdmp has 20 seconds left.
|inactive|greenlightdmp has 15 seconds left.
|inactive|greenlightdmp has 10 seconds left.
|inactive|bouledefeu has 30 seconds left.
|
|t:|1756449452
|-terastallize|p2b: Basculegion|Water
|-terastallize|p1a: Volcarona|Fairy
|move|p2b: Basculegion|Aqua Jet|p1a: Volcarona
|-damage|p1a: Volcarona|14/100
|-status|p2b: Basculegion|brn|[from] ability: Flame Body|[of] p1a: Volcarona
|move|p1b: Rillaboom|Grassy Glide|p2a: Pelipper
|-damage|p2a: Pelipper|55/100
|move|p1a: Volcarona|Tera Blast|p2a: Pelipper|[anim] Tera Blast Fairy
|-damage|p2a: Pelipper|0 fnt
|faint|p2a: Pelipper
|
|-weather|RainDance|[upkeep]
|-heal|p1a: Volcarona|19/100|[from] Grassy Terrain
|-damage|p2b: Basculegion|94/100 brn|[from] brn
|upkeep
|
|t:|1756449466
|switch|p2a: Sneasler|Sneasler, L50, F|100/100
|turn|2
|
|t:|1756449477
|switch|p2b: Archaludon|Archaludon, L50, F|100/100
|switch|p1b: Kingambit|Kingambit, L50, M|100/100
|move|p1a: Volcarona|Protect|p1a: Volcarona
|-singleturn|p1a: Volcarona|Protect
|move|p2a: Sneasler|Dire Claw|p1b: Kingambit
|-immune|p1b: Kingambit
|
|-weather|RainDance|[upkeep]
|-heal|p1a: Volcarona|25/100|[from] Grassy Terrain
|upkeep
|turn|3
|inactive|greenlightdmp has 30 seconds left.
|
|t:|1756449507
|move|p1b: Kingambit|Sucker Punch|p2a: Sneasler
|-resisted|p2a: Sneasler
|-damage|p2a: Sneasler|67/100
|move|p2a: Sneasler|Close Combat|p1b: Kingambit
|-supereffective|p1b: Kingambit
|-damage|p1b: Kingambit|0 fnt
|-unboost|p2a: Sneasler|def|1
|-unboost|p2a: Sneasler|spd|1
|faint|p1b: Kingambit
|move|p1a: Volcarona|Tera Blast|p2a: Sneasler|[anim] Tera Blast Fairy
|-damage|p2a: Sneasler|0 fnt
|faint|p2a: Sneasler
|move|p2b: Archaludon|Electro Shot||[still]
|-prepare|p2b: Archaludon|Electro Shot
|-boost|p2b: Archaludon|spa|1
|-anim|p2b: Archaludon|Electro Shot|p1a: Volcarona
|-damage|p1a: Volcarona|0 fnt
|faint|p1a: Volcarona
|
|-weather|RainDance|[upkeep]
|upkeep
|
|t:|1756449527
|switch|p2a: Basculegion|Basculegion, L50, M, tera:Water|94/100 brn
|switch|p1a: Rillaboom|Rillaboom, L50, M|100/100
|switch|p1b: Sneasler|Sneasler, L50, M|100/100
|turn|4
|
|t:|1756449546
|move|p1b: Sneasler|Fake Out|p2a: Basculegion
|-damage|p2a: Basculegion|76/100 brn
|cant|p2a: Basculegion|flinch
|move|p1a: Rillaboom|Grassy Glide|p2a: Basculegion
|-supereffective|p2a: Basculegion
|-damage|p2a: Basculegion|0 fnt
|faint|p2a: Basculegion
|move|p2b: Archaludon|Electro Shot||[still]
|-prepare|p2b: Archaludon|Electro Shot
|-boost|p2b: Archaludon|spa|1
|-anim|p2b: Archaludon|Electro Shot|p1b: Sneasler
|-enditem|p1b: Sneasler|Focus Sash
|-damage|p1b: Sneasler|1/100
|
|-weather|RainDance|[upkeep]
|-heal|p1b: Sneasler|7/100|[from] Grassy Terrain
|upkeep
|turn|5
|
|t:|1756449563
|move|p1b: Sneasler|Close Combat|p2b: Archaludon
|-supereffective|p2b: Archaludon
|-damage|p2b: Archaludon|14/100
|-unboost|p1b: Sneasler|def|1
|-unboost|p1b: Sneasler|spd|1
|-ability|p2b: Archaludon|Stamina|boost
|-boost|p2b: Archaludon|def|1
|move|p2b: Archaludon|Flash Cannon|p1b: Sneasler
|-damage|p1b: Sneasler|0 fnt
|faint|p1b: Sneasler
|move|p1a: Rillaboom|High Horsepower|p2b: Archaludon
|-supereffective|p2b: Archaludon
|-damage|p2b: Archaludon|0 fnt
|faint|p2b: Archaludon
|
|win|greenlightdmp
|raw|greenlightdmp's rating: 1173 → 1195(+22 for winning)
|raw|bouledefeu's rating: 1126 → 1104(-22 for losing)
|l|☆bouledefeu
|player|p2|
|l|☆greenlightdmp
|player|p1|
|j|☆greenlightdmp
|player|p1|greenlightdmp|266|
