|j|☆erz123456
|j|☆syahrunn
|html|erz123456syahrunn    
|uhtml|bestof|Game 3 of a best-of-3
|t:|1783010251
|gametype|doubles
|player|p1|erz123456|2|1140
|player|p2|syahrunn|169|1000
|gen|9
|tier|[Gen 9 Champions] VGC 2026 Reg M-B (Bo3)
|rated|
|rule|Species Clause: Limit one of each Pokémon
|rule|Item Clause: Limit 1 of each item
|clearpoke
|poke|p1|Sneasler, L50, F|
|poke|p1|Blastoise, L50, F|
|poke|p1|Pelipper, L50, F|
|poke|p1|Sinistcha, L50|
|poke|p1|Kingambit, L50, M|
|poke|p1|Archaludon, L50, M|
|poke|p2|Staraptor, L50, M|
|poke|p2|Raichu, L50, F|
|poke|p2|Tinkaton, L50, F|
|poke|p2|Ninetales-Alola, L50, M|
|poke|p2|Talonflame, L50, M|
|poke|p2|Basculegion, L50, M|
|teampreview|4
|showteam|p1|Sneasler||WhiteHerb|Unburden|FakeOut,DireClaw,CloseCombat,RockTomb|Jolly||F|||50|]Blastoise||Blastoisinite|RainDish|WaterSpout,IceBeam,ShellSmash,Protect|Modest||F|||50|]Pelipper||FocusSash|Drizzle|Tailwind,HelpingHand,MuddyWater,Hurricane|Modest||F|||50|]Sinistcha||SitrusBerry|Hospitality|MatchaGotcha,ShadowBall,TrickRoom,RagePowder|Calm|||||50|]Kingambit||ChopleBerry|Defiant|KowtowCleave,IronHead,SuckerPunch,Protect|Adamant||M|||50|]Archaludon||Leftovers|Stamina|ElectroShot,FlashCannon,DragonPulse,Protect|Modest||M|||50|
|showteam|p2|Staraptor||Staraptite|Intimidate|CloseCombat,Protect,BraveBird,Roost|Adamant||M|||50|]Raichu||RaichuniteY|LightningRod|ZapCannon,FakeOut,VoltSwitch,DazzlingGleam|Modest||F|||50|]Tinkaton||OccaBerry|MoldBreaker|GigatonHammer,FakeOut,SwordsDance,PlayRough|Adamant||F|||50|]Ninetales-Alola||LightClay|SnowWarning|Blizzard,AuroraVeil,FreezeDry,Moonblast|Modest||M|||50|]Talonflame|||GaleWings|Acrobatics,Tailwind,FeatherDance,Taunt|Jolly||M|||50|]Basculegion||ChoiceScarf|Adaptability|FlipTurn,WaveCrash,LastRespects,AquaJet|Serious||M|||50|
|
|t:|1783010317
|teamsize|p1|4
|teamsize|p2|4
|start
|switch|p1a: Sneasler|Sneasler, L50, F|100/100
|switch|p1b: Sinistcha|Sinistcha, L50|100/100
|switch|p2a: Staraptor|Staraptor, L50, M|100/100
|switch|p2b: Basculegion|Basculegion, L50, M|100/100
|-ability|p2a: Staraptor|Intimidate|boost
|-unboost|p1a: Sneasler|atk|1
|-unboost|p1b: Sinistcha|atk|1
|-enditem|p1a: Sneasler|White Herb
|-clearnegativeboost|p1a: Sneasler|[silent]
|turn|1
|inactive|Battle timer is ON: inactive players will automatically lose when time's up. (requested by syahrunn)
|inactive|erz123456 has 60 seconds left.
|
|t:|1783010356
|detailschange|p2a: Staraptor|Staraptor-Mega, L50, M
|-mega|p2a: Staraptor|Staraptor|Staraptite
|move|p2a: Staraptor|Protect|p2a: Staraptor
|-singleturn|p2a: Staraptor|Protect
|move|p1a: Sneasler|Fake Out|p2a: Staraptor
|-activate|p2a: Staraptor|move: Protect
|move|p2b: Basculegion|Flip Turn|p1a: Sneasler
|-damage|p1a: Sneasler|32/100
|
|t:|1783010369
|switch|p2b: Ninetales|Ninetales-Alola, L50, M|100/100|[from] Flip Turn
|-weather|Snowscape|[from] ability: Snow Warning|[of] p2b: Ninetales
|move|p1b: Sinistcha|Matcha Gotcha|p2a: Staraptor|[spread] p2b
|-activate|p2a: Staraptor|move: Protect
|-damage|p2b: Ninetales|69/100
|
|-weather|Snowscape|[upkeep]
|upkeep
|turn|2
|inactive|erz123456 has 30 seconds left.
|inactive|syahrunn has 30 seconds left.
|inactive|erz123456 has 20 seconds left.
|inactive|erz123456 has 15 seconds left.
|
|t:|1783010410
|switch|p2b: Basculegion|Basculegion, L50, M|100/100
|move|p1a: Sneasler|Dire Claw|p2b: Basculegion
|-resisted|p2b: Basculegion|1
|-damage|p2b: Basculegion|76/100
|move|p2a: Staraptor|Close Combat|p1a: Sneasler
|-resisted|p1a: Sneasler|1
|-damage|p1a: Sneasler|0 fnt
|-boost|p2a: Staraptor|def|1
|-boost|p2a: Staraptor|spd|1
|faint|p1a: Sneasler
|move|p1b: Sinistcha|Trick Room|p1b: Sinistcha
|-fieldstart|move: Trick Room|[of] p1b: Sinistcha
|
|-weather|Snowscape|[upkeep]
|upkeep
|
|t:|1783010424
|switch|p1a: Archaludon|Archaludon, L50, M|100/100
|turn|3
|
|t:|1783010445
|switch|p1b: Pelipper|Pelipper, L50, F|100/100
|-weather|RainDance|[from] ability: Drizzle|[of] p1b: Pelipper
|switch|p2b: Ninetales|Ninetales-Alola, L50, M|69/100
|-weather|Snowscape|[from] ability: Snow Warning|[of] p2b: Ninetales
|move|p1a: Archaludon|Electro Shot||[still]
|-prepare|p1a: Archaludon|Electro Shot
|-boost|p1a: Archaludon|spa|1
|move|p2a: Staraptor|Close Combat|p1a: Archaludon
|-supereffective|p1a: Archaludon|1
|-damage|p1a: Archaludon|0 fnt
|-boost|p2a: Staraptor|def|1
|-boost|p2a: Staraptor|spd|1
|faint|p1a: Archaludon
|
|-weather|Snowscape|[upkeep]
|upkeep
|
|t:|1783010455
|switch|p1a: Sinistcha|Sinistcha, L50|100/100
|turn|4
|c|☆erz123456|gg
|c|☆syahrunn|Gg
|c|☆erz123456|wp
|inactive|syahrunn has 30 seconds left.
|
|t:|1783010480
|move|p1a: Sinistcha|Shadow Ball|p2b: Ninetales
|-damage|p2b: Ninetales|30/100
|move|p1b: Pelipper|Muddy Water|p2a: Staraptor|[spread] p2a,p2b
|-damage|p2a: Staraptor|82/100
|-damage|p2b: Ninetales|0 fnt
|faint|p2b: Ninetales
|move|p2a: Staraptor|Brave Bird|p1a: Sinistcha
|-supereffective|p1a: Sinistcha|1
|-damage|p1a: Sinistcha|0 fnt
|faint|p1a: Sinistcha
|-damage|p2a: Staraptor|46/100|[from] Recoil
|
|-weather|Snowscape|[upkeep]
|upkeep
|
|t:|1783010490
|switch|p2b: Raichu|Raichu, L50, F|100/100
|turn|5
|
|t:|1783010499
|move|p1b: Pelipper|Muddy Water|p2a: Staraptor|[spread] p2a,p2b
|-damage|p2a: Staraptor|29/100
|-damage|p2b: Raichu|48/100
|-unboost|p2b: Raichu|accuracy|1
|move|p2b: Raichu|Volt Switch|p1b: Pelipper
|-supereffective|p1b: Pelipper|2
|-enditem|p1b: Pelipper|Focus Sash
|-damage|p1b: Pelipper|1/100
|
|t:|1783010508
|switch|p2b: Basculegion|Basculegion, L50, M|76/100|[from] Volt Switch
|move|p2a: Staraptor|Brave Bird|p1b: Pelipper
|-damage|p1b: Pelipper|0 fnt
|faint|p1b: Pelipper
|-damage|p2a: Staraptor|28/100|[from] Recoil
|
|win|syahrunn
|raw|erz123456's rating: 1140 → 1105(-35 for losing)
|raw|syahrunn's rating: 1000 → 1055(+55 for winning)
