|j|☆Chelicerate1
|j|☆Glofer
|html|Chelicerate1Glofer    
|uhtml|bestof|Game 1 of a best-of-3
|t:|1782733743
|gametype|doubles
|player|p1|Chelicerate1|ethan|1153
|player|p2|Glofer|blackbelt|1185
|gen|9
|tier|[Gen 9 Champions] VGC 2026 Reg M-B (Bo3)
|rated|
|rule|Species Clause: Limit one of each Pokémon
|rule|Item Clause: Limit 1 of each item
|clearpoke
|poke|p1|Pelipper, L50, F, shiny|
|poke|p1|Swampert, L50, M, shiny|
|poke|p1|Archaludon, L50, F, shiny|
|poke|p1|Grimmsnarl, L50, M, shiny|
|poke|p1|Sinistcha, L50, shiny|
|poke|p1|Metagross, L50, shiny|
|poke|p2|Swampert, L50, M|
|poke|p2|Meganium, L50, M|
|poke|p2|Glimmora, L50, M|
|poke|p2|Vivillon, L50, M|
|poke|p2|Pelipper, L50, F|
|poke|p2|Tinkaton, L50, F|
|teampreview|4
|showteam|p1|Pelipper||SitrusBerry|Drizzle|Hurricane,WeatherBall,Tailwind,Protect|Calm||F|||50|]Swampert||Swampertite|Torrent|WaveCrash,Earthquake,IcePunch,Protect|Adamant||M|||50|]Archaludon||Leftovers|Stamina|ElectroShot,FlashCannon,DragonPulse,Protect|Modest||F|||50|]Grimmsnarl||LightClay|Prankster|LightScreen,Reflect,FoulPlay,PartingShot|Careful||M|||50|]Sinistcha||CobaBerry|Hospitality|MatchaGotcha,RagePowder,TrickRoom,LifeDew|Calm|||||50|]Metagross||Metagrossite|ClearBody|IronHead,PsychicFangs,BodyPress,Protect|Jolly|||||50|
|showteam|p2|Swampert||Swampertite|Damp|WaveCrash,Earthquake,IcePunch,Protect|Adamant||M|||50|]Meganium||Meganiumite|LeafGuard|SolarBeam,DazzlingGleam,WeatherBall,Protect|Timid||M|||50|]Glimmora||LifeOrb|ToxicDebris|SludgeBomb,PowerGem,EarthPower,Protect|Timid||M|||50|]Vivillon||FocusSash|CompoundEyes|PollenPuff,SleepPowder,Tailwind,Protect|Timid||M|||50|]Pelipper||WideLens|Drizzle|Hurricane,MuddyWater,WideGuard,Protect|Modest||F|||50|]Tinkaton||Leftovers|OwnTempo|GigatonHammer,PlayRough,FakeOut,Protect|Jolly||F|||50|
|inactive|Battle timer is ON: inactive players will automatically lose when time's up. (requested by Chelicerate1)
|inactive|Glofer has 60 seconds left.
|
|t:|1782733786
|teamsize|p1|4
|teamsize|p2|4
|start
|switch|p1a: Swampert|Swampert, L50, M, shiny|100/100
|switch|p1b: Grimmsnarl|Grimmsnarl, L50, M, shiny|100/100
|switch|p2a: Tinkaton|Tinkaton, L50, F|100/100
|switch|p2b: Meganium|Meganium, L50, M|100/100
|turn|1
|
|t:|1782733807
|detailschange|p2b: Meganium|Meganium-Mega, L50, M
|-mega|p2b: Meganium|Meganium|Meganiumite
|detailschange|p1a: Swampert|Swampert-Mega, L50, M, shiny
|-mega|p1a: Swampert|Swampert|Swampertite
|move|p2a: Tinkaton|Fake Out|p1b: Grimmsnarl
|-damage|p1b: Grimmsnarl|88/100
|cant|p1b: Grimmsnarl|flinch
|move|p2b: Meganium|Dazzling Gleam|p1a: Swampert|[spread] p1a,p1b
|-supereffective|p1b: Grimmsnarl|1
|-damage|p1a: Swampert|70/100
|-damage|p1b: Grimmsnarl|40/100
|move|p1a: Swampert|Wave Crash|p2a: Tinkaton
|-damage|p2a: Tinkaton|1/100
|-damage|p1a: Swampert|42/100|[from] Recoil
|
|-heal|p2a: Tinkaton|8/100|[from] item: Leftovers
|upkeep
|turn|2
|inactive|Glofer has 30 seconds left.
|
|t:|1782733834
|move|p1b: Grimmsnarl|Parting Shot|p2b: Meganium
|-unboost|p2b: Meganium|atk|1
|-unboost|p2b: Meganium|spa|1
|
|t:|1782733848
|switch|p1b: Pelipper|Pelipper, L50, F, shiny|100/100|[from] Parting Shot
|-weather|RainDance|[from] ability: Drizzle|[of] p1b: Pelipper
|move|p1a: Swampert|Earthquake|p2b: Meganium|[spread] p2a,p2b
|-immune|p1b: Pelipper
|-supereffective|p2a: Tinkaton|1
|-resisted|p2b: Meganium|1
|-damage|p2a: Tinkaton|0 fnt
|-damage|p2b: Meganium|75/100
|faint|p2a: Tinkaton
|move|p2b: Meganium|Dazzling Gleam|p1b: Pelipper|[spread] p1a,p1b
|-damage|p1a: Swampert|21/100
|-damage|p1b: Pelipper|74/100
|
|-weather|RainDance|[upkeep]
|upkeep
|
|t:|1782733853
|switch|p2a: Vivillon|Vivillon, L50, M|100/100
|turn|3
|
|t:|1782733873
|move|p2b: Meganium|Protect|p2b: Meganium
|-singleturn|p2b: Meganium|Protect
|move|p1a: Swampert|Wave Crash|p2a: Vivillon
|-enditem|p2a: Vivillon|Focus Sash
|-damage|p2a: Vivillon|1/100
|-damage|p1a: Swampert|0 fnt|[from] Recoil
|faint|p1a: Swampert
|move|p2a: Vivillon|Sleep Powder|p1b: Pelipper
|-status|p1b: Pelipper|slp|[from] move: Sleep Powder
|cant|p1b: Pelipper|slp
|
|-weather|RainDance|[upkeep]
|upkeep
|
|t:|1782733883
|switch|p1a: Archaludon|Archaludon, L50, F, shiny|100/100
|turn|4
|
|t:|1782733898
|switch|p2b: Glimmora|Glimmora, L50, M|100/100
|move|p2a: Vivillon|Sleep Powder|p1a: Archaludon
|-status|p1a: Archaludon|slp|[from] move: Sleep Powder
|cant|p1a: Archaludon|slp
|cant|p1b: Pelipper|slp
|
|-weather|RainDance|[upkeep]
|upkeep
|turn|5
|
|t:|1782733920
|move|p2a: Vivillon|Tailwind|p2a: Vivillon
|-sidestart|p2: Glofer|move: Tailwind
|move|p2b: Glimmora|Power Gem|p1b: Pelipper
|-supereffective|p1b: Pelipper|1
|-damage|p1b: Pelipper|0 fnt
|faint|p1b: Pelipper
|-damage|p2b: Glimmora|90/100|[from] item: Life Orb
|-curestatus|p1a: Archaludon|slp|[msg]
|move|p1a: Archaludon|Electro Shot||[still]
|-prepare|p1a: Archaludon|Electro Shot
|-boost|p1a: Archaludon|spa|1
|-anim|p1a: Archaludon|Electro Shot|p2b: Glimmora
|-damage|p2b: Glimmora|17/100
|
|-weather|RainDance|[upkeep]
|upkeep
|
|t:|1782733935
|switch|p1b: Grimmsnarl|Grimmsnarl, L50, M, shiny|40/100
|turn|6
|
|t:|1782733958
|move|p1a: Archaludon|Protect|p1a: Archaludon
|-singleturn|p1a: Archaludon|Protect
|move|p2a: Vivillon|Sleep Powder|p1a: Archaludon
|-activate|p1a: Archaludon|move: Protect
|move|p2b: Glimmora|Sludge Bomb|p1b: Grimmsnarl
|-supereffective|p1b: Grimmsnarl|1
|-damage|p1b: Grimmsnarl|0 fnt
|faint|p1b: Grimmsnarl
|-damage|p2b: Glimmora|8/100|[from] item: Life Orb
|
|-weather|none
|upkeep
|turn|7
|
|t:|1782733975
|move|p2a: Vivillon|Sleep Powder|p1a: Archaludon
|-status|p1a: Archaludon|slp|[from] move: Sleep Powder
|move|p2b: Glimmora|Earth Power|p1a: Archaludon
|-supereffective|p1a: Archaludon|1
|-damage|p1a: Archaludon|25/100 slp
|-ability|p1a: Archaludon|Stamina|boost
|-boost|p1a: Archaludon|def|1
|-damage|p2b: Glimmora|0 fnt|[from] item: Life Orb
|faint|p2b: Glimmora
|cant|p1a: Archaludon|slp
|
|-heal|p1a: Archaludon|31/100 slp|[from] item: Leftovers
|upkeep
|
|t:|1782733981
|switch|p2b: Meganium|Meganium-Mega, L50, M|75/100
|turn|8
|inactive|Chelicerate1 has 30 seconds left.
|
|t:|1782734014
|move|p2a: Vivillon|Pollen Puff|p2b: Meganium
|-heal|p2b: Meganium|100/100
|move|p2b: Meganium|Dazzling Gleam|p1a: Archaludon
|-damage|p1a: Archaludon|0 fnt
|faint|p1a: Archaludon
|
|win|Glofer
