|j|☆bob8787
|j|☆Divine Monkey King
|html|bob8787Divine Monkey King    
|uhtml|bestof|Game 1 of a best-of-3
|t:|1784979468
|gametype|doubles
|player|p1|bob8787|170|1084
|player|p2|Divine Monkey King|170|1153
|gen|9
|tier|[Gen 9 Champions] VGC 2026 Reg M-B (Bo3)
|rated|
|rule|Species Clause: Limit one of each Pokémon
|rule|Item Clause: Limit 1 of each item
|clearpoke
|poke|p1|Feraligatr, L50, F|
|poke|p1|Sinistcha, L50|
|poke|p1|Sableye, L50, F|
|poke|p1|Talonflame, L50, M|
|poke|p1|Sneasler, L50, F|
|poke|p1|Clefable, L50, M|
|poke|p2|Tyranitar, L50, M, shiny|
|poke|p2|Aerodactyl, L50, M, shiny|
|poke|p2|Pelipper, L50, M, shiny|
|poke|p2|Basculegion, L50, M, shiny|
|poke|p2|Beedrill, L50, M, shiny|
|poke|p2|Annihilape, L50, M, shiny|
|teampreview|4
|showteam|p1|Feraligatr||Feraligite|SheerForce|Facade,Liquidation,SwordsDance,Protect|Adamant||F|||50|]Sinistcha||OccaBerry|Hospitality|Scald,ShadowBall,MatchaGotcha,Protect|Modest|||||50|]Sableye||RoseliBerry|Prankster|ThunderWave,WillOWisp,Reflect,LightScreen|Calm||F|||50|]Talonflame||LifeOrb|GaleWings|QuickGuard,Tailwind,WillOWisp,FlareBlitz|Jolly||M|||50|]Sneasler||WhiteHerb|Unburden|DireClaw,FakeOut,CloseCombat,Coaching|Adamant||F|||50|]Clefable||Leftovers|Unaware|Moonlight,HealPulse,FollowMe,CosmicPower|Bold||M|||50|
|showteam|p2|Tyranitar||Tyranitarite|SandStream|BrickBreak,KnockOff,Protect,RockSlide|Adamant||M|||50|]Aerodactyl||FocusSash|Unnerve|DualWingbeat,IronHead,Protect,Tailwind|Jolly||M|||50|]Pelipper||WacanBerry|Drizzle|Hurricane,IceBeam,Protect,WeatherBall|Calm||M|||50|]Basculegion||MysticWater|SwiftSwim|AquaJet,FlipTurn,LastRespects,Protect|Adamant||M|||50|]Beedrill||Beedrillite|Sniper|PoisonJab,Protect,Uturn,FellStinger|Jolly||M|||50|]Annihilape||Leftovers|Defiant|BulkUp,DrainPunch,Protect,ThunderPunch|Adamant||M|||50|
|inactive|Battle timer is ON: inactive players will automatically lose when time's up. (requested by bob8787)
|inactive|Divine Monkey King has 60 seconds left.
|
|t:|1784979550
|teamsize|p1|4
|teamsize|p2|4
|start
|switch|p1a: Feraligatr|Feraligatr, L50, F|100/100
|switch|p1b: Sableye|Sableye, L50, F|100/100
|switch|p2a: Aerodactyl|Aerodactyl, L50, M, shiny|100/100
|switch|p2b: Basculegion|Basculegion, L50, M, shiny|100/100
|-ability|p2a: Aerodactyl|Unnerve
|turn|1
|
|t:|1784979565
|detailschange|p1a: Feraligatr|Feraligatr-Mega, L50, F
|-mega|p1a: Feraligatr|Feraligatr|Feraligite
|move|p1b: Sableye|Will-O-Wisp|p1a: Feraligatr
|-status|p1a: Feraligatr|brn
|move|p2a: Aerodactyl|Tailwind|p2a: Aerodactyl
|-sidestart|p2: Divine Monkey King|move: Tailwind
|move|p2b: Basculegion|Flip Turn|p1a: Feraligatr
|-resisted|p1a: Feraligatr|2
|-damage|p1a: Feraligatr|92/100 brn
|
|t:|1784979574
|switch|p2b: Pelipper|Pelipper, L50, M, shiny|100/100|[from] Flip Turn
|-weather|RainDance|[from] ability: Drizzle|[of] p2b: Pelipper
|move|p1a: Feraligatr|Facade|p2b: Pelipper
|-damage|p2b: Pelipper|0 fnt
|faint|p2b: Pelipper
|
|-weather|RainDance|[upkeep]
|-damage|p1a: Feraligatr|86/100 brn|[from] brn
|upkeep
|
|t:|1784979589
|switch|p2b: Beedrill|Beedrill, L50, M, shiny|100/100
|turn|2
|
|t:|1784979601
|detailschange|p2b: Beedrill|Beedrill-Mega, L50, M, shiny
|-mega|p2b: Beedrill|Beedrill|Beedrillite
|move|p1b: Sableye|Reflect|p1b: Sableye
|-sidestart|p1: bob8787|Reflect
|move|p2b: Beedrill|Poison Jab|p1a: Feraligatr
|-damage|p1a: Feraligatr|55/100 brn
|move|p2a: Aerodactyl|Iron Head|p1a: Feraligatr
|-resisted|p1a: Feraligatr|1
|-damage|p1a: Feraligatr|49/100 brn
|move|p1a: Feraligatr|Facade|p2b: Beedrill
|-damage|p2b: Beedrill|0 fnt
|faint|p2b: Beedrill
|
|-weather|RainDance|[upkeep]
|-damage|p1a: Feraligatr|43/100 brn|[from] brn
|upkeep
|
|t:|1784979614
|switch|p2b: Basculegion|Basculegion, L50, M, shiny|100/100
|turn|3
|
|t:|1784979620
|move|p1b: Sableye|Thunder Wave|p2b: Basculegion|[miss]
|-miss|p1b: Sableye|p2b: Basculegion
|move|p2b: Basculegion|Last Respects|p1a: Feraligatr
|-damage|p1a: Feraligatr|5/100 brn
|move|p2a: Aerodactyl|Iron Head|p1a: Feraligatr
|-resisted|p1a: Feraligatr|1
|-damage|p1a: Feraligatr|0 fnt
|faint|p1a: Feraligatr
|
|-weather|RainDance|[upkeep]
|upkeep
|
|t:|1784979628
|switch|p1a: Sinistcha|Sinistcha, L50|100/100
|turn|4
|
|t:|1784979642
|move|p1b: Sableye|Thunder Wave|p2b: Basculegion
|-status|p2b: Basculegion|par
|move|p2a: Aerodactyl|Dual Wingbeat|p1a: Sinistcha
|-supereffective|p1a: Sinistcha|1
|-damage|p1a: Sinistcha|79/100
|-supereffective|p1a: Sinistcha|1
|-damage|p1a: Sinistcha|56/100
|-hitcount|p1a: Sinistcha|2
|move|p2b: Basculegion|Last Respects|p1a: Sinistcha
|-supereffective|p1a: Sinistcha|1
|-damage|p1a: Sinistcha|0 fnt
|faint|p1a: Sinistcha
|
|-weather|RainDance|[upkeep]
|-sideend|p2: Divine Monkey King|move: Tailwind
|upkeep
|
|t:|1784979652
|switch|p1a: Clefable|Clefable, L50, M|100/100
|turn|5
|inactive|Divine Monkey King has 30 seconds left.
|inactive|Divine Monkey King has 20 seconds left.
|
|t:|1784979688
|move|p1b: Sableye|Will-O-Wisp|p2a: Aerodactyl
|-status|p2a: Aerodactyl|brn
|move|p2a: Aerodactyl|Iron Head|p1b: Sableye
|-damage|p1b: Sableye|89/100
|move|p2b: Basculegion|Last Respects|p1b: Sableye
|-crit|p1b: Sableye
|-damage|p1b: Sableye|0 fnt
|faint|p1b: Sableye
|move|p1a: Clefable|Cosmic Power|p1a: Clefable
|-boost|p1a: Clefable|def|1
|-boost|p1a: Clefable|spd|1
|
|-weather|none
|-damage|p2a: Aerodactyl|94/100 brn|[from] brn
|upkeep
|turn|6
|
|t:|1784979703
|move|p2a: Aerodactyl|Iron Head|p1a: Clefable
|-supereffective|p1a: Clefable|1
|-damage|p1a: Clefable|90/100
|cant|p1a: Clefable|flinch
|cant|p2b: Basculegion|par
|
|-heal|p1a: Clefable|95/100|[from] item: Leftovers
|-damage|p2a: Aerodactyl|88/100 brn|[from] brn
|-sideend|p1: bob8787|Reflect
|upkeep
|turn|7
|
|t:|1784979712
|move|p2a: Aerodactyl|Tailwind|p2a: Aerodactyl
|-sidestart|p2: Divine Monkey King|move: Tailwind
|cant|p2b: Basculegion|par
|move|p1a: Clefable|Cosmic Power|p1a: Clefable
|-boost|p1a: Clefable|def|1
|-boost|p1a: Clefable|spd|1
|
|-heal|p1a: Clefable|100/100|[from] item: Leftovers
|-damage|p2a: Aerodactyl|82/100 brn|[from] brn
|upkeep
|turn|8
|
|t:|1784979720
|move|p2a: Aerodactyl|Iron Head|p1a: Clefable
|-supereffective|p1a: Clefable|1
|-damage|p1a: Clefable|88/100
|move|p2b: Basculegion|Last Respects|p1a: Clefable
|-damage|p1a: Clefable|51/100
|cant|p1a: Clefable|flinch
|
|-heal|p1a: Clefable|57/100|[from] item: Leftovers
|-damage|p2a: Aerodactyl|77/100 brn|[from] brn
|upkeep
|turn|9
|
|t:|1784979731
|move|p2a: Aerodactyl|Iron Head|p1a: Clefable
|-supereffective|p1a: Clefable|1
|-damage|p1a: Clefable|45/100
|move|p2b: Basculegion|Last Respects|p1a: Clefable
|-damage|p1a: Clefable|9/100
|move|p1a: Clefable|Moonlight|p1a: Clefable
|-heal|p1a: Clefable|59/100
|
|-heal|p1a: Clefable|65/100|[from] item: Leftovers
|-damage|p2a: Aerodactyl|71/100 brn|[from] brn
|upkeep
|turn|10
|
|t:|1784979742
|move|p2a: Aerodactyl|Iron Head|p1a: Clefable
|-supereffective|p1a: Clefable|1
|-damage|p1a: Clefable|54/100
|move|p2b: Basculegion|Last Respects|p1a: Clefable
|-damage|p1a: Clefable|17/100
|move|p1a: Clefable|Cosmic Power|p1a: Clefable
|-boost|p1a: Clefable|def|1
|-boost|p1a: Clefable|spd|1
|
|-heal|p1a: Clefable|22/100|[from] item: Leftovers
|-damage|p2a: Aerodactyl|65/100 brn|[from] brn
|-sideend|p2: Divine Monkey King|move: Tailwind
|upkeep
|turn|11
|
|t:|1784979750
|move|p2a: Aerodactyl|Iron Head|p1a: Clefable
|-supereffective|p1a: Clefable|1
|-damage|p1a: Clefable|14/100
|cant|p1a: Clefable|flinch
|move|p2b: Basculegion|Last Respects|p1a: Clefable
|-damage|p1a: Clefable|0 fnt
|faint|p1a: Clefable
|
|win|Divine Monkey King
||bob8787 is ready for game 2.
|inactive|Divine Monkey King has 30 seconds to confirm battle start!
||Divine Monkey King is ready for game 2.
|uhtml|next|Next: Game 2 of 3
