|j|☆EpiclyEpicGamerW
|j|☆noahguyvgc
|html|EpiclyEpicGamerWnoahguyvgc    
|uhtml|bestof|Game 1 of a best-of-3
|t:|1785068417
|gametype|doubles
|player|p1|EpiclyEpicGamerW|red-masters|1243
|player|p2|noahguyvgc|roxie|1236
|gen|9
|tier|[Gen 9 Champions] VGC 2026 Reg M-B (Bo3)
|rated|
|rule|Species Clause: Limit one of each Pokémon
|rule|Item Clause: Limit 1 of each item
|clearpoke
|poke|p1|Garchomp, L50, M|
|poke|p1|Tyranitar, L50, F|
|poke|p1|Gholdengo, L50|
|poke|p1|Charizard, L50, M|
|poke|p1|Incineroar, L50, F|
|poke|p1|Whimsicott, L50, F|
|poke|p2|Whimsicott, L50, M, shiny|
|poke|p2|Froslass, L50, F, shiny|
|poke|p2|Sneasler, L50, M, shiny|
|poke|p2|Kingambit, L50, M, shiny|
|poke|p2|Kleavor, L50, M|
|poke|p2|Charizard, L50, M, shiny|
|teampreview|4
|showteam|p1|Garchomp||Garchompite|SandVeil|DragonPulse,EarthPower,PowerGem,Protect|Modest||M|||50|]Tyranitar||ChoiceScarf|SandStream|RockSlide,KnockOff,LowKick,IcyWind|Jolly||F|||50|]Gholdengo||LifeOrb|GoodasGold|MakeItRain,ShadowBall,NastyPlot,Protect|Modest|||||50|]Charizard||CharizarditeY|Blaze|WeatherBall,HeatWave,SolarBeam,Protect|Modest||M|||50|]Incineroar||PasshoBerry|Intimidate|FlareBlitz,ThroatChop,FakeOut,PartingShot|Careful||F|||50|]Whimsicott||FocusSash|Prankster|Moonblast,FakeTears,Tailwind,Protect|Timid||F|||50|
|showteam|p2|Whimsicott||FairyFeather|Prankster|Tailwind,Moonblast,Encore,Protect|Timid||M|||50|]Froslass||Froslassite|CursedBody|Blizzard,ShadowBall,AuroraVeil,Protect|Modest||F|||50|]Sneasler||WhiteHerb|Unburden|FakeOut,DireClaw,CloseCombat,Protect|Jolly||M|||50|]Kingambit||ChopleBerry|Defiant|KowtowCleave,IronHead,SuckerPunch,Protect|Adamant||M|||50|]Kleavor||FocusSash|Sharpness|StoneAxe,CloseCombat,Feint,Protect|Jolly||M|||50|]Charizard||CharizarditeY|SolarPower|HeatWave,WeatherBall,SolarBeam,Protect|Modest||M|||50|
|inactive|Battle timer is ON: inactive players will automatically lose when time's up. (requested by noahguyvgc)
|inactive|EpiclyEpicGamerW also wants the timer to be on.
|inactive|EpiclyEpicGamerW has 60 seconds left.
|inactive|noahguyvgc has 60 seconds left.
|inactive|EpiclyEpicGamerW has 30 seconds left.
|
|t:|1785068484
|teamsize|p1|4
|teamsize|p2|4
|start
|switch|p1a: Whimsicott|Whimsicott, L50, F|100/100
|switch|p1b: Golden Joe|Gholdengo, L50|100/100
|switch|p2a: Lotus|Whimsicott, L50, M, shiny|100/100
|switch|p2b: Kleavor|Kleavor, L50, M|100/100
|turn|1
|inactive|noahguyvgc has 30 seconds left.
|
|t:|1785068518
|move|p2a: Lotus|Tailwind|p2a: Lotus
|-sidestart|p2: noahguyvgc|move: Tailwind
|move|p1a: Whimsicott|Tailwind|p1a: Whimsicott
|-sidestart|p1: EpiclyEpicGamerW|move: Tailwind
|move|p2b: Kleavor|Stone Axe|p1a: Whimsicott
|-damage|p1a: Whimsicott|18/100
|-sidestart|p1: EpiclyEpicGamerW|move: Stealth Rock
|move|p1b: Golden Joe|Nasty Plot|p1b: Golden Joe
|-boost|p1b: Golden Joe|spa|2
|
|upkeep
|turn|2
|inactive|EpiclyEpicGamerW has 30 seconds left.
|inactive|noahguyvgc has 30 seconds left.
|inactive|EpiclyEpicGamerW has 20 seconds left.
|
|t:|1785068554
|move|p1a: Whimsicott|Protect|p1a: Whimsicott
|-singleturn|p1a: Whimsicott|Protect
|move|p2a: Lotus|Encore|p1a: Whimsicott
|-activate|p1a: Whimsicott|move: Protect
|move|p2b: Kleavor|Stone Axe|p1a: Whimsicott
|-activate|p1a: Whimsicott|move: Protect
|move|p1b: Golden Joe|Nasty Plot|p1b: Golden Joe
|-boost|p1b: Golden Joe|spa|2
|
|upkeep
|turn|3
|
|t:|1785068571
|switch|p1a: Garchomp|Garchomp, L50, M|100/100
|-damage|p1a: Garchomp|94/100|[from] Stealth Rock
|move|p2a: Lotus|Protect|p2a: Lotus
|-singleturn|p2a: Lotus|Protect
|move|p2b: Kleavor|Stone Axe|p1a: Garchomp|[miss]
|-miss|p2b: Kleavor|p1a: Garchomp
|move|p1b: Golden Joe|Make It Rain|p2b: Kleavor|[spread] p2b
|-activate|p2a: Lotus|move: Protect
|-supereffective|p2b: Kleavor|1
|-crit|p2b: Kleavor
|-enditem|p2b: Kleavor|Focus Sash
|-damage|p2b: Kleavor|1/100
|-unboost|p1b: Golden Joe|spa|2
|-damage|p1b: Golden Joe|90/100|[from] item: Life Orb
|
|upkeep
|turn|4
|
|t:|1785068593
|detailschange|p1a: Garchomp|Garchomp-Mega, L50, M
|-mega|p1a: Garchomp|Garchomp|Garchompite
|move|p1a: Garchomp|Protect|p1a: Garchomp
|-singleturn|p1a: Garchomp|Protect
|move|p2b: Kleavor|Feint|p1a: Garchomp
|-activate|p1a: Garchomp|move: Feint
|-damage|p1a: Garchomp|84/100
|move|p2a: Lotus|Moonblast|p1a: Garchomp
|-supereffective|p1a: Garchomp|1
|-damage|p1a: Garchomp|20/100y
|move|p1b: Golden Joe|Make It Rain|p2b: Kleavor|[spread] p2a,p2b
|-supereffective|p2a: Lotus|1
|-supereffective|p2b: Kleavor|1
|-damage|p2a: Lotus|0 fnt
|-damage|p2b: Kleavor|0 fnt
|-unboost|p1b: Golden Joe|spa|2
|faint|p2a: Lotus
|faint|p2b: Kleavor
|-damage|p1b: Golden Joe|80/100|[from] item: Life Orb
|
|-sideend|p2: noahguyvgc|move: Tailwind
|-sideend|p1: EpiclyEpicGamerW|move: Tailwind
|upkeep
|
|t:|1785068605
|switch|p2a: Froslass|Froslass, L50, F, shiny|100/100
|switch|p2b: Sneasler|Sneasler, L50, M, shiny|100/100
|turn|5
|inactive|EpiclyEpicGamerW has 30 seconds left.
|inactive|EpiclyEpicGamerW has 20 seconds left.
|
|t:|1785068644
|detailschange|p2a: Froslass|Froslass-Mega, L50, F, shiny
|-mega|p2a: Froslass|Froslass|Froslassite
|-weather|Snowscape|[from] ability: Snow Warning|[of] p2a: Froslass
|move|p1b: Golden Joe|Protect|p1b: Golden Joe
|-singleturn|p1b: Golden Joe|Protect
|move|p2a: Froslass|Shadow Ball|p1b: Golden Joe
|-activate|p1b: Golden Joe|move: Protect
|move|p2b: Sneasler|Close Combat|p1a: Garchomp
|-damage|p1a: Garchomp|0 fnt
|-unboost|p2b: Sneasler|def|1
|-unboost|p2b: Sneasler|spd|1
|faint|p1a: Garchomp
|-enditem|p2b: Sneasler|White Herb
|-clearnegativeboost|p2b: Sneasler|[silent]
|
|-weather|Snowscape|[upkeep]
|upkeep
|
|t:|1785068653
|switch|p1a: Whimsicott|Whimsicott, L50, F|18/100
|-damage|p1a: Whimsicott|5/100|[from] Stealth Rock
|turn|6
|
|t:|1785068668
|move|p1a: Whimsicott|Tailwind|p1a: Whimsicott
|-sidestart|p1: EpiclyEpicGamerW|move: Tailwind
|move|p2b: Sneasler|Dire Claw|p1a: Whimsicott
|-supereffective|p1a: Whimsicott|2
|-damage|p1a: Whimsicott|0 fnt
|faint|p1a: Whimsicott
|move|p1b: Golden Joe|Shadow Ball|p2a: Froslass
|-supereffective|p2a: Froslass|1
|-crit|p2a: Froslass
|-damage|p2a: Froslass|0 fnt
|faint|p2a: Froslass
|-damage|p1b: Golden Joe|70/100|[from] item: Life Orb
|
|-weather|Snowscape|[upkeep]
|upkeep
|
|t:|1785068676
|switch|p1a: Tyranocif|Tyranitar, L50, F|100/100
|-damage|p1a: Tyranocif|87/100|[from] Stealth Rock
|-weather|Sandstorm|[from] ability: Sand Stream|[of] p1a: Tyranocif
|turn|7
|
|t:|1785068686
|move|p1a: Tyranocif|Rock Slide|p2b: Sneasler
|-resisted|p2b: Sneasler|1
|-damage|p2b: Sneasler|78/100
|move|p2b: Sneasler|Close Combat|p1a: Tyranocif
|-supereffective|p1a: Tyranocif|2
|-damage|p1a: Tyranocif|0 fnt
|-unboost|p2b: Sneasler|def|1
|-unboost|p2b: Sneasler|spd|1
|faint|p1a: Tyranocif
|move|p1b: Golden Joe|Make It Rain|p2b: Sneasler
|-damage|p2b: Sneasler|0 fnt
|-unboost|p1b: Golden Joe|spa|2
|faint|p2b: Sneasler
|-damage|p1b: Golden Joe|60/100|[from] item: Life Orb
|
|win|EpiclyEpicGamerW
||noahguyvgc is ready for game 2.
||EpiclyEpicGamerW is ready for game 2.
|uhtml|next|Next: Game 2 of 3
|l|☆noahguyvgc
|player|p2|
