|j|☆FrancoilCieco777
|j|☆taillow40
|html|FrancoilCieco777taillow40    
|uhtml|bestof|Game 3 of a best-of-3
|t:|1757002113
|gametype|doubles
|player|p1|FrancoilCieco777|baker|1061
|player|p2|taillow40|1|1130
|gen|9
|tier|[Gen 9] VGC 2025 Reg H (Bo3)
|rated|
|rule|Species Clause: Limit one of each Pokémon
|rule|Item Clause: Limit 1 of each item
|clearpoke
|poke|p1|Volcarona, L50, F|
|poke|p1|Electabuzz, L50, M|
|poke|p1|Sneasler, L50, M|
|poke|p1|Kingambit, L50, F|
|poke|p1|Dragonite, L50, M|
|poke|p1|Rillaboom, L50, M|
|poke|p2|Pelipper, L50, F|
|poke|p2|Archaludon, L50, M|
|poke|p2|Basculegion, L50, M|
|poke|p2|Amoonguss, L50, F|
|poke|p2|Indeedee-F, L50, F|
|poke|p2|Kingambit, L50, F|
|teampreview|4
|showteam|p1|Volcarona||CovertCloak|FlameBody|HeatWave,TeraBlast,QuiverDance,Protect|||F|||50|,,,,,Fairy]Electabuzz||Eviolite|VitalSpirit|Thunderbolt,FollowMe,Taunt,Protect|||M|||50|,,,,,Ghost]Sneasler||FocusSash|Unburden|FakeOut,CloseCombat,DireClaw,Coaching|||M|||50|,,,,,Stellar]Kingambit||BlackGlasses|Defiant|KowtowCleave,SuckerPunch,SwordsDance,Protect|||F|||50|,,,,,Dark]Dragonite||LoadedDice|Multiscale|ScaleShot,ExtremeSpeed,Haze,Protect|||M|||50|,,,,,Normal]Rillaboom||AssaultVest|GrassySurge|WoodHammer,GrassyGlide,HighHorsepower,FakeOut|||M|||50|,,,,,Fire
|showteam|p2|Pelipper||FocusSash|Drizzle|Uturn,Tailwind,Hurricane,Protect|||F|||50|,,,,,Water]Archaludon||LifeOrb|Stamina|ElectroShot,FlashCannon,DragonPulse,Protect|||M|||50|,,,,,Steel]Basculegion||ChoiceBand|SwiftSwim|FlipTurn,LastRespects,Crunch,WaveCrash|||M|||50|,,,,,Water]Amoonguss||RockyHelmet|Regenerator|RagePowder,Protect,PollenPuff,Spore|||F|||50|,,,,,Water]Indeedee-F||MentalHerb|PsychicSurge|TrickRoom,Psychic,FollowMe,Protect|||F|||50|,,,,,Psychic]Kingambit||Leftovers|Defiant|SuckerPunch,Protect,SwordsDance,ThroatChop|||F|||50|,,,,,Ghost
|inactive|Battle timer is ON: inactive players will automatically lose when time's up. (requested by FrancoilCieco777)
|inactive|taillow40 also wants the timer to be on.
|
|t:|1757002133
|teamsize|p1|4
|teamsize|p2|4
|start
|switch|p1a: Electabuzz|Electabuzz, L50, M|100/100
|switch|p1b: Kingambit|Kingambit, L50, F, shiny|100/100
|switch|p2a: Pelipper|Pelipper, L50, F|100/100
|switch|p2b: Basculegion|Basculegion, L50, M|100/100
|-weather|RainDance|[from] ability: Drizzle|[of] p2a: Pelipper
|turn|1
|
|t:|1757002151
|move|p1a: Electabuzz|Follow Me|p1a: Electabuzz
|-singleturn|p1a: Electabuzz|move: Follow Me
|move|p2b: Basculegion|Flip Turn|p1a: Electabuzz
|-damage|p1a: Electabuzz|46/100
|
|t:|1757002165
|switch|p2b: Archaludon|Archaludon, L50, M|100/100|[from] Flip Turn
|move|p2a: Pelipper|U-turn|p1a: Electabuzz
|-damage|p1a: Electabuzz|38/100
|
|t:|1757002172
|switch|p2a: Kingambit|Kingambit, L50, F|100/100|[from] U-turn
|move|p1b: Kingambit|Swords Dance|p1b: Kingambit
|-boost|p1b: Kingambit|atk|2
|
|-weather|RainDance|[upkeep]
|upkeep
|turn|2
|inactive|taillow40 has 30 seconds left.
|inactive|taillow40 has 20 seconds left.
|inactive|taillow40 has 15 seconds left.
|
|t:|1757002216
|-terastallize|p1b: Kingambit|Dark
|move|p1a: Electabuzz|Follow Me|p1a: Electabuzz
|-singleturn|p1a: Electabuzz|move: Follow Me
|move|p1b: Kingambit|Sucker Punch|p2b: Archaludon
|-damage|p2b: Archaludon|13/100
|-ability|p2b: Archaludon|Stamina|boost
|-boost|p2b: Archaludon|def|1
|move|p2b: Archaludon|Electro Shot||[still]
|-prepare|p2b: Archaludon|Electro Shot
|-boost|p2b: Archaludon|spa|1
|-anim|p2b: Archaludon|Electro Shot|p1a: Electabuzz
|-resisted|p1a: Electabuzz
|-damage|p1a: Electabuzz|4/100
|-damage|p2b: Archaludon|4/100|[from] item: Life Orb
|move|p2a: Kingambit|Throat Chop|p1a: Electabuzz
|-damage|p1a: Electabuzz|0 fnt
|faint|p1a: Electabuzz
|
|-weather|RainDance|[upkeep]
|upkeep
|
|t:|1757002224
|switch|p1a: Rillaboom|Rillaboom, L50, M|100/100
|-fieldstart|move: Grassy Terrain|[from] ability: Grassy Surge|[of] p1a: Rillaboom
|turn|3
|inactive|taillow40 has 30 seconds left.
|
|t:|1757002253
|move|p2b: Archaludon|Protect|p2b: Archaludon
|-singleturn|p2b: Archaludon|Protect
|move|p1a: Rillaboom|Fake Out|p2b: Archaludon
|-activate|p2b: Archaludon|move: Protect
|move|p2a: Kingambit|Sucker Punch||[still]
|-fail|p2a: Kingambit
|move|p1b: Kingambit|Kowtow Cleave|p2b: Archaludon
|-activate|p2b: Archaludon|move: Protect
|
|-weather|RainDance|[upkeep]
|-heal|p2b: Archaludon|10/100|[from] Grassy Terrain
|upkeep
|turn|4
|
|t:|1757002277
|move|p1b: Kingambit|Sucker Punch|p2b: Archaludon
|-damage|p2b: Archaludon|0 fnt
|faint|p2b: Archaludon
|move|p2a: Kingambit|Sucker Punch|p1a: Rillaboom
|-damage|p1a: Rillaboom|57/100
|move|p1a: Rillaboom|High Horsepower|p2a: Kingambit
|-supereffective|p2a: Kingambit
|-damage|p2a: Kingambit|58/100
|
|-weather|RainDance|[upkeep]
|-heal|p1a: Rillaboom|63/100|[from] Grassy Terrain
|-heal|p2a: Kingambit|64/100|[from] Grassy Terrain
|-heal|p2a: Kingambit|70/100|[from] item: Leftovers
|upkeep
|
|t:|1757002291
|switch|p2b: Basculegion|Basculegion, L50, M|100/100
|turn|5
|
|t:|1757002314
|-terastallize|p2b: Basculegion|Water
|move|p1a: Rillaboom|Grassy Glide|p2b: Basculegion
|-supereffective|p2b: Basculegion
|-damage|p2b: Basculegion|41/100
|move|p1b: Kingambit|Sucker Punch|p2b: Basculegion
|-damage|p2b: Basculegion|0 fnt
|faint|p2b: Basculegion
|move|p2a: Kingambit|Sucker Punch||[still]
|-fail|p2a: Kingambit
|
|-weather|none
|-heal|p1a: Rillaboom|69/100|[from] Grassy Terrain
|-heal|p2a: Kingambit|75/100|[from] Grassy Terrain
|-heal|p2a: Kingambit|81/100|[from] item: Leftovers
|upkeep
|-message|taillow40 forfeited.
|
|win|FrancoilCieco777
|raw|FrancoilCieco777's rating: 1061 → 1098(+37 for winning)
|raw|taillow40's rating: 1130 → 1100(-30 for losing)
