|j|â˜†sparkzevan
|j|â˜†andiom123
|html|sparkzevanandiom123    
|uhtml|bestof|Game 2 of a best-of-3
|t:|1785379148
|gametype|doubles
|player|p1|sparkzevan|guitarist|1103
|player|p2|andiom123|red|1145
|gen|9
|tier|[Gen 9 Champions] VGC 2026 Reg M-B (Bo3)
|rated|
|rule|Species Clause: Limit one of each PokÃ©mon
|rule|Item Clause: Limit 1 of each item
|clearpoke
|poke|p1|Gardevoir, L50, F, shiny|
|poke|p1|Whimsicott, L50, M|
|poke|p1|Incineroar, L50, F|
|poke|p1|Rotom-Wash, L50|
|poke|p1|Kommo-o, L50, M|
|poke|p1|Aegislash, L50, M|
|poke|p2|Incineroar, L50, M|
|poke|p2|Farigiraf, L50, M|
|poke|p2|Sylveon, L50, F|
|poke|p2|Torkoal, L50, F|
|poke|p2|Kangaskhan, L50, F|
|poke|p2|Mudsdale, L50, M|
|teampreview|4
|showteam|p1|Gardevoir||Gardevoirite|Trace|Protect,Psychic,HyperVoice,Thunderbolt|Modest||F|||50|]Whimsicott||FocusSash|Prankster|Protect,EnergyBall,Encore,Tailwind|Bold||M|||50|]Incineroar||SitrusBerry|Intimidate|FakeOut,FlareBlitz,DarkestLariat,PartingShot|Impish||F|||50|]Rotom-Wash||ChoiceScarf|Levitate|Electroweb,HydroPump,WillOWisp,VoltSwitch|Timid|||||50|]Kommo-o||LifeOrb|Soundproof|Protect,ClangingScales,AuraSphere,VacuumWave|Modest||M|||50|]Aegislash||Leftovers|StanceChange|KingsShield,Poltergeist,ShadowSneak,IronHead|Adamant||M|||50|
|showteam|p2|Incineroar||MuscleBand|Intimidate|ThroatChop,FlareBlitz,FakeOut,PartingShot|Brave||M|||50|]Farigiraf||SitrusBerry|ArmorTail|FoulPlay,PsychicNoise,TrickRoom,HelpingHand|Relaxed||M|||50|]Sylveon||FairyFeather|Pixilate|HyperVoice,HyperBeam,Yawn,Detect|Modest||F|||50|]Torkoal||Charcoal|Drought|Eruption,EarthPower,Flamethrower,Protect|Quiet||F|||50|]Kangaskhan||Kangaskhanite|Scrappy|DoubleEdge,FakeOut,IcePunch,HammerArm|Brave||F|||50|]Mudsdale||LifeOrb|InnerFocus|HighHorsepower,Earthquake,RockSlide,HeavySlam|Brave||M|||50|
|
|t:|1785379185
|teamsize|p1|4
|teamsize|p2|4
|start
|switch|p1a: Gardevoir|Gardevoir, L50, F, shiny|100/100
|switch|p1b: Kommo-o|Kommo-o, L50, M|100/100
|switch|p2a: Farigiraf|Farigiraf, L50, M|100/100
|switch|p2b: Kangaskhan|Kangaskhan, L50, F|100/100
|-ability|p1a: Gardevoir|Scrappy|Trace|[from] ability: Trace|[of] p2b: Kangaskhan
|turn|1
|
|t:|1785379202
|detailschange|p2b: Kangaskhan|Kangaskhan-Mega, L50, F
|-mega|p2b: Kangaskhan|Kangaskhan|Kangaskhanite
|move|p1a: Gardevoir|Protect|p1a: Gardevoir
|-singleturn|p1a: Gardevoir|Protect
|move|p1b: Kommo-o|Aura Sphere|p2b: Kangaskhan
|-supereffective|p2b: Kangaskhan|1
|-damage|p2b: Kangaskhan|8/100
|-damage|p1b: Kommo-o|90/100|[from] item: Life Orb
|move|p2b: Kangaskhan|Ice Punch|p1b: Kommo-o
|-supereffective|p1b: Kommo-o|1
|-damage|p1b: Kommo-o|43/100
|-supereffective|p1b: Kommo-o|1
|-damage|p1b: Kommo-o|32/100
|-hitcount|p1b: Kommo-o|2
|move|p2a: Farigiraf|Trick Room|p2a: Farigiraf
|-fieldstart|move: Trick Room|[of] p2a: Farigiraf
|
|upkeep
|turn|2
|
|t:|1785379232
|switch|p2a: Torkoal|Torkoal, L50, F|100/100
|-weather|SunnyDay|[from] ability: Drought|[of] p2a: Torkoal
|switch|p1b: Rotom|Rotom-Wash, L50|100/100
|move|p1a: Gardevoir|Psychic|p2b: Kangaskhan
|-damage|p2b: Kangaskhan|0 fnt
|faint|p2b: Kangaskhan
|
|-weather|SunnyDay|[upkeep]
|upkeep
|
|t:|1785379243
|switch|p2b: Sylveon|Sylveon, L50, F|100/100
|turn|3
|
|t:|1785379262
|move|p1a: Gardevoir|Protect|p1a: Gardevoir
|-singleturn|p1a: Gardevoir|Protect
|move|p2a: Torkoal|Eruption|p1a: Gardevoir|[spread] p1b
|-activate|p1a: Gardevoir|move: Protect
|-resisted|p1b: Rotom|1
|-damage|p1b: Rotom|48/100
|move|p2b: Sylveon|Hyper Voice|p1b: Rotom|[spread] p1b
|-activate|p1a: Gardevoir|move: Protect
|-damage|p1b: Rotom|0 fnt
|faint|p1b: Rotom
|
|-weather|SunnyDay|[upkeep]
|upkeep
|
|t:|1785379273
|switch|p1b: Incineroar|Incineroar, L50, F|100/100
|-ability|p1b: Incineroar|Intimidate|boost
|-unboost|p2a: Torkoal|atk|1
|-unboost|p2b: Sylveon|atk|1
|turn|4
|l|â˜†andiom123
|player|p2|
|j|â˜†andiom123
|player|p2|andiom123|red|
|
|t:|1785379303
|switch|p2b: Farigiraf|Farigiraf, L50, M|100/100
|switch|p1a: Kommo-o|Kommo-o, L50, M|32/100
|move|p2a: Torkoal|Eruption|p1a: Kommo-o|[spread] p1a,p1b
|-resisted|p1a: Kommo-o|1
|-resisted|p1b: Incineroar|1
|-damage|p1a: Kommo-o|0 fnt
|-damage|p1b: Incineroar|59/100
|faint|p1a: Kommo-o
|move|p1b: Incineroar|Parting Shot|p2a: Torkoal
|-unboost|p2a: Torkoal|atk|1
|-unboost|p2a: Torkoal|spa|1
|
|t:|1785379314
|switch|p1b: Gardevoir|Gardevoir, L50, F, shiny|100/100|[from] Parting Shot
|-ability|p1b: Gardevoir|Armor Tail|Trace|[from] ability: Trace|[of] p2b: Farigiraf
|
|-weather|SunnyDay|[upkeep]
|upkeep
|
|t:|1785379319
|switch|p1a: Incineroar|Incineroar, L50, F|59/100
|-ability|p1a: Incineroar|Intimidate|boost
|-unboost|p2a: Torkoal|atk|1
|-unboost|p2b: Farigiraf|atk|1
|turn|5
|
|t:|1785379331
|move|p2b: Farigiraf|Helping Hand|p2a: Torkoal
|-singleturn|p2a: Torkoal|Helping Hand|[of] p2b: Farigiraf
|move|p1b: Gardevoir|Protect|p1b: Gardevoir
|-singleturn|p1b: Gardevoir|Protect
|move|p2a: Torkoal|Eruption|p1b: Gardevoir|[spread] p1a
|-activate|p1b: Gardevoir|move: Protect
|-resisted|p1a: Incineroar|1
|-crit|p1a: Incineroar
|-damage|p1a: Incineroar|0 fnt
|faint|p1a: Incineroar
|
|-weather|SunnyDay|[upkeep]
|-fieldend|move: Trick Room
|upkeep
|turn|6
|
|t:|1785379367
|switch|p2a: Sylveon|Sylveon, L50, F|100/100
|detailschange|p1b: Gardevoir|Gardevoir-Mega, L50, F, shiny
|-mega|p1b: Gardevoir|Gardevoir|Gardevoirite
|move|p1b: Gardevoir|Hyper Voice|p2a: Sylveon|[spread] p2a,p2b
|-damage|p2a: Sylveon|61/100
|-damage|p2b: Farigiraf|45/100
|-enditem|p2b: Farigiraf|Sitrus Berry|[eat]
|-heal|p2b: Farigiraf|70/100|[from] item: Sitrus Berry
|move|p2b: Farigiraf|Trick Room|p2b: Farigiraf
|-fieldstart|move: Trick Room|[of] p2b: Farigiraf
|
|-weather|none
|upkeep
|turn|7
|
|t:|1785379386
|move|p2b: Farigiraf|Helping Hand|p2a: Sylveon
|-singleturn|p2a: Sylveon|Helping Hand|[of] p2b: Farigiraf
|move|p2a: Sylveon|Hyper Voice|p1b: Gardevoir
|-damage|p1b: Gardevoir|27/100
|move|p1b: Gardevoir|Hyper Voice|p2a: Sylveon|[spread] p2a,p2b
|-damage|p2a: Sylveon|22/100
|-damage|p2b: Farigiraf|19/100
|
|upkeep
|turn|8
|
|t:|1785379429
|move|p2b: Farigiraf|Helping Hand|p2a: Sylveon
|-singleturn|p2a: Sylveon|Helping Hand|[of] p2b: Farigiraf
|move|p2a: Sylveon|Hyper Voice|p1b: Gardevoir
|-damage|p1b: Gardevoir|0 fnt
|faint|p1b: Gardevoir
|
|win|andiom123
||sparkzevan is ready for game 3.
||andiom123 is ready for game 3.
|uhtml|next|Next: Game 3 of 3
