|j|☆Staryu14
|j|☆Cristante terabug
|html|Staryu14Cristante terabug    
|uhtml|bestof|Game 1 of a best-of-3
|t:|1756333775
|gametype|doubles
|player|p1|Staryu14|matt|1168
|player|p2|Cristante terabug|kieran-champion|1133
|gen|9
|tier|[Gen 9] VGC 2025 Reg H (Bo3)
|rated|
|rule|Species Clause: Limit one of each Pokémon
|rule|Item Clause: Limit 1 of each item
|clearpoke
|poke|p1|Archaludon, L50, F|
|poke|p1|Pelipper, L50, M|
|poke|p1|Basculegion, L50, M|
|poke|p1|Incineroar, L50, M|
|poke|p1|Toxicroak, L50, M|
|poke|p1|Amoonguss, L50, M|
|poke|p2|Tyranitar, L50, M|
|poke|p2|Kommo-o, L50, M|
|poke|p2|Primarina, L50, F|
|poke|p2|Corviknight, L50, F|
|poke|p2|Volcarona, L50, F|
|poke|p2|Sinistcha, L50|
|teampreview|4
|showteam|p1|Archaludon||AssaultVest|Stamina|ElectroShot,Snarl,DragonPulse,BodyPress|||F|||50|,,,,,Grass]Pelipper||FocusSash|Drizzle|WeatherBall,Hurricane,Protect,Tailwind|||M|||50|,,,,,Stellar]Basculegion||MysticWater|SwiftSwim|AquaJet,WaveCrash,Protect,LastRespects|||M|||50|,,,,,Water]Incineroar||SafetyGoggles|Intimidate|FakeOut,FlareBlitz,KnockOff,PartingShot|||M|||50|,,,,,Ghost]Toxicroak||LifeOrb|DrySkin|FakeOut,CloseCombat,PoisonJab,SuckerPunch|||M|||50|,,,,,Dark]Amoonguss||CovertCloak|Regenerator|Protect,RagePowder,PollenPuff,Spore|||M|||50|,,,,,Fairy
|showteam|p2|Tyranitar||AssaultVest|SandStream|KnockOff,LowKick,RockSlide,TeraBlast|||M|||50|,,,,,Flying]Kommo-o||Leftovers|Overcoat|BodyPress,IronDefense,ThroatChop,Protect|||M|||50|,,,,,Steel]Primarina||MysticWater|LiquidVoice|Haze,Moonblast,HyperVoice,Protect|||F|||50|,,,,,Poison]Corviknight||SafetyGoggles|MirrorArmor|BraveBird,BulkUp,Roost,Tailwind|||F|||50|,,,,,Ghost]Volcarona||CovertCloak|FlameBody|HeatWave,Protect,RagePowder,StruggleBug|||F|||50|,,,,,Dragon]Sinistcha||SitrusBerry|Hospitality|Protect,MatchaGotcha,RagePowder,ShadowBall||||||50|,,,,,Water
|inactive|Battle timer is ON: inactive players will automatically lose when time's up. (requested by Cristante terabug)
|inactive|Staryu14 has 60 seconds left.
|
|t:|1756333844
|teamsize|p1|4
|teamsize|p2|4
|start
|switch|p1a: Basculegion|Basculegion, L50, M|100/100
|switch|p1b: Archaludon|Archaludon, L50, F|100/100
|switch|p2a: Aubrey|Primarina, L50, F|100/100
|switch|p2b: Omori|Kommo-o, L50, M|100/100
|turn|1
|inactive|Cristante terabug has 30 seconds left.
|
|t:|1756333874
|switch|p1a: Toxicroak|Toxicroak, L50, M|100/100
|-terastallize|p2b: Omori|Steel
|move|p2b: Omori|Iron Defense|p2b: Omori
|-boost|p2b: Omori|def|2
|move|p1b: Archaludon|Dragon Pulse|p2b: Omori
|-resisted|p2b: Omori
|-crit|p2b: Omori
|-damage|p2b: Omori|69/100
|move|p2a: Aubrey|Moonblast|p1a: Toxicroak
|-damage|p1a: Toxicroak|28/100
|-unboost|p1a: Toxicroak|spa|1
|
|-heal|p2b: Omori|75/100|[from] item: Leftovers
|upkeep
|turn|2
|inactive|Cristante terabug has 30 seconds left.
|
|t:|1756333907
|switch|p1a: Pelipper|Pelipper, L50, M|100/100
|-weather|RainDance|[from] ability: Drizzle|[of] p1a: Pelipper
|-terastallize|p1b: Archaludon|Grass
|move|p2b: Omori|Protect|p2b: Omori
|-singleturn|p2b: Omori|Protect
|move|p2a: Aubrey|Protect|p2a: Aubrey
|-singleturn|p2a: Aubrey|Protect
|move|p1b: Archaludon|Electro Shot||[still]
|-prepare|p1b: Archaludon|Electro Shot
|-boost|p1b: Archaludon|spa|1
|-anim|p1b: Archaludon|Electro Shot|p2b: Omori
|-activate|p2b: Omori|move: Protect
|
|-weather|RainDance|[upkeep]
|-heal|p2b: Omori|81/100|[from] item: Leftovers
|upkeep
|turn|3
|
|t:|1756333932
|switch|p2a: Hero|Tyranitar, L50, M|100/100
|-weather|Sandstorm|[from] ability: Sand Stream|[of] p2a: Hero
|move|p2b: Omori|Body Press|p1b: Archaludon
|-damage|p1b: Archaludon|43/100
|-ability|p1b: Archaludon|Stamina|boost
|-boost|p1b: Archaludon|def|1
|move|p1a: Pelipper|Tailwind|p1a: Pelipper
|-sidestart|p1: Staryu14|move: Tailwind
|move|p1b: Archaludon|Electro Shot||[still]
|-prepare|p1b: Archaludon|Electro Shot
|-boost|p1b: Archaludon|spa|1
|
|-weather|Sandstorm|[upkeep]
|-damage|p1a: Pelipper|95/100|[from] Sandstorm
|-damage|p1b: Archaludon|37/100|[from] Sandstorm
|-heal|p2b: Omori|87/100|[from] item: Leftovers
|upkeep
|turn|4
|
|t:|1756333954
|switch|p1a: Basculegion|Basculegion, L50, M|100/100
|move|p1b: Archaludon|Electro Shot|p2b: Omori|[from] lockedmove
|-crit|p2b: Omori
|-damage|p2b: Omori|0 fnt
|faint|p2b: Omori
|move|p2a: Hero|Knock Off|p1a: Basculegion
|-supereffective|p1a: Basculegion
|-damage|p1a: Basculegion|0 fnt
|-enditem|p1a: Basculegion|Mystic Water|[from] move: Knock Off|[of] p2a: Hero
|faint|p1a: Basculegion
|
|-weather|Sandstorm|[upkeep]
|-damage|p1b: Archaludon|32/100|[from] Sandstorm
|upkeep
|
|t:|1756333972
|switch|p2b: Aubrey|Primarina, L50, F|100/100
|switch|p1a: Toxicroak|Toxicroak, L50, M|28/100
|turn|5
|
|t:|1756333993
|move|p2b: Aubrey|Protect|p2b: Aubrey
|-singleturn|p2b: Aubrey|Protect
|move|p1a: Toxicroak|Fake Out|p2b: Aubrey
|-activate|p2b: Aubrey|move: Protect
|move|p1b: Archaludon|Body Press|p2a: Hero
|-supereffective|p2a: Hero
|-damage|p2a: Hero|0 fnt
|faint|p2a: Hero
|
|-weather|Sandstorm|[upkeep]
|-damage|p1a: Toxicroak|23/100|[from] Sandstorm
|-damage|p1b: Archaludon|26/100|[from] Sandstorm
|-damage|p2b: Aubrey|95/100|[from] Sandstorm
|upkeep
|
|t:|1756333999
|switch|p2a: Mari|Sinistcha, L50|100/100
|-heal|p2b: Aubrey|100/100|[from] ability: Hospitality|[of] p2a: Mari
|turn|6
|
|t:|1756334013
|switch|p1a: Pelipper|Pelipper, L50, M|95/100
|-weather|RainDance|[from] ability: Drizzle|[of] p1a: Pelipper
|move|p2a: Mari|Rage Powder|p2a: Mari
|-singleturn|p2a: Mari|move: Rage Powder
|move|p1b: Archaludon|Electro Shot||[still]
|-prepare|p1b: Archaludon|Electro Shot
|-boost|p1b: Archaludon|spa|1
|-anim|p1b: Archaludon|Electro Shot|p2b: Aubrey
|-supereffective|p2b: Aubrey
|-damage|p2b: Aubrey|0 fnt
|faint|p2b: Aubrey
|
|-weather|RainDance|[upkeep]
|-sideend|p1: Staryu14|move: Tailwind
|upkeep
|turn|7
|
|t:|1756334023
|move|p1a: Pelipper|Hurricane|p2a: Mari
|-supereffective|p2a: Mari
|-damage|p2a: Mari|0 fnt
|faint|p2a: Mari
|
|win|Staryu14
||Staryu14 is ready for game 2.
||Cristante terabug is ready for game 2.
|uhtml|next|Next: Game 2 of 3
|l|☆Cristante terabug
|player|p2|
