|j|☆Northgdh
|j|☆caZISA
|html|NorthgdhcaZISA    
|uhtml|bestof|Game 1 of a best-of-3
|t:|1784169032
|gametype|doubles
|player|p1|Northgdh|265|1390
|player|p2|caZISA|red|1436
|gen|9
|tier|[Gen 9 Champions] VGC 2026 Reg M-B (Bo3)
|rated|
|rule|Species Clause: Limit one of each Pokémon
|rule|Item Clause: Limit 1 of each item
|clearpoke
|poke|p1|Incineroar, L50, M, shiny|
|poke|p1|Delphox, L50, F, shiny|
|poke|p1|Sinistcha, L50|
|poke|p1|Kingambit, L50, M, shiny|
|poke|p1|Blastoise, L50, M, shiny|
|poke|p1|Sneasler, L50, M|
|poke|p2|Charizard, L50, F, shiny|
|poke|p2|Floette-Eternal, L50, F|
|poke|p2|Garchomp, L50, M|
|poke|p2|Whimsicott, L50, F|
|poke|p2|Incineroar, L50, F|
|poke|p2|Gholdengo, L50|
|teampreview|4
|showteam|p1|Incineroar||SitrusBerry|Intimidate|FlareBlitz,FakeOut,HelpingHand,PartingShot|Impish||M|||50|]Delphox||Delphoxite|Blaze|HeatWave,Psychic,NastyPlot,Protect|Timid||F|||50|]Sinistcha||KasibBerry|Hospitality|MatchaGotcha,RagePowder,LifeDew,Protect|Bold|||||50|]Kingambit||LifeOrb|Defiant|KowtowCleave,SuckerPunch,SwordsDance,Protect|Adamant||M|||50|]Blastoise||Blastoisinite|RainDish|WaterSpout,DarkPulse,ShellSmash,Protect|Modest||M|||50|]Sneasler||FocusSash|PoisonTouch|CloseCombat,PoisonJab,FakeOut,QuickGuard|Jolly||M|||50|
|showteam|p2|Charizard||CharizarditeY|Blaze|HeatWave,WeatherBall,SolarBeam,Protect|Modest||F|||50|]Floette-Eternal||Floettite|FlowerVeil|DazzlingGleam,Moonblast,LightofRuin,Protect|Modest||F|||50|]Garchomp||SitrusBerry|RoughSkin|DragonClaw,Earthquake,RockSlide,Protect|Jolly||M|||50|]Whimsicott||FocusSash|Prankster|Moonblast,Encore,Tailwind,Protect|Timid||F|||50|]Incineroar||ChopleBerry|Intimidate|FakeOut,FlareBlitz,ThroatChop,PartingShot|Adamant||F|||50|]Gholdengo||LifeOrb|GoodasGold|MakeItRain,ShadowBall,Protect,NastyPlot|Timid|||||50|
|inactive|Battle timer is ON: inactive players will automatically lose when time's up. (requested by Northgdh)
|
|t:|1784169062
|teamsize|p1|4
|teamsize|p2|4
|start
|switch|p1a: purple|Delphox, L50, F, shiny|100/100
|switch|p1b: honeybee|Sneasler, L50, M|100/100
|switch|p2a: Legolas|Whimsicott, L50, F|100/100
|switch|p2b: Saphira|Charizard, L50, F, shiny|100/100
|turn|1
|
|t:|1784169083
|switch|p2b: Tigre Toño|Incineroar, L50, F|100/100
|-ability|p2b: Tigre Toño|Intimidate|boost
|-unboost|p1a: purple|atk|1
|-unboost|p1b: honeybee|atk|1
|detailschange|p1a: purple|Delphox-Mega, L50, F, shiny
|-mega|p1a: purple|Delphox|Delphoxite
|move|p2a: Legolas|Protect|p2a: Legolas
|-singleturn|p2a: Legolas|Protect
|move|p1b: honeybee|Fake Out|p2a: Legolas
|-activate|p2a: Legolas|move: Protect
|move|p1a: purple|Nasty Plot|p1a: purple
|-boost|p1a: purple|spa|2
|
|upkeep
|turn|2
|
|t:|1784169101
|move|p1a: purple|Protect|p1a: purple
|-singleturn|p1a: purple|Protect
|move|p2a: Legolas|Encore|p1a: purple
|-activate|p1a: purple|move: Protect
|move|p1b: honeybee|Close Combat|p2b: Tigre Toño
|-supereffective|p2b: Tigre Toño|1
|-enditem|p2b: Tigre Toño|Chople Berry|[eat]
|-enditem|p2b: Tigre Toño|Chople Berry|[weaken]
|-damage|p2b: Tigre Toño|64/100
|-unboost|p1b: honeybee|def|1
|-unboost|p1b: honeybee|spd|1
|-status|p2b: Tigre Toño|psn|[from] ability: Poison Touch|[of] p1b: honeybee
|move|p2b: Tigre Toño|Throat Chop|p1a: purple
|-activate|p1a: purple|move: Protect
|
|-damage|p2b: Tigre Toño|51/100 psn|[from] psn
|upkeep
|turn|3
|
|t:|1784169118
|move|p1b: honeybee|Quick Guard|p1b: honeybee
|-singleturn|p1b: honeybee|Quick Guard
|move|p2a: Legolas|Encore|p1a: purple
|-activate|p1a: purple|move: Quick Guard
|move|p1a: purple|Heat Wave|p2b: Tigre Toño|[spread] p2a,p2b
|-supereffective|p2a: Legolas|1
|-resisted|p2b: Tigre Toño|1
|-enditem|p2a: Legolas|Focus Sash
|-damage|p2a: Legolas|1/100
|-damage|p2b: Tigre Toño|15/100 psn
|move|p2b: Tigre Toño|Throat Chop|p1a: purple
|-supereffective|p1a: purple|1
|-damage|p1a: purple|15/100
|-start|p1a: purple|Throat Chop|[silent]
|
|-damage|p2b: Tigre Toño|3/100 psn|[from] psn
|upkeep
|turn|4
|inactive|Northgdh has 30 seconds left.
|
|t:|1784169145
|move|p2a: Legolas|Protect|p2a: Legolas
|-singleturn|p2a: Legolas|Protect
|move|p1a: purple|Protect|p1a: purple
|-singleturn|p1a: purple|Protect
|move|p1b: honeybee|Poison Jab|p2a: Legolas
|-activate|p2a: Legolas|move: Protect
|move|p2b: Tigre Toño|Flare Blitz|p1b: honeybee
|-enditem|p1b: honeybee|Focus Sash
|-damage|p1b: honeybee|1/100
|-damage|p2b: Tigre Toño|0 fnt|[from] Recoil
|faint|p2b: Tigre Toño
|
|-end|p1a: purple|Throat Chop|[silent]
|upkeep
|
|t:|1784169154
|switch|p2b: Sharkboy|Garchomp, L50, M|100/100
|turn|5
|
|t:|1784169164
|switch|p1b: the cure|Sinistcha, L50|100/100
|-heal|p1a: purple|40/100|[from] ability: Hospitality|[of] p1b: the cure
|move|p2a: Legolas|Tailwind|p2a: Legolas
|-sidestart|p2: caZISA|move: Tailwind
|move|p2b: Sharkboy|Rock Slide|p1b: the cure|[spread] p1a,p1b
|-supereffective|p1a: purple|1
|-damage|p1a: purple|0 fnt
|-damage|p1b: the cure|87/100
|faint|p1a: purple
|
|upkeep
|
|t:|1784169178
|switch|p1a: honeybee|Sneasler, L50, M|1/100
|turn|6
|
|t:|1784169182
|switch|p2a: Saphira|Charizard, L50, F, shiny|100/100
|switch|p1a: drop dead|Kingambit, L50, M, shiny|100/100
|move|p2b: Sharkboy|Rock Slide|p1a: drop dead|[spread] p1a,p1b
|-resisted|p1a: drop dead|1
|-damage|p1a: drop dead|93/100
|-damage|p1b: the cure|73/100
|move|p1b: the cure|Matcha Gotcha|p2a: Saphira|[spread] p2a,p2b
|-resisted|p2a: Saphira|2
|-damage|p2a: Saphira|92/100
|-heal|p1b: the cure|76/100|[from] drain|[of] p2a: Saphira
|-damage|p2b: Sharkboy|76/100
|-heal|p1b: the cure|90/100|[from] drain|[of] p2b: Sharkboy
|
|upkeep
|turn|7
|inactive|Northgdh has 30 seconds left.
|
|t:|1784169210
|detailschange|p2a: Saphira|Charizard-Mega-Y, L50, F, shiny
|-mega|p2a: Saphira|Charizard|Charizardite Y
|-weather|SunnyDay|[from] ability: Drought|[of] p2a: Saphira
|move|p1a: drop dead|Protect|p1a: drop dead
|-singleturn|p1a: drop dead|Protect
|move|p1b: the cure|Rage Powder|p1b: the cure
|-singleturn|p1b: the cure|move: Rage Powder
|move|p2b: Sharkboy|Earthquake|p1a: drop dead|[spread] p1b
|-activate|p1a: drop dead|move: Protect
|-immune|p2a: Saphira
|-resisted|p1b: the cure|1
|-damage|p1b: the cure|76/100
|move|p2a: Saphira|Heat Wave|p1b: the cure|[spread] p1b
|-activate|p1a: drop dead|move: Protect
|-supereffective|p1b: the cure|1
|-damage|p1b: the cure|0 fnt
|faint|p1b: the cure
|
|-weather|SunnyDay|[upkeep]
|upkeep
|
|t:|1784169212
|switch|p1b: honeybee|Sneasler, L50, M|1/100
|turn|8
|
|t:|1784169219
|move|p1b: honeybee|Fake Out|p2a: Saphira
|-damage|p2a: Saphira|75/100
|-status|p2a: Saphira|psn|[from] ability: Poison Touch|[of] p1b: honeybee
|move|p1a: drop dead|Sucker Punch|p2b: Sharkboy
|-crit|p2b: Sharkboy
|-damage|p2b: Sharkboy|0 fnt
|-damage|p1a: drop dead|81/100|[from] ability: Rough Skin|[of] p2b: Sharkboy
|faint|p2b: Sharkboy
|-damage|p1a: drop dead|71/100|[from] item: Life Orb
|cant|p2a: Saphira|flinch
|
|-weather|SunnyDay|[upkeep]
|-damage|p2a: Saphira|62/100 psn|[from] psn
|-sideend|p2: caZISA|move: Tailwind
|upkeep
|
|t:|1784169226
|switch|p2b: Legolas|Whimsicott, L50, F|1/100
|turn|9
|
|t:|1784169236
|move|p2b: Legolas|Tailwind|p2b: Legolas
|-sidestart|p2: caZISA|move: Tailwind
|move|p1a: drop dead|Sucker Punch|p2a: Saphira
|-damage|p2a: Saphira|1/100 psn
|-damage|p1a: drop dead|62/100|[from] item: Life Orb
|move|p2a: Saphira|Heat Wave|p1b: honeybee|[spread] p1a,p1b
|-supereffective|p1a: drop dead|1
|-damage|p1a: drop dead|0 fnt
|-damage|p1b: honeybee|0 fnt
|faint|p1a: drop dead
|faint|p1b: honeybee
|
|win|caZISA
||caZISA is ready for game 2.
|c|☆Northgdh|What a survival
|inactive|Northgdh has 30 seconds to confirm battle start!
