|j|☆fergalhopper
|j|☆gemsdavinci
|html|fergalhoppergemsdavinci    
|uhtml|bestof|Game 2 of a best-of-3
|t:|1784823295
|gametype|doubles
|player|p1|fergalhopper|101|1065
|player|p2|gemsdavinci|170|1044
|gen|9
|tier|[Gen 9 Champions] VGC 2026 Reg M-B (Bo3)
|rated|
|rule|Species Clause: Limit one of each Pokémon
|rule|Item Clause: Limit 1 of each item
|clearpoke
|poke|p1|Blaziken, L50, M|
|poke|p1|Whimsicott, L50, F|
|poke|p1|Maushold-Four, L50|
|poke|p1|Gholdengo, L50|
|poke|p1|Tsareena, L50, F|
|poke|p1|Annihilape, L50, M|
|poke|p2|Meowstic, L50, M, shiny|
|poke|p2|Alakazam, L50, M, shiny|
|poke|p2|Greninja, L50, M, shiny|
|poke|p2|Ninetales-Alola, L50, M, shiny|
|poke|p2|Talonflame, L50, M, shiny|
|poke|p2|Toxicroak, L50, M, shiny|
|teampreview|4
|showteam|p1|Blaziken||Blazikenite|SpeedBoost|FlareBlitz,CloseCombat,RockSlide,Protect|Adamant||M|||50|]Whimsicott||FocusSash|Prankster|Moonblast,Tailwind,Charm,Protect|Timid||F|||50|]Maushold-Four||WideLens|Technician|Protect,PopulationBomb,FollowMe,Feint|Adamant|||||50|]Gholdengo||LifeOrb|GoodasGold|MakeItRain,ShadowBall,NastyPlot,Protect|Modest|||||50|]Tsareena||LightClay|QueenlyMajesty|TropKick,LightScreen,Reflect,Taunt|Careful||F|||50|]Annihilape||SitrusBerry|Defiant|PhantomForce,CloseCombat,RockTomb,Protect|Adamant||M|||50|
|showteam|p2|Meowstic||Leftovers|Prankster|Protect,FakeOut,HelpingHand,PsychicTerrain|Timid||M|||50|]Alakazam||SitrusBerry|MagicGuard|Protect,ExpandingForce,DazzlingGleam,EnergyBall|Timid||M|||50|]Greninja||Greninjite|Protean|DarkPulse,Extrasensory,Blizzard,HydroPump|Timid||M|||50|]Ninetales-Alola||OccaBerry|SnowWarning|AuroraVeil,Blizzard,FreezeDry,Protect|Serious||M|||50|]Talonflame||LifeOrb|GaleWings|Protect,Tailwind,Uturn,BraveBird|Serious||M|||50|]Toxicroak||FocusSash|DrySkin|DrainPunch,KnockOff,Protect,GunkShot|Jolly||M|||50|
|inactive|Battle timer is ON: inactive players will automatically lose when time's up. (requested by fergalhopper)
|
|t:|1784823354
|teamsize|p1|4
|teamsize|p2|4
|start
|switch|p1a: Tsareena|Tsareena, L50, F|100/100
|switch|p1b: Gholdengo|Gholdengo, L50|100/100
|switch|p2a: Greninja|Greninja, L50, M, shiny|100/100
|switch|p2b: Ninetales|Ninetales-Alola, L50, M, shiny|100/100
|-weather|Snowscape|[from] ability: Snow Warning|[of] p2b: Ninetales
|turn|1
|
|t:|1784823378
|detailschange|p2a: Greninja|Greninja-Mega, L50, M, shiny
|-mega|p2a: Greninja|Greninja|Greninjite
|move|p1b: Gholdengo|Protect|p1b: Gholdengo
|-singleturn|p1b: Gholdengo|Protect
|move|p2a: Greninja|Dark Pulse|p1b: Gholdengo
|-start|p2a: Greninja|typechange|Dark|[from] ability: Protean
|-activate|p1b: Gholdengo|move: Protect
|move|p2b: Ninetales|Blizzard|p1a: Tsareena|[spread] p1a
|-activate|p1b: Gholdengo|move: Protect
|-supereffective|p1a: Tsareena|1
|-damage|p1a: Tsareena|49/100
|move|p1a: Tsareena|Light Screen|p1a: Tsareena
|-sidestart|p1: fergalhopper|move: Light Screen
|
|-weather|Snowscape|[upkeep]
|upkeep
|turn|2
|inactive|fergalhopper has 30 seconds left.
|inactive|gemsdavinci has 30 seconds left.
|
|t:|1784823407
|move|p2a: Greninja|Dark Pulse|p1b: Gholdengo
|-supereffective|p1b: Gholdengo|1
|-damage|p1b: Gholdengo|49/100
|move|p2b: Ninetales|Aurora Veil|p2b: Ninetales
|-sidestart|p2: gemsdavinci|move: Aurora Veil
|move|p1b: Gholdengo|Make It Rain|p2a: Greninja|[spread] p2a,p2b
|-supereffective|p2b: Ninetales|2
|-damage|p2a: Greninja|44/100
|-damage|p2b: Ninetales|0 fnt
|-unboost|p1b: Gholdengo|spa|2
|faint|p2b: Ninetales
|-damage|p1b: Gholdengo|39/100|[from] item: Life Orb
|move|p1a: Tsareena|Trop Kick|p2a: Greninja
|-crit|p2a: Greninja
|-damage|p2a: Greninja|0 fnt
|faint|p2a: Greninja
|
|-weather|Snowscape|[upkeep]
|upkeep
|
|t:|1784823428
|switch|p2a: Meowstic|Meowstic, L50, M, shiny|100/100
|switch|p2b: Alakazam|Alakazam, L50, M, shiny|100/100
|turn|3
|
|t:|1784823445
|move|p1b: Gholdengo|Protect|p1b: Gholdengo
|-singleturn|p1b: Gholdengo|Protect
|move|p2a: Meowstic|Psychic Terrain|p2a: Meowstic
|-fieldstart|move: Psychic Terrain
|move|p2b: Alakazam|Expanding Force|p1b: Gholdengo|[spread] p1a
|-activate|p1b: Gholdengo|move: Protect
|-damage|p1a: Tsareena|19/100
|move|p1a: Tsareena|Trop Kick|p2b: Alakazam
|-damage|p2b: Alakazam|43/100
|-unboost|p2b: Alakazam|atk|1
|-enditem|p2b: Alakazam|Sitrus Berry|[eat]
|-heal|p2b: Alakazam|68/100|[from] item: Sitrus Berry
|
|-weather|Snowscape|[upkeep]
|upkeep
|turn|4
|
|t:|1784823465
|move|p2a: Meowstic|Helping Hand|p2b: Alakazam
|-singleturn|p2b: Alakazam|Helping Hand|[of] p2a: Meowstic
|move|p2b: Alakazam|Expanding Force|p1a: Tsareena|[spread] p1a,p1b
|-resisted|p1b: Gholdengo|1
|-damage|p1a: Tsareena|0 fnt
|-damage|p1b: Gholdengo|12/100
|faint|p1a: Tsareena
|move|p1b: Gholdengo|Shadow Ball|p2b: Alakazam
|-supereffective|p2b: Alakazam|1
|-damage|p2b: Alakazam|20/100y
|-damage|p1b: Gholdengo|2/100|[from] item: Life Orb
|
|-weather|Snowscape|[upkeep]
|upkeep
|
|t:|1784823479
|switch|p1a: Maushold|Maushold-Four, L50|100/100
|turn|5
|
|t:|1784823492
|move|p2a: Meowstic|Helping Hand|p2b: Alakazam
|-singleturn|p2b: Alakazam|Helping Hand|[of] p2a: Meowstic
|move|p1a: Maushold|Protect|p1a: Maushold
|-singleturn|p1a: Maushold|Protect
|move|p1b: Gholdengo|Protect|p1b: Gholdengo
|-singleturn|p1b: Gholdengo|Protect
|move|p2b: Alakazam|Expanding Force|p1b: Gholdengo|[spread] 
|-activate|p1a: Maushold|move: Protect
|-activate|p1b: Gholdengo|move: Protect
|
|-weather|none
|upkeep
|turn|6
|inactive|fergalhopper has 30 seconds left.
|
|t:|1784823522
|move|p2a: Meowstic|Helping Hand|p2b: Alakazam
|-singleturn|p2b: Alakazam|Helping Hand|[of] p2a: Meowstic
|move|p1a: Maushold|Feint|p2b: Alakazam
|-activate|p2b: Alakazam|move: Psychic Terrain
|move|p2b: Alakazam|Expanding Force|p1a: Maushold|[spread] p1a,p1b
|-resisted|p1b: Gholdengo|1
|-damage|p1a: Maushold|5/100
|-damage|p1b: Gholdengo|0 fnt
|faint|p1b: Gholdengo
|
|-sideend|p2: gemsdavinci|move: Aurora Veil
|upkeep
|
|t:|1784823530
|switch|p1b: Blaziken|Blaziken, L50, M|100/100
|turn|7
|
|t:|1784823545
|detailschange|p1b: Blaziken|Blaziken-Mega, L50, M
|-mega|p1b: Blaziken|Blaziken|Blazikenite
|move|p2a: Meowstic|Helping Hand|p2b: Alakazam
|-singleturn|p2b: Alakazam|Helping Hand|[of] p2a: Meowstic
|move|p1a: Maushold|Protect|p1a: Maushold
|-singleturn|p1a: Maushold|Protect
|move|p1b: Blaziken|Protect|p1b: Blaziken
|-singleturn|p1b: Blaziken|Protect
|move|p2b: Alakazam|Expanding Force|p1b: Blaziken|[spread] 
|-activate|p1a: Maushold|move: Protect
|-activate|p1b: Blaziken|move: Protect
|
|-fieldend|move: Psychic Terrain
|-ability|p1b: Blaziken|Speed Boost|boost
|-boost|p1b: Blaziken|spe|1
|upkeep
|turn|8
|inactive|fergalhopper has 30 seconds left.
|
|t:|1784823572
|move|p1a: Maushold|Feint|p2b: Alakazam
|-damage|p2b: Alakazam|0 fnt
|faint|p2b: Alakazam
|move|p2a: Meowstic|Psychic Terrain|p2a: Meowstic
|-fieldstart|move: Psychic Terrain
|move|p1b: Blaziken|Flare Blitz|p2a: Meowstic
|-damage|p2a: Meowstic|0 fnt
|faint|p2a: Meowstic
|-damage|p1b: Blaziken|63/100|[from] Recoil
|
|win|fergalhopper
|raw|fergalhopper's rating: 1065 → 1093(+28 for winning)
|raw|gemsdavinci's rating: 1044 → 1028(-16 for losing)
|l|☆gemsdavinci
|player|p2|
