|j|☆baskingbear
|j|☆Glimme
|html|baskingbearGlimme    
|uhtml|bestof|Game 1 of a best-of-3
|t:|1782980867
|gametype|doubles
|player|p1|baskingbear|juggler-gen2|1209
|player|p2|Glimme|li|1255
|gen|9
|tier|[Gen 9 Champions] VGC 2026 Reg M-B (Bo3)
|rated|
|rule|Species Clause: Limit one of each Pokémon
|rule|Item Clause: Limit 1 of each item
|clearpoke
|poke|p1|Pyroar, L50, M|
|poke|p1|Gallade, L50, M|
|poke|p1|Farigiraf, L50, M|
|poke|p1|Mawile, L50, F|
|poke|p1|Torkoal, L50, F|
|poke|p1|Kangaskhan, L50, F|
|poke|p2|Blastoise, L50, M, shiny|
|poke|p2|Delphox, L50, F, shiny|
|poke|p2|Sinistcha, L50, shiny|
|poke|p2|Incineroar, L50, F, shiny|
|poke|p2|Sneasler, L50, M, shiny|
|poke|p2|Kingambit, L50, M, shiny|
|teampreview|4
|showteam|p1|Pyroar||Pyroarite|Unnerve|Overheat,HeatWave,SolarBeam,Protect|Timid||M|||50|]Gallade||IronBall|Sharpness|PsychoCut,SacredSword,LeafBlade,TrickRoom|Brave||M|||50|]Farigiraf||SitrusBerry|ArmorTail|Psychic,Thunderbolt,TrickRoom,HelpingHand|Quiet||M|||50|]Mawile||Mawilite|Intimidate|SwordsDance,RockSlide,PlayRough,SuckerPunch|Brave||F|||50|]Torkoal||Charcoal|Drought|Eruption,Protect,WeatherBall,HelpingHand|Quiet||F|||50|]Kangaskhan||LifeOrb|Scrappy|FakeOut,DoubleEdge,IcePunch,HammerArm|Brave||F|||50|
|showteam|p2|Blastoise||Blastoisinite|RainDish|WaterSpout,DarkPulse,ShellSmash,Protect|Modest||M|||50|]Delphox||Delphoxite|Blaze|HeatWave,Psyshock,NastyPlot,Protect|Timid||F|||50|]Sinistcha||OccaBerry|Hospitality|MatchaGotcha,RagePowder,TrickRoom,Protect|Bold|||||50|]Incineroar||PasshoBerry|Intimidate|FlareBlitz,PartingShot,HelpingHand,FakeOut|Impish||F|||50|]Sneasler||FocusSash|PoisonTouch|DireClaw,CloseCombat,QuickGuard,FakeOut|Jolly||M|||50|]Kingambit||BlackGlasses|Defiant|KowtowCleave,SuckerPunch,SwordsDance,Protect|Adamant||M|||50|
|inactive|Battle timer is ON: inactive players will automatically lose when time's up. (requested by Glimme)
|inactive|baskingbear has 60 seconds left.
|inactive|Glimme has 60 seconds left.
|inactive|baskingbear has 30 seconds left.
|inactive|Glimme has 30 seconds left.
|inactive|baskingbear has 20 seconds left.
|inactive|baskingbear has 15 seconds left.
|inactive|baskingbear has 10 seconds left.
|
|t:|1782980951
|teamsize|p1|4
|teamsize|p2|4
|start
|switch|p1a: Kangaskhan|Kangaskhan, L50, F|100/100
|switch|p1b: Gallade|Gallade, L50, M|100/100
|switch|p2a: Delphox|Delphox, L50, F, shiny|100/100
|switch|p2b: Sneasler|Sneasler, L50, M, shiny|100/100
|turn|1
|inactive|Glimme has 30 seconds left.
|
|t:|1782980976
|detailschange|p2a: Delphox|Delphox-Mega, L50, F, shiny
|-mega|p2a: Delphox|Delphox|Delphoxite
|move|p2b: Sneasler|Fake Out|p1a: Kangaskhan
|-damage|p1a: Kangaskhan|84/100
|cant|p1a: Kangaskhan|flinch
|move|p2a: Delphox|Nasty Plot|p2a: Delphox
|-boost|p2a: Delphox|spa|2
|move|p1b: Gallade|Trick Room|p1b: Gallade
|-fieldstart|move: Trick Room|[of] p1b: Gallade
|
|upkeep
|turn|2
|inactive|baskingbear has 30 seconds left.
|inactive|baskingbear has 20 seconds left.
|inactive|baskingbear has 15 seconds left.
|
|t:|1782981021
|switch|p2b: Incineroar|Incineroar, L50, F, shiny|100/100
|-ability|p2b: Incineroar|Intimidate|boost
|-fail|p1a: Kangaskhan|unboost|Attack|[from] ability: Scrappy|[of] p1a: Kangaskhan
|-unboost|p1b: Gallade|atk|1
|move|p2a: Delphox|Protect|p2a: Delphox
|-singleturn|p2a: Delphox|Protect
|move|p1b: Gallade|Psycho Cut|p2b: Incineroar
|-immune|p2b: Incineroar
|move|p1a: Kangaskhan|Double-Edge|p2a: Delphox
|-activate|p2a: Delphox|move: Protect
|
|upkeep
|turn|3
|
|t:|1782981040
|switch|p1b: Farigiraf|Farigiraf, L50, M|100/100
|move|p2b: Incineroar|Fake Out||[still]
|cant|p1b: Farigiraf|ability: Armor Tail|Fake Out|[of] p2b: Incineroar
|move|p1a: Kangaskhan|Double-Edge|p2a: Delphox
|-damage|p2a: Delphox|0 fnt
|faint|p2a: Delphox
|-damage|p1a: Kangaskhan|59/100|[from] Recoil
|-damage|p1a: Kangaskhan|49/100|[from] item: Life Orb
|
|upkeep
|
|t:|1782981043
|switch|p2a: Sinistcha|Sinistcha, L50, shiny|100/100
|turn|4
|
|t:|1782981064
|switch|p1b: Gallade|Gallade, L50, M|100/100
|move|p2a: Sinistcha|Matcha Gotcha|p1b: Gallade|[spread] p1a
|-miss|p2a: Sinistcha|p1b: Gallade
|-damage|p1a: Kangaskhan|25/100
|move|p1a: Kangaskhan|Hammer Arm|p2b: Incineroar
|-supereffective|p2b: Incineroar|1
|-damage|p2b: Incineroar|34/100
|-unboost|p1a: Kangaskhan|spe|1
|-damage|p1a: Kangaskhan|15/100|[from] item: Life Orb
|move|p2b: Incineroar|Flare Blitz|p1a: Kangaskhan
|-damage|p1a: Kangaskhan|0 fnt
|faint|p1a: Kangaskhan
|-damage|p2b: Incineroar|28/100|[from] Recoil
|
|upkeep
|
|t:|1782981079
|switch|p1a: Mawile|Mawile, L50, F|100/100
|-ability|p1a: Mawile|Intimidate|boost
|-unboost|p2a: Sinistcha|atk|1
|-unboost|p2b: Incineroar|atk|1
|turn|5
|
|t:|1782981104
|switch|p2b: Sneasler|Sneasler, L50, M, shiny|100/100
|detailschange|p1a: Mawile|Mawile-Mega, L50, F
|-mega|p1a: Mawile|Mawile|Mawilite
|move|p1b: Gallade|Psycho Cut|p2a: Sinistcha
|-damage|p2a: Sinistcha|54/100
|move|p1a: Mawile|Rock Slide|p2a: Sinistcha|[spread] p2a,p2b
|-resisted|p2b: Sneasler|1
|-damage|p2a: Sinistcha|27/100
|-damage|p2b: Sneasler|67/100
|move|p2a: Sinistcha|Matcha Gotcha|p1b: Gallade|[spread] p1a,p1b
|-resisted|p1a: Mawile|1
|-damage|p1a: Mawile|84/100
|-heal|p2a: Sinistcha|34/100|[from] drain|[of] p1a: Mawile
|-damage|p1b: Gallade|77/100
|-heal|p2a: Sinistcha|45/100|[from] drain|[of] p1b: Gallade
|
|-fieldend|move: Trick Room
|upkeep
|turn|6
|
|t:|1782981123
|switch|p1b: Farigiraf|Farigiraf, L50, M|100/100
|move|p2b: Sneasler|Dire Claw|p1b: Farigiraf
|-damage|p1b: Farigiraf|64/100
|-status|p1b: Farigiraf|slp
|move|p2a: Sinistcha|Matcha Gotcha|p1b: Farigiraf|[spread] p1a,p1b
|-resisted|p1a: Mawile|1
|-damage|p1a: Mawile|70/100
|-heal|p2a: Sinistcha|52/100|[from] drain|[of] p1a: Mawile
|-damage|p1b: Farigiraf|41/100 slp
|-heal|p2a: Sinistcha|66/100|[from] drain|[of] p1b: Farigiraf
|-status|p1a: Mawile|brn
|-enditem|p1b: Farigiraf|Sitrus Berry|[eat]
|-heal|p1b: Farigiraf|66/100 slp|[from] item: Sitrus Berry
|move|p1a: Mawile|Play Rough|p2b: Sneasler
|-damage|p2b: Sneasler|0 fnt
|faint|p2b: Sneasler
|
|-damage|p1a: Mawile|64/100 brn|[from] brn
|upkeep
|
|t:|1782981125
|switch|p2b: Incineroar|Incineroar, L50, F, shiny|28/100
|-ability|p2b: Incineroar|Intimidate|boost
|-unboost|p1a: Mawile|atk|1
|-unboost|p1b: Farigiraf|atk|1
|turn|7
|
|t:|1782981138
|switch|p1a: Gallade|Gallade, L50, M|77/100
|move|p2b: Incineroar|Flare Blitz|p1a: Gallade
|-damage|p1a: Gallade|6/100
|-damage|p2b: Incineroar|8/100|[from] Recoil
|move|p2a: Sinistcha|Matcha Gotcha|p1b: Farigiraf|[spread] p1a,p1b
|-damage|p1a: Gallade|0 fnt
|-heal|p2a: Sinistcha|70/100|[from] drain|[of] p1a: Gallade
|-damage|p1b: Farigiraf|43/100 slp
|-heal|p2a: Sinistcha|83/100|[from] drain|[of] p1b: Farigiraf
|faint|p1a: Gallade
|cant|p1b: Farigiraf|slp
|
|upkeep
|
|t:|1782981141
|switch|p1a: Mawile|Mawile-Mega, L50, F|64/100 brn
|turn|8
|
|t:|1782981166
|move|p2a: Sinistcha|Rage Powder|p2a: Sinistcha
|-singleturn|p2a: Sinistcha|move: Rage Powder
|move|p2b: Incineroar|Flare Blitz|p1a: Mawile
|-supereffective|p1a: Mawile|1
|-damage|p1a: Mawile|0 fnt
|faint|p1a: Mawile
|-damage|p2b: Incineroar|0 fnt|[from] Recoil
|faint|p2b: Incineroar
|-curestatus|p1b: Farigiraf|slp|[msg]
|move|p1b: Farigiraf|Trick Room|p1b: Farigiraf
|-fieldstart|move: Trick Room|[of] p1b: Farigiraf
|
|upkeep
|turn|9
|
|t:|1782981173
|move|p2a: Sinistcha|Protect|p2a: Sinistcha
|-singleturn|p2a: Sinistcha|Protect
|move|p1b: Farigiraf|Psychic|p2a: Sinistcha
|-activate|p2a: Sinistcha|move: Protect
|
|upkeep
|turn|10
|
|t:|1782981176
|move|p1b: Farigiraf|Psychic|p2a: Sinistcha
|-damage|p2a: Sinistcha|48/100
|move|p2a: Sinistcha|Matcha Gotcha|p1b: Farigiraf
|-damage|p1b: Farigiraf|11/100
|-heal|p2a: Sinistcha|67/100|[from] drain|[of] p1b: Farigiraf
|-status|p1b: Farigiraf|brn
|
|-damage|p1b: Farigiraf|5/100 brn|[from] brn
|upkeep
|turn|11
|
|t:|1782981180
|move|p2a: Sinistcha|Protect|p2a: Sinistcha
|-singleturn|p2a: Sinistcha|Protect
|move|p1b: Farigiraf|Psychic|p2a: Sinistcha
|-activate|p2a: Sinistcha|move: Protect
|
|-damage|p1b: Farigiraf|0 fnt|[from] brn
|faint|p1b: Farigiraf
|
|win|Glimme
