|j|☆Sammias
|j|☆friesejung
|html|Sammiasfriesejung    
|uhtml|bestof|Game 1 of a best-of-3
|t:|1756166676
|gametype|doubles
|player|p1|Sammias|miku-ground|1117
|player|p2|friesejung|crasherwake|1087
|gen|9
|tier|[Gen 9] VGC 2025 Reg H (Bo3)
|rated|
|rule|Species Clause: Limit one of each Pokémon
|rule|Item Clause: Limit 1 of each item
|clearpoke
|poke|p1|Torkoal, L50, M|
|poke|p1|Typhlosion-Hisui, L50, F|
|poke|p1|Indeedee-F, L50, F|
|poke|p1|Amoonguss, L50, F|
|poke|p1|Sneasler, L50, M|
|poke|p1|Primarina, L50, M|
|poke|p2|Porygon2, L50|
|poke|p2|Rillaboom, L50, M|
|poke|p2|Kingambit, L50, M|
|poke|p2|Archaludon, L50, M|
|poke|p2|Gholdengo, L50|
|poke|p2|Dragapult, L50, F|
|teampreview|4
|showteam|p1|Torkoal||Charcoal|Drought|Eruption,Overheat,EarthPower,Protect|||M|||50|,,,,,Fire]Typhlosion-Hisui||ChoiceScarf|Blaze|Eruption,HeatWave,ShadowBall,SolarBeam|||F|||50|,,,,,Fire]Indeedee-F||SitrusBerry|PsychicSurge|FollowMe,TrickRoom,HelpingHand,Psychic|||F|||50|,,,,,Fairy]Amoonguss||RockyHelmet|Regenerator|RagePowder,Spore,ClearSmog,PollenPuff|||F|||50|,,,,,Psychic]Sneasler||PsychicSeed|Unburden|DireClaw,CloseCombat,Taunt,Protect|||M|||50|,,,,,Dark]Primarina||ThroatSpray|LiquidVoice|HyperVoice,Moonblast,CalmMind,Protect|||M|||50|,,,,,Poison
|showteam|p2|Porygon2||Eviolite|Download|TrickRoom,Recover,TeraBlast,IceBeam||||||50|,,,,,Fighting]Rillaboom||AssaultVest|GrassySurge|GrassyGlide,WoodHammer,FakeOut,TeraBlast|||M|||50|,,,,,Fire]Kingambit||BlackGlasses|Defiant|KowtowCleave,IronHead,SuckerPunch,Protect|||M|||50|,,,,,Dark]Archaludon||PowerHerb|Stalwart|ElectroShot,DracoMeteor,FlashCannon,Protect|||M|||50|,,,,,Fairy]Gholdengo||Leftovers|GoodasGold|MakeItRain,ShadowBall,NastyPlot,Protect||||||50|,,,,,Water]Dragapult||LifeOrb|ClearBody|DracoMeteor,ShadowBall,TeraBlast,Protect|||F|||50|,,,,,Steel
|inactive|Battle timer is ON: inactive players will automatically lose when time's up. (requested by Sammias)
|inactive|Sammias has 60 seconds left.
|inactive|friesejung has 60 seconds left.
|
|t:|1756166734
|teamsize|p1|4
|teamsize|p2|4
|start
|switch|p1a: Indeedee|Indeedee-F, L50, F|100/100
|switch|p1b: Typhlosion|Typhlosion-Hisui, L50, F|100/100
|switch|p2a: Rillaboom|Rillaboom, L50, M|100/100
|switch|p2b: Dragapult|Dragapult, L50, F|100/100
|-fieldstart|move: Psychic Terrain|[from] ability: Psychic Surge|[of] p1a: Indeedee
|-fieldstart|move: Grassy Terrain|[from] ability: Grassy Surge|[of] p2a: Rillaboom
|turn|1
|inactive|friesejung has 30 seconds left.
|inactive|Sammias has 30 seconds left.
|inactive|friesejung has 20 seconds left.
|
|t:|1756166773
|-terastallize|p2a: Rillaboom|Fire
|move|p2b: Dragapult|Protect|p2b: Dragapult
|-singleturn|p2b: Dragapult|Protect
|move|p1a: Indeedee|Follow Me|p1a: Indeedee
|-singleturn|p1a: Indeedee|move: Follow Me
|move|p1b: Typhlosion|Eruption|p2b: Dragapult|[spread] p2a
|-activate|p2b: Dragapult|move: Protect
|-resisted|p2a: Rillaboom
|-damage|p2a: Rillaboom|80/100
|move|p2a: Rillaboom|Wood Hammer|p1a: Indeedee
|-damage|p1a: Indeedee|0 fnt
|faint|p1a: Indeedee
|-damage|p2a: Rillaboom|52/100|[from] Recoil
|
|-heal|p2a: Rillaboom|58/100|[from] Grassy Terrain
|upkeep
|
|t:|1756166784
|switch|p1a: Sneasler|Sneasler, L50, M|100/100
|turn|2
|inactive|friesejung has 30 seconds left.
|
|t:|1756166809
|switch|p1b: Amoonguss|Amoonguss, L50, F|100/100
|move|p2a: Rillaboom|Grassy Glide|p1b: Amoonguss
|-resisted|p1b: Amoonguss
|-damage|p1b: Amoonguss|93/100
|-damage|p2a: Rillaboom|41/100|[from] item: Rocky Helmet|[of] p1b: Amoonguss
|move|p2b: Dragapult|Shadow Ball|p1b: Amoonguss
|-damage|p1b: Amoonguss|46/100
|-damage|p2b: Dragapult|91/100|[from] item: Life Orb
|move|p1a: Sneasler|Dire Claw|p2b: Dragapult
|-resisted|p2b: Dragapult
|-damage|p2b: Dragapult|64/100
|-status|p2b: Dragapult|slp
|
|-heal|p2b: Dragapult|70/100 slp|[from] Grassy Terrain
|-heal|p2a: Rillaboom|47/100|[from] Grassy Terrain
|-heal|p1b: Amoonguss|52/100|[from] Grassy Terrain
|upkeep
|turn|3
|inactive|Sammias has 30 seconds left.
|inactive|friesejung has 30 seconds left.
|
|t:|1756166839
|switch|p1b: Typhlosion|Typhlosion-Hisui, L50, F|100/100
|cant|p2b: Dragapult|slp
|move|p1a: Sneasler|Close Combat|p2a: Rillaboom
|-damage|p2a: Rillaboom|0 fnt
|-unboost|p1a: Sneasler|def|1
|-unboost|p1a: Sneasler|spd|1
|faint|p2a: Rillaboom
|
|-heal|p2b: Dragapult|77/100 slp|[from] Grassy Terrain
|upkeep
|
|t:|1756166856
|switch|p2a: Kingambit|Kingambit, L50, M|100/100
|turn|4
|
|t:|1756166868
|switch|p1b: Amoonguss|Amoonguss, L50, F|85/100
|move|p2a: Kingambit|Protect|p2a: Kingambit
|-singleturn|p2a: Kingambit|Protect
|cant|p2b: Dragapult|slp
|move|p1a: Sneasler|Close Combat|p2a: Kingambit
|-activate|p2a: Kingambit|move: Protect
|
|-heal|p2b: Dragapult|83/100 slp|[from] Grassy Terrain
|-heal|p1b: Amoonguss|91/100|[from] Grassy Terrain
|upkeep
|turn|5
|
|t:|1756166887
|switch|p2a: Gholdengo|Gholdengo, L50|100/100
|move|p1a: Sneasler|Protect|p1a: Sneasler
|-singleturn|p1a: Sneasler|Protect
|-curestatus|p2b: Dragapult|slp|[msg]
|move|p2b: Dragapult|Draco Meteor|p1a: Sneasler
|-activate|p1a: Sneasler|move: Protect
|move|p1b: Amoonguss|Spore|p2b: Dragapult
|-status|p2b: Dragapult|slp|[from] move: Spore
|
|-heal|p2b: Dragapult|89/100 slp|[from] Grassy Terrain
|-heal|p1b: Amoonguss|96/100|[from] Grassy Terrain
|-fieldend|move: Grassy Terrain
|upkeep
|turn|6
|
|t:|1756166909
|switch|p1a: Typhlosion|Typhlosion-Hisui, L50, F|100/100
|move|p1b: Amoonguss|Rage Powder|p1b: Amoonguss
|-singleturn|p1b: Amoonguss|move: Rage Powder
|cant|p2b: Dragapult|slp
|move|p2a: Gholdengo|Nasty Plot|p2a: Gholdengo
|-boost|p2a: Gholdengo|spa|2
|
|upkeep
|turn|7
|inactive|Sammias has 30 seconds left.
|inactive|friesejung has 30 seconds left.
|
|t:|1756166942
|move|p2a: Gholdengo|Protect|p2a: Gholdengo
|-singleturn|p2a: Gholdengo|Protect
|move|p1b: Amoonguss|Rage Powder|p1b: Amoonguss
|-singleturn|p1b: Amoonguss|move: Rage Powder
|move|p1a: Typhlosion|Shadow Ball|p2a: Gholdengo
|-activate|p2a: Gholdengo|move: Protect
|cant|p2b: Dragapult|slp
|
|upkeep
|turn|8
|
|t:|1756166965
|switch|p2a: Kingambit|Kingambit, L50, M|100/100
|move|p1b: Amoonguss|Rage Powder|p1b: Amoonguss
|-singleturn|p1b: Amoonguss|move: Rage Powder
|move|p1a: Typhlosion|Shadow Ball|p2a: Kingambit
|-resisted|p2a: Kingambit
|-damage|p2a: Kingambit|81/100
|cant|p2b: Dragapult|slp
|
|upkeep
|turn|9
|inactive|friesejung has 30 seconds left.
|
|t:|1756166992
|-terastallize|p1a: Typhlosion|Fire
|move|p1b: Amoonguss|Rage Powder|p1b: Amoonguss
|-singleturn|p1b: Amoonguss|move: Rage Powder
|move|p1a: Typhlosion|Shadow Ball|p2b: Dragapult
|-supereffective|p2b: Dragapult
|-damage|p2b: Dragapult|0 fnt
|faint|p2b: Dragapult
|move|p2a: Kingambit|Iron Head|p1b: Amoonguss
|-damage|p1b: Amoonguss|61/100
|-damage|p2a: Kingambit|65/100|[from] item: Rocky Helmet|[of] p1b: Amoonguss
|
|upkeep
|
|t:|1756167000
|switch|p2b: Gholdengo|Gholdengo, L50|100/100
|turn|10
|
|t:|1756167009
|move|p2b: Gholdengo|Protect|p2b: Gholdengo
|-singleturn|p2b: Gholdengo|Protect
|move|p1b: Amoonguss|Rage Powder|p1b: Amoonguss
|-singleturn|p1b: Amoonguss|move: Rage Powder
|move|p1a: Typhlosion|Shadow Ball|p2b: Gholdengo
|-activate|p2b: Gholdengo|move: Protect
|move|p2a: Kingambit|Kowtow Cleave|p1b: Amoonguss
|-damage|p1b: Amoonguss|16/100
|-damage|p2a: Kingambit|48/100|[from] item: Rocky Helmet|[of] p1b: Amoonguss
|
|upkeep
|turn|11
|
|t:|1756167027
|switch|p1b: Sneasler|Sneasler, L50, M|100/100
|move|p2b: Gholdengo|Protect|p2b: Gholdengo
|-singleturn|p2b: Gholdengo|Protect
|move|p1a: Typhlosion|Shadow Ball|p2b: Gholdengo
|-activate|p2b: Gholdengo|move: Protect
|move|p2a: Kingambit|Iron Head|p1b: Sneasler
|-damage|p1b: Sneasler|22/100
|
|upkeep
|turn|12
|
|t:|1756167052
|move|p2a: Kingambit|Sucker Punch|p1a: Typhlosion
|-crit|p1a: Typhlosion
|-damage|p1a: Typhlosion|0 fnt
|faint|p1a: Typhlosion
|move|p1b: Sneasler|Close Combat|p2a: Kingambit
|-supereffective|p2a: Kingambit
|-damage|p2a: Kingambit|0 fnt
|-unboost|p1b: Sneasler|def|1
|-unboost|p1b: Sneasler|spd|1
|faint|p2a: Kingambit
|move|p2b: Gholdengo|Make It Rain|p1b: Sneasler
|-damage|p1b: Sneasler|0 fnt
|-unboost|p2b: Gholdengo|spa|1
|faint|p1b: Sneasler
|
|upkeep
|
|t:|1756167060
|switch|p1b: Amoonguss|Amoonguss, L50, F|49/100
|turn|13
|
|t:|1756167072
|move|p2b: Gholdengo|Nasty Plot|p2b: Gholdengo
|-boost|p2b: Gholdengo|spa|2
|move|p1b: Amoonguss|Pollen Puff|p2b: Gholdengo
|-resisted|p2b: Gholdengo
|-damage|p2b: Gholdengo|96/100
|
|-heal|p2b: Gholdengo|100/100|[from] item: Leftovers
|upkeep
|turn|14
|
|t:|1756167084
|move|p2b: Gholdengo|Shadow Ball|p1b: Amoonguss
|-damage|p1b: Amoonguss|0 fnt
|faint|p1b: Amoonguss
|
|win|friesejung
||Sammias is ready for game 2.
||friesejung is ready for game 2.
|uhtml|next|Next: Game 2 of 3
