|j|☆Chavo666
|j|☆LynxVGC
|html|Chavo666LynxVGC    
|uhtml|bestof|Game 2 of a best-of-3
|t:|1784293365
|gametype|doubles
|player|p1|Chavo666|steven|1133
|player|p2|LynxVGC|larry|1260
|gen|9
|tier|[Gen 9 Champions] VGC 2026 Reg M-B (Bo3)
|rated|
|rule|Species Clause: Limit one of each Pokémon
|rule|Item Clause: Limit 1 of each item
|clearpoke
|poke|p1|Farigiraf, L50, M|
|poke|p1|Clefable, L50, M|
|poke|p1|Sneasler, L50, F|
|poke|p1|Archaludon, L50, M|
|poke|p1|Basculegion, L50, M|
|poke|p1|Meowstic, L50, M|
|poke|p2|Basculegion, L50, M|
|poke|p2|Kingambit, L50, M|
|poke|p2|Maushold, L50|
|poke|p2|Gardevoir, L50, F|
|poke|p2|Talonflame, L50, F|
|poke|p2|Garchomp, L50, F|
|teampreview|4
|showteam|p1|Farigiraf||ColburBerry|ArmorTail|DazzlingGleam,Psychic,TrickRoom,LightScreen|Sassy||M|||50|]Clefable||SitrusBerry|MagicGuard|FollowMe,Moonblast,BatonPass,CosmicPower|Bold||M|||50|]Sneasler||FocusSash|Unburden|DireClaw,CloseCombat,FakeOut,Coaching|Jolly||F|||50|]Archaludon||Leftovers|Stamina|ElectroShot,DragonPulse,FlashCannon,Protect|Calm||M|||50|]Basculegion||LifeOrb|SwiftSwim|Protect,AquaJet,LastRespects,WaveCrash|Jolly||M|||50|]Meowstic||Meowsticite|Prankster|CalmMind,RainDance,Psychic,AlluringVoice|Timid||M|||50|
|showteam|p2|Basculegion||ChoiceScarf|Adaptability|FlipTurn,AquaJet,WaveCrash,LastRespects|Jolly||M|||50|]Kingambit||FocusSash|Defiant|KowtowCleave,LowKick,SuckerPunch,IronHead|Adamant||M|||50|]Maushold||ChopleBerry|FriendGuard|SuperFang,FollowMe,Feint,Protect|Timid|||||50|]Gardevoir||Gardevoirite|Telepathy|HyperVoice,Psyshock,VacuumWave,Protect|Modest||F|||50|]Talonflame||SharpBeak|GaleWings|BraveBird,Tailwind,QuickGuard,FlareBlitz|Jolly||F|||50|]Garchomp||LifeOrb|RoughSkin|DragonClaw,Earthquake,RockTomb,Protect|Jolly||F|||50|
|
|t:|1784293396
|teamsize|p1|4
|teamsize|p2|4
|start
|switch|p1a: Clefable|Clefable, L50, M|100/100
|switch|p1b: Sneasler|Sneasler, L50, F|100/100
|switch|p2a: Basculegion|Basculegion, L50, M|100/100
|switch|p2b: Kingambit|Kingambit, L50, M|100/100
|turn|1
|
|t:|1784293428
|switch|p2b: Gardevoir|Gardevoir, L50, F|100/100
|move|p1b: Sneasler|Fake Out|p2b: Gardevoir
|-damage|p2b: Gardevoir|78/100
|move|p2a: Basculegion|Wave Crash|p1b: Sneasler
|-enditem|p1b: Sneasler|Focus Sash
|-damage|p1b: Sneasler|1/100
|-damage|p2a: Basculegion|74/100|[from] Recoil
|move|p1a: Clefable|Cosmic Power|p1a: Clefable
|-boost|p1a: Clefable|def|1
|-boost|p1a: Clefable|spd|1
|
|upkeep
|turn|2
|
|t:|1784293458
|detailschange|p2b: Gardevoir|Gardevoir-Mega, L50, F
|-mega|p2b: Gardevoir|Gardevoir|Gardevoirite
|move|p2b: Gardevoir|Vacuum Wave|p1b: Sneasler
|-resisted|p1b: Sneasler|1
|-damage|p1b: Sneasler|0 fnt
|faint|p1b: Sneasler
|move|p2a: Basculegion|Wave Crash|p1a: Clefable
|-damage|p1a: Clefable|63/100
|-damage|p2a: Basculegion|62/100|[from] Recoil
|move|p1a: Clefable|Cosmic Power|p1a: Clefable
|-boost|p1a: Clefable|def|1
|-boost|p1a: Clefable|spd|1
|
|upkeep
|
|t:|1784293471
|switch|p1b: Meowstic|Meowstic, L50, M|100/100
|turn|3
|
|t:|1784293492
|switch|p2a: Kingambit|Kingambit, L50, M|100/100
|detailschange|p1b: Meowstic|Meowstic-M-Mega, L50, M
|-mega|p1b: Meowstic|Meowstic|Meowsticite
|-ability|p1b: Meowstic|Defiant|Trace|[from] ability: Trace|[of] p2a: Kingambit
|move|p1b: Meowstic|Psychic|p2a: Kingambit
|-immune|p2a: Kingambit
|move|p2b: Gardevoir|Hyper Voice|p1b: Meowstic|[spread] p1a,p1b
|-damage|p1a: Clefable|39/100
|-damage|p1b: Meowstic|35/100
|-enditem|p1a: Clefable|Sitrus Berry|[eat]
|-heal|p1a: Clefable|63/100|[from] item: Sitrus Berry
|move|p1a: Clefable|Baton Pass|p1a: Clefable
|
|t:|1784293504
|switch|p1a: Archaludon|Archaludon, L50, M|100/100|[from] Baton Pass
|
|upkeep
|turn|4
|
|t:|1784293523
|move|p2b: Gardevoir|Protect|p2b: Gardevoir
|-singleturn|p2b: Gardevoir|Protect
|move|p1b: Meowstic|Rain Dance|p1b: Meowstic
|-weather|RainDance
|move|p1a: Archaludon|Electro Shot||[still]
|-prepare|p1a: Archaludon|Electro Shot
|-boost|p1a: Archaludon|spa|1
|-anim|p1a: Archaludon|Electro Shot|p2b: Gardevoir
|-activate|p2b: Gardevoir|move: Protect
|move|p2a: Kingambit|Low Kick|p1a: Archaludon
|-supereffective|p1a: Archaludon|1
|-damage|p1a: Archaludon|72/100
|-ability|p1a: Archaludon|Stamina|boost
|-boost|p1a: Archaludon|def|1
|
|-weather|RainDance|[upkeep]
|-heal|p1a: Archaludon|78/100|[from] item: Leftovers
|upkeep
|turn|5
|
|t:|1784293547
|switch|p1b: Clefable|Clefable, L50, M|63/100
|switch|p2a: Garchomp|Garchomp, L50, F|100/100
|move|p2b: Gardevoir|Hyper Voice|p1b: Clefable|[spread] p1a,p1b
|-damage|p1a: Archaludon|53/100
|-damage|p1b: Clefable|8/100
|-ability|p1a: Archaludon|Stamina|boost
|-boost|p1a: Archaludon|def|1
|move|p1a: Archaludon|Electro Shot||[still]
|-prepare|p1a: Archaludon|Electro Shot
|-boost|p1a: Archaludon|spa|1
|-anim|p1a: Archaludon|Electro Shot|p2b: Gardevoir
|-damage|p2b: Gardevoir|12/100
|
|-weather|RainDance|[upkeep]
|-heal|p1a: Archaludon|59/100|[from] item: Leftovers
|upkeep
|turn|6
|
|t:|1784293573
|move|p2b: Gardevoir|Protect|p2b: Gardevoir
|-singleturn|p2b: Gardevoir|Protect
|move|p1a: Archaludon|Protect|p1a: Archaludon
|-singleturn|p1a: Archaludon|Protect
|move|p2a: Garchomp|Earthquake|p1b: Clefable|[spread] p1b
|-activate|p2b: Gardevoir|move: Protect
|-activate|p1a: Archaludon|move: Protect
|-damage|p1b: Clefable|0 fnt
|faint|p1b: Clefable
|-damage|p2a: Garchomp|90/100|[from] item: Life Orb
|
|-weather|RainDance|[upkeep]
|-heal|p1a: Archaludon|65/100|[from] item: Leftovers
|upkeep
|
|t:|1784293582
|switch|p1b: Meowstic|Meowstic-M-Mega, L50, M|35/100
|-ability|p1b: Meowstic|Pixilate|Trace|[from] ability: Trace|[of] p2b: Gardevoir
|turn|7
|
|t:|1784293596
|move|p1b: Meowstic|Alluring Voice|p2a: Garchomp
|-supereffective|p2a: Garchomp|1
|-damage|p2a: Garchomp|22/100
|move|p2a: Garchomp|Earthquake|p1a: Archaludon|[spread] p2b,p1a,p1b
|-supereffective|p1a: Archaludon|1
|-damage|p2b: Gardevoir|0 fnt
|-damage|p1a: Archaludon|37/100
|-damage|p1b: Meowstic|0 fnt
|-ability|p1a: Archaludon|Stamina|boost
|-boost|p1a: Archaludon|def|1
|faint|p2b: Gardevoir
|faint|p1b: Meowstic
|-damage|p2a: Garchomp|12/100|[from] item: Life Orb
|move|p1a: Archaludon|Flash Cannon|p2a: Garchomp
|-damage|p2a: Garchomp|0 fnt
|faint|p2a: Garchomp
|
|-weather|RainDance|[upkeep]
|-heal|p1a: Archaludon|43/100|[from] item: Leftovers
|upkeep
|
|t:|1784293602
|switch|p2a: Basculegion|Basculegion, L50, M|62/100
|switch|p2b: Kingambit|Kingambit, L50, M|100/100
|turn|8
|
|t:|1784293615
|move|p2a: Basculegion|Last Respects|p1a: Archaludon
|-damage|p1a: Archaludon|19/100
|-ability|p1a: Archaludon|Stamina|boost
|-boost|p1a: Archaludon|def|1
|move|p1a: Archaludon|Electro Shot||[still]
|-prepare|p1a: Archaludon|Electro Shot
|-boost|p1a: Archaludon|spa|1
|-anim|p1a: Archaludon|Electro Shot|p2a: Basculegion
|-supereffective|p2a: Basculegion|1
|-damage|p2a: Basculegion|0 fnt
|faint|p2a: Basculegion
|move|p2b: Kingambit|Low Kick|p1a: Archaludon
|-supereffective|p1a: Archaludon|1
|-damage|p1a: Archaludon|4/100
|
|-weather|none
|-heal|p1a: Archaludon|10/100|[from] item: Leftovers
|upkeep
|turn|9
|
|t:|1784293630
|move|p1a: Archaludon|Protect|p1a: Archaludon
|-singleturn|p1a: Archaludon|Protect
|move|p2b: Kingambit|Low Kick|p1a: Archaludon
|-activate|p1a: Archaludon|move: Protect
|
|-heal|p1a: Archaludon|16/100|[from] item: Leftovers
|upkeep
|turn|10
|
|t:|1784293637
|move|p1a: Archaludon|Dragon Pulse|p2b: Kingambit
|-resisted|p2b: Kingambit|1
|-damage|p2b: Kingambit|38/100
|move|p2b: Kingambit|Low Kick|p1a: Archaludon
|-supereffective|p1a: Archaludon|1
|-damage|p1a: Archaludon|1/100
|
|-heal|p1a: Archaludon|7/100|[from] item: Leftovers
|upkeep
|turn|11
|
|t:|1784293648
|move|p1a: Archaludon|Protect|p1a: Archaludon
|-singleturn|p1a: Archaludon|Protect
|move|p2b: Kingambit|Sucker Punch||[still]
|-fail|p2b: Kingambit
|
|-heal|p1a: Archaludon|13/100|[from] item: Leftovers
|upkeep
|turn|12
|
|t:|1784293654
|move|p2b: Kingambit|Sucker Punch|p1a: Archaludon
|-damage|p1a: Archaludon|3/100
|move|p1a: Archaludon|Dragon Pulse|p2b: Kingambit
|-resisted|p2b: Kingambit|1
|-damage|p2b: Kingambit|0 fnt
|faint|p2b: Kingambit
|
|win|Chavo666
||LynxVGC is ready for game 3.
||Chavo666 is ready for game 3.
|uhtml|next|Next: Game 3 of 3
