|j|☆wait for swarley
|j|☆Gayangos
|html|wait for swarleyGayangos    
|uhtml|bestof|Game 2 of a best-of-3
|t:|1757847277
|gametype|doubles
|player|p1|wait for swarley|volo|1351
|player|p2|Gayangos|2|1412
|gen|9
|tier|[Gen 9] VGC 2025 Reg H (Bo3)
|rated|
|rule|Species Clause: Limit one of each Pokémon
|rule|Item Clause: Limit 1 of each item
|clearpoke
|poke|p1|Dachsbun, L50, F|
|poke|p1|Torkoal, L50, M|
|poke|p1|Typhlosion-Hisui, L50, M|
|poke|p1|Kingambit, L50, M|
|poke|p1|Rillaboom, L50, F|
|poke|p1|Zoroark-Hisui, L50, F|
|poke|p2|Dragapult, L50, F|
|poke|p2|Sneasler, L50, M|
|poke|p2|Incineroar, L50, M|
|poke|p2|Rillaboom, L50, F|
|poke|p2|Kingambit, L50, F|
|poke|p2|Volcarona, L50, F|
|teampreview|4
|showteam|p1|Dachsbun||Leftovers|WellBakedBody|BodyPress,Snarl,Rest,Yawn|||F|||50|,,,,,Steel]Torkoal||SitrusBerry|Drought|WeatherBall,Eruption,LavaPlume,Protect|||M|||50|,,,,,Fire]Typhlosion-Hisui||ChoiceScarf|Blaze|Eruption,ShadowBall,LavaPlume,Overheat|||M|||50|,,,,,Dark]Kingambit||BlackGlasses|Defiant|SuckerPunch,Assurance,Protect,SwordsDance|||M|||50|,,,,,Dark]Rillaboom||AssaultVest|GrassySurge|FakeOut,GrassyGlide,WoodHammer,Uturn|||F|||50|,,,,,Grass]Zoroark-Hisui||ChoiceSpecs|Illusion|IcyWind,BitterMalice,HyperVoice,HyperBeam|||F|||50|,,,,,Normal
|showteam|p2|Dragapult||ChoiceBand|ClearBody|DragonDarts,Outrage,PhantomForce,Uturn|||F|||50|,,,,,Dragon]Sneasler||FocusSash|Unburden|CloseCombat,DireClaw,ThroatChop,Protect|||M|||50|,,,,,Stellar]Incineroar||SafetyGoggles|Intimidate|KnockOff,FakeOut,Taunt,PartingShot|||M|||50|,,,,,Ghost]Rillaboom||AssaultVest|GrassySurge|WoodHammer,GrassyGlide,FakeOut,HighHorsepower|||F|||50|,,,,,Fire]Kingambit||BlackGlasses|Defiant|KowtowCleave,SuckerPunch,SwordsDance,Protect|||F|||50|,,,,,Dark]Volcarona||GrassySeed|FlameBody|HeatWave,TeraBlast,QuiverDance,Protect|||F|||50|,,,,,Fairy
|inactive|Battle timer is ON: inactive players will automatically lose when time's up. (requested by Gayangos)
|inactive|wait for swarley also wants the timer to be on.
|inactive|Gayangos has 60 seconds left.
|
|t:|1757847318
|teamsize|p1|4
|teamsize|p2|4
|start
|switch|p1a: Typhlosion|Typhlosion-Hisui, L50, M|100/100
|switch|p1b: Dachsbun|Dachsbun, L50, F, shiny|100/100
|switch|p2a: Dragapult|Dragapult, L50, F|100/100
|switch|p2b: Kingambit|Kingambit, L50, F|100/100
|turn|1
|
|t:|1757847335
|-terastallize|p1a: Typhlosion|Dark
|move|p2b: Kingambit|Sucker Punch|p1a: Typhlosion
|-resisted|p1a: Typhlosion
|-damage|p1a: Typhlosion|68/100
|move|p1a: Typhlosion|Eruption|p2b: Kingambit|[spread] p2a,p2b
|-resisted|p2a: Dragapult
|-supereffective|p2b: Kingambit
|-damage|p2a: Dragapult|70/100
|-damage|p2b: Kingambit|30/100
|move|p2a: Dragapult|Dragon Darts|p1a: Typhlosion
|-damage|p1a: Typhlosion|13/100
|-anim|p2a: Dragapult|Dragon Darts|p1b: Dachsbun
|-damage|p1b: Dachsbun|24/100
|replace|p1b: Zoroark|Zoroark-Hisui, L50, F, shiny
|-end|p1b: Zoroark|Illusion
|move|p1b: Zoroark|Bitter Malice|p2a: Dragapult
|-supereffective|p2a: Dragapult
|-damage|p2a: Dragapult|0 fnt
|faint|p2a: Dragapult
|
|upkeep
|
|t:|1757847347
|switch|p2a: Rillaboom|Rillaboom, L50, F|100/100
|-fieldstart|move: Grassy Terrain|[from] ability: Grassy Surge|[of] p2a: Rillaboom
|turn|2
|
|t:|1757847369
|move|p2a: Rillaboom|Grassy Glide|p1a: Typhlosion
|-damage|p1a: Typhlosion|0 fnt
|faint|p1a: Typhlosion
|move|p2b: Kingambit|Sucker Punch|p1b: Zoroark
|-supereffective|p1b: Zoroark
|-damage|p1b: Zoroark|0 fnt
|faint|p1b: Zoroark
|
|-heal|p2b: Kingambit|36/100|[from] Grassy Terrain
|upkeep
|
|t:|1757847375
|switch|p1b: Torkoal|Torkoal, L50, M|100/100
|switch|p1a: Dachsbun|Dachsbun, L50, F, shiny|100/100
|-weather|SunnyDay|[from] ability: Drought|[of] p1b: Torkoal
|turn|3
|
|t:|1757847387
|-terastallize|p2b: Kingambit|Dark
|move|p2b: Kingambit|Sucker Punch|p1b: Torkoal
|-damage|p1b: Torkoal|52/100
|move|p1a: Dachsbun|Yawn|p2a: Rillaboom
|-start|p2a: Rillaboom|move: Yawn|[of] p1a: Dachsbun
|move|p2a: Rillaboom|High Horsepower|p1b: Torkoal
|-supereffective|p1b: Torkoal
|-damage|p1b: Torkoal|6/100
|-enditem|p1b: Torkoal|Sitrus Berry|[eat]
|-heal|p1b: Torkoal|30/100|[from] item: Sitrus Berry
|move|p1b: Torkoal|Lava Plume|p2a: Rillaboom|[spread] p2a,p2b
|-ability|p1a: Dachsbun|Well-Baked Body|boost
|-boost|p1a: Dachsbun|def|2
|-supereffective|p2a: Rillaboom
|-damage|p2a: Rillaboom|52/100
|-damage|p2b: Kingambit|0 fnt
|faint|p2b: Kingambit
|
|-weather|SunnyDay|[upkeep]
|-heal|p2a: Rillaboom|58/100|[from] Grassy Terrain
|-heal|p1b: Torkoal|37/100|[from] Grassy Terrain
|upkeep
|
|t:|1757847396
|switch|p2b: Sneasler|Sneasler, L50, M|100/100
|turn|4
|
|t:|1757847412
|move|p1b: Torkoal|Protect|p1b: Torkoal
|-singleturn|p1b: Torkoal|Protect
|move|p2b: Sneasler|Dire Claw|p1a: Dachsbun
|-supereffective|p1a: Dachsbun
|-damage|p1a: Dachsbun|69/100
|-status|p1a: Dachsbun|psn
|move|p1a: Dachsbun|Yawn|p2b: Sneasler
|-start|p2b: Sneasler|move: Yawn|[of] p1a: Dachsbun
|move|p2a: Rillaboom|Wood Hammer|p1a: Dachsbun
|-damage|p1a: Dachsbun|40/100 psn
|-damage|p2a: Rillaboom|50/100|[from] Recoil
|
|-weather|SunnyDay|[upkeep]
|-heal|p1a: Dachsbun|47/100 psn|[from] Grassy Terrain
|-heal|p1a: Dachsbun|53/100 psn|[from] item: Leftovers
|-heal|p2a: Rillaboom|56/100|[from] Grassy Terrain
|-heal|p1b: Torkoal|43/100|[from] Grassy Terrain
|-damage|p1a: Dachsbun|40/100 psn|[from] psn
|-end|p2a: Rillaboom|move: Yawn|[silent]
|-status|p2a: Rillaboom|slp
|upkeep
|turn|5
|
|t:|1757847434
|move|p2b: Sneasler|Close Combat|p1b: Torkoal
|-damage|p1b: Torkoal|0 fnt
|-unboost|p2b: Sneasler|def|1
|-unboost|p2b: Sneasler|spd|1
|faint|p1b: Torkoal
|move|p1a: Dachsbun|Rest|p1a: Dachsbun
|-status|p1a: Dachsbun|slp|[from] move: Rest
|-heal|p1a: Dachsbun|100/100 slp|[silent]
|cant|p2a: Rillaboom|slp
|
|-weather|SunnyDay|[upkeep]
|-heal|p2a: Rillaboom|62/100 slp|[from] Grassy Terrain
|-end|p2b: Sneasler|move: Yawn|[silent]
|-status|p2b: Sneasler|slp
|upkeep
|turn|6
|
|t:|1757847451
|cant|p2b: Sneasler|slp
|cant|p1a: Dachsbun|slp
|-curestatus|p2a: Rillaboom|slp|[msg]
|move|p2a: Rillaboom|Wood Hammer|p1a: Dachsbun
|-damage|p1a: Dachsbun|74/100 slp
|-damage|p2a: Rillaboom|55/100|[from] Recoil
|
|-weather|SunnyDay|[upkeep]
|-heal|p1a: Dachsbun|80/100 slp|[from] Grassy Terrain
|-heal|p1a: Dachsbun|86/100 slp|[from] item: Leftovers
|-heal|p2a: Rillaboom|61/100|[from] Grassy Terrain
|-fieldend|move: Grassy Terrain
|upkeep
|turn|7
|
|t:|1757847460
|cant|p2b: Sneasler|slp
|cant|p1a: Dachsbun|slp
|move|p2a: Rillaboom|Wood Hammer|p1a: Dachsbun
|-damage|p1a: Dachsbun|64/100 slp
|-damage|p2a: Rillaboom|55/100|[from] Recoil
|
|-weather|none
|-heal|p1a: Dachsbun|70/100 slp|[from] item: Leftovers
|upkeep
|turn|8
|
|t:|1757847468
|cant|p2b: Sneasler|slp
|-curestatus|p1a: Dachsbun|slp|[msg]
|move|p1a: Dachsbun|Body Press|p2a: Rillaboom
|-damage|p2a: Rillaboom|1/100
|move|p2a: Rillaboom|Wood Hammer|p1a: Dachsbun
|-damage|p1a: Dachsbun|47/100
|-damage|p2a: Rillaboom|0 fnt|[from] Recoil
|faint|p2a: Rillaboom
|
|-heal|p1a: Dachsbun|54/100|[from] item: Leftovers
|upkeep
|turn|9
|
|t:|1757847484
|-curestatus|p2b: Sneasler|slp|[msg]
|move|p2b: Sneasler|Dire Claw|p1a: Dachsbun
|-supereffective|p1a: Dachsbun
|-damage|p1a: Dachsbun|20/100
|move|p1a: Dachsbun|Yawn|p2b: Sneasler
|-start|p2b: Sneasler|move: Yawn|[of] p1a: Dachsbun
|
|-heal|p1a: Dachsbun|26/100|[from] item: Leftovers
|upkeep
|turn|10
|
|t:|1757847494
|move|p2b: Sneasler|Dire Claw|p1a: Dachsbun
|-supereffective|p1a: Dachsbun
|-damage|p1a: Dachsbun|0 fnt
|faint|p1a: Dachsbun
|
|win|Gayangos
||Gayangos is ready for game 3.
||wait for swarley is ready for game 3.
|uhtml|next|Next: Game 3 of 3
|l|☆Gayangos
|player|p2|
|l|☆wait for swarley
|player|p1|
