|j|☆Googie06
|j|☆viatles
|html|Googie06viatles    
|uhtml|bestof|Game 3 of a best-of-3
|t:|1756752472
|gametype|doubles
|player|p1|Googie06|clay|1143
|player|p2|viatles|hiker|1034
|gen|9
|tier|[Gen 9] VGC 2025 Reg H (Bo3)
|rated|
|rule|Species Clause: Limit one of each Pokémon
|rule|Item Clause: Limit 1 of each item
|clearpoke
|poke|p1|Garchomp, L50, F|
|poke|p1|Hawlucha, L50, F|
|poke|p1|Rillaboom, L50, M|
|poke|p1|Dondozo, L50, M|
|poke|p1|Kingambit, L50, F|
|poke|p1|Volcarona, L50, F|
|poke|p2|Oricorio-Sensu, L50, F|
|poke|p2|Volcarona, L50, M|
|poke|p2|Garchomp, L50, F|
|poke|p2|Scizor, L50, F|
|poke|p2|Mienshao, L50, M|
|poke|p2|Milotic, L50, F|
|teampreview|4
|showteam|p1|Garchomp||AssaultVest|RoughSkin|ScaleShot,StompingTantrum,Earthquake,RockSlide|||F|||50|,,,,,Ghost]Hawlucha||FocusSash|Unburden|DualWingbeat,Coaching,Taunt,Endeavor|||F|||50|,,,,,Ghost]Rillaboom||MiracleSeed|GrassySurge|WoodHammer,GrassyGlide,FakeOut,HighHorsepower|||M|||50|,,,,,Fire]Dondozo||Leftovers|Unaware|WaveCrash,Yawn,Fissure,Protect|||M|||50|,,,,,Grass]Kingambit||BlackGlasses|Defiant|KowtowCleave,SuckerPunch,IronHead,Protect|||F|||50|,,,,,Flying]Volcarona||SitrusBerry|FlameBody|HeatWave,TeraBlast,QuiverDance,Protect|||F|||50|,,,,,Fairy
|showteam|p2|Oricorio-Sensu||FocusSash|Dancer|QuiverDance,BatonPass,RevelationDance,Protect|||F|||50|,,,,,Fighting]Volcarona||SitrusBerry|FlameBody|QuiverDance,GigaDrain,FieryDance,Protect|||M|||50|,,,,,Grass]Garchomp||ClearAmulet|RoughSkin|IronHead,DragonClaw,RockSlide,Earthquake|||F|||50|,,,,,Steel]Scizor||AssaultVest|Technician|BulletPunch,BugBite,DualWingbeat,Thief|||F|||50|,,,,,Bug]Mienshao||SafetyGoggles|InnerFocus|FakeOut,CloseCombat,TripleAxel,WideGuard|||M|||50|,,,,,Fire]Milotic||Leftovers|Competitive|Scald,Protect,IcyWind,LifeDew|||F|||50|,,,,,Grass
|inactive|Battle timer is ON: inactive players will automatically lose when time's up. (requested by viatles)
|
|t:|1756752494
|teamsize|p1|4
|teamsize|p2|4
|start
|switch|p1a: Garchomp|Garchomp, L50, F|100/100
|switch|p1b: Hawlucha|Hawlucha, L50, F|100/100
|switch|p2a: Oricorio|Oricorio-Sensu, L50, F|100/100
|switch|p2b: Volcarona|Volcarona, L50, M|100/100
|turn|1
|
|t:|1756752517
|move|p2a: Oricorio|Protect|p2a: Oricorio
|-singleturn|p2a: Oricorio|Protect
|move|p1b: Hawlucha|Taunt|p2b: Volcarona
|-start|p2b: Volcarona|move: Taunt
|move|p1a: Garchomp|Scale Shot|p2a: Oricorio
|-activate|p2a: Oricorio|move: Protect
|move|p2b: Volcarona|Fiery Dance|p1a: Garchomp
|-resisted|p1a: Garchomp
|-damage|p1a: Garchomp|89/100
|-activate|p2a: Oricorio|ability: Dancer
|move|p2a: Oricorio|Fiery Dance|p1a: Garchomp|[from] ability: Dancer
|-resisted|p1a: Garchomp
|-damage|p1a: Garchomp|80/100
|
|upkeep
|turn|2
|
|t:|1756752541
|switch|p2b: Scizor|Scizor, L50, F|100/100
|move|p1b: Hawlucha|Coaching|p1a: Garchomp
|-boost|p1a: Garchomp|atk|1
|-boost|p1a: Garchomp|def|1
|move|p1a: Garchomp|Scale Shot|p2a: Oricorio
|-damage|p2a: Oricorio|71/100
|-damage|p2a: Oricorio|44/100
|-hitcount|p2a: Oricorio|2
|-unboost|p1a: Garchomp|def|1
|-boost|p1a: Garchomp|spe|1
|move|p2a: Oricorio|Revelation Dance|p1a: Garchomp
|-damage|p1a: Garchomp|54/100
|
|upkeep
|turn|3
|
|t:|1756752563
|move|p2a: Oricorio|Protect|p2a: Oricorio
|-singleturn|p2a: Oricorio|Protect
|move|p1a: Garchomp|Rock Slide|p2a: Oricorio|[spread] p2b
|-activate|p2a: Oricorio|move: Protect
|-damage|p2b: Scizor|72/100
|move|p1b: Hawlucha|Coaching|p1a: Garchomp
|-boost|p1a: Garchomp|atk|1
|-boost|p1a: Garchomp|def|1
|move|p2b: Scizor|Dual Wingbeat|p1b: Hawlucha
|-supereffective|p1b: Hawlucha
|-damage|p1b: Hawlucha|39/100
|-supereffective|p1b: Hawlucha
|-damage|p1b: Hawlucha|0 fnt
|faint|p1b: Hawlucha
|-hitcount|p1: Hawlucha|2
|
|upkeep
|
|t:|1756752575
|switch|p1b: Rillaboom|Rillaboom, L50, M|100/100
|-fieldstart|move: Grassy Terrain|[from] ability: Grassy Surge|[of] p1b: Rillaboom
|turn|4
|
|t:|1756752590
|switch|p2a: Milotic|Milotic, L50, F|100/100
|move|p1a: Garchomp|Rock Slide|p2b: Scizor|[spread] p2a,p2b
|-damage|p2a: Milotic|63/100
|-damage|p2b: Scizor|35/100
|move|p1b: Rillaboom|Wood Hammer|p2b: Scizor
|-resisted|p2b: Scizor
|-damage|p2b: Scizor|13/100
|-damage|p1b: Rillaboom|94/100|[from] Recoil
|move|p2b: Scizor|Bug Bite|p1b: Rillaboom
|-supereffective|p1b: Rillaboom
|-damage|p1b: Rillaboom|0 fnt
|faint|p1b: Rillaboom
|
|-heal|p1a: Garchomp|60/100|[from] Grassy Terrain
|-heal|p2a: Milotic|69/100|[from] Grassy Terrain
|-heal|p2a: Milotic|75/100|[from] item: Leftovers
|-heal|p2b: Scizor|19/100|[from] Grassy Terrain
|upkeep
|
|t:|1756752597
|switch|p1b: Volcarona|Volcarona, L50, F|100/100
|turn|5
|inactive|viatles has 30 seconds left.
|
|t:|1756752627
|move|p2b: Scizor|Bullet Punch|p1a: Garchomp
|-damage|p1a: Garchomp|35/100
|-damage|p2b: Scizor|7/100|[from] ability: Rough Skin|[of] p1a: Garchomp
|move|p1a: Garchomp|Scale Shot|p2a: Milotic
|-damage|p2a: Milotic|50/100
|-damage|p2a: Milotic|24/100
|-damage|p2a: Milotic|1/100
|-damage|p2a: Milotic|0 fnt
|faint|p2a: Milotic
|-hitcount|p2: Milotic|4
|-unboost|p1a: Garchomp|def|1
|-boost|p1a: Garchomp|spe|1
|move|p1b: Volcarona|Heat Wave|p2b: Scizor|[miss]
|-miss|p1b: Volcarona|p2b: Scizor
|
|-heal|p1a: Garchomp|41/100|[from] Grassy Terrain
|-heal|p2b: Scizor|13/100|[from] Grassy Terrain
|upkeep
|c|☆Googie06|man...
|inactive|viatles has 30 seconds left.
|c|☆viatles|i think we've misssed literally everything that can at least once ...
|inactive|viatles has 20 seconds left.
|
|t:|1756752666
|switch|p2a: Oricorio|Oricorio-Sensu, L50, F|44/100
|turn|6
|
|t:|1756752684
|move|p2a: Oricorio|Protect|p2a: Oricorio
|-singleturn|p2a: Oricorio|Protect
|move|p2b: Scizor|Bullet Punch|p1a: Garchomp
|-damage|p1a: Garchomp|8/100
|-damage|p2b: Scizor|0 fnt|[from] ability: Rough Skin|[of] p1a: Garchomp
|faint|p2b: Scizor
|move|p1a: Garchomp|Rock Slide|p2a: Oricorio
|-activate|p2a: Oricorio|move: Protect
|move|p1b: Volcarona|Quiver Dance|p1b: Volcarona
|-boost|p1b: Volcarona|spa|1
|-boost|p1b: Volcarona|spd|1
|-boost|p1b: Volcarona|spe|1
|-activate|p2a: Oricorio|ability: Dancer
|move|p2a: Oricorio|Quiver Dance|p2a: Oricorio|[from] ability: Dancer
|-boost|p2a: Oricorio|spa|1
|-boost|p2a: Oricorio|spd|1
|-boost|p2a: Oricorio|spe|1
|
|-heal|p1a: Garchomp|14/100|[from] Grassy Terrain
|upkeep
|c|☆Googie06|oops
|
|t:|1756752703
|switch|p2b: Volcarona|Volcarona, L50, M|100/100
|turn|7
|
|t:|1756752724
|-terastallize|p2a: Oricorio|Fighting
|move|p2b: Volcarona|Protect|p2b: Volcarona
|-singleturn|p2b: Volcarona|Protect
|move|p1a: Garchomp|Rock Slide|p2a: Oricorio|[spread] p2a
|-activate|p2b: Volcarona|move: Protect
|-resisted|p2a: Oricorio
|-damage|p2a: Oricorio|18/100
|move|p2a: Oricorio|Revelation Dance|p1a: Garchomp
|-damage|p1a: Garchomp|0 fnt
|faint|p1a: Garchomp
|move|p1b: Volcarona|Heat Wave|p2a: Oricorio|[spread] p2a
|-activate|p2b: Volcarona|move: Protect
|-damage|p2a: Oricorio|0 fnt
|faint|p2a: Oricorio
|
|upkeep
|turn|8
|
|t:|1756752745
|move|p1b: Volcarona|Heat Wave|p2b: Volcarona
|-damage|p2b: Volcarona|41/100
|-enditem|p2b: Volcarona|Sitrus Berry|[eat]
|-heal|p2b: Volcarona|65/100|[from] item: Sitrus Berry
|move|p2b: Volcarona|Fiery Dance|p1b: Volcarona
|-damage|p1b: Volcarona|78/100
|-boost|p2b: Volcarona|spa|1
|
|-heal|p1b: Volcarona|84/100|[from] Grassy Terrain
|-heal|p2b: Volcarona|71/100|[from] Grassy Terrain
|-fieldend|move: Grassy Terrain
|upkeep
|turn|9
|c|☆viatles|ggs wp despite the rng
|
|t:|1756752764
|move|p1b: Volcarona|Heat Wave|p2b: Volcarona
|-damage|p2b: Volcarona|11/100
|move|p2b: Volcarona|Fiery Dance|p1b: Volcarona
|-damage|p1b: Volcarona|49/100
|-enditem|p1b: Volcarona|Sitrus Berry|[eat]
|-heal|p1b: Volcarona|74/100|[from] item: Sitrus Berry
|
|upkeep
|turn|10
|
|t:|1756752775
|-terastallize|p1b: Volcarona|Fairy
|move|p1b: Volcarona|Tera Blast|p2b: Volcarona|[anim] Tera Blast Fairy
|-resisted|p2b: Volcarona
|-damage|p2b: Volcarona|0 fnt
|faint|p2b: Volcarona
|
|win|Googie06
|raw|Googie06's rating: 1143 → 1160(+17 for winning)
|raw|viatles's rating: 1034 → 1023(-11 for losing)
