|j|☆Fcjavic67
|j|☆Navizz0
|html|Fcjavic67Navizz0    
|uhtml|bestof|Game 3 of a best-of-3
|t:|1784589938
|gametype|doubles
|player|p1|Fcjavic67|101|1361
|player|p2|Navizz0|ethan|1482
|gen|9
|tier|[Gen 9 Champions] VGC 2026 Reg M-B (Bo3)
|rated|
|rule|Species Clause: Limit one of each Pokémon
|rule|Item Clause: Limit 1 of each item
|clearpoke
|poke|p1|Floette-Eternal, L50, F|
|poke|p1|Charizard, L50, F|
|poke|p1|Basculegion, L50, M|
|poke|p1|Garchomp, L50, M|
|poke|p1|Whimsicott, L50, F|
|poke|p1|Kingambit, L50, M|
|poke|p2|Blaziken, L50, M|
|poke|p2|Ninetales-Alola, L50, M|
|poke|p2|Sinistcha, L50|
|poke|p2|Aerodactyl, L50, M|
|poke|p2|Kingambit, L50, F|
|poke|p2|Basculegion, L50, M|
|teampreview|4
|showteam|p1|Floette-Eternal||Floettite|FlowerVeil|DazzlingGleam,Protect,Moonblast,LightofRuin|Modest||F|||50|]Charizard||CharizarditeY|SolarPower|Protect,SolarBeam,WeatherBall,HeatWave|Modest||F|||50|]Basculegion||ChoiceScarf|Adaptability|FlipTurn,WaveCrash,LastRespects,AquaJet|Jolly||M|||50|]Garchomp||LifeOrb|RoughSkin|Protect,Earthquake,DragonClaw,RockSlide|Jolly||M|||50|]Whimsicott||FocusSash|Prankster|Moonblast,Encore,Protect,Tailwind|Timid||F|||50|]Kingambit||BlackGlasses|Defiant|Protect,KowtowCleave,IronHead,SuckerPunch|Adamant||M|||50|
|showteam|p2|Blaziken||Blazikenite|SpeedBoost|AuraSphere,HeatWave,ScorchingSands,Detect|Modest||M|||50|]Ninetales-Alola||LifeOrb|SnowWarning|Blizzard,FreezeDry,Moonblast,Protect|Timid||M|||50|]Sinistcha||SitrusBerry|Hospitality|MatchaGotcha,Protect,TrickRoom,RagePowder|Calm|||||50|]Aerodactyl||Aerodactylite|Unnerve|RockSlide,DualWingbeat,WideGuard,Tailwind|Jolly||M|||50|]Kingambit||FocusSash|Defiant|SuckerPunch,IronHead,LowKick,KowtowCleave|Adamant||F|||50|]Basculegion||ChoiceScarf|Adaptability|LastRespects,WaveCrash,AquaJet,FlipTurn|Jolly||M|||50|
|inactive|Battle timer is ON: inactive players will automatically lose when time's up. (requested by Navizz0)
|
|t:|1784589957
|teamsize|p1|4
|teamsize|p2|4
|start
|switch|p1a: Whimsicott|Whimsicott, L50, F|100/100
|switch|p1b: Floette|Floette-Eternal, L50, F|100/100
|switch|p2a: Aerodactyl|Aerodactyl, L50, M|100/100
|switch|p2b: Kingambit|Kingambit, L50, F|100/100
|-ability|p2a: Aerodactyl|Unnerve
|turn|1
|
|t:|1784589973
|detailschange|p2a: Aerodactyl|Aerodactyl-Mega, L50, M
|-mega|p2a: Aerodactyl|Aerodactyl|Aerodactylite
|detailschange|p1b: Floette|Floette-Mega, L50, F
|-mega|p1b: Floette|Floette|Floettite
|-ability|p1b: Floette|Fairy Aura
|move|p1b: Floette|Protect|p1b: Floette
|-singleturn|p1b: Floette|Protect
|move|p1a: Whimsicott|Tailwind|p1a: Whimsicott
|-sidestart|p1: Fcjavic67|move: Tailwind
|move|p2a: Aerodactyl|Dual Wingbeat|p1a: Whimsicott
|-supereffective|p1a: Whimsicott|1
|-damage|p1a: Whimsicott|16/100
|-supereffective|p1a: Whimsicott|1
|-damage|p1a: Whimsicott|0 fnt
|faint|p1a: Whimsicott
|-hitcount|p1: Whimsicott|2
|move|p2b: Kingambit|Iron Head|p1b: Floette
|-activate|p1b: Floette|move: Protect
|
|upkeep
|
|t:|1784589981
|switch|p1a: Basculegion|Basculegion, L50, M|100/100
|turn|2
|
|t:|1784590001
|move|p1a: Basculegion|Flip Turn|p2b: Kingambit
|-damage|p2b: Kingambit|69/100
|
|t:|1784590003
|switch|p1a: Kingambit|Kingambit, L50, M|100/100|[from] Flip Turn
|move|p1b: Floette|Moonblast|p2b: Kingambit
|-damage|p2b: Kingambit|0 fnt
|faint|p2b: Kingambit
|move|p2a: Aerodactyl|Tailwind|p2a: Aerodactyl
|-sidestart|p2: Navizz0|move: Tailwind
|
|upkeep
|
|t:|1784590007
|switch|p2b: Ninetales|Ninetales-Alola, L50, M|100/100
|-weather|Snowscape|[from] ability: Snow Warning|[of] p2b: Ninetales
|turn|3
|
|t:|1784590018
|move|p1b: Floette|Protect|p1b: Floette
|-singleturn|p1b: Floette|Protect
|move|p2a: Aerodactyl|Rock Slide|p1b: Floette|[spread] p1a
|-activate|p1b: Floette|move: Protect
|-resisted|p1a: Kingambit|1
|-damage|p1a: Kingambit|89/100
|move|p2b: Ninetales|Blizzard|p1b: Floette|[spread] p1a
|-activate|p1b: Floette|move: Protect
|-resisted|p1a: Kingambit|1
|-damage|p1a: Kingambit|71/100
|-damage|p2b: Ninetales|90/100|[from] item: Life Orb
|cant|p1a: Kingambit|flinch
|
|-weather|Snowscape|[upkeep]
|upkeep
|turn|4
|
|t:|1784590037
|move|p2a: Aerodactyl|Dual Wingbeat|p1a: Kingambit
|-resisted|p1a: Kingambit|1
|-damage|p1a: Kingambit|61/100
|-resisted|p1a: Kingambit|1
|-damage|p1a: Kingambit|51/100
|-hitcount|p1a: Kingambit|2
|move|p2b: Ninetales|Moonblast|p1a: Kingambit
|-damage|p1a: Kingambit|0 fnt
|faint|p1a: Kingambit
|-damage|p2b: Ninetales|80/100|[from] item: Life Orb
|move|p1b: Floette|Moonblast|p2b: Ninetales
|-damage|p2b: Ninetales|0 fnt
|faint|p2b: Ninetales
|
|-weather|Snowscape|[upkeep]
|-sideend|p1: Fcjavic67|move: Tailwind
|upkeep
|
|t:|1784590045
|switch|p2b: Basculegion|Basculegion, L50, M|100/100
|switch|p1a: Basculegion|Basculegion, L50, M|100/100
|turn|5
|
|t:|1784590057
|move|p1a: Basculegion|Aqua Jet|p2a: Aerodactyl
|-supereffective|p2a: Aerodactyl|1
|-damage|p2a: Aerodactyl|38/100
|move|p2a: Aerodactyl|Rock Slide|p1b: Floette|[spread] p1a,p1b
|-damage|p1a: Basculegion|66/100
|-damage|p1b: Floette|65/100
|move|p2b: Basculegion|Last Respects|p1a: Basculegion
|-supereffective|p1a: Basculegion|1
|-damage|p1a: Basculegion|0 fnt
|faint|p1a: Basculegion
|cant|p1b: Floette|flinch
|
|-weather|Snowscape|[upkeep]
|-sideend|p2: Navizz0|move: Tailwind
|upkeep
|turn|6
|
|t:|1784590081
|move|p2a: Aerodactyl|Dual Wingbeat|p1b: Floette
|-damage|p1b: Floette|32/100
|-damage|p1b: Floette|0 fnt
|faint|p1b: Floette
|-hitcount|p1: Floette|2
|
|win|Navizz0
|raw|Fcjavic67's rating: 1361 → 1348(-13 for losing)
|raw|Navizz0's rating: 1482 → 1495(+13 for winning)
|l|☆Navizz0
|player|p2|
|l|☆Fcjavic67
|player|p1|
|j|☆Navizz0
|player|p2|Navizz0|ethan|
