|j|☆420dablord
|j|☆MrPhoenixGC
|html|420dablordMrPhoenixGC    
|uhtml|bestof|Game 3 of a best-of-3
|t:|1757653642
|gametype|doubles
|player|p1|420dablord|102|1084
|player|p2|MrPhoenixGC|steven|1121
|gen|9
|tier|[Gen 9] VGC 2025 Reg H (Bo3)
|rated|
|rule|Species Clause: Limit one of each Pokémon
|rule|Item Clause: Limit 1 of each item
|clearpoke
|poke|p1|Rillaboom, L50, F|
|poke|p1|Gholdengo, L50|
|poke|p1|Pelipper, L50, F|
|poke|p1|Kingambit, L50, M|
|poke|p1|Basculegion, L50, M|
|poke|p1|Sneasler, L50, M|
|poke|p2|Gholdengo, L50|
|poke|p2|Pelipper, L50, M|
|poke|p2|Archaludon, L50, M|
|poke|p2|Ursaluna, L50, M|
|poke|p2|Dragonite, L50, M|
|poke|p2|Sinistcha, L50|
|teampreview|4
|showteam|p1|Rillaboom||AssaultVest|GrassySurge|GrassyGlide,WoodHammer,FakeOut,HighHorsepower|||F|||50|,,,,,Ground]Gholdengo||LifeOrb|GoodasGold|MakeItRain,NastyPlot,Protect,ShadowBall||||||50|,,,,,Dark]Pelipper||DampRock|Drizzle|Tailwind,WeatherBall,Hurricane,HelpingHand|||F|||50|,,,,,Grass]Kingambit||BlackGlasses|Defiant|SuckerPunch,KowtowCleave,SwordsDance,Protect|||M|||50|,,,,,Ghost]Basculegion||ChoiceBand|SwiftSwim|FlipTurn,AquaJet,LastRespects,WaveCrash|||M|||50|,,,,,Dark]Sneasler||FocusSash|Unburden|CloseCombat,Protect,DireClaw,FakeOut|||M|||50|,,,,,Fighting
|showteam|p2|Gholdengo||LifeOrb|GoodasGold|MakeItRain,ShadowBall,NastyPlot,Protect||||||50|,,,,,Dragon]Pelipper||FocusSash|Drizzle|Protect,MuddyWater,Hurricane,WideGuard|||M|||50|,,,,,Ground]Archaludon||AssaultVest|Stamina|BodyPress,Snarl,ElectroShot,FlashCannon|||M|||50|,,,,,Bug]Ursaluna||FlameOrb|Guts|Protect,Facade,Earthquake,HeadlongRush|||M|||50|,,,,,Ghost]Dragonite||LoadedDice|Multiscale|ScaleShot,Haze,Tailwind,Protect|||M|||50|,,,,,Fairy]Sinistcha||SitrusBerry|Hospitality|TrickRoom,MatchaGotcha,LifeDew,RagePowder||||||50|,,,,,Dark
|
|t:|1757653677
|teamsize|p1|4
|teamsize|p2|4
|start
|switch|p1a: Pelipper|Pelipper, L50, F|100/100
|switch|p1b: Basculegion|Basculegion, L50, M|100/100
|switch|p2a: Gholdengo|Gholdengo, L50|100/100
|switch|p2b: Dragonite|Dragonite, L50, M|100/100
|-weather|RainDance|[from] ability: Drizzle|[of] p1a: Pelipper
|turn|1
|inactive|Battle timer is ON: inactive players will automatically lose when time's up. (requested by 420dablord)
|inactive|MrPhoenixGC has 60 seconds left.
|
|t:|1757653741
|-terastallize|p2a: Gholdengo|Dragon
|move|p1b: Basculegion|Flip Turn|p2a: Gholdengo
|-resisted|p2a: Gholdengo
|-damage|p2a: Gholdengo|60/100
|
|t:|1757653750
|switch|p1b: Sneasler|Sneasler, L50, M|100/100|[from] Flip Turn
|move|p2a: Gholdengo|Make It Rain|p1b: Sneasler|[spread] p1a,p1b
|-resisted|p1a: Pelipper
|-damage|p1a: Pelipper|54/100
|-damage|p1b: Sneasler|4/100
|-unboost|p2a: Gholdengo|spa|1
|-damage|p2a: Gholdengo|50/100|[from] item: Life Orb
|move|p2b: Dragonite|Scale Shot|p1b: Sneasler
|-damage|p1b: Sneasler|0 fnt
|faint|p1b: Sneasler
|-hitcount|p1: Sneasler|1
|-unboost|p2b: Dragonite|def|1
|-boost|p2b: Dragonite|spe|1
|move|p1a: Pelipper|Tailwind|p1a: Pelipper
|-sidestart|p1: 420dablord|move: Tailwind
|
|-weather|RainDance|[upkeep]
|upkeep
|
|t:|1757653767
|switch|p1b: Gholdengo|Gholdengo, L50|100/100
|turn|2
|inactive|420dablord has 30 seconds left.
|
|t:|1757653798
|move|p2a: Gholdengo|Protect|p2a: Gholdengo
|-singleturn|p2a: Gholdengo|Protect
|move|p1b: Gholdengo|Make It Rain|p2a: Gholdengo|[spread] p2b
|-activate|p2a: Gholdengo|move: Protect
|-crit|p2b: Dragonite
|-damage|p2b: Dragonite|49/100
|-unboost|p1b: Gholdengo|spa|1
|-damage|p1b: Gholdengo|91/100|[from] item: Life Orb
|move|p2b: Dragonite|Tailwind|p2b: Dragonite
|-sidestart|p2: MrPhoenixGC|move: Tailwind
|move|p1a: Pelipper|Hurricane|p2a: Gholdengo
|-activate|p2a: Gholdengo|move: Protect
|
|-weather|RainDance|[upkeep]
|upkeep
|turn|3
|inactive|420dablord has 30 seconds left.
|inactive|MrPhoenixGC has 30 seconds left.
|
|t:|1757653831
|switch|p2a: Archaludon|Archaludon, L50, M|100/100
|move|p1b: Gholdengo|Protect|p1b: Gholdengo
|-singleturn|p1b: Gholdengo|Protect
|move|p2b: Dragonite|Scale Shot|p2a: Archaludon
|-damage|p2a: Archaludon|91/100
|-ability|p2a: Archaludon|Stamina|boost
|-boost|p2a: Archaludon|def|1
|-damage|p2a: Archaludon|84/100
|-ability|p2a: Archaludon|Stamina|boost
|-boost|p2a: Archaludon|def|1
|-damage|p2a: Archaludon|79/100
|-ability|p2a: Archaludon|Stamina|boost
|-boost|p2a: Archaludon|def|1
|-damage|p2a: Archaludon|74/100
|-ability|p2a: Archaludon|Stamina|boost
|-boost|p2a: Archaludon|def|1
|-damage|p2a: Archaludon|71/100
|-ability|p2a: Archaludon|Stamina|boost
|-boost|p2a: Archaludon|def|1
|-hitcount|p2a: Archaludon|5
|-unboost|p2b: Dragonite|def|1
|-boost|p2b: Dragonite|spe|1
|move|p1a: Pelipper|Hurricane|p2a: Archaludon
|-resisted|p2a: Archaludon
|-damage|p2a: Archaludon|51/100
|-ability|p2a: Archaludon|Stamina|boost
|-boost|p2a: Archaludon|def|1
|
|-weather|RainDance|[upkeep]
|upkeep
|turn|4
|inactive|420dablord has 30 seconds left.
|inactive|MrPhoenixGC has 30 seconds left.
|inactive|420dablord has 20 seconds left.
|inactive|420dablord has 15 seconds left.
|
|t:|1757653873
|switch|p2b: Sinistcha|Sinistcha, L50|100/100
|-heal|p2a: Archaludon|76/100|[from] ability: Hospitality|[of] p2b: Sinistcha
|move|p1b: Gholdengo|Make It Rain|p2a: Archaludon|[spread] p2a,p2b
|-resisted|p2a: Archaludon
|-crit|p2a: Archaludon
|-damage|p2a: Archaludon|41/100
|-damage|p2b: Sinistcha|61/100
|-unboost|p1b: Gholdengo|spa|1
|-damage|p1b: Gholdengo|81/100|[from] item: Life Orb
|move|p2a: Archaludon|Electro Shot||[still]
|-prepare|p2a: Archaludon|Electro Shot
|-boost|p2a: Archaludon|spa|1
|-anim|p2a: Archaludon|Electro Shot|p1b: Gholdengo
|-damage|p1b: Gholdengo|15/100
|move|p1a: Pelipper|Hurricane|p2a: Archaludon
|-resisted|p2a: Archaludon
|-damage|p2a: Archaludon|23/100
|
|-weather|RainDance|[upkeep]
|-sideend|p1: 420dablord|move: Tailwind
|upkeep
|turn|5
|inactive|420dablord has 30 seconds left.
|inactive|MrPhoenixGC has 30 seconds left.
|inactive|MrPhoenixGC has 20 seconds left.
|inactive|MrPhoenixGC has 15 seconds left.
|inactive|MrPhoenixGC has 10 seconds left.
|
|t:|1757653919
|switch|p1b: Basculegion|Basculegion, L50, M|100/100
|move|p2a: Archaludon|Electro Shot||[still]
|-prepare|p2a: Archaludon|Electro Shot
|-boost|p2a: Archaludon|spa|1
|-anim|p2a: Archaludon|Electro Shot|p1b: Basculegion
|-supereffective|p1b: Basculegion
|-damage|p1b: Basculegion|0 fnt
|faint|p1b: Basculegion
|move|p2b: Sinistcha|Matcha Gotcha|p1a: Pelipper
|-damage|p1a: Pelipper|5/100
|-heal|p2b: Sinistcha|84/100|[from] drain|[of] p1a: Pelipper
|move|p1a: Pelipper|Hurricane|p2a: Archaludon
|-resisted|p2a: Archaludon
|-damage|p2a: Archaludon|4/100
|
|-weather|RainDance|[upkeep]
|-sideend|p2: MrPhoenixGC|move: Tailwind
|upkeep
|
|t:|1757653936
|switch|p1b: Gholdengo|Gholdengo, L50|15/100
|turn|6
|inactive|MrPhoenixGC has 30 seconds left.
|
|t:|1757653963
|move|p1b: Gholdengo|Make It Rain|p2a: Archaludon|[spread] p2a,p2b
|-resisted|p2a: Archaludon
|-damage|p2a: Archaludon|0 fnt
|-damage|p2b: Sinistcha|26/100
|-unboost|p1b: Gholdengo|spa|1
|-enditem|p2b: Sinistcha|Sitrus Berry|[eat]
|-heal|p2b: Sinistcha|51/100|[from] item: Sitrus Berry
|faint|p2a: Archaludon
|-damage|p1b: Gholdengo|5/100|[from] item: Life Orb
|move|p2b: Sinistcha|Matcha Gotcha|p1a: Pelipper|[spread] p1a,p1b
|-resisted|p1b: Gholdengo
|-damage|p1a: Pelipper|0 fnt
|-heal|p2b: Sinistcha|53/100|[from] drain|[of] p1a: Pelipper
|-damage|p1b: Gholdengo|0 fnt
|-heal|p2b: Sinistcha|56/100|[from] drain|[of] p1b: Gholdengo
|faint|p1a: Pelipper
|faint|p1b: Gholdengo
|
|win|MrPhoenixGC
|raw|420dablord's rating: 1084 → 1064(-20 for losing)
|raw|MrPhoenixGC's rating: 1121 → 1143(+22 for winning)
