|j|☆AnotherDreamer
|j|☆hexagonfoot
|html|AnotherDreamerhexagonfoot    
|uhtml|bestof|Game 3 of a best-of-3
|t:|1756409256
|gametype|doubles
|player|p1|AnotherDreamer|266|1110
|player|p2|hexagonfoot|caitlin|1195
|gen|9
|tier|[Gen 9] VGC 2025 Reg H (Bo3)
|rated|
|rule|Species Clause: Limit one of each Pokémon
|rule|Item Clause: Limit 1 of each item
|clearpoke
|poke|p1|Whimsicott, L50, F|
|poke|p1|Ursaluna-Bloodmoon, L50, M|
|poke|p1|Archaludon, L50, F|
|poke|p1|Pelipper, L50, F|
|poke|p1|Basculegion, L50, M|
|poke|p1|Gholdengo, L50|
|poke|p2|Kingambit, L50, F|
|poke|p2|Primarina, L50, F|
|poke|p2|Sneasler, L50, M|
|poke|p2|Magmar, L50, F|
|poke|p2|Rillaboom, L50, M|
|poke|p2|Dragapult, L50, M|
|teampreview|4
|showteam|p1|Whimsicott||CovertCloak|Prankster|Tailwind,BeatUp,Moonblast,FakeTears|||F|||50|,,,,,Dark]Ursaluna-Bloodmoon||SilkScarf|MindsEye|BloodMoon,HyperVoice,EarthPower,Protect|||M|||50|,,,,,Ghost]Archaludon||AssaultVest|Stamina|DragonPulse,ElectroShot,FlashCannon,BodyPress|||F|||50|,,,,,Bug]Pelipper||FocusSash|Drizzle|WeatherBall,Hurricane,Tailwind,Protect|||F|||50|,,,,,Ground]Basculegion||ChoiceBand|SwiftSwim|WaveCrash,LastRespects,AquaJet,FlipTurn|||M|||50|,,,,,Grass]Gholdengo||LifeOrb|GoodasGold|MakeItRain,ShadowBall,NastyPlot,Protect||||||50|,,,,,Water
|showteam|p2|Kingambit||BlackGlasses|Defiant|KowtowCleave,SuckerPunch,SwordsDance,Protect|||F|||50|,,,,,Ghost]Primarina||SitrusBerry|LiquidVoice|HyperVoice,Moonblast,Haze,Protect|||F|||50|,,,,,Water]Sneasler||FocusSash|PoisonTouch|CloseCombat,DireClaw,FakeOut,Protect|||M|||50|,,,,,Stellar]Magmar||Eviolite|VitalSpirit|Overheat,WillOWisp,FollowMe,Protect|||F|||50|,,,,,Ghost]Rillaboom||AssaultVest|GrassySurge|WoodHammer,GrassyGlide,HighHorsepower,FakeOut|||M|||50|,,,,,Fire]Dragapult||ChoiceBand|ClearBody|DragonDarts,PhantomForce,TeraBlast,Uturn|||M|||50|,,,,,Ghost
|inactive|Battle timer is ON: inactive players will automatically lose when time's up. (requested by AnotherDreamer)
|inactive|AnotherDreamer has 60 seconds left.
|j| Hackervgc
|
|t:|1756409316
|teamsize|p1|4
|teamsize|p2|4
|start
|switch|p1a: Whimsicott|Whimsicott, L50, F|100/100
|switch|p1b: Ursaluna|Ursaluna-Bloodmoon, L50, M|100/100
|switch|p2a: Dragapult|Dragapult, L50, M|100/100
|switch|p2b: Kingambit|Kingambit, L50, F|100/100
|turn|1
|inactive|hexagonfoot has 30 seconds left.
|
|t:|1756409346
|switch|p2b: Rillaboom|Rillaboom, L50, M|100/100
|-fieldstart|move: Grassy Terrain|[from] ability: Grassy Surge|[of] p2b: Rillaboom
|move|p1a: Whimsicott|Tailwind|p1a: Whimsicott
|-sidestart|p1: AnotherDreamer|move: Tailwind
|move|p2a: Dragapult|U-turn|p1b: Ursaluna
|-damage|p1b: Ursaluna|74/100
|
|t:|1756409354
|switch|p2a: Sneasler|Sneasler, L50, M|100/100|[from] U-turn
|move|p1b: Ursaluna|Blood Moon|p2b: Rillaboom
|-damage|p2b: Rillaboom|39/100
|
|-heal|p1b: Ursaluna|80/100|[from] Grassy Terrain
|-heal|p2b: Rillaboom|45/100|[from] Grassy Terrain
|upkeep
|turn|2
|inactive|hexagonfoot has 30 seconds left.
|
|t:|1756409382
|-terastallize|p1b: Ursaluna|Ghost
|move|p1a: Whimsicott|Moonblast|p2a: Sneasler
|-damage|p2a: Sneasler|64/100
|move|p1b: Ursaluna|Hyper Voice|p2a: Sneasler|[spread] p2a,p2b
|-damage|p2a: Sneasler|8/100
|-damage|p2b: Rillaboom|11/100
|move|p2a: Sneasler|Dire Claw|p1a: Whimsicott
|-supereffective|p1a: Whimsicott
|-crit|p1a: Whimsicott
|-damage|p1a: Whimsicott|0 fnt
|faint|p1a: Whimsicott
|move|p2b: Rillaboom|Wood Hammer|p1b: Ursaluna
|-damage|p1b: Ursaluna|20/100
|-damage|p2b: Rillaboom|0 fnt|[from] Recoil
|faint|p2b: Rillaboom
|
|-heal|p1b: Ursaluna|26/100|[from] Grassy Terrain
|-heal|p2a: Sneasler|13/100|[from] Grassy Terrain
|upkeep
|
|t:|1756409404
|switch|p1a: Archaludon|Archaludon, L50, F|100/100
|switch|p2b: Dragapult|Dragapult, L50, M|100/100
|turn|3
|
|t:|1756409424
|switch|p1b: Pelipper|Pelipper, L50, F|100/100
|-weather|RainDance|[from] ability: Drizzle|[of] p1b: Pelipper
|move|p1a: Archaludon|Electro Shot||[still]
|-prepare|p1a: Archaludon|Electro Shot
|-boost|p1a: Archaludon|spa|1
|-anim|p1a: Archaludon|Electro Shot|p2b: Dragapult
|-resisted|p2b: Dragapult
|-damage|p2b: Dragapult|58/100
|move|p2b: Dragapult|Dragon Darts|p1b: Pelipper
|-damage|p1b: Pelipper|56/100
|-anim|p2b: Dragapult|Dragon Darts|p1a: Archaludon
|-damage|p1a: Archaludon|77/100
|-ability|p1a: Archaludon|Stamina|boost
|-boost|p1a: Archaludon|def|1
|move|p2a: Sneasler|Close Combat|p1a: Archaludon
|-supereffective|p1a: Archaludon
|-damage|p1a: Archaludon|24/100
|-unboost|p2a: Sneasler|def|1
|-unboost|p2a: Sneasler|spd|1
|-ability|p1a: Archaludon|Stamina|boost
|-boost|p1a: Archaludon|def|1
|
|-weather|RainDance|[upkeep]
|-heal|p1a: Archaludon|30/100|[from] Grassy Terrain
|-heal|p2b: Dragapult|64/100|[from] Grassy Terrain
|-heal|p2a: Sneasler|19/100|[from] Grassy Terrain
|upkeep
|turn|4
|inactive|hexagonfoot has 30 seconds left.
|
|t:|1756409454
|move|p2a: Sneasler|Protect|p2a: Sneasler
|-singleturn|p2a: Sneasler|Protect
|move|p1b: Pelipper|Weather Ball|p2a: Sneasler
|-activate|p2a: Sneasler|move: Protect
|move|p1a: Archaludon|Dragon Pulse|p2b: Dragapult
|-supereffective|p2b: Dragapult
|-damage|p2b: Dragapult|0 fnt
|faint|p2b: Dragapult
|
|-weather|RainDance|[upkeep]
|-heal|p1a: Archaludon|36/100|[from] Grassy Terrain
|-heal|p2a: Sneasler|25/100|[from] Grassy Terrain
|-sideend|p1: AnotherDreamer|move: Tailwind
|upkeep
|
|t:|1756409461
|switch|p2b: Kingambit|Kingambit, L50, F|100/100
|turn|5
|
|t:|1756409480
|move|p2b: Kingambit|Sucker Punch||[still]
|-fail|p2b: Kingambit
|move|p2a: Sneasler|Close Combat|p1a: Archaludon
|-supereffective|p1a: Archaludon
|-damage|p1a: Archaludon|0 fnt
|-unboost|p2a: Sneasler|def|1
|-unboost|p2a: Sneasler|spd|1
|faint|p1a: Archaludon
|move|p1b: Pelipper|Tailwind|p1b: Pelipper
|-sidestart|p1: AnotherDreamer|move: Tailwind
|
|-weather|RainDance|[upkeep]
|-heal|p2a: Sneasler|31/100|[from] Grassy Terrain
|-fieldend|move: Grassy Terrain
|upkeep
|
|t:|1756409483
|switch|p1a: Ursaluna|Ursaluna-Bloodmoon, L50, M, tera:Ghost|26/100
|turn|6
|
|t:|1756409506
|move|p1a: Ursaluna|Protect|p1a: Ursaluna
|-singleturn|p1a: Ursaluna|Protect
|move|p2a: Sneasler|Protect|p2a: Sneasler
|-singleturn|p2a: Sneasler|Protect
|move|p2b: Kingambit|Protect|p2b: Kingambit
|-singleturn|p2b: Kingambit|Protect
|move|p1b: Pelipper|Hurricane|p2b: Kingambit
|-activate|p2b: Kingambit|move: Protect
|
|-weather|RainDance|[upkeep]
|upkeep
|turn|7
|inactive|hexagonfoot has 30 seconds left.
|inactive|hexagonfoot has 20 seconds left.
|inactive|hexagonfoot has 15 seconds left.
|inactive|hexagonfoot has 10 seconds left.
|
|t:|1756409552
|-terastallize|p2a: Sneasler|Stellar
|move|p2b: Kingambit|Sucker Punch|p1b: Pelipper
|-damage|p1b: Pelipper|0 fnt
|faint|p1b: Pelipper
|move|p1a: Ursaluna|Hyper Voice|p2a: Sneasler|[spread] p2a,p2b
|-resisted|p2b: Kingambit
|-damage|p2a: Sneasler|0 fnt
|-damage|p2b: Kingambit|81/100
|faint|p2a: Sneasler
|
|-weather|none
|upkeep
|turn|8
|
|t:|1756409565
|move|p1a: Ursaluna|Protect|p1a: Ursaluna
|-singleturn|p1a: Ursaluna|Protect
|move|p2b: Kingambit|Sucker Punch||[still]
|-fail|p2b: Kingambit
|
|-sideend|p1: AnotherDreamer|move: Tailwind
|upkeep
|turn|9
|
|t:|1756409567
|move|p1a: Ursaluna|Protect|p1a: Ursaluna
|-singleturn|p1a: Ursaluna|Protect
|move|p2b: Kingambit|Sucker Punch||[still]
|-fail|p2b: Kingambit
|
|upkeep
|turn|10
|
|t:|1756409571
|move|p1a: Ursaluna|Protect||[still]
|-fail|p1a: Ursaluna
|move|p2b: Kingambit|Sucker Punch||[still]
|-fail|p2b: Kingambit
|
|upkeep
|turn|11
|
|t:|1756409576
|move|p2b: Kingambit|Sucker Punch|p1a: Ursaluna
|-supereffective|p1a: Ursaluna
|-damage|p1a: Ursaluna|0 fnt
|faint|p1a: Ursaluna
|
|win|hexagonfoot
|raw|AnotherDreamer's rating: 1110 → 1091(-19 for losing)
|raw|hexagonfoot's rating: 1195 → 1214(+19 for winning)
|l|☆AnotherDreamer
|player|p1|
|l| Hackervgc
