|j|☆Shiboha
|j|☆BoloinaBox
|html|ShibohaBoloinaBox    
|uhtml|bestof|Game 2 of a best-of-3
|t:|1756320413
|gametype|doubles
|player|p1|Shiboha|steven|1046
|player|p2|BoloinaBox|2|1111
|gen|9
|tier|[Gen 9] VGC 2025 Reg H (Bo3)
|rated|
|rule|Species Clause: Limit one of each Pokémon
|rule|Item Clause: Limit 1 of each item
|clearpoke
|poke|p1|Sneasler, L50, F|
|poke|p1|Rillaboom, L50, F|
|poke|p1|Primarina, L50, M|
|poke|p1|Electabuzz, L50, F|
|poke|p1|Dragapult, L50, F|
|poke|p1|Arcanine-Hisui, L50, F|
|poke|p2|Ninetales-Alola, L50, F|
|poke|p2|Ursaluna, L50, F|
|poke|p2|Ceruledge, L50, F|
|poke|p2|Whimsicott, L50, F|
|poke|p2|Rillaboom, L50, F|
|poke|p2|Milotic, L50, F|
|teampreview|4
|showteam|p1|Sneasler||GrassySeed|Unburden|DireClaw,CloseCombat,Coaching,Protect|||F|||50|,,,,,Ghost]Rillaboom||AssaultVest|GrassySurge|WoodHammer,GrassyGlide,FakeOut,HighHorsepower|||F|||50|,,,,,Fire]Primarina||ThroatSpray|LiquidVoice|HyperVoice,Moonblast,Haze,Protect|||M|||50|,,,,,Poison]Electabuzz||Eviolite|VitalSpirit|Electroweb,FollowMe,Taunt,Protect|||F|||50|,,,,,Dragon]Dragapult||ChoiceBand|ClearBody|DragonDarts,PhantomForce,Outrage,Uturn|||F|||50|,,,,,Dragon]Arcanine-Hisui||LifeOrb|Intimidate|FlareBlitz,RockSlide,ExtremeSpeed,Protect|||F|||50|,,,,,Normal
|showteam|p2|Ninetales-Alola||LightClay|SnowWarning|FreezeDry,IcyWind,Howl,AuroraVeil|||F|||50|,,,,,Water]Ursaluna||FlameOrb|Guts|Facade,HighHorsepower,ShadowClaw,Protect|||F|||50|,,,,,Ghost]Ceruledge||ClearAmulet|FlashFire|BitterBlade,Poltergeist,BulkUp,Protect|||F|||50|,,,,,Bug]Whimsicott||FocusSash|Prankster|Moonblast,WorrySeed,SunnyDay,Tailwind|||F|||50|,,,,,Ghost]Rillaboom||AssaultVest|GrassySurge|GrassyGlide,DrumBeating,Uturn,FakeOut|||F|||50|,,,,,Fire]Milotic||Leftovers|Competitive|Scald,AlluringVoice,Haze,Protect|||F|||50|,,,,,Grass
|inactive|Battle timer is ON: inactive players will automatically lose when time's up. (requested by BoloinaBox)
|inactive|BoloinaBox has 60 seconds left.
|
|t:|1756320459
|teamsize|p1|4
|teamsize|p2|4
|start
|switch|p1a: Rillaboom|Rillaboom, L50, F|100/100
|switch|p1b: Sneasler|Sneasler, L50, F|100/100
|switch|p2a: Ninetales|Ninetales-Alola, L50, F|100/100
|switch|p2b: Milotic|Milotic, L50, F|100/100
|-weather|Snowscape|[from] ability: Snow Warning|[of] p2a: Ninetales
|-fieldstart|move: Grassy Terrain|[from] ability: Grassy Surge|[of] p1a: Rillaboom
|-enditem|p1b: Sneasler|Grassy Seed
|-boost|p1b: Sneasler|def|1|[from] item: Grassy Seed
|turn|1
|inactive|BoloinaBox has 30 seconds left.
|
|t:|1756320484
|switch|p2a: Ceruledge|Ceruledge, L50, F|100/100
|move|p2b: Milotic|Protect|p2b: Milotic
|-singleturn|p2b: Milotic|Protect
|move|p1a: Rillaboom|Fake Out|p2b: Milotic
|-activate|p2b: Milotic|move: Protect
|move|p1b: Sneasler|Dire Claw|p2a: Ceruledge
|-resisted|p2a: Ceruledge
|-damage|p2a: Ceruledge|76/100
|-status|p2a: Ceruledge|psn
|
|-weather|Snowscape|[upkeep]
|-heal|p2a: Ceruledge|82/100 psn|[from] Grassy Terrain
|-damage|p2a: Ceruledge|70/100 psn|[from] psn
|upkeep
|turn|2
|inactive|BoloinaBox has 30 seconds left.
|
|t:|1756320514
|-terastallize|p2a: Ceruledge|Bug
|move|p1b: Sneasler|Dire Claw|p2b: Milotic
|-damage|p2b: Milotic|57/100
|-status|p2b: Milotic|slp
|move|p1a: Rillaboom|Wood Hammer|p2b: Milotic
|-supereffective|p2b: Milotic
|-damage|p2b: Milotic|0 fnt
|faint|p2b: Milotic
|-damage|p1a: Rillaboom|82/100|[from] Recoil
|move|p2a: Ceruledge|Bulk Up|p2a: Ceruledge
|-boost|p2a: Ceruledge|atk|1
|-boost|p2a: Ceruledge|def|1
|
|-weather|Snowscape|[upkeep]
|-heal|p1a: Rillaboom|88/100|[from] Grassy Terrain
|-heal|p2a: Ceruledge|76/100 psn|[from] Grassy Terrain
|-damage|p2a: Ceruledge|64/100 psn|[from] psn
|upkeep
|
|t:|1756320523
|switch|p2b: Whimsicott|Whimsicott, L50, F|100/100
|turn|3
|inactive|Shiboha has 30 seconds left.
|inactive|BoloinaBox has 30 seconds left.
|inactive|Shiboha has 20 seconds left.
|
|t:|1756320560
|switch|p1a: Arcanine|Arcanine-Hisui, L50, F|100/100
|-ability|p1a: Arcanine|Intimidate|boost
|-fail|p2a: Ceruledge|unboost|[from] item: Clear Amulet|[of] p2a: Ceruledge
|-unboost|p2b: Whimsicott|atk|1
|move|p2b: Whimsicott|Tailwind|p2b: Whimsicott
|-sidestart|p2: BoloinaBox|move: Tailwind
|move|p1b: Sneasler|Dire Claw|p2b: Whimsicott
|-supereffective|p2b: Whimsicott
|-enditem|p2b: Whimsicott|Focus Sash
|-damage|p2b: Whimsicott|1/100
|-status|p2b: Whimsicott|psn
|move|p2a: Ceruledge|Bitter Blade|p1a: Arcanine
|-resisted|p1a: Arcanine
|-damage|p1a: Arcanine|77/100
|-heal|p2a: Ceruledge|75/100 psn|[from] drain|[of] p1a: Arcanine
|
|-weather|Snowscape|[upkeep]
|-heal|p2b: Whimsicott|7/100 psn|[from] Grassy Terrain
|-heal|p2a: Ceruledge|81/100 psn|[from] Grassy Terrain
|-heal|p1a: Arcanine|83/100|[from] Grassy Terrain
|-damage|p2b: Whimsicott|0 fnt|[from] psn
|faint|p2b: Whimsicott
|-damage|p2a: Ceruledge|69/100 psn|[from] psn
|upkeep
|
|t:|1756320575
|switch|p2b: Ninetales|Ninetales-Alola, L50, F|100/100
|turn|4
|inactive|BoloinaBox has 30 seconds left.
|inactive|BoloinaBox has 20 seconds left.
|inactive|BoloinaBox has 15 seconds left.
|inactive|BoloinaBox has 10 seconds left.
|
|t:|1756320624
|move|p2b: Ninetales|Aurora Veil|p2b: Ninetales
|-sidestart|p2: BoloinaBox|move: Aurora Veil
|move|p1b: Sneasler|Coaching|p1a: Arcanine
|-boost|p1a: Arcanine|atk|1
|-boost|p1a: Arcanine|def|1
|move|p2a: Ceruledge|Bitter Blade|p1b: Sneasler
|-damage|p1b: Sneasler|25/100
|-heal|p2a: Ceruledge|100/100 psn|[from] drain|[of] p1b: Sneasler
|move|p1a: Arcanine|Rock Slide|p2a: Ceruledge|[spread] p2a,p2b
|-supereffective|p2a: Ceruledge
|-supereffective|p2b: Ninetales
|-damage|p2a: Ceruledge|55/100 psn
|-damage|p2b: Ninetales|43/100
|-damage|p1a: Arcanine|74/100|[from] item: Life Orb
|
|-weather|Snowscape|[upkeep]
|-heal|p2b: Ninetales|49/100|[from] Grassy Terrain
|-heal|p1b: Sneasler|31/100|[from] Grassy Terrain
|-heal|p2a: Ceruledge|61/100 psn|[from] Grassy Terrain
|-heal|p1a: Arcanine|80/100|[from] Grassy Terrain
|-damage|p2a: Ceruledge|49/100 psn|[from] psn
|upkeep
|turn|5
|
|t:|1756320646
|move|p2b: Ninetales|Howl|p2b: Ninetales|[spread] p2a,p2b
|-boost|p2a: Ceruledge|atk|1
|-boost|p2b: Ninetales|atk|1
|move|p1b: Sneasler|Dire Claw|p2b: Ninetales
|-supereffective|p2b: Ninetales
|-damage|p2b: Ninetales|4/100
|-status|p2b: Ninetales|par
|move|p2a: Ceruledge|Poltergeist|p1a: Arcanine
|-activate|p1a: Arcanine|move: Poltergeist|Life Orb
|-damage|p1a: Arcanine|0 fnt
|faint|p1a: Arcanine
|
|-weather|none
|-heal|p1b: Sneasler|37/100|[from] Grassy Terrain
|-heal|p2a: Ceruledge|55/100 psn|[from] Grassy Terrain
|-heal|p2b: Ninetales|10/100 par|[from] Grassy Terrain
|-damage|p2a: Ceruledge|43/100 psn|[from] psn
|-fieldend|move: Grassy Terrain
|upkeep
|
|t:|1756320670
|switch|p1a: Dragapult|Dragapult, L50, F|100/100
|turn|6
|inactive|Shiboha has 30 seconds left.
|inactive|BoloinaBox has 30 seconds left.
|inactive|BoloinaBox has 20 seconds left.
|inactive|Shiboha has 20 seconds left.
|inactive|BoloinaBox has 15 seconds left.
|inactive|Shiboha has 15 seconds left.
|inactive|Shiboha has 10 seconds left.
|
|t:|1756320721
|-terastallize|p1a: Dragapult|Dragon
|move|p1b: Sneasler|Dire Claw|p2a: Ceruledge
|-damage|p2a: Ceruledge|21/100 psn
|move|p2a: Ceruledge|Bitter Blade|p1a: Dragapult
|-resisted|p1a: Dragapult
|-damage|p1a: Dragapult|36/100
|-heal|p2a: Ceruledge|50/100 psn|[from] drain|[of] p1a: Dragapult
|move|p1a: Dragapult|U-turn|p2b: Ninetales
|-resisted|p2b: Ninetales
|-damage|p2b: Ninetales|0 fnt
|faint|p2b: Ninetales
|
|t:|1756320732
|switch|p1a: Rillaboom|Rillaboom, L50, F|88/100|[from] U-turn
|-fieldstart|move: Grassy Terrain|[from] ability: Grassy Surge|[of] p1a: Rillaboom
|
|-heal|p1b: Sneasler|44/100|[from] Grassy Terrain
|-heal|p2a: Ceruledge|57/100 psn|[from] Grassy Terrain
|-heal|p1a: Rillaboom|94/100|[from] Grassy Terrain
|-damage|p2a: Ceruledge|44/100 psn|[from] psn
|-sideend|p2: BoloinaBox|move: Tailwind
|upkeep
|turn|7
|
|t:|1756320753
|move|p1a: Rillaboom|Fake Out|p2a: Ceruledge
|-damage|p2a: Ceruledge|38/100 psn
|move|p1b: Sneasler|Coaching|p1a: Rillaboom
|-boost|p1a: Rillaboom|atk|1
|-boost|p1a: Rillaboom|def|1
|cant|p2a: Ceruledge|flinch
|
|-heal|p1b: Sneasler|50/100|[from] Grassy Terrain
|-heal|p1a: Rillaboom|99/100|[from] Grassy Terrain
|-heal|p2a: Ceruledge|44/100 psn|[from] Grassy Terrain
|-damage|p2a: Ceruledge|32/100 psn|[from] psn
|upkeep
|turn|8
|
|t:|1756320774
|move|p1b: Sneasler|Dire Claw|p2a: Ceruledge
|-damage|p2a: Ceruledge|9/100 psn
|move|p1a: Rillaboom|Wood Hammer|p2a: Ceruledge
|-resisted|p2a: Ceruledge
|-damage|p2a: Ceruledge|0 fnt
|faint|p2a: Ceruledge
|-damage|p1a: Rillaboom|97/100|[from] Recoil
|
|win|Shiboha
||BoloinaBox is ready for game 3.
|inactive|Shiboha has 29 seconds to confirm battle start!
||Shiboha is ready for game 3.
|uhtml|next|Next: Game 3 of 3
|l|☆BoloinaBox
|player|p2|
