|j|☆Pacoespepe
|j|☆cornettoalbar
|html|Pacoespepecornettoalbar    
|uhtml|bestof|Game 1 of a best-of-3
|t:|1784550127
|gametype|doubles
|player|p1|Pacoespepe|juggler|1103
|player|p2|cornettoalbar|pokekid|1046
|gen|9
|tier|[Gen 9 Champions] VGC 2026 Reg M-B (Bo3)
|rated|
|rule|Species Clause: Limit one of each Pokémon
|rule|Item Clause: Limit 1 of each item
|clearpoke
|poke|p1|Kommo-o, L50, F, shiny|
|poke|p1|Froslass, L50, F|
|poke|p1|Sinistcha-Masterpiece, L50, shiny|
|poke|p1|Talonflame, L50, F|
|poke|p1|Primarina, L50, F|
|poke|p1|Ceruledge, L50, F, shiny|
|poke|p2|Hydreigon, L50, F|
|poke|p2|Garchomp, L50, F|
|poke|p2|Metagross, L50, shiny|
|poke|p2|Charizard, L50, M, shiny|
|poke|p2|Grimmsnarl, L50, M|
|poke|p2|Toxapex, L50, M, shiny|
|teampreview|4
|showteam|p1|Kommo-o||Leftovers|Soundproof|Boomburst,ClangingScales,ClangorousSoul,Protect|Modest||F|||50|]Froslass||Froslassite|CursedBody|AuroraVeil,Blizzard,ShadowBall,Protect|Timid||F|||50|]Sinistcha-Masterpiece||SitrusBerry|Hospitality|MatchaGotcha,PsychUp,RagePowder,StrengthSap|Calm|||||50|]Talonflame||LifeOrb|GaleWings|BraveBird,Tailwind,FlareBlitz,DualWingbeat|Jolly||F|||50|]Primarina||WacanBerry|LiquidVoice|PsychUp,HyperVoice,Moonblast,Protect|Modest||F|||50|]Ceruledge||BigRoot|FlashFire|BitterBlade,ShadowSneak,PsychUp,Protect|Adamant||F|||50|
|showteam|p2|Hydreigon||ChoiceScarf|Levitate|HeatWave,DarkPulse,DracoMeteor,Snarl|Modest||F|||50|]Garchomp||SitrusBerry|RoughSkin|Earthquake,RockSlide,DragonClaw,Protect|Adamant||F|||50|]Metagross||Metagrossite|ClearBody|IronHead,HammerArm,BulletPunch,Protect|Adamant|||||50|]Charizard||CharizarditeY|Blaze|Protect,HeatWave,SolarBeam,WeatherBall|Timid||M|||50|]Grimmsnarl||RoseliBerry|Prankster|FakeOut,FoulPlay,Reflect,PartingShot|Sassy||M|||50|]Toxapex||Leftovers|Regenerator|Infestation,Toxic,BanefulBunker,WideGuard|Bold||M|||50|
|inactive|Battle timer is ON: inactive players will automatically lose when time's up. (requested by cornettoalbar)
|inactive|Pacoespepe has 60 seconds left.
|inactive|cornettoalbar has 60 seconds left.
|inactive|Pacoespepe has 30 seconds left.
|inactive|cornettoalbar has 30 seconds left.
|inactive|Pacoespepe has 20 seconds left.
|inactive|cornettoalbar has 20 seconds left.
|inactive|cornettoalbar has 15 seconds left.
|
|t:|1784550204
|teamsize|p1|4
|teamsize|p2|4
|start
|switch|p1a: Froslass|Froslass, L50, F|100/100
|switch|p1b: Primarina|Primarina, L50, F|100/100
|switch|p2a: Grimmsnarl|Grimmsnarl, L50, M|100/100
|switch|p2b: Charizard|Charizard, L50, M, shiny|100/100
|turn|1
|inactive|Pacoespepe has 30 seconds left.
|
|t:|1784550229
|move|p2a: Grimmsnarl|Fake Out|p1b: Primarina
|-damage|p1b: Primarina|87/100
|move|p1a: Froslass|Blizzard|p2a: Grimmsnarl|[spread] p2a,p2b
|-crit|p2b: Charizard
|-damage|p2a: Grimmsnarl|76/100
|-damage|p2b: Charizard|54/100
|move|p2b: Charizard|Heat Wave|p1a: Froslass|[spread] p1a,p1b
|-supereffective|p1a: Froslass|1
|-resisted|p1b: Primarina|1
|-damage|p1a: Froslass|16/100
|-damage|p1b: Primarina|77/100
|cant|p1b: Primarina|flinch
|
|upkeep
|turn|2
|
|t:|1784550252
|move|p1a: Froslass|Protect|p1a: Froslass
|-singleturn|p1a: Froslass|Protect
|move|p2b: Charizard|Protect|p2b: Charizard
|-singleturn|p2b: Charizard|Protect
|move|p2a: Grimmsnarl|Parting Shot|p1b: Primarina
|-unboost|p1b: Primarina|atk|1
|-unboost|p1b: Primarina|spa|1
|
|t:|1784550262
|switch|p2a: Hydreigon|Hydreigon, L50, F|100/100|[from] Parting Shot
|move|p1b: Primarina|Hyper Voice|p2a: Hydreigon|[spread] p2a
|-activate|p2b: Charizard|move: Protect
|-resisted|p2a: Hydreigon|1
|-damage|p2a: Hydreigon|86/100
|
|upkeep
|turn|3
|inactive|cornettoalbar has 30 seconds left.
|inactive|cornettoalbar has 20 seconds left.
|
|t:|1784550300
|switch|p2a: Toxapex|Toxapex, L50, M, shiny|100/100
|switch|p1a: Ceruledge|Ceruledge, L50, F, shiny|100/100
|move|p2b: Charizard|Heat Wave|p1b: Primarina|[spread] p1b
|-start|p1a: Ceruledge|ability: Flash Fire
|-resisted|p1b: Primarina|1
|-damage|p1b: Primarina|66/100
|move|p1b: Primarina|Moonblast|p2a: Toxapex
|-resisted|p2a: Toxapex|1
|-damage|p2a: Toxapex|87/100
|
|-heal|p2a: Toxapex|93/100|[from] item: Leftovers
|upkeep
|turn|4
|inactive|Pacoespepe has 30 seconds left.
|inactive|cornettoalbar has 30 seconds left.
|
|t:|1784550329
|switch|p2b: Grimmsnarl|Grimmsnarl, L50, M|76/100
|move|p1b: Primarina|Protect|p1b: Primarina
|-singleturn|p1b: Primarina|Protect
|move|p1a: Ceruledge|Bitter Blade|p2b: Grimmsnarl
|-damage|p2b: Grimmsnarl|11/100
|move|p2a: Toxapex|Infestation|p1b: Primarina
|-activate|p1b: Primarina|move: Protect
|
|-heal|p2a: Toxapex|99/100|[from] item: Leftovers
|upkeep
|turn|5
|inactive|Pacoespepe has 30 seconds left.
|inactive|cornettoalbar has 30 seconds left.
|inactive|Pacoespepe has 20 seconds left.
|
|t:|1784550366
|move|p2b: Grimmsnarl|Parting Shot|p1a: Ceruledge
|-unboost|p1a: Ceruledge|atk|1
|-unboost|p1a: Ceruledge|spa|1
|
|t:|1784550369
|switch|p2b: Hydreigon|Hydreigon, L50, F|86/100|[from] Parting Shot
|move|p1a: Ceruledge|Bitter Blade|p2a: Toxapex
|-resisted|p2a: Toxapex|1
|-damage|p2a: Toxapex|84/100
|move|p1b: Primarina|Hyper Voice|p2a: Toxapex|[spread] p2a,p2b
|-resisted|p2a: Toxapex|1
|-resisted|p2b: Hydreigon|1
|-damage|p2a: Toxapex|75/100
|-damage|p2b: Hydreigon|74/100
|move|p2a: Toxapex|Toxic|p1b: Primarina
|-status|p1b: Primarina|tox
|
|-heal|p2a: Toxapex|81/100|[from] item: Leftovers
|-damage|p1b: Primarina|60/100 tox|[from] psn
|upkeep
|turn|6
|inactive|cornettoalbar has 30 seconds left.
|
|t:|1784550395
|switch|p2b: Charizard|Charizard, L50, M, shiny|54/100
|-end|p1a: Ceruledge|ability: Flash Fire|[silent]
|switch|p1a: Sinistcha|Sinistcha-Masterpiece, L50, shiny|100/100
|-heal|p1b: Primarina|85/100 tox|[from] ability: Hospitality|[of] p1a: Sinistcha
|move|p1b: Primarina|Moonblast|p2b: Charizard
|-resisted|p2b: Charizard|1
|-damage|p2b: Charizard|36/100
|move|p2a: Toxapex|Toxic|p1a: Sinistcha
|-status|p1a: Sinistcha|tox
|
|-heal|p2a: Toxapex|87/100|[from] item: Leftovers
|-damage|p1a: Sinistcha|93/100 tox|[from] psn
|-damage|p1b: Primarina|73/100 tox|[from] psn
|upkeep
|turn|7
|inactive|cornettoalbar has 30 seconds left.
|inactive|Pacoespepe has 30 seconds left.
|inactive|Pacoespepe has 20 seconds left.
|inactive|cornettoalbar has 20 seconds left.
|inactive|Pacoespepe has 15 seconds left.
|
|t:|1784550442
|switch|p1b: Ceruledge|Ceruledge, L50, F, shiny|100/100
|move|p2b: Charizard|Protect|p2b: Charizard
|-singleturn|p2b: Charizard|Protect
|move|p1a: Sinistcha|Matcha Gotcha|p2b: Charizard|[spread] p2a
|-activate|p2b: Charizard|move: Protect
|-damage|p2a: Toxapex|68/100
|-heal|p1a: Sinistcha|100/100 tox|[from] drain|[of] p2a: Toxapex
|-status|p2a: Toxapex|brn
|move|p2a: Toxapex|Infestation|p1b: Ceruledge
|-resisted|p1b: Ceruledge|2
|-damage|p1b: Ceruledge|99/100
|-activate|p1b: Ceruledge|move: Infestation|[of] p2a: Toxapex
|
|-heal|p2a: Toxapex|73/100 brn|[from] item: Leftovers
|-damage|p1a: Sinistcha|87/100 tox|[from] psn
|-damage|p2a: Toxapex|68/100 brn|[from] brn
|-damage|p1b: Ceruledge|87/100|[from] move: Infestation|[partiallytrapped]
|upkeep
|turn|8
|inactive|Pacoespepe has 30 seconds left.
|inactive|cornettoalbar has 30 seconds left.
|
|t:|1784550477
|switch|p2b: Hydreigon|Hydreigon, L50, F|74/100
|switch|p1a: Primarina|Primarina, L50, F|73/100 tox
|move|p1b: Ceruledge|Bitter Blade|p2b: Hydreigon
|-resisted|p2b: Hydreigon|1
|-damage|p2b: Hydreigon|46/100
|-heal|p1b: Ceruledge|100/100|[from] drain|[of] p2b: Hydreigon
|move|p2a: Toxapex|Toxic|p1b: Ceruledge
|-status|p1b: Ceruledge|tox
|
|-heal|p2a: Toxapex|73/100 brn|[from] item: Leftovers
|-damage|p1b: Ceruledge|93/100 tox|[from] psn
|-damage|p1a: Primarina|67/100 tox|[from] psn
|-damage|p2a: Toxapex|68/100 brn|[from] brn
|-damage|p1b: Ceruledge|81/100 tox|[from] move: Infestation|[partiallytrapped]
|upkeep
|turn|9
|inactive|Pacoespepe has 30 seconds left.
|
|t:|1784550509
|switch|p2b: Grimmsnarl|Grimmsnarl, L50, M|11/100
|switch|p1b: Sinistcha|Sinistcha-Masterpiece, L50, shiny|87/100 tox
|-heal|p1a: Primarina|92/100 tox|[from] ability: Hospitality|[of] p1b: Sinistcha
|move|p1a: Primarina|Hyper Voice|p2a: Toxapex|[spread] p2a,p2b
|-resisted|p2a: Toxapex|1
|-damage|p2a: Toxapex|54/100 brn
|-damage|p2b: Grimmsnarl|0 fnt
|faint|p2b: Grimmsnarl
|move|p2a: Toxapex|Infestation|p1a: Primarina
|-resisted|p1a: Primarina|1
|-damage|p1a: Primarina|91/100 tox
|-activate|p1a: Primarina|move: Infestation|[of] p2a: Toxapex
|
|-heal|p2a: Toxapex|60/100 brn|[from] item: Leftovers
|-damage|p1b: Sinistcha|81/100 tox|[from] psn
|-damage|p1a: Primarina|79/100 tox|[from] psn
|-damage|p2a: Toxapex|54/100 brn|[from] brn
|-damage|p1a: Primarina|67/100 tox|[from] move: Infestation|[partiallytrapped]
|upkeep
|inactive|cornettoalbar has 30 seconds left.
|
|t:|1784550534
|switch|p2b: Hydreigon|Hydreigon, L50, F|46/100
|turn|10
|inactive|Pacoespepe has 30 seconds left.
|inactive|Pacoespepe has 20 seconds left.
|inactive|Pacoespepe has 15 seconds left.
|inactive|cornettoalbar has 30 seconds left.
|inactive|Pacoespepe has 10 seconds left.
|inactive|Pacoespepe has 5 seconds left.
|
|t:|1784550584
|switch|p2b: Charizard|Charizard, L50, M, shiny|36/100
|move|p1b: Sinistcha|Matcha Gotcha|p2b: Charizard|[spread] p2b
|-miss|p1b: Sinistcha|p2a: Toxapex
|-resisted|p2b: Charizard|2
|-damage|p2b: Charizard|29/100
|-heal|p1b: Sinistcha|84/100 tox|[from] drain|[of] p2b: Charizard
|move|p1a: Primarina|Hyper Voice|p2a: Toxapex|[spread] p2a,p2b
|-resisted|p2a: Toxapex|1
|-supereffective|p2b: Charizard|1
|-damage|p2a: Toxapex|41/100 brn
|-damage|p2b: Charizard|0 fnt
|faint|p2b: Charizard
|move|p2a: Toxapex|Infestation|p1b: Sinistcha
|-damage|p1b: Sinistcha|82/100 tox
|-activate|p1b: Sinistcha|move: Infestation|[of] p2a: Toxapex
|
|-heal|p2a: Toxapex|47/100 brn|[from] item: Leftovers
|-damage|p1b: Sinistcha|69/100 tox|[from] psn
|-damage|p1a: Primarina|49/100 tox|[from] psn
|-damage|p2a: Toxapex|41/100 brn|[from] brn
|-damage|p1b: Sinistcha|57/100 tox|[from] move: Infestation|[partiallytrapped]
|-damage|p1a: Primarina|37/100 tox|[from] move: Infestation|[partiallytrapped]
|upkeep
|inactive|cornettoalbar has 30 seconds left.
|
|t:|1784550610
|switch|p2b: Hydreigon|Hydreigon, L50, F|46/100
|turn|11
|inactive|Pacoespepe has 30 seconds left.
|
|t:|1784550645
|switch|p1b: Ceruledge|Ceruledge, L50, F, shiny|81/100 tox
|move|p2b: Hydreigon|Snarl|p1b: Ceruledge|[spread] p1a,p1b
|-resisted|p1a: Primarina|1
|-supereffective|p1b: Ceruledge|1
|-damage|p1a: Primarina|28/100 tox
|-damage|p1b: Ceruledge|41/100 tox
|-unboost|p1a: Primarina|spa|1
|-unboost|p1b: Ceruledge|spa|1
|move|p1a: Primarina|Moonblast|p2b: Hydreigon
|-supereffective|p2b: Hydreigon|2
|-damage|p2b: Hydreigon|0 fnt
|faint|p2b: Hydreigon
|move|p2a: Toxapex|Infestation|p1a: Primarina
|-resisted|p1a: Primarina|1
|-damage|p1a: Primarina|27/100 tox
|
|-heal|p2a: Toxapex|47/100 brn|[from] item: Leftovers
|-damage|p1b: Ceruledge|35/100 tox|[from] psn
|-damage|p1a: Primarina|3/100 tox|[from] psn
|-damage|p2a: Toxapex|41/100 brn|[from] brn
|-damage|p1a: Primarina|0 fnt|[from] move: Infestation|[partiallytrapped]
|faint|p1a: Primarina
|upkeep
|
|t:|1784550666
|switch|p1a: Froslass|Froslass, L50, F|16/100
|turn|12
|
|t:|1784550682
|switch|p1b: Sinistcha|Sinistcha-Masterpiece, L50, shiny|57/100 tox
|-heal|p1a: Froslass|41/100|[from] ability: Hospitality|[of] p1b: Sinistcha
|detailschange|p1a: Froslass|Froslass-Mega, L50, F
|-mega|p1a: Froslass|Froslass|Froslassite
|-weather|Snowscape|[from] ability: Snow Warning|[of] p1a: Froslass
|move|p2a: Toxapex|Baneful Bunker|p2a: Toxapex
|-singleturn|p2a: Toxapex|move: Protect
|move|p1a: Froslass|Shadow Ball|p2a: Toxapex
|-activate|p2a: Toxapex|move: Protect
|
|-weather|Snowscape|[upkeep]
|-heal|p2a: Toxapex|47/100 brn|[from] item: Leftovers
|-damage|p1b: Sinistcha|51/100 tox|[from] psn
|-damage|p2a: Toxapex|41/100 brn|[from] brn
|upkeep
|turn|13
|inactive|Pacoespepe has 30 seconds left.
|
|t:|1784550707
|move|p1a: Froslass|Shadow Ball|p2a: Toxapex
|-damage|p2a: Toxapex|10/100 brn
|move|p1b: Sinistcha|Matcha Gotcha|p2a: Toxapex
|-damage|p2a: Toxapex|0 fnt
|-heal|p1b: Sinistcha|56/100 tox|[from] drain|[of] p2a: Toxapex
|faint|p2a: Toxapex
|
|win|Pacoespepe
||cornettoalbar is ready for game 2.
|inactive|Pacoespepe has 30 seconds to confirm battle start!
||Pacoespepe is ready for game 2.
|uhtml|next|Next: Game 2 of 3
|l|☆Pacoespepe
|player|p1|
