|j|☆Gunho Magika
|j|☆pokeplaygg
|html|Gunho Magikapokeplaygg    
|uhtml|bestof|Game 2 of a best-of-3
|t:|1782617962
|gametype|doubles
|player|p1|Gunho Magika|riley|1138
|player|p2|pokeplaygg|102|1387
|gen|9
|tier|[Gen 9 Champions] VGC 2026 Reg M-B (Bo3)
|rated|
|rule|Species Clause: Limit one of each Pokémon
|rule|Item Clause: Limit 1 of each item
|clearpoke
|poke|p1|Froslass, L50, F|
|poke|p1|Lycanroc-Dusk, L50, M|
|poke|p1|Basculegion, L50, M|
|poke|p1|Sneasler, L50, F|
|poke|p1|Delphox, L50, M|
|poke|p1|Samurott-Hisui, L50, F|
|poke|p2|Pelipper, L50, F|
|poke|p2|Archaludon, L50, F|
|poke|p2|Swampert, L50, F|
|poke|p2|Venusaur, L50, M|
|poke|p2|Aerodactyl, L50, F|
|poke|p2|Sinistcha, L50|
|teampreview|4
|showteam|p1|Froslass||Froslassite|SnowCloak|Blizzard,ShadowBall,AuroraVeil,Protect|Modest||F|||50|]Lycanroc-Dusk||FocusSash|ToughClaws|RockSlide,Accelerock,CloseCombat,Protect|Jolly||M|||50|]Basculegion||SitrusBerry|Adaptability|WaveCrash,LastRespects,AquaJet,Protect|Adamant||M|||50|]Sneasler||WhiteHerb|Unburden|DireClaw,CloseCombat,FakeOut,Protect|Jolly||F|||50|]Delphox||Delphoxite|Blaze|HeatWave,Psyshock,NastyPlot,Protect|Timid||M|||50|]Samurott-Hisui||ChoiceScarf|Sharpness|CeaselessEdge,AquaCutter,SacredSword,FlipTurn|Jolly||F|||50|
|showteam|p2|Pelipper||LifeOrb|Drizzle|Protect,Hurricane,MuddyWater,Tailwind|Modest||F|||50|]Archaludon||Leftovers|Stamina|Protect,ElectroShot,DracoMeteor,FlashCannon|Modest||F|||50|]Swampert||Swampertite|Torrent|Protect,WaveCrash,Earthquake,IcePunch|Adamant||F|||50|]Venusaur||Venusaurite|Chlorophyll|Protect,SleepPowder,SludgeBomb,EarthPower|Modest||M|||50|]Aerodactyl||FocusSash|Unnerve|Protect,Tailwind,RockSlide,PsychicFangs|Jolly||F|||50|]Sinistcha||BrightPowder|Hospitality|TrickRoom,LifeDew,MatchaGotcha,RagePowder|Bold|||||50|
|inactive|Battle timer is ON: inactive players will automatically lose when time's up. (requested by pokeplaygg)
|
|t:|1782618002
|teamsize|p1|4
|teamsize|p2|4
|start
|switch|p1a: Lycanroc|Lycanroc-Dusk, L50, M|100/100
|switch|p1b: Basculegion|Basculegion, L50, M|100/100
|switch|p2a: Pelipper|Pelipper, L50, F|100/100
|switch|p2b: Archaludon|Archaludon, L50, F|100/100
|-weather|RainDance|[from] ability: Drizzle|[of] p2a: Pelipper
|turn|1
|inactive|Gunho Magika has 30 seconds left.
|inactive|pokeplaygg has 30 seconds left.
|inactive|Gunho Magika has 20 seconds left.
|inactive|pokeplaygg has 20 seconds left.
|inactive|Gunho Magika has 15 seconds left.
|inactive|pokeplaygg has 15 seconds left.
|inactive|Gunho Magika has 10 seconds left.
|inactive|pokeplaygg has 10 seconds left.
|
|t:|1782618048
|move|p1b: Basculegion|Protect|p1b: Basculegion
|-singleturn|p1b: Basculegion|Protect
|move|p2b: Archaludon|Protect|p2b: Archaludon
|-singleturn|p2b: Archaludon|Protect
|move|p1a: Lycanroc|Rock Slide|p2a: Pelipper|[spread] p2a
|-activate|p2b: Archaludon|move: Protect
|-supereffective|p2a: Pelipper|1
|-damage|p2a: Pelipper|37/100
|move|p2a: Pelipper|Tailwind|p2a: Pelipper
|-sidestart|p2: pokeplaygg|move: Tailwind
|
|-weather|RainDance|[upkeep]
|upkeep
|turn|2
|
|t:|1782618072
|switch|p2a: Swampert|Swampert, L50, F|100/100
|switch|p1b: Sneasler|Sneasler, L50, F|100/100
|move|p1a: Lycanroc|Accelerock|p2a: Swampert
|-resisted|p2a: Swampert|1
|-damage|p2a: Swampert|85/100
|move|p2b: Archaludon|Electro Shot||[still]
|-prepare|p2b: Archaludon|Electro Shot
|-boost|p2b: Archaludon|spa|1
|-anim|p2b: Archaludon|Electro Shot|p1b: Sneasler
|-damage|p1b: Sneasler|3/100
|
|-weather|RainDance|[upkeep]
|upkeep
|turn|3
|inactive|pokeplaygg has 30 seconds left.
|inactive|Gunho Magika has 30 seconds left.
|inactive|pokeplaygg has 20 seconds left.
|inactive|pokeplaygg has 15 seconds left.
|
|t:|1782618116
|detailschange|p2a: Swampert|Swampert-Mega, L50, F
|-mega|p2a: Swampert|Swampert|Swampertite
|move|p2b: Archaludon|Protect|p2b: Archaludon
|-singleturn|p2b: Archaludon|Protect
|move|p1a: Lycanroc|Protect|p1a: Lycanroc
|-singleturn|p1a: Lycanroc|Protect
|move|p1b: Sneasler|Fake Out|p2a: Swampert
|-damage|p2a: Swampert|71/100
|cant|p2a: Swampert|flinch
|
|-weather|RainDance|[upkeep]
|upkeep
|turn|4
|
|t:|1782618138
|move|p1b: Sneasler|Protect|p1b: Sneasler
|-singleturn|p1b: Sneasler|Protect
|move|p2a: Swampert|Earthquake|p1a: Lycanroc|[spread] p2b,p1a
|-activate|p1b: Sneasler|move: Protect
|-supereffective|p2b: Archaludon|1
|-supereffective|p1a: Lycanroc|1
|-damage|p2b: Archaludon|38/100
|-enditem|p1a: Lycanroc|Focus Sash
|-damage|p1a: Lycanroc|1/100
|-ability|p2b: Archaludon|Stamina|boost
|-boost|p2b: Archaludon|def|1
|move|p2b: Archaludon|Electro Shot||[still]
|-prepare|p2b: Archaludon|Electro Shot
|-boost|p2b: Archaludon|spa|1
|-anim|p2b: Archaludon|Electro Shot|p1a: Lycanroc
|-damage|p1a: Lycanroc|0 fnt
|faint|p1a: Lycanroc
|
|-weather|RainDance|[upkeep]
|-heal|p2b: Archaludon|44/100|[from] item: Leftovers
|-sideend|p2: pokeplaygg|move: Tailwind
|upkeep
|
|t:|1782618153
|switch|p1a: Froslass|Froslass, L50, F|100/100
|turn|5
|
|t:|1782618168
|detailschange|p1a: Froslass|Froslass-Mega, L50, F
|-mega|p1a: Froslass|Froslass|Froslassite
|-weather|Snowscape|[from] ability: Snow Warning|[of] p1a: Froslass
|move|p2a: Swampert|Protect|p2a: Swampert
|-singleturn|p2a: Swampert|Protect
|move|p1b: Sneasler|Close Combat|p2b: Archaludon
|-supereffective|p2b: Archaludon|1
|-damage|p2b: Archaludon|0 fnt
|-unboost|p1b: Sneasler|def|1
|-unboost|p1b: Sneasler|spd|1
|faint|p2b: Archaludon
|-enditem|p1b: Sneasler|White Herb
|-clearnegativeboost|p1b: Sneasler|[silent]
|move|p1a: Froslass|Shadow Ball|p2a: Swampert
|-activate|p2a: Swampert|move: Protect
|
|-weather|Snowscape|[upkeep]
|upkeep
|
|t:|1782618181
|switch|p2b: Pelipper|Pelipper, L50, F|37/100
|-weather|RainDance|[from] ability: Drizzle|[of] p2b: Pelipper
|turn|6
|inactive|pokeplaygg has 30 seconds left.
|inactive|pokeplaygg has 20 seconds left.
|inactive|pokeplaygg has 15 seconds left.
|
|t:|1782618226
|switch|p1a: Basculegion|Basculegion, L50, M|100/100
|move|p1b: Sneasler|Protect|p1b: Sneasler
|-singleturn|p1b: Sneasler|Protect
|move|p2a: Swampert|Earthquake|p1b: Sneasler|[spread] p1a
|-activate|p1b: Sneasler|move: Protect
|-immune|p2b: Pelipper
|-damage|p1a: Basculegion|41/100
|-enditem|p1a: Basculegion|Sitrus Berry|[eat]
|-heal|p1a: Basculegion|66/100|[from] item: Sitrus Berry
|move|p2b: Pelipper|Hurricane|p1b: Sneasler
|-activate|p1b: Sneasler|move: Protect
|
|-weather|RainDance|[upkeep]
|upkeep
|turn|7
|
|t:|1782618250
|switch|p1b: Froslass|Froslass-Mega, L50, F|100/100
|-weather|Snowscape|[from] ability: Snow Warning|[of] p1b: Froslass
|switch|p2b: Venusaur|Venusaur, L50, M|100/100
|move|p1a: Basculegion|Wave Crash|p2a: Swampert
|-damage|p2a: Swampert|0 fnt
|faint|p2a: Swampert
|-damage|p1a: Basculegion|45/100|[from] Recoil
|
|-weather|Snowscape|[upkeep]
|upkeep
|
|t:|1782618259
|switch|p2a: Pelipper|Pelipper, L50, F|37/100
|-weather|RainDance|[from] ability: Drizzle|[of] p2a: Pelipper
|turn|8
|
|t:|1782618281
|switch|p1b: Sneasler|Sneasler, L50, F|3/100
|move|p1a: Basculegion|Protect|p1a: Basculegion
|-singleturn|p1a: Basculegion|Protect
|move|p2a: Pelipper|Protect|p2a: Pelipper
|-singleturn|p2a: Pelipper|Protect
|move|p2b: Venusaur|Sleep Powder|p1b: Sneasler
|-status|p1b: Sneasler|slp|[from] move: Sleep Powder
|
|-weather|RainDance|[upkeep]
|upkeep
|turn|9
|
|t:|1782618304
|cant|p1b: Sneasler|slp
|move|p1a: Basculegion|Last Respects|p2a: Pelipper
|-damage|p2a: Pelipper|0 fnt
|faint|p2a: Pelipper
|move|p2b: Venusaur|Sleep Powder|p1a: Basculegion
|-status|p1a: Basculegion|slp|[from] move: Sleep Powder
|
|-weather|RainDance|[upkeep]
|upkeep
|turn|10
|
|t:|1782618314
|cant|p1b: Sneasler|slp
|cant|p1a: Basculegion|slp
|move|p2b: Venusaur|Earth Power|p1a: Basculegion
|-damage|p1a: Basculegion|13/100 slp
|
|-weather|RainDance|[upkeep]
|upkeep
|turn|11
|
|t:|1782618322
|-curestatus|p1b: Sneasler|slp|[msg]
|move|p1b: Sneasler|Dire Claw|p2b: Venusaur
|-damage|p2b: Venusaur|52/100
|-status|p2b: Venusaur|par
|cant|p1a: Basculegion|slp
|move|p2b: Venusaur|Earth Power|p1a: Basculegion
|-damage|p1a: Basculegion|0 fnt
|faint|p1a: Basculegion
|
|-weather|RainDance|[upkeep]
|upkeep
|
|t:|1782618329
|switch|p1a: Froslass|Froslass-Mega, L50, F|100/100
|-weather|Snowscape|[from] ability: Snow Warning|[of] p1a: Froslass
|turn|12
|l|☆pokeplaygg
|inactive|pokeplaygg disconnected and has a minute to reconnect!
|player|p2|
|inactive|pokeplaygg has 30 seconds left.
|inactive|pokeplaygg has 20 seconds left.
|inactive|pokeplaygg has 15 seconds left.
|inactive|pokeplaygg has 10 seconds left.
|inactive|pokeplaygg has 5 seconds left.
|-message|pokeplaygg lost due to inactivity.
|
|win|Gunho Magika
|raw|Gunho Magika's rating: 1138 → 1178(+40 for winning)
|raw|pokeplaygg's rating: 1387 → 1355(-32 for losing)
