|j|☆noka47
|j|☆sogreenitslime
|html|noka47sogreenitslime    
|uhtml|bestof|Game 1 of a best-of-3
|t:|1785075438
|gametype|doubles
|player|p1|noka47|102|1231
|player|p2|sogreenitslime|pokemaniac|1297
|gen|9
|tier|[Gen 9 Champions] VGC 2026 Reg M-B (Bo3)
|rated|
|rule|Species Clause: Limit one of each Pokémon
|rule|Item Clause: Limit 1 of each item
|clearpoke
|poke|p1|Gengar, L50, M|
|poke|p1|Altaria, L50, M|
|poke|p1|Maushold, L50|
|poke|p1|Incineroar, L50, F|
|poke|p1|Tinkaton, L50, F|
|poke|p1|Kingambit, L50, M|
|poke|p2|Tyranitar, L50, F|
|poke|p2|Excadrill, L50, F|
|poke|p2|Milotic, L50, F|
|poke|p2|Sinistcha, L50|
|poke|p2|Staraptor, L50, M|
|poke|p2|Gholdengo, L50|
|teampreview|4
|showteam|p1|Gengar||Gengarite|CursedBody|ShadowBall,PerishSong,Disable,Protect|Timid||M|||50|]Altaria||Leftovers|CloudNine|FireSpin,PerishSong,WillOWisp,Protect|Calm||M|||50|]Maushold||ChopleBerry|FriendGuard|Uturn,Encore,FollowMe,Protect|Jolly|||||50|]Incineroar||PasshoBerry|Intimidate|ThroatChop,PartingShot,FakeOut,Protect|Careful||F|||50|]Tinkaton||ShucaBerry|MoldBreaker|GigatonHammer,Encore,FakeOut,Protect|Jolly||F|||50|]Kingambit||BlackGlasses|Defiant|KowtowCleave,SuckerPunch,SwordsDance,Protect|Adamant||M|||50|
|showteam|p2|Tyranitar||Tyranitarite|SandStream|KnockOff,RockSlide,HighHorsepower,Protect|Jolly||F|||50|]Excadrill||FocusSash|SandRush|Earthquake,IronHead,RockSlide,Protect|Adamant||F|||50|]Milotic||SitrusBerry|Competitive|Scald,IcyWind,Haze,Protect|Calm||F|||50|]Sinistcha||ColburBerry|Hospitality|MatchaGotcha,ShadowBall,Protect,RagePowder|Bold|||||50|]Staraptor||Staraptite|Intimidate|CloseCombat,BraveBird,Tailwind,Protect|Jolly||M|||50|]Gholdengo||LifeOrb|GoodasGold|MakeItRain,ShadowBall,NastyPlot,Protect|Modest|||||50|
|inactive|Battle timer is ON: inactive players will automatically lose when time's up. (requested by noka47)
|inactive|noka47 has 60 seconds left.
|
|t:|1785075513
|teamsize|p1|4
|teamsize|p2|4
|start
|switch|p1a: Gengar|Gengar, L50, M|100/100
|switch|p1b: Tinkaton|Tinkaton, L50, F|100/100
|switch|p2a: Staraptor|Staraptor, L50, M|100/100
|switch|p2b: Gholdengo|Gholdengo, L50|100/100
|-ability|p2a: Staraptor|Intimidate|boost
|-unboost|p1a: Gengar|atk|1
|-unboost|p1b: Tinkaton|atk|1
|-ability|p1b: Tinkaton|Mold Breaker
|turn|1
|inactive|noka47 has 30 seconds left.
|
|t:|1785075540
|detailschange|p1a: Gengar|Gengar-Mega, L50, M
|-mega|p1a: Gengar|Gengar|Gengarite
|move|p1a: Gengar|Shadow Ball|p2b: Gholdengo
|-supereffective|p2b: Gholdengo|1
|-damage|p2b: Gholdengo|13/100
|move|p2a: Staraptor|Tailwind|p2a: Staraptor
|-sidestart|p2: sogreenitslime|move: Tailwind
|move|p2b: Gholdengo|Shadow Ball|p1a: Gengar
|-supereffective|p1a: Gengar|1
|-damage|p1a: Gengar|0 fnt
|faint|p1a: Gengar
|-damage|p2b: Gholdengo|3/100|[from] item: Life Orb
|move|p1b: Tinkaton|Gigaton Hammer|p2b: Gholdengo
|-resisted|p2b: Gholdengo|1
|-damage|p2b: Gholdengo|0 fnt
|faint|p2b: Gholdengo
|
|upkeep
|
|t:|1785075563
|switch|p1a: Altaria|Altaria, L50, M|100/100
|switch|p2b: Milotic|Milotic, L50, F|100/100
|-ability|p1a: Altaria|Cloud Nine
|turn|2
|inactive|sogreenitslime has 30 seconds left.
|inactive|noka47 has 30 seconds left.
|inactive|sogreenitslime has 20 seconds left.
|
|t:|1785075602
|switch|p1a: Kingambit|Kingambit, L50, M|100/100
|detailschange|p2a: Staraptor|Staraptor-Mega, L50, M
|-mega|p2a: Staraptor|Staraptor|Staraptite
|move|p2a: Staraptor|Close Combat|p1b: Tinkaton
|-damage|p1b: Tinkaton|40/100
|-boost|p2a: Staraptor|def|1
|-boost|p2a: Staraptor|spd|1
|move|p2b: Milotic|Scald|p1b: Tinkaton
|-damage|p1b: Tinkaton|14/100
|move|p1b: Tinkaton|Encore|p2a: Staraptor
|-start|p2a: Staraptor|Encore
|
|upkeep
|turn|3
|
|t:|1785075625
|switch|p1b: Altaria|Altaria, L50, M|100/100
|-ability|p1b: Altaria|Cloud Nine
|move|p1a: Kingambit|Protect|p1a: Kingambit
|-singleturn|p1a: Kingambit|Protect
|move|p2a: Staraptor|Close Combat|p1a: Kingambit
|-activate|p1a: Kingambit|move: Protect
|move|p2b: Milotic|Scald|p1b: Altaria
|-resisted|p1b: Altaria|1
|-crit|p1b: Altaria
|-damage|p1b: Altaria|83/100
|
|-heal|p1b: Altaria|89/100|[from] item: Leftovers
|upkeep
|turn|4
|
|t:|1785075646
|switch|p1a: Tinkaton|Tinkaton, L50, F|14/100
|-ability|p1a: Tinkaton|Mold Breaker
|move|p2a: Staraptor|Close Combat|p1b: Altaria
|-resisted|p1b: Altaria|1
|-damage|p1b: Altaria|64/100
|-boost|p2a: Staraptor|def|1
|-boost|p2a: Staraptor|spd|1
|move|p2b: Milotic|Icy Wind|p1b: Altaria|[spread] p1a,p1b
|-resisted|p1a: Tinkaton|1
|-supereffective|p1b: Altaria|2
|-damage|p1a: Tinkaton|9/100
|-damage|p1b: Altaria|36/100
|-unboost|p1a: Tinkaton|spe|1
|-unboost|p1b: Altaria|spe|1
|move|p1b: Altaria|Will-O-Wisp|p2a: Staraptor|[miss]
|-miss|p1b: Altaria|p2a: Staraptor
|
|-heal|p1b: Altaria|43/100|[from] item: Leftovers
|-sideend|p2: sogreenitslime|move: Tailwind
|upkeep
|turn|5
|-message|noka47 forfeited.
|
|win|sogreenitslime
||noka47 is ready for game 2.
||sogreenitslime is ready for game 2.
|uhtml|next|Next: Game 2 of 3
|l|☆noka47
|player|p1|
