|j|☆rrrrayito
|j|☆gundot
|html|rrrrayitogundot    
|uhtml|bestof|Game 1 of a best-of-3
|t:|1783551552
|gametype|doubles
|player|p1|rrrrayito|170|1070
|player|p2|gundot|2|1216
|gen|9
|tier|[Gen 9 Champions] VGC 2026 Reg M-B (Bo3)
|rated|
|rule|Species Clause: Limit one of each Pokémon
|rule|Item Clause: Limit 1 of each item
|clearpoke
|poke|p1|Incineroar, L50, F, shiny|
|poke|p1|Rotom-Wash, L50, shiny|
|poke|p1|Aegislash, L50, F, shiny|
|poke|p1|Garchomp, L50, F|
|poke|p1|Floette-Eternal, L50, F, shiny|
|poke|p1|Talonflame, L50, F|
|poke|p2|Charizard, L50, F, shiny|
|poke|p2|Whimsicott, L50, F|
|poke|p2|Farigiraf, L50, F, shiny|
|poke|p2|Garchomp, L50, M|
|poke|p2|Mawile, L50, F, shiny|
|poke|p2|Basculegion, L50, M|
|teampreview|4
|showteam|p1|Incineroar||Leftovers|Intimidate|PartingShot,DarkestLariat,FlareBlitz,FakeOut|Careful||F|||50|]Rotom-Wash||SitrusBerry|Levitate|Protect,WillOWisp,Thunderbolt,HydroPump|Modest|||||50|]Aegislash||SpellTag|StanceChange|IronHead,Poltergeist,ShadowSneak,KingsShield|Adamant||F|||50|]Garchomp||WhiteHerb|RoughSkin|Earthquake,RockSlide,DragonClaw,Protect|Adamant||F|||50|]Floette-Eternal||Floettite|FlowerVeil|Moonblast,CalmMind,DazzlingGleam,Protect|Modest||F|||50|]Talonflame|||GaleWings|Acrobatics,Tailwind,FlareBlitz,Protect|Jolly||F|||50|
|showteam|p2|Charizard||CharizarditeY|SolarPower|HeatWave,WeatherBall,SolarBeam,Protect|Modest||F|||50|]Whimsicott||FocusSash|Prankster|Moonblast,Tailwind,Encore,Protect|Timid||F|||50|]Farigiraf||SitrusBerry|ArmorTail|Psychic,Thunderbolt,TrickRoom,HelpingHand|Modest||F|||50|]Garchomp||LifeOrb|RoughSkin|Earthquake,DragonClaw,RockSlide,Protect|Jolly||M|||50|]Mawile||Mawilite|HyperCutter|PlayRough,RockSlide,SuckerPunch,Protect|Adamant||F|||50|]Basculegion||MysticWater|Adaptability|WaveCrash,AquaJet,LastRespects,Protect|Adamant||M|||50|
|inactive|Battle timer is ON: inactive players will automatically lose when time's up. (requested by gundot)
|inactive|rrrrayito has 60 seconds left.
|inactive|gundot has 60 seconds left.
|inactive|gundot has 30 seconds left.
|
|t:|1783551618
|teamsize|p1|4
|teamsize|p2|4
|start
|switch|p1a: Talonflame|Talonflame, L50, F|100/100
|switch|p1b: Rotom|Rotom-Wash, L50, shiny|100/100
|switch|p2a: Farigiraf|Farigiraf, L50, F, shiny|100/100
|switch|p2b: Basculegion|Basculegion, L50, M|100/100
|turn|1
|inactive|rrrrayito has 30 seconds left.
|
|t:|1783551643
|move|p1a: Talonflame|Protect|p1a: Talonflame
|-singleturn|p1a: Talonflame|Protect
|move|p1b: Rotom|Thunderbolt|p2b: Basculegion
|-supereffective|p2b: Basculegion|1
|-damage|p2b: Basculegion|23/100
|move|p2b: Basculegion|Wave Crash|p1a: Talonflame
|-activate|p1a: Talonflame|move: Protect
|move|p2a: Farigiraf|Trick Room|p2a: Farigiraf
|-fieldstart|move: Trick Room|[of] p2a: Farigiraf
|
|upkeep
|turn|2
|
|t:|1783551669
|switch|p1a: Garchomp|Garchomp, L50, F|100/100
|move|p2a: Farigiraf|Thunderbolt|p1a: Garchomp
|-immune|p1a: Garchomp
|move|p2b: Basculegion|Wave Crash|p1a: Garchomp
|-damage|p1a: Garchomp|14/100
|-damage|p2b: Basculegion|11/100|[from] ability: Rough Skin|[of] p1a: Garchomp
|-damage|p2b: Basculegion|0 fnt|[from] Recoil
|faint|p2b: Basculegion
|move|p1b: Rotom|Thunderbolt|p2a: Farigiraf
|-damage|p2a: Farigiraf|63/100
|
|upkeep
|
|t:|1783551674
|switch|p2b: Mawile|Mawile, L50, F, shiny|100/100
|turn|3
|inactive|rrrrayito has 30 seconds left.
|
|t:|1783551701
|detailschange|p2b: Mawile|Mawile-Mega, L50, F, shiny
|-mega|p2b: Mawile|Mawile|Mawilite
|move|p2b: Mawile|Play Rough|p1b: Rotom
|-damage|p1b: Rotom|12/100
|-enditem|p1b: Rotom|Sitrus Berry|[eat]
|-heal|p1b: Rotom|37/100|[from] item: Sitrus Berry
|move|p2a: Farigiraf|Psychic|p1a: Garchomp
|-damage|p1a: Garchomp|0 fnt
|faint|p1a: Garchomp
|move|p1b: Rotom|Will-O-Wisp|p2b: Mawile
|-status|p2b: Mawile|brn
|
|-damage|p2b: Mawile|94/100 brn|[from] brn
|upkeep
|
|t:|1783551725
|switch|p1a: Floette|Floette-Eternal, L50, F, shiny|100/100
|turn|4
|
|t:|1783551738
|detailschange|p1a: Floette|Floette-Mega, L50, F, shiny
|-mega|p1a: Floette|Floette|Floettite
|-ability|p1a: Floette|Fairy Aura
|move|p2b: Mawile|Play Rough|p1a: Floette
|-damage|p1a: Floette|46/100
|move|p2a: Farigiraf|Psychic|p1b: Rotom
|-damage|p1b: Rotom|0 fnt
|faint|p1b: Rotom
|move|p1a: Floette|Dazzling Gleam|p2b: Mawile|[spread] p2a,p2b
|-resisted|p2b: Mawile|1
|-damage|p2a: Farigiraf|14/100
|-damage|p2b: Mawile|70/100 brn
|-enditem|p2a: Farigiraf|Sitrus Berry|[eat]
|-heal|p2a: Farigiraf|39/100|[from] item: Sitrus Berry
|
|-damage|p2b: Mawile|64/100 brn|[from] brn
|upkeep
|
|t:|1783551762
|switch|p1b: Talonflame|Talonflame, L50, F|100/100
|turn|5
|
|t:|1783551782
|move|p1a: Floette|Protect|p1a: Floette
|-singleturn|p1a: Floette|Protect
|move|p1b: Talonflame|Protect|p1b: Talonflame
|-singleturn|p1b: Talonflame|Protect
|move|p2b: Mawile|Play Rough|p1a: Floette
|-activate|p1a: Floette|move: Protect
|move|p2a: Farigiraf|Thunderbolt|p1b: Talonflame
|-activate|p1b: Talonflame|move: Protect
|
|-damage|p2b: Mawile|58/100 brn|[from] brn
|-fieldend|move: Trick Room
|upkeep
|turn|6
|inactive|rrrrayito has 30 seconds left.
|
|t:|1783551809
|move|p2a: Farigiraf|Helping Hand|p2b: Mawile
|-singleturn|p2b: Mawile|Helping Hand|[of] p2a: Farigiraf
|move|p2b: Mawile|Sucker Punch|p1a: Floette
|-resisted|p1a: Floette|1
|-damage|p1a: Floette|30/100
|move|p1b: Talonflame|Flare Blitz|p2b: Mawile
|-supereffective|p2b: Mawile|1
|-damage|p2b: Mawile|0 fnt
|faint|p2b: Mawile
|-damage|p1b: Talonflame|80/100|[from] Recoil
|move|p1a: Floette|Dazzling Gleam|p2a: Farigiraf
|-damage|p2a: Farigiraf|0 fnt
|faint|p2a: Farigiraf
|
|upkeep
|
|t:|1783551817
|switch|p2b: Garchomp|Garchomp, L50, M|100/100
|turn|7
|
|t:|1783551832
|move|p1b: Talonflame|Tailwind|p1b: Talonflame
|-sidestart|p1: rrrrayito|move: Tailwind
|move|p1a: Floette|Moonblast|p2b: Garchomp
|-supereffective|p2b: Garchomp|1
|-damage|p2b: Garchomp|0 fnt
|faint|p2b: Garchomp
|
|win|rrrrayito
