|j|☆fgyhung
|j|☆fumomarlboro
|html|fgyhungfumomarlboro    
|uhtml|bestof|Game 3 of a best-of-3
|t:|1756523965
|gametype|doubles
|player|p1|fgyhung|2|1179
|player|p2|fumomarlboro|169|1201
|gen|9
|tier|[Gen 9] VGC 2025 Reg H (Bo3)
|rated|
|rule|Species Clause: Limit one of each Pokémon
|rule|Item Clause: Limit 1 of each item
|clearpoke
|poke|p1|Weezing-Galar, L50, F|
|poke|p1|Dragapult, L50, M|
|poke|p1|Gholdengo, L50|
|poke|p1|Murkrow, L50, F|
|poke|p1|Annihilape, L50, M|
|poke|p1|Incineroar, L50, M|
|poke|p2|Archaludon, L50, F|
|poke|p2|Dragonite, L50, F|
|poke|p2|Pelipper, L50, F|
|poke|p2|Ursaluna, L50, M|
|poke|p2|Sinistcha, L50|
|poke|p2|Gholdengo, L50|
|teampreview|4
|showteam|p1|Weezing-Galar||SitrusBerry|NeutralizingGas|ToxicSpikes,Toxic,StrangeSteam,Protect|||F|||50|,,,,,Grass]Dragapult||ChoiceSpecs|ClearBody|Uturn,ShadowBall,FireBlast,DracoMeteor|||M|||50|,,,,,Dragon]Gholdengo||Leftovers|GoodasGold|MakeItRain,ShadowBall,NastyPlot,Protect||||||50|,,,,,Water]Murkrow||FocusSash|Prankster|SunnyDay,Tailwind,Haze,FoulPlay|||F|||50|,,,,,Ghost]Annihilape||SafetyGoggles|Defiant|BulkUp,RageFist,DrainPunch,Protect|||M|||50|,,,,,Water]Incineroar||AssaultVest|Intimidate|FakeOut,FlareBlitz,KnockOff,Uturn|||M|||50|,,,,,Bug
|showteam|p2|Archaludon||AssaultVest|Stamina|FlashCannon,BodyPress,ElectroShot,Snarl|||F|||50|,,,,,Fighting]Dragonite||LoadedDice|Multiscale|ScaleShot,Tailwind,Haze,Protect|||F|||50|,,,,,Fairy]Pelipper||FocusSash|Drizzle|MuddyWater,Hurricane,Tailwind,Protect|||F|||50|,,,,,Ghost]Ursaluna||FlameOrb|Guts|Facade,HeadlongRush,Earthquake,Protect|||M|||50|,,,,,Ghost]Sinistcha||SitrusBerry|Hospitality|MatchaGotcha,LifeDew,RagePowder,TrickRoom||||||50|,,,,,Dark]Gholdengo||ChoiceScarf|GoodasGold|MakeItRain,ShadowBall,Trick,Protect||||||50|,,,,,Flying
|inactive|Battle timer is ON: inactive players will automatically lose when time's up. (requested by fumomarlboro)
|
|t:|1756523981
|teamsize|p1|4
|teamsize|p2|4
|start
|switch|p1a: Weezing|Weezing-Galar, L50, F|100/100
|switch|p1b: Dragapult|Dragapult, L50, M|100/100
|switch|p2a: Dragonite|Dragonite, L50, F|100/100
|switch|p2b: Pelipper|Pelipper, L50, F|100/100
|-ability|p1a: Weezing|Neutralizing Gas
|turn|1
|inactive|fgyhung has 30 seconds left.
|inactive|fgyhung has 20 seconds left.
|inactive|fgyhung has 15 seconds left.
|
|t:|1756524021
|-terastallize|p2a: Dragonite|Fairy
|move|p1b: Dragapult|U-turn|p2b: Pelipper
|-resisted|p2b: Pelipper
|-damage|p2b: Pelipper|90/100
|
|t:|1756524029
|switch|p1b: Annihilape|Annihilape, L50, M|100/100|[from] U-turn
|move|p2a: Dragonite|Tailwind|p2a: Dragonite
|-sidestart|p2: fumomarlboro|move: Tailwind
|move|p2b: Pelipper|Muddy Water|p1a: Weezing|[spread] p1a,p1b
|-damage|p1a: Weezing|69/100
|-damage|p1b: Annihilape|76/100
|move|p1a: Weezing|Strange Steam|p2a: Dragonite
|-damage|p2a: Dragonite|71/100
|
|upkeep
|turn|2
|inactive|fgyhung has 30 seconds left.
|inactive|fgyhung has 20 seconds left.
|inactive|fgyhung has 15 seconds left.
|inactive|fgyhung has 10 seconds left.
|inactive|fgyhung has 5 seconds left.
|
|t:|1756524082
|-terastallize|p1a: Weezing|Grass
|move|p1b: Annihilape|Protect|p1b: Annihilape
|-singleturn|p1b: Annihilape|Protect
|move|p2a: Dragonite|Scale Shot|p1b: Annihilape
|-activate|p1b: Annihilape|move: Protect
|move|p2b: Pelipper|Hurricane|p1b: Annihilape
|-activate|p1b: Annihilape|move: Protect
|move|p1a: Weezing|Toxic|p2a: Dragonite
|-status|p2a: Dragonite|tox
|
|-damage|p2a: Dragonite|65/100 tox|[from] psn
|upkeep
|turn|3
|
|t:|1756524097
|-end|p1a: Weezing|ability: Neutralizing Gas
|-weather|RainDance|[from] ability: Drizzle|[of] p2b: Pelipper
|switch|p1a: Incineroar|Incineroar, L50, M|100/100
|-ability|p1a: Incineroar|Intimidate|boost
|-unboost|p2a: Dragonite|atk|1
|-unboost|p2b: Pelipper|atk|1
|move|p1b: Annihilape|Protect|p1b: Annihilape
|-singleturn|p1b: Annihilape|Protect
|move|p2a: Dragonite|Scale Shot|p1b: Annihilape
|-activate|p1b: Annihilape|move: Protect
|move|p2b: Pelipper|Hurricane|p1b: Annihilape
|-activate|p1b: Annihilape|move: Protect
|
|-weather|RainDance|[upkeep]
|-damage|p2a: Dragonite|53/100 tox|[from] psn
|upkeep
|turn|4
|
|t:|1756524122
|switch|p2a: Gholdengo|Gholdengo, L50|100/100
|move|p1a: Incineroar|Fake Out|p2b: Pelipper
|-damage|p2b: Pelipper|76/100
|cant|p2b: Pelipper|flinch
|move|p1b: Annihilape|Rage Fist|p2a: Gholdengo
|-supereffective|p2a: Gholdengo
|-damage|p2a: Gholdengo|0 fnt
|faint|p2a: Gholdengo
|
|-weather|RainDance|[upkeep]
|-sideend|p2: fumomarlboro|move: Tailwind
|upkeep
|
|t:|1756524136
|switch|p2a: Dragonite|Dragonite, L50, F, tera:Fairy|53/100 tox
|turn|5
|
|t:|1756524148
|move|p2a: Dragonite|Protect|p2a: Dragonite
|-singleturn|p2a: Dragonite|Protect
|move|p1b: Annihilape|Rage Fist|p2b: Pelipper
|-damage|p2b: Pelipper|16/100
|move|p2b: Pelipper|Tailwind|p2b: Pelipper
|-sidestart|p2: fumomarlboro|move: Tailwind
|move|p1a: Incineroar|U-turn|p2a: Dragonite
|-activate|p2a: Dragonite|move: Protect
|
|-weather|RainDance|[upkeep]
|-damage|p2a: Dragonite|47/100 tox|[from] psn
|upkeep
|turn|6
|inactive|fgyhung has 30 seconds left.
|
|t:|1756524176
|move|p1b: Annihilape|Protect|p1b: Annihilape
|-singleturn|p1b: Annihilape|Protect
|move|p2a: Dragonite|Scale Shot|p1a: Incineroar
|-damage|p1a: Incineroar|89/100
|-damage|p1a: Incineroar|78/100
|-damage|p1a: Incineroar|66/100
|-damage|p1a: Incineroar|54/100
|-damage|p1a: Incineroar|43/100
|-hitcount|p1a: Incineroar|5
|-unboost|p2a: Dragonite|def|1
|-boost|p2a: Dragonite|spe|1
|move|p2b: Pelipper|Hurricane|p1b: Annihilape
|-activate|p1b: Annihilape|move: Protect
|move|p1a: Incineroar|U-turn|p2b: Pelipper
|-resisted|p2b: Pelipper
|-damage|p2b: Pelipper|3/100
|
|t:|1756524192
|switch|p1a: Weezing|Weezing-Galar, L50, F, tera:Grass|69/100|[from] U-turn
|-ability|p1a: Weezing|Neutralizing Gas
|
|-weather|RainDance|[upkeep]
|-damage|p2a: Dragonite|35/100 tox|[from] psn
|upkeep
|turn|7
|
|t:|1756524207
|switch|p1b: Incineroar|Incineroar, L50, M|43/100
|move|p1a: Weezing|Protect|p1a: Weezing
|-singleturn|p1a: Weezing|Protect
|move|p2a: Dragonite|Scale Shot|p1a: Weezing
|-activate|p1a: Weezing|move: Protect
|move|p2b: Pelipper|Hurricane|p1b: Incineroar
|-damage|p1b: Incineroar|12/100
|-start|p1b: Incineroar|confusion
|
|-weather|none
|-damage|p2a: Dragonite|17/100 tox|[from] psn
|upkeep
|turn|8
|inactive|fgyhung has 30 seconds left.
|inactive|fgyhung has 20 seconds left.
|
|t:|1756524244
|move|p2a: Dragonite|Protect|p2a: Dragonite
|-singleturn|p2a: Dragonite|Protect
|move|p2b: Pelipper|Protect|p2b: Pelipper
|-singleturn|p2b: Pelipper|Protect
|-activate|p1b: Incineroar|confusion
|-damage|p1b: Incineroar|3/100|[from] confusion
|move|p1a: Weezing|Strange Steam|p2b: Pelipper
|-activate|p2b: Pelipper|move: Protect
|
|-damage|p2a: Dragonite|0 fnt|[from] psn
|faint|p2a: Dragonite
|-sideend|p2: fumomarlboro|move: Tailwind
|upkeep
|
|t:|1756524253
|switch|p2a: Archaludon|Archaludon, L50, F|100/100
|turn|9
|
|t:|1756524273
|move|p1a: Weezing|Protect|p1a: Weezing
|-singleturn|p1a: Weezing|Protect
|move|p2b: Pelipper|Tailwind|p2b: Pelipper
|-sidestart|p2: fumomarlboro|move: Tailwind
|move|p2a: Archaludon|Flash Cannon|p1a: Weezing
|-activate|p1a: Weezing|move: Protect
|-activate|p1b: Incineroar|confusion
|move|p1b: Incineroar|U-turn|p2b: Pelipper
|-resisted|p2b: Pelipper
|-damage|p2b: Pelipper|0 fnt
|faint|p2b: Pelipper
|
|t:|1756524292
|switch|p1b: Dragapult|Dragapult, L50, M|100/100|[from] U-turn
|
|upkeep
|turn|10
|
|t:|1756524298
|move|p2a: Archaludon|Snarl|p1a: Weezing|[spread] p1a,p1b
|-supereffective|p1b: Dragapult
|-damage|p1a: Weezing|56/100
|-damage|p1b: Dragapult|71/100
|-unboost|p1a: Weezing|spa|1
|-unboost|p1b: Dragapult|spa|1
|move|p1b: Dragapult|Draco Meteor|p2a: Archaludon|[miss]
|-miss|p1b: Dragapult|p2a: Archaludon
|move|p1a: Weezing|Strange Steam|p2a: Archaludon
|-damage|p2a: Archaludon|88/100
|
|upkeep
|turn|11
|
|t:|1756524315
|switch|p1b: Annihilape|Annihilape, L50, M|76/100
|move|p2a: Archaludon|Flash Cannon|p1a: Weezing
|-damage|p1a: Weezing|23/100
|-enditem|p1a: Weezing|Sitrus Berry|[eat]
|-heal|p1a: Weezing|48/100|[from] item: Sitrus Berry
|move|p1a: Weezing|Strange Steam|p2a: Archaludon
|-damage|p2a: Archaludon|76/100
|
|upkeep
|turn|12
|-message|fumomarlboro forfeited.
|
|win|fgyhung
|raw|fgyhung's rating: 1179 → 1206(+27 for winning)
|raw|fumomarlboro's rating: 1201 → 1174(-27 for losing)
|l|☆fgyhung
|player|p1|
