|j|☆Astelea
|j|☆player150766
|html|Asteleaplayer150766    
|uhtml|bestof|Game 2 of a best-of-3
|t:|1756253982
|gametype|doubles
|player|p1|Astelea|lady-gen4|1028
|player|p2|player150766|veteran|1075
|gen|9
|tier|[Gen 9] VGC 2025 Reg H (Bo3)
|rated|
|rule|Species Clause: Limit one of each Pokémon
|rule|Item Clause: Limit 1 of each item
|clearpoke
|poke|p1|Indeedee-F, L50, F|
|poke|p1|Armarouge, L50, M|
|poke|p1|Torkoal, L50, F|
|poke|p1|Ursaluna, L50, F|
|poke|p1|Hatterene, L50, F|
|poke|p1|Gallade, L50, M|
|poke|p2|Gholdengo, L50|
|poke|p2|Gallade, L50, M|
|poke|p2|Incineroar, L50, M|
|poke|p2|Farigiraf, L50, F|
|poke|p2|Rillaboom, L50, F|
|poke|p2|Ninetales-Alola, L50, F|
|teampreview|4
|showteam|p1|Indeedee-F||RockyHelmet|PsychicSurge|TrickRoom,FollowMe,HelpingHand,Psychic|||F|||50|,,,,,Ghost]Armarouge||PowerHerb|FlashFire|ExpandingForce,ArmorCannon,MeteorBeam,TrickRoom|||M|||50|,,,,,Grass]Torkoal||ChoiceSpecs|Drought|Eruption,WeatherBall,EarthPower,ClearSmog|||F|||50|,,,,,Water]Ursaluna||FlameOrb|Guts|Facade,ThunderPunch,HeadlongRush,Protect|||F|||50|,,,,,Ghost]Hatterene||LifeOrb|MagicBounce|ExpandingForce,DazzlingGleam,TrickRoom,Protect|||F|||50|,,,,,Psychic]Gallade||ClearAmulet|Sharpness|PsychoCut,SacredSword,WideGuard,TrickRoom|||M|||50|,,,,,Fire
|showteam|p2|Gholdengo||GrassySeed|GoodasGold|Protect,NastyPlot,MakeItRain,ShadowBall||||||50|,,,,,Water]Gallade||ClearAmulet|Sharpness|Protect,SacredSword,PsychoCut,SwordsDance|||M|||50|,,,,,Fairy]Incineroar||SafetyGoggles|Intimidate|FakeOut,KnockOff,FlareBlitz,PartingShot|||M|||50|,,,,,Ghost]Farigiraf||ThroatSpray|ArmorTail|Protect,TrickRoom,HyperVoice,Psychic|||F|||50|,,,,,Fairy]Rillaboom||AssaultVest|GrassySurge|FakeOut,GrassyGlide,WoodHammer,Uturn|||F|||50|,,,,,Fire]Ninetales-Alola||FocusSash|SnowWarning|IcyWind,AuroraVeil,Encore,Blizzard|||F|||50|,,,,,Ghost
|inactive|Battle timer is ON: inactive players will automatically lose when time's up. (requested by player150766)
|inactive|Astelea also wants the timer to be on.
|inactive|Astelea has 60 seconds left.
|inactive|player150766 has 60 seconds left.
|inactive|Astelea has 30 seconds left.
|inactive|player150766 has 30 seconds left.
|inactive|Astelea has 20 seconds left.
|inactive|Astelea has 15 seconds left.
|
|t:|1756254063
|teamsize|p1|4
|teamsize|p2|4
|start
|switch|p1a: Armarouge|Armarouge, L50, M|100/100
|switch|p1b: Ursaluna|Ursaluna, L50, F|100/100
|switch|p2a: Incineroar|Incineroar, L50, M|100/100
|switch|p2b: Gallade|Gallade, L50, M, shiny|100/100
|-ability|p2a: Incineroar|Intimidate|boost
|-unboost|p1a: Armarouge|atk|1
|-unboost|p1b: Ursaluna|atk|1
|turn|1
|inactive|player150766 has 30 seconds left.
|
|t:|1756254095
|-terastallize|p1a: Armarouge|Grass
|move|p2b: Gallade|Psycho Cut|p1a: Armarouge
|-damage|p1a: Armarouge|45/100
|move|p2a: Incineroar|Knock Off|p1a: Armarouge
|-damage|p1a: Armarouge|6/100
|-enditem|p1a: Armarouge|Power Herb|[from] move: Knock Off|[of] p2a: Incineroar
|move|p1b: Ursaluna|Headlong Rush|p2a: Incineroar
|-supereffective|p2a: Incineroar
|-damage|p2a: Incineroar|4/100
|-unboost|p1b: Ursaluna|def|1
|-unboost|p1b: Ursaluna|spd|1
|move|p1a: Armarouge|Trick Room|p1a: Armarouge
|-fieldstart|move: Trick Room|[of] p1a: Armarouge
|
|-status|p1b: Ursaluna|brn|[from] item: Flame Orb
|upkeep
|turn|2
|c|☆player150766|What have i done
|inactive|Astelea has 30 seconds left.
|inactive|player150766 has 30 seconds left.
|inactive|Astelea has 20 seconds left.
|
|t:|1756254132
|switch|p2a: Rillaboom|Rillaboom, L50, F|100/100
|-fieldstart|move: Grassy Terrain|[from] ability: Grassy Surge|[of] p2a: Rillaboom
|move|p2b: Gallade|Protect|p2b: Gallade
|-singleturn|p2b: Gallade|Protect
|move|p1b: Ursaluna|Facade|p2b: Gallade
|-activate|p2b: Gallade|move: Protect
|move|p1a: Armarouge|Armor Cannon|p2a: Rillaboom
|-supereffective|p2a: Rillaboom
|-damage|p2a: Rillaboom|0 fnt
|-unboost|p1a: Armarouge|def|1
|-unboost|p1a: Armarouge|spd|1
|faint|p2a: Rillaboom
|
|-heal|p1a: Armarouge|12/100|[from] Grassy Terrain
|-damage|p1b: Ursaluna|95/100 brn|[from] brn
|upkeep
|
|t:|1756254141
|switch|p2a: Incineroar|Incineroar, L50, M|4/100
|-ability|p2a: Incineroar|Intimidate|boost
|-unboost|p1a: Armarouge|atk|1
|-unboost|p1b: Ursaluna|atk|1
|turn|3
|c|☆Astelea|ripppp
|c|☆Astelea|insta dead
|
|t:|1756254155
|switch|p1a: Indeedee|Indeedee-F, L50, F|100/100
|-fieldstart|move: Psychic Terrain|[from] ability: Psychic Surge|[of] p1a: Indeedee
|move|p1b: Ursaluna|Protect|p1b: Ursaluna
|-singleturn|p1b: Ursaluna|Protect
|move|p2a: Incineroar|Fake Out|p1a: Indeedee
|-activate|p1a: Indeedee|move: Psychic Terrain
|move|p2b: Gallade|Sacred Sword|p1b: Ursaluna
|-activate|p1b: Ursaluna|move: Protect
|
|-damage|p1b: Ursaluna|89/100 brn|[from] brn
|upkeep
|turn|4
|inactive|Astelea has 30 seconds left.
|
|t:|1756254181
|switch|p2a: Farigiraf|Farigiraf, L50, F|100/100
|move|p2b: Gallade|Protect|p2b: Gallade
|-singleturn|p2b: Gallade|Protect
|move|p1a: Indeedee|Follow Me|p1a: Indeedee
|-singleturn|p1a: Indeedee|move: Follow Me
|move|p1b: Ursaluna|Facade|p2a: Farigiraf
|-damage|p2a: Farigiraf|38/100
|
|-damage|p1b: Ursaluna|83/100 brn|[from] brn
|upkeep
|turn|5
|inactive|player150766 has 30 seconds left.
|inactive|player150766 has 20 seconds left.
|
|t:|1756254217
|switch|p2a: Incineroar|Incineroar, L50, M|4/100
|-ability|p2a: Incineroar|Intimidate|boost
|-unboost|p1a: Indeedee|atk|1
|-unboost|p1b: Ursaluna|atk|1
|switch|p1a: Torkoal|Torkoal, L50, F|100/100
|-weather|SunnyDay|[from] ability: Drought|[of] p1a: Torkoal
|-terastallize|p2b: Gallade|Fairy
|move|p1b: Ursaluna|Facade|p2a: Incineroar
|-damage|p2a: Incineroar|0 fnt
|faint|p2a: Incineroar
|move|p2b: Gallade|Swords Dance|p2b: Gallade
|-boost|p2b: Gallade|atk|2
|
|-weather|SunnyDay|[upkeep]
|-damage|p1b: Ursaluna|77/100 brn|[from] brn
|-fieldend|move: Trick Room
|upkeep
|
|t:|1756254229
|switch|p2a: Farigiraf|Farigiraf, L50, F|38/100
|turn|6
|
|t:|1756254244
|switch|p1b: Indeedee|Indeedee-F, L50, F|100/100
|move|p2b: Gallade|Psycho Cut|p1a: Torkoal
|-damage|p1a: Torkoal|0 fnt
|faint|p1a: Torkoal
|move|p2a: Farigiraf|Hyper Voice|p1b: Indeedee
|-damage|p1b: Indeedee|61/100
|-enditem|p2a: Farigiraf|Throat Spray
|-boost|p2a: Farigiraf|spa|1|[from] item: Throat Spray
|
|-weather|SunnyDay|[upkeep]
|upkeep
|
|t:|1756254253
|switch|p1a: Ursaluna|Ursaluna, L50, F|77/100 brn
|turn|7
|
|t:|1756254272
|move|p2b: Gallade|Protect|p2b: Gallade
|-singleturn|p2b: Gallade|Protect
|move|p1a: Ursaluna|Protect|p1a: Ursaluna
|-singleturn|p1a: Ursaluna|Protect
|move|p2a: Farigiraf|Hyper Voice|p1b: Indeedee|[spread] p1b
|-activate|p1a: Ursaluna|move: Protect
|-damage|p1b: Indeedee|13/100
|move|p1b: Indeedee|Trick Room|p1b: Indeedee
|-fieldstart|move: Trick Room|[of] p1b: Indeedee
|
|-weather|SunnyDay|[upkeep]
|-damage|p1a: Ursaluna|71/100 brn|[from] brn
|-fieldend|move: Psychic Terrain
|upkeep
|turn|8
|
|t:|1756254291
|move|p1b: Indeedee|Helping Hand|p1a: Ursaluna
|-singleturn|p1a: Ursaluna|Helping Hand|[of] p1b: Indeedee
|move|p2b: Gallade|Protect|p2b: Gallade
|-singleturn|p2b: Gallade|Protect
|move|p1a: Ursaluna|Facade|p2b: Gallade
|-activate|p2b: Gallade|move: Protect
|move|p2a: Farigiraf|Trick Room|p2a: Farigiraf
|-fieldend|move: Trick Room
|
|-weather|SunnyDay|[upkeep]
|-damage|p1a: Ursaluna|65/100 brn|[from] brn
|upkeep
|turn|9
|c|☆Astelea|bro
|inactive|Astelea has 30 seconds left.
|
|t:|1756254319
|move|p1b: Indeedee|Follow Me|p1b: Indeedee
|-singleturn|p1b: Indeedee|move: Follow Me
|move|p2b: Gallade|Sacred Sword|p1b: Indeedee
|-damage|p1b: Indeedee|0 fnt
|-damage|p2b: Gallade|84/100|[from] item: Rocky Helmet|[of] p1b: Indeedee
|faint|p1b: Indeedee
|move|p2a: Farigiraf|Hyper Voice|p1a: Ursaluna
|-damage|p1a: Ursaluna|9/100 brn
|move|p1a: Ursaluna|Facade|p2b: Gallade
|-damage|p2b: Gallade|0 fnt
|faint|p2b: Gallade
|
|-weather|none
|-damage|p1a: Ursaluna|3/100 brn|[from] brn
|upkeep
|c|☆player150766|1 in 3
|
|t:|1756254324
|switch|p1b: Armarouge|Armarouge, L50, M, tera:Grass|12/100
|turn|10
|
|t:|1756254338
|move|p2a: Farigiraf|Hyper Voice|p1b: Armarouge|[spread] p1a,p1b
|-crit|p1a: Ursaluna
|-damage|p1a: Ursaluna|0 fnt
|-damage|p1b: Armarouge|0 fnt
|faint|p1a: Ursaluna
|faint|p1b: Armarouge
|
|win|player150766
|c|☆player150766|Farig with the clutch
||Astelea is ready for game 3.
