|j|☆entei enthusiast
|j|☆Shishio_Ax
|html|entei enthusiastShishio_Ax    
|uhtml|bestof|Game 1 of a best-of-3
|t:|1756572022
|gametype|doubles
|player|p1|entei enthusiast|265|1349
|player|p2|Shishio_Ax|gambler|1384
|gen|9
|tier|[Gen 9] VGC 2025 Reg H (Bo3)
|rated|
|rule|Species Clause: Limit one of each Pokémon
|rule|Item Clause: Limit 1 of each item
|clearpoke
|poke|p1|Gholdengo, L50|
|poke|p1|Sneasler, L50, M|
|poke|p1|Rillaboom, L50, M|
|poke|p1|Dragonite, L50, M|
|poke|p1|Ninetales-Alola, L50, F|
|poke|p1|Arcanine-Hisui, L50, M|
|poke|p2|Charizard, L50, M|
|poke|p2|Dragapult, L50, M|
|poke|p2|Sneasler, L50, F|
|poke|p2|Tsareena, L50, F|
|poke|p2|Ursaluna-Bloodmoon, L50, M|
|poke|p2|Whimsicott, L50, F|
|teampreview|4
|showteam|p1|Gholdengo||GrassySeed|GoodasGold|NastyPlot,MakeItRain,ShadowBall,Protect||||||50|,,,,,Water]Sneasler||WhiteHerb|Unburden|CloseCombat,DireClaw,Coaching,Protect|||M|||50|,,,,,Ghost]Rillaboom||AssaultVest|GrassySurge|FakeOut,GrassyGlide,DrumBeating,HighHorsepower|||M|||50|,,,,,Fire]Dragonite||LoadedDice|Multiscale|ScaleShot,StompingTantrum,Tailwind,Protect|||M|||50|,,,,,Ground]Ninetales-Alola||FocusSash|SnowWarning|Blizzard,IcyWind,Encore,AuroraVeil|||F|||50|,,,,,Ghost]Arcanine-Hisui||ClearAmulet|Intimidate|RockSlide,FlareBlitz,ExtremeSpeed,Protect|||M|||50|,,,,,Water
|showteam|p2|Charizard||ChoiceSpecs|SolarPower|HeatWave,Overheat,WeatherBall,SolarBeam|||M|||50|,,,,,Ghost]Dragapult||ChoiceBand|ClearBody|DragonDarts,Outrage,PhantomForce,Uturn|||M|||50|,,,,,Dragon]Sneasler||FocusSash|Unburden|DireClaw,CloseCombat,ThroatChop,Protect|||F|||50|,,,,,Dark]Tsareena||WideLens|QueenlyMajesty|PowerWhip,TripleAxel,HelpingHand,Protect|||F|||50|,,,,,Ice]Ursaluna-Bloodmoon||LifeOrb|MindsEye|BloodMoon,HyperVoice,EarthPower,Protect|||M|||50|,,,,,Normal]Whimsicott||CovertCloak|Prankster|Moonblast,Tailwind,Encore,SunnyDay|||F|||50|,,,,,Poison
|inactive|Battle timer is ON: inactive players will automatically lose when time's up. (requested by entei enthusiast)
|inactive|entei enthusiast has 60 seconds left.
|inactive|entei enthusiast has 30 seconds left.
|
|t:|1756572092
|teamsize|p1|4
|teamsize|p2|4
|start
|switch|p1a: Dragonite|Dragonite, L50, M|100/100
|switch|p1b: Ninetales|Ninetales-Alola, L50, F|100/100
|switch|p2a: Shāhmat|Ursaluna-Bloodmoon, L50, M|100/100
|switch|p2b: Mary|Whimsicott, L50, F|100/100
|-weather|Snowscape|[from] ability: Snow Warning|[of] p1b: Ninetales
|turn|1
|inactive|entei enthusiast has 30 seconds left.
|
|t:|1756572126
|-terastallize|p2a: Shāhmat|Normal
|move|p2b: Mary|Tailwind|p2b: Mary
|-sidestart|p2: Shishio_Ax|move: Tailwind
|move|p2a: Shāhmat|Hyper Voice|p1b: Ninetales|[spread] p1a,p1b
|-crit|p1a: Dragonite
|-damage|p1a: Dragonite|42/100
|-damage|p1b: Ninetales|19/100
|-damage|p2a: Shāhmat|91/100|[from] item: Life Orb
|move|p1b: Ninetales|Encore|p2b: Mary
|-start|p2b: Mary|Encore
|move|p1a: Dragonite|Scale Shot|p2a: Shāhmat
|-damage|p2a: Shāhmat|80/100
|-damage|p2a: Shāhmat|68/100
|-crit|p2a: Shāhmat
|-damage|p2a: Shāhmat|51/100
|-damage|p2a: Shāhmat|40/100
|-damage|p2a: Shāhmat|27/100
|-hitcount|p2a: Shāhmat|5
|-unboost|p1a: Dragonite|def|1
|-boost|p1a: Dragonite|spe|1
|
|-weather|Snowscape|[upkeep]
|upkeep
|turn|2
|inactive|entei enthusiast has 30 seconds left.
|
|t:|1756572152
|switch|p2b: Agni|Charizard, L50, M|100/100
|switch|p1b: Arcanine|Arcanine-Hisui, L50, M, shiny|100/100
|-ability|p1b: Arcanine|Intimidate|boost
|-unboost|p2a: Shāhmat|atk|1
|-unboost|p2b: Agni|atk|1
|move|p1a: Dragonite|Protect|p1a: Dragonite
|-singleturn|p1a: Dragonite|Protect
|move|p2a: Shāhmat|Hyper Voice|p1b: Arcanine|[spread] p1b
|-activate|p1a: Dragonite|move: Protect
|-resisted|p1b: Arcanine
|-damage|p1b: Arcanine|60/100
|-damage|p2a: Shāhmat|18/100|[from] item: Life Orb
|
|-weather|Snowscape|[upkeep]
|upkeep
|turn|3
|
|t:|1756572175
|switch|p2a: Mary|Whimsicott, L50, F|100/100
|move|p1b: Arcanine|Extreme Speed|p2a: Mary
|-damage|p2a: Mary|66/100
|move|p2b: Agni|Weather Ball|p1a: Dragonite
|-supereffective|p1a: Dragonite
|-damage|p1a: Dragonite|0 fnt
|faint|p1a: Dragonite
|
|-weather|Snowscape|[upkeep]
|upkeep
|
|t:|1756572181
|switch|p1a: Gholdengo|Gholdengo, L50, shiny|100/100
|turn|4
|
|t:|1756572197
|-terastallize|p1a: Gholdengo|Water
|move|p2a: Mary|Sunny Day|p2a: Mary
|-weather|SunnyDay
|move|p2b: Agni|Weather Ball|p1a: Gholdengo
|-resisted|p1a: Gholdengo
|-damage|p1a: Gholdengo|16/100
|move|p1b: Arcanine|Rock Slide|p2b: Agni|[spread] p2a,p2b
|-supereffective|p2b: Agni
|-damage|p2a: Mary|31/100
|-damage|p2b: Agni|0 fnt
|faint|p2b: Agni
|move|p1a: Gholdengo|Nasty Plot|p1a: Gholdengo
|-boost|p1a: Gholdengo|spa|2
|
|-weather|SunnyDay|[upkeep]
|-sideend|p2: Shishio_Ax|move: Tailwind
|upkeep
|
|t:|1756572203
|switch|p2b: Shāhmat|Ursaluna-Bloodmoon, L50, M, tera:Normal|18/100
|turn|5
|
|t:|1756572217
|move|p2b: Shāhmat|Protect|p2b: Shāhmat
|-singleturn|p2b: Shāhmat|Protect
|move|p1b: Arcanine|Extreme Speed|p2a: Mary
|-damage|p2a: Mary|0 fnt
|faint|p2a: Mary
|move|p1a: Gholdengo|Make It Rain|p2b: Shāhmat
|-activate|p2b: Shāhmat|move: Protect
|
|-weather|SunnyDay|[upkeep]
|upkeep
|
|t:|1756572220
|switch|p2a: D'oro|Sneasler, L50, F|100/100
|turn|6
|
|t:|1756572235
|move|p2b: Shāhmat|Protect||[still]
|-fail|p2b: Shāhmat
|move|p1b: Arcanine|Extreme Speed|p2b: Shāhmat
|-damage|p2b: Shāhmat|0 fnt
|faint|p2b: Shāhmat
|move|p2a: D'oro|Dire Claw|p1a: Gholdengo
|-damage|p1a: Gholdengo|0 fnt
|faint|p1a: Gholdengo
|
|-weather|SunnyDay|[upkeep]
|upkeep
|
|t:|1756572240
|switch|p1a: Ninetales|Ninetales-Alola, L50, F|19/100
|-weather|Snowscape|[from] ability: Snow Warning|[of] p1a: Ninetales
|turn|7
|
|t:|1756572246
|move|p2a: D'oro|Protect|p2a: D'oro
|-singleturn|p2a: D'oro|Protect
|move|p1a: Ninetales|Icy Wind|p2a: D'oro
|-activate|p2a: D'oro|move: Protect
|move|p1b: Arcanine|Flare Blitz|p2a: D'oro
|-activate|p2a: D'oro|move: Protect
|
|-weather|Snowscape|[upkeep]
|upkeep
|turn|8
|
|t:|1756572256
|move|p1a: Ninetales|Icy Wind|p2a: D'oro
|-damage|p2a: D'oro|73/100
|-unboost|p2a: D'oro|spe|1
|move|p1b: Arcanine|Flare Blitz|p2a: D'oro
|-damage|p2a: D'oro|0 fnt
|faint|p2a: D'oro
|-damage|p1b: Arcanine|38/100|[from] Recoil
|
|win|entei enthusiast
||Shishio_Ax is ready for game 2.
