|j|☆Lethal09
|j|☆gluttorn
|html|Lethal09gluttorn    
|uhtml|bestof|Game 1 of a best-of-3
|t:|1782484890
|gametype|doubles
|player|p1|Lethal09|101|1000
|player|p2|gluttorn|266|1071
|gen|9
|tier|[Gen 9 Champions] VGC 2026 Reg M-B (Bo3)
|rated|
|rule|Species Clause: Limit one of each Pokémon
|rule|Item Clause: Limit 1 of each item
|clearpoke
|poke|p1|Infernape, L50, M|
|poke|p1|Meowstic, L50, M|
|poke|p1|Alcremie, L50, F|
|poke|p1|Alakazam, L50, M|
|poke|p1|Orthworm, L50, M|
|poke|p1|Diggersby, L50, F|
|poke|p2|Scrafty, L50, F|
|poke|p2|Torkoal, L50, F|
|poke|p2|Farigiraf, L50, F|
|poke|p2|Hatterene, L50, F|
|poke|p2|Vileplume, L50, M|
|poke|p2|Archaludon, L50, M|
|teampreview|4
|showteam|p1|Infernape||FocusSash|IronFist|FirePunch,MachPunch,CloseCombat,ThunderPunch|Jolly||M|||50|]Meowstic||ColburBerry|Prankster|ExpandingForce,Gravity,TrickRoom,PsychicTerrain|Bold||M|||50|]Alcremie||SitrusBerry|AromaVeil|DazzlingGleam,HelpingHand,Decorate,PsychUp|Bold||F|||50|]Alakazam||Alakazite|InnerFocus|Protect,ExpandingForce,FocusBlast,ShadowBall|Timid||M|||50|]Orthworm||OccaBerry|EarthEater|HelpingHand,IronDefense,BodyPress,ShedTail|Impish||M|||50|]Diggersby||ChoiceScarf|HugePower|Earthquake,RockSlide,BodySlam,Uturn|Jolly||F|||50|
|showteam|p2|Scrafty||Scraftinite|Intimidate|FakeOut,KnockOff,DrainPunch,RockSlide|Brave||F|||50|]Torkoal||Charcoal|Drought|EarthPower,HeatWave,Eruption,Protect|Quiet||F|||50|]Farigiraf||MentalHerb|ArmorTail|Protect,HelpingHand,TrickRoom,Psychic|Calm||F|||50|]Hatterene||LifeOrb|MagicBounce|DazzlingGleam,Psychic,TrickRoom,Protect|Modest||F|||50|]Vileplume||FocusSash|Chlorophyll|AfterYou,Protect,EnergyBall,SludgeBomb|Timid||M|||50|]Archaludon||ChoiceScarf|Sturdy|Thunderbolt,DragonPulse,FlashCannon,BrickBreak|Timid||M|||50|
|inactive|Battle timer is ON: inactive players will automatically lose when time's up. (requested by gluttorn)
|inactive|gluttorn has 60 seconds left.
|
|t:|1782484953
|teamsize|p1|4
|teamsize|p2|4
|start
|switch|p1a: Alakazam|Alakazam, L50, M|100/100
|switch|p1b: Meowstic|Meowstic, L50, M|100/100
|switch|p2a: Scrafty|Scrafty, L50, F|100/100
|switch|p2b: Farigiraf|Farigiraf, L50, F|100/100
|-ability|p2a: Scrafty|Intimidate|boost
|-fail|p1a: Alakazam|unboost|Attack|[from] ability: Inner Focus|[of] p1a: Alakazam
|-unboost|p1b: Meowstic|atk|1
|turn|1
|
|t:|1782484970
|move|p2a: Scrafty|Fake Out|p1b: Meowstic
|-damage|p1b: Meowstic|83/100
|cant|p1b: Meowstic|flinch
|move|p1a: Alakazam|Expanding Force|p2b: Farigiraf
|-resisted|p2b: Farigiraf|1
|-damage|p2b: Farigiraf|85/100
|move|p2b: Farigiraf|Trick Room|p2b: Farigiraf
|-fieldstart|move: Trick Room|[of] p2b: Farigiraf
|
|upkeep
|turn|2
|
|t:|1782484989
|switch|p2b: Torkoal|Torkoal, L50, F|100/100
|-weather|SunnyDay|[from] ability: Drought|[of] p2b: Torkoal
|detailschange|p2a: Scrafty|Scrafty-Mega, L50, F
|-mega|p2a: Scrafty|Scrafty|Scraftinite
|-ability|p2a: Scrafty|Intimidate|boost
|-fail|p1a: Alakazam|unboost|Attack|[from] ability: Inner Focus|[of] p1a: Alakazam
|-unboost|p1b: Meowstic|atk|1
|move|p1b: Meowstic|Psychic Terrain|p1b: Meowstic
|-fieldstart|move: Psychic Terrain
|move|p2a: Scrafty|Knock Off|p1b: Meowstic
|-supereffective|p1b: Meowstic|1
|-enditem|p1b: Meowstic|Colbur Berry|[eat]
|-enditem|p1b: Meowstic|Colbur Berry|[weaken]
|-damage|p1b: Meowstic|3/100
|move|p1a: Alakazam|Expanding Force|p2b: Torkoal|[spread] p2b
|-immune|p2a: Scrafty
|-damage|p2b: Torkoal|32/100
|
|-weather|SunnyDay|[upkeep]
|upkeep
|turn|3
|inactive|Lethal09 has 30 seconds left.
|
|t:|1782485020
|switch|p1b: Diggersby|Diggersby, L50, F|100/100
|move|p2b: Torkoal|Eruption|p1a: Alakazam|[spread] p1a,p1b
|-damage|p1a: Alakazam|60/100
|-damage|p1b: Diggersby|58/100
|move|p2a: Scrafty|Knock Off|p1a: Alakazam
|-supereffective|p1a: Alakazam|1
|-damage|p1a: Alakazam|0 fnt
|faint|p1a: Alakazam
|
|-weather|SunnyDay|[upkeep]
|upkeep
|
|t:|1782485030
|switch|p1a: Orthworm|Orthworm, L50, M|100/100
|turn|4
|
|t:|1782485050
|move|p2b: Torkoal|Eruption|p1a: Orthworm|[spread] p1a,p1b
|-supereffective|p1a: Orthworm|1
|-enditem|p1a: Orthworm|Occa Berry|[eat]
|-enditem|p1a: Orthworm|Occa Berry|[weaken]
|-damage|p1a: Orthworm|44/100
|-damage|p1b: Diggersby|18/100
|move|p2a: Scrafty|Drain Punch|p1b: Diggersby
|-supereffective|p1b: Diggersby|1
|-damage|p1b: Diggersby|0 fnt
|faint|p1b: Diggersby
|move|p1a: Orthworm|Body Press|p2a: Scrafty
|-supereffective|p2a: Scrafty|1
|-damage|p2a: Scrafty|55/100
|
|-weather|SunnyDay|[upkeep]
|upkeep
|
|t:|1782485064
|switch|p1b: Meowstic|Meowstic, L50, M|3/100
|turn|5
|
|t:|1782485074
|move|p2b: Torkoal|Heat Wave|p1b: Meowstic|[spread] p1a,p1b
|-supereffective|p1a: Orthworm|1
|-damage|p1a: Orthworm|0 fnt
|-damage|p1b: Meowstic|0 fnt
|faint|p1a: Orthworm
|faint|p1b: Meowstic
|
|win|gluttorn
||Lethal09 is ready for game 2.
