|j|☆Mark_vr.vgc
|j|☆Paco Amores
|html|Mark_vr.vgcPaco Amores    
|uhtml|bestof|Game 1 of a best-of-3
|t:|1783114399
|gametype|doubles
|player|p1|Mark_vr.vgc|hugh|1056
|player|p2|Paco Amores|birdkeeper|1158
|gen|9
|tier|[Gen 9 Champions] VGC 2026 Reg M-B (Bo3)
|rated|
|rule|Species Clause: Limit one of each Pokémon
|rule|Item Clause: Limit 1 of each item
|clearpoke
|poke|p1|Steelix, L50, F|
|poke|p1|Tyranitar, L50, F|
|poke|p1|Sinistcha, L50|
|poke|p1|Sneasler, L50, F|
|poke|p1|Orthworm, L50, F|
|poke|p1|Excadrill, L50, M|
|poke|p2|Sylveon, L50, M|
|poke|p2|Incineroar, L50, M|
|poke|p2|Aerodactyl, L50, F|
|poke|p2|Charizard, L50, F|
|poke|p2|Metagross, L50|
|poke|p2|Garchomp, L50, M|
|teampreview|4
|showteam|p1|Steelix||Steelixite|SheerForce|BodyPress,HighHorsepower,GyroBall,Protect|Adamant||F|||50|]Tyranitar||Tyranitarite|SandStream|DragonDance,RockSlide,KnockOff,Protect|Brave||F|||50|]Sinistcha||FocusSash|Hospitality|TrickRoom,MatchaGotcha,LifeDew,Protect|Quiet|||||50|]Sneasler||WhiteHerb|PoisonTouch|FakeOut,DireClaw,CloseCombat,Protect|Adamant||F|||50|]Orthworm||ChestoBerry|SandVeil|ShedTail,BodyPress,Curse,Rest|Relaxed||F|||50|]Excadrill||ExpertBelt|SandRush|HighHorsepower,Protect,IronHead,SwordsDance|Adamant||M|||50|
|showteam|p2|Sylveon||FairyFeather|Pixilate|HyperBeam,HyperVoice,Detect,QuickAttack|Modest||M|||50|]Incineroar||SitrusBerry|Intimidate|FakeOut,PartingShot,FlareBlitz,ThroatChop|Careful||M|||50|]Aerodactyl||FocusSash|Unnerve|Tailwind,RockSlide,DualWingbeat,Protect|Jolly||F|||50|]Charizard||CharizarditeY|SolarPower|Protect,WeatherBall,SolarBeam,HeatWave|Modest||F|||50|]Metagross||Metagrossite|ClearBody|BulletPunch,PsychicFangs,BodyPress,Protect|Adamant|||||50|]Garchomp||LifeOrb|RoughSkin|Protect,RockSlide,Earthquake,DragonClaw|Jolly||M|||50|
|inactive|Battle timer is ON: inactive players will automatically lose when time's up. (requested by Paco Amores)
|inactive|Paco Amores has 60 seconds left.
|inactive|Paco Amores has 30 seconds left.
|inactive|Paco Amores has 20 seconds left.
|inactive|Paco Amores has 15 seconds left.
|
|t:|1783114541
|teamsize|p1|4
|teamsize|p2|4
|start
|switch|p1a: The worm|Orthworm, L50, F|100/100
|switch|p1b: Herbivore|Sneasler, L50, F|100/100
|switch|p2a: Garchomp|Garchomp, L50, M|100/100
|switch|p2b: Incineroar|Incineroar, L50, M|100/100
|-ability|p2b: Incineroar|Intimidate|boost
|-unboost|p1a: The worm|atk|1
|-unboost|p1b: Herbivore|atk|1
|-enditem|p1b: Herbivore|White Herb
|-clearnegativeboost|p1b: Herbivore|[silent]
|turn|1
|inactive|Mark_vr.vgc has 30 seconds left.
|inactive|Paco Amores has 30 seconds left.
|inactive|Mark_vr.vgc has 20 seconds left.
|inactive|Paco Amores has 20 seconds left.
|inactive|Mark_vr.vgc has 15 seconds left.
|inactive|Paco Amores has 15 seconds left.
|inactive|Mark_vr.vgc has 10 seconds left.
|
|t:|1783114590
|move|p1b: Herbivore|Fake Out|p2a: Garchomp
|-damage|p2a: Garchomp|86/100
|-damage|p1b: Herbivore|87/100|[from] ability: Rough Skin|[of] p2a: Garchomp
|-status|p2a: Garchomp|psn|[from] ability: Poison Touch|[of] p1b: Herbivore
|move|p2b: Incineroar|Fake Out|p1a: The worm
|-resisted|p1a: The worm|1
|-damage|p1a: The worm|96/100
|cant|p2a: Garchomp|flinch
|cant|p1a: The worm|flinch
|
|-damage|p2a: Garchomp|74/100 psn|[from] psn
|upkeep
|turn|2
|inactive|Mark_vr.vgc has 30 seconds left.
|inactive|Paco Amores has 30 seconds left.
|
|t:|1783114622
|switch|p2b: Aerodactyl|Aerodactyl, L50, F|100/100
|-ability|p2b: Aerodactyl|Unnerve
|move|p1b: Herbivore|Protect|p1b: Herbivore
|-singleturn|p1b: Herbivore|Protect
|move|p2a: Garchomp|Earthquake|p1b: Herbivore|[spread] p1a
|-activate|p1b: Herbivore|move: Protect
|-immune|p2b: Aerodactyl
|-supereffective|p1a: The worm|1
|-damage|p1a: The worm|42/100
|-damage|p2a: Garchomp|64/100 psn|[from] item: Life Orb
|move|p1a: The worm|Shed Tail|p1a: The worm
|-fail|p1a: The worm|move: Shed Tail|[weak]
|
|-damage|p2a: Garchomp|52/100 psn|[from] psn
|upkeep
|turn|3
|inactive|Mark_vr.vgc has 30 seconds left.
|
|t:|1783114652
|move|p2b: Aerodactyl|Tailwind|p2b: Aerodactyl
|-sidestart|p2: Paco Amores|move: Tailwind
|move|p2a: Garchomp|Earthquake|p1a: The worm|[spread] p1a,p1b
|-immune|p2b: Aerodactyl
|-supereffective|p1a: The worm|1
|-supereffective|p1b: Herbivore|1
|-damage|p1a: The worm|0 fnt
|-damage|p1b: Herbivore|0 fnt
|faint|p1a: The worm
|faint|p1b: Herbivore
|-damage|p2a: Garchomp|42/100 psn|[from] item: Life Orb
|
|-damage|p2a: Garchomp|30/100 psn|[from] psn
|upkeep
|
|t:|1783114665
|switch|p1b: Godzilla|Tyranitar, L50, F|100/100
|switch|p1a: Tea time|Sinistcha, L50|100/100
|-weather|Sandstorm|[from] ability: Sand Stream|[of] p1b: Godzilla
|turn|4
|inactive|Paco Amores has 30 seconds left.
|
|t:|1783114699
|detailschange|p1b: Godzilla|Tyranitar-Mega, L50, F
|-mega|p1b: Godzilla|Tyranitar|Tyranitarite
|move|p2b: Aerodactyl|Dual Wingbeat|p1a: Tea time
|-supereffective|p1a: Tea time|1
|-damage|p1a: Tea time|66/100
|-supereffective|p1a: Tea time|1
|-damage|p1a: Tea time|33/100
|-hitcount|p1a: Tea time|2
|move|p2a: Garchomp|Earthquake|p1a: Tea time|[spread] p1a,p1b
|-immune|p2b: Aerodactyl
|-resisted|p1a: Tea time|1
|-supereffective|p1b: Godzilla|1
|-damage|p1a: Tea time|10/100
|-damage|p1b: Godzilla|33/100
|-damage|p2a: Garchomp|20/100y psn|[from] item: Life Orb
|move|p1a: Tea time|Matcha Gotcha|p2b: Aerodactyl|[spread] p2a,p2b
|-damage|p2a: Garchomp|0 fnt
|-heal|p1a: Tea time|23/100|[from] drain|[of] p2a: Garchomp
|-damage|p2b: Aerodactyl|67/100
|-heal|p1a: Tea time|41/100|[from] drain|[of] p2b: Aerodactyl
|faint|p2a: Garchomp
|move|p1b: Godzilla|Rock Slide|p2b: Aerodactyl
|-supereffective|p2b: Aerodactyl|1
|-damage|p2b: Aerodactyl|0 fnt
|faint|p2b: Aerodactyl
|
|-weather|Sandstorm|[upkeep]
|-damage|p1a: Tea time|35/100|[from] Sandstorm
|upkeep
|
|t:|1783114721
|switch|p2b: Metagross|Metagross, L50|100/100
|switch|p2a: Incineroar|Incineroar, L50, M|100/100
|-ability|p2a: Incineroar|Intimidate|boost
|-unboost|p1a: Tea time|atk|1
|-unboost|p1b: Godzilla|atk|1
|turn|5
|inactive|Paco Amores has 30 seconds left.
|
|t:|1783114750
|detailschange|p2b: Metagross|Metagross-Mega, L50
|-mega|p2b: Metagross|Metagross|Metagrossite
|move|p1b: Godzilla|Protect|p1b: Godzilla
|-singleturn|p1b: Godzilla|Protect
|move|p2a: Incineroar|Fake Out|p1b: Godzilla
|-activate|p1b: Godzilla|move: Protect
|move|p2b: Metagross|Psychic Fangs|p1a: Tea time
|-damage|p1a: Tea time|0 fnt
|faint|p1a: Tea time
|
|-weather|Sandstorm|[upkeep]
|-damage|p2a: Incineroar|94/100|[from] Sandstorm
|upkeep
|turn|6
|
|t:|1783114766
|move|p2b: Metagross|Bullet Punch|p1b: Godzilla
|-supereffective|p1b: Godzilla|1
|-damage|p1b: Godzilla|0 fnt
|faint|p1b: Godzilla
|
|win|Paco Amores
|l|☆Mark_vr.vgc
|player|p1|
|inactive|Mark_vr.vgc has 30 seconds to confirm battle start!
|inactive|Paco Amores has 30 seconds to confirm battle start!
|inactive|Mark_vr.vgc has 20 seconds to confirm battle start!
|inactive|Paco Amores has 20 seconds to confirm battle start!
||Paco Amores is ready for game 2.
|inactive|Mark_vr.vgc has 10 seconds to confirm battle start!
|uhtml|next|Next: Game 2 of 3
