|j|☆MjMarjoram
|j|☆jeanmape
|html|MjMarjoramjeanmape    
|uhtml|bestof|Game 1 of a best-of-3
|t:|1782245001
|gametype|doubles
|player|p1|MjMarjoram|102|1000
|player|p2|jeanmape|linebacker|1119
|gen|9
|tier|[Gen 9 Champions] VGC 2026 Reg M-B (Bo3)
|rated|
|rule|Species Clause: Limit one of each Pokémon
|rule|Item Clause: Limit 1 of each item
|clearpoke
|poke|p1|Swampert, L50, F|
|poke|p1|Pelipper, L50, F|
|poke|p1|Sableye, L50, M|
|poke|p1|Archaludon, L50, M|
|poke|p1|Sinistcha, L50|
|poke|p1|Metagross, L50|
|poke|p2|Archaludon, L50, F|
|poke|p2|Pelipper, L50, M, shiny|
|poke|p2|Grimmsnarl, L50, M|
|poke|p2|Metagross, L50, shiny|
|poke|p2|Sinistcha, L50|
|poke|p2|Swampert, L50, M, shiny|
|teampreview|4
|showteam|p1|Swampert||Swampertite|Torrent|WaveCrash,Earthquake,IcePunch,Protect|Adamant||F|||50|]Pelipper||SitrusBerry|Drizzle|WeatherBall,Hurricane,Tailwind,WideGuard|Modest||F|||50|]Sableye||LightClay|Prankster|Reflect,LightScreen,RainDance,WillOWisp|Calm||M|||50|]Archaludon||Leftovers|Stamina|ElectroShot,DragonPulse,FlashCannon,Protect|Serious||M|||50|]Sinistcha||KasibBerry|Hospitality|MatchaGotcha,ShadowBall,RagePowder,LifeDew|Sassy|||||50|]Metagross||Metagrossite|ClearBody|BulletPunch,PsychicFangs,RockSlide,Protect|Serious|||||50|
|showteam|p2|Archaludon||Leftovers|Stamina|Protect,ElectroShot,FlashCannon,DragonPulse|Modest||F|||50|]Pelipper||SitrusBerry|Drizzle|WideGuard,Tailwind,WeatherBall,Hurricane|Modest||M|||50|]Grimmsnarl||LightClay|Prankster|FoulPlay,PartingShot,LightScreen,Reflect|Calm||M|||50|]Metagross||Metagrossite|ClearBody|Protect,BodyPress,PsychicFangs,IronHead|Jolly|||||50|]Sinistcha||CobaBerry|Hospitality|Protect,TrickRoom,MatchaGotcha,RagePowder|Relaxed|||||50|]Swampert||Swampertite|Damp|Protect,IcePunch,WaveCrash,Earthquake|Adamant||M|||50|
|inactive|Battle timer is ON: inactive players will automatically lose when time's up. (requested by MjMarjoram)
|
|t:|1782245097
|teamsize|p1|4
|teamsize|p2|4
|start
|switch|p1a: Swampert|Swampert, L50, F|100/100
|switch|p1b: Pelipper|Pelipper, L50, F|100/100
|switch|p2a: Grimmsnarl|Grimmsnarl, L50, M|100/100
|switch|p2b: Pelipper|Pelipper, L50, M, shiny|100/100
|-weather|RainDance|[from] ability: Drizzle|[of] p1b: Pelipper
|turn|1
|inactive|MjMarjoram has 30 seconds left.
|inactive|jeanmape has 30 seconds left.
|inactive|jeanmape has 20 seconds left.
|
|t:|1782245135
|move|p2a: Grimmsnarl|Reflect|p2a: Grimmsnarl
|-sidestart|p2: jeanmape|Reflect
|move|p1a: Swampert|Wave Crash|p2a: Grimmsnarl
|-damage|p2a: Grimmsnarl|13/100
|-damage|p1a: Swampert|72/100|[from] Recoil
|move|p1b: Pelipper|Tailwind|p1b: Pelipper
|-sidestart|p1: MjMarjoram|move: Tailwind
|move|p2b: Pelipper|Hurricane|p1a: Swampert
|-damage|p1a: Swampert|31/100
|
|-weather|RainDance|[upkeep]
|upkeep
|turn|2
|
|t:|1782245155
|move|p1a: Swampert|Protect|p1a: Swampert
|-singleturn|p1a: Swampert|Protect
|move|p2a: Grimmsnarl|Parting Shot|p1a: Swampert
|-activate|p1a: Swampert|move: Protect
|move|p1b: Pelipper|Hurricane|p2a: Grimmsnarl
|-damage|p2a: Grimmsnarl|0 fnt
|faint|p2a: Grimmsnarl
|move|p2b: Pelipper|Tailwind|p2b: Pelipper
|-sidestart|p2: jeanmape|move: Tailwind
|
|-weather|RainDance|[upkeep]
|upkeep
|
|t:|1782245172
|switch|p2a: Archaludon|Archaludon, L50, F|100/100
|turn|3
|
|t:|1782245185
|switch|p1a: Sableye|Sableye, L50, M|100/100
|move|p2a: Archaludon|Protect|p2a: Archaludon
|-singleturn|p2a: Archaludon|Protect
|move|p1b: Pelipper|Hurricane|p2b: Pelipper
|-damage|p2b: Pelipper|30/100
|-start|p2b: Pelipper|confusion
|-enditem|p2b: Pelipper|Sitrus Berry|[eat]
|-heal|p2b: Pelipper|54/100|[from] item: Sitrus Berry
|-activate|p2b: Pelipper|confusion
|move|p2b: Pelipper|Hurricane|p1a: Sableye
|-damage|p1a: Sableye|52/100
|-start|p1a: Sableye|confusion
|
|-weather|RainDance|[upkeep]
|upkeep
|turn|4
|
|t:|1782245207
|-activate|p1a: Sableye|confusion
|move|p1a: Sableye|Light Screen|p1a: Sableye
|-sidestart|p1: MjMarjoram|move: Light Screen
|move|p2a: Archaludon|Electro Shot||[still]
|-prepare|p2a: Archaludon|Electro Shot
|-boost|p2a: Archaludon|spa|1
|-anim|p2a: Archaludon|Electro Shot|p1a: Sableye
|-damage|p1a: Sableye|5/100
|move|p1b: Pelipper|Hurricane|p2b: Pelipper
|-damage|p2b: Pelipper|0 fnt
|faint|p2b: Pelipper
|
|-weather|RainDance|[upkeep]
|-sideend|p1: MjMarjoram|move: Tailwind
|upkeep
|
|t:|1782245219
|switch|p2b: Swampert|Swampert, L50, M, shiny|100/100
|turn|5
|inactive|jeanmape has 30 seconds left.
|inactive|jeanmape has 20 seconds left.
|
|t:|1782245255
|move|p2b: Swampert|Protect|p2b: Swampert
|-singleturn|p2b: Swampert|Protect
|-end|p1a: Sableye|confusion
|move|p1a: Sableye|Will-O-Wisp|p2b: Swampert
|-activate|p2b: Swampert|move: Protect
|move|p2a: Archaludon|Electro Shot||[still]
|-prepare|p2a: Archaludon|Electro Shot
|-boost|p2a: Archaludon|spa|1
|-anim|p2a: Archaludon|Electro Shot|p1a: Sableye
|-damage|p1a: Sableye|0 fnt
|faint|p1a: Sableye
|move|p1b: Pelipper|Hurricane|p2b: Swampert
|-activate|p2b: Swampert|move: Protect
|
|-weather|none
|-sideend|p2: jeanmape|move: Tailwind
|upkeep
|
|t:|1782245271
|switch|p1a: Swampert|Swampert, L50, F|31/100
|turn|6
|
|t:|1782245284
|detailschange|p2b: Swampert|Swampert-Mega, L50, M, shiny
|-mega|p2b: Swampert|Swampert|Swampertite
|move|p1a: Swampert|Earthquake|p2b: Swampert|[spread] p2a,p2b
|-immune|p1b: Pelipper
|-supereffective|p2a: Archaludon|1
|-damage|p2a: Archaludon|56/100
|-damage|p2b: Swampert|75/100
|-ability|p2a: Archaludon|Stamina|boost
|-boost|p2a: Archaludon|def|1
|move|p2a: Archaludon|Electro Shot||[still]
|-prepare|p2a: Archaludon|Electro Shot
|-boost|p2a: Archaludon|spa|1
|move|p2b: Swampert|Ice Punch|p1a: Swampert
|-crit|p1a: Swampert
|-damage|p1a: Swampert|0 fnt
|faint|p1a: Swampert
|move|p1b: Pelipper|Hurricane|p2b: Swampert
|-damage|p2b: Swampert|34/100
|
|-heal|p2a: Archaludon|62/100|[from] item: Leftovers
|upkeep
|
|t:|1782245301
|switch|p1a: Archaludon|Archaludon, L50, M|100/100
|turn|7
|
|t:|1782245318
|move|p2b: Swampert|Protect|p2b: Swampert
|-singleturn|p2b: Swampert|Protect
|move|p1a: Archaludon|Dragon Pulse|p2a: Archaludon
|-damage|p2a: Archaludon|7/100
|-ability|p2a: Archaludon|Stamina|boost
|-boost|p2a: Archaludon|def|1
|move|p2a: Archaludon|Electro Shot|p1b: Pelipper|[from] lockedmove
|-supereffective|p1b: Pelipper|2
|-damage|p1b: Pelipper|0 fnt
|faint|p1b: Pelipper
|
|-heal|p2a: Archaludon|13/100|[from] item: Leftovers
|upkeep
|turn|8
|inactive|jeanmape has 30 seconds left.
|
|t:|1782245348
|move|p1a: Archaludon|Dragon Pulse|p2b: Swampert
|-damage|p2b: Swampert|0 fnt
|faint|p2b: Swampert
|move|p2a: Archaludon|Dragon Pulse|p1a: Archaludon
|-crit|p1a: Archaludon
|-damage|p1a: Archaludon|0 fnt
|faint|p1a: Archaludon
|
|win|jeanmape
||jeanmape is ready for game 2.
|inactive|MjMarjoram has 30 seconds to confirm battle start!
|l|☆MjMarjoram
|player|p1|
||MjMarjoram is ready for game 2.
|uhtml|next|Next: Game 2 of 3
