|j|☆B1g b3luga
|j|☆capacete5
|html|B1g b3lugacapacete5    
|uhtml|bestof|Game 1 of a best-of-3
|t:|1784399232
|gametype|doubles
|player|p1|B1g b3luga|170|1112
|player|p2|capacete5|byron|1152
|gen|9
|tier|[Gen 9 Champions] VGC 2026 Reg M-B (Bo3)
|rated|
|rule|Species Clause: Limit one of each Pokémon
|rule|Item Clause: Limit 1 of each item
|clearpoke
|poke|p1|Sylveon, L50, M, shiny|
|poke|p1|Aerodactyl, L50, M|
|poke|p1|Farigiraf, L50, F|
|poke|p1|Charizard, L50, F, shiny|
|poke|p1|Kingambit, L50, M|
|poke|p1|Garchomp, L50, F|
|poke|p2|Delphox, L50, M|
|poke|p2|Blastoise, L50, M|
|poke|p2|Incineroar, L50, M|
|poke|p2|Sneasler, L50, M|
|poke|p2|Sinistcha-Masterpiece, L50|
|poke|p2|Maushold-Four, L50|
|teampreview|4
|showteam|p1|Sylveon||FairyFeather|Pixilate|HyperBeam,HyperVoice,Detect,Yawn|Modest||M|||50|]Aerodactyl||Aerodactylite|RockHead|RockSlide,Protect,Tailwind,IceFang|Jolly||M|||50|]Farigiraf||SitrusBerry|ArmorTail|TrickRoom,TwinBeam,Thunderbolt,Protect|Relaxed||F|||50|]Charizard||CharizarditeY|Blaze|HeatWave,WeatherBall,Protect,SolarBeam|Timid||F|||50|]Kingambit||FocusSash|Defiant|LowKick,IronHead,SuckerPunch,KowtowCleave|Adamant||M|||50|]Garchomp||LifeOrb|RoughSkin|StompingTantrum,RockSlide,Protect,DragonClaw|Jolly||F|||50|
|showteam|p2|Delphox||Delphoxite|Blaze|HeatWave,Psychic,NastyPlot,Protect|Timid||M|||50|]Blastoise||Blastoisinite|RainDish|DarkPulse,WaterSpout,ShellSmash,Protect|Modest||M|||50|]Incineroar||SitrusBerry|Intimidate|FakeOut,FlareBlitz,DarkestLariat,PartingShot|Impish||M|||50|]Sneasler||FocusSash|PoisonTouch|FakeOut,CloseCombat,DireClaw,QuickGuard|Jolly||M|||50|]Sinistcha-Masterpiece||KasibBerry|Hospitality|RagePowder,LifeDew,Protect,MatchaGotcha|Bold|||||50|]Maushold-Four||ChopleBerry|FriendGuard|SuperFang,FollowMe,Protect,Feint|Impish|||||50|
|inactive|Battle timer is ON: inactive players will automatically lose when time's up. (requested by capacete5)
|j| Vvgghh
|l| Vvgghh
|inactive|capacete5 has 60 seconds left.
|
|t:|1784399274
|teamsize|p1|4
|teamsize|p2|4
|start
|switch|p1a: Aerodactyl|Aerodactyl, L50, M|100/100
|switch|p1b: Sylveon|Sylveon, L50, M, shiny|100/100
|switch|p2a: Blastoise|Blastoise, L50, M|100/100
|switch|p2b: Sneasler|Sneasler, L50, M|100/100
|turn|1
|inactive|B1g b3luga has 30 seconds left.
|inactive|capacete5 has 30 seconds left.
|
|t:|1784399302
|switch|p2a: Sinistcha|Sinistcha-Masterpiece, L50|100/100
|switch|p1b: Farigiraf|Farigiraf, L50, F|100/100
|detailschange|p1a: Aerodactyl|Aerodactyl-Mega, L50, M
|-mega|p1a: Aerodactyl|Aerodactyl|Aerodactylite
|move|p2b: Sneasler|Fake Out||[still]
|cant|p1b: Farigiraf|ability: Armor Tail|Fake Out|[of] p2b: Sneasler
|move|p1a: Aerodactyl|Rock Slide|p2b: Sneasler|[spread] p2b
|-miss|p1a: Aerodactyl|p2a: Sinistcha
|-resisted|p2b: Sneasler|1
|-damage|p2b: Sneasler|73/100
|
|upkeep
|turn|2
|inactive|B1g b3luga has 30 seconds left.
|
|t:|1784399327
|move|p2a: Sinistcha|Rage Powder|p2a: Sinistcha
|-singleturn|p2a: Sinistcha|move: Rage Powder
|move|p1a: Aerodactyl|Rock Slide|p2b: Sneasler|[spread] p2a,p2b
|-resisted|p2b: Sneasler|1
|-damage|p2a: Sinistcha|76/100
|-damage|p2b: Sneasler|48/100
|move|p2b: Sneasler|Close Combat|p1a: Aerodactyl
|-damage|p1a: Aerodactyl|13/100
|-unboost|p2b: Sneasler|def|1
|-unboost|p2b: Sneasler|spd|1
|move|p1b: Farigiraf|Trick Room|p1b: Farigiraf
|-fieldstart|move: Trick Room|[of] p1b: Farigiraf
|
|upkeep
|turn|3
|
|t:|1784399342
|switch|p2b: Maushold|Maushold-Four, L50|100/100
|switch|p1a: Sylveon|Sylveon, L50, M, shiny|100/100
|move|p1b: Farigiraf|Twin Beam|p2b: Maushold
|-damage|p2b: Maushold|81/100
|-damage|p2b: Maushold|62/100
|-hitcount|p2b: Maushold|2
|move|p2a: Sinistcha|Matcha Gotcha|p1a: Sylveon|[spread] p1a,p1b
|-damage|p1a: Sylveon|82/100
|-heal|p2a: Sinistcha|85/100|[from] drain|[of] p1a: Sylveon
|-damage|p1b: Farigiraf|78/100
|-heal|p2a: Sinistcha|98/100|[from] drain|[of] p1b: Farigiraf
|
|upkeep
|turn|4
|inactive|capacete5 has 30 seconds left.
|
|t:|1784399373
|move|p1b: Farigiraf|Twin Beam|p2a: Sinistcha
|-damage|p2a: Sinistcha|87/100
|-damage|p2a: Sinistcha|75/100
|-hitcount|p2a: Sinistcha|2
|move|p1a: Sylveon|Hyper Voice|p2b: Maushold|[spread] p2a,p2b
|-damage|p2a: Sinistcha|40/100
|-damage|p2b: Maushold|11/100
|move|p2a: Sinistcha|Matcha Gotcha|p1b: Farigiraf|[spread] p1a,p1b
|-damage|p1a: Sylveon|63/100
|-heal|p2a: Sinistcha|50/100y|[from] drain|[of] p1a: Sylveon
|-damage|p1b: Farigiraf|55/100
|-heal|p2a: Sinistcha|64/100|[from] drain|[of] p1b: Farigiraf
|-status|p1a: Sylveon|brn
|move|p2b: Maushold|Super Fang|p1a: Sylveon
|-damage|p1a: Sylveon|31/100 brn
|
|-damage|p1a: Sylveon|25/100 brn|[from] brn
|upkeep
|turn|5
|inactive|capacete5 has 30 seconds left.
|inactive|capacete5 has 20 seconds left.
|
|t:|1784399409
|move|p2a: Sinistcha|Protect|p2a: Sinistcha
|-singleturn|p2a: Sinistcha|Protect
|move|p2b: Maushold|Protect|p2b: Maushold
|-singleturn|p2b: Maushold|Protect
|move|p1b: Farigiraf|Twin Beam|p2a: Sinistcha
|-activate|p2a: Sinistcha|move: Protect
|move|p1a: Sylveon|Hyper Voice|p2a: Sinistcha|[spread] 
|-activate|p2a: Sinistcha|move: Protect
|-activate|p2b: Maushold|move: Protect
|
|-damage|p1a: Sylveon|20/100r brn|[from] brn
|upkeep
|turn|6
|
|t:|1784399424
|move|p2a: Sinistcha|Rage Powder|p2a: Sinistcha
|-singleturn|p2a: Sinistcha|move: Rage Powder
|move|p2b: Maushold|Follow Me|p2b: Maushold
|-singleturn|p2b: Maushold|move: Follow Me
|move|p1b: Farigiraf|Twin Beam|p2a: Sinistcha
|-damage|p2a: Sinistcha|52/100
|-damage|p2a: Sinistcha|39/100
|-hitcount|p2a: Sinistcha|2
|move|p1a: Sylveon|Hyper Voice|p2a: Sinistcha|[spread] p2a,p2b
|-damage|p2a: Sinistcha|5/100
|-damage|p2b: Maushold|0 fnt
|faint|p2b: Maushold
|
|-damage|p1a: Sylveon|14/100 brn|[from] brn
|-fieldend|move: Trick Room
|upkeep
|
|t:|1784399438
|switch|p2b: Blastoise|Blastoise, L50, M|100/100
|turn|7
|inactive|B1g b3luga has 30 seconds left.
|inactive|B1g b3luga has 20 seconds left.
|inactive|B1g b3luga has 15 seconds left.
|inactive|B1g b3luga has 10 seconds left.
|inactive|B1g b3luga has 5 seconds left.
|
|t:|1784399493
|switch|p2a: Sneasler|Sneasler, L50, M|48/100
|detailschange|p2b: Blastoise|Blastoise-Mega, L50, M
|-mega|p2b: Blastoise|Blastoise|Blastoisinite
|move|p2b: Blastoise|Water Spout|p1b: Farigiraf|[spread] p1a,p1b
|-damage|p1a: Sylveon|0 fnt
|-damage|p1b: Farigiraf|0 fnt
|faint|p1a: Sylveon
|faint|p1b: Farigiraf
|
|upkeep
|
|t:|1784399498
|switch|p1a: Aerodactyl|Aerodactyl-Mega, L50, M|13/100
|switch|p1b: Kingambit|Kingambit, L50, M|100/100
|turn|8
|inactive|B1g b3luga has 30 seconds left.
|inactive|capacete5 has 30 seconds left.
|inactive|B1g b3luga has 20 seconds left.
|inactive|B1g b3luga has 15 seconds left.
|inactive|B1g b3luga has 10 seconds left.
|
|t:|1784399543
|move|p2a: Sneasler|Fake Out|p1b: Kingambit
|-resisted|p1b: Kingambit|1
|-damage|p1b: Kingambit|94/100
|move|p1a: Aerodactyl|Rock Slide|p2a: Sneasler|[spread] p2a,p2b
|-resisted|p2a: Sneasler|1
|-damage|p2a: Sneasler|24/100
|-damage|p2b: Blastoise|70/100
|cant|p2b: Blastoise|flinch
|cant|p1b: Kingambit|flinch
|
|upkeep
|turn|9
|inactive|capacete5 has 30 seconds left.
|
|t:|1784399576
|move|p2a: Sneasler|Quick Guard|p2a: Sneasler
|-singleturn|p2a: Sneasler|Quick Guard
|move|p1b: Kingambit|Sucker Punch|p2b: Blastoise
|-activate|p2b: Blastoise|move: Quick Guard
|move|p1a: Aerodactyl|Rock Slide|p2a: Sneasler|[spread] p2a,p2b
|-resisted|p2a: Sneasler|1
|-damage|p2a: Sneasler|0 fnt
|-damage|p2b: Blastoise|40/100
|faint|p2a: Sneasler
|cant|p2b: Blastoise|flinch
|
|upkeep
|
|t:|1784399587
|switch|p2a: Sinistcha|Sinistcha-Masterpiece, L50|5/100
|-heal|p2b: Blastoise|64/100|[from] ability: Hospitality|[of] p2a: Sinistcha
|turn|10
|
|t:|1784399596
|move|p2a: Sinistcha|Rage Powder|p2a: Sinistcha
|-singleturn|p2a: Sinistcha|move: Rage Powder
|move|p1a: Aerodactyl|Rock Slide|p2b: Blastoise|[spread] p2a,p2b
|-damage|p2a: Sinistcha|0 fnt
|-damage|p2b: Blastoise|35/100
|faint|p2a: Sinistcha
|cant|p2b: Blastoise|flinch
|move|p1b: Kingambit|Kowtow Cleave|p2b: Blastoise
|-damage|p2b: Blastoise|0 fnt
|faint|p2b: Blastoise
|
|win|B1g b3luga
