|j|☆bartcr0987
|j|☆TeyVgc
|html|bartcr0987TeyVgc    
|uhtml|bestof|Game 2 of a best-of-3
|t:|1783476222
|gametype|doubles
|player|p1|bartcr0987|1|1298
|player|p2|TeyVgc|rood|1329
|gen|9
|tier|[Gen 9 Champions] VGC 2026 Reg M-B (Bo3)
|rated|
|rule|Species Clause: Limit one of each Pokémon
|rule|Item Clause: Limit 1 of each item
|clearpoke
|poke|p1|Charizard, L50, M, shiny|
|poke|p1|Sneasler, L50, M, shiny|
|poke|p1|Floette-Eternal, L50, F|
|poke|p1|Kingambit, L50, F, shiny|
|poke|p1|Basculegion, L50, M|
|poke|p1|Farigiraf, L50, F|
|poke|p2|Raichu, L50, M|
|poke|p2|Sinistcha, L50|
|poke|p2|Ceruledge, L50, F|
|poke|p2|Milotic, L50, M|
|poke|p2|Incineroar, L50, M|
|poke|p2|Floette-Eternal, L50, F|
|teampreview|4
|showteam|p1|Charizard||CharizarditeY|SolarPower|HeatWave,SolarBeam,WeatherBall,Protect|Timid||M|||50|]Sneasler||FocusSash|PoisonTouch|DireClaw,CloseCombat,Protect,FakeOut|Jolly||M|||50|]Floette-Eternal||Floettite|FlowerVeil|Moonblast,DazzlingGleam,LightofRuin,Protect|Modest||F|||50|]Kingambit||BlackGlasses|Defiant|KowtowCleave,SuckerPunch,SwordsDance,Protect|Adamant||F|||50|]Basculegion||ChoiceScarf|Adaptability|LastRespects,WaveCrash,AquaJet,FlipTurn|Jolly||M|||50|]Farigiraf||SitrusBerry|ArmorTail|TrickRoom,FoulPlay,Psychic,RainDance|Bold||F|||50|
|showteam|p2|Raichu||RaichuniteY|LightningRod|ZapCannon,FocusBlast,FakeOut,Protect|Timid||M|||50|]Sinistcha||KasibBerry|Hospitality|MatchaGotcha,LifeDew,RagePowder,Protect|Relaxed|||||50|]Ceruledge||ColburBerry|FlashFire|BitterBlade,ShadowSneak,BulkUp,Protect|Adamant||F|||50|]Milotic||Leftovers|Competitive|MuddyWater,Coil,Hypnosis,Protect|Calm||M|||50|]Incineroar||SitrusBerry|Intimidate|FlareBlitz,ThroatChop,FakeOut,PartingShot|Impish||M|||50|]Floette-Eternal||Floettite|FlowerVeil|CalmMind,Protect,Moonblast,DazzlingGleam|Modest||F|||50|
|inactive|Battle timer is ON: inactive players will automatically lose when time's up. (requested by bartcr0987)
|inactive|bartcr0987 has 60 seconds left.
|
|t:|1783476278
|teamsize|p1|4
|teamsize|p2|4
|start
|switch|p1a: Floette|Floette-Eternal, L50, F|100/100
|switch|p1b: Sneasler|Sneasler, L50, M, shiny|100/100
|switch|p2a: Raichu|Raichu, L50, M|100/100
|switch|p2b: Ceruledge|Ceruledge, L50, F|100/100
|turn|1
|inactive|bartcr0987 has 30 seconds left.
|
|t:|1783476311
|detailschange|p2a: Raichu|Raichu-Mega-Y, L50, M
|-mega|p2a: Raichu|Raichu|Raichunite Y
|detailschange|p1a: Floette|Floette-Mega, L50, F
|-mega|p1a: Floette|Floette|Floettite
|-ability|p1a: Floette|Fairy Aura
|move|p2a: Raichu|Fake Out|p1a: Floette
|-damage|p1a: Floette|88/100
|move|p1b: Sneasler|Fake Out|p2a: Raichu
|-damage|p2a: Raichu|80/100
|-status|p2a: Raichu|psn|[from] ability: Poison Touch|[of] p1b: Sneasler
|cant|p1a: Floette|flinch
|move|p2b: Ceruledge|Bulk Up|p2b: Ceruledge
|-boost|p2b: Ceruledge|atk|1
|-boost|p2b: Ceruledge|def|1
|
|-damage|p2a: Raichu|67/100 psn|[from] psn
|upkeep
|turn|2
|
|t:|1783476329
|move|p1a: Floette|Protect|p1a: Floette
|-singleturn|p1a: Floette|Protect
|move|p2a: Raichu|Zap Cannon|p1b: Sneasler
|-damage|p1b: Sneasler|9/100
|-status|p1b: Sneasler|par
|move|p2b: Ceruledge|Bitter Blade|p1a: Floette
|-activate|p1a: Floette|move: Protect
|move|p1b: Sneasler|Close Combat|p2a: Raichu
|-damage|p2a: Raichu|0 fnt
|-unboost|p1b: Sneasler|def|1
|-unboost|p1b: Sneasler|spd|1
|faint|p2a: Raichu
|
|upkeep
|
|t:|1783476336
|switch|p2a: Milotic|Milotic, L50, M|100/100
|turn|3
|
|t:|1783476356
|move|p1a: Floette|Dazzling Gleam|p2b: Ceruledge|[spread] p2a,p2b
|-resisted|p2b: Ceruledge|1
|-damage|p2a: Milotic|65/100
|-damage|p2b: Ceruledge|72/100
|move|p2b: Ceruledge|Bitter Blade|p1a: Floette
|-damage|p1a: Floette|0 fnt
|-heal|p2b: Ceruledge|100/100|[from] drain|[of] p1a: Floette
|faint|p1a: Floette
|move|p2a: Milotic|Muddy Water|p1b: Sneasler
|-damage|p1b: Sneasler|0 fnt
|faint|p1b: Sneasler
|
|-heal|p2a: Milotic|71/100|[from] item: Leftovers
|upkeep
|
|t:|1783476370
|switch|p1b: Oscar|Basculegion, L50, M|100/100
|switch|p1a: Farigiraf|Farigiraf, L50, F|100/100
|turn|4
|inactive|bartcr0987 has 30 seconds left.
|inactive|TeyVgc has 30 seconds left.
|inactive|TeyVgc has 20 seconds left.
|inactive|TeyVgc has 15 seconds left.
|
|t:|1783476412
|switch|p2a: Sinistcha|Sinistcha, L50|100/100
|move|p2b: Ceruledge|Protect|p2b: Ceruledge
|-singleturn|p2b: Ceruledge|Protect
|move|p1b: Oscar|Wave Crash|p2b: Ceruledge
|-activate|p2b: Ceruledge|move: Protect
|move|p1a: Farigiraf|Rain Dance|p1a: Farigiraf
|-weather|RainDance
|
|-weather|RainDance|[upkeep]
|upkeep
|turn|5
|
|t:|1783476428
|switch|p2b: Milotic|Milotic, L50, M|71/100
|move|p1b: Oscar|Wave Crash|p2b: Milotic
|-resisted|p2b: Milotic|1
|-damage|p2b: Milotic|21/100
|-damage|p1b: Oscar|83/100|[from] Recoil
|move|p2a: Sinistcha|Matcha Gotcha|p1a: Farigiraf|[spread] p1a,p1b
|-supereffective|p1b: Oscar|1
|-crit|p1b: Oscar
|-damage|p1a: Farigiraf|78/100
|-damage|p1b: Oscar|0 fnt
|faint|p1b: Oscar
|move|p1a: Farigiraf|Foul Play|p2a: Sinistcha
|-supereffective|p2a: Sinistcha|1
|-damage|p2a: Sinistcha|75/100
|
|-weather|RainDance|[upkeep]
|-heal|p2b: Milotic|27/100|[from] item: Leftovers
|upkeep
|turn|6
|-message|bartcr0987 forfeited.
|
|win|TeyVgc
|raw|bartcr0987's rating: 1298 → 1275(-23 for losing)
|raw|TeyVgc's rating: 1329 → 1347(+18 for winning)
