|j|☆useless0o0
|j|☆lolgz
|html|useless0o0lolgz    
|uhtml|bestof|Game 2 of a best-of-3
|t:|1782340527
|gametype|doubles
|player|p1|useless0o0|265|1087
|player|p2|lolgz|dawn|1109
|gen|9
|tier|[Gen 9 Champions] VGC 2026 Reg M-B (Bo3)
|rated|
|rule|Species Clause: Limit one of each Pokémon
|rule|Item Clause: Limit 1 of each item
|clearpoke
|poke|p1|Delphox, L50, F|
|poke|p1|Sceptile, L50, F|
|poke|p1|Clefable, L50, F|
|poke|p1|Incineroar, L50, M|
|poke|p1|Rotom-Wash, L50|
|poke|p1|Gholdengo, L50|
|poke|p2|Torkoal, L50, M|
|poke|p2|Vileplume, L50, M|
|poke|p2|Farigiraf, L50, F|
|poke|p2|Scrafty, L50, F|
|poke|p2|Gallade, L50, M|
|poke|p2|Mawile, L50, M|
|teampreview|4
|showteam|p1|Delphox||Delphoxite|Blaze|HeatWave,Psychic,NastyPlot,Protect|Timid||F|||50|]Sceptile||Sceptilite|Overgrow|EnergyBall,EarthPower,DragonPulse,Protect|Timid||F|||50|]Clefable||SitrusBerry|Unaware|FollowMe,Moonblast,LifeDew,Protect|Calm||F|||50|]Incineroar||ShucaBerry|Intimidate|FakeOut,FlareBlitz,ThroatChop,PartingShot|Impish||M|||50|]Rotom-Wash||Leftovers|Levitate|HydroPump,VoltSwitch,WillOWisp,LightScreen|Bold|||||50|]Gholdengo||ChoiceScarf|GoodasGold|MakeItRain,ShadowBall,PowerGem,DazzlingGleam|Timid|||||50|
|showteam|p2|Torkoal||Charcoal|Drought|Eruption,WeatherBall,EarthPower,Protect|Quiet||M|||50|]Vileplume||FocusSash|Chlorophyll|EnergyBall,SludgeBomb,SleepPowder,AfterYou|Timid||M|||50|]Farigiraf||SitrusBerry|ArmorTail|TrickRoom,Protect,Psychic,HelpingHand|Bold||F|||50|]Scrafty||Scraftinite|Intimidate|CloseCombat,KnockOff,FakeOut,RockSlide|Brave||F|||50|]Gallade||IronBall|Sharpness|SacredSword,PsychoCut,WideGuard,TrickRoom|Brave||M|||50|]Mawile||Mawilite|Intimidate|SuckerPunch,PlayRough,SwordsDance,Protect|Brave||M|||50|
|inactive|Battle timer is ON: inactive players will automatically lose when time's up. (requested by useless0o0)
|inactive|lolgz also wants the timer to be on.
|inactive|useless0o0 has 60 seconds left.
|inactive|useless0o0 has 30 seconds left.
|inactive|useless0o0 has 20 seconds left.
|inactive|useless0o0 has 15 seconds left.
|inactive|useless0o0 has 10 seconds left.
|inactive|useless0o0 has 5 seconds left.
|
|t:|1782340618
|teamsize|p1|4
|teamsize|p2|4
|start
|switch|p1a: Delphox|Delphox, L50, F|100/100
|switch|p1b: Sceptile|Sceptile, L50, F|100/100
|switch|p2a: Farigiraf|Farigiraf, L50, F|100/100
|switch|p2b: Torkoal|Torkoal, L50, M|100/100
|-weather|SunnyDay|[from] ability: Drought|[of] p2b: Torkoal
|turn|1
|inactive|useless0o0 has 30 seconds left.
|inactive|useless0o0 has 20 seconds left.
|inactive|useless0o0 has 15 seconds left.
|inactive|useless0o0 has 10 seconds left.
|inactive|useless0o0 has 5 seconds left.
|
|t:|1782340673
|move|p1b: Sceptile|Energy Ball|p2b: Torkoal
|-resisted|p2b: Torkoal|1
|-damage|p2b: Torkoal|74/100
|move|p1a: Delphox|Heat Wave|p2a: Farigiraf|[spread] p2a,p2b
|-resisted|p2b: Torkoal|1
|-damage|p2a: Farigiraf|57/100
|-damage|p2b: Torkoal|45/100
|move|p2b: Torkoal|Eruption|p1a: Delphox|[spread] p1a,p1b
|-resisted|p1a: Delphox|1
|-supereffective|p1b: Sceptile|1
|-damage|p1a: Delphox|81/100
|-damage|p1b: Sceptile|0 fnt
|faint|p1b: Sceptile
|move|p2a: Farigiraf|Trick Room|p2a: Farigiraf
|-fieldstart|move: Trick Room|[of] p2a: Farigiraf
|
|-weather|SunnyDay|[upkeep]
|upkeep
|inactive|useless0o0 has 30 seconds left.
|inactive|useless0o0 has 20 seconds left.
|inactive|useless0o0 has 15 seconds left.
|inactive|useless0o0 has 10 seconds left.
|inactive|useless0o0 has 5 seconds left.
|
|t:|1782340728
|switch|p1b: Clefable|Clefable, L50, F|100/100
|turn|2
|inactive|useless0o0 has 30 seconds left.
|inactive|useless0o0 has 20 seconds left.
|inactive|useless0o0 has 15 seconds left.
|inactive|useless0o0 has 10 seconds left.
|inactive|useless0o0 has 5 seconds left.
|
|t:|1782340783
|move|p1b: Clefable|Follow Me|p1b: Clefable
|-singleturn|p1b: Clefable|move: Follow Me
|move|p2b: Torkoal|Weather Ball|p1b: Clefable
|-damage|p1b: Clefable|37/100
|-enditem|p1b: Clefable|Sitrus Berry|[eat]
|-heal|p1b: Clefable|62/100|[from] item: Sitrus Berry
|move|p2a: Farigiraf|Psychic|p1b: Clefable
|-damage|p1b: Clefable|37/100
|move|p1a: Delphox|Heat Wave|p2a: Farigiraf|[spread] p2a
|-miss|p1a: Delphox|p2b: Torkoal
|-damage|p2a: Farigiraf|13/100
|-enditem|p2a: Farigiraf|Sitrus Berry|[eat]
|-heal|p2a: Farigiraf|37/100|[from] item: Sitrus Berry
|
|-weather|SunnyDay|[upkeep]
|upkeep
|turn|3
|inactive|useless0o0 has 30 seconds left.
|inactive|useless0o0 has 20 seconds left.
|inactive|useless0o0 has 15 seconds left.
|inactive|useless0o0 has 10 seconds left.
|inactive|useless0o0 has 5 seconds left.
|
|t:|1782340838
|switch|p2a: Gallade|Gallade, L50, M|100/100
|move|p1b: Clefable|Follow Me|p1b: Clefable
|-singleturn|p1b: Clefable|move: Follow Me
|move|p2b: Torkoal|Weather Ball|p1b: Clefable
|-damage|p1b: Clefable|0 fnt
|faint|p1b: Clefable
|move|p1a: Delphox|Heat Wave|p2a: Gallade|[spread] p2a,p2b
|-resisted|p2b: Torkoal|1
|-damage|p2a: Gallade|60/100
|-damage|p2b: Torkoal|15/100
|
|-weather|SunnyDay|[upkeep]
|upkeep
|
|t:|1782340848
|switch|p1b: Incineroar|Incineroar, L50, M|100/100
|-ability|p1b: Incineroar|Intimidate|boost
|-unboost|p2a: Gallade|atk|1
|-unboost|p2b: Torkoal|atk|1
|turn|4
|
|t:|1782340857
|switch|p2b: Farigiraf|Farigiraf, L50, F|37/100
|detailschange|p1a: Delphox|Delphox-Mega, L50, F
|-mega|p1a: Delphox|Delphox|Delphoxite
|move|p1b: Incineroar|Fake Out||[still]
|cant|p2b: Farigiraf|ability: Armor Tail|Fake Out|[of] p1b: Incineroar
|move|p2a: Gallade|Sacred Sword|p1b: Incineroar
|-supereffective|p1b: Incineroar|1
|-damage|p1b: Incineroar|30/100
|move|p1a: Delphox|Heat Wave|p2b: Farigiraf|[spread] p2a,p2b
|-damage|p2a: Gallade|9/100
|-damage|p2b: Farigiraf|0 fnt
|faint|p2b: Farigiraf
|
|-weather|SunnyDay|[upkeep]
|upkeep
|
|t:|1782340860
|switch|p2b: Mawile|Mawile, L50, M|100/100
|-ability|p2b: Mawile|Intimidate|boost
|-unboost|p1a: Delphox|atk|1
|-unboost|p1b: Incineroar|atk|1
|turn|5
|
|t:|1782340864
|detailschange|p2b: Mawile|Mawile-Mega, L50, M
|-mega|p2b: Mawile|Mawile|Mawilite
|move|p1a: Delphox|Protect|p1a: Delphox
|-singleturn|p1a: Delphox|Protect
|move|p2b: Mawile|Sucker Punch||[still]
|-fail|p2b: Mawile
|move|p2a: Gallade|Sacred Sword|p1b: Incineroar
|-supereffective|p1b: Incineroar|1
|-damage|p1b: Incineroar|0 fnt
|faint|p1b: Incineroar
|
|-weather|none
|-fieldend|move: Trick Room
|upkeep
|turn|6
|
|t:|1782340874
|move|p2b: Mawile|Sucker Punch||[still]
|-fail|p2b: Mawile
|move|p1a: Delphox|Nasty Plot|p1a: Delphox
|-boost|p1a: Delphox|spa|2
|move|p2a: Gallade|Trick Room|p2a: Gallade
|-fieldstart|move: Trick Room|[of] p2a: Gallade
|
|upkeep
|turn|7
|
|t:|1782340879
|move|p2a: Gallade|Sacred Sword|p1a: Delphox
|-resisted|p1a: Delphox|1
|-damage|p1a: Delphox|51/100
|move|p2b: Mawile|Play Rough|p1a: Delphox
|-resisted|p1a: Delphox|1
|-damage|p1a: Delphox|0 fnt
|faint|p1a: Delphox
|
|win|lolgz
|raw|useless0o0's rating: 1087 → 1065(-22 for losing)
|raw|lolgz's rating: 1109 → 1132(+23 for winning)
