|j|ŌśåDaxerVGC
|j|ŌśåSeteresu
|html|DaxerVGCSeteresu    
|uhtml|bestof|Game 2 of a best-of-3
|t:|1783654336
|gametype|doubles
|player|p1|DaxerVGC|gentleman-gen4|1074
|player|p2|Seteresu|nate|1055
|gen|9
|tier|[Gen 9 Champions] VGC 2026 Reg M-B (Bo3)
|rated|
|rule|Species Clause: Limit one of each Pok├®mon
|rule|Item Clause: Limit 1 of each item
|clearpoke
|poke|p1|Aerodactyl, L50, M|
|poke|p1|Charizard, L50, F|
|poke|p1|Sylveon, L50, M|
|poke|p1|Garchomp, L50, M|
|poke|p1|Farigiraf, L50, F|
|poke|p1|Kingambit, L50, M|
|poke|p2|Toxapex, L50, F|
|poke|p2|Kingambit, L50, F|
|poke|p2|Sinistcha, L50|
|poke|p2|Dragalge, L50, M|
|poke|p2|Aerodactyl, L50, M|
|poke|p2|Grimmsnarl, L50, M|
|teampreview|4
|showteam|p1|Aerodactyl||Aerodactylite|RockHead|RockSlide,Tailwind,IceFang,DualWingbeat|Jolly||M|||50|]Charizard||CharizarditeY|Blaze|HeatWave,WeatherBall,SolarBeam,Protect|Timid||F|||50|]Sylveon||FairyFeather|Pixilate|HyperVoice,HyperBeam,QuickAttack,Protect|Sassy||M|||50|]Garchomp||LifeOrb|RoughSkin|DragonClaw,Earthquake,StompingTantrum,Protect|Jolly||M|||50|]Farigiraf||SitrusBerry|ArmorTail|TrickRoom,TwinBeam,Thunderbolt,Protect|Sassy||F|||50|]Kingambit||FocusSash|Defiant|KowtowCleave,SuckerPunch,IronHead,LowKick|Adamant||M|||50|
|showteam|p2|Toxapex||Leftovers|Regenerator|Haze,BanefulBunker,Toxic,Recover|Bold||F|||50|]Kingambit||LifeOrb|Defiant|SuckerPunch,KowtowCleave,Protect,IronHead|Adamant||F|||50|]Sinistcha||MentalHerb|Hospitality|MatchaGotcha,TrickRoom,RagePowder,Protect|Relaxed|||||50|]Dragalge||Dragalgite|Adaptability|DragonPulse,Protect,SludgeWave,Thunder|Modest||M|||50|]Aerodactyl||Aerodactylite|RockHead|IronHead,Protect,RockSlide,WideGuard|Jolly||M|||50|]Grimmsnarl||LightClay|Prankster|PartingShot,LightScreen,Taunt,FakeOut|Careful||M|||50|
|
|t:|1783654358
|teamsize|p1|4
|teamsize|p2|4
|start
|switch|p1a: Aerodactyl|Aerodactyl, L50, M|100/100
|switch|p1b: Kingambit|Kingambit, L50, M|100/100
|switch|p2a: Kingambit|Kingambit, L50, F|100/100
|switch|p2b: Grimmsnarl|Grimmsnarl, L50, M|100/100
|turn|1
|inactive|Battle timer is ON: inactive players will automatically lose when time's up. (requested by DaxerVGC)
|
|t:|1783654380
|switch|p1a: Farigiraf|Farigiraf, L50, F|100/100
|switch|p2b: Dragalge|Dragalge, L50, M|100/100
|move|p2a: Kingambit|Protect|p2a: Kingambit
|-singleturn|p2a: Kingambit|Protect
|move|p1b: Kingambit|Low Kick|p2a: Kingambit
|-activate|p2a: Kingambit|move: Protect
|
|upkeep
|turn|2
|
|t:|1783654400
|switch|p2a: Toxapex|Toxapex, L50, F|100/100
|detailschange|p2b: Dragalge|Dragalge-Mega, L50, M
|-mega|p2b: Dragalge|Dragalge|Dragalgite
|move|p1a: Farigiraf|Twin Beam|p2b: Dragalge
|-supereffective|p2b: Dragalge|1
|-damage|p2b: Dragalge|79/100
|-supereffective|p2b: Dragalge|1
|-damage|p2b: Dragalge|58/100
|-hitcount|p2b: Dragalge|2
|move|p1b: Kingambit|Low Kick|p2a: Toxapex
|-resisted|p2a: Toxapex|1
|-damage|p2a: Toxapex|94/100
|move|p2b: Dragalge|Thunder|p1b: Kingambit|[miss]
|-miss|p2b: Dragalge|p1b: Kingambit
|
|-heal|p2a: Toxapex|100/100|[from] item: Leftovers
|upkeep
|turn|3
|inactive|DaxerVGC has 30 seconds left.
|inactive|DaxerVGC has 20 seconds left.
|inactive|DaxerVGC has 15 seconds left.
|
|t:|1783654444
|switch|p1b: Garchomp|Garchomp, L50, M|100/100
|-heal|p2b: Dragalge|91/100|[from] ability: Regenerator|[silent]
|switch|p2b: Grimmsnarl|Grimmsnarl, L50, M|100/100
|move|p1a: Farigiraf|Twin Beam|p2b: Grimmsnarl
|-immune|p2b: Grimmsnarl
|move|p2a: Toxapex|Toxic|p1a: Farigiraf
|-status|p1a: Farigiraf|tox
|
|-damage|p1a: Farigiraf|93/100 tox|[from] psn
|upkeep
|turn|4
|inactive|Seteresu has 30 seconds left.
|
|t:|1783654477
|move|p2a: Toxapex|Baneful Bunker|p2a: Toxapex
|-singleturn|p2a: Toxapex|move: Protect
|move|p2b: Grimmsnarl|Taunt||[still]
|cant|p1a: Farigiraf|ability: Armor Tail|Taunt|[of] p2b: Grimmsnarl
|move|p1b: Garchomp|Stomping Tantrum|p2a: Toxapex
|-activate|p2a: Toxapex|move: Protect
|-status|p1b: Garchomp|psn
|move|p1a: Farigiraf|Twin Beam|p2a: Toxapex
|-activate|p2a: Toxapex|move: Protect
|
|-damage|p1b: Garchomp|87/100 psn|[from] psn
|-damage|p1a: Farigiraf|81/100 tox|[from] psn
|upkeep
|turn|5
|
|t:|1783654497
|move|p2b: Grimmsnarl|Light Screen|p2b: Grimmsnarl
|-sidestart|p2: Seteresu|move: Light Screen
|move|p1b: Garchomp|Stomping Tantrum|p2a: Toxapex
|-supereffective|p2a: Toxapex|1
|-damage|p2a: Toxapex|33/100
|-damage|p1b: Garchomp|77/100 psn|[from] item: Life Orb
|move|p1a: Farigiraf|Thunderbolt|p2a: Toxapex
|-supereffective|p2a: Toxapex|1
|-damage|p2a: Toxapex|8/100
|move|p2a: Toxapex|Recover|p2a: Toxapex
|-heal|p2a: Toxapex|58/100
|
|-heal|p2a: Toxapex|64/100|[from] item: Leftovers
|-damage|p1b: Garchomp|65/100 psn|[from] psn
|-damage|p1a: Farigiraf|62/100 tox|[from] psn
|upkeep
|turn|6
|inactive|DaxerVGC has 30 seconds left.
|inactive|Seteresu has 30 seconds left.
|
|t:|1783654529
|switch|p2b: Kingambit|Kingambit, L50, F|100/100
|-heal|p2a: Toxapex|97/100|[from] ability: Regenerator|[silent]
|switch|p2a: Dragalge|Dragalge-Mega, L50, M|91/100
|move|p1a: Farigiraf|Protect|p1a: Farigiraf
|-singleturn|p1a: Farigiraf|Protect
|move|p1b: Garchomp|Earthquake|p2a: Dragalge|[spread] p2a,p2b
|-activate|p1a: Farigiraf|move: Protect
|-supereffective|p2a: Dragalge|1
|-supereffective|p2b: Kingambit|1
|-damage|p2a: Dragalge|0 fnt
|-damage|p2b: Kingambit|19/100
|faint|p2a: Dragalge
|-damage|p1b: Garchomp|55/100 psn|[from] item: Life Orb
|
|-damage|p1b: Garchomp|43/100 psn|[from] psn
|-damage|p1a: Farigiraf|38/100 tox|[from] psn
|upkeep
|-enditem|p1a: Farigiraf|Sitrus Berry|[eat]
|-heal|p1a: Farigiraf|62/100 tox|[from] item: Sitrus Berry
|
|t:|1783654549
|switch|p2a: Grimmsnarl|Grimmsnarl, L50, M|100/100
|turn|7
|inactive|Seteresu has 30 seconds left.
|inactive|Seteresu has 20 seconds left.
|inactive|Seteresu has 15 seconds left.
|
|t:|1783654589
|switch|p2b: Toxapex|Toxapex, L50, F|97/100
|move|p2a: Grimmsnarl|Taunt||[still]
|cant|p1a: Farigiraf|ability: Armor Tail|Taunt|[of] p2a: Grimmsnarl
|move|p1b: Garchomp|Stomping Tantrum|p2b: Toxapex
|-supereffective|p2b: Toxapex|1
|-damage|p2b: Toxapex|37/100
|-damage|p1b: Garchomp|33/100 psn|[from] item: Life Orb
|move|p1a: Farigiraf|Thunderbolt|p2a: Grimmsnarl
|-damage|p2a: Grimmsnarl|88/100
|
|-heal|p2b: Toxapex|43/100|[from] item: Leftovers
|-damage|p1b: Garchomp|21/100 psn|[from] psn
|-damage|p1a: Farigiraf|32/100 tox|[from] psn
|upkeep
|turn|8
|
|t:|1783654612
|move|p1a: Farigiraf|Protect|p1a: Farigiraf
|-singleturn|p1a: Farigiraf|Protect
|move|p2b: Toxapex|Baneful Bunker|p2b: Toxapex
|-singleturn|p2b: Toxapex|move: Protect
|move|p2a: Grimmsnarl|Taunt||[still]
|cant|p1a: Farigiraf|ability: Armor Tail|Taunt|[of] p2a: Grimmsnarl
|move|p1b: Garchomp|Earthquake|p2b: Toxapex|[spread] p2a
|-activate|p1a: Farigiraf|move: Protect
|-activate|p2b: Toxapex|move: Protect
|-damage|p2a: Grimmsnarl|24/100
|-damage|p1b: Garchomp|11/100 psn|[from] item: Life Orb
|
|-heal|p2b: Toxapex|49/100|[from] item: Leftovers
|-damage|p1b: Garchomp|0 fnt|[from] psn
|faint|p1b: Garchomp
|-damage|p1a: Farigiraf|0 fnt|[from] psn
|faint|p1a: Farigiraf
|upkeep
|
|t:|1783654624
|switch|p1b: Kingambit|Kingambit, L50, M|100/100
|switch|p1a: Aerodactyl|Aerodactyl, L50, M|100/100
|turn|9
|c|ŌśåDaxerVGC|ZZZ
|inactive|Seteresu has 30 seconds left.
|inactive|Seteresu has 20 seconds left.
|inactive|Seteresu has 15 seconds left.
|c|ŌśåSeteresu|I honestly don't understand why you didn't bring in Kingambit when its immune to poison
|inactive|Seteresu has 10 seconds left.
|
|t:|1783654670
|detailschange|p1a: Aerodactyl|Aerodactyl-Mega, L50, M
|-mega|p1a: Aerodactyl|Aerodactyl|Aerodactylite
|move|p2a: Grimmsnarl|Parting Shot|p1a: Aerodactyl
|-unboost|p1a: Aerodactyl|atk|1
|-unboost|p1a: Aerodactyl|spa|1
|
|t:|1783654675
|switch|p2a: Kingambit|Kingambit, L50, F|19/100|[from] Parting Shot
|move|p1a: Aerodactyl|Rock Slide|p2b: Toxapex|[spread] p2a,p2b
|-resisted|p2a: Kingambit|1
|-damage|p2a: Kingambit|13/100
|-damage|p2b: Toxapex|35/100
|move|p1b: Kingambit|Iron Head|p2a: Kingambit
|-resisted|p2a: Kingambit|1
|-damage|p2a: Kingambit|0 fnt
|faint|p2a: Kingambit
|cant|p2b: Toxapex|flinch
|
|-heal|p2b: Toxapex|41/100|[from] item: Leftovers
|upkeep
|c|ŌśåDaxerVGC|ur stall strat sux
|inactive|Seteresu has 30 seconds left.
|c|ŌśåSeteresu|it has merit
|c|ŌśåDaxerVGC|come oooon
|inactive|Seteresu has 20 seconds left.
|inactive|Seteresu has 15 seconds left.
|c|ŌśåDaxerVGC|meirt of being stupid
|
|t:|1783654717
|switch|p2a: Grimmsnarl|Grimmsnarl, L50, M|24/100
|turn|10
|inactive|Seteresu has 30 seconds left.
|c|ŌśåDaxerVGC|its fkn boring dude
|c|ŌśåSeteresu|best way to loose
|c|ŌśåSeteresu|lemme think
|inactive|Seteresu has 20 seconds left.
|inactive|Seteresu has 15 seconds left.
|c|ŌśåDaxerVGC|ur done kid tf u think
|inactive|Seteresu has 10 seconds left.
|inactive|Seteresu has 5 seconds left.
|c|ŌśåSeteresu|prob older than you
|
|t:|1783654772
|move|p2a: Grimmsnarl|Parting Shot|p1a: Aerodactyl
|-unboost|p1a: Aerodactyl|atk|1
|-unboost|p1a: Aerodactyl|spa|1
|move|p1a: Aerodactyl|Rock Slide|p2b: Toxapex|[spread] p2a,p2b
|-damage|p2a: Grimmsnarl|4/100
|-damage|p2b: Toxapex|31/100
|move|p1b: Kingambit|Iron Head|p2a: Grimmsnarl
|-supereffective|p2a: Grimmsnarl|1
|-damage|p2a: Grimmsnarl|0 fnt
|faint|p2a: Grimmsnarl
|cant|p2b: Toxapex|flinch
|
|-heal|p2b: Toxapex|37/100|[from] item: Leftovers
|upkeep
|turn|11
|c|ŌśåDaxerVGC|whatever
|inactive|DaxerVGC has 30 seconds left.
|c|ŌśåDaxerVGC|older not smarter LOL
|inactive|DaxerVGC has 20 seconds left.
|inactive|DaxerVGC has 15 seconds left.
|c|ŌśåDaxerVGC|go fck ur self w that stall start
|inactive|DaxerVGC has 10 seconds left.
|
|t:|1783654821
|move|p2b: Toxapex|Baneful Bunker|p2b: Toxapex
|-singleturn|p2b: Toxapex|move: Protect
|move|p1a: Aerodactyl|Rock Slide|p2b: Toxapex
|-activate|p2b: Toxapex|move: Protect
|move|p1b: Kingambit|Kowtow Cleave|p2b: Toxapex
|-activate|p2b: Toxapex|move: Protect
|
|-heal|p2b: Toxapex|43/100|[from] item: Leftovers
|upkeep
|turn|12
|c|ŌśåSeteresu|Showdown is just for testing teams
|c|ŌśåSeteresu|thats it
|inactive|Seteresu has 30 seconds left.
|c|ŌśåDaxerVGC|and for stupid ppl seems
|c|ŌśåSeteresu|ofc I'm gonna tweak it with corrosion
|inactive|Seteresu has 20 seconds left.
|inactive|Seteresu has 15 seconds left.
|c|ŌśåSeteresu|yup, def for stupid ppl
|inactive|Seteresu has 10 seconds left.
|c|ŌśåDaxerVGC|u got too much fre time dude
|
|t:|1783654869
|move|p2b: Toxapex|Baneful Bunker||[still]
|-fail|p2b: Toxapex
|move|p1a: Aerodactyl|Dual Wingbeat|p2b: Toxapex
|-damage|p2b: Toxapex|35/100
|-damage|p2b: Toxapex|24/100
|-hitcount|p2b: Toxapex|2
|move|p1b: Kingambit|Kowtow Cleave|p2b: Toxapex
|-damage|p2b: Toxapex|0 fnt
|faint|p2b: Toxapex
|
|win|DaxerVGC
