|j|☆temporary name 3
|j|☆vilan333
|html|temporary name 3vilan333    
|uhtml|bestof|Game 3 of a best-of-3
|t:|1786046174
|gametype|doubles
|player|p1|temporary name 3|170|1159
|player|p2|vilan333|marshal|1301
|gen|9
|tier|[Gen 9 Champions] VGC 2026 Reg M-B (Bo3)
|rated|
|rule|Species Clause: Limit one of each Pokémon
|rule|Item Clause: Limit 1 of each item
|clearpoke
|poke|p1|Tyranitar, L50, F|
|poke|p1|Corviknight, L50, M|
|poke|p1|Garchomp, L50, F|
|poke|p1|Farigiraf, L50, M|
|poke|p1|Toxapex, L50, M|
|poke|p1|Sinistcha, L50|
|poke|p2|Tyranitar, L50, M, shiny|
|poke|p2|Excadrill, L50, F, shiny|
|poke|p2|Floette-Eternal, L50, F|
|poke|p2|Whimsicott, L50, M|
|poke|p2|Incineroar, L50, M|
|poke|p2|Sinistcha, L50|
|teampreview|4
|showteam|p1|Tyranitar||Tyranitarite|SandStream|RockSlide,KnockOff,DragonDance,Protect|Adamant||F|||50|]Corviknight||SitrusBerry|MirrorArmor|Tailwind,Roost,IronHead,BodyPress|Adamant||M|||50|]Garchomp||FocusSash|RoughSkin|ScaleShot,Earthquake,StompingTantrum,Protect|Jolly||F|||50|]Farigiraf||ColburBerry|ArmorTail|TrickRoom,Thunderbolt,Protect,Psychic|Bold||M|||50|]Toxapex||Leftovers|Regenerator|Infestation,Toxic,BanefulBunker,WideGuard|Bold||M|||50|]Sinistcha||CobaBerry|Hospitality|MatchaGotcha,RagePowder,TrickRoom,LifeDew|Calm|||||50|
|showteam|p2|Tyranitar||FocusSash|SandStream|Protect,RockSlide,KnockOff,LowKick|Adamant||M|||50|]Excadrill||LifeOrb|SandRush|RockSlide,Protect,IronHead,Earthquake|Adamant||F|||50|]Floette-Eternal||Floettite|FlowerVeil|Protect,Moonblast,DazzlingGleam,CalmMind|Modest||F|||50|]Whimsicott||OccaBerry|Prankster|Moonblast,Encore,Tailwind,Protect|Calm||M|||50|]Incineroar||SitrusBerry|Intimidate|PartingShot,FakeOut,FlareBlitz,HelpingHand|Adamant||M|||50|]Sinistcha||Leftovers|Hospitality|ShadowBall,RagePowder,TrickRoom,Protect|Calm|||||50|
|
|t:|1786046188
|teamsize|p1|4
|teamsize|p2|4
|start
|switch|p1a: Corviknight|Corviknight, L50, M|100/100
|switch|p1b: Toxapex|Toxapex, L50, M|100/100
|switch|p2a: Floette|Floette-Eternal, L50, F|100/100
|switch|p2b: Incineroar|Incineroar, L50, M|100/100
|-ability|p2b: Incineroar|Intimidate|boost
|-ability|p1a: Corviknight|Mirror Armor
|-unboost|p2b: Incineroar|atk|1
|-unboost|p1b: Toxapex|atk|1
|turn|1
|
|t:|1786046211
|detailschange|p2a: Floette|Floette-Mega, L50, F
|-mega|p2a: Floette|Floette|Floettite
|-ability|p2a: Floette|Fairy Aura
|move|p2b: Incineroar|Fake Out|p1a: Corviknight
|-resisted|p1a: Corviknight|1
|-damage|p1a: Corviknight|97/100
|move|p2a: Floette|Calm Mind|p2a: Floette
|-boost|p2a: Floette|spa|1
|-boost|p2a: Floette|spd|1
|cant|p1a: Corviknight|flinch
|move|p1b: Toxapex|Infestation|p2a: Floette
|-resisted|p2a: Floette|1
|-damage|p2a: Floette|99/100
|-activate|p2a: Floette|move: Infestation|[of] p1b: Toxapex
|
|-damage|p2a: Floette|87/100|[from] move: Infestation|[partiallytrapped]
|upkeep
|turn|2
|
|t:|1786046236
|move|p2a: Floette|Protect|p2a: Floette
|-singleturn|p2a: Floette|Protect
|move|p1a: Corviknight|Tailwind|p1a: Corviknight
|-sidestart|p1: temporary name 3|move: Tailwind
|move|p1b: Toxapex|Toxic|p2b: Incineroar
|-status|p2b: Incineroar|tox
|move|p2b: Incineroar|Parting Shot|p1a: Corviknight
|-ability|p1a: Corviknight|Mirror Armor
|-unboost|p2b: Incineroar|atk|1
|-ability|p1a: Corviknight|Mirror Armor
|-unboost|p2b: Incineroar|spa|1
|inactive|Battle timer is ON: inactive players will automatically lose when time's up. (requested by temporary name 3)
|
|t:|1786046253
|switch|p2b: Whimsicott|Whimsicott, L50, M|100/100|[from] Parting Shot
|
|-damage|p2a: Floette|75/100|[from] move: Infestation|[partiallytrapped]
|upkeep
|turn|3
|
|t:|1786046270
|move|p2b: Whimsicott|Encore|p1a: Corviknight
|-start|p1a: Corviknight|Encore
|move|p1a: Corviknight|Tailwind||[still]
|-fail|p1a: Corviknight
|move|p2a: Floette|Calm Mind|p2a: Floette
|-boost|p2a: Floette|spa|1
|-boost|p2a: Floette|spd|1
|move|p1b: Toxapex|Toxic|p2a: Floette
|-status|p2a: Floette|tox
|
|-damage|p2a: Floette|69/100 tox|[from] psn
|-damage|p2a: Floette|57/100 tox|[from] move: Infestation|[partiallytrapped]
|upkeep
|turn|4
|
|t:|1786046292
|switch|p1a: Tyranitar|Tyranitar, L50, F|100/100
|-weather|Sandstorm|[from] ability: Sand Stream|[of] p1a: Tyranitar
|move|p2b: Whimsicott|Encore|p1b: Toxapex
|-start|p1b: Toxapex|Encore
|move|p2a: Floette|Moonblast|p1a: Tyranitar
|-supereffective|p1a: Tyranitar|1
|-damage|p1a: Tyranitar|0 fnt
|faint|p1a: Tyranitar
|move|p1b: Toxapex|Toxic|p2b: Whimsicott
|-status|p2b: Whimsicott|tox
|
|-weather|Sandstorm|[upkeep]
|-damage|p2a: Floette|52/100 tox|[from] Sandstorm
|-damage|p2b: Whimsicott|94/100 tox|[from] Sandstorm
|-damage|p1b: Toxapex|94/100|[from] Sandstorm
|-heal|p1b: Toxapex|100/100|[from] item: Leftovers
|-damage|p2a: Floette|40/100 tox|[from] psn
|-damage|p2b: Whimsicott|88/100 tox|[from] psn
|-damage|p2a: Floette|28/100 tox|[from] move: Infestation|[partiallytrapped]
|upkeep
|inactive|temporary name 3 has 30 seconds left.
|
|t:|1786046320
|switch|p1a: Corviknight|Corviknight, L50, M|97/100
|turn|5
|
|t:|1786046329
|move|p2b: Whimsicott|Tailwind|p2b: Whimsicott
|-sidestart|p2: vilan333|move: Tailwind
|move|p2a: Floette|Moonblast|p1a: Corviknight
|-resisted|p1a: Corviknight|1
|-crit|p1a: Corviknight
|-damage|p1a: Corviknight|0 fnt
|faint|p1a: Corviknight
|move|p1b: Toxapex|Toxic|p2b: Whimsicott
|-fail|p2b: Whimsicott|tox
|
|-weather|Sandstorm|[upkeep]
|-damage|p2a: Floette|22/100 tox|[from] Sandstorm
|-damage|p2b: Whimsicott|82/100 tox|[from] Sandstorm
|-damage|p1b: Toxapex|94/100|[from] Sandstorm
|-heal|p1b: Toxapex|100/100|[from] item: Leftovers
|-damage|p2a: Floette|5/100 tox|[from] psn
|-damage|p2b: Whimsicott|70/100 tox|[from] psn
|-damage|p2a: Floette|0 fnt|[from] move: Infestation|[partiallytrapped]
|faint|p2a: Floette
|-sideend|p1: temporary name 3|move: Tailwind
|upkeep
|
|t:|1786046347
|switch|p2a: Excadrill|Excadrill, L50, F, shiny|100/100
|switch|p1a: Sinistcha|Sinistcha, L50|100/100
|turn|6
|
|t:|1786046363
|move|p2a: Excadrill|Earthquake|p1b: Toxapex|[spread] p2b,p1a,p1b
|-resisted|p2b: Whimsicott|1
|-resisted|p1a: Sinistcha|1
|-supereffective|p1b: Toxapex|1
|-damage|p2b: Whimsicott|39/100 tox
|-damage|p1a: Sinistcha|75/100
|-damage|p1b: Toxapex|20/100y
|-damage|p2a: Excadrill|90/100|[from] item: Life Orb
|move|p2b: Whimsicott|Moonblast|p1a: Sinistcha
|-damage|p1a: Sinistcha|53/100
|-unboost|p1a: Sinistcha|spa|1
|move|p1a: Sinistcha|Matcha Gotcha|p2b: Whimsicott|[spread] p2a,p2b
|-resisted|p2b: Whimsicott|1
|-damage|p2a: Excadrill|68/100
|-heal|p1a: Sinistcha|65/100|[from] drain|[of] p2a: Excadrill
|-damage|p2b: Whimsicott|31/100 tox
|-heal|p1a: Sinistcha|69/100|[from] drain|[of] p2b: Whimsicott
|move|p1b: Toxapex|Toxic|p2a: Excadrill
|-immune|p2a: Excadrill
|
|-weather|Sandstorm|[upkeep]
|-damage|p2b: Whimsicott|25/100 tox|[from] Sandstorm
|-damage|p1a: Sinistcha|62/100|[from] Sandstorm
|-damage|p1b: Toxapex|14/100|[from] Sandstorm
|-heal|p1b: Toxapex|20/100y|[from] item: Leftovers
|-damage|p2b: Whimsicott|7/100 tox|[from] psn
|-end|p1b: Toxapex|Encore
|upkeep
|turn|7
|inactive|temporary name 3 has 30 seconds left.
|inactive|vilan333 has 30 seconds left.
|
|t:|1786046392
|move|p1b: Toxapex|Baneful Bunker|p1b: Toxapex
|-singleturn|p1b: Toxapex|move: Protect
|move|p2a: Excadrill|Iron Head|p1a: Sinistcha
|-damage|p1a: Sinistcha|6/100
|-damage|p2a: Excadrill|58/100|[from] item: Life Orb
|move|p2b: Whimsicott|Moonblast|p1a: Sinistcha
|-damage|p1a: Sinistcha|0 fnt
|faint|p1a: Sinistcha
|
|-weather|Sandstorm|[upkeep]
|-damage|p2b: Whimsicott|1/100 tox|[from] Sandstorm
|-damage|p1b: Toxapex|14/100|[from] Sandstorm
|-heal|p1b: Toxapex|20/100y|[from] item: Leftovers
|-damage|p2b: Whimsicott|0 fnt|[from] psn
|faint|p2b: Whimsicott
|upkeep
|
|t:|1786046408
|switch|p2b: Incineroar|Incineroar, L50, M|100/100 tox
|-ability|p2b: Incineroar|Intimidate|boost
|-unboost|p1b: Toxapex|atk|1
|turn|8
|
|t:|1786046417
|move|p1b: Toxapex|Baneful Bunker||[still]
|-fail|p1b: Toxapex
|move|p2b: Incineroar|Fake Out|p1b: Toxapex
|-damage|p1b: Toxapex|12/100
|move|p2a: Excadrill|Iron Head|p1b: Toxapex
|-resisted|p1b: Toxapex|1
|-damage|p1b: Toxapex|0 fnt
|faint|p1b: Toxapex
|-damage|p2a: Excadrill|49/100|[from] item: Life Orb
|
|win|vilan333
|raw|temporary name 3's rating: 1159 → 1144(-15 for losing)
|raw|vilan333's rating: 1301 → 1313(+12 for winning)
|l|☆temporary name 3
|player|p1|
