|j|☆entei enthusiast
|j|☆NabiscoFigNewtons
|html|entei enthusiastNabiscoFigNewtons    
|uhtml|bestof|Game 2 of a best-of-3
|t:|1783020797
|gametype|doubles
|player|p1|entei enthusiast|kamado-armor|1000
|player|p2|NabiscoFigNewtons|266|1040
|gen|9
|tier|[Gen 9 Champions] VGC 2026 Reg M-B (Bo3)
|rated|
|rule|Species Clause: Limit one of each Pokémon
|rule|Item Clause: Limit 1 of each item
|clearpoke
|poke|p1|Gyarados, L50, F, shiny|
|poke|p1|Floette-Eternal, L50, F|
|poke|p1|Sneasler, L50, M|
|poke|p1|Sinistcha, L50|
|poke|p1|Garchomp, L50, M|
|poke|p1|Incineroar, L50, F|
|poke|p2|Mawile, L50, F|
|poke|p2|Swampert, L50, F|
|poke|p2|Pelipper, L50, M|
|poke|p2|Sinistcha, L50|
|poke|p2|Kingambit, L50, F|
|poke|p2|Incineroar, L50, M|
|teampreview|4
|showteam|p1|Gyarados||Gyaradosite|Intimidate|Waterfall,LashOut,DragonDance,Protect|Adamant||F|||50|]Floette-Eternal||Floettite|FlowerVeil|DrainingKiss,DazzlingGleam,CalmMind,Protect|Timid||F|||50|]Sneasler||FocusSash|PoisonTouch|CloseCombat,DireClaw,FakeOut,Coaching|Jolly||M|||50|]Sinistcha||SitrusBerry|Hospitality|MatchaGotcha,LifeDew,RagePowder,Protect|Calm|||||50|]Garchomp||LifeOrb|RoughSkin|DragonClaw,RockSlide,Earthquake,Protect|Jolly||M|||50|]Incineroar||PasshoBerry|Intimidate|FlareBlitz,FakeOut,PartingShot,Taunt|Careful||F|||50|
|showteam|p2|Mawile||Mawilite|HyperCutter|PlayRough,IronHead,Protect,SwordsDance|Brave||F|||50|]Swampert||Swampertite|Torrent|Earthquake,WaveCrash,Protect,FlipTurn|Adamant||F|||50|]Pelipper||SitrusBerry|Drizzle|WideGuard,Hurricane,Uturn,WeatherBall|Quiet||M|||50|]Sinistcha||MentalHerb|Hospitality|TrickRoom,Scald,MatchaGotcha,Protect|Relaxed|||||50|]Kingambit||BlackGlasses|Defiant|KowtowCleave,SuckerPunch,IronHead,Protect|Brave||F|||50|]Incineroar||Leftovers|Intimidate|FakeOut,Taunt,PartingShot,FlareBlitz|Sassy||M|||50|
|inactive|Battle timer is ON: inactive players will automatically lose when time's up. (requested by entei enthusiast)
|
|t:|1783020835
|teamsize|p1|4
|teamsize|p2|4
|start
|switch|p1a: Gyarados|Gyarados, L50, F, shiny|100/100
|switch|p1b: Sneasler|Sneasler, L50, M|100/100
|switch|p2a: Sinistcha|Sinistcha, L50|100/100
|switch|p2b: Incineroar|Incineroar, L50, M|100/100
|-ability|p1a: Gyarados|Intimidate|boost
|-unboost|p2a: Sinistcha|atk|1
|-unboost|p2b: Incineroar|atk|1
|-ability|p2b: Incineroar|Intimidate|boost
|-unboost|p1a: Gyarados|atk|1
|-unboost|p1b: Sneasler|atk|1
|turn|1
|
|t:|1783020854
|detailschange|p1a: Gyarados|Gyarados-Mega, L50, F, shiny
|-mega|p1a: Gyarados|Gyarados|Gyaradosite
|-ability|p1a: Gyarados|Mold Breaker
|move|p1b: Sneasler|Fake Out|p2b: Incineroar
|-damage|p2b: Incineroar|91/100
|cant|p2b: Incineroar|flinch
|move|p1a: Gyarados|Lash Out|p2a: Sinistcha
|-supereffective|p2a: Sinistcha|1
|-damage|p2a: Sinistcha|1/100
|move|p2a: Sinistcha|Trick Room|p2a: Sinistcha
|-fieldstart|move: Trick Room|[of] p2a: Sinistcha
|
|-heal|p2b: Incineroar|97/100|[from] item: Leftovers
|upkeep
|turn|2
|inactive|entei enthusiast has 30 seconds left.
|inactive|NabiscoFigNewtons has 30 seconds left.
|inactive|NabiscoFigNewtons has 20 seconds left.
|inactive|NabiscoFigNewtons has 15 seconds left.
|
|t:|1783020896
|move|p2b: Incineroar|Parting Shot|p1a: Gyarados
|-unboost|p1a: Gyarados|atk|1
|-unboost|p1a: Gyarados|spa|1
|
|t:|1783020900
|switch|p2b: Mawile|Mawile, L50, F|100/100|[from] Parting Shot
|move|p2a: Sinistcha|Matcha Gotcha|p1a: Gyarados|[spread] p1b
|-miss|p2a: Sinistcha|p1a: Gyarados
|-resisted|p1b: Sneasler|1
|-damage|p1b: Sneasler|80/100
|-heal|p2a: Sinistcha|9/100|[from] drain|[of] p1b: Sneasler
|move|p1a: Gyarados|Waterfall|p2b: Mawile
|-damage|p2b: Mawile|68/100
|move|p1b: Sneasler|Coaching|p1a: Gyarados
|-boost|p1a: Gyarados|atk|1
|-boost|p1a: Gyarados|def|1
|
|upkeep
|turn|3
|inactive|entei enthusiast has 30 seconds left.
|
|t:|1783020926
|switch|p1a: Sinistcha|Sinistcha, L50|100/100
|-heal|p1b: Sneasler|100/100|[from] ability: Hospitality|[of] p1a: Sinistcha
|detailschange|p2b: Mawile|Mawile-Mega, L50, F
|-mega|p2b: Mawile|Mawile|Mawilite
|move|p2b: Mawile|Play Rough|p1a: Sinistcha
|-damage|p1a: Sinistcha|19/100
|-enditem|p1a: Sinistcha|Sitrus Berry|[eat]
|-heal|p1a: Sinistcha|43/100|[from] item: Sitrus Berry
|move|p2a: Sinistcha|Matcha Gotcha|p1b: Sneasler|[spread] p1a,p1b
|-resisted|p1a: Sinistcha|1
|-resisted|p1b: Sneasler|1
|-damage|p1a: Sinistcha|33/100
|-heal|p2a: Sinistcha|14/100|[from] drain|[of] p1a: Sinistcha
|-damage|p1b: Sneasler|82/100
|-heal|p2a: Sinistcha|22/100|[from] drain|[of] p1b: Sneasler
|move|p1b: Sneasler|Close Combat|p2b: Mawile
|-crit|p2b: Mawile
|-damage|p2b: Mawile|0 fnt
|-unboost|p1b: Sneasler|def|1
|-unboost|p1b: Sneasler|spd|1
|faint|p2b: Mawile
|
|upkeep
|
|t:|1783020936
|switch|p2b: Swampert|Swampert, L50, F|100/100
|turn|4
|
|t:|1783020955
|switch|p1b: Gyarados|Gyarados-Mega, L50, F, shiny|100/100
|-ability|p1b: Gyarados|Mold Breaker
|move|p2b: Swampert|Protect|p2b: Swampert
|-singleturn|p2b: Swampert|Protect
|move|p2a: Sinistcha|Matcha Gotcha|p1b: Gyarados|[spread] p1a,p1b
|-resisted|p1a: Sinistcha|1
|-supereffective|p1b: Gyarados|1
|-damage|p1a: Sinistcha|23/100
|-heal|p2a: Sinistcha|28/100|[from] drain|[of] p1a: Sinistcha
|-damage|p1b: Gyarados|64/100
|-heal|p2a: Sinistcha|47/100|[from] drain|[of] p1b: Gyarados
|-status|p1a: Sinistcha|brn
|-status|p1b: Gyarados|brn
|move|p1a: Sinistcha|Matcha Gotcha|p2b: Swampert|[spread] 
|-activate|p2b: Swampert|move: Protect
|-miss|p1a: Sinistcha|p2a: Sinistcha
|
|-damage|p1a: Sinistcha|16/100 brn|[from] brn
|-damage|p1b: Gyarados|58/100 brn|[from] brn
|upkeep
|turn|5
|
|t:|1783020973
|switch|p2b: Incineroar|Incineroar, L50, M|97/100
|-ability|p2b: Incineroar|Intimidate|boost
|-unboost|p1a: Sinistcha|atk|1
|-unboost|p1b: Gyarados|atk|1
|move|p2a: Sinistcha|Matcha Gotcha|p1b: Gyarados|[spread] p1a,p1b
|-resisted|p1a: Sinistcha|1
|-supereffective|p1b: Gyarados|1
|-damage|p1a: Sinistcha|6/100 brn
|-heal|p2a: Sinistcha|52/100|[from] drain|[of] p1a: Sinistcha
|-damage|p1b: Gyarados|16/100 brn
|-heal|p2a: Sinistcha|74/100|[from] drain|[of] p1b: Gyarados
|move|p1a: Sinistcha|Matcha Gotcha|p2a: Sinistcha|[spread] p2a,p2b
|-resisted|p2a: Sinistcha|1
|-crit|p2a: Sinistcha
|-resisted|p2b: Incineroar|1
|-damage|p2a: Sinistcha|56/100
|-heal|p1a: Sinistcha|15/100 brn|[from] drain|[of] p2a: Sinistcha
|-damage|p2b: Incineroar|88/100
|-heal|p1a: Sinistcha|20/100y brn|[from] drain|[of] p2b: Incineroar
|move|p1b: Gyarados|Dragon Dance|p1b: Gyarados
|-boost|p1b: Gyarados|atk|1
|-boost|p1b: Gyarados|spe|1
|
|-heal|p2b: Incineroar|94/100|[from] item: Leftovers
|-damage|p1a: Sinistcha|14/100 brn|[from] brn
|-damage|p1b: Gyarados|11/100 brn|[from] brn
|-fieldend|move: Trick Room
|upkeep
|turn|6
|inactive|NabiscoFigNewtons has 30 seconds left.
|
|t:|1783021004
|move|p2b: Incineroar|Fake Out|p1b: Gyarados
|-damage|p1b: Gyarados|1/100 brn
|cant|p1b: Gyarados|flinch
|move|p1a: Sinistcha|Life Dew|p1a: Sinistcha|[spread] p1a,p1b
|-heal|p1a: Sinistcha|39/100 brn
|-heal|p1b: Gyarados|25/100 brn
|move|p2a: Sinistcha|Matcha Gotcha|p1a: Sinistcha|[spread] p1a,p1b
|-resisted|p1a: Sinistcha|1
|-supereffective|p1b: Gyarados|1
|-damage|p1a: Sinistcha|29/100 brn
|-heal|p2a: Sinistcha|61/100|[from] drain|[of] p1a: Sinistcha
|-damage|p1b: Gyarados|0 fnt
|-heal|p2a: Sinistcha|75/100|[from] drain|[of] p1b: Gyarados
|faint|p1b: Gyarados
|
|-heal|p2b: Incineroar|100/100|[from] item: Leftovers
|-damage|p1a: Sinistcha|23/100 brn|[from] brn
|upkeep
|
|t:|1783021010
|switch|p1b: Garchomp|Garchomp, L50, M|100/100
|turn|7
|inactive|NabiscoFigNewtons has 30 seconds left.
|
|t:|1783021036
|switch|p1a: Sneasler|Sneasler, L50, M|82/100
|switch|p2b: Swampert|Swampert, L50, F|100/100
|move|p1b: Garchomp|Rock Slide|p2b: Swampert|[spread] p2a,p2b
|-resisted|p2b: Swampert|1
|-damage|p2a: Sinistcha|58/100
|-damage|p2b: Swampert|89/100
|-damage|p1b: Garchomp|90/100|[from] item: Life Orb
|move|p2a: Sinistcha|Matcha Gotcha|p1b: Garchomp|[spread] p1a,p1b
|-resisted|p1a: Sneasler|1
|-damage|p1a: Sneasler|64/100
|-heal|p2a: Sinistcha|66/100|[from] drain|[of] p1a: Sneasler
|-damage|p1b: Garchomp|63/100
|-heal|p2a: Sinistcha|80/100|[from] drain|[of] p1b: Garchomp
|
|upkeep
|turn|8
|inactive|entei enthusiast has 30 seconds left.
|inactive|NabiscoFigNewtons has 30 seconds left.
|
|t:|1783021073
|switch|p2a: Incineroar|Incineroar, L50, M|100/100
|-ability|p2a: Incineroar|Intimidate|boost
|-unboost|p1a: Sneasler|atk|1
|-unboost|p1b: Garchomp|atk|1
|move|p1a: Sneasler|Coaching|p1b: Garchomp
|-boost|p1b: Garchomp|atk|1
|-boost|p1b: Garchomp|def|1
|move|p1b: Garchomp|Rock Slide|p2b: Swampert|[spread] p2a,p2b
|-supereffective|p2a: Incineroar|1
|-resisted|p2b: Swampert|1
|-damage|p2a: Incineroar|56/100
|-damage|p2b: Swampert|78/100
|-damage|p1b: Garchomp|54/100|[from] item: Life Orb
|move|p2b: Swampert|Earthquake|p1b: Garchomp|[spread] p2a,p1a,p1b
|-supereffective|p2a: Incineroar|1
|-supereffective|p1a: Sneasler|1
|-damage|p2a: Incineroar|0 fnt
|-damage|p1a: Sneasler|0 fnt
|-damage|p1b: Garchomp|32/100
|faint|p2a: Incineroar
|faint|p1a: Sneasler
|
|upkeep
|
|t:|1783021088
|switch|p1a: Sinistcha|Sinistcha, L50|23/100 brn
|switch|p2a: Sinistcha|Sinistcha, L50|80/100
|-heal|p1b: Garchomp|57/100|[from] ability: Hospitality|[of] p1a: Sinistcha
|-heal|p2b: Swampert|100/100|[from] ability: Hospitality|[of] p2a: Sinistcha
|turn|9
|
|t:|1783021102
|move|p1b: Garchomp|Rock Slide|p2a: Sinistcha|[spread] p2a,p2b
|-resisted|p2b: Swampert|1
|-damage|p2a: Sinistcha|64/100
|-damage|p2b: Swampert|90/100
|-damage|p1b: Garchomp|47/100|[from] item: Life Orb
|move|p2b: Swampert|Wave Crash|p1b: Garchomp
|-damage|p1b: Garchomp|14/100
|-damage|p2b: Swampert|78/100|[from] ability: Rough Skin|[of] p1b: Garchomp
|-damage|p2b: Swampert|67/100|[from] Recoil
|move|p1a: Sinistcha|Matcha Gotcha|p2a: Sinistcha|[spread] p2a,p2b
|-resisted|p2a: Sinistcha|1
|-supereffective|p2b: Swampert|2
|-damage|p2a: Sinistcha|50/100g
|-heal|p1a: Sinistcha|29/100 brn|[from] drain|[of] p2a: Sinistcha
|-damage|p2b: Swampert|0 fnt
|-heal|p1a: Sinistcha|67/100 brn|[from] drain|[of] p2b: Swampert
|faint|p2b: Swampert
|move|p2a: Sinistcha|Matcha Gotcha|p1b: Garchomp|[spread] p1a,p1b
|-resisted|p1a: Sinistcha|1
|-damage|p1a: Sinistcha|55/100 brn
|-heal|p2a: Sinistcha|56/100|[from] drain|[of] p1a: Sinistcha
|-damage|p1b: Garchomp|0 fnt
|-heal|p2a: Sinistcha|65/100|[from] drain|[of] p1b: Garchomp
|faint|p1b: Garchomp
|
|-damage|p1a: Sinistcha|49/100 brn|[from] brn
|upkeep
|turn|10
|
|t:|1783021121
|move|p1a: Sinistcha|Matcha Gotcha|p2a: Sinistcha
|-resisted|p2a: Sinistcha|1
|-damage|p2a: Sinistcha|47/100
|-heal|p1a: Sinistcha|58/100 brn|[from] drain|[of] p2a: Sinistcha
|-status|p2a: Sinistcha|brn
|move|p2a: Sinistcha|Matcha Gotcha|p1a: Sinistcha
|-resisted|p1a: Sinistcha|1
|-damage|p1a: Sinistcha|44/100 brn
|-heal|p2a: Sinistcha|54/100 brn|[from] drain|[of] p1a: Sinistcha
|
|-damage|p1a: Sinistcha|38/100 brn|[from] brn
|-damage|p2a: Sinistcha|48/100 brn|[from] brn
|upkeep
|turn|11
|
|t:|1783021127
|move|p1a: Sinistcha|Life Dew|p1a: Sinistcha
|-heal|p1a: Sinistcha|63/100 brn
|move|p2a: Sinistcha|Matcha Gotcha|p1a: Sinistcha|[miss]
|-miss|p2a: Sinistcha|p1a: Sinistcha
|
|-damage|p1a: Sinistcha|57/100 brn|[from] brn
|-damage|p2a: Sinistcha|42/100 brn|[from] brn
|upkeep
|turn|12
|
|t:|1783021131
|move|p1a: Sinistcha|Life Dew|p1a: Sinistcha
|-heal|p1a: Sinistcha|82/100 brn
|move|p2a: Sinistcha|Matcha Gotcha|p1a: Sinistcha
|-resisted|p1a: Sinistcha|1
|-damage|p1a: Sinistcha|67/100 brn
|-heal|p2a: Sinistcha|50/100y brn|[from] drain|[of] p1a: Sinistcha
|
|-damage|p1a: Sinistcha|61/100 brn|[from] brn
|-damage|p2a: Sinistcha|43/100 brn|[from] brn
|upkeep
|turn|13
|
|t:|1783021134
|move|p1a: Sinistcha|Life Dew|p1a: Sinistcha
|-heal|p1a: Sinistcha|86/100 brn
|move|p2a: Sinistcha|Matcha Gotcha|p1a: Sinistcha
|-resisted|p1a: Sinistcha|1
|-damage|p1a: Sinistcha|71/100 brn
|-heal|p2a: Sinistcha|51/100 brn|[from] drain|[of] p1a: Sinistcha
|
|-damage|p1a: Sinistcha|65/100 brn|[from] brn
|-damage|p2a: Sinistcha|44/100 brn|[from] brn
|upkeep
|turn|14
|
|t:|1783021140
|move|p1a: Sinistcha|Matcha Gotcha|p2a: Sinistcha
|-resisted|p2a: Sinistcha|1
|-damage|p2a: Sinistcha|26/100 brn
|-heal|p1a: Sinistcha|74/100 brn|[from] drain|[of] p2a: Sinistcha
|move|p2a: Sinistcha|Scald|p1a: Sinistcha
|-resisted|p1a: Sinistcha|1
|-damage|p1a: Sinistcha|64/100 brn
|
|-damage|p1a: Sinistcha|57/100 brn|[from] brn
|-damage|p2a: Sinistcha|20/100y brn|[from] brn
|upkeep
|turn|15
|c|☆NabiscoFigNewtons|GG I shouldn’t have even made it this far lmao
|inactive|NabiscoFigNewtons has 30 seconds left.
|c|☆entei enthusiast|gg
|
|t:|1783021167
|move|p1a: Sinistcha|Protect|p1a: Sinistcha
|-singleturn|p1a: Sinistcha|Protect
|move|p2a: Sinistcha|Matcha Gotcha|p1a: Sinistcha
|-activate|p1a: Sinistcha|move: Protect
|
|-damage|p1a: Sinistcha|51/100 brn|[from] brn
|-damage|p2a: Sinistcha|14/100 brn|[from] brn
|upkeep
|turn|16
|
|t:|1783021169
|move|p1a: Sinistcha|Matcha Gotcha|p2a: Sinistcha|[miss]
|-miss|p1a: Sinistcha|p2a: Sinistcha
|move|p2a: Sinistcha|Matcha Gotcha|p1a: Sinistcha
|-resisted|p1a: Sinistcha|1
|-damage|p1a: Sinistcha|36/100 brn
|-heal|p2a: Sinistcha|22/100 brn|[from] drain|[of] p1a: Sinistcha
|
|-damage|p1a: Sinistcha|30/100 brn|[from] brn
|-damage|p2a: Sinistcha|16/100 brn|[from] brn
|upkeep
|turn|17
|-message|NabiscoFigNewtons forfeited.
|
|win|entei enthusiast
|raw|entei enthusiast's rating: 1000 → 1045(+45 for winning)
|raw|NabiscoFigNewtons's rating: 1040 → 1022(-18 for losing)
|l|☆NabiscoFigNewtons
|player|p2|
|j|☆NabiscoFigNewtons
|player|p2|NabiscoFigNewtons|266|
