|j|☆miraai1
|j|☆azulite_poke
|html|miraai1azulite_poke    
|uhtml|bestof|Game 2 of a best-of-3
|t:|1784401718
|gametype|doubles
|player|p1|miraai1|caitlin|
|player|p2|azulite_poke|#smogonxnpa2026draftee|
|gen|9
|tier|[Gen 9 Champions] VGC 2026 Reg M-B (Bo3)
|rule|Species Clause: Limit one of each Pokémon
|rule|Item Clause: Limit 1 of each item
|clearpoke
|poke|p1|Aerodactyl, L50, F|
|poke|p1|Metagross, L50, shiny|
|poke|p1|Kommo-o, L50, F|
|poke|p1|Kingambit, L50, M|
|poke|p1|Basculegion, L50, M|
|poke|p1|Sneasler, L50, M|
|poke|p2|Kingambit, L50, M|
|poke|p2|Froslass, L50, F|
|poke|p2|Basculegion, L50, M|
|poke|p2|Scovillain, L50, M, shiny|
|poke|p2|Lycanroc-Dusk, L50, F|
|poke|p2|Sneasler, L50, F|
|teampreview|4
|showteam|p1|Aerodactyl||Aerodactylite|Unnerve|RockSlide,DualWingbeat,Tailwind,WideGuard|Jolly||F|||50|]Metagross||Metagrossite|ClearBody|PsychicFangs,BulletPunch,Protect,IcePunch|Jolly|||||50|]Kommo-o||LifeOrb|Overcoat|AuraSphere,VacuumWave,ClangingScales,Protect|Modest||F|||50|]Kingambit||BlackGlasses|Defiant|IronHead,SuckerPunch,KowtowCleave,Protect|Adamant||M|||50|]Basculegion||ChoiceScarf|Adaptability|WaveCrash,FlipTurn,LastRespects,AquaJet|Jolly||M|||50|]Sneasler||FocusSash|PoisonTouch|PoisonJab,RockTomb,CloseCombat,FakeOut|Jolly||M|||50|
|showteam|p2|Kingambit||LifeOrb|Defiant|KowtowCleave,SuckerPunch,SwordsDance,Protect|Adamant||M|||50|]Froslass||Froslassite|CursedBody|Blizzard,ShadowBall,AuroraVeil,Protect|Timid||F|||50|]Basculegion||SitrusBerry|Adaptability|WaveCrash,LastRespects,AquaJet,Protect|Adamant||M|||50|]Scovillain||Scovillainite|Moody|Overheat,GigaDrain,RagePowder,Protect|Bold||M|||50|]Lycanroc-Dusk||FocusSash|ToughClaws|RockSlide,CloseCombat,Accelerock,Protect|Adamant||F|||50|]Sneasler||WhiteHerb|Unburden|CloseCombat,GunkShot,FakeOut,Protect|Adamant||F|||50|
|j| Axior
|j| Code
|j|+Radio Free C-Side
|j| FBISurveillanceMan
|j| jmodri
|j| Triir
|j| frostvg
|j| coachfiivee
|j| Finabas
|j| baaaaat_
|
|t:|1784401768
|teamsize|p1|4
|teamsize|p2|4
|start
|switch|p1a: Sneasler|Sneasler, L50, M|100/100
|switch|p1b: Aerodactyl|Aerodactyl, L50, F|100/100
|switch|p2a: Scovillain|Scovillain, L50, M, shiny|100/100
|switch|p2b: Basculegion|Basculegion, L50, M|100/100
|-ability|p1b: Aerodactyl|Unnerve
|turn|1
|j| DarkJorch
|
|t:|1784401790
|switch|p2a: Kingambit|Kingambit, L50, M|100/100
|detailschange|p1b: Aerodactyl|Aerodactyl-Mega, L50, F
|-mega|p1b: Aerodactyl|Aerodactyl|Aerodactylite
|move|p1b: Aerodactyl|Rock Slide|p2a: Kingambit|[spread] p2a,p2b
|-resisted|p2a: Kingambit|1
|-damage|p2a: Kingambit|90/100
|-damage|p2b: Basculegion|74/100
|move|p1a: Sneasler|Poison Jab|p2b: Basculegion
|-resisted|p2b: Basculegion|1
|-damage|p2b: Basculegion|55/100
|-status|p2b: Basculegion|psn|[from] ability: Poison Touch|[of] p1a: Sneasler
|cant|p2b: Basculegion|flinch
|
|-damage|p2b: Basculegion|42/100 psn|[from] psn
|upkeep
|-enditem|p2b: Basculegion|Sitrus Berry|[eat]
|-heal|p2b: Basculegion|67/100 psn|[from] item: Sitrus Berry
|turn|2
|j| YOASOBI stan
|l| Finabas
|
|t:|1784401819
|move|p2b: Basculegion|Aqua Jet|p1b: Aerodactyl
|-supereffective|p1b: Aerodactyl|1
|-damage|p1b: Aerodactyl|43/100
|move|p2a: Kingambit|Sucker Punch|p1b: Aerodactyl
|-damage|p1b: Aerodactyl|0 fnt
|faint|p1b: Aerodactyl
|-damage|p2a: Kingambit|80/100|[from] item: Life Orb
|move|p1a: Sneasler|Close Combat|p2a: Kingambit
|-supereffective|p2a: Kingambit|2
|-damage|p2a: Kingambit|0 fnt
|-unboost|p1a: Sneasler|def|1
|-unboost|p1a: Sneasler|spd|1
|faint|p2a: Kingambit
|
|-damage|p2b: Basculegion|55/100 psn|[from] psn
|upkeep
|j| Finabas
|
|t:|1784401838
|switch|p1b: Kommo-o|Kommo-o, L50, F|100/100
|switch|p2a: Sneasler|Sneasler, L50, F|100/100
|turn|3
|
|t:|1784401883
|move|p1b: Kommo-o|Protect|p1b: Kommo-o
|-singleturn|p1b: Kommo-o|Protect
|move|p2a: Sneasler|Fake Out|p1a: Sneasler
|-damage|p1a: Sneasler|67/100
|cant|p1a: Sneasler|flinch
|move|p2b: Basculegion|Last Respects|p1b: Kommo-o
|-activate|p1b: Kommo-o|move: Protect
|
|-damage|p2b: Basculegion|42/100 psn|[from] psn
|upkeep
|turn|4
|j| xmarsh
|l| xmarsh
|
|t:|1784401900
|move|p2b: Basculegion|Aqua Jet|p1a: Sneasler
|-damage|p1a: Sneasler|1/100
|move|p1a: Sneasler|Close Combat|p2a: Sneasler
|-resisted|p2a: Sneasler|1
|-damage|p2a: Sneasler|63/100
|-unboost|p1a: Sneasler|def|1
|-unboost|p1a: Sneasler|spd|1
|move|p2a: Sneasler|Close Combat|p1b: Kommo-o
|-damage|p1b: Kommo-o|42/100
|-unboost|p2a: Sneasler|def|1
|-unboost|p2a: Sneasler|spd|1
|-enditem|p2a: Sneasler|White Herb
|-clearnegativeboost|p2a: Sneasler|[silent]
|move|p1b: Kommo-o|Clanging Scales|p2b: Basculegion|[spread] p2a,p2b
|-damage|p2a: Sneasler|1/100
|-damage|p2b: Basculegion|0 fnt
|faint|p2b: Basculegion
|-unboost|p1b: Kommo-o|def|1
|-damage|p1b: Kommo-o|32/100|[from] item: Life Orb
|
|upkeep
|
|t:|1784401905
|switch|p2b: Scovillain|Scovillain, L50, M, shiny|100/100
|turn|5
|
|t:|1784401915
|detailschange|p2b: Scovillain|Scovillain-Mega, L50, M, shiny
|-mega|p2b: Scovillain|Scovillain|Scovillainite
|move|p1b: Kommo-o|Protect|p1b: Kommo-o
|-singleturn|p1b: Kommo-o|Protect
|move|p2b: Scovillain|Rage Powder|p2b: Scovillain
|-singleturn|p2b: Scovillain|move: Rage Powder
|move|p2a: Sneasler|Close Combat|p1b: Kommo-o
|-activate|p1b: Kommo-o|move: Protect
|move|p1a: Sneasler|Poison Jab|p2b: Scovillain
|-supereffective|p2b: Scovillain|1
|-damage|p2b: Scovillain|16/100
|-status|p1a: Sneasler|brn|[from] ability: Spicy Spray|[of] p2b: Scovillain
|
|-damage|p1a: Sneasler|0 fnt|[from] brn
|faint|p1a: Sneasler
|upkeep
|j| A Regu1ar Guy
|
|t:|1784401917
|switch|p1a: Basculegion|Basculegion, L50, M|100/100
|turn|6
|
|t:|1784401923
|move|p2b: Scovillain|Protect|p2b: Scovillain
|-singleturn|p2b: Scovillain|Protect
|move|p1b: Kommo-o|Vacuum Wave|p2a: Sneasler
|-resisted|p2a: Sneasler|1
|-damage|p2a: Sneasler|0 fnt
|faint|p2a: Sneasler
|-damage|p1b: Kommo-o|23/100|[from] item: Life Orb
|move|p1a: Basculegion|Last Respects|p2b: Scovillain
|-activate|p2b: Scovillain|move: Protect
|
|upkeep
|turn|7
|c|☆miraai1|gg
|c|☆azulite_poke|ggs
|-message|azulite_poke forfeited.
|
|win|miraai1
|l| jmodri
|l| frostvg
|l|+Radio Free C-Side
|l| coachfiivee
|l| Triir
|l| Finabas
|l| FBISurveillanceMan
|l| Axior
|l|☆azulite_poke
|player|p2|
|l| YOASOBI stan
|j| Clipperz
|l| DarkJorch
|j| larperwatchparty
|l| A Regu1ar Guy
|l| larperwatchparty
|j| FBISurveillanceMan
|l| Clipperz
|j| thebusinesspiggy2
|l| thebusinesspiggy2
|l| FBISurveillanceMan
|l| Code
|j| MajorStar
|l| MajorStar
|j| tryingsomethingnew
|j| beben la lechee
|j| timcheesevgc
|l| beben la lechee
|j| DubiousVGC
|l| timcheesevgc
|l| tryingsomethingnew
|j|+Nails
|l| DubiousVGC
