|j|☆matteo2002
|j|☆Prepucio Santos
|html|matteo2002Prepucio Santos    
|uhtml|bestof|Game 2 of a best-of-3
|t:|1784584264
|gametype|doubles
|player|p1|matteo2002|102|1259
|player|p2|Prepucio Santos|striker|1295
|gen|9
|tier|[Gen 9 Champions] VGC 2026 Reg M-B (Bo3)
|rated|
|rule|Species Clause: Limit one of each Pokémon
|rule|Item Clause: Limit 1 of each item
|clearpoke
|poke|p1|Charizard, L50, M|
|poke|p1|Venusaur, L50, F|
|poke|p1|Pelipper, L50, F|
|poke|p1|Archaludon, L50, M|
|poke|p1|Grimmsnarl, L50, M|
|poke|p1|Basculegion, L50, M|
|poke|p2|Gengar, L50, M|
|poke|p2|Archaludon, L50, M|
|poke|p2|Politoed, L50, M|
|poke|p2|Swampert, L50, F|
|poke|p2|Vivillon, L50, M|
|poke|p2|Incineroar, L50, M|
|teampreview|4
|showteam|p1|Charizard||CharizarditeY|Blaze|HeatWave,WeatherBall,Protect,Hurricane|Modest||M|||50|]Venusaur||FocusSash|Chlorophyll|SludgeBomb,SleepPowder,EarthPower,Protect|Modest||F|||50|]Pelipper||SitrusBerry|Drizzle|Hurricane,WeatherBall,Tailwind,WideGuard|Serious||F|||50|]Archaludon||Leftovers|Stamina|ElectroShot,DragonPulse,Protect,FlashCannon|Calm||M|||50|]Grimmsnarl||LightClay|Prankster|Reflect,LightScreen,PartingShot,SpiritBreak|Sassy||M|||50|]Basculegion||ChoiceScarf|Adaptability|WaveCrash,FlipTurn,AquaJet,LastRespects|Jolly||M|||50|
|showteam|p2|Gengar||Gengarite|CursedBody|ShadowBall,SludgeBomb,PerishSong,Protect|Modest||M|||50|]Archaludon||Leftovers|Stamina|ElectroShot,DragonPulse,FlashCannon,Protect|Bold||M|||50|]Politoed||SitrusBerry|Drizzle|WeatherBall,Hypnosis,PerishSong,Protect|Calm||M|||50|]Swampert||Swampertite|Torrent|WaveCrash,Earthquake,IcePunch,Protect|Adamant||F|||50|]Vivillon||FocusSash|CompoundEyes|Hurricane,SleepPowder,RagePowder,Protect|Timid||M|||50|]Incineroar||PasshoBerry|Intimidate|ThroatChop,FakeOut,PartingShot,Protect|Impish||M|||50|
|
|t:|1784584277
|teamsize|p1|4
|teamsize|p2|4
|start
|switch|p1a: Grimmsnarl|Grimmsnarl, L50, M|100/100
|switch|p1b: Basculegion|Basculegion, L50, M|100/100
|switch|p2a: Incineroar|Incineroar, L50, M|100/100
|switch|p2b: Gengar|Gengar, L50, M|100/100
|-ability|p2a: Incineroar|Intimidate|boost
|-unboost|p1a: Grimmsnarl|atk|1
|-unboost|p1b: Basculegion|atk|1
|turn|1
|inactive|Battle timer is ON: inactive players will automatically lose when time's up. (requested by Prepucio Santos)
|
|t:|1784584291
|detailschange|p2b: Gengar|Gengar-Mega, L50, M
|-mega|p2b: Gengar|Gengar|Gengarite
|move|p1a: Grimmsnarl|Light Screen|p1a: Grimmsnarl
|-sidestart|p1: matteo2002|move: Light Screen
|move|p1b: Basculegion|Flip Turn|p2b: Gengar
|-damage|p2b: Gengar|69/100
|
|t:|1784584306
|switch|p1b: Pelipper|Pelipper, L50, F|100/100|[from] Flip Turn
|-weather|RainDance|[from] ability: Drizzle|[of] p1b: Pelipper
|move|p2b: Gengar|Shadow Ball|p1b: Pelipper
|-damage|p1b: Pelipper|57/100
|move|p2a: Incineroar|Parting Shot|p1a: Grimmsnarl
|-unboost|p1a: Grimmsnarl|atk|1
|-unboost|p1a: Grimmsnarl|spa|1
|
|t:|1784584317
|switch|p2a: Vivillon|Vivillon, L50, M|100/100|[from] Parting Shot
|
|-weather|RainDance|[upkeep]
|upkeep
|turn|2
|
|t:|1784584329
|move|p1a: Grimmsnarl|Parting Shot|p2b: Gengar
|-unboost|p2b: Gengar|atk|1
|-unboost|p2b: Gengar|spa|1
|
|t:|1784584335
|switch|p1a: Archaludon|Archaludon, L50, M|100/100|[from] Parting Shot
|move|p2b: Gengar|Sludge Bomb|p1a: Archaludon
|-immune|p1a: Archaludon
|move|p2a: Vivillon|Sleep Powder|p1b: Pelipper
|-status|p1b: Pelipper|slp|[from] move: Sleep Powder
|cant|p1b: Pelipper|slp
|
|-weather|RainDance|[upkeep]
|upkeep
|turn|3
|
|t:|1784584354
|move|p2b: Gengar|Perish Song|p2b: Gengar
|-start|p1a: Archaludon|perish3|[silent]
|-start|p1b: Pelipper|perish3|[silent]
|-start|p2a: Vivillon|perish3|[silent]
|-start|p2b: Gengar|perish3|[silent]
|-fieldactivate|move: Perish Song
|move|p2a: Vivillon|Sleep Powder|p1a: Archaludon
|-status|p1a: Archaludon|slp|[from] move: Sleep Powder
|cant|p1a: Archaludon|slp
|cant|p1b: Pelipper|slp
|
|-weather|RainDance|[upkeep]
|-start|p2b: Gengar|perish3
|-start|p2a: Vivillon|perish3
|-start|p1a: Archaludon|perish3
|-start|p1b: Pelipper|perish3
|upkeep
|turn|4
|inactive|Prepucio Santos has 30 seconds left.
|
|t:|1784584388
|move|p2b: Gengar|Protect|p2b: Gengar
|-singleturn|p2b: Gengar|Protect
|move|p2a: Vivillon|Protect|p2a: Vivillon
|-singleturn|p2a: Vivillon|Protect
|cant|p1a: Archaludon|slp
|-curestatus|p1b: Pelipper|slp|[msg]
|move|p1b: Pelipper|Hurricane|p2a: Vivillon
|-activate|p2a: Vivillon|move: Protect
|
|-weather|RainDance|[upkeep]
|-start|p2b: Gengar|perish2
|-start|p2a: Vivillon|perish2
|-start|p1a: Archaludon|perish2
|-start|p1b: Pelipper|perish2
|upkeep
|turn|5
|inactive|matteo2002 has 30 seconds left.
|
|t:|1784584415
|move|p2b: Gengar|Shadow Ball|p1a: Archaludon
|-damage|p1a: Archaludon|79/100 slp
|-ability|p1a: Archaludon|Stamina|boost
|-boost|p1a: Archaludon|def|1
|move|p2a: Vivillon|Sleep Powder|p1b: Pelipper
|-status|p1b: Pelipper|slp|[from] move: Sleep Powder
|-curestatus|p1a: Archaludon|slp|[msg]
|move|p1a: Archaludon|Electro Shot||[still]
|-prepare|p1a: Archaludon|Electro Shot
|-boost|p1a: Archaludon|spa|1
|-anim|p1a: Archaludon|Electro Shot|p2a: Vivillon
|-supereffective|p2a: Vivillon|1
|-enditem|p2a: Vivillon|Focus Sash
|-damage|p2a: Vivillon|1/100
|cant|p1b: Pelipper|slp
|
|-weather|none
|-heal|p1a: Archaludon|85/100|[from] item: Leftovers
|-start|p2b: Gengar|perish1
|-start|p2a: Vivillon|perish1
|-start|p1a: Archaludon|perish1
|-start|p1b: Pelipper|perish1
|upkeep
|turn|6
|inactive|matteo2002 has 30 seconds left.
|inactive|matteo2002 has 20 seconds left.
|inactive|matteo2002 has 15 seconds left.
|inactive|matteo2002 has 10 seconds left.
|
|t:|1784584461
|switch|p2b: Politoed|Politoed, L50, M|100/100
|-weather|RainDance|[from] ability: Drizzle|[of] p2b: Politoed
|switch|p2a: Incineroar|Incineroar, L50, M|100/100
|-ability|p2a: Incineroar|Intimidate|boost
|-unboost|p1a: Archaludon|atk|1
|-unboost|p1b: Pelipper|atk|1
|move|p1a: Archaludon|Dragon Pulse|p2b: Politoed
|-damage|p2b: Politoed|58/100
|-curestatus|p1b: Pelipper|slp|[msg]
|move|p1b: Pelipper|Hurricane|p2b: Politoed
|-damage|p2b: Politoed|31/100
|-enditem|p2b: Politoed|Sitrus Berry|[eat]
|-heal|p2b: Politoed|56/100|[from] item: Sitrus Berry
|
|-weather|RainDance|[upkeep]
|-heal|p1a: Archaludon|91/100|[from] item: Leftovers
|-start|p1a: Archaludon|perish0
|-start|p1b: Pelipper|perish0
|faint|p1a: Archaludon
|faint|p1b: Pelipper
|upkeep
|
|t:|1784584481
|switch|p1a: Grimmsnarl|Grimmsnarl, L50, M|100/100
|switch|p1b: Basculegion|Basculegion, L50, M|100/100
|turn|7
|inactive|matteo2002 has 30 seconds left.
|inactive|matteo2002 has 20 seconds left.
|inactive|matteo2002 has 15 seconds left.
|inactive|matteo2002 has 10 seconds left.
|
|t:|1784584528
|move|p1b: Basculegion|Wave Crash|p2a: Incineroar
|-supereffective|p2a: Incineroar|1
|-enditem|p2a: Incineroar|Passho Berry|[eat]
|-enditem|p2a: Incineroar|Passho Berry|[weaken]
|-damage|p2a: Incineroar|17/100
|-damage|p1b: Basculegion|71/100|[from] Recoil
|move|p2b: Politoed|Perish Song|p2b: Politoed
|-start|p1a: Grimmsnarl|perish3|[silent]
|-start|p1b: Basculegion|perish3|[silent]
|-start|p2a: Incineroar|perish3|[silent]
|-start|p2b: Politoed|perish3|[silent]
|-fieldactivate|move: Perish Song
|move|p2a: Incineroar|Throat Chop|p1b: Basculegion
|-supereffective|p1b: Basculegion|1
|-damage|p1b: Basculegion|0 fnt
|faint|p1b: Basculegion
|move|p1a: Grimmsnarl|Spirit Break|p2b: Politoed
|-damage|p2b: Politoed|29/100
|-unboost|p2b: Politoed|spa|1
|
|-weather|RainDance|[upkeep]
|-start|p2b: Politoed|perish3
|-start|p2a: Incineroar|perish3
|-start|p1a: Grimmsnarl|perish3
|upkeep
|turn|8
|-message|matteo2002 forfeited.
|
|win|Prepucio Santos
