|badge|p1|silver|gen9ou|30-6
|uhtml|medal-msg|Curious what those medals under the avatar are? PS now has Ladder Seasons! For more information, check out the thread on Smogon.
|j|☆JackRG1
|j|☆elwero1993
|html|JackRG1elwero1993    
|uhtml|bestof|Game 1 of a best-of-3
|t:|1757740851
|gametype|doubles
|player|p1|JackRG1|dawn-gen4pt|1263
|player|p2|elwero1993|riley|1217
|gen|9
|tier|[Gen 9] VGC 2025 Reg H (Bo3)
|rated|
|rule|Species Clause: Limit one of each Pokémon
|rule|Item Clause: Limit 1 of each item
|clearpoke
|poke|p1|Tyranitar, L50, M|
|poke|p1|Excadrill, L50, M|
|poke|p1|Gastrodon-East, L50, M|
|poke|p1|Grimmsnarl, L50, M|
|poke|p1|Corviknight, L50, M|
|poke|p1|Glimmora, L50, F|
|poke|p2|Archaludon, L50, M|
|poke|p2|Basculegion, L50, M|
|poke|p2|Pelipper, L50, M|
|poke|p2|Gholdengo, L50|
|poke|p2|Incineroar, L50, F|
|poke|p2|Amoonguss, L50, F|
|teampreview|4
|showteam|p1|Tyranitar||AssaultVest|SandStream|RockSlide,KnockOff,TeraBlast,LowKick|||M|||50|,,,,,Flying]Excadrill||FocusSash|SandRush|Earthquake,HighHorsepower,IronHead,Protect|||M|||50|,,,,,Ground]Gastrodon-East||Leftovers|StormDrain|EarthPower,HydroPump,ClearSmog,Protect|||M|||50|,,,,,Poison]Grimmsnarl||LightClay|Prankster|SpiritBreak,Reflect,LightScreen,Taunt|||M|||50|,,,,,Ghost]Corviknight||SafetyGoggles|MirrorArmor|BraveBird,PowerTrip,BulkUp,Roost|||M|||50|,,,,,Dragon]Glimmora||ChoiceScarf|ToxicDebris|EnergyBall,PowerGem,EarthPower,SludgeBomb|||F|||50|,,,,,Grass
|showteam|p2|Archaludon||AssaultVest|Stamina|ElectroShot,BodyPress,FlashCannon,DragonPulse|||M|||50|,,,,,Grass]Basculegion||MysticWater|SwiftSwim|WaveCrash,LastRespects,Protect,AquaJet|||M|||50|,,,,,Grass]Pelipper||FocusSash|Drizzle|WeatherBall,Tailwind,Hurricane,Protect|||M|||50|,,,,,Ghost]Gholdengo||LifeOrb|GoodasGold|MakeItRain,ShadowBall,NastyPlot,Protect||||||50|,,,,,Dragon]Incineroar||SafetyGoggles|Intimidate|KnockOff,PartingShot,FakeOut,FlareBlitz|||F|||50|,,,,,Bug]Amoonguss||SitrusBerry|Regenerator|ClearSmog,Spore,PollenPuff,RagePowder|||F|||50|,,,,,Water
|inactive|Battle timer is ON: inactive players will automatically lose when time's up. (requested by JackRG1)
|
|t:|1757740871
|teamsize|p1|4
|teamsize|p2|4
|start
|switch|p1a: Glimmora|Glimmora, L50, F|100/100
|switch|p1b: Corviknight|Corviknight, L50, M|100/100
|switch|p2a: Gholdengo|Gholdengo, L50|100/100
|switch|p2b: Incineroar|Incineroar, L50, F|100/100
|-ability|p2b: Incineroar|Intimidate|boost
|-unboost|p1a: Glimmora|atk|1
|-ability|p1b: Corviknight|Mirror Armor
|-unboost|p2b: Incineroar|atk|1
|turn|1
|
|t:|1757740895
|move|p2b: Incineroar|Fake Out|p1a: Glimmora
|-resisted|p1a: Glimmora
|-crit|p1a: Glimmora
|-damage|p1a: Glimmora|90/100
|-activate|p1a: Glimmora|ability: Toxic Debris
|-sidestart|p2: elwero1993|move: Toxic Spikes
|cant|p1a: Glimmora|flinch
|move|p2a: Gholdengo|Make It Rain|p1b: Corviknight|[spread] p1a,p1b
|-supereffective|p1a: Glimmora
|-resisted|p1b: Corviknight
|-damage|p1a: Glimmora|0 fnt
|-damage|p1b: Corviknight|67/100
|-unboost|p2a: Gholdengo|spa|1
|faint|p1a: Glimmora
|-damage|p2a: Gholdengo|91/100|[from] item: Life Orb
|move|p1b: Corviknight|Brave Bird|p2a: Gholdengo
|-resisted|p2a: Gholdengo
|-damage|p2a: Gholdengo|67/100
|-damage|p1b: Corviknight|60/100|[from] Recoil
|
|upkeep
|
|t:|1757740899
|switch|p1a: Tyranitar|Tyranitar, L50, M|100/100
|-weather|Sandstorm|[from] ability: Sand Stream|[of] p1a: Tyranitar
|turn|2
|inactive|elwero1993 has 30 seconds left.
|
|t:|1757740926
|switch|p2a: Pelipper|Pelipper, L50, M|100/100
|-weather|RainDance|[from] ability: Drizzle|[of] p2a: Pelipper
|move|p1a: Tyranitar|Knock Off|p2a: Pelipper
|-damage|p2a: Pelipper|20/100
|-enditem|p2a: Pelipper|Focus Sash|[from] move: Knock Off|[of] p1a: Tyranitar
|move|p1b: Corviknight|Bulk Up|p1b: Corviknight
|-boost|p1b: Corviknight|atk|1
|-boost|p1b: Corviknight|def|1
|move|p2b: Incineroar|Parting Shot|p1a: Tyranitar
|-unboost|p1a: Tyranitar|atk|1
|-unboost|p1a: Tyranitar|spa|1
|
|t:|1757740941
|switch|p2b: Gholdengo|Gholdengo, L50|67/100|[from] Parting Shot
|
|-weather|RainDance|[upkeep]
|upkeep
|turn|3
|
|t:|1757740957
|switch|p1a: Gastrodon|Gastrodon-East, L50, M|100/100
|move|p2b: Gholdengo|Make It Rain|p1b: Corviknight|[spread] p1a,p1b
|-resisted|p1a: Gastrodon
|-resisted|p1b: Corviknight
|-damage|p1a: Gastrodon|65/100
|-damage|p1b: Corviknight|26/100
|-unboost|p2b: Gholdengo|spa|1
|-damage|p2b: Gholdengo|57/100|[from] item: Life Orb
|move|p2a: Pelipper|Tailwind|p2a: Pelipper
|-sidestart|p2: elwero1993|move: Tailwind
|move|p1b: Corviknight|Power Trip|p2b: Gholdengo
|-supereffective|p2b: Gholdengo
|-damage|p2b: Gholdengo|2/100
|
|-weather|RainDance|[upkeep]
|-heal|p1a: Gastrodon|71/100|[from] item: Leftovers
|upkeep
|turn|4
|
|t:|1757740980
|move|p2b: Gholdengo|Nasty Plot|p2b: Gholdengo
|-boost|p2b: Gholdengo|spa|2
|move|p2a: Pelipper|Hurricane|p1b: Corviknight
|-resisted|p1b: Corviknight
|-damage|p1b: Corviknight|0 fnt
|faint|p1b: Corviknight
|move|p1a: Gastrodon|Earth Power|p2b: Gholdengo
|-supereffective|p2b: Gholdengo
|-damage|p2b: Gholdengo|0 fnt
|faint|p2b: Gholdengo
|
|-weather|RainDance|[upkeep]
|-heal|p1a: Gastrodon|77/100|[from] item: Leftovers
|upkeep
|
|t:|1757741001
|switch|p2b: Basculegion|Basculegion, L50, M|100/100
|switch|p1b: Tyranitar|Tyranitar, L50, M|100/100
|-status|p2b: Basculegion|psn
|-weather|Sandstorm|[from] ability: Sand Stream|[of] p1b: Tyranitar
|turn|5
|
|t:|1757741011
|switch|p2a: Incineroar|Incineroar, L50, F|100/100
|-status|p2a: Incineroar|psn
|-ability|p2a: Incineroar|Intimidate|boost
|-unboost|p1a: Gastrodon|atk|1
|-unboost|p1b: Tyranitar|atk|1
|move|p2b: Basculegion|Protect|p2b: Basculegion
|-singleturn|p2b: Basculegion|Protect
|move|p1a: Gastrodon|Protect|p1a: Gastrodon
|-singleturn|p1a: Gastrodon|Protect
|move|p1b: Tyranitar|Knock Off|p2b: Basculegion
|-activate|p2b: Basculegion|move: Protect
|
|-weather|Sandstorm|[upkeep]
|-damage|p2b: Basculegion|94/100 psn|[from] Sandstorm
|-heal|p1a: Gastrodon|83/100|[from] item: Leftovers
|-damage|p2b: Basculegion|82/100 psn|[from] psn
|-damage|p2a: Incineroar|88/100 psn|[from] psn
|upkeep
|turn|6
|
|t:|1757741036
|switch|p2a: Pelipper|Pelipper, L50, M|20/100
|-weather|RainDance|[from] ability: Drizzle|[of] p2a: Pelipper
|move|p2b: Basculegion|Wave Crash|p1a: Gastrodon
|-activate|p1a: Gastrodon|ability: Storm Drain
|-ability|p1a: Gastrodon|Storm Drain|boost
|-boost|p1a: Gastrodon|spa|1
|move|p1b: Tyranitar|Rock Slide|p2a: Pelipper|[spread] p2a,p2b
|-supereffective|p2a: Pelipper
|-damage|p2a: Pelipper|0 fnt
|-damage|p2b: Basculegion|53/100 psn
|faint|p2a: Pelipper
|move|p1a: Gastrodon|Hydro Pump|p2b: Basculegion|[miss]
|-miss|p1a: Gastrodon|p2b: Basculegion
|
|-weather|RainDance|[upkeep]
|-heal|p1a: Gastrodon|89/100|[from] item: Leftovers
|-damage|p2b: Basculegion|40/100 psn|[from] psn
|-sideend|p2: elwero1993|move: Tailwind
|upkeep
|-message|elwero1993 forfeited.
|
|win|JackRG1
|l|☆elwero1993
|player|p2|
||JackRG1 is ready for game 2.
|inactive|elwero1993 has 30 seconds to confirm battle start!
|inactive|elwero1993 has 20 seconds to confirm battle start!
|inactive|elwero1993 has 10 seconds to confirm battle start!
|uhtml|next|Next: Game 2 of 3
