|j|☆NandoProbando
|j|☆99voltios
|html|NandoProbando99voltios    
|uhtml|bestof|Game 1 of a best-of-3
|t:|1756475839
|gametype|doubles
|player|p1|NandoProbando|pokefan-gen4|
|player|p2|99voltios|169|
|gen|9
|tier|[Gen 9] VGC 2025 Reg H (Bo3)
|rule|Species Clause: Limit one of each Pokémon
|rule|Item Clause: Limit 1 of each item
|clearpoke
|poke|p1|Indeedee, L50, M|
|poke|p1|Sneasler, L50, M|
|poke|p1|Excadrill, L50, M|
|poke|p1|Magmar, L50, M|
|poke|p1|Corviknight, L50, M|
|poke|p1|Tyranitar, L50, F|
|poke|p2|Pelipper, L50, M|
|poke|p2|Archaludon, L50, M|
|poke|p2|Maushold, L50|
|poke|p2|Rillaboom, L50, F|
|poke|p2|Volcarona, L50, M|
|poke|p2|Baxcalibur, L50, F|
|teampreview|4
|showteam|p1|Indeedee||ChoiceScarf|PsychicSurge|ExpandingForce,TeraBlast,Trick,Protect|||M|||50|,,,,,Psychic]Sneasler||WhiteHerb|Unburden|FakeOut,CloseCombat,DireClaw,Coaching|||M|||50|,,,,,Flying]Excadrill||FocusSash|SandRush|Earthquake,IronHead,SwordsDance,Protect|||M|||50|,,,,,Ground]Magmar||Eviolite|VitalSpirit|HeatWave,FollowMe,HelpingHand,Protect|||M|||50|,,,,,Flying]Corviknight||PsychicSeed|MirrorArmor|BraveBird,PowerTrip,BulkUp,Roost|||M|||50|,,,,,Water]Tyranitar||AssaultVest|SandStream|RockSlide,KnockOff,LowKick,TeraBlast|||F|||50|,,,,,Flying
|showteam|p2|Pelipper||DampRock|Drizzle|Hurricane,WeatherBall,WideGuard,Protect|||M|||50|,,,,,Stellar]Archaludon||AssaultVest|Stamina|FlashCannon,DragonPulse,ElectroShot,BodyPress|||M|||50|,,,,,Fairy]Maushold||WideLens|Technician|PopulationBomb,FollowMe,HelpingHand,ThunderWave||||||50|,,,,,Ghost]Rillaboom||MiracleSeed|GrassySurge|GrassyGlide,FakeOut,Uturn,HighHorsepower|||F|||50|,,,,,Fire]Volcarona||SitrusBerry|FlameBody|HeatWave,GigaDrain,QuiverDance,Protect|||M|||50|,,,,,Grass]Baxcalibur||LoadedDice|ThermalExchange|DragonDance,IcicleSpear,ScaleShot,Protect|||F|||50|,,,,,Poison
|
|t:|1756475906
|teamsize|p1|4
|teamsize|p2|4
|start
|switch|p1a: Magmar|Magmar, L50, M|100/100
|switch|p1b: Corviknight|Corviknight, L50, M|100/100
|switch|p2a: Maushold|Maushold, L50|100/100
|switch|p2b: Pelipper|Pelipper, L50, M|100/100
|-weather|RainDance|[from] ability: Drizzle|[of] p2b: Pelipper
|turn|1
|
|t:|1756475931
|-terastallize|p2b: Pelipper|Stellar
|move|p1a: Magmar|Protect|p1a: Magmar
|-singleturn|p1a: Magmar|Protect
|move|p2a: Maushold|Thunder Wave|p1b: Corviknight
|-status|p1b: Corviknight|par
|move|p2b: Pelipper|Weather Ball|p1a: Magmar
|-activate|p1a: Magmar|move: Protect
|move|p1b: Corviknight|Bulk Up|p1b: Corviknight
|-boost|p1b: Corviknight|atk|1
|-boost|p1b: Corviknight|def|1
|
|-weather|RainDance|[upkeep]
|upkeep
|turn|2
|
|t:|1756475966
|switch|p1a: Indeedee|Indeedee, L50, M|100/100
|-fieldstart|move: Psychic Terrain|[from] ability: Psychic Surge|[of] p1a: Indeedee
|-enditem|p1b: Corviknight|Psychic Seed
|-boost|p1b: Corviknight|spd|1|[from] item: Psychic Seed
|switch|p2b: Archaludon|Archaludon, L50, M|100/100
|move|p2a: Maushold|Population Bomb|p2b: Archaludon
|-resisted|p2b: Archaludon
|-crit|p2b: Archaludon
|-damage|p2b: Archaludon|94/100
|-ability|p2b: Archaludon|Stamina|boost
|-boost|p2b: Archaludon|def|1
|-resisted|p2b: Archaludon
|-crit|p2b: Archaludon
|-damage|p2b: Archaludon|87/100
|-ability|p2b: Archaludon|Stamina|boost
|-boost|p2b: Archaludon|def|1
|-resisted|p2b: Archaludon
|-damage|p2b: Archaludon|84/100
|-ability|p2b: Archaludon|Stamina|boost
|-boost|p2b: Archaludon|def|1
|-resisted|p2b: Archaludon
|-damage|p2b: Archaludon|83/100
|-ability|p2b: Archaludon|Stamina|boost
|-boost|p2b: Archaludon|def|1
|-resisted|p2b: Archaludon
|-damage|p2b: Archaludon|81/100
|-ability|p2b: Archaludon|Stamina|boost
|-boost|p2b: Archaludon|def|1
|-resisted|p2b: Archaludon
|-damage|p2b: Archaludon|80/100
|-ability|p2b: Archaludon|Stamina|boost
|-boost|p2b: Archaludon|def|1
|-resisted|p2b: Archaludon
|-damage|p2b: Archaludon|78/100
|-resisted|p2b: Archaludon
|-crit|p2b: Archaludon
|-damage|p2b: Archaludon|72/100
|-resisted|p2b: Archaludon
|-damage|p2b: Archaludon|70/100
|-resisted|p2b: Archaludon
|-damage|p2b: Archaludon|69/100
|-hitcount|p2b: Archaludon|10
|move|p1b: Corviknight|Bulk Up|p1b: Corviknight
|-boost|p1b: Corviknight|atk|1
|-boost|p1b: Corviknight|def|1
|
|-weather|RainDance|[upkeep]
|upkeep
|turn|3
|inactive|Battle timer is ON: inactive players will automatically lose when time's up. (requested by NandoProbando)
|
|t:|1756476006
|switch|p2a: Rillaboom|Rillaboom, L50, F|100/100
|-fieldstart|move: Grassy Terrain|[from] ability: Grassy Surge|[of] p2a: Rillaboom
|move|p1a: Indeedee|Expanding Force|p2b: Archaludon
|-resisted|p2b: Archaludon
|-damage|p2b: Archaludon|56/100
|move|p2b: Archaludon|Body Press|p1a: Indeedee
|-damage|p1a: Indeedee|0 fnt
|faint|p1a: Indeedee
|move|p1b: Corviknight|Power Trip|p2b: Archaludon
|-damage|p2b: Archaludon|45/100
|
|-weather|RainDance|[upkeep]
|-heal|p2b: Archaludon|51/100|[from] Grassy Terrain
|upkeep
|
|t:|1756476017
|switch|p1a: Sneasler|Sneasler, L50, M|100/100
|turn|4
|
|t:|1756476035
|switch|p2a: Pelipper|Pelipper, L50, M, tera:Stellar|100/100
|move|p1a: Sneasler|Dire Claw|p2a: Pelipper
|-damage|p2a: Pelipper|37/100
|-status|p2a: Pelipper|psn
|move|p2b: Archaludon|Electro Shot||[still]
|-prepare|p2b: Archaludon|Electro Shot
|-boost|p2b: Archaludon|spa|1
|-anim|p2b: Archaludon|Electro Shot|p1b: Corviknight
|-supereffective|p1b: Corviknight
|-damage|p1b: Corviknight|32/100 par
|move|p1b: Corviknight|Power Trip|p2b: Archaludon
|-damage|p2b: Archaludon|39/100
|
|-weather|RainDance|[upkeep]
|-heal|p2b: Archaludon|45/100|[from] Grassy Terrain
|-damage|p2a: Pelipper|24/100 psn|[from] psn
|upkeep
|turn|5
|inactive|NandoProbando has 30 seconds left.
|inactive|99voltios has 30 seconds left.
|
|t:|1756476066
|move|p1a: Sneasler|Close Combat|p2b: Archaludon
|-supereffective|p2b: Archaludon
|-damage|p2b: Archaludon|19/100
|-unboost|p1a: Sneasler|def|1
|-unboost|p1a: Sneasler|spd|1
|-enditem|p1a: Sneasler|White Herb
|-clearnegativeboost|p1a: Sneasler|[silent]
|move|p2a: Pelipper|Weather Ball|p1a: Sneasler
|-damage|p1a: Sneasler|0 fnt
|faint|p1a: Sneasler
|move|p2b: Archaludon|Electro Shot||[still]
|-prepare|p2b: Archaludon|Electro Shot
|-boost|p2b: Archaludon|spa|1
|-anim|p2b: Archaludon|Electro Shot|p1b: Corviknight
|-supereffective|p1b: Corviknight
|-crit|p1b: Corviknight
|-damage|p1b: Corviknight|0 fnt
|faint|p1b: Corviknight
|
|-weather|RainDance|[upkeep]
|-heal|p2b: Archaludon|25/100|[from] Grassy Terrain
|-damage|p2a: Pelipper|12/100 psn|[from] psn
|upkeep
|
|t:|1756476083
|switch|p1b: Magmar|Magmar, L50, M|100/100
|turn|6
|
|t:|1756476091
|move|p1b: Magmar|Protect|p1b: Magmar
|-singleturn|p1b: Magmar|Protect
|move|p2a: Pelipper|Weather Ball|p1b: Magmar
|-activate|p1b: Magmar|move: Protect
|move|p2b: Archaludon|Electro Shot||[still]
|-prepare|p2b: Archaludon|Electro Shot
|-boost|p2b: Archaludon|spa|1
|-anim|p2b: Archaludon|Electro Shot|p1b: Magmar
|-activate|p1b: Magmar|move: Protect
|
|-weather|RainDance|[upkeep]
|-heal|p2b: Archaludon|31/100|[from] Grassy Terrain
|-damage|p2a: Pelipper|0 fnt|[from] psn
|faint|p2a: Pelipper
|upkeep
|
|t:|1756476107
|switch|p2a: Rillaboom|Rillaboom, L50, F|100/100
|turn|7
|
|t:|1756476113
|move|p2a: Rillaboom|Fake Out|p1b: Magmar
|-damage|p1b: Magmar|88/100
|cant|p1b: Magmar|flinch
|move|p2b: Archaludon|Electro Shot||[still]
|-prepare|p2b: Archaludon|Electro Shot
|-boost|p2b: Archaludon|spa|1
|-anim|p2b: Archaludon|Electro Shot|p1b: Magmar
|-damage|p1b: Magmar|0 fnt
|faint|p1b: Magmar
|
|win|99voltios
||NandoProbando is ready for game 2.
|inactive|99voltios has 30 seconds to confirm battle start!
||99voltios is ready for game 2.
|uhtml|next|Next: Game 2 of 3
|l|☆NandoProbando
|player|p1|
|l|☆99voltios
|player|p2|
|j|☆99voltios
|player|p2|99voltios|169|
