|j|☆Miilanz
|j|☆EleRickVGC
|html|MiilanzEleRickVGC    
|uhtml|bestof|Game 1 of a best-of-3
|t:|1782220255
|gametype|doubles
|player|p1|Miilanz|caitlin|
|player|p2|EleRickVGC|2|
|gen|9
|tier|[Gen 9 Champions] VGC 2026 Reg M-B (Bo3)
|rule|Species Clause: Limit one of each Pokémon
|rule|Item Clause: Limit 1 of each item
|clearpoke
|poke|p1|Incineroar, L50, F|
|poke|p1|Mawile, L50, M|
|poke|p1|Farigiraf, L50, F|
|poke|p1|Delphox, L50, M|
|poke|p1|Sneasler, L50, F|
|poke|p1|Aerodactyl, L50, F|
|poke|p2|Pelipper, L50, M|
|poke|p2|Swampert, L50, M|
|poke|p2|Kingambit, L50, M|
|poke|p2|Sableye, L50, M|
|poke|p2|Sinistcha-Masterpiece, L50|
|poke|p2|Archaludon, L50, F|
|teampreview|4
|showteam|p1|Incineroar||Charcoal|Intimidate|FlareBlitz,PartingShot,FakeOut,ThroatChop|Adamant||F|||50|]Mawile||Mawilite|HyperCutter|PlayRough,SuckerPunch,IronHead,Protect|Adamant||M|||50|]Farigiraf||ColburBerry|ArmorTail|Psychic,Protect,TrickRoom,HyperVoice|Modest||F|||50|]Delphox||Delphoxite|Blaze|HeatWave,Psyshock,NastyPlot,Protect|Timid||M|||50|]Sneasler||WhiteHerb|Unburden|DireClaw,CloseCombat,FakeOut,Protect|Adamant||F|||50|]Aerodactyl||FocusSash|Unnerve|Tailwind,RockSlide,DualWingbeat,Protect|Jolly||F|||50|
|showteam|p2|Pelipper||FocusSash|Drizzle|WideGuard,Tailwind,WeatherBall,Hurricane|Timid||M|||50|]Swampert||Swampertite|Damp|WaveCrash,Earthquake,IcePunch,Protect|Adamant||M|||50|]Kingambit||ChopleBerry|Defiant|SuckerPunch,KowtowCleave,Protect,IronHead|Brave||M|||50|]Sableye||RoseliBerry|Prankster|Encore,WillOWisp,FoulPlay,RainDance|Impish||M|||50|]Sinistcha-Masterpiece||CobaBerry|Hospitality|StrengthSap,MatchaGotcha,RagePowder,LifeDew|Bold|||||50|]Archaludon||Leftovers|Stamina|ElectroShot,DracoMeteor,FlashCannon,Protect|Modest||F|||50|
|c|☆EleRickVGC|Glhf man :)
|c|☆Miilanz|glhf!
|
|t:|1782220321
|teamsize|p1|4
|teamsize|p2|4
|start
|switch|p1a: Farigiraf|Farigiraf, L50, F|100/100
|switch|p1b: Sneasler|Sneasler, L50, F|100/100
|switch|p2a: Sableye|Sableye, L50, M|100/100
|switch|p2b: Swampert|Swampert, L50, M|100/100
|turn|1
|
|t:|1782220354
|switch|p1b: Mawile|Mawile, L50, M|100/100
|detailschange|p2b: Swampert|Swampert-Mega, L50, M
|-mega|p2b: Swampert|Swampert|Swampertite
|move|p2a: Sableye|Rain Dance|p2a: Sableye
|-weather|RainDance
|move|p2b: Swampert|Wave Crash|p1a: Farigiraf
|-damage|p1a: Farigiraf|0 fnt
|faint|p1a: Farigiraf
|-damage|p2b: Swampert|58/100|[from] Recoil
|
|-weather|RainDance|[upkeep]
|upkeep
|
|t:|1782220367
|switch|p1a: Sneasler|Sneasler, L50, F|100/100
|turn|2
|
|t:|1782220379
|switch|p1b: Incineroar|Incineroar, L50, F|100/100
|-ability|p1b: Incineroar|Intimidate|boost
|-unboost|p2a: Sableye|atk|1
|-unboost|p2b: Swampert|atk|1
|move|p2b: Swampert|Protect|p2b: Swampert
|-singleturn|p2b: Swampert|Protect
|move|p2a: Sableye|Will-O-Wisp|p1b: Incineroar
|-immune|p1b: Incineroar
|move|p1a: Sneasler|Close Combat|p2b: Swampert
|-activate|p2b: Swampert|move: Protect
|
|-weather|RainDance|[upkeep]
|upkeep
|turn|3
|
|t:|1782220406
|switch|p2b: Pelipper|Pelipper, L50, M|100/100
|move|p1a: Sneasler|Protect|p1a: Sneasler
|-singleturn|p1a: Sneasler|Protect
|move|p2a: Sableye|Encore|p1a: Sneasler
|-activate|p1a: Sneasler|move: Protect
|move|p1b: Incineroar|Throat Chop|p2a: Sableye
|-damage|p2a: Sableye|61/100
|-start|p2a: Sableye|Throat Chop|[silent]
|
|-weather|RainDance|[upkeep]
|upkeep
|turn|4
|
|t:|1782220423
|switch|p1a: Mawile|Mawile, L50, M|100/100
|move|p2a: Sableye|Encore||[still]
|-fail|p2a: Sableye
|move|p2b: Pelipper|Weather Ball|p1b: Incineroar
|-supereffective|p1b: Incineroar|1
|-damage|p1b: Incineroar|0 fnt
|faint|p1b: Incineroar
|
|-weather|RainDance|[upkeep]
|-end|p2a: Sableye|Throat Chop|[silent]
|upkeep
|
|t:|1782220432
|switch|p1b: Sneasler|Sneasler, L50, F|100/100
|turn|5
|
|t:|1782220454
|detailschange|p1a: Mawile|Mawile-Mega, L50, M
|-mega|p1a: Mawile|Mawile|Mawilite
|move|p1a: Mawile|Protect|p1a: Mawile
|-singleturn|p1a: Mawile|Protect
|move|p2a: Sableye|Will-O-Wisp|p1a: Mawile
|-activate|p1a: Mawile|move: Protect
|move|p1b: Sneasler|Dire Claw|p2a: Sableye
|-resisted|p2a: Sableye|1
|-crit|p2a: Sableye
|-damage|p2a: Sableye|30/100
|-status|p2a: Sableye|psn
|move|p2b: Pelipper|Tailwind|p2b: Pelipper
|-sidestart|p2: EleRickVGC|move: Tailwind
|
|-weather|none
|-damage|p2a: Sableye|18/100 psn|[from] psn
|upkeep
|turn|6
|
|t:|1782220481
|switch|p2b: Kingambit|Kingambit, L50, M|100/100
|move|p1b: Sneasler|Protect|p1b: Sneasler
|-singleturn|p1b: Sneasler|Protect
|move|p2a: Sableye|Will-O-Wisp|p1a: Mawile
|-status|p1a: Mawile|brn
|move|p1a: Mawile|Play Rough|p2b: Kingambit
|-crit|p2b: Kingambit
|-damage|p2b: Kingambit|52/100
|
|-damage|p2a: Sableye|6/100 psn|[from] psn
|-damage|p1a: Mawile|94/100 brn|[from] brn
|upkeep
|turn|7
|
|t:|1782220517
|move|p1b: Sneasler|Protect||[still]
|-fail|p1b: Sneasler
|move|p2a: Sableye|Encore|p1b: Sneasler
|-start|p1b: Sneasler|Encore
|move|p2b: Kingambit|Iron Head|p1a: Mawile
|-damage|p1a: Mawile|48/100 brn
|move|p1a: Mawile|Play Rough|p2b: Kingambit|[miss]
|-miss|p1a: Mawile|p2b: Kingambit
|
|-damage|p2a: Sableye|0 fnt|[from] psn
|faint|p2a: Sableye
|-damage|p1a: Mawile|42/100 brn|[from] brn
|upkeep
|
|t:|1782220533
|switch|p2a: Pelipper|Pelipper, L50, M|100/100
|-weather|RainDance|[from] ability: Drizzle|[of] p2a: Pelipper
|turn|8
|-message|Miilanz forfeited.
|
|win|EleRickVGC
||Miilanz is ready for game 2.
|c|☆EleRickVGC|Gg
||EleRickVGC is ready for game 2.
|uhtml|next|Next: Game 2 of 3
|c|☆Miilanz|gg
