|j|☆Notaplaceofhonor
|j|☆gokturkxd
|html|Notaplaceofhonorgokturkxd    
|uhtml|bestof|Game 1 of a best-of-3
|t:|1757710045
|gametype|doubles
|player|p1|Notaplaceofhonor|juan-gen3|1155
|player|p2|gokturkxd|n-masters3|1121
|gen|9
|tier|[Gen 9] VGC 2025 Reg H (Bo3)
|rated|
|rule|Species Clause: Limit one of each Pokémon
|rule|Item Clause: Limit 1 of each item
|clearpoke
|poke|p1|Ursaluna, L50, F|
|poke|p1|Incineroar, L50, M|
|poke|p1|Archaludon, L50, M|
|poke|p1|Pelipper, L50, M|
|poke|p1|Basculegion, L50, M|
|poke|p1|Sinistcha, L50|
|poke|p2|Kommo-o, L50, M|
|poke|p2|Drifblim, L50, F|
|poke|p2|Hydreigon, L50, M|
|poke|p2|Toxtricity, L50, M|
|poke|p2|Volcarona, L50, F|
|poke|p2|Indeedee, L50, M|
|teampreview|4
|showteam|p1|Ursaluna||FlameOrb|Guts|Protect,Facade,Earthquake,HeadlongRush|||F|||50|,,,,,Ghost]Incineroar||SafetyGoggles|Intimidate|Taunt,FakeOut,KnockOff,PartingShot|||M|||50|,,,,,Ghost]Archaludon||AssaultVest|Stamina|ElectroShot,Snarl,DracoMeteor,BodyPress|||M|||50|,,,,,Grass]Pelipper||FocusSash|Drizzle|Hurricane,WeatherBall,Tailwind,Protect|||M|||50|,,,,,Ghost]Basculegion||ChoiceScarf|Adaptability|WaveCrash,LastRespects,FlipTurn,AquaJet|||M|||50|,,,,,Water]Sinistcha||SitrusBerry|Hospitality|MatchaGotcha,TrickRoom,RagePowder,LifeDew||||||50|,,,,,Water
|showteam|p2|Kommo-o||Leftovers|Soundproof|BodyPress,Flamethrower,IronDefense,Protect|||M|||50|,,,,,Fire]Drifblim||PsychicSeed|Unburden|Acrobatics,WillOWisp,StrengthSap,Tailwind|||F|||50|,,,,,Grass]Hydreigon||AssaultVest|Levitate|DarkPulse,DracoMeteor,EarthPower,Snarl|||M|||50|,,,,,Ghost]Toxtricity||ChoiceSpecs|PunkRock|VoltSwitch,SludgeBomb,Boomburst,Overdrive|||M|||50|,,,,,Normal]Volcarona||CovertCloak|FlameBody|QuiverDance,HeatWave,TeraBlast,Protect|||F|||50|,,,,,Fairy]Indeedee||FocusSash|PsychicSurge|ExpandingForce,TeraBlast,Imprison,TrickRoom|||M|||50|,,,,,Fighting
|c|☆gokturkxd|gl hf
|
|t:|1757710172
|teamsize|p1|4
|teamsize|p2|4
|start
|switch|p1a: Incineroar|Incineroar, L50, M|100/100
|switch|p1b: Sinistcha|Sinistcha, L50|100/100
|switch|p2a: Drifblim|Drifblim, L50, F|100/100
|switch|p2b: Indeedee|Indeedee, L50, M|100/100
|-fieldstart|move: Psychic Terrain|[from] ability: Psychic Surge|[of] p2b: Indeedee
|-enditem|p2a: Drifblim|Psychic Seed
|-boost|p2a: Drifblim|spd|1|[from] item: Psychic Seed
|-ability|p1a: Incineroar|Intimidate|boost
|-unboost|p2a: Drifblim|atk|1
|-unboost|p2b: Indeedee|atk|1
|turn|1
|
|t:|1757710218
|move|p2a: Drifblim|Acrobatics|p1b: Sinistcha
|-supereffective|p1b: Sinistcha
|-damage|p1b: Sinistcha|62/100
|move|p2b: Indeedee|Imprison|p2b: Indeedee
|-start|p2b: Indeedee|move: Imprison
|move|p1a: Incineroar|Parting Shot|p2b: Indeedee
|-unboost|p2b: Indeedee|atk|1
|-unboost|p2b: Indeedee|spa|1
|
|t:|1757710231
|switch|p1a: Ursaluna|Ursaluna, L50, F|100/100|[from] Parting Shot
|cant|p1b: Sinistcha|move: Imprison|Trick Room
|
|-status|p1a: Ursaluna|brn|[from] item: Flame Orb
|upkeep
|turn|2
|
|t:|1757710250
|move|p2a: Drifblim|Acrobatics|p1a: Ursaluna
|-damage|p1a: Ursaluna|82/100 brn
|move|p2b: Indeedee|Expanding Force|p1a: Ursaluna|[spread] p1a,p1b
|-damage|p1a: Ursaluna|48/100 brn
|-damage|p1b: Sinistcha|32/100
|-enditem|p1b: Sinistcha|Sitrus Berry|[eat]
|-heal|p1b: Sinistcha|57/100|[from] item: Sitrus Berry
|move|p1b: Sinistcha|Matcha Gotcha|p2a: Drifblim|[spread] p2a,p2b
|-resisted|p2a: Drifblim
|-damage|p2a: Drifblim|92/100
|-heal|p1b: Sinistcha|63/100|[from] drain|[of] p2a: Drifblim
|-damage|p2b: Indeedee|70/100
|-heal|p1b: Sinistcha|76/100|[from] drain|[of] p2b: Indeedee
|-status|p2b: Indeedee|brn
|move|p1a: Ursaluna|Facade|p2b: Indeedee
|-damage|p2b: Indeedee|0 fnt
|faint|p2b: Indeedee
|
|-damage|p1a: Ursaluna|42/100 brn|[from] brn
|upkeep
|
|t:|1757710266
|switch|p2b: Hydreigon|Hydreigon, L50, M|100/100
|turn|3
|
|t:|1757710282
|-terastallize|p2b: Hydreigon|Ghost
|-terastallize|p1b: Sinistcha|Water
|move|p1a: Ursaluna|Protect|p1a: Ursaluna
|-singleturn|p1a: Ursaluna|Protect
|move|p2a: Drifblim|Acrobatics|p1b: Sinistcha
|-damage|p1b: Sinistcha|53/100
|move|p2b: Hydreigon|Dark Pulse|p1b: Sinistcha
|-damage|p1b: Sinistcha|16/100
|cant|p1b: Sinistcha|flinch
|
|-damage|p1a: Ursaluna|36/100 brn|[from] brn
|upkeep
|turn|4
|
|t:|1757710303
|switch|p1a: Incineroar|Incineroar, L50, M|100/100
|-ability|p1a: Incineroar|Intimidate|boost
|-unboost|p2a: Drifblim|atk|1
|-unboost|p2b: Hydreigon|atk|1
|move|p2a: Drifblim|Acrobatics|p1b: Sinistcha
|-damage|p1b: Sinistcha|0 fnt
|faint|p1b: Sinistcha
|move|p2b: Hydreigon|Dark Pulse|p1a: Incineroar
|-resisted|p1a: Incineroar
|-damage|p1a: Incineroar|84/100
|
|upkeep
|
|t:|1757710313
|switch|p1b: Basculegion|Basculegion, L50, M|100/100
|turn|5
|
|t:|1757710336
|move|p2a: Drifblim|Tailwind|p2a: Drifblim
|-sidestart|p2: gokturkxd|move: Tailwind
|move|p2b: Hydreigon|Dark Pulse|p1b: Basculegion
|-supereffective|p1b: Basculegion
|-damage|p1b: Basculegion|6/100
|move|p1b: Basculegion|Last Respects|p2b: Hydreigon
|-supereffective|p2b: Hydreigon
|-damage|p2b: Hydreigon|0 fnt
|faint|p2b: Hydreigon
|move|p1a: Incineroar|Knock Off|p2a: Drifblim
|-supereffective|p2a: Drifblim
|-damage|p2a: Drifblim|39/100
|
|-fieldend|move: Psychic Terrain
|upkeep
|
|t:|1757710343
|switch|p2b: Toxtricity|Toxtricity, L50, M, shiny|100/100
|turn|6
|
|t:|1757710360
|switch|p1b: Ursaluna|Ursaluna, L50, F|36/100 brn
|move|p2a: Drifblim|Strength Sap|p1a: Incineroar
|-unboost|p1a: Incineroar|atk|1
|-heal|p2a: Drifblim|93/100
|move|p2b: Toxtricity|Overdrive|p1b: Ursaluna|[spread] p1a
|-immune|p1b: Ursaluna
|-damage|p1a: Incineroar|36/100
|move|p1a: Incineroar|Knock Off|p2a: Drifblim
|-supereffective|p2a: Drifblim
|-damage|p2a: Drifblim|55/100
|
|-damage|p1b: Ursaluna|30/100 brn|[from] brn
|upkeep
|turn|7
|
|t:|1757710387
|move|p2a: Drifblim|Strength Sap|p1b: Ursaluna
|-unboost|p1b: Ursaluna|atk|1
|-heal|p2a: Drifblim|100/100
|move|p2b: Toxtricity|Overdrive|p1a: Incineroar|[spread] p1a
|-immune|p1b: Ursaluna
|-damage|p1a: Incineroar|0 fnt
|faint|p1a: Incineroar
|move|p1b: Ursaluna|Facade|p2b: Toxtricity
|-damage|p2b: Toxtricity|0 fnt
|faint|p2b: Toxtricity
|
|-damage|p1b: Ursaluna|24/100 brn|[from] brn
|upkeep
|
|t:|1757710398
|switch|p1a: Basculegion|Basculegion, L50, M|6/100
|turn|8
|
|t:|1757710421
|move|p2a: Drifblim|Acrobatics|p1a: Basculegion
|-damage|p1a: Basculegion|0 fnt
|faint|p1a: Basculegion
|move|p1b: Ursaluna|Facade|p2a: Drifblim
|-immune|p2a: Drifblim
|
|-damage|p1b: Ursaluna|18/100 brn|[from] brn
|-sideend|p2: gokturkxd|move: Tailwind
|upkeep
|turn|9
|
|t:|1757710428
|move|p2a: Drifblim|Acrobatics|p1b: Ursaluna
|-damage|p1b: Ursaluna|5/100 brn
|move|p1b: Ursaluna|Facade|p2a: Drifblim
|-immune|p2a: Drifblim
|
|-damage|p1b: Ursaluna|0 fnt|[from] brn
|faint|p1b: Ursaluna
|
|win|gokturkxd
