|j|☆SRareFox
|j|☆KATEGARCIA
|html|SRareFoxKATEGARCIA    
|uhtml|bestof|Game 2 of a best-of-3
|t:|1757244463
|gametype|doubles
|player|p1|SRareFox|170|1285
|player|p2|KATEGARCIA|fisherman|1308
|gen|9
|tier|[Gen 9] VGC 2025 Reg H (Bo3)
|rated|
|rule|Species Clause: Limit one of each Pokémon
|rule|Item Clause: Limit 1 of each item
|clearpoke
|poke|p1|Indeedee-F, L50, F|
|poke|p1|Gallade, L50, M|
|poke|p1|Hatterene, L50, F|
|poke|p1|Ursaluna, L50, M|
|poke|p1|Torkoal, L50, M|
|poke|p1|Porygon2, L50|
|poke|p2|Gholdengo, L50|
|poke|p2|Maushold-Four, L50|
|poke|p2|Rillaboom, L50, F|
|poke|p2|Ursaluna-Bloodmoon, L50, M|
|poke|p2|Annihilape, L50, F|
|poke|p2|Murkrow, L50, M|
|teampreview|4
|showteam|p1|Indeedee-F||SafetyGoggles|PsychicSurge|Psychic,FollowMe,TrickRoom,HelpingHand|||F|||50|,,,,,Water]Gallade||ClearAmulet|Sharpness|PsychoCut,SacredSword,TrickRoom,WideGuard|||M|||50|,,,,,Grass]Hatterene||LifeOrb|MagicBounce|ExpandingForce,DazzlingGleam,TrickRoom,MysticalFire|||F|||50|,,,,,Fire]Ursaluna||FlameOrb|Guts|Facade,HeadlongRush,Earthquake,Protect|||M|||50|,,,,,Ghost]Torkoal||Charcoal|Drought|Eruption,WeatherBall,ClearSmog,Protect|||M|||50|,,,,,Fire]Porygon2||Eviolite|Download|IceBeam,TeraBlast,TrickRoom,Recover||||||50|,,,,,Flying
|showteam|p2|Gholdengo||ChoiceSpecs|GoodasGold|MakeItRain,ShadowBall,Thunderbolt,SteelBeam||||||50|,,,,,Steel]Maushold-Four||FocusSash|FriendGuard|Taunt,FollowMe,BeatUp,Protect||||||50|,,,,,Ghost]Rillaboom||MiracleSeed|GrassySurge|FakeOut,WoodHammer,GrassyGlide,HighHorsepower|||F|||50|,,,,,Grass]Ursaluna-Bloodmoon||AssaultVest|MindsEye|BloodMoon,EarthPower,HyperVoice,VacuumWave|||M|||50|,,,,,Water]Annihilape||SitrusBerry|Defiant|DrainPunch,RageFist,BulkUp,Protect|||F|||50|,,,,,Fire]Murkrow||Eviolite|Prankster|SunnyDay,FoulPlay,Tailwind,Haze|||M|||50|,,,,,Ghost
|inactive|Battle timer is ON: inactive players will automatically lose when time's up. (requested by SRareFox)
|
|t:|1757244479
|teamsize|p1|4
|teamsize|p2|4
|start
|switch|p1a: Indeedee|Indeedee-F, L50, F|100/100
|switch|p1b: Hatterene|Hatterene, L50, F|100/100
|switch|p2a: Ursaluna|Ursaluna-Bloodmoon, L50, M|100/100
|switch|p2b: Gholdengo|Gholdengo, L50|100/100
|-fieldstart|move: Psychic Terrain|[from] ability: Psychic Surge|[of] p1a: Indeedee
|turn|1
|inactive|SRareFox has 30 seconds left.
|inactive|SRareFox has 20 seconds left.
|inactive|SRareFox has 15 seconds left.
|
|t:|1757244521
|-terastallize|p2b: Gholdengo|Steel
|-terastallize|p1a: Indeedee|Water
|move|p2b: Gholdengo|Make It Rain|p1b: Hatterene|[spread] p1a,p1b
|-resisted|p1a: Indeedee
|-supereffective|p1b: Hatterene
|-damage|p1a: Indeedee|57/100
|-damage|p1b: Hatterene|0 fnt
|-unboost|p2b: Gholdengo|spa|1
|faint|p1b: Hatterene
|move|p2a: Ursaluna|Hyper Voice|p1a: Indeedee
|-damage|p1a: Indeedee|14/100
|move|p1a: Indeedee|Trick Room|p1a: Indeedee
|-fieldstart|move: Trick Room|[of] p1a: Indeedee
|
|upkeep
|
|t:|1757244534
|switch|p1b: Torkoal|Torkoal, L50, M|100/100
|-weather|SunnyDay|[from] ability: Drought|[of] p1b: Torkoal
|turn|2
|
|t:|1757244543
|move|p1b: Torkoal|Eruption|p2b: Gholdengo|[spread] p2a,p2b
|-supereffective|p2b: Gholdengo
|-damage|p2a: Ursaluna|45/100
|-damage|p2b: Gholdengo|0 fnt
|faint|p2b: Gholdengo
|move|p1a: Indeedee|Psychic|p2a: Ursaluna
|-damage|p2a: Ursaluna|21/100
|move|p2a: Ursaluna|Earth Power|p1b: Torkoal
|-supereffective|p1b: Torkoal
|-damage|p1b: Torkoal|0 fnt
|faint|p1b: Torkoal
|
|-weather|SunnyDay|[upkeep]
|upkeep
|
|t:|1757244554
|switch|p1b: Gallade|Gallade, L50, M|100/100
|switch|p2b: Rillaboom|Rillaboom, L50, F|100/100
|-fieldstart|move: Grassy Terrain|[from] ability: Grassy Surge|[of] p2b: Rillaboom
|turn|3
|
|t:|1757244566
|move|p2b: Rillaboom|Fake Out|p1b: Gallade
|-damage|p1b: Gallade|81/100
|cant|p1b: Gallade|flinch
|move|p1a: Indeedee|Psychic|p2a: Ursaluna
|-damage|p2a: Ursaluna|3/100
|move|p2a: Ursaluna|Earth Power|p1a: Indeedee
|-damage|p1a: Indeedee|0 fnt
|faint|p1a: Indeedee
|
|-weather|SunnyDay|[upkeep]
|-heal|p1b: Gallade|87/100|[from] Grassy Terrain
|-heal|p2a: Ursaluna|9/100|[from] Grassy Terrain
|upkeep
|turn|4
|
|t:|1757244579
|move|p1b: Gallade|Sacred Sword|p2b: Rillaboom
|-crit|p2b: Rillaboom
|-damage|p2b: Rillaboom|0 fnt
|faint|p2b: Rillaboom
|move|p2a: Ursaluna|Blood Moon|p1b: Gallade
|-damage|p1b: Gallade|18/100
|
|-weather|SunnyDay|[upkeep]
|-heal|p1b: Gallade|23/100|[from] Grassy Terrain
|-heal|p2a: Ursaluna|15/100|[from] Grassy Terrain
|upkeep
|
|t:|1757244582
|switch|p2b: Annihilape|Annihilape, L50, F|100/100
|turn|5
|
|t:|1757244591
|move|p1b: Gallade|Psycho Cut|p2b: Annihilape
|-supereffective|p2b: Annihilape
|-damage|p2b: Annihilape|0 fnt
|faint|p2b: Annihilape
|move|p2a: Ursaluna|Hyper Voice|p1b: Gallade
|-damage|p1b: Gallade|0 fnt
|faint|p1b: Gallade
|
|win|KATEGARCIA
||KATEGARCIA is ready for game 3.
