|j|☆dcheng24
|j|☆el1azsm
|html|dcheng24el1azsm    
|uhtml|bestof|Game 1 of a best-of-3
|t:|1757829755
|gametype|doubles
|player|p1|dcheng24|170|1068
|player|p2|el1azsm|proton|1054
|gen|9
|tier|[Gen 9] VGC 2025 Reg H (Bo3)
|rated|
|rule|Species Clause: Limit one of each Pokémon
|rule|Item Clause: Limit 1 of each item
|clearpoke
|poke|p1|Amoonguss, L50, M|
|poke|p1|Archaludon, L50, F|
|poke|p1|Maushold-Four, L50|
|poke|p1|Primarina, L50, M|
|poke|p1|Incineroar, L50, F|
|poke|p1|Ursaluna-Bloodmoon, L50, M|
|poke|p2|Chesnaught, L50, F|
|poke|p2|Indeedee-F, L50, F|
|poke|p2|Dragonite, L50, M|
|poke|p2|Gholdengo, L50|
|poke|p2|Amoonguss, L50, F|
|poke|p2|Kingambit, L50, M|
|teampreview|4
|showteam|p1|Amoonguss||QuickClaw|Regenerator|ClearSmog,Spore,PollenPuff,RagePowder|||M|||50|,,,,,Ghost]Archaludon||AssaultVest|Stamina|Thunderbolt,Snarl,BodyPress,DragonPulse|||F|||50|,,,,,Dragon]Maushold-Four||CovertCloak|FriendGuard|FollowMe,PopulationBomb,Taunt,Encore||||||50|,,,,,Ghost]Primarina||Leftovers|Torrent|HelpingHand,Charm,LightScreen,Surf|||M|||50|,,,,,Water]Incineroar||RockyHelmet|Intimidate|KnockOff,Taunt,FakeOut,PartingShot|||F|||50|,,,,,Grass]Ursaluna-Bloodmoon||LifeOrb|MindsEye|BloodMoon,EarthPower,Protect,HyperVoice|||M|||50|,,,,,Ground
|showteam|p2|Chesnaught||PsychicSeed|Bulletproof|SpikyShield,KnockOff,IronDefense,BodyPress|||F|||50|,,,,,Water]Indeedee-F||SafetyGoggles|PsychicSurge|Protect,FollowMe,HelpingHand,AlluringVoice|||F|||50|,,,,,Fairy]Dragonite||LoadedDice|Multiscale|Protect,Tailwind,ScaleShot,ExtremeSpeed|||M|||50|,,,,,Normal]Gholdengo||FocusSash|GoodasGold|Protect,MakeItRain,ShadowBall,NastyPlot||||||50|,,,,,Water]Amoonguss||RockyHelmet|Regenerator|Protect,RagePowder,Spore,ClearSmog|||F|||50|,,,,,Water]Kingambit||AssaultVest|Defiant|IronHead,KowtowCleave,SuckerPunch,TeraBlast|||M|||50|,,,,,Flying
|
|t:|1757829800
|teamsize|p1|4
|teamsize|p2|4
|start
|switch|p1a: Ursaluna|Ursaluna-Bloodmoon, L50, M|100/100
|switch|p1b: Maushold|Maushold-Four, L50|100/100
|switch|p2a: Chesnaught|Chesnaught, L50, F|100/100
|switch|p2b: Kingambit|Kingambit, L50, M|100/100
|turn|1
|
|t:|1757829843
|switch|p2b: Indeedee|Indeedee-F, L50, F|100/100
|-fieldstart|move: Psychic Terrain|[from] ability: Psychic Surge|[of] p2b: Indeedee
|-enditem|p2a: Chesnaught|Psychic Seed
|-boost|p2a: Chesnaught|spd|1|[from] item: Psychic Seed
|-terastallize|p1b: Maushold|Ghost
|move|p1b: Maushold|Follow Me|p1b: Maushold
|-singleturn|p1b: Maushold|move: Follow Me
|move|p2a: Chesnaught|Iron Defense|p2a: Chesnaught
|-boost|p2a: Chesnaught|def|2
|move|p1a: Ursaluna|Earth Power|p2b: Indeedee
|-damage|p2b: Indeedee|39/100
|-damage|p1a: Ursaluna|91/100|[from] item: Life Orb
|
|upkeep
|turn|2
|
|t:|1757829877
|switch|p1a: Archaludon|Archaludon, L50, F|100/100
|move|p2b: Indeedee|Helping Hand|p2a: Chesnaught
|-singleturn|p2a: Chesnaught|Helping Hand|[of] p2b: Indeedee
|move|p1b: Maushold|Population Bomb|p1a: Archaludon
|-resisted|p1a: Archaludon
|-damage|p1a: Archaludon|98/100
|-ability|p1a: Archaludon|Stamina|boost
|-boost|p1a: Archaludon|def|1
|-resisted|p1a: Archaludon
|-damage|p1a: Archaludon|97/100
|-ability|p1a: Archaludon|Stamina|boost
|-boost|p1a: Archaludon|def|1
|-hitcount|p1a: Archaludon|2
|move|p2a: Chesnaught|Knock Off|p1b: Maushold
|-supereffective|p1b: Maushold
|-damage|p1b: Maushold|36/100
|-enditem|p1b: Maushold|Covert Cloak|[from] move: Knock Off|[of] p2a: Chesnaught
|
|upkeep
|turn|3
|
|t:|1757829950
|switch|p1b: Amoonguss|Amoonguss, L50, M|100/100
|move|p2b: Indeedee|Follow Me|p2b: Indeedee
|-singleturn|p2b: Indeedee|move: Follow Me
|move|p1a: Archaludon|Dragon Pulse|p2b: Indeedee
|-damage|p2b: Indeedee|0 fnt
|faint|p2b: Indeedee
|move|p2a: Chesnaught|Iron Defense|p2a: Chesnaught
|-boost|p2a: Chesnaught|def|2
|
|upkeep
|
|t:|1757829965
|switch|p2b: Amoonguss|Amoonguss, L50, F|100/100
|turn|4
|
|t:|1757829990
|move|p2a: Chesnaught|Spiky Shield|p2a: Chesnaught
|-singleturn|p2a: Chesnaught|move: Protect
|move|p1b: Amoonguss|Rage Powder|p1b: Amoonguss
|-singleturn|p1b: Amoonguss|move: Rage Powder
|move|p1a: Archaludon|Body Press|p2b: Amoonguss
|-resisted|p2b: Amoonguss
|-damage|p2b: Amoonguss|84/100
|-damage|p1a: Archaludon|81/100|[from] item: Rocky Helmet|[of] p2b: Amoonguss
|move|p2b: Amoonguss|Spore|p1a: Archaludon
|-status|p1a: Archaludon|slp|[from] move: Spore
|
|upkeep
|turn|5
|
|t:|1757830047
|switch|p1a: Maushold|Maushold-Four, L50, tera:Ghost|36/100
|move|p1b: Amoonguss|Clear Smog|p2a: Chesnaught
|-supereffective|p2a: Chesnaught
|-damage|p2a: Chesnaught|84/100
|-clearboost|p2a: Chesnaught
|move|p2a: Chesnaught|Body Press|p1a: Maushold
|-immune|p1a: Maushold
|move|p2b: Amoonguss|Clear Smog|p1b: Amoonguss
|-damage|p1b: Amoonguss|90/100
|-clearboost|p1b: Amoonguss
|
|-fieldend|move: Psychic Terrain
|upkeep
|turn|6
|
|t:|1757830090
|move|p1a: Maushold|Taunt|p2b: Amoonguss
|-start|p2b: Amoonguss|move: Taunt
|move|p1b: Amoonguss|Pollen Puff|p1a: Maushold
|-heal|p1a: Maushold|86/100
|move|p2a: Chesnaught|Knock Off|p1b: Amoonguss
|-damage|p1b: Amoonguss|68/100
|-enditem|p1b: Amoonguss|Quick Claw|[from] move: Knock Off|[of] p2a: Chesnaught
|cant|p2b: Amoonguss|move: Taunt|Spore
|
|upkeep
|turn|7
|
|t:|1757830123
|switch|p2b: Kingambit|Kingambit, L50, M|100/100
|move|p1a: Maushold|Population Bomb|p2a: Chesnaught|[miss]
|-miss|p1a: Maushold|p2a: Chesnaught
|move|p1b: Amoonguss|Clear Smog|p2a: Chesnaught
|-supereffective|p2a: Chesnaught
|-damage|p2a: Chesnaught|56/100
|-clearboost|p2a: Chesnaught
|move|p2a: Chesnaught|Iron Defense|p2a: Chesnaught
|-boost|p2a: Chesnaught|def|2
|
|upkeep
|turn|8
|
|t:|1757830177
|switch|p1a: Archaludon|Archaludon, L50, F|81/100 slp
|-terastallize|p2b: Kingambit|Flying
|move|p2a: Chesnaught|Spiky Shield|p2a: Chesnaught
|-singleturn|p2a: Chesnaught|move: Protect
|move|p1b: Amoonguss|Spore|p2b: Kingambit
|-status|p2b: Kingambit|slp|[from] move: Spore
|cant|p2b: Kingambit|slp
|
|upkeep
|turn|9
|
|t:|1757830232
|switch|p1a: Maushold|Maushold-Four, L50, tera:Ghost|86/100
|move|p2a: Chesnaught|Spiky Shield||[still]
|-fail|p2a: Chesnaught
|move|p1b: Amoonguss|Clear Smog|p2a: Chesnaught
|-supereffective|p2a: Chesnaught
|-damage|p2a: Chesnaught|29/100
|-clearboost|p2a: Chesnaught
|cant|p2b: Kingambit|slp
|
|upkeep
|turn|10
|
|t:|1757830265
|move|p1b: Amoonguss|Rage Powder|p1b: Amoonguss
|-singleturn|p1b: Amoonguss|move: Rage Powder
|move|p1a: Maushold|Population Bomb|p2b: Kingambit|[miss]
|-miss|p1a: Maushold|p2b: Kingambit
|move|p2a: Chesnaught|Body Press|p1b: Amoonguss
|-resisted|p1b: Amoonguss
|-damage|p1b: Amoonguss|52/100
|-curestatus|p2b: Kingambit|slp|[msg]
|move|p2b: Kingambit|Tera Blast|p1b: Amoonguss|[anim] Tera Blast Flying
|-supereffective|p1b: Amoonguss
|-damage|p1b: Amoonguss|0 fnt
|faint|p1b: Amoonguss
|
|upkeep
|
|t:|1757830283
|switch|p1b: Archaludon|Archaludon, L50, F|81/100 slp
|turn|11
|
|t:|1757830307
|move|p1a: Maushold|Population Bomb|p2a: Chesnaught
|-damage|p2a: Chesnaught|24/100
|-damage|p2a: Chesnaught|18/100
|-damage|p2a: Chesnaught|13/100
|-hitcount|p2a: Chesnaught|3
|cant|p1b: Archaludon|slp
|move|p2a: Chesnaught|Iron Defense|p2a: Chesnaught
|-boost|p2a: Chesnaught|def|2
|move|p2b: Kingambit|Kowtow Cleave|p1a: Maushold
|-supereffective|p1a: Maushold
|-damage|p1a: Maushold|5/100
|
|upkeep
|turn|12
|
|t:|1757830339
|move|p2b: Kingambit|Sucker Punch|p1a: Maushold
|-supereffective|p1a: Maushold
|-crit|p1a: Maushold
|-damage|p1a: Maushold|0 fnt
|faint|p1a: Maushold
|cant|p1b: Archaludon|slp
|move|p2a: Chesnaught|Body Press|p1b: Archaludon
|-supereffective|p1b: Archaludon
|-damage|p1b: Archaludon|0 fnt
|faint|p1b: Archaludon
|
|upkeep
|
|t:|1757830352
|switch|p1a: Ursaluna|Ursaluna-Bloodmoon, L50, M|91/100
|turn|13
|
|t:|1757830374
|move|p2a: Chesnaught|Body Press|p1a: Ursaluna
|-supereffective|p1a: Ursaluna
|-damage|p1a: Ursaluna|0 fnt
|faint|p1a: Ursaluna
|
|win|el1azsm
|l|☆el1azsm
|player|p2|
||dcheng24 is ready for game 2.
||el1azsm is ready for game 2.
|uhtml|next|Next: Game 2 of 3
