|j|☆Beh2242
|j|☆bosilek
|html|Beh2242bosilek    
|uhtml|bestof|Game 1 of a best-of-3
|t:|1756514944
|gametype|doubles
|player|p1|Beh2242|lucas-gen4pt|1106
|player|p2|bosilek|hilbert-wonderlauncher|1212
|gen|9
|tier|[Gen 9] VGC 2025 Reg H (Bo3)
|rated|
|rule|Species Clause: Limit one of each Pokémon
|rule|Item Clause: Limit 1 of each item
|clearpoke
|poke|p1|Porygon2, L50|
|poke|p1|Gholdengo, L50|
|poke|p1|Hydreigon, L50, M|
|poke|p1|Amoonguss, L50, M|
|poke|p1|Ursaluna, L50, M|
|poke|p1|Incineroar, L50, M|
|poke|p2|Garchomp, L50, M|
|poke|p2|Talonflame, L50, M|
|poke|p2|Gholdengo, L50|
|poke|p2|Ninetales-Alola, L50, F|
|poke|p2|Hydreigon, L50, F|
|poke|p2|Annihilape, L50, F|
|teampreview|4
|showteam|p1|Porygon2||Eviolite|Download|TeraBlast,IceBeam,Recover,TrickRoom||||||50|,,,,,Flying]Gholdengo||LifeOrb|GoodasGold|MakeItRain,ShadowBall,NastyPlot,Protect||||||50|,,,,,Water]Hydreigon||CovertCloak|Levitate|DracoMeteor,Snarl,Tailwind,Protect|||M|||50|,,,,,Steel]Amoonguss||SitrusBerry|Regenerator|Spore,RagePowder,PollenPuff,Protect|||M|||50|,,,,,Water]Ursaluna||FlameOrb|Guts|Facade,Earthquake,HeadlongRush,Protect|||M|||50|,,,,,Ghost]Incineroar||AssaultVest|Intimidate|FakeOut,FlareBlitz,KnockOff,Uturn|||M|||50|,,,,,Grass
|showteam|p2|Garchomp||LifeOrb|RoughSkin|Protect,Earthquake,DragonClaw,StompingTantrum|||M|||50|,,,,,Steel]Talonflame||CovertCloak|GaleWings|BraveBird,Taunt,WillOWisp,Tailwind|||M|||50|,,,,,Grass]Gholdengo||MetalCoat|GoodasGold|MakeItRain,ShadowBall,Protect,NastyPlot||||||50|,,,,,Water]Ninetales-Alola||FocusSash|SnowWarning|Blizzard,FreezeDry,Encore,Protect|||F|||50|,,,,,Water]Hydreigon||ChoiceSpecs|Levitate|HeatWave,Snarl,EarthPower,DragonPulse|||F|||50|,,,,,Fire]Annihilape||SafetyGoggles|Defiant|FinalGambit,RageFist,CloseCombat,Protect|||F|||50|,,,,,Fire
|c|☆bosilek|did this team win some comp
|c|☆Beh2242|idk
|inactive|Battle timer is ON: inactive players will automatically lose when time's up. (requested by Beh2242)
|
|t:|1756515012
|teamsize|p1|4
|teamsize|p2|4
|start
|switch|p1a: Porygon2|Porygon2, L50|100/100
|switch|p1b: Ursaluna|Ursaluna, L50, M|100/100
|switch|p2a: Talonflame|Talonflame, L50, M|100/100
|switch|p2b: Annihilape|Annihilape, L50, F|100/100
|-ability|p1a: Porygon2|Download|boost
|-boost|p1a: Porygon2|atk|1
|turn|1
|inactive|Beh2242 has 30 seconds left.
|
|t:|1756515043
|switch|p1a: Amoonguss|Amoonguss, L50, M|100/100
|move|p1b: Ursaluna|Protect|p1b: Ursaluna
|-singleturn|p1b: Ursaluna|Protect
|move|p2a: Talonflame|Taunt|p1a: Amoonguss
|-start|p1a: Amoonguss|move: Taunt
|move|p2b: Annihilape|Close Combat|p1b: Ursaluna
|-activate|p1b: Ursaluna|move: Protect
|
|-status|p1b: Ursaluna|brn|[from] item: Flame Orb
|upkeep
|turn|2
|inactive|Beh2242 has 30 seconds left.
|inactive|Beh2242 has 20 seconds left.
|
|t:|1756515082
|switch|p1a: Porygon2|Porygon2, L50|100/100
|-ability|p1a: Porygon2|Download|boost
|-boost|p1a: Porygon2|atk|1
|move|p2a: Talonflame|Brave Bird|p1a: Porygon2
|-damage|p1a: Porygon2|74/100
|-damage|p2a: Talonflame|89/100|[from] Recoil
|move|p2b: Annihilape|Final Gambit|p1b: Ursaluna
|-damage|p1b: Ursaluna|0 fnt
|faint|p2b: Annihilape
|faint|p1b: Ursaluna
|
|upkeep
|
|t:|1756515095
|switch|p2b: Garchomp|Garchomp, L50, M|100/100
|switch|p1b: Incineroar|Incineroar, L50, M|100/100
|-ability|p1b: Incineroar|Intimidate|boost
|-unboost|p2a: Talonflame|atk|1
|-unboost|p2b: Garchomp|atk|1
|turn|3
|
|t:|1756515112
|-terastallize|p1a: Porygon2|Flying
|move|p2b: Garchomp|Protect|p2b: Garchomp
|-singleturn|p2b: Garchomp|Protect
|move|p1b: Incineroar|Fake Out|p2b: Garchomp
|-activate|p2b: Garchomp|move: Protect
|move|p2a: Talonflame|Taunt|p1a: Porygon2
|-start|p1a: Porygon2|move: Taunt
|move|p1a: Porygon2|Tera Blast|p2a: Talonflame|[anim] Tera Blast Flying
|-damage|p2a: Talonflame|35/100
|
|upkeep
|turn|4
|
|t:|1756515135
|switch|p1b: Amoonguss|Amoonguss, L50, M|100/100
|-terastallize|p2b: Garchomp|Steel
|move|p2a: Talonflame|Brave Bird|p1a: Porygon2
|-damage|p1a: Porygon2|55/100
|-damage|p2a: Talonflame|27/100|[from] Recoil
|move|p2b: Garchomp|Earthquake|p1b: Amoonguss|[spread] p1b
|-immune|p2a: Talonflame
|-immune|p1a: Porygon2
|-damage|p1b: Amoonguss|71/100
|-damage|p2b: Garchomp|91/100|[from] item: Life Orb
|move|p1a: Porygon2|Ice Beam|p2b: Garchomp
|-resisted|p2b: Garchomp
|-damage|p2b: Garchomp|77/100
|
|upkeep
|turn|5
|
|t:|1756515157
|switch|p2b: Ninetales|Ninetales-Alola, L50, F|100/100
|-weather|Snowscape|[from] ability: Snow Warning|[of] p2b: Ninetales
|move|p1b: Amoonguss|Rage Powder|p1b: Amoonguss
|-singleturn|p1b: Amoonguss|move: Rage Powder
|move|p2a: Talonflame|Taunt|p1b: Amoonguss
|-start|p1b: Amoonguss|move: Taunt
|move|p1a: Porygon2|Tera Blast|p2b: Ninetales|[anim] Tera Blast Flying
|-damage|p2b: Ninetales|60/100
|
|-weather|Snowscape|[upkeep]
|-end|p1a: Porygon2|move: Taunt
|upkeep
|turn|6
|inactive|Beh2242 has 30 seconds left.
|inactive|Beh2242 has 20 seconds left.
|
|t:|1756515195
|switch|p1a: Incineroar|Incineroar, L50, M|100/100
|-ability|p1a: Incineroar|Intimidate|boost
|-unboost|p2a: Talonflame|atk|1
|-unboost|p2b: Ninetales|atk|1
|move|p2a: Talonflame|Taunt|p1a: Incineroar
|-start|p1a: Incineroar|move: Taunt
|move|p2b: Ninetales|Blizzard|p1a: Incineroar|[spread] p1a,p1b
|-resisted|p1a: Incineroar
|-supereffective|p1b: Amoonguss
|-damage|p1a: Incineroar|91/100
|-damage|p1b: Amoonguss|16/100
|-enditem|p1b: Amoonguss|Sitrus Berry|[eat]
|-heal|p1b: Amoonguss|41/100|[from] item: Sitrus Berry
|move|p1b: Amoonguss|Pollen Puff|p1a: Incineroar
|-heal|p1a: Incineroar|100/100
|
|-weather|Snowscape|[upkeep]
|upkeep
|turn|7
|inactive|Beh2242 has 30 seconds left.
|
|t:|1756515225
|move|p2b: Ninetales|Protect|p2b: Ninetales
|-singleturn|p2b: Ninetales|Protect
|move|p2a: Talonflame|Brave Bird|p1b: Amoonguss
|-supereffective|p1b: Amoonguss
|-damage|p1b: Amoonguss|7/100
|-damage|p2a: Talonflame|12/100|[from] Recoil
|move|p1a: Incineroar|Flare Blitz|p2b: Ninetales
|-activate|p2b: Ninetales|move: Protect
|move|p1b: Amoonguss|Pollen Puff|p2a: Talonflame
|-resisted|p2a: Talonflame
|-damage|p2a: Talonflame|4/100
|
|-weather|Snowscape|[upkeep]
|upkeep
|turn|8
|inactive|Beh2242 has 30 seconds left.
|inactive|bosilek has 30 seconds left.
|inactive|bosilek has 20 seconds left.
|
|t:|1756515263
|switch|p2b: Garchomp|Garchomp, L50, M, tera:Steel|77/100
|switch|p1b: Porygon2|Porygon2, L50, tera:Flying|55/100
|-ability|p1b: Porygon2|Download|boost
|-boost|p1b: Porygon2|spa|1
|move|p2a: Talonflame|Brave Bird|p1b: Porygon2
|-damage|p1b: Porygon2|43/100
|-damage|p2a: Talonflame|0 fnt|[from] Recoil
|faint|p2a: Talonflame
|move|p1a: Incineroar|Flare Blitz|p2b: Garchomp
|-supereffective|p2b: Garchomp
|-damage|p2b: Garchomp|0 fnt
|-damage|p1a: Incineroar|88/100|[from] ability: Rough Skin|[of] p2b: Garchomp
|faint|p2b: Garchomp
|-damage|p1a: Incineroar|65/100|[from] Recoil
|
|-weather|Snowscape|[upkeep]
|-end|p1a: Incineroar|move: Taunt
|upkeep
|
|t:|1756515277
|switch|p2a: Ninetales|Ninetales-Alola, L50, F|60/100
|turn|9
|
|t:|1756515285
|switch|p1b: Amoonguss|Amoonguss, L50, M|40/100
|move|p2a: Ninetales|Blizzard|p1a: Incineroar|[spread] p1a,p1b
|-resisted|p1a: Incineroar
|-supereffective|p1b: Amoonguss
|-damage|p1a: Incineroar|55/100
|-damage|p1b: Amoonguss|0 fnt
|faint|p1b: Amoonguss
|move|p1a: Incineroar|Flare Blitz|p2a: Ninetales
|-supereffective|p2a: Ninetales
|-damage|p2a: Ninetales|0 fnt
|faint|p2a: Ninetales
|-damage|p1a: Incineroar|40/100|[from] Recoil
|
|win|Beh2242
||Beh2242 is ready for game 2.
