|j|☆wade connects
|j|☆KilamanolaVGC
|html|wade connectsKilamanolaVGC    
|uhtml|bestof|Game 2 of a best-of-3
|t:|1755813024
|gametype|doubles
|player|p1|wade connects|265|1269
|player|p2|KilamanolaVGC|red|1195
|gen|9
|tier|[Gen 9] VGC 2025 Reg H (Bo3)
|rated|
|rule|Species Clause: Limit one of each Pokémon
|rule|Item Clause: Limit 1 of each item
|clearpoke
|poke|p1|Delphox, L50, M|
|poke|p1|Indeedee, L50, M|
|poke|p1|Sneasler, L50, F|
|poke|p1|Clefairy, L50, F|
|poke|p1|Whimsicott, L50, M|
|poke|p1|Ursaluna-Bloodmoon, L50, M|
|poke|p2|Weezing-Galar, L50, F|
|poke|p2|Slaking, L50, M|
|poke|p2|Dragapult, L50, M|
|poke|p2|Corviknight, L50, M|
|poke|p2|Dondozo, L50, M|
|poke|p2|Tatsugiri, L50, M|
|teampreview|4
|showteam|p1|Delphox||ChoiceSpecs|Blaze|HeatWave,Psychic,ExpandingForce,Overheat|||M|||50|,,,,,Psychic]Indeedee||FocusSash|PsychicSurge|Imprison,TrickRoom,TeraBlast,ExpandingForce|||M|||50|,,,,,Fighting]Sneasler||PsychicSeed|Unburden|Protect,DireClaw,CloseCombat,ThroatChop|||F|||50|,,,,,Dark]Clefairy||Eviolite|FriendGuard|FollowMe,AfterYou,Protect,Sing|||F|||50|,,,,,Grass]Whimsicott||CovertCloak|Prankster|Tailwind,SunnyDay,Encore,Moonblast|||M|||50|,,,,,Dark]Ursaluna-Bloodmoon||LifeOrb|MindsEye|Protect,BloodMoon,HyperVoice,EarthPower|||M|||50|,,,,,Normal
|showteam|p2|Weezing-Galar||CovertCloak|NeutralizingGas|StrangeSteam,WillOWisp,Taunt,Protect|||F|||50|,,,,,Water]Slaking||LifeOrb|Truant|DoubleEdge,SuckerPunch,HighHorsepower,Protect|||M|||50|,,,,,Ghost]Dragapult||ChoiceBand|ClearBody|PhantomForce,DragonDarts,Uturn,TeraBlast|||M|||50|,,,,,Ghost]Corviknight||SitrusBerry|MirrorArmor|BraveBird,Tailwind,Roost,Protect|||M|||50|,,,,,Dragon]Dondozo||Leftovers|Unaware|WaveCrash,HeavySlam,OrderUp,Protect|||M|||50|,,,,,Grass]Tatsugiri||FocusSash|Commander|MuddyWater,DragonPulse,IcyWind,Protect|||M|||50|,,,,,Grass
|inactive|Battle timer is ON: inactive players will automatically lose when time's up. (requested by KilamanolaVGC)
|
|t:|1755813036
|teamsize|p1|4
|teamsize|p2|4
|start
|switch|p1a: Sneasler|Sneasler, L50, F, shiny|100/100
|switch|p1b: Ursaluna|Ursaluna-Bloodmoon, L50, M|100/100
|switch|p2a: Dragapult|Dragapult, L50, M, shiny|100/100
|switch|p2b: Weezing|Weezing-Galar, L50, F, shiny|100/100
|-ability|p2b: Weezing|Neutralizing Gas
|turn|1
|
|t:|1755813058
|-end|p2b: Weezing|ability: Neutralizing Gas
|switch|p2b: Dondozo|Dondozo, L50, M, shiny|100/100
|move|p2a: Dragapult|U-turn|p1a: Sneasler
|-resisted|p1a: Sneasler
|-damage|p1a: Sneasler|86/100
|
|t:|1755813064
|switch|p2a: Tatsugiri|Tatsugiri, L50, M, shiny|100/100|[from] U-turn
|-activate|p2a: Tatsugiri|ability: Commander|[of] p2b: Dondozo
|-boost|p2b: Dondozo|atk|2
|-boost|p2b: Dondozo|spa|2
|-boost|p2b: Dondozo|spe|2
|-boost|p2b: Dondozo|def|2
|-boost|p2b: Dondozo|spd|2
|move|p1a: Sneasler|Throat Chop|p2a: Tatsugiri|[miss]
|-miss|p1a: Sneasler|p2a: Tatsugiri
|move|p1b: Ursaluna|Hyper Voice|p2b: Dondozo|[spread] p2b
|-miss|p1b: Ursaluna|p2a: Tatsugiri
|-damage|p2b: Dondozo|78/100
|-damage|p1b: Ursaluna|91/100|[from] item: Life Orb
|
|-heal|p2b: Dondozo|84/100|[from] item: Leftovers
|upkeep
|turn|2
|
|t:|1755813086
|-terastallize|p1b: Ursaluna|Normal
|move|p1a: Sneasler|Dire Claw|p2b: Dondozo
|-damage|p2b: Dondozo|68/100
|move|p2b: Dondozo|Order Up|p1a: Sneasler
|-damage|p1a: Sneasler|6/100
|-boost|p2b: Dondozo|atk|1
|move|p1b: Ursaluna|Blood Moon|p2b: Dondozo
|-damage|p2b: Dondozo|0 fnt
|faint|p2b: Dondozo
|-damage|p1b: Ursaluna|81/100|[from] item: Life Orb
|
|upkeep
|c|☆KilamanolaVGC|Cheater
|inactive|KilamanolaVGC has 30 seconds left.
|
|t:|1755813113
|switch|p2b: Dragapult|Dragapult, L50, M, shiny|100/100
|turn|3
|
|t:|1755813119
|switch|p1b: Indeedee|Indeedee, L50, M|100/100
|-fieldstart|move: Psychic Terrain|[from] ability: Psychic Surge|[of] p1b: Indeedee
|-enditem|p1a: Sneasler|Psychic Seed
|-boost|p1a: Sneasler|spd|1|[from] item: Psychic Seed
|move|p1a: Sneasler|Throat Chop|p2b: Dragapult
|-supereffective|p2b: Dragapult
|-damage|p2b: Dragapult|12/100
|-start|p2b: Dragapult|Throat Chop|[silent]
|move|p2b: Dragapult|Dragon Darts|p1a: Sneasler
|-damage|p1a: Sneasler|0 fnt
|-anim|p2b: Dragapult|Dragon Darts|p1b: Indeedee
|-damage|p1b: Indeedee|18/100
|faint|p1a: Sneasler
|move|p2a: Tatsugiri|Muddy Water|p1b: Indeedee
|-damage|p1b: Indeedee|0 fnt
|faint|p1b: Indeedee
|
|upkeep
|
|t:|1755813137
|switch|p1a: Ursaluna|Ursaluna-Bloodmoon, L50, M, tera:Normal|81/100
|switch|p1b: Delphox|Delphox, L50, M|100/100
|turn|4
|
|t:|1755813153
|move|p2b: Dragapult|Dragon Darts|p1b: Delphox
|-damage|p1b: Delphox|40/100
|-anim|p2b: Dragapult|Dragon Darts|p1a: Ursaluna
|-damage|p1a: Ursaluna|55/100
|move|p1b: Delphox|Expanding Force|p2a: Tatsugiri|[spread] p2a,p2b
|-enditem|p2a: Tatsugiri|Focus Sash
|-damage|p2a: Tatsugiri|1/100
|-damage|p2b: Dragapult|0 fnt
|faint|p2b: Dragapult
|move|p2a: Tatsugiri|Icy Wind|p1a: Ursaluna|[spread] p1a,p1b
|-resisted|p1b: Delphox
|-damage|p1a: Ursaluna|40/100
|-damage|p1b: Delphox|32/100
|-unboost|p1a: Ursaluna|spe|1
|-unboost|p1b: Delphox|spe|1
|move|p1a: Ursaluna|Hyper Voice|p2a: Tatsugiri
|-damage|p2a: Tatsugiri|0 fnt
|faint|p2a: Tatsugiri
|-damage|p1a: Ursaluna|30/100|[from] item: Life Orb
|
|upkeep
|
|t:|1755813157
|switch|p2b: Weezing|Weezing-Galar, L50, F, shiny|100/100
|-ability|p2b: Weezing|Neutralizing Gas
|turn|5
|
|t:|1755813178
|move|p2b: Weezing|Protect|p2b: Weezing
|-singleturn|p2b: Weezing|Protect
|move|p1b: Delphox|Expanding Force|p2b: Weezing
|-activate|p2b: Weezing|move: Protect
|move|p1a: Ursaluna|Blood Moon|p2b: Weezing
|-activate|p2b: Weezing|move: Protect
|
|upkeep
|turn|6
|
|t:|1755813189
|-terastallize|p2b: Weezing|Water
|move|p1a: Ursaluna|Protect|p1a: Ursaluna
|-singleturn|p1a: Ursaluna|Protect
|move|p1b: Delphox|Expanding Force|p2b: Weezing
|-damage|p2b: Weezing|0 fnt
|faint|p2b: Weezing
|-end|p2b: Weezing|ability: Neutralizing Gas
|
|win|wade connects
|raw|wade connects's rating: 1269 → 1289(+20 for winning)
|raw|KilamanolaVGC's rating: 1195 → 1175(-20 for losing)
|c|☆KilamanolaVGC|Cheater
|l|☆KilamanolaVGC
|player|p2|
