|j|☆myshirtisdirty
|j|☆pko007
|html|myshirtisdirtypko007    
|uhtml|bestof|Game 1 of a best-of-3
|t:|1756524494
|gametype|doubles
|player|p1|myshirtisdirty|2|1132
|player|p2|pko007|hilbert-wonderlauncher|1000
|gen|9
|tier|[Gen 9] VGC 2025 Reg H (Bo3)
|rated|
|rule|Species Clause: Limit one of each Pokémon
|rule|Item Clause: Limit 1 of each item
|clearpoke
|poke|p1|Tyranitar, L50, F|
|poke|p1|Excadrill, L50, M|
|poke|p1|Sinistcha, L50|
|poke|p1|Dragonite, L50, M|
|poke|p1|Primarina, L50, F|
|poke|p1|Volcarona, L50, F|
|poke|p2|Dragapult, L50, F|
|poke|p2|Electabuzz, L50, M|
|poke|p2|Kingambit, L50, M|
|poke|p2|Rillaboom, L50, M|
|poke|p2|Ceruledge, L50, F|
|poke|p2|Primarina, L50, F|
|teampreview|4
|showteam|p1|Tyranitar||AssaultVest|SandStream|RockSlide,KnockOff,TeraBlast,LowKick|||F|||50|,,,,,Flying]Excadrill||ClearAmulet|SandRush|Earthquake,IronHead,HighHorsepower,Protect|||M|||50|,,,,,Ghost]Sinistcha||RockyHelmet|Hospitality|MatchaGotcha,LifeDew,TrickRoom,RagePowder||||||50|,,,,,Dark]Dragonite||ChoiceBand|InnerFocus|Outrage,ExtremeSpeed,IceSpinner,AerialAce|||M|||50|,,,,,Normal]Primarina||ThroatSpray|LiquidVoice|Moonblast,HyperVoice,Haze,Protect|||F|||50|,,,,,Grass]Volcarona||Leftovers|FlameBody|FieryDance,GigaDrain,QuiverDance,Protect|||F|||50|,,,,,Dragon
|showteam|p2|Dragapult||ChoiceBand|ClearBody|DragonDarts,PhantomForce,Uturn,Outrage|||F|||50|,,,,,Dragon]Electabuzz||Eviolite|VitalSpirit|Taunt,Electroweb,FollowMe,Protect|||M|||50|,,,,,Ground]Kingambit||BlackGlasses|Defiant|KowtowCleave,SwordsDance,SuckerPunch,Protect|||M|||50|,,,,,Dark]Rillaboom||AssaultVest|GrassySurge|WoodHammer,GrassyGlide,Uturn,FakeOut|||M|||50|,,,,,Fire]Ceruledge||ClearAmulet|FlashFire|Poltergeist,BitterBlade,BulkUp,Protect|||F|||50|,,,,,Grass]Primarina||ThroatSpray|Torrent|HyperVoice,Moonblast,Haze,Protect|||F|||50|,,,,,Water
|
|t:|1756524564
|teamsize|p1|4
|teamsize|p2|4
|start
|switch|p1a: Volcarona|Volcarona, L50, F|100/100
|switch|p1b: Sinistcha|Sinistcha, L50|100/100
|switch|p2a: Primarina|Primarina, L50, F|100/100
|switch|p2b: Rillaboom|Rillaboom, L50, M, shiny|100/100
|-fieldstart|move: Grassy Terrain|[from] ability: Grassy Surge|[of] p2b: Rillaboom
|turn|1
|inactive|Battle timer is ON: inactive players will automatically lose when time's up. (requested by pko007)
|
|t:|1756524586
|move|p1a: Volcarona|Quiver Dance|p1a: Volcarona
|-boost|p1a: Volcarona|spa|1
|-boost|p1a: Volcarona|spd|1
|-boost|p1a: Volcarona|spe|1
|move|p2b: Rillaboom|U-turn|p1b: Sinistcha
|-damage|p1b: Sinistcha|75/100
|-damage|p2b: Rillaboom|84/100|[from] item: Rocky Helmet|[of] p1b: Sinistcha
|
|t:|1756524595
|switch|p2b: Dragapult|Dragapult, L50, F, shiny|100/100|[from] U-turn
|move|p2a: Primarina|Hyper Voice|p1a: Volcarona|[spread] p1a
|-immune|p1b: Sinistcha
|-damage|p1a: Volcarona|86/100
|-enditem|p2a: Primarina|Throat Spray
|-boost|p2a: Primarina|spa|1|[from] item: Throat Spray
|move|p1b: Sinistcha|Matcha Gotcha|p2b: Dragapult|[spread] p2a
|-miss|p1b: Sinistcha|p2b: Dragapult
|-supereffective|p2a: Primarina
|-damage|p2a: Primarina|43/100
|-heal|p1b: Sinistcha|100/100|[from] drain|[of] p2a: Primarina
|
|-heal|p1a: Volcarona|93/100|[from] Grassy Terrain
|-heal|p1a: Volcarona|99/100|[from] item: Leftovers
|-heal|p2a: Primarina|49/100|[from] Grassy Terrain
|upkeep
|turn|2
|inactive|myshirtisdirty has 30 seconds left.
|inactive|pko007 has 30 seconds left.
|inactive|pko007 has 20 seconds left.
|inactive|pko007 has 15 seconds left.
|
|t:|1756524638
|-terastallize|p2b: Dragapult|Dragon
|move|p1b: Sinistcha|Rage Powder|p1b: Sinistcha
|-singleturn|p1b: Sinistcha|move: Rage Powder
|move|p1a: Volcarona|Giga Drain|p2a: Primarina
|-supereffective|p2a: Primarina
|-damage|p2a: Primarina|0 fnt
|-heal|p1a: Volcarona|100/100|[from] drain|[of] p2a: Primarina
|faint|p2a: Primarina
|move|p2b: Dragapult|Outrage|p1b: Sinistcha
|-damage|p1b: Sinistcha|0 fnt
|-damage|p2b: Dragapult|84/100|[from] item: Rocky Helmet|[of] p1b: Sinistcha
|faint|p1b: Sinistcha
|
|-heal|p2b: Dragapult|90/100|[from] Grassy Terrain
|upkeep
|
|t:|1756524659
|switch|p2a: Rillaboom|Rillaboom, L50, M, shiny|84/100
|switch|p1b: Tyranitar|Tyranitar, L50, F|100/100
|-weather|Sandstorm|[from] ability: Sand Stream|[of] p1b: Tyranitar
|turn|3
|inactive|myshirtisdirty has 30 seconds left.
|
|t:|1756524685
|move|p1a: Volcarona|Protect|p1a: Volcarona
|-singleturn|p1a: Volcarona|Protect
|move|p2a: Rillaboom|Fake Out|p1a: Volcarona
|-activate|p1a: Volcarona|move: Protect
|move|p2b: Dragapult|Outrage|p1a: Volcarona|[from] lockedmove
|-activate|p1a: Volcarona|move: Protect
|move|p1b: Tyranitar|Rock Slide|p2b: Dragapult|[spread] p2a,p2b
|-damage|p2a: Rillaboom|55/100
|-damage|p2b: Dragapult|48/100
|
|-weather|Sandstorm|[upkeep]
|-damage|p1a: Volcarona|94/100|[from] Sandstorm
|-damage|p2b: Dragapult|42/100|[from] Sandstorm
|-damage|p2a: Rillaboom|49/100|[from] Sandstorm
|-heal|p1a: Volcarona|100/100|[from] Grassy Terrain
|-heal|p2b: Dragapult|48/100|[from] Grassy Terrain
|-heal|p2a: Rillaboom|55/100|[from] Grassy Terrain
|upkeep
|turn|4
|inactive|pko007 has 30 seconds left.
|
|t:|1756524711
|move|p1a: Volcarona|Fiery Dance|p2b: Dragapult
|-resisted|p2b: Dragapult
|-damage|p2b: Dragapult|7/100
|-boost|p1a: Volcarona|spa|1
|move|p2b: Dragapult|Outrage|p1a: Volcarona
|-damage|p1a: Volcarona|0 fnt
|faint|p1a: Volcarona
|move|p2a: Rillaboom|Wood Hammer|p1b: Tyranitar
|-supereffective|p1b: Tyranitar
|-damage|p1b: Tyranitar|0 fnt
|faint|p1b: Tyranitar
|-damage|p2a: Rillaboom|24/100|[from] Recoil
|
|-weather|Sandstorm|[upkeep]
|-damage|p2b: Dragapult|1/100|[from] Sandstorm
|-damage|p2a: Rillaboom|18/100|[from] Sandstorm
|-heal|p2b: Dragapult|7/100|[from] Grassy Terrain
|-heal|p2a: Rillaboom|24/100|[from] Grassy Terrain
|upkeep
|
|t:|1756524722
|switch|p1b: Excadrill|Excadrill, L50, M, shiny|100/100
|turn|5
|
|t:|1756524732
|-terastallize|p1b: Excadrill|Ghost
|move|p2a: Rillaboom|Grassy Glide|p1b: Excadrill
|-damage|p1b: Excadrill|51/100
|move|p1b: Excadrill|Earthquake|p2a: Rillaboom|[spread] p2a,p2b
|-resisted|p2a: Rillaboom
|-damage|p2a: Rillaboom|15/100
|-damage|p2b: Dragapult|0 fnt
|faint|p2b: Dragapult
|
|-weather|Sandstorm|[upkeep]
|-damage|p2a: Rillaboom|9/100|[from] Sandstorm
|-heal|p1b: Excadrill|58/100|[from] Grassy Terrain
|-heal|p2a: Rillaboom|15/100|[from] Grassy Terrain
|-fieldend|move: Grassy Terrain
|upkeep
|
|t:|1756524745
|switch|p2b: Kingambit|Kingambit, L50, M, shiny|100/100
|turn|6
|
|t:|1756524754
|move|p2b: Kingambit|Sucker Punch|p1b: Excadrill
|-supereffective|p1b: Excadrill
|-damage|p1b: Excadrill|0 fnt
|faint|p1b: Excadrill
|
|win|pko007
||myshirtisdirty is ready for game 2.
||pko007 is ready for game 2.
|uhtml|next|Next: Game 2 of 3
