|j|☆billimagchili
|j|☆Dawsonschris
|html|billimagchiliDawsonschris    
|uhtml|bestof|Game 2 of a best-of-3
|t:|1756986927
|gametype|doubles
|player|p1|billimagchili|red|1071
|player|p2|Dawsonschris|artist-gen4|1239
|gen|9
|tier|[Gen 9] VGC 2025 Reg H (Bo3)
|rated|
|rule|Species Clause: Limit one of each Pokémon
|rule|Item Clause: Limit 1 of each item
|clearpoke
|poke|p1|Incineroar, L50, M|
|poke|p1|Dragonite, L50, M|
|poke|p1|Whimsicott, L50, F|
|poke|p1|Sneasler, L50, F|
|poke|p1|Primarina, L50, F|
|poke|p1|Annihilape, L50, M|
|poke|p2|Ursaluna-Bloodmoon, L50, M|
|poke|p2|Electabuzz, L50, M|
|poke|p2|Sneasler, L50, F|
|poke|p2|Indeedee, L50, M|
|poke|p2|Whimsicott, L50, M|
|poke|p2|Typhlosion-Hisui, L50, F|
|teampreview|4
|showteam|p1|Incineroar||SafetyGoggles|Intimidate|FakeOut,KnockOff,PartingShot,Taunt|||M|||50|,,,,,Ghost]Dragonite||LoadedDice|InnerFocus|ScaleShot,ExtremeSpeed,Protect,Haze|||M|||50|,,,,,Fairy]Whimsicott||CovertCloak|Prankster|Tailwind,Encore,Moonblast,SunnyDay|||F|||50|,,,,,Poison]Sneasler||FocusSash|Unburden|DireClaw,CloseCombat,Taunt,Protect|||F|||50|,,,,,Dark]Primarina||ThroatSpray|LiquidVoice|HyperVoice,Moonblast,DrainingKiss,Protect|||F|||50|,,,,,Poison]Annihilape||SitrusBerry|Defiant|RageFist,DrainPunch,Protect,BulkUp|||M|||50|,,,,,Fire
|showteam|p2|Ursaluna-Bloodmoon||LifeOrb|MindsEye|Protect,BloodMoon,EarthPower,HyperVoice|||M|||50|,,,,,Normal]Electabuzz||Eviolite|VitalSpirit|FollowMe,Taunt,Electroweb,Protect|||M|||50|,,,,,Dragon]Sneasler||PsychicSeed|Unburden|ThroatChop,DireClaw,CloseCombat,Protect|||F|||50|,,,,,Dark]Indeedee||FocusSash|PsychicSurge|ExpandingForce,TrickRoom,HelpingHand,Protect|||M|||50|,,,,,Psychic]Whimsicott||CovertCloak|Prankster|Tailwind,Moonblast,Encore,SunnyDay|||M|||50|,,,,,Ghost]Typhlosion-Hisui||ChoiceSpecs|Blaze|Eruption,HeatWave,ShadowBall,Flamethrower|||F|||50|,,,,,Fire
|inactive|Battle timer is ON: inactive players will automatically lose when time's up. (requested by Dawsonschris)
|
|t:|1756986964
|teamsize|p1|4
|teamsize|p2|4
|start
|switch|p1a: Silvermist|Whimsicott, L50, F, shiny|100/100
|switch|p1b: Aurra Sing|Sneasler, L50, F, shiny|100/100
|switch|p2a: Electabuzz|Electabuzz, L50, M|100/100
|switch|p2b: Ursaluna|Ursaluna-Bloodmoon, L50, M|100/100
|turn|1
|inactive|billimagchili has 30 seconds left.
|
|t:|1756986991
|-terastallize|p2b: Ursaluna|Normal
|move|p1b: Aurra Sing|Protect|p1b: Aurra Sing
|-singleturn|p1b: Aurra Sing|Protect
|move|p2a: Electabuzz|Follow Me|p2a: Electabuzz
|-singleturn|p2a: Electabuzz|move: Follow Me
|move|p1a: Silvermist|Moonblast|p2a: Electabuzz
|-damage|p2a: Electabuzz|70/100
|move|p2b: Ursaluna|Hyper Voice|p1a: Silvermist|[spread] p1a
|-activate|p1b: Aurra Sing|move: Protect
|-damage|p1a: Silvermist|0 fnt
|faint|p1a: Silvermist
|-damage|p2b: Ursaluna|91/100|[from] item: Life Orb
|
|upkeep
|
|t:|1756987005
|switch|p1a: Rajah|Incineroar, L50, M|100/100
|-ability|p1a: Rajah|Intimidate|boost
|-unboost|p2a: Electabuzz|atk|1
|-unboost|p2b: Ursaluna|atk|1
|turn|2
|inactive|billimagchili has 30 seconds left.
|inactive|billimagchili has 20 seconds left.
|
|t:|1756987041
|switch|p1a: Rikki|Primarina, L50, F, shiny|100/100
|move|p2a: Electabuzz|Protect|p2a: Electabuzz
|-singleturn|p2a: Electabuzz|Protect
|move|p2b: Ursaluna|Protect|p2b: Ursaluna
|-singleturn|p2b: Ursaluna|Protect
|move|p1b: Aurra Sing|Dire Claw|p2a: Electabuzz
|-activate|p2a: Electabuzz|move: Protect
|
|upkeep
|turn|3
|inactive|billimagchili has 30 seconds left.
|
|t:|1756987067
|move|p2a: Electabuzz|Follow Me|p2a: Electabuzz
|-singleturn|p2a: Electabuzz|move: Follow Me
|move|p1b: Aurra Sing|Close Combat|p2a: Electabuzz
|-damage|p2a: Electabuzz|0 fnt
|-unboost|p1b: Aurra Sing|def|1
|-unboost|p1b: Aurra Sing|spd|1
|faint|p2a: Electabuzz
|move|p1a: Rikki|Moonblast|p2b: Ursaluna
|-damage|p2b: Ursaluna|23/100
|-unboost|p2b: Ursaluna|spa|1
|move|p2b: Ursaluna|Hyper Voice|p1a: Rikki|[spread] p1a,p1b
|-damage|p1a: Rikki|55/100
|-damage|p1b: Aurra Sing|16/100
|-damage|p2b: Ursaluna|14/100|[from] item: Life Orb
|
|upkeep
|
|t:|1756987082
|switch|p2a: Whimsicott|Whimsicott, L50, M|100/100
|turn|4
|
|t:|1756987093
|move|p1b: Aurra Sing|Protect|p1b: Aurra Sing
|-singleturn|p1b: Aurra Sing|Protect
|move|p2a: Whimsicott|Tailwind|p2a: Whimsicott
|-sidestart|p2: Dawsonschris|move: Tailwind
|move|p2b: Ursaluna|Hyper Voice|p1b: Aurra Sing|[spread] p1a
|-activate|p1b: Aurra Sing|move: Protect
|-damage|p1a: Rikki|5/100
|-damage|p2b: Ursaluna|4/100|[from] item: Life Orb
|move|p1a: Rikki|Draining Kiss|p2a: Whimsicott
|-damage|p2a: Whimsicott|57/100
|-heal|p1a: Rikki|35/100|[from] drain|[of] p2a: Whimsicott
|
|upkeep
|turn|5
|inactive|billimagchili has 30 seconds left.
|
|t:|1756987127
|move|p1a: Rikki|Protect|p1a: Rikki
|-singleturn|p1a: Rikki|Protect
|move|p2a: Whimsicott|Moonblast|p1b: Aurra Sing
|-damage|p1b: Aurra Sing|0 fnt
|faint|p1b: Aurra Sing
|move|p2b: Ursaluna|Blood Moon|p1a: Rikki
|-activate|p1a: Rikki|move: Protect
|
|upkeep
|
|t:|1756987134
|switch|p1b: Rajah|Incineroar, L50, M|100/100
|-ability|p1b: Rajah|Intimidate|boost
|-unboost|p2a: Whimsicott|atk|1
|-unboost|p2b: Ursaluna|atk|1
|turn|6
|
|t:|1756987150
|move|p1b: Rajah|Fake Out|p2b: Ursaluna
|-crit|p2b: Ursaluna
|-damage|p2b: Ursaluna|0 fnt
|faint|p2b: Ursaluna
|move|p2a: Whimsicott|Encore|p1a: Rikki
|-start|p1a: Rikki|Encore
|move|p1a: Rikki|Protect|p1a: Rikki
|-singleturn|p1a: Rikki|Protect
|
|upkeep
|
|t:|1756987159
|switch|p2b: Typhlosion|Typhlosion-Hisui, L50, F|100/100
|turn|7
|inactive|Dawsonschris has 30 seconds left.
|
|t:|1756987193
|move|p1a: Rikki|Protect|p1a: Rikki
|-singleturn|p1a: Rikki|Protect
|move|p2a: Whimsicott|Moonblast|p1b: Rajah
|-damage|p1b: Rajah|73/100
|-unboost|p1b: Rajah|spa|1
|move|p2b: Typhlosion|Eruption|p1b: Rajah|[spread] p1b
|-activate|p1a: Rikki|move: Protect
|-resisted|p1b: Rajah
|-damage|p1b: Rajah|32/100
|move|p1b: Rajah|Knock Off|p2b: Typhlosion
|-supereffective|p2b: Typhlosion
|-damage|p2b: Typhlosion|0 fnt
|-enditem|p2b: Typhlosion|Choice Specs|[from] move: Knock Off|[of] p1b: Rajah
|faint|p2b: Typhlosion
|
|-sideend|p2: Dawsonschris|move: Tailwind
|upkeep
|turn|8
|
|t:|1756987213
|move|p1a: Rikki|Protect||[still]
|-fail|p1a: Rikki
|move|p2a: Whimsicott|Moonblast|p1b: Rajah
|-damage|p1b: Rajah|2/100
|move|p1b: Rajah|Knock Off|p2a: Whimsicott
|-resisted|p2a: Whimsicott
|-damage|p2a: Whimsicott|31/100
|-enditem|p2a: Whimsicott|Covert Cloak|[from] move: Knock Off|[of] p1b: Rajah
|
|-end|p1a: Rikki|Encore
|upkeep
|turn|9
|
|t:|1756987233
|move|p2a: Whimsicott|Encore|p1a: Rikki
|-start|p1a: Rikki|Encore
|move|p1b: Rajah|Knock Off|p2a: Whimsicott
|-resisted|p2a: Whimsicott
|-damage|p2a: Whimsicott|11/100
|move|p1a: Rikki|Protect||[still]
|-fail|p1a: Rikki
|
|upkeep
|turn|10
|
|t:|1756987241
|move|p1a: Rikki|Protect|p1a: Rikki
|-singleturn|p1a: Rikki|Protect
|move|p2a: Whimsicott|Moonblast|p1b: Rajah
|-damage|p1b: Rajah|0 fnt
|faint|p1b: Rajah
|
|upkeep
|turn|11
|
|t:|1756987250
|-terastallize|p1a: Rikki|Poison
|move|p1a: Rikki|Protect||[still]
|-fail|p1a: Rikki
|move|p2a: Whimsicott|Moonblast|p1a: Rikki
|-resisted|p1a: Rikki
|-damage|p1a: Rikki|22/100
|
|-end|p1a: Rikki|Encore
|upkeep
|turn|12
|
|t:|1756987262
|move|p2a: Whimsicott|Encore|p1a: Rikki
|-start|p1a: Rikki|Encore
|move|p1a: Rikki|Protect||[still]
|-fail|p1a: Rikki
|
|upkeep
|turn|13
|-message|billimagchili forfeited.
|
|win|Dawsonschris
|raw|billimagchili's rating: 1071 → 1060(-11 for losing)
|raw|Dawsonschris's rating: 1239 → 1253(+14 for winning)
|l|☆billimagchili
|player|p1|
