|j|☆Plopy14
|j|☆longlegs828
|html|Plopy14longlegs828    
|uhtml|bestof|Game 3 of a best-of-3
|t:|1783132238
|gametype|doubles
|player|p1|Plopy14|bugcatcher|1125
|player|p2|longlegs828|2|1152
|gen|9
|tier|[Gen 9 Champions] VGC 2026 Reg M-B (Bo3)
|rated|
|rule|Species Clause: Limit one of each Pokémon
|rule|Item Clause: Limit 1 of each item
|clearpoke
|poke|p1|Floette-Eternal, L50, F|
|poke|p1|Incineroar, L50, M|
|poke|p1|Sinistcha, L50|
|poke|p1|Delphox, L50, F|
|poke|p1|Sneasler, L50, M|
|poke|p1|Kingambit, L50, F|
|poke|p2|Froslass, L50, F|
|poke|p2|Incineroar, L50, F|
|poke|p2|Sneasler, L50, F|
|poke|p2|Kingambit, L50, M|
|poke|p2|Vivillon-Tundra, L50, F|
|poke|p2|Hydreigon, L50, F|
|teampreview|4
|showteam|p1|Floette-Eternal||Floettite|FlowerVeil|DazzlingGleam,Moonblast,CalmMind,Protect|Modest||F|||50|]Incineroar||SitrusBerry|Intimidate|FakeOut,FlareBlitz,ThroatChop,PartingShot|Careful||M|||50|]Sinistcha||OccaBerry|Hospitality|MatchaGotcha,RagePowder,TrickRoom,Protect|Bold|||||50|]Delphox||Delphoxite|Blaze|HeatWave,Psyshock,NastyPlot,Protect|Timid||F|||50|]Sneasler||FocusSash|PoisonTouch|FakeOut,PoisonJab,CloseCombat,QuickGuard|Jolly||M|||50|]Kingambit||BlackGlasses|Defiant|KowtowCleave,SuckerPunch,SwordsDance,Protect|Adamant||F|||50|
|showteam|p2|Froslass||Froslassite|SnowCloak|NastyPlot,Blizzard,ShadowBall,Protect|Timid||F|||50|]Incineroar||PasshoBerry|Intimidate|FlareBlitz,ThroatChop,FakeOut,PartingShot|Careful||F|||50|]Sneasler||WhiteHerb|Unburden|DireClaw,CloseCombat,FakeOut,Protect|Jolly||F|||50|]Kingambit||ChopleBerry|Defiant|SwordsDance,KowtowCleave,SuckerPunch,Protect|Adamant||M|||50|]Vivillon-Tundra||FocusSash|CompoundEyes|SleepPowder,StruggleBug,Tailwind,Protect|Timid||F|||50|]Hydreigon||ChoiceScarf|Levitate|Snarl,DarkPulse,DracoMeteor,Uturn|Modest||F|||50|
|
|t:|1783132292
|teamsize|p1|4
|teamsize|p2|4
|start
|switch|p1a: Delphox|Delphox, L50, F|100/100
|switch|p1b: Sneasler|Sneasler, L50, M|100/100
|switch|p2a: Sneasler|Sneasler, L50, F|100/100
|switch|p2b: Kingambit|Kingambit, L50, M|100/100
|turn|1
|
|t:|1783132335
|detailschange|p1a: Delphox|Delphox-Mega, L50, F
|-mega|p1a: Delphox|Delphox|Delphoxite
|move|p1b: Sneasler|Fake Out|p2b: Kingambit
|-resisted|p2b: Kingambit|1
|-damage|p2b: Kingambit|94/100
|move|p2a: Sneasler|Fake Out|p1b: Sneasler
|-damage|p1b: Sneasler|75/100
|move|p1a: Delphox|Nasty Plot|p1a: Delphox
|-boost|p1a: Delphox|spa|2
|cant|p2b: Kingambit|flinch
|
|upkeep
|turn|2
|c|☆Plopy14|wooo 50/50
|
|t:|1783132367
|move|p2b: Kingambit|Protect|p2b: Kingambit
|-singleturn|p2b: Kingambit|Protect
|move|p1b: Sneasler|Quick Guard|p1b: Sneasler
|-singleturn|p1b: Sneasler|Quick Guard
|move|p1a: Delphox|Heat Wave|p2a: Sneasler|[spread] p2a
|-activate|p2b: Kingambit|move: Protect
|-damage|p2a: Sneasler|0 fnt
|faint|p2a: Sneasler
|
|upkeep
|
|t:|1783132377
|switch|p2a: Vivillon|Vivillon-Tundra, L50, F|100/100
|turn|3
|
|t:|1783132413
|move|p1b: Sneasler|Quick Guard|p1b: Sneasler
|-singleturn|p1b: Sneasler|Quick Guard
|move|p2b: Kingambit|Sucker Punch|p1a: Delphox
|-activate|p1a: Delphox|move: Quick Guard
|move|p1a: Delphox|Heat Wave|p2a: Vivillon|[spread] p2a,p2b
|-supereffective|p2a: Vivillon|1
|-supereffective|p2b: Kingambit|1
|-enditem|p2a: Vivillon|Focus Sash
|-damage|p2a: Vivillon|1/100
|-damage|p2b: Kingambit|0 fnt
|-status|p2a: Vivillon|brn
|faint|p2b: Kingambit
|move|p2a: Vivillon|Sleep Powder|p1a: Delphox
|-status|p1a: Delphox|slp|[from] move: Sleep Powder
|
|-damage|p2a: Vivillon|0 fnt|[from] brn
|faint|p2a: Vivillon
|upkeep
|
|t:|1783132430
|switch|p2b: Froslass|Froslass, L50, F|100/100
|turn|4
|
|t:|1783132439
|detailschange|p2b: Froslass|Froslass-Mega, L50, F
|-mega|p2b: Froslass|Froslass|Froslassite
|-weather|Snowscape|[from] ability: Snow Warning|[of] p2b: Froslass
|cant|p1a: Delphox|slp
|move|p2b: Froslass|Shadow Ball|p1a: Delphox
|-supereffective|p1a: Delphox|1
|-damage|p1a: Delphox|27/100 slp
|move|p1b: Sneasler|Poison Jab|p2b: Froslass
|-resisted|p2b: Froslass|1
|-damage|p2b: Froslass|80/100
|-status|p2b: Froslass|psn|[from] ability: Poison Touch|[of] p1b: Sneasler
|
|-weather|Snowscape|[upkeep]
|-damage|p2b: Froslass|68/100 psn|[from] psn
|upkeep
|turn|5
|
|t:|1783132454
|switch|p1b: Incineroar|Incineroar, L50, M|100/100
|-ability|p1b: Incineroar|Intimidate|boost
|-unboost|p2b: Froslass|atk|1
|-curestatus|p1a: Delphox|slp|[msg]
|move|p1a: Delphox|Psyshock|p2b: Froslass
|-damage|p2b: Froslass|0 fnt
|faint|p2b: Froslass
|
|win|Plopy14
|raw|Plopy14's rating: 1125 → 1152(+27 for winning)
|raw|longlegs828's rating: 1152 → 1125(-27 for losing)
