|j|☆pignetos
|j|☆ethical sga
|html|pignetosethical sga    
|uhtml|bestof|Game 1 of a best-of-3
|t:|1783439590
|gametype|doubles
|player|p1|pignetos|169|1186
|player|p2|ethical sga|lass-gen4dp|1148
|gen|9
|tier|[Gen 9 Champions] VGC 2026 Reg M-B (Bo3)
|rated|
|rule|Species Clause: Limit one of each Pokémon
|rule|Item Clause: Limit 1 of each item
|clearpoke
|poke|p1|Charizard, L50, F|
|poke|p1|Whimsicott, L50, F|
|poke|p1|Farigiraf, L50, F|
|poke|p1|Metagross, L50|
|poke|p1|Sylveon, L50, F|
|poke|p1|Garchomp, L50, M|
|poke|p2|Scrafty, L50, M, shiny|
|poke|p2|Ceruledge, L50, M|
|poke|p2|Ninetales-Alola, L50, M|
|poke|p2|Sinistcha, L50|
|poke|p2|Garchomp, L50, F|
|poke|p2|Raichu, L50, M|
|teampreview|4
|showteam|p1|Charizard||CharizarditeY|Blaze|HeatWave,SolarBeam,WeatherBall,Protect|Modest||F|||50|]Whimsicott||FocusSash|Prankster|Moonblast,Encore,GrassKnot,Tailwind|Timid||F|||50|]Farigiraf||SitrusBerry|ArmorTail|Psychic,Thunderbolt,TrickRoom,HelpingHand|Quiet||F|||50|]Metagross||Metagrossite|ClearBody|PsychicFangs,IcePunch,BulletPunch,Protect|Adamant|||||50|]Sylveon||FairyFeather|Pixilate|Protect,QuickAttack,HyperVoice,HyperBeam|Modest||F|||50|]Garchomp||LifeOrb|RoughSkin|Protect,RockSlide,DragonClaw,Earthquake|Jolly||M|||50|
|showteam|p2|Scrafty||Scraftinite|Intimidate|Detect,DrainPunch,KnockOff,FakeOut|Adamant||M|||50|]Ceruledge||ColburBerry|FlashFire|Protect,BitterBlade,ShadowSneak,BulkUp|Adamant||M|||50|]Ninetales-Alola||NeverMeltIce|SnowWarning|Protect,FreezeDry,IcyWind,AuroraVeil|Timid||M|||50|]Sinistcha||FocusSash|Hospitality|Protect,MatchaGotcha,Hex,RagePowder|Modest|||||50|]Garchomp||LifeOrb|RoughSkin|Protect,DragonClaw,StompingTantrum,RockTomb|Jolly||F|||50|]Raichu||RaichuniteY|LightningRod|Protect,ZapCannon,FocusBlast,FakeOut|Timid||M|||50|
|inactive|Battle timer is ON: inactive players will automatically lose when time's up. (requested by pignetos)
|inactive|pignetos has 60 seconds left.
|inactive|ethical sga has 60 seconds left.
|
|t:|1783439646
|teamsize|p1|4
|teamsize|p2|4
|start
|switch|p1a: Whimsicott|Whimsicott, L50, F|100/100
|switch|p1b: Garchomp|Garchomp, L50, M|100/100
|switch|p2a: Ceruledge|Ceruledge, L50, M|100/100
|switch|p2b: Scrafty|Scrafty, L50, M, shiny|100/100
|-ability|p2b: Scrafty|Intimidate|boost
|-unboost|p1a: Whimsicott|atk|1
|-unboost|p1b: Garchomp|atk|1
|turn|1
|
|t:|1783439669
|switch|p2a: Ninetales|Ninetales-Alola, L50, M|100/100
|-weather|Snowscape|[from] ability: Snow Warning|[of] p2a: Ninetales
|detailschange|p2b: Scrafty|Scrafty-Mega, L50, M, shiny
|-mega|p2b: Scrafty|Scrafty|Scraftinite
|-ability|p2b: Scrafty|Intimidate|boost
|-unboost|p1a: Whimsicott|atk|1
|-unboost|p1b: Garchomp|atk|1
|move|p2b: Scrafty|Fake Out|p1a: Whimsicott
|-damage|p1a: Whimsicott|79/100
|cant|p1a: Whimsicott|flinch
|move|p1b: Garchomp|Rock Slide|p2b: Scrafty|[spread] p2a,p2b
|-supereffective|p2a: Ninetales|1
|-resisted|p2b: Scrafty|1
|-damage|p2a: Ninetales|74/100
|-damage|p2b: Scrafty|94/100
|-damage|p1b: Garchomp|90/100|[from] item: Life Orb
|
|-weather|Snowscape|[upkeep]
|upkeep
|turn|2
|inactive|pignetos has 30 seconds left.
|inactive|pignetos has 20 seconds left.
|
|t:|1783439705
|switch|p1b: Charizard|Charizard, L50, F|100/100
|move|p2b: Scrafty|Detect|p2b: Scrafty
|-singleturn|p2b: Scrafty|Protect
|move|p1a: Whimsicott|Tailwind|p1a: Whimsicott
|-sidestart|p1: pignetos|move: Tailwind
|move|p2a: Ninetales|Freeze-Dry|p1a: Whimsicott
|-supereffective|p1a: Whimsicott|1
|-damage|p1a: Whimsicott|0 fnt
|faint|p1a: Whimsicott
|
|-weather|Snowscape|[upkeep]
|upkeep
|
|t:|1783439721
|switch|p1a: Sylveon|Sylveon, L50, F|100/100
|turn|3
|
|t:|1783439744
|switch|p2b: Ceruledge|Ceruledge, L50, M|100/100
|detailschange|p1b: Charizard|Charizard-Mega-Y, L50, F
|-mega|p1b: Charizard|Charizard|Charizardite Y
|-weather|SunnyDay|[from] ability: Drought|[of] p1b: Charizard
|move|p1b: Charizard|Weather Ball|p2b: Ceruledge
|-start|p2b: Ceruledge|ability: Flash Fire
|move|p1a: Sylveon|Hyper Voice|p2b: Ceruledge|[spread] p2a,p2b
|-resisted|p2b: Ceruledge|1
|-damage|p2a: Ninetales|23/100
|-damage|p2b: Ceruledge|77/100
|move|p2a: Ninetales|Icy Wind|p1b: Charizard|[spread] p1a,p1b
|-damage|p1a: Sylveon|84/100
|-damage|p1b: Charizard|83/100
|-unboost|p1a: Sylveon|spe|1
|-unboost|p1b: Charizard|spe|1
|
|-weather|SunnyDay|[upkeep]
|upkeep
|turn|4
|inactive|ethical sga has 30 seconds left.
|
|t:|1783439775
|move|p1b: Charizard|Heat Wave|p2a: Ninetales|[spread] p2a
|-immune|p2b: Ceruledge|[from] ability: Flash Fire
|-supereffective|p2a: Ninetales|1
|-damage|p2a: Ninetales|0 fnt
|faint|p2a: Ninetales
|move|p1a: Sylveon|Hyper Voice|p2b: Ceruledge
|-resisted|p2b: Ceruledge|1
|-damage|p2b: Ceruledge|47/100
|move|p2b: Ceruledge|Bulk Up|p2b: Ceruledge
|-boost|p2b: Ceruledge|atk|1
|-boost|p2b: Ceruledge|def|1
|
|-weather|SunnyDay|[upkeep]
|upkeep
|
|t:|1783439780
|switch|p2a: Scrafty|Scrafty-Mega, L50, M, shiny|94/100
|-ability|p2a: Scrafty|Intimidate|boost
|-unboost|p1a: Sylveon|atk|1
|-unboost|p1b: Charizard|atk|1
|turn|5
|
|t:|1783439794
|move|p2a: Scrafty|Detect|p2a: Scrafty
|-singleturn|p2a: Scrafty|Protect
|move|p2b: Ceruledge|Protect|p2b: Ceruledge
|-singleturn|p2b: Ceruledge|Protect
|move|p1b: Charizard|Weather Ball|p2a: Scrafty
|-activate|p2a: Scrafty|move: Protect
|move|p1a: Sylveon|Hyper Beam|p2b: Ceruledge
|-activate|p2b: Ceruledge|move: Protect
|
|-weather|SunnyDay|[upkeep]
|-sideend|p1: pignetos|move: Tailwind
|upkeep
|turn|6
|
|t:|1783439807
|switch|p2a: Garchomp|Garchomp, L50, F|100/100
|move|p2b: Ceruledge|Bitter Blade|p1a: Sylveon
|-damage|p1a: Sylveon|0 fnt
|-heal|p2b: Ceruledge|89/100|[from] drain|[of] p1a: Sylveon
|faint|p1a: Sylveon
|move|p1b: Charizard|Weather Ball|p2a: Garchomp
|-resisted|p2a: Garchomp|1
|-damage|p2a: Garchomp|49/100
|
|-weather|SunnyDay|[upkeep]
|upkeep
|
|t:|1783439818
|switch|p1a: Garchomp|Garchomp, L50, M|90/100
|turn|7
|
|t:|1783439832
|switch|p2a: Scrafty|Scrafty-Mega, L50, M, shiny|94/100
|-ability|p2a: Scrafty|Intimidate|boost
|-unboost|p1a: Garchomp|atk|1
|-unboost|p1b: Charizard|atk|1
|move|p1b: Charizard|Protect|p1b: Charizard
|-singleturn|p1b: Charizard|Protect
|move|p1a: Garchomp|Earthquake|p2a: Scrafty|[spread] p2a,p2b
|-activate|p1b: Charizard|move: Protect
|-supereffective|p2b: Ceruledge|1
|-damage|p2a: Scrafty|66/100
|-damage|p2b: Ceruledge|46/100
|-damage|p1a: Garchomp|80/100|[from] item: Life Orb
|move|p2b: Ceruledge|Bitter Blade|p1b: Charizard
|-activate|p1b: Charizard|move: Protect
|
|-weather|none
|upkeep
|turn|8
|
|t:|1783439854
|move|p2a: Scrafty|Fake Out|p1a: Garchomp
|-damage|p1a: Garchomp|67/100
|-damage|p2a: Scrafty|54/100|[from] ability: Rough Skin|[of] p1a: Garchomp
|cant|p1a: Garchomp|flinch
|move|p2b: Ceruledge|Bitter Blade|p1b: Charizard
|-resisted|p1b: Charizard|1
|-damage|p1b: Charizard|28/100
|-heal|p2b: Ceruledge|72/100|[from] drain|[of] p1b: Charizard
|move|p1b: Charizard|Heat Wave|p2a: Scrafty|[spread] p2a
|-immune|p2b: Ceruledge|[from] ability: Flash Fire
|-damage|p2a: Scrafty|22/100
|
|upkeep
|turn|9
|-message|pignetos forfeited.
|
|win|ethical sga
