|j|☆fustor
|j|☆ushitsune
|html|fustorushitsune    
|uhtml|bestof|Game 2 of a best-of-3
|t:|1757674794
|gametype|doubles
|player|p1|fustor|170|1152
|player|p2|ushitsune|steven|1171
|gen|9
|tier|[Gen 9] VGC 2025 Reg H (Bo3)
|rated|
|rule|Species Clause: Limit one of each Pokémon
|rule|Item Clause: Limit 1 of each item
|clearpoke
|poke|p1|Charizard, L50, M|
|poke|p1|Torkoal, L50, M|
|poke|p1|Porygon2, L50|
|poke|p1|Incineroar, L50, F|
|poke|p1|Jumpluff, L50, M|
|poke|p1|Ursaluna, L50, M|
|poke|p2|Salamence, L50, F|
|poke|p2|Milotic, L50, F|
|poke|p2|Ninetales-Alola, L50, M|
|poke|p2|Volcarona, L50, M|
|poke|p2|Breloom, L50, M|
|poke|p2|Kingambit, L50, F|
|teampreview|4
|showteam|p1|Charizard||ChoiceSpecs|SolarPower|HeatWave,Overheat,WeatherBall,AirSlash|||M|||50|,,,,,Ghost]Torkoal||EjectPack|Drought|Eruption,Overheat,HelpingHand,Protect|||M|||50|,,,,,Fire]Porygon2||Eviolite|Download|TeraBlast,IceBeam,Recover,TrickRoom||||||50|,,,,,Fighting]Incineroar||SitrusBerry|Intimidate|FlareBlitz,KnockOff,FakeOut,PartingShot|||F|||50|,,,,,Ghost]Jumpluff||CovertCloak|Chlorophyll|SleepPowder,SunnyDay,RagePowder,Tailwind|||M|||50|,,,,,Water]Ursaluna||FlameOrb|Guts|HeadlongRush,Facade,Earthquake,Protect|||M|||50|,,,,,Ghost
|showteam|p2|Salamence||AssaultVest|Intimidate|DragonPulse,HydroPump,HeatWave,AirSlash|||F|||50|,,,,,Steel]Milotic||Leftovers|Competitive|Scald,IcyWind,Protect,Haze|||F|||50|,,,,,Dragon]Ninetales-Alola||LightClay|SnowWarning|AuroraVeil,FreezeDry,Protect,DazzlingGleam|||M|||50|,,,,,Ghost]Volcarona||CovertCloak|FlameBody|QuiverDance,StruggleBug,FieryDance,Tailwind|||M|||50|,,,,,Grass]Breloom||FocusSash|Technician|BulletSeed,MachPunch,Protect,Spore|||M|||50|,,,,,Stellar]Kingambit||BlackGlasses|Defiant|Protect,KowtowCleave,SuckerPunch,SwordsDance|||F|||50|,,,,,Dark
|inactive|Battle timer is ON: inactive players will automatically lose when time's up. (requested by fustor)
|
|t:|1757674817
|teamsize|p1|4
|teamsize|p2|4
|start
|switch|p1a: Charizard|Charizard, L50, M|100/100
|switch|p1b: Porygon2|Porygon2, L50|100/100
|switch|p2a: Breloom|Breloom, L50, M|100/100
|switch|p2b: Salamence|Salamence, L50, F|100/100
|-ability|p2b: Salamence|Intimidate|boost
|-unboost|p1a: Charizard|atk|1
|-unboost|p1b: Porygon2|atk|1
|-ability|p1b: Porygon2|Download|boost
|-boost|p1b: Porygon2|spa|1
|turn|1
|inactive|fustor has 30 seconds left.
|inactive|fustor has 20 seconds left.
|
|t:|1757674856
|move|p2b: Salamence|Hydro Pump|p1a: Charizard
|-supereffective|p1a: Charizard
|-damage|p1a: Charizard|14/100
|move|p1a: Charizard|Heat Wave|p2a: Breloom|[spread] p2a,p2b
|-supereffective|p2a: Breloom
|-resisted|p2b: Salamence
|-enditem|p2a: Breloom|Focus Sash
|-damage|p2a: Breloom|1/100
|-damage|p2b: Salamence|80/100
|move|p2a: Breloom|Spore|p1b: Porygon2
|-status|p1b: Porygon2|slp|[from] move: Spore
|cant|p1b: Porygon2|slp
|
|upkeep
|turn|2
|
|t:|1757674877
|switch|p1a: Ursaluna|Ursaluna, L50, M|100/100
|move|p2b: Salamence|Dragon Pulse|p1a: Ursaluna
|-damage|p1a: Ursaluna|61/100
|move|p2a: Breloom|Bullet Seed|p1b: Porygon2
|-damage|p1b: Porygon2|88/100 slp
|-damage|p1b: Porygon2|75/100 slp
|-damage|p1b: Porygon2|62/100 slp
|-damage|p1b: Porygon2|49/100 slp
|-damage|p1b: Porygon2|35/100 slp
|-hitcount|p1b: Porygon2|5
|-curestatus|p1b: Porygon2|slp|[msg]
|move|p1b: Porygon2|Ice Beam|p2b: Salamence
|-supereffective|p2b: Salamence
|-damage|p2b: Salamence|0 fnt
|faint|p2b: Salamence
|
|-status|p1a: Ursaluna|brn|[from] item: Flame Orb
|upkeep
|
|t:|1757674894
|switch|p2b: Ninetales|Ninetales-Alola, L50, M, shiny|100/100
|-weather|Snowscape|[from] ability: Snow Warning|[of] p2b: Ninetales
|turn|3
|
|t:|1757674914
|switch|p1b: Torkoal|Torkoal, L50, M|100/100
|-weather|SunnyDay|[from] ability: Drought|[of] p1b: Torkoal
|move|p2a: Breloom|Mach Punch|p1b: Torkoal
|-damage|p1b: Torkoal|75/100
|move|p2b: Ninetales|Freeze-Dry|p1a: Ursaluna
|-supereffective|p1a: Ursaluna
|-damage|p1a: Ursaluna|20/100 brn
|move|p1a: Ursaluna|Earthquake|p2b: Ninetales|[spread] p1b,p2a,p2b
|-supereffective|p1b: Torkoal
|-resisted|p2a: Breloom
|-crit|p2a: Breloom
|-damage|p1b: Torkoal|0 fnt
|-damage|p2a: Breloom|0 fnt
|-damage|p2b: Ninetales|18/100
|faint|p1b: Torkoal
|faint|p2a: Breloom
|
|-weather|SunnyDay|[upkeep]
|-damage|p1a: Ursaluna|14/100 brn|[from] brn
|upkeep
|
|t:|1757674930
|switch|p2a: Milotic|Milotic, L50, F, shiny|100/100
|switch|p1b: Charizard|Charizard, L50, M|14/100
|turn|4
|inactive|fustor has 30 seconds left.
|
|t:|1757674963
|switch|p1a: Porygon2|Porygon2, L50|35/100
|-ability|p1a: Porygon2|Download|boost
|-boost|p1a: Porygon2|atk|1
|move|p2b: Ninetales|Freeze-Dry|p1b: Charizard
|-damage|p1b: Charizard|0 fnt
|faint|p1b: Charizard
|move|p2a: Milotic|Scald|p1a: Porygon2
|-damage|p1a: Porygon2|25/100
|
|-weather|SunnyDay|[upkeep]
|upkeep
|
|t:|1757674974
|switch|p1b: Ursaluna|Ursaluna, L50, M|14/100 brn
|turn|5
|
|t:|1757674992
|move|p2b: Ninetales|Freeze-Dry|p1a: Porygon2
|-damage|p1a: Porygon2|11/100
|move|p2a: Milotic|Scald|p1a: Porygon2
|-damage|p1a: Porygon2|0 fnt
|faint|p1a: Porygon2
|move|p1b: Ursaluna|Facade|p2a: Milotic
|-damage|p2a: Milotic|0 fnt
|faint|p2a: Milotic
|
|-weather|SunnyDay|[upkeep]
|-damage|p1b: Ursaluna|9/100 brn|[from] brn
|upkeep
|turn|6
|
|t:|1757675015
|-terastallize|p1b: Ursaluna|Ghost
|move|p2b: Ninetales|Freeze-Dry|p1b: Ursaluna
|-damage|p1b: Ursaluna|0 fnt
|faint|p1b: Ursaluna
|
|win|ushitsune
|raw|fustor's rating: 1152 → 1128(-24 for losing)
|raw|ushitsune's rating: 1171 → 1195(+24 for winning)
|l|☆ushitsune
|player|p2|
