|j|☆spellbreakvgc
|j|☆benniOVY
|html|spellbreakvgcbenniOVY    
|uhtml|bestof|Game 3 of a best-of-3
|t:|1756719007
|gametype|doubles
|player|p1|spellbreakvgc|lance|1141
|player|p2|benniOVY|2|1168
|gen|9
|tier|[Gen 9] VGC 2025 Reg H (Bo3)
|rated|
|rule|Species Clause: Limit one of each Pokémon
|rule|Item Clause: Limit 1 of each item
|clearpoke
|poke|p1|Whimsicott, L50, F|
|poke|p1|Typhlosion-Hisui, L50, F|
|poke|p1|Dragapult, L50, F|
|poke|p1|Electabuzz, L50, F|
|poke|p1|Torkoal, L50, F|
|poke|p1|Lilligant-Hisui, L50, F|
|poke|p2|Sneasler, L50, F|
|poke|p2|Rillaboom, L50, F|
|poke|p2|Incineroar, L50, F|
|poke|p2|Volcarona, L50, F|
|poke|p2|Dragonite, L50, M|
|poke|p2|Gholdengo, L50|
|teampreview|4
|showteam|p1|Whimsicott||CovertCloak|Prankster|Tailwind,SunnyDay,Encore,Moonblast|||F|||50|,,,,,Steel]Typhlosion-Hisui||ChoiceSpecs|Blaze|Eruption,HeatWave,ShadowBall,Overheat|||F|||50|,,,,,Fire]Dragapult||ChoiceBand|ClearBody|DragonDarts,Outrage,SuckerPunch,Uturn|||F|||50|,,,,,Dragon]Electabuzz||Eviolite|VitalSpirit|VoltSwitch,FollowMe,Feint,Protect|||F|||50|,,,,,Ghost]Torkoal||LifeOrb|Drought|Eruption,HeatWave,WeatherBall,Protect|||F|||50|,,,,,Fire]Lilligant-Hisui||FocusSash|Chlorophyll|CloseCombat,SleepPowder,AfterYou,LeafBlade|||F|||50|,,,,,Ghost
|showteam|p2|Sneasler||FocusSash|PoisonTouch|Coaching,CloseCombat,DireClaw,Protect|||F|||50|,,,,,Ghost]Rillaboom||AssaultVest|GrassySurge|FakeOut,GrassyGlide,WoodHammer,Uturn|||F|||50|,,,,,Fire]Incineroar||SitrusBerry|Intimidate|FakeOut,KnockOff,FlareBlitz,PartingShot|||F|||50|,,,,,Ghost]Volcarona||Leftovers|FlameBody|HeatWave,TeraBlast,QuiverDance,Protect|||F|||50|,,,,,Fairy]Dragonite||LoadedDice|Multiscale|ScaleShot,Haze,Tailwind,Protect|||M|||50|,,,,,Fairy]Gholdengo||LifeOrb|GoodasGold|MakeItRain,ShadowBall,NastyPlot,Protect||||||50|,,,,,Water
|inactive|Battle timer is ON: inactive players will automatically lose when time's up. (requested by benniOVY)
|inactive|spellbreakvgc has 60 seconds left.
|inactive|benniOVY has 60 seconds left.
|
|t:|1756719041
|teamsize|p1|4
|teamsize|p2|4
|start
|switch|p1a: Typhlosion|Typhlosion-Hisui, L50, F|100/100
|switch|p1b: Electabuzz|Electabuzz, L50, F|100/100
|switch|p2a: Dragonite|Dragonite, L50, M|100/100
|switch|p2b: Incineroar|Incineroar, L50, F|100/100
|-ability|p2b: Incineroar|Intimidate|boost
|-unboost|p1a: Typhlosion|atk|1
|-unboost|p1b: Electabuzz|atk|1
|turn|1
|
|t:|1756719049
|-terastallize|p1a: Typhlosion|Fire
|move|p1b: Electabuzz|Volt Switch|p2a: Dragonite
|-damage|p2a: Dragonite|88/100
|
|t:|1756719054
|switch|p1b: Torkoal|Torkoal, L50, F|100/100|[from] Volt Switch
|-weather|SunnyDay|[from] ability: Drought|[of] p1b: Torkoal
|move|p1a: Typhlosion|Eruption|p2a: Dragonite|[spread] p2a,p2b
|-resisted|p2a: Dragonite
|-resisted|p2b: Incineroar
|-damage|p2a: Dragonite|0 fnt
|-damage|p2b: Incineroar|28/100
|-enditem|p2b: Incineroar|Sitrus Berry|[eat]
|-heal|p2b: Incineroar|52/100|[from] item: Sitrus Berry
|faint|p2a: Dragonite
|move|p2b: Incineroar|Knock Off|p1a: Typhlosion
|-damage|p1a: Typhlosion|43/100
|-enditem|p1a: Typhlosion|Choice Specs|[from] move: Knock Off|[of] p2b: Incineroar
|
|-weather|SunnyDay|[upkeep]
|upkeep
|
|t:|1756719058
|switch|p2a: Gholdengo|Gholdengo, L50|100/100
|turn|2
|
|t:|1756719078
|-terastallize|p2a: Gholdengo|Water
|move|p1a: Typhlosion|Heat Wave|p2b: Incineroar|[spread] p2a,p2b
|-resisted|p2a: Gholdengo
|-resisted|p2b: Incineroar
|-damage|p2a: Gholdengo|66/100
|-damage|p2b: Incineroar|22/100
|move|p2a: Gholdengo|Shadow Ball|p1a: Typhlosion
|-damage|p1a: Typhlosion|0 fnt
|faint|p1a: Typhlosion
|-damage|p2a: Gholdengo|57/100|[from] item: Life Orb
|move|p2b: Incineroar|Knock Off|p1b: Torkoal
|-damage|p1b: Torkoal|73/100
|-enditem|p1b: Torkoal|Life Orb|[from] move: Knock Off|[of] p2b: Incineroar
|move|p1b: Torkoal|Eruption|p2b: Incineroar|[spread] p2a,p2b
|-resisted|p2a: Gholdengo
|-resisted|p2b: Incineroar
|-damage|p2a: Gholdengo|28/100
|-damage|p2b: Incineroar|0 fnt
|faint|p2b: Incineroar
|
|-weather|SunnyDay|[upkeep]
|upkeep
|
|t:|1756719099
|switch|p1a: Electabuzz|Electabuzz, L50, F|100/100
|switch|p2b: Rillaboom|Rillaboom, L50, F|100/100
|-fieldstart|move: Grassy Terrain|[from] ability: Grassy Surge|[of] p2b: Rillaboom
|turn|3
|
|t:|1756719108
|move|p2a: Gholdengo|Protect|p2a: Gholdengo
|-singleturn|p2a: Gholdengo|Protect
|move|p1b: Torkoal|Protect|p1b: Torkoal
|-singleturn|p1b: Torkoal|Protect
|move|p2b: Rillaboom|Fake Out|p1b: Torkoal
|-activate|p1b: Torkoal|move: Protect
|move|p1a: Electabuzz|Volt Switch|p2a: Gholdengo
|-activate|p2a: Gholdengo|move: Protect
|
|-weather|SunnyDay|[upkeep]
|-heal|p2a: Gholdengo|33/100|[from] Grassy Terrain
|-heal|p1b: Torkoal|79/100|[from] Grassy Terrain
|upkeep
|turn|4
|
|t:|1756719130
|switch|p1b: Whimsicott|Whimsicott, L50, F|100/100
|move|p1a: Electabuzz|Volt Switch|p2a: Gholdengo
|-supereffective|p2a: Gholdengo
|-damage|p2a: Gholdengo|0 fnt
|faint|p2a: Gholdengo
|
|t:|1756719136
|switch|p1a: Torkoal|Torkoal, L50, F|79/100|[from] Volt Switch
|move|p2b: Rillaboom|Wood Hammer|p1b: Whimsicott
|-resisted|p1b: Whimsicott
|-damage|p1b: Whimsicott|50/100
|-damage|p2b: Rillaboom|87/100|[from] Recoil
|
|-weather|SunnyDay|[upkeep]
|-heal|p1b: Whimsicott|56/100|[from] Grassy Terrain
|-heal|p2b: Rillaboom|93/100|[from] Grassy Terrain
|-heal|p1a: Torkoal|85/100|[from] Grassy Terrain
|upkeep
|turn|5
|-message|benniOVY forfeited.
|raw|spellbreakvgc's rating: 1141 → 1168(+27 for winning)
|raw|benniOVY's rating: 1168 → 1141(-27 for losing)
|
|win|spellbreakvgc
