|j|☆lettitripppp
|j|☆Jolt31
|html|lettitrippppJolt31    
|uhtml|bestof|Game 3 of a best-of-3
|t:|1784218068
|gametype|doubles
|player|p1|lettitripppp|lucas|1244
|player|p2|Jolt31|barry|1239
|gen|9
|tier|[Gen 9 Champions] VGC 2026 Reg M-B (Bo3)
|rated|
|rule|Species Clause: Limit one of each Pokémon
|rule|Item Clause: Limit 1 of each item
|clearpoke
|poke|p1|Charizard, L50, F, shiny|
|poke|p1|Basculegion, L50, M, shiny|
|poke|p1|Pelipper, L50, F|
|poke|p1|Venusaur, L50, F|
|poke|p1|Archaludon, L50, M|
|poke|p1|Grimmsnarl, L50, M, shiny|
|poke|p2|Swampert, L50, M|
|poke|p2|Pelipper, L50, F|
|poke|p2|Grimmsnarl, L50, M|
|poke|p2|Archaludon, L50, M|
|poke|p2|Mawile, L50, F|
|poke|p2|Sinistcha, L50|
|teampreview|4
|showteam|p1|Charizard||CharizarditeY|Blaze|WeatherBall,SolarBeam,HeatWave,Protect|Modest||F|||50|]Basculegion||ChoiceScarf|Adaptability|LastRespects,WaveCrash,FlipTurn,AquaJet|Jolly||M|||50|]Pelipper||SitrusBerry|Drizzle|WeatherBall,WideGuard,Hurricane,Tailwind|Modest||F|||50|]Venusaur||FocusSash|Chlorophyll|SleepPowder,SludgeBomb,EarthPower,Protect|Modest||F|||50|]Archaludon||Leftovers|Stamina|FlashCannon,DragonPulse,ElectroShot,Protect|Calm||M|||50|]Grimmsnarl||LightClay|Prankster|PartingShot,LightScreen,SpiritBreak,Reflect|Relaxed||M|||50|
|showteam|p2|Swampert||Swampertite|Torrent|WaveCrash,Earthquake,IcePunch,Protect|Jolly||M|||50|]Pelipper||FocusSash|Drizzle|WeatherBall,Hurricane,WideGuard,Tailwind|Timid||F|||50|]Grimmsnarl||LightClay|Prankster|Reflect,LightScreen,PartingShot,SpiritBreak|Adamant||M|||50|]Archaludon||Leftovers|Stamina|Protect,ElectroShot,DragonPulse,FlashCannon|Modest||M|||50|]Mawile||Mawilite|Intimidate|PlayRough,SuckerPunch,IronHead,Protect|Adamant||F|||50|]Sinistcha||SitrusBerry|Hospitality|TrickRoom,MatchaGotcha,RagePowder,LifeDew|Bold|||||50|
|inactive|Battle timer is ON: inactive players will automatically lose when time's up. (requested by lettitripppp)
|inactive|Jolt31 has 60 seconds left.
|
|t:|1784218113
|teamsize|p1|4
|teamsize|p2|4
|start
|switch|p1a: SOFT-SLEEP|Venusaur, L50, F|100/100
|switch|p1b: GO JOHAN|Grimmsnarl, L50, M, shiny|100/100
|switch|p2a: Swampert|Swampert, L50, M|100/100
|switch|p2b: Pelipper|Pelipper, L50, F|100/100
|-weather|RainDance|[from] ability: Drizzle|[of] p2b: Pelipper
|turn|1
|
|t:|1784218126
|detailschange|p2a: Swampert|Swampert-Mega, L50, M
|-mega|p2a: Swampert|Swampert|Swampertite
|move|p1a: SOFT-SLEEP|Protect|p1a: SOFT-SLEEP
|-singleturn|p1a: SOFT-SLEEP|Protect
|move|p1b: GO JOHAN|Reflect|p1b: GO JOHAN
|-sidestart|p1: lettitripppp|Reflect
|move|p2a: Swampert|Earthquake|p1a: SOFT-SLEEP|[spread] p1b
|-activate|p1a: SOFT-SLEEP|move: Protect
|-immune|p2b: Pelipper
|-damage|p1b: GO JOHAN|75/100
|move|p2b: Pelipper|Tailwind|p2b: Pelipper
|-sidestart|p2: Jolt31|move: Tailwind
|
|-weather|RainDance|[upkeep]
|upkeep
|turn|2
|
|t:|1784218142
|switch|p1a: GHOSTWAVE|Basculegion, L50, M, shiny|100/100
|move|p1b: GO JOHAN|Light Screen|p1b: GO JOHAN
|-sidestart|p1: lettitripppp|move: Light Screen
|move|p2a: Swampert|Earthquake|p1a: GHOSTWAVE|[spread] p1a,p1b
|-immune|p2b: Pelipper
|-damage|p1a: GHOSTWAVE|67/100
|-damage|p1b: GO JOHAN|51/100
|move|p2b: Pelipper|Hurricane|p1a: GHOSTWAVE
|-damage|p1a: GHOSTWAVE|29/100
|
|-weather|RainDance|[upkeep]
|upkeep
|turn|3
|
|t:|1784218158
|move|p1b: GO JOHAN|Parting Shot|p2b: Pelipper
|-unboost|p2b: Pelipper|atk|1
|-unboost|p2b: Pelipper|spa|1
|
|t:|1784218162
|switch|p1b: SOFT-SLEEP|Venusaur, L50, F|100/100|[from] Parting Shot
|move|p2a: Swampert|Earthquake|p1b: SOFT-SLEEP|[spread] p1a,p1b
|-immune|p2b: Pelipper
|-damage|p1a: GHOSTWAVE|0 fnt
|-damage|p1b: SOFT-SLEEP|63/100
|faint|p1a: GHOSTWAVE
|move|p2b: Pelipper|Weather Ball|p1b: SOFT-SLEEP
|-resisted|p1b: SOFT-SLEEP|1
|-damage|p1b: SOFT-SLEEP|48/100
|
|-weather|RainDance|[upkeep]
|upkeep
|
|t:|1784218172
|switch|p1a: AGNI|Charizard, L50, F, shiny|100/100
|turn|4
|
|t:|1784218190
|switch|p2a: Grimmsnarl|Grimmsnarl, L50, M|100/100
|detailschange|p1a: AGNI|Charizard-Mega-Y, L50, F, shiny
|-mega|p1a: AGNI|Charizard|Charizardite Y
|-weather|SunnyDay|[from] ability: Drought|[of] p1a: AGNI
|move|p1b: SOFT-SLEEP|Sludge Bomb|p2b: Pelipper
|-damage|p2b: Pelipper|31/100
|move|p2b: Pelipper|Weather Ball|p1b: SOFT-SLEEP
|-supereffective|p1b: SOFT-SLEEP|1
|-damage|p1b: SOFT-SLEEP|7/100
|move|p1a: AGNI|Weather Ball|p2b: Pelipper
|-resisted|p2b: Pelipper|1
|-damage|p2b: Pelipper|0 fnt
|faint|p2b: Pelipper
|
|-weather|SunnyDay|[upkeep]
|-sideend|p2: Jolt31|move: Tailwind
|upkeep
|inactive|Jolt31 has 30 seconds left.
|
|t:|1784218225
|switch|p2b: Archaludon|Archaludon, L50, M|100/100
|turn|5
|
|t:|1784218244
|move|p2b: Archaludon|Protect|p2b: Archaludon
|-singleturn|p2b: Archaludon|Protect
|move|p2a: Grimmsnarl|Light Screen|p2a: Grimmsnarl
|-sidestart|p2: Jolt31|move: Light Screen
|move|p1b: SOFT-SLEEP|Sludge Bomb|p2a: Grimmsnarl
|-supereffective|p2a: Grimmsnarl|1
|-damage|p2a: Grimmsnarl|40/100
|move|p1a: AGNI|Weather Ball|p2a: Grimmsnarl
|-damage|p2a: Grimmsnarl|0 fnt
|faint|p2a: Grimmsnarl
|
|-weather|SunnyDay|[upkeep]
|upkeep
|
|t:|1784218252
|switch|p2a: Swampert|Swampert-Mega, L50, M|100/100
|turn|6
|
|t:|1784218265
|move|p1b: SOFT-SLEEP|Sleep Powder|p2b: Archaludon
|-status|p2b: Archaludon|slp|[from] move: Sleep Powder
|move|p1a: AGNI|Solar Beam||[still]
|-prepare|p1a: AGNI|Solar Beam
|-anim|p1a: AGNI|Solar Beam|p2a: Swampert
|-supereffective|p2a: Swampert|2
|-damage|p2a: Swampert|3/100
|move|p2a: Swampert|Wave Crash|p1a: AGNI
|-supereffective|p1a: AGNI|1
|-damage|p1a: AGNI|53/100
|-damage|p2a: Swampert|0 fnt|[from] Recoil
|faint|p2a: Swampert
|cant|p2b: Archaludon|slp
|
|-weather|SunnyDay|[upkeep]
|upkeep
|turn|7
|
|t:|1784218279
|move|p1b: SOFT-SLEEP|Earth Power|p2b: Archaludon
|-supereffective|p2b: Archaludon|1
|-crit|p2b: Archaludon
|-damage|p2b: Archaludon|15/100 slp
|-unboost|p2b: Archaludon|spd|1
|-ability|p2b: Archaludon|Stamina|boost
|-boost|p2b: Archaludon|def|1
|move|p1a: AGNI|Weather Ball|p2b: Archaludon
|-damage|p2b: Archaludon|0 fnt
|faint|p2b: Archaludon
|
|win|lettitripppp
|raw|lettitripppp's rating: 1244 → 1269(+25 for winning)
|raw|Jolt31's rating: 1239 → 1214(-25 for losing)
|l|☆Jolt31
|player|p2|
