|j|☆washingtongargacha
|j|‽GermanMagearna
|html|washingtongargachaGermanMagearna    
|uhtml|bestof|Game 1 of a best-of-3
|t:|1757693281
|gametype|doubles
|player|p1|washingtongargacha|102|1199
|player|p2|GermanMagearna|cynthia-gen4|1151
|gen|9
|tier|[Gen 9] VGC 2025 Reg H (Bo3)
|rated|
|rule|Species Clause: Limit one of each Pokémon
|rule|Item Clause: Limit 1 of each item
|clearpoke
|poke|p1|Talonflame, L50, M|
|poke|p1|Gholdengo, L50|
|poke|p1|Dragonite, L50, M|
|poke|p1|Archaludon, L50, M|
|poke|p1|Tyranitar, L50, M|
|poke|p1|Garchomp, L50, M|
|poke|p2|Indeedee-F, L50, F|
|poke|p2|Hatterene, L50, F|
|poke|p2|Ursaluna, L50, F|
|poke|p2|Incineroar, L50, M|
|poke|p2|Amoonguss, L50, M|
|poke|p2|Kingambit, L50, F|
|teampreview|4
|showteam|p1|Talonflame||LifeOrb|GaleWings|Tailwind,DualWingbeat,Taunt,FlareBlitz|||M|||50|,,,,,Ghost]Gholdengo||ChoiceSpecs|GoodasGold|MakeItRain,SteelBeam,ShadowBall,PowerGem||||||50|,,,,,Flying]Dragonite||LoadedDice|Multiscale|ScaleShot,IceSpinner,Haze,Protect|||M|||50|,,,,,Steel]Archaludon||PowerHerb|Sturdy|FlashCannon,ElectroShot,DracoMeteor,Protect|||M|||50|,,,,,Flying]Tyranitar||AssaultVest|SandStream|KnockOff,RockSlide,TeraBlast,LowKick|||M|||50|,,,,,Flying]Garchomp||EarthPlate|RoughSkin|DragonClaw,StompingTantrum,Earthquake,Protect|||M|||50|,,,,,Steel
|showteam|p2|Indeedee-F||PsychicSeed|PsychicSurge|Psychic,FollowMe,HelpingHand,TrickRoom|||F|||50|,,,,,Dark]Hatterene||FocusSash|MagicBounce|DazzlingGleam,ExpandingForce,Protect,TrickRoom|||F|||50|,,,,,Psychic]Ursaluna||FlameOrb|Guts|Earthquake,HeadlongRush,Protect,Facade|||F|||50|,,,,,Ghost]Incineroar||AssaultVest|Intimidate|FlareBlitz,KnockOff,Uturn,FakeOut|||M|||50|,,,,,Ghost]Amoonguss||RockyHelmet|Regenerator|ClearSmog,Protect,RagePowder,Spore|||M|||50|,,,,,Dark]Kingambit||BlackGlasses|SupremeOverlord|KowtowCleave,SwordsDance,Protect,SuckerPunch|||F|||50|,,,,,Dark
|
|t:|1757693310
|teamsize|p1|4
|teamsize|p2|4
|start
|switch|p1a: Gholdengo|Gholdengo, L50|100/100
|switch|p1b: Tyranitar|Tyranitar, L50, M|100/100
|switch|p2a: Indeedee|Indeedee-F, L50, F|100/100
|switch|p2b: Hatterene|Hatterene, L50, F|100/100
|-weather|Sandstorm|[from] ability: Sand Stream|[of] p1b: Tyranitar
|-fieldstart|move: Psychic Terrain|[from] ability: Psychic Surge|[of] p2a: Indeedee
|-enditem|p2a: Indeedee|Psychic Seed
|-boost|p2a: Indeedee|spd|1|[from] item: Psychic Seed
|turn|1
|
|t:|1757693325
|move|p2b: Hatterene|Protect|p2b: Hatterene
|-singleturn|p2b: Hatterene|Protect
|move|p1a: Gholdengo|Make It Rain|p2a: Indeedee|[spread] p2a
|-activate|p2b: Hatterene|move: Protect
|-damage|p2a: Indeedee|53/100
|-unboost|p1a: Gholdengo|spa|1
|move|p1b: Tyranitar|Rock Slide|p2b: Hatterene|[spread] p2a
|-activate|p2b: Hatterene|move: Protect
|-damage|p2a: Indeedee|22/100
|cant|p2a: Indeedee|flinch
|
|-weather|Sandstorm|[upkeep]
|-damage|p2a: Indeedee|16/100|[from] Sandstorm
|-damage|p2b: Hatterene|94/100|[from] Sandstorm
|upkeep
|turn|2
|
|t:|1757693350
|move|p2a: Indeedee|Follow Me|p2a: Indeedee
|-singleturn|p2a: Indeedee|move: Follow Me
|move|p1a: Gholdengo|Make It Rain|p2a: Indeedee|[spread] p2a,p2b
|-supereffective|p2b: Hatterene
|-damage|p2a: Indeedee|0 fnt
|-damage|p2b: Hatterene|0 fnt
|-unboost|p1a: Gholdengo|spa|1
|faint|p2a: Indeedee
|faint|p2b: Hatterene
|move|p1b: Tyranitar|Knock Off|p2: Indeedee|[notarget]
|-fail|p1b: Tyranitar
|
|-weather|Sandstorm|[upkeep]
|upkeep
|
|t:|1757693361
|switch|p2a: Kingambit|Kingambit, L50, F|100/100
|switch|p2b: Amoonguss|Amoonguss, L50, M|100/100
|-activate|p2a: Kingambit|ability: Supreme Overlord
|-start|p2a: Kingambit|fallen2|[silent]
|turn|3
|
|t:|1757693374
|switch|p1a: Archaludon|Archaludon, L50, M|100/100
|-terastallize|p1b: Tyranitar|Flying
|-terastallize|p2a: Kingambit|Dark
|move|p2a: Kingambit|Sucker Punch||[still]
|-fail|p2a: Kingambit
|move|p1b: Tyranitar|Tera Blast|p2b: Amoonguss|[anim] Tera Blast Flying
|-supereffective|p2b: Amoonguss
|-damage|p2b: Amoonguss|33/100
|move|p2b: Amoonguss|Spore|p1b: Tyranitar
|-status|p1b: Tyranitar|slp|[from] move: Spore
|
|-weather|Sandstorm|[upkeep]
|-damage|p1b: Tyranitar|95/100 slp|[from] Sandstorm
|-damage|p2a: Kingambit|95/100|[from] Sandstorm
|-damage|p2b: Amoonguss|27/100|[from] Sandstorm
|upkeep
|turn|4
|
|t:|1757693401
|move|p1a: Archaludon|Protect|p1a: Archaludon
|-singleturn|p1a: Archaludon|Protect
|cant|p1b: Tyranitar|slp
|move|p2a: Kingambit|Swords Dance|p2a: Kingambit
|-boost|p2a: Kingambit|atk|2
|move|p2b: Amoonguss|Spore|p1a: Archaludon
|-activate|p1a: Archaludon|move: Protect
|
|-weather|Sandstorm|[upkeep]
|-damage|p1b: Tyranitar|89/100 slp|[from] Sandstorm
|-damage|p2a: Kingambit|89/100|[from] Sandstorm
|-damage|p2b: Amoonguss|21/100|[from] Sandstorm
|upkeep
|turn|5
|
|t:|1757693419
|move|p1a: Archaludon|Flash Cannon|p2b: Amoonguss
|-damage|p2b: Amoonguss|0 fnt
|faint|p2b: Amoonguss
|cant|p1b: Tyranitar|slp
|move|p2a: Kingambit|Swords Dance|p2a: Kingambit
|-boost|p2a: Kingambit|atk|2
|
|-weather|none
|-fieldend|move: Psychic Terrain
|upkeep
|turn|6
|
|t:|1757693437
|move|p2a: Kingambit|Sucker Punch|p1a: Archaludon
|-ability|p1a: Archaludon|Sturdy
|-damage|p1a: Archaludon|1/100
|move|p1a: Archaludon|Electro Shot||[still]
|-prepare|p1a: Archaludon|Electro Shot
|-boost|p1a: Archaludon|spa|1
|-enditem|p1a: Archaludon|Power Herb
|-anim|p1a: Archaludon|Electro Shot|p2a: Kingambit
|-damage|p2a: Kingambit|36/100
|cant|p1b: Tyranitar|slp
|
|upkeep
|turn|7
|
|t:|1757693452
|move|p2a: Kingambit|Sucker Punch|p1b: Tyranitar
|-damage|p1b: Tyranitar|0 fnt
|faint|p1b: Tyranitar
|move|p1a: Archaludon|Flash Cannon|p2a: Kingambit
|-damage|p2a: Kingambit|0 fnt
|faint|p2a: Kingambit
|-end|p2a: Kingambit|fallen2|[silent]
|
|win|washingtongargacha
