|j|☆robotarmadillo
|j|☆irishshyguy
|html|robotarmadilloirishshyguy    
|uhtml|bestof|Game 2 of a best-of-3
|t:|1782575123
|gametype|doubles
|player|p1|robotarmadillo|lucas|
|player|p2|irishshyguy|lucas|
|gen|9
|tier|[Gen 9 Champions] VGC 2026 Reg M-B (Bo3)
|rule|Species Clause: Limit one of each Pokémon
|rule|Item Clause: Limit 1 of each item
|clearpoke
|poke|p1|Archaludon, L50, M|
|poke|p1|Politoed, L50, F|
|poke|p1|Basculegion, L50, M|
|poke|p1|Raichu, L50, F|
|poke|p1|Victreebel, L50, F|
|poke|p1|Charizard, L50, M|
|poke|p2|Incineroar, L50, M|
|poke|p2|Pelipper, L50, M|
|poke|p2|Volcarona, L50, M|
|poke|p2|Sinistcha, L50|
|poke|p2|Tinkaton, L50, F|
|poke|p2|Rotom-Frost, L50|
|teampreview|4
|showteam|p1|Archaludon||Leftovers|Stamina|ElectroShot,FlashCannon,DracoMeteor,Snarl|Timid||M|||50|]Politoed||SitrusBerry|Drizzle|WeatherBall,IcyWind,HelpingHand,Protect|Calm||F|||50|]Basculegion||MysticWater|SwiftSwim|WaveCrash,LastRespects,AquaJet,FlipTurn|Adamant||M|||50|]Raichu||FocusSash|LightningRod|FakeOut,Nuzzle,Encore,VoltSwitch|Jolly||F|||50|]Victreebel||Victreebelite|Chlorophyll|PowerWhip,LeafBlade,SludgeBomb,StrengthSap|Lonely||F|||50|]Charizard||Charcoal|Blaze|Hurricane,HeatWave,ScorchingSands,WeatherBall|Timid||M|||50|
|showteam|p2|Incineroar||SitrusBerry|Intimidate|PartingShot,FakeOut,Taunt,FlareBlitz|Adamant||M|||50|]Pelipper||FocusSash|Drizzle|Hurricane,WeatherBall,Tailwind,Protect|Bold||M|||50|]Volcarona||Leftovers|FlameBody|QuiverDance,Flamethrower,GigaDrain,RagePowder|Modest||M|||50|]Sinistcha||ExpertBelt|Hospitality|MatchaGotcha,ShadowBall,RagePowder,LifeDew|Bold|||||50|]Tinkaton||LightClay|MoldBreaker|FakeOut,GigatonHammer,KnockOff,LightScreen|Jolly||F|||50|]Rotom-Frost||ChoiceScarf|Levitate|Thunder,VoltSwitch,Blizzard,Protect|Timid|||||50|
|
|t:|1782575179
|teamsize|p1|4
|teamsize|p2|4
|start
|switch|p1a: Archaludon|Archaludon, L50, M|100/100
|switch|p1b: Politoed|Politoed, L50, F|100/100
|switch|p2a: Pelipper|Pelipper, L50, M|100/100
|switch|p2b: Incineroar|Incineroar, L50, M|100/100
|-weather|RainDance|[from] ability: Drizzle|[of] p1b: Politoed
|-ability|p2b: Incineroar|Intimidate|boost
|-unboost|p1a: Archaludon|atk|1
|-unboost|p1b: Politoed|atk|1
|turn|1
|
|t:|1782575256
|move|p2b: Incineroar|Fake Out|p1a: Archaludon
|-resisted|p1a: Archaludon|1
|-damage|p1a: Archaludon|93/100
|-ability|p1a: Archaludon|Stamina|boost
|-boost|p1a: Archaludon|def|1
|cant|p1a: Archaludon|flinch
|move|p1b: Politoed|Weather Ball|p2b: Incineroar
|-supereffective|p2b: Incineroar|1
|-damage|p2b: Incineroar|13/100
|-enditem|p2b: Incineroar|Sitrus Berry|[eat]
|-heal|p2b: Incineroar|38/100|[from] item: Sitrus Berry
|move|p2a: Pelipper|Hurricane|p1b: Politoed
|-damage|p1b: Politoed|75/100
|
|-weather|RainDance|[upkeep]
|-heal|p1a: Archaludon|99/100|[from] item: Leftovers
|upkeep
|turn|2
|
|t:|1782575330
|move|p1a: Archaludon|Electro Shot||[still]
|-prepare|p1a: Archaludon|Electro Shot
|-boost|p1a: Archaludon|spa|1
|-anim|p1a: Archaludon|Electro Shot|p2a: Pelipper
|-supereffective|p2a: Pelipper|2
|-enditem|p2a: Pelipper|Focus Sash
|-damage|p2a: Pelipper|1/100
|move|p1b: Politoed|Weather Ball|p2b: Incineroar
|-supereffective|p2b: Incineroar|1
|-damage|p2b: Incineroar|0 fnt
|faint|p2b: Incineroar
|move|p2a: Pelipper|Tailwind|p2a: Pelipper
|-sidestart|p2: irishshyguy|move: Tailwind
|
|-weather|RainDance|[upkeep]
|-heal|p1a: Archaludon|100/100|[from] item: Leftovers
|upkeep
|
|t:|1782575360
|switch|p2b: Sinistcha|Sinistcha, L50|100/100
|-heal|p2a: Pelipper|25/100|[from] ability: Hospitality|[of] p2b: Sinistcha
|turn|3
|
|t:|1782575458
|move|p2b: Sinistcha|Matcha Gotcha|p1b: Politoed|[spread] p1a,p1b
|-resisted|p1a: Archaludon|2
|-supereffective|p1b: Politoed|1
|-damage|p1a: Archaludon|90/100
|-damage|p1b: Politoed|37/100
|-ability|p1a: Archaludon|Stamina|boost
|-boost|p1a: Archaludon|def|1
|-enditem|p1b: Politoed|Sitrus Berry|[eat]
|-heal|p1b: Politoed|62/100|[from] item: Sitrus Berry
|move|p2a: Pelipper|Hurricane|p1b: Politoed
|-damage|p1b: Politoed|36/100
|move|p1a: Archaludon|Flash Cannon|p2b: Sinistcha
|-damage|p2b: Sinistcha|26/100
|move|p1b: Politoed|Icy Wind|p2a: Pelipper|[spread] p2a,p2b
|-supereffective|p2b: Sinistcha|1
|-damage|p2a: Pelipper|12/100
|-damage|p2b: Sinistcha|6/100
|-unboost|p2a: Pelipper|spe|1
|-unboost|p2b: Sinistcha|spe|1
|
|-weather|RainDance|[upkeep]
|-heal|p1a: Archaludon|96/100|[from] item: Leftovers
|upkeep
|turn|4
|
|t:|1782575590
|move|p1a: Archaludon|Flash Cannon|p2b: Sinistcha
|-damage|p2b: Sinistcha|0 fnt
|faint|p2b: Sinistcha
|move|p2a: Pelipper|Hurricane|p1b: Politoed
|-damage|p1b: Politoed|12/100
|-start|p1b: Politoed|confusion
|-activate|p1b: Politoed|confusion
|move|p1b: Politoed|Icy Wind|p2a: Pelipper
|-damage|p2a: Pelipper|0 fnt
|faint|p2a: Pelipper
|
|-weather|RainDance|[upkeep]
|-heal|p1a: Archaludon|100/100|[from] item: Leftovers
|upkeep
|
|t:|1782575606
|switch|p2b: Volcarona|Volcarona, L50, M|100/100
|turn|5
|
|t:|1782575687
|move|p2b: Volcarona|Giga Drain|p1b: Politoed
|-supereffective|p1b: Politoed|1
|-damage|p1b: Politoed|0 fnt
|faint|p1b: Politoed
|move|p1a: Archaludon|Electro Shot||[still]
|-prepare|p1a: Archaludon|Electro Shot
|-boost|p1a: Archaludon|spa|1
|-anim|p1a: Archaludon|Electro Shot|p2b: Volcarona
|-damage|p2b: Volcarona|13/100
|
|-weather|none
|-heal|p2b: Volcarona|19/100|[from] item: Leftovers
|-sideend|p2: irishshyguy|move: Tailwind
|upkeep
|
|t:|1782575742
|switch|p1b: Basculegion|Basculegion, L50, M|100/100
|turn|6
|
|t:|1782575764
|move|p1b: Basculegion|Aqua Jet|p2b: Volcarona
|-supereffective|p2b: Volcarona|1
|-damage|p2b: Volcarona|0 fnt
|faint|p2b: Volcarona
|
|win|robotarmadillo
