|j|☆eklyst
|j|☆KadGuyMan
|html|eklystKadGuyMan    
|uhtml|bestof|Game 1 of a best-of-3
|t:|1783391698
|gametype|doubles
|player|p1|eklyst|pokemaniac|1131
|player|p2|KadGuyMan|hugh|1052
|gen|9
|tier|[Gen 9 Champions] VGC 2026 Reg M-B (Bo3)
|rated|
|rule|Species Clause: Limit one of each Pokémon
|rule|Item Clause: Limit 1 of each item
|clearpoke
|poke|p1|Metagross, L50|
|poke|p1|Floette-Eternal, L50, F|
|poke|p1|Garchomp, L50, F|
|poke|p1|Aerodactyl, L50, F|
|poke|p1|Sinistcha, L50|
|poke|p1|Incineroar, L50, M|
|poke|p2|Meowscarada, L50, F, shiny|
|poke|p2|Gholdengo, L50|
|poke|p2|Whimsicott, L50, M, shiny|
|poke|p2|Garchomp, L50, M|
|poke|p2|Charizard, L50, F, shiny|
|poke|p2|Eelektross, L50, F|
|teampreview|4
|showteam|p1|Metagross||Metagrossite|ClearBody|IronHead,BulletPunch,PsychicFangs,Protect|Adamant|||||50|]Floette-Eternal||Floettite|FlowerVeil|Moonblast,DazzlingGleam,CalmMind,Protect|Modest||F|||50|]Garchomp||LifeOrb|RoughSkin|RockSlide,StompingTantrum,DragonClaw,Protect|Jolly||F|||50|]Aerodactyl||FocusSash|Unnerve|RockSlide,DualWingbeat,Tailwind,Protect|Jolly||F|||50|]Sinistcha||KasibBerry|Hospitality|MatchaGotcha,TrickRoom,RagePowder,Protect|Relaxed|||||50|]Incineroar||SitrusBerry|Intimidate|FakeOut,FlareBlitz,ThroatChop,PartingShot|Adamant||M|||50|
|showteam|p2|Meowscarada||ChoiceScarf|Protean|FlowerTrick,SuckerPunch,BrickBreak,TripleAxel|Adamant||F|||50|]Gholdengo||WhiteHerb|GoodasGold|Protect,NastyPlot,ShadowBall,MakeItRain|Modest|||||50|]Whimsicott||FocusSash|Prankster|Tailwind,Encore,EnergyBall,Moonblast|Timid||M|||50|]Garchomp||LifeOrb|RoughSkin|Protect,RockTomb,DragonClaw,Earthquake|Adamant||M|||50|]Charizard||CharizarditeY|Blaze|Protect,HeatWave,SolarBeam,WeatherBall|Modest||F|||50|]Eelektross||Eelektrossite|Levitate|Protect,Thunderbolt,Flamethrower,VoltSwitch|Timid||F|||50|
|inactive|Battle timer is ON: inactive players will automatically lose when time's up. (requested by KadGuyMan)
|inactive|eklyst also wants the timer to be on.
|inactive|eklyst has 60 seconds left.
|inactive|KadGuyMan has 60 seconds left.
|
|t:|1783391752
|teamsize|p1|4
|teamsize|p2|4
|start
|switch|p1a: Incineroar|Incineroar, L50, M|100/100
|switch|p1b: Floette|Floette-Eternal, L50, F|100/100
|switch|p2a: Whimsicott|Whimsicott, L50, M, shiny|100/100
|switch|p2b: Charizard|Charizard, L50, F, shiny|100/100
|-ability|p1a: Incineroar|Intimidate|boost
|-unboost|p2a: Whimsicott|atk|1
|-unboost|p2b: Charizard|atk|1
|turn|1
|inactive|KadGuyMan has 30 seconds left.
|
|t:|1783391779
|switch|p1a: Garchomp|Garchomp, L50, F|100/100
|detailschange|p1b: Floette|Floette-Mega, L50, F
|-mega|p1b: Floette|Floette|Floettite
|-ability|p1b: Floette|Fairy Aura
|move|p2b: Charizard|Protect|p2b: Charizard
|-singleturn|p2b: Charizard|Protect
|move|p2a: Whimsicott|Tailwind|p2a: Whimsicott
|-sidestart|p2: KadGuyMan|move: Tailwind
|move|p1b: Floette|Calm Mind|p1b: Floette
|-boost|p1b: Floette|spa|1
|-boost|p1b: Floette|spd|1
|
|upkeep
|turn|2
|
|t:|1783391794
|switch|p1a: Incineroar|Incineroar, L50, M|100/100
|-ability|p1a: Incineroar|Intimidate|boost
|-unboost|p2a: Whimsicott|atk|1
|-unboost|p2b: Charizard|atk|1
|detailschange|p2b: Charizard|Charizard-Mega-Y, L50, F, shiny
|-mega|p2b: Charizard|Charizard|Charizardite Y
|-weather|SunnyDay|[from] ability: Drought|[of] p2b: Charizard
|move|p1b: Floette|Protect|p1b: Floette
|-singleturn|p1b: Floette|Protect
|move|p2a: Whimsicott|Moonblast|p1a: Incineroar
|-damage|p1a: Incineroar|60/100
|move|p2b: Charizard|Weather Ball|p1b: Floette
|-activate|p1b: Floette|move: Protect
|
|-weather|SunnyDay|[upkeep]
|upkeep
|turn|3
|
|t:|1783391813
|move|p1a: Incineroar|Fake Out|p2a: Whimsicott
|-damage|p2a: Whimsicott|79/100
|cant|p2a: Whimsicott|flinch
|move|p2b: Charizard|Weather Ball|p1b: Floette
|-damage|p1b: Floette|50/100g
|move|p1b: Floette|Dazzling Gleam|p2a: Whimsicott|[spread] p2a,p2b
|-resisted|p2b: Charizard|1
|-damage|p2a: Whimsicott|0 fnt
|-damage|p2b: Charizard|66/100
|faint|p2a: Whimsicott
|
|-weather|SunnyDay|[upkeep]
|upkeep
|
|t:|1783391826
|switch|p2a: Gholdengo|Gholdengo, L50|100/100
|turn|4
|
|t:|1783391837
|switch|p1b: Sinistcha|Sinistcha, L50|100/100
|-heal|p1a: Incineroar|85/100|[from] ability: Hospitality|[of] p1b: Sinistcha
|move|p2a: Gholdengo|Protect|p2a: Gholdengo
|-singleturn|p2a: Gholdengo|Protect
|move|p2b: Charizard|Weather Ball|p1a: Incineroar
|-resisted|p1a: Incineroar|1
|-damage|p1a: Incineroar|44/100
|-enditem|p1a: Incineroar|Sitrus Berry|[eat]
|-heal|p1a: Incineroar|68/100|[from] item: Sitrus Berry
|move|p1a: Incineroar|Flare Blitz|p2a: Gholdengo
|-activate|p2a: Gholdengo|move: Protect
|
|-weather|SunnyDay|[upkeep]
|-sideend|p2: KadGuyMan|move: Tailwind
|upkeep
|turn|5
|
|t:|1783391858
|switch|p2a: Garchomp|Garchomp, L50, M|100/100
|move|p1b: Sinistcha|Protect|p1b: Sinistcha
|-singleturn|p1b: Sinistcha|Protect
|move|p2b: Charizard|Weather Ball|p1b: Sinistcha
|-activate|p1b: Sinistcha|move: Protect
|move|p1a: Incineroar|Flare Blitz|p2a: Garchomp
|-resisted|p2a: Garchomp|1
|-damage|p2a: Garchomp|66/100
|-damage|p1a: Incineroar|56/100|[from] ability: Rough Skin|[of] p2a: Garchomp
|-damage|p1a: Incineroar|45/100|[from] Recoil
|
|-weather|SunnyDay|[upkeep]
|upkeep
|turn|6
|
|t:|1783391874
|move|p1b: Sinistcha|Rage Powder|p1b: Sinistcha
|-singleturn|p1b: Sinistcha|move: Rage Powder
|move|p2a: Garchomp|Earthquake|p1b: Sinistcha|[spread] p1a,p1b
|-immune|p2b: Charizard
|-supereffective|p1a: Incineroar|1
|-resisted|p1b: Sinistcha|1
|-damage|p1a: Incineroar|0 fnt
|-damage|p1b: Sinistcha|80/100
|faint|p1a: Incineroar
|-damage|p2a: Garchomp|57/100|[from] item: Life Orb
|move|p2b: Charizard|Heat Wave|p1b: Sinistcha
|-supereffective|p1b: Sinistcha|1
|-damage|p1b: Sinistcha|0 fnt
|faint|p1b: Sinistcha
|
|-weather|none
|upkeep
|
|t:|1783391881
|switch|p1a: Garchomp|Garchomp, L50, F|100/100
|switch|p1b: Floette|Floette-Mega, L50, F|50/100g
|-ability|p1b: Floette|Fairy Aura
|turn|7
|
|t:|1783391901
|move|p2b: Charizard|Protect|p2b: Charizard
|-singleturn|p2b: Charizard|Protect
|move|p1a: Garchomp|Rock Slide|p2b: Charizard|[spread] p2a
|-activate|p2b: Charizard|move: Protect
|-resisted|p2a: Garchomp|1
|-damage|p2a: Garchomp|48/100
|-damage|p1a: Garchomp|90/100|[from] item: Life Orb
|move|p2a: Garchomp|Rock Tomb|p1a: Garchomp
|-resisted|p1a: Garchomp|1
|-damage|p1a: Garchomp|77/100
|-unboost|p1a: Garchomp|spe|1
|-damage|p2a: Garchomp|38/100|[from] item: Life Orb
|move|p1b: Floette|Dazzling Gleam|p2a: Garchomp|[spread] p2a
|-activate|p2b: Charizard|move: Protect
|-supereffective|p2a: Garchomp|1
|-damage|p2a: Garchomp|0 fnt
|faint|p2a: Garchomp
|
|upkeep
|
|t:|1783391905
|switch|p2a: Gholdengo|Gholdengo, L50|100/100
|turn|8
|
|t:|1783391924
|move|p2a: Gholdengo|Protect|p2a: Gholdengo
|-singleturn|p2a: Gholdengo|Protect
|move|p2b: Charizard|Heat Wave|p1b: Floette|[spread] p1a,p1b
|-resisted|p1a: Garchomp|1
|-damage|p1a: Garchomp|53/100
|-damage|p1b: Floette|17/100
|move|p1b: Floette|Calm Mind|p1b: Floette
|-boost|p1b: Floette|spa|1
|-boost|p1b: Floette|spd|1
|move|p1a: Garchomp|Stomping Tantrum|p2a: Gholdengo
|-activate|p2a: Gholdengo|move: Protect
|
|upkeep
|turn|9
|
|t:|1783391939
|move|p1b: Floette|Protect|p1b: Floette
|-singleturn|p1b: Floette|Protect
|move|p2b: Charizard|Heat Wave|p1a: Garchomp|[spread] 
|-activate|p1b: Floette|move: Protect
|-miss|p2b: Charizard|p1a: Garchomp
|move|p2a: Gholdengo|Make It Rain|p1b: Floette|[spread] p1a
|-activate|p1b: Floette|move: Protect
|-damage|p1a: Garchomp|1/100
|-unboost|p2a: Gholdengo|spa|2
|-enditem|p2a: Gholdengo|White Herb
|-clearnegativeboost|p2a: Gholdengo|[silent]
|move|p1a: Garchomp|Stomping Tantrum|p2a: Gholdengo
|-supereffective|p2a: Gholdengo|1
|-damage|p2a: Gholdengo|0 fnt
|faint|p2a: Gholdengo
|-damage|p1a: Garchomp|0 fnt|[from] item: Life Orb
|faint|p1a: Garchomp
|
|upkeep
|turn|10
|
|t:|1783391957
|move|p2b: Charizard|Heat Wave|p1b: Floette
|-damage|p1b: Floette|0 fnt
|faint|p1b: Floette
|
|win|KadGuyMan
||KadGuyMan is ready for game 2.
|inactive|eklyst has 30 seconds to confirm battle start!
||eklyst is ready for game 2.
|uhtml|next|Next: Game 2 of 3
|l|☆KadGuyMan
|player|p2|
