|j|☆AquamarineVGC
|j|‽foursevensixone
|html|AquamarineVGCfoursevensixone    
|uhtml|bestof|Game 1 of a best-of-3
|t:|1784542409
|gametype|doubles
|player|p1|AquamarineVGC|unknown|1206
|player|p2|foursevensixone|265|1093
|gen|9
|tier|[Gen 9 Champions] VGC 2026 Reg M-B (Bo3)
|rated|
|rule|Species Clause: Limit one of each Pokémon
|rule|Item Clause: Limit 1 of each item
|clearpoke
|poke|p1|Pelipper, L50, M|
|poke|p1|Archaludon, L50, F|
|poke|p1|Staraptor, L50, M|
|poke|p1|Glimmora, L50, F|
|poke|p1|Clefable, L50, M|
|poke|p1|Grimmsnarl, L50, M|
|poke|p2|Pyroar, L50, M|
|poke|p2|Whimsicott, L50, M|
|poke|p2|Vileplume, L50, F|
|poke|p2|Charizard, L50, F|
|poke|p2|Kleavor, L50, F|
|poke|p2|Garchomp, L50, F|
|teampreview|4
|showteam|p1|Pelipper||QuickClaw|Drizzle|Hurricane,WeatherBall,Tailwind,WideGuard|Modest||M|||50|]Archaludon||Leftovers|Stamina|FlashCannon,DragonPulse,ElectroShot,Protect|Modest||F|||50|]Staraptor||Staraptite|Intimidate|BraveBird,CloseCombat,Roost,Protect|Adamant||M|||50|]Glimmora||Glimmoranite|ToxicDebris|PowerGem,SludgeBomb,AcidSpray,SpikyShield|Timid||F|||50|]Clefable||SitrusBerry|Unaware|Moonblast,FollowMe,LifeDew,Protect|Bold||M|||50|]Grimmsnarl||LightClay|Prankster|FoulPlay,Reflect,LightScreen,PartingShot|Calm||M|||50|
|showteam|p2|Pyroar||Pyroarite|Unnerve|HeatWave,Protect,HyperVoice,Flamethrower|Timid||M|||50|]Whimsicott||FocusSash|Prankster|Tailwind,Taunt,Moonblast,SunnyDay|Bold||M|||50|]Vileplume||SitrusBerry|Chlorophyll|SolarBeam,SleepPowder,WeatherBall,SludgeBomb|Timid||F|||50|]Charizard||CharizarditeY|SolarPower|HeatWave,Flamethrower,AirSlash,Hurricane|Modest||F|||50|]Kleavor||ExpertBelt|Sharpness|RockSlide,StoneAxe,Uturn,XScissor|Adamant||F|||50|]Garchomp||MentalHerb|RoughSkin|DragonClaw,StompingTantrum,Protect,DragonTail|Serious||F|||50|
|c|☆AquamarineVGC|GLHF
|inactive|Battle timer is ON: inactive players will automatically lose when time's up. (requested by AquamarineVGC)
|inactive|foursevensixone has 60 seconds left.
|inactive|foursevensixone has 30 seconds left.
|inactive|foursevensixone has 20 seconds left.
|inactive|foursevensixone has 15 seconds left.
|inactive|foursevensixone has 10 seconds left.
|inactive|foursevensixone has 5 seconds left.
|
|t:|1784542552
|teamsize|p1|4
|teamsize|p2|4
|start
|switch|p1a: Archaludon|Archaludon, L50, F|100/100
|switch|p1b: Grimmsnarl|Grimmsnarl, L50, M|100/100
|switch|p2a: Pyroar|Pyroar, L50, M|100/100
|switch|p2b: Whimsicott|Whimsicott, L50, M|100/100
|-ability|p2a: Pyroar|Unnerve
|turn|1
|inactive|foursevensixone has 30 seconds left.
|inactive|foursevensixone has 20 seconds left.
|inactive|foursevensixone has 15 seconds left.
|inactive|foursevensixone has 10 seconds left.
|inactive|foursevensixone has 5 seconds left.
|
|t:|1784542607
|move|p1a: Archaludon|Protect|p1a: Archaludon
|-singleturn|p1a: Archaludon|Protect
|move|p2b: Whimsicott|Tailwind|p2b: Whimsicott
|-sidestart|p2: foursevensixone|move: Tailwind
|move|p1b: Grimmsnarl|Light Screen|p1b: Grimmsnarl
|-sidestart|p1: AquamarineVGC|move: Light Screen
|move|p2a: Pyroar|Heat Wave|p1b: Grimmsnarl|[spread] p1b
|-activate|p1a: Archaludon|move: Protect
|-damage|p1b: Grimmsnarl|83/100
|
|upkeep
|turn|2
|inactive|foursevensixone has 30 seconds left.
|inactive|foursevensixone has 20 seconds left.
|inactive|foursevensixone has 15 seconds left.
|inactive|foursevensixone has 10 seconds left.
|inactive|foursevensixone has 5 seconds left.
|
|t:|1784542662
|move|p2b: Whimsicott|Tailwind||[still]
|-fail|p2b: Whimsicott
|move|p1b: Grimmsnarl|Parting Shot|p2b: Whimsicott
|-unboost|p2b: Whimsicott|atk|1
|-unboost|p2b: Whimsicott|spa|1
|
|t:|1784542667
|switch|p1b: Pelipper|Pelipper, L50, M|100/100|[from] Parting Shot
|-weather|RainDance|[from] ability: Drizzle|[of] p1b: Pelipper
|move|p2a: Pyroar|Heat Wave|p1b: Pelipper|[spread] p1a,p1b
|-resisted|p1b: Pelipper|1
|-damage|p1a: Archaludon|84/100
|-damage|p1b: Pelipper|92/100
|-ability|p1a: Archaludon|Stamina|boost
|-boost|p1a: Archaludon|def|1
|move|p1a: Archaludon|Electro Shot||[still]
|-prepare|p1a: Archaludon|Electro Shot
|-boost|p1a: Archaludon|spa|1
|-anim|p1a: Archaludon|Electro Shot|p2b: Whimsicott
|-resisted|p2b: Whimsicott|1
|-damage|p2b: Whimsicott|60/100
|
|-weather|RainDance|[upkeep]
|-heal|p1a: Archaludon|91/100|[from] item: Leftovers
|upkeep
|turn|3
|
|t:|1784542686
|switch|p1b: Grimmsnarl|Grimmsnarl, L50, M|83/100
|move|p2a: Pyroar|Protect|p2a: Pyroar
|-singleturn|p2a: Pyroar|Protect
|move|p1a: Archaludon|Protect|p1a: Archaludon
|-singleturn|p1a: Archaludon|Protect
|move|p2b: Whimsicott|Sunny Day|p2b: Whimsicott
|-weather|SunnyDay
|
|-weather|SunnyDay|[upkeep]
|-heal|p1a: Archaludon|97/100|[from] item: Leftovers
|upkeep
|turn|4
|inactive|AquamarineVGC has 30 seconds left.
|inactive|foursevensixone has 30 seconds left.
|
|t:|1784542714
|switch|p2a: Vileplume|Vileplume, L50, F|100/100
|move|p2b: Whimsicott|Taunt|p1a: Archaludon
|-start|p1a: Archaludon|move: Taunt
|move|p1b: Grimmsnarl|Parting Shot|p2a: Vileplume
|-unboost|p2a: Vileplume|atk|1
|-unboost|p2a: Vileplume|spa|1
|
|t:|1784542722
|switch|p1b: Pelipper|Pelipper, L50, M|92/100|[from] Parting Shot
|-weather|RainDance|[from] ability: Drizzle|[of] p1b: Pelipper
|move|p1a: Archaludon|Flash Cannon|p2b: Whimsicott
|-supereffective|p2b: Whimsicott|1
|-damage|p2b: Whimsicott|0 fnt
|faint|p2b: Whimsicott
|
|-weather|RainDance|[upkeep]
|-heal|p1a: Archaludon|100/100|[from] item: Leftovers
|-sideend|p2: foursevensixone|move: Tailwind
|upkeep
|
|t:|1784542729
|switch|p2b: Charizard|Charizard, L50, F|100/100
|turn|5
|inactive|AquamarineVGC has 30 seconds left.
|
|t:|1784542763
|switch|p1a: Glimmora|Glimmora, L50, F|100/100
|move|p2b: Charizard|Hurricane|p1b: Pelipper
|-damage|p1b: Pelipper|32/100
|-start|p1b: Pelipper|confusion
|move|p2a: Vileplume|Sleep Powder|p1a: Glimmora
|-status|p1a: Glimmora|slp|[from] move: Sleep Powder
|-activate|p1b: Pelipper|confusion
|move|p1b: Pelipper|Tailwind|p1b: Pelipper
|-sidestart|p1: AquamarineVGC|move: Tailwind
|
|-weather|RainDance|[upkeep]
|upkeep
|turn|6
|inactive|AquamarineVGC has 30 seconds left.
|inactive|foursevensixone has 30 seconds left.
|
|t:|1784542795
|detailschange|p1a: Glimmora|Glimmora-Mega, L50, F
|-mega|p1a: Glimmora|Glimmora|Glimmoranite
|cant|p1a: Glimmora|slp
|-activate|p1b: Pelipper|confusion
|move|p1b: Pelipper|Weather Ball|p2a: Vileplume
|-resisted|p2a: Vileplume|1
|-damage|p2a: Vileplume|58/100
|move|p2b: Charizard|Hurricane|p1b: Pelipper
|-damage|p1b: Pelipper|0 fnt
|faint|p1b: Pelipper
|move|p2a: Vileplume|Weather Ball|p1a: Glimmora
|-supereffective|p1a: Glimmora|1
|-damage|p1a: Glimmora|49/100 slp
|
|-weather|RainDance|[upkeep]
|upkeep
|
|t:|1784542815
|switch|p1b: Archaludon|Archaludon, L50, F|100/100
|turn|7
|
|t:|1784542827
|detailschange|p2b: Charizard|Charizard-Mega-Y, L50, F
|-mega|p2b: Charizard|Charizard|Charizardite Y
|-weather|SunnyDay|[from] ability: Drought|[of] p2b: Charizard
|-curestatus|p1a: Glimmora|slp|[msg]
|move|p1a: Glimmora|Power Gem|p2b: Charizard
|-supereffective|p2b: Charizard|2
|-damage|p2b: Charizard|0 fnt
|faint|p2b: Charizard
|move|p1b: Archaludon|Electro Shot||[still]
|-prepare|p1b: Archaludon|Electro Shot
|-boost|p1b: Archaludon|spa|1
|move|p2a: Vileplume|Sleep Powder|p1b: Archaludon|[miss]
|-miss|p2a: Vileplume|p1b: Archaludon
|
|-weather|SunnyDay|[upkeep]
|upkeep
|
|t:|1784542842
|switch|p2b: Pyroar|Pyroar, L50, M|100/100
|-ability|p2b: Pyroar|Unnerve
|turn|8
|
|t:|1784542857
|move|p1a: Glimmora|Acid Spray|p2a: Vileplume
|-damage|p2a: Vileplume|14/100
|-unboost|p2a: Vileplume|spd|2
|-enditem|p2a: Vileplume|Sitrus Berry|[eat]
|-heal|p2a: Vileplume|38/100|[from] item: Sitrus Berry
|move|p1b: Archaludon|Electro Shot|p2a: Vileplume|[from] lockedmove
|-resisted|p2a: Vileplume|1
|-damage|p2a: Vileplume|0 fnt
|faint|p2a: Vileplume
|move|p2b: Pyroar|Flamethrower|p1b: Archaludon
|-damage|p1b: Archaludon|44/100
|-ability|p1b: Archaludon|Stamina|boost
|-boost|p1b: Archaludon|def|1
|
|-weather|SunnyDay|[upkeep]
|-heal|p1b: Archaludon|50/100g|[from] item: Leftovers
|-sideend|p1: AquamarineVGC|move: Light Screen
|-sideend|p1: AquamarineVGC|move: Tailwind
|upkeep
|turn|9
|-message|foursevensixone forfeited.
|raw|AquamarineVGC's rating: 1206 → 1224(+18 for winning)
|raw|foursevensixone's rating: 1112 → 1094(-18 for losing)
|
|win|AquamarineVGC
|l|‽foursevensixone
|player|p2|
|c|☆AquamarineVGC|:P
