|j|☆VicSaus53
|j|☆Jackbouncy
|html|VicSaus53Jackbouncy    
|uhtml|bestof|Game 2 of a best-of-3
|t:|1757798218
|gametype|doubles
|player|p1|VicSaus53|silver|1198
|player|p2|Jackbouncy|ruinmaniac|1141
|gen|9
|tier|[Gen 9] VGC 2025 Reg H (Bo3)
|rated|
|rule|Species Clause: Limit one of each Pokémon
|rule|Item Clause: Limit 1 of each item
|clearpoke
|poke|p1|Klefki, L50, M|
|poke|p1|Tyranitar, L50, M|
|poke|p1|Ursaluna-Bloodmoon, L50, M|
|poke|p1|Basculegion, L50, M|
|poke|p1|Amoonguss, L50, M|
|poke|p1|Volcarona, L50, F|
|poke|p2|Maushold-Four, L50|
|poke|p2|Sinistcha-Masterpiece, L50|
|poke|p2|Annihilape, L50, M|
|poke|p2|Gholdengo, L50|
|poke|p2|Basculegion, L50, M|
|poke|p2|Incineroar, L50, M|
|teampreview|4
|showteam|p1|Klefki||LightClay|Prankster|DazzlingGleam,Reflect,LightScreen,MistyTerrain|||M|||50|,,,,,Water]Tyranitar||ClearAmulet|SandStream|KnockOff,LowKick,RockSlide,Protect|||M|||50|,,,,,Ghost]Ursaluna-Bloodmoon||AssaultVest|MindsEye|BloodMoon,EarthPower,HyperVoice,VacuumWave|||M|||50|,,,,,Water]Basculegion||ChoiceScarf|Adaptability|WaveCrash,LastRespects,TeraBlast,FlipTurn|||M|||50|,,,,,Fighting]Amoonguss||SitrusBerry|Regenerator|Spore,RagePowder,Protect,PollenPuff|||M|||50|,,,,,Fairy]Volcarona||CovertCloak|FlameBody|HeatWave,GigaDrain,QuiverDance,Protect|||F|||50|,,,,,Grass
|showteam|p2|Maushold-Four||FocusSash|FriendGuard|BeatUp,FollowMe,Taunt,Protect||||||50|,,,,,Ghost]Sinistcha-Masterpiece||SitrusBerry|Hospitality|MatchaGotcha,RagePowder,Protect,TrickRoom||||||50|,,,,,Dark]Annihilape||Leftovers|Defiant|RageFist,DrainPunch,Protect,BulkUp|||M|||50|,,,,,Steel]Gholdengo||IronPlate|GoodasGold|MakeItRain,NastyPlot,Protect,ShadowBall||||||50|,,,,,Water]Basculegion||ChoiceScarf|Adaptability|WaveCrash,LastRespects,FlipTurn,Crunch|||M|||50|,,,,,Water]Incineroar||AssaultVest|Intimidate|FakeOut,FlareBlitz,KnockOff,Uturn|||M|||50|,,,,,Ghost
|
|t:|1757798236
|teamsize|p1|4
|teamsize|p2|4
|start
|switch|p1a: Volcarona|Volcarona, L50, F|100/100
|switch|p1b: Amoonguss|Amoonguss, L50, M|100/100
|switch|p2a: Maushold|Maushold-Four, L50|100/100
|switch|p2b: Annihilape|Annihilape, L50, M|100/100
|turn|1
|
|t:|1757798294
|switch|p1b: Basculegion|Basculegion, L50, M|100/100
|move|p1a: Volcarona|Quiver Dance|p1a: Volcarona
|-boost|p1a: Volcarona|spa|1
|-boost|p1a: Volcarona|spd|1
|-boost|p1a: Volcarona|spe|1
|move|p2a: Maushold|Beat Up|p2b: Annihilape
|-damage|p2b: Annihilape|98/100
|-damage|p2b: Annihilape|96/100
|-damage|p2b: Annihilape|95/100
|-damage|p2b: Annihilape|93/100
|-hitcount|p2b: Annihilape|4
|move|p2b: Annihilape|Rage Fist|p1a: Volcarona
|-damage|p1a: Volcarona|0 fnt
|-status|p2b: Annihilape|brn|[from] ability: Flame Body|[of] p1a: Volcarona
|faint|p1a: Volcarona
|
|-heal|p2b: Annihilape|99/100 brn|[from] item: Leftovers
|-damage|p2b: Annihilape|93/100 brn|[from] brn
|upkeep
|
|t:|1757798316
|switch|p1a: Ursaluna|Ursaluna-Bloodmoon, L50, M|100/100
|turn|2
|
|t:|1757798334
|move|p2a: Maushold|Follow Me|p2a: Maushold
|-singleturn|p2a: Maushold|move: Follow Me
|move|p1b: Basculegion|Flip Turn|p2a: Maushold
|-damage|p2a: Maushold|57/100
|
|t:|1757798339
|switch|p1b: Amoonguss|Amoonguss, L50, M|100/100|[from] Flip Turn
|move|p2b: Annihilape|Rage Fist|p1b: Amoonguss
|-damage|p1b: Amoonguss|52/100
|move|p1a: Ursaluna|Hyper Voice|p2a: Maushold|[spread] p2a,p2b
|-damage|p2a: Maushold|14/100
|-damage|p2b: Annihilape|66/100 brn
|
|-heal|p2b: Annihilape|72/100 brn|[from] item: Leftovers
|-damage|p2b: Annihilape|66/100 brn|[from] brn
|upkeep
|turn|3
|
|t:|1757798359
|move|p1b: Amoonguss|Protect|p1b: Amoonguss
|-singleturn|p1b: Amoonguss|Protect
|move|p1a: Ursaluna|Vacuum Wave|p2a: Maushold
|-supereffective|p2a: Maushold
|-damage|p2a: Maushold|0 fnt
|faint|p2a: Maushold
|move|p2b: Annihilape|Drain Punch|p1a: Ursaluna
|-supereffective|p1a: Ursaluna
|-damage|p1a: Ursaluna|73/100
|-heal|p2b: Annihilape|80/100 brn|[from] drain|[of] p1a: Ursaluna
|
|-heal|p2b: Annihilape|86/100 brn|[from] item: Leftovers
|-damage|p2b: Annihilape|80/100 brn|[from] brn
|upkeep
|
|t:|1757798373
|switch|p2a: Sinistcha|Sinistcha-Masterpiece, L50|100/100
|-heal|p2b: Annihilape|100/100 brn|[from] ability: Hospitality|[of] p2a: Sinistcha
|turn|4
|
|t:|1757798399
|move|p1b: Amoonguss|Rage Powder|p1b: Amoonguss
|-singleturn|p1b: Amoonguss|move: Rage Powder
|move|p2b: Annihilape|Rage Fist|p1b: Amoonguss
|-damage|p1b: Amoonguss|0 fnt
|faint|p1b: Amoonguss
|move|p2a: Sinistcha|Matcha Gotcha|p1a: Ursaluna
|-supereffective|p1a: Ursaluna
|-damage|p1a: Ursaluna|21/100
|move|p1a: Ursaluna|Blood Moon|p2a: Sinistcha
|-damage|p2a: Sinistcha|17/100
|-enditem|p2a: Sinistcha|Sitrus Berry|[eat]
|-heal|p2a: Sinistcha|42/100|[from] item: Sitrus Berry
|
|-damage|p2b: Annihilape|94/100 brn|[from] brn
|upkeep
|
|t:|1757798414
|switch|p1b: Basculegion|Basculegion, L50, M|100/100
|turn|5
|
|t:|1757798431
|-terastallize|p1b: Basculegion|Fighting
|move|p2a: Sinistcha|Rage Powder|p2a: Sinistcha
|-singleturn|p2a: Sinistcha|move: Rage Powder
|move|p1b: Basculegion|Last Respects|p2a: Sinistcha
|-supereffective|p2a: Sinistcha
|-damage|p2a: Sinistcha|0 fnt
|faint|p2a: Sinistcha
|move|p2b: Annihilape|Rage Fist|p1b: Basculegion
|-damage|p1b: Basculegion|16/100
|move|p1a: Ursaluna|Earth Power|p2b: Annihilape
|-damage|p2b: Annihilape|45/100 brn
|
|-heal|p2b: Annihilape|52/100 brn|[from] item: Leftovers
|-damage|p2b: Annihilape|45/100 brn|[from] brn
|upkeep
|
|t:|1757798446
|switch|p2a: Basculegion|Basculegion, L50, M|100/100
|turn|6
|
|t:|1757798482
|-terastallize|p2a: Basculegion|Water
|move|p1b: Basculegion|Last Respects|p2a: Basculegion
|-damage|p2a: Basculegion|0 fnt
|faint|p2a: Basculegion
|move|p2b: Annihilape|Drain Punch|p1a: Ursaluna
|-supereffective|p1a: Ursaluna
|-damage|p1a: Ursaluna|0 fnt
|-heal|p2b: Annihilape|57/100 brn|[from] drain|[of] p1a: Ursaluna
|faint|p1a: Ursaluna
|
|-heal|p2b: Annihilape|63/100 brn|[from] item: Leftovers
|-damage|p2b: Annihilape|57/100 brn|[from] brn
|upkeep
|turn|7
|
|t:|1757798496
|move|p2b: Annihilape|Protect|p2b: Annihilape
|-singleturn|p2b: Annihilape|Protect
|move|p1b: Basculegion|Last Respects|p2b: Annihilape
|-activate|p2b: Annihilape|move: Protect
|
|-heal|p2b: Annihilape|63/100 brn|[from] item: Leftovers
|-damage|p2b: Annihilape|57/100 brn|[from] brn
|upkeep
|turn|8
|
|t:|1757798504
|move|p1b: Basculegion|Last Respects|p2b: Annihilape
|-supereffective|p2b: Annihilape
|-damage|p2b: Annihilape|0 fnt
|faint|p2b: Annihilape
|
|win|VicSaus53
||VicSaus53 is ready for game 3.
||Jackbouncy is ready for game 3.
|uhtml|next|Next: Game 3 of 3
|l|☆Jackbouncy
|player|p2|
