|j|☆RedSubhuman
|j|☆Frakub
|html|RedSubhumanFrakub    
|uhtml|bestof|Game 3 of a best-of-3
|t:|1755261317
|gametype|doubles
|player|p1|RedSubhuman|gambler|1344
|player|p2|Frakub|acetrainer-gen4dp|1286
|gen|9
|tier|[Gen 9] VGC 2025 Reg H (Bo3)
|rated|
|rule|Species Clause: Limit one of each Pokémon
|rule|Item Clause: Limit 1 of each item
|clearpoke
|poke|p1|Charizard, L50, M|
|poke|p1|Dragapult, L50, M|
|poke|p1|Sneasler, L50, F|
|poke|p1|Indeedee, L50, M|
|poke|p1|Ursaluna-Bloodmoon, L50, M|
|poke|p1|Whimsicott, L50, F|
|poke|p2|Kingambit, L50, M|
|poke|p2|Rillaboom, L50, F|
|poke|p2|Ninetales-Alola, L50, M|
|poke|p2|Dragonite, L50, M|
|poke|p2|Magmar, L50, M|
|poke|p2|Sneasler, L50, M|
|teampreview|4
|showteam|p1|Charizard||ChoiceSpecs|SolarPower|HeatWave,Overheat,WeatherBall,SolarBeam|||M|||50|,,,,,Ghost]Dragapult||ChoiceBand|ClearBody|DragonDarts,Outrage,PhantomForce,Uturn|||M|||50|,,,,,Dragon]Sneasler||PsychicSeed|Unburden|DireClaw,CloseCombat,ThroatChop,Protect|||F|||50|,,,,,Dark]Indeedee||FocusSash|PsychicSurge|ExpandingForce,TeraBlast,TrickRoom,Imprison|||M|||50|,,,,,Psychic]Ursaluna-Bloodmoon||LifeOrb|MindsEye|BloodMoon,HyperVoice,EarthPower,Protect|||M|||50|,,,,,Normal]Whimsicott||CovertCloak|Prankster|Moonblast,Tailwind,Encore,SunnyDay|||F|||50|,,,,,Poison
|showteam|p2|Kingambit||BlackGlasses|Defiant|KowtowCleave,SuckerPunch,SwordsDance,Protect|||M|||50|,,,,,Dark]Rillaboom||AssaultVest|GrassySurge|WoodHammer,GrassyGlide,HighHorsepower,FakeOut|||F|||50|,,,,,Fire]Ninetales-Alola||LightClay|SnowWarning|Blizzard,FreezeDry,Protect,AuroraVeil|||M|||50|,,,,,Ghost]Dragonite||LoadedDice|Multiscale|ScaleShot,ExtremeSpeed,Haze,Protect|||M|||50|,,,,,Steel]Magmar||Eviolite|VitalSpirit|Taunt,Overheat,FollowMe,Protect|||M|||50|,,,,,Ghost]Sneasler||FocusSash|PoisonTouch|FakeOut,DireClaw,CloseCombat,Protect|||M|||50|,,,,,Ghost
|inactive|Battle timer is ON: inactive players will automatically lose when time's up. (requested by Frakub)
|
|t:|1755261342
|teamsize|p1|4
|teamsize|p2|4
|start
|switch|p1a: D'oro|Sneasler, L50, F|100/100
|switch|p1b: Rudra|Dragapult, L50, M|100/100
|switch|p2a: Kingambit|Kingambit, L50, M|100/100
|switch|p2b: Sneasler|Sneasler, L50, M|100/100
|turn|1
|
|t:|1755261356
|-terastallize|p1b: Rudra|Dragon
|-terastallize|p2a: Kingambit|Dark
|move|p2b: Sneasler|Fake Out|p1a: D'oro
|-damage|p1a: D'oro|74/100
|move|p1b: Rudra|Dragon Darts|p2b: Sneasler
|-damage|p2b: Sneasler|5/100
|-anim|p1b: Rudra|Dragon Darts|p2a: Kingambit
|-damage|p2a: Kingambit|60/100
|cant|p1a: D'oro|flinch
|move|p2a: Kingambit|Kowtow Cleave|p1b: Rudra
|-damage|p1b: Rudra|0 fnt
|faint|p1b: Rudra
|
|upkeep
|
|t:|1755261364
|switch|p1b: Xavier|Indeedee, L50, M|100/100
|-fieldstart|move: Psychic Terrain|[from] ability: Psychic Surge|[of] p1b: Xavier
|-enditem|p1a: D'oro|Psychic Seed
|-boost|p1a: D'oro|spd|1|[from] item: Psychic Seed
|turn|2
|
|t:|1755261375
|switch|p2b: Rillaboom|Rillaboom, L50, F|100/100
|-fieldstart|move: Grassy Terrain|[from] ability: Grassy Surge|[of] p2b: Rillaboom
|switch|p1b: Shāhmat|Ursaluna-Bloodmoon, L50, M|100/100
|move|p2a: Kingambit|Protect|p2a: Kingambit
|-singleturn|p2a: Kingambit|Protect
|move|p1a: D'oro|Dire Claw|p2b: Rillaboom
|-supereffective|p2b: Rillaboom
|-damage|p2b: Rillaboom|16/100
|
|-heal|p1a: D'oro|80/100|[from] Grassy Terrain
|-heal|p2b: Rillaboom|22/100|[from] Grassy Terrain
|-heal|p2a: Kingambit|66/100|[from] Grassy Terrain
|upkeep
|turn|3
|inactive|RedSubhuman has 30 seconds left.
|inactive|RedSubhuman has 20 seconds left.
|inactive|RedSubhuman has 15 seconds left.
|
|t:|1755261416
|move|p1a: D'oro|Dire Claw|p2a: Kingambit
|-damage|p2a: Kingambit|31/100
|-status|p2a: Kingambit|psn
|move|p1b: Shāhmat|Hyper Voice|p2a: Kingambit|[spread] p2a,p2b
|-damage|p2a: Kingambit|0 fnt
|-damage|p2b: Rillaboom|0 fnt
|faint|p2a: Kingambit
|faint|p2b: Rillaboom
|-damage|p1b: Shāhmat|91/100|[from] item: Life Orb
|
|-heal|p1a: D'oro|86/100|[from] Grassy Terrain
|-heal|p1b: Shāhmat|97/100|[from] Grassy Terrain
|upkeep
|
|t:|1755261421
|switch|p2b: Sneasler|Sneasler, L50, M|5/100
|switch|p2a: Magmar|Magmar, L50, M|100/100
|turn|4
|
|t:|1755261433
|move|p1a: D'oro|Protect|p1a: D'oro
|-singleturn|p1a: D'oro|Protect
|move|p2b: Sneasler|Close Combat|p1b: Shāhmat
|-supereffective|p1b: Shāhmat
|-damage|p1b: Shāhmat|0 fnt
|-unboost|p2b: Sneasler|def|1
|-unboost|p2b: Sneasler|spd|1
|faint|p1b: Shāhmat
|move|p2a: Magmar|Overheat|p1a: D'oro
|-activate|p1a: D'oro|move: Protect
|
|-heal|p1a: D'oro|91/100|[from] Grassy Terrain
|-heal|p2b: Sneasler|11/100|[from] Grassy Terrain
|upkeep
|
|t:|1755261434
|switch|p1b: Xavier|Indeedee, L50, M|100/100
|-fieldstart|move: Psychic Terrain|[from] ability: Psychic Surge|[of] p1b: Xavier
|turn|5
|
|t:|1755261451
|move|p1a: D'oro|Close Combat|p2a: Magmar
|-damage|p2a: Magmar|44/100
|-unboost|p1a: D'oro|def|1
|-unboost|p1a: D'oro|spd|1
|move|p2b: Sneasler|Close Combat|p1b: Xavier
|-enditem|p1b: Xavier|Focus Sash
|-damage|p1b: Xavier|1/100
|-unboost|p2b: Sneasler|def|1
|-unboost|p2b: Sneasler|spd|1
|-status|p1b: Xavier|psn|[from] ability: Poison Touch|[of] p2b: Sneasler
|move|p1b: Xavier|Expanding Force|p2b: Sneasler|[spread] p2a,p2b
|-supereffective|p2b: Sneasler
|-damage|p2a: Magmar|0 fnt
|-damage|p2b: Sneasler|0 fnt
|faint|p2a: Magmar
|faint|p2b: Sneasler
|
|win|RedSubhuman
|raw|RedSubhuman's rating: 1344 → 1361(+17 for winning)
|raw|Frakub's rating: 1286 → 1265(-21 for losing)
|c|☆Frakub|gg
|c|☆RedSubhuman|gg
|l|☆RedSubhuman
|player|p1|
