|j|☆MollePeer
|j|☆peer+mol
|html|MollePeerpeer+mol    
|uhtml|bestof|Game 1 of a best-of-3
|t:|1784310597
|gametype|doubles
|player|p1|MollePeer|1|
|player|p2|peer+mol|102|
|gen|9
|tier|[Gen 9 Champions] VGC 2026 Reg M-B (Bo3)
|rule|Species Clause: Limit one of each Pokémon
|rule|Item Clause: Limit 1 of each item
|clearpoke
|poke|p1|Archaludon, L50, F|
|poke|p1|Pelipper, L50, M|
|poke|p1|Grimmsnarl, L50, M|
|poke|p1|Metagross, L50|
|poke|p1|Sinistcha, L50|
|poke|p1|Swampert, L50, M|
|poke|p2|Lucario, L50, F|
|poke|p2|Talonflame, L50, M|
|poke|p2|Dragonite, L50, F|
|poke|p2|Rotom-Wash, L50|
|poke|p2|Meowscarada, L50, F|
|poke|p2|Toxapex, L50, F|
|teampreview|4
|showteam|p1|Archaludon||Leftovers|Stamina|FlashCannon,DragonPulse,ElectroShot,Protect|Modest||F|||50|]Pelipper||SitrusBerry|Drizzle|WeatherBall,Hurricane,Tailwind,WideGuard|Modest||M|||50|]Grimmsnarl||LightClay|Prankster|FoulPlay,PartingShot,Reflect,LightScreen|Calm||M|||50|]Metagross||Metagrossite|ClearBody|MeteorMash,PsychicFangs,BodyPress,Protect|Jolly|||||50|]Sinistcha||CobaBerry|Hospitality|MatchaGotcha,RagePowder,TrickRoom,Protect|Relaxed|||||50|]Swampert||Swampertite|Damp|WaveCrash,Earthquake,IcePunch,Protect|Adamant||M|||50|
|showteam|p2|Lucario||Lucarionite|InnerFocus|AuraSphere,FlashCannon,Protect,VacuumWave|Modest||F|||50|]Talonflame|||GaleWings|Acrobatics,Tailwind,WillOWisp,FlareBlitz|Jolly||M|||50|]Dragonite||DragonFang|Multiscale|DragonClaw,Protect,RockTomb,ExtremeSpeed|Adamant||F|||50|]Rotom-Wash||SitrusBerry|Levitate|HydroPump,Thunderbolt,VoltSwitch,Protect|Modest|||||50|]Meowscarada||FocusSash|Overgrow|KnockOff,FlowerTrick,Protect,SuckerPunch|Jolly||F|||50|]Toxapex||Leftovers|Regenerator|Toxic,Infestation,BanefulBunker,Recover|Serious||F|||50|
|c|☆peer+mol|Glhf hahahhaha
|c|☆MollePeer|Glhf
|l|☆peer+mol
|player|p2|
|j| Fenerbasje
|j|☆peer+mol
|player|p2|peer+mol|102|
|j| Sambalman
|c|☆peer+mol|Heb ff link gepost
|c| Fenerbasje|woooooow peremol dat is echt een cool team
|j| 5stack
|n| yasminablubberbil|5stack
|c| Sambalman|YOOOOOO PEREMOL MET T LEGENDARISCHE TEAM
|c| yasminablubberbil|lucaribroooooooo
|c| yasminablubberbil|wat een suf team
|c| yasminablubberbil|succes jongens
|c|☆peer+mol|Ja echt vet dat ik dit helemaal zelf bedacht heb zonder enige externe input
|j| LivioVGC
|c| yasminablubberbil|heel erg vet
|l| Sambalman
|l| liviovgc
|
|t:|1784310720
|teamsize|p1|4
|teamsize|p2|4
|start
|switch|p1a: Grimmsnarl|Grimmsnarl, L50, M|100/100
|switch|p1b: Archaludon|Archaludon, L50, F|100/100
|switch|p2a: Lucaribro?|Lucario, L50, F|100/100
|switch|p2b: Kettingroker|Meowscarada, L50, F|100/100
|turn|1
|j| Sambalman
|
|t:|1784310735
|detailschange|p2a: Lucaribro?|Lucario-Mega, L50, F
|-mega|p2a: Lucaribro?|Lucario|Lucarionite
|move|p1b: Archaludon|Protect|p1b: Archaludon
|-singleturn|p1b: Archaludon|Protect
|move|p1a: Grimmsnarl|Light Screen|p1a: Grimmsnarl
|-sidestart|p1: MollePeer|move: Light Screen
|move|p2b: Kettingroker|Flower Trick|p1b: Archaludon
|-activate|p1b: Archaludon|move: Protect
|move|p2a: Lucaribro?|Aura Sphere|p1b: Archaludon
|-activate|p1b: Archaludon|move: Protect
|
|upkeep
|turn|2
|
|t:|1784310756
|move|p1a: Grimmsnarl|Parting Shot|p2a: Lucaribro?
|-unboost|p2a: Lucaribro?|atk|1
|-unboost|p2a: Lucaribro?|spa|1
|c| yasminablubberbil|Shoutout kettingroker
|
|t:|1784310761
|switch|p1a: Metagross|Metagross, L50|100/100|[from] Parting Shot
|move|p2b: Kettingroker|Knock Off|p1b: Archaludon
|-damage|p1b: Archaludon|63/100
|-ability|p1b: Archaludon|Stamina|boost
|-boost|p1b: Archaludon|def|1
|-enditem|p1b: Archaludon|Leftovers|[from] move: Knock Off|[of] p2b: Kettingroker
|move|p2a: Lucaribro?|Aura Sphere|p1b: Archaludon
|-supereffective|p1b: Archaludon|1
|-damage|p1b: Archaludon|6/100
|-ability|p1b: Archaludon|Stamina|boost
|-boost|p1b: Archaludon|def|1
|move|p1b: Archaludon|Flash Cannon|p2b: Kettingroker
|-damage|p2b: Kettingroker|46/100
|
|upkeep
|turn|3
|c| yasminablubberbil|Lame dat boris geen nicknames heeft
|j| Dijkbewakerstudent
|c| Dijkbewakerstudent|De dijken staan klaar
|
|t:|1784310795
|detailschange|p1a: Metagross|Metagross-Mega, L50
|-mega|p1a: Metagross|Metagross|Metagrossite
|move|p2b: Kettingroker|Knock Off|p1a: Metagross
|-supereffective|p1a: Metagross|1
|-crit|p1a: Metagross
|-damage|p1a: Metagross|27/100
|move|p1a: Metagross|Meteor Mash|p2b: Kettingroker
|-damage|p2b: Kettingroker|0 fnt
|faint|p2b: Kettingroker
|move|p2a: Lucaribro?|Flash Cannon|p1b: Archaludon
|-resisted|p1b: Archaludon|1
|-damage|p1b: Archaludon|0 fnt
|faint|p1b: Archaludon
|
|upkeep
|c| Dijkbewakerstudent|Dit is meta
|
|t:|1784310811
|switch|p2b: Dragonite|Dragonite, L50, F|100/100
|switch|p1b: Pelipper|Pelipper, L50, M|100/100
|-weather|RainDance|[from] ability: Drizzle|[of] p1b: Pelipper
|turn|4
|c| Dijkbewakerstudent|niet iets voor Mol
|c| yasminablubberbil|welke mol
|c| yasminablubberbil|wie is de mol
|
|t:|1784310834
|switch|p2a: Gemairo(daggoe)|Toxapex, L50, F|100/100
|move|p1a: Metagross|Protect|p1a: Metagross
|-singleturn|p1a: Metagross|Protect
|move|p2b: Dragonite|Dragon Claw|p1b: Pelipper
|-damage|p1b: Pelipper|42/100
|-enditem|p1b: Pelipper|Sitrus Berry|[eat]
|-heal|p1b: Pelipper|66/100|[from] item: Sitrus Berry
|move|p1b: Pelipper|Hurricane|p2a: Gemairo(daggoe)
|-damage|p2a: Gemairo(daggoe)|64/100
|-start|p2a: Gemairo(daggoe)|confusion
|
|-weather|RainDance|[upkeep]
|-heal|p2a: Gemairo(daggoe)|70/100|[from] item: Leftovers
|upkeep
|turn|5
|c| Dijkbewakerstudent|Sinterklaas is niet jarig zet hem dan ook niet op de WC oh wat zou het stinken de deur open
|
|t:|1784310863
|move|p1a: Metagross|Psychic Fangs|p2a: Gemairo(daggoe)
|-supereffective|p2a: Gemairo(daggoe)|1
|-damage|p2a: Gemairo(daggoe)|0 fnt
|faint|p2a: Gemairo(daggoe)
|move|p2b: Dragonite|Dragon Claw|p1b: Pelipper
|-damage|p1b: Pelipper|4/100
|move|p1b: Pelipper|Hurricane|p2b: Dragonite
|-damage|p2b: Dragonite|78/100
|-start|p2b: Dragonite|confusion
|
|-weather|RainDance|[upkeep]
|upkeep
|c|☆peer+mol|Kling mollie klingelingeling
|
|t:|1784310874
|switch|p2a: Lucaribro?|Lucario-Mega, L50, F|100/100
|turn|6
|
|t:|1784310893
|move|p2a: Lucaribro?|Protect|p2a: Lucaribro?
|-singleturn|p2a: Lucaribro?|Protect
|-activate|p2b: Dragonite|confusion
|move|p2b: Dragonite|Extreme Speed|p1b: Pelipper
|-crit|p1b: Pelipper
|-damage|p1b: Pelipper|0 fnt
|faint|p1b: Pelipper
|move|p1a: Metagross|Body Press|p2a: Lucaribro?
|-activate|p2a: Lucaribro?|move: Protect
|
|-weather|RainDance|[upkeep]
|upkeep
|c| Dijkbewakerstudent|Boerenkool 🥬
|c| Dijkbewakerstudent|aan tafel
|
|t:|1784310896
|switch|p1b: Grimmsnarl|Grimmsnarl, L50, M|100/100
|turn|7
|c| yasminablubberbil|met honig
|
|t:|1784310923
|move|p1a: Metagross|Psychic Fangs|p2a: Lucaribro?
|-damage|p2a: Lucaribro?|19/100
|move|p2a: Lucaribro?|Flash Cannon|p1b: Grimmsnarl
|-supereffective|p1b: Grimmsnarl|1
|-damage|p1b: Grimmsnarl|25/100
|-activate|p2b: Dragonite|confusion
|move|p2b: Dragonite|Rock Tomb|p1a: Metagross
|-resisted|p1a: Metagross|1
|-damage|p1a: Metagross|18/100
|-unboost|p1a: Metagross|spe|1
|move|p1b: Grimmsnarl|Foul Play|p2a: Lucaribro?
|-resisted|p2a: Lucaribro?|1
|-damage|p2a: Lucaribro?|0 fnt
|faint|p2a: Lucaribro?
|
|-weather|RainDance|[upkeep]
|upkeep
|turn|8
|
|t:|1784310939
|move|p1a: Metagross|Psychic Fangs|p2b: Dragonite
|-damage|p2b: Dragonite|20/100r
|-activate|p2b: Dragonite|confusion
|move|p2b: Dragonite|Dragon Claw|p1a: Metagross
|-resisted|p1a: Metagross|1
|-damage|p1a: Metagross|0 fnt
|faint|p1a: Metagross
|move|p1b: Grimmsnarl|Foul Play|p2b: Dragonite
|-damage|p2b: Dragonite|0 fnt
|faint|p2b: Dragonite
|
|win|MollePeer
||peer+mol is ready for game 2.
||MollePeer is ready for game 2.
|uhtml|next|Next: Game 2 of 3
|c| Dijkbewakerstudent|Oma Dnite
|l| Dijkbewakerstudent
|l| Sambalman
|l| yasminablubberbil
|l|☆peer+mol
|player|p2|
|l| Fenerbasje
|l|☆MollePeer
|player|p1|
