|j|☆epicfailtesting
|j|☆kojay
|html|epicfailtestingkojay    
|uhtml|bestof|Game 2 of a best-of-3
|t:|1756836133
|gametype|doubles
|player|p1|epicfailtesting|265|1212
|player|p2|kojay|kamado-armor|1226
|gen|9
|tier|[Gen 9] VGC 2025 Reg H (Bo3)
|rated|
|rule|Species Clause: Limit one of each Pokémon
|rule|Item Clause: Limit 1 of each item
|clearpoke
|poke|p1|Annihilape, L50, F|
|poke|p1|Sinistcha, L50|
|poke|p1|Maushold-Four, L50|
|poke|p1|Klefki, L50, F|
|poke|p1|Ursaluna-Bloodmoon, L50, M|
|poke|p1|Ninetales-Alola, L50, F|
|poke|p2|Garchomp, L50, F|
|poke|p2|Sneasler, L50, F|
|poke|p2|Incineroar, L50, M|
|poke|p2|Dragonite, L50, M|
|poke|p2|Gholdengo, L50|
|poke|p2|Talonflame, L50, F|
|teampreview|4
|showteam|p1|Annihilape||Leftovers|Defiant|Protect,BulkUp,DrainPunch,RageFist|||F|||50|,,,,,Fire]Sinistcha||SitrusBerry|Hospitality|MatchaGotcha,TrickRoom,LifeDew,RagePowder||||||50|,,,,,Water]Maushold-Four||SafetyGoggles|FriendGuard|FollowMe,Taunt,BeatUp,Protect||||||50|,,,,,Ghost]Klefki||LightClay|Prankster|Reflect,LightScreen,MistyTerrain,DazzlingGleam|||F|||50|,,,,,Ghost]Ursaluna-Bloodmoon||AssaultVest|MindsEye|BloodMoon,HyperVoice,EarthPower,VacuumWave|||M|||50|,,,,,Water]Ninetales-Alola||FocusSash|SnowWarning|Protect,Encore,FreezeDry,Blizzard|||F|||50|,,,,,Ghost
|showteam|p2|Garchomp||LifeOrb|RoughSkin|Earthquake,DragonClaw,StompingTantrum,Protect|||F|||50|,,,,,Ground]Sneasler||WhiteHerb|Unburden|Coaching,Protect,DireClaw,CloseCombat|||F|||50|,,,,,Ghost]Incineroar||SafetyGoggles|Intimidate|FakeOut,FlareBlitz,KnockOff,PartingShot|||M|||50|,,,,,Ghost]Dragonite||LoadedDice|InnerFocus|TeraBlast,ScaleShot,Tailwind,Protect|||M|||50|,,,,,Flying]Gholdengo||ChoiceScarf|GoodasGold|MakeItRain,ShadowBall,Trick,Thunderbolt||||||50|,,,,,Steel]Talonflame||CovertCloak|GaleWings|Tailwind,BraveBird,Taunt,Feint|||F|||50|,,,,,Flying
|inactive|Battle timer is ON: inactive players will automatically lose when time's up. (requested by kojay)
|inactive|epicfailtesting also wants the timer to be on.
|
|t:|1756836166
|teamsize|p1|4
|teamsize|p2|4
|start
|switch|p1a: Maushold|Maushold-Four, L50|100/100
|switch|p1b: Annihilape|Annihilape, L50, F, shiny|100/100
|switch|p2a: Gholdengo|Gholdengo, L50|100/100
|switch|p2b: Kaladin|Garchomp, L50, F, shiny|100/100
|turn|1
|inactive|kojay has 30 seconds left.
|inactive|kojay has 20 seconds left.
|inactive|kojay has 15 seconds left.
|inactive|kojay has 10 seconds left.
|
|t:|1756836215
|-terastallize|p2b: Kaladin|Ground
|move|p1a: Maushold|Follow Me|p1a: Maushold
|-singleturn|p1a: Maushold|move: Follow Me
|move|p2a: Gholdengo|Make It Rain|p1a: Maushold|[spread] p1a,p1b
|-damage|p1a: Maushold|25/100
|-damage|p1b: Annihilape|64/100
|-unboost|p2a: Gholdengo|spa|1
|move|p2b: Kaladin|Stomping Tantrum|p1a: Maushold
|-damage|p1a: Maushold|0 fnt
|faint|p1a: Maushold
|-damage|p2b: Kaladin|91/100|[from] item: Life Orb
|move|p1b: Annihilape|Bulk Up|p1b: Annihilape
|-boost|p1b: Annihilape|atk|1
|-boost|p1b: Annihilape|def|1
|
|-heal|p1b: Annihilape|71/100|[from] item: Leftovers
|upkeep
|inactive|epicfailtesting has 30 seconds left.
|inactive|epicfailtesting has 20 seconds left.
|inactive|epicfailtesting has 15 seconds left.
|
|t:|1756836258
|switch|p1a: Klefki|Klefki, L50, F|100/100
|turn|2
|
|t:|1756836275
|move|p1b: Annihilape|Protect|p1b: Annihilape
|-singleturn|p1b: Annihilape|Protect
|move|p1a: Klefki|Reflect|p1a: Klefki
|-sidestart|p1: epicfailtesting|Reflect
|move|p2a: Gholdengo|Make It Rain|p1b: Annihilape|[spread] p1a
|-activate|p1b: Annihilape|move: Protect
|-damage|p1a: Klefki|67/100
|-unboost|p2a: Gholdengo|spa|1
|move|p2b: Kaladin|Earthquake|p1a: Klefki|[spread] p2a,p1a
|-activate|p1b: Annihilape|move: Protect
|-supereffective|p2a: Gholdengo
|-supereffective|p1a: Klefki
|-damage|p2a: Gholdengo|0 fnt
|-damage|p1a: Klefki|0 fnt
|faint|p2a: Gholdengo
|faint|p1a: Klefki
|-damage|p2b: Kaladin|81/100|[from] item: Life Orb
|
|-heal|p1b: Annihilape|77/100|[from] item: Leftovers
|upkeep
|
|t:|1756836292
|switch|p2a: Talonflame|Talonflame, L50, F, shiny|100/100
|switch|p1a: Sinistcha|Sinistcha, L50|100/100
|-heal|p1b: Annihilape|100/100|[from] ability: Hospitality|[of] p1a: Sinistcha
|turn|3
|inactive|kojay has 30 seconds left.
|
|t:|1756836320
|-terastallize|p1a: Sinistcha|Water
|move|p2a: Talonflame|Taunt|p1a: Sinistcha
|-start|p1a: Sinistcha|move: Taunt
|move|p2b: Kaladin|Earthquake|p1b: Annihilape|[spread] p1a,p1b
|-immune|p2a: Talonflame
|-damage|p1a: Sinistcha|65/100
|-damage|p1b: Annihilape|69/100
|-damage|p2b: Kaladin|71/100|[from] item: Life Orb
|move|p1b: Annihilape|Rage Fist|p2a: Talonflame
|-damage|p2a: Talonflame|0 fnt
|faint|p2a: Talonflame
|move|p1a: Sinistcha|Matcha Gotcha|p2b: Kaladin
|-supereffective|p2b: Kaladin
|-damage|p2b: Kaladin|0 fnt
|-heal|p1a: Sinistcha|100/100|[from] drain|[of] p2b: Kaladin
|faint|p2b: Kaladin
|
|-heal|p1b: Annihilape|75/100|[from] item: Leftovers
|upkeep
|inactive|kojay has 30 seconds left.
|
|t:|1756836348
|switch|p2b: Sneasler|Sneasler, L50, F|100/100
|turn|4
|
|t:|1756836359
|move|p2b: Sneasler|Dire Claw|p1b: Annihilape
|-resisted|p1b: Annihilape
|-damage|p1b: Annihilape|65/100
|-status|p1b: Annihilape|slp
|cant|p1b: Annihilape|slp
|move|p1a: Sinistcha|Matcha Gotcha|p2b: Sneasler
|-resisted|p2b: Sneasler
|-damage|p2b: Sneasler|77/100
|-status|p2b: Sneasler|brn
|
|-heal|p1b: Annihilape|71/100 slp|[from] item: Leftovers
|-damage|p2b: Sneasler|71/100 brn|[from] brn
|upkeep
|turn|5
|-message|kojay forfeited.
|
|win|epicfailtesting
|raw|epicfailtesting's rating: 1212 → 1238(+26 for winning)
|raw|kojay's rating: 1226 → 1200(-26 for losing)
