|j|☆imonx6pace!
|j|☆casualscrub17
|html|imonx6pace!casualscrub17    
|uhtml|bestof|Game 1 of a best-of-3
|t:|1784598880
|gametype|doubles
|player|p1|imonx6pace!|rocketgrunt|1138
|player|p2|casualscrub17|170|1098
|gen|9
|tier|[Gen 9 Champions] VGC 2026 Reg M-B (Bo3)
|rated|
|rule|Species Clause: Limit one of each Pokémon
|rule|Item Clause: Limit 1 of each item
|clearpoke
|poke|p1|Sinistcha, L50|
|poke|p1|Aerodactyl, L50, F|
|poke|p1|Sneasler, L50, M|
|poke|p1|Incineroar, L50, M|
|poke|p1|Garchomp, L50, F|
|poke|p1|Delphox, L50, F|
|poke|p2|Primarina, L50, F|
|poke|p2|Kingambit, L50, M|
|poke|p2|Froslass, L50, F|
|poke|p2|Sneasler, L50, F|
|poke|p2|Lycanroc-Dusk, L50, F|
|poke|p2|Dragonite, L50, M|
|teampreview|4
|showteam|p1|Sinistcha||SitrusBerry|Hospitality|MatchaGotcha,RagePowder,LifeDew,TrickRoom|Calm|||||50|]Aerodactyl||FocusSash|Unnerve|Tailwind,RockSlide,DualWingbeat,Protect|Jolly||F|||50|]Sneasler||WhiteHerb|Unburden|FakeOut,DireClaw,CloseCombat,Protect|Jolly||M|||50|]Incineroar||ChopleBerry|Intimidate|FakeOut,PartingShot,FlareBlitz,ThroatChop|Careful||M|||50|]Garchomp||LifeOrb|RoughSkin|Earthquake,RockSlide,Protect,DragonClaw|Jolly||F|||50|]Delphox||Delphoxite|Blaze|NastyPlot,HeatWave,Psychic,Protect|Timid||F|||50|
|showteam|p2|Primarina||LifeOrb|LiquidVoice|HyperVoice,Moonblast,Haze,Protect|Modest||F|||50|]Kingambit||BlackGlasses|Defiant|KowtowCleave,SuckerPunch,SwordsDance,Protect|Adamant||M|||50|]Froslass||Froslassite|CursedBody|Blizzard,ShadowBall,AuroraVeil,Protect|Timid||F|||50|]Sneasler||WhiteHerb|Unburden|GunkShot,CloseCombat,FakeOut,Protect|Adamant||F|||50|]Lycanroc-Dusk||FocusSash|ToughClaws|RockSlide,Accelerock,CloseCombat,Protect|Adamant||F|||50|]Dragonite||Dragoninite|Multiscale|DragonPulse,Flamethrower,Tailwind,Protect|Modest||M|||50|
|inactive|Battle timer is ON: inactive players will automatically lose when time's up. (requested by casualscrub17)
|inactive|imonx6pace! has 60 seconds left.
|inactive|casualscrub17 has 60 seconds left.
|
|t:|1784598929
|teamsize|p1|4
|teamsize|p2|4
|start
|switch|p1a: Aerodactyl|Aerodactyl, L50, F|100/100
|switch|p1b: Delphox|Delphox, L50, F|100/100
|switch|p2a: Dragonite|Dragonite, L50, M|100/100
|switch|p2b: Sneasler|Sneasler, L50, F|100/100
|-ability|p1a: Aerodactyl|Unnerve
|turn|1
|inactive|casualscrub17 has 30 seconds left.
|
|t:|1784598959
|detailschange|p1b: Delphox|Delphox-Mega, L50, F
|-mega|p1b: Delphox|Delphox|Delphoxite
|move|p2b: Sneasler|Fake Out|p1a: Aerodactyl
|-resisted|p1a: Aerodactyl|1
|-damage|p1a: Aerodactyl|89/100
|move|p1b: Delphox|Psychic|p2b: Sneasler
|-supereffective|p2b: Sneasler|2
|-damage|p2b: Sneasler|0 fnt
|faint|p2b: Sneasler
|cant|p1a: Aerodactyl|flinch
|move|p2a: Dragonite|Tailwind|p2a: Dragonite
|-sidestart|p2: casualscrub17|move: Tailwind
|
|upkeep
|
|t:|1784598972
|switch|p2b: Primarina|Primarina, L50, F|100/100
|turn|2
|inactive|casualscrub17 has 30 seconds left.
|
|t:|1784599001
|switch|p1b: Sinistcha|Sinistcha, L50|100/100
|-heal|p1a: Aerodactyl|100/100|[from] ability: Hospitality|[of] p1b: Sinistcha
|move|p2a: Dragonite|Dragon Pulse|p1b: Sinistcha
|-damage|p1b: Sinistcha|64/100
|move|p2b: Primarina|Hyper Voice|p1a: Aerodactyl|[spread] p1a,p1b
|-supereffective|p1a: Aerodactyl|1
|-resisted|p1b: Sinistcha|1
|-enditem|p1a: Aerodactyl|Focus Sash
|-damage|p1a: Aerodactyl|1/100
|-damage|p1b: Sinistcha|42/100
|-enditem|p1b: Sinistcha|Sitrus Berry|[eat]
|-heal|p1b: Sinistcha|67/100|[from] item: Sitrus Berry
|-damage|p2b: Primarina|90/100|[from] item: Life Orb
|move|p1a: Aerodactyl|Tailwind|p1a: Aerodactyl
|-sidestart|p1: imonx6pace!|move: Tailwind
|
|upkeep
|turn|3
|inactive|imonx6pace! has 30 seconds left.
|inactive|casualscrub17 has 30 seconds left.
|
|t:|1784599034
|switch|p1b: Garchomp|Garchomp, L50, F|100/100
|move|p1a: Aerodactyl|Rock Slide|p2a: Dragonite|[spread] p2a,p2b
|-supereffective|p2a: Dragonite|1
|-damage|p2a: Dragonite|69/100
|-damage|p2b: Primarina|56/100
|move|p2a: Dragonite|Flamethrower|p1b: Garchomp
|-resisted|p1b: Garchomp|1
|-damage|p1b: Garchomp|83/100
|cant|p2b: Primarina|flinch
|
|upkeep
|turn|4
|
|t:|1784599056
|move|p2b: Primarina|Protect|p2b: Primarina
|-singleturn|p2b: Primarina|Protect
|move|p1a: Aerodactyl|Rock Slide|p2a: Dragonite|[spread] p2a
|-activate|p2b: Primarina|move: Protect
|-supereffective|p2a: Dragonite|1
|-damage|p2a: Dragonite|14/100
|move|p1b: Garchomp|Rock Slide|p2b: Primarina|[spread] p2a
|-activate|p2b: Primarina|move: Protect
|-supereffective|p2a: Dragonite|1
|-damage|p2a: Dragonite|0 fnt
|faint|p2a: Dragonite
|-damage|p1b: Garchomp|74/100|[from] item: Life Orb
|
|-sideend|p2: casualscrub17|move: Tailwind
|upkeep
|
|t:|1784599069
|switch|p2a: Froslass|Froslass, L50, F|100/100
|turn|5
|
|t:|1784599085
|detailschange|p2a: Froslass|Froslass-Mega, L50, F
|-mega|p2a: Froslass|Froslass|Froslassite
|-weather|Snowscape|[from] ability: Snow Warning|[of] p2a: Froslass
|move|p1a: Aerodactyl|Protect|p1a: Aerodactyl
|-singleturn|p1a: Aerodactyl|Protect
|move|p2a: Froslass|Protect|p2a: Froslass
|-singleturn|p2a: Froslass|Protect
|move|p1b: Garchomp|Rock Slide|p2b: Primarina|[spread] p2b
|-activate|p2a: Froslass|move: Protect
|-damage|p2b: Primarina|19/100
|-damage|p1b: Garchomp|64/100|[from] item: Life Orb
|move|p2b: Primarina|Moonblast|p1b: Garchomp
|-supereffective|p1b: Garchomp|1
|-damage|p1b: Garchomp|0 fnt
|faint|p1b: Garchomp
|-damage|p2b: Primarina|10/100|[from] item: Life Orb
|
|-weather|Snowscape|[upkeep]
|-sideend|p1: imonx6pace!|move: Tailwind
|upkeep
|
|t:|1784599102
|switch|p1b: Delphox|Delphox-Mega, L50, F|100/100
|turn|6
|
|t:|1784599125
|move|p2b: Primarina|Protect|p2b: Primarina
|-singleturn|p2b: Primarina|Protect
|move|p1b: Delphox|Heat Wave|p2b: Primarina|[spread] p2a
|-activate|p2b: Primarina|move: Protect
|-supereffective|p2a: Froslass|1
|-damage|p2a: Froslass|5/100
|move|p1a: Aerodactyl|Dual Wingbeat|p2b: Primarina
|-activate|p2b: Primarina|move: Protect
|move|p2a: Froslass|Shadow Ball|p1b: Delphox
|-supereffective|p1b: Delphox|1
|-damage|p1b: Delphox|18/100
|
|-weather|Snowscape|[upkeep]
|upkeep
|turn|7
|
|t:|1784599146
|move|p2a: Froslass|Protect|p2a: Froslass
|-singleturn|p2a: Froslass|Protect
|move|p1b: Delphox|Heat Wave|p2b: Primarina|[spread] p2b
|-activate|p2a: Froslass|move: Protect
|-resisted|p2b: Primarina|1
|-damage|p2b: Primarina|0 fnt
|faint|p2b: Primarina
|move|p1a: Aerodactyl|Rock Slide|p2a: Froslass
|-activate|p2a: Froslass|move: Protect
|
|-weather|Snowscape|[upkeep]
|upkeep
|turn|8
|-message|casualscrub17 forfeited.
|
|win|imonx6pace!
|l|☆casualscrub17
|player|p2|
