|j|☆IvoTerrone
|j|☆lox1sm
|html|IvoTerronelox1sm    
|uhtml|bestof|Game 3 of a best-of-3
|t:|1783002783
|gametype|doubles
|player|p1|IvoTerrone|gambler|1139
|player|p2|lox1sm|veteran|1242
|gen|9
|tier|[Gen 9 Champions] VGC 2026 Reg M-B (Bo3)
|rated|
|rule|Species Clause: Limit one of each Pokémon
|rule|Item Clause: Limit 1 of each item
|clearpoke
|poke|p1|Froslass, L50, F|
|poke|p1|Scovillain, L50, F, shiny|
|poke|p1|Basculegion, L50, M|
|poke|p1|Kingambit, L50, F|
|poke|p1|Sneasler, L50, F|
|poke|p1|Lycanroc-Dusk, L50, M|
|poke|p2|Charizard, L50, F|
|poke|p2|Aerodactyl, L50, M|
|poke|p2|Garchomp, L50, F|
|poke|p2|Kingambit, L50, M|
|poke|p2|Farigiraf, L50, F|
|poke|p2|Primarina, L50, M|
|teampreview|4
|showteam|p1|Froslass||Froslassite|CursedBody|Blizzard,ShadowBall,AuroraVeil,Protect|Modest||F|||50|]Scovillain||Scovillainite|Moody|GigaDrain,Overheat,RagePowder,Protect|Bold||F|||50|]Basculegion||SitrusBerry|Adaptability|WaveCrash,LastRespects,AquaJet,Protect|Adamant||M|||50|]Kingambit||BlackGlasses|Defiant|KowtowCleave,SuckerPunch,SwordsDance,Protect|Adamant||F|||50|]Sneasler||WhiteHerb|Unburden|CloseCombat,GunkShot,Protect,FakeOut|Adamant||F|||50|]Lycanroc-Dusk||FocusSash|ToughClaws|CloseCombat,Accelerock,RockSlide,Protect|Adamant||M|||50|
|showteam|p2|Charizard||CharizarditeY|Blaze|HeatWave,WeatherBall,SolarBeam,Protect|Modest||F|||50|]Aerodactyl||Aerodactylite|RockHead|RockSlide,IceFang,Tailwind,Protect|Jolly||M|||50|]Garchomp||LifeOrb|RoughSkin|DragonClaw,Earthquake,RockSlide,Protect|Jolly||F|||50|]Kingambit||FocusSash|Defiant|KowtowCleave,SuckerPunch,IronHead,LowKick|Adamant||M|||50|]Farigiraf||ExpertBelt|ArmorTail|Psychic,DazzlingGleam,Thunderbolt,TrickRoom|Modest||F|||50|]Primarina||MysticWater|LiquidVoice|HyperVoice,Moonblast,Haze,Protect|Modest||M|||50|
|c|☆lox1sm|Ma perchè non ho cliccato ondacalda diocò
|c|☆lox1sm|à*
|inactive|Battle timer is ON: inactive players will automatically lose when time's up. (requested by lox1sm)
|
|t:|1783002928
|teamsize|p1|4
|teamsize|p2|4
|start
|switch|p1a: Lycanroc|Lycanroc-Dusk, L50, M|100/100
|switch|p1b: Sneasler|Sneasler, L50, F|100/100
|switch|p2a: Farigiraf|Farigiraf, L50, F|100/100
|switch|p2b: Kingambit|Kingambit, L50, M|100/100
|turn|1
|
|t:|1783002946
|move|p1b: Sneasler|Protect|p1b: Sneasler
|-singleturn|p1b: Sneasler|Protect
|move|p1a: Lycanroc|Close Combat|p2b: Kingambit
|-supereffective|p2b: Kingambit|2
|-enditem|p2b: Kingambit|Focus Sash
|-damage|p2b: Kingambit|1/100
|-unboost|p1a: Lycanroc|def|1
|-unboost|p1a: Lycanroc|spd|1
|move|p2b: Kingambit|Iron Head|p1a: Lycanroc
|-supereffective|p1a: Lycanroc|1
|-enditem|p1a: Lycanroc|Focus Sash
|-damage|p1a: Lycanroc|1/100
|move|p2a: Farigiraf|Trick Room|p2a: Farigiraf
|-fieldstart|move: Trick Room|[of] p2a: Farigiraf
|
|upkeep
|turn|2
|inactive|IvoTerrone has 30 seconds left.
|
|t:|1783002980
|switch|p1a: Basculegion|Basculegion, L50, M|100/100
|move|p2a: Farigiraf|Psychic|p1b: Sneasler
|-supereffective|p1b: Sneasler|2
|-damage|p1b: Sneasler|0 fnt
|faint|p1b: Sneasler
|move|p2b: Kingambit|Kowtow Cleave|p1a: Basculegion
|-supereffective|p1a: Basculegion|1
|-damage|p1a: Basculegion|4/100
|-enditem|p1a: Basculegion|Sitrus Berry|[eat]
|-heal|p1a: Basculegion|28/100|[from] item: Sitrus Berry
|
|upkeep
|
|t:|1783002991
|switch|p1b: Scovillain|Scovillain, L50, F, shiny|100/100
|turn|3
|inactive|lox1sm has 30 seconds left.
|
|t:|1783003016
|detailschange|p1b: Scovillain|Scovillain-Mega, L50, F, shiny
|-mega|p1b: Scovillain|Scovillain|Scovillainite
|move|p1b: Scovillain|Rage Powder|p1b: Scovillain
|-singleturn|p1b: Scovillain|move: Rage Powder
|move|p2a: Farigiraf|Dazzling Gleam|p1a: Basculegion|[spread] p1a,p1b
|-resisted|p1b: Scovillain|1
|-damage|p1a: Basculegion|8/100
|-damage|p1b: Scovillain|88/100
|-status|p2a: Farigiraf|brn|[from] ability: Spicy Spray|[of] p1b: Scovillain
|move|p1a: Basculegion|Last Respects|p2b: Kingambit
|-resisted|p2b: Kingambit|1
|-damage|p2b: Kingambit|0 fnt
|faint|p2b: Kingambit
|
|-damage|p2a: Farigiraf|94/100 brn|[from] brn
|upkeep
|inactive|lox1sm has 30 seconds left.
|c|☆lox1sm|Minchia Bascu meno di 102 di speed
|inactive|lox1sm has 20 seconds left.
|inactive|lox1sm has 15 seconds left.
|
|t:|1783003057
|switch|p2b: Primarina|Primarina, L50, M|100/100
|turn|4
|
|t:|1783003068
|move|p1a: Basculegion|Protect|p1a: Basculegion
|-singleturn|p1a: Basculegion|Protect
|move|p2b: Primarina|Protect|p2b: Primarina
|-singleturn|p2b: Primarina|Protect
|move|p2a: Farigiraf|Dazzling Gleam|p1b: Scovillain|[spread] p1b
|-activate|p1a: Basculegion|move: Protect
|-resisted|p1b: Scovillain|1
|-crit|p1b: Scovillain
|-damage|p1b: Scovillain|72/100
|move|p1b: Scovillain|Overheat|p2a: Farigiraf
|-damage|p2a: Farigiraf|27/100 brn
|-unboost|p1b: Scovillain|spa|2
|
|-damage|p2a: Farigiraf|21/100 brn|[from] brn
|upkeep
|turn|5
|
|t:|1783003087
|move|p2a: Farigiraf|Dazzling Gleam|p1b: Scovillain|[spread] p1a,p1b
|-resisted|p1b: Scovillain|1
|-damage|p1a: Basculegion|0 fnt
|-damage|p1b: Scovillain|61/100
|faint|p1a: Basculegion
|move|p1b: Scovillain|Giga Drain|p2a: Farigiraf
|-damage|p2a: Farigiraf|1/100 brn
|-heal|p1b: Scovillain|73/100|[from] drain|[of] p2a: Farigiraf
|move|p2b: Primarina|Hyper Voice|p1b: Scovillain
|-damage|p1b: Scovillain|13/100
|-status|p2b: Primarina|brn|[from] ability: Spicy Spray|[of] p1b: Scovillain
|
|-damage|p2a: Farigiraf|0 fnt|[from] brn
|faint|p2a: Farigiraf
|-damage|p2b: Primarina|94/100 brn|[from] brn
|-fieldend|move: Trick Room
|upkeep
|
|t:|1783003102
|switch|p1a: Lycanroc|Lycanroc-Dusk, L50, M|1/100
|switch|p2a: Charizard|Charizard, L50, F|100/100
|turn|6
|
|t:|1783003111
|move|p1a: Lycanroc|Protect|p1a: Lycanroc
|-singleturn|p1a: Lycanroc|Protect
|move|p2a: Charizard|Protect|p2a: Charizard
|-singleturn|p2a: Charizard|Protect
|move|p2b: Primarina|Hyper Voice|p1b: Scovillain|[spread] p1b
|-activate|p1a: Lycanroc|move: Protect
|-damage|p1b: Scovillain|0 fnt
|faint|p1b: Scovillain
|
|-damage|p2b: Primarina|88/100 brn|[from] brn
|upkeep
|turn|7
|
|t:|1783003124
|detailschange|p2a: Charizard|Charizard-Mega-Y, L50, F
|-mega|p2a: Charizard|Charizard|Charizardite Y
|-weather|SunnyDay|[from] ability: Drought|[of] p2a: Charizard
|move|p1a: Lycanroc|Rock Slide|p2b: Primarina|[spread] p2a,p2b
|-supereffective|p2a: Charizard|2
|-damage|p2a: Charizard|0 fnt
|-damage|p2b: Primarina|49/100 brn
|faint|p2a: Charizard
|move|p2b: Primarina|Hyper Voice|p1a: Lycanroc
|-supereffective|p1a: Lycanroc|1
|-damage|p1a: Lycanroc|0 fnt
|faint|p1a: Lycanroc
|
|win|lox1sm
|raw|IvoTerrone's rating: 1139 → 1121(-18 for losing)
|raw|lox1sm's rating: 1242 → 1260(+18 for winning)
|l|☆IvoTerrone
|player|p1|
