|j|☆natsukivgc
|j|☆Nosejugarbalance
|html|natsukivgcNosejugarbalance    
|uhtml|bestof|Game 3 of a best-of-3
|t:|1785733432
|gametype|doubles
|player|p1|natsukivgc|2|1246
|player|p2|Nosejugarbalance|266|1355
|gen|9
|tier|[Gen 9 Champions] VGC 2026 Reg M-B (Bo3)
|rated|
|rule|Species Clause: Limit one of each Pokémon
|rule|Item Clause: Limit 1 of each item
|clearpoke
|poke|p1|Garchomp, L50, F|
|poke|p1|Charizard, L50, M|
|poke|p1|Kingambit, L50, F|
|poke|p1|Basculegion, L50, M|
|poke|p1|Whimsicott, L50, F|
|poke|p1|Floette-Eternal, L50, F|
|poke|p2|Camerupt, L50, M|
|poke|p2|Grimmsnarl, L50, M|
|poke|p2|Farigiraf, L50, M|
|poke|p2|Maushold, L50|
|poke|p2|Basculegion, L50, M|
|poke|p2|Kingambit, L50, F|
|teampreview|4
|showteam|p1|Garchomp||SitrusBerry|RoughSkin|RockSlide,DragonTail,StompingTantrum,PoisonJab|Adamant||F|||50|]Charizard||CharizarditeY|Blaze|HeatWave,SolarBeam,WeatherBall,Protect|Modest||M|||50|]Kingambit||LifeOrb|Defiant|KowtowCleave,IronHead,SuckerPunch,LowKick|Adamant||F|||50|]Basculegion||ChoiceScarf|Adaptability|LastRespects,WaveCrash,FlipTurn,AquaJet|Jolly||M|||50|]Whimsicott||FocusSash|Prankster|Tailwind,Moonblast,Encore,Protect|Timid||F|||50|]Floette-Eternal||Floettite|FlowerVeil|DazzlingGleam,Moonblast,LightofRuin,Protect|Modest||F|||50|
|showteam|p2|Camerupt||Cameruptite|SolidRock|HeatWave,EarthPower,Protect,AncientPower|Quiet||M|||50|]Grimmsnarl||FairyFeather|Prankster|PartingShot,FakeOut,FakeTears,PlayRough|Brave||M|||50|]Farigiraf||LifeOrb|ArmorTail|HyperVoice,TrickRoom,Protect,Thunderbolt|Quiet||M|||50|]Maushold||WideLens|FriendGuard|AfterYou,PopulationBomb,Protect,FollowMe|Jolly|||||50|]Basculegion||FocusSash|Adaptability|WaveCrash,LastRespects,Protect,AquaJet|Adamant||M|||50|]Kingambit||BlackGlasses|Defiant|KowtowCleave,IronHead,SwordsDance,SuckerPunch|Brave||F|||50|
|
|t:|1785733490
|teamsize|p1|4
|teamsize|p2|4
|start
|switch|p1a: Garchomp|Garchomp, L50, F|100/100
|switch|p1b: Kingambit|Kingambit, L50, F|100/100
|switch|p2a: Farigiraf|Farigiraf, L50, M|100/100
|switch|p2b: Maushold|Maushold, L50|100/100
|turn|1
|inactive|Battle timer is ON: inactive players will automatically lose when time's up. (requested by Nosejugarbalance)
|
|t:|1785733530
|move|p2b: Maushold|Follow Me|p2b: Maushold
|-singleturn|p2b: Maushold|move: Follow Me
|move|p1a: Garchomp|Rock Slide|p2b: Maushold|[spread] p2a,p2b
|-crit|p2b: Maushold
|-damage|p2a: Farigiraf|85/100
|-damage|p2b: Maushold|49/100
|move|p1b: Kingambit|Kowtow Cleave|p2b: Maushold
|-damage|p2b: Maushold|0 fnt
|faint|p2b: Maushold
|-damage|p1b: Kingambit|90/100|[from] item: Life Orb
|cant|p2a: Farigiraf|flinch
|
|upkeep
|c|☆Nosejugarbalance|lol
|
|t:|1785733548
|switch|p2b: Camerupt|Camerupt, L50, M|100/100
|turn|2
|inactive|natsukivgc has 30 seconds left.
|
|t:|1785733577
|detailschange|p2b: Camerupt|Camerupt-Mega, L50, M
|-mega|p2b: Camerupt|Camerupt|Cameruptite
|move|p2a: Farigiraf|Protect|p2a: Farigiraf
|-singleturn|p2a: Farigiraf|Protect
|move|p1a: Garchomp|Stomping Tantrum|p2b: Camerupt
|-supereffective|p2b: Camerupt|1
|-damage|p2b: Camerupt|15/100
|move|p1b: Kingambit|Kowtow Cleave|p2a: Farigiraf
|-activate|p2a: Farigiraf|move: Protect
|move|p2b: Camerupt|Heat Wave|p1b: Kingambit|[spread] p1a,p1b
|-resisted|p1a: Garchomp|1
|-crit|p1a: Garchomp
|-supereffective|p1b: Kingambit|1
|-damage|p1a: Garchomp|58/100
|-damage|p1b: Kingambit|0 fnt
|faint|p1b: Kingambit
|
|upkeep
|c|☆Nosejugarbalance|gg hax
|
|t:|1785733599
|switch|p1b: Basculegion|Basculegion, L50, M|100/100
|turn|3
|
|t:|1785733609
|move|p2b: Camerupt|Protect|p2b: Camerupt
|-singleturn|p2b: Camerupt|Protect
|move|p1b: Basculegion|Aqua Jet||[still]
|cant|p2a: Farigiraf|ability: Armor Tail|Aqua Jet|[of] p1b: Basculegion
|move|p1a: Garchomp|Dragon Tail|p2a: Farigiraf|[miss]
|-miss|p1a: Garchomp|p2a: Farigiraf
|move|p2a: Farigiraf|Trick Room|p2a: Farigiraf
|-fieldstart|move: Trick Room|[of] p2a: Farigiraf
|
|upkeep
|turn|4
|inactive|natsukivgc has 30 seconds left.
|
|t:|1785733637
|switch|p1b: Charizard|Charizard, L50, M|100/100
|move|p2b: Camerupt|Heat Wave|p1a: Garchomp|[spread] p1a,p1b
|-resisted|p1a: Garchomp|1
|-resisted|p1b: Charizard|1
|-damage|p1a: Garchomp|31/100
|-damage|p1b: Charizard|69/100
|-enditem|p1a: Garchomp|Sitrus Berry|[eat]
|-heal|p1a: Garchomp|56/100|[from] item: Sitrus Berry
|move|p2a: Farigiraf|Thunderbolt|p1b: Charizard
|-supereffective|p1b: Charizard|1
|-damage|p1b: Charizard|0 fnt
|faint|p1b: Charizard
|-damage|p2a: Farigiraf|75/100|[from] item: Life Orb
|move|p1a: Garchomp|Stomping Tantrum|p2b: Camerupt
|-supereffective|p2b: Camerupt|1
|-damage|p2b: Camerupt|0 fnt
|faint|p2b: Camerupt
|
|upkeep
|
|t:|1785733652
|switch|p2b: Kingambit|Kingambit, L50, F|100/100
|switch|p1b: Basculegion|Basculegion, L50, M|100/100
|turn|5
|
|t:|1785733673
|move|p2b: Kingambit|Kowtow Cleave|p1a: Garchomp
|-damage|p1a: Garchomp|8/100
|-damage|p2b: Kingambit|87/100|[from] ability: Rough Skin|[of] p1a: Garchomp
|move|p2a: Farigiraf|Hyper Voice|p1b: Basculegion|[spread] p1a
|-immune|p1b: Basculegion
|-damage|p1a: Garchomp|0 fnt
|faint|p1a: Garchomp
|-damage|p2a: Farigiraf|66/100|[from] item: Life Orb
|move|p1b: Basculegion|Wave Crash|p2a: Farigiraf
|-damage|p2a: Farigiraf|0 fnt
|faint|p2a: Farigiraf
|-damage|p1b: Basculegion|75/100|[from] Recoil
|
|upkeep
|turn|6
|
|t:|1785733687
|move|p2b: Kingambit|Kowtow Cleave|p1b: Basculegion
|-supereffective|p1b: Basculegion|1
|-damage|p1b: Basculegion|0 fnt
|faint|p1b: Basculegion
|
|win|Nosejugarbalance
|raw|natsukivgc's rating: 1246 → 1229(-17 for losing)
|raw|Nosejugarbalance's rating: 1355 → 1369(+14 for winning)
