|j|☆GS Barnabe
|j|☆natsukivgc
|html|GS Barnabenatsukivgc    
|uhtml|bestof|Game 1 of a best-of-3
|t:|1785418211
|gametype|doubles
|player|p1|GS Barnabe|101|1046
|player|p2|natsukivgc|265|1160
|gen|9
|tier|[Gen 9 Champions] VGC 2026 Reg M-B (Bo3)
|rated|
|rule|Species Clause: Limit one of each Pokémon
|rule|Item Clause: Limit 1 of each item
|clearpoke
|poke|p1|Meowstic, L50, M|
|poke|p1|Tyranitar, L50, F|
|poke|p1|Scovillain, L50, M|
|poke|p1|Houndstone, L50, M|
|poke|p1|Corviknight, L50, F|
|poke|p1|Garchomp, L50, F|
|poke|p2|Charizard, L50, F|
|poke|p2|Sneasler, L50, F|
|poke|p2|Kingambit, L50, F|
|poke|p2|Dragonite, L50, F|
|poke|p2|Floette-Eternal, L50, F|
|poke|p2|Whimsicott, L50, M|
|teampreview|4
|showteam|p1|Meowstic||LightClay|Prankster|FakeOut,Reflect,LightScreen,PsychicNoise|Bold||M|||50|]Tyranitar||ChoiceScarf|SandStream|RockSlide,KnockOff,IcePunch,Superpower|Jolly||F|||50|]Scovillain||Scovillainite|Moody|Overheat,LeechSeed,RagePowder,Protect|Calm||M|||50|]Houndstone||SitrusBerry|SandRush|LastRespects,Disable,AllySwitch,Protect|Adamant||M|||50|]Corviknight||LifeOrb|MirrorArmor|IronHead,BraveBird,Tailwind,Protect|Adamant||F|||50|]Garchomp||Garchompite|RoughSkin|DracoMeteor,EarthPower,PowerGem,Protect|Modest||F|||50|
|showteam|p2|Charizard||CharizarditeY|Blaze|HeatWave,SolarBeam,WeatherBall,Protect|Modest||F|||50|]Sneasler||WhiteHerb|Unburden|CloseCombat,DireClaw,FakeOut,Coaching|Jolly||F|||50|]Kingambit||BlackGlasses|Defiant|KowtowCleave,SuckerPunch,SwordsDance,Protect|Adamant||F|||50|]Dragonite||LifeOrb|InnerFocus|DragonClaw,LowKick,ExtremeSpeed,Protect|Adamant||F|||50|]Floette-Eternal||Floettite|FlowerVeil|Moonblast,DazzlingGleam,LightofRuin,Protect|Modest||F|||50|]Whimsicott||FocusSash|Prankster|Moonblast,Tailwind,Encore,Protect|Timid||M|||50|
|
|t:|1785418243
|teamsize|p1|4
|teamsize|p2|4
|start
|switch|p1a: Tyranitar|Tyranitar, L50, F|100/100
|switch|p1b: Corviknight|Corviknight, L50, F|100/100
|switch|p2a: Whimsicott|Whimsicott, L50, M|100/100
|switch|p2b: Floette|Floette-Eternal, L50, F|100/100
|-weather|Sandstorm|[from] ability: Sand Stream|[of] p1a: Tyranitar
|turn|1
|
|t:|1785418275
|switch|p2b: Sneasler|Sneasler, L50, F|100/100
|move|p2a: Whimsicott|Tailwind|p2a: Whimsicott
|-sidestart|p2: natsukivgc|move: Tailwind
|move|p1a: Tyranitar|Rock Slide|p2a: Whimsicott|[spread] p2a,p2b
|-resisted|p2b: Sneasler|1
|-damage|p2a: Whimsicott|58/100
|-damage|p2b: Sneasler|75/100
|move|p1b: Corviknight|Iron Head|p2a: Whimsicott
|-supereffective|p2a: Whimsicott|1
|-damage|p2a: Whimsicott|0 fnt
|faint|p2a: Whimsicott
|-damage|p1b: Corviknight|90/100|[from] item: Life Orb
|
|-weather|Sandstorm|[upkeep]
|-damage|p2b: Sneasler|69/100|[from] Sandstorm
|upkeep
|
|t:|1785418294
|switch|p2a: Floette|Floette-Eternal, L50, F|100/100
|turn|2
|
|t:|1785418319
|detailschange|p2a: Floette|Floette-Mega, L50, F
|-mega|p2a: Floette|Floette|Floettite
|-ability|p2a: Floette|Fairy Aura
|move|p2a: Floette|Protect|p2a: Floette
|-singleturn|p2a: Floette|Protect
|move|p2b: Sneasler|Close Combat|p1a: Tyranitar
|-supereffective|p1a: Tyranitar|2
|-crit|p1a: Tyranitar
|-damage|p1a: Tyranitar|0 fnt
|-unboost|p2b: Sneasler|def|1
|-unboost|p2b: Sneasler|spd|1
|faint|p1a: Tyranitar
|-enditem|p2b: Sneasler|White Herb
|-clearnegativeboost|p2b: Sneasler|[silent]
|move|p1b: Corviknight|Iron Head|p2a: Floette
|-activate|p2a: Floette|move: Protect
|
|-weather|Sandstorm|[upkeep]
|-damage|p2b: Sneasler|63/100|[from] Sandstorm
|-damage|p2a: Floette|94/100|[from] Sandstorm
|upkeep
|
|t:|1785418337
|switch|p1a: Garchomp|Garchomp, L50, F|100/100
|turn|3
|
|t:|1785418359
|move|p1a: Garchomp|Protect|p1a: Garchomp
|-singleturn|p1a: Garchomp|Protect
|move|p2b: Sneasler|Close Combat|p1b: Corviknight
|-damage|p1b: Corviknight|29/100
|-unboost|p2b: Sneasler|def|1
|-unboost|p2b: Sneasler|spd|1
|move|p2a: Floette|Dazzling Gleam|p1b: Corviknight|[spread] p1b
|-activate|p1a: Garchomp|move: Protect
|-resisted|p1b: Corviknight|1
|-damage|p1b: Corviknight|6/100
|move|p1b: Corviknight|Brave Bird|p2b: Sneasler
|-supereffective|p2b: Sneasler|1
|-damage|p2b: Sneasler|0 fnt
|faint|p2b: Sneasler
|-damage|p1b: Corviknight|0 fnt|[from] Recoil
|faint|p1b: Corviknight
|
|-weather|Sandstorm|[upkeep]
|-damage|p2a: Floette|88/100|[from] Sandstorm
|upkeep
|
|t:|1785418378
|switch|p2b: Kingambit|Kingambit, L50, F|100/100
|switch|p1b: Houndstone|Houndstone, L50, M|100/100
|turn|4
|
|t:|1785418419
|move|p1b: Houndstone|Protect|p1b: Houndstone
|-singleturn|p1b: Houndstone|Protect
|move|p1a: Garchomp|Protect||[still]
|-fail|p1a: Garchomp
|move|p2b: Kingambit|Sucker Punch||[still]
|-fail|p2b: Kingambit
|move|p2a: Floette|Dazzling Gleam|p1b: Houndstone|[spread] p1a
|-activate|p1b: Houndstone|move: Protect
|-supereffective|p1a: Garchomp|1
|-damage|p1a: Garchomp|0 fnt
|faint|p1a: Garchomp
|
|-weather|Sandstorm|[upkeep]
|-damage|p2a: Floette|82/100|[from] Sandstorm
|-sideend|p2: natsukivgc|move: Tailwind
|upkeep
|turn|5
|
|t:|1785418440
|move|p2b: Kingambit|Sucker Punch||[still]
|-fail|p2b: Kingambit
|move|p1b: Houndstone|Disable|p2b: Kingambit
|-start|p2b: Kingambit|Disable|Sucker Punch
|move|p2a: Floette|Light of Ruin|p1b: Houndstone
|-damage|p1b: Houndstone|0 fnt
|faint|p1b: Houndstone
|-damage|p2a: Floette|26/100|[from] Recoil
|
|win|natsukivgc
||natsukivgc is ready for game 2.
|inactive|GS Barnabe has 30 seconds to confirm battle start!
||GS Barnabe is ready for game 2.
|uhtml|next|Next: Game 2 of 3
