|j|☆mavrickbfr
|j|☆thefloshingcat
|html|mavrickbfrthefloshingcat    
|uhtml|bestof|Game 1 of a best-of-3
|t:|1785683817
|gametype|doubles
|player|p1|mavrickbfr|gentleman-gen4|1078
|player|p2|thefloshingcat|plasmagrunt-gen5bw|1049
|gen|9
|tier|[Gen 9 Champions] VGC 2026 Reg M-B (Bo3)
|rated|
|rule|Species Clause: Limit one of each Pokémon
|rule|Item Clause: Limit 1 of each item
|clearpoke
|poke|p1|Blaziken, L50, M, shiny|
|poke|p1|Floette-Eternal, L50, F|
|poke|p1|Sinistcha, L50|
|poke|p1|Basculegion, L50, M, shiny|
|poke|p1|Garchomp, L50, M, shiny|
|poke|p1|Sneasler, L50, M, shiny|
|poke|p2|Glimmora, L50, M|
|poke|p2|Whimsicott, L50, F|
|poke|p2|Basculegion, L50, M|
|poke|p2|Eelektross, L50, F|
|poke|p2|Garchomp, L50, M|
|poke|p2|Farigiraf, L50, M|
|teampreview|4
|showteam|p1|Blaziken||Blazikenite|SpeedBoost|BlazeKick,RockSlide,CloseCombat,Protect|Adamant||M|||50|]Floette-Eternal||Floettite|FlowerVeil|DazzlingGleam,CalmMind,Protect,DrainingKiss|Modest||F|||50|]Sinistcha||SitrusBerry|Hospitality|MatchaGotcha,RagePowder,Protect,LifeDew|Bold|||||50|]Basculegion||ChoiceScarf|Adaptability|LastRespects,WaveCrash,FlipTurn,AquaJet|Adamant||M|||50|]Garchomp||RoseliBerry|RoughSkin|PoisonJab,StompingTantrum,Earthquake,RockSlide|Jolly||M|||50|]Sneasler||FocusSash|PoisonTouch|FakeOut,PoisonJab,CloseCombat,QuickGuard|Jolly||M|||50|
|showteam|p2|Glimmora||FocusSash|ToxicDebris|SpikyShield,PowerGem,EarthPower,SludgeBomb|Timid||M|||50|]Whimsicott||FairyFeather|Prankster|Moonblast,Tailwind,Protect,Encore|Timid||F|||50|]Basculegion||MysticWater|Adaptability|WaveCrash,LastRespects,AquaJet,Protect|Adamant||M|||50|]Eelektross||Eelektrossite|Levitate|DragonPulse,Protect,Thunderbolt,Flamethrower|Modest||F|||50|]Garchomp||LifeOrb|RoughSkin|Earthquake,Protect,RockSlide,DragonClaw|Adamant||M|||50|]Farigiraf||SitrusBerry|ArmorTail|Psychic,HyperVoice,HelpingHand,TrickRoom|Sassy||M|||50|
|inactive|Battle timer is ON: inactive players will automatically lose when time's up. (requested by mavrickbfr)
|
|t:|1785683851
|teamsize|p1|4
|teamsize|p2|4
|start
|switch|p1a: Basculegion|Basculegion, L50, M, shiny|100/100
|switch|p1b: Blaziken|Blaziken, L50, M, shiny|100/100
|switch|p2a: Farigiraf|Farigiraf, L50, M|100/100
|switch|p2b: Eelektross|Eelektross, L50, F|100/100
|turn|1
|
|t:|1785683876
|switch|p2b: Glimmora|Glimmora, L50, M|100/100
|detailschange|p1b: Blaziken|Blaziken-Mega, L50, M, shiny
|-mega|p1b: Blaziken|Blaziken|Blazikenite
|move|p1b: Blaziken|Protect|p1b: Blaziken
|-singleturn|p1b: Blaziken|Protect
|move|p1a: Basculegion|Flip Turn|p2b: Glimmora
|-supereffective|p2b: Glimmora|1
|-enditem|p2b: Glimmora|Focus Sash
|-damage|p2b: Glimmora|1/100
|-activate|p2b: Glimmora|ability: Toxic Debris
|-sidestart|p1: mavrickbfr|move: Toxic Spikes
|
|t:|1785683890
|switch|p1a: Sinistcha|Sinistcha, L50|100/100|[from] Flip Turn
|-status|p1a: Sinistcha|psn
|move|p2a: Farigiraf|Trick Room|p2a: Farigiraf
|-fieldstart|move: Trick Room|[of] p2a: Farigiraf
|
|-damage|p1a: Sinistcha|87/100 psn|[from] psn
|-ability|p1b: Blaziken|Speed Boost|boost
|-boost|p1b: Blaziken|spe|1
|upkeep
|turn|2
|
|t:|1785683912
|move|p2b: Glimmora|Spiky Shield|p2b: Glimmora
|-singleturn|p2b: Glimmora|move: Protect
|move|p2a: Farigiraf|Psychic|p1b: Blaziken
|-supereffective|p1b: Blaziken|1
|-damage|p1b: Blaziken|5/100
|move|p1a: Sinistcha|Matcha Gotcha|p2b: Glimmora|[spread] p2a
|-activate|p2b: Glimmora|move: Protect
|-damage|p2a: Farigiraf|79/100
|-heal|p1a: Sinistcha|100/100 psn|[from] drain|[of] p2a: Farigiraf
|move|p1b: Blaziken|Close Combat|p2a: Farigiraf
|-damage|p2a: Farigiraf|1/100
|-unboost|p1b: Blaziken|def|1
|-unboost|p1b: Blaziken|spd|1
|-enditem|p2a: Farigiraf|Sitrus Berry|[eat]
|-heal|p2a: Farigiraf|25/100|[from] item: Sitrus Berry
|
|-damage|p1a: Sinistcha|87/100 psn|[from] psn
|-ability|p1b: Blaziken|Speed Boost|boost
|-boost|p1b: Blaziken|spe|1
|upkeep
|turn|3
|inactive|mavrickbfr has 30 seconds left.
|inactive|mavrickbfr has 20 seconds left.
|inactive|mavrickbfr has 15 seconds left.
|
|t:|1785683953
|switch|p2b: Eelektross|Eelektross, L50, F|100/100
|move|p1a: Sinistcha|Rage Powder|p1a: Sinistcha
|-singleturn|p1a: Sinistcha|move: Rage Powder
|move|p2a: Farigiraf|Psychic|p1a: Sinistcha
|-damage|p1a: Sinistcha|58/100 psn
|move|p1b: Blaziken|Rock Slide|p2a: Farigiraf|[spread] p2a,p2b
|-damage|p2a: Farigiraf|2/100
|-damage|p2b: Eelektross|70/100
|
|-damage|p1a: Sinistcha|46/100 psn|[from] psn
|-ability|p1b: Blaziken|Speed Boost|boost
|-boost|p1b: Blaziken|spe|1
|upkeep
|-enditem|p1a: Sinistcha|Sitrus Berry|[eat]
|-heal|p1a: Sinistcha|70/100 psn|[from] item: Sitrus Berry
|turn|4
|
|t:|1785683978
|detailschange|p2b: Eelektross|Eelektross-Mega, L50, F
|-mega|p2b: Eelektross|Eelektross|Eelektrossite
|move|p1b: Blaziken|Protect|p1b: Blaziken
|-singleturn|p1b: Blaziken|Protect
|move|p2a: Farigiraf|Hyper Voice|p1a: Sinistcha|[spread] 
|-activate|p1b: Blaziken|move: Protect
|-immune|p1a: Sinistcha
|move|p1a: Sinistcha|Matcha Gotcha|p2b: Eelektross|[spread] p2a,p2b
|-damage|p2a: Farigiraf|0 fnt
|-heal|p1a: Sinistcha|72/100 psn|[from] drain|[of] p2a: Farigiraf
|-damage|p2b: Eelektross|41/100
|-heal|p1a: Sinistcha|86/100 psn|[from] drain|[of] p2b: Eelektross
|faint|p2a: Farigiraf
|move|p2b: Eelektross|Flamethrower|p1a: Sinistcha
|-supereffective|p1a: Sinistcha|1
|-damage|p1a: Sinistcha|15/100 psn
|
|-damage|p1a: Sinistcha|3/100 psn|[from] psn
|-ability|p1b: Blaziken|Speed Boost|boost
|-boost|p1b: Blaziken|spe|1
|upkeep
|
|t:|1785683995
|switch|p2a: Garchomp|Garchomp, L50, M|100/100
|turn|5
|
|t:|1785684010
|switch|p1b: Sneasler|Sneasler, L50, M, shiny|100/100
|-sideend|p1: mavrickbfr|move: Toxic Spikes|[of] p1b: Sneasler
|move|p1a: Sinistcha|Protect|p1a: Sinistcha
|-singleturn|p1a: Sinistcha|Protect
|move|p2b: Eelektross|Flamethrower|p1b: Sneasler
|-damage|p1b: Sneasler|54/100
|move|p2a: Garchomp|Earthquake|p1b: Sneasler|[spread] p1b
|-activate|p1a: Sinistcha|move: Protect
|-immune|p2b: Eelektross|[from] ability: Eelevate
|-supereffective|p1b: Sneasler|1
|-crit|p1b: Sneasler
|-damage|p1b: Sneasler|0 fnt
|faint|p1b: Sneasler
|-damage|p2a: Garchomp|90/100|[from] item: Life Orb
|
|-damage|p1a: Sinistcha|0 fnt|[from] psn
|faint|p1a: Sinistcha
|-fieldend|move: Trick Room
|upkeep
|
|t:|1785684028
|switch|p1b: Basculegion|Basculegion, L50, M, shiny|100/100
|switch|p1a: Blaziken|Blaziken-Mega, L50, M, shiny|5/100
|turn|6
|
|t:|1785684050
|switch|p2b: Glimmora|Glimmora, L50, M|1/100
|move|p1b: Basculegion|Last Respects|p2a: Garchomp
|-damage|p2a: Garchomp|0 fnt
|faint|p2a: Garchomp
|move|p1a: Blaziken|Rock Slide|p2b: Glimmora
|-damage|p2b: Glimmora|0 fnt
|-activate|p2b: Glimmora|ability: Toxic Debris
|-sidestart|p1: mavrickbfr|move: Toxic Spikes
|faint|p2b: Glimmora
|
|-ability|p1a: Blaziken|Speed Boost|boost
|-boost|p1a: Blaziken|spe|1
|upkeep
|
|t:|1785684060
|switch|p2b: Eelektross|Eelektross-Mega, L50, F|41/100
|turn|7
|
|t:|1785684071
|move|p2b: Eelektross|Protect|p2b: Eelektross
|-singleturn|p2b: Eelektross|Protect
|move|p1a: Blaziken|Blaze Kick|p2b: Eelektross
|-activate|p2b: Eelektross|move: Protect
|move|p1b: Basculegion|Last Respects|p1a: Blaziken
|-damage|p1a: Blaziken|0 fnt
|faint|p1a: Blaziken
|
|upkeep
|turn|8
|
|t:|1785684093
|move|p1b: Basculegion|Last Respects|p2b: Eelektross
|-damage|p2b: Eelektross|0 fnt
|faint|p2b: Eelektross
|
|win|mavrickbfr
||thefloshingcat is ready for game 2.
