|j|☆Lorido
|j|☆ken099
|html|Loridoken099    
|uhtml|bestof|Game 3 of a best-of-3
|t:|1785345192
|gametype|doubles
|player|p1|Lorido|170|
|player|p2|ken099|265|
|gen|9
|tier|[Gen 9 Champions] VGC 2026 Reg M-B (Bo3)
|rule|Species Clause: Limit one of each Pokémon
|rule|Item Clause: Limit 1 of each item
|clearpoke
|poke|p1|Delphox, L50, M|
|poke|p1|Incineroar, L50, F|
|poke|p1|Floette-Eternal, L50, F|
|poke|p1|Kingambit, L50, F|
|poke|p1|Sinistcha, L50|
|poke|p1|Sneasler, L50, M|
|poke|p2|Basculegion, L50, M|
|poke|p2|Sneasler, L50, F|
|poke|p2|Meganium, L50, F|
|poke|p2|Aerodactyl, L50, M|
|poke|p2|Kingambit, L50, F|
|poke|p2|Farigiraf, L50, M|
|teampreview|4
|showteam|p1|Delphox||Delphoxite|Blaze|HeatWave,Psychic,NastyPlot,Protect|Timid||M|||50|]Incineroar||SitrusBerry|Intimidate|FlareBlitz,DarkestLariat,FakeOut,PartingShot|Careful||F|||50|]Floette-Eternal||Floettite|FlowerVeil|DazzlingGleam,DrainingKiss,CalmMind,Protect|Bold||F|||50|]Kingambit||BlackGlasses|Defiant|KowtowCleave,SuckerPunch,IronHead,Protect|Adamant||F|||50|]Sinistcha||OccaBerry|Hospitality|MatchaGotcha,RagePowder,TrickRoom,Protect|Bold|||||50|]Sneasler||FocusSash|PoisonTouch|CloseCombat,PoisonJab,FakeOut,QuickGuard|Jolly||M|||50|
|showteam|p2|Basculegion||ChoiceScarf|Adaptability|WaveCrash,LastRespects,FlipTurn,AquaJet|Jolly||M|||50|]Sneasler||WhiteHerb|Unburden|Protect,FakeOut,CloseCombat,DireClaw|Adamant||F|||50|]Meganium||Meganiumite|LeafGuard|Protect,SolarBeam,DazzlingGleam,WeatherBall|Modest||F|||50|]Aerodactyl||FocusSash|Unnerve|Protect,RockSlide,DualWingbeat,Tailwind|Jolly||M|||50|]Kingambit||ChopleBerry|Defiant|LowKick,IronHead,KowtowCleave,SuckerPunch|Adamant||F|||50|]Farigiraf||SitrusBerry|ArmorTail|TrickRoom,AllySwitch,Psychic,HyperVoice|Quiet||M|||50|
|inactive|Battle timer is ON: inactive players will automatically lose when time's up. (requested by Lorido)
|inactive|ken099 also wants the timer to be on.
|inactive|ken099 has 60 seconds left.
|
|t:|1785345223
|teamsize|p1|4
|teamsize|p2|4
|start
|switch|p1a: Delphox|Delphox, L50, M|100/100
|switch|p1b: Sneasler|Sneasler, L50, M|100/100
|switch|p2a: Kingambit|Kingambit, L50, F|100/100
|switch|p2b: Aerodactyl|Aerodactyl, L50, M|100/100
|-ability|p2b: Aerodactyl|Unnerve
|turn|1
|inactive|Lorido has 30 seconds left.
|inactive|ken099 has 30 seconds left.
|
|t:|1785345256
|detailschange|p1a: Delphox|Delphox-Mega, L50, M
|-mega|p1a: Delphox|Delphox|Delphoxite
|move|p2b: Aerodactyl|Protect|p2b: Aerodactyl
|-singleturn|p2b: Aerodactyl|Protect
|move|p1b: Sneasler|Quick Guard|p1b: Sneasler
|-singleturn|p1b: Sneasler|Quick Guard
|move|p2a: Kingambit|Sucker Punch|p1a: Delphox
|-activate|p1a: Delphox|move: Quick Guard
|move|p1a: Delphox|Heat Wave|p2a: Kingambit|[spread] p2a
|-activate|p2b: Aerodactyl|move: Protect
|-supereffective|p2a: Kingambit|1
|-damage|p2a: Kingambit|20/100r
|
|upkeep
|turn|2
|inactive|Lorido has 30 seconds left.
|inactive|Lorido has 20 seconds left.
|
|t:|1785345293
|switch|p1b: Incineroar|Incineroar, L50, F|100/100
|-ability|p1b: Incineroar|Intimidate|boost
|-unboost|p2a: Kingambit|atk|1
|-ability|p2a: Kingambit|Defiant|boost
|-boost|p2a: Kingambit|atk|2
|-unboost|p2b: Aerodactyl|atk|1
|switch|p2a: Basculegion|Basculegion, L50, M|100/100
|move|p1a: Delphox|Nasty Plot|p1a: Delphox
|-boost|p1a: Delphox|spa|2
|move|p2b: Aerodactyl|Rock Slide|p1a: Delphox|[spread] p1a,p1b
|-supereffective|p1a: Delphox|1
|-supereffective|p1b: Incineroar|1
|-damage|p1a: Delphox|58/100
|-damage|p1b: Incineroar|70/100
|
|upkeep
|turn|3
|inactive|Lorido has 30 seconds left.
|inactive|ken099 has 30 seconds left.
|inactive|Lorido has 20 seconds left.
|inactive|ken099 has 20 seconds left.
|inactive|Lorido has 15 seconds left.
|inactive|ken099 has 15 seconds left.
|inactive|Lorido has 10 seconds left.
|inactive|ken099 has 10 seconds left.
|
|t:|1785345345
|move|p1a: Delphox|Protect|p1a: Delphox
|-singleturn|p1a: Delphox|Protect
|move|p2b: Aerodactyl|Protect|p2b: Aerodactyl
|-singleturn|p2b: Aerodactyl|Protect
|move|p2a: Basculegion|Wave Crash|p1b: Incineroar
|-supereffective|p1b: Incineroar|1
|-damage|p1b: Incineroar|0 fnt
|faint|p1b: Incineroar
|-damage|p2a: Basculegion|76/100|[from] Recoil
|
|upkeep
|
|t:|1785345352
|switch|p1b: Sinistcha|Sinistcha, L50|100/100
|-heal|p1a: Delphox|82/100|[from] ability: Hospitality|[of] p1b: Sinistcha
|turn|4
|inactive|ken099 has 30 seconds left.
|
|t:|1785345387
|switch|p2a: Kingambit|Kingambit, L50, F|20/100r
|move|p1b: Sinistcha|Rage Powder|p1b: Sinistcha
|-singleturn|p1b: Sinistcha|move: Rage Powder
|move|p1a: Delphox|Heat Wave|p2a: Kingambit|[spread] p2a,p2b
|-supereffective|p2a: Kingambit|1
|-resisted|p2b: Aerodactyl|1
|-damage|p2a: Kingambit|0 fnt
|-damage|p2b: Aerodactyl|47/100
|faint|p2a: Kingambit
|move|p2b: Aerodactyl|Rock Slide|p1b: Sinistcha|[spread] p1a,p1b
|-supereffective|p1a: Delphox|1
|-damage|p1a: Delphox|38/100
|-damage|p1b: Sinistcha|85/100
|
|upkeep
|inactive|ken099 has 30 seconds left.
|
|t:|1785345415
|switch|p2a: Sneasler|Sneasler, L50, F|100/100
|turn|5
|
|t:|1785345434
|switch|p2b: Basculegion|Basculegion, L50, M|76/100
|move|p1a: Delphox|Protect|p1a: Delphox
|-singleturn|p1a: Delphox|Protect
|move|p2a: Sneasler|Fake Out|p1a: Delphox
|-activate|p1a: Delphox|move: Protect
|move|p1b: Sinistcha|Matcha Gotcha|p2b: Basculegion|[spread] p2a,p2b
|-resisted|p2a: Sneasler|1
|-supereffective|p2b: Basculegion|1
|-damage|p2a: Sneasler|82/100
|-heal|p1b: Sinistcha|93/100|[from] drain|[of] p2a: Sneasler
|-damage|p2b: Basculegion|15/100
|-heal|p1b: Sinistcha|100/100|[from] drain|[of] p2b: Basculegion
|
|upkeep
|turn|6
|inactive|ken099 has 30 seconds left.
|inactive|ken099 has 20 seconds left.
|
|t:|1785345472
|move|p1b: Sinistcha|Rage Powder|p1b: Sinistcha
|-singleturn|p1b: Sinistcha|move: Rage Powder
|move|p2b: Basculegion|Aqua Jet|p1b: Sinistcha
|-resisted|p1b: Sinistcha|1
|-damage|p1b: Sinistcha|90/100
|move|p1a: Delphox|Heat Wave|p2b: Basculegion|[spread] p2a,p2b
|-resisted|p2b: Basculegion|1
|-damage|p2a: Sneasler|0 fnt
|-damage|p2b: Basculegion|0 fnt
|faint|p2a: Sneasler
|faint|p2b: Basculegion
|
|upkeep
|
|t:|1785345478
|switch|p2a: Aerodactyl|Aerodactyl, L50, M|47/100
|-ability|p2a: Aerodactyl|Unnerve
|turn|7
|l|☆ken099
|inactive|ken099 disconnected and has 300 seconds to reconnect!
|player|p2|
|
|t:|1785345491
|switch|p1b: Sneasler|Sneasler, L50, M|100/100
|move|p1a: Delphox|Psychic|p2a: Aerodactyl
|-damage|p2a: Aerodactyl|0 fnt
|faint|p2a: Aerodactyl
|
|win|Lorido
