|j|☆thr33zz
|j|☆No.1 Bug Fan
|html|thr33zzNo.1 Bug Fan    
|uhtml|bestof|Game 3 of a best-of-3
|t:|1785374754
|gametype|doubles
|player|p1|thr33zz|shadowtriad|1034
|player|p2|No.1 Bug Fan|burgh-masters|1072
|gen|9
|tier|[Gen 9 Champions] VGC 2026 Reg M-B (Bo3)
|rated|
|rule|Species Clause: Limit one of each Pokémon
|rule|Item Clause: Limit 1 of each item
|clearpoke
|poke|p1|Torkoal, L50, F|
|poke|p1|Farigiraf, L50, M|
|poke|p1|Kangaskhan, L50, F|
|poke|p1|Venusaur, L50, M|
|poke|p1|Lycanroc-Dusk, L50, F|
|poke|p1|Mawile, L50, F|
|poke|p2|Froslass, L50, F|
|poke|p2|Scovillain, L50, F, shiny|
|poke|p2|Basculegion, L50, M|
|poke|p2|Kingambit, L50, F, shiny|
|poke|p2|Sneasler, L50, F, shiny|
|poke|p2|Lycanroc-Dusk, L50, M, shiny|
|teampreview|4
|showteam|p1|Torkoal||Charcoal|Drought|Eruption,Overheat,Protect,EarthPower|Quiet||F|||50|]Farigiraf||SitrusBerry|ArmorTail|Psychic,HelpingHand,Protect,TrickRoom|Bold||M|||50|]Kangaskhan||SilkScarf|Scrappy|FakeOut,LastResort|Brave||F|||50|]Venusaur||Venusaurite|Chlorophyll|SludgeBomb,GigaDrain,Protect,EarthPower|Modest||M|||50|]Lycanroc-Dusk||FocusSash|ToughClaws|RockSlide,Accelerock,CloseCombat,Protect|Adamant||F|||50|]Mawile||Mawilite|Intimidate|SuckerPunch,Protect,PlayRough,IronHead|Adamant||F|||50|
|showteam|p2|Froslass||Froslassite|CursedBody|Blizzard,ShadowBall,AuroraVeil,Protect|Modest||F|||50|]Scovillain||Scovillainite|Moody|GigaDrain,Overheat,RagePowder,Protect|Bold||F|||50|]Basculegion||SitrusBerry|Adaptability|WaveCrash,LastRespects,AquaJet,Protect|Adamant||M|||50|]Kingambit||LifeOrb|Defiant|KowtowCleave,SuckerPunch,SwordsDance,Protect|Adamant||F|||50|]Sneasler||WhiteHerb|Unburden|CloseCombat,GunkShot,Protect,FakeOut|Adamant||F|||50|]Lycanroc-Dusk||FocusSash|ToughClaws|CloseCombat,Accelerock,RockSlide,Protect|Adamant||M|||50|
|inactive|Battle timer is ON: inactive players will automatically lose when time's up. (requested by No.1 Bug Fan)
|inactive|No.1 Bug Fan has 60 seconds left.
|
|t:|1785374797
|teamsize|p1|4
|teamsize|p2|4
|start
|switch|p1a: Venusaur|Venusaur, L50, M|100/100
|switch|p1b: Torkoal|Torkoal, L50, F|100/100
|switch|p2a: Paul|Kingambit, L50, F, shiny|100/100
|switch|p2b: milk|Scovillain, L50, F, shiny|100/100
|-weather|SunnyDay|[from] ability: Drought|[of] p1b: Torkoal
|turn|1
|inactive|thr33zz has 30 seconds left.
|inactive|No.1 Bug Fan has 30 seconds left.
|inactive|No.1 Bug Fan has 20 seconds left.
|inactive|No.1 Bug Fan has 15 seconds left.
|
|t:|1785374840
|detailschange|p2b: milk|Scovillain-Mega, L50, F, shiny
|-mega|p2b: milk|Scovillain|Scovillainite
|move|p2b: milk|Protect|p2b: milk
|-singleturn|p2b: milk|Protect
|move|p2a: Paul|Sucker Punch|p1a: Venusaur
|-damage|p1a: Venusaur|25/100
|-damage|p2a: Paul|90/100|[from] item: Life Orb
|move|p1a: Venusaur|Sludge Bomb|p2b: milk
|-activate|p2b: milk|move: Protect
|move|p1b: Torkoal|Overheat|p2a: Paul
|-supereffective|p2a: Paul|1
|-damage|p2a: Paul|0 fnt
|-unboost|p1b: Torkoal|spa|2
|faint|p2a: Paul
|
|-weather|SunnyDay|[upkeep]
|upkeep
|
|t:|1785374857
|switch|p2a: fih is calling|Basculegion, L50, M|100/100
|turn|2
|
|t:|1785374872
|switch|p2b: Sonion ring|Sneasler, L50, F, shiny|100/100
|switch|p1b: Farigiraf|Farigiraf, L50, M|100/100
|move|p1a: Venusaur|Protect|p1a: Venusaur
|-singleturn|p1a: Venusaur|Protect
|move|p2a: fih is calling|Wave Crash|p1b: Farigiraf
|-damage|p1b: Farigiraf|66/100
|-damage|p2a: fih is calling|88/100|[from] Recoil
|
|-weather|SunnyDay|[upkeep]
|upkeep
|turn|3
|inactive|thr33zz has 30 seconds left.
|
|t:|1785374900
|move|p1b: Farigiraf|Protect|p1b: Farigiraf
|-singleturn|p1b: Farigiraf|Protect
|move|p1a: Venusaur|Giga Drain|p2a: fih is calling
|-supereffective|p2a: fih is calling|1
|-damage|p2a: fih is calling|14/100
|-heal|p1a: Venusaur|77/100|[from] drain|[of] p2a: fih is calling
|-enditem|p2a: fih is calling|Sitrus Berry|[eat]
|-heal|p2a: fih is calling|39/100|[from] item: Sitrus Berry
|move|p2b: Sonion ring|Close Combat|p1b: Farigiraf
|-activate|p1b: Farigiraf|move: Protect
|move|p2a: fih is calling|Last Respects|p1a: Venusaur
|-damage|p1a: Venusaur|0 fnt
|faint|p1a: Venusaur
|
|-weather|SunnyDay|[upkeep]
|upkeep
|
|t:|1785374913
|switch|p1a: Mawile|Mawile, L50, F|100/100
|-ability|p1a: Mawile|Intimidate|boost
|-unboost|p2a: fih is calling|atk|1
|-unboost|p2b: Sonion ring|atk|1
|-enditem|p2b: Sonion ring|White Herb
|-clearnegativeboost|p2b: Sonion ring|[silent]
|turn|4
|
|t:|1785374925
|switch|p2a: milk|Scovillain-Mega, L50, F, shiny|100/100
|detailschange|p1a: Mawile|Mawile-Mega, L50, F
|-mega|p1a: Mawile|Mawile|Mawilite
|move|p1a: Mawile|Sucker Punch||[still]
|-fail|p1a: Mawile
|move|p2b: Sonion ring|Close Combat|p1b: Farigiraf
|-damage|p1b: Farigiraf|5/100
|-unboost|p2b: Sonion ring|def|1
|-unboost|p2b: Sonion ring|spd|1
|-enditem|p1b: Farigiraf|Sitrus Berry|[eat]
|-heal|p1b: Farigiraf|29/100|[from] item: Sitrus Berry
|move|p1b: Farigiraf|Trick Room|p1b: Farigiraf
|-fieldstart|move: Trick Room|[of] p1b: Farigiraf
|
|-weather|SunnyDay|[upkeep]
|upkeep
|turn|5
|
|t:|1785374943
|switch|p1a: Torkoal|Torkoal, L50, F|100/100
|move|p1b: Farigiraf|Protect|p1b: Farigiraf
|-singleturn|p1b: Farigiraf|Protect
|move|p2b: Sonion ring|Protect|p2b: Sonion ring
|-singleturn|p2b: Sonion ring|Protect
|move|p2a: milk|Overheat|p1a: Torkoal|[miss]
|-miss|p2a: milk|p1a: Torkoal
|
|-weather|none
|upkeep
|turn|6
|inactive|No.1 Bug Fan has 30 seconds left.
|inactive|No.1 Bug Fan has 20 seconds left.
|
|t:|1785374981
|switch|p2b: fih is calling|Basculegion, L50, M|39/100
|move|p1b: Farigiraf|Helping Hand|p1a: Torkoal
|-singleturn|p1a: Torkoal|Helping Hand|[of] p1b: Farigiraf
|move|p1a: Torkoal|Eruption|p2a: milk|[spread] p2a,p2b
|-resisted|p2b: fih is calling|1
|-damage|p2a: milk|10/100
|-damage|p2b: fih is calling|0 fnt
|-immune|p1a: Torkoal
|faint|p2b: fih is calling
|move|p2a: milk|Giga Drain|p1b: Farigiraf
|-damage|p1b: Farigiraf|0 fnt
|-heal|p2a: milk|30/100|[from] drain|[of] p1b: Farigiraf
|faint|p1b: Farigiraf
|
|upkeep
|
|t:|1785374992
|switch|p1b: Mawile|Mawile-Mega, L50, F|100/100
|switch|p2b: Sonion ring|Sneasler, L50, F, shiny|100/100
|turn|7
|
|t:|1785375005
|move|p1a: Torkoal|Protect|p1a: Torkoal
|-singleturn|p1a: Torkoal|Protect
|move|p1b: Mawile|Protect|p1b: Mawile
|-singleturn|p1b: Mawile|Protect
|move|p2b: Sonion ring|Fake Out|p1a: Torkoal
|-activate|p1a: Torkoal|move: Protect
|move|p2a: milk|Overheat|p1b: Mawile
|-activate|p1b: Mawile|move: Protect
|
|upkeep
|turn|8
|
|t:|1785375018
|move|p2a: milk|Protect|p2a: milk
|-singleturn|p2a: milk|Protect
|move|p2b: Sonion ring|Protect|p2b: Sonion ring
|-singleturn|p2b: Sonion ring|Protect
|move|p1a: Torkoal|Eruption|p2b: Sonion ring|[spread] 
|-activate|p2a: milk|move: Protect
|-activate|p2b: Sonion ring|move: Protect
|move|p1b: Mawile|Play Rough|p2b: Sonion ring
|-activate|p2b: Sonion ring|move: Protect
|
|-fieldend|move: Trick Room
|upkeep
|turn|9
|
|t:|1785375033
|move|p2a: milk|Rage Powder|p2a: milk
|-singleturn|p2a: milk|move: Rage Powder
|move|p2b: Sonion ring|Gunk Shot|p1a: Torkoal
|-damage|p1a: Torkoal|57/100
|move|p1b: Mawile|Play Rough|p2a: milk
|-resisted|p2a: milk|1
|-damage|p2a: milk|0 fnt
|-status|p1b: Mawile|brn|[from] ability: Spicy Spray|[of] p2a: milk
|faint|p2a: milk
|move|p1a: Torkoal|Overheat|p2b: Sonion ring
|-damage|p2b: Sonion ring|16/100
|-unboost|p1a: Torkoal|spa|2
|
|-damage|p1b: Mawile|94/100 brn|[from] brn
|upkeep
|turn|10
|-message|No.1 Bug Fan forfeited.
|raw|thr33zz's rating: 1034 → 1073(+39 for winning)
|raw|No.1 Bug Fan's rating: 1072 → 1049(-23 for losing)
|
|win|thr33zz
