|j|☆marin le paon
|j|☆blackstormgames
|html|marin le paonblackstormgames    
|uhtml|bestof|Game 1 of a best-of-3
|t:|1782516602
|gametype|doubles
|player|p1|marin le paon|101|1185
|player|p2|blackstormgames|lance|1287
|gen|9
|tier|[Gen 9 Champions] VGC 2026 Reg M-B (Bo3)
|rated|
|rule|Species Clause: Limit one of each Pokémon
|rule|Item Clause: Limit 1 of each item
|clearpoke
|poke|p1|Tyranitar, L50, F|
|poke|p1|Scizor, L50, M|
|poke|p1|Maushold-Four, L50|
|poke|p1|Glimmora, L50, F|
|poke|p1|Rotom-Mow, L50|
|poke|p1|Annihilape, L50, M|
|poke|p2|Metagross, L50|
|poke|p2|Grimmsnarl, L50, M|
|poke|p2|Milotic, L50, F|
|poke|p2|Garchomp, L50, F|
|poke|p2|Incineroar, L50, M|
|poke|p2|Venusaur, L50, M|
|teampreview|4
|showteam|p1|Tyranitar||Tyranitarite|SandStream|RockSlide,Crunch,DragonDance,Protect|Jolly||F|||50|]Scizor||Scizorite|Technician|BulletPunch,BugBite,SwordsDance,Protect|Adamant||M|||50|]Maushold-Four||SitrusBerry|FriendGuard|SuperFang,FollowMe,Taunt,Protect|Timid|||||50|]Glimmora||FocusSash|ToxicDebris|SludgeBomb,PowerGem,EarthPower,SpikyShield|Modest||F|||50|]Rotom-Mow||Leftovers|Levitate|LeafStorm,Thunderbolt,WillOWisp,Protect|Modest|||||50|]Annihilape||ChoiceScarf|Defiant|RageFist,CloseCombat,IcePunch,Uturn|Jolly||M|||50|
|showteam|p2|Metagross||Metagrossite|ClearBody|IronHead,PsychicFangs,StompingTantrum,Protect|Jolly|||||50|]Grimmsnarl||LightClay|Prankster|FoulPlay,LightScreen,Reflect,PartingShot|Careful||M|||50|]Milotic||Leftovers|Competitive|MuddyWater,Coil,Hypnosis,Recover|Bold||F|||50|]Garchomp||LifeOrb|RoughSkin|StompingTantrum,DragonClaw,RockSlide,Protect|Jolly||F|||50|]Incineroar||SitrusBerry|Intimidate|FakeOut,FlareBlitz,PartingShot,ThroatChop|Careful||M|||50|]Venusaur||Venusaurite|Overgrow|SludgeBomb,GigaDrain,EarthPower,Protect|Modest||M|||50|
|
|t:|1782516645
|teamsize|p1|4
|teamsize|p2|4
|start
|switch|p1a: Maushold|Maushold-Four, L50|100/100
|switch|p1b: Rotom|Rotom-Mow, L50|100/100
|switch|p2a: Grimmsnarl|Grimmsnarl, L50, M|100/100
|switch|p2b: Milotic|Milotic, L50, F|100/100
|turn|1
|
|t:|1782516668
|switch|p2b: Garchomp|Garchomp, L50, F|100/100
|move|p2a: Grimmsnarl|Parting Shot|p1b: Rotom
|-unboost|p1b: Rotom|atk|1
|-unboost|p1b: Rotom|spa|1
|
|t:|1782516673
|switch|p2a: Metagross|Metagross, L50|100/100|[from] Parting Shot
|move|p1a: Maushold|Taunt|p2b: Garchomp
|-start|p2b: Garchomp|move: Taunt
|move|p1b: Rotom|Will-O-Wisp|p2a: Metagross
|-status|p2a: Metagross|brn
|
|-damage|p2a: Metagross|93/100 brn|[from] brn
|upkeep
|turn|2
|
|t:|1782516692
|detailschange|p2a: Metagross|Metagross-Mega, L50
|-mega|p2a: Metagross|Metagross|Metagrossite
|move|p1a: Maushold|Follow Me|p1a: Maushold
|-singleturn|p1a: Maushold|move: Follow Me
|move|p2a: Metagross|Psychic Fangs|p1a: Maushold
|-damage|p1a: Maushold|60/100
|move|p2b: Garchomp|Stomping Tantrum|p1a: Maushold
|-damage|p1a: Maushold|0 fnt
|faint|p1a: Maushold
|-damage|p2b: Garchomp|90/100|[from] item: Life Orb
|move|p1b: Rotom|Will-O-Wisp|p2b: Garchomp
|-status|p2b: Garchomp|brn
|
|-damage|p2a: Metagross|87/100 brn|[from] brn
|-damage|p2b: Garchomp|84/100 brn|[from] brn
|upkeep
|
|t:|1782516716
|switch|p1a: Annihilape|Annihilape, L50, M|100/100
|turn|3
|
|t:|1782516724
|switch|p2a: Milotic|Milotic, L50, F|100/100
|switch|p2b: Grimmsnarl|Grimmsnarl, L50, M|100/100
|move|p1a: Annihilape|Rage Fist|p2a: Milotic
|-damage|p2a: Milotic|82/100
|move|p1b: Rotom|Thunderbolt|p2a: Milotic
|-supereffective|p2a: Milotic|1
|-damage|p2a: Milotic|42/100
|
|-heal|p2a: Milotic|48/100|[from] item: Leftovers
|upkeep
|turn|4
|
|t:|1782516745
|switch|p1b: Tyranitar|Tyranitar, L50, F|100/100
|-weather|Sandstorm|[from] ability: Sand Stream|[of] p1b: Tyranitar
|move|p2b: Grimmsnarl|Light Screen|p2b: Grimmsnarl
|-sidestart|p2: blackstormgames|move: Light Screen
|move|p1a: Annihilape|Rage Fist|p2a: Milotic
|-damage|p2a: Milotic|31/100
|move|p2a: Milotic|Coil|p2a: Milotic
|-boost|p2a: Milotic|atk|1
|-boost|p2a: Milotic|def|1
|-boost|p2a: Milotic|accuracy|1
|
|-weather|Sandstorm|[upkeep]
|-damage|p1a: Annihilape|93/100|[from] Sandstorm
|-damage|p2a: Milotic|25/100|[from] Sandstorm
|-damage|p2b: Grimmsnarl|94/100|[from] Sandstorm
|-heal|p2a: Milotic|31/100|[from] item: Leftovers
|upkeep
|turn|5
|
|t:|1782516767
|detailschange|p1b: Tyranitar|Tyranitar-Mega, L50, F
|-mega|p1b: Tyranitar|Tyranitar|Tyranitarite
|move|p2b: Grimmsnarl|Reflect|p2b: Grimmsnarl
|-sidestart|p2: blackstormgames|Reflect
|move|p1a: Annihilape|Rage Fist|p2a: Milotic
|-damage|p2a: Milotic|23/100
|move|p1b: Tyranitar|Dragon Dance|p1b: Tyranitar
|-boost|p1b: Tyranitar|atk|1
|-boost|p1b: Tyranitar|spe|1
|move|p2a: Milotic|Recover|p2a: Milotic
|-heal|p2a: Milotic|73/100
|
|-weather|Sandstorm|[upkeep]
|-damage|p1a: Annihilape|87/100|[from] Sandstorm
|-damage|p2a: Milotic|67/100|[from] Sandstorm
|-damage|p2b: Grimmsnarl|88/100|[from] Sandstorm
|-heal|p2a: Milotic|73/100|[from] item: Leftovers
|upkeep
|turn|6
|
|t:|1782516797
|move|p1a: Annihilape|Rage Fist|p2a: Milotic
|-damage|p2a: Milotic|65/100
|move|p1b: Tyranitar|Rock Slide|p2a: Milotic|[spread] p2a,p2b
|-damage|p2a: Milotic|47/100
|-damage|p2b: Grimmsnarl|49/100
|move|p2a: Milotic|Hypnosis|p1b: Tyranitar
|-status|p1b: Tyranitar|slp|[from] move: Hypnosis
|cant|p2b: Grimmsnarl|flinch
|
|-weather|Sandstorm|[upkeep]
|-damage|p1a: Annihilape|81/100|[from] Sandstorm
|-damage|p2a: Milotic|41/100|[from] Sandstorm
|-damage|p2b: Grimmsnarl|43/100|[from] Sandstorm
|-heal|p2a: Milotic|47/100|[from] item: Leftovers
|upkeep
|turn|7
|
|t:|1782516816
|switch|p2b: Metagross|Metagross-Mega, L50|87/100 brn
|move|p1a: Annihilape|Rage Fist|p2a: Milotic
|-damage|p2a: Milotic|39/100
|cant|p1b: Tyranitar|slp
|move|p2a: Milotic|Recover|p2a: Milotic
|-heal|p2a: Milotic|89/100
|
|-weather|Sandstorm|[upkeep]
|-damage|p1a: Annihilape|75/100|[from] Sandstorm
|-damage|p2a: Milotic|83/100|[from] Sandstorm
|-heal|p2a: Milotic|89/100|[from] item: Leftovers
|-damage|p2b: Metagross|81/100 brn|[from] brn
|upkeep
|turn|8
|
|t:|1782516846
|move|p1a: Annihilape|Rage Fist|p2b: Metagross
|-supereffective|p2b: Metagross|1
|-damage|p2b: Metagross|56/100 brn
|cant|p1b: Tyranitar|slp
|move|p2b: Metagross|Iron Head|p1b: Tyranitar
|-supereffective|p1b: Tyranitar|1
|-damage|p1b: Tyranitar|58/100 slp
|move|p2a: Milotic|Muddy Water|p1a: Annihilape|[spread] p1a,p1b
|-supereffective|p1b: Tyranitar|1
|-damage|p1a: Annihilape|52/100
|-damage|p1b: Tyranitar|30/100 slp
|
|-weather|none
|-heal|p2a: Milotic|95/100|[from] item: Leftovers
|-damage|p2b: Metagross|50/100y brn|[from] brn
|upkeep
|turn|9
|
|t:|1782516863
|-curestatus|p1b: Tyranitar|slp|[msg]
|move|p1b: Tyranitar|Protect|p1b: Tyranitar
|-singleturn|p1b: Tyranitar|Protect
|move|p2b: Metagross|Protect|p2b: Metagross
|-singleturn|p2b: Metagross|Protect
|move|p1a: Annihilape|Rage Fist|p2b: Metagross
|-activate|p2b: Metagross|move: Protect
|move|p2a: Milotic|Hypnosis|p1a: Annihilape
|-status|p1a: Annihilape|slp|[from] move: Hypnosis
|
|-heal|p2a: Milotic|100/100|[from] item: Leftovers
|-damage|p2b: Metagross|43/100 brn|[from] brn
|upkeep
|turn|10
|
|t:|1782516879
|cant|p1a: Annihilape|slp
|move|p1b: Tyranitar|Rock Slide|p2a: Milotic|[spread] p2a,p2b
|-resisted|p2b: Metagross|1
|-damage|p2a: Milotic|82/100
|-damage|p2b: Metagross|30/100 brn
|move|p2b: Metagross|Psychic Fangs|p1a: Annihilape
|-supereffective|p1a: Annihilape|1
|-damage|p1a: Annihilape|0 fnt
|faint|p1a: Annihilape
|move|p2a: Milotic|Muddy Water|p1b: Tyranitar
|-supereffective|p1b: Tyranitar|1
|-damage|p1b: Tyranitar|0 fnt
|faint|p1b: Tyranitar
|
|-heal|p2a: Milotic|88/100|[from] item: Leftovers
|-damage|p2b: Metagross|23/100 brn|[from] brn
|upkeep
|-message|marin le paon forfeited.
|
|win|blackstormgames
|l|☆marin le paon
|player|p1|
||blackstormgames is ready for game 2.
||marin le paon is ready for game 2.
|uhtml|next|Next: Game 2 of 3
