|j|☆Tonypajamas17
|j|☆Museigentest
|html|Tonypajamas17Museigentest    
|uhtml|bestof|Game 2 of a best-of-3
|t:|1757197877
|gametype|doubles
|player|p1|Tonypajamas17|2|1391
|player|p2|Museigentest|265|1377
|gen|9
|tier|[Gen 9] VGC 2025 Reg H (Bo3)
|rated|
|rule|Species Clause: Limit one of each Pokémon
|rule|Item Clause: Limit 1 of each item
|clearpoke
|poke|p1|Tyranitar, L50, M|
|poke|p1|Excadrill, L50, M|
|poke|p1|Indeedee, L50, M|
|poke|p1|Sneasler, L50, M|
|poke|p1|Kilowattrel, L50, F|
|poke|p1|Amoonguss, L50, F|
|poke|p2|Sneasler, L50, F|
|poke|p2|Indeedee, L50, M|
|poke|p2|Volcarona, L50, M|
|poke|p2|Ursaluna-Bloodmoon, L50, M|
|poke|p2|Annihilape, L50, F|
|poke|p2|Tyranitar, L50, M|
|teampreview|4
|showteam|p1|Tyranitar||AssaultVest|SandStream|RockSlide,TeraBlast,LowKick,KnockOff|||M|||50|,,,,,Flying]Excadrill||FocusSash|SandRush|Earthquake,IronHead,Protect,HighHorsepower|||M|||50|,,,,,Ghost]Indeedee||ChoiceScarf|PsychicSurge|ExpandingForce,TeraBlast,Trick,ShadowBall|||M|||50|,,,,,Fighting]Sneasler||PsychicSeed|Unburden|CloseCombat,Protect,Taunt,DireClaw|||M|||50|,,,,,Dark]Kilowattrel||SafetyGoggles|Competitive|Tailwind,Protect,Thunderbolt,AirSlash|||F|||50|,,,,,Ghost]Amoonguss||CovertCloak|Regenerator|Spore,RagePowder,PollenPuff,Protect|||F|||50|,,,,,Water
|showteam|p2|Sneasler||PsychicSeed|Unburden|CloseCombat,DireClaw,ThroatChop,Protect|||F|||50|,,,,,Dark]Indeedee||ChoiceScarf|PsychicSurge|ExpandingForce,TeraBlast,Trick,Protect|||M|||50|,,,,,Psychic]Volcarona||SitrusBerry|FlameBody|Overheat,StruggleBug,RagePowder,Tailwind|||M|||50|,,,,,Grass]Ursaluna-Bloodmoon||LifeOrb|MindsEye|BloodMoon,HyperVoice,EarthPower,Protect|||M|||50|,,,,,Normal]Annihilape||SafetyGoggles|Defiant|CloseCombat,RageFist,Taunt,FinalGambit|||F|||50|,,,,,Fairy]Tyranitar||AssaultVest|SandStream|RockSlide,KnockOff,TeraBlast,LowKick|||M|||50|,,,,,Flying
|inactive|Battle timer is ON: inactive players will automatically lose when time's up. (requested by Museigentest)
|inactive|Tonypajamas17 has 60 seconds left.
|inactive|Tonypajamas17 has 30 seconds left.
|inactive|Tonypajamas17 has 20 seconds left.
|inactive|Tonypajamas17 has 15 seconds left.
|inactive|Tonypajamas17 has 10 seconds left.
|inactive|Tonypajamas17 has 5 seconds left.
|
|t:|1757198002
|teamsize|p1|4
|teamsize|p2|4
|start
|switch|p1a: Kilowattrel|Kilowattrel, L50, F|100/100
|switch|p1b: Excadrill|Excadrill, L50, M|100/100
|switch|p2a: Annihilape|Annihilape, L50, F|100/100
|switch|p2b: Tyranitar|Tyranitar, L50, M|100/100
|-weather|Sandstorm|[from] ability: Sand Stream|[of] p2b: Tyranitar
|turn|1
|inactive|Museigentest has 30 seconds left.
|inactive|Museigentest has 20 seconds left.
|inactive|Museigentest has 15 seconds left.
|inactive|Museigentest has 10 seconds left.
|
|t:|1757198051
|-terastallize|p2b: Tyranitar|Flying
|move|p1a: Kilowattrel|Protect|p1a: Kilowattrel
|-singleturn|p1a: Kilowattrel|Protect
|move|p1b: Excadrill|Iron Head|p2b: Tyranitar
|-damage|p2b: Tyranitar|64/100
|move|p2a: Annihilape|Close Combat|p1b: Excadrill
|-supereffective|p1b: Excadrill
|-enditem|p1b: Excadrill|Focus Sash
|-damage|p1b: Excadrill|1/100
|-unboost|p2a: Annihilape|def|1
|-unboost|p2a: Annihilape|spd|1
|cant|p2b: Tyranitar|flinch
|
|-weather|Sandstorm|[upkeep]
|-damage|p2b: Tyranitar|58/100|[from] Sandstorm
|upkeep
|turn|2
|inactive|Museigentest has 30 seconds left.
|inactive|Museigentest has 20 seconds left.
|
|t:|1757198088
|move|p1b: Excadrill|High Horsepower|p2a: Annihilape
|-damage|p2a: Annihilape|17/100
|move|p1a: Kilowattrel|Thunderbolt|p2b: Tyranitar
|-supereffective|p2b: Tyranitar
|-damage|p2b: Tyranitar|14/100
|-status|p2b: Tyranitar|par
|move|p2a: Annihilape|Rage Fist|p1a: Kilowattrel
|-damage|p1a: Kilowattrel|18/100
|move|p2b: Tyranitar|Knock Off|p1a: Kilowattrel
|-damage|p1a: Kilowattrel|0 fnt
|-enditem|p1a: Kilowattrel|Safety Goggles|[from] move: Knock Off|[of] p2b: Tyranitar
|faint|p1a: Kilowattrel
|
|-weather|Sandstorm|[upkeep]
|-damage|p2b: Tyranitar|8/100 par|[from] Sandstorm
|upkeep
|
|t:|1757198108
|switch|p1a: Tyranitar|Tyranitar, L50, M, shiny|100/100
|turn|3
|
|t:|1757198124
|move|p1b: Excadrill|Iron Head|p2a: Annihilape
|-damage|p2a: Annihilape|0 fnt
|faint|p2a: Annihilape
|move|p1a: Tyranitar|Knock Off|p2b: Tyranitar
|-damage|p2b: Tyranitar|0 fnt
|-enditem|p2b: Tyranitar|Assault Vest|[from] move: Knock Off|[of] p1a: Tyranitar
|faint|p2b: Tyranitar
|
|-weather|Sandstorm|[upkeep]
|upkeep
|
|t:|1757198127
|switch|p2a: Sneasler|Sneasler, L50, F|100/100
|switch|p2b: Indeedee|Indeedee, L50, M|100/100
|-fieldstart|move: Psychic Terrain|[from] ability: Psychic Surge|[of] p2b: Indeedee
|-enditem|p2a: Sneasler|Psychic Seed
|-boost|p2a: Sneasler|spd|1|[from] item: Psychic Seed
|turn|4
|inactive|Tonypajamas17 has 30 seconds left.
|
|t:|1757198157
|-terastallize|p1a: Tyranitar|Flying
|move|p2a: Sneasler|Protect|p2a: Sneasler
|-singleturn|p2a: Sneasler|Protect
|move|p1b: Excadrill|Earthquake|p2a: Sneasler|[spread] p2b
|-activate|p2a: Sneasler|move: Protect
|-immune|p1a: Tyranitar
|-damage|p2b: Indeedee|12/100
|move|p2b: Indeedee|Expanding Force|p1a: Tyranitar|[spread] p1a,p1b
|-resisted|p1b: Excadrill
|-damage|p1a: Tyranitar|65/100
|-damage|p1b: Excadrill|0 fnt
|faint|p1b: Excadrill
|move|p1a: Tyranitar|Knock Off|p2b: Indeedee
|-supereffective|p2b: Indeedee
|-damage|p2b: Indeedee|0 fnt
|-enditem|p2b: Indeedee|Choice Scarf|[from] move: Knock Off|[of] p1a: Tyranitar
|faint|p2b: Indeedee
|
|-weather|Sandstorm|[upkeep]
|-damage|p2a: Sneasler|95/100|[from] Sandstorm
|-damage|p1a: Tyranitar|59/100|[from] Sandstorm
|upkeep
|
|t:|1757198167
|switch|p1b: Sneasler|Sneasler, L50, M, shiny|100/100
|-enditem|p1b: Sneasler|Psychic Seed
|-boost|p1b: Sneasler|spd|1|[from] item: Psychic Seed
|turn|5
|
|t:|1757198192
|move|p1b: Sneasler|Dire Claw|p2a: Sneasler
|-resisted|p2a: Sneasler
|-damage|p2a: Sneasler|56/100
|-status|p2a: Sneasler|par
|move|p2a: Sneasler|Dire Claw|p1a: Tyranitar
|-damage|p1a: Tyranitar|21/100
|move|p1a: Tyranitar|Tera Blast|p2a: Sneasler|[anim] Tera Blast Flying
|-supereffective|p2a: Sneasler
|-damage|p2a: Sneasler|0 fnt
|faint|p2a: Sneasler
|
|win|Tonypajamas17
|raw|Tonypajamas17's rating: 1391 → 1410(+19 for winning)
|raw|Museigentest's rating: 1377 → 1358(-19 for losing)
|c|☆Museigentest|gg
|l|☆Tonypajamas17
|player|p1|
