|j|☆chocokoala vgc
|j|☆jgm1234
|html|chocokoala vgcjgm1234    
|uhtml|bestof|Game 1 of a best-of-3
|t:|1785179994
|gametype|doubles
|player|p1|chocokoala vgc|benga|1320
|player|p2|jgm1234|emmet|1393
|gen|9
|tier|[Gen 9 Champions] VGC 2026 Reg M-B (Bo3)
|rated|
|rule|Species Clause: Limit one of each Pokémon
|rule|Item Clause: Limit 1 of each item
|clearpoke
|poke|p1|Scovillain, L50, M|
|poke|p1|Primarina, L50, F|
|poke|p1|Aerodactyl, L50, M|
|poke|p1|Garchomp, L50, M|
|poke|p1|Gholdengo, L50|
|poke|p1|Grimmsnarl, L50, M|
|poke|p2|Grimmsnarl, L50, M|
|poke|p2|Swampert, L50, M|
|poke|p2|Pelipper, L50, F|
|poke|p2|Archaludon, L50, M|
|poke|p2|Sinistcha, L50|
|poke|p2|Metagross, L50|
|teampreview|4
|showteam|p1|Scovillain||Scovillainite|Moody|Flamethrower,GigaDrain,Protect,RagePowder|Bold||M|||50|]Primarina||Leftovers|LiquidVoice|HyperVoice,Moonblast,Protect,CalmMind|Modest||F|||50|]Aerodactyl||Aerodactylite|Unnerve|RockSlide,DualWingbeat,Protect,Tailwind|Jolly||M|||50|]Garchomp||SoftSand|RoughSkin|Earthquake,StompingTantrum,Protect,DragonClaw|Jolly||M|||50|]Gholdengo||LifeOrb|GoodasGold|MakeItRain,ShadowBall,Protect,NastyPlot|Modest|||||50|]Grimmsnarl||LightClay|Prankster|LightScreen,Reflect,FakeOut,FoulPlay|Calm||M|||50|
|showteam|p2|Grimmsnarl||LightClay|Prankster|FoulPlay,PartingShot,LightScreen,Reflect|Calm||M|||50|]Swampert||Swampertite|Damp|Protect,IcePunch,WaveCrash,Earthquake|Adamant||M|||50|]Pelipper||SitrusBerry|Drizzle|WideGuard,Tailwind,WeatherBall,Hurricane|Modest||F|||50|]Archaludon||Leftovers|Stamina|Protect,ElectroShot,FlashCannon,DragonPulse|Modest||M|||50|]Sinistcha||ColburBerry|Hospitality|Protect,TrickRoom,MatchaGotcha,RagePowder|Relaxed|||||50|]Metagross||Metagrossite|ClearBody|Protect,BodyPress,PsychicFangs,IronHead|Jolly|||||50|
|inactive|Battle timer is ON: inactive players will automatically lose when time's up. (requested by chocokoala vgc)
|
|t:|1785180024
|teamsize|p1|4
|teamsize|p2|4
|start
|switch|p1a: Grimmsnarl|Grimmsnarl, L50, M|100/100
|switch|p1b: Gholdengo|Gholdengo, L50|100/100
|switch|p2a: Swampert|Swampert, L50, M|100/100
|switch|p2b: Pelipper|Pelipper, L50, F|100/100
|-weather|RainDance|[from] ability: Drizzle|[of] p2b: Pelipper
|turn|1
|
|t:|1785180039
|move|p2a: Swampert|Protect|p2a: Swampert
|-singleturn|p2a: Swampert|Protect
|move|p1a: Grimmsnarl|Fake Out|p2a: Swampert
|-activate|p2a: Swampert|move: Protect
|move|p1b: Gholdengo|Shadow Ball|p2b: Pelipper
|-damage|p2b: Pelipper|34/100
|-enditem|p2b: Pelipper|Sitrus Berry|[eat]
|-heal|p2b: Pelipper|58/100|[from] item: Sitrus Berry
|-damage|p1b: Gholdengo|90/100|[from] item: Life Orb
|move|p2b: Pelipper|Weather Ball|p1a: Grimmsnarl
|-damage|p1a: Grimmsnarl|54/100
|
|-weather|RainDance|[upkeep]
|upkeep
|turn|2
|
|t:|1785180059
|detailschange|p2a: Swampert|Swampert-Mega, L50, M
|-mega|p2a: Swampert|Swampert|Swampertite
|move|p1a: Grimmsnarl|Reflect|p1a: Grimmsnarl
|-sidestart|p1: chocokoala vgc|Reflect
|move|p2a: Swampert|Earthquake|p1a: Grimmsnarl|[spread] p1a,p1b
|-immune|p2b: Pelipper
|-supereffective|p1b: Gholdengo|1
|-damage|p1a: Grimmsnarl|24/100
|-damage|p1b: Gholdengo|17/100
|move|p1b: Gholdengo|Shadow Ball|p2b: Pelipper
|-damage|p2b: Pelipper|0 fnt
|faint|p2b: Pelipper
|-damage|p1b: Gholdengo|7/100|[from] item: Life Orb
|
|-weather|RainDance|[upkeep]
|upkeep
|
|t:|1785180068
|switch|p2b: Archaludon|Archaludon, L50, M|100/100
|turn|3
|
|t:|1785180083
|move|p1b: Gholdengo|Protect|p1b: Gholdengo
|-singleturn|p1b: Gholdengo|Protect
|move|p1a: Grimmsnarl|Light Screen|p1a: Grimmsnarl
|-sidestart|p1: chocokoala vgc|move: Light Screen
|move|p2a: Swampert|Wave Crash|p1b: Gholdengo
|-activate|p1b: Gholdengo|move: Protect
|move|p2b: Archaludon|Electro Shot||[still]
|-prepare|p2b: Archaludon|Electro Shot
|-boost|p2b: Archaludon|spa|1
|-anim|p2b: Archaludon|Electro Shot|p1a: Grimmsnarl
|-damage|p1a: Grimmsnarl|0 fnt
|faint|p1a: Grimmsnarl
|
|-weather|RainDance|[upkeep]
|upkeep
|
|t:|1785180094
|switch|p1a: Scovillain|Scovillain, L50, M|100/100
|turn|4
|
|t:|1785180101
|switch|p1b: Primarina|Primarina, L50, F|100/100
|detailschange|p1a: Scovillain|Scovillain-Mega, L50, M
|-mega|p1a: Scovillain|Scovillain|Scovillainite
|move|p2b: Archaludon|Protect|p2b: Archaludon
|-singleturn|p2b: Archaludon|Protect
|move|p2a: Swampert|Wave Crash|p1a: Scovillain
|-damage|p1a: Scovillain|29/100
|-status|p2a: Swampert|brn|[from] ability: Spicy Spray|[of] p1a: Scovillain
|-damage|p2a: Swampert|79/100 brn|[from] Recoil
|move|p1a: Scovillain|Giga Drain|p2a: Swampert
|-supereffective|p2a: Swampert|2
|-damage|p2a: Swampert|0 fnt
|-heal|p1a: Scovillain|73/100|[from] drain|[of] p2a: Swampert
|faint|p2a: Swampert
|
|-weather|RainDance|[upkeep]
|upkeep
|
|t:|1785180110
|switch|p2a: Sinistcha|Sinistcha, L50|100/100
|turn|5
|
|t:|1785180121
|move|p1a: Scovillain|Rage Powder|p1a: Scovillain
|-singleturn|p1a: Scovillain|move: Rage Powder
|move|p2b: Archaludon|Electro Shot||[still]
|-prepare|p2b: Archaludon|Electro Shot
|-boost|p2b: Archaludon|spa|1
|-anim|p2b: Archaludon|Electro Shot|p1a: Scovillain
|-resisted|p1a: Scovillain|1
|-damage|p1a: Scovillain|49/100
|-status|p2b: Archaludon|brn|[from] ability: Spicy Spray|[of] p1a: Scovillain
|move|p1b: Primarina|Calm Mind|p1b: Primarina
|-boost|p1b: Primarina|spa|1
|-boost|p1b: Primarina|spd|1
|move|p2a: Sinistcha|Matcha Gotcha|p1a: Scovillain|[spread] p1a,p1b
|-resisted|p1a: Scovillain|2
|-supereffective|p1b: Primarina|1
|-damage|p1a: Scovillain|45/100
|-damage|p1b: Primarina|80/100
|-status|p1b: Primarina|brn
|-status|p2a: Sinistcha|brn|[from] ability: Spicy Spray|[of] p1a: Scovillain
|
|-weather|none
|-heal|p1b: Primarina|86/100 brn|[from] item: Leftovers
|-damage|p2b: Archaludon|93/100 brn|[from] brn
|-damage|p1b: Primarina|80/100 brn|[from] brn
|-damage|p2a: Sinistcha|93/100 brn|[from] brn
|upkeep
|turn|6
|
|t:|1785180142
|move|p1a: Scovillain|Rage Powder|p1a: Scovillain
|-singleturn|p1a: Scovillain|move: Rage Powder
|move|p2b: Archaludon|Dragon Pulse|p1a: Scovillain
|-damage|p1a: Scovillain|0 fnt
|faint|p1a: Scovillain
|move|p1b: Primarina|Moonblast|p2b: Archaludon
|-damage|p2b: Archaludon|23/100 brn
|-ability|p2b: Archaludon|Stamina|boost
|-boost|p2b: Archaludon|def|1
|move|p2a: Sinistcha|Matcha Gotcha|p1b: Primarina
|-supereffective|p1b: Primarina|1
|-damage|p1b: Primarina|54/100 brn
|-heal|p2a: Sinistcha|100/100 brn|[from] drain|[of] p1b: Primarina
|
|-heal|p2b: Archaludon|29/100 brn|[from] item: Leftovers
|-heal|p1b: Primarina|60/100 brn|[from] item: Leftovers
|-damage|p2b: Archaludon|23/100 brn|[from] brn
|-damage|p1b: Primarina|54/100 brn|[from] brn
|-damage|p2a: Sinistcha|93/100 brn|[from] brn
|upkeep
|
|t:|1785180151
|switch|p1a: Gholdengo|Gholdengo, L50|7/100
|turn|7
|
|t:|1785180160
|move|p2b: Archaludon|Protect|p2b: Archaludon
|-singleturn|p2b: Archaludon|Protect
|move|p1a: Gholdengo|Shadow Ball|p2a: Sinistcha
|-supereffective|p2a: Sinistcha|1
|-damage|p2a: Sinistcha|0 fnt
|faint|p2a: Sinistcha
|-damage|p1a: Gholdengo|0 fnt|[from] item: Life Orb
|faint|p1a: Gholdengo
|move|p1b: Primarina|Moonblast|p2b: Archaludon
|-activate|p2b: Archaludon|move: Protect
|
|-heal|p2b: Archaludon|29/100 brn|[from] item: Leftovers
|-heal|p1b: Primarina|60/100 brn|[from] item: Leftovers
|-damage|p2b: Archaludon|23/100 brn|[from] brn
|-damage|p1b: Primarina|54/100 brn|[from] brn
|upkeep
|turn|8
|
|t:|1785180171
|move|p2b: Archaludon|Flash Cannon|p1b: Primarina
|-damage|p1b: Primarina|27/100 brn
|move|p1b: Primarina|Moonblast|p2b: Archaludon
|-damage|p2b: Archaludon|0 fnt
|faint|p2b: Archaludon
|
|win|chocokoala vgc
