|j|☆Djogmacx
|j|☆lorycana_
|html|Djogmacxlorycana_    
|uhtml|bestof|Game 1 of a best-of-3
|t:|1756638405
|gametype|doubles
|player|p1|Djogmacx|veteran|1084
|player|p2|lorycana_|102|1080
|gen|9
|tier|[Gen 9] VGC 2025 Reg H (Bo3)
|rated|
|rule|Species Clause: Limit one of each Pokémon
|rule|Item Clause: Limit 1 of each item
|clearpoke
|poke|p1|Hydrapple, L50, F|
|poke|p1|Malamar, L50, M|
|poke|p1|Goodra-Hisui, L50, M|
|poke|p1|Incineroar, L50, M|
|poke|p1|Lapras, L50, F|
|poke|p1|Politoed, L50, F|
|poke|p2|Incineroar, L50, M|
|poke|p2|Pelipper, L50, F|
|poke|p2|Basculegion, L50, M|
|poke|p2|Amoonguss, L50, M|
|poke|p2|Maushold-Four, L50|
|poke|p2|Archaludon, L50, M|
|teampreview|4
|showteam|p1|Hydrapple||AssaultVest|SupersweetSyrup|Infestation,DracoMeteor,LeafStorm,HydroPump|||F|||50|,,,,,Water]Malamar||FocusSash|Contrary|SkillSwap,TrickRoom,Hypnosis,Protect|||M|||50|,,,,,Bug]Goodra-Hisui||Leftovers|ShellArmor|Shelter,BodyPress,LifeDew,AcidSpray|||M|||50|,,,,,Steel]Incineroar||SafetyGoggles|Intimidate|FlareBlitz,FakeOut,PartingShot,KnockOff|||M|||50|,,,,,Ghost]Lapras||SitrusBerry|Hydration|Rest,PerishSong,FreezeDry,Protect|||F|||50|,,,,,Water]Politoed||CovertCloak|Drizzle|ChillingWater,PerishSong,Protect,IcyWind|||F|||50|,,,,,Grass
|showteam|p2|Incineroar||SafetyGoggles|Intimidate|FakeOut,FlareBlitz,KnockOff,PartingShot|||M|||50|,,,,,Ghost]Pelipper||FocusSash|Drizzle|Hurricane,WeatherBall,Tailwind,Protect|||F|||50|,,,,,Ghost]Basculegion||MysticWater|SwiftSwim|Protect,WaveCrash,AquaJet,LastRespects|||M|||50|,,,,,Water]Amoonguss||SitrusBerry|Regenerator|Spore,RagePowder,PollenPuff,ClearSmog|||M|||50|,,,,,Water]Maushold-Four||WideLens|Technician|PopulationBomb,FollowMe,Taunt,Protect||||||50|,,,,,Grass]Archaludon||AssaultVest|Stamina|ElectroShot,DragonPulse,FlashCannon,BodyPress|||M|||50|,,,,,Grass
|inactive|Battle timer is ON: inactive players will automatically lose when time's up. (requested by lorycana_)
|inactive|Djogmacx has 60 seconds left.
|
|t:|1756638455
|teamsize|p1|4
|teamsize|p2|4
|start
|switch|p1a: HailHydra|Hydrapple, L50, F|100/100
|switch|p1b: SD3|Malamar, L50, M, shiny|100/100
|switch|p2a: Incineroar|Incineroar, L50, M|100/100
|switch|p2b: Archaludon|Archaludon, L50, M|100/100
|-ability|p2a: Incineroar|Intimidate|boost
|-unboost|p1a: HailHydra|atk|1
|-boost|p1b: SD3|atk|1
|-ability|p1a: HailHydra|Supersweet Syrup
|-unboost|p2a: Incineroar|evasion|1
|-unboost|p2b: Archaludon|evasion|1
|turn|1
|inactive|Djogmacx has 30 seconds left.
|inactive|lorycana_ has 30 seconds left.
|
|t:|1756638484
|-terastallize|p2b: Archaludon|Grass
|move|p2b: Archaludon|Electro Shot||[still]
|-prepare|p2b: Archaludon|Electro Shot
|-boost|p2b: Archaludon|spa|1
|move|p2a: Incineroar|Knock Off|p1b: SD3
|-damage|p1b: SD3|66/100
|-enditem|p1b: SD3|Focus Sash|[from] move: Knock Off|[of] p2a: Incineroar
|move|p1a: HailHydra|Infestation|p2b: Archaludon
|-supereffective|p2b: Archaludon
|-damage|p2b: Archaludon|91/100
|-activate|p2b: Archaludon|move: Infestation|[of] p1a: HailHydra
|-ability|p2b: Archaludon|Stamina|boost
|-boost|p2b: Archaludon|def|1
|move|p1b: SD3|Trick Room|p1b: SD3
|-fieldstart|move: Trick Room|[of] p1b: SD3
|
|-damage|p2b: Archaludon|79/100|[from] move: Infestation|[partiallytrapped]
|upkeep
|turn|2
|inactive|Djogmacx has 30 seconds left.
|inactive|lorycana_ has 30 seconds left.
|inactive|Djogmacx has 20 seconds left.
|inactive|lorycana_ has 20 seconds left.
|
|t:|1756638521
|-terastallize|p1a: HailHydra|Water
|move|p1a: HailHydra|Hydro Pump|p2a: Incineroar
|-supereffective|p2a: Incineroar
|-damage|p2a: Incineroar|11/100
|move|p1b: SD3|Skill Swap|p1a: HailHydra
|-activate|p1b: SD3|move: Skill Swap|||[of] p1a: HailHydra
|-ability|p1b: SD3|Supersweet Syrup
|-unboost|p2a: Incineroar|evasion|1
|-unboost|p2b: Archaludon|evasion|1
|move|p2a: Incineroar|Parting Shot|p1a: HailHydra
|-boost|p1a: HailHydra|atk|1
|-boost|p1a: HailHydra|spa|1
|
|t:|1756638536
|switch|p2a: Basculegion|Basculegion, L50, M|100/100|[from] Parting Shot
|move|p2b: Archaludon|Electro Shot|p1b: SD3|[from] lockedmove
|-damage|p1b: SD3|0 fnt
|faint|p1b: SD3
|
|-damage|p2b: Archaludon|67/100|[from] move: Infestation|[partiallytrapped]
|upkeep
|inactive|Djogmacx has 30 seconds left.
|
|t:|1756638567
|switch|p1b: Dempsey|Goodra-Hisui, L50, M, shiny|100/100
|turn|3
|
|t:|1756638580
|switch|p2a: Pelipper|Pelipper, L50, F|100/100
|-weather|RainDance|[from] ability: Drizzle|[of] p2a: Pelipper
|move|p1a: HailHydra|Leaf Storm|p2a: Pelipper
|-enditem|p2a: Pelipper|Focus Sash
|-damage|p2a: Pelipper|1/100
|-boost|p1a: HailHydra|spa|2
|move|p1b: Dempsey|Shelter|p1b: Dempsey
|-boost|p1b: Dempsey|def|2
|move|p2b: Archaludon|Electro Shot||[still]
|-prepare|p2b: Archaludon|Electro Shot
|-boost|p2b: Archaludon|spa|1
|-anim|p2b: Archaludon|Electro Shot|p1a: HailHydra
|-supereffective|p1a: HailHydra
|-damage|p1a: HailHydra|8/100
|
|-weather|RainDance|[upkeep]
|-damage|p2b: Archaludon|55/100|[from] move: Infestation|[partiallytrapped]
|upkeep
|turn|4
|inactive|Djogmacx has 30 seconds left.
|inactive|lorycana_ has 30 seconds left.
|inactive|Djogmacx has 20 seconds left.
|inactive|lorycana_ has 20 seconds left.
|
|t:|1756638619
|move|p2a: Pelipper|Protect|p2a: Pelipper
|-singleturn|p2a: Pelipper|Protect
|move|p1a: HailHydra|Draco Meteor|p2b: Archaludon
|-damage|p2b: Archaludon|0 fnt
|-boost|p1a: HailHydra|spa|2
|faint|p2b: Archaludon
|move|p1b: Dempsey|Life Dew||[still]|[spread] p1a,p1b
|-heal|p1a: HailHydra|33/100
|-fail|p1b: Dempsey|heal
|
|-weather|RainDance|[upkeep]
|upkeep
|
|t:|1756638632
|switch|p2b: Incineroar|Incineroar, L50, M|11/100
|-ability|p2b: Incineroar|Intimidate|boost
|-boost|p1a: HailHydra|atk|1
|-unboost|p1b: Dempsey|atk|1
|turn|5
|inactive|Djogmacx has 30 seconds left.
|
|t:|1756638662
|move|p2b: Incineroar|Fake Out|p1a: HailHydra
|-crit|p1a: HailHydra
|-damage|p1a: HailHydra|20/100
|cant|p1a: HailHydra|flinch
|move|p1b: Dempsey|Body Press|p2a: Pelipper
|-resisted|p2a: Pelipper
|-damage|p2a: Pelipper|0 fnt
|faint|p2a: Pelipper
|
|-weather|RainDance|[upkeep]
|-fieldend|move: Trick Room
|upkeep
|
|t:|1756638674
|switch|p2a: Basculegion|Basculegion, L50, M|100/100
|turn|6
|inactive|Djogmacx has 30 seconds left.
|inactive|Djogmacx has 20 seconds left.
|inactive|Djogmacx has 15 seconds left.
|
|t:|1756638718
|move|p2a: Basculegion|Last Respects|p1b: Dempsey
|-damage|p1b: Dempsey|64/100
|move|p2b: Incineroar|Knock Off|p1a: HailHydra
|-damage|p1a: HailHydra|0 fnt
|-enditem|p1a: HailHydra|Assault Vest|[from] move: Knock Off|[of] p2b: Incineroar
|faint|p1a: HailHydra
|move|p1b: Dempsey|Shelter|p1b: Dempsey
|-boost|p1b: Dempsey|def|2
|
|-weather|RainDance|[upkeep]
|-heal|p1b: Dempsey|69/100|[from] item: Leftovers
|upkeep
|
|t:|1756638729
|switch|p1a: Bubblegum|Politoed, L50, F, shiny|100/100
|turn|7
|
|t:|1756638746
|move|p2a: Basculegion|Last Respects|p1b: Dempsey
|-damage|p1b: Dempsey|46/100
|move|p1a: Bubblegum|Perish Song|p1a: Bubblegum
|-start|p1a: Bubblegum|perish3|[silent]
|-start|p1b: Dempsey|perish3|[silent]
|-start|p2a: Basculegion|perish3|[silent]
|-start|p2b: Incineroar|perish3|[silent]
|-fieldactivate|move: Perish Song
|move|p2b: Incineroar|Knock Off|p1b: Dempsey
|-damage|p1b: Dempsey|32/100
|-enditem|p1b: Dempsey|Leftovers|[from] move: Knock Off|[of] p2b: Incineroar
|move|p1b: Dempsey|Life Dew||[still]|[spread] p1a,p1b
|-fail|p1a: Bubblegum|heal
|-heal|p1b: Dempsey|57/100
|
|-weather|none
|-start|p2a: Basculegion|perish3
|-start|p1a: Bubblegum|perish3
|-start|p2b: Incineroar|perish3
|-start|p1b: Dempsey|perish3
|upkeep
|turn|8
|inactive|Djogmacx has 30 seconds left.
|
|t:|1756638772
|move|p2a: Basculegion|Last Respects|p1a: Bubblegum
|-damage|p1a: Bubblegum|16/100
|move|p1a: Bubblegum|Chilling Water|p2b: Incineroar
|-supereffective|p2b: Incineroar
|-damage|p2b: Incineroar|0 fnt
|faint|p2b: Incineroar
|move|p1b: Dempsey|Life Dew|p1b: Dempsey|[spread] p1a,p1b
|-heal|p1a: Bubblegum|41/100
|-heal|p1b: Dempsey|82/100
|
|-start|p2a: Basculegion|perish2
|-start|p1a: Bubblegum|perish2
|-start|p1b: Dempsey|perish2
|upkeep
|turn|9
|
|t:|1756638796
|move|p2a: Basculegion|Last Respects|p1a: Bubblegum
|-damage|p1a: Bubblegum|0 fnt
|faint|p1a: Bubblegum
|move|p1b: Dempsey|Life Dew|p1b: Dempsey
|-heal|p1b: Dempsey|100/100
|
|-start|p2a: Basculegion|perish1
|-start|p1b: Dempsey|perish1
|upkeep
|turn|10
|
|t:|1756638808
|move|p2a: Basculegion|Last Respects|p1b: Dempsey
|-damage|p1b: Dempsey|71/100
|move|p1b: Dempsey|Acid Spray|p2a: Basculegion
|-resisted|p2a: Basculegion
|-damage|p2a: Basculegion|95/100
|-unboost|p2a: Basculegion|spd|2
|
|-start|p2a: Basculegion|perish0
|-start|p1b: Dempsey|perish0
|upkeep
|faint|p2a: Basculegion
|faint|p1b: Dempsey
|
|win|Djogmacx
|inactive|Djogmacx has 30 seconds to confirm battle start!
|inactive|lorycana_ has 30 seconds to confirm battle start!
