|j|☆azuredreamer vg
|j|☆Capravolante97
|html|azuredreamer vgCapravolante97    
|uhtml|bestof|Game 2 of a best-of-3
|t:|1756809445
|gametype|doubles
|player|p1|azuredreamer vg|101|1268
|player|p2|Capravolante97|fantina|1491
|gen|9
|tier|[Gen 9] VGC 2025 Reg H (Bo3)
|rated|
|rule|Species Clause: Limit one of each Pokémon
|rule|Item Clause: Limit 1 of each item
|clearpoke
|poke|p1|Annihilape, L50, F|
|poke|p1|Whimsicott, L50, M|
|poke|p1|Indeedee, L50, M|
|poke|p1|Sneasler, L50, F|
|poke|p1|Ursaluna-Bloodmoon, L50, M|
|poke|p1|Incineroar, L50, M|
|poke|p2|Whimsicott, L50, M|
|poke|p2|Corviknight, L50, F|
|poke|p2|Indeedee, L50, M|
|poke|p2|Sneasler, L50, F|
|poke|p2|Ursaluna-Bloodmoon, L50, M|
|poke|p2|Archaludon, L50, F|
|teampreview|4
|showteam|p1|Annihilape||ChoiceScarf|Defiant|FinalGambit,RageFist,Uturn,CloseCombat|||F|||50|,,,,,Grass]Whimsicott||CovertCloak|Prankster|Moonblast,BeatUp,Tailwind,Taunt|||M|||50|,,,,,Ghost]Indeedee||FocusSash|PsychicSurge|ExpandingForce,TeraBlast,HelpingHand,Protect|||M|||50|,,,,,Fairy]Sneasler||PsychicSeed|Unburden|DireClaw,ThroatChop,CloseCombat,Protect|||F|||50|,,,,,Dark]Ursaluna-Bloodmoon||LifeOrb|MindsEye|Protect,HyperVoice,BloodMoon,EarthPower|||M|||50|,,,,,Normal]Incineroar||MirrorHerb|Intimidate|FlareBlitz,KnockOff,FakeOut,PartingShot|||M|||50|,,,,,Bug
|showteam|p2|Whimsicott||CovertCloak|Prankster|Moonblast,Taunt,Tailwind,FakeTears|||M|||50|,,,,,Water]Corviknight||Leftovers|MirrorArmor|BraveBird,BulkUp,Tailwind,Roost|||F|||50|,,,,,Dragon]Indeedee||FocusSash|PsychicSurge|ExpandingForce,TeraBlast,Imprison,TrickRoom|||M|||50|,,,,,Psychic]Sneasler||PsychicSeed|Unburden|CloseCombat,DireClaw,ThroatChop,Protect|||F|||50|,,,,,Dark]Ursaluna-Bloodmoon||LifeOrb|MindsEye|HyperVoice,BloodMoon,EarthPower,Protect|||M|||50|,,,,,Normal]Archaludon||PowerHerb|Stalwart|ElectroShot,DragonPulse,Thunderbolt,Protect|||F|||50|,,,,,Electric
|inactive|Battle timer is ON: inactive players will automatically lose when time's up. (requested by azuredreamer vg)
|inactive|Capravolante97 also wants the timer to be on.
|
|t:|1756809468
|teamsize|p1|4
|teamsize|p2|4
|start
|switch|p1a: Annihilape|Annihilape, L50, F|100/100
|switch|p1b: Whimsicott|Whimsicott, L50, M|100/100
|switch|p2a: Whimsicott|Whimsicott, L50, M|100/100
|switch|p2b: Indeedee|Indeedee, L50, M|100/100
|-fieldstart|move: Psychic Terrain|[from] ability: Psychic Surge|[of] p2b: Indeedee
|turn|1
|inactive|azuredreamer vg has 30 seconds left.
|inactive|azuredreamer vg has 20 seconds left.
|inactive|azuredreamer vg has 15 seconds left.
|inactive|azuredreamer vg has 10 seconds left.
|
|t:|1756809514
|move|p1b: Whimsicott|Tailwind|p1b: Whimsicott
|-sidestart|p1: azuredreamer vg|move: Tailwind
|move|p1a: Annihilape|U-turn|p2b: Indeedee
|-supereffective|p2b: Indeedee
|-damage|p2b: Indeedee|2/100
|
|t:|1756809519
|switch|p1a: Indeedee|Indeedee, L50, M|100/100|[from] U-turn
|move|p2a: Whimsicott|Moonblast|p1b: Whimsicott
|-damage|p1b: Whimsicott|58/100
|move|p2b: Indeedee|Expanding Force|p1b: Whimsicott|[spread] p1a,p1b
|-resisted|p1a: Indeedee
|-damage|p1a: Indeedee|64/100
|-damage|p1b: Whimsicott|0 fnt
|faint|p1b: Whimsicott
|
|upkeep
|
|t:|1756809539
|switch|p1b: Annihilape|Annihilape, L50, F|100/100
|turn|2
|
|t:|1756809551
|move|p2a: Whimsicott|Tailwind|p2a: Whimsicott
|-sidestart|p2: Capravolante97|move: Tailwind
|move|p1b: Annihilape|U-turn|p2b: Indeedee
|-supereffective|p2b: Indeedee
|-damage|p2b: Indeedee|0 fnt
|faint|p2b: Indeedee
|
|t:|1756809557
|switch|p1b: Ursaluna|Ursaluna-Bloodmoon, L50, M|100/100|[from] U-turn
|move|p1a: Indeedee|Expanding Force|p2a: Whimsicott
|-damage|p2a: Whimsicott|4/100
|
|upkeep
|
|t:|1756809570
|switch|p2b: Corviknight|Corviknight, L50, F|100/100
|turn|3
|
|t:|1756809583
|-terastallize|p1b: Ursaluna|Normal
|move|p2a: Whimsicott|Moonblast|p1b: Ursaluna
|-damage|p1b: Ursaluna|70/100
|move|p1a: Indeedee|Expanding Force|p2b: Corviknight|[spread] p2a,p2b
|-resisted|p2b: Corviknight
|-damage|p2a: Whimsicott|0 fnt
|-damage|p2b: Corviknight|80/100
|faint|p2a: Whimsicott
|move|p2b: Corviknight|Bulk Up|p2b: Corviknight
|-boost|p2b: Corviknight|atk|1
|-boost|p2b: Corviknight|def|1
|move|p1b: Ursaluna|Blood Moon|p2b: Corviknight
|-resisted|p2b: Corviknight
|-damage|p2b: Corviknight|28/100
|-damage|p1b: Ursaluna|60/100|[from] item: Life Orb
|
|-heal|p2b: Corviknight|34/100|[from] item: Leftovers
|upkeep
|
|t:|1756809590
|switch|p2a: Sneasler|Sneasler, L50, F|100/100
|-enditem|p2a: Sneasler|Psychic Seed
|-boost|p2a: Sneasler|spd|1|[from] item: Psychic Seed
|turn|4
|inactive|azuredreamer vg has 30 seconds left.
|inactive|azuredreamer vg has 20 seconds left.
|
|t:|1756809629
|-terastallize|p2a: Sneasler|Dark
|move|p2a: Sneasler|Close Combat|p1b: Ursaluna
|-supereffective|p1b: Ursaluna
|-damage|p1b: Ursaluna|0 fnt
|-unboost|p2a: Sneasler|def|1
|-unboost|p2a: Sneasler|spd|1
|faint|p1b: Ursaluna
|move|p1a: Indeedee|Expanding Force|p2b: Corviknight|[spread] p2b
|-immune|p2a: Sneasler
|-resisted|p2b: Corviknight
|-damage|p2b: Corviknight|13/100
|move|p2b: Corviknight|Roost|p2b: Corviknight
|-heal|p2b: Corviknight|63/100
|-singleturn|p2b: Corviknight|move: Roost
|
|-heal|p2b: Corviknight|69/100|[from] item: Leftovers
|-sideend|p1: azuredreamer vg|move: Tailwind
|upkeep
|
|t:|1756809640
|switch|p1b: Annihilape|Annihilape, L50, F|100/100
|turn|5
|inactive|azuredreamer vg has 30 seconds left.
|inactive|azuredreamer vg has 20 seconds left.
|inactive|azuredreamer vg has 15 seconds left.
|
|t:|1756809681
|move|p2a: Sneasler|Protect|p2a: Sneasler
|-singleturn|p2a: Sneasler|Protect
|move|p2b: Corviknight|Roost|p2b: Corviknight
|-heal|p2b: Corviknight|100/100
|-singleturn|p2b: Corviknight|move: Roost
|move|p1b: Annihilape|Close Combat|p2b: Corviknight
|-supereffective|p2b: Corviknight
|-damage|p2b: Corviknight|26/100
|-unboost|p1b: Annihilape|def|1
|-unboost|p1b: Annihilape|spd|1
|move|p1a: Indeedee|Expanding Force|p2a: Sneasler|[spread] p2b
|-activate|p2a: Sneasler|move: Protect
|-resisted|p2b: Corviknight
|-damage|p2b: Corviknight|6/100
|
|-heal|p2b: Corviknight|12/100|[from] item: Leftovers
|-sideend|p2: Capravolante97|move: Tailwind
|-fieldend|move: Psychic Terrain
|upkeep
|turn|6
|inactive|Capravolante97 has 30 seconds left.
|
|t:|1756809710
|move|p2a: Sneasler|Throat Chop|p1b: Annihilape
|-damage|p1b: Annihilape|32/100
|-start|p1b: Annihilape|Throat Chop|[silent]
|move|p1b: Annihilape|Close Combat|p2a: Sneasler
|-supereffective|p2a: Sneasler
|-damage|p2a: Sneasler|0 fnt
|-unboost|p1b: Annihilape|def|1
|-unboost|p1b: Annihilape|spd|1
|faint|p2a: Sneasler
|move|p1a: Indeedee|Expanding Force|p2b: Corviknight
|-resisted|p2b: Corviknight
|-damage|p2b: Corviknight|0 fnt
|faint|p2b: Corviknight
|
|win|azuredreamer vg
|raw|azuredreamer vg's rating: 1268 → 1307(+39 for winning)
|raw|Capravolante97's rating: 1491 → 1460(-31 for losing)
|l|☆Capravolante97
|player|p2|
|c|☆azuredreamer vg|gg
