|j|☆Tulpeon
|j|☆Greenwl
|html|TulpeonGreenwl    
|uhtml|bestof|Game 1 of a best-of-3
|t:|1756248273
|gametype|doubles
|player|p1|Tulpeon|1|1000
|player|p2|Greenwl|1|1022
|gen|9
|tier|[Gen 9] VGC 2025 Reg H (Bo3)
|rated|
|rule|Species Clause: Limit one of each Pokémon
|rule|Item Clause: Limit 1 of each item
|clearpoke
|poke|p1|Archaludon, L50, F|
|poke|p1|Pelipper, L50, F|
|poke|p1|Grimmsnarl, L50, M|
|poke|p1|Amoonguss, L50, F|
|poke|p1|Basculegion, L50, M|
|poke|p1|Incineroar, L50, F|
|poke|p2|Farigiraf, L50, F|
|poke|p2|Rillaboom, L50, M|
|poke|p2|Ursaluna-Bloodmoon, L50, M|
|poke|p2|Dragapult, L50, F|
|poke|p2|Annihilape, L50, F|
|poke|p2|Amoonguss, L50, F|
|teampreview|4
|showteam|p1|Archaludon||AssaultVest|Stamina|ElectroShot,BodyPress,FlashCannon,DracoMeteor|||F|||50|,,,,,Flying]Pelipper||FocusSash|Drizzle|Tailwind,Hurricane,WeatherBall,Protect|||F|||50|,,,,,Ghost]Grimmsnarl||LightClay|Prankster|PartingShot,SpiritBreak,LightScreen,Reflect|||M|||50|,,,,,Steel]Amoonguss||RockyHelmet|Regenerator|PollenPuff,RagePowder,Spore,Protect|||F|||50|,,,,,Dark]Basculegion||ChoiceBand|Adaptability|WaveCrash,LastRespects,FlipTurn,TeraBlast|||M|||50|,,,,,Stellar]Incineroar||SafetyGoggles|Intimidate|FakeOut,PartingShot,KnockOff,FlareBlitz|||F|||50|,,,,,Ghost
|showteam|p2|Farigiraf||GrassySeed|ArmorTail|TrickRoom,Protect,HelpingHand,TwinBeam|||F|||50|,,,,,Water]Rillaboom||AssaultVest|GrassySurge|FakeOut,Uturn,WoodHammer,GrassyGlide|||M|||50|,,,,,Poison]Ursaluna-Bloodmoon||LifeOrb|MindsEye|Protect,BloodMoon,HyperVoice,EarthPower|||M|||50|,,,,,Normal]Dragapult||ChoiceBand|Infiltrator|TeraBlast,PhantomForce,DragonDarts,Uturn|||F|||50|,,,,,Ghost]Annihilape||ChoiceScarf|VitalSpirit|CloseCombat,ShadowClaw,Uturn,FinalGambit|||F|||50|,,,,,Fire]Amoonguss||SitrusBerry|Regenerator|Protect,Spore,RagePowder,SludgeBomb|||F|||50|,,,,,Water
|inactive|Battle timer is ON: inactive players will automatically lose when time's up. (requested by Greenwl)
|inactive|Tulpeon has 60 seconds left.
|
|t:|1756248341
|teamsize|p1|4
|teamsize|p2|4
|start
|switch|p1a: Grimmsnarl|Grimmsnarl, L50, M|100/100
|switch|p1b: Amoonguss|Amoonguss, L50, F, shiny|100/100
|switch|p2a: Annihilape|Annihilape, L50, F|100/100
|switch|p2b: Amoonguss|Amoonguss, L50, F|100/100
|turn|1
|inactive|Tulpeon has 30 seconds left.
|inactive|Greenwl has 30 seconds left.
|inactive|Greenwl has 20 seconds left.
|
|t:|1756248378
|move|p2a: Annihilape|Final Gambit|p1a: Grimmsnarl
|-damage|p1a: Grimmsnarl|0 fnt
|faint|p2a: Annihilape
|faint|p1a: Grimmsnarl
|move|p1b: Amoonguss|Spore|p2b: Amoonguss
|-immune|p2b: Amoonguss
|move|p2b: Amoonguss|Sludge Bomb|p1b: Amoonguss
|-damage|p1b: Amoonguss|75/100
|
|upkeep
|
|t:|1756248390
|switch|p2a: Ursaluna|Ursaluna-Bloodmoon, L50, M|100/100
|switch|p1a: la poste|Pelipper, L50, F|100/100
|-weather|RainDance|[from] ability: Drizzle|[of] p1a: la poste
|turn|2
|
|t:|1756248406
|-terastallize|p2a: Ursaluna|Normal
|move|p1a: la poste|Hurricane|p2b: Amoonguss
|-supereffective|p2b: Amoonguss
|-damage|p2b: Amoonguss|18/100
|-start|p2b: Amoonguss|confusion
|-enditem|p2b: Amoonguss|Sitrus Berry|[eat]
|-heal|p2b: Amoonguss|43/100|[from] item: Sitrus Berry
|move|p2a: Ursaluna|Blood Moon|p1b: Amoonguss
|-damage|p1b: Amoonguss|0 fnt
|faint|p1b: Amoonguss
|-damage|p2a: Ursaluna|91/100|[from] item: Life Orb
|-activate|p2b: Amoonguss|confusion
|move|p2b: Amoonguss|Spore|p1a: la poste
|-status|p1a: la poste|slp|[from] move: Spore
|
|-weather|RainDance|[upkeep]
|upkeep
|
|t:|1756248421
|switch|p1b: arch btw|Archaludon, L50, F, shiny|100/100
|turn|3
|
|t:|1756248440
|cant|p1a: la poste|slp
|move|p2a: Ursaluna|Protect|p2a: Ursaluna
|-singleturn|p2a: Ursaluna|Protect
|move|p1b: arch btw|Electro Shot||[still]
|-prepare|p1b: arch btw|Electro Shot
|-boost|p1b: arch btw|spa|1
|-anim|p1b: arch btw|Electro Shot|p2b: Amoonguss
|-resisted|p2b: Amoonguss
|-damage|p2b: Amoonguss|13/100
|-end|p2b: Amoonguss|confusion
|move|p2b: Amoonguss|Spore|p1b: arch btw
|-status|p1b: arch btw|slp|[from] move: Spore
|
|-weather|RainDance|[upkeep]
|upkeep
|turn|4
|inactive|Tulpeon has 30 seconds left.
|
|t:|1756248466
|-terastallize|p1b: arch btw|Flying
|move|p2b: Amoonguss|Rage Powder|p2b: Amoonguss
|-singleturn|p2b: Amoonguss|move: Rage Powder
|cant|p1a: la poste|slp
|cant|p1b: arch btw|slp
|move|p2a: Ursaluna|Earth Power|p1b: arch btw
|-immune|p1b: arch btw
|
|-weather|RainDance|[upkeep]
|upkeep
|turn|5
|inactive|Tulpeon has 30 seconds left.
|
|t:|1756248498
|move|p2b: Amoonguss|Rage Powder|p2b: Amoonguss
|-singleturn|p2b: Amoonguss|move: Rage Powder
|-curestatus|p1a: la poste|slp|[msg]
|move|p1a: la poste|Hurricane|p2b: Amoonguss
|-supereffective|p2b: Amoonguss
|-damage|p2b: Amoonguss|0 fnt
|faint|p2b: Amoonguss
|-curestatus|p1b: arch btw|slp|[msg]
|move|p1b: arch btw|Draco Meteor|p2a: Ursaluna
|-damage|p2a: Ursaluna|0 fnt
|-unboost|p1b: arch btw|spa|2
|faint|p2a: Ursaluna
|
|-weather|RainDance|[upkeep]
|upkeep
|
|t:|1756248519
|switch|p2b: Dragapult|Dragapult, L50, F|100/100
|turn|6
|-message|Greenwl forfeited.
|
|win|Tulpeon
||Greenwl is ready for game 2.
||Tulpeon is ready for game 2.
|uhtml|next|Next: Game 2 of 3
|l|☆Tulpeon
|player|p1|
|j|☆Tulpeon
|player|p1|Tulpeon|1|
|l|☆Tulpeon
|player|p1|
|l|☆Greenwl
|player|p2|
|j|☆Tulpeon
|player|p1|Tulpeon|1|
