|j|☆estifestar
|j|☆Pressinblades
|html|estifestarPressinblades    
|uhtml|bestof|Game 1 of a best-of-3
|t:|1785796328
|gametype|doubles
|player|p1|estifestar|1|1171
|player|p2|Pressinblades|170|1119
|gen|9
|tier|[Gen 9 Champions] VGC 2026 Reg M-B (Bo3)
|rated|
|rule|Species Clause: Limit one of each Pokémon
|rule|Item Clause: Limit 1 of each item
|clearpoke
|poke|p1|Incineroar, L50, F|
|poke|p1|Aerodactyl, L50, M|
|poke|p1|Sylveon, L50, F|
|poke|p1|Farigiraf, L50, M|
|poke|p1|Kingambit, L50, M|
|poke|p1|Sneasler, L50, F|
|poke|p2|Talonflame, L50, F|
|poke|p2|Garchomp, L50, F, shiny|
|poke|p2|Maushold, L50|
|poke|p2|Gardevoir, L50, F, shiny|
|poke|p2|Gyarados, L50, F, shiny|
|poke|p2|Metagross, L50, shiny|
|teampreview|4
|showteam|p1|Incineroar||SitrusBerry|Intimidate|FakeOut,FlareBlitz,PartingShot,Protect|Adamant||F|||50|]Aerodactyl||Aerodactylite|Pressure|Tailwind,RockSlide,DualWingbeat,Protect|Adamant||M|||50|]Sylveon||FairyFeather|Pixilate|HyperVoice,HyperBeam,QuickAttack,Detect|Modest||F|||50|]Farigiraf||Leftovers|ArmorTail|TrickRoom,Psychic,HelpingHand,Protect|Relaxed||M|||50|]Kingambit||ChopleBerry|Defiant|KowtowCleave,SuckerPunch,IronHead,Protect|Adamant||M|||50|]Sneasler||WhiteHerb|Unburden|CloseCombat,FakeOut,DireClaw,Protect|Adamant||F|||50|
|showteam|p2|Talonflame||SharpBeak|GaleWings|Protect,Tailwind,DualWingbeat,Overheat|Naive||F|||50|]Garchomp||LifeOrb|RoughSkin|Protect,RockSlide,Earthquake,StompingTantrum|Adamant||F|||50|]Maushold||FocusSash|FriendGuard|Protect,SuperFang,FollowMe,Encore|Timid|||||50|]Gardevoir||Gardevoirite|Telepathy|Protect,TrickRoom,HyperVoice,Psychic|Modest||F|||50|]Gyarados||Gyaradosite|Intimidate|Protect,DragonDance,Waterfall,Crunch|Jolly||F|||50|]Metagross||ColburBerry|ClearBody|Protect,BulletPunch,PsychicFangs,HammerArm|Adamant|||||50|
|inactive|Battle timer is ON: inactive players will automatically lose when time's up. (requested by Pressinblades)
|
|t:|1785796399
|teamsize|p1|4
|teamsize|p2|4
|start
|switch|p1a: Aerodactyl|Aerodactyl, L50, M|100/100
|switch|p1b: Kingambit|Kingambit, L50, M|100/100
|switch|p2a: Metagross|Metagross, L50, shiny|100/100
|switch|p2b: Garchomp|Garchomp, L50, F, shiny|100/100
|-ability|p1a: Aerodactyl|Pressure
|turn|1
|inactive|estifestar has 30 seconds left.
|inactive|Pressinblades has 30 seconds left.
|inactive|Pressinblades has 20 seconds left.
|inactive|Pressinblades has 15 seconds left.
|
|t:|1785796441
|detailschange|p1a: Aerodactyl|Aerodactyl-Mega, L50, M
|-mega|p1a: Aerodactyl|Aerodactyl|Aerodactylite
|move|p1a: Aerodactyl|Tailwind|p1a: Aerodactyl
|-sidestart|p1: estifestar|move: Tailwind
|move|p2b: Garchomp|Rock Slide|p1a: Aerodactyl|[spread] p1a,p1b
|-supereffective|p1a: Aerodactyl|1
|-resisted|p1b: Kingambit|1
|-damage|p1a: Aerodactyl|30/100
|-damage|p1b: Kingambit|87/100
|-damage|p2b: Garchomp|90/100|[from] item: Life Orb
|move|p1b: Kingambit|Kowtow Cleave|p2a: Metagross
|-supereffective|p2a: Metagross|1
|-enditem|p2a: Metagross|Colbur Berry|[eat]
|-enditem|p2a: Metagross|Colbur Berry|[weaken]
|-damage|p2a: Metagross|57/100
|move|p2a: Metagross|Hammer Arm|p1b: Kingambit
|-supereffective|p1b: Kingambit|2
|-enditem|p1b: Kingambit|Chople Berry|[eat]
|-enditem|p1b: Kingambit|Chople Berry|[weaken]
|-damage|p1b: Kingambit|28/100
|-unboost|p2a: Metagross|spe|1
|
|upkeep
|turn|2
|inactive|estifestar has 30 seconds left.
|inactive|Pressinblades has 30 seconds left.
|inactive|Pressinblades has 20 seconds left.
|
|t:|1785796477
|switch|p1a: Sylveon|Sylveon, L50, F|100/100
|move|p1b: Kingambit|Sucker Punch|p2a: Metagross
|-supereffective|p2a: Metagross|1
|-damage|p2a: Metagross|0 fnt
|faint|p2a: Metagross
|move|p2b: Garchomp|Stomping Tantrum|p1b: Kingambit
|-supereffective|p1b: Kingambit|1
|-damage|p1b: Kingambit|0 fnt
|faint|p1b: Kingambit
|-damage|p2b: Garchomp|80/100|[from] item: Life Orb
|
|upkeep
|inactive|Pressinblades has 30 seconds left.
|inactive|Pressinblades has 20 seconds left.
|inactive|Pressinblades has 15 seconds left.
|
|t:|1785796518
|switch|p2a: Talonflame|Talonflame, L50, F|100/100
|switch|p1b: Incineroar|Incineroar, L50, F|100/100
|-ability|p1b: Incineroar|Intimidate|boost
|-unboost|p2a: Talonflame|atk|1
|-unboost|p2b: Garchomp|atk|1
|turn|3
|
|t:|1785796542
|switch|p2b: Gyarados|Gyarados, L50, F, shiny|100/100
|-ability|p2b: Gyarados|Intimidate|boost
|-unboost|p1a: Sylveon|atk|1
|-unboost|p1b: Incineroar|atk|1
|move|p2a: Talonflame|Protect|p2a: Talonflame
|-singleturn|p2a: Talonflame|Protect
|move|p1b: Incineroar|Fake Out|p2a: Talonflame
|-activate|p2a: Talonflame|move: Protect
|move|p1a: Sylveon|Hyper Voice|p2a: Talonflame|[spread] p2b
|-activate|p2a: Talonflame|move: Protect
|-damage|p2b: Gyarados|50/100g
|
|upkeep
|turn|4
|inactive|estifestar has 30 seconds left.
|inactive|Pressinblades has 30 seconds left.
|inactive|Pressinblades has 20 seconds left.
|
|t:|1785796582
|move|p2b: Gyarados|Protect|p2b: Gyarados
|-singleturn|p2b: Gyarados|Protect
|move|p2a: Talonflame|Dual Wingbeat|p1a: Sylveon
|-damage|p1a: Sylveon|85/100
|-damage|p1a: Sylveon|70/100
|-hitcount|p1a: Sylveon|2
|move|p1a: Sylveon|Hyper Voice|p2a: Talonflame|[spread] p2a
|-activate|p2b: Gyarados|move: Protect
|-resisted|p2a: Talonflame|1
|-damage|p2a: Talonflame|63/100
|move|p1b: Incineroar|Flare Blitz|p2a: Talonflame
|-resisted|p2a: Talonflame|1
|-damage|p2a: Talonflame|33/100
|-damage|p1b: Incineroar|92/100|[from] Recoil
|
|-sideend|p1: estifestar|move: Tailwind
|upkeep
|turn|5
|inactive|estifestar has 30 seconds left.
|inactive|Pressinblades has 30 seconds left.
|inactive|Pressinblades has 20 seconds left.
|
|t:|1785796618
|detailschange|p2b: Gyarados|Gyarados-Mega, L50, F, shiny
|-mega|p2b: Gyarados|Gyarados|Gyaradosite
|-ability|p2b: Gyarados|Mold Breaker
|move|p2a: Talonflame|Overheat|p1a: Sylveon
|-damage|p1a: Sylveon|46/100
|-unboost|p2a: Talonflame|spa|2
|move|p2b: Gyarados|Waterfall|p1a: Sylveon
|-damage|p1a: Sylveon|0 fnt
|faint|p1a: Sylveon
|move|p1b: Incineroar|Flare Blitz|p2a: Talonflame
|-resisted|p2a: Talonflame|1
|-damage|p2a: Talonflame|5/100
|-damage|p1b: Incineroar|84/100|[from] Recoil
|
|upkeep
|
|t:|1785796631
|switch|p1a: Aerodactyl|Aerodactyl-Mega, L50, M|30/100
|turn|6
|
|t:|1785796652
|move|p1a: Aerodactyl|Rock Slide|p2b: Gyarados|[spread] p2a,p2b
|-supereffective|p2a: Talonflame|2
|-damage|p2a: Talonflame|0 fnt
|-damage|p2b: Gyarados|19/100
|faint|p2a: Talonflame
|cant|p2b: Gyarados|flinch
|move|p1b: Incineroar|Flare Blitz|p2b: Gyarados
|-resisted|p2b: Gyarados|1
|-damage|p2b: Gyarados|1/100
|-damage|p1b: Incineroar|78/100|[from] Recoil
|
|upkeep
|
|t:|1785796663
|switch|p2a: Garchomp|Garchomp, L50, F, shiny|80/100
|turn|7
|
|t:|1785796681
|move|p2b: Gyarados|Protect|p2b: Gyarados
|-singleturn|p2b: Gyarados|Protect
|move|p1a: Aerodactyl|Rock Slide|p2a: Garchomp|[spread] p2a
|-activate|p2b: Gyarados|move: Protect
|-resisted|p2a: Garchomp|1
|-damage|p2a: Garchomp|64/100
|move|p2a: Garchomp|Rock Slide|p1b: Incineroar|[spread] p1a,p1b
|-supereffective|p1a: Aerodactyl|1
|-supereffective|p1b: Incineroar|1
|-damage|p1a: Aerodactyl|0 fnt
|-damage|p1b: Incineroar|25/100
|-enditem|p1b: Incineroar|Sitrus Berry|[eat]
|-heal|p1b: Incineroar|50/100g|[from] item: Sitrus Berry
|faint|p1a: Aerodactyl
|-damage|p2a: Garchomp|54/100|[from] item: Life Orb
|cant|p1b: Incineroar|flinch
|
|upkeep
|turn|8
|inactive|Pressinblades has 30 seconds left.
|
|t:|1785796707
|move|p2a: Garchomp|Rock Slide|p1b: Incineroar|[miss]
|-miss|p2a: Garchomp|p1b: Incineroar
|move|p2b: Gyarados|Waterfall|p1b: Incineroar
|-supereffective|p1b: Incineroar|1
|-damage|p1b: Incineroar|0 fnt
|faint|p1b: Incineroar
|
|win|Pressinblades
||estifestar is ready for game 2.
