|j|☆SizzleG
|j|☆monsoonisbest
|html|SizzleGmonsoonisbest    
|uhtml|bestof|Game 2 of a best-of-3
|t:|1757021631
|gametype|doubles
|player|p1|SizzleG|102|1121
|player|p2|monsoonisbest|266|1042
|gen|9
|tier|[Gen 9] VGC 2025 Reg H (Bo3)
|rated|
|rule|Species Clause: Limit one of each Pokémon
|rule|Item Clause: Limit 1 of each item
|clearpoke
|poke|p1|Ursaluna-Bloodmoon, L50, M|
|poke|p1|Incineroar, L50, M|
|poke|p1|Farigiraf, L50, M|
|poke|p1|Gholdengo, L50|
|poke|p1|Amoonguss, L50, F|
|poke|p1|Politoed, L50, F|
|poke|p2|Garchomp, L50, F|
|poke|p2|Jumpluff, L50, M|
|poke|p2|Torkoal, L50, M|
|poke|p2|Dragonite, L50, F|
|poke|p2|Typhlosion-Hisui, L50, F|
|poke|p2|Kingambit, L50, F|
|teampreview|4
|showteam|p1|Ursaluna-Bloodmoon||LifeOrb|MindsEye|HyperVoice,BloodMoon,EarthPower,Protect|||M|||50|,,,,,Normal]Incineroar||AssaultVest|Intimidate|KnockOff,Uturn,FlareBlitz,FakeOut|||M|||50|,,,,,Grass]Farigiraf||FocusSash|ArmorTail|NastyPlot,TrickRoom,HyperVoice,Psychic|||M|||50|,,,,,Water]Gholdengo||MetalCoat|GoodasGold|NastyPlot,MakeItRain,ShadowBall,Protect||||||50|,,,,,Dragon]Amoonguss||MentalHerb|Regenerator|Spore,RagePowder,EnergyBall,PollenPuff|||F|||50|,,,,,Water]Politoed||SitrusBerry|Drizzle|Protect,WeatherBall,IceBeam,Encore|||F|||50|,,,,,Grass
|showteam|p2|Garchomp||LifeOrb|RoughSkin|DragonClaw,StompingTantrum,Earthquake,Protect|||F|||50|,,,,,Fire]Jumpluff||CovertCloak|Chlorophyll|LeafStorm,SleepPowder,Encore,Tailwind|||M|||50|,,,,,Water]Torkoal||EjectPack|Drought|Overheat,BurningJealousy,HelpingHand,Protect|||M|||50|,,,,,Flying]Dragonite||LoadedDice|Multiscale|ScaleShot,ExtremeSpeed,IceSpinner,Protect|||F|||50|,,,,,Fairy]Typhlosion-Hisui||ChoiceSpecs|Blaze|Eruption,ShadowBall,HeatWave,Overheat|||F|||50|,,,,,Fire]Kingambit||AssaultVest|Defiant|SuckerPunch,Assurance,IronHead,LowKick|||F|||50|,,,,,Flying
|
|t:|1757021665
|teamsize|p1|4
|teamsize|p2|4
|start
|switch|p1a: Incineroar|Incineroar, L50, M|100/100
|switch|p1b: Gholdengo|Gholdengo, L50|100/100
|switch|p2a: Kingambit|Kingambit, L50, F|100/100
|switch|p2b: Dragonite|Dragonite, L50, F|100/100
|-ability|p1a: Incineroar|Intimidate|boost
|-unboost|p2a: Kingambit|atk|1
|-ability|p2a: Kingambit|Defiant|boost
|-boost|p2a: Kingambit|atk|2
|-unboost|p2b: Dragonite|atk|1
|turn|1
|
|t:|1757021703
|move|p2a: Kingambit|Sucker Punch||[still]
|-fail|p2a: Kingambit
|move|p1b: Gholdengo|Nasty Plot|p1b: Gholdengo
|-boost|p1b: Gholdengo|spa|2
|move|p2b: Dragonite|Scale Shot|p1a: Incineroar
|-crit|p1a: Incineroar
|-damage|p1a: Incineroar|83/100
|-damage|p1a: Incineroar|75/100
|-damage|p1a: Incineroar|67/100
|-damage|p1a: Incineroar|57/100
|-hitcount|p1a: Incineroar|4
|-unboost|p2b: Dragonite|def|1
|-boost|p2b: Dragonite|spe|1
|move|p1a: Incineroar|Flare Blitz|p2a: Kingambit
|-supereffective|p2a: Kingambit
|-damage|p2a: Kingambit|13/100
|-damage|p1a: Incineroar|29/100|[from] Recoil
|
|upkeep
|turn|2
|
|t:|1757021721
|-terastallize|p1b: Gholdengo|Dragon
|move|p2a: Kingambit|Sucker Punch|p1b: Gholdengo
|-damage|p1b: Gholdengo|31/100
|move|p2b: Dragonite|Scale Shot|p1a: Incineroar
|-damage|p1a: Incineroar|20/100
|-damage|p1a: Incineroar|12/100
|-damage|p1a: Incineroar|4/100
|-damage|p1a: Incineroar|0 fnt
|faint|p1a: Incineroar
|-hitcount|p1: Incineroar|4
|-unboost|p2b: Dragonite|def|1
|-boost|p2b: Dragonite|spe|1
|move|p1b: Gholdengo|Make It Rain|p2a: Kingambit|[spread] p2a,p2b
|-resisted|p2a: Kingambit
|-damage|p2a: Kingambit|0 fnt
|-damage|p2b: Dragonite|47/100
|-unboost|p1b: Gholdengo|spa|1
|faint|p2a: Kingambit
|
|upkeep
|
|t:|1757021732
|switch|p1a: Amoonguss|Amoonguss, L50, F|100/100
|switch|p2a: Garchomp|Garchomp, L50, F|100/100
|turn|3
|
|t:|1757021743
|move|p1a: Amoonguss|Rage Powder|p1a: Amoonguss
|-singleturn|p1a: Amoonguss|move: Rage Powder
|move|p2b: Dragonite|Ice Spinner|p1a: Amoonguss
|-supereffective|p1a: Amoonguss
|-damage|p1a: Amoonguss|73/100
|move|p2a: Garchomp|Earthquake|p1a: Amoonguss|[spread] p1a,p1b
|-immune|p2b: Dragonite
|-damage|p1a: Amoonguss|30/100
|-damage|p1b: Gholdengo|0 fnt
|faint|p1b: Gholdengo
|-damage|p2a: Garchomp|91/100|[from] item: Life Orb
|
|upkeep
|
|t:|1757021750
|switch|p1b: Politoed|Politoed, L50, F|100/100
|-weather|RainDance|[from] ability: Drizzle|[of] p1b: Politoed
|turn|4
|
|t:|1757021764
|switch|p2b: Torkoal|Torkoal, L50, M|100/100
|-weather|SunnyDay|[from] ability: Drought|[of] p2b: Torkoal
|move|p1a: Amoonguss|Rage Powder|p1a: Amoonguss
|-singleturn|p1a: Amoonguss|move: Rage Powder
|move|p2a: Garchomp|Dragon Claw|p1a: Amoonguss
|-damage|p1a: Amoonguss|0 fnt
|faint|p1a: Amoonguss
|-damage|p2a: Garchomp|81/100|[from] item: Life Orb
|move|p1b: Politoed|Ice Beam|p2a: Garchomp
|-supereffective|p2a: Garchomp
|-damage|p2a: Garchomp|0 fnt
|faint|p2a: Garchomp
|
|-weather|SunnyDay|[upkeep]
|upkeep
|
|t:|1757021771
|switch|p2a: Dragonite|Dragonite, L50, F|47/100
|turn|5
|
|t:|1757021778
|-terastallize|p2a: Dragonite|Fairy
|move|p2a: Dragonite|Scale Shot|p1b: Politoed
|-damage|p1b: Politoed|86/100
|-damage|p1b: Politoed|73/100
|-damage|p1b: Politoed|57/100
|-damage|p1b: Politoed|42/100
|-enditem|p1b: Politoed|Sitrus Berry|[eat]
|-heal|p1b: Politoed|66/100|[from] item: Sitrus Berry
|-hitcount|p1b: Politoed|4
|-unboost|p2a: Dragonite|def|1
|-boost|p2a: Dragonite|spe|1
|move|p1b: Politoed|Ice Beam|p2a: Dragonite
|-damage|p2a: Dragonite|28/100
|move|p2b: Torkoal|Overheat|p1b: Politoed
|-resisted|p1b: Politoed
|-damage|p1b: Politoed|42/100
|-unboost|p2b: Torkoal|spa|2
|
|-weather|SunnyDay|[upkeep]
|upkeep
|turn|6
|
|t:|1757021795
|move|p2b: Torkoal|Helping Hand|p2a: Dragonite
|-singleturn|p2a: Dragonite|Helping Hand|[of] p2b: Torkoal
|move|p2a: Dragonite|Scale Shot|p1b: Politoed
|-damage|p1b: Politoed|22/100
|-damage|p1b: Politoed|0 fnt
|faint|p1b: Politoed
|-hitcount|p1: Politoed|2
|
|win|monsoonisbest
||SizzleG is ready for game 3.
||monsoonisbest is ready for game 3.
|uhtml|next|Next: Game 3 of 3
|l|☆SizzleG
|player|p1|
