|j|☆Hornleechers
|j|☆shiroblast
|html|Hornleechersshiroblast    
|uhtml|bestof|Game 1 of a best-of-3
|t:|1785893727
|gametype|doubles
|player|p1|Hornleechers|hilda-wonderlauncher|1107
|player|p2|shiroblast|benga|1160
|gen|9
|tier|[Gen 9 Champions] VGC 2026 Reg M-B (Bo3)
|rated|
|rule|Species Clause: Limit one of each Pokémon
|rule|Item Clause: Limit 1 of each item
|clearpoke
|poke|p1|Venusaur, L50, M|
|poke|p1|Charizard, L50, F|
|poke|p1|Torkoal, L50, M|
|poke|p1|Farigiraf, L50, F|
|poke|p1|Dragonite, L50, M|
|poke|p1|Mamoswine, L50, F|
|poke|p2|Swampert, L50, F|
|poke|p2|Archaludon, L50, F|
|poke|p2|Tyranitar, L50, M|
|poke|p2|Pelipper, L50, M|
|poke|p2|Mawile, L50, F|
|poke|p2|Sinistcha-Masterpiece, L50|
|teampreview|4
|showteam|p1|Venusaur||Venusaurite|Chlorophyll|EarthPower,SludgeBomb,Protect,EnergyBall|Modest||M|||50|]Charizard||CharizarditeX|Blaze|DragonDance,RockSlide,FlareBlitz,ThunderPunch|Adamant||F|||50|]Torkoal||Charcoal|Drought|Eruption,Protect,HeatWave,AncientPower|Quiet||M|||50|]Farigiraf||ColburBerry|ArmorTail|PsychicFangs,Protect,TrickRoom,LowKick|Relaxed||F|||50|]Dragonite||LifeOrb|InnerFocus|DragonDance,Earthquake,DragonClaw,ExtremeSpeed|Jolly||M|||50|]Mamoswine||NeverMeltIce|Oblivious|IceShard,HighHorsepower,Protect,IcicleCrash|Adamant||F|||50|
|showteam|p2|Swampert||Swampertite|Torrent|WaveCrash,IcePunch,Earthquake,Protect|Adamant||F|||50|]Archaludon||Leftovers|Stamina|DragonPulse,ElectroShot,FlashCannon,Protect|Calm||F|||50|]Tyranitar||LifeOrb|SandStream|KnockOff,RockSlide,StompingTantrum,Protect|Jolly||M|||50|]Pelipper||FocusSash|Drizzle|Hurricane,HelpingHand,Tailwind,WideGuard|Timid||M|||50|]Mawile||Mawilite|Intimidate|SuckerPunch,PlayRough,SwordsDance,Protect|Adamant||F|||50|]Sinistcha-Masterpiece||CobaBerry|Hospitality|RagePowder,MatchaGotcha,TrickRoom,Protect|Calm|||||50|
|
|t:|1785893751
|teamsize|p1|4
|teamsize|p2|4
|start
|switch|p1a: Dragonite|Dragonite, L50, M|100/100
|switch|p1b: Venusaur|Venusaur, L50, M|100/100
|switch|p2a: Tyranitar|Tyranitar, L50, M|100/100
|switch|p2b: Swampert|Swampert, L50, F|100/100
|-weather|Sandstorm|[from] ability: Sand Stream|[of] p2a: Tyranitar
|turn|1
|
|t:|1785893773
|switch|p2a: Pelipper|Pelipper, L50, M|100/100
|-weather|RainDance|[from] ability: Drizzle|[of] p2a: Pelipper
|detailschange|p2b: Swampert|Swampert-Mega, L50, F
|-mega|p2b: Swampert|Swampert|Swampertite
|move|p2b: Swampert|Ice Punch|p1a: Dragonite
|-supereffective|p1a: Dragonite|2
|-damage|p1a: Dragonite|0 fnt
|faint|p1a: Dragonite
|move|p1b: Venusaur|Energy Ball|p2a: Pelipper
|-damage|p2a: Pelipper|27/100
|
|-weather|RainDance|[upkeep]
|upkeep
|
|t:|1785893781
|switch|p1a: Torkoal|Torkoal, L50, M|100/100
|-weather|SunnyDay|[from] ability: Drought|[of] p1a: Torkoal
|turn|2
|
|t:|1785893798
|switch|p2a: Tyranitar|Tyranitar, L50, M|100/100
|-weather|Sandstorm|[from] ability: Sand Stream|[of] p2a: Tyranitar
|move|p2b: Swampert|Protect|p2b: Swampert
|-singleturn|p2b: Swampert|Protect
|move|p1b: Venusaur|Energy Ball|p2b: Swampert
|-activate|p2b: Swampert|move: Protect
|move|p1a: Torkoal|Eruption|p2b: Swampert|[spread] p2a
|-activate|p2b: Swampert|move: Protect
|-resisted|p2a: Tyranitar|1
|-damage|p2a: Tyranitar|81/100
|
|-weather|Sandstorm|[upkeep]
|-damage|p1b: Venusaur|94/100|[from] Sandstorm
|-damage|p1a: Torkoal|93/100|[from] Sandstorm
|upkeep
|turn|3
|
|t:|1785893842
|switch|p2a: Pelipper|Pelipper, L50, M|27/100
|-weather|RainDance|[from] ability: Drizzle|[of] p2a: Pelipper
|detailschange|p1b: Venusaur|Venusaur-Mega, L50, M
|-mega|p1b: Venusaur|Venusaur|Venusaurite
|move|p1a: Torkoal|Protect|p1a: Torkoal
|-singleturn|p1a: Torkoal|Protect
|move|p2b: Swampert|Earthquake|p1b: Venusaur|[spread] p1b
|-activate|p1a: Torkoal|move: Protect
|-immune|p2a: Pelipper
|-damage|p1b: Venusaur|54/100
|move|p1b: Venusaur|Energy Ball|p2a: Pelipper
|-damage|p2a: Pelipper|0 fnt
|faint|p2a: Pelipper
|
|-weather|RainDance|[upkeep]
|upkeep
|
|t:|1785893861
|switch|p2a: Sinistcha|Sinistcha-Masterpiece, L50|100/100
|turn|4
|
|t:|1785893869
|move|p1a: Torkoal|Protect||[still]
|-fail|p1a: Torkoal
|move|p2a: Sinistcha|Rage Powder|p2a: Sinistcha
|-singleturn|p2a: Sinistcha|move: Rage Powder
|move|p2b: Swampert|Ice Punch|p1b: Venusaur
|-supereffective|p1b: Venusaur|1
|-damage|p1b: Venusaur|27/100
|move|p1b: Venusaur|Energy Ball|p2b: Swampert
|-supereffective|p2b: Swampert|2
|-damage|p2b: Swampert|0 fnt
|faint|p2b: Swampert
|
|-weather|RainDance|[upkeep]
|upkeep
|
|t:|1785893881
|switch|p2b: Tyranitar|Tyranitar, L50, M|81/100
|-weather|Sandstorm|[from] ability: Sand Stream|[of] p2b: Tyranitar
|turn|5
|
|t:|1785893890
|move|p2b: Tyranitar|Rock Slide|p1b: Venusaur|[spread] p1a,p1b
|-supereffective|p1a: Torkoal|1
|-damage|p1a: Torkoal|36/100
|-damage|p1b: Venusaur|0 fnt
|faint|p1b: Venusaur
|-damage|p2b: Tyranitar|71/100|[from] item: Life Orb
|move|p2a: Sinistcha|Matcha Gotcha|p1a: Torkoal
|-resisted|p1a: Torkoal|1
|-damage|p1a: Torkoal|14/100
|move|p1a: Torkoal|Eruption|p2b: Tyranitar|[spread] p2a,p2b
|-supereffective|p2a: Sinistcha|1
|-resisted|p2b: Tyranitar|1
|-damage|p2a: Sinistcha|85/100
|-damage|p2b: Tyranitar|69/100
|
|-weather|Sandstorm|[upkeep]
|-damage|p2a: Sinistcha|79/100|[from] Sandstorm
|-damage|p1a: Torkoal|8/100|[from] Sandstorm
|upkeep
|
|t:|1785893897
|switch|p1b: Charizard|Charizard, L50, F|100/100
|turn|6
|
|t:|1785893954
|move|p2b: Tyranitar|Protect|p2b: Tyranitar
|-singleturn|p2b: Tyranitar|Protect
|move|p1b: Charizard|Rock Slide|p2a: Sinistcha|[spread] 
|-activate|p2b: Tyranitar|move: Protect
|-miss|p1b: Charizard|p2a: Sinistcha
|move|p1a: Torkoal|Heat Wave|p2a: Sinistcha|[spread] p2a
|-activate|p2b: Tyranitar|move: Protect
|-supereffective|p2a: Sinistcha|1
|-damage|p2a: Sinistcha|20/100y
|move|p2a: Sinistcha|Trick Room|p2a: Sinistcha
|-fieldstart|move: Trick Room|[of] p2a: Sinistcha
|
|-weather|Sandstorm|[upkeep]
|-damage|p1a: Torkoal|2/100|[from] Sandstorm
|-damage|p2a: Sinistcha|14/100|[from] Sandstorm
|-damage|p1b: Charizard|94/100|[from] Sandstorm
|upkeep
|turn|7
|inactive|Battle timer is ON: inactive players will automatically lose when time's up. (requested by Hornleechers)
|
|t:|1785893993
|move|p2a: Sinistcha|Protect|p2a: Sinistcha
|-singleturn|p2a: Sinistcha|Protect
|move|p1a: Torkoal|Heat Wave|p2b: Tyranitar|[spread] p2b
|-activate|p2a: Sinistcha|move: Protect
|-resisted|p2b: Tyranitar|1
|-damage|p2b: Tyranitar|57/100
|move|p2b: Tyranitar|Rock Slide|p1b: Charizard|[spread] p1a,p1b
|-supereffective|p1a: Torkoal|1
|-supereffective|p1b: Charizard|2
|-damage|p1a: Torkoal|0 fnt
|-damage|p1b: Charizard|0 fnt
|faint|p1a: Torkoal
|faint|p1b: Charizard
|-damage|p2b: Tyranitar|47/100|[from] item: Life Orb
|
|win|shiroblast
||Hornleechers is ready for game 2.
|inactive|shiroblast has 30 seconds to confirm battle start!
||shiroblast is ready for game 2.
|uhtml|next|Next: Game 2 of 3
|l|☆Hornleechers
|player|p1|
