|j|☆Mariquitavoir
|j|☆Morpekinho
|html|MariquitavoirMorpekinho    
|uhtml|bestof|Game 2 of a best-of-3
|t:|1783006851
|gametype|doubles
|player|p1|Mariquitavoir|striker|1120
|player|p2|Morpekinho|hilbert|1288
|gen|9
|tier|[Gen 9 Champions] VGC 2026 Reg M-B (Bo3)
|rated|
|rule|Species Clause: Limit one of each Pokémon
|rule|Item Clause: Limit 1 of each item
|clearpoke
|poke|p1|Gardevoir, L50, M|
|poke|p1|Aerodactyl, L50, F|
|poke|p1|Garchomp, L50, F|
|poke|p1|Gholdengo, L50|
|poke|p1|Maushold-Four, L50|
|poke|p1|Kingambit, L50, F|
|poke|p2|Farigiraf, L50, F|
|poke|p2|Kingambit, L50, M, shiny|
|poke|p2|Sylveon, L50, F, shiny|
|poke|p2|Camerupt, L50, F, shiny|
|poke|p2|Vivillon, L50, M|
|poke|p2|Venusaur, L50, M|
|teampreview|4
|showteam|p1|Gardevoir||Gardevoirite|Telepathy|HyperVoice,Psyshock,CalmMind,Protect|Modest||M|||50|]Aerodactyl||FocusSash|RockHead|DualWingbeat,RockSlide,Tailwind,Protect|Jolly||F|||50|]Garchomp||LifeOrb|RoughSkin|DragonClaw,Earthquake,StompingTantrum,Protect|Jolly||F|||50|]Gholdengo||MetalCoat|GoodasGold|MakeItRain,ShadowBall,NastyPlot,Protect|Modest|||||50|]Maushold-Four||WideLens|FriendGuard|FollowMe,Encore,PopulationBomb,Protect|Jolly|||||50|]Kingambit||ChopleBerry|Defiant|KowtowCleave,SuckerPunch,LowKick,Protect|Adamant||F|||50|
|showteam|p2|Farigiraf||SitrusBerry|ArmorTail|Protect,PsychicFangs,TrickRoom,Thunderbolt|Relaxed||F|||50|]Kingambit||BlackGlasses|Defiant|Protect,SuckerPunch,SwordsDance,KowtowCleave|Adamant||M|||50|]Sylveon||LifeOrb|Pixilate|Detect,HyperVoice,HyperBeam,QuickAttack|Quiet||F|||50|]Camerupt||Cameruptite|SolidRock|Protect,HeatWave,AncientPower,EarthPower|Quiet||F|||50|]Vivillon||FocusSash|CompoundEyes|Protect,SleepPowder,RagePowder,Hurricane|Serious||M|||50|]Venusaur||Venusaurite|Chlorophyll|Protect,SludgeBomb,EarthPower,EnergyBall|Modest||M|||50|
|inactive|Battle timer is ON: inactive players will automatically lose when time's up. (requested by Morpekinho)
|inactive|Mariquitavoir has 60 seconds left.
|inactive|Mariquitavoir has 30 seconds left.
|
|t:|1783006918
|teamsize|p1|4
|teamsize|p2|4
|start
|switch|p1a: Maushold|Maushold-Four, L50|100/100
|switch|p1b: Gardevoir|Gardevoir, L50, M|100/100
|switch|p2a: Farigiraf|Farigiraf, L50, F|100/100
|switch|p2b: Vivillon|Vivillon, L50, M|100/100
|turn|1
|
|t:|1783006939
|move|p1a: Maushold|Follow Me|p1a: Maushold
|-singleturn|p1a: Maushold|move: Follow Me
|move|p2b: Vivillon|Rage Powder|p2b: Vivillon
|-singleturn|p2b: Vivillon|move: Rage Powder
|move|p1b: Gardevoir|Calm Mind|p1b: Gardevoir
|-boost|p1b: Gardevoir|spa|1
|-boost|p1b: Gardevoir|spd|1
|move|p2a: Farigiraf|Trick Room|p2a: Farigiraf
|-fieldstart|move: Trick Room|[of] p2a: Farigiraf
|
|upkeep
|turn|2
|
|t:|1783006956
|switch|p2a: Camerupt|Camerupt, L50, F, shiny|100/100
|detailschange|p1b: Gardevoir|Gardevoir-Mega, L50, M
|-mega|p1b: Gardevoir|Gardevoir|Gardevoirite
|move|p1a: Maushold|Follow Me|p1a: Maushold
|-singleturn|p1a: Maushold|move: Follow Me
|move|p1b: Gardevoir|Hyper Voice|p2a: Camerupt|[spread] p2a,p2b
|-resisted|p2a: Camerupt|1
|-damage|p2a: Camerupt|49/100
|-enditem|p2b: Vivillon|Focus Sash
|-damage|p2b: Vivillon|1/100
|move|p2b: Vivillon|Sleep Powder|p1a: Maushold
|-status|p1a: Maushold|slp|[from] move: Sleep Powder
|
|upkeep
|turn|3
|
|t:|1783006980
|detailschange|p2a: Camerupt|Camerupt-Mega, L50, F, shiny
|-mega|p2a: Camerupt|Camerupt|Cameruptite
|move|p2b: Vivillon|Protect|p2b: Vivillon
|-singleturn|p2b: Vivillon|Protect
|move|p2a: Camerupt|Heat Wave|p1b: Gardevoir|[spread] p1a
|-miss|p2a: Camerupt|p1b: Gardevoir
|-damage|p1a: Maushold|17/100 slp
|move|p1b: Gardevoir|Hyper Voice|p2b: Vivillon|[spread] p2a
|-activate|p2b: Vivillon|move: Protect
|-resisted|p2a: Camerupt|1
|-damage|p2a: Camerupt|5/100
|cant|p1a: Maushold|slp
|
|upkeep
|turn|4
|
|t:|1783006996
|cant|p1a: Maushold|slp
|move|p2a: Camerupt|Heat Wave|p1b: Gardevoir|[spread] p1b
|-miss|p2a: Camerupt|p1a: Maushold
|-crit|p1b: Gardevoir
|-damage|p1b: Gardevoir|49/100
|move|p1b: Gardevoir|Hyper Voice|p2a: Camerupt|[spread] p2a,p2b
|-resisted|p2a: Camerupt|1
|-damage|p2a: Camerupt|0 fnt
|-damage|p2b: Vivillon|0 fnt
|faint|p2a: Camerupt
|faint|p2b: Vivillon
|
|upkeep
|
|t:|1783007003
|switch|p2a: Sylveon|Sylveon, L50, F, shiny|100/100
|switch|p2b: Farigiraf|Farigiraf, L50, F|100/100
|turn|5
|
|t:|1783007021
|move|p1b: Gardevoir|Protect|p1b: Gardevoir
|-singleturn|p1b: Gardevoir|Protect
|-curestatus|p1a: Maushold|slp|[msg]
|move|p1a: Maushold|Protect|p1a: Maushold
|-singleturn|p1a: Maushold|Protect
|move|p2a: Sylveon|Hyper Voice|p1a: Maushold|[spread] 
|-activate|p1a: Maushold|move: Protect
|-activate|p1b: Gardevoir|move: Protect
|move|p2b: Farigiraf|Thunderbolt|p1b: Gardevoir
|-activate|p1b: Gardevoir|move: Protect
|
|-fieldend|move: Trick Room
|upkeep
|turn|6
|
|t:|1783007037
|move|p2b: Farigiraf|Protect|p2b: Farigiraf
|-singleturn|p2b: Farigiraf|Protect
|move|p1a: Maushold|Encore|p2b: Farigiraf
|-activate|p2b: Farigiraf|move: Protect
|move|p1b: Gardevoir|Hyper Voice|p2a: Sylveon|[spread] p2a
|-activate|p2b: Farigiraf|move: Protect
|-damage|p2a: Sylveon|33/100
|move|p2a: Sylveon|Hyper Beam|p1b: Gardevoir
|-damage|p1b: Gardevoir|1/100
|-mustrecharge|p2a: Sylveon
|-damage|p2a: Sylveon|23/100|[from] item: Life Orb
|
|upkeep
|turn|7
|-message|Morpekinho forfeited.
|
|win|Mariquitavoir
