|j|☆Welosethose!
|j|☆Alysa Liu
|html|Welosethose!Alysa Liu    
|uhtml|bestof|Game 2 of a best-of-3
|t:|1756856946
|gametype|doubles
|player|p1|Welosethose!|hilbert|1232
|player|p2|Alysa Liu|lady|1408
|gen|9
|tier|[Gen 9] VGC 2025 Reg H (Bo3)
|rated|
|rule|Species Clause: Limit one of each Pokémon
|rule|Item Clause: Limit 1 of each item
|clearpoke
|poke|p1|Politoed, L50, M|
|poke|p1|Gothitelle, L50, M|
|poke|p1|Kingdra, L50, M|
|poke|p1|Archaludon, L50, M|
|poke|p1|Amoonguss, L50, M|
|poke|p1|Incineroar, L50, F|
|poke|p2|Dachsbun, L50, M|
|poke|p2|Typhlosion-Hisui, L50, F|
|poke|p2|Kingambit, L50, M|
|poke|p2|Jumpluff, L50, F|
|poke|p2|Rillaboom, L50, M|
|poke|p2|Torkoal, L50, M|
|teampreview|4
|showteam|p1|Politoed||Leftovers|Drizzle|WeatherBall,Encore,PerishSong,Protect|||M|||50|,,,,,Grass]Gothitelle||SitrusBerry|ShadowTag|FakeOut,Psychic,TrickRoom,Protect|||M|||50|,,,,,Dark]Kingdra||LifeOrb|SwiftSwim|WeatherBall,MuddyWater,DracoMeteor,Protect|||M|||50|,,,,,Stellar]Archaludon||PowerHerb|Sturdy|ElectroShot,FlashCannon,DragonPulse,Protect|||M|||50|,,,,,Electric]Amoonguss||EjectButton|Regenerator|PollenPuff,Spore,RagePowder,Protect|||M|||50|,,,,,Fairy]Incineroar||SafetyGoggles|Intimidate|FakeOut,KnockOff,PartingShot,Protect|||F|||50|,,,,,Ghost
|showteam|p2|Dachsbun||Leftovers|WellBakedBody|BodyPress,Snarl,HelpingHand,Protect|||M|||50|,,,,,Steel]Typhlosion-Hisui||ChoiceSpecs|Blaze|Eruption,LavaPlume,Overheat,ShadowBall|||F|||50|,,,,,Fire]Kingambit||SafetyGoggles|Defiant|Protect,KowtowCleave,SuckerPunch,SwordsDance|||M|||50|,,,,,Dark]Jumpluff||CovertCloak|Chlorophyll|SleepPowder,SunnyDay,RagePowder,Tailwind|||F|||50|,,,,,Water]Rillaboom||AssaultVest|GrassySurge|WoodHammer,GrassyGlide,FakeOut,HighHorsepower|||M|||50|,,,,,Water]Torkoal||SitrusBerry|Drought|HeatWave,LavaPlume,ClearSmog,Protect|||M|||50|,,,,,Fairy
|inactive|Battle timer is ON: inactive players will automatically lose when time's up. (requested by Alysa Liu)
|inactive|Welosethose! has 60 seconds left.
|inactive|Alysa Liu has 60 seconds left.
|
|t:|1756856993
|teamsize|p1|4
|teamsize|p2|4
|start
|switch|p1a: Gothitelle|Gothitelle, L50, M|100/100
|switch|p1b: Kingdra|Kingdra, L50, M|100/100
|switch|p2a: Typhlosion|Typhlosion-Hisui, L50, F|100/100
|switch|p2b: Jumpluff|Jumpluff, L50, F|100/100
|turn|1
|
|t:|1756857006
|switch|p2a: Rillaboom|Rillaboom, L50, M|100/100
|-fieldstart|move: Grassy Terrain|[from] ability: Grassy Surge|[of] p2a: Rillaboom
|switch|p1a: Politoed|Politoed, L50, M|100/100
|-weather|RainDance|[from] ability: Drizzle|[of] p1a: Politoed
|-terastallize|p1b: Kingdra|Stellar
|move|p1b: Kingdra|Draco Meteor|p2b: Jumpluff
|-damage|p2b: Jumpluff|0 fnt
|-unboost|p1b: Kingdra|spa|2
|faint|p2b: Jumpluff
|-damage|p1b: Kingdra|91/100|[from] item: Life Orb
|
|-weather|RainDance|[upkeep]
|-heal|p1b: Kingdra|97/100|[from] Grassy Terrain
|upkeep
|
|t:|1756857015
|switch|p2b: Kingambit|Kingambit, L50, M|100/100
|turn|2
|
|t:|1756857031
|switch|p1a: Archaludon|Archaludon, L50, M|100/100
|move|p1b: Kingdra|Muddy Water|p2b: Kingambit|[spread] p2b
|-miss|p1b: Kingdra|p2a: Rillaboom
|-damage|p2b: Kingambit|60/100
|-damage|p1b: Kingdra|87/100|[from] item: Life Orb
|move|p2a: Rillaboom|Wood Hammer|p1a: Archaludon
|-resisted|p1a: Archaludon
|-damage|p1a: Archaludon|84/100
|-damage|p2a: Rillaboom|96/100|[from] Recoil
|move|p2b: Kingambit|Swords Dance|p2b: Kingambit
|-boost|p2b: Kingambit|atk|2
|
|-weather|RainDance|[upkeep]
|-heal|p1b: Kingdra|93/100|[from] Grassy Terrain
|-heal|p1a: Archaludon|90/100|[from] Grassy Terrain
|-heal|p2a: Rillaboom|100/100|[from] Grassy Terrain
|-heal|p2b: Kingambit|65/100|[from] Grassy Terrain
|upkeep
|turn|3
|inactive|Welosethose! has 30 seconds left.
|inactive|Welosethose! has 20 seconds left.
|inactive|Welosethose! has 15 seconds left.
|inactive|Welosethose! has 10 seconds left.
|
|t:|1756857078
|-terastallize|p2b: Kingambit|Dark
|move|p2b: Kingambit|Sucker Punch|p1a: Archaludon
|-damage|p1a: Archaludon|5/100
|move|p1b: Kingdra|Weather Ball|p2b: Kingambit
|-damage|p2b: Kingambit|14/100
|-damage|p1b: Kingdra|83/100|[from] item: Life Orb
|move|p1a: Archaludon|Electro Shot||[still]
|-prepare|p1a: Archaludon|Electro Shot
|-boost|p1a: Archaludon|spa|1
|-anim|p1a: Archaludon|Electro Shot|p2b: Kingambit
|-damage|p2b: Kingambit|0 fnt
|faint|p2b: Kingambit
|move|p2a: Rillaboom|Wood Hammer|p1b: Kingdra
|-damage|p1b: Kingdra|0 fnt
|faint|p1b: Kingdra
|-damage|p2a: Rillaboom|80/100|[from] Recoil
|
|-weather|RainDance|[upkeep]
|-heal|p1a: Archaludon|11/100|[from] Grassy Terrain
|-heal|p2a: Rillaboom|86/100|[from] Grassy Terrain
|upkeep
|
|t:|1756857101
|switch|p1b: Politoed|Politoed, L50, M|100/100
|switch|p2b: Typhlosion|Typhlosion-Hisui, L50, F|100/100
|turn|4
|
|t:|1756857109
|switch|p1a: Gothitelle|Gothitelle, L50, M|100/100
|move|p1b: Politoed|Protect|p1b: Politoed
|-singleturn|p1b: Politoed|Protect
|move|p2b: Typhlosion|Shadow Ball|p1a: Gothitelle
|-supereffective|p1a: Gothitelle
|-damage|p1a: Gothitelle|12/100
|-enditem|p1a: Gothitelle|Sitrus Berry|[eat]
|-heal|p1a: Gothitelle|37/100|[from] item: Sitrus Berry
|move|p2a: Rillaboom|Wood Hammer|p1b: Politoed
|-activate|p1b: Politoed|move: Protect
|
|-weather|RainDance|[upkeep]
|-heal|p2a: Rillaboom|92/100|[from] Grassy Terrain
|-heal|p1a: Gothitelle|43/100|[from] Grassy Terrain
|upkeep
|turn|5
|
|t:|1756857132
|move|p1a: Gothitelle|Fake Out|p2a: Rillaboom
|-damage|p2a: Rillaboom|86/100
|move|p2b: Typhlosion|Shadow Ball|p1a: Gothitelle
|-supereffective|p1a: Gothitelle
|-damage|p1a: Gothitelle|0 fnt
|faint|p1a: Gothitelle
|cant|p2a: Rillaboom|flinch
|move|p1b: Politoed|Weather Ball|p2b: Typhlosion
|-supereffective|p2b: Typhlosion
|-damage|p2b: Typhlosion|0 fnt
|faint|p2b: Typhlosion
|
|-weather|none
|-heal|p2a: Rillaboom|92/100|[from] Grassy Terrain
|-fieldend|move: Grassy Terrain
|upkeep
|
|t:|1756857143
|switch|p1a: Archaludon|Archaludon, L50, M|11/100
|turn|6
|inactive|Welosethose! has 30 seconds left.
|
|t:|1756857171
|move|p1a: Archaludon|Protect|p1a: Archaludon
|-singleturn|p1a: Archaludon|Protect
|move|p2a: Rillaboom|Wood Hammer|p1b: Politoed
|-supereffective|p1b: Politoed
|-damage|p1b: Politoed|0 fnt
|faint|p1b: Politoed
|-damage|p2a: Rillaboom|60/100|[from] Recoil
|
|upkeep
|turn|7
|
|t:|1756857183
|move|p1a: Archaludon|Dragon Pulse|p2a: Rillaboom
|-crit|p2a: Rillaboom
|-damage|p2a: Rillaboom|19/100
|move|p2a: Rillaboom|High Horsepower|p1a: Archaludon
|-supereffective|p1a: Archaludon
|-damage|p1a: Archaludon|0 fnt
|faint|p1a: Archaludon
|
|win|Alysa Liu
||Welosethose! is ready for game 3.
||Alysa Liu is ready for game 3.
|uhtml|next|Next: Game 3 of 3
|l|☆Alysa Liu
|player|p2|
