|j|☆bman3111
|j|‽HenriqueZVGC
|html|bman3111HenriqueZVGC    
|uhtml|bestof|Game 2 of a best-of-3
|t:|1785203030
|gametype|doubles
|player|p1|bman3111|elesa-masters|1047
|player|p2|HenriqueZVGC|steven|1122
|gen|9
|tier|[Gen 9 Champions] VGC 2026 Reg M-B (Bo3)
|rated|
|rule|Species Clause: Limit one of each Pokémon
|rule|Item Clause: Limit 1 of each item
|clearpoke
|poke|p1|Pelipper, L50, M|
|poke|p1|Archaludon, L50, M|
|poke|p1|Venusaur, L50, F|
|poke|p1|Grimmsnarl, L50, M|
|poke|p1|Swampert, L50, F|
|poke|p1|Kingambit, L50, F|
|poke|p2|Tyranitar, L50, M|
|poke|p2|Excadrill, L50, F|
|poke|p2|Milotic, L50, M|
|poke|p2|Sinistcha, L50|
|poke|p2|Staraptor, L50, M|
|poke|p2|Gholdengo, L50|
|teampreview|4
|showteam|p1|Pelipper||SitrusBerry|Drizzle|WeatherBall,Hurricane,Tailwind,Protect|Calm||M|||50|]Archaludon||Leftovers|Stamina|ElectroShot,DragonPulse,FlashCannon,Protect|Calm||M|||50|]Venusaur||Venusaurite|Chlorophyll|GigaDrain,SludgeBomb,EarthPower,Protect|Modest||F|||50|]Grimmsnarl||LightClay|Prankster|FakeOut,Reflect,LightScreen,PartingShot|Impish||M|||50|]Swampert||Swampertite|Torrent|WaveCrash,Earthquake,IcePunch,Protect|Adamant||F|||50|]Kingambit||FocusSash|Defiant|KowtowCleave,IronHead,SuckerPunch,LowKick|Adamant||F|||50|
|showteam|p2|Tyranitar||Tyranitarite|SandStream|KnockOff,RockSlide,HighHorsepower,Protect|Jolly||M|||50|]Excadrill||FocusSash|SandRush|HighHorsepower,IronHead,RockSlide,Protect|Adamant||F|||50|]Milotic||SitrusBerry|Competitive|Scald,IcyWind,Haze,Protect|Calm||M|||50|]Sinistcha||ColburBerry|Hospitality|MatchaGotcha,ShadowBall,Protect,RagePowder|Bold|||||50|]Staraptor||Staraptite|Intimidate|CloseCombat,BraveBird,Tailwind,Protect|Jolly||M|||50|]Gholdengo||LifeOrb|GoodasGold|MakeItRain,ShadowBall,NastyPlot,Protect|Modest|||||50|
|inactive|Battle timer is ON: inactive players will automatically lose when time's up. (requested by bman3111)
|inactive|HenriqueZVGC also wants the timer to be on.
|inactive|HenriqueZVGC has 60 seconds left.
|
|t:|1785203064
|teamsize|p1|4
|teamsize|p2|4
|start
|switch|p1a: Kingambit|Kingambit, L50, F|100/100
|switch|p1b: Venusaur|Venusaur, L50, F|100/100
|switch|p2a: Sinistcha|Sinistcha, L50|100/100
|switch|p2b: Gholdengo|Gholdengo, L50|100/100
|turn|1
|inactive|HenriqueZVGC has 30 seconds left.
|inactive|HenriqueZVGC has 20 seconds left.
|inactive|HenriqueZVGC has 15 seconds left.
|
|t:|1785203107
|switch|p2a: Tyranitar|Tyranitar, L50, M|100/100
|-weather|Sandstorm|[from] ability: Sand Stream|[of] p2a: Tyranitar
|detailschange|p1b: Venusaur|Venusaur-Mega, L50, F
|-mega|p1b: Venusaur|Venusaur|Venusaurite
|move|p2b: Gholdengo|Protect|p2b: Gholdengo
|-singleturn|p2b: Gholdengo|Protect
|move|p1b: Venusaur|Earth Power|p2b: Gholdengo
|-activate|p2b: Gholdengo|move: Protect
|move|p1a: Kingambit|Kowtow Cleave|p2b: Gholdengo
|-activate|p2b: Gholdengo|move: Protect
|
|-weather|Sandstorm|[upkeep]
|-damage|p1b: Venusaur|94/100|[from] Sandstorm
|upkeep
|turn|2
|inactive|bman3111 has 30 seconds left.
|inactive|HenriqueZVGC has 30 seconds left.
|inactive|bman3111 has 20 seconds left.
|inactive|HenriqueZVGC has 20 seconds left.
|inactive|bman3111 has 15 seconds left.
|inactive|HenriqueZVGC has 15 seconds left.
|inactive|bman3111 has 10 seconds left.
|inactive|bman3111 has 5 seconds left.
|
|t:|1785203161
|move|p2a: Tyranitar|Protect|p2a: Tyranitar
|-singleturn|p2a: Tyranitar|Protect
|move|p2b: Gholdengo|Nasty Plot|p2b: Gholdengo
|-boost|p2b: Gholdengo|spa|2
|move|p1b: Venusaur|Earth Power|p2b: Gholdengo
|-supereffective|p2b: Gholdengo|1
|-damage|p2b: Gholdengo|47/100
|move|p1a: Kingambit|Low Kick|p2a: Tyranitar
|-activate|p2a: Tyranitar|move: Protect
|
|-weather|Sandstorm|[upkeep]
|-damage|p1b: Venusaur|88/100|[from] Sandstorm
|upkeep
|turn|3
|inactive|HenriqueZVGC has 30 seconds left.
|inactive|HenriqueZVGC has 20 seconds left.
|
|t:|1785203197
|switch|p1a: Archaludon|Archaludon, L50, M|100/100
|move|p2a: Tyranitar|High Horsepower|p1a: Archaludon
|-supereffective|p1a: Archaludon|1
|-damage|p1a: Archaludon|54/100
|-ability|p1a: Archaludon|Stamina|boost
|-boost|p1a: Archaludon|def|1
|move|p2b: Gholdengo|Make It Rain|p1a: Archaludon|[spread] p1a,p1b
|-resisted|p1a: Archaludon|1
|-damage|p1a: Archaludon|5/100
|-damage|p1b: Venusaur|2/100
|-unboost|p2b: Gholdengo|spa|2
|-ability|p1a: Archaludon|Stamina|boost
|-boost|p1a: Archaludon|def|1
|-damage|p2b: Gholdengo|37/100|[from] item: Life Orb
|move|p1b: Venusaur|Giga Drain|p2a: Tyranitar
|-supereffective|p2a: Tyranitar|1
|-damage|p2a: Tyranitar|55/100
|-heal|p1b: Venusaur|25/100|[from] drain|[of] p2a: Tyranitar
|
|-weather|Sandstorm|[upkeep]
|-damage|p1b: Venusaur|19/100|[from] Sandstorm
|-heal|p1a: Archaludon|11/100|[from] item: Leftovers
|upkeep
|turn|4
|inactive|HenriqueZVGC has 30 seconds left.
|
|t:|1785203228
|switch|p1a: Pelipper|Pelipper, L50, M|100/100
|-weather|RainDance|[from] ability: Drizzle|[of] p1a: Pelipper
|move|p2a: Tyranitar|Protect|p2a: Tyranitar
|-singleturn|p2a: Tyranitar|Protect
|move|p1b: Venusaur|Protect|p1b: Venusaur
|-singleturn|p1b: Venusaur|Protect
|move|p2b: Gholdengo|Make It Rain|p1a: Pelipper|[spread] p1a
|-activate|p1b: Venusaur|move: Protect
|-resisted|p1a: Pelipper|1
|-damage|p1a: Pelipper|66/100
|-unboost|p2b: Gholdengo|spa|2
|-damage|p2b: Gholdengo|28/100|[from] item: Life Orb
|
|-weather|RainDance|[upkeep]
|upkeep
|turn|5
|inactive|bman3111 has 30 seconds left.
|inactive|HenriqueZVGC has 30 seconds left.
|inactive|bman3111 has 20 seconds left.
|inactive|HenriqueZVGC has 20 seconds left.
|inactive|bman3111 has 15 seconds left.
|inactive|HenriqueZVGC has 15 seconds left.
|inactive|HenriqueZVGC has 10 seconds left.
|
|t:|1785203278
|switch|p2a: Staraptor|Staraptor, L50, M|100/100
|-ability|p2a: Staraptor|Intimidate|boost
|-unboost|p1a: Pelipper|atk|1
|-unboost|p1b: Venusaur|atk|1
|move|p2b: Gholdengo|Nasty Plot|p2b: Gholdengo
|-boost|p2b: Gholdengo|spa|2
|move|p1b: Venusaur|Giga Drain|p2a: Staraptor
|-resisted|p2a: Staraptor|1
|-damage|p2a: Staraptor|74/100
|-heal|p1b: Venusaur|32/100|[from] drain|[of] p2a: Staraptor
|move|p1a: Pelipper|Tailwind|p1a: Pelipper
|-sidestart|p1: bman3111|move: Tailwind
|
|-weather|RainDance|[upkeep]
|upkeep
|turn|6
|
|t:|1785203301
|switch|p2b: Sinistcha|Sinistcha, L50|100/100
|-heal|p2a: Staraptor|99/100|[from] ability: Hospitality|[of] p2b: Sinistcha
|move|p2a: Staraptor|Protect|p2a: Staraptor
|-singleturn|p2a: Staraptor|Protect
|move|p1b: Venusaur|Sludge Bomb|p2a: Staraptor
|-activate|p2a: Staraptor|move: Protect
|move|p1a: Pelipper|Hurricane|p2a: Staraptor
|-activate|p2a: Staraptor|move: Protect
|
|-weather|RainDance|[upkeep]
|upkeep
|turn|7
|
|t:|1785203319
|move|p2b: Sinistcha|Rage Powder|p2b: Sinistcha
|-singleturn|p2b: Sinistcha|move: Rage Powder
|move|p1b: Venusaur|Sludge Bomb|p2a: Staraptor
|-damage|p2a: Staraptor|35/100
|-status|p2a: Staraptor|psn
|move|p1a: Pelipper|Hurricane|p2b: Sinistcha
|-supereffective|p2b: Sinistcha|1
|-damage|p2b: Sinistcha|20/100r
|move|p2a: Staraptor|Tailwind|p2a: Staraptor
|-sidestart|p2: HenriqueZVGC|move: Tailwind
|
|-weather|RainDance|[upkeep]
|-damage|p2a: Staraptor|23/100 psn|[from] psn
|upkeep
|turn|8
|inactive|HenriqueZVGC has 30 seconds left.
|
|t:|1785203347
|move|p2a: Staraptor|Brave Bird|p1b: Venusaur
|-supereffective|p1b: Venusaur|1
|-damage|p1b: Venusaur|0 fnt
|faint|p1b: Venusaur
|-damage|p2a: Staraptor|12/100 psn|[from] Recoil
|move|p1a: Pelipper|Weather Ball|p2b: Sinistcha
|-resisted|p2b: Sinistcha|1
|-damage|p2b: Sinistcha|0 fnt
|faint|p2b: Sinistcha
|
|-weather|none
|-damage|p2a: Staraptor|1/100 psn|[from] psn
|-sideend|p1: bman3111|move: Tailwind
|upkeep
|inactive|bman3111 has 30 seconds left.
|inactive|bman3111 has 20 seconds left.
|
|t:|1785203386
|switch|p1b: Kingambit|Kingambit, L50, F|100/100
|switch|p2b: Gholdengo|Gholdengo, L50|28/100
|turn|9
|
|t:|1785203410
|switch|p1a: Archaludon|Archaludon, L50, M|11/100
|move|p2a: Staraptor|Close Combat|p1b: Kingambit
|-supereffective|p1b: Kingambit|2
|-enditem|p1b: Kingambit|Focus Sash
|-damage|p1b: Kingambit|1/100
|-unboost|p2a: Staraptor|def|1
|-unboost|p2a: Staraptor|spd|1
|move|p2b: Gholdengo|Make It Rain|p1a: Archaludon|[spread] p1a,p1b
|-resisted|p1a: Archaludon|1
|-resisted|p1b: Kingambit|1
|-damage|p1a: Archaludon|0 fnt
|-damage|p1b: Kingambit|0 fnt
|-unboost|p2b: Gholdengo|spa|2
|faint|p1a: Archaludon
|faint|p1b: Kingambit
|-damage|p2b: Gholdengo|18/100|[from] item: Life Orb
|
|-damage|p2a: Staraptor|0 fnt|[from] psn
|faint|p2a: Staraptor
|upkeep
|
|t:|1785203429
|switch|p2a: Tyranitar|Tyranitar, L50, M|55/100
|switch|p1b: Pelipper|Pelipper, L50, M|66/100
|-weather|Sandstorm|[from] ability: Sand Stream|[of] p2a: Tyranitar
|-weather|RainDance|[from] ability: Drizzle|[of] p1b: Pelipper
|turn|10
|
|t:|1785203447
|detailschange|p2a: Tyranitar|Tyranitar-Mega, L50, M
|-mega|p2a: Tyranitar|Tyranitar|Tyranitarite
|-weather|Sandstorm|[from] ability: Sand Stream|[of] p2a: Tyranitar
|move|p2a: Tyranitar|Protect|p2a: Tyranitar
|-singleturn|p2a: Tyranitar|Protect
|move|p2b: Gholdengo|Shadow Ball|p1b: Pelipper
|-damage|p1b: Pelipper|35/100
|-enditem|p1b: Pelipper|Sitrus Berry|[eat]
|-heal|p1b: Pelipper|60/100|[from] item: Sitrus Berry
|-damage|p2b: Gholdengo|8/100|[from] item: Life Orb
|move|p1b: Pelipper|Weather Ball|p2a: Tyranitar
|-activate|p2a: Tyranitar|move: Protect
|
|-weather|Sandstorm|[upkeep]
|-damage|p1b: Pelipper|54/100|[from] Sandstorm
|-sideend|p2: HenriqueZVGC|move: Tailwind
|upkeep
|turn|11
|-message|bman3111 forfeited.
|
|win|HenriqueZVGC
|raw|bman3111's rating: 1047 → 1034(-13 for losing)
|raw|HenriqueZVGC's rating: 1122 → 1142(+20 for winning)
|l|☆bman3111
|player|p1|
