|j|☆Shishio Moroso
|j|☆sergiioveg
|html|Shishio Morososergiioveg    
|uhtml|bestof|Game 1 of a best-of-3
|t:|1782396022
|gametype|doubles
|player|p1|Shishio Moroso|gambler|1116
|player|p2|sergiioveg|169|1171
|gen|9
|tier|[Gen 9 Champions] VGC 2026 Reg M-B (Bo3)
|rated|
|rule|Species Clause: Limit one of each Pokémon
|rule|Item Clause: Limit 1 of each item
|clearpoke
|poke|p1|Floette-Eternal, L50, F|
|poke|p1|Incineroar, L50, F|
|poke|p1|Sinistcha, L50|
|poke|p1|Ditto, L50|
|poke|p1|Delphox, L50, F|
|poke|p1|Swampert, L50, M|
|poke|p2|Staraptor, L50, M|
|poke|p2|Grimmsnarl, L50, M|
|poke|p2|Sinistcha, L50|
|poke|p2|Sylveon, L50, F|
|poke|p2|Garchomp, L50, F|
|poke|p2|Gholdengo, L50|
|teampreview|4
|showteam|p1|Floette-Eternal||Floettite|FlowerVeil|Protect,DazzlingGleam,CalmMind,DrainingKiss|Modest||F|||50|]Incineroar||Charcoal|Intimidate|FakeOut,FlareBlitz,PartingShot,ThroatChop|Adamant||F|||50|]Sinistcha||KasibBerry|Hospitality|StrengthSap,MatchaGotcha,RagePowder,TrickRoom|Bold|||||50|]Ditto||FocusSash|Imposter|Transform|Timid|||||50|]Delphox||Delphoxite|Blaze|Protect,NastyPlot,HeatWave,Psychic|Timid||F|||50|]Swampert||SitrusBerry|Torrent|Protect,Liquidation,HighHorsepower,WideGuard|Adamant||M|||50|
|showteam|p2|Staraptor||Staraptite|Intimidate|CloseCombat,BraveBird,Protect,Roost|Jolly||M|||50|]Grimmsnarl||LightClay|Prankster|Reflect,LightScreen,FoulPlay,PartingShot|Careful||M|||50|]Sinistcha||KasibBerry|Hospitality|Protect,MatchaGotcha,RagePowder,StrengthSap|Bold|||||50|]Sylveon||FairyFeather|Pixilate|Detect,HyperBeam,HyperVoice,BabyDollEyes|Modest||F|||50|]Garchomp||ChoiceScarf|RoughSkin|Earthquake,StompingTantrum,DragonClaw,RockTomb|Adamant||F|||50|]Gholdengo||LifeOrb|GoodasGold|Protect,MakeItRain,NastyPlot,ShadowBall|Timid|||||50|
|inactive|Battle timer is ON: inactive players will automatically lose when time's up. (requested by Shishio Moroso)
|inactive|sergiioveg has 60 seconds left.
|
|t:|1782396058
|teamsize|p1|4
|teamsize|p2|4
|start
|switch|p1a: Floette|Floette-Eternal, L50, F|100/100
|switch|p1b: Incineroar|Incineroar, L50, F|100/100
|switch|p2a: Gholdengo|Gholdengo, L50|100/100
|switch|p2b: Grimmsnarl|Grimmsnarl, L50, M|100/100
|-ability|p1b: Incineroar|Intimidate|boost
|-unboost|p2a: Gholdengo|atk|1
|-unboost|p2b: Grimmsnarl|atk|1
|turn|1
|
|t:|1782396077
|detailschange|p1a: Floette|Floette-Mega, L50, F
|-mega|p1a: Floette|Floette|Floettite
|-ability|p1a: Floette|Fairy Aura
|move|p2b: Grimmsnarl|Light Screen|p2b: Grimmsnarl
|-sidestart|p2: sergiioveg|move: Light Screen
|move|p2a: Gholdengo|Make It Rain|p1b: Incineroar|[spread] p1a,p1b
|-supereffective|p1a: Floette|1
|-resisted|p1b: Incineroar|1
|-damage|p1a: Floette|17/100
|-damage|p1b: Incineroar|69/100
|-unboost|p2a: Gholdengo|spa|2
|-damage|p2a: Gholdengo|90/100|[from] item: Life Orb
|move|p1a: Floette|Calm Mind|p1a: Floette
|-boost|p1a: Floette|spa|1
|-boost|p1a: Floette|spd|1
|move|p1b: Incineroar|Flare Blitz|p2a: Gholdengo
|-supereffective|p2a: Gholdengo|1
|-damage|p2a: Gholdengo|0 fnt
|faint|p2a: Gholdengo
|-damage|p1b: Incineroar|42/100|[from] Recoil
|
|upkeep
|
|t:|1782396095
|switch|p2a: Sylveon|Sylveon, L50, F|100/100
|turn|2
|
|t:|1782396114
|move|p1a: Floette|Protect|p1a: Floette
|-singleturn|p1a: Floette|Protect
|move|p1b: Incineroar|Parting Shot|p2a: Sylveon
|-unboost|p2a: Sylveon|atk|1
|-unboost|p2a: Sylveon|spa|1
|
|t:|1782396119
|switch|p1b: Sinistcha|Sinistcha, L50|100/100|[from] Parting Shot
|-heal|p1a: Floette|42/100|[from] ability: Hospitality|[of] p1b: Sinistcha
|move|p2a: Sylveon|Hyper Voice|p1a: Floette|[spread] p1b
|-activate|p1a: Floette|move: Protect
|-damage|p1b: Sinistcha|53/100
|move|p2b: Grimmsnarl|Foul Play|p1a: Floette
|-activate|p1a: Floette|move: Protect
|
|upkeep
|turn|3
|
|t:|1782396134
|move|p1a: Floette|Draining Kiss|p2b: Grimmsnarl
|-supereffective|p2b: Grimmsnarl|1
|-damage|p2b: Grimmsnarl|34/100
|-heal|p1a: Floette|97/100|[from] drain|[of] p2b: Grimmsnarl
|move|p1b: Sinistcha|Strength Sap|p2a: Sylveon
|-unboost|p2a: Sylveon|atk|1
|-heal|p1b: Sinistcha|81/100
|move|p2a: Sylveon|Hyper Voice|p1a: Floette|[spread] p1a,p1b
|-crit|p1a: Floette
|-damage|p1a: Floette|35/100
|-damage|p1b: Sinistcha|35/100
|move|p2b: Grimmsnarl|Foul Play|p1b: Sinistcha
|-supereffective|p1b: Sinistcha|1
|-damage|p1b: Sinistcha|7/100
|
|upkeep
|turn|4
|
|t:|1782396158
|switch|p1b: Incineroar|Incineroar, L50, F|42/100
|-ability|p1b: Incineroar|Intimidate|boost
|-unboost|p2a: Sylveon|atk|1
|-unboost|p2b: Grimmsnarl|atk|1
|move|p2b: Grimmsnarl|Parting Shot|p1a: Floette
|-unboost|p1a: Floette|atk|1
|-unboost|p1a: Floette|spa|1
|
|t:|1782396165
|switch|p2b: Garchomp|Garchomp, L50, F|100/100|[from] Parting Shot
|move|p1a: Floette|Draining Kiss|p2b: Garchomp
|-supereffective|p2b: Garchomp|1
|-damage|p2b: Garchomp|47/100
|-heal|p1a: Floette|76/100|[from] drain|[of] p2b: Garchomp
|-damage|p1a: Floette|63/100|[from] ability: Rough Skin|[of] p2b: Garchomp
|move|p2a: Sylveon|Hyper Voice|p1a: Floette|[spread] p1a,p1b
|-damage|p1a: Floette|45/100
|-damage|p1b: Incineroar|0 fnt
|faint|p1b: Incineroar
|
|upkeep
|
|t:|1782396174
|switch|p1b: Sinistcha|Sinistcha, L50|7/100
|-heal|p1a: Floette|70/100|[from] ability: Hospitality|[of] p1b: Sinistcha
|turn|5
|
|t:|1782396193
|move|p1a: Floette|Protect|p1a: Floette
|-singleturn|p1a: Floette|Protect
|move|p2b: Garchomp|Stomping Tantrum|p1a: Floette
|-activate|p1a: Floette|move: Protect
|move|p1b: Sinistcha|Strength Sap|p2b: Garchomp
|-unboost|p2b: Garchomp|atk|1
|-heal|p1b: Sinistcha|100/100
|move|p2a: Sylveon|Hyper Voice|p1b: Sinistcha|[spread] p1b
|-activate|p1a: Floette|move: Protect
|-damage|p1b: Sinistcha|48/100
|
|upkeep
|turn|6
|
|t:|1782396213
|move|p2b: Garchomp|Stomping Tantrum|p1a: Floette
|-damage|p1a: Floette|41/100
|move|p1a: Floette|Draining Kiss|p2a: Sylveon
|-damage|p2a: Sylveon|78/100
|-heal|p1a: Floette|57/100|[from] drain|[of] p2a: Sylveon
|move|p1b: Sinistcha|Strength Sap|p2b: Garchomp
|-unboost|p2b: Garchomp|atk|1
|-heal|p1b: Sinistcha|100/100
|move|p2a: Sylveon|Hyper Voice|p1a: Floette|[spread] p1a,p1b
|-damage|p1a: Floette|36/100
|-damage|p1b: Sinistcha|53/100
|
|upkeep
|turn|7
|inactive|Shishio Moroso has 30 seconds left.
|inactive|sergiioveg has 30 seconds left.
|
|t:|1782396240
|move|p2b: Garchomp|Stomping Tantrum|p1a: Floette
|-damage|p1a: Floette|15/100
|move|p1a: Floette|Draining Kiss|p2b: Garchomp
|-supereffective|p2b: Garchomp|1
|-damage|p2b: Garchomp|0 fnt
|-heal|p1a: Floette|52/100|[from] drain|[of] p2b: Garchomp
|-damage|p1a: Floette|40/100|[from] ability: Rough Skin|[of] p2b: Garchomp
|faint|p2b: Garchomp
|move|p1b: Sinistcha|Matcha Gotcha|p2a: Sylveon
|-damage|p2a: Sylveon|60/100
|-heal|p1b: Sinistcha|63/100|[from] drain|[of] p2a: Sylveon
|move|p2a: Sylveon|Hyper Voice|p1b: Sinistcha|[spread] p1a,p1b
|-damage|p1a: Floette|18/100
|-damage|p1b: Sinistcha|14/100
|
|upkeep
|
|t:|1782396256
|switch|p2b: Grimmsnarl|Grimmsnarl, L50, M|34/100
|turn|8
|
|t:|1782396266
|switch|p1b: Ditto|Ditto, L50|100/100
|-transform|p1b: Ditto|p2a: Sylveon|[from] ability: Imposter
|move|p1a: Floette|Draining Kiss|p2b: Grimmsnarl
|-supereffective|p2b: Grimmsnarl|1
|-damage|p2b: Grimmsnarl|0 fnt
|-heal|p1a: Floette|47/100|[from] drain|[of] p2b: Grimmsnarl
|faint|p2b: Grimmsnarl
|move|p2a: Sylveon|Hyper Voice|p1a: Floette|[spread] p1a,p1b
|-damage|p1a: Floette|29/100
|-damage|p1b: Ditto|64/100
|
|-sideend|p2: sergiioveg|move: Light Screen
|upkeep
|turn|9
|
|t:|1782396280
|move|p1a: Floette|Draining Kiss|p2a: Sylveon
|-damage|p2a: Sylveon|31/100
|-heal|p1a: Floette|51/100|[from] drain|[of] p2a: Sylveon
|move|p1b: Ditto|Hyper Voice|p2a: Sylveon
|-damage|p2a: Sylveon|0 fnt
|faint|p2a: Sylveon
|
|win|Shishio Moroso
||sergiioveg is ready for game 2.
||Shishio Moroso is ready for game 2.
|uhtml|next|Next: Game 2 of 3
