|j|☆kamisnivy
|j|☆LibraryBun01
|html|kamisnivyLibraryBun01    
|uhtml|bestof|Game 1 of a best-of-3
|t:|1785255406
|gametype|doubles
|player|p1|kamisnivy|169|1034
|player|p2|LibraryBun01|265|1000
|gen|9
|tier|[Gen 9 Champions] VGC 2026 Reg M-B (Bo3)
|rated|
|rule|Species Clause: Limit one of each Pokémon
|rule|Item Clause: Limit 1 of each item
|clearpoke
|poke|p1|Steelix, L50, M|
|poke|p1|Tyranitar, L50, M|
|poke|p1|Sinistcha-Masterpiece, L50|
|poke|p1|Sneasler, L50, M|
|poke|p1|Rotom-Wash, L50|
|poke|p1|Talonflame, L50, F|
|poke|p2|Metagross, L50|
|poke|p2|Annihilape, L50, M|
|poke|p2|Mawile, L50, M|
|poke|p2|Sinistcha, L50|
|poke|p2|Basculegion, L50, M|
|poke|p2|Aerodactyl, L50, F|
|teampreview|4
|showteam|p1|Steelix||Steelixite|Sturdy|WideGuard,HeavySlam,HighHorsepower,Protect|Impish||M|||50|]Tyranitar||ChopleBerry|SandStream|RockSlide,DragonDance,KnockOff,Protect|Adamant||M|||50|]Sinistcha-Masterpiece||KasibBerry|Hospitality|LifeDew,MatchaGotcha,TrickRoom,RagePowder|Modest|||||50|]Sneasler||WhiteHerb|Unburden|CloseCombat,DireClaw,Protect,FakeOut|Adamant||M|||50|]Rotom-Wash||Leftovers|Levitate|WillOWisp,HydroPump,Thunderbolt,LightScreen|Timid|||||50|]Talonflame||SharpBeak|GaleWings|BraveBird,FlareBlitz,Protect,SwordsDance|Jolly||F|||50|
|showteam|p2|Metagross||Metagrossite|ClearBody|IronHead,PsychicFangs,Protect,BulletPunch|Jolly|||||50|]Annihilape||Leftovers|InnerFocus|DrainPunch,BulkUp,Taunt,RageFist|Adamant||M|||50|]Mawile||Mawilite|Intimidate|DrainingKiss,KnockOff,Flamethrower,Protect|Adamant||M|||50|]Sinistcha||KasibBerry|Hospitality|ShadowBall,TrickRoom,MatchaGotcha,Protect|Relaxed|||||50|]Basculegion||SitrusBerry|MoldBreaker|LastRespects,WaveCrash,FlipTurn,Protect|Jolly||M|||50|]Aerodactyl||FocusSash|Unnerve|RockSlide,Tailwind,DualWingbeat,Protect|Adamant||F|||50|
|inactive|Battle timer is ON: inactive players will automatically lose when time's up. (requested by kamisnivy)
|inactive|kamisnivy has 60 seconds left.
|
|t:|1785255449
|teamsize|p1|4
|teamsize|p2|4
|start
|switch|p1a: Steelix|Steelix, L50, M|100/100
|switch|p1b: Tyranitar|Tyranitar, L50, M|100/100
|switch|p2a: Mawile|Mawile, L50, M|100/100
|switch|p2b: Sinistcha|Sinistcha, L50|100/100
|-weather|Sandstorm|[from] ability: Sand Stream|[of] p1b: Tyranitar
|-ability|p2a: Mawile|Intimidate|boost
|-unboost|p1a: Steelix|atk|1
|-unboost|p1b: Tyranitar|atk|1
|turn|1
|
|t:|1785255470
|detailschange|p1a: Steelix|Steelix-Mega, L50, M
|-mega|p1a: Steelix|Steelix|Steelixite
|move|p1a: Steelix|Protect|p1a: Steelix
|-singleturn|p1a: Steelix|Protect
|move|p1b: Tyranitar|Knock Off|p2b: Sinistcha
|-supereffective|p2b: Sinistcha|1
|-damage|p2b: Sinistcha|46/100
|-enditem|p2b: Sinistcha|Kasib Berry|[from] move: Knock Off|[of] p1b: Tyranitar
|move|p2a: Mawile|Flamethrower|p1a: Steelix
|-activate|p1a: Steelix|move: Protect
|move|p2b: Sinistcha|Trick Room|p2b: Sinistcha
|-fieldstart|move: Trick Room|[of] p2b: Sinistcha
|
|-weather|Sandstorm|[upkeep]
|-damage|p2b: Sinistcha|39/100|[from] Sandstorm
|upkeep
|turn|2
|inactive|kamisnivy has 30 seconds left.
|
|t:|1785255499
|switch|p1a: Rotom|Rotom-Wash, L50|100/100
|detailschange|p2a: Mawile|Mawile-Mega, L50, M
|-mega|p2a: Mawile|Mawile|Mawilite
|move|p2a: Mawile|Flamethrower|p1a: Rotom
|-resisted|p1a: Rotom|1
|-damage|p1a: Rotom|92/100
|move|p2b: Sinistcha|Matcha Gotcha|p1a: Rotom|[spread] p1a,p1b
|-supereffective|p1a: Rotom|1
|-supereffective|p1b: Tyranitar|1
|-damage|p1a: Rotom|26/100
|-heal|p2b: Sinistcha|63/100|[from] drain|[of] p1a: Rotom
|-damage|p1b: Tyranitar|62/100
|-heal|p2b: Sinistcha|82/100|[from] drain|[of] p1b: Tyranitar
|move|p1b: Tyranitar|Knock Off|p2b: Sinistcha
|-supereffective|p2b: Sinistcha|1
|-damage|p2b: Sinistcha|44/100
|
|-weather|Sandstorm|[upkeep]
|-damage|p2b: Sinistcha|38/100|[from] Sandstorm
|-damage|p1a: Rotom|21/100|[from] Sandstorm
|-heal|p1a: Rotom|26/100|[from] item: Leftovers
|upkeep
|turn|3
|inactive|kamisnivy has 30 seconds left.
|inactive|LibraryBun01 has 30 seconds left.
|
|t:|1785255529
|switch|p2b: Basculegion|Basculegion, L50, M|100/100
|-ability|p2b: Basculegion|Mold Breaker
|move|p1b: Tyranitar|Protect|p1b: Tyranitar
|-singleturn|p1b: Tyranitar|Protect
|move|p2a: Mawile|Draining Kiss|p1b: Tyranitar
|-activate|p1b: Tyranitar|move: Protect
|move|p1a: Rotom|Will-O-Wisp|p2a: Mawile
|-status|p2a: Mawile|brn
|
|-weather|Sandstorm|[upkeep]
|-damage|p2b: Basculegion|93/100|[from] Sandstorm
|-damage|p1a: Rotom|21/100|[from] Sandstorm
|-heal|p1a: Rotom|26/100|[from] item: Leftovers
|-damage|p2a: Mawile|94/100 brn|[from] brn
|upkeep
|turn|4
|inactive|LibraryBun01 has 30 seconds left.
|inactive|kamisnivy has 30 seconds left.
|inactive|LibraryBun01 has 20 seconds left.
|inactive|LibraryBun01 has 15 seconds left.
|
|t:|1785255574
|switch|p1b: Sinistcha|Sinistcha-Masterpiece, L50|100/100
|-heal|p1a: Rotom|51/100|[from] ability: Hospitality|[of] p1b: Sinistcha
|move|p2a: Mawile|Knock Off|p1a: Rotom
|-damage|p1a: Rotom|5/100
|-enditem|p1a: Rotom|Leftovers|[from] move: Knock Off|[of] p2a: Mawile
|move|p2b: Basculegion|Flip Turn|p1b: Sinistcha
|-resisted|p1b: Sinistcha|1
|-damage|p1b: Sinistcha|82/100
|
|t:|1785255585
|switch|p2b: Annihilape|Annihilape, L50, M|100/100|[from] Flip Turn
|move|p1a: Rotom|Thunderbolt|p2b: Annihilape
|-damage|p2b: Annihilape|64/100
|
|-weather|Sandstorm|[upkeep]
|-damage|p1b: Sinistcha|76/100|[from] Sandstorm
|-damage|p2b: Annihilape|58/100|[from] Sandstorm
|-damage|p1a: Rotom|0 fnt|[from] Sandstorm
|faint|p1a: Rotom
|-heal|p2b: Annihilape|64/100|[from] item: Leftovers
|-damage|p2a: Mawile|88/100 brn|[from] brn
|upkeep
|
|t:|1785255594
|switch|p1a: Steelix|Steelix-Mega, L50, M|100/100
|turn|5
|
|t:|1785255610
|move|p1a: Steelix|Protect|p1a: Steelix
|-singleturn|p1a: Steelix|Protect
|move|p2a: Mawile|Flamethrower|p1b: Sinistcha
|-supereffective|p1b: Sinistcha|1
|-damage|p1b: Sinistcha|47/100
|move|p1b: Sinistcha|Matcha Gotcha|p2b: Annihilape|[spread] p2a,p2b
|-resisted|p2a: Mawile|1
|-damage|p2a: Mawile|71/100 brn
|-heal|p1b: Sinistcha|57/100|[from] drain|[of] p2a: Mawile
|-damage|p2b: Annihilape|37/100
|-heal|p1b: Sinistcha|77/100|[from] drain|[of] p2b: Annihilape
|-status|p2b: Annihilape|brn
|move|p2b: Annihilape|Drain Punch|p1a: Steelix
|-activate|p1a: Steelix|move: Protect
|
|-weather|none
|-heal|p2b: Annihilape|43/100 brn|[from] item: Leftovers
|-damage|p2a: Mawile|65/100 brn|[from] brn
|-damage|p2b: Annihilape|37/100 brn|[from] brn
|-fieldend|move: Trick Room
|upkeep
|turn|6
|inactive|kamisnivy has 30 seconds left.
|inactive|LibraryBun01 has 30 seconds left.
|
|t:|1785255644
|move|p2b: Annihilape|Drain Punch|p1a: Steelix
|-supereffective|p1a: Steelix|1
|-damage|p1a: Steelix|84/100
|-heal|p2b: Annihilape|43/100 brn|[from] drain|[of] p1a: Steelix
|move|p1b: Sinistcha|Matcha Gotcha|p2b: Annihilape|[spread] p2a,p2b
|-resisted|p2a: Mawile|1
|-damage|p2a: Mawile|48/100 brn
|-heal|p1b: Sinistcha|87/100|[from] drain|[of] p2a: Mawile
|-damage|p2b: Annihilape|14/100 brn
|-heal|p1b: Sinistcha|100/100|[from] drain|[of] p2b: Annihilape
|move|p2a: Mawile|Flamethrower|p1a: Steelix
|-supereffective|p1a: Steelix|1
|-damage|p1a: Steelix|58/100
|move|p1a: Steelix|High Horsepower|p2a: Mawile
|-supereffective|p2a: Mawile|1
|-damage|p2a: Mawile|0 fnt
|faint|p2a: Mawile
|
|-heal|p2b: Annihilape|20/100y brn|[from] item: Leftovers
|-damage|p2b: Annihilape|14/100 brn|[from] brn
|upkeep
|
|t:|1785255669
|switch|p2a: Sinistcha|Sinistcha, L50|38/100
|-heal|p2b: Annihilape|39/100 brn|[from] ability: Hospitality|[of] p2a: Sinistcha
|turn|7
|
|t:|1785255687
|move|p2b: Annihilape|Drain Punch|p1a: Steelix
|-supereffective|p1a: Steelix|1
|-damage|p1a: Steelix|43/100
|-heal|p2b: Annihilape|45/100 brn|[from] drain|[of] p1a: Steelix
|move|p1b: Sinistcha|Life Dew||[still]|[spread] p1a,p1b
|-heal|p1a: Steelix|68/100
|-fail|p1b: Sinistcha|heal
|move|p2a: Sinistcha|Shadow Ball|p1b: Sinistcha
|-supereffective|p1b: Sinistcha|1
|-enditem|p1b: Sinistcha|Kasib Berry|[eat]
|-enditem|p1b: Sinistcha|Kasib Berry|[weaken]
|-damage|p1b: Sinistcha|61/100
|-unboost|p1b: Sinistcha|spd|1
|move|p1a: Steelix|High Horsepower|p2b: Annihilape
|-damage|p2b: Annihilape|5/100 brn
|
|-heal|p2b: Annihilape|11/100 brn|[from] item: Leftovers
|-damage|p2b: Annihilape|5/100 brn|[from] brn
|upkeep
|turn|8
|inactive|LibraryBun01 has 30 seconds left.
|inactive|LibraryBun01 has 20 seconds left.
|inactive|LibraryBun01 has 15 seconds left.
|
|t:|1785255729
|move|p1b: Sinistcha|Rage Powder|p1b: Sinistcha
|-singleturn|p1b: Sinistcha|move: Rage Powder
|move|p2b: Annihilape|Drain Punch|p1b: Sinistcha
|-immune|p1b: Sinistcha
|move|p2a: Sinistcha|Shadow Ball|p1b: Sinistcha
|-supereffective|p1b: Sinistcha|1
|-damage|p1b: Sinistcha|0 fnt
|faint|p1b: Sinistcha
|move|p1a: Steelix|Heavy Slam|p2a: Sinistcha
|-damage|p2a: Sinistcha|1/100
|
|-heal|p2b: Annihilape|11/100 brn|[from] item: Leftovers
|-damage|p2b: Annihilape|5/100 brn|[from] brn
|upkeep
|
|t:|1785255736
|switch|p1b: Tyranitar|Tyranitar, L50, M|62/100
|-weather|Sandstorm|[from] ability: Sand Stream|[of] p1b: Tyranitar
|turn|9
|
|t:|1785255760
|switch|p2a: Basculegion|Basculegion, L50, M|93/100
|-ability|p2a: Basculegion|Mold Breaker
|move|p1b: Tyranitar|Rock Slide|p2b: Annihilape|[spread] p2a,p2b
|-resisted|p2b: Annihilape|1
|-damage|p2a: Basculegion|53/100
|-damage|p2b: Annihilape|0 fnt
|faint|p2b: Annihilape
|move|p1a: Steelix|High Horsepower|p2a: Basculegion
|-crit|p2a: Basculegion
|-damage|p2a: Basculegion|0 fnt
|faint|p2a: Basculegion
|
|-weather|Sandstorm|[upkeep]
|upkeep
|
|t:|1785255778
|switch|p2a: Sinistcha|Sinistcha, L50|1/100
|turn|10
|
|t:|1785255785
|move|p1a: Steelix|Wide Guard|p1a: Steelix
|-singleturn|p1a: Steelix|Wide Guard
|move|p1b: Tyranitar|Knock Off|p2a: Sinistcha
|-supereffective|p2a: Sinistcha|1
|-damage|p2a: Sinistcha|0 fnt
|faint|p2a: Sinistcha
|
|win|kamisnivy
||kamisnivy is ready for game 2.
|l|☆kamisnivy
|player|p1|
|inactive|LibraryBun01 has 30 seconds to confirm battle start!
