|j|☆ChronoZeroo
|j|☆pokemytle
|html|ChronoZeroopokemytle    
|uhtml|bestof|Game 2 of a best-of-3
|t:|1785446483
|gametype|doubles
|player|p1|ChronoZeroo|cynthia-gen4|
|player|p2|pokemytle|265|
|gen|9
|tier|[Gen 9 Champions] VGC 2026 Reg M-B (Bo3)
|rule|Species Clause: Limit one of each Pokémon
|rule|Item Clause: Limit 1 of each item
|clearpoke
|poke|p1|Charizard, L50, F, shiny|
|poke|p1|Aerodactyl, L50, F, shiny|
|poke|p1|Sylveon, L50, F, shiny|
|poke|p1|Heliolisk, L50, F, shiny|
|poke|p1|Victreebel, L50, F, shiny|
|poke|p1|Sneasler, L50, M, shiny|
|poke|p2|Archaludon, L50, F|
|poke|p2|Basculegion, L50, M|
|poke|p2|Pelipper, L50, M|
|poke|p2|Maushold, L50|
|poke|p2|Swampert, L50, M|
|poke|p2|Talonflame, L50, F|
|teampreview|4
|showteam|p1|Charizard||CharizarditeY|Blaze|ScorchingSands,SolarBeam,Protect,HeatWave|Timid||F|||50|]Aerodactyl||FocusSash|Unnerve|RockSlide,Tailwind,Protect,IceFang|Jolly||F|||50|]Sylveon||FairyFeather|Pixilate|HyperVoice,HyperBeam,QuickAttack,Detect|Modest||F|||50|]Heliolisk||SitrusBerry|DrySkin|EerieImpulse,Thunderbolt,Protect,SunnyDay|Timid||F|||50|]Victreebel||LifeOrb|Chlorophyll|SleepPowder,WeatherBall,PowerWhip,SuckerPunch|Lonely||F|||50|]Sneasler||WhiteHerb|Unburden|ThroatChop,CloseCombat,Protect,FakeOut|Adamant||M|||50|
|showteam|p2|Archaludon||Leftovers|Sturdy|DracoMeteor,FlashCannon,Protect,ElectroShot|Modest||F|||50|]Basculegion||ChoiceScarf|Adaptability|WaveCrash,LastRespects,FlipTurn,AquaJet|Jolly||M|||50|]Pelipper||FocusSash|Drizzle|Tailwind,Surf,WeatherBall,Hurricane|Modest||M|||50|]Maushold||SitrusBerry|FriendGuard|Encore,Taunt,FollowMe,PopulationBomb|Timid|||||50|]Swampert||Swampertite|Torrent|Earthquake,RockSlide,WaveCrash,Liquidation|Adamant||M|||50|]Talonflame||LifeOrb|GaleWings|BraveBird,Uturn,FlareBlitz,DualWingbeat|Jolly||F|||50|
|j| Raxxantess
|
|t:|1785446535
|teamsize|p1|4
|teamsize|p2|4
|start
|switch|p1a: Heliolisk|Heliolisk, L50, F, shiny|100/100
|switch|p1b: Sneasler|Sneasler, L50, M, shiny|100/100
|switch|p2a: Archaludon|Archaludon, L50, F|100/100
|switch|p2b: Basculegion|Basculegion, L50, M|100/100
|turn|1
|
|t:|1785446556
|move|p2a: Archaludon|Protect|p2a: Archaludon
|-singleturn|p2a: Archaludon|Protect
|move|p2b: Basculegion|Flip Turn|p1a: Heliolisk
|-immune|p1a: Heliolisk|[from] ability: Dry Skin
|move|p1a: Heliolisk|Eerie Impulse|p2a: Archaludon
|-activate|p2a: Archaludon|move: Protect
|move|p1b: Sneasler|Close Combat|p2a: Archaludon
|-activate|p2a: Archaludon|move: Protect
|
|upkeep
|turn|2
|l| Raxxantess
|
|t:|1785446574
|move|p1a: Heliolisk|Protect|p1a: Heliolisk
|-singleturn|p1a: Heliolisk|Protect
|move|p2b: Basculegion|Flip Turn|p1b: Sneasler
|-damage|p1b: Sneasler|38/100
|
|t:|1785446578
|switch|p2b: Pelipper|Pelipper, L50, M|100/100|[from] Flip Turn
|-weather|RainDance|[from] ability: Drizzle|[of] p2b: Pelipper
|move|p1b: Sneasler|Close Combat|p2a: Archaludon
|-supereffective|p2a: Archaludon|1
|-ability|p2a: Archaludon|Sturdy
|-damage|p2a: Archaludon|1/100
|-unboost|p1b: Sneasler|def|1
|-unboost|p1b: Sneasler|spd|1
|-enditem|p1b: Sneasler|White Herb
|-clearnegativeboost|p1b: Sneasler|[silent]
|move|p2a: Archaludon|Electro Shot||[still]
|-prepare|p2a: Archaludon|Electro Shot
|-boost|p2a: Archaludon|spa|1
|-anim|p2a: Archaludon|Electro Shot|p1b: Sneasler
|-damage|p1b: Sneasler|0 fnt
|faint|p1b: Sneasler
|
|-weather|RainDance|[upkeep]
|-heal|p2a: Archaludon|6/100|[from] item: Leftovers
|upkeep
|
|t:|1785446609
|switch|p1b: Sylveon|Sylveon, L50, F, shiny|100/100
|turn|3
|
|t:|1785446644
|move|p2a: Archaludon|Protect|p2a: Archaludon
|-singleturn|p2a: Archaludon|Protect
|move|p1a: Heliolisk|Thunderbolt|p2a: Archaludon
|-activate|p2a: Archaludon|move: Protect
|move|p1b: Sylveon|Hyper Voice|p2a: Archaludon|[spread] p2b
|-activate|p2a: Archaludon|move: Protect
|-damage|p2b: Pelipper|42/100
|move|p2b: Pelipper|Tailwind|p2b: Pelipper
|-sidestart|p2: pokemytle|move: Tailwind
|
|-weather|RainDance|[upkeep]
|-heal|p2a: Archaludon|12/100|[from] item: Leftovers
|upkeep
|turn|4
|
|t:|1785446668
|switch|p2b: Swampert|Swampert, L50, M|100/100
|move|p1b: Sylveon|Detect|p1b: Sylveon
|-singleturn|p1b: Sylveon|Protect
|move|p2a: Archaludon|Electro Shot||[still]
|-prepare|p2a: Archaludon|Electro Shot
|-boost|p2a: Archaludon|spa|1
|-anim|p2a: Archaludon|Electro Shot|p1b: Sylveon
|-activate|p1b: Sylveon|move: Protect
|move|p1a: Heliolisk|Thunderbolt|p2a: Archaludon
|-resisted|p2a: Archaludon|1
|-damage|p2a: Archaludon|0 fnt
|faint|p2a: Archaludon
|
|-weather|RainDance|[upkeep]
|upkeep
|
|t:|1785446684
|switch|p2a: Basculegion|Basculegion, L50, M|100/100
|turn|5
|
|t:|1785446695
|detailschange|p2b: Swampert|Swampert-Mega, L50, M
|-mega|p2b: Swampert|Swampert|Swampertite
|move|p2b: Swampert|Earthquake|p1a: Heliolisk|[spread] p2a,p1a,p1b
|-supereffective|p1a: Heliolisk|1
|-damage|p2a: Basculegion|43/100
|-damage|p1a: Heliolisk|0 fnt
|-damage|p1b: Sylveon|50/100g
|faint|p1a: Heliolisk
|move|p2a: Basculegion|Flip Turn|p1b: Sylveon
|-damage|p1b: Sylveon|0 fnt
|faint|p1b: Sylveon
|
|t:|1785446704
|switch|p2a: Pelipper|Pelipper, L50, M|42/100|[from] Flip Turn
|
|-weather|RainDance|[upkeep]
|upkeep
|
|t:|1785446719
|switch|p1b: Charizard|Charizard, L50, F, shiny|100/100
|turn|6
|
|t:|1785446738
|detailschange|p1b: Charizard|Charizard-Mega-Y, L50, F, shiny
|-mega|p1b: Charizard|Charizard|Charizardite Y
|-weather|SunnyDay|[from] ability: Drought|[of] p1b: Charizard
|move|p2b: Swampert|Wave Crash|p1b: Charizard
|-supereffective|p1b: Charizard|1
|-damage|p1b: Charizard|0 fnt
|faint|p1b: Charizard
|-damage|p2b: Swampert|71/100|[from] Recoil
|
|win|pokemytle
