|j|☆Excalibur #2015
|j|☆pentagonfoot
|html|Excalibur #2015pentagonfoot    
|uhtml|bestof|Game 1 of a best-of-3
|t:|1757722186
|gametype|doubles
|player|p1|Excalibur #2015|hilbert|1080
|player|p2|pentagonfoot|caitlin|1152
|gen|9
|tier|[Gen 9] VGC 2025 Reg H (Bo3)
|rated|
|rule|Species Clause: Limit one of each Pokémon
|rule|Item Clause: Limit 1 of each item
|clearpoke
|poke|p1|Indeedee-F, L50, F|
|poke|p1|Hatterene, L50, F|
|poke|p1|Annihilape, L50, M|
|poke|p1|Torkoal, L50, M|
|poke|p1|Amoonguss, L50, M|
|poke|p1|Ursaluna, L50, M|
|poke|p2|Hatterene, L50, F|
|poke|p2|Indeedee-F, L50, F|
|poke|p2|Torkoal, L50, M|
|poke|p2|Ursaluna, L50, F|
|poke|p2|Gallade, L50, M|
|poke|p2|Maushold, L50|
|teampreview|4
|showteam|p1|Indeedee-F||FocusSash|PsychicSurge|Protect,FollowMe,TrickRoom,Psychic|||F|||50|,,,,,Grass]Hatterene||LifeOrb|MagicBounce|Protect,TrickRoom,DazzlingGleam,ExpandingForce|||F|||50|,,,,,Water]Annihilape||ChoiceScarf|Defiant|Uturn,CloseCombat,FinalGambit,RageFist|||M|||50|,,,,,Dark]Torkoal||ChoiceSpecs|Drought|SolarBeam,HeatWave,EarthPower,Eruption|||M|||50|,,,,,Fire]Amoonguss||SitrusBerry|Regenerator|Protect,RagePowder,SludgeBomb,Spore|||M|||50|,,,,,Fairy]Ursaluna||FlameOrb|Guts|Protect,HammerArm,Facade,HeadlongRush|||M|||50|,,,,,Fighting
|showteam|p2|Hatterene||CovertCloak|MagicBounce|ExpandingForce,DazzlingGleam,TeraBlast,TrickRoom|||F|||50|,,,,,Fire]Indeedee-F||PsychicSeed|PsychicSurge|Psychic,FollowMe,HelpingHand,TrickRoom|||F|||50|,,,,,Water]Torkoal||ChoiceSpecs|Drought|Eruption,HeatWave,EarthPower,WeatherBall|||M|||50|,,,,,Fire]Ursaluna||FlameOrb|Guts|Facade,Earthquake,HeadlongRush,Protect|||F|||50|,,,,,Ghost]Gallade||ClearAmulet|Sharpness|SacredSword,PsychoCut,WideGuard,TrickRoom|||M|||50|,,,,,Grass]Maushold||WideLens|Technician|PopulationBomb,FollowMe,Taunt,Protect||||||50|,,,,,Poison
|inactive|Battle timer is ON: inactive players will automatically lose when time's up. (requested by pentagonfoot)
|inactive|pentagonfoot has 60 seconds left.
|
|t:|1757722231
|teamsize|p1|4
|teamsize|p2|4
|start
|switch|p1a: Miss|Hatterene, L50, F|100/100
|switch|p1b: Kamikape|Annihilape, L50, M|100/100
|switch|p2a: Woolwich Arsenal|Maushold, L50|100/100
|switch|p2b: Slade Green|Gallade, L50, M|100/100
|turn|1
|inactive|Excalibur #2015 has 30 seconds left.
|inactive|pentagonfoot has 30 seconds left.
|inactive|pentagonfoot has 20 seconds left.
|inactive|pentagonfoot has 15 seconds left.
|
|t:|1757722272
|switch|p2b: Victoria|Hatterene, L50, F|100/100
|move|p2a: Woolwich Arsenal|Protect|p2a: Woolwich Arsenal
|-singleturn|p2a: Woolwich Arsenal|Protect
|move|p1b: Kamikape|Final Gambit|p2b: Victoria
|-damage|p2b: Victoria|0 fnt
|faint|p1b: Kamikape
|faint|p2b: Victoria
|move|p1a: Miss|Trick Room|p1a: Miss
|-fieldstart|move: Trick Room|[of] p1a: Miss
|
|upkeep
|
|t:|1757722283
|switch|p2b: Sundridge Park|Torkoal, L50, M|100/100
|switch|p1b: Volcano|Torkoal, L50, M|100/100
|-weather|SunnyDay|[from] ability: Drought|[of] p1b: Volcano
|turn|2
|inactive|Excalibur #2015 has 30 seconds left.
|
|t:|1757722313
|-terastallize|p2b: Sundridge Park|Fire
|move|p1a: Miss|Protect|p1a: Miss
|-singleturn|p1a: Miss|Protect
|move|p2b: Sundridge Park|Heat Wave|p1a: Miss|[spread] p1b
|-activate|p1a: Miss|move: Protect
|-resisted|p1b: Volcano
|-damage|p1b: Volcano|42/100
|move|p1b: Volcano|Earth Power|p2b: Sundridge Park
|-supereffective|p2b: Sundridge Park
|-damage|p2b: Sundridge Park|0 fnt
|faint|p2b: Sundridge Park
|move|p2a: Woolwich Arsenal|Population Bomb|p1b: Volcano
|-damage|p1b: Volcano|34/100
|-damage|p1b: Volcano|25/100
|-damage|p1b: Volcano|16/100
|-damage|p1b: Volcano|7/100
|-damage|p1b: Volcano|0 fnt
|faint|p1b: Volcano
|-hitcount|p1: Volcano|5
|
|-weather|SunnyDay|[upkeep]
|upkeep
|
|t:|1757722332
|switch|p2b: Slade Green|Gallade, L50, M|100/100
|switch|p1b: Sus|Amoonguss, L50, M|100/100
|turn|3
|inactive|Excalibur #2015 has 30 seconds left.
|
|t:|1757722358
|move|p1a: Miss|Dazzling Gleam|p2b: Slade Green|[spread] p2a,p2b
|-supereffective|p2b: Slade Green
|-damage|p2a: Woolwich Arsenal|25/100
|-damage|p2b: Slade Green|9/100
|-damage|p1a: Miss|91/100|[from] item: Life Orb
|move|p1b: Sus|Spore|p2b: Slade Green
|-status|p2b: Slade Green|slp|[from] move: Spore
|cant|p2b: Slade Green|slp
|move|p2a: Woolwich Arsenal|Population Bomb|p1a: Miss
|-damage|p1a: Miss|78/100
|-damage|p1a: Miss|65/100
|-damage|p1a: Miss|52/100
|-damage|p1a: Miss|40/100
|-damage|p1a: Miss|25/100
|-damage|p1a: Miss|11/100
|-damage|p1a: Miss|0 fnt
|faint|p1a: Miss
|-hitcount|p1: Miss|7
|
|-weather|SunnyDay|[upkeep]
|upkeep
|turn|4
|
|t:|1757722380
|move|p1b: Sus|Sludge Bomb|p2a: Woolwich Arsenal
|-damage|p2a: Woolwich Arsenal|0 fnt
|faint|p2a: Woolwich Arsenal
|-curestatus|p2b: Slade Green|slp|[msg]
|move|p2b: Slade Green|Trick Room|p2b: Slade Green
|-fieldend|move: Trick Room
|
|-weather|SunnyDay|[upkeep]
|upkeep
|turn|5
|
|t:|1757722391
|-terastallize|p1b: Sus|Fairy
|move|p2b: Slade Green|Psycho Cut|p1b: Sus
|-damage|p1b: Sus|50/100
|-enditem|p1b: Sus|Sitrus Berry|[eat]
|-heal|p1b: Sus|75/100|[from] item: Sitrus Berry
|move|p1b: Sus|Sludge Bomb|p2b: Slade Green
|-damage|p2b: Slade Green|0 fnt
|faint|p2b: Slade Green
|
|win|Excalibur #2015
||pentagonfoot is ready for game 2.
||Excalibur #2015 is ready for game 2.
|uhtml|next|Next: Game 2 of 3
