|j|☆bpecina03
|j|☆starlight74
|html|bpecina03starlight74    
|uhtml|bestof|Game 2 of a best-of-3
|t:|1784089037
|gametype|doubles
|player|p1|bpecina03|266|1420
|player|p2|starlight74|anabel-gen7|1447
|gen|9
|tier|[Gen 9 Champions] VGC 2026 Reg M-B (Bo3)
|rated|
|rule|Species Clause: Limit one of each Pokémon
|rule|Item Clause: Limit 1 of each item
|clearpoke
|poke|p1|Delphox, L50, F|
|poke|p1|Staraptor, L50, F|
|poke|p1|Basculegion, L50, M|
|poke|p1|Sinistcha, L50|
|poke|p1|Garchomp, L50, M|
|poke|p1|Kingambit, L50, F|
|poke|p2|Froslass, L50, F|
|poke|p2|Dragonite, L50, F|
|poke|p2|Sneasler, L50, M|
|poke|p2|Kingambit, L50, M|
|poke|p2|Blaziken, L50, F|
|poke|p2|Rotom-Wash, L50|
|teampreview|4
|showteam|p1|Delphox||Delphoxite|Blaze|Psychic,HeatWave,NastyPlot,Protect|Timid||F|||50|]Staraptor||Staraptite|Intimidate|Protect,Tailwind,CloseCombat,BraveBird|Jolly||F|||50|]Basculegion||FocusSash|Adaptability|Protect,AquaJet,Liquidation,LastRespects|Jolly||M|||50|]Sinistcha||SitrusBerry|Hospitality|MatchaGotcha,TrickRoom,RagePowder,StrengthSap|Calm|||||50|]Garchomp||LifeOrb|RoughSkin|RockSlide,Earthquake,DragonClaw,Protect|Jolly||M|||50|]Kingambit||BlackGlasses|Defiant|Protect,KowtowCleave,IronHead,SuckerPunch|Adamant||F|||50|
|showteam|p2|Froslass||Froslassite|CursedBody|Blizzard,ShadowBall,AuroraVeil,Protect|Timid||F|||50|]Dragonite||LifeOrb|InnerFocus|DragonClaw,ExtremeSpeed,LowKick,Protect|Adamant||F|||50|]Sneasler||FocusSash|PoisonTouch|CloseCombat,PoisonJab,FakeOut,Protect|Jolly||M|||50|]Kingambit||BlackGlasses|Defiant|KowtowCleave,IronHead,SuckerPunch,Protect|Adamant||M|||50|]Blaziken||Blazikenite|SpeedBoost|CloseCombat,FlareBlitz,RockSlide,Protect|Adamant||F|||50|]Rotom-Wash||ChoiceScarf|Levitate|Thunderbolt,VoltSwitch,HydroPump,Trick|Timid|||||50|
|inactive|Battle timer is ON: inactive players will automatically lose when time's up. (requested by starlight74)
|
|t:|1784089072
|teamsize|p1|4
|teamsize|p2|4
|start
|switch|p1a: Delphox|Delphox, L50, F|100/100
|switch|p1b: Basculegion|Basculegion, L50, M|100/100
|switch|p2a: Froslass|Froslass, L50, F|100/100
|switch|p2b: Dragonite|Dragonite, L50, F|100/100
|turn|1
|inactive|bpecina03 has 30 seconds left.
|
|t:|1784089099
|detailschange|p1a: Delphox|Delphox-Mega, L50, F
|-mega|p1a: Delphox|Delphox|Delphoxite
|move|p2a: Froslass|Protect|p2a: Froslass
|-singleturn|p2a: Froslass|Protect
|move|p1b: Basculegion|Aqua Jet|p2a: Froslass
|-activate|p2a: Froslass|move: Protect
|move|p1a: Delphox|Heat Wave|p2a: Froslass|[spread] 
|-activate|p2a: Froslass|move: Protect
|-miss|p1a: Delphox|p2b: Dragonite
|move|p2b: Dragonite|Dragon Claw|p1a: Delphox
|-damage|p1a: Delphox|13/100
|-damage|p2b: Dragonite|90/100|[from] item: Life Orb
|
|upkeep
|turn|2
|
|t:|1784089118
|detailschange|p2a: Froslass|Froslass-Mega, L50, F
|-mega|p2a: Froslass|Froslass|Froslassite
|-weather|Snowscape|[from] ability: Snow Warning|[of] p2a: Froslass
|move|p1a: Delphox|Protect|p1a: Delphox
|-singleturn|p1a: Delphox|Protect
|move|p2b: Dragonite|Extreme Speed|p1a: Delphox
|-activate|p1a: Delphox|move: Protect
|move|p2a: Froslass|Shadow Ball|p1b: Basculegion
|-supereffective|p1b: Basculegion|1
|-damage|p1b: Basculegion|18/100
|move|p1b: Basculegion|Last Respects|p2a: Froslass
|-supereffective|p2a: Froslass|1
|-damage|p2a: Froslass|47/100
|
|-weather|Snowscape|[upkeep]
|upkeep
|turn|3
|
|t:|1784089138
|switch|p1a: Kingambit|Kingambit, L50, F|100/100
|move|p2b: Dragonite|Extreme Speed|p1a: Kingambit
|-resisted|p1a: Kingambit|1
|-damage|p1a: Kingambit|84/100
|-damage|p2b: Dragonite|80/100|[from] item: Life Orb
|move|p1b: Basculegion|Aqua Jet|p2a: Froslass
|-damage|p2a: Froslass|27/100
|move|p2a: Froslass|Shadow Ball|p1b: Basculegion
|-supereffective|p1b: Basculegion|1
|-damage|p1b: Basculegion|0 fnt
|faint|p1b: Basculegion
|
|-weather|Snowscape|[upkeep]
|upkeep
|
|t:|1784089151
|switch|p1b: Garchomp|Garchomp, L50, M|100/100
|turn|4
|
|t:|1784089165
|move|p1a: Kingambit|Sucker Punch||[still]
|-fail|p1a: Kingambit
|move|p2a: Froslass|Aurora Veil|p2a: Froslass
|-sidestart|p2: starlight74|move: Aurora Veil
|move|p1b: Garchomp|Rock Slide|p2a: Froslass|[spread] p2a,p2b
|-supereffective|p2a: Froslass|1
|-supereffective|p2b: Dragonite|1
|-damage|p2a: Froslass|0 fnt
|-damage|p2b: Dragonite|50/100g
|faint|p2a: Froslass
|-damage|p1b: Garchomp|90/100|[from] item: Life Orb
|move|p2b: Dragonite|Low Kick|p1a: Kingambit
|-supereffective|p1a: Kingambit|2
|-damage|p1a: Kingambit|0 fnt
|faint|p1a: Kingambit
|-damage|p2b: Dragonite|41/100|[from] item: Life Orb
|
|-weather|Snowscape|[upkeep]
|upkeep
|
|t:|1784089178
|switch|p2a: Sneasler|Sneasler, L50, M|100/100
|switch|p1a: Delphox|Delphox-Mega, L50, F|13/100
|turn|5
|
|t:|1784089186
|move|p1a: Delphox|Protect|p1a: Delphox
|-singleturn|p1a: Delphox|Protect
|move|p1b: Garchomp|Protect|p1b: Garchomp
|-singleturn|p1b: Garchomp|Protect
|move|p2a: Sneasler|Fake Out|p1b: Garchomp
|-activate|p1b: Garchomp|move: Protect
|move|p2b: Dragonite|Extreme Speed|p1a: Delphox
|-activate|p1a: Delphox|move: Protect
|
|-weather|Snowscape|[upkeep]
|upkeep
|turn|6
|
|t:|1784089199
|move|p1a: Delphox|Protect||[still]
|-fail|p1a: Delphox
|move|p2a: Sneasler|Protect|p2a: Sneasler
|-singleturn|p2a: Sneasler|Protect
|move|p2b: Dragonite|Extreme Speed|p1a: Delphox
|-damage|p1a: Delphox|0 fnt
|faint|p1a: Delphox
|-damage|p2b: Dragonite|31/100|[from] item: Life Orb
|move|p1b: Garchomp|Dragon Claw|p2b: Dragonite
|-supereffective|p2b: Dragonite|1
|-damage|p2b: Dragonite|0 fnt
|faint|p2b: Dragonite
|-damage|p1b: Garchomp|80/100|[from] item: Life Orb
|
|-weather|none
|upkeep
|
|t:|1784089201
|switch|p2b: Kingambit|Kingambit, L50, M|100/100
|turn|7
|
|t:|1784089216
|move|p1b: Garchomp|Protect|p1b: Garchomp
|-singleturn|p1b: Garchomp|Protect
|move|p2a: Sneasler|Close Combat|p1b: Garchomp
|-activate|p1b: Garchomp|move: Protect
|move|p2b: Kingambit|Kowtow Cleave|p1b: Garchomp
|-activate|p1b: Garchomp|move: Protect
|
|upkeep
|turn|8
|
|t:|1784089224
|move|p2a: Sneasler|Close Combat|p1b: Garchomp
|-damage|p1b: Garchomp|16/100
|-unboost|p2a: Sneasler|def|1
|-unboost|p2a: Sneasler|spd|1
|-damage|p2a: Sneasler|87/100|[from] ability: Rough Skin|[of] p1b: Garchomp
|move|p1b: Garchomp|Earthquake|p2b: Kingambit|[spread] p2a,p2b
|-supereffective|p2a: Sneasler|1
|-supereffective|p2b: Kingambit|1
|-damage|p2a: Sneasler|0 fnt
|-damage|p2b: Kingambit|54/100
|faint|p2a: Sneasler
|-damage|p1b: Garchomp|7/100|[from] item: Life Orb
|move|p2b: Kingambit|Kowtow Cleave|p1b: Garchomp
|-damage|p1b: Garchomp|0 fnt
|-damage|p2b: Kingambit|42/100|[from] ability: Rough Skin|[of] p1b: Garchomp
|faint|p1b: Garchomp
|
|win|starlight74
|raw|bpecina03's rating: 1420 → 1402(-18 for losing)
|raw|starlight74's rating: 1447 → 1465(+18 for winning)
