|j|☆ineverfinishedOR
|j|☆Braute
|html|ineverfinishedORBraute    
|uhtml|bestof|Game 2 of a best-of-3
|t:|1756755713
|gametype|doubles
|player|p1|ineverfinishedOR|266|1234
|player|p2|Braute|miku-fire|1217
|gen|9
|tier|[Gen 9] VGC 2025 Reg H (Bo3)
|rated|
|rule|Species Clause: Limit one of each Pokémon
|rule|Item Clause: Limit 1 of each item
|clearpoke
|poke|p1|Indeedee-F, L50, F|
|poke|p1|Delphox, L50, F|
|poke|p1|Sneasler, L50, F|
|poke|p1|Incineroar, L50, F|
|poke|p1|Murkrow, L50, M|
|poke|p1|Kommo-o, L50, F|
|poke|p2|Sneasler, L50, F|
|poke|p2|Indeedee, L50, M|
|poke|p2|Volcarona, L50, F|
|poke|p2|Ursaluna-Bloodmoon, L50, M|
|poke|p2|Annihilape, L50, F|
|poke|p2|Tyranitar, L50, M|
|teampreview|4
|showteam|p1|Indeedee-F||RockyHelmet|PsychicSurge|FollowMe,HelpingHand,Imprison,TrickRoom|||F|||50|,,,,,Fairy]Delphox||LifeOrb|Blaze|Protect,NastyPlot,HeatWave,ExpandingForce|||F|||50|,,,,,Psychic]Sneasler||PsychicSeed|Unburden|Protect,CloseCombat,DireClaw,ThroatChop|||F|||50|,,,,,Dark]Incineroar||SafetyGoggles|Intimidate|FakeOut,WillOWisp,KnockOff,PartingShot|||F|||50|,,,,,Ghost]Murkrow||Eviolite|Prankster|FoulPlay,SunnyDay,Haze,Tailwind|||M|||50|,,,,,Ghost]Kommo-o||LumBerry|Bulletproof|Protect,BodyPress,Flamethrower,Taunt|||F|||50|,,,,,Fire
|showteam|p2|Sneasler||PsychicSeed|Unburden|CloseCombat,DireClaw,ThroatChop,Protect|||F|||50|,,,,,Dark]Indeedee||ChoiceScarf|PsychicSurge|ExpandingForce,TeraBlast,Trick,Protect|||M|||50|,,,,,Psychic]Volcarona||SitrusBerry|FlameBody|Overheat,StruggleBug,RagePowder,Tailwind|||F|||50|,,,,,Grass]Ursaluna-Bloodmoon||LifeOrb|MindsEye|BloodMoon,HyperVoice,EarthPower,Protect|||M|||50|,,,,,Normal]Annihilape||SafetyGoggles|Defiant|CloseCombat,RageFist,Taunt,FinalGambit|||F|||50|,,,,,Fairy]Tyranitar||AssaultVest|SandStream|RockSlide,KnockOff,TeraBlast,LowKick|||M|||50|,,,,,Flying
|inactive|Battle timer is ON: inactive players will automatically lose when time's up. (requested by Braute)
|j| teamthief420
|
|t:|1756755732
|teamsize|p1|4
|teamsize|p2|4
|start
|switch|p1a: Incineroar|Incineroar, L50, F|100/100
|switch|p1b: Sneasler|Sneasler, L50, F|100/100
|switch|p2a: Dyad|Indeedee, L50, M|100/100
|switch|p2b: ROT FOR CLOUT|Sneasler, L50, F|100/100
|-fieldstart|move: Psychic Terrain|[from] ability: Psychic Surge|[of] p2a: Dyad
|-enditem|p1b: Sneasler|Psychic Seed
|-boost|p1b: Sneasler|spd|1|[from] item: Psychic Seed
|-enditem|p2b: ROT FOR CLOUT|Psychic Seed
|-boost|p2b: ROT FOR CLOUT|spd|1|[from] item: Psychic Seed
|-ability|p1a: Incineroar|Intimidate|boost
|-unboost|p2a: Dyad|atk|1
|-unboost|p2b: ROT FOR CLOUT|atk|1
|turn|1
|inactive|Braute has 30 seconds left.
|
|t:|1756755763
|switch|p2a: Liaison|Tyranitar, L50, M|100/100
|-weather|Sandstorm|[from] ability: Sand Stream|[of] p2a: Liaison
|move|p1b: Sneasler|Throat Chop|p2a: Liaison
|-resisted|p2a: Liaison
|-damage|p2a: Liaison|87/100
|-start|p2a: Liaison|Throat Chop|[silent]
|move|p2b: ROT FOR CLOUT|Close Combat|p1a: Incineroar
|-supereffective|p1a: Incineroar
|-damage|p1a: Incineroar|29/100
|-unboost|p2b: ROT FOR CLOUT|def|1
|-unboost|p2b: ROT FOR CLOUT|spd|1
|move|p1a: Incineroar|Will-O-Wisp|p2b: ROT FOR CLOUT|[miss]
|-miss|p1a: Incineroar|p2b: ROT FOR CLOUT
|
|-weather|Sandstorm|[upkeep]
|-damage|p1b: Sneasler|95/100|[from] Sandstorm
|-damage|p2b: ROT FOR CLOUT|95/100|[from] Sandstorm
|upkeep
|turn|2
|
|t:|1756755780
|switch|p1a: Murkrow|Murkrow, L50, M|100/100
|-terastallize|p2a: Liaison|Flying
|move|p1b: Sneasler|Protect|p1b: Sneasler
|-singleturn|p1b: Sneasler|Protect
|move|p2b: ROT FOR CLOUT|Close Combat|p1a: Murkrow
|-damage|p1a: Murkrow|57/100
|-unboost|p2b: ROT FOR CLOUT|def|1
|-unboost|p2b: ROT FOR CLOUT|spd|1
|move|p2a: Liaison|Tera Blast|p1b: Sneasler|[anim] Tera Blast Flying
|-activate|p1b: Sneasler|move: Protect
|
|-weather|Sandstorm|[upkeep]
|-damage|p1b: Sneasler|89/100|[from] Sandstorm
|-damage|p2b: ROT FOR CLOUT|89/100|[from] Sandstorm
|-damage|p1a: Murkrow|51/100|[from] Sandstorm
|-damage|p2a: Liaison|81/100|[from] Sandstorm
|-end|p2a: Liaison|Throat Chop|[silent]
|upkeep
|turn|3
|inactive|ineverfinishedOR has 30 seconds left.
|
|t:|1756755814
|switch|p1b: Incineroar|Incineroar, L50, F|29/100
|-ability|p1b: Incineroar|Intimidate|boost
|-unboost|p2a: Liaison|atk|1
|-unboost|p2b: ROT FOR CLOUT|atk|1
|switch|p2b: MINIMUM RAGE|Annihilape, L50, F|100/100
|move|p1a: Murkrow|Tailwind|p1a: Murkrow
|-sidestart|p1: ineverfinishedOR|move: Tailwind
|move|p2a: Liaison|Tera Blast|p1b: Incineroar|[anim] Tera Blast Flying
|-damage|p1b: Incineroar|6/100
|
|-weather|Sandstorm|[upkeep]
|-damage|p1a: Murkrow|45/100|[from] Sandstorm
|-damage|p2a: Liaison|75/100|[from] Sandstorm
|upkeep
|turn|4
|inactive|ineverfinishedOR has 30 seconds left.
|inactive|Braute has 30 seconds left.
|
|t:|1756755844
|move|p1a: Murkrow|Foul Play|p2b: MINIMUM RAGE
|-damage|p2b: MINIMUM RAGE|62/100
|move|p1b: Incineroar|Knock Off|p2a: Liaison
|-damage|p2a: Liaison|44/100
|-enditem|p2a: Liaison|Assault Vest|[from] move: Knock Off|[of] p1b: Incineroar
|move|p2b: MINIMUM RAGE|Rage Fist|p1b: Incineroar
|-resisted|p1b: Incineroar
|-damage|p1b: Incineroar|0 fnt
|faint|p1b: Incineroar
|move|p2a: Liaison|Rock Slide|p1a: Murkrow
|-supereffective|p1a: Murkrow
|-damage|p1a: Murkrow|0 fnt
|faint|p1a: Murkrow
|
|-weather|Sandstorm|[upkeep]
|-damage|p2a: Liaison|38/100|[from] Sandstorm
|upkeep
|
|t:|1756755849
|switch|p1a: Sneasler|Sneasler, L50, F|89/100
|switch|p1b: Delphox|Delphox, L50, F|100/100
|turn|5
|inactive|Braute has 30 seconds left.
|inactive|Braute has 20 seconds left.
|inactive|Braute has 15 seconds left.
|inactive|Braute has 10 seconds left.
|
|t:|1756755897
|move|p1a: Sneasler|Dire Claw|p2a: Liaison
|-damage|p2a: Liaison|0 fnt
|faint|p2a: Liaison
|move|p1b: Delphox|Expanding Force|p2b: MINIMUM RAGE
|-supereffective|p2b: MINIMUM RAGE
|-damage|p2b: MINIMUM RAGE|0 fnt
|faint|p2b: MINIMUM RAGE
|-damage|p1b: Delphox|90/100|[from] item: Life Orb
|
|-weather|none
|-fieldend|move: Psychic Terrain
|upkeep
|
|t:|1756755903
|switch|p2b: Dyad|Indeedee, L50, M|100/100
|switch|p2a: ROT FOR CLOUT|Sneasler, L50, F|89/100
|-fieldstart|move: Psychic Terrain|[from] ability: Psychic Surge|[of] p2b: Dyad
|turn|6
|inactive|Braute has 30 seconds left.
|
|t:|1756755932
|move|p2a: ROT FOR CLOUT|Protect|p2a: ROT FOR CLOUT
|-singleturn|p2a: ROT FOR CLOUT|Protect
|move|p1a: Sneasler|Throat Chop|p2b: Dyad
|-supereffective|p2b: Dyad
|-damage|p2b: Dyad|0 fnt
|faint|p2b: Dyad
|move|p1b: Delphox|Expanding Force|p2a: ROT FOR CLOUT
|-activate|p2a: ROT FOR CLOUT|move: Protect
|
|-sideend|p1: ineverfinishedOR|move: Tailwind
|upkeep
|turn|7
|
|t:|1756755947
|move|p2a: ROT FOR CLOUT|Protect||[still]
|-fail|p2a: ROT FOR CLOUT
|move|p1b: Delphox|Protect|p1b: Delphox
|-singleturn|p1b: Delphox|Protect
|move|p1a: Sneasler|Dire Claw|p2a: ROT FOR CLOUT
|-resisted|p2a: ROT FOR CLOUT
|-damage|p2a: ROT FOR CLOUT|50/100
|
|upkeep
|turn|8
|
|t:|1756755958
|move|p1a: Sneasler|Close Combat|p2a: ROT FOR CLOUT
|-resisted|p2a: ROT FOR CLOUT
|-damage|p2a: ROT FOR CLOUT|0 fnt
|-unboost|p1a: Sneasler|def|1
|-unboost|p1a: Sneasler|spd|1
|faint|p2a: ROT FOR CLOUT
|
|win|ineverfinishedOR
