|j|☆klnory
|j|☆Harry Hard TR
|html|klnoryHarry Hard TR    
|uhtml|bestof|Game 3 of a best-of-3
|t:|1785426971
|gametype|doubles
|player|p1|klnory|unknown|1006
|player|p2|Harry Hard TR|lass-gen8|1000
|gen|9
|tier|[Gen 9 Champions] VGC 2026 Reg M-B (Bo3)
|rated|
|rule|Species Clause: Limit one of each Pokémon
|rule|Item Clause: Limit 1 of each item
|clearpoke
|poke|p1|Talonflame, L50, F|
|poke|p1|Incineroar, L50, F|
|poke|p1|Primarina, L50, M|
|poke|p1|Kingambit, L50, F|
|poke|p1|Kleavor, L50, M|
|poke|p1|Mawile, L50, F|
|poke|p2|Pyroar, L50, F|
|poke|p2|Meowscarada, L50, F|
|poke|p2|Whimsicott, L50, F|
|poke|p2|Farigiraf, L50, F|
|poke|p2|Torkoal, L50, F|
|poke|p2|Kangaskhan, L50, F|
|teampreview|4
|showteam|p1|Talonflame||FocusSash|GaleWings|DualWingbeat,Tailwind,Taunt,WillOWisp|Adamant||F|||50|]Incineroar||SitrusBerry|Intimidate|FakeOut,PartingShot,DarkestLariat,FlareBlitz|Jolly||F|||50|]Primarina||Leftovers|LiquidVoice|SparklingAria,DazzlingGleam,EnergyBall,IcyWind|Bold||M|||50|]Kingambit||QuickClaw|SupremeOverlord|SuckerPunch,Protect,KowtowCleave,IronHead|Adamant||F|||50|]Kleavor||LifeOrb|Sharpness|StoneAxe,XScissor,Uturn,CloseCombat|Adamant||M|||50|]Mawile||Mawilite|Intimidate|PlayRough,IronHead,SuckerPunch,RockSlide|Adamant||F|||50|
|showteam|p2|Pyroar||Pyroarite|Unnerve|Protect,Overheat,HeatWave,Substitute|Timid||F|||50|]Meowscarada||ChoiceScarf|Protean|Uturn,FlowerTrick,TripleAxel,ThunderPunch|Adamant||F|||50|]Whimsicott||FocusSash|Prankster|Moonblast,Encore,SunnyDay,Tailwind|Bold||F|||50|]Farigiraf||SitrusBerry|ArmorTail|Psychic,HyperVoice,Imprison,TrickRoom|Quiet||F|||50|]Torkoal||HeatRock|Drought|Protect,Eruption,EarthPower,HelpingHand|Quiet||F|||50|]Kangaskhan||Kangaskhanite|Scrappy|DoubleEdge,LowKick,SuckerPunch,FakeOut|Brave||F|||50|
|inactive|Battle timer is ON: inactive players will automatically lose when time's up. (requested by klnory)
|
|t:|1785426992
|teamsize|p1|4
|teamsize|p2|4
|start
|switch|p1a: Kleavor|Kleavor, L50, M|100/100
|switch|p1b: Talonflame|Talonflame, L50, F|100/100
|switch|p2a: Pyroar|Pyroar, L50, F|100/100
|switch|p2b: Whimsicott|Whimsicott, L50, F|100/100
|-ability|p2a: Pyroar|Unnerve
|turn|1
|inactive|Harry Hard TR has 30 seconds left.
|
|t:|1785427019
|detailschange|p2a: Pyroar|Pyroar-Mega, L50, F
|-mega|p2a: Pyroar|Pyroar|Pyroarite
|move|p1b: Talonflame|Dual Wingbeat|p2b: Whimsicott
|-supereffective|p2b: Whimsicott|1
|-damage|p2b: Whimsicott|67/100
|-supereffective|p2b: Whimsicott|1
|-damage|p2b: Whimsicott|35/100
|-hitcount|p2b: Whimsicott|2
|move|p2b: Whimsicott|Tailwind|p2b: Whimsicott
|-sidestart|p2: Harry Hard TR|move: Tailwind
|move|p2a: Pyroar|Overheat|p1a: Kleavor
|-damage|p1a: Kleavor|0 fnt
|-unboost|p2a: Pyroar|spa|2
|faint|p1a: Kleavor
|
|upkeep
|
|t:|1785427041
|switch|p1a: Kingambit|Kingambit, L50, F|100/100
|-activate|p1a: Kingambit|ability: Supreme Overlord
|-start|p1a: Kingambit|fallen1|[silent]
|turn|2
|
|t:|1785427061
|switch|p2a: Farigiraf|Farigiraf, L50, F|100/100
|move|p1a: Kingambit|Protect|p1a: Kingambit
|-singleturn|p1a: Kingambit|Protect
|move|p2b: Whimsicott|Sunny Day|p2b: Whimsicott
|-weather|SunnyDay
|move|p1b: Talonflame|Dual Wingbeat||[still]
|cant|p2a: Farigiraf|ability: Armor Tail|Dual Wingbeat|[of] p1b: Talonflame
|
|-weather|SunnyDay|[upkeep]
|upkeep
|turn|3
|inactive|klnory has 30 seconds left.
|inactive|klnory has 20 seconds left.
|
|t:|1785427098
|switch|p1b: Mawile|Mawile, L50, F|100/100
|-ability|p1b: Mawile|Intimidate|boost
|-unboost|p2a: Farigiraf|atk|1
|-unboost|p2b: Whimsicott|atk|1
|move|p2b: Whimsicott|Encore||[still]
|-fail|p2b: Whimsicott
|move|p2a: Farigiraf|Hyper Voice|p1b: Mawile|[spread] p1a,p1b
|-resisted|p1a: Kingambit|1
|-resisted|p1b: Mawile|1
|-damage|p1a: Kingambit|81/100
|-damage|p1b: Mawile|73/100
|move|p1a: Kingambit|Kowtow Cleave|p2b: Whimsicott
|-resisted|p2b: Whimsicott|1
|-damage|p2b: Whimsicott|13/100
|
|-weather|SunnyDay|[upkeep]
|upkeep
|turn|4
|j| dondiri
|-activate|p1a: Kingambit|item: Quick Claw
|
|t:|1785427122
|detailschange|p1b: Mawile|Mawile-Mega, L50, F
|-mega|p1b: Mawile|Mawile|Mawilite
|move|p1a: Kingambit|Protect|p1a: Kingambit
|-singleturn|p1a: Kingambit|Protect
|move|p2b: Whimsicott|Moonblast|p1a: Kingambit
|-activate|p1a: Kingambit|move: Protect
|move|p2a: Farigiraf|Hyper Voice|p1b: Mawile|[spread] p1b
|-activate|p1a: Kingambit|move: Protect
|-resisted|p1b: Mawile|1
|-damage|p1b: Mawile|56/100
|move|p1b: Mawile|Rock Slide|p2a: Farigiraf|[spread] p2a,p2b
|-crit|p2a: Farigiraf
|-damage|p2a: Farigiraf|50/100g
|-damage|p2b: Whimsicott|0 fnt
|faint|p2b: Whimsicott
|
|-weather|SunnyDay|[upkeep]
|-sideend|p2: Harry Hard TR|move: Tailwind
|upkeep
|
|t:|1785427128
|switch|p2b: Pyroar|Pyroar-Mega, L50, F|100/100
|turn|5
|inactive|klnory has 30 seconds left.
|inactive|klnory has 20 seconds left.
|
|t:|1785427165
|switch|p1b: Talonflame|Talonflame, L50, F|100/100
|move|p2b: Pyroar|Heat Wave|p1b: Talonflame|[spread] p1a,p1b
|-supereffective|p1a: Kingambit|1
|-resisted|p1b: Talonflame|1
|-damage|p1a: Kingambit|0 fnt
|-damage|p1b: Talonflame|30/100
|faint|p1a: Kingambit
|-end|p1a: Kingambit|fallen1|[silent]
|move|p2a: Farigiraf|Hyper Voice|p1b: Talonflame
|-damage|p1b: Talonflame|0 fnt
|faint|p1b: Talonflame
|
|-weather|SunnyDay|[upkeep]
|upkeep
|
|t:|1785427176
|switch|p1b: Mawile|Mawile-Mega, L50, F|56/100
|turn|6
|l| dondiri
|
|t:|1785427181
|move|p2b: Pyroar|Heat Wave|p1b: Mawile
|-supereffective|p1b: Mawile|1
|-damage|p1b: Mawile|0 fnt
|faint|p1b: Mawile
|
|win|Harry Hard TR
|raw|klnory's rating: 1006 → 1000(-6 for losing)
|raw|Harry Hard TR's rating: 1000 → 1041(+41 for winning)
