|j|☆itbeasher
|j|☆tiagoballed
|html|itbeashertiagoballed    
|uhtml|bestof|Game 2 of a best-of-3
|t:|1756926049
|gametype|doubles
|player|p1|itbeasher|101|1130
|player|p2|tiagoballed|pokemaniac|1009
|gen|9
|tier|[Gen 9] VGC 2025 Reg H (Bo3)
|rated|
|rule|Species Clause: Limit one of each Pokémon
|rule|Item Clause: Limit 1 of each item
|clearpoke
|poke|p1|Jumpluff, L50, F|
|poke|p1|Typhlosion-Hisui, L50, M|
|poke|p1|Annihilape, L50, M|
|poke|p1|Torkoal, L50, F|
|poke|p1|Rillaboom, L50, M|
|poke|p1|Porygon2, L50|
|poke|p2|Indeedee, L50, M|
|poke|p2|Archaludon, L50, M|
|poke|p2|Ursaluna, L50, M|
|poke|p2|Sinistcha, L50|
|poke|p2|Incineroar, L50, M|
|poke|p2|Politoed, L50, F|
|teampreview|4
|showteam|p1|Jumpluff||CovertCloak|Chlorophyll|SleepPowder,Tailwind,RagePowder,PollenPuff|||F|||50|,,,,,Dark]Typhlosion-Hisui||ChoiceSpecs|Frisk|Eruption,HeatWave,ShadowBall,TeraBlast|||M|||50|,,,,,Stellar]Annihilape||SitrusBerry|Defiant|CloseCombat,Protect,FinalGambit,RageFist|||M|||50|,,,,,Fire]Torkoal||EjectPack|Drought|Protect,HelpingHand,Overheat,BurningJealousy|||F|||50|,,,,,Grass]Rillaboom||MiracleSeed|GrassySurge|FakeOut,GrassyGlide,HighHorsepower,WoodHammer|||M|||50|,,,,,Dragon]Porygon2||Eviolite|Download|Thunderbolt,IceBeam,Recover,TrickRoom||||||50|,,,,,Ghost
|showteam|p2|Indeedee||ChoiceScarf|PsychicSurge|ExpandingForce,TeraBlast,Trick,AfterYou|||M|||50|,,,,,Psychic]Archaludon||AssaultVest|Stamina|TeraBlast,ElectroShot,DracoMeteor,BodyPress|||M|||50|,,,,,Flying]Ursaluna||FlameOrb|Guts|Earthquake,Facade,HeadlongRush,Protect|||M|||50|,,,,,Ghost]Sinistcha||SitrusBerry|Hospitality|MatchaGotcha,Scald,TrickRoom,RagePowder||||||50|,,,,,Water]Incineroar||RockyHelmet|Intimidate|FakeOut,KnockOff,Taunt,PartingShot|||M|||50|,,,,,Bug]Politoed||Leftovers|Drizzle|MuddyWater,WeatherBall,IcyWind,Protect|||F|||50|,,,,,Fire
|
|t:|1756926076
|teamsize|p1|4
|teamsize|p2|4
|start
|switch|p1a: Annihilape|Annihilape, L50, M, shiny|100/100
|switch|p1b: Torkoal|Torkoal, L50, F, shiny|100/100
|switch|p2a: Indeedee|Indeedee, L50, M|100/100
|switch|p2b: Ursaluna|Ursaluna, L50, M|100/100
|-fieldstart|move: Psychic Terrain|[from] ability: Psychic Surge|[of] p2a: Indeedee
|-weather|SunnyDay|[from] ability: Drought|[of] p1b: Torkoal
|turn|1
|
|t:|1756926094
|switch|p2b: Politoed|Politoed, L50, F|100/100
|-weather|RainDance|[from] ability: Drizzle|[of] p2b: Politoed
|switch|p1b: Rillaboom|Rillaboom, L50, M, shiny|100/100
|-fieldstart|move: Grassy Terrain|[from] ability: Grassy Surge|[of] p1b: Rillaboom
|move|p1a: Annihilape|Protect|p1a: Annihilape
|-singleturn|p1a: Annihilape|Protect
|move|p2a: Indeedee|Expanding Force|p1b: Rillaboom
|-damage|p1b: Rillaboom|56/100
|
|-weather|RainDance|[upkeep]
|-heal|p1b: Rillaboom|62/100|[from] Grassy Terrain
|upkeep
|turn|2
|
|t:|1756926123
|switch|p2a: Sinistcha|Sinistcha, L50|100/100
|move|p1b: Rillaboom|Fake Out|p2a: Sinistcha
|-immune|p2a: Sinistcha
|move|p1a: Annihilape|Close Combat|p2b: Politoed
|-damage|p2b: Politoed|46/100
|-unboost|p1a: Annihilape|def|1
|-unboost|p1a: Annihilape|spd|1
|move|p2b: Politoed|Icy Wind|p1b: Rillaboom|[spread] p1a,p1b
|-supereffective|p1b: Rillaboom
|-damage|p1a: Annihilape|84/100
|-damage|p1b: Rillaboom|40/100
|-unboost|p1a: Annihilape|spe|1
|-ability|p1a: Annihilape|Defiant|boost
|-boost|p1a: Annihilape|atk|2
|-unboost|p1b: Rillaboom|spe|1
|
|-weather|RainDance|[upkeep]
|-heal|p1a: Annihilape|90/100|[from] Grassy Terrain
|-heal|p2b: Politoed|52/100|[from] Grassy Terrain
|-heal|p2b: Politoed|58/100|[from] item: Leftovers
|-heal|p1b: Rillaboom|46/100|[from] Grassy Terrain
|upkeep
|turn|3
|
|t:|1756926150
|move|p1a: Annihilape|Protect|p1a: Annihilape
|-singleturn|p1a: Annihilape|Protect
|move|p2b: Politoed|Weather Ball|p1a: Annihilape
|-activate|p1a: Annihilape|move: Protect
|move|p2a: Sinistcha|Matcha Gotcha|p1a: Annihilape|[spread] p1b
|-activate|p1a: Annihilape|move: Protect
|-resisted|p1b: Rillaboom
|-damage|p1b: Rillaboom|30/100
|move|p1b: Rillaboom|Wood Hammer|p2b: Politoed
|-supereffective|p2b: Politoed
|-damage|p2b: Politoed|0 fnt
|faint|p2b: Politoed
|-damage|p1b: Rillaboom|11/100|[from] Recoil
|
|-weather|RainDance|[upkeep]
|-heal|p1a: Annihilape|97/100|[from] Grassy Terrain
|-heal|p1b: Rillaboom|17/100|[from] Grassy Terrain
|upkeep
|
|t:|1756926167
|switch|p2b: Indeedee|Indeedee, L50, M|100/100
|-fieldstart|move: Psychic Terrain|[from] ability: Psychic Surge|[of] p2b: Indeedee
|turn|4
|
|t:|1756926177
|switch|p1b: Torkoal|Torkoal, L50, F, shiny|100/100
|-weather|SunnyDay|[from] ability: Drought|[of] p1b: Torkoal
|-terastallize|p2b: Indeedee|Psychic
|-terastallize|p1a: Annihilape|Fire
|move|p2b: Indeedee|Expanding Force|p1a: Annihilape|[spread] p1a,p1b
|-damage|p1a: Annihilape|0 fnt
|-damage|p1b: Torkoal|13/100
|faint|p1a: Annihilape
|move|p2a: Sinistcha|Trick Room|p2a: Sinistcha
|-fieldstart|move: Trick Room|[of] p2a: Sinistcha
|
|-weather|SunnyDay|[upkeep]
|upkeep
|
|t:|1756926192
|switch|p1a: Typhlosion|Typhlosion-Hisui, L50, M, shiny|100/100
|-item|p2a: Sinistcha|Sitrus Berry|[from] ability: Frisk|[of] p1a: Typhlosion
|-item|p2b: Indeedee|Choice Scarf|[from] ability: Frisk|[of] p1a: Typhlosion
|turn|5
|
|t:|1756926214
|switch|p2b: Ursaluna|Ursaluna, L50, M|100/100
|move|p1b: Torkoal|Overheat|p2a: Sinistcha|[miss]
|-miss|p1b: Torkoal|p2a: Sinistcha
|move|p2a: Sinistcha|Scald|p1b: Torkoal
|-supereffective|p1b: Torkoal
|-damage|p1b: Torkoal|0 fnt
|faint|p1b: Torkoal
|move|p1a: Typhlosion|Eruption|p2a: Sinistcha|[spread] p2a,p2b
|-supereffective|p2a: Sinistcha
|-damage|p2a: Sinistcha|0 fnt
|-damage|p2b: Ursaluna|0 fnt
|faint|p2a: Sinistcha
|faint|p2b: Ursaluna
|
|-weather|SunnyDay|[upkeep]
|upkeep
|-message|tiagoballed forfeited.
|
|win|itbeasher
|raw|itbeasher's rating: 1130 → 1147(+17 for winning)
|raw|tiagoballed's rating: 1009 → 1001(-8 for losing)
|l|☆tiagoballed
|player|p2|
