|j|☆Thunderhawk3
|j|☆RagingJudge
|html|Thunderhawk3RagingJudge    
|uhtml|bestof|Game 2 of a best-of-3
|t:|1757649196
|gametype|doubles
|player|p1|Thunderhawk3|swimmerf-gen4|1049
|player|p2|RagingJudge|silver|1136
|gen|9
|tier|[Gen 9] VGC 2025 Reg H (Bo3)
|rated|
|rule|Species Clause: Limit one of each Pokémon
|rule|Item Clause: Limit 1 of each item
|clearpoke
|poke|p1|Gholdengo, L50|
|poke|p1|Sneasler, L50, F|
|poke|p1|Amoonguss, L50, F|
|poke|p1|Incineroar, L50, F|
|poke|p1|Rillaboom, L50, M|
|poke|p1|Dragonite, L50, F|
|poke|p2|Ursaluna, L50, F|
|poke|p2|Gholdengo, L50|
|poke|p2|Porygon2, L50|
|poke|p2|Amoonguss, L50, M|
|poke|p2|Incineroar, L50, M|
|poke|p2|Hydreigon, L50, M|
|teampreview|4
|showteam|p1|Gholdengo||Leftovers|GoodasGold|Protect,MakeItRain,ShadowBall,NastyPlot||||||50|,,,,,Water]Sneasler||GrassySeed|Unburden|FakeOut,DireClaw,CloseCombat,Protect|||F|||50|,,,,,Ghost]Amoonguss||SitrusBerry|EffectSpore|PollenPuff,Spore,RagePowder,Protect|||F|||50|,,,,,Dark]Incineroar||SafetyGoggles|Intimidate|FakeOut,KnockOff,PartingShot,Taunt|||F|||50|,,,,,Water]Rillaboom||AssaultVest|GrassySurge|FakeOut,Uturn,GrassyGlide,WoodHammer|||M|||50|,,,,,Fire]Dragonite||LoadedDice|InnerFocus|ScaleShot,TeraBlast,Tailwind,Protect|||F|||50|,,,,,Flying
|showteam|p2|Ursaluna||FlameOrb|Guts|Facade,Earthquake,HeadlongRush,Protect|||F|||50|,,,,,Ghost]Gholdengo||MetalCoat|GoodasGold|MakeItRain,ShadowBall,NastyPlot,Protect||||||50|,,,,,Water]Porygon2||Eviolite|Download|TeraBlast,IceBeam,TrickRoom,Recover||||||50|,,,,,Fighting]Amoonguss||CovertCloak|Regenerator|Spore,RagePowder,PollenPuff,Protect|||M|||50|,,,,,Psychic]Incineroar||SitrusBerry|Intimidate|FakeOut,FlareBlitz,KnockOff,PartingShot|||M|||50|,,,,,Ghost]Hydreigon||SafetyGoggles|Levitate|DracoMeteor,Snarl,Tailwind,Protect|||M|||50|,,,,,Ghost
|inactive|Battle timer is ON: inactive players will automatically lose when time's up. (requested by Thunderhawk3)
|
|t:|1757649226
|teamsize|p1|4
|teamsize|p2|4
|start
|switch|p1a: Incineroar|Incineroar, L50, F|100/100
|switch|p1b: Gholdengo|Gholdengo, L50|100/100
|switch|p2a: Incineroar|Incineroar, L50, M|100/100
|switch|p2b: Porygon2|Porygon2, L50|100/100
|-ability|p1a: Incineroar|Intimidate|boost
|-unboost|p2a: Incineroar|atk|1
|-unboost|p2b: Porygon2|atk|1
|-ability|p2b: Porygon2|Download|boost
|-boost|p2b: Porygon2|atk|1
|-ability|p2a: Incineroar|Intimidate|boost
|-unboost|p1a: Incineroar|atk|1
|-unboost|p1b: Gholdengo|atk|1
|turn|1
|inactive|RagingJudge has 30 seconds left.
|
|t:|1757649252
|move|p1a: Incineroar|Fake Out|p2b: Porygon2
|-damage|p2b: Porygon2|96/100
|move|p1b: Gholdengo|Nasty Plot|p1b: Gholdengo
|-boost|p1b: Gholdengo|spa|2
|move|p2a: Incineroar|Knock Off|p1b: Gholdengo
|-supereffective|p1b: Gholdengo
|-damage|p1b: Gholdengo|43/100
|-enditem|p1b: Gholdengo|Leftovers|[from] move: Knock Off|[of] p2a: Incineroar
|cant|p2b: Porygon2|flinch
|
|upkeep
|turn|2
|
|t:|1757649269
|move|p1b: Gholdengo|Make It Rain|p2b: Porygon2|[spread] p2a,p2b
|-resisted|p2a: Incineroar
|-damage|p2a: Incineroar|57/100
|-damage|p2b: Porygon2|36/100
|-unboost|p1b: Gholdengo|spa|1
|move|p1a: Incineroar|Taunt|p2b: Porygon2
|-start|p2b: Porygon2|move: Taunt
|move|p2a: Incineroar|Parting Shot|p1a: Incineroar
|-unboost|p1a: Incineroar|atk|1
|-unboost|p1a: Incineroar|spa|1
|
|t:|1757649279
|switch|p2a: Amoonguss|Amoonguss, L50, M|100/100|[from] Parting Shot
|cant|p2b: Porygon2|move: Taunt|Trick Room
|
|upkeep
|turn|3
|
|t:|1757649289
|switch|p2b: Incineroar|Incineroar, L50, M|57/100
|-ability|p2b: Incineroar|Intimidate|boost
|-unboost|p1a: Incineroar|atk|1
|-unboost|p1b: Gholdengo|atk|1
|move|p1b: Gholdengo|Nasty Plot|p1b: Gholdengo
|-boost|p1b: Gholdengo|spa|2
|move|p1a: Incineroar|Taunt|p2a: Amoonguss
|-start|p2a: Amoonguss|move: Taunt
|move|p2a: Amoonguss|Pollen Puff|p2b: Incineroar
|-heal|p2b: Incineroar|100/100
|
|upkeep
|turn|4
|inactive|Thunderhawk3 has 30 seconds left.
|
|t:|1757649319
|switch|p1a: Amoonguss|Amoonguss, L50, F|100/100
|move|p1b: Gholdengo|Protect|p1b: Gholdengo
|-singleturn|p1b: Gholdengo|Protect
|move|p2b: Incineroar|Knock Off|p1b: Gholdengo
|-activate|p1b: Gholdengo|move: Protect
|move|p2a: Amoonguss|Pollen Puff|p1b: Gholdengo
|-activate|p1b: Gholdengo|move: Protect
|
|upkeep
|turn|5
|
|t:|1757649338
|-terastallize|p1b: Gholdengo|Water
|move|p1b: Gholdengo|Make It Rain|p2a: Amoonguss|[spread] p2a,p2b
|-resisted|p2b: Incineroar
|-damage|p2a: Amoonguss|7/100
|-damage|p2b: Incineroar|55/100
|-unboost|p1b: Gholdengo|spa|1
|move|p2b: Incineroar|Flare Blitz|p1a: Amoonguss
|-supereffective|p1a: Amoonguss
|-damage|p1a: Amoonguss|22/100
|-enditem|p1a: Amoonguss|Sitrus Berry|[eat]
|-heal|p1a: Amoonguss|47/100|[from] item: Sitrus Berry
|-damage|p2b: Incineroar|27/100|[from] Recoil
|-enditem|p2b: Incineroar|Sitrus Berry|[eat]
|-heal|p2b: Incineroar|52/100|[from] item: Sitrus Berry
|move|p1a: Amoonguss|Pollen Puff|p1b: Gholdengo
|-heal|p1b: Gholdengo|93/100
|move|p2a: Amoonguss|Pollen Puff|p1a: Amoonguss
|-damage|p1a: Amoonguss|31/100
|
|-end|p2a: Amoonguss|move: Taunt
|upkeep
|turn|6
|inactive|Thunderhawk3 has 30 seconds left.
|inactive|RagingJudge has 30 seconds left.
|inactive|Thunderhawk3 has 20 seconds left.
|inactive|Thunderhawk3 has 15 seconds left.
|inactive|RagingJudge has 20 seconds left.
|inactive|Thunderhawk3 has 10 seconds left.
|inactive|Thunderhawk3 has 5 seconds left.
|
|t:|1757649388
|switch|p1a: Sneasler|Sneasler, L50, F|100/100
|switch|p2a: Porygon2|Porygon2, L50|36/100
|-ability|p2a: Porygon2|Download|boost
|-boost|p2a: Porygon2|atk|1
|move|p1b: Gholdengo|Make It Rain|p2b: Incineroar|[spread] p2a,p2b
|-resisted|p2b: Incineroar
|-damage|p2a: Porygon2|0 fnt
|-damage|p2b: Incineroar|14/100
|-unboost|p1b: Gholdengo|spa|1
|faint|p2a: Porygon2
|move|p2b: Incineroar|Flare Blitz|p1a: Sneasler
|-damage|p1a: Sneasler|9/100
|-damage|p2b: Incineroar|0 fnt|[from] Recoil
|faint|p2b: Incineroar
|
|upkeep
|
|t:|1757649398
|switch|p2b: Amoonguss|Amoonguss, L50, M|40/100
|switch|p2a: Ursaluna|Ursaluna, L50, F|100/100
|turn|7
|
|t:|1757649411
|move|p2a: Ursaluna|Protect|p2a: Ursaluna
|-singleturn|p2a: Ursaluna|Protect
|move|p2b: Amoonguss|Protect|p2b: Amoonguss
|-singleturn|p2b: Amoonguss|Protect
|move|p1a: Sneasler|Close Combat|p2a: Ursaluna
|-activate|p2a: Ursaluna|move: Protect
|move|p1b: Gholdengo|Shadow Ball|p2a: Ursaluna
|-activate|p2a: Ursaluna|move: Protect
|
|-status|p2a: Ursaluna|brn|[from] item: Flame Orb
|upkeep
|turn|8
|
|t:|1757649425
|move|p2b: Amoonguss|Rage Powder|p2b: Amoonguss
|-singleturn|p2b: Amoonguss|move: Rage Powder
|move|p1a: Sneasler|Close Combat|p2b: Amoonguss
|-resisted|p2b: Amoonguss
|-damage|p2b: Amoonguss|7/100
|-unboost|p1a: Sneasler|def|1
|-unboost|p1a: Sneasler|spd|1
|move|p1b: Gholdengo|Shadow Ball|p2b: Amoonguss
|-damage|p2b: Amoonguss|0 fnt
|faint|p2b: Amoonguss
|move|p2a: Ursaluna|Earthquake|p1b: Gholdengo|[spread] p1a,p1b
|-supereffective|p1a: Sneasler
|-damage|p1a: Sneasler|0 fnt
|-damage|p1b: Gholdengo|32/100
|faint|p1a: Sneasler
|
|-damage|p2a: Ursaluna|94/100 brn|[from] brn
|upkeep
|
|t:|1757649431
|switch|p1a: Incineroar|Incineroar, L50, F|100/100
|-ability|p1a: Incineroar|Intimidate|boost
|-unboost|p2a: Ursaluna|atk|1
|turn|9
|
|t:|1757649439
|-terastallize|p2a: Ursaluna|Ghost
|move|p1a: Incineroar|Fake Out|p2a: Ursaluna
|-immune|p2a: Ursaluna
|move|p1b: Gholdengo|Make It Rain|p2a: Ursaluna
|-damage|p2a: Ursaluna|19/100 brn
|-unboost|p1b: Gholdengo|spa|1
|move|p2a: Ursaluna|Earthquake|p1a: Incineroar|[spread] p1a,p1b
|-supereffective|p1a: Incineroar
|-damage|p1a: Incineroar|10/100
|-damage|p1b: Gholdengo|0 fnt
|faint|p1b: Gholdengo
|
|-damage|p2a: Ursaluna|13/100 brn|[from] brn
|upkeep
|
|t:|1757649441
|switch|p1b: Amoonguss|Amoonguss, L50, F|31/100
|turn|10
|inactive|Thunderhawk3 has 30 seconds left.
|
|t:|1757649471
|move|p1a: Incineroar|Knock Off|p2a: Ursaluna
|-supereffective|p2a: Ursaluna
|-damage|p2a: Ursaluna|0 fnt
|-enditem|p2a: Ursaluna|Flame Orb|[from] move: Knock Off|[of] p1a: Incineroar
|faint|p2a: Ursaluna
|
|win|Thunderhawk3
||RagingJudge is ready for game 3.
|l|☆Thunderhawk3
|player|p1|
||Thunderhawk3 is ready for game 3.
|uhtml|next|Next: Game 3 of 3
