|j|☆0-6day2
|j|☆ryanpowneyissoslay
|html|0-6day2ryanpowneyissoslay    
|uhtml|bestof|Game 1 of a best-of-3
|t:|1756842036
|gametype|doubles
|player|p1|0-6day2|1|1275
|player|p2|ryanpowneyissoslay|ghetsis|1385
|gen|9
|tier|[Gen 9] VGC 2025 Reg H (Bo3)
|rated|
|rule|Species Clause: Limit one of each Pokémon
|rule|Item Clause: Limit 1 of each item
|clearpoke
|poke|p1|Porygon2, L50|
|poke|p1|Gholdengo, L50|
|poke|p1|Incineroar, L50, M|
|poke|p1|Ursaluna, L50, M|
|poke|p1|Amoonguss, L50, F|
|poke|p1|Mienshao, L50, M|
|poke|p2|Dragonite, L50, M|
|poke|p2|Gholdengo, L50|
|poke|p2|Rillaboom, L50, F|
|poke|p2|Ursaluna-Bloodmoon, L50, M|
|poke|p2|Maushold-Four, L50|
|poke|p2|Annihilape, L50, M|
|teampreview|4
|showteam|p1|Porygon2||Eviolite|Download|TeraBlast,IceBeam,Recover,TrickRoom||||||50|,,,,,Fighting]Gholdengo||LifeOrb|GoodasGold|MakeItRain,ShadowBall,NastyPlot,Protect||||||50|,,,,,Dragon]Incineroar||SafetyGoggles|Intimidate|FakeOut,FlareBlitz,KnockOff,PartingShot|||M|||50|,,,,,Ghost]Ursaluna||FlameOrb|Guts|Facade,HeadlongRush,Earthquake,Protect|||M|||50|,,,,,Ghost]Amoonguss||CovertCloak|Regenerator|PollenPuff,Spore,RagePowder,Protect|||F|||50|,,,,,Water]Mienshao||FocusSash|InnerFocus|FakeOut,WideGuard,CloseCombat,KnockOff|||M|||50|,,,,,Stellar
|showteam|p2|Dragonite||LoadedDice|Multiscale|Tailwind,Haze,Protect,ScaleShot|||M|||50|,,,,,Fairy]Gholdengo||LifeOrb|GoodasGold|MakeItRain,ShadowBall,NastyPlot,Protect||||||50|,,,,,Water]Rillaboom||MiracleSeed|GrassySurge|WoodHammer,GrassyGlide,FakeOut,HighHorsepower|||F|||50|,,,,,Fire]Ursaluna-Bloodmoon||AssaultVest|MindsEye|BloodMoon,EarthPower,HyperVoice,VacuumWave|||M|||50|,,,,,Water]Maushold-Four||FocusSash|FriendGuard|SuperFang,FollowMe,BeatUp,Protect||||||50|,,,,,Ghost]Annihilape||SitrusBerry|Defiant|RageFist,DrainPunch,BulkUp,Protect|||M|||50|,,,,,Fire
|inactive|Battle timer is ON: inactive players will automatically lose when time's up. (requested by ryanpowneyissoslay)
|
|t:|1756842065
|teamsize|p1|4
|teamsize|p2|4
|start
|switch|p1a: Mienshao|Mienshao, L50, M|100/100
|switch|p1b: Gholdengo|Gholdengo, L50|100/100
|switch|p2a: Maushold|Maushold-Four, L50|100/100
|switch|p2b: Annihilape|Annihilape, L50, M|100/100
|turn|1
|inactive|0-6day2 has 30 seconds left.
|
|t:|1756842092
|switch|p1b: Porygon2|Porygon2, L50|100/100
|-ability|p1b: Porygon2|Download|boost
|-boost|p1b: Porygon2|spa|1
|-terastallize|p2a: Maushold|Ghost
|move|p2a: Maushold|Beat Up|p2b: Annihilape
|-damage|p2b: Annihilape|99/100
|-damage|p2b: Annihilape|96/100
|-damage|p2b: Annihilape|94/100
|-damage|p2b: Annihilape|91/100
|-hitcount|p2b: Annihilape|4
|move|p1a: Mienshao|Knock Off|p2a: Maushold
|-supereffective|p2a: Maushold
|-damage|p2a: Maushold|28/100
|-enditem|p2a: Maushold|Focus Sash|[from] move: Knock Off|[of] p1a: Mienshao
|move|p2b: Annihilape|Rage Fist|p1b: Porygon2
|-immune|p1b: Porygon2
|
|upkeep
|turn|2
|inactive|0-6day2 has 30 seconds left.
|inactive|ryanpowneyissoslay has 30 seconds left.
|inactive|ryanpowneyissoslay has 20 seconds left.
|inactive|ryanpowneyissoslay has 15 seconds left.
|inactive|ryanpowneyissoslay has 10 seconds left.
|
|t:|1756842137
|switch|p1a: Ursaluna|Ursaluna, L50, M|100/100
|move|p2a: Maushold|Super Fang|p1b: Porygon2
|-damage|p1b: Porygon2|50/100
|move|p2b: Annihilape|Drain Punch|p1b: Porygon2
|-supereffective|p1b: Porygon2
|-damage|p1b: Porygon2|18/100
|-heal|p2b: Annihilape|100/100|[from] drain|[of] p1b: Porygon2
|move|p1b: Porygon2|Trick Room|p1b: Porygon2
|-fieldstart|move: Trick Room|[of] p1b: Porygon2
|
|-status|p1a: Ursaluna|brn|[from] item: Flame Orb
|upkeep
|turn|3
|inactive|0-6day2 has 30 seconds left.
|inactive|0-6day2 has 20 seconds left.
|inactive|0-6day2 has 15 seconds left.
|inactive|0-6day2 has 10 seconds left.
|
|t:|1756842185
|move|p1a: Ursaluna|Protect|p1a: Ursaluna
|-singleturn|p1a: Ursaluna|Protect
|move|p2a: Maushold|Follow Me|p2a: Maushold
|-singleturn|p2a: Maushold|move: Follow Me
|move|p1b: Porygon2|Ice Beam|p2a: Maushold
|-damage|p2a: Maushold|0 fnt
|faint|p2a: Maushold
|move|p2b: Annihilape|Drain Punch|p1a: Ursaluna
|-activate|p1a: Ursaluna|move: Protect
|
|-damage|p1a: Ursaluna|95/100 brn|[from] brn
|upkeep
|
|t:|1756842204
|switch|p2a: Rillaboom|Rillaboom, L50, F|100/100
|-fieldstart|move: Grassy Terrain|[from] ability: Grassy Surge|[of] p2a: Rillaboom
|turn|4
|inactive|0-6day2 has 30 seconds left.
|inactive|0-6day2 has 20 seconds left.
|inactive|0-6day2 has 15 seconds left.
|
|t:|1756842245
|-terastallize|p1a: Ursaluna|Ghost
|move|p2a: Rillaboom|Grassy Glide|p1b: Porygon2
|-damage|p1b: Porygon2|0 fnt
|faint|p1b: Porygon2
|move|p1a: Ursaluna|Headlong Rush|p2b: Annihilape
|-damage|p2b: Annihilape|0 fnt
|-unboost|p1a: Ursaluna|def|1
|-unboost|p1a: Ursaluna|spd|1
|faint|p2b: Annihilape
|
|-heal|p1a: Ursaluna|100/100 brn|[from] Grassy Terrain
|-damage|p1a: Ursaluna|95/100 brn|[from] brn
|upkeep
|
|t:|1756842260
|switch|p1b: Mienshao|Mienshao, L50, M|100/100
|switch|p2b: Dragonite|Dragonite, L50, M|100/100
|turn|5
|
|t:|1756842271
|move|p1b: Mienshao|Fake Out|p2a: Rillaboom
|-damage|p2a: Rillaboom|88/100
|cant|p2a: Rillaboom|flinch
|move|p1a: Ursaluna|Facade|p2a: Rillaboom
|-damage|p2a: Rillaboom|0 fnt
|faint|p2a: Rillaboom
|move|p2b: Dragonite|Scale Shot|p1a: Ursaluna
|-damage|p1a: Ursaluna|79/100 brn
|-damage|p1a: Ursaluna|63/100 brn
|-damage|p1a: Ursaluna|46/100 brn
|-crit|p1a: Ursaluna
|-damage|p1a: Ursaluna|22/100 brn
|-hitcount|p1a: Ursaluna|4
|-unboost|p2b: Dragonite|def|1
|-boost|p2b: Dragonite|spe|1
|
|-heal|p1a: Ursaluna|28/100 brn|[from] Grassy Terrain
|-damage|p1a: Ursaluna|22/100 brn|[from] brn
|upkeep
|turn|6
|-message|ryanpowneyissoslay forfeited.
|
|win|0-6day2
||ryanpowneyissoslay is ready for game 2.
||0-6day2 is ready for game 2.
|uhtml|next|Next: Game 2 of 3
|l|☆ryanpowneyissoslay
|player|p2|
