|j|☆reisa01
|j|☆isthis6thgood
|html|reisa01isthis6thgood    
|uhtml|bestof|Game 2 of a best-of-3
|t:|1785678049
|gametype|doubles
|player|p1|reisa01|101|1138
|player|p2|isthis6thgood|170|1210
|gen|9
|tier|[Gen 9 Champions] VGC 2026 Reg M-B (Bo3)
|rated|
|rule|Species Clause: Limit one of each Pokémon
|rule|Item Clause: Limit 1 of each item
|clearpoke
|poke|p1|Staraptor, L50, M|
|poke|p1|Raichu, L50, M|
|poke|p1|Sinistcha, L50|
|poke|p1|Charizard, L50, M|
|poke|p1|Milotic, L50, M|
|poke|p1|Grimmsnarl, L50, M|
|poke|p2|Swampert, L50, M|
|poke|p2|Mawile, L50, F|
|poke|p2|Pelipper, L50, M|
|poke|p2|Archaludon, L50, M|
|poke|p2|Sableye, L50, M, shiny|
|poke|p2|Farigiraf, L50, F, shiny|
|teampreview|4
|showteam|p1|Staraptor||Staraptite|Intimidate|Protect,CloseCombat,BraveBird,Roost|Jolly||M|||50|]Raichu||FocusSash|LightningRod|Nuzzle,FakeOut,VoltSwitch,Feint|Adamant||M|||50|]Sinistcha||SitrusBerry|Hospitality|MatchaGotcha,TrickRoom,RagePowder,CalmMind|Calm|||||50|]Charizard||CharizarditeY|Blaze|Protect,HeatWave,SolarBeam,WeatherBall|Timid||M|||50|]Milotic||Leftovers|Competitive|Protect,IcyWind,Scald,Recover|Bold||M|||50|]Grimmsnarl||LightClay|Prankster|SpiritBreak,Reflect,PartingShot,ScaryFace|Impish||M|||50|
|showteam|p2|Swampert||Swampertite|Damp|Protect,IcePunch,WaveCrash,Earthquake|Adamant||M|||50|]Mawile||Mawilite|Intimidate|Protect,RockSlide,SuckerPunch,PlayRough|Adamant||F|||50|]Pelipper||FocusSash|Drizzle|Tailwind,WideGuard,WeatherBall,Hurricane|Modest||M|||50|]Archaludon||Leftovers|Stamina|Protect,ElectroShot,FlashCannon,DragonPulse|Modest||M|||50|]Sableye||RoseliBerry|Prankster|LightScreen,FoulPlay,RainDance,Reflect|Sassy||M|||50|]Farigiraf||SitrusBerry|ArmorTail|Roar,TrickRoom,Psychic,Thunderbolt|Relaxed||F|||50|
|inactive|Battle timer is ON: inactive players will automatically lose when time's up. (requested by reisa01)
|inactive|isthis6thgood has 60 seconds left.
|
|t:|1785678115
|teamsize|p1|4
|teamsize|p2|4
|start
|switch|p1a: Milotic|Milotic, L50, M|100/100
|switch|p1b: Staraptor|Staraptor, L50, M|100/100
|switch|p2a: Swampert|Swampert, L50, M|100/100
|switch|p2b: Pelipper|Pelipper, L50, M|100/100
|-ability|p1b: Staraptor|Intimidate|boost
|-unboost|p2a: Swampert|atk|1
|-unboost|p2b: Pelipper|atk|1
|-weather|RainDance|[from] ability: Drizzle|[of] p2b: Pelipper
|turn|1
|inactive|reisa01 has 30 seconds left.
|inactive|isthis6thgood has 30 seconds left.
|inactive|isthis6thgood has 20 seconds left.
|inactive|isthis6thgood has 15 seconds left.
|inactive|isthis6thgood has 10 seconds left.
|
|t:|1785678162
|detailschange|p2a: Swampert|Swampert-Mega, L50, M
|-mega|p2a: Swampert|Swampert|Swampertite
|move|p1b: Staraptor|Protect|p1b: Staraptor
|-singleturn|p1b: Staraptor|Protect
|move|p2a: Swampert|Earthquake|p1a: Milotic|[spread] p1a
|-activate|p1b: Staraptor|move: Protect
|-immune|p2b: Pelipper
|-damage|p1a: Milotic|69/100
|move|p1a: Milotic|Icy Wind|p2a: Swampert|[spread] p2a,p2b
|-damage|p2a: Swampert|89/100
|-damage|p2b: Pelipper|83/100
|-unboost|p2a: Swampert|spe|1
|-unboost|p2b: Pelipper|spe|1
|move|p2b: Pelipper|Tailwind|p2b: Pelipper
|-sidestart|p2: isthis6thgood|move: Tailwind
|
|-weather|RainDance|[upkeep]
|-heal|p1a: Milotic|76/100|[from] item: Leftovers
|upkeep
|turn|2
|inactive|reisa01 has 30 seconds left.
|
|t:|1785678188
|switch|p1b: Sinistcha|Sinistcha, L50|100/100
|-heal|p1a: Milotic|100/100|[from] ability: Hospitality|[of] p1b: Sinistcha
|move|p2a: Swampert|Wave Crash|p1b: Sinistcha
|-resisted|p1b: Sinistcha|1
|-damage|p1b: Sinistcha|66/100
|-damage|p2a: Swampert|79/100|[from] Recoil
|move|p2b: Pelipper|Hurricane|p1b: Sinistcha
|-supereffective|p1b: Sinistcha|1
|-damage|p1b: Sinistcha|0 fnt
|faint|p1b: Sinistcha
|move|p1a: Milotic|Scald|p2a: Swampert
|-damage|p2a: Swampert|42/100
|
|-weather|RainDance|[upkeep]
|upkeep
|
|t:|1785678211
|switch|p1b: Raichu|Raichu, L50, M|100/100
|turn|3
|
|t:|1785678223
|switch|p2b: Farigiraf|Farigiraf, L50, F, shiny|100/100
|move|p1b: Raichu|Fake Out||[still]
|cant|p2b: Farigiraf|ability: Armor Tail|Fake Out|[of] p1b: Raichu
|move|p2a: Swampert|Earthquake|p1b: Raichu|[spread] p2b,p1a,p1b
|-supereffective|p1b: Raichu|1
|-damage|p2b: Farigiraf|76/100
|-damage|p1a: Milotic|71/100
|-enditem|p1b: Raichu|Focus Sash
|-damage|p1b: Raichu|1/100
|move|p1a: Milotic|Scald|p2b: Farigiraf
|-damage|p2b: Farigiraf|37/100
|-enditem|p2b: Farigiraf|Sitrus Berry|[eat]
|-heal|p2b: Farigiraf|62/100|[from] item: Sitrus Berry
|
|-weather|RainDance|[upkeep]
|-heal|p1a: Milotic|78/100|[from] item: Leftovers
|upkeep
|turn|4
|inactive|reisa01 has 30 seconds left.
|
|t:|1785678256
|switch|p2a: Archaludon|Archaludon, L50, M|100/100
|move|p1b: Raichu|Volt Switch|p2b: Farigiraf
|-crit|p2b: Farigiraf
|-damage|p2b: Farigiraf|36/100
|
|t:|1785678266
|switch|p1b: Staraptor|Staraptor, L50, M|100/100|[from] Volt Switch
|-ability|p1b: Staraptor|Intimidate|boost
|-unboost|p2a: Archaludon|atk|1
|-unboost|p2b: Farigiraf|atk|1
|move|p1a: Milotic|Icy Wind|p2b: Farigiraf|[spread] p2a,p2b
|-damage|p2a: Archaludon|89/100
|-damage|p2b: Farigiraf|27/100
|-unboost|p2a: Archaludon|spe|1
|-unboost|p2b: Farigiraf|spe|1
|-ability|p2a: Archaludon|Stamina|boost
|-boost|p2a: Archaludon|def|1
|move|p2b: Farigiraf|Trick Room|p2b: Farigiraf
|-fieldstart|move: Trick Room|[of] p2b: Farigiraf
|
|-weather|RainDance|[upkeep]
|-heal|p1a: Milotic|84/100|[from] item: Leftovers
|-heal|p2a: Archaludon|95/100|[from] item: Leftovers
|-sideend|p2: isthis6thgood|move: Tailwind
|upkeep
|turn|5
|inactive|isthis6thgood has 30 seconds left.
|
|t:|1785678291
|move|p1a: Milotic|Protect|p1a: Milotic
|-singleturn|p1a: Milotic|Protect
|move|p1b: Staraptor|Protect|p1b: Staraptor
|-singleturn|p1b: Staraptor|Protect
|move|p2b: Farigiraf|Psychic|p1b: Staraptor
|-activate|p1b: Staraptor|move: Protect
|move|p2a: Archaludon|Electro Shot||[still]
|-prepare|p2a: Archaludon|Electro Shot
|-boost|p2a: Archaludon|spa|1
|-anim|p2a: Archaludon|Electro Shot|p1a: Milotic
|-activate|p1a: Milotic|move: Protect
|
|-weather|none
|-heal|p2a: Archaludon|100/100|[from] item: Leftovers
|-heal|p1a: Milotic|90/100|[from] item: Leftovers
|upkeep
|turn|6
|inactive|reisa01 has 30 seconds left.
|
|t:|1785678322
|switch|p1b: Raichu|Raichu, L50, M|1/100
|move|p2b: Farigiraf|Psychic|p1b: Raichu
|-damage|p1b: Raichu|0 fnt
|faint|p1b: Raichu
|move|p2a: Archaludon|Dragon Pulse|p1a: Milotic
|-crit|p1a: Milotic
|-damage|p1a: Milotic|26/100
|move|p1a: Milotic|Scald|p2a: Archaludon
|-resisted|p2a: Archaludon|1
|-damage|p2a: Archaludon|86/100
|-status|p2a: Archaludon|brn
|-ability|p2a: Archaludon|Stamina|boost
|-boost|p2a: Archaludon|def|1
|
|-heal|p2a: Archaludon|92/100 brn|[from] item: Leftovers
|-heal|p1a: Milotic|32/100|[from] item: Leftovers
|-damage|p2a: Archaludon|86/100 brn|[from] brn
|upkeep
|inactive|reisa01 has 30 seconds left.
|
|t:|1785678349
|switch|p1b: Staraptor|Staraptor, L50, M|100/100
|-ability|p1b: Staraptor|Intimidate|boost
|-unboost|p2a: Archaludon|atk|1
|-unboost|p2b: Farigiraf|atk|1
|turn|7
|
|t:|1785678364
|switch|p2b: Pelipper|Pelipper, L50, M|83/100
|-weather|RainDance|[from] ability: Drizzle|[of] p2b: Pelipper
|detailschange|p1b: Staraptor|Staraptor-Mega, L50, M
|-mega|p1b: Staraptor|Staraptor|Staraptite
|move|p1a: Milotic|Protect|p1a: Milotic
|-singleturn|p1a: Milotic|Protect
|move|p2a: Archaludon|Electro Shot||[still]
|-prepare|p2a: Archaludon|Electro Shot
|-boost|p2a: Archaludon|spa|1
|-anim|p2a: Archaludon|Electro Shot|p1b: Staraptor
|-supereffective|p1b: Staraptor|1
|-crit|p1b: Staraptor
|-damage|p1b: Staraptor|0 fnt
|faint|p1b: Staraptor
|
|-weather|RainDance|[upkeep]
|-heal|p2a: Archaludon|92/100 brn|[from] item: Leftovers
|-heal|p1a: Milotic|39/100|[from] item: Leftovers
|-damage|p2a: Archaludon|86/100 brn|[from] brn
|upkeep
|turn|8
|
|t:|1785678383
|move|p1a: Milotic|Protect||[still]
|-fail|p1a: Milotic
|move|p2a: Archaludon|Electro Shot||[still]
|-prepare|p2a: Archaludon|Electro Shot
|-boost|p2a: Archaludon|spa|1
|-anim|p2a: Archaludon|Electro Shot|p1a: Milotic
|-supereffective|p1a: Milotic|1
|-damage|p1a: Milotic|0 fnt
|faint|p1a: Milotic
|
|win|isthis6thgood
||reisa01 is ready for game 3.
||isthis6thgood is ready for game 3.
|uhtml|next|Next: Game 3 of 3
