|j|☆lordtentacle69
|j|☆Paywall vgc
|html|lordtentacle69Paywall vgc    
|uhtml|bestof|Game 1 of a best-of-3
|t:|1786050697
|gametype|doubles
|player|p1|lordtentacle69|corbeau|1449
|player|p2|Paywall vgc|lucas|1518
|gen|9
|tier|[Gen 9 Champions] VGC 2026 Reg M-B (Bo3)
|rated|
|rule|Species Clause: Limit one of each Pokémon
|rule|Item Clause: Limit 1 of each item
|clearpoke
|poke|p1|Staraptor, L50, M|
|poke|p1|Garchomp, L50, M|
|poke|p1|Whimsicott, L50, F|
|poke|p1|Delphox, L50, M|
|poke|p1|Glimmora, L50, M|
|poke|p1|Kingambit, L50, M|
|poke|p2|Grimmsnarl, L50, M|
|poke|p2|Charizard, L50, M, shiny|
|poke|p2|Venusaur, L50, F, shiny|
|poke|p2|Garchomp, L50, F|
|poke|p2|Incineroar, L50, M, shiny|
|poke|p2|Gholdengo, L50|
|teampreview|4
|showteam|p1|Staraptor||Staraptite|Intimidate|CloseCombat,BraveBird,Roost,Protect|Jolly||M|||50|]Garchomp||LifeOrb|RoughSkin|Protect,RockSlide,Earthquake,DragonClaw|Jolly||M|||50|]Whimsicott||OccaBerry|Prankster|Tailwind,Moonblast,Charm,LightScreen|Timid||F|||50|]Delphox||Delphoxite|Blaze|HeatWave,Psychic,Encore,Protect|Timid||M|||50|]Glimmora||FocusSash|ToxicDebris|SpikyShield,SludgeBomb,EarthPower,PowerGem|Timid||M|||50|]Kingambit||ChopleBerry|Defiant|SuckerPunch,LowKick,IronHead,KowtowCleave|Adamant||M|||50|
|showteam|p2|Grimmsnarl||LightClay|Prankster|SpiritBreak,PartingShot,Reflect,LightScreen|Careful||M|||50|]Charizard||CharizarditeY|Blaze|WeatherBall,HeatWave,SolarBeam,Protect|Modest||M|||50|]Venusaur||FocusSash|Chlorophyll|SludgeBomb,LeafStorm,SleepPowder,Protect|Modest||F|||50|]Garchomp||ChoiceScarf|RoughSkin|Earthquake,RockSlide,DragonClaw,StompingTantrum|Adamant||F|||50|]Incineroar||SitrusBerry|Intimidate|FakeOut,PartingShot,FlareBlitz,WillOWisp|Impish||M|||50|]Gholdengo||LifeOrb|GoodasGold|MakeItRain,ShadowBall,NastyPlot,Protect|Timid|||||50|
|inactive|Battle timer is ON: inactive players will automatically lose when time's up. (requested by Paywall vgc)
|inactive|lordtentacle69 has 60 seconds left.
|
|t:|1786050757
|teamsize|p1|4
|teamsize|p2|4
|start
|switch|p1a: Whimsicott|Whimsicott, L50, F|100/100
|switch|p1b: Glimmora|Glimmora, L50, M|100/100
|switch|p2a: Charizard|Charizard, L50, M, shiny|100/100
|switch|p2b: Venusaur|Venusaur, L50, F, shiny|100/100
|turn|1
|
|t:|1786050775
|switch|p2a: Garchomp|Garchomp, L50, F|100/100
|move|p1a: Whimsicott|Tailwind|p1a: Whimsicott
|-sidestart|p1: lordtentacle69|move: Tailwind
|move|p1b: Glimmora|Sludge Bomb|p2b: Venusaur
|-damage|p2b: Venusaur|48/100
|move|p2b: Venusaur|Sleep Powder|p1b: Glimmora
|-status|p1b: Glimmora|slp|[from] move: Sleep Powder
|
|upkeep
|turn|2
|
|t:|1786050795
|move|p1a: Whimsicott|Moonblast|p2a: Garchomp
|-supereffective|p2a: Garchomp|1
|-damage|p2a: Garchomp|48/100
|cant|p1b: Glimmora|slp
|move|p2a: Garchomp|Stomping Tantrum|p1b: Glimmora
|-supereffective|p1b: Glimmora|2
|-enditem|p1b: Glimmora|Focus Sash
|-damage|p1b: Glimmora|1/100 slp
|-activate|p1b: Glimmora|ability: Toxic Debris
|-sidestart|p2: Paywall vgc|move: Toxic Spikes
|move|p2b: Venusaur|Sludge Bomb|p1a: Whimsicott
|-supereffective|p1a: Whimsicott|2
|-damage|p1a: Whimsicott|0 fnt
|faint|p1a: Whimsicott
|
|upkeep
|
|t:|1786050807
|switch|p1a: Delphox|Delphox, L50, M|100/100
|turn|3
|
|t:|1786050816
|switch|p2a: Incineroar|Incineroar, L50, M, shiny|100/100
|-status|p2a: Incineroar|psn
|-ability|p2a: Incineroar|Intimidate|boost
|-unboost|p1a: Delphox|atk|1
|-unboost|p1b: Glimmora|atk|1
|detailschange|p1a: Delphox|Delphox-Mega, L50, M
|-mega|p1a: Delphox|Delphox|Delphoxite
|move|p2b: Venusaur|Protect|p2b: Venusaur
|-singleturn|p2b: Venusaur|Protect
|move|p1a: Delphox|Psychic|p2a: Incineroar
|-immune|p2a: Incineroar
|cant|p1b: Glimmora|slp
|
|-damage|p2a: Incineroar|87/100 psn|[from] psn
|upkeep
|turn|4
|
|t:|1786050836
|switch|p2b: Charizard|Charizard, L50, M, shiny|100/100
|move|p2a: Incineroar|Fake Out|p1b: Glimmora
|-resisted|p1b: Glimmora|1
|-damage|p1b: Glimmora|0 fnt
|-activate|p1b: Glimmora|ability: Toxic Debris
|-sidestart|p2: Paywall vgc|move: Toxic Spikes
|faint|p1b: Glimmora
|move|p1a: Delphox|Psychic|p2b: Charizard
|-damage|p2b: Charizard|30/100
|
|-damage|p2a: Incineroar|75/100 psn|[from] psn
|-sideend|p1: lordtentacle69|move: Tailwind
|upkeep
|
|t:|1786050847
|switch|p1b: Kingambit|Kingambit, L50, M|100/100
|turn|5
|
|t:|1786050863
|switch|p2a: Venusaur|Venusaur, L50, F, shiny|48/100
|-sideend|p2: Paywall vgc|move: Toxic Spikes|[of] p2a: Venusaur
|detailschange|p2b: Charizard|Charizard-Mega-Y, L50, M, shiny
|-mega|p2b: Charizard|Charizard|Charizardite Y
|-weather|SunnyDay|[from] ability: Drought|[of] p2b: Charizard
|move|p1b: Kingambit|Sucker Punch|p2b: Charizard
|-damage|p2b: Charizard|0 fnt
|faint|p2b: Charizard
|move|p1a: Delphox|Encore||[still]
|-fail|p1a: Delphox
|
|-weather|SunnyDay|[upkeep]
|upkeep
|
|t:|1786050868
|switch|p2b: Incineroar|Incineroar, L50, M, shiny|75/100 psn
|-ability|p2b: Incineroar|Intimidate|boost
|-unboost|p1a: Delphox|atk|1
|-unboost|p1b: Kingambit|atk|1
|-ability|p1b: Kingambit|Defiant|boost
|-boost|p1b: Kingambit|atk|2
|turn|6
|inactive|lordtentacle69 has 30 seconds left.
|
|t:|1786050901
|move|p1a: Delphox|Protect|p1a: Delphox
|-singleturn|p1a: Delphox|Protect
|move|p2a: Venusaur|Sleep Powder|p1a: Delphox
|-activate|p1a: Delphox|move: Protect
|move|p2b: Incineroar|Flare Blitz|p1b: Kingambit
|-supereffective|p1b: Kingambit|1
|-damage|p1b: Kingambit|0 fnt
|faint|p1b: Kingambit
|-damage|p2b: Incineroar|41/100 psn|[from] Recoil
|-enditem|p2b: Incineroar|Sitrus Berry|[eat]
|-heal|p2b: Incineroar|66/100 psn|[from] item: Sitrus Berry
|
|-weather|SunnyDay|[upkeep]
|-damage|p2b: Incineroar|53/100 psn|[from] psn
|upkeep
|turn|7
|
|t:|1786050912
|move|p2a: Venusaur|Sludge Bomb|p1a: Delphox
|-damage|p1a: Delphox|60/100
|move|p1a: Delphox|Heat Wave|p2b: Incineroar|[spread] p2a,p2b
|-supereffective|p2a: Venusaur|1
|-resisted|p2b: Incineroar|1
|-damage|p2a: Venusaur|0 fnt
|-damage|p2b: Incineroar|27/100 psn
|faint|p2a: Venusaur
|move|p2b: Incineroar|Parting Shot|p1a: Delphox
|-unboost|p1a: Delphox|atk|1
|-unboost|p1a: Delphox|spa|1
|
|t:|1786050914
|switch|p2b: Garchomp|Garchomp, L50, F|48/100|[from] Parting Shot
|
|-weather|SunnyDay|[upkeep]
|upkeep
|
|t:|1786050915
|switch|p2a: Incineroar|Incineroar, L50, M, shiny|27/100 psn
|-ability|p2a: Incineroar|Intimidate|boost
|-unboost|p1a: Delphox|atk|1
|turn|8
|
|t:|1786050925
|move|p1a: Delphox|Protect|p1a: Delphox
|-singleturn|p1a: Delphox|Protect
|move|p2a: Incineroar|Fake Out|p1a: Delphox
|-activate|p1a: Delphox|move: Protect
|move|p2b: Garchomp|Dragon Claw|p1a: Delphox
|-activate|p1a: Delphox|move: Protect
|
|-weather|SunnyDay|[upkeep]
|-damage|p2a: Incineroar|14/100 psn|[from] psn
|upkeep
|turn|9
|
|t:|1786050944
|move|p2b: Garchomp|Dragon Claw|p1a: Delphox
|-damage|p1a: Delphox|0 fnt
|faint|p1a: Delphox
|
|win|Paywall vgc
|l|☆Paywall vgc
|player|p2|
||lordtentacle69 is ready for game 2.
||Paywall vgc is ready for game 2.
|uhtml|next|Next: Game 2 of 3
