|j|☆Shishio Moroso
|j|☆sergiioveg
|html|Shishio Morososergiioveg    
|uhtml|bestof|Game 2 of a best-of-3
|t:|1782396287
|gametype|doubles
|player|p1|Shishio Moroso|gambler|1116
|player|p2|sergiioveg|169|1171
|gen|9
|tier|[Gen 9 Champions] VGC 2026 Reg M-B (Bo3)
|rated|
|rule|Species Clause: Limit one of each Pokémon
|rule|Item Clause: Limit 1 of each item
|clearpoke
|poke|p1|Floette-Eternal, L50, F|
|poke|p1|Incineroar, L50, M|
|poke|p1|Sinistcha, L50|
|poke|p1|Ditto, L50|
|poke|p1|Delphox, L50, F|
|poke|p1|Swampert, L50, F|
|poke|p2|Staraptor, L50, M|
|poke|p2|Grimmsnarl, L50, M|
|poke|p2|Sinistcha, L50|
|poke|p2|Sylveon, L50, F|
|poke|p2|Garchomp, L50, M|
|poke|p2|Gholdengo, L50|
|teampreview|4
|showteam|p1|Floette-Eternal||Floettite|FlowerVeil|Protect,DazzlingGleam,CalmMind,DrainingKiss|Modest||F|||50|]Incineroar||Charcoal|Intimidate|FakeOut,FlareBlitz,PartingShot,ThroatChop|Adamant||M|||50|]Sinistcha||KasibBerry|Hospitality|StrengthSap,MatchaGotcha,RagePowder,TrickRoom|Bold|||||50|]Ditto||FocusSash|Imposter|Transform|Timid|||||50|]Delphox||Delphoxite|Blaze|Protect,NastyPlot,HeatWave,Psychic|Timid||F|||50|]Swampert||SitrusBerry|Torrent|Protect,Liquidation,HighHorsepower,WideGuard|Adamant||F|||50|
|showteam|p2|Staraptor||Staraptite|Intimidate|CloseCombat,BraveBird,Protect,Roost|Jolly||M|||50|]Grimmsnarl||LightClay|Prankster|Reflect,LightScreen,FoulPlay,PartingShot|Careful||M|||50|]Sinistcha||KasibBerry|Hospitality|Protect,MatchaGotcha,RagePowder,StrengthSap|Bold|||||50|]Sylveon||FairyFeather|Pixilate|Detect,HyperBeam,HyperVoice,BabyDollEyes|Modest||F|||50|]Garchomp||ChoiceScarf|RoughSkin|Earthquake,StompingTantrum,DragonClaw,RockTomb|Adamant||M|||50|]Gholdengo||LifeOrb|GoodasGold|Protect,MakeItRain,NastyPlot,ShadowBall|Timid|||||50|
|inactive|Battle timer is ON: inactive players will automatically lose when time's up. (requested by Shishio Moroso)
|
|t:|1782396311
|teamsize|p1|4
|teamsize|p2|4
|start
|switch|p1a: Incineroar|Incineroar, L50, M|100/100
|switch|p1b: Floette|Floette-Eternal, L50, F|100/100
|switch|p2a: Gholdengo|Gholdengo, L50|100/100
|switch|p2b: Sylveon|Sylveon, L50, F|100/100
|-ability|p1a: Incineroar|Intimidate|boost
|-unboost|p2a: Gholdengo|atk|1
|-unboost|p2b: Sylveon|atk|1
|turn|1
|
|t:|1782396330
|detailschange|p1b: Floette|Floette-Mega, L50, F
|-mega|p1b: Floette|Floette|Floettite
|-ability|p1b: Floette|Fairy Aura
|move|p2a: Gholdengo|Make It Rain|p1b: Floette|[spread] p1a,p1b
|-resisted|p1a: Incineroar|1
|-supereffective|p1b: Floette|1
|-damage|p1a: Incineroar|68/100
|-damage|p1b: Floette|11/100
|-unboost|p2a: Gholdengo|spa|2
|-damage|p2a: Gholdengo|90/100|[from] item: Life Orb
|move|p1b: Floette|Calm Mind|p1b: Floette
|-boost|p1b: Floette|spa|1
|-boost|p1b: Floette|spd|1
|move|p1a: Incineroar|Flare Blitz|p2a: Gholdengo
|-supereffective|p2a: Gholdengo|1
|-damage|p2a: Gholdengo|0 fnt
|faint|p2a: Gholdengo
|-damage|p1a: Incineroar|41/100|[from] Recoil
|move|p2b: Sylveon|Hyper Voice|p1a: Incineroar|[spread] p1a,p1b
|-damage|p1a: Incineroar|0 fnt
|-damage|p1b: Floette|0 fnt
|faint|p1a: Incineroar
|faint|p1b: Floette
|
|upkeep
|
|t:|1782396353
|switch|p2a: Grimmsnarl|Grimmsnarl, L50, M|100/100
|switch|p1b: Sinistcha|Sinistcha, L50|100/100
|switch|p1a: Ditto|Ditto, L50|100/100
|-transform|p1a: Ditto|p2b: Sylveon|[from] ability: Imposter
|turn|2
|
|t:|1782396376
|move|p2b: Sylveon|Detect|p2b: Sylveon
|-singleturn|p2b: Sylveon|Protect
|move|p2a: Grimmsnarl|Parting Shot|p1a: Ditto
|-unboost|p1a: Ditto|atk|1
|-unboost|p1a: Ditto|spa|1
|
|t:|1782396382
|switch|p2a: Sinistcha|Sinistcha, L50|100/100|[from] Parting Shot
|move|p1b: Sinistcha|Matcha Gotcha|p2b: Sylveon|[spread] p2a
|-activate|p2b: Sylveon|move: Protect
|-resisted|p2a: Sinistcha|1
|-damage|p2a: Sinistcha|88/100
|move|p1a: Ditto|Hyper Voice|p2a: Sinistcha|[spread] p2a
|-activate|p2b: Sylveon|move: Protect
|-damage|p2a: Sinistcha|64/100
|
|upkeep
|turn|3
|
|t:|1782396402
|move|p1b: Sinistcha|Matcha Gotcha|p2a: Sinistcha|[spread] p2b
|-miss|p1b: Sinistcha|p2a: Sinistcha
|-damage|p2b: Sylveon|79/100
|move|p2a: Sinistcha|Strength Sap|p1b: Sinistcha
|-unboost|p1b: Sinistcha|atk|1
|-heal|p2a: Sinistcha|100/100
|move|p2b: Sylveon|Hyper Beam|p1a: Ditto
|-crit|p1a: Ditto
|-enditem|p1a: Ditto|Focus Sash
|-damage|p1a: Ditto|1/100
|-mustrecharge|p2b: Sylveon
|move|p1a: Ditto|Hyper Voice|p2b: Sylveon|[spread] p2a,p2b
|-damage|p2a: Sinistcha|72/100
|-damage|p2b: Sylveon|59/100
|
|upkeep
|turn|4
|inactive|Shishio Moroso has 30 seconds left.
|
|t:|1782396429
|move|p1b: Sinistcha|Matcha Gotcha|p2a: Sinistcha|[spread] p2b
|-miss|p1b: Sinistcha|p2a: Sinistcha
|-damage|p2b: Sylveon|39/100
|move|p2a: Sinistcha|Matcha Gotcha|p1b: Sinistcha|[spread] p1a,p1b
|-resisted|p1b: Sinistcha|1
|-damage|p1a: Ditto|0 fnt
|-heal|p2a: Sinistcha|72/100|[from] drain|[of] p1a: Ditto
|-damage|p1b: Sinistcha|85/100
|-heal|p2a: Sinistcha|80/100|[from] drain|[of] p1b: Sinistcha
|faint|p1a: Ditto
|cant|p2b: Sylveon|recharge
|
|upkeep
|turn|5
|
|t:|1782396446
|switch|p2a: Grimmsnarl|Grimmsnarl, L50, M|100/100
|move|p2b: Sylveon|Detect|p2b: Sylveon
|-singleturn|p2b: Sylveon|Protect
|move|p1b: Sinistcha|Matcha Gotcha|p2a: Grimmsnarl|[spread] p2a
|-activate|p2b: Sylveon|move: Protect
|-damage|p2a: Grimmsnarl|78/100
|-heal|p1b: Sinistcha|98/100|[from] drain|[of] p2a: Grimmsnarl
|
|upkeep
|turn|6
|
|t:|1782396467
|move|p2a: Grimmsnarl|Parting Shot|p1b: Sinistcha
|-unboost|p1b: Sinistcha|atk|1
|-unboost|p1b: Sinistcha|spa|1
|
|t:|1782396472
|switch|p2a: Sinistcha|Sinistcha, L50|80/100|[from] Parting Shot
|-heal|p2b: Sylveon|64/100|[from] ability: Hospitality|[of] p2a: Sinistcha
|move|p1b: Sinistcha|Matcha Gotcha|p2b: Sylveon|[spread] p2a
|-miss|p1b: Sinistcha|p2b: Sylveon
|-resisted|p2a: Sinistcha|1
|-damage|p2a: Sinistcha|71/100
|-heal|p1b: Sinistcha|100/100|[from] drain|[of] p2a: Sinistcha
|move|p2b: Sylveon|Hyper Beam|p1b: Sinistcha
|-damage|p1b: Sinistcha|0 fnt
|-mustrecharge|p2b: Sylveon
|faint|p1b: Sinistcha
|
|win|sergiioveg
