|j|☆lucasmalt
|j|☆jjayy09
|html|lucasmaltjjayy09    
|uhtml|bestof|Game 2 of a best-of-3
|t:|1785375396
|gametype|doubles
|player|p1|lucasmalt|170|1343
|player|p2|jjayy09|265|1231
|gen|9
|tier|[Gen 9 Champions] VGC 2026 Reg M-B (Bo3)
|rated|
|rule|Species Clause: Limit one of each Pokémon
|rule|Item Clause: Limit 1 of each item
|clearpoke
|poke|p1|Tyranitar, L50, F, shiny|
|poke|p1|Excadrill, L50, M, shiny|
|poke|p1|Gholdengo, L50|
|poke|p1|Sinistcha, L50, shiny|
|poke|p1|Milotic, L50, M, shiny|
|poke|p1|Staraptor, L50, F, shiny|
|poke|p2|Floette-Eternal, L50, F|
|poke|p2|Garchomp, L50, M|
|poke|p2|Sneasler, L50, M|
|poke|p2|Sinistcha, L50|
|poke|p2|Espathra, L50, M|
|poke|p2|Grimmsnarl, L50, M|
|teampreview|4
|showteam|p1|Tyranitar||Tyranitarite|SandStream|RockSlide,KnockOff,LowKick,Protect|Adamant||F|||50|]Excadrill||FocusSash|SandRush|IronHead,HighHorsepower,RockSlide,Protect|Adamant||M|||50|]Gholdengo||LifeOrb|GoodasGold|ShadowBall,MakeItRain,NastyPlot,Protect|Modest|||||50|]Sinistcha||ColburBerry|Hospitality|MatchaGotcha,RagePowder,TrickRoom,Protect|Bold|||||50|]Milotic||SitrusBerry|Competitive|Scald,IceBeam,Recover,Protect|Modest||M|||50|]Staraptor||Staraptite|Intimidate|BraveBird,CloseCombat,Tailwind,Protect|Jolly||F|||50|
|showteam|p2|Floette-Eternal||Floettite|FlowerVeil|DazzlingGleam,Moonblast,DrainingKiss,Protect|Modest||F|||50|]Garchomp||Garchompite|SandVeil|EarthPower,PowerGem,DracoMeteor,Protect|Modest||M|||50|]Sneasler||FocusSash|PoisonTouch|DireClaw,CloseCombat,FakeOut,QuickGuard|Jolly||M|||50|]Sinistcha||KasibBerry|Hospitality|MatchaGotcha,RagePowder,LifeDew,Protect|Bold|||||50|]Espathra||SitrusBerry|SpeedBoost|LuminaCrash,BatonPass,CalmMind,Protect|Timid||M|||50|]Grimmsnarl||LightClay|Prankster|SpiritBreak,LightScreen,Reflect,PartingShot|Careful||M|||50|
|inactive|Battle timer is ON: inactive players will automatically lose when time's up. (requested by jjayy09)
|
|t:|1785375428
|teamsize|p1|4
|teamsize|p2|4
|start
|switch|p1a: Milotic|Milotic, L50, M, shiny|100/100
|switch|p1b: Excadrill|Excadrill, L50, M, shiny|100/100
|switch|p2a: Garchomp|Garchomp, L50, M|100/100
|switch|p2b: Sinistcha|Sinistcha, L50|100/100
|turn|1
|
|t:|1785375437
|switch|p1b: Staraptor|Staraptor, L50, F, shiny|100/100
|-ability|p1b: Staraptor|Intimidate|boost
|-unboost|p2a: Garchomp|atk|1
|-unboost|p2b: Sinistcha|atk|1
|move|p2a: Garchomp|Protect|p2a: Garchomp
|-singleturn|p2a: Garchomp|Protect
|move|p1a: Milotic|Ice Beam|p2a: Garchomp
|-activate|p2a: Garchomp|move: Protect
|move|p2b: Sinistcha|Matcha Gotcha|p1b: Staraptor|[spread] p1a
|-miss|p2b: Sinistcha|p1b: Staraptor
|-supereffective|p1a: Milotic|1
|-damage|p1a: Milotic|61/100
|
|upkeep
|turn|2
|
|t:|1785375460
|detailschange|p1b: Staraptor|Staraptor-Mega, L50, F, shiny
|-mega|p1b: Staraptor|Staraptor|Staraptite
|detailschange|p2a: Garchomp|Garchomp-Mega, L50, M
|-mega|p2a: Garchomp|Garchomp|Garchompite
|move|p1b: Staraptor|Protect|p1b: Staraptor
|-singleturn|p1b: Staraptor|Protect
|move|p2b: Sinistcha|Rage Powder|p2b: Sinistcha
|-singleturn|p2b: Sinistcha|move: Rage Powder
|move|p2a: Garchomp|Power Gem|p1b: Staraptor
|-activate|p1b: Staraptor|move: Protect
|move|p1a: Milotic|Ice Beam|p2b: Sinistcha
|-supereffective|p2b: Sinistcha|1
|-damage|p2b: Sinistcha|52/100
|
|upkeep
|turn|3
|
|t:|1785375480
|switch|p1b: Gholdengo|Gholdengo, L50|100/100
|move|p2b: Sinistcha|Rage Powder|p2b: Sinistcha
|-singleturn|p2b: Sinistcha|move: Rage Powder
|move|p2a: Garchomp|Power Gem|p1b: Gholdengo
|-resisted|p1b: Gholdengo|1
|-damage|p1b: Gholdengo|84/100
|move|p1a: Milotic|Ice Beam|p2b: Sinistcha
|-supereffective|p2b: Sinistcha|1
|-crit|p2b: Sinistcha
|-damage|p2b: Sinistcha|0 fnt
|faint|p2b: Sinistcha
|
|upkeep
|
|t:|1785375487
|switch|p2b: Grimmsnarl|Grimmsnarl, L50, M|100/100
|turn|4
|
|t:|1785375504
|move|p1b: Gholdengo|Protect|p1b: Gholdengo
|-singleturn|p1b: Gholdengo|Protect
|move|p2a: Garchomp|Protect|p2a: Garchomp
|-singleturn|p2a: Garchomp|Protect
|move|p2b: Grimmsnarl|Light Screen|p2b: Grimmsnarl
|-sidestart|p2: jjayy09|move: Light Screen
|move|p1a: Milotic|Ice Beam|p2a: Garchomp
|-activate|p2a: Garchomp|move: Protect
|
|upkeep
|turn|5
|
|t:|1785375515
|switch|p1b: Staraptor|Staraptor-Mega, L50, F, shiny|100/100
|switch|p2b: Sneasler|Sneasler, L50, M|100/100
|move|p2a: Garchomp|Earth Power|p1a: Milotic
|-crit|p1a: Milotic
|-damage|p1a: Milotic|6/100
|-enditem|p1a: Milotic|Sitrus Berry|[eat]
|-heal|p1a: Milotic|31/100|[from] item: Sitrus Berry
|move|p1a: Milotic|Ice Beam|p2a: Garchomp
|-supereffective|p2a: Garchomp|2
|-damage|p2a: Garchomp|39/100
|
|upkeep
|turn|6
|
|t:|1785375535
|move|p1b: Staraptor|Protect|p1b: Staraptor
|-singleturn|p1b: Staraptor|Protect
|move|p1a: Milotic|Protect|p1a: Milotic
|-singleturn|p1a: Milotic|Protect
|move|p2b: Sneasler|Fake Out|p1b: Staraptor
|-activate|p1b: Staraptor|move: Protect
|move|p2a: Garchomp|Earth Power|p1a: Milotic
|-activate|p1a: Milotic|move: Protect
|
|upkeep
|turn|7
|
|t:|1785375552
|move|p2b: Sneasler|Dire Claw|p1b: Staraptor
|-damage|p1b: Staraptor|59/100
|move|p1b: Staraptor|Close Combat|p2a: Garchomp
|-damage|p2a: Garchomp|0 fnt
|-boost|p1b: Staraptor|def|1
|-boost|p1b: Staraptor|spd|1
|faint|p2a: Garchomp
|move|p1a: Milotic|Recover|p1a: Milotic
|-heal|p1a: Milotic|81/100
|
|upkeep
|-message|jjayy09 forfeited.
|
|win|lucasmalt
|raw|lucasmalt's rating: 1343 → 1357(+14 for winning)
|raw|jjayy09's rating: 1231 → 1214(-17 for losing)
|l|☆jjayy09
|player|p2|
