|j|☆NorthyLiam
|j|☆Fedemitra9
|html|NorthyLiamFedemitra9    
|uhtml|bestof|Game 3 of a best-of-3
|t:|1786183980
|gametype|doubles
|player|p1|NorthyLiam|169|1486
|player|p2|Fedemitra9|lucas|1343
|gen|9
|tier|[Gen 9 Champions] VGC 2026 Reg M-B (Bo3)
|rated|
|rule|Species Clause: Limit one of each Pokémon
|rule|Item Clause: Limit 1 of each item
|clearpoke
|poke|p1|Charizard, L50, M|
|poke|p1|Garchomp, L50, F|
|poke|p1|Venusaur, L50, M|
|poke|p1|Incineroar, L50, M|
|poke|p1|Sylveon, L50, F|
|poke|p1|Annihilape, L50, M|
|poke|p2|Froslass, L50, F|
|poke|p2|Basculegion, L50, M|
|poke|p2|Kingambit, L50, F|
|poke|p2|Sneasler, L50, F|
|poke|p2|Lycanroc-Dusk, L50, F|
|poke|p2|Scovillain, L50, M, shiny|
|teampreview|4
|showteam|p1|Charizard||CharizarditeY|Blaze|WeatherBall,HeatWave,AncientPower,Protect|Modest||M|||50|]Garchomp||ChoiceScarf|RoughSkin|Earthquake,StompingTantrum,RockSlide,DragonClaw|Jolly||F|||50|]Venusaur||LifeOrb|Chlorophyll|LeafStorm,SludgeBomb,EarthPower,Protect|Modest||M|||50|]Incineroar||SitrusBerry|Intimidate|DarkestLariat,FlareBlitz,PartingShot,FakeOut|Careful||M|||50|]Sylveon||FairyFeather|Pixilate|HyperVoice,Yawn,QuickAttack,Detect|Modest||F|||50|]Annihilape||FocusSash|Defiant|CloseCombat,PhantomForce,RockTomb,Protect|Jolly||M|||50|
|showteam|p2|Froslass||Froslassite|CursedBody|Blizzard,ShadowBall,AuroraVeil,Protect|Timid||F|||50|]Basculegion||SitrusBerry|Adaptability|WaveCrash,LastRespects,AquaJet,Protect|Adamant||M|||50|]Kingambit||LifeOrb|Defiant|KowtowCleave,SuckerPunch,SwordsDance,Protect|Adamant||F|||50|]Sneasler||WhiteHerb|Unburden|CloseCombat,DireClaw,Protect,FakeOut|Adamant||F|||50|]Lycanroc-Dusk||FocusSash|ToughClaws|CloseCombat,Accelerock,RockSlide,Protect|Adamant||F|||50|]Scovillain||Scovillainite|Moody|GigaDrain,Overheat,RagePowder,Protect|Bold||M|||50|
|inactive|Battle timer is ON: inactive players will automatically lose when time's up. (requested by Fedemitra9)
|inactive|Fedemitra9 has 60 seconds left.
|inactive|Fedemitra9 has 30 seconds left.
|inactive|Fedemitra9 has 20 seconds left.
|inactive|Fedemitra9 has 15 seconds left.
|
|t:|1786184063
|teamsize|p1|4
|teamsize|p2|4
|start
|switch|p1a: Garchomp|Garchomp, L50, F|100/100
|switch|p1b: Charizard|Charizard, L50, M|100/100
|switch|p2a: Froslass|Froslass, L50, F|100/100
|switch|p2b: Lycanroc|Lycanroc-Dusk, L50, F|100/100
|turn|1
|
|t:|1786184080
|detailschange|p2a: Froslass|Froslass-Mega, L50, F
|-mega|p2a: Froslass|Froslass|Froslassite
|-weather|Snowscape|[from] ability: Snow Warning|[of] p2a: Froslass
|move|p1b: Charizard|Protect|p1b: Charizard
|-singleturn|p1b: Charizard|Protect
|move|p2b: Lycanroc|Accelerock|p1b: Charizard
|-activate|p1b: Charizard|move: Protect
|move|p1a: Garchomp|Earthquake|p2a: Froslass|[spread] p2a,p2b
|-activate|p1b: Charizard|move: Protect
|-supereffective|p2b: Lycanroc|1
|-damage|p2a: Froslass|59/100
|-enditem|p2b: Lycanroc|Focus Sash
|-damage|p2b: Lycanroc|1/100
|move|p2a: Froslass|Blizzard|p1a: Garchomp|[spread] p1a
|-activate|p1b: Charizard|move: Protect
|-supereffective|p1a: Garchomp|2
|-crit|p1a: Garchomp
|-damage|p1a: Garchomp|0 fnt
|faint|p1a: Garchomp
|
|-weather|Snowscape|[upkeep]
|upkeep
|
|t:|1786184086
|switch|p1a: Incineroar|Incineroar, L50, M|100/100
|-ability|p1a: Incineroar|Intimidate|boost
|-unboost|p2a: Froslass|atk|1
|-unboost|p2b: Lycanroc|atk|1
|turn|2
|inactive|Fedemitra9 has 30 seconds left.
|inactive|Fedemitra9 has 20 seconds left.
|inactive|Fedemitra9 has 15 seconds left.
|inactive|Fedemitra9 has 10 seconds left.
|
|t:|1786184134
|switch|p1b: Sylveon|Sylveon, L50, F|100/100
|move|p2b: Lycanroc|Protect|p2b: Lycanroc
|-singleturn|p2b: Lycanroc|Protect
|move|p1a: Incineroar|Fake Out|p2b: Lycanroc
|-activate|p2b: Lycanroc|move: Protect
|move|p2a: Froslass|Shadow Ball|p1b: Sylveon
|-damage|p1b: Sylveon|73/100
|
|-weather|Snowscape|[upkeep]
|upkeep
|turn|3
|inactive|Fedemitra9 has 30 seconds left.
|
|t:|1786184161
|switch|p2b: Kingambit|Kingambit, L50, F|100/100
|move|p1b: Sylveon|Quick Attack|p2b: Kingambit
|-damage|p2b: Kingambit|90/100
|move|p2a: Froslass|Aurora Veil|p2a: Froslass
|-sidestart|p2: Fedemitra9|move: Aurora Veil
|move|p1a: Incineroar|Darkest Lariat|p2a: Froslass
|-supereffective|p2a: Froslass|1
|-damage|p2a: Froslass|11/100
|
|-weather|Snowscape|[upkeep]
|upkeep
|turn|4
|
|t:|1786184185
|move|p2a: Froslass|Blizzard|p1b: Sylveon|[spread] p1a,p1b
|-resisted|p1a: Incineroar|1
|-damage|p1a: Incineroar|86/100
|-damage|p1b: Sylveon|42/100
|move|p1b: Sylveon|Hyper Voice|p2b: Kingambit|[spread] p2a,p2b
|-damage|p2a: Froslass|0 fnt
|-damage|p2b: Kingambit|60/100
|faint|p2a: Froslass
|move|p1a: Incineroar|Flare Blitz|p2b: Kingambit
|-supereffective|p2b: Kingambit|1
|-damage|p2b: Kingambit|16/100
|-status|p2b: Kingambit|brn
|-damage|p1a: Incineroar|71/100|[from] Recoil
|move|p2b: Kingambit|Swords Dance|p2b: Kingambit
|-boost|p2b: Kingambit|atk|2
|
|-weather|Snowscape|[upkeep]
|-damage|p2b: Kingambit|10/100 brn|[from] brn
|upkeep
|inactive|Fedemitra9 has 30 seconds left.
|
|t:|1786184214
|switch|p2a: Sneasler|Sneasler, L50, F|100/100
|turn|5
|
|t:|1786184234
|switch|p1a: Charizard|Charizard, L50, M|100/100
|move|p2b: Kingambit|Sucker Punch|p1b: Sylveon
|-resisted|p1b: Sylveon|1
|-crit|p1b: Sylveon
|-damage|p1b: Sylveon|1/100
|-damage|p2b: Kingambit|1/100 brn|[from] item: Life Orb
|move|p2a: Sneasler|Close Combat|p1a: Charizard
|-resisted|p1a: Charizard|1
|-damage|p1a: Charizard|75/100
|-unboost|p2a: Sneasler|def|1
|-unboost|p2a: Sneasler|spd|1
|-enditem|p2a: Sneasler|White Herb
|-clearnegativeboost|p2a: Sneasler|[silent]
|move|p1b: Sylveon|Hyper Voice|p2b: Kingambit|[spread] p2a,p2b
|-damage|p2a: Sneasler|67/100
|-damage|p2b: Kingambit|0 fnt
|faint|p2b: Kingambit
|
|-weather|none
|upkeep
|
|t:|1786184253
|switch|p2b: Lycanroc|Lycanroc-Dusk, L50, F|1/100
|turn|6
|inactive|Fedemitra9 has 30 seconds left.
|
|t:|1786184283
|detailschange|p1a: Charizard|Charizard-Mega-Y, L50, M
|-mega|p1a: Charizard|Charizard|Charizardite Y
|-weather|SunnyDay|[from] ability: Drought|[of] p1a: Charizard
|move|p2b: Lycanroc|Accelerock|p1b: Sylveon
|-damage|p1b: Sylveon|0 fnt
|faint|p1b: Sylveon
|move|p2a: Sneasler|Dire Claw|p1a: Charizard
|-damage|p1a: Charizard|39/100
|-status|p1a: Charizard|par
|move|p1a: Charizard|Heat Wave|p2a: Sneasler|[spread] p2a,p2b
|-resisted|p2b: Lycanroc|1
|-damage|p2a: Sneasler|24/100
|-damage|p2b: Lycanroc|0 fnt
|-status|p2a: Sneasler|brn
|faint|p2b: Lycanroc
|
|-weather|SunnyDay|[upkeep]
|-damage|p2a: Sneasler|18/100 brn|[from] brn
|upkeep
|
|t:|1786184296
|switch|p1b: Incineroar|Incineroar, L50, M|71/100
|-ability|p1b: Incineroar|Intimidate|boost
|-unboost|p2a: Sneasler|atk|1
|turn|7
|-message|Fedemitra9 forfeited.
|
|win|NorthyLiam
|raw|NorthyLiam's rating: 1486 → 1498(+12 for winning)
|raw|Fedemitra9's rating: 1343 → 1331(-12 for losing)
|c|☆NorthyLiam|ggs
|l|☆NorthyLiam
|player|p1|
