|j|☆teyvgc
|j|☆WestyLiam
|html|teyvgcWestyLiam    
|uhtml|bestof|Game 1 of a best-of-3
|t:|1757197633
|gametype|doubles
|player|p1|teyvgc|benga|1280
|player|p2|WestyLiam|1|1340
|gen|9
|tier|[Gen 9] VGC 2025 Reg H (Bo3)
|rated|
|rule|Species Clause: Limit one of each Pokémon
|rule|Item Clause: Limit 1 of each item
|clearpoke
|poke|p1|Gholdengo, L50|
|poke|p1|Dragonite, L50, F|
|poke|p1|Sneasler, L50, F|
|poke|p1|Incineroar, L50, F|
|poke|p1|Indeedee, L50, M|
|poke|p1|Ninetales-Alola, L50, F|
|poke|p2|Tyranitar, L50, F|
|poke|p2|Excadrill, L50, M|
|poke|p2|Kommo-o, L50, F|
|poke|p2|Amoonguss, L50, F|
|poke|p2|Incineroar, L50, F|
|poke|p2|Basculegion, L50, M|
|teampreview|4
|showteam|p1|Gholdengo||LifeOrb|GoodasGold|Protect,MakeItRain,ShadowBall,NastyPlot||||||50|,,,,,Water]Dragonite||LoadedDice|Multiscale|ScaleShot,Tailwind,Haze,Protect|||F|||50|,,,,,Fairy]Sneasler||PsychicSeed|Unburden|Protect,DireClaw,CloseCombat,ThroatChop|||F|||50|,,,,,Dark]Incineroar||SafetyGoggles|Intimidate|KnockOff,PartingShot,FlareBlitz,FakeOut|||F|||50|,,,,,Ghost]Indeedee||ChoiceScarf|PsychicSurge|Protect,Trick,TeraBlast,ExpandingForce|||M|||50|,,,,,Psychic]Ninetales-Alola||FocusSash|SnowWarning|Blizzard,IcyWind,Encore,AuroraVeil|||F|||50|,,,,,Ghost
|showteam|p2|Tyranitar||AssaultVest|SandStream|KnockOff,RockSlide,LowKick,TeraBlast|||F|||50|,,,,,Flying]Excadrill||FocusSash|SandRush|Earthquake,HighHorsepower,IronHead,Protect|||M|||50|,,,,,Water]Kommo-o||ThroatSpray|Overcoat|ClangingScales,AuraSphere,ClangorousSoul,Protect|||F|||50|,,,,,Steel]Amoonguss||SitrusBerry|Regenerator|PollenPuff,Spore,RagePowder,Protect|||F|||50|,,,,,Water]Incineroar||SafetyGoggles|Intimidate|FlareBlitz,KnockOff,PartingShot,FakeOut|||F|||50|,,,,,Ghost]Basculegion||ChoiceScarf|Adaptability|WaveCrash,FlipTurn,AquaJet,LastRespects|||M|||50|,,,,,Grass
|
|t:|1757197688
|teamsize|p1|4
|teamsize|p2|4
|start
|switch|p1a: Sneasler|Sneasler, L50, F|100/100
|switch|p1b: Indeedee|Indeedee, L50, M|100/100
|switch|p2a: Excadrill|Excadrill, L50, M|100/100
|switch|p2b: Basculegion|Basculegion, L50, M|100/100
|-fieldstart|move: Psychic Terrain|[from] ability: Psychic Surge|[of] p1b: Indeedee
|-enditem|p1a: Sneasler|Psychic Seed
|-boost|p1a: Sneasler|spd|1|[from] item: Psychic Seed
|turn|1
|
|t:|1757197721
|switch|p2b: Tyranitar|Tyranitar, L50, F|100/100
|-weather|Sandstorm|[from] ability: Sand Stream|[of] p2b: Tyranitar
|move|p2a: Excadrill|Protect|p2a: Excadrill
|-singleturn|p2a: Excadrill|Protect
|move|p1a: Sneasler|Close Combat|p2b: Tyranitar
|-supereffective|p2b: Tyranitar
|-damage|p2b: Tyranitar|0 fnt
|-unboost|p1a: Sneasler|def|1
|-unboost|p1a: Sneasler|spd|1
|faint|p2b: Tyranitar
|move|p1b: Indeedee|Expanding Force|p2a: Excadrill
|-activate|p2a: Excadrill|move: Protect
|
|-weather|Sandstorm|[upkeep]
|-damage|p1a: Sneasler|95/100|[from] Sandstorm
|-damage|p1b: Indeedee|95/100|[from] Sandstorm
|upkeep
|
|t:|1757197751
|switch|p2b: Basculegion|Basculegion, L50, M|100/100
|turn|2
|
|t:|1757197774
|switch|p1a: Ninetales|Ninetales-Alola, L50, F|100/100
|-weather|Snowscape|[from] ability: Snow Warning|[of] p1a: Ninetales
|switch|p2a: Incineroar|Incineroar, L50, F|100/100
|-ability|p2a: Incineroar|Intimidate|boost
|-unboost|p1a: Ninetales|atk|1
|-unboost|p1b: Indeedee|atk|1
|move|p1b: Indeedee|Expanding Force|p2b: Basculegion|[spread] p2b
|-immune|p2a: Incineroar
|-damage|p2b: Basculegion|31/100
|move|p2b: Basculegion|Flip Turn|p1a: Ninetales
|-damage|p1a: Ninetales|62/100
|
|t:|1757197777
|switch|p2b: Excadrill|Excadrill, L50, M|100/100|[from] Flip Turn
|
|-weather|Snowscape|[upkeep]
|upkeep
|turn|3
|
|t:|1757197800
|switch|p1b: Sneasler|Sneasler, L50, F|95/100
|move|p1a: Ninetales|Aurora Veil|p1a: Ninetales
|-sidestart|p1: teyvgc|move: Aurora Veil
|move|p2b: Excadrill|Iron Head|p1a: Ninetales
|-supereffective|p1a: Ninetales
|-damage|p1a: Ninetales|0 fnt
|faint|p1a: Ninetales
|move|p2a: Incineroar|Knock Off|p1b: Sneasler
|-resisted|p1b: Sneasler
|-damage|p1b: Sneasler|79/100
|
|-weather|Snowscape|[upkeep]
|upkeep
|
|t:|1757197812
|switch|p1a: Indeedee|Indeedee, L50, M|95/100
|turn|4
|
|t:|1757197827
|-terastallize|p2a: Incineroar|Ghost
|move|p2b: Excadrill|Protect|p2b: Excadrill
|-singleturn|p2b: Excadrill|Protect
|move|p1a: Indeedee|Expanding Force|p2a: Incineroar|[spread] p2a
|-activate|p2b: Excadrill|move: Protect
|-damage|p2a: Incineroar|50/100
|move|p1b: Sneasler|Close Combat|p2a: Incineroar
|-immune|p2a: Incineroar
|move|p2a: Incineroar|Knock Off|p1a: Indeedee
|-supereffective|p1a: Indeedee
|-damage|p1a: Indeedee|0 fnt
|-enditem|p1a: Indeedee|Choice Scarf|[from] move: Knock Off|[of] p2a: Incineroar
|faint|p1a: Indeedee
|
|-weather|Snowscape|[upkeep]
|upkeep
|
|t:|1757197831
|switch|p1a: Gholdengo|Gholdengo, L50|100/100
|turn|5
|
|t:|1757197851
|-terastallize|p1b: Sneasler|Dark
|move|p1b: Sneasler|Throat Chop|p2a: Incineroar
|-supereffective|p2a: Incineroar
|-damage|p2a: Incineroar|0 fnt
|faint|p2a: Incineroar
|move|p1a: Gholdengo|Nasty Plot|p1a: Gholdengo
|-boost|p1a: Gholdengo|spa|2
|move|p2b: Excadrill|Earthquake|p1a: Gholdengo|[spread] p1a,p1b
|-supereffective|p1a: Gholdengo
|-damage|p1a: Gholdengo|44/100
|-damage|p1b: Sneasler|30/100
|
|-weather|Snowscape|[upkeep]
|-fieldend|move: Psychic Terrain
|upkeep
|
|t:|1757197861
|switch|p2a: Basculegion|Basculegion, L50, M|31/100
|turn|6
|
|t:|1757197877
|move|p1b: Sneasler|Protect|p1b: Sneasler
|-singleturn|p1b: Sneasler|Protect
|move|p1a: Gholdengo|Protect|p1a: Gholdengo
|-singleturn|p1a: Gholdengo|Protect
|move|p2a: Basculegion|Last Respects|p1a: Gholdengo
|-activate|p1a: Gholdengo|move: Protect
|move|p2b: Excadrill|High Horsepower|p1b: Sneasler
|-activate|p1b: Sneasler|move: Protect
|
|-weather|none
|upkeep
|turn|7
|
|t:|1757197897
|move|p1a: Gholdengo|Protect|p1a: Gholdengo
|-singleturn|p1a: Gholdengo|Protect
|move|p2a: Basculegion|Last Respects|p1a: Gholdengo
|-activate|p1a: Gholdengo|move: Protect
|move|p1b: Sneasler|Throat Chop|p2b: Excadrill
|-damage|p2b: Excadrill|34/100
|-start|p2b: Excadrill|Throat Chop|[silent]
|move|p2b: Excadrill|High Horsepower|p1b: Sneasler
|-damage|p1b: Sneasler|0 fnt
|faint|p1b: Sneasler
|
|-sideend|p1: teyvgc|move: Aurora Veil
|upkeep
|turn|8
|-message|teyvgc forfeited.
|
|win|WestyLiam
