|j|☆testy accounty 2
|j|☆alexander1111
|html|testy accounty 2alexander1111    
|uhtml|bestof|Game 2 of a best-of-3
|t:|1784270481
|gametype|doubles
|player|p1|testy accounty 2|1|1309
|player|p2|alexander1111|preschooler|1335
|gen|9
|tier|[Gen 9 Champions] VGC 2026 Reg M-B (Bo3)
|rated|
|rule|Species Clause: Limit one of each Pokémon
|rule|Item Clause: Limit 1 of each item
|clearpoke
|poke|p1|Venusaur, L50, M|
|poke|p1|Mimikyu, L50, M|
|poke|p1|Tyranitar, L50, M|
|poke|p1|Rotom-Heat, L50|
|poke|p1|Milotic, L50, M|
|poke|p1|Excadrill, L50, F|
|poke|p2|Milotic, L50, F|
|poke|p2|Maushold-Four, L50|
|poke|p2|Charizard, L50, M, shiny|
|poke|p2|Whimsicott, L50, F, shiny|
|poke|p2|Kingambit, L50, F|
|poke|p2|Garchomp, L50, F|
|teampreview|4
|showteam|p1|Venusaur||Venusaurite|Chlorophyll|GigaDrain,SludgeBomb,EarthPower,Protect|Modest||M|||50|]Mimikyu||LifeOrb|Disguise|ShadowClaw,ShadowSneak,PlayRough,TrickRoom|Adamant||M|||50|]Tyranitar||Tyranitarite|SandStream|RockSlide,KnockOff,LowKick,Protect|Adamant||M|||50|]Rotom-Heat||ChoiceScarf|Levitate|Overheat,VoltSwitch,WillOWisp,Electroweb|Timid|||||50|]Milotic||Leftovers|Competitive|Scald,LifeDew,IcyWind,Protect|Modest||M|||50|]Excadrill||FocusSash|SandRush|IronHead,Protect,HighHorsepower,RockSlide|Adamant||F|||50|
|showteam|p2|Milotic||SitrusBerry|Competitive|Scald,IceBeam,HelpingHand,Protect|Modest||F|||50|]Maushold-Four||WideLens|Technician|PopulationBomb,FollowMe,Protect,SunnyDay|Jolly|||||50|]Charizard||CharizarditeY|Blaze|SolarBeam,HeatWave,WeatherBall,Protect|Timid||M|||50|]Whimsicott||FocusSash|Prankster|Tailwind,Moonblast,Protect,Encore|Timid||F|||50|]Kingambit||ChopleBerry|Defiant|KowtowCleave,SuckerPunch,IronHead,LowKick|Adamant||F|||50|]Garchomp||LifeOrb|RoughSkin|RockSlide,Earthquake,DragonClaw,Protect|Jolly||F|||50|
|
|t:|1784270536
|teamsize|p1|4
|teamsize|p2|4
|start
|switch|p1a: Mimikyu|Mimikyu, L50, M|100/100
|switch|p1b: Rotom|Rotom-Heat, L50|100/100
|switch|p2a: Garchomp|Garchomp, L50, F|100/100
|switch|p2b: Charizard|Charizard, L50, M, shiny|100/100
|turn|1
|inactive|Battle timer is ON: inactive players will automatically lose when time's up. (requested by alexander1111)
|
|t:|1784270568
|move|p2a: Garchomp|Protect|p2a: Garchomp
|-singleturn|p2a: Garchomp|Protect
|move|p2b: Charizard|Protect|p2b: Charizard
|-singleturn|p2b: Charizard|Protect
|move|p1b: Rotom|Volt Switch|p2b: Charizard
|-activate|p2b: Charizard|move: Protect
|move|p1a: Mimikyu|Play Rough|p2a: Garchomp
|-activate|p2a: Garchomp|move: Protect
|
|upkeep
|turn|2
|inactive|alexander1111 has 30 seconds left.
|
|t:|1784270593
|switch|p2b: Whimsicott|Whimsicott, L50, F, shiny|100/100
|move|p1b: Rotom|Volt Switch|p2b: Whimsicott
|-resisted|p2b: Whimsicott|1
|-damage|p2b: Whimsicott|72/100
|
|t:|1784270604
|switch|p1b: Excadrill|Excadrill, L50, F|100/100|[from] Volt Switch
|move|p2a: Garchomp|Earthquake|p1a: Mimikyu|[spread] p2b,p1a,p1b
|-resisted|p2b: Whimsicott|1
|-supereffective|p1b: Excadrill|1
|-damage|p2b: Whimsicott|39/100
|-activate|p1a: Mimikyu|ability: Disguise
|-damage|p1a: Mimikyu|100/100
|-enditem|p1b: Excadrill|Focus Sash
|-damage|p1b: Excadrill|1/100
|detailschange|p1a: Mimikyu|Mimikyu-Busted, L50, M
|-damage|p1a: Mimikyu|88/100|[from] pokemon: Mimikyu-Busted
|-damage|p2a: Garchomp|90/100|[from] item: Life Orb
|move|p1a: Mimikyu|Play Rough|p2a: Garchomp|[miss]
|-miss|p1a: Mimikyu|p2a: Garchomp
|
|upkeep
|turn|3
|inactive|alexander1111 has 30 seconds left.
|inactive|testy accounty 2 has 30 seconds left.
|inactive|alexander1111 has 20 seconds left.
|inactive|testy accounty 2 has 20 seconds left.
|inactive|alexander1111 has 15 seconds left.
|inactive|alexander1111 has 10 seconds left.
|
|t:|1784270649
|move|p2b: Whimsicott|Moonblast|p1a: Mimikyu
|-damage|p1a: Mimikyu|42/100
|move|p2a: Garchomp|Earthquake|p1b: Excadrill|[spread] p2b,p1a,p1b
|-resisted|p2b: Whimsicott|1
|-supereffective|p1b: Excadrill|1
|-damage|p2b: Whimsicott|4/100
|-damage|p1a: Mimikyu|0 fnt
|-damage|p1b: Excadrill|0 fnt
|faint|p1a: Mimikyu
|faint|p1b: Excadrill
|-damage|p2a: Garchomp|80/100|[from] item: Life Orb
|
|upkeep
|
|t:|1784270657
|switch|p1b: Tyranitar|Tyranitar, L50, M|100/100
|switch|p1a: Rotom|Rotom-Heat, L50|100/100
|-weather|Sandstorm|[from] ability: Sand Stream|[of] p1b: Tyranitar
|turn|4
|
|t:|1784270667
|move|p2a: Garchomp|Protect|p2a: Garchomp
|-singleturn|p2a: Garchomp|Protect
|move|p2b: Whimsicott|Tailwind|p2b: Whimsicott
|-sidestart|p2: alexander1111|move: Tailwind
|move|p1a: Rotom|Electroweb|p2a: Garchomp|[spread] p2b
|-activate|p2a: Garchomp|move: Protect
|-resisted|p2b: Whimsicott|1
|-damage|p2b: Whimsicott|0 fnt
|faint|p2b: Whimsicott
|move|p1b: Tyranitar|Knock Off|p2a: Garchomp
|-activate|p2a: Garchomp|move: Protect
|
|-weather|Sandstorm|[upkeep]
|-damage|p1a: Rotom|94/100|[from] Sandstorm
|upkeep
|
|t:|1784270682
|switch|p2b: Milotic|Milotic, L50, F|100/100
|turn|5
|
|t:|1784270686
|detailschange|p1b: Tyranitar|Tyranitar-Mega, L50, M
|-mega|p1b: Tyranitar|Tyranitar|Tyranitarite
|move|p2a: Garchomp|Earthquake|p1b: Tyranitar|[spread] p2b,p1b
|-immune|p1a: Rotom|[from] ability: Levitate
|-supereffective|p1b: Tyranitar|1
|-damage|p2b: Milotic|56/100
|-damage|p1b: Tyranitar|40/100
|-damage|p2a: Garchomp|70/100|[from] item: Life Orb
|move|p1a: Rotom|Electroweb|p2b: Milotic|[spread] p2b
|-immune|p2a: Garchomp
|-supereffective|p2b: Milotic|1
|-damage|p2b: Milotic|30/100
|-unboost|p2b: Milotic|spe|1
|-ability|p2b: Milotic|Competitive|boost
|-boost|p2b: Milotic|spa|2
|-enditem|p2b: Milotic|Sitrus Berry|[eat]
|-heal|p2b: Milotic|54/100|[from] item: Sitrus Berry
|move|p2b: Milotic|Scald|p1a: Rotom
|-supereffective|p1a: Rotom|1
|-damage|p1a: Rotom|0 fnt
|faint|p1a: Rotom
|move|p1b: Tyranitar|Rock Slide|p2a: Garchomp|[spread] p2b
|-miss|p1b: Tyranitar|p2a: Garchomp
|-damage|p2b: Milotic|21/100
|
|-weather|Sandstorm|[upkeep]
|-damage|p2b: Milotic|15/100|[from] Sandstorm
|upkeep
|turn|6
|inactive|testy accounty 2 has 30 seconds left.
|
|t:|1784270712
|move|p2b: Milotic|Protect|p2b: Milotic
|-singleturn|p2b: Milotic|Protect
|move|p2a: Garchomp|Earthquake|p1b: Tyranitar|[spread] p1b
|-activate|p2b: Milotic|move: Protect
|-supereffective|p1b: Tyranitar|1
|-crit|p1b: Tyranitar
|-damage|p1b: Tyranitar|0 fnt
|faint|p1b: Tyranitar
|-damage|p2a: Garchomp|60/100|[from] item: Life Orb
|
|win|alexander1111
||alexander1111 is ready for game 3.
|inactive|testy accounty 2 has 30 seconds to confirm battle start!
|inactive|testy accounty 2 has 20 seconds to confirm battle start!
||testy accounty 2 is ready for game 3.
|uhtml|next|Next: Game 3 of 3
|l|☆alexander1111
|player|p2|
|l|☆testy accounty 2
|player|p1|
|j|☆testy accounty 2
|player|p1|testy accounty 2|1|
