|j|☆squigulousq
|j|‽vgcgeegee
|html|squigulousqvgcgeegee    
|uhtml|bestof|Game 1 of a best-of-3
|t:|1757780337
|gametype|doubles
|player|p1|squigulousq|clown|1226
|player|p2|vgcgeegee|iris-gen5bw2|1128
|gen|9
|tier|[Gen 9] VGC 2025 Reg H (Bo3)
|rated|
|rule|Species Clause: Limit one of each Pokémon
|rule|Item Clause: Limit 1 of each item
|clearpoke
|poke|p1|Gholdengo, L50|
|poke|p1|Basculegion, L50, M|
|poke|p1|Pelipper, L50, M|
|poke|p1|Incineroar, L50, F|
|poke|p1|Amoonguss, L50, F|
|poke|p1|Archaludon, L50, M|
|poke|p2|Garchomp, L50, F|
|poke|p2|Gholdengo, L50|
|poke|p2|Incineroar, L50, F|
|poke|p2|Amoonguss, L50, F|
|poke|p2|Kilowattrel, L50, F|
|poke|p2|Tyranitar, L50, F|
|teampreview|4
|showteam|p1|Gholdengo||LifeOrb|GoodasGold|MakeItRain,ShadowBall,NastyPlot,Protect||||||50|,,,,,Water]Basculegion||ChoiceBand|SwiftSwim|WaveCrash,LastRespects,FlipTurn,AquaJet|||M|||50|,,,,,Water]Pelipper||FocusSash|Drizzle|WeatherBall,Hurricane,Tailwind,Protect|||M|||50|,,,,,Ground]Incineroar||SafetyGoggles|Intimidate|Taunt,KnockOff,PartingShot,FakeOut|||F|||50|,,,,,Ghost]Amoonguss||SitrusBerry|Regenerator|PollenPuff,Spore,RagePowder,Protect|||F|||50|,,,,,Dark]Archaludon||AssaultVest|Stamina|DragonPulse,FlashCannon,ElectroShot,BodyPress|||M|||50|,,,,,Bug
|showteam|p2|Garchomp||LifeOrb|SandVeil|DragonClaw,StompingTantrum,Earthquake,Protect|||F|||50|,,,,,Ground]Gholdengo||MetalCoat|GoodasGold|MakeItRain,ShadowBall,NastyPlot,Protect||||||50|,,,,,Flying]Incineroar||SafetyGoggles|Intimidate|FakeOut,FlareBlitz,KnockOff,PartingShot|||F|||50|,,,,,Ghost]Amoonguss||SitrusBerry|Regenerator|Spore,RagePowder,PollenPuff,Protect|||F|||50|,,,,,Water]Kilowattrel||FocusSash|Competitive|Electroweb,VoltSwitch,AirSlash,Tailwind|||F|||50|,,,,,Ghost]Tyranitar||AssaultVest|SandStream|RockSlide,KnockOff,LowKick,TeraBlast|||F|||50|,,,,,Flying
|
|t:|1757780381
|teamsize|p1|4
|teamsize|p2|4
|start
|switch|p1a: Basculegion|Basculegion, L50, M|100/100
|switch|p1b: Archaludon|Archaludon, L50, M|100/100
|switch|p2a: Gholdengo|Gholdengo, L50, shiny|100/100
|switch|p2b: Amoonguss|Amoonguss, L50, F, shiny|100/100
|turn|1
|
|t:|1757780411
|switch|p1b: Pelipper|Pelipper, L50, M|100/100
|-weather|RainDance|[from] ability: Drizzle|[of] p1b: Pelipper
|move|p2a: Gholdengo|Protect|p2a: Gholdengo
|-singleturn|p2a: Gholdengo|Protect
|move|p1a: Basculegion|Flip Turn|p2a: Gholdengo
|-activate|p2a: Gholdengo|move: Protect
|move|p2b: Amoonguss|Spore|p1b: Pelipper
|-status|p1b: Pelipper|slp|[from] move: Spore
|
|-weather|RainDance|[upkeep]
|upkeep
|turn|2
|
|t:|1757780432
|switch|p1b: Incineroar|Incineroar, L50, F|100/100
|-ability|p1b: Incineroar|Intimidate|boost
|-unboost|p2a: Gholdengo|atk|1
|-unboost|p2b: Amoonguss|atk|1
|switch|p2b: Tyranitar|Tyranitar, L50, F|100/100
|-weather|Sandstorm|[from] ability: Sand Stream|[of] p2b: Tyranitar
|move|p2a: Gholdengo|Shadow Ball|p1a: Basculegion
|-supereffective|p1a: Basculegion
|-damage|p1a: Basculegion|17/100
|move|p1a: Basculegion|Flip Turn|p2a: Gholdengo
|-damage|p2a: Gholdengo|51/100
|
|t:|1757780447
|switch|p1a: Archaludon|Archaludon, L50, M|100/100|[from] Flip Turn
|
|-weather|Sandstorm|[upkeep]
|upkeep
|turn|3
|
|t:|1757780498
|switch|p2b: Amoonguss|Amoonguss, L50, F, shiny|100/100
|-terastallize|p1a: Archaludon|Bug
|move|p2a: Gholdengo|Protect|p2a: Gholdengo
|-singleturn|p2a: Gholdengo|Protect
|move|p1a: Archaludon|Body Press|p2b: Amoonguss
|-resisted|p2b: Amoonguss
|-damage|p2b: Amoonguss|91/100
|move|p1b: Incineroar|Knock Off|p2a: Gholdengo
|-activate|p2a: Gholdengo|move: Protect
|
|-weather|Sandstorm|[upkeep]
|-damage|p1a: Archaludon|94/100|[from] Sandstorm
|-damage|p2b: Amoonguss|85/100|[from] Sandstorm
|upkeep
|turn|4
|
|t:|1757780525
|switch|p1a: Pelipper|Pelipper, L50, M|100/100 slp
|-weather|RainDance|[from] ability: Drizzle|[of] p1a: Pelipper
|move|p2a: Gholdengo|Nasty Plot|p2a: Gholdengo
|-boost|p2a: Gholdengo|spa|2
|move|p1b: Incineroar|Knock Off|p2a: Gholdengo
|-supereffective|p2a: Gholdengo
|-crit|p2a: Gholdengo
|-damage|p2a: Gholdengo|0 fnt
|-enditem|p2a: Gholdengo|Metal Coat|[from] move: Knock Off|[of] p1b: Incineroar
|faint|p2a: Gholdengo
|move|p2b: Amoonguss|Spore|p1a: Pelipper
|-fail|p1a: Pelipper|slp
|
|-weather|RainDance|[upkeep]
|upkeep
|
|t:|1757780530
|switch|p2a: Tyranitar|Tyranitar, L50, F|100/100
|-weather|Sandstorm|[from] ability: Sand Stream|[of] p2a: Tyranitar
|turn|5
|
|t:|1757780578
|switch|p1a: Archaludon|Archaludon, L50, M, tera:Bug|94/100
|move|p1b: Incineroar|Taunt|p2b: Amoonguss
|-start|p2b: Amoonguss|move: Taunt
|move|p2a: Tyranitar|Rock Slide|p1a: Archaludon|[spread] p1a,p1b
|-supereffective|p1a: Archaludon
|-supereffective|p1b: Incineroar
|-damage|p1a: Archaludon|52/100
|-damage|p1b: Incineroar|43/100
|-ability|p1a: Archaludon|Stamina|boost
|-boost|p1a: Archaludon|def|1
|cant|p2b: Amoonguss|move: Taunt|Spore
|
|-weather|Sandstorm|[upkeep]
|-damage|p1a: Archaludon|46/100|[from] Sandstorm
|-damage|p2b: Amoonguss|79/100|[from] Sandstorm
|upkeep
|turn|6
|
|t:|1757780618
|switch|p1b: Pelipper|Pelipper, L50, M|100/100 slp
|-weather|RainDance|[from] ability: Drizzle|[of] p1b: Pelipper
|-terastallize|p2a: Tyranitar|Flying
|move|p1a: Archaludon|Electro Shot||[still]
|-prepare|p1a: Archaludon|Electro Shot
|-boost|p1a: Archaludon|spa|1
|-anim|p1a: Archaludon|Electro Shot|p2a: Tyranitar
|-supereffective|p2a: Tyranitar
|-crit|p2a: Tyranitar
|-damage|p2a: Tyranitar|2/100
|move|p2a: Tyranitar|Rock Slide|p1a: Archaludon|[spread] p1a,p1b
|-supereffective|p1a: Archaludon
|-supereffective|p1b: Pelipper
|-damage|p1a: Archaludon|17/100
|-damage|p1b: Pelipper|16/100 slp
|-ability|p1a: Archaludon|Stamina|boost
|-boost|p1a: Archaludon|def|1
|move|p2b: Amoonguss|Pollen Puff|p2a: Tyranitar
|-heal|p2a: Tyranitar|52/100
|
|-weather|RainDance|[upkeep]
|upkeep
|turn|7
|
|t:|1757780642
|switch|p1b: Incineroar|Incineroar, L50, F|43/100
|-ability|p1b: Incineroar|Intimidate|boost
|-unboost|p2a: Tyranitar|atk|1
|-unboost|p2b: Amoonguss|atk|1
|switch|p2a: Kilowattrel|Kilowattrel, L50, F, shiny|100/100
|move|p1a: Archaludon|Electro Shot||[still]
|-prepare|p1a: Archaludon|Electro Shot
|-boost|p1a: Archaludon|spa|1
|-anim|p1a: Archaludon|Electro Shot|p2a: Kilowattrel
|-enditem|p2a: Kilowattrel|Focus Sash
|-damage|p2a: Kilowattrel|1/100
|move|p2b: Amoonguss|Pollen Puff|p2a: Kilowattrel
|-heal|p2a: Kilowattrel|51/100
|
|-weather|RainDance|[upkeep]
|-end|p2b: Amoonguss|move: Taunt
|upkeep
|turn|8
|
|t:|1757780681
|move|p1b: Incineroar|Fake Out|p2a: Kilowattrel
|-damage|p2a: Kilowattrel|29/100
|move|p2b: Amoonguss|Rage Powder|p2b: Amoonguss
|-singleturn|p2b: Amoonguss|move: Rage Powder
|cant|p2a: Kilowattrel|flinch
|move|p1a: Archaludon|Dragon Pulse|p2b: Amoonguss
|-damage|p2b: Amoonguss|13/100
|-enditem|p2b: Amoonguss|Sitrus Berry|[eat]
|-heal|p2b: Amoonguss|38/100|[from] item: Sitrus Berry
|
|-weather|RainDance|[upkeep]
|upkeep
|turn|9
|
|t:|1757780727
|move|p2a: Kilowattrel|Air Slash|p1a: Archaludon
|-supereffective|p1a: Archaludon
|-damage|p1a: Archaludon|0 fnt
|faint|p1a: Archaludon
|move|p1b: Incineroar|Taunt|p2b: Amoonguss
|-start|p2b: Amoonguss|move: Taunt
|cant|p2b: Amoonguss|move: Taunt|Spore
|
|-weather|RainDance|[upkeep]
|upkeep
|
|t:|1757780737
|switch|p1a: Basculegion|Basculegion, L50, M|17/100
|turn|10
|
|t:|1757780745
|switch|p2b: Tyranitar|Tyranitar, L50, F, tera:Flying|52/100
|-weather|Sandstorm|[from] ability: Sand Stream|[of] p2b: Tyranitar
|move|p1a: Basculegion|Aqua Jet|p2a: Kilowattrel
|-damage|p2a: Kilowattrel|0 fnt
|faint|p2a: Kilowattrel
|move|p1b: Incineroar|Parting Shot|p2b: Tyranitar
|-unboost|p2b: Tyranitar|atk|1
|-unboost|p2b: Tyranitar|spa|1
|
|t:|1757780754
|switch|p1b: Pelipper|Pelipper, L50, M|16/100 slp|[from] Parting Shot
|-weather|RainDance|[from] ability: Drizzle|[of] p1b: Pelipper
|
|-weather|RainDance|[upkeep]
|upkeep
|
|t:|1757780760
|switch|p2a: Amoonguss|Amoonguss, L50, F, shiny|71/100
|turn|11
|inactive|Battle timer is ON: inactive players will automatically lose when time's up. (requested by vgcgeegee)
|
|t:|1757780783
|switch|p1a: Incineroar|Incineroar, L50, F|43/100
|-ability|p1a: Incineroar|Intimidate|boost
|-unboost|p2a: Amoonguss|atk|1
|-unboost|p2b: Tyranitar|atk|1
|cant|p1b: Pelipper|slp
|move|p2b: Tyranitar|Rock Slide|p1b: Pelipper|[spread] p1b
|-miss|p2b: Tyranitar|p1a: Incineroar
|-supereffective|p1b: Pelipper
|-damage|p1b: Pelipper|0 fnt
|faint|p1b: Pelipper
|move|p2a: Amoonguss|Pollen Puff|p2b: Tyranitar
|-heal|p2b: Tyranitar|100/100
|
|-weather|RainDance|[upkeep]
|upkeep
|
|t:|1757780797
|switch|p1b: Basculegion|Basculegion, L50, M|17/100
|turn|12
|
|t:|1757780806
|move|p1a: Incineroar|Fake Out|p2a: Amoonguss
|-damage|p2a: Amoonguss|62/100
|cant|p2a: Amoonguss|flinch
|move|p1b: Basculegion|Last Respects|p2b: Tyranitar
|-damage|p2b: Tyranitar|2/100
|move|p2b: Tyranitar|Rock Slide|p1a: Incineroar|[spread] p1a,p1b
|-supereffective|p1a: Incineroar
|-damage|p1a: Incineroar|10/100
|-damage|p1b: Basculegion|0 fnt
|faint|p1b: Basculegion
|
|-weather|RainDance|[upkeep]
|upkeep
|turn|13
|
|t:|1757780825
|move|p1a: Incineroar|Knock Off|p2b: Tyranitar
|-damage|p2b: Tyranitar|0 fnt
|-enditem|p2b: Tyranitar|Assault Vest|[from] move: Knock Off|[of] p1a: Incineroar
|faint|p2b: Tyranitar
|move|p2a: Amoonguss|Pollen Puff|p1a: Incineroar
|-damage|p1a: Incineroar|0 fnt
|faint|p1a: Incineroar
|
|win|vgcgeegee
||squigulousq is ready for game 2.
||vgcgeegee is ready for game 2.
|uhtml|next|Next: Game 2 of 3
