|j|☆Light0z
|j|☆Dragonite miss
|html|Light0zDragonite miss    
|uhtml|bestof|Game 3 of a best-of-3
|t:|1755458484
|gametype|doubles
|player|p1|Light0z|blue-gen2|1398
|player|p2|Dragonite miss|170|1434
|gen|9
|tier|[Gen 9] VGC 2025 Reg H (Bo3)
|rated|
|rule|Species Clause: Limit one of each Pokémon
|rule|Item Clause: Limit 1 of each item
|clearpoke
|poke|p1|Sneasler, L50, F|
|poke|p1|Indeedee, L50, M|
|poke|p1|Talonflame, L50, F|
|poke|p1|Ursaluna-Bloodmoon, L50, M|
|poke|p1|Incineroar, L50, M|
|poke|p1|Electabuzz, L50, M|
|poke|p2|Ursaluna-Bloodmoon, L50, M|
|poke|p2|Gholdengo, L50|
|poke|p2|Incineroar, L50, M|
|poke|p2|Clefable, L50, M|
|poke|p2|Dragonite, L50, F|
|poke|p2|Annihilape, L50, M|
|teampreview|4
|showteam|p1|Sneasler||PsychicSeed|Unburden|DireClaw,CloseCombat,ThroatChop,Protect|||F|||50|,,,,,Dark]Indeedee||FocusSash|PsychicSurge|ExpandingForce,HelpingHand,TrickRoom,Protect|||M|||50|,,,,,Psychic]Talonflame||CovertCloak|GaleWings|FlareBlitz,Tailwind,DualWingbeat,WillOWisp|||F|||50|,,,,,Stellar]Ursaluna-Bloodmoon||LifeOrb|MindsEye|BloodMoon,HyperVoice,EarthPower,Protect|||M|||50|,,,,,Normal]Incineroar||SitrusBerry|Intimidate|FlareBlitz,KnockOff,Uturn,FakeOut|||M|||50|,,,,,Ghost]Electabuzz||Eviolite|VitalSpirit|Electroweb,Taunt,FollowMe,Protect|||M|||50|,,,,,Dragon
|showteam|p2|Ursaluna-Bloodmoon||AssaultVest|MindsEye|HyperVoice,EarthPower,BloodMoon,VacuumWave|||M|||50|,,,,,Water]Gholdengo||LifeOrb|GoodasGold|MakeItRain,ShadowBall,NastyPlot,Protect||||||50|,,,,,Water]Incineroar||SafetyGoggles|Intimidate|FlareBlitz,KnockOff,PartingShot,FakeOut|||M|||50|,,,,,Ghost]Clefable||SitrusBerry|Unaware|Moonblast,MistyTerrain,FollowMe,Protect|||M|||50|,,,,,Water]Dragonite||LoadedDice|Multiscale|ScaleShot,Tailwind,Haze,Protect|||F|||50|,,,,,Steel]Annihilape||FocusSash|Defiant|CloseCombat,RageFist,Coaching,FinalGambit|||M|||50|,,,,,Grass
|inactive|Battle timer is ON: inactive players will automatically lose when time's up. (requested by Light0z)
|inactive|Dragonite miss has 60 seconds left.
|
|t:|1755458535
|teamsize|p1|4
|teamsize|p2|4
|start
|switch|p1a: Ursaluna|Ursaluna-Bloodmoon, L50, M|100/100
|switch|p1b: Indeedee|Indeedee, L50, M|100/100
|switch|p2a: Dragonite|Dragonite, L50, F|100/100
|switch|p2b: Incineroar|Incineroar, L50, M|100/100
|-fieldstart|move: Psychic Terrain|[from] ability: Psychic Surge|[of] p1b: Indeedee
|-ability|p2b: Incineroar|Intimidate|boost
|-unboost|p1a: Ursaluna|atk|1
|-unboost|p1b: Indeedee|atk|1
|turn|1
|inactive|Light0z has 30 seconds left.
|inactive|Light0z has 20 seconds left.
|inactive|Light0z has 15 seconds left.
|inactive|Light0z has 10 seconds left.
|
|t:|1755458582
|-terastallize|p2a: Dragonite|Steel
|move|p1b: Indeedee|Expanding Force|p2b: Incineroar|[spread] p2a
|-immune|p2b: Incineroar
|-resisted|p2a: Dragonite
|-damage|p2a: Dragonite|88/100
|move|p2a: Dragonite|Scale Shot|p1b: Indeedee
|-damage|p1b: Indeedee|69/100
|-damage|p1b: Indeedee|39/100
|-damage|p1b: Indeedee|10/100
|-damage|p1b: Indeedee|0 fnt
|faint|p1b: Indeedee
|-hitcount|p1: Indeedee|4
|-unboost|p2a: Dragonite|def|1
|-boost|p2a: Dragonite|spe|1
|move|p2b: Incineroar|Parting Shot|p1a: Ursaluna
|-unboost|p1a: Ursaluna|atk|1
|-unboost|p1a: Ursaluna|spa|1
|
|t:|1755458598
|switch|p2b: Ursaluna|Ursaluna-Bloodmoon, L50, M|100/100|[from] Parting Shot
|move|p1a: Ursaluna|Earth Power|p2b: Ursaluna
|-damage|p2b: Ursaluna|72/100
|-damage|p1a: Ursaluna|91/100|[from] item: Life Orb
|
|upkeep
|
|t:|1755458602
|switch|p1b: Sneasler|Sneasler, L50, F|100/100
|-enditem|p1b: Sneasler|Psychic Seed
|-boost|p1b: Sneasler|spd|1|[from] item: Psychic Seed
|turn|2
|
|t:|1755458621
|-terastallize|p1a: Ursaluna|Normal
|move|p1b: Sneasler|Close Combat|p2a: Dragonite
|-supereffective|p2a: Dragonite
|-damage|p2a: Dragonite|0 fnt
|-unboost|p1b: Sneasler|def|1
|-unboost|p1b: Sneasler|spd|1
|faint|p2a: Dragonite
|move|p1a: Ursaluna|Blood Moon|p2b: Ursaluna
|-damage|p2b: Ursaluna|11/100
|-damage|p1a: Ursaluna|81/100|[from] item: Life Orb
|move|p2b: Ursaluna|Earth Power|p1b: Sneasler
|-supereffective|p1b: Sneasler
|-damage|p1b: Sneasler|0 fnt
|faint|p1b: Sneasler
|
|upkeep
|
|t:|1755458636
|switch|p1b: Talonflame|Talonflame, L50, F|100/100
|switch|p2a: Incineroar|Incineroar, L50, M|100/100
|-ability|p2a: Incineroar|Intimidate|boost
|-unboost|p1a: Ursaluna|atk|1
|-unboost|p1b: Talonflame|atk|1
|turn|3
|inactive|Dragonite miss has 30 seconds left.
|
|t:|1755458668
|move|p1a: Ursaluna|Protect|p1a: Ursaluna
|-singleturn|p1a: Ursaluna|Protect
|move|p1b: Talonflame|Flare Blitz|p2b: Ursaluna
|-damage|p2b: Ursaluna|0 fnt
|faint|p2b: Ursaluna
|-damage|p1b: Talonflame|96/100|[from] Recoil
|move|p2a: Incineroar|Knock Off|p1b: Talonflame
|-damage|p1b: Talonflame|34/100
|-enditem|p1b: Talonflame|Covert Cloak|[from] move: Knock Off|[of] p2a: Incineroar
|
|upkeep
|
|t:|1755458672
|switch|p2b: Annihilape|Annihilape, L50, M|100/100
|turn|4
|
|t:|1755458692
|move|p1a: Ursaluna|Protect|p1a: Ursaluna
|-singleturn|p1a: Ursaluna|Protect
|move|p1b: Talonflame|Tailwind|p1b: Talonflame
|-sidestart|p1: Light0z|move: Tailwind
|move|p2b: Annihilape|Close Combat|p1a: Ursaluna
|-activate|p1a: Ursaluna|move: Protect
|move|p2a: Incineroar|Knock Off|p1b: Talonflame
|-damage|p1b: Talonflame|0 fnt
|faint|p1b: Talonflame
|
|upkeep
|turn|5
|-message|Light0z forfeited.
|
|win|Dragonite miss
|raw|Light0z's rating: 1398 → 1380(-18 for losing)
|raw|Dragonite miss's rating: 1434 → 1452(+18 for winning)
|l|☆Light0z
|player|p1|
