|j|☆OminousOgerpon360
|j|☆Kurolax
|html|OminousOgerpon360Kurolax    
|uhtml|bestof|Game 2 of a best-of-3
|t:|1756581627
|gametype|doubles
|player|p1|OminousOgerpon360|n|1107
|player|p2|Kurolax|1|1118
|gen|9
|tier|[Gen 9] VGC 2025 Reg H (Bo3)
|rated|
|rule|Species Clause: Limit one of each Pokémon
|rule|Item Clause: Limit 1 of each item
|clearpoke
|poke|p1|Incineroar, L50, M|
|poke|p1|Rillaboom, L50, F|
|poke|p1|Annihilape, L50, F|
|poke|p1|Farigiraf, L50, M|
|poke|p1|Archaludon, L50, M|
|poke|p1|Garchomp, L50, F|
|poke|p2|Volcarona, L50, M|
|poke|p2|Tyranitar, L50, F|
|poke|p2|Rillaboom, L50, F|
|poke|p2|Primarina, L50, F|
|poke|p2|Sneasler, L50, F|
|poke|p2|Dragonite, L50, M|
|teampreview|4
|showteam|p1|Incineroar||SafetyGoggles|Intimidate|FlareBlitz,KnockOff,FakeOut,PartingShot|||M|||50|,,,,,Ghost]Rillaboom||AssaultVest|GrassySurge|WoodHammer,GrassyGlide,FakeOut,Uturn|||F|||50|,,,,,Fire]Annihilape||Leftovers|Defiant|Protect,RageFist,DrainPunch,BulkUp|||F|||50|,,,,,Water]Farigiraf||ThroatSpray|ArmorTail|HyperVoice,Psychic,TrickRoom,Protect|||M|||50|,,,,,Fairy]Archaludon||PowerHerb|Stalwart|DragonPulse,ElectroShot,FlashCannon,Protect|||M|||50|,,,,,Electric]Garchomp||LifeOrb|RoughSkin|Protect,DragonClaw,StompingTantrum,RockSlide|||F|||50|,,,,,Steel
|showteam|p2|Volcarona||GrassySeed|FlameBody|QuiverDance,HeatWave,GigaDrain,Protect|||M|||50|,,,,,Stellar]Tyranitar||FocusSash|SandStream|RockSlide,KnockOff,TeraBlast,Protect|||F|||50|,,,,,Flying]Rillaboom||AssaultVest|GrassySurge|KnockOff,Uturn,GrassyGlide,FakeOut|||F|||50|,,,,,Grass]Primarina||SitrusBerry|LiquidVoice|HyperVoice,Moonblast,CalmMind,Protect|||F|||50|,,,,,Poison]Sneasler||WhiteHerb|Unburden|DireClaw,FakeOut,Protect,CloseCombat|||F|||50|,,,,,Dark]Dragonite||LoadedDice|Multiscale|Tailwind,ScaleShot,Haze,Protect|||M|||50|,,,,,Fairy
|
|t:|1756581640
|teamsize|p1|4
|teamsize|p2|4
|start
|switch|p1a: Garchomp|Garchomp, L50, F|100/100
|switch|p1b: Rillaboom|Rillaboom, L50, F|100/100
|switch|p2a: Rillaboom|Rillaboom, L50, F|100/100
|switch|p2b: Volcarona|Volcarona, L50, M|100/100
|-fieldstart|move: Grassy Terrain|[from] ability: Grassy Surge|[of] p2a: Rillaboom
|-enditem|p2b: Volcarona|Grassy Seed
|-boost|p2b: Volcarona|def|1|[from] item: Grassy Seed
|turn|1
|
|t:|1756581668
|switch|p1b: Farigiraf|Farigiraf, L50, M|100/100
|move|p2a: Rillaboom|Fake Out||[still]
|cant|p1b: Farigiraf|ability: Armor Tail|Fake Out|[of] p2a: Rillaboom
|move|p1a: Garchomp|Rock Slide|p2b: Volcarona|[spread] p2a,p2b
|-supereffective|p2b: Volcarona
|-damage|p2a: Rillaboom|75/100
|-damage|p2b: Volcarona|16/100
|-damage|p1a: Garchomp|91/100|[from] item: Life Orb
|move|p2b: Volcarona|Quiver Dance|p2b: Volcarona
|-boost|p2b: Volcarona|spa|1
|-boost|p2b: Volcarona|spd|1
|-boost|p2b: Volcarona|spe|1
|
|-heal|p2b: Volcarona|22/100|[from] Grassy Terrain
|-heal|p1a: Garchomp|97/100|[from] Grassy Terrain
|-heal|p2a: Rillaboom|81/100|[from] Grassy Terrain
|upkeep
|turn|2
|
|t:|1756581695
|switch|p1a: Rillaboom|Rillaboom, L50, F|100/100
|move|p2b: Volcarona|Protect|p2b: Volcarona
|-singleturn|p2b: Volcarona|Protect
|move|p1b: Farigiraf|Protect|p1b: Farigiraf
|-singleturn|p1b: Farigiraf|Protect
|move|p2a: Rillaboom|Grassy Glide||[still]
|cant|p1b: Farigiraf|ability: Armor Tail|Grassy Glide|[of] p2a: Rillaboom
|
|-heal|p2b: Volcarona|28/100|[from] Grassy Terrain
|-heal|p2a: Rillaboom|88/100|[from] Grassy Terrain
|upkeep
|turn|3
|
|t:|1756581712
|move|p1a: Rillaboom|Fake Out|p2a: Rillaboom
|-damage|p2a: Rillaboom|75/100
|move|p2b: Volcarona|Heat Wave|p1b: Farigiraf|[spread] p1a,p1b
|-supereffective|p1a: Rillaboom
|-damage|p1a: Rillaboom|28/100
|-damage|p1b: Farigiraf|55/100
|cant|p2a: Rillaboom|flinch
|move|p1b: Farigiraf|Trick Room|p1b: Farigiraf
|-fieldstart|move: Trick Room|[of] p1b: Farigiraf
|
|-heal|p1b: Farigiraf|61/100|[from] Grassy Terrain
|-heal|p1a: Rillaboom|34/100|[from] Grassy Terrain
|-heal|p2a: Rillaboom|81/100|[from] Grassy Terrain
|-heal|p2b: Volcarona|35/100|[from] Grassy Terrain
|upkeep
|turn|4
|
|t:|1756581733
|move|p2b: Volcarona|Protect|p2b: Volcarona
|-singleturn|p2b: Volcarona|Protect
|move|p1b: Farigiraf|Hyper Voice|p2a: Rillaboom|[spread] p2a
|-activate|p2b: Volcarona|move: Protect
|-damage|p2a: Rillaboom|55/100
|-enditem|p1b: Farigiraf|Throat Spray
|-boost|p1b: Farigiraf|spa|1|[from] item: Throat Spray
|move|p1a: Rillaboom|U-turn|p2a: Rillaboom
|-supereffective|p2a: Rillaboom
|-damage|p2a: Rillaboom|5/100
|
|t:|1756581743
|switch|p1a: Garchomp|Garchomp, L50, F|97/100|[from] U-turn
|move|p2a: Rillaboom|Knock Off|p1b: Farigiraf
|-supereffective|p1b: Farigiraf
|-damage|p1b: Farigiraf|9/100
|
|-heal|p1b: Farigiraf|16/100|[from] Grassy Terrain
|-heal|p2a: Rillaboom|11/100|[from] Grassy Terrain
|-heal|p1a: Garchomp|100/100|[from] Grassy Terrain
|-heal|p2b: Volcarona|41/100|[from] Grassy Terrain
|upkeep
|turn|5
|
|t:|1756581757
|move|p1b: Farigiraf|Hyper Voice|p2b: Volcarona|[spread] p2a,p2b
|-damage|p2a: Rillaboom|0 fnt
|-damage|p2b: Volcarona|9/100
|faint|p2a: Rillaboom
|move|p1a: Garchomp|Stomping Tantrum|p2b: Volcarona
|-damage|p2b: Volcarona|0 fnt
|faint|p2b: Volcarona
|-damage|p1a: Garchomp|91/100|[from] item: Life Orb
|
|-heal|p1b: Farigiraf|22/100|[from] Grassy Terrain
|-heal|p1a: Garchomp|97/100|[from] Grassy Terrain
|-fieldend|move: Grassy Terrain
|upkeep
|
|t:|1756581764
|switch|p2a: Tyranitar|Tyranitar, L50, F|100/100
|switch|p2b: Dragonite|Dragonite, L50, M|100/100
|-weather|Sandstorm|[from] ability: Sand Stream|[of] p2a: Tyranitar
|turn|6
|
|t:|1756581795
|-terastallize|p1a: Garchomp|Steel
|move|p1b: Farigiraf|Protect|p1b: Farigiraf
|-singleturn|p1b: Farigiraf|Protect
|move|p2b: Dragonite|Scale Shot|p1a: Garchomp
|-resisted|p1a: Garchomp
|-damage|p1a: Garchomp|89/100
|-resisted|p1a: Garchomp
|-damage|p1a: Garchomp|82/100
|-resisted|p1a: Garchomp
|-damage|p1a: Garchomp|74/100
|-resisted|p1a: Garchomp
|-damage|p1a: Garchomp|67/100
|-hitcount|p1a: Garchomp|4
|-unboost|p2b: Dragonite|def|1
|-boost|p2b: Dragonite|spe|1
|move|p2a: Tyranitar|Knock Off|p1b: Farigiraf
|-activate|p1b: Farigiraf|move: Protect
|move|p1a: Garchomp|Rock Slide|p2a: Tyranitar|[spread] p2a,p2b
|-supereffective|p2b: Dragonite
|-damage|p2a: Tyranitar|75/100
|-damage|p2b: Dragonite|62/100
|-damage|p1a: Garchomp|57/100|[from] item: Life Orb
|
|-weather|Sandstorm|[upkeep]
|-damage|p1b: Farigiraf|16/100|[from] Sandstorm
|-damage|p2b: Dragonite|57/100|[from] Sandstorm
|upkeep
|turn|7
|
|t:|1756581818
|move|p2a: Tyranitar|Protect|p2a: Tyranitar
|-singleturn|p2a: Tyranitar|Protect
|move|p2b: Dragonite|Protect|p2b: Dragonite
|-singleturn|p2b: Dragonite|Protect
|move|p1b: Farigiraf|Hyper Voice|p2a: Tyranitar|[spread] 
|-activate|p2a: Tyranitar|move: Protect
|-activate|p2b: Dragonite|move: Protect
|move|p1a: Garchomp|Dragon Claw|p2a: Tyranitar
|-activate|p2a: Tyranitar|move: Protect
|
|-weather|Sandstorm|[upkeep]
|-damage|p1b: Farigiraf|9/100|[from] Sandstorm
|-damage|p2b: Dragonite|51/100|[from] Sandstorm
|-fieldend|move: Trick Room
|upkeep
|turn|8
|
|t:|1756581835
|-terastallize|p2a: Tyranitar|Flying
|move|p1a: Garchomp|Protect|p1a: Garchomp
|-singleturn|p1a: Garchomp|Protect
|move|p2b: Dragonite|Scale Shot|p1a: Garchomp
|-activate|p1a: Garchomp|move: Protect
|move|p2a: Tyranitar|Knock Off|p1b: Farigiraf
|-supereffective|p1b: Farigiraf
|-damage|p1b: Farigiraf|0 fnt
|faint|p1b: Farigiraf
|
|-weather|Sandstorm|[upkeep]
|-damage|p2b: Dragonite|45/100|[from] Sandstorm
|-damage|p2a: Tyranitar|70/100|[from] Sandstorm
|upkeep
|
|t:|1756581844
|switch|p1b: Annihilape|Annihilape, L50, F|100/100
|turn|9
|
|t:|1756581867
|move|p1b: Annihilape|Protect|p1b: Annihilape
|-singleturn|p1b: Annihilape|Protect
|move|p1a: Garchomp|Rock Slide|p2a: Tyranitar|[spread] p2a,p2b
|-supereffective|p2a: Tyranitar
|-supereffective|p2b: Dragonite
|-crit|p2b: Dragonite
|-damage|p2a: Tyranitar|23/100
|-damage|p2b: Dragonite|0 fnt
|faint|p2b: Dragonite
|-damage|p1a: Garchomp|47/100|[from] item: Life Orb
|move|p2a: Tyranitar|Tera Blast|p1b: Annihilape|[anim] Tera Blast Flying
|-activate|p1b: Annihilape|move: Protect
|
|-weather|Sandstorm|[upkeep]
|-damage|p1b: Annihilape|94/100|[from] Sandstorm
|-damage|p2a: Tyranitar|18/100|[from] Sandstorm
|-heal|p1b: Annihilape|100/100|[from] item: Leftovers
|upkeep
|turn|10
|
|t:|1756581883
|move|p1a: Garchomp|Dragon Claw|p2a: Tyranitar
|-damage|p2a: Tyranitar|0 fnt
|faint|p2a: Tyranitar
|-damage|p1a: Garchomp|37/100|[from] item: Life Orb
|
|win|OminousOgerpon360
|raw|OminousOgerpon360's rating: 1107 → 1133(+26 for winning)
|raw|Kurolax's rating: 1118 → 1092(-26 for losing)
|l|☆Kurolax
|player|p2|
|l|☆OminousOgerpon360
|player|p1|
|j|☆OminousOgerpon360
|player|p1|OminousOgerpon360|n|
