|j|☆DisisDanny
|j|☆pedriesta
|html|DisisDannypedriesta    
|uhtml|bestof|Game 2 of a best-of-3
|t:|1785692291
|gametype|doubles
|player|p1|DisisDanny|ingo|1192
|player|p2|pedriesta|1|1218
|gen|9
|tier|[Gen 9 Champions] VGC 2026 Reg M-B (Bo3)
|rated|
|rule|Species Clause: Limit one of each Pokémon
|rule|Item Clause: Limit 1 of each item
|clearpoke
|poke|p1|Tyranitar, L50, M|
|poke|p1|Excadrill, L50, M|
|poke|p1|Staraptor, L50, F|
|poke|p1|Sinistcha-Masterpiece, L50|
|poke|p1|Gholdengo, L50|
|poke|p1|Whimsicott, L50, F|
|poke|p2|Arcanine-Hisui, L50, F|
|poke|p2|Raichu, L50, M|
|poke|p2|Staraptor, L50, M|
|poke|p2|Farigiraf, L50, F|
|poke|p2|Sylveon, L50, M|
|poke|p2|Kingambit, L50, M|
|teampreview|4
|showteam|p1|Tyranitar||ChoiceScarf|SandStream|KnockOff,RockSlide,LowKick,IcePunch|Jolly||M|||50|]Excadrill||FocusSash|SandRush|IronHead,Earthquake,RockSlide,Protect|Brave||M|||50|]Staraptor||Staraptite|Intimidate|BraveBird,Tailwind,Protect,CloseCombat|Jolly||F|||50|]Sinistcha-Masterpiece||KasibBerry|Hospitality|MatchaGotcha,RagePowder,TrickRoom,Protect|Bold|||||50|]Gholdengo||LifeOrb|GoodasGold|ShadowBall,NastyPlot,MakeItRain,Protect|Modest|||||50|]Whimsicott||FairyFeather|Prankster|Moonblast,LightScreen,Charm,Protect|Modest||F|||50|
|showteam|p2|Arcanine-Hisui||FocusSash|RockHead|FlareBlitz,HeadSmash,ExtremeSpeed,Protect|Jolly||F|||50|]Raichu||RaichuniteY|LightningRod|ZapCannon,FocusBlast,Protect,FakeOut|Timid||M|||50|]Staraptor||Staraptite|Intimidate|BraveBird,CloseCombat,Protect,Tailwind|Jolly||M|||50|]Farigiraf||SitrusBerry|ArmorTail|Psychic,Thunderbolt,TrickRoom,HelpingHand|Bold||F|||50|]Sylveon||FairyFeather|Pixilate|HyperVoice,QuickAttack,HyperBeam,Detect|Modest||M|||50|]Kingambit||BlackGlasses|Defiant|KowtowCleave,SwordsDance,SuckerPunch,Protect|Adamant||M|||50|
|inactive|Battle timer is ON: inactive players will automatically lose when time's up. (requested by pedriesta)
|
|t:|1785692321
|teamsize|p1|4
|teamsize|p2|4
|start
|switch|p1a: Excadrill|Excadrill, L50, M|100/100
|switch|p1b: Staraptor|Staraptor, L50, F|100/100
|switch|p2a: Staraptor|Staraptor, L50, M|100/100
|switch|p2b: Sylveon|Sylveon, L50, M|100/100
|-ability|p1b: Staraptor|Intimidate|boost
|-unboost|p2a: Staraptor|atk|1
|-unboost|p2b: Sylveon|atk|1
|-ability|p2a: Staraptor|Intimidate|boost
|-unboost|p1a: Excadrill|atk|1
|-unboost|p1b: Staraptor|atk|1
|turn|1
|inactive|DisisDanny has 30 seconds left.
|inactive|pedriesta has 30 seconds left.
|inactive|pedriesta has 20 seconds left.
|inactive|pedriesta has 15 seconds left.
|
|t:|1785692364
|switch|p1b: Tyranitar|Tyranitar, L50, M|100/100
|-weather|Sandstorm|[from] ability: Sand Stream|[of] p1b: Tyranitar
|move|p2b: Sylveon|Detect|p2b: Sylveon
|-singleturn|p2b: Sylveon|Protect
|move|p1a: Excadrill|Iron Head|p2b: Sylveon
|-activate|p2b: Sylveon|move: Protect
|move|p2a: Staraptor|Brave Bird|p1b: Tyranitar
|-resisted|p1b: Tyranitar|1
|-damage|p1b: Tyranitar|83/100
|-damage|p2a: Staraptor|94/100|[from] Recoil
|
|-weather|Sandstorm|[upkeep]
|-damage|p2a: Staraptor|88/100|[from] Sandstorm
|-damage|p2b: Sylveon|93/100|[from] Sandstorm
|upkeep
|turn|2
|
|t:|1785692388
|switch|p2a: Farigiraf|Farigiraf, L50, F|100/100
|switch|p2b: Kingambit|Kingambit, L50, M|100/100
|move|p1a: Excadrill|Iron Head|p2b: Kingambit
|-resisted|p2b: Kingambit|1
|-damage|p2b: Kingambit|87/100
|move|p1b: Tyranitar|Ice Punch|p2a: Farigiraf
|-damage|p2a: Farigiraf|78/100
|
|-weather|Sandstorm|[upkeep]
|-damage|p2a: Farigiraf|73/100|[from] Sandstorm
|upkeep
|turn|3
|inactive|DisisDanny has 30 seconds left.
|
|t:|1785692422
|switch|p1b: Sinistcha|Sinistcha-Masterpiece, L50|100/100
|move|p2b: Kingambit|Protect|p2b: Kingambit
|-singleturn|p2b: Kingambit|Protect
|move|p1a: Excadrill|Earthquake|p2a: Farigiraf|[spread] p1b,p2a
|-activate|p2b: Kingambit|move: Protect
|-resisted|p1b: Sinistcha|1
|-damage|p1b: Sinistcha|87/100
|-damage|p2a: Farigiraf|51/100
|move|p2a: Farigiraf|Trick Room|p2a: Farigiraf
|-fieldstart|move: Trick Room|[of] p2a: Farigiraf
|
|-weather|Sandstorm|[upkeep]
|-damage|p2a: Farigiraf|45/100|[from] Sandstorm
|-damage|p1b: Sinistcha|81/100|[from] Sandstorm
|-enditem|p2a: Farigiraf|Sitrus Berry|[eat]
|-heal|p2a: Farigiraf|69/100|[from] item: Sitrus Berry
|upkeep
|turn|4
|
|t:|1785692446
|switch|p2b: Staraptor|Staraptor, L50, M|88/100
|-ability|p2b: Staraptor|Intimidate|boost
|-unboost|p1a: Excadrill|atk|1
|-unboost|p1b: Sinistcha|atk|1
|move|p1b: Sinistcha|Protect|p1b: Sinistcha
|-singleturn|p1b: Sinistcha|Protect
|move|p1a: Excadrill|Protect|p1a: Excadrill
|-singleturn|p1a: Excadrill|Protect
|move|p2a: Farigiraf|Psychic|p1a: Excadrill
|-activate|p1a: Excadrill|move: Protect
|
|-weather|Sandstorm|[upkeep]
|-damage|p2a: Farigiraf|64/100|[from] Sandstorm
|-damage|p1b: Sinistcha|75/100|[from] Sandstorm
|-damage|p2b: Staraptor|81/100|[from] Sandstorm
|upkeep
|turn|5
|
|t:|1785692468
|switch|p1a: Staraptor|Staraptor, L50, F|100/100
|-ability|p1a: Staraptor|Intimidate|boost
|-unboost|p2a: Farigiraf|atk|1
|-unboost|p2b: Staraptor|atk|1
|detailschange|p2b: Staraptor|Staraptor-Mega, L50, M
|-mega|p2b: Staraptor|Staraptor|Staraptite
|move|p2a: Farigiraf|Psychic|p1a: Staraptor
|-damage|p1a: Staraptor|47/100
|move|p2b: Staraptor|Close Combat|p1a: Staraptor
|-damage|p1a: Staraptor|0 fnt
|-boost|p2b: Staraptor|def|1
|-boost|p2b: Staraptor|spd|1
|faint|p1a: Staraptor
|move|p1b: Sinistcha|Trick Room|p1b: Sinistcha
|-fieldend|move: Trick Room
|
|-weather|none
|upkeep
|
|t:|1785692483
|switch|p1a: Excadrill|Excadrill, L50, M|100/100
|turn|6
|inactive|pedriesta has 30 seconds left.
|inactive|pedriesta has 20 seconds left.
|inactive|pedriesta has 15 seconds left.
|
|t:|1785692523
|switch|p1b: Tyranitar|Tyranitar, L50, M|83/100
|-weather|Sandstorm|[from] ability: Sand Stream|[of] p1b: Tyranitar
|move|p1a: Excadrill|Rock Slide|p2b: Staraptor|[spread] p2a,p2b
|-crit|p2b: Staraptor
|-damage|p2a: Farigiraf|47/100
|-damage|p2b: Staraptor|49/100
|move|p2b: Staraptor|Close Combat|p1a: Excadrill
|-supereffective|p1a: Excadrill|1
|-enditem|p1a: Excadrill|Focus Sash
|-damage|p1a: Excadrill|1/100
|-boost|p2b: Staraptor|def|1
|-boost|p2b: Staraptor|spd|1
|move|p2a: Farigiraf|Psychic|p1a: Excadrill
|-resisted|p1a: Excadrill|1
|-damage|p1a: Excadrill|0 fnt
|faint|p1a: Excadrill
|
|-weather|Sandstorm|[upkeep]
|-damage|p2b: Staraptor|43/100|[from] Sandstorm
|-damage|p2a: Farigiraf|41/100|[from] Sandstorm
|upkeep
|
|t:|1785692535
|switch|p1a: Sinistcha|Sinistcha-Masterpiece, L50|75/100
|-heal|p1b: Tyranitar|100/100|[from] ability: Hospitality|[of] p1a: Sinistcha
|turn|7
|
|t:|1785692552
|move|p2a: Farigiraf|Helping Hand|p2b: Staraptor
|-singleturn|p2b: Staraptor|Helping Hand|[of] p2a: Farigiraf
|move|p1a: Sinistcha|Rage Powder|p1a: Sinistcha
|-singleturn|p1a: Sinistcha|move: Rage Powder
|move|p1b: Tyranitar|Ice Punch|p2b: Staraptor
|-supereffective|p2b: Staraptor|1
|-damage|p2b: Staraptor|14/100
|move|p2b: Staraptor|Brave Bird|p1a: Sinistcha
|-supereffective|p1a: Sinistcha|1
|-damage|p1a: Sinistcha|0 fnt
|faint|p1a: Sinistcha
|-damage|p2b: Staraptor|0 fnt|[from] Recoil
|faint|p2b: Staraptor
|
|-weather|Sandstorm|[upkeep]
|-damage|p2a: Farigiraf|35/100|[from] Sandstorm
|upkeep
|
|t:|1785692563
|switch|p2b: Sylveon|Sylveon, L50, M|93/100
|turn|8
|-message|DisisDanny forfeited.
|
|win|pedriesta
|l|☆DisisDanny
|player|p1|
||DisisDanny is ready for game 3.
|inactive|pedriesta has 30 seconds to confirm battle start!
|inactive|pedriesta has 20 seconds to confirm battle start!
|inactive|pedriesta has 10 seconds to confirm battle start!
||pedriesta is ready for game 3.
|uhtml|next|Next: Game 3 of 3
|l|☆pedriesta
|player|p2|
|j|☆pedriesta
|player|p2|pedriesta|1|
