|j|☆ThePrinceofNT
|j|☆axcoquette
|html|ThePrinceofNTaxcoquette    
|uhtml|bestof|Game 2 of a best-of-3
|t:|1783478470
|gametype|doubles
|player|p1|ThePrinceofNT|265|1177
|player|p2|axcoquette|maid|1170
|gen|9
|tier|[Gen 9 Champions] VGC 2026 Reg M-B (Bo3)
|rated|
|rule|Species Clause: Limit one of each Pokémon
|rule|Item Clause: Limit 1 of each item
|clearpoke
|poke|p1|Tyranitar, L50, F|
|poke|p1|Excadrill, L50, F|
|poke|p1|Sneasler, L50, F|
|poke|p1|Hydreigon, L50, F|
|poke|p1|Gardevoir, L50, M|
|poke|p1|Whimsicott, L50, F|
|poke|p2|Delphox, L50, F|
|poke|p2|Sneasler, L50, F|
|poke|p2|Sinistcha, L50|
|poke|p2|Incineroar, L50, F|
|poke|p2|Kingambit, L50, F|
|poke|p2|Floette-Eternal, L50, F|
|teampreview|4
|showteam|p1|Tyranitar||Tyranitarite|SandStream|DragonDance,RockSlide,KnockOff,Protect|Jolly||F|||50|]Excadrill||LifeOrb|SandRush|RockSlide,HighHorsepower,IronHead,Protect|Adamant||F|||50|]Sneasler||FocusSash|PoisonTouch|PoisonJab,CloseCombat,Protect,FakeOut|Jolly||F|||50|]Hydreigon||ChoiceScarf|Levitate|DarkPulse,EarthPower,DracoMeteor,FireBlast|Modest||F|||50|]Gardevoir||Gardevoirite|Synchronize|HyperVoice,Protect,Psychic,CalmMind|Timid||M|||50|]Whimsicott||FairyFeather|Prankster|Moonblast,Encore,Tailwind,HelpingHand|Timid||F|||50|
|showteam|p2|Delphox||Delphoxite|Blaze|Protect,NastyPlot,HeatWave,Psychic|Timid||F|||50|]Sneasler||FocusSash|PoisonTouch|Protect,FakeOut,PoisonJab,CloseCombat|Jolly||F|||50|]Sinistcha||KasibBerry|Hospitality|Protect,RagePowder,MatchaGotcha,LifeDew|Bold|||||50|]Incineroar||SitrusBerry|Intimidate|FakeOut,FlareBlitz,HelpingHand,PartingShot|Careful||F|||50|]Kingambit||BlackGlasses|Defiant|KowtowCleave,SwordsDance,SuckerPunch,Protect|Adamant||F|||50|]Floette-Eternal||Floettite|FlowerVeil|Moonblast,DazzlingGleam,CalmMind,Protect|Modest||F|||50|
|inactive|Battle timer is ON: inactive players will automatically lose when time's up. (requested by axcoquette)
|
|t:|1783478494
|teamsize|p1|4
|teamsize|p2|4
|start
|switch|p1a: Sneasler|Sneasler, L50, F|100/100
|switch|p1b: Tyranitar|Tyranitar, L50, F|100/100
|switch|p2a: Sinistcha|Sinistcha, L50|100/100
|switch|p2b: Sneasler|Sneasler, L50, F|100/100
|-weather|Sandstorm|[from] ability: Sand Stream|[of] p1b: Tyranitar
|turn|1
|
|t:|1783478511
|detailschange|p1b: Tyranitar|Tyranitar-Mega, L50, F
|-mega|p1b: Tyranitar|Tyranitar|Tyranitarite
|move|p1a: Sneasler|Fake Out|p2b: Sneasler
|-damage|p2b: Sneasler|75/100
|cant|p2b: Sneasler|flinch
|move|p1b: Tyranitar|Dragon Dance|p1b: Tyranitar
|-boost|p1b: Tyranitar|atk|1
|-boost|p1b: Tyranitar|spe|1
|move|p2a: Sinistcha|Matcha Gotcha|p1a: Sneasler|[spread] p1a,p1b
|-resisted|p1a: Sneasler|1
|-supereffective|p1b: Tyranitar|1
|-damage|p1a: Sneasler|84/100
|-damage|p1b: Tyranitar|73/100
|
|-weather|Sandstorm|[upkeep]
|-damage|p2b: Sneasler|69/100|[from] Sandstorm
|-damage|p1a: Sneasler|78/100|[from] Sandstorm
|-damage|p2a: Sinistcha|93/100|[from] Sandstorm
|upkeep
|turn|2
|
|t:|1783478529
|move|p2a: Sinistcha|Rage Powder|p2a: Sinistcha
|-singleturn|p2a: Sinistcha|move: Rage Powder
|move|p1b: Tyranitar|Rock Slide|p2a: Sinistcha|[spread] p2a,p2b
|-resisted|p2b: Sneasler|1
|-damage|p2a: Sinistcha|58/100
|-damage|p2b: Sneasler|29/100
|move|p1a: Sneasler|Poison Jab|p2a: Sinistcha
|-damage|p2a: Sinistcha|26/100
|-status|p2a: Sinistcha|psn
|move|p2b: Sneasler|Close Combat|p1b: Tyranitar
|-supereffective|p1b: Tyranitar|2
|-damage|p1b: Tyranitar|0 fnt
|-unboost|p2b: Sneasler|def|1
|-unboost|p2b: Sneasler|spd|1
|faint|p1b: Tyranitar
|
|-weather|Sandstorm|[upkeep]
|-damage|p1a: Sneasler|73/100|[from] Sandstorm
|-damage|p2b: Sneasler|23/100|[from] Sandstorm
|-damage|p2a: Sinistcha|20/100y psn|[from] Sandstorm
|-damage|p2a: Sinistcha|7/100 psn|[from] psn
|upkeep
|
|t:|1783478544
|switch|p1b: Excadrill|Excadrill, L50, F|100/100
|turn|3
|
|t:|1783478553
|switch|p2a: Incineroar|Incineroar, L50, F|100/100
|-ability|p2a: Incineroar|Intimidate|boost
|-unboost|p1a: Sneasler|atk|1
|-unboost|p1b: Excadrill|atk|1
|move|p2b: Sneasler|Protect|p2b: Sneasler
|-singleturn|p2b: Sneasler|Protect
|move|p1b: Excadrill|Rock Slide|p2a: Incineroar|[spread] p2a
|-activate|p2b: Sneasler|move: Protect
|-supereffective|p2a: Incineroar|1
|-damage|p2a: Incineroar|67/100
|-damage|p1b: Excadrill|90/100|[from] item: Life Orb
|move|p1a: Sneasler|Close Combat|p2b: Sneasler
|-activate|p2b: Sneasler|move: Protect
|
|-weather|Sandstorm|[upkeep]
|-damage|p1a: Sneasler|67/100|[from] Sandstorm
|-damage|p2b: Sneasler|17/100|[from] Sandstorm
|-damage|p2a: Incineroar|61/100|[from] Sandstorm
|upkeep
|turn|4
|inactive|axcoquette has 30 seconds left.
|inactive|axcoquette has 20 seconds left.
|inactive|axcoquette has 15 seconds left.
|
|t:|1783478594
|switch|p2b: Floette|Floette-Eternal, L50, F|100/100
|switch|p2a: Sinistcha|Sinistcha, L50|7/100 psn
|move|p1b: Excadrill|High Horsepower|p2a: Sinistcha
|-resisted|p2a: Sinistcha|1
|-damage|p2a: Sinistcha|0 fnt
|faint|p2a: Sinistcha
|-damage|p1b: Excadrill|80/100|[from] item: Life Orb
|move|p1a: Sneasler|Close Combat|p2b: Floette
|-resisted|p2b: Floette|1
|-damage|p2b: Floette|75/100
|-unboost|p1a: Sneasler|def|1
|-unboost|p1a: Sneasler|spd|1
|-status|p2b: Floette|psn|[from] ability: Poison Touch|[of] p1a: Sneasler
|
|-weather|Sandstorm|[upkeep]
|-damage|p1a: Sneasler|61/100|[from] Sandstorm
|-damage|p2b: Floette|69/100 psn|[from] Sandstorm
|-damage|p2b: Floette|56/100 psn|[from] psn
|upkeep
|
|t:|1783478613
|switch|p2a: Incineroar|Incineroar, L50, F|61/100
|-ability|p2a: Incineroar|Intimidate|boost
|-unboost|p1a: Sneasler|atk|1
|-unboost|p1b: Excadrill|atk|1
|turn|5
|
|t:|1783478621
|switch|p1b: Whimsicott|Whimsicott, L50, F|100/100
|detailschange|p2b: Floette|Floette-Mega, L50, F
|-mega|p2b: Floette|Floette|Floettite
|-ability|p2b: Floette|Fairy Aura
|move|p1a: Sneasler|Protect|p1a: Sneasler
|-singleturn|p1a: Sneasler|Protect
|move|p2b: Floette|Protect|p2b: Floette
|-singleturn|p2b: Floette|Protect
|move|p2a: Incineroar|Fake Out|p1b: Whimsicott
|-damage|p1b: Whimsicott|86/100
|
|-weather|none
|-damage|p2b: Floette|44/100 psn|[from] psn
|upkeep
|turn|6
|
|t:|1783478645
|switch|p2b: Sneasler|Sneasler, L50, F|17/100
|move|p1b: Whimsicott|Tailwind|p1b: Whimsicott
|-sidestart|p1: ThePrinceofNT|move: Tailwind
|move|p1a: Sneasler|Poison Jab|p2b: Sneasler
|-resisted|p2b: Sneasler|1
|-damage|p2b: Sneasler|1/100
|move|p2a: Incineroar|Parting Shot|p1a: Sneasler
|-unboost|p1a: Sneasler|atk|1
|-unboost|p1a: Sneasler|spa|1
|
|t:|1783478654
|switch|p2a: Floette|Floette-Mega, L50, F|44/100 psn|[from] Parting Shot
|-ability|p2a: Floette|Fairy Aura
|
|-damage|p2a: Floette|32/100 psn|[from] psn
|upkeep
|turn|7
|
|t:|1783478662
|move|p1a: Sneasler|Protect|p1a: Sneasler
|-singleturn|p1a: Sneasler|Protect
|move|p2b: Sneasler|Fake Out|p1a: Sneasler
|-activate|p1a: Sneasler|move: Protect
|move|p1b: Whimsicott|Moonblast|p2a: Floette
|-damage|p2a: Floette|0 fnt
|faint|p2a: Floette
|
|upkeep
|
|t:|1783478664
|switch|p2a: Incineroar|Incineroar, L50, F|61/100
|-ability|p2a: Incineroar|Intimidate|boost
|-unboost|p1a: Sneasler|atk|1
|-unboost|p1b: Whimsicott|atk|1
|turn|8
|
|t:|1783478682
|move|p2a: Incineroar|Fake Out|p1a: Sneasler
|-damage|p1a: Sneasler|36/100
|move|p1b: Whimsicott|Encore|p2b: Sneasler
|-start|p2b: Sneasler|Encore
|move|p2b: Sneasler|Fake Out||[still]
|-hint|Fake Out only works on your first turn out.
|-fail|p2b: Sneasler
|cant|p1a: Sneasler|flinch
|
|upkeep
|turn|9
|
|t:|1783478696
|move|p1a: Sneasler|Close Combat|p2a: Incineroar
|-supereffective|p2a: Incineroar|1
|-damage|p2a: Incineroar|25/100
|-unboost|p1a: Sneasler|def|1
|-unboost|p1a: Sneasler|spd|1
|-status|p2a: Incineroar|psn|[from] ability: Poison Touch|[of] p1a: Sneasler
|-enditem|p2a: Incineroar|Sitrus Berry|[eat]
|-heal|p2a: Incineroar|50/100g psn|[from] item: Sitrus Berry
|move|p1b: Whimsicott|Moonblast|p2a: Incineroar
|-damage|p2a: Incineroar|26/100 psn
|-unboost|p2a: Incineroar|spa|1
|-activate|p2b: Sneasler|move: Struggle
|move|p2b: Sneasler|Struggle|p1b: Whimsicott
|-damage|p1b: Whimsicott|64/100
|-damage|p2b: Sneasler|0 fnt|[from] recoil
|faint|p2b: Sneasler
|move|p2a: Incineroar|Flare Blitz|p1b: Whimsicott
|-supereffective|p1b: Whimsicott|1
|-damage|p1b: Whimsicott|0 fnt
|faint|p1b: Whimsicott
|-damage|p2a: Incineroar|8/100 psn|[from] Recoil
|
|-damage|p2a: Incineroar|0 fnt|[from] psn
|faint|p2a: Incineroar
|
|win|ThePrinceofNT
