|j|☆TetheredAvian74
|j|☆teachmehowtodance
|html|TetheredAvian74teachmehowtodance    
|uhtml|bestof|Game 1 of a best-of-3
|t:|1784741681
|gametype|doubles
|player|p1|TetheredAvian74|101|1061
|player|p2|teachmehowtodance|unknownf|1000
|gen|9
|tier|[Gen 9 Champions] VGC 2026 Reg M-B (Bo3)
|rated|
|rule|Species Clause: Limit one of each Pokémon
|rule|Item Clause: Limit 1 of each item
|clearpoke
|poke|p1|Pelipper, L50, M|
|poke|p1|Krookodile, L50, F|
|poke|p1|Sinistcha, L50|
|poke|p1|Blastoise, L50, F|
|poke|p1|Archaludon, L50, M|
|poke|p1|Raichu, L50, M|
|poke|p2|Charizard, L50, F|
|poke|p2|Floette-Eternal, L50, F|
|poke|p2|Basculegion, L50, M|
|poke|p2|Whimsicott, L50, M|
|poke|p2|Garchomp, L50, F|
|poke|p2|Kingambit, L50, M|
|teampreview|4
|showteam|p1|Pelipper||FocusSash|Drizzle|Tailwind,Protect,Hurricane,WeatherBall|Modest||M|||50|]Krookodile||ChoiceScarf|Intimidate|Earthquake,RockSlide,BreakingSwipe,KnockOff|Jolly||F|||50|]Sinistcha||SitrusBerry|Hospitality|RagePowder,LifeDew,MatchaGotcha,Protect|Calm|||||50|]Blastoise||Blastoisinite|RainDish|ShellSmash,WaterSpout,DarkPulse,Protect|Modest||F|||50|]Archaludon||Leftovers|Stamina|ElectroShot,DragonPulse,AuraSphere,Protect|Calm||M|||50|]Raichu||RaichuniteX|LightningRod|Feint,VoltTackle,VoltSwitch,BrickBreak|Jolly||M|||50|
|showteam|p2|Charizard||CharizarditeY|Blaze|HeatWave,SolarBeam,WeatherBall,Protect|Timid||F|||50|]Floette-Eternal||Floettite|FlowerVeil|LightofRuin,Moonblast,DazzlingGleam,Protect|Timid||F|||50|]Basculegion||ChoiceScarf|Adaptability|LastRespects,WaveCrash,AquaJet,FlipTurn|Adamant||M|||50|]Whimsicott||FocusSash|Prankster|Tailwind,Moonblast,Encore,GrassKnot|Timid||M|||50|]Garchomp||SitrusBerry|RoughSkin|Earthquake,RockSlide,DragonClaw,Protect|Jolly||F|||50|]Kingambit||BlackGlasses|Defiant|KowtowCleave,SuckerPunch,IronHead,Protect|Adamant||M|||50|
|inactive|Battle timer is ON: inactive players will automatically lose when time's up. (requested by TetheredAvian74)
|inactive|TetheredAvian74 has 60 seconds left.
|inactive|teachmehowtodance has 60 seconds left.
|
|t:|1784741727
|teamsize|p1|4
|teamsize|p2|4
|start
|switch|p1a: Raichu|Raichu, L50, M|100/100
|switch|p1b: Krookodile|Krookodile, L50, F|100/100
|switch|p2a: Charizard|Charizard, L50, F|100/100
|switch|p2b: Whimsicott|Whimsicott, L50, M|100/100
|-ability|p1b: Krookodile|Intimidate|boost
|-unboost|p2a: Charizard|atk|1
|-unboost|p2b: Whimsicott|atk|1
|turn|1
|inactive|teachmehowtodance has 30 seconds left.
|inactive|teachmehowtodance has 20 seconds left.
|inactive|teachmehowtodance has 15 seconds left.
|inactive|teachmehowtodance has 10 seconds left.
|
|t:|1784741776
|detailschange|p1a: Raichu|Raichu-Mega-X, L50, M
|-mega|p1a: Raichu|Raichu|Raichunite X
|-fieldstart|move: Electric Terrain|[from] ability: Electric Surge|[of] p1a: Raichu
|detailschange|p2a: Charizard|Charizard-Mega-Y, L50, F
|-mega|p2a: Charizard|Charizard|Charizardite Y
|-weather|SunnyDay|[from] ability: Drought|[of] p2a: Charizard
|move|p1a: Raichu|Feint|p2a: Charizard
|-damage|p2a: Charizard|83/100
|move|p2b: Whimsicott|Tailwind|p2b: Whimsicott
|-sidestart|p2: teachmehowtodance|move: Tailwind
|move|p2a: Charizard|Weather Ball|p1a: Raichu
|-damage|p1a: Raichu|0 fnt
|faint|p1a: Raichu
|move|p1b: Krookodile|Rock Slide|p2a: Charizard|[spread] p2a,p2b
|-supereffective|p2a: Charizard|2
|-damage|p2a: Charizard|0 fnt
|-damage|p2b: Whimsicott|70/100
|faint|p2a: Charizard
|
|-weather|SunnyDay|[upkeep]
|upkeep
|
|t:|1784741795
|switch|p1a: Pelipper|Pelipper, L50, M|100/100
|switch|p2a: Garchomp|Garchomp, L50, F|100/100
|-weather|RainDance|[from] ability: Drizzle|[of] p1a: Pelipper
|turn|2
|
|t:|1784741812
|switch|p2b: Basculegion|Basculegion, L50, M|100/100
|move|p2a: Garchomp|Dragon Claw|p1b: Krookodile
|-damage|p1b: Krookodile|49/100
|move|p1b: Krookodile|Rock Slide|p2a: Garchomp|[spread] p2a,p2b
|-resisted|p2a: Garchomp|1
|-damage|p2a: Garchomp|90/100
|-damage|p2b: Basculegion|76/100
|move|p1a: Pelipper|Tailwind|p1a: Pelipper
|-sidestart|p1: TetheredAvian74|move: Tailwind
|
|-weather|RainDance|[upkeep]
|upkeep
|turn|3
|inactive|TetheredAvian74 has 30 seconds left.
|
|t:|1784741838
|switch|p1b: Archaludon|Archaludon, L50, M|100/100
|move|p2b: Basculegion|Last Respects|p1a: Pelipper
|-damage|p1a: Pelipper|28/100
|move|p2a: Garchomp|Dragon Claw|p1b: Archaludon
|-damage|p1b: Archaludon|70/100
|-ability|p1b: Archaludon|Stamina|boost
|-boost|p1b: Archaludon|def|1
|move|p1a: Pelipper|Hurricane|p2a: Garchomp
|-damage|p2a: Garchomp|42/100
|-start|p2a: Garchomp|confusion
|-enditem|p2a: Garchomp|Sitrus Berry|[eat]
|-heal|p2a: Garchomp|67/100|[from] item: Sitrus Berry
|
|-weather|RainDance|[upkeep]
|-heal|p1b: Archaludon|76/100|[from] item: Leftovers
|upkeep
|turn|4
|inactive|TetheredAvian74 has 30 seconds left.
|inactive|teachmehowtodance has 30 seconds left.
|inactive|teachmehowtodance has 20 seconds left.
|
|t:|1784741874
|switch|p1a: Krookodile|Krookodile, L50, F|49/100
|-ability|p1a: Krookodile|Intimidate|boost
|-unboost|p2a: Garchomp|atk|1
|-unboost|p2b: Basculegion|atk|1
|move|p2b: Basculegion|Last Respects|p1b: Archaludon
|-damage|p1b: Archaludon|53/100
|-ability|p1b: Archaludon|Stamina|boost
|-boost|p1b: Archaludon|def|1
|-activate|p2a: Garchomp|confusion
|move|p2a: Garchomp|Rock Slide|p1a: Krookodile|[spread] p1a
|-miss|p2a: Garchomp|p1b: Archaludon
|-resisted|p1a: Krookodile|1
|-damage|p1a: Krookodile|41/100
|move|p1b: Archaludon|Dragon Pulse|p2a: Garchomp
|-supereffective|p2a: Garchomp|1
|-damage|p2a: Garchomp|0 fnt
|faint|p2a: Garchomp
|
|-weather|RainDance|[upkeep]
|-heal|p1b: Archaludon|59/100|[from] item: Leftovers
|-sideend|p2: teachmehowtodance|move: Tailwind
|upkeep
|
|t:|1784741882
|switch|p2a: Whimsicott|Whimsicott, L50, M|70/100
|turn|5
|inactive|TetheredAvian74 has 30 seconds left.
|
|t:|1784741911
|move|p1a: Krookodile|Knock Off|p2b: Basculegion
|-supereffective|p2b: Basculegion|1
|-damage|p2b: Basculegion|0 fnt
|-enditem|p2b: Basculegion|Choice Scarf|[from] move: Knock Off|[of] p1a: Krookodile
|faint|p2b: Basculegion
|move|p1b: Archaludon|Electro Shot||[still]
|-prepare|p1b: Archaludon|Electro Shot
|-boost|p1b: Archaludon|spa|1
|-anim|p1b: Archaludon|Electro Shot|p2a: Whimsicott
|-resisted|p2a: Whimsicott|1
|-damage|p2a: Whimsicott|15/100
|move|p2a: Whimsicott|Grass Knot|p1b: Archaludon
|-resisted|p1b: Archaludon|2
|-damage|p1b: Archaludon|53/100
|-ability|p1b: Archaludon|Stamina|boost
|-boost|p1b: Archaludon|def|1
|
|-weather|RainDance|[upkeep]
|-heal|p1b: Archaludon|59/100|[from] item: Leftovers
|-sideend|p1: TetheredAvian74|move: Tailwind
|-fieldend|move: Electric Terrain
|upkeep
|turn|6
|
|t:|1784741924
|move|p1a: Krookodile|Knock Off|p2a: Whimsicott
|-resisted|p2a: Whimsicott|1
|-damage|p2a: Whimsicott|0 fnt
|-enditem|p2a: Whimsicott|Focus Sash|[from] move: Knock Off|[of] p1a: Krookodile
|faint|p2a: Whimsicott
|
|win|TetheredAvian74
||TetheredAvian74 is ready for game 2.
|inactive|teachmehowtodance has 30 seconds to confirm battle start!
|inactive|teachmehowtodance has 20 seconds to confirm battle start!
|inactive|teachmehowtodance has 10 seconds to confirm battle start!
|uhtml|next|Next: Game 2 of 3
|l|☆TetheredAvian74
|player|p1|
