|j|☆Ziik
|j|☆bimbo mafioso
|html|Ziikbimbo mafioso    
|uhtml|bestof|Game 2 of a best-of-3
|t:|1756751151
|gametype|doubles
|player|p1|Ziik|170|1074
|player|p2|bimbo mafioso|swimmerf|1160
|gen|9
|tier|[Gen 9] VGC 2025 Reg H (Bo3)
|rated|
|rule|Species Clause: Limit one of each Pokémon
|rule|Item Clause: Limit 1 of each item
|clearpoke
|poke|p1|Amoonguss, L50, F|
|poke|p1|Archaludon, L50, M|
|poke|p1|Basculegion, L50, M|
|poke|p1|Electabuzz, L50, M|
|poke|p1|Pelipper, L50, F|
|poke|p1|Rillaboom, L50, F|
|poke|p2|Gholdengo, L50|
|poke|p2|Amoonguss, L50, M|
|poke|p2|Basculegion, L50, M|
|poke|p2|Pelipper, L50, F|
|poke|p2|Incineroar, L50, F|
|poke|p2|Archaludon, L50, M|
|teampreview|4
|showteam|p1|Amoonguss||SitrusBerry|Regenerator|RagePowder,Spore,PollenPuff,ClearSmog|||F|||50|,,,,,Fire]Archaludon||AssaultVest|Stamina|ElectroShot,FlashCannon,DracoMeteor,BodyPress|||M|||50|,,,,,Bug]Basculegion||LifeOrb|SwiftSwim|WaveCrash,LastRespects,AquaJet,Protect|||M|||50|,,,,,Water]Electabuzz||Eviolite|VitalSpirit|FollowMe,Feint,Taunt,Electroweb|||M|||50|,,,,,Ghost]Pelipper||FocusSash|Drizzle|Protect,WeatherBall,Hurricane,Tailwind|||F|||50|,,,,,Stellar]Rillaboom||MiracleSeed|GrassySurge|FakeOut,GrassyGlide,WoodHammer,Uturn|||F|||50|,,,,,Fire
|showteam|p2|Gholdengo||LifeOrb|GoodasGold|MakeItRain,ShadowBall,NastyPlot,Protect||||||50|,,,,,Water]Amoonguss||SitrusBerry|Regenerator|Spore,RagePowder,PollenPuff,Protect|||M|||50|,,,,,Water]Basculegion||ChoiceBand|SwiftSwim|WaveCrash,AquaJet,LastRespects,FlipTurn|||M|||50|,,,,,Water]Pelipper||FocusSash|Drizzle|WeatherBall,Hurricane,Tailwind,Protect|||F|||50|,,,,,Ground]Incineroar||SafetyGoggles|Intimidate|FakeOut,KnockOff,Taunt,PartingShot|||F|||50|,,,,,Ghost]Archaludon||AssaultVest|Stamina|ElectroShot,FlashCannon,DracoMeteor,BodyPress|||M|||50|,,,,,Bug
|inactive|Battle timer is ON: inactive players will automatically lose when time's up. (requested by bimbo mafioso)
|
|t:|1756751169
|teamsize|p1|4
|teamsize|p2|4
|start
|switch|p1a: Ringoboom|Rillaboom, L50, F|100/100
|switch|p1b: Bridge|Archaludon, L50, M|100/100
|switch|p2a: Incineroar|Incineroar, L50, F|100/100
|switch|p2b: Archaludon|Archaludon, L50, M|100/100
|-fieldstart|move: Grassy Terrain|[from] ability: Grassy Surge|[of] p1a: Ringoboom
|-ability|p2a: Incineroar|Intimidate|boost
|-unboost|p1a: Ringoboom|atk|1
|-unboost|p1b: Bridge|atk|1
|turn|1
|
|t:|1756751194
|switch|p1a: Shrooms|Amoonguss, L50, F|100/100
|-terastallize|p1b: Bridge|Bug
|move|p2b: Archaludon|Flash Cannon|p1a: Shrooms
|-damage|p1a: Shrooms|70/100
|move|p1b: Bridge|Body Press|p2a: Incineroar
|-supereffective|p2a: Incineroar
|-damage|p2a: Incineroar|56/100
|move|p2a: Incineroar|Parting Shot|p1b: Bridge
|-unboost|p1b: Bridge|atk|1
|-unboost|p1b: Bridge|spa|1
|
|t:|1756751206
|switch|p2a: Amoonguss|Amoonguss, L50, M|100/100|[from] Parting Shot
|
|-heal|p1a: Shrooms|76/100|[from] Grassy Terrain
|upkeep
|turn|2
|
|t:|1756751219
|switch|p2b: Incineroar|Incineroar, L50, F|56/100
|-ability|p2b: Incineroar|Intimidate|boost
|-unboost|p1a: Shrooms|atk|1
|-unboost|p1b: Bridge|atk|1
|switch|p1b: Ringoboom|Rillaboom, L50, F|100/100
|move|p2a: Amoonguss|Pollen Puff|p2b: Incineroar
|-heal|p2b: Incineroar|100/100
|move|p1a: Shrooms|Spore|p2b: Incineroar
|-activate|p2b: Incineroar|item: Safety Goggles|Spore
|
|-heal|p1a: Shrooms|82/100|[from] Grassy Terrain
|upkeep
|turn|3
|inactive|Ziik has 30 seconds left.
|inactive|bimbo mafioso has 30 seconds left.
|
|t:|1756751267
|switch|p1a: Birb|Pelipper, L50, F|100/100
|-weather|RainDance|[from] ability: Drizzle|[of] p1a: Birb
|move|p1b: Ringoboom|U-turn|p2b: Incineroar
|-damage|p2b: Incineroar|79/100
|
|t:|1756751277
|switch|p1b: Shrooms|Amoonguss, L50, F|100/100|[from] U-turn
|move|p2b: Incineroar|Parting Shot|p1b: Shrooms
|-unboost|p1b: Shrooms|atk|1
|-unboost|p1b: Shrooms|spa|1
|
|t:|1756751282
|switch|p2b: Pelipper|Pelipper, L50, F|100/100|[from] Parting Shot
|move|p2a: Amoonguss|Pollen Puff|p1b: Shrooms
|-damage|p1b: Shrooms|87/100
|
|-weather|RainDance|[upkeep]
|-heal|p1b: Shrooms|93/100|[from] Grassy Terrain
|upkeep
|turn|4
|
|t:|1756751297
|move|p2b: Pelipper|Tailwind|p2b: Pelipper
|-sidestart|p2: bimbo mafioso|move: Tailwind
|move|p1a: Birb|Tailwind|p1a: Birb
|-sidestart|p1: Ziik|move: Tailwind
|move|p2a: Amoonguss|Spore|p1a: Birb
|-status|p1a: Birb|slp|[from] move: Spore
|move|p1b: Shrooms|Spore|p2b: Pelipper
|-status|p2b: Pelipper|slp|[from] move: Spore
|
|-weather|RainDance|[upkeep]
|-heal|p1b: Shrooms|99/100|[from] Grassy Terrain
|upkeep
|turn|5
|
|t:|1756751316
|switch|p1b: Bridge|Archaludon, L50, M, tera:Bug|100/100
|cant|p2b: Pelipper|slp
|cant|p1a: Birb|slp
|move|p2a: Amoonguss|Pollen Puff|p1a: Birb
|-resisted|p1a: Birb
|-damage|p1a: Birb|85/100 slp
|
|-weather|RainDance|[upkeep]
|-fieldend|move: Grassy Terrain
|upkeep
|turn|6
|inactive|Ziik has 30 seconds left.
|
|t:|1756751343
|switch|p2b: Archaludon|Archaludon, L50, M|100/100
|move|p1b: Bridge|Electro Shot||[still]
|-prepare|p1b: Bridge|Electro Shot
|-boost|p1b: Bridge|spa|1
|-anim|p1b: Bridge|Electro Shot|p2a: Amoonguss
|-resisted|p2a: Amoonguss
|-damage|p2a: Amoonguss|76/100
|cant|p1a: Birb|slp
|move|p2a: Amoonguss|Spore|p1b: Bridge
|-status|p1b: Bridge|slp|[from] move: Spore
|
|-weather|RainDance|[upkeep]
|upkeep
|turn|7
|inactive|bimbo mafioso has 30 seconds left.
|
|t:|1756751373
|switch|p1a: Shrooms|Amoonguss, L50, F|100/100
|switch|p2a: Incineroar|Incineroar, L50, F|79/100
|-ability|p2a: Incineroar|Intimidate|boost
|-unboost|p1a: Shrooms|atk|1
|-unboost|p1b: Bridge|atk|1
|move|p2b: Archaludon|Electro Shot||[still]
|-prepare|p2b: Archaludon|Electro Shot
|-boost|p2b: Archaludon|spa|1
|-anim|p2b: Archaludon|Electro Shot|p1b: Bridge
|-damage|p1b: Bridge|56/100 slp
|-ability|p1b: Bridge|Stamina|boost
|-boost|p1b: Bridge|def|1
|cant|p1b: Bridge|slp
|
|-weather|none
|-sideend|p1: Ziik|move: Tailwind
|-sideend|p2: bimbo mafioso|move: Tailwind
|upkeep
|turn|8
|inactive|Ziik has 30 seconds left.
|inactive|bimbo mafioso has 30 seconds left.
|inactive|bimbo mafioso has 20 seconds left.
|
|t:|1756751410
|move|p2b: Archaludon|Draco Meteor|p1b: Bridge
|-damage|p1b: Bridge|0 fnt
|-unboost|p2b: Archaludon|spa|2
|faint|p1b: Bridge
|move|p2a: Incineroar|Taunt|p1a: Shrooms
|-start|p1a: Shrooms|move: Taunt
|cant|p1a: Shrooms|move: Taunt|Spore
|
|upkeep
|
|t:|1756751421
|switch|p1b: Ringoboom|Rillaboom, L50, F|100/100
|-fieldstart|move: Grassy Terrain|[from] ability: Grassy Surge|[of] p1b: Ringoboom
|turn|9
|inactive|bimbo mafioso has 30 seconds left.
|
|t:|1756751457
|move|p2b: Archaludon|Flash Cannon|p1b: Ringoboom
|-damage|p1b: Ringoboom|73/100
|move|p1b: Ringoboom|U-turn|p2a: Incineroar
|-damage|p2a: Incineroar|59/100
|
|t:|1756751467
|switch|p1b: Birb|Pelipper, L50, F|85/100 slp|[from] U-turn
|-weather|RainDance|[from] ability: Drizzle|[of] p1b: Birb
|move|p2a: Incineroar|Parting Shot|p1b: Birb
|-unboost|p1b: Birb|atk|1
|-unboost|p1b: Birb|spa|1
|
|t:|1756751472
|switch|p2a: Pelipper|Pelipper, L50, F|100/100 slp|[from] Parting Shot
|move|p1a: Shrooms|Pollen Puff|p2a: Pelipper
|-resisted|p2a: Pelipper
|-damage|p2a: Pelipper|86/100 slp
|
|-weather|RainDance|[upkeep]
|upkeep
|turn|10
|
|t:|1756751487
|switch|p1a: Ringoboom|Rillaboom, L50, F|73/100
|-curestatus|p1b: Birb|slp|[msg]
|move|p1b: Birb|Protect|p1b: Birb
|-singleturn|p1b: Birb|Protect
|move|p2b: Archaludon|Electro Shot||[still]
|-prepare|p2b: Archaludon|Electro Shot
|-boost|p2b: Archaludon|spa|1
|-anim|p2b: Archaludon|Electro Shot|p1b: Birb
|-activate|p1b: Birb|move: Protect
|cant|p2a: Pelipper|slp
|
|-weather|RainDance|[upkeep]
|-heal|p1a: Ringoboom|80/100|[from] Grassy Terrain
|upkeep
|turn|11
|inactive|bimbo mafioso has 30 seconds left.
|
|t:|1756751514
|switch|p1b: Shrooms|Amoonguss, L50, F|100/100
|move|p2b: Archaludon|Electro Shot||[still]
|-prepare|p2b: Archaludon|Electro Shot
|-boost|p2b: Archaludon|spa|1
|-anim|p2b: Archaludon|Electro Shot|p1b: Shrooms
|-resisted|p1b: Shrooms
|-damage|p1b: Shrooms|75/100
|move|p1a: Ringoboom|Wood Hammer|p2a: Pelipper
|-damage|p2a: Pelipper|0 fnt
|faint|p2a: Pelipper
|-damage|p1a: Ringoboom|60/100|[from] Recoil
|
|-weather|RainDance|[upkeep]
|-heal|p1a: Ringoboom|66/100|[from] Grassy Terrain
|-heal|p1b: Shrooms|81/100|[from] Grassy Terrain
|upkeep
|
|t:|1756751525
|switch|p2a: Incineroar|Incineroar, L50, F|59/100
|-ability|p2a: Incineroar|Intimidate|boost
|-unboost|p1a: Ringoboom|atk|1
|-unboost|p1b: Shrooms|atk|1
|turn|12
|
|t:|1756751545
|move|p2b: Archaludon|Electro Shot||[still]
|-prepare|p2b: Archaludon|Electro Shot
|-boost|p2b: Archaludon|spa|1
|-anim|p2b: Archaludon|Electro Shot|p1b: Shrooms
|-resisted|p1b: Shrooms
|-damage|p1b: Shrooms|49/100
|-enditem|p1b: Shrooms|Sitrus Berry|[eat]
|-heal|p1b: Shrooms|73/100|[from] item: Sitrus Berry
|move|p1a: Ringoboom|Wood Hammer|p2a: Incineroar
|-resisted|p2a: Incineroar
|-damage|p2a: Incineroar|29/100
|-damage|p1a: Ringoboom|56/100|[from] Recoil
|move|p2a: Incineroar|Taunt|p1b: Shrooms
|-start|p1b: Shrooms|move: Taunt
|move|p1b: Shrooms|Pollen Puff|p1a: Ringoboom
|-heal|p1a: Ringoboom|100/100
|
|-weather|RainDance|[upkeep]
|-heal|p2a: Incineroar|35/100|[from] Grassy Terrain
|-heal|p1b: Shrooms|79/100|[from] Grassy Terrain
|upkeep
|turn|13
|inactive|Ziik has 30 seconds left.
|inactive|bimbo mafioso has 30 seconds left.
|
|t:|1756751574
|switch|p1b: Birb|Pelipper, L50, F|85/100
|move|p2b: Archaludon|Electro Shot||[still]
|-prepare|p2b: Archaludon|Electro Shot
|-boost|p2b: Archaludon|spa|1
|-anim|p2b: Archaludon|Electro Shot|p1a: Ringoboom
|-resisted|p1a: Ringoboom
|-damage|p1a: Ringoboom|46/100
|move|p1a: Ringoboom|Wood Hammer|p2a: Incineroar
|-resisted|p2a: Incineroar
|-damage|p2a: Incineroar|8/100
|-damage|p1a: Ringoboom|37/100|[from] Recoil
|move|p2a: Incineroar|Parting Shot|p1b: Birb
|-unboost|p1b: Birb|atk|1
|-unboost|p1b: Birb|spa|1
|
|t:|1756751586
|switch|p2a: Amoonguss|Amoonguss, L50, M|100/100|[from] Parting Shot
|
|-weather|none
|-heal|p1a: Ringoboom|43/100|[from] Grassy Terrain
|-fieldend|move: Grassy Terrain
|upkeep
|turn|14
|
|t:|1756751605
|switch|p1a: Shrooms|Amoonguss, L50, F|100/100
|move|p2b: Archaludon|Draco Meteor|p1b: Birb
|-damage|p1b: Birb|0 fnt
|-unboost|p2b: Archaludon|spa|2
|faint|p1b: Birb
|move|p2a: Amoonguss|Pollen Puff|p1a: Shrooms
|-damage|p1a: Shrooms|87/100
|
|upkeep
|
|t:|1756751617
|switch|p1b: Ringoboom|Rillaboom, L50, F|43/100
|-fieldstart|move: Grassy Terrain|[from] ability: Grassy Surge|[of] p1b: Ringoboom
|turn|15
|
|t:|1756751627
|switch|p2b: Incineroar|Incineroar, L50, F|8/100
|-ability|p2b: Incineroar|Intimidate|boost
|-unboost|p1a: Shrooms|atk|1
|-unboost|p1b: Ringoboom|atk|1
|move|p1b: Ringoboom|U-turn|p2a: Amoonguss
|-damage|p2a: Amoonguss|89/100
|move|p2a: Amoonguss|Pollen Puff|p2b: Incineroar
|-heal|p2b: Incineroar|58/100
|move|p1a: Shrooms|Spore|p2b: Incineroar
|-activate|p2b: Incineroar|item: Safety Goggles|Spore
|
|-heal|p1b: Ringoboom|49/100|[from] Grassy Terrain
|-heal|p2b: Incineroar|64/100|[from] Grassy Terrain
|-heal|p2a: Amoonguss|95/100|[from] Grassy Terrain
|-heal|p1a: Shrooms|93/100|[from] Grassy Terrain
|upkeep
|turn|16
|
|t:|1756751647
|move|p1b: Ringoboom|U-turn|p2b: Incineroar
|-damage|p2b: Incineroar|49/100
|move|p2b: Incineroar|Knock Off|p1b: Ringoboom
|-damage|p1b: Ringoboom|5/100
|-enditem|p1b: Ringoboom|Miracle Seed|[from] move: Knock Off|[of] p2b: Incineroar
|move|p2a: Amoonguss|Pollen Puff|p1b: Ringoboom
|-supereffective|p1b: Ringoboom
|-damage|p1b: Ringoboom|0 fnt
|faint|p1b: Ringoboom
|move|p1a: Shrooms|Pollen Puff|p1: Ringoboom|[notarget]
|-fail|p1a: Shrooms
|
|-heal|p2b: Incineroar|55/100|[from] Grassy Terrain
|-heal|p2a: Amoonguss|100/100|[from] Grassy Terrain
|-heal|p1a: Shrooms|99/100|[from] Grassy Terrain
|upkeep
|turn|17
|-message|Ziik forfeited.
|
|win|bimbo mafioso
|l|☆Ziik
|player|p1|
||bimbo mafioso is ready for game 3.
|j|☆Ziik
|player|p1|Ziik|170|
||Ziik is ready for game 3.
|uhtml|next|Next: Game 3 of 3
