|j|☆TeyOnTheRox
|j|☆stanhoff
|html|TeyOnTheRoxstanhoff    
|uhtml|bestof|Game 2 of a best-of-3
|t:|1757740154
|gametype|doubles
|player|p1|TeyOnTheRox|benga|1149
|player|p2|stanhoff|falkner|1119
|gen|9
|tier|[Gen 9] VGC 2025 Reg H (Bo3)
|rated|
|rule|Species Clause: Limit one of each Pokémon
|rule|Item Clause: Limit 1 of each item
|clearpoke
|poke|p1|Tyranitar, L50, F|
|poke|p1|Excadrill, L50, F|
|poke|p1|Sneasler, L50, M|
|poke|p1|Indeedee, L50, M|
|poke|p1|Corviknight, L50, M|
|poke|p1|Annihilape, L50, F|
|poke|p2|Hatterene, L50, F|
|poke|p2|Indeedee-F, L50, F|
|poke|p2|Sneasler, L50, M|
|poke|p2|Excadrill, L50, M|
|poke|p2|Tyranitar, L50, M|
|poke|p2|Amoonguss, L50, F|
|teampreview|4
|showteam|p1|Tyranitar||AssaultVest|SandStream|RockSlide,KnockOff,TeraBlast,LowKick|||F|||50|,,,,,Flying]Excadrill||FocusSash|SandRush|IronHead,HighHorsepower,Earthquake,Protect|||F|||50|,,,,,Stellar]Sneasler||PsychicSeed|Unburden|DireClaw,CloseCombat,ThroatChop,Protect|||M|||50|,,,,,Dark]Indeedee||ChoiceScarf|PsychicSurge|ExpandingForce,TeraBlast,Protect,Trick|||M|||50|,,,,,Psychic]Corviknight||Leftovers|MirrorArmor|BraveBird,BulkUp,Roost,Tailwind|||M|||50|,,,,,Dragon]Annihilape||SafetyGoggles|Defiant|CloseCombat,FinalGambit,RageFist,Taunt|||F|||50|,,,,,Water
|showteam|p2|Hatterene||LifeOrb|MagicBounce|Protect,TrickRoom,ExpandingForce,DazzlingGleam|||F|||50|,,,,,Psychic]Indeedee-F||SafetyGoggles|PsychicSurge|FollowMe,HelpingHand,Psychic,TrickRoom|||F|||50|,,,,,Fairy]Sneasler||PsychicSeed|Unburden|DireClaw,CloseCombat,ThroatChop,Protect|||M|||50|,,,,,Dark]Excadrill||FocusSash|SandRush|Earthquake,IronHead,HighHorsepower,Protect|||M|||50|,,,,,Ground]Tyranitar||AirBalloon|SandStream|RockSlide,LowKick,KnockOff,Protect|||M|||50|,,,,,Flying]Amoonguss||RockyHelmet|Regenerator|Spore,RagePowder,SludgeBomb,ClearSmog|||F|||50|,,,,,Water
|j| meilai
|
|t:|1757740192
|teamsize|p1|4
|teamsize|p2|4
|start
|switch|p1a: Cars I|Indeedee, L50, M, shiny|100/100
|switch|p1b: Cachiiga|Annihilape, L50, F|100/100
|switch|p2a: Sneasler|Sneasler, L50, M|100/100
|switch|p2b: Excadrill|Excadrill, L50, M|100/100
|-fieldstart|move: Psychic Terrain|[from] ability: Psychic Surge|[of] p1a: Cars I
|-enditem|p2a: Sneasler|Psychic Seed
|-boost|p2a: Sneasler|spd|1|[from] item: Psychic Seed
|turn|1
|inactive|Battle timer is ON: inactive players will automatically lose when time's up. (requested by stanhoff)
|
|t:|1757740223
|-terastallize|p2a: Sneasler|Dark
|move|p2a: Sneasler|Throat Chop|p1a: Cars I
|-supereffective|p1a: Cars I
|-damage|p1a: Cars I|0 fnt
|faint|p1a: Cars I
|move|p1b: Cachiiga|Close Combat|p2b: Excadrill
|-supereffective|p2b: Excadrill
|-enditem|p2b: Excadrill|Focus Sash
|-damage|p2b: Excadrill|1/100
|-unboost|p1b: Cachiiga|def|1
|-unboost|p1b: Cachiiga|spd|1
|move|p2b: Excadrill|High Horsepower|p1b: Cachiiga
|-crit|p1b: Cachiiga
|-damage|p1b: Cachiiga|0 fnt
|faint|p1b: Cachiiga
|
|upkeep
|
|t:|1757740237
|switch|p1b: Doc Hudson|Tyranitar, L50, F, shiny|100/100
|switch|p1a: Toe Mater|Excadrill, L50, F|100/100
|-weather|Sandstorm|[from] ability: Sand Stream|[of] p1b: Doc Hudson
|turn|2
|inactive|TeyOnTheRox has 30 seconds left.
|inactive|TeyOnTheRox has 20 seconds left.
|
|t:|1757740272
|-terastallize|p1b: Doc Hudson|Flying
|move|p2a: Sneasler|Protect|p2a: Sneasler
|-singleturn|p2a: Sneasler|Protect
|move|p1a: Toe Mater|Protect|p1a: Toe Mater
|-singleturn|p1a: Toe Mater|Protect
|move|p2b: Excadrill|Earthquake|p1b: Doc Hudson|[spread] 
|-activate|p2a: Sneasler|move: Protect
|-activate|p1a: Toe Mater|move: Protect
|-immune|p1b: Doc Hudson
|move|p1b: Doc Hudson|Rock Slide|p2b: Excadrill|[spread] p2b
|-activate|p2a: Sneasler|move: Protect
|-resisted|p2b: Excadrill
|-damage|p2b: Excadrill|0 fnt
|faint|p2b: Excadrill
|
|-weather|Sandstorm|[upkeep]
|-damage|p2a: Sneasler|95/100|[from] Sandstorm
|-damage|p1b: Doc Hudson|95/100|[from] Sandstorm
|upkeep
|
|t:|1757740280
|switch|p2b: Tyranitar|Tyranitar, L50, M|100/100
|-item|p2b: Tyranitar|Air Balloon
|turn|3
|
|t:|1757740303
|move|p2a: Sneasler|Close Combat|p1a: Toe Mater
|-supereffective|p1a: Toe Mater
|-enditem|p1a: Toe Mater|Focus Sash
|-damage|p1a: Toe Mater|1/100
|-unboost|p2a: Sneasler|def|1
|-unboost|p2a: Sneasler|spd|1
|move|p1a: Toe Mater|Iron Head|p2b: Tyranitar
|-supereffective|p2b: Tyranitar
|-damage|p2b: Tyranitar|19/100
|-enditem|p2b: Tyranitar|Air Balloon
|move|p1b: Doc Hudson|Rock Slide|p2a: Sneasler|[spread] p2a,p2b
|-damage|p2a: Sneasler|21/100
|-damage|p2b: Tyranitar|0 fnt
|faint|p2b: Tyranitar
|
|-weather|Sandstorm|[upkeep]
|-damage|p2a: Sneasler|15/100|[from] Sandstorm
|-damage|p1b: Doc Hudson|89/100|[from] Sandstorm
|upkeep
|
|t:|1757740315
|switch|p2b: Amoonguss|Amoonguss, L50, F|100/100
|turn|4
|
|t:|1757740329
|move|p2a: Sneasler|Protect|p2a: Sneasler
|-singleturn|p2a: Sneasler|Protect
|move|p1a: Toe Mater|Protect|p1a: Toe Mater
|-singleturn|p1a: Toe Mater|Protect
|move|p1b: Doc Hudson|Rock Slide|p2b: Amoonguss|[spread] p2b
|-activate|p2a: Sneasler|move: Protect
|-damage|p2b: Amoonguss|76/100
|move|p2b: Amoonguss|Spore|p1b: Doc Hudson
|-status|p1b: Doc Hudson|slp|[from] move: Spore
|
|-weather|Sandstorm|[upkeep]
|-damage|p2a: Sneasler|9/100|[from] Sandstorm
|-damage|p1b: Doc Hudson|83/100 slp|[from] Sandstorm
|-damage|p2b: Amoonguss|70/100|[from] Sandstorm
|upkeep
|turn|5
|
|t:|1757740350
|move|p1a: Toe Mater|Protect||[still]
|-fail|p1a: Toe Mater
|move|p2a: Sneasler|Throat Chop|p1a: Toe Mater
|-damage|p1a: Toe Mater|0 fnt
|faint|p1a: Toe Mater
|cant|p1b: Doc Hudson|slp
|move|p2b: Amoonguss|Sludge Bomb|p1b: Doc Hudson
|-damage|p1b: Doc Hudson|64/100 slp
|
|-weather|Sandstorm|[upkeep]
|-damage|p2a: Sneasler|3/100|[from] Sandstorm
|-damage|p1b: Doc Hudson|58/100 slp|[from] Sandstorm
|-damage|p2b: Amoonguss|64/100|[from] Sandstorm
|-fieldend|move: Psychic Terrain
|upkeep
|turn|6
|
|t:|1757740374
|move|p2a: Sneasler|Dire Claw|p1b: Doc Hudson
|-damage|p1b: Doc Hudson|22/100 slp
|-curestatus|p1b: Doc Hudson|slp|[msg]
|move|p1b: Doc Hudson|Rock Slide|p2b: Amoonguss|[spread] p2a,p2b
|-damage|p2a: Sneasler|0 fnt
|-damage|p2b: Amoonguss|36/100
|faint|p2a: Sneasler
|move|p2b: Amoonguss|Sludge Bomb|p1b: Doc Hudson
|-damage|p1b: Doc Hudson|5/100
|-status|p1b: Doc Hudson|psn
|
|-weather|none
|-damage|p1b: Doc Hudson|0 fnt|[from] psn
|faint|p1b: Doc Hudson
|
|win|stanhoff
