|j|‽kneg
|j|☆DilluVGC
|html|knegDilluVGC    
|uhtml|bestof|Game 1 of a best-of-3
|t:|1784063892
|gametype|doubles
|player|p1|kneg|n|1207
|player|p2|DilluVGC|byron|1180
|gen|9
|tier|[Gen 9 Champions] VGC 2026 Reg M-B (Bo3)
|rated|
|rule|Species Clause: Limit one of each Pokémon
|rule|Item Clause: Limit 1 of each item
|clearpoke
|poke|p1|Aerodactyl, L50, M|
|poke|p1|Kingambit, L50, M|
|poke|p1|Sylveon, L50, F|
|poke|p1|Garchomp, L50, F|
|poke|p1|Charizard, L50, F|
|poke|p1|Incineroar, L50, M|
|poke|p2|Delphox, L50, M|
|poke|p2|Sneasler, L50, F|
|poke|p2|Incineroar, L50, M|
|poke|p2|Sinistcha, L50|
|poke|p2|Blastoise, L50, F|
|poke|p2|Kingambit, L50, F, shiny|
|teampreview|4
|showteam|p1|Aerodactyl||Aerodactylite|Unnerve|RockSlide,IceFang,Tailwind,WideGuard|Jolly||M|||50|]Kingambit||FocusSash|Defiant|KowtowCleave,SuckerPunch,IronHead,Protect|Adamant||M|||50|]Sylveon||FairyFeather|Pixilate|Detect,HyperVoice,HyperBeam,QuickAttack|Modest||F|||50|]Garchomp||LifeOrb|RoughSkin|Earthquake,DragonClaw,StompingTantrum,Protect|Jolly||F|||50|]Charizard||CharizarditeY|Blaze|Protect,HeatWave,SolarBeam,WeatherBall|Modest||F|||50|]Incineroar||SitrusBerry|Intimidate|DarkestLariat,FlareBlitz,FakeOut,PartingShot|Impish||M|||50|
|showteam|p2|Delphox||Delphoxite|Blaze|HeatWave,Psyshock,NastyPlot,Protect|Timid||M|||50|]Sneasler||FocusSash|PoisonTouch|QuickGuard,FakeOut,PoisonJab,CloseCombat|Jolly||F|||50|]Incineroar||SitrusBerry|Intimidate|FakeOut,PartingShot,HelpingHand,FlareBlitz|Impish||M|||50|]Sinistcha||OccaBerry|Hospitality|MatchaGotcha,RagePowder,TrickRoom,Protect|Bold|||||50|]Blastoise||Blastoisinite|RainDish|WaterSpout,DarkPulse,ShellSmash,Protect|Modest||F|||50|]Kingambit||BlackGlasses|Defiant|Protect,SwordsDance,KowtowCleave,SuckerPunch|Adamant||F|||50|
|
|t:|1784063950
|teamsize|p1|4
|teamsize|p2|4
|start
|switch|p1a: Aerodactyl|Aerodactyl, L50, M|100/100
|switch|p1b: Garchomp|Garchomp, L50, F|100/100
|switch|p2a: The Hangman|Kingambit, L50, F, shiny|100/100
|switch|p2b: Maj. Warren|Sneasler, L50, F|100/100
|-ability|p1a: Aerodactyl|Unnerve
|turn|1
|
|t:|1784063981
|move|p2b: Maj. Warren|Fake Out|p1b: Garchomp
|-damage|p1b: Garchomp|86/100
|-damage|p2b: Maj. Warren|87/100|[from] ability: Rough Skin|[of] p1b: Garchomp
|-status|p1b: Garchomp|psn|[from] ability: Poison Touch|[of] p2b: Maj. Warren
|move|p1a: Aerodactyl|Tailwind|p1a: Aerodactyl
|-sidestart|p1: kneg|move: Tailwind
|cant|p1b: Garchomp|flinch
|move|p2a: The Hangman|Swords Dance|p2a: The Hangman
|-boost|p2a: The Hangman|atk|2
|
|-damage|p1b: Garchomp|74/100 psn|[from] psn
|upkeep
|turn|2
|
|t:|1784064013
|switch|p1a: Charizard|Charizard, L50, F|100/100
|switch|p2b: Chris Mannix|Incineroar, L50, M|100/100
|-ability|p2b: Chris Mannix|Intimidate|boost
|-unboost|p1a: Charizard|atk|1
|-unboost|p1b: Garchomp|atk|1
|move|p2a: The Hangman|Sucker Punch|p1b: Garchomp
|-damage|p1b: Garchomp|0 fnt
|-damage|p2a: The Hangman|87/100|[from] ability: Rough Skin|[of] p1b: Garchomp
|faint|p1b: Garchomp
|
|upkeep
|
|t:|1784064036
|switch|p1b: Aerodactyl|Aerodactyl, L50, M|100/100
|-ability|p1b: Aerodactyl|Unnerve
|turn|3
|
|t:|1784064053
|move|p1a: Charizard|Protect|p1a: Charizard
|-singleturn|p1a: Charizard|Protect
|move|p2b: Chris Mannix|Fake Out|p1a: Charizard
|-activate|p1a: Charizard|move: Protect
|move|p1b: Aerodactyl|Rock Slide|p2b: Chris Mannix|[spread] p2b
|-miss|p1b: Aerodactyl|p2a: The Hangman
|-supereffective|p2b: Chris Mannix|1
|-damage|p2b: Chris Mannix|70/100
|move|p2a: The Hangman|Kowtow Cleave|p1b: Aerodactyl
|-damage|p1b: Aerodactyl|0 fnt
|faint|p1b: Aerodactyl
|
|upkeep
|
|t:|1784064069
|switch|p1b: Incineroar|Incineroar, L50, M|100/100
|-ability|p1b: Incineroar|Intimidate|boost
|-unboost|p2a: The Hangman|atk|1
|-ability|p2a: The Hangman|Defiant|boost
|-boost|p2a: The Hangman|atk|2
|-unboost|p2b: Chris Mannix|atk|1
|turn|4
|
|t:|1784064096
|switch|p2b: Maj. Warren|Sneasler, L50, F|87/100
|detailschange|p1a: Charizard|Charizard-Mega-Y, L50, F
|-mega|p1a: Charizard|Charizard|Charizardite Y
|-weather|SunnyDay|[from] ability: Drought|[of] p1a: Charizard
|move|p2a: The Hangman|Protect|p2a: The Hangman
|-singleturn|p2a: The Hangman|Protect
|move|p1b: Incineroar|Fake Out|p2b: Maj. Warren
|-damage|p2b: Maj. Warren|71/100
|move|p1a: Charizard|Weather Ball|p2b: Maj. Warren
|-damage|p2b: Maj. Warren|0 fnt
|faint|p2b: Maj. Warren
|
|-weather|SunnyDay|[upkeep]
|-sideend|p1: kneg|move: Tailwind
|upkeep
|
|t:|1784064110
|switch|p2b: Chris Mannix|Incineroar, L50, M|70/100
|-ability|p2b: Chris Mannix|Intimidate|boost
|-unboost|p1a: Charizard|atk|1
|-unboost|p1b: Incineroar|atk|1
|turn|5
|
|t:|1784064124
|move|p1a: Charizard|Protect|p1a: Charizard
|-singleturn|p1a: Charizard|Protect
|move|p2b: Chris Mannix|Fake Out|p1a: Charizard
|-activate|p1a: Charizard|move: Protect
|move|p2a: The Hangman|Sucker Punch|p1b: Incineroar
|-resisted|p1b: Incineroar|1
|-damage|p1b: Incineroar|58/100
|move|p1b: Incineroar|Flare Blitz|p2a: The Hangman
|-supereffective|p2a: The Hangman|1
|-damage|p2a: The Hangman|12/100
|-status|p2a: The Hangman|brn
|-damage|p1b: Incineroar|33/100|[from] Recoil
|-enditem|p1b: Incineroar|Sitrus Berry|[eat]
|-heal|p1b: Incineroar|58/100|[from] item: Sitrus Berry
|
|-weather|SunnyDay|[upkeep]
|-damage|p2a: The Hangman|6/100 brn|[from] brn
|upkeep
|turn|6
|
|t:|1784064153
|move|p1a: Charizard|Protect||[still]
|-fail|p1a: Charizard
|move|p2a: The Hangman|Sucker Punch||[still]
|-fail|p2a: The Hangman
|move|p2b: Chris Mannix|Parting Shot|p1a: Charizard
|-unboost|p1a: Charizard|atk|1
|-unboost|p1a: Charizard|spa|1
|
|t:|1784064160
|switch|p2b: Domergue|Delphox, L50, M|100/100|[from] Parting Shot
|move|p1b: Incineroar|Darkest Lariat|p2a: The Hangman
|-resisted|p2a: The Hangman|1
|-damage|p2a: The Hangman|0 fnt
|faint|p2a: The Hangman
|
|-weather|SunnyDay|[upkeep]
|upkeep
|
|t:|1784064168
|switch|p2a: Chris Mannix|Incineroar, L50, M|70/100
|-ability|p2a: Chris Mannix|Intimidate|boost
|-unboost|p1a: Charizard|atk|1
|-unboost|p1b: Incineroar|atk|1
|turn|7
|
|t:|1784064182
|detailschange|p2b: Domergue|Delphox-Mega, L50, M
|-mega|p2b: Domergue|Delphox|Delphoxite
|move|p2a: Chris Mannix|Fake Out|p1b: Incineroar
|-damage|p1b: Incineroar|50/100g
|move|p2b: Domergue|Nasty Plot|p2b: Domergue
|-boost|p2b: Domergue|spa|2
|move|p1a: Charizard|Heat Wave|p2b: Domergue|[spread] p2a,p2b
|-resisted|p2a: Chris Mannix|1
|-resisted|p2b: Domergue|1
|-damage|p2a: Chris Mannix|48/100
|-damage|p2b: Domergue|79/100
|-enditem|p2a: Chris Mannix|Sitrus Berry|[eat]
|-heal|p2a: Chris Mannix|72/100|[from] item: Sitrus Berry
|cant|p1b: Incineroar|flinch
|
|-weather|SunnyDay|[upkeep]
|upkeep
|turn|8
|
|t:|1784064203
|move|p2a: Chris Mannix|Helping Hand|p2b: Domergue
|-singleturn|p2b: Domergue|Helping Hand|[of] p2a: Chris Mannix
|move|p2b: Domergue|Heat Wave|p1b: Incineroar|[spread] p1a
|-miss|p2b: Domergue|p1b: Incineroar
|-resisted|p1a: Charizard|1
|-damage|p1a: Charizard|14/100
|move|p1a: Charizard|Heat Wave|p2a: Chris Mannix|[spread] p2a,p2b
|-resisted|p2a: Chris Mannix|1
|-resisted|p2b: Domergue|1
|-damage|p2a: Chris Mannix|51/100
|-damage|p2b: Domergue|61/100
|move|p1b: Incineroar|Darkest Lariat|p2b: Domergue
|-supereffective|p2b: Domergue|1
|-damage|p2b: Domergue|18/100
|
|-weather|none
|upkeep
|turn|9
|
|t:|1784064230
|move|p2b: Domergue|Protect|p2b: Domergue
|-singleturn|p2b: Domergue|Protect
|move|p1a: Charizard|Heat Wave|p2b: Domergue|[spread] p2a
|-activate|p2b: Domergue|move: Protect
|-resisted|p2a: Chris Mannix|1
|-damage|p2a: Chris Mannix|37/100
|move|p2a: Chris Mannix|Parting Shot|p1b: Incineroar
|-unboost|p1b: Incineroar|atk|1
|-unboost|p1b: Incineroar|spa|1
|move|p1b: Incineroar|Darkest Lariat|p2b: Domergue
|-activate|p2b: Domergue|move: Protect
|
|upkeep
|turn|10
|
|t:|1784064245
|move|p2b: Domergue|Heat Wave|p1b: Incineroar|[spread] p1a
|-miss|p2b: Domergue|p1b: Incineroar
|-resisted|p1a: Charizard|1
|-damage|p1a: Charizard|0 fnt
|faint|p1a: Charizard
|move|p1b: Incineroar|Darkest Lariat|p2b: Domergue
|-supereffective|p2b: Domergue|1
|-damage|p2b: Domergue|0 fnt
|faint|p2b: Domergue
|move|p2a: Chris Mannix|Parting Shot|p2: Domergue|[notarget]
|-fail|p2a: Chris Mannix
|
|upkeep
|turn|11
|
|t:|1784064275
|move|p2a: Chris Mannix|Flare Blitz|p1b: Incineroar
|-resisted|p1b: Incineroar|1
|-damage|p1b: Incineroar|33/100
|-damage|p2a: Chris Mannix|32/100|[from] Recoil
|move|p1b: Incineroar|Flare Blitz|p2a: Chris Mannix
|-resisted|p2a: Chris Mannix|1
|-damage|p2a: Chris Mannix|26/100
|-damage|p1b: Incineroar|31/100|[from] Recoil
|
|upkeep
|turn|12
|
|t:|1784064286
|move|p2a: Chris Mannix|Flare Blitz|p1b: Incineroar
|-resisted|p1b: Incineroar|1
|-damage|p1b: Incineroar|14/100
|-damage|p2a: Chris Mannix|20/100y|[from] Recoil
|move|p1b: Incineroar|Darkest Lariat|p2a: Chris Mannix
|-resisted|p2a: Chris Mannix|1
|-damage|p2a: Chris Mannix|16/100
|
|upkeep
|turn|13
|
|t:|1784064297
|move|p2a: Chris Mannix|Flare Blitz|p1b: Incineroar
|-resisted|p1b: Incineroar|1
|-damage|p1b: Incineroar|0 fnt
|faint|p1b: Incineroar
|-damage|p2a: Chris Mannix|11/100|[from] Recoil
|
|win|DilluVGC
|l|‽kneg
|player|p1|
