|j|☆ZilverZurfer
|j|☆scottedstone
|html|ZilverZurferscottedstone    
|uhtml|bestof|Game 2 of a best-of-3
|t:|1757727021
|gametype|doubles
|player|p1|ZilverZurfer|266|1121
|player|p2|scottedstone|170|1278
|gen|9
|tier|[Gen 9] VGC 2025 Reg H (Bo3)
|rated|
|rule|Species Clause: Limit one of each Pokémon
|rule|Item Clause: Limit 1 of each item
|clearpoke
|poke|p1|Torkoal, L50, F|
|poke|p1|Lilligant-Hisui, L50, F|
|poke|p1|Indeedee-F, L50, F|
|poke|p1|Hatterene, L50, F|
|poke|p1|Gallade, L50, M|
|poke|p1|Ursaluna, L50, F|
|poke|p2|Pelipper, L50, F|
|poke|p2|Basculegion, L50, M|
|poke|p2|Archaludon, L50, F|
|poke|p2|Sneasler, L50, F|
|poke|p2|Indeedee, L50, M|
|poke|p2|Amoonguss, L50, M|
|teampreview|4
|showteam|p1|Torkoal||ChoiceSpecs|Drought|Eruption,HeatWave,EarthPower,WeatherBall|||F|||50|,,,,,Fire]Lilligant-Hisui||FocusSash|Chlorophyll|Protect,AfterYou,CloseCombat,SolarBlade|||F|||50|,,,,,Ghost]Indeedee-F||PsychicSeed|PsychicSurge|Psychic,HelpingHand,TrickRoom,FollowMe|||F|||50|,,,,,Water]Hatterene||LifeOrb|MagicBounce|Protect,ExpandingForce,DazzlingGleam,TrickRoom|||F|||50|,,,,,Fire]Gallade||ClearAmulet|Sharpness|SacredSword,PsychoCut,TrickRoom,WideGuard|||M|||50|,,,,,Grass]Ursaluna||FlameOrb|Guts|Protect,HeadlongRush,Earthquake,Facade|||F|||50|,,,,,Ghost
|showteam|p2|Pelipper||FocusSash|Drizzle|Hurricane,WeatherBall,Tailwind,Protect|||F|||50|,,,,,Stellar]Basculegion||LifeOrb|SwiftSwim|WaveCrash,LastRespects,AquaJet,Protect|||M|||50|,,,,,Water]Archaludon||AssaultVest|Stamina|DragonPulse,FlashCannon,ElectroShot,BodyPress|||F|||50|,,,,,Grass]Sneasler||PsychicSeed|Unburden|DireClaw,CloseCombat,ThroatChop,Protect|||F|||50|,,,,,Dark]Indeedee||ChoiceScarf|PsychicSurge|ExpandingForce,TeraBlast,Protect,Trick|||M|||50|,,,,,Psychic]Amoonguss||SitrusBerry|Regenerator|PollenPuff,RagePowder,Spore,Protect|||M|||50|,,,,,Water
|inactive|Battle timer is ON: inactive players will automatically lose when time's up. (requested by scottedstone)
|
|t:|1757727037
|teamsize|p1|4
|teamsize|p2|4
|start
|switch|p1a: Gallade|Gallade, L50, M|100/100
|switch|p1b: Indeedee|Indeedee-F, L50, F|100/100
|switch|p2a: Indeedee|Indeedee, L50, M|100/100
|switch|p2b: Amoonguss|Amoonguss, L50, M|100/100
|-fieldstart|move: Psychic Terrain|[from] ability: Psychic Surge|[of] p2a: Indeedee
|-enditem|p1b: Indeedee|Psychic Seed
|-boost|p1b: Indeedee|spd|1|[from] item: Psychic Seed
|turn|1
|inactive|ZilverZurfer has 30 seconds left.
|
|t:|1757727063
|move|p1b: Indeedee|Follow Me|p1b: Indeedee
|-singleturn|p1b: Indeedee|move: Follow Me
|move|p2a: Indeedee|Expanding Force|p1b: Indeedee|[spread] p1a,p1b
|-resisted|p1b: Indeedee
|-damage|p1a: Gallade|39/100
|-damage|p1b: Indeedee|82/100
|move|p2b: Amoonguss|Spore|p1b: Indeedee
|-status|p1b: Indeedee|slp|[from] move: Spore
|move|p1a: Gallade|Trick Room|p1a: Gallade
|-fieldstart|move: Trick Room|[of] p1a: Gallade
|
|upkeep
|turn|2
|inactive|ZilverZurfer has 30 seconds left.
|inactive|scottedstone has 30 seconds left.
|
|t:|1757727096
|move|p2b: Amoonguss|Protect|p2b: Amoonguss
|-singleturn|p2b: Amoonguss|Protect
|cant|p1b: Indeedee|slp
|move|p1a: Gallade|Psycho Cut|p2b: Amoonguss
|-activate|p2b: Amoonguss|move: Protect
|move|p2a: Indeedee|Expanding Force|p1a: Gallade|[spread] p1a,p1b
|-resisted|p1b: Indeedee
|-damage|p1a: Gallade|0 fnt
|-damage|p1b: Indeedee|63/100 slp
|faint|p1a: Gallade
|
|upkeep
|
|t:|1757727102
|switch|p1a: Hatterene|Hatterene, L50, F|100/100
|turn|3
|inactive|scottedstone has 30 seconds left.
|
|t:|1757727128
|-terastallize|p2b: Amoonguss|Water
|cant|p1b: Indeedee|slp
|move|p1a: Hatterene|Expanding Force|p2a: Indeedee|[spread] p2a,p2b
|-resisted|p2a: Indeedee
|-damage|p2a: Indeedee|34/100
|-damage|p2b: Amoonguss|24/100
|-enditem|p2b: Amoonguss|Sitrus Berry|[eat]
|-heal|p2b: Amoonguss|49/100|[from] item: Sitrus Berry
|-damage|p1a: Hatterene|91/100|[from] item: Life Orb
|move|p2b: Amoonguss|Pollen Puff|p1a: Hatterene
|-damage|p1a: Hatterene|72/100
|move|p2a: Indeedee|Expanding Force|p1b: Indeedee|[spread] p1a,p1b
|-resisted|p1a: Hatterene
|-resisted|p1b: Indeedee
|-damage|p1a: Hatterene|43/100
|-damage|p1b: Indeedee|45/100 slp
|
|upkeep
|turn|4
|
|t:|1757727152
|switch|p2a: Archaludon|Archaludon, L50, F|100/100
|-curestatus|p1b: Indeedee|slp|[msg]
|move|p1b: Indeedee|Helping Hand|p1a: Hatterene
|-singleturn|p1a: Hatterene|Helping Hand|[of] p1b: Indeedee
|move|p2b: Amoonguss|Protect|p2b: Amoonguss
|-singleturn|p2b: Amoonguss|Protect
|move|p1a: Hatterene|Expanding Force|p2a: Archaludon|[spread] p2a
|-activate|p2b: Amoonguss|move: Protect
|-resisted|p2a: Archaludon
|-damage|p2a: Archaludon|57/100
|-ability|p2a: Archaludon|Stamina|boost
|-boost|p2a: Archaludon|def|1
|-damage|p1a: Hatterene|33/100|[from] item: Life Orb
|
|upkeep
|turn|5
|inactive|scottedstone has 30 seconds left.
|
|t:|1757727181
|move|p1b: Indeedee|Helping Hand|p1a: Hatterene
|-singleturn|p1a: Hatterene|Helping Hand|[of] p1b: Indeedee
|move|p1a: Hatterene|Expanding Force|p2a: Archaludon|[spread] p2a,p2b
|-resisted|p2a: Archaludon
|-damage|p2a: Archaludon|12/100
|-damage|p2b: Amoonguss|0 fnt
|-ability|p2a: Archaludon|Stamina|boost
|-boost|p2a: Archaludon|def|1
|faint|p2b: Amoonguss
|-damage|p1a: Hatterene|24/100|[from] item: Life Orb
|move|p2a: Archaludon|Flash Cannon|p1a: Hatterene
|-supereffective|p1a: Hatterene
|-damage|p1a: Hatterene|0 fnt
|faint|p1a: Hatterene
|
|-fieldend|move: Trick Room
|-fieldend|move: Psychic Terrain
|upkeep
|
|t:|1757727188
|switch|p2b: Indeedee|Indeedee, L50, M|34/100
|switch|p1a: Torkoal|Torkoal, L50, F|100/100
|-fieldstart|move: Psychic Terrain|[from] ability: Psychic Surge|[of] p2b: Indeedee
|-weather|SunnyDay|[from] ability: Drought|[of] p1a: Torkoal
|turn|6
|
|t:|1757727211
|switch|p2a: Pelipper|Pelipper, L50, F|100/100
|-weather|RainDance|[from] ability: Drizzle|[of] p2a: Pelipper
|-terastallize|p1a: Torkoal|Fire
|move|p1b: Indeedee|Follow Me|p1b: Indeedee
|-singleturn|p1b: Indeedee|move: Follow Me
|move|p2b: Indeedee|Expanding Force|p1b: Indeedee|[spread] p1a,p1b
|-resisted|p1b: Indeedee
|-damage|p1a: Torkoal|26/100
|-damage|p1b: Indeedee|28/100
|move|p1a: Torkoal|Heat Wave|p2b: Indeedee|[spread] p2a
|-miss|p1a: Torkoal|p2b: Indeedee
|-resisted|p2a: Pelipper
|-damage|p2a: Pelipper|72/100
|
|-weather|RainDance|[upkeep]
|upkeep
|turn|7
|-message|ZilverZurfer forfeited.
|
|win|scottedstone
||ZilverZurfer is ready for game 3.
||scottedstone is ready for game 3.
|uhtml|next|Next: Game 3 of 3
