|j|☆Lycaon05
|j|☆vgc yung eezy
|html|Lycaon05vgc yung eezy    
|uhtml|bestof|Game 3 of a best-of-3
|t:|1784662760
|gametype|doubles
|player|p1|Lycaon05|miku-ghost|
|player|p2|vgc yung eezy|lucas|
|gen|9
|tier|[Gen 9 Champions] VGC 2026 Reg M-B (Bo3)
|rule|Species Clause: Limit one of each Pokémon
|rule|Item Clause: Limit 1 of each item
|clearpoke
|poke|p1|Venusaur, L50, F|
|poke|p1|Archaludon, L50, F|
|poke|p1|Pelipper, L50, M|
|poke|p1|Basculegion, L50, M|
|poke|p1|Charizard, L50, F|
|poke|p1|Grimmsnarl, L50, M|
|poke|p2|Staraptor, L50, F|
|poke|p2|Charizard, L50, F|
|poke|p2|Glimmora, L50, F|
|poke|p2|Whimsicott, L50, F|
|poke|p2|Basculegion, L50, M|
|poke|p2|Garchomp, L50, M|
|teampreview|4
|showteam|p1|Venusaur||Venusaurite|Chlorophyll|SludgeBomb,GigaDrain,EarthPower,Protect|Modest||F|||50|]Archaludon||Leftovers|Stamina|ElectroShot,DragonPulse,FlashCannon,Protect|Bold||F|||50|]Pelipper||LifeOrb|Drizzle|WeatherBall,Hurricane,WideGuard,Tailwind|Modest||M|||50|]Basculegion||ChoiceScarf|Adaptability|WaveCrash,FlipTurn,LastRespects,AquaJet|Jolly||M|||50|]Charizard||CharizarditeY|Blaze|HeatWave,SolarBeam,WeatherBall,Protect|Modest||F|||50|]Grimmsnarl||LightClay|Prankster|PartingShot,SpiritBreak,LightScreen,Reflect|Careful||M|||50|
|showteam|p2|Staraptor||Staraptite|Intimidate|DualWingbeat,CloseCombat,Roost,Protect|Jolly||F|||50|]Charizard||CharizarditeY|Blaze|HeatWave,SolarBeam,WeatherBall,Protect|Modest||F|||50|]Glimmora||FocusSash|ToxicDebris|PowerGem,SludgeBomb,EarthPower,SpikyShield|Modest||F|||50|]Whimsicott||LifeOrb|Prankster|Moonblast,GrassKnot,Tailwind,Protect|Modest||F|||50|]Basculegion||ChoiceScarf|Adaptability|WaveCrash,LastRespects,AquaJet,FlipTurn|Jolly||M|||50|]Garchomp||SitrusBerry|RoughSkin|Earthquake,RockSlide,PoisonJab,DragonTail|Adamant||M|||50|
|inactive|Battle timer is ON: inactive players will automatically lose when time's up. (requested by Lycaon05)
|j| maracujavgc
|c|☆vgc yung eezy|hf
|inactive|Lycaon05 has 60 seconds left.
|inactive|vgc yung eezy has 60 seconds left.
|
|t:|1784662798
|teamsize|p1|4
|teamsize|p2|4
|start
|switch|p1a: 日本|Archaludon, L50, F|100/100
|switch|p1b: Polska|Grimmsnarl, L50, M|100/100
|switch|p2a: Glimmora|Glimmora, L50, F|100/100
|switch|p2b: Garchomp|Garchomp, L50, M|100/100
|turn|1
|
|t:|1784662817
|move|p2a: Glimmora|Spiky Shield|p2a: Glimmora
|-singleturn|p2a: Glimmora|move: Protect
|move|p1b: Polska|Reflect|p1b: Polska
|-sidestart|p1: Lycaon05|Reflect
|move|p2b: Garchomp|Earthquake|p1a: 日本|[spread] p1a,p1b
|-activate|p2a: Glimmora|move: Protect
|-supereffective|p1a: 日本|1
|-damage|p1a: 日本|64/100
|-damage|p1b: Polska|74/100
|-ability|p1a: 日本|Stamina|boost
|-boost|p1a: 日本|def|1
|move|p1a: 日本|Flash Cannon|p2a: Glimmora
|-activate|p2a: Glimmora|move: Protect
|
|-heal|p1a: 日本|71/100|[from] item: Leftovers
|upkeep
|turn|2
|
|t:|1784662833
|move|p1b: Polska|Light Screen|p1b: Polska
|-sidestart|p1: Lycaon05|move: Light Screen
|move|p2a: Glimmora|Power Gem|p1b: Polska
|-damage|p1b: Polska|48/100
|move|p1a: 日本|Flash Cannon|p2a: Glimmora
|-supereffective|p2a: Glimmora|1
|-crit|p2a: Glimmora
|-enditem|p2a: Glimmora|Focus Sash
|-damage|p2a: Glimmora|1/100
|move|p2b: Garchomp|Dragon Tail|p1a: 日本
|-damage|p1a: 日本|61/100
|-ability|p1a: 日本|Stamina|boost
|-boost|p1a: 日本|def|1
|drag|p1a: Nederland|Pelipper, L50, M|100/100
|-weather|RainDance|[from] ability: Drizzle|[of] p1a: Nederland
|
|-weather|RainDance|[upkeep]
|upkeep
|turn|3
|
|t:|1784662855
|switch|p1a: 日本|Archaludon, L50, F|61/100
|move|p2a: Glimmora|Power Gem|p1a: 日本
|-resisted|p1a: 日本|1
|-damage|p1a: 日本|47/100
|-ability|p1a: 日本|Stamina|boost
|-boost|p1a: 日本|def|1
|move|p2b: Garchomp|Rock Slide|p1b: Polska|[spread] p1a,p1b
|-resisted|p1a: 日本|1
|-damage|p1a: 日本|44/100
|-damage|p1b: Polska|34/100
|-ability|p1a: 日本|Stamina|boost
|-boost|p1a: 日本|def|1
|cant|p1b: Polska|flinch
|
|-weather|RainDance|[upkeep]
|-heal|p1a: 日本|50/100g|[from] item: Leftovers
|upkeep
|turn|4
|inactive|Lycaon05 has 30 seconds left.
|
|t:|1784662886
|move|p2a: Glimmora|Earth Power|p1a: 日本
|-supereffective|p1a: 日本|1
|-damage|p1a: 日本|2/100
|-ability|p1a: 日本|Stamina|boost
|-boost|p1a: 日本|def|1
|move|p2b: Garchomp|Poison Jab|p1b: Polska
|-supereffective|p1b: Polska|1
|-damage|p1b: Polska|0 fnt
|faint|p1b: Polska
|move|p1a: 日本|Dragon Pulse|p2b: Garchomp
|-supereffective|p2b: Garchomp|1
|-damage|p2b: Garchomp|33/100
|-enditem|p2b: Garchomp|Sitrus Berry|[eat]
|-heal|p2b: Garchomp|57/100|[from] item: Sitrus Berry
|
|-weather|RainDance|[upkeep]
|-heal|p1a: 日本|8/100|[from] item: Leftovers
|upkeep
|
|t:|1784662895
|switch|p1b: Norge|Basculegion, L50, M|100/100
|turn|5
|
|t:|1784662907
|move|p1a: 日本|Protect|p1a: 日本
|-singleturn|p1a: 日本|Protect
|move|p1b: Norge|Last Respects|p2b: Garchomp
|-damage|p2b: Garchomp|3/100
|move|p2a: Glimmora|Earth Power|p1a: 日本
|-activate|p1a: 日本|move: Protect
|move|p2b: Garchomp|Earthquake|p1a: 日本|[spread] p2a,p1b
|-activate|p1a: 日本|move: Protect
|-supereffective|p2a: Glimmora|2
|-damage|p2a: Glimmora|0 fnt
|-damage|p1b: Norge|65/100
|-activate|p2a: Glimmora|ability: Toxic Debris
|-sidestart|p1: Lycaon05|move: Toxic Spikes
|faint|p2a: Glimmora
|
|-weather|RainDance|[upkeep]
|-heal|p1a: 日本|14/100|[from] item: Leftovers
|upkeep
|
|t:|1784662917
|switch|p2a: Charizard|Charizard, L50, F|100/100
|turn|6
|inactive|Lycaon05 has 30 seconds left.
|
|t:|1784662948
|detailschange|p2a: Charizard|Charizard-Mega-Y, L50, F
|-mega|p2a: Charizard|Charizard|Charizardite Y
|-weather|SunnyDay|[from] ability: Drought|[of] p2a: Charizard
|move|p1a: 日本|Protect||[still]
|-fail|p1a: 日本
|move|p1b: Norge|Last Respects|p2a: Charizard
|-damage|p2a: Charizard|21/100
|move|p2a: Charizard|Heat Wave|p1b: Norge|[spread] p1a
|-miss|p2a: Charizard|p1b: Norge
|-damage|p1a: 日本|0 fnt
|faint|p1a: 日本
|move|p2b: Garchomp|Rock Slide|p1b: Norge
|-damage|p1b: Norge|44/100
|
|-weather|SunnyDay|[upkeep]
|upkeep
|
|t:|1784662951
|switch|p1a: Nederland|Pelipper, L50, M|100/100
|-weather|RainDance|[from] ability: Drizzle|[of] p1a: Nederland
|turn|7
|inactive|vgc yung eezy has 30 seconds left.
|
|t:|1784662981
|move|p1b: Norge|Last Respects|p2b: Garchomp
|-damage|p2b: Garchomp|0 fnt
|faint|p2b: Garchomp
|move|p2a: Charizard|Heat Wave|p1b: Norge|[spread] p1a,p1b
|-resisted|p1a: Nederland|1
|-resisted|p1b: Norge|1
|-damage|p1a: Nederland|88/100
|-damage|p1b: Norge|36/100
|-status|p1b: Norge|brn
|move|p1a: Nederland|Weather Ball|p2a: Charizard
|-supereffective|p2a: Charizard|1
|-damage|p2a: Charizard|0 fnt
|faint|p2a: Charizard
|-damage|p1a: Nederland|79/100|[from] item: Life Orb
|
|-weather|RainDance|[upkeep]
|-damage|p1b: Norge|30/100 brn|[from] brn
|upkeep
|
|t:|1784662993
|switch|p2b: Basculegion|Basculegion, L50, M|100/100
|turn|8
|
|t:|1784663012
|move|p2b: Basculegion|Last Respects|p1b: Norge
|-supereffective|p1b: Norge|1
|-damage|p1b: Norge|0 fnt
|faint|p1b: Norge
|move|p1a: Nederland|Hurricane|p2b: Basculegion
|-damage|p2b: Basculegion|27/100
|-damage|p1a: Nederland|69/100|[from] item: Life Orb
|
|-weather|RainDance|[upkeep]
|-sideend|p1: Lycaon05|Reflect
|upkeep
|turn|9
|
|t:|1784663018
|move|p2b: Basculegion|Last Respects|p1a: Nederland
|-damage|p1a: Nederland|0 fnt
|faint|p1a: Nederland
|
|win|vgc yung eezy
|c|☆Lycaon05|ggs
|c|☆vgc yung eezy|gg sry 4 hax
|l| maracujavgc
