|j|☆Prepucio Santos
|j|☆is_katabo
|html|Prepucio Santosis_katabo    
|uhtml|bestof|Game 2 of a best-of-3
|t:|1784319829
|gametype|doubles
|player|p1|Prepucio Santos|striker|1197
|player|p2|is_katabo|youngster-gen4dp|1271
|gen|9
|tier|[Gen 9 Champions] VGC 2026 Reg M-B (Bo3)
|rated|
|rule|Species Clause: Limit one of each Pokémon
|rule|Item Clause: Limit 1 of each item
|clearpoke
|poke|p1|Swampert, L50, M|
|poke|p1|Floette-Eternal, L50, F|
|poke|p1|Pelipper, L50, M|
|poke|p1|Grimmsnarl, L50, M|
|poke|p1|Sinistcha, L50|
|poke|p1|Archaludon, L50, M|
|poke|p2|Metagross, L50|
|poke|p2|Sinistcha, L50|
|poke|p2|Incineroar, L50, M|
|poke|p2|Dragonite, L50, M|
|poke|p2|Ninetales-Alola, L50, M|
|poke|p2|Milotic, L50, F|
|teampreview|4
|showteam|p1|Swampert||Swampertite|Torrent|WaveCrash,Earthquake,IcePunch,Protect|Adamant||M|||50|]Floette-Eternal||Floettite|FlowerVeil|Moonblast,DazzlingGleam,CalmMind,Protect|Modest||F|||50|]Pelipper||FocusSash|Drizzle|Hurricane,WeatherBall,Tailwind,WideGuard|Modest||M|||50|]Grimmsnarl||LightClay|Prankster|Reflect,LightScreen,PartingShot,FoulPlay|Careful||M|||50|]Sinistcha||CobaBerry|Hospitality|MatchaGotcha,LifeDew,TrickRoom,RagePowder|Relaxed|||||50|]Archaludon||Leftovers|Stamina|ElectroShot,DragonPulse,FlashCannon,Protect|Modest||M|||50|
|showteam|p2|Metagross||Metagrossite|ClearBody|PsychicFangs,BodyPress,CosmicPower,Protect|Careful|||||50|]Sinistcha||KasibBerry|Hospitality|MatchaGotcha,ShadowBall,RagePowder,Protect|Bold|||||50|]Incineroar||SitrusBerry|Intimidate|FakeOut,DarkestLariat,FlareBlitz,PartingShot|Careful||M|||50|]Dragonite||Dragoninite|Multiscale|DragonPulse,HeatWave,Thunderbolt,Protect|Timid||M|||50|]Ninetales-Alola||FocusSash|SnowWarning|Blizzard,AuroraVeil,Encore,Protect|Timid||M|||50|]Milotic||Leftovers|Competitive|MuddyWater,Hypnosis,Coil,Protect|Calm||F|||50|
|
|t:|1784319905
|teamsize|p1|4
|teamsize|p2|4
|start
|switch|p1a: Grimmsnarl|Grimmsnarl, L50, M|100/100
|switch|p1b: Floette|Floette-Eternal, L50, F|100/100
|switch|p2a: Milotic|Milotic, L50, F|100/100
|switch|p2b: Metagross|Metagross, L50|100/100
|turn|1
|
|t:|1784319931
|detailschange|p1b: Floette|Floette-Mega, L50, F
|-mega|p1b: Floette|Floette|Floettite
|-ability|p1b: Floette|Fairy Aura
|move|p1a: Grimmsnarl|Reflect|p1a: Grimmsnarl
|-sidestart|p1: Prepucio Santos|Reflect
|move|p1b: Floette|Calm Mind|p1b: Floette
|-boost|p1b: Floette|spa|1
|-boost|p1b: Floette|spd|1
|move|p2b: Metagross|Cosmic Power|p2b: Metagross
|-boost|p2b: Metagross|def|1
|-boost|p2b: Metagross|spd|1
|move|p2a: Milotic|Coil|p2a: Milotic
|-boost|p2a: Milotic|atk|1
|-boost|p2a: Milotic|def|1
|-boost|p2a: Milotic|accuracy|1
|
|upkeep
|turn|2
|
|t:|1784319960
|detailschange|p2b: Metagross|Metagross-Mega, L50
|-mega|p2b: Metagross|Metagross|Metagrossite
|move|p1b: Floette|Calm Mind|p1b: Floette
|-boost|p1b: Floette|spa|1
|-boost|p1b: Floette|spd|1
|move|p2b: Metagross|Psychic Fangs|p1b: Floette
|-sideend|p1: Prepucio Santos|Reflect
|-damage|p1b: Floette|46/100
|move|p2a: Milotic|Hypnosis|p1b: Floette|[miss]
|-miss|p2a: Milotic|p1b: Floette
|move|p1a: Grimmsnarl|Foul Play|p2b: Metagross
|-supereffective|p2b: Metagross|1
|-damage|p2b: Metagross|57/100
|
|upkeep
|turn|3
|
|t:|1784319977
|move|p1a: Grimmsnarl|Parting Shot|p2b: Metagross
|-unboost|p2b: Metagross|atk|1
|-unboost|p2b: Metagross|spa|1
|
|t:|1784319980
|switch|p1a: Sinistcha|Sinistcha, L50|100/100|[from] Parting Shot
|-heal|p1b: Floette|70/100|[from] ability: Hospitality|[of] p1a: Sinistcha
|move|p1b: Floette|Moonblast|p2a: Milotic
|-damage|p2a: Milotic|23/100
|move|p2b: Metagross|Psychic Fangs|p1b: Floette
|-damage|p1b: Floette|33/100
|move|p2a: Milotic|Muddy Water|p1b: Floette|[spread] p1a,p1b
|-resisted|p1a: Sinistcha|1
|-damage|p1a: Sinistcha|89/100
|-damage|p1b: Floette|23/100
|
|-heal|p2a: Milotic|29/100|[from] item: Leftovers
|upkeep
|turn|4
|inactive|Battle timer is ON: inactive players will automatically lose when time's up. (requested by Prepucio Santos)
|
|t:|1784320003
|switch|p2a: Sinistcha|Sinistcha, L50|100/100
|-heal|p2b: Metagross|81/100|[from] ability: Hospitality|[of] p2a: Sinistcha
|move|p1a: Sinistcha|Rage Powder|p1a: Sinistcha
|-singleturn|p1a: Sinistcha|move: Rage Powder
|move|p1b: Floette|Dazzling Gleam|p2a: Sinistcha|[spread] p2a,p2b
|-resisted|p2b: Metagross|1
|-damage|p2a: Sinistcha|15/100
|-damage|p2b: Metagross|60/100
|move|p2b: Metagross|Cosmic Power|p2b: Metagross
|-boost|p2b: Metagross|def|1
|-boost|p2b: Metagross|spd|1
|
|upkeep
|turn|5
|
|t:|1784320021
|switch|p2a: Milotic|Milotic, L50, F|29/100
|move|p1a: Sinistcha|Rage Powder|p1a: Sinistcha
|-singleturn|p1a: Sinistcha|move: Rage Powder
|move|p1b: Floette|Dazzling Gleam|p2b: Metagross|[spread] p2a,p2b
|-resisted|p2b: Metagross|1
|-damage|p2a: Milotic|0 fnt
|-damage|p2b: Metagross|45/100
|faint|p2a: Milotic
|move|p2b: Metagross|Psychic Fangs|p1a: Sinistcha
|-damage|p1a: Sinistcha|60/100
|
|upkeep
|
|t:|1784320031
|switch|p2a: Ninetales|Ninetales-Alola, L50, M|100/100
|-weather|Snowscape|[from] ability: Snow Warning|[of] p2a: Ninetales
|turn|6
|
|t:|1784320040
|switch|p1a: Pelipper|Pelipper, L50, M|100/100
|-weather|RainDance|[from] ability: Drizzle|[of] p1a: Pelipper
|move|p1b: Floette|Protect|p1b: Floette
|-singleturn|p1b: Floette|Protect
|move|p2a: Ninetales|Blizzard|p1b: Floette|[spread] p1a
|-activate|p1b: Floette|move: Protect
|-damage|p1a: Pelipper|43/100
|move|p2b: Metagross|Psychic Fangs|p1b: Floette
|-activate|p1b: Floette|move: Protect
|
|-weather|RainDance|[upkeep]
|upkeep
|turn|7
|
|t:|1784320059
|switch|p1a: Sinistcha|Sinistcha, L50|60/100
|-heal|p1b: Floette|48/100|[from] ability: Hospitality|[of] p1a: Sinistcha
|move|p2a: Ninetales|Encore|p1b: Floette
|-start|p1b: Floette|Encore
|move|p1b: Floette|Protect||[still]
|-fail|p1b: Floette
|move|p2b: Metagross|Cosmic Power|p2b: Metagross
|-boost|p2b: Metagross|def|1
|-boost|p2b: Metagross|spd|1
|
|-weather|RainDance|[upkeep]
|upkeep
|turn|8
|
|t:|1784320079
|switch|p2a: Sinistcha|Sinistcha, L50|15/100
|-heal|p2b: Metagross|70/100|[from] ability: Hospitality|[of] p2a: Sinistcha
|switch|p1a: Grimmsnarl|Grimmsnarl, L50, M|100/100
|move|p1b: Floette|Protect|p1b: Floette
|-singleturn|p1b: Floette|Protect
|move|p2b: Metagross|Psychic Fangs|p1a: Grimmsnarl
|-immune|p1a: Grimmsnarl
|
|-weather|RainDance|[upkeep]
|upkeep
|turn|9
|
|t:|1784320094
|move|p1b: Floette|Protect||[still]
|-fail|p1b: Floette
|move|p2a: Sinistcha|Rage Powder|p2a: Sinistcha
|-singleturn|p2a: Sinistcha|move: Rage Powder
|move|p1a: Grimmsnarl|Parting Shot|p2a: Sinistcha
|-unboost|p2a: Sinistcha|atk|1
|-unboost|p2a: Sinistcha|spa|1
|
|t:|1784320099
|switch|p1a: Sinistcha|Sinistcha, L50|60/100|[from] Parting Shot
|-heal|p1b: Floette|72/100|[from] ability: Hospitality|[of] p1a: Sinistcha
|move|p2b: Metagross|Psychic Fangs|p1b: Floette
|-damage|p1b: Floette|38/100
|
|-weather|RainDance|[upkeep]
|-end|p1b: Floette|Encore
|upkeep
|turn|10
|
|t:|1784320116
|move|p1a: Sinistcha|Rage Powder|p1a: Sinistcha
|-singleturn|p1a: Sinistcha|move: Rage Powder
|move|p1b: Floette|Dazzling Gleam|p2a: Sinistcha|[spread] p2a,p2b
|-resisted|p2b: Metagross|1
|-damage|p2a: Sinistcha|0 fnt
|-damage|p2b: Metagross|57/100
|faint|p2a: Sinistcha
|move|p2b: Metagross|Psychic Fangs|p1a: Sinistcha
|-damage|p1a: Sinistcha|33/100
|
|-weather|none
|upkeep
|
|t:|1784320124
|switch|p2a: Ninetales|Ninetales-Alola, L50, M|100/100
|-weather|Snowscape|[from] ability: Snow Warning|[of] p2a: Ninetales
|turn|11
|
|t:|1784320133
|move|p1a: Sinistcha|Rage Powder|p1a: Sinistcha
|-singleturn|p1a: Sinistcha|move: Rage Powder
|move|p2a: Ninetales|Blizzard|p1b: Floette|[spread] p1a,p1b
|-supereffective|p1a: Sinistcha|1
|-damage|p1a: Sinistcha|0 fnt
|-damage|p1b: Floette|27/100
|faint|p1a: Sinistcha
|move|p1b: Floette|Dazzling Gleam|p2b: Metagross|[spread] p2a,p2b
|-resisted|p2b: Metagross|1
|-damage|p2a: Ninetales|2/100
|-damage|p2b: Metagross|45/100
|move|p2b: Metagross|Psychic Fangs|p1b: Floette
|-damage|p1b: Floette|0 fnt
|faint|p1b: Floette
|
|-weather|Snowscape|[upkeep]
|upkeep
|
|t:|1784320140
|switch|p1b: Pelipper|Pelipper, L50, M|43/100
|switch|p1a: Grimmsnarl|Grimmsnarl, L50, M|100/100
|-weather|RainDance|[from] ability: Drizzle|[of] p1b: Pelipper
|turn|12
|
|t:|1784320158
|move|p1b: Pelipper|Wide Guard|p1b: Pelipper
|-singleturn|p1b: Pelipper|Wide Guard
|move|p2a: Ninetales|Blizzard|p1a: Grimmsnarl|[spread] 
|-activate|p1a: Grimmsnarl|move: Wide Guard
|-activate|p1b: Pelipper|move: Wide Guard
|move|p2b: Metagross|Body Press|p1b: Pelipper
|-resisted|p1b: Pelipper|1
|-damage|p1b: Pelipper|0 fnt
|faint|p1b: Pelipper
|move|p1a: Grimmsnarl|Foul Play|p2a: Ninetales
|-resisted|p2a: Ninetales|1
|-damage|p2a: Ninetales|0 fnt
|faint|p2a: Ninetales
|
|-weather|RainDance|[upkeep]
|upkeep
|turn|13
|
|t:|1784320171
|move|p2b: Metagross|Body Press|p1a: Grimmsnarl
|-damage|p1a: Grimmsnarl|5/100
|move|p1a: Grimmsnarl|Foul Play|p2b: Metagross
|-supereffective|p2b: Metagross|1
|-damage|p2b: Metagross|29/100
|
|-weather|RainDance|[upkeep]
|upkeep
|turn|14
|
|t:|1784320178
|move|p2b: Metagross|Body Press|p1a: Grimmsnarl
|-damage|p1a: Grimmsnarl|0 fnt
|faint|p1a: Grimmsnarl
|
|win|is_katabo
|raw|Prepucio Santos's rating: 1197 → 1177(-20 for losing)
|raw|is_katabo's rating: 1271 → 1291(+20 for winning)
|l|☆Prepucio Santos
|player|p1|
