|j|☆julielovesfroslass
|j|☆prosta1
|html|julielovesfroslassprosta1    
|uhtml|bestof|Game 2 of a best-of-3
|t:|1784660770
|gametype|doubles
|player|p1|julielovesfroslass|waitress|1040
|player|p2|prosta1|266|1124
|gen|9
|tier|[Gen 9 Champions] VGC 2026 Reg M-B (Bo3)
|rated|
|rule|Species Clause: Limit one of each Pokémon
|rule|Item Clause: Limit 1 of each item
|clearpoke
|poke|p1|Charizard, L50, M, shiny|
|poke|p1|Metagross, L50, shiny|
|poke|p1|Hydreigon, L50, M|
|poke|p1|Incineroar, L50, M|
|poke|p1|Toxapex, L50, M, shiny|
|poke|p1|Annihilape, L50, M, shiny|
|poke|p2|Gengar, L50, F|
|poke|p2|Swampert, L50, M|
|poke|p2|Incineroar, L50, F|
|poke|p2|Politoed, L50, F|
|poke|p2|Archaludon, L50, M|
|poke|p2|Vivillon, L50, F|
|teampreview|4
|showteam|p1|Charizard||CharizarditeY|Blaze|HeatWave,WeatherBall,SolarBeam,Protect|Modest||M|||50|]Metagross||Metagrossite|ClearBody|PsychicFangs,BulletPunch,IcePunch,Protect|Jolly|||||50|]Hydreigon||ChoiceScarf|Levitate|DarkPulse,DracoMeteor,Snarl,EarthPower|Modest||M|||50|]Incineroar||SitrusBerry|Intimidate|FlareBlitz,ThroatChop,PartingShot,FakeOut|Impish||M|||50|]Toxapex||Leftovers|Regenerator|Infestation,Toxic,WideGuard,BanefulBunker|Relaxed||M|||50|]Annihilape||FocusSash|Defiant|PhantomForce,CloseCombat,RockTomb,Protect|Jolly||M|||50|
|showteam|p2|Gengar||Gengarite|CursedBody|ShadowBall,SludgeBomb,PerishSong,Protect|Timid||F|||50|]Swampert||Swampertite|Damp|WaveCrash,Earthquake,IcePunch,Protect|Adamant||M|||50|]Incineroar||PasshoBerry|Intimidate|ThroatChop,PartingShot,FakeOut,Protect|Careful||F|||50|]Politoed||SitrusBerry|Drizzle|WeatherBall,PerishSong,Encore,Protect|Calm||F|||50|]Archaludon||Leftovers|Stamina|DragonPulse,FlashCannon,ElectroShot,Protect|Modest||M|||50|]Vivillon||FocusSash|CompoundEyes|Hurricane,SleepPowder,RagePowder,Protect|Timid||F|||50|
|inactive|Battle timer is ON: inactive players will automatically lose when time's up. (requested by julielovesfroslass)
|inactive|julielovesfroslass has 60 seconds left.
|
|t:|1784660808
|teamsize|p1|4
|teamsize|p2|4
|start
|switch|p1a: Charizard|Charizard, L50, M, shiny|100/100
|switch|p1b: Hydreigon|Hydreigon, L50, M|100/100
|switch|p2a: Vivillon|Vivillon, L50, F|100/100
|switch|p2b: Gengar|Gengar, L50, F|100/100
|turn|1
|
|t:|1784660828
|switch|p2a: Incineroar|Incineroar, L50, F|100/100
|-ability|p2a: Incineroar|Intimidate|boost
|-unboost|p1a: Charizard|atk|1
|-unboost|p1b: Hydreigon|atk|1
|detailschange|p1a: Charizard|Charizard-Mega-Y, L50, M, shiny
|-mega|p1a: Charizard|Charizard|Charizardite Y
|-weather|SunnyDay|[from] ability: Drought|[of] p1a: Charizard
|move|p2b: Gengar|Protect|p2b: Gengar
|-singleturn|p2b: Gengar|Protect
|move|p1b: Hydreigon|Dark Pulse|p2a: Incineroar
|-resisted|p2a: Incineroar|1
|-damage|p2a: Incineroar|85/100
|move|p1a: Charizard|Heat Wave|p2b: Gengar|[spread] p2a
|-activate|p2b: Gengar|move: Protect
|-resisted|p2a: Incineroar|1
|-damage|p2a: Incineroar|63/100
|
|-weather|SunnyDay|[upkeep]
|upkeep
|turn|2
|inactive|prosta1 has 30 seconds left.
|inactive|prosta1 has 20 seconds left.
|inactive|prosta1 has 15 seconds left.
|
|t:|1784660873
|switch|p1a: Incineroar|Incineroar, L50, M|100/100
|-ability|p1a: Incineroar|Intimidate|boost
|-unboost|p2a: Incineroar|atk|1
|-unboost|p2b: Gengar|atk|1
|detailschange|p2b: Gengar|Gengar-Mega, L50, F
|-mega|p2b: Gengar|Gengar|Gengarite
|move|p2a: Incineroar|Fake Out|p1b: Hydreigon
|-damage|p1b: Hydreigon|92/100
|cant|p1b: Hydreigon|flinch
|move|p2b: Gengar|Perish Song|p2b: Gengar
|-start|p1a: Incineroar|perish3|[silent]
|-start|p1b: Hydreigon|perish3|[silent]
|-start|p2a: Incineroar|perish3|[silent]
|-start|p2b: Gengar|perish3|[silent]
|-fieldactivate|move: Perish Song
|
|-weather|SunnyDay|[upkeep]
|-start|p1b: Hydreigon|perish3
|-start|p2b: Gengar|perish3
|-start|p1a: Incineroar|perish3
|-start|p2a: Incineroar|perish3
|upkeep
|turn|3
|
|t:|1784660889
|move|p2b: Gengar|Protect|p2b: Gengar
|-singleturn|p2b: Gengar|Protect
|move|p2a: Incineroar|Protect|p2a: Incineroar
|-singleturn|p2a: Incineroar|Protect
|move|p1b: Hydreigon|Dark Pulse|p2b: Gengar
|-activate|p2b: Gengar|move: Protect
|move|p1a: Incineroar|Parting Shot|p2a: Incineroar
|-activate|p2a: Incineroar|move: Protect
|
|-weather|SunnyDay|[upkeep]
|-start|p1b: Hydreigon|perish2
|-start|p2b: Gengar|perish2
|-start|p1a: Incineroar|perish2
|-start|p2a: Incineroar|perish2
|upkeep
|turn|4
|inactive|prosta1 has 30 seconds left.
|
|t:|1784660922
|switch|p2b: Politoed|Politoed, L50, F|100/100
|-weather|RainDance|[from] ability: Drizzle|[of] p2b: Politoed
|switch|p2a: Vivillon|Vivillon, L50, F|100/100
|move|p1b: Hydreigon|Dark Pulse|p2b: Politoed
|-damage|p2b: Politoed|71/100
|move|p1a: Incineroar|Parting Shot|p2b: Politoed
|-unboost|p2b: Politoed|atk|1
|-unboost|p2b: Politoed|spa|1
|
|t:|1784660933
|switch|p1a: Charizard|Charizard-Mega-Y, L50, M, shiny|100/100|[from] Parting Shot
|-weather|SunnyDay|[from] ability: Drought|[of] p1a: Charizard
|
|-weather|SunnyDay|[upkeep]
|-start|p1b: Hydreigon|perish1
|upkeep
|turn|5
|
|t:|1784660958
|switch|p1b: Incineroar|Incineroar, L50, M|100/100
|-ability|p1b: Incineroar|Intimidate|boost
|-unboost|p2a: Vivillon|atk|1
|-unboost|p2b: Politoed|atk|1
|move|p2a: Vivillon|Sleep Powder|p1a: Charizard
|-status|p1a: Charizard|slp|[from] move: Sleep Powder
|cant|p1a: Charizard|slp
|move|p2b: Politoed|Weather Ball|p1b: Incineroar
|-resisted|p1b: Incineroar|1
|-damage|p1b: Incineroar|89/100
|
|-weather|SunnyDay|[upkeep]
|upkeep
|turn|6
|
|t:|1784660979
|switch|p2a: Incineroar|Incineroar, L50, F|63/100
|-ability|p2a: Incineroar|Intimidate|boost
|-unboost|p1a: Charizard|atk|1
|-unboost|p1b: Incineroar|atk|1
|move|p1b: Incineroar|Fake Out|p2a: Incineroar
|-damage|p2a: Incineroar|56/100
|cant|p1a: Charizard|slp
|move|p2b: Politoed|Perish Song|p2b: Politoed
|-start|p1a: Charizard|perish3|[silent]
|-start|p1b: Incineroar|perish3|[silent]
|-start|p2a: Incineroar|perish3|[silent]
|-start|p2b: Politoed|perish3|[silent]
|-fieldactivate|move: Perish Song
|
|-weather|SunnyDay|[upkeep]
|-start|p1a: Charizard|perish3
|-start|p2b: Politoed|perish3
|-start|p1b: Incineroar|perish3
|-start|p2a: Incineroar|perish3
|upkeep
|turn|7
|inactive|prosta1 has 30 seconds left.
|
|t:|1784661005
|switch|p1a: Hydreigon|Hydreigon, L50, M|92/100
|move|p2b: Politoed|Encore|p1b: Incineroar
|-start|p1b: Incineroar|Encore
|move|p1b: Incineroar|Fake Out||[still]
|-hint|Fake Out only works on your first turn out.
|-fail|p1b: Incineroar
|move|p2a: Incineroar|Parting Shot|p1a: Hydreigon
|-unboost|p1a: Hydreigon|atk|1
|-unboost|p1a: Hydreigon|spa|1
|
|t:|1784661021
|switch|p2a: Gengar|Gengar-Mega, L50, F|100/100|[from] Parting Shot
|
|-weather|SunnyDay|[upkeep]
|-start|p2b: Politoed|perish2
|-start|p1b: Incineroar|perish2
|upkeep
|turn|8
|
|t:|1784661043
|switch|p2b: Incineroar|Incineroar, L50, F|56/100
|-ability|p2b: Incineroar|Intimidate|boost
|-unboost|p1a: Hydreigon|atk|1
|-unboost|p1b: Incineroar|atk|1
|move|p2a: Gengar|Protect|p2a: Gengar
|-singleturn|p2a: Gengar|Protect
|move|p1a: Hydreigon|Earth Power|p2b: Incineroar
|-supereffective|p2b: Incineroar|1
|-damage|p2b: Incineroar|26/100
|-activate|p1b: Incineroar|move: Struggle
|move|p1b: Incineroar|Struggle|p2a: Gengar
|-activate|p2a: Gengar|move: Protect
|
|-weather|none
|-start|p1b: Incineroar|perish1
|upkeep
|turn|9
|inactive|prosta1 has 30 seconds left.
|inactive|prosta1 has 20 seconds left.
|inactive|prosta1 has 15 seconds left.
|inactive|prosta1 has 10 seconds left.
|
|t:|1784661090
|switch|p2a: Politoed|Politoed, L50, F|71/100
|-weather|RainDance|[from] ability: Drizzle|[of] p2a: Politoed
|move|p2b: Incineroar|Fake Out|p1a: Hydreigon
|-damage|p1a: Hydreigon|81/100
|cant|p1a: Hydreigon|flinch
|-activate|p1b: Incineroar|move: Struggle
|move|p1b: Incineroar|Struggle|p2b: Incineroar
|-damage|p2b: Incineroar|20/100y
|-damage|p1b: Incineroar|64/100|[from] recoil
|
|-weather|RainDance|[upkeep]
|-end|p1b: Incineroar|Encore
|-start|p1b: Incineroar|perish0
|upkeep
|faint|p1b: Incineroar
|
|t:|1784661102
|switch|p1b: Charizard|Charizard-Mega-Y, L50, M, shiny|100/100 slp
|-weather|SunnyDay|[from] ability: Drought|[of] p1b: Charizard
|turn|10
|
|t:|1784661117
|move|p2b: Incineroar|Protect|p2b: Incineroar
|-singleturn|p2b: Incineroar|Protect
|move|p1a: Hydreigon|Earth Power|p2b: Incineroar
|-activate|p2b: Incineroar|move: Protect
|-curestatus|p1b: Charizard|slp|[msg]
|move|p1b: Charizard|Heat Wave|p2a: Politoed|[spread] p2a
|-activate|p2b: Incineroar|move: Protect
|-resisted|p2a: Politoed|1
|-damage|p2a: Politoed|52/100
|move|p2a: Politoed|Perish Song|p2a: Politoed
|-start|p1a: Hydreigon|perish3|[silent]
|-start|p1b: Charizard|perish3|[silent]
|-start|p2a: Politoed|perish3|[silent]
|-start|p2b: Incineroar|perish3|[silent]
|-fieldactivate|move: Perish Song
|
|-weather|SunnyDay|[upkeep]
|-start|p1a: Hydreigon|perish3
|-start|p1b: Charizard|perish3
|-start|p2a: Politoed|perish3
|-start|p2b: Incineroar|perish3
|upkeep
|turn|11
|inactive|prosta1 has 30 seconds left.
|
|t:|1784661145
|switch|p1a: Annihilape|Annihilape, L50, M, shiny|100/100
|move|p2a: Politoed|Protect|p2a: Politoed
|-singleturn|p2a: Politoed|Protect
|move|p1b: Charizard|Heat Wave|p2b: Incineroar|[spread] 
|-activate|p2a: Politoed|move: Protect
|-miss|p1b: Charizard|p2b: Incineroar
|move|p2b: Incineroar|Parting Shot|p1a: Annihilape
|-unboost|p1a: Annihilape|atk|1
|-ability|p1a: Annihilape|Defiant|boost
|-boost|p1a: Annihilape|atk|2
|-unboost|p1a: Annihilape|spa|1
|-ability|p1a: Annihilape|Defiant|boost
|-boost|p1a: Annihilape|atk|2
|
|t:|1784661162
|switch|p2b: Gengar|Gengar-Mega, L50, F|100/100|[from] Parting Shot
|
|-weather|SunnyDay|[upkeep]
|-start|p1b: Charizard|perish2
|-start|p2a: Politoed|perish2
|upkeep
|turn|12
|
|t:|1784661177
|move|p2b: Gengar|Protect|p2b: Gengar
|-singleturn|p2b: Gengar|Protect
|move|p1a: Annihilape|Phantom Force||[still]
|-prepare|p1a: Annihilape|Phantom Force
|move|p1b: Charizard|Solar Beam||[still]
|-prepare|p1b: Charizard|Solar Beam
|-anim|p1b: Charizard|Solar Beam|p2a: Politoed
|-supereffective|p2a: Politoed|1
|-damage|p2a: Politoed|0 fnt
|faint|p2a: Politoed
|
|-weather|SunnyDay|[upkeep]
|-start|p1b: Charizard|perish1
|upkeep
|
|t:|1784661195
|switch|p2a: Vivillon|Vivillon, L50, F|100/100
|turn|13
|
|t:|1784661204
|switch|p2b: Incineroar|Incineroar, L50, F|20/100y
|-ability|p2b: Incineroar|Intimidate|boost
|-unboost|p1a: Annihilape|atk|1
|-ability|p1a: Annihilape|Defiant|boost
|-boost|p1a: Annihilape|atk|2
|-unboost|p1b: Charizard|atk|1
|move|p1a: Annihilape|Phantom Force|p2b: Incineroar|[from] lockedmove
|-resisted|p2b: Incineroar|1
|-damage|p2b: Incineroar|0 fnt
|faint|p2b: Incineroar
|move|p2a: Vivillon|Sleep Powder|p1a: Annihilape
|-status|p1a: Annihilape|slp|[from] move: Sleep Powder
|move|p1b: Charizard|Heat Wave|p2a: Vivillon
|-supereffective|p2a: Vivillon|1
|-enditem|p2a: Vivillon|Focus Sash
|-damage|p2a: Vivillon|1/100
|
|-weather|SunnyDay|[upkeep]
|-start|p1b: Charizard|perish0
|upkeep
|faint|p1b: Charizard
|
|t:|1784661221
|switch|p1b: Hydreigon|Hydreigon, L50, M|81/100
|switch|p2b: Gengar|Gengar-Mega, L50, F|100/100
|turn|14
|
|t:|1784661234
|move|p1b: Hydreigon|Snarl|p2b: Gengar|[spread] p2b
|-miss|p1b: Hydreigon|p2a: Vivillon
|-supereffective|p2b: Gengar|1
|-damage|p2b: Gengar|53/100
|-unboost|p2b: Gengar|spa|1
|move|p2b: Gengar|Shadow Ball|p1a: Annihilape
|-supereffective|p1a: Annihilape|1
|-damage|p1a: Annihilape|44/100 slp
|cant|p1a: Annihilape|slp
|move|p2a: Vivillon|Sleep Powder|p1b: Hydreigon
|-status|p1b: Hydreigon|slp|[from] move: Sleep Powder
|
|-weather|none
|upkeep
|turn|15
|
|t:|1784661258
|-curestatus|p1a: Annihilape|slp|[msg]
|move|p1a: Annihilape|Protect|p1a: Annihilape
|-singleturn|p1a: Annihilape|Protect
|cant|p1b: Hydreigon|slp
|move|p2b: Gengar|Sludge Bomb|p1b: Hydreigon
|-damage|p1b: Hydreigon|46/100 slp
|move|p2a: Vivillon|Hurricane|p1a: Annihilape
|-activate|p1a: Annihilape|move: Protect
|
|upkeep
|turn|16
|
|t:|1784661279
|cant|p1b: Hydreigon|slp
|move|p2b: Gengar|Sludge Bomb|p1b: Hydreigon
|-damage|p1b: Hydreigon|12/100 slp
|move|p1a: Annihilape|Phantom Force||[still]
|-prepare|p1a: Annihilape|Phantom Force
|move|p2a: Vivillon|Hurricane|p1a: Annihilape|[miss]
|-miss|p2a: Vivillon|p1a: Annihilape
|
|upkeep
|turn|17
|inactive|prosta1 has 30 seconds left.
|inactive|prosta1 has 20 seconds left.
|
|t:|1784661295
|-curestatus|p1b: Hydreigon|slp|[msg]
|move|p1b: Hydreigon|Snarl|p2b: Gengar|[spread] p2a,p2b
|-supereffective|p2b: Gengar|1
|-damage|p2a: Vivillon|0 fnt
|-damage|p2b: Gengar|5/100
|-unboost|p2b: Gengar|spa|1
|faint|p2a: Vivillon
|move|p2b: Gengar|Sludge Bomb|p1b: Hydreigon
|-damage|p1b: Hydreigon|0 fnt
|faint|p1b: Hydreigon
|move|p1a: Annihilape|Phantom Force|p2b: Gengar|[from] lockedmove
|-supereffective|p2b: Gengar|1
|-damage|p2b: Gengar|0 fnt
|faint|p2b: Gengar
|
|win|julielovesfroslass
|raw|julielovesfroslass's rating: 1040 → 1082(+42 for winning)
|raw|prosta1's rating: 1124 → 1093(-31 for losing)
