|j|☆SunshineTufo
|j|☆robbie0301
|html|SunshineTuforobbie0301    
|uhtml|bestof|Game 2 of a best-of-3
|t:|1785440990
|gametype|doubles
|player|p1|SunshineTufo|li|1343
|player|p2|robbie0301|iono|1369
|gen|9
|tier|[Gen 9 Champions] VGC 2026 Reg M-B (Bo3)
|rated|
|rule|Species Clause: Limit one of each Pokémon
|rule|Item Clause: Limit 1 of each item
|clearpoke
|poke|p1|Charizard, L50, M, shiny|
|poke|p1|Incineroar, L50, M, shiny|
|poke|p1|Sylveon, L50, M, shiny|
|poke|p1|Aerodactyl, L50, M, shiny|
|poke|p1|Garchomp, L50, M, shiny|
|poke|p1|Farigiraf, L50, M, shiny|
|poke|p2|Garchomp, L50, F|
|poke|p2|Tyranitar, L50, F|
|poke|p2|Corviknight, L50, F|
|poke|p2|Milotic, L50, F|
|poke|p2|Sinistcha, L50|
|poke|p2|Ceruledge, L50, F|
|teampreview|4
|showteam|p1|Charizard||CharizarditeY|SolarPower|HeatWave,WeatherBall,SolarBeam,Protect|Modest||M|||50|]Incineroar||Charcoal|Intimidate|FlareBlitz,DarkestLariat,FakeOut,PartingShot|Brave||M|||50|]Sylveon||FairyFeather|Pixilate|HyperVoice,QuickAttack,HyperBeam,Detect|Modest||M|||50|]Aerodactyl||Aerodactylite|Unnerve|WideGuard,RockSlide,DualWingbeat,Tailwind|Jolly||M|||50|]Garchomp||LifeOrb|RoughSkin|Protect,StompingTantrum,DragonClaw,Earthquake|Adamant||M|||50|]Farigiraf||SitrusBerry|ArmorTail|SunnyDay,PsychicFangs,Thunderbolt,TrickRoom|Relaxed||M|||50|
|showteam|p2|Garchomp||Garchompite|RoughSkin|EarthPower,DracoMeteor,PowerGem,Protect|Modest||F|||50|]Tyranitar||ChoiceScarf|SandStream|KnockOff,RockSlide,IcePunch,LowKick|Jolly||F|||50|]Corviknight||LifeOrb|MirrorArmor|BraveBird,IronHead,Tailwind,Protect|Jolly||F|||50|]Milotic||SitrusBerry|Competitive|Scald,IcyWind,Haze,Protect|Bold||F|||50|]Sinistcha||KasibBerry|Hospitality|MatchaGotcha,RagePowder,TrickRoom,Protect|Bold|||||50|]Ceruledge||ColburBerry|FlashFire|BitterBlade,ShadowSneak,BulkUp,Protect|Adamant||F|||50|
|inactive|Battle timer is ON: inactive players will automatically lose when time's up. (requested by SunshineTufo)
|inactive|robbie0301 has 60 seconds left.
|
|t:|1785441048
|teamsize|p1|4
|teamsize|p2|4
|start
|switch|p1a: Incineroar|Incineroar, L50, M, shiny|100/100
|switch|p1b: Farigiraf|Farigiraf, L50, M, shiny|100/100
|switch|p2a: Corviknight|Corviknight, L50, F|100/100
|switch|p2b: Ceruledge|Ceruledge, L50, F|100/100
|-ability|p1a: Incineroar|Intimidate|boost
|-ability|p2a: Corviknight|Mirror Armor
|-unboost|p1a: Incineroar|atk|1
|-unboost|p2b: Ceruledge|atk|1
|turn|1
|
|t:|1785441073
|switch|p2b: Tyranitar|Tyranitar, L50, F|100/100
|-weather|Sandstorm|[from] ability: Sand Stream|[of] p2b: Tyranitar
|move|p2a: Corviknight|Brave Bird|p1a: Incineroar
|-damage|p1a: Incineroar|43/100
|-damage|p2a: Corviknight|78/100|[from] Recoil
|-damage|p2a: Corviknight|69/100|[from] item: Life Orb
|move|p1a: Incineroar|Darkest Lariat|p2b: Tyranitar
|-resisted|p2b: Tyranitar|1
|-damage|p2b: Tyranitar|86/100
|move|p1b: Farigiraf|Trick Room|p1b: Farigiraf
|-fieldstart|move: Trick Room|[of] p1b: Farigiraf
|
|-weather|Sandstorm|[upkeep]
|-damage|p1b: Farigiraf|93/100|[from] Sandstorm
|-damage|p1a: Incineroar|37/100|[from] Sandstorm
|upkeep
|turn|2
|
|t:|1785441089
|switch|p2a: Garchomp|Garchomp, L50, F|100/100
|move|p1b: Farigiraf|Thunderbolt|p2a: Garchomp
|-immune|p2a: Garchomp
|move|p1a: Incineroar|Parting Shot|p2b: Tyranitar
|-unboost|p2b: Tyranitar|atk|1
|-unboost|p2b: Tyranitar|spa|1
|
|t:|1785441094
|switch|p1a: Sylveon|Sylveon, L50, M, shiny|100/100|[from] Parting Shot
|move|p2b: Tyranitar|Knock Off|p1b: Farigiraf
|-supereffective|p1b: Farigiraf|1
|-damage|p1b: Farigiraf|39/100
|-enditem|p1b: Farigiraf|Sitrus Berry|[from] move: Knock Off|[of] p2b: Tyranitar
|
|-weather|Sandstorm|[upkeep]
|-damage|p1b: Farigiraf|33/100|[from] Sandstorm
|-damage|p1a: Sylveon|94/100|[from] Sandstorm
|upkeep
|turn|3
|
|t:|1785441107
|switch|p1b: Incineroar|Incineroar, L50, M, shiny|37/100
|-ability|p1b: Incineroar|Intimidate|boost
|-unboost|p2a: Garchomp|atk|1
|-unboost|p2b: Tyranitar|atk|1
|switch|p2a: Corviknight|Corviknight, L50, F|69/100
|switch|p2b: Ceruledge|Ceruledge, L50, F|100/100
|move|p1a: Sylveon|Hyper Voice|p2b: Ceruledge|[spread] p2a,p2b
|-resisted|p2a: Corviknight|1
|-resisted|p2b: Ceruledge|1
|-damage|p2a: Corviknight|41/100
|-damage|p2b: Ceruledge|74/100
|
|-weather|Sandstorm|[upkeep]
|-damage|p1b: Incineroar|31/100|[from] Sandstorm
|-damage|p1a: Sylveon|88/100|[from] Sandstorm
|-damage|p2b: Ceruledge|67/100|[from] Sandstorm
|upkeep
|turn|4
|
|t:|1785441128
|move|p1a: Sylveon|Detect|p1a: Sylveon
|-singleturn|p1a: Sylveon|Protect
|move|p1b: Incineroar|Darkest Lariat|p2b: Ceruledge
|-supereffective|p2b: Ceruledge|1
|-enditem|p2b: Ceruledge|Colbur Berry|[eat]
|-enditem|p2b: Ceruledge|Colbur Berry|[weaken]
|-damage|p2b: Ceruledge|28/100
|move|p2b: Ceruledge|Bitter Blade|p1a: Sylveon
|-activate|p1a: Sylveon|move: Protect
|move|p2a: Corviknight|Iron Head|p1a: Sylveon
|-activate|p1a: Sylveon|move: Protect
|
|-weather|Sandstorm|[upkeep]
|-damage|p1b: Incineroar|25/100|[from] Sandstorm
|-damage|p1a: Sylveon|82/100|[from] Sandstorm
|-damage|p2b: Ceruledge|22/100|[from] Sandstorm
|upkeep
|turn|5
|
|t:|1785441143
|switch|p1b: Charizard|Charizard, L50, M, shiny|100/100
|move|p2b: Ceruledge|Protect|p2b: Ceruledge
|-singleturn|p2b: Ceruledge|Protect
|move|p2a: Corviknight|Protect|p2a: Corviknight
|-singleturn|p2a: Corviknight|Protect
|move|p1a: Sylveon|Hyper Voice|p2b: Ceruledge|[spread] 
|-activate|p2a: Corviknight|move: Protect
|-activate|p2b: Ceruledge|move: Protect
|
|-weather|none
|-fieldend|move: Trick Room
|upkeep
|turn|6
|
|t:|1785441157
|move|p1a: Sylveon|Detect|p1a: Sylveon
|-singleturn|p1a: Sylveon|Protect
|move|p1b: Charizard|Heat Wave|p2a: Corviknight|[spread] p2a
|-start|p2b: Ceruledge|ability: Flash Fire
|-supereffective|p2a: Corviknight|1
|-damage|p2a: Corviknight|0 fnt
|faint|p2a: Corviknight
|move|p2b: Ceruledge|Bitter Blade|p1a: Sylveon
|-activate|p1a: Sylveon|move: Protect
|
|upkeep
|
|t:|1785441164
|switch|p2a: Tyranitar|Tyranitar, L50, F|86/100
|-weather|Sandstorm|[from] ability: Sand Stream|[of] p2a: Tyranitar
|turn|7
|
|t:|1785441173
|switch|p1a: Incineroar|Incineroar, L50, M, shiny|25/100
|-ability|p1a: Incineroar|Intimidate|boost
|-unboost|p2a: Tyranitar|atk|1
|-unboost|p2b: Ceruledge|atk|1
|move|p1b: Charizard|Protect|p1b: Charizard
|-singleturn|p1b: Charizard|Protect
|move|p2a: Tyranitar|Rock Slide|p1b: Charizard|[spread] p1a
|-activate|p1b: Charizard|move: Protect
|-supereffective|p1a: Incineroar|1
|-crit|p1a: Incineroar
|-damage|p1a: Incineroar|0 fnt
|faint|p1a: Incineroar
|move|p2b: Ceruledge|Bitter Blade|p1b: Charizard
|-activate|p1b: Charizard|move: Protect
|
|-weather|Sandstorm|[upkeep]
|-damage|p1b: Charizard|94/100|[from] Sandstorm
|-damage|p2b: Ceruledge|15/100|[from] Sandstorm
|upkeep
|
|t:|1785441180
|switch|p1a: Sylveon|Sylveon, L50, M, shiny|82/100
|turn|8
|
|t:|1785441200
|detailschange|p1b: Charizard|Charizard-Mega-Y, L50, M, shiny
|-mega|p1b: Charizard|Charizard|Charizardite Y
|-weather|SunnyDay|[from] ability: Drought|[of] p1b: Charizard
|move|p1a: Sylveon|Quick Attack|p2b: Ceruledge
|-resisted|p2b: Ceruledge|1
|-damage|p2b: Ceruledge|9/100
|move|p2a: Tyranitar|Rock Slide|p1a: Sylveon|[spread] p1a,p1b
|-supereffective|p1b: Charizard|2
|-damage|p1a: Sylveon|57/100
|-damage|p1b: Charizard|3/100
|move|p1b: Charizard|Solar Beam||[still]
|-prepare|p1b: Charizard|Solar Beam
|-anim|p1b: Charizard|Solar Beam|p2a: Tyranitar
|-supereffective|p2a: Tyranitar|1
|-damage|p2a: Tyranitar|0 fnt
|faint|p2a: Tyranitar
|move|p2b: Ceruledge|Bitter Blade|p1a: Sylveon
|-damage|p1a: Sylveon|0 fnt
|-heal|p2b: Ceruledge|37/100|[from] drain|[of] p1a: Sylveon
|faint|p1a: Sylveon
|
|-weather|SunnyDay|[upkeep]
|upkeep
|
|t:|1785441212
|switch|p2a: Garchomp|Garchomp, L50, F|100/100
|switch|p1a: Farigiraf|Farigiraf, L50, M, shiny|33/100
|turn|9
|
|t:|1785441228
|move|p2a: Garchomp|Power Gem|p1b: Charizard
|-supereffective|p1b: Charizard|2
|-damage|p1b: Charizard|0 fnt
|faint|p1b: Charizard
|move|p2b: Ceruledge|Bitter Blade|p1a: Farigiraf
|-damage|p1a: Farigiraf|0 fnt
|-heal|p2b: Ceruledge|58/100|[from] drain|[of] p1a: Farigiraf
|faint|p1a: Farigiraf
|
|win|robbie0301
|raw|SunshineTufo's rating: 1343 → 1324(-19 for losing)
|raw|robbie0301's rating: 1369 → 1388(+19 for winning)
