|j|☆I love bo3
|j|☆odio esta reg
|html|I love bo3odio esta reg    
|uhtml|bestof|Game 2 of a best-of-3
|t:|1785500011
|gametype|doubles
|player|p1|I love bo3|dawn|1044
|player|p2|odio esta reg|101|1110
|gen|9
|tier|[Gen 9 Champions] VGC 2026 Reg M-B (Bo3)
|rated|
|rule|Species Clause: Limit one of each Pokémon
|rule|Item Clause: Limit 1 of each item
|clearpoke
|poke|p1|Staraptor, L50, M, shiny|
|poke|p1|Charizard, L50, M, shiny|
|poke|p1|Garchomp, L50, M, shiny|
|poke|p1|Gholdengo, L50|
|poke|p1|Whimsicott, L50, F, shiny|
|poke|p1|Rotom-Wash, L50|
|poke|p2|Charizard, L50, M|
|poke|p2|Garchomp, L50, F|
|poke|p2|Incineroar, L50, F|
|poke|p2|Venusaur, L50, F|
|poke|p2|Toxapex, L50, M|
|poke|p2|Sylveon, L50, F|
|teampreview|4
|showteam|p1|Staraptor||Staraptite|Intimidate|CloseCombat,DualWingbeat,Roost,Protect|Jolly||M|||50|]Charizard||CharizarditeY|Blaze|WeatherBall,HeatWave,SolarBeam,Protect|Modest||M|||50|]Garchomp||LifeOrb|RoughSkin|Earthquake,DragonClaw,RockSlide,Protect|Jolly||M|||50|]Gholdengo||SpellTag|GoodasGold|MakeItRain,ShadowBall,NastyPlot,Protect|Modest|||||50|]Whimsicott||FocusSash|Prankster|Moonblast,Charm,Tailwind,Protect|Timid||F|||50|]Rotom-Wash||ChoiceScarf|Levitate|HydroPump,VoltSwitch,Electroweb,WillOWisp|Timid|||||50|
|showteam|p2|Charizard||CharizarditeY|SolarPower|WeatherBall,HeatWave,AncientPower,Protect|Modest||M|||50|]Garchomp||ChoiceScarf|RoughSkin|RockSlide,DragonClaw,Earthquake,StompingTantrum|Adamant||F|||50|]Incineroar||SitrusBerry|Intimidate|FlareBlitz,FakeOut,DarkestLariat,PartingShot|Impish||F|||50|]Venusaur||LifeOrb|Chlorophyll|SludgeBomb,LeafStorm,EarthPower,Protect|Modest||F|||50|]Toxapex||Leftovers|Regenerator|Infestation,Toxic,WideGuard,BanefulBunker|Bold||M|||50|]Sylveon||FairyFeather|Pixilate|HyperVoice,QuickAttack,Yawn,Detect|Modest||F|||50|
|inactive|Battle timer is ON: inactive players will automatically lose when time's up. (requested by odio esta reg)
|
|t:|1785500039
|teamsize|p1|4
|teamsize|p2|4
|start
|switch|p1a: Whimsicott|Whimsicott, L50, F, shiny|100/100
|switch|p1b: Rotom|Rotom-Wash, L50|100/100
|switch|p2a: Garchomp|Garchomp, L50, F|100/100
|switch|p2b: Sylveon|Sylveon, L50, F|100/100
|turn|1
|inactive|I love bo3 has 30 seconds left.
|
|t:|1785500067
|move|p1a: Whimsicott|Protect|p1a: Whimsicott
|-singleturn|p1a: Whimsicott|Protect
|move|p2a: Garchomp|Rock Slide|p1b: Rotom|[spread] p1b
|-activate|p1a: Whimsicott|move: Protect
|-damage|p1b: Rotom|76/100
|move|p1b: Rotom|Volt Switch|p2b: Sylveon
|-damage|p2b: Sylveon|79/100
|
|t:|1785500077
|switch|p1b: Gholdengo|Gholdengo, L50|100/100|[from] Volt Switch
|move|p2b: Sylveon|Hyper Voice|p1a: Whimsicott|[spread] p1b
|-activate|p1a: Whimsicott|move: Protect
|-resisted|p1b: Gholdengo|1
|-damage|p1b: Gholdengo|79/100
|
|upkeep
|turn|2
|inactive|I love bo3 has 30 seconds left.
|inactive|odio esta reg has 30 seconds left.
|inactive|I love bo3 has 20 seconds left.
|inactive|I love bo3 has 15 seconds left.
|
|t:|1785500120
|switch|p2a: Charizard|Charizard, L50, M|100/100
|move|p1a: Whimsicott|Tailwind|p1a: Whimsicott
|-sidestart|p1: I love bo3|move: Tailwind
|move|p1b: Gholdengo|Nasty Plot|p1b: Gholdengo
|-boost|p1b: Gholdengo|spa|2
|move|p2b: Sylveon|Hyper Voice|p1b: Gholdengo|[spread] p1a,p1b
|-resisted|p1b: Gholdengo|1
|-damage|p1a: Whimsicott|29/100
|-damage|p1b: Gholdengo|61/100
|
|upkeep
|turn|3
|inactive|odio esta reg has 30 seconds left.
|
|t:|1785500155
|move|p1b: Gholdengo|Protect|p1b: Gholdengo
|-singleturn|p1b: Gholdengo|Protect
|move|p2a: Charizard|Protect|p2a: Charizard
|-singleturn|p2a: Charizard|Protect
|move|p2b: Sylveon|Detect|p2b: Sylveon
|-singleturn|p2b: Sylveon|Protect
|move|p1a: Whimsicott|Moonblast|p2b: Sylveon
|-activate|p2b: Sylveon|move: Protect
|
|upkeep
|turn|4
|
|t:|1785500168
|detailschange|p2a: Charizard|Charizard-Mega-Y, L50, M
|-mega|p2a: Charizard|Charizard|Charizardite Y
|-weather|SunnyDay|[from] ability: Drought|[of] p2a: Charizard
|move|p1a: Whimsicott|Moonblast|p2a: Charizard
|-resisted|p2a: Charizard|1
|-damage|p2a: Charizard|84/100
|move|p1b: Gholdengo|Shadow Ball|p2a: Charizard
|-damage|p2a: Charizard|1/100
|move|p2a: Charizard|Heat Wave|p1b: Gholdengo|[spread] p1a
|-miss|p2a: Charizard|p1b: Gholdengo
|-supereffective|p1a: Whimsicott|1
|-crit|p1a: Whimsicott
|-damage|p1a: Whimsicott|0 fnt
|faint|p1a: Whimsicott
|move|p2b: Sylveon|Hyper Voice|p1b: Gholdengo
|-resisted|p1b: Gholdengo|1
|-damage|p1b: Gholdengo|36/100
|
|-weather|SunnyDay|[upkeep]
|upkeep
|
|t:|1785500184
|switch|p1a: Staraptor|Staraptor, L50, M, shiny|100/100
|-ability|p1a: Staraptor|Intimidate|boost
|-unboost|p2a: Charizard|atk|1
|-unboost|p2b: Sylveon|atk|1
|turn|5
|inactive|odio esta reg has 30 seconds left.
|
|t:|1785500215
|detailschange|p1a: Staraptor|Staraptor-Mega, L50, M, shiny
|-mega|p1a: Staraptor|Staraptor|Staraptite
|move|p2b: Sylveon|Detect|p2b: Sylveon
|-singleturn|p2b: Sylveon|Protect
|move|p1a: Staraptor|Close Combat|p2a: Charizard
|-resisted|p2a: Charizard|1
|-damage|p2a: Charizard|0 fnt
|-boost|p1a: Staraptor|def|1
|-boost|p1a: Staraptor|spd|1
|faint|p2a: Charizard
|move|p1b: Gholdengo|Make It Rain|p2b: Sylveon
|-activate|p2b: Sylveon|move: Protect
|
|-weather|SunnyDay|[upkeep]
|-sideend|p1: I love bo3|move: Tailwind
|upkeep
|inactive|odio esta reg has 30 seconds left.
|
|t:|1785500249
|switch|p2a: Garchomp|Garchomp, L50, F|100/100
|turn|6
|inactive|I love bo3 has 30 seconds left.
|inactive|I love bo3 has 20 seconds left.
|
|t:|1785500284
|switch|p1b: Rotom|Rotom-Wash, L50|76/100
|move|p2a: Garchomp|Stomping Tantrum|p1b: Rotom
|-immune|p1b: Rotom|[from] ability: Levitate
|move|p1a: Staraptor|Close Combat|p2a: Garchomp
|-damage|p2a: Garchomp|37/100
|-boost|p1a: Staraptor|def|1
|-boost|p1a: Staraptor|spd|1
|-damage|p1a: Staraptor|87/100|[from] ability: Rough Skin|[of] p2a: Garchomp
|move|p2b: Sylveon|Hyper Voice|p1a: Staraptor|[spread] p1a,p1b
|-supereffective|p1a: Staraptor|1
|-damage|p1a: Staraptor|42/100
|-damage|p1b: Rotom|25/100
|
|-weather|SunnyDay|[upkeep]
|upkeep
|turn|7
|inactive|I love bo3 has 30 seconds left.
|inactive|odio esta reg has 30 seconds left.
|n|☆I love bo3|ilovebo3
|inactive|I love bo3 has 20 seconds left.
|inactive|odio esta reg has 20 seconds left.
|
|t:|1785500321
|move|p2a: Garchomp|Stomping Tantrum|p1b: Rotom
|-immune|p1b: Rotom|[from] ability: Levitate
|move|p1b: Rotom|Volt Switch|p2b: Sylveon
|-damage|p2b: Sylveon|57/100
|
|t:|1785500327
|switch|p1b: Gholdengo|Gholdengo, L50|36/100|[from] Volt Switch
|move|p1a: Staraptor|Dual Wingbeat|p2b: Sylveon
|-damage|p2b: Sylveon|35/100
|-damage|p2b: Sylveon|13/100
|-hitcount|p2b: Sylveon|2
|move|p2b: Sylveon|Hyper Voice|p1a: Staraptor|[spread] p1a,p1b
|-supereffective|p1a: Staraptor|1
|-resisted|p1b: Gholdengo|1
|-damage|p1a: Staraptor|0 fnt
|-damage|p1b: Gholdengo|16/100
|faint|p1a: Staraptor
|
|-weather|SunnyDay|[upkeep]
|upkeep
|
|t:|1785500337
|switch|p1a: Rotom|Rotom-Wash, L50|25/100
|turn|8
|inactive|I love bo3 has 30 seconds left.
|inactive|I love bo3 has 20 seconds left.
|inactive|I love bo3 has 15 seconds left.
|
|t:|1785500381
|move|p1b: Gholdengo|Protect|p1b: Gholdengo
|-singleturn|p1b: Gholdengo|Protect
|move|p2a: Garchomp|Stomping Tantrum|p1b: Gholdengo
|-activate|p1b: Gholdengo|move: Protect
|move|p1a: Rotom|Hydro Pump|p2a: Garchomp
|-damage|p2a: Garchomp|12/100
|move|p2b: Sylveon|Hyper Voice|p1b: Gholdengo|[spread] p1a
|-activate|p1b: Gholdengo|move: Protect
|-damage|p1a: Rotom|0 fnt
|faint|p1a: Rotom
|
|-weather|none
|upkeep
|turn|9
|-message|I love bo3 forfeited.
|
|win|odio esta reg
|raw|I love bo3's rating: 1044 → 1031(-13 for losing)
|raw|odio esta reg's rating: 1110 → 1130(+20 for winning)
