|j|☆PumitaNike
|j|☆WhyOGod
|html|PumitaNikeWhyOGod    
|uhtml|bestof|Game 1 of a best-of-3
|t:|1757089436
|gametype|doubles
|player|p1|PumitaNike|1|1020
|player|p2|WhyOGod|101|1083
|gen|9
|tier|[Gen 9] VGC 2025 Reg H (Bo3)
|rated|
|rule|Species Clause: Limit one of each Pokémon
|rule|Item Clause: Limit 1 of each item
|clearpoke
|poke|p1|Arcanine-Hisui, L50, F|
|poke|p1|Corviknight, L50, M|
|poke|p1|Electabuzz, L50, F|
|poke|p1|Gastrodon-East, L50, M|
|poke|p1|Rillaboom, L50, M|
|poke|p1|Sneasler, L50, F|
|poke|p2|Tatsugiri, L50, F|
|poke|p2|Dondozo, L50, F|
|poke|p2|Volcarona, L50, M|
|poke|p2|Oricorio-Pom-Pom, L50, F|
|poke|p2|Flamigo, L50, F|
|poke|p2|Incineroar, L50, M|
|teampreview|4
|showteam|p1|Arcanine-Hisui||ClearAmulet|Intimidate|FlareBlitz,RockSlide,ExtremeSpeed,Protect|||F|||50|,,,,,Ghost]Corviknight||GrassySeed|MirrorArmor|BraveBird,PowerTrip,BulkUp,Roost|||M|||50|,,,,,Dragon]Electabuzz||Eviolite|VitalSpirit|Thunderbolt,Taunt,FollowMe,Protect|||F|||50|,,,,,Ghost]Gastrodon-East||Leftovers|StormDrain|EarthPower,IceBeam,Yawn,Protect|||M|||50|,,,,,Fire]Rillaboom||AssaultVest|GrassySurge|GrassyGlide,WoodHammer,FakeOut,HighHorsepower|||M|||50|,,,,,Fire]Sneasler||FocusSash|Unburden|ThroatChop,FakeOut,CloseCombat,DireClaw|||F|||50|,,,,,Dark
|showteam|p2|Tatsugiri||ToxicOrb|Commander|DracoMeteor,HydroPump,IcyWind,Endure|||F|||50|,,,,,Dragon]Dondozo||DragonFang|Unaware|OrderUp,SleepTalk|||F|||50|,,,,,Ground]Volcarona||SalacBerry|FlameBody|FieryDance,QuiverDance,Endure|||M|||50|,,,,,Bug]Oricorio-Pom-Pom||FocusSash|Dancer|RevelationDance,BatonPass,QuiverDance,Protect|||F|||50|,,,,,Electric]Flamigo||WhiteHerb|Costar|BraveBird,CloseCombat,Roost,Protect|||F|||50|,,,,,Ground]Incineroar||SitrusBerry|Intimidate|FlareBlitz,KnockOff,FakeOut,PartingShot|||M|||50|,,,,,Grass
|inactive|Battle timer is ON: inactive players will automatically lose when time's up. (requested by WhyOGod)
|inactive|PumitaNike has 60 seconds left.
|
|t:|1757089493
|teamsize|p1|4
|teamsize|p2|4
|start
|switch|p1a: Corviknight|Corviknight, L50, M|100/100
|switch|p1b: Arcanine|Arcanine-Hisui, L50, F|100/100
|switch|p2a: Oricorio|Oricorio-Pom-Pom, L50, F|100/100
|switch|p2b: Volcarona|Volcarona, L50, M|100/100
|-ability|p1b: Arcanine|Intimidate|boost
|-unboost|p2a: Oricorio|atk|1
|-unboost|p2b: Volcarona|atk|1
|turn|1
|inactive|WhyOGod has 30 seconds left.
|inactive|WhyOGod has 20 seconds left.
|inactive|WhyOGod has 15 seconds left.
|inactive|WhyOGod has 10 seconds left.
|inactive|WhyOGod has 5 seconds left.
|
|t:|1757089544
|move|p2b: Volcarona|Quiver Dance|p2b: Volcarona
|-boost|p2b: Volcarona|spa|1
|-boost|p2b: Volcarona|spd|1
|-boost|p2b: Volcarona|spe|1
|-activate|p2a: Oricorio|ability: Dancer
|move|p2a: Oricorio|Quiver Dance|p2a: Oricorio|[from] ability: Dancer
|-boost|p2a: Oricorio|spa|1
|-boost|p2a: Oricorio|spd|1
|-boost|p2a: Oricorio|spe|1
|move|p2a: Oricorio|Revelation Dance|p1b: Arcanine
|-damage|p1b: Arcanine|15/100
|move|p1b: Arcanine|Rock Slide|p2b: Volcarona|[spread] p2b
|-miss|p1b: Arcanine|p2a: Oricorio
|-supereffective|p2b: Volcarona
|-damage|p2b: Volcarona|0 fnt
|faint|p2b: Volcarona
|move|p1a: Corviknight|Brave Bird|p2a: Oricorio
|-resisted|p2a: Oricorio
|-damage|p2a: Oricorio|65/100
|-damage|p1a: Corviknight|92/100|[from] Recoil
|
|upkeep
|
|t:|1757089561
|switch|p2b: Flamigo|Flamigo, L50, F|100/100
|-copyboost|p2b: Flamigo|p2a: Oricorio|[from] ability: Costar
|-enditem|p2b: Flamigo|White Herb
|-clearnegativeboost|p2b: Flamigo|[silent]
|turn|2
|
|t:|1757089579
|switch|p1b: Electabuzz|Electabuzz, L50, F|100/100
|-terastallize|p1a: Corviknight|Dragon
|move|p2b: Flamigo|Brave Bird|p1b: Electabuzz
|-resisted|p1b: Electabuzz
|-damage|p1b: Electabuzz|75/100
|-damage|p2b: Flamigo|92/100|[from] Recoil
|move|p2a: Oricorio|Revelation Dance|p1a: Corviknight
|-resisted|p1a: Corviknight
|-damage|p1a: Corviknight|63/100
|move|p1a: Corviknight|Bulk Up|p1a: Corviknight
|-boost|p1a: Corviknight|atk|1
|-boost|p1a: Corviknight|def|1
|
|upkeep
|turn|3
|inactive|PumitaNike has 30 seconds left.
|inactive|PumitaNike has 20 seconds left.
|
|t:|1757089617
|-terastallize|p2b: Flamigo|Ground
|move|p1b: Electabuzz|Follow Me|p1b: Electabuzz
|-singleturn|p1b: Electabuzz|move: Follow Me
|move|p2b: Flamigo|Close Combat|p1b: Electabuzz
|-damage|p1b: Electabuzz|23/100
|-unboost|p2b: Flamigo|def|1
|-unboost|p2b: Flamigo|spd|1
|move|p2a: Oricorio|Revelation Dance|p1b: Electabuzz
|-resisted|p1b: Electabuzz
|-damage|p1b: Electabuzz|0 fnt
|faint|p1b: Electabuzz
|move|p1a: Corviknight|Bulk Up|p1a: Corviknight
|-boost|p1a: Corviknight|atk|1
|-boost|p1a: Corviknight|def|1
|
|upkeep
|
|t:|1757089635
|switch|p1b: Sneasler|Sneasler, L50, F|100/100
|turn|4
|inactive|WhyOGod has 30 seconds left.
|
|t:|1757089661
|switch|p2b: Incineroar|Incineroar, L50, M|100/100
|-ability|p2b: Incineroar|Intimidate|boost
|-ability|p1a: Corviknight|Mirror Armor
|-unboost|p2b: Incineroar|atk|1
|-unboost|p1b: Sneasler|atk|1
|move|p1b: Sneasler|Fake Out|p2b: Incineroar
|-damage|p2b: Incineroar|90/100
|move|p2a: Oricorio|Revelation Dance|p1a: Corviknight
|-resisted|p1a: Corviknight
|-damage|p1a: Corviknight|39/100
|move|p1a: Corviknight|Power Trip|p2a: Oricorio
|-damage|p2a: Oricorio|0 fnt
|faint|p2a: Oricorio
|
|upkeep
|
|t:|1757089673
|switch|p2a: Flamigo|Flamigo, L50, F, tera:Ground|92/100
|-copyboost|p2a: Flamigo|p2b: Incineroar|[from] ability: Costar
|turn|5
|
|t:|1757089688
|switch|p1b: Arcanine|Arcanine-Hisui, L50, F|15/100
|-ability|p1b: Arcanine|Intimidate|boost
|-unboost|p2a: Flamigo|atk|1
|-unboost|p2b: Incineroar|atk|1
|move|p2b: Incineroar|Fake Out|p1b: Arcanine
|-resisted|p1b: Arcanine
|-damage|p1b: Arcanine|12/100
|move|p2a: Flamigo|Brave Bird|p1a: Corviknight
|-damage|p1a: Corviknight|26/100
|-damage|p2a: Flamigo|87/100|[from] Recoil
|move|p1a: Corviknight|Roost|p1a: Corviknight
|-heal|p1a: Corviknight|77/100
|
|upkeep
|turn|6
|-message|WhyOGod forfeited.
|
|win|PumitaNike
|l|☆WhyOGod
|player|p2|
||WhyOGod is ready for game 2.
|inactive|PumitaNike has 30 seconds to confirm battle start!
||PumitaNike is ready for game 2.
|uhtml|next|Next: Game 2 of 3
