|j|☆SapphireKat
|j|☆JuanGuerrero09
|html|SapphireKatJuanGuerrero09    
|uhtml|bestof|Game 1 of a best-of-3
|t:|1757001324
|gametype|doubles
|player|p1|SapphireKat|delinquentf-gen9|1088
|player|p2|JuanGuerrero09|1|1086
|gen|9
|tier|[Gen 9] VGC 2025 Reg H (Bo3)
|rated|
|rule|Species Clause: Limit one of each Pokémon
|rule|Item Clause: Limit 1 of each item
|clearpoke
|poke|p1|Basculegion, L50, M|
|poke|p1|Archaludon, L50, F|
|poke|p1|Pelipper, L50, F|
|poke|p1|Rillaboom, L50, M|
|poke|p1|Sneasler, L50, F|
|poke|p1|Gholdengo, L50|
|poke|p2|Sneasler, L50, M|
|poke|p2|Indeedee, L50, M|
|poke|p2|Whimsicott, L50, M|
|poke|p2|Ursaluna-Bloodmoon, L50, M|
|poke|p2|Archaludon, L50, M|
|poke|p2|Corviknight, L50, M|
|teampreview|4
|showteam|p1|Basculegion||ChoiceBand|SwiftSwim|LastRespects,WaveCrash,FlipTurn,PhantomForce|||M|||50|,,,,,Grass]Archaludon||AssaultVest|Stamina|BodyPress,DragonPulse,FlashCannon,ElectroShot|||F|||50|,,,,,Bug]Pelipper||FocusSash|Drizzle|WeatherBall,Hurricane,Protect,Tailwind|||F|||50|,,,,,Ghost]Rillaboom||MiracleSeed|GrassySurge|WoodHammer,GrassyGlide,HighHorsepower,KnockOff|||M|||50|,,,,,Fire]Sneasler||GrassySeed|Unburden|CloseCombat,DireClaw,Taunt,ThroatChop|||F|||50|,,,,,Stellar]Gholdengo||LifeOrb|GoodasGold|MakeItRain,NastyPlot,Protect,ShadowBall||||||50|,,,,,Flying
|showteam|p2|Sneasler||PsychicSeed|Unburden|Protect,DireClaw,CloseCombat,ThroatChop|||M|||50|,,,,,Dark]Indeedee||FocusSash|PsychicSurge|ExpandingForce,TeraBlast,TrickRoom,Imprison|||M|||50|,,,,,Psychic]Whimsicott||CovertCloak|Prankster|Tailwind,Taunt,FakeTears,Moonblast|||M|||50|,,,,,Water]Ursaluna-Bloodmoon||LifeOrb|MindsEye|Protect,BloodMoon,HyperVoice,EarthPower|||M|||50|,,,,,Normal]Archaludon||PowerHerb|Stalwart|Protect,ElectroShot,DragonPulse,Thunderbolt|||M|||50|,,,,,Electric]Corviknight||Leftovers|MirrorArmor|Roost,BulkUp,BraveBird,BodyPress|||M|||50|,,,,,Dragon
|
|t:|1757001395
|teamsize|p1|4
|teamsize|p2|4
|start
|switch|p1a: B. splendens|Basculegion, L50, M, shiny|100/100
|switch|p1b: C. paleatus|Pelipper, L50, F|100/100
|switch|p2a: Indeedee|Indeedee, L50, M|100/100
|switch|p2b: Archaludon|Archaludon, L50, M|100/100
|-fieldstart|move: Psychic Terrain|[from] ability: Psychic Surge|[of] p2a: Indeedee
|-weather|RainDance|[from] ability: Drizzle|[of] p1b: C. paleatus
|turn|1
|
|t:|1757001424
|move|p1a: B. splendens|Wave Crash|p2a: Indeedee
|-enditem|p2a: Indeedee|Focus Sash
|-damage|p2a: Indeedee|1/100
|-damage|p1a: B. splendens|77/100|[from] Recoil
|move|p2b: Archaludon|Electro Shot||[still]
|-prepare|p2b: Archaludon|Electro Shot
|-boost|p2b: Archaludon|spa|1
|-anim|p2b: Archaludon|Electro Shot|p1b: C. paleatus
|-supereffective|p1b: C. paleatus
|-enditem|p1b: C. paleatus|Focus Sash
|-damage|p1b: C. paleatus|1/100
|move|p1b: C. paleatus|Weather Ball|p2a: Indeedee
|-damage|p2a: Indeedee|0 fnt
|faint|p2a: Indeedee
|
|-weather|RainDance|[upkeep]
|upkeep
|
|t:|1757001442
|switch|p2a: Corviknight|Corviknight, L50, M|100/100
|turn|2
|
|t:|1757001480
|move|p1a: B. splendens|Wave Crash|p2a: Corviknight
|-damage|p2a: Corviknight|9/100
|-damage|p1a: B. splendens|46/100|[from] Recoil
|move|p2b: Archaludon|Electro Shot||[still]
|-prepare|p2b: Archaludon|Electro Shot
|-boost|p2b: Archaludon|spa|1
|-anim|p2b: Archaludon|Electro Shot|p1a: B. splendens
|-supereffective|p1a: B. splendens
|-damage|p1a: B. splendens|0 fnt
|faint|p1a: B. splendens
|move|p2a: Corviknight|Bulk Up|p2a: Corviknight
|-boost|p2a: Corviknight|atk|1
|-boost|p2a: Corviknight|def|1
|move|p1b: C. paleatus|Hurricane|p2b: Archaludon
|-resisted|p2b: Archaludon
|-damage|p2b: Archaludon|62/100
|
|-weather|RainDance|[upkeep]
|-heal|p2a: Corviknight|15/100|[from] item: Leftovers
|upkeep
|
|t:|1757001511
|switch|p1a: A. cirrhosus|Archaludon, L50, F, shiny|100/100
|turn|3
|
|t:|1757001551
|switch|p2a: Ursaluna|Ursaluna-Bloodmoon, L50, M|100/100
|move|p2b: Archaludon|Electro Shot||[still]
|-prepare|p2b: Archaludon|Electro Shot
|-boost|p2b: Archaludon|spa|1
|-anim|p2b: Archaludon|Electro Shot|p1b: C. paleatus
|-supereffective|p1b: C. paleatus
|-damage|p1b: C. paleatus|0 fnt
|faint|p1b: C. paleatus
|move|p1a: A. cirrhosus|Electro Shot||[still]
|-prepare|p1a: A. cirrhosus|Electro Shot
|-boost|p1a: A. cirrhosus|spa|1
|-anim|p1a: A. cirrhosus|Electro Shot|p2a: Ursaluna
|-immune|p2a: Ursaluna
|
|-weather|RainDance|[upkeep]
|upkeep
|
|t:|1757001564
|switch|p1b: R. titteya|Gholdengo, L50, shiny|100/100
|turn|4
|
|t:|1757001589
|-terastallize|p1b: R. titteya|Flying
|move|p2a: Ursaluna|Protect|p2a: Ursaluna
|-singleturn|p2a: Ursaluna|Protect
|move|p2b: Archaludon|Electro Shot||[still]
|-prepare|p2b: Archaludon|Electro Shot
|-boost|p2b: Archaludon|spa|1
|-anim|p2b: Archaludon|Electro Shot|p1a: A. cirrhosus
|-resisted|p1a: A. cirrhosus
|-crit|p1a: A. cirrhosus
|-damage|p1a: A. cirrhosus|34/100
|-ability|p1a: A. cirrhosus|Stamina|boost
|-boost|p1a: A. cirrhosus|def|1
|move|p1b: R. titteya|Nasty Plot|p1b: R. titteya
|-boost|p1b: R. titteya|spa|2
|move|p1a: A. cirrhosus|Dragon Pulse|p2b: Archaludon
|-damage|p2b: Archaludon|0 fnt
|faint|p2b: Archaludon
|
|-weather|RainDance|[upkeep]
|upkeep
|
|t:|1757001606
|switch|p2b: Corviknight|Corviknight, L50, M|15/100
|turn|5
|
|t:|1757001617
|-terastallize|p2a: Ursaluna|Normal
|move|p1b: R. titteya|Make It Rain|p2a: Ursaluna|[spread] p2a,p2b
|-resisted|p2b: Corviknight
|-damage|p2a: Ursaluna|0 fnt
|-damage|p2b: Corviknight|0 fnt
|-unboost|p1b: R. titteya|spa|1
|faint|p2a: Ursaluna
|faint|p2b: Corviknight
|-damage|p1b: R. titteya|91/100|[from] item: Life Orb
|
|win|SapphireKat
