|j|☆resourcespro
|j|☆irongiant9214
|html|resourcesproirongiant9214    
|uhtml|bestof|Game 1 of a best-of-3
|t:|1785945013
|gametype|doubles
|player|p1|resourcespro|169|1139
|player|p2|irongiant9214|102|1178
|gen|9
|tier|[Gen 9 Champions] VGC 2026 Reg M-B (Bo3)
|rated|
|rule|Species Clause: Limit one of each Pokémon
|rule|Item Clause: Limit 1 of each item
|clearpoke
|poke|p1|Annihilape, L50, F|
|poke|p1|Clefable, L50, F|
|poke|p1|Excadrill, L50, F|
|poke|p1|Tyranitar, L50, M|
|poke|p1|Scizor, L50, F|
|poke|p1|Meowscarada, L50, M|
|poke|p2|Whimsicott, L50, F, shiny|
|poke|p2|Kingambit, L50, M|
|poke|p2|Garchomp, L50, M, shiny|
|poke|p2|Charizard, L50, F|
|poke|p2|Floette-Eternal, L50, F|
|poke|p2|Basculegion, L50, M|
|teampreview|4
|showteam|p1|Annihilape|||InnerFocus|BulkUp,Acrobatics,DrainPunch,RageFist|Adamant||F|||50|]Clefable||Clefablite|MagicGuard|FollowMe,Flamethrower,LightScreen,Thunderbolt|Modest||F|||50|]Excadrill||FocusSash|SandRush|Earthquake,RockSlide,SwordsDance,BrickBreak|Adamant||F|||50|]Tyranitar||SmoothRock|SandStream|FireBlast,IceBeam,Thunderbolt,DarkPulse|Modest||M|||50|]Scizor||ExpertBelt|Technician|BulletPunch,BugBite,DualWingbeat,Trailblaze|Adamant||F|||50|]Meowscarada||LifeOrb|Overgrow|Taunt,Uturn,FlowerTrick,TripleAxel|Jolly||M|||50|
|showteam|p2|Whimsicott||FocusSash|Prankster|Moonblast,Tailwind,Encore,Protect|Timid||F|||50|]Kingambit||ChopleBerry|Defiant|SuckerPunch,LowKick,IronHead,KowtowCleave|Adamant||M|||50|]Garchomp||LifeOrb|RoughSkin|RockSlide,DragonClaw,Earthquake,Protect|Jolly||M|||50|]Charizard||CharizarditeY|Blaze|HeatWave,WeatherBall,SolarBeam,Protect|Modest||F|||50|]Floette-Eternal||Floettite|FlowerVeil|DazzlingGleam,Moonblast,HelpingHand,Protect|Timid||F|||50|]Basculegion||MysticWater|Adaptability|AquaJet,WaveCrash,LastRespects,Protect|Adamant||M|||50|
|
|t:|1785945087
|teamsize|p1|4
|teamsize|p2|4
|start
|switch|p1a: Scizor|Scizor, L50, F|100/100
|switch|p1b: Clefable|Clefable, L50, F|100/100
|switch|p2a: Whimsicott|Whimsicott, L50, F, shiny|100/100
|switch|p2b: Kingambit|Kingambit, L50, M|100/100
|turn|1
|
|t:|1785945135
|switch|p2a: Charizard|Charizard, L50, F|100/100
|switch|p1b: Excadrill|Excadrill, L50, F|100/100
|move|p1a: Scizor|Bullet Punch|p2a: Charizard
|-resisted|p2a: Charizard|1
|-damage|p2a: Charizard|81/100
|move|p2b: Kingambit|Iron Head|p1b: Excadrill
|-resisted|p1b: Excadrill|1
|-damage|p1b: Excadrill|65/100
|
|upkeep
|turn|2
|
|t:|1785945153
|switch|p2a: Garchomp|Garchomp, L50, M, shiny|100/100
|switch|p1a: Tyranitar|Tyranitar, L50, M|100/100
|-weather|Sandstorm|[from] ability: Sand Stream|[of] p1a: Tyranitar
|move|p1b: Excadrill|Rock Slide|p2a: Garchomp|[spread] p2a,p2b
|-resisted|p2a: Garchomp|1
|-resisted|p2b: Kingambit|1
|-damage|p2a: Garchomp|89/100
|-damage|p2b: Kingambit|91/100
|cant|p2b: Kingambit|flinch
|
|-weather|Sandstorm|[upkeep]
|upkeep
|turn|3
|
|t:|1785945194
|move|p2a: Garchomp|Protect|p2a: Garchomp
|-singleturn|p2a: Garchomp|Protect
|move|p2b: Kingambit|Sucker Punch|p1b: Excadrill
|-damage|p1b: Excadrill|4/100
|move|p1b: Excadrill|Brick Break|p2b: Kingambit
|-supereffective|p2b: Kingambit|2
|-enditem|p2b: Kingambit|Chople Berry|[eat]
|-enditem|p2b: Kingambit|Chople Berry|[weaken]
|-damage|p2b: Kingambit|41/100
|move|p1a: Tyranitar|Ice Beam|p2a: Garchomp
|-activate|p2a: Garchomp|move: Protect
|
|-weather|Sandstorm|[upkeep]
|upkeep
|turn|4
|
|t:|1785945225
|move|p1b: Excadrill|Swords Dance|p1b: Excadrill
|-boost|p1b: Excadrill|atk|2
|move|p2a: Garchomp|Dragon Claw|p1a: Tyranitar
|-damage|p1a: Tyranitar|54/100
|-damage|p2a: Garchomp|80/100|[from] item: Life Orb
|move|p1a: Tyranitar|Fire Blast|p2b: Kingambit
|-supereffective|p2b: Kingambit|1
|-damage|p2b: Kingambit|0 fnt
|faint|p2b: Kingambit
|
|-weather|Sandstorm|[upkeep]
|upkeep
|
|t:|1785945228
|switch|p2b: Charizard|Charizard, L50, F|81/100
|turn|5
|
|t:|1785945258
|detailschange|p2b: Charizard|Charizard-Mega-Y, L50, F
|-mega|p2b: Charizard|Charizard|Charizardite Y
|-weather|SunnyDay|[from] ability: Drought|[of] p2b: Charizard
|move|p2b: Charizard|Protect|p2b: Charizard
|-singleturn|p2b: Charizard|Protect
|move|p2a: Garchomp|Earthquake|p1a: Tyranitar|[spread] p1a,p1b
|-activate|p2b: Charizard|move: Protect
|-supereffective|p1a: Tyranitar|1
|-supereffective|p1b: Excadrill|1
|-damage|p1a: Tyranitar|0 fnt
|-damage|p1b: Excadrill|0 fnt
|faint|p1a: Tyranitar
|faint|p1b: Excadrill
|-damage|p2a: Garchomp|70/100|[from] item: Life Orb
|
|-weather|SunnyDay|[upkeep]
|upkeep
|
|t:|1785945272
|switch|p1b: Clefable|Clefable, L50, F|100/100
|switch|p1a: Scizor|Scizor, L50, F|100/100
|turn|6
|
|t:|1785945290
|detailschange|p1b: Clefable|Clefable-Mega, L50, F
|-mega|p1b: Clefable|Clefable|Clefablite
|move|p1a: Scizor|Bullet Punch|p2a: Garchomp
|-damage|p2a: Garchomp|35/100
|-damage|p1a: Scizor|87/100|[from] ability: Rough Skin|[of] p2a: Garchomp
|move|p2a: Garchomp|Earthquake|p1a: Scizor|[spread] p1a
|-immune|p2b: Charizard
|-immune|p1b: Clefable
|-damage|p1a: Scizor|20/100y
|-damage|p2a: Garchomp|25/100|[from] item: Life Orb
|move|p2b: Charizard|Heat Wave|p1b: Clefable|[spread] p1a,p1b
|-supereffective|p1a: Scizor|2
|-crit|p1a: Scizor
|-damage|p1a: Scizor|0 fnt
|-damage|p1b: Clefable|49/100
|faint|p1a: Scizor
|move|p1b: Clefable|Light Screen|p1b: Clefable
|-sidestart|p1: resourcespro|move: Light Screen
|
|-weather|SunnyDay|[upkeep]
|upkeep
|turn|7
|
|t:|1785945317
|move|p2a: Garchomp|Rock Slide|p1b: Clefable
|-supereffective|p1b: Clefable|1
|-damage|p1b: Clefable|0 fnt
|faint|p1b: Clefable
|-damage|p2a: Garchomp|16/100|[from] item: Life Orb
|
|win|irongiant9214
||irongiant9214 is ready for game 2.
||resourcespro is ready for game 2.
|uhtml|next|Next: Game 2 of 3
|l|☆resourcespro
|player|p1|
