|j|☆CappoFeFe
|j|☆Olciax34
|html|CappoFeFeOlciax34    
|uhtml|bestof|Game 2 of a best-of-3
|t:|1785182522
|gametype|doubles
|player|p1|CappoFeFe|169|1222
|player|p2|Olciax34|clair|1292
|gen|9
|tier|[Gen 9 Champions] VGC 2026 Reg M-B (Bo3)
|rated|
|rule|Species Clause: Limit one of each Pokémon
|rule|Item Clause: Limit 1 of each item
|clearpoke
|poke|p1|Farigiraf, L50, M, shiny|
|poke|p1|Camerupt, L50, M, shiny|
|poke|p1|Sylveon, L50, M, shiny|
|poke|p1|Incineroar, L50, M, shiny|
|poke|p1|Sinistcha-Masterpiece, L50, shiny|
|poke|p1|Kingambit, L50, M|
|poke|p2|Incineroar, L50, F|
|poke|p2|Floette-Eternal, L50, F|
|poke|p2|Sinistcha, L50|
|poke|p2|Palafin, L50, M|
|poke|p2|Kingambit, L50, F|
|poke|p2|Raichu, L50, M|
|teampreview|4
|showteam|p1|Farigiraf||SitrusBerry|ArmorTail|Psychic,Thunderbolt,TrickRoom,Protect|Modest||M|||50|]Camerupt||Cameruptite|SolidRock|AncientPower,EarthPower,HeatWave,Protect|Quiet||M|||50|]Sylveon||LifeOrb|Pixilate|HyperVoice,HyperBeam,QuickAttack,Detect|Quiet||M|||50|]Incineroar||Charcoal|Intimidate|FakeOut,FlareBlitz,ThroatChop,PartingShot|Adamant||M|||50|]Sinistcha-Masterpiece||ColburBerry|Hospitality|MatchaGotcha,TrickRoom,Protect|Serious|||||50|]Kingambit||BlackGlasses|Defiant|IronHead,KowtowCleave,SuckerPunch,Protect|Brave||M|||50|
|showteam|p2|Incineroar||SitrusBerry|Intimidate|FakeOut,ThroatChop,FlareBlitz,PartingShot|Careful||F|||50|]Floette-Eternal||Floettite|FlowerVeil|DazzlingGleam,DrainingKiss,CalmMind,Protect|Modest||F|||50|]Sinistcha||KasibBerry|Hospitality|MatchaGotcha,LifeDew,RagePowder,Protect|Calm|||||50|]Palafin||Leftovers|ZerotoHero|BulkUp,JetPunch,DrainPunch,Protect|Adamant||M|||50|]Kingambit||BlackGlasses|Defiant|KowtowCleave,SuckerPunch,IronHead,Protect|Adamant||F|||50|]Raichu||RaichuniteY|LightningRod|FakeOut,ZapCannon,FocusBlast,Protect|Timid||M|||50|
|inactive|Battle timer is ON: inactive players will automatically lose when time's up. (requested by Olciax34)
|
|t:|1785182540
|teamsize|p1|4
|teamsize|p2|4
|start
|switch|p1a: Farigiraf|Farigiraf, L50, M, shiny|100/100
|switch|p1b: Incineroar|Incineroar, L50, M, shiny|100/100
|switch|p2a: Floette|Floette-Eternal, L50, F|100/100
|switch|p2b: Palafin|Palafin, L50, M|100/100
|-ability|p1b: Incineroar|Intimidate|boost
|-unboost|p2a: Floette|atk|1
|-unboost|p2b: Palafin|atk|1
|turn|1
|inactive|Olciax34 has 30 seconds left.
|
|t:|1785182570
|detailschange|p2b: Palafin|Palafin-Hero, L50, M
|switch|p2b: Kingambit|Kingambit, L50, F|100/100
|move|p2a: Floette|Protect|p2a: Floette
|-singleturn|p2a: Floette|Protect
|move|p1b: Incineroar|Fake Out|p2a: Floette
|-activate|p2a: Floette|move: Protect
|move|p1a: Farigiraf|Trick Room|p1a: Farigiraf
|-fieldstart|move: Trick Room|[of] p1a: Farigiraf
|
|upkeep
|turn|2
|
|t:|1785182593
|switch|p2b: Palafin|Palafin-Hero, L50, M|100/100
|-activate|p2b: Palafin|ability: Zero to Hero
|detailschange|p2a: Floette|Floette-Mega, L50, F
|-mega|p2a: Floette|Floette|Floettite
|-ability|p2a: Floette|Fairy Aura
|move|p1a: Farigiraf|Psychic|p2a: Floette
|-damage|p2a: Floette|71/100
|move|p1b: Incineroar|Flare Blitz|p2a: Floette
|-damage|p2a: Floette|5/100
|-damage|p1b: Incineroar|81/100|[from] Recoil
|move|p2a: Floette|Draining Kiss|p1b: Incineroar
|-damage|p1b: Incineroar|49/100
|-heal|p2a: Floette|34/100|[from] drain|[of] p1b: Incineroar
|
|upkeep
|turn|3
|inactive|CappoFeFe has 30 seconds left.
|inactive|Olciax34 has 30 seconds left.
|
|t:|1785182620
|switch|p1a: Sinistcha|Sinistcha-Masterpiece, L50, shiny|100/100
|-heal|p1b: Incineroar|73/100|[from] ability: Hospitality|[of] p1a: Sinistcha
|move|p2a: Floette|Protect|p2a: Floette
|-singleturn|p2a: Floette|Protect
|move|p1b: Incineroar|Flare Blitz|p2a: Floette
|-activate|p2a: Floette|move: Protect
|move|p2b: Palafin|Drain Punch|p1b: Incineroar
|-supereffective|p1b: Incineroar|1
|-damage|p1b: Incineroar|25/100
|
|upkeep
|turn|4
|
|t:|1785182634
|move|p2b: Palafin|Jet Punch|p1b: Incineroar
|-supereffective|p1b: Incineroar|1
|-damage|p1b: Incineroar|0 fnt
|faint|p1b: Incineroar
|move|p1a: Sinistcha|Matcha Gotcha|p2b: Palafin|[spread] p2a,p2b
|-supereffective|p2b: Palafin|1
|-damage|p2a: Floette|13/100
|-damage|p2b: Palafin|58/100
|move|p2a: Floette|Calm Mind|p2a: Floette
|-boost|p2a: Floette|spa|1
|-boost|p2a: Floette|spd|1
|
|-heal|p2b: Palafin|64/100|[from] item: Leftovers
|upkeep
|
|t:|1785182648
|switch|p1b: Farigiraf|Farigiraf, L50, M, shiny|100/100
|turn|5
|
|t:|1785182651
|switch|p2b: Sinistcha|Sinistcha, L50|100/100
|-heal|p2a: Floette|38/100|[from] ability: Hospitality|[of] p2b: Sinistcha
|move|p2a: Floette|Protect|p2a: Floette
|-singleturn|p2a: Floette|Protect
|move|p1b: Farigiraf|Trick Room|p1b: Farigiraf
|-fieldend|move: Trick Room
|move|p1a: Sinistcha|Trick Room|p1a: Sinistcha
|-fieldstart|move: Trick Room|[of] p1a: Sinistcha
|
|upkeep
|turn|6
|
|t:|1785182675
|move|p1b: Farigiraf|Psychic|p2a: Floette
|-damage|p2a: Floette|17/100
|move|p1a: Sinistcha|Matcha Gotcha|p2b: Sinistcha|[spread] p2a
|-miss|p1a: Sinistcha|p2b: Sinistcha
|-damage|p2a: Floette|2/100
|move|p2b: Sinistcha|Life Dew||[still]|[spread] p2a,p2b
|-heal|p2a: Floette|27/100
|-fail|p2b: Sinistcha|heal
|move|p2a: Floette|Draining Kiss|p1b: Farigiraf
|-damage|p1b: Farigiraf|44/100
|-heal|p2a: Floette|84/100|[from] drain|[of] p1b: Farigiraf
|-enditem|p1b: Farigiraf|Sitrus Berry|[eat]
|-heal|p1b: Farigiraf|68/100|[from] item: Sitrus Berry
|
|upkeep
|turn|7
|
|t:|1785182698
|move|p1b: Farigiraf|Psychic|p2a: Floette
|-damage|p2a: Floette|64/100
|move|p2b: Sinistcha|Life Dew||[still]|[spread] p2a,p2b
|-heal|p2a: Floette|89/100
|-fail|p2b: Sinistcha|heal
|move|p1a: Sinistcha|Matcha Gotcha|p2a: Floette|[spread] p2a
|-miss|p1a: Sinistcha|p2b: Sinistcha
|-damage|p2a: Floette|76/100
|move|p2a: Floette|Draining Kiss|p1b: Farigiraf
|-damage|p1b: Farigiraf|7/100
|-heal|p2a: Floette|100/100|[from] drain|[of] p1b: Farigiraf
|
|upkeep
|turn|8
|-message|CappoFeFe forfeited.
|
|win|Olciax34
|raw|CappoFeFe's rating: 1222 → 1202(-20 for losing)
|raw|Olciax34's rating: 1292 → 1312(+20 for winning)
