|j|☆Diglett1
|j|☆bananamandoge420
|html|Diglett1bananamandoge420    
|uhtml|bestof|Game 2 of a best-of-3
|t:|1783312406
|gametype|doubles
|player|p1|Diglett1|swimmer|
|player|p2|bananamandoge420|102|
|gen|9
|tier|[Gen 9 Champions] VGC 2026 Reg M-B (Bo3)
|rule|Species Clause: Limit one of each Pokémon
|rule|Item Clause: Limit 1 of each item
|clearpoke
|poke|p1|Meowstic, L50, M, shiny|
|poke|p1|Torkoal, L50, F|
|poke|p1|Kingambit, L50, F|
|poke|p1|Garchomp, L50, M, shiny|
|poke|p1|Delphox, L50, F, shiny|
|poke|p1|Farigiraf, L50, F, shiny|
|poke|p2|Sinistcha, L50|
|poke|p2|Farigiraf, L50, M|
|poke|p2|Kingambit, L50, M|
|poke|p2|Skarmory, L50, F, shiny|
|poke|p2|Dragonite, L50, M|
|poke|p2|Pelipper, L50, M|
|teampreview|4
|showteam|p1|Meowstic||FocusSash|Prankster|SkillSwap,FakeOut,PsychicTerrain,Protect|Sassy||M|||50|]Torkoal||HeatRock|Drought|Eruption,Flamethrower,Protect,StealthRock|Bold||F|||50|]Kingambit||LumBerry|SupremeOverlord|SuckerPunch,SwordsDance,KowtowCleave,IronHead|Adamant||F|||50|]Garchomp||ChoiceScarf|RoughSkin|RockSlide,Earthquake,IronHead,DragonClaw|Jolly||M|||50|]Delphox||Delphoxite|Blaze|Flamethrower,DazzlingGleam,ExpandingForce,Substitute|Timid||F|||50|]Farigiraf||Leftovers|ArmorTail|TrickRoom,Psychic,HyperVoice,Protect|Sassy||F|||50|
|showteam|p2|Sinistcha||Leftovers|Hospitality|MatchaGotcha,ShadowBall,RagePowder,Protect|Quiet|||||50|]Farigiraf||SitrusBerry|ArmorTail|TwinBeam,Protect,TrickRoom,HelpingHand|Sassy||M|||50|]Kingambit||FocusSash|SupremeOverlord|SuckerPunch,LowKick,ThroatChop,IronHead|Brave||M|||50|]Skarmory||Skarmorite|KeenEye|Protect,BraveBird,BodyPress,IronHead|Adamant||F|||50|]Dragonite||IronBall|Multiscale|Fling,DragonRush,ExtremeSpeed,LightScreen|Adamant||M|||50|]Pelipper||LifeOrb|Drizzle|Hurricane,WeatherBall,Tailwind,Uturn|Modest||M|||50|
|j| ShmebKing
|
|t:|1783312442
|teamsize|p1|4
|teamsize|p2|4
|start
|switch|p1a: Racist|Kingambit, L50, F|100/100
|switch|p1b: Andy|Farigiraf, L50, F, shiny|100/100
|switch|p2a: T-Bag|Sinistcha, L50|100/100
|switch|p2b: MegaSkar|Skarmory, L50, F, shiny|100/100
|turn|1
|inactive|Battle timer is ON: inactive players will automatically lose when time's up. (requested by bananamandoge420)
|inactive|bananamandoge420 has 60 seconds left.
|
|t:|1783312524
|detailschange|p2b: MegaSkar|Skarmory-Mega, L50, F, shiny
|-mega|p2b: MegaSkar|Skarmory|Skarmorite
|move|p1a: Racist|Sucker Punch|p2a: T-Bag
|-supereffective|p2a: T-Bag|1
|-damage|p2a: T-Bag|12/100
|move|p2b: MegaSkar|Brave Bird|p1b: Andy
|-damage|p1b: Andy|26/100
|-damage|p2b: MegaSkar|66/100|[from] Recoil
|move|p2a: T-Bag|Matcha Gotcha|p1a: Racist|[spread] p1a,p1b
|-resisted|p1a: Racist|1
|-damage|p1a: Racist|84/100
|-heal|p2a: T-Bag|21/100|[from] drain|[of] p1a: Racist
|-damage|p1b: Andy|4/100
|-heal|p2a: T-Bag|36/100|[from] drain|[of] p1b: Andy
|-status|p1a: Racist|brn
|-enditem|p1a: Racist|Lum Berry|[eat]
|-curestatus|p1a: Racist|brn|[msg]
|move|p1b: Andy|Trick Room|p1b: Andy
|-fieldstart|move: Trick Room|[of] p1b: Andy
|
|-heal|p1b: Andy|10/100|[from] item: Leftovers
|-heal|p2a: T-Bag|42/100|[from] item: Leftovers
|upkeep
|turn|2
|inactive|Diglett1 has 30 seconds left.
|inactive|bananamandoge420 has 30 seconds left.
|inactive|Diglett1 has 20 seconds left.
|inactive|Diglett1 has 15 seconds left.
|inactive|Diglett1 has 10 seconds left.
|
|t:|1783312574
|move|p2a: T-Bag|Protect|p2a: T-Bag
|-singleturn|p2a: T-Bag|Protect
|move|p1a: Racist|Kowtow Cleave|p2a: T-Bag
|-activate|p2a: T-Bag|move: Protect
|move|p1b: Andy|Psychic|p2b: MegaSkar
|-resisted|p2b: MegaSkar|1
|-damage|p2b: MegaSkar|49/100
|move|p2b: MegaSkar|Iron Head|p1b: Andy
|-damage|p1b: Andy|0 fnt
|faint|p1b: Andy
|
|-heal|p2a: T-Bag|48/100|[from] item: Leftovers
|upkeep
|
|t:|1783312578
|switch|p1b: Big Man|Torkoal, L50, F|100/100
|-weather|SunnyDay|[from] ability: Drought|[of] p1b: Big Man
|turn|3
|
|t:|1783312596
|switch|p2a: Seagull|Pelipper, L50, M|100/100
|-weather|RainDance|[from] ability: Drizzle|[of] p2a: Seagull
|move|p2b: MegaSkar|Protect|p2b: MegaSkar
|-singleturn|p2b: MegaSkar|Protect
|move|p1b: Big Man|Eruption|p2b: MegaSkar|[spread] p2a
|-activate|p2b: MegaSkar|move: Protect
|-resisted|p2a: Seagull|1
|-damage|p2a: Seagull|89/100
|move|p1a: Racist|Kowtow Cleave|p2a: Seagull
|-damage|p2a: Seagull|28/100
|
|-weather|RainDance|[upkeep]
|upkeep
|turn|4
|inactive|bananamandoge420 has 30 seconds left.
|inactive|Diglett1 has 30 seconds left.
|inactive|bananamandoge420 has 20 seconds left.
|inactive|Diglett1 has 20 seconds left.
|inactive|bananamandoge420 has 15 seconds left.
|inactive|Diglett1 has 15 seconds left.
|inactive|bananamandoge420 has 10 seconds left.
|inactive|bananamandoge420 has 5 seconds left.
|
|t:|1783312648
|move|p1b: Big Man|Protect|p1b: Big Man
|-singleturn|p1b: Big Man|Protect
|move|p1a: Racist|Kowtow Cleave|p2a: Seagull
|-damage|p2a: Seagull|0 fnt
|faint|p2a: Seagull
|move|p2b: MegaSkar|Brave Bird|p1b: Big Man
|-activate|p1b: Big Man|move: Protect
|
|-weather|RainDance|[upkeep]
|upkeep
|
|t:|1783312658
|switch|p2a: T-Bag|Sinistcha, L50|48/100
|-heal|p2b: MegaSkar|74/100|[from] ability: Hospitality|[of] p2a: T-Bag
|turn|5
|
|t:|1783312670
|switch|p1b: Pedrophile|Garchomp, L50, M, shiny|100/100
|move|p2a: T-Bag|Protect|p2a: T-Bag
|-singleturn|p2a: T-Bag|Protect
|move|p2b: MegaSkar|Protect|p2b: MegaSkar
|-singleturn|p2b: MegaSkar|Protect
|move|p1a: Racist|Kowtow Cleave|p2a: T-Bag
|-activate|p2a: T-Bag|move: Protect
|
|-weather|RainDance|[upkeep]
|-heal|p2a: T-Bag|55/100|[from] item: Leftovers
|-fieldend|move: Trick Room
|upkeep
|turn|6
|inactive|bananamandoge420 has 30 seconds left.
|
|t:|1783312704
|move|p1b: Pedrophile|Rock Slide|p2b: MegaSkar|[spread] p2a
|-miss|p1b: Pedrophile|p2b: MegaSkar
|-damage|p2a: T-Bag|35/100
|move|p2b: MegaSkar|Brave Bird|p1b: Pedrophile
|-damage|p1b: Pedrophile|25/100
|-damage|p2b: MegaSkar|61/100|[from] ability: Rough Skin|[of] p1b: Pedrophile
|-damage|p2b: MegaSkar|33/100|[from] Recoil
|cant|p2a: T-Bag|flinch
|move|p1a: Racist|Kowtow Cleave|p2a: T-Bag
|-supereffective|p2a: T-Bag|1
|-damage|p2a: T-Bag|0 fnt
|faint|p2a: T-Bag
|
|-weather|RainDance|[upkeep]
|upkeep
|
|t:|1783312719
|switch|p2a: Queen's Gambit|Kingambit, L50, M|100/100
|-activate|p2a: Queen's Gambit|ability: Supreme Overlord
|-start|p2a: Queen's Gambit|fallen2|[silent]
|turn|7
|inactive|bananamandoge420 has 30 seconds left.
|inactive|bananamandoge420 has 20 seconds left.
|inactive|bananamandoge420 has 15 seconds left.
|
|t:|1783312766
|move|p1a: Racist|Sucker Punch|p2a: Queen's Gambit
|-resisted|p2a: Queen's Gambit|1
|-damage|p2a: Queen's Gambit|85/100
|move|p1b: Pedrophile|Rock Slide|p2a: Queen's Gambit|[spread] p2a,p2b
|-resisted|p2a: Queen's Gambit|1
|-damage|p2a: Queen's Gambit|78/100
|-damage|p2b: MegaSkar|14/100
|move|p2b: MegaSkar|Iron Head|p1b: Pedrophile
|-damage|p1b: Pedrophile|0 fnt
|-damage|p2b: MegaSkar|1/100|[from] ability: Rough Skin|[of] p1b: Pedrophile
|faint|p1b: Pedrophile
|move|p2a: Queen's Gambit|Low Kick|p1a: Racist
|-supereffective|p1a: Racist|2
|-damage|p1a: Racist|0 fnt
|faint|p1a: Racist
|-end|p1a: Racist|fallenundefined|[silent]
|
|-weather|none
|upkeep
|
|t:|1783312769
|switch|p1b: Big Man|Torkoal, L50, F|100/100
|-weather|SunnyDay|[from] ability: Drought|[of] p1b: Big Man
|turn|8
|inactive|bananamandoge420 has 30 seconds left.
|
|t:|1783312796
|move|p2b: MegaSkar|Brave Bird|p1b: Big Man
|-damage|p1b: Big Man|57/100
|-damage|p2b: MegaSkar|0 fnt|[from] Recoil
|faint|p2b: MegaSkar
|move|p2a: Queen's Gambit|Throat Chop|p1b: Big Man
|-damage|p1b: Big Man|26/100
|-start|p1b: Big Man|Throat Chop|[silent]
|move|p1b: Big Man|Eruption|p2a: Queen's Gambit
|-supereffective|p2a: Queen's Gambit|1
|-damage|p2a: Queen's Gambit|38/100
|
|-weather|SunnyDay|[upkeep]
|upkeep
|turn|9
|
|t:|1783312811
|move|p2a: Queen's Gambit|Throat Chop|p1b: Big Man
|-damage|p1b: Big Man|0 fnt
|faint|p1b: Big Man
|
|win|bananamandoge420
||Diglett1 is ready for game 3.
|l|☆bananamandoge420
|player|p2|
||bananamandoge420 is ready for game 3.
|uhtml|next|Next: Game 3 of 3
|l|☆Diglett1
|player|p1|
