|j|☆charizard_best2015
|j|☆VersaceZ
|html|charizard_best2015VersaceZ    
|uhtml|bestof|Game 1 of a best-of-3
|t:|1782432560
|gametype|doubles
|player|p1|charizard_best2015|alain|1000
|player|p2|VersaceZ|169|1000
|gen|9
|tier|[Gen 9 Champions] VGC 2026 Reg M-B (Bo3)
|rated|
|rule|Species Clause: Limit one of each Pokémon
|rule|Item Clause: Limit 1 of each item
|clearpoke
|poke|p1|Skarmory, L50, F|
|poke|p1|Garchomp, L50, M|
|poke|p1|Sneasler, L50, F|
|poke|p1|Pelipper, L50, M|
|poke|p1|Basculegion, L50, M|
|poke|p1|Archaludon, L50, M|
|poke|p2|Tyranitar, L50, M|
|poke|p2|Steelix, L50, M|
|poke|p2|Sinistcha, L50|
|poke|p2|Rotom-Wash, L50|
|poke|p2|Sneasler, L50, M|
|poke|p2|Dragapult, L50, F|
|teampreview|4
|showteam|p1|Skarmory||Skarmorite|Sturdy|BraveBird,IronHead,BodyPress,Protect|Adamant||F|||50|]Garchomp||LifeOrb|RoughSkin|Earthquake,DragonClaw,RockSlide,Protect|Serious||M|||50|]Sneasler||WhiteHerb|Unburden|CloseCombat,DireClaw,FakeOut,Protect|Adamant||F|||50|]Pelipper||FocusSash|Drizzle|Tailwind,Hurricane,Protect,WeatherBall|Modest||M|||50|]Basculegion||MysticWater|SwiftSwim|Protect,LastRespects,WaveCrash,AquaJet|Adamant||M|||50|]Archaludon||ChoiceScarf|Stamina|ElectroShot,Protect,FlashCannon,DracoMeteor|Modest||M|||50|
|showteam|p2|Tyranitar||Tyranitarite|SandStream|RockSlide,KnockOff,DragonDance,Protect|Jolly||M|||50|]Steelix||Steelixite|Sturdy|HeavySlam,HighHorsepower,Protect,WideGuard|Brave||M|||50|]Sinistcha||SitrusBerry|Hospitality|ShadowBall,MatchaGotcha,RagePowder,TrickRoom|Bold|||||50|]Rotom-Wash||Leftovers|Levitate|WillOWisp,HydroPump,Thunderbolt,LightScreen|Bold|||||50|]Sneasler||WhiteHerb|Unburden|FakeOut,DireClaw,CloseCombat,Protect|Jolly||M|||50|]Dragapult||LifeOrb|Infiltrator|ShadowBall,DragonPulse,DracoMeteor,Flamethrower|Timid||F|||50|
|inactive|Battle timer is ON: inactive players will automatically lose when time's up. (requested by charizard_best2015)
|inactive|charizard_best2015 has 60 seconds left.
|inactive|charizard_best2015 has 30 seconds left.
|inactive|charizard_best2015 has 20 seconds left.
|inactive|charizard_best2015 has 15 seconds left.
|inactive|charizard_best2015 has 10 seconds left.
|
|t:|1782432640
|teamsize|p1|4
|teamsize|p2|4
|start
|switch|p1a: Pelipper|Pelipper, L50, M|100/100
|switch|p1b: Archaludon|Archaludon, L50, M|100/100
|switch|p2a: Tyranitar|Tyranitar, L50, M|100/100
|switch|p2b: Sneasler|Sneasler, L50, M|100/100
|-weather|Sandstorm|[from] ability: Sand Stream|[of] p2a: Tyranitar
|-weather|RainDance|[from] ability: Drizzle|[of] p1a: Pelipper
|turn|1
|inactive|VersaceZ has 30 seconds left.
|
|t:|1782432670
|detailschange|p2a: Tyranitar|Tyranitar-Mega, L50, M
|-mega|p2a: Tyranitar|Tyranitar|Tyranitarite
|-weather|Sandstorm|[from] ability: Sand Stream|[of] p2a: Tyranitar
|move|p1a: Pelipper|Protect|p1a: Pelipper
|-singleturn|p1a: Pelipper|Protect
|move|p1b: Archaludon|Flash Cannon|p2a: Tyranitar
|-supereffective|p2a: Tyranitar|1
|-damage|p2a: Tyranitar|48/100
|move|p2b: Sneasler|Close Combat|p1b: Archaludon
|-supereffective|p1b: Archaludon|1
|-damage|p1b: Archaludon|0 fnt
|-unboost|p2b: Sneasler|def|1
|-unboost|p2b: Sneasler|spd|1
|faint|p1b: Archaludon
|-enditem|p2b: Sneasler|White Herb
|-clearnegativeboost|p2b: Sneasler|[silent]
|move|p2a: Tyranitar|Rock Slide|p1a: Pelipper
|-activate|p1a: Pelipper|move: Protect
|
|-weather|Sandstorm|[upkeep]
|-damage|p2b: Sneasler|94/100|[from] Sandstorm
|-damage|p1a: Pelipper|93/100|[from] Sandstorm
|upkeep
|
|t:|1782432681
|switch|p1b: Skarmory|Skarmory, L50, F|100/100
|turn|2
|
|t:|1782432704
|switch|p2b: Rotom|Rotom-Wash, L50|100/100
|move|p1b: Skarmory|Protect|p1b: Skarmory
|-singleturn|p1b: Skarmory|Protect
|move|p2a: Tyranitar|Knock Off|p1b: Skarmory
|-activate|p1b: Skarmory|move: Protect
|move|p1a: Pelipper|Tailwind|p1a: Pelipper
|-sidestart|p1: charizard_best2015|move: Tailwind
|
|-weather|Sandstorm|[upkeep]
|-damage|p1a: Pelipper|87/100|[from] Sandstorm
|-damage|p2b: Rotom|94/100|[from] Sandstorm
|-heal|p2b: Rotom|100/100|[from] item: Leftovers
|upkeep
|turn|3
|
|t:|1782432723
|switch|p1a: Sneasler|Sneasler, L50, F|100/100
|detailschange|p1b: Skarmory|Skarmory-Mega, L50, F
|-mega|p1b: Skarmory|Skarmory|Skarmorite
|move|p1b: Skarmory|Iron Head|p2a: Tyranitar
|-supereffective|p2a: Tyranitar|1
|-damage|p2a: Tyranitar|0 fnt
|faint|p2a: Tyranitar
|move|p2b: Rotom|Thunderbolt|p1b: Skarmory
|-supereffective|p1b: Skarmory|1
|-damage|p1b: Skarmory|29/100
|
|-weather|Sandstorm|[upkeep]
|-damage|p1a: Sneasler|94/100|[from] Sandstorm
|-damage|p2b: Rotom|94/100|[from] Sandstorm
|-heal|p2b: Rotom|100/100|[from] item: Leftovers
|upkeep
|
|t:|1782432738
|switch|p2a: Dragapult|Dragapult, L50, F|100/100
|turn|4
|
|t:|1782432750
|move|p1a: Sneasler|Fake Out|p2b: Rotom
|-damage|p2b: Rotom|87/100
|move|p1b: Skarmory|Brave Bird|p2a: Dragapult
|-damage|p2a: Dragapult|1/100
|-damage|p1b: Skarmory|0 fnt|[from] Recoil
|faint|p1b: Skarmory
|move|p2a: Dragapult|Shadow Ball|p1a: Sneasler
|-damage|p1a: Sneasler|31/100
|-damage|p2a: Dragapult|0 fnt|[from] item: Life Orb
|faint|p2a: Dragapult
|cant|p2b: Rotom|flinch
|
|-weather|Sandstorm|[upkeep]
|-damage|p1a: Sneasler|25/100|[from] Sandstorm
|-damage|p2b: Rotom|81/100|[from] Sandstorm
|-heal|p2b: Rotom|87/100|[from] item: Leftovers
|upkeep
|
|t:|1782432762
|switch|p2a: Sneasler|Sneasler, L50, M|94/100
|switch|p1b: Pelipper|Pelipper, L50, M|87/100
|-weather|RainDance|[from] ability: Drizzle|[of] p1b: Pelipper
|turn|5
|
|t:|1782432770
|move|p1a: Sneasler|Protect|p1a: Sneasler
|-singleturn|p1a: Sneasler|Protect
|move|p1b: Pelipper|Protect|p1b: Pelipper
|-singleturn|p1b: Pelipper|Protect
|move|p2a: Sneasler|Fake Out|p1a: Sneasler
|-activate|p1a: Sneasler|move: Protect
|move|p2b: Rotom|Thunderbolt|p1b: Pelipper
|-activate|p1b: Pelipper|move: Protect
|
|-weather|RainDance|[upkeep]
|-heal|p2b: Rotom|92/100|[from] item: Leftovers
|-sideend|p1: charizard_best2015|move: Tailwind
|upkeep
|turn|6
|
|t:|1782432789
|move|p2a: Sneasler|Close Combat|p1a: Sneasler
|-resisted|p1a: Sneasler|1
|-damage|p1a: Sneasler|0 fnt
|-unboost|p2a: Sneasler|def|1
|-unboost|p2a: Sneasler|spd|1
|faint|p1a: Sneasler
|move|p2b: Rotom|Thunderbolt|p1b: Pelipper
|-supereffective|p1b: Pelipper|2
|-damage|p1b: Pelipper|0 fnt
|faint|p1b: Pelipper
|
|win|VersaceZ
|c|☆charizard_best2015|ggs]
||charizard_best2015 is ready for game 2.
|inactive|VersaceZ has 30 seconds to confirm battle start!
||VersaceZ is ready for game 2.
|uhtml|next|Next: Game 2 of 3
|l|☆charizard_best2015
|player|p1|
|l|☆VersaceZ
|player|p2|
|j|☆charizard_best2015
|player|p1|charizard_best2015|alain|
