|j|☆lordtentacle69
|j|☆davidxrt
|html|lordtentacle69davidxrt    
|uhtml|bestof|Game 1 of a best-of-3
|t:|1783818616
|gametype|doubles
|player|p1|lordtentacle69|corbeau|1416
|player|p2|davidxrt|hilbert-wonderlauncher|1286
|gen|9
|tier|[Gen 9 Champions] VGC 2026 Reg M-B (Bo3)
|rated|
|rule|Species Clause: Limit one of each Pokémon
|rule|Item Clause: Limit 1 of each item
|clearpoke
|poke|p1|Delphox, L50, F|
|poke|p1|Incineroar, L50, F|
|poke|p1|Maushold-Four, L50|
|poke|p1|Sinistcha, L50|
|poke|p1|Sneasler, L50, F|
|poke|p1|Blastoise, L50, F|
|poke|p2|Klefki, L50, F|
|poke|p2|Gengar, L50, F|
|poke|p2|Pelipper, L50, M|
|poke|p2|Archaludon, L50, F|
|poke|p2|Basculegion, L50, M|
|poke|p2|Floette-Eternal, L50, F|
|teampreview|4
|showteam|p1|Delphox||Delphoxite|Blaze|HeatWave,Psychic,NastyPlot,Protect|Timid||F|||50|]Incineroar||SitrusBerry|Intimidate|FakeOut,PartingShot,FlareBlitz,ThroatChop|Impish||F|||50|]Maushold-Four||ChopleBerry|FriendGuard|Feint,HelpingHand,Protect,FollowMe|Impish|||||50|]Sinistcha||KasibBerry|Hospitality|Protect,MatchaGotcha,TrickRoom,RagePowder|Bold|||||50|]Sneasler||FocusSash|PoisonTouch|CloseCombat,PoisonJab,QuickGuard,FakeOut|Adamant||F|||50|]Blastoise||Blastoisinite|RainDish|Protect,WaterSpout,DarkPulse,ShellSmash|Modest||F|||50|
|showteam|p2|Klefki||LightClay|Prankster|Reflect,LightScreen,RainDance,TrickRoom|Bold||F|||50|]Gengar||Gengarite|CursedBody|Protect,Taunt,Thunder,SludgeWave|Modest||F|||50|]Pelipper||SitrusBerry|Drizzle|Protect,Tailwind,WeatherBall,Hurricane|Modest||M|||50|]Archaludon||QuickClaw|Stamina|Protect,ElectroShot,DracoMeteor,FlashCannon|Modest||F|||50|]Basculegion||LifeOrb|SwiftSwim|Protect,AquaJet,WaveCrash,LastRespects|Adamant||M|||50|]Floette-Eternal||Floettite|FlowerVeil|Protect,DazzlingGleam,Moonblast,LightofRuin|Modest||F|||50|
|inactive|Battle timer is ON: inactive players will automatically lose when time's up. (requested by davidxrt)
|inactive|lordtentacle69 has 60 seconds left.
|inactive|davidxrt has 60 seconds left.
|
|t:|1783818666
|teamsize|p1|4
|teamsize|p2|4
|start
|switch|p1a: Brent|Blastoise, L50, F|100/100
|switch|p1b: Green Day|Sinistcha, L50|100/100
|switch|p2a: Klefki|Klefki, L50, F|100/100
|switch|p2b: Basculegion|Basculegion, L50, M|100/100
|turn|1
|
|t:|1783818688
|detailschange|p1a: Brent|Blastoise-Mega, L50, F
|-mega|p1a: Brent|Blastoise|Blastoisinite
|move|p2a: Klefki|Light Screen|p2a: Klefki
|-sidestart|p2: davidxrt|move: Light Screen
|move|p1a: Brent|Dark Pulse|p2b: Basculegion
|-supereffective|p2b: Basculegion|1
|-damage|p2b: Basculegion|33/100
|move|p2b: Basculegion|Last Respects|p1a: Brent
|-damage|p1a: Brent|66/100
|-damage|p2b: Basculegion|24/100|[from] item: Life Orb
|move|p1b: Green Day|Matcha Gotcha|p2a: Klefki|[spread] p2a,p2b
|-resisted|p2a: Klefki|1
|-supereffective|p2b: Basculegion|1
|-damage|p2a: Klefki|92/100
|-damage|p2b: Basculegion|0 fnt
|faint|p2b: Basculegion
|
|upkeep
|
|t:|1783818703
|switch|p2b: Archaludon|Archaludon, L50, F|100/100
|turn|2
|
|t:|1783818723
|move|p1b: Green Day|Rage Powder|p1b: Green Day
|-singleturn|p1b: Green Day|move: Rage Powder
|move|p2a: Klefki|Rain Dance|p2a: Klefki
|-weather|RainDance
|move|p1a: Brent|Shell Smash|p1a: Brent
|-unboost|p1a: Brent|def|1
|-unboost|p1a: Brent|spd|1
|-boost|p1a: Brent|atk|2
|-boost|p1a: Brent|spa|2
|-boost|p1a: Brent|spe|2
|move|p2b: Archaludon|Electro Shot||[still]
|-prepare|p2b: Archaludon|Electro Shot
|-boost|p2b: Archaludon|spa|1
|-anim|p2b: Archaludon|Electro Shot|p1b: Green Day
|-resisted|p1b: Green Day|1
|-damage|p1b: Green Day|71/100
|
|-weather|RainDance|[upkeep]
|upkeep
|turn|3
|
|t:|1783818741
|move|p1b: Green Day|Rage Powder|p1b: Green Day
|-singleturn|p1b: Green Day|move: Rage Powder
|move|p1a: Brent|Water Spout|p2a: Klefki|[spread] p2a,p2b
|-resisted|p2b: Archaludon|1
|-damage|p2a: Klefki|3/100
|-damage|p2b: Archaludon|56/100
|-ability|p2b: Archaludon|Stamina|boost
|-boost|p2b: Archaludon|def|1
|move|p2b: Archaludon|Electro Shot||[still]
|-prepare|p2b: Archaludon|Electro Shot
|-boost|p2b: Archaludon|spa|1
|-anim|p2b: Archaludon|Electro Shot|p1b: Green Day
|-resisted|p1b: Green Day|1
|-damage|p1b: Green Day|31/100
|move|p2a: Klefki|Trick Room|p2a: Klefki
|-fieldstart|move: Trick Room|[of] p2a: Klefki
|
|-weather|RainDance|[upkeep]
|upkeep
|turn|4
|
|t:|1783818762
|move|p1b: Green Day|Rage Powder|p1b: Green Day
|-singleturn|p1b: Green Day|move: Rage Powder
|move|p2a: Klefki|Reflect|p2a: Klefki
|-sidestart|p2: davidxrt|Reflect
|move|p2b: Archaludon|Electro Shot||[still]
|-prepare|p2b: Archaludon|Electro Shot
|-boost|p2b: Archaludon|spa|1
|-anim|p2b: Archaludon|Electro Shot|p1b: Green Day
|-resisted|p1b: Green Day|1
|-damage|p1b: Green Day|0 fnt
|faint|p1b: Green Day
|move|p1a: Brent|Dark Pulse|p2b: Archaludon
|-damage|p2b: Archaludon|0 fnt
|faint|p2b: Archaludon
|
|-weather|RainDance|[upkeep]
|upkeep
|
|t:|1783818774
|switch|p1b: Gochujang|Incineroar, L50, F|100/100
|switch|p2b: Floette|Floette-Eternal, L50, F|100/100
|-ability|p1b: Gochujang|Intimidate|boost
|-unboost|p2a: Klefki|atk|1
|-unboost|p2b: Floette|atk|1
|turn|5
|
|t:|1783818792
|move|p2b: Floette|Protect|p2b: Floette
|-singleturn|p2b: Floette|Protect
|move|p1b: Gochujang|Fake Out|p2b: Floette
|-activate|p2b: Floette|move: Protect
|move|p2a: Klefki|Rain Dance||[still]
|-fail|p2a: Klefki
|move|p1a: Brent|Water Spout|p2a: Klefki|[spread] p2a
|-activate|p2b: Floette|move: Protect
|-damage|p2a: Klefki|0 fnt
|faint|p2a: Klefki
|
|-weather|RainDance|[upkeep]
|upkeep
|turn|6
|
|t:|1783818817
|detailschange|p2b: Floette|Floette-Mega, L50, F
|-mega|p2b: Floette|Floette|Floettite
|-ability|p2b: Floette|Fairy Aura
|move|p1a: Brent|Protect|p1a: Brent
|-singleturn|p1a: Brent|Protect
|move|p1b: Gochujang|Parting Shot|p2b: Floette
|-unboost|p2b: Floette|atk|1
|-unboost|p2b: Floette|spa|1
|
|t:|1783818825
|switch|p1b: MMCH|Maushold-Four, L50|100/100|[from] Parting Shot
|move|p2b: Floette|Moonblast|p1a: Brent
|-activate|p1a: Brent|move: Protect
|
|-weather|none
|upkeep
|turn|7
|inactive|lordtentacle69 has 30 seconds left.
|
|t:|1783818854
|move|p1b: MMCH|Protect|p1b: MMCH
|-singleturn|p1b: MMCH|Protect
|move|p1a: Brent|Protect||[still]
|-fail|p1a: Brent
|move|p2b: Floette|Light of Ruin|p1a: Brent
|-damage|p1a: Brent|0 fnt
|faint|p1a: Brent
|-damage|p2b: Floette|71/100|[from] Recoil
|
|-fieldend|move: Trick Room
|upkeep
|
|t:|1783818861
|switch|p1a: Gochujang|Incineroar, L50, F|100/100
|-ability|p1a: Gochujang|Intimidate|boost
|-unboost|p2b: Floette|atk|1
|turn|8
|
|t:|1783818869
|move|p2b: Floette|Protect|p2b: Floette
|-singleturn|p2b: Floette|Protect
|move|p1a: Gochujang|Fake Out|p2b: Floette
|-activate|p2b: Floette|move: Protect
|move|p1b: MMCH|Feint|p2b: Floette
|-activate|p2b: Floette|move: Feint
|-damage|p2b: Floette|65/100
|
|-sideend|p2: davidxrt|move: Light Screen
|upkeep
|turn|9
|
|t:|1783818882
|move|p1b: MMCH|Helping Hand|p1a: Gochujang
|-singleturn|p1a: Gochujang|Helping Hand|[of] p1b: MMCH
|move|p2b: Floette|Light of Ruin|p1a: Gochujang
|-damage|p1a: Gochujang|54/100
|-damage|p2b: Floette|39/100|[from] Recoil
|move|p1a: Gochujang|Flare Blitz|p2b: Floette
|-damage|p2b: Floette|0 fnt
|faint|p2b: Floette
|-damage|p1a: Gochujang|43/100|[from] Recoil
|-enditem|p1a: Gochujang|Sitrus Berry|[eat]
|-heal|p1a: Gochujang|67/100|[from] item: Sitrus Berry
|
|win|lordtentacle69
|inactive|lordtentacle69 has 30 seconds to confirm battle start!
|inactive|davidxrt has 30 seconds to confirm battle start!
||davidxrt is ready for game 2.
