|j|☆standardamerican
|j|☆gabeeel
|html|standardamericangabeeel    
|uhtml|bestof|Game 2 of a best-of-3
|t:|1784814307
|gametype|doubles
|player|p1|standardamerican|169|1238
|player|p2|gabeeel|iris|1295
|gen|9
|tier|[Gen 9 Champions] VGC 2026 Reg M-B (Bo3)
|rated|
|rule|Species Clause: Limit one of each Pokémon
|rule|Item Clause: Limit 1 of each item
|clearpoke
|poke|p1|Sinistcha, L50|
|poke|p1|Incineroar, L50, F|
|poke|p1|Milotic, L50, F|
|poke|p1|Raichu, L50, M|
|poke|p1|Gardevoir, L50, M|
|poke|p1|Ceruledge, L50, F|
|poke|p2|Farigiraf, L50, M|
|poke|p2|Blastoise, L50, F|
|poke|p2|Kingambit, L50, M|
|poke|p2|Glimmora, L50, M|
|poke|p2|Whimsicott, L50, F|
|poke|p2|Ceruledge, L50, M|
|teampreview|4
|showteam|p1|Sinistcha||KasibBerry|Hospitality|MatchaGotcha,Imprison,RagePowder,Protect|Bold|||||50|]Incineroar||SitrusBerry|Intimidate|FlareBlitz,DarkestLariat,FakeOut,PartingShot|Careful||F|||50|]Milotic||Leftovers|Competitive|MuddyWater,Coil,Hypnosis,Protect|Calm||F|||50|]Raichu||RaichuniteY|LightningRod|ZapCannon,FocusBlast,FakeOut,Protect|Timid||M|||50|]Gardevoir||Gardevoirite|Trace|HyperVoice,Psyshock,TrickRoom,Protect|Modest||M|||50|]Ceruledge||ColburBerry|FlashFire|BitterBlade,ShadowSneak,BulkUp,Protect|Adamant||F|||50|
|showteam|p2|Farigiraf||SitrusBerry|ArmorTail|PsychicNoise,Thunderbolt,TrickRoom,Protect|Quiet||M|||50|]Blastoise||Blastoisinite|Torrent|FakeOut,IceBeam,DarkPulse,AuraSphere|Modest||F|||50|]Kingambit||LifeOrb|Defiant|KowtowCleave,SuckerPunch,IronHead,Protect|Adamant||M|||50|]Glimmora||Glimmoranite|ToxicDebris|PowerGem,SludgeBomb,EarthPower,SpikyShield|Timid||M|||50|]Whimsicott||FocusSash|Prankster|Moonblast,Tailwind,Encore,Protect|Timid||F|||50|]Ceruledge||ColburBerry|FlashFire|BitterBlade,ShadowSneak,BulkUp,Protect|Adamant||M|||50|
|
|t:|1784814359
|teamsize|p1|4
|teamsize|p2|4
|start
|switch|p1a: Sinistcha|Sinistcha, L50|100/100
|switch|p1b: Gardevoir|Gardevoir, L50, M|100/100
|switch|p2a: Glimmora|Glimmora, L50, M|100/100
|switch|p2b: Whimsicott|Whimsicott, L50, F|100/100
|-ability|p1b: Gardevoir|Toxic Debris|Trace|[from] ability: Trace|[of] p2a: Glimmora
|turn|1
|
|t:|1784814381
|switch|p2a: Kingambit|Kingambit, L50, M|100/100
|detailschange|p1b: Gardevoir|Gardevoir-Mega, L50, M
|-mega|p1b: Gardevoir|Gardevoir|Gardevoirite
|move|p1a: Sinistcha|Rage Powder|p1a: Sinistcha
|-singleturn|p1a: Sinistcha|move: Rage Powder
|move|p2b: Whimsicott|Moonblast|p1a: Sinistcha
|-damage|p1a: Sinistcha|66/100
|move|p1b: Gardevoir|Trick Room|p1b: Gardevoir
|-fieldstart|move: Trick Room|[of] p1b: Gardevoir
|
|upkeep
|turn|2
|
|t:|1784814404
|switch|p1a: Ceruledge|Ceruledge, L50, F|100/100
|move|p1b: Gardevoir|Protect|p1b: Gardevoir
|-singleturn|p1b: Gardevoir|Protect
|move|p2b: Whimsicott|Encore|p1b: Gardevoir
|-activate|p1b: Gardevoir|move: Protect
|move|p2a: Kingambit|Kowtow Cleave|p1a: Ceruledge
|-supereffective|p1a: Ceruledge|1
|-enditem|p1a: Ceruledge|Colbur Berry|[eat]
|-enditem|p1a: Ceruledge|Colbur Berry|[weaken]
|-damage|p1a: Ceruledge|30/100
|-damage|p2a: Kingambit|90/100|[from] item: Life Orb
|
|upkeep
|turn|3
|
|t:|1784814444
|switch|p1b: Sinistcha|Sinistcha, L50|66/100
|-heal|p1a: Ceruledge|55/100|[from] ability: Hospitality|[of] p1b: Sinistcha
|move|p2b: Whimsicott|Encore||[still]
|-fail|p2b: Whimsicott
|move|p2a: Kingambit|Kowtow Cleave|p1a: Ceruledge
|-supereffective|p1a: Ceruledge|1
|-damage|p1a: Ceruledge|0 fnt
|faint|p1a: Ceruledge
|-damage|p2a: Kingambit|80/100|[from] item: Life Orb
|
|upkeep
|
|t:|1784814450
|switch|p1a: Gardevoir|Gardevoir-Mega, L50, M|100/100
|turn|4
|
|t:|1784814480
|move|p2a: Kingambit|Iron Head|p1a: Gardevoir
|-supereffective|p1a: Gardevoir|1
|-crit|p1a: Gardevoir
|-damage|p1a: Gardevoir|0 fnt
|faint|p1a: Gardevoir
|-damage|p2a: Kingambit|70/100|[from] item: Life Orb
|move|p1b: Sinistcha|Matcha Gotcha|p2b: Whimsicott|[spread] p2a,p2b
|-resisted|p2a: Kingambit|1
|-resisted|p2b: Whimsicott|1
|-damage|p2a: Kingambit|59/100
|-heal|p1b: Sinistcha|73/100|[from] drain|[of] p2a: Kingambit
|-damage|p2b: Whimsicott|80/100
|-heal|p1b: Sinistcha|80/100|[from] drain|[of] p2b: Whimsicott
|-status|p2b: Whimsicott|brn
|move|p2b: Whimsicott|Moonblast|p1b: Sinistcha
|-crit|p1b: Sinistcha
|-damage|p1b: Sinistcha|29/100
|
|-damage|p2b: Whimsicott|74/100 brn|[from] brn
|upkeep
|
|t:|1784814483
|switch|p1a: Incineroar|Incineroar, L50, F|100/100
|-ability|p1a: Incineroar|Intimidate|boost
|-unboost|p2a: Kingambit|atk|1
|-ability|p2a: Kingambit|Defiant|boost
|-boost|p2a: Kingambit|atk|2
|-unboost|p2b: Whimsicott|atk|1
|turn|5
|
|t:|1784814511
|switch|p2b: Glimmora|Glimmora, L50, M|100/100
|move|p1b: Sinistcha|Protect|p1b: Sinistcha
|-singleturn|p1b: Sinistcha|Protect
|move|p2a: Kingambit|Kowtow Cleave|p1b: Sinistcha
|-activate|p1b: Sinistcha|move: Protect
|move|p1a: Incineroar|Flare Blitz|p2b: Glimmora
|-resisted|p2b: Glimmora|1
|-damage|p2b: Glimmora|70/100
|-status|p2b: Glimmora|brn
|-activate|p2b: Glimmora|ability: Toxic Debris
|-sidestart|p1: standardamerican|move: Toxic Spikes
|-damage|p1a: Incineroar|92/100|[from] Recoil
|
|-damage|p2b: Glimmora|64/100 brn|[from] brn
|-fieldend|move: Trick Room
|upkeep
|turn|6
|
|t:|1784814538
|detailschange|p2b: Glimmora|Glimmora-Mega, L50, M
|-mega|p2b: Glimmora|Glimmora|Glimmoranite
|move|p1b: Sinistcha|Protect|p1b: Sinistcha
|-singleturn|p1b: Sinistcha|Protect
|move|p2b: Glimmora|Power Gem|p1a: Incineroar
|-supereffective|p1a: Incineroar|1
|-damage|p1a: Incineroar|0 fnt
|faint|p1a: Incineroar
|move|p2a: Kingambit|Kowtow Cleave|p1b: Sinistcha
|-activate|p1b: Sinistcha|move: Protect
|
|-damage|p2b: Glimmora|58/100 brn|[from] brn
|upkeep
|turn|7
|
|t:|1784814547
|move|p2b: Glimmora|Power Gem|p1b: Sinistcha
|-damage|p1b: Sinistcha|0 fnt
|faint|p1b: Sinistcha
|
|win|gabeeel
||gabeeel is ready for game 3.
