|j|☆MaxwellBaker
|j|☆vibe1300
|html|MaxwellBakervibe1300    
|uhtml|bestof|Game 2 of a best-of-3
|t:|1784843272
|gametype|doubles
|player|p1|MaxwellBaker|102|1064
|player|p2|vibe1300|1|1119
|gen|9
|tier|[Gen 9 Champions] VGC 2026 Reg M-B (Bo3)
|rated|
|rule|Species Clause: Limit one of each Pokémon
|rule|Item Clause: Limit 1 of each item
|clearpoke
|poke|p1|Decidueye-Hisui, L50, F|
|poke|p1|Florges, L50, F|
|poke|p1|Raichu, L50, M|
|poke|p1|Incineroar, L50, M|
|poke|p1|Staraptor, L50, F|
|poke|p1|Milotic, L50, M|
|poke|p2|Swampert, L50, M|
|poke|p2|Sableye, L50, F|
|poke|p2|Pelipper, L50, M|
|poke|p2|Archaludon, L50, M|
|poke|p2|Sinistcha, L50|
|poke|p2|Ninetales-Alola, L50, F|
|teampreview|4
|showteam|p1|Decidueye-Hisui||ScopeLens|Scrappy|TripleArrows,LeafBlade,SuckerPunch,Protect|Jolly||F|||50|]Florges||LifeOrb|FlowerVeil|Moonblast,Psychic,PollenPuff,Protect|Modest||F|||50|]Raichu||RaichuniteY|LightningRod|FakeOut,ZapCannon,FocusBlast,Protect|Timid||M|||50|]Incineroar||SitrusBerry|Intimidate|FakeOut,FlareBlitz,ThroatChop,PartingShot|Careful||M|||50|]Staraptor||Staraptite|Intimidate|BraveBird,CloseCombat,Tailwind,Protect|Jolly||F|||50|]Milotic||Leftovers|Competitive|Scald,IceBeam,Haze,Protect|Bold||M|||50|
|showteam|p2|Swampert||Swampertite|Torrent|WaveCrash,Earthquake,Protect,IcePunch|Adamant||M|||50|]Sableye||LightClay|Prankster|LightScreen,Reflect,RainDance,Quash|Sassy||F|||50|]Pelipper||SitrusBerry|Drizzle|WeatherBall,Hurricane,Tailwind,WideGuard|Modest||M|||50|]Archaludon||Leftovers|Stamina|ElectroShot,FlashCannon,DragonPulse,Protect|Calm||M|||50|]Sinistcha||KasibBerry|Hospitality|MatchaGotcha,RagePowder,Protect,LifeDew|Sassy|||||50|]Ninetales-Alola||FocusSash|SnowWarning|Protect,RainDance,FreezeDry,WeatherBall|Timid||F|||50|
|c|☆vibe1300|No idea what happened to my wifi there
|inactive|Battle timer is ON: inactive players will automatically lose when time's up. (requested by MaxwellBaker)
|c|☆MaxwellBaker|all good
|inactive|vibe1300 has 60 seconds left.
|
|t:|1784843343
|teamsize|p1|4
|teamsize|p2|4
|start
|switch|p1a: Decidueye|Decidueye-Hisui, L50, F|100/100
|switch|p1b: Raichu|Raichu, L50, M|100/100
|switch|p2a: Pelipper|Pelipper, L50, M|100/100
|switch|p2b: Swampert|Swampert, L50, M|100/100
|-weather|RainDance|[from] ability: Drizzle|[of] p2a: Pelipper
|turn|1
|
|t:|1784843367
|switch|p2a: Archaludon|Archaludon, L50, M|100/100
|detailschange|p1b: Raichu|Raichu-Mega-Y, L50, M
|-mega|p1b: Raichu|Raichu|Raichunite Y
|detailschange|p2b: Swampert|Swampert-Mega, L50, M
|-mega|p2b: Swampert|Swampert|Swampertite
|move|p2b: Swampert|Protect|p2b: Swampert
|-singleturn|p2b: Swampert|Protect
|move|p1b: Raichu|Zap Cannon|p2a: Archaludon
|-resisted|p2a: Archaludon|1
|-damage|p2a: Archaludon|73/100
|-status|p2a: Archaludon|par
|-ability|p2a: Archaludon|Stamina|boost
|-boost|p2a: Archaludon|def|1
|move|p1a: Decidueye|Leaf Blade|p2b: Swampert
|-activate|p2b: Swampert|move: Protect
|
|-weather|RainDance|[upkeep]
|-heal|p2a: Archaludon|79/100 par|[from] item: Leftovers
|upkeep
|turn|2
|inactive|vibe1300 has 30 seconds left.
|inactive|vibe1300 has 20 seconds left.
|
|t:|1784843405
|switch|p2b: Pelipper|Pelipper, L50, M|100/100
|move|p1b: Raichu|Focus Blast|p2a: Archaludon
|-supereffective|p2a: Archaludon|1
|-damage|p2a: Archaludon|5/100 par
|-ability|p2a: Archaludon|Stamina|boost
|-boost|p2a: Archaludon|def|1
|move|p1a: Decidueye|Leaf Blade|p2b: Pelipper
|-crit|p2b: Pelipper
|-damage|p2b: Pelipper|27/100
|-enditem|p2b: Pelipper|Sitrus Berry|[eat]
|-heal|p2b: Pelipper|52/100|[from] item: Sitrus Berry
|move|p2a: Archaludon|Electro Shot||[still]
|-prepare|p2a: Archaludon|Electro Shot
|-boost|p2a: Archaludon|spa|1
|-anim|p2a: Archaludon|Electro Shot|p1a: Decidueye
|-resisted|p1a: Decidueye|1
|-damage|p1a: Decidueye|67/100
|
|-weather|RainDance|[upkeep]
|-heal|p2a: Archaludon|11/100 par|[from] item: Leftovers
|upkeep
|turn|3
|inactive|MaxwellBaker has 30 seconds left.
|inactive|vibe1300 has 30 seconds left.
|inactive|MaxwellBaker has 20 seconds left.
|inactive|MaxwellBaker has 15 seconds left.
|
|t:|1784843447
|switch|p2a: Swampert|Swampert-Mega, L50, M|100/100
|move|p1b: Raichu|Focus Blast|p2b: Pelipper
|-resisted|p2b: Pelipper|1
|-damage|p2b: Pelipper|28/100
|move|p1a: Decidueye|Leaf Blade|p2b: Pelipper
|-damage|p2b: Pelipper|0 fnt
|faint|p2b: Pelipper
|
|-weather|RainDance|[upkeep]
|upkeep
|
|t:|1784843456
|switch|p2b: Archaludon|Archaludon, L50, M|11/100 par
|turn|4
|
|t:|1784843470
|switch|p1b: Incineroar|Incineroar, L50, M|100/100
|-ability|p1b: Incineroar|Intimidate|boost
|-unboost|p2a: Swampert|atk|1
|-unboost|p2b: Archaludon|atk|1
|move|p2a: Swampert|Ice Punch|p1a: Decidueye
|-supereffective|p1a: Decidueye|1
|-damage|p1a: Decidueye|17/100
|move|p1a: Decidueye|Leaf Blade|p2a: Swampert
|-supereffective|p2a: Swampert|2
|-damage|p2a: Swampert|0 fnt
|faint|p2a: Swampert
|move|p2b: Archaludon|Dragon Pulse|p1b: Incineroar
|-damage|p1b: Incineroar|71/100
|
|-weather|RainDance|[upkeep]
|-heal|p2b: Archaludon|18/100 par|[from] item: Leftovers
|upkeep
|
|t:|1784843477
|switch|p2a: Ninetales|Ninetales-Alola, L50, F|100/100
|-weather|Snowscape|[from] ability: Snow Warning|[of] p2a: Ninetales
|turn|5
|
|t:|1784843497
|move|p1b: Incineroar|Fake Out|p2a: Ninetales
|-damage|p2a: Ninetales|89/100
|cant|p2a: Ninetales|flinch
|move|p1a: Decidueye|Triple Arrows|p2b: Archaludon
|-supereffective|p2b: Archaludon|1
|-damage|p2b: Archaludon|0 fnt
|faint|p2b: Archaludon
|
|-weather|Snowscape|[upkeep]
|upkeep
|turn|6
|-message|vibe1300 forfeited.
|
|win|MaxwellBaker
|raw|MaxwellBaker's rating: 1064 → 1099(+35 for winning)
|raw|vibe1300's rating: 1119 → 1090(-29 for losing)
