|j|☆Moyhable
|j|☆lettitripppp
|html|Moyhablelettitripppp    
|uhtml|bestof|Game 2 of a best-of-3
|t:|1783030443
|gametype|doubles
|player|p1|Moyhable|2|1152
|player|p2|lettitripppp|lucas|1209
|gen|9
|tier|[Gen 9 Champions] VGC 2026 Reg M-B (Bo3)
|rated|
|rule|Species Clause: Limit one of each Pokémon
|rule|Item Clause: Limit 1 of each item
|clearpoke
|poke|p1|Sableye, L50, M|
|poke|p1|Dragonite, L50, M|
|poke|p1|Oranguru, L50, M|
|poke|p1|Drampa, L50, F|
|poke|p1|Gengar, L50, F|
|poke|p1|Primarina, L50, F|
|poke|p2|Charizard, L50, M|
|poke|p2|Floette-Eternal, L50, F|
|poke|p2|Basculegion, L50, M, shiny|
|poke|p2|Garchomp, L50, F|
|poke|p2|Whimsicott, L50, M, shiny|
|poke|p2|Kingambit, L50, F|
|teampreview|4
|showteam|p1|Sableye||BlackGlasses|Prankster|Gravity,WillOWisp,Snarl,RainDance|Sassy||M|||50|]Dragonite||Dragoninite|Multiscale|Blizzard,Thunder,Hurricane,HydroPump|Modest||M|||50|]Oranguru||MentalHerb|InnerFocus|TrickRoom,Instruct,Psychic,RainDance|Sassy||M|||50|]Drampa||Drampanite|Berserk|FocusBlast,FireBlast,HyperVoice,Surf|Quiet||F|||50|]Gengar||FocusSash|CursedBody|Hypnosis,DestinyBond,FocusBlast,ShadowBall|Timid||F|||50|]Primarina||MysticWater|LiquidVoice|HyperVoice,Moonblast,HydroPump,Protect|Modest||F|||50|
|showteam|p2|Charizard||CharizarditeY|Blaze|WeatherBall,SolarBeam,HeatWave,Protect|Modest||M|||50|]Floette-Eternal||Floettite|FlowerVeil|DazzlingGleam,LightofRuin,Moonblast,Protect|Timid||F|||50|]Basculegion||MysticWater|Adaptability|LastRespects,WaveCrash,AquaJet,Protect|Adamant||M|||50|]Garchomp||LifeOrb|RoughSkin|DragonClaw,Earthquake,RockSlide,Protect|Jolly||F|||50|]Whimsicott||FocusSash|Prankster|Moonblast,Tailwind,Encore,Protect|Timid||M|||50|]Kingambit||ChopleBerry|Defiant|KowtowCleave,SuckerPunch,IronHead,LowKick|Adamant||F|||50|
|inactive|Battle timer is ON: inactive players will automatically lose when time's up. (requested by lettitripppp)
|inactive|Moyhable has 60 seconds left.
|
|t:|1783030499
|teamsize|p1|4
|teamsize|p2|4
|start
|switch|p1a: Sableye|Sableye, L50, M|100/100
|switch|p1b: Gengar|Gengar, L50, F|100/100
|switch|p2a: GENERAL BLADUS|Kingambit, L50, F|100/100
|switch|p2b: LETS GO GO|Whimsicott, L50, M, shiny|100/100
|turn|1
|
|t:|1783030506
|move|p2a: GENERAL BLADUS|Sucker Punch||[still]
|-fail|p2a: GENERAL BLADUS
|move|p1a: Sableye|Gravity|p1a: Sableye
|-fieldstart|move: Gravity
|move|p2b: LETS GO GO|Moonblast|p1b: Gengar
|-resisted|p1b: Gengar|1
|-damage|p1b: Gengar|73/100
|move|p1b: Gengar|Hypnosis|p2a: GENERAL BLADUS
|-status|p2a: GENERAL BLADUS|slp|[from] move: Hypnosis
|
|upkeep
|turn|2
|
|t:|1783030528
|move|p2b: LETS GO GO|Moonblast|p1a: Sableye
|-supereffective|p1a: Sableye|1
|-crit|p1a: Sableye
|-damage|p1a: Sableye|0 fnt
|faint|p1a: Sableye
|move|p1b: Gengar|Focus Blast|p2a: GENERAL BLADUS
|-supereffective|p2a: GENERAL BLADUS|2
|-enditem|p2a: GENERAL BLADUS|Chople Berry|[eat]
|-enditem|p2a: GENERAL BLADUS|Chople Berry|[weaken]
|-damage|p2a: GENERAL BLADUS|14/100 slp
|cant|p2a: GENERAL BLADUS|slp
|
|upkeep
|
|t:|1783030538
|switch|p1a: Dragonite|Dragonite, L50, M|100/100
|turn|3
|
|t:|1783030554
|detailschange|p1a: Dragonite|Dragonite-Mega, L50, M
|-mega|p1a: Dragonite|Dragonite|Dragoninite
|move|p2b: LETS GO GO|Tailwind|p2b: LETS GO GO
|-sidestart|p2: lettitripppp|move: Tailwind
|move|p1b: Gengar|Shadow Ball|p2b: LETS GO GO
|-damage|p2b: LETS GO GO|45/100
|cant|p2a: GENERAL BLADUS|slp
|move|p1a: Dragonite|Blizzard|p2b: LETS GO GO|[spread] p2a,p2b
|-resisted|p2a: GENERAL BLADUS|1
|-supereffective|p2b: LETS GO GO|1
|-damage|p2a: GENERAL BLADUS|0 fnt
|-damage|p2b: LETS GO GO|0 fnt
|faint|p2a: GENERAL BLADUS
|faint|p2b: LETS GO GO
|
|upkeep
|
|t:|1783030565
|switch|p2b: RUINOUS LIGHT|Floette-Eternal, L50, F|100/100
|switch|p2a: GHOSTWAVE|Basculegion, L50, M, shiny|100/100
|turn|4
|
|t:|1783030573
|detailschange|p2b: RUINOUS LIGHT|Floette-Mega, L50, F
|-mega|p2b: RUINOUS LIGHT|Floette|Floettite
|-ability|p2b: RUINOUS LIGHT|Fairy Aura
|move|p2b: RUINOUS LIGHT|Moonblast|p1a: Dragonite
|-supereffective|p1a: Dragonite|1
|-damage|p1a: Dragonite|42/100
|move|p2a: GHOSTWAVE|Last Respects|p1b: Gengar
|-supereffective|p1b: Gengar|1
|-damage|p1b: Gengar|0 fnt
|-start|p2a: GHOSTWAVE|Disable|Last Respects|[from] ability: Cursed Body|[of] p1b: Gengar
|faint|p1b: Gengar
|move|p1a: Dragonite|Thunder|p2a: GHOSTWAVE
|-supereffective|p2a: GHOSTWAVE|1
|-damage|p2a: GHOSTWAVE|9/100
|-status|p2a: GHOSTWAVE|par
|
|upkeep
|
|t:|1783030583
|switch|p1b: Primarina|Primarina, L50, F|100/100
|turn|5
|
|t:|1783030593
|move|p2b: RUINOUS LIGHT|Dazzling Gleam|p1a: Dragonite|[spread] p1a,p1b
|-supereffective|p1a: Dragonite|1
|-damage|p1a: Dragonite|0 fnt
|-damage|p1b: Primarina|59/100
|faint|p1a: Dragonite
|move|p2a: GHOSTWAVE|Wave Crash|p1b: Primarina
|-resisted|p1b: Primarina|1
|-damage|p1b: Primarina|5/100
|-damage|p2a: GHOSTWAVE|0 fnt|[from] Recoil
|faint|p2a: GHOSTWAVE
|move|p1b: Primarina|Hydro Pump|p2b: RUINOUS LIGHT
|-damage|p2b: RUINOUS LIGHT|33/100
|
|-fieldend|move: Gravity
|upkeep
|turn|6
|
|t:|1783030606
|move|p2b: RUINOUS LIGHT|Moonblast|p1b: Primarina
|-damage|p1b: Primarina|0 fnt
|faint|p1b: Primarina
|
|win|lettitripppp
|raw|Moyhable's rating: 1152 → 1131(-21 for losing)
|raw|lettitripppp's rating: 1209 → 1230(+21 for winning)
