|j|☆phuc_lamvgc
|j|☆TorbellinoChamba
|html|phuc_lamvgcTorbellinoChamba    
|uhtml|bestof|Game 1 of a best-of-3
|t:|1785749792
|gametype|doubles
|player|p1|phuc_lamvgc|miku-ghost|1210
|player|p2|TorbellinoChamba|roxie|1071
|gen|9
|tier|[Gen 9 Champions] VGC 2026 Reg M-B (Bo3)
|rated|
|rule|Species Clause: Limit one of each Pokémon
|rule|Item Clause: Limit 1 of each item
|clearpoke
|poke|p1|Froslass, L50, F|
|poke|p1|Scovillain, L50, F|
|poke|p1|Lycanroc-Dusk, L50, F|
|poke|p1|Kingambit, L50, F|
|poke|p1|Sneasler, L50, F|
|poke|p1|Basculegion, L50, M|
|poke|p2|Swampert, L50, M|
|poke|p2|Pelipper, L50, M, shiny|
|poke|p2|Archaludon, L50, M, shiny|
|poke|p2|Sableye, L50, M, shiny|
|poke|p2|Zoroark-Hisui, L50, M, shiny|
|poke|p2|Raichu, L50, M|
|teampreview|4
|showteam|p1|Froslass||Froslassite|CursedBody|Blizzard,ShadowBall,AuroraVeil,Protect|Timid||F|||50|]Scovillain||Scovillainite|Moody|Overheat,GigaDrain,RagePowder,Protect|Bold||F|||50|]Lycanroc-Dusk||FocusSash|ToughClaws|CloseCombat,RockSlide,Accelerock,Protect|Adamant||F|||50|]Kingambit||BlackGlasses|Defiant|SuckerPunch,KowtowCleave,SwordsDance,Protect|Adamant||F|||50|]Sneasler||WhiteHerb|Unburden|CloseCombat,DireClaw,FakeOut,Protect|Jolly||F|||50|]Basculegion||ChoiceScarf|Adaptability|WaveCrash,AquaJet,FlipTurn,LastRespects|Adamant||M|||50|
|showteam|p2|Swampert||Swampertite|Damp|Earthquake,Protect,IcePunch,WaveCrash|Adamant||M|||50|]Pelipper||FocusSash|Drizzle|WeatherBall,Hurricane,Tailwind,WideGuard|Timid||M|||50|]Archaludon||Leftovers|Stamina|ElectroShot,AuraSphere,FlashCannon,Protect|Modest||M|||50|]Sableye||LightClay|Prankster|RainDance,Reflect,LightScreen,Quash|Bold||M|||50|]Zoroark-Hisui||ChoiceScarf|Illusion|BitterMalice,HyperVoice,IcyWind,Trick|Timid||M|||50|]Raichu||RaichuniteY|LightningRod|ZapCannon,GrassKnot,Protect,FakeOut|Timid||M|||50|
|inactive|Battle timer is ON: inactive players will automatically lose when time's up. (requested by TorbellinoChamba)
|j| gshs2
|
|t:|1785749821
|teamsize|p1|4
|teamsize|p2|4
|start
|switch|p1a: Scovillain|Scovillain, L50, F|100/100
|switch|p1b: Froslass|Froslass, L50, F|100/100
|switch|p2a: Sableye|Sableye, L50, M, shiny|100/100
|switch|p2b: Raichu|Raichu, L50, M|100/100
|turn|1
|
|t:|1785749837
|detailschange|p2b: Raichu|Raichu-Mega-Y, L50, M
|-mega|p2b: Raichu|Raichu|Raichunite Y
|move|p1a: Scovillain|Protect|p1a: Scovillain
|-singleturn|p1a: Scovillain|Protect
|move|p2a: Sableye|Rain Dance|p2a: Sableye
|-weather|RainDance
|move|p2b: Raichu|Zap Cannon|p1b: Froslass
|-damage|p1b: Froslass|0 fnt
|faint|p1b: Froslass
|
|-weather|RainDance|[upkeep]
|-ability|p1a: Scovillain|Moody|boost
|-boost|p1a: Scovillain|spe|2
|-unboost|p1a: Scovillain|atk|1
|upkeep
|
|t:|1785749847
|switch|p1b: Lycanroc|Lycanroc-Dusk, L50, F|100/100
|turn|2
|
|t:|1785749870
|detailschange|p1a: Scovillain|Scovillain-Mega, L50, F
|-mega|p1a: Scovillain|Scovillain|Scovillainite
|move|p1b: Lycanroc|Protect|p1b: Lycanroc
|-singleturn|p1b: Lycanroc|Protect
|move|p2a: Sableye|Reflect|p2a: Sableye
|-sidestart|p2: TorbellinoChamba|Reflect
|move|p2b: Raichu|Zap Cannon|p1b: Lycanroc
|-activate|p1b: Lycanroc|move: Protect
|move|p1a: Scovillain|Overheat|p2b: Raichu
|-damage|p2b: Raichu|53/100
|-unboost|p1a: Scovillain|spa|2
|
|-weather|RainDance|[upkeep]
|upkeep
|turn|3
|
|t:|1785749881
|move|p1a: Scovillain|Rage Powder|p1a: Scovillain
|-singleturn|p1a: Scovillain|move: Rage Powder
|move|p2a: Sableye|Quash||[still]
|-fail|p2a: Sableye
|move|p2b: Raichu|Zap Cannon|p1a: Scovillain
|-resisted|p1a: Scovillain|1
|-damage|p1a: Scovillain|61/100
|-status|p1a: Scovillain|par
|-status|p2b: Raichu|brn|[from] ability: Spicy Spray|[of] p1a: Scovillain
|move|p1b: Lycanroc|Rock Slide|p2a: Sableye|[spread] p2a,p2b
|-damage|p2a: Sableye|75/100
|-damage|p2b: Raichu|14/100 brn
|
|-weather|RainDance|[upkeep]
|-damage|p2b: Raichu|8/100 brn|[from] brn
|upkeep
|turn|4
|
|t:|1785749900
|switch|p1a: Sneasler|Sneasler, L50, F|100/100
|switch|p2a: Archaludon|Archaludon, L50, M, shiny|100/100
|move|p1b: Lycanroc|Accelerock|p2b: Raichu
|-damage|p2b: Raichu|0 fnt
|faint|p2b: Raichu
|
|-weather|RainDance|[upkeep]
|upkeep
|
|t:|1785749908
|switch|p2b: Pelipper|Pelipper, L50, M, shiny|100/100
|turn|5
|
|t:|1785749914
|move|p1a: Sneasler|Fake Out|p2b: Pelipper
|-damage|p2b: Pelipper|87/100
|move|p1b: Lycanroc|Close Combat|p2a: Archaludon
|-supereffective|p2a: Archaludon|1
|-damage|p2a: Archaludon|47/100
|-unboost|p1b: Lycanroc|def|1
|-unboost|p1b: Lycanroc|spd|1
|-ability|p2a: Archaludon|Stamina|boost
|-boost|p2a: Archaludon|def|1
|cant|p2b: Pelipper|flinch
|move|p2a: Archaludon|Electro Shot||[still]
|-prepare|p2a: Archaludon|Electro Shot
|-boost|p2a: Archaludon|spa|1
|-anim|p2a: Archaludon|Electro Shot|p1a: Sneasler
|-damage|p1a: Sneasler|3/100
|
|-weather|none
|-heal|p2a: Archaludon|53/100|[from] item: Leftovers
|upkeep
|turn|6
|
|t:|1785749923
|switch|p2b: Sableye|Sableye, L50, M, shiny|75/100
|move|p1a: Sneasler|Close Combat|p2a: Archaludon
|-supereffective|p2a: Archaludon|1
|-damage|p2a: Archaludon|13/100
|-unboost|p1a: Sneasler|def|1
|-unboost|p1a: Sneasler|spd|1
|-ability|p2a: Archaludon|Stamina|boost
|-boost|p2a: Archaludon|def|1
|-enditem|p1a: Sneasler|White Herb
|-clearnegativeboost|p1a: Sneasler|[silent]
|move|p1b: Lycanroc|Close Combat|p2a: Archaludon
|-supereffective|p2a: Archaludon|1
|-damage|p2a: Archaludon|0 fnt
|-unboost|p1b: Lycanroc|def|1
|-unboost|p1b: Lycanroc|spd|1
|faint|p2a: Archaludon
|
|upkeep
|
|t:|1785749926
|switch|p2a: Pelipper|Pelipper, L50, M, shiny|87/100
|-weather|RainDance|[from] ability: Drizzle|[of] p2a: Pelipper
|turn|7
|
|t:|1785749946
|move|p1a: Sneasler|Protect|p1a: Sneasler
|-singleturn|p1a: Sneasler|Protect
|move|p1b: Lycanroc|Accelerock|p2a: Pelipper
|-supereffective|p2a: Pelipper|1
|-damage|p2a: Pelipper|43/100
|move|p2b: Sableye|Light Screen|p2b: Sableye
|-sidestart|p2: TorbellinoChamba|move: Light Screen
|move|p2a: Pelipper|Weather Ball|p1a: Sneasler
|-activate|p1a: Sneasler|move: Protect
|
|-weather|RainDance|[upkeep]
|upkeep
|turn|8
|inactive|TorbellinoChamba has 30 seconds left.
|
|t:|1785749981
|move|p1b: Lycanroc|Accelerock|p2a: Pelipper
|-supereffective|p2a: Pelipper|1
|-crit|p2a: Pelipper
|-damage|p2a: Pelipper|0 fnt
|faint|p2a: Pelipper
|move|p2b: Sableye|Quash||[still]
|-fail|p2b: Sableye
|move|p1a: Sneasler|Dire Claw|p2b: Sableye
|-resisted|p2b: Sableye|1
|-damage|p2b: Sableye|61/100
|
|-weather|RainDance|[upkeep]
|upkeep
|turn|9
|-message|TorbellinoChamba forfeited.
|
|win|phuc_lamvgc
||TorbellinoChamba is ready for game 2.
||phuc_lamvgc is ready for game 2.
|uhtml|next|Next: Game 2 of 3
