|j|☆Delacruso
|j|☆eres_un_cracki2
|html|Delacrusoeres_un_cracki2    
|uhtml|bestof|Game 2 of a best-of-3
|t:|1756749583
|gametype|doubles
|player|p1|Delacruso|red|1122
|player|p2|eres_un_cracki2|n|1000
|gen|9
|tier|[Gen 9] VGC 2025 Reg H (Bo3)
|rated|
|rule|Species Clause: Limit one of each Pokémon
|rule|Item Clause: Limit 1 of each item
|clearpoke
|poke|p1|Ninetales, L50, M|
|poke|p1|Charizard, L50, M|
|poke|p1|Jumpluff, L50, F|
|poke|p1|Ursaluna-Bloodmoon, L50, M|
|poke|p1|Incineroar, L50, F|
|poke|p1|Porygon2, L50|
|poke|p2|Charizard, L50, M|
|poke|p2|Torkoal, L50, M|
|poke|p2|Incineroar, L50, M|
|poke|p2|Jumpluff, L50, F|
|poke|p2|Ursaluna, L50, F|
|poke|p2|Dusclops, L50, F|
|teampreview|4
|showteam|p1|Ninetales||Charcoal|Drought|BatonPass,CalmMind,WillOWisp,HeatWave|||M|||50|,,,,,Grass]Charizard||ChoiceSpecs|SolarPower|DragonPulse,HeatWave,Overheat,WeatherBall|||M|||50|,,,,,Ghost]Jumpluff||CovertCloak|Chlorophyll|SleepPowder,SunnyDay,Tailwind,RagePowder|||F|||50|,,,,,Water]Ursaluna-Bloodmoon||AssaultVest|MindsEye|EarthPower,BloodMoon,HyperVoice,VacuumWave|||M|||50|,,,,,Normal]Incineroar||SitrusBerry|Intimidate|FakeOut,FlareBlitz,KnockOff,PartingShot|||F|||50|,,,,,Ghost]Porygon2||Eviolite|Download|Thunderbolt,IceBeam,Recover,TrickRoom||||||50|,,,,,Electric
|showteam|p2|Charizard||ChoiceSpecs|SolarPower|HeatWave,Overheat,WeatherBall,AirSlash|||M|||50|,,,,,Ghost]Torkoal||EjectPack|Drought|Eruption,Overheat,HelpingHand,Protect|||M|||50|,,,,,Fire]Incineroar||SitrusBerry|Intimidate|FlareBlitz,KnockOff,FakeOut,PartingShot|||M|||50|,,,,,Ghost]Jumpluff||CovertCloak|Chlorophyll|SleepPowder,SunnyDay,RagePowder,Tailwind|||F|||50|,,,,,Water]Ursaluna||FlameOrb|Guts|HeadlongRush,Facade,Earthquake,Protect|||F|||50|,,,,,Ghost]Dusclops||Eviolite|Pressure|PainSplit,Haze,WillOWisp,TrickRoom|||F|||50|,,,,,Fairy
|inactive|Battle timer is ON: inactive players will automatically lose when time's up. (requested by Delacruso)
|
|t:|1756749619
|teamsize|p1|4
|teamsize|p2|4
|start
|switch|p1a: Jumpluff|Jumpluff, L50, F|100/100
|switch|p1b: Ninetales|Ninetales, L50, M|100/100
|switch|p2a: Dusclops|Dusclops, L50, F|100/100
|switch|p2b: Charizard|Charizard, L50, M|100/100
|-weather|SunnyDay|[from] ability: Drought|[of] p1b: Ninetales
|-ability|p2a: Dusclops|Pressure
|turn|1
|
|t:|1756749636
|-terastallize|p1a: Jumpluff|Water
|move|p1a: Jumpluff|Sleep Powder|p2a: Dusclops
|-status|p2a: Dusclops|slp|[from] move: Sleep Powder
|move|p2b: Charizard|Heat Wave|p1b: Ninetales|[spread] p1a,p1b
|-resisted|p1a: Jumpluff
|-resisted|p1b: Ninetales
|-damage|p1a: Jumpluff|47/100
|-damage|p1b: Ninetales|47/100
|move|p1b: Ninetales|Calm Mind|p1b: Ninetales
|-boost|p1b: Ninetales|spa|1
|-boost|p1b: Ninetales|spd|1
|cant|p2a: Dusclops|slp
|
|-weather|SunnyDay|[upkeep]
|-damage|p2b: Charizard|88/100|[from] ability: Solar Power|[of] p2b: Charizard
|upkeep
|turn|2
|
|t:|1756749658
|move|p1a: Jumpluff|Sleep Powder|p2b: Charizard
|-status|p2b: Charizard|slp|[from] move: Sleep Powder
|cant|p2b: Charizard|slp
|move|p1b: Ninetales|Baton Pass|p1b: Ninetales
|
|t:|1756749664
|switch|p1b: Charizard|Charizard, L50, M, shiny|100/100|[from] Baton Pass
|cant|p2a: Dusclops|slp
|
|-weather|SunnyDay|[upkeep]
|-damage|p1b: Charizard|88/100|[from] ability: Solar Power|[of] p1b: Charizard
|-damage|p2b: Charizard|76/100 slp|[from] ability: Solar Power|[of] p2b: Charizard
|upkeep
|turn|3
|inactive|Delacruso has 30 seconds left.
|inactive|eres_un_cracki2 has 30 seconds left.
|
|t:|1756749691
|switch|p1a: Ninetales|Ninetales, L50, M|47/100
|switch|p2a: Torkoal|Torkoal, L50, M|100/100
|cant|p2b: Charizard|slp
|move|p1b: Charizard|Heat Wave|p2a: Torkoal|[spread] p2b
|-miss|p1b: Charizard|p2a: Torkoal
|-resisted|p2b: Charizard
|-damage|p2b: Charizard|0 fnt
|faint|p2b: Charizard
|
|-weather|SunnyDay|[upkeep]
|-damage|p1b: Charizard|76/100|[from] ability: Solar Power|[of] p1b: Charizard
|upkeep
|
|t:|1756749705
|switch|p2b: Dusclops|Dusclops, L50, F|100/100 slp
|-ability|p2b: Dusclops|Pressure
|turn|4
|inactive|eres_un_cracki2 has 30 seconds left.
|inactive|eres_un_cracki2 has 20 seconds left.
|inactive|eres_un_cracki2 has 15 seconds left.
|
|t:|1756749747
|-terastallize|p2a: Torkoal|Fire
|move|p1b: Charizard|Heat Wave|p2b: Dusclops|[spread] p2a,p2b
|-resisted|p2a: Torkoal
|-damage|p2a: Torkoal|0 fnt
|-damage|p2b: Dusclops|3/100 slp
|faint|p2a: Torkoal
|move|p1a: Ninetales|Calm Mind|p1a: Ninetales
|-boost|p1a: Ninetales|spa|1
|-boost|p1a: Ninetales|spd|1
|cant|p2b: Dusclops|slp
|
|-weather|SunnyDay|[upkeep]
|-damage|p1b: Charizard|63/100|[from] ability: Solar Power|[of] p1b: Charizard
|upkeep
|
|t:|1756749753
|switch|p2a: Ursaluna|Ursaluna, L50, F|100/100
|turn|5
|
|t:|1756749768
|move|p2a: Ursaluna|Protect|p2a: Ursaluna
|-singleturn|p2a: Ursaluna|Protect
|move|p1b: Charizard|Heat Wave|p2a: Ursaluna|[spread] p2b
|-activate|p2a: Ursaluna|move: Protect
|-damage|p2b: Dusclops|0 fnt
|faint|p2b: Dusclops
|move|p1a: Ninetales|Will-O-Wisp|p2a: Ursaluna
|-activate|p2a: Ursaluna|move: Protect
|
|-weather|none
|-status|p2a: Ursaluna|brn|[from] item: Flame Orb
|upkeep
|turn|6
|
|t:|1756749793
|move|p1b: Charizard|Heat Wave|p2a: Ursaluna
|-damage|p2a: Ursaluna|3/100 brn
|move|p1a: Ninetales|Baton Pass|p1a: Ninetales
|
|t:|1756749797
|switch|p1a: Ursaluna|Ursaluna-Bloodmoon, L50, M|100/100|[from] Baton Pass
|move|p2a: Ursaluna|Facade|p1b: Charizard
|-damage|p1b: Charizard|0 fnt
|faint|p1b: Charizard
|
|-damage|p2a: Ursaluna|0 fnt|[from] brn
|faint|p2a: Ursaluna
|
|win|Delacruso
||eres_un_cracki2 is ready for game 3.
|inactive|Delacruso has 30 seconds to confirm battle start!
||Delacruso is ready for game 3.
|uhtml|next|Next: Game 3 of 3
|l|☆eres_un_cracki2
|player|p2|
