|j|☆blizzardspamming
|j|☆Doc Pain
|html|blizzardspammingDoc Pain    
|uhtml|bestof|Game 2 of a best-of-3
|t:|1784045953
|gametype|doubles
|player|p1|blizzardspamming|clair|1281
|player|p2|Doc Pain|waiter-gen4dp|1287
|gen|9
|tier|[Gen 9 Champions] VGC 2026 Reg M-B (Bo3)
|rated|
|rule|Species Clause: Limit one of each Pokémon
|rule|Item Clause: Limit 1 of each item
|clearpoke
|poke|p1|Gengar, L50, M|
|poke|p1|Ninetales-Alola, L50, F|
|poke|p1|Incineroar, L50, F|
|poke|p1|Palafin, L50, F|
|poke|p1|Sneasler, L50, F|
|poke|p1|Hydreigon, L50, F|
|poke|p2|Delphox, L50, M|
|poke|p2|Sneasler, L50, M|
|poke|p2|Incineroar, L50, M|
|poke|p2|Sinistcha, L50|
|poke|p2|Maushold-Four, L50|
|poke|p2|Blastoise, L50, M|
|teampreview|4
|showteam|p1|Gengar||Gengarite|CursedBody|ShadowBall,SludgeBomb,Disable,Protect|Modest||M|||50|]Ninetales-Alola||OccaBerry|SnowWarning|Blizzard,FreezeDry,Encore,Protect|Timid||F|||50|]Incineroar||SitrusBerry|Intimidate|FakeOut,FlareBlitz,DarkestLariat,PartingShot|Sassy||F|||50|]Palafin||MysticWater|ZerotoHero|JetPunch,WaveCrash,CloseCombat,Protect|Careful||F|||50|]Sneasler||FocusSash|PoisonTouch|FakeOut,CloseCombat,DireClaw,QuickGuard|Jolly||F|||50|]Hydreigon||LifeOrb|Levitate|DracoMeteor,DarkPulse,EarthPower,Protect|Modest||F|||50|
|showteam|p2|Delphox||Delphoxite|Blaze|HeatWave,Psyshock,NastyPlot,Protect|Timid||M|||50|]Sneasler||FocusSash|PoisonTouch|CloseCombat,PoisonJab,FakeOut,QuickGuard|Jolly||M|||50|]Incineroar||SitrusBerry|Intimidate|FlareBlitz,ThroatChop,FakeOut,PartingShot|Impish||M|||50|]Sinistcha||OccaBerry|Hospitality|MatchaGotcha,RagePowder,LifeDew,Protect|Bold|||||50|]Maushold-Four||ChopleBerry|FriendGuard|FollowMe,Feint,HelpingHand,Protect|Impish|||||50|]Blastoise||Blastoisinite|RainDish|WaterSpout,DarkPulse,ShellSmash,Protect|Modest||M|||50|
|inactive|Battle timer is ON: inactive players will automatically lose when time's up. (requested by Doc Pain)
|
|t:|1784045981
|teamsize|p1|4
|teamsize|p2|4
|start
|switch|p1a: Incineroar|Incineroar, L50, F|100/100
|switch|p1b: Hydreigon|Hydreigon, L50, F|100/100
|switch|p2a: Delphox|Delphox, L50, M|100/100
|switch|p2b: Incineroar|Incineroar, L50, M|100/100
|-ability|p2b: Incineroar|Intimidate|boost
|-unboost|p1a: Incineroar|atk|1
|-unboost|p1b: Hydreigon|atk|1
|-ability|p1a: Incineroar|Intimidate|boost
|-unboost|p2a: Delphox|atk|1
|-unboost|p2b: Incineroar|atk|1
|turn|1
|
|t:|1784045998
|detailschange|p2a: Delphox|Delphox-Mega, L50, M
|-mega|p2a: Delphox|Delphox|Delphoxite
|move|p2a: Delphox|Protect|p2a: Delphox
|-singleturn|p2a: Delphox|Protect
|move|p1b: Hydreigon|Dark Pulse|p2a: Delphox
|-activate|p2a: Delphox|move: Protect
|move|p2b: Incineroar|Parting Shot|p1a: Incineroar
|-unboost|p1a: Incineroar|atk|1
|-unboost|p1a: Incineroar|spa|1
|
|t:|1784046007
|switch|p2b: Sneasler|Sneasler, L50, M|100/100|[from] Parting Shot
|move|p1a: Incineroar|Parting Shot|p2a: Delphox
|-activate|p2a: Delphox|move: Protect
|
|upkeep
|turn|2
|
|t:|1784046026
|move|p1b: Hydreigon|Protect|p1b: Hydreigon
|-singleturn|p1b: Hydreigon|Protect
|move|p2b: Sneasler|Fake Out|p1b: Hydreigon
|-activate|p1b: Hydreigon|move: Protect
|move|p2a: Delphox|Nasty Plot|p2a: Delphox
|-boost|p2a: Delphox|spa|2
|move|p1a: Incineroar|Parting Shot|p2a: Delphox
|-unboost|p2a: Delphox|atk|1
|-unboost|p2a: Delphox|spa|1
|
|t:|1784046034
|switch|p1a: Sneasler|Sneasler, L50, F|100/100|[from] Parting Shot
|
|upkeep
|turn|3
|
|t:|1784046045
|switch|p2b: Incineroar|Incineroar, L50, M|100/100
|-ability|p2b: Incineroar|Intimidate|boost
|-unboost|p1a: Sneasler|atk|1
|-unboost|p1b: Hydreigon|atk|1
|move|p2a: Delphox|Protect|p2a: Delphox
|-singleturn|p2a: Delphox|Protect
|move|p1a: Sneasler|Fake Out|p2b: Incineroar
|-damage|p2b: Incineroar|91/100
|move|p1b: Hydreigon|Earth Power|p2b: Incineroar
|-supereffective|p2b: Incineroar|1
|-damage|p2b: Incineroar|6/100
|-enditem|p2b: Incineroar|Sitrus Berry|[eat]
|-heal|p2b: Incineroar|31/100|[from] item: Sitrus Berry
|-damage|p1b: Hydreigon|90/100|[from] item: Life Orb
|
|upkeep
|turn|4
|
|t:|1784046061
|move|p1a: Sneasler|Quick Guard|p1a: Sneasler
|-singleturn|p1a: Sneasler|Quick Guard
|move|p2b: Incineroar|Fake Out|p1b: Hydreigon
|-activate|p1b: Hydreigon|move: Quick Guard
|move|p2a: Delphox|Nasty Plot|p2a: Delphox
|-boost|p2a: Delphox|spa|2
|move|p1b: Hydreigon|Dark Pulse|p2a: Delphox
|-supereffective|p2a: Delphox|1
|-damage|p2a: Delphox|0 fnt
|faint|p2a: Delphox
|-damage|p1b: Hydreigon|80/100|[from] item: Life Orb
|
|upkeep
|
|t:|1784046064
|switch|p2a: Sneasler|Sneasler, L50, M|100/100
|turn|5
|
|t:|1784046087
|switch|p1a: Incineroar|Incineroar, L50, F|100/100
|-ability|p1a: Incineroar|Intimidate|boost
|-unboost|p2a: Sneasler|atk|1
|-unboost|p2b: Incineroar|atk|1
|switch|p1b: Gengar|Gengar, L50, M|100/100
|move|p2a: Sneasler|Fake Out|p1a: Incineroar
|-damage|p1a: Incineroar|91/100
|move|p2b: Incineroar|Parting Shot|p1a: Incineroar
|-unboost|p1a: Incineroar|atk|1
|-unboost|p1a: Incineroar|spa|1
|
|t:|1784046091
|switch|p2b: Maushold|Maushold-Four, L50|100/100|[from] Parting Shot
|
|upkeep
|turn|6
|-message|Doc Pain forfeited.
|
|win|blizzardspamming
|l|☆Doc Pain
|player|p2|
||Doc Pain is ready for game 3.
||blizzardspamming is ready for game 3.
|uhtml|next|Next: Game 3 of 3
