|j|☆dambro222
|j|☆Pati_Patout
|html|dambro222Pati_Patout    
|uhtml|bestof|Game 2 of a best-of-3
|t:|1756395070
|gametype|doubles
|player|p1|dambro222|102|1092
|player|p2|Pati_Patout|unknown|1121
|gen|9
|tier|[Gen 9] VGC 2025 Reg H (Bo3)
|rated|
|rule|Species Clause: Limit one of each Pokémon
|rule|Item Clause: Limit 1 of each item
|clearpoke
|poke|p1|Dragonite, L50, M|
|poke|p1|Volcarona, L50, F|
|poke|p1|Sneasler, L50, M|
|poke|p1|Rillaboom, L50, M|
|poke|p1|Electabuzz, L50, M|
|poke|p1|Kingambit, L50, M|
|poke|p2|Dragonite, L50, M|
|poke|p2|Ursaluna-Bloodmoon, L50, M|
|poke|p2|Gholdengo, L50|
|poke|p2|Incineroar, L50, F|
|poke|p2|Rillaboom, L50, F|
|poke|p2|Dondozo, L50, F|
|teampreview|4
|showteam|p1|Dragonite||LoadedDice|Multiscale|ScaleShot,ExtremeSpeed,Haze,Protect|||M|||50|,,,,,Fairy]Volcarona||CovertCloak|FlameBody|HeatWave,TeraBlast,QuiverDance,Protect|||F|||50|,,,,,Fairy]Sneasler||FocusSash|Unburden|CloseCombat,DireClaw,RockSlide,Protect|||M|||50|,,,,,Stellar]Rillaboom||AssaultVest|GrassySurge|WoodHammer,GrassyGlide,HighHorsepower,FakeOut|||M|||50|,,,,,Water]Electabuzz||Eviolite|VitalSpirit|Electroweb,FollowMe,Taunt,Protect|||M|||50|,,,,,Ghost]Kingambit||BlackGlasses|Defiant|KowtowCleave,SuckerPunch,SwordsDance,Protect|||M|||50|,,,,,Dark
|showteam|p2|Dragonite||LoadedDice|Multiscale|Protect,ScaleShot,ExtremeSpeed,Tailwind|||M|||50|,,,,,Steel]Ursaluna-Bloodmoon||LifeOrb|MindsEye|Protect,EarthPower,HyperVoice,BloodMoon|||M|||50|,,,,,Normal]Gholdengo||MetalCoat|GoodasGold|Protect,MakeItRain,ShadowBall,NastyPlot||||||50|,,,,,Water]Incineroar||SafetyGoggles|Intimidate|FlareBlitz,KnockOff,FakeOut,PartingShot|||F|||50|,,,,,Ghost]Rillaboom||AssaultVest|GrassySurge|WoodHammer,GrassyGlide,FakeOut,Uturn|||F|||50|,,,,,Fire]Dondozo||Leftovers|Unaware|Protect,WaveCrash,Fissure,Yawn|||F|||50|,,,,,Bug
|inactive|Battle timer is ON: inactive players will automatically lose when time's up. (requested by dambro222)
|inactive|dambro222 has 60 seconds left.
|
|t:|1756395130
|teamsize|p1|4
|teamsize|p2|4
|start
|switch|p1a: Volcarona|Volcarona, L50, F|100/100
|switch|p1b: Electabuzz|Electabuzz, L50, M|100/100
|switch|p2a: Ursaluna|Ursaluna-Bloodmoon, L50, M|100/100
|switch|p2b: Dondozo|Dondozo, L50, F|100/100
|turn|1
|inactive|Pati_Patout has 30 seconds left.
|
|t:|1756395163
|move|p1a: Volcarona|Protect|p1a: Volcarona
|-singleturn|p1a: Volcarona|Protect
|move|p1b: Electabuzz|Protect|p1b: Electabuzz
|-singleturn|p1b: Electabuzz|Protect
|move|p2a: Ursaluna|Earth Power|p1b: Electabuzz
|-activate|p1b: Electabuzz|move: Protect
|move|p2b: Dondozo|Wave Crash|p1a: Volcarona
|-activate|p1a: Volcarona|move: Protect
|
|upkeep
|turn|2
|inactive|Pati_Patout has 30 seconds left.
|inactive|Pati_Patout has 20 seconds left.
|inactive|Pati_Patout has 15 seconds left.
|inactive|Pati_Patout has 10 seconds left.
|
|t:|1756395211
|-terastallize|p1a: Volcarona|Fairy
|move|p1b: Electabuzz|Follow Me|p1b: Electabuzz
|-singleturn|p1b: Electabuzz|move: Follow Me
|move|p1a: Volcarona|Quiver Dance|p1a: Volcarona
|-boost|p1a: Volcarona|spa|1
|-boost|p1a: Volcarona|spd|1
|-boost|p1a: Volcarona|spe|1
|move|p2a: Ursaluna|Earth Power|p1b: Electabuzz
|-supereffective|p1b: Electabuzz
|-damage|p1b: Electabuzz|0 fnt
|faint|p1b: Electabuzz
|-damage|p2a: Ursaluna|91/100|[from] item: Life Orb
|move|p2b: Dondozo|Yawn|p1a: Volcarona
|-start|p1a: Volcarona|move: Yawn|[of] p2b: Dondozo
|
|upkeep
|
|t:|1756395228
|switch|p1b: Rillaboom|Rillaboom, L50, M|100/100
|-fieldstart|move: Grassy Terrain|[from] ability: Grassy Surge|[of] p1b: Rillaboom
|turn|3
|
|t:|1756395243
|switch|p2a: Incineroar|Incineroar, L50, F|100/100
|-ability|p2a: Incineroar|Intimidate|boost
|-unboost|p1a: Volcarona|atk|1
|-unboost|p1b: Rillaboom|atk|1
|move|p1a: Volcarona|Heat Wave|p2a: Incineroar|[spread] p2a,p2b
|-resisted|p2a: Incineroar
|-resisted|p2b: Dondozo
|-damage|p2a: Incineroar|73/100
|-damage|p2b: Dondozo|86/100
|move|p1b: Rillaboom|Wood Hammer|p2a: Incineroar
|-resisted|p2a: Incineroar
|-crit|p2a: Incineroar
|-damage|p2a: Incineroar|8/100
|-damage|p1b: Rillaboom|78/100|[from] Recoil
|move|p2b: Dondozo|Yawn|p1b: Rillaboom
|-start|p1b: Rillaboom|move: Yawn|[of] p2b: Dondozo
|
|-heal|p1b: Rillaboom|84/100|[from] Grassy Terrain
|-heal|p2a: Incineroar|14/100|[from] Grassy Terrain
|-heal|p2b: Dondozo|92/100|[from] Grassy Terrain
|-heal|p2b: Dondozo|98/100|[from] item: Leftovers
|-end|p1a: Volcarona|move: Yawn|[silent]
|-status|p1a: Volcarona|slp
|upkeep
|turn|4
|inactive|dambro222 has 30 seconds left.
|inactive|Pati_Patout has 30 seconds left.
|
|t:|1756395274
|switch|p1b: Sneasler|Sneasler, L50, M|100/100
|cant|p1a: Volcarona|slp
|move|p2a: Incineroar|Parting Shot|p1b: Sneasler
|-unboost|p1b: Sneasler|atk|1
|-unboost|p1b: Sneasler|spa|1
|
|t:|1756395281
|switch|p2a: Gholdengo|Gholdengo, L50|100/100|[from] Parting Shot
|move|p2b: Dondozo|Yawn|p1b: Sneasler
|-start|p1b: Sneasler|move: Yawn|[of] p2b: Dondozo
|
|-heal|p2b: Dondozo|100/100|[from] Grassy Terrain
|upkeep
|turn|5
|
|t:|1756395296
|switch|p1b: Rillaboom|Rillaboom, L50, M|84/100
|-curestatus|p1a: Volcarona|slp|[msg]
|move|p1a: Volcarona|Heat Wave|p2b: Dondozo|[spread] p2b
|-miss|p1a: Volcarona|p2a: Gholdengo
|-resisted|p2b: Dondozo
|-damage|p2b: Dondozo|86/100
|move|p2a: Gholdengo|Make It Rain|p1a: Volcarona|[spread] p1a,p1b
|-supereffective|p1a: Volcarona
|-damage|p1a: Volcarona|41/100
|-damage|p1b: Rillaboom|44/100
|-unboost|p2a: Gholdengo|spa|1
|move|p2b: Dondozo|Wave Crash|p1b: Rillaboom
|-resisted|p1b: Rillaboom
|-damage|p1b: Rillaboom|22/100
|-damage|p2b: Dondozo|80/100|[from] Recoil
|
|-heal|p1a: Volcarona|48/100|[from] Grassy Terrain
|-heal|p1b: Rillaboom|28/100|[from] Grassy Terrain
|-heal|p2b: Dondozo|87/100|[from] Grassy Terrain
|-heal|p2b: Dondozo|93/100|[from] item: Leftovers
|upkeep
|turn|6
|inactive|Pati_Patout has 30 seconds left.
|inactive|Pati_Patout has 20 seconds left.
|
|t:|1756395332
|move|p2a: Gholdengo|Protect|p2a: Gholdengo
|-singleturn|p2a: Gholdengo|Protect
|move|p1a: Volcarona|Heat Wave|p2b: Dondozo|[spread] p2b
|-activate|p2a: Gholdengo|move: Protect
|-resisted|p2b: Dondozo
|-damage|p2b: Dondozo|80/100
|move|p1b: Rillaboom|Wood Hammer|p2b: Dondozo
|-supereffective|p2b: Dondozo
|-damage|p2b: Dondozo|0 fnt
|faint|p2b: Dondozo
|-damage|p1b: Rillaboom|0 fnt|[from] Recoil
|faint|p1b: Rillaboom
|
|-heal|p1a: Volcarona|54/100|[from] Grassy Terrain
|upkeep
|
|t:|1756395345
|switch|p1b: Sneasler|Sneasler, L50, M|100/100
|switch|p2b: Incineroar|Incineroar, L50, F|14/100
|-ability|p2b: Incineroar|Intimidate|boost
|-unboost|p1a: Volcarona|atk|1
|-unboost|p1b: Sneasler|atk|1
|turn|7
|
|t:|1756395364
|move|p2b: Incineroar|Fake Out|p1b: Sneasler
|-damage|p1b: Sneasler|82/100
|move|p1a: Volcarona|Heat Wave|p2b: Incineroar|[spread] p2a,p2b
|-supereffective|p2a: Gholdengo
|-resisted|p2b: Incineroar
|-damage|p2a: Gholdengo|0 fnt
|-damage|p2b: Incineroar|0 fnt
|faint|p2a: Gholdengo
|faint|p2b: Incineroar
|cant|p1b: Sneasler|flinch
|
|-heal|p1a: Volcarona|60/100|[from] Grassy Terrain
|-heal|p1b: Sneasler|88/100|[from] Grassy Terrain
|-fieldend|move: Grassy Terrain
|upkeep
|
|t:|1756395370
|switch|p2b: Ursaluna|Ursaluna-Bloodmoon, L50, M|91/100
|turn|8
|l|☆Pati_Patout
|inactive|Pati_Patout disconnected and has a minute to reconnect!
|player|p2|
|
|t:|1756395379
|-terastallize|p2b: Ursaluna|Normal
|move|p1a: Volcarona|Tera Blast|p2b: Ursaluna|[anim] Tera Blast Fairy
|-damage|p2b: Ursaluna|21/100
|move|p1b: Sneasler|Close Combat|p2b: Ursaluna
|-supereffective|p2b: Ursaluna
|-damage|p2b: Ursaluna|0 fnt
|-unboost|p1b: Sneasler|def|1
|-unboost|p1b: Sneasler|spd|1
|faint|p2b: Ursaluna
|
|win|dambro222
|raw|dambro222's rating: 1092 → 1120(+28 for winning)
|raw|Pati_Patout's rating: 1121 → 1094(-27 for losing)
|c|☆dambro222|gg
