|j|☆luckyross
|j|☆wweewwzz
|html|luckyrosswweewwzz    
|uhtml|bestof|Game 1 of a best-of-3
|t:|1756427962
|gametype|doubles
|player|p1|luckyross|101|1144
|player|p2|wweewwzz|pokekid|1383
|gen|9
|tier|[Gen 9] VGC 2025 Reg H (Bo3)
|rated|
|rule|Species Clause: Limit one of each Pokémon
|rule|Item Clause: Limit 1 of each item
|clearpoke
|poke|p1|Murkrow, L50, M|
|poke|p1|Gholdengo, L50|
|poke|p1|Primarina, L50, M|
|poke|p1|Hydreigon, L50, M|
|poke|p1|Gliscor, L50, M|
|poke|p1|Sneasler, L50, F|
|poke|p2|Gholdengo, L50|
|poke|p2|Incineroar, L50, M|
|poke|p2|Ursaluna, L50, F|
|poke|p2|Sinistcha, L50|
|poke|p2|Sneasler, L50, M|
|poke|p2|Dragonite, L50, M|
|teampreview|4
|showteam|p1|Murkrow||Eviolite|Prankster|Tailwind,FoulPlay,Haze,Quash|||M|||50|,,,,,Ghost]Gholdengo||ChoiceSpecs|GoodasGold|MakeItRain,ShadowBall,FocusBlast,Trick||||||50|,,,,,Steel]Primarina||ThroatSpray|LiquidVoice|HyperVoice,Moonblast,AquaJet,Protect|||M|||50|,,,,,Poison]Hydreigon||LifeOrb|Levitate|DarkPulse,DracoMeteor,Tailwind,Protect|||M|||50|,,,,,Ghost]Gliscor||ChoiceBand|HyperCutter|Earthquake,HighHorsepower,DualWingbeat,RockSlide|||M|||50|,,,,,Dark]Sneasler||WhiteHerb|Unburden|FakeOut,CloseCombat,DireClaw,Protect|||F|||50|,,,,,Stellar
|showteam|p2|Gholdengo||LifeOrb|GoodasGold|MakeItRain,ShadowBall,NastyPlot,Protect||||||50|,,,,,Water]Incineroar||AssaultVest|Intimidate|FakeOut,Uturn,KnockOff,FlareBlitz|||M|||50|,,,,,Ghost]Ursaluna||FlameOrb|Guts|Earthquake,Facade,HeadlongRush,Protect|||F|||50|,,,,,Ghost]Sinistcha||SitrusBerry|Hospitality|MatchaGotcha,LifeDew,RagePowder,TrickRoom||||||50|,,,,,Dark]Sneasler||FocusSash|PoisonTouch|DireClaw,CloseCombat,Coaching,Protect|||M|||50|,,,,,Flying]Dragonite||LoadedDice|Multiscale|ScaleShot,Haze,Tailwind,Protect|||M|||50|,,,,,Fairy
|inactive|Battle timer is ON: inactive players will automatically lose when time's up. (requested by wweewwzz)
|inactive|luckyross has 60 seconds left.
|inactive|wweewwzz has 60 seconds left.
|inactive|luckyross has 30 seconds left.
|inactive|luckyross has 20 seconds left.
|inactive|luckyross has 15 seconds left.
|inactive|luckyross has 10 seconds left.
|inactive|luckyross has 5 seconds left.
|
|t:|1756428052
|teamsize|p1|4
|teamsize|p2|4
|start
|switch|p1a: Murkrow|Murkrow, L50, M, shiny|100/100
|switch|p1b: Ficello-Man|Gholdengo, L50|100/100
|switch|p2a: Sinistcha|Sinistcha, L50|100/100
|switch|p2b: Incineroar|Incineroar, L50, M|100/100
|-ability|p2b: Incineroar|Intimidate|boost
|-unboost|p1a: Murkrow|atk|1
|-unboost|p1b: Ficello-Man|atk|1
|turn|1
|inactive|luckyross has 30 seconds left.
|
|t:|1756428083
|-terastallize|p1b: Ficello-Man|Steel
|move|p1b: Ficello-Man|Make It Rain|p2b: Incineroar|[spread] p2a,p2b
|-resisted|p2b: Incineroar
|-damage|p2a: Sinistcha|11/100
|-damage|p2b: Incineroar|68/100
|-unboost|p1b: Ficello-Man|spa|1
|-enditem|p2a: Sinistcha|Sitrus Berry|[eat]
|-heal|p2a: Sinistcha|35/100|[from] item: Sitrus Berry
|move|p1a: Murkrow|Foul Play|p2a: Sinistcha
|-supereffective|p2a: Sinistcha
|-damage|p2a: Sinistcha|5/100
|move|p2b: Incineroar|Flare Blitz|p1b: Ficello-Man
|-supereffective|p1b: Ficello-Man
|-damage|p1b: Ficello-Man|0 fnt
|faint|p1b: Ficello-Man
|-damage|p2b: Incineroar|40/100|[from] Recoil
|move|p2a: Sinistcha|Trick Room|p2a: Sinistcha
|-fieldstart|move: Trick Room|[of] p2a: Sinistcha
|
|upkeep
|
|t:|1756428100
|switch|p1b: Primarina|Primarina, L50, M|100/100
|turn|2
|
|t:|1756428116
|move|p2a: Sinistcha|Life Dew|p2a: Sinistcha|[spread] p2a,p2b
|-heal|p2a: Sinistcha|30/100
|-heal|p2b: Incineroar|65/100
|move|p2b: Incineroar|U-turn|p1a: Murkrow
|-damage|p1a: Murkrow|75/100
|
|t:|1756428122
|switch|p2b: Gholdengo|Gholdengo, L50, shiny|100/100|[from] U-turn
|move|p1b: Primarina|Hyper Voice|p2b: Gholdengo|[spread] p2a,p2b
|-resisted|p2a: Sinistcha
|-damage|p2a: Sinistcha|16/100
|-damage|p2b: Gholdengo|69/100
|-enditem|p1b: Primarina|Throat Spray
|-boost|p1b: Primarina|spa|1|[from] item: Throat Spray
|move|p1a: Murkrow|Foul Play|p2b: Gholdengo
|-supereffective|p2b: Gholdengo
|-damage|p2b: Gholdengo|34/100
|
|upkeep
|turn|3
|inactive|luckyross has 30 seconds left.
|
|t:|1756428155
|-terastallize|p2b: Gholdengo|Water
|move|p2a: Sinistcha|Matcha Gotcha|p1b: Primarina|[spread] p1a,p1b
|-resisted|p1a: Murkrow
|-supereffective|p1b: Primarina
|-damage|p1a: Murkrow|64/100
|-heal|p2a: Sinistcha|21/100|[from] drain|[of] p1a: Murkrow
|-damage|p1b: Primarina|60/100
|-heal|p2a: Sinistcha|41/100|[from] drain|[of] p1b: Primarina
|move|p1b: Primarina|Hyper Voice|p2a: Sinistcha|[spread] p2a,p2b
|-resisted|p2a: Sinistcha
|-resisted|p2b: Gholdengo
|-damage|p2a: Sinistcha|21/100
|-damage|p2b: Gholdengo|11/100
|move|p1a: Murkrow|Foul Play|p2b: Gholdengo
|-damage|p2b: Gholdengo|0 fnt
|faint|p2b: Gholdengo
|
|upkeep
|
|t:|1756428173
|switch|p2b: Incineroar|Incineroar, L50, M|65/100
|-ability|p2b: Incineroar|Intimidate|boost
|-unboost|p1a: Murkrow|atk|1
|-unboost|p1b: Primarina|atk|1
|turn|4
|
|t:|1756428183
|move|p1b: Primarina|Protect|p1b: Primarina
|-singleturn|p1b: Primarina|Protect
|move|p2b: Incineroar|Fake Out|p1a: Murkrow
|-damage|p1a: Murkrow|47/100
|move|p2a: Sinistcha|Matcha Gotcha|p1b: Primarina|[spread] p1a
|-activate|p1b: Primarina|move: Protect
|-resisted|p1a: Murkrow
|-damage|p1a: Murkrow|36/100
|-heal|p2a: Sinistcha|26/100|[from] drain|[of] p1a: Murkrow
|-status|p1a: Murkrow|brn
|cant|p1a: Murkrow|flinch
|
|-damage|p1a: Murkrow|30/100 brn|[from] brn
|upkeep
|turn|5
|inactive|luckyross has 30 seconds left.
|inactive|luckyross has 20 seconds left.
|inactive|luckyross has 15 seconds left.
|inactive|luckyross has 10 seconds left.
|
|t:|1756428229
|move|p2a: Sinistcha|Matcha Gotcha|p1a: Murkrow|[spread] p1a,p1b
|-resisted|p1a: Murkrow
|-supereffective|p1b: Primarina
|-damage|p1a: Murkrow|20/100 brn
|-heal|p2a: Sinistcha|31/100|[from] drain|[of] p1a: Murkrow
|-damage|p1b: Primarina|19/100
|-heal|p2a: Sinistcha|52/100|[from] drain|[of] p1b: Primarina
|move|p2b: Incineroar|Flare Blitz|p1b: Primarina
|-resisted|p1b: Primarina
|-damage|p1b: Primarina|0 fnt
|faint|p1b: Primarina
|-damage|p2b: Incineroar|60/100|[from] Recoil
|move|p1a: Murkrow|Foul Play|p2b: Incineroar
|-resisted|p2b: Incineroar
|-damage|p2b: Incineroar|50/100
|
|-damage|p1a: Murkrow|14/100 brn|[from] brn
|-fieldend|move: Trick Room
|upkeep
|
|t:|1756428240
|switch|p1b: Hydreigon|Hydreigon, L50, M, shiny|100/100
|turn|6
|
|t:|1756428251
|move|p1b: Hydreigon|Draco Meteor|p2a: Sinistcha
|-damage|p2a: Sinistcha|0 fnt
|-unboost|p1b: Hydreigon|spa|2
|faint|p2a: Sinistcha
|-damage|p1b: Hydreigon|91/100|[from] item: Life Orb
|move|p1a: Murkrow|Foul Play|p2b: Incineroar
|-resisted|p2b: Incineroar
|-crit|p2b: Incineroar
|-damage|p2b: Incineroar|37/100
|move|p2b: Incineroar|U-turn|p1b: Hydreigon
|-supereffective|p1b: Hydreigon
|-damage|p1b: Hydreigon|46/100
|
|t:|1756428254
|switch|p2b: Ursaluna|Ursaluna, L50, F, shiny|100/100|[from] U-turn
|
|-damage|p1a: Murkrow|8/100 brn|[from] brn
|-status|p2b: Ursaluna|brn|[from] item: Flame Orb
|upkeep
|
|t:|1756428255
|switch|p2a: Incineroar|Incineroar, L50, M|37/100
|-ability|p2a: Incineroar|Intimidate|boost
|-unboost|p1a: Murkrow|atk|1
|-unboost|p1b: Hydreigon|atk|1
|turn|7
|
|t:|1756428265
|move|p1b: Hydreigon|Protect|p1b: Hydreigon
|-singleturn|p1b: Hydreigon|Protect
|move|p2a: Incineroar|Fake Out|p1a: Murkrow
|-damage|p1a: Murkrow|0 fnt
|faint|p1a: Murkrow
|move|p2b: Ursaluna|Facade|p1b: Hydreigon
|-activate|p1b: Hydreigon|move: Protect
|
|-damage|p2b: Ursaluna|94/100 brn|[from] brn
|upkeep
|turn|8
|
|t:|1756428283
|move|p1b: Hydreigon|Draco Meteor|p2b: Ursaluna
|-damage|p2b: Ursaluna|47/100 brn
|-unboost|p1b: Hydreigon|spa|2
|-damage|p1b: Hydreigon|37/100|[from] item: Life Orb
|move|p2a: Incineroar|Knock Off|p1b: Hydreigon
|-resisted|p1b: Hydreigon
|-crit|p1b: Hydreigon
|-damage|p1b: Hydreigon|3/100
|-enditem|p1b: Hydreigon|Life Orb|[from] move: Knock Off|[of] p2a: Incineroar
|move|p2b: Ursaluna|Facade|p1b: Hydreigon
|-damage|p1b: Hydreigon|0 fnt
|faint|p1b: Hydreigon
|
|win|wweewwzz
||luckyross is ready for game 2.
|inactive|wweewwzz has 30 seconds to confirm battle start!
|inactive|wweewwzz has 20 seconds to confirm battle start!
||wweewwzz is ready for game 2.
|uhtml|next|Next: Game 2 of 3
|l|☆luckyross
|player|p1|
