|j|☆chamoy-pt2
|j|☆r4ka
|html|chamoy-pt2r4ka    
|uhtml|bestof|Game 1 of a best-of-3
|t:|1755796679
|gametype|doubles
|player|p1|chamoy-pt2|riley|1192
|player|p2|r4ka|101|1173
|gen|9
|tier|[Gen 9] VGC 2025 Reg H (Bo3)
|rated|
|rule|Species Clause: Limit one of each Pokémon
|rule|Item Clause: Limit 1 of each item
|clearpoke
|poke|p1|Incineroar, L50, M|
|poke|p1|Sylveon, L50, F|
|poke|p1|Garchomp, L50, M|
|poke|p1|Yanmega, L50, M|
|poke|p1|Sinistcha-Masterpiece, L50|
|poke|p1|Basculegion, L50, M|
|poke|p2|Rillaboom, L50, F|
|poke|p2|Dragonite, L50, F|
|poke|p2|Sneasler, L50, F|
|poke|p2|Kingambit, L50, M|
|poke|p2|Electabuzz, L50, M|
|poke|p2|Volcarona, L50, M|
|teampreview|4
|showteam|p1|Incineroar||CovertCloak|Intimidate|FakeOut,Taunt,PartingShot,FlareBlitz|||M|||50|,,,,,Water]Sylveon||ThroatSpray|Pixilate|HyperVoice,TeraBlast,CalmMind,Protect|||F|||50|,,,,,Fire]Garchomp||LifeOrb|RoughSkin|DragonClaw,StompingTantrum,Earthquake,Protect|||M|||50|,,,,,Steel]Yanmega||FocusSash|SpeedBoost|Tailwind,BugBuzz,AirSlash,Protect|||M|||50|,,,,,Ghost]Sinistcha-Masterpiece||SitrusBerry|Hospitality|MatchaGotcha,RagePowder,TrickRoom,LifeDew||||||50|,,,,,Fire]Basculegion||ChoiceScarf|Adaptability|WaveCrash,LastRespects,FlipTurn,AquaJet|||M|||50|,,,,,Water
|showteam|p2|Rillaboom||AssaultVest|GrassySurge|FakeOut,Uturn,WoodHammer,GrassyGlide|||F|||50|,,,,,Fire]Dragonite||LoadedDice|Multiscale|ExtremeSpeed,ScaleShot,Protect,Haze|||F|||50|,,,,,Fairy]Sneasler||FocusSash|PoisonTouch|DireClaw,CloseCombat,FakeOut,Coaching|||F|||50|,,,,,Stellar]Kingambit||BlackGlasses|Defiant|KowtowCleave,SuckerPunch,SwordsDance,Protect|||M|||50|,,,,,Dark]Electabuzz||Eviolite|VitalSpirit|Thunderbolt,Taunt,Protect,FollowMe|||M|||50|,,,,,Ghost]Volcarona||Leftovers|FlameBody|HeatWave,TeraBlast,QuiverDance,Protect|||M|||50|,,,,,Fairy
|
|t:|1755796747
|teamsize|p1|4
|teamsize|p2|4
|start
|switch|p1a: Sylveon|Sylveon, L50, F|100/100
|switch|p1b: Garchomp|Garchomp, L50, M|100/100
|switch|p2a: Volcarona|Volcarona, L50, M|100/100
|switch|p2b: Dragonite|Dragonite, L50, F|100/100
|turn|1
|
|t:|1755796767
|-terastallize|p1b: Garchomp|Steel
|move|p2b: Dragonite|Protect|p2b: Dragonite
|-singleturn|p2b: Dragonite|Protect
|move|p1b: Garchomp|Dragon Claw|p2b: Dragonite
|-activate|p2b: Dragonite|move: Protect
|move|p2a: Volcarona|Quiver Dance|p2a: Volcarona
|-boost|p2a: Volcarona|spa|1
|-boost|p2a: Volcarona|spd|1
|-boost|p2a: Volcarona|spe|1
|move|p1a: Sylveon|Calm Mind|p1a: Sylveon
|-boost|p1a: Sylveon|spa|1
|-boost|p1a: Sylveon|spd|1
|
|upkeep
|turn|2
|
|t:|1755796792
|switch|p1b: Incineroar|Incineroar, L50, M|100/100
|-ability|p1b: Incineroar|Intimidate|boost
|-unboost|p2a: Volcarona|atk|1
|-unboost|p2b: Dragonite|atk|1
|-terastallize|p2b: Dragonite|Fairy
|move|p2a: Volcarona|Heat Wave|p1a: Sylveon|[spread] p1a,p1b
|-resisted|p1b: Incineroar
|-damage|p1a: Sylveon|76/100
|-damage|p1b: Incineroar|79/100
|-status|p1a: Sylveon|brn
|move|p2b: Dragonite|Haze|p2b: Dragonite
|-clearallboost
|move|p1a: Sylveon|Hyper Voice|p2b: Dragonite|[spread] p2a,p2b
|-resisted|p2a: Volcarona
|-damage|p2a: Volcarona|81/100
|-damage|p2b: Dragonite|81/100
|-enditem|p1a: Sylveon|Throat Spray
|-boost|p1a: Sylveon|spa|1|[from] item: Throat Spray
|
|-heal|p2a: Volcarona|87/100|[from] item: Leftovers
|-damage|p1a: Sylveon|70/100 brn|[from] brn
|upkeep
|turn|3
|
|t:|1755796824
|switch|p2b: Rillaboom|Rillaboom, L50, F|100/100
|-fieldstart|move: Grassy Terrain|[from] ability: Grassy Surge|[of] p2b: Rillaboom
|move|p2a: Volcarona|Quiver Dance|p2a: Volcarona
|-boost|p2a: Volcarona|spa|1
|-boost|p2a: Volcarona|spd|1
|-boost|p2a: Volcarona|spe|1
|move|p1b: Incineroar|Parting Shot|p2b: Rillaboom
|-unboost|p2b: Rillaboom|atk|1
|-unboost|p2b: Rillaboom|spa|1
|
|t:|1755796835
|switch|p1b: Garchomp|Garchomp, L50, M, tera:Steel|100/100|[from] Parting Shot
|move|p1a: Sylveon|Calm Mind|p1a: Sylveon
|-boost|p1a: Sylveon|spa|1
|-boost|p1a: Sylveon|spd|1
|
|-heal|p2a: Volcarona|94/100|[from] Grassy Terrain
|-heal|p2a: Volcarona|99/100|[from] item: Leftovers
|-heal|p1a: Sylveon|76/100 brn|[from] Grassy Terrain
|-damage|p1a: Sylveon|70/100 brn|[from] brn
|upkeep
|turn|4
|inactive|Battle timer is ON: inactive players will automatically lose when time's up. (requested by chamoy-pt2)
|
|t:|1755796853
|move|p1b: Garchomp|Protect|p1b: Garchomp
|-singleturn|p1b: Garchomp|Protect
|move|p1a: Sylveon|Protect|p1a: Sylveon
|-singleturn|p1a: Sylveon|Protect
|move|p2b: Rillaboom|Fake Out|p1a: Sylveon
|-activate|p1a: Sylveon|move: Protect
|move|p2a: Volcarona|Quiver Dance|p2a: Volcarona
|-boost|p2a: Volcarona|spa|1
|-boost|p2a: Volcarona|spd|1
|-boost|p2a: Volcarona|spe|1
|
|-heal|p2a: Volcarona|100/100|[from] Grassy Terrain
|-heal|p1a: Sylveon|76/100 brn|[from] Grassy Terrain
|-damage|p1a: Sylveon|70/100 brn|[from] brn
|upkeep
|turn|5
|
|t:|1755796867
|switch|p1b: Incineroar|Incineroar, L50, M|79/100
|-ability|p1b: Incineroar|Intimidate|boost
|-unboost|p2a: Volcarona|atk|1
|-unboost|p2b: Rillaboom|atk|1
|move|p2a: Volcarona|Heat Wave|p1b: Incineroar|[spread] p1a,p1b
|-resisted|p1b: Incineroar
|-damage|p1a: Sylveon|34/100 brn
|-damage|p1b: Incineroar|51/100
|move|p2b: Rillaboom|Wood Hammer|p1a: Sylveon
|-damage|p1a: Sylveon|0 fnt
|faint|p1a: Sylveon
|-damage|p2b: Rillaboom|90/100|[from] Recoil
|
|-heal|p2b: Rillaboom|96/100|[from] Grassy Terrain
|-heal|p1b: Incineroar|57/100|[from] Grassy Terrain
|upkeep
|-message|chamoy-pt2 forfeited.
|
|win|r4ka
|l|☆chamoy-pt2
|player|p1|
||r4ka is ready for game 2.
|raw|chamoy-pt2's rating: 1192 → 1166(-26 for losing)
|raw|r4ka's rating: 1173 → 1199(+26 for winning)
