|j|☆Welosethose!
|j|☆Sr. Sotomonte
|html|Welosethose!Sr. Sotomonte    
|uhtml|bestof|Game 1 of a best-of-3
|t:|1756599762
|gametype|doubles
|player|p1|Welosethose!|hilbert|
|player|p2|Sr. Sotomonte|hiker-gen4|
|gen|9
|tier|[Gen 9] VGC 2025 Reg H (Bo3)
|rule|Species Clause: Limit one of each Pokémon
|rule|Item Clause: Limit 1 of each item
|clearpoke
|poke|p1|Politoed, L50, M|
|poke|p1|Gothitelle, L50, F|
|poke|p1|Kingdra, L50, F|
|poke|p1|Archaludon, L50, M|
|poke|p1|Amoonguss, L50, F|
|poke|p1|Incineroar, L50, F|
|poke|p2|Politoed, L50, M|
|poke|p2|Archaludon, L50, F|
|poke|p2|Kingdra, L50, M|
|poke|p2|Incineroar, L50, F|
|poke|p2|Amoonguss, L50, M|
|poke|p2|Gothitelle, L50, F|
|teampreview|4
|showteam|p1|Politoed||Leftovers|Drizzle|WeatherBall,Encore,PerishSong,Protect|||M|||50|,,,,,Grass]Gothitelle||SitrusBerry|ShadowTag|FakeOut,Psychic,TrickRoom,Protect|||F|||50|,,,,,Dark]Kingdra||LifeOrb|SwiftSwim|WeatherBall,MuddyWater,DracoMeteor,Protect|||F|||50|,,,,,Stellar]Archaludon||PowerHerb|Sturdy|ElectroShot,FlashCannon,DragonPulse,Protect|||M|||50|,,,,,Electric]Amoonguss||EjectButton|Regenerator|PollenPuff,Spore,RagePowder,Protect|||F|||50|,,,,,Fairy]Incineroar||SafetyGoggles|Intimidate|FakeOut,KnockOff,PartingShot,Protect|||F|||50|,,,,,Ghost
|showteam|p2|Politoed||Leftovers|Drizzle|Protect,WeatherBall,PerishSong,Encore|||M|||50|,,,,,Grass]Archaludon||PowerHerb|Sturdy|Protect,ElectroShot,FlashCannon,DragonPulse|||F|||50|,,,,,Electric]Kingdra||LifeOrb|SwiftSwim|Protect,DracoMeteor,WeatherBall,MuddyWater|||M|||50|,,,,,Stellar]Incineroar||SafetyGoggles|Intimidate|FakeOut,KnockOff,PartingShot,Protect|||F|||50|,,,,,Ghost]Amoonguss||EjectButton|Regenerator|Protect,RagePowder,Spore,PollenPuff|||M|||50|,,,,,Fairy]Gothitelle||SitrusBerry|ShadowTag|Protect,Psychic,FakeOut,TrickRoom|||F|||50|,,,,,Dark
|c|☆Welosethose!|glfh
|inactive|Battle timer is ON: inactive players will automatically lose when time's up. (requested by Sr. Sotomonte)
|c|☆Sr. Sotomonte|glhf
|inactive|Sr. Sotomonte has 60 seconds left.
|
|t:|1756599821
|teamsize|p1|4
|teamsize|p2|4
|start
|switch|p1a: Politoed|Politoed, L50, M|100/100
|switch|p1b: Gothitelle|Gothitelle, L50, F|100/100
|switch|p2a: Archaludon|Archaludon, L50, F|100/100
|switch|p2b: Politoed|Politoed, L50, M|100/100
|-weather|RainDance|[from] ability: Drizzle|[of] p2b: Politoed
|turn|1
|inactive|Sr. Sotomonte has 30 seconds left.
|
|t:|1756599847
|move|p1b: Gothitelle|Fake Out|p2a: Archaludon
|-resisted|p2a: Archaludon
|-damage|p2a: Archaludon|98/100
|cant|p2a: Archaludon|flinch
|move|p2b: Politoed|Encore|p1b: Gothitelle
|-start|p1b: Gothitelle|Encore
|move|p1a: Politoed|Perish Song|p1a: Politoed
|-start|p1a: Politoed|perish3|[silent]
|-start|p1b: Gothitelle|perish3|[silent]
|-start|p2a: Archaludon|perish3|[silent]
|-start|p2b: Politoed|perish3|[silent]
|-fieldactivate|move: Perish Song
|
|-weather|RainDance|[upkeep]
|-start|p2a: Archaludon|perish3
|-start|p2b: Politoed|perish3
|-start|p1a: Politoed|perish3
|-start|p1b: Gothitelle|perish3
|upkeep
|turn|2
|inactive|Welosethose! has 30 seconds left.
|inactive|Welosethose! has 20 seconds left.
|inactive|Welosethose! has 15 seconds left.
|inactive|Sr. Sotomonte has 30 seconds left.
|
|t:|1756599890
|switch|p1b: Amoonguss|Amoonguss, L50, F|100/100
|-terastallize|p1a: Politoed|Grass
|move|p2a: Archaludon|Electro Shot||[still]
|-prepare|p2a: Archaludon|Electro Shot
|-boost|p2a: Archaludon|spa|1
|-anim|p2a: Archaludon|Electro Shot|p1b: Amoonguss
|-resisted|p1b: Amoonguss
|-damage|p1b: Amoonguss|70/100
|-enditem|p1b: Amoonguss|Eject Button
|
|t:|1756599899
|switch|p1b: Gothitelle|Gothitelle, L50, F|100/100
|move|p1a: Politoed|Weather Ball|p1b: Gothitelle
|-damage|p1b: Gothitelle|61/100
|move|p2b: Politoed|Weather Ball|p1b: Gothitelle
|-damage|p1b: Gothitelle|25/100
|-enditem|p1b: Gothitelle|Sitrus Berry|[eat]
|-heal|p1b: Gothitelle|50/100|[from] item: Sitrus Berry
|
|-weather|RainDance|[upkeep]
|-start|p2a: Archaludon|perish2
|-start|p2b: Politoed|perish2
|-start|p1a: Politoed|perish2
|upkeep
|turn|3
|inactive|Sr. Sotomonte has 30 seconds left.
|inactive|Sr. Sotomonte has 20 seconds left.
|
|t:|1756599935
|move|p1a: Politoed|Protect|p1a: Politoed
|-singleturn|p1a: Politoed|Protect
|move|p1b: Gothitelle|Protect|p1b: Gothitelle
|-singleturn|p1b: Gothitelle|Protect
|move|p2a: Archaludon|Electro Shot||[still]
|-prepare|p2a: Archaludon|Electro Shot
|-boost|p2a: Archaludon|spa|1
|-anim|p2a: Archaludon|Electro Shot|p1b: Gothitelle
|-activate|p1b: Gothitelle|move: Protect
|move|p2b: Politoed|Weather Ball|p1b: Gothitelle
|-activate|p1b: Gothitelle|move: Protect
|
|-weather|RainDance|[upkeep]
|-start|p2a: Archaludon|perish1
|-start|p2b: Politoed|perish1
|-start|p1a: Politoed|perish1
|upkeep
|turn|4
|inactive|Sr. Sotomonte has 30 seconds left.
|
|t:|1756599969
|switch|p1a: Amoonguss|Amoonguss, L50, F|100/100
|move|p2a: Archaludon|Dragon Pulse|p1a: Amoonguss
|-damage|p1a: Amoonguss|19/100
|move|p2b: Politoed|Weather Ball|p1b: Gothitelle
|-damage|p1b: Gothitelle|12/100
|move|p1b: Gothitelle|Psychic|p2b: Politoed
|-damage|p2b: Politoed|79/100
|
|-weather|RainDance|[upkeep]
|-heal|p2b: Politoed|85/100|[from] item: Leftovers
|-start|p2a: Archaludon|perish0
|-start|p2b: Politoed|perish0
|upkeep
|faint|p2a: Archaludon
|faint|p2b: Politoed
|
|t:|1756599982
|switch|p2a: Kingdra|Kingdra, L50, M|100/100
|switch|p2b: Incineroar|Incineroar, L50, F|100/100
|-ability|p2b: Incineroar|Intimidate|boost
|-unboost|p1a: Amoonguss|atk|1
|-unboost|p1b: Gothitelle|atk|1
|turn|5
|
|t:|1756600003
|switch|p1a: Incineroar|Incineroar, L50, F|100/100
|-ability|p1a: Incineroar|Intimidate|boost
|-unboost|p2a: Kingdra|atk|1
|-unboost|p2b: Incineroar|atk|1
|move|p2b: Incineroar|Fake Out|p1a: Incineroar
|-damage|p1a: Incineroar|94/100
|move|p2a: Kingdra|Muddy Water|p1b: Gothitelle|[spread] p1a,p1b
|-supereffective|p1a: Incineroar
|-damage|p1a: Incineroar|19/100
|-damage|p1b: Gothitelle|0 fnt
|faint|p1b: Gothitelle
|-damage|p2a: Kingdra|91/100|[from] item: Life Orb
|
|-weather|none
|upkeep
|
|t:|1756600016
|switch|p1b: Politoed|Politoed, L50, M, tera:Grass|100/100
|-weather|RainDance|[from] ability: Drizzle|[of] p1b: Politoed
|turn|6
|
|t:|1756600039
|-terastallize|p2a: Kingdra|Stellar
|move|p1a: Incineroar|Fake Out|p2a: Kingdra
|-damage|p2a: Kingdra|78/100
|cant|p2a: Kingdra|flinch
|move|p1b: Politoed|Perish Song|p1b: Politoed
|-start|p1a: Incineroar|perish3|[silent]
|-start|p1b: Politoed|perish3|[silent]
|-start|p2a: Kingdra|perish3|[silent]
|-start|p2b: Incineroar|perish3|[silent]
|-fieldactivate|move: Perish Song
|move|p2b: Incineroar|Knock Off|p1b: Politoed
|-damage|p1b: Politoed|72/100
|-enditem|p1b: Politoed|Leftovers|[from] move: Knock Off|[of] p2b: Incineroar
|
|-weather|RainDance|[upkeep]
|-start|p2a: Kingdra|perish3
|-start|p1b: Politoed|perish3
|-start|p1a: Incineroar|perish3
|-start|p2b: Incineroar|perish3
|upkeep
|turn|7
|
|t:|1756600062
|move|p1b: Politoed|Protect|p1b: Politoed
|-singleturn|p1b: Politoed|Protect
|move|p1a: Incineroar|Protect|p1a: Incineroar
|-singleturn|p1a: Incineroar|Protect
|move|p2a: Kingdra|Muddy Water|p1a: Incineroar|[spread] 
|-activate|p1a: Incineroar|move: Protect
|-activate|p1b: Politoed|move: Protect
|move|p2b: Incineroar|Knock Off|p1b: Politoed
|-activate|p1b: Politoed|move: Protect
|
|-weather|RainDance|[upkeep]
|-start|p2a: Kingdra|perish2
|-start|p1b: Politoed|perish2
|-start|p2b: Incineroar|perish2
|-start|p1a: Incineroar|perish2
|upkeep
|turn|8
|
|t:|1756600074
|move|p2a: Kingdra|Draco Meteor|p1b: Politoed
|-damage|p1b: Politoed|0 fnt
|-unboost|p2a: Kingdra|spa|2
|faint|p1b: Politoed
|-damage|p2a: Kingdra|68/100|[from] item: Life Orb
|move|p2b: Incineroar|Knock Off|p1a: Incineroar
|-resisted|p1a: Incineroar
|-damage|p1a: Incineroar|7/100
|-enditem|p1a: Incineroar|Safety Goggles|[from] move: Knock Off|[of] p2b: Incineroar
|move|p1a: Incineroar|Knock Off|p2a: Kingdra
|-damage|p2a: Kingdra|22/100
|-enditem|p2a: Kingdra|Life Orb|[from] move: Knock Off|[of] p1a: Incineroar
|
|-weather|RainDance|[upkeep]
|-start|p2a: Kingdra|perish1
|-start|p2b: Incineroar|perish1
|-start|p1a: Incineroar|perish1
|upkeep
|
|t:|1756600077
|switch|p1b: Amoonguss|Amoonguss, L50, F|52/100
|turn|9
|
|t:|1756600089
|move|p1a: Incineroar|Protect|p1a: Incineroar
|-singleturn|p1a: Incineroar|Protect
|move|p1b: Amoonguss|Protect|p1b: Amoonguss
|-singleturn|p1b: Amoonguss|Protect
|move|p2a: Kingdra|Draco Meteor|p1b: Amoonguss
|-activate|p1b: Amoonguss|move: Protect
|move|p2b: Incineroar|Knock Off|p1a: Incineroar
|-activate|p1a: Incineroar|move: Protect
|
|-weather|RainDance|[upkeep]
|-start|p2a: Kingdra|perish0
|-start|p1a: Incineroar|perish0
|-start|p2b: Incineroar|perish0
|faint|p2a: Kingdra
|faint|p1a: Incineroar
|faint|p2b: Incineroar
|
|win|Welosethose!
||Sr. Sotomonte is ready for game 2.
|inactive|Welosethose! has 30 seconds to confirm battle start!
||Welosethose! is ready for game 2.
|uhtml|next|Next: Game 2 of 3
