|j|☆reuman
|j|☆new mental
|html|reumannew mental    
|uhtml|bestof|Game 2 of a best-of-3
|t:|1784882322
|gametype|doubles
|player|p1|reuman|lucas|1130
|player|p2|new mental|volkner|1293
|gen|9
|tier|[Gen 9 Champions] VGC 2026 Reg M-B (Bo3)
|rated|
|rule|Species Clause: Limit one of each Pokémon
|rule|Item Clause: Limit 1 of each item
|clearpoke
|poke|p1|Incineroar, L50, M|
|poke|p1|Gengar, L50, F, shiny|
|poke|p1|Milotic, L50, F|
|poke|p1|Whimsicott, L50, M|
|poke|p1|Metagross, L50, shiny|
|poke|p1|Rotom-Mow, L50|
|poke|p2|Charizard, L50, M|
|poke|p2|Garchomp, L50, M|
|poke|p2|Incineroar, L50, F|
|poke|p2|Venusaur, L50, M|
|poke|p2|Toxapex, L50, M|
|poke|p2|Sylveon, L50, M|
|teampreview|4
|showteam|p1|Incineroar||SitrusBerry|Intimidate|ThroatChop,FlareBlitz,FakeOut,CloseCombat|Careful||M|||50|]Gengar||Gengarite|CursedBody|ShadowBall,SludgeBomb,WillOWisp,Protect|Timid||F|||50|]Milotic||Leftovers|Competitive|AlluringVoice,MuddyWater,IcyWind,Protect|Calm||F|||50|]Whimsicott||FocusSash|Prankster|Tailwind,Encore,Protect,Moonblast|Bold||M|||50|]Metagross||Metagrossite|ClearBody|BodyPress,BulletPunch,Protect,PsychicFangs|Adamant|||||50|]Rotom-Mow||BrightPowder|Levitate|WillOWisp,Protect,LeafStorm,VoltSwitch|Calm|||||50|
|showteam|p2|Charizard||CharizarditeY|SolarPower|WeatherBall,HeatWave,AncientPower,Protect|Modest||M|||50|]Garchomp||ChoiceScarf|RoughSkin|RockSlide,DragonClaw,Earthquake,StompingTantrum|Adamant||M|||50|]Incineroar||SitrusBerry|Intimidate|FlareBlitz,FakeOut,DarkestLariat,PartingShot|Impish||F|||50|]Venusaur||LifeOrb|Chlorophyll|SludgeBomb,LeafStorm,EarthPower,Protect|Modest||M|||50|]Toxapex||Leftovers|Regenerator|Infestation,Toxic,WideGuard,BanefulBunker|Bold||M|||50|]Sylveon||FairyFeather|Pixilate|HyperVoice,QuickAttack,Yawn,Detect|Modest||M|||50|
|inactive|Battle timer is ON: inactive players will automatically lose when time's up. (requested by reuman)
|
|t:|1784882348
|teamsize|p1|4
|teamsize|p2|4
|start
|switch|p1a: Incineroar|Incineroar, L50, M|100/100
|switch|p1b: Milotic|Milotic, L50, F|100/100
|switch|p2a: Charizard|Charizard, L50, M|100/100
|switch|p2b: Venusaur|Venusaur, L50, M|100/100
|-ability|p1a: Incineroar|Intimidate|boost
|-unboost|p2a: Charizard|atk|1
|-unboost|p2b: Venusaur|atk|1
|turn|1
|
|t:|1784882361
|detailschange|p2a: Charizard|Charizard-Mega-Y, L50, M
|-mega|p2a: Charizard|Charizard|Charizardite Y
|-weather|SunnyDay|[from] ability: Drought|[of] p2a: Charizard
|move|p2b: Venusaur|Protect|p2b: Venusaur
|-singleturn|p2b: Venusaur|Protect
|move|p1a: Incineroar|Fake Out|p2b: Venusaur
|-activate|p2b: Venusaur|move: Protect
|move|p2a: Charizard|Heat Wave|p1a: Incineroar|[spread] p1a,p1b
|-resisted|p1a: Incineroar|1
|-resisted|p1b: Milotic|1
|-damage|p1a: Incineroar|79/100
|-damage|p1b: Milotic|82/100
|move|p1b: Milotic|Icy Wind|p2b: Venusaur|[spread] p2a
|-activate|p2b: Venusaur|move: Protect
|-damage|p2a: Charizard|90/100
|-unboost|p2a: Charizard|spe|1
|
|-weather|SunnyDay|[upkeep]
|-heal|p1b: Milotic|88/100|[from] item: Leftovers
|upkeep
|turn|2
|
|t:|1784882374
|move|p1b: Milotic|Protect|p1b: Milotic
|-singleturn|p1b: Milotic|Protect
|move|p2b: Venusaur|Earth Power|p1a: Incineroar
|-supereffective|p1a: Incineroar|1
|-damage|p1a: Incineroar|27/100
|-enditem|p1a: Incineroar|Sitrus Berry|[eat]
|-heal|p1a: Incineroar|52/100|[from] item: Sitrus Berry
|-damage|p2b: Venusaur|90/100|[from] item: Life Orb
|move|p2a: Charizard|Ancient Power|p1a: Incineroar
|-supereffective|p1a: Incineroar|1
|-damage|p1a: Incineroar|19/100
|move|p1a: Incineroar|Flare Blitz|p2b: Venusaur
|-supereffective|p2b: Venusaur|1
|-damage|p2b: Venusaur|0 fnt
|faint|p2b: Venusaur
|-damage|p1a: Incineroar|0 fnt|[from] Recoil
|faint|p1a: Incineroar
|
|-weather|SunnyDay|[upkeep]
|-heal|p1b: Milotic|94/100|[from] item: Leftovers
|upkeep
|
|t:|1784882391
|switch|p2b: Garchomp|Garchomp, L50, M|100/100
|switch|p1a: Rotom|Rotom-Mow, L50|100/100
|turn|3
|
|t:|1784882399
|move|p1a: Rotom|Protect|p1a: Rotom
|-singleturn|p1a: Rotom|Protect
|move|p2b: Garchomp|Rock Slide|p1a: Rotom|[spread] p1b
|-activate|p1a: Rotom|move: Protect
|-damage|p1b: Milotic|72/100
|cant|p1b: Milotic|flinch
|move|p2a: Charizard|Heat Wave|p1a: Rotom|[spread] p1b
|-activate|p1a: Rotom|move: Protect
|-resisted|p1b: Milotic|1
|-damage|p1b: Milotic|53/100
|
|-weather|SunnyDay|[upkeep]
|-heal|p1b: Milotic|59/100|[from] item: Leftovers
|upkeep
|turn|4
|
|t:|1784882415
|move|p2b: Garchomp|Rock Slide|p1a: Rotom|[spread] p1a,p1b
|-crit|p1a: Rotom
|-damage|p1a: Rotom|67/100
|-damage|p1b: Milotic|38/100
|move|p1a: Rotom|Will-O-Wisp|p2b: Garchomp
|-status|p2b: Garchomp|brn
|move|p1b: Milotic|Icy Wind|p2a: Charizard|[spread] p2a,p2b
|-supereffective|p2b: Garchomp|2
|-damage|p2a: Charizard|80/100
|-damage|p2b: Garchomp|51/100 brn
|-unboost|p2a: Charizard|spe|1
|-unboost|p2b: Garchomp|spe|1
|move|p2a: Charizard|Heat Wave|p1a: Rotom|[spread] p1a,p1b
|-supereffective|p1a: Rotom|1
|-resisted|p1b: Milotic|1
|-damage|p1a: Rotom|0 fnt
|-damage|p1b: Milotic|20/100y
|faint|p1a: Rotom
|
|-weather|SunnyDay|[upkeep]
|-heal|p1b: Milotic|26/100|[from] item: Leftovers
|-damage|p2b: Garchomp|45/100 brn|[from] brn
|upkeep
|
|t:|1784882429
|switch|p1a: Metagross|Metagross, L50, shiny|100/100
|turn|5
|
|t:|1784882437
|detailschange|p1a: Metagross|Metagross-Mega, L50, shiny
|-mega|p1a: Metagross|Metagross|Metagrossite
|move|p1a: Metagross|Protect|p1a: Metagross
|-singleturn|p1a: Metagross|Protect
|move|p2b: Garchomp|Rock Slide|p1a: Metagross|[spread] 
|-activate|p1a: Metagross|move: Protect
|-miss|p2b: Garchomp|p1b: Milotic
|move|p1b: Milotic|Icy Wind|p2a: Charizard|[spread] p2a,p2b
|-supereffective|p2b: Garchomp|2
|-damage|p2a: Charizard|71/100
|-damage|p2b: Garchomp|0 fnt
|-unboost|p2a: Charizard|spe|1
|faint|p2b: Garchomp
|move|p2a: Charizard|Heat Wave|p1b: Milotic|[spread] p1b
|-activate|p1a: Metagross|move: Protect
|-resisted|p1b: Milotic|1
|-damage|p1b: Milotic|8/100
|
|-weather|none
|-heal|p1b: Milotic|14/100|[from] item: Leftovers
|upkeep
|
|t:|1784882440
|switch|p2b: Incineroar|Incineroar, L50, F|100/100
|-ability|p2b: Incineroar|Intimidate|boost
|-unboost|p1a: Metagross|atk|1
|-unboost|p1b: Milotic|atk|1
|-ability|p1b: Milotic|Competitive|boost
|-boost|p1b: Milotic|spa|2
|turn|6
|inactive|reuman has 30 seconds left.
|
|t:|1784882465
|move|p1b: Milotic|Protect|p1b: Milotic
|-singleturn|p1b: Milotic|Protect
|move|p2b: Incineroar|Fake Out|p1b: Milotic
|-activate|p1b: Milotic|move: Protect
|move|p1a: Metagross|Psychic Fangs|p2a: Charizard
|-damage|p2a: Charizard|32/100
|move|p2a: Charizard|Heat Wave|p1a: Metagross|[spread] p1a
|-activate|p1b: Milotic|move: Protect
|-supereffective|p1a: Metagross|1
|-damage|p1a: Metagross|25/100
|
|-heal|p1b: Milotic|20/100y|[from] item: Leftovers
|upkeep
|turn|7
|
|t:|1784882479
|move|p1a: Metagross|Body Press|p2b: Incineroar
|-supereffective|p2b: Incineroar|1
|-damage|p2b: Incineroar|45/100
|-enditem|p2b: Incineroar|Sitrus Berry|[eat]
|-heal|p2b: Incineroar|70/100|[from] item: Sitrus Berry
|move|p1b: Milotic|Muddy Water|p2a: Charizard|[spread] p2a,p2b
|-supereffective|p2a: Charizard|1
|-supereffective|p2b: Incineroar|1
|-damage|p2a: Charizard|0 fnt
|-damage|p2b: Incineroar|0 fnt
|faint|p2a: Charizard
|faint|p2b: Incineroar
|
|win|reuman
