|j|☆AbadanRiyi92
|j|☆FatherPenguin
|html|AbadanRiyi92FatherPenguin    
|uhtml|bestof|Game 1 of a best-of-3
|t:|1785438521
|gametype|doubles
|player|p1|AbadanRiyi92|colress|1170
|player|p2|FatherPenguin|acetrainersnow|1212
|gen|9
|tier|[Gen 9 Champions] VGC 2026 Reg M-B (Bo3)
|rated|
|rule|Species Clause: Limit one of each Pokémon
|rule|Item Clause: Limit 1 of each item
|clearpoke
|poke|p1|Gengar, L50, F, shiny|
|poke|p1|Maushold-Four, L50|
|poke|p1|Annihilape, L50, M|
|poke|p1|Incineroar, L50, M|
|poke|p1|Politoed, L50, F, shiny|
|poke|p1|Archaludon, L50, F|
|poke|p2|Staraptor, L50, M|
|poke|p2|Glimmora, L50, M|
|poke|p2|Whimsicott, L50, M|
|poke|p2|Kingambit, L50, F|
|poke|p2|Garchomp, L50, F|
|poke|p2|Delphox, L50, M|
|teampreview|4
|showteam|p1|Gengar||Gengarite|CursedBody|ShadowBall,Disable,PerishSong,Protect|Timid||F|||50|]Maushold-Four||FocusSash|FriendGuard|FollowMe,Encore,BeatUp,Protect|Jolly|||||50|]Annihilape||RoseliBerry|Defiant|RageFist,CloseCombat,Encore,Protect|Jolly||M|||50|]Incineroar||PasshoBerry|Intimidate|PartingShot,ThroatChop,Protect,FakeOut|Sassy||M|||50|]Politoed||SitrusBerry|Drizzle|WeatherBall,Encore,PerishSong,Protect|Calm||F|||50|]Archaludon||Leftovers|Stamina|DragonPulse,FlashCannon,ElectroShot,Protect|Bold||F|||50|
|showteam|p2|Staraptor||Staraptite|Intimidate|CloseCombat,BraveBird,Roost,Protect|Jolly||M|||50|]Glimmora||FocusSash|ToxicDebris|PowerGem,SludgeBomb,EarthPower,SpikyShield|Modest||M|||50|]Whimsicott||OccaBerry|Prankster|Tailwind,Moonblast,Charm,LightScreen|Timid||M|||50|]Kingambit||ChopleBerry|Defiant|KowtowCleave,IronHead,LowKick,SuckerPunch|Adamant||F|||50|]Garchomp||LifeOrb|RoughSkin|Earthquake,DragonClaw,RockSlide,Protect|Jolly||F|||50|]Delphox||Delphoxite|Blaze|HeatWave,Psychic,Substitute,Protect|Timid||M|||50|
|inactive|Battle timer is ON: inactive players will automatically lose when time's up. (requested by FatherPenguin)
|inactive|AbadanRiyi92 has 60 seconds left.
|inactive|FatherPenguin has 60 seconds left.
|inactive|FatherPenguin has 30 seconds left.
|inactive|FatherPenguin has 20 seconds left.
|inactive|FatherPenguin has 15 seconds left.
|inactive|FatherPenguin has 10 seconds left.
|
|t:|1785438610
|teamsize|p1|4
|teamsize|p2|4
|start
|switch|p1a: Gengar|Gengar, L50, F, shiny|100/100
|switch|p1b: Maushold|Maushold-Four, L50|100/100
|switch|p2a: Whimsicott|Whimsicott, L50, M|100/100
|switch|p2b: Glimmora|Glimmora, L50, M|100/100
|turn|1
|inactive|FatherPenguin has 30 seconds left.
|inactive|FatherPenguin has 20 seconds left.
|
|t:|1785438650
|detailschange|p1a: Gengar|Gengar-Mega, L50, F, shiny
|-mega|p1a: Gengar|Gengar|Gengarite
|move|p1b: Maushold|Follow Me|p1b: Maushold
|-singleturn|p1b: Maushold|move: Follow Me
|move|p1a: Gengar|Perish Song|p1a: Gengar
|-start|p1a: Gengar|perish3|[silent]
|-start|p1b: Maushold|perish3|[silent]
|-start|p2a: Whimsicott|perish3|[silent]
|-start|p2b: Glimmora|perish3|[silent]
|-fieldactivate|move: Perish Song
|move|p2a: Whimsicott|Moonblast|p1b: Maushold
|-damage|p1b: Maushold|68/100
|move|p2b: Glimmora|Earth Power|p1b: Maushold
|-damage|p1b: Maushold|24/100
|
|-start|p1b: Maushold|perish3
|-start|p1a: Gengar|perish3
|-start|p2a: Whimsicott|perish3
|-start|p2b: Glimmora|perish3
|upkeep
|turn|2
|inactive|FatherPenguin has 30 seconds left.
|
|t:|1785438678
|move|p1b: Maushold|Encore|p2a: Whimsicott
|-start|p2a: Whimsicott|Encore
|move|p1a: Gengar|Disable|p2b: Glimmora
|-start|p2b: Glimmora|Disable|Earth Power
|move|p2a: Whimsicott|Moonblast|p1b: Maushold
|-crit|p1b: Maushold
|-damage|p1b: Maushold|0 fnt
|faint|p1b: Maushold
|cant|p2b: Glimmora|Disable|Earth Power
|
|-start|p1a: Gengar|perish2
|-start|p2a: Whimsicott|perish2
|-start|p2b: Glimmora|perish2
|upkeep
|inactive|AbadanRiyi92 has 30 seconds left.
|
|t:|1785438707
|switch|p1b: Politoed|Politoed, L50, F, shiny|100/100
|-weather|RainDance|[from] ability: Drizzle|[of] p1b: Politoed
|turn|3
|inactive|FatherPenguin has 30 seconds left.
|
|t:|1785438739
|move|p1b: Politoed|Protect|p1b: Politoed
|-singleturn|p1b: Politoed|Protect
|move|p1a: Gengar|Disable|p2a: Whimsicott
|-start|p2a: Whimsicott|Disable|Moonblast
|cant|p2a: Whimsicott|Disable|Moonblast
|move|p2b: Glimmora|Sludge Bomb|p1b: Politoed
|-activate|p1b: Politoed|move: Protect
|
|-weather|RainDance|[upkeep]
|-start|p1a: Gengar|perish1
|-start|p2a: Whimsicott|perish1
|-start|p2b: Glimmora|perish1
|upkeep
|turn|4
|inactive|AbadanRiyi92 has 30 seconds left.
|inactive|FatherPenguin has 30 seconds left.
|inactive|FatherPenguin has 20 seconds left.
|inactive|FatherPenguin has 15 seconds left.
|
|t:|1785438780
|switch|p1a: Archaludon|Archaludon, L50, F|100/100
|move|p1b: Politoed|Protect|p1b: Politoed
|-singleturn|p1b: Politoed|Protect
|-activate|p2a: Whimsicott|move: Struggle
|move|p2a: Whimsicott|Struggle|p1a: Archaludon
|-damage|p1a: Archaludon|94/100
|-ability|p1a: Archaludon|Stamina|boost
|-boost|p1a: Archaludon|def|1
|-damage|p2a: Whimsicott|74/100|[from] recoil
|move|p2b: Glimmora|Sludge Bomb|p1b: Politoed
|-activate|p1b: Politoed|move: Protect
|
|-weather|RainDance|[upkeep]
|-heal|p1a: Archaludon|100/100|[from] item: Leftovers
|-end|p2a: Whimsicott|Encore
|-start|p2a: Whimsicott|perish0
|-start|p2b: Glimmora|perish0
|faint|p2a: Whimsicott
|faint|p2b: Glimmora
|upkeep
|
|t:|1785438797
|switch|p2a: Garchomp|Garchomp, L50, F|100/100
|switch|p2b: Staraptor|Staraptor, L50, M|100/100
|-ability|p2b: Staraptor|Intimidate|boost
|-unboost|p1a: Archaludon|atk|1
|-unboost|p1b: Politoed|atk|1
|turn|5
|inactive|AbadanRiyi92 has 30 seconds left.
|inactive|FatherPenguin has 30 seconds left.
|
|t:|1785438827
|detailschange|p2b: Staraptor|Staraptor-Mega, L50, M
|-mega|p2b: Staraptor|Staraptor|Staraptite
|move|p2b: Staraptor|Close Combat|p1a: Archaludon
|-supereffective|p1a: Archaludon|1
|-damage|p1a: Archaludon|50/100g
|-boost|p2b: Staraptor|def|1
|-boost|p2b: Staraptor|spd|1
|-ability|p1a: Archaludon|Stamina|boost
|-boost|p1a: Archaludon|def|1
|move|p2a: Garchomp|Earthquake|p1a: Archaludon|[spread] p1a,p1b
|-immune|p2b: Staraptor
|-supereffective|p1a: Archaludon|1
|-crit|p1b: Politoed
|-damage|p1a: Archaludon|17/100
|-damage|p1b: Politoed|33/100
|-ability|p1a: Archaludon|Stamina|boost
|-boost|p1a: Archaludon|def|1
|-enditem|p1b: Politoed|Sitrus Berry|[eat]
|-heal|p1b: Politoed|58/100|[from] item: Sitrus Berry
|-damage|p2a: Garchomp|90/100|[from] item: Life Orb
|move|p1a: Archaludon|Dragon Pulse|p2a: Garchomp
|-supereffective|p2a: Garchomp|1
|-damage|p2a: Garchomp|5/100
|move|p1b: Politoed|Encore|p2b: Staraptor
|-start|p2b: Staraptor|Encore
|
|-weather|RainDance|[upkeep]
|-heal|p1a: Archaludon|23/100|[from] item: Leftovers
|upkeep
|turn|6
|inactive|AbadanRiyi92 has 30 seconds left.
|inactive|FatherPenguin has 30 seconds left.
|inactive|AbadanRiyi92 has 20 seconds left.
|inactive|FatherPenguin has 20 seconds left.
|inactive|FatherPenguin has 15 seconds left.
|inactive|FatherPenguin has 10 seconds left.
|
|t:|1785438873
|move|p1a: Archaludon|Protect|p1a: Archaludon
|-singleturn|p1a: Archaludon|Protect
|move|p2b: Staraptor|Close Combat|p1b: Politoed
|-damage|p1b: Politoed|6/100
|-boost|p2b: Staraptor|def|1
|-boost|p2b: Staraptor|spd|1
|move|p2a: Garchomp|Earthquake|p1a: Archaludon|[spread] p1b
|-activate|p1a: Archaludon|move: Protect
|-immune|p2b: Staraptor
|-damage|p1b: Politoed|0 fnt
|faint|p1b: Politoed
|-damage|p2a: Garchomp|0 fnt|[from] item: Life Orb
|faint|p2a: Garchomp
|
|-weather|RainDance|[upkeep]
|-heal|p1a: Archaludon|29/100|[from] item: Leftovers
|upkeep
|
|t:|1785438889
|switch|p1b: Gengar|Gengar-Mega, L50, F, shiny|100/100
|turn|7
|
|t:|1785438897
|move|p2b: Staraptor|Close Combat|p1a: Archaludon
|-supereffective|p1a: Archaludon|1
|-crit|p1a: Archaludon
|-damage|p1a: Archaludon|0 fnt
|-boost|p2b: Staraptor|def|1
|-boost|p2b: Staraptor|spd|1
|faint|p1a: Archaludon
|move|p1b: Gengar|Disable|p2b: Staraptor
|-start|p2b: Staraptor|Disable|Close Combat
|
|-weather|none
|upkeep
|turn|8
|
|t:|1785438909
|-activate|p2b: Staraptor|move: Struggle
|move|p2b: Staraptor|Struggle|p1b: Gengar
|-damage|p1b: Gengar|82/100
|-damage|p2b: Staraptor|74/100|[from] recoil
|move|p1b: Gengar|Shadow Ball|p2b: Staraptor
|-damage|p2b: Staraptor|56/100
|-boost|p2b: Staraptor|spd|1
|
|-end|p2b: Staraptor|Encore
|upkeep
|turn|9
|
|t:|1785438925
|move|p2b: Staraptor|Brave Bird|p1b: Gengar
|-damage|p1b: Gengar|16/100
|-damage|p2b: Staraptor|37/100|[from] Recoil
|move|p1b: Gengar|Shadow Ball|p2b: Staraptor
|-damage|p2b: Staraptor|22/100
|
|upkeep
|turn|10
|
|t:|1785438936
|move|p1b: Gengar|Protect|p1b: Gengar
|-singleturn|p1b: Gengar|Protect
|move|p2b: Staraptor|Brave Bird|p1b: Gengar
|-activate|p1b: Gengar|move: Protect
|
|upkeep
|turn|11
|
|t:|1785438945
|move|p2b: Staraptor|Brave Bird|p1b: Gengar
|-crit|p1b: Gengar
|-damage|p1b: Gengar|0 fnt
|faint|p1b: Gengar
|-damage|p2b: Staraptor|17/100|[from] Recoil
|
|win|FatherPenguin
