|j|☆dapmagikarp
|j|☆ILoveMIR
|html|dapmagikarpILoveMIR    
|uhtml|bestof|Game 2 of a best-of-3
|t:|1783636315
|gametype|doubles
|player|p1|dapmagikarp|sada-ai|1404
|player|p2|ILoveMIR|shauntal|1464
|gen|9
|tier|[Gen 9 Champions] VGC 2026 Reg M-B (Bo3)
|rated|
|rule|Species Clause: Limit one of each Pokémon
|rule|Item Clause: Limit 1 of each item
|clearpoke
|poke|p1|Floette-Eternal, L50, F|
|poke|p1|Charizard, L50, F, shiny|
|poke|p1|Kingambit, L50, M|
|poke|p1|Whimsicott, L50, M, shiny|
|poke|p1|Basculegion, L50, M|
|poke|p1|Garchomp, L50, M, shiny|
|poke|p2|Blaziken, L50, F|
|poke|p2|Ninetales-Alola, L50, M|
|poke|p2|Tsareena, L50, F|
|poke|p2|Milotic, L50, M|
|poke|p2|Talonflame, L50, F|
|poke|p2|Glimmora, L50, F|
|teampreview|4
|showteam|p1|Floette-Eternal||Floettite|FlowerVeil|Protect,LightofRuin,Moonblast,DazzlingGleam|Timid||F|||50|]Charizard||CharizarditeY|Blaze|SolarBeam,HeatWave,WeatherBall,Protect|Modest||F|||50|]Kingambit||BlackGlasses|Defiant|LowKick,Protect,KowtowCleave,SuckerPunch|Adamant||M|||50|]Whimsicott||FocusSash|Prankster|Moonblast,Tailwind,Encore,Protect|Timid||M|||50|]Basculegion||MysticWater|Adaptability|WaveCrash,Protect,LastRespects,AquaJet|Adamant||M|||50|]Garchomp||LifeOrb|RoughSkin|Earthquake,RockSlide,Protect,DragonClaw|Jolly||M|||50|
|showteam|p2|Blaziken||Blazikenite|SpeedBoost|FlareBlitz,CloseCombat,RockSlide,Detect|Adamant||F|||50|]Ninetales-Alola||NeverMeltIce|SnowWarning|Blizzard,FreezeDry,Encore,Protect|Timid||M|||50|]Tsareena||WideLens|QueenlyMajesty|PowerWhip,TripleAxel,LowKick,Protect|Adamant||F|||50|]Milotic||ExpertBelt|Competitive|Scald,IceBeam,Recover,Protect|Modest||M|||50|]Talonflame|||GaleWings|Acrobatics,WillOWisp,Tailwind,Protect|Jolly||F|||50|]Glimmora||FocusSash|ToxicDebris|SludgeBomb,PowerGem,EarthPower,SpikyShield|Modest||F|||50|
|inactive|Battle timer is ON: inactive players will automatically lose when time's up. (requested by dapmagikarp)
|inactive|ILoveMIR also wants the timer to be on.
|inactive|ILoveMIR has 60 seconds left.
|inactive|ILoveMIR has 30 seconds left.
|inactive|ILoveMIR has 20 seconds left.
|inactive|ILoveMIR has 15 seconds left.
|
|t:|1783636392
|teamsize|p1|4
|teamsize|p2|4
|start
|switch|p1a: Whimsicott|Whimsicott, L50, M, shiny|100/100
|switch|p1b: Charizard|Charizard, L50, F, shiny|100/100
|switch|p2a: Tsareena|Tsareena, L50, F|100/100
|switch|p2b: Talonflame|Talonflame, L50, F|100/100
|turn|1
|
|t:|1783636415
|switch|p2a: Glimmora|Glimmora, L50, F|100/100
|detailschange|p1b: Charizard|Charizard-Mega-Y, L50, F, shiny
|-mega|p1b: Charizard|Charizard|Charizardite Y
|-weather|SunnyDay|[from] ability: Drought|[of] p1b: Charizard
|move|p2b: Talonflame|Tailwind|p2b: Talonflame
|-sidestart|p2: ILoveMIR|move: Tailwind
|move|p1a: Whimsicott|Moonblast|p2b: Talonflame
|-resisted|p2b: Talonflame|1
|-damage|p2b: Talonflame|71/100
|move|p1b: Charizard|Weather Ball|p2b: Talonflame
|-resisted|p2b: Talonflame|1
|-damage|p2b: Talonflame|5/100
|
|-weather|SunnyDay|[upkeep]
|upkeep
|turn|2
|
|t:|1783636438
|switch|p1b: Garchomp|Garchomp, L50, M, shiny|100/100
|move|p1a: Whimsicott|Encore|p2b: Talonflame
|-start|p2b: Talonflame|Encore
|move|p2b: Talonflame|Tailwind||[still]
|-fail|p2b: Talonflame
|move|p2a: Glimmora|Power Gem|p1b: Garchomp
|-resisted|p1b: Garchomp|1
|-damage|p1b: Garchomp|76/100
|
|-weather|SunnyDay|[upkeep]
|upkeep
|turn|3
|inactive|ILoveMIR has 30 seconds left.
|inactive|ILoveMIR has 20 seconds left.
|inactive|ILoveMIR has 15 seconds left.
|inactive|ILoveMIR has 10 seconds left.
|
|t:|1783636486
|switch|p2b: Tsareena|Tsareena, L50, F|100/100
|move|p2a: Glimmora|Spiky Shield|p2a: Glimmora
|-singleturn|p2a: Glimmora|move: Protect
|move|p1a: Whimsicott|Moonblast|p2a: Glimmora
|-activate|p2a: Glimmora|move: Protect
|move|p1b: Garchomp|Rock Slide|p2b: Tsareena|[spread] p2b
|-activate|p2a: Glimmora|move: Protect
|-damage|p2b: Tsareena|72/100
|-damage|p1b: Garchomp|66/100|[from] item: Life Orb
|
|-weather|SunnyDay|[upkeep]
|upkeep
|turn|4
|inactive|dapmagikarp has 30 seconds left.
|
|t:|1783636517
|move|p1a: Whimsicott|Protect|p1a: Whimsicott
|-singleturn|p1a: Whimsicott|Protect
|move|p1b: Garchomp|Protect|p1b: Garchomp
|-singleturn|p1b: Garchomp|Protect
|move|p2a: Glimmora|Sludge Bomb|p1a: Whimsicott
|-activate|p1a: Whimsicott|move: Protect
|move|p2b: Tsareena|Triple Axel|p1b: Garchomp
|-activate|p1b: Garchomp|move: Protect
|
|-weather|SunnyDay|[upkeep]
|-sideend|p2: ILoveMIR|move: Tailwind
|upkeep
|turn|5
|inactive|ILoveMIR has 30 seconds left.
|
|t:|1783636549
|move|p1a: Whimsicott|Moonblast|p2b: Tsareena
|-damage|p2b: Tsareena|29/100
|move|p1b: Garchomp|Dragon Claw|p2b: Tsareena
|-damage|p2b: Tsareena|0 fnt
|faint|p2b: Tsareena
|-damage|p1b: Garchomp|56/100|[from] item: Life Orb
|move|p2a: Glimmora|Sludge Bomb|p1a: Whimsicott
|-supereffective|p1a: Whimsicott|2
|-enditem|p1a: Whimsicott|Focus Sash
|-damage|p1a: Whimsicott|1/100
|
|-weather|none
|upkeep
|
|t:|1783636554
|switch|p2b: Blaziken|Blaziken, L50, F|100/100
|turn|6
|
|t:|1783636568
|detailschange|p2b: Blaziken|Blaziken-Mega, L50, F
|-mega|p2b: Blaziken|Blaziken|Blazikenite
|move|p1a: Whimsicott|Protect|p1a: Whimsicott
|-singleturn|p1a: Whimsicott|Protect
|move|p1b: Garchomp|Protect|p1b: Garchomp
|-singleturn|p1b: Garchomp|Protect
|move|p2b: Blaziken|Detect|p2b: Blaziken
|-singleturn|p2b: Blaziken|Protect
|move|p2a: Glimmora|Earth Power|p1b: Garchomp
|-activate|p1b: Garchomp|move: Protect
|
|-ability|p2b: Blaziken|Speed Boost|boost
|-boost|p2b: Blaziken|spe|1
|upkeep
|turn|7
|
|t:|1783636583
|switch|p2b: Talonflame|Talonflame, L50, F|5/100
|move|p1a: Whimsicott|Encore||[still]
|-fail|p1a: Whimsicott
|move|p1b: Garchomp|Earthquake|p2b: Talonflame|[spread] p1a,p2a
|-immune|p2b: Talonflame
|-resisted|p1a: Whimsicott|1
|-supereffective|p2a: Glimmora|2
|-damage|p1a: Whimsicott|0 fnt
|-enditem|p2a: Glimmora|Focus Sash
|-damage|p2a: Glimmora|1/100
|-activate|p2a: Glimmora|ability: Toxic Debris
|-sidestart|p1: dapmagikarp|move: Toxic Spikes
|faint|p1a: Whimsicott
|-damage|p1b: Garchomp|47/100|[from] item: Life Orb
|move|p2a: Glimmora|Earth Power|p1b: Garchomp
|-damage|p1b: Garchomp|7/100
|
|upkeep
|
|t:|1783636586
|switch|p1a: Charizard|Charizard-Mega-Y, L50, F, shiny|100/100
|-weather|SunnyDay|[from] ability: Drought|[of] p1a: Charizard
|turn|8
|inactive|ILoveMIR has 30 seconds left.
|
|t:|1783636620
|move|p2a: Glimmora|Spiky Shield|p2a: Glimmora
|-singleturn|p2a: Glimmora|move: Protect
|move|p2b: Talonflame|Tailwind|p2b: Talonflame
|-sidestart|p2: ILoveMIR|move: Tailwind
|move|p1b: Garchomp|Rock Slide|p2a: Glimmora|[spread] p2b
|-activate|p2a: Glimmora|move: Protect
|-supereffective|p2b: Talonflame|2
|-damage|p2b: Talonflame|0 fnt
|faint|p2b: Talonflame
|-damage|p1b: Garchomp|0 fnt|[from] item: Life Orb
|faint|p1b: Garchomp
|move|p1a: Charizard|Weather Ball|p2a: Glimmora
|-activate|p2a: Glimmora|move: Protect
|
|-weather|SunnyDay|[upkeep]
|upkeep
|
|t:|1783636624
|switch|p2b: Blaziken|Blaziken-Mega, L50, F|100/100
|switch|p1b: Basculegion|Basculegion, L50, M|100/100
|-status|p1b: Basculegion|psn
|turn|9
|
|t:|1783636640
|move|p1a: Charizard|Protect|p1a: Charizard
|-singleturn|p1a: Charizard|Protect
|move|p1b: Basculegion|Aqua Jet|p2a: Glimmora
|-supereffective|p2a: Glimmora|1
|-damage|p2a: Glimmora|0 fnt
|-activate|p2a: Glimmora|ability: Toxic Debris
|-sidestart|p1: dapmagikarp|move: Toxic Spikes
|faint|p2a: Glimmora
|move|p2b: Blaziken|Rock Slide|p1a: Charizard|[spread] p1b
|-activate|p1a: Charizard|move: Protect
|-damage|p1b: Basculegion|72/100 psn
|
|-weather|SunnyDay|[upkeep]
|-damage|p1b: Basculegion|60/100 psn|[from] psn
|-ability|p2b: Blaziken|Speed Boost|boost
|-boost|p2b: Blaziken|spe|1
|upkeep
|turn|10
|
|t:|1783636651
|move|p2b: Blaziken|Detect|p2b: Blaziken
|-singleturn|p2b: Blaziken|Protect
|move|p1a: Charizard|Weather Ball|p2b: Blaziken
|-activate|p2b: Blaziken|move: Protect
|move|p1b: Basculegion|Last Respects|p2b: Blaziken
|-activate|p2b: Blaziken|move: Protect
|
|-weather|SunnyDay|[upkeep]
|-damage|p1b: Basculegion|48/100 psn|[from] psn
|-ability|p2b: Blaziken|Speed Boost|boost
|-boost|p2b: Blaziken|spe|1
|upkeep
|turn|11
|
|t:|1783636660
|move|p2b: Blaziken|Flare Blitz|p1b: Basculegion
|-resisted|p1b: Basculegion|1
|-damage|p1b: Basculegion|0 fnt
|faint|p1b: Basculegion
|-damage|p2b: Blaziken|78/100|[from] Recoil
|move|p1a: Charizard|Weather Ball|p2b: Blaziken
|-resisted|p2b: Blaziken|1
|-damage|p2b: Blaziken|19/100
|
|-weather|SunnyDay|[upkeep]
|-sideend|p2: ILoveMIR|move: Tailwind
|-ability|p2b: Blaziken|Speed Boost|boost
|-boost|p2b: Blaziken|spe|1
|upkeep
|turn|12
|
|t:|1783636668
|move|p1a: Charizard|Protect|p1a: Charizard
|-singleturn|p1a: Charizard|Protect
|move|p2b: Blaziken|Rock Slide|p1a: Charizard
|-activate|p1a: Charizard|move: Protect
|
|-weather|none
|-ability|p2b: Blaziken|Speed Boost|boost
|-boost|p2b: Blaziken|spe|1
|upkeep
|turn|13
|
|t:|1783636672
|move|p2b: Blaziken|Rock Slide|p1a: Charizard
|-supereffective|p1a: Charizard|2
|-damage|p1a: Charizard|0 fnt
|faint|p1a: Charizard
|
|win|ILoveMIR
