|j|☆battle sim trainer
|j|☆alvarotoscano_
|html|battle sim traineralvarotoscano_    
|uhtml|bestof|Game 1 of a best-of-3
|t:|1782495288
|gametype|doubles
|player|p1|battle sim trainer|turo|1082
|player|p2|alvarotoscano_|265|1123
|gen|9
|tier|[Gen 9 Champions] VGC 2026 Reg M-B (Bo3)
|rated|
|rule|Species Clause: Limit one of each Pokémon
|rule|Item Clause: Limit 1 of each item
|clearpoke
|poke|p1|Swampert, L50, M|
|poke|p1|Archaludon, L50, F|
|poke|p1|Pelipper, L50, M|
|poke|p1|Basculegion, L50, M|
|poke|p1|Venusaur, L50, M|
|poke|p1|Staraptor, L50, F|
|poke|p2|Incineroar, L50, F|
|poke|p2|Sinistcha-Masterpiece, L50|
|poke|p2|Staraptor, L50, M|
|poke|p2|Grimmsnarl, L50, M|
|poke|p2|Garchomp, L50, M|
|poke|p2|Gholdengo, L50|
|teampreview|4
|showteam|p1|Swampert||Swampertite|Torrent|WaveCrash,Earthquake,IcePunch,Protect|Adamant||M|||50|]Archaludon||Magnet|Stamina|ElectroShot,FlashCannon,DragonPulse,Protect|Calm||F|||50|]Pelipper||FocusSash|Drizzle|WeatherBall,Hurricane,WideGuard,Tailwind|Modest||M|||50|]Basculegion||ChoiceScarf|Adaptability|LastRespects,WaveCrash,AquaJet,FlipTurn|Jolly||M|||50|]Venusaur||Venusaurite|Chlorophyll|SludgeBomb,EnergyBall,Protect,EarthPower|Modest||M|||50|]Staraptor||LifeOrb|Intimidate|BraveBird,CloseCombat,Tailwind,Uturn|Adamant||F|||50|
|showteam|p2|Incineroar||SitrusBerry|Intimidate|FakeOut,PartingShot,FlareBlitz,DarkestLariat|Careful||F|||50|]Sinistcha-Masterpiece||KasibBerry|Hospitality|StrengthSap,RagePowder,ShadowBall,MatchaGotcha|Bold|||||50|]Staraptor||Staraptite|Intimidate|CloseCombat,BraveBird,Protect,Roost|Adamant||M|||50|]Grimmsnarl||LightClay|Prankster|LightScreen,Reflect,PartingShot,FoulPlay|Careful||M|||50|]Garchomp||LifeOrb|RoughSkin|Protect,Earthquake,StompingTantrum,DragonClaw|Jolly||M|||50|]Gholdengo||Leftovers|GoodasGold|Protect,NastyPlot,ShadowBall,MakeItRain|Modest|||||50|
|inactive|Battle timer is ON: inactive players will automatically lose when time's up. (requested by alvarotoscano_)
|inactive|alvarotoscano_ has 60 seconds left.
|
|t:|1782495341
|teamsize|p1|4
|teamsize|p2|4
|start
|switch|p1a: Pelipper|Pelipper, L50, M|100/100
|switch|p1b: Swampert|Swampert, L50, M|100/100
|switch|p2a: Incineroar|Incineroar, L50, F|100/100
|switch|p2b: Sinistcha|Sinistcha-Masterpiece, L50|100/100
|-weather|RainDance|[from] ability: Drizzle|[of] p1a: Pelipper
|-ability|p2a: Incineroar|Intimidate|boost
|-unboost|p1a: Pelipper|atk|1
|-unboost|p1b: Swampert|atk|1
|turn|1
|
|t:|1782495363
|switch|p2b: Staraptor|Staraptor, L50, M|100/100
|-ability|p2b: Staraptor|Intimidate|boost
|-unboost|p1a: Pelipper|atk|1
|-unboost|p1b: Swampert|atk|1
|move|p1b: Swampert|Protect|p1b: Swampert
|-singleturn|p1b: Swampert|Protect
|move|p2a: Incineroar|Fake Out|p1a: Pelipper
|-damage|p1a: Pelipper|85/100
|cant|p1a: Pelipper|flinch
|
|-weather|RainDance|[upkeep]
|upkeep
|turn|2
|inactive|battle sim trainer has 30 seconds left.
|inactive|alvarotoscano_ has 30 seconds left.
|inactive|alvarotoscano_ has 20 seconds left.
|
|t:|1782495400
|switch|p1b: Basculegion|Basculegion, L50, M|100/100
|detailschange|p2b: Staraptor|Staraptor-Mega, L50, M
|-mega|p2b: Staraptor|Staraptor|Staraptite
|move|p2b: Staraptor|Close Combat|p1a: Pelipper
|-resisted|p1a: Pelipper|1
|-damage|p1a: Pelipper|39/100
|-boost|p2b: Staraptor|def|1
|-boost|p2b: Staraptor|spd|1
|move|p1a: Pelipper|Hurricane|p2b: Staraptor
|-supereffective|p2b: Staraptor|1
|-crit|p2b: Staraptor
|-damage|p2b: Staraptor|0 fnt
|faint|p2b: Staraptor
|move|p2a: Incineroar|Parting Shot|p2: Staraptor|[notarget]
|-fail|p2a: Incineroar
|
|-weather|RainDance|[upkeep]
|upkeep
|c|☆alvarotoscano_|crit xd
|
|t:|1782495417
|switch|p2b: Garchomp|Garchomp, L50, M|100/100
|turn|3
|
|t:|1782495439
|switch|p1a: Archaludon|Archaludon, L50, F|100/100
|switch|p2a: Sinistcha|Sinistcha-Masterpiece, L50|100/100
|move|p1b: Basculegion|Flip Turn|p2a: Sinistcha
|-resisted|p2a: Sinistcha|1
|-damage|p2a: Sinistcha|75/100
|c|☆battle sim trainer|ahhhh
|c|☆battle sim trainer|i'm still in trouble
|c|☆alvarotoscano_|nah
|inactive|battle sim trainer has 30 seconds left.
|
|t:|1782495466
|switch|p1b: Pelipper|Pelipper, L50, M|39/100|[from] Flip Turn
|move|p2b: Garchomp|Dragon Claw|p1b: Pelipper
|-damage|p1b: Pelipper|0 fnt
|faint|p1b: Pelipper
|-damage|p2b: Garchomp|90/100|[from] item: Life Orb
|
|-weather|RainDance|[upkeep]
|upkeep
|c|☆alvarotoscano_|but that crit...
|inactive|battle sim trainer has 30 seconds left.
|
|t:|1782495496
|switch|p1b: Basculegion|Basculegion, L50, M|100/100
|turn|4
|inactive|alvarotoscano_ has 30 seconds left.
|c|☆alvarotoscano_|was max 65%hp without crit jaajaja
|
|t:|1782495530
|move|p2b: Garchomp|Protect|p2b: Garchomp
|-singleturn|p2b: Garchomp|Protect
|move|p1a: Archaludon|Protect|p1a: Archaludon
|-singleturn|p1a: Archaludon|Protect
|move|p1b: Basculegion|Last Respects|p2a: Sinistcha
|-supereffective|p2a: Sinistcha|1
|-enditem|p2a: Sinistcha|Kasib Berry|[eat]
|-enditem|p2a: Sinistcha|Kasib Berry|[weaken]
|-damage|p2a: Sinistcha|24/100
|move|p2a: Sinistcha|Matcha Gotcha|p1a: Archaludon|[spread] p1b
|-activate|p1a: Archaludon|move: Protect
|-supereffective|p1b: Basculegion|1
|-damage|p1b: Basculegion|45/100
|-heal|p2a: Sinistcha|55/100|[from] drain|[of] p1b: Basculegion
|
|-weather|RainDance|[upkeep]
|upkeep
|turn|5
|inactive|battle sim trainer has 30 seconds left.
|inactive|alvarotoscano_ has 30 seconds left.
|inactive|battle sim trainer has 20 seconds left.
|
|t:|1782495569
|switch|p2a: Incineroar|Incineroar, L50, F|100/100
|-ability|p2a: Incineroar|Intimidate|boost
|-unboost|p1a: Archaludon|atk|1
|-unboost|p1b: Basculegion|atk|1
|move|p1b: Basculegion|Last Respects|p2b: Garchomp
|-damage|p2b: Garchomp|53/100
|move|p2b: Garchomp|Stomping Tantrum|p1a: Archaludon
|-supereffective|p1a: Archaludon|1
|-damage|p1a: Archaludon|31/100
|-ability|p1a: Archaludon|Stamina|boost
|-boost|p1a: Archaludon|def|1
|-damage|p2b: Garchomp|43/100|[from] item: Life Orb
|move|p1a: Archaludon|Dragon Pulse|p2b: Garchomp
|-supereffective|p2b: Garchomp|1
|-damage|p2b: Garchomp|0 fnt
|faint|p2b: Garchomp
|
|-weather|none
|upkeep
|
|t:|1782495582
|switch|p2b: Sinistcha|Sinistcha-Masterpiece, L50|55/100
|turn|6
|inactive|battle sim trainer has 30 seconds left.
|
|t:|1782495608
|move|p1a: Archaludon|Protect|p1a: Archaludon
|-singleturn|p1a: Archaludon|Protect
|move|p1b: Basculegion|Last Respects|p2b: Sinistcha
|-supereffective|p2b: Sinistcha|1
|-damage|p2b: Sinistcha|0 fnt
|faint|p2b: Sinistcha
|move|p2a: Incineroar|Flare Blitz|p1a: Archaludon
|-activate|p1a: Archaludon|move: Protect
|
|upkeep
|turn|7
|c|☆alvarotoscano_|gg game
|
|t:|1782495625
|switch|p1b: Swampert|Swampert, L50, M|100/100
|move|p1a: Archaludon|Dragon Pulse|p2a: Incineroar
|-damage|p2a: Incineroar|68/100
|move|p2a: Incineroar|Darkest Lariat|p1b: Swampert
|-damage|p1b: Swampert|63/100
|
|upkeep
|turn|8
|c|☆alvarotoscano_|lets second
|c|☆battle sim trainer|gg
|
|t:|1782495635
|detailschange|p1b: Swampert|Swampert-Mega, L50, M
|-mega|p1b: Swampert|Swampert|Swampertite
|move|p1b: Swampert|Wave Crash|p2a: Incineroar
|-supereffective|p2a: Incineroar|1
|-damage|p2a: Incineroar|0 fnt
|faint|p2a: Incineroar
|-damage|p1b: Swampert|37/100|[from] Recoil
|
|win|battle sim trainer
