|j|☆Kylliza
|j|☆AdaelVGC
|html|KyllizaAdaelVGC    
|uhtml|bestof|Game 2 of a best-of-3
|t:|1782338885
|gametype|doubles
|player|p1|Kylliza|265|1123
|player|p2|AdaelVGC|169|1151
|gen|9
|tier|[Gen 9 Champions] VGC 2026 Reg M-B (Bo3)
|rated|
|rule|Species Clause: Limit one of each Pokémon
|rule|Item Clause: Limit 1 of each item
|clearpoke
|poke|p1|Blaziken, L50, F|
|poke|p1|Whimsicott, L50, F|
|poke|p1|Incineroar, L50, F|
|poke|p1|Sylveon, L50, M|
|poke|p1|Basculegion, L50, M|
|poke|p1|Froslass, L50, F|
|poke|p2|Metagross, L50, shiny|
|poke|p2|Swampert, L50, F|
|poke|p2|Pelipper, L50, F|
|poke|p2|Archaludon, L50, M|
|poke|p2|Sinistcha, L50|
|poke|p2|Grimmsnarl, L50, M|
|teampreview|4
|showteam|p1|Blaziken||Blazikenite|SpeedBoost|FlareBlitz,CloseCombat,RockSlide,Protect|Adamant||F|||50|]Whimsicott||FocusSash|Prankster|Moonblast,Tailwind,Encore,Protect|Timid||F|||50|]Incineroar||SitrusBerry|Intimidate|FakeOut,FlareBlitz,ThroatChop,PartingShot|Careful||F|||50|]Sylveon||FairyFeather|Pixilate|HyperVoice,HyperBeam,QuickAttack,Protect|Modest||M|||50|]Basculegion||ChoiceScarf|Adaptability|WaveCrash,LastRespects,AquaJet,FlipTurn|Jolly||M|||50|]Froslass||Froslassite|CursedBody|Blizzard,ShadowBall,AuroraVeil,Protect|Timid||F|||50|
|showteam|p2|Metagross||Metagrossite|ClearBody|IronHead,PsychicFangs,BulletPunch,Protect|Adamant|||||50|]Swampert||Swampertite|Torrent|WaveCrash,HighHorsepower,IcePunch,Protect|Adamant||F|||50|]Pelipper||FocusSash|Drizzle|WeatherBall,Hurricane,Tailwind,Protect|Modest||F|||50|]Archaludon||Leftovers|Stamina|DragonPulse,ElectroShot,AuraSphere,Protect|Modest||M|||50|]Sinistcha||SitrusBerry|Hospitality|MatchaGotcha,RagePowder,TrickRoom,Protect|Bold|||||50|]Grimmsnarl||LightClay|Prankster|Reflect,LightScreen,PartingShot,FakeOut|Impish||M|||50|
|inactive|Battle timer is ON: inactive players will automatically lose when time's up. (requested by Kylliza)
|inactive|Kylliza has 60 seconds left.
|inactive|AdaelVGC has 60 seconds left.
|
|t:|1782338938
|teamsize|p1|4
|teamsize|p2|4
|start
|switch|p1a: Incineroar|Incineroar, L50, F|100/100
|switch|p1b: Sylveon|Sylveon, L50, M|100/100
|switch|p2a: Metagross|Metagross, L50, shiny|100/100
|switch|p2b: Grimmsnarl|Grimmsnarl, L50, M|100/100
|-ability|p1a: Incineroar|Intimidate|boost
|-fail|p2a: Metagross|unboost|[from] ability: Clear Body|[of] p2a: Metagross
|-unboost|p2b: Grimmsnarl|atk|1
|turn|1
|inactive|Kylliza has 30 seconds left.
|inactive|AdaelVGC has 30 seconds left.
|inactive|AdaelVGC has 20 seconds left.
|
|t:|1782338977
|move|p2a: Metagross|Protect|p2a: Metagross
|-singleturn|p2a: Metagross|Protect
|move|p2b: Grimmsnarl|Fake Out|p1a: Incineroar
|-damage|p1a: Incineroar|94/100
|cant|p1a: Incineroar|flinch
|move|p1b: Sylveon|Hyper Voice|p2a: Metagross|[spread] p2b
|-activate|p2a: Metagross|move: Protect
|-supereffective|p2b: Grimmsnarl|1
|-damage|p2b: Grimmsnarl|7/100
|
|upkeep
|turn|2
|inactive|Kylliza has 30 seconds left.
|inactive|Kylliza has 20 seconds left.
|
|t:|1782339014
|detailschange|p2a: Metagross|Metagross-Mega, L50, shiny
|-mega|p2a: Metagross|Metagross|Metagrossite
|move|p1b: Sylveon|Protect|p1b: Sylveon
|-singleturn|p1b: Sylveon|Protect
|move|p2b: Grimmsnarl|Parting Shot|p1b: Sylveon
|-activate|p1b: Sylveon|move: Protect
|move|p2a: Metagross|Iron Head|p1b: Sylveon
|-activate|p1b: Sylveon|move: Protect
|move|p1a: Incineroar|Flare Blitz|p2b: Grimmsnarl
|-damage|p2b: Grimmsnarl|0 fnt
|faint|p2b: Grimmsnarl
|-damage|p1a: Incineroar|91/100|[from] Recoil
|
|upkeep
|
|t:|1782339022
|switch|p2b: Archaludon|Archaludon, L50, M|100/100
|turn|3
|inactive|Kylliza has 30 seconds left.
|inactive|Kylliza has 20 seconds left.
|inactive|Kylliza has 15 seconds left.
|
|t:|1782339066
|move|p2a: Metagross|Iron Head|p1b: Sylveon
|-supereffective|p1b: Sylveon|1
|-damage|p1b: Sylveon|0 fnt
|faint|p1b: Sylveon
|move|p2b: Archaludon|Dragon Pulse|p1a: Incineroar
|-damage|p1a: Incineroar|58/100
|move|p1a: Incineroar|Parting Shot|p2a: Metagross
|-unboost|p2a: Metagross|atk|1
|-unboost|p2a: Metagross|spa|1
|
|t:|1782339077
|switch|p1a: Froslass|Froslass, L50, F|100/100|[from] Parting Shot
|
|upkeep
|
|t:|1782339080
|switch|p1b: Incineroar|Incineroar, L50, F|58/100
|-ability|p1b: Incineroar|Intimidate|boost
|-unboost|p2a: Metagross|atk|1
|-unboost|p2b: Archaludon|atk|1
|turn|4
|inactive|Kylliza has 30 seconds left.
|inactive|Kylliza has 20 seconds left.
|
|t:|1782339116
|detailschange|p1a: Froslass|Froslass-Mega, L50, F
|-mega|p1a: Froslass|Froslass|Froslassite
|-weather|Snowscape|[from] ability: Snow Warning|[of] p1a: Froslass
|move|p2a: Metagross|Protect|p2a: Metagross
|-singleturn|p2a: Metagross|Protect
|move|p1b: Incineroar|Fake Out|p2a: Metagross
|-activate|p2a: Metagross|move: Protect
|move|p1a: Froslass|Aurora Veil|p1a: Froslass
|-sidestart|p1: Kylliza|move: Aurora Veil
|move|p2b: Archaludon|Aura Sphere|p1b: Incineroar
|-supereffective|p1b: Incineroar|1
|-damage|p1b: Incineroar|28/100
|-enditem|p1b: Incineroar|Sitrus Berry|[eat]
|-heal|p1b: Incineroar|53/100|[from] item: Sitrus Berry
|
|-weather|Snowscape|[upkeep]
|upkeep
|turn|5
|inactive|Kylliza has 30 seconds left.
|inactive|AdaelVGC has 30 seconds left.
|
|t:|1782339143
|switch|p2a: Pelipper|Pelipper, L50, F|100/100
|-weather|RainDance|[from] ability: Drizzle|[of] p2a: Pelipper
|move|p1a: Froslass|Blizzard|p2a: Pelipper|[spread] p2a,p2b
|-damage|p2a: Pelipper|27/100
|-damage|p2b: Archaludon|48/100
|-ability|p2b: Archaludon|Stamina|boost
|-boost|p2b: Archaludon|def|1
|move|p2b: Archaludon|Electro Shot||[still]
|-prepare|p2b: Archaludon|Electro Shot
|-boost|p2b: Archaludon|spa|1
|-anim|p2b: Archaludon|Electro Shot|p1a: Froslass
|-damage|p1a: Froslass|52/100
|move|p1b: Incineroar|Parting Shot|p2b: Archaludon
|-unboost|p2b: Archaludon|atk|1
|-unboost|p2b: Archaludon|spa|1
|
|t:|1782339158
|switch|p1b: Basculegion|Basculegion, L50, M|100/100|[from] Parting Shot
|
|-weather|RainDance|[upkeep]
|-heal|p2b: Archaludon|54/100|[from] item: Leftovers
|upkeep
|turn|6
|inactive|AdaelVGC has 30 seconds left.
|inactive|AdaelVGC has 20 seconds left.
|inactive|AdaelVGC has 15 seconds left.
|
|t:|1782339201
|move|p2a: Pelipper|Protect|p2a: Pelipper
|-singleturn|p2a: Pelipper|Protect
|move|p1b: Basculegion|Last Respects|p2a: Pelipper
|-activate|p2a: Pelipper|move: Protect
|move|p1a: Froslass|Shadow Ball|p2b: Archaludon
|-damage|p2b: Archaludon|1/100
|-ability|p2b: Archaludon|Stamina|boost
|-boost|p2b: Archaludon|def|1
|move|p2b: Archaludon|Electro Shot||[still]
|-prepare|p2b: Archaludon|Electro Shot
|-boost|p2b: Archaludon|spa|1
|-anim|p2b: Archaludon|Electro Shot|p1b: Basculegion
|-supereffective|p1b: Basculegion|1
|-damage|p1b: Basculegion|8/100
|
|-weather|RainDance|[upkeep]
|-heal|p2b: Archaludon|7/100|[from] item: Leftovers
|upkeep
|turn|7
|inactive|AdaelVGC has 30 seconds left.
|inactive|AdaelVGC has 20 seconds left.
|
|t:|1782339240
|switch|p2a: Metagross|Metagross-Mega, L50, shiny|100/100
|move|p1b: Basculegion|Last Respects|p2a: Metagross
|-supereffective|p2a: Metagross|1
|-damage|p2a: Metagross|6/100
|move|p1a: Froslass|Shadow Ball|p2b: Archaludon
|-damage|p2b: Archaludon|0 fnt
|faint|p2b: Archaludon
|
|-weather|RainDance|[upkeep]
|upkeep
|
|t:|1782339244
|switch|p2b: Pelipper|Pelipper, L50, F|27/100
|turn|8
|
|t:|1782339263
|move|p2a: Metagross|Bullet Punch|p1b: Basculegion
|-resisted|p1b: Basculegion|1
|-damage|p1b: Basculegion|0 fnt
|faint|p1b: Basculegion
|move|p1a: Froslass|Shadow Ball|p2b: Pelipper
|-damage|p2b: Pelipper|0 fnt
|faint|p2b: Pelipper
|
|-weather|RainDance|[upkeep]
|-sideend|p1: Kylliza|move: Aurora Veil
|upkeep
|
|t:|1782339270
|switch|p1b: Incineroar|Incineroar, L50, F|53/100
|-ability|p1b: Incineroar|Intimidate|boost
|-unboost|p2a: Metagross|atk|1
|turn|9
|
|t:|1782339277
|move|p2a: Metagross|Protect|p2a: Metagross
|-singleturn|p2a: Metagross|Protect
|move|p1b: Incineroar|Fake Out|p2a: Metagross
|-activate|p2a: Metagross|move: Protect
|move|p1a: Froslass|Shadow Ball|p2a: Metagross
|-activate|p2a: Metagross|move: Protect
|
|-weather|none
|upkeep
|turn|10
|
|t:|1782339289
|move|p1a: Froslass|Protect|p1a: Froslass
|-singleturn|p1a: Froslass|Protect
|move|p2a: Metagross|Bullet Punch|p1a: Froslass
|-activate|p1a: Froslass|move: Protect
|move|p1b: Incineroar|Flare Blitz|p2a: Metagross
|-supereffective|p2a: Metagross|1
|-damage|p2a: Metagross|0 fnt
|faint|p2a: Metagross
|-damage|p1b: Incineroar|51/100|[from] Recoil
|
|win|Kylliza
|raw|Kylliza's rating: 1123 → 1150(+27 for winning)
|raw|AdaelVGC's rating: 1151 → 1124(-27 for losing)
