|j|☆WaluigiVGC
|j|☆Silhouetiquette
|html|WaluigiVGCSilhouetiquette    
|uhtml|bestof|Game 2 of a best-of-3
|t:|1757024570
|gametype|doubles
|player|p1|WaluigiVGC|169|1172
|player|p2|Silhouetiquette|101|1072
|gen|9
|tier|[Gen 9] VGC 2025 Reg H (Bo3)
|rated|
|rule|Species Clause: Limit one of each Pokémon
|rule|Item Clause: Limit 1 of each item
|clearpoke
|poke|p1|Sneasler, L50, M|
|poke|p1|Indeedee, L50, M|
|poke|p1|Whimsicott, L50, F|
|poke|p1|Ursaluna-Bloodmoon, L50, M|
|poke|p1|Tatsugiri, L50, M|
|poke|p1|Dondozo, L50, M|
|poke|p2|Tyranitar, L50, F|
|poke|p2|Excadrill, L50, F|
|poke|p2|Kilowattrel, L50, F|
|poke|p2|Meowscarada, L50, F|
|poke|p2|Indeedee, L50, M|
|poke|p2|Sneasler, L50, F|
|teampreview|4
|showteam|p1|Sneasler||PsychicSeed|Unburden|DireClaw,CloseCombat,ThroatChop,Protect|||M|||50|,,,,,Dark]Indeedee||FocusSash|PsychicSurge|ExpandingForce,TeraBlast,HelpingHand,Protect|||M|||50|,,,,,Psychic]Whimsicott||CovertCloak|Prankster|Moonblast,Tailwind,HelpingHand,LightScreen|||F|||50|,,,,,Poison]Ursaluna-Bloodmoon||SilkScarf|MindsEye|BloodMoon,HyperVoice,EarthPower,Protect|||M|||50|,,,,,Normal]Tatsugiri||SafetyGoggles|Commander|DracoMeteor,MuddyWater,HelpingHand,Protect|||M|||50|,,,,,Normal]Dondozo||Leftovers|Unaware|WaveCrash,Earthquake,OrderUp,Protect|||M|||50|,,,,,Grass
|showteam|p2|Tyranitar||AssaultVest|SandStream|RockSlide,KnockOff,TeraBlast,LowKick|||F|||50|,,,,,Flying]Excadrill||ClearAmulet|SandRush|Earthquake,IronHead,StompingTantrum,Protect|||F|||50|,,,,,Ground]Kilowattrel||ChoiceSpecs|Competitive|WeatherBall,Thunderbolt,AirSlash,Hurricane|||F|||50|,,,,,Stellar]Meowscarada||CovertCloak|Overgrow|FlowerTrick,Taunt,ThroatChop,Protect|||F|||50|,,,,,Grass]Indeedee||ChoiceScarf|PsychicSurge|ExpandingForce,TeraBlast,EnergyBall,Psychic|||M|||50|,,,,,Fighting]Sneasler||PsychicSeed|Unburden|DireClaw,CloseCombat,Acrobatics,Protect|||F|||50|,,,,,Flying
|inactive|Battle timer is ON: inactive players will automatically lose when time's up. (requested by Silhouetiquette)
|inactive|Silhouetiquette has 60 seconds left.
|
|t:|1757024625
|teamsize|p1|4
|teamsize|p2|4
|start
|switch|p1a: Sneasler|Sneasler, L50, M, shiny|100/100
|switch|p1b: Indeedee|Indeedee, L50, M|100/100
|switch|p2a: Indeedee|Indeedee, L50, M|100/100
|switch|p2b: Sneasler|Sneasler, L50, F|100/100
|-fieldstart|move: Psychic Terrain|[from] ability: Psychic Surge|[of] p2a: Indeedee
|-enditem|p2b: Sneasler|Psychic Seed
|-boost|p2b: Sneasler|spd|1|[from] item: Psychic Seed
|-enditem|p1a: Sneasler|Psychic Seed
|-boost|p1a: Sneasler|spd|1|[from] item: Psychic Seed
|turn|1
|
|t:|1757024645
|-terastallize|p1a: Sneasler|Dark
|move|p2b: Sneasler|Close Combat|p1a: Sneasler
|-supereffective|p1a: Sneasler
|-damage|p1a: Sneasler|0 fnt
|-unboost|p2b: Sneasler|def|1
|-unboost|p2b: Sneasler|spd|1
|faint|p1a: Sneasler
|move|p2a: Indeedee|Expanding Force|p1b: Indeedee
|-resisted|p1b: Indeedee
|-damage|p1b: Indeedee|45/100
|move|p1b: Indeedee|Expanding Force|p2a: Indeedee|[spread] p2a,p2b
|-resisted|p2a: Indeedee
|-supereffective|p2b: Sneasler
|-damage|p2a: Indeedee|66/100
|-damage|p2b: Sneasler|0 fnt
|faint|p2b: Sneasler
|
|upkeep
|
|t:|1757024660
|switch|p1a: Dondozo|Dondozo, L50, M|100/100
|switch|p2b: Tyranitar|Tyranitar, L50, F|100/100
|-weather|Sandstorm|[from] ability: Sand Stream|[of] p2b: Tyranitar
|turn|2
|
|t:|1757024681
|switch|p1b: Tatsugiri|Tatsugiri, L50, M|100/100
|-activate|p1b: Tatsugiri|ability: Commander|[of] p1a: Dondozo
|-boost|p1a: Dondozo|atk|2
|-boost|p1a: Dondozo|spa|2
|-boost|p1a: Dondozo|spe|2
|-boost|p1a: Dondozo|def|2
|-boost|p1a: Dondozo|spd|2
|move|p2a: Indeedee|Expanding Force|p1b: Tatsugiri|[spread] p1a
|-miss|p2a: Indeedee|p1b: Tatsugiri
|-damage|p1a: Dondozo|73/100
|move|p1a: Dondozo|Order Up|p2b: Tyranitar
|-damage|p2b: Tyranitar|64/100
|-boost|p1a: Dondozo|atk|1
|move|p2b: Tyranitar|Knock Off|p1a: Dondozo
|-damage|p1a: Dondozo|50/100
|-enditem|p1a: Dondozo|Leftovers|[from] move: Knock Off|[of] p2b: Tyranitar
|
|-weather|Sandstorm|[upkeep]
|-damage|p2a: Indeedee|60/100|[from] Sandstorm
|-damage|p1a: Dondozo|44/100|[from] Sandstorm
|upkeep
|turn|3
|inactive|WaluigiVGC has 30 seconds left.
|inactive|Silhouetiquette has 30 seconds left.
|
|t:|1757024716
|move|p2a: Indeedee|Expanding Force|p1a: Dondozo|[spread] p1a
|-miss|p2a: Indeedee|p1b: Tatsugiri
|-damage|p1a: Dondozo|15/100
|move|p1a: Dondozo|Earthquake|p2b: Tyranitar|[spread] p2a,p2b
|-miss|p1a: Dondozo|p1b: Tatsugiri
|-supereffective|p2b: Tyranitar
|-damage|p2a: Indeedee|0 fnt
|-damage|p2b: Tyranitar|0 fnt
|faint|p2a: Indeedee
|faint|p2b: Tyranitar
|
|-weather|Sandstorm|[upkeep]
|-damage|p1a: Dondozo|8/100|[from] Sandstorm
|upkeep
|
|t:|1757024727
|switch|p2b: Meowscarada|Meowscarada, L50, F|100/100
|turn|4
|
|t:|1757024742
|move|p2b: Meowscarada|Flower Trick|p1a: Dondozo
|-supereffective|p1a: Dondozo
|-crit|p1a: Dondozo
|-damage|p1a: Dondozo|0 fnt
|faint|p1a: Dondozo
|
|-weather|Sandstorm|[upkeep]
|-damage|p2b: Meowscarada|95/100|[from] Sandstorm
|upkeep
|
|t:|1757024749
|switch|p1a: Indeedee|Indeedee, L50, M|45/100
|turn|5
|
|t:|1757024773
|move|p1a: Indeedee|Helping Hand|p1b: Tatsugiri
|-singleturn|p1b: Tatsugiri|Helping Hand|[of] p1a: Indeedee
|move|p2b: Meowscarada|Protect|p2b: Meowscarada
|-singleturn|p2b: Meowscarada|Protect
|move|p1b: Tatsugiri|Draco Meteor|p2b: Meowscarada
|-activate|p2b: Meowscarada|move: Protect
|
|-weather|Sandstorm|[upkeep]
|-damage|p2b: Meowscarada|89/100|[from] Sandstorm
|-damage|p1a: Indeedee|39/100|[from] Sandstorm
|-fieldend|move: Psychic Terrain
|upkeep
|turn|6
|
|t:|1757024787
|-terastallize|p2b: Meowscarada|Grass
|move|p1a: Indeedee|Helping Hand|p1b: Tatsugiri
|-singleturn|p1b: Tatsugiri|Helping Hand|[of] p1a: Indeedee
|move|p2b: Meowscarada|Flower Trick|p1b: Tatsugiri
|-crit|p1b: Tatsugiri
|-damage|p1b: Tatsugiri|0 fnt
|faint|p1b: Tatsugiri
|
|-weather|none
|upkeep
|turn|7
|
|t:|1757024804
|move|p2b: Meowscarada|Flower Trick|p1a: Indeedee
|-crit|p1a: Indeedee
|-damage|p1a: Indeedee|0 fnt
|faint|p1a: Indeedee
|
|win|Silhouetiquette
||Silhouetiquette is ready for game 3.
