|j|☆KodeBeast0526
|j|☆al.fo1234
|html|KodeBeast0526al.fo1234    
|uhtml|bestof|Game 1 of a best-of-3
|t:|1784646573
|gametype|doubles
|player|p1|KodeBeast0526|hiker|1243
|player|p2|al.fo1234|acetrainer-gen4dp|1235
|gen|9
|tier|[Gen 9 Champions] VGC 2026 Reg M-B (Bo3)
|rated|
|rule|Species Clause: Limit one of each Pokémon
|rule|Item Clause: Limit 1 of each item
|clearpoke
|poke|p1|Aerodactyl, L50, M|
|poke|p1|Kingambit, L50, M|
|poke|p1|Sylveon, L50, M|
|poke|p1|Garchomp, L50, M|
|poke|p1|Charizard, L50, M|
|poke|p1|Farigiraf, L50, M, shiny|
|poke|p2|Metagross, L50|
|poke|p2|Annihilape, L50, F|
|poke|p2|Maushold, L50|
|poke|p2|Milotic, L50, M|
|poke|p2|Dragonite, L50, F|
|poke|p2|Incineroar, L50, M|
|teampreview|4
|showteam|p1|Aerodactyl||Aerodactylite|Unnerve|RockSlide,IceFang,Tailwind,WideGuard|Jolly||M|||50|]Kingambit||FocusSash|Defiant|KowtowCleave,SuckerPunch,IronHead,LowKick|Adamant||M|||50|]Sylveon||FairyFeather|Pixilate|Detect,HyperVoice,HyperBeam,QuickAttack|Modest||M|||50|]Garchomp||LifeOrb|RoughSkin|Earthquake,DragonClaw,StompingTantrum,Protect|Jolly||M|||50|]Charizard||CharizarditeY|Blaze|Protect,HeatWave,SolarBeam,WeatherBall|Modest||M|||50|]Farigiraf||SitrusBerry|ArmorTail|Thunderbolt,PsychicNoise,TrickRoom,HelpingHand|Bold||M|||50|
|showteam|p2|Metagross||Metagrossite|ClearBody|PsychicFangs,Protect,IronHead,RockSlide|Adamant|||||50|]Annihilape||ChoiceScarf|Defiant|Coaching,CloseCombat,ShadowClaw,IcePunch|Jolly||F|||50|]Maushold||FocusSash|FriendGuard|Encore,Protect,SuperFang,RainDance|Jolly|||||50|]Milotic||Leftovers|Competitive|IcyWind,IceBeam,Scald,Protect|Modest||M|||50|]Dragonite||DragonFang|Multiscale|DragonClaw,LowKick,Tailwind,Protect|Adamant||F|||50|]Incineroar||SitrusBerry|Intimidate|FakeOut,PartingShot,FlareBlitz,ThroatChop|Careful||M|||50|
|inactive|Battle timer is ON: inactive players will automatically lose when time's up. (requested by KodeBeast0526)
|inactive|al.fo1234 has 60 seconds left.
|inactive|al.fo1234 has 30 seconds left.
|
|t:|1784646684
|teamsize|p1|4
|teamsize|p2|4
|start
|switch|p1a: Farigiraf|Farigiraf, L50, M, shiny|100/100
|switch|p1b: Kingambit|Kingambit, L50, M|100/100
|switch|p2a: Milotic|Milotic, L50, M|100/100
|switch|p2b: Dragonite|Dragonite, L50, F|100/100
|turn|1
|
|t:|1784646707
|move|p2b: Dragonite|Low Kick|p1b: Kingambit
|-supereffective|p1b: Kingambit|2
|-enditem|p1b: Kingambit|Focus Sash
|-damage|p1b: Kingambit|1/100
|move|p2a: Milotic|Ice Beam|p1b: Kingambit
|-resisted|p1b: Kingambit|1
|-damage|p1b: Kingambit|0 fnt
|faint|p1b: Kingambit
|move|p1a: Farigiraf|Trick Room|p1a: Farigiraf
|-fieldstart|move: Trick Room|[of] p1a: Farigiraf
|
|upkeep
|
|t:|1784646715
|switch|p1b: Sylveon|Sylveon, L50, M|100/100
|turn|2
|inactive|al.fo1234 has 30 seconds left.
|
|t:|1784646743
|move|p1a: Farigiraf|Helping Hand|p1b: Sylveon
|-singleturn|p1b: Sylveon|Helping Hand|[of] p1a: Farigiraf
|move|p2b: Dragonite|Protect|p2b: Dragonite
|-singleturn|p2b: Dragonite|Protect
|move|p1b: Sylveon|Hyper Voice|p2b: Dragonite|[spread] p2a
|-activate|p2b: Dragonite|move: Protect
|-crit|p2a: Milotic
|-damage|p2a: Milotic|22/100
|move|p2a: Milotic|Scald|p1b: Sylveon
|-damage|p1b: Sylveon|77/100
|
|-heal|p2a: Milotic|28/100|[from] item: Leftovers
|upkeep
|turn|3
|
|t:|1784646760
|switch|p2b: Metagross|Metagross, L50|100/100
|move|p2a: Milotic|Protect|p2a: Milotic
|-singleturn|p2a: Milotic|Protect
|move|p1a: Farigiraf|Thunderbolt|p2b: Metagross
|-damage|p2b: Metagross|78/100
|move|p1b: Sylveon|Hyper Voice|p2a: Milotic|[spread] p2b
|-activate|p2a: Milotic|move: Protect
|-resisted|p2b: Metagross|1
|-damage|p2b: Metagross|55/100
|
|-heal|p2a: Milotic|34/100|[from] item: Leftovers
|upkeep
|turn|4
|inactive|al.fo1234 has 30 seconds left.
|inactive|KodeBeast0526 has 30 seconds left.
|inactive|al.fo1234 has 20 seconds left.
|inactive|KodeBeast0526 has 20 seconds left.
|inactive|KodeBeast0526 has 15 seconds left.
|inactive|KodeBeast0526 has 10 seconds left.
|
|t:|1784646814
|detailschange|p2b: Metagross|Metagross-Mega, L50
|-mega|p2b: Metagross|Metagross|Metagrossite
|move|p1a: Farigiraf|Thunderbolt|p2b: Metagross
|-damage|p2b: Metagross|35/100
|move|p1b: Sylveon|Hyper Beam|p2b: Metagross
|-resisted|p2b: Metagross|1
|-damage|p2b: Metagross|0 fnt
|-mustrecharge|p1b: Sylveon
|faint|p2b: Metagross
|move|p2a: Milotic|Scald|p1a: Farigiraf
|-damage|p1a: Farigiraf|72/100
|
|-heal|p2a: Milotic|40/100|[from] item: Leftovers
|upkeep
|
|t:|1784646832
|switch|p2b: Annihilape|Annihilape, L50, F|100/100
|turn|5
|
|t:|1784646839
|switch|p2a: Dragonite|Dragonite, L50, F|100/100
|move|p1a: Farigiraf|Psychic Noise|p2b: Annihilape
|-supereffective|p2b: Annihilape|1
|-damage|p2b: Annihilape|42/100
|-start|p2b: Annihilape|move: Heal Block
|cant|p1b: Sylveon|recharge
|move|p2b: Annihilape|Coaching|p2a: Dragonite
|-boost|p2a: Dragonite|atk|1
|-boost|p2a: Dragonite|def|1
|
|-fieldend|move: Trick Room
|upkeep
|turn|6
|
|t:|1784646855
|switch|p2b: Milotic|Milotic, L50, M|40/100
|move|p1b: Sylveon|Detect|p1b: Sylveon
|-singleturn|p1b: Sylveon|Protect
|move|p2a: Dragonite|Dragon Claw|p1a: Farigiraf
|-damage|p1a: Farigiraf|4/100
|-enditem|p1a: Farigiraf|Sitrus Berry|[eat]
|-heal|p1a: Farigiraf|29/100|[from] item: Sitrus Berry
|move|p1a: Farigiraf|Trick Room|p1a: Farigiraf
|-fieldstart|move: Trick Room|[of] p1a: Farigiraf
|
|-heal|p2b: Milotic|46/100|[from] item: Leftovers
|upkeep
|turn|7
|inactive|al.fo1234 has 30 seconds left.
|inactive|al.fo1234 has 20 seconds left.
|inactive|al.fo1234 has 15 seconds left.
|
|t:|1784646895
|move|p1a: Farigiraf|Thunderbolt|p2a: Dragonite
|-damage|p2a: Dragonite|88/100
|move|p1b: Sylveon|Hyper Voice|p2b: Milotic|[spread] p2a,p2b
|-supereffective|p2a: Dragonite|1
|-damage|p2a: Dragonite|0 fnt
|-damage|p2b: Milotic|10/100
|faint|p2a: Dragonite
|move|p2b: Milotic|Ice Beam|p1b: Sylveon
|-damage|p1b: Sylveon|61/100
|
|-heal|p2b: Milotic|16/100|[from] item: Leftovers
|upkeep
|-message|al.fo1234 forfeited.
|
|win|KodeBeast0526
|l|☆al.fo1234
|player|p2|
