|j|☆Il mule
|j|☆TailwindMakeItRain
|html|Il muleTailwindMakeItRain    
|uhtml|bestof|Game 3 of a best-of-3
|t:|1756131267
|gametype|doubles
|player|p1|Il mule|salvatore|1552
|player|p2|TailwindMakeItRain|iris|1575
|gen|9
|tier|[Gen 9] VGC 2025 Reg H (Bo3)
|rated|
|rule|Species Clause: Limit one of each Pokémon
|rule|Item Clause: Limit 1 of each item
|clearpoke
|poke|p1|Corviknight, L50, M|
|poke|p1|Garchomp, L50, M|
|poke|p1|Tyranitar, L50, M|
|poke|p1|Gholdengo, L50|
|poke|p1|Sneasler, L50, M|
|poke|p1|Incineroar, L50, M|
|poke|p2|Gholdengo, L50|
|poke|p2|Incineroar, L50, M|
|poke|p2|Amoonguss, L50, F|
|poke|p2|Sneasler, L50, F|
|poke|p2|Dragonite, L50, F|
|poke|p2|Ursaluna-Bloodmoon, L50, M|
|teampreview|4
|showteam|p1|Corviknight||CovertCloak|MirrorArmor|BraveBird,Taunt,Roost,Tailwind|||M|||50|,,,,,Dragon]Garchomp||ClearAmulet|RoughSkin|Earthquake,DragonClaw,StompingTantrum,Protect|||M|||50|,,,,,Ground]Tyranitar||AssaultVest|SandStream|RockSlide,KnockOff,TeraBlast,LowKick|||M|||50|,,,,,Flying]Gholdengo||LifeOrb|GoodasGold|MakeItRain,ShadowBall,NastyPlot,Protect||||||50|,,,,,Water]Sneasler||WhiteHerb|Unburden|DireClaw,CloseCombat,Coaching,Protect|||M|||50|,,,,,Ghost]Incineroar||SitrusBerry|Intimidate|FlareBlitz,WillOWisp,PartingShot,FakeOut|||M|||50|,,,,,Grass
|showteam|p2|Gholdengo||LifeOrb|GoodasGold|MakeItRain,ShadowBall,NastyPlot,Protect||||||50|,,,,,Water]Incineroar||SafetyGoggles|Intimidate|PartingShot,FlareBlitz,KnockOff,FakeOut|||M|||50|,,,,,Ghost]Amoonguss||SitrusBerry|Regenerator|Spore,RagePowder,PollenPuff,Protect|||F|||50|,,,,,Fairy]Sneasler||FocusSash|Unburden|DireClaw,CloseCombat,ThroatChop,Protect|||F|||50|,,,,,Stellar]Dragonite||LoadedDice|Multiscale|ScaleShot,Tailwind,Haze,Protect|||F|||50|,,,,,Fairy]Ursaluna-Bloodmoon||AssaultVest|MindsEye|HyperVoice,EarthPower,BloodMoon,VacuumWave|||M|||50|,,,,,Normal
|
|t:|1756131346
|teamsize|p1|4
|teamsize|p2|4
|start
|switch|p1a: Incineroar|Incineroar, L50, M|100/100
|switch|p1b: Tyranitar|Tyranitar, L50, M|100/100
|switch|p2a: Dragonite|Dragonite, L50, F|100/100
|switch|p2b: Ursaluna|Ursaluna-Bloodmoon, L50, M|100/100
|-weather|Sandstorm|[from] ability: Sand Stream|[of] p1b: Tyranitar
|-ability|p1a: Incineroar|Intimidate|boost
|-unboost|p2a: Dragonite|atk|1
|-unboost|p2b: Ursaluna|atk|1
|turn|1
|
|t:|1756131380
|switch|p2b: Sneasler|Sneasler, L50, F|100/100
|move|p2a: Dragonite|Scale Shot|p1b: Tyranitar
|-damage|p1b: Tyranitar|92/100
|-damage|p1b: Tyranitar|84/100
|-damage|p1b: Tyranitar|74/100
|-damage|p1b: Tyranitar|66/100
|-hitcount|p1b: Tyranitar|4
|-unboost|p2a: Dragonite|def|1
|-boost|p2a: Dragonite|spe|1
|move|p1b: Tyranitar|Rock Slide|p2b: Sneasler|[spread] p2a,p2b
|-supereffective|p2a: Dragonite
|-resisted|p2b: Sneasler
|-damage|p2a: Dragonite|51/100
|-damage|p2b: Sneasler|75/100
|move|p1a: Incineroar|Parting Shot|p2b: Sneasler
|-unboost|p2b: Sneasler|atk|1
|-unboost|p2b: Sneasler|spa|1
|
|t:|1756131393
|switch|p1a: Corviknight|Corviknight, L50, M, shiny|100/100|[from] Parting Shot
|
|-weather|Sandstorm|[upkeep]
|-damage|p2a: Dragonite|45/100|[from] Sandstorm
|-damage|p2b: Sneasler|70/100|[from] Sandstorm
|upkeep
|turn|2
|
|t:|1756131409
|switch|p1b: Incineroar|Incineroar, L50, M|100/100
|-ability|p1b: Incineroar|Intimidate|boost
|-unboost|p2a: Dragonite|atk|1
|-unboost|p2b: Sneasler|atk|1
|move|p2a: Dragonite|Tailwind|p2a: Dragonite
|-sidestart|p2: TailwindMakeItRain|move: Tailwind
|move|p2b: Sneasler|Dire Claw|p1b: Incineroar
|-damage|p1b: Incineroar|81/100
|-status|p1b: Incineroar|slp
|move|p1a: Corviknight|Brave Bird|p2b: Sneasler
|-supereffective|p2b: Sneasler
|-damage|p2b: Sneasler|0 fnt
|faint|p2b: Sneasler
|-damage|p1a: Corviknight|83/100|[from] Recoil
|
|-weather|Sandstorm|[upkeep]
|-damage|p2a: Dragonite|39/100|[from] Sandstorm
|-damage|p1b: Incineroar|75/100 slp|[from] Sandstorm
|upkeep
|
|t:|1756131413
|switch|p2b: Gholdengo|Gholdengo, L50|100/100
|turn|3
|
|t:|1756131440
|move|p2a: Dragonite|Protect|p2a: Dragonite
|-singleturn|p2a: Dragonite|Protect
|move|p2b: Gholdengo|Nasty Plot|p2b: Gholdengo
|-boost|p2b: Gholdengo|spa|2
|move|p1a: Corviknight|Tailwind|p1a: Corviknight
|-sidestart|p1: Il mule|move: Tailwind
|cant|p1b: Incineroar|slp
|
|-weather|Sandstorm|[upkeep]
|-damage|p2a: Dragonite|33/100|[from] Sandstorm
|-damage|p1b: Incineroar|69/100 slp|[from] Sandstorm
|upkeep
|turn|4
|
|t:|1756131456
|move|p2a: Dragonite|Scale Shot|p1a: Corviknight
|-resisted|p1a: Corviknight
|-damage|p1a: Corviknight|80/100
|-resisted|p1a: Corviknight
|-damage|p1a: Corviknight|77/100
|-resisted|p1a: Corviknight
|-damage|p1a: Corviknight|74/100
|-resisted|p1a: Corviknight
|-damage|p1a: Corviknight|71/100
|-resisted|p1a: Corviknight
|-damage|p1a: Corviknight|68/100
|-hitcount|p1a: Corviknight|5
|-unboost|p2a: Dragonite|def|1
|-boost|p2a: Dragonite|spe|1
|move|p2b: Gholdengo|Shadow Ball|p1a: Corviknight
|-damage|p1a: Corviknight|0 fnt
|faint|p1a: Corviknight
|-damage|p2b: Gholdengo|91/100|[from] item: Life Orb
|cant|p1b: Incineroar|slp
|
|-weather|Sandstorm|[upkeep]
|-damage|p2a: Dragonite|27/100|[from] Sandstorm
|-damage|p1b: Incineroar|63/100 slp|[from] Sandstorm
|upkeep
|
|t:|1756131474
|switch|p1a: Garchomp|Garchomp, L50, M|100/100
|turn|5
|
|t:|1756131486
|-terastallize|p2b: Gholdengo|Water
|move|p1a: Garchomp|Protect|p1a: Garchomp
|-singleturn|p1a: Garchomp|Protect
|move|p2a: Dragonite|Scale Shot|p1b: Incineroar
|-damage|p1b: Incineroar|56/100 slp
|-damage|p1b: Incineroar|49/100 slp
|-enditem|p1b: Incineroar|Sitrus Berry|[eat]
|-heal|p1b: Incineroar|74/100 slp|[from] item: Sitrus Berry
|-damage|p1b: Incineroar|67/100 slp
|-damage|p1b: Incineroar|59/100 slp
|-hitcount|p1b: Incineroar|4
|-unboost|p2a: Dragonite|def|1
|-boost|p2a: Dragonite|spe|1
|move|p2b: Gholdengo|Make It Rain|p1b: Incineroar|[spread] p1b
|-activate|p1a: Garchomp|move: Protect
|-resisted|p1b: Incineroar
|-damage|p1b: Incineroar|14/100 slp
|-unboost|p2b: Gholdengo|spa|1
|-damage|p2b: Gholdengo|82/100|[from] item: Life Orb
|cant|p1b: Incineroar|slp
|
|-weather|none
|-sideend|p2: TailwindMakeItRain|move: Tailwind
|upkeep
|turn|6
|
|t:|1756131531
|move|p2a: Dragonite|Protect|p2a: Dragonite
|-singleturn|p2a: Dragonite|Protect
|move|p2b: Gholdengo|Protect|p2b: Gholdengo
|-singleturn|p2b: Gholdengo|Protect
|move|p1a: Garchomp|Dragon Claw|p2a: Dragonite
|-activate|p2a: Dragonite|move: Protect
|-curestatus|p1b: Incineroar|slp|[msg]
|move|p1b: Incineroar|Flare Blitz|p2a: Dragonite
|-activate|p2a: Dragonite|move: Protect
|
|-sideend|p1: Il mule|move: Tailwind
|upkeep
|turn|7
|
|t:|1756131556
|move|p1a: Garchomp|Protect|p1a: Garchomp
|-singleturn|p1a: Garchomp|Protect
|move|p2a: Dragonite|Tailwind|p2a: Dragonite
|-sidestart|p2: TailwindMakeItRain|move: Tailwind
|move|p2b: Gholdengo|Make It Rain|p1a: Garchomp|[spread] p1b
|-activate|p1a: Garchomp|move: Protect
|-resisted|p1b: Incineroar
|-damage|p1b: Incineroar|0 fnt
|-unboost|p2b: Gholdengo|spa|1
|faint|p1b: Incineroar
|-damage|p2b: Gholdengo|72/100|[from] item: Life Orb
|
|upkeep
|
|t:|1756131564
|switch|p1b: Tyranitar|Tyranitar, L50, M|66/100
|-weather|Sandstorm|[from] ability: Sand Stream|[of] p1b: Tyranitar
|turn|8
|
|t:|1756131573
|-terastallize|p1a: Garchomp|Ground
|move|p2a: Dragonite|Scale Shot|p1b: Tyranitar
|-damage|p1b: Tyranitar|60/100
|-damage|p1b: Tyranitar|53/100
|-damage|p1b: Tyranitar|47/100
|-damage|p1b: Tyranitar|40/100
|-hitcount|p1b: Tyranitar|4
|-unboost|p2a: Dragonite|def|1
|-boost|p2a: Dragonite|spe|1
|move|p2b: Gholdengo|Make It Rain|p1b: Tyranitar|[spread] p1a,p1b
|-supereffective|p1b: Tyranitar
|-damage|p1a: Garchomp|30/100
|-damage|p1b: Tyranitar|0 fnt
|-unboost|p2b: Gholdengo|spa|1
|faint|p1b: Tyranitar
|-damage|p2b: Gholdengo|63/100|[from] item: Life Orb
|move|p1a: Garchomp|Stomping Tantrum|p2b: Gholdengo
|-damage|p2b: Gholdengo|8/100
|
|-weather|Sandstorm|[upkeep]
|-damage|p2a: Dragonite|21/100|[from] Sandstorm
|-damage|p2b: Gholdengo|2/100|[from] Sandstorm
|upkeep
|turn|9
|
|t:|1756131592
|move|p1a: Garchomp|Protect|p1a: Garchomp
|-singleturn|p1a: Garchomp|Protect
|move|p2a: Dragonite|Scale Shot|p1a: Garchomp
|-activate|p1a: Garchomp|move: Protect
|move|p2b: Gholdengo|Make It Rain|p1a: Garchomp
|-activate|p1a: Garchomp|move: Protect
|
|-weather|Sandstorm|[upkeep]
|-damage|p2a: Dragonite|15/100|[from] Sandstorm
|-damage|p2b: Gholdengo|0 fnt|[from] Sandstorm
|faint|p2b: Gholdengo
|upkeep
|
|t:|1756131593
|switch|p2b: Ursaluna|Ursaluna-Bloodmoon, L50, M|100/100
|turn|10
|
|t:|1756131599
|move|p2a: Dragonite|Scale Shot|p1a: Garchomp|[miss]
|-miss|p2a: Dragonite|p1a: Garchomp
|move|p2b: Ursaluna|Earth Power|p1a: Garchomp
|-damage|p1a: Garchomp|0 fnt
|faint|p1a: Garchomp
|
|win|TailwindMakeItRain
|raw|Il mule's rating: 1552 → 1533(-19 for losing)
|raw|TailwindMakeItRain's rating: 1575 → 1594(+19 for winning)
|l|☆Il mule
|player|p1|
