|j|☆DaAnt2.6
|j|☆Cyberman152
|html|DaAnt2.6Cyberman152    
|uhtml|bestof|Game 2 of a best-of-3
|t:|1754251717
|gametype|doubles
|player|p1|DaAnt2.6|102|1121
|player|p2|Cyberman152|2|1225
|gen|9
|tier|[Gen 9] VGC 2025 Reg H (Bo3)
|rated|
|rule|Species Clause: Limit one of each Pokémon
|rule|Item Clause: Limit 1 of each item
|clearpoke
|poke|p1|Tauros-Paldea-Aqua, L50, M|
|poke|p1|Rillaboom, L50, F|
|poke|p1|Volcarona, L50, M|
|poke|p1|Farigiraf, L50, M|
|poke|p1|Kingambit, L50, F|
|poke|p1|Ninetales-Alola, L50, M|
|poke|p2|Archaludon, L50, M|
|poke|p2|Pelipper, L50, M|
|poke|p2|Basculegion, L50, M|
|poke|p2|Incineroar, L50, M|
|poke|p2|Rillaboom, L50, M|
|poke|p2|Volcarona, L50, F|
|teampreview|4
|showteam|p1|Tauros-Paldea-Aqua||AssaultVest|Intimidate|WaveCrash,CloseCombat,AquaJet,WildCharge|||M|||50|,,,,,Electric]Rillaboom||MiracleSeed|GrassySurge|WoodHammer,GrassyGlide,FakeOut,Uturn|||F|||50|,,,,,Grass]Volcarona||SafetyGoggles|FlameBody|Flamethrower,StruggleBug,RagePowder,Protect|||M|||50|,,,,,Fairy]Farigiraf||ThroatSpray|ArmorTail|HyperVoice,Psychic,TrickRoom,Protect|||M|||50|,,,,,Fire]Kingambit||LifeOrb|Defiant|KowtowCleave,SuckerPunch,IronHead,Protect|||F|||50|,,,,,Dark]Ninetales-Alola||ChoiceScarf|SnowWarning|Blizzard,Moonblast,IcyWind,FreezeDry|||M|||50|,,,,,Ice
|showteam|p2|Archaludon||AssaultVest|Stamina|FlashCannon,DragonPulse,ElectroShot,BodyPress|||M|||50|,,,,,Bug]Pelipper||FocusSash|Drizzle|WeatherBall,Hurricane,Tailwind,Protect|||M|||50|,,,,,Stellar]Basculegion||ChoiceBand|SwiftSwim|WaveCrash,FlipTurn,AquaJet,LastRespects|||M|||50|,,,,,Grass]Incineroar||SafetyGoggles|Intimidate|KnockOff,FakeOut,Taunt,PartingShot|||M|||50|,,,,,Ghost]Rillaboom||LoadedDice|GrassySurge|BulletSeed,GrassyGlide,FakeOut,Protect|||M|||50|,,,,,Fire]Volcarona||GrassySeed|FlameBody|FieryDance,TeraBlast,QuiverDance,Protect|||F|||50|,,,,,Fairy
|inactive|Battle timer is ON: inactive players will automatically lose when time's up. (requested by DaAnt2.6)
|
|t:|1754251739
|teamsize|p1|4
|teamsize|p2|4
|start
|switch|p1a: Tauros|Tauros-Paldea-Aqua, L50, M|100/100
|switch|p1b: Kingambit|Kingambit, L50, F|100/100
|switch|p2a: Archaludon|Archaludon, L50, M, shiny|100/100
|switch|p2b: Rillaboom|Rillaboom, L50, M, shiny|100/100
|-fieldstart|move: Grassy Terrain|[from] ability: Grassy Surge|[of] p2b: Rillaboom
|-ability|p1a: Tauros|Intimidate|boost
|-unboost|p2a: Archaludon|atk|1
|-unboost|p2b: Rillaboom|atk|1
|turn|1
|inactive|Cyberman152 has 30 seconds left.
|
|t:|1754251765
|switch|p1a: Ninetales|Ninetales-Alola, L50, M|100/100
|-weather|Snowscape|[from] ability: Snow Warning|[of] p1a: Ninetales
|switch|p1b: Volcarona|Volcarona, L50, M|100/100
|-terastallize|p2a: Archaludon|Bug
|move|p2b: Rillaboom|Bullet Seed|p2a: Archaludon
|-resisted|p2a: Archaludon
|-damage|p2a: Archaludon|96/100
|-ability|p2a: Archaludon|Stamina|boost
|-boost|p2a: Archaludon|def|1
|-resisted|p2a: Archaludon
|-damage|p2a: Archaludon|92/100
|-ability|p2a: Archaludon|Stamina|boost
|-boost|p2a: Archaludon|def|1
|-resisted|p2a: Archaludon
|-damage|p2a: Archaludon|90/100
|-ability|p2a: Archaludon|Stamina|boost
|-boost|p2a: Archaludon|def|1
|-resisted|p2a: Archaludon
|-damage|p2a: Archaludon|89/100
|-ability|p2a: Archaludon|Stamina|boost
|-boost|p2a: Archaludon|def|1
|-hitcount|p2a: Archaludon|4
|move|p2a: Archaludon|Body Press|p1b: Volcarona
|-resisted|p1b: Volcarona
|-damage|p1b: Volcarona|59/100
|
|-weather|Snowscape|[upkeep]
|-heal|p1b: Volcarona|65/100|[from] Grassy Terrain
|-heal|p2a: Archaludon|95/100|[from] Grassy Terrain
|upkeep
|turn|2
|
|t:|1754251781
|switch|p2b: Volcarona|Volcarona, L50, F, shiny|100/100
|-enditem|p2b: Volcarona|Grassy Seed
|-boost|p2b: Volcarona|def|1|[from] item: Grassy Seed
|switch|p2a: Incineroar|Incineroar, L50, M, shiny|100/100
|-ability|p2a: Incineroar|Intimidate|boost
|-unboost|p1a: Ninetales|atk|1
|-unboost|p1b: Volcarona|atk|1
|move|p1a: Ninetales|Blizzard|p2b: Volcarona|[spread] p2a,p2b
|-resisted|p2a: Incineroar
|-resisted|p2b: Volcarona
|-damage|p2a: Incineroar|86/100
|-damage|p2b: Volcarona|85/100
|move|p1b: Volcarona|Flamethrower|p2a: Incineroar
|-resisted|p2a: Incineroar
|-damage|p2a: Incineroar|69/100
|
|-weather|Snowscape|[upkeep]
|-heal|p2b: Volcarona|92/100|[from] Grassy Terrain
|-heal|p1b: Volcarona|71/100|[from] Grassy Terrain
|-heal|p2a: Incineroar|75/100|[from] Grassy Terrain
|upkeep
|turn|3
|
|t:|1754251790
|switch|p1a: Tauros|Tauros-Paldea-Aqua, L50, M|100/100
|-ability|p1a: Tauros|Intimidate|boost
|-unboost|p2a: Incineroar|atk|1
|-unboost|p2b: Volcarona|atk|1
|move|p2b: Volcarona|Quiver Dance|p2b: Volcarona
|-boost|p2b: Volcarona|spa|1
|-boost|p2b: Volcarona|spd|1
|-boost|p2b: Volcarona|spe|1
|move|p1b: Volcarona|Struggle Bug|p2b: Volcarona|[spread] p2a,p2b
|-resisted|p2b: Volcarona
|-damage|p2a: Incineroar|59/100
|-damage|p2b: Volcarona|86/100
|-unboost|p2a: Incineroar|spa|1
|-unboost|p2b: Volcarona|spa|1
|move|p2a: Incineroar|Parting Shot|p1a: Tauros
|-unboost|p1a: Tauros|atk|1
|-unboost|p1a: Tauros|spa|1
|
|t:|1754251813
|switch|p2a: Rillaboom|Rillaboom, L50, M, shiny|100/100|[from] Parting Shot
|
|-weather|Snowscape|[upkeep]
|-heal|p2b: Volcarona|93/100|[from] Grassy Terrain
|-heal|p1b: Volcarona|78/100|[from] Grassy Terrain
|upkeep
|turn|4
|
|t:|1754251824
|switch|p2a: Incineroar|Incineroar, L50, M, shiny|59/100
|-ability|p2a: Incineroar|Intimidate|boost
|-unboost|p1a: Tauros|atk|1
|-unboost|p1b: Volcarona|atk|1
|move|p2b: Volcarona|Fiery Dance|p1b: Volcarona
|-damage|p1b: Volcarona|41/100
|move|p1b: Volcarona|Struggle Bug|p2a: Incineroar|[spread] p2a,p2b
|-resisted|p2b: Volcarona
|-damage|p2a: Incineroar|43/100
|-damage|p2b: Volcarona|87/100
|-unboost|p2a: Incineroar|spa|1
|-unboost|p2b: Volcarona|spa|1
|move|p1a: Tauros|Wave Crash|p2b: Volcarona
|-supereffective|p2b: Volcarona
|-damage|p2b: Volcarona|36/100
|-status|p1a: Tauros|brn|[from] ability: Flame Body|[of] p2b: Volcarona
|-damage|p1a: Tauros|82/100 brn|[from] Recoil
|
|-weather|Snowscape|[upkeep]
|-heal|p2b: Volcarona|42/100|[from] Grassy Terrain
|-heal|p1b: Volcarona|47/100|[from] Grassy Terrain
|-heal|p1a: Tauros|88/100 brn|[from] Grassy Terrain
|-heal|p2a: Incineroar|49/100|[from] Grassy Terrain
|-damage|p1a: Tauros|82/100 brn|[from] brn
|upkeep
|turn|5
|inactive|DaAnt2.6 has 30 seconds left.
|inactive|Cyberman152 has 30 seconds left.
|inactive|Cyberman152 has 20 seconds left.
|inactive|Cyberman152 has 15 seconds left.
|
|t:|1754251865
|switch|p1a: Kingambit|Kingambit, L50, F|100/100
|move|p1b: Volcarona|Protect|p1b: Volcarona
|-singleturn|p1b: Volcarona|Protect
|move|p2a: Incineroar|Fake Out|p1b: Volcarona
|-activate|p1b: Volcarona|move: Protect
|move|p2b: Volcarona|Quiver Dance|p2b: Volcarona
|-boost|p2b: Volcarona|spa|1
|-boost|p2b: Volcarona|spd|1
|-boost|p2b: Volcarona|spe|1
|
|-weather|none
|-heal|p2b: Volcarona|48/100|[from] Grassy Terrain
|-heal|p1b: Volcarona|54/100|[from] Grassy Terrain
|-heal|p2a: Incineroar|55/100|[from] Grassy Terrain
|-fieldend|move: Grassy Terrain
|upkeep
|turn|6
|
|t:|1754251885
|-terastallize|p1a: Kingambit|Dark
|move|p2b: Volcarona|Protect|p2b: Volcarona
|-singleturn|p2b: Volcarona|Protect
|move|p1b: Volcarona|Struggle Bug|p2b: Volcarona|[spread] p2a
|-activate|p2b: Volcarona|move: Protect
|-damage|p2a: Incineroar|38/100
|-unboost|p2a: Incineroar|spa|1
|move|p2a: Incineroar|Parting Shot|p1b: Volcarona
|-unboost|p1b: Volcarona|atk|1
|-unboost|p1b: Volcarona|spa|1
|
|t:|1754251896
|switch|p2a: Rillaboom|Rillaboom, L50, M, shiny|100/100|[from] Parting Shot
|-fieldstart|move: Grassy Terrain|[from] ability: Grassy Surge|[of] p2a: Rillaboom
|move|p1a: Kingambit|Kowtow Cleave|p2a: Rillaboom
|-damage|p2a: Rillaboom|17/100
|-damage|p1a: Kingambit|91/100|[from] item: Life Orb
|
|-heal|p2b: Volcarona|55/100|[from] Grassy Terrain
|-heal|p1b: Volcarona|60/100|[from] Grassy Terrain
|-heal|p2a: Rillaboom|23/100|[from] Grassy Terrain
|-heal|p1a: Kingambit|97/100|[from] Grassy Terrain
|upkeep
|turn|7
|
|t:|1754251911
|move|p2a: Rillaboom|Fake Out|p1a: Kingambit
|-damage|p1a: Kingambit|87/100
|move|p2b: Volcarona|Fiery Dance|p1b: Volcarona
|-damage|p1b: Volcarona|25/100
|move|p1b: Volcarona|Struggle Bug|p2b: Volcarona|[spread] p2a,p2b
|-supereffective|p2a: Rillaboom
|-resisted|p2b: Volcarona
|-damage|p2a: Rillaboom|0 fnt
|-damage|p2b: Volcarona|52/100
|-unboost|p2b: Volcarona|spa|1
|faint|p2a: Rillaboom
|cant|p1a: Kingambit|flinch
|
|-heal|p2b: Volcarona|58/100|[from] Grassy Terrain
|-heal|p1b: Volcarona|31/100|[from] Grassy Terrain
|-heal|p1a: Kingambit|93/100|[from] Grassy Terrain
|upkeep
|
|t:|1754251917
|switch|p2a: Archaludon|Archaludon, L50, M, shiny, tera:Bug|95/100
|turn|8
|
|t:|1754251929
|switch|p1b: Ninetales|Ninetales-Alola, L50, M|100/100
|-weather|Snowscape|[from] ability: Snow Warning|[of] p1b: Ninetales
|move|p2b: Volcarona|Fiery Dance|p1a: Kingambit
|-damage|p1a: Kingambit|65/100
|move|p2a: Archaludon|Body Press|p1a: Kingambit
|-supereffective|p1a: Kingambit
|-damage|p1a: Kingambit|27/100
|move|p1a: Kingambit|Kowtow Cleave|p2b: Volcarona
|-damage|p2b: Volcarona|0 fnt
|faint|p2b: Volcarona
|-damage|p1a: Kingambit|18/100|[from] item: Life Orb
|
|-weather|Snowscape|[upkeep]
|-heal|p2a: Archaludon|100/100|[from] Grassy Terrain
|-heal|p1a: Kingambit|24/100|[from] Grassy Terrain
|upkeep
|
|t:|1754251938
|switch|p2b: Incineroar|Incineroar, L50, M, shiny|38/100
|-ability|p2b: Incineroar|Intimidate|boost
|-unboost|p1a: Kingambit|atk|1
|-ability|p1a: Kingambit|Defiant|boost
|-boost|p1a: Kingambit|atk|2
|-unboost|p1b: Ninetales|atk|1
|turn|9
|
|t:|1754251948
|move|p1a: Kingambit|Protect|p1a: Kingambit
|-singleturn|p1a: Kingambit|Protect
|move|p1b: Ninetales|Moonblast|p2b: Incineroar
|-damage|p2b: Incineroar|3/100
|-unboost|p2b: Incineroar|spa|1
|move|p2a: Archaludon|Body Press|p1a: Kingambit
|-activate|p1a: Kingambit|move: Protect
|move|p2b: Incineroar|Knock Off|p1b: Ninetales
|-resisted|p1b: Ninetales
|-damage|p1b: Ninetales|84/100
|-enditem|p1b: Ninetales|Choice Scarf|[from] move: Knock Off|[of] p2b: Incineroar
|
|-weather|Snowscape|[upkeep]
|-heal|p1b: Ninetales|90/100|[from] Grassy Terrain
|-heal|p2b: Incineroar|9/100|[from] Grassy Terrain
|-heal|p1a: Kingambit|30/100|[from] Grassy Terrain
|upkeep
|turn|10
|
|t:|1754251968
|move|p1a: Kingambit|Sucker Punch|p2a: Archaludon
|-damage|p2a: Archaludon|17/100
|-ability|p2a: Archaludon|Stamina|boost
|-boost|p2a: Archaludon|def|1
|-damage|p1a: Kingambit|20/100|[from] item: Life Orb
|move|p1b: Ninetales|Blizzard|p2a: Archaludon|[spread] p2a,p2b
|-resisted|p2b: Incineroar
|-damage|p2a: Archaludon|0 fnt
|-damage|p2b: Incineroar|0 fnt
|faint|p2a: Archaludon
|faint|p2b: Incineroar
|
|win|DaAnt2.6
|raw|DaAnt2.6's rating: 1121 → 1153(+32 for winning)
|raw|Cyberman152's rating: 1225 → 1193(-32 for losing)
|l|☆Cyberman152
|player|p2|
