|j|☆el_papas2893
|j|☆Thenestball
|html|el_papas2893Thenestball    
|uhtml|bestof|Game 1 of a best-of-3
|t:|1756848784
|gametype|doubles
|player|p1|el_papas2893|266|1054
|player|p2|Thenestball|hiker-gen4|1112
|gen|9
|tier|[Gen 9] VGC 2025 Reg H (Bo3)
|rated|
|rule|Species Clause: Limit one of each Pokémon
|rule|Item Clause: Limit 1 of each item
|clearpoke
|poke|p1|Bastiodon, L50, F|
|poke|p1|Electabuzz, L50, M|
|poke|p1|Indeedee, L50, M|
|poke|p1|Tauros-Paldea-Aqua, L50, M|
|poke|p1|Talonflame, L50, M|
|poke|p1|Ursaluna-Bloodmoon, L50, M|
|poke|p2|Weezing, L50, F|
|poke|p2|Garchomp, L50, M|
|poke|p2|Yanma, L50, F|
|poke|p2|Incineroar, L50, M|
|poke|p2|Primarina, L50, M|
|poke|p2|Tyranitar, L50, F|
|teampreview|4
|showteam|p1|Bastiodon||Leftovers|Soundproof|BodyPress,WideGuard,StoneEdge,IronDefense|||F|||50|,,,,,Fighting]Electabuzz||Eviolite|VitalSpirit|Electroweb,FollowMe,Protect,HelpingHand|||M|||50|,,,,,Dragon]Indeedee||FocusSash|PsychicSurge|ExpandingForce,TeraBlast,TrickRoom,Protect|||M|||50|,,,,,Fighting]Tauros-Paldea-Aqua||SitrusBerry|CudChew|CloseCombat,AquaJet,WaveCrash,LashOut|||M|||50|,,,,,Fire]Talonflame||CovertCloak|GaleWings|Tailwind,DualWingbeat,WillOWisp,FlareBlitz|||M|||50|,,,,,Fairy]Ursaluna-Bloodmoon||LifeOrb|MindsEye|HyperVoice,BloodMoon,EarthPower,Protect|||M|||50|,,,,,Normal
|showteam|p2|Weezing||SitrusBerry|NeutralizingGas|SludgeBomb,WillOWisp,Haze,Protect|||F|||50|,,,,,Grass]Garchomp||LifeOrb|SandVeil|Earthquake,RockSlide,StompingTantrum,Protect|||M|||50|,,,,,Ground]Yanma||FocusSash|CompoundEyes|Screech,Tailwind,Protect,Hypnosis|||F|||50|,,,,,Ghost]Incineroar||AbilityShield|Intimidate|FlareBlitz,FakeOut,PartingShot,KnockOff|||M|||50|,,,,,Grass]Primarina||MysticWater|LiquidVoice|HyperVoice,Moonblast,Protect,CalmMind|||M|||50|,,,,,Poison]Tyranitar||AssaultVest|SandStream|RockSlide,LowKick,TeraBlast,KnockOff|||F|||50|,,,,,Flying
|inactive|Battle timer is ON: inactive players will automatically lose when time's up. (requested by Thenestball)
|inactive|el_papas2893 has 60 seconds left.
|
|t:|1756848847
|teamsize|p1|4
|teamsize|p2|4
|start
|switch|p1a: Bastiodon|Bastiodon, L50, F|100/100
|switch|p1b: Electabuzz|Electabuzz, L50, M|100/100
|switch|p2a: Tyranitar|Tyranitar, L50, F, shiny|100/100
|switch|p2b: Garchomp|Garchomp, L50, M, shiny|100/100
|-weather|Sandstorm|[from] ability: Sand Stream|[of] p2a: Tyranitar
|turn|1
|
|t:|1756848870
|switch|p1b: Tauros|Tauros-Paldea-Aqua, L50, M|100/100
|-terastallize|p1a: Bastiodon|Fighting
|move|p2b: Garchomp|Stomping Tantrum|p1a: Bastiodon
|-damage|p1a: Bastiodon|66/100
|-damage|p2b: Garchomp|91/100|[from] item: Life Orb
|move|p2a: Tyranitar|Knock Off|p1b: Tauros
|-resisted|p1b: Tauros
|-damage|p1b: Tauros|67/100
|-enditem|p1b: Tauros|Sitrus Berry|[from] move: Knock Off|[of] p2a: Tyranitar
|move|p1a: Bastiodon|Iron Defense|p1a: Bastiodon
|-boost|p1a: Bastiodon|def|2
|
|-weather|Sandstorm|[upkeep]
|-damage|p1b: Tauros|61/100|[from] Sandstorm
|-damage|p1a: Bastiodon|60/100|[from] Sandstorm
|-heal|p1a: Bastiodon|66/100|[from] item: Leftovers
|upkeep
|turn|2
|inactive|el_papas2893 has 30 seconds left.
|
|t:|1756848896
|switch|p2a: Incineroar|Incineroar, L50, M, shiny|100/100
|-ability|p2a: Incineroar|Intimidate|boost
|-unboost|p1a: Bastiodon|atk|1
|-unboost|p1b: Tauros|atk|1
|move|p2b: Garchomp|Rock Slide|p1b: Tauros|[spread] p1a,p1b
|-resisted|p1a: Bastiodon
|-resisted|p1b: Tauros
|-damage|p1a: Bastiodon|62/100
|-damage|p1b: Tauros|46/100
|-damage|p2b: Garchomp|81/100|[from] item: Life Orb
|move|p1b: Tauros|Wave Crash|p2a: Incineroar
|-supereffective|p2a: Incineroar
|-damage|p2a: Incineroar|15/100
|-damage|p1b: Tauros|9/100|[from] Recoil
|move|p1a: Bastiodon|Body Press|p2a: Incineroar
|-supereffective|p2a: Incineroar
|-damage|p2a: Incineroar|0 fnt
|faint|p2a: Incineroar
|
|-weather|Sandstorm|[upkeep]
|-damage|p1b: Tauros|3/100|[from] Sandstorm
|-damage|p1a: Bastiodon|56/100|[from] Sandstorm
|-heal|p1a: Bastiodon|62/100|[from] item: Leftovers
|upkeep
|
|t:|1756848919
|switch|p2a: Tyranitar|Tyranitar, L50, F, shiny|100/100
|turn|3
|
|t:|1756848942
|move|p1b: Tauros|Aqua Jet|p2a: Tyranitar
|-supereffective|p2a: Tyranitar
|-damage|p2a: Tyranitar|75/100
|move|p2b: Garchomp|Rock Slide|p1b: Tauros|[spread] p1a,p1b
|-resisted|p1a: Bastiodon
|-resisted|p1b: Tauros
|-damage|p1a: Bastiodon|59/100
|-damage|p1b: Tauros|0 fnt
|faint|p1b: Tauros
|-damage|p2b: Garchomp|71/100|[from] item: Life Orb
|move|p2a: Tyranitar|Low Kick|p1a: Bastiodon
|-damage|p1a: Bastiodon|47/100
|move|p1a: Bastiodon|Body Press|p2a: Tyranitar
|-supereffective|p2a: Tyranitar
|-damage|p2a: Tyranitar|0 fnt
|faint|p2a: Tyranitar
|
|-weather|Sandstorm|[upkeep]
|-damage|p1a: Bastiodon|41/100|[from] Sandstorm
|-heal|p1a: Bastiodon|47/100|[from] item: Leftovers
|upkeep
|
|t:|1756848964
|switch|p1b: Indeedee|Indeedee, L50, M|100/100
|switch|p2a: Primarina|Primarina, L50, M, shiny|100/100
|-fieldstart|move: Psychic Terrain|[from] ability: Psychic Surge|[of] p1b: Indeedee
|turn|4
|
|t:|1756848978
|move|p1b: Indeedee|Expanding Force|p2a: Primarina|[spread] p2a,p2b
|-damage|p2a: Primarina|59/100
|-damage|p2b: Garchomp|15/100
|move|p2b: Garchomp|Stomping Tantrum|p1b: Indeedee
|-enditem|p1b: Indeedee|Focus Sash
|-damage|p1b: Indeedee|1/100
|-damage|p2b: Garchomp|5/100|[from] item: Life Orb
|move|p2a: Primarina|Moonblast|p1a: Bastiodon
|-supereffective|p1a: Bastiodon
|-crit|p1a: Bastiodon
|-damage|p1a: Bastiodon|0 fnt
|faint|p1a: Bastiodon
|
|-weather|Sandstorm|[upkeep]
|-damage|p1b: Indeedee|0 fnt|[from] Sandstorm
|-damage|p2a: Primarina|53/100|[from] Sandstorm
|faint|p1b: Indeedee
|upkeep
|
|t:|1756848998
|switch|p1a: Electabuzz|Electabuzz, L50, M|100/100
|turn|5
|-message|el_papas2893 forfeited.
|
|win|Thenestball
|l|☆el_papas2893
|player|p1|
||Thenestball is ready for game 2.
||el_papas2893 is ready for game 2.
|uhtml|next|Next: Game 2 of 3
