|j|☆ToastedArt
|j|☆robinrambles
|html|ToastedArtrobinrambles    
|uhtml|bestof|Game 2 of a best-of-3
|t:|1785266108
|gametype|doubles
|player|p1|ToastedArt|iris|1138
|player|p2|robinrambles|dawn-gen4pt|1105
|gen|9
|tier|[Gen 9 Champions] VGC 2026 Reg M-B (Bo3)
|rated|
|rule|Species Clause: Limit one of each Pokémon
|rule|Item Clause: Limit 1 of each item
|clearpoke
|poke|p1|Garchomp, L50, F|
|poke|p1|Basculegion, L50, M|
|poke|p1|Dragonite, L50, M|
|poke|p1|Scovillain, L50, F|
|poke|p1|Gholdengo, L50|
|poke|p1|Sylveon, L50, M|
|poke|p2|Staraptor, L50, M|
|poke|p2|Metagross, L50|
|poke|p2|Hydreigon, L50, M|
|poke|p2|Farigiraf, L50, M|
|poke|p2|Grimmsnarl, L50, M|
|poke|p2|Aerodactyl, L50, M|
|teampreview|4
|showteam|p1|Garchomp||LifeOrb|RoughSkin|StompingTantrum,DragonClaw,RockSlide,Protect|Jolly||F|||50|]Basculegion||SitrusBerry|Adaptability|WaveCrash,AquaJet,LastRespects,Protect|Adamant||M|||50|]Dragonite||Dragoninite|Multiscale|DracoMeteor,AirSlash,Tailwind,Haze|Timid||M|||50|]Scovillain||Scovillainite|Chlorophyll|Overheat,LeechSeed,RagePowder,Protect|Bold||F|||50|]Gholdengo||FocusSash|GoodasGold|MakeItRain,ShadowBall,PowerGem,Protect|Timid|||||50|]Sylveon||FairyFeather|Pixilate|HyperVoice,QuickAttack,HyperBeam,Protect|Modest||M|||50|
|showteam|p2|Staraptor||Staraptite|Intimidate|Roost,Protect,CloseCombat,BraveBird|Jolly||M|||50|]Metagross||Metagrossite|ClearBody|MeteorMash,PsychicFangs,StompingTantrum,Protect|Jolly|||||50|]Hydreigon||ChoiceScarf|Levitate|DracoMeteor,Snarl,EarthPower,Flamethrower|Modest||M|||50|]Farigiraf||SitrusBerry|ArmorTail|Thunderbolt,TwinBeam,Protect,HelpingHand|Calm||M|||50|]Grimmsnarl||RoseliBerry|Prankster|SpiritBreak,Taunt,PartingShot,FakeOut|Adamant||M|||50|]Aerodactyl||WideLens|Unnerve|DualWingbeat,RockSlide,Protect,Tailwind|Jolly||M|||50|
|inactive|Battle timer is ON: inactive players will automatically lose when time's up. (requested by ToastedArt)
|inactive|ToastedArt has 60 seconds left.
|
|t:|1785266156
|teamsize|p1|4
|teamsize|p2|4
|start
|switch|p1a: Scovillain|Scovillain, L50, F|100/100
|switch|p1b: Sylveon|Sylveon, L50, M|100/100
|switch|p2a: Metagross|Metagross, L50|100/100
|switch|p2b: Grimmsnarl|Grimmsnarl, L50, M|100/100
|turn|1
|inactive|robinrambles has 30 seconds left.
|
|t:|1785266187
|detailschange|p2a: Metagross|Metagross-Mega, L50
|-mega|p2a: Metagross|Metagross|Metagrossite
|move|p2a: Metagross|Protect|p2a: Metagross
|-singleturn|p2a: Metagross|Protect
|move|p1a: Scovillain|Protect|p1a: Scovillain
|-singleturn|p1a: Scovillain|Protect
|move|p1b: Sylveon|Protect|p1b: Sylveon
|-singleturn|p1b: Sylveon|Protect
|move|p2b: Grimmsnarl|Taunt|p1a: Scovillain
|-activate|p1a: Scovillain|move: Protect
|
|upkeep
|turn|2
|
|t:|1785266210
|detailschange|p1a: Scovillain|Scovillain-Mega, L50, F
|-mega|p1a: Scovillain|Scovillain|Scovillainite
|move|p1a: Scovillain|Rage Powder|p1a: Scovillain
|-singleturn|p1a: Scovillain|move: Rage Powder
|move|p2b: Grimmsnarl|Taunt|p1a: Scovillain
|-start|p1a: Scovillain|move: Taunt
|move|p2a: Metagross|Meteor Mash|p1a: Scovillain
|-resisted|p1a: Scovillain|1
|-damage|p1a: Scovillain|63/100
|-status|p2a: Metagross|brn|[from] ability: Spicy Spray|[of] p1a: Scovillain
|move|p1b: Sylveon|Hyper Voice|p2a: Metagross|[spread] p2a,p2b
|-resisted|p2a: Metagross|1
|-supereffective|p2b: Grimmsnarl|1
|-enditem|p2b: Grimmsnarl|Roseli Berry|[eat]
|-enditem|p2b: Grimmsnarl|Roseli Berry|[weaken]
|-damage|p2a: Metagross|72/100 brn
|-damage|p2b: Grimmsnarl|50/100y
|
|-damage|p2a: Metagross|66/100 brn|[from] brn
|upkeep
|turn|3
|inactive|robinrambles has 30 seconds left.
|inactive|ToastedArt has 30 seconds left.
|
|t:|1785266246
|move|p2a: Metagross|Protect|p2a: Metagross
|-singleturn|p2a: Metagross|Protect
|move|p2b: Grimmsnarl|Parting Shot|p1b: Sylveon
|-unboost|p1b: Sylveon|atk|1
|-unboost|p1b: Sylveon|spa|1
|
|t:|1785266251
|switch|p2b: Aerodactyl|Aerodactyl, L50, M|100/100|[from] Parting Shot
|-ability|p2b: Aerodactyl|Unnerve
|move|p1a: Scovillain|Overheat|p2a: Metagross
|-activate|p2a: Metagross|move: Protect
|move|p1b: Sylveon|Hyper Voice|p2b: Aerodactyl|[spread] p2b
|-activate|p2a: Metagross|move: Protect
|-damage|p2b: Aerodactyl|54/100
|
|-damage|p2a: Metagross|61/100 brn|[from] brn
|upkeep
|turn|4
|
|t:|1785266275
|switch|p1b: Garchomp|Garchomp, L50, F|100/100
|move|p2b: Aerodactyl|Rock Slide|p1a: Scovillain|[spread] p1a,p1b
|-supereffective|p1a: Scovillain|1
|-resisted|p1b: Garchomp|1
|-damage|p1a: Scovillain|6/100
|-damage|p1b: Garchomp|86/100
|-status|p2b: Aerodactyl|brn|[from] ability: Spicy Spray|[of] p1a: Scovillain
|move|p2a: Metagross|Psychic Fangs|p1a: Scovillain
|-damage|p1a: Scovillain|0 fnt
|faint|p1a: Scovillain
|
|-damage|p2b: Aerodactyl|48/100 brn|[from] brn
|-damage|p2a: Metagross|55/100 brn|[from] brn
|upkeep
|
|t:|1785266287
|switch|p1a: Sylveon|Sylveon, L50, M|100/100
|turn|5
|
|t:|1785266302
|switch|p1a: Gholdengo|Gholdengo, L50|100/100
|move|p2a: Metagross|Protect|p2a: Metagross
|-singleturn|p2a: Metagross|Protect
|move|p2b: Aerodactyl|Rock Slide|p1b: Garchomp|[spread] p1a,p1b
|-resisted|p1a: Gholdengo|1
|-resisted|p1b: Garchomp|1
|-damage|p1a: Gholdengo|92/100
|-damage|p1b: Garchomp|80/100
|move|p1b: Garchomp|Rock Slide|p2b: Aerodactyl|[spread] p2b
|-activate|p2a: Metagross|move: Protect
|-supereffective|p2b: Aerodactyl|1
|-damage|p2b: Aerodactyl|0 fnt
|faint|p2b: Aerodactyl
|-damage|p1b: Garchomp|70/100|[from] item: Life Orb
|
|-damage|p2a: Metagross|49/100 brn|[from] brn
|upkeep
|
|t:|1785266321
|switch|p2b: Hydreigon|Hydreigon, L50, M|100/100
|turn|6
|inactive|ToastedArt has 30 seconds left.
|
|t:|1785266348
|move|p2b: Hydreigon|Snarl|p1a: Gholdengo|[spread] p1a,p1b
|-supereffective|p1a: Gholdengo|1
|-damage|p1a: Gholdengo|34/100
|-damage|p1b: Garchomp|42/100
|-unboost|p1a: Gholdengo|spa|1
|-unboost|p1b: Garchomp|spa|1
|move|p2a: Metagross|Meteor Mash|p1b: Garchomp
|-damage|p1b: Garchomp|7/100
|-damage|p2a: Metagross|37/100 brn|[from] ability: Rough Skin|[of] p1b: Garchomp
|move|p1b: Garchomp|Dragon Claw|p2b: Hydreigon
|-supereffective|p2b: Hydreigon|1
|-damage|p2b: Hydreigon|1/100
|-damage|p1b: Garchomp|0 fnt|[from] item: Life Orb
|faint|p1b: Garchomp
|move|p1a: Gholdengo|Make It Rain|p2a: Metagross|[spread] p2a,p2b
|-resisted|p2a: Metagross|1
|-damage|p2a: Metagross|21/100 brn
|-damage|p2b: Hydreigon|0 fnt
|-unboost|p1a: Gholdengo|spa|2
|faint|p2b: Hydreigon
|
|-damage|p2a: Metagross|15/100 brn|[from] brn
|upkeep
|
|t:|1785266368
|switch|p1b: Sylveon|Sylveon, L50, M|100/100
|switch|p2b: Grimmsnarl|Grimmsnarl, L50, M|50/100y
|turn|7
|
|t:|1785266385
|move|p2b: Grimmsnarl|Fake Out|p1b: Sylveon
|-damage|p1b: Sylveon|81/100
|move|p2a: Metagross|Stomping Tantrum|p1a: Gholdengo
|-supereffective|p1a: Gholdengo|1
|-damage|p1a: Gholdengo|0 fnt
|faint|p1a: Gholdengo
|cant|p1b: Sylveon|flinch
|
|-damage|p2a: Metagross|9/100 brn|[from] brn
|upkeep
|turn|8
|
|t:|1785266397
|move|p1b: Sylveon|Protect|p1b: Sylveon
|-singleturn|p1b: Sylveon|Protect
|move|p2a: Metagross|Meteor Mash|p1b: Sylveon
|-activate|p1b: Sylveon|move: Protect
|move|p2b: Grimmsnarl|Spirit Break|p1b: Sylveon
|-activate|p1b: Sylveon|move: Protect
|
|-damage|p2a: Metagross|3/100 brn|[from] brn
|upkeep
|turn|9
|
|t:|1785266410
|move|p1b: Sylveon|Quick Attack|p2a: Metagross
|-resisted|p2a: Metagross|1
|-damage|p2a: Metagross|0 fnt
|faint|p2a: Metagross
|move|p2b: Grimmsnarl|Spirit Break|p1b: Sylveon
|-damage|p1b: Sylveon|36/100
|-unboost|p1b: Sylveon|spa|1
|
|upkeep
|turn|10
|
|t:|1785266423
|move|p1b: Sylveon|Quick Attack|p2b: Grimmsnarl
|-supereffective|p2b: Grimmsnarl|1
|-damage|p2b: Grimmsnarl|16/100
|move|p2b: Grimmsnarl|Spirit Break|p1b: Sylveon
|-damage|p1b: Sylveon|0 fnt
|faint|p1b: Sylveon
|
|win|robinrambles
|raw|ToastedArt's rating: 1138 → 1111(-27 for losing)
|raw|robinrambles's rating: 1105 → 1132(+27 for winning)
