|j|☆GrovyleSSJ
|j|☆slucin
|html|GrovyleSSJslucin    
|uhtml|bestof|Game 2 of a best-of-3
|t:|1783102734
|gametype|doubles
|player|p1|GrovyleSSJ|102|1312
|player|p2|slucin|steven|1618
|gen|9
|tier|[Gen 9 Champions] VGC 2026 Reg M-B (Bo3)
|rated|
|rule|Species Clause: Limit one of each Pokémon
|rule|Item Clause: Limit 1 of each item
|clearpoke
|poke|p1|Raichu, L50, M|
|poke|p1|Sinistcha, L50|
|poke|p1|Ceruledge, L50, M|
|poke|p1|Milotic, L50, M|
|poke|p1|Incineroar, L50, M|
|poke|p1|Sneasler, L50, F|
|poke|p2|Delphox, L50, F|
|poke|p2|Sneasler, L50, M|
|poke|p2|Incineroar, L50, F|
|poke|p2|Sinistcha, L50|
|poke|p2|Blastoise, L50, M|
|poke|p2|Kingambit, L50, M|
|teampreview|4
|showteam|p1|Raichu||RaichuniteY|LightningRod|ZapCannon,FocusBlast,FakeOut,Protect|Timid||M|||50|]Sinistcha||KasibBerry|Hospitality|MatchaGotcha,LifeDew,RagePowder,Protect|Relaxed|||||50|]Ceruledge||ColburBerry|FlashFire|BitterBlade,ShadowSneak,BulkUp,Protect|Adamant||M|||50|]Milotic||Leftovers|Competitive|MuddyWater,Coil,Hypnosis,Protect|Calm||M|||50|]Incineroar||SitrusBerry|Intimidate|FlareBlitz,ThroatChop,FakeOut,PartingShot|Impish||M|||50|]Sneasler||FocusSash|PoisonTouch|FakeOut,CloseCombat,DireClaw,Protect|Jolly||F|||50|
|showteam|p2|Delphox||Delphoxite|Blaze|HeatWave,Psyshock,NastyPlot,Protect|Timid||F|||50|]Sneasler||FocusSash|PoisonTouch|QuickGuard,FakeOut,PoisonJab,CloseCombat|Jolly||M|||50|]Incineroar||SitrusBerry|Intimidate|FakeOut,PartingShot,HelpingHand,FlareBlitz|Impish||F|||50|]Sinistcha||OccaBerry|Hospitality|MatchaGotcha,RagePowder,TrickRoom,Protect|Bold|||||50|]Blastoise||Blastoisinite|RainDish|WaterSpout,DarkPulse,ShellSmash,Protect|Modest||M|||50|]Kingambit||BlackGlasses|Defiant|Protect,SwordsDance,KowtowCleave,SuckerPunch|Adamant||M|||50|
|inactive|Battle timer is ON: inactive players will automatically lose when time's up. (requested by GrovyleSSJ)
|inactive|slucin has 60 seconds left.
|
|t:|1783102781
|teamsize|p1|4
|teamsize|p2|4
|start
|switch|p1a: Raichu|Raichu, L50, M|100/100
|switch|p1b: Milotic|Milotic, L50, M|100/100
|switch|p2a: Sneasler|Sneasler, L50, M|100/100
|switch|p2b: Delphox|Delphox, L50, F|100/100
|turn|1
|
|t:|1783102799
|detailschange|p2b: Delphox|Delphox-Mega, L50, F
|-mega|p2b: Delphox|Delphox|Delphoxite
|detailschange|p1a: Raichu|Raichu-Mega-Y, L50, M
|-mega|p1a: Raichu|Raichu|Raichunite Y
|move|p1a: Raichu|Fake Out|p2a: Sneasler
|-crit|p2a: Sneasler
|-damage|p2a: Sneasler|77/100
|cant|p2a: Sneasler|flinch
|move|p2b: Delphox|Nasty Plot|p2b: Delphox
|-boost|p2b: Delphox|spa|2
|move|p1b: Milotic|Coil|p1b: Milotic
|-boost|p1b: Milotic|atk|1
|-boost|p1b: Milotic|def|1
|-boost|p1b: Milotic|accuracy|1
|
|upkeep
|turn|2
|
|t:|1783102817
|move|p2b: Delphox|Psyshock|p1a: Raichu
|-damage|p1a: Raichu|0 fnt
|faint|p1a: Raichu
|move|p2a: Sneasler|Poison Jab|p1b: Milotic
|-damage|p1b: Milotic|76/100
|move|p1b: Milotic|Coil|p1b: Milotic
|-boost|p1b: Milotic|atk|1
|-boost|p1b: Milotic|def|1
|-boost|p1b: Milotic|accuracy|1
|
|-heal|p1b: Milotic|82/100|[from] item: Leftovers
|upkeep
|
|t:|1783102828
|switch|p1a: Ceruledge|Ceruledge, L50, M|100/100
|turn|3
|
|t:|1783102842
|move|p2b: Delphox|Protect|p2b: Delphox
|-singleturn|p2b: Delphox|Protect
|move|p2a: Sneasler|Poison Jab|p1b: Milotic
|-damage|p1b: Milotic|64/100
|-status|p1b: Milotic|psn
|move|p1a: Ceruledge|Bulk Up|p1a: Ceruledge
|-boost|p1a: Ceruledge|atk|1
|-boost|p1a: Ceruledge|def|1
|move|p1b: Milotic|Hypnosis|p2b: Delphox
|-activate|p2b: Delphox|move: Protect
|
|-heal|p1b: Milotic|70/100 psn|[from] item: Leftovers
|-damage|p1b: Milotic|57/100 psn|[from] psn
|upkeep
|turn|4
|
|t:|1783102852
|move|p1a: Ceruledge|Shadow Sneak|p2b: Delphox
|-supereffective|p2b: Delphox|1
|-damage|p2b: Delphox|1/100
|move|p2b: Delphox|Psyshock|p1b: Milotic
|-damage|p1b: Milotic|17/100 psn
|move|p2a: Sneasler|Poison Jab|p1b: Milotic
|-damage|p1b: Milotic|0 fnt
|faint|p1b: Milotic
|
|upkeep
|
|t:|1783102861
|switch|p1b: Sinistcha|Sinistcha, L50|100/100
|turn|5
|
|t:|1783102873
|move|p2a: Sneasler|Quick Guard|p2a: Sneasler
|-singleturn|p2a: Sneasler|Quick Guard
|move|p1a: Ceruledge|Shadow Sneak|p2b: Delphox
|-activate|p2b: Delphox|move: Quick Guard
|move|p2b: Delphox|Psyshock|p1a: Ceruledge
|-damage|p1a: Ceruledge|26/100
|move|p1b: Sinistcha|Matcha Gotcha|p2a: Sneasler|[spread] p2a,p2b
|-resisted|p2a: Sneasler|1
|-resisted|p2b: Delphox|1
|-damage|p2a: Sneasler|61/100
|-damage|p2b: Delphox|0 fnt
|faint|p2b: Delphox
|
|upkeep
|
|t:|1783102882
|switch|p2b: Sinistcha|Sinistcha, L50|100/100
|-heal|p2a: Sneasler|85/100|[from] ability: Hospitality|[of] p2b: Sinistcha
|turn|6
|
|t:|1783102893
|move|p2b: Sinistcha|Protect|p2b: Sinistcha
|-singleturn|p2b: Sinistcha|Protect
|move|p1b: Sinistcha|Rage Powder|p1b: Sinistcha
|-singleturn|p1b: Sinistcha|move: Rage Powder
|move|p2a: Sneasler|Poison Jab|p1b: Sinistcha
|-damage|p1b: Sinistcha|67/100
|-status|p1b: Sinistcha|psn
|move|p1a: Ceruledge|Bitter Blade|p2b: Sinistcha
|-activate|p2b: Sinistcha|move: Protect
|
|-damage|p1b: Sinistcha|55/100 psn|[from] psn
|upkeep
|turn|7
|
|t:|1783102907
|move|p1a: Ceruledge|Protect|p1a: Ceruledge
|-singleturn|p1a: Ceruledge|Protect
|move|p2a: Sneasler|Poison Jab|p1a: Ceruledge
|-activate|p1a: Ceruledge|move: Protect
|move|p2b: Sinistcha|Matcha Gotcha|p1b: Sinistcha|[spread] p1b
|-activate|p1a: Ceruledge|move: Protect
|-resisted|p1b: Sinistcha|1
|-damage|p1b: Sinistcha|43/100 psn
|move|p1b: Sinistcha|Life Dew|p1b: Sinistcha|[spread] p1a,p1b
|-heal|p1a: Ceruledge|51/100
|-heal|p1b: Sinistcha|68/100 psn
|
|-damage|p1b: Sinistcha|56/100 psn|[from] psn
|upkeep
|turn|8
|
|t:|1783102925
|move|p2a: Sneasler|Poison Jab|p1a: Ceruledge
|-resisted|p1a: Ceruledge|1
|-damage|p1a: Ceruledge|37/100
|move|p1a: Ceruledge|Bitter Blade|p2a: Sneasler
|-damage|p2a: Sneasler|0 fnt
|-heal|p1a: Ceruledge|75/100|[from] drain|[of] p2a: Sneasler
|faint|p2a: Sneasler
|move|p2b: Sinistcha|Matcha Gotcha|p1a: Ceruledge|[spread] p1a,p1b
|-resisted|p1a: Ceruledge|1
|-resisted|p1b: Sinistcha|1
|-damage|p1a: Ceruledge|63/100
|-damage|p1b: Sinistcha|44/100 psn
|move|p1b: Sinistcha|Life Dew|p1b: Sinistcha|[spread] p1a,p1b
|-heal|p1a: Ceruledge|88/100
|-heal|p1b: Sinistcha|69/100 psn
|
|-damage|p1b: Sinistcha|57/100 psn|[from] psn
|upkeep
|
|t:|1783102931
|switch|p2a: Kingambit|Kingambit, L50, M|100/100
|turn|9
|
|t:|1783102943
|move|p2b: Sinistcha|Rage Powder|p2b: Sinistcha
|-singleturn|p2b: Sinistcha|move: Rage Powder
|move|p1b: Sinistcha|Rage Powder|p1b: Sinistcha
|-singleturn|p1b: Sinistcha|move: Rage Powder
|move|p1a: Ceruledge|Bitter Blade|p2b: Sinistcha
|-supereffective|p2b: Sinistcha|1
|-enditem|p2b: Sinistcha|Occa Berry|[eat]
|-enditem|p2b: Sinistcha|Occa Berry|[weaken]
|-damage|p2b: Sinistcha|47/100
|-heal|p1a: Ceruledge|100/100|[from] drain|[of] p2b: Sinistcha
|move|p2a: Kingambit|Kowtow Cleave|p1b: Sinistcha
|-supereffective|p1b: Sinistcha|1
|-damage|p1b: Sinistcha|0 fnt
|faint|p1b: Sinistcha
|
|upkeep
|turn|10
|
|t:|1783102953
|move|p2b: Sinistcha|Rage Powder|p2b: Sinistcha
|-singleturn|p2b: Sinistcha|move: Rage Powder
|move|p1a: Ceruledge|Bitter Blade|p2b: Sinistcha
|-supereffective|p2b: Sinistcha|1
|-damage|p2b: Sinistcha|0 fnt
|faint|p2b: Sinistcha
|move|p2a: Kingambit|Kowtow Cleave|p1a: Ceruledge
|-supereffective|p1a: Ceruledge|1
|-enditem|p1a: Ceruledge|Colbur Berry|[eat]
|-enditem|p1a: Ceruledge|Colbur Berry|[weaken]
|-damage|p1a: Ceruledge|58/100
|
|upkeep
|turn|11
|
|t:|1783102961
|move|p1a: Ceruledge|Bitter Blade|p2a: Kingambit
|-supereffective|p2a: Kingambit|1
|-damage|p2a: Kingambit|0 fnt
|-heal|p1a: Ceruledge|100/100|[from] drain|[of] p2a: Kingambit
|faint|p2a: Kingambit
|
|win|GrovyleSSJ
|raw|GrovyleSSJ's rating: 1312 → 1346(+34 for winning)
|raw|slucin's rating: 1618 → 1584(-34 for losing)
|l|☆slucin
|player|p2|
