|j|☆Jjayy09
|j|☆huntr/x rumi
|html|Jjayy09huntr/x rumi    
|uhtml|bestof|Game 2 of a best-of-3
|t:|1756164895
|gametype|doubles
|player|p1|Jjayy09|lady-gen4|1139
|player|p2|huntr/x rumi|acetrainerf|1187
|gen|9
|tier|[Gen 9] VGC 2025 Reg H (Bo3)
|rated|
|rule|Species Clause: Limit one of each Pokémon
|rule|Item Clause: Limit 1 of each item
|clearpoke
|poke|p1|Garchomp, L50, M|
|poke|p1|Weezing-Galar, L50, M|
|poke|p1|Archaludon, L50, F|
|poke|p1|Gholdengo, L50|
|poke|p1|Talonflame, L50, M|
|poke|p1|Annihilape, L50, F|
|poke|p2|Palafin, L50, M|
|poke|p2|Incineroar, L50, M|
|poke|p2|Amoonguss, L50, M|
|poke|p2|Stonjourner, L50, F|
|poke|p2|Dragapult, L50, F|
|poke|p2|Ninetales-Alola, L50, M|
|teampreview|4
|showteam|p1|Garchomp||LifeOrb|RoughSkin|DragonClaw,Earthquake,StompingTantrum,Protect|||M|||50|,,,,,Ground]Weezing-Galar||FocusSash|NeutralizingGas|Protect,SludgeBomb,Taunt,StrangeSteam|||M|||50|,,,,,Flying]Archaludon||PowerHerb|Sturdy|ElectroShot,Thunderbolt,DracoMeteor,Protect|||F|||50|,,,,,Electric]Gholdengo||ChoiceSpecs|GoodasGold|ShadowBall,DazzlingGleam,PowerGem,MakeItRain||||||50|,,,,,Fairy]Talonflame||CovertCloak|GaleWings|Tailwind,DualWingbeat,WillOWisp,FlareBlitz|||M|||50|,,,,,Fairy]Annihilape||AssaultVest|Defiant|CloseCombat,RageFist,FinalGambit,IcePunch|||F|||50|,,,,,Grass
|showteam|p2|Palafin||MysticWater|ZerotoHero|Protect,JetPunch,WaveCrash,Haze|||M|||50|,,,,,Water]Incineroar||SafetyGoggles|Intimidate|FakeOut,FlareBlitz,KnockOff,PartingShot|||M|||50|,,,,,Ghost]Amoonguss||CovertCloak|Regenerator|Protect,Spore,RagePowder,PollenPuff|||M|||50|,,,,,Psychic]Stonjourner||FocusSash|PowerSpot|Protect,WideGuard,RockSlide,LowKick|||F|||50|,,,,,Fighting]Dragapult||ChoiceBand|ClearBody|DragonDarts,PhantomForce,Outrage,Uturn|||F|||50|,,,,,Dragon]Ninetales-Alola||ChoiceSpecs|SnowWarning|Blizzard,FreezeDry,Moonblast,DazzlingGleam|||M|||50|,,,,,Fairy
|
|t:|1756164939
|teamsize|p1|4
|teamsize|p2|4
|start
|switch|p1a: Weezing|Weezing-Galar, L50, M|100/100
|switch|p1b: Gholdengo|Gholdengo, L50|100/100
|switch|p2a: TakeYouBack|Stonjourner, L50, F, shiny|100/100
|switch|p2b: GoodLckBabe!|Ninetales-Alola, L50, M|100/100
|-ability|p1a: Weezing|Neutralizing Gas
|turn|1
|
|t:|1756164959
|move|p2b: GoodLckBabe!|Blizzard|p1b: Gholdengo|[spread] p1a
|-miss|p2b: GoodLckBabe!|p1b: Gholdengo
|-damage|p1a: Weezing|24/100
|move|p1b: Gholdengo|Make It Rain|p2a: TakeYouBack|[spread] p2a,p2b
|-supereffective|p2a: TakeYouBack
|-supereffective|p2b: GoodLckBabe!
|-enditem|p2a: TakeYouBack|Focus Sash
|-damage|p2a: TakeYouBack|1/100
|-damage|p2b: GoodLckBabe!|0 fnt
|-unboost|p1b: Gholdengo|spa|1
|faint|p2b: GoodLckBabe!
|move|p2a: TakeYouBack|Rock Slide|p1a: Weezing|[spread] p1a,p1b
|-resisted|p1b: Gholdengo
|-damage|p1a: Weezing|0 fnt
|-damage|p1b: Gholdengo|85/100
|faint|p1a: Weezing
|-end|p1a: Weezing|ability: Neutralizing Gas
|
|upkeep
|
|t:|1756164976
|switch|p2b: Good Graces|Palafin, L50, M|100/100
|switch|p1a: Garchomp|Garchomp, L50, M|100/100
|turn|2
|
|t:|1756164983
|detailschange|p2b: Good Graces|Palafin-Hero, L50, M
|switch|p2b: Juno|Dragapult, L50, F, shiny|100/100
|switch|p1b: Talonflame|Talonflame, L50, M|100/100
|move|p2a: TakeYouBack|Wide Guard|p2a: TakeYouBack
|-singleturn|p2a: TakeYouBack|Wide Guard
|move|p1a: Garchomp|Earthquake|p2b: Juno|[spread] 
|-activate|p2a: TakeYouBack|move: Wide Guard
|-activate|p2b: Juno|move: Wide Guard
|-immune|p1b: Talonflame
|
|upkeep
|turn|3
|
|t:|1756165010
|-terastallize|p1b: Talonflame|Fairy
|move|p1b: Talonflame|Tailwind|p1b: Talonflame
|-sidestart|p1: Jjayy09|move: Tailwind
|move|p1a: Garchomp|Dragon Claw|p2b: Juno
|-supereffective|p2b: Juno
|-damage|p2b: Juno|0 fnt
|faint|p2b: Juno
|-damage|p1a: Garchomp|91/100|[from] item: Life Orb
|move|p2a: TakeYouBack|Rock Slide|p1a: Garchomp|[spread] p1a,p1b
|-resisted|p1a: Garchomp
|-crit|p1a: Garchomp
|-damage|p1a: Garchomp|69/100
|-damage|p1b: Talonflame|57/100
|
|upkeep
|
|t:|1756165016
|switch|p2b: Good Graces|Palafin-Hero, L50, M|100/100
|-activate|p2b: Good Graces|ability: Zero to Hero
|turn|4
|
|t:|1756165040
|-terastallize|p2b: Good Graces|Water
|move|p2a: TakeYouBack|Protect|p2a: TakeYouBack
|-singleturn|p2a: TakeYouBack|Protect
|move|p2b: Good Graces|Jet Punch|p1b: Talonflame
|-damage|p1b: Talonflame|0 fnt
|faint|p1b: Talonflame
|move|p1a: Garchomp|Stomping Tantrum|p2b: Good Graces
|-damage|p2b: Good Graces|53/100
|-damage|p1a: Garchomp|59/100|[from] item: Life Orb
|
|upkeep
|
|t:|1756165049
|switch|p1b: Gholdengo|Gholdengo, L50|85/100
|turn|5
|
|t:|1756165071
|move|p2a: TakeYouBack|Wide Guard|p2a: TakeYouBack
|-singleturn|p2a: TakeYouBack|Wide Guard
|move|p2b: Good Graces|Jet Punch|p1b: Gholdengo
|-damage|p1b: Gholdengo|0 fnt
|faint|p1b: Gholdengo
|move|p1a: Garchomp|Stomping Tantrum|p2a: TakeYouBack
|-supereffective|p2a: TakeYouBack
|-damage|p2a: TakeYouBack|0 fnt
|faint|p2a: TakeYouBack
|-damage|p1a: Garchomp|49/100|[from] item: Life Orb
|
|upkeep
|turn|6
|
|t:|1756165080
|move|p2b: Good Graces|Jet Punch|p1a: Garchomp
|-damage|p1a: Garchomp|0 fnt
|-damage|p2b: Good Graces|40/100|[from] ability: Rough Skin|[of] p1a: Garchomp
|faint|p1a: Garchomp
|
|win|huntr/x rumi
|raw|Jjayy09's rating: 1139 → 1117(-22 for losing)
|raw|huntr/x rumi's rating: 1187 → 1209(+22 for winning)
|l|☆Jjayy09
|player|p1|
