|j|☆JaBoiJMoney
|j|☆lux raymundi
|html|JaBoiJMoneylux raymundi    
|uhtml|bestof|Game 1 of a best-of-3
|t:|1782685879
|gametype|doubles
|player|p1|JaBoiJMoney|1|1144
|player|p2|lux raymundi|169|1248
|gen|9
|tier|[Gen 9 Champions] VGC 2026 Reg M-B (Bo3)
|rated|
|rule|Species Clause: Limit one of each Pokémon
|rule|Item Clause: Limit 1 of each item
|clearpoke
|poke|p1|Bellibolt, L50, F|
|poke|p1|Froslass, L50, F|
|poke|p1|Whimsicott, L50, F|
|poke|p1|Kommo-o, L50, M|
|poke|p1|Kingambit, L50, F|
|poke|p1|Sneasler, L50, M|
|poke|p2|Archaludon, L50, F|
|poke|p2|Pelipper, L50, M|
|poke|p2|Grimmsnarl, L50, M|
|poke|p2|Metagross, L50|
|poke|p2|Sinistcha, L50|
|poke|p2|Swampert, L50, M|
|teampreview|4
|showteam|p1|Bellibolt||Magnet|Electromorphosis|Thunderbolt,MuddyWater,ParabolicCharge,Protect|Modest||F|||50|]Froslass||Froslassite|CursedBody|AuroraVeil,Blizzard,ShadowBall,Protect|Timid||F|||50|]Whimsicott||FocusSash|Prankster|Tailwind,Moonblast,FakeTears,Protect|Timid||F|||50|]Kommo-o||Leftovers|Soundproof|ClangorousSoul,AuraSphere,ClangingScales,Protect|Timid||M|||50|]Kingambit||BlackGlasses|Defiant|IronHead,KowtowCleave,SuckerPunch,Protect|Adamant||F|||50|]Sneasler||WhiteHerb|Unburden|FakeOut,CloseCombat,DireClaw,Protect|Adamant||M|||50|
|showteam|p2|Archaludon||Leftovers|Stamina|Protect,ElectroShot,FlashCannon,DragonPulse|Modest||F|||50|]Pelipper||SitrusBerry|Drizzle|WideGuard,Tailwind,WeatherBall,Hurricane|Modest||M|||50|]Grimmsnarl||LightClay|Prankster|FoulPlay,PartingShot,LightScreen,Reflect|Calm||M|||50|]Metagross||Metagrossite|ClearBody|Protect,BodyPress,PsychicFangs,IronHead|Jolly|||||50|]Sinistcha||CobaBerry|Hospitality|Protect,TrickRoom,MatchaGotcha,RagePowder|Relaxed|||||50|]Swampert||Swampertite|Damp|Protect,IcePunch,WaveCrash,Earthquake|Adamant||M|||50|
|
|t:|1782685925
|teamsize|p1|4
|teamsize|p2|4
|start
|switch|p1a: Froslass|Froslass, L50, F|100/100
|switch|p1b: Bellibolt|Bellibolt, L50, F|100/100
|switch|p2a: Pelipper|Pelipper, L50, M|100/100
|switch|p2b: Grimmsnarl|Grimmsnarl, L50, M|100/100
|-weather|RainDance|[from] ability: Drizzle|[of] p2a: Pelipper
|turn|1
|
|t:|1782685941
|switch|p2a: Swampert|Swampert, L50, M|100/100
|detailschange|p1a: Froslass|Froslass-Mega, L50, F
|-mega|p1a: Froslass|Froslass|Froslassite
|-weather|Snowscape|[from] ability: Snow Warning|[of] p1a: Froslass
|move|p2b: Grimmsnarl|Parting Shot|p1b: Bellibolt
|-unboost|p1b: Bellibolt|atk|1
|-unboost|p1b: Bellibolt|spa|1
|
|t:|1782685948
|switch|p2b: Pelipper|Pelipper, L50, M|100/100|[from] Parting Shot
|-weather|RainDance|[from] ability: Drizzle|[of] p2b: Pelipper
|move|p1a: Froslass|Aurora Veil||[still]
|-fail|p1a: Froslass
|move|p1b: Bellibolt|Thunderbolt|p2b: Pelipper
|-supereffective|p2b: Pelipper|2
|-crit|p2b: Pelipper
|-damage|p2b: Pelipper|0 fnt
|faint|p2b: Pelipper
|
|-weather|RainDance|[upkeep]
|upkeep
|
|t:|1782685955
|switch|p2b: Archaludon|Archaludon, L50, F|100/100
|turn|2
|
|t:|1782685969
|switch|p1a: Whimsicott|Whimsicott, L50, F|100/100
|switch|p1b: Kommo-o|Kommo-o, L50, M|100/100
|detailschange|p2a: Swampert|Swampert-Mega, L50, M
|-mega|p2a: Swampert|Swampert|Swampertite
|move|p2b: Archaludon|Protect|p2b: Archaludon
|-singleturn|p2b: Archaludon|Protect
|move|p2a: Swampert|Earthquake|p1b: Kommo-o|[spread] p1a,p1b
|-activate|p2b: Archaludon|move: Protect
|-resisted|p1a: Whimsicott|1
|-damage|p1a: Whimsicott|64/100
|-damage|p1b: Kommo-o|55/100
|
|-weather|RainDance|[upkeep]
|-heal|p1b: Kommo-o|61/100|[from] item: Leftovers
|upkeep
|turn|3
|
|t:|1782685987
|switch|p2a: Grimmsnarl|Grimmsnarl, L50, M|100/100
|switch|p1b: Froslass|Froslass-Mega, L50, F|100/100
|-weather|Snowscape|[from] ability: Snow Warning|[of] p1b: Froslass
|move|p1a: Whimsicott|Protect|p1a: Whimsicott
|-singleturn|p1a: Whimsicott|Protect
|move|p2b: Archaludon|Dragon Pulse|p1b: Froslass
|-damage|p1b: Froslass|46/100
|
|-weather|Snowscape|[upkeep]
|upkeep
|turn|4
|
|t:|1782686007
|move|p1a: Whimsicott|Fake Tears|p2b: Archaludon
|-unboost|p2b: Archaludon|spd|2
|move|p2a: Grimmsnarl|Light Screen|p2a: Grimmsnarl
|-sidestart|p2: lux raymundi|move: Light Screen
|move|p1b: Froslass|Blizzard|p2b: Archaludon|[spread] p2a,p2b
|-damage|p2a: Grimmsnarl|74/100
|-damage|p2b: Archaludon|27/100
|-ability|p2b: Archaludon|Stamina|boost
|-boost|p2b: Archaludon|def|1
|move|p2b: Archaludon|Flash Cannon|p1a: Whimsicott
|-supereffective|p1a: Whimsicott|1
|-damage|p1a: Whimsicott|0 fnt
|faint|p1a: Whimsicott
|
|-weather|Snowscape|[upkeep]
|-heal|p2b: Archaludon|33/100|[from] item: Leftovers
|upkeep
|
|t:|1782686018
|switch|p1a: Bellibolt|Bellibolt, L50, F|100/100
|turn|5
|
|t:|1782686025
|move|p2b: Archaludon|Protect|p2b: Archaludon
|-singleturn|p2b: Archaludon|Protect
|move|p2a: Grimmsnarl|Parting Shot|p1b: Froslass
|-unboost|p1b: Froslass|atk|1
|-unboost|p1b: Froslass|spa|1
|
|t:|1782686031
|switch|p2a: Swampert|Swampert-Mega, L50, M|100/100|[from] Parting Shot
|move|p1b: Froslass|Blizzard|p2a: Swampert|[spread] p2a
|-activate|p2b: Archaludon|move: Protect
|-damage|p2a: Swampert|82/100
|-status|p2a: Swampert|frz
|move|p1a: Bellibolt|Thunderbolt|p2b: Archaludon
|-activate|p2b: Archaludon|move: Protect
|
|-weather|Snowscape|[upkeep]
|-heal|p2b: Archaludon|39/100|[from] item: Leftovers
|upkeep
|turn|6
|
|t:|1782686052
|switch|p2b: Grimmsnarl|Grimmsnarl, L50, M|74/100
|move|p1b: Froslass|Blizzard|p2a: Swampert|[spread] p2a,p2b
|-damage|p2a: Swampert|63/100 frz
|-damage|p2b: Grimmsnarl|55/100
|-curestatus|p2a: Swampert|frz|[msg]
|move|p2a: Swampert|Ice Punch|p1b: Froslass
|-resisted|p1b: Froslass|1
|-damage|p1b: Froslass|28/100
|move|p1a: Bellibolt|Muddy Water|p2a: Swampert|[spread] p2a,p2b
|-damage|p2a: Swampert|49/100
|-damage|p2b: Grimmsnarl|43/100
|-unboost|p2a: Swampert|accuracy|1
|
|-weather|Snowscape|[upkeep]
|upkeep
|turn|7
|c|☆lux raymundi|...
|
|t:|1782686072
|move|p2b: Grimmsnarl|Parting Shot|p1a: Bellibolt
|-unboost|p1a: Bellibolt|atk|1
|-unboost|p1a: Bellibolt|spa|1
|
|t:|1782686075
|switch|p2b: Archaludon|Archaludon, L50, F|39/100|[from] Parting Shot
|move|p1b: Froslass|Aurora Veil|p1b: Froslass
|-sidestart|p1: JaBoiJMoney|move: Aurora Veil
|move|p2a: Swampert|Wave Crash|p1a: Bellibolt
|-damage|p1a: Bellibolt|51/100
|-start|p1a: Bellibolt|Charge|Wave Crash|[from] ability: Electromorphosis
|-damage|p2a: Swampert|29/100|[from] Recoil
|move|p1a: Bellibolt|Thunderbolt|p2b: Archaludon
|-resisted|p2b: Archaludon|1
|-damage|p2b: Archaludon|13/100
|-ability|p2b: Archaludon|Stamina|boost
|-boost|p2b: Archaludon|def|1
|-end|p1a: Bellibolt|Charge|[silent]
|
|-weather|none
|-heal|p2b: Archaludon|19/100|[from] item: Leftovers
|upkeep
|turn|8
|
|t:|1782686097
|move|p1b: Froslass|Blizzard|p2a: Swampert|[spread] p2b
|-miss|p1b: Froslass|p2a: Swampert
|-damage|p2b: Archaludon|0 fnt
|faint|p2b: Archaludon
|move|p2a: Swampert|Wave Crash|p1b: Froslass|[miss]
|-miss|p2a: Swampert|p1b: Froslass
|move|p1a: Bellibolt|Thunderbolt|p2a: Swampert
|-immune|p2a: Swampert
|
|upkeep
|
|t:|1782686106
|switch|p2b: Grimmsnarl|Grimmsnarl, L50, M|43/100
|turn|9
|
|t:|1782686124
|move|p1b: Froslass|Blizzard|p2a: Swampert|[spread] 
|-miss|p1b: Froslass|p2a: Swampert
|-miss|p1b: Froslass|p2b: Grimmsnarl
|move|p2a: Swampert|Ice Punch|p1b: Froslass
|-resisted|p1b: Froslass|1
|-damage|p1b: Froslass|11/100
|move|p2b: Grimmsnarl|Foul Play|p1a: Bellibolt
|-damage|p1a: Bellibolt|43/100
|-start|p1a: Bellibolt|Charge|Foul Play|[from] ability: Electromorphosis
|move|p1a: Bellibolt|Thunderbolt|p2b: Grimmsnarl
|-damage|p2b: Grimmsnarl|4/100
|-end|p1a: Bellibolt|Charge|[silent]
|
|upkeep
|turn|10
|
|t:|1782686137
|move|p1b: Froslass|Blizzard|p2a: Swampert|[spread] 
|-miss|p1b: Froslass|p2a: Swampert
|-miss|p1b: Froslass|p2b: Grimmsnarl
|move|p2a: Swampert|Earthquake|p1b: Froslass|[spread] p2b,p1a,p1b
|-supereffective|p1a: Bellibolt|1
|-damage|p2b: Grimmsnarl|0 fnt
|-damage|p1a: Bellibolt|0 fnt
|-damage|p1b: Froslass|0 fnt
|faint|p2b: Grimmsnarl
|faint|p1a: Bellibolt
|faint|p1b: Froslass
|
|upkeep
|
|t:|1782686143
|switch|p1a: Kommo-o|Kommo-o, L50, M|61/100
|turn|11
|
|t:|1782686153
|move|p1a: Kommo-o|Protect|p1a: Kommo-o
|-singleturn|p1a: Kommo-o|Protect
|move|p2a: Swampert|Ice Punch|p1a: Kommo-o
|-activate|p1a: Kommo-o|move: Protect
|
|-heal|p1a: Kommo-o|67/100|[from] item: Leftovers
|-sideend|p2: lux raymundi|move: Light Screen
|-sideend|p1: JaBoiJMoney|move: Aurora Veil
|upkeep
|turn|12
|
|t:|1782686157
|move|p1a: Kommo-o|Clanging Scales|p2a: Swampert
|-damage|p2a: Swampert|0 fnt
|faint|p2a: Swampert
|
|win|JaBoiJMoney
