|j|☆r4ka
|j|☆zampe96
|html|r4kazampe96    
|uhtml|bestof|Game 2 of a best-of-3
|t:|1757252290
|gametype|doubles
|player|p1|r4ka|266|1283
|player|p2|zampe96|266|1286
|gen|9
|tier|[Gen 9] VGC 2025 Reg H (Bo3)
|rated|
|rule|Species Clause: Limit one of each Pokémon
|rule|Item Clause: Limit 1 of each item
|clearpoke
|poke|p1|Rillaboom, L50, M|
|poke|p1|Dragonite, L50, F|
|poke|p1|Sneasler, L50, F|
|poke|p1|Kingambit, L50, M|
|poke|p1|Electabuzz, L50, M|
|poke|p1|Volcarona, L50, F|
|poke|p2|Dragapult, L50, F|
|poke|p2|Kingambit, L50, F|
|poke|p2|Gholdengo, L50|
|poke|p2|Pelipper, L50, F|
|poke|p2|Ursaluna-Bloodmoon, L50, M|
|poke|p2|Archaludon, L50, M|
|teampreview|4
|showteam|p1|Rillaboom||AssaultVest|GrassySurge|FakeOut,HighHorsepower,WoodHammer,GrassyGlide|||M|||50|,,,,,Fire]Dragonite||LoadedDice|Multiscale|ExtremeSpeed,ScaleShot,Protect,Haze|||F|||50|,,,,,Steel]Sneasler||FocusSash|PoisonTouch|DireClaw,CloseCombat,FakeOut,Coaching|||F|||50|,,,,,Stellar]Kingambit||BlackGlasses|Defiant|KowtowCleave,SuckerPunch,SwordsDance,Protect|||M|||50|,,,,,Ghost]Electabuzz||Eviolite|VitalSpirit|Thunderbolt,Taunt,Protect,FollowMe|||M|||50|,,,,,Ghost]Volcarona||Leftovers|FlameBody|HeatWave,TeraBlast,QuiverDance,Protect|||F|||50|,,,,,Fairy
|showteam|p2|Dragapult||ChoiceBand|ClearBody|Outrage,Uturn,DragonDarts,PhantomForce|||F|||50|,,,,,Dragon]Kingambit||BlackGlasses|Defiant|Protect,SwordsDance,IronHead,KowtowCleave|||F|||50|,,,,,Fairy]Gholdengo||MetalCoat|GoodasGold|NastyPlot,Protect,MakeItRain,ShadowBall||||||50|,,,,,Steel]Pelipper||CovertCloak|Drizzle|WideGuard,Tailwind,Hurricane,WeatherBall|||F|||50|,,,,,Water]Ursaluna-Bloodmoon||LifeOrb|MindsEye|BloodMoon,HyperVoice,EarthPower,VacuumWave|||M|||50|,,,,,Normal]Archaludon||Leftovers|Stamina|BodyPress,Protect,DragonPulse,ElectroShot|||M|||50|,,,,,Grass
|
|t:|1757252327
|teamsize|p1|4
|teamsize|p2|4
|start
|switch|p1a: Electabuzz|Electabuzz, L50, M|100/100
|switch|p1b: Volcarona|Volcarona, L50, F|100/100
|switch|p2a: Dragapult|Dragapult, L50, F|100/100
|switch|p2b: Pelipper|Pelipper, L50, F|100/100
|-weather|RainDance|[from] ability: Drizzle|[of] p2b: Pelipper
|turn|1
|
|t:|1757252349
|-terastallize|p2a: Dragapult|Dragon
|-terastallize|p1b: Volcarona|Fairy
|move|p2a: Dragapult|Outrage|p1a: Electabuzz
|-damage|p1a: Electabuzz|7/100
|move|p1b: Volcarona|Tera Blast|p2a: Dragapult|[anim] Tera Blast Fairy
|-supereffective|p2a: Dragapult
|-damage|p2a: Dragapult|0 fnt
|faint|p2a: Dragapult
|move|p1a: Electabuzz|Thunderbolt|p2b: Pelipper
|-supereffective|p2b: Pelipper
|-damage|p2b: Pelipper|0 fnt
|faint|p2b: Pelipper
|
|-weather|RainDance|[upkeep]
|upkeep
|
|t:|1757252362
|switch|p2a: Archaludon|Archaludon, L50, M|100/100
|switch|p2b: Kingambit|Kingambit, L50, F|100/100
|turn|2
|
|t:|1757252375
|move|p1a: Electabuzz|Follow Me|p1a: Electabuzz
|-singleturn|p1a: Electabuzz|move: Follow Me
|move|p1b: Volcarona|Heat Wave|p2a: Archaludon|[spread] p2a,p2b
|-supereffective|p2b: Kingambit
|-damage|p2a: Archaludon|80/100
|-damage|p2b: Kingambit|76/100
|-ability|p2a: Archaludon|Stamina|boost
|-boost|p2a: Archaludon|def|1
|move|p2a: Archaludon|Electro Shot||[still]
|-prepare|p2a: Archaludon|Electro Shot
|-boost|p2a: Archaludon|spa|1
|-anim|p2a: Archaludon|Electro Shot|p1a: Electabuzz
|-resisted|p1a: Electabuzz
|-damage|p1a: Electabuzz|0 fnt
|faint|p1a: Electabuzz
|move|p2b: Kingambit|Iron Head|p1b: Volcarona
|-supereffective|p1b: Volcarona
|-damage|p1b: Volcarona|8/100
|-status|p2b: Kingambit|brn|[from] ability: Flame Body|[of] p1b: Volcarona
|
|-weather|RainDance|[upkeep]
|-heal|p1b: Volcarona|15/100|[from] item: Leftovers
|-heal|p2a: Archaludon|86/100|[from] item: Leftovers
|-damage|p2b: Kingambit|71/100 brn|[from] brn
|upkeep
|
|t:|1757252393
|switch|p1a: Sneasler|Sneasler, L50, F|100/100
|turn|3
|
|t:|1757252404
|move|p1b: Volcarona|Protect|p1b: Volcarona
|-singleturn|p1b: Volcarona|Protect
|move|p2a: Archaludon|Protect|p2a: Archaludon
|-singleturn|p2a: Archaludon|Protect
|move|p1a: Sneasler|Close Combat|p2a: Archaludon
|-activate|p2a: Archaludon|move: Protect
|move|p2b: Kingambit|Iron Head|p1b: Volcarona
|-activate|p1b: Volcarona|move: Protect
|
|-weather|RainDance|[upkeep]
|-heal|p1b: Volcarona|21/100|[from] item: Leftovers
|-heal|p2a: Archaludon|92/100|[from] item: Leftovers
|-damage|p2b: Kingambit|65/100 brn|[from] brn
|upkeep
|turn|4
|
|t:|1757252421
|move|p1a: Sneasler|Close Combat|p2a: Archaludon
|-supereffective|p2a: Archaludon
|-damage|p2a: Archaludon|25/100
|-unboost|p1a: Sneasler|def|1
|-unboost|p1a: Sneasler|spd|1
|-ability|p2a: Archaludon|Stamina|boost
|-boost|p2a: Archaludon|def|1
|move|p1b: Volcarona|Tera Blast|p2a: Archaludon|[anim] Tera Blast Fairy
|-damage|p2a: Archaludon|0 fnt
|faint|p2a: Archaludon
|move|p2b: Kingambit|Kowtow Cleave|p1a: Sneasler
|-resisted|p1a: Sneasler
|-damage|p1a: Sneasler|67/100
|
|-weather|RainDance|[upkeep]
|-heal|p1b: Volcarona|27/100|[from] item: Leftovers
|-damage|p2b: Kingambit|59/100 brn|[from] brn
|upkeep
|turn|5
|-message|zampe96 forfeited.
|
|win|r4ka
|raw|r4ka's rating: 1283 → 1308(+25 for winning)
|raw|zampe96's rating: 1286 → 1261(-25 for losing)
|l|☆zampe96
|player|p2|
