|j|☆kotamager34
|j|☆TAG2004
|html|kotamager34TAG2004    
|uhtml|bestof|Game 1 of a best-of-3
|t:|1783767732
|gametype|doubles
|player|p1|kotamager34|grimsley|1198
|player|p2|TAG2004|266|1171
|gen|9
|tier|[Gen 9 Champions] VGC 2026 Reg M-B (Bo3)
|rated|
|rule|Species Clause: Limit one of each Pokémon
|rule|Item Clause: Limit 1 of each item
|clearpoke
|poke|p1|Mawile, L50, M, shiny|
|poke|p1|Raichu, L50, M|
|poke|p1|Sinistcha, L50|
|poke|p1|Ceruledge, L50, M, shiny|
|poke|p1|Incineroar, L50, F|
|poke|p1|Milotic, L50, M|
|poke|p2|Venusaur, L50, F|
|poke|p2|Hydreigon, L50, M|
|poke|p2|Grimmsnarl, L50, M|
|poke|p2|Pelipper, L50, F|
|poke|p2|Archaludon, L50, M|
|poke|p2|Swampert, L50, M|
|teampreview|4
|showteam|p1|Mawile||Mawilite|HyperCutter|PlayRough,SuckerPunch,SwordsDance,Protect|Adamant||M|||50|]Raichu||RaichuniteY|LightningRod|ZapCannon,FocusBlast,FakeOut,Protect|Timid||M|||50|]Sinistcha||KasibBerry|Hospitality|Protect,RagePowder,MatchaGotcha,LifeDew|Calm|||||50|]Ceruledge||ColburBerry|FlashFire|BulkUp,Protect,ShadowSneak,BitterBlade|Adamant||M|||50|]Incineroar||SitrusBerry|Intimidate|FakeOut,ThroatChop,FlareBlitz,PartingShot|Impish||F|||50|]Milotic||Leftovers|Competitive|MuddyWater,Hypnosis,Coil,Protect|Calm||M|||50|
|showteam|p2|Venusaur||Venusaurite|Chlorophyll|SludgeBomb,Protect,EarthPower,GigaDrain|Modest||F|||50|]Hydreigon||ChoiceScarf|Levitate|DarkPulse,DracoMeteor,Snarl,Uturn|Modest||M|||50|]Grimmsnarl||LightClay|Prankster|PartingShot,Reflect,LightScreen,SpiritBreak|Careful||M|||50|]Pelipper||SitrusBerry|Drizzle|Hurricane,WeatherBall,Tailwind,WideGuard|Modest||F|||50|]Archaludon||Leftovers|Stamina|ElectroShot,FlashCannon,DragonPulse,Protect|Modest||M|||50|]Swampert||Swampertite|Damp|Protect,WaveCrash,HighHorsepower,IcePunch|Adamant||M|||50|
|inactive|Battle timer is ON: inactive players will automatically lose when time's up. (requested by kotamager34)
|inactive|TAG2004 also wants the timer to be on.
|inactive|kotamager34 has 60 seconds left.
|inactive|TAG2004 has 60 seconds left.
|
|t:|1783767781
|teamsize|p1|4
|teamsize|p2|4
|start
|switch|p1a: Incineroar|Incineroar, L50, F|100/100
|switch|p1b: Raichu|Raichu, L50, M|100/100
|switch|p2a: Grimmsnarl|Grimmsnarl, L50, M|100/100
|switch|p2b: Archaludon|Archaludon, L50, M|100/100
|-ability|p1a: Incineroar|Intimidate|boost
|-unboost|p2a: Grimmsnarl|atk|1
|-unboost|p2b: Archaludon|atk|1
|turn|1
|
|t:|1783767792
|detailschange|p1b: Raichu|Raichu-Mega-Y, L50, M
|-mega|p1b: Raichu|Raichu|Raichunite Y
|move|p2b: Archaludon|Protect|p2b: Archaludon
|-singleturn|p2b: Archaludon|Protect
|move|p1a: Incineroar|Fake Out|p2a: Grimmsnarl
|-damage|p2a: Grimmsnarl|89/100
|cant|p2a: Grimmsnarl|flinch
|move|p1b: Raichu|Focus Blast|p2b: Archaludon
|-activate|p2b: Archaludon|move: Protect
|
|upkeep
|turn|2
|
|t:|1783767809
|move|p1b: Raichu|Protect|p1b: Raichu
|-singleturn|p1b: Raichu|Protect
|move|p2a: Grimmsnarl|Light Screen|p2a: Grimmsnarl
|-sidestart|p2: TAG2004|move: Light Screen
|move|p2b: Archaludon|Dragon Pulse|p1a: Incineroar
|-crit|p1a: Incineroar
|-damage|p1a: Incineroar|48/100
|-enditem|p1a: Incineroar|Sitrus Berry|[eat]
|-heal|p1a: Incineroar|72/100|[from] item: Sitrus Berry
|move|p1a: Incineroar|Parting Shot|p2b: Archaludon
|-unboost|p2b: Archaludon|atk|1
|-unboost|p2b: Archaludon|spa|1
|
|t:|1783767816
|switch|p1a: Sinistcha|Sinistcha, L50|100/100|[from] Parting Shot
|
|upkeep
|turn|3
|
|t:|1783767832
|move|p2b: Archaludon|Protect|p2b: Archaludon
|-singleturn|p2b: Archaludon|Protect
|move|p1a: Sinistcha|Rage Powder|p1a: Sinistcha
|-singleturn|p1a: Sinistcha|move: Rage Powder
|move|p1b: Raichu|Focus Blast|p2b: Archaludon
|-activate|p2b: Archaludon|move: Protect
|move|p2a: Grimmsnarl|Spirit Break|p1a: Sinistcha
|-damage|p1a: Sinistcha|82/100
|-unboost|p1a: Sinistcha|spa|1
|
|upkeep
|turn|4
|inactive|TAG2004 has 30 seconds left.
|inactive|TAG2004 has 20 seconds left.
|inactive|TAG2004 has 15 seconds left.
|
|t:|1783767875
|move|p1a: Sinistcha|Rage Powder|p1a: Sinistcha
|-singleturn|p1a: Sinistcha|move: Rage Powder
|move|p1b: Raichu|Focus Blast|p2b: Archaludon
|-supereffective|p2b: Archaludon|1
|-damage|p2b: Archaludon|28/100
|-ability|p2b: Archaludon|Stamina|boost
|-boost|p2b: Archaludon|def|1
|move|p2b: Archaludon|Dragon Pulse|p1a: Sinistcha
|-damage|p1a: Sinistcha|58/100
|move|p2a: Grimmsnarl|Spirit Break|p1a: Sinistcha
|-damage|p1a: Sinistcha|42/100
|-unboost|p1a: Sinistcha|spa|1
|
|-heal|p2b: Archaludon|34/100|[from] item: Leftovers
|upkeep
|turn|5
|
|t:|1783767900
|switch|p2b: Swampert|Swampert, L50, M|100/100
|move|p2a: Grimmsnarl|Parting Shot|p1b: Raichu
|-unboost|p1b: Raichu|atk|1
|-unboost|p1b: Raichu|spa|1
|
|t:|1783767905
|switch|p2a: Pelipper|Pelipper, L50, F|100/100|[from] Parting Shot
|-weather|RainDance|[from] ability: Drizzle|[of] p2a: Pelipper
|move|p1b: Raichu|Zap Cannon|p2a: Pelipper
|-supereffective|p2a: Pelipper|2
|-damage|p2a: Pelipper|0 fnt
|faint|p2a: Pelipper
|move|p1a: Sinistcha|Life Dew||[still]|[spread] p1a,p1b
|-heal|p1a: Sinistcha|67/100
|-fail|p1b: Raichu|heal
|
|-weather|RainDance|[upkeep]
|upkeep
|
|t:|1783767913
|switch|p2a: Grimmsnarl|Grimmsnarl, L50, M|89/100
|turn|6
|
|t:|1783767929
|switch|p1b: Milotic|Milotic, L50, M|100/100
|detailschange|p2b: Swampert|Swampert-Mega, L50, M
|-mega|p2b: Swampert|Swampert|Swampertite
|move|p2b: Swampert|Ice Punch|p1a: Sinistcha
|-supereffective|p1a: Sinistcha|1
|-damage|p1a: Sinistcha|14/100
|move|p1a: Sinistcha|Matcha Gotcha|p2b: Swampert|[spread] p2a,p2b
|-crit|p2a: Grimmsnarl
|-supereffective|p2b: Swampert|2
|-crit|p2b: Swampert
|-damage|p2a: Grimmsnarl|60/100
|-heal|p1a: Sinistcha|30/100|[from] drain|[of] p2a: Grimmsnarl
|-damage|p2b: Swampert|0 fnt
|-heal|p1a: Sinistcha|80/100|[from] drain|[of] p2b: Swampert
|faint|p2b: Swampert
|move|p2a: Grimmsnarl|Spirit Break|p1a: Sinistcha
|-damage|p1a: Sinistcha|52/100
|-unboost|p1a: Sinistcha|spa|1
|
|-weather|RainDance|[upkeep]
|upkeep
|
|t:|1783767942
|switch|p2b: Archaludon|Archaludon, L50, M|34/100
|turn|7
|c|☆kotamager34|Srry
|
|t:|1783767958
|switch|p1a: Incineroar|Incineroar, L50, F|72/100
|-ability|p1a: Incineroar|Intimidate|boost
|-unboost|p2a: Grimmsnarl|atk|1
|-unboost|p2b: Archaludon|atk|1
|move|p1b: Milotic|Protect|p1b: Milotic
|-singleturn|p1b: Milotic|Protect
|move|p2b: Archaludon|Electro Shot||[still]
|-prepare|p2b: Archaludon|Electro Shot
|-boost|p2b: Archaludon|spa|1
|-anim|p2b: Archaludon|Electro Shot|p1b: Milotic
|-activate|p1b: Milotic|move: Protect
|move|p2a: Grimmsnarl|Spirit Break|p1a: Incineroar
|-damage|p1a: Incineroar|54/100
|-unboost|p1a: Incineroar|spa|1
|
|-weather|RainDance|[upkeep]
|-heal|p2b: Archaludon|40/100|[from] item: Leftovers
|upkeep
|turn|8
|
|t:|1783767975
|move|p1a: Incineroar|Fake Out|p2b: Archaludon
|-resisted|p2b: Archaludon|1
|-damage|p2b: Archaludon|37/100
|-ability|p2b: Archaludon|Stamina|boost
|-boost|p2b: Archaludon|def|1
|move|p2a: Grimmsnarl|Reflect|p2a: Grimmsnarl
|-sidestart|p2: TAG2004|Reflect
|cant|p2b: Archaludon|flinch
|move|p1b: Milotic|Coil|p1b: Milotic
|-boost|p1b: Milotic|atk|1
|-boost|p1b: Milotic|def|1
|-boost|p1b: Milotic|accuracy|1
|
|-weather|RainDance|[upkeep]
|-heal|p2b: Archaludon|43/100|[from] item: Leftovers
|upkeep
|turn|9
|
|t:|1783767989
|move|p1b: Milotic|Protect|p1b: Milotic
|-singleturn|p1b: Milotic|Protect
|move|p2b: Archaludon|Electro Shot||[still]
|-prepare|p2b: Archaludon|Electro Shot
|-boost|p2b: Archaludon|spa|1
|-anim|p2b: Archaludon|Electro Shot|p1a: Incineroar
|-damage|p1a: Incineroar|0 fnt
|faint|p1a: Incineroar
|move|p2a: Grimmsnarl|Spirit Break|p1b: Milotic
|-activate|p1b: Milotic|move: Protect
|
|-weather|none
|-heal|p2b: Archaludon|49/100|[from] item: Leftovers
|-sideend|p2: TAG2004|move: Light Screen
|upkeep
|
|t:|1783767996
|switch|p1a: Sinistcha|Sinistcha, L50|52/100
|turn|10
|
|t:|1783768013
|move|p2b: Archaludon|Dragon Pulse|p1a: Sinistcha
|-damage|p1a: Sinistcha|0 fnt
|faint|p1a: Sinistcha
|move|p1b: Milotic|Hypnosis|p2b: Archaludon
|-status|p2b: Archaludon|slp|[from] move: Hypnosis
|move|p2a: Grimmsnarl|Spirit Break|p1b: Milotic
|-damage|p1b: Milotic|87/100
|-unboost|p1b: Milotic|spa|1
|-ability|p1b: Milotic|Competitive|boost
|-boost|p1b: Milotic|spa|2
|
|-heal|p2b: Archaludon|55/100 slp|[from] item: Leftovers
|-heal|p1b: Milotic|93/100|[from] item: Leftovers
|upkeep
|
|t:|1783768018
|switch|p1a: Raichu|Raichu-Mega-Y, L50, M|100/100
|turn|11
|
|t:|1783768022
|cant|p2b: Archaludon|slp
|move|p2a: Grimmsnarl|Light Screen|p2a: Grimmsnarl
|-sidestart|p2: TAG2004|move: Light Screen
|move|p1a: Raichu|Zap Cannon|p2a: Grimmsnarl
|-damage|p2a: Grimmsnarl|18/100
|-status|p2a: Grimmsnarl|par
|move|p1b: Milotic|Coil|p1b: Milotic
|-boost|p1b: Milotic|atk|1
|-boost|p1b: Milotic|def|1
|-boost|p1b: Milotic|accuracy|1
|
|-heal|p2b: Archaludon|61/100 slp|[from] item: Leftovers
|-heal|p1b: Milotic|99/100|[from] item: Leftovers
|upkeep
|turn|12
|
|t:|1783768031
|move|p2a: Grimmsnarl|Parting Shot|p1a: Raichu
|-unboost|p1a: Raichu|atk|1
|-unboost|p1a: Raichu|spa|1
|move|p1a: Raichu|Focus Blast|p2b: Archaludon
|-supereffective|p2b: Archaludon|1
|-damage|p2b: Archaludon|16/100 slp
|-ability|p2b: Archaludon|Stamina|boost
|-boost|p2b: Archaludon|def|1
|cant|p2b: Archaludon|slp
|move|p1b: Milotic|Muddy Water|p2a: Grimmsnarl|[spread] p2a,p2b
|-resisted|p2b: Archaludon|1
|-damage|p2a: Grimmsnarl|0 fnt
|-damage|p2b: Archaludon|4/100 slp
|-ability|p2b: Archaludon|Stamina|boost
|-boost|p2b: Archaludon|def|1
|faint|p2a: Grimmsnarl
|
|-heal|p2b: Archaludon|10/100 slp|[from] item: Leftovers
|-heal|p1b: Milotic|100/100|[from] item: Leftovers
|upkeep
|turn|13
|
|t:|1783768045
|move|p1a: Raichu|Focus Blast|p2b: Archaludon
|-supereffective|p2b: Archaludon|1
|-damage|p2b: Archaludon|0 fnt
|faint|p2b: Archaludon
|
|win|kotamager34
