|j|☆Sheevpnew
|j|☆Kyooby
|html|SheevpnewKyooby    
|uhtml|bestof|Game 1 of a best-of-3
|t:|1786018071
|gametype|doubles
|player|p1|Sheevpnew|101|1101
|player|p2|Kyooby|volkner|1054
|gen|9
|tier|[Gen 9 Champions] VGC 2026 Reg M-B (Bo3)
|rated|
|rule|Species Clause: Limit one of each Pokémon
|rule|Item Clause: Limit 1 of each item
|clearpoke
|poke|p1|Staraptor, L50, M|
|poke|p1|Milotic, L50, F|
|poke|p1|Tyranitar, L50, M|
|poke|p1|Gholdengo, L50|
|poke|p1|Excadrill, L50, M|
|poke|p1|Sinistcha, L50|
|poke|p2|Gengar, L50, M|
|poke|p2|Swampert, L50, F|
|poke|p2|Incineroar, L50, F|
|poke|p2|Politoed, L50, M|
|poke|p2|Archaludon, L50, M|
|poke|p2|Vivillon, L50, M|
|teampreview|4
|showteam|p1|Staraptor||Staraptite|Intimidate|BraveBird,CloseCombat,Tailwind,Protect|Jolly||M|||50|]Milotic||SitrusBerry|Competitive|Scald,IceBeam,IcyWind,Recover|Modest||F|||50|]Tyranitar||Tyranitarite|SandStream|RockSlide,KnockOff,LowKick,Protect|Adamant||M|||50|]Gholdengo||LifeOrb|GoodasGold|ShadowBall,MakeItRain,NastyPlot,Protect|Modest|||||50|]Excadrill||FocusSash|SandRush|HighHorsepower,IronHead,RockSlide,Protect|Adamant||M|||50|]Sinistcha||ColburBerry|Hospitality|MatchaGotcha,RagePowder,TrickRoom,Protect|Bold|||||50|
|showteam|p2|Gengar||Gengarite|CursedBody|ShadowBall,PerishSong,SludgeBomb,Protect|Timid||M|||50|]Swampert||Swampertite|Torrent|WaveCrash,Earthquake,IcePunch,Protect|Adamant||F|||50|]Incineroar||PasshoBerry|Intimidate|ThroatChop,PartingShot,FakeOut,Protect|Sassy||F|||50|]Politoed||SitrusBerry|Drizzle|WeatherBall,PerishSong,Encore,Protect|Calm||M|||50|]Archaludon||Leftovers|Stamina|DragonPulse,FlashCannon,ElectroShot,Protect|Bold||M|||50|]Vivillon||FocusSash|CompoundEyes|Hurricane,SleepPowder,RagePowder,Protect|Timid||M|||50|
|inactive|Battle timer is ON: inactive players will automatically lose when time's up. (requested by Kyooby)
|inactive|Kyooby has 60 seconds left.
|
|t:|1786018111
|teamsize|p1|4
|teamsize|p2|4
|start
|switch|p1a: Milotic|Milotic, L50, F|100/100
|switch|p1b: Staraptor|Staraptor, L50, M|100/100
|switch|p2a: Vivillon|Vivillon, L50, M|100/100
|switch|p2b: Archaludon|Archaludon, L50, M|100/100
|-ability|p1b: Staraptor|Intimidate|boost
|-unboost|p2a: Vivillon|atk|1
|-unboost|p2b: Archaludon|atk|1
|turn|1
|
|t:|1786018134
|switch|p1b: Tyranitar|Tyranitar, L50, M|100/100
|-weather|Sandstorm|[from] ability: Sand Stream|[of] p1b: Tyranitar
|move|p2b: Archaludon|Protect|p2b: Archaludon
|-singleturn|p2b: Archaludon|Protect
|move|p2a: Vivillon|Sleep Powder|p1b: Tyranitar|[miss]
|-miss|p2a: Vivillon|p1b: Tyranitar
|move|p1a: Milotic|Icy Wind|p2a: Vivillon|[spread] p2a
|-activate|p2b: Archaludon|move: Protect
|-supereffective|p2a: Vivillon|1
|-damage|p2a: Vivillon|60/100
|-unboost|p2a: Vivillon|spe|1
|
|-weather|Sandstorm|[upkeep]
|-damage|p1a: Milotic|94/100|[from] Sandstorm
|-damage|p2a: Vivillon|54/100|[from] Sandstorm
|upkeep
|turn|2
|inactive|Sheevpnew has 30 seconds left.
|
|t:|1786018165
|switch|p2a: Politoed|Politoed, L50, M|100/100
|-weather|RainDance|[from] ability: Drizzle|[of] p2a: Politoed
|move|p1b: Tyranitar|Knock Off|p2b: Archaludon
|-damage|p2b: Archaludon|64/100
|-ability|p2b: Archaludon|Stamina|boost
|-boost|p2b: Archaludon|def|1
|-enditem|p2b: Archaludon|Leftovers|[from] move: Knock Off|[of] p1b: Tyranitar
|move|p1a: Milotic|Ice Beam|p2a: Politoed
|-resisted|p2a: Politoed|1
|-damage|p2a: Politoed|90/100
|move|p2b: Archaludon|Electro Shot||[still]
|-prepare|p2b: Archaludon|Electro Shot
|-boost|p2b: Archaludon|spa|1
|-anim|p2b: Archaludon|Electro Shot|p1a: Milotic
|-supereffective|p1a: Milotic|1
|-damage|p1a: Milotic|11/100
|-enditem|p1a: Milotic|Sitrus Berry|[eat]
|-heal|p1a: Milotic|36/100|[from] item: Sitrus Berry
|
|-weather|RainDance|[upkeep]
|upkeep
|turn|3
|inactive|Kyooby has 30 seconds left.
|
|t:|1786018194
|switch|p1b: Sinistcha|Sinistcha, L50|100/100
|-heal|p1a: Milotic|61/100|[from] ability: Hospitality|[of] p1b: Sinistcha
|move|p1a: Milotic|Ice Beam|p2b: Archaludon
|-crit|p2b: Archaludon
|-damage|p2b: Archaludon|30/100
|-ability|p2b: Archaludon|Stamina|boost
|-boost|p2b: Archaludon|def|1
|move|p2b: Archaludon|Electro Shot||[still]
|-prepare|p2b: Archaludon|Electro Shot
|-boost|p2b: Archaludon|spa|1
|-anim|p2b: Archaludon|Electro Shot|p1a: Milotic
|-supereffective|p1a: Milotic|1
|-damage|p1a: Milotic|0 fnt
|faint|p1a: Milotic
|move|p2a: Politoed|Weather Ball|p1b: Sinistcha
|-resisted|p1b: Sinistcha|1
|-crit|p1b: Sinistcha
|-damage|p1b: Sinistcha|64/100
|
|-weather|RainDance|[upkeep]
|upkeep
|
|t:|1786018208
|switch|p1a: Staraptor|Staraptor, L50, M|100/100
|-ability|p1a: Staraptor|Intimidate|boost
|-unboost|p2a: Politoed|atk|1
|-unboost|p2b: Archaludon|atk|1
|turn|4
|inactive|Kyooby has 30 seconds left.
|
|t:|1786018237
|detailschange|p1a: Staraptor|Staraptor-Mega, L50, M
|-mega|p1a: Staraptor|Staraptor|Staraptite
|move|p2b: Archaludon|Protect|p2b: Archaludon
|-singleturn|p2b: Archaludon|Protect
|move|p1a: Staraptor|Close Combat|p2b: Archaludon
|-activate|p2b: Archaludon|move: Protect
|move|p2a: Politoed|Encore|p1a: Staraptor
|-start|p1a: Staraptor|Encore
|move|p1b: Sinistcha|Matcha Gotcha|p2a: Politoed|[spread] p2a
|-activate|p2b: Archaludon|move: Protect
|-supereffective|p2a: Politoed|1
|-damage|p2a: Politoed|53/100
|-heal|p1b: Sinistcha|84/100|[from] drain|[of] p2a: Politoed
|
|-weather|RainDance|[upkeep]
|upkeep
|turn|5
|inactive|Kyooby has 30 seconds left.
|
|t:|1786018271
|move|p1a: Staraptor|Close Combat|p2b: Archaludon
|-supereffective|p2b: Archaludon|1
|-damage|p2b: Archaludon|0 fnt
|-boost|p1a: Staraptor|def|1
|-boost|p1a: Staraptor|spd|1
|faint|p2b: Archaludon
|move|p2a: Politoed|Perish Song|p2a: Politoed
|-start|p1a: Staraptor|perish3|[silent]
|-start|p1b: Sinistcha|perish3|[silent]
|-start|p2a: Politoed|perish3|[silent]
|-fieldactivate|move: Perish Song
|move|p1b: Sinistcha|Matcha Gotcha|p2a: Politoed
|-supereffective|p2a: Politoed|1
|-damage|p2a: Politoed|2/100
|-heal|p1b: Sinistcha|100/100|[from] drain|[of] p2a: Politoed
|-enditem|p2a: Politoed|Sitrus Berry|[eat]
|-heal|p2a: Politoed|26/100|[from] item: Sitrus Berry
|
|-weather|RainDance|[upkeep]
|-start|p1a: Staraptor|perish3
|-start|p2a: Politoed|perish3
|-start|p1b: Sinistcha|perish3
|upkeep
|
|t:|1786018279
|switch|p2b: Vivillon|Vivillon, L50, M|54/100
|turn|6
|inactive|Kyooby has 30 seconds left.
|inactive|Sheevpnew has 30 seconds left.
|
|t:|1786018316
|switch|p2a: Swampert|Swampert, L50, F|100/100
|move|p1b: Sinistcha|Rage Powder|p1b: Sinistcha
|-singleturn|p1b: Sinistcha|move: Rage Powder
|move|p1a: Staraptor|Close Combat|p2b: Vivillon
|-resisted|p2b: Vivillon|2
|-crit|p2b: Vivillon
|-damage|p2b: Vivillon|9/100
|-boost|p1a: Staraptor|def|1
|-boost|p1a: Staraptor|spd|1
|move|p2b: Vivillon|Hurricane|p1b: Sinistcha
|-supereffective|p1b: Sinistcha|1
|-damage|p1b: Sinistcha|17/100
|
|-weather|none
|-start|p1a: Staraptor|perish2
|-start|p1b: Sinistcha|perish2
|upkeep
|turn|7
|inactive|Sheevpnew has 30 seconds left.
|inactive|Kyooby has 30 seconds left.
|inactive|Kyooby has 20 seconds left.
|inactive|Kyooby has 15 seconds left.
|inactive|Kyooby has 10 seconds left.
|
|t:|1786018365
|switch|p1b: Tyranitar|Tyranitar, L50, M|100/100
|-weather|Sandstorm|[from] ability: Sand Stream|[of] p1b: Tyranitar
|detailschange|p2a: Swampert|Swampert-Mega, L50, F
|-mega|p2a: Swampert|Swampert|Swampertite
|move|p2b: Vivillon|Protect|p2b: Vivillon
|-singleturn|p2b: Vivillon|Protect
|move|p1a: Staraptor|Close Combat|p2a: Swampert
|-damage|p2a: Swampert|49/100
|-boost|p1a: Staraptor|def|1
|-boost|p1a: Staraptor|spd|1
|move|p2a: Swampert|Earthquake|p1a: Staraptor|[spread] p1b
|-activate|p2b: Vivillon|move: Protect
|-immune|p1a: Staraptor
|-supereffective|p1b: Tyranitar|1
|-damage|p1b: Tyranitar|17/100
|
|-weather|Sandstorm|[upkeep]
|-damage|p1a: Staraptor|93/100|[from] Sandstorm
|-damage|p2b: Vivillon|3/100|[from] Sandstorm
|-end|p1a: Staraptor|Encore
|-start|p1a: Staraptor|perish1
|upkeep
|turn|8
|inactive|Kyooby has 30 seconds left.
|inactive|Kyooby has 20 seconds left.
|inactive|Kyooby has 15 seconds left.
|inactive|Kyooby has 10 seconds left.
|
|t:|1786018414
|switch|p1a: Sinistcha|Sinistcha, L50|17/100
|-heal|p1b: Tyranitar|42/100|[from] ability: Hospitality|[of] p1a: Sinistcha
|move|p1b: Tyranitar|Protect|p1b: Tyranitar
|-singleturn|p1b: Tyranitar|Protect
|move|p2b: Vivillon|Rage Powder|p2b: Vivillon
|-singleturn|p2b: Vivillon|move: Rage Powder
|move|p2a: Swampert|Ice Punch|p1b: Tyranitar
|-activate|p1b: Tyranitar|move: Protect
|
|-weather|Sandstorm|[upkeep]
|-damage|p2b: Vivillon|0 fnt|[from] Sandstorm
|-damage|p1a: Sinistcha|11/100|[from] Sandstorm
|faint|p2b: Vivillon
|upkeep
|
|t:|1786018420
|switch|p2b: Politoed|Politoed, L50, M|26/100
|-weather|RainDance|[from] ability: Drizzle|[of] p2b: Politoed
|turn|9
|
|t:|1786018434
|switch|p1b: Staraptor|Staraptor-Mega, L50, M|93/100
|move|p2b: Politoed|Protect|p2b: Politoed
|-singleturn|p2b: Politoed|Protect
|move|p1a: Sinistcha|Rage Powder|p1a: Sinistcha
|-singleturn|p1a: Sinistcha|move: Rage Powder
|move|p2a: Swampert|Earthquake|p1a: Sinistcha|[spread] p1a
|-activate|p2b: Politoed|move: Protect
|-immune|p1b: Staraptor
|-resisted|p1a: Sinistcha|1
|-damage|p1a: Sinistcha|0 fnt
|faint|p1a: Sinistcha
|
|-weather|RainDance|[upkeep]
|upkeep
|
|t:|1786018446
|switch|p1a: Tyranitar|Tyranitar, L50, M|42/100
|-weather|Sandstorm|[from] ability: Sand Stream|[of] p1a: Tyranitar
|turn|10
|
|t:|1786018454
|move|p1b: Staraptor|Close Combat|p2b: Politoed
|-damage|p2b: Politoed|0 fnt
|-boost|p1b: Staraptor|def|1
|-boost|p1b: Staraptor|spd|1
|faint|p2b: Politoed
|move|p2a: Swampert|Wave Crash|p1b: Staraptor
|-damage|p1b: Staraptor|45/100
|-damage|p2a: Swampert|33/100|[from] Recoil
|move|p1a: Tyranitar|Knock Off|p2a: Swampert
|-damage|p2a: Swampert|3/100
|
|-weather|Sandstorm|[upkeep]
|-damage|p1b: Staraptor|39/100|[from] Sandstorm
|upkeep
|turn|11
|-message|Kyooby forfeited.
|
|win|Sheevpnew
