|j|ŌśåChandeliere
|j|ŌśåJakobtc
|html|ChandeliereJakobtc    
|uhtml|bestof|Game 2 of a best-of-3
|t:|1756519320
|gametype|doubles
|player|p1|Chandeliere|ethan|1062
|player|p2|Jakobtc|riley|1128
|gen|9
|tier|[Gen 9] VGC 2025 Reg H (Bo3)
|rated|
|rule|Species Clause: Limit one of each Pok├®mon
|rule|Item Clause: Limit 1 of each item
|clearpoke
|poke|p1|Incineroar, L50, M|
|poke|p1|Dragonite, L50, F|
|poke|p1|Porygon2, L50|
|poke|p1|Ursaluna-Bloodmoon, L50, M|
|poke|p1|Ninetales-Alola, L50, M|
|poke|p1|Annihilape, L50, M|
|poke|p2|Tyranitar, L50, F|
|poke|p2|Excadrill, L50, F|
|poke|p2|Reuniclus, L50, M|
|poke|p2|Indeedee-F, L50, F|
|poke|p2|Incineroar, L50, F|
|poke|p2|Kommo-o, L50, M|
|teampreview|4
|showteam|p1|Incineroar||ChopleBerry|Intimidate|FlareBlitz,KnockOff,FakeOut,PartingShot|||M|||50|,,,,,Grass]Dragonite||LoadedDice|Multiscale|ScaleShot,Tailwind,Haze,Protect|||F|||50|,,,,,Steel]Porygon2||Eviolite|Download|TeraBlast,IceBeam,Recover,TrickRoom||||||50|,,,,,Fighting]Ursaluna-Bloodmoon||AssaultVest|MindsEye|HyperVoice,BloodMoon,VacuumWave,EarthPower|||M|||50|,,,,,Water]Ninetales-Alola||LightClay|SnowWarning|IcicleSpear,Encore,IcyWind,AuroraVeil|||M|||50|,,,,,Ghost]Annihilape||SafetyGoggles|Defiant|DrainPunch,RageFist,BulkUp,Protect|||M|||50|,,,,,Fire
|showteam|p2|Tyranitar||AssaultVest|SandStream|RockSlide,KnockOff,LowKick,TeraBlast|||F|||50|,,,,,Flying]Excadrill||FocusSash|SandRush|HighHorsepower,IronHead,RockSlide,Protect|||F|||50|,,,,,Ground]Reuniclus||LifeOrb|MagicGuard|ExpandingForce,TeraBlast,TrickRoom,Protect|||M|||50|,,,,,Fighting]Indeedee-F||PsychicSeed|PsychicSurge|FollowMe,HealPulse,TrickRoom,DazzlingGleam|||F|||50|,,,,,Water]Incineroar||SafetyGoggles|Intimidate|FakeOut,FlareBlitz,KnockOff,PartingShot|||F|||50|,,,,,Ghost]Kommo-o||ThroatSpray|Overcoat|ClangingScales,AuraSphere,ClangorousSoul,Protect|||M|||50|,,,,,Steel
|j| bunii on spotify
|inactive|Battle timer is ON: inactive players will automatically lose when time's up. (requested by Jakobtc)
|c|ŌśåChandeliere|im 0-5 about to be 0-6. i have been slept by dire claw 11 times, paralyzed by it 5 times, and frozen by ice move 3 times. at least this time i'll lose without rng
|c|ŌśåJakobtc|i'm 0-4 right now lol
|c|ŌśåJakobtc|ouch
|inactive|Chandeliere has 60 seconds left.
|c| bunii on spotify|chandeliere you should prob rest ­¤śŁ playing like this will just put u down further and not improve anything
|c|ŌśåChandeliere|i agree tbh
|inactive|Chandeliere has 30 seconds left.
|c|ŌśåChandeliere|i also do not actually like this team anymore so i must go back to the drawing board
|inactive|Chandeliere has 20 seconds left.
|c| bunii on spotify|even ifs itŌĆÖs just to get water, take a break and come back
|
|t:|1756519427
|teamsize|p1|4
|teamsize|p2|4
|start
|switch|p1a: Ninetales|Ninetales-Alola, L50, M|100/100
|switch|p1b: Annihilape|Annihilape, L50, M|100/100
|switch|p2a: Kommo-o|Kommo-o, L50, M|100/100
|switch|p2b: Incineroar|Incineroar, L50, F|100/100
|-weather|Snowscape|[from] ability: Snow Warning|[of] p1a: Ninetales
|-ability|p2b: Incineroar|Intimidate|boost
|-unboost|p1a: Ninetales|atk|1
|-unboost|p1b: Annihilape|atk|1
|-ability|p1b: Annihilape|Defiant|boost
|-boost|p1b: Annihilape|atk|2
|turn|1
|c| bunii on spotify|do yk how to use it?
|c|ŌśåJakobtc|i'm trying to practices for Miluakee  Reginals
|inactive|Jakobtc has 30 seconds left.
|c|ŌśåJakobtc|lol
|inactive|Jakobtc has 20 seconds left.
|inactive|Jakobtc has 15 seconds left.
|inactive|Jakobtc has 10 seconds left.
|inactive|Jakobtc has 5 seconds left.
|
|t:|1756519478
|-terastallize|p1a: Ninetales|Ghost
|-terastallize|p2b: Incineroar|Ghost
|move|p2a: Kommo-o|Protect|p2a: Kommo-o
|-singleturn|p2a: Kommo-o|Protect
|move|p1a: Ninetales|Icicle Spear|p1b: Annihilape
|-damage|p1b: Annihilape|96/100
|-crit|p1b: Annihilape
|-damage|p1b: Annihilape|87/100
|-hitcount|p1b: Annihilape|2
|move|p1b: Annihilape|Rage Fist|p2a: Kommo-o
|-activate|p2a: Kommo-o|move: Protect
|move|p2b: Incineroar|Knock Off|p1b: Annihilape
|-damage|p1b: Annihilape|39/100
|-enditem|p1b: Annihilape|Safety Goggles|[from] move: Knock Off|[of] p2b: Incineroar
|
|-weather|Snowscape|[upkeep]
|upkeep
|turn|2
|c|ŌśåChandeliere|i am going to pittsburgh so i am struggling to find a team that clicks, i have played abotu 20 matches totaly with this team
|c|ŌśåJakobtc|same here lol XD
|inactive|Chandeliere has 30 seconds left.
|inactive|Jakobtc has 30 seconds left.
|
|t:|1756519512
|switch|p2a: Tyranitar|Tyranitar, L50, F|100/100
|-weather|Sandstorm|[from] ability: Sand Stream|[of] p2a: Tyranitar
|move|p1a: Ninetales|Aurora Veil||[still]
|-fail|p1a: Ninetales
|move|p1b: Annihilape|Rage Fist|p2b: Incineroar
|-supereffective|p2b: Incineroar
|-damage|p2b: Incineroar|0 fnt
|faint|p2b: Incineroar
|
|-weather|Sandstorm|[upkeep]
|-damage|p1a: Ninetales|94/100|[from] Sandstorm
|-damage|p1b: Annihilape|33/100|[from] Sandstorm
|upkeep
|
|t:|1756519523
|switch|p2b: Excadrill|Excadrill, L50, F|100/100
|turn|3
|c| bunii on spotify|tbh my team took like a week to get used to bc I had no mu into p2
|inactive|Jakobtc has 30 seconds left.
|c| bunii on spotify|btw how many evs r in attack on that incin
|inactive|Jakobtc has 20 seconds left.
|
|t:|1756519563
|switch|p1a: Incineroar|Incineroar, L50, M|100/100
|-ability|p1a: Incineroar|Intimidate|boost
|-unboost|p2a: Tyranitar|atk|1
|-unboost|p2b: Excadrill|atk|1
|move|p1b: Annihilape|Protect|p1b: Annihilape
|-singleturn|p1b: Annihilape|Protect
|move|p2b: Excadrill|Rock Slide|p1b: Annihilape|[spread] p1a
|-activate|p1b: Annihilape|move: Protect
|-supereffective|p1a: Incineroar
|-damage|p1a: Incineroar|76/100
|move|p2a: Tyranitar|Rock Slide|p1b: Annihilape|[spread] 
|-activate|p1b: Annihilape|move: Protect
|-miss|p2a: Tyranitar|p1a: Incineroar
|
|-weather|Sandstorm|[upkeep]
|-damage|p1b: Annihilape|27/100|[from] Sandstorm
|-damage|p1a: Incineroar|70/100|[from] Sandstorm
|upkeep
|turn|4
|c| bunii on spotify|cs flare blitz on dengo shouldŌĆÖve done like 30ish
|c|ŌśåChandeliere|36
|c| bunii on spotify|oh
|c|ŌśåJakobtc|i see
|inactive|Chandeliere has 30 seconds left.
|inactive|Jakobtc has 30 seconds left.
|inactive|Jakobtc has 20 seconds left.
|inactive|Chandeliere has 20 seconds left.
|inactive|Jakobtc has 15 seconds left.
|inactive|Chandeliere has 15 seconds left.
|inactive|Jakobtc has 10 seconds left.
|
|t:|1756519610
|switch|p2a: Kommo-o|Kommo-o, L50, M|100/100
|move|p2b: Excadrill|Protect|p2b: Excadrill
|-singleturn|p2b: Excadrill|Protect
|move|p1a: Incineroar|Fake Out|p2b: Excadrill
|-activate|p2b: Excadrill|move: Protect
|move|p1b: Annihilape|Drain Punch|p2a: Kommo-o
|-damage|p2a: Kommo-o|61/100
|-heal|p1b: Annihilape|43/100|[from] drain|[of] p2a: Kommo-o
|
|-weather|Sandstorm|[upkeep]
|-damage|p1b: Annihilape|37/100|[from] Sandstorm
|-damage|p1a: Incineroar|64/100|[from] Sandstorm
|upkeep
|turn|5
|c| bunii on spotify|chandelier have u tried payspam w indeedee-m n sneasler?
|inactive|Chandeliere has 30 seconds left.
|inactive|Jakobtc has 30 seconds left.
|c| bunii on spotify|psyspam
|
|t:|1756519641
|switch|p1a: Ninetales|Ninetales-Alola, L50, M, tera:Ghost|94/100
|-weather|Snowscape|[from] ability: Snow Warning|[of] p1a: Ninetales
|move|p1b: Annihilape|Rage Fist|p2a: Kommo-o
|-damage|p2a: Kommo-o|0 fnt
|faint|p2a: Kommo-o
|move|p2b: Excadrill|Rock Slide|p1b: Annihilape|[spread] p1a,p1b
|-resisted|p1b: Annihilape
|-damage|p1a: Ninetales|78/100
|-damage|p1b: Annihilape|29/100
|
|-weather|Snowscape|[upkeep]
|upkeep
|
|t:|1756519653
|switch|p2a: Tyranitar|Tyranitar, L50, F|100/100
|-weather|Sandstorm|[from] ability: Sand Stream|[of] p2a: Tyranitar
|turn|6
|
|t:|1756519663
|switch|p1a: Incineroar|Incineroar, L50, M|64/100
|-ability|p1a: Incineroar|Intimidate|boost
|-unboost|p2a: Tyranitar|atk|1
|-unboost|p2b: Excadrill|atk|1
|move|p1b: Annihilape|Protect|p1b: Annihilape
|-singleturn|p1b: Annihilape|Protect
|move|p2b: Excadrill|High Horsepower|p1a: Incineroar
|-supereffective|p1a: Incineroar
|-damage|p1a: Incineroar|14/100
|move|p2a: Tyranitar|Low Kick|p1a: Incineroar
|-supereffective|p1a: Incineroar
|-enditem|p1a: Incineroar|Chople Berry|[eat]
|-enditem|p1a: Incineroar|Chople Berry|[weaken]
|-damage|p1a: Incineroar|0 fnt
|faint|p1a: Incineroar
|
|-weather|Sandstorm|[upkeep]
|-damage|p1b: Annihilape|23/100|[from] Sandstorm
|upkeep
|
|t:|1756519679
|switch|p1a: Ninetales|Ninetales-Alola, L50, M, tera:Ghost|78/100
|-weather|Snowscape|[from] ability: Snow Warning|[of] p1a: Ninetales
|turn|7
|c| bunii on spotify|low kick into the 2 ghost types
|
|t:|1756519696
|move|p1a: Ninetales|Aurora Veil|p1a: Ninetales
|-sidestart|p1: Chandeliere|move: Aurora Veil
|move|p1b: Annihilape|Drain Punch|p2b: Excadrill
|-supereffective|p2b: Excadrill
|-enditem|p2b: Excadrill|Focus Sash
|-damage|p2b: Excadrill|1/100
|-heal|p1b: Annihilape|68/100|[from] drain|[of] p2b: Excadrill
|move|p2b: Excadrill|High Horsepower|p1b: Annihilape
|-damage|p1b: Annihilape|50/100
|move|p2a: Tyranitar|Knock Off|p1a: Ninetales
|-supereffective|p1a: Ninetales
|-damage|p1a: Ninetales|23/100
|-enditem|p1a: Ninetales|Light Clay|[from] move: Knock Off|[of] p2a: Tyranitar
|
|-weather|Snowscape|[upkeep]
|upkeep
|turn|8
|
|t:|1756519715
|move|p2b: Excadrill|Protect|p2b: Excadrill
|-singleturn|p2b: Excadrill|Protect
|move|p1a: Ninetales|Icy Wind|p2a: Tyranitar|[spread] 
|-activate|p2b: Excadrill|move: Protect
|-miss|p1a: Ninetales|p2a: Tyranitar
|move|p1b: Annihilape|Drain Punch|p2a: Tyranitar
|-supereffective|p2a: Tyranitar
|-damage|p2a: Tyranitar|0 fnt
|-heal|p1b: Annihilape|99/100|[from] drain|[of] p2a: Tyranitar
|faint|p2a: Tyranitar
|
|-weather|Snowscape|[upkeep]
|upkeep
|turn|9
|-message|Jakobtc forfeited.
|
|win|Chandeliere
|l|ŌśåJakobtc
|player|p2|
||Chandeliere is ready for game 3.
|j|ŌśåJakobtc
|player|p2|Jakobtc|riley|
||Jakobtc is ready for game 3.
|uhtml|next|Next: Game 3 of 3
|l| bunii on spotify
