|j|☆coralcroc
|j|☆EthernetSac
|html|coralcrocEthernetSac    
|uhtml|bestof|Game 1 of a best-of-3
|t:|1757835999
|gametype|doubles
|player|p1|coralcroc|ethan|1124
|player|p2|EthernetSac|sonia-professor|1205
|gen|9
|tier|[Gen 9] VGC 2025 Reg H (Bo3)
|rated|
|rule|Species Clause: Limit one of each Pokémon
|rule|Item Clause: Limit 1 of each item
|clearpoke
|poke|p1|Tyranitar, L50, M|
|poke|p1|Garchomp, L50, M|
|poke|p1|Milotic, L50, F|
|poke|p1|Talonflame, L50, F|
|poke|p1|Serperior, L50, M|
|poke|p1|Scizor, L50, M|
|poke|p2|Serperior, L50, M|
|poke|p2|Ninetales-Alola, L50, M|
|poke|p2|Gholdengo, L50|
|poke|p2|Ursaluna, L50, F|
|poke|p2|Dragonite, L50, F|
|poke|p2|Sneasler, L50, M|
|teampreview|4
|showteam|p1|Tyranitar||WeaknessPolicy|SandStream|RockSlide,KnockOff,IronHead,Protect|||M|||50|,,,,,Flying]Garchomp||ClearAmulet|SandVeil|DragonClaw,Earthquake,PoisonJab,Protect|||M|||50|,,,,,Steel]Milotic||Leftovers|Competitive|Scald,IceBeam,Recover,Haze|||F|||50|,,,,,Grass]Talonflame||CovertCloak|GaleWings|FlareBlitz,BraveBird,Tailwind,Taunt|||F|||50|,,,,,Fire]Serperior||SitrusBerry|Contrary|LeafStorm,TeraBlast,Glare,Protect|||M|||50|,,,,,Fire]Scizor||ChoiceBand|Technician|BulletPunch,BugBite,CloseCombat,DualWingbeat|||M|||50|,,,,,Stellar
|showteam|p2|Serperior||CovertCloak|Contrary|Protect,Glare,Taunt,LeafStorm|||M|||50|,,,,,Fire]Ninetales-Alola||LightClay|SnowWarning|Protect,Blizzard,Moonblast,AuroraVeil|||M|||50|,,,,,Ghost]Gholdengo||MetalCoat|GoodasGold|Protect,NastyPlot,MakeItRain,ShadowBall||||||50|,,,,,Water]Ursaluna||FlameOrb|Guts|Protect,HeadlongRush,Earthquake,Facade|||F|||50|,,,,,Ghost]Dragonite||LoadedDice|Multiscale|ScaleShot,Tailwind,Haze,Protect|||F|||50|,,,,,Fairy]Sneasler||FocusSash|Unburden|CloseCombat,DireClaw,Coaching,Protect|||M|||50|,,,,,Ghost
|inactive|Battle timer is ON: inactive players will automatically lose when time's up. (requested by EthernetSac)
|inactive|EthernetSac has 60 seconds left.
|inactive|EthernetSac has 30 seconds left.
|inactive|EthernetSac has 20 seconds left.
|inactive|EthernetSac has 15 seconds left.
|
|t:|1757836076
|teamsize|p1|4
|teamsize|p2|4
|start
|switch|p1a: Talonflame|Talonflame, L50, F|100/100
|switch|p1b: Scizor|Scizor, L50, M|100/100
|switch|p2a: Ninetales|Ninetales-Alola, L50, M|100/100
|switch|p2b: Serperior|Serperior, L50, M, shiny|100/100
|-weather|Snowscape|[from] ability: Snow Warning|[of] p2a: Ninetales
|turn|1
|
|t:|1757836094
|-terastallize|p2a: Ninetales|Ghost
|move|p2b: Serperior|Protect|p2b: Serperior
|-singleturn|p2b: Serperior|Protect
|move|p1a: Talonflame|Tailwind|p1a: Talonflame
|-sidestart|p1: coralcroc|move: Tailwind
|move|p1b: Scizor|Bullet Punch|p2a: Ninetales
|-damage|p2a: Ninetales|31/100
|move|p2a: Ninetales|Aurora Veil|p2a: Ninetales
|-sidestart|p2: EthernetSac|move: Aurora Veil
|
|-weather|Snowscape|[upkeep]
|upkeep
|turn|2
|
|t:|1757836112
|switch|p2b: Gholdengo|Gholdengo, L50|100/100
|move|p1a: Talonflame|Brave Bird|p2b: Gholdengo
|-resisted|p2b: Gholdengo
|-damage|p2b: Gholdengo|81/100
|-damage|p1a: Talonflame|94/100|[from] Recoil
|move|p1b: Scizor|Bullet Punch|p2a: Ninetales
|-damage|p2a: Ninetales|0 fnt
|faint|p2a: Ninetales
|
|-weather|Snowscape|[upkeep]
|upkeep
|
|t:|1757836121
|switch|p2a: Dragonite|Dragonite, L50, F|100/100
|turn|3
|inactive|coralcroc has 30 seconds left.
|inactive|EthernetSac has 30 seconds left.
|
|t:|1757836153
|move|p1b: Scizor|Bullet Punch|p2a: Dragonite
|-damage|p2a: Dragonite|81/100
|move|p1a: Talonflame|Flare Blitz|p2b: Gholdengo
|-supereffective|p2b: Gholdengo
|-damage|p2b: Gholdengo|15/100
|-damage|p1a: Talonflame|70/100|[from] Recoil
|move|p2b: Gholdengo|Shadow Ball|p1b: Scizor
|-damage|p1b: Scizor|46/100
|move|p2a: Dragonite|Tailwind|p2a: Dragonite
|-sidestart|p2: EthernetSac|move: Tailwind
|
|-weather|Snowscape|[upkeep]
|upkeep
|turn|4
|
|t:|1757836178
|move|p2b: Gholdengo|Protect|p2b: Gholdengo
|-singleturn|p2b: Gholdengo|Protect
|move|p1b: Scizor|Bullet Punch|p2a: Dragonite
|-damage|p2a: Dragonite|45/100
|move|p1a: Talonflame|Flare Blitz|p2b: Gholdengo
|-activate|p2b: Gholdengo|move: Protect
|move|p2a: Dragonite|Scale Shot|p1a: Talonflame
|-damage|p1a: Talonflame|47/100
|-damage|p1a: Talonflame|21/100
|-crit|p1a: Talonflame
|-damage|p1a: Talonflame|0 fnt
|faint|p1a: Talonflame
|-hitcount|p1: Talonflame|3
|-unboost|p2a: Dragonite|def|1
|-boost|p2a: Dragonite|spe|1
|
|-weather|Snowscape|[upkeep]
|-sideend|p1: coralcroc|move: Tailwind
|upkeep
|
|t:|1757836200
|switch|p1a: Garchomp|Garchomp, L50, M|100/100
|turn|5
|
|t:|1757836217
|-terastallize|p1a: Garchomp|Steel
|move|p2a: Dragonite|Protect|p2a: Dragonite
|-singleturn|p2a: Dragonite|Protect
|move|p1b: Scizor|Bullet Punch|p2a: Dragonite
|-activate|p2a: Dragonite|move: Protect
|move|p2b: Gholdengo|Shadow Ball|p1b: Scizor
|-damage|p1b: Scizor|0 fnt
|faint|p1b: Scizor
|move|p1a: Garchomp|Dragon Claw|p2a: Dragonite
|-activate|p2a: Dragonite|move: Protect
|
|-weather|none
|upkeep
|
|t:|1757836225
|switch|p1b: Tyranitar|Tyranitar, L50, M|100/100
|-weather|Sandstorm|[from] ability: Sand Stream|[of] p1b: Tyranitar
|turn|6
|
|t:|1757836242
|move|p1b: Tyranitar|Protect|p1b: Tyranitar
|-singleturn|p1b: Tyranitar|Protect
|move|p2a: Dragonite|Scale Shot|p1b: Tyranitar
|-activate|p1b: Tyranitar|move: Protect
|move|p2b: Gholdengo|Make It Rain|p1b: Tyranitar|[spread] p1a
|-activate|p1b: Tyranitar|move: Protect
|-resisted|p1a: Garchomp
|-damage|p1a: Garchomp|67/100
|-unboost|p2b: Gholdengo|spa|1
|move|p1a: Garchomp|Dragon Claw|p2a: Dragonite
|-supereffective|p2a: Dragonite
|-damage|p2a: Dragonite|0 fnt
|faint|p2a: Dragonite
|
|-weather|Sandstorm|[upkeep]
|-sideend|p2: EthernetSac|move: Tailwind
|upkeep
|
|t:|1757836245
|switch|p2a: Serperior|Serperior, L50, M, shiny|100/100
|turn|7
|
|t:|1757836264
|move|p2a: Serperior|Leaf Storm|p1b: Tyranitar
|-supereffective|p1b: Tyranitar
|-damage|p1b: Tyranitar|62/100
|-boost|p2a: Serperior|spa|2
|-enditem|p1b: Tyranitar|Weakness Policy
|-boost|p1b: Tyranitar|atk|2|[from] item: Weakness Policy
|-boost|p1b: Tyranitar|spa|2|[from] item: Weakness Policy
|move|p1a: Garchomp|Poison Jab|p2a: Serperior
|-supereffective|p2a: Serperior
|-damage|p2a: Serperior|61/100
|move|p2b: Gholdengo|Make It Rain|p1b: Tyranitar|[spread] p1b
|-miss|p2b: Gholdengo|p1a: Garchomp
|-supereffective|p1b: Tyranitar
|-damage|p1b: Tyranitar|20/100
|-unboost|p2b: Gholdengo|spa|1
|move|p1b: Tyranitar|Knock Off|p2b: Gholdengo
|-supereffective|p2b: Gholdengo
|-damage|p2b: Gholdengo|0 fnt
|-enditem|p2b: Gholdengo|Metal Coat|[from] move: Knock Off|[of] p1b: Tyranitar
|faint|p2b: Gholdengo
|
|-weather|Sandstorm|[upkeep]
|-damage|p2a: Serperior|55/100|[from] Sandstorm
|upkeep
|turn|8
|inactive|coralcroc has 30 seconds left.
|
|t:|1757836290
|move|p2a: Serperior|Glare|p1a: Garchomp
|-status|p1a: Garchomp|par
|move|p1a: Garchomp|Poison Jab|p2a: Serperior
|-supereffective|p2a: Serperior
|-crit|p2a: Serperior
|-damage|p2a: Serperior|0 fnt
|faint|p2a: Serperior
|
|win|coralcroc
||EthernetSac is ready for game 2.
||coralcroc is ready for game 2.
|uhtml|next|Next: Game 2 of 3
|l|☆coralcroc
|player|p1|
