|j|☆bleepbopboop
|j|☆Chandeliere
|html|bleepbopboopChandeliere    
|uhtml|bestof|Game 2 of a best-of-3
|t:|1756515723
|gametype|doubles
|player|p1|bleepbopboop|ethan|1101
|player|p2|Chandeliere|ethan|1191
|gen|9
|tier|[Gen 9] VGC 2025 Reg H (Bo3)
|rated|
|rule|Species Clause: Limit one of each Pokémon
|rule|Item Clause: Limit 1 of each item
|clearpoke
|poke|p1|Excadrill, L50, F|
|poke|p1|Tyranitar, L50, F|
|poke|p1|Sneasler, L50, F|
|poke|p1|Indeedee, L50, M|
|poke|p1|Corviknight, L50, F|
|poke|p1|Annihilape, L50, M|
|poke|p2|Incineroar, L50, M|
|poke|p2|Dragonite, L50, F|
|poke|p2|Porygon2, L50|
|poke|p2|Ursaluna-Bloodmoon, L50, M|
|poke|p2|Ninetales-Alola, L50, F|
|poke|p2|Annihilape, L50, F|
|teampreview|4
|showteam|p1|Excadrill||FocusSash|SandRush|IronHead,Earthquake,HighHorsepower,Protect|||F|||50|,,,,,Stellar]Tyranitar||AssaultVest|SandStream|RockSlide,KnockOff,TeraBlast,LowKick|||F|||50|,,,,,Flying]Sneasler||PsychicSeed|Unburden|DireClaw,CloseCombat,ThroatChop,Protect|||F|||50|,,,,,Dark]Indeedee||ChoiceScarf|PsychicSurge|ExpandingForce,TeraBlast,Trick,Protect|||M|||50|,,,,,Psychic]Corviknight||Leftovers|MirrorArmor|BraveBird,BulkUp,Roost,Tailwind|||F|||50|,,,,,Dragon]Annihilape||SafetyGoggles|Defiant|RageFist,CloseCombat,FinalGambit,Taunt|||M|||50|,,,,,Water
|showteam|p2|Incineroar||ChopleBerry|Intimidate|FlareBlitz,KnockOff,FakeOut,PartingShot|||M|||50|,,,,,Grass]Dragonite||LoadedDice|Multiscale|ScaleShot,Tailwind,Haze,Protect|||F|||50|,,,,,Steel]Porygon2||Eviolite|Download|TeraBlast,IceBeam,Recover,TrickRoom||||||50|,,,,,Fighting]Ursaluna-Bloodmoon||AssaultVest|MindsEye|HyperVoice,BloodMoon,VacuumWave,EarthPower|||M|||50|,,,,,Water]Ninetales-Alola||LightClay|SnowWarning|IcicleSpear,Encore,IcyWind,AuroraVeil|||F|||50|,,,,,Ghost]Annihilape||SafetyGoggles|Defiant|DrainPunch,RageFist,BulkUp,Protect|||F|||50|,,,,,Fire
|inactive|Battle timer is ON: inactive players will automatically lose when time's up. (requested by bleepbopboop)
|j| meepmoop453
|inactive|Chandeliere has 60 seconds left.
|inactive|Chandeliere has 30 seconds left.
|inactive|Chandeliere has 20 seconds left.
|inactive|Chandeliere has 15 seconds left.
|inactive|Chandeliere has 10 seconds left.
|
|t:|1756515807
|teamsize|p1|4
|teamsize|p2|4
|start
|switch|p1a: Indeedee|Indeedee, L50, M|100/100
|switch|p1b: Annihilape|Annihilape, L50, M|100/100
|switch|p2a: Ninetales|Ninetales-Alola, L50, F|100/100
|switch|p2b: Annihilape|Annihilape, L50, F|100/100
|-fieldstart|move: Psychic Terrain|[from] ability: Psychic Surge|[of] p1a: Indeedee
|-weather|Snowscape|[from] ability: Snow Warning|[of] p2a: Ninetales
|turn|1
|
|t:|1756515833
|switch|p1b: Tyranitar|Tyranitar, L50, F|100/100
|-weather|Sandstorm|[from] ability: Sand Stream|[of] p1b: Tyranitar
|-terastallize|p2b: Annihilape|Fire
|move|p1a: Indeedee|Expanding Force|p2a: Ninetales|[spread] p2a,p2b
|-crit|p2a: Ninetales
|-damage|p2a: Ninetales|2/100
|-damage|p2b: Annihilape|44/100
|move|p2a: Ninetales|Icicle Spear|p2b: Annihilape
|-resisted|p2b: Annihilape
|-damage|p2b: Annihilape|41/100
|-resisted|p2b: Annihilape
|-damage|p2b: Annihilape|38/100
|-resisted|p2b: Annihilape
|-damage|p2b: Annihilape|36/100
|-resisted|p2b: Annihilape
|-damage|p2b: Annihilape|33/100
|-hitcount|p2b: Annihilape|4
|move|p2b: Annihilape|Rage Fist|p1b: Tyranitar
|-resisted|p1b: Tyranitar
|-damage|p1b: Tyranitar|47/100
|
|-weather|Sandstorm|[upkeep]
|-damage|p1a: Indeedee|95/100|[from] Sandstorm
|-damage|p2a: Ninetales|0 fnt|[from] Sandstorm
|faint|p2a: Ninetales
|upkeep
|
|t:|1756515855
|switch|p2a: Dragonite|Dragonite, L50, F|100/100
|turn|2
|
|t:|1756515861
|move|p2b: Annihilape|Protect|p2b: Annihilape
|-singleturn|p2b: Annihilape|Protect
|move|p1a: Indeedee|Expanding Force|p2a: Dragonite|[spread] p2a
|-activate|p2b: Annihilape|move: Protect
|-damage|p2a: Dragonite|73/100
|move|p2a: Dragonite|Tailwind|p2a: Dragonite
|-sidestart|p2: Chandeliere|move: Tailwind
|move|p1b: Tyranitar|Rock Slide|p2b: Annihilape|[spread] p2a
|-activate|p2b: Annihilape|move: Protect
|-supereffective|p2a: Dragonite
|-damage|p2a: Dragonite|12/100
|
|-weather|Sandstorm|[upkeep]
|-damage|p2a: Dragonite|6/100|[from] Sandstorm
|-damage|p1a: Indeedee|89/100|[from] Sandstorm
|upkeep
|turn|3
|
|t:|1756515881
|move|p2b: Annihilape|Drain Punch|p1b: Tyranitar
|-supereffective|p1b: Tyranitar
|-damage|p1b: Tyranitar|0 fnt
|-heal|p2b: Annihilape|55/100|[from] drain|[of] p1b: Tyranitar
|faint|p1b: Tyranitar
|move|p2a: Dragonite|Scale Shot|p1a: Indeedee
|-damage|p1a: Indeedee|58/100
|-damage|p1a: Indeedee|24/100
|-damage|p1a: Indeedee|0 fnt
|faint|p1a: Indeedee
|-hitcount|p1: Indeedee|3
|-unboost|p2a: Dragonite|def|1
|-boost|p2a: Dragonite|spe|1
|
|-weather|Sandstorm|[upkeep]
|-damage|p2a: Dragonite|0 fnt|[from] Sandstorm
|faint|p2a: Dragonite
|upkeep
|
|t:|1756515901
|switch|p1a: Excadrill|Excadrill, L50, F|100/100
|switch|p2a: Incineroar|Incineroar, L50, M|100/100
|switch|p1b: Annihilape|Annihilape, L50, M|100/100
|-ability|p2a: Incineroar|Intimidate|boost
|-unboost|p1a: Excadrill|atk|1
|-unboost|p1b: Annihilape|atk|1
|-ability|p1b: Annihilape|Defiant|boost
|-boost|p1b: Annihilape|atk|2
|turn|4
|inactive|bleepbopboop has 30 seconds left.
|inactive|Chandeliere has 30 seconds left.
|
|t:|1756515929
|-terastallize|p1a: Excadrill|Stellar
|move|p2b: Annihilape|Protect|p2b: Annihilape
|-singleturn|p2b: Annihilape|Protect
|move|p1a: Excadrill|Earthquake|p2b: Annihilape|[spread] p1b,p2a
|-activate|p2b: Annihilape|move: Protect
|-supereffective|p2a: Incineroar
|-damage|p1b: Annihilape|64/100
|-damage|p2a: Incineroar|19/100
|move|p2a: Incineroar|Flare Blitz|p1a: Excadrill
|-supereffective|p1a: Excadrill
|-enditem|p1a: Excadrill|Focus Sash
|-damage|p1a: Excadrill|1/100
|-damage|p2a: Incineroar|0 fnt|[from] Recoil
|faint|p2a: Incineroar
|move|p1b: Annihilape|Close Combat|p2b: Annihilape
|-activate|p2b: Annihilape|move: Protect
|
|-weather|Sandstorm|[upkeep]
|upkeep
|turn|5
|
|t:|1756515952
|move|p2b: Annihilape|Drain Punch|p1a: Excadrill
|-supereffective|p1a: Excadrill
|-damage|p1a: Excadrill|0 fnt
|-heal|p2b: Annihilape|56/100|[from] drain|[of] p1a: Excadrill
|faint|p1a: Excadrill
|move|p1b: Annihilape|Close Combat|p2b: Annihilape
|-damage|p2b: Annihilape|0 fnt
|-unboost|p1b: Annihilape|def|1
|-unboost|p1b: Annihilape|spd|1
|faint|p2b: Annihilape
|
|win|bleepbopboop
|raw|bleepbopboop's rating: 1101 → 1132(+31 for winning)
|raw|Chandeliere's rating: 1191 → 1160(-31 for losing)
|l| meepmoop453
