|j|☆MidnightCrimsonn
|j|☆Fenozi
|html|MidnightCrimsonnFenozi    
|uhtml|bestof|Game 2 of a best-of-3
|t:|1756920389
|gametype|doubles
|player|p1|MidnightCrimsonn|acetrainerf-gen4dp|
|player|p2|Fenozi|veteran|
|gen|9
|tier|[Gen 9] VGC 2025 Reg H (Bo3)
|rule|Species Clause: Limit one of each Pokémon
|rule|Item Clause: Limit 1 of each item
|clearpoke
|poke|p1|Charizard, L50, M|
|poke|p1|Torkoal, L50, F|
|poke|p1|Porygon2, L50|
|poke|p1|Incineroar, L50, M|
|poke|p1|Jumpluff, L50, M|
|poke|p1|Ursaluna, L50, F|
|poke|p2|Archaludon, L50, F|
|poke|p2|Dragonite, L50, M|
|poke|p2|Pelipper, L50, F|
|poke|p2|Ursaluna, L50, M|
|poke|p2|Sinistcha, L50|
|poke|p2|Gholdengo, L50|
|teampreview|4
|showteam|p1|Charizard||ChoiceSpecs|SolarPower|HeatWave,Overheat,WeatherBall,AirSlash|||M|||50|,,,,,Ghost]Torkoal||EjectPack|Drought|Eruption,Overheat,HelpingHand,Protect|||F|||50|,,,,,Fire]Porygon2||Eviolite|Download|IceBeam,TeraBlast,TrickRoom,Recover||||||50|,,,,,Fighting]Incineroar||SitrusBerry|Intimidate|FlareBlitz,KnockOff,FakeOut,PartingShot|||M|||50|,,,,,Ghost]Jumpluff||CovertCloak|Chlorophyll|SleepPowder,SunnyDay,RagePowder,Tailwind|||M|||50|,,,,,Water]Ursaluna||FlameOrb|Guts|HeadlongRush,Facade,Earthquake,Protect|||F|||50|,,,,,Ghost
|showteam|p2|Archaludon||AssaultVest|Stamina|FlashCannon,BodyPress,ElectroShot,Snarl|||F|||50|,,,,,Fighting]Dragonite||LoadedDice|Multiscale|ScaleShot,Tailwind,Haze,Protect|||M|||50|,,,,,Fairy]Pelipper||FocusSash|Drizzle|MuddyWater,Hurricane,Tailwind,Protect|||F|||50|,,,,,Ghost]Ursaluna||FlameOrb|Guts|Facade,HeadlongRush,Earthquake,Protect|||M|||50|,,,,,Ghost]Sinistcha||SitrusBerry|Hospitality|MatchaGotcha,LifeDew,RagePowder,TrickRoom||||||50|,,,,,Dark]Gholdengo||ChoiceScarf|GoodasGold|MakeItRain,ShadowBall,Trick,Protect||||||50|,,,,,Flying
|inactive|Battle timer is ON: inactive players will automatically lose when time's up. (requested by MidnightCrimsonn)
|inactive|MidnightCrimsonn has 60 seconds left.
|
|t:|1756920424
|teamsize|p1|4
|teamsize|p2|4
|start
|switch|p1a: Larry|Jumpluff, L50, M, shiny|100/100
|switch|p1b: Timmy|Charizard, L50, M, shiny|100/100
|switch|p2a: Ursaluna|Ursaluna, L50, M|100/100
|switch|p2b: Dragonite|Dragonite, L50, M|100/100
|turn|1
|inactive|Fenozi has 30 seconds left.
|
|t:|1756920458
|move|p2a: Ursaluna|Protect|p2a: Ursaluna
|-singleturn|p2a: Ursaluna|Protect
|move|p1a: Larry|Sleep Powder|p2b: Dragonite
|-status|p2b: Dragonite|slp|[from] move: Sleep Powder
|move|p1b: Timmy|Heat Wave|p2a: Ursaluna|[spread] p2b
|-activate|p2a: Ursaluna|move: Protect
|-resisted|p2b: Dragonite
|-damage|p2b: Dragonite|88/100 slp
|cant|p2b: Dragonite|slp
|
|-status|p2a: Ursaluna|brn|[from] item: Flame Orb
|upkeep
|turn|2
|inactive|Fenozi has 30 seconds left.
|
|t:|1756920488
|-terastallize|p1b: Timmy|Ghost
|move|p1a: Larry|Sunny Day|p1a: Larry
|-weather|SunnyDay
|move|p1b: Timmy|Heat Wave|p2a: Ursaluna|[spread] p2b
|-miss|p1b: Timmy|p2a: Ursaluna
|-resisted|p2b: Dragonite
|-damage|p2b: Dragonite|30/100 slp
|cant|p2b: Dragonite|slp
|move|p2a: Ursaluna|Facade|p1b: Timmy
|-immune|p1b: Timmy
|
|-weather|SunnyDay|[upkeep]
|-damage|p1b: Timmy|88/100|[from] ability: Solar Power|[of] p1b: Timmy
|-damage|p2a: Ursaluna|95/100 brn|[from] brn
|upkeep
|turn|3
|
|t:|1756920507
|switch|p2b: Pelipper|Pelipper, L50, F|100/100
|-weather|RainDance|[from] ability: Drizzle|[of] p2b: Pelipper
|move|p1a: Larry|Sunny Day|p1a: Larry
|-weather|SunnyDay
|move|p1b: Timmy|Heat Wave|p2b: Pelipper|[spread] p2b
|-miss|p1b: Timmy|p2a: Ursaluna
|-resisted|p2b: Pelipper
|-damage|p2b: Pelipper|1/100
|move|p2a: Ursaluna|Headlong Rush|p1b: Timmy
|-damage|p1b: Timmy|0 fnt
|-unboost|p2a: Ursaluna|def|1
|-unboost|p2a: Ursaluna|spd|1
|faint|p1b: Timmy
|
|-weather|SunnyDay|[upkeep]
|-damage|p2a: Ursaluna|89/100 brn|[from] brn
|upkeep
|
|t:|1756920516
|switch|p1b: Jeff|Incineroar, L50, M, shiny|100/100
|-ability|p1b: Jeff|Intimidate|boost
|-unboost|p2a: Ursaluna|atk|1
|-unboost|p2b: Pelipper|atk|1
|turn|4
|inactive|Fenozi has 30 seconds left.
|inactive|Fenozi has 20 seconds left.
|inactive|Fenozi has 15 seconds left.
|inactive|Fenozi has 10 seconds left.
|
|t:|1756920563
|move|p2a: Ursaluna|Protect|p2a: Ursaluna
|-singleturn|p2a: Ursaluna|Protect
|move|p1a: Larry|Sleep Powder|p2b: Pelipper|[miss]
|-miss|p1a: Larry|p2b: Pelipper
|move|p2b: Pelipper|Tailwind|p2b: Pelipper
|-sidestart|p2: Fenozi|move: Tailwind
|move|p1b: Jeff|Flare Blitz|p2a: Ursaluna
|-activate|p2a: Ursaluna|move: Protect
|
|-weather|SunnyDay|[upkeep]
|-damage|p2a: Ursaluna|83/100 brn|[from] brn
|upkeep
|turn|5
|inactive|Fenozi has 30 seconds left.
|
|t:|1756920593
|switch|p2a: Dragonite|Dragonite, L50, M|30/100 slp
|move|p1a: Larry|Tailwind|p1a: Larry
|-sidestart|p1: MidnightCrimsonn|move: Tailwind
|move|p2b: Pelipper|Hurricane|p1a: Larry
|-supereffective|p1a: Larry
|-crit|p1a: Larry
|-damage|p1a: Larry|0 fnt
|faint|p1a: Larry
|move|p1b: Jeff|Flare Blitz|p2a: Dragonite
|-resisted|p2a: Dragonite
|-damage|p2a: Dragonite|0 fnt
|faint|p2a: Dragonite
|-damage|p1b: Jeff|92/100|[from] Recoil
|
|-weather|SunnyDay|[upkeep]
|upkeep
|
|t:|1756920609
|switch|p1a: Cammy's Vape|Torkoal, L50, F, shiny|100/100
|switch|p2a: Ursaluna|Ursaluna, L50, M|83/100 brn
|turn|6
|
|t:|1756920615
|switch|p2b: Sinistcha|Sinistcha, L50|100/100
|-heal|p2a: Ursaluna|100/100 brn|[from] ability: Hospitality|[of] p2b: Sinistcha
|move|p2a: Ursaluna|Protect|p2a: Ursaluna
|-singleturn|p2a: Ursaluna|Protect
|move|p1b: Jeff|Flare Blitz|p2a: Ursaluna
|-activate|p2a: Ursaluna|move: Protect
|move|p1a: Cammy's Vape|Eruption|p2a: Ursaluna|[spread] p2b
|-activate|p2a: Ursaluna|move: Protect
|-supereffective|p2b: Sinistcha
|-damage|p2b: Sinistcha|0 fnt
|faint|p2b: Sinistcha
|
|-weather|SunnyDay|[upkeep]
|-damage|p2a: Ursaluna|95/100 brn|[from] brn
|upkeep
|
|t:|1756920625
|switch|p2b: Pelipper|Pelipper, L50, F|1/100
|-weather|RainDance|[from] ability: Drizzle|[of] p2b: Pelipper
|turn|7
|
|t:|1756920639
|move|p1a: Cammy's Vape|Helping Hand|p1b: Jeff
|-singleturn|p1b: Jeff|Helping Hand|[of] p1a: Cammy's Vape
|move|p2b: Pelipper|Muddy Water|p1a: Cammy's Vape|[spread] p1a,p1b
|-supereffective|p1a: Cammy's Vape
|-supereffective|p1b: Jeff
|-damage|p1a: Cammy's Vape|0 fnt
|-damage|p1b: Jeff|11/100
|-unboost|p1b: Jeff|accuracy|1
|-enditem|p1b: Jeff|Sitrus Berry|[eat]
|-heal|p1b: Jeff|36/100|[from] item: Sitrus Berry
|faint|p1a: Cammy's Vape
|move|p1b: Jeff|Knock Off|p2a: Ursaluna
|-damage|p2a: Ursaluna|39/100 brn
|-enditem|p2a: Ursaluna|Flame Orb|[from] move: Knock Off|[of] p1b: Jeff
|move|p2a: Ursaluna|Earthquake|p1b: Jeff|[spread] p1b
|-immune|p2b: Pelipper
|-supereffective|p1b: Jeff
|-damage|p1b: Jeff|0 fnt
|faint|p1b: Jeff
|
|win|Fenozi
|c|☆MidnightCrimsonn|ggs
|c|☆Fenozi|gg
