|j|☆Tusking Chusking
|j|☆capspungo
|html|Tusking Chuskingcapspungo    
|uhtml|bestof|Game 2 of a best-of-3
|t:|1757021073
|gametype|doubles
|player|p1|Tusking Chusking|iris-gen5bw2|1214
|player|p2|capspungo|2|1247
|gen|9
|tier|[Gen 9] VGC 2025 Reg H (Bo3)
|rated|
|rule|Species Clause: Limit one of each Pokémon
|rule|Item Clause: Limit 1 of each item
|clearpoke
|poke|p1|Ursaluna, L50, M|
|poke|p1|Indeedee-F, L50, F|
|poke|p1|Exeggutor, L50, F|
|poke|p1|Torkoal, L50, M|
|poke|p1|Gallade, L50, M|
|poke|p1|Zoroark-Hisui, L50, M|
|poke|p2|Toedscruel, L50, F|
|poke|p2|Weezing-Galar, L50, M|
|poke|p2|Pawmot, L50, M|
|poke|p2|Typhlosion-Hisui, L50, F|
|poke|p2|Corviknight, L50, M|
|poke|p2|Garchomp, L50, F|
|teampreview|4
|showteam|p1|Ursaluna||FlameOrb|Guts|Protect,Facade,Earthquake,HeadlongRush|||M|||50|,,,,,Ghost]Indeedee-F||PsychicSeed|PsychicSurge|TrickRoom,Psychic,FollowMe,HelpingHand|||F|||50|,,,,,Grass]Exeggutor||FocusSash|Chlorophyll|TrickRoom,ExpandingForce,EnergyBall,SleepPowder|||F|||50|,,,,,Psychic]Torkoal||Charcoal|Drought|Eruption,WeatherBall,Protect,ClearSmog|||M|||50|,,,,,Fire]Gallade||ClearAmulet|Sharpness|SacredSword,PsychoCut,WideGuard,TrickRoom|||M|||50|,,,,,Grass]Zoroark-Hisui||ChoiceSpecs|Illusion|HyperVoice,Flamethrower,ShadowBall,TeraBlast|||M|||50|,,,,,Stellar
|showteam|p2|Toedscruel||CovertCloak|MyceliumMight|RagePowder,Spore,EarthPower,AcidSpray|||F|||50|,,,,,Water]Weezing-Galar||ChoiceSpecs|NeutralizingGas|DazzlingGleam,SludgeBomb,StrangeSteam,Flamethrower|||M|||50|,,,,,Fire]Pawmot||FocusSash|NaturalCure|FakeOut,CloseCombat,DoubleShock,Protect|||M|||50|,,,,,Electric]Typhlosion-Hisui||ChoiceScarf|Blaze|Eruption,ShadowBall,HeatWave,SleepTalk|||F|||50|,,,,,Fire]Corviknight||SitrusBerry|MirrorArmor|BraveBird,Tailwind,Protect,Roost|||M|||50|,,,,,Dragon]Garchomp||LifeOrb|RoughSkin|Earthquake,StompingTantrum,DragonClaw,Protect|||F|||50|,,,,,Ground
|inactive|Battle timer is ON: inactive players will automatically lose when time's up. (requested by Tusking Chusking)
|
|t:|1757021118
|teamsize|p1|4
|teamsize|p2|4
|start
|switch|p1a: Exeggutor|Exeggutor, L50, F|100/100
|switch|p1b: Indeedee|Indeedee-F, L50, F|100/100
|switch|p2a: Toedscruel|Toedscruel, L50, F|100/100
|switch|p2b: Weezing|Weezing-Galar, L50, M|100/100
|-ability|p2b: Weezing|Neutralizing Gas
|turn|1
|inactive|capspungo has 30 seconds left.
|
|t:|1757021146
|move|p2a: Toedscruel|Acid Spray|p1a: Exeggutor
|-supereffective|p1a: Exeggutor
|-damage|p1a: Exeggutor|79/100
|-unboost|p1a: Exeggutor|spd|2
|move|p1a: Exeggutor|Expanding Force|p2b: Weezing
|-supereffective|p2b: Weezing
|-damage|p2b: Weezing|0 fnt
|faint|p2b: Weezing
|-end|p2b: Weezing|ability: Neutralizing Gas
|-fieldstart|move: Psychic Terrain|[from] ability: Psychic Surge|[of] p1b: Indeedee
|-enditem|p1b: Indeedee|Psychic Seed
|-boost|p1b: Indeedee|spd|1|[from] item: Psychic Seed
|move|p1b: Indeedee|Trick Room|p1b: Indeedee
|-fieldstart|move: Trick Room|[of] p1b: Indeedee
|
|upkeep
|
|t:|1757021156
|switch|p2b: Corviknight|Corviknight, L50, M|100/100
|turn|2
|
|t:|1757021165
|move|p1b: Indeedee|Psychic|p2a: Toedscruel
|-damage|p2a: Toedscruel|67/100
|move|p2b: Corviknight|Brave Bird|p1a: Exeggutor
|-supereffective|p1a: Exeggutor
|-damage|p1a: Exeggutor|0 fnt
|faint|p1a: Exeggutor
|-damage|p2b: Corviknight|79/100|[from] Recoil
|move|p2a: Toedscruel|Spore|p1b: Indeedee
|-status|p1b: Indeedee|slp|[from] move: Spore
|
|upkeep
|
|t:|1757021172
|switch|p1a: Torkoal|Torkoal, L50, M|100/100
|-weather|SunnyDay|[from] ability: Drought|[of] p1a: Torkoal
|turn|3
|
|t:|1757021183
|-terastallize|p1a: Torkoal|Fire
|-terastallize|p2a: Toedscruel|Water
|move|p2b: Corviknight|Protect|p2b: Corviknight
|-singleturn|p2b: Corviknight|Protect
|move|p1a: Torkoal|Eruption|p2b: Corviknight|[spread] p2a
|-activate|p2b: Corviknight|move: Protect
|-resisted|p2a: Toedscruel
|-damage|p2a: Toedscruel|22/100
|cant|p1b: Indeedee|slp
|move|p2a: Toedscruel|Spore|p1a: Torkoal
|-status|p1a: Torkoal|slp|[from] move: Spore
|
|-weather|SunnyDay|[upkeep]
|upkeep
|turn|4
|
|t:|1757021204
|cant|p1a: Torkoal|slp
|cant|p1b: Indeedee|slp
|move|p2b: Corviknight|Brave Bird|p1a: Torkoal
|-damage|p1a: Torkoal|68/100 slp
|-damage|p2b: Corviknight|69/100|[from] Recoil
|move|p2a: Toedscruel|Earth Power|p1a: Torkoal
|-supereffective|p1a: Torkoal
|-damage|p1a: Torkoal|0 fnt
|faint|p1a: Torkoal
|
|-weather|SunnyDay|[upkeep]
|upkeep
|
|t:|1757021209
|switch|p1a: Indeedee|Indeedee-F, L50, F|100/100
|turn|5
|
|t:|1757021228
|-curestatus|p1b: Indeedee|slp|[msg]
|move|p1b: Indeedee|Follow Me|p1b: Indeedee
|-singleturn|p1b: Indeedee|move: Follow Me
|move|p2b: Corviknight|Brave Bird|p1b: Indeedee
|-damage|p1b: Indeedee|62/100
|-damage|p2b: Corviknight|58/100|[from] Recoil
|move|p2a: Toedscruel|Earth Power|p1b: Indeedee
|-damage|p1b: Indeedee|44/100
|move|p1a: Indeedee|Flamethrower|p2b: Corviknight
|-supereffective|p2b: Corviknight
|-damage|p2b: Corviknight|0 fnt
|faint|p2b: Corviknight
|
|-weather|SunnyDay|[upkeep]
|-fieldend|move: Trick Room
|-fieldend|move: Psychic Terrain
|upkeep
|
|t:|1757021233
|switch|p2b: Pawmot|Pawmot, L50, M|100/100
|turn|6
|inactive|capspungo has 30 seconds left.
|inactive|capspungo has 20 seconds left.
|inactive|capspungo has 15 seconds left.
|inactive|capspungo has 10 seconds left.
|
|t:|1757021280
|move|p1b: Indeedee|Helping Hand|p1a: Indeedee
|-singleturn|p1a: Indeedee|Helping Hand|[of] p1b: Indeedee
|move|p2b: Pawmot|Fake Out|p1b: Indeedee
|-damage|p1b: Indeedee|33/100
|move|p1a: Indeedee|Flamethrower|p2a: Toedscruel
|-resisted|p2a: Toedscruel
|-damage|p2a: Toedscruel|0 fnt
|faint|p2a: Toedscruel
|
|-weather|SunnyDay|[upkeep]
|upkeep
|turn|7
|c|☆Tusking Chusking|does it work like that?
|
|t:|1757021298
|move|p1a: Indeedee|Flamethrower|p2b: Pawmot
|-enditem|p2b: Pawmot|Focus Sash
|-damage|p2b: Pawmot|1/100
|move|p2b: Pawmot|Close Combat|p1b: Indeedee
|-damage|p1b: Indeedee|0 fnt
|-unboost|p2b: Pawmot|def|1
|-unboost|p2b: Pawmot|spd|1
|faint|p1b: Indeedee
|
|-weather|none
|upkeep
|turn|8
|
|t:|1757021309
|move|p1a: Indeedee|Flamethrower|p2b: Pawmot
|-damage|p2b: Pawmot|0 fnt
|faint|p2b: Pawmot
|
|win|Tusking Chusking
||capspungo is ready for game 3.
|inactive|Tusking Chusking has 30 seconds to confirm battle start!
||Tusking Chusking is ready for game 3.
|uhtml|next|Next: Game 3 of 3
