|j|☆Nonnyvibrant
|j|☆Matiublanco
|html|NonnyvibrantMatiublanco    
|uhtml|bestof|Game 3 of a best-of-3
|t:|1786016672
|gametype|doubles
|player|p1|Nonnyvibrant|101|1119
|player|p2|Matiublanco|266|1179
|gen|9
|tier|[Gen 9 Champions] VGC 2026 Reg M-B (Bo3)
|rated|
|rule|Species Clause: Limit one of each Pokémon
|rule|Item Clause: Limit 1 of each item
|clearpoke
|poke|p1|Blaziken, L50, M, shiny|
|poke|p1|Kingambit, L50, F, shiny|
|poke|p1|Basculegion, L50, M, shiny|
|poke|p1|Sylveon, L50, M|
|poke|p1|Torkoal, L50, M|
|poke|p1|Aerodactyl, L50, M|
|poke|p2|Tyranitar, L50, M|
|poke|p2|Excadrill, L50, F|
|poke|p2|Sinistcha, L50|
|poke|p2|Gholdengo, L50|
|poke|p2|Milotic, L50, F|
|poke|p2|Staraptor, L50, M|
|teampreview|4
|showteam|p1|Blaziken||Blazikenite|SpeedBoost|FlareBlitz,Protect,CloseCombat,RockSlide|Adamant||M|||50|]Kingambit||LifeOrb|Defiant|KowtowCleave,SuckerPunch,IronHead,Protect|Adamant||F|||50|]Basculegion||FocusSash|Adaptability|Liquidation,AquaJet,LastRespects,Protect|Adamant||M|||50|]Sylveon||FairyFeather|Pixilate|HyperVoice,HyperBeam,QuickAttack,Protect|Modest||M|||50|]Torkoal||Leftovers|Drought|BurningJealousy,WeatherBall,Yawn,Protect|Relaxed||M|||50|]Aerodactyl||Aerodactylite|RockHead|RockSlide,DualWingbeat,Tailwind,IceFang|Jolly||M|||50|
|showteam|p2|Tyranitar||Tyranitarite|SandStream|Protect,RockSlide,KnockOff,LowKick|Adamant||M|||50|]Excadrill||FocusSash|SandRush|Protect,HighHorsepower,RockSlide,IronHead|Adamant||F|||50|]Sinistcha||SitrusBerry|Hospitality|Protect,RagePowder,MatchaGotcha,TrickRoom|Bold|||||50|]Gholdengo||LifeOrb|GoodasGold|Protect,MakeItRain,ShadowBall,NastyPlot|Modest|||||50|]Milotic||Leftovers|Competitive|Protect,Scald,IceBeam,IcyWind|Modest||F|||50|]Staraptor||Staraptite|Intimidate|Protect,CloseCombat,BraveBird,Tailwind|Jolly||M|||50|
|inactive|Battle timer is ON: inactive players will automatically lose when time's up. (requested by Nonnyvibrant)
|
|t:|1786016736
|teamsize|p1|4
|teamsize|p2|4
|start
|switch|p1a: Blaziken|Blaziken, L50, M, shiny|100/100
|switch|p1b: Sylveon|Sylveon, L50, M|100/100
|switch|p2a: Milotic|Milotic, L50, F|100/100
|switch|p2b: Tyranitar|Tyranitar, L50, M|100/100
|-weather|Sandstorm|[from] ability: Sand Stream|[of] p2b: Tyranitar
|turn|1
|
|t:|1786016760
|detailschange|p1a: Blaziken|Blaziken-Mega, L50, M, shiny
|-mega|p1a: Blaziken|Blaziken|Blazikenite
|move|p1a: Blaziken|Protect|p1a: Blaziken
|-singleturn|p1a: Blaziken|Protect
|move|p2b: Tyranitar|Protect|p2b: Tyranitar
|-singleturn|p2b: Tyranitar|Protect
|move|p2a: Milotic|Scald|p1a: Blaziken
|-activate|p1a: Blaziken|move: Protect
|move|p1b: Sylveon|Hyper Voice|p2a: Milotic|[spread] p2a
|-activate|p2b: Tyranitar|move: Protect
|-damage|p2a: Milotic|65/100
|
|-weather|Sandstorm|[upkeep]
|-damage|p1a: Blaziken|94/100|[from] Sandstorm
|-damage|p2a: Milotic|59/100|[from] Sandstorm
|-damage|p1b: Sylveon|93/100|[from] Sandstorm
|-heal|p2a: Milotic|65/100|[from] item: Leftovers
|-ability|p1a: Blaziken|Speed Boost|boost
|-boost|p1a: Blaziken|spe|1
|upkeep
|turn|2
|inactive|Nonnyvibrant has 30 seconds left.
|
|t:|1786016789
|switch|p2b: Staraptor|Staraptor, L50, M|100/100
|-ability|p2b: Staraptor|Intimidate|boost
|-unboost|p1a: Blaziken|atk|1
|-unboost|p1b: Sylveon|atk|1
|move|p1a: Blaziken|Close Combat|p2a: Milotic
|-crit|p2a: Milotic
|-damage|p2a: Milotic|0 fnt
|-unboost|p1a: Blaziken|def|1
|-unboost|p1a: Blaziken|spd|1
|faint|p2a: Milotic
|move|p1b: Sylveon|Hyper Beam|p2b: Staraptor
|-damage|p2b: Staraptor|0 fnt
|-mustrecharge|p1b: Sylveon
|faint|p2b: Staraptor
|
|-weather|Sandstorm|[upkeep]
|-damage|p1a: Blaziken|88/100|[from] Sandstorm
|-damage|p1b: Sylveon|87/100|[from] Sandstorm
|-ability|p1a: Blaziken|Speed Boost|boost
|-boost|p1a: Blaziken|spe|1
|upkeep
|
|t:|1786016803
|switch|p2b: Tyranitar|Tyranitar, L50, M|100/100
|switch|p2a: Gholdengo|Gholdengo, L50|100/100
|turn|3
|inactive|Nonnyvibrant has 30 seconds left.
|inactive|Nonnyvibrant has 20 seconds left.
|inactive|Matiublanco has 30 seconds left.
|inactive|Nonnyvibrant has 15 seconds left.
|
|t:|1786016851
|switch|p1a: Kingambit|Kingambit, L50, F, shiny|100/100
|detailschange|p2b: Tyranitar|Tyranitar-Mega, L50, M
|-mega|p2b: Tyranitar|Tyranitar|Tyranitarite
|move|p2a: Gholdengo|Make It Rain|p1a: Kingambit|[spread] p1a,p1b
|-resisted|p1a: Kingambit|1
|-supereffective|p1b: Sylveon|1
|-damage|p1a: Kingambit|64/100
|-damage|p1b: Sylveon|0 fnt
|-unboost|p2a: Gholdengo|spa|2
|faint|p1b: Sylveon
|-damage|p2a: Gholdengo|90/100|[from] item: Life Orb
|move|p2b: Tyranitar|Rock Slide|p1a: Kingambit
|-resisted|p1a: Kingambit|1
|-damage|p1a: Kingambit|44/100
|
|-weather|Sandstorm|[upkeep]
|upkeep
|
|t:|1786016867
|switch|p1b: Blaziken|Blaziken-Mega, L50, M, shiny|88/100
|turn|4
|
|t:|1786016879
|move|p2a: Gholdengo|Protect|p2a: Gholdengo
|-singleturn|p2a: Gholdengo|Protect
|move|p1b: Blaziken|Close Combat|p2b: Tyranitar
|-supereffective|p2b: Tyranitar|2
|-damage|p2b: Tyranitar|0 fnt
|-unboost|p1b: Blaziken|def|1
|-unboost|p1b: Blaziken|spd|1
|faint|p2b: Tyranitar
|move|p1a: Kingambit|Kowtow Cleave|p2a: Gholdengo
|-activate|p2a: Gholdengo|move: Protect
|
|-weather|Sandstorm|[upkeep]
|-damage|p1b: Blaziken|82/100|[from] Sandstorm
|-ability|p1b: Blaziken|Speed Boost|boost
|-boost|p1b: Blaziken|spe|1
|upkeep
|turn|5
|
|t:|1786016890
|move|p1b: Blaziken|Flare Blitz|p2a: Gholdengo
|-supereffective|p2a: Gholdengo|1
|-damage|p2a: Gholdengo|0 fnt
|faint|p2a: Gholdengo
|-damage|p1b: Blaziken|45/100|[from] Recoil
|
|win|Nonnyvibrant
|raw|Nonnyvibrant's rating: 1119 → 1148(+29 for winning)
|raw|Matiublanco's rating: 1179 → 1150(-29 for losing)
|l|☆Matiublanco
|player|p2|
