|j|☆lettitripppp
|j|☆sbhaga34
|html|lettitrippppsbhaga34    
|uhtml|bestof|Game 3 of a best-of-3
|t:|1784768736
|gametype|doubles
|player|p1|lettitripppp|lucas|1258
|player|p2|sbhaga34|hugh|1305
|gen|9
|tier|[Gen 9 Champions] VGC 2026 Reg M-B (Bo3)
|rated|
|rule|Species Clause: Limit one of each Pokémon
|rule|Item Clause: Limit 1 of each item
|clearpoke
|poke|p1|Charizard, L50, F, shiny|
|poke|p1|Basculegion, L50, M, shiny|
|poke|p1|Pelipper, L50, M|
|poke|p1|Venusaur, L50, M|
|poke|p1|Archaludon, L50, F|
|poke|p1|Grimmsnarl, L50, M, shiny|
|poke|p2|Excadrill, L50, F|
|poke|p2|Tyranitar, L50, M|
|poke|p2|Corviknight, L50, M|
|poke|p2|Rotom-Wash, L50|
|poke|p2|Chandelure, L50, F|
|poke|p2|Scovillain, L50, M|
|teampreview|4
|showteam|p1|Charizard||CharizarditeY|Blaze|WeatherBall,SolarBeam,HeatWave,Protect|Modest||F|||50|]Basculegion||ChoiceScarf|Adaptability|LastRespects,WaveCrash,FlipTurn,AquaJet|Jolly||M|||50|]Pelipper||SitrusBerry|Drizzle|WeatherBall,WideGuard,Hurricane,Tailwind|Modest||M|||50|]Venusaur||FocusSash|Chlorophyll|SleepPowder,SludgeBomb,EarthPower,Protect|Modest||M|||50|]Archaludon||Leftovers|Stamina|FlashCannon,DragonPulse,ElectroShot,Protect|Calm||F|||50|]Grimmsnarl||LightClay|Prankster|PartingShot,LightScreen,SpiritBreak,Reflect|Relaxed||M|||50|
|showteam|p2|Excadrill||FocusSash|SandRush|Earthquake,IronHead,SwordsDance,Protect|Adamant||F|||50|]Tyranitar||Tyranitarite|SandStream|RockSlide,KnockOff,LowKick,Protect|Adamant||M|||50|]Corviknight||SharpBeak|MirrorArmor|BraveBird,Tailwind,BulkUp,Roost|Careful||M|||50|]Rotom-Wash||ChoiceScarf|Levitate|VoltSwitch,Thunderbolt,Electroweb,HydroPump|Timid|||||50|]Chandelure||ShucaBerry|FlashFire|HeatWave,ShadowBall,TrickRoom,Protect|Modest||F|||50|]Scovillain||Scovillainite|Chlorophyll|RagePowder,Overheat,GigaDrain,Protect|Calm||M|||50|
|inactive|Battle timer is ON: inactive players will automatically lose when time's up. (requested by lettitripppp)
|
|t:|1784768757
|teamsize|p1|4
|teamsize|p2|4
|start
|switch|p1a: GHOSTWAVE|Basculegion, L50, M, shiny|100/100
|switch|p1b: GO JOHAN|Grimmsnarl, L50, M, shiny|100/100
|switch|p2a: Excadrill|Excadrill, L50, F|100/100
|switch|p2b: Scovillain|Scovillain, L50, M|100/100
|turn|1
|
|t:|1784768770
|detailschange|p2b: Scovillain|Scovillain-Mega, L50, M
|-mega|p2b: Scovillain|Scovillain|Scovillainite
|move|p2b: Scovillain|Rage Powder|p2b: Scovillain
|-singleturn|p2b: Scovillain|move: Rage Powder
|move|p1b: GO JOHAN|Reflect|p1b: GO JOHAN
|-sidestart|p1: lettitripppp|Reflect
|move|p1a: GHOSTWAVE|Wave Crash|p2b: Scovillain
|-damage|p2b: Scovillain|27/100
|-status|p1a: GHOSTWAVE|brn|[from] ability: Spicy Spray|[of] p2b: Scovillain
|-damage|p1a: GHOSTWAVE|78/100 brn|[from] Recoil
|move|p2a: Excadrill|Swords Dance|p2a: Excadrill
|-boost|p2a: Excadrill|atk|2
|
|-damage|p1a: GHOSTWAVE|72/100 brn|[from] brn
|upkeep
|turn|2
|
|t:|1784768787
|move|p2b: Scovillain|Rage Powder|p2b: Scovillain
|-singleturn|p2b: Scovillain|move: Rage Powder
|move|p1b: GO JOHAN|Parting Shot|p2b: Scovillain
|-unboost|p2b: Scovillain|atk|1
|-unboost|p2b: Scovillain|spa|1
|
|t:|1784768792
|switch|p1b: BEYOND BRIDGE|Archaludon, L50, F|100/100|[from] Parting Shot
|move|p1a: GHOSTWAVE|Wave Crash|p2b: Scovillain
|-damage|p2b: Scovillain|0 fnt
|faint|p2b: Scovillain
|-damage|p1a: GHOSTWAVE|64/100 brn|[from] Recoil
|move|p2a: Excadrill|Iron Head|p1b: BEYOND BRIDGE
|-resisted|p1b: BEYOND BRIDGE|1
|-damage|p1b: BEYOND BRIDGE|75/100
|-ability|p1b: BEYOND BRIDGE|Stamina|boost
|-boost|p1b: BEYOND BRIDGE|def|1
|
|-heal|p1b: BEYOND BRIDGE|81/100|[from] item: Leftovers
|-damage|p1a: GHOSTWAVE|58/100 brn|[from] brn
|upkeep
|
|t:|1784768798
|switch|p2b: Rotom|Rotom-Wash, L50|100/100
|turn|3
|
|t:|1784768822
|move|p2a: Excadrill|Protect|p2a: Excadrill
|-singleturn|p2a: Excadrill|Protect
|move|p1a: GHOSTWAVE|Wave Crash|p2a: Excadrill
|-activate|p2a: Excadrill|move: Protect
|move|p2b: Rotom|Volt Switch|p1a: GHOSTWAVE
|-supereffective|p1a: GHOSTWAVE|1
|-damage|p1a: GHOSTWAVE|0 fnt
|faint|p1a: GHOSTWAVE
|
|t:|1784768828
|switch|p2b: Tyranitar|Tyranitar, L50, M|100/100|[from] Volt Switch
|-weather|Sandstorm|[from] ability: Sand Stream|[of] p2b: Tyranitar
|move|p1b: BEYOND BRIDGE|Dragon Pulse|p2a: Excadrill
|-activate|p2a: Excadrill|move: Protect
|
|-weather|Sandstorm|[upkeep]
|-heal|p1b: BEYOND BRIDGE|87/100|[from] item: Leftovers
|upkeep
|
|t:|1784768832
|switch|p1a: WET-BEAK|Pelipper, L50, M|100/100
|-weather|RainDance|[from] ability: Drizzle|[of] p1a: WET-BEAK
|turn|4
|
|t:|1784768850
|switch|p2b: Rotom|Rotom-Wash, L50|100/100
|move|p1b: BEYOND BRIDGE|Protect|p1b: BEYOND BRIDGE
|-singleturn|p1b: BEYOND BRIDGE|Protect
|move|p2a: Excadrill|Earthquake|p1a: WET-BEAK|[spread] 
|-activate|p1b: BEYOND BRIDGE|move: Protect
|-immune|p2b: Rotom|[from] ability: Levitate
|-immune|p1a: WET-BEAK
|move|p1a: WET-BEAK|Tailwind|p1a: WET-BEAK
|-sidestart|p1: lettitripppp|move: Tailwind
|
|-weather|RainDance|[upkeep]
|-heal|p1b: BEYOND BRIDGE|93/100|[from] item: Leftovers
|upkeep
|turn|5
|inactive|sbhaga34 has 30 seconds left.
|
|t:|1784768876
|switch|p1a: GO JOHAN|Grimmsnarl, L50, M, shiny|100/100
|move|p1b: BEYOND BRIDGE|Dragon Pulse|p2b: Rotom
|-damage|p2b: Rotom|63/100
|move|p2b: Rotom|Volt Switch|p1a: GO JOHAN
|-damage|p1a: GO JOHAN|73/100
|
|t:|1784768883
|switch|p2b: Tyranitar|Tyranitar, L50, M|100/100|[from] Volt Switch
|-weather|Sandstorm|[from] ability: Sand Stream|[of] p2b: Tyranitar
|move|p2a: Excadrill|Swords Dance|p2a: Excadrill
|-boost|p2a: Excadrill|atk|2
|
|-weather|Sandstorm|[upkeep]
|-damage|p1a: GO JOHAN|67/100|[from] Sandstorm
|-heal|p1b: BEYOND BRIDGE|100/100|[from] item: Leftovers
|upkeep
|turn|6
|
|t:|1784768894
|switch|p2b: Rotom|Rotom-Wash, L50|63/100
|move|p1a: GO JOHAN|Parting Shot|p2a: Excadrill
|-unboost|p2a: Excadrill|atk|1
|-unboost|p2a: Excadrill|spa|1
|
|t:|1784768899
|switch|p1a: WET-BEAK|Pelipper, L50, M|100/100|[from] Parting Shot
|-weather|RainDance|[from] ability: Drizzle|[of] p1a: WET-BEAK
|move|p1b: BEYOND BRIDGE|Electro Shot||[still]
|-prepare|p1b: BEYOND BRIDGE|Electro Shot
|-boost|p1b: BEYOND BRIDGE|spa|1
|-anim|p1b: BEYOND BRIDGE|Electro Shot|p2b: Rotom
|-damage|p2b: Rotom|8/100
|move|p2a: Excadrill|Earthquake|p1b: BEYOND BRIDGE|[spread] p1b
|-immune|p2b: Rotom|[from] ability: Levitate
|-immune|p1a: WET-BEAK
|-supereffective|p1b: BEYOND BRIDGE|1
|-damage|p1b: BEYOND BRIDGE|26/100
|-ability|p1b: BEYOND BRIDGE|Stamina|boost
|-boost|p1b: BEYOND BRIDGE|def|1
|
|-weather|RainDance|[upkeep]
|-heal|p1b: BEYOND BRIDGE|32/100|[from] item: Leftovers
|upkeep
|turn|7
|
|t:|1784768917
|switch|p2b: Tyranitar|Tyranitar, L50, M|100/100
|-weather|Sandstorm|[from] ability: Sand Stream|[of] p2b: Tyranitar
|move|p2a: Excadrill|Protect|p2a: Excadrill
|-singleturn|p2a: Excadrill|Protect
|move|p1b: BEYOND BRIDGE|Protect|p1b: BEYOND BRIDGE
|-singleturn|p1b: BEYOND BRIDGE|Protect
|move|p1a: WET-BEAK|Weather Ball|p2b: Tyranitar
|-damage|p2b: Tyranitar|85/100
|
|-weather|Sandstorm|[upkeep]
|-damage|p1a: WET-BEAK|94/100|[from] Sandstorm
|-heal|p1b: BEYOND BRIDGE|38/100|[from] item: Leftovers
|-sideend|p1: lettitripppp|move: Tailwind
|upkeep
|turn|8
|inactive|sbhaga34 has 30 seconds left.
|inactive|lettitripppp has 30 seconds left.
|inactive|sbhaga34 has 20 seconds left.
|inactive|sbhaga34 has 15 seconds left.
|inactive|sbhaga34 has 10 seconds left.
|
|t:|1784768963
|switch|p1b: GO JOHAN|Grimmsnarl, L50, M, shiny|67/100
|move|p2a: Excadrill|Iron Head|p1a: WET-BEAK
|-resisted|p1a: WET-BEAK|1
|-damage|p1a: WET-BEAK|52/100
|move|p2b: Tyranitar|Knock Off|p1b: GO JOHAN
|-resisted|p1b: GO JOHAN|2
|-damage|p1b: GO JOHAN|59/100
|-enditem|p1b: GO JOHAN|Light Clay|[from] move: Knock Off|[of] p2b: Tyranitar
|cant|p1a: WET-BEAK|flinch
|
|-weather|Sandstorm|[upkeep]
|-damage|p1a: WET-BEAK|46/100|[from] Sandstorm
|-damage|p1b: GO JOHAN|53/100|[from] Sandstorm
|-enditem|p1a: WET-BEAK|Sitrus Berry|[eat]
|-heal|p1a: WET-BEAK|71/100|[from] item: Sitrus Berry
|-sideend|p1: lettitripppp|Reflect
|upkeep
|turn|9
|inactive|sbhaga34 has 30 seconds left.
|
|t:|1784768990
|move|p1b: GO JOHAN|Reflect|p1b: GO JOHAN
|-sidestart|p1: lettitripppp|Reflect
|move|p2a: Excadrill|Iron Head|p1a: WET-BEAK
|-resisted|p1a: WET-BEAK|1
|-damage|p1a: WET-BEAK|28/100
|move|p2b: Tyranitar|Rock Slide|p1b: GO JOHAN|[spread] p1a,p1b
|-supereffective|p1a: WET-BEAK|1
|-damage|p1a: WET-BEAK|0 fnt
|-damage|p1b: GO JOHAN|34/100
|faint|p1a: WET-BEAK
|
|-weather|Sandstorm|[upkeep]
|-damage|p1b: GO JOHAN|28/100|[from] Sandstorm
|upkeep
|-message|lettitripppp forfeited.
|raw|lettitripppp's rating: 1258 → 1236(-22 for losing)
|raw|sbhaga34's rating: 1305 → 1322(+17 for winning)
|
|win|sbhaga34
