|j|☆Shiboha
|j|☆nyakugan
|html|Shibohanyakugan    
|uhtml|bestof|Game 1 of a best-of-3
|t:|1756662063
|gametype|doubles
|player|p1|Shiboha|steven|
|player|p2|nyakugan|psychic|
|gen|9
|tier|[Gen 9] VGC 2025 Reg H (Bo3)
|rule|Species Clause: Limit one of each Pokémon
|rule|Item Clause: Limit 1 of each item
|clearpoke
|poke|p1|Gholdengo, L50|
|poke|p1|Incineroar, L50, M|
|poke|p1|Garchomp, L50, F|
|poke|p1|Dondozo, L50, F|
|poke|p1|Tatsugiri, L50, F|
|poke|p1|Ninetales-Alola, L50, F|
|poke|p2|Dragapult, L50, M|
|poke|p2|Sneasler, L50, M|
|poke|p2|Volcarona, L50, F|
|poke|p2|Incineroar, L50, M|
|poke|p2|Rillaboom, L50, M|
|poke|p2|Kingambit, L50, M|
|teampreview|4
|showteam|p1|Gholdengo||MetalCoat|GoodasGold|MakeItRain,ShadowBall,NastyPlot,Protect||||||50|,,,,,Steel]Incineroar||RockyHelmet|Intimidate|FakeOut,FlareBlitz,KnockOff,PartingShot|||M|||50|,,,,,Grass]Garchomp||LifeOrb|RoughSkin|Earthquake,StompingTantrum,Outrage,Protect|||F|||50|,,,,,Fire]Dondozo||Leftovers|Unaware|WaveCrash,Earthquake,Yawn,Protect|||F|||50|,,,,,Grass]Tatsugiri||FocusSash|Commander|MuddyWater,DracoMeteor,IcyWind,Protect|||F|||50|,,,,,Steel]Ninetales-Alola||CovertCloak|SnowWarning|Blizzard,Moonblast,AuroraVeil,Encore|||F|||50|,,,,,Water
|showteam|p2|Dragapult||ChoiceBand|ClearBody|DragonDarts,Outrage,PhantomForce,Uturn|||M|||50|,,,,,Dragon]Sneasler||FocusSash|Unburden|CloseCombat,DireClaw,Coaching,Protect|||M|||50|,,,,,Stellar]Volcarona||GrassySeed|FlameBody|FieryDance,TeraBlast,QuiverDance,Protect|||F|||50|,,,,,Fairy]Incineroar||SafetyGoggles|Intimidate|KnockOff,FakeOut,Taunt,PartingShot|||M|||50|,,,,,Ghost]Rillaboom||AssaultVest|GrassySurge|WoodHammer,GrassyGlide,Uturn,FakeOut|||M|||50|,,,,,Fire]Kingambit||BlackGlasses|Defiant|KowtowCleave,SuckerPunch,SwordsDance,Protect|||M|||50|,,,,,Dark
|
|t:|1756662219
|teamsize|p1|4
|teamsize|p2|4
|start
|switch|p1a: Gholdengo|Gholdengo, L50|100/100
|switch|p1b: Dondozo|Dondozo, L50, F|100/100
|switch|p2a: Volcarona|Volcarona, L50, F, shiny|100/100
|switch|p2b: Incineroar|Incineroar, L50, M, shiny|100/100
|-ability|p2b: Incineroar|Intimidate|boost
|-unboost|p1a: Gholdengo|atk|1
|-unboost|p1b: Dondozo|atk|1
|turn|1
|
|t:|1756662256
|move|p1b: Dondozo|Protect|p1b: Dondozo
|-singleturn|p1b: Dondozo|Protect
|move|p2b: Incineroar|Fake Out|p1b: Dondozo
|-activate|p1b: Dondozo|move: Protect
|move|p2a: Volcarona|Quiver Dance|p2a: Volcarona
|-boost|p2a: Volcarona|spa|1
|-boost|p2a: Volcarona|spd|1
|-boost|p2a: Volcarona|spe|1
|move|p1a: Gholdengo|Shadow Ball|p2a: Volcarona
|-damage|p2a: Volcarona|72/100
|
|upkeep
|turn|2
|
|t:|1756662328
|switch|p1a: Tatsugiri|Tatsugiri, L50, F|100/100
|-activate|p1a: Tatsugiri|ability: Commander|[of] p1b: Dondozo
|-boost|p1b: Dondozo|atk|2
|-boost|p1b: Dondozo|spa|2
|-boost|p1b: Dondozo|spe|2
|-boost|p1b: Dondozo|def|2
|-boost|p1b: Dondozo|spd|2
|switch|p2b: Rillaboom|Rillaboom, L50, M, shiny|100/100
|-fieldstart|move: Grassy Terrain|[from] ability: Grassy Surge|[of] p2b: Rillaboom
|-enditem|p2a: Volcarona|Grassy Seed
|-boost|p2a: Volcarona|def|1|[from] item: Grassy Seed
|move|p2a: Volcarona|Protect|p2a: Volcarona
|-singleturn|p2a: Volcarona|Protect
|move|p1b: Dondozo|Earthquake|p2b: Rillaboom|[spread] p2b
|-miss|p1b: Dondozo|p1a: Tatsugiri
|-activate|p2a: Volcarona|move: Protect
|-resisted|p2b: Rillaboom
|-damage|p2b: Rillaboom|92/100
|
|-heal|p2a: Volcarona|78/100|[from] Grassy Terrain
|-heal|p2b: Rillaboom|98/100|[from] Grassy Terrain
|upkeep
|turn|3
|
|t:|1756662386
|switch|p2b: Incineroar|Incineroar, L50, M, shiny|100/100
|-ability|p2b: Incineroar|Intimidate|boost
|-unboost|p1a: Tatsugiri|atk|1
|-unboost|p1b: Dondozo|atk|1
|-terastallize|p2a: Volcarona|Fairy
|move|p2a: Volcarona|Quiver Dance|p2a: Volcarona
|-boost|p2a: Volcarona|spa|1
|-boost|p2a: Volcarona|spd|1
|-boost|p2a: Volcarona|spe|1
|move|p1b: Dondozo|Wave Crash|p2a: Volcarona
|-damage|p2a: Volcarona|12/100
|-status|p1b: Dondozo|brn|[from] ability: Flame Body|[of] p2a: Volcarona
|-damage|p1b: Dondozo|83/100 brn|[from] Recoil
|
|-heal|p2a: Volcarona|19/100|[from] Grassy Terrain
|-heal|p1b: Dondozo|89/100 brn|[from] Grassy Terrain
|-heal|p1b: Dondozo|95/100 brn|[from] item: Leftovers
|-damage|p1b: Dondozo|89/100 brn|[from] brn
|upkeep
|turn|4
|c|☆Shiboha|:(
|
|t:|1756662439
|move|p2b: Incineroar|Fake Out|p1b: Dondozo
|-damage|p1b: Dondozo|85/100 brn
|move|p2a: Volcarona|Quiver Dance|p2a: Volcarona
|-boost|p2a: Volcarona|spa|1
|-boost|p2a: Volcarona|spd|1
|-boost|p2a: Volcarona|spe|1
|cant|p1b: Dondozo|flinch
|
|-heal|p2a: Volcarona|25/100|[from] Grassy Terrain
|-heal|p1b: Dondozo|92/100 brn|[from] Grassy Terrain
|-heal|p1b: Dondozo|98/100 brn|[from] item: Leftovers
|-damage|p1b: Dondozo|92/100 brn|[from] brn
|upkeep
|turn|5
|
|t:|1756662462
|move|p2a: Volcarona|Protect|p2a: Volcarona
|-singleturn|p2a: Volcarona|Protect
|move|p1b: Dondozo|Wave Crash|p2a: Volcarona
|-activate|p2a: Volcarona|move: Protect
|move|p2b: Incineroar|Parting Shot|p1b: Dondozo
|-unboost|p1b: Dondozo|atk|1
|-unboost|p1b: Dondozo|spa|1
|
|t:|1756662484
|switch|p2b: Rillaboom|Rillaboom, L50, M, shiny|98/100|[from] Parting Shot
|
|-heal|p2a: Volcarona|31/100|[from] Grassy Terrain
|-heal|p1b: Dondozo|98/100 brn|[from] Grassy Terrain
|-heal|p1b: Dondozo|100/100 brn|[from] item: Leftovers
|-heal|p2b: Rillaboom|100/100|[from] Grassy Terrain
|-damage|p1b: Dondozo|94/100 brn|[from] brn
|upkeep
|turn|6
|
|t:|1756662535
|move|p2b: Rillaboom|Fake Out|p1b: Dondozo
|-damage|p1b: Dondozo|90/100 brn
|move|p2a: Volcarona|Tera Blast|p1b: Dondozo|[anim] Tera Blast Fairy
|-damage|p1b: Dondozo|68/100 brn
|cant|p1b: Dondozo|flinch
|
|-heal|p2a: Volcarona|37/100|[from] Grassy Terrain
|-heal|p1b: Dondozo|74/100 brn|[from] Grassy Terrain
|-heal|p1b: Dondozo|80/100 brn|[from] item: Leftovers
|-damage|p1b: Dondozo|74/100 brn|[from] brn
|-fieldend|move: Grassy Terrain
|upkeep
|turn|7
|
|t:|1756662597
|move|p2a: Volcarona|Protect|p2a: Volcarona
|-singleturn|p2a: Volcarona|Protect
|move|p1b: Dondozo|Wave Crash|p2b: Rillaboom
|-resisted|p2b: Rillaboom
|-damage|p2b: Rillaboom|92/100
|-damage|p1b: Dondozo|72/100 brn|[from] Recoil
|move|p2b: Rillaboom|U-turn|p1b: Dondozo
|-damage|p1b: Dondozo|65/100 brn
|
|t:|1756662605
|switch|p2b: Incineroar|Incineroar, L50, M, shiny|100/100|[from] U-turn
|-ability|p2b: Incineroar|Intimidate|boost
|-unboost|p1a: Tatsugiri|atk|1
|-unboost|p1b: Dondozo|atk|1
|
|-heal|p1b: Dondozo|71/100 brn|[from] item: Leftovers
|-damage|p1b: Dondozo|65/100 brn|[from] brn
|upkeep
|turn|8
|
|t:|1756662621
|move|p2b: Incineroar|Fake Out|p1b: Dondozo
|-crit|p1b: Dondozo
|-damage|p1b: Dondozo|55/100 brn
|move|p2a: Volcarona|Tera Blast|p1b: Dondozo|[anim] Tera Blast Fairy
|-damage|p1b: Dondozo|35/100 brn
|cant|p1b: Dondozo|flinch
|
|-heal|p1b: Dondozo|41/100 brn|[from] item: Leftovers
|-damage|p1b: Dondozo|35/100 brn|[from] brn
|upkeep
|turn|9
|
|t:|1756662649
|switch|p2b: Rillaboom|Rillaboom, L50, M, shiny|92/100
|-fieldstart|move: Grassy Terrain|[from] ability: Grassy Surge|[of] p2b: Rillaboom
|move|p2a: Volcarona|Protect|p2a: Volcarona
|-singleturn|p2a: Volcarona|Protect
|move|p1b: Dondozo|Wave Crash|p2b: Rillaboom
|-resisted|p2b: Rillaboom
|-damage|p2b: Rillaboom|86/100
|-damage|p1b: Dondozo|33/100 brn|[from] Recoil
|
|-heal|p2a: Volcarona|44/100|[from] Grassy Terrain
|-heal|p1b: Dondozo|39/100 brn|[from] Grassy Terrain
|-heal|p1b: Dondozo|45/100 brn|[from] item: Leftovers
|-heal|p2b: Rillaboom|92/100|[from] Grassy Terrain
|-damage|p1b: Dondozo|39/100 brn|[from] brn
|upkeep
|turn|10
|
|t:|1756662707
|move|p1b: Dondozo|Protect|p1b: Dondozo
|-singleturn|p1b: Dondozo|Protect
|move|p2a: Volcarona|Fiery Dance|p1b: Dondozo
|-activate|p1b: Dondozo|move: Protect
|move|p2b: Rillaboom|Wood Hammer|p1b: Dondozo
|-activate|p1b: Dondozo|move: Protect
|
|-heal|p2a: Volcarona|50/100|[from] Grassy Terrain
|-heal|p1b: Dondozo|45/100 brn|[from] Grassy Terrain
|-heal|p1b: Dondozo|52/100 brn|[from] item: Leftovers
|-heal|p2b: Rillaboom|98/100|[from] Grassy Terrain
|-damage|p1b: Dondozo|45/100 brn|[from] brn
|upkeep
|turn|11
|
|t:|1756662732
|move|p2a: Volcarona|Fiery Dance|p1b: Dondozo
|-resisted|p1b: Dondozo
|-damage|p1b: Dondozo|35/100 brn
|-boost|p2a: Volcarona|spa|1
|move|p1b: Dondozo|Yawn|p2a: Volcarona
|-start|p2a: Volcarona|move: Yawn|[of] p1b: Dondozo
|move|p2b: Rillaboom|Wood Hammer|p1b: Dondozo
|-supereffective|p1b: Dondozo
|-damage|p1b: Dondozo|0 fnt
|faint|p1b: Dondozo
|-damage|p2b: Rillaboom|83/100|[from] Recoil
|
|-heal|p2a: Volcarona|56/100|[from] Grassy Terrain
|-heal|p2b: Rillaboom|90/100|[from] Grassy Terrain
|upkeep
|
|t:|1756662752
|switch|p1b: Gholdengo|Gholdengo, L50|100/100
|turn|12
|
|t:|1756662780
|switch|p2a: Incineroar|Incineroar, L50, M, shiny|100/100
|-ability|p2a: Incineroar|Intimidate|boost
|-unboost|p1a: Tatsugiri|atk|1
|-unboost|p1b: Gholdengo|atk|1
|move|p1b: Gholdengo|Protect|p1b: Gholdengo
|-singleturn|p1b: Gholdengo|Protect
|move|p2b: Rillaboom|Grassy Glide|p1a: Tatsugiri
|-damage|p1a: Tatsugiri|28/100
|move|p1a: Tatsugiri|Muddy Water|p2b: Rillaboom|[spread] p2a,p2b
|-supereffective|p2a: Incineroar
|-resisted|p2b: Rillaboom
|-damage|p2a: Incineroar|41/100
|-damage|p2b: Rillaboom|76/100
|
|-heal|p1a: Tatsugiri|34/100|[from] Grassy Terrain
|-heal|p2b: Rillaboom|82/100|[from] Grassy Terrain
|-heal|p2a: Incineroar|47/100|[from] Grassy Terrain
|upkeep
|turn|13
|j| entei enthusiast
|l| entei enthusiast
|
|t:|1756662862
|-terastallize|p1a: Tatsugiri|Steel
|move|p2b: Rillaboom|Grassy Glide|p1a: Tatsugiri
|-resisted|p1a: Tatsugiri
|-damage|p1a: Tatsugiri|0 fnt
|faint|p1a: Tatsugiri
|move|p1b: Gholdengo|Nasty Plot|p1b: Gholdengo
|-boost|p1b: Gholdengo|spa|2
|move|p2a: Incineroar|Knock Off|p1b: Gholdengo
|-supereffective|p1b: Gholdengo
|-damage|p1b: Gholdengo|17/100
|-enditem|p1b: Gholdengo|Metal Coat|[from] move: Knock Off|[of] p2a: Incineroar
|
|-heal|p2b: Rillaboom|88/100|[from] Grassy Terrain
|-heal|p1b: Gholdengo|23/100|[from] Grassy Terrain
|-heal|p2a: Incineroar|54/100|[from] Grassy Terrain
|-fieldend|move: Grassy Terrain
|upkeep
|
|t:|1756662876
|switch|p1a: Garchomp|Garchomp, L50, F|100/100
|turn|14
|
|t:|1756662956
|switch|p2a: Volcarona|Volcarona, L50, F, shiny, tera:Fairy|56/100
|move|p1b: Gholdengo|Protect|p1b: Gholdengo
|-singleturn|p1b: Gholdengo|Protect
|move|p1a: Garchomp|Earthquake|p2a: Volcarona|[spread] p2a,p2b
|-activate|p1b: Gholdengo|move: Protect
|-resisted|p2b: Rillaboom
|-crit|p2b: Rillaboom
|-damage|p2a: Volcarona|0 fnt
|-damage|p2b: Rillaboom|52/100
|faint|p2a: Volcarona
|-damage|p1a: Garchomp|91/100|[from] item: Life Orb
|move|p2b: Rillaboom|U-turn|p1b: Gholdengo
|-activate|p1b: Gholdengo|move: Protect
|
|upkeep
|
|t:|1756662972
|switch|p2a: Incineroar|Incineroar, L50, M, shiny|54/100
|-ability|p2a: Incineroar|Intimidate|boost
|-unboost|p1a: Garchomp|atk|1
|-unboost|p1b: Gholdengo|atk|1
|turn|15
|
|t:|1756663047
|move|p2a: Incineroar|Fake Out|p1a: Garchomp
|-damage|p1a: Garchomp|81/100
|-damage|p2a: Incineroar|41/100|[from] ability: Rough Skin|[of] p1a: Garchomp
|cant|p1a: Garchomp|flinch
|move|p2b: Rillaboom|U-turn|p1b: Gholdengo
|-resisted|p1b: Gholdengo
|-damage|p1b: Gholdengo|17/100
|
|t:|1756663059
|switch|p2b: Sneasler|Sneasler, L50, M, shiny|100/100|[from] U-turn
|move|p1b: Gholdengo|Make It Rain|p2a: Incineroar|[spread] p2a,p2b
|-resisted|p2a: Incineroar
|-damage|p2a: Incineroar|0 fnt
|-enditem|p2b: Sneasler|Focus Sash
|-damage|p2b: Sneasler|1/100
|-unboost|p1b: Gholdengo|spa|1
|faint|p2a: Incineroar
|
|upkeep
|
|t:|1756663070
|switch|p2a: Rillaboom|Rillaboom, L50, M, shiny|52/100
|-fieldstart|move: Grassy Terrain|[from] ability: Grassy Surge|[of] p2a: Rillaboom
|turn|16
|
|t:|1756663131
|move|p1b: Gholdengo|Protect|p1b: Gholdengo
|-singleturn|p1b: Gholdengo|Protect
|move|p2b: Sneasler|Coaching|p2a: Rillaboom
|-boost|p2a: Rillaboom|atk|1
|-boost|p2a: Rillaboom|def|1
|move|p1a: Garchomp|Earthquake|p2a: Rillaboom|[spread] p2a,p2b
|-activate|p1b: Gholdengo|move: Protect
|-resisted|p2a: Rillaboom
|-supereffective|p2b: Sneasler
|-damage|p2a: Rillaboom|47/100
|-damage|p2b: Sneasler|0 fnt
|faint|p2b: Sneasler
|-damage|p1a: Garchomp|71/100|[from] item: Life Orb
|move|p2a: Rillaboom|Wood Hammer|p1b: Gholdengo
|-activate|p1b: Gholdengo|move: Protect
|
|-heal|p1a: Garchomp|77/100|[from] Grassy Terrain
|-heal|p2a: Rillaboom|53/100|[from] Grassy Terrain
|-heal|p1b: Gholdengo|23/100|[from] Grassy Terrain
|upkeep
|turn|17
|
|t:|1756663152
|move|p1a: Garchomp|Outrage|p2a: Rillaboom
|-damage|p2a: Rillaboom|15/100
|-damage|p1a: Garchomp|68/100|[from] item: Life Orb
|move|p2a: Rillaboom|Wood Hammer|p1b: Gholdengo
|-resisted|p1b: Gholdengo
|-damage|p1b: Gholdengo|0 fnt
|faint|p1b: Gholdengo
|-damage|p2a: Rillaboom|8/100|[from] Recoil
|
|-heal|p1a: Garchomp|73/100|[from] Grassy Terrain
|-heal|p2a: Rillaboom|14/100|[from] Grassy Terrain
|upkeep
|turn|18
|
|t:|1756663165
|move|p2a: Rillaboom|Grassy Glide|p1a: Garchomp
|-damage|p1a: Garchomp|21/100
|-damage|p2a: Rillaboom|2/100|[from] ability: Rough Skin|[of] p1a: Garchomp
|move|p1a: Garchomp|Outrage|p2a: Rillaboom|[from] lockedmove
|-damage|p2a: Rillaboom|0 fnt
|faint|p2a: Rillaboom
|-damage|p1a: Garchomp|11/100|[from] item: Life Orb
|
|win|Shiboha
||nyakugan is ready for game 2.
|inactive|Shiboha has 30 seconds to confirm battle start!
||Shiboha is ready for game 2.
|uhtml|next|Next: Game 2 of 3
|l|☆nyakugan
|player|p2|
