|j|☆CheesyTime
|j|☆Tubbar
|html|CheesyTimeTubbar    
|uhtml|bestof|Game 2 of a best-of-3
|t:|1782639064
|gametype|doubles
|player|p1|CheesyTime|colress|1318
|player|p2|Tubbar|hilbert|1415
|gen|9
|tier|[Gen 9 Champions] VGC 2026 Reg M-B (Bo3)
|rated|
|rule|Species Clause: Limit one of each Pokémon
|rule|Item Clause: Limit 1 of each item
|clearpoke
|poke|p1|Grimmsnarl, L50, M, shiny|
|poke|p1|Swampert, L50, M|
|poke|p1|Pelipper, L50, M|
|poke|p1|Archaludon, L50, M|
|poke|p1|Sinistcha, L50|
|poke|p1|Metagross, L50, shiny|
|poke|p2|Whimsicott, L50, M|
|poke|p2|Staraptor, L50, F|
|poke|p2|Charizard, L50, M|
|poke|p2|Maushold, L50|
|poke|p2|Basculegion, L50, M|
|poke|p2|Heliolisk, L50, F|
|teampreview|4
|showteam|p1|Grimmsnarl||LightClay|Prankster|FoulPlay,PartingShot,Reflect,LightScreen|Calm||M|||50|]Swampert||Swampertite|Damp|WaveCrash,Earthquake,IcePunch,Protect|Adamant||M|||50|]Pelipper||SitrusBerry|Drizzle|Hurricane,WeatherBall,Tailwind,WideGuard|Modest||M|||50|]Archaludon||Leftovers|Stamina|ElectroShot,DragonPulse,FlashCannon,Protect|Modest||M|||50|]Sinistcha||CobaBerry|Hospitality|MatchaGotcha,RagePowder,TrickRoom,Protect|Relaxed|||||50|]Metagross||Metagrossite|ClearBody|IronHead,PsychicFangs,BodyPress,Protect|Jolly|||||50|
|showteam|p2|Whimsicott||FocusSash|Prankster|Charm,Tailwind,Moonblast,Protect|Timid||M|||50|]Staraptor||Staraptite|Intimidate|BraveBird,CloseCombat,Roost,Protect|Jolly||F|||50|]Charizard||CharizarditeY|Blaze|HeatWave,SolarBeam,Protect,WeatherBall|Modest||M|||50|]Maushold||WideLens|Technician|PopulationBomb,FollowMe,Charm,Protect|Jolly|||||50|]Basculegion||MysticWater|Adaptability|WaveCrash,LastRespects,AquaJet,Protect|Adamant||M|||50|]Heliolisk||ChoiceScarf|SolarPower|Thunderbolt,HyperVoice,DragonPulse,ShedTail|Modest||F|||50|
|inactive|Battle timer is ON: inactive players will automatically lose when time's up. (requested by Tubbar)
|
|t:|1782639082
|teamsize|p1|4
|teamsize|p2|4
|start
|switch|p1a: Sinistcha|Sinistcha, L50|100/100
|switch|p1b: Metagross|Metagross, L50, shiny|100/100
|switch|p2a: Staraptor|Staraptor, L50, F|100/100
|switch|p2b: Maushold|Maushold, L50|100/100
|-ability|p2a: Staraptor|Intimidate|boost
|-unboost|p1a: Sinistcha|atk|1
|-fail|p1b: Metagross|unboost|[from] ability: Clear Body|[of] p1b: Metagross
|turn|1
|
|t:|1782639103
|switch|p2b: Whimsicott|Whimsicott, L50, M|100/100
|detailschange|p2a: Staraptor|Staraptor-Mega, L50, F
|-mega|p2a: Staraptor|Staraptor|Staraptite
|detailschange|p1b: Metagross|Metagross-Mega, L50, shiny
|-mega|p1b: Metagross|Metagross|Metagrossite
|move|p2a: Staraptor|Protect|p2a: Staraptor
|-singleturn|p2a: Staraptor|Protect
|move|p1a: Sinistcha|Rage Powder|p1a: Sinistcha
|-singleturn|p1a: Sinistcha|move: Rage Powder
|move|p1b: Metagross|Psychic Fangs|p2a: Staraptor
|-activate|p2a: Staraptor|move: Protect
|
|upkeep
|turn|2
|inactive|Tubbar has 30 seconds left.
|
|t:|1782639136
|move|p1a: Sinistcha|Rage Powder|p1a: Sinistcha
|-singleturn|p1a: Sinistcha|move: Rage Powder
|move|p2b: Whimsicott|Charm|p1b: Metagross
|-unboost|p1b: Metagross|atk|2
|move|p2a: Staraptor|Brave Bird|p1a: Sinistcha
|-supereffective|p1a: Sinistcha|1
|-enditem|p1a: Sinistcha|Coba Berry|[eat]
|-enditem|p1a: Sinistcha|Coba Berry|[weaken]
|-damage|p1a: Sinistcha|48/100
|-damage|p2a: Staraptor|81/100|[from] Recoil
|move|p1b: Metagross|Psychic Fangs|p2a: Staraptor
|-supereffective|p2a: Staraptor|1
|-damage|p2a: Staraptor|11/100
|
|upkeep
|turn|3
|
|t:|1782639152
|move|p2a: Staraptor|Protect|p2a: Staraptor
|-singleturn|p2a: Staraptor|Protect
|move|p1a: Sinistcha|Rage Powder|p1a: Sinistcha
|-singleturn|p1a: Sinistcha|move: Rage Powder
|move|p2b: Whimsicott|Charm|p1b: Metagross
|-unboost|p1b: Metagross|atk|2
|move|p1b: Metagross|Psychic Fangs|p2a: Staraptor
|-activate|p2a: Staraptor|move: Protect
|
|upkeep
|turn|4
|
|t:|1782639173
|switch|p1b: Archaludon|Archaludon, L50, M|100/100
|move|p2b: Whimsicott|Charm|p1b: Archaludon
|-unboost|p1b: Archaludon|atk|2
|move|p2a: Staraptor|Roost|p2a: Staraptor
|-heal|p2a: Staraptor|61/100
|-singleturn|p2a: Staraptor|move: Roost
|move|p1a: Sinistcha|Trick Room|p1a: Sinistcha
|-fieldstart|move: Trick Room|[of] p1a: Sinistcha
|
|upkeep
|turn|5
|
|t:|1782639191
|switch|p1a: Pelipper|Pelipper, L50, M|100/100
|-weather|RainDance|[from] ability: Drizzle|[of] p1a: Pelipper
|move|p2a: Staraptor|Protect|p2a: Staraptor
|-singleturn|p2a: Staraptor|Protect
|move|p1b: Archaludon|Electro Shot||[still]
|-prepare|p1b: Archaludon|Electro Shot
|-boost|p1b: Archaludon|spa|1
|-anim|p1b: Archaludon|Electro Shot|p2a: Staraptor
|-activate|p2a: Staraptor|move: Protect
|move|p2b: Whimsicott|Moonblast|p1a: Pelipper
|-damage|p1a: Pelipper|56/100
|
|-weather|RainDance|[upkeep]
|upkeep
|turn|6
|inactive|Tubbar has 30 seconds left.
|
|t:|1782639222
|switch|p1a: Sinistcha|Sinistcha, L50|48/100
|switch|p2a: Maushold|Maushold, L50|100/100
|move|p1b: Archaludon|Electro Shot||[still]
|-prepare|p1b: Archaludon|Electro Shot
|-boost|p1b: Archaludon|spa|1
|-anim|p1b: Archaludon|Electro Shot|p2a: Maushold
|-damage|p2a: Maushold|0 fnt
|faint|p2a: Maushold
|move|p2b: Whimsicott|Moonblast|p1a: Sinistcha
|-damage|p1a: Sinistcha|16/100
|
|-weather|RainDance|[upkeep]
|upkeep
|inactive|Tubbar has 30 seconds left.
|
|t:|1782639253
|switch|p2a: Basculegion|Basculegion, L50, M|100/100
|turn|7
|inactive|Tubbar has 30 seconds left.
|
|t:|1782639280
|move|p2b: Whimsicott|Protect|p2b: Whimsicott
|-singleturn|p2b: Whimsicott|Protect
|move|p1a: Sinistcha|Protect|p1a: Sinistcha
|-singleturn|p1a: Sinistcha|Protect
|move|p1b: Archaludon|Electro Shot||[still]
|-prepare|p1b: Archaludon|Electro Shot
|-boost|p1b: Archaludon|spa|1
|-anim|p1b: Archaludon|Electro Shot|p2a: Basculegion
|-supereffective|p2a: Basculegion|1
|-crit|p2a: Basculegion
|-damage|p2a: Basculegion|0 fnt
|faint|p2a: Basculegion
|
|-weather|RainDance|[upkeep]
|upkeep
|
|t:|1782639292
|switch|p2a: Staraptor|Staraptor-Mega, L50, F|61/100
|turn|8
|inactive|Tubbar has 30 seconds left.
|
|t:|1782639320
|switch|p1a: Metagross|Metagross-Mega, L50, shiny|100/100
|move|p2b: Whimsicott|Charm|p2a: Staraptor
|-boost|p2a: Staraptor|atk|2
|move|p1b: Archaludon|Electro Shot||[still]
|-prepare|p1b: Archaludon|Electro Shot
|-boost|p1b: Archaludon|spa|1
|-anim|p1b: Archaludon|Electro Shot|p2a: Staraptor
|-supereffective|p2a: Staraptor|1
|-damage|p2a: Staraptor|0 fnt
|faint|p2a: Staraptor
|
|-weather|RainDance|[upkeep]
|-fieldend|move: Trick Room
|upkeep
|turn|9
|-message|Tubbar forfeited.
|
|win|CheesyTime
