|j|☆jANMxRin
|j|☆cpeavy04
|html|jANMxRincpeavy04    
|uhtml|bestof|Game 2 of a best-of-3
|t:|1756960727
|gametype|doubles
|player|p1|jANMxRin|acerola-masters|1112
|player|p2|cpeavy04|169|1275
|gen|9
|tier|[Gen 9] VGC 2025 Reg H (Bo3)
|rated|
|rule|Species Clause: Limit one of each Pokémon
|rule|Item Clause: Limit 1 of each item
|clearpoke
|poke|p1|Corviknight, L50, M|
|poke|p1|Tyranitar, L50, F|
|poke|p1|Excadrill, L50, M|
|poke|p1|Indeedee, L50, M|
|poke|p1|Espeon, L50, F|
|poke|p1|Annihilape, L50, M|
|poke|p2|Dragonite, L50, F|
|poke|p2|Ursaluna-Bloodmoon, L50, M|
|poke|p2|Gholdengo, L50|
|poke|p2|Incineroar, L50, M|
|poke|p2|Ninetales-Alola, L50, F|
|poke|p2|Annihilape, L50, M|
|teampreview|4
|showteam|p1|Corviknight||Leftovers|MirrorArmor|BraveBird,BulkUp,Roost,Tailwind|||M|||50|,,,,,Dragon]Tyranitar||AssaultVest|SandStream|RockSlide,KnockOff,LowKick,TeraBlast|||F|||50|,,,,,Flying]Excadrill||FocusSash|SandRush|Earthquake,IronHead,SwordsDance,Protect|||M|||50|,,,,,Ground]Indeedee||ChoiceScarf|PsychicSurge|ExpandingForce,TeraBlast,Trick,Protect|||M|||50|,,,,,Psychic]Espeon||LifeOrb|MagicBounce|ExpandingForce,ShadowBall,TeraBlast,Protect|||F|||50|,,,,,Fighting]Annihilape||SafetyGoggles|Defiant|CloseCombat,FinalGambit,RageFist,Taunt|||M|||50|,,,,,Water
|showteam|p2|Dragonite||LoadedDice|Multiscale|ScaleShot,Tailwind,Haze,Protect|||F|||50|,,,,,Steel]Ursaluna-Bloodmoon||AssaultVest|MindsEye|HyperVoice,BloodMoon,EarthPower,VacuumWave|||M|||50|,,,,,Poison]Gholdengo||LifeOrb|GoodasGold|MakeItRain,ShadowBall,NastyPlot,Protect||||||50|,,,,,Fairy]Incineroar||SafetyGoggles|Intimidate|FlareBlitz,KnockOff,FakeOut,PartingShot|||M|||50|,,,,,Ghost]Ninetales-Alola||FocusSash|SnowWarning|FreezeDry,IcicleSpear,AuroraVeil,Protect|||F|||50|,,,,,Ghost]Annihilape||Leftovers|Defiant|DrainPunch,RageFist,BulkUp,Protect|||M|||50|,,,,,Fire
|inactive|Battle timer is ON: inactive players will automatically lose when time's up. (requested by cpeavy04)
|
|t:|1756960810
|teamsize|p1|4
|teamsize|p2|4
|start
|switch|p1a: Annihilape|Annihilape, L50, M|100/100
|switch|p1b: Espeon|Espeon, L50, F|100/100
|switch|p2a: Dragonite|Dragonite, L50, F|100/100
|switch|p2b: Incineroar|Incineroar, L50, M|100/100
|-ability|p2b: Incineroar|Intimidate|boost
|-unboost|p1a: Annihilape|atk|1
|-ability|p1a: Annihilape|Defiant|boost
|-boost|p1a: Annihilape|atk|2
|-unboost|p1b: Espeon|atk|1
|turn|1
|inactive|jANMxRin has 30 seconds left.
|inactive|cpeavy04 has 30 seconds left.
|inactive|jANMxRin has 20 seconds left.
|inactive|jANMxRin has 15 seconds left.
|
|t:|1756960851
|switch|p2b: Gholdengo|Gholdengo, L50|100/100
|move|p1b: Espeon|Protect|p1b: Espeon
|-singleturn|p1b: Espeon|Protect
|move|p1a: Annihilape|Taunt|p2a: Dragonite
|-start|p2a: Dragonite|move: Taunt
|cant|p2a: Dragonite|move: Taunt|Tailwind
|
|upkeep
|turn|2
|inactive|jANMxRin has 30 seconds left.
|inactive|cpeavy04 has 30 seconds left.
|inactive|jANMxRin has 20 seconds left.
|inactive|jANMxRin has 15 seconds left.
|
|t:|1756960892
|-terastallize|p1a: Annihilape|Water
|move|p1b: Espeon|Shadow Ball|p2b: Gholdengo
|-supereffective|p2b: Gholdengo
|-damage|p2b: Gholdengo|29/100
|-damage|p1b: Espeon|91/100|[from] item: Life Orb
|move|p1a: Annihilape|Rage Fist|p2b: Gholdengo
|-supereffective|p2b: Gholdengo
|-damage|p2b: Gholdengo|0 fnt
|faint|p2b: Gholdengo
|move|p2a: Dragonite|Scale Shot|p1b: Espeon
|-crit|p1b: Espeon
|-damage|p1b: Espeon|48/100
|-damage|p1b: Espeon|20/100
|-damage|p1b: Espeon|0 fnt
|faint|p1b: Espeon
|-hitcount|p1: Espeon|3
|-unboost|p2a: Dragonite|def|1
|-boost|p2a: Dragonite|spe|1
|
|upkeep
|inactive|jANMxRin has 30 seconds left.
|inactive|cpeavy04 has 30 seconds left.
|
|t:|1756960924
|switch|p1b: Indeedee|Indeedee, L50, M|100/100
|switch|p2b: Incineroar|Incineroar, L50, M|100/100
|-fieldstart|move: Psychic Terrain|[from] ability: Psychic Surge|[of] p1b: Indeedee
|-ability|p2b: Incineroar|Intimidate|boost
|-unboost|p1a: Annihilape|atk|1
|-ability|p1a: Annihilape|Defiant|boost
|-boost|p1a: Annihilape|atk|2
|-unboost|p1b: Indeedee|atk|1
|turn|3
|inactive|jANMxRin has 30 seconds left.
|inactive|cpeavy04 has 30 seconds left.
|inactive|jANMxRin has 20 seconds left.
|inactive|jANMxRin has 15 seconds left.
|
|t:|1756960966
|-terastallize|p2b: Incineroar|Ghost
|move|p1b: Indeedee|Expanding Force|p2b: Incineroar|[spread] p2a,p2b
|-damage|p2a: Dragonite|73/100
|-damage|p2b: Incineroar|50/100
|move|p2a: Dragonite|Scale Shot|p1a: Annihilape
|-damage|p1a: Annihilape|85/100
|-crit|p1a: Annihilape
|-damage|p1a: Annihilape|63/100
|-crit|p1a: Annihilape
|-damage|p1a: Annihilape|42/100
|-damage|p1a: Annihilape|28/100
|-hitcount|p1a: Annihilape|4
|-unboost|p2a: Dragonite|def|1
|-boost|p2a: Dragonite|spe|1
|move|p1a: Annihilape|Close Combat|p2b: Incineroar
|-immune|p2b: Incineroar
|move|p2b: Incineroar|Knock Off|p1b: Indeedee
|-supereffective|p1b: Indeedee
|-damage|p1b: Indeedee|0 fnt
|-enditem|p1b: Indeedee|Choice Scarf|[from] move: Knock Off|[of] p2b: Incineroar
|faint|p1b: Indeedee
|
|-end|p2a: Dragonite|move: Taunt
|upkeep
|
|t:|1756960973
|switch|p1b: Excadrill|Excadrill, L50, M|100/100
|turn|4
|inactive|cpeavy04 has 30 seconds left.
|
|t:|1756961003
|move|p2a: Dragonite|Scale Shot|p1a: Annihilape
|-damage|p1a: Annihilape|13/100
|-damage|p1a: Annihilape|0 fnt
|faint|p1a: Annihilape
|-hitcount|p1: Annihilape|2
|-unboost|p2a: Dragonite|def|1
|-boost|p2a: Dragonite|spe|1
|move|p1b: Excadrill|Iron Head|p2b: Incineroar
|-crit|p2b: Incineroar
|-damage|p2b: Incineroar|0 fnt
|faint|p2b: Incineroar
|
|upkeep
|
|t:|1756961013
|switch|p2b: Annihilape|Annihilape, L50, M|100/100
|turn|5
|
|t:|1756961024
|move|p2a: Dragonite|Tailwind|p2a: Dragonite
|-sidestart|p2: cpeavy04|move: Tailwind
|move|p2b: Annihilape|Drain Punch|p1b: Excadrill
|-supereffective|p1b: Excadrill
|-crit|p1b: Excadrill
|-enditem|p1b: Excadrill|Focus Sash
|-damage|p1b: Excadrill|1/100
|move|p1b: Excadrill|Earthquake|p2a: Dragonite|[spread] p2b
|-immune|p2a: Dragonite
|-damage|p2b: Annihilape|60/100
|
|-heal|p2b: Annihilape|66/100|[from] item: Leftovers
|upkeep
|turn|6
|-message|jANMxRin forfeited.
|
|win|cpeavy04
|raw|jANMxRin's rating: 1112 → 1098(-14 for losing)
|raw|cpeavy04's rating: 1275 → 1289(+14 for winning)
