|j|â˜†rangersxx30
|j|â˜†PiplupTommyT
|html|rangersxx30PiplupTommyT    
|uhtml|bestof|Game 2 of a best-of-3
|t:|1756512260
|gametype|doubles
|player|p1|rangersxx30|hanbei-conquest|
|player|p2|PiplupTommyT|265|
|gen|9
|tier|[Gen 9] VGC 2025 Reg H (Bo3)
|rule|Species Clause: Limit one of each PokÃ©mon
|rule|Item Clause: Limit 1 of each item
|clearpoke
|poke|p1|Sneasler, L50, M|
|poke|p1|Dragapult, L50, F|
|poke|p1|Rillaboom, L50, M|
|poke|p1|Farigiraf, L50, F|
|poke|p1|Ursaluna-Bloodmoon, L50, M|
|poke|p1|Incineroar, L50, M|
|poke|p2|Electabuzz, L50, M|
|poke|p2|Flamigo, L50, M|
|poke|p2|Rillaboom, L50, M|
|poke|p2|Volcarona, L50, F|
|poke|p2|Dragonite, L50, M|
|poke|p2|Primarina, L50, F|
|teampreview|4
|showteam|p1|Sneasler||FocusSash|PoisonTouch|DireClaw,CloseCombat,ThroatChop,Protect|||M|||50|,,,,,Dark]Dragapult||ChoiceBand|ClearBody|Outrage,PhantomForce,DragonDarts,Uturn|||F|||50|,,,,,Dragon]Rillaboom||AssaultVest|GrassySurge|Uturn,GrassyGlide,FakeOut,WoodHammer|||M|||50|,,,,,Fire]Farigiraf||ThroatSpray|ArmorTail|HyperVoice,Psychic,TrickRoom,Protect|||F|||50|,,,,,Grass]Ursaluna-Bloodmoon||LifeOrb|MindsEye|BloodMoon,HyperVoice,EarthPower,Protect|||M|||50|,,,,,Normal]Incineroar||SafetyGoggles|Intimidate|FakeOut,KnockOff,FlareBlitz,PartingShot|||M|||50|,,,,,Ghost
|showteam|p2|Electabuzz||Eviolite|VitalSpirit|Electroweb,Taunt,FollowMe,HelpingHand|||M|||50|,,,,,Ghost]Flamigo||FocusSash|Scrappy|CloseCombat,DualWingbeat,WideGuard,Detect|||M|||50|,,,,,Fighting]Rillaboom||AssaultVest|GrassySurge|GrassyGlide,DrumBeating,HighHorsepower,FakeOut|||M|||50|,,,,,Ground]Volcarona||CovertCloak|FlameBody|HeatWave,GigaDrain,QuiverDance,Protect|||F|||50|,,,,,Dragon]Dragonite||LoadedDice|Multiscale|ScaleShot,Tailwind,Haze,Protect|||M|||50|,,,,,Fairy]Primarina||ThroatSpray|LiquidVoice|HyperVoice,Moonblast,Encore,Protect|||F|||50|,,,,,Poison
|j| sharkssss
|j| Kekerzz
|j| doritodealer
|j| L1mun
|j| Spud5You
|j| Sogerto
|j| mirokartlivehc
|l| mirokartlivehc
|j| JohnathanKirk
|
|t:|1756512337
|teamsize|p1|4
|teamsize|p2|4
|start
|switch|p1a: Sneasler|Sneasler, L50, M|100/100
|switch|p1b: Incineroar|Incineroar, L50, M, shiny|100/100
|switch|p2a: OMG Hiii Scar Hi|Primarina, L50, F|100/100
|switch|p2b: The Teaser|Electabuzz, L50, M|100/100
|-ability|p1b: Incineroar|Intimidate|boost
|-unboost|p2a: OMG Hiii Scar Hi|atk|1
|-unboost|p2b: The Teaser|atk|1
|turn|1
|c| L1mun|dude scar is not here
|l| JohnathanKirk
|c| sharkssss|wheres scar when primas out
|j| sh4rkb41tftw
|
|t:|1756512382
|switch|p1b: Rillaboom|Rillaboom, L50, M|100/100
|-fieldstart|move: Grassy Terrain|[from] ability: Grassy Surge|[of] p1b: Rillaboom
|-terastallize|p2b: The Teaser|Ghost
|move|p1a: Sneasler|Protect|p1a: Sneasler
|-singleturn|p1a: Sneasler|Protect
|move|p2a: OMG Hiii Scar Hi|Protect|p2a: OMG Hiii Scar Hi
|-singleturn|p2a: OMG Hiii Scar Hi|Protect
|move|p2b: The Teaser|Electroweb|p1a: Sneasler|[spread] p1b
|-activate|p1a: Sneasler|move: Protect
|-resisted|p1b: Rillaboom
|-damage|p1b: Rillaboom|95/100
|-unboost|p1b: Rillaboom|spe|1
|
|-heal|p1b: Rillaboom|100/100|[from] Grassy Terrain
|upkeep
|turn|2
|
|t:|1756512427
|switch|p2a: 39 Buried 0 Found|Flamigo, L50, M|100/100
|move|p2b: The Teaser|Follow Me|p2b: The Teaser
|-singleturn|p2b: The Teaser|move: Follow Me
|move|p1a: Sneasler|Dire Claw|p2b: The Teaser
|-resisted|p2b: The Teaser
|-damage|p2b: The Teaser|81/100
|-status|p2b: The Teaser|psn|[from] ability: Poison Touch|[of] p1a: Sneasler
|move|p1b: Rillaboom|Wood Hammer|p2b: The Teaser
|-damage|p2b: The Teaser|11/100 psn
|-damage|p1b: Rillaboom|81/100|[from] Recoil
|
|-heal|p2b: The Teaser|17/100 psn|[from] Grassy Terrain
|-heal|p1b: Rillaboom|87/100|[from] Grassy Terrain
|-damage|p2b: The Teaser|5/100 psn|[from] psn
|upkeep
|turn|3
|l| sharkssss
|j| sharkssss
|l| sharkssss
|
|t:|1756512470
|move|p2b: The Teaser|Helping Hand|p2a: 39 Buried 0 Found
|-singleturn|p2a: 39 Buried 0 Found|Helping Hand|[of] p2b: The Teaser
|move|p1b: Rillaboom|Grassy Glide|p2b: The Teaser
|-damage|p2b: The Teaser|0 fnt
|faint|p2b: The Teaser
|move|p1a: Sneasler|Dire Claw|p2a: 39 Buried 0 Found
|-damage|p2a: 39 Buried 0 Found|31/100
|move|p2a: 39 Buried 0 Found|Dual Wingbeat|p1b: Rillaboom
|-supereffective|p1b: Rillaboom
|-damage|p1b: Rillaboom|34/100
|-supereffective|p1b: Rillaboom
|-damage|p1b: Rillaboom|0 fnt
|faint|p1b: Rillaboom
|-hitcount|p1: Rillaboom|2
|
|upkeep
|j| sharkssss
|
|t:|1756512489
|switch|p2b: Bad Mega|Dragonite, L50, M, shiny|100/100
|switch|p1b: Incineroar|Incineroar, L50, M, shiny|100/100
|-ability|p1b: Incineroar|Intimidate|boost
|-fail|p2a: 39 Buried 0 Found|unboost|Attack|[from] ability: Scrappy|[of] p2a: 39 Buried 0 Found
|-unboost|p2b: Bad Mega|atk|1
|turn|4
|c| L1mun|boom he went there
|c| L1mun|and you are correct piplup
|j| Doothy
|
|t:|1756512518
|move|p1b: Incineroar|Fake Out|p2b: Bad Mega
|-damage|p2b: Bad Mega|94/100
|move|p1a: Sneasler|Dire Claw|p2a: 39 Buried 0 Found
|-damage|p2a: 39 Buried 0 Found|0 fnt
|faint|p2a: 39 Buried 0 Found
|cant|p2b: Bad Mega|flinch
|
|upkeep
|
|t:|1756512523
|switch|p2a: OMG Hiii Scar Hi|Primarina, L50, F|100/100
|turn|5
|j| NotUsing
|
|t:|1756512549
|move|p1a: Sneasler|Dire Claw|p2a: OMG Hiii Scar Hi
|-supereffective|p2a: OMG Hiii Scar Hi
|-damage|p2a: OMG Hiii Scar Hi|0 fnt
|faint|p2a: OMG Hiii Scar Hi
|move|p2b: Bad Mega|Tailwind|p2b: Bad Mega
|-sidestart|p2: PiplupTommyT|move: Tailwind
|move|p1b: Incineroar|Parting Shot|p2b: Bad Mega
|-unboost|p2b: Bad Mega|atk|1
|-unboost|p2b: Bad Mega|spa|1
|j| Toumani Camara
|
|t:|1756512556
|switch|p1b: Ursaluna|Ursaluna-Bloodmoon, L50, M|100/100|[from] Parting Shot
|
|-fieldend|move: Grassy Terrain
|upkeep
|turn|6
|c|â˜†PiplupTommyT|gg
|
|t:|1756512563
|move|p2b: Bad Mega|Scale Shot|p1a: Sneasler
|-damage|p1a: Sneasler|87/100
|-damage|p1a: Sneasler|75/100
|-damage|p1a: Sneasler|63/100
|-damage|p1a: Sneasler|51/100
|-damage|p1a: Sneasler|39/100
|-hitcount|p1a: Sneasler|5
|-unboost|p2b: Bad Mega|def|1
|-boost|p2b: Bad Mega|spe|1
|move|p1a: Sneasler|Dire Claw|p2b: Bad Mega
|-damage|p2b: Bad Mega|16/100
|-status|p2b: Bad Mega|psn|[from] ability: Poison Touch|[of] p1a: Sneasler
|move|p1b: Ursaluna|Hyper Voice|p2b: Bad Mega
|-damage|p2b: Bad Mega|0 fnt
|faint|p2b: Bad Mega
|-damage|p1b: Ursaluna|90/100|[from] item: Life Orb
|
|win|rangersxx30
|c|â˜†rangersxx30|gg
||rangersxx30 is ready for game 3.
||PiplupTommyT is ready for game 3.
|uhtml|next|Next: Game 3 of 3
|l| sh4rkb41tftw
|j| ZeraSora
|l| Sogerto
|j| Sogerto
|j| SistasUnited
|l| SistasUnited
|l| ZeraSora
|l| sharkssss
|l| Doothy
|l| Sogerto
|l| Kekerzz
|l| doritodealer
|l| L1mun
|l| NotUsing
