|j|☆dondozo ftw
|j|☆sam smithy
|html|dondozo ftwsam smithy    
|uhtml|bestof|Game 2 of a best-of-3
|t:|1757207220
|gametype|doubles
|player|p1|dondozo ftw|veteranf|
|player|p2|sam smithy|silver|
|gen|9
|tier|[Gen 9] VGC 2025 Reg H (Bo3)
|rule|Species Clause: Limit one of each Pokémon
|rule|Item Clause: Limit 1 of each item
|clearpoke
|poke|p1|Indeedee, L50, M|
|poke|p1|Dondozo, L50, F|
|poke|p1|Whimsicott, L50, F|
|poke|p1|Tatsugiri, L50, F|
|poke|p1|Arcanine-Hisui, L50, F|
|poke|p1|Sneasler, L50, F|
|poke|p2|Charizard, L50, M|
|poke|p2|Whimsicott, L50, F|
|poke|p2|Torkoal, L50, M|
|poke|p2|Ursaluna-Bloodmoon, L50, M|
|poke|p2|Rillaboom, L50, M|
|poke|p2|Dragapult, L50, F|
|teampreview|4
|showteam|p1|Indeedee||FocusSash|PsychicSurge|ExpandingForce,Protect,HelpingHand,TrickRoom|||M|||50|,,,,,Psychic]Dondozo||Leftovers|Unaware|WaveCrash,Earthquake,Protect,BodyPress|||F|||50|,,,,,Grass]Whimsicott||CovertCloak|Prankster|Tailwind,Moonblast,LightScreen,HelpingHand|||F|||50|,,,,,Water]Tatsugiri||ChoiceScarf|Commander|MuddyWater,IcyWind,DracoMeteor,DragonPulse|||F|||50|,,,,,Water]Arcanine-Hisui||MirrorHerb|Intimidate|RockSlide,FlareBlitz,ExtremeSpeed,Protect|||F|||50|,,,,,Ghost]Sneasler||PsychicSeed|Unburden|DireClaw,CloseCombat,ThroatChop,Protect|||F|||50|,,,,,Dark
|showteam|p2|Charizard||ChoiceSpecs|SolarPower|HeatWave,AirSlash,ScorchingSands,Overheat|||M|||50|,,,,,Fire]Whimsicott||FocusSash|Prankster|Moonblast,Tailwind,SunnyDay,Encore|||F|||50|,,,,,Ghost]Torkoal||EjectPack|Drought|Eruption,Overheat,HelpingHand,Protect|||M|||50|,,,,,Fire]Ursaluna-Bloodmoon||LifeOrb|MindsEye|HyperVoice,BloodMoon,Protect,EarthPower|||M|||50|,,,,,Normal]Rillaboom||MiracleSeed|GrassySurge|WoodHammer,GrassyGlide,FakeOut,HighHorsepower|||M|||50|,,,,,Grass]Dragapult||ChoiceBand|ClearBody|DragonDarts,Outrage,PhantomForce,Uturn|||F|||50|,,,,,Dragon
|inactive|Battle timer is ON: inactive players will automatically lose when time's up. (requested by dondozo ftw)
|inactive|sam smithy has 60 seconds left.
|
|t:|1757207253
|teamsize|p1|4
|teamsize|p2|4
|start
|switch|p1a: Sneasler|Sneasler, L50, F|100/100
|switch|p1b: Arcanine|Arcanine-Hisui, L50, F|100/100
|switch|p2a: Ronaldinho|Dragapult, L50, F|100/100
|switch|p2b: Whimsicott|Whimsicott, L50, F|100/100
|-ability|p1b: Arcanine|Intimidate|boost
|-fail|p2a: Ronaldinho|unboost|[from] ability: Clear Body|[of] p2a: Ronaldinho
|-unboost|p2b: Whimsicott|atk|1
|turn|1
|
|t:|1757207272
|-terastallize|p2a: Ronaldinho|Dragon
|move|p2b: Whimsicott|Tailwind|p2b: Whimsicott
|-sidestart|p2: sam smithy|move: Tailwind
|move|p2a: Ronaldinho|Dragon Darts|p1a: Sneasler
|-damage|p1a: Sneasler|18/100
|-anim|p2a: Ronaldinho|Dragon Darts|p1b: Arcanine
|-damage|p1b: Arcanine|35/100
|move|p1a: Sneasler|Dire Claw|p2a: Ronaldinho
|-damage|p2a: Ronaldinho|31/100
|-status|p2a: Ronaldinho|psn
|move|p1b: Arcanine|Rock Slide|p2a: Ronaldinho|[spread] p2a,p2b
|-damage|p2a: Ronaldinho|0 fnt
|-damage|p2b: Whimsicott|61/100
|faint|p2a: Ronaldinho
|
|upkeep
|
|t:|1757207294
|switch|p2a: Jerry Rivera|Rillaboom, L50, M, shiny|100/100
|-fieldstart|move: Grassy Terrain|[from] ability: Grassy Surge|[of] p2a: Jerry Rivera
|turn|2
|
|t:|1757207300
|switch|p1b: Whimsicott|Whimsicott, L50, F|100/100
|move|p1a: Sneasler|Protect|p1a: Sneasler
|-singleturn|p1a: Sneasler|Protect
|move|p2a: Jerry Rivera|Grassy Glide|p1b: Whimsicott
|-resisted|p1b: Whimsicott
|-damage|p1b: Whimsicott|81/100
|move|p2b: Whimsicott|Moonblast|p1a: Sneasler
|-activate|p1a: Sneasler|move: Protect
|
|-heal|p2b: Whimsicott|67/100|[from] Grassy Terrain
|-heal|p1a: Sneasler|24/100|[from] Grassy Terrain
|-heal|p1b: Whimsicott|87/100|[from] Grassy Terrain
|upkeep
|turn|3
|
|t:|1757207314
|switch|p1a: Arcanine|Arcanine-Hisui, L50, F|35/100
|-ability|p1a: Arcanine|Intimidate|boost
|-unboost|p2a: Jerry Rivera|atk|1
|-unboost|p2b: Whimsicott|atk|1
|move|p2a: Jerry Rivera|Grassy Glide|p1a: Arcanine
|-damage|p1a: Arcanine|0 fnt
|faint|p1a: Arcanine
|move|p1b: Whimsicott|Tailwind|p1b: Whimsicott
|-sidestart|p1: dondozo ftw|move: Tailwind
|move|p2b: Whimsicott|Moonblast|p1b: Whimsicott
|-damage|p1b: Whimsicott|45/100
|
|-heal|p2b: Whimsicott|73/100|[from] Grassy Terrain
|-heal|p1b: Whimsicott|51/100|[from] Grassy Terrain
|upkeep
|
|t:|1757207320
|switch|p1a: Indeedee|Indeedee, L50, M|100/100
|-fieldstart|move: Psychic Terrain|[from] ability: Psychic Surge|[of] p1a: Indeedee
|turn|4
|
|t:|1757207335
|-terastallize|p1a: Indeedee|Psychic
|move|p1b: Whimsicott|Helping Hand|p1a: Indeedee
|-singleturn|p1a: Indeedee|Helping Hand|[of] p1b: Whimsicott
|move|p2b: Whimsicott|Moonblast|p1a: Indeedee
|-damage|p1a: Indeedee|49/100
|move|p1a: Indeedee|Expanding Force|p2a: Jerry Rivera|[spread] p2a,p2b
|-damage|p2a: Jerry Rivera|0 fnt
|-damage|p2b: Whimsicott|0 fnt
|faint|p2a: Jerry Rivera
|faint|p2b: Whimsicott
|
|-sideend|p2: sam smithy|move: Tailwind
|upkeep
|c|☆sam smithy|bah
|c|☆sam smithy|locura
|
|t:|1757207347
|switch|p2b: Ursaluna|Ursaluna-Bloodmoon, L50, M|100/100
|turn|5
|-message|sam smithy forfeited.
|
|win|dondozo ftw
|l|☆sam smithy
|player|p2|
