|j|☆SomeKidJon
|j|☆TrunksSsj06
|html|SomeKidJonTrunksSsj06    
|uhtml|bestof|Game 1 of a best-of-3
|t:|1757641000
|gametype|doubles
|player|p1|SomeKidJon|scientistf|1161
|player|p2|TrunksSsj06|170|1070
|gen|9
|tier|[Gen 9] VGC 2025 Reg H (Bo3)
|rated|
|rule|Species Clause: Limit one of each Pokémon
|rule|Item Clause: Limit 1 of each item
|clearpoke
|poke|p1|Zoroark-Hisui, L50, M|
|poke|p1|Rillaboom, L50, M|
|poke|p1|Basculegion, L50, M|
|poke|p1|Pelipper, L50, M|
|poke|p1|Kingambit, L50, F|
|poke|p1|Farigiraf, L50, M|
|poke|p2|Typhlosion, L50, F|
|poke|p2|Feraligatr, L50, F|
|poke|p2|Meganium, L50, F|
|poke|p2|Corviknight, L50, M|
|poke|p2|Whimsicott, L50, F|
|poke|p2|Clefairy, L50, M|
|teampreview|4
|showteam|p1|Zoroark-Hisui||ChoiceSpecs|Illusion|HyperVoice,TeraBlast,ShadowBall,BurningJealousy|||M|||50|,,,,,Stellar]Rillaboom||AssaultVest|GrassySurge|FakeOut,GrassyGlide,WoodHammer,HighHorsepower|||M|||50|,,,,,Poison]Basculegion||ChoiceBand|SwiftSwim|WaveCrash,AquaJet,LastRespects,PsychicFangs|||M|||50|,,,,,Water]Pelipper||FocusSash|Drizzle|Hurricane,WeatherBall,HelpingHand,Tailwind|||M|||50|,,,,,Flying]Kingambit||ChopleBerry|Defiant|SuckerPunch,KowtowCleave,SwordsDance,LowKick|||F|||50|,,,,,Dark]Farigiraf||SitrusBerry|ArmorTail|TwinBeam,FoulPlay,TrickRoom,HelpingHand|||M|||50|,,,,,Bug
|showteam|p2|Typhlosion||ChoiceSpecs|FlashFire|Eruption,HeatWave,Flamethrower,SolarBeam|||F|||50|,,,,,Grass]Feraligatr||LifeOrb|SheerForce|Liquidation,IcePunch,Crunch,DragonDance|||F|||50|,,,,,Dark]Meganium||CovertCloak|LeafGuard|GigaDrain,Reflect,LightScreen,LeechSeed|||F|||50|,,,,,Poison]Corviknight||SitrusBerry|MirrorArmor|BodyPress,IronDefense,BraveBird,Taunt|||M|||50|,,,,,Dragon]Whimsicott||FocusSash|Prankster|Tailwind,SunnyDay,Moonblast,MistyTerrain|||F|||50|,,,,,Ghost]Clefairy||Eviolite|FriendGuard|FollowMe,AfterYou,HelpingHand,Moonblast|||M|||50|,,,,,Steel
|inactive|Battle timer is ON: inactive players will automatically lose when time's up. (requested by TrunksSsj06)
|inactive|TrunksSsj06 has 60 seconds left.
|
|t:|1757641033
|teamsize|p1|4
|teamsize|p2|4
|start
|switch|p1a: Sciel|Basculegion, L50, M|100/100
|switch|p1b: Esquie|Pelipper, L50, M|100/100
|switch|p2a: Whimsicott|Whimsicott, L50, F|100/100
|switch|p2b: Feraligatr|Feraligatr, L50, F|100/100
|-weather|RainDance|[from] ability: Drizzle|[of] p1b: Esquie
|turn|1
|
|t:|1757641045
|switch|p1a: Monoco|Rillaboom, L50, M|100/100
|-fieldstart|move: Grassy Terrain|[from] ability: Grassy Surge|[of] p1a: Monoco
|move|p2a: Whimsicott|Sunny Day|p2a: Whimsicott
|-weather|SunnyDay
|move|p2b: Feraligatr|Dragon Dance|p2b: Feraligatr
|-boost|p2b: Feraligatr|atk|1
|-boost|p2b: Feraligatr|spe|1
|move|p1b: Esquie|Hurricane|p2b: Feraligatr
|-damage|p2b: Feraligatr|43/100
|-start|p2b: Feraligatr|confusion
|
|-weather|SunnyDay|[upkeep]
|-heal|p2b: Feraligatr|49/100|[from] Grassy Terrain
|upkeep
|turn|2
|
|t:|1757641065
|move|p1a: Monoco|Fake Out|p2b: Feraligatr
|-damage|p2b: Feraligatr|32/100
|move|p2a: Whimsicott|Misty Terrain|p2a: Whimsicott
|-fieldstart|move: Misty Terrain
|cant|p2b: Feraligatr|flinch
|move|p1b: Esquie|Tailwind|p1b: Esquie
|-sidestart|p1: SomeKidJon|move: Tailwind
|
|-weather|SunnyDay|[upkeep]
|upkeep
|turn|3
|
|t:|1757641078
|switch|p1a: Sciel|Basculegion, L50, M|100/100
|move|p2a: Whimsicott|Tailwind|p2a: Whimsicott
|-sidestart|p2: TrunksSsj06|move: Tailwind
|-activate|p2b: Feraligatr|confusion
|-damage|p2b: Feraligatr|10/100|[from] confusion
|move|p1b: Esquie|Weather Ball|p2a: Whimsicott
|-supereffective|p2a: Whimsicott
|-enditem|p2a: Whimsicott|Focus Sash
|-damage|p2a: Whimsicott|1/100
|
|-weather|SunnyDay|[upkeep]
|upkeep
|turn|4
|
|t:|1757641097
|move|p1b: Esquie|Helping Hand|p1a: Sciel
|-singleturn|p1a: Sciel|Helping Hand|[of] p1b: Esquie
|move|p1a: Sciel|Aqua Jet|p2b: Feraligatr
|-resisted|p2b: Feraligatr
|-damage|p2b: Feraligatr|0 fnt
|faint|p2b: Feraligatr
|move|p2a: Whimsicott|Moonblast|p1b: Esquie
|-damage|p1b: Esquie|42/100
|
|-weather|SunnyDay|[upkeep]
|upkeep
|
|t:|1757641106
|switch|p2b: Typhlosion|Typhlosion, L50, F|100/100
|turn|5
|
|t:|1757641116
|switch|p2a: Corviknight|Corviknight, L50, M|100/100
|-terastallize|p1a: Sciel|Water
|move|p1b: Esquie|Helping Hand|p1a: Sciel
|-singleturn|p1a: Sciel|Helping Hand|[of] p1b: Esquie
|move|p1a: Sciel|Aqua Jet|p2b: Typhlosion
|-supereffective|p2b: Typhlosion
|-crit|p2b: Typhlosion
|-damage|p2b: Typhlosion|0 fnt
|faint|p2b: Typhlosion
|
|-weather|none
|-sideend|p1: SomeKidJon|move: Tailwind
|upkeep
|
|t:|1757641122
|switch|p2b: Whimsicott|Whimsicott, L50, F|1/100
|turn|6
|
|t:|1757641132
|switch|p1b: Monoco|Rillaboom, L50, M|100/100
|-fieldstart|move: Grassy Terrain|[from] ability: Grassy Surge|[of] p1b: Monoco
|move|p2b: Whimsicott|Sunny Day|p2b: Whimsicott
|-weather|SunnyDay
|move|p1a: Sciel|Aqua Jet|p2b: Whimsicott
|-resisted|p2b: Whimsicott
|-damage|p2b: Whimsicott|0 fnt
|faint|p2b: Whimsicott
|move|p2a: Corviknight|Iron Defense|p2a: Corviknight
|-boost|p2a: Corviknight|def|2
|
|-weather|SunnyDay|[upkeep]
|-sideend|p2: TrunksSsj06|move: Tailwind
|upkeep
|turn|7
|
|t:|1757641142
|switch|p1a: Esquie|Pelipper, L50, M|42/100
|-weather|RainDance|[from] ability: Drizzle|[of] p1a: Esquie
|move|p1b: Monoco|Fake Out|p2a: Corviknight
|-resisted|p2a: Corviknight
|-damage|p2a: Corviknight|99/100
|cant|p2a: Corviknight|flinch
|
|-weather|RainDance|[upkeep]
|upkeep
|turn|8
|
|t:|1757641147
|switch|p1b: Sciel|Basculegion, L50, M|100/100
|move|p1a: Esquie|Weather Ball|p2a: Corviknight
|-damage|p2a: Corviknight|32/100
|-enditem|p2a: Corviknight|Sitrus Berry|[eat]
|-heal|p2a: Corviknight|57/100|[from] item: Sitrus Berry
|move|p2a: Corviknight|Brave Bird|p1a: Esquie
|-damage|p1a: Esquie|0 fnt
|faint|p1a: Esquie
|-damage|p2a: Corviknight|48/100|[from] Recoil
|
|-weather|RainDance|[upkeep]
|upkeep
|
|t:|1757641151
|switch|p1a: Sciel|Basculegion, L50, M, tera:Water|100/100
|-start|p1b: Sciel|typechange|Water|[silent]
|turn|9
|
|t:|1757641155
|move|p1a: Sciel|Wave Crash|p2a: Corviknight
|-damage|p2a: Corviknight|0 fnt
|faint|p2a: Corviknight
|-damage|p1a: Sciel|85/100|[from] Recoil
|
|win|SomeKidJon
||SomeKidJon is ready for game 2.
||TrunksSsj06 is ready for game 2.
|uhtml|next|Next: Game 2 of 3
|l|☆SomeKidJon
|player|p1|
|l|☆TrunksSsj06
|player|p2|
