|j|☆ladderingwithcalys
|j|☆Qicide
|html|ladderingwithcalysQicide    
|uhtml|bestof|Game 3 of a best-of-3
|t:|1757085683
|gametype|doubles
|player|p1|ladderingwithcalys|170|1256
|player|p2|Qicide|red|1255
|gen|9
|tier|[Gen 9] VGC 2025 Reg H (Bo3)
|rated|
|rule|Species Clause: Limit one of each Pokémon
|rule|Item Clause: Limit 1 of each item
|clearpoke
|poke|p1|Archaludon, L50, F|
|poke|p1|Pelipper, L50, M|
|poke|p1|Kingdra, L50, F|
|poke|p1|Toedscruel, L50, M|
|poke|p1|Comfey, L50, F|
|poke|p1|Weezing-Galar, L50, F|
|poke|p2|Porygon2, L50|
|poke|p2|Incineroar, L50, M|
|poke|p2|Ursaluna, L50, M|
|poke|p2|Jumpluff, L50, M|
|poke|p2|Charizard, L50, M|
|poke|p2|Torkoal, L50, M|
|teampreview|4
|showteam|p1|Archaludon||AssaultVest|Stamina|ElectroShot,BodyPress,FlashCannon,Snarl|||F|||50|,,,,,Grass]Pelipper||ChoiceScarf|Drizzle|Tailwind,Hurricane,WeatherBall,Uturn|||M|||50|,,,,,Ghost]Kingdra||LifeOrb|SwiftSwim|Protect,WeatherBall,DracoMeteor,Surf|||F|||50|,,,,,Stellar]Toedscruel||CovertCloak|MyceliumMight|Spore,EarthPower,BulletSeed,Protect|||M|||50|,,,,,Water]Comfey||SafetyGoggles|Triage|DrainingKiss,FloralHealing,LightScreen,Protect|||F|||50|,,,,,Steel]Weezing-Galar||SitrusBerry|NeutralizingGas|Protect,SludgeBomb,Taunt,DazzlingGleam|||F|||50|,,,,,Ghost
|showteam|p2|Porygon2||Eviolite|Download|TeraBlast,IceBeam,TrickRoom,Recover||||||50|,,,,,Fighting]Incineroar||SitrusBerry|Intimidate|FakeOut,KnockOff,FlareBlitz,PartingShot|||M|||50|,,,,,Ghost]Ursaluna||FlameOrb|Guts|HeadlongRush,Facade,Earthquake,Protect|||M|||50|,,,,,Ghost]Jumpluff||CovertCloak|Chlorophyll|RagePowder,SunnyDay,Tailwind,SleepPowder|||M|||50|,,,,,Water]Charizard||ChoiceSpecs|SolarPower|HeatWave,Overheat,WeatherBall,SolarBeam|||M|||50|,,,,,Ghost]Torkoal||EjectPack|Drought|Overheat,Eruption,HelpingHand,Protect|||M|||50|,,,,,Fire
|inactive|Battle timer is ON: inactive players will automatically lose when time's up. (requested by Qicide)
|
|t:|1757085709
|teamsize|p1|4
|teamsize|p2|4
|start
|switch|p1a: Toedscruel|Toedscruel, L50, M|100/100
|switch|p1b: Weezing|Weezing-Galar, L50, F|100/100
|switch|p2a: Jumpluff|Jumpluff, L50, M|100/100
|switch|p2b: Charizard|Charizard, L50, M, shiny|100/100
|-ability|p1b: Weezing|Neutralizing Gas
|turn|1
|inactive|ladderingwithcalys has 30 seconds left.
|inactive|Qicide has 30 seconds left.
|inactive|ladderingwithcalys has 20 seconds left.
|inactive|ladderingwithcalys has 15 seconds left.
|inactive|Qicide has 20 seconds left.
|inactive|ladderingwithcalys has 10 seconds left.
|inactive|ladderingwithcalys has 5 seconds left.
|
|t:|1757085763
|move|p2a: Jumpluff|Sleep Powder|p1a: Toedscruel
|-immune|p1a: Toedscruel
|move|p2b: Charizard|Heat Wave|p1b: Weezing|[spread] p1a,p1b
|-supereffective|p1a: Toedscruel
|-damage|p1a: Toedscruel|17/100
|-damage|p1b: Weezing|48/100
|-enditem|p1b: Weezing|Sitrus Berry|[eat]
|-heal|p1b: Weezing|73/100|[from] item: Sitrus Berry
|move|p1a: Toedscruel|Spore|p2b: Charizard
|-status|p2b: Charizard|slp|[from] move: Spore
|move|p1b: Weezing|Sludge Bomb|p2a: Jumpluff
|-supereffective|p2a: Jumpluff
|-damage|p2a: Jumpluff|25/100
|
|upkeep
|turn|2
|
|t:|1757085785
|switch|p1a: Pelipper|Pelipper, L50, M|100/100
|move|p2a: Jumpluff|Tailwind|p2a: Jumpluff
|-sidestart|p2: Qicide|move: Tailwind
|cant|p2b: Charizard|slp
|move|p1b: Weezing|Sludge Bomb|p2a: Jumpluff
|-supereffective|p2a: Jumpluff
|-damage|p2a: Jumpluff|0 fnt
|faint|p2a: Jumpluff
|
|upkeep
|
|t:|1757085798
|switch|p2a: Torkoal|Torkoal, L50, M|100/100
|turn|3
|
|t:|1757085813
|-end|p1b: Weezing|ability: Neutralizing Gas
|-weather|RainDance|[from] ability: Drizzle|[of] p1a: Pelipper
|-weather|SunnyDay|[from] ability: Drought|[of] p2a: Torkoal
|switch|p1b: Toedscruel|Toedscruel, L50, M|17/100
|-terastallize|p2b: Charizard|Ghost
|cant|p2b: Charizard|slp
|move|p1a: Pelipper|Hurricane|p2b: Charizard|[miss]
|-miss|p1a: Pelipper|p2b: Charizard
|move|p2a: Torkoal|Overheat|p1b: Toedscruel
|-supereffective|p1b: Toedscruel
|-damage|p1b: Toedscruel|0 fnt
|-unboost|p2a: Torkoal|spa|2
|faint|p1b: Toedscruel
|-enditem|p2a: Torkoal|Eject Pack
|
|t:|1757085826
|switch|p2a: Ursaluna|Ursaluna, L50, M|100/100
|
|-weather|SunnyDay|[upkeep]
|-damage|p2b: Charizard|88/100 slp|[from] ability: Solar Power|[of] p2b: Charizard
|-status|p2a: Ursaluna|brn|[from] item: Flame Orb
|upkeep
|
|t:|1757085832
|switch|p1b: Weezing|Weezing-Galar, L50, F|73/100
|-ability|p1b: Weezing|Neutralizing Gas
|turn|4
|
|t:|1757085844
|switch|p1a: Archaludon|Archaludon, L50, F|100/100
|-curestatus|p2b: Charizard|slp|[msg]
|move|p2b: Charizard|Heat Wave|p1a: Archaludon|[spread] p1a,p1b
|-damage|p1a: Archaludon|58/100
|-damage|p1b: Weezing|0 fnt
|faint|p1b: Weezing
|-end|p1b: Weezing|ability: Neutralizing Gas
|move|p2a: Ursaluna|Facade|p1a: Archaludon
|-resisted|p1a: Archaludon
|-damage|p1a: Archaludon|9/100
|-ability|p1a: Archaludon|Stamina|boost
|-boost|p1a: Archaludon|def|1
|
|-weather|SunnyDay|[upkeep]
|-damage|p2b: Charizard|76/100|[from] ability: Solar Power|[of] p2b: Charizard
|-damage|p2a: Ursaluna|95/100 brn|[from] brn
|upkeep
|
|t:|1757085850
|switch|p1b: Pelipper|Pelipper, L50, M|100/100
|-weather|RainDance|[from] ability: Drizzle|[of] p1b: Pelipper
|turn|5
|
|t:|1757085858
|switch|p2a: Torkoal|Torkoal, L50, M|100/100
|-weather|SunnyDay|[from] ability: Drought|[of] p2a: Torkoal
|move|p2b: Charizard|Heat Wave|p1a: Archaludon|[spread] p1a,p1b
|-resisted|p1b: Pelipper
|-damage|p1a: Archaludon|0 fnt
|-damage|p1b: Pelipper|10/100
|faint|p1a: Archaludon
|move|p1b: Pelipper|Tailwind|p1b: Pelipper
|-sidestart|p1: ladderingwithcalys|move: Tailwind
|
|-weather|SunnyDay|[upkeep]
|-damage|p2b: Charizard|63/100|[from] ability: Solar Power|[of] p2b: Charizard
|-sideend|p2: Qicide|move: Tailwind
|upkeep
|turn|6
|-message|ladderingwithcalys forfeited.
|
|win|Qicide
|raw|ladderingwithcalys's rating: 1256 → 1231(-25 for losing)
|raw|Qicide's rating: 1255 → 1280(+25 for winning)
|l|☆ladderingwithcalys
|player|p1|
|c|☆Qicide|gg
