|j|☆LampPosted
|j|☆RadarUndetectable
|html|LampPostedRadarUndetectable    
|uhtml|bestof|Game 1 of a best-of-3
|t:|1783530491
|gametype|doubles
|player|p1|LampPosted|boarder|
|player|p2|RadarUndetectable|dawn|
|gen|9
|tier|[Gen 9 Champions] VGC 2026 Reg M-B (Bo3)
|rule|Species Clause: Limit one of each Pokémon
|rule|Item Clause: Limit 1 of each item
|clearpoke
|poke|p1|Blaziken, L50, M|
|poke|p1|Aerodactyl, L50, F|
|poke|p1|Kingambit, L50, F|
|poke|p1|Basculegion, L50, M|
|poke|p1|Sylveon, L50, F|
|poke|p1|Torkoal, L50, M|
|poke|p2|Meowscarada, L50, M|
|poke|p2|Raichu, L50, F|
|poke|p2|Pelipper, L50, M|
|poke|p2|Swampert, L50, M|
|poke|p2|Archaludon, L50, M|
|poke|p2|Drampa, L50, M|
|teampreview|4
|showteam|p1|Blaziken||Blazikenite|SpeedBoost|FlareBlitz,Detect,CloseCombat,RockSlide|Adamant||M|||50|]Aerodactyl||Aerodactylite|Unnerve|RockSlide,DualWingbeat,Tailwind,IceFang|Jolly||F|||50|]Kingambit||LifeOrb|Defiant|KowtowCleave,SuckerPunch,IronHead,Protect|Adamant||F|||50|]Basculegion||FocusSash|Adaptability|Liquidation,AquaJet,LastRespects,Protect|Adamant||M|||50|]Sylveon||FairyFeather|Pixilate|HyperVoice,Moonblast,QuickAttack,Detect|Modest||F|||50|]Torkoal||Leftovers|Drought|BurningJealousy,Protect,Yawn,WeatherBall|Relaxed||M|||50|
|showteam|p2|Meowscarada||ChoiceScarf|Protean|FlowerTrick,Uturn,TripleAxel,KnockOff|Jolly||M|||50|]Raichu||RaichuniteX|LightningRod|RainDance,FakeOut,Electroweb,RisingVoltage|Modest||F|||50|]Pelipper||FocusSash|Drizzle|Hurricane,Tailwind,Soak,WideGuard|Timid||M|||50|]Swampert||Swampertite|Torrent|Earthquake,WaveCrash,PoisonJab,Protect|Adamant||M|||50|]Archaludon||Leftovers|Stalwart|ElectroShot,DracoMeteor,FlashCannon,Protect|Modest||M|||50|]Drampa||SitrusBerry|CloudNine|IcyWind,HyperVoice,Thunderbolt,Protect|Calm||M|||50|
|
|t:|1783530562
|teamsize|p1|4
|teamsize|p2|4
|start
|switch|p1a: Blaziken|Blaziken, L50, M|100/100
|switch|p1b: Sylveon|Sylveon, L50, F|100/100
|switch|p2a: Meowscarada|Meowscarada, L50, M|100/100
|switch|p2b: Raichu|Raichu, L50, F|100/100
|turn|1
|inactive|Battle timer is ON: inactive players will automatically lose when time's up. (requested by LampPosted)
|
|t:|1783530641
|switch|p2a: Pelipper|Pelipper, L50, M|100/100
|-weather|RainDance|[from] ability: Drizzle|[of] p2a: Pelipper
|detailschange|p2b: Raichu|Raichu-Mega-X, L50, F
|-mega|p2b: Raichu|Raichu|Raichunite X
|-fieldstart|move: Electric Terrain|[from] ability: Electric Surge|[of] p2b: Raichu
|detailschange|p1a: Blaziken|Blaziken-Mega, L50, M
|-mega|p1a: Blaziken|Blaziken|Blazikenite
|move|p1a: Blaziken|Detect|p1a: Blaziken
|-singleturn|p1a: Blaziken|Protect
|move|p1b: Sylveon|Detect|p1b: Sylveon
|-singleturn|p1b: Sylveon|Protect
|move|p2b: Raichu|Fake Out|p1b: Sylveon
|-activate|p1b: Sylveon|move: Protect
|
|-weather|RainDance|[upkeep]
|-ability|p1a: Blaziken|Speed Boost|boost
|-boost|p1a: Blaziken|spe|1
|upkeep
|turn|2
|inactive|LampPosted has 30 seconds left.
|inactive|RadarUndetectable has 30 seconds left.
|
|t:|1783530673
|switch|p1a: Torkoal|Torkoal, L50, M|100/100
|-weather|SunnyDay|[from] ability: Drought|[of] p1a: Torkoal
|move|p2a: Pelipper|Wide Guard|p2a: Pelipper
|-singleturn|p2a: Pelipper|Wide Guard
|move|p2b: Raichu|Rising Voltage|p1a: Torkoal
|-hint|Rising Voltage's BP doubled on grounded target.
|-damage|p1a: Torkoal|11/100
|move|p1b: Sylveon|Moonblast|p2b: Raichu
|-damage|p2b: Raichu|18/100
|
|-weather|SunnyDay|[upkeep]
|-heal|p1a: Torkoal|17/100|[from] item: Leftovers
|upkeep
|turn|3
|inactive|RadarUndetectable has 30 seconds left.
|
|t:|1783530704
|switch|p2b: Archaludon|Archaludon, L50, M|100/100
|move|p1a: Torkoal|Protect|p1a: Torkoal
|-singleturn|p1a: Torkoal|Protect
|move|p2a: Pelipper|Tailwind|p2a: Pelipper
|-sidestart|p2: RadarUndetectable|move: Tailwind
|move|p1b: Sylveon|Hyper Voice|p2b: Archaludon|[spread] p2a,p2b
|-damage|p2a: Pelipper|10/100
|-damage|p2b: Archaludon|47/100
|
|-weather|SunnyDay|[upkeep]
|-heal|p2b: Archaludon|53/100|[from] item: Leftovers
|-heal|p1a: Torkoal|23/100|[from] item: Leftovers
|upkeep
|turn|4
|inactive|LampPosted has 30 seconds left.
|inactive|RadarUndetectable has 30 seconds left.
|inactive|LampPosted has 20 seconds left.
|inactive|RadarUndetectable has 20 seconds left.
|inactive|LampPosted has 15 seconds left.
|inactive|RadarUndetectable has 15 seconds left.
|inactive|RadarUndetectable has 10 seconds left.
|inactive|RadarUndetectable has 5 seconds left.
|
|t:|1783530761
|switch|p1b: Blaziken|Blaziken-Mega, L50, M|100/100
|move|p2a: Pelipper|Hurricane|p1a: Torkoal|[miss]
|-miss|p2a: Pelipper|p1a: Torkoal
|move|p2b: Archaludon|Flash Cannon|p1b: Blaziken
|-resisted|p1b: Blaziken|1
|-damage|p1b: Blaziken|75/100
|move|p1a: Torkoal|Weather Ball|p2b: Archaludon
|-damage|p2b: Archaludon|3/100
|
|-weather|SunnyDay|[upkeep]
|-heal|p2b: Archaludon|9/100|[from] item: Leftovers
|-heal|p1a: Torkoal|29/100|[from] item: Leftovers
|upkeep
|turn|5
|
|t:|1783530784
|switch|p2a: Meowscarada|Meowscarada, L50, M|100/100
|move|p2b: Archaludon|Protect|p2b: Archaludon
|-singleturn|p2b: Archaludon|Protect
|move|p1b: Blaziken|Detect|p1b: Blaziken
|-singleturn|p1b: Blaziken|Protect
|move|p1a: Torkoal|Protect||[still]
|-fail|p1a: Torkoal
|
|-weather|SunnyDay|[upkeep]
|-heal|p2b: Archaludon|15/100|[from] item: Leftovers
|-heal|p1a: Torkoal|36/100|[from] item: Leftovers
|-fieldend|move: Electric Terrain
|-ability|p1b: Blaziken|Speed Boost|boost
|-boost|p1b: Blaziken|spe|1
|upkeep
|turn|6
|inactive|LampPosted has 30 seconds left.
|inactive|RadarUndetectable has 30 seconds left.
|inactive|RadarUndetectable has 20 seconds left.
|inactive|RadarUndetectable has 15 seconds left.
|inactive|RadarUndetectable has 10 seconds left.
|
|t:|1783530829
|switch|p1a: Sylveon|Sylveon, L50, F|100/100
|move|p2a: Meowscarada|U-turn|p1b: Blaziken
|-start|p2a: Meowscarada|typechange|Bug|[from] ability: Protean
|-resisted|p1b: Blaziken|2
|-damage|p1b: Blaziken|64/100
|
|t:|1783530836
|switch|p2a: Pelipper|Pelipper, L50, M|10/100|[from] U-turn
|-weather|RainDance|[from] ability: Drizzle|[of] p2a: Pelipper
|move|p1b: Blaziken|Close Combat|p2b: Archaludon
|-supereffective|p2b: Archaludon|1
|-damage|p2b: Archaludon|0 fnt
|-unboost|p1b: Blaziken|def|1
|-unboost|p1b: Blaziken|spd|1
|faint|p2b: Archaludon
|
|-weather|RainDance|[upkeep]
|-sideend|p2: RadarUndetectable|move: Tailwind
|-ability|p1b: Blaziken|Speed Boost|boost
|-boost|p1b: Blaziken|spe|1
|upkeep
|
|t:|1783530845
|switch|p2b: Meowscarada|Meowscarada, L50, M|100/100
|turn|7
|inactive|RadarUndetectable has 30 seconds left.
|
|t:|1783530872
|move|p1b: Blaziken|Close Combat|p2b: Meowscarada
|-supereffective|p2b: Meowscarada|1
|-crit|p2b: Meowscarada
|-damage|p2b: Meowscarada|0 fnt
|-unboost|p1b: Blaziken|def|1
|-unboost|p1b: Blaziken|spd|1
|faint|p2b: Meowscarada
|move|p2a: Pelipper|Hurricane|p1b: Blaziken
|-supereffective|p1b: Blaziken|1
|-damage|p1b: Blaziken|0 fnt
|faint|p1b: Blaziken
|move|p1a: Sylveon|Moonblast|p2a: Pelipper
|-damage|p2a: Pelipper|0 fnt
|faint|p2a: Pelipper
|
|-weather|RainDance|[upkeep]
|upkeep
|
|t:|1783530894
|switch|p1b: Torkoal|Torkoal, L50, M|36/100
|switch|p2a: Raichu|Raichu-Mega-X, L50, F|18/100
|-fieldstart|move: Electric Terrain|[from] ability: Electric Surge|[of] p2a: Raichu
|-weather|SunnyDay|[from] ability: Drought|[of] p1b: Torkoal
|turn|8
|-message|RadarUndetectable forfeited.
|
|win|LampPosted
||LampPosted is ready for game 2.
||RadarUndetectable is ready for game 2.
|uhtml|next|Next: Game 2 of 3
|l|☆LampPosted
|player|p1|
