|j|☆ufhednarvgc
|j|☆SleepD2
|html|ufhednarvgcSleepD2    
|uhtml|bestof|Game 2 of a best-of-3
|t:|1785784698
|gametype|doubles
|player|p1|ufhednarvgc|lance|1317
|player|p2|SleepD2|102|1380
|gen|9
|tier|[Gen 9 Champions] VGC 2026 Reg M-B (Bo3)
|rated|
|rule|Species Clause: Limit one of each Pokémon
|rule|Item Clause: Limit 1 of each item
|clearpoke
|poke|p1|Staraptor, L50, F|
|poke|p1|Arcanine-Hisui, L50, F|
|poke|p1|Kingambit, L50, F|
|poke|p1|Raichu, L50, M|
|poke|p1|Farigiraf, L50, M|
|poke|p1|Sylveon, L50, F|
|poke|p2|Glimmora, L50, F|
|poke|p2|Whimsicott, L50, M|
|poke|p2|Weavile, L50, M|
|poke|p2|Basculegion, L50, M|
|poke|p2|Kommo-o, L50, F|
|poke|p2|Charizard, L50, F|
|teampreview|4
|showteam|p1|Staraptor||Staraptite|Intimidate|BraveBird,CloseCombat,Tailwind,Protect|Jolly||F|||50|]Arcanine-Hisui||FocusSash|RockHead|FlareBlitz,HeadSmash,ExtremeSpeed,Protect|Jolly||F|||50|]Kingambit||LifeOrb|Defiant|KowtowCleave,SuckerPunch,SwordsDance,Protect|Adamant||F|||50|]Raichu||RaichuniteY|LightningRod|ZapCannon,FocusBlast,FakeOut,Protect|Timid||M|||50|]Farigiraf||SitrusBerry|ArmorTail|Psychic,HelpingHand,TrickRoom,Protect|Calm||M|||50|]Sylveon||FairyFeather|Pixilate|HyperVoice,HyperBeam,QuickAttack,Detect|Modest||F|||50|
|showteam|p2|Glimmora||Glimmoranite|ToxicDebris|EarthPower,SludgeBomb,PowerGem,SpikyShield|Modest||F|||50|]Whimsicott||OccaBerry|Prankster|Moonblast,Encore,Tailwind,Protect|Bold||M|||50|]Weavile||FocusSash|Pickpocket|IcicleCrash,KnockOff,Taunt,FakeOut|Adamant||M|||50|]Basculegion||SitrusBerry|Adaptability|LastRespects,WaveCrash,AquaJet,Protect|Adamant||M|||50|]Kommo-o||LifeOrb|Overcoat|ClangingScales,AuraSphere,VacuumWave,Protect|Modest||F|||50|]Charizard||CharizarditeY|Blaze|Protect,WeatherBall,HeatWave,SolarBeam|Modest||F|||50|
|inactive|Battle timer is ON: inactive players will automatically lose when time's up. (requested by SleepD2)
|
|t:|1785784726
|teamsize|p1|4
|teamsize|p2|4
|start
|switch|p1a: Kingambit|Kingambit, L50, F|100/100
|switch|p1b: Raichu|Raichu, L50, M|100/100
|switch|p2a: Weavile|Weavile, L50, M|100/100
|switch|p2b: Glimmora|Glimmora, L50, F|100/100
|turn|1
|
|t:|1785784744
|detailschange|p1b: Raichu|Raichu-Mega-Y, L50, M
|-mega|p1b: Raichu|Raichu|Raichunite Y
|detailschange|p2b: Glimmora|Glimmora-Mega, L50, F
|-mega|p2b: Glimmora|Glimmora|Glimmoranite
|move|p1b: Raichu|Protect|p1b: Raichu
|-singleturn|p1b: Raichu|Protect
|move|p2a: Weavile|Taunt|p1a: Kingambit
|-start|p1a: Kingambit|move: Taunt
|move|p2b: Glimmora|Earth Power|p1a: Kingambit
|-supereffective|p1a: Kingambit|1
|-damage|p1a: Kingambit|25/100
|cant|p1a: Kingambit|move: Taunt|Swords Dance
|
|upkeep
|turn|2
|
|t:|1785784766
|move|p2b: Glimmora|Spiky Shield|p2b: Glimmora
|-singleturn|p2b: Glimmora|move: Protect
|move|p1a: Kingambit|Sucker Punch||[still]
|-fail|p1a: Kingambit
|move|p1b: Raichu|Zap Cannon|p2b: Glimmora
|-activate|p2b: Glimmora|move: Protect
|move|p2a: Weavile|Icicle Crash|p1b: Raichu
|-damage|p1b: Raichu|29/100
|
|upkeep
|turn|3
|
|t:|1785784781
|switch|p2b: Whimsicott|Whimsicott, L50, M|100/100
|move|p1a: Kingambit|Sucker Punch||[still]
|-fail|p1a: Kingambit
|move|p1b: Raichu|Zap Cannon|p2a: Weavile
|-damage|p2a: Weavile|5/100
|-status|p2a: Weavile|par
|move|p2a: Weavile|Icicle Crash|p1b: Raichu
|-damage|p1b: Raichu|0 fnt
|faint|p1b: Raichu
|
|-end|p1a: Kingambit|move: Taunt
|upkeep
|
|t:|1785784795
|switch|p1b: Sylveon|Sylveon, L50, F|100/100
|turn|4
|
|t:|1785784808
|move|p2b: Whimsicott|Tailwind|p2b: Whimsicott
|-sidestart|p2: SleepD2|move: Tailwind
|move|p1a: Kingambit|Sucker Punch||[still]
|-fail|p1a: Kingambit
|move|p2a: Weavile|Taunt|p1a: Kingambit
|-start|p1a: Kingambit|move: Taunt
|move|p1b: Sylveon|Hyper Voice|p2a: Weavile|[spread] p2a,p2b
|-supereffective|p2a: Weavile|1
|-damage|p2a: Weavile|0 fnt
|-damage|p2b: Whimsicott|39/100
|faint|p2a: Weavile
|
|upkeep
|
|t:|1785784812
|switch|p2a: Glimmora|Glimmora-Mega, L50, F|100/100
|turn|5
|
|t:|1785784827
|move|p1b: Sylveon|Detect|p1b: Sylveon
|-singleturn|p1b: Sylveon|Protect
|move|p1a: Kingambit|Sucker Punch|p2a: Glimmora
|-damage|p2a: Glimmora|48/100
|-damage|p1a: Kingambit|15/100|[from] item: Life Orb
|move|p2b: Whimsicott|Moonblast|p1a: Kingambit
|-damage|p1a: Kingambit|0 fnt
|faint|p1a: Kingambit
|move|p2a: Glimmora|Sludge Bomb|p1b: Sylveon
|-activate|p1b: Sylveon|move: Protect
|
|upkeep
|
|t:|1785784837
|switch|p1a: Arcanine|Arcanine-Hisui, L50, F|100/100
|turn|6
|
|t:|1785784849
|move|p1b: Sylveon|Detect||[still]
|-fail|p1b: Sylveon
|move|p2b: Whimsicott|Encore|p1b: Sylveon
|-start|p1b: Sylveon|Encore
|move|p2a: Glimmora|Sludge Bomb|p1b: Sylveon
|-supereffective|p1b: Sylveon|1
|-damage|p1b: Sylveon|0 fnt
|faint|p1b: Sylveon
|move|p1a: Arcanine|Head Smash|p2a: Glimmora
|-damage|p2a: Glimmora|0 fnt
|faint|p2a: Glimmora
|
|upkeep
|
|t:|1785784852
|switch|p2a: Kommo-o|Kommo-o, L50, F|100/100
|turn|7
|-message|ufhednarvgc forfeited.
|
|win|SleepD2
|raw|ufhednarvgc's rating: 1317 → 1301(-16 for losing)
|raw|SleepD2's rating: 1380 → 1396(+16 for winning)
|l|☆ufhednarvgc
|player|p1|
|j|☆ufhednarvgc
|player|p1|ufhednarvgc|lance|
|l|☆ufhednarvgc
|player|p1|
|l|☆SleepD2
|player|p2|
|j|☆SleepD2
|player|p2|SleepD2|102|
