|j|☆Nussloni
|j|☆JaviChicaino
|html|NussloniJaviChicaino    
|uhtml|bestof|Game 1 of a best-of-3
|t:|1756563396
|gametype|doubles
|player|p1|Nussloni|170|1222
|player|p2|JaviChicaino|drayden|1339
|gen|9
|tier|[Gen 9] VGC 2025 Reg H (Bo3)
|rated|
|rule|Species Clause: Limit one of each Pokémon
|rule|Item Clause: Limit 1 of each item
|clearpoke
|poke|p1|Sneasler, L50, M|
|poke|p1|Indeedee, L50, M|
|poke|p1|Ursaluna-Bloodmoon, L50, M|
|poke|p1|Gholdengo, L50|
|poke|p1|Incineroar, L50, F|
|poke|p1|Volcarona, L50, M|
|poke|p2|Electabuzz, L50, M|
|poke|p2|Kingambit, L50, F|
|poke|p2|Rillaboom, L50, M|
|poke|p2|Sneasler, L50, M|
|poke|p2|Volcarona, L50, M|
|poke|p2|Dragonite, L50, M|
|teampreview|4
|showteam|p1|Sneasler||PsychicSeed|Unburden|DireClaw,CloseCombat,LashOut,Protect|||M|||50|,,,,,Dark]Indeedee||FocusSash|PsychicSurge|ExpandingForce,TrickRoom,Encore,Protect|||M|||50|,,,,,Psychic]Ursaluna-Bloodmoon||LifeOrb|MindsEye|BloodMoon,EarthPower,HyperVoice,Protect|||M|||50|,,,,,Normal]Gholdengo||MetalCoat|GoodasGold|NastyPlot,MakeItRain,ShadowBall,Protect||||||50|,,,,,Fairy]Incineroar||SafetyGoggles|Intimidate|FlareBlitz,KnockOff,PartingShot,FakeOut|||F|||50|,,,,,Ghost]Volcarona||SitrusBerry|FlameBody|Overheat,RagePowder,Tailwind,StruggleBug|||M|||50|,,,,,Water
|showteam|p2|Electabuzz||Eviolite|VitalSpirit|FollowMe,Taunt,Thunderbolt,Protect|||M|||50|,,,,,Ghost]Kingambit||BlackGlasses|Defiant|KowtowCleave,SuckerPunch,SwordsDance,Protect|||F|||50|,,,,,Dark]Rillaboom||AssaultVest|GrassySurge|FakeOut,WoodHammer,GrassyGlide,HighHorsepower|||M|||50|,,,,,Fire]Sneasler||FocusSash|PoisonTouch|DireClaw,CloseCombat,FakeOut,Coaching|||M|||50|,,,,,Stellar]Volcarona||Leftovers|FlameBody|HeatWave,GigaDrain,QuiverDance,Protect|||M|||50|,,,,,Grass]Dragonite||LoadedDice|Multiscale|ScaleShot,ExtremeSpeed,Haze,Protect|||M|||50|,,,,,Fairy
|inactive|Battle timer is ON: inactive players will automatically lose when time's up. (requested by JaviChicaino)
|
|t:|1756563452
|teamsize|p1|4
|teamsize|p2|4
|start
|switch|p1a: Volcarona|Volcarona, L50, M|100/100
|switch|p1b: Ursaluna|Ursaluna-Bloodmoon, L50, M|100/100
|switch|p2a: Sneasler|Sneasler, L50, M, shiny|100/100
|switch|p2b: Dragonite|Dragonite, L50, M|100/100
|turn|1
|inactive|Nussloni has 30 seconds left.
|inactive|JaviChicaino has 30 seconds left.
|inactive|Nussloni has 20 seconds left.
|
|t:|1756563490
|-terastallize|p1b: Ursaluna|Normal
|move|p2a: Sneasler|Fake Out|p1a: Volcarona
|-damage|p1a: Volcarona|84/100
|-status|p2a: Sneasler|brn|[from] ability: Flame Body|[of] p1a: Volcarona
|-status|p1a: Volcarona|psn|[from] ability: Poison Touch|[of] p2a: Sneasler
|cant|p1a: Volcarona|flinch
|move|p2b: Dragonite|Scale Shot|p1b: Ursaluna|[miss]
|-miss|p2b: Dragonite|p1b: Ursaluna
|move|p1b: Ursaluna|Hyper Voice|p2b: Dragonite|[spread] p2a,p2b
|-enditem|p2a: Sneasler|Focus Sash
|-damage|p2a: Sneasler|1/100 brn
|-damage|p2b: Dragonite|62/100
|-damage|p1b: Ursaluna|91/100|[from] item: Life Orb
|
|-damage|p1a: Volcarona|72/100 psn|[from] psn
|-damage|p2a: Sneasler|0 fnt|[from] brn
|faint|p2a: Sneasler
|upkeep
|
|t:|1756563510
|switch|p2a: Rillaboom|Rillaboom, L50, M|100/100
|-fieldstart|move: Grassy Terrain|[from] ability: Grassy Surge|[of] p2a: Rillaboom
|turn|2
|inactive|Nussloni has 30 seconds left.
|inactive|Nussloni has 20 seconds left.
|
|t:|1756563546
|switch|p1b: Indeedee|Indeedee, L50, M|100/100
|-fieldstart|move: Psychic Terrain|[from] ability: Psychic Surge|[of] p1b: Indeedee
|move|p2a: Rillaboom|Fake Out|p1b: Indeedee
|-activate|p1b: Indeedee|move: Psychic Terrain
|move|p1a: Volcarona|Tailwind|p1a: Volcarona
|-sidestart|p1: Nussloni|move: Tailwind
|move|p2b: Dragonite|Scale Shot|p1a: Volcarona
|-damage|p1a: Volcarona|53/100 psn
|-damage|p1a: Volcarona|33/100 psn
|-enditem|p1a: Volcarona|Sitrus Berry|[eat]
|-heal|p1a: Volcarona|58/100 psn|[from] item: Sitrus Berry
|-damage|p1a: Volcarona|38/100 psn
|-damage|p1a: Volcarona|20/100 psn
|-hitcount|p1a: Volcarona|4
|-unboost|p2b: Dragonite|def|1
|-boost|p2b: Dragonite|spe|1
|
|-damage|p1a: Volcarona|8/100 psn|[from] psn
|upkeep
|turn|3
|inactive|Nussloni has 30 seconds left.
|
|t:|1756563576
|switch|p2a: Kingambit|Kingambit, L50, F|100/100
|move|p2b: Dragonite|Protect|p2b: Dragonite
|-singleturn|p2b: Dragonite|Protect
|move|p1a: Volcarona|Rage Powder|p1a: Volcarona
|-singleturn|p1a: Volcarona|move: Rage Powder
|move|p1b: Indeedee|Expanding Force|p2b: Dragonite|[spread] 
|-activate|p2b: Dragonite|move: Protect
|-immune|p2a: Kingambit
|
|-damage|p1a: Volcarona|0 fnt|[from] psn
|faint|p1a: Volcarona
|upkeep
|
|t:|1756563599
|switch|p1a: Ursaluna|Ursaluna-Bloodmoon, L50, M, tera:Normal|91/100
|turn|4
|inactive|Nussloni has 30 seconds left.
|inactive|Nussloni has 20 seconds left.
|inactive|Nussloni has 15 seconds left.
|
|t:|1756563642
|switch|p1b: Sneasler|Sneasler, L50, M|100/100
|-enditem|p1b: Sneasler|Psychic Seed
|-boost|p1b: Sneasler|spd|1|[from] item: Psychic Seed
|switch|p2b: Rillaboom|Rillaboom, L50, M|100/100
|-fieldstart|move: Grassy Terrain|[from] ability: Grassy Surge|[of] p2b: Rillaboom
|move|p2a: Kingambit|Sucker Punch||[still]
|-fail|p2a: Kingambit
|move|p1a: Ursaluna|Hyper Voice|p2a: Kingambit|[spread] p2a,p2b
|-resisted|p2a: Kingambit
|-damage|p2a: Kingambit|71/100
|-damage|p2b: Rillaboom|52/100
|-damage|p1a: Ursaluna|81/100|[from] item: Life Orb
|
|-heal|p1a: Ursaluna|87/100|[from] Grassy Terrain
|-heal|p2b: Rillaboom|58/100|[from] Grassy Terrain
|-heal|p2a: Kingambit|76/100|[from] Grassy Terrain
|upkeep
|turn|5
|inactive|JaviChicaino has 30 seconds left.
|
|t:|1756563670
|switch|p1b: Indeedee|Indeedee, L50, M|100/100
|-fieldstart|move: Psychic Terrain|[from] ability: Psychic Surge|[of] p1b: Indeedee
|switch|p2b: Dragonite|Dragonite, L50, M|62/100
|move|p2a: Kingambit|Protect|p2a: Kingambit
|-singleturn|p2a: Kingambit|Protect
|move|p1a: Ursaluna|Blood Moon|p2b: Dragonite
|-damage|p2b: Dragonite|0 fnt
|faint|p2b: Dragonite
|-damage|p1a: Ursaluna|77/100|[from] item: Life Orb
|
|-sideend|p1: Nussloni|move: Tailwind
|upkeep
|
|t:|1756563683
|switch|p2b: Rillaboom|Rillaboom, L50, M|58/100
|-fieldstart|move: Grassy Terrain|[from] ability: Grassy Surge|[of] p2b: Rillaboom
|turn|6
|
|t:|1756563706
|move|p1b: Indeedee|Protect|p1b: Indeedee
|-singleturn|p1b: Indeedee|Protect
|move|p1a: Ursaluna|Protect|p1a: Ursaluna
|-singleturn|p1a: Ursaluna|Protect
|move|p2b: Rillaboom|Wood Hammer|p1a: Ursaluna
|-activate|p1a: Ursaluna|move: Protect
|move|p2a: Kingambit|Kowtow Cleave|p1b: Indeedee
|-activate|p1b: Indeedee|move: Protect
|
|-heal|p2b: Rillaboom|63/100|[from] Grassy Terrain
|-heal|p1a: Ursaluna|83/100|[from] Grassy Terrain
|-heal|p2a: Kingambit|82/100|[from] Grassy Terrain
|upkeep
|turn|7
|inactive|Nussloni has 30 seconds left.
|inactive|JaviChicaino has 30 seconds left.
|
|t:|1756563734
|switch|p1b: Sneasler|Sneasler, L50, M|100/100
|-terastallize|p2a: Kingambit|Dark
|move|p2b: Rillaboom|Grassy Glide|p1a: Ursaluna
|-damage|p1a: Ursaluna|49/100
|move|p2a: Kingambit|Sucker Punch|p1a: Ursaluna
|-damage|p1a: Ursaluna|5/100
|move|p1a: Ursaluna|Blood Moon|p2b: Rillaboom
|-damage|p2b: Rillaboom|0 fnt
|faint|p2b: Rillaboom
|-damage|p1a: Ursaluna|0 fnt|[from] item: Life Orb
|faint|p1a: Ursaluna
|
|-heal|p2a: Kingambit|88/100|[from] Grassy Terrain
|upkeep
|
|t:|1756563750
|switch|p1a: Indeedee|Indeedee, L50, M|100/100
|-fieldstart|move: Psychic Terrain|[from] ability: Psychic Surge|[of] p1a: Indeedee
|turn|8
|
|t:|1756563766
|move|p1b: Sneasler|Close Combat|p2a: Kingambit
|-supereffective|p2a: Kingambit
|-damage|p2a: Kingambit|0 fnt
|-unboost|p1b: Sneasler|def|1
|-unboost|p1b: Sneasler|spd|1
|faint|p2a: Kingambit
|
|win|Nussloni
|l|☆JaviChicaino
|player|p2|
||JaviChicaino is ready for game 2.
||Nussloni is ready for game 2.
|uhtml|next|Next: Game 2 of 3
