|j|☆owbd
|j|☆Squ1dge_
|html|owbdSqu1dge_    
|uhtml|bestof|Game 3 of a best-of-3
|t:|1785227652
|gametype|doubles
|player|p1|owbd|cynthia-gen4|1219
|player|p2|Squ1dge_|170|1398
|gen|9
|tier|[Gen 9 Champions] VGC 2026 Reg M-B (Bo3)
|rated|
|rule|Species Clause: Limit one of each Pokémon
|rule|Item Clause: Limit 1 of each item
|clearpoke
|poke|p1|Charizard, L50, F, shiny|
|poke|p1|Floette-Eternal, L50, F|
|poke|p1|Kingambit, L50, F, shiny|
|poke|p1|Garchomp, L50, M, shiny|
|poke|p1|Basculegion, L50, M|
|poke|p1|Whimsicott, L50, F, shiny|
|poke|p2|Kingambit, L50, F|
|poke|p2|Dragonite, L50, F|
|poke|p2|Basculegion, L50, M|
|poke|p2|Froslass, L50, F|
|poke|p2|Sneasler, L50, F|
|poke|p2|Garchomp, L50, F|
|teampreview|4
|showteam|p1|Charizard||CharizarditeY|Blaze|HeatWave,WeatherBall,SolarBeam,Protect|Modest||F|||50|]Floette-Eternal||Floettite|FlowerVeil|Moonblast,DazzlingGleam,LightofRuin,Protect|Modest||F|||50|]Kingambit||BlackGlasses|Defiant|IronHead,KowtowCleave,SuckerPunch,Protect|Adamant||F|||50|]Garchomp||LifeOrb|RoughSkin|RockSlide,DragonClaw,Earthquake,Protect|Jolly||M|||50|]Basculegion||MysticWater|Adaptability|WaveCrash,LastRespects,AquaJet,Protect|Adamant||M|||50|]Whimsicott||FocusSash|Prankster|Moonblast,Encore,Tailwind,Protect|Timid||F|||50|
|showteam|p2|Kingambit||ChopleBerry|Defiant|KowtowCleave,SuckerPunch,IronHead,LowKick|Adamant||F|||50|]Dragonite||Dragoninite|Multiscale|HeatWave,Protect,Thunderbolt,DragonPulse|Timid||F|||50|]Basculegion||SitrusBerry|Adaptability|LastRespects,Protect,WaveCrash,AquaJet|Adamant||M|||50|]Froslass||Froslassite|CursedBody|ShadowBall,AuroraVeil,Blizzard,Protect|Modest||F|||50|]Sneasler||FocusSash|Unburden|Protect,DireClaw,FakeOut,CloseCombat|Jolly||F|||50|]Garchomp||RoseliBerry|RoughSkin|RockSlide,DragonClaw,Protect,Earthquake|Jolly||F|||50|
|inactive|Battle timer is ON: inactive players will automatically lose when time's up. (requested by owbd)
|
|t:|1785227666
|teamsize|p1|4
|teamsize|p2|4
|start
|switch|p1a: Whimsicott|Whimsicott, L50, F, shiny|100/100
|switch|p1b: Floette|Floette-Eternal, L50, F|100/100
|switch|p2a: Sneasler|Sneasler, L50, F|100/100
|switch|p2b: Basculegion|Basculegion, L50, M|100/100
|turn|1
|
|t:|1785227680
|move|p1a: Whimsicott|Protect|p1a: Whimsicott
|-singleturn|p1a: Whimsicott|Protect
|move|p1b: Floette|Protect|p1b: Floette
|-singleturn|p1b: Floette|Protect
|move|p2a: Sneasler|Dire Claw|p1a: Whimsicott
|-activate|p1a: Whimsicott|move: Protect
|move|p2b: Basculegion|Wave Crash|p1b: Floette
|-activate|p1b: Floette|move: Protect
|
|upkeep
|turn|2
|
|t:|1785227693
|detailschange|p1b: Floette|Floette-Mega, L50, F
|-mega|p1b: Floette|Floette|Floettite
|-ability|p1b: Floette|Fairy Aura
|move|p1a: Whimsicott|Tailwind|p1a: Whimsicott
|-sidestart|p1: owbd|move: Tailwind
|move|p1b: Floette|Dazzling Gleam|p2b: Basculegion|[spread] p2a,p2b
|-crit|p2b: Basculegion
|-damage|p2a: Sneasler|32/100
|-damage|p2b: Basculegion|20/100y
|-enditem|p2b: Basculegion|Sitrus Berry|[eat]
|-heal|p2b: Basculegion|45/100|[from] item: Sitrus Berry
|move|p2a: Sneasler|Dire Claw|p1b: Floette
|-supereffective|p1b: Floette|1
|-damage|p1b: Floette|0 fnt
|faint|p1b: Floette
|move|p2b: Basculegion|Last Respects|p1a: Whimsicott
|-damage|p1a: Whimsicott|50/100g
|
|upkeep
|
|t:|1785227709
|switch|p1b: Kingambit|Kingambit, L50, F, shiny|100/100
|turn|3
|
|t:|1785227715
|switch|p2a: Kingambit|Kingambit, L50, F|100/100
|move|p1b: Kingambit|Sucker Punch||[still]
|-fail|p1b: Kingambit
|move|p2b: Basculegion|Aqua Jet|p1a: Whimsicott
|-resisted|p1a: Whimsicott|1
|-damage|p1a: Whimsicott|31/100
|move|p1a: Whimsicott|Moonblast|p2b: Basculegion
|-damage|p2b: Basculegion|9/100
|
|upkeep
|turn|4
|
|t:|1785227732
|move|p1b: Kingambit|Sucker Punch|p2b: Basculegion
|-supereffective|p2b: Basculegion|1
|-damage|p2b: Basculegion|0 fnt
|faint|p2b: Basculegion
|move|p1a: Whimsicott|Moonblast|p2a: Kingambit
|-damage|p2a: Kingambit|64/100
|move|p2a: Kingambit|Low Kick|p1b: Kingambit
|-supereffective|p1b: Kingambit|2
|-damage|p1b: Kingambit|0 fnt
|faint|p1b: Kingambit
|
|upkeep
|
|t:|1785227743
|switch|p2b: Froslass|Froslass, L50, F|100/100
|switch|p1b: Garchomp|Garchomp, L50, M, shiny|100/100
|turn|5
|
|t:|1785227752
|detailschange|p2b: Froslass|Froslass-Mega, L50, F
|-mega|p2b: Froslass|Froslass|Froslassite
|-weather|Snowscape|[from] ability: Snow Warning|[of] p2b: Froslass
|move|p2a: Kingambit|Sucker Punch|p1a: Whimsicott
|-resisted|p1a: Whimsicott|1
|-damage|p1a: Whimsicott|0 fnt
|faint|p1a: Whimsicott
|move|p1b: Garchomp|Rock Slide|p2a: Kingambit|[spread] p2a,p2b
|-resisted|p2a: Kingambit|1
|-supereffective|p2b: Froslass|1
|-damage|p2a: Kingambit|56/100
|-damage|p2b: Froslass|47/100
|-damage|p1b: Garchomp|90/100|[from] item: Life Orb
|cant|p2b: Froslass|flinch
|
|-weather|Snowscape|[upkeep]
|-sideend|p1: owbd|move: Tailwind
|upkeep
|turn|6
|
|t:|1785227771
|move|p2a: Kingambit|Sucker Punch|p1b: Garchomp
|-damage|p1b: Garchomp|45/100
|-damage|p2a: Kingambit|43/100|[from] ability: Rough Skin|[of] p1b: Garchomp
|move|p2b: Froslass|Blizzard|p1b: Garchomp
|-supereffective|p1b: Garchomp|2
|-damage|p1b: Garchomp|0 fnt
|faint|p1b: Garchomp
|
|win|Squ1dge_
|raw|owbd's rating: 1219 → 1206(-13 for losing)
|raw|Squ1dge_'s rating: 1398 → 1409(+11 for winning)
|l|☆Squ1dge_
|player|p2|
