|j|☆TobiYume
|j|☆ultraclaw1
|html|TobiYumeultraclaw1    
|uhtml|bestof|Game 3 of a best-of-3
|t:|1785673041
|gametype|doubles
|player|p1|TobiYume|cheren-gen5bw2|1293
|player|p2|ultraclaw1|brycenman|1397
|gen|9
|tier|[Gen 9 Champions] VGC 2026 Reg M-B (Bo3)
|rated|
|rule|Species Clause: Limit one of each Pokémon
|rule|Item Clause: Limit 1 of each item
|clearpoke
|poke|p1|Gyarados, L50, M|
|poke|p1|Raichu, L50, F|
|poke|p1|Garchomp, L50, M|
|poke|p1|Gholdengo, L50|
|poke|p1|Sinistcha, L50|
|poke|p1|Kingambit, L50, F|
|poke|p2|Maushold, L50|
|poke|p2|Kingambit, L50, M|
|poke|p2|Garchomp, L50, F|
|poke|p2|Basculegion, L50, M|
|poke|p2|Talonflame, L50, M|
|poke|p2|Floette-Eternal, L50, F|
|teampreview|4
|showteam|p1|Gyarados||Gyaradosite|Intimidate|Waterfall,Crunch,DragonDance,Protect|Adamant||M|||50|]Raichu||RaichuniteY|LightningRod|FakeOut,ZapCannon,FocusBlast,Protect|Timid||F|||50|]Garchomp||LifeOrb|RoughSkin|DragonClaw,Earthquake,RockSlide,Protect|Jolly||M|||50|]Gholdengo||Leftovers|GoodasGold|MakeItRain,ShadowBall,NastyPlot,Protect|Timid|||||50|]Sinistcha||ColburBerry|Hospitality|MatchaGotcha,RagePowder,TrickRoom,Protect|Calm|||||50|]Kingambit||BlackGlasses|Defiant|KowtowCleave,SuckerPunch,LowKick,Protect|Adamant||F|||50|
|showteam|p2|Maushold||FocusSash|FriendGuard|SuperFang,Taunt,FollowMe,Protect|Timid|||||50|]Kingambit||ChopleBerry|Defiant|KowtowCleave,SuckerPunch,LowKick,IronHead|Adamant||M|||50|]Garchomp||LifeOrb|RoughSkin|RockSlide,Earthquake,DragonClaw,Protect|Jolly||F|||50|]Basculegion||MysticWater|Adaptability|WaveCrash,LastRespects,AquaJet,Protect|Adamant||M|||50|]Talonflame||SharpBeak|GaleWings|QuickGuard,DualWingbeat,Tailwind,Protect|Jolly||M|||50|]Floette-Eternal||Floettite|FlowerVeil|LightofRuin,Protect,Moonblast,DazzlingGleam|Modest||F|||50|
|inactive|Battle timer is ON: inactive players will automatically lose when time's up. (requested by ultraclaw1)
|inactive|TobiYume has 60 seconds left.
|
|t:|1785673093
|teamsize|p1|4
|teamsize|p2|4
|start
|switch|p1a: Raichu|Raichu, L50, F|100/100
|switch|p1b: Gholdengo|Gholdengo, L50|100/100
|switch|p2a: Garchomp|Garchomp, L50, F|100/100
|switch|p2b: Talonflame|Talonflame, L50, M|100/100
|turn|1
|
|t:|1785673111
|switch|p1a: Gyarados|Gyarados, L50, M|100/100
|-ability|p1a: Gyarados|Intimidate|boost
|-unboost|p2a: Garchomp|atk|1
|-unboost|p2b: Talonflame|atk|1
|switch|p2a: Kingambit|Kingambit, L50, M|100/100
|move|p2b: Talonflame|Tailwind|p2b: Talonflame
|-sidestart|p2: ultraclaw1|move: Tailwind
|move|p1b: Gholdengo|Nasty Plot|p1b: Gholdengo
|-boost|p1b: Gholdengo|spa|2
|
|upkeep
|turn|2
|inactive|TobiYume has 30 seconds left.
|
|t:|1785673137
|switch|p2b: Floette|Floette-Eternal, L50, F|100/100
|move|p1b: Gholdengo|Protect|p1b: Gholdengo
|-singleturn|p1b: Gholdengo|Protect
|move|p2a: Kingambit|Kowtow Cleave|p1b: Gholdengo
|-activate|p1b: Gholdengo|move: Protect
|move|p1a: Gyarados|Dragon Dance|p1a: Gyarados
|-boost|p1a: Gyarados|atk|1
|-boost|p1a: Gyarados|spe|1
|
|upkeep
|turn|3
|inactive|TobiYume has 30 seconds left.
|inactive|TobiYume has 20 seconds left.
|
|t:|1785673172
|detailschange|p2b: Floette|Floette-Mega, L50, F
|-mega|p2b: Floette|Floette|Floettite
|-ability|p2b: Floette|Fairy Aura
|move|p1a: Gyarados|Protect|p1a: Gyarados
|-singleturn|p1a: Gyarados|Protect
|move|p2b: Floette|Dazzling Gleam|p1b: Gholdengo|[spread] p1b
|-activate|p1a: Gyarados|move: Protect
|-resisted|p1b: Gholdengo|1
|-damage|p1b: Gholdengo|76/100
|move|p2a: Kingambit|Kowtow Cleave|p1b: Gholdengo
|-supereffective|p1b: Gholdengo|1
|-damage|p1b: Gholdengo|0 fnt
|faint|p1b: Gholdengo
|
|upkeep
|
|t:|1785673187
|switch|p1b: Raichu|Raichu, L50, F|100/100
|turn|4
|
|t:|1785673197
|move|p2b: Floette|Protect|p2b: Floette
|-singleturn|p2b: Floette|Protect
|move|p1b: Raichu|Fake Out|p2a: Kingambit
|-resisted|p2a: Kingambit|1
|-damage|p2a: Kingambit|97/100
|move|p1a: Gyarados|Dragon Dance|p1a: Gyarados
|-boost|p1a: Gyarados|atk|1
|-boost|p1a: Gyarados|spe|1
|cant|p2a: Kingambit|flinch
|
|-sideend|p2: ultraclaw1|move: Tailwind
|upkeep
|turn|5
|
|t:|1785673219
|switch|p2b: Garchomp|Garchomp, L50, F|100/100
|move|p1b: Raichu|Protect|p1b: Raichu
|-singleturn|p1b: Raichu|Protect
|move|p2a: Kingambit|Sucker Punch|p1a: Gyarados
|-damage|p1a: Gyarados|55/100
|move|p1a: Gyarados|Waterfall|p2b: Garchomp
|-damage|p2b: Garchomp|23/100
|-damage|p1a: Gyarados|42/100|[from] ability: Rough Skin|[of] p2b: Garchomp
|
|upkeep
|turn|6
|
|t:|1785673231
|switch|p1b: Sinistcha|Sinistcha, L50|100/100
|-heal|p1a: Gyarados|67/100|[from] ability: Hospitality|[of] p1b: Sinistcha
|move|p1a: Gyarados|Protect|p1a: Gyarados
|-singleturn|p1a: Gyarados|Protect
|move|p2a: Kingambit|Sucker Punch||[still]
|-fail|p2a: Kingambit
|move|p2b: Garchomp|Dragon Claw|p1b: Sinistcha
|-damage|p1b: Sinistcha|49/100
|-damage|p2b: Garchomp|14/100|[from] item: Life Orb
|
|upkeep
|turn|7
|
|t:|1785673252
|move|p1a: Gyarados|Waterfall|p2b: Garchomp
|-damage|p2b: Garchomp|0 fnt
|-damage|p1a: Gyarados|55/100|[from] ability: Rough Skin|[of] p2b: Garchomp
|faint|p2b: Garchomp
|move|p1b: Sinistcha|Matcha Gotcha|p2a: Kingambit
|-resisted|p2a: Kingambit|1
|-damage|p2a: Kingambit|82/100
|-heal|p1b: Sinistcha|57/100|[from] drain|[of] p2a: Kingambit
|move|p2a: Kingambit|Kowtow Cleave|p1a: Gyarados
|-damage|p1a: Gyarados|3/100
|
|upkeep
|
|t:|1785673267
|switch|p2b: Talonflame|Talonflame, L50, M|100/100
|turn|8
|
|t:|1785673272
|move|p1b: Sinistcha|Rage Powder|p1b: Sinistcha
|-singleturn|p1b: Sinistcha|move: Rage Powder
|move|p2b: Talonflame|Tailwind|p2b: Talonflame
|-sidestart|p2: ultraclaw1|move: Tailwind
|move|p1a: Gyarados|Waterfall|p2b: Talonflame
|-supereffective|p2b: Talonflame|1
|-damage|p2b: Talonflame|0 fnt
|faint|p2b: Talonflame
|move|p2a: Kingambit|Kowtow Cleave|p1b: Sinistcha
|-supereffective|p1b: Sinistcha|1
|-enditem|p1b: Sinistcha|Colbur Berry|[eat]
|-enditem|p1b: Sinistcha|Colbur Berry|[weaken]
|-damage|p1b: Sinistcha|15/100
|
|upkeep
|
|t:|1785673274
|switch|p2b: Floette|Floette-Mega, L50, F|100/100
|-ability|p2b: Floette|Fairy Aura
|turn|9
|
|t:|1785673286
|move|p1a: Gyarados|Protect|p1a: Gyarados
|-singleturn|p1a: Gyarados|Protect
|move|p2b: Floette|Dazzling Gleam|p1a: Gyarados|[spread] p1b
|-activate|p1a: Gyarados|move: Protect
|-damage|p1b: Sinistcha|0 fnt
|faint|p1b: Sinistcha
|move|p2a: Kingambit|Kowtow Cleave|p1a: Gyarados
|-activate|p1a: Gyarados|move: Protect
|
|upkeep
|
|t:|1785673290
|switch|p1b: Raichu|Raichu, L50, F|100/100
|turn|10
|
|t:|1785673301
|move|p1b: Raichu|Fake Out|p2a: Kingambit
|-resisted|p2a: Kingambit|1
|-damage|p2a: Kingambit|79/100
|cant|p2a: Kingambit|flinch
|move|p2b: Floette|Dazzling Gleam|p1b: Raichu|[spread] p1a,p1b
|-damage|p1a: Gyarados|0 fnt
|-damage|p1b: Raichu|21/100
|faint|p1a: Gyarados
|
|upkeep
|turn|11
|-message|TobiYume forfeited.
|
|win|ultraclaw1
|raw|TobiYume's rating: 1293 → 1275(-18 for losing)
|raw|ultraclaw1's rating: 1397 → 1411(+14 for winning)
|l|☆ultraclaw1
|player|p2|
