|j|☆pablittoo
|j|☆Andrea Pirlo 2
|html|pablittooAndrea Pirlo 2    
|uhtml|bestof|Game 2 of a best-of-3
|t:|1782482919
|gametype|doubles
|player|p1|pablittoo|1|1333
|player|p2|Andrea Pirlo 2|volkner|1283
|gen|9
|tier|[Gen 9 Champions] VGC 2026 Reg M-B (Bo3)
|rated|
|rule|Species Clause: Limit one of each Pokémon
|rule|Item Clause: Limit 1 of each item
|clearpoke
|poke|p1|Incineroar, L50, F|
|poke|p1|Sinistcha, L50|
|poke|p1|Floette-Eternal, L50, F|
|poke|p1|Basculegion, L50, M|
|poke|p1|Whimsicott, L50, F|
|poke|p1|Garchomp, L50, M|
|poke|p2|Charizard, L50, F|
|poke|p2|Garchomp, L50, M|
|poke|p2|Sylveon, L50, F|
|poke|p2|Farigiraf, L50, F|
|poke|p2|Kingambit, L50, M|
|poke|p2|Aerodactyl, L50, F|
|teampreview|4
|showteam|p1|Incineroar||PasshoBerry|Intimidate|WillOWisp,FlareBlitz,FakeOut,PartingShot|Impish||F|||50|]Sinistcha||SitrusBerry|Hospitality|StrengthSap,RagePowder,MatchaGotcha,Protect|Bold|||||50|]Floette-Eternal||Floettite|FlowerVeil|Protect,CalmMind,Moonblast,DazzlingGleam|Modest||F|||50|]Basculegion||ChoiceScarf|Adaptability|WaveCrash,LastRespects,AquaJet,FlipTurn|Jolly||M|||50|]Whimsicott||FocusSash|Prankster|Tailwind,Encore,Moonblast,Protect|Timid||F|||50|]Garchomp||LifeOrb|RoughSkin|StompingTantrum,DragonClaw,RockSlide,Protect|Jolly||M|||50|
|showteam|p2|Charizard||CharizarditeY|SolarPower|HeatWave,WeatherBall,SolarBeam,Protect|Modest||F|||50|]Garchomp||LifeOrb|RoughSkin|Protect,DragonClaw,StompingTantrum,Earthquake|Jolly||M|||50|]Sylveon||FairyFeather|Pixilate|Detect,QuickAttack,HyperVoice,HyperBeam|Modest||F|||50|]Farigiraf||SitrusBerry|ArmorTail|TwinBeam,Thunderbolt,Roar,TrickRoom|Bold||F|||50|]Kingambit||FocusSash|Defiant|KowtowCleave,IronHead,SuckerPunch,LowKick|Adamant||M|||50|]Aerodactyl||Aerodactylite|Unnerve|RockSlide,DualWingbeat,IceFang,Tailwind|Jolly||F|||50|
|inactive|Battle timer is ON: inactive players will automatically lose when time's up. (requested by Andrea Pirlo 2)
|
|t:|1782482942
|teamsize|p1|4
|teamsize|p2|4
|start
|switch|p1a: Whimsicott|Whimsicott, L50, F|100/100
|switch|p1b: Basculegion|Basculegion, L50, M|100/100
|switch|p2a: Kingambit|Kingambit, L50, M|100/100
|switch|p2b: Aerodactyl|Aerodactyl, L50, F|100/100
|-ability|p2b: Aerodactyl|Unnerve
|turn|1
|
|t:|1782482960
|detailschange|p2b: Aerodactyl|Aerodactyl-Mega, L50, F
|-mega|p2b: Aerodactyl|Aerodactyl|Aerodactylite
|move|p1a: Whimsicott|Tailwind|p1a: Whimsicott
|-sidestart|p1: pablittoo|move: Tailwind
|move|p2a: Kingambit|Sucker Punch|p1b: Basculegion
|-supereffective|p1b: Basculegion|1
|-damage|p1b: Basculegion|9/100
|move|p1b: Basculegion|Flip Turn|p2b: Aerodactyl
|-supereffective|p2b: Aerodactyl|1
|-damage|p2b: Aerodactyl|20/100y
|
|t:|1782482964
|switch|p1b: Floette|Floette-Eternal, L50, F|100/100|[from] Flip Turn
|move|p2b: Aerodactyl|Dual Wingbeat|p1a: Whimsicott
|-supereffective|p1a: Whimsicott|1
|-damage|p1a: Whimsicott|21/100
|-supereffective|p1a: Whimsicott|1
|-crit|p1a: Whimsicott
|-damage|p1a: Whimsicott|0 fnt
|faint|p1a: Whimsicott
|-hitcount|p1: Whimsicott|2
|
|upkeep
|
|t:|1782482970
|switch|p1a: Basculegion|Basculegion, L50, M|9/100
|turn|2
|
|t:|1782482989
|switch|p1a: Garchomp|Garchomp, L50, M|100/100
|detailschange|p1b: Floette|Floette-Mega, L50, F
|-mega|p1b: Floette|Floette|Floettite
|-ability|p1b: Floette|Fairy Aura
|move|p2a: Kingambit|Sucker Punch||[still]
|-fail|p2a: Kingambit
|move|p1b: Floette|Dazzling Gleam|p2a: Kingambit|[spread] p2a,p2b
|-damage|p2a: Kingambit|48/100
|-damage|p2b: Aerodactyl|0 fnt
|faint|p2b: Aerodactyl
|
|upkeep
|
|t:|1782482996
|switch|p2b: Farigiraf|Farigiraf, L50, F|100/100
|turn|3
|
|t:|1782483013
|move|p1a: Garchomp|Dragon Claw|p2b: Farigiraf
|-damage|p2b: Farigiraf|60/100
|-damage|p1a: Garchomp|90/100|[from] item: Life Orb
|move|p1b: Floette|Moonblast|p2b: Farigiraf
|-crit|p2b: Farigiraf
|-damage|p2b: Farigiraf|0 fnt
|faint|p2b: Farigiraf
|move|p2a: Kingambit|Iron Head|p1b: Floette
|-supereffective|p1b: Floette|1
|-damage|p1b: Floette|14/100
|
|upkeep
|
|t:|1782483019
|switch|p2b: Sylveon|Sylveon, L50, F|100/100
|turn|4
|
|t:|1782483031
|move|p1b: Floette|Protect|p1b: Floette
|-singleturn|p1b: Floette|Protect
|move|p2a: Kingambit|Sucker Punch||[still]
|-fail|p2a: Kingambit
|move|p1a: Garchomp|Stomping Tantrum|p2a: Kingambit
|-supereffective|p2a: Kingambit|1
|-damage|p2a: Kingambit|0 fnt
|faint|p2a: Kingambit
|-damage|p1a: Garchomp|80/100|[from] item: Life Orb
|move|p2b: Sylveon|Hyper Voice|p1b: Floette|[spread] p1a
|-activate|p1b: Floette|move: Protect
|-supereffective|p1a: Garchomp|1
|-damage|p1a: Garchomp|0 fnt
|faint|p1a: Garchomp
|
|-sideend|p1: pablittoo|move: Tailwind
|upkeep
|
|t:|1782483033
|switch|p1a: Basculegion|Basculegion, L50, M|9/100
|turn|5
|
|t:|1782483056
|move|p1a: Basculegion|Aqua Jet|p2b: Sylveon
|-damage|p2b: Sylveon|72/100
|move|p2b: Sylveon|Quick Attack|p1a: Basculegion
|-damage|p1a: Basculegion|0 fnt
|faint|p1a: Basculegion
|move|p1b: Floette|Moonblast|p2b: Sylveon
|-damage|p2b: Sylveon|16/100
|
|upkeep
|turn|6
|
|t:|1782483062
|move|p2b: Sylveon|Quick Attack|p1b: Floette
|-damage|p1b: Floette|0 fnt
|faint|p1b: Floette
|
|win|Andrea Pirlo 2
|raw|pablittoo's rating: 1333 → 1310(-23 for losing)
|raw|Andrea Pirlo 2's rating: 1283 → 1312(+29 for winning)
