|j|☆Ho-Nononono
|j|☆cocacolaindahhouse
|html|Ho-Nonononococacolaindahhouse    
|uhtml|bestof|Game 1 of a best-of-3
|t:|1756897305
|gametype|doubles
|player|p1|Ho-Nononono|caitlin-masters|1433
|player|p2|cocacolaindahhouse|170|1525
|gen|9
|tier|[Gen 9] VGC 2025 Reg H (Bo3)
|rated|
|rule|Species Clause: Limit one of each Pokémon
|rule|Item Clause: Limit 1 of each item
|clearpoke
|poke|p1|Archaludon, L50, M|
|poke|p1|Pelipper, L50, F|
|poke|p1|Dragonite, L50, F|
|poke|p1|Ursaluna, L50, F|
|poke|p1|Sinistcha, L50|
|poke|p1|Incineroar, L50, M|
|poke|p2|Ursaluna, L50, M|
|poke|p2|Dragonite, L50, M|
|poke|p2|Archaludon, L50, M|
|poke|p2|Sinistcha, L50|
|poke|p2|Pelipper, L50, M|
|poke|p2|Gholdengo, L50|
|teampreview|4
|showteam|p1|Archaludon||AssaultVest|Stamina|ElectroShot,Snarl,FlashCannon,BodyPress|||M|||50|,,,,,Bug]Pelipper||FocusSash|Drizzle|MuddyWater,Hurricane,Tailwind,Protect|||F|||50|,,,,,Ghost]Dragonite||LoadedDice|Multiscale|ScaleShot,Tailwind,Haze,Protect|||F|||50|,,,,,Steel]Ursaluna||FlameOrb|Guts|Facade,HeadlongRush,Earthquake,Protect|||F|||50|,,,,,Ghost]Sinistcha||SitrusBerry|Hospitality|MatchaGotcha,RagePowder,LifeDew,TrickRoom||||||50|,,,,,Dark]Incineroar||SafetyGoggles|Intimidate|Taunt,KnockOff,PartingShot,FakeOut|||M|||50|,,,,,Ghost
|showteam|p2|Ursaluna||FlameOrb|Guts|Facade,Protect,HeadlongRush,Earthquake|||M|||50|,,,,,Ghost]Dragonite||LoadedDice|Multiscale|ScaleShot,Protect,Haze,Tailwind|||M|||50|,,,,,Fairy]Archaludon||AssaultVest|Stamina|FlashCannon,BodyPress,ElectroShot,Snarl|||M|||50|,,,,,Fighting]Sinistcha||SitrusBerry|Hospitality|LifeDew,MatchaGotcha,TrickRoom,RagePowder||||||50|,,,,,Dark]Pelipper||FocusSash|Drizzle|Hurricane,Tailwind,MuddyWater,Protect|||M|||50|,,,,,Ghost]Gholdengo||ChoiceScarf|GoodasGold|MakeItRain,ShadowBall,Trick,TeraBlast||||||50|,,,,,Water
|inactive|Battle timer is ON: inactive players will automatically lose when time's up. (requested by Ho-Nononono)
|inactive|Ho-Nononono has 60 seconds left.
|inactive|cocacolaindahhouse has 60 seconds left.
|inactive|cocacolaindahhouse has 30 seconds left.
|
|t:|1756897372
|teamsize|p1|4
|teamsize|p2|4
|start
|switch|p1a: Archaludon|Archaludon, L50, M|100/100
|switch|p1b: Dragonite|Dragonite, L50, F|100/100
|switch|p2a: Gholdengo|Gholdengo, L50|100/100
|switch|p2b: Dragonite|Dragonite, L50, M|100/100
|turn|1
|
|t:|1756897394
|-terastallize|p1b: Dragonite|Steel
|move|p2b: Dragonite|Protect|p2b: Dragonite
|-singleturn|p2b: Dragonite|Protect
|move|p2a: Gholdengo|Trick|p1a: Archaludon
|-activate|p2a: Gholdengo|move: Trick|[of] p1a: Archaludon
|-item|p1a: Archaludon|Choice Scarf|[from] move: Trick
|-item|p2a: Gholdengo|Assault Vest|[from] move: Trick
|move|p1a: Archaludon|Snarl|p2a: Gholdengo|[spread] p2a
|-activate|p2b: Dragonite|move: Protect
|-supereffective|p2a: Gholdengo
|-damage|p2a: Gholdengo|80/100
|-unboost|p2a: Gholdengo|spa|1
|move|p1b: Dragonite|Scale Shot|p2b: Dragonite
|-activate|p2b: Dragonite|move: Protect
|
|upkeep
|turn|2
|inactive|cocacolaindahhouse has 30 seconds left.
|inactive|cocacolaindahhouse has 20 seconds left.
|inactive|cocacolaindahhouse has 15 seconds left.
|inactive|cocacolaindahhouse has 10 seconds left.
|
|t:|1756897442
|switch|p2a: Archaludon|Archaludon, L50, M|100/100
|-terastallize|p2b: Dragonite|Fairy
|move|p1a: Archaludon|Snarl|p2a: Archaludon|[spread] p2a,p2b
|-resisted|p2b: Dragonite
|-damage|p2a: Archaludon|91/100
|-damage|p2b: Dragonite|98/100
|-unboost|p2a: Archaludon|spa|1
|-unboost|p2b: Dragonite|spa|1
|-ability|p2a: Archaludon|Stamina|boost
|-boost|p2a: Archaludon|def|1
|move|p1b: Dragonite|Scale Shot|p2b: Dragonite
|-immune|p2b: Dragonite
|move|p2b: Dragonite|Tailwind|p2b: Dragonite
|-sidestart|p2: cocacolaindahhouse|move: Tailwind
|
|upkeep
|turn|3
|
|t:|1756897461
|switch|p1a: Pelipper|Pelipper, L50, F|100/100
|-weather|RainDance|[from] ability: Drizzle|[of] p1a: Pelipper
|switch|p1b: Sinistcha|Sinistcha, L50|100/100
|move|p2b: Dragonite|Scale Shot|p2a: Archaludon
|-damage|p2a: Archaludon|85/100
|-ability|p2a: Archaludon|Stamina|boost
|-boost|p2a: Archaludon|def|1
|-damage|p2a: Archaludon|80/100
|-ability|p2a: Archaludon|Stamina|boost
|-boost|p2a: Archaludon|def|1
|-damage|p2a: Archaludon|75/100
|-ability|p2a: Archaludon|Stamina|boost
|-boost|p2a: Archaludon|def|1
|-damage|p2a: Archaludon|71/100
|-ability|p2a: Archaludon|Stamina|boost
|-boost|p2a: Archaludon|def|1
|-damage|p2a: Archaludon|68/100
|-ability|p2a: Archaludon|Stamina|boost
|-boost|p2a: Archaludon|def|1
|-hitcount|p2a: Archaludon|5
|-unboost|p2b: Dragonite|def|1
|-boost|p2b: Dragonite|spe|1
|move|p2a: Archaludon|Body Press|p1b: Sinistcha
|-immune|p1b: Sinistcha
|
|-weather|RainDance|[upkeep]
|upkeep
|turn|4
|inactive|cocacolaindahhouse has 30 seconds left.
|inactive|cocacolaindahhouse has 20 seconds left.
|inactive|cocacolaindahhouse has 15 seconds left.
|inactive|cocacolaindahhouse has 10 seconds left.
|
|t:|1756897508
|move|p1a: Pelipper|Protect|p1a: Pelipper
|-singleturn|p1a: Pelipper|Protect
|move|p2b: Dragonite|Scale Shot|p1b: Sinistcha
|-damage|p1b: Sinistcha|88/100
|-damage|p1b: Sinistcha|76/100
|-damage|p1b: Sinistcha|62/100
|-damage|p1b: Sinistcha|50/100
|-enditem|p1b: Sinistcha|Sitrus Berry|[eat]
|-heal|p1b: Sinistcha|75/100|[from] item: Sitrus Berry
|-hitcount|p1b: Sinistcha|4
|-unboost|p2b: Dragonite|def|1
|-boost|p2b: Dragonite|spe|1
|move|p2a: Archaludon|Snarl|p1b: Sinistcha|[spread] 
|-activate|p1a: Pelipper|move: Protect
|-miss|p2a: Archaludon|p1b: Sinistcha
|move|p1b: Sinistcha|Trick Room|p1b: Sinistcha
|-fieldstart|move: Trick Room|[of] p1b: Sinistcha
|
|-weather|RainDance|[upkeep]
|upkeep
|turn|5
|inactive|cocacolaindahhouse has 30 seconds left.
|
|t:|1756897539
|move|p2b: Dragonite|Protect|p2b: Dragonite
|-singleturn|p2b: Dragonite|Protect
|move|p1b: Sinistcha|Matcha Gotcha|p2a: Archaludon|[spread] p2a
|-activate|p2b: Dragonite|move: Protect
|-resisted|p2a: Archaludon
|-damage|p2a: Archaludon|64/100
|-heal|p1b: Sinistcha|77/100|[from] drain|[of] p2a: Archaludon
|move|p1a: Pelipper|Muddy Water|p2a: Archaludon|[spread] p2a
|-activate|p2b: Dragonite|move: Protect
|-resisted|p2a: Archaludon
|-damage|p2a: Archaludon|46/100
|move|p2a: Archaludon|Snarl|p1b: Sinistcha|[spread] p1a,p1b
|-supereffective|p1b: Sinistcha
|-damage|p1a: Pelipper|88/100
|-damage|p1b: Sinistcha|64/100
|-unboost|p1a: Pelipper|spa|1
|-unboost|p1b: Sinistcha|spa|1
|
|-weather|RainDance|[upkeep]
|-sideend|p2: cocacolaindahhouse|move: Tailwind
|upkeep
|turn|6
|inactive|cocacolaindahhouse has 30 seconds left.
|
|t:|1756897571
|switch|p2b: Sinistcha|Sinistcha, L50|100/100
|-heal|p2a: Archaludon|71/100|[from] ability: Hospitality|[of] p2b: Sinistcha
|move|p1b: Sinistcha|Matcha Gotcha|p2a: Archaludon|[spread] p2a,p2b
|-resisted|p2a: Archaludon
|-crit|p2a: Archaludon
|-resisted|p2b: Sinistcha
|-damage|p2a: Archaludon|65/100
|-heal|p1b: Sinistcha|68/100|[from] drain|[of] p2a: Archaludon
|-damage|p2b: Sinistcha|92/100
|-heal|p1b: Sinistcha|72/100|[from] drain|[of] p2b: Sinistcha
|move|p2a: Archaludon|Electro Shot||[still]
|-prepare|p2a: Archaludon|Electro Shot
|-boost|p2a: Archaludon|spa|1
|-anim|p2a: Archaludon|Electro Shot|p1a: Pelipper
|-supereffective|p1a: Pelipper
|-damage|p1a: Pelipper|0 fnt
|faint|p1a: Pelipper
|
|-weather|RainDance|[upkeep]
|upkeep
|-message|Ho-Nononono forfeited.
|
|win|cocacolaindahhouse
||Ho-Nononono is ready for game 2.
||cocacolaindahhouse is ready for game 2.
|uhtml|next|Next: Game 2 of 3
|l|☆Ho-Nononono
|player|p1|
