|j|☆bariloz
|j|☆lirtyz0977
|html|barilozlirtyz0977    
|uhtml|bestof|Game 1 of a best-of-3
|t:|1783093094
|gametype|doubles
|player|p1|bariloz|hiker-gen4|1098
|player|p2|lirtyz0977|giovanni|1012
|gen|9
|tier|[Gen 9 Champions] VGC 2026 Reg M-B (Bo3)
|rated|
|rule|Species Clause: Limit one of each Pokémon
|rule|Item Clause: Limit 1 of each item
|clearpoke
|poke|p1|Blaziken, L50, F|
|poke|p1|Aerodactyl, L50, F|
|poke|p1|Basculegion, L50, M|
|poke|p1|Kingambit, L50, M|
|poke|p1|Torkoal, L50, F|
|poke|p1|Sylveon, L50, F|
|poke|p2|Charizard, L50, M|
|poke|p2|Venusaur, L50, M|
|poke|p2|Pikachu, L50, M|
|poke|p2|Snorlax, L50, M|
|poke|p2|Espeon, L50, M|
|poke|p2|Blastoise, L50, M|
|teampreview|4
|showteam|p1|Blaziken||Blazikenite|SpeedBoost|CloseCombat,FlareBlitz,RockSlide,Protect|Adamant||F|||50|]Aerodactyl||Aerodactylite|Unnerve|RockSlide,DualWingbeat,Tailwind,PsychicFangs|Jolly||F|||50|]Basculegion||FocusSash|Adaptability|Liquidation,AquaJet,LastRespects,Protect|Adamant||M|||50|]Kingambit||LifeOrb|Defiant|KowtowCleave,SuckerPunch,IronHead,Protect|Adamant||M|||50|]Torkoal||Leftovers|Drought|BurningJealousy,WeatherBall,Yawn,Protect|Relaxed||F|||50|]Sylveon||FairyFeather|Pixilate|HyperVoice,Moonblast,Psychic,Detect|Modest||F|||50|
|showteam|p2|Charizard||CharizarditeY|Blaze|WeatherBall,AirSlash,SolarBeam,Earthquake|Hasty||M|||50|]Venusaur||MiracleSeed|Chlorophyll|Growth,SludgeWave,GigaDrain,EarthPower|Modest||M|||50|]Pikachu||LightBall|LightningRod|WildCharge,PlayRough,Surf,FakeOut|Hasty||M|||50|]Snorlax||SitrusBerry|Gluttony|BellyDrum,BodySlam,Earthquake,ZenHeadbutt|Adamant||M|||50|]Espeon||FocusSash|MagicBounce|CalmMind,Psychic,ShadowBall,AlluringVoice|Timid||M|||50|]Blastoise||Blastoisinite|Torrent|ShellSmash,WaterPulse,DarkPulse,AuraSphere|Modest||M|||50|
|inactive|Battle timer is ON: inactive players will automatically lose when time's up. (requested by lirtyz0977)
|inactive|bariloz has 60 seconds left.
|inactive|bariloz has 30 seconds left.
|
|t:|1783093170
|teamsize|p1|4
|teamsize|p2|4
|start
|switch|p1a: Blaziken|Blaziken, L50, F|100/100
|switch|p1b: Sylveon|Sylveon, L50, F|100/100
|switch|p2a: Charizard|Charizard, L50, M|100/100
|switch|p2b: Venusaur|Venusaur, L50, M|100/100
|turn|1
|inactive|bariloz has 30 seconds left.
|
|t:|1783093205
|detailschange|p2a: Charizard|Charizard-Mega-Y, L50, M
|-mega|p2a: Charizard|Charizard|Charizardite Y
|-weather|SunnyDay|[from] ability: Drought|[of] p2a: Charizard
|detailschange|p1a: Blaziken|Blaziken-Mega, L50, F
|-mega|p1a: Blaziken|Blaziken|Blazikenite
|move|p1a: Blaziken|Protect|p1a: Blaziken
|-singleturn|p1a: Blaziken|Protect
|move|p1b: Sylveon|Detect|p1b: Sylveon
|-singleturn|p1b: Sylveon|Protect
|move|p2b: Venusaur|Growth|p2b: Venusaur
|-boost|p2b: Venusaur|atk|2
|-boost|p2b: Venusaur|spa|2
|move|p2a: Charizard|Air Slash|p1a: Blaziken
|-activate|p1a: Blaziken|move: Protect
|
|-weather|SunnyDay|[upkeep]
|-ability|p1a: Blaziken|Speed Boost|boost
|-boost|p1a: Blaziken|spe|1
|upkeep
|turn|2
|
|t:|1783093224
|switch|p2a: Pikachu|Pikachu, L50, M|100/100
|move|p2b: Venusaur|Earth Power|p1a: Blaziken
|-supereffective|p1a: Blaziken|1
|-damage|p1a: Blaziken|0 fnt
|faint|p1a: Blaziken
|move|p1b: Sylveon|Psychic|p2b: Venusaur
|-supereffective|p2b: Venusaur|1
|-damage|p2b: Venusaur|27/100
|-unboost|p2b: Venusaur|spd|1
|
|-weather|SunnyDay|[upkeep]
|upkeep
|
|t:|1783093236
|switch|p1a: Torkoal|Torkoal, L50, F|100/100
|turn|3
|
|t:|1783093249
|move|p1b: Sylveon|Detect|p1b: Sylveon
|-singleturn|p1b: Sylveon|Protect
|move|p1a: Torkoal|Protect|p1a: Torkoal
|-singleturn|p1a: Torkoal|Protect
|move|p2a: Pikachu|Fake Out|p1a: Torkoal
|-activate|p1a: Torkoal|move: Protect
|move|p2b: Venusaur|Sludge Wave|p1a: Torkoal|[spread] p2a
|-activate|p1a: Torkoal|move: Protect
|-activate|p1b: Sylveon|move: Protect
|-damage|p2a: Pikachu|0 fnt
|faint|p2a: Pikachu
|
|-weather|SunnyDay|[upkeep]
|upkeep
|
|t:|1783093256
|switch|p2a: Espeon|Espeon, L50, M|100/100
|turn|4
|
|t:|1783093278
|move|p2b: Venusaur|Sludge Wave|p1a: Torkoal|[spread] p2a,p1a,p1b
|-crit|p2a: Espeon
|-supereffective|p1b: Sylveon|1
|-enditem|p2a: Espeon|Focus Sash
|-damage|p2a: Espeon|1/100
|-damage|p1a: Torkoal|27/100
|-damage|p1b: Sylveon|0 fnt
|faint|p1b: Sylveon
|move|p2a: Espeon|Psychic|p1a: Torkoal
|-damage|p1a: Torkoal|0 fnt
|faint|p1a: Torkoal
|
|-weather|SunnyDay|[upkeep]
|upkeep
|
|t:|1783093287
|switch|p1b: Basculegion|Basculegion, L50, M|100/100
|turn|5
|
|t:|1783093317
|move|p1b: Basculegion|Protect|p1b: Basculegion
|-singleturn|p1b: Basculegion|Protect
|move|p2b: Venusaur|Giga Drain|p1b: Basculegion
|-activate|p1b: Basculegion|move: Protect
|move|p2a: Espeon|Psychic|p1b: Basculegion
|-activate|p1b: Basculegion|move: Protect
|
|-weather|none
|upkeep
|turn|6
|
|t:|1783093337
|switch|p2a: Charizard|Charizard-Mega-Y, L50, M|100/100
|-weather|SunnyDay|[from] ability: Drought|[of] p2a: Charizard
|move|p2b: Venusaur|Giga Drain|p1b: Basculegion
|-supereffective|p1b: Basculegion|1
|-enditem|p1b: Basculegion|Focus Sash
|-damage|p1b: Basculegion|1/100
|-heal|p2b: Venusaur|89/100|[from] drain|[of] p1b: Basculegion
|move|p1b: Basculegion|Last Respects|p2b: Venusaur
|-damage|p2b: Venusaur|0 fnt
|faint|p2b: Venusaur
|
|-weather|SunnyDay|[upkeep]
|upkeep
|
|t:|1783093350
|switch|p2b: Espeon|Espeon, L50, M|1/100
|turn|7
|
|t:|1783093357
|move|p1b: Basculegion|Aqua Jet|p2a: Charizard
|-supereffective|p2a: Charizard|1
|-damage|p2a: Charizard|58/100
|move|p2b: Espeon|Psychic|p1b: Basculegion
|-damage|p1b: Basculegion|0 fnt
|faint|p1b: Basculegion
|
|win|lirtyz0977
||bariloz is ready for game 2.
|inactive|lirtyz0977 has 30 seconds to confirm battle start!
