|j|ŌśåMareancm
|j|ŌśåRonansting
|html|MareancmRonansting    
|uhtml|bestof|Game 3 of a best-of-3
|t:|1755266508
|gametype|doubles
|player|p1|Mareancm|caitlin|1330
|player|p2|Ronansting|baker|1421
|gen|9
|tier|[Gen 9] VGC 2025 Reg H (Bo3)
|rated|
|rule|Species Clause: Limit one of each Pok├®mon
|rule|Item Clause: Limit 1 of each item
|clearpoke
|poke|p1|Amoonguss, L50, M|
|poke|p1|Incineroar, L50, M|
|poke|p1|Kingambit, L50, M|
|poke|p1|Ninetales-Alola, L50, F|
|poke|p1|Garchomp, L50, M|
|poke|p1|Dragonite, L50, F|
|poke|p2|Archaludon, L50, F|
|poke|p2|Pelipper, L50, F|
|poke|p2|Indeedee, L50, M|
|poke|p2|Amoonguss, L50, M|
|poke|p2|Basculegion, L50, M|
|poke|p2|Hydreigon, L50, F|
|teampreview|4
|showteam|p1|Amoonguss||SitrusBerry|Regenerator|Protect,PollenPuff,Spore,RagePowder|||M|||50|,,,,,Fairy]Incineroar||SafetyGoggles|Intimidate|FakeOut,FlareBlitz,KnockOff,PartingShot|||M|||50|,,,,,Ghost]Kingambit||AssaultVest|Defiant|KowtowCleave,SuckerPunch,IronHead,TeraBlast|||M|||50|,,,,,Flying]Ninetales-Alola||FocusSash|SnowWarning|Blizzard,Encore,FreezeDry,Protect|||F|||50|,,,,,Ice]Garchomp||LifeOrb|RoughSkin|DragonClaw,Earthquake,StompingTantrum,Protect|||M|||50|,,,,,Steel]Dragonite||LumBerry|Multiscale|TeraBlast,ExtremeSpeed,LowKick,Protect|||F|||50|,,,,,Flying
|showteam|p2|Archaludon||AssaultVest|Stamina|ElectroShot,DracoMeteor,BodyPress,FlashCannon|||F|||50|,,,,,Grass]Pelipper||FocusSash|Drizzle|WeatherBall,Hurricane,Tailwind,Protect|||F|||50|,,,,,Ghost]Indeedee||ChoiceScarf|PsychicSurge|ExpandingForce,TeraBlast,Trick,DazzlingGleam|||M|||50|,,,,,Ground]Amoonguss||SitrusBerry|Regenerator|Spore,SludgeBomb,Protect,RagePowder|||M|||50|,,,,,Water]Basculegion||ChoiceBand|SwiftSwim|FlipTurn,WaveCrash,LastRespects,AquaJet|||M|||50|,,,,,Poison]Hydreigon||CovertCloak|Levitate|Taunt,Snarl,DracoMeteor,EarthPower|||F|||50|,,,,,Fairy
|
|t:|1755266545
|teamsize|p1|4
|teamsize|p2|4
|start
|switch|p1a: Dragonite|Dragonite, L50, F|100/100
|switch|p1b: Ninetales|Ninetales-Alola, L50, F, shiny|100/100
|switch|p2a: Piedragon|Hydreigon, L50, F|100/100
|switch|p2b: Schmooner|Amoonguss, L50, M|100/100
|-weather|Snowscape|[from] ability: Snow Warning|[of] p1b: Ninetales
|turn|1
|
|t:|1755266569
|switch|p2a: Smellypper|Pelipper, L50, F|100/100
|-weather|RainDance|[from] ability: Drizzle|[of] p2a: Smellypper
|switch|p2b: Arching|Archaludon, L50, F|100/100
|-terastallize|p1a: Dragonite|Flying
|move|p1b: Ninetales|Freeze-Dry|p2b: Arching
|-damage|p2b: Arching|82/100
|-status|p2b: Arching|frz
|-ability|p2b: Arching|Stamina|boost
|-boost|p2b: Arching|def|1
|move|p1a: Dragonite|Tera Blast|p2b: Arching|[anim] Tera Blast Flying
|-resisted|p2b: Arching
|-damage|p2b: Arching|68/100 frz
|-ability|p2b: Arching|Stamina|boost
|-boost|p2b: Arching|def|1
|
|-weather|RainDance|[upkeep]
|upkeep
|turn|2
|j| etgstre
|c|ŌśåRonansting|this is insane
|c|ŌśåMareancm|so freeze dry can freeze
|
|t:|1755266613
|switch|p2a: Piedragon|Hydreigon, L50, F|100/100
|move|p1b: Ninetales|Freeze-Dry|p2a: Piedragon
|-supereffective|p2a: Piedragon
|-damage|p2a: Piedragon|48/100
|move|p1a: Dragonite|Tera Blast|p2a: Piedragon|[anim] Tera Blast Flying
|-damage|p2a: Piedragon|0 fnt
|faint|p2a: Piedragon
|cant|p2b: Arching|frz
|
|-weather|RainDance|[upkeep]
|upkeep
|c|ŌśåRonansting|it's kinda in the name
|
|t:|1755266624
|switch|p2a: Schmooner|Amoonguss, L50, M|100/100
|turn|3
|c|ŌśåMareancm|I didn't know until now
|c|ŌśåRonansting|i've been frozen my alola tales too much
|
|t:|1755266645
|-terastallize|p2a: Schmooner|Water
|move|p1b: Ninetales|Freeze-Dry|p2a: Schmooner
|-supereffective|p2a: Schmooner
|-damage|p2a: Schmooner|54/100
|-status|p2a: Schmooner|frz
|move|p1a: Dragonite|Tera Blast|p2a: Schmooner|[anim] Tera Blast Flying
|-damage|p2a: Schmooner|3/100 frz
|-enditem|p2a: Schmooner|Sitrus Berry|[eat]
|-heal|p2a: Schmooner|28/100 frz|[from] item: Sitrus Berry
|cant|p2b: Arching|frz
|cant|p2a: Schmooner|frz
|
|-weather|RainDance|[upkeep]
|upkeep
|turn|4
|c|ŌśåMareancm|wtf
|c|ŌśåRonansting|well
|c|ŌśåRonansting|gg
|c|ŌśåRonansting|can't do anything against that
|
|t:|1755266669
|cant|p2a: Schmooner|frz
|move|p1b: Ninetales|Freeze-Dry|p2b: Arching
|-damage|p2b: Arching|49/100 frz
|-ability|p2b: Arching|Stamina|boost
|-boost|p2b: Arching|def|1
|move|p1a: Dragonite|Tera Blast|p2a: Schmooner|[anim] Tera Blast Flying
|-damage|p2a: Schmooner|0 fnt
|faint|p2a: Schmooner
|cant|p2b: Arching|frz
|
|-weather|RainDance|[upkeep]
|upkeep
|c|ŌśåMareancm|my bad
|
|t:|1755266679
|switch|p2a: Smellypper|Pelipper, L50, F|100/100
|turn|5
|c|ŌśåMareancm|wish this happens when im against high Leo in my main
|
|t:|1755266703
|move|p2a: Smellypper|Protect|p2a: Smellypper
|-singleturn|p2a: Smellypper|Protect
|move|p1b: Ninetales|Freeze-Dry|p2a: Smellypper
|-activate|p2a: Smellypper|move: Protect
|move|p1a: Dragonite|Tera Blast|p2a: Smellypper|[anim] Tera Blast Flying
|-activate|p2a: Smellypper|move: Protect
|-curestatus|p2b: Arching|frz|[msg]
|move|p2b: Arching|Electro Shot||[still]
|-prepare|p2b: Arching|Electro Shot
|-boost|p2b: Arching|spa|1
|-anim|p2b: Arching|Electro Shot|p1a: Dragonite
|-supereffective|p1a: Dragonite
|-damage|p1a: Dragonite|49/100
|
|-weather|none
|upkeep
|turn|6
|c|ŌśåRonansting|this is how i dropped from 1500 to 1400 sad
|c|ŌśåRonansting|as rain you see alola tales a lot and it has a nasty freeze chance
|
|t:|1755266746
|move|p2a: Smellypper|Protect||[still]
|-fail|p2a: Smellypper
|move|p1b: Ninetales|Encore|p2b: Arching
|-start|p2b: Arching|Encore
|move|p1a: Dragonite|Tera Blast|p2a: Smellypper|[anim] Tera Blast Flying
|-crit|p2a: Smellypper
|-enditem|p2a: Smellypper|Focus Sash
|-damage|p2a: Smellypper|1/100
|move|p2b: Arching|Electro Shot||[still]
|-prepare|p2b: Arching|Electro Shot
|-boost|p2b: Arching|spa|1
|
|upkeep
|turn|7
|
|t:|1755266766
|switch|p1b: Amoonguss|Amoonguss, L50, M|100/100
|move|p2a: Smellypper|Protect|p2a: Smellypper
|-singleturn|p2a: Smellypper|Protect
|move|p1a: Dragonite|Protect|p1a: Dragonite
|-singleturn|p1a: Dragonite|Protect
|move|p2b: Arching|Electro Shot|p1a: Dragonite|[from] lockedmove
|-activate|p1a: Dragonite|move: Protect
|
|upkeep
|turn|8
|
|t:|1755266775
|move|p2a: Smellypper|Protect|p2a: Smellypper
|-singleturn|p2a: Smellypper|Protect
|move|p1a: Dragonite|Tera Blast|p2a: Smellypper|[anim] Tera Blast Flying
|-activate|p2a: Smellypper|move: Protect
|move|p2b: Arching|Electro Shot||[still]
|-prepare|p2b: Arching|Electro Shot
|-boost|p2b: Arching|spa|1
|move|p1b: Amoonguss|Spore|p2b: Arching
|-status|p2b: Arching|slp|[from] move: Spore
|
|-end|p2b: Arching|Encore
|upkeep
|turn|9
|
|t:|1755266785
|move|p2a: Smellypper|Protect|p2a: Smellypper
|-singleturn|p2a: Smellypper|Protect
|move|p1a: Dragonite|Tera Blast|p2a: Smellypper|[anim] Tera Blast Flying
|-activate|p2a: Smellypper|move: Protect
|cant|p2b: Arching|slp
|move|p1b: Amoonguss|Pollen Puff|p1a: Dragonite
|-heal|p1a: Dragonite|99/100
|
|upkeep
|turn|10
|
|t:|1755266798
|move|p2a: Smellypper|Protect||[still]
|-fail|p2a: Smellypper
|move|p1a: Dragonite|Tera Blast|p2a: Smellypper|[anim] Tera Blast Flying
|-damage|p2a: Smellypper|0 fnt
|faint|p2a: Smellypper
|cant|p2b: Arching|slp
|move|p1b: Amoonguss|Pollen Puff|p1a: Dragonite
|-heal|p1a: Dragonite|100/100
|
|upkeep
|turn|11
|
|t:|1755266808
|switch|p1a: Ninetales|Ninetales-Alola, L50, F, shiny|100/100
|-weather|Snowscape|[from] ability: Snow Warning|[of] p1a: Ninetales
|move|p1b: Amoonguss|Rage Powder|p1b: Amoonguss
|-singleturn|p1b: Amoonguss|move: Rage Powder
|-curestatus|p2b: Arching|slp|[msg]
|move|p2b: Arching|Draco Meteor|p1b: Amoonguss
|-damage|p1b: Amoonguss|0 fnt
|-unboost|p2b: Arching|spa|2
|faint|p1b: Amoonguss
|
|-weather|Snowscape|[upkeep]
|upkeep
|
|t:|1755266821
|switch|p1b: Kingambit|Kingambit, L50, M, shiny|100/100
|turn|12
|
|t:|1755266828
|move|p1a: Ninetales|Encore|p2b: Arching
|-start|p2b: Arching|Encore
|move|p2b: Arching|Draco Meteor|p1b: Kingambit
|-resisted|p1b: Kingambit
|-damage|p1b: Kingambit|68/100
|-unboost|p2b: Arching|spa|2
|move|p1b: Kingambit|Kowtow Cleave|p2b: Arching
|-damage|p2b: Arching|34/100
|-ability|p2b: Arching|Stamina|boost
|-boost|p2b: Arching|def|1
|
|-weather|Snowscape|[upkeep]
|upkeep
|turn|13
|
|t:|1755266832
|move|p1a: Ninetales|Blizzard|p2b: Arching
|-damage|p2b: Arching|7/100
|-ability|p2b: Arching|Stamina|boost
|-boost|p2b: Arching|def|1
|move|p2b: Arching|Draco Meteor|p1b: Kingambit
|-resisted|p1b: Kingambit
|-damage|p1b: Kingambit|55/100
|-unboost|p2b: Arching|spa|2
|move|p1b: Kingambit|Kowtow Cleave|p2b: Arching
|-damage|p2b: Arching|0 fnt
|faint|p2b: Arching
|
|win|Mareancm
|raw|Mareancm's rating: 1330 → 1355(+25 for winning)
|raw|Ronansting's rating: 1421 → 1396(-25 for losing)
|l| etgstre
