|j|☆Chknadobovgc
|j|☆snailboss
|html|Chknadobovgcsnailboss    
|uhtml|bestof|Game 1 of a best-of-3
|t:|1756611615
|gametype|doubles
|player|p1|Chknadobovgc|101|1158
|player|p2|snailboss|hilda-wonderlauncher|1188
|gen|9
|tier|[Gen 9] VGC 2025 Reg H (Bo3)
|rated|
|rule|Species Clause: Limit one of each Pokémon
|rule|Item Clause: Limit 1 of each item
|clearpoke
|poke|p1|Pelipper, L50, F|
|poke|p1|Archaludon, L50, M|
|poke|p1|Basculegion, L50, M|
|poke|p1|Dragonite, L50, F|
|poke|p1|Maushold, L50|
|poke|p1|Gholdengo, L50|
|poke|p2|Zoroark-Hisui, L50, M|
|poke|p2|Tyranitar, L50, M|
|poke|p2|Excadrill, L50, M|
|poke|p2|Indeedee-F, L50, F|
|poke|p2|Gallade, L50, M|
|poke|p2|Talonflame, L50, M|
|teampreview|4
|showteam|p1|Pelipper||FocusSash|Drizzle|WeatherBall,Hurricane,Tailwind,WideGuard|||F|||50|,,,,,Ghost]Archaludon||AssaultVest|Stamina|ElectroShot,DracoMeteor,Snarl,BodyPress|||M|||50|,,,,,Bug]Basculegion||LifeOrb|SwiftSwim|WaveCrash,LastRespects,FlipTurn,AquaJet|||M|||50|,,,,,Water]Dragonite||LoadedDice|Multiscale|ScaleShot,Tailwind,Haze,Protect|||F|||50|,,,,,Fairy]Maushold||SafetyGoggles|FriendGuard|BeatUp,Taunt,FollowMe,Protect||||||50|,,,,,Ghost]Gholdengo||ChoiceScarf|GoodasGold|MakeItRain,ShadowBall,Trick,Protect||||||50|,,,,,Steel
|showteam|p2|Zoroark-Hisui||ChoiceSpecs|Illusion|HyperVoice,Flamethrower,ShadowBall,HyperBeam|||M|||50|,,,,,Normal]Tyranitar||AssaultVest|SandStream|RockSlide,KnockOff,LowKick,TeraBlast|||M|||50|,,,,,Flying]Excadrill||FocusSash|SandRush|IronHead,Protect,SwordsDance,Earthquake|||M|||50|,,,,,Ground]Indeedee-F||SafetyGoggles|PsychicSurge|TrickRoom,FollowMe,Psychic,HelpingHand|||F|||50|,,,,,Fairy]Gallade||ClearAmulet|Sharpness|PsychoCut,TrickRoom,WideGuard,SacredSword|||M|||50|,,,,,Grass]Talonflame||CovertCloak|GaleWings|Tailwind,BraveBird,FlareBlitz,Taunt|||M|||50|,,,,,Grass
|inactive|Battle timer is ON: inactive players will automatically lose when time's up. (requested by Chknadobovgc)
|
|t:|1756611645
|teamsize|p1|4
|teamsize|p2|4
|start
|switch|p1a: Archaludon|Archaludon, L50, M|100/100
|switch|p1b: Maushold|Maushold, L50|100/100
|switch|p2a: Butter|Indeedee-F, L50, F|100/100
|switch|p2b: Dr. Drills|Excadrill, L50, M|100/100
|-fieldstart|move: Psychic Terrain|[from] ability: Psychic Surge|[of] p2a: Butter
|turn|1
|
|t:|1756611668
|-terastallize|p1a: Archaludon|Bug
|move|p2a: Butter|Follow Me|p2a: Butter
|-singleturn|p2a: Butter|move: Follow Me
|move|p2b: Dr. Drills|Shadow Ball|p1a: Archaludon
|-damage|p1a: Archaludon|68/100
|-ability|p1a: Archaludon|Stamina|boost
|-boost|p1a: Archaludon|def|1
|move|p1b: Maushold|Beat Up|p2a: Butter
|-supereffective|p2a: Butter
|-damage|p2a: Butter|95/100
|-supereffective|p2a: Butter
|-damage|p2a: Butter|90/100
|-supereffective|p2a: Butter
|-damage|p2a: Butter|86/100
|-supereffective|p2a: Butter
|-damage|p2a: Butter|79/100
|-hitcount|p2a: Butter|4
|move|p1a: Archaludon|Snarl|p2a: Butter|[spread] p2a,p2b
|-supereffective|p2a: Butter
|-supereffective|p2b: Dr. Drills
|-damage|p2a: Butter|54/100
|-damage|p2b: Dr. Drills|42/100
|-unboost|p2a: Butter|spa|1
|-unboost|p2b: Dr. Drills|spa|1
|replace|p2b: Zoroark|Zoroark-Hisui, L50, M
|-end|p2b: Zoroark|Illusion
|
|upkeep
|turn|2
|
|t:|1756611686
|switch|p2b: Alice|Tyranitar, L50, M|100/100
|-weather|Sandstorm|[from] ability: Sand Stream|[of] p2b: Alice
|move|p1b: Maushold|Taunt|p2a: Butter
|-start|p2a: Butter|move: Taunt
|move|p1a: Archaludon|Snarl|p2b: Alice|[spread] p2a,p2b
|-supereffective|p2a: Butter
|-resisted|p2b: Alice
|-damage|p2a: Butter|26/100
|-damage|p2b: Alice|97/100
|-unboost|p2a: Butter|spa|1
|-unboost|p2b: Alice|spa|1
|move|p2a: Butter|Psychic|p1a: Archaludon
|-damage|p1a: Archaludon|57/100
|-ability|p1a: Archaludon|Stamina|boost
|-boost|p1a: Archaludon|def|1
|
|-weather|Sandstorm|[upkeep]
|-damage|p1a: Archaludon|50/100|[from] Sandstorm
|upkeep
|turn|3
|
|t:|1756611708
|switch|p1b: Pelipper|Pelipper, L50, F, shiny|100/100
|-weather|RainDance|[from] ability: Drizzle|[of] p1b: Pelipper
|switch|p2a: Dr. Drills|Excadrill, L50, M|42/100
|-terastallize|p2b: Alice|Flying
|move|p2b: Alice|Rock Slide|p1a: Archaludon|[spread] p1a,p1b
|-supereffective|p1a: Archaludon
|-supereffective|p1b: Pelipper
|-damage|p1a: Archaludon|24/100
|-damage|p1b: Pelipper|28/100
|-ability|p1a: Archaludon|Stamina|boost
|-boost|p1a: Archaludon|def|1
|move|p1a: Archaludon|Body Press|p2b: Alice
|-resisted|p2b: Alice
|-damage|p2b: Alice|74/100
|
|-weather|RainDance|[upkeep]
|upkeep
|turn|4
|
|t:|1756611729
|switch|p1b: Maushold|Maushold, L50|100/100
|move|p2a: Dr. Drills|Shadow Ball|p1a: Archaludon
|-damage|p1a: Archaludon|0 fnt
|faint|p1a: Archaludon
|move|p2b: Alice|Tera Blast|p1b: Maushold|[anim] Tera Blast Flying
|-damage|p1b: Maushold|39/100
|
|-weather|RainDance|[upkeep]
|upkeep
|
|t:|1756611731
|switch|p1a: Basculegion|Basculegion, L50, M|100/100
|turn|5
|
|t:|1756611743
|switch|p2a: Butter|Indeedee-F, L50, F|26/100
|switch|p2b: Dr. Drills|Excadrill, L50, M|100/100
|move|p1b: Maushold|Protect|p1b: Maushold
|-singleturn|p1b: Maushold|Protect
|move|p1a: Basculegion|Flip Turn|p2b: Dr. Drills
|-supereffective|p2b: Dr. Drills
|-enditem|p2b: Dr. Drills|Focus Sash
|-damage|p2b: Dr. Drills|1/100
|-damage|p1a: Basculegion|91/100|[from] item: Life Orb
|
|t:|1756611755
|switch|p1a: Pelipper|Pelipper, L50, F, shiny|28/100|[from] Flip Turn
|
|-weather|RainDance|[upkeep]
|-fieldend|move: Psychic Terrain
|upkeep
|turn|6
|
|t:|1756611775
|move|p2a: Butter|Follow Me|p2a: Butter
|-singleturn|p2a: Butter|move: Follow Me
|move|p1b: Maushold|Taunt|p2a: Butter
|-start|p2a: Butter|move: Taunt
|move|p2b: Dr. Drills|Iron Head|p1a: Pelipper
|-resisted|p1a: Pelipper
|-damage|p1a: Pelipper|6/100
|cant|p1a: Pelipper|flinch
|
|-weather|RainDance|[upkeep]
|upkeep
|turn|7
|
|t:|1756611794
|switch|p1a: Basculegion|Basculegion, L50, M|91/100
|switch|p2a: Alice|Tyranitar, L50, M, tera:Flying|74/100
|-weather|Sandstorm|[from] ability: Sand Stream|[of] p2a: Alice
|move|p1b: Maushold|Protect|p1b: Maushold
|-singleturn|p1b: Maushold|Protect
|move|p2b: Dr. Drills|Iron Head|p1a: Basculegion
|-resisted|p1a: Basculegion
|-damage|p1a: Basculegion|67/100
|
|-weather|Sandstorm|[upkeep]
|-damage|p1a: Basculegion|61/100|[from] Sandstorm
|-damage|p2a: Alice|68/100|[from] Sandstorm
|upkeep
|turn|8
|
|t:|1756611809
|switch|p1b: Pelipper|Pelipper, L50, F, shiny|6/100
|-weather|RainDance|[from] ability: Drizzle|[of] p1b: Pelipper
|switch|p2a: Butter|Indeedee-F, L50, F|26/100
|-fieldstart|move: Psychic Terrain|[from] ability: Psychic Surge|[of] p2a: Butter
|move|p2b: Dr. Drills|Protect|p2b: Dr. Drills
|-singleturn|p2b: Dr. Drills|Protect
|move|p1a: Basculegion|Flip Turn|p2a: Butter
|-damage|p2a: Butter|0 fnt
|faint|p2a: Butter
|-damage|p1a: Basculegion|51/100|[from] item: Life Orb
|
|t:|1756611816
|switch|p1a: Maushold|Maushold, L50|39/100|[from] Flip Turn
|
|-weather|RainDance|[upkeep]
|upkeep
|
|t:|1756611830
|switch|p2a: Alice|Tyranitar, L50, M|42/100
|-start|p2a: Alice|typechange|Flying|[silent]
|turn|9
|inactive|Chknadobovgc has 30 seconds left.
|inactive|snailboss has 30 seconds left.
|inactive|snailboss has 20 seconds left.
|inactive|snailboss has 15 seconds left.
|
|t:|1756611884
|switch|p2a: Alice|Tyranitar, L50, M, tera:Flying|68/100
|-weather|Sandstorm|[from] ability: Sand Stream|[of] p2a: Alice
|move|p1a: Maushold|Follow Me|p1a: Maushold
|-singleturn|p1a: Maushold|move: Follow Me
|move|p2b: Dr. Drills|Iron Head|p1a: Maushold
|-damage|p1a: Maushold|0 fnt
|faint|p1a: Maushold
|move|p1b: Pelipper|Tailwind|p1b: Pelipper
|-sidestart|p1: Chknadobovgc|move: Tailwind
|
|-weather|Sandstorm|[upkeep]
|-damage|p1b: Pelipper|0 fnt|[from] Sandstorm
|-damage|p2a: Alice|62/100|[from] Sandstorm
|faint|p1b: Pelipper
|upkeep
|
|t:|1756611893
|switch|p1b: Basculegion|Basculegion, L50, M|51/100
|turn|10
|
|t:|1756611901
|move|p2b: Dr. Drills|Iron Head|p1b: Basculegion
|-resisted|p1b: Basculegion
|-damage|p1b: Basculegion|23/100
|cant|p1b: Basculegion|flinch
|move|p2a: Alice|Knock Off|p1b: Basculegion
|-supereffective|p1b: Basculegion
|-damage|p1b: Basculegion|0 fnt
|-enditem|p1b: Basculegion|Life Orb|[from] move: Knock Off|[of] p2a: Alice
|faint|p1b: Basculegion
|
|win|snailboss
||Chknadobovgc is ready for game 2.
