|j|☆Kuei0202
|j|☆Millymillyvanilli
|html|Kuei0202Millymillyvanilli    
|uhtml|bestof|Game 2 of a best-of-3
|t:|1785055970
|gametype|doubles
|player|p1|Kuei0202|265|1000
|player|p2|Millymillyvanilli|266|1000
|gen|9
|tier|[Gen 9 Champions] VGC 2026 Reg M-B (Bo3)
|rated|
|rule|Species Clause: Limit one of each Pokémon
|rule|Item Clause: Limit 1 of each item
|clearpoke
|poke|p1|Swampert, L50, F|
|poke|p1|Pelipper, L50, F|
|poke|p1|Archaludon, L50, F|
|poke|p1|Sinistcha, L50|
|poke|p1|Grimmsnarl, L50, M|
|poke|p1|Mawile, L50, F|
|poke|p2|Torkoal, L50, M|
|poke|p2|Mawile, L50, M|
|poke|p2|Kangaskhan, L50, F|
|poke|p2|Farigiraf, L50, F|
|poke|p2|Vileplume, L50, F|
|poke|p2|Sylveon, L50, M|
|teampreview|4
|showteam|p1|Swampert||Swampertite|Damp|WaveCrash,Earthquake,IcePunch,Protect|Adamant||F|||50|]Pelipper||FocusSash|Drizzle|Hurricane,Tailwind,WeatherBall,Protect|Modest||F|||50|]Archaludon||Leftovers|Stamina|DragonPulse,FlashCannon,ElectroShot,Protect|Modest||F|||50|]Sinistcha||SitrusBerry|Hospitality|EnergyBall,RagePowder,TrickRoom,Protect|Bold|||||50|]Grimmsnarl||LightClay|Prankster|SpiritBreak,PartingShot,Reflect,LightScreen|Careful||M|||50|]Mawile||Mawilite|HyperCutter|PlayRough,SuckerPunch,SwordsDance,Protect|Brave||F|||50|
|showteam|p2|Torkoal||Charcoal|Drought|Eruption,HeatWave,EarthPower,Protect|Quiet||M|||50|]Mawile||Mawilite|Intimidate|PlayRough,IronHead,SuckerPunch,Protect|Brave||M|||50|]Kangaskhan||Kangaskhanite|Scrappy|FakeOut,BodySlam,HammerArm,Protect|Adamant||F|||50|]Farigiraf||SitrusBerry|ArmorTail|TwinBeam,HyperVoice,TrickRoom,Protect|Modest||F|||50|]Vileplume||FocusSash|Chlorophyll|EnergyBall,SludgeBomb,SleepPowder,AfterYou|Timid||F|||50|]Sylveon||LifeOrb|Pixilate|HyperVoice,HyperBeam,Yawn,Detect|Modest||M|||50|
|inactive|Battle timer is ON: inactive players will automatically lose when time's up. (requested by Millymillyvanilli)
|j| ido1234567890
|inactive|Kuei0202 has 60 seconds left.
|inactive|Kuei0202 has 30 seconds left.
|l| ido1234567890
|inactive|Kuei0202 has 20 seconds left.
|inactive|Kuei0202 has 15 seconds left.
|
|t:|1785056065
|teamsize|p1|4
|teamsize|p2|4
|start
|switch|p1a: Grimmsnarl|Grimmsnarl, L50, M|100/100
|switch|p1b: Archaludon|Archaludon, L50, F|100/100
|switch|p2a: Kangaskhan|Kangaskhan, L50, F|100/100
|switch|p2b: Farigiraf|Farigiraf, L50, F|100/100
|turn|1
|inactive|Kuei0202 has 30 seconds left.
|inactive|Millymillyvanilli has 30 seconds left.
|
|t:|1785056099
|detailschange|p2a: Kangaskhan|Kangaskhan-Mega, L50, F
|-mega|p2a: Kangaskhan|Kangaskhan|Kangaskhanite
|move|p2a: Kangaskhan|Fake Out|p1a: Grimmsnarl
|-damage|p1a: Grimmsnarl|76/100
|-damage|p1a: Grimmsnarl|71/100
|-hitcount|p1a: Grimmsnarl|2
|cant|p1a: Grimmsnarl|flinch
|move|p1b: Archaludon|Dragon Pulse|p2b: Farigiraf
|-damage|p2b: Farigiraf|59/100
|move|p2b: Farigiraf|Trick Room|p2b: Farigiraf
|-fieldstart|move: Trick Room|[of] p2b: Farigiraf
|
|upkeep
|turn|2
|
|t:|1785056121
|switch|p2b: Vileplume|Vileplume, L50, F|100/100
|move|p1a: Grimmsnarl|Reflect|p1a: Grimmsnarl
|-sidestart|p1: Kuei0202|Reflect
|move|p1b: Archaludon|Dragon Pulse|p2b: Vileplume
|-damage|p2b: Vileplume|46/100
|move|p2a: Kangaskhan|Hammer Arm|p1b: Archaludon
|-supereffective|p1b: Archaludon|1
|-damage|p1b: Archaludon|66/100
|-unboost|p2a: Kangaskhan|spe|1
|-ability|p1b: Archaludon|Stamina|boost
|-boost|p1b: Archaludon|def|1
|-supereffective|p1b: Archaludon|1
|-damage|p1b: Archaludon|59/100
|-unboost|p2a: Kangaskhan|spe|1
|-ability|p1b: Archaludon|Stamina|boost
|-boost|p1b: Archaludon|def|1
|-hitcount|p1b: Archaludon|2
|
|-heal|p1b: Archaludon|66/100|[from] item: Leftovers
|upkeep
|turn|3
|inactive|Kuei0202 has 30 seconds left.
|inactive|Kuei0202 has 20 seconds left.
|inactive|Kuei0202 has 15 seconds left.
|inactive|Kuei0202 has 10 seconds left.
|
|t:|1785056167
|move|p1a: Grimmsnarl|Light Screen|p1a: Grimmsnarl
|-sidestart|p1: Kuei0202|move: Light Screen
|move|p2a: Kangaskhan|Body Slam|p1a: Grimmsnarl
|-damage|p1a: Grimmsnarl|36/100
|-crit|p1a: Grimmsnarl
|-damage|p1a: Grimmsnarl|17/100
|-hitcount|p1a: Grimmsnarl|2
|move|p1b: Archaludon|Dragon Pulse|p2b: Vileplume
|-damage|p2b: Vileplume|0 fnt
|faint|p2b: Vileplume
|
|-heal|p1b: Archaludon|72/100|[from] item: Leftovers
|upkeep
|
|t:|1785056180
|switch|p2b: Farigiraf|Farigiraf, L50, F|59/100
|turn|4
|inactive|Kuei0202 has 30 seconds left.
|
|t:|1785056207
|switch|p1a: Pelipper|Pelipper, L50, F|100/100
|-weather|RainDance|[from] ability: Drizzle|[of] p1a: Pelipper
|move|p2a: Kangaskhan|Body Slam|p1a: Pelipper
|-damage|p1a: Pelipper|54/100
|-damage|p1a: Pelipper|45/100
|-status|p1a: Pelipper|par
|-hitcount|p1a: Pelipper|2
|move|p2b: Farigiraf|Hyper Voice|p1a: Pelipper|[spread] p1a,p1b
|-resisted|p1b: Archaludon|1
|-damage|p1a: Pelipper|8/100 par
|-damage|p1b: Archaludon|61/100
|-ability|p1b: Archaludon|Stamina|boost
|-boost|p1b: Archaludon|def|1
|move|p1b: Archaludon|Electro Shot||[still]
|-prepare|p1b: Archaludon|Electro Shot
|-boost|p1b: Archaludon|spa|1
|-anim|p1b: Archaludon|Electro Shot|p2b: Farigiraf
|-damage|p2b: Farigiraf|0 fnt
|faint|p2b: Farigiraf
|
|-weather|RainDance|[upkeep]
|-heal|p1b: Archaludon|68/100|[from] item: Leftovers
|upkeep
|
|t:|1785056230
|switch|p2b: Torkoal|Torkoal, L50, M|100/100
|-weather|SunnyDay|[from] ability: Drought|[of] p2b: Torkoal
|turn|5
|inactive|Millymillyvanilli has 30 seconds left.
|
|t:|1785056257
|switch|p1a: Grimmsnarl|Grimmsnarl, L50, M|17/100
|move|p1b: Archaludon|Protect|p1b: Archaludon
|-singleturn|p1b: Archaludon|Protect
|move|p2b: Torkoal|Heat Wave|p1b: Archaludon|[spread] p1a
|-activate|p1b: Archaludon|move: Protect
|-damage|p1a: Grimmsnarl|0 fnt
|faint|p1a: Grimmsnarl
|move|p2a: Kangaskhan|Body Slam|p1b: Archaludon
|-activate|p1b: Archaludon|move: Protect
|
|-weather|SunnyDay|[upkeep]
|-heal|p1b: Archaludon|74/100|[from] item: Leftovers
|-fieldend|move: Trick Room
|upkeep
|
|t:|1785056271
|switch|p1a: Pelipper|Pelipper, L50, F|8/100 par
|-weather|RainDance|[from] ability: Drizzle|[of] p1a: Pelipper
|turn|6
|
|t:|1785056282
|move|p2b: Torkoal|Protect|p2b: Torkoal
|-singleturn|p2b: Torkoal|Protect
|move|p1b: Archaludon|Electro Shot||[still]
|-prepare|p1b: Archaludon|Electro Shot
|-boost|p1b: Archaludon|spa|1
|-anim|p1b: Archaludon|Electro Shot|p2b: Torkoal
|-activate|p2b: Torkoal|move: Protect
|move|p2a: Kangaskhan|Body Slam|p1a: Pelipper
|-damage|p1a: Pelipper|0 fnt
|faint|p1a: Pelipper
|
|-weather|RainDance|[upkeep]
|-heal|p1b: Archaludon|80/100|[from] item: Leftovers
|upkeep
|
|t:|1785056294
|switch|p1a: Mawile|Mawile, L50, F|100/100
|turn|7
|inactive|Kuei0202 has 30 seconds left.
|
|t:|1785056325
|detailschange|p1a: Mawile|Mawile-Mega, L50, F
|-mega|p1a: Mawile|Mawile|Mawilite
|move|p1a: Mawile|Sucker Punch|p2b: Torkoal
|-damage|p2b: Torkoal|63/100
|move|p1b: Archaludon|Electro Shot||[still]
|-prepare|p1b: Archaludon|Electro Shot
|-boost|p1b: Archaludon|spa|1
|-anim|p1b: Archaludon|Electro Shot|p2b: Torkoal
|-damage|p2b: Torkoal|0 fnt
|faint|p2b: Torkoal
|move|p2a: Kangaskhan|Hammer Arm|p1b: Archaludon
|-supereffective|p1b: Archaludon|1
|-damage|p1b: Archaludon|66/100
|-unboost|p2a: Kangaskhan|spe|1
|-ability|p1b: Archaludon|Stamina|boost
|-boost|p1b: Archaludon|def|1
|-supereffective|p1b: Archaludon|1
|-damage|p1b: Archaludon|64/100
|-unboost|p2a: Kangaskhan|spe|1
|-ability|p1b: Archaludon|Stamina|boost
|-boost|p1b: Archaludon|def|1
|-hitcount|p1b: Archaludon|2
|
|-weather|RainDance|[upkeep]
|-heal|p1b: Archaludon|70/100|[from] item: Leftovers
|upkeep
|turn|8
|-message|Millymillyvanilli forfeited.
|raw|Kuei0202's rating: 1000 → 1040(+40 for winning)
|raw|Millymillyvanilli's rating: 1000 → 1000(+0 for losing)
|
|win|Kuei0202
|l|☆Millymillyvanilli
|player|p2|
