|j|☆sadnessvgc
|j|☆Adriatic Tides
|html|sadnessvgcAdriatic Tides    
|uhtml|bestof|Game 2 of a best-of-3
|t:|1786160786
|gametype|doubles
|player|p1|sadnessvgc|brock-gen1rb|1387
|player|p2|Adriatic Tides|leon|1273
|gen|9
|tier|[Gen 9 Champions] VGC 2026 Reg M-B (Bo3)
|rated|
|rule|Species Clause: Limit one of each Pokémon
|rule|Item Clause: Limit 1 of each item
|clearpoke
|poke|p1|Staraptor, L50, F, shiny|
|poke|p1|Raichu, L50, M, shiny|
|poke|p1|Arcanine-Hisui, L50, M, shiny|
|poke|p1|Kingambit, L50, F, shiny|
|poke|p1|Sylveon, L50, M, shiny|
|poke|p1|Farigiraf, L50, M, shiny|
|poke|p2|Tyranitar, L50, M|
|poke|p2|Excadrill, L50, F|
|poke|p2|Delphox, L50, F|
|poke|p2|Sinistcha, L50|
|poke|p2|Rotom-Wash, L50|
|poke|p2|Incineroar, L50, F|
|teampreview|4
|showteam|p1|Staraptor||Staraptite|Intimidate|BraveBird,CloseCombat,Tailwind,Protect|Jolly||F|||50|]Raichu||RaichuniteY|LightningRod|ZapCannon,FocusBlast,FakeOut,Protect|Timid||M|||50|]Arcanine-Hisui||FocusSash|RockHead|FlareBlitz,HeadSmash,ExtremeSpeed,Protect|Jolly||M|||50|]Kingambit||LifeOrb|Defiant|KowtowCleave,SuckerPunch,SwordsDance,Protect|Adamant||F|||50|]Sylveon||FairyFeather|Pixilate|HyperVoice,HyperBeam,QuickAttack,Detect|Modest||M|||50|]Farigiraf||SitrusBerry|ArmorTail|Psychic,HelpingHand,TrickRoom,Protect|Calm||M|||50|
|showteam|p2|Tyranitar||Tyranitarite|SandStream|KnockOff,RockSlide,Protect,LowKick|Adamant||M|||50|]Excadrill||FocusSash|SandRush|Protect,Earthquake,IronHead,RockSlide|Jolly||F|||50|]Delphox||Delphoxite|Blaze|NastyPlot,HeatWave,Psyshock,Protect|Timid||F|||50|]Sinistcha||ColburBerry|Hospitality|TrickRoom,MatchaGotcha,Protect,RagePowder|Bold|||||50|]Rotom-Wash||Leftovers|Levitate|Electroweb,HydroPump,Protect,Thunderbolt|Timid|||||50|]Incineroar||SitrusBerry|Intimidate|FakeOut,FlareBlitz,PartingShot,ThroatChop|Careful||F|||50|
|inactive|Battle timer is ON: inactive players will automatically lose when time's up. (requested by sadnessvgc)
|
|t:|1786160807
|teamsize|p1|4
|teamsize|p2|4
|start
|switch|p1a: Staraptor|Staraptor, L50, F, shiny|100/100
|switch|p1b: Kingambit|Kingambit, L50, F, shiny|100/100
|switch|p2a: Delphox|Delphox, L50, F|100/100
|switch|p2b: Sinistcha|Sinistcha, L50|100/100
|-ability|p1a: Staraptor|Intimidate|boost
|-unboost|p2a: Delphox|atk|1
|-unboost|p2b: Sinistcha|atk|1
|turn|1
|inactive|sadnessvgc has 30 seconds left.
|
|t:|1786160842
|detailschange|p2a: Delphox|Delphox-Mega, L50, F
|-mega|p2a: Delphox|Delphox|Delphoxite
|detailschange|p1a: Staraptor|Staraptor-Mega, L50, F, shiny
|-mega|p1a: Staraptor|Staraptor|Staraptite
|move|p2b: Sinistcha|Rage Powder|p2b: Sinistcha
|-singleturn|p2b: Sinistcha|move: Rage Powder
|move|p2a: Delphox|Psyshock|p1a: Staraptor
|-supereffective|p1a: Staraptor|1
|-damage|p1a: Staraptor|19/100
|move|p1a: Staraptor|Brave Bird|p2b: Sinistcha
|-supereffective|p2b: Sinistcha|1
|-damage|p2b: Sinistcha|15/100
|-damage|p1a: Staraptor|0 fnt|[from] Recoil
|faint|p1a: Staraptor
|move|p1b: Kingambit|Swords Dance|p1b: Kingambit
|-boost|p1b: Kingambit|atk|2
|
|upkeep
|
|t:|1786160857
|switch|p1a: Arcanine|Arcanine-Hisui, L50, M, shiny|100/100
|turn|2
|
|t:|1786160869
|move|p1b: Kingambit|Protect|p1b: Kingambit
|-singleturn|p1b: Kingambit|Protect
|move|p2b: Sinistcha|Rage Powder|p2b: Sinistcha
|-singleturn|p2b: Sinistcha|move: Rage Powder
|move|p2a: Delphox|Heat Wave|p1a: Arcanine|[spread] p1a
|-activate|p1b: Kingambit|move: Protect
|-resisted|p1a: Arcanine|2
|-damage|p1a: Arcanine|86/100
|move|p1a: Arcanine|Head Smash|p2b: Sinistcha|[miss]
|-miss|p1a: Arcanine|p2b: Sinistcha
|
|upkeep
|turn|3
|
|t:|1786160885
|move|p2b: Sinistcha|Rage Powder|p2b: Sinistcha
|-singleturn|p2b: Sinistcha|move: Rage Powder
|move|p2a: Delphox|Heat Wave|p1b: Kingambit|[spread] p1a,p1b
|-resisted|p1a: Arcanine|2
|-supereffective|p1b: Kingambit|1
|-damage|p1a: Arcanine|73/100
|-damage|p1b: Kingambit|16/100
|move|p1a: Arcanine|Flare Blitz|p2b: Sinistcha
|-supereffective|p2b: Sinistcha|1
|-damage|p2b: Sinistcha|0 fnt
|faint|p2b: Sinistcha
|move|p1b: Kingambit|Kowtow Cleave|p2a: Delphox
|-supereffective|p2a: Delphox|1
|-damage|p2a: Delphox|0 fnt
|faint|p2a: Delphox
|-damage|p1b: Kingambit|6/100|[from] item: Life Orb
|
|upkeep
|
|t:|1786160893
|switch|p2a: Incineroar|Incineroar, L50, F|100/100
|switch|p2b: Rotom|Rotom-Wash, L50|100/100
|-ability|p2a: Incineroar|Intimidate|boost
|-unboost|p1a: Arcanine|atk|1
|-unboost|p1b: Kingambit|atk|1
|-ability|p1b: Kingambit|Defiant|boost
|-boost|p1b: Kingambit|atk|2
|turn|4
|
|t:|1786160902
|move|p1a: Arcanine|Protect|p1a: Arcanine
|-singleturn|p1a: Arcanine|Protect
|move|p1b: Kingambit|Protect|p1b: Kingambit
|-singleturn|p1b: Kingambit|Protect
|move|p2a: Incineroar|Fake Out|p1a: Arcanine
|-activate|p1a: Arcanine|move: Protect
|move|p2b: Rotom|Hydro Pump|p1a: Arcanine
|-activate|p1a: Arcanine|move: Protect
|
|upkeep
|turn|5
|
|t:|1786160909
|move|p2b: Rotom|Protect|p2b: Rotom
|-singleturn|p2b: Rotom|Protect
|move|p1b: Kingambit|Sucker Punch||[still]
|-fail|p1b: Kingambit
|move|p1a: Arcanine|Head Smash|p2a: Incineroar
|-supereffective|p2a: Incineroar|1
|-damage|p2a: Incineroar|24/100
|-enditem|p2a: Incineroar|Sitrus Berry|[eat]
|-heal|p2a: Incineroar|49/100|[from] item: Sitrus Berry
|move|p2a: Incineroar|Flare Blitz|p1b: Kingambit
|-supereffective|p1b: Kingambit|1
|-damage|p1b: Kingambit|0 fnt
|faint|p1b: Kingambit
|-damage|p2a: Incineroar|47/100|[from] Recoil
|
|upkeep
|
|t:|1786160920
|switch|p1b: Raichu|Raichu, L50, M, shiny|100/100
|turn|6
|
|t:|1786160930
|move|p1b: Raichu|Fake Out|p2b: Rotom
|-damage|p2b: Rotom|90/100
|move|p1a: Arcanine|Head Smash|p2a: Incineroar|[miss]
|-miss|p1a: Arcanine|p2a: Incineroar
|cant|p2b: Rotom|flinch
|move|p2a: Incineroar|Throat Chop|p1b: Raichu
|-damage|p1b: Raichu|52/100
|-start|p1b: Raichu|Throat Chop|[silent]
|
|-heal|p2b: Rotom|96/100|[from] item: Leftovers
|upkeep
|turn|7
|
|t:|1786160940
|move|p1b: Raichu|Zap Cannon|p2b: Rotom|[miss]
|-miss|p1b: Raichu|p2b: Rotom
|move|p1a: Arcanine|Head Smash|p2a: Incineroar
|-supereffective|p2a: Incineroar|1
|-damage|p2a: Incineroar|0 fnt
|faint|p2a: Incineroar
|move|p2b: Rotom|Hydro Pump|p1a: Arcanine
|-supereffective|p1a: Arcanine|2
|-damage|p1a: Arcanine|0 fnt
|faint|p1a: Arcanine
|
|-heal|p2b: Rotom|100/100|[from] item: Leftovers
|-end|p1b: Raichu|Throat Chop|[silent]
|upkeep
|turn|8
|
|t:|1786160949
|move|p1b: Raichu|Zap Cannon|p2b: Rotom|[miss]
|-miss|p1b: Raichu|p2b: Rotom
|move|p2b: Rotom|Hydro Pump|p1b: Raichu|[miss]
|-miss|p2b: Rotom|p1b: Raichu
|
|upkeep
|turn|9
|
|t:|1786160954
|move|p1b: Raichu|Zap Cannon|p2b: Rotom|[miss]
|-miss|p1b: Raichu|p2b: Rotom
|move|p2b: Rotom|Hydro Pump|p1b: Raichu
|-damage|p1b: Raichu|0 fnt
|faint|p1b: Raichu
|
|win|Adriatic Tides
||sadnessvgc is ready for game 3.
||Adriatic Tides is ready for game 3.
|uhtml|next|Next: Game 3 of 3
|l|☆sadnessvgc
|player|p1|
