|j|☆lucky777n
|j|☆Moonlight Flutter
|html|lucky777nMoonlight Flutter    
|uhtml|bestof|Game 2 of a best-of-3
|t:|1784191137
|gametype|doubles
|player|p1|lucky777n|266|
|player|p2|Moonlight Flutter|miku-flying|
|gen|9
|tier|[Gen 9 Champions] VGC 2026 Reg M-B (Bo3)
|rule|Species Clause: Limit one of each Pokémon
|rule|Item Clause: Limit 1 of each item
|clearpoke
|poke|p1|Gengar, L50, F|
|poke|p1|Incineroar, L50, M|
|poke|p1|Snorlax, L50, F|
|poke|p1|Ninetales-Alola, L50, M|
|poke|p1|Kingambit, L50, F|
|poke|p1|Sneasler, L50, F|
|poke|p2|Venusaur, L50, M|
|poke|p2|Charizard, L50, M|
|poke|p2|Grimmsnarl, L50, M|
|poke|p2|Archaludon, L50, F|
|poke|p2|Basculegion, L50, M|
|poke|p2|Pelipper, L50, F|
|teampreview|4
|showteam|p1|Gengar||Gengarite|CursedBody|ShadowBall,Disable,PerishSong,Protect|Timid||F|||50|]Incineroar||SitrusBerry|Intimidate|FakeOut,FlareBlitz,PartingShot,Protect|Relaxed||M|||50|]Snorlax||Leftovers|ThickFat|Fissure,Encore,Yawn,Protect|Relaxed||F|||50|]Ninetales-Alola||NeverMeltIce|SnowWarning|Blizzard,FreezeDry,Encore,Protect|Timid||M|||50|]Kingambit||BlackGlasses|Defiant|SuckerPunch,KowtowCleave,SwordsDance,Protect|Adamant||F|||50|]Sneasler||WhiteHerb|Unburden|FakeOut,CloseCombat,GunkShot,Protect|Jolly||F|||50|
|showteam|p2|Venusaur||FocusSash|Chlorophyll|SludgeBomb,EarthPower,SleepPowder,Protect|Modest||M|||50|]Charizard||CharizarditeY|Blaze|Protect,HeatWave,SolarBeam,WeatherBall|Modest||M|||50|]Grimmsnarl||LightClay|Prankster|SpiritBreak,LightScreen,Reflect,PartingShot|Sassy||M|||50|]Archaludon||Leftovers|Stamina|ElectroShot,DragonPulse,FlashCannon,Protect|Calm||F|||50|]Basculegion||ChoiceScarf|Adaptability|WaveCrash,LastRespects,AquaJet,FlipTurn|Jolly||M|||50|]Pelipper||SitrusBerry|Drizzle|Hurricane,WeatherBall,Tailwind,WideGuard|Modest||F|||50|
|c|☆Moonlight Flutter|muốn thử mode rain tiếp hay đổi sang sun đây
|inactive|Battle timer is ON: inactive players will automatically lose when time's up. (requested by Moonlight Flutter)
|inactive|Moonlight Flutter has 60 seconds left.
|c|☆lucky777n|Sun a
|c|☆Moonlight Flutter|okay
|inactive|Moonlight Flutter has 30 seconds left.
|inactive|Moonlight Flutter has 20 seconds left.
|inactive|Moonlight Flutter has 15 seconds left.
|inactive|Moonlight Flutter has 10 seconds left.
|inactive|Moonlight Flutter has 5 seconds left.
|
|t:|1784191305
|teamsize|p1|4
|teamsize|p2|4
|start
|switch|p1a: Gengar|Gengar, L50, F|100/100
|switch|p1b: Snorlax|Snorlax, L50, F|100/100
|switch|p2a: Venusaur|Venusaur, L50, M|100/100
|switch|p2b: Basculegion|Basculegion, L50, M|100/100
|turn|1
|c|☆Moonlight Flutter|mang nhầm back rồi
|c|☆Moonlight Flutter|ko sao
|
|t:|1784191327
|detailschange|p1a: Gengar|Gengar-Mega, L50, F
|-mega|p1a: Gengar|Gengar|Gengarite
|move|p1a: Gengar|Protect|p1a: Gengar
|-singleturn|p1a: Gengar|Protect
|move|p2b: Basculegion|Wave Crash|p1b: Snorlax
|-damage|p1b: Snorlax|53/100
|-damage|p2b: Basculegion|80/100|[from] Recoil
|move|p2a: Venusaur|Sleep Powder|p1b: Snorlax|[miss]
|-miss|p2a: Venusaur|p1b: Snorlax
|move|p1b: Snorlax|Yawn|p2a: Venusaur
|-start|p2a: Venusaur|move: Yawn|[of] p1b: Snorlax
|
|-heal|p1b: Snorlax|60/100|[from] item: Leftovers
|upkeep
|turn|2
|inactive|lucky777n has 30 seconds left.
|inactive|lucky777n has 20 seconds left.
|inactive|lucky777n has 15 seconds left.
|inactive|lucky777n has 10 seconds left.
|
|t:|1784191377
|move|p2b: Basculegion|Wave Crash|p1a: Gengar
|-damage|p1a: Gengar|20/100r
|-damage|p2b: Basculegion|57/100|[from] Recoil
|move|p1a: Gengar|Disable|p2a: Venusaur
|-start|p2a: Venusaur|Disable|Sleep Powder
|move|p2a: Venusaur|Earth Power|p1a: Gengar
|-supereffective|p1a: Gengar|1
|-damage|p1a: Gengar|0 fnt
|faint|p1a: Gengar
|move|p1b: Snorlax|Yawn|p2b: Basculegion
|-start|p2b: Basculegion|move: Yawn|[of] p1b: Snorlax
|
|-heal|p1b: Snorlax|66/100|[from] item: Leftovers
|-end|p2a: Venusaur|move: Yawn|[silent]
|-status|p2a: Venusaur|slp
|upkeep
|
|t:|1784191399
|switch|p1a: Kingambit|Kingambit, L50, F|100/100
|turn|3
|
|t:|1784191409
|switch|p2b: Archaludon|Archaludon, L50, F|100/100
|cant|p2a: Venusaur|slp
|move|p1a: Kingambit|Kowtow Cleave|p2b: Archaludon
|-damage|p2b: Archaludon|56/100
|-ability|p2b: Archaludon|Stamina|boost
|-boost|p2b: Archaludon|def|1
|move|p1b: Snorlax|Fissure|p2a: Venusaur|[miss]
|-miss|p1b: Snorlax|p2a: Venusaur
|
|-heal|p2b: Archaludon|62/100|[from] item: Leftovers
|-heal|p1b: Snorlax|72/100|[from] item: Leftovers
|upkeep
|turn|4
|inactive|lucky777n has 30 seconds left.
|
|t:|1784191439
|move|p2b: Archaludon|Protect|p2b: Archaludon
|-singleturn|p2b: Archaludon|Protect
|cant|p2a: Venusaur|slp
|move|p1a: Kingambit|Kowtow Cleave|p2b: Archaludon
|-activate|p2b: Archaludon|move: Protect
|move|p1b: Snorlax|Fissure|p2b: Archaludon
|-activate|p2b: Archaludon|move: Protect
|
|-heal|p2b: Archaludon|69/100|[from] item: Leftovers
|-heal|p1b: Snorlax|78/100|[from] item: Leftovers
|upkeep
|turn|5
|
|t:|1784191454
|-curestatus|p2a: Venusaur|slp|[msg]
|move|p2a: Venusaur|Earth Power|p1a: Kingambit
|-supereffective|p1a: Kingambit|1
|-damage|p1a: Kingambit|40/100
|move|p2b: Archaludon|Electro Shot||[still]
|-prepare|p2b: Archaludon|Electro Shot
|-boost|p2b: Archaludon|spa|1
|move|p1a: Kingambit|Kowtow Cleave|p2b: Archaludon
|-damage|p2b: Archaludon|41/100
|-ability|p2b: Archaludon|Stamina|boost
|-boost|p2b: Archaludon|def|1
|move|p1b: Snorlax|Fissure|p2b: Archaludon|[miss]
|-miss|p1b: Snorlax|p2b: Archaludon
|
|-heal|p2b: Archaludon|47/100|[from] item: Leftovers
|-heal|p1b: Snorlax|85/100|[from] item: Leftovers
|-end|p2a: Venusaur|Disable
|upkeep
|turn|6
|inactive|lucky777n has 30 seconds left.
|
|t:|1784191479
|move|p2a: Venusaur|Sleep Powder|p1b: Snorlax|[miss]
|-miss|p2a: Venusaur|p1b: Snorlax
|move|p2b: Archaludon|Electro Shot|p1a: Kingambit|[from] lockedmove
|-damage|p1a: Kingambit|0 fnt
|faint|p1a: Kingambit
|move|p1b: Snorlax|Fissure|p2b: Archaludon|[miss]
|-miss|p1b: Snorlax|p2b: Archaludon
|
|-heal|p2b: Archaludon|53/100|[from] item: Leftovers
|-heal|p1b: Snorlax|91/100|[from] item: Leftovers
|upkeep
|
|t:|1784191482
|switch|p1a: Ninetales|Ninetales-Alola, L50, M|100/100
|-weather|Snowscape|[from] ability: Snow Warning|[of] p1a: Ninetales
|turn|7
|
|t:|1784191489
|move|p1a: Ninetales|Blizzard|p2b: Archaludon|[spread] p2a,p2b
|-supereffective|p2a: Venusaur|1
|-damage|p2a: Venusaur|22/100
|-damage|p2b: Archaludon|25/100
|-ability|p2b: Archaludon|Stamina|boost
|-boost|p2b: Archaludon|def|1
|move|p2a: Venusaur|Sleep Powder|p1b: Snorlax
|-status|p1b: Snorlax|slp|[from] move: Sleep Powder
|move|p2b: Archaludon|Flash Cannon|p1a: Ninetales
|-supereffective|p1a: Ninetales|2
|-damage|p1a: Ninetales|0 fnt
|faint|p1a: Ninetales
|cant|p1b: Snorlax|slp
|
|-weather|Snowscape|[upkeep]
|-heal|p2b: Archaludon|31/100|[from] item: Leftovers
|-heal|p1b: Snorlax|97/100 slp|[from] item: Leftovers
|upkeep
|turn|8
|inactive|lucky777n has 30 seconds left.
|inactive|lucky777n has 20 seconds left.
|
|t:|1784191526
|move|p2a: Venusaur|Sludge Bomb|p1b: Snorlax
|-damage|p1b: Snorlax|74/100 slp
|move|p2b: Archaludon|Dragon Pulse|p1b: Snorlax
|-damage|p1b: Snorlax|41/100 slp
|cant|p1b: Snorlax|slp
|
|-weather|Snowscape|[upkeep]
|-heal|p2b: Archaludon|38/100|[from] item: Leftovers
|-heal|p1b: Snorlax|47/100 slp|[from] item: Leftovers
|upkeep
|turn|9
|inactive|Moonlight Flutter has 30 seconds left.
|inactive|Moonlight Flutter has 20 seconds left.
|inactive|Moonlight Flutter has 15 seconds left.
|inactive|Moonlight Flutter has 10 seconds left.
|inactive|Moonlight Flutter has 5 seconds left.
|
|t:|1784191581
|move|p2a: Venusaur|Sludge Bomb|p1b: Snorlax
|-damage|p1b: Snorlax|21/100 slp
|move|p2b: Archaludon|Electro Shot||[still]
|-prepare|p2b: Archaludon|Electro Shot
|-boost|p2b: Archaludon|spa|1
|-curestatus|p1b: Snorlax|slp|[msg]
|move|p1b: Snorlax|Fissure|p2b: Archaludon|[miss]
|-miss|p1b: Snorlax|p2b: Archaludon
|
|-weather|Snowscape|[upkeep]
|-heal|p2b: Archaludon|44/100|[from] item: Leftovers
|-heal|p1b: Snorlax|28/100|[from] item: Leftovers
|upkeep
|turn|10
|inactive|lucky777n has 30 seconds left.
|
|t:|1784191612
|move|p2a: Venusaur|Sludge Bomb|p1b: Snorlax
|-damage|p1b: Snorlax|3/100
|move|p2b: Archaludon|Electro Shot|p1b: Snorlax|[from] lockedmove
|-damage|p1b: Snorlax|0 fnt
|faint|p1b: Snorlax
|
|win|Moonlight Flutter
||Moonlight Flutter is ready for game 3.
||lucky777n is ready for game 3.
|uhtml|next|Next: Game 3 of 3
