|j|☆Advertisementish
|j|☆bruGno
|html|AdvertisementishbruGno    
|uhtml|bestof|Game 3 of a best-of-3
|t:|1786118402
|gametype|doubles
|player|p1|Advertisementish|ghetsis|1248
|player|p2|bruGno|ash-kalos|1402
|gen|9
|tier|[Gen 9 Champions] VGC 2026 Reg M-B (Bo3)
|rated|
|rule|Species Clause: Limit one of each Pokémon
|rule|Item Clause: Limit 1 of each item
|clearpoke
|poke|p1|Glimmora, L50, M|
|poke|p1|Maushold, L50|
|poke|p1|Annihilape, L50, F|
|poke|p1|Ninetales-Alola, L50, M|
|poke|p1|Primarina, L50, F|
|poke|p1|Hydreigon, L50, F|
|poke|p2|Venusaur, L50, M|
|poke|p2|Charizard, L50, M|
|poke|p2|Grimmsnarl, L50, M|
|poke|p2|Archaludon, L50, F|
|poke|p2|Pelipper, L50, F|
|poke|p2|Swampert, L50, M|
|teampreview|4
|showteam|p1|Glimmora||Glimmoranite|ToxicDebris|PowerGem,SludgeBomb,EarthPower,SpikyShield|Modest||M|||50|]Maushold||ChopleBerry|FriendGuard|BeatUp,FollowMe,Protect,Feint|Bold|||||50|]Annihilape||Leftovers|Defiant|RageFist,DrainPunch,BulkUp,Protect|Adamant||F|||50|]Ninetales-Alola||NeverMeltIce|SnowWarning|Blizzard,FreezeDry,AuroraVeil,Protect|Timid||M|||50|]Primarina||LifeOrb|LiquidVoice|HyperVoice,DazzlingGleam,Moonblast,Protect|Modest||F|||50|]Hydreigon||FocusSash|Levitate|DarkPulse,DracoMeteor,Tailwind,Protect|Timid||F|||50|
|showteam|p2|Venusaur||FocusSash|Chlorophyll|SludgeBomb,EarthPower,SleepPowder,Protect|Modest||M|||50|]Charizard||CharizarditeY|Blaze|Protect,HeatWave,SolarBeam,WeatherBall|Modest||M|||50|]Grimmsnarl||LightClay|Prankster|SpiritBreak,LightScreen,Reflect,PartingShot|Sassy||M|||50|]Archaludon||Leftovers|Stamina|ElectroShot,DragonPulse,FlashCannon,Protect|Calm||F|||50|]Pelipper||SitrusBerry|Drizzle|Hurricane,WeatherBall,Tailwind,WideGuard|Modest||F|||50|]Swampert||Swampertite|Torrent|WaveCrash,Earthquake,IcePunch,Protect|Adamant||M|||50|
|inactive|Battle timer is ON: inactive players will automatically lose when time's up. (requested by Advertisementish)
|
|t:|1786118430
|teamsize|p1|4
|teamsize|p2|4
|start
|switch|p1a: Maushold|Maushold, L50|100/100
|switch|p1b: Annihilape|Annihilape, L50, F|100/100
|switch|p2a: Venusaur|Venusaur, L50, M|100/100
|switch|p2b: Charizard|Charizard, L50, M|100/100
|turn|1
|
|t:|1786118438
|detailschange|p2b: Charizard|Charizard-Mega-Y, L50, M
|-mega|p2b: Charizard|Charizard|Charizardite Y
|-weather|SunnyDay|[from] ability: Drought|[of] p2b: Charizard
|move|p1a: Maushold|Follow Me|p1a: Maushold
|-singleturn|p1a: Maushold|move: Follow Me
|move|p2a: Venusaur|Sleep Powder|p1a: Maushold
|-status|p1a: Maushold|slp|[from] move: Sleep Powder
|move|p2b: Charizard|Heat Wave|p1b: Annihilape|[spread] p1a
|-miss|p2b: Charizard|p1b: Annihilape
|-damage|p1a: Maushold|30/100 slp
|move|p1b: Annihilape|Rage Fist|p2a: Venusaur
|-damage|p2a: Venusaur|72/100
|
|-weather|SunnyDay|[upkeep]
|upkeep
|turn|2
|
|t:|1786118459
|move|p1b: Annihilape|Protect|p1b: Annihilape
|-singleturn|p1b: Annihilape|Protect
|cant|p1a: Maushold|slp
|move|p2a: Venusaur|Sleep Powder|p1b: Annihilape
|-activate|p1b: Annihilape|move: Protect
|move|p2b: Charizard|Weather Ball|p1b: Annihilape
|-activate|p1b: Annihilape|move: Protect
|
|-weather|SunnyDay|[upkeep]
|upkeep
|turn|3
|
|t:|1786118467
|cant|p1a: Maushold|slp
|move|p2a: Venusaur|Sleep Powder|p1b: Annihilape|[miss]
|-miss|p2a: Venusaur|p1b: Annihilape
|move|p2b: Charizard|Weather Ball|p1b: Annihilape
|-damage|p1b: Annihilape|47/100
|move|p1b: Annihilape|Rage Fist|p2a: Venusaur
|-damage|p2a: Venusaur|15/100
|
|-weather|SunnyDay|[upkeep]
|-heal|p1b: Annihilape|53/100|[from] item: Leftovers
|upkeep
|turn|4
|inactive|bruGno has 30 seconds left.
|
|t:|1786118494
|switch|p2a: Grimmsnarl|Grimmsnarl, L50, M|100/100
|-curestatus|p1a: Maushold|slp|[msg]
|move|p1a: Maushold|Protect|p1a: Maushold
|-singleturn|p1a: Maushold|Protect
|move|p1b: Annihilape|Protect|p1b: Annihilape
|-singleturn|p1b: Annihilape|Protect
|move|p2b: Charizard|Heat Wave|p1b: Annihilape|[spread] 
|-activate|p1a: Maushold|move: Protect
|-activate|p1b: Annihilape|move: Protect
|
|-weather|SunnyDay|[upkeep]
|-heal|p1b: Annihilape|59/100|[from] item: Leftovers
|upkeep
|turn|5
|
|t:|1786118513
|move|p2b: Charizard|Heat Wave|p1a: Maushold|[spread] p1a
|-miss|p2b: Charizard|p1b: Annihilape
|-damage|p1a: Maushold|0 fnt
|faint|p1a: Maushold
|move|p1b: Annihilape|Rage Fist|p2b: Charizard
|-damage|p2b: Charizard|54/100
|move|p2a: Grimmsnarl|Spirit Break|p1b: Annihilape
|-supereffective|p1b: Annihilape|1
|-damage|p1b: Annihilape|1/100
|-unboost|p1b: Annihilape|spa|1
|-ability|p1b: Annihilape|Defiant|boost
|-boost|p1b: Annihilape|atk|2
|
|-weather|none
|-heal|p1b: Annihilape|7/100|[from] item: Leftovers
|upkeep
|
|t:|1786118522
|switch|p1a: Hydreigon|Hydreigon, L50, F|100/100
|turn|6
|c|☆bruGno|bruh
|c|☆bruGno|how unlucky can I be
|inactive|bruGno has 30 seconds left.
|
|t:|1786118547
|switch|p2b: Pelipper|Pelipper, L50, F|100/100
|-weather|RainDance|[from] ability: Drizzle|[of] p2b: Pelipper
|move|p1a: Hydreigon|Tailwind|p1a: Hydreigon
|-sidestart|p1: Advertisementish|move: Tailwind
|move|p1b: Annihilape|Drain Punch|p2a: Grimmsnarl
|-damage|p2a: Grimmsnarl|33/100
|-heal|p1b: Annihilape|39/100|[from] drain|[of] p2a: Grimmsnarl
|move|p2a: Grimmsnarl|Spirit Break|p1a: Hydreigon
|-supereffective|p1a: Hydreigon|2
|-enditem|p1a: Hydreigon|Focus Sash
|-damage|p1a: Hydreigon|1/100
|-unboost|p1a: Hydreigon|spa|1
|
|-weather|RainDance|[upkeep]
|-heal|p1b: Annihilape|46/100|[from] item: Leftovers
|upkeep
|turn|7
|inactive|bruGno has 30 seconds left.
|inactive|Advertisementish has 30 seconds left.
|
|t:|1786118579
|switch|p1a: Ninetales|Ninetales-Alola, L50, M|100/100
|-weather|Snowscape|[from] ability: Snow Warning|[of] p1a: Ninetales
|move|p1b: Annihilape|Rage Fist|p2b: Pelipper
|-damage|p2b: Pelipper|0 fnt
|faint|p2b: Pelipper
|move|p2a: Grimmsnarl|Spirit Break|p1b: Annihilape
|-supereffective|p1b: Annihilape|1
|-damage|p1b: Annihilape|0 fnt
|faint|p1b: Annihilape
|
|-weather|Snowscape|[upkeep]
|upkeep
|
|t:|1786118592
|switch|p1b: Hydreigon|Hydreigon, L50, F|1/100
|switch|p2b: Charizard|Charizard-Mega-Y, L50, M|54/100
|-weather|SunnyDay|[from] ability: Drought|[of] p2b: Charizard
|turn|8
|
|t:|1786118609
|move|p2a: Grimmsnarl|Light Screen|p2a: Grimmsnarl
|-sidestart|p2: bruGno|move: Light Screen
|move|p1a: Ninetales|Blizzard|p2b: Charizard|[spread] p2a,p2b
|-damage|p2a: Grimmsnarl|15/100
|-damage|p2b: Charizard|33/100
|move|p1b: Hydreigon|Draco Meteor|p2b: Charizard
|-damage|p2b: Charizard|0 fnt
|-unboost|p1b: Hydreigon|spa|2
|faint|p2b: Charizard
|
|-weather|SunnyDay|[upkeep]
|upkeep
|c|☆bruGno|u dont miss a single blizzard instead
|
|t:|1786118627
|switch|p2b: Venusaur|Venusaur, L50, M|15/100
|turn|9
|
|t:|1786118646
|move|p1a: Ninetales|Blizzard|p2a: Grimmsnarl|[spread] p2a,p2b
|-supereffective|p2b: Venusaur|1
|-damage|p2a: Grimmsnarl|0 fnt
|-damage|p2b: Venusaur|0 fnt
|faint|p2a: Grimmsnarl
|faint|p2b: Venusaur
|
|win|Advertisementish
|raw|Advertisementish's rating: 1248 → 1283(+35 for winning)
|raw|bruGno's rating: 1402 → 1374(-28 for losing)
|l|☆Advertisementish
|player|p1|
