|j|☆SRareFox
|j|‽edo ghira
|html|SRareFoxedo ghira    
|uhtml|bestof|Game 2 of a best-of-3
|t:|1757167811
|gametype|doubles
|player|p1|SRareFox|169|1284
|player|p2|edo ghira|lance|1280
|gen|9
|tier|[Gen 9] VGC 2025 Reg H (Bo3)
|rated|
|rule|Species Clause: Limit one of each Pokémon
|rule|Item Clause: Limit 1 of each item
|clearpoke
|poke|p1|Hatterene, L50, F|
|poke|p1|Indeedee-F, L50, F|
|poke|p1|Gallade, L50, M|
|poke|p1|Ursaluna, L50, M|
|poke|p1|Torkoal, L50, M|
|poke|p1|Porygon2, L50|
|poke|p2|Dragapult, L50, M|
|poke|p2|Weezing-Galar, L50, M|
|poke|p2|Incineroar, L50, F|
|poke|p2|Palafin, L50, F|
|poke|p2|Toedscruel, L50, M|
|poke|p2|Flamigo, L50, F|
|teampreview|4
|showteam|p1|Hatterene||LifeOrb|MagicBounce|ExpandingForce,DazzlingGleam,TrickRoom,MysticalFire|||F|||50|,,,,,Fire]Indeedee-F||SafetyGoggles|PsychicSurge|Psychic,FollowMe,TrickRoom,HelpingHand|||F|||50|,,,,,Water]Gallade||ClearAmulet|Sharpness|PsychoCut,SacredSword,TrickRoom,WideGuard|||M|||50|,,,,,Grass]Ursaluna||FlameOrb|Guts|Facade,HeadlongRush,Earthquake,Protect|||M|||50|,,,,,Ghost]Torkoal||Charcoal|Drought|Eruption,WeatherBall,ClearSmog,Protect|||M|||50|,,,,,Fire]Porygon2||Eviolite|Download|IceBeam,TeraBlast,TrickRoom,Recover||||||50|,,,,,Flying
|showteam|p2|Dragapult||ChoiceSpecs|ClearBody|DracoMeteor,ShadowBall,Flamethrower,TeraBlast|||M|||50|,,,,,Fairy]Weezing-Galar||SitrusBerry|NeutralizingGas|SludgeBomb,Taunt,WillOWisp,Protect|||M|||50|,,,,,Grass]Incineroar||AbilityShield|Intimidate|FlareBlitz,FakeOut,KnockOff,PartingShot|||F|||50|,,,,,Ghost]Palafin||MysticWater|ZerotoHero|FlipTurn,JetPunch,WaveCrash,Protect|||F|||50|,,,,,Water]Toedscruel||CovertCloak|MyceliumMight|Spore,RagePowder,EarthPower,Protect|||M|||50|,,,,,Water]Flamigo||FocusSash|Scrappy|CloseCombat,BraveBird,Tailwind,Detect|||F|||50|,,,,,Stellar
|inactive|Battle timer is ON: inactive players will automatically lose when time's up. (requested by SRareFox)
|
|t:|1757167829
|teamsize|p1|4
|teamsize|p2|4
|start
|switch|p1a: Indeedee|Indeedee-F, L50, F|100/100
|switch|p1b: Gallade|Gallade, L50, M|100/100
|switch|p2a: Weezing|Weezing-Galar, L50, M|100/100
|switch|p2b: Incineroar|Incineroar, L50, F|100/100
|-ability|p2a: Weezing|Neutralizing Gas
|-block|p2b: Incineroar|item: Ability Shield
|-ability|p2b: Incineroar|Intimidate|boost
|-unboost|p1a: Indeedee|atk|1
|-fail|p1b: Gallade|unboost|[from] item: Clear Amulet|[of] p1b: Gallade
|turn|1
|inactive|edo ghira has 30 seconds left.
|
|t:|1757167859
|move|p2b: Incineroar|Fake Out|p1b: Gallade
|-damage|p1b: Gallade|84/100
|move|p2a: Weezing|Taunt|p1a: Indeedee
|-start|p1a: Indeedee|move: Taunt
|move|p1a: Indeedee|Psychic|p2a: Weezing
|-supereffective|p2a: Weezing
|-damage|p2a: Weezing|38/100
|-enditem|p2a: Weezing|Sitrus Berry|[eat]
|-heal|p2a: Weezing|63/100|[from] item: Sitrus Berry
|cant|p1b: Gallade|flinch
|
|upkeep
|turn|2
|inactive|SRareFox has 30 seconds left.
|inactive|SRareFox has 20 seconds left.
|inactive|SRareFox has 15 seconds left.
|inactive|SRareFox has 10 seconds left.
|inactive|edo ghira has 30 seconds left.
|inactive|SRareFox has 5 seconds left.
|
|t:|1757167912
|-terastallize|p2a: Weezing|Grass
|move|p2a: Weezing|Sludge Bomb|p1b: Gallade
|-damage|p1b: Gallade|59/100
|move|p2b: Incineroar|Flare Blitz|p1b: Gallade
|-damage|p1b: Gallade|0 fnt
|faint|p1b: Gallade
|-damage|p2b: Incineroar|84/100|[from] Recoil
|move|p1a: Indeedee|Psychic|p2a: Weezing
|-damage|p2a: Weezing|34/100
|
|upkeep
|
|t:|1757167922
|switch|p1b: Porygon2|Porygon2, L50|100/100
|turn|3
|
|t:|1757167934
|switch|p1a: Hatterene|Hatterene, L50, F|100/100
|-terastallize|p1b: Porygon2|Flying
|move|p2a: Weezing|Taunt|p1b: Porygon2
|-start|p1b: Porygon2|move: Taunt
|move|p2b: Incineroar|Knock Off|p1a: Hatterene
|-damage|p1a: Hatterene|58/100
|-enditem|p1a: Hatterene|Life Orb|[from] move: Knock Off|[of] p2b: Incineroar
|move|p1b: Porygon2|Tera Blast|p2a: Weezing|[anim] Tera Blast Flying
|-supereffective|p2a: Weezing
|-damage|p2a: Weezing|0 fnt
|faint|p2a: Weezing
|-end|p2a: Weezing|ability: Neutralizing Gas
|-ability|p1b: Porygon2|Download|boost
|-boost|p1b: Porygon2|spa|1
|
|upkeep
|
|t:|1757167958
|switch|p2a: Flamigo|Flamigo, L50, F|100/100
|turn|4
|
|t:|1757167978
|switch|p1a: Indeedee|Indeedee-F, L50, F|100/100
|-fieldstart|move: Psychic Terrain|[from] ability: Psychic Surge|[of] p1a: Indeedee
|move|p2a: Flamigo|Brave Bird|p1a: Indeedee
|-crit|p1a: Indeedee
|-damage|p1a: Indeedee|14/100
|-damage|p2a: Flamigo|69/100|[from] Recoil
|move|p2b: Incineroar|Parting Shot|p1b: Porygon2
|-unboost|p1b: Porygon2|atk|1
|-unboost|p1b: Porygon2|spa|1
|
|t:|1757167987
|switch|p2b: Dragapult|Dragapult, L50, M|100/100|[from] Parting Shot
|move|p1b: Porygon2|Tera Blast|p2a: Flamigo|[anim] Tera Blast Flying
|-supereffective|p2a: Flamigo
|-damage|p2a: Flamigo|0 fnt
|faint|p2a: Flamigo
|
|upkeep
|
|t:|1757167993
|switch|p2a: Incineroar|Incineroar, L50, F|84/100
|-ability|p2a: Incineroar|Intimidate|boost
|-unboost|p1a: Indeedee|atk|1
|-unboost|p1b: Porygon2|atk|1
|turn|5
|inactive|SRareFox has 30 seconds left.
|
|t:|1757168023
|switch|p1b: Hatterene|Hatterene, L50, F|58/100
|move|p1a: Indeedee|Follow Me|p1a: Indeedee
|-singleturn|p1a: Indeedee|move: Follow Me
|move|p2b: Dragapult|Shadow Ball|p1a: Indeedee
|-immune|p1a: Indeedee
|move|p2a: Incineroar|Knock Off|p1a: Indeedee
|-supereffective|p1a: Indeedee
|-damage|p1a: Indeedee|0 fnt
|-enditem|p1a: Indeedee|Safety Goggles|[from] move: Knock Off|[of] p2a: Incineroar
|faint|p1a: Indeedee
|
|upkeep
|
|t:|1757168031
|switch|p1a: Porygon2|Porygon2, L50, tera:Flying|100/100
|-ability|p1a: Porygon2|Download|boost
|-boost|p1a: Porygon2|spa|1
|turn|6
|inactive|SRareFox has 30 seconds left.
|
|t:|1757168056
|move|p2b: Dragapult|Shadow Ball|p1b: Hatterene
|-supereffective|p1b: Hatterene
|-crit|p1b: Hatterene
|-damage|p1b: Hatterene|0 fnt
|faint|p1b: Hatterene
|move|p2a: Incineroar|Parting Shot|p1a: Porygon2
|-unboost|p1a: Porygon2|atk|1
|-unboost|p1a: Porygon2|spa|1
|move|p1a: Porygon2|Ice Beam|p2b: Dragapult
|-supereffective|p2b: Dragapult
|-damage|p2b: Dragapult|33/100
|-status|p2b: Dragapult|frz
|
|upkeep
|turn|7
|inactive|SRareFox has 30 seconds left.
|
|t:|1757168086
|cant|p2b: Dragapult|frz
|move|p2a: Incineroar|Knock Off|p1a: Porygon2
|-damage|p1a: Porygon2|75/100
|-enditem|p1a: Porygon2|Eviolite|[from] move: Knock Off|[of] p2a: Incineroar
|move|p1a: Porygon2|Ice Beam|p2b: Dragapult
|-supereffective|p2b: Dragapult
|-damage|p2b: Dragapult|0 fnt
|faint|p2b: Dragapult
|
|upkeep
|turn|8
|
|t:|1757168103
|move|p2a: Incineroar|Flare Blitz|p1a: Porygon2
|-damage|p1a: Porygon2|30/100
|-damage|p2a: Incineroar|69/100|[from] Recoil
|move|p1a: Porygon2|Trick Room|p1a: Porygon2
|-fieldstart|move: Trick Room|[of] p1a: Porygon2
|
|-fieldend|move: Psychic Terrain
|upkeep
|turn|9
|
|t:|1757168110
|move|p1a: Porygon2|Recover|p1a: Porygon2
|-heal|p1a: Porygon2|80/100
|move|p2a: Incineroar|Flare Blitz|p1a: Porygon2
|-damage|p1a: Porygon2|39/100
|-damage|p2a: Incineroar|56/100|[from] Recoil
|
|upkeep
|turn|10
|
|t:|1757168117
|move|p1a: Porygon2|Recover|p1a: Porygon2
|-heal|p1a: Porygon2|89/100
|move|p2a: Incineroar|Flare Blitz|p1a: Porygon2
|-damage|p1a: Porygon2|45/100
|-damage|p2a: Incineroar|43/100|[from] Recoil
|
|upkeep
|turn|11
|
|t:|1757168124
|move|p1a: Porygon2|Recover|p1a: Porygon2
|-heal|p1a: Porygon2|95/100
|move|p2a: Incineroar|Flare Blitz|p1a: Porygon2
|-damage|p1a: Porygon2|49/100
|-damage|p2a: Incineroar|28/100|[from] Recoil
|
|upkeep
|turn|12
|
|t:|1757168144
|move|p1a: Porygon2|Tera Blast|p2a: Incineroar|[anim] Tera Blast Flying
|-damage|p2a: Incineroar|0 fnt
|faint|p2a: Incineroar
|
|win|SRareFox
|raw|SRareFox's rating: 1284 → 1309(+25 for winning)
|raw|edo ghira's rating: 1280 → 1255(-25 for losing)
