|j|â˜†snailboss
|j|â˜†LemonLimeScizor
|html|snailbossLemonLimeScizor    
|uhtml|bestof|Game 1 of a best-of-3
|t:|1756516601
|gametype|doubles
|player|p1|snailboss|102|1151
|player|p2|LemonLimeScizor|drayden|1000
|gen|9
|tier|[Gen 9] VGC 2025 Reg H (Bo3)
|rated|
|rule|Species Clause: Limit one of each PokÃ©mon
|rule|Item Clause: Limit 1 of each item
|clearpoke
|poke|p1|Tyranitar, L50, F|
|poke|p1|Excadrill, L50, F|
|poke|p1|Indeedee-F, L50, F|
|poke|p1|Zoroark-Hisui, L50, F|
|poke|p1|Corviknight, L50, F|
|poke|p1|Amoonguss, L50, F|
|poke|p2|Serperior, L50, M|
|poke|p2|Incineroar, L50, F|
|poke|p2|Primarina, L50, M|
|poke|p2|Archaludon, L50, F|
|poke|p2|Murkrow, L50, M|
|poke|p2|Sneasler, L50, F|
|teampreview|4
|showteam|p1|Tyranitar||AssaultVest|SandStream|RockSlide,KnockOff,LowKick,TeraBlast|||F|||50|,,,,,Flying]Excadrill||FocusSash|SandRush|IronHead,Protect,SwordsDance,Earthquake|||F|||50|,,,,,Ground]Indeedee-F||SafetyGoggles|PsychicSurge|TrickRoom,FollowMe,Psychic,HelpingHand|||F|||50|,,,,,Fairy]Zoroark-Hisui||ChoiceSpecs|Illusion|HyperVoice,ShadowBall,HyperBeam,Flamethrower|||F|||50|,,,,,Normal]Corviknight||PsychicSeed|MirrorArmor|BraveBird,PowerTrip,BulkUp,Roost|||F|||50|,,,,,Dragon]Amoonguss||SitrusBerry|Regenerator|Spore,Protect,RagePowder,ClearSmog|||F|||50|,,,,,Grass
|showteam|p2|Serperior||LifeOrb|Contrary|LeafStorm,Protect,TeraBlast,Glare|||M|||50|,,,,,Stellar]Incineroar||SafetyGoggles|Intimidate|FakeOut,KnockOff,PartingShot,FlareBlitz|||F|||50|,,,,,Grass]Primarina||ThroatSpray|LiquidVoice|HyperVoice,Moonblast,Protect,IcyWind|||M|||50|,,,,,Steel]Archaludon||AssaultVest|Stamina|ElectroShot,FlashCannon,DracoMeteor,BodyPress|||F|||50|,,,,,Grass]Murkrow||Eviolite|Prankster|Tailwind,FoulPlay,Haze,RainDance|||M|||50|,,,,,Dark]Sneasler||WhiteHerb|Unburden|CloseCombat,DireClaw,Protect,ThroatChop|||F|||50|,,,,,Fairy
|
|t:|1756516630
|teamsize|p1|4
|teamsize|p2|4
|start
|switch|p1a: Amoonguss|Amoonguss, L50, F|100/100
|switch|p1b: Excadrill|Excadrill, L50, F|100/100
|switch|p2a: Murkrow|Murkrow, L50, M|100/100
|switch|p2b: Archaludon|Archaludon, L50, F|100/100
|turn|1
|
|t:|1756516647
|-terastallize|p2b: Archaludon|Grass
|move|p2a: Murkrow|Rain Dance|p2a: Murkrow
|-weather|RainDance
|move|p1b: Excadrill|Hyper Beam|p2a: Murkrow
|-damage|p2a: Murkrow|0 fnt
|-mustrecharge|p1b: Excadrill
|faint|p2a: Murkrow
|move|p2b: Archaludon|Electro Shot||[still]
|-prepare|p2b: Archaludon|Electro Shot
|-boost|p2b: Archaludon|spa|1
|-anim|p2b: Archaludon|Electro Shot|p1a: Amoonguss
|-resisted|p1a: Amoonguss
|-damage|p1a: Amoonguss|71/100
|move|p1a: Amoonguss|Spore|p2b: Archaludon
|-immune|p2b: Archaludon
|
|-weather|RainDance|[upkeep]
|upkeep
|
|t:|1756516660
|switch|p2a: Serperior|Serperior, L50, M|100/100
|turn|2
|
|t:|1756516688
|move|p1a: Amoonguss|Rage Powder|p1a: Amoonguss
|-singleturn|p1a: Amoonguss|move: Rage Powder
|move|p2a: Serperior|Leaf Storm|p1b: Excadrill
|-damage|p1b: Excadrill|0 fnt
|-boost|p2a: Serperior|spa|2
|replace|p1b: Zoroark|Zoroark-Hisui, L50, F
|-end|p1b: Zoroark|Illusion
|faint|p1b: Zoroark
|-damage|p2a: Serperior|91/100|[from] item: Life Orb
|move|p2b: Archaludon|Electro Shot||[still]
|-prepare|p2b: Archaludon|Electro Shot
|-boost|p2b: Archaludon|spa|1
|-anim|p2b: Archaludon|Electro Shot|p1a: Amoonguss
|-resisted|p1a: Amoonguss
|-damage|p1a: Amoonguss|33/100
|-enditem|p1a: Amoonguss|Sitrus Berry|[eat]
|-heal|p1a: Amoonguss|58/100|[from] item: Sitrus Berry
|
|-weather|RainDance|[upkeep]
|upkeep
|
|t:|1756516710
|switch|p1b: Tyranitar|Tyranitar, L50, F|100/100
|-weather|Sandstorm|[from] ability: Sand Stream|[of] p1b: Tyranitar
|turn|3
|
|t:|1756516721
|-terastallize|p1b: Tyranitar|Flying
|move|p2a: Serperior|Leaf Storm|p1b: Tyranitar
|-resisted|p1b: Tyranitar
|-damage|p1b: Tyranitar|55/100
|-boost|p2a: Serperior|spa|2
|-damage|p2a: Serperior|81/100|[from] item: Life Orb
|move|p2b: Archaludon|Flash Cannon|p1b: Tyranitar
|-damage|p1b: Tyranitar|0 fnt
|faint|p1b: Tyranitar
|move|p1a: Amoonguss|Clear Smog|p2b: Archaludon
|-supereffective|p2b: Archaludon
|-damage|p2b: Archaludon|70/100
|-clearboost|p2b: Archaludon
|-ability|p2b: Archaludon|Stamina|boost
|-boost|p2b: Archaludon|def|1
|
|-weather|Sandstorm|[upkeep]
|-damage|p2a: Serperior|75/100|[from] Sandstorm
|-damage|p2b: Archaludon|64/100|[from] Sandstorm
|-damage|p1a: Amoonguss|52/100|[from] Sandstorm
|upkeep
|
|t:|1756516731
|switch|p1b: Excadrill|Excadrill, L50, F|100/100
|turn|4
|
|t:|1756516755
|move|p2a: Serperior|Protect|p2a: Serperior
|-singleturn|p2a: Serperior|Protect
|move|p1b: Excadrill|Iron Head|p2a: Serperior
|-activate|p2a: Serperior|move: Protect
|move|p2b: Archaludon|Body Press|p1b: Excadrill
|-supereffective|p1b: Excadrill
|-damage|p1b: Excadrill|2/100
|move|p1a: Amoonguss|Clear Smog|p2a: Serperior
|-activate|p2a: Serperior|move: Protect
|
|-weather|Sandstorm|[upkeep]
|-damage|p2a: Serperior|69/100|[from] Sandstorm
|-damage|p2b: Archaludon|58/100|[from] Sandstorm
|-damage|p1a: Amoonguss|46/100|[from] Sandstorm
|upkeep
|turn|5
|-message|snailboss forfeited.
|
|win|LemonLimeScizor
