|j|☆Bobbo1
|j|☆LeonardPlayz
|html|Bobbo1LeonardPlayz    
|uhtml|bestof|Game 3 of a best-of-3
|t:|1783422931
|gametype|doubles
|player|p1|Bobbo1|ghetsis|1078
|player|p2|LeonardPlayz|hilbert-wonderlauncher|1118
|gen|9
|tier|[Gen 9 Champions] VGC 2026 Reg M-B (Bo3)
|rated|
|rule|Species Clause: Limit one of each Pokémon
|rule|Item Clause: Limit 1 of each item
|clearpoke
|poke|p1|Gyarados, L50, M|
|poke|p1|Metagross, L50|
|poke|p1|Blaziken, L50, M|
|poke|p1|Sinistcha, L50|
|poke|p1|Sneasler, L50, F|
|poke|p1|Sylveon, L50, M|
|poke|p2|Metagross, L50|
|poke|p2|Aerodactyl, L50, M|
|poke|p2|Mamoswine, L50, F|
|poke|p2|Grimmsnarl, L50, M|
|poke|p2|Sinistcha, L50|
|poke|p2|Toxicroak, L50, M|
|teampreview|4
|showteam|p1|Gyarados||Gyaradosite|Intimidate|Protect,Waterfall,Crunch,DragonDance|Adamant||M|||50|]Metagross||Metagrossite|ClearBody|Protect,PsychicFangs,IronHead,StompingTantrum|Adamant|||||50|]Blaziken||FocusSash|SpeedBoost|Protect,HeatWave,AuraSphere,Coaching|Timid||M|||50|]Sinistcha||SitrusBerry|Hospitality|Protect,MatchaGotcha,LifeDew,RagePowder|Bold|||||50|]Sneasler||WhiteHerb|Unburden|CloseCombat,DireClaw,Coaching,FakeOut|Jolly||F|||50|]Sylveon||FairyFeather|Pixilate|Protect,HyperVoice,Yawn,QuickAttack|Modest||M|||50|
|showteam|p2|Metagross||Metagrossite|ClearBody|PsychicFangs,IronHead,RockSlide,Protect|Naughty|||||50|]Aerodactyl||Aerodactylite|RockHead|Tailwind,RockSlide,DualWingbeat,Protect|Jolly||M|||50|]Mamoswine||LifeOrb|Oblivious|IceShard,HighHorsepower,RockSlide,Protect|Adamant||F|||50|]Grimmsnarl||LightClay|Prankster|FoulPlay,PartingShot,Reflect,LightScreen|Impish||M|||50|]Sinistcha||SitrusBerry|Hospitality|RagePowder,MatchaGotcha,TrickRoom,Protect|Modest|||||50|]Toxicroak||WhiteHerb|DrySkin|FakeOut,CloseCombat,PoisonJab,Feint|Adamant||M|||50|
|inactive|Battle timer is ON: inactive players will automatically lose when time's up. (requested by LeonardPlayz)
|c|☆LeonardPlayz|gg for last match
|inactive|Bobbo1 has 60 seconds left.
|inactive|LeonardPlayz has 60 seconds left.
|
|t:|1783422967
|teamsize|p1|4
|teamsize|p2|4
|start
|switch|p1a: Metagross|Metagross, L50|100/100
|switch|p1b: Blaziken|Blaziken, L50, M|100/100
|switch|p2a: Aerodactyl|Aerodactyl, L50, M|100/100
|switch|p2b: Mamoswine|Mamoswine, L50, F|100/100
|turn|1
|
|t:|1783422991
|switch|p1b: Gyarados|Gyarados, L50, M|100/100
|-ability|p1b: Gyarados|Intimidate|boost
|-unboost|p2a: Aerodactyl|atk|1
|-fail|p2b: Mamoswine|unboost|Attack|[from] ability: Oblivious|[of] p2b: Mamoswine
|detailschange|p2a: Aerodactyl|Aerodactyl-Mega, L50, M
|-mega|p2a: Aerodactyl|Aerodactyl|Aerodactylite
|detailschange|p1a: Metagross|Metagross-Mega, L50
|-mega|p1a: Metagross|Metagross|Metagrossite
|move|p2a: Aerodactyl|Tailwind|p2a: Aerodactyl
|-sidestart|p2: LeonardPlayz|move: Tailwind
|move|p2b: Mamoswine|High Horsepower|p1a: Metagross
|-supereffective|p1a: Metagross|1
|-damage|p1a: Metagross|1/100
|-damage|p2b: Mamoswine|90/100|[from] item: Life Orb
|move|p1a: Metagross|Iron Head|p2b: Mamoswine
|-supereffective|p2b: Mamoswine|1
|-damage|p2b: Mamoswine|0 fnt
|faint|p2b: Mamoswine
|
|upkeep
|
|t:|1783423008
|switch|p2b: Hot To Go|Sinistcha, L50|100/100
|turn|2
|
|t:|1783423023
|switch|p1b: Sinistcha|Sinistcha, L50|100/100
|-heal|p1a: Metagross|26/100|[from] ability: Hospitality|[of] p1b: Sinistcha
|move|p2b: Hot To Go|Rage Powder|p2b: Hot To Go
|-singleturn|p2b: Hot To Go|move: Rage Powder
|move|p2a: Aerodactyl|Rock Slide|p1b: Sinistcha|[spread] p1a,p1b
|-resisted|p1a: Metagross|1
|-damage|p1a: Metagross|18/100
|-damage|p1b: Sinistcha|83/100
|cant|p1a: Metagross|flinch
|
|upkeep
|turn|3
|
|t:|1783423035
|move|p1a: Metagross|Protect|p1a: Metagross
|-singleturn|p1a: Metagross|Protect
|move|p2a: Aerodactyl|Rock Slide|p1b: Sinistcha|[spread] p1b
|-activate|p1a: Metagross|move: Protect
|-damage|p1b: Sinistcha|66/100
|move|p2b: Hot To Go|Matcha Gotcha|p1b: Sinistcha|[spread] p1b
|-activate|p1a: Metagross|move: Protect
|-resisted|p1b: Sinistcha|1
|-damage|p1b: Sinistcha|52/100
|move|p1b: Sinistcha|Life Dew|p1b: Sinistcha|[spread] p1a,p1b
|-heal|p1a: Metagross|43/100
|-heal|p1b: Sinistcha|78/100
|
|upkeep
|turn|4
|inactive|Bobbo1 has 30 seconds left.
|
|t:|1783423065
|switch|p1b: Gyarados|Gyarados, L50, M|100/100
|-ability|p1b: Gyarados|Intimidate|boost
|-unboost|p2a: Aerodactyl|atk|1
|-unboost|p2b: Hot To Go|atk|1
|move|p2a: Aerodactyl|Protect|p2a: Aerodactyl
|-singleturn|p2a: Aerodactyl|Protect
|move|p1a: Metagross|Iron Head|p2a: Aerodactyl
|-activate|p2a: Aerodactyl|move: Protect
|move|p2b: Hot To Go|Trick Room|p2b: Hot To Go
|-fieldstart|move: Trick Room|[of] p2b: Hot To Go
|
|-sideend|p2: LeonardPlayz|move: Tailwind
|upkeep
|turn|5
|
|t:|1783423079
|switch|p1b: Sinistcha|Sinistcha, L50|78/100
|-heal|p1a: Metagross|68/100|[from] ability: Hospitality|[of] p1b: Sinistcha
|switch|p2a: Grimmsnarl|Grimmsnarl, L50, M|100/100
|move|p2b: Hot To Go|Matcha Gotcha|p1a: Metagross|[spread] p1a,p1b
|-resisted|p1a: Metagross|1
|-resisted|p1b: Sinistcha|1
|-damage|p1a: Metagross|55/100
|-damage|p1b: Sinistcha|62/100
|-status|p1a: Metagross|brn
|-status|p1b: Sinistcha|brn
|move|p1a: Metagross|Iron Head|p2a: Grimmsnarl
|-supereffective|p2a: Grimmsnarl|1
|-damage|p2a: Grimmsnarl|40/100
|
|-damage|p1b: Sinistcha|56/100 brn|[from] brn
|-damage|p1a: Metagross|49/100 brn|[from] brn
|upkeep
|turn|6
|
|t:|1783423101
|switch|p1a: Blaziken|Blaziken, L50, M|100/100
|move|p2b: Hot To Go|Rage Powder|p2b: Hot To Go
|-singleturn|p2b: Hot To Go|move: Rage Powder
|move|p2a: Grimmsnarl|Foul Play|p1a: Blaziken
|-resisted|p1a: Blaziken|1
|-damage|p1a: Blaziken|71/100
|move|p1b: Sinistcha|Matcha Gotcha|p2b: Hot To Go|[spread] p2a
|-miss|p1b: Sinistcha|p2b: Hot To Go
|-damage|p2a: Grimmsnarl|16/100
|-heal|p1b: Sinistcha|70/100 brn|[from] drain|[of] p2a: Grimmsnarl
|
|-damage|p1b: Sinistcha|64/100 brn|[from] brn
|upkeep
|turn|7
|
|t:|1783423115
|move|p2a: Grimmsnarl|Foul Play|p1b: Sinistcha
|-supereffective|p1b: Sinistcha|1
|-damage|p1b: Sinistcha|32/100 brn
|-enditem|p1b: Sinistcha|Sitrus Berry|[eat]
|-heal|p1b: Sinistcha|57/100 brn|[from] item: Sitrus Berry
|move|p2b: Hot To Go|Matcha Gotcha|p1a: Blaziken|[spread] p1a,p1b
|-resisted|p1a: Blaziken|1
|-resisted|p1b: Sinistcha|1
|-damage|p1a: Blaziken|50/100g
|-damage|p1b: Sinistcha|43/100 brn
|move|p1b: Sinistcha|Life Dew|p1b: Sinistcha|[spread] p1a,p1b
|-heal|p1a: Blaziken|75/100
|-heal|p1b: Sinistcha|69/100 brn
|move|p1a: Blaziken|Heat Wave|p2a: Grimmsnarl|[spread] p2a,p2b
|-supereffective|p2b: Hot To Go|1
|-damage|p2a: Grimmsnarl|0 fnt
|-damage|p2b: Hot To Go|27/100
|-enditem|p2b: Hot To Go|Sitrus Berry|[eat]
|-heal|p2b: Hot To Go|52/100|[from] item: Sitrus Berry
|faint|p2a: Grimmsnarl
|
|-damage|p1b: Sinistcha|62/100 brn|[from] brn
|-ability|p1a: Blaziken|Speed Boost|boost
|-boost|p1a: Blaziken|spe|1
|upkeep
|
|t:|1783423129
|switch|p2a: Aerodactyl|Aerodactyl-Mega, L50, M|100/100
|turn|8
|
|t:|1783423141
|move|p2b: Hot To Go|Protect|p2b: Hot To Go
|-singleturn|p2b: Hot To Go|Protect
|move|p1b: Sinistcha|Matcha Gotcha|p2b: Hot To Go|[spread] p2a
|-activate|p2b: Hot To Go|move: Protect
|-damage|p2a: Aerodactyl|68/100
|-heal|p1b: Sinistcha|76/100 brn|[from] drain|[of] p2a: Aerodactyl
|move|p1a: Blaziken|Heat Wave|p2a: Aerodactyl|[spread] p2a
|-activate|p2b: Hot To Go|move: Protect
|-resisted|p2a: Aerodactyl|1
|-damage|p2a: Aerodactyl|50/100g
|move|p2a: Aerodactyl|Tailwind|p2a: Aerodactyl
|-sidestart|p2: LeonardPlayz|move: Tailwind
|
|-damage|p1b: Sinistcha|70/100 brn|[from] brn
|-fieldend|move: Trick Room
|-ability|p1a: Blaziken|Speed Boost|boost
|-boost|p1a: Blaziken|spe|1
|upkeep
|turn|9
|
|t:|1783423164
|switch|p1a: Metagross|Metagross-Mega, L50|49/100 brn
|move|p2a: Aerodactyl|Dual Wingbeat|p1b: Sinistcha
|-supereffective|p1b: Sinistcha|1
|-damage|p1b: Sinistcha|29/100 brn
|-supereffective|p1b: Sinistcha|1
|-damage|p1b: Sinistcha|0 fnt
|faint|p1b: Sinistcha
|-hitcount|p1: Sinistcha|2
|move|p2b: Hot To Go|Matcha Gotcha|p1a: Metagross
|-resisted|p1a: Metagross|1
|-damage|p1a: Metagross|34/100 brn
|-heal|p2b: Hot To Go|61/100|[from] drain|[of] p1a: Metagross
|
|-damage|p1a: Metagross|28/100 brn|[from] brn
|upkeep
|
|t:|1783423169
|switch|p1b: Gyarados|Gyarados, L50, M|100/100
|-ability|p1b: Gyarados|Intimidate|boost
|-unboost|p2a: Aerodactyl|atk|1
|-unboost|p2b: Hot To Go|atk|1
|turn|10
|
|t:|1783423176
|move|p2a: Aerodactyl|Rock Slide|p1b: Gyarados|[spread] p1a,p1b
|-resisted|p1a: Metagross|1
|-supereffective|p1b: Gyarados|1
|-damage|p1a: Metagross|20/100y brn
|-damage|p1b: Gyarados|55/100
|move|p2b: Hot To Go|Matcha Gotcha|p1b: Gyarados|[spread] p1a,p1b
|-resisted|p1a: Metagross|1
|-damage|p1a: Metagross|9/100 brn
|-heal|p2b: Hot To Go|68/100|[from] drain|[of] p1a: Metagross
|-damage|p1b: Gyarados|29/100
|-heal|p2b: Hot To Go|83/100|[from] drain|[of] p1b: Gyarados
|move|p1a: Metagross|Iron Head|p2a: Aerodactyl
|-supereffective|p2a: Aerodactyl|1
|-damage|p2a: Aerodactyl|0 fnt
|faint|p2a: Aerodactyl
|move|p1b: Gyarados|Crunch|p2b: Hot To Go
|-supereffective|p2b: Hot To Go|1
|-damage|p2b: Hot To Go|38/100
|
|-damage|p1a: Metagross|3/100 brn|[from] brn
|upkeep
|turn|11
|c|☆Bobbo1|Gg
|c|☆Bobbo1|cool team
|inactive|Bobbo1 has 30 seconds left.
|
|t:|1783423204
|switch|p1a: Blaziken|Blaziken, L50, M|75/100
|move|p1b: Gyarados|Crunch|p2b: Hot To Go
|-supereffective|p2b: Hot To Go|1
|-damage|p2b: Hot To Go|0 fnt
|faint|p2b: Hot To Go
|
|win|Bobbo1
|raw|Bobbo1's rating: 1078 → 1110(+32 for winning)
|raw|LeonardPlayz's rating: 1118 → 1090(-28 for losing)
|c|☆LeonardPlayz|gg too
|c|☆LeonardPlayz|good match
|l|☆Bobbo1
|player|p1|
