|j|☆SunshineTufo
|j|☆sylv36
|html|SunshineTufosylv36    
|uhtml|bestof|Game 2 of a best-of-3
|t:|1785266937
|gametype|doubles
|player|p1|SunshineTufo|li|1167
|player|p2|sylv36|170|1054
|gen|9
|tier|[Gen 9 Champions] VGC 2026 Reg M-B (Bo3)
|rated|
|rule|Species Clause: Limit one of each Pokémon
|rule|Item Clause: Limit 1 of each item
|clearpoke
|poke|p1|Grimmsnarl, L50, M|
|poke|p1|Pelipper, L50, M|
|poke|p1|Archaludon, L50, M|
|poke|p1|Tyranitar, L50, M|
|poke|p1|Excadrill, L50, M|
|poke|p1|Staraptor, L50, F|
|poke|p2|Sylveon, L50, M|
|poke|p2|Zoroark-Hisui, L50, F|
|poke|p2|Farigiraf, L50, F|
|poke|p2|Kingambit, L50, M|
|poke|p2|Blastoise, L50, F|
|poke|p2|Tsareena, L50, F|
|teampreview|4
|showteam|p1|Grimmsnarl||LightClay|Prankster|SpiritBreak,Reflect,LightScreen,PartingShot|Sassy||M|||50|]Pelipper||SitrusBerry|Drizzle|Hurricane,WeatherBall,Tailwind,WideGuard|Modest||M|||50|]Archaludon||Leftovers|Stamina|Protect,ElectroShot,DragonPulse,FlashCannon|Calm||M|||50|]Tyranitar||Tyranitarite|SandStream|RockSlide,KnockOff,IcePunch,Protect|Adamant||M|||50|]Excadrill||FocusSash|SandRush|Earthquake,IronHead,RockSlide,Protect|Adamant||M|||50|]Staraptor||Staraptite|Intimidate|Protect,Roost,CloseCombat,BraveBird|Jolly||F|||50|
|showteam|p2|Sylveon||FairyFeather|Pixilate|Round,HyperVoice,Wish,Yawn|Quiet||M|||50|]Zoroark-Hisui||FocusSash|Illusion|Round,IcyWind,Taunt,BitterMalice|Timid||F|||50|]Farigiraf||SitrusBerry|ArmorTail|Wish,TrickRoom,HyperVoice,ShadowBall|Quiet||F|||50|]Kingambit||BlackGlasses|Defiant|KowtowCleave,SwordsDance,SuckerPunch,Protect|Brave||M|||50|]Blastoise||Blastoisinite|Torrent|WaterSpout,AuraSphere,FakeOut,ShellSmash|Modest||F|||50|]Tsareena||MuscleBand|QueenlyMajesty|Uturn,KnockOff,PetalBlizzard,TripleAxel|Adamant||F|||50|
|inactive|Battle timer is ON: inactive players will automatically lose when time's up. (requested by SunshineTufo)
|
|t:|1785266958
|teamsize|p1|4
|teamsize|p2|4
|start
|switch|p1a: Grimmsnarl|Grimmsnarl, L50, M|100/100
|switch|p1b: Staraptor|Staraptor, L50, F|100/100
|switch|p2a: Farigiraf|Farigiraf, L50, F|100/100
|switch|p2b: Sylveon|Sylveon, L50, M|100/100
|-ability|p1b: Staraptor|Intimidate|boost
|-unboost|p2a: Farigiraf|atk|1
|-unboost|p2b: Sylveon|atk|1
|turn|1
|
|t:|1785266978
|move|p1b: Staraptor|Protect|p1b: Staraptor
|-singleturn|p1b: Staraptor|Protect
|move|p1a: Grimmsnarl|Parting Shot|p2b: Sylveon
|-unboost|p2b: Sylveon|atk|1
|-unboost|p2b: Sylveon|spa|1
|
|t:|1785266984
|switch|p1a: Pelipper|Pelipper, L50, M|100/100|[from] Parting Shot
|-weather|RainDance|[from] ability: Drizzle|[of] p1a: Pelipper
|move|p2a: Farigiraf|Taunt|p1a: Pelipper
|-start|p1a: Pelipper|move: Taunt
|move|p2b: Sylveon|Hyper Voice|p1a: Pelipper|[spread] p1a
|-activate|p1b: Staraptor|move: Protect
|-damage|p1a: Pelipper|65/100
|
|-weather|RainDance|[upkeep]
|upkeep
|turn|2
|
|t:|1785267009
|move|p2a: Farigiraf|Round|p1a: Pelipper
|-damage|p1a: Pelipper|28/100
|-enditem|p1a: Pelipper|Sitrus Berry|[eat]
|-heal|p1a: Pelipper|53/100|[from] item: Sitrus Berry
|move|p2b: Sylveon|Round|p1b: Staraptor|[from] move: Round
|-damage|p1b: Staraptor|23/100
|move|p1b: Staraptor|Brave Bird|p2b: Sylveon
|-damage|p2b: Sylveon|41/100
|-damage|p1b: Staraptor|3/100|[from] Recoil
|move|p1a: Pelipper|Weather Ball|p2b: Sylveon
|-damage|p2b: Sylveon|1/100
|
|-weather|RainDance|[upkeep]
|upkeep
|turn|3
|inactive|sylv36 has 30 seconds left.
|
|t:|1785267036
|switch|p1b: Grimmsnarl|Grimmsnarl, L50, M|100/100
|switch|p1a: Archaludon|Archaludon, L50, M|100/100
|move|p2a: Farigiraf|Round|p1b: Grimmsnarl
|-damage|p1b: Grimmsnarl|73/100
|move|p2b: Sylveon|Round|p1a: Archaludon|[from] move: Round
|-damage|p1a: Archaludon|51/100
|-ability|p1a: Archaludon|Stamina|boost
|-boost|p1a: Archaludon|def|1
|
|-weather|RainDance|[upkeep]
|-heal|p1a: Archaludon|57/100|[from] item: Leftovers
|upkeep
|turn|4
|inactive|sylv36 has 30 seconds left.
|
|t:|1785267068
|move|p1a: Archaludon|Protect|p1a: Archaludon
|-singleturn|p1a: Archaludon|Protect
|move|p2a: Farigiraf|Round|p1a: Archaludon
|-activate|p1a: Archaludon|move: Protect
|move|p2b: Sylveon|Round|p1a: Archaludon|[from] move: Round
|-activate|p1a: Archaludon|move: Protect
|move|p1b: Grimmsnarl|Spirit Break|p2b: Sylveon
|-damage|p2b: Sylveon|0 fnt
|faint|p2b: Sylveon
|
|-weather|RainDance|[upkeep]
|-heal|p1a: Archaludon|64/100|[from] item: Leftovers
|upkeep
|
|t:|1785267074
|switch|p2b: Farigiraf|Farigiraf, L50, F|100/100
|turn|5
|
|t:|1785267087
|move|p1b: Grimmsnarl|Light Screen|p1b: Grimmsnarl
|-sidestart|p1: SunshineTufo|move: Light Screen
|move|p2a: Farigiraf|Bitter Malice|p1b: Grimmsnarl
|-resisted|p1b: Grimmsnarl|1
|-damage|p1b: Grimmsnarl|61/100
|-unboost|p1b: Grimmsnarl|atk|1
|move|p1a: Archaludon|Electro Shot||[still]
|-prepare|p1a: Archaludon|Electro Shot
|-boost|p1a: Archaludon|spa|1
|-anim|p1a: Archaludon|Electro Shot|p2b: Farigiraf
|-damage|p2b: Farigiraf|44/100
|-enditem|p2b: Farigiraf|Sitrus Berry|[eat]
|-heal|p2b: Farigiraf|69/100|[from] item: Sitrus Berry
|move|p2b: Farigiraf|Trick Room|p2b: Farigiraf
|-fieldstart|move: Trick Room|[of] p2b: Farigiraf
|
|-weather|none
|-heal|p1a: Archaludon|70/100|[from] item: Leftovers
|upkeep
|turn|6
|inactive|sylv36 has 30 seconds left.
|
|t:|1785267114
|switch|p1b: Pelipper|Pelipper, L50, M|53/100
|-weather|RainDance|[from] ability: Drizzle|[of] p1b: Pelipper
|move|p2b: Farigiraf|Wish|p2b: Farigiraf
|move|p1a: Archaludon|Electro Shot||[still]
|-prepare|p1a: Archaludon|Electro Shot
|-boost|p1a: Archaludon|spa|1
|-anim|p1a: Archaludon|Electro Shot|p2a: Farigiraf
|-enditem|p2a: Farigiraf|Focus Sash
|-damage|p2a: Farigiraf|1/100
|replace|p2a: Zoroark|Zoroark-Hisui, L50, F
|-end|p2a: Zoroark|Illusion
|move|p2a: Zoroark|Bitter Malice|p1a: Archaludon
|-damage|p1a: Archaludon|47/100
|-unboost|p1a: Archaludon|atk|1
|-ability|p1a: Archaludon|Stamina|boost
|-boost|p1a: Archaludon|def|1
|
|-weather|RainDance|[upkeep]
|-heal|p1a: Archaludon|53/100|[from] item: Leftovers
|upkeep
|turn|7
|inactive|sylv36 has 30 seconds left.
|inactive|sylv36 has 20 seconds left.
|inactive|sylv36 has 15 seconds left.
|inactive|sylv36 has 10 seconds left.
|
|t:|1785267160
|move|p2b: Farigiraf|Shadow Ball|p1a: Archaludon
|-damage|p1a: Archaludon|37/100
|-ability|p1a: Archaludon|Stamina|boost
|-boost|p1a: Archaludon|def|1
|move|p1b: Pelipper|Weather Ball|p2a: Zoroark
|-damage|p2a: Zoroark|0 fnt
|faint|p2a: Zoroark
|move|p1a: Archaludon|Electro Shot||[still]
|-prepare|p1a: Archaludon|Electro Shot
|-boost|p1a: Archaludon|spa|1
|-anim|p1a: Archaludon|Electro Shot|p2b: Farigiraf
|-damage|p2b: Farigiraf|0 fnt
|faint|p2b: Farigiraf
|
|-weather|RainDance|[upkeep]
|-heal|p1a: Archaludon|43/100|[from] item: Leftovers
|upkeep
|
|t:|1785267169
|switch|p2b: Blastoise|Blastoise, L50, F|100/100
|turn|8
|
|t:|1785267175
|detailschange|p2b: Blastoise|Blastoise-Mega, L50, F
|-mega|p2b: Blastoise|Blastoise|Blastoisinite
|move|p1b: Pelipper|Hurricane|p2b: Blastoise
|-damage|p2b: Blastoise|65/100
|move|p2b: Blastoise|Water Spout|p1b: Pelipper|[spread] p1a,p1b
|-resisted|p1a: Archaludon|1
|-resisted|p1b: Pelipper|1
|-damage|p1a: Archaludon|23/100
|-damage|p1b: Pelipper|28/100
|-ability|p1a: Archaludon|Stamina|boost
|-boost|p1a: Archaludon|def|1
|move|p1a: Archaludon|Electro Shot||[still]
|-prepare|p1a: Archaludon|Electro Shot
|-boost|p1a: Archaludon|spa|1
|-anim|p1a: Archaludon|Electro Shot|p2b: Blastoise
|-supereffective|p2b: Blastoise|1
|-damage|p2b: Blastoise|0 fnt
|faint|p2b: Blastoise
|
|win|SunshineTufo
|raw|SunshineTufo's rating: 1198 → 1213(+15 for winning)
|raw|sylv36's rating: 1054 → 1043(-11 for losing)
