|j|☆moicito
|j|☆koraidon goat
|html|moicitokoraidon goat    
|uhtml|bestof|Game 3 of a best-of-3
|t:|1756958256
|gametype|doubles
|player|p1|moicito|caitlin|1125
|player|p2|koraidon goat|drayden|1134
|gen|9
|tier|[Gen 9] VGC 2025 Reg H (Bo3)
|rated|
|rule|Species Clause: Limit one of each Pokémon
|rule|Item Clause: Limit 1 of each item
|clearpoke
|poke|p1|Kingambit, L50, F|
|poke|p1|Rillaboom, L50, F|
|poke|p1|Magmar, L50, F|
|poke|p1|Primarina, L50, F|
|poke|p1|Sneasler, L50, F|
|poke|p1|Dragapult, L50, F|
|poke|p2|Excadrill, L50, M|
|poke|p2|Tyranitar, L50, M|
|poke|p2|Kilowattrel, L50, F|
|poke|p2|Indeedee, L50, M|
|poke|p2|Sneasler, L50, F|
|poke|p2|Dragapult, L50, F|
|teampreview|4
|showteam|p1|Kingambit||BlackGlasses|Defiant|Protect,KowtowCleave,SuckerPunch,SwordsDance|||F|||50|,,,,,Ghost]Rillaboom||AssaultVest|GrassySurge|WoodHammer,GrassyGlide,HighHorsepower,FakeOut|||F|||50|,,,,,Fire]Magmar||Eviolite|VitalSpirit|Overheat,WillOWisp,FollowMe,Protect|||F|||50|,,,,,Ghost]Primarina||SitrusBerry|LiquidVoice|HyperVoice,Moonblast,Haze,Protect|||F|||50|,,,,,Water]Sneasler||FocusSash|PoisonTouch|CloseCombat,DireClaw,Coaching,FakeOut|||F|||50|,,,,,Stellar]Dragapult||ChoiceBand|ClearBody|DragonDarts,TeraBlast,PhantomForce,Uturn|||F|||50|,,,,,Steel
|showteam|p2|Excadrill||FocusSash|SandRush|Protect,IronHead,HighHorsepower,Earthquake|||M|||50|,,,,,Ground]Tyranitar||AssaultVest|SandStream|TeraBlast,RockSlide,KnockOff,LowKick|||M|||50|,,,,,Flying]Kilowattrel||CovertCloak|Competitive|Thunderbolt,AirSlash,Tailwind,Protect|||F|||50|,,,,,Water]Indeedee||ChoiceScarf|PsychicSurge|Trick,Protect,ExpandingForce,TeraBlast|||M|||50|,,,,,Psychic]Sneasler||PsychicSeed|Unburden|DireClaw,CloseCombat,Coaching,Protect|||F|||50|,,,,,Dark]Dragapult||ChoiceBand|ClearBody|DragonDarts,TeraBlast,PhantomForce,Uturn|||F|||50|,,,,,Ghost
|inactive|Battle timer is ON: inactive players will automatically lose when time's up. (requested by koraidon goat)
|j| teamthief420
|l| teamthief420
|inactive|moicito has 60 seconds left.
|
|t:|1756958309
|teamsize|p1|4
|teamsize|p2|4
|start
|switch|p1a: Snisli|Sneasler, L50, F|100/100
|switch|p1b: Dragapult|Dragapult, L50, F|100/100
|switch|p2a: Sneasler|Sneasler, L50, F, shiny|100/100
|switch|p2b: Tyranitar|Tyranitar, L50, M|100/100
|-weather|Sandstorm|[from] ability: Sand Stream|[of] p2b: Tyranitar
|turn|1
|inactive|moicito has 30 seconds left.
|inactive|koraidon goat has 30 seconds left.
|inactive|koraidon goat has 20 seconds left.
|
|t:|1756958347
|-terastallize|p2b: Tyranitar|Flying
|move|p1b: Dragapult|Dragon Darts|p2b: Tyranitar
|-damage|p2b: Tyranitar|69/100
|-anim|p1b: Dragapult|Dragon Darts|p2a: Sneasler
|-damage|p2a: Sneasler|34/100
|move|p1a: Snisli|Close Combat|p2b: Tyranitar
|-resisted|p2b: Tyranitar
|-damage|p2b: Tyranitar|44/100
|-unboost|p1a: Snisli|def|1
|-unboost|p1a: Snisli|spd|1
|move|p2a: Sneasler|Dire Claw|p1a: Snisli
|-resisted|p1a: Snisli
|-damage|p1a: Snisli|43/100
|move|p2b: Tyranitar|Knock Off|p1b: Dragapult
|-supereffective|p1b: Dragapult
|-damage|p1b: Dragapult|0 fnt
|-enditem|p1b: Dragapult|Choice Band|[from] move: Knock Off|[of] p2b: Tyranitar
|faint|p1b: Dragapult
|
|-weather|Sandstorm|[upkeep]
|-damage|p1a: Snisli|37/100|[from] Sandstorm
|-damage|p2a: Sneasler|29/100|[from] Sandstorm
|-damage|p2b: Tyranitar|38/100|[from] Sandstorm
|upkeep
|
|t:|1756958371
|switch|p1b: Kingii|Kingambit, L50, F, shiny|100/100
|turn|2
|inactive|moicito has 30 seconds left.
|inactive|koraidon goat has 30 seconds left.
|
|t:|1756958399
|switch|p2b: Indeedee|Indeedee, L50, M|100/100
|-fieldstart|move: Psychic Terrain|[from] ability: Psychic Surge|[of] p2b: Indeedee
|-enditem|p2a: Sneasler|Psychic Seed
|-boost|p2a: Sneasler|spd|1|[from] item: Psychic Seed
|move|p1b: Kingii|Protect|p1b: Kingii
|-singleturn|p1b: Kingii|Protect
|move|p2a: Sneasler|Dire Claw|p1a: Snisli
|-resisted|p1a: Snisli
|-damage|p1a: Snisli|0 fnt
|faint|p1a: Snisli
|
|-weather|Sandstorm|[upkeep]
|-damage|p2a: Sneasler|23/100|[from] Sandstorm
|-damage|p2b: Indeedee|95/100|[from] Sandstorm
|upkeep
|
|t:|1756958412
|switch|p1a: Rilli|Rillaboom, L50, F, shiny|100/100
|-fieldstart|move: Grassy Terrain|[from] ability: Grassy Surge|[of] p1a: Rilli
|turn|3
|inactive|moicito has 30 seconds left.
|inactive|moicito has 20 seconds left.
|inactive|moicito has 15 seconds left.
|inactive|moicito has 10 seconds left.
|
|t:|1756958461
|switch|p2b: Tyranitar|Tyranitar, L50, M, tera:Flying|38/100
|move|p2a: Sneasler|Protect|p2a: Sneasler
|-singleturn|p2a: Sneasler|Protect
|move|p1a: Rilli|Fake Out|p2a: Sneasler
|-activate|p2a: Sneasler|move: Protect
|move|p1b: Kingii|Kowtow Cleave|p2b: Tyranitar
|-damage|p2b: Tyranitar|0 fnt
|faint|p2b: Tyranitar
|
|-weather|Sandstorm|[upkeep]
|-damage|p2a: Sneasler|17/100|[from] Sandstorm
|-damage|p1a: Rilli|95/100|[from] Sandstorm
|-heal|p2a: Sneasler|23/100|[from] Grassy Terrain
|-heal|p1a: Rilli|100/100|[from] Grassy Terrain
|upkeep
|
|t:|1756958481
|switch|p2b: Indeedee|Indeedee, L50, M|95/100
|-fieldstart|move: Psychic Terrain|[from] ability: Psychic Surge|[of] p2b: Indeedee
|turn|4
|
|t:|1756958500
|move|p1b: Kingii|Protect|p1b: Kingii
|-singleturn|p1b: Kingii|Protect
|move|p2a: Sneasler|Close Combat|p1b: Kingii
|-activate|p1b: Kingii|move: Protect
|move|p2b: Indeedee|Expanding Force|p1a: Rilli|[spread] p1a
|-activate|p1b: Kingii|move: Protect
|-damage|p1a: Rilli|61/100
|move|p1a: Rilli|High Horsepower|p2a: Sneasler
|-supereffective|p2a: Sneasler
|-damage|p2a: Sneasler|0 fnt
|faint|p2a: Sneasler
|
|-weather|Sandstorm|[upkeep]
|-damage|p2b: Indeedee|89/100|[from] Sandstorm
|-damage|p1a: Rilli|55/100|[from] Sandstorm
|upkeep
|
|t:|1756958504
|switch|p2a: Dragapult|Dragapult, L50, F, shiny|100/100
|turn|5
|-message|koraidon goat forfeited.
|
|win|moicito
|raw|moicito's rating: 1125 → 1151(+26 for winning)
|raw|koraidon goat's rating: 1134 → 1108(-26 for losing)
|l|☆koraidon goat
|player|p2|
|c|☆moicito|ggs
