|j|☆b(R)2
|j|☆ray amyrand
|html|b(R)2ray amyrand    
|uhtml|bestof|Game 1 of a best-of-3
|t:|1756707001
|gametype|doubles
|player|p1|b(R)2|pryce|1084
|player|p2|ray amyrand|juggler|1098
|gen|9
|tier|[Gen 9] VGC 2025 Reg H (Bo3)
|rated|
|rule|Species Clause: Limit one of each Pokémon
|rule|Item Clause: Limit 1 of each item
|clearpoke
|poke|p1|Pelipper, L50, M|
|poke|p1|Basculegion, L50, M|
|poke|p1|Gholdengo, L50|
|poke|p1|Amoonguss, L50, F|
|poke|p1|Archaludon, L50, M|
|poke|p1|Incineroar, L50, M|
|poke|p2|Charizard, L50, M|
|poke|p2|Torkoal, L50, M|
|poke|p2|Porygon2, L50|
|poke|p2|Incineroar, L50, M|
|poke|p2|Jumpluff, L50, F|
|poke|p2|Ursaluna, L50, M|
|teampreview|4
|showteam|p1|Pelipper||FocusSash|Drizzle|WeatherBall,Hurricane,Tailwind,Protect|||M|||50|,,,,,Dark]Basculegion||ChoiceBand|SwiftSwim|LastRespects,WaveCrash,AquaJet,FlipTurn|||M|||50|,,,,,Water]Gholdengo||ChoiceSpecs|GoodasGold|MakeItRain,ShadowBall,FocusBlast,Trick||||||50|,,,,,Steel]Amoonguss||SitrusBerry|Regenerator|RagePowder,Spore,PollenPuff,ClearSmog|||F|||50|,,,,,Water]Archaludon||AssaultVest|Stamina|DracoMeteor,ElectroShot,FlashCannon,BodyPress|||M|||50|,,,,,Grass]Incineroar||SafetyGoggles|Intimidate|PartingShot,FlareBlitz,KnockOff,FakeOut|||M|||50|,,,,,Ghost
|showteam|p2|Charizard||ChoiceSpecs|SolarPower|HeatWave,Overheat,WeatherBall,AirSlash|||M|||50|,,,,,Ghost]Torkoal||EjectPack|Drought|Eruption,Overheat,HelpingHand,Protect|||M|||50|,,,,,Fire]Porygon2||Eviolite|Download|TeraBlast,IceBeam,Recover,TrickRoom||||||50|,,,,,Fighting]Incineroar||SitrusBerry|Intimidate|FlareBlitz,KnockOff,FakeOut,PartingShot|||M|||50|,,,,,Ghost]Jumpluff||CovertCloak|Chlorophyll|SleepPowder,SunnyDay,RagePowder,Tailwind|||F|||50|,,,,,Water]Ursaluna||FlameOrb|Guts|HeadlongRush,Facade,Earthquake,Protect|||M|||50|,,,,,Ghost
|inactive|Battle timer is ON: inactive players will automatically lose when time's up. (requested by ray amyrand)
|
|t:|1756707067
|teamsize|p1|4
|teamsize|p2|4
|start
|switch|p1a: Basculegion|Basculegion, L50, M|100/100
|switch|p1b: Amoonguss|Amoonguss, L50, F|100/100
|switch|p2a: Jumpluff|Jumpluff, L50, F|100/100
|switch|p2b: Ursaluna|Ursaluna, L50, M|100/100
|turn|1
|
|t:|1756707090
|move|p2b: Ursaluna|Protect|p2b: Ursaluna
|-singleturn|p2b: Ursaluna|Protect
|move|p2a: Jumpluff|Tailwind|p2a: Jumpluff
|-sidestart|p2: ray amyrand|move: Tailwind
|move|p1a: Basculegion|Flip Turn|p2a: Jumpluff
|-resisted|p2a: Jumpluff
|-damage|p2a: Jumpluff|69/100
|
|t:|1756707101
|switch|p1a: Incineroar|Incineroar, L50, M|100/100|[from] Flip Turn
|-ability|p1a: Incineroar|Intimidate|boost
|-unboost|p2a: Jumpluff|atk|1
|-unboost|p2b: Ursaluna|atk|1
|move|p1b: Amoonguss|Spore|p2b: Ursaluna
|-activate|p2b: Ursaluna|move: Protect
|
|-status|p2b: Ursaluna|brn|[from] item: Flame Orb
|upkeep
|turn|2
|inactive|ray amyrand has 30 seconds left.
|inactive|ray amyrand has 20 seconds left.
|inactive|ray amyrand has 15 seconds left.
|
|t:|1756707143
|switch|p2a: Torkoal|Torkoal, L50, M|100/100
|-weather|SunnyDay|[from] ability: Drought|[of] p2a: Torkoal
|move|p1a: Incineroar|Fake Out|p2b: Ursaluna
|-damage|p2b: Ursaluna|89/100 brn
|cant|p2b: Ursaluna|flinch
|move|p1b: Amoonguss|Spore|p2a: Torkoal
|-status|p2a: Torkoal|slp|[from] move: Spore
|
|-weather|SunnyDay|[upkeep]
|-damage|p2b: Ursaluna|83/100 brn|[from] brn
|upkeep
|turn|3
|inactive|b(R)2 has 30 seconds left.
|inactive|ray amyrand has 30 seconds left.
|inactive|b(R)2 has 20 seconds left.
|inactive|b(R)2 has 15 seconds left.
|inactive|ray amyrand has 20 seconds left.
|
|t:|1756707188
|switch|p2a: Jumpluff|Jumpluff, L50, F|69/100
|move|p2b: Ursaluna|Facade|p1b: Amoonguss
|-damage|p1b: Amoonguss|39/100
|-enditem|p1b: Amoonguss|Sitrus Berry|[eat]
|-heal|p1b: Amoonguss|64/100|[from] item: Sitrus Berry
|move|p1a: Incineroar|Flare Blitz|p2b: Ursaluna
|-damage|p2b: Ursaluna|14/100 brn
|-damage|p1a: Incineroar|75/100|[from] Recoil
|move|p1b: Amoonguss|Pollen Puff|p2b: Ursaluna
|-damage|p2b: Ursaluna|0 fnt
|faint|p2b: Ursaluna
|
|-weather|SunnyDay|[upkeep]
|upkeep
|
|t:|1756707196
|switch|p2b: Charizard|Charizard, L50, M|100/100
|turn|4
|
|t:|1756707213
|-terastallize|p2a: Jumpluff|Water
|move|p2a: Jumpluff|Sunny Day||[still]
|-fail|p2a: Jumpluff
|move|p2b: Charizard|Heat Wave|p1b: Amoonguss|[spread] p1b
|-miss|p2b: Charizard|p1a: Incineroar
|-supereffective|p1b: Amoonguss
|-damage|p1b: Amoonguss|0 fnt
|faint|p1b: Amoonguss
|move|p1a: Incineroar|Flare Blitz|p2a: Jumpluff
|-resisted|p2a: Jumpluff
|-damage|p2a: Jumpluff|15/100
|-damage|p1a: Incineroar|59/100|[from] Recoil
|
|-weather|SunnyDay|[upkeep]
|-damage|p2b: Charizard|88/100|[from] ability: Solar Power|[of] p2b: Charizard
|-sideend|p2: ray amyrand|move: Tailwind
|upkeep
|
|t:|1756707226
|switch|p1b: Basculegion|Basculegion, L50, M|100/100
|turn|5
|inactive|b(R)2 has 30 seconds left.
|
|t:|1756707260
|-terastallize|p1b: Basculegion|Water
|move|p1a: Incineroar|Fake Out||[still]
|-hint|Fake Out only works on your first turn out.
|-fail|p1a: Incineroar
|move|p2a: Jumpluff|Tailwind|p2a: Jumpluff
|-sidestart|p2: ray amyrand|move: Tailwind
|move|p2b: Charizard|Heat Wave|p1a: Incineroar|[spread] p1a,p1b
|-resisted|p1a: Incineroar
|-resisted|p1b: Basculegion
|-damage|p1a: Incineroar|8/100
|-damage|p1b: Basculegion|42/100
|move|p1b: Basculegion|Flip Turn|p2b: Charizard
|-supereffective|p2b: Charizard
|-damage|p2b: Charizard|0 fnt
|faint|p2b: Charizard
|
|t:|1756707272
|switch|p1b: Pelipper|Pelipper, L50, M|100/100|[from] Flip Turn
|-weather|RainDance|[from] ability: Drizzle|[of] p1b: Pelipper
|
|-weather|RainDance|[upkeep]
|upkeep
|
|t:|1756707275
|switch|p2b: Torkoal|Torkoal, L50, M|100/100 slp
|-weather|SunnyDay|[from] ability: Drought|[of] p2b: Torkoal
|turn|6
|-message|ray amyrand forfeited.
|
|win|b(R)2
|l|☆ray amyrand
|player|p2|
||b(R)2 is ready for game 2.
||ray amyrand is ready for game 2.
|uhtml|next|Next: Game 2 of 3
