|j|☆Llama_Llord
|j|☆protect U-turn
|html|Llama_Llordprotect U-turn    
|uhtml|bestof|Game 3 of a best-of-3
|t:|1756278060
|gametype|doubles
|player|p1|Llama_Llord|170|1070
|player|p2|protect U-turn|wattson|1187
|gen|9
|tier|[Gen 9] VGC 2025 Reg H (Bo3)
|rated|
|rule|Species Clause: Limit one of each Pokémon
|rule|Item Clause: Limit 1 of each item
|clearpoke
|poke|p1|Meowscarada, L50, F|
|poke|p1|Primarina, L50, M|
|poke|p1|Indeedee, L50, M|
|poke|p1|Sneasler, L50, M|
|poke|p1|Tatsugiri, L50, M|
|poke|p1|Amoonguss, L50, M|
|poke|p2|Porygon2, L50|
|poke|p2|Incineroar, L50, M|
|poke|p2|Gholdengo, L50|
|poke|p2|Amoonguss, L50, M|
|poke|p2|Kilowattrel, L50, F|
|poke|p2|Ursaluna, L50, F|
|teampreview|4
|showteam|p1|Meowscarada||FocusSash|Overgrow|GrassPledge,KnockOff,FlowerTrick,Protect|||F|||50|,,,,,Fairy]Primarina||LifeOrb|LiquidVoice|WaterPledge,HyperVoice,Moonblast,Protect|||M|||50|,,,,,Poison]Indeedee||SafetyGoggles|PsychicSurge|ExpandingForce,Protect,TrickRoom,Imprison|||M|||50|,,,,,Fire]Sneasler||PsychicSeed|Unburden|DireClaw,CloseCombat,ThroatChop,Protect|||M|||50|,,,,,Stellar]Tatsugiri||AssaultVest|StormDrain|DracoMeteor,IcyWind,TeraBlast,Surf|||M|||50|,,,,,Ground]Amoonguss||SitrusBerry|EffectSpore|Spore,RagePowder,SludgeBomb,Protect|||M|||50|,,,,,Steel
|showteam|p2|Porygon2||Eviolite|Download|Recover,TeraBlast,IceBeam,TrickRoom||||||50|,,,,,Fighting]Incineroar||SafetyGoggles|Intimidate|FlareBlitz,KnockOff,FakeOut,PartingShot|||M|||50|,,,,,Ghost]Gholdengo||LifeOrb|GoodasGold|MakeItRain,ShadowBall,Protect,NastyPlot||||||50|,,,,,Water]Amoonguss||SitrusBerry|Regenerator|Spore,RagePowder,PollenPuff,Protect|||M|||50|,,,,,Water]Kilowattrel||FocusSash|Competitive|Tailwind,Thunderbolt,AirSlash,Protect|||F|||50|,,,,,Ghost]Ursaluna||FlameOrb|Guts|HeadlongRush,Facade,Earthquake,Protect|||F|||50|,,,,,Ghost
|inactive|Battle timer is ON: inactive players will automatically lose when time's up. (requested by Llama_Llord)
|
|t:|1756278078
|teamsize|p1|4
|teamsize|p2|4
|start
|switch|p1a: Fiona|Primarina, L50, M|100/100
|switch|p1b: Puss in Boots|Meowscarada, L50, F|100/100
|switch|p2a: Porygon2|Porygon2, L50, shiny|100/100
|switch|p2b: Amoonguss|Amoonguss, L50, M|100/100
|-ability|p2a: Porygon2|Download|boost
|-boost|p2a: Porygon2|atk|1
|turn|1
|
|t:|1756278097
|move|p1b: Puss in Boots|Knock Off|p2a: Porygon2
|-damage|p2a: Porygon2|73/100
|-enditem|p2a: Porygon2|Eviolite|[from] move: Knock Off|[of] p1b: Puss in Boots
|move|p1a: Fiona|Hyper Voice|p2a: Porygon2|[spread] p2a,p2b
|-resisted|p2b: Amoonguss
|-damage|p2a: Porygon2|31/100
|-damage|p2b: Amoonguss|80/100
|-damage|p1a: Fiona|91/100|[from] item: Life Orb
|move|p2b: Amoonguss|Spore|p1a: Fiona
|-status|p1a: Fiona|slp|[from] move: Spore
|move|p2a: Porygon2|Trick Room|p2a: Porygon2
|-fieldstart|move: Trick Room|[of] p2a: Porygon2
|
|upkeep
|turn|2
|
|t:|1756278114
|move|p1b: Puss in Boots|Protect|p1b: Puss in Boots
|-singleturn|p1b: Puss in Boots|Protect
|move|p2b: Amoonguss|Pollen Puff|p1b: Puss in Boots
|-activate|p1b: Puss in Boots|move: Protect
|move|p2a: Porygon2|Ice Beam|p1b: Puss in Boots
|-activate|p1b: Puss in Boots|move: Protect
|cant|p1a: Fiona|slp
|
|upkeep
|turn|3
|
|t:|1756278128
|switch|p1b: Sneasler|Sneasler, L50, M|100/100
|move|p2b: Amoonguss|Pollen Puff|p1b: Sneasler
|-resisted|p1b: Sneasler
|-damage|p1b: Sneasler|95/100
|move|p2a: Porygon2|Tera Blast|p1b: Sneasler
|-damage|p1b: Sneasler|50/100
|-curestatus|p1a: Fiona|slp|[msg]
|move|p1a: Fiona|Hyper Voice|p2a: Porygon2|[spread] p2a,p2b
|-resisted|p2b: Amoonguss
|-damage|p2a: Porygon2|0 fnt
|-damage|p2b: Amoonguss|60/100
|faint|p2a: Porygon2
|-damage|p1a: Fiona|81/100|[from] item: Life Orb
|
|upkeep
|
|t:|1756278134
|switch|p2a: Ursaluna|Ursaluna, L50, F|100/100
|turn|4
|inactive|Llama_Llord has 30 seconds left.
|
|t:|1756278170
|move|p2b: Amoonguss|Pollen Puff|p1a: Fiona
|-resisted|p1a: Fiona
|-damage|p1a: Fiona|74/100
|move|p2a: Ursaluna|Headlong Rush|p1a: Fiona
|-damage|p1a: Fiona|0 fnt
|-unboost|p2a: Ursaluna|def|1
|-unboost|p2a: Ursaluna|spd|1
|faint|p1a: Fiona
|move|p1b: Sneasler|Dire Claw|p2b: Amoonguss
|-damage|p2b: Amoonguss|24/100
|-enditem|p2b: Amoonguss|Sitrus Berry|[eat]
|-heal|p2b: Amoonguss|49/100|[from] item: Sitrus Berry
|
|-status|p2a: Ursaluna|brn|[from] item: Flame Orb
|upkeep
|
|t:|1756278190
|switch|p1a: Indeedee|Indeedee, L50, M|100/100
|-fieldstart|move: Psychic Terrain|[from] ability: Psychic Surge|[of] p1a: Indeedee
|-enditem|p1b: Sneasler|Psychic Seed
|-boost|p1b: Sneasler|spd|1|[from] item: Psychic Seed
|turn|5
|
|t:|1756278207
|switch|p2a: Incineroar|Incineroar, L50, M|100/100
|-ability|p2a: Incineroar|Intimidate|boost
|-unboost|p1a: Indeedee|atk|1
|-unboost|p1b: Sneasler|atk|1
|move|p1a: Indeedee|Protect|p1a: Indeedee
|-singleturn|p1a: Indeedee|Protect
|move|p1b: Sneasler|Protect|p1b: Sneasler
|-singleturn|p1b: Sneasler|Protect
|move|p2b: Amoonguss|Spore|p1b: Sneasler
|-activate|p1b: Sneasler|move: Protect
|
|-fieldend|move: Trick Room
|upkeep
|turn|6
|
|t:|1756278219
|-terastallize|p1b: Sneasler|Stellar
|move|p2b: Amoonguss|Protect|p2b: Amoonguss
|-singleturn|p2b: Amoonguss|Protect
|move|p1b: Sneasler|Close Combat|p2a: Incineroar
|-supereffective|p2a: Incineroar
|-damage|p2a: Incineroar|0 fnt
|-unboost|p1b: Sneasler|def|1
|-unboost|p1b: Sneasler|spd|1
|faint|p2a: Incineroar
|move|p1a: Indeedee|Expanding Force|p2b: Amoonguss
|-activate|p2b: Amoonguss|move: Protect
|
|upkeep
|
|t:|1756278222
|switch|p2a: Ursaluna|Ursaluna, L50, F|100/100 brn
|turn|7
|
|t:|1756278234
|move|p1b: Sneasler|Protect|p1b: Sneasler
|-singleturn|p1b: Sneasler|Protect
|move|p2b: Amoonguss|Protect||[still]
|-fail|p2b: Amoonguss
|move|p1a: Indeedee|Expanding Force|p2a: Ursaluna|[spread] p2a,p2b
|-supereffective|p2b: Amoonguss
|-damage|p2a: Ursaluna|53/100 brn
|-damage|p2b: Amoonguss|0 fnt
|faint|p2b: Amoonguss
|move|p2a: Ursaluna|Earthquake|p1a: Indeedee|[spread] p1a
|-activate|p1b: Sneasler|move: Protect
|-damage|p1a: Indeedee|0 fnt
|faint|p1a: Indeedee
|
|-damage|p2a: Ursaluna|48/100 brn|[from] brn
|upkeep
|-message|protect U-turn forfeited.
|
|win|Llama_Llord
|raw|Llama_Llord's rating: 1070 → 1109(+39 for winning)
|raw|protect U-turn's rating: 1187 → 1154(-33 for losing)
|l|☆protect U-turn
|player|p2|
