|j|☆patoathie
|j|☆maish
|html|patoathiemaish    
|uhtml|bestof|Game 2 of a best-of-3
|t:|1756992600
|gametype|doubles
|player|p1|patoathie|102|1162
|player|p2|maish|roxie|1110
|gen|9
|tier|[Gen 9] VGC 2025 Reg H (Bo3)
|rated|
|rule|Species Clause: Limit one of each Pokémon
|rule|Item Clause: Limit 1 of each item
|clearpoke
|poke|p1|Volcarona, L50, F|
|poke|p1|Sneasler, L50, F|
|poke|p1|Rillaboom, L50, M|
|poke|p1|Dragapult, L50, F|
|poke|p1|Kingambit, L50, F|
|poke|p1|Electabuzz, L50, F|
|poke|p2|Dragonite, L50, F|
|poke|p2|Gholdengo, L50|
|poke|p2|Rillaboom, L50, F|
|poke|p2|Arcanine-Hisui, L50, F|
|poke|p2|Annihilape, L50, F|
|poke|p2|Murkrow, L50, M|
|teampreview|4
|showteam|p1|Volcarona||Leftovers|FlameBody|QuiverDance,HeatWave,TeraBlast,Protect|||F|||50|,,,,,Fairy]Sneasler||FocusSash|Unburden|FakeOut,CloseCombat,DireClaw,Coaching|||F|||50|,,,,,Ghost]Rillaboom||AssaultVest|GrassySurge|FakeOut,WoodHammer,GrassyGlide,Uturn|||M|||50|,,,,,Fire]Dragapult||ChoiceBand|ClearBody|DragonDarts,Outrage,Uturn,PhantomForce|||F|||50|,,,,,Dragon]Kingambit||BlackGlasses|Defiant|SwordsDance,KowtowCleave,SuckerPunch,Protect|||F|||50|,,,,,Dark]Electabuzz||Eviolite|VitalSpirit|FollowMe,Electroweb,HelpingHand,Taunt|||F|||50|,,,,,Ghost
|showteam|p2|Dragonite||LoadedDice|Multiscale|Protect,ScaleShot,LowKick,ExtremeSpeed|||F|||50|,,,,,Fairy]Gholdengo||ChoiceSpecs|GoodasGold|Thunderbolt,PowerGem,MakeItRain,ShadowBall||||||50|,,,,,Steel]Rillaboom||AssaultVest|GrassySurge|FakeOut,HighHorsepower,WoodHammer,GrassyGlide|||F|||50|,,,,,Fire]Arcanine-Hisui||ClearAmulet|Intimidate|Protect,FlareBlitz,RockSlide,ExtremeSpeed|||F|||50|,,,,,Water]Annihilape||FocusSash|Defiant|Coaching,CloseCombat,RageFist,FinalGambit|||F|||50|,,,,,Stellar]Murkrow||Eviolite|Prankster|Haze,Tailwind,FoulPlay,Taunt|||M|||50|,,,,,Ghost
|
|t:|1756992635
|teamsize|p1|4
|teamsize|p2|4
|start
|switch|p1a: Dragapult|Dragapult, L50, F|100/100
|switch|p1b: Sneasler|Sneasler, L50, F|100/100
|switch|p2a: Annihilape|Annihilape, L50, F|100/100
|switch|p2b: Dragonite|Dragonite, L50, F|100/100
|turn|1
|
|t:|1756992674
|-terastallize|p1a: Dragapult|Dragon
|move|p2b: Dragonite|Protect|p2b: Dragonite
|-singleturn|p2b: Dragonite|Protect
|move|p1a: Dragapult|Dragon Darts|p2a: Annihilape
|-damage|p2a: Annihilape|44/100
|-anim|p1a: Dragapult|Dragon Darts|p2a: Annihilape
|-damage|p2a: Annihilape|0 fnt
|faint|p2a: Annihilape
|move|p1b: Sneasler|Dire Claw|p2b: Dragonite
|-activate|p2b: Dragonite|move: Protect
|
|upkeep
|
|t:|1756992687
|switch|p2a: Murkrow|Murkrow, L50, M, shiny|100/100
|turn|2
|
|t:|1756992698
|switch|p1a: Kingambit|Kingambit, L50, F|100/100
|move|p2a: Murkrow|Tailwind|p2a: Murkrow
|-sidestart|p2: maish|move: Tailwind
|move|p2b: Dragonite|Scale Shot|p1a: Kingambit
|-resisted|p1a: Kingambit
|-damage|p1a: Kingambit|95/100
|-resisted|p1a: Kingambit
|-damage|p1a: Kingambit|89/100
|-resisted|p1a: Kingambit
|-damage|p1a: Kingambit|83/100
|-resisted|p1a: Kingambit
|-damage|p1a: Kingambit|78/100
|-hitcount|p1a: Kingambit|4
|-unboost|p2b: Dragonite|def|1
|-boost|p2b: Dragonite|spe|1
|move|p1b: Sneasler|Dire Claw|p2b: Dragonite
|-damage|p2b: Dragonite|61/100
|
|upkeep
|turn|3
|inactive|Battle timer is ON: inactive players will automatically lose when time's up. (requested by maish)
|
|t:|1756992723
|move|p2b: Dragonite|Extreme Speed|p1b: Sneasler
|-damage|p1b: Sneasler|50/100
|move|p1a: Kingambit|Sucker Punch||[still]
|-fail|p1a: Kingambit
|move|p2a: Murkrow|Foul Play|p1b: Sneasler
|-resisted|p1b: Sneasler
|-damage|p1b: Sneasler|5/100
|move|p1b: Sneasler|Coaching|p1a: Kingambit
|-boost|p1a: Kingambit|atk|1
|-boost|p1a: Kingambit|def|1
|
|upkeep
|turn|4
|
|t:|1756992743
|switch|p1b: Volcarona|Volcarona, L50, F|100/100
|move|p2b: Dragonite|Low Kick|p1a: Kingambit
|-supereffective|p1a: Kingambit
|-damage|p1a: Kingambit|0 fnt
|faint|p1a: Kingambit
|move|p2a: Murkrow|Foul Play|p1b: Volcarona
|-damage|p1b: Volcarona|79/100
|-status|p2a: Murkrow|brn|[from] ability: Flame Body|[of] p1b: Volcarona
|
|-heal|p1b: Volcarona|85/100|[from] item: Leftovers
|-damage|p2a: Murkrow|95/100 brn|[from] brn
|upkeep
|
|t:|1756992751
|switch|p1a: Sneasler|Sneasler, L50, F|5/100
|turn|5
|inactive|maish has 30 seconds left.
|inactive|patoathie has 30 seconds left.
|inactive|maish has 20 seconds left.
|
|t:|1756992789
|-terastallize|p2b: Dragonite|Fairy
|move|p1a: Sneasler|Fake Out|p2a: Murkrow
|-damage|p2a: Murkrow|78/100 brn
|move|p2b: Dragonite|Scale Shot|p1b: Volcarona
|-damage|p1b: Volcarona|68/100
|-damage|p1b: Volcarona|52/100
|-damage|p1b: Volcarona|37/100
|-damage|p1b: Volcarona|20/100
|-hitcount|p1b: Volcarona|4
|-unboost|p2b: Dragonite|def|1
|-boost|p2b: Dragonite|spe|1
|cant|p2a: Murkrow|flinch
|move|p1b: Volcarona|Heat Wave|p2b: Dragonite|[spread] p2a,p2b
|-damage|p2a: Murkrow|47/100 brn
|-damage|p2b: Dragonite|24/100
|
|-heal|p1b: Volcarona|27/100|[from] item: Leftovers
|-damage|p2a: Murkrow|41/100 brn|[from] brn
|-sideend|p2: maish|move: Tailwind
|upkeep
|turn|6
|inactive|maish has 30 seconds left.
|inactive|maish has 20 seconds left.
|inactive|maish has 15 seconds left.
|
|t:|1756992831
|move|p2b: Dragonite|Protect|p2b: Dragonite
|-singleturn|p2b: Dragonite|Protect
|move|p2a: Murkrow|Tailwind|p2a: Murkrow
|-sidestart|p2: maish|move: Tailwind
|move|p1a: Sneasler|Dire Claw|p2b: Dragonite
|-activate|p2b: Dragonite|move: Protect
|move|p1b: Volcarona|Heat Wave|p2b: Dragonite|[spread] p2a
|-activate|p2b: Dragonite|move: Protect
|-damage|p2a: Murkrow|6/100 brn
|
|-heal|p1b: Volcarona|33/100|[from] item: Leftovers
|-damage|p2a: Murkrow|0 fnt|[from] brn
|faint|p2a: Murkrow
|upkeep
|
|t:|1756992842
|switch|p2a: Gholdengo|Gholdengo, L50|100/100
|turn|7
|
|t:|1756992859
|move|p1b: Volcarona|Protect|p1b: Volcarona
|-singleturn|p1b: Volcarona|Protect
|move|p2b: Dragonite|Scale Shot|p1b: Volcarona
|-activate|p1b: Volcarona|move: Protect
|move|p2a: Gholdengo|Make It Rain|p1b: Volcarona|[spread] p1a
|-activate|p1b: Volcarona|move: Protect
|-damage|p1a: Sneasler|0 fnt
|-unboost|p2a: Gholdengo|spa|1
|faint|p1a: Sneasler
|
|-heal|p1b: Volcarona|39/100|[from] item: Leftovers
|upkeep
|
|t:|1756992867
|switch|p1a: Dragapult|Dragapult, L50, F, tera:Dragon|100/100
|turn|8
|
|t:|1756992878
|move|p2b: Dragonite|Scale Shot|p1a: Dragapult
|-supereffective|p1a: Dragapult
|-damage|p1a: Dragapult|60/100
|-supereffective|p1a: Dragapult
|-damage|p1a: Dragapult|16/100
|-supereffective|p1a: Dragapult
|-damage|p1a: Dragapult|0 fnt
|faint|p1a: Dragapult
|-hitcount|p1: Dragapult|3
|-unboost|p2b: Dragonite|def|1
|-boost|p2b: Dragonite|spe|1
|move|p2a: Gholdengo|Make It Rain|p1b: Volcarona
|-resisted|p1b: Volcarona
|-damage|p1b: Volcarona|11/100
|-unboost|p2a: Gholdengo|spa|1
|move|p1b: Volcarona|Heat Wave|p2a: Gholdengo|[spread] p2a,p2b
|-supereffective|p2a: Gholdengo
|-damage|p2a: Gholdengo|35/100
|-damage|p2b: Dragonite|0 fnt
|faint|p2b: Dragonite
|
|-heal|p1b: Volcarona|18/100|[from] item: Leftovers
|upkeep
|turn|9
|
|t:|1756992882
|move|p1b: Volcarona|Protect|p1b: Volcarona
|-singleturn|p1b: Volcarona|Protect
|move|p2a: Gholdengo|Make It Rain|p1b: Volcarona
|-activate|p1b: Volcarona|move: Protect
|
|-heal|p1b: Volcarona|24/100|[from] item: Leftovers
|-sideend|p2: maish|move: Tailwind
|upkeep
|turn|10
|
|t:|1756992887
|move|p2a: Gholdengo|Make It Rain|p1b: Volcarona
|-resisted|p1b: Volcarona
|-damage|p1b: Volcarona|5/100
|-unboost|p2a: Gholdengo|spa|1
|move|p1b: Volcarona|Heat Wave|p2a: Gholdengo
|-supereffective|p2a: Gholdengo
|-damage|p2a: Gholdengo|0 fnt
|faint|p2a: Gholdengo
|
|win|patoathie
