|j|☆Welwitchia
|j|☆johx123
|html|Welwitchiajohx123    
|uhtml|bestof|Game 2 of a best-of-3
|t:|1784255646
|gametype|doubles
|player|p1|Welwitchia|pokemonbreeder-gen4|1040
|player|p2|johx123|266|1062
|gen|9
|tier|[Gen 9 Champions] VGC 2026 Reg M-B (Bo3)
|rated|
|rule|Species Clause: Limit one of each Pokémon
|rule|Item Clause: Limit 1 of each item
|clearpoke
|poke|p1|Corviknight, L50, M|
|poke|p1|Tyranitar, L50, F, shiny|
|poke|p1|Trevenant, L50, M|
|poke|p1|Azumarill, L50, F, shiny|
|poke|p1|Slowking-Galar, L50, M|
|poke|p1|Camerupt, L50, F, shiny|
|poke|p2|Gardevoir, L50, F|
|poke|p2|Farigiraf, L50, F|
|poke|p2|Torkoal, L50, F|
|poke|p2|Incineroar, L50, M|
|poke|p2|Kingambit, L50, F|
|poke|p2|Gallade, L50, M|
|teampreview|4
|showteam|p1|Corviknight||Leftovers|Pressure|Spite,IronHead,Roost,Protect|Impish||M|||50|]Tyranitar||Tyranitarite|SandStream|Spite,Protect,RockSlide,LowKick|Careful||F|||50|]Trevenant||SitrusBerry|Harvest|PainSplit,FoulPlay,ForestsCurse,BurningJealousy|Calm||M|||50|]Azumarill||FairyFeather|SapSipper|BellyDrum,AquaJet,IceSpinner,DrainingKiss|Brave||F|||50|]Slowking-Galar||ShucaBerry|CuriousMedicine|SkillSwap,ThunderWave,EerieSpell,TrickRoom|Sassy||M|||50|]Camerupt||Cameruptite|SolidRock|EarthPower,HeatWave,SolarBeam,StealthRock|Modest||F|||50|
|showteam|p2|Gardevoir||Gardevoirite|Synchronize|HyperVoice,AuraSphere,TrickRoom,Protect|Quiet||F|||50|]Farigiraf||ColburBerry|ArmorTail|TwinBeam,TrickRoom,Protect,HelpingHand|Relaxed||F|||50|]Torkoal||Charcoal|Drought|Eruption,Protect,Flamethrower,SolarBeam|Quiet||F|||50|]Incineroar||SitrusBerry|Intimidate|FakeOut,FlareBlitz,PartingShot,ThroatChop|Sassy||M|||50|]Kingambit||ChopleBerry|Defiant|IronHead,SuckerPunch,KowtowCleave,Protect|Adamant||F|||50|]Gallade||MentalHerb|Steadfast|TrickRoom,SacredSword,LeafBlade,PsychoCut|Sassy||M|||50|
|inactive|Battle timer is ON: inactive players will automatically lose when time's up. (requested by johx123)
|
|t:|1784255690
|teamsize|p1|4
|teamsize|p2|4
|start
|switch|p1a: Corviknight|Corviknight, L50, M|100/100
|switch|p1b: Tyranitar|Tyranitar, L50, F, shiny|100/100
|switch|p2a: Farigiraf|Farigiraf, L50, F|100/100
|switch|p2b: Incineroar|Incineroar, L50, M|100/100
|-ability|p1a: Corviknight|Pressure
|-weather|Sandstorm|[from] ability: Sand Stream|[of] p1b: Tyranitar
|-ability|p2b: Incineroar|Intimidate|boost
|-unboost|p1a: Corviknight|atk|1
|-unboost|p1b: Tyranitar|atk|1
|turn|1
|
|t:|1784255711
|move|p1b: Tyranitar|Protect|p1b: Tyranitar
|-singleturn|p1b: Tyranitar|Protect
|move|p1a: Corviknight|Spite||[still]
|-fail|p1a: Corviknight
|move|p2b: Incineroar|Parting Shot|p1b: Tyranitar
|-activate|p1b: Tyranitar|move: Protect
|move|p2a: Farigiraf|Trick Room|p2a: Farigiraf
|-fieldstart|move: Trick Room|[of] p2a: Farigiraf
|
|-weather|Sandstorm|[upkeep]
|-damage|p2b: Incineroar|94/100|[from] Sandstorm
|-damage|p2a: Farigiraf|93/100|[from] Sandstorm
|upkeep
|turn|2
|inactive|Welwitchia has 30 seconds left.
|
|t:|1784255739
|move|p2a: Farigiraf|Helping Hand|p2b: Incineroar
|-singleturn|p2b: Incineroar|Helping Hand|[of] p2a: Farigiraf
|move|p2b: Incineroar|Flare Blitz|p1a: Corviknight
|-supereffective|p1a: Corviknight|1
|-damage|p1a: Corviknight|17/100
|-damage|p2b: Incineroar|66/100|[from] Recoil
|move|p1b: Tyranitar|Spite|p2b: Incineroar
|-activate|p2b: Incineroar|move: Spite|Flare Blitz|4
|move|p1a: Corviknight|Spite|p2b: Incineroar
|-activate|p2b: Incineroar|move: Spite|Flare Blitz|4
|
|-weather|Sandstorm|[upkeep]
|-damage|p2b: Incineroar|60/100|[from] Sandstorm
|-damage|p2a: Farigiraf|87/100|[from] Sandstorm
|-heal|p1a: Corviknight|22/100|[from] item: Leftovers
|upkeep
|turn|3
|inactive|Welwitchia has 30 seconds left.
|
|t:|1784255768
|switch|p1a: Camerupt|Camerupt, L50, F, shiny|100/100
|move|p2a: Farigiraf|Protect|p2a: Farigiraf
|-singleturn|p2a: Farigiraf|Protect
|move|p2b: Incineroar|Parting Shot|p1b: Tyranitar
|-unboost|p1b: Tyranitar|atk|1
|-unboost|p1b: Tyranitar|spa|1
|inactive|johx123 has 30 seconds left.
|inactive|johx123 has 20 seconds left.
|inactive|johx123 has 15 seconds left.
|inactive|johx123 has 10 seconds left.
|inactive|johx123 has 5 seconds left.
|
|t:|1784255823
|switch|p2b: Gardevoir|Gardevoir, L50, F|100/100|[from] Parting Shot
|move|p1b: Tyranitar|Rock Slide|p2b: Gardevoir|[spread] p2b
|-activate|p2a: Farigiraf|move: Protect
|-damage|p2b: Gardevoir|82/100
|
|-weather|Sandstorm|[upkeep]
|-damage|p2a: Farigiraf|81/100|[from] Sandstorm
|-damage|p2b: Gardevoir|76/100|[from] Sandstorm
|upkeep
|turn|4
|inactive|Welwitchia has 30 seconds left.
|inactive|Welwitchia has 20 seconds left.
|
|t:|1784255861
|detailschange|p2b: Gardevoir|Gardevoir-Mega, L50, F
|-mega|p2b: Gardevoir|Gardevoir|Gardevoirite
|move|p2a: Farigiraf|Helping Hand|p2b: Gardevoir
|-singleturn|p2b: Gardevoir|Helping Hand|[of] p2a: Farigiraf
|move|p1b: Tyranitar|Protect|p1b: Tyranitar
|-singleturn|p1b: Tyranitar|Protect
|move|p1a: Camerupt|Heat Wave|p2a: Farigiraf|[spread] p2a,p2b
|-damage|p2a: Farigiraf|43/100
|-damage|p2b: Gardevoir|49/100
|-status|p2a: Farigiraf|brn
|move|p2b: Gardevoir|Hyper Voice|p1b: Tyranitar|[spread] p1a
|-activate|p1b: Tyranitar|move: Protect
|-resisted|p1a: Camerupt|1
|-damage|p1a: Camerupt|45/100
|
|-weather|Sandstorm|[upkeep]
|-damage|p2a: Farigiraf|37/100 brn|[from] Sandstorm
|-damage|p2b: Gardevoir|43/100|[from] Sandstorm
|-damage|p2a: Farigiraf|30/100 brn|[from] brn
|upkeep
|turn|5
|inactive|Welwitchia has 30 seconds left.
|
|t:|1784255888
|move|p2a: Farigiraf|Helping Hand|p2b: Gardevoir
|-singleturn|p2b: Gardevoir|Helping Hand|[of] p2a: Farigiraf
|move|p1a: Camerupt|Earth Power|p2b: Gardevoir
|-damage|p2b: Gardevoir|9/100
|move|p1b: Tyranitar|Rock Slide|p2b: Gardevoir|[spread] p2a,p2b
|-damage|p2a: Farigiraf|21/100 brn
|-damage|p2b: Gardevoir|0 fnt
|faint|p2b: Gardevoir
|
|-weather|none
|-damage|p2a: Farigiraf|14/100 brn|[from] brn
|-fieldend|move: Trick Room
|upkeep
|
|t:|1784255893
|switch|p2b: Incineroar|Incineroar, L50, M|60/100
|-ability|p2b: Incineroar|Intimidate|boost
|-unboost|p1a: Camerupt|atk|1
|-unboost|p1b: Tyranitar|atk|1
|turn|6
|inactive|Welwitchia has 30 seconds left.
|inactive|Welwitchia has 20 seconds left.
|inactive|Welwitchia has 15 seconds left.
|
|t:|1784255936
|switch|p1b: Corviknight|Corviknight, L50, M|22/100
|-ability|p1b: Corviknight|Pressure
|detailschange|p1a: Camerupt|Camerupt-Mega, L50, F, shiny
|-mega|p1a: Camerupt|Camerupt|Cameruptite
|move|p2b: Incineroar|Fake Out|p1b: Corviknight
|-resisted|p1b: Corviknight|1
|-damage|p1b: Corviknight|19/100
|move|p1a: Camerupt|Earth Power|p2b: Incineroar
|-supereffective|p2b: Incineroar|1
|-damage|p2b: Incineroar|0 fnt
|faint|p2b: Incineroar
|move|p2a: Farigiraf|Trick Room|p2a: Farigiraf
|-fieldstart|move: Trick Room|[of] p2a: Farigiraf
|
|-heal|p1b: Corviknight|25/100|[from] item: Leftovers
|-damage|p2a: Farigiraf|8/100 brn|[from] brn
|upkeep
|inactive|johx123 has 30 seconds left.
|inactive|johx123 has 20 seconds left.
|inactive|johx123 has 15 seconds left.
|
|t:|1784255977
|switch|p2b: Gallade|Gallade, L50, M|100/100
|turn|7
|
|t:|1784255988
|move|p1a: Camerupt|Heat Wave|p2b: Gallade|[spread] p2a,p2b
|-damage|p2a: Farigiraf|0 fnt
|-damage|p2b: Gallade|62/100
|faint|p2a: Farigiraf
|move|p1b: Corviknight|Roost|p1b: Corviknight
|-heal|p1b: Corviknight|75/100
|-singleturn|p1b: Corviknight|move: Roost
|move|p2b: Gallade|Sacred Sword|p1a: Camerupt
|-damage|p1a: Camerupt|6/100
|
|-heal|p1b: Corviknight|81/100|[from] item: Leftovers
|upkeep
|turn|8
|l|☆johx123
|inactive|johx123 disconnected and has a minute to reconnect!
|player|p2|
|
|t:|1784256013
|switch|p1a: Trevenant|Trevenant, L50, M|100/100
|move|p1b: Corviknight|Iron Head|p2b: Gallade
|-damage|p2b: Gallade|29/100
|move|p2b: Gallade|Sacred Sword|p1a: Trevenant
|-immune|p1a: Trevenant
|
|-heal|p1b: Corviknight|87/100|[from] item: Leftovers
|upkeep
|turn|9
|inactive|johx123 has 30 seconds left.
|inactive|johx123 has 20 seconds left.
|inactive|johx123 has 15 seconds left.
|inactive|johx123 has 10 seconds left.
|inactive|johx123 has 5 seconds left.
|-message|johx123 lost due to inactivity.
|
|win|Welwitchia
|raw|Welwitchia's rating: 1040 → 1076(+36 for winning)
|raw|johx123's rating: 1062 → 1041(-21 for losing)
