|j|☆huatuankhoa
|j|☆pokeopposition
|html|huatuankhoapokeopposition    
|uhtml|bestof|Game 1 of a best-of-3
|t:|1782621116
|gametype|doubles
|player|p1|huatuankhoa|n|1092
|player|p2|pokeopposition|silver|1171
|gen|9
|tier|[Gen 9 Champions] VGC 2026 Reg M-B (Bo3)
|rated|
|rule|Species Clause: Limit one of each Pokémon
|rule|Item Clause: Limit 1 of each item
|clearpoke
|poke|p1|Swampert, L50, F|
|poke|p1|Pelipper, L50, F|
|poke|p1|Garchomp, L50, M|
|poke|p1|Sableye, L50, F|
|poke|p1|Archaludon, L50, M|
|poke|p1|Raichu, L50, M|
|poke|p2|Charizard, L50, F, shiny|
|poke|p2|Meowscarada, L50, F, shiny|
|poke|p2|Basculegion, L50, M, shiny|
|poke|p2|Incineroar, L50, F|
|poke|p2|Sneasler, L50, F, shiny|
|poke|p2|Aerodactyl, L50, M, shiny|
|teampreview|4
|showteam|p1|Swampert||Swampertite|Torrent|WaveCrash,Earthquake,IcePunch,Protect|Adamant||F|||50|]Pelipper||DampRock|Drizzle|WeatherBall,HelpingHand,Tailwind,WideGuard|Bold||F|||50|]Garchomp||LifeOrb|RoughSkin|Earthquake,DragonClaw,RockSlide,Protect|Jolly||M|||50|]Sableye||RoseliBerry|Prankster|RainDance,ThunderWave,Encore,FoulPlay|Impish||F|||50|]Archaludon||Leftovers|Stamina|DracoMeteor,ElectroShot,FlashCannon,Protect|Timid||M|||50|]Raichu||FocusSash|Static|FakeOut,Nuzzle,HelpingHand,Encore|Jolly||M|||50|
|showteam|p2|Charizard||CharizarditeX|Blaze|FlareBlitz,DragonClaw,DragonDance,Protect|Adamant||F|||50|]Meowscarada||ChoiceScarf|Protean|TripleAxel,FlowerTrick,Uturn,KnockOff|Jolly||F|||50|]Basculegion||SitrusBerry|Adaptability|WaveCrash,LastRespects,FlipTurn,Protect|Adamant||M|||50|]Incineroar||PasshoBerry|Intimidate|FakeOut,FlareBlitz,Taunt,PartingShot|Impish||F|||50|]Sneasler||FocusSash|Unburden|FakeOut,CloseCombat,DireClaw,Protect|Adamant||F|||50|]Aerodactyl||Aerodactylite|Pressure|RockSlide,DualWingbeat,Tailwind,Protect|Jolly||M|||50|
|
|t:|1782621139
|teamsize|p1|4
|teamsize|p2|4
|start
|switch|p1a: Raichu|Raichu, L50, M|100/100
|switch|p1b: Garchomp|Garchomp, L50, M|100/100
|switch|p2a: Incineroar|Incineroar, L50, F|100/100
|switch|p2b: Aerodactyl|Aerodactyl, L50, M, shiny|100/100
|-ability|p2b: Aerodactyl|Pressure
|-ability|p2a: Incineroar|Intimidate|boost
|-unboost|p1a: Raichu|atk|1
|-unboost|p1b: Garchomp|atk|1
|turn|1
|
|t:|1782621158
|move|p1a: Raichu|Fake Out|p2a: Incineroar
|-crit|p2a: Incineroar
|-damage|p2a: Incineroar|90/100
|cant|p2a: Incineroar|flinch
|move|p2b: Aerodactyl|Tailwind|p2b: Aerodactyl
|-sidestart|p2: pokeopposition|move: Tailwind
|move|p1b: Garchomp|Rock Slide|p2b: Aerodactyl|[spread] p2a,p2b
|-supereffective|p2a: Incineroar|1
|-supereffective|p2b: Aerodactyl|1
|-damage|p2a: Incineroar|65/100
|-damage|p2b: Aerodactyl|48/100
|-damage|p1b: Garchomp|90/100|[from] item: Life Orb
|
|upkeep
|turn|2
|
|t:|1782621176
|move|p2b: Aerodactyl|Rock Slide|p1a: Raichu|[spread] p1a,p1b
|-resisted|p1b: Garchomp|1
|-damage|p1a: Raichu|60/100
|-damage|p1b: Garchomp|78/100
|move|p1a: Raichu|Nuzzle|p2b: Aerodactyl
|-supereffective|p2b: Aerodactyl|1
|-damage|p2b: Aerodactyl|35/100
|-status|p2b: Aerodactyl|par
|cant|p1b: Garchomp|flinch
|move|p2a: Incineroar|Parting Shot|p1b: Garchomp
|-unboost|p1b: Garchomp|atk|1
|-unboost|p1b: Garchomp|spa|1
|
|t:|1782621188
|switch|p2a: Charizard|Charizard, L50, F, shiny|100/100|[from] Parting Shot
|
|upkeep
|turn|3
|
|t:|1782621222
|switch|p2b: Incineroar|Incineroar, L50, F|65/100
|-ability|p2b: Incineroar|Intimidate|boost
|-unboost|p1a: Raichu|atk|1
|-unboost|p1b: Garchomp|atk|1
|detailschange|p2a: Charizard|Charizard-Mega-X, L50, F, shiny
|-mega|p2a: Charizard|Charizard|Charizardite X
|move|p2a: Charizard|Dragon Claw|p1a: Raichu
|-damage|p1a: Raichu|0 fnt
|faint|p1a: Raichu
|move|p1b: Garchomp|Rock Slide|p2a: Charizard|[spread] p2a,p2b
|-supereffective|p2a: Charizard|1
|-supereffective|p2b: Incineroar|1
|-damage|p2a: Charizard|81/100
|-damage|p2b: Incineroar|51/100
|-damage|p1b: Garchomp|69/100|[from] item: Life Orb
|
|upkeep
|
|t:|1782621231
|switch|p1a: Pelipper|Pelipper, L50, F|100/100
|-weather|RainDance|[from] ability: Drizzle|[of] p1a: Pelipper
|turn|4
|
|t:|1782621244
|move|p2a: Charizard|Dragon Claw|p1a: Pelipper
|-damage|p1a: Pelipper|46/100
|move|p1b: Garchomp|Dragon Claw|p2a: Charizard
|-supereffective|p2a: Charizard|1
|-damage|p2a: Charizard|46/100
|-damage|p1b: Garchomp|59/100|[from] item: Life Orb
|move|p2b: Incineroar|Parting Shot|p1b: Garchomp
|-unboost|p1b: Garchomp|atk|1
|-unboost|p1b: Garchomp|spa|1
|
|t:|1782621253
|switch|p2b: Meowscarada|Meowscarada, L50, F, shiny|100/100|[from] Parting Shot
|move|p1a: Pelipper|Tailwind|p1a: Pelipper
|-sidestart|p1: huatuankhoa|move: Tailwind
|
|-weather|RainDance|[upkeep]
|-sideend|p2: pokeopposition|move: Tailwind
|upkeep
|turn|5
|
|t:|1782621270
|switch|p2b: Incineroar|Incineroar, L50, F|51/100
|-ability|p2b: Incineroar|Intimidate|boost
|-unboost|p1a: Pelipper|atk|1
|-unboost|p1b: Garchomp|atk|1
|move|p1b: Garchomp|Dragon Claw|p2a: Charizard
|-supereffective|p2a: Charizard|1
|-damage|p2a: Charizard|16/100
|-damage|p1b: Garchomp|49/100|[from] item: Life Orb
|move|p1a: Pelipper|Weather Ball|p2a: Charizard
|-damage|p2a: Charizard|0 fnt
|faint|p2a: Charizard
|
|-weather|RainDance|[upkeep]
|upkeep
|
|t:|1782621281
|switch|p2a: Aerodactyl|Aerodactyl, L50, M, shiny|35/100 par
|-ability|p2a: Aerodactyl|Pressure
|turn|6
|
|t:|1782621291
|move|p2b: Incineroar|Fake Out|p1a: Pelipper
|-damage|p1a: Pelipper|36/100
|move|p1b: Garchomp|Rock Slide|p2a: Aerodactyl|[spread] p2a,p2b
|-supereffective|p2a: Aerodactyl|1
|-supereffective|p2b: Incineroar|1
|-damage|p2a: Aerodactyl|12/100 par
|-damage|p2b: Incineroar|41/100
|-damage|p1b: Garchomp|40/100|[from] item: Life Orb
|cant|p1a: Pelipper|flinch
|cant|p2a: Aerodactyl|flinch
|
|-weather|RainDance|[upkeep]
|upkeep
|turn|7
|
|t:|1782621311
|switch|p2b: Meowscarada|Meowscarada, L50, F, shiny|100/100
|move|p2a: Aerodactyl|Protect|p2a: Aerodactyl
|-singleturn|p2a: Aerodactyl|Protect
|move|p1b: Garchomp|Rock Slide|p2a: Aerodactyl|[spread] p2b
|-activate|p2a: Aerodactyl|move: Protect
|-damage|p2b: Meowscarada|87/100
|-damage|p1b: Garchomp|30/100|[from] item: Life Orb
|move|p1a: Pelipper|Weather Ball|p2b: Meowscarada
|-resisted|p2b: Meowscarada|1
|-damage|p2b: Meowscarada|39/100
|
|-weather|RainDance|[upkeep]
|-sideend|p1: huatuankhoa|move: Tailwind
|upkeep
|turn|8
|
|t:|1782621338
|switch|p2b: Incineroar|Incineroar, L50, F|41/100
|-ability|p2b: Incineroar|Intimidate|boost
|-unboost|p1a: Pelipper|atk|1
|-unboost|p1b: Garchomp|atk|1
|switch|p1a: Swampert|Swampert, L50, F|100/100
|move|p1b: Garchomp|Rock Slide|p2a: Aerodactyl|[spread] p2a,p2b
|-supereffective|p2a: Aerodactyl|1
|-supereffective|p2b: Incineroar|1
|-damage|p2a: Aerodactyl|0 fnt
|-damage|p2b: Incineroar|30/100
|faint|p2a: Aerodactyl
|-damage|p1b: Garchomp|20/100y|[from] item: Life Orb
|
|-weather|RainDance|[upkeep]
|upkeep
|
|t:|1782621346
|switch|p2a: Meowscarada|Meowscarada, L50, F, shiny|39/100
|turn|9
|
|t:|1782621358
|move|p1b: Garchomp|Protect|p1b: Garchomp
|-singleturn|p1b: Garchomp|Protect
|move|p1a: Swampert|Protect|p1a: Swampert
|-singleturn|p1a: Swampert|Protect
|move|p2a: Meowscarada|Flower Trick|p1a: Swampert
|-start|p2a: Meowscarada|typechange|Grass|[from] ability: Protean
|-activate|p1a: Swampert|move: Protect
|move|p2b: Incineroar|Flare Blitz|p1b: Garchomp
|-activate|p1b: Garchomp|move: Protect
|
|-weather|RainDance|[upkeep]
|upkeep
|turn|10
|
|t:|1782621373
|switch|p1b: Pelipper|Pelipper, L50, F|36/100
|detailschange|p1a: Swampert|Swampert-Mega, L50, F
|-mega|p1a: Swampert|Swampert|Swampertite
|move|p2a: Meowscarada|Flower Trick|p1a: Swampert
|-supereffective|p1a: Swampert|2
|-crit|p1a: Swampert
|-damage|p1a: Swampert|0 fnt
|faint|p1a: Swampert
|move|p2b: Incineroar|Flare Blitz|p1b: Pelipper
|-resisted|p1b: Pelipper|1
|-damage|p1b: Pelipper|24/100
|-damage|p2b: Incineroar|27/100|[from] Recoil
|
|-weather|RainDance|[upkeep]
|upkeep
|
|t:|1782621384
|switch|p1a: Garchomp|Garchomp, L50, M|20/100y
|turn|11
|
|t:|1782621392
|move|p2a: Meowscarada|Flower Trick|p1a: Garchomp
|-crit|p1a: Garchomp
|-damage|p1a: Garchomp|0 fnt
|faint|p1a: Garchomp
|move|p1b: Pelipper|Tailwind|p1b: Pelipper
|-sidestart|p1: huatuankhoa|move: Tailwind
|move|p2b: Incineroar|Flare Blitz|p1b: Pelipper
|-resisted|p1b: Pelipper|1
|-damage|p1b: Pelipper|14/100
|-damage|p2b: Incineroar|25/100|[from] Recoil
|
|-weather|none
|upkeep
|turn|12
|
|t:|1782621402
|move|p2a: Meowscarada|Flower Trick|p1b: Pelipper
|-crit|p1b: Pelipper
|-damage|p1b: Pelipper|0 fnt
|faint|p1b: Pelipper
|
|win|pokeopposition
