|j|☆devinlewisd
|j|☆vilan333
|html|devinlewisdvilan333    
|uhtml|bestof|Game 2 of a best-of-3
|t:|1783356093
|gametype|doubles
|player|p1|devinlewisd|hiker-gen4|1104
|player|p2|vilan333|marshal|1130
|gen|9
|tier|[Gen 9 Champions] VGC 2026 Reg M-B (Bo3)
|rated|
|rule|Species Clause: Limit one of each Pokémon
|rule|Item Clause: Limit 1 of each item
|clearpoke
|poke|p1|Ninetales-Alola, L50, M|
|poke|p1|Volcarona, L50, F|
|poke|p1|Farigiraf, L50, F|
|poke|p1|Raichu, L50, F|
|poke|p1|Basculegion, L50, M|
|poke|p1|Decidueye-Hisui, L50, M|
|poke|p2|Charizard, L50, M|
|poke|p2|Mawile, L50, F|
|poke|p2|Basculegion, L50, M|
|poke|p2|Garchomp, L50, M|
|poke|p2|Whimsicott, L50, M|
|poke|p2|Farigiraf, L50, F|
|teampreview|4
|showteam|p1|Ninetales-Alola||LightClay|SnowWarning|Blizzard,FreezeDry,AuroraVeil,Protect|Timid||M|||50|]Volcarona||Leftovers|FlameBody|RagePowder,QuiverDance,Protect,HeatWave|Modest||F|||50|]Farigiraf||MentalHerb|ArmorTail|TrickRoom,Imprison,HelpingHand,DazzlingGleam|Sassy||F|||50|]Raichu||RaichuniteY|LightningRod|FakeOut,ZapCannon,FocusBlast,Protect|Hasty||F|||50|]Basculegion||ChoiceScarf|Adaptability|Liquidation,FlipTurn,LastRespects,HeadSmash|Jolly||M|||50|]Decidueye-Hisui||ExpertBelt|Scrappy|TripleArrows,BraveBird,Protect,LeafBlade|Adamant||M|||50|
|showteam|p2|Charizard||CharizarditeY|Blaze|WeatherBall,HeatWave,SolarBeam,Protect|Timid||M|||50|]Mawile||Mawilite|HyperCutter|PlayRough,SuckerPunch,BrickBreak,Protect|Adamant||F|||50|]Basculegion||MysticWater|Adaptability|WaveCrash,LastRespects,AquaJet,Protect|Adamant||M|||50|]Garchomp||LifeOrb|RoughSkin|Earthquake,DragonClaw,RockSlide,Protect|Jolly||M|||50|]Whimsicott||FocusSash|Prankster|Moonblast,Encore,Tailwind,Protect|Timid||M|||50|]Farigiraf||SitrusBerry|ArmorTail|TwinBeam,Thunderbolt,TrickRoom,HelpingHand|Bold||F|||50|
|inactive|Battle timer is ON: inactive players will automatically lose when time's up. (requested by devinlewisd)
|inactive|vilan333 has 60 seconds left.
|inactive|devinlewisd has 60 seconds left.
|
|t:|1783356136
|teamsize|p1|4
|teamsize|p2|4
|start
|switch|p1a: Ninetales|Ninetales-Alola, L50, M|100/100
|switch|p1b: Volcarona|Volcarona, L50, F|100/100
|switch|p2a: Charizard|Charizard, L50, M|100/100
|switch|p2b: Whimsicott|Whimsicott, L50, M|100/100
|-weather|Snowscape|[from] ability: Snow Warning|[of] p1a: Ninetales
|turn|1
|
|t:|1783356160
|switch|p1a: Basculegion|Basculegion, L50, M|100/100
|detailschange|p2a: Charizard|Charizard-Mega-Y, L50, M
|-mega|p2a: Charizard|Charizard|Charizardite Y
|-weather|SunnyDay|[from] ability: Drought|[of] p2a: Charizard
|move|p2b: Whimsicott|Protect|p2b: Whimsicott
|-singleturn|p2b: Whimsicott|Protect
|move|p2a: Charizard|Heat Wave|p1b: Volcarona|[spread] p1a,p1b
|-resisted|p1a: Basculegion|1
|-damage|p1a: Basculegion|67/100
|-damage|p1b: Volcarona|38/100
|move|p1b: Volcarona|Heat Wave|p2b: Whimsicott|[spread] p2a
|-activate|p2b: Whimsicott|move: Protect
|-resisted|p2a: Charizard|1
|-damage|p2a: Charizard|69/100
|
|-weather|SunnyDay|[upkeep]
|-heal|p1b: Volcarona|44/100|[from] item: Leftovers
|upkeep
|turn|2
|inactive|devinlewisd has 30 seconds left.
|inactive|devinlewisd has 20 seconds left.
|inactive|devinlewisd has 15 seconds left.
|
|t:|1783356202
|switch|p2a: Garchomp|Garchomp, L50, M|100/100
|move|p2b: Whimsicott|Tailwind|p2b: Whimsicott
|-sidestart|p2: vilan333|move: Tailwind
|move|p1a: Basculegion|Flip Turn|p2b: Whimsicott
|-resisted|p2b: Whimsicott|1
|-damage|p2b: Whimsicott|85/100
|
|t:|1783356209
|switch|p1a: Raichu|Raichu, L50, F|100/100|[from] Flip Turn
|move|p1b: Volcarona|Heat Wave|p2a: Garchomp|[spread] p2a,p2b
|-resisted|p2a: Garchomp|1
|-supereffective|p2b: Whimsicott|1
|-damage|p2a: Garchomp|69/100
|-damage|p2b: Whimsicott|0 fnt
|faint|p2b: Whimsicott
|
|-weather|SunnyDay|[upkeep]
|-heal|p1b: Volcarona|50/100g|[from] item: Leftovers
|upkeep
|
|t:|1783356225
|switch|p2b: Charizard|Charizard-Mega-Y, L50, M|69/100
|turn|3
|inactive|devinlewisd has 30 seconds left.
|inactive|devinlewisd has 20 seconds left.
|inactive|devinlewisd has 15 seconds left.
|
|t:|1783356266
|move|p2b: Charizard|Protect|p2b: Charizard
|-singleturn|p2b: Charizard|Protect
|move|p1a: Raichu|Fake Out|p2a: Garchomp
|-damage|p2a: Garchomp|61/100
|-damage|p1a: Raichu|88/100|[from] ability: Rough Skin|[of] p2a: Garchomp
|cant|p2a: Garchomp|flinch
|move|p1b: Volcarona|Heat Wave|p2a: Garchomp|[spread] p2a
|-activate|p2b: Charizard|move: Protect
|-resisted|p2a: Garchomp|1
|-damage|p2a: Garchomp|26/100
|
|-weather|SunnyDay|[upkeep]
|-heal|p1b: Volcarona|56/100|[from] item: Leftovers
|upkeep
|turn|4
|
|t:|1783356286
|move|p1a: Raichu|Protect|p1a: Raichu
|-singleturn|p1a: Raichu|Protect
|move|p2a: Garchomp|Rock Slide|p1a: Raichu|[spread] p1b
|-activate|p1a: Raichu|move: Protect
|-supereffective|p1b: Volcarona|2
|-damage|p1b: Volcarona|0 fnt
|faint|p1b: Volcarona
|-damage|p2a: Garchomp|16/100|[from] item: Life Orb
|move|p2b: Charizard|Heat Wave|p1a: Raichu
|-activate|p1a: Raichu|move: Protect
|
|-weather|SunnyDay|[upkeep]
|upkeep
|
|t:|1783356302
|switch|p1b: Ninetales|Ninetales-Alola, L50, M|100/100
|-weather|Snowscape|[from] ability: Snow Warning|[of] p1b: Ninetales
|turn|5
|
|t:|1783356314
|switch|p1a: Basculegion|Basculegion, L50, M|67/100
|move|p1b: Ninetales|Protect|p1b: Ninetales
|-singleturn|p1b: Ninetales|Protect
|move|p2a: Garchomp|Rock Slide|p1b: Ninetales|[spread] p1a
|-activate|p1b: Ninetales|move: Protect
|-damage|p1a: Basculegion|34/100
|-damage|p2a: Garchomp|7/100|[from] item: Life Orb
|move|p2b: Charizard|Heat Wave|p1b: Ninetales|[spread] p1a
|-activate|p1b: Ninetales|move: Protect
|-resisted|p1a: Basculegion|1
|-damage|p1a: Basculegion|12/100
|
|-weather|Snowscape|[upkeep]
|-sideend|p2: vilan333|move: Tailwind
|upkeep
|turn|6
|inactive|devinlewisd has 30 seconds left.
|
|t:|1783356346
|move|p1a: Basculegion|Last Respects|p2b: Charizard
|-damage|p2b: Charizard|0 fnt
|faint|p2b: Charizard
|move|p1b: Ninetales|Blizzard|p2a: Garchomp
|-supereffective|p2a: Garchomp|2
|-damage|p2a: Garchomp|0 fnt
|faint|p2a: Garchomp
|
|-weather|Snowscape|[upkeep]
|upkeep
|-message|vilan333 forfeited.
|
|win|devinlewisd
|l|☆vilan333
|player|p2|
|j|☆vilan333
|player|p2|vilan333|marshal|
