|j|☆mr_cool_banger
|j|☆Pietplezier7
|html|mr_cool_bangerPietplezier7    
|uhtml|bestof|Game 1 of a best-of-3
|t:|1785950333
|gametype|doubles
|player|p1|mr_cool_banger|1|
|player|p2|Pietplezier7|zinnia|
|gen|9
|tier|[Gen 9 Champions] VGC 2026 Reg M-B (Bo3)
|rule|Species Clause: Limit one of each Pokémon
|rule|Item Clause: Limit 1 of each item
|clearpoke
|poke|p1|Farigiraf, L50, F|
|poke|p1|Incineroar, L50, M|
|poke|p1|Hatterene, L50, F|
|poke|p1|Torkoal, L50, M|
|poke|p1|Mawile, L50, M|
|poke|p1|Armarouge, L50, F|
|poke|p2|Raichu, L50, F|
|poke|p2|Staraptor, L50, F|
|poke|p2|Arcanine-Hisui, L50, M|
|poke|p2|Farigiraf, L50, M|
|poke|p2|Sylveon, L50, F|
|poke|p2|Kingambit, L50, M|
|teampreview|4
|showteam|p1|Farigiraf||SitrusBerry|ArmorTail|Psychic,TrickRoom,HelpingHand,HyperVoice|Modest||F|||50|]Incineroar||Leftovers|Intimidate|FakeOut,PartingShot,ThroatChop,FlareBlitz|Adamant||M|||50|]Hatterene||LifeOrb|MagicBounce|Protect,DazzlingGleam,TrickRoom,Psychic|Quiet||F|||50|]Torkoal||Charcoal|Drought|Protect,SolarBeam,HeatCrash,Eruption|Quiet||M|||50|]Mawile||Mawilite|Intimidate|IronHead,SuckerPunch,Protect,PlayRough|Brave||M|||50|]Armarouge||FocusSash|FlashFire|WideGuard,TrickRoom,Psychic,ArmorCannon|Quiet||F|||50|
|showteam|p2|Raichu||RaichuniteY|LightningRod|ZapCannon,FocusBlast,FakeOut,Protect|Timid||F|||50|]Staraptor||Staraptite|Intimidate|CloseCombat,DualWingbeat,Tailwind,Protect|Jolly||F|||50|]Arcanine-Hisui||FocusSash|RockHead|FlareBlitz,HeadSmash,ExtremeSpeed,Protect|Jolly||M|||50|]Farigiraf||SitrusBerry|ArmorTail|Psychic,HelpingHand,TrickRoom,Protect|Calm||M|||50|]Sylveon||FairyFeather|Pixilate|HyperVoice,QuickAttack,HyperBeam,Detect|Modest||F|||50|]Kingambit||LifeOrb|Defiant|KowtowCleave,SuckerPunch,SwordsDance,Protect|Adamant||M|||50|
|inactive|Battle timer is ON: inactive players will automatically lose when time's up. (requested by mr_cool_banger)
|c|☆Pietplezier7|glhf!
|inactive|mr_cool_banger has 60 seconds left.
|inactive|Pietplezier7 has 60 seconds left.
|inactive|Pietplezier7 has 30 seconds left.
|inactive|Pietplezier7 has 20 seconds left.
|inactive|Pietplezier7 has 15 seconds left.
|
|t:|1785950411
|teamsize|p1|4
|teamsize|p2|4
|start
|switch|p1a: Farigiraf|Farigiraf, L50, F|100/100
|switch|p1b: Incineroar|Incineroar, L50, M|100/100
|switch|p2a: Kingambit|Kingambit, L50, M|100/100
|switch|p2b: Staraptor|Staraptor, L50, F|100/100
|-ability|p2b: Staraptor|Intimidate|boost
|-unboost|p1a: Farigiraf|atk|1
|-unboost|p1b: Incineroar|atk|1
|-ability|p1b: Incineroar|Intimidate|boost
|-unboost|p2a: Kingambit|atk|1
|-ability|p2a: Kingambit|Defiant|boost
|-boost|p2a: Kingambit|atk|2
|-unboost|p2b: Staraptor|atk|1
|turn|1
|
|t:|1785950431
|detailschange|p2b: Staraptor|Staraptor-Mega, L50, F
|-mega|p2b: Staraptor|Staraptor|Staraptite
|move|p1b: Incineroar|Fake Out|p2a: Kingambit
|-resisted|p2a: Kingambit|1
|-damage|p2a: Kingambit|96/100
|move|p2b: Staraptor|Close Combat|p1b: Incineroar
|-supereffective|p1b: Incineroar|1
|-damage|p1b: Incineroar|16/100
|-boost|p2b: Staraptor|def|1
|-boost|p2b: Staraptor|spd|1
|cant|p2a: Kingambit|flinch
|move|p1a: Farigiraf|Trick Room|p1a: Farigiraf
|-fieldstart|move: Trick Room|[of] p1a: Farigiraf
|
|-heal|p1b: Incineroar|22/100|[from] item: Leftovers
|upkeep
|turn|2
|inactive|Pietplezier7 has 30 seconds left.
|inactive|Pietplezier7 has 20 seconds left.
|inactive|Pietplezier7 has 15 seconds left.
|
|t:|1785950473
|switch|p1a: Torkoal|Torkoal, L50, M|100/100
|-weather|SunnyDay|[from] ability: Drought|[of] p1a: Torkoal
|move|p2a: Kingambit|Kowtow Cleave|p1a: Torkoal
|-damage|p1a: Torkoal|24/100
|-damage|p2a: Kingambit|86/100|[from] item: Life Orb
|move|p1b: Incineroar|Flare Blitz|p2a: Kingambit
|-supereffective|p2a: Kingambit|1
|-damage|p2a: Kingambit|8/100
|-damage|p1b: Incineroar|0 fnt|[from] Recoil
|faint|p1b: Incineroar
|move|p2b: Staraptor|Close Combat|p1a: Torkoal
|-crit|p1a: Torkoal
|-damage|p1a: Torkoal|0 fnt
|-boost|p2b: Staraptor|def|1
|-boost|p2b: Staraptor|spd|1
|faint|p1a: Torkoal
|
|-weather|SunnyDay|[upkeep]
|upkeep
|
|t:|1785950487
|switch|p1a: Hatterene|Hatterene, L50, F|100/100
|switch|p1b: Farigiraf|Farigiraf, L50, F|100/100
|turn|3
|
|t:|1785950504
|move|p1b: Farigiraf|Helping Hand|p1a: Hatterene
|-singleturn|p1a: Hatterene|Helping Hand|[of] p1b: Farigiraf
|move|p2a: Kingambit|Protect|p2a: Kingambit
|-singleturn|p2a: Kingambit|Protect
|move|p2b: Staraptor|Protect|p2b: Staraptor
|-singleturn|p2b: Staraptor|Protect
|move|p1a: Hatterene|Dazzling Gleam|p2b: Staraptor|[spread] 
|-activate|p2a: Kingambit|move: Protect
|-activate|p2b: Staraptor|move: Protect
|
|-weather|SunnyDay|[upkeep]
|upkeep
|turn|4
|inactive|Pietplezier7 has 30 seconds left.
|
|t:|1785950536
|move|p1b: Farigiraf|Helping Hand|p1a: Hatterene
|-singleturn|p1a: Hatterene|Helping Hand|[of] p1b: Farigiraf
|move|p1a: Hatterene|Dazzling Gleam|p2b: Staraptor|[spread] p2a,p2b
|-supereffective|p2b: Staraptor|1
|-damage|p2a: Kingambit|0 fnt
|-damage|p2b: Staraptor|28/100
|faint|p2a: Kingambit
|-damage|p1a: Hatterene|90/100|[from] item: Life Orb
|move|p2b: Staraptor|Close Combat|p1b: Farigiraf
|-crit|p1b: Farigiraf
|-damage|p1b: Farigiraf|2/100
|-boost|p2b: Staraptor|def|1
|-boost|p2b: Staraptor|spd|1
|-enditem|p1b: Farigiraf|Sitrus Berry|[eat]
|-heal|p1b: Farigiraf|26/100|[from] item: Sitrus Berry
|
|-weather|SunnyDay|[upkeep]
|upkeep
|
|t:|1785950556
|switch|p2a: Sylveon|Sylveon, L50, F|100/100
|turn|5
|
|t:|1785950565
|move|p2b: Staraptor|Protect|p2b: Staraptor
|-singleturn|p2b: Staraptor|Protect
|move|p1a: Hatterene|Dazzling Gleam|p2a: Sylveon|[spread] p2a
|-activate|p2b: Staraptor|move: Protect
|-damage|p2a: Sylveon|66/100
|-damage|p1a: Hatterene|80/100|[from] item: Life Orb
|move|p2a: Sylveon|Hyper Voice|p1b: Farigiraf|[spread] p1a,p1b
|-damage|p1a: Hatterene|34/100
|-damage|p1b: Farigiraf|0 fnt
|faint|p1b: Farigiraf
|
|-weather|SunnyDay|[upkeep]
|-fieldend|move: Trick Room
|upkeep
|turn|6
|
|t:|1785950580
|move|p2b: Staraptor|Dual Wingbeat|p1a: Hatterene
|-damage|p1a: Hatterene|17/100
|-damage|p1a: Hatterene|1/100
|-hitcount|p1a: Hatterene|2
|move|p2a: Sylveon|Hyper Voice|p1a: Hatterene
|-damage|p1a: Hatterene|0 fnt
|faint|p1a: Hatterene
|
|win|Pietplezier7
||Pietplezier7 is ready for game 2.
|inactive|mr_cool_banger has 30 seconds to confirm battle start!
||mr_cool_banger is ready for game 2.
|uhtml|next|Next: Game 2 of 3
