|j|☆Frankieon
|j|☆wade connects
|html|Frankieonwade connects    
|uhtml|bestof|Game 1 of a best-of-3
|t:|1757911584
|gametype|doubles
|player|p1|Frankieon|acetrainerf-gen4dp|1304
|player|p2|wade connects|266|1274
|gen|9
|tier|[Gen 9] VGC 2025 Reg H (Bo3)
|rated|
|rule|Species Clause: Limit one of each Pokémon
|rule|Item Clause: Limit 1 of each item
|clearpoke
|poke|p1|Gholdengo, L50|
|poke|p1|Grimmsnarl, L50, M|
|poke|p1|Archaludon, L50, F|
|poke|p1|Pelipper, L50, M|
|poke|p1|Ursaluna, L50, F|
|poke|p1|Sinistcha, L50|
|poke|p2|Malamar, L50, F|
|poke|p2|Indeedee-F, L50, F|
|poke|p2|Hatterene, L50, F|
|poke|p2|Torkoal, L50, F|
|poke|p2|Ursaluna, L50, M|
|poke|p2|Lilligant-Hisui, L50, F|
|teampreview|4
|showteam|p1|Gholdengo||Leftovers|GoodasGold|MakeItRain,ShadowBall,NastyPlot,Protect||||||50|,,,,,Water]Grimmsnarl||LightClay|Prankster|LightScreen,Reflect,ThunderWave,SpiritBreak|||M|||50|,,,,,Ghost]Archaludon||AssaultVest|Stamina|DracoMeteor,ElectroShot,BodyPress,FlashCannon|||F|||50|,,,,,Electric]Pelipper||FocusSash|Drizzle|MuddyWater,Hurricane,Tailwind,Protect|||M|||50|,,,,,Ghost]Ursaluna||FlameOrb|Guts|Facade,HeadlongRush,Earthquake,Protect|||F|||50|,,,,,Ghost]Sinistcha||SitrusBerry|Hospitality|TrickRoom,MatchaGotcha,LifeDew,RagePowder||||||50|,,,,,Dark
|showteam|p2|Malamar||SafetyGoggles|Contrary|Protect,TrickRoom,Superpower,KnockOff|||F|||50|,,,,,Water]Indeedee-F||PsychicSeed|PsychicSurge|Protect,HelpingHand,FollowMe,TrickRoom|||F|||50|,,,,,Grass]Hatterene||LifeOrb|MagicBounce|Protect,TrickRoom,ExpandingForce,DazzlingGleam|||F|||50|,,,,,Water]Torkoal||Charcoal|Drought|Protect,Overheat,Eruption,HeatWave|||F|||50|,,,,,Fire]Ursaluna||FlameOrb|Guts|Protect,Facade,HeadlongRush,SwordsDance|||M|||50|,,,,,Ghost]Lilligant-Hisui||FocusSash|Chlorophyll|AfterYou,SleepPowder,LeafBlade,CloseCombat|||F|||50|,,,,,Ghost
|
|t:|1757911712
|teamsize|p1|4
|teamsize|p2|4
|start
|switch|p1a: Gholdengo|Gholdengo, L50|100/100
|switch|p1b: Grimmsnarl|Grimmsnarl, L50, M|100/100
|switch|p2a: Indeedee|Indeedee-F, L50, F, shiny|100/100
|switch|p2b: Hatterene|Hatterene, L50, F|100/100
|-fieldstart|move: Psychic Terrain|[from] ability: Psychic Surge|[of] p2a: Indeedee
|-enditem|p2a: Indeedee|Psychic Seed
|-boost|p2a: Indeedee|spd|1|[from] item: Psychic Seed
|turn|1
|
|t:|1757911753
|-terastallize|p2b: Hatterene|Water
|move|p1b: Grimmsnarl|Light Screen|p1b: Grimmsnarl
|-sidestart|p1: Frankieon|move: Light Screen
|move|p1a: Gholdengo|Nasty Plot|p1a: Gholdengo
|-boost|p1a: Gholdengo|spa|2
|move|p2b: Hatterene|Dazzling Gleam|p1a: Gholdengo|[spread] p1a,p1b
|-resisted|p1a: Gholdengo
|-supereffective|p1b: Grimmsnarl
|-damage|p1a: Gholdengo|84/100
|-damage|p1b: Grimmsnarl|44/100
|-damage|p2b: Hatterene|91/100|[from] item: Life Orb
|move|p2a: Indeedee|Trick Room|p2a: Indeedee
|-fieldstart|move: Trick Room|[of] p2a: Indeedee
|
|-heal|p1a: Gholdengo|90/100|[from] item: Leftovers
|upkeep
|turn|2
|
|t:|1757911804
|move|p2a: Indeedee|Follow Me|p2a: Indeedee
|-singleturn|p2a: Indeedee|move: Follow Me
|move|p1b: Grimmsnarl|Reflect|p1b: Grimmsnarl
|-sidestart|p1: Frankieon|Reflect
|move|p2b: Hatterene|Dazzling Gleam|p1b: Grimmsnarl|[spread] p1a,p1b
|-resisted|p1a: Gholdengo
|-supereffective|p1b: Grimmsnarl
|-damage|p1a: Gholdengo|75/100
|-damage|p1b: Grimmsnarl|0 fnt
|faint|p1b: Grimmsnarl
|-damage|p2b: Hatterene|81/100|[from] item: Life Orb
|move|p1a: Gholdengo|Make It Rain|p2b: Hatterene|[spread] p2a,p2b
|-resisted|p2b: Hatterene
|-damage|p2a: Indeedee|55/100
|-damage|p2b: Hatterene|41/100
|-unboost|p1a: Gholdengo|spa|1
|
|-heal|p1a: Gholdengo|81/100|[from] item: Leftovers
|upkeep
|
|t:|1757911833
|switch|p1b: Ursaluna|Ursaluna, L50, F|100/100
|turn|3
|
|t:|1757911873
|move|p2a: Indeedee|Helping Hand|p2b: Hatterene
|-singleturn|p2b: Hatterene|Helping Hand|[of] p2a: Indeedee
|move|p1b: Ursaluna|Protect|p1b: Ursaluna
|-singleturn|p1b: Ursaluna|Protect
|move|p2b: Hatterene|Expanding Force|p1a: Gholdengo|[spread] p1a
|-activate|p1b: Ursaluna|move: Protect
|-resisted|p1a: Gholdengo
|-damage|p1a: Gholdengo|34/100
|-damage|p2b: Hatterene|31/100|[from] item: Life Orb
|move|p1a: Gholdengo|Shadow Ball|p2b: Hatterene
|-damage|p2b: Hatterene|0 fnt
|faint|p2b: Hatterene
|
|-heal|p1a: Gholdengo|40/100|[from] item: Leftovers
|-status|p1b: Ursaluna|brn|[from] item: Flame Orb
|upkeep
|
|t:|1757911890
|switch|p2b: Malamar|Malamar, L50, F, shiny|100/100
|turn|4
|
|t:|1757911950
|move|p2a: Indeedee|Protect|p2a: Indeedee
|-singleturn|p2a: Indeedee|Protect
|move|p2b: Malamar|Knock Off|p1a: Gholdengo
|-supereffective|p1a: Gholdengo
|-damage|p1a: Gholdengo|0 fnt
|-enditem|p1a: Gholdengo|Leftovers|[from] move: Knock Off|[of] p2b: Malamar
|faint|p1a: Gholdengo
|move|p1b: Ursaluna|Facade|p2a: Indeedee
|-activate|p2a: Indeedee|move: Protect
|
|-damage|p1b: Ursaluna|94/100 brn|[from] brn
|upkeep
|
|t:|1757911963
|switch|p1a: Pelipper|Pelipper, L50, M|100/100
|-weather|RainDance|[from] ability: Drizzle|[of] p1a: Pelipper
|turn|5
|
|t:|1757911980
|switch|p2a: Torkoal|Torkoal, L50, F|100/100
|-weather|SunnyDay|[from] ability: Drought|[of] p2a: Torkoal
|move|p2b: Malamar|Superpower|p1b: Ursaluna
|-supereffective|p1b: Ursaluna
|-damage|p1b: Ursaluna|57/100 brn
|-boost|p2b: Malamar|atk|1
|-boost|p2b: Malamar|def|1
|move|p1b: Ursaluna|Earthquake|p2b: Malamar|[spread] p2a,p2b
|-immune|p1a: Pelipper
|-supereffective|p2a: Torkoal
|-damage|p2a: Torkoal|0 fnt
|-damage|p2b: Malamar|58/100
|faint|p2a: Torkoal
|move|p1a: Pelipper|Muddy Water|p2b: Malamar
|-damage|p2b: Malamar|37/100
|-boost|p2b: Malamar|accuracy|1
|
|-weather|SunnyDay|[upkeep]
|-damage|p1b: Ursaluna|51/100 brn|[from] brn
|-fieldend|move: Trick Room
|-fieldend|move: Psychic Terrain
|upkeep
|
|t:|1757912000
|switch|p2a: Indeedee|Indeedee-F, L50, F, shiny|55/100
|-fieldstart|move: Psychic Terrain|[from] ability: Psychic Surge|[of] p2a: Indeedee
|turn|6
|
|t:|1757912011
|move|p1a: Pelipper|Tailwind|p1a: Pelipper
|-sidestart|p1: Frankieon|move: Tailwind
|move|p1b: Ursaluna|Earthquake|p2a: Indeedee|[spread] p2a,p2b
|-immune|p1a: Pelipper
|-damage|p2a: Indeedee|0 fnt
|-damage|p2b: Malamar|0 fnt
|faint|p2a: Indeedee
|faint|p2b: Malamar
|
|win|Frankieon
||Frankieon is ready for game 2.
|inactive|wade connects has 30 seconds to confirm battle start!
||wade connects is ready for game 2.
|uhtml|next|Next: Game 2 of 3
