|j|☆p1ch1pichi
|j|☆narutothe19
|html|p1ch1pichinarutothe19    
|uhtml|bestof|Game 1 of a best-of-3
|t:|1785145093
|gametype|doubles
|player|p1|p1ch1pichi|n|1108
|player|p2|narutothe19|bellelba|1000
|gen|9
|tier|[Gen 9 Champions] VGC 2026 Reg M-B (Bo3)
|rated|
|rule|Species Clause: Limit one of each Pokémon
|rule|Item Clause: Limit 1 of each item
|clearpoke
|poke|p1|Raichu, L50, M, shiny|
|poke|p1|Meganium, L50, M, shiny|
|poke|p1|Pelipper, L50, M|
|poke|p1|Archaludon, L50, M|
|poke|p1|Sableye, L50, M|
|poke|p1|Basculegion, L50, M|
|poke|p2|Staraptor, L50, F|
|poke|p2|Tyranitar, L50, M|
|poke|p2|Gholdengo, L50|
|poke|p2|Milotic, L50, M|
|poke|p2|Sinistcha, L50|
|poke|p2|Excadrill, L50, M|
|teampreview|4
|showteam|p1|Raichu||RaichuniteX|LightningRod|Protect,FakeOut,VoltSwitch,RisingVoltage|Timid||M|||50|]Meganium||Meganiumite|Overgrow|Protect,SolarBeam,WeatherBall,DazzlingGleam|Modest||M|||50|]Pelipper||FocusSash|Drizzle|Soak,Tailwind,Hurricane,WeatherBall|Timid||M|||50|]Archaludon||Leftovers|Stamina|ElectroShot,AuraSphere,DracoMeteor,Protect|Modest||M|||50|]Sableye||RoseliBerry|Prankster|Quash,Reflect,LightScreen,RainDance|Bold||M|||50|]Basculegion||ChoiceScarf|Adaptability|FlipTurn,WaveCrash,AquaJet,LastRespects|Jolly||M|||50|
|showteam|p2|Staraptor||Staraptite|Intimidate|CloseCombat,BraveBird,Protect,Tailwind|Jolly||F|||50|]Tyranitar||Tyranitarite|SandStream|KnockOff,HighHorsepower,RockSlide,Protect|Jolly||M|||50|]Gholdengo||LifeOrb|GoodasGold|MakeItRain,DazzlingGleam,Protect,NastyPlot|Modest|||||50|]Milotic||SitrusBerry|Competitive|Scald,IcyWind,Protect,Haze|Timid||M|||50|]Sinistcha||ColburBerry|Hospitality|MatchaGotcha,RagePowder,ShadowBall,Protect|Bold|||||50|]Excadrill||FocusSash|SandRush|IronHead,Earthquake,RockSlide,Protect|Jolly||M|||50|
|inactive|Battle timer is ON: inactive players will automatically lose when time's up. (requested by p1ch1pichi)
|inactive|narutothe19 also wants the timer to be on.
|inactive|narutothe19 has 60 seconds left.
|
|t:|1785145132
|teamsize|p1|4
|teamsize|p2|4
|start
|switch|p1a: Hikaru|Raichu, L50, M, shiny|100/100
|switch|p1b: San Juanico|Archaludon, L50, M|100/100
|switch|p2a: Tyranitar|Tyranitar, L50, M|100/100
|switch|p2b: Staraptor|Staraptor, L50, F|100/100
|-ability|p2b: Staraptor|Intimidate|boost
|-unboost|p1a: Hikaru|atk|1
|-unboost|p1b: San Juanico|atk|1
|-weather|Sandstorm|[from] ability: Sand Stream|[of] p2a: Tyranitar
|turn|1
|inactive|p1ch1pichi has 30 seconds left.
|
|t:|1785145158
|detailschange|p1a: Hikaru|Raichu-Mega-X, L50, M, shiny
|-mega|p1a: Hikaru|Raichu|Raichunite X
|-fieldstart|move: Electric Terrain|[from] ability: Electric Surge|[of] p1a: Hikaru
|move|p1a: Hikaru|Volt Switch|p2b: Staraptor
|-supereffective|p2b: Staraptor|1
|-damage|p2b: Staraptor|17/100
|
|t:|1785145163
|switch|p1a: Inidoro|Pelipper, L50, M|100/100|[from] Volt Switch
|-weather|RainDance|[from] ability: Drizzle|[of] p1a: Inidoro
|move|p2b: Staraptor|Close Combat|p1b: San Juanico
|-supereffective|p1b: San Juanico|1
|-damage|p1b: San Juanico|50/100g
|-unboost|p2b: Staraptor|def|1
|-unboost|p2b: Staraptor|spd|1
|-ability|p1b: San Juanico|Stamina|boost
|-boost|p1b: San Juanico|def|1
|move|p2a: Tyranitar|High Horsepower|p1a: Inidoro
|-immune|p1a: Inidoro
|move|p1b: San Juanico|Aura Sphere|p2a: Tyranitar
|-supereffective|p2a: Tyranitar|2
|-damage|p2a: Tyranitar|12/100
|
|-weather|RainDance|[upkeep]
|-heal|p1b: San Juanico|56/100|[from] item: Leftovers
|upkeep
|turn|2
|
|t:|1785145187
|detailschange|p2a: Tyranitar|Tyranitar-Mega, L50, M
|-mega|p2a: Tyranitar|Tyranitar|Tyranitarite
|-weather|Sandstorm|[from] ability: Sand Stream|[of] p2a: Tyranitar
|move|p2b: Staraptor|Close Combat|p1b: San Juanico
|-supereffective|p1b: San Juanico|1
|-damage|p1b: San Juanico|23/100
|-unboost|p2b: Staraptor|def|1
|-unboost|p2b: Staraptor|spd|1
|-ability|p1b: San Juanico|Stamina|boost
|-boost|p1b: San Juanico|def|1
|move|p2a: Tyranitar|Rock Slide|p1a: Inidoro|[spread] p1a,p1b
|-supereffective|p1a: Inidoro|1
|-resisted|p1b: San Juanico|1
|-damage|p1a: Inidoro|8/100
|-damage|p1b: San Juanico|18/100
|-ability|p1b: San Juanico|Stamina|boost
|-boost|p1b: San Juanico|def|1
|move|p1a: Inidoro|Tailwind|p1a: Inidoro
|-sidestart|p1: p1ch1pichi|move: Tailwind
|move|p1b: San Juanico|Electro Shot||[still]
|-prepare|p1b: San Juanico|Electro Shot
|-boost|p1b: San Juanico|spa|1
|
|-weather|Sandstorm|[upkeep]
|-damage|p1a: Inidoro|2/100|[from] Sandstorm
|-damage|p2b: Staraptor|11/100|[from] Sandstorm
|-heal|p1b: San Juanico|24/100|[from] item: Leftovers
|upkeep
|turn|3
|
|t:|1785145212
|switch|p1a: High Tide|Basculegion, L50, M|100/100
|move|p2b: Staraptor|Protect|p2b: Staraptor
|-singleturn|p2b: Staraptor|Protect
|move|p2a: Tyranitar|Protect|p2a: Tyranitar
|-singleturn|p2a: Tyranitar|Protect
|move|p1b: San Juanico|Electro Shot|p2b: Staraptor|[from] lockedmove
|-activate|p2b: Staraptor|move: Protect
|
|-weather|Sandstorm|[upkeep]
|-damage|p1a: High Tide|93/100|[from] Sandstorm
|-damage|p2b: Staraptor|5/100|[from] Sandstorm
|-heal|p1b: San Juanico|30/100|[from] item: Leftovers
|upkeep
|turn|4
|
|t:|1785145229
|move|p1a: High Tide|Flip Turn|p2a: Tyranitar
|-supereffective|p2a: Tyranitar|1
|-crit|p2a: Tyranitar
|-damage|p2a: Tyranitar|0 fnt
|faint|p2a: Tyranitar
|
|t:|1785145234
|switch|p1a: Inidoro|Pelipper, L50, M|2/100|[from] Flip Turn
|-weather|RainDance|[from] ability: Drizzle|[of] p1a: Inidoro
|move|p1b: San Juanico|Electro Shot||[still]
|-prepare|p1b: San Juanico|Electro Shot
|-boost|p1b: San Juanico|spa|1
|-anim|p1b: San Juanico|Electro Shot|p2b: Staraptor
|-supereffective|p2b: Staraptor|1
|-damage|p2b: Staraptor|0 fnt
|faint|p2b: Staraptor
|
|-weather|RainDance|[upkeep]
|-heal|p1b: San Juanico|36/100|[from] item: Leftovers
|upkeep
|
|t:|1785145243
|switch|p2b: Gholdengo|Gholdengo, L50|100/100
|switch|p2a: Excadrill|Excadrill, L50, M|100/100
|turn|5
|
|t:|1785145262
|move|p1a: Inidoro|Weather Ball|p2a: Excadrill
|-supereffective|p2a: Excadrill|1
|-enditem|p2a: Excadrill|Focus Sash
|-damage|p2a: Excadrill|1/100
|move|p1b: San Juanico|Electro Shot||[still]
|-prepare|p1b: San Juanico|Electro Shot
|-boost|p1b: San Juanico|spa|1
|-anim|p1b: San Juanico|Electro Shot|p2b: Gholdengo
|-damage|p2b: Gholdengo|0 fnt
|faint|p2b: Gholdengo
|move|p2a: Excadrill|Rock Slide|p1b: San Juanico|[spread] p1a
|-miss|p2a: Excadrill|p1b: San Juanico
|-supereffective|p1a: Inidoro|1
|-crit|p1a: Inidoro
|-damage|p1a: Inidoro|0 fnt
|faint|p1a: Inidoro
|
|-weather|RainDance|[upkeep]
|-heal|p1b: San Juanico|42/100|[from] item: Leftovers
|-sideend|p1: p1ch1pichi|move: Tailwind
|-fieldend|move: Electric Terrain
|upkeep
|
|t:|1785145279
|switch|p1a: Hikaru|Raichu-Mega-X, L50, M, shiny|100/100
|-fieldstart|move: Electric Terrain|[from] ability: Electric Surge|[of] p1a: Hikaru
|turn|6
|
|t:|1785145287
|move|p1a: Hikaru|Fake Out|p2a: Excadrill
|-resisted|p2a: Excadrill|1
|-damage|p2a: Excadrill|0 fnt
|faint|p2a: Excadrill
|
|win|p1ch1pichi
||p1ch1pichi is ready for game 2.
||narutothe19 is ready for game 2.
|uhtml|next|Next: Game 2 of 3
