|j|☆Crying Flurmels
|j|☆Mortipherus
|html|Crying FlurmelsMortipherus    
|uhtml|bestof|Game 1 of a best-of-3
|t:|1756314160
|gametype|doubles
|player|p1|Crying Flurmels|102|
|player|p2|Mortipherus|biker-gen4|
|gen|9
|tier|[Gen 9] VGC 2025 Reg H (Bo3)
|rule|Species Clause: Limit one of each Pokémon
|rule|Item Clause: Limit 1 of each item
|clearpoke
|poke|p1|Murkrow, L50, M|
|poke|p1|Volcarona, L50, M|
|poke|p1|Sneasler, L50, F|
|poke|p1|Kingambit, L50, M|
|poke|p1|Dragonite, L50, F|
|poke|p1|Rillaboom, L50, M|
|poke|p2|Hydrapple, L50, F|
|poke|p2|Arcanine-Hisui, L50, F|
|poke|p2|Gholdengo, L50|
|poke|p2|Electabuzz, L50, F|
|poke|p2|Indeedee, L50, M|
|poke|p2|Sneasler, L50, F|
|teampreview|4
|showteam|p1|Murkrow||Eviolite|Prankster|FoulPlay,Tailwind,Haze,Taunt|||M|||50|,,,,,Ghost]Volcarona||CovertCloak|FlameBody|HeatWave,TeraBlast,QuiverDance,Protect|||M|||50|,,,,,Water]Sneasler||GrassySeed|Unburden|DireClaw,CloseCombat,Protect,Coaching|||F|||50|,,,,,Stellar]Kingambit||BlackGlasses|Defiant|KowtowCleave,SuckerPunch,SwordsDance,Protect|||M|||50|,,,,,Dark]Dragonite||ChoiceBand|InnerFocus|Outrage,StompingTantrum,LowKick,ExtremeSpeed|||F|||50|,,,,,Normal]Rillaboom||MiracleSeed|GrassySurge|WoodHammer,GrassyGlide,Uturn,FakeOut|||M|||50|,,,,,Fire
|showteam|p2|Hydrapple||AssaultVest|Regenerator|FickleBeam,EnergyBall,EarthPower,PollenPuff|||F|||50|,,,,,Bug]Arcanine-Hisui||ClearAmulet|Intimidate|Protect,ExtremeSpeed,FlareBlitz,RockSlide|||F|||50|,,,,,Grass]Gholdengo||LifeOrb|GoodasGold|Protect,NastyPlot,MakeItRain,ShadowBall||||||50|,,,,,Flying]Electabuzz||Eviolite|VitalSpirit|Protect,FollowMe,Taunt,Electroweb|||F|||50|,,,,,Dragon]Indeedee||FocusSash|PsychicSurge|Protect,TrickRoom,ExpandingForce,TeraBlast|||M|||50|,,,,,Ground]Sneasler||PsychicSeed|Unburden|Protect,ThroatChop,DireClaw,CloseCombat|||F|||50|,,,,,Dark
|c|☆Crying Flurmels|glhf
|c|☆Mortipherus|Gl hf
|
|t:|1756314206
|teamsize|p1|4
|teamsize|p2|4
|start
|switch|p1a: Murkrow|Murkrow, L50, M, shiny|100/100
|switch|p1b: Dragonite|Dragonite, L50, F, shiny|100/100
|switch|p2a: Sneasler|Sneasler, L50, F|100/100
|switch|p2b: Arcanine|Arcanine-Hisui, L50, F|100/100
|-ability|p2b: Arcanine|Intimidate|boost
|-unboost|p1a: Murkrow|atk|1
|-fail|p1b: Dragonite|unboost|Attack|[from] ability: Inner Focus|[of] p1b: Dragonite
|turn|1
|
|t:|1756314229
|switch|p2a: Indeedee|Indeedee, L50, M|100/100
|-fieldstart|move: Psychic Terrain|[from] ability: Psychic Surge|[of] p2a: Indeedee
|move|p1a: Murkrow|Tailwind|p1a: Murkrow
|-sidestart|p1: Crying Flurmels|move: Tailwind
|move|p1b: Dragonite|Outrage|p2a: Indeedee
|-enditem|p2a: Indeedee|Focus Sash
|-damage|p2a: Indeedee|1/100
|move|p2b: Arcanine|Rock Slide|p1b: Dragonite|[spread] p1a,p1b
|-supereffective|p1a: Murkrow
|-supereffective|p1b: Dragonite
|-damage|p1a: Murkrow|50/100
|-damage|p1b: Dragonite|39/100
|
|upkeep
|turn|2
|
|t:|1756314260
|move|p2a: Indeedee|Protect|p2a: Indeedee
|-singleturn|p2a: Indeedee|Protect
|move|p1b: Dragonite|Outrage|p2b: Arcanine|[from] lockedmove
|-damage|p2b: Arcanine|0 fnt
|faint|p2b: Arcanine
|-start|p1b: Dragonite|confusion|[fatigue]
|move|p1a: Murkrow|Foul Play|p2a: Indeedee
|-activate|p2a: Indeedee|move: Protect
|
|upkeep
|
|t:|1756314272
|switch|p2b: Sneasler|Sneasler, L50, F|100/100
|-enditem|p2b: Sneasler|Psychic Seed
|-boost|p2b: Sneasler|spd|1|[from] item: Psychic Seed
|turn|3
|
|t:|1756314282
|switch|p2a: Hydrapple|Hydrapple, L50, F|100/100
|move|p2b: Sneasler|Dire Claw|p1b: Dragonite
|-damage|p1b: Dragonite|0 fnt
|faint|p1b: Dragonite
|move|p1a: Murkrow|Foul Play|p2b: Sneasler
|-resisted|p2b: Sneasler
|-damage|p2b: Sneasler|51/100
|
|upkeep
|
|t:|1756314293
|switch|p1b: Sneasler|Sneasler, L50, F, shiny|100/100
|turn|4
|
|t:|1756314314
|move|p1b: Sneasler|Protect|p1b: Sneasler
|-singleturn|p1b: Sneasler|Protect
|move|p2b: Sneasler|Dire Claw|p1a: Murkrow
|-damage|p1a: Murkrow|8/100
|move|p1a: Murkrow|Foul Play|p2b: Sneasler
|-resisted|p2b: Sneasler
|-damage|p2b: Sneasler|8/100
|move|p2a: Hydrapple|Earth Power|p1b: Sneasler
|-activate|p1b: Sneasler|move: Protect
|
|-sideend|p1: Crying Flurmels|move: Tailwind
|upkeep
|turn|5
|
|t:|1756314352
|-terastallize|p2a: Hydrapple|Bug
|move|p1a: Murkrow|Tailwind|p1a: Murkrow
|-sidestart|p1: Crying Flurmels|move: Tailwind
|move|p1b: Sneasler|Dire Claw|p2a: Hydrapple
|-damage|p2a: Hydrapple|65/100
|move|p2b: Sneasler|Dire Claw|p1a: Murkrow
|-damage|p1a: Murkrow|0 fnt
|faint|p1a: Murkrow
|move|p2a: Hydrapple|Earth Power|p1b: Sneasler
|-supereffective|p1b: Sneasler
|-crit|p1b: Sneasler
|-damage|p1b: Sneasler|0 fnt
|faint|p1b: Sneasler
|
|-fieldend|move: Psychic Terrain
|upkeep
|
|t:|1756314362
|switch|p1a: Kingambit|Kingambit, L50, M, shiny|100/100
|turn|6
|
|t:|1756314378
|switch|p2a: Indeedee|Indeedee, L50, M|1/100
|-fieldstart|move: Psychic Terrain|[from] ability: Psychic Surge|[of] p2a: Indeedee
|-terastallize|p1a: Kingambit|Dark
|move|p2b: Sneasler|Close Combat|p1a: Kingambit
|-supereffective|p1a: Kingambit
|-damage|p1a: Kingambit|0 fnt
|-unboost|p2b: Sneasler|def|1
|-unboost|p2b: Sneasler|spd|1
|faint|p1a: Kingambit
|
|win|Mortipherus
||Crying Flurmels is ready for game 2.
|inactive|Mortipherus has 30 seconds to confirm battle start!
||Mortipherus is ready for game 2.
|uhtml|next|Next: Game 2 of 3
|l|☆Crying Flurmels
|player|p1|
