|j|â˜†nastyman21
|j|â˜†PamamoDaisukiKo
|html|nastyman21PamamoDaisukiKo    
|uhtml|bestof|Game 2 of a best-of-3
|t:|1756980186
|gametype|doubles
|player|p1|nastyman21|1|1112
|player|p2|PamamoDaisukiKo|dawn|1165
|gen|9
|tier|[Gen 9] VGC 2025 Reg H (Bo3)
|rated|
|rule|Species Clause: Limit one of each PokÃ©mon
|rule|Item Clause: Limit 1 of each item
|clearpoke
|poke|p1|Gholdengo, L50|
|poke|p1|Amoonguss, L50, M|
|poke|p1|Annihilape, L50, F|
|poke|p1|Incineroar, L50, M|
|poke|p1|Sneasler, L50, F|
|poke|p1|Kingambit, L50, M|
|poke|p2|Dondozo, L50, M|
|poke|p2|Tatsugiri, L50, F|
|poke|p2|Pawmot, L50, F|
|poke|p2|Annihilape, L50, M|
|poke|p2|Maushold, L50|
|poke|p2|Talonflame, L50, M|
|teampreview|4
|showteam|p1|Gholdengo||Leftovers|GoodasGold|Protect,NastyPlot,MakeItRain,ShadowBall||||||50|,,,,,Steel]Amoonguss||RockyHelmet|Regenerator|Protect,RagePowder,Spore,PollenPuff|||M|||50|,,,,,Water]Annihilape||SitrusBerry|Defiant|Protect,BulkUp,DrainPunch,RageFist|||F|||50|,,,,,Fire]Incineroar||SafetyGoggles|Intimidate|FakeOut,KnockOff,PartingShot,WillOWisp|||M|||50|,,,,,Ghost]Sneasler||FocusSash|PoisonTouch|Protect,FakeOut,DireClaw,CloseCombat|||F|||50|,,,,,Poison]Kingambit||AssaultVest|Defiant|KowtowCleave,LowKick,SuckerPunch,IronHead|||M|||50|,,,,,Flying
|showteam|p2|Dondozo||Leftovers|Unaware|OrderUp,WaveCrash,Earthquake,Protect|||M|||50|,,,,,Grass]Tatsugiri||ChoiceScarf|Commander|MuddyWater,IcyWind,DracoMeteor,DragonPulse|||F|||50|,,,,,Ghost]Pawmot||FocusSash|VoltAbsorb|DoubleShock,CloseCombat,RevivalBlessing,Protect|||F|||50|,,,,,Electric]Annihilape||SitrusBerry|Defiant|DrainPunch,RageFist,BulkUp,Protect|||M|||50|,,,,,Water]Maushold||SafetyGoggles|FriendGuard|BeatUp,Taunt,FollowMe,Protect||||||50|,,,,,Fairy]Talonflame||CovertCloak|GaleWings|DualWingbeat,FlareBlitz,Tailwind,WillOWisp|||M|||50|,,,,,Flying
|inactive|Battle timer is ON: inactive players will automatically lose when time's up. (requested by nastyman21)
|inactive|nastyman21 has 60 seconds left.
|inactive|PamamoDaisukiKo has 60 seconds left.
|
|t:|1756980247
|teamsize|p1|4
|teamsize|p2|4
|start
|switch|p1a: Sneasler|Sneasler, L50, F|100/100
|switch|p1b: Amoonguss|Amoonguss, L50, M, shiny|100/100
|switch|p2a: Talonflame|Talonflame, L50, M|100/100
|switch|p2b: Maushold|Maushold, L50|100/100
|turn|1
|inactive|PamamoDaisukiKo has 30 seconds left.
|inactive|PamamoDaisukiKo has 20 seconds left.
|
|t:|1756980283
|move|p2b: Maushold|Protect|p2b: Maushold
|-singleturn|p2b: Maushold|Protect
|move|p1a: Sneasler|Fake Out|p2b: Maushold
|-activate|p2b: Maushold|move: Protect
|move|p2a: Talonflame|Will-O-Wisp|p1a: Sneasler
|-status|p1a: Sneasler|brn
|move|p1b: Amoonguss|Spore|p2a: Talonflame
|-status|p2a: Talonflame|slp|[from] move: Spore
|
|-damage|p1a: Sneasler|95/100 brn|[from] brn
|upkeep
|turn|2
|inactive|PamamoDaisukiKo has 30 seconds left.
|inactive|PamamoDaisukiKo has 20 seconds left.
|inactive|PamamoDaisukiKo has 15 seconds left.
|inactive|PamamoDaisukiKo has 10 seconds left.
|
|t:|1756980330
|cant|p2a: Talonflame|slp
|move|p1a: Sneasler|Close Combat|p2b: Maushold
|-supereffective|p2b: Maushold
|-damage|p2b: Maushold|31/100
|-unboost|p1a: Sneasler|def|1
|-unboost|p1a: Sneasler|spd|1
|move|p2b: Maushold|Taunt|p1b: Amoonguss
|-start|p1b: Amoonguss|move: Taunt
|move|p1b: Amoonguss|Pollen Puff|p2b: Maushold
|-crit|p2b: Maushold
|-damage|p2b: Maushold|0 fnt
|faint|p2b: Maushold
|
|-damage|p1a: Sneasler|89/100 brn|[from] brn
|upkeep
|
|t:|1756980342
|switch|p2b: Annihilape|Annihilape, L50, M|100/100
|turn|3
|
|t:|1756980361
|switch|p1a: Incineroar|Incineroar, L50, M|100/100
|-ability|p1a: Incineroar|Intimidate|boost
|-unboost|p2a: Talonflame|atk|1
|-unboost|p2b: Annihilape|atk|1
|-ability|p2b: Annihilape|Defiant|boost
|-boost|p2b: Annihilape|atk|2
|cant|p2a: Talonflame|slp
|move|p2b: Annihilape|Bulk Up|p2b: Annihilape
|-boost|p2b: Annihilape|atk|1
|-boost|p2b: Annihilape|def|1
|move|p1b: Amoonguss|Pollen Puff|p1a: Incineroar
|
|upkeep
|turn|4
|inactive|PamamoDaisukiKo has 30 seconds left.
|inactive|PamamoDaisukiKo has 20 seconds left.
|inactive|PamamoDaisukiKo has 15 seconds left.
|inactive|PamamoDaisukiKo has 10 seconds left.
|
|t:|1756980408
|-terastallize|p1a: Incineroar|Ghost
|-curestatus|p2a: Talonflame|slp|[msg]
|move|p2a: Talonflame|Tailwind|p2a: Talonflame
|-sidestart|p2: PamamoDaisukiKo|move: Tailwind
|move|p2b: Annihilape|Bulk Up|p2b: Annihilape
|-boost|p2b: Annihilape|atk|1
|-boost|p2b: Annihilape|def|1
|move|p1a: Incineroar|Will-O-Wisp|p2b: Annihilape
|-status|p2b: Annihilape|brn
|move|p1b: Amoonguss|Pollen Puff|p1a: Incineroar
|
|-damage|p2b: Annihilape|94/100 brn|[from] brn
|-end|p1b: Amoonguss|move: Taunt
|upkeep
|turn|5
|inactive|PamamoDaisukiKo has 30 seconds left.
|inactive|nastyman21 has 30 seconds left.
|inactive|PamamoDaisukiKo has 20 seconds left.
|
|t:|1756980447
|move|p2b: Annihilape|Protect|p2b: Annihilape
|-singleturn|p2b: Annihilape|Protect
|move|p2a: Talonflame|Flare Blitz|p1b: Amoonguss
|-supereffective|p1b: Amoonguss
|-damage|p1b: Amoonguss|49/100
|-damage|p2a: Talonflame|84/100|[from] item: Rocky Helmet|[of] p1b: Amoonguss
|-damage|p2a: Talonflame|60/100|[from] Recoil
|move|p1a: Incineroar|Knock Off|p2b: Annihilape
|-activate|p2b: Annihilape|move: Protect
|move|p1b: Amoonguss|Spore|p2a: Talonflame
|-status|p2a: Talonflame|slp|[from] move: Spore
|
|-damage|p2b: Annihilape|88/100 brn|[from] brn
|upkeep
|turn|6
|inactive|PamamoDaisukiKo has 30 seconds left.
|inactive|PamamoDaisukiKo has 20 seconds left.
|
|t:|1756980483
|switch|p1b: Sneasler|Sneasler, L50, F|89/100 brn
|cant|p2a: Talonflame|slp
|move|p2b: Annihilape|Rage Fist|p1a: Incineroar
|-supereffective|p1a: Incineroar
|-damage|p1a: Incineroar|55/100
|move|p1a: Incineroar|Knock Off|p2b: Annihilape
|-damage|p2b: Annihilape|69/100 brn
|-enditem|p2b: Annihilape|Sitrus Berry|[from] move: Knock Off|[of] p1a: Incineroar
|
|-damage|p2b: Annihilape|62/100 brn|[from] brn
|-damage|p1b: Sneasler|83/100 brn|[from] brn
|upkeep
|turn|7
|
|t:|1756980501
|-curestatus|p2a: Talonflame|slp|[msg]
|move|p2a: Talonflame|Dual Wingbeat|p1b: Sneasler
|-supereffective|p1b: Sneasler
|-damage|p1b: Sneasler|45/100 brn
|-supereffective|p1b: Sneasler
|-damage|p1b: Sneasler|10/100 brn
|-hitcount|p1b: Sneasler|2
|move|p2b: Annihilape|Rage Fist|p1a: Incineroar
|-supereffective|p1a: Incineroar
|-damage|p1a: Incineroar|0 fnt
|faint|p1a: Incineroar
|move|p1b: Sneasler|Dire Claw|p2a: Talonflame
|-damage|p2a: Talonflame|30/100
|
|-damage|p2b: Annihilape|56/100 brn|[from] brn
|-damage|p1b: Sneasler|4/100 brn|[from] brn
|-sideend|p2: PamamoDaisukiKo|move: Tailwind
|upkeep
|
|t:|1756980516
|switch|p1a: Amoonguss|Amoonguss, L50, M, shiny|82/100
|turn|8
|inactive|PamamoDaisukiKo has 30 seconds left.
|inactive|PamamoDaisukiKo has 20 seconds left.
|
|t:|1756980551
|move|p1a: Amoonguss|Protect|p1a: Amoonguss
|-singleturn|p1a: Amoonguss|Protect
|move|p2a: Talonflame|Tailwind|p2a: Talonflame
|-sidestart|p2: PamamoDaisukiKo|move: Tailwind
|move|p2b: Annihilape|Rage Fist|p1b: Sneasler
|-damage|p1b: Sneasler|0 fnt
|faint|p1b: Sneasler
|
|-damage|p2b: Annihilape|50/100 brn|[from] brn
|upkeep
|
|t:|1756980562
|switch|p1b: Gholdengo|Gholdengo, L50|100/100
|turn|9
|inactive|nastyman21 has 30 seconds left.
|inactive|PamamoDaisukiKo has 30 seconds left.
|
|t:|1756980592
|switch|p2a: Pawmot|Pawmot, L50, F|100/100
|-terastallize|p2b: Annihilape|Water
|move|p1a: Amoonguss|Rage Powder|p1a: Amoonguss
|-singleturn|p1a: Amoonguss|move: Rage Powder
|move|p2b: Annihilape|Rage Fist|p1a: Amoonguss
|-damage|p1a: Amoonguss|31/100
|-damage|p2b: Annihilape|33/100 brn|[from] item: Rocky Helmet|[of] p1a: Amoonguss
|move|p1b: Gholdengo|Shadow Ball|p2a: Pawmot
|-damage|p2a: Pawmot|34/100
|
|-damage|p2b: Annihilape|27/100 brn|[from] brn
|upkeep
|turn|10
|inactive|nastyman21 has 30 seconds left.
|inactive|PamamoDaisukiKo has 30 seconds left.
|
|t:|1756980621
|move|p2a: Pawmot|Protect|p2a: Pawmot
|-singleturn|p2a: Pawmot|Protect
|move|p1a: Amoonguss|Rage Powder|p1a: Amoonguss
|-singleturn|p1a: Amoonguss|move: Rage Powder
|move|p2b: Annihilape|Rage Fist|p1a: Amoonguss
|-damage|p1a: Amoonguss|0 fnt
|-damage|p2b: Annihilape|10/100 brn|[from] item: Rocky Helmet|[of] p1a: Amoonguss
|faint|p1a: Amoonguss
|move|p1b: Gholdengo|Make It Rain|p2a: Pawmot|[spread] p2b
|-activate|p2a: Pawmot|move: Protect
|-resisted|p2b: Annihilape
|-damage|p2b: Annihilape|0 fnt
|-unboost|p1b: Gholdengo|spa|1
|faint|p2b: Annihilape
|
|upkeep
|
|t:|1756980623
|switch|p2b: Talonflame|Talonflame, L50, M|30/100
|turn|11
|
|t:|1756980633
|move|p2b: Talonflame|Flare Blitz|p1b: Gholdengo
|-supereffective|p1b: Gholdengo
|-damage|p1b: Gholdengo|4/100
|-damage|p2b: Talonflame|0 fnt|[from] Recoil
|faint|p2b: Talonflame
|move|p2a: Pawmot|Revival Blessing|p2a: Pawmot
|
|t:|1756980639
|-heal|p2: Annihilape|50/100|[from] move: Revival Blessing
|move|p1b: Gholdengo|Make It Rain|p2a: Pawmot
|-resisted|p2a: Pawmot
|-damage|p2a: Pawmot|0 fnt
|-unboost|p1b: Gholdengo|spa|1
|faint|p2a: Pawmot
|
|-heal|p1b: Gholdengo|10/100|[from] item: Leftovers
|-sideend|p2: PamamoDaisukiKo|move: Tailwind
|upkeep
|
|t:|1756980642
|switch|p2b: Annihilape|Annihilape, L50, M|50/100
|turn|12
|
|t:|1756980653
|move|p2b: Annihilape|Rage Fist|p1b: Gholdengo
|-supereffective|p1b: Gholdengo
|-damage|p1b: Gholdengo|0 fnt
|faint|p1b: Gholdengo
|
|win|PamamoDaisukiKo
