|j|☆la cabra1
|j|☆execute order 222
|html|la cabra1execute order 222    
|uhtml|bestof|Game 2 of a best-of-3
|t:|1783007065
|gametype|doubles
|player|p1|la cabra1|volkner|1315
|player|p2|execute order 222|courtney|1224
|gen|9
|tier|[Gen 9 Champions] VGC 2026 Reg M-B (Bo3)
|rated|
|rule|Species Clause: Limit one of each Pokémon
|rule|Item Clause: Limit 1 of each item
|clearpoke
|poke|p1|Aerodactyl, L50, F|
|poke|p1|Garchomp, L50, F|
|poke|p1|Kingambit, L50, M|
|poke|p1|Charizard, L50, M|
|poke|p1|Sylveon, L50, F|
|poke|p1|Farigiraf, L50, M|
|poke|p2|Metagross, L50, shiny|
|poke|p2|Hydreigon, L50, F|
|poke|p2|Venusaur, L50, F|
|poke|p2|Primarina, L50, M|
|poke|p2|Lycanroc-Dusk, L50, M|
|poke|p2|Talonflame, L50, F|
|teampreview|4
|showteam|p1|Aerodactyl||Aerodactylite|Unnerve|IceFang,RockSlide,Tailwind,DualWingbeat|Jolly||F|||50|]Garchomp||LifeOrb|RoughSkin|DragonClaw,StompingTantrum,Earthquake,Protect|Jolly||F|||50|]Kingambit||FocusSash|Defiant|SuckerPunch,KowtowCleave,IronHead,LowKick|Adamant||M|||50|]Charizard||CharizarditeY|SolarPower|Protect,HeatWave,SolarBeam,WeatherBall|Modest||M|||50|]Sylveon||FairyFeather|Pixilate|Protect,HyperVoice,HyperBeam,QuickAttack|Modest||F|||50|]Farigiraf||SitrusBerry|ArmorTail|TrickRoom,Thunderbolt,Psychic,Roar|Bold||M|||50|
|showteam|p2|Metagross||Metagrossite|ClearBody|IronHead,PsychicFangs,IcePunch,Protect|Jolly|||||50|]Hydreigon||LifeOrb|Levitate|DarkPulse,DracoMeteor,EarthPower,Protect|Modest||F|||50|]Venusaur||Venusaurite|Chlorophyll|GigaDrain,SludgeBomb,EarthPower,Protect|Modest||F|||50|]Primarina||ExpertBelt|LiquidVoice|HyperVoice,Moonblast,IceBeam,Protect|Modest||M|||50|]Lycanroc-Dusk||FocusSash|ToughClaws|RockSlide,CloseCombat,Accelerock,Protect|Adamant||M|||50|]Talonflame||Charcoal|GaleWings|Overheat,Tailwind,QuickGuard,Taunt|Timid||F|||50|
|inactive|Battle timer is ON: inactive players will automatically lose when time's up. (requested by execute order 222)
|inactive|la cabra1 has 60 seconds left.
|
|t:|1783007203
|teamsize|p1|4
|teamsize|p2|4
|start
|switch|p1a: Farigiraf|Farigiraf, L50, M|100/100
|switch|p1b: Charizard|Charizard, L50, M|100/100
|switch|p2a: Talonflame|Talonflame, L50, F|100/100
|switch|p2b: Metagross|Metagross, L50, shiny|100/100
|turn|1
|
|t:|1783007228
|detailschange|p2b: Metagross|Metagross-Mega, L50, shiny
|-mega|p2b: Metagross|Metagross|Metagrossite
|detailschange|p1b: Charizard|Charizard-Mega-Y, L50, M
|-mega|p1b: Charizard|Charizard|Charizardite Y
|-weather|SunnyDay|[from] ability: Drought|[of] p1b: Charizard
|move|p2b: Metagross|Protect|p2b: Metagross
|-singleturn|p2b: Metagross|Protect
|move|p2a: Talonflame|Taunt|p1a: Farigiraf
|-start|p1a: Farigiraf|move: Taunt
|move|p1b: Charizard|Heat Wave|p2b: Metagross|[spread] 
|-activate|p2b: Metagross|move: Protect
|-miss|p1b: Charizard|p2a: Talonflame
|cant|p1a: Farigiraf|move: Taunt|Trick Room
|
|-weather|SunnyDay|[upkeep]
|upkeep
|turn|2
|
|t:|1783007244
|move|p2a: Talonflame|Overheat|p1b: Charizard
|-resisted|p1b: Charizard|1
|-damage|p1b: Charizard|65/100
|-unboost|p2a: Talonflame|spa|2
|move|p2b: Metagross|Psychic Fangs|p1b: Charizard
|-damage|p1b: Charizard|7/100
|move|p1b: Charizard|Heat Wave|p2b: Metagross|[spread] p2a,p2b
|-resisted|p2a: Talonflame|1
|-supereffective|p2b: Metagross|1
|-damage|p2a: Talonflame|53/100
|-damage|p2b: Metagross|0 fnt
|faint|p2b: Metagross
|move|p1a: Farigiraf|Thunderbolt|p2a: Talonflame
|-supereffective|p2a: Talonflame|1
|-crit|p2a: Talonflame
|-damage|p2a: Talonflame|0 fnt
|faint|p2a: Talonflame
|
|-weather|SunnyDay|[upkeep]
|upkeep
|
|t:|1783007253
|switch|p2a: Lycanroc|Lycanroc-Dusk, L50, M|100/100
|switch|p2b: Hydreigon|Hydreigon, L50, F|100/100
|turn|3
|
|t:|1783007271
|move|p1b: Charizard|Protect|p1b: Charizard
|-singleturn|p1b: Charizard|Protect
|move|p2a: Lycanroc|Rock Slide|p1b: Charizard|[spread] p1a
|-activate|p1b: Charizard|move: Protect
|-damage|p1a: Farigiraf|75/100
|move|p2b: Hydreigon|Dark Pulse|p1a: Farigiraf
|-supereffective|p1a: Farigiraf|1
|-damage|p1a: Farigiraf|0 fnt
|faint|p1a: Farigiraf
|-damage|p2b: Hydreigon|90/100|[from] item: Life Orb
|
|-weather|SunnyDay|[upkeep]
|upkeep
|
|t:|1783007282
|switch|p1a: Kingambit|Kingambit, L50, M|100/100
|turn|4
|
|t:|1783007301
|move|p2a: Lycanroc|Rock Slide|p1a: Kingambit|[spread] p1a,p1b
|-resisted|p1a: Kingambit|1
|-supereffective|p1b: Charizard|2
|-damage|p1a: Kingambit|86/100
|-damage|p1b: Charizard|0 fnt
|faint|p1b: Charizard
|move|p2b: Hydreigon|Earth Power|p1a: Kingambit
|-supereffective|p1a: Kingambit|1
|-damage|p1a: Kingambit|0 fnt
|faint|p1a: Kingambit
|-damage|p2b: Hydreigon|81/100|[from] item: Life Orb
|
|-weather|SunnyDay|[upkeep]
|upkeep
|
|t:|1783007312
|switch|p1b: Sylveon|Sylveon, L50, F|100/100
|turn|5
|
|t:|1783007318
|move|p2a: Lycanroc|Rock Slide|p1b: Sylveon
|-damage|p1b: Sylveon|53/100
|move|p2b: Hydreigon|Earth Power|p1b: Sylveon
|-damage|p1b: Sylveon|19/100
|-damage|p2b: Hydreigon|71/100|[from] item: Life Orb
|move|p1b: Sylveon|Hyper Voice|p2b: Hydreigon|[spread] p2a,p2b
|-supereffective|p2b: Hydreigon|2
|-damage|p2a: Lycanroc|23/100
|-damage|p2b: Hydreigon|0 fnt
|faint|p2b: Hydreigon
|
|-weather|none
|upkeep
|turn|6
|
|t:|1783007330
|move|p2a: Lycanroc|Accelerock|p1b: Sylveon
|-damage|p1b: Sylveon|0 fnt
|faint|p1b: Sylveon
|
|win|execute order 222
|raw|la cabra1's rating: 1315 → 1290(-25 for losing)
|raw|execute order 222's rating: 1224 → 1255(+31 for winning)
