|j|☆theonlyambipomfan
|j|☆joyfulwizard
|html|theonlyambipomfanjoyfulwizard    
|uhtml|bestof|Game 1 of a best-of-3
|t:|1782238728
|gametype|doubles
|player|p1|theonlyambipomfan|volkner|1086
|player|p2|joyfulwizard|2|1092
|gen|9
|tier|[Gen 9 Champions] VGC 2026 Reg M-B (Bo3)
|rated|
|rule|Species Clause: Limit one of each Pokémon
|rule|Item Clause: Limit 1 of each item
|clearpoke
|poke|p1|Houndstone, L50, M|
|poke|p1|Tyranitar, L50, F|
|poke|p1|Excadrill, L50, M, shiny|
|poke|p1|Rotom-Wash, L50, shiny|
|poke|p1|Corviknight, L50, F|
|poke|p1|Farigiraf, L50, F|
|poke|p2|Politoed, L50, F|
|poke|p2|Gengar, L50, F, shiny|
|poke|p2|Sinistcha, L50|
|poke|p2|Incineroar, L50, M|
|poke|p2|Scrafty, L50, M|
|poke|p2|Floette-Eternal, L50, F|
|teampreview|4
|showteam|p1|Houndstone||LifeOrb|SandRush|LastRespects,ShadowSneak,Protect,WillOWisp|Jolly||M|||50|]Tyranitar||Tyranitarite|SandStream|RockSlide,IcePunch,KnockOff,Protect|Adamant||F|||50|]Excadrill||FocusSash|SandRush|IronHead,HighHorsepower,RockSlide,Earthquake|Adamant||M|||50|]Rotom-Wash||Magnet|Levitate|VoltSwitch,HydroPump,Thunderbolt,WillOWisp|Calm|||||50|]Corviknight||Leftovers|MirrorArmor|Tailwind,BulkUp,IronHead,BraveBird|Careful||F|||50|]Farigiraf||SitrusBerry|ArmorTail|Protect,Psychic,TrickRoom,HyperVoice|Sassy||F|||50|
|showteam|p2|Politoed||SitrusBerry|Drizzle|Protect,WeatherBall,IcyWind,Encore|Modest||F|||50|]Gengar||Gengarite|CursedBody|PerishSong,ShadowBall,Disable,Protect|Timid||F|||50|]Sinistcha||KasibBerry|Hospitality|MatchaGotcha,TrickRoom,RagePowder,Protect|Modest|||||50|]Incineroar||PasshoBerry|Intimidate|Protect,FakeOut,PartingShot,DarkestLariat|Careful||M|||50|]Scrafty||FocusSash|Intimidate|Protect,FakeOut,KnockOff,CloseCombat|Adamant||M|||50|]Floette-Eternal||Floettite|FlowerVeil|Protect,DrainingKiss,CalmMind,DazzlingGleam|Modest||F|||50|
|
|t:|1782238766
|teamsize|p1|4
|teamsize|p2|4
|start
|switch|p1a: Tyranitar|Tyranitar, L50, F|100/100
|switch|p1b: Excadrill|Excadrill, L50, M, shiny|100/100
|switch|p2a: Incineroar|Incineroar, L50, M|100/100
|switch|p2b: Sinistcha|Sinistcha, L50|100/100
|-weather|Sandstorm|[from] ability: Sand Stream|[of] p1a: Tyranitar
|-ability|p2a: Incineroar|Intimidate|boost
|-unboost|p1a: Tyranitar|atk|1
|-unboost|p1b: Excadrill|atk|1
|turn|1
|inactive|Battle timer is ON: inactive players will automatically lose when time's up. (requested by joyfulwizard)
|
|t:|1782238788
|detailschange|p1a: Tyranitar|Tyranitar-Mega, L50, F
|-mega|p1a: Tyranitar|Tyranitar|Tyranitarite
|move|p2a: Incineroar|Fake Out|p1a: Tyranitar
|-resisted|p1a: Tyranitar|1
|-damage|p1a: Tyranitar|96/100
|move|p1b: Excadrill|High Horsepower|p2a: Incineroar
|-supereffective|p2a: Incineroar|1
|-damage|p2a: Incineroar|30/100
|cant|p1a: Tyranitar|flinch
|move|p2b: Sinistcha|Trick Room|p2b: Sinistcha
|-fieldstart|move: Trick Room|[of] p2b: Sinistcha
|
|-weather|Sandstorm|[upkeep]
|-damage|p2a: Incineroar|24/100|[from] Sandstorm
|-damage|p2b: Sinistcha|93/100|[from] Sandstorm
|upkeep
|turn|2
|
|t:|1782238803
|switch|p2a: Politoed|Politoed, L50, F|100/100
|-weather|RainDance|[from] ability: Drizzle|[of] p2a: Politoed
|move|p2b: Sinistcha|Matcha Gotcha|p1a: Tyranitar|[spread] p1a,p1b
|-supereffective|p1a: Tyranitar|1
|-damage|p1a: Tyranitar|57/100
|-heal|p2b: Sinistcha|100/100|[from] drain|[of] p1a: Tyranitar
|-damage|p1b: Excadrill|68/100
|-status|p1b: Excadrill|brn
|move|p1a: Tyranitar|Knock Off|p2b: Sinistcha
|-supereffective|p2b: Sinistcha|1
|-crit|p2b: Sinistcha
|-damage|p2b: Sinistcha|0 fnt
|-enditem|p2b: Sinistcha|Kasib Berry|[from] move: Knock Off|[of] p1a: Tyranitar
|faint|p2b: Sinistcha
|move|p1b: Excadrill|Rock Slide|p2a: Politoed
|-damage|p2a: Politoed|90/100
|
|-weather|RainDance|[upkeep]
|-damage|p1b: Excadrill|62/100 brn|[from] brn
|upkeep
|
|t:|1782238813
|switch|p2b: Incineroar|Incineroar, L50, M|24/100
|-ability|p2b: Incineroar|Intimidate|boost
|-unboost|p1a: Tyranitar|atk|1
|-unboost|p1b: Excadrill|atk|1
|turn|3
|
|t:|1782238835
|switch|p1a: Houndstone|Houndstone, L50, M|100/100
|switch|p1b: Corviknight|Corviknight, L50, F|100/100
|move|p2b: Incineroar|Fake Out|p1a: Houndstone
|-immune|p1a: Houndstone
|move|p2a: Politoed|Weather Ball|p1b: Corviknight
|-damage|p1b: Corviknight|56/100
|
|-weather|RainDance|[upkeep]
|-heal|p1b: Corviknight|61/100|[from] item: Leftovers
|upkeep
|turn|4
|
|t:|1782238852
|move|p1a: Houndstone|Protect|p1a: Houndstone
|-singleturn|p1a: Houndstone|Protect
|move|p2b: Incineroar|Darkest Lariat|p1a: Houndstone
|-activate|p1a: Houndstone|move: Protect
|move|p2a: Politoed|Weather Ball|p1a: Houndstone
|-activate|p1a: Houndstone|move: Protect
|move|p1b: Corviknight|Brave Bird|p2b: Incineroar
|-damage|p2b: Incineroar|0 fnt
|faint|p2b: Incineroar
|-damage|p1b: Corviknight|53/100|[from] Recoil
|
|-weather|RainDance|[upkeep]
|-heal|p1b: Corviknight|59/100|[from] item: Leftovers
|upkeep
|
|t:|1782238855
|switch|p2b: Floette|Floette-Eternal, L50, F|100/100
|turn|5
|
|t:|1782238877
|switch|p1a: Tyranitar|Tyranitar-Mega, L50, F|57/100
|-weather|Sandstorm|[from] ability: Sand Stream|[of] p1a: Tyranitar
|detailschange|p2b: Floette|Floette-Mega, L50, F
|-mega|p2b: Floette|Floette|Floettite
|-ability|p2b: Floette|Fairy Aura
|move|p2a: Politoed|Encore|p1b: Corviknight
|-start|p1b: Corviknight|Encore
|move|p1b: Corviknight|Brave Bird|p2a: Politoed
|-damage|p2a: Politoed|52/100
|-damage|p1b: Corviknight|47/100|[from] Recoil
|move|p2b: Floette|Dazzling Gleam|p1b: Corviknight|[spread] p1a,p1b
|-supereffective|p1a: Tyranitar|1
|-resisted|p1b: Corviknight|1
|-damage|p1a: Tyranitar|13/100
|-damage|p1b: Corviknight|28/100
|
|-weather|Sandstorm|[upkeep]
|-damage|p2a: Politoed|45/100|[from] Sandstorm
|-damage|p2b: Floette|94/100|[from] Sandstorm
|-enditem|p2a: Politoed|Sitrus Berry|[eat]
|-heal|p2a: Politoed|70/100|[from] item: Sitrus Berry
|-heal|p1b: Corviknight|34/100|[from] item: Leftovers
|-fieldend|move: Trick Room
|upkeep
|turn|6
|inactive|theonlyambipomfan has 30 seconds left.
|inactive|joyfulwizard has 30 seconds left.
|
|t:|1782238904
|move|p2b: Floette|Dazzling Gleam|p1a: Tyranitar|[spread] p1a,p1b
|-supereffective|p1a: Tyranitar|1
|-resisted|p1b: Corviknight|1
|-damage|p1a: Tyranitar|0 fnt
|-damage|p1b: Corviknight|15/100
|faint|p1a: Tyranitar
|move|p1b: Corviknight|Brave Bird|p2a: Politoed
|-crit|p2a: Politoed
|-damage|p2a: Politoed|10/100
|-damage|p1b: Corviknight|0 fnt|[from] Recoil
|faint|p1b: Corviknight
|move|p2a: Politoed|Icy Wind|p1: Tyranitar|[notarget]
|-fail|p2a: Politoed
|
|-weather|Sandstorm|[upkeep]
|-damage|p2b: Floette|88/100|[from] Sandstorm
|-damage|p2a: Politoed|4/100|[from] Sandstorm
|upkeep
|
|t:|1782238917
|switch|p1b: Houndstone|Houndstone, L50, M|100/100
|switch|p1a: Excadrill|Excadrill, L50, M, shiny|62/100 brn
|turn|7
|
|t:|1782238940
|move|p1a: Excadrill|Rock Slide|p2b: Floette|[spread] p2b
|-miss|p1a: Excadrill|p2a: Politoed
|-damage|p2b: Floette|75/100
|move|p1b: Houndstone|Last Respects|p2b: Floette
|-damage|p2b: Floette|0 fnt
|faint|p2b: Floette
|-damage|p1b: Houndstone|90/100|[from] item: Life Orb
|move|p2a: Politoed|Icy Wind|p1b: Houndstone|[spread] p1a,p1b
|-damage|p1a: Excadrill|49/100 brn
|-damage|p1b: Houndstone|79/100
|-unboost|p1a: Excadrill|spe|1
|-unboost|p1b: Houndstone|spe|1
|
|-weather|Sandstorm|[upkeep]
|-damage|p2a: Politoed|0 fnt|[from] Sandstorm
|faint|p2a: Politoed
|
|win|theonlyambipomfan
||joyfulwizard is ready for game 2.
|inactive|theonlyambipomfan has 30 seconds to confirm battle start!
||theonlyambipomfan is ready for game 2.
|uhtml|next|Next: Game 2 of 3
|l|☆theonlyambipomfan
|player|p1|
