|j|☆naibot2814
|j|☆strafenight
|html|naibot2814strafenight    
|uhtml|bestof|Game 2 of a best-of-3
|t:|1756919668
|gametype|doubles
|player|p1|naibot2814|ghetsis|1167
|player|p2|strafenight|emmet|1098
|gen|9
|tier|[Gen 9] VGC 2025 Reg H (Bo3)
|rated|
|rule|Species Clause: Limit one of each Pokémon
|rule|Item Clause: Limit 1 of each item
|clearpoke
|poke|p1|Gholdengo, L50|
|poke|p1|Porygon2, L50|
|poke|p1|Ursaluna, L50, M|
|poke|p1|Annihilape, L50, M|
|poke|p1|Amoonguss, L50, M|
|poke|p1|Incineroar, L50, M|
|poke|p2|Annihilape, L50, M|
|poke|p2|Ninetales-Alola, L50, F|
|poke|p2|Talonflame, L50, F|
|poke|p2|Garchomp, L50, M|
|poke|p2|Vivillon-Ocean, L50, F|
|poke|p2|Gholdengo, L50|
|teampreview|4
|showteam|p1|Gholdengo||LifeOrb|GoodasGold|MakeItRain,NastyPlot,Protect,ShadowBall||||||50|,,,,,Fairy]Porygon2||Eviolite|Download|TeraBlast,Recover,TrickRoom,IceBeam||||||50|,,,,,Fighting]Ursaluna||FlameOrb|Guts|Earthquake,Protect,Facade,HeadlongRush|||M|||50|,,,,,Ghost]Annihilape||SitrusBerry|Defiant|RageFist,Coaching,FinalGambit,DrainPunch|||M|||50|,,,,,Water]Amoonguss||CovertCloak|Regenerator|PollenPuff,RagePowder,Spore,ClearSmog|||M|||50|,,,,,Fairy]Incineroar||SafetyGoggles|Intimidate|FlareBlitz,FakeOut,PartingShot,KnockOff|||M|||50|,,,,,Ghost
|showteam|p2|Annihilape||SafetyGoggles|Defiant|RageFist,DrainPunch,BulkUp,Protect|||M|||50|,,,,,Water]Ninetales-Alola||CovertCloak|SnowWarning|Blizzard,FreezeDry,AuroraVeil,Protect|||F|||50|,,,,,Ice]Talonflame||SharpBeak|GaleWings|DualWingbeat,Tailwind,WillOWisp,Protect|||F|||50|,,,,,Ghost]Garchomp||LifeOrb|RoughSkin|Earthquake,StompingTantrum,DragonClaw,Protect|||M|||50|,,,,,Steel]Vivillon-Ocean||FocusSash|CompoundEyes|SleepPowder,Hurricane,RagePowder,Protect|||F|||50|,,,,,Ghost]Gholdengo||IronPlate|GoodasGold|MakeItRain,ShadowBall,NastyPlot,Protect||||||50|,,,,,Steel
|
|t:|1756919695
|teamsize|p1|4
|teamsize|p2|4
|start
|switch|p1a: Gholdengo|Gholdengo, L50, shiny|100/100
|switch|p1b: Porygon2|Porygon2, L50|100/100
|switch|p2a: Annihilape|Annihilape, L50, M, shiny|100/100
|switch|p2b: Ninetales|Ninetales-Alola, L50, F, shiny|100/100
|-weather|Snowscape|[from] ability: Snow Warning|[of] p2b: Ninetales
|-ability|p1b: Porygon2|Download|boost
|-boost|p1b: Porygon2|atk|1
|turn|1
|
|t:|1756919706
|move|p2b: Ninetales|Aurora Veil|p2b: Ninetales
|-sidestart|p2: strafenight|move: Aurora Veil
|move|p2a: Annihilape|Bulk Up|p2a: Annihilape
|-boost|p2a: Annihilape|atk|1
|-boost|p2a: Annihilape|def|1
|move|p1a: Gholdengo|Nasty Plot|p1a: Gholdengo
|-boost|p1a: Gholdengo|spa|2
|move|p1b: Porygon2|Trick Room|p1b: Porygon2
|-fieldstart|move: Trick Room|[of] p1b: Porygon2
|
|-weather|Snowscape|[upkeep]
|upkeep
|turn|2
|
|t:|1756919736
|switch|p1b: Ursaluna|Ursaluna, L50, M, shiny|100/100
|switch|p2b: Vivillon|Vivillon-Ocean, L50, F|100/100
|-terastallize|p1a: Gholdengo|Fairy
|move|p1a: Gholdengo|Make It Rain|p2b: Vivillon|[spread] p2a,p2b
|-damage|p2a: Annihilape|19/100
|-enditem|p2b: Vivillon|Focus Sash
|-damage|p2b: Vivillon|1/100
|-unboost|p1a: Gholdengo|spa|1
|-damage|p1a: Gholdengo|91/100|[from] item: Life Orb
|move|p2a: Annihilape|Bulk Up|p2a: Annihilape
|-boost|p2a: Annihilape|atk|1
|-boost|p2a: Annihilape|def|1
|
|-weather|Snowscape|[upkeep]
|-status|p1b: Ursaluna|brn|[from] item: Flame Orb
|upkeep
|turn|3
|
|t:|1756919755
|move|p2b: Vivillon|Protect|p2b: Vivillon
|-singleturn|p2b: Vivillon|Protect
|move|p2a: Annihilape|Protect|p2a: Annihilape
|-singleturn|p2a: Annihilape|Protect
|move|p1b: Ursaluna|Facade|p2b: Vivillon
|-activate|p2b: Vivillon|move: Protect
|move|p1a: Gholdengo|Shadow Ball|p2a: Annihilape
|-activate|p2a: Annihilape|move: Protect
|
|-weather|Snowscape|[upkeep]
|-damage|p1b: Ursaluna|95/100 brn|[from] brn
|upkeep
|turn|4
|
|t:|1756919771
|move|p2b: Vivillon|Rage Powder|p2b: Vivillon
|-singleturn|p2b: Vivillon|move: Rage Powder
|move|p1b: Ursaluna|Headlong Rush|p2b: Vivillon
|-immune|p2b: Vivillon
|move|p1a: Gholdengo|Nasty Plot|p1a: Gholdengo
|-boost|p1a: Gholdengo|spa|2
|move|p2a: Annihilape|Drain Punch|p1b: Ursaluna
|-supereffective|p1b: Ursaluna
|-damage|p1b: Ursaluna|9/100 brn
|-heal|p2a: Annihilape|62/100|[from] drain|[of] p1b: Ursaluna
|
|-weather|Snowscape|[upkeep]
|-damage|p1b: Ursaluna|3/100 brn|[from] brn
|upkeep
|turn|5
|
|t:|1756919790
|move|p2b: Vivillon|Protect|p2b: Vivillon
|-singleturn|p2b: Vivillon|Protect
|move|p2a: Annihilape|Protect|p2a: Annihilape
|-singleturn|p2a: Annihilape|Protect
|move|p1b: Ursaluna|Facade|p2b: Vivillon
|-activate|p2b: Vivillon|move: Protect
|move|p1a: Gholdengo|Shadow Ball|p2a: Annihilape
|-activate|p2a: Annihilape|move: Protect
|
|-weather|none
|-damage|p1b: Ursaluna|0 fnt|[from] brn
|faint|p1b: Ursaluna
|-sideend|p2: strafenight|move: Aurora Veil
|-fieldend|move: Trick Room
|upkeep
|
|t:|1756919793
|switch|p1b: Porygon2|Porygon2, L50|100/100
|-ability|p1b: Porygon2|Download|boost
|-boost|p1b: Porygon2|spa|1
|turn|6
|
|t:|1756919811
|move|p2b: Vivillon|Rage Powder|p2b: Vivillon
|-singleturn|p2b: Vivillon|move: Rage Powder
|move|p2a: Annihilape|Drain Punch|p1b: Porygon2
|-supereffective|p1b: Porygon2
|-damage|p1b: Porygon2|25/100
|-heal|p2a: Annihilape|95/100|[from] drain|[of] p1b: Porygon2
|move|p1a: Gholdengo|Make It Rain|p2a: Annihilape|[spread] p2a,p2b
|-damage|p2a: Annihilape|0 fnt
|-damage|p2b: Vivillon|0 fnt
|-unboost|p1a: Gholdengo|spa|1
|faint|p2a: Annihilape
|faint|p2b: Vivillon
|-damage|p1a: Gholdengo|81/100|[from] item: Life Orb
|move|p1b: Porygon2|Trick Room|p1b: Porygon2
|-fieldstart|move: Trick Room|[of] p1b: Porygon2
|
|upkeep
|
|t:|1756919819
|switch|p2b: Gholdengo|Gholdengo, L50|100/100
|switch|p2a: Ninetales|Ninetales-Alola, L50, F, shiny|100/100
|-weather|Snowscape|[from] ability: Snow Warning|[of] p2a: Ninetales
|turn|7
|
|t:|1756919837
|-terastallize|p2b: Gholdengo|Steel
|move|p1a: Gholdengo|Protect|p1a: Gholdengo
|-singleturn|p1a: Gholdengo|Protect
|move|p1b: Porygon2|Recover|p1b: Porygon2
|-heal|p1b: Porygon2|75/100
|move|p2b: Gholdengo|Make It Rain|p1a: Gholdengo|[spread] p1b
|-activate|p1a: Gholdengo|move: Protect
|-damage|p1b: Porygon2|31/100
|-unboost|p2b: Gholdengo|spa|1
|move|p2a: Ninetales|Aurora Veil|p2a: Ninetales
|-sidestart|p2: strafenight|move: Aurora Veil
|
|-weather|Snowscape|[upkeep]
|upkeep
|turn|8
|
|t:|1756919855
|move|p1b: Porygon2|Recover|p1b: Porygon2
|-heal|p1b: Porygon2|81/100
|move|p1a: Gholdengo|Shadow Ball|p2b: Gholdengo
|-damage|p2b: Gholdengo|10/100
|-damage|p1a: Gholdengo|71/100|[from] item: Life Orb
|move|p2b: Gholdengo|Nasty Plot|p2b: Gholdengo
|-boost|p2b: Gholdengo|spa|2
|move|p2a: Ninetales|Blizzard|p1b: Porygon2|[spread] p1a,p1b
|-damage|p1a: Gholdengo|42/100
|-damage|p1b: Porygon2|63/100
|-status|p1a: Gholdengo|frz
|
|-weather|Snowscape|[upkeep]
|upkeep
|turn|9
|
|t:|1756919872
|move|p1b: Porygon2|Tera Blast|p2b: Gholdengo
|-resisted|p2b: Gholdengo
|-damage|p2b: Gholdengo|0 fnt
|faint|p2b: Gholdengo
|cant|p1a: Gholdengo|frz
|move|p2a: Ninetales|Blizzard|p1b: Porygon2|[spread] p1a,p1b
|-damage|p1a: Gholdengo|14/100 frz
|-damage|p1b: Porygon2|44/100
|
|-weather|Snowscape|[upkeep]
|upkeep
|turn|10
|
|t:|1756919886
|move|p2a: Ninetales|Protect|p2a: Ninetales
|-singleturn|p2a: Ninetales|Protect
|move|p1b: Porygon2|Recover|p1b: Porygon2
|-heal|p1b: Porygon2|94/100
|cant|p1a: Gholdengo|frz
|
|-weather|Snowscape|[upkeep]
|-fieldend|move: Trick Room
|upkeep
|turn|11
|
|t:|1756919893
|move|p2a: Ninetales|Blizzard|p1b: Porygon2|[spread] p1a,p1b
|-damage|p1a: Gholdengo|0 fnt
|-damage|p1b: Porygon2|75/100
|faint|p1a: Gholdengo
|move|p1b: Porygon2|Trick Room|p1b: Porygon2
|-fieldstart|move: Trick Room|[of] p1b: Porygon2
|
|-weather|none
|-sideend|p2: strafenight|move: Aurora Veil
|upkeep
|
|t:|1756919899
|switch|p1a: Amoonguss|Amoonguss, L50, M|100/100
|turn|12
|
|t:|1756919905
|move|p2a: Ninetales|Protect|p2a: Ninetales
|-singleturn|p2a: Ninetales|Protect
|move|p1a: Amoonguss|Spore|p2a: Ninetales
|-activate|p2a: Ninetales|move: Protect
|move|p1b: Porygon2|Tera Blast|p2a: Ninetales
|-activate|p2a: Ninetales|move: Protect
|
|upkeep
|turn|13
|
|t:|1756919909
|move|p1a: Amoonguss|Spore|p2a: Ninetales
|-status|p2a: Ninetales|slp|[from] move: Spore
|move|p1b: Porygon2|Tera Blast|p2a: Ninetales
|-damage|p2a: Ninetales|42/100 slp
|cant|p2a: Ninetales|slp
|
|upkeep
|turn|14
|
|t:|1756919914
|move|p1a: Amoonguss|Pollen Puff|p1b: Porygon2
|-heal|p1b: Porygon2|100/100
|move|p1b: Porygon2|Tera Blast|p2a: Ninetales
|-crit|p2a: Ninetales
|-damage|p2a: Ninetales|0 fnt
|faint|p2a: Ninetales
|
|win|naibot2814
|raw|naibot2814's rating: 1167 → 1187(+20 for winning)
|raw|strafenight's rating: 1098 → 1078(-20 for losing)
|c|☆naibot2814|GG
|l|☆strafenight
|player|p2|
