|j|☆luiz red
|j|☆lefko542
|html|luiz redlefko542    
|uhtml|bestof|Game 2 of a best-of-3
|t:|1782253853
|gametype|doubles
|player|p1|luiz red|veteran|1000
|player|p2|lefko542|265|1040
|gen|9
|tier|[Gen 9 Champions] VGC 2026 Reg M-B (Bo3)
|rated|
|rule|Species Clause: Limit one of each Pokémon
|rule|Item Clause: Limit 1 of each item
|clearpoke
|poke|p1|Sneasler, L50, F|
|poke|p1|Corviknight, L50, M|
|poke|p1|Basculegion, L50, M|
|poke|p1|Archaludon, L50, M|
|poke|p1|Pelipper, L50, F|
|poke|p1|Venusaur, L50, M|
|poke|p2|Swampert, L50, F|
|poke|p2|Pelipper, L50, M|
|poke|p2|Grimmsnarl, L50, M|
|poke|p2|Sinistcha, L50|
|poke|p2|Mawile, L50, F|
|poke|p2|Garchomp, L50, M|
|teampreview|4
|showteam|p1|Sneasler||WhiteHerb|Unburden|CloseCombat,DireClaw,FakeOut,Protect|Adamant||F|||50|]Corviknight||Leftovers|MirrorArmor|BodyPress,IronDefense,Protect,BraveBird|Impish||M|||50|]Basculegion||ChoiceScarf|Adaptability|FlipTurn,LastRespects,AquaJet,WaveCrash|Jolly||M|||50|]Archaludon||SitrusBerry|Stamina|DragonPulse,FlashCannon,Protect,ElectroShot|Modest||M|||50|]Pelipper||SharpBeak|Drizzle|WeatherBall,Hurricane,Tailwind,WideGuard|Bold||F|||50|]Venusaur||Venusaurite|Chlorophyll|SleepPowder,GigaDrain,SludgeWave,EarthPower|Modest||M|||50|
|showteam|p2|Swampert||Swampertite|Torrent|IcePunch,StompingTantrum,Protect,Liquidation|Adamant||F|||50|]Pelipper||FocusSash|Drizzle|WeatherBall,Protect,WideGuard,Hurricane|Bold||M|||50|]Grimmsnarl||LightClay|Prankster|Reflect,LightScreen,FoulPlay,PartingShot|Careful||M|||50|]Sinistcha||SitrusBerry|Hospitality|TrickRoom,MatchaGotcha,RagePowder,Protect|Bold|||||50|]Mawile||Mawilite|HyperCutter|PlayRough,BrickBreak,IronHead,Protect|Adamant||F|||50|]Garchomp||LifeOrb|RoughSkin|DragonClaw,StompingTantrum,Protect,RockSlide|Jolly||M|||50|
|
|t:|1782253872
|teamsize|p1|4
|teamsize|p2|4
|start
|switch|p1a: Venusaur|Venusaur, L50, M|100/100
|switch|p1b: Basculegion|Basculegion, L50, M|100/100
|switch|p2a: Garchomp|Garchomp, L50, M|100/100
|switch|p2b: Grimmsnarl|Grimmsnarl, L50, M|100/100
|turn|1
|
|t:|1782253889
|detailschange|p1a: Venusaur|Venusaur-Mega, L50, M
|-mega|p1a: Venusaur|Venusaur|Venusaurite
|move|p2b: Grimmsnarl|Reflect|p2b: Grimmsnarl
|-sidestart|p2: lefko542|Reflect
|move|p1b: Basculegion|Flip Turn|p2a: Garchomp
|-damage|p2a: Garchomp|75/100
|-damage|p1b: Basculegion|87/100|[from] ability: Rough Skin|[of] p2a: Garchomp
|
|t:|1782253897
|switch|p1b: Archaludon|Archaludon, L50, M|100/100|[from] Flip Turn
|move|p2a: Garchomp|Dragon Claw|p1a: Venusaur
|-damage|p1a: Venusaur|56/100
|-damage|p2a: Garchomp|65/100|[from] item: Life Orb
|move|p1a: Venusaur|Sleep Powder|p2b: Grimmsnarl|[miss]
|-miss|p1a: Venusaur|p2b: Grimmsnarl
|
|upkeep
|turn|2
|
|t:|1782253921
|move|p2b: Grimmsnarl|Light Screen|p2b: Grimmsnarl
|-sidestart|p2: lefko542|move: Light Screen
|move|p2a: Garchomp|Dragon Claw|p1a: Venusaur
|-damage|p1a: Venusaur|12/100
|-damage|p2a: Garchomp|55/100|[from] item: Life Orb
|move|p1b: Archaludon|Flash Cannon|p2b: Grimmsnarl
|-supereffective|p2b: Grimmsnarl|1
|-damage|p2b: Grimmsnarl|55/100
|move|p1a: Venusaur|Sleep Powder|p2a: Garchomp
|-status|p2a: Garchomp|slp|[from] move: Sleep Powder
|
|upkeep
|turn|3
|
|t:|1782253950
|cant|p2a: Garchomp|slp
|move|p1b: Archaludon|Flash Cannon|p2b: Grimmsnarl
|-supereffective|p2b: Grimmsnarl|1
|-crit|p2b: Grimmsnarl
|-damage|p2b: Grimmsnarl|0 fnt
|faint|p2b: Grimmsnarl
|move|p1a: Venusaur|Giga Drain|p1b: Archaludon
|-resisted|p1b: Archaludon|2
|-damage|p1b: Archaludon|90/100
|-heal|p1a: Venusaur|17/100|[from] drain|[of] p1b: Archaludon
|-ability|p1b: Archaludon|Stamina|boost
|-boost|p1b: Archaludon|def|1
|
|upkeep
|
|t:|1782253963
|switch|p2b: Pelipper|Pelipper, L50, M|100/100
|-weather|RainDance|[from] ability: Drizzle|[of] p2b: Pelipper
|turn|4
|
|t:|1782253979
|switch|p2b: Swampert|Swampert, L50, F|100/100
|cant|p2a: Garchomp|slp
|move|p1b: Archaludon|Electro Shot||[still]
|-prepare|p1b: Archaludon|Electro Shot
|-boost|p1b: Archaludon|spa|1
|-anim|p1b: Archaludon|Electro Shot|p2b: Swampert
|-immune|p2b: Swampert
|move|p1a: Venusaur|Giga Drain|p2a: Garchomp
|-damage|p2a: Garchomp|24/100 slp
|-heal|p1a: Venusaur|32/100|[from] drain|[of] p2a: Garchomp
|
|-weather|RainDance|[upkeep]
|upkeep
|turn|5
|
|t:|1782254005
|detailschange|p2b: Swampert|Swampert-Mega, L50, F
|-mega|p2b: Swampert|Swampert|Swampertite
|move|p2b: Swampert|Ice Punch|p1a: Venusaur
|-supereffective|p1a: Venusaur|1
|-damage|p1a: Venusaur|6/100
|-curestatus|p2a: Garchomp|slp|[msg]
|move|p2a: Garchomp|Dragon Claw|p1a: Venusaur
|-damage|p1a: Venusaur|0 fnt
|faint|p1a: Venusaur
|-damage|p2a: Garchomp|14/100|[from] item: Life Orb
|move|p1b: Archaludon|Dragon Pulse|p2b: Swampert
|-damage|p2b: Swampert|65/100
|
|-weather|RainDance|[upkeep]
|upkeep
|
|t:|1782254022
|switch|p1a: Corviknight|Corviknight, L50, M|100/100
|turn|6
|
|t:|1782254041
|move|p2b: Swampert|Stomping Tantrum|p1b: Archaludon
|-supereffective|p1b: Archaludon|1
|-damage|p1b: Archaludon|45/100
|-ability|p1b: Archaludon|Stamina|boost
|-boost|p1b: Archaludon|def|1
|-enditem|p1b: Archaludon|Sitrus Berry|[eat]
|-heal|p1b: Archaludon|70/100|[from] item: Sitrus Berry
|move|p2a: Garchomp|Stomping Tantrum|p1b: Archaludon
|-supereffective|p1b: Archaludon|1
|-damage|p1b: Archaludon|32/100
|-ability|p1b: Archaludon|Stamina|boost
|-boost|p1b: Archaludon|def|1
|-damage|p2a: Garchomp|4/100|[from] item: Life Orb
|move|p1b: Archaludon|Dragon Pulse|p2b: Swampert
|-damage|p2b: Swampert|26/100
|move|p1a: Corviknight|Iron Defense|p1a: Corviknight
|-boost|p1a: Corviknight|def|2
|
|-weather|RainDance|[upkeep]
|upkeep
|turn|7
|
|t:|1782254076
|move|p1b: Archaludon|Protect|p1b: Archaludon
|-singleturn|p1b: Archaludon|Protect
|move|p2b: Swampert|Liquidation|p1a: Corviknight
|-damage|p1a: Corviknight|71/100
|move|p2a: Garchomp|Dragon Claw|p1b: Archaludon
|-activate|p1b: Archaludon|move: Protect
|move|p1a: Corviknight|Iron Defense|p1a: Corviknight
|-boost|p1a: Corviknight|def|2
|
|-weather|RainDance|[upkeep]
|-heal|p1a: Corviknight|77/100|[from] item: Leftovers
|upkeep
|turn|8
|
|t:|1782254100
|move|p2b: Swampert|Ice Punch|p1a: Corviknight
|-damage|p1a: Corviknight|68/100
|move|p2a: Garchomp|Stomping Tantrum|p1b: Archaludon
|-supereffective|p1b: Archaludon|1
|-damage|p1b: Archaludon|4/100
|-ability|p1b: Archaludon|Stamina|boost
|-boost|p1b: Archaludon|def|1
|-damage|p2a: Garchomp|0 fnt|[from] item: Life Orb
|faint|p2a: Garchomp
|move|p1b: Archaludon|Dragon Pulse|p2b: Swampert
|-damage|p2b: Swampert|0 fnt
|faint|p2b: Swampert
|move|p1a: Corviknight|Body Press|p2: Garchomp|[notarget]
|-fail|p1a: Corviknight
|
|-weather|none
|-heal|p1a: Corviknight|75/100|[from] item: Leftovers
|-sideend|p2: lefko542|Reflect
|upkeep
|-message|lefko542 forfeited.
|
|win|luiz red
|raw|luiz red's rating: 1000 → 1045(+45 for winning)
|raw|lefko542's rating: 1040 → 1022(-18 for losing)
|l|☆lefko542
|player|p2|
