|j|☆Zygobos
|j|☆2mero
|html|Zygobos2mero    
|uhtml|bestof|Game 2 of a best-of-3
|t:|1784980419
|gametype|doubles
|player|p1|Zygobos|1|
|player|p2|2mero|wattson|
|gen|9
|tier|[Gen 9 Champions] VGC 2026 Reg M-B (Bo3)
|rule|Species Clause: Limit one of each Pokémon
|rule|Item Clause: Limit 1 of each item
|clearpoke
|poke|p1|Gengar, L50, F|
|poke|p1|Kingambit, L50, F|
|poke|p1|Politoed, L50, M|
|poke|p1|Sableye, L50, F|
|poke|p1|Feraligatr, L50, M|
|poke|p1|Ariados, L50, M|
|poke|p2|Sharpedo, L50, M|
|poke|p2|Basculegion-F, L50, F|
|poke|p2|Metagross, L50|
|poke|p2|Slowking-Galar, L50, F|
|poke|p2|Wyrdeer, L50, M|
|poke|p2|Mudsdale, L50, M|
|teampreview|4
|showteam|p1|Gengar||Gengarite|CursedBody|ShadowBall,PerishSong,Thunder,Protect|Timid||F|||50|]Kingambit||BlackGlasses|Defiant|KowtowCleave,SuckerPunch,IronHead,Protect|Adamant||F|||50|]Politoed||Leftovers|Drizzle|HelpingHand,Protect,WeatherBall,Encore|Calm||M|||50|]Sableye||Sablenite|Prankster|Recover,WillOWisp,Encore,Quash|Impish||F|||50|]Feraligatr||LifeOrb|SheerForce|DragonDance,Waterfall,Crunch,Protect|Jolly||M|||50|]Ariados||FocusSash|Insomnia|RagePowder,ToxicThread,KnockOff,Protect|Impish||M|||50|
|showteam|p2|Sharpedo||Sharpedonite|SpeedBoost|Protect,Liquidation,Crunch,PsychicFangs|Adamant||M|||50|]Basculegion-F||ChoiceScarf|Adaptability|MuddyWater,ShadowBall,IceBeam,FlipTurn|Timid||F|||50|]Metagross||Metagrossite|ClearBody|Protect,PsychicFangs,IronHead,StompingTantrum|Jolly|||||50|]Slowking-Galar||ColburBerry|Regenerator|EerieSpell,SludgeBomb,TrickRoom,ChillyReception|Bold||F|||50|]Wyrdeer||ExpertBelt|Frisk|EnergyBall,EarthPower,Thunderbolt,TrickRoom|Modest||M|||50|]Mudsdale||SoftSand|Stamina|BodyPress,HighHorsepower,Protect,RockSlide|Brave||M|||50|
|
|t:|1784980471
|teamsize|p1|4
|teamsize|p2|4
|start
|switch|p1a: Ariados|Ariados, L50, M|100/100
|switch|p1b: Feraligatr|Feraligatr, L50, M|100/100
|switch|p2a: big bubba|Metagross, L50|100/100
|switch|p2b: Slowking|Slowking-Galar, L50, F|100/100
|turn|1
|
|t:|1784980488
|detailschange|p2a: big bubba|Metagross-Mega, L50
|-mega|p2a: big bubba|Metagross|Metagrossite
|move|p1a: Ariados|Rage Powder|p1a: Ariados
|-singleturn|p1a: Ariados|move: Rage Powder
|move|p2a: big bubba|Psychic Fangs|p1a: Ariados
|-supereffective|p1a: Ariados|1
|-enditem|p1a: Ariados|Focus Sash
|-damage|p1a: Ariados|1/100
|move|p1b: Feraligatr|Dragon Dance|p1b: Feraligatr
|-boost|p1b: Feraligatr|atk|1
|-boost|p1b: Feraligatr|spe|1
|move|p2b: Slowking|Trick Room|p2b: Slowking
|-fieldstart|move: Trick Room|[of] p2b: Slowking
|
|upkeep
|turn|2
|
|t:|1784980501
|move|p1a: Ariados|Rage Powder|p1a: Ariados
|-singleturn|p1a: Ariados|move: Rage Powder
|move|p2b: Slowking|Eerie Spell|p1a: Ariados
|-supereffective|p1a: Ariados|1
|-damage|p1a: Ariados|0 fnt
|faint|p1a: Ariados
|move|p2a: big bubba|Psychic Fangs|p1b: Feraligatr
|-damage|p1b: Feraligatr|25/100
|move|p1b: Feraligatr|Waterfall|p2a: big bubba
|-damage|p2a: big bubba|30/100
|
|upkeep
|
|t:|1784980508
|switch|p1a: Politoed|Politoed, L50, M|100/100
|-weather|RainDance|[from] ability: Drizzle|[of] p1a: Politoed
|turn|3
|
|t:|1784980517
|move|p1b: Feraligatr|Protect|p1b: Feraligatr
|-singleturn|p1b: Feraligatr|Protect
|-prepare|p2b: Slowking|Chilly Reception|[premajor]
|move|p2b: Slowking|Chilly Reception|p2b: Slowking
|-weather|Snowscape
|
|t:|1784980525
|switch|p2b: Wyrdeer|Wyrdeer, L50, M|100/100|[from] Chilly Reception
|-item|p1a: Politoed|Leftovers|[from] ability: Frisk|[of] p2b: Wyrdeer
|-item|p1b: Feraligatr|Life Orb|[from] ability: Frisk|[of] p2b: Wyrdeer
|move|p1a: Politoed|Weather Ball|p2a: big bubba
|-resisted|p2a: big bubba|1
|-damage|p2a: big bubba|20/100y
|move|p2a: big bubba|Psychic Fangs|p1b: Feraligatr
|-activate|p1b: Feraligatr|move: Protect
|
|-weather|Snowscape|[upkeep]
|upkeep
|turn|4
|
|t:|1784980547
|move|p1a: Politoed|Protect|p1a: Politoed
|-singleturn|p1a: Politoed|Protect
|move|p1b: Feraligatr|Protect||[still]
|-fail|p1b: Feraligatr
|move|p2b: Wyrdeer|Thunderbolt|p1a: Politoed
|-activate|p1a: Politoed|move: Protect
|move|p2a: big bubba|Psychic Fangs|p1b: Feraligatr
|-damage|p1b: Feraligatr|0 fnt
|faint|p1b: Feraligatr
|
|-weather|Snowscape|[upkeep]
|upkeep
|
|t:|1784980551
|switch|p1b: Gengar|Gengar, L50, F|100/100
|turn|5
|
|t:|1784980559
|detailschange|p1b: Gengar|Gengar-Mega, L50, F
|-mega|p1b: Gengar|Gengar|Gengarite
|move|p1a: Politoed|Protect||[still]
|-fail|p1a: Politoed
|move|p1b: Gengar|Protect|p1b: Gengar
|-singleturn|p1b: Gengar|Protect
|move|p2b: Wyrdeer|Thunderbolt|p1a: Politoed
|-supereffective|p1a: Politoed|1
|-damage|p1a: Politoed|50/100g
|-status|p1a: Politoed|par
|move|p2a: big bubba|Psychic Fangs|p1b: Gengar
|-activate|p1b: Gengar|move: Protect
|
|-weather|Snowscape|[upkeep]
|-heal|p1a: Politoed|56/100 par|[from] item: Leftovers
|-fieldend|move: Trick Room
|upkeep
|turn|6
|j| Moonz605
|
|t:|1784980580
|cant|p1a: Politoed|par
|move|p1b: Gengar|Shadow Ball|p2a: big bubba
|-supereffective|p2a: big bubba|1
|-damage|p2a: big bubba|0 fnt
|faint|p2a: big bubba
|move|p2b: Wyrdeer|Trick Room|p2b: Wyrdeer
|-fieldstart|move: Trick Room|[of] p2b: Wyrdeer
|
|-weather|Snowscape|[upkeep]
|-heal|p1a: Politoed|62/100 par|[from] item: Leftovers
|upkeep
|
|t:|1784980588
|switch|p2a: Slowking|Slowking-Galar, L50, F|100/100
|turn|7
|
|t:|1784980597
|move|p1a: Politoed|Encore|p2b: Wyrdeer
|-start|p2b: Wyrdeer|Encore
|move|p2a: Slowking|Eerie Spell|p1b: Gengar
|-supereffective|p1b: Gengar|1
|-damage|p1b: Gengar|30/100
|-activate|p1b: Gengar|move: Eerie Spell|Shadow Ball|3
|move|p1b: Gengar|Shadow Ball|p2a: Slowking
|-supereffective|p2a: Slowking|1
|-damage|p2a: Slowking|19/100
|move|p2b: Wyrdeer|Trick Room|p2b: Wyrdeer
|-fieldend|move: Trick Room
|
|-weather|none
|-heal|p1a: Politoed|68/100 par|[from] item: Leftovers
|upkeep
|turn|8
|
|t:|1784980613
|cant|p1a: Politoed|par
|move|p1b: Gengar|Shadow Ball|p2a: Slowking
|-supereffective|p2a: Slowking|1
|-damage|p2a: Slowking|0 fnt
|faint|p2a: Slowking
|move|p2b: Wyrdeer|Trick Room|p2b: Wyrdeer
|-fieldstart|move: Trick Room|[of] p2b: Wyrdeer
|
|-heal|p1a: Politoed|74/100 par|[from] item: Leftovers
|upkeep
|
|t:|1784980619
|switch|p2a: Basculegion|Basculegion-F, L50, F|100/100
|turn|9
|
|t:|1784980628
|move|p1a: Politoed|Protect|p1a: Politoed
|-singleturn|p1a: Politoed|Protect
|move|p1b: Gengar|Protect|p1b: Gengar
|-singleturn|p1b: Gengar|Protect
|move|p2a: Basculegion|Shadow Ball|p1b: Gengar
|-activate|p1b: Gengar|move: Protect
|move|p2b: Wyrdeer|Trick Room|p2b: Wyrdeer
|-fieldend|move: Trick Room
|
|-heal|p1a: Politoed|80/100 par|[from] item: Leftovers
|-end|p2b: Wyrdeer|Encore
|upkeep
|turn|10
|
|t:|1784980649
|move|p2a: Basculegion|Shadow Ball|p1b: Gengar
|-supereffective|p1b: Gengar|1
|-damage|p1b: Gengar|0 fnt
|faint|p1b: Gengar
|move|p2b: Wyrdeer|Energy Ball|p1a: Politoed
|-supereffective|p1a: Politoed|1
|-damage|p1a: Politoed|37/100 par
|move|p1a: Politoed|Encore|p2b: Wyrdeer
|-start|p2b: Wyrdeer|Encore
|
|-heal|p1a: Politoed|43/100 par|[from] item: Leftovers
|upkeep
|turn|11
|
|t:|1784980657
|move|p2a: Basculegion|Shadow Ball|p1a: Politoed
|-damage|p1a: Politoed|9/100 par
|move|p2b: Wyrdeer|Energy Ball|p1a: Politoed
|-supereffective|p1a: Politoed|1
|-damage|p1a: Politoed|0 fnt
|faint|p1a: Politoed
|
|win|2mero
||Zygobos is ready for game 3.
||2mero is ready for game 3.
|uhtml|next|Next: Game 3 of 3
|l|☆2mero
|player|p2|
