|j|☆genesis77
|j|☆barney7 test
|html|genesis77barney7 test    
|uhtml|bestof|Game 1 of a best-of-3
|t:|1757934810
|gametype|doubles
|player|p1|genesis77|blaine|1386
|player|p2|barney7 test|169|1390
|gen|9
|tier|[Gen 9] VGC 2025 Reg H (Bo3)
|rated|
|rule|Species Clause: Limit one of each Pokémon
|rule|Item Clause: Limit 1 of each item
|clearpoke
|poke|p1|Sneasler, L50, M|
|poke|p1|Indeedee, L50, M|
|poke|p1|Annihilape, L50, M|
|poke|p1|Tyranitar, L50, M|
|poke|p1|Excadrill, L50, M|
|poke|p1|Corviknight, L50, M|
|poke|p2|Archaludon, L50, F|
|poke|p2|Ursaluna, L50, F|
|poke|p2|Dragonite, L50, F|
|poke|p2|Pelipper, L50, F|
|poke|p2|Sinistcha, L50|
|poke|p2|Gholdengo, L50|
|teampreview|4
|showteam|p1|Sneasler||PsychicSeed|Unburden|CloseCombat,DireClaw,ThroatChop,Protect|||M|||50|,,,,,Dark]Indeedee||ChoiceScarf|PsychicSurge|ExpandingForce,TeraBlast,Trick,Protect|||M|||50|,,,,,Psychic]Annihilape||SafetyGoggles|Defiant|CloseCombat,RageFist,Taunt,FinalGambit|||M|||50|,,,,,Fairy]Tyranitar||AssaultVest|SandStream|RockSlide,KnockOff,TeraBlast,LowKick|||M|||50|,,,,,Flying]Excadrill||FocusSash|SandRush|IronHead,HighHorsepower,Earthquake,Protect|||M|||50|,,,,,Ground]Corviknight||SitrusBerry|MirrorArmor|BraveBird,BulkUp,Roost,Tailwind|||M|||50|,,,,,Dragon
|showteam|p2|Archaludon||AssaultVest|Stamina|ElectroShot,FlashCannon,Snarl,BodyPress|||F|||50|,,,,,Bug]Ursaluna||FlameOrb|Guts|Earthquake,Protect,Facade,HeadlongRush|||F|||50|,,,,,Ghost]Dragonite||WideLens|Multiscale|ScaleShot,Tailwind,Haze,Protect|||F|||50|,,,,,Fairy]Pelipper||FocusSash|Drizzle|Protect,Hurricane,WeatherBall,WideGuard|||F|||50|,,,,,Ghost]Sinistcha||SitrusBerry|Hospitality|MatchaGotcha,LifeDew,TrickRoom,RagePowder||||||50|,,,,,Dark]Gholdengo||ChoiceScarf|GoodasGold|MakeItRain,Trick,Protect,ShadowBall||||||50|,,,,,Water
|inactive|Battle timer is ON: inactive players will automatically lose when time's up. (requested by genesis77)
|inactive|genesis77 has 60 seconds left.
|inactive|barney7 test has 60 seconds left.
|inactive|barney7 test has 30 seconds left.
|
|t:|1757934871
|teamsize|p1|4
|teamsize|p2|4
|start
|switch|p1a: Annihilape|Annihilape, L50, M|100/100
|switch|p1b: Tyranitar|Tyranitar, L50, M|100/100
|switch|p2a: Gholdengo|Gholdengo, L50|100/100
|switch|p2b: Dragonite|Dragonite, L50, F|100/100
|-weather|Sandstorm|[from] ability: Sand Stream|[of] p1b: Tyranitar
|turn|1
|inactive|genesis77 has 30 seconds left.
|inactive|barney7 test has 30 seconds left.
|j| Kingofyee
|inactive|genesis77 has 20 seconds left.
|inactive|genesis77 has 15 seconds left.
|inactive|genesis77 has 10 seconds left.
|
|t:|1757934920
|move|p2b: Dragonite|Protect|p2b: Dragonite
|-singleturn|p2b: Dragonite|Protect
|move|p2a: Gholdengo|Trick|p1a: Annihilape
|-activate|p2a: Gholdengo|move: Trick|[of] p1a: Annihilape
|-item|p1a: Annihilape|Choice Scarf|[from] move: Trick
|-item|p2a: Gholdengo|Safety Goggles|[from] move: Trick
|move|p1a: Annihilape|Rage Fist|p2a: Gholdengo
|-supereffective|p2a: Gholdengo
|-damage|p2a: Gholdengo|50/100
|move|p1b: Tyranitar|Rock Slide|p2b: Dragonite|[spread] p2a
|-activate|p2b: Dragonite|move: Protect
|-resisted|p2a: Gholdengo
|-damage|p2a: Gholdengo|33/100
|
|-weather|Sandstorm|[upkeep]
|-damage|p1a: Annihilape|94/100|[from] Sandstorm
|-damage|p2b: Dragonite|94/100|[from] Sandstorm
|upkeep
|turn|2
|
|t:|1757934943
|switch|p2b: Archaludon|Archaludon, L50, F|100/100
|move|p1a: Annihilape|Rage Fist|p2a: Gholdengo
|-supereffective|p2a: Gholdengo
|-damage|p2a: Gholdengo|0 fnt
|faint|p2a: Gholdengo
|move|p1b: Tyranitar|Rock Slide|p2b: Archaludon
|-resisted|p2b: Archaludon
|-damage|p2b: Archaludon|87/100
|-ability|p2b: Archaludon|Stamina|boost
|-boost|p2b: Archaludon|def|1
|
|-weather|Sandstorm|[upkeep]
|-damage|p1a: Annihilape|88/100|[from] Sandstorm
|upkeep
|
|t:|1757934953
|switch|p2a: Sporky|Pelipper, L50, F|100/100
|-weather|RainDance|[from] ability: Drizzle|[of] p2a: Sporky
|turn|3
|
|t:|1757934978
|switch|p1a: Indeedee|Indeedee, L50, M|100/100
|-fieldstart|move: Psychic Terrain|[from] ability: Psychic Surge|[of] p1a: Indeedee
|move|p2a: Sporky|Hurricane|p1a: Indeedee
|-damage|p1a: Indeedee|42/100
|move|p2b: Archaludon|Electro Shot||[still]
|-prepare|p2b: Archaludon|Electro Shot
|-boost|p2b: Archaludon|spa|1
|-anim|p2b: Archaludon|Electro Shot|p1a: Indeedee
|-damage|p1a: Indeedee|0 fnt
|faint|p1a: Indeedee
|move|p1b: Tyranitar|Knock Off|p2a: Sporky
|-damage|p2a: Sporky|40/100
|-enditem|p2a: Sporky|Focus Sash|[from] move: Knock Off|[of] p1b: Tyranitar
|
|-weather|RainDance|[upkeep]
|upkeep
|
|t:|1757934986
|switch|p1a: Annihilape|Annihilape, L50, M|88/100
|turn|4
|
|t:|1757934998
|move|p1a: Annihilape|Final Gambit|p2b: Archaludon
|-damage|p2b: Archaludon|0 fnt
|faint|p1a: Annihilape
|faint|p2b: Archaludon
|move|p2a: Sporky|Hurricane|p1b: Tyranitar
|-resisted|p1b: Tyranitar
|-damage|p1b: Tyranitar|87/100
|-start|p1b: Tyranitar|confusion
|-activate|p1b: Tyranitar|confusion
|move|p1b: Tyranitar|Rock Slide|p2a: Sporky
|-supereffective|p2a: Sporky
|-damage|p2a: Sporky|0 fnt
|faint|p2a: Sporky
|
|-weather|RainDance|[upkeep]
|upkeep
|
|t:|1757935002
|switch|p1a: Excadrill|Excadrill, L50, M|100/100
|switch|p2b: Dragonite|Dragonite, L50, F|94/100
|turn|5
|-message|barney7 test forfeited.
|
|win|genesis77
|l|☆barney7 test
|player|p2|
||barney7 test is ready for game 2.
||genesis77 is ready for game 2.
|uhtml|next|Next: Game 2 of 3
|l| Kingofyee
|l|☆genesis77
|player|p1|
