|j|☆Divine Monkey King
|j|☆raksbach
|html|Divine Monkey Kingraksbach    
|uhtml|bestof|Game 3 of a best-of-3
|t:|1782394882
|gametype|doubles
|player|p1|Divine Monkey King|rocketgrunt|1068
|player|p2|raksbach|266|1084
|gen|9
|tier|[Gen 9 Champions] VGC 2026 Reg M-B (Bo3)
|rated|
|rule|Species Clause: Limit one of each Pokémon
|rule|Item Clause: Limit 1 of each item
|clearpoke
|poke|p1|Whimsicott, L50, F, shiny|
|poke|p1|Lucario, L50, M, shiny|
|poke|p1|Pelipper, L50, M, shiny|
|poke|p1|Beedrill, L50, M, shiny|
|poke|p1|Annihilape, L50, M, shiny|
|poke|p1|Basculegion, L50, M, shiny|
|poke|p2|Swampert, L50, M|
|poke|p2|Pelipper, L50, M|
|poke|p2|Archaludon, L50, M|
|poke|p2|Venusaur, L50, M|
|poke|p2|Gholdengo, L50|
|poke|p2|Grimmsnarl, L50, M|
|teampreview|4
|showteam|p1|Whimsicott||FocusSash|Prankster|Encore,Protect,Tailwind,BeatUp|Serious||F|||50|]Lucario||Lucarionite|Justified|Crunch,DrainPunch,PoisonJab,Protect|Jolly||M|||50|]Pelipper||SitrusBerry|Drizzle|Hurricane,IceBeam,Protect,WeatherBall|Timid||M|||50|]Beedrill||Beedrillite|Sniper|DrillRun,PoisonJab,Protect,FellStinger|Jolly||M|||50|]Annihilape||Leftovers|Defiant|BulkUp,DrainPunch,RageFist,RockSlide|Adamant||M|||50|]Basculegion||MysticWater|SwiftSwim|AquaJet,FlipTurn,LastRespects,Protect|Adamant||M|||50|
|showteam|p2|Swampert||Swampertite|Damp|WaveCrash,Earthquake,IcePunch,Protect|Adamant||M|||50|]Pelipper||SitrusBerry|Drizzle|Hurricane,WeatherBall,WideGuard,Tailwind|Bold||M|||50|]Archaludon||Leftovers|Stamina|DragonPulse,FlashCannon,ElectroShot,Protect|Modest||M|||50|]Venusaur||Venusaurite|Chlorophyll|SludgeBomb,GigaDrain,EarthPower,Protect|Modest||M|||50|]Gholdengo||LifeOrb|GoodasGold|MakeItRain,ShadowBall,NastyPlot,Protect|Timid|||||50|]Grimmsnarl||LightClay|Prankster|FoulPlay,Reflect,LightScreen,PartingShot|Careful||M|||50|
|inactive|Battle timer is ON: inactive players will automatically lose when time's up. (requested by raksbach)
|
|t:|1782394913
|teamsize|p1|4
|teamsize|p2|4
|start
|switch|p1a: Whimsicott|Whimsicott, L50, F, shiny|100/100
|switch|p1b: Lucario|Lucario, L50, M, shiny|100/100
|switch|p2a: Swampert|Swampert, L50, M|100/100
|switch|p2b: Grimmsnarl|Grimmsnarl, L50, M|100/100
|turn|1
|
|t:|1782394930
|detailschange|p2a: Swampert|Swampert-Mega, L50, M
|-mega|p2a: Swampert|Swampert|Swampertite
|move|p1b: Lucario|Protect|p1b: Lucario
|-singleturn|p1b: Lucario|Protect
|move|p1a: Whimsicott|Tailwind|p1a: Whimsicott
|-sidestart|p1: Divine Monkey King|move: Tailwind
|move|p2b: Grimmsnarl|Parting Shot|p1b: Lucario
|-activate|p1b: Lucario|move: Protect
|move|p2a: Swampert|Earthquake|p1a: Whimsicott|[spread] p2b,p1a
|-activate|p1b: Lucario|move: Protect
|-resisted|p1a: Whimsicott|1
|-damage|p2b: Grimmsnarl|53/100
|-damage|p1a: Whimsicott|62/100
|
|upkeep
|turn|2
|
|t:|1782394949
|move|p2b: Grimmsnarl|Parting Shot|p1b: Lucario
|-unboost|p1b: Lucario|atk|1
|-unboost|p1b: Lucario|spa|1
|
|t:|1782394959
|switch|p2b: Pelipper|Pelipper, L50, M|100/100|[from] Parting Shot
|-weather|RainDance|[from] ability: Drizzle|[of] p2b: Pelipper
|move|p1a: Whimsicott|Beat Up|p1b: Lucario
|-resisted|p1b: Lucario|1
|-damage|p1b: Lucario|98/100
|-ability|p1b: Lucario|Justified|boost
|-boost|p1b: Lucario|atk|1
|-resisted|p1b: Lucario|1
|-damage|p1b: Lucario|96/100
|-ability|p1b: Lucario|Justified|boost
|-boost|p1b: Lucario|atk|1
|-resisted|p1b: Lucario|1
|-damage|p1b: Lucario|95/100
|-ability|p1b: Lucario|Justified|boost
|-boost|p1b: Lucario|atk|1
|-resisted|p1b: Lucario|1
|-damage|p1b: Lucario|93/100
|-ability|p1b: Lucario|Justified|boost
|-boost|p1b: Lucario|atk|1
|-hitcount|p1b: Lucario|4
|move|p1b: Lucario|Drain Punch|p2a: Swampert
|-damage|p2a: Swampert|19/100
|-heal|p1b: Lucario|100/100|[from] drain|[of] p2a: Swampert
|move|p2a: Swampert|Earthquake|p1a: Whimsicott|[spread] p1a,p1b
|-immune|p2b: Pelipper
|-resisted|p1a: Whimsicott|1
|-supereffective|p1b: Lucario|1
|-damage|p1a: Whimsicott|22/100
|-damage|p1b: Lucario|0 fnt
|faint|p1b: Lucario
|
|-weather|RainDance|[upkeep]
|upkeep
|inactive|Divine Monkey King has 30 seconds left.
|
|t:|1782394986
|switch|p1b: Basculegion|Basculegion, L50, M, shiny|100/100
|turn|3
|
|t:|1782395009
|move|p1a: Whimsicott|Protect|p1a: Whimsicott
|-singleturn|p1a: Whimsicott|Protect
|move|p1b: Basculegion|Aqua Jet|p2a: Swampert
|-crit|p2a: Swampert
|-damage|p2a: Swampert|0 fnt
|faint|p2a: Swampert
|move|p2b: Pelipper|Tailwind|p2b: Pelipper
|-sidestart|p2: raksbach|move: Tailwind
|
|-weather|RainDance|[upkeep]
|upkeep
|
|t:|1782395016
|switch|p2a: Archaludon|Archaludon, L50, M|100/100
|turn|4
|inactive|raksbach has 30 seconds left.
|inactive|raksbach has 20 seconds left.
|inactive|raksbach has 15 seconds left.
|
|t:|1782395061
|move|p1a: Whimsicott|Encore|p2b: Pelipper
|-start|p2b: Pelipper|Encore
|move|p1b: Basculegion|Last Respects|p2a: Archaludon
|-damage|p2a: Archaludon|64/100
|-ability|p2a: Archaludon|Stamina|boost
|-boost|p2a: Archaludon|def|1
|move|p2a: Archaludon|Electro Shot||[still]
|-prepare|p2a: Archaludon|Electro Shot
|-boost|p2a: Archaludon|spa|1
|-anim|p2a: Archaludon|Electro Shot|p1b: Basculegion
|-supereffective|p1b: Basculegion|1
|-damage|p1b: Basculegion|0 fnt
|faint|p1b: Basculegion
|move|p2b: Pelipper|Tailwind||[still]
|-fail|p2b: Pelipper
|
|-weather|RainDance|[upkeep]
|-heal|p2a: Archaludon|71/100|[from] item: Leftovers
|-sideend|p1: Divine Monkey King|move: Tailwind
|upkeep
|
|t:|1782395073
|switch|p1b: Pelipper|Pelipper, L50, M, shiny|100/100
|turn|5
|
|t:|1782395090
|move|p1a: Whimsicott|Tailwind|p1a: Whimsicott
|-sidestart|p1: Divine Monkey King|move: Tailwind
|move|p2a: Archaludon|Electro Shot||[still]
|-prepare|p2a: Archaludon|Electro Shot
|-boost|p2a: Archaludon|spa|1
|-anim|p2a: Archaludon|Electro Shot|p1b: Pelipper
|-supereffective|p1b: Pelipper|2
|-damage|p1b: Pelipper|0 fnt
|faint|p1b: Pelipper
|move|p2b: Pelipper|Tailwind||[still]
|-fail|p2b: Pelipper
|
|-weather|RainDance|[upkeep]
|-heal|p2a: Archaludon|77/100|[from] item: Leftovers
|upkeep
|turn|6
|
|t:|1782395103
|move|p1a: Whimsicott|Beat Up|p2a: Archaludon
|-damage|p2a: Archaludon|76/100
|-ability|p2a: Archaludon|Stamina|boost
|-boost|p2a: Archaludon|def|1
|-hitcount|p2a: Archaludon|1
|move|p2a: Archaludon|Flash Cannon|p1a: Whimsicott
|-supereffective|p1a: Whimsicott|1
|-damage|p1a: Whimsicott|0 fnt
|faint|p1a: Whimsicott
|
|win|raksbach
|raw|Divine Monkey King's rating: 1068 → 1049(-19 for losing)
|raw|raksbach's rating: 1084 → 1110(+26 for winning)
