|j|☆iannaVi
|j|☆friendofkingambit
|html|iannaVifriendofkingambit    
|uhtml|bestof|Game 1 of a best-of-3
|t:|1783884686
|gametype|doubles
|player|p1|iannaVi|cheren-gen5bw2|1192
|player|p2|friendofkingambit|102|1309
|gen|9
|tier|[Gen 9 Champions] VGC 2026 Reg M-B (Bo3)
|rated|
|rule|Species Clause: Limit one of each Pokémon
|rule|Item Clause: Limit 1 of each item
|clearpoke
|poke|p1|Sylveon, L50, F|
|poke|p1|Charizard, L50, F|
|poke|p1|Garchomp, L50, F|
|poke|p1|Aerodactyl, L50, F|
|poke|p1|Kingambit, L50, F|
|poke|p1|Farigiraf, L50, F|
|poke|p2|Kingambit, L50, F, shiny|
|poke|p2|Aerodactyl, L50, F|
|poke|p2|Charizard, L50, M|
|poke|p2|Metagross, L50|
|poke|p2|Incineroar, L50, F|
|poke|p2|Ninetales-Alola, L50, M|
|teampreview|4
|showteam|p1|Sylveon||FairyFeather|Pixilate|HyperVoice,HyperBeam,QuickAttack,Detect|Modest||F|||50|]Charizard||CharizarditeY|Blaze|WeatherBall,HeatWave,SolarBeam,Protect|Modest||F|||50|]Garchomp||LifeOrb|RoughSkin|DragonClaw,Protect,StompingTantrum,Earthquake|Jolly||F|||50|]Aerodactyl||Aerodactylite|Unnerve|RockSlide,IceFang,Tailwind,DualWingbeat|Jolly||F|||50|]Kingambit||FocusSash|Defiant|KowtowCleave,IronHead,SuckerPunch,LowKick|Adamant||F|||50|]Farigiraf||SitrusBerry|ArmorTail|TwinBeam,Thunderbolt,TrickRoom,Roar|Relaxed||F|||50|
|showteam|p2|Kingambit||BlackGlasses|Defiant|Protect,SwordsDance,SuckerPunch,KowtowCleave|Adamant||F|||50|]Aerodactyl||FocusSash|Unnerve|Tailwind,DualWingbeat,RockSlide,Protect|Jolly||F|||50|]Charizard||CharizarditeY|Blaze|HeatWave,WeatherBall,SolarBeam,Protect|Modest||M|||50|]Metagross||Metagrossite|ClearBody|BodyPress,PsychicFangs,IronHead,Protect|Adamant|||||50|]Incineroar||SitrusBerry|Intimidate|FakeOut,ThroatChop,PartingShot,FlareBlitz|Adamant||F|||50|]Ninetales-Alola||LightClay|SnowWarning|AuroraVeil,Blizzard,FreezeDry,Protect|Timid||M|||50|
|inactive|Battle timer is ON: inactive players will automatically lose when time's up. (requested by friendofkingambit)
|inactive|friendofkingambit has 60 seconds left.
|
|t:|1783884726
|teamsize|p1|4
|teamsize|p2|4
|start
|switch|p1a: Aerodactyl|Aerodactyl, L50, F|100/100
|switch|p1b: Kingambit|Kingambit, L50, F|100/100
|switch|p2a: Incineroar|Incineroar, L50, F|100/100
|switch|p2b: Metagross|Metagross, L50|100/100
|-ability|p1a: Aerodactyl|Unnerve
|-ability|p2a: Incineroar|Intimidate|boost
|-unboost|p1a: Aerodactyl|atk|1
|-unboost|p1b: Kingambit|atk|1
|-ability|p1b: Kingambit|Defiant|boost
|-boost|p1b: Kingambit|atk|2
|turn|1
|
|t:|1783884744
|switch|p1a: Farigiraf|Farigiraf, L50, F|100/100
|detailschange|p2b: Metagross|Metagross-Mega, L50
|-mega|p2b: Metagross|Metagross|Metagrossite
|move|p2a: Incineroar|Fake Out||[still]
|cant|p1a: Farigiraf|ability: Armor Tail|Fake Out|[of] p2a: Incineroar
|move|p2b: Metagross|Body Press|p1b: Kingambit
|-supereffective|p1b: Kingambit|2
|-enditem|p1b: Kingambit|Focus Sash
|-damage|p1b: Kingambit|1/100
|move|p1b: Kingambit|Kowtow Cleave|p2b: Metagross
|-supereffective|p2b: Metagross|1
|-damage|p2b: Metagross|0 fnt
|faint|p2b: Metagross
|
|upkeep
|
|t:|1783884762
|switch|p2b: Ninetales|Ninetales-Alola, L50, M|100/100
|-weather|Snowscape|[from] ability: Snow Warning|[of] p2b: Ninetales
|turn|2
|
|t:|1783884784
|move|p1b: Kingambit|Sucker Punch|p2b: Ninetales
|-resisted|p2b: Ninetales|1
|-damage|p2b: Ninetales|73/100
|move|p2b: Ninetales|Blizzard|p1b: Kingambit|[spread] p1a,p1b
|-resisted|p1b: Kingambit|1
|-damage|p1a: Farigiraf|75/100
|-damage|p1b: Kingambit|0 fnt
|faint|p1b: Kingambit
|move|p2a: Incineroar|Throat Chop|p1a: Farigiraf
|-supereffective|p1a: Farigiraf|1
|-damage|p1a: Farigiraf|21/100
|-start|p1a: Farigiraf|Throat Chop|[silent]
|-enditem|p1a: Farigiraf|Sitrus Berry|[eat]
|-heal|p1a: Farigiraf|46/100|[from] item: Sitrus Berry
|move|p1a: Farigiraf|Twin Beam|p2b: Ninetales
|-damage|p2b: Ninetales|55/100
|-damage|p2b: Ninetales|38/100
|-hitcount|p2b: Ninetales|2
|
|-weather|Snowscape|[upkeep]
|upkeep
|
|t:|1783884801
|switch|p1b: Aerodactyl|Aerodactyl, L50, F|100/100
|-ability|p1b: Aerodactyl|Unnerve
|turn|3
|
|t:|1783884824
|detailschange|p1b: Aerodactyl|Aerodactyl-Mega, L50, F
|-mega|p1b: Aerodactyl|Aerodactyl|Aerodactylite
|move|p2b: Ninetales|Protect|p2b: Ninetales
|-singleturn|p2b: Ninetales|Protect
|move|p1b: Aerodactyl|Rock Slide|p2b: Ninetales|[spread] p2a
|-activate|p2b: Ninetales|move: Protect
|-supereffective|p2a: Incineroar|1
|-damage|p2a: Incineroar|58/100
|cant|p2a: Incineroar|flinch
|move|p1a: Farigiraf|Thunderbolt|p2a: Incineroar
|-damage|p2a: Incineroar|36/100
|-enditem|p2a: Incineroar|Sitrus Berry|[eat]
|-heal|p2a: Incineroar|61/100|[from] item: Sitrus Berry
|
|-weather|Snowscape|[upkeep]
|-end|p1a: Farigiraf|Throat Chop|[silent]
|upkeep
|turn|4
|
|t:|1783884844
|move|p1b: Aerodactyl|Rock Slide|p2b: Ninetales|[spread] p2a,p2b
|-supereffective|p2a: Incineroar|1
|-supereffective|p2b: Ninetales|1
|-damage|p2a: Incineroar|22/100
|-damage|p2b: Ninetales|0 fnt
|faint|p2b: Ninetales
|move|p2a: Incineroar|Parting Shot|p1b: Aerodactyl
|-unboost|p1b: Aerodactyl|atk|1
|-unboost|p1b: Aerodactyl|spa|1
|
|t:|1783884852
|switch|p2a: Aerodactyl|Aerodactyl, L50, F|100/100|[from] Parting Shot
|-ability|p2a: Aerodactyl|Unnerve
|move|p1a: Farigiraf|Thunderbolt|p2a: Aerodactyl
|-supereffective|p2a: Aerodactyl|1
|-damage|p2a: Aerodactyl|37/100
|
|-weather|Snowscape|[upkeep]
|upkeep
|
|t:|1783884861
|switch|p2b: Incineroar|Incineroar, L50, F|22/100
|-ability|p2b: Incineroar|Intimidate|boost
|-unboost|p1a: Farigiraf|atk|1
|-unboost|p1b: Aerodactyl|atk|1
|turn|5
|
|t:|1783884871
|switch|p1b: Garchomp|Garchomp, L50, F|100/100
|move|p2a: Aerodactyl|Rock Slide|p1b: Garchomp|[spread] p1a,p1b
|-resisted|p1b: Garchomp|1
|-damage|p1a: Farigiraf|27/100
|-damage|p1b: Garchomp|87/100
|move|p2b: Incineroar|Throat Chop|p1b: Garchomp
|-damage|p1b: Garchomp|55/100
|-start|p1b: Garchomp|Throat Chop|[silent]
|-damage|p2b: Incineroar|10/100|[from] ability: Rough Skin|[of] p1b: Garchomp
|move|p1a: Farigiraf|Thunderbolt|p2a: Aerodactyl
|-supereffective|p2a: Aerodactyl|1
|-damage|p2a: Aerodactyl|0 fnt
|faint|p2a: Aerodactyl
|
|-weather|Snowscape|[upkeep]
|upkeep
|turn|6
|-message|friendofkingambit forfeited.
|
|win|iannaVi
||friendofkingambit is ready for game 2.
||iannaVi is ready for game 2.
|uhtml|next|Next: Game 2 of 3
