|j|☆natsukivgc
|j|☆ErTunneling
|html|natsukivgcErTunneling    
|uhtml|bestof|Game 1 of a best-of-3
|t:|1785412236
|gametype|doubles
|player|p1|natsukivgc|265|1143
|player|p2|ErTunneling|2|1205
|gen|9
|tier|[Gen 9 Champions] VGC 2026 Reg M-B (Bo3)
|rated|
|rule|Species Clause: Limit one of each Pokémon
|rule|Item Clause: Limit 1 of each item
|clearpoke
|poke|p1|Garchomp, L50, M|
|poke|p1|Venusaur, L50, M|
|poke|p1|Incineroar, L50, M|
|poke|p1|Charizard, L50, F|
|poke|p1|Toxapex, L50, F|
|poke|p1|Annihilape, L50, M|
|poke|p2|Charizard, L50, M|
|poke|p2|Grimmsnarl, L50, M|
|poke|p2|Pelipper, L50, F|
|poke|p2|Archaludon, L50, M|
|poke|p2|Venusaur, L50, F|
|poke|p2|Basculegion, L50, M|
|teampreview|4
|showteam|p1|Garchomp||ChoiceScarf|RoughSkin|Earthquake,DragonClaw,StompingTantrum,RockSlide|Adamant||M|||50|]Venusaur||LifeOrb|Chlorophyll|SolarBeam,SludgeBomb,EarthPower,Protect|Modest||M|||50|]Incineroar||SitrusBerry|Intimidate|FlareBlitz,ThroatChop,FakeOut,PartingShot|Impish||M|||50|]Charizard||CharizarditeY|Blaze|HeatWave,WeatherBall,HelpingHand,Protect|Modest||F|||50|]Toxapex||Leftovers|Regenerator|Infestation,Toxic,WideGuard,BanefulBunker|Bold||F|||50|]Annihilape||FocusSash|Defiant|CloseCombat,PhantomForce,StealthRock,Protect|Jolly||M|||50|
|showteam|p2|Charizard||CharizarditeY|SolarPower|Hurricane,WeatherBall,HeatWave,Protect|Modest||M|||50|]Grimmsnarl||LightClay|Prankster|PartingShot,LightScreen,Reflect,SpiritBreak|Careful||M|||50|]Pelipper||SitrusBerry|Drizzle|WeatherBall,Hurricane,Tailwind,Protect|Modest||F|||50|]Archaludon||Leftovers|Stamina|ElectroShot,DragonPulse,Protect,FlashCannon|Calm||M|||50|]Venusaur||Venusaurite|Chlorophyll|SludgeBomb,GigaDrain,EarthPower,SleepPowder|Modest||F|||50|]Basculegion||ChoiceScarf|Adaptability|FlipTurn,WaveCrash,LastRespects,AquaJet|Jolly||M|||50|
|inactive|Battle timer is ON: inactive players will automatically lose when time's up. (requested by ErTunneling)
|inactive|ErTunneling has 60 seconds left.
|
|t:|1785412280
|teamsize|p1|4
|teamsize|p2|4
|start
|switch|p1a: Annihilape|Annihilape, L50, M|100/100
|switch|p1b: Charizard|Charizard, L50, F|100/100
|switch|p2a: Venusaur|Venusaur, L50, F|100/100
|switch|p2b: Grimmsnarl|Grimmsnarl, L50, M|100/100
|turn|1
|inactive|natsukivgc has 30 seconds left.
|inactive|ErTunneling has 30 seconds left.
|inactive|natsukivgc has 20 seconds left.
|
|t:|1785412316
|detailschange|p2a: Venusaur|Venusaur-Mega, L50, F
|-mega|p2a: Venusaur|Venusaur|Venusaurite
|move|p2b: Grimmsnarl|Light Screen|p2b: Grimmsnarl
|-sidestart|p2: ErTunneling|move: Light Screen
|move|p1a: Annihilape|Stealth Rock|p2b: Grimmsnarl
|-sidestart|p2: ErTunneling|move: Stealth Rock
|move|p1b: Charizard|Heat Wave|p2b: Grimmsnarl|[spread] p2a,p2b
|-supereffective|p2a: Venusaur|1
|-damage|p2a: Venusaur|85/100
|-damage|p2b: Grimmsnarl|82/100
|-status|p2b: Grimmsnarl|brn
|move|p2a: Venusaur|Sludge Bomb|p1b: Charizard
|-damage|p1b: Charizard|49/100
|-status|p1b: Charizard|psn
|
|-damage|p1b: Charizard|37/100 psn|[from] psn
|-damage|p2b: Grimmsnarl|76/100 brn|[from] brn
|upkeep
|turn|2
|inactive|natsukivgc has 30 seconds left.
|inactive|ErTunneling has 30 seconds left.
|inactive|natsukivgc has 20 seconds left.
|inactive|natsukivgc has 15 seconds left.
|
|t:|1785412360
|switch|p1b: Incineroar|Incineroar, L50, M|100/100
|-ability|p1b: Incineroar|Intimidate|boost
|-unboost|p2a: Venusaur|atk|1
|-unboost|p2b: Grimmsnarl|atk|1
|move|p1a: Annihilape|Close Combat|p2b: Grimmsnarl
|-damage|p2b: Grimmsnarl|21/100 brn
|-unboost|p1a: Annihilape|def|1
|-unboost|p1a: Annihilape|spd|1
|move|p2a: Venusaur|Sludge Bomb|p1a: Annihilape
|-resisted|p1a: Annihilape|1
|-damage|p1a: Annihilape|67/100
|move|p2b: Grimmsnarl|Spirit Break|p1a: Annihilape
|-supereffective|p1a: Annihilape|1
|-damage|p1a: Annihilape|35/100
|-unboost|p1a: Annihilape|spa|1
|-ability|p1a: Annihilape|Defiant|boost
|-boost|p1a: Annihilape|atk|2
|
|-damage|p2b: Grimmsnarl|15/100 brn|[from] brn
|upkeep
|turn|3
|inactive|natsukivgc has 30 seconds left.
|
|t:|1785412390
|switch|p1a: Venusaur|Venusaur, L50, M|100/100
|switch|p2a: Basculegion|Basculegion, L50, M|100/100
|-damage|p2a: Basculegion|87/100|[from] Stealth Rock
|move|p1b: Incineroar|Fake Out|p2b: Grimmsnarl
|-damage|p2b: Grimmsnarl|4/100 brn
|cant|p2b: Grimmsnarl|flinch
|
|-damage|p2b: Grimmsnarl|0 fnt|[from] brn
|faint|p2b: Grimmsnarl
|upkeep
|
|t:|1785412408
|switch|p2b: Venusaur|Venusaur-Mega, L50, F|85/100
|-damage|p2b: Venusaur|72/100|[from] Stealth Rock
|turn|4
|
|t:|1785412429
|move|p1a: Venusaur|Protect|p1a: Venusaur
|-singleturn|p1a: Venusaur|Protect
|move|p2a: Basculegion|Wave Crash|p1b: Incineroar
|-supereffective|p1b: Incineroar|1
|-damage|p1b: Incineroar|0 fnt
|faint|p1b: Incineroar
|-damage|p2a: Basculegion|53/100|[from] Recoil
|move|p2b: Venusaur|Sludge Bomb|p1a: Venusaur
|-activate|p1a: Venusaur|move: Protect
|
|upkeep
|
|t:|1785412439
|switch|p1b: Charizard|Charizard, L50, F|37/100 psn
|turn|5
|
|t:|1785412458
|detailschange|p1b: Charizard|Charizard-Mega-Y, L50, F
|-mega|p1b: Charizard|Charizard|Charizardite Y
|-weather|SunnyDay|[from] ability: Drought|[of] p1b: Charizard
|move|p1a: Venusaur|Earth Power|p2a: Basculegion
|-damage|p2a: Basculegion|25/100
|-unboost|p2a: Basculegion|spd|1
|-damage|p1a: Venusaur|90/100|[from] item: Life Orb
|move|p2a: Basculegion|Wave Crash|p1b: Charizard
|-supereffective|p1b: Charizard|1
|-damage|p1b: Charizard|0 fnt
|faint|p1b: Charizard
|-damage|p2a: Basculegion|14/100|[from] Recoil
|move|p2b: Venusaur|Sludge Bomb|p1a: Venusaur
|-damage|p1a: Venusaur|37/100
|
|-weather|SunnyDay|[upkeep]
|upkeep
|
|t:|1785412473
|switch|p1b: Annihilape|Annihilape, L50, M|35/100
|turn|6
|
|t:|1785412488
|switch|p2b: Pelipper|Pelipper, L50, F|100/100
|-damage|p2b: Pelipper|75/100|[from] Stealth Rock
|-weather|RainDance|[from] ability: Drizzle|[of] p2b: Pelipper
|move|p2a: Basculegion|Wave Crash|p1b: Annihilape
|-damage|p1b: Annihilape|0 fnt
|faint|p1b: Annihilape
|-damage|p2a: Basculegion|4/100|[from] Recoil
|move|p1a: Venusaur|Solar Beam||[still]
|-prepare|p1a: Venusaur|Solar Beam
|
|-weather|RainDance|[upkeep]
|upkeep
|turn|7
|-message|natsukivgc forfeited.
|
|win|ErTunneling
||natsukivgc is ready for game 2.
||ErTunneling is ready for game 2.
|uhtml|next|Next: Game 2 of 3
|l|☆natsukivgc
|player|p1|
