|j|☆SFmrmimers
|j|☆mil0battles
|html|SFmrmimersmil0battles    
|uhtml|bestof|Game 3 of a best-of-3
|t:|1756528918
|gametype|doubles
|player|p1|SFmrmimers|n|1109
|player|p2|mil0battles|pokemonranger-gen4|1139
|gen|9
|tier|[Gen 9] VGC 2025 Reg H (Bo3)
|rated|
|rule|Species Clause: Limit one of each Pokémon
|rule|Item Clause: Limit 1 of each item
|clearpoke
|poke|p1|Sneasler, L50, M|
|poke|p1|Kingambit, L50, M|
|poke|p1|Rillaboom, L50, M|
|poke|p1|Basculegion, L50, M|
|poke|p1|Magmar, L50, F|
|poke|p1|Ninetales-Alola, L50, F|
|poke|p2|Inteleon, L50, F|
|poke|p2|Maushold-Four, L50|
|poke|p2|Pelipper, L50, F|
|poke|p2|Archaludon, L50, F|
|poke|p2|Basculegion, L50, M|
|poke|p2|Sneasler, L50, F|
|teampreview|4
|showteam|p1|Sneasler||FocusSash|PoisonTouch|DireClaw,CloseCombat,FakeOut,Protect|||M|||50|,,,,,Ghost]Kingambit||BlackGlasses|Defiant|KowtowCleave,SuckerPunch,SwordsDance,Protect|||M|||50|,,,,,Fire]Rillaboom||AssaultVest|GrassySurge|FakeOut,Uturn,GrassyGlide,WoodHammer|||M|||50|,,,,,Fire]Basculegion||ChoiceScarf|Adaptability|WaveCrash,LastRespects,TeraBlast,FlipTurn|||M|||50|,,,,,Fairy]Magmar||Eviolite|VitalSpirit|FollowMe,HeatWave,Taunt,Protect|||F|||50|,,,,,Ghost]Ninetales-Alola||NeverMeltIce|SnowWarning|Blizzard,FreezeDry,Encore,Protect|||F|||50|,,,,,Ghost
|showteam|p2|Inteleon||MysticWater|Sniper|SnipeShot,IceBeam,Haze,Protect|||F|||50|,,,,,Water]Maushold-Four||WideLens|Technician|PopulationBomb,Taunt,FollowMe,Protect||||||50|,,,,,Ghost]Pelipper||FocusSash|Drizzle|Tailwind,Protect,WeatherBall,Hurricane|||F|||50|,,,,,Ghost]Archaludon||AssaultVest|Stamina|ElectroShot,FlashCannon,BodyPress,DracoMeteor|||F|||50|,,,,,Grass]Basculegion||ChoiceBand|SwiftSwim|WaveCrash,LastRespects,FlipTurn,AquaJet|||M|||50|,,,,,Grass]Sneasler||WhiteHerb|Unburden|DireClaw,CloseCombat,FakeOut,Protect|||F|||50|,,,,,Stellar
|inactive|Battle timer is ON: inactive players will automatically lose when time's up. (requested by mil0battles)
|
|t:|1756528957
|teamsize|p1|4
|teamsize|p2|4
|start
|switch|p1a: Kingambit|Kingambit, L50, M, shiny|100/100
|switch|p1b: Sneasler|Sneasler, L50, M|100/100
|switch|p2a: Maushold|Maushold-Four, L50|100/100
|switch|p2b: Archaludon|Archaludon, L50, F|100/100
|turn|1
|inactive|mil0battles has 30 seconds left.
|
|t:|1756528985
|-terastallize|p2b: Archaludon|Grass
|move|p1a: Kingambit|Sucker Punch|p2a: Maushold
|-damage|p2a: Maushold|30/100
|move|p1b: Sneasler|Close Combat|p2b: Archaludon
|-damage|p2b: Archaludon|64/100
|-unboost|p1b: Sneasler|def|1
|-unboost|p1b: Sneasler|spd|1
|-ability|p2b: Archaludon|Stamina|boost
|-boost|p2b: Archaludon|def|1
|-status|p2b: Archaludon|psn|[from] ability: Poison Touch|[of] p1b: Sneasler
|move|p2a: Maushold|Population Bomb|p2b: Archaludon
|-damage|p2b: Archaludon|59/100 psn
|-ability|p2b: Archaludon|Stamina|boost
|-boost|p2b: Archaludon|def|1
|-damage|p2b: Archaludon|55/100 psn
|-ability|p2b: Archaludon|Stamina|boost
|-boost|p2b: Archaludon|def|1
|-damage|p2b: Archaludon|52/100 psn
|-ability|p2b: Archaludon|Stamina|boost
|-boost|p2b: Archaludon|def|1
|-damage|p2b: Archaludon|49/100 psn
|-ability|p2b: Archaludon|Stamina|boost
|-boost|p2b: Archaludon|def|1
|-damage|p2b: Archaludon|47/100 psn
|-ability|p2b: Archaludon|Stamina|boost
|-boost|p2b: Archaludon|def|1
|-damage|p2b: Archaludon|45/100 psn
|-damage|p2b: Archaludon|43/100 psn
|-damage|p2b: Archaludon|41/100 psn
|-damage|p2b: Archaludon|38/100 psn
|-damage|p2b: Archaludon|36/100 psn
|-hitcount|p2b: Archaludon|10
|move|p2b: Archaludon|Body Press|p1a: Kingambit
|-supereffective|p1a: Kingambit
|-damage|p1a: Kingambit|0 fnt
|faint|p1a: Kingambit
|
|-damage|p2b: Archaludon|24/100 psn|[from] psn
|upkeep
|inactive|SFmrmimers has 30 seconds left.
|inactive|SFmrmimers has 20 seconds left.
|inactive|SFmrmimers has 15 seconds left.
|
|t:|1756529025
|switch|p1a: Rillaboom|Rillaboom, L50, M|100/100
|-fieldstart|move: Grassy Terrain|[from] ability: Grassy Surge|[of] p1a: Rillaboom
|turn|2
|
|t:|1756529036
|move|p1a: Rillaboom|Fake Out|p2a: Maushold
|-damage|p2a: Maushold|6/100
|move|p1b: Sneasler|Dire Claw|p2b: Archaludon
|-supereffective|p2b: Archaludon
|-damage|p2b: Archaludon|11/100 psn
|cant|p2a: Maushold|flinch
|move|p2b: Archaludon|Body Press|p1a: Rillaboom
|-damage|p1a: Rillaboom|6/100
|
|-heal|p2a: Maushold|12/100|[from] Grassy Terrain
|-heal|p1a: Rillaboom|12/100|[from] Grassy Terrain
|-heal|p2b: Archaludon|17/100 psn|[from] Grassy Terrain
|-damage|p2b: Archaludon|5/100 psn|[from] psn
|upkeep
|turn|3
|
|t:|1756529057
|move|p2a: Maushold|Protect|p2a: Maushold
|-singleturn|p2a: Maushold|Protect
|move|p1a: Rillaboom|Grassy Glide|p2b: Archaludon
|-resisted|p2b: Archaludon
|-damage|p2b: Archaludon|2/100 psn
|move|p1b: Sneasler|Close Combat|p2a: Maushold
|-activate|p2a: Maushold|move: Protect
|move|p2b: Archaludon|Body Press|p1a: Rillaboom
|-damage|p1a: Rillaboom|0 fnt
|faint|p1a: Rillaboom
|
|-heal|p2a: Maushold|18/100|[from] Grassy Terrain
|-heal|p2b: Archaludon|8/100 psn|[from] Grassy Terrain
|-damage|p2b: Archaludon|0 fnt|[from] psn
|faint|p2b: Archaludon
|upkeep
|
|t:|1756529075
|switch|p1a: Ninetales|Ninetales-Alola, L50, F, shiny|100/100
|switch|p2b: Sneasler|Sneasler, L50, F|100/100
|-weather|Snowscape|[from] ability: Snow Warning|[of] p1a: Ninetales
|turn|4
|inactive|mil0battles has 30 seconds left.
|
|t:|1756529101
|-terastallize|p1a: Ninetales|Ghost
|move|p1b: Sneasler|Close Combat|p2a: Maushold
|-supereffective|p2a: Maushold
|-damage|p2a: Maushold|0 fnt
|-unboost|p1b: Sneasler|def|1
|-unboost|p1b: Sneasler|spd|1
|faint|p2a: Maushold
|move|p1a: Ninetales|Blizzard|p2b: Sneasler
|-damage|p2b: Sneasler|33/100
|move|p2b: Sneasler|Dire Claw|p1a: Ninetales
|-resisted|p1a: Ninetales
|-damage|p1a: Ninetales|67/100
|-status|p1a: Ninetales|psn
|
|-weather|Snowscape|[upkeep]
|-heal|p1a: Ninetales|73/100 psn|[from] Grassy Terrain
|-heal|p2b: Sneasler|39/100|[from] Grassy Terrain
|-damage|p1a: Ninetales|61/100 psn|[from] psn
|upkeep
|
|t:|1756529113
|switch|p2a: Pelipper|Pelipper, L50, F|100/100
|-weather|RainDance|[from] ability: Drizzle|[of] p2a: Pelipper
|turn|5
|
|t:|1756529130
|move|p1b: Sneasler|Dire Claw|p2b: Sneasler
|-resisted|p2b: Sneasler
|-damage|p2b: Sneasler|6/100
|move|p1a: Ninetales|Freeze-Dry|p2a: Pelipper
|-supereffective|p2a: Pelipper
|-enditem|p2a: Pelipper|Focus Sash
|-damage|p2a: Pelipper|1/100
|-status|p2a: Pelipper|frz
|move|p2b: Sneasler|Dire Claw|p1b: Sneasler
|-resisted|p1b: Sneasler
|-damage|p1b: Sneasler|19/100
|-status|p1b: Sneasler|slp
|-curestatus|p2a: Pelipper|frz|[msg]
|move|p2a: Pelipper|Hurricane|p1a: Ninetales
|-damage|p1a: Ninetales|4/100 psn
|-start|p1a: Ninetales|confusion
|
|-weather|RainDance|[upkeep]
|-heal|p1b: Sneasler|25/100 slp|[from] Grassy Terrain
|-heal|p1a: Ninetales|10/100 psn|[from] Grassy Terrain
|-heal|p2b: Sneasler|12/100|[from] Grassy Terrain
|-damage|p1a: Ninetales|0 fnt|[from] psn
|faint|p1a: Ninetales
|upkeep
|turn|6
|
|t:|1756529153
|cant|p1b: Sneasler|slp
|move|p2b: Sneasler|Close Combat|p1b: Sneasler
|-resisted|p1b: Sneasler
|-damage|p1b: Sneasler|0 fnt
|-unboost|p2b: Sneasler|def|1
|-unboost|p2b: Sneasler|spd|1
|faint|p1b: Sneasler
|-enditem|p2b: Sneasler|White Herb
|-clearnegativeboost|p2b: Sneasler|[silent]
|
|win|mil0battles
|raw|SFmrmimers's rating: 1109 → 1086(-23 for losing)
|raw|mil0battles's rating: 1139 → 1162(+23 for winning)
