|j|☆derekingf
|j|☆Paywall vgc
|html|derekingfPaywall vgc    
|uhtml|bestof|Game 2 of a best-of-3
|t:|1785991227
|gametype|doubles
|player|p1|derekingf|1|1199
|player|p2|Paywall vgc|lucas|1442
|gen|9
|tier|[Gen 9 Champions] VGC 2026 Reg M-B (Bo3)
|rated|
|rule|Species Clause: Limit one of each Pokémon
|rule|Item Clause: Limit 1 of each item
|clearpoke
|poke|p1|Charizard, L50, F, shiny|
|poke|p1|Whimsicott, L50, F|
|poke|p1|Sylveon, L50, F, shiny|
|poke|p1|Garchomp, L50, F, shiny|
|poke|p1|Kingambit, L50, F|
|poke|p1|Basculegion, L50, M|
|poke|p2|Charizard, L50, F|
|poke|p2|Whimsicott, L50, M|
|poke|p2|Sneasler, L50, M|
|poke|p2|Garchomp, L50, M, shiny|
|poke|p2|Basculegion, L50, M|
|poke|p2|Gholdengo, L50|
|teampreview|4
|showteam|p1|Charizard||CharizarditeY|Blaze|HeatWave,SolarBeam,FocusBlast,Protect|Timid||F|||50|]Whimsicott||FocusSash|Prankster|Moonblast,Tailwind,TrickRoom,Encore|Timid||F|||50|]Sylveon||FairyFeather|Pixilate|HyperVoice,HyperBeam,QuickAttack,Protect|Modest||F|||50|]Garchomp||LifeOrb|RoughSkin|Earthquake,DragonClaw,StoneEdge,Protect|Jolly||F|||50|]Kingambit||BlackGlasses|Defiant|KowtowCleave,SuckerPunch,IronHead,LowKick|Adamant||F|||50|]Basculegion||ChoiceScarf|Adaptability|WaveCrash,AquaJet,LastRespects,FlipTurn|Adamant||M|||50|
|showteam|p2|Charizard||CharizarditeY|Blaze|HeatWave,SolarBeam,WeatherBall,Protect|Modest||F|||50|]Whimsicott||FocusSash|Prankster|Tailwind,Moonblast,Protect,Encore|Timid||M|||50|]Sneasler||WhiteHerb|Unburden|CloseCombat,QuickGuard,FakeOut,RockTomb|Adamant||M|||50|]Garchomp||LifeOrb|RoughSkin|StompingTantrum,DragonClaw,RockSlide,Protect|Jolly||M|||50|]Basculegion||MysticWater|Adaptability|WaveCrash,LastRespects,AquaJet,Protect|Adamant||M|||50|]Gholdengo||MetalCoat|GoodasGold|ShadowBall,MakeItRain,Protect,NastyPlot|Modest|||||50|
|inactive|Battle timer is ON: inactive players will automatically lose when time's up. (requested by Paywall vgc)
|inactive|Paywall vgc has 60 seconds left.
|
|t:|1785991262
|teamsize|p1|4
|teamsize|p2|4
|start
|switch|p1a: Charizard|Charizard, L50, F, shiny|100/100
|switch|p1b: Garchomp|Garchomp, L50, F, shiny|100/100
|switch|p2a: Basculegion|Basculegion, L50, M|100/100
|switch|p2b: Whimsicott|Whimsicott, L50, M|100/100
|turn|1
|
|t:|1785991280
|detailschange|p1a: Charizard|Charizard-Mega-Y, L50, F, shiny
|-mega|p1a: Charizard|Charizard|Charizardite Y
|-weather|SunnyDay|[from] ability: Drought|[of] p1a: Charizard
|move|p2b: Whimsicott|Tailwind|p2b: Whimsicott
|-sidestart|p2: Paywall vgc|move: Tailwind
|move|p2a: Basculegion|Wave Crash|p1a: Charizard
|-supereffective|p1a: Charizard|1
|-damage|p1a: Charizard|0 fnt
|faint|p1a: Charizard
|-damage|p2a: Basculegion|75/100|[from] Recoil
|move|p1b: Garchomp|Earthquake|p2b: Whimsicott|[spread] p2a,p2b
|-resisted|p2b: Whimsicott|1
|-damage|p2a: Basculegion|14/100
|-damage|p2b: Whimsicott|64/100
|-damage|p1b: Garchomp|90/100|[from] item: Life Orb
|
|-weather|SunnyDay|[upkeep]
|upkeep
|
|t:|1785991294
|switch|p1a: Whimsicott|Whimsicott, L50, F|100/100
|turn|2
|
|t:|1785991307
|move|p2b: Whimsicott|Encore|p1b: Garchomp
|-start|p1b: Garchomp|Encore
|move|p2a: Basculegion|Aqua Jet|p1a: Whimsicott
|-resisted|p1a: Whimsicott|1
|-damage|p1a: Whimsicott|89/100
|move|p1a: Whimsicott|Tailwind|p1a: Whimsicott
|-sidestart|p1: derekingf|move: Tailwind
|move|p1b: Garchomp|Earthquake|p2b: Whimsicott|[spread] p1a,p2a,p2b
|-resisted|p1a: Whimsicott|1
|-resisted|p2b: Whimsicott|1
|-damage|p1a: Whimsicott|48/100
|-damage|p2a: Basculegion|0 fnt
|-damage|p2b: Whimsicott|27/100
|faint|p2a: Basculegion
|-damage|p1b: Garchomp|80/100|[from] item: Life Orb
|
|-weather|SunnyDay|[upkeep]
|upkeep
|
|t:|1785991312
|switch|p2a: Charizard|Charizard, L50, F|100/100
|turn|3
|inactive|derekingf has 30 seconds left.
|
|t:|1785991341
|detailschange|p2a: Charizard|Charizard-Mega-Y, L50, F
|-mega|p2a: Charizard|Charizard|Charizardite Y
|move|p2b: Whimsicott|Protect|p2b: Whimsicott
|-singleturn|p2b: Whimsicott|Protect
|move|p1a: Whimsicott|Encore|p2b: Whimsicott
|-activate|p2b: Whimsicott|move: Protect
|move|p1b: Garchomp|Earthquake|p2a: Charizard|[spread] p1a
|-activate|p2b: Whimsicott|move: Protect
|-immune|p2a: Charizard
|-resisted|p1a: Whimsicott|1
|-damage|p1a: Whimsicott|10/100
|-damage|p1b: Garchomp|70/100|[from] item: Life Orb
|move|p2a: Charizard|Solar Beam||[still]
|-prepare|p2a: Charizard|Solar Beam
|-anim|p2a: Charizard|Solar Beam|p1b: Garchomp
|-damage|p1b: Garchomp|22/100
|
|-weather|SunnyDay|[upkeep]
|upkeep
|turn|4
|inactive|Paywall vgc has 30 seconds left.
|
|t:|1785991372
|switch|p2b: Garchomp|Garchomp, L50, M, shiny|100/100
|move|p1a: Whimsicott|Moonblast|p2b: Garchomp
|-supereffective|p2b: Garchomp|1
|-damage|p2b: Garchomp|17/100
|-unboost|p2b: Garchomp|spa|1
|move|p1b: Garchomp|Earthquake|p2b: Garchomp|[spread] p1a,p2b
|-immune|p2a: Charizard
|-resisted|p1a: Whimsicott|1
|-damage|p1a: Whimsicott|0 fnt
|-damage|p2b: Garchomp|0 fnt
|faint|p1a: Whimsicott
|faint|p2b: Garchomp
|-damage|p1b: Garchomp|12/100|[from] item: Life Orb
|move|p2a: Charizard|Heat Wave|p1b: Garchomp
|-resisted|p1b: Garchomp|1
|-damage|p1b: Garchomp|0 fnt
|faint|p1b: Garchomp
|
|-weather|SunnyDay|[upkeep]
|-sideend|p2: Paywall vgc|move: Tailwind
|upkeep
|
|t:|1785991384
|switch|p1a: Basculegion|Basculegion, L50, M|100/100
|switch|p2b: Whimsicott|Whimsicott, L50, M|27/100
|turn|5
|
|t:|1785991390
|move|p2a: Charizard|Protect|p2a: Charizard
|-singleturn|p2a: Charizard|Protect
|move|p1a: Basculegion|Last Respects|p2a: Charizard
|-activate|p2a: Charizard|move: Protect
|move|p2b: Whimsicott|Moonblast|p1a: Basculegion
|-damage|p1a: Basculegion|59/100
|
|-weather|none
|-sideend|p1: derekingf|move: Tailwind
|upkeep
|turn|6
|
|t:|1785991396
|move|p2b: Whimsicott|Tailwind|p2b: Whimsicott
|-sidestart|p2: Paywall vgc|move: Tailwind
|move|p2a: Charizard|Heat Wave|p1a: Basculegion
|-resisted|p1a: Basculegion|1
|-damage|p1a: Basculegion|29/100
|-status|p1a: Basculegion|brn
|move|p1a: Basculegion|Last Respects|p2a: Charizard
|-damage|p2a: Charizard|30/100
|
|-damage|p1a: Basculegion|23/100 brn|[from] brn
|upkeep
|turn|7
|c|☆derekingf|Mejor que te regalen la partida
|c|☆derekingf|Pinche robo
|inactive|derekingf has 30 seconds left.
|c|☆Paywall vgc|🤫
|inactive|derekingf has 20 seconds left.
|inactive|derekingf has 15 seconds left.
|inactive|derekingf has 10 seconds left.
|inactive|derekingf has 5 seconds left.
|c|☆derekingf|Así le tape la boca a tu madre
|
|t:|1785991451
|move|p2b: Whimsicott|Moonblast|p1a: Basculegion
|-damage|p1a: Basculegion|0 fnt
|faint|p1a: Basculegion
|
|win|Paywall vgc
