|j|☆TheLackluster7
|j|☆Daniw9
|html|TheLackluster7Daniw9    
|uhtml|bestof|Game 1 of a best-of-3
|t:|1756923928
|gametype|doubles
|player|p1|TheLackluster7|juggler|1145
|player|p2|Daniw9|1|1216
|gen|9
|tier|[Gen 9] VGC 2025 Reg H (Bo3)
|rated|
|rule|Species Clause: Limit one of each Pokémon
|rule|Item Clause: Limit 1 of each item
|clearpoke
|poke|p1|Pelipper, L50, M|
|poke|p1|Kingdra, L50, M|
|poke|p1|Archaludon, L50, M|
|poke|p1|Rillaboom, L50, F|
|poke|p1|Zoroark-Hisui, L50, M|
|poke|p1|Gastrodon, L50, M|
|poke|p2|Garchomp, L50, F|
|poke|p2|Tyranitar, L50, F|
|poke|p2|Indeedee-F, L50, F|
|poke|p2|Gardevoir, L50, M|
|poke|p2|Sneasler, L50, F|
|poke|p2|Talonflame, L50, F|
|teampreview|4
|showteam|p1|Pelipper||CovertCloak|Drizzle|WideGuard,Tailwind,Hurricane,WeatherBall|||M|||50|,,,,,Electric]Kingdra||LifeOrb|SwiftSwim|IceBeam,Surf,DragonPulse,Protect|||M|||50|,,,,,Poison]Archaludon||AssaultVest|Stamina|BodyPress,ElectroShot,DragonPulse,Snarl|||M|||50|,,,,,Grass]Rillaboom||MiracleSeed|GrassySurge|HighHorsepower,FakeOut,GrassyGlide,WoodHammer|||F|||50|,,,,,Fire]Zoroark-Hisui||FocusSash|Illusion|Protect,HyperVoice,ShadowBall,NastyPlot|||M|||50|,,,,,Stellar]Gastrodon||Leftovers|StormDrain|IceBeam,Protect,Surf,EarthPower|||M|||50|,,,,,Poison
|showteam|p2|Garchomp||ClearAmulet|SandVeil|Earthquake,StompingTantrum,Protect,DragonClaw|||F|||50|,,,,,Steel]Tyranitar||AssaultVest|SandStream|RockSlide,TeraBlast,KnockOff,LowKick|||F|||50|,,,,,Flying]Indeedee-F||SafetyGoggles|PsychicSurge|DazzlingGleam,TrickRoom,FollowMe,HelpingHand|||F|||50|,,,,,Water]Gardevoir||ChoiceScarf|Telepathy|IcyWind,Moonblast,ExpandingForce,MysticalFire|||M|||50|,,,,,Fire]Sneasler||PsychicSeed|Unburden|CloseCombat,DireClaw,Protect,ThroatChop|||F|||50|,,,,,Dark]Talonflame||CovertCloak|GaleWings|Tailwind,DualWingbeat,FlareBlitz,Taunt|||F|||50|,,,,,Flying
|inactive|Battle timer is ON: inactive players will automatically lose when time's up. (requested by Daniw9)
|
|t:|1756923975
|teamsize|p1|4
|teamsize|p2|4
|start
|switch|p1a: Rillaboom|Rillaboom, L50, F|100/100
|switch|p1b: Kingdra|Kingdra, L50, M|100/100
|switch|p2a: Indeedee|Indeedee-F, L50, F|100/100
|switch|p2b: Sneasler|Sneasler, L50, F|100/100
|-fieldstart|move: Grassy Terrain|[from] ability: Grassy Surge|[of] p1a: Rillaboom
|-fieldstart|move: Psychic Terrain|[from] ability: Psychic Surge|[of] p2a: Indeedee
|-enditem|p2b: Sneasler|Psychic Seed
|-boost|p2b: Sneasler|spd|1|[from] item: Psychic Seed
|turn|1
|inactive|TheLackluster7 has 30 seconds left.
|
|t:|1756924005
|switch|p1a: Pelipper|Pelipper, L50, M|100/100
|-weather|RainDance|[from] ability: Drizzle|[of] p1a: Pelipper
|switch|p2a: Tyranitar|Tyranitar, L50, F|100/100
|-weather|Sandstorm|[from] ability: Sand Stream|[of] p2a: Tyranitar
|move|p2b: Sneasler|Dire Claw|p1a: Pelipper
|-damage|p1a: Pelipper|41/100
|move|p1b: Kingdra|Surf|p2b: Sneasler|[spread] p1a,p2a,p2b
|-resisted|p1a: Pelipper
|-supereffective|p2a: Tyranitar
|-damage|p1a: Pelipper|8/100
|-damage|p2a: Tyranitar|73/100
|-damage|p2b: Sneasler|64/100
|-damage|p1b: Kingdra|91/100|[from] item: Life Orb
|
|-weather|Sandstorm|[upkeep]
|-damage|p2b: Sneasler|59/100|[from] Sandstorm
|-damage|p1b: Kingdra|85/100|[from] Sandstorm
|-damage|p1a: Pelipper|2/100|[from] Sandstorm
|upkeep
|turn|2
|inactive|TheLackluster7 has 30 seconds left.
|
|t:|1756924033
|switch|p1a: Gastrodon|Gastrodon, L50, M|100/100
|switch|p2a: Gardevoir|Gardevoir, L50, M|100/100
|move|p2b: Sneasler|Dire Claw|p1a: Gastrodon
|-resisted|p1a: Gastrodon
|-damage|p1a: Gastrodon|82/100
|-status|p1a: Gastrodon|psn
|move|p1b: Kingdra|Surf|p2a: Gardevoir|[spread] p2a,p2b
|-ability|p1a: Gastrodon|Storm Drain|boost
|-boost|p1a: Gastrodon|spa|1
|-damage|p2a: Gardevoir|59/100
|-damage|p2b: Sneasler|25/100
|-damage|p1b: Kingdra|75/100|[from] item: Life Orb
|
|-weather|Sandstorm|[upkeep]
|-damage|p2b: Sneasler|19/100|[from] Sandstorm
|-damage|p2a: Gardevoir|53/100|[from] Sandstorm
|-damage|p1b: Kingdra|69/100|[from] Sandstorm
|-heal|p1a: Gastrodon|88/100 psn|[from] item: Leftovers
|-damage|p1a: Gastrodon|76/100 psn|[from] psn
|upkeep
|turn|3
|inactive|TheLackluster7 has 30 seconds left.
|
|t:|1756924060
|move|p2b: Sneasler|Protect|p2b: Sneasler
|-singleturn|p2b: Sneasler|Protect
|move|p1b: Kingdra|Protect|p1b: Kingdra
|-singleturn|p1b: Kingdra|Protect
|move|p2a: Gardevoir|Expanding Force|p1b: Kingdra|[spread] p1a
|-activate|p1b: Kingdra|move: Protect
|-crit|p1a: Gastrodon
|-damage|p1a: Gastrodon|0 fnt
|faint|p1a: Gastrodon
|
|-weather|Sandstorm|[upkeep]
|-damage|p2b: Sneasler|13/100|[from] Sandstorm
|-damage|p2a: Gardevoir|46/100|[from] Sandstorm
|-damage|p1b: Kingdra|63/100|[from] Sandstorm
|upkeep
|
|t:|1756924068
|switch|p1a: Pelipper|Pelipper, L50, M|2/100
|-weather|RainDance|[from] ability: Drizzle|[of] p1a: Pelipper
|turn|4
|inactive|TheLackluster7 has 30 seconds left.
|
|t:|1756924102
|switch|p2a: Tyranitar|Tyranitar, L50, F|73/100
|-weather|Sandstorm|[from] ability: Sand Stream|[of] p2a: Tyranitar
|move|p1a: Pelipper|Wide Guard|p1a: Pelipper
|-singleturn|p1a: Pelipper|Wide Guard
|move|p2b: Sneasler|Dire Claw|p1b: Kingdra
|-damage|p1b: Kingdra|5/100
|-status|p1b: Kingdra|psn
|move|p1b: Kingdra|Surf|p2a: Tyranitar|[spread] p2a,p2b
|-activate|p1a: Pelipper|move: Wide Guard
|-supereffective|p2a: Tyranitar
|-damage|p2a: Tyranitar|43/100
|-damage|p2b: Sneasler|0 fnt
|faint|p2b: Sneasler
|-damage|p1b: Kingdra|0 fnt|[from] item: Life Orb
|faint|p1b: Kingdra
|
|-weather|Sandstorm|[upkeep]
|-damage|p1a: Pelipper|0 fnt|[from] Sandstorm
|faint|p1a: Pelipper
|upkeep
|
|t:|1756924121
|switch|p2b: Gardevoir|Gardevoir, L50, M|46/100
|switch|p1b: Rillaboom|Rillaboom, L50, F|100/100
|-fieldstart|move: Grassy Terrain|[from] ability: Grassy Surge|[of] p1b: Rillaboom
|turn|5
|
|t:|1756924132
|switch|p2a: Indeedee|Indeedee-F, L50, F|100/100
|-fieldstart|move: Psychic Terrain|[from] ability: Psychic Surge|[of] p2a: Indeedee
|move|p2b: Gardevoir|Expanding Force|p1b: Rillaboom
|-damage|p1b: Rillaboom|0 fnt
|faint|p1b: Rillaboom
|
|win|Daniw9
||Daniw9 is ready for game 2.
||TheLackluster7 is ready for game 2.
|uhtml|next|Next: Game 2 of 3
