|j|☆bob8787
|j|☆Divine Monkey King
|html|bob8787Divine Monkey King    
|uhtml|bestof|Game 2 of a best-of-3
|t:|1784979761
|gametype|doubles
|player|p1|bob8787|170|1084
|player|p2|Divine Monkey King|170|1153
|gen|9
|tier|[Gen 9 Champions] VGC 2026 Reg M-B (Bo3)
|rated|
|rule|Species Clause: Limit one of each Pokémon
|rule|Item Clause: Limit 1 of each item
|clearpoke
|poke|p1|Feraligatr, L50, M|
|poke|p1|Sinistcha, L50|
|poke|p1|Sableye, L50, F|
|poke|p1|Talonflame, L50, M|
|poke|p1|Sneasler, L50, M|
|poke|p1|Clefable, L50, M|
|poke|p2|Tyranitar, L50, M, shiny|
|poke|p2|Aerodactyl, L50, M, shiny|
|poke|p2|Pelipper, L50, M, shiny|
|poke|p2|Basculegion, L50, M, shiny|
|poke|p2|Beedrill, L50, M, shiny|
|poke|p2|Annihilape, L50, M, shiny|
|teampreview|4
|showteam|p1|Feraligatr||Feraligite|SheerForce|Facade,Liquidation,SwordsDance,Protect|Adamant||M|||50|]Sinistcha||OccaBerry|Hospitality|Scald,ShadowBall,MatchaGotcha,Protect|Modest|||||50|]Sableye||RoseliBerry|Prankster|ThunderWave,WillOWisp,Reflect,LightScreen|Calm||F|||50|]Talonflame||LifeOrb|GaleWings|QuickGuard,Tailwind,WillOWisp,FlareBlitz|Jolly||M|||50|]Sneasler||WhiteHerb|Unburden|DireClaw,FakeOut,CloseCombat,Coaching|Adamant||M|||50|]Clefable||Leftovers|Unaware|Moonlight,HealPulse,FollowMe,CosmicPower|Bold||M|||50|
|showteam|p2|Tyranitar||Tyranitarite|SandStream|BrickBreak,KnockOff,Protect,RockSlide|Adamant||M|||50|]Aerodactyl||FocusSash|Unnerve|DualWingbeat,IronHead,Protect,Tailwind|Jolly||M|||50|]Pelipper||WacanBerry|Drizzle|Hurricane,IceBeam,Protect,WeatherBall|Calm||M|||50|]Basculegion||MysticWater|SwiftSwim|AquaJet,FlipTurn,LastRespects,Protect|Adamant||M|||50|]Beedrill||Beedrillite|Sniper|PoisonJab,Protect,Uturn,FellStinger|Jolly||M|||50|]Annihilape||Leftovers|Defiant|BulkUp,DrainPunch,Protect,ThunderPunch|Adamant||M|||50|
|inactive|Battle timer is ON: inactive players will automatically lose when time's up. (requested by Divine Monkey King)
|
|t:|1784979816
|teamsize|p1|4
|teamsize|p2|4
|start
|switch|p1a: Sableye|Sableye, L50, F|100/100
|switch|p1b: Feraligatr|Feraligatr, L50, M|100/100
|switch|p2a: Aerodactyl|Aerodactyl, L50, M, shiny|100/100
|switch|p2b: Beedrill|Beedrill, L50, M, shiny|100/100
|-ability|p2a: Aerodactyl|Unnerve
|turn|1
|
|t:|1784979832
|detailschange|p2b: Beedrill|Beedrill-Mega, L50, M, shiny
|-mega|p2b: Beedrill|Beedrill|Beedrillite
|detailschange|p1b: Feraligatr|Feraligatr-Mega, L50, M
|-mega|p1b: Feraligatr|Feraligatr|Feraligite
|move|p1a: Sableye|Will-O-Wisp|p1b: Feraligatr
|-status|p1b: Feraligatr|brn
|move|p2b: Beedrill|U-turn|p1a: Sableye
|-crit|p1a: Sableye
|-damage|p1a: Sableye|0 fnt
|faint|p1a: Sableye
|
|t:|1784979844
|switch|p2b: Pelipper|Pelipper, L50, M, shiny|100/100|[from] U-turn
|-weather|RainDance|[from] ability: Drizzle|[of] p2b: Pelipper
|move|p2a: Aerodactyl|Tailwind|p2a: Aerodactyl
|-sidestart|p2: Divine Monkey King|move: Tailwind
|move|p1b: Feraligatr|Facade|p2a: Aerodactyl
|-enditem|p2a: Aerodactyl|Focus Sash
|-damage|p2a: Aerodactyl|1/100
|
|-weather|RainDance|[upkeep]
|-damage|p1b: Feraligatr|94/100 brn|[from] brn
|upkeep
|
|t:|1784979852
|switch|p1a: Clefable|Clefable, L50, M|100/100
|turn|2
|
|t:|1784979861
|move|p2a: Aerodactyl|Iron Head|p1a: Clefable
|-supereffective|p1a: Clefable|1
|-damage|p1a: Clefable|55/100
|move|p2b: Pelipper|Hurricane|p1b: Feraligatr
|-damage|p1b: Feraligatr|51/100 brn
|-start|p1b: Feraligatr|confusion
|-activate|p1b: Feraligatr|confusion
|move|p1b: Feraligatr|Facade|p2b: Pelipper
|-damage|p2b: Pelipper|0 fnt
|faint|p2b: Pelipper
|move|p1a: Clefable|Cosmic Power|p1a: Clefable
|-boost|p1a: Clefable|def|1
|-boost|p1a: Clefable|spd|1
|
|-weather|RainDance|[upkeep]
|-heal|p1a: Clefable|61/100|[from] item: Leftovers
|-damage|p1b: Feraligatr|46/100 brn|[from] brn
|upkeep
|
|t:|1784979876
|switch|p2b: Basculegion|Basculegion, L50, M, shiny|100/100
|turn|3
|
|t:|1784979894
|move|p1a: Clefable|Follow Me|p1a: Clefable
|-singleturn|p1a: Clefable|move: Follow Me
|move|p2b: Basculegion|Last Respects|p1a: Clefable
|-damage|p1a: Clefable|27/100
|move|p2a: Aerodactyl|Iron Head|p1a: Clefable
|-supereffective|p1a: Clefable|1
|-damage|p1a: Clefable|0 fnt
|faint|p1a: Clefable
|-activate|p1b: Feraligatr|confusion
|move|p1b: Feraligatr|Facade|p2b: Basculegion
|-damage|p2b: Basculegion|0 fnt
|faint|p2b: Basculegion
|
|-weather|RainDance|[upkeep]
|-damage|p1b: Feraligatr|40/100 brn|[from] brn
|upkeep
|
|t:|1784979907
|switch|p2b: Beedrill|Beedrill-Mega, L50, M, shiny|100/100
|switch|p1a: Sinistcha|Sinistcha, L50|100/100
|-heal|p1b: Feraligatr|64/100 brn|[from] ability: Hospitality|[of] p1a: Sinistcha
|turn|4
|
|t:|1784979928
|move|p1a: Sinistcha|Protect|p1a: Sinistcha
|-singleturn|p1a: Sinistcha|Protect
|move|p2b: Beedrill|Poison Jab|p1b: Feraligatr
|-damage|p1b: Feraligatr|15/100 brn
|move|p2a: Aerodactyl|Dual Wingbeat|p1b: Feraligatr
|-damage|p1b: Feraligatr|0 fnt
|faint|p1b: Feraligatr
|-hitcount|p1: Feraligatr|1
|
|-weather|RainDance|[upkeep]
|-sideend|p2: Divine Monkey King|move: Tailwind
|upkeep
|turn|5
|
|t:|1784979942
|move|p2b: Beedrill|Poison Jab|p1a: Sinistcha
|-damage|p1a: Sinistcha|44/100
|move|p2a: Aerodactyl|Dual Wingbeat|p1a: Sinistcha
|-supereffective|p1a: Sinistcha|1
|-damage|p1a: Sinistcha|10/100
|-supereffective|p1a: Sinistcha|1
|-damage|p1a: Sinistcha|0 fnt
|faint|p1a: Sinistcha
|-hitcount|p1: Sinistcha|2
|
|win|Divine Monkey King
|raw|bob8787's rating: 1084 → 1066(-18 for losing)
|raw|Divine Monkey King's rating: 1153 → 1173(+20 for winning)
|l|☆Divine Monkey King
|player|p2|
|j|☆Divine Monkey King
|player|p2|Divine Monkey King|170|
