|j|☆Slowjow
|j|☆Aotius
|html|SlowjowAotius    
|uhtml|bestof|Game 3 of a best-of-3
|t:|1757720947
|gametype|doubles
|player|p1|Slowjow|1|1281
|player|p2|Aotius|170|1183
|gen|9
|tier|[Gen 9] VGC 2025 Reg H (Bo3)
|rated|
|rule|Species Clause: Limit one of each Pokémon
|rule|Item Clause: Limit 1 of each item
|clearpoke
|poke|p1|Gliscor, L50, F|
|poke|p1|Electabuzz, L50, F|
|poke|p1|Tauros-Paldea-Blaze, L50, M|
|poke|p1|Gastrodon, L50, M|
|poke|p1|Kingambit, L50, M|
|poke|p1|Ninetales-Alola, L50, M|
|poke|p2|Gholdengo, L50|
|poke|p2|Sneasler, L50, M|
|poke|p2|Rillaboom, L50, M|
|poke|p2|Dragonite, L50, F|
|poke|p2|Ninetales-Alola, L50, M|
|poke|p2|Arcanine-Hisui, L50, M|
|teampreview|4
|showteam|p1|Gliscor||ToxicOrb|PoisonHeal|HighHorsepower,DualWingbeat,SwordsDance,Protect|||F|||50|,,,,,Water]Electabuzz||Eviolite|VitalSpirit|Electroweb,Taunt,FollowMe,Protect|||F|||50|,,,,,Ghost]Tauros-Paldea-Blaze||MirrorHerb|Intimidate|RagingBull,CloseCombat,WillOWisp,Protect|||M|||50|,,,,,Grass]Gastrodon||Leftovers|StormDrain|MuddyWater,ClearSmog,Yawn,Protect|||M|||50|,,,,,Fire]Kingambit||BlackGlasses|Defiant|KowtowCleave,SuckerPunch,SwordsDance,Protect|||M|||50|,,,,,Dark]Ninetales-Alola||LightClay|SnowWarning|AuroraVeil,FreezeDry,Encore,Protect|||M|||50|,,,,,Water
|showteam|p2|Gholdengo||GrassySeed|GoodasGold|NastyPlot,MakeItRain,ShadowBall,Protect||||||50|,,,,,Water]Sneasler||WhiteHerb|Unburden|CloseCombat,DireClaw,Coaching,Protect|||M|||50|,,,,,Ghost]Rillaboom||AssaultVest|GrassySurge|FakeOut,GrassyGlide,DrumBeating,HighHorsepower|||M|||50|,,,,,Fire]Dragonite||LoadedDice|Multiscale|ScaleShot,StompingTantrum,Tailwind,Protect|||F|||50|,,,,,Ground]Ninetales-Alola||FocusSash|SnowWarning|Blizzard,IcyWind,Encore,AuroraVeil|||M|||50|,,,,,Ghost]Arcanine-Hisui||ClearAmulet|Intimidate|RockSlide,FlareBlitz,ExtremeSpeed,Protect|||M|||50|,,,,,Water
|
|t:|1757720967
|teamsize|p1|4
|teamsize|p2|4
|start
|switch|p1a: Electabuzz|Electabuzz, L50, F|100/100
|switch|p1b: Kingambit|Kingambit, L50, M|100/100
|switch|p2a: Sneasler|Sneasler, L50, M|100/100
|switch|p2b: Dragonite|Dragonite, L50, F|100/100
|turn|1
|inactive|Battle timer is ON: inactive players will automatically lose when time's up. (requested by Aotius)
|
|t:|1757720997
|switch|p1b: Tauros|Tauros-Paldea-Blaze, L50, M|100/100
|-ability|p1b: Tauros|Intimidate|boost
|-unboost|p2a: Sneasler|atk|1
|-unboost|p2b: Dragonite|atk|1
|-enditem|p2a: Sneasler|White Herb
|-clearnegativeboost|p2a: Sneasler|[silent]
|move|p2a: Sneasler|Coaching|p2b: Dragonite
|-boost|p2b: Dragonite|atk|1
|-boost|p2b: Dragonite|def|1
|-enditem|p1b: Tauros|Mirror Herb
|-boost|p1b: Tauros|atk|1|[from] item: Mirror Herb
|-boost|p1b: Tauros|def|1|[from] item: Mirror Herb
|move|p2b: Dragonite|Scale Shot|p1a: Electabuzz|[miss]
|-miss|p2b: Dragonite|p1a: Electabuzz
|move|p1a: Electabuzz|Electroweb|p2b: Dragonite|[spread] p2a,p2b
|-damage|p2a: Sneasler|83/100
|-damage|p2b: Dragonite|93/100
|-unboost|p2a: Sneasler|spe|1
|-unboost|p2b: Dragonite|spe|1
|
|upkeep
|turn|2
|
|t:|1757721021
|move|p2b: Dragonite|Protect|p2b: Dragonite
|-singleturn|p2b: Dragonite|Protect
|move|p1a: Electabuzz|Follow Me|p1a: Electabuzz
|-singleturn|p1a: Electabuzz|move: Follow Me
|move|p2a: Sneasler|Coaching|p2b: Dragonite
|-boost|p2b: Dragonite|atk|1
|-boost|p2b: Dragonite|def|1
|move|p1b: Tauros|Raging Bull|p2a: Sneasler
|-damage|p2a: Sneasler|8/100
|
|upkeep
|turn|3
|
|t:|1757721036
|move|p2a: Sneasler|Coaching|p2b: Dragonite
|-boost|p2b: Dragonite|atk|1
|-boost|p2b: Dragonite|def|1
|move|p1b: Tauros|Will-O-Wisp|p2b: Dragonite
|-status|p2b: Dragonite|brn
|move|p1a: Electabuzz|Electroweb|p2a: Sneasler|[spread] p2a,p2b
|-damage|p2a: Sneasler|0 fnt
|-damage|p2b: Dragonite|79/100 brn
|-unboost|p2b: Dragonite|spe|1
|faint|p2a: Sneasler
|move|p2b: Dragonite|Scale Shot|p1b: Tauros|[miss]
|-miss|p2b: Dragonite|p1b: Tauros
|
|-damage|p2b: Dragonite|73/100 brn|[from] brn
|upkeep
|
|t:|1757721046
|switch|p2a: Arcanine|Arcanine-Hisui, L50, M|100/100
|-ability|p2a: Arcanine|Intimidate|boost
|-unboost|p1a: Electabuzz|atk|1
|-unboost|p1b: Tauros|atk|1
|turn|4
|
|t:|1757721061
|move|p1b: Tauros|Protect|p1b: Tauros
|-singleturn|p1b: Tauros|Protect
|move|p2a: Arcanine|Protect|p2a: Arcanine
|-singleturn|p2a: Arcanine|Protect
|move|p1a: Electabuzz|Electroweb|p2a: Arcanine|[spread] p2b
|-activate|p2a: Arcanine|move: Protect
|-damage|p2b: Dragonite|58/100 brn
|-unboost|p2b: Dragonite|spe|1
|move|p2b: Dragonite|Stomping Tantrum|p1b: Tauros
|-activate|p1b: Tauros|move: Protect
|
|-damage|p2b: Dragonite|52/100 brn|[from] brn
|upkeep
|turn|5
|
|t:|1757721082
|switch|p2a: Rillaboom|Rillaboom, L50, M|100/100
|-fieldstart|move: Grassy Terrain|[from] ability: Grassy Surge|[of] p2a: Rillaboom
|-terastallize|p2b: Dragonite|Ground
|move|p1b: Tauros|Close Combat|p2a: Rillaboom
|-damage|p2a: Rillaboom|48/100
|-unboost|p1b: Tauros|def|1
|-unboost|p1b: Tauros|spd|1
|move|p1a: Electabuzz|Electroweb|p2a: Rillaboom|[spread] p2a
|-immune|p2b: Dragonite
|-resisted|p2a: Rillaboom
|-damage|p2a: Rillaboom|42/100
|-unboost|p2a: Rillaboom|spe|1
|move|p2b: Dragonite|Scale Shot|p1b: Tauros|[miss]
|-miss|p2b: Dragonite|p1b: Tauros
|
|-heal|p2a: Rillaboom|48/100|[from] Grassy Terrain
|-heal|p2b: Dragonite|58/100 brn|[from] Grassy Terrain
|-damage|p2b: Dragonite|52/100 brn|[from] brn
|upkeep
|turn|6
|inactive|Slowjow has 30 seconds left.
|
|t:|1757721113
|switch|p1b: Kingambit|Kingambit, L50, M|100/100
|move|p2a: Rillaboom|Fake Out|p1b: Kingambit
|-resisted|p1b: Kingambit
|-damage|p1b: Kingambit|96/100
|move|p1a: Electabuzz|Electroweb|p2b: Dragonite|[spread] p2a
|-immune|p2b: Dragonite
|-resisted|p2a: Rillaboom
|-damage|p2a: Rillaboom|42/100
|-unboost|p2a: Rillaboom|spe|1
|move|p2b: Dragonite|Scale Shot|p1a: Electabuzz
|-crit|p1a: Electabuzz
|-damage|p1a: Electabuzz|84/100
|-damage|p1a: Electabuzz|74/100
|-damage|p1a: Electabuzz|63/100
|-damage|p1a: Electabuzz|51/100
|-hitcount|p1a: Electabuzz|4
|-unboost|p2b: Dragonite|def|1
|-boost|p2b: Dragonite|spe|1
|
|-heal|p1a: Electabuzz|57/100|[from] Grassy Terrain
|-heal|p2a: Rillaboom|48/100|[from] Grassy Terrain
|-heal|p1b: Kingambit|100/100|[from] Grassy Terrain
|-heal|p2b: Dragonite|58/100 brn|[from] Grassy Terrain
|-damage|p2b: Dragonite|52/100 brn|[from] brn
|upkeep
|turn|7
|inactive|Slowjow has 30 seconds left.
|inactive|Aotius has 30 seconds left.
|
|t:|1757721141
|move|p1a: Electabuzz|Follow Me|p1a: Electabuzz
|-singleturn|p1a: Electabuzz|move: Follow Me
|move|p2a: Rillaboom|High Horsepower|p1a: Electabuzz
|-supereffective|p1a: Electabuzz
|-damage|p1a: Electabuzz|12/100
|move|p1b: Kingambit|Kowtow Cleave|p2b: Dragonite
|-damage|p2b: Dragonite|14/100 brn
|move|p2b: Dragonite|Stomping Tantrum|p1a: Electabuzz
|-supereffective|p1a: Electabuzz
|-damage|p1a: Electabuzz|0 fnt
|faint|p1a: Electabuzz
|
|-heal|p2a: Rillaboom|54/100|[from] Grassy Terrain
|-heal|p2b: Dragonite|20/100 brn|[from] Grassy Terrain
|-damage|p2b: Dragonite|14/100 brn|[from] brn
|upkeep
|
|t:|1757721160
|switch|p1a: Tauros|Tauros-Paldea-Blaze, L50, M|100/100
|-ability|p1a: Tauros|Intimidate|boost
|-unboost|p2a: Rillaboom|atk|1
|-unboost|p2b: Dragonite|atk|1
|turn|8
|
|t:|1757721174
|move|p1a: Tauros|Raging Bull|p2b: Dragonite
|-damage|p2b: Dragonite|0 fnt
|faint|p2b: Dragonite
|move|p2a: Rillaboom|High Horsepower|p1b: Kingambit
|-supereffective|p1b: Kingambit
|-crit|p1b: Kingambit
|-damage|p1b: Kingambit|33/100
|move|p1b: Kingambit|Swords Dance|p1b: Kingambit
|-boost|p1b: Kingambit|atk|2
|
|-heal|p2a: Rillaboom|60/100|[from] Grassy Terrain
|-heal|p1b: Kingambit|39/100|[from] Grassy Terrain
|upkeep
|
|t:|1757721177
|switch|p2b: Arcanine|Arcanine-Hisui, L50, M|100/100
|-ability|p2b: Arcanine|Intimidate|boost
|-unboost|p1a: Tauros|atk|1
|-unboost|p1b: Kingambit|atk|1
|-ability|p1b: Kingambit|Defiant|boost
|-boost|p1b: Kingambit|atk|2
|turn|9
|
|t:|1757721199
|move|p2b: Arcanine|Protect|p2b: Arcanine
|-singleturn|p2b: Arcanine|Protect
|move|p1b: Kingambit|Protect|p1b: Kingambit
|-singleturn|p1b: Kingambit|Protect
|move|p1a: Tauros|Raging Bull|p2a: Rillaboom
|-supereffective|p2a: Rillaboom
|-damage|p2a: Rillaboom|5/100
|move|p2a: Rillaboom|Drum Beating|p1a: Tauros
|-resisted|p1a: Tauros
|-damage|p1a: Tauros|84/100
|-unboost|p1a: Tauros|spe|1
|
|-heal|p1a: Tauros|90/100|[from] Grassy Terrain
|-heal|p2a: Rillaboom|11/100|[from] Grassy Terrain
|-heal|p1b: Kingambit|44/100|[from] Grassy Terrain
|-fieldend|move: Grassy Terrain
|upkeep
|turn|10
|inactive|Slowjow has 30 seconds left.
|
|t:|1757721233
|switch|p1a: Gastrodon|Gastrodon, L50, M|100/100
|move|p2b: Arcanine|Extreme Speed|p1a: Gastrodon
|-damage|p1a: Gastrodon|79/100
|move|p1b: Kingambit|Sucker Punch|p2a: Rillaboom
|-damage|p2a: Rillaboom|0 fnt
|faint|p2a: Rillaboom
|
|-heal|p1a: Gastrodon|85/100|[from] item: Leftovers
|upkeep
|turn|11
|-message|Aotius forfeited.
|
|win|Slowjow
|raw|Slowjow's rating: 1281 → 1299(+18 for winning)
|raw|Aotius's rating: 1183 → 1165(-18 for losing)
