|j|☆yueyuea
|j|☆daviisiiitoo
|html|yueyueadaviisiiitoo    
|uhtml|bestof|Game 1 of a best-of-3
|t:|1784384184
|gametype|doubles
|player|p1|yueyuea|169|1107
|player|p2|daviisiiitoo|169|1129
|gen|9
|tier|[Gen 9 Champions] VGC 2026 Reg M-B (Bo3)
|rated|
|rule|Species Clause: Limit one of each Pokémon
|rule|Item Clause: Limit 1 of each item
|clearpoke
|poke|p1|Raichu, L50, M|
|poke|p1|Milotic, L50, M|
|poke|p1|Ninetales-Alola, L50, F|
|poke|p1|Talonflame, L50, F|
|poke|p1|Metagross, L50|
|poke|p1|Garchomp, L50, F|
|poke|p2|Metagross, L50|
|poke|p2|Ninetales-Alola, L50, M|
|poke|p2|Sneasler, L50, F|
|poke|p2|Garchomp, L50, M|
|poke|p2|Kingambit, L50, F|
|poke|p2|Aerodactyl, L50, F|
|teampreview|4
|showteam|p1|Raichu||RaichuniteY|LightningRod|Protect,FocusBlast,ZapCannon,FakeOut|Timid||M|||50|]Milotic||Leftovers|Competitive|Protect,Coil,MuddyWater,Hypnosis|Calm||M|||50|]Ninetales-Alola||NeverMeltIce|SnowWarning|Blizzard,FreezeDry,Protect,AuroraVeil|Timid||F|||50|]Talonflame||SharpBeak|GaleWings|Protect,FlareBlitz,Tailwind,DualWingbeat|Jolly||F|||50|]Metagross||Metagrossite|ClearBody|IronHead,PsychicFangs,BulletPunch,Protect|Jolly|||||50|]Garchomp||LifeOrb|RoughSkin|Earthquake,Protect,RockSlide,DragonClaw|Adamant||F|||50|
|showteam|p2|Metagross||Metagrossite|ClearBody|IronHead,PsychicFangs,StompingTantrum,Protect|Jolly|||||50|]Ninetales-Alola||FocusSash|SnowWarning|Blizzard,FreezeDry,Encore,Protect|Timid||M|||50|]Sneasler||WhiteHerb|Unburden|FakeOut,DireClaw,CloseCombat,Coaching|Adamant||F|||50|]Garchomp||LifeOrb|RoughSkin|DragonClaw,StompingTantrum,RockSlide,Protect|Jolly||M|||50|]Kingambit||OccaBerry|Defiant|KowtowCleave,LowKick,SuckerPunch,IronHead|Adamant||F|||50|]Aerodactyl||Aerodactylite|Pressure|RockSlide,DualWingbeat,Tailwind,IceFang|Jolly||F|||50|
|
|t:|1784384250
|teamsize|p1|4
|teamsize|p2|4
|start
|switch|p1a: Ninetales|Ninetales-Alola, L50, F|100/100
|switch|p1b: Raichu|Raichu, L50, M|100/100
|switch|p2a: Garchomp|Garchomp, L50, M|100/100
|switch|p2b: Sneasler|Sneasler, L50, F|100/100
|-weather|Snowscape|[from] ability: Snow Warning|[of] p1a: Ninetales
|turn|1
|inactive|Battle timer is ON: inactive players will automatically lose when time's up. (requested by yueyuea)
|
|t:|1784384273
|switch|p1b: Milotic|Milotic, L50, M|100/100
|switch|p2a: Kingambit|Kingambit, L50, F|100/100
|move|p1a: Ninetales|Protect|p1a: Ninetales
|-singleturn|p1a: Ninetales|Protect
|move|p2b: Sneasler|Close Combat|p1b: Milotic
|-damage|p1b: Milotic|31/100
|-unboost|p2b: Sneasler|def|1
|-unboost|p2b: Sneasler|spd|1
|-enditem|p2b: Sneasler|White Herb
|-clearnegativeboost|p2b: Sneasler|[silent]
|
|-weather|Snowscape|[upkeep]
|-heal|p1b: Milotic|36/100|[from] item: Leftovers
|upkeep
|turn|2
|inactive|daviisiiitoo has 30 seconds left.
|
|t:|1784384308
|move|p2b: Sneasler|Close Combat|p1a: Ninetales
|-damage|p1a: Ninetales|28/100
|-unboost|p2b: Sneasler|def|1
|-unboost|p2b: Sneasler|spd|1
|move|p1a: Ninetales|Aurora Veil|p1a: Ninetales
|-sidestart|p1: yueyuea|move: Aurora Veil
|move|p1b: Milotic|Muddy Water|p2b: Sneasler|[spread] p2a,p2b
|-damage|p2a: Kingambit|70/100
|-damage|p2b: Sneasler|49/100
|move|p2a: Kingambit|Iron Head|p1a: Ninetales
|-supereffective|p1a: Ninetales|2
|-damage|p1a: Ninetales|0 fnt
|faint|p1a: Ninetales
|
|-weather|Snowscape|[upkeep]
|-heal|p1b: Milotic|42/100|[from] item: Leftovers
|upkeep
|
|t:|1784384321
|switch|p1a: Garchomp|Garchomp, L50, F|100/100
|turn|3
|inactive|daviisiiitoo has 30 seconds left.
|
|t:|1784384348
|switch|p2b: Garchomp|Garchomp, L50, M|100/100
|switch|p2a: Aerodactyl|Aerodactyl, L50, F|100/100
|-ability|p2a: Aerodactyl|Pressure
|move|p1b: Milotic|Protect|p1b: Milotic
|-singleturn|p1b: Milotic|Protect
|move|p1a: Garchomp|Earthquake|p2a: Aerodactyl|[spread] p2b
|-activate|p1b: Milotic|move: Protect
|-immune|p2a: Aerodactyl
|-damage|p2b: Garchomp|42/100
|-damage|p1a: Garchomp|90/100|[from] item: Life Orb
|
|-weather|Snowscape|[upkeep]
|-heal|p1b: Milotic|48/100|[from] item: Leftovers
|upkeep
|turn|4
|inactive|daviisiiitoo has 30 seconds left.
|
|t:|1784384377
|detailschange|p2a: Aerodactyl|Aerodactyl-Mega, L50, F
|-mega|p2a: Aerodactyl|Aerodactyl|Aerodactylite
|move|p1a: Garchomp|Protect|p1a: Garchomp
|-singleturn|p1a: Garchomp|Protect
|move|p2a: Aerodactyl|Tailwind|p2a: Aerodactyl
|-sidestart|p2: daviisiiitoo|move: Tailwind
|move|p2b: Garchomp|Dragon Claw|p1b: Milotic
|-damage|p1b: Milotic|9/100
|-damage|p2b: Garchomp|32/100|[from] item: Life Orb
|move|p1b: Milotic|Coil|p1b: Milotic
|-boost|p1b: Milotic|atk|1
|-boost|p1b: Milotic|def|1
|-boost|p1b: Milotic|accuracy|1
|
|-weather|Snowscape|[upkeep]
|-heal|p1b: Milotic|15/100|[from] item: Leftovers
|upkeep
|turn|5
|
|t:|1784384400
|move|p2a: Aerodactyl|Ice Fang|p1a: Garchomp
|-supereffective|p1a: Garchomp|2
|-damage|p1a: Garchomp|14/100
|-damage|p2a: Aerodactyl|87/100|[from] ability: Rough Skin|[of] p1a: Garchomp
|move|p2b: Garchomp|Rock Slide|p1a: Garchomp|[spread] p1a,p1b
|-resisted|p1a: Garchomp|1
|-crit|p1b: Milotic
|-damage|p1a: Garchomp|5/100
|-damage|p1b: Milotic|0 fnt
|faint|p1b: Milotic
|-damage|p2b: Garchomp|22/100|[from] item: Life Orb
|cant|p1a: Garchomp|flinch
|
|-weather|none
|upkeep
|-message|yueyuea forfeited.
|
|win|daviisiiitoo
|l|☆yueyuea
|player|p1|
||yueyuea is ready for game 2.
||daviisiiitoo is ready for game 2.
|uhtml|next|Next: Game 2 of 3
