|j|☆Shiboha
|j|☆BoloinaBox
|html|ShibohaBoloinaBox    
|uhtml|bestof|Game 1 of a best-of-3
|t:|1756319922
|gametype|doubles
|player|p1|Shiboha|steven|1046
|player|p2|BoloinaBox|2|1111
|gen|9
|tier|[Gen 9] VGC 2025 Reg H (Bo3)
|rated|
|rule|Species Clause: Limit one of each Pokémon
|rule|Item Clause: Limit 1 of each item
|clearpoke
|poke|p1|Sneasler, L50, F|
|poke|p1|Rillaboom, L50, F|
|poke|p1|Primarina, L50, M|
|poke|p1|Electabuzz, L50, F|
|poke|p1|Dragapult, L50, F|
|poke|p1|Arcanine-Hisui, L50, F|
|poke|p2|Ninetales-Alola, L50, F|
|poke|p2|Ursaluna, L50, F|
|poke|p2|Ceruledge, L50, F|
|poke|p2|Whimsicott, L50, F|
|poke|p2|Rillaboom, L50, F|
|poke|p2|Milotic, L50, F|
|teampreview|4
|showteam|p1|Sneasler||GrassySeed|Unburden|DireClaw,CloseCombat,Coaching,Protect|||F|||50|,,,,,Ghost]Rillaboom||AssaultVest|GrassySurge|WoodHammer,GrassyGlide,FakeOut,HighHorsepower|||F|||50|,,,,,Fire]Primarina||ThroatSpray|LiquidVoice|HyperVoice,Moonblast,Haze,Protect|||M|||50|,,,,,Poison]Electabuzz||Eviolite|VitalSpirit|Electroweb,FollowMe,Taunt,Protect|||F|||50|,,,,,Dragon]Dragapult||ChoiceBand|ClearBody|DragonDarts,PhantomForce,Outrage,Uturn|||F|||50|,,,,,Dragon]Arcanine-Hisui||LifeOrb|Intimidate|FlareBlitz,RockSlide,ExtremeSpeed,Protect|||F|||50|,,,,,Normal
|showteam|p2|Ninetales-Alola||LightClay|SnowWarning|FreezeDry,IcyWind,Howl,AuroraVeil|||F|||50|,,,,,Water]Ursaluna||FlameOrb|Guts|Facade,HighHorsepower,ShadowClaw,Protect|||F|||50|,,,,,Ghost]Ceruledge||ClearAmulet|FlashFire|BitterBlade,Poltergeist,BulkUp,Protect|||F|||50|,,,,,Bug]Whimsicott||FocusSash|Prankster|Moonblast,WorrySeed,SunnyDay,Tailwind|||F|||50|,,,,,Ghost]Rillaboom||AssaultVest|GrassySurge|GrassyGlide,DrumBeating,Uturn,FakeOut|||F|||50|,,,,,Fire]Milotic||Leftovers|Competitive|Scald,AlluringVoice,Haze,Protect|||F|||50|,,,,,Grass
|inactive|Battle timer is ON: inactive players will automatically lose when time's up. (requested by BoloinaBox)
|c|☆Shiboha|glhf
|c|☆Shiboha|!details howl
|raw|Howl  Accuracy— PP64 Raises the user's and ally's Attack by 1. 
|raw|Priority: 0 |  Gen: 3 |  ✓ Sound |  ✓ Bypasses Protect |  Z-Effect:  Attack +1 |  Target: User and Allies

|inactive|Shiboha has 60 seconds left.
|inactive|BoloinaBox has 60 seconds left.
|inactive|Shiboha has 30 seconds left.
|inactive|BoloinaBox has 30 seconds left.
|
|t:|1756319990
|teamsize|p1|4
|teamsize|p2|4
|start
|switch|p1a: Arcanine|Arcanine-Hisui, L50, F|100/100
|switch|p1b: Sneasler|Sneasler, L50, F|100/100
|switch|p2a: Ninetales|Ninetales-Alola, L50, F|100/100
|switch|p2b: Milotic|Milotic, L50, F|100/100
|-weather|Snowscape|[from] ability: Snow Warning|[of] p2a: Ninetales
|-ability|p1a: Arcanine|Intimidate|boost
|-unboost|p2a: Ninetales|atk|1
|-unboost|p2b: Milotic|atk|1
|-ability|p2b: Milotic|Competitive|boost
|-boost|p2b: Milotic|spa|2
|turn|1
|inactive|Shiboha has 30 seconds left.
|inactive|BoloinaBox has 30 seconds left.
|inactive|Shiboha has 20 seconds left.
|inactive|BoloinaBox has 20 seconds left.
|inactive|BoloinaBox has 15 seconds left.
|
|t:|1756320030
|switch|p1a: Rillaboom|Rillaboom, L50, F|100/100
|-fieldstart|move: Grassy Terrain|[from] ability: Grassy Surge|[of] p1a: Rillaboom
|-enditem|p1b: Sneasler|Grassy Seed
|-boost|p1b: Sneasler|def|1|[from] item: Grassy Seed
|-terastallize|p1b: Sneasler|Ghost
|move|p1b: Sneasler|Dire Claw|p2a: Ninetales
|-supereffective|p2a: Ninetales
|-damage|p2a: Ninetales|19/100
|-status|p2a: Ninetales|par
|move|p2b: Milotic|Scald|p1a: Rillaboom
|-resisted|p1a: Rillaboom
|-damage|p1a: Rillaboom|80/100
|move|p2a: Ninetales|Aurora Veil|p2a: Ninetales
|-sidestart|p2: BoloinaBox|move: Aurora Veil
|
|-weather|Snowscape|[upkeep]
|-heal|p1a: Rillaboom|86/100|[from] Grassy Terrain
|-heal|p2a: Ninetales|25/100 par|[from] Grassy Terrain
|upkeep
|turn|2
|inactive|Shiboha has 30 seconds left.
|inactive|BoloinaBox has 30 seconds left.
|inactive|BoloinaBox has 20 seconds left.
|inactive|BoloinaBox has 15 seconds left.
|inactive|BoloinaBox has 10 seconds left.
|
|t:|1756320076
|move|p2b: Milotic|Protect|p2b: Milotic
|-singleturn|p2b: Milotic|Protect
|move|p1a: Rillaboom|Fake Out|p2b: Milotic
|-activate|p2b: Milotic|move: Protect
|move|p1b: Sneasler|Dire Claw|p2a: Ninetales
|-supereffective|p2a: Ninetales
|-damage|p2a: Ninetales|0 fnt
|faint|p2a: Ninetales
|
|-weather|Snowscape|[upkeep]
|-heal|p1a: Rillaboom|92/100|[from] Grassy Terrain
|upkeep
|
|t:|1756320082
|switch|p2a: Whimsicott|Whimsicott, L50, F|100/100
|turn|3
|inactive|BoloinaBox has 30 seconds left.
|
|t:|1756320110
|-terastallize|p2b: Milotic|Grass
|move|p2a: Whimsicott|Tailwind|p2a: Whimsicott
|-sidestart|p2: BoloinaBox|move: Tailwind
|move|p1b: Sneasler|Dire Claw|p2b: Milotic
|-supereffective|p2b: Milotic
|-damage|p2b: Milotic|39/100
|move|p2b: Milotic|Scald|p1b: Sneasler
|-damage|p1b: Sneasler|32/100
|-status|p1b: Sneasler|brn
|move|p1a: Rillaboom|Wood Hammer|p2b: Milotic
|-resisted|p2b: Milotic
|-damage|p2b: Milotic|16/100
|-damage|p1a: Rillaboom|84/100|[from] Recoil
|
|-weather|Snowscape|[upkeep]
|-heal|p1b: Sneasler|39/100 brn|[from] Grassy Terrain
|-heal|p2b: Milotic|22/100|[from] Grassy Terrain
|-heal|p2b: Milotic|28/100|[from] item: Leftovers
|-heal|p1a: Rillaboom|90/100|[from] Grassy Terrain
|-damage|p1b: Sneasler|32/100 brn|[from] brn
|upkeep
|turn|4
|inactive|Shiboha has 30 seconds left.
|inactive|Shiboha has 20 seconds left.
|inactive|Shiboha has 15 seconds left.
|
|t:|1756320154
|move|p1b: Sneasler|Protect|p1b: Sneasler
|-singleturn|p1b: Sneasler|Protect
|move|p2a: Whimsicott|Worry Seed|p1b: Sneasler
|-activate|p1b: Sneasler|move: Protect
|move|p2b: Milotic|Scald|p1b: Sneasler
|-activate|p1b: Sneasler|move: Protect
|move|p1a: Rillaboom|Wood Hammer|p2a: Whimsicott
|-resisted|p2a: Whimsicott
|-damage|p2a: Whimsicott|66/100
|-damage|p1a: Rillaboom|82/100|[from] Recoil
|
|-weather|Snowscape|[upkeep]
|-heal|p2a: Whimsicott|72/100|[from] Grassy Terrain
|-heal|p1b: Sneasler|39/100 brn|[from] Grassy Terrain
|-heal|p2b: Milotic|34/100|[from] Grassy Terrain
|-heal|p2b: Milotic|40/100|[from] item: Leftovers
|-heal|p1a: Rillaboom|87/100|[from] Grassy Terrain
|-damage|p1b: Sneasler|32/100 brn|[from] brn
|upkeep
|turn|5
|inactive|Shiboha has 30 seconds left.
|inactive|BoloinaBox has 30 seconds left.
|
|t:|1756320186
|switch|p1a: Electabuzz|Electabuzz, L50, F|100/100
|move|p2a: Whimsicott|Worry Seed|p1b: Sneasler
|-ability|p1b: Sneasler|Insomnia|Unburden|[from] move: Worry Seed
|move|p2b: Milotic|Scald|p1b: Sneasler
|-damage|p1b: Sneasler|0 fnt
|faint|p1b: Sneasler
|
|-weather|none
|-heal|p2a: Whimsicott|79/100|[from] Grassy Terrain
|-heal|p2b: Milotic|46/100|[from] Grassy Terrain
|-heal|p2b: Milotic|51/100|[from] item: Leftovers
|-fieldend|move: Grassy Terrain
|upkeep
|
|t:|1756320204
|switch|p1b: Rillaboom|Rillaboom, L50, F|87/100
|-fieldstart|move: Grassy Terrain|[from] ability: Grassy Surge|[of] p1b: Rillaboom
|turn|6
|inactive|BoloinaBox has 30 seconds left.
|
|t:|1756320238
|switch|p2a: Ceruledge|Ceruledge, L50, F|100/100
|move|p2b: Milotic|Scald|p1b: Rillaboom
|-resisted|p1b: Rillaboom
|-damage|p1b: Rillaboom|67/100
|-status|p1b: Rillaboom|brn
|move|p1a: Electabuzz|Taunt|p2a: Ceruledge
|-start|p2a: Ceruledge|move: Taunt
|move|p1b: Rillaboom|Wood Hammer|p2a: Ceruledge
|-resisted|p2a: Ceruledge
|-damage|p2a: Ceruledge|87/100
|-damage|p1b: Rillaboom|63/100 brn|[from] Recoil
|
|-heal|p2b: Milotic|57/100|[from] Grassy Terrain
|-heal|p2b: Milotic|63/100|[from] item: Leftovers
|-heal|p2a: Ceruledge|93/100|[from] Grassy Terrain
|-heal|p1b: Rillaboom|69/100 brn|[from] Grassy Terrain
|-damage|p1b: Rillaboom|63/100 brn|[from] brn
|-sideend|p2: BoloinaBox|move: Tailwind
|upkeep
|turn|7
|inactive|BoloinaBox has 30 seconds left.
|
|t:|1756320264
|move|p1a: Electabuzz|Follow Me|p1a: Electabuzz
|-singleturn|p1a: Electabuzz|move: Follow Me
|move|p1b: Rillaboom|High Horsepower|p2a: Ceruledge
|-supereffective|p2a: Ceruledge
|-damage|p2a: Ceruledge|70/100
|move|p2b: Milotic|Scald|p1a: Electabuzz
|-damage|p1a: Electabuzz|55/100
|move|p2a: Ceruledge|Bitter Blade|p1a: Electabuzz
|-damage|p1a: Electabuzz|20/100
|-heal|p2a: Ceruledge|87/100|[from] drain|[of] p1a: Electabuzz
|
|-heal|p1a: Electabuzz|26/100|[from] Grassy Terrain
|-heal|p1b: Rillaboom|69/100 brn|[from] Grassy Terrain
|-heal|p2b: Milotic|69/100|[from] Grassy Terrain
|-heal|p2b: Milotic|75/100|[from] item: Leftovers
|-heal|p2a: Ceruledge|93/100|[from] Grassy Terrain
|-damage|p1b: Rillaboom|63/100 brn|[from] brn
|upkeep
|turn|8
|inactive|Shiboha has 30 seconds left.
|inactive|BoloinaBox has 30 seconds left.
|
|t:|1756320299
|move|p1a: Electabuzz|Taunt|p2b: Milotic
|-start|p2b: Milotic|move: Taunt
|move|p1b: Rillaboom|Wood Hammer|p2b: Milotic
|-resisted|p2b: Milotic
|-damage|p2b: Milotic|62/100
|-damage|p1b: Rillaboom|59/100 brn|[from] Recoil
|move|p2b: Milotic|Scald|p1b: Rillaboom
|-resisted|p1b: Rillaboom
|-damage|p1b: Rillaboom|38/100 brn
|move|p2a: Ceruledge|Bitter Blade|p1b: Rillaboom
|-supereffective|p1b: Rillaboom
|-damage|p1b: Rillaboom|0 fnt
|-heal|p2a: Ceruledge|100/100|[from] drain|[of] p1b: Rillaboom
|faint|p1b: Rillaboom
|
|-heal|p1a: Electabuzz|31/100|[from] Grassy Terrain
|-heal|p2b: Milotic|68/100|[from] Grassy Terrain
|-heal|p2b: Milotic|74/100|[from] item: Leftovers
|-end|p2a: Ceruledge|move: Taunt
|-sideend|p2: BoloinaBox|move: Aurora Veil
|upkeep
|
|t:|1756320318
|switch|p1b: Arcanine|Arcanine-Hisui, L50, F|100/100
|-ability|p1b: Arcanine|Intimidate|boost
|-fail|p2a: Ceruledge|unboost|[from] item: Clear Amulet|[of] p2a: Ceruledge
|-unboost|p2b: Milotic|atk|1
|-ability|p2b: Milotic|Competitive|boost
|-boost|p2b: Milotic|spa|2
|turn|9
|inactive|BoloinaBox has 30 seconds left.
|inactive|BoloinaBox has 20 seconds left.
|
|t:|1756320356
|move|p1a: Electabuzz|Follow Me|p1a: Electabuzz
|-singleturn|p1a: Electabuzz|move: Follow Me
|move|p1b: Arcanine|Flare Blitz|p2b: Milotic
|-supereffective|p2b: Milotic
|-damage|p2b: Milotic|0 fnt
|faint|p2b: Milotic
|-damage|p1b: Arcanine|72/100|[from] Recoil
|-damage|p1b: Arcanine|62/100|[from] item: Life Orb
|move|p2a: Ceruledge|Bitter Blade|p1a: Electabuzz
|-damage|p1a: Electabuzz|0 fnt
|faint|p1a: Electabuzz
|
|-heal|p1b: Arcanine|68/100|[from] Grassy Terrain
|upkeep
|
|t:|1756320362
|switch|p2b: Whimsicott|Whimsicott, L50, F|79/100
|turn|10
|inactive|BoloinaBox has 30 seconds left.
|inactive|BoloinaBox has 20 seconds left.
|
|t:|1756320401
|move|p2b: Whimsicott|Tailwind|p2b: Whimsicott
|-sidestart|p2: BoloinaBox|move: Tailwind
|move|p2a: Ceruledge|Poltergeist|p1b: Arcanine
|-activate|p1b: Arcanine|move: Poltergeist|Life Orb
|-damage|p1b: Arcanine|0 fnt
|faint|p1b: Arcanine
|
|win|BoloinaBox
||BoloinaBox is ready for game 2.
|inactive|Shiboha has 30 seconds to confirm battle start!
||Shiboha is ready for game 2.
|uhtml|next|Next: Game 2 of 3
|l|☆BoloinaBox
|player|p2|
