|j|☆Aeon_Twins
|j|☆ragnar brok
|html|Aeon_Twinsragnar brok    
|uhtml|bestof|Game 1 of a best-of-3
|t:|1782416812
|gametype|doubles
|player|p1|Aeon_Twins|n|1144
|player|p2|ragnar brok|ninjaboy|1112
|gen|9
|tier|[Gen 9 Champions] VGC 2026 Reg M-B (Bo3)
|rated|
|rule|Species Clause: Limit one of each Pokémon
|rule|Item Clause: Limit 1 of each item
|clearpoke
|poke|p1|Raichu, L50, F|
|poke|p1|Mawile, L50, F|
|poke|p1|Sinistcha, L50|
|poke|p1|Ceruledge, L50, M|
|poke|p1|Milotic, L50, M|
|poke|p1|Incineroar, L50, F|
|poke|p2|Farigiraf, L50, F|
|poke|p2|Charizard, L50, M|
|poke|p2|Garchomp, L50, M|
|poke|p2|Sylveon, L50, F|
|poke|p2|Aerodactyl, L50, F|
|poke|p2|Kingambit, L50, M|
|teampreview|4
|showteam|p1|Raichu||RaichuniteY|LightningRod|ZapCannon,FocusBlast,FakeOut,Protect|Timid||F|||50|]Mawile||Mawilite|HyperCutter|PlayRough,SuckerPunch,SwordsDance,Protect|Adamant||F|||50|]Sinistcha||KasibBerry|Hospitality|MatchaGotcha,LifeDew,RagePowder,Protect|Relaxed|||||50|]Ceruledge||ColburBerry|FlashFire|BitterBlade,ShadowSneak,BulkUp,Protect|Adamant||M|||50|]Milotic||Leftovers|Competitive|MuddyWater,Coil,Hypnosis,Protect|Calm||M|||50|]Incineroar||SitrusBerry|Intimidate|FlareBlitz,ThroatChop,FakeOut,PartingShot|Impish||F|||50|
|showteam|p2|Farigiraf||SitrusBerry|ArmorTail|TrickRoom,TwinBeam,Thunderbolt,GrassKnot|Bold||F|||50|]Charizard||CharizarditeY|Blaze|Protect,HeatWave,SolarBeam,WeatherBall|Modest||M|||50|]Garchomp||LifeOrb|RoughSkin|Protect,Earthquake,DragonClaw,StompingTantrum|Jolly||M|||50|]Sylveon||FairyFeather|Pixilate|Protect,HyperBeam,HyperVoice,QuickAttack|Modest||F|||50|]Aerodactyl||Aerodactylite|Unnerve|RockSlide,Tailwind,DualWingbeat,IceFang|Jolly||F|||50|]Kingambit||FocusSash|Defiant|KowtowCleave,SuckerPunch,IronHead,LowKick|Adamant||M|||50|
|inactive|Battle timer is ON: inactive players will automatically lose when time's up. (requested by ragnar brok)
|inactive|Aeon_Twins has 60 seconds left.
|inactive|ragnar brok has 60 seconds left.
|inactive|ragnar brok has 30 seconds left.
|
|t:|1782416878
|teamsize|p1|4
|teamsize|p2|4
|start
|switch|p1a: Raichu|Raichu, L50, F|100/100
|switch|p1b: Milotic|Milotic, L50, M|100/100
|switch|p2a: Kingambit|Kingambit, L50, M|100/100
|switch|p2b: Charizard|Charizard, L50, M|100/100
|turn|1
|
|t:|1782416902
|switch|p2b: Farigiraf|Farigiraf, L50, F|100/100
|move|p1a: Raichu|Protect|p1a: Raichu
|-singleturn|p1a: Raichu|Protect
|move|p1b: Milotic|Coil|p1b: Milotic
|-boost|p1b: Milotic|atk|1
|-boost|p1b: Milotic|def|1
|-boost|p1b: Milotic|accuracy|1
|move|p2a: Kingambit|Kowtow Cleave|p1a: Raichu
|-activate|p1a: Raichu|move: Protect
|
|upkeep
|turn|2
|
|t:|1782416924
|detailschange|p1a: Raichu|Raichu-Mega-Y, L50, F
|-mega|p1a: Raichu|Raichu|Raichunite Y
|move|p2a: Kingambit|Sucker Punch|p1a: Raichu
|-damage|p1a: Raichu|39/100
|move|p1a: Raichu|Focus Blast|p2a: Kingambit
|-supereffective|p2a: Kingambit|2
|-enditem|p2a: Kingambit|Focus Sash
|-damage|p2a: Kingambit|1/100
|move|p1b: Milotic|Muddy Water|p2b: Farigiraf|[spread] p2a,p2b
|-damage|p2a: Kingambit|0 fnt
|-damage|p2b: Farigiraf|79/100
|faint|p2a: Kingambit
|move|p2b: Farigiraf|Trick Room|p2b: Farigiraf
|-fieldstart|move: Trick Room|[of] p2b: Farigiraf
|
|upkeep
|
|t:|1782416942
|switch|p2a: Charizard|Charizard, L50, M|100/100
|turn|3
|
|t:|1782416952
|switch|p1a: Incineroar|Incineroar, L50, F|100/100
|-ability|p1a: Incineroar|Intimidate|boost
|-unboost|p2a: Charizard|atk|1
|-unboost|p2b: Farigiraf|atk|1
|detailschange|p2a: Charizard|Charizard-Mega-Y, L50, M
|-mega|p2a: Charizard|Charizard|Charizardite Y
|-weather|SunnyDay|[from] ability: Drought|[of] p2a: Charizard
|move|p2b: Farigiraf|Twin Beam|p1a: Incineroar
|-immune|p1a: Incineroar
|move|p1b: Milotic|Hypnosis|p2a: Charizard
|-status|p2a: Charizard|slp|[from] move: Hypnosis
|cant|p2a: Charizard|slp
|
|-weather|SunnyDay|[upkeep]
|upkeep
|turn|4
|
|t:|1782416972
|move|p2b: Farigiraf|Grass Knot|p1b: Milotic
|-supereffective|p1b: Milotic|1
|-damage|p1b: Milotic|61/100
|move|p1a: Incineroar|Throat Chop|p2a: Charizard
|-damage|p2a: Charizard|61/100 slp
|-start|p2a: Charizard|Throat Chop|[silent]
|move|p1b: Milotic|Muddy Water|p2b: Farigiraf|[spread] p2a,p2b
|-supereffective|p2a: Charizard|1
|-damage|p2a: Charizard|39/100 slp
|-damage|p2b: Farigiraf|69/100
|-unboost|p2a: Charizard|accuracy|1
|cant|p2a: Charizard|slp
|
|-weather|SunnyDay|[upkeep]
|-heal|p1b: Milotic|67/100|[from] item: Leftovers
|upkeep
|turn|5
|
|t:|1782416996
|move|p2b: Farigiraf|Grass Knot|p1b: Milotic
|-supereffective|p1b: Milotic|1
|-damage|p1b: Milotic|32/100
|move|p1a: Incineroar|Throat Chop|p2a: Charizard
|-damage|p2a: Charizard|0 fnt
|faint|p2a: Charizard
|move|p1b: Milotic|Muddy Water|p2b: Farigiraf
|-damage|p2b: Farigiraf|55/100
|
|-weather|SunnyDay|[upkeep]
|-heal|p1b: Milotic|38/100|[from] item: Leftovers
|upkeep
|
|t:|1782417006
|switch|p2a: Garchomp|Garchomp, L50, M|100/100
|turn|6
|
|t:|1782417022
|move|p1b: Milotic|Protect|p1b: Milotic
|-singleturn|p1b: Milotic|Protect
|move|p2b: Farigiraf|Grass Knot|p1b: Milotic
|-activate|p1b: Milotic|move: Protect
|move|p1a: Incineroar|Parting Shot|p2a: Garchomp
|-unboost|p2a: Garchomp|atk|1
|-unboost|p2a: Garchomp|spa|1
|
|t:|1782417032
|switch|p1a: Raichu|Raichu-Mega-Y, L50, F|39/100|[from] Parting Shot
|move|p2a: Garchomp|Stomping Tantrum|p1a: Raichu
|-supereffective|p1a: Raichu|1
|-damage|p1a: Raichu|0 fnt
|faint|p1a: Raichu
|-damage|p2a: Garchomp|90/100|[from] item: Life Orb
|
|-weather|SunnyDay|[upkeep]
|-heal|p1b: Milotic|44/100|[from] item: Leftovers
|-fieldend|move: Trick Room
|upkeep
|
|t:|1782417034
|switch|p1a: Incineroar|Incineroar, L50, F|100/100
|-ability|p1a: Incineroar|Intimidate|boost
|-unboost|p2a: Garchomp|atk|1
|-unboost|p2b: Farigiraf|atk|1
|turn|7
|inactive|Aeon_Twins has 30 seconds left.
|inactive|ragnar brok has 30 seconds left.
|
|t:|1782417066
|move|p2a: Garchomp|Stomping Tantrum|p1b: Milotic
|-damage|p1b: Milotic|31/100
|-damage|p2a: Garchomp|80/100|[from] item: Life Orb
|move|p1b: Milotic|Hypnosis|p2a: Garchomp
|-status|p2a: Garchomp|slp|[from] move: Hypnosis
|move|p1a: Incineroar|Flare Blitz|p2b: Farigiraf
|-crit|p2b: Farigiraf
|-damage|p2b: Farigiraf|0 fnt
|faint|p2b: Farigiraf
|-damage|p1a: Incineroar|80/100|[from] Recoil
|
|-weather|none
|-heal|p1b: Milotic|37/100|[from] item: Leftovers
|upkeep
|turn|8
|
|t:|1782417077
|cant|p2a: Garchomp|slp
|move|p1b: Milotic|Muddy Water|p2a: Garchomp
|-damage|p2a: Garchomp|43/100 slp
|move|p1a: Incineroar|Parting Shot|p2a: Garchomp
|-unboost|p2a: Garchomp|atk|1
|-unboost|p2a: Garchomp|spa|1
|
|t:|1782417081
|switch|p1a: Ceruledge|Ceruledge, L50, M|100/100|[from] Parting Shot
|
|-heal|p1b: Milotic|43/100|[from] item: Leftovers
|upkeep
|turn|9
|
|t:|1782417085
|switch|p1a: Incineroar|Incineroar, L50, F|80/100
|-ability|p1a: Incineroar|Intimidate|boost
|-unboost|p2a: Garchomp|atk|1
|-curestatus|p2a: Garchomp|slp|[msg]
|move|p2a: Garchomp|Earthquake|p1a: Incineroar|[spread] p1a,p1b
|-supereffective|p1a: Incineroar|1
|-damage|p1a: Incineroar|56/100
|-damage|p1b: Milotic|34/100
|-damage|p2a: Garchomp|33/100|[from] item: Life Orb
|move|p1b: Milotic|Muddy Water|p2a: Garchomp
|-damage|p2a: Garchomp|1/100
|
|-heal|p1b: Milotic|40/100|[from] item: Leftovers
|upkeep
|turn|10
|
|t:|1782417095
|switch|p1a: Ceruledge|Ceruledge, L50, M|100/100
|move|p2a: Garchomp|Earthquake|p1b: Milotic|[spread] p1a,p1b
|-supereffective|p1a: Ceruledge|1
|-damage|p1a: Ceruledge|61/100
|-damage|p1b: Milotic|32/100
|-damage|p2a: Garchomp|0 fnt|[from] item: Life Orb
|faint|p2a: Garchomp
|
|win|Aeon_Twins
