|j|☆classicmen
|j|☆Gimmitaiz
|html|classicmenGimmitaiz    
|uhtml|bestof|Game 3 of a best-of-3
|t:|1784683447
|gametype|doubles
|player|p1|classicmen|169|1079
|player|p2|Gimmitaiz|benga|1000
|gen|9
|tier|[Gen 9 Champions] VGC 2026 Reg M-B (Bo3)
|rated|
|rule|Species Clause: Limit one of each Pokémon
|rule|Item Clause: Limit 1 of each item
|clearpoke
|poke|p1|Scovillain, L50, F|
|poke|p1|Alakazam, L50, F|
|poke|p1|Tyranitar, L50, M|
|poke|p1|Aerodactyl, L50, F|
|poke|p1|Heliolisk, L50, M|
|poke|p1|Meowstic, L50, M|
|poke|p2|Blaziken, L50, F|
|poke|p2|Incineroar, L50, M|
|poke|p2|Raichu, L50, M|
|poke|p2|Gholdengo, L50|
|poke|p2|Garchomp, L50, M|
|poke|p2|Milotic, L50, M|
|teampreview|4
|showteam|p1|Scovillain||Scovillainite|Chlorophyll|RagePowder,Protect,FlareBlitz,LeafStorm|Relaxed||F|||50|]Alakazam||LifeOrb|MagicGuard|Protect,ExpandingForce,DazzlingGleam,NastyPlot|Timid||F|||50|]Tyranitar||Tyranitarite|SandStream|RockSlide,DragonDance,Protect,KnockOff|Jolly||M|||50|]Aerodactyl||FocusSash|RockHead|Tailwind,DragonDance,DualWingbeat,RockSlide|Jolly||F|||50|]Heliolisk||ChoiceScarf|SandVeil|Thunderbolt,VoltSwitch,GrassKnot,Glare|Modest||M|||50|]Meowstic||MentalHerb|Prankster|PsychicTerrain,Reflect,ExpandingForce,Protect|Modest||M|||50|
|showteam|p2|Blaziken||Blazikenite|SpeedBoost|SwordsDance,FlareBlitz,CloseCombat,Protect|Adamant||F|||50|]Incineroar||SitrusBerry|Intimidate|FakeOut,Protect,PartingShot,DarkestLariat|Adamant||M|||50|]Raichu||RaichuniteY|Static|ZapCannon,Protect,FocusBlast,FakeOut|Modest||M|||50|]Gholdengo||Leftovers|GoodasGold|MakeItRain,ShadowBall,NastyPlot,Protect|Modest|||||50|]Garchomp|||RoughSkin|Earthquake,DragonClaw,Protect,RockSlide|Adamant||M|||50|]Milotic||WacanBerry|Competitive|MuddyWater,HydroPump,Haze,Recover|Bold||M|||50|
|
|t:|1784683480
|teamsize|p1|4
|teamsize|p2|4
|start
|switch|p1a: Tyranitar|Tyranitar, L50, M|100/100
|switch|p1b: Aerodactyl|Aerodactyl, L50, F|100/100
|switch|p2a: Gholdengo|Gholdengo, L50|100/100
|switch|p2b: Raichu|Raichu, L50, M|100/100
|-weather|Sandstorm|[from] ability: Sand Stream|[of] p1a: Tyranitar
|turn|1
|inactive|Battle timer is ON: inactive players will automatically lose when time's up. (requested by Gimmitaiz)
|
|t:|1784683505
|detailschange|p2b: Raichu|Raichu-Mega-Y, L50, M
|-mega|p2b: Raichu|Raichu|Raichunite Y
|move|p1a: Tyranitar|Protect|p1a: Tyranitar
|-singleturn|p1a: Tyranitar|Protect
|move|p1b: Aerodactyl|Tailwind|p1b: Aerodactyl
|-sidestart|p1: classicmen|move: Tailwind
|move|p2b: Raichu|Focus Blast|p1a: Tyranitar
|-activate|p1a: Tyranitar|move: Protect
|move|p2a: Gholdengo|Make It Rain|p1a: Tyranitar|[spread] p1b
|-activate|p1a: Tyranitar|move: Protect
|-supereffective|p1b: Aerodactyl|1
|-enditem|p1b: Aerodactyl|Focus Sash
|-damage|p1b: Aerodactyl|1/100
|-unboost|p2a: Gholdengo|spa|2
|
|-weather|Sandstorm|[upkeep]
|-damage|p2b: Raichu|94/100|[from] Sandstorm
|upkeep
|turn|2
|inactive|classicmen has 30 seconds left.
|
|t:|1784683531
|switch|p2b: Garchomp|Garchomp, L50, M|100/100
|switch|p2a: Incineroar|Incineroar, L50, M|100/100
|-ability|p2a: Incineroar|Intimidate|boost
|-unboost|p1a: Tyranitar|atk|1
|-unboost|p1b: Aerodactyl|atk|1
|detailschange|p1a: Tyranitar|Tyranitar-Mega, L50, M
|-mega|p1a: Tyranitar|Tyranitar|Tyranitarite
|move|p1b: Aerodactyl|Rock Slide|p2b: Garchomp|[spread] p2a,p2b
|-supereffective|p2a: Incineroar|1
|-resisted|p2b: Garchomp|1
|-damage|p2a: Incineroar|72/100
|-damage|p2b: Garchomp|93/100
|move|p1a: Tyranitar|Rock Slide|p2a: Incineroar|[spread] p2a,p2b
|-supereffective|p2a: Incineroar|1
|-resisted|p2b: Garchomp|1
|-damage|p2a: Incineroar|36/100
|-damage|p2b: Garchomp|83/100
|-enditem|p2a: Incineroar|Sitrus Berry|[eat]
|-heal|p2a: Incineroar|61/100|[from] item: Sitrus Berry
|
|-weather|Sandstorm|[upkeep]
|-damage|p2a: Incineroar|55/100|[from] Sandstorm
|upkeep
|turn|3
|inactive|classicmen has 30 seconds left.
|
|t:|1784683558
|switch|p1a: Heliolisk|Heliolisk, L50, M|100/100
|move|p1b: Aerodactyl|Rock Slide|p2b: Garchomp|[spread] p2a,p2b
|-supereffective|p2a: Incineroar|1
|-resisted|p2b: Garchomp|1
|-damage|p2a: Incineroar|25/100
|-damage|p2b: Garchomp|76/100
|move|p2b: Garchomp|Rock Slide|p1b: Aerodactyl|[spread] p1a,p1b
|-supereffective|p1b: Aerodactyl|1
|-damage|p1a: Heliolisk|64/100
|-damage|p1b: Aerodactyl|0 fnt
|faint|p1b: Aerodactyl
|move|p2a: Incineroar|Darkest Lariat|p1a: Heliolisk
|-damage|p1a: Heliolisk|0 fnt
|faint|p1a: Heliolisk
|
|-weather|Sandstorm|[upkeep]
|-damage|p2a: Incineroar|19/100|[from] Sandstorm
|upkeep
|
|t:|1784683572
|switch|p1b: Meowstic|Meowstic, L50, M|100/100
|switch|p1a: Tyranitar|Tyranitar-Mega, L50, M|100/100
|turn|4
|
|t:|1784683584
|move|p1b: Meowstic|Reflect|p1b: Meowstic
|-sidestart|p1: classicmen|Reflect
|move|p1a: Tyranitar|Dragon Dance|p1a: Tyranitar
|-boost|p1a: Tyranitar|atk|1
|-boost|p1a: Tyranitar|spe|1
|move|p2b: Garchomp|Earthquake|p1b: Meowstic|[spread] p2a,p1a,p1b
|-supereffective|p2a: Incineroar|1
|-supereffective|p1a: Tyranitar|1
|-crit|p1a: Tyranitar
|-damage|p2a: Incineroar|0 fnt
|-damage|p1a: Tyranitar|16/100
|-damage|p1b: Meowstic|67/100
|faint|p2a: Incineroar
|
|-weather|Sandstorm|[upkeep]
|-damage|p1b: Meowstic|61/100|[from] Sandstorm
|-sideend|p1: classicmen|move: Tailwind
|upkeep
|
|t:|1784683592
|switch|p2a: Raichu|Raichu-Mega-Y, L50, M|94/100
|turn|5
|
|t:|1784683607
|move|p1a: Tyranitar|Protect|p1a: Tyranitar
|-singleturn|p1a: Tyranitar|Protect
|move|p2a: Raichu|Fake Out|p1a: Tyranitar
|-activate|p1a: Tyranitar|move: Protect
|move|p1b: Meowstic|Psychic Terrain|p1b: Meowstic
|-fieldstart|move: Psychic Terrain
|move|p2b: Garchomp|Dragon Claw|p1b: Meowstic
|-damage|p1b: Meowstic|25/100
|
|-weather|none
|upkeep
|turn|6
|
|t:|1784683619
|move|p1a: Tyranitar|Rock Slide|p2a: Raichu|[spread] p2a,p2b
|-resisted|p2b: Garchomp|1
|-damage|p2a: Raichu|0 fnt
|-damage|p2b: Garchomp|54/100
|faint|p2a: Raichu
|move|p1b: Meowstic|Expanding Force|p2b: Garchomp
|-damage|p2b: Garchomp|0 fnt
|faint|p2b: Garchomp
|
|upkeep
|
|t:|1784683627
|switch|p2b: Gholdengo|Gholdengo, L50|100/100
|turn|7
|
|t:|1784683636
|move|p1a: Tyranitar|Knock Off|p2b: Gholdengo
|-supereffective|p2b: Gholdengo|1
|-damage|p2b: Gholdengo|0 fnt
|-enditem|p2b: Gholdengo|Leftovers|[from] move: Knock Off|[of] p1a: Tyranitar
|faint|p2b: Gholdengo
|
|win|classicmen
|raw|classicmen's rating: 1079 → 1101(+22 for winning)
|raw|Gimmitaiz's rating: 1000 → 1000(+0 for losing)
|l|☆Gimmitaiz
|player|p2|
