|j|☆noelle holiday vgc
|j|☆panqueca25
|html|noelle holiday vgcpanqueca25    
|uhtml|bestof|Game 2 of a best-of-3
|t:|1757703507
|gametype|doubles
|player|p1|noelle holiday vgc|winona|1266
|player|p2|panqueca25|102|1296
|gen|9
|tier|[Gen 9] VGC 2025 Reg H (Bo3)
|rated|
|rule|Species Clause: Limit one of each Pokémon
|rule|Item Clause: Limit 1 of each item
|clearpoke
|poke|p1|Dragonite, L50, F|
|poke|p1|Gholdengo, L50|
|poke|p1|Archaludon, L50, F|
|poke|p1|Ribombee, L50, M|
|poke|p1|Ursaluna-Bloodmoon, L50, M|
|poke|p1|Sneasler, L50, M|
|poke|p2|Murkrow, L50, F|
|poke|p2|Gholdengo, L50|
|poke|p2|Dondozo, L50, F|
|poke|p2|Tatsugiri, L50, M|
|poke|p2|Clefable, L50, F|
|poke|p2|Annihilape, L50, F|
|teampreview|4
|showteam|p1|Dragonite||LoadedDice|Multiscale|ScaleShot,IceSpinner,Haze,Protect|||F|||50|,,,,,Steel]Gholdengo||ChoiceSpecs|GoodasGold|MakeItRain,ShadowBall,Thunderbolt,PowerGem||||||50|,,,,,Steel]Archaludon||PowerHerb|Sturdy|ElectroShot,Thunderbolt,DracoMeteor,Protect|||F|||50|,,,,,Electric]Ribombee||FocusSash|ShieldDust|Moonblast,Tailwind,FakeTears,Protect|||M|||50|,,,,,Dark]Ursaluna-Bloodmoon||AssaultVest|MindsEye|EarthPower,BloodMoon,HyperVoice,VacuumWave|||M|||50|,,,,,Water]Sneasler||WhiteHerb|Unburden|CloseCombat,DireClaw,FakeOut,Protect|||M|||50|,,,,,Ghost
|showteam|p2|Murkrow||Eviolite|Prankster|Tailwind,FoulPlay,RainDance,Haze|||F|||50|,,,,,Ghost]Gholdengo||ChoiceSpecs|GoodasGold|MakeItRain,PowerGem,ShadowBall,Thunderbolt||||||50|,,,,,Steel]Dondozo||Leftovers|Unaware|WaveCrash,Earthquake,OrderUp,Protect|||F|||50|,,,,,Grass]Tatsugiri||FocusSash|Commander|DracoMeteor,IcyWind,MuddyWater,Protect|||M|||50|,,,,,Stellar]Clefable||RockyHelmet|Unaware|Moonblast,FollowMe,Encore,Protect|||F|||50|,,,,,Ghost]Annihilape||ChoiceScarf|Defiant|CloseCombat,ShadowClaw,Uturn,FinalGambit|||F|||50|,,,,,Fire
|inactive|Battle timer is ON: inactive players will automatically lose when time's up. (requested by noelle holiday vgc)
|inactive|panqueca25 also wants the timer to be on.
|
|t:|1757703530
|teamsize|p1|4
|teamsize|p2|4
|start
|switch|p1a: Gholdengo|Gholdengo, L50|100/100
|switch|p1b: Ribombee|Ribombee, L50, M|100/100
|switch|p2a: Dondozo|Dondozo, L50, F|100/100
|switch|p2b: Gholdengo|Gholdengo, L50|100/100
|turn|1
|
|t:|1757703549
|switch|p2b: Tatsugiri|Tatsugiri, L50, M|100/100
|-activate|p2b: Tatsugiri|ability: Commander|[of] p2a: Dondozo
|-boost|p2a: Dondozo|atk|2
|-boost|p2a: Dondozo|spa|2
|-boost|p2a: Dondozo|spe|2
|-boost|p2a: Dondozo|def|2
|-boost|p2a: Dondozo|spd|2
|move|p1b: Ribombee|Tailwind|p1b: Ribombee
|-sidestart|p1: noelle holiday vgc|move: Tailwind
|move|p1a: Gholdengo|Make It Rain|p2b: Tatsugiri|[spread] p2a
|-miss|p1a: Gholdengo|p2b: Tatsugiri
|-resisted|p2a: Dondozo
|-damage|p2a: Dondozo|81/100
|-unboost|p1a: Gholdengo|spa|1
|move|p2a: Dondozo|Earthquake|p1a: Gholdengo|[spread] p1a,p1b
|-miss|p2a: Dondozo|p2b: Tatsugiri
|-supereffective|p1a: Gholdengo
|-resisted|p1b: Ribombee
|-damage|p1a: Gholdengo|8/100
|-damage|p1b: Ribombee|59/100
|
|-heal|p2a: Dondozo|87/100|[from] item: Leftovers
|upkeep
|turn|2
|
|t:|1757703554
|move|p1b: Ribombee|Fake Tears|p2a: Dondozo
|-unboost|p2a: Dondozo|spd|2
|move|p1a: Gholdengo|Make It Rain|p2a: Dondozo|[spread] p2a
|-miss|p1a: Gholdengo|p2b: Tatsugiri
|-resisted|p2a: Dondozo
|-damage|p2a: Dondozo|44/100
|-unboost|p1a: Gholdengo|spa|1
|move|p2a: Dondozo|Wave Crash|p1b: Ribombee
|-damage|p1b: Ribombee|0 fnt
|faint|p1b: Ribombee
|-damage|p2a: Dondozo|33/100|[from] Recoil
|
|-heal|p2a: Dondozo|39/100|[from] item: Leftovers
|upkeep
|
|t:|1757703560
|switch|p1b: Dragonite|Dragonite, L50, F|100/100
|turn|3
|
|t:|1757703569
|move|p1a: Gholdengo|Make It Rain|p2a: Dondozo|[spread] p2a
|-miss|p1a: Gholdengo|p2b: Tatsugiri
|-resisted|p2a: Dondozo
|-damage|p2a: Dondozo|2/100
|-unboost|p1a: Gholdengo|spa|1
|move|p1b: Dragonite|Scale Shot|p2a: Dondozo
|-damage|p2a: Dondozo|0 fnt
|faint|p2a: Dondozo
|-hitcount|p2: Dondozo|1
|-unboost|p1b: Dragonite|def|1
|-boost|p1b: Dragonite|spe|1
|
|upkeep
|
|t:|1757703573
|switch|p2a: Gholdengo|Gholdengo, L50|100/100
|turn|4
|
|t:|1757703590
|-terastallize|p2a: Gholdengo|Steel
|move|p1b: Dragonite|Protect|p1b: Dragonite
|-singleturn|p1b: Dragonite|Protect
|move|p2b: Tatsugiri|Protect|p2b: Tatsugiri
|-singleturn|p2b: Tatsugiri|Protect
|move|p1a: Gholdengo|Make It Rain|p2a: Gholdengo|[spread] p2a
|-activate|p2b: Tatsugiri|move: Protect
|-resisted|p2a: Gholdengo
|-damage|p2a: Gholdengo|85/100
|-unboost|p1a: Gholdengo|spa|1
|move|p2a: Gholdengo|Make It Rain|p1b: Dragonite|[spread] p1a
|-activate|p1b: Dragonite|move: Protect
|-resisted|p1a: Gholdengo
|-damage|p1a: Gholdengo|0 fnt
|-unboost|p2a: Gholdengo|spa|1
|faint|p1a: Gholdengo
|
|-sideend|p1: noelle holiday vgc|move: Tailwind
|upkeep
|
|t:|1757703591
|switch|p1a: Ursaluna|Ursaluna-Bloodmoon, L50, M|100/100
|turn|5
|
|t:|1757703598
|-terastallize|p1a: Ursaluna|Water
|move|p1b: Dragonite|Scale Shot|p2b: Tatsugiri
|-supereffective|p2b: Tatsugiri
|-damage|p2b: Tatsugiri|46/100
|-supereffective|p2b: Tatsugiri
|-damage|p2b: Tatsugiri|0 fnt
|faint|p2b: Tatsugiri
|-hitcount|p2: Tatsugiri|2
|-unboost|p1b: Dragonite|def|1
|-boost|p1b: Dragonite|spe|1
|move|p2a: Gholdengo|Make It Rain|p1a: Ursaluna|[spread] p1a,p1b
|-resisted|p1a: Ursaluna
|-damage|p1a: Ursaluna|71/100
|-damage|p1b: Dragonite|67/100
|-unboost|p2a: Gholdengo|spa|1
|move|p1a: Ursaluna|Earth Power|p2a: Gholdengo
|-supereffective|p2a: Gholdengo
|-damage|p2a: Gholdengo|0 fnt
|faint|p2a: Gholdengo
|
|upkeep
|l|☆panqueca25
|inactive|panqueca25 disconnected and has a minute to reconnect!
|player|p2|
|j|☆panqueca25
|inactive|panqueca25 reconnected and has 40 seconds left.
|player|p2|panqueca25|102|
|
|t:|1757703619
|switch|p2b: Clefable|Clefable, L50, F|100/100
|turn|6
|
|t:|1757703628
|move|p1b: Dragonite|Ice Spinner|p2b: Clefable
|-damage|p2b: Clefable|73/100
|-damage|p1b: Dragonite|51/100|[from] item: Rocky Helmet|[of] p2b: Clefable
|move|p1a: Ursaluna|Blood Moon|p2b: Clefable
|-damage|p2b: Clefable|2/100
|move|p2b: Clefable|Moonblast|p1b: Dragonite
|-supereffective|p1b: Dragonite
|-damage|p1b: Dragonite|0 fnt
|faint|p1b: Dragonite
|
|upkeep
|turn|7
|inactive|panqueca25 has 30 seconds left.
|
|t:|1757703654
|move|p1a: Ursaluna|Hyper Voice|p2b: Clefable
|-damage|p2b: Clefable|0 fnt
|faint|p2b: Clefable
|
|win|noelle holiday vgc
|raw|noelle holiday vgc's rating: 1266 → 1293(+27 for winning)
|raw|panqueca25's rating: 1296 → 1269(-27 for losing)
