|j|☆Kylliza
|j|☆martharia
|html|Kyllizamartharia    
|uhtml|bestof|Game 2 of a best-of-3
|t:|1782334162
|gametype|doubles
|player|p1|Kylliza|265|1061
|player|p2|martharia|1|1152
|gen|9
|tier|[Gen 9 Champions] VGC 2026 Reg M-B (Bo3)
|rated|
|rule|Species Clause: Limit one of each Pokémon
|rule|Item Clause: Limit 1 of each item
|clearpoke
|poke|p1|Blaziken, L50, F|
|poke|p1|Whimsicott, L50, F|
|poke|p1|Incineroar, L50, F|
|poke|p1|Sylveon, L50, M|
|poke|p1|Basculegion, L50, M|
|poke|p1|Froslass, L50, F|
|poke|p2|Delphox, L50, F, shiny|
|poke|p2|Meowscarada, L50, F|
|poke|p2|Quaquaval, L50, F|
|poke|p2|Zoroark-Hisui, L50, F, shiny|
|poke|p2|Talonflame, L50, F|
|poke|p2|Mawile, L50, F, shiny|
|teampreview|4
|showteam|p1|Blaziken||Blazikenite|SpeedBoost|FlareBlitz,CloseCombat,RockSlide,Protect|Adamant||F|||50|]Whimsicott||FocusSash|Prankster|Moonblast,Tailwind,Encore,Protect|Timid||F|||50|]Incineroar||SitrusBerry|Intimidate|FakeOut,FlareBlitz,ThroatChop,PartingShot|Careful||F|||50|]Sylveon||FairyFeather|Pixilate|HyperVoice,HyperBeam,QuickAttack,Protect|Modest||M|||50|]Basculegion||ChoiceScarf|Adaptability|WaveCrash,LastRespects,AquaJet,FlipTurn|Jolly||M|||50|]Froslass||Froslassite|CursedBody|Blizzard,ShadowBall,AuroraVeil,Protect|Timid||F|||50|
|showteam|p2|Delphox||Delphoxite|Blaze|HeatWave,Psyshock,CalmMind,Protect|Modest||F|||50|]Meowscarada||ExpertBelt|Protean|FlowerTrick,ThroatChop,ThunderPunch,Protect|Adamant||F|||50|]Quaquaval||LifeOrb|Moxie|AquaStep,CloseCombat,AquaJet,Protect|Jolly||F|||50|]Zoroark-Hisui||FocusSash|Illusion|BitterMalice,IcyWind,Taunt,Protect|Timid||F|||50|]Talonflame||ChartiBerry|GaleWings|BraveBird,Tailwind,WillOWisp,QuickGuard|Jolly||F|||50|]Mawile||Mawilite|HyperCutter|IronHead,PlayRough,SuckerPunch,Protect|Adamant||F|||50|
|inactive|Battle timer is ON: inactive players will automatically lose when time's up. (requested by Kylliza)
|
|t:|1782334207
|teamsize|p1|4
|teamsize|p2|4
|start
|switch|p1a: Incineroar|Incineroar, L50, F|100/100
|switch|p1b: Whimsicott|Whimsicott, L50, F|100/100
|switch|p2a: Talonflame|Talonflame, L50, F|100/100
|switch|p2b: Delphox|Delphox, L50, F, shiny|100/100
|-ability|p1a: Incineroar|Intimidate|boost
|-unboost|p2a: Talonflame|atk|1
|-unboost|p2b: Delphox|atk|1
|turn|1
|
|t:|1782334228
|detailschange|p2b: Delphox|Delphox-Mega, L50, F, shiny
|-mega|p2b: Delphox|Delphox|Delphoxite
|move|p1b: Whimsicott|Tailwind|p1b: Whimsicott
|-sidestart|p1: Kylliza|move: Tailwind
|move|p2b: Delphox|Heat Wave|p1b: Whimsicott|[spread] p1a,p1b
|-resisted|p1a: Incineroar|1
|-crit|p1a: Incineroar
|-supereffective|p1b: Whimsicott|1
|-damage|p1a: Incineroar|75/100
|-enditem|p1b: Whimsicott|Focus Sash
|-damage|p1b: Whimsicott|1/100
|move|p2a: Talonflame|Taunt|p1b: Whimsicott
|-start|p1b: Whimsicott|move: Taunt
|move|p1a: Incineroar|Throat Chop|p2b: Delphox
|-supereffective|p2b: Delphox|1
|-damage|p2b: Delphox|22/100
|-start|p2b: Delphox|Throat Chop|[silent]
|
|upkeep
|turn|2
|inactive|Kylliza has 30 seconds left.
|inactive|martharia has 30 seconds left.
|
|t:|1782334255
|switch|p1b: Basculegion|Basculegion, L50, M|100/100
|switch|p2b: Meowscarada|Meowscarada, L50, F|100/100
|move|p2a: Talonflame|Bitter Malice|p1a: Incineroar
|-resisted|p1a: Incineroar|1
|-damage|p1a: Incineroar|58/100
|-unboost|p1a: Incineroar|atk|1
|move|p1a: Incineroar|Throat Chop|p2a: Talonflame
|-supereffective|p2a: Talonflame|1
|-damage|p2a: Talonflame|23/100
|-start|p2a: Talonflame|Throat Chop|[silent]
|replace|p2a: Zoroark|Zoroark-Hisui, L50, F, shiny
|-end|p2a: Zoroark|Illusion
|
|upkeep
|turn|3
|inactive|Kylliza has 30 seconds left.
|inactive|Kylliza has 20 seconds left.
|
|t:|1782334293
|move|p2a: Zoroark|Protect|p2a: Zoroark
|-singleturn|p2a: Zoroark|Protect
|move|p1b: Basculegion|Flip Turn|p2a: Zoroark
|-activate|p2a: Zoroark|move: Protect
|move|p2b: Meowscarada|Flower Trick|p1b: Basculegion
|-start|p2b: Meowscarada|typechange|Grass|[from] ability: Protean
|-supereffective|p1b: Basculegion|1
|-crit|p1b: Basculegion
|-damage|p1b: Basculegion|0 fnt
|faint|p1b: Basculegion
|move|p1a: Incineroar|Flare Blitz|p2b: Meowscarada
|-supereffective|p2b: Meowscarada|1
|-damage|p2b: Meowscarada|0 fnt
|faint|p2b: Meowscarada
|-damage|p1a: Incineroar|33/100|[from] Recoil
|-enditem|p1a: Incineroar|Sitrus Berry|[eat]
|-heal|p1a: Incineroar|58/100|[from] item: Sitrus Berry
|
|-end|p2a: Zoroark|Throat Chop|[silent]
|upkeep
|
|t:|1782334309
|switch|p2b: Talonflame|Talonflame, L50, F|100/100
|switch|p1b: Whimsicott|Whimsicott, L50, F|1/100
|turn|4
|inactive|Kylliza has 30 seconds left.
|
|t:|1782334341
|move|p1b: Whimsicott|Tailwind||[still]
|-fail|p1b: Whimsicott
|move|p2b: Talonflame|Brave Bird|p1b: Whimsicott
|-supereffective|p1b: Whimsicott|1
|-damage|p1b: Whimsicott|0 fnt
|faint|p1b: Whimsicott
|-damage|p2b: Talonflame|99/100|[from] Recoil
|move|p2a: Zoroark|Bitter Malice|p1a: Incineroar
|-resisted|p1a: Incineroar|1
|-damage|p1a: Incineroar|44/100
|-unboost|p1a: Incineroar|atk|1
|move|p1a: Incineroar|Throat Chop|p2a: Zoroark
|-supereffective|p2a: Zoroark|1
|-damage|p2a: Zoroark|0 fnt
|faint|p2a: Zoroark
|
|-sideend|p1: Kylliza|move: Tailwind
|upkeep
|
|t:|1782334357
|switch|p2a: Delphox|Delphox-Mega, L50, F, shiny|22/100
|switch|p1b: Blaziken|Blaziken, L50, F|100/100
|turn|5
|
|t:|1782334370
|detailschange|p1b: Blaziken|Blaziken-Mega, L50, F
|-mega|p1b: Blaziken|Blaziken|Blazikenite
|move|p2a: Delphox|Protect|p2a: Delphox
|-singleturn|p2a: Delphox|Protect
|move|p2b: Talonflame|Tailwind|p2b: Talonflame
|-sidestart|p2: martharia|move: Tailwind
|move|p1b: Blaziken|Rock Slide|p2a: Delphox|[spread] p2b
|-activate|p2a: Delphox|move: Protect
|-supereffective|p2b: Talonflame|2
|-enditem|p2b: Talonflame|Charti Berry|[eat]
|-enditem|p2b: Talonflame|Charti Berry|[weaken]
|-damage|p2b: Talonflame|37/100
|move|p1a: Incineroar|Throat Chop|p2a: Delphox
|-activate|p2a: Delphox|move: Protect
|
|-ability|p1b: Blaziken|Speed Boost|boost
|-boost|p1b: Blaziken|spe|1
|upkeep
|turn|6
|
|t:|1782334392
|move|p2b: Talonflame|Brave Bird|p1a: Incineroar
|-damage|p1a: Incineroar|15/100
|-damage|p2b: Talonflame|25/100|[from] Recoil
|move|p2a: Delphox|Heat Wave|p1a: Incineroar|[spread] p1a,p1b
|-resisted|p1a: Incineroar|1
|-resisted|p1b: Blaziken|1
|-damage|p1a: Incineroar|1/100
|-damage|p1b: Blaziken|72/100
|move|p1b: Blaziken|Rock Slide|p2a: Delphox|[spread] p2a,p2b
|-supereffective|p2a: Delphox|1
|-supereffective|p2b: Talonflame|2
|-damage|p2a: Delphox|0 fnt
|-damage|p2b: Talonflame|0 fnt
|faint|p2a: Delphox
|faint|p2b: Talonflame
|
|win|Kylliza
|raw|Kylliza's rating: 1061 → 1100(+39 for winning)
|raw|martharia's rating: 1152 → 1121(-31 for losing)
