|j|☆jomivgc
|j|☆johx123
|html|jomivgcjohx123    
|uhtml|bestof|Game 1 of a best-of-3
|t:|1783694518
|gametype|doubles
|player|p1|jomivgc|falkner-gen2|1193
|player|p2|johx123|2|1178
|gen|9
|tier|[Gen 9 Champions] VGC 2026 Reg M-B (Bo3)
|rated|
|rule|Species Clause: Limit one of each Pokémon
|rule|Item Clause: Limit 1 of each item
|clearpoke
|poke|p1|Umbreon, L50, M, shiny|
|poke|p1|Garchomp, L50, F|
|poke|p1|Pelipper, L50, F|
|poke|p1|Swampert, L50, F|
|poke|p1|Archaludon, L50, F|
|poke|p1|Incineroar, L50, M|
|poke|p2|Gardevoir, L50, F|
|poke|p2|Farigiraf, L50, M|
|poke|p2|Torkoal, L50, M|
|poke|p2|Incineroar, L50, M|
|poke|p2|Grimmsnarl, L50, M|
|poke|p2|Gallade, L50, M|
|teampreview|4
|showteam|p1|Umbreon||SitrusBerry|InnerFocus|Snarl,Swagger,FoulPlay,Moonlight|Calm||M|||50|]Garchomp||LifeOrb|RoughSkin|DragonClaw,RockSlide,Earthquake,Protect|Jolly||F|||50|]Pelipper||FocusSash|Drizzle|Hurricane,WeatherBall,Tailwind,WideGuard|Modest||F|||50|]Swampert||Swampertite|Torrent|Protect,WaveCrash,Earthquake,IcePunch|Adamant||F|||50|]Archaludon||Leftovers|Stamina|ElectroShot,FlashCannon,DracoMeteor,Protect|Modest||F|||50|]Incineroar||PasshoBerry|Intimidate|FakeOut,PartingShot,FlareBlitz,ThroatChop|Adamant||M|||50|
|showteam|p2|Gardevoir||Gardevoirite|Synchronize|HyperVoice,Psychic,TrickRoom,Protect|Quiet||F|||50|]Farigiraf||ColburBerry|ArmorTail|TwinBeam,TrickRoom,Protect,HelpingHand|Relaxed||M|||50|]Torkoal||Charcoal|Drought|Eruption,Protect,Flamethrower,EarthPower|Quiet||M|||50|]Incineroar||SitrusBerry|Intimidate|FakeOut,FlareBlitz,PartingShot,ThroatChop|Sassy||M|||50|]Grimmsnarl||LightClay|Prankster|Taunt,LightScreen,Reflect,FakeOut|Impish||M|||50|]Gallade||LumBerry|Sharpness|SacredSword,PsychoCut,TrickRoom,Taunt|Brave||M|||50|
|inactive|Battle timer is ON: inactive players will automatically lose when time's up. (requested by jomivgc)
|inactive|jomivgc has 60 seconds left.
|
|t:|1783694549
|teamsize|p1|4
|teamsize|p2|4
|start
|switch|p1a: Umbreon|Umbreon, L50, M, shiny|100/100
|switch|p1b: Swampert|Swampert, L50, F|100/100
|switch|p2a: Farigiraf|Farigiraf, L50, M|100/100
|switch|p2b: Incineroar|Incineroar, L50, M|100/100
|-ability|p2b: Incineroar|Intimidate|boost
|-fail|p1a: Umbreon|unboost|Attack|[from] ability: Inner Focus|[of] p1a: Umbreon
|-unboost|p1b: Swampert|atk|1
|turn|1
|inactive|jomivgc has 30 seconds left.
|
|t:|1783694574
|detailschange|p1b: Swampert|Swampert-Mega, L50, F
|-mega|p1b: Swampert|Swampert|Swampertite
|move|p1b: Swampert|Protect|p1b: Swampert
|-singleturn|p1b: Swampert|Protect
|move|p1a: Umbreon|Swagger|p2a: Farigiraf
|-boost|p2a: Farigiraf|atk|2
|-start|p2a: Farigiraf|confusion
|move|p2b: Incineroar|Parting Shot|p1b: Swampert
|-activate|p1b: Swampert|move: Protect
|-activate|p2a: Farigiraf|confusion
|move|p2a: Farigiraf|Trick Room|p2a: Farigiraf
|-fieldstart|move: Trick Room|[of] p2a: Farigiraf
|
|upkeep
|turn|2
|inactive|jomivgc has 30 seconds left.
|
|t:|1783694602
|-activate|p2a: Farigiraf|confusion
|move|p2a: Farigiraf|Twin Beam|p1b: Swampert
|-damage|p1b: Swampert|85/100
|-damage|p1b: Swampert|71/100
|-hitcount|p1b: Swampert|2
|move|p2b: Incineroar|Parting Shot|p1b: Swampert
|-unboost|p1b: Swampert|atk|1
|-unboost|p1b: Swampert|spa|1
|
|t:|1783694609
|switch|p2b: Gardevoir|Gardevoir, L50, F|100/100|[from] Parting Shot
|move|p1a: Umbreon|Snarl|p2a: Farigiraf|[spread] p2a,p2b
|-supereffective|p2a: Farigiraf|1
|-enditem|p2a: Farigiraf|Colbur Berry|[eat]
|-enditem|p2a: Farigiraf|Colbur Berry|[weaken]
|-damage|p2a: Farigiraf|90/100
|-damage|p2b: Gardevoir|90/100
|-unboost|p2a: Farigiraf|spa|1
|-unboost|p2b: Gardevoir|spa|1
|move|p1b: Swampert|Wave Crash|p2b: Gardevoir
|-damage|p2b: Gardevoir|37/100
|-damage|p1b: Swampert|54/100|[from] Recoil
|
|upkeep
|turn|3
|inactive|jomivgc has 30 seconds left.
|inactive|jomivgc has 20 seconds left.
|
|t:|1783694644
|switch|p1b: Incineroar|Incineroar, L50, M|100/100
|-ability|p1b: Incineroar|Intimidate|boost
|-unboost|p2a: Farigiraf|atk|1
|-unboost|p2b: Gardevoir|atk|1
|detailschange|p2b: Gardevoir|Gardevoir-Mega, L50, F
|-mega|p2b: Gardevoir|Gardevoir|Gardevoirite
|-activate|p2a: Farigiraf|confusion
|move|p2a: Farigiraf|Helping Hand|p2b: Gardevoir
|-singleturn|p2b: Gardevoir|Helping Hand|[of] p2a: Farigiraf
|move|p1a: Umbreon|Snarl|p2a: Farigiraf|[spread] p2a,p2b
|-supereffective|p2a: Farigiraf|1
|-damage|p2a: Farigiraf|70/100
|-damage|p2b: Gardevoir|30/100
|-unboost|p2a: Farigiraf|spa|1
|-unboost|p2b: Gardevoir|spa|1
|move|p2b: Gardevoir|Hyper Voice|p1b: Incineroar|[spread] p1a,p1b
|-supereffective|p1a: Umbreon|1
|-damage|p1a: Umbreon|46/100
|-damage|p1b: Incineroar|63/100
|-enditem|p1a: Umbreon|Sitrus Berry|[eat]
|-heal|p1a: Umbreon|71/100|[from] item: Sitrus Berry
|
|upkeep
|turn|4
|inactive|jomivgc has 30 seconds left.
|
|t:|1783694672
|-end|p2a: Farigiraf|confusion
|move|p2a: Farigiraf|Helping Hand|p2b: Gardevoir
|-singleturn|p2b: Gardevoir|Helping Hand|[of] p2a: Farigiraf
|move|p1b: Incineroar|Parting Shot|p2b: Gardevoir
|-unboost|p2b: Gardevoir|atk|1
|-unboost|p2b: Gardevoir|spa|1
|
|t:|1783694680
|switch|p1b: Swampert|Swampert-Mega, L50, F|54/100|[from] Parting Shot
|move|p1a: Umbreon|Snarl|p2a: Farigiraf|[spread] p2a,p2b
|-supereffective|p2a: Farigiraf|1
|-damage|p2a: Farigiraf|49/100
|-damage|p2b: Gardevoir|24/100
|-unboost|p2a: Farigiraf|spa|1
|-unboost|p2b: Gardevoir|spa|1
|move|p2b: Gardevoir|Hyper Voice|p1b: Swampert|[spread] p1a,p1b
|-supereffective|p1a: Umbreon|1
|-damage|p1a: Umbreon|40/100
|-damage|p1b: Swampert|27/100
|
|upkeep
|turn|5
|
|t:|1783694699
|move|p2a: Farigiraf|Protect|p2a: Farigiraf
|-singleturn|p2a: Farigiraf|Protect
|move|p1a: Umbreon|Moonlight|p1a: Umbreon
|-heal|p1a: Umbreon|90/100
|move|p2b: Gardevoir|Hyper Voice|p1a: Umbreon|[spread] p1a,p1b
|-supereffective|p1a: Umbreon|1
|-damage|p1a: Umbreon|66/100
|-damage|p1b: Swampert|10/100
|move|p1b: Swampert|Earthquake|p2a: Farigiraf|[spread] p1a,p2b
|-activate|p2a: Farigiraf|move: Protect
|-damage|p1a: Umbreon|33/100
|-damage|p2b: Gardevoir|0 fnt
|faint|p2b: Gardevoir
|
|-fieldend|move: Trick Room
|upkeep
|
|t:|1783694706
|switch|p2b: Incineroar|Incineroar, L50, M|100/100
|-ability|p2b: Incineroar|Intimidate|boost
|-fail|p1a: Umbreon|unboost|Attack|[from] ability: Inner Focus|[of] p1a: Umbreon
|-unboost|p1b: Swampert|atk|1
|turn|6
|
|t:|1783694722
|move|p1b: Swampert|Protect|p1b: Swampert
|-singleturn|p1b: Swampert|Protect
|move|p1a: Umbreon|Foul Play|p2a: Farigiraf
|-supereffective|p2a: Farigiraf|1
|-damage|p2a: Farigiraf|0 fnt
|faint|p2a: Farigiraf
|move|p2b: Incineroar|Parting Shot|p1a: Umbreon
|-unboost|p1a: Umbreon|atk|1
|-unboost|p1a: Umbreon|spa|1
|
|t:|1783694727
|switch|p2b: Torkoal|Torkoal, L50, M|100/100|[from] Parting Shot
|-weather|SunnyDay|[from] ability: Drought|[of] p2b: Torkoal
|
|-weather|SunnyDay|[upkeep]
|upkeep
|
|t:|1783694729
|switch|p2a: Incineroar|Incineroar, L50, M|100/100
|-ability|p2a: Incineroar|Intimidate|boost
|-fail|p1a: Umbreon|unboost|Attack|[from] ability: Inner Focus|[of] p1a: Umbreon
|-unboost|p1b: Swampert|atk|1
|turn|7
|
|t:|1783694746
|switch|p1b: Pelipper|Pelipper, L50, F|100/100
|-weather|RainDance|[from] ability: Drizzle|[of] p1b: Pelipper
|move|p2a: Incineroar|Fake Out|p1a: Umbreon
|-damage|p1a: Umbreon|26/100
|move|p1a: Umbreon|Snarl|p2a: Incineroar|[spread] p2a,p2b
|-resisted|p2a: Incineroar|1
|-damage|p2a: Incineroar|98/100
|-damage|p2b: Torkoal|91/100
|-unboost|p2a: Incineroar|spa|1
|-unboost|p2b: Torkoal|spa|1
|move|p2b: Torkoal|Eruption|p1a: Umbreon|[spread] p1a,p1b
|-resisted|p1b: Pelipper|1
|-damage|p1a: Umbreon|15/100
|-damage|p1b: Pelipper|86/100
|
|-weather|RainDance|[upkeep]
|upkeep
|turn|8
|-message|johx123 forfeited.
|
|win|jomivgc
|l|☆johx123
|player|p2|
|raw|jomivgc's rating: 1193 → 1217(+24 for winning)
|raw|johx123's rating: 1178 → 1154(-24 for losing)
