|j|☆chawieeee
|j|☆enrico20022002
|html|chawieeeeenrico20022002    
|uhtml|bestof|Game 1 of a best-of-3
|t:|1757921238
|gametype|doubles
|player|p1|chawieeee|169|1155
|player|p2|enrico20022002|266|1314
|gen|9
|tier|[Gen 9] VGC 2025 Reg H (Bo3)
|rated|
|rule|Species Clause: Limit one of each Pokémon
|rule|Item Clause: Limit 1 of each item
|clearpoke
|poke|p1|Tinkaton, L50, F|
|poke|p1|Ursaluna-Bloodmoon, L50, M|
|poke|p1|Incineroar, L50, F|
|poke|p1|Politoed, L50, M|
|poke|p1|Beartic, L50, M|
|poke|p1|Kilowattrel, L50, M|
|poke|p2|Incineroar, L50, F|
|poke|p2|Rillaboom, L50, F|
|poke|p2|Kingambit, L50, F|
|poke|p2|Dragonite, L50, F|
|poke|p2|Ninetales-Alola, L50, M|
|poke|p2|Ursaluna-Bloodmoon, L50, M|
|teampreview|4
|showteam|p1|Tinkaton||WideLens|MoldBreaker|FakeOut,ThunderWave,Encore,PlayRough|||F|||50|,,,,,Grass]Ursaluna-Bloodmoon||LifeOrb|MindsEye|BloodMoon,EarthPower,HyperVoice,Protect|||M|||50|,,,,,Ghost]Incineroar||SafetyGoggles|Intimidate|FakeOut,Uturn,KnockOff,Taunt|||F|||50|,,,,,Bug]Politoed||AssaultVest|Drizzle|MuddyWater,WeatherBall,IcyWind,IceBeam|||M|||50|,,,,,Grass]Beartic||LoadedDice|SwiftSwim|IcicleSpear,ThroatChop,Liquidation,Protect|||M|||50|,,,,,Water]Kilowattrel||FocusSash|Competitive|Tailwind,VoltSwitch,Hurricane,Protect|||M|||50|,,,,,Ghost
|showteam|p2|Incineroar||SitrusBerry|Intimidate|FakeOut,FlareBlitz,KnockOff,Protect|||F|||50|,,,,,Ghost]Rillaboom||AssaultVest|GrassySurge|FakeOut,HighHorsepower,GrassyGlide,WoodHammer|||F|||50|,,,,,Fire]Kingambit||BlackGlasses|Defiant|KowtowCleave,SuckerPunch,SwordsDance,Protect|||F|||50|,,,,,Dark]Dragonite||LoadedDice|Multiscale|ScaleShot,Haze,Tailwind,Protect|||F|||50|,,,,,Fairy]Ninetales-Alola||FocusSash|SnowWarning|Blizzard,IcyWind,Protect,Encore|||M|||50|,,,,,Ghost]Ursaluna-Bloodmoon||LifeOrb|MindsEye|BloodMoon,HyperVoice,EarthPower,Protect|||M|||50|,,,,,Normal
|inactive|Battle timer is ON: inactive players will automatically lose when time's up. (requested by chawieeee)
|inactive|enrico20022002 also wants the timer to be on.
|inactive|enrico20022002 has 60 seconds left.
|
|t:|1757921275
|teamsize|p1|4
|teamsize|p2|4
|start
|switch|p1a: Tinkaton|Tinkaton, L50, F|100/100
|switch|p1b: Beartic|Beartic, L50, M|100/100
|switch|p2a: Ursaluna|Ursaluna-Bloodmoon, L50, M|100/100
|switch|p2b: Dragonite|Dragonite, L50, F|100/100
|-ability|p1a: Tinkaton|Mold Breaker
|turn|1
|inactive|chawieeee has 30 seconds left.
|
|t:|1757921306
|switch|p1a: Politoed|Politoed, L50, M|100/100
|-weather|RainDance|[from] ability: Drizzle|[of] p1a: Politoed
|switch|p2b: Ninetales|Ninetales-Alola, L50, M|100/100
|-weather|Snowscape|[from] ability: Snow Warning|[of] p2b: Ninetales
|move|p2a: Ursaluna|Protect|p2a: Ursaluna
|-singleturn|p2a: Ursaluna|Protect
|move|p1b: Beartic|Icicle Spear|p2b: Ninetales
|-resisted|p2b: Ninetales
|-damage|p2b: Ninetales|95/100
|-resisted|p2b: Ninetales
|-damage|p2b: Ninetales|91/100
|-resisted|p2b: Ninetales
|-crit|p2b: Ninetales
|-damage|p2b: Ninetales|83/100
|-resisted|p2b: Ninetales
|-damage|p2b: Ninetales|78/100
|-resisted|p2b: Ninetales
|-damage|p2b: Ninetales|73/100
|-hitcount|p2b: Ninetales|5
|
|-weather|Snowscape|[upkeep]
|upkeep
|turn|2
|inactive|chawieeee has 30 seconds left.
|inactive|enrico20022002 has 30 seconds left.
|
|t:|1757921336
|switch|p1a: Tinkaton|Tinkaton, L50, F|100/100
|-ability|p1a: Tinkaton|Mold Breaker
|-terastallize|p2a: Ursaluna|Normal
|move|p2b: Ninetales|Icy Wind|p1b: Beartic|[spread] p1a,p1b
|-resisted|p1a: Tinkaton
|-resisted|p1b: Beartic
|-damage|p1a: Tinkaton|96/100
|-damage|p1b: Beartic|93/100
|-unboost|p1a: Tinkaton|spe|1
|-unboost|p1b: Beartic|spe|1
|move|p2a: Ursaluna|Blood Moon|p1a: Tinkaton
|-resisted|p1a: Tinkaton
|-damage|p1a: Tinkaton|31/100
|-damage|p2a: Ursaluna|91/100|[from] item: Life Orb
|move|p1b: Beartic|Icicle Spear|p2a: Ursaluna
|-damage|p2a: Ursaluna|80/100
|-damage|p2a: Ursaluna|71/100
|-damage|p2a: Ursaluna|61/100
|-damage|p2a: Ursaluna|49/100
|-damage|p2a: Ursaluna|40/100
|-hitcount|p2a: Ursaluna|5
|
|-weather|Snowscape|[upkeep]
|upkeep
|turn|3
|inactive|chawieeee has 30 seconds left.
|inactive|chawieeee has 20 seconds left.
|
|t:|1757921371
|switch|p2b: Kingambit|Kingambit, L50, F|100/100
|switch|p1a: Politoed|Politoed, L50, M|100/100
|-weather|RainDance|[from] ability: Drizzle|[of] p1a: Politoed
|move|p2a: Ursaluna|Protect|p2a: Ursaluna
|-singleturn|p2a: Ursaluna|Protect
|move|p1b: Beartic|Liquidation|p2b: Kingambit
|-damage|p2b: Kingambit|69/100
|-unboost|p2b: Kingambit|def|1
|-ability|p2b: Kingambit|Defiant|boost
|-boost|p2b: Kingambit|atk|2
|
|-weather|RainDance|[upkeep]
|upkeep
|turn|4
|inactive|chawieeee has 30 seconds left.
|
|t:|1757921403
|switch|p1b: Ursaluna|Ursaluna-Bloodmoon, L50, M|100/100
|switch|p2a: Ninetales|Ninetales-Alola, L50, M|73/100
|-weather|Snowscape|[from] ability: Snow Warning|[of] p2a: Ninetales
|move|p2b: Kingambit|Sucker Punch||[still]
|-fail|p2b: Kingambit
|move|p1a: Politoed|Weather Ball|p2a: Ninetales
|-resisted|p2a: Ninetales
|-damage|p2a: Ninetales|60/100
|
|-weather|Snowscape|[upkeep]
|upkeep
|turn|5
|inactive|chawieeee has 30 seconds left.
|inactive|enrico20022002 has 30 seconds left.
|
|t:|1757921437
|switch|p1a: Tinkaton|Tinkaton, L50, F|31/100
|-ability|p1a: Tinkaton|Mold Breaker
|move|p1b: Ursaluna|Protect|p1b: Ursaluna
|-singleturn|p1b: Ursaluna|Protect
|move|p2a: Ninetales|Blizzard|p1a: Tinkaton|[spread] p1a
|-activate|p1b: Ursaluna|move: Protect
|-resisted|p1a: Tinkaton
|-damage|p1a: Tinkaton|20/100
|move|p2b: Kingambit|Kowtow Cleave|p1b: Ursaluna
|-activate|p1b: Ursaluna|move: Protect
|
|-weather|Snowscape|[upkeep]
|upkeep
|turn|6
|inactive|chawieeee has 30 seconds left.
|inactive|enrico20022002 has 30 seconds left.
|inactive|chawieeee has 20 seconds left.
|inactive|chawieeee has 15 seconds left.
|
|t:|1757921479
|switch|p1b: Politoed|Politoed, L50, M|100/100
|-weather|RainDance|[from] ability: Drizzle|[of] p1b: Politoed
|move|p2a: Ninetales|Protect|p2a: Ninetales
|-singleturn|p2a: Ninetales|Protect
|move|p2b: Kingambit|Protect|p2b: Kingambit
|-singleturn|p2b: Kingambit|Protect
|move|p1a: Tinkaton|Fake Out|p2b: Kingambit
|-activate|p2b: Kingambit|move: Protect
|
|-weather|RainDance|[upkeep]
|upkeep
|turn|7
|inactive|chawieeee has 30 seconds left.
|inactive|enrico20022002 has 30 seconds left.
|
|t:|1757921512
|switch|p1a: Ursaluna|Ursaluna-Bloodmoon, L50, M|100/100
|move|p2b: Kingambit|Sucker Punch||[still]
|-fail|p2b: Kingambit
|move|p2a: Ninetales|Icy Wind|p1b: Politoed|[spread] p1a,p1b
|-supereffective|p1a: Ursaluna
|-resisted|p1b: Politoed
|-damage|p1a: Ursaluna|71/100
|-damage|p1b: Politoed|97/100
|-unboost|p1a: Ursaluna|spe|1
|-unboost|p1b: Politoed|spe|1
|move|p1b: Politoed|Weather Ball|p2a: Ninetales
|-damage|p2a: Ninetales|8/100
|
|-weather|RainDance|[upkeep]
|upkeep
|turn|8
|inactive|chawieeee has 30 seconds left.
|
|t:|1757921538
|switch|p2a: Dragonite|Dragonite, L50, F|100/100
|move|p2b: Kingambit|Protect|p2b: Kingambit
|-singleturn|p2b: Kingambit|Protect
|move|p1a: Ursaluna|Protect|p1a: Ursaluna
|-singleturn|p1a: Ursaluna|Protect
|move|p1b: Politoed|Muddy Water|p2a: Dragonite|[spread] 
|-activate|p2b: Kingambit|move: Protect
|-miss|p1b: Politoed|p2a: Dragonite
|
|-weather|RainDance|[upkeep]
|upkeep
|turn|9
|
|t:|1757921561
|switch|p1b: Tinkaton|Tinkaton, L50, F|20/100
|-ability|p1b: Tinkaton|Mold Breaker
|move|p2a: Dragonite|Tailwind|p2a: Dragonite
|-sidestart|p2: enrico20022002|move: Tailwind
|move|p2b: Kingambit|Kowtow Cleave|p1a: Ursaluna
|-damage|p1a: Ursaluna|0 fnt
|faint|p1a: Ursaluna
|
|-weather|RainDance|[upkeep]
|upkeep
|
|t:|1757921577
|switch|p1a: Beartic|Beartic, L50, M|93/100
|turn|10
|
|t:|1757921583
|switch|p1b: Politoed|Politoed, L50, M|97/100
|-terastallize|p1a: Beartic|Water
|move|p2b: Kingambit|Protect|p2b: Kingambit
|-singleturn|p2b: Kingambit|Protect
|move|p2a: Dragonite|Scale Shot|p1a: Beartic
|-damage|p1a: Beartic|75/100
|-damage|p1a: Beartic|57/100
|-damage|p1a: Beartic|39/100
|-damage|p1a: Beartic|23/100
|-hitcount|p1a: Beartic|4
|-unboost|p2a: Dragonite|def|1
|-boost|p2a: Dragonite|spe|1
|move|p1a: Beartic|Liquidation|p2b: Kingambit
|-activate|p2b: Kingambit|move: Protect
|
|-weather|none
|upkeep
|turn|11
|-message|chawieeee forfeited.
|
|win|enrico20022002
|l|☆enrico20022002
|player|p2|
||enrico20022002 is ready for game 2.
||chawieeee is ready for game 2.
|uhtml|next|Next: Game 2 of 3
