|j|☆lucky777n
|j|☆Moonlight Flutter
|html|lucky777nMoonlight Flutter    
|uhtml|bestof|Game 2 of a best-of-3
|t:|1784214250
|gametype|doubles
|player|p1|lucky777n|boarder|
|player|p2|Moonlight Flutter|miku-flying|
|gen|9
|tier|[Gen 9 Champions] VGC 2026 Reg M-B (Bo3)
|rule|Species Clause: Limit one of each Pokémon
|rule|Item Clause: Limit 1 of each item
|clearpoke
|poke|p1|Gengar, L50, M|
|poke|p1|Incineroar, L50, F|
|poke|p1|Snorlax, L50, F|
|poke|p1|Ninetales-Alola, L50, M|
|poke|p1|Kingambit, L50, F|
|poke|p1|Sneasler, L50, F|
|poke|p2|Kingambit, L50, F|
|poke|p2|Charizard, L50, F|
|poke|p2|Aerodactyl, L50, M|
|poke|p2|Farigiraf, L50, F|
|poke|p2|Garchomp, L50, M|
|poke|p2|Sylveon, L50, M|
|teampreview|4
|showteam|p1|Gengar||Gengarite|CursedBody|ShadowBall,Disable,PerishSong,Protect|Timid||M|||50|]Incineroar||SitrusBerry|Intimidate|FakeOut,FlareBlitz,PartingShot,Protect|Relaxed||F|||50|]Snorlax||Leftovers|ThickFat|Fissure,Encore,Yawn,Protect|Relaxed||F|||50|]Ninetales-Alola||NeverMeltIce|SnowWarning|Blizzard,FreezeDry,Encore,Protect|Timid||M|||50|]Kingambit||BlackGlasses|Defiant|SuckerPunch,KowtowCleave,SwordsDance,Protect|Adamant||F|||50|]Sneasler||WhiteHerb|Unburden|FakeOut,CloseCombat,GunkShot,Protect|Jolly||F|||50|
|showteam|p2|Kingambit||FocusSash|Defiant|KowtowCleave,IronHead,SuckerPunch,LowKick|Adamant||F|||50|]Charizard||CharizarditeY|Blaze|HeatWave,SolarBeam,WeatherBall,Protect|Modest||F|||50|]Aerodactyl||Aerodactylite|Unnerve|RockSlide,DualWingbeat,IceFang,Tailwind|Jolly||M|||50|]Farigiraf||SitrusBerry|ArmorTail|Psychic,Thunderbolt,TrickRoom,Protect|Bold||F|||50|]Garchomp||LifeOrb|RoughSkin|Earthquake,DragonClaw,StompingTantrum,Protect|Jolly||M|||50|]Sylveon||FairyFeather|Pixilate|HyperVoice,HyperBeam,QuickAttack,Protect|Modest||M|||50|
|
|t:|1784214279
|teamsize|p1|4
|teamsize|p2|4
|start
|switch|p1a: Gengar|Gengar, L50, M|100/100
|switch|p1b: Snorlax|Snorlax, L50, F|100/100
|switch|p2a: Aerodactyl|Aerodactyl, L50, M|100/100
|switch|p2b: Garchomp|Garchomp, L50, M|100/100
|-ability|p2a: Aerodactyl|Unnerve
|turn|1
|
|t:|1784214294
|switch|p1b: Ninetales|Ninetales-Alola, L50, M|100/100
|-weather|Snowscape|[from] ability: Snow Warning|[of] p1b: Ninetales
|detailschange|p2a: Aerodactyl|Aerodactyl-Mega, L50, M
|-mega|p2a: Aerodactyl|Aerodactyl|Aerodactylite
|detailschange|p1a: Gengar|Gengar-Mega, L50, M
|-mega|p1a: Gengar|Gengar|Gengarite
|move|p1a: Gengar|Protect|p1a: Gengar
|-singleturn|p1a: Gengar|Protect
|move|p2a: Aerodactyl|Rock Slide|p1a: Gengar|[spread] p1b
|-activate|p1a: Gengar|move: Protect
|-supereffective|p1b: Ninetales|1
|-damage|p1b: Ninetales|52/100
|move|p2b: Garchomp|Earthquake|p1a: Gengar|[spread] p1b
|-activate|p1a: Gengar|move: Protect
|-immune|p2a: Aerodactyl
|-damage|p1b: Ninetales|9/100
|-damage|p2b: Garchomp|90/100|[from] item: Life Orb
|
|-weather|Snowscape|[upkeep]
|upkeep
|turn|2
|
|t:|1784214313
|move|p2a: Aerodactyl|Tailwind|p2a: Aerodactyl
|-sidestart|p2: Moonlight Flutter|move: Tailwind
|move|p2b: Garchomp|Earthquake|p1a: Gengar|[spread] p1a,p1b
|-immune|p2a: Aerodactyl
|-supereffective|p1a: Gengar|1
|-damage|p1a: Gengar|0 fnt
|-damage|p1b: Ninetales|0 fnt
|faint|p1a: Gengar
|faint|p1b: Ninetales
|-damage|p2b: Garchomp|80/100|[from] item: Life Orb
|
|-weather|Snowscape|[upkeep]
|upkeep
|
|t:|1784214319
|switch|p1a: Snorlax|Snorlax, L50, F|100/100
|switch|p1b: Sneasler|Sneasler, L50, F|100/100
|turn|3
|
|t:|1784214331
|move|p2a: Aerodactyl|Dual Wingbeat|p1b: Sneasler
|-supereffective|p1b: Sneasler|1
|-damage|p1b: Sneasler|45/100
|-supereffective|p1b: Sneasler|1
|-damage|p1b: Sneasler|0 fnt
|faint|p1b: Sneasler
|-hitcount|p1: Sneasler|2
|move|p2b: Garchomp|Earthquake|p1a: Snorlax|[spread] p1a
|-immune|p2a: Aerodactyl
|-damage|p1a: Snorlax|64/100
|-damage|p2b: Garchomp|70/100|[from] item: Life Orb
|move|p1a: Snorlax|Yawn|p2a: Aerodactyl
|-start|p2a: Aerodactyl|move: Yawn|[of] p1a: Snorlax
|
|-weather|Snowscape|[upkeep]
|-heal|p1a: Snorlax|70/100|[from] item: Leftovers
|upkeep
|turn|4
|
|t:|1784214340
|switch|p2a: Farigiraf|Farigiraf, L50, F|100/100
|move|p2b: Garchomp|Dragon Claw|p1a: Snorlax
|-damage|p1a: Snorlax|37/100
|-damage|p2b: Garchomp|61/100|[from] item: Life Orb
|move|p1a: Snorlax|Yawn|p2b: Garchomp
|-start|p2b: Garchomp|move: Yawn|[of] p1a: Snorlax
|
|-weather|Snowscape|[upkeep]
|-heal|p1a: Snorlax|43/100|[from] item: Leftovers
|upkeep
|turn|5
|
|t:|1784214346
|switch|p2b: Aerodactyl|Aerodactyl-Mega, L50, M|100/100
|move|p2a: Farigiraf|Psychic|p1a: Snorlax
|-damage|p1a: Snorlax|21/100
|move|p1a: Snorlax|Yawn|p2a: Farigiraf
|-start|p2a: Farigiraf|move: Yawn|[of] p1a: Snorlax
|
|-weather|none
|-heal|p1a: Snorlax|28/100|[from] item: Leftovers
|-sideend|p2: Moonlight Flutter|move: Tailwind
|upkeep
|turn|6
|
|t:|1784214354
|switch|p2a: Garchomp|Garchomp, L50, M|61/100
|move|p2b: Aerodactyl|Dual Wingbeat|p1a: Snorlax
|-damage|p1a: Snorlax|12/100
|-damage|p1a: Snorlax|0 fnt
|faint|p1a: Snorlax
|-hitcount|p1: Snorlax|2
|
|win|Moonlight Flutter
