|j|☆washingtongargacha
|j|☆legionvgc
|html|washingtongargachalegionvgc    
|uhtml|bestof|Game 2 of a best-of-3
|t:|1757727078
|gametype|doubles
|player|p1|washingtongargacha|101|1178
|player|p2|legionvgc|101|1243
|gen|9
|tier|[Gen 9] VGC 2025 Reg H (Bo3)
|rated|
|rule|Species Clause: Limit one of each Pokémon
|rule|Item Clause: Limit 1 of each item
|clearpoke
|poke|p1|Talonflame, L50, M|
|poke|p1|Gholdengo, L50|
|poke|p1|Dragonite, L50, F|
|poke|p1|Archaludon, L50, F|
|poke|p1|Tyranitar, L50, M|
|poke|p1|Garchomp, L50, M|
|poke|p2|Jumpluff, L50, M|
|poke|p2|Charizard, L50, M|
|poke|p2|Incineroar, L50, M|
|poke|p2|Ursaluna, L50, M|
|poke|p2|Porygon2, L50|
|poke|p2|Torkoal, L50, M|
|teampreview|4
|showteam|p1|Talonflame||CovertCloak|GaleWings|Tailwind,DualWingbeat,Taunt,FlareBlitz|||M|||50|,,,,,Stellar]Gholdengo||LifeOrb|GoodasGold|MakeItRain,NastyPlot,ShadowBall,Protect||||||50|,,,,,Steel]Dragonite||LoadedDice|Multiscale|ScaleShot,IceSpinner,Haze,Protect|||F|||50|,,,,,Steel]Archaludon||PowerHerb|Sturdy|FlashCannon,ElectroShot,DracoMeteor,Protect|||F|||50|,,,,,Flying]Tyranitar||AssaultVest|SandStream|KnockOff,RockSlide,TeraBlast,LowKick|||M|||50|,,,,,Flying]Garchomp||ClearAmulet|RoughSkin|DragonClaw,StompingTantrum,Earthquake,Protect|||M|||50|,,,,,Steel
|showteam|p2|Jumpluff||CovertCloak|Chlorophyll|RagePowder,SleepPowder,SunnyDay,Tailwind|||M|||50|,,,,,Water]Charizard||ChoiceSpecs|SolarPower|HeatWave,Overheat,WeatherBall,AirSlash|||M|||50|,,,,,Ghost]Incineroar||SitrusBerry|Intimidate|FlareBlitz,KnockOff,FakeOut,PartingShot|||M|||50|,,,,,Ghost]Ursaluna||FlameOrb|Guts|HeadlongRush,Facade,Earthquake,Protect|||M|||50|,,,,,Ghost]Porygon2||Eviolite|Download|TeraBlast,IceBeam,Recover,TrickRoom||||||50|,,,,,Fighting]Torkoal||EjectPack|Drought|Eruption,Overheat,HelpingHand,Protect|||M|||50|,,,,,Fire
|inactive|Battle timer is ON: inactive players will automatically lose when time's up. (requested by legionvgc)
|
|t:|1757727104
|teamsize|p1|4
|teamsize|p2|4
|start
|switch|p1a: Talonflame|Talonflame, L50, M|100/100
|switch|p1b: Tyranitar|Tyranitar, L50, M|100/100
|switch|p2a: Raven|Charizard, L50, M, shiny|100/100
|switch|p2b: Starbreaker|Porygon2, L50|100/100
|-weather|Sandstorm|[from] ability: Sand Stream|[of] p1b: Tyranitar
|-ability|p2b: Starbreaker|Download|boost
|-boost|p2b: Starbreaker|spa|1
|turn|1
|inactive|legionvgc has 30 seconds left.
|
|t:|1757727133
|switch|p2a: Scat Pack|Incineroar, L50, M|100/100
|-ability|p2a: Scat Pack|Intimidate|boost
|-unboost|p1a: Talonflame|atk|1
|-unboost|p1b: Tyranitar|atk|1
|-terastallize|p1b: Tyranitar|Flying
|move|p1a: Talonflame|Taunt|p2b: Starbreaker
|-start|p2b: Starbreaker|move: Taunt
|move|p1b: Tyranitar|Knock Off|p2b: Starbreaker
|-damage|p2b: Starbreaker|80/100
|-enditem|p2b: Starbreaker|Eviolite|[from] move: Knock Off|[of] p1b: Tyranitar
|move|p2b: Starbreaker|Tera Blast|p1a: Talonflame
|-damage|p1a: Talonflame|19/100
|
|-weather|Sandstorm|[upkeep]
|-damage|p1a: Talonflame|13/100|[from] Sandstorm
|-damage|p2a: Scat Pack|95/100|[from] Sandstorm
|-damage|p1b: Tyranitar|95/100|[from] Sandstorm
|-damage|p2b: Starbreaker|73/100|[from] Sandstorm
|upkeep
|turn|2
|inactive|legionvgc has 30 seconds left.
|inactive|washingtongargacha has 30 seconds left.
|
|t:|1757727163
|switch|p1b: Gholdengo|Gholdengo, L50|100/100
|move|p1a: Talonflame|Dual Wingbeat|p2b: Starbreaker
|-damage|p2b: Starbreaker|64/100
|-damage|p2b: Starbreaker|52/100
|-hitcount|p2b: Starbreaker|2
|move|p2a: Scat Pack|Knock Off|p1b: Gholdengo
|-supereffective|p1b: Gholdengo
|-damage|p1b: Gholdengo|10/100
|-enditem|p1b: Gholdengo|Life Orb|[from] move: Knock Off|[of] p2a: Scat Pack
|move|p2b: Starbreaker|Ice Beam|p1b: Gholdengo
|-resisted|p1b: Gholdengo
|-damage|p1b: Gholdengo|0 fnt
|faint|p1b: Gholdengo
|
|-weather|Sandstorm|[upkeep]
|-damage|p1a: Talonflame|7/100|[from] Sandstorm
|-damage|p2a: Scat Pack|89/100|[from] Sandstorm
|-damage|p2b: Starbreaker|46/100|[from] Sandstorm
|upkeep
|
|t:|1757727179
|switch|p1b: Garchomp|Garchomp, L50, M|100/100
|turn|3
|inactive|legionvgc has 30 seconds left.
|inactive|legionvgc has 20 seconds left.
|inactive|legionvgc has 15 seconds left.
|
|t:|1757727223
|-terastallize|p2a: Scat Pack|Ghost
|move|p1a: Talonflame|Flare Blitz|p2a: Scat Pack
|-crit|p2a: Scat Pack
|-damage|p2a: Scat Pack|22/100
|-enditem|p2a: Scat Pack|Sitrus Berry|[eat]
|-heal|p2a: Scat Pack|47/100|[from] item: Sitrus Berry
|-damage|p1a: Talonflame|0 fnt|[from] Recoil
|faint|p1a: Talonflame
|move|p1b: Garchomp|Earthquake|p2b: Starbreaker|[spread] p2a,p2b
|-damage|p2a: Scat Pack|9/100
|-damage|p2b: Starbreaker|8/100
|move|p2a: Scat Pack|Parting Shot|p1b: Garchomp
|-fail|p1b: Garchomp|unboost|[from] item: Clear Amulet|[of] p1b: Garchomp
|move|p2b: Starbreaker|Ice Beam|p1b: Garchomp
|-supereffective|p1b: Garchomp
|-damage|p1b: Garchomp|0 fnt
|faint|p1b: Garchomp
|
|-weather|Sandstorm|[upkeep]
|-damage|p2a: Scat Pack|3/100|[from] Sandstorm
|-damage|p2b: Starbreaker|2/100|[from] Sandstorm
|-end|p2b: Starbreaker|move: Taunt
|upkeep
|
|t:|1757727243
|switch|p1b: Tyranitar|Tyranitar, L50, M, tera:Flying|95/100
|turn|4
|
|t:|1757727251
|switch|p2a: Raven|Charizard, L50, M, shiny|100/100
|switch|p2b: Baloo|Ursaluna, L50, M, shiny|100/100
|move|p1b: Tyranitar|Rock Slide|p2b: Baloo|[spread] 
|-miss|p1b: Tyranitar|p2a: Raven
|-miss|p1b: Tyranitar|p2b: Baloo
|
|-weather|Sandstorm|[upkeep]
|-damage|p2a: Raven|95/100|[from] Sandstorm
|-damage|p1b: Tyranitar|89/100|[from] Sandstorm
|-status|p2b: Baloo|brn|[from] item: Flame Orb
|upkeep
|turn|5
|-message|washingtongargacha forfeited.
|
|win|legionvgc
|raw|washingtongargacha's rating: 1178 → 1158(-20 for losing)
|raw|legionvgc's rating: 1243 → 1263(+20 for winning)
