|j|☆Piotreshii
|j|☆plaidhaxx
|html|Piotreshiiplaidhaxx    
|uhtml|bestof|Game 2 of a best-of-3
|t:|1785952050
|gametype|doubles
|player|p1|Piotreshii|riley|
|player|p2|plaidhaxx|grimsley|
|gen|9
|tier|[Gen 9 Champions] VGC 2026 Reg M-B (Bo3)
|rule|Species Clause: Limit one of each Pokémon
|rule|Item Clause: Limit 1 of each item
|clearpoke
|poke|p1|Metagross, L50|
|poke|p1|Sylveon, L50, M|
|poke|p1|Garchomp, L50, F|
|poke|p1|Whimsicott, L50, M|
|poke|p1|Basculegion, L50, M|
|poke|p1|Charizard, L50, F|
|poke|p2|Kommo-o, L50, F|
|poke|p2|Excadrill, L50, F|
|poke|p2|Tyranitar, L50, M|
|poke|p2|Grimmsnarl, L50, M|
|poke|p2|Scovillain, L50, M|
|poke|p2|Basculegion, L50, M|
|teampreview|4
|showteam|p1|Metagross||Metagrossite|ClearBody|IronHead,PsychicFangs,BulletPunch,Protect|Jolly|||||50|]Sylveon||FairyFeather|Pixilate|HyperBeam,QuickAttack,HyperVoice,Detect|Modest||M|||50|]Garchomp||LifeOrb|RoughSkin|StompingTantrum,RockSlide,DragonClaw,PoisonJab|Jolly||F|||50|]Whimsicott||FocusSash|Prankster|Moonblast,Encore,SunnyDay,Tailwind|Timid||M|||50|]Basculegion||ChoiceScarf|Adaptability|LastRespects,FlipTurn,WaveCrash,AquaJet|Jolly||M|||50|]Charizard||CharizarditeY|Blaze|HeatWave,WeatherBall,SolarBeam,Protect|Modest||F|||50|
|showteam|p2|Kommo-o||Leftovers|Overcoat|ClangingScales,ClangorousSoul,AuraSphere,Protect|Modest||F|||50|]Excadrill||LifeOrb|SandRush|HighHorsepower,RockSlide,IronHead,Protect|Adamant||F|||50|]Tyranitar||Tyranitarite|SandStream|DragonDance,RockSlide,KnockOff,Protect|Jolly||M|||50|]Grimmsnarl||LightClay|Prankster|SpiritBreak,LightScreen,Reflect,FakeOut|Impish||M|||50|]Scovillain||Scovillainite|Moody|Protect,RagePowder,Overheat,EnergyBall|Bold||M|||50|]Basculegion||ChoiceScarf|Adaptability|WaveCrash,LastRespects,AquaJet,FlipTurn|Adamant||M|||50|
|inactive|Battle timer is ON: inactive players will automatically lose when time's up. (requested by Piotreshii)
|inactive|plaidhaxx has 60 seconds left.
|
|t:|1785952145
|teamsize|p1|4
|teamsize|p2|4
|start
|switch|p1a: Whimsicott|Whimsicott, L50, M|100/100
|switch|p1b: Charizard|Charizard, L50, F|100/100
|switch|p2a: Scovillain|Scovillain, L50, M|100/100
|switch|p2b: Tyranitar|Tyranitar, L50, M|100/100
|-weather|Sandstorm|[from] ability: Sand Stream|[of] p2b: Tyranitar
|turn|1
|
|t:|1785952169
|move|p1b: Charizard|Protect|p1b: Charizard
|-singleturn|p1b: Charizard|Protect
|move|p2b: Tyranitar|Protect|p2b: Tyranitar
|-singleturn|p2b: Tyranitar|Protect
|move|p2a: Scovillain|Protect|p2a: Scovillain
|-singleturn|p2a: Scovillain|Protect
|move|p1a: Whimsicott|Moonblast|p2b: Tyranitar
|-activate|p2b: Tyranitar|move: Protect
|
|-weather|Sandstorm|[upkeep]
|-damage|p1a: Whimsicott|94/100|[from] Sandstorm
|-damage|p1b: Charizard|94/100|[from] Sandstorm
|-damage|p2a: Scovillain|94/100|[from] Sandstorm
|-ability|p2a: Scovillain|Moody|boost
|-boost|p2a: Scovillain|def|2
|-unboost|p2a: Scovillain|atk|1
|upkeep
|turn|2
|
|t:|1785952192
|detailschange|p1b: Charizard|Charizard-Mega-Y, L50, F
|-mega|p1b: Charizard|Charizard|Charizardite Y
|-weather|SunnyDay|[from] ability: Drought|[of] p1b: Charizard
|detailschange|p2a: Scovillain|Scovillain-Mega, L50, M
|-mega|p2a: Scovillain|Scovillain|Scovillainite
|move|p1a: Whimsicott|Sunny Day||[still]
|-fail|p1a: Whimsicott
|move|p1b: Charizard|Weather Ball|p2a: Scovillain
|-damage|p2a: Scovillain|0 fnt
|-immune|p1b: Charizard
|faint|p2a: Scovillain
|move|p2b: Tyranitar|Rock Slide|p1b: Charizard|[spread] p1a,p1b
|-supereffective|p1b: Charizard|2
|-damage|p1a: Whimsicott|51/100
|-damage|p1b: Charizard|0 fnt
|faint|p1b: Charizard
|
|-weather|SunnyDay|[upkeep]
|upkeep
|
|t:|1785952214
|switch|p1b: Sylveon|Sylveon, L50, M|100/100
|switch|p2a: Excadrill|Excadrill, L50, F|100/100
|turn|3
|
|t:|1785952229
|switch|p2b: Basculegion|Basculegion, L50, M|100/100
|switch|p1b: Garchomp|Garchomp, L50, F|100/100
|move|p1a: Whimsicott|Moonblast|p2b: Basculegion
|-damage|p2b: Basculegion|58/100
|move|p2a: Excadrill|Iron Head|p1b: Garchomp
|-damage|p1b: Garchomp|41/100
|-damage|p2a: Excadrill|87/100|[from] ability: Rough Skin|[of] p1b: Garchomp
|-damage|p2a: Excadrill|78/100|[from] item: Life Orb
|
|-weather|SunnyDay|[upkeep]
|upkeep
|turn|4
|inactive|plaidhaxx has 30 seconds left.
|inactive|plaidhaxx has 20 seconds left.
|inactive|plaidhaxx has 15 seconds left.
|
|t:|1785952270
|move|p1a: Whimsicott|Tailwind|p1a: Whimsicott
|-sidestart|p1: Piotreshii|move: Tailwind
|move|p1b: Garchomp|Stomping Tantrum|p2a: Excadrill
|-supereffective|p2a: Excadrill|1
|-damage|p2a: Excadrill|0 fnt
|faint|p2a: Excadrill
|-damage|p1b: Garchomp|31/100|[from] item: Life Orb
|move|p2b: Basculegion|Last Respects|p1b: Garchomp
|-damage|p1b: Garchomp|0 fnt
|faint|p1b: Garchomp
|
|-weather|SunnyDay|[upkeep]
|upkeep
|
|t:|1785952281
|switch|p1b: Sylveon|Sylveon, L50, M|100/100
|switch|p2a: Tyranitar|Tyranitar, L50, M|100/100
|-weather|Sandstorm|[from] ability: Sand Stream|[of] p2a: Tyranitar
|turn|5
|
|t:|1785952301
|move|p1a: Whimsicott|Moonblast|p2b: Basculegion
|-damage|p2b: Basculegion|16/100
|move|p2b: Basculegion|Last Respects|p1b: Sylveon
|-damage|p1b: Sylveon|0 fnt
|faint|p1b: Sylveon
|move|p2a: Tyranitar|Rock Slide|p1a: Whimsicott
|-damage|p1a: Whimsicott|0 fnt
|faint|p1a: Whimsicott
|
|win|plaidhaxx
