|j|☆mechabicho_14
|j|☆Prepucio Santos
|html|mechabicho_14Prepucio Santos    
|uhtml|bestof|Game 3 of a best-of-3
|t:|1783106277
|gametype|doubles
|player|p1|mechabicho_14|1|1230
|player|p2|Prepucio Santos|striker|1126
|gen|9
|tier|[Gen 9 Champions] VGC 2026 Reg M-B (Bo3)
|rated|
|rule|Species Clause: Limit one of each Pokémon
|rule|Item Clause: Limit 1 of each item
|clearpoke
|poke|p1|Incineroar, L50, M|
|poke|p1|Delphox, L50, F|
|poke|p1|Sneasler, L50, M|
|poke|p1|Sinistcha, L50|
|poke|p1|Maushold-Four, L50|
|poke|p1|Garchomp, L50, F|
|poke|p2|Incineroar, L50, M|
|poke|p2|Sinistcha-Masterpiece, L50, shiny|
|poke|p2|Floette-Eternal, L50, F|
|poke|p2|Kingambit, L50, F|
|poke|p2|Sneasler, L50, F|
|poke|p2|Delphox, L50, F, shiny|
|teampreview|4
|showteam|p1|Incineroar||SitrusBerry|Intimidate|FlareBlitz,DarkestLariat,PartingShot,FakeOut|Careful||M|||50|]Delphox||Delphoxite|Blaze|Protect,HeatWave,Psychic,NastyPlot|Timid||F|||50|]Sneasler||WhiteHerb|Unburden|Protect,DireClaw,CloseCombat,FakeOut|Adamant||M|||50|]Sinistcha||ColburBerry|Hospitality|Protect,TrickRoom,MatchaGotcha,RagePowder|Bold|||||50|]Maushold-Four||FocusSash|FriendGuard|Protect,FollowMe,SunnyDay,PopulationBomb|Jolly|||||50|]Garchomp||LifeOrb|RoughSkin|Protect,Earthquake,DragonClaw,RockSlide|Jolly||F|||50|
|showteam|p2|Incineroar||SitrusBerry|Intimidate|FakeOut,PartingShot,ThroatChop,FlareBlitz|Careful||M|||50|]Sinistcha-Masterpiece||KasibBerry|Hospitality|MatchaGotcha,LifeDew,RagePowder,TrickRoom|Bold|||||50|]Floette-Eternal||Floettite|FlowerVeil|Moonblast,DazzlingGleam,CalmMind,Protect|Modest||F|||50|]Kingambit||BlackGlasses|Defiant|KowtowCleave,SuckerPunch,SwordsDance,Protect|Adamant||F|||50|]Sneasler||FocusSash|PoisonTouch|FakeOut,CloseCombat,DireClaw,QuickGuard|Jolly||F|||50|]Delphox||Delphoxite|Blaze|HeatWave,Psyshock,NastyPlot,Protect|Timid||F|||50|
|inactive|Battle timer is ON: inactive players will automatically lose when time's up. (requested by Prepucio Santos)
|inactive|mechabicho_14 has 60 seconds left.
|inactive|mechabicho_14 has 30 seconds left.
|
|t:|1783106395
|teamsize|p1|4
|teamsize|p2|4
|start
|switch|p1a: Maushold|Maushold-Four, L50|100/100
|switch|p1b: Delphox|Delphox, L50, F|100/100
|switch|p2a: Sneasler|Sneasler, L50, F|100/100
|switch|p2b: Delphox|Delphox, L50, F, shiny|100/100
|turn|1
|
|t:|1783106404
|detailschange|p1b: Delphox|Delphox-Mega, L50, F
|-mega|p1b: Delphox|Delphox|Delphoxite
|detailschange|p2b: Delphox|Delphox-Mega, L50, F, shiny
|-mega|p2b: Delphox|Delphox|Delphoxite
|move|p2a: Sneasler|Fake Out|p1a: Maushold
|-damage|p1a: Maushold|76/100
|move|p1b: Delphox|Nasty Plot|p1b: Delphox
|-boost|p1b: Delphox|spa|2
|move|p2b: Delphox|Heat Wave|p1b: Delphox|[spread] p1a,p1b
|-resisted|p1b: Delphox|1
|-damage|p1a: Maushold|21/100
|-damage|p1b: Delphox|87/100
|cant|p1a: Maushold|flinch
|
|upkeep
|turn|2
|
|t:|1783106425
|move|p1a: Maushold|Protect|p1a: Maushold
|-singleturn|p1a: Maushold|Protect
|move|p1b: Delphox|Heat Wave|p2a: Sneasler|[spread] p2a,p2b
|-resisted|p2b: Delphox|1
|-enditem|p2a: Sneasler|Focus Sash
|-damage|p2a: Sneasler|1/100
|-damage|p2b: Delphox|65/100
|move|p2b: Delphox|Heat Wave|p1b: Delphox|[spread] p1b
|-activate|p1a: Maushold|move: Protect
|-resisted|p1b: Delphox|1
|-damage|p1b: Delphox|75/100
|move|p2a: Sneasler|Dire Claw|p1b: Delphox
|-damage|p1b: Delphox|34/100
|
|upkeep
|turn|3
|inactive|Prepucio Santos has 30 seconds left.
|
|t:|1783106452
|move|p1b: Delphox|Protect|p1b: Delphox
|-singleturn|p1b: Delphox|Protect
|move|p2b: Delphox|Heat Wave|p1b: Delphox|[spread] p1a
|-activate|p1b: Delphox|move: Protect
|-damage|p1a: Maushold|0 fnt
|faint|p1a: Maushold
|move|p2a: Sneasler|Dire Claw|p1b: Delphox
|-activate|p1b: Delphox|move: Protect
|
|upkeep
|
|t:|1783106458
|switch|p1a: Sneasler|Sneasler, L50, M|100/100
|turn|4
|
|t:|1783106467
|switch|p2a: Sinistcha|Sinistcha-Masterpiece, L50, shiny|100/100
|-heal|p2b: Delphox|90/100|[from] ability: Hospitality|[of] p2a: Sinistcha
|move|p2b: Delphox|Protect|p2b: Delphox
|-singleturn|p2b: Delphox|Protect
|move|p1a: Sneasler|Fake Out|p2a: Sinistcha
|-immune|p2a: Sinistcha
|move|p1b: Delphox|Heat Wave|p2b: Delphox|[spread] p2a
|-activate|p2b: Delphox|move: Protect
|-supereffective|p2a: Sinistcha|1
|-damage|p2a: Sinistcha|0 fnt
|faint|p2a: Sinistcha
|
|upkeep
|
|t:|1783106477
|switch|p2a: Sneasler|Sneasler, L50, F|1/100
|turn|5
|
|t:|1783106485
|move|p2a: Sneasler|Fake Out|p1b: Delphox
|-damage|p1b: Delphox|15/100
|-status|p1b: Delphox|psn|[from] ability: Poison Touch|[of] p2a: Sneasler
|cant|p1b: Delphox|flinch
|move|p2b: Delphox|Psyshock|p1a: Sneasler
|-supereffective|p1a: Sneasler|2
|-damage|p1a: Sneasler|0 fnt
|faint|p1a: Sneasler
|
|-damage|p1b: Delphox|3/100 psn|[from] psn
|upkeep
|
|t:|1783106491
|switch|p1a: Garchomp|Garchomp, L50, F|100/100
|turn|6
|
|t:|1783106500
|move|p2b: Delphox|Protect|p2b: Delphox
|-singleturn|p2b: Delphox|Protect
|move|p1b: Delphox|Heat Wave|p2a: Sneasler|[spread] p2a
|-activate|p2b: Delphox|move: Protect
|-damage|p2a: Sneasler|0 fnt
|faint|p2a: Sneasler
|move|p1a: Garchomp|Rock Slide|p2b: Delphox
|-activate|p2b: Delphox|move: Protect
|
|-damage|p1b: Delphox|0 fnt|[from] psn
|faint|p1b: Delphox
|upkeep
|
|t:|1783106504
|switch|p2a: Kingambit|Kingambit, L50, F|100/100
|turn|7
|
|t:|1783106521
|move|p2a: Kingambit|Sucker Punch|p1a: Garchomp
|-damage|p1a: Garchomp|52/100
|-damage|p2a: Kingambit|87/100|[from] ability: Rough Skin|[of] p1a: Garchomp
|move|p2b: Delphox|Psyshock|p1a: Garchomp
|-damage|p1a: Garchomp|6/100
|move|p1a: Garchomp|Rock Slide|p2a: Kingambit|[spread] p2a,p2b
|-resisted|p2a: Kingambit|1
|-supereffective|p2b: Delphox|1
|-damage|p2a: Kingambit|79/100
|-damage|p2b: Delphox|21/100
|-damage|p1a: Garchomp|0 fnt|[from] item: Life Orb
|faint|p1a: Garchomp
|
|win|Prepucio Santos
