|j|☆Beeetch
|j|☆Gozante
|html|BeeetchGozante    
|uhtml|bestof|Game 1 of a best-of-3
|t:|1756304392
|gametype|doubles
|player|p1|Beeetch|beauty-gen4dp|1316
|player|p2|Gozante|169|1467
|gen|9
|tier|[Gen 9] VGC 2025 Reg H (Bo3)
|rated|
|rule|Species Clause: Limit one of each Pokémon
|rule|Item Clause: Limit 1 of each item
|clearpoke
|poke|p1|Toedscruel, L50, F|
|poke|p1|Weezing-Galar, L50, F|
|poke|p1|Corviknight, L50, F|
|poke|p1|Pawmot, L50, F|
|poke|p1|Garchomp, L50, F|
|poke|p1|Typhlosion-Hisui, L50, M|
|poke|p2|Pelipper, L50, F|
|poke|p2|Archaludon, L50, M|
|poke|p2|Sinistcha, L50|
|poke|p2|Ursaluna, L50, F|
|poke|p2|Dragonite, L50, M|
|poke|p2|Incineroar, L50, M|
|teampreview|4
|showteam|p1|Toedscruel||CovertCloak|MyceliumMight|Spore,EarthPower,AcidSpray,RagePowder|||F|||50|,,,,,Water]Weezing-Galar||ChoiceSpecs|NeutralizingGas|DazzlingGleam,SludgeBomb,StrangeSteam,Flamethrower|||F|||50|,,,,,Flying]Corviknight||SitrusBerry|MirrorArmor|Protect,Tailwind,Roost,BraveBird|||F|||50|,,,,,Dragon]Pawmot||FocusSash|NaturalCure|Protect,CloseCombat,DoubleShock,FakeOut|||F|||50|,,,,,Electric]Garchomp||LifeOrb|RoughSkin|Protect,Earthquake,DragonClaw,StompingTantrum|||F|||50|,,,,,Ground]Typhlosion-Hisui||ChoiceScarf|Blaze|Eruption,SleepTalk,HeatWave,ShadowBall|||M|||50|,,,,,Fire
|showteam|p2|Pelipper||FocusSash|Drizzle|MuddyWater,Hurricane,WideGuard,Tailwind|||F|||50|,,,,,Ground]Archaludon||AssaultVest|Stamina|FlashCannon,BodyPress,ElectroShot,Snarl|||M|||50|,,,,,Bug]Sinistcha||SitrusBerry|Hospitality|MatchaGotcha,LifeDew,RagePowder,TrickRoom||||||50|,,,,,Dark]Ursaluna||FlameOrb|Guts|Protect,Facade,HeadlongRush,Earthquake|||F|||50|,,,,,Ghost]Dragonite||LoadedDice|Multiscale|Protect,ScaleShot,Haze,Tailwind|||M|||50|,,,,,Fairy]Incineroar||SafetyGoggles|Intimidate|FakeOut,PartingShot,KnockOff,FlareBlitz|||M|||50|,,,,,Ghost
|
|t:|1756304432
|teamsize|p1|4
|teamsize|p2|4
|start
|switch|p1a: Garchomp|Garchomp, L50, F|100/100
|switch|p1b: Weezing|Weezing-Galar, L50, F|100/100
|switch|p2a: Incineroar|Incineroar, L50, M|100/100
|switch|p2b: Sinistcha|Sinistcha, L50|100/100
|-ability|p1b: Weezing|Neutralizing Gas
|turn|1
|
|t:|1756304468
|move|p1a: Garchomp|Protect|p1a: Garchomp
|-singleturn|p1a: Garchomp|Protect
|move|p2a: Incineroar|Fake Out|p1a: Garchomp
|-activate|p1a: Garchomp|move: Protect
|move|p1b: Weezing|Flamethrower|p2b: Sinistcha
|-supereffective|p2b: Sinistcha
|-damage|p2b: Sinistcha|31/100
|-enditem|p2b: Sinistcha|Sitrus Berry|[eat]
|-heal|p2b: Sinistcha|56/100|[from] item: Sitrus Berry
|move|p2b: Sinistcha|Trick Room|p2b: Sinistcha
|-fieldstart|move: Trick Room|[of] p2b: Sinistcha
|
|upkeep
|turn|2
|
|t:|1756304498
|-end|p1b: Weezing|ability: Neutralizing Gas
|-ability|p2a: Incineroar|Intimidate|boost
|-unboost|p1a: Garchomp|atk|1
|-unboost|p1b: Weezing|atk|1
|switch|p1b: Corviknight|Corviknight, L50, F|100/100
|switch|p2b: Dragonite|Dragonite, L50, M|100/100
|move|p2a: Incineroar|Parting Shot|p1b: Corviknight
|-ability|p1b: Corviknight|Mirror Armor
|-unboost|p2a: Incineroar|atk|1
|-ability|p1b: Corviknight|Mirror Armor
|-unboost|p2a: Incineroar|spa|1
|
|t:|1756304514
|switch|p2a: Ursaluna|Ursaluna, L50, F|100/100|[from] Parting Shot
|move|p1a: Garchomp|Earthquake|p2b: Dragonite|[spread] p2a
|-immune|p1b: Corviknight
|-immune|p2b: Dragonite
|-damage|p2a: Ursaluna|74/100
|-damage|p1a: Garchomp|91/100|[from] item: Life Orb
|
|-status|p2a: Ursaluna|brn|[from] item: Flame Orb
|upkeep
|turn|3
|
|t:|1756304533
|switch|p1a: Weezing|Weezing-Galar, L50, F|100/100
|-ability|p1a: Weezing|Neutralizing Gas
|move|p1b: Corviknight|Brave Bird|p2a: Ursaluna
|-damage|p2a: Ursaluna|33/100 brn
|-damage|p1b: Corviknight|87/100|[from] Recoil
|move|p2a: Ursaluna|Facade|p1a: Weezing
|-damage|p1a: Weezing|15/100
|move|p2b: Dragonite|Scale Shot|p1b: Corviknight
|-resisted|p1b: Corviknight
|-damage|p1b: Corviknight|81/100
|-resisted|p1b: Corviknight
|-damage|p1b: Corviknight|75/100
|-resisted|p1b: Corviknight
|-damage|p1b: Corviknight|69/100
|-resisted|p1b: Corviknight
|-damage|p1b: Corviknight|63/100
|-resisted|p1b: Corviknight
|-damage|p1b: Corviknight|57/100
|-hitcount|p1b: Corviknight|5
|-unboost|p2b: Dragonite|def|1
|-boost|p2b: Dragonite|spe|1
|
|-damage|p2a: Ursaluna|28/100 brn|[from] brn
|upkeep
|turn|4
|
|t:|1756304561
|switch|p2b: Sinistcha|Sinistcha, L50|56/100
|move|p1a: Weezing|Dazzling Gleam|p2b: Sinistcha|[spread] p2a,p2b
|-damage|p2a: Ursaluna|0 fnt
|-damage|p2b: Sinistcha|20/100
|faint|p2a: Ursaluna
|move|p1b: Corviknight|Brave Bird|p2b: Sinistcha
|-supereffective|p2b: Sinistcha
|-damage|p2b: Sinistcha|0 fnt
|faint|p2b: Sinistcha
|-damage|p1b: Corviknight|51/100|[from] Recoil
|
|upkeep
|
|t:|1756304569
|switch|p2b: Dragonite|Dragonite, L50, M|100/100
|switch|p2a: Incineroar|Incineroar, L50, M|100/100
|turn|5
|
|t:|1756304596
|-end|p1a: Weezing|ability: Neutralizing Gas
|-ability|p2a: Incineroar|Intimidate|boost
|-unboost|p1a: Weezing|atk|1
|-ability|p1b: Corviknight|Mirror Armor
|-unboost|p2a: Incineroar|atk|1
|switch|p1a: Garchomp|Garchomp, L50, F|91/100
|move|p2a: Incineroar|Knock Off|p1a: Garchomp
|-crit|p1a: Garchomp
|-damage|p1a: Garchomp|30/100
|-damage|p2a: Incineroar|88/100|[from] ability: Rough Skin|[of] p1a: Garchomp
|-enditem|p1a: Garchomp|Life Orb|[from] move: Knock Off|[of] p2a: Incineroar
|move|p1b: Corviknight|Brave Bird|p2b: Dragonite
|-damage|p2b: Dragonite|76/100
|-damage|p1b: Corviknight|44/100|[from] Recoil
|-enditem|p1b: Corviknight|Sitrus Berry|[eat]
|-heal|p1b: Corviknight|69/100|[from] item: Sitrus Berry
|move|p2b: Dragonite|Tailwind|p2b: Dragonite
|-sidestart|p2: Gozante|move: Tailwind
|
|-fieldend|move: Trick Room
|upkeep
|turn|6
|
|t:|1756304625
|switch|p1a: Weezing|Weezing-Galar, L50, F|15/100
|-ability|p1a: Weezing|Neutralizing Gas
|-terastallize|p2b: Dragonite|Fairy
|move|p2b: Dragonite|Scale Shot|p1b: Corviknight|[miss]
|-miss|p2b: Dragonite|p1b: Corviknight
|move|p2a: Incineroar|Flare Blitz|p1b: Corviknight
|-supereffective|p1b: Corviknight
|-damage|p1b: Corviknight|17/100
|-damage|p2a: Incineroar|70/100|[from] Recoil
|move|p1b: Corviknight|Brave Bird|p2a: Incineroar
|-damage|p2a: Incineroar|31/100
|-damage|p1b: Corviknight|4/100|[from] Recoil
|
|upkeep
|turn|7
|
|t:|1756304645
|move|p2b: Dragonite|Scale Shot|p1b: Corviknight
|-resisted|p1b: Corviknight
|-damage|p1b: Corviknight|0 fnt
|faint|p1b: Corviknight
|-hitcount|p1: Corviknight|1
|-unboost|p2b: Dragonite|def|1
|-boost|p2b: Dragonite|spe|1
|move|p2a: Incineroar|Flare Blitz|p1a: Weezing
|-damage|p1a: Weezing|0 fnt
|faint|p1a: Weezing
|-end|p1a: Weezing|ability: Neutralizing Gas
|-damage|p2a: Incineroar|27/100|[from] Recoil
|
|upkeep
|
|t:|1756304650
|switch|p1b: Garchomp|Garchomp, L50, F|30/100
|switch|p1a: Pawmot|Pawmot, L50, F|100/100
|turn|8
|
|t:|1756304666
|move|p1a: Pawmot|Fake Out|p2b: Dragonite
|-damage|p2b: Dragonite|56/100
|cant|p2b: Dragonite|flinch
|move|p1b: Garchomp|Stomping Tantrum|p2a: Incineroar
|-supereffective|p2a: Incineroar
|-damage|p2a: Incineroar|0 fnt
|faint|p2a: Incineroar
|
|-sideend|p2: Gozante|move: Tailwind
|upkeep
|turn|9
|
|t:|1756304680
|-terastallize|p1a: Pawmot|Electric
|move|p2b: Dragonite|Scale Shot|p1b: Garchomp
|-supereffective|p1b: Garchomp
|-damage|p1b: Garchomp|0 fnt
|faint|p1b: Garchomp
|-hitcount|p1: Garchomp|1
|-unboost|p2b: Dragonite|def|1
|-boost|p2b: Dragonite|spe|1
|move|p1a: Pawmot|Double Shock|p2b: Dragonite
|-damage|p2b: Dragonite|0 fnt
|-start|p1a: Pawmot|typechange|Electric|[from] move: Double Shock
|faint|p2b: Dragonite
|
|win|Beeetch
