|j|☆heartsrepeating
|j|☆StrawPizza
|html|heartsrepeatingStrawPizza    
|uhtml|bestof|Game 1 of a best-of-3
|t:|1783546845
|gametype|doubles
|player|p1|heartsrepeating|parasollady|1229
|player|p2|StrawPizza|102|1282
|gen|9
|tier|[Gen 9 Champions] VGC 2026 Reg M-B (Bo3)
|rated|
|rule|Species Clause: Limit one of each Pokémon
|rule|Item Clause: Limit 1 of each item
|clearpoke
|poke|p1|Dragalge, L50, F, shiny|
|poke|p1|Incineroar, L50, M|
|poke|p1|Sinistcha, L50, shiny|
|poke|p1|Basculegion, L50, M, shiny|
|poke|p1|Kingambit, L50, M, shiny|
|poke|p1|Floette-Eternal, L50, F|
|poke|p2|Charizard, L50, F|
|poke|p2|Venusaur, L50, M|
|poke|p2|Mamoswine, L50, M|
|poke|p2|Garchomp, L50, F|
|poke|p2|Incineroar, L50, M|
|poke|p2|Toxapex, L50, F|
|teampreview|4
|showteam|p1|Dragalge||Dragalgite|Adaptability|SludgeBomb,DracoMeteor,FlipTurn,Protect|Quiet||F|||50|]Incineroar||SitrusBerry|Intimidate|FlareBlitz,FakeOut,ThroatChop,PartingShot|Impish||M|||50|]Sinistcha||KasibBerry|Hospitality|MatchaGotcha,RagePowder,TrickRoom,Protect|Bold|||||50|]Basculegion||ChoiceScarf|Adaptability|WaveCrash,FlipTurn,LastRespects,AquaJet|Adamant||M|||50|]Kingambit||BlackGlasses|Defiant|SuckerPunch,KowtowCleave,SwordsDance,Protect|Adamant||M|||50|]Floette-Eternal||Floettite|FlowerVeil|Moonblast,DazzlingGleam,CalmMind,Protect|Modest||F|||50|
|showteam|p2|Charizard||CharizarditeY|Blaze|HeatWave,WeatherBall,SolarBeam,Protect|Modest||F|||50|]Venusaur||LifeOrb|Chlorophyll|LeafStorm,SludgeBomb,EarthPower,Protect|Modest||M|||50|]Mamoswine||FocusSash|Oblivious|HighHorsepower,RockTomb,IceShard,Protect|Jolly||M|||50|]Garchomp||ChoiceScarf|RoughSkin|DragonClaw,Earthquake,RockSlide,StompingTantrum|Adamant||F|||50|]Incineroar||SitrusBerry|Intimidate|FlareBlitz,ThroatChop,PartingShot,FakeOut|Impish||M|||50|]Toxapex||Leftovers|Regenerator|Toxic,Infestation,WideGuard,BanefulBunker|Bold||F|||50|
|inactive|Battle timer is ON: inactive players will automatically lose when time's up. (requested by StrawPizza)
|inactive|heartsrepeating has 60 seconds left.
|inactive|StrawPizza has 60 seconds left.
|
|t:|1783546877
|teamsize|p1|4
|teamsize|p2|4
|start
|switch|p1a: Mel <3|Floette-Eternal, L50, F|100/100
|switch|p1b: Mega Chimecho|Incineroar, L50, M|100/100
|switch|p2a: Charizard|Charizard, L50, F|100/100
|switch|p2b: Venusaur|Venusaur, L50, M|100/100
|-ability|p1b: Mega Chimecho|Intimidate|boost
|-unboost|p2a: Charizard|atk|1
|-unboost|p2b: Venusaur|atk|1
|turn|1
|
|t:|1783546897
|detailschange|p1a: Mel <3|Floette-Mega, L50, F
|-mega|p1a: Mel <3|Floette|Floettite
|-ability|p1a: Mel <3|Fairy Aura
|detailschange|p2a: Charizard|Charizard-Mega-Y, L50, F
|-mega|p2a: Charizard|Charizard|Charizardite Y
|-weather|SunnyDay|[from] ability: Drought|[of] p2a: Charizard
|move|p1b: Mega Chimecho|Fake Out|p2a: Charizard
|-crit|p2a: Charizard
|-damage|p2a: Charizard|83/100
|move|p2b: Venusaur|Sludge Bomb|p1a: Mel <3
|-supereffective|p1a: Mel <3|1
|-damage|p1a: Mel <3|22/100
|-status|p1a: Mel <3|psn
|-damage|p2b: Venusaur|90/100|[from] item: Life Orb
|move|p1a: Mel <3|Calm Mind|p1a: Mel <3
|-boost|p1a: Mel <3|spa|1
|-boost|p1a: Mel <3|spd|1
|cant|p2a: Charizard|flinch
|
|-weather|SunnyDay|[upkeep]
|-damage|p1a: Mel <3|10/100 psn|[from] psn
|upkeep
|turn|2
|inactive|heartsrepeating has 30 seconds left.
|inactive|StrawPizza has 30 seconds left.
|inactive|heartsrepeating has 20 seconds left.
|inactive|heartsrepeating has 15 seconds left.
|
|t:|1783546937
|switch|p2a: Toxapex|Toxapex, L50, F|100/100
|move|p2b: Venusaur|Protect|p2b: Venusaur
|-singleturn|p2b: Venusaur|Protect
|move|p1a: Mel <3|Dazzling Gleam|p2a: Toxapex|[spread] p2a
|-activate|p2b: Venusaur|move: Protect
|-resisted|p2a: Toxapex|1
|-damage|p2a: Toxapex|73/100
|move|p1b: Mega Chimecho|Flare Blitz|p2b: Venusaur
|-activate|p2b: Venusaur|move: Protect
|
|-weather|SunnyDay|[upkeep]
|-heal|p2a: Toxapex|78/100|[from] item: Leftovers
|-damage|p1a: Mel <3|0 fnt|[from] psn
|faint|p1a: Mel <3
|upkeep
|
|t:|1783546956
|switch|p1a: Carmine|Sinistcha, L50, shiny|100/100
|turn|3
|inactive|StrawPizza has 30 seconds left.
|
|t:|1783546983
|switch|p2b: Incineroar|Incineroar, L50, M|100/100
|-ability|p2b: Incineroar|Intimidate|boost
|-unboost|p1a: Carmine|atk|1
|-unboost|p1b: Mega Chimecho|atk|1
|move|p1a: Carmine|Rage Powder|p1a: Carmine
|-singleturn|p1a: Carmine|move: Rage Powder
|move|p1b: Mega Chimecho|Flare Blitz|p2b: Incineroar
|-resisted|p2b: Incineroar|1
|-damage|p2b: Incineroar|81/100
|-damage|p1b: Mega Chimecho|93/100|[from] Recoil
|move|p2a: Toxapex|Toxic|p1a: Carmine
|-status|p1a: Carmine|tox
|
|-weather|SunnyDay|[upkeep]
|-heal|p2a: Toxapex|84/100|[from] item: Leftovers
|-damage|p1a: Carmine|93/100 tox|[from] psn
|upkeep
|turn|4
|inactive|heartsrepeating has 30 seconds left.
|inactive|heartsrepeating has 20 seconds left.
|
|t:|1783547023
|switch|p1b: RAINFXLL!|Basculegion, L50, M, shiny|100/100
|move|p2b: Incineroar|Fake Out|p1b: RAINFXLL!
|-immune|p1b: RAINFXLL!
|move|p1a: Carmine|Matcha Gotcha|p2a: Toxapex|[spread] p2a,p2b
|-resisted|p2b: Incineroar|1
|-damage|p2a: Toxapex|64/100
|-heal|p1a: Carmine|100/100 tox|[from] drain|[of] p2a: Toxapex
|-damage|p2b: Incineroar|70/100
|-status|p2a: Toxapex|brn
|move|p2a: Toxapex|Infestation|p1a: Carmine
|-damage|p1a: Carmine|96/100 tox
|-activate|p1a: Carmine|move: Infestation|[of] p2a: Toxapex
|
|-weather|SunnyDay|[upkeep]
|-heal|p2a: Toxapex|70/100 brn|[from] item: Leftovers
|-damage|p1a: Carmine|84/100 tox|[from] psn
|-damage|p2a: Toxapex|64/100 brn|[from] brn
|-damage|p1a: Carmine|71/100 tox|[from] move: Infestation|[partiallytrapped]
|upkeep
|turn|5
|
|t:|1783547047
|switch|p1b: Mega Chimecho|Incineroar, L50, M|93/100
|-ability|p1b: Mega Chimecho|Intimidate|boost
|-unboost|p2a: Toxapex|atk|1
|-unboost|p2b: Incineroar|atk|1
|switch|p2b: Venusaur|Venusaur, L50, M|90/100
|move|p1a: Carmine|Matcha Gotcha|p2a: Toxapex|[spread] p2a,p2b
|-resisted|p2b: Venusaur|2
|-damage|p2a: Toxapex|45/100 brn
|-heal|p1a: Carmine|80/100 tox|[from] drain|[of] p2a: Toxapex
|-damage|p2b: Venusaur|84/100
|-heal|p1a: Carmine|83/100 tox|[from] drain|[of] p2b: Venusaur
|-status|p2b: Venusaur|brn
|move|p2a: Toxapex|Toxic|p1b: Mega Chimecho
|-status|p1b: Mega Chimecho|tox
|
|-weather|none
|-heal|p2a: Toxapex|51/100 brn|[from] item: Leftovers
|-damage|p1a: Carmine|64/100 tox|[from] psn
|-damage|p1b: Mega Chimecho|87/100 tox|[from] psn
|-damage|p2b: Venusaur|78/100 brn|[from] brn
|-damage|p2a: Toxapex|45/100 brn|[from] brn
|-damage|p1a: Carmine|52/100 tox|[from] move: Infestation|[partiallytrapped]
|upkeep
|turn|6
|inactive|heartsrepeating has 30 seconds left.
|inactive|StrawPizza has 30 seconds left.
|inactive|StrawPizza has 20 seconds left.
|
|t:|1783547083
|move|p2b: Venusaur|Sludge Bomb|p1a: Carmine
|-damage|p1a: Carmine|0 fnt
|faint|p1a: Carmine
|-damage|p2b: Venusaur|68/100 brn|[from] item: Life Orb
|move|p1b: Mega Chimecho|Flare Blitz|p2b: Venusaur
|-supereffective|p2b: Venusaur|1
|-damage|p2b: Venusaur|0 fnt
|faint|p2b: Venusaur
|-damage|p1b: Mega Chimecho|68/100 tox|[from] Recoil
|move|p2a: Toxapex|Toxic|p1b: Mega Chimecho
|-fail|p1b: Mega Chimecho|tox
|
|-heal|p2a: Toxapex|51/100 brn|[from] item: Leftovers
|-damage|p1b: Mega Chimecho|57/100 tox|[from] psn
|-damage|p2a: Toxapex|45/100 brn|[from] brn
|upkeep
|
|t:|1783547100
|switch|p2b: Charizard|Charizard-Mega-Y, L50, F|83/100
|switch|p1a: RAINFXLL!|Basculegion, L50, M, shiny|100/100
|-weather|SunnyDay|[from] ability: Drought|[of] p2b: Charizard
|turn|7
|
|t:|1783547115
|move|p2b: Charizard|Protect|p2b: Charizard
|-singleturn|p2b: Charizard|Protect
|move|p1a: RAINFXLL!|Last Respects|p2b: Charizard
|-activate|p2b: Charizard|move: Protect
|move|p1b: Mega Chimecho|Throat Chop|p2a: Toxapex
|-damage|p2a: Toxapex|24/100 brn
|-start|p2a: Toxapex|Throat Chop|[silent]
|move|p2a: Toxapex|Toxic|p1a: RAINFXLL!
|-status|p1a: RAINFXLL!|tox
|
|-weather|SunnyDay|[upkeep]
|-heal|p2a: Toxapex|29/100 brn|[from] item: Leftovers
|-damage|p1a: RAINFXLL!|93/100 tox|[from] psn
|-damage|p1b: Mega Chimecho|39/100 tox|[from] psn
|-damage|p2a: Toxapex|24/100 brn|[from] brn
|upkeep
|-enditem|p1b: Mega Chimecho|Sitrus Berry|[eat]
|-heal|p1b: Mega Chimecho|64/100 tox|[from] item: Sitrus Berry
|turn|8
|
|t:|1783547143
|switch|p2b: Incineroar|Incineroar, L50, M|70/100
|-ability|p2b: Incineroar|Intimidate|boost
|-unboost|p1a: RAINFXLL!|atk|1
|-unboost|p1b: Mega Chimecho|atk|1
|move|p2a: Toxapex|Baneful Bunker|p2a: Toxapex
|-singleturn|p2a: Toxapex|move: Protect
|move|p1a: RAINFXLL!|Last Respects|p2b: Incineroar
|-resisted|p2b: Incineroar|1
|-damage|p2b: Incineroar|44/100
|-enditem|p2b: Incineroar|Sitrus Berry|[eat]
|-heal|p2b: Incineroar|68/100|[from] item: Sitrus Berry
|move|p1b: Mega Chimecho|Throat Chop|p2a: Toxapex
|-activate|p2a: Toxapex|move: Protect
|
|-weather|SunnyDay|[upkeep]
|-heal|p2a: Toxapex|29/100 brn|[from] item: Leftovers
|-damage|p1a: RAINFXLL!|81/100 tox|[from] psn
|-damage|p1b: Mega Chimecho|41/100 tox|[from] psn
|-damage|p2a: Toxapex|24/100 brn|[from] brn
|-end|p2a: Toxapex|Throat Chop|[silent]
|upkeep
|turn|9
|
|t:|1783547164
|move|p1a: RAINFXLL!|Last Respects|p2b: Incineroar
|-resisted|p2b: Incineroar|1
|-damage|p2b: Incineroar|43/100
|move|p2b: Incineroar|Throat Chop|p1a: RAINFXLL!
|-supereffective|p1a: RAINFXLL!|1
|-damage|p1a: RAINFXLL!|13/100 tox
|-start|p1a: RAINFXLL!|Throat Chop|[silent]
|move|p1b: Mega Chimecho|Throat Chop|p2a: Toxapex
|-damage|p2a: Toxapex|10/100 brn
|-start|p2a: Toxapex|Throat Chop|[silent]
|move|p2a: Toxapex|Infestation|p1a: RAINFXLL!
|-resisted|p1a: RAINFXLL!|1
|-damage|p1a: RAINFXLL!|12/100 tox
|-activate|p1a: RAINFXLL!|move: Infestation|[of] p2a: Toxapex
|
|-weather|SunnyDay|[upkeep]
|-heal|p2a: Toxapex|15/100 brn|[from] item: Leftovers
|-damage|p1a: RAINFXLL!|0 fnt|[from] psn
|faint|p1a: RAINFXLL!
|-damage|p1b: Mega Chimecho|12/100 tox|[from] psn
|-damage|p2a: Toxapex|10/100 brn|[from] brn
|upkeep
|turn|10
|
|t:|1783547178
|move|p2b: Incineroar|Throat Chop|p1b: Mega Chimecho
|-resisted|p1b: Mega Chimecho|1
|-damage|p1b: Mega Chimecho|1/100 tox
|-start|p1b: Mega Chimecho|Throat Chop|[silent]
|move|p1b: Mega Chimecho|Throat Chop|p2b: Incineroar
|-resisted|p2b: Incineroar|1
|-damage|p2b: Incineroar|34/100
|-start|p2b: Incineroar|Throat Chop|[silent]
|move|p2a: Toxapex|Infestation|p1b: Mega Chimecho
|-damage|p1b: Mega Chimecho|0 fnt
|faint|p1b: Mega Chimecho
|
|win|StrawPizza
||StrawPizza is ready for game 2.
||heartsrepeating is ready for game 2.
|uhtml|next|Next: Game 2 of 3
