|j|☆mudkipc4
|j|☆w0lfeyc0nperish
|html|mudkipc4w0lfeyc0nperish    
|uhtml|bestof|Game 3 of a best-of-3
|t:|1756250244
|gametype|doubles
|player|p1|mudkipc4|norman|1279
|player|p2|w0lfeyc0nperish|101|1290
|gen|9
|tier|[Gen 9] VGC 2025 Reg H (Bo3)
|rated|
|rule|Species Clause: Limit one of each Pokémon
|rule|Item Clause: Limit 1 of each item
|clearpoke
|poke|p1|Incineroar, L50, M|
|poke|p1|Garchomp, L50, M|
|poke|p1|Talonflame, L50, F|
|poke|p1|Tyranitar, L50, F|
|poke|p1|Gothitelle, L50, F|
|poke|p1|Gholdengo, L50|
|poke|p2|Incineroar, L50, F|
|poke|p2|Archaludon, L50, M|
|poke|p2|Kingdra, L50, F|
|poke|p2|Amoonguss, L50, M|
|poke|p2|Politoed, L50, M|
|poke|p2|Gothitelle, L50, M|
|teampreview|4
|showteam|p1|Incineroar||RockyHelmet|Intimidate|FakeOut,KnockOff,FlareBlitz,PartingShot|||M|||50|,,,,,Grass]Garchomp||ClearAmulet|SandVeil|SwordsDance,Protect,Earthquake,DragonClaw|||M|||50|,,,,,Ground]Talonflame||SafetyGoggles|GaleWings|Tailwind,BraveBird,WillOWisp,QuickGuard|||F|||50|,,,,,Ghost]Tyranitar||AssaultVest|SandStream|RockSlide,KnockOff,LowKick,TeraBlast|||F|||50|,,,,,Flying]Gothitelle||SitrusBerry|ShadowTag|FakeOut,Psychic,Taunt,Protect|||F|||50|,,,,,Grass]Gholdengo||Leftovers|GoodasGold|NastyPlot,MakeItRain,ShadowBall,Protect||||||50|,,,,,Steel
|showteam|p2|Incineroar||SafetyGoggles|Intimidate|PartingShot,KnockOff,FakeOut,Protect|||F|||50|,,,,,Ghost]Archaludon||PowerHerb|Sturdy|ElectroShot,FlashCannon,DragonPulse,Protect|||M|||50|,,,,,Electric]Kingdra||LifeOrb|SwiftSwim|WeatherBall,DracoMeteor,MuddyWater,Protect|||F|||50|,,,,,Stellar]Amoonguss||EjectButton|Regenerator|PollenPuff,Spore,RagePowder,Protect|||M|||50|,,,,,Fairy]Politoed||Leftovers|Drizzle|WeatherBall,PerishSong,Encore,Protect|||M|||50|,,,,,Grass]Gothitelle||SitrusBerry|ShadowTag|Psychic,TrickRoom,FakeOut,Protect|||M|||50|,,,,,Dark
|inactive|Battle timer is ON: inactive players will automatically lose when time's up. (requested by mudkipc4)
|inactive|w0lfeyc0nperish has 60 seconds left.
|inactive|mudkipc4 has 60 seconds left.
|
|t:|1756250292
|teamsize|p1|4
|teamsize|p2|4
|start
|switch|p1a: Garchomp|Garchomp, L50, M|100/100
|switch|p1b: Incineroar|Incineroar, L50, M|100/100
|switch|p2a: Kingdra|Kingdra, L50, F|100/100
|switch|p2b: Archaludon|Archaludon, L50, M|100/100
|-ability|p1b: Incineroar|Intimidate|boost
|-unboost|p2a: Kingdra|atk|1
|-unboost|p2b: Archaludon|atk|1
|turn|1
|inactive|w0lfeyc0nperish has 30 seconds left.
|
|t:|1756250322
|-terastallize|p1b: Incineroar|Grass
|move|p1a: Garchomp|Protect|p1a: Garchomp
|-singleturn|p1a: Garchomp|Protect
|move|p2b: Archaludon|Protect|p2b: Archaludon
|-singleturn|p2b: Archaludon|Protect
|move|p2a: Kingdra|Muddy Water|p1b: Incineroar|[spread] p1b
|-activate|p1a: Garchomp|move: Protect
|-resisted|p1b: Incineroar
|-damage|p1b: Incineroar|87/100
|-damage|p2a: Kingdra|91/100|[from] item: Life Orb
|move|p1b: Incineroar|Parting Shot|p2b: Archaludon
|-activate|p2b: Archaludon|move: Protect
|
|upkeep
|turn|2
|
|t:|1756250346
|switch|p1a: Tyranitar|Tyranitar, L50, F, shiny|100/100
|-weather|Sandstorm|[from] ability: Sand Stream|[of] p1a: Tyranitar
|move|p2b: Archaludon|Dragon Pulse|p1b: Incineroar
|-damage|p1b: Incineroar|54/100
|move|p2a: Kingdra|Draco Meteor|p1b: Incineroar|[miss]
|-miss|p2a: Kingdra|p1b: Incineroar
|move|p1b: Incineroar|Parting Shot|p2b: Archaludon
|-unboost|p2b: Archaludon|atk|1
|-unboost|p2b: Archaludon|spa|1
|
|t:|1756250358
|switch|p1b: Gholdengo|Gholdengo, L50|100/100|[from] Parting Shot
|
|-weather|Sandstorm|[upkeep]
|-damage|p2a: Kingdra|85/100|[from] Sandstorm
|upkeep
|turn|3
|
|t:|1756250376
|switch|p2b: Politoed|Politoed, L50, M|100/100
|-weather|RainDance|[from] ability: Drizzle|[of] p2b: Politoed
|switch|p1b: Incineroar|Incineroar, L50, M, tera:Grass|54/100
|-ability|p1b: Incineroar|Intimidate|boost
|-unboost|p2a: Kingdra|atk|1
|-unboost|p2b: Politoed|atk|1
|-terastallize|p2a: Kingdra|Stellar
|move|p2a: Kingdra|Weather Ball|p1b: Incineroar
|-resisted|p1b: Incineroar
|-damage|p1b: Incineroar|5/100
|-damage|p2a: Kingdra|75/100|[from] item: Life Orb
|move|p1a: Tyranitar|Knock Off|p2b: Politoed
|-crit|p2b: Politoed
|-damage|p2b: Politoed|9/100
|-enditem|p2b: Politoed|Leftovers|[from] move: Knock Off|[of] p1a: Tyranitar
|
|-weather|RainDance|[upkeep]
|upkeep
|turn|4
|inactive|mudkipc4 has 30 seconds left.
|
|t:|1756250403
|move|p2a: Kingdra|Protect|p2a: Kingdra
|-singleturn|p2a: Kingdra|Protect
|move|p2b: Politoed|Protect|p2b: Politoed
|-singleturn|p2b: Politoed|Protect
|move|p1b: Incineroar|Fake Out|p2a: Kingdra
|-activate|p2a: Kingdra|move: Protect
|move|p1a: Tyranitar|Rock Slide|p2b: Politoed|[spread] 
|-activate|p2a: Kingdra|move: Protect
|-activate|p2b: Politoed|move: Protect
|
|-weather|RainDance|[upkeep]
|upkeep
|turn|5
|inactive|mudkipc4 has 30 seconds left.
|
|t:|1756250433
|switch|p1a: Gholdengo|Gholdengo, L50|100/100
|move|p2a: Kingdra|Weather Ball|p1a: Gholdengo
|-damage|p1a: Gholdengo|21/100
|-damage|p2a: Kingdra|65/100|[from] item: Life Orb
|move|p2b: Politoed|Weather Ball|p1a: Gholdengo
|-damage|p1a: Gholdengo|0 fnt
|faint|p1a: Gholdengo
|move|p1b: Incineroar|Parting Shot|p2a: Kingdra
|-unboost|p2a: Kingdra|atk|1
|-unboost|p2a: Kingdra|spa|1
|
|t:|1756250443
|switch|p1b: Tyranitar|Tyranitar, L50, F, shiny|100/100|[from] Parting Shot
|-weather|Sandstorm|[from] ability: Sand Stream|[of] p1b: Tyranitar
|
|-weather|Sandstorm|[upkeep]
|-damage|p2a: Kingdra|59/100|[from] Sandstorm
|-damage|p2b: Politoed|3/100|[from] Sandstorm
|upkeep
|
|t:|1756250446
|switch|p1a: Garchomp|Garchomp, L50, M|100/100
|turn|6
|
|t:|1756250455
|switch|p2a: Incineroar|Incineroar, L50, F|100/100
|-ability|p2a: Incineroar|Intimidate|boost
|-fail|p1a: Garchomp|unboost|[from] item: Clear Amulet|[of] p1a: Garchomp
|-unboost|p1b: Tyranitar|atk|1
|switch|p2b: Archaludon|Archaludon, L50, M|100/100
|move|p1a: Garchomp|Swords Dance|p1a: Garchomp
|-boost|p1a: Garchomp|atk|2
|move|p1b: Tyranitar|Rock Slide|p2b: Archaludon|[spread] p2a,p2b
|-supereffective|p2a: Incineroar
|-resisted|p2b: Archaludon
|-damage|p2a: Incineroar|68/100
|-damage|p2b: Archaludon|91/100
|
|-weather|Sandstorm|[upkeep]
|upkeep
|turn|7
|
|t:|1756250470
|move|p1a: Garchomp|Protect|p1a: Garchomp
|-singleturn|p1a: Garchomp|Protect
|move|p2a: Incineroar|Fake Out|p1a: Garchomp
|-activate|p1a: Garchomp|move: Protect
|move|p2b: Archaludon|Flash Cannon|p1b: Tyranitar
|-supereffective|p1b: Tyranitar
|-damage|p1b: Tyranitar|69/100
|move|p1b: Tyranitar|Knock Off|p2b: Archaludon
|-damage|p2b: Archaludon|59/100
|-enditem|p2b: Archaludon|Power Herb|[from] move: Knock Off|[of] p1b: Tyranitar
|
|-weather|Sandstorm|[upkeep]
|upkeep
|turn|8
|
|t:|1756250485
|switch|p1b: Incineroar|Incineroar, L50, M, tera:Grass|5/100
|-ability|p1b: Incineroar|Intimidate|boost
|-unboost|p2a: Incineroar|atk|1
|-unboost|p2b: Archaludon|atk|1
|move|p1a: Garchomp|Earthquake|p2a: Incineroar|[spread] p1b,p2a,p2b
|-resisted|p1b: Incineroar
|-supereffective|p2a: Incineroar
|-supereffective|p2b: Archaludon
|-damage|p1b: Incineroar|0 fnt
|-damage|p2a: Incineroar|0 fnt
|-damage|p2b: Archaludon|0 fnt
|faint|p1b: Incineroar
|faint|p2a: Incineroar
|faint|p2b: Archaludon
|
|-weather|Sandstorm|[upkeep]
|upkeep
|
|t:|1756250492
|switch|p2b: Politoed|Politoed, L50, M|3/100
|switch|p1b: Tyranitar|Tyranitar, L50, F, shiny|69/100
|switch|p2a: Kingdra|Kingdra, L50, F, tera:Stellar|59/100
|-weather|RainDance|[from] ability: Drizzle|[of] p2b: Politoed
|-weather|Sandstorm|[from] ability: Sand Stream|[of] p1b: Tyranitar
|turn|9
|c|☆w0lfeyc0nperish|gg
|-message|w0lfeyc0nperish forfeited.
|
|win|mudkipc4
|raw|mudkipc4's rating: 1279 → 1305(+26 for winning)
|raw|w0lfeyc0nperish's rating: 1290 → 1264(-26 for losing)
|c|☆mudkipc4|ggwp
|l|☆w0lfeyc0nperish
|player|p2|
