|j|☆Viophire
|j|☆calamella
|html|Viophirecalamella    
|uhtml|bestof|Game 2 of a best-of-3
|t:|1783608300
|gametype|doubles
|player|p1|Viophire|rosa|1087
|player|p2|calamella|li|1186
|gen|9
|tier|[Gen 9 Champions] VGC 2026 Reg M-B (Bo3)
|rated|
|rule|Species Clause: Limit one of each Pokémon
|rule|Item Clause: Limit 1 of each item
|clearpoke
|poke|p1|Charizard, L50, M|
|poke|p1|Sylveon, L50, F, shiny|
|poke|p1|Sinistcha, L50|
|poke|p1|Sneasler, L50, F|
|poke|p1|Incineroar, L50, F|
|poke|p1|Metagross, L50, shiny|
|poke|p2|Charizard, L50, M|
|poke|p2|Aerodactyl, L50, F|
|poke|p2|Kingambit, L50, F|
|poke|p2|Farigiraf, L50, M|
|poke|p2|Garchomp, L50, M|
|poke|p2|Sylveon, L50, M|
|teampreview|4
|showteam|p1|Charizard||CharizarditeX|Blaze|FlareBlitz,DragonClaw,DragonDance,Protect|Adamant||M|||50|]Sylveon||FairyFeather|Pixilate|Moonblast,HyperVoice,CalmMind,Detect|Modest||F|||50|]Sinistcha||Leftovers|Hospitality|MatchaGotcha,LifeDew,RagePowder,Protect|Bold|||||50|]Sneasler||WhiteHerb|Unburden|FakeOut,DireClaw,CloseCombat,Coaching|Jolly||F|||50|]Incineroar||SitrusBerry|Intimidate|FakeOut,FlareBlitz,ThroatChop,PartingShot|Adamant||F|||50|]Metagross||Metagrossite|ClearBody|IronHead,PsychicFangs,IcePunch,Protect|Jolly|||||50|
|showteam|p2|Charizard||CharizarditeY|Blaze|HeatWave,SolarBeam,WeatherBall,Protect|Modest||M|||50|]Aerodactyl||Aerodactylite|Unnerve|RockSlide,DualWingbeat,IceFang,Tailwind|Jolly||F|||50|]Kingambit||FocusSash|Defiant|KowtowCleave,IronHead,SuckerPunch,LowKick|Adamant||F|||50|]Farigiraf||SitrusBerry|ArmorTail|Psychic,Thunderbolt,TrickRoom,Protect|Bold||M|||50|]Garchomp||LifeOrb|RoughSkin|Earthquake,DragonClaw,StompingTantrum,Protect|Jolly||M|||50|]Sylveon||FairyFeather|Pixilate|HyperVoice,HyperBeam,QuickAttack,Protect|Modest||M|||50|
|
|t:|1783608336
|teamsize|p1|4
|teamsize|p2|4
|start
|switch|p1a: Mejiro Ardan|Charizard, L50, M|100/100
|switch|p1b: Nice Nature|Incineroar, L50, F|100/100
|switch|p2a: Charizard|Charizard, L50, M|100/100
|switch|p2b: Aerodactyl|Aerodactyl, L50, F|100/100
|-ability|p2b: Aerodactyl|Unnerve
|-ability|p1b: Nice Nature|Intimidate|boost
|-unboost|p2a: Charizard|atk|1
|-unboost|p2b: Aerodactyl|atk|1
|turn|1
|
|t:|1783608394
|switch|p2a: Farigiraf|Farigiraf, L50, M|100/100
|detailschange|p1a: Mejiro Ardan|Charizard-Mega-X, L50, M
|-mega|p1a: Mejiro Ardan|Charizard|Charizardite X
|move|p2b: Aerodactyl|Rock Slide|p1a: Mejiro Ardan|[spread] p1a,p1b
|-supereffective|p1a: Mejiro Ardan|1
|-supereffective|p1b: Nice Nature|1
|-damage|p1a: Mejiro Ardan|77/100
|-damage|p1b: Nice Nature|76/100
|move|p1a: Mejiro Ardan|Dragon Dance|p1a: Mejiro Ardan
|-boost|p1a: Mejiro Ardan|atk|1
|-boost|p1a: Mejiro Ardan|spe|1
|move|p1b: Nice Nature|Parting Shot|p2b: Aerodactyl
|-unboost|p2b: Aerodactyl|atk|1
|-unboost|p2b: Aerodactyl|spa|1
|l|☆Viophire
|player|p1|
|j|☆Viophire
|player|p1|Viophire|rosa|
|
|t:|1783608405
|switch|p1b: Mannhantan Cafe|Sinistcha, L50|100/100|[from] Parting Shot
|-heal|p1a: Mejiro Ardan|100/100|[from] ability: Hospitality|[of] p1b: Mannhantan Cafe
|
|upkeep
|turn|2
|l|☆Viophire
|player|p1|
|j|☆Viophire
|player|p1|Viophire|rosa|
|
|t:|1783608432
|move|p1b: Mannhantan Cafe|Protect|p1b: Mannhantan Cafe
|-singleturn|p1b: Mannhantan Cafe|Protect
|move|p2b: Aerodactyl|Tailwind|p2b: Aerodactyl
|-sidestart|p2: calamella|move: Tailwind
|move|p1a: Mejiro Ardan|Flare Blitz|p2b: Aerodactyl
|-resisted|p2b: Aerodactyl|1
|-crit|p2b: Aerodactyl
|-damage|p2b: Aerodactyl|0 fnt
|faint|p2b: Aerodactyl
|-damage|p1a: Mejiro Ardan|67/100|[from] Recoil
|move|p2a: Farigiraf|Thunderbolt|p1a: Mejiro Ardan
|-resisted|p1a: Mejiro Ardan|1
|-damage|p1a: Mejiro Ardan|55/100
|
|upkeep
|
|t:|1783608445
|switch|p2b: Charizard|Charizard, L50, M|100/100
|turn|3
|
|t:|1783608470
|switch|p2a: Kingambit|Kingambit, L50, F|100/100
|switch|p1b: Nice Nature|Incineroar, L50, F|76/100
|-ability|p1b: Nice Nature|Intimidate|boost
|-unboost|p2a: Kingambit|atk|1
|-ability|p2a: Kingambit|Defiant|boost
|-boost|p2a: Kingambit|atk|2
|-unboost|p2b: Charizard|atk|1
|detailschange|p2b: Charizard|Charizard-Mega-Y, L50, M
|-mega|p2b: Charizard|Charizard|Charizardite Y
|-weather|SunnyDay|[from] ability: Drought|[of] p2b: Charizard
|move|p1a: Mejiro Ardan|Protect|p1a: Mejiro Ardan
|-singleturn|p1a: Mejiro Ardan|Protect
|move|p2b: Charizard|Weather Ball|p1b: Nice Nature
|-resisted|p1b: Nice Nature|1
|-damage|p1b: Nice Nature|37/100
|-enditem|p1b: Nice Nature|Sitrus Berry|[eat]
|-heal|p1b: Nice Nature|61/100|[from] item: Sitrus Berry
|
|-weather|SunnyDay|[upkeep]
|upkeep
|turn|4
|
|t:|1783608513
|switch|p2b: Farigiraf|Farigiraf, L50, M|100/100
|move|p1a: Mejiro Ardan|Protect|p1a: Mejiro Ardan
|-singleturn|p1a: Mejiro Ardan|Protect
|move|p2a: Kingambit|Kowtow Cleave|p1a: Mejiro Ardan
|-activate|p1a: Mejiro Ardan|move: Protect
|move|p1b: Nice Nature|Flare Blitz|p2a: Kingambit
|-supereffective|p2a: Kingambit|1
|-enditem|p2a: Kingambit|Focus Sash
|-damage|p2a: Kingambit|1/100
|-damage|p1b: Nice Nature|33/100|[from] Recoil
|
|-weather|SunnyDay|[upkeep]
|upkeep
|turn|5
|
|t:|1783608542
|switch|p1b: Mannhantan Cafe|Sinistcha, L50|100/100
|-heal|p1a: Mejiro Ardan|80/100|[from] ability: Hospitality|[of] p1b: Mannhantan Cafe
|move|p2a: Kingambit|Sucker Punch|p1a: Mejiro Ardan
|-damage|p1a: Mejiro Ardan|28/100
|move|p1a: Mejiro Ardan|Dragon Claw|p2a: Kingambit
|-resisted|p2a: Kingambit|1
|-damage|p2a: Kingambit|0 fnt
|faint|p2a: Kingambit
|move|p2b: Farigiraf|Thunderbolt|p1a: Mejiro Ardan
|-resisted|p1a: Mejiro Ardan|1
|-damage|p1a: Mejiro Ardan|16/100
|
|-weather|SunnyDay|[upkeep]
|-sideend|p2: calamella|move: Tailwind
|upkeep
|
|t:|1783608550
|switch|p2a: Charizard|Charizard-Mega-Y, L50, M|100/100
|turn|6
|
|t:|1783608568
|switch|p1b: Nice Nature|Incineroar, L50, F|33/100
|-ability|p1b: Nice Nature|Intimidate|boost
|-unboost|p2a: Charizard|atk|1
|-unboost|p2b: Farigiraf|atk|1
|move|p1a: Mejiro Ardan|Protect|p1a: Mejiro Ardan
|-singleturn|p1a: Mejiro Ardan|Protect
|move|p2b: Farigiraf|Protect|p2b: Farigiraf
|-singleturn|p2b: Farigiraf|Protect
|move|p2a: Charizard|Heat Wave|p1b: Nice Nature|[spread] p1b
|-activate|p1a: Mejiro Ardan|move: Protect
|-resisted|p1b: Nice Nature|1
|-damage|p1b: Nice Nature|6/100
|
|-weather|SunnyDay|[upkeep]
|upkeep
|turn|7
|
|t:|1783608610
|switch|p1b: Mannhantan Cafe|Sinistcha, L50|100/100
|-heal|p1a: Mejiro Ardan|41/100|[from] ability: Hospitality|[of] p1b: Mannhantan Cafe
|move|p1a: Mejiro Ardan|Flare Blitz|p2b: Farigiraf
|-damage|p2b: Farigiraf|0 fnt
|faint|p2b: Farigiraf
|-damage|p1a: Mejiro Ardan|2/100|[from] Recoil
|move|p2a: Charizard|Heat Wave|p1b: Mannhantan Cafe|[spread] p1a,p1b
|-resisted|p1a: Mejiro Ardan|2
|-supereffective|p1b: Mannhantan Cafe|1
|-damage|p1a: Mejiro Ardan|0 fnt
|-damage|p1b: Mannhantan Cafe|0 fnt
|faint|p1a: Mejiro Ardan
|faint|p1b: Mannhantan Cafe
|
|-weather|none
|upkeep
|
|t:|1783608619
|switch|p1a: Nice Nature|Incineroar, L50, F|6/100
|switch|p1b: Daring Tact|Sylveon, L50, F, shiny|100/100
|-ability|p1a: Nice Nature|Intimidate|boost
|-unboost|p2a: Charizard|atk|1
|turn|8
|
|t:|1783608631
|move|p2a: Charizard|Protect|p2a: Charizard
|-singleturn|p2a: Charizard|Protect
|move|p1a: Nice Nature|Fake Out|p2a: Charizard
|-activate|p2a: Charizard|move: Protect
|move|p1b: Daring Tact|Calm Mind|p1b: Daring Tact
|-boost|p1b: Daring Tact|spa|1
|-boost|p1b: Daring Tact|spd|1
|
|upkeep
|turn|9
|
|t:|1783608646
|move|p2a: Charizard|Heat Wave|p1b: Daring Tact|[spread] p1a,p1b
|-resisted|p1a: Nice Nature|1
|-damage|p1a: Nice Nature|0 fnt
|-damage|p1b: Daring Tact|79/100
|faint|p1a: Nice Nature
|move|p1b: Daring Tact|Moonblast|p2a: Charizard
|-resisted|p2a: Charizard|1
|-damage|p2a: Charizard|63/100
|
|upkeep
|turn|10
|
|t:|1783608655
|move|p2a: Charizard|Heat Wave|p1b: Daring Tact
|-damage|p1b: Daring Tact|51/100
|move|p1b: Daring Tact|Moonblast|p2a: Charizard
|-resisted|p2a: Charizard|1
|-damage|p2a: Charizard|25/100
|
|upkeep
|turn|11
|
|t:|1783608662
|move|p2a: Charizard|Heat Wave|p1b: Daring Tact
|-damage|p1b: Daring Tact|22/100
|move|p1b: Daring Tact|Moonblast|p2a: Charizard
|-resisted|p2a: Charizard|1
|-crit|p2a: Charizard
|-damage|p2a: Charizard|0 fnt
|faint|p2a: Charizard
|
|win|Viophire
||calamella is ready for game 3.
||Viophire is ready for game 3.
|uhtml|next|Next: Game 3 of 3
