|j|☆AdvilForRadvil
|j|☆0oBRUNCHo0
|html|AdvilForRadvil0oBRUNCHo0    
|uhtml|bestof|Game 3 of a best-of-3
|t:|1785660297
|gametype|doubles
|player|p1|AdvilForRadvil|cyclist|1070
|player|p2|0oBRUNCHo0|unknown|1040
|gen|9
|tier|[Gen 9 Champions] VGC 2026 Reg M-B (Bo3)
|rated|
|rule|Species Clause: Limit one of each Pokémon
|rule|Item Clause: Limit 1 of each item
|clearpoke
|poke|p1|Oranguru, L50, F|
|poke|p1|Golurk, L50|
|poke|p1|Farigiraf, L50, F|
|poke|p1|Torkoal, L50, M|
|poke|p1|Kingambit, L50, M|
|poke|p1|Sylveon, L50, M|
|poke|p2|Kangaskhan, L50, F, shiny|
|poke|p2|Farigiraf, L50, F, shiny|
|poke|p2|Mawile, L50, F|
|poke|p2|Kingambit, L50, M|
|poke|p2|Basculegion, L50, M|
|poke|p2|Torkoal, L50, M|
|teampreview|4
|showteam|p1|Oranguru||ColburBerry|InnerFocus|TrickRoom,Encore,HyperVoice,Instruct|Relaxed||F|||50|]Golurk||Golurkite|IronFist|HeadlongRush,Poltergeist,HammerArm,Protect|Brave|||||50|]Farigiraf||SitrusBerry|ArmorTail|TrickRoom,HyperVoice,PsychicFangs,HelpingHand|Sassy||F|||50|]Torkoal||Charcoal|Drought|Eruption,HeatWave,SolarBeam,Protect|Quiet||M|||50|]Kingambit||BlackGlasses|Defiant|SuckerPunch,KowtowCleave,IronHead,Protect|Brave||M|||50|]Sylveon||FairyFeather|Pixilate|HyperVoice,HyperBeam,QuickAttack,Protect|Quiet||M|||50|
|showteam|p2|Kangaskhan||SilkScarf|Scrappy|FakeOut,LastResort|Brave||F|||50|]Farigiraf||SitrusBerry|ArmorTail|TrickRoom,Protect,Psychic,HelpingHand|Relaxed||F|||50|]Mawile||Mawilite|Intimidate|SuckerPunch,RockSlide,PlayRough,Protect|Brave||F|||50|]Kingambit||LifeOrb|Defiant|SwordsDance,SuckerPunch,Protect,KowtowCleave|Adamant||M|||50|]Basculegion||FocusSash|Adaptability|LastRespects,Protect,AquaJet,Liquidation|Adamant||M|||50|]Torkoal||Charcoal|Drought|Eruption,EarthPower,WeatherBall,Protect|Quiet||M|||50|
|
|t:|1785660355
|teamsize|p1|4
|teamsize|p2|4
|start
|switch|p1a: Oranguru|Oranguru, L50, F|100/100
|switch|p1b: Golurk|Golurk, L50|100/100
|switch|p2a: Basculegion|Basculegion, L50, M|100/100
|switch|p2b: Kangaskhan|Kangaskhan, L50, F, shiny|100/100
|turn|1
|
|t:|1785660397
|detailschange|p1b: Golurk|Golurk-Mega, L50
|-mega|p1b: Golurk|Golurk|Golurkite
|move|p2b: Kangaskhan|Fake Out|p1a: Oranguru
|-damage|p1a: Oranguru|82/100
|move|p2a: Basculegion|Liquidation|p1b: Golurk
|-supereffective|p1b: Golurk|1
|-damage|p1b: Golurk|0 fnt
|faint|p1b: Golurk
|move|p1a: Oranguru|Trick Room|p1a: Oranguru
|-fieldstart|move: Trick Room|[of] p1a: Oranguru
|
|upkeep
|
|t:|1785660405
|switch|p1b: Kingambit|Kingambit, L50, M|100/100
|turn|2
|
|t:|1785660421
|move|p1b: Kingambit|Kowtow Cleave|p2a: Basculegion
|-supereffective|p2a: Basculegion|1
|-enditem|p2a: Basculegion|Focus Sash
|-damage|p2a: Basculegion|1/100
|move|p1a: Oranguru|Instruct|p1b: Kingambit
|-singleturn|p1b: Kingambit|move: Instruct|[of] p1a: Oranguru
|move|p1b: Kingambit|Kowtow Cleave|p2a: Basculegion
|-supereffective|p2a: Basculegion|1
|-crit|p2a: Basculegion
|-damage|p2a: Basculegion|0 fnt
|faint|p2a: Basculegion
|move|p2b: Kangaskhan|Last Resort|p1b: Kingambit
|-resisted|p1b: Kingambit|1
|-damage|p1b: Kingambit|71/100
|
|upkeep
|
|t:|1785660441
|switch|p2a: Farigiraf|Farigiraf, L50, F, shiny|100/100
|turn|3
|
|t:|1785660494
|move|p2a: Farigiraf|Protect|p2a: Farigiraf
|-singleturn|p2a: Farigiraf|Protect
|move|p1b: Kingambit|Kowtow Cleave|p2a: Farigiraf
|-activate|p2a: Farigiraf|move: Protect
|move|p1a: Oranguru|Instruct|p1b: Kingambit
|-singleturn|p1b: Kingambit|move: Instruct|[of] p1a: Oranguru
|move|p1b: Kingambit|Kowtow Cleave|p2a: Farigiraf
|-activate|p2a: Farigiraf|move: Protect
|move|p2b: Kangaskhan|Last Resort|p1a: Oranguru
|-damage|p1a: Oranguru|26/100
|
|upkeep
|turn|4
|
|t:|1785660523
|move|p2a: Farigiraf|Helping Hand|p2b: Kangaskhan
|-singleturn|p2b: Kangaskhan|Helping Hand|[of] p2a: Farigiraf
|move|p1b: Kingambit|Kowtow Cleave|p2b: Kangaskhan
|-damage|p2b: Kangaskhan|37/100
|move|p1a: Oranguru|Instruct|p1b: Kingambit
|-singleturn|p1b: Kingambit|move: Instruct|[of] p1a: Oranguru
|move|p1b: Kingambit|Kowtow Cleave|p2b: Kangaskhan
|-damage|p2b: Kangaskhan|0 fnt
|faint|p2b: Kangaskhan
|
|upkeep
|
|t:|1785660531
|switch|p2b: Mawile|Mawile, L50, F|100/100
|-ability|p2b: Mawile|Intimidate|boost
|-fail|p1a: Oranguru|unboost|Attack|[from] ability: Inner Focus|[of] p1a: Oranguru
|-unboost|p1b: Kingambit|atk|1
|-ability|p1b: Kingambit|Defiant|boost
|-boost|p1b: Kingambit|atk|2
|turn|5
|
|t:|1785660562
|switch|p1a: Farigiraf|Farigiraf, L50, F|100/100
|detailschange|p2b: Mawile|Mawile-Mega, L50, F
|-mega|p2b: Mawile|Mawile|Mawilite
|move|p1b: Kingambit|Protect|p1b: Kingambit
|-singleturn|p1b: Kingambit|Protect
|move|p2a: Farigiraf|Protect|p2a: Farigiraf
|-singleturn|p2a: Farigiraf|Protect
|move|p2b: Mawile|Play Rough|p1b: Kingambit
|-activate|p1b: Kingambit|move: Protect
|
|-fieldend|move: Trick Room
|upkeep
|turn|6
|
|t:|1785660574
|move|p1a: Farigiraf|Helping Hand|p1b: Kingambit
|-singleturn|p1b: Kingambit|Helping Hand|[of] p1a: Farigiraf
|move|p2a: Farigiraf|Helping Hand|p2b: Mawile
|-singleturn|p2b: Mawile|Helping Hand|[of] p2a: Farigiraf
|move|p2b: Mawile|Play Rough|p1b: Kingambit
|-damage|p1b: Kingambit|0 fnt
|faint|p1b: Kingambit
|
|upkeep
|-message|AdvilForRadvil forfeited.
|
|win|0oBRUNCHo0
|raw|AdvilForRadvil's rating: 1105 → 1075(-30 for losing)
|raw|0oBRUNCHo0's rating: 1040 → 1080(+40 for winning)
|l|☆AdvilForRadvil
|player|p1|
