|j|☆TransGirlChomp1
|j|☆wat2199
|html|TransGirlChomp1wat2199    
|uhtml|bestof|Game 2 of a best-of-3
|t:|1784342212
|gametype|doubles
|player|p1|TransGirlChomp1|skierf|1286
|player|p2|wat2199|nurse|1155
|gen|9
|tier|[Gen 9 Champions] VGC 2026 Reg M-B (Bo3)
|rated|
|rule|Species Clause: Limit one of each Pokémon
|rule|Item Clause: Limit 1 of each item
|clearpoke
|poke|p1|Garchomp, L50, F|
|poke|p1|Tyranitar, L50, M|
|poke|p1|Gholdengo, L50|
|poke|p1|Venusaur, L50, F|
|poke|p1|Incineroar, L50, M|
|poke|p1|Milotic, L50, F|
|poke|p2|Metagross, L50, shiny|
|poke|p2|Floette-Eternal, L50, F|
|poke|p2|Sneasler, L50, M|
|poke|p2|Sinistcha, L50|
|poke|p2|Incineroar, L50, M|
|poke|p2|Pelipper, L50, F|
|teampreview|4
|showteam|p1|Garchomp||Garchompite|SandVeil|EarthPower,DragonPulse,PowerGem,Protect|Modest||F|||50|]Tyranitar||ChoiceScarf|SandStream|RockSlide,KnockOff,LowKick,IcyWind|Adamant||M|||50|]Gholdengo||LifeOrb|GoodasGold|MakeItRain,ShadowBall,NastyPlot,Protect|Modest|||||50|]Venusaur||Venusaurite|Chlorophyll|GigaDrain,SludgeBomb,LeechSeed,Protect|Modest||F|||50|]Incineroar||PasshoBerry|Intimidate|FakeOut,FlareBlitz,ThroatChop,PartingShot|Careful||M|||50|]Milotic||Leftovers|Competitive|Scald,IcyWind,Haze,Protect|Modest||F|||50|
|showteam|p2|Metagross||Metagrossite|ClearBody|PsychicFangs,StompingTantrum,BulletPunch,Protect|Adamant|||||50|]Floette-Eternal||Floettite|FlowerVeil|Moonblast,DazzlingGleam,CalmMind,Protect|Modest||F|||50|]Sneasler||WhiteHerb|Unburden|CloseCombat,RockTomb,Coaching,FakeOut|Jolly||M|||50|]Sinistcha||FocusSash|Hospitality|ShadowBall,GigaDrain,RagePowder,Protect|Modest|||||50|]Incineroar||SitrusBerry|Intimidate|DarkestLariat,FakeOut,PartingShot,Roar|Adamant||M|||50|]Pelipper||LifeOrb|Drizzle|WeatherBall,Hurricane,Tailwind,Protect|Bold||F|||50|
|inactive|Battle timer is ON: inactive players will automatically lose when time's up. (requested by TransGirlChomp1)
|inactive|wat2199 also wants the timer to be on.
|inactive|TransGirlChomp1 has 60 seconds left.
|inactive|wat2199 has 60 seconds left.
|
|t:|1784342263
|teamsize|p1|4
|teamsize|p2|4
|start
|switch|p1a: Garchomp|Garchomp, L50, F|100/100
|switch|p1b: Tyranitar|Tyranitar, L50, M|100/100
|switch|p2a: Suzzy|Metagross, L50, shiny|100/100
|switch|p2b: Rey|Sneasler, L50, M|100/100
|-weather|Sandstorm|[from] ability: Sand Stream|[of] p1b: Tyranitar
|turn|1
|
|t:|1784342286
|switch|p2b: Sprinkles|Pelipper, L50, F|100/100
|-weather|RainDance|[from] ability: Drizzle|[of] p2b: Sprinkles
|switch|p1b: Gholdengo|Gholdengo, L50|100/100
|detailschange|p1a: Garchomp|Garchomp-Mega, L50, F
|-mega|p1a: Garchomp|Garchomp|Garchompite
|move|p2a: Suzzy|Protect|p2a: Suzzy
|-singleturn|p2a: Suzzy|Protect
|move|p1a: Garchomp|Earth Power|p2a: Suzzy
|-activate|p2a: Suzzy|move: Protect
|
|-weather|RainDance|[upkeep]
|upkeep
|turn|2
|
|t:|1784342307
|switch|p1b: Tyranitar|Tyranitar, L50, M|100/100
|-weather|Sandstorm|[from] ability: Sand Stream|[of] p1b: Tyranitar
|switch|p2a: Ana|Sinistcha, L50|100/100
|move|p1a: Garchomp|Earth Power|p2a: Ana
|-resisted|p2a: Ana|1
|-damage|p2a: Ana|61/100
|-unboost|p2a: Ana|spd|1
|move|p2b: Sprinkles|Tailwind|p2b: Sprinkles
|-sidestart|p2: wat2199|move: Tailwind
|
|-weather|Sandstorm|[upkeep]
|-damage|p2b: Sprinkles|94/100|[from] Sandstorm
|-damage|p2a: Ana|55/100|[from] Sandstorm
|upkeep
|turn|3
|inactive|wat2199 has 30 seconds left.
|inactive|wat2199 has 20 seconds left.
|
|t:|1784342344
|switch|p2b: Suzzy|Metagross, L50, shiny|100/100
|move|p2a: Ana|Rage Powder|p2a: Ana
|-singleturn|p2a: Ana|move: Rage Powder
|move|p1b: Tyranitar|Knock Off|p2a: Ana
|-supereffective|p2a: Ana|1
|-damage|p2a: Ana|0 fnt
|-enditem|p2a: Ana|Focus Sash|[from] move: Knock Off|[of] p1b: Tyranitar
|faint|p2a: Ana
|move|p1a: Garchomp|Power Gem|p2b: Suzzy
|-resisted|p2b: Suzzy|1
|-damage|p2b: Suzzy|79/100
|
|-weather|Sandstorm|[upkeep]
|upkeep
|
|t:|1784342356
|switch|p2a: Sprinkles|Pelipper, L50, F|94/100
|-weather|RainDance|[from] ability: Drizzle|[of] p2a: Sprinkles
|turn|4
|
|t:|1784342369
|switch|p1b: Gholdengo|Gholdengo, L50|100/100
|detailschange|p2b: Suzzy|Metagross-Mega, L50, shiny
|-mega|p2b: Suzzy|Metagross|Metagrossite
|move|p1a: Garchomp|Protect|p1a: Garchomp
|-singleturn|p1a: Garchomp|Protect
|move|p2b: Suzzy|Stomping Tantrum|p1b: Gholdengo
|-supereffective|p1b: Gholdengo|1
|-damage|p1b: Gholdengo|20/100y
|move|p2a: Sprinkles|Weather Ball|p1a: Garchomp
|-activate|p1a: Garchomp|move: Protect
|
|-weather|RainDance|[upkeep]
|upkeep
|turn|5
|
|t:|1784342386
|switch|p2a: Rey|Sneasler, L50, M|100/100
|switch|p1b: Tyranitar|Tyranitar, L50, M|100/100
|-weather|Sandstorm|[from] ability: Sand Stream|[of] p1b: Tyranitar
|move|p2b: Suzzy|Stomping Tantrum|p1b: Tyranitar
|-supereffective|p1b: Tyranitar|1
|-damage|p1b: Tyranitar|31/100
|move|p1a: Garchomp|Power Gem|p2a: Rey
|-resisted|p2a: Rey|1
|-damage|p2a: Rey|76/100
|
|-weather|Sandstorm|[upkeep]
|-damage|p2a: Rey|70/100|[from] Sandstorm
|-sideend|p2: wat2199|move: Tailwind
|upkeep
|turn|6
|
|t:|1784342403
|switch|p1b: Incineroar|Incineroar, L50, M|100/100
|-ability|p1b: Incineroar|Intimidate|boost
|-unboost|p2a: Rey|atk|1
|-unboost|p2b: Suzzy|atk|1
|-enditem|p2a: Rey|White Herb
|-clearnegativeboost|p2a: Rey|[silent]
|move|p2a: Rey|Fake Out|p1a: Garchomp
|-damage|p1a: Garchomp|87/100
|move|p2b: Suzzy|Bullet Punch|p1b: Incineroar
|-resisted|p1b: Incineroar|1
|-damage|p1b: Incineroar|91/100
|cant|p1a: Garchomp|flinch
|
|-weather|Sandstorm|[upkeep]
|-damage|p2a: Rey|65/100|[from] Sandstorm
|-damage|p1b: Incineroar|85/100|[from] Sandstorm
|upkeep
|turn|7
|
|t:|1784342425
|switch|p2a: Sprinkles|Pelipper, L50, F|94/100
|-weather|RainDance|[from] ability: Drizzle|[of] p2a: Sprinkles
|move|p2b: Suzzy|Protect|p2b: Suzzy
|-singleturn|p2b: Suzzy|Protect
|move|p1b: Incineroar|Fake Out|p2a: Sprinkles
|-damage|p2a: Sprinkles|83/100
|move|p1a: Garchomp|Earth Power|p2b: Suzzy
|-activate|p2b: Suzzy|move: Protect
|
|-weather|RainDance|[upkeep]
|upkeep
|turn|8
|
|t:|1784342449
|switch|p1b: Tyranitar|Tyranitar, L50, M|31/100
|-weather|Sandstorm|[from] ability: Sand Stream|[of] p1b: Tyranitar
|move|p2b: Suzzy|Stomping Tantrum|p1b: Tyranitar
|-supereffective|p1b: Tyranitar|1
|-damage|p1b: Tyranitar|0 fnt
|faint|p1b: Tyranitar
|move|p1a: Garchomp|Earth Power|p2b: Suzzy
|-supereffective|p2b: Suzzy|1
|-damage|p2b: Suzzy|0 fnt
|faint|p2b: Suzzy
|move|p2a: Sprinkles|Weather Ball|p1a: Garchomp
|-resisted|p1a: Garchomp|1
|-damage|p1a: Garchomp|71/100
|-damage|p2a: Sprinkles|73/100|[from] item: Life Orb
|
|-weather|Sandstorm|[upkeep]
|-damage|p2a: Sprinkles|67/100|[from] Sandstorm
|upkeep
|
|t:|1784342465
|switch|p2b: Rey|Sneasler, L50, M|65/100
|switch|p1b: Incineroar|Incineroar, L50, M|85/100
|-ability|p1b: Incineroar|Intimidate|boost
|-unboost|p2a: Sprinkles|atk|1
|-unboost|p2b: Rey|atk|1
|turn|9
|
|t:|1784342475
|move|p2b: Rey|Fake Out|p1b: Incineroar
|-damage|p1b: Incineroar|77/100
|cant|p1b: Incineroar|flinch
|move|p1a: Garchomp|Earth Power|p2b: Rey
|-supereffective|p2b: Rey|1
|-damage|p2b: Rey|0 fnt
|faint|p2b: Rey
|move|p2a: Sprinkles|Hurricane|p1a: Garchomp
|-damage|p1a: Garchomp|22/100
|-damage|p2a: Sprinkles|58/100|[from] item: Life Orb
|
|-weather|Sandstorm|[upkeep]
|-damage|p2a: Sprinkles|52/100|[from] Sandstorm
|-damage|p1b: Incineroar|71/100|[from] Sandstorm
|upkeep
|turn|10
|
|t:|1784342491
|move|p2a: Sprinkles|Protect|p2a: Sprinkles
|-singleturn|p2a: Sprinkles|Protect
|move|p1a: Garchomp|Power Gem|p2a: Sprinkles
|-activate|p2a: Sprinkles|move: Protect
|move|p1b: Incineroar|Throat Chop|p2a: Sprinkles
|-activate|p2a: Sprinkles|move: Protect
|
|-weather|Sandstorm|[upkeep]
|-damage|p2a: Sprinkles|47/100|[from] Sandstorm
|-damage|p1b: Incineroar|65/100|[from] Sandstorm
|upkeep
|turn|11
|
|t:|1784342510
|move|p1a: Garchomp|Power Gem|p2a: Sprinkles
|-supereffective|p2a: Sprinkles|1
|-damage|p2a: Sprinkles|0 fnt
|faint|p2a: Sprinkles
|
|win|TransGirlChomp1
||TransGirlChomp1 is ready for game 3.
||wat2199 is ready for game 3.
|uhtml|next|Next: Game 3 of 3
|l|☆wat2199
|player|p2|
