|j|☆Foffa
|j|☆regHater
|html|FoffaregHater    
|uhtml|bestof|Game 1 of a best-of-3
|t:|1756986355
|gametype|doubles
|player|p1|Foffa|265|1310
|player|p2|regHater|2|1336
|gen|9
|tier|[Gen 9] VGC 2025 Reg H (Bo3)
|rated|
|rule|Species Clause: Limit one of each Pokémon
|rule|Item Clause: Limit 1 of each item
|clearpoke
|poke|p1|Chesnaught, L50, M|
|poke|p1|Ninetales-Alola, L50, M|
|poke|p1|Incineroar, L50, F|
|poke|p1|Gholdengo, L50|
|poke|p1|Garchomp, L50, M|
|poke|p1|Glimmora, L50, M|
|poke|p2|Dragonite, L50, F|
|poke|p2|Gholdengo, L50|
|poke|p2|Rillaboom, L50, M|
|poke|p2|Arcanine-Hisui, L50, F|
|poke|p2|Annihilape, L50, M|
|poke|p2|Murkrow, L50, F|
|teampreview|4
|showteam|p1|Chesnaught||Leftovers|Bulletproof|SpikyShield,IronDefense,BodyPress,LeechSeed|||M|||50|,,,,,Steel]Ninetales-Alola||LightClay|SnowWarning|Protect,AuroraVeil,Blizzard,IcyWind|||M|||50|,,,,,Fire]Incineroar||RockyHelmet|Intimidate|FlareBlitz,FakeOut,KnockOff,PartingShot|||F|||50|,,,,,Fairy]Gholdengo||ChoiceScarf|GoodasGold|MakeItRain,ShadowBall,Trick,PowerGem||||||50|,,,,,Steel]Garchomp||ClearAmulet|RoughSkin|DragonClaw,Protect,StompingTantrum,Earthquake|||M|||50|,,,,,Fire]Glimmora||AssaultVest|ToxicDebris|PowerGem,EarthPower,SludgeBomb,MortalSpin|||M|||50|,,,,,Grass
|showteam|p2|Dragonite||LoadedDice|Multiscale|Protect,ScaleShot,LowKick,ExtremeSpeed|||F|||50|,,,,,Fairy]Gholdengo||ChoiceSpecs|GoodasGold|Thunderbolt,PowerGem,MakeItRain,ShadowBall||||||50|,,,,,Steel]Rillaboom||AssaultVest|GrassySurge|FakeOut,HighHorsepower,WoodHammer,GrassyGlide|||M|||50|,,,,,Fire]Arcanine-Hisui||ClearAmulet|Intimidate|Protect,FlareBlitz,RockSlide,ExtremeSpeed|||F|||50|,,,,,Water]Annihilape||FocusSash|Defiant|Coaching,CloseCombat,RageFist,FinalGambit|||M|||50|,,,,,Stellar]Murkrow||Eviolite|Prankster|Haze,Tailwind,FoulPlay,Taunt|||F|||50|,,,,,Ghost
|inactive|Battle timer is ON: inactive players will automatically lose when time's up. (requested by regHater)
|
|t:|1756986412
|teamsize|p1|4
|teamsize|p2|4
|start
|switch|p1a: Ninetales|Ninetales-Alola, L50, M|100/100
|switch|p1b: Chesnaught|Chesnaught, L50, M|100/100
|switch|p2a: Annihilape|Annihilape, L50, M|100/100
|switch|p2b: Arcanine|Arcanine-Hisui, L50, F|100/100
|-weather|Snowscape|[from] ability: Snow Warning|[of] p1a: Ninetales
|-ability|p2b: Arcanine|Intimidate|boost
|-unboost|p1a: Ninetales|atk|1
|-unboost|p1b: Chesnaught|atk|1
|turn|1
|inactive|Foffa has 30 seconds left.
|
|t:|1756986437
|switch|p1a: Incineroar|Incineroar, L50, F|100/100
|-ability|p1a: Incineroar|Intimidate|boost
|-unboost|p2a: Annihilape|atk|1
|-ability|p2a: Annihilape|Defiant|boost
|-boost|p2a: Annihilape|atk|2
|-fail|p2b: Arcanine|unboost|[from] item: Clear Amulet|[of] p2b: Arcanine
|move|p1b: Chesnaught|Spiky Shield|p1b: Chesnaught
|-singleturn|p1b: Chesnaught|move: Protect
|move|p2a: Annihilape|Coaching|p2b: Arcanine
|-boost|p2b: Arcanine|atk|1
|-boost|p2b: Arcanine|def|1
|move|p2b: Arcanine|Flare Blitz|p1b: Chesnaught
|-activate|p1b: Chesnaught|move: Protect
|-damage|p2b: Arcanine|88/100|[from] Spiky Shield|[of] p1b: Chesnaught
|
|-weather|Snowscape|[upkeep]
|upkeep
|turn|2
|
|t:|1756986457
|move|p1a: Incineroar|Fake Out|p2b: Arcanine
|-resisted|p2b: Arcanine
|-damage|p2b: Arcanine|83/100
|move|p2a: Annihilape|Final Gambit|p1a: Incineroar
|-damage|p1a: Incineroar|0 fnt
|faint|p2a: Annihilape
|faint|p1a: Incineroar
|cant|p2b: Arcanine|flinch
|move|p1b: Chesnaught|Iron Defense|p1b: Chesnaught
|-boost|p1b: Chesnaught|def|2
|
|-weather|Snowscape|[upkeep]
|upkeep
|
|t:|1756986467
|switch|p2a: Murkrow|Murkrow, L50, F, shiny|100/100
|switch|p1a: Gholdengo|Gholdengo, L50|100/100
|turn|3
|inactive|Foffa has 30 seconds left.
|
|t:|1756986494
|move|p2a: Murkrow|Tailwind|p2a: Murkrow
|-sidestart|p2: regHater|move: Tailwind
|move|p2b: Arcanine|Flare Blitz|p1a: Gholdengo
|-supereffective|p1a: Gholdengo
|-damage|p1a: Gholdengo|0 fnt
|faint|p1a: Gholdengo
|-damage|p2b: Arcanine|52/100|[from] Recoil
|move|p1b: Chesnaught|Body Press|p2b: Arcanine
|-supereffective|p2b: Arcanine
|-damage|p2b: Arcanine|0 fnt
|faint|p2b: Arcanine
|
|-weather|Snowscape|[upkeep]
|upkeep
|
|t:|1756986498
|switch|p2b: Gholdengo|Gholdengo, L50|100/100
|switch|p1a: Ninetales|Ninetales-Alola, L50, M|100/100
|turn|4
|inactive|Foffa has 30 seconds left.
|inactive|regHater has 30 seconds left.
|inactive|Foffa has 20 seconds left.
|
|t:|1756986538
|-terastallize|p2a: Murkrow|Ghost
|move|p1a: Ninetales|Protect|p1a: Ninetales
|-singleturn|p1a: Ninetales|Protect
|move|p2a: Murkrow|Taunt|p1a: Ninetales
|-activate|p1a: Ninetales|move: Protect
|move|p2b: Gholdengo|Make It Rain|p1b: Chesnaught|[spread] p1b
|-activate|p1a: Ninetales|move: Protect
|-damage|p1b: Chesnaught|36/100
|-unboost|p2b: Gholdengo|spa|1
|move|p1b: Chesnaught|Leech Seed|p2a: Murkrow
|-start|p2a: Murkrow|move: Leech Seed
|
|-weather|Snowscape|[upkeep]
|-heal|p1b: Chesnaught|43/100|[from] item: Leftovers
|-damage|p2a: Murkrow|89/100|[from] Leech Seed|[of] p1b: Chesnaught
|-heal|p1b: Chesnaught|53/100|[silent]
|upkeep
|turn|5
|inactive|regHater has 30 seconds left.
|
|t:|1756986565
|-terastallize|p1a: Ninetales|Fire
|move|p1b: Chesnaught|Spiky Shield|p1b: Chesnaught
|-singleturn|p1b: Chesnaught|move: Protect
|move|p2a: Murkrow|Haze|p2a: Murkrow
|-clearallboost
|move|p2b: Gholdengo|Make It Rain|p1a: Ninetales|[spread] p1a
|-activate|p1b: Chesnaught|move: Protect
|-resisted|p1a: Ninetales
|-damage|p1a: Ninetales|64/100
|-unboost|p2b: Gholdengo|spa|1
|move|p1a: Ninetales|Blizzard|p2a: Murkrow|[spread] p2a,p2b
|-resisted|p2b: Gholdengo
|-damage|p2a: Murkrow|63/100
|-damage|p2b: Gholdengo|88/100
|
|-weather|none
|-heal|p1b: Chesnaught|59/100|[from] item: Leftovers
|-damage|p2a: Murkrow|51/100|[from] Leech Seed|[of] p1b: Chesnaught
|-heal|p1b: Chesnaught|70/100|[silent]
|upkeep
|turn|6
|
|t:|1756986588
|move|p1a: Ninetales|Protect|p1a: Ninetales
|-singleturn|p1a: Ninetales|Protect
|move|p2a: Murkrow|Haze|p2a: Murkrow
|-clearallboost
|move|p2b: Gholdengo|Make It Rain|p1b: Chesnaught|[spread] p1b
|-activate|p1a: Ninetales|move: Protect
|-damage|p1b: Chesnaught|3/100
|-unboost|p2b: Gholdengo|spa|1
|move|p1b: Chesnaught|Iron Defense|p1b: Chesnaught
|-boost|p1b: Chesnaught|def|2
|
|-heal|p1b: Chesnaught|9/100|[from] item: Leftovers
|-damage|p2a: Murkrow|39/100|[from] Leech Seed|[of] p1b: Chesnaught
|-heal|p1b: Chesnaught|19/100|[silent]
|-sideend|p2: regHater|move: Tailwind
|upkeep
|turn|7
|
|t:|1756986620
|move|p1b: Chesnaught|Spiky Shield|p1b: Chesnaught
|-singleturn|p1b: Chesnaught|move: Protect
|move|p2a: Murkrow|Tailwind|p2a: Murkrow
|-sidestart|p2: regHater|move: Tailwind
|move|p2b: Gholdengo|Make It Rain|p1b: Chesnaught|[spread] p1a
|-activate|p1b: Chesnaught|move: Protect
|-resisted|p1a: Ninetales
|-damage|p1a: Ninetales|40/100
|-unboost|p2b: Gholdengo|spa|1
|move|p1a: Ninetales|Blizzard|p2b: Gholdengo|[spread] p2b
|-miss|p1a: Ninetales|p2a: Murkrow
|-resisted|p2b: Gholdengo
|-damage|p2b: Gholdengo|74/100
|
|-heal|p1b: Chesnaught|25/100|[from] item: Leftovers
|-damage|p2a: Murkrow|27/100|[from] Leech Seed|[of] p1b: Chesnaught
|-heal|p1b: Chesnaught|36/100|[silent]
|upkeep
|turn|8
|
|t:|1756986642
|move|p2a: Murkrow|Haze|p2a: Murkrow
|-clearallboost
|move|p2b: Gholdengo|Make It Rain|p1b: Chesnaught|[spread] p1a,p1b
|-resisted|p1a: Ninetales
|-damage|p1a: Ninetales|8/100
|-damage|p1b: Chesnaught|0 fnt
|-unboost|p2b: Gholdengo|spa|1
|faint|p1b: Chesnaught
|move|p1a: Ninetales|Blizzard|p2a: Murkrow|[spread] p2b
|-miss|p1a: Ninetales|p2a: Murkrow
|-resisted|p2b: Gholdengo
|-damage|p2b: Gholdengo|62/100
|
|upkeep
|turn|9
|
|t:|1756986651
|move|p1a: Ninetales|Protect|p1a: Ninetales
|-singleturn|p1a: Ninetales|Protect
|move|p2a: Murkrow|Haze|p2a: Murkrow
|-clearallboost
|move|p2b: Gholdengo|Make It Rain|p1a: Ninetales
|-activate|p1a: Ninetales|move: Protect
|
|upkeep
|turn|10
|
|t:|1756986657
|move|p2b: Gholdengo|Make It Rain|p1a: Ninetales
|-resisted|p1a: Ninetales
|-damage|p1a: Ninetales|0 fnt
|-unboost|p2b: Gholdengo|spa|1
|faint|p1a: Ninetales
|
|win|regHater
||regHater is ready for game 2.
||Foffa is ready for game 2.
|uhtml|next|Next: Game 2 of 3
|l|☆Foffa
|player|p1|
