|j|☆detoxfilms
|j|☆Zacharykeith
|html|detoxfilmsZacharykeith    
|uhtml|bestof|Game 2 of a best-of-3
|t:|1757709268
|gametype|doubles
|player|p1|detoxfilms|clerk|1183
|player|p2|Zacharykeith|fisherman-gen4|1147
|gen|9
|tier|[Gen 9] VGC 2025 Reg H (Bo3)
|rated|
|rule|Species Clause: Limit one of each Pokémon
|rule|Item Clause: Limit 1 of each item
|clearpoke
|poke|p1|Primarina, L50, F|
|poke|p1|Gothitelle, L50, F|
|poke|p1|Lapras, L50, M|
|poke|p1|Dragapult, L50, F|
|poke|p1|Incineroar, L50, F|
|poke|p1|Weezing, L50, M|
|poke|p2|Zoroark-Hisui, L50, M|
|poke|p2|Kingambit, L50, M|
|poke|p2|Sneasler, L50, F|
|poke|p2|Rillaboom, L50, M|
|poke|p2|Primarina, L50, M|
|poke|p2|Electabuzz, L50, F|
|teampreview|4
|showteam|p1|Primarina||CovertCloak|LiquidVoice|Protect,HyperVoice,PerishSong,Encore|||F|||50|,,,,,Dark]Gothitelle||SitrusBerry|ShadowTag|Protect,FakeOut,Psychic,TrickRoom|||F|||50|,,,,,Dark]Lapras||Leftovers|WaterAbsorb|Protect,MuddyWater,DragonCheer,PerishSong|||M|||50|,,,,,Grass]Dragapult||ChoiceBand|ClearBody|DragonDarts,TeraBlast,PhantomForce,Uturn|||F|||50|,,,,,Ghost]Incineroar||SafetyGoggles|Intimidate|FakeOut,FlareBlitz,PartingShot,Protect|||F|||50|,,,,,Bug]Weezing||AirBalloon|NeutralizingGas|Protect,SludgeBomb,Taunt,WillOWisp|||M|||50|,,,,,Dark
|showteam|p2|Zoroark-Hisui||FocusSash|Illusion|HyperVoice,ShadowBall,WillOWisp,Protect|||M|||50|,,,,,Normal]Kingambit||BlackGlasses|Defiant|SuckerPunch,KowtowCleave,SwordsDance,Protect|||M|||50|,,,,,Dark]Sneasler||WhiteHerb|Unburden|DireClaw,CloseCombat,Coaching,Protect|||F|||50|,,,,,Stellar]Rillaboom||AssaultVest|GrassySurge|FakeOut,GrassyGlide,WoodHammer,Uturn|||M|||50|,,,,,Fire]Primarina||ThroatSpray|LiquidVoice|HyperVoice,Moonblast,Haze,Protect|||M|||50|,,,,,Poison]Electabuzz||Eviolite|VitalSpirit|Electroweb,Taunt,FollowMe,Protect|||F|||50|,,,,,Ghost
|inactive|Battle timer is ON: inactive players will automatically lose when time's up. (requested by Zacharykeith)
|
|t:|1757709291
|teamsize|p1|4
|teamsize|p2|4
|start
|switch|p1a: Incineroar|Incineroar, L50, F|100/100
|switch|p1b: Weezing|Weezing, L50, M|100/100
|switch|p2a: Sneasler|Sneasler, L50, F|100/100
|switch|p2b: Electabuzz|Electabuzz, L50, F|100/100
|-ability|p1b: Weezing|Neutralizing Gas
|-item|p1b: Weezing|Air Balloon
|turn|1
|
|t:|1757709302
|move|p2a: Sneasler|Protect|p2a: Sneasler
|-singleturn|p2a: Sneasler|Protect
|move|p1a: Incineroar|Fake Out|p2a: Sneasler
|-activate|p2a: Sneasler|move: Protect
|move|p2b: Electabuzz|Taunt|p1b: Weezing
|-start|p1b: Weezing|move: Taunt
|cant|p1b: Weezing|move: Taunt|Taunt
|
|upkeep
|turn|2
|
|t:|1757709320
|move|p1a: Incineroar|Protect|p1a: Incineroar
|-singleturn|p1a: Incineroar|Protect
|move|p2a: Sneasler|Close Combat|p1a: Incineroar
|-activate|p1a: Incineroar|move: Protect
|move|p2b: Electabuzz|Electroweb|p1b: Weezing|[spread] p1b
|-activate|p1a: Incineroar|move: Protect
|-damage|p1b: Weezing|87/100
|-unboost|p1b: Weezing|spe|1
|-enditem|p1b: Weezing|Air Balloon
|move|p1b: Weezing|Sludge Bomb|p2b: Electabuzz
|-damage|p2b: Electabuzz|79/100
|
|upkeep
|turn|3
|
|t:|1757709337
|switch|p1a: Dragapult|Dragapult, L50, F|100/100
|move|p2a: Sneasler|Close Combat|p1a: Dragapult
|-immune|p1a: Dragapult
|move|p2b: Electabuzz|Electroweb|p1b: Weezing|[spread] p1b
|-miss|p2b: Electabuzz|p1a: Dragapult
|-damage|p1b: Weezing|75/100
|-unboost|p1b: Weezing|spe|1
|move|p1b: Weezing|Sludge Bomb|p2b: Electabuzz
|-damage|p2b: Electabuzz|57/100
|
|-end|p1b: Weezing|move: Taunt
|upkeep
|turn|4
|
|t:|1757709356
|move|p1a: Dragapult|Dragon Darts|p2b: Electabuzz
|-damage|p2b: Electabuzz|28/100
|-anim|p1a: Dragapult|Dragon Darts|p2a: Sneasler
|-damage|p2a: Sneasler|34/100
|move|p2a: Sneasler|Dire Claw|p1a: Dragapult
|-resisted|p1a: Dragapult
|-damage|p1a: Dragapult|71/100
|move|p2b: Electabuzz|Electroweb|p1b: Weezing|[spread] p1a,p1b
|-resisted|p1a: Dragapult
|-damage|p1a: Dragapult|62/100
|-damage|p1b: Weezing|63/100
|-unboost|p1a: Dragapult|spe|1
|-unboost|p1b: Weezing|spe|1
|move|p1b: Weezing|Will-O-Wisp|p2a: Sneasler
|-status|p2a: Sneasler|brn
|
|-damage|p2a: Sneasler|28/100 brn|[from] brn
|upkeep
|turn|5
|
|t:|1757709375
|switch|p1a: Incineroar|Incineroar, L50, F|100/100
|move|p2a: Sneasler|Protect|p2a: Sneasler
|-singleturn|p2a: Sneasler|Protect
|move|p2b: Electabuzz|Electroweb|p1b: Weezing|[spread] p1a,p1b
|-damage|p1a: Incineroar|87/100
|-damage|p1b: Weezing|52/100
|-unboost|p1a: Incineroar|spe|1
|-unboost|p1b: Weezing|spe|1
|move|p1b: Weezing|Sludge Bomb|p2b: Electabuzz
|-damage|p2b: Electabuzz|6/100
|-status|p2b: Electabuzz|psn
|
|-damage|p2b: Electabuzz|0 fnt|[from] psn
|faint|p2b: Electabuzz
|-damage|p2a: Sneasler|22/100 brn|[from] brn
|upkeep
|
|t:|1757709390
|switch|p2b: Zoroark|Zoroark-Hisui, L50, M|100/100
|turn|6
|
|t:|1757709401
|switch|p1a: Primarina|Primarina, L50, F|100/100
|-terastallize|p2b: Zoroark|Normal
|move|p2b: Zoroark|Hyper Voice|p1a: Primarina|[spread] p1a,p1b
|-damage|p1a: Primarina|73/100
|-damage|p1b: Weezing|7/100
|move|p2a: Sneasler|Close Combat|p1a: Primarina
|-resisted|p1a: Primarina
|-damage|p1a: Primarina|51/100
|-unboost|p2a: Sneasler|def|1
|-unboost|p2a: Sneasler|spd|1
|-enditem|p2a: Sneasler|White Herb
|-clearnegativeboost|p2a: Sneasler|[silent]
|move|p1b: Weezing|Sludge Bomb|p2b: Zoroark
|-damage|p2b: Zoroark|48/100
|
|-damage|p2a: Sneasler|17/100 brn|[from] brn
|upkeep
|turn|7
|
|t:|1757709423
|-end|p1b: Weezing|ability: Neutralizing Gas
|switch|p1b: Dragapult|Dragapult, L50, F|62/100
|move|p1a: Primarina|Protect|p1a: Primarina
|-singleturn|p1a: Primarina|Protect
|move|p2b: Zoroark|Hyper Voice|p1a: Primarina|[spread] 
|-activate|p1a: Primarina|move: Protect
|-immune|p1b: Dragapult
|move|p2a: Sneasler|Dire Claw|p1a: Primarina
|-activate|p1a: Primarina|move: Protect
|
|-damage|p2a: Sneasler|11/100 brn|[from] brn
|upkeep
|turn|8
|
|t:|1757709438
|switch|p1a: Incineroar|Incineroar, L50, F|87/100
|-ability|p1a: Incineroar|Intimidate|boost
|-unboost|p2a: Sneasler|atk|1
|-unboost|p2b: Zoroark|atk|1
|move|p2b: Zoroark|Protect|p2b: Zoroark
|-singleturn|p2b: Zoroark|Protect
|move|p1b: Dragapult|U-turn|p2b: Zoroark
|-activate|p2b: Zoroark|move: Protect
|move|p2a: Sneasler|Dire Claw|p1b: Dragapult
|-resisted|p1b: Dragapult
|-damage|p1b: Dragapult|52/100
|
|-damage|p2a: Sneasler|5/100 brn|[from] brn
|upkeep
|turn|9
|
|t:|1757709463
|switch|p2b: Kingambit|Kingambit, L50, M|100/100
|move|p1a: Incineroar|Fake Out|p2a: Sneasler
|-damage|p2a: Sneasler|0 fnt
|faint|p2a: Sneasler
|move|p1b: Dragapult|U-turn|p2b: Kingambit
|-damage|p2b: Kingambit|73/100
|
|t:|1757709473
|switch|p1b: Primarina|Primarina, L50, F|51/100|[from] U-turn
|
|upkeep
|
|t:|1757709476
|switch|p2a: Kingambit|Kingambit, L50, M, tera:Normal|48/100
|turn|10
|
|t:|1757709495
|move|p1b: Primarina|Protect|p1b: Primarina
|-singleturn|p1b: Primarina|Protect
|move|p1a: Incineroar|Protect|p1a: Incineroar
|-singleturn|p1a: Incineroar|Protect
|move|p2a: Kingambit|Hyper Voice|p1a: Incineroar|[spread] 
|-activate|p1a: Incineroar|move: Protect
|-activate|p1b: Primarina|move: Protect
|move|p2b: Kingambit|Kowtow Cleave|p1b: Primarina
|-activate|p1b: Primarina|move: Protect
|
|upkeep
|turn|11
|
|t:|1757709509
|move|p2a: Kingambit|Hyper Voice|p1b: Primarina|[spread] p1a,p1b
|-damage|p1a: Incineroar|43/100
|-damage|p1b: Primarina|21/100
|move|p1b: Primarina|Encore|p2b: Kingambit
|-start|p2b: Kingambit|Encore
|move|p1a: Incineroar|Flare Blitz|p2a: Kingambit
|-damage|p2a: Kingambit|0 fnt
|replace|p2a: Zoroark|Zoroark-Hisui, L50, M
|-end|p2a: Zoroark|Illusion
|faint|p2a: Zoroark
|-damage|p1a: Incineroar|33/100|[from] Recoil
|move|p2b: Kingambit|Kowtow Cleave|p1b: Primarina
|-resisted|p1b: Primarina
|-damage|p1b: Primarina|0 fnt
|faint|p1b: Primarina
|
|upkeep
|
|t:|1757709517
|switch|p1b: Dragapult|Dragapult, L50, F|52/100
|turn|12
|
|t:|1757709526
|move|p1b: Dragapult|U-turn|p2b: Kingambit
|-damage|p2b: Kingambit|46/100
|
|t:|1757709528
|switch|p1b: Weezing|Weezing, L50, M|7/100|[from] U-turn
|-ability|p1b: Weezing|Neutralizing Gas
|move|p1a: Incineroar|Flare Blitz|p2b: Kingambit
|-supereffective|p2b: Kingambit
|-damage|p2b: Kingambit|0 fnt
|faint|p2b: Kingambit
|-damage|p1a: Incineroar|18/100|[from] Recoil
|
|win|detoxfilms
|raw|detoxfilms's rating: 1183 → 1205(+22 for winning)
|raw|Zacharykeith's rating: 1147 → 1125(-22 for losing)
