|j|☆dajunca
|j|☆ToastedArt
|html|dajuncaToastedArt    
|uhtml|bestof|Game 1 of a best-of-3
|t:|1785508674
|gametype|doubles
|player|p1|dajunca|1|1064
|player|p2|ToastedArt|iris|1000
|gen|9
|tier|[Gen 9 Champions] VGC 2026 Reg M-B (Bo3)
|rated|
|rule|Species Clause: Limit one of each Pokémon
|rule|Item Clause: Limit 1 of each item
|clearpoke
|poke|p1|Volcarona, L50, M|
|poke|p1|Hydreigon, L50, M|
|poke|p1|Metagross, L50|
|poke|p1|Staraptor, L50, M|
|poke|p1|Whimsicott, L50, F|
|poke|p1|Basculegion, L50, M|
|poke|p2|Gholdengo, L50|
|poke|p2|Maushold, L50|
|poke|p2|Falinks, L50, shiny|
|poke|p2|Ninetales-Alola, L50, F|
|poke|p2|Hydreigon, L50, M|
|poke|p2|Arcanine-Hisui, L50, M|
|teampreview|4
|showteam|p1|Volcarona||SitrusBerry|FlameBody|HeatWave,BugBuzz,QuiverDance,Substitute|Modest||M|||50|]Hydreigon||ChoiceScarf|Levitate|DarkPulse,DracoMeteor,Snarl,EarthPower|Modest||M|||50|]Metagross||Metagrossite|ClearBody|StompingTantrum,IronHead,BulletPunch,PsychicFangs|Jolly|||||50|]Staraptor||Staraptite|Intimidate|BraveBird,CloseCombat,Roost,Protect|Jolly||M|||50|]Whimsicott||FocusSash|Prankster|Moonblast,Tailwind,Charm,Encore|Modest||F|||50|]Basculegion||MysticWater|Adaptability|LastRespects,AquaJet,WaveCrash,FlipTurn|Adamant||M|||50|
|showteam|p2|Gholdengo||LifeOrb|GoodasGold|MakeItRain,ShadowBall,NastyPlot,Protect|Modest|||||50|]Maushold||WideLens|Technician|PopulationBomb,FollowMe,Encore,Protect|Jolly|||||50|]Falinks||Falinksite|Defiant|CloseCombat,RockSlide,NoRetreat,Protect|Adamant|||||50|]Ninetales-Alola||NeverMeltIce|SnowWarning|Blizzard,FreezeDry,AuroraVeil,Protect|Timid||F|||50|]Hydreigon||HabanBerry|Levitate|DracoMeteor,DarkPulse,Tailwind,Protect|Modest||M|||50|]Arcanine-Hisui||FocusSash|RockHead|FlareBlitz,HeadSmash,ExtremeSpeed,Protect|Jolly||M|||50|
|inactive|Battle timer is ON: inactive players will automatically lose when time's up. (requested by ToastedArt)
|inactive|dajunca has 60 seconds left.
|inactive|ToastedArt has 60 seconds left.
|inactive|dajunca has 30 seconds left.
|inactive|ToastedArt has 30 seconds left.
|inactive|dajunca has 20 seconds left.
|inactive|dajunca has 15 seconds left.
|
|t:|1785508751
|teamsize|p1|4
|teamsize|p2|4
|start
|switch|p1a: Hydreigon|Hydreigon, L50, M|100/100
|switch|p1b: Volcarona|Volcarona, L50, M|100/100
|switch|p2a: Maushold|Maushold, L50|100/100
|switch|p2b: Hydreigon|Hydreigon, L50, M|100/100
|turn|1
|
|t:|1785508766
|move|p2b: Hydreigon|Protect|p2b: Hydreigon
|-singleturn|p2b: Hydreigon|Protect
|move|p1a: Hydreigon|Snarl|p2a: Maushold|[spread] p2a
|-activate|p2b: Hydreigon|move: Protect
|-damage|p2a: Maushold|68/100
|-unboost|p2a: Maushold|spa|1
|move|p2a: Maushold|Population Bomb|p1a: Hydreigon
|-damage|p1a: Hydreigon|87/100
|-damage|p1a: Hydreigon|75/100
|-damage|p1a: Hydreigon|62/100
|-damage|p1a: Hydreigon|50/100g
|-crit|p1a: Hydreigon
|-damage|p1a: Hydreigon|33/100
|-damage|p1a: Hydreigon|21/100
|-damage|p1a: Hydreigon|8/100
|-damage|p1a: Hydreigon|0 fnt
|faint|p1a: Hydreigon
|-hitcount|p1: Hydreigon|8
|move|p1b: Volcarona|Quiver Dance|p1b: Volcarona
|-boost|p1b: Volcarona|spa|1
|-boost|p1b: Volcarona|spd|1
|-boost|p1b: Volcarona|spe|1
|
|upkeep
|inactive|dajunca has 30 seconds left.
|
|t:|1785508793
|switch|p1a: Basculegion|Basculegion, L50, M|100/100
|turn|2
|
|t:|1785508810
|move|p2a: Maushold|Follow Me|p2a: Maushold
|-singleturn|p2a: Maushold|move: Follow Me
|move|p1b: Volcarona|Substitute|p1b: Volcarona
|-start|p1b: Volcarona|Substitute
|-damage|p1b: Volcarona|75/100
|move|p2b: Hydreigon|Tailwind|p2b: Hydreigon
|-sidestart|p2: ToastedArt|move: Tailwind
|move|p1a: Basculegion|Wave Crash|p2a: Maushold
|-damage|p2a: Maushold|0 fnt
|faint|p2a: Maushold
|-damage|p1a: Basculegion|84/100|[from] Recoil
|
|upkeep
|
|t:|1785508820
|switch|p2a: Falinks|Falinks, L50, shiny|100/100
|turn|3
|
|t:|1785508833
|detailschange|p2a: Falinks|Falinks-Mega, L50, shiny
|-mega|p2a: Falinks|Falinks|Falinksite
|move|p2b: Hydreigon|Dark Pulse|p1a: Basculegion
|-supereffective|p1a: Basculegion|1
|-damage|p1a: Basculegion|0 fnt
|faint|p1a: Basculegion
|move|p2a: Falinks|No Retreat|p2a: Falinks
|-boost|p2a: Falinks|atk|1
|-boost|p2a: Falinks|def|1
|-boost|p2a: Falinks|spa|1
|-boost|p2a: Falinks|spd|1
|-boost|p2a: Falinks|spe|1
|-start|p2a: Falinks|move: No Retreat
|move|p1b: Volcarona|Bug Buzz|p2b: Hydreigon
|-supereffective|p2b: Hydreigon|1
|-damage|p2b: Hydreigon|0 fnt
|faint|p2b: Hydreigon
|
|upkeep
|
|t:|1785508847
|switch|p2b: Gholdengo|Gholdengo, L50|100/100
|switch|p1a: Metagross|Metagross, L50|100/100
|turn|4
|
|t:|1785508865
|detailschange|p1a: Metagross|Metagross-Mega, L50
|-mega|p1a: Metagross|Metagross|Metagrossite
|move|p2b: Gholdengo|Protect|p2b: Gholdengo
|-singleturn|p2b: Gholdengo|Protect
|move|p2a: Falinks|Close Combat|p1a: Metagross
|-damage|p1a: Metagross|21/100
|-unboost|p2a: Falinks|def|1
|-unboost|p2a: Falinks|spd|1
|move|p1b: Volcarona|Heat Wave|p2a: Falinks|[spread] p2a
|-activate|p2b: Gholdengo|move: Protect
|-damage|p2a: Falinks|5/100
|move|p1a: Metagross|Psychic Fangs|p2a: Falinks
|-supereffective|p2a: Falinks|1
|-damage|p2a: Falinks|0 fnt
|faint|p2a: Falinks
|
|upkeep
|turn|5
|-message|ToastedArt forfeited.
|
|win|dajunca
