|j|‽Livnlarge27
|j|☆Bread248
|html|Livnlarge27Bread248    
|uhtml|bestof|Game 2 of a best-of-3
|t:|1755882532
|gametype|doubles
|player|p1|Livnlarge27|red|1370
|player|p2|Bread248|265|1297
|gen|9
|tier|[Gen 9] VGC 2025 Reg H (Bo3)
|rated|
|rule|Species Clause: Limit one of each Pokémon
|rule|Item Clause: Limit 1 of each item
|clearpoke
|poke|p1|Blastoise, L50, M|
|poke|p1|Sneasler, L50, M|
|poke|p1|Whimsicott, L50, M|
|poke|p1|Indeedee, L50, M|
|poke|p1|Dragonite, L50, F|
|poke|p1|Volcarona, L50, M|
|poke|p2|Gholdengo, L50|
|poke|p2|Sneasler, L50, M|
|poke|p2|Incineroar, L50, M|
|poke|p2|Amoonguss, L50, M|
|poke|p2|Dragonite, L50, F|
|poke|p2|Ursaluna-Bloodmoon, L50, M|
|teampreview|4
|showteam|p1|Blastoise||MysticWater|Torrent|Protect,WaterSpout,WaterPledge,ShellSmash|||M|||50|,,,,,Water]Sneasler||PsychicSeed|Unburden|FakeOut,CloseCombat,DireClaw,ThroatChop|||M|||50|,,,,,Dark]Whimsicott||CovertCloak|Prankster|Tailwind,Moonblast,Encore,Taunt|||M|||50|,,,,,Dark]Indeedee||FocusSash|PsychicSurge|ExpandingForce,Imprison,TrickRoom,DazzlingGleam|||M|||50|,,,,,Fairy]Dragonite||LoadedDice|Multiscale|ScaleShot,Haze,Tailwind,Protect|||F|||50|,,,,,Fairy]Volcarona||SitrusBerry|FlameBody|RagePowder,FieryDance,Tailwind,WillOWisp|||M|||50|,,,,,Water
|showteam|p2|Gholdengo||LifeOrb|GoodasGold|MakeItRain,ShadowBall,NastyPlot,Protect||||||50|,,,,,Steel]Sneasler||FocusSash|PoisonTouch|FakeOut,CloseCombat,DireClaw,Protect|||M|||50|,,,,,Stellar]Incineroar||SafetyGoggles|Intimidate|FakeOut,FlareBlitz,KnockOff,PartingShot|||M|||50|,,,,,Ghost]Amoonguss||SitrusBerry|Regenerator|Spore,RagePowder,SludgeBomb,Protect|||M|||50|,,,,,Water]Dragonite||LoadedDice|Multiscale|ScaleShot,Haze,Tailwind,Protect|||F|||50|,,,,,Fairy]Ursaluna-Bloodmoon||AssaultVest|MindsEye|HyperVoice,BloodMoon,EarthPower,VacuumWave|||M|||50|,,,,,Normal
|inactive|Battle timer is ON: inactive players will automatically lose when time's up. (requested by Bread248)
|
|t:|1755882558
|teamsize|p1|4
|teamsize|p2|4
|start
|switch|p1a: Volcarona|Volcarona, L50, M|100/100
|switch|p1b: Blastoise|Blastoise, L50, M|100/100
|switch|p2a: Ursaluna|Ursaluna-Bloodmoon, L50, M|100/100
|switch|p2b: Dragonite|Dragonite, L50, F|100/100
|turn|1
|
|t:|1755882572
|-terastallize|p1b: Blastoise|Water
|move|p1a: Volcarona|Will-O-Wisp|p2b: Dragonite
|-status|p2b: Dragonite|brn
|move|p2b: Dragonite|Scale Shot|p1b: Blastoise
|-damage|p1b: Blastoise|93/100
|-damage|p1b: Blastoise|85/100
|-damage|p1b: Blastoise|77/100
|-damage|p1b: Blastoise|68/100
|-damage|p1b: Blastoise|60/100
|-hitcount|p1b: Blastoise|5
|-unboost|p2b: Dragonite|def|1
|-boost|p2b: Dragonite|spe|1
|move|p1b: Blastoise|Water Spout|p2a: Ursaluna|[spread] p2a,p2b
|-supereffective|p2a: Ursaluna
|-resisted|p2b: Dragonite
|-damage|p2a: Ursaluna|25/100
|-damage|p2b: Dragonite|87/100 brn
|move|p2a: Ursaluna|Blood Moon|p1a: Volcarona
|-damage|p1a: Volcarona|28/100
|-enditem|p1a: Volcarona|Sitrus Berry|[eat]
|-heal|p1a: Volcarona|53/100|[from] item: Sitrus Berry
|
|-damage|p2b: Dragonite|81/100 brn|[from] brn
|upkeep
|turn|2
|
|t:|1755882585
|-terastallize|p2a: Ursaluna|Normal
|move|p1a: Volcarona|Rage Powder|p1a: Volcarona
|-singleturn|p1a: Volcarona|move: Rage Powder
|move|p2b: Dragonite|Tailwind|p2b: Dragonite
|-sidestart|p2: Bread248|move: Tailwind
|move|p2a: Ursaluna|Hyper Voice|p1a: Volcarona|[spread] p1a,p1b
|-damage|p1a: Volcarona|6/100
|-damage|p1b: Blastoise|2/100
|move|p1b: Blastoise|Water Spout|p2b: Dragonite|[spread] p2a,p2b
|-resisted|p2b: Dragonite
|-damage|p2a: Ursaluna|24/100
|-damage|p2b: Dragonite|81/100 brn
|
|-damage|p2b: Dragonite|75/100 brn|[from] brn
|upkeep
|turn|3
|
|t:|1755882604
|move|p1b: Blastoise|Protect|p1b: Blastoise
|-singleturn|p1b: Blastoise|Protect
|move|p1a: Volcarona|Rage Powder|p1a: Volcarona
|-singleturn|p1a: Volcarona|move: Rage Powder
|move|p2b: Dragonite|Scale Shot|p1a: Volcarona
|-damage|p1a: Volcarona|0 fnt
|faint|p1a: Volcarona
|-hitcount|p1: Volcarona|1
|-unboost|p2b: Dragonite|def|1
|-boost|p2b: Dragonite|spe|1
|move|p2a: Ursaluna|Hyper Voice|p1b: Blastoise
|-activate|p1b: Blastoise|move: Protect
|
|-damage|p2b: Dragonite|69/100 brn|[from] brn
|upkeep
|
|t:|1755882606
|switch|p1a: Sneasler|Sneasler, L50, M|100/100
|turn|4
|
|t:|1755882621
|switch|p2a: Incineroar|Incineroar, L50, M, shiny|100/100
|-ability|p2a: Incineroar|Intimidate|boost
|-unboost|p1a: Sneasler|atk|1
|-unboost|p1b: Blastoise|atk|1
|switch|p1b: Indeedee|Indeedee, L50, M|100/100
|-fieldstart|move: Psychic Terrain|[from] ability: Psychic Surge|[of] p1b: Indeedee
|-enditem|p1a: Sneasler|Psychic Seed
|-boost|p1a: Sneasler|spd|1|[from] item: Psychic Seed
|move|p2b: Dragonite|Scale Shot|p1b: Indeedee
|-damage|p1b: Indeedee|84/100
|-damage|p1b: Indeedee|69/100
|-damage|p1b: Indeedee|53/100
|-damage|p1b: Indeedee|39/100
|-hitcount|p1b: Indeedee|4
|-unboost|p2b: Dragonite|def|1
|-boost|p2b: Dragonite|spe|1
|move|p1a: Sneasler|Dire Claw|p2a: Incineroar
|-damage|p2a: Incineroar|69/100
|-status|p2a: Incineroar|par
|
|-damage|p2b: Dragonite|63/100 brn|[from] brn
|upkeep
|turn|5
|inactive|Livnlarge27 has 30 seconds left.
|
|t:|1755882647
|move|p2b: Dragonite|Scale Shot|p1b: Indeedee
|-damage|p1b: Indeedee|23/100
|-damage|p1b: Indeedee|9/100
|-damage|p1b: Indeedee|0 fnt
|faint|p1b: Indeedee
|-hitcount|p1: Indeedee|3
|-unboost|p2b: Dragonite|def|1
|-boost|p2b: Dragonite|spe|1
|move|p1a: Sneasler|Close Combat|p2a: Incineroar
|-supereffective|p2a: Incineroar
|-damage|p2a: Incineroar|0 fnt
|-unboost|p1a: Sneasler|def|1
|-unboost|p1a: Sneasler|spd|1
|faint|p2a: Incineroar
|
|-damage|p2b: Dragonite|57/100 brn|[from] brn
|-sideend|p2: Bread248|move: Tailwind
|upkeep
|
|t:|1755882657
|switch|p1b: Blastoise|Blastoise, L50, M, tera:Water|2/100
|switch|p2a: Gholdengo|Gholdengo, L50|100/100
|turn|6
|
|t:|1755882670
|move|p1b: Blastoise|Protect|p1b: Blastoise
|-singleturn|p1b: Blastoise|Protect
|move|p2b: Dragonite|Tailwind|p2b: Dragonite
|-sidestart|p2: Bread248|move: Tailwind
|move|p1a: Sneasler|Throat Chop|p2a: Gholdengo
|-supereffective|p2a: Gholdengo
|-damage|p2a: Gholdengo|51/100
|-start|p2a: Gholdengo|Throat Chop|[silent]
|move|p2a: Gholdengo|Make It Rain|p1b: Blastoise|[spread] p1a
|-activate|p1b: Blastoise|move: Protect
|-damage|p1a: Sneasler|17/100
|-unboost|p2a: Gholdengo|spa|1
|-damage|p2a: Gholdengo|41/100|[from] item: Life Orb
|
|-damage|p2b: Dragonite|51/100 brn|[from] brn
|upkeep
|turn|7
|
|t:|1755882677
|move|p2b: Dragonite|Scale Shot|p1b: Blastoise
|-damage|p1b: Blastoise|0 fnt
|faint|p1b: Blastoise
|-hitcount|p1: Blastoise|1
|-unboost|p2b: Dragonite|def|1
|-boost|p2b: Dragonite|spe|1
|move|p1a: Sneasler|Throat Chop|p2a: Gholdengo
|-supereffective|p2a: Gholdengo
|-damage|p2a: Gholdengo|0 fnt
|faint|p2a: Gholdengo
|
|-damage|p2b: Dragonite|45/100 brn|[from] brn
|upkeep
|
|t:|1755882680
|switch|p2a: Ursaluna|Ursaluna-Bloodmoon, L50, M, tera:Normal|24/100
|turn|8
|
|t:|1755882684
|move|p2b: Dragonite|Scale Shot|p1a: Sneasler
|-damage|p1a: Sneasler|0 fnt
|faint|p1a: Sneasler
|-hitcount|p1: Sneasler|1
|
|win|Bread248
|raw|Livnlarge27's rating: 1370 → 1346(-24 for losing)
|raw|Bread248's rating: 1297 → 1327(+30 for winning)
|l|‽Livnlarge27
|player|p1|
