|j|☆I am the Sweeper
|j|☆Lego Darth Malgus
|html|I am the SweeperLego Darth Malgus    
|uhtml|bestof|Game 1 of a best-of-3
|t:|1757717340
|gametype|doubles
|player|p1|I am the Sweeper|janitor|1083
|player|p2|Lego Darth Malgus|265|1097
|gen|9
|tier|[Gen 9] VGC 2025 Reg H (Bo3)
|rated|
|rule|Species Clause: Limit one of each Pokémon
|rule|Item Clause: Limit 1 of each item
|clearpoke
|poke|p1|Annihilape, L50, F|
|poke|p1|Archaludon, L50, F|
|poke|p1|Pelipper, L50, F|
|poke|p1|Maushold-Four, L50|
|poke|p1|Sinistcha, L50|
|poke|p1|Grimmsnarl, L50, M|
|poke|p2|Garchomp, L50, M|
|poke|p2|Tyranitar, L50, F|
|poke|p2|Empoleon, L50, F|
|poke|p2|Meowscarada, L50, F|
|poke|p2|Volcarona, L50, F|
|poke|p2|Overqwil, L50, M|
|teampreview|4
|showteam|p1|Annihilape||SpellTag|Defiant|RageFist,DrainPunch,BulkUp,Protect|||F|||50|,,,,,Fire]Archaludon||AssaultVest|Stamina|ElectroShot,DracoMeteor,Snarl,BodyPress|||F|||50|,,,,,Bug]Pelipper||LifeOrb|Drizzle|Tailwind,Hurricane,WeatherBall,Protect|||F|||50|,,,,,Stellar]Maushold-Four||SafetyGoggles|FriendGuard|Taunt,FollowMe,BeatUp,Protect||||||50|,,,,,Ghost]Sinistcha||SitrusBerry|Hospitality|LifeDew,TrickRoom,StrengthSap,MatchaGotcha||||||50|,,,,,Water]Grimmsnarl||LightClay|Prankster|ThunderWave,LightScreen,Reflect,SpiritBreak|||M|||50|,,,,,Ghost
|showteam|p2|Garchomp||LifeOrb|SandVeil|StompingTantrum,DragonClaw,Earthquake,Protect|||M|||50|,,,,,Steel]Tyranitar||AssaultVest|SandStream|RockSlide,TeraBlast,KnockOff,LowKick|||F|||50|,,,,,Flying]Empoleon||Leftovers|Competitive|WaterPledge,Protect,IcyWind,SteelBeam|||F|||50|,,,,,Ghost]Meowscarada||FocusSash|Overgrow|FlowerTrick,KnockOff,Protect,GrassPledge|||F|||50|,,,,,Ghost]Volcarona||SitrusBerry|FlameBody|QuiverDance,HeatWave,TeraBlast,Protect|||F|||50|,,,,,Fairy]Overqwil||CovertCloak|Intimidate|BarbBarrage,Taunt,ThroatChop,IcyWind|||M|||50|,,,,,Grass
|inactive|Battle timer is ON: inactive players will automatically lose when time's up. (requested by Lego Darth Malgus)
|inactive|I am the Sweeper has 60 seconds left.
|inactive|Lego Darth Malgus has 60 seconds left.
|
|t:|1757717385
|teamsize|p1|4
|teamsize|p2|4
|start
|switch|p1a: Annihilape|Annihilape, L50, F|100/100
|switch|p1b: Maushold|Maushold-Four, L50|100/100
|switch|p2a: Meowscarada|Meowscarada, L50, F|100/100
|switch|p2b: Empoleon|Empoleon, L50, F, shiny|100/100
|turn|1
|inactive|I am the Sweeper has 30 seconds left.
|
|t:|1757717413
|switch|p1a: Archaludon|Archaludon, L50, F|100/100
|-terastallize|p2b: Empoleon|Ghost
|move|p2a: Meowscarada|Grass Pledge|p1b: Maushold
|-waiting|p2a: Meowscarada|p2b: Empoleon
|move|p2b: Empoleon|Water Pledge|p1b: Maushold|[from] move: Grass Pledge
|-combine
|-damage|p1b: Maushold|14/100
|-sidestart|p1: I am the Sweeper|Grass Pledge
|move|p1b: Maushold|Beat Up|p1a: Archaludon
|-damage|p1a: Archaludon|99/100
|-ability|p1a: Archaludon|Stamina|boost
|-boost|p1a: Archaludon|def|1
|-damage|p1a: Archaludon|98/100
|-ability|p1a: Archaludon|Stamina|boost
|-boost|p1a: Archaludon|def|1
|-damage|p1a: Archaludon|98/100
|-ability|p1a: Archaludon|Stamina|boost
|-boost|p1a: Archaludon|def|1
|-damage|p1a: Archaludon|97/100
|-ability|p1a: Archaludon|Stamina|boost
|-boost|p1a: Archaludon|def|1
|-hitcount|p1a: Archaludon|4
|
|upkeep
|turn|2
|inactive|I am the Sweeper has 30 seconds left.
|inactive|Lego Darth Malgus has 30 seconds left.
|l|☆Lego Darth Malgus
|inactive|Lego Darth Malgus disconnected and has a minute to reconnect!
|player|p2|
|j|☆Lego Darth Malgus
|inactive|Lego Darth Malgus reconnected and has 25 seconds left.
|player|p2|Lego Darth Malgus|265|
|inactive|I am the Sweeper has 20 seconds left.
|inactive|Lego Darth Malgus has 20 seconds left.
|inactive|I am the Sweeper has 15 seconds left.
|inactive|Lego Darth Malgus has 15 seconds left.
|inactive|I am the Sweeper has 10 seconds left.
|inactive|Lego Darth Malgus has 10 seconds left.
|inactive|I am the Sweeper has 5 seconds left.
|inactive|Lego Darth Malgus has 5 seconds left.
|
|t:|1757717466
|move|p1b: Maushold|Protect|p1b: Maushold
|-singleturn|p1b: Maushold|Protect
|move|p2a: Meowscarada|Knock Off|p1a: Archaludon
|-crit|p1a: Archaludon
|-damage|p1a: Archaludon|60/100
|-ability|p1a: Archaludon|Stamina|boost
|-boost|p1a: Archaludon|def|1
|-enditem|p1a: Archaludon|Assault Vest|[from] move: Knock Off|[of] p2a: Meowscarada
|move|p2b: Empoleon|Icy Wind|p1a: Archaludon|[spread] p1a
|-activate|p1b: Maushold|move: Protect
|-damage|p1a: Archaludon|50/100
|-unboost|p1a: Archaludon|spe|1
|-ability|p1a: Archaludon|Stamina|boost
|-boost|p1a: Archaludon|def|1
|move|p1a: Archaludon|Body Press|p2a: Meowscarada
|-supereffective|p2a: Meowscarada
|-enditem|p2a: Meowscarada|Focus Sash
|-damage|p2a: Meowscarada|1/100
|
|upkeep
|turn|3
|inactive|I am the Sweeper has 30 seconds left.
|inactive|Lego Darth Malgus has 30 seconds left.
|inactive|Lego Darth Malgus has 20 seconds left.
|inactive|I am the Sweeper has 20 seconds left.
|
|t:|1757717508
|switch|p1b: Annihilape|Annihilape, L50, F|100/100
|move|p2a: Meowscarada|Flower Trick|p1b: Annihilape
|-crit|p1b: Annihilape
|-damage|p1b: Annihilape|9/100
|move|p2b: Empoleon|Icy Wind|p1a: Archaludon|[spread] p1a,p1b
|-damage|p1a: Archaludon|37/100
|-damage|p1b: Annihilape|0 fnt
|-unboost|p1a: Archaludon|spe|1
|faint|p1b: Annihilape
|move|p1a: Archaludon|Snarl|p2b: Empoleon|[spread] p2a,p2b
|-resisted|p2a: Meowscarada
|-supereffective|p2b: Empoleon
|-damage|p2a: Meowscarada|0 fnt
|-damage|p2b: Empoleon|79/100
|-unboost|p2b: Empoleon|spa|1
|-ability|p2b: Empoleon|Competitive|boost
|-boost|p2b: Empoleon|spa|2
|faint|p2a: Meowscarada
|
|-heal|p2b: Empoleon|85/100|[from] item: Leftovers
|upkeep
|
|t:|1757717529
|switch|p2a: Volcarona|Volcarona, L50, F, shiny|100/100
|switch|p1b: Maushold|Maushold-Four, L50|14/100
|turn|4
|
|t:|1757717551
|switch|p1b: Pelipper|Pelipper, L50, F|100/100
|-weather|RainDance|[from] ability: Drizzle|[of] p1b: Pelipper
|move|p2a: Volcarona|Quiver Dance|p2a: Volcarona
|-boost|p2a: Volcarona|spa|1
|-boost|p2a: Volcarona|spd|1
|-boost|p2a: Volcarona|spe|1
|move|p2b: Empoleon|Icy Wind|p1b: Pelipper|[spread] p1a,p1b
|-damage|p1a: Archaludon|19/100
|-damage|p1b: Pelipper|67/100
|-unboost|p1a: Archaludon|spe|1
|-unboost|p1b: Pelipper|spe|1
|move|p1a: Archaludon|Electro Shot||[still]
|-prepare|p1a: Archaludon|Electro Shot
|-boost|p1a: Archaludon|spa|1
|-anim|p1a: Archaludon|Electro Shot|p2a: Volcarona
|-damage|p2a: Volcarona|63/100
|
|-weather|RainDance|[upkeep]
|-heal|p2b: Empoleon|91/100|[from] item: Leftovers
|-sideend|p1: I am the Sweeper|Grass Pledge
|upkeep
|turn|5
|inactive|I am the Sweeper has 30 seconds left.
|inactive|Lego Darth Malgus has 30 seconds left.
|
|t:|1757717582
|move|p2a: Volcarona|Tera Blast|p1b: Pelipper
|-damage|p1b: Pelipper|0 fnt
|faint|p1b: Pelipper
|move|p2b: Empoleon|Icy Wind|p1a: Archaludon
|-damage|p1a: Archaludon|0 fnt
|faint|p1a: Archaludon
|
|-weather|RainDance|[upkeep]
|-heal|p2b: Empoleon|97/100|[from] item: Leftovers
|upkeep
|-message|I am the Sweeper forfeited.
|
|win|Lego Darth Malgus
||I am the Sweeper is ready for game 2.
||Lego Darth Malgus is ready for game 2.
|uhtml|next|Next: Game 2 of 3
|l|☆Lego Darth Malgus
|player|p2|
