|j|☆blazikenisgoated
|j|☆Magicalarcher57
|html|blazikenisgoatedMagicalarcher57    
|uhtml|bestof|Game 2 of a best-of-3
|t:|1782489770
|gametype|doubles
|player|p1|blazikenisgoated|101|1179
|player|p2|Magicalarcher57|diantha|1142
|gen|9
|tier|[Gen 9 Champions] VGC 2026 Reg M-B (Bo3)
|rated|
|rule|Species Clause: Limit one of each Pokémon
|rule|Item Clause: Limit 1 of each item
|clearpoke
|poke|p1|Blaziken, L50, F|
|poke|p1|Kingambit, L50, M|
|poke|p1|Garchomp, L50, M|
|poke|p1|Floette-Eternal, L50, F|
|poke|p1|Whimsicott, L50, M|
|poke|p1|Sinistcha, L50|
|poke|p2|Raichu, L50, M, shiny|
|poke|p2|Garchomp, L50, M, shiny|
|poke|p2|Whimsicott, L50, M, shiny|
|poke|p2|Kingambit, L50, F, shiny|
|poke|p2|Basculegion, L50, M, shiny|
|poke|p2|Charizard, L50, F, shiny|
|teampreview|4
|showteam|p1|Blaziken||Blazikenite|SpeedBoost|FlameCharge,FlareBlitz,CloseCombat,Detect|Adamant||F|||50|]Kingambit||BlackGlasses|Defiant|KowtowCleave,SuckerPunch,IronHead,Protect|Adamant||M|||50|]Garchomp||LifeOrb|RoughSkin|StompingTantrum,DragonClaw,RockSlide,Protect|Jolly||M|||50|]Floette-Eternal||Floettite|FlowerVeil|DrainingKiss,DazzlingGleam,LightofRuin,Protect|Timid||F|||50|]Whimsicott||FocusSash|Prankster|Moonblast,Encore,Tailwind,SunnyDay|Timid||M|||50|]Sinistcha||MiracleSeed|Hospitality|MatchaGotcha,ShadowBall,RagePowder,StrengthSap|Timid|||||50|
|showteam|p2|Raichu||RaichuniteY|LightningRod|FakeOut,FocusBlast,ZapCannon,Protect|Timid||M|||50|]Garchomp||LifeOrb|RoughSkin|DragonClaw,Earthquake,StompingTantrum,Protect|Jolly||M|||50|]Whimsicott||FocusSash|Prankster|Moonblast,Tailwind,SunnyDay,Encore|Timid||M|||50|]Kingambit||BlackGlasses|Defiant|SuckerPunch,KowtowCleave,IronHead,Protect|Adamant||F|||50|]Basculegion||MysticWater|Adaptability|LastRespects,WaveCrash,Protect,AquaJet|Jolly||M|||50|]Charizard||CharizarditeY|Blaze|WeatherBall,SolarBeam,HeatWave,Protect|Modest||F|||50|
|inactive|Battle timer is ON: inactive players will automatically lose when time's up. (requested by Magicalarcher57)
|
|t:|1782489800
|teamsize|p1|4
|teamsize|p2|4
|start
|switch|p1a: Blaziken|Blaziken, L50, F|100/100
|switch|p1b: Sinistcha|Sinistcha, L50|100/100
|switch|p2a: Circe|Whimsicott, L50, M, shiny|100/100
|switch|p2b: Athena|Garchomp, L50, M, shiny|100/100
|turn|1
|inactive|blazikenisgoated has 30 seconds left.
|
|t:|1782489825
|switch|p1a: Garchomp|Garchomp, L50, M|100/100
|move|p2a: Circe|Tailwind|p2a: Circe
|-sidestart|p2: Magicalarcher57|move: Tailwind
|move|p2b: Athena|Earthquake|p1a: Garchomp|[spread] p2a,p1a,p1b
|-resisted|p2a: Circe|1
|-resisted|p1b: Sinistcha|1
|-damage|p2a: Circe|65/100
|-damage|p1a: Garchomp|52/100
|-damage|p1b: Sinistcha|75/100
|-damage|p2b: Athena|90/100|[from] item: Life Orb
|move|p1b: Sinistcha|Shadow Ball|p2a: Circe
|-damage|p2a: Circe|13/100
|
|upkeep
|turn|2
|
|t:|1782489842
|move|p2b: Athena|Protect|p2b: Athena
|-singleturn|p2b: Athena|Protect
|move|p1b: Sinistcha|Rage Powder|p1b: Sinistcha
|-singleturn|p1b: Sinistcha|move: Rage Powder
|move|p2a: Circe|Encore|p1b: Sinistcha
|-start|p1b: Sinistcha|Encore
|move|p1a: Garchomp|Dragon Claw|p2b: Athena
|-activate|p2b: Athena|move: Protect
|
|upkeep
|turn|3
|
|t:|1782489863
|move|p1b: Sinistcha|Rage Powder|p1b: Sinistcha
|-singleturn|p1b: Sinistcha|move: Rage Powder
|move|p2a: Circe|Moonblast|p1a: Garchomp
|-supereffective|p1a: Garchomp|1
|-damage|p1a: Garchomp|0 fnt
|faint|p1a: Garchomp
|move|p2b: Athena|Dragon Claw|p1b: Sinistcha
|-damage|p1b: Sinistcha|26/100
|-damage|p2b: Athena|80/100|[from] item: Life Orb
|
|upkeep
|
|t:|1782489878
|switch|p1a: Kingambit|Kingambit, L50, M|100/100
|turn|4
|
|t:|1782489893
|move|p1b: Sinistcha|Rage Powder|p1b: Sinistcha
|-singleturn|p1b: Sinistcha|move: Rage Powder
|move|p2a: Circe|Moonblast|p1a: Kingambit
|-damage|p1a: Kingambit|61/100
|move|p2b: Athena|Earthquake|p1b: Sinistcha|[spread] p2a,p1a,p1b
|-resisted|p2a: Circe|1
|-supereffective|p1a: Kingambit|1
|-resisted|p1b: Sinistcha|1
|-damage|p2a: Circe|0 fnt
|-damage|p1a: Kingambit|0 fnt
|-damage|p1b: Sinistcha|2/100
|faint|p2a: Circe
|faint|p1a: Kingambit
|-damage|p2b: Athena|70/100|[from] item: Life Orb
|
|-sideend|p2: Magicalarcher57|move: Tailwind
|upkeep
|
|t:|1782489903
|switch|p2a: Charizard|Charizard, L50, F, shiny|100/100
|switch|p1a: Blaziken|Blaziken, L50, F|100/100
|turn|5
|
|t:|1782489911
|detailschange|p2a: Charizard|Charizard-Mega-Y, L50, F, shiny
|-mega|p2a: Charizard|Charizard|Charizardite Y
|-weather|SunnyDay|[from] ability: Drought|[of] p2a: Charizard
|detailschange|p1a: Blaziken|Blaziken-Mega, L50, F
|-mega|p1a: Blaziken|Blaziken|Blazikenite
|move|p1a: Blaziken|Detect|p1a: Blaziken
|-singleturn|p1a: Blaziken|Protect
|move|p1b: Sinistcha|Rage Powder|p1b: Sinistcha
|-singleturn|p1b: Sinistcha|move: Rage Powder
|move|p2b: Athena|Earthquake|p1b: Sinistcha|[spread] p1b
|-activate|p1a: Blaziken|move: Protect
|-immune|p2a: Charizard
|-resisted|p1b: Sinistcha|1
|-damage|p1b: Sinistcha|0 fnt
|faint|p1b: Sinistcha
|-damage|p2b: Athena|61/100|[from] item: Life Orb
|move|p2a: Charizard|Heat Wave|p1a: Blaziken
|-activate|p1a: Blaziken|move: Protect
|
|-weather|SunnyDay|[upkeep]
|-ability|p1a: Blaziken|Speed Boost|boost
|-boost|p1a: Blaziken|spe|1
|upkeep
|turn|6
|
|t:|1782489936
|move|p1a: Blaziken|Close Combat|p2b: Athena
|-damage|p2b: Athena|0 fnt
|-unboost|p1a: Blaziken|def|1
|-unboost|p1a: Blaziken|spd|1
|-damage|p1a: Blaziken|87/100|[from] ability: Rough Skin|[of] p2b: Athena
|faint|p2b: Athena
|move|p2a: Charizard|Weather Ball|p1a: Blaziken
|-resisted|p1a: Blaziken|1
|-damage|p1a: Blaziken|1/100
|
|-weather|SunnyDay|[upkeep]
|-ability|p1a: Blaziken|Speed Boost|boost
|-boost|p1a: Blaziken|spe|1
|upkeep
|
|t:|1782489946
|switch|p2b: Odysseus|Kingambit, L50, F, shiny|100/100
|turn|7
|
|t:|1782489953
|move|p2b: Odysseus|Sucker Punch|p1a: Blaziken
|-resisted|p1a: Blaziken|1
|-damage|p1a: Blaziken|0 fnt
|faint|p1a: Blaziken
|
|win|Magicalarcher57
|raw|blazikenisgoated's rating: 1179 → 1151(-28 for losing)
|raw|Magicalarcher57's rating: 1142 → 1170(+28 for winning)
