|j|☆glitchy_potat
|j|‽tryson69
|html|glitchy_potattryson69    
|uhtml|bestof|Game 1 of a best-of-3
|t:|1784601123
|gametype|doubles
|player|p1|glitchy_potat|hilbert|1341
|player|p2|tryson69|crasherwake|1313
|gen|9
|tier|[Gen 9 Champions] VGC 2026 Reg M-B (Bo3)
|rated|
|rule|Species Clause: Limit one of each Pokémon
|rule|Item Clause: Limit 1 of each item
|clearpoke
|poke|p1|Blaziken, L50, F|
|poke|p1|Incineroar, L50, F|
|poke|p1|Ninetales-Alola, L50, F|
|poke|p1|Kingambit, L50, M|
|poke|p1|Basculegion, L50, M, shiny|
|poke|p1|Gengar, L50, M, shiny|
|poke|p2|Raichu, L50, M|
|poke|p2|Gholdengo, L50|
|poke|p2|Garchomp, L50, F|
|poke|p2|Incineroar, L50, F|
|poke|p2|Milotic, L50, M|
|poke|p2|Whimsicott, L50, M|
|teampreview|4
|showteam|p1|Blaziken||Blazikenite|SpeedBoost|FlareBlitz,CloseCombat,RockSlide,Protect|Adamant||F|||50|]Incineroar||PasshoBerry|Intimidate|ThroatChop,PartingShot,FakeOut,Protect|Careful||F|||50|]Ninetales-Alola||FocusSash|SnowWarning|Blizzard,FreezeDry,Encore,Protect|Timid||F|||50|]Kingambit||OccaBerry|Defiant|KowtowCleave,SuckerPunch,IronHead,Protect|Adamant||M|||50|]Basculegion||ChoiceScarf|Adaptability|LastRespects,WaveCrash,FlipTurn,AquaJet|Adamant||M|||50|]Gengar||Gengarite|CursedBody|ShadowBall,Disable,PerishSong,Protect|Bold||M|||50|
|showteam|p2|Raichu||RaichuniteY|LightningRod|ZapCannon,FocusBlast,Protect,FakeOut|Timid||M|||50|]Gholdengo||SpellTag|GoodasGold|NastyPlot,ShadowBall,Protect,MakeItRain|Modest|||||50|]Garchomp||LifeOrb|RoughSkin|Earthquake,RockSlide,Protect,DragonClaw|Adamant||F|||50|]Incineroar||SitrusBerry|Intimidate|FakeOut,FlareBlitz,DarkestLariat,PartingShot|Impish||F|||50|]Milotic||Leftovers|Competitive|Coil,HydroPump,Hypnosis,Recover|Calm||M|||50|]Whimsicott||FocusSash|Prankster|Tailwind,Moonblast,Encore,Protect|Timid||M|||50|
|inactive|Battle timer is ON: inactive players will automatically lose when time's up. (requested by glitchy_potat)
|
|t:|1784601186
|teamsize|p1|4
|teamsize|p2|4
|start
|switch|p1a: Blaziken|Blaziken, L50, F|100/100
|switch|p1b: Kingambit|Kingambit, L50, M|100/100
|switch|p2a: Raichu|Raichu, L50, M|100/100
|switch|p2b: Milotic|Milotic, L50, M|100/100
|turn|1
|
|t:|1784601209
|detailschange|p2a: Raichu|Raichu-Mega-Y, L50, M
|-mega|p2a: Raichu|Raichu|Raichunite Y
|detailschange|p1a: Blaziken|Blaziken-Mega, L50, F
|-mega|p1a: Blaziken|Blaziken|Blazikenite
|move|p1b: Kingambit|Sucker Punch|p2a: Raichu
|-damage|p2a: Raichu|18/100
|move|p2a: Raichu|Focus Blast|p1b: Kingambit
|-supereffective|p1b: Kingambit|2
|-damage|p1b: Kingambit|0 fnt
|faint|p1b: Kingambit
|move|p1a: Blaziken|Close Combat|p2a: Raichu
|-damage|p2a: Raichu|0 fnt
|-unboost|p1a: Blaziken|def|1
|-unboost|p1a: Blaziken|spd|1
|faint|p2a: Raichu
|move|p2b: Milotic|Coil|p2b: Milotic
|-boost|p2b: Milotic|atk|1
|-boost|p2b: Milotic|def|1
|-boost|p2b: Milotic|accuracy|1
|
|-ability|p1a: Blaziken|Speed Boost|boost
|-boost|p1a: Blaziken|spe|1
|upkeep
|
|t:|1784601222
|switch|p2a: Incineroar|Incineroar, L50, F|100/100
|switch|p1b: Ninetales|Ninetales-Alola, L50, F|100/100
|-weather|Snowscape|[from] ability: Snow Warning|[of] p1b: Ninetales
|-ability|p2a: Incineroar|Intimidate|boost
|-unboost|p1a: Blaziken|atk|1
|-unboost|p1b: Ninetales|atk|1
|turn|2
|
|t:|1784601237
|switch|p1a: Basculegion|Basculegion, L50, M, shiny|100/100
|move|p2a: Incineroar|Fake Out|p1b: Ninetales
|-damage|p1b: Ninetales|89/100
|cant|p1b: Ninetales|flinch
|move|p2b: Milotic|Hypnosis|p1b: Ninetales
|-status|p1b: Ninetales|slp|[from] move: Hypnosis
|
|-weather|Snowscape|[upkeep]
|upkeep
|turn|3
|
|t:|1784601259
|move|p1a: Basculegion|Last Respects|p2a: Incineroar
|-resisted|p2a: Incineroar|1
|-damage|p2a: Incineroar|71/100
|cant|p1b: Ninetales|slp
|move|p2b: Milotic|Coil|p2b: Milotic
|-boost|p2b: Milotic|atk|1
|-boost|p2b: Milotic|def|1
|-boost|p2b: Milotic|accuracy|1
|move|p2a: Incineroar|Flare Blitz|p1b: Ninetales
|-supereffective|p1b: Ninetales|1
|-damage|p1b: Ninetales|0 fnt
|faint|p1b: Ninetales
|-damage|p2a: Incineroar|49/100|[from] Recoil
|-enditem|p2a: Incineroar|Sitrus Berry|[eat]
|-heal|p2a: Incineroar|74/100|[from] item: Sitrus Berry
|
|-weather|Snowscape|[upkeep]
|upkeep
|
|t:|1784601271
|switch|p1b: Blaziken|Blaziken-Mega, L50, F|100/100
|turn|4
|
|t:|1784601285
|switch|p2a: Garchomp|Garchomp, L50, F|100/100
|move|p1a: Basculegion|Last Respects|p2b: Milotic
|-damage|p2b: Milotic|45/100
|move|p1b: Blaziken|Rock Slide|p2b: Milotic|[spread] p2a,p2b
|-resisted|p2a: Garchomp|1
|-damage|p2a: Garchomp|90/100
|-damage|p2b: Milotic|33/100
|move|p2b: Milotic|Hypnosis|p1a: Basculegion
|-status|p1a: Basculegion|slp|[from] move: Hypnosis
|
|-weather|Snowscape|[upkeep]
|-heal|p2b: Milotic|39/100|[from] item: Leftovers
|-ability|p1b: Blaziken|Speed Boost|boost
|-boost|p1b: Blaziken|spe|1
|upkeep
|turn|5
|inactive|glitchy_potat has 30 seconds left.
|
|t:|1784601311
|move|p1b: Blaziken|Protect|p1b: Blaziken
|-singleturn|p1b: Blaziken|Protect
|cant|p1a: Basculegion|slp
|move|p2a: Garchomp|Dragon Claw|p1a: Basculegion
|-damage|p1a: Basculegion|24/100 slp
|-damage|p2a: Garchomp|80/100|[from] item: Life Orb
|move|p2b: Milotic|Recover|p2b: Milotic
|-heal|p2b: Milotic|89/100
|
|-weather|Snowscape|[upkeep]
|-heal|p2b: Milotic|95/100|[from] item: Leftovers
|-ability|p1b: Blaziken|Speed Boost|boost
|-boost|p1b: Blaziken|spe|1
|upkeep
|turn|6
|
|t:|1784601330
|move|p1b: Blaziken|Close Combat|p2b: Milotic
|-damage|p2b: Milotic|57/100
|-unboost|p1b: Blaziken|def|1
|-unboost|p1b: Blaziken|spd|1
|-curestatus|p1a: Basculegion|slp|[msg]
|move|p1a: Basculegion|Last Respects|p2b: Milotic
|-damage|p2b: Milotic|4/100
|move|p2a: Garchomp|Dragon Claw|p1a: Basculegion
|-damage|p1a: Basculegion|0 fnt
|faint|p1a: Basculegion
|-damage|p2a: Garchomp|71/100|[from] item: Life Orb
|move|p2b: Milotic|Hydro Pump|p1b: Blaziken
|-supereffective|p1b: Blaziken|1
|-damage|p1b: Blaziken|0 fnt
|faint|p1b: Blaziken
|
|win|tryson69
||glitchy_potat is ready for game 2.
||tryson69 is ready for game 2.
|uhtml|next|Next: Game 2 of 3
|l|☆glitchy_potat
|player|p1|
