|j|☆TEST06232026
|j|☆ShadowArachne
|html|TEST06232026ShadowArachne    
|uhtml|bestof|Game 1 of a best-of-3
|t:|1782431945
|gametype|doubles
|player|p1|TEST06232026|101|1027
|player|p2|ShadowArachne|sabrina|1056
|gen|9
|tier|[Gen 9 Champions] VGC 2026 Reg M-B (Bo3)
|rated|
|rule|Species Clause: Limit one of each Pokémon
|rule|Item Clause: Limit 1 of each item
|clearpoke
|poke|p1|Metagross, L50|
|poke|p1|Staraptor, L50, M|
|poke|p1|Skeledirge, L50, M|
|poke|p1|Ninetales-Alola, L50, F|
|poke|p1|Rotom-Wash, L50|
|poke|p1|Garchomp, L50, M|
|poke|p2|Ceruledge, L50, F|
|poke|p2|Lucario, L50, M|
|poke|p2|Whimsicott, L50, M|
|poke|p2|Meowscarada, L50, M|
|poke|p2|Glimmora, L50, M|
|poke|p2|Scovillain, L50, F|
|teampreview|4
|showteam|p1|Metagross||Metagrossite|ClearBody|MeteorMash,PsychicFangs,RockSlide,Protect|Adamant|||||50|]Staraptor||Staraptite|Intimidate|CloseCombat,DualWingbeat,Roost,Protect|Jolly||M|||50|]Skeledirge||LifeOrb|Unaware|TorchSong,ShadowBall,EarthPower,Protect|Modest||M|||50|]Ninetales-Alola||FocusSash|SnowWarning|FreezeDry,Blizzard,AuroraVeil,Protect|Timid||F|||50|]Rotom-Wash||SitrusBerry|Levitate|Thunderbolt,HydroPump,WillOWisp,EerieImpulse|Modest|||||50|]Garchomp||ChoiceScarf|RoughSkin|StompingTantrum,Earthquake,DragonClaw,RockSlide|Adamant||M|||50|
|showteam|p2|Ceruledge||LifeOrb|FlashFire|BitterBlade,PoisonJab,Poltergeist,Protect|Adamant||F|||50|]Lucario||Lucarionite|InnerFocus|BulletPunch,DrainPunch,MeteorMash,Detect|Adamant||M|||50|]Whimsicott||FairyFeather|Prankster|Moonblast,Tailwind,TrickRoom,Protect|Bold||M|||50|]Meowscarada||ChoiceScarf|Protean|FlowerTrick,TripleAxel,Uturn,PlayRough|Adamant||M|||50|]Glimmora||WiseGlasses|ToxicDebris|PowerGem,EarthPower,SpikyShield,SludgeBomb|Modest||M|||50|]Scovillain||Scovillainite|Moody|LeechSeed,RagePowder,Protect,GigaDrain|Timid||F|||50|
|
|t:|1782432041
|teamsize|p1|4
|teamsize|p2|4
|start
|switch|p1a: Staraptor|Staraptor, L50, M|100/100
|switch|p1b: Garchomp|Garchomp, L50, M|100/100
|switch|p2a: Lucario|Lucario, L50, M|100/100
|switch|p2b: Meowscarada|Meowscarada, L50, M|100/100
|-ability|p1a: Staraptor|Intimidate|boost
|-fail|p2a: Lucario|unboost|Attack|[from] ability: Inner Focus|[of] p2a: Lucario
|-unboost|p2b: Meowscarada|atk|1
|turn|1
|
|t:|1782432079
|switch|p1b: Rotom|Rotom-Wash, L50|100/100
|detailschange|p1a: Staraptor|Staraptor-Mega, L50, M
|-mega|p1a: Staraptor|Staraptor|Staraptite
|detailschange|p2a: Lucario|Lucario-Mega, L50, M
|-mega|p2a: Lucario|Lucario|Lucarionite
|move|p2b: Meowscarada|Triple Axel|p1a: Staraptor
|-start|p2b: Meowscarada|typechange|Ice|[from] ability: Protean
|-supereffective|p1a: Staraptor|1
|-damage|p1a: Staraptor|83/100
|-supereffective|p1a: Staraptor|1
|-damage|p1a: Staraptor|52/100
|-supereffective|p1a: Staraptor|1
|-damage|p1a: Staraptor|7/100
|-hitcount|p1a: Staraptor|3
|move|p1a: Staraptor|Close Combat|p2b: Meowscarada
|-supereffective|p2b: Meowscarada|1
|-damage|p2b: Meowscarada|0 fnt
|-boost|p1a: Staraptor|def|1
|-boost|p1a: Staraptor|spd|1
|faint|p2b: Meowscarada
|move|p2a: Lucario|Meteor Mash|p1b: Rotom
|-resisted|p1b: Rotom|2
|-damage|p1b: Rotom|80/100
|
|upkeep
|
|t:|1782432105
|switch|p2b: Glimmora|Glimmora, L50, M|100/100
|turn|2
|
|t:|1782432117
|move|p1a: Staraptor|Protect|p1a: Staraptor
|-singleturn|p1a: Staraptor|Protect
|move|p2a: Lucario|Bullet Punch|p1a: Staraptor
|-activate|p1a: Staraptor|move: Protect
|move|p2b: Glimmora|Sludge Bomb|p1b: Rotom
|-damage|p1b: Rotom|15/100
|-enditem|p1b: Rotom|Sitrus Berry|[eat]
|-heal|p1b: Rotom|40/100|[from] item: Sitrus Berry
|move|p1b: Rotom|Will-O-Wisp|p2a: Lucario
|-status|p2a: Lucario|brn
|
|-damage|p2a: Lucario|93/100 brn|[from] brn
|upkeep
|turn|3
|
|t:|1782432147
|switch|p1a: Skeledirge|Skeledirge, L50, M|100/100
|move|p2a: Lucario|Bullet Punch|p1a: Skeledirge
|-resisted|p1a: Skeledirge|1
|-damage|p1a: Skeledirge|93/100
|move|p2b: Glimmora|Sludge Bomb|p1b: Rotom
|-damage|p1b: Rotom|0 fnt
|faint|p1b: Rotom
|
|-damage|p2a: Lucario|87/100 brn|[from] brn
|upkeep
|
|t:|1782432157
|switch|p1b: Staraptor|Staraptor-Mega, L50, M|7/100
|turn|4
|
|t:|1782432164
|move|p1b: Staraptor|Protect|p1b: Staraptor
|-singleturn|p1b: Staraptor|Protect
|move|p2a: Lucario|Bullet Punch|p1b: Staraptor
|-activate|p1b: Staraptor|move: Protect
|move|p2b: Glimmora|Earth Power|p1a: Skeledirge
|-supereffective|p1a: Skeledirge|1
|-damage|p1a: Skeledirge|10/100
|move|p1a: Skeledirge|Torch Song|p2a: Lucario
|-supereffective|p2a: Lucario|1
|-damage|p2a: Lucario|0 fnt
|-boost|p1a: Skeledirge|spa|1
|faint|p2a: Lucario
|-damage|p1a: Skeledirge|1/100|[from] item: Life Orb
|
|upkeep
|
|t:|1782432181
|switch|p2a: Ceruledge|Ceruledge, L50, F|100/100
|turn|5
|
|t:|1782432205
|move|p2b: Glimmora|Spiky Shield|p2b: Glimmora
|-singleturn|p2b: Glimmora|move: Protect
|move|p1b: Staraptor|Roost|p1b: Staraptor
|-heal|p1b: Staraptor|57/100
|-singleturn|p1b: Staraptor|move: Roost
|move|p2a: Ceruledge|Bitter Blade|p1b: Staraptor
|-damage|p1b: Staraptor|0 fnt
|faint|p1b: Staraptor
|-damage|p2a: Ceruledge|90/100|[from] item: Life Orb
|move|p1a: Skeledirge|Earth Power|p2a: Ceruledge
|-supereffective|p2a: Ceruledge|1
|-damage|p2a: Ceruledge|0 fnt
|faint|p2a: Ceruledge
|-damage|p1a: Skeledirge|0 fnt|[from] item: Life Orb
|faint|p1a: Skeledirge
|
|upkeep
|
|t:|1782432221
|switch|p1b: Garchomp|Garchomp, L50, M|100/100
|turn|6
|
|t:|1782432232
|move|p1b: Garchomp|Earthquake|p2b: Glimmora
|-supereffective|p2b: Glimmora|2
|-damage|p2b: Glimmora|0 fnt
|-activate|p2b: Glimmora|ability: Toxic Debris
|-sidestart|p1: TEST06232026|move: Toxic Spikes
|faint|p2b: Glimmora
|
|win|TEST06232026
