|j|☆KPR21
|j|☆TylerLiwan5
|html|KPR21TylerLiwan5    
|uhtml|bestof|Game 1 of a best-of-3
|t:|1783908743
|gametype|doubles
|player|p1|KPR21|marshal|1206
|player|p2|TylerLiwan5|102|1137
|gen|9
|tier|[Gen 9 Champions] VGC 2026 Reg M-B (Bo3)
|rated|
|rule|Species Clause: Limit one of each Pokémon
|rule|Item Clause: Limit 1 of each item
|clearpoke
|poke|p1|Torkoal, L50, F|
|poke|p1|Pyroar, L50, M|
|poke|p1|Whimsicott, L50, F|
|poke|p1|Farigiraf, L50, M|
|poke|p1|Mamoswine, L50, F|
|poke|p1|Vileplume, L50, F|
|poke|p2|Staraptor, L50, M|
|poke|p2|Whimsicott, L50, F, shiny|
|poke|p2|Ceruledge, L50, F|
|poke|p2|Farigiraf, L50, M|
|poke|p2|Garchomp, L50, F|
|poke|p2|Metagross, L50, shiny|
|teampreview|4
|showteam|p1|Torkoal||Charcoal|Drought|Protect,HelpingHand,Eruption,Flamethrower|Modest||F|||50|]Pyroar||Pyroarite|Unnerve|HeatWave,SolarBeam,Overheat,Protect|Timid||M|||50|]Whimsicott||FocusSash|Prankster|Moonblast,SunnyDay,Tailwind,Protect|Timid||F|||50|]Farigiraf||SitrusBerry|ArmorTail|Psychic,Thunderbolt,TrickRoom,HelpingHand|Bold||M|||50|]Mamoswine||NeverMeltIce|ThickFat|IceShard,Protect,HighHorsepower,SmackDown|Adamant||F|||50|]Vileplume||BigRoot|Chlorophyll|Protect,AfterYou,GigaDrain,SludgeBomb|Modest||F|||50|
|showteam|p2|Staraptor||Staraptite|Intimidate|CloseCombat,BraveBird,Protect,Roost|Jolly||M|||50|]Whimsicott||FocusSash|Prankster|Tailwind,Moonblast,Charm,Encore|Timid||F|||50|]Ceruledge||ColburBerry|FlashFire|BitterBlade,ShadowSneak,BulkUp,Protect|Adamant||F|||50|]Farigiraf||SitrusBerry|ArmorTail|HelpingHand,Psychic,Thunderbolt,TrickRoom|Calm||M|||50|]Garchomp||LifeOrb|RoughSkin|DragonClaw,StompingTantrum,RockSlide,Protect|Jolly||F|||50|]Metagross||Metagrossite|ClearBody|IronHead,PsychicFangs,StompingTantrum,Protect|Adamant|||||50|
|inactive|Battle timer is ON: inactive players will automatically lose when time's up. (requested by TylerLiwan5)
|inactive|KPR21 has 60 seconds left.
|inactive|TylerLiwan5 has 60 seconds left.
|
|t:|1783908801
|teamsize|p1|4
|teamsize|p2|4
|start
|switch|p1a: Mamoswine|Mamoswine, L50, F|100/100
|switch|p1b: Pyroar|Pyroar, L50, M|100/100
|switch|p2a: Staraptor|Staraptor, L50, M|100/100
|switch|p2b: Whimsicott|Whimsicott, L50, F, shiny|100/100
|-ability|p1b: Pyroar|Unnerve
|-ability|p2a: Staraptor|Intimidate|boost
|-unboost|p1a: Mamoswine|atk|1
|-unboost|p1b: Pyroar|atk|1
|turn|1
|inactive|TylerLiwan5 has 30 seconds left.
|inactive|TylerLiwan5 has 20 seconds left.
|inactive|KPR21 has 30 seconds left.
|inactive|TylerLiwan5 has 15 seconds left.
|
|t:|1783908843
|switch|p2b: Farigiraf|Farigiraf, L50, M|100/100
|detailschange|p1b: Pyroar|Pyroar-Mega, L50, M
|-mega|p1b: Pyroar|Pyroar|Pyroarite
|detailschange|p2a: Staraptor|Staraptor-Mega, L50, M
|-mega|p2a: Staraptor|Staraptor|Staraptite
|move|p1a: Mamoswine|Ice Shard||[still]
|cant|p2b: Farigiraf|ability: Armor Tail|Ice Shard|[of] p1a: Mamoswine
|move|p1b: Pyroar|Overheat|p2a: Staraptor
|-damage|p2a: Staraptor|0 fnt
|-unboost|p1b: Pyroar|spa|2
|faint|p2a: Staraptor
|
|upkeep
|
|t:|1783908865
|switch|p2a: Ceruledge|Ceruledge, L50, F|100/100
|turn|2
|inactive|KPR21 has 30 seconds left.
|
|t:|1783908900
|switch|p1b: Whimsicott|Whimsicott, L50, F|100/100
|move|p2a: Ceruledge|Protect|p2a: Ceruledge
|-singleturn|p2a: Ceruledge|Protect
|move|p1a: Mamoswine|Protect|p1a: Mamoswine
|-singleturn|p1a: Mamoswine|Protect
|move|p2b: Farigiraf|Trick Room|p2b: Farigiraf
|-fieldstart|move: Trick Room|[of] p2b: Farigiraf
|
|upkeep
|turn|3
|inactive|KPR21 has 30 seconds left.
|inactive|TylerLiwan5 has 30 seconds left.
|inactive|TylerLiwan5 has 20 seconds left.
|inactive|TylerLiwan5 has 15 seconds left.
|
|t:|1783908941
|move|p2b: Farigiraf|Helping Hand|p2a: Ceruledge
|-singleturn|p2a: Ceruledge|Helping Hand|[of] p2b: Farigiraf
|move|p1a: Mamoswine|High Horsepower|p2a: Ceruledge
|-supereffective|p2a: Ceruledge|1
|-damage|p2a: Ceruledge|10/100
|move|p2a: Ceruledge|Bitter Blade|p1a: Mamoswine
|-supereffective|p1a: Mamoswine|1
|-damage|p1a: Mamoswine|31/100
|-heal|p2a: Ceruledge|49/100|[from] drain|[of] p1a: Mamoswine
|move|p1b: Whimsicott|Moonblast|p2a: Ceruledge
|-resisted|p2a: Ceruledge|1
|-damage|p2a: Ceruledge|32/100
|
|upkeep
|turn|4
|inactive|KPR21 has 30 seconds left.
|inactive|TylerLiwan5 has 30 seconds left.
|inactive|TylerLiwan5 has 20 seconds left.
|
|t:|1783908982
|switch|p2a: Whimsicott|Whimsicott, L50, F, shiny|100/100
|switch|p1b: Torkoal|Torkoal, L50, F|100/100
|-weather|SunnyDay|[from] ability: Drought|[of] p1b: Torkoal
|move|p2b: Farigiraf|Psychic|p1a: Mamoswine
|-damage|p1a: Mamoswine|0 fnt
|faint|p1a: Mamoswine
|
|-weather|SunnyDay|[upkeep]
|upkeep
|
|t:|1783909000
|switch|p1a: Pyroar|Pyroar-Mega, L50, M|100/100
|turn|5
|inactive|TylerLiwan5 has 30 seconds left.
|inactive|TylerLiwan5 has 20 seconds left.
|inactive|TylerLiwan5 has 15 seconds left.
|inactive|TylerLiwan5 has 10 seconds left.
|
|t:|1783909050
|switch|p2a: Ceruledge|Ceruledge, L50, F|32/100
|move|p1b: Torkoal|Helping Hand|p1a: Pyroar
|-singleturn|p1a: Pyroar|Helping Hand|[of] p1b: Torkoal
|move|p2b: Farigiraf|Psychic|p1b: Torkoal
|-damage|p1b: Torkoal|59/100
|move|p1a: Pyroar|Overheat|p2b: Farigiraf
|-damage|p2b: Farigiraf|0 fnt
|-unboost|p1a: Pyroar|spa|2
|faint|p2b: Farigiraf
|
|-weather|SunnyDay|[upkeep]
|upkeep
|
|t:|1783909063
|switch|p2b: Whimsicott|Whimsicott, L50, F, shiny|100/100
|turn|6
|
|t:|1783909084
|switch|p1b: Whimsicott|Whimsicott, L50, F|100/100
|move|p2a: Ceruledge|Protect|p2a: Ceruledge
|-singleturn|p2a: Ceruledge|Protect
|move|p1a: Pyroar|Protect|p1a: Pyroar
|-singleturn|p1a: Pyroar|Protect
|move|p2b: Whimsicott|Tailwind|p2b: Whimsicott
|-sidestart|p2: TylerLiwan5|move: Tailwind
|
|-weather|SunnyDay|[upkeep]
|-fieldend|move: Trick Room
|upkeep
|turn|7
|inactive|TylerLiwan5 has 30 seconds left.
|
|t:|1783909112
|move|p2b: Whimsicott|Encore|p1a: Pyroar
|-start|p1a: Pyroar|Encore
|move|p1a: Pyroar|Protect||[still]
|-fail|p1a: Pyroar
|move|p2a: Ceruledge|Shadow Sneak|p1b: Whimsicott
|-damage|p1b: Whimsicott|69/100
|move|p1b: Whimsicott|Tailwind|p1b: Whimsicott
|-sidestart|p1: KPR21|move: Tailwind
|
|-weather|SunnyDay|[upkeep]
|upkeep
|turn|8
|
|t:|1783909124
|switch|p1a: Torkoal|Torkoal, L50, F|59/100
|move|p2b: Whimsicott|Encore|p1b: Whimsicott
|-start|p1b: Whimsicott|Encore
|move|p1b: Whimsicott|Tailwind||[still]
|-fail|p1b: Whimsicott
|move|p2a: Ceruledge|Bulk Up|p2a: Ceruledge
|-boost|p2a: Ceruledge|atk|1
|-boost|p2a: Ceruledge|def|1
|
|-weather|none
|upkeep
|turn|9
|
|t:|1783909146
|switch|p1b: Pyroar|Pyroar-Mega, L50, M|100/100
|move|p2b: Whimsicott|Moonblast|p1b: Pyroar
|-resisted|p1b: Pyroar|1
|-damage|p1b: Pyroar|77/100
|-unboost|p1b: Pyroar|spa|1
|move|p2a: Ceruledge|Bitter Blade|p1b: Pyroar
|-resisted|p1b: Pyroar|1
|-damage|p1b: Pyroar|36/100
|-heal|p2a: Ceruledge|51/100|[from] drain|[of] p1b: Pyroar
|move|p1a: Torkoal|Eruption|p2a: Ceruledge|[spread] p2b
|-start|p2a: Ceruledge|ability: Flash Fire
|-supereffective|p2b: Whimsicott|1
|-enditem|p2b: Whimsicott|Focus Sash
|-damage|p2b: Whimsicott|1/100
|
|-sideend|p2: TylerLiwan5|move: Tailwind
|upkeep
|turn|10
|inactive|KPR21 has 30 seconds left.
|inactive|TylerLiwan5 has 30 seconds left.
|inactive|KPR21 has 20 seconds left.
|inactive|TylerLiwan5 has 20 seconds left.
|inactive|KPR21 has 15 seconds left.
|inactive|TylerLiwan5 has 15 seconds left.
|inactive|TylerLiwan5 has 10 seconds left.
|
|t:|1783909195
|move|p1b: Pyroar|Protect|p1b: Pyroar
|-singleturn|p1b: Pyroar|Protect
|move|p2b: Whimsicott|Moonblast|p1a: Torkoal
|-resisted|p1a: Torkoal|1
|-damage|p1a: Torkoal|37/100
|move|p2a: Ceruledge|Bitter Blade|p1a: Torkoal
|-resisted|p1a: Torkoal|1
|-damage|p1a: Torkoal|0 fnt
|-heal|p2a: Ceruledge|68/100|[from] drain|[of] p1a: Torkoal
|faint|p1a: Torkoal
|
|-sideend|p1: KPR21|move: Tailwind
|upkeep
|
|t:|1783909203
|switch|p1a: Whimsicott|Whimsicott, L50, F|69/100
|turn|11
|
|t:|1783909223
|move|p1b: Pyroar|Protect|p1b: Pyroar
|-singleturn|p1b: Pyroar|Protect
|move|p2b: Whimsicott|Encore|p1b: Pyroar
|-activate|p1b: Pyroar|move: Protect
|move|p1a: Whimsicott|Moonblast|p2b: Whimsicott
|-damage|p2b: Whimsicott|0 fnt
|faint|p2b: Whimsicott
|move|p2a: Ceruledge|Bitter Blade|p1a: Whimsicott
|-supereffective|p1a: Whimsicott|1
|-damage|p1a: Whimsicott|0 fnt
|-heal|p2a: Ceruledge|95/100|[from] drain|[of] p1a: Whimsicott
|faint|p1a: Whimsicott
|
|upkeep
|turn|12
|
|t:|1783909236
|move|p1b: Pyroar|Solar Beam||[still]
|-prepare|p1b: Pyroar|Solar Beam
|move|p2a: Ceruledge|Bitter Blade|p1b: Pyroar
|-resisted|p1b: Pyroar|1
|-damage|p1b: Pyroar|0 fnt
|-heal|p2a: Ceruledge|100/100|[from] drain|[of] p1b: Pyroar
|faint|p1b: Pyroar
|
|win|TylerLiwan5
|l|☆KPR21
|player|p1|
||KPR21 is ready for game 2.
||TylerLiwan5 is ready for game 2.
|uhtml|next|Next: Game 2 of 3
