|j|☆lucienflash
|j|☆ufhednarvgc
|html|lucienflashufhednarvgc    
|uhtml|bestof|Game 1 of a best-of-3
|t:|1786129238
|gametype|doubles
|player|p1|lucienflash|265|1058
|player|p2|ufhednarvgc|lance|1114
|gen|9
|tier|[Gen 9 Champions] VGC 2026 Reg M-B (Bo3)
|rated|
|rule|Species Clause: Limit one of each Pokémon
|rule|Item Clause: Limit 1 of each item
|clearpoke
|poke|p1|Torkoal, L50, F|
|poke|p1|Sinistcha-Masterpiece, L50|
|poke|p1|Sharpedo, L50, F|
|poke|p1|Snorlax, L50, F|
|poke|p1|Clefable, L50, F|
|poke|p1|Sableye, L50, F|
|poke|p2|Arcanine-Hisui, L50, F|
|poke|p2|Kingambit, L50, F|
|poke|p2|Raichu, L50, F|
|poke|p2|Farigiraf, L50, M|
|poke|p2|Sylveon, L50, F|
|poke|p2|Staraptor, L50, M|
|teampreview|4
|showteam|p1|Torkoal||LifeOrb|Drought|Eruption,EarthPower,Yawn,Protect|Modest||F|||50|]Sinistcha-Masterpiece||FocusSash|Hospitality|MatchaGotcha,Scald,RagePowder,TrickRoom|Modest|||||50|]Sharpedo||Sharpedonite|SpeedBoost|Crunch,IceFang,Liquidation,Protect|Adamant||F|||50|]Snorlax||SitrusBerry|Immunity|DoubleEdge,Earthquake,IcePunch,Protect|Adamant||F|||50|]Clefable||Clefablite|CuteCharm|FollowMe,HelpingHand,DazzlingGleam,Flamethrower|Calm||F|||50|]Sableye||Sablenite|Prankster|FakeOut,ShadowSneak,WillOWisp,Encore|Sassy||F|||50|
|showteam|p2|Arcanine-Hisui||FocusSash|RockHead|FlareBlitz,HeadSmash,ExtremeSpeed,Protect|Jolly||F|||50|]Kingambit||LifeOrb|Defiant|KowtowCleave,SuckerPunch,SwordsDance,Protect|Adamant||F|||50|]Raichu||RaichuniteY|LightningRod|ZapCannon,FocusBlast,FakeOut,Protect|Timid||F|||50|]Farigiraf||SitrusBerry|ArmorTail|Psychic,HelpingHand,TrickRoom,Protect|Modest||M|||50|]Sylveon||FairyFeather|Pixilate|HyperVoice,HyperBeam,QuickAttack,Detect|Modest||F|||50|]Staraptor||Staraptite|Intimidate|CloseCombat,DualWingbeat,Tailwind,Protect|Jolly||M|||50|
|inactive|Battle timer is ON: inactive players will automatically lose when time's up. (requested by lucienflash)
|
|t:|1786129260
|teamsize|p1|4
|teamsize|p2|4
|start
|switch|p1a: Sinistcha|Sinistcha-Masterpiece, L50|100/100
|switch|p1b: Sableye|Sableye, L50, F|100/100
|switch|p2a: Raichu|Raichu, L50, F|100/100
|switch|p2b: Farigiraf|Farigiraf, L50, M|100/100
|turn|1
|
|t:|1786129278
|switch|p1b: Torkoal|Torkoal, L50, F|100/100
|-weather|SunnyDay|[from] ability: Drought|[of] p1b: Torkoal
|detailschange|p2a: Raichu|Raichu-Mega-Y, L50, F
|-mega|p2a: Raichu|Raichu|Raichunite Y
|move|p2b: Farigiraf|Helping Hand|p2a: Raichu
|-singleturn|p2a: Raichu|Helping Hand|[of] p2b: Farigiraf
|move|p2a: Raichu|Zap Cannon|p1b: Torkoal
|-damage|p1b: Torkoal|0 fnt
|faint|p1b: Torkoal
|move|p1a: Sinistcha|Trick Room|p1a: Sinistcha
|-fieldstart|move: Trick Room|[of] p1a: Sinistcha
|
|-weather|SunnyDay|[upkeep]
|upkeep
|
|t:|1786129286
|switch|p1b: Snorlax|Snorlax, L50, F|100/100
|turn|2
|
|t:|1786129295
|move|p2a: Raichu|Protect|p2a: Raichu
|-singleturn|p2a: Raichu|Protect
|move|p1b: Snorlax|Earthquake|p2b: Farigiraf|[spread] p1a,p2b
|-activate|p2a: Raichu|move: Protect
|-resisted|p1a: Sinistcha|1
|-damage|p1a: Sinistcha|88/100
|-damage|p2b: Farigiraf|77/100
|move|p1a: Sinistcha|Matcha Gotcha|p2a: Raichu|[spread] p2b
|-activate|p2a: Raichu|move: Protect
|-damage|p2b: Farigiraf|44/100
|-heal|p1a: Sinistcha|100/100|[from] drain|[of] p2b: Farigiraf
|-status|p2b: Farigiraf|brn
|-enditem|p2b: Farigiraf|Sitrus Berry|[eat]
|-heal|p2b: Farigiraf|69/100 brn|[from] item: Sitrus Berry
|move|p2b: Farigiraf|Trick Room|p2b: Farigiraf
|-fieldend|move: Trick Room
|
|-weather|SunnyDay|[upkeep]
|-damage|p2b: Farigiraf|63/100 brn|[from] brn
|upkeep
|turn|3
|
|t:|1786129320
|move|p2a: Raichu|Zap Cannon|p1a: Sinistcha
|-resisted|p1a: Sinistcha|1
|-damage|p1a: Sinistcha|62/100
|-status|p1a: Sinistcha|par
|move|p2b: Farigiraf|Psychic|p1a: Sinistcha
|-damage|p1a: Sinistcha|16/100 par
|move|p1b: Snorlax|Earthquake|p2a: Raichu|[spread] p1a,p2a,p2b
|-resisted|p1a: Sinistcha|1
|-supereffective|p2a: Raichu|1
|-damage|p1a: Sinistcha|3/100 par
|-damage|p2a: Raichu|6/100
|-damage|p2b: Farigiraf|41/100 brn
|cant|p1a: Sinistcha|par
|
|-weather|SunnyDay|[upkeep]
|-damage|p2b: Farigiraf|35/100 brn|[from] brn
|upkeep
|turn|4
|inactive|lucienflash has 30 seconds left.
|
|t:|1786129351
|switch|p1a: Sableye|Sableye, L50, F|100/100
|move|p2b: Farigiraf|Helping Hand|p2a: Raichu
|-singleturn|p2a: Raichu|Helping Hand|[of] p2b: Farigiraf
|move|p2a: Raichu|Focus Blast|p1b: Snorlax
|-supereffective|p1b: Snorlax|1
|-damage|p1b: Snorlax|24/100
|-enditem|p1b: Snorlax|Sitrus Berry|[eat]
|-heal|p1b: Snorlax|49/100|[from] item: Sitrus Berry
|move|p1b: Snorlax|Double-Edge|p2b: Farigiraf
|-damage|p2b: Farigiraf|0 fnt
|faint|p2b: Farigiraf
|-damage|p1b: Snorlax|39/100|[from] Recoil
|
|-weather|SunnyDay|[upkeep]
|upkeep
|
|t:|1786129365
|switch|p2b: Sylveon|Sylveon, L50, F|100/100
|turn|5
|inactive|lucienflash has 30 seconds left.
|
|t:|1786129392
|move|p1a: Sableye|Fake Out|p2a: Raichu
|-damage|p2a: Raichu|0 fnt
|faint|p2a: Raichu
|move|p2b: Sylveon|Hyper Voice|p1a: Sableye|[spread] p1a,p1b
|-supereffective|p1a: Sableye|1
|-damage|p1a: Sableye|0 fnt
|-damage|p1b: Snorlax|7/100
|faint|p1a: Sableye
|move|p1b: Snorlax|Double-Edge|p2b: Sylveon
|-damage|p2b: Sylveon|27/100
|-damage|p1b: Snorlax|0 fnt|[from] Recoil
|faint|p1b: Snorlax
|
|-weather|none
|upkeep
|-message|lucienflash forfeited.
|raw|lucienflash's rating: 1058 → 1042(-16 for losing)
|raw|ufhednarvgc's rating: 1114 → 1135(+21 for winning)
|
|win|ufhednarvgc
|l|☆lucienflash
|player|p1|
