|j|☆Jideo
|j|☆Testbericht2
|html|JideoTestbericht2    
|uhtml|bestof|Game 2 of a best-of-3
|t:|1755448450
|gametype|doubles
|player|p1|Jideo|hoopster|1256
|player|p2|Testbericht2|2|1425
|gen|9
|tier|[Gen 9] VGC 2025 Reg H (Bo3)
|rated|
|rule|Species Clause: Limit one of each Pokémon
|rule|Item Clause: Limit 1 of each item
|clearpoke
|poke|p1|Archaludon, L50, F|
|poke|p1|Pelipper, L50, M|
|poke|p1|Basculegion, L50, M|
|poke|p1|Incineroar, L50, M|
|poke|p1|Toxicroak, L50, M|
|poke|p1|Amoonguss, L50, M|
|poke|p2|Maushold, L50|
|poke|p2|Pelipper, L50, F|
|poke|p2|Archaludon, L50, M|
|poke|p2|Ursaluna, L50, F|
|poke|p2|Indeedee-F, L50, F|
|poke|p2|Basculegion, L50, M|
|teampreview|4
|showteam|p1|Archaludon||AssaultVest|Stamina|ElectroShot,Snarl,DragonPulse,BodyPress|||F|||50|,,,,,Grass]Pelipper||FocusSash|Drizzle|WeatherBall,Hurricane,Protect,Tailwind|||M|||50|,,,,,Stellar]Basculegion||MysticWater|SwiftSwim|Protect,WaveCrash,FlipTurn,LastRespects|||M|||50|,,,,,Water]Incineroar||SafetyGoggles|Intimidate|FakeOut,FlareBlitz,KnockOff,PartingShot|||M|||50|,,,,,Ghost]Toxicroak||LifeOrb|DrySkin|FakeOut,CloseCombat,PoisonJab,SuckerPunch|||M|||50|,,,,,Dark]Amoonguss||CovertCloak|Regenerator|Protect,PollenPuff,RagePowder,Spore|||M|||50|,,,,,Fairy
|showteam|p2|Maushold||WideLens|Technician|PopulationBomb,FollowMe,Taunt,Protect||||||50|,,,,,Ghost]Pelipper||FocusSash|Drizzle|Hurricane,MuddyWater,Tailwind,Protect|||F|||50|,,,,,Stellar]Archaludon||AssaultVest|Stamina|DragonPulse,ElectroShot,BodyPress,FlashCannon|||M|||50|,,,,,Flying]Ursaluna||FlameOrb|Guts|Facade,HeadlongRush,Earthquake,Protect|||F|||50|,,,,,Ghost]Indeedee-F||SafetyGoggles|PsychicSurge|FollowMe,TrickRoom,Psychic,HealPulse|||F|||50|,,,,,Fairy]Basculegion||LifeOrb|SwiftSwim|WaveCrash,LastRespects,FlipTurn,Protect|||M|||50|,,,,,Water
|inactive|Battle timer is ON: inactive players will automatically lose when time's up. (requested by Testbericht2)
|
|t:|1755448489
|teamsize|p1|4
|teamsize|p2|4
|start
|switch|p1a: Archaludon|Archaludon, L50, F|100/100
|switch|p1b: Amoonguss|Amoonguss, L50, M|100/100
|switch|p2a: Maushold|Maushold, L50|100/100
|switch|p2b: Indeedee|Indeedee-F, L50, F|100/100
|-fieldstart|move: Psychic Terrain|[from] ability: Psychic Surge|[of] p2b: Indeedee
|turn|1
|
|t:|1755448518
|switch|p1b: Incineroar|Incineroar, L50, M|100/100
|-ability|p1b: Incineroar|Intimidate|boost
|-unboost|p2a: Maushold|atk|1
|-unboost|p2b: Indeedee|atk|1
|move|p2a: Maushold|Population Bomb|p1b: Incineroar
|-damage|p1b: Incineroar|94/100
|-damage|p1b: Incineroar|88/100
|-damage|p1b: Incineroar|81/100
|-damage|p1b: Incineroar|74/100
|-damage|p1b: Incineroar|67/100
|-damage|p1b: Incineroar|61/100
|-damage|p1b: Incineroar|54/100
|-damage|p1b: Incineroar|47/100
|-damage|p1b: Incineroar|39/100
|-damage|p1b: Incineroar|33/100
|-hitcount|p1b: Incineroar|10
|move|p1a: Archaludon|Electro Shot||[still]
|-prepare|p1a: Archaludon|Electro Shot
|-boost|p1a: Archaludon|spa|1
|move|p2b: Indeedee|Psychic|p1b: Incineroar
|-immune|p1b: Incineroar
|
|upkeep
|turn|2
|
|t:|1755448544
|switch|p1b: Basculegion|Basculegion, L50, M|100/100
|move|p2a: Maushold|Population Bomb|p1b: Basculegion
|-immune|p1b: Basculegion
|move|p1a: Archaludon|Electro Shot|p2b: Indeedee|[from] lockedmove
|-damage|p2b: Indeedee|49/100
|move|p2b: Indeedee|Trick Room|p2b: Indeedee
|-fieldstart|move: Trick Room|[of] p2b: Indeedee
|
|upkeep
|turn|3
|inactive|Jideo has 30 seconds left.
|inactive|Jideo has 20 seconds left.
|inactive|Jideo has 15 seconds left.
|
|t:|1755448588
|switch|p2b: Ursaluna|Ursaluna, L50, F|100/100
|move|p2a: Maushold|Follow Me|p2a: Maushold
|-singleturn|p2a: Maushold|move: Follow Me
|move|p1a: Archaludon|Dragon Pulse|p2a: Maushold
|-damage|p2a: Maushold|2/100
|move|p1b: Basculegion|Wave Crash|p2a: Maushold
|-damage|p2a: Maushold|0 fnt
|faint|p2a: Maushold
|-damage|p1b: Basculegion|99/100|[from] Recoil
|
|-status|p2b: Ursaluna|brn|[from] item: Flame Orb
|upkeep
|
|t:|1755448608
|switch|p2a: Indeedee|Indeedee-F, L50, F|49/100
|turn|4
|inactive|Jideo has 30 seconds left.
|inactive|Testbericht2 has 30 seconds left.
|inactive|Jideo has 20 seconds left.
|
|t:|1755448650
|switch|p1b: Incineroar|Incineroar, L50, M|33/100
|-ability|p1b: Incineroar|Intimidate|boost
|-unboost|p2a: Indeedee|atk|1
|-unboost|p2b: Ursaluna|atk|1
|-terastallize|p1a: Archaludon|Grass
|move|p2a: Indeedee|Follow Me|p2a: Indeedee
|-singleturn|p2a: Indeedee|move: Follow Me
|move|p2b: Ursaluna|Headlong Rush|p1a: Archaludon
|-resisted|p1a: Archaludon
|-damage|p1a: Archaludon|74/100
|-unboost|p2b: Ursaluna|def|1
|-unboost|p2b: Ursaluna|spd|1
|-ability|p1a: Archaludon|Stamina|boost
|-boost|p1a: Archaludon|def|1
|move|p1a: Archaludon|Body Press|p2a: Indeedee
|-damage|p2a: Indeedee|4/100
|
|-damage|p2b: Ursaluna|95/100 brn|[from] brn
|upkeep
|turn|5
|
|t:|1755448673
|switch|p1b: Amoonguss|Amoonguss, L50, M|100/100
|move|p2b: Ursaluna|Facade|p1a: Archaludon
|-damage|p1a: Archaludon|35/100
|-ability|p1a: Archaludon|Stamina|boost
|-boost|p1a: Archaludon|def|1
|move|p2a: Indeedee|Psychic|p1a: Archaludon
|-damage|p1a: Archaludon|6/100
|-ability|p1a: Archaludon|Stamina|boost
|-boost|p1a: Archaludon|def|1
|move|p1a: Archaludon|Snarl|p2b: Ursaluna|[spread] p2a,p2b
|-supereffective|p2a: Indeedee
|-damage|p2a: Indeedee|0 fnt
|-damage|p2b: Ursaluna|67/100 brn
|-unboost|p2b: Ursaluna|spa|1
|faint|p2a: Indeedee
|
|-damage|p2b: Ursaluna|61/100 brn|[from] brn
|-fieldend|move: Psychic Terrain
|upkeep
|
|t:|1755448681
|switch|p2a: Archaludon|Archaludon, L50, M|100/100
|turn|6
|
|t:|1755448697
|-terastallize|p2a: Archaludon|Flying
|move|p1b: Amoonguss|Pollen Puff|p1a: Archaludon
|-heal|p1a: Archaludon|56/100
|move|p2b: Ursaluna|Earthquake|p1a: Archaludon|[spread] p1a,p1b
|-immune|p2a: Archaludon
|-resisted|p1a: Archaludon
|-crit|p1a: Archaludon
|-damage|p1a: Archaludon|22/100
|-damage|p1b: Amoonguss|64/100
|-ability|p1a: Archaludon|Stamina|boost
|-boost|p1a: Archaludon|def|1
|move|p2a: Archaludon|Dragon Pulse|p1b: Amoonguss
|-damage|p1b: Amoonguss|37/100
|move|p1a: Archaludon|Dragon Pulse|p2b: Ursaluna
|-damage|p2b: Ursaluna|0 fnt
|faint|p2b: Ursaluna
|
|-fieldend|move: Trick Room
|upkeep
|turn|7
|
|t:|1755448714
|move|p1b: Amoonguss|Rage Powder|p1b: Amoonguss
|-singleturn|p1b: Amoonguss|move: Rage Powder
|move|p2a: Archaludon|Dragon Pulse|p1b: Amoonguss
|-damage|p1b: Amoonguss|6/100
|move|p1a: Archaludon|Electro Shot||[still]
|-prepare|p1a: Archaludon|Electro Shot
|-boost|p1a: Archaludon|spa|1
|
|upkeep
|turn|8
|
|t:|1755448725
|move|p1b: Amoonguss|Rage Powder|p1b: Amoonguss
|-singleturn|p1b: Amoonguss|move: Rage Powder
|move|p1a: Archaludon|Electro Shot|p2a: Archaludon|[from] lockedmove
|-supereffective|p2a: Archaludon
|-damage|p2a: Archaludon|0 fnt
|faint|p2a: Archaludon
|
|win|Jideo
|raw|Jideo's rating: 1256 → 1292(+36 for winning)
|raw|Testbericht2's rating: 1425 → 1396(-29 for losing)
|c|☆Jideo|Ggs
|l|☆Testbericht2
|player|p2|
|l|☆Jideo
|player|p1|
|j|☆Jideo
|player|p1|Jideo|hoopster|
