|j|☆blfuller_4
|j|☆Luke693VGC
|html|blfuller_4Luke693VGC    
|uhtml|bestof|Game 1 of a best-of-3
|t:|1756921247
|gametype|doubles
|player|p1|blfuller_4|265|1135
|player|p2|Luke693VGC|cyclist-gen4|1149
|gen|9
|tier|[Gen 9] VGC 2025 Reg H (Bo3)
|rated|
|rule|Species Clause: Limit one of each Pokémon
|rule|Item Clause: Limit 1 of each item
|clearpoke
|poke|p1|Sneasler, L50, M|
|poke|p1|Indeedee, L50, M|
|poke|p1|Gholdengo, L50|
|poke|p1|Dragapult, L50, M|
|poke|p1|Kingambit, L50, M|
|poke|p1|Electabuzz, L50, M|
|poke|p2|Archaludon, L50, M|
|poke|p2|Pelipper, L50, M|
|poke|p2|Basculegion, L50, M|
|poke|p2|Amoonguss, L50, F|
|poke|p2|Incineroar, L50, F|
|poke|p2|Gholdengo, L50|
|teampreview|4
|showteam|p1|Sneasler||PsychicSeed|Unburden|Protect,DireClaw,CloseCombat,ThroatChop|||M|||50|,,,,,Dark]Indeedee||ChoiceScarf|PsychicSurge|ExpandingForce,DazzlingGleam,ShadowBall,Trick|||M|||50|,,,,,Psychic]Gholdengo||ChoiceSpecs|GoodasGold|MakeItRain,ShadowBall,PowerGem,Thunderbolt||||||50|,,,,,Dragon]Dragapult||ChoiceBand|ClearBody|Outrage,DragonDarts,PhantomForce,Uturn|||M|||50|,,,,,Dragon]Kingambit||AssaultVest|Defiant|KowtowCleave,IronHead,TeraBlast,SuckerPunch|||M|||50|,,,,,Fire]Electabuzz||Eviolite|VitalSpirit|FollowMe,Electroweb,Taunt,HelpingHand|||M|||50|,,,,,Ghost
|showteam|p2|Archaludon||AssaultVest|Stamina|DragonPulse,ElectroShot,FlashCannon,BodyPress|||M|||50|,,,,,Grass]Pelipper||FocusSash|Drizzle|WeatherBall,Hurricane,Tailwind,Protect|||M|||50|,,,,,Stellar]Basculegion||ChoiceBand|SwiftSwim|WaveCrash,LastRespects,AquaJet,FlipTurn|||M|||50|,,,,,Water]Amoonguss||RockyHelmet|Regenerator|PollenPuff,RagePowder,Spore,Protect|||F|||50|,,,,,Water]Incineroar||SafetyGoggles|Intimidate|KnockOff,FakeOut,PartingShot,Taunt|||F|||50|,,,,,Ghost]Gholdengo||LifeOrb|GoodasGold|MakeItRain,ShadowBall,NastyPlot,Protect||||||50|,,,,,Water
|inactive|Battle timer is ON: inactive players will automatically lose when time's up. (requested by blfuller_4)
|
|t:|1756921382
|teamsize|p1|4
|teamsize|p2|4
|start
|switch|p1a: Dragapult|Dragapult, L50, M|100/100
|switch|p1b: Electabuzz|Electabuzz, L50, M|100/100
|switch|p2a: Gholdengo|Gholdengo, L50|100/100
|switch|p2b: Incineroar|Incineroar, L50, F|100/100
|-ability|p2b: Incineroar|Intimidate|boost
|-fail|p1a: Dragapult|unboost|[from] ability: Clear Body|[of] p1a: Dragapult
|-unboost|p1b: Electabuzz|atk|1
|turn|1
|inactive|blfuller_4 has 30 seconds left.
|inactive|Luke693VGC has 30 seconds left.
|inactive|blfuller_4 has 20 seconds left.
|inactive|Luke693VGC has 20 seconds left.
|inactive|blfuller_4 has 15 seconds left.
|inactive|Luke693VGC has 15 seconds left.
|inactive|Luke693VGC has 10 seconds left.
|inactive|Luke693VGC has 5 seconds left.
|
|t:|1756921434
|move|p1a: Dragapult|U-turn|p2b: Incineroar
|-damage|p2b: Incineroar|71/100
|
|t:|1756921442
|switch|p1a: Sneasler|Sneasler, L50, M|100/100|[from] U-turn
|move|p2a: Gholdengo|Shadow Ball|p1a: Sneasler
|-damage|p1a: Sneasler|34/100
|-damage|p2a: Gholdengo|91/100|[from] item: Life Orb
|move|p1b: Electabuzz|Electroweb|p2b: Incineroar|[spread] p2a,p2b
|-damage|p2a: Gholdengo|76/100
|-damage|p2b: Incineroar|60/100
|-unboost|p2a: Gholdengo|spe|1
|-unboost|p2b: Incineroar|spe|1
|move|p2b: Incineroar|Knock Off|p1a: Sneasler
|-resisted|p1a: Sneasler
|-damage|p1a: Sneasler|6/100
|-enditem|p1a: Sneasler|Psychic Seed|[from] move: Knock Off|[of] p2b: Incineroar
|
|upkeep
|turn|2
|inactive|Luke693VGC has 30 seconds left.
|inactive|Luke693VGC has 20 seconds left.
|inactive|Luke693VGC has 15 seconds left.
|inactive|Luke693VGC has 10 seconds left.
|inactive|Luke693VGC has 5 seconds left.
|
|t:|1756921497
|move|p1a: Sneasler|Protect|p1a: Sneasler
|-singleturn|p1a: Sneasler|Protect
|move|p1b: Electabuzz|Electroweb|p2b: Incineroar|[spread] p2a,p2b
|-damage|p2a: Gholdengo|62/100
|-damage|p2b: Incineroar|50/100
|-unboost|p2a: Gholdengo|spe|1
|-unboost|p2b: Incineroar|spe|1
|move|p2a: Gholdengo|Make It Rain|p1b: Electabuzz|[spread] p1b
|-activate|p1a: Sneasler|move: Protect
|-resisted|p1b: Electabuzz
|-damage|p1b: Electabuzz|78/100
|-unboost|p2a: Gholdengo|spa|1
|-damage|p2a: Gholdengo|53/100|[from] item: Life Orb
|move|p2b: Incineroar|Knock Off|p1b: Electabuzz
|-damage|p1b: Electabuzz|46/100
|-enditem|p1b: Electabuzz|Eviolite|[from] move: Knock Off|[of] p2b: Incineroar
|
|upkeep
|turn|3
|inactive|Luke693VGC has 30 seconds left.
|inactive|Luke693VGC has 20 seconds left.
|inactive|Luke693VGC has 15 seconds left.
|inactive|Luke693VGC has 10 seconds left.
|inactive|Luke693VGC has 5 seconds left.
|
|t:|1756921550
|-terastallize|p1a: Sneasler|Dark
|move|p1b: Electabuzz|Follow Me|p1b: Electabuzz
|-singleturn|p1b: Electabuzz|move: Follow Me
|move|p1a: Sneasler|Throat Chop|p2a: Gholdengo
|-supereffective|p2a: Gholdengo
|-damage|p2a: Gholdengo|0 fnt
|faint|p2a: Gholdengo
|move|p2b: Incineroar|Knock Off|p1b: Electabuzz
|-damage|p1b: Electabuzz|19/100
|
|upkeep
|
|t:|1756921571
|switch|p2a: Basculegion|Basculegion, L50, M|100/100
|turn|4
|
|t:|1756921586
|switch|p2b: Pelipper|Pelipper, L50, M|100/100
|-weather|RainDance|[from] ability: Drizzle|[of] p2b: Pelipper
|move|p1b: Electabuzz|Follow Me|p1b: Electabuzz
|-singleturn|p1b: Electabuzz|move: Follow Me
|move|p1a: Sneasler|Throat Chop|p2a: Basculegion
|-supereffective|p2a: Basculegion
|-crit|p2a: Basculegion
|-damage|p2a: Basculegion|0 fnt
|faint|p2a: Basculegion
|
|-weather|RainDance|[upkeep]
|upkeep
|
|t:|1756921602
|switch|p2a: Incineroar|Incineroar, L50, F|50/100
|-ability|p2a: Incineroar|Intimidate|boost
|-unboost|p1a: Sneasler|atk|1
|-unboost|p1b: Electabuzz|atk|1
|turn|5
|inactive|Luke693VGC has 30 seconds left.
|inactive|Luke693VGC has 20 seconds left.
|inactive|Luke693VGC has 15 seconds left.
|
|t:|1756921646
|move|p1a: Sneasler|Protect|p1a: Sneasler
|-singleturn|p1a: Sneasler|Protect
|move|p2a: Incineroar|Fake Out|p1a: Sneasler
|-activate|p1a: Sneasler|move: Protect
|move|p1b: Electabuzz|Electroweb|p2b: Pelipper|[spread] p2a,p2b
|-supereffective|p2b: Pelipper
|-damage|p2a: Incineroar|39/100
|-damage|p2b: Pelipper|12/100
|-unboost|p2a: Incineroar|spe|1
|-unboost|p2b: Pelipper|spe|1
|move|p2b: Pelipper|Tailwind|p2b: Pelipper
|-sidestart|p2: Luke693VGC|move: Tailwind
|
|-weather|RainDance|[upkeep]
|upkeep
|turn|6
|inactive|blfuller_4 has 30 seconds left.
|inactive|Luke693VGC has 30 seconds left.
|
|t:|1756921679
|switch|p1b: Indeedee|Indeedee, L50, M|100/100
|-fieldstart|move: Psychic Terrain|[from] ability: Psychic Surge|[of] p1b: Indeedee
|move|p1a: Sneasler|Dire Claw|p2a: Incineroar
|-damage|p2a: Incineroar|15/100
|move|p2b: Pelipper|Weather Ball|p1b: Indeedee
|-damage|p1b: Indeedee|6/100
|move|p2a: Incineroar|Knock Off|p1a: Sneasler
|-resisted|p1a: Sneasler
|-damage|p1a: Sneasler|0 fnt
|faint|p1a: Sneasler
|
|-weather|RainDance|[upkeep]
|upkeep
|
|t:|1756921694
|switch|p1a: Dragapult|Dragapult, L50, M|100/100
|turn|7
|
|t:|1756921719
|move|p1b: Indeedee|Dazzling Gleam|p2b: Pelipper|[spread] p2a,p2b
|-damage|p2a: Incineroar|0 fnt
|-damage|p2b: Pelipper|0 fnt
|faint|p2a: Incineroar
|faint|p2b: Pelipper
|
|win|blfuller_4
