|j|☆viatles
|j|☆Buf93Labubumaxxing
|html|viatlesBuf93Labubumaxxing    
|uhtml|bestof|Game 3 of a best-of-3
|t:|1756240215
|gametype|doubles
|player|p1|viatles|hiker|1036
|player|p2|Buf93Labubumaxxing|wallace|1053
|gen|9
|tier|[Gen 9] VGC 2025 Reg H (Bo3)
|rated|
|rule|Species Clause: Limit one of each Pokémon
|rule|Item Clause: Limit 1 of each item
|clearpoke
|poke|p1|Oricorio-Sensu, L50, F|
|poke|p1|Volcarona, L50, M|
|poke|p1|Sylveon, L50, M|
|poke|p1|Murkrow, L50, F|
|poke|p1|Dragapult, L50, M|
|poke|p1|Baxcalibur, L50, M|
|poke|p2|Amoonguss, L50, M|
|poke|p2|Incineroar, L50, M|
|poke|p2|Gholdengo, L50|
|poke|p2|Hawlucha, L50, M|
|poke|p2|Gliscor, L50, F|
|poke|p2|Whimsicott, L50, F|
|teampreview|4
|showteam|p1|Oricorio-Sensu||FocusSash|Dancer|QuiverDance,BatonPass,RevelationDance,Protect|||F|||50|,,,,,Fighting]Volcarona||SitrusBerry|FlameBody|QuiverDance,GigaDrain,FieryDance,Protect|||M|||50|,,,,,Grass]Sylveon||ChoiceScarf|Pixilate|HyperVoice,TeraBlast,StoredPower,SleepTalk|||M|||50|,,,,,Ground]Murkrow||Eviolite|Prankster|Tailwind,FoulPlay,Haze,FeatherDance|||F|||50|,,,,,Dark]Dragapult||CovertCloak|ClearBody|DragonCheer,DragonDarts,Protect,PhantomForce|||M|||50|,,,,,Stellar]Baxcalibur||LoadedDice|ThermalExchange|IcicleSpear,ScaleShot,GlaiveRush,Protect|||M|||50|,,,,,Grass
|showteam|p2|Amoonguss||RockyHelmet|Regenerator|Spore,RagePowder,SludgeBomb,Protect|||M|||50|,,,,,Water]Incineroar||SafetyGoggles|Intimidate|FlareBlitz,KnockOff,PartingShot,FakeOut|||M|||50|,,,,,Grass]Gholdengo||LifeOrb|GoodasGold|MakeItRain,ShadowBall,NastyPlot,Protect||||||50|,,,,,Water]Hawlucha||FocusSash|MoldBreaker|Detect,Coaching,CloseCombat,BraveBird|||M|||50|,,,,,Stellar]Gliscor||SoftSand|HyperCutter|Protect,Earthquake,HighHorsepower,DualWingbeat|||F|||50|,,,,,Stellar]Whimsicott||CovertCloak|Prankster|Moonblast,Tailwind,SunnyDay,Encore|||F|||50|,,,,,Steel
|inactive|Battle timer is ON: inactive players will automatically lose when time's up. (requested by viatles)
|inactive|viatles has 60 seconds left.
|inactive|Buf93Labubumaxxing has 60 seconds left.
|
|t:|1756240255
|teamsize|p1|4
|teamsize|p2|4
|start
|switch|p1a: Murkrow|Murkrow, L50, F|100/100
|switch|p1b: Baxcalibur|Baxcalibur, L50, M|100/100
|switch|p2a: Gholdengo|Gholdengo, L50|100/100
|switch|p2b: Incineroar|Incineroar, L50, M|100/100
|-ability|p2b: Incineroar|Intimidate|boost
|-unboost|p1a: Murkrow|atk|1
|-unboost|p1b: Baxcalibur|atk|1
|turn|1
|
|t:|1756240272
|move|p1b: Baxcalibur|Protect|p1b: Baxcalibur
|-singleturn|p1b: Baxcalibur|Protect
|move|p2b: Incineroar|Fake Out|p1b: Baxcalibur
|-activate|p1b: Baxcalibur|move: Protect
|move|p2a: Gholdengo|Nasty Plot|p2a: Gholdengo
|-boost|p2a: Gholdengo|spa|2
|move|p1a: Murkrow|Foul Play|p2a: Gholdengo
|-supereffective|p2a: Gholdengo
|-damage|p2a: Gholdengo|72/100
|
|upkeep
|turn|2
|inactive|Buf93Labubumaxxing has 30 seconds left.
|inactive|viatles has 30 seconds left.
|inactive|Buf93Labubumaxxing has 20 seconds left.
|j| buf51 Golden Era
|inactive|Buf93Labubumaxxing has 15 seconds left.
|
|t:|1756240313
|move|p1a: Murkrow|Haze|p1a: Murkrow
|-clearallboost
|move|p1b: Baxcalibur|Glaive Rush|p2a: Gholdengo
|-resisted|p2a: Gholdengo
|-damage|p2a: Gholdengo|41/100
|-singlemove|p1b: Baxcalibur|Glaive Rush|[silent]
|move|p2a: Gholdengo|Make It Rain|p1b: Baxcalibur|[spread] p1a,p1b
|-supereffective|p1b: Baxcalibur
|-damage|p1a: Murkrow|35/100
|-damage|p1b: Baxcalibur|0 fnt
|-unboost|p2a: Gholdengo|spa|1
|faint|p1b: Baxcalibur
|-damage|p2a: Gholdengo|31/100|[from] item: Life Orb
|move|p2b: Incineroar|Knock Off|p1a: Murkrow
|-resisted|p1a: Murkrow
|-damage|p1a: Murkrow|14/100
|-enditem|p1a: Murkrow|Eviolite|[from] move: Knock Off|[of] p2b: Incineroar
|
|upkeep
|
|t:|1756240333
|switch|p1b: Sylveon|Sylveon, L50, M|100/100
|turn|3
|
|t:|1756240355
|-terastallize|p1b: Sylveon|Ground
|move|p1a: Murkrow|Tailwind|p1a: Murkrow
|-sidestart|p1: viatles|move: Tailwind
|move|p1b: Sylveon|Tera Blast|p2a: Gholdengo|[anim] Tera Blast Ground
|-supereffective|p2a: Gholdengo
|-crit|p2a: Gholdengo
|-damage|p2a: Gholdengo|0 fnt
|faint|p2a: Gholdengo
|move|p2b: Incineroar|Flare Blitz|p1b: Sylveon
|-damage|p1b: Sylveon|28/100
|-damage|p2b: Incineroar|80/100|[from] Recoil
|
|upkeep
|
|t:|1756240364
|switch|p2a: Amoonguss|Amoonguss, L50, M|100/100
|turn|4
|
|t:|1756240379
|switch|p1b: Oricorio|Oricorio-Sensu, L50, F|100/100
|move|p1a: Murkrow|Foul Play|p2a: Amoonguss
|-damage|p2a: Amoonguss|83/100
|-damage|p1a: Murkrow|0 fnt|[from] item: Rocky Helmet|[of] p2a: Amoonguss
|faint|p1a: Murkrow
|move|p2b: Incineroar|Parting Shot|p1b: Oricorio
|-unboost|p1b: Oricorio|atk|1
|-unboost|p1b: Oricorio|spa|1
|
|t:|1756240389
|switch|p2b: Gliscor|Gliscor, L50, F|100/100|[from] Parting Shot
|move|p2a: Amoonguss|Sludge Bomb|p1b: Oricorio
|-resisted|p1b: Oricorio
|-damage|p1b: Oricorio|77/100
|-status|p1b: Oricorio|psn
|
|-damage|p1b: Oricorio|65/100 psn|[from] psn
|upkeep
|
|t:|1756240398
|switch|p1a: Sylveon|Sylveon, L50, M, tera:Ground|28/100
|turn|5
|inactive|Buf93Labubumaxxing has 30 seconds left.
|
|t:|1756240428
|-terastallize|p2b: Gliscor|Stellar
|move|p2a: Amoonguss|Rage Powder|p2a: Amoonguss
|-singleturn|p2a: Amoonguss|move: Rage Powder
|move|p1a: Sylveon|Tera Blast|p2a: Amoonguss|[anim] Tera Blast Ground
|-damage|p2a: Amoonguss|47/100
|move|p1b: Oricorio|Quiver Dance|p1b: Oricorio
|-boost|p1b: Oricorio|spa|1
|-boost|p1b: Oricorio|spd|1
|-boost|p1b: Oricorio|spe|1
|move|p2b: Gliscor|Dual Wingbeat|p1b: Oricorio
|-damage|p1b: Oricorio|28/100 psn
|-damage|p1b: Oricorio|0 fnt
|faint|p1b: Oricorio
|-hitcount|p1: Oricorio|2
|
|upkeep
|turn|6
|c|☆viatles|ggs
|
|t:|1756240443
|move|p1a: Sylveon|Tera Blast|p2a: Amoonguss|[anim] Tera Blast Ground
|-crit|p2a: Amoonguss
|-damage|p2a: Amoonguss|0 fnt
|faint|p2a: Amoonguss
|move|p2b: Gliscor|Dual Wingbeat|p1a: Sylveon
|-damage|p1a: Sylveon|2/100
|-damage|p1a: Sylveon|0 fnt
|faint|p1a: Sylveon
|-hitcount|p1: Sylveon|2
|
|win|Buf93Labubumaxxing
|raw|viatles's rating: 1036 → 1021(-15 for losing)
|raw|Buf93Labubumaxxing's rating: 1053 → 1083(+30 for winning)
