|j|☆N8NoDog
|j|☆UndeadParadox
|html|N8NoDogUndeadParadox    
|uhtml|bestof|Game 1 of a best-of-3
|t:|1756783430
|gametype|doubles
|player|p1|N8NoDog|archer|1085
|player|p2|UndeadParadox|guitarist|1123
|gen|9
|tier|[Gen 9] VGC 2025 Reg H (Bo3)
|rated|
|rule|Species Clause: Limit one of each Pokémon
|rule|Item Clause: Limit 1 of each item
|clearpoke
|poke|p1|Weavile, L50, F|
|poke|p1|Dragapult, L50, M|
|poke|p1|Sneasler, L50, M|
|poke|p1|Rillaboom, L50, M|
|poke|p1|Milotic, L50, M|
|poke|p1|Gholdengo, L50|
|poke|p2|Sneasler, L50, F|
|poke|p2|Rillaboom, L50, M|
|poke|p2|Incineroar, L50, M|
|poke|p2|Gholdengo, L50|
|poke|p2|Hydreigon, L50, M|
|poke|p2|Gengar, L50, F|
|teampreview|4
|showteam|p1|Weavile||FocusSash|Pickpocket|IceSpinner,KnockOff,BrickBreak,Protect|||F|||50|,,,,,Ghost]Dragapult||ChoiceBand|ClearBody|DragonDarts,Uturn,TeraBlast,PhantomForce|||M|||50|,,,,,Ghost]Sneasler||GrassySeed|Unburden|DireClaw,CloseCombat,Acrobatics,Protect|||M|||50|,,,,,Flying]Rillaboom||AssaultVest|GrassySurge|FakeOut,WoodHammer,GrassyGlide,HighHorsepower|||M|||50|,,,,,Fire]Milotic||CovertCloak|Competitive|Scald,IcyWind,Haze,Protect|||M|||50|,,,,,Grass]Gholdengo||Leftovers|GoodasGold|MakeItRain,ShadowBall,NastyPlot,Protect||||||50|,,,,,Water
|showteam|p2|Sneasler||GrassySeed|Unburden|CloseCombat,DireClaw,Acrobatics,Protect|||F|||50|,,,,,Flying]Rillaboom||AssaultVest|GrassySurge|WoodHammer,GrassyGlide,FakeOut,HighHorsepower|||M|||50|,,,,,Fire]Incineroar||SafetyGoggles|Intimidate|FlareBlitz,KnockOff,PartingShot,FakeOut|||M|||50|,,,,,Ghost]Gholdengo||MetalCoat|GoodasGold|Protect,MakeItRain,ShadowBall,NastyPlot||||||50|,,,,,Water]Hydreigon||LifeOrb|Levitate|Flamethrower,DracoMeteor,DarkPulse,Protect|||M|||50|,,,,,Fire]Gengar||FocusSash|CursedBody|ShadowBall,Haze,Taunt,IcyWind|||F|||50|,,,,,Ghost
|inactive|Battle timer is ON: inactive players will automatically lose when time's up. (requested by N8NoDog)
|c|☆UndeadParadox|love the sneasel bros
|inactive|N8NoDog has 60 seconds left.
|inactive|UndeadParadox has 60 seconds left.
|
|t:|1756783478
|teamsize|p1|4
|teamsize|p2|4
|start
|switch|p1a: Sneasler|Sneasler, L50, M|100/100
|switch|p1b: Milotic|Milotic, L50, M|100/100
|switch|p2a: Sneasler|Sneasler, L50, F, shiny|100/100
|switch|p2b: Rillaboom|Rillaboom, L50, M|100/100
|-fieldstart|move: Grassy Terrain|[from] ability: Grassy Surge|[of] p2b: Rillaboom
|-enditem|p2a: Sneasler|Grassy Seed
|-boost|p2a: Sneasler|def|1|[from] item: Grassy Seed
|-enditem|p1a: Sneasler|Grassy Seed
|-boost|p1a: Sneasler|def|1|[from] item: Grassy Seed
|turn|1
|inactive|UndeadParadox has 30 seconds left.
|
|t:|1756783512
|-terastallize|p2a: Sneasler|Flying
|move|p1a: Sneasler|Protect|p1a: Sneasler
|-singleturn|p1a: Sneasler|Protect
|move|p1b: Milotic|Protect|p1b: Milotic
|-singleturn|p1b: Milotic|Protect
|move|p2a: Sneasler|Acrobatics|p1a: Sneasler
|-activate|p1a: Sneasler|move: Protect
|move|p2b: Rillaboom|Wood Hammer|p1b: Milotic
|-activate|p1b: Milotic|move: Protect
|
|upkeep
|turn|2
|inactive|UndeadParadox has 30 seconds left.
|
|t:|1756783540
|switch|p2b: Incineroar|Incineroar, L50, M, shiny|100/100
|-ability|p2b: Incineroar|Intimidate|boost
|-unboost|p1a: Sneasler|atk|1
|-unboost|p1b: Milotic|atk|1
|-ability|p1b: Milotic|Competitive|boost
|-boost|p1b: Milotic|spa|2
|-terastallize|p1a: Sneasler|Flying
|move|p1a: Sneasler|Acrobatics|p2b: Incineroar
|-damage|p2b: Incineroar|59/100
|move|p2a: Sneasler|Acrobatics|p1b: Milotic
|-damage|p1b: Milotic|22/100
|move|p1b: Milotic|Icy Wind|p2b: Incineroar|[spread] p2a,p2b
|-supereffective|p2a: Sneasler
|-resisted|p2b: Incineroar
|-damage|p2a: Sneasler|38/100
|-damage|p2b: Incineroar|48/100
|-unboost|p2a: Sneasler|spe|1
|-unboost|p2b: Incineroar|spe|1
|
|-heal|p1b: Milotic|27/100|[from] Grassy Terrain
|-heal|p2b: Incineroar|53/100|[from] Grassy Terrain
|upkeep
|turn|3
|inactive|N8NoDog has 30 seconds left.
|inactive|UndeadParadox has 30 seconds left.
|inactive|N8NoDog has 20 seconds left.
|inactive|N8NoDog has 15 seconds left.
|
|t:|1756783583
|switch|p2b: Rillaboom|Rillaboom, L50, M|100/100
|move|p1a: Sneasler|Protect|p1a: Sneasler
|-singleturn|p1a: Sneasler|Protect
|move|p1b: Milotic|Protect|p1b: Milotic
|-singleturn|p1b: Milotic|Protect
|move|p2a: Sneasler|Acrobatics|p1b: Milotic
|-activate|p1b: Milotic|move: Protect
|
|-heal|p1b: Milotic|33/100|[from] Grassy Terrain
|upkeep
|turn|4
|
|t:|1756783608
|switch|p1b: Dragapult|Dragapult, L50, M|100/100
|move|p2b: Rillaboom|Fake Out|p1a: Sneasler
|-damage|p1a: Sneasler|85/100
|cant|p1a: Sneasler|flinch
|move|p2a: Sneasler|Acrobatics|p1b: Dragapult
|-damage|p1b: Dragapult|8/100
|
|-heal|p1b: Dragapult|15/100|[from] Grassy Terrain
|upkeep
|turn|5
|inactive|N8NoDog has 30 seconds left.
|inactive|UndeadParadox has 30 seconds left.
|
|t:|1756783634
|move|p2b: Rillaboom|Grassy Glide|p1b: Dragapult
|-resisted|p1b: Dragapult
|-damage|p1b: Dragapult|0 fnt
|faint|p1b: Dragapult
|move|p1a: Sneasler|Dire Claw|p2a: Sneasler
|-damage|p2a: Sneasler|0 fnt
|faint|p2a: Sneasler
|
|-fieldend|move: Grassy Terrain
|upkeep
|
|t:|1756783643
|switch|p1b: Weavile|Weavile, L50, F|100/100
|switch|p2a: Gholdengo|Gholdengo, L50, shiny|100/100
|turn|6
|inactive|UndeadParadox has 30 seconds left.
|
|t:|1756783672
|switch|p1a: Milotic|Milotic, L50, M|33/100
|switch|p2b: Incineroar|Incineroar, L50, M, shiny|53/100
|-ability|p2b: Incineroar|Intimidate|boost
|-unboost|p1a: Milotic|atk|1
|-ability|p1a: Milotic|Competitive|boost
|-boost|p1a: Milotic|spa|2
|-unboost|p1b: Weavile|atk|1
|move|p2a: Gholdengo|Protect|p2a: Gholdengo
|-singleturn|p2a: Gholdengo|Protect
|move|p1b: Weavile|Knock Off|p2a: Gholdengo
|-activate|p2a: Gholdengo|move: Protect
|
|upkeep
|turn|7
|inactive|UndeadParadox has 30 seconds left.
|inactive|UndeadParadox has 20 seconds left.
|
|t:|1756783708
|switch|p2a: Rillaboom|Rillaboom, L50, M|100/100
|-fieldstart|move: Grassy Terrain|[from] ability: Grassy Surge|[of] p2a: Rillaboom
|move|p1b: Weavile|Protect|p1b: Weavile
|-singleturn|p1b: Weavile|Protect
|move|p1a: Milotic|Scald|p2b: Incineroar
|-supereffective|p2b: Incineroar
|-damage|p2b: Incineroar|0 fnt
|faint|p2b: Incineroar
|
|-heal|p1a: Milotic|39/100|[from] Grassy Terrain
|upkeep
|
|t:|1756783719
|switch|p2b: Gholdengo|Gholdengo, L50, shiny|100/100
|turn|8
|
|t:|1756783741
|switch|p1b: Sneasler|Sneasler, L50, M, tera:Flying|85/100
|move|p1a: Milotic|Protect|p1a: Milotic
|-singleturn|p1a: Milotic|Protect
|move|p2a: Rillaboom|Fake Out|p1b: Sneasler
|-damage|p1b: Sneasler|59/100
|move|p2b: Gholdengo|Nasty Plot|p2b: Gholdengo
|-boost|p2b: Gholdengo|spa|2
|
|-heal|p1a: Milotic|44/100|[from] Grassy Terrain
|upkeep
|turn|9
|inactive|UndeadParadox has 30 seconds left.
|inactive|UndeadParadox has 20 seconds left.
|
|t:|1756783778
|move|p2a: Rillaboom|Grassy Glide|p1b: Sneasler
|-resisted|p1b: Sneasler
|-damage|p1b: Sneasler|25/100
|move|p1b: Sneasler|Acrobatics|p2a: Rillaboom
|-supereffective|p2a: Rillaboom
|-damage|p2a: Rillaboom|0 fnt
|faint|p2a: Rillaboom
|move|p1a: Milotic|Scald|p2b: Gholdengo
|-damage|p2b: Gholdengo|29/100
|move|p2b: Gholdengo|Shadow Ball|p1a: Milotic
|-damage|p1a: Milotic|0 fnt
|faint|p1a: Milotic
|
|-heal|p2b: Gholdengo|35/100|[from] Grassy Terrain
|upkeep
|
|t:|1756783789
|switch|p1a: Weavile|Weavile, L50, F|100/100
|turn|10
|
|t:|1756783794
|move|p1a: Weavile|Knock Off|p2b: Gholdengo
|-supereffective|p2b: Gholdengo
|-damage|p2b: Gholdengo|0 fnt
|-enditem|p2b: Gholdengo|Metal Coat|[from] move: Knock Off|[of] p1a: Weavile
|faint|p2b: Gholdengo
|
|win|N8NoDog
||UndeadParadox is ready for game 2.
||N8NoDog is ready for game 2.
|uhtml|next|Next: Game 2 of 3
|l|☆UndeadParadox
|player|p2|
|j|☆UndeadParadox
|player|p2|UndeadParadox|guitarist|
