|j|â˜†BernieBrando
|j|â˜†themadshow
|html|BernieBrandothemadshow    
|uhtml|bestof|Game 2 of a best-of-3
|t:|1756746950
|gametype|doubles
|player|p1|BernieBrando|adaman|
|player|p2|themadshow|1|
|gen|9
|tier|[Gen 9] VGC 2025 Reg H (Bo3)
|rule|Species Clause: Limit one of each PokÃ©mon
|rule|Item Clause: Limit 1 of each item
|clearpoke
|poke|p1|Indeedee-F, L50, F|
|poke|p1|Espathra, L50, F|
|poke|p1|Amoonguss, L50, F|
|poke|p1|Torracat, L50, M|
|poke|p1|Bastiodon, L50, F|
|poke|p1|Malamar, L50, F|
|poke|p2|Torkoal, L50, F|
|poke|p2|Lilligant-Hisui, L50, F|
|poke|p2|Maushold, L50|
|poke|p2|Zebstrika, L50, M|
|poke|p2|Clefairy, L50, M|
|poke|p2|Gastrodon, L50, M|
|teampreview|4
|showteam|p1|Indeedee-F||PsychicSeed|PsychicSurge|FollowMe,TrickRoom,HelpingHand,Psychic|||F|||50|,,,,,Grass]Espathra||FocusSash|SpeedBoost|Protect,LuminaCrash,ExpandingForce,DazzlingGleam|||F|||50|,,,,,Psychic]Amoonguss||RockyHelmet|Regenerator|RagePowder,Spore,PollenPuff,SludgeBomb|||F|||50|,,,,,Water]Torracat||Eviolite|Intimidate|FakeOut,PartingShot,HeatWave,Taunt|||M|||50|,,,,,Grass]Bastiodon||Leftovers|Soundproof|BodyPress,IronDefense,RockSlide,Taunt|||F|||50|,,,,,Fighting]Malamar||CovertCloak|Contrary|Superpower,KnockOff,TrickRoom,TopsyTurvy|||F|||50|,,,,,Steel
|showteam|p2|Torkoal||Charcoal|Drought|Protect,Eruption,HeatWave,EarthPower|||F|||50|,,,,,Fire]Lilligant-Hisui||FocusSash|Chlorophyll|AfterYou,SleepPowder,PetalBlizzard,CloseCombat|||F|||50|,,,,,Ghost]Maushold||WideLens|Technician|PopulationBomb,Bite,Feint,Protect||||||50|,,,,,Normal]Zebstrika||LifeOrb|SapSipper|VoltSwitch,HighHorsepower,WildCharge,FlameCharge|||M|||50|,,,,,Ground]Clefairy||Eviolite|FriendGuard|FollowMe,LifeDew,HelpingHand,Protect|||M|||50|,,,,,Ghost]Gastrodon||Leftovers|StormDrain|ClearSmog,IcyWind,Yawn,Protect|||M|||50|,,,,,Poison
|inactive|Battle timer is ON: inactive players will automatically lose when time's up. (requested by BernieBrando)
|
|t:|1756746977
|teamsize|p1|4
|teamsize|p2|4
|start
|switch|p1a: Lady Gaga|Espathra, L50, F|100/100
|switch|p1b: Incinerunt|Torracat, L50, M|100/100
|switch|p2a: Torkoal|Torkoal, L50, F|100/100
|switch|p2b: Maushold|Maushold, L50|100/100
|-ability|p1b: Incinerunt|Intimidate|boost
|-unboost|p2a: Torkoal|atk|1
|-unboost|p2b: Maushold|atk|1
|-weather|SunnyDay|[from] ability: Drought|[of] p2a: Torkoal
|turn|1
|inactive|BernieBrando has 30 seconds left.
|inactive|themadshow has 30 seconds left.
|inactive|BernieBrando has 20 seconds left.
|
|t:|1756747015
|move|p1b: Incinerunt|Fake Out|p2b: Maushold
|-damage|p2b: Maushold|90/100
|cant|p2b: Maushold|flinch
|move|p1a: Lady Gaga|Lumina Crash|p2a: Torkoal
|-damage|p2a: Torkoal|53/100
|-unboost|p2a: Torkoal|spd|2
|move|p2a: Torkoal|Eruption|p1b: Incinerunt|[spread] p1a,p1b
|-resisted|p1b: Incinerunt
|-crit|p1b: Incinerunt
|-damage|p1a: Lady Gaga|28/100
|-damage|p1b: Incinerunt|65/100
|
|-weather|SunnyDay|[upkeep]
|-ability|p1a: Lady Gaga|Speed Boost|boost
|-boost|p1a: Lady Gaga|spe|1
|upkeep
|turn|2
|inactive|BernieBrando has 30 seconds left.
|
|t:|1756747044
|switch|p1b: Min Min|Indeedee-F, L50, F|100/100
|-fieldstart|move: Psychic Terrain|[from] ability: Psychic Surge|[of] p1b: Min Min
|-enditem|p1b: Min Min|Psychic Seed
|-boost|p1b: Min Min|spd|1|[from] item: Psychic Seed
|-terastallize|p1a: Lady Gaga|Psychic
|move|p2b: Maushold|Feint|p1a: Lady Gaga
|-activate|p1a: Lady Gaga|move: Psychic Terrain
|move|p1a: Lady Gaga|Expanding Force|p2b: Maushold|[spread] p2a,p2b
|-damage|p2a: Torkoal|0 fnt
|-damage|p2b: Maushold|0 fnt
|faint|p2a: Torkoal
|faint|p2b: Maushold
|
|-weather|SunnyDay|[upkeep]
|-ability|p1a: Lady Gaga|Speed Boost|boost
|-boost|p1a: Lady Gaga|spe|1
|upkeep
|
|t:|1756747058
|switch|p2b: Zebstrika|Zebstrika, L50, M|100/100
|switch|p2a: Lilligant|Lilligant-Hisui, L50, F|100/100
|turn|3
|c|â˜†themadshow|2nd game losing to psyspam
|c|â˜†themadshow|epic meta
|inactive|BernieBrando has 30 seconds left.
|inactive|themadshow has 30 seconds left.
|inactive|themadshow has 20 seconds left.
|inactive|themadshow has 15 seconds left.
|
|t:|1756747098
|move|p2a: Lilligant|Petal Blizzard|p1a: Lady Gaga|[spread] p1a,p1b
|-ability|p2b: Zebstrika|Sap Sipper|boost
|-boost|p2b: Zebstrika|atk|1
|-damage|p1a: Lady Gaga|0 fnt
|-damage|p1b: Min Min|75/100
|faint|p1a: Lady Gaga
|move|p2b: Zebstrika|Flame Charge|p1b: Min Min
|-damage|p1b: Min Min|28/100
|-boost|p2b: Zebstrika|spe|1
|-damage|p2b: Zebstrika|90/100|[from] item: Life Orb
|move|p1b: Min Min|Psychic|p2a: Lilligant
|-supereffective|p2a: Lilligant
|-enditem|p2a: Lilligant|Focus Sash
|-damage|p2a: Lilligant|1/100
|
|-weather|SunnyDay|[upkeep]
|upkeep
|inactive|BernieBrando has 30 seconds left.
|inactive|BernieBrando has 20 seconds left.
|
|t:|1756747138
|switch|p1a: Incinerunt|Torracat, L50, M|65/100
|-ability|p1a: Incinerunt|Intimidate|boost
|-unboost|p2a: Lilligant|atk|1
|-unboost|p2b: Zebstrika|atk|1
|turn|4
|
|t:|1756747159
|-terastallize|p2a: Lilligant|Ghost
|move|p2a: Lilligant|Petal Blizzard|p1b: Min Min|[spread] p1a,p1b
|-ability|p2b: Zebstrika|Sap Sipper|boost
|-boost|p2b: Zebstrika|atk|1
|-resisted|p1a: Incinerunt
|-damage|p1a: Incinerunt|55/100
|-damage|p1b: Min Min|10/100
|move|p2b: Zebstrika|High Horsepower|p1a: Incinerunt
|-supereffective|p1a: Incinerunt
|-damage|p1a: Incinerunt|0 fnt
|faint|p1a: Incinerunt
|-damage|p2b: Zebstrika|80/100|[from] item: Life Orb
|move|p1b: Min Min|Trick Room|p1b: Min Min
|-fieldstart|move: Trick Room|[of] p1b: Min Min
|
|-weather|SunnyDay|[upkeep]
|upkeep
|
|t:|1756747173
|switch|p1a: Miramichi|Amoonguss, L50, F|100/100
|turn|5
|
|t:|1756747190
|move|p1a: Miramichi|Pollen Puff|p1b: Min Min
|-heal|p1b: Min Min|59/100
|move|p1b: Min Min|Psychic|p2a: Lilligant
|-damage|p2a: Lilligant|0 fnt
|faint|p2a: Lilligant
|move|p2b: Zebstrika|Flame Charge|p1a: Miramichi
|-supereffective|p1a: Miramichi
|-damage|p1a: Miramichi|28/100
|-boost|p2b: Zebstrika|spe|1
|-damage|p2b: Zebstrika|64/100|[from] item: Rocky Helmet|[of] p1a: Miramichi
|-damage|p2b: Zebstrika|54/100|[from] item: Life Orb
|
|-weather|none
|upkeep
|turn|6
|
|t:|1756747221
|move|p1a: Miramichi|Sludge Bomb|p2b: Zebstrika
|-damage|p2b: Zebstrika|5/100
|-status|p2b: Zebstrika|psn
|move|p1b: Min Min|Psychic|p2b: Zebstrika
|-damage|p2b: Zebstrika|0 fnt
|faint|p2b: Zebstrika
|
|win|BernieBrando
|l|â˜†themadshow
|player|p2|
|c|â˜†BernieBrando|ggs
