|j|☆ronzthebonz
|j|☆paralyze u
|html|ronzthebonzparalyze u    
|uhtml|bestof|Game 2 of a best-of-3
|t:|1785203906
|gametype|doubles
|player|p1|ronzthebonz|101|1334
|player|p2|paralyze u|170|1212
|gen|9
|tier|[Gen 9 Champions] VGC 2026 Reg M-B (Bo3)
|rated|
|rule|Species Clause: Limit one of each Pokémon
|rule|Item Clause: Limit 1 of each item
|clearpoke
|poke|p1|Grimmsnarl, L50, M|
|poke|p1|Gholdengo, L50|
|poke|p1|Staraptor, L50, F|
|poke|p1|Charizard, L50, F|
|poke|p1|Venusaur, L50, F|
|poke|p1|Garchomp, L50, M|
|poke|p2|Tyranitar, L50, M|
|poke|p2|Excadrill, L50, M|
|poke|p2|Milotic, L50, F|
|poke|p2|Gholdengo, L50|
|poke|p2|Sinistcha, L50|
|poke|p2|Staraptor, L50, F|
|teampreview|4
|showteam|p1|Grimmsnarl||LightClay|Prankster|FoulPlay,PartingShot,LightScreen,Reflect|Calm||M|||50|]Gholdengo||LifeOrb|GoodasGold|ShadowBall,MakeItRain,Protect,NastyPlot|Modest|||||50|]Staraptor||Staraptite|Intimidate|CloseCombat,BraveBird,Roost,Protect|Adamant||F|||50|]Charizard||CharizarditeY|Blaze|HeatWave,WeatherBall,SolarBeam,Protect|Modest||F|||50|]Venusaur||FocusSash|Chlorophyll|SleepPowder,LeafStorm,SludgeBomb,Protect|Modest||F|||50|]Garchomp||SitrusBerry|RoughSkin|Earthquake,DragonClaw,RockTomb,Protect|Adamant||M|||50|
|showteam|p2|Tyranitar||Tyranitarite|SandStream|KnockOff,RockSlide,HighHorsepower,Protect|Jolly||M|||50|]Excadrill||FocusSash|SandRush|HighHorsepower,IronHead,RockSlide,Protect|Jolly||M|||50|]Milotic||SitrusBerry|Competitive|Scald,IcyWind,Haze,Protect|Calm||F|||50|]Gholdengo||LifeOrb|GoodasGold|MakeItRain,ShadowBall,NastyPlot,Protect|Modest|||||50|]Sinistcha||ColburBerry|Hospitality|MatchaGotcha,ShadowBall,Protect,RagePowder|Bold|||||50|]Staraptor||Staraptite|Intimidate|CloseCombat,BraveBird,Tailwind,Protect|Jolly||F|||50|
|inactive|Battle timer is ON: inactive players will automatically lose when time's up. (requested by ronzthebonz)
|
|t:|1785203932
|teamsize|p1|4
|teamsize|p2|4
|start
|switch|p1a: Grimmsnarl|Grimmsnarl, L50, M|100/100
|switch|p1b: Venusaur|Venusaur, L50, F|100/100
|switch|p2a: Tyranitar|Tyranitar, L50, M|100/100
|switch|p2b: Excadrill|Excadrill, L50, M|100/100
|-weather|Sandstorm|[from] ability: Sand Stream|[of] p2a: Tyranitar
|turn|1
|inactive|paralyze u has 30 seconds left.
|
|t:|1785203960
|move|p1b: Venusaur|Protect|p1b: Venusaur
|-singleturn|p1b: Venusaur|Protect
|move|p1a: Grimmsnarl|Reflect|p1a: Grimmsnarl
|-sidestart|p1: ronzthebonz|Reflect
|move|p2b: Excadrill|High Horsepower|p1b: Venusaur
|-activate|p1b: Venusaur|move: Protect
|move|p2a: Tyranitar|Knock Off|p1b: Venusaur
|-activate|p1b: Venusaur|move: Protect
|
|-weather|Sandstorm|[upkeep]
|-damage|p1b: Venusaur|94/100|[from] Sandstorm
|-damage|p1a: Grimmsnarl|94/100|[from] Sandstorm
|upkeep
|turn|2
|
|t:|1785203972
|move|p2b: Excadrill|Protect|p2b: Excadrill
|-singleturn|p2b: Excadrill|Protect
|move|p1a: Grimmsnarl|Parting Shot|p2b: Excadrill
|-activate|p2b: Excadrill|move: Protect
|move|p1b: Venusaur|Sleep Powder|p2a: Tyranitar
|-status|p2a: Tyranitar|slp|[from] move: Sleep Powder
|cant|p2a: Tyranitar|slp
|
|-weather|Sandstorm|[upkeep]
|-damage|p1b: Venusaur|88/100|[from] Sandstorm
|-damage|p1a: Grimmsnarl|88/100|[from] Sandstorm
|upkeep
|turn|3
|
|t:|1785203992
|switch|p2b: Milotic|Milotic, L50, F|100/100
|move|p1b: Venusaur|Leaf Storm|p2b: Milotic
|-supereffective|p2b: Milotic|1
|-damage|p2b: Milotic|16/100
|-unboost|p1b: Venusaur|spa|2
|-enditem|p2b: Milotic|Sitrus Berry|[eat]
|-heal|p2b: Milotic|41/100|[from] item: Sitrus Berry
|-curestatus|p2a: Tyranitar|slp|[msg]
|move|p2a: Tyranitar|Rock Slide|p1b: Venusaur|[spread] p1b
|-miss|p2a: Tyranitar|p1a: Grimmsnarl
|-damage|p1b: Venusaur|63/100
|move|p1a: Grimmsnarl|Foul Play|p2b: Milotic
|-damage|p2b: Milotic|21/100
|
|-weather|Sandstorm|[upkeep]
|-damage|p1b: Venusaur|57/100|[from] Sandstorm
|-damage|p2b: Milotic|15/100|[from] Sandstorm
|-damage|p1a: Grimmsnarl|82/100|[from] Sandstorm
|upkeep
|turn|4
|inactive|ronzthebonz has 30 seconds left.
|
|t:|1785204018
|move|p1b: Venusaur|Sleep Powder|p2a: Tyranitar
|-status|p2a: Tyranitar|slp|[from] move: Sleep Powder
|cant|p2a: Tyranitar|slp
|move|p2b: Milotic|Icy Wind|p1b: Venusaur|[spread] p1a,p1b
|-supereffective|p1b: Venusaur|1
|-damage|p1a: Grimmsnarl|74/100
|-damage|p1b: Venusaur|35/100
|-unboost|p1a: Grimmsnarl|spe|1
|-unboost|p1b: Venusaur|spe|1
|move|p1a: Grimmsnarl|Foul Play|p2b: Milotic
|-damage|p2b: Milotic|0 fnt
|faint|p2b: Milotic
|
|-weather|Sandstorm|[upkeep]
|-damage|p1b: Venusaur|29/100|[from] Sandstorm
|-damage|p1a: Grimmsnarl|68/100|[from] Sandstorm
|upkeep
|inactive|paralyze u has 30 seconds left.
|inactive|paralyze u has 20 seconds left.
|
|t:|1785204054
|switch|p2b: Excadrill|Excadrill, L50, M|100/100
|turn|5
|inactive|ronzthebonz has 30 seconds left.
|
|t:|1785204082
|move|p1b: Venusaur|Protect|p1b: Venusaur
|-singleturn|p1b: Venusaur|Protect
|move|p1a: Grimmsnarl|Parting Shot|p2b: Excadrill
|-unboost|p2b: Excadrill|atk|1
|-unboost|p2b: Excadrill|spa|1
|
|t:|1785204088
|switch|p1a: Staraptor|Staraptor, L50, F|100/100|[from] Parting Shot
|-ability|p1a: Staraptor|Intimidate|boost
|-unboost|p2a: Tyranitar|atk|1
|-unboost|p2b: Excadrill|atk|1
|move|p2b: Excadrill|Rock Slide|p1a: Staraptor|[spread] p1a
|-activate|p1b: Venusaur|move: Protect
|-supereffective|p1a: Staraptor|1
|-damage|p1a: Staraptor|81/100
|cant|p2a: Tyranitar|slp
|
|-weather|none
|upkeep
|turn|6
|
|t:|1785204108
|switch|p2b: Staraptor|Staraptor, L50, F|100/100
|-ability|p2b: Staraptor|Intimidate|boost
|-unboost|p1a: Staraptor|atk|1
|-unboost|p1b: Venusaur|atk|1
|switch|p1b: Grimmsnarl|Grimmsnarl, L50, M|68/100
|detailschange|p1a: Staraptor|Staraptor-Mega, L50, F
|-mega|p1a: Staraptor|Staraptor|Staraptite
|detailschange|p2a: Tyranitar|Tyranitar-Mega, L50, M
|-mega|p2a: Tyranitar|Tyranitar|Tyranitarite
|-weather|Sandstorm|[from] ability: Sand Stream|[of] p2a: Tyranitar
|move|p1a: Staraptor|Close Combat|p2a: Tyranitar
|-supereffective|p2a: Tyranitar|2
|-damage|p2a: Tyranitar|0 fnt
|-boost|p1a: Staraptor|def|1
|-boost|p1a: Staraptor|spd|1
|faint|p2a: Tyranitar
|
|-weather|Sandstorm|[upkeep]
|-damage|p2b: Staraptor|94/100|[from] Sandstorm
|-damage|p1a: Staraptor|75/100|[from] Sandstorm
|-damage|p1b: Grimmsnarl|62/100|[from] Sandstorm
|upkeep
|inactive|paralyze u has 30 seconds left.
|inactive|paralyze u has 20 seconds left.
|
|t:|1785204147
|switch|p2a: Excadrill|Excadrill, L50, M|100/100
|turn|7
|
|t:|1785204161
|move|p1b: Grimmsnarl|Parting Shot|p2b: Staraptor
|-unboost|p2b: Staraptor|atk|1
|-unboost|p2b: Staraptor|spa|1
|
|t:|1785204164
|switch|p1b: Venusaur|Venusaur, L50, F|29/100|[from] Parting Shot
|move|p2a: Excadrill|Iron Head|p1b: Venusaur
|-damage|p1b: Venusaur|0 fnt
|faint|p1b: Venusaur
|move|p2b: Staraptor|Brave Bird|p1a: Staraptor
|-supereffective|p1a: Staraptor|1
|-damage|p1a: Staraptor|49/100
|-damage|p2b: Staraptor|85/100|[from] Recoil
|move|p1a: Staraptor|Close Combat|p2a: Excadrill
|-supereffective|p2a: Excadrill|1
|-enditem|p2a: Excadrill|Focus Sash
|-damage|p2a: Excadrill|1/100
|-boost|p1a: Staraptor|def|1
|-boost|p1a: Staraptor|spd|1
|
|-weather|Sandstorm|[upkeep]
|-damage|p2b: Staraptor|79/100|[from] Sandstorm
|-damage|p1a: Staraptor|43/100|[from] Sandstorm
|upkeep
|
|t:|1785204176
|switch|p1b: Grimmsnarl|Grimmsnarl, L50, M|62/100
|turn|8
|inactive|paralyze u has 30 seconds left.
|inactive|paralyze u has 20 seconds left.
|inactive|paralyze u has 15 seconds left.
|inactive|paralyze u has 10 seconds left.
|
|t:|1785204223
|move|p1b: Grimmsnarl|Parting Shot|p2b: Staraptor
|-unboost|p2b: Staraptor|atk|1
|-unboost|p2b: Staraptor|spa|1
|
|t:|1785204228
|switch|p1b: Gholdengo|Gholdengo, L50|100/100|[from] Parting Shot
|move|p2a: Excadrill|Iron Head|p1b: Gholdengo
|-resisted|p1b: Gholdengo|1
|-damage|p1b: Gholdengo|85/100
|move|p2b: Staraptor|Brave Bird|p1a: Staraptor
|-supereffective|p1a: Staraptor|1
|-damage|p1a: Staraptor|28/100
|-damage|p2b: Staraptor|74/100|[from] Recoil
|move|p1a: Staraptor|Close Combat|p2a: Excadrill
|-supereffective|p2a: Excadrill|1
|-damage|p2a: Excadrill|0 fnt
|-boost|p1a: Staraptor|def|1
|-boost|p1a: Staraptor|spd|1
|faint|p2a: Excadrill
|
|-weather|Sandstorm|[upkeep]
|-damage|p2b: Staraptor|68/100|[from] Sandstorm
|-damage|p1a: Staraptor|22/100|[from] Sandstorm
|-sideend|p1: ronzthebonz|Reflect
|upkeep
|turn|9
|-message|paralyze u forfeited.
|
|win|ronzthebonz
||paralyze u is ready for game 3.
||ronzthebonz is ready for game 3.
|uhtml|next|Next: Game 3 of 3
|l|☆ronzthebonz
|player|p1|
