|j|☆martharia
|j|☆homerj71
|html|marthariahomerj71    
|uhtml|bestof|Game 3 of a best-of-3
|t:|1783094122
|gametype|doubles
|player|p1|martharia|102|1172
|player|p2|homerj71|266|1184
|gen|9
|tier|[Gen 9 Champions] VGC 2026 Reg M-B (Bo3)
|rated|
|rule|Species Clause: Limit one of each Pokémon
|rule|Item Clause: Limit 1 of each item
|clearpoke
|poke|p1|Delphox, L50, F, shiny|
|poke|p1|Meowscarada, L50, F|
|poke|p1|Quaquaval, L50, F|
|poke|p1|Talonflame, L50, F|
|poke|p1|Zoroark-Hisui, L50, F, shiny|
|poke|p1|Mawile, L50, F|
|poke|p2|Charizard, L50, F, shiny|
|poke|p2|Garchomp, L50, M|
|poke|p2|Whimsicott, L50, M, shiny|
|poke|p2|Basculegion, L50, M|
|poke|p2|Kingambit, L50, M, shiny|
|poke|p2|Floette-Eternal, L50, F|
|teampreview|4
|showteam|p1|Delphox||Delphoxite|Blaze|HeatWave,Psychic,NastyPlot,Protect|Timid||F|||50|]Meowscarada||LifeOrb|Protean|FlowerTrick,ThroatChop,ThunderPunch,Protect|Jolly||F|||50|]Quaquaval||ExpertBelt|Moxie|AquaStep,CloseCombat,IceSpinner,Protect|Jolly||F|||50|]Talonflame||ChartiBerry|GaleWings|BraveBird,FeatherDance,Tailwind,QuickGuard|Jolly||F|||50|]Zoroark-Hisui||FocusSash|Illusion|BitterMalice,IcyWind,Roar,Protect|Timid||F|||50|]Mawile||Mawilite|HyperCutter|IronHead,PlayRough,SuckerPunch,Protect|Adamant||F|||50|
|showteam|p2|Charizard||CharizarditeY|Blaze|HeatWave,SolarBeam,WeatherBall,Protect|Modest||F|||50|]Garchomp||SitrusBerry|RoughSkin|DragonClaw,Earthquake,RockSlide,PoisonJab|Jolly||M|||50|]Whimsicott||FocusSash|Prankster|Moonblast,Tailwind,Encore,Protect|Timid||M|||50|]Basculegion||LifeOrb|Adaptability|WaveCrash,AquaJet,Protect,LastRespects|Adamant||M|||50|]Kingambit||BlackGlasses|Defiant|KowtowCleave,SuckerPunch,IronHead,Protect|Adamant||M|||50|]Floette-Eternal||Floettite|FlowerVeil|Moonblast,DazzlingGleam,LightofRuin,Protect|Timid||F|||50|
|inactive|Battle timer is ON: inactive players will automatically lose when time's up. (requested by homerj71)
|inactive|martharia has 60 seconds left.
|inactive|martharia has 30 seconds left.
|
|t:|1783094183
|teamsize|p1|4
|teamsize|p2|4
|start
|switch|p1a: Meowscarada|Meowscarada, L50, F|100/100
|switch|p1b: Talonflame|Talonflame, L50, F|100/100
|switch|p2a: Garchomp|Garchomp, L50, M|100/100
|switch|p2b: Basculegion|Basculegion, L50, M|100/100
|turn|1
|
|t:|1783094201
|move|p1b: Talonflame|Feather Dance|p2a: Garchomp
|-unboost|p2a: Garchomp|atk|2
|move|p2b: Basculegion|Aqua Jet|p1b: Talonflame
|-supereffective|p1b: Talonflame|1
|-damage|p1b: Talonflame|2/100
|-damage|p2b: Basculegion|90/100|[from] item: Life Orb
|move|p1a: Meowscarada|Flower Trick|p2b: Basculegion
|-start|p1a: Meowscarada|typechange|Grass|[from] ability: Protean
|-supereffective|p2b: Basculegion|1
|-crit|p2b: Basculegion
|-damage|p2b: Basculegion|0 fnt
|faint|p2b: Basculegion
|-damage|p1a: Meowscarada|90/100|[from] item: Life Orb
|move|p2a: Garchomp|Rock Slide|p1a: Meowscarada|[spread] p1a,p1b
|-supereffective|p1b: Talonflame|2
|-enditem|p1b: Talonflame|Charti Berry|[eat]
|-enditem|p1b: Talonflame|Charti Berry|[weaken]
|-damage|p1a: Meowscarada|76/100
|-damage|p1b: Talonflame|0 fnt
|faint|p1b: Talonflame
|
|upkeep
|
|t:|1783094217
|switch|p1b: Delphox|Delphox, L50, F, shiny|100/100
|switch|p2b: Charizard|Charizard, L50, F, shiny|100/100
|turn|2
|
|t:|1783094226
|switch|p2a: Whimsicott|Whimsicott, L50, M, shiny|100/100
|detailschange|p1b: Delphox|Delphox-Mega, L50, F, shiny
|-mega|p1b: Delphox|Delphox|Delphoxite
|move|p2b: Charizard|Protect|p2b: Charizard
|-singleturn|p2b: Charizard|Protect
|move|p1b: Delphox|Heat Wave|p2b: Charizard|[spread] p2a
|-activate|p2b: Charizard|move: Protect
|-supereffective|p2a: Whimsicott|1
|-crit|p2a: Whimsicott
|-enditem|p2a: Whimsicott|Focus Sash
|-damage|p2a: Whimsicott|1/100
|move|p1a: Meowscarada|Thunder Punch|p2b: Charizard
|-activate|p2b: Charizard|move: Protect
|
|upkeep
|turn|3
|
|t:|1783094236
|switch|p1a: Quaquaval|Quaquaval, L50, F|100/100
|detailschange|p2b: Charizard|Charizard-Mega-Y, L50, F, shiny
|-mega|p2b: Charizard|Charizard|Charizardite Y
|-weather|SunnyDay|[from] ability: Drought|[of] p2b: Charizard
|move|p2a: Whimsicott|Tailwind|p2a: Whimsicott
|-sidestart|p2: homerj71|move: Tailwind
|move|p2b: Charizard|Heat Wave|p1b: Delphox|[spread] p1a,p1b
|-resisted|p1a: Quaquaval|1
|-resisted|p1b: Delphox|1
|-damage|p1a: Quaquaval|55/100
|-damage|p1b: Delphox|69/100
|move|p1b: Delphox|Psychic|p2b: Charizard
|-damage|p2b: Charizard|51/100
|
|-weather|SunnyDay|[upkeep]
|upkeep
|turn|4
|
|t:|1783094259
|move|p2b: Charizard|Protect|p2b: Charizard
|-singleturn|p2b: Charizard|Protect
|move|p1a: Quaquaval|Protect|p1a: Quaquaval
|-singleturn|p1a: Quaquaval|Protect
|move|p2a: Whimsicott|Moonblast|p1a: Quaquaval
|-activate|p1a: Quaquaval|move: Protect
|move|p1b: Delphox|Psychic|p2b: Charizard
|-activate|p2b: Charizard|move: Protect
|
|-weather|SunnyDay|[upkeep]
|upkeep
|turn|5
|
|t:|1783094277
|switch|p2b: Garchomp|Garchomp, L50, M|100/100
|move|p1a: Quaquaval|Protect||[still]
|-fail|p1a: Quaquaval
|move|p2a: Whimsicott|Moonblast|p1a: Quaquaval
|-supereffective|p1a: Quaquaval|1
|-damage|p1a: Quaquaval|0 fnt
|faint|p1a: Quaquaval
|move|p1b: Delphox|Heat Wave|p2a: Whimsicott|[spread] p2a,p2b
|-supereffective|p2a: Whimsicott|1
|-resisted|p2b: Garchomp|1
|-damage|p2a: Whimsicott|0 fnt
|-damage|p2b: Garchomp|69/100
|faint|p2a: Whimsicott
|
|-weather|SunnyDay|[upkeep]
|upkeep
|
|t:|1783094283
|switch|p2a: Charizard|Charizard-Mega-Y, L50, F, shiny|51/100
|switch|p1a: Meowscarada|Meowscarada, L50, F|76/100
|turn|6
|
|t:|1783094289
|move|p2a: Charizard|Protect|p2a: Charizard
|-singleturn|p2a: Charizard|Protect
|move|p1b: Delphox|Protect|p1b: Delphox
|-singleturn|p1b: Delphox|Protect
|move|p1a: Meowscarada|Protect|p1a: Meowscarada
|-start|p1a: Meowscarada|typechange|Normal|[from] ability: Protean
|-singleturn|p1a: Meowscarada|Protect
|move|p2b: Garchomp|Rock Slide|p1a: Meowscarada|[spread] 
|-activate|p1a: Meowscarada|move: Protect
|-activate|p1b: Delphox|move: Protect
|
|-weather|SunnyDay|[upkeep]
|-sideend|p2: homerj71|move: Tailwind
|upkeep
|turn|7
|
|t:|1783094302
|move|p2a: Charizard|Protect||[still]
|-fail|p2a: Charizard
|move|p1b: Delphox|Psychic|p2b: Garchomp
|-damage|p2b: Garchomp|17/100
|-enditem|p2b: Garchomp|Sitrus Berry|[eat]
|-heal|p2b: Garchomp|42/100|[from] item: Sitrus Berry
|move|p1a: Meowscarada|Thunder Punch|p2a: Charizard
|-supereffective|p2a: Charizard|1
|-damage|p2a: Charizard|0 fnt
|faint|p2a: Charizard
|-damage|p1a: Meowscarada|66/100|[from] item: Life Orb
|move|p2b: Garchomp|Rock Slide|p1a: Meowscarada|[spread] p1a
|-miss|p2b: Garchomp|p1b: Delphox
|-damage|p1a: Meowscarada|41/100
|
|-weather|none
|upkeep
|turn|8
|
|t:|1783094315
|move|p1b: Delphox|Psychic|p2b: Garchomp
|-damage|p2b: Garchomp|0 fnt
|faint|p2b: Garchomp
|
|win|martharia
|raw|martharia's rating: 1172 → 1198(+26 for winning)
|raw|homerj71's rating: 1184 → 1158(-26 for losing)
