|j|☆homerj71
|j|☆airoicxsekhac-.-
|html|homerj71airoicxsekhac-.-    
|uhtml|bestof|Game 1 of a best-of-3
|t:|1785854794
|gametype|doubles
|player|p1|homerj71|266|1109
|player|p2|airoicxsekhac-.-|hilbert|1000
|gen|9
|tier|[Gen 9 Champions] VGC 2026 Reg M-B (Bo3)
|rated|
|rule|Species Clause: Limit one of each Pokémon
|rule|Item Clause: Limit 1 of each item
|clearpoke
|poke|p1|Tyranitar, L50, M|
|poke|p1|Staraptor, L50, M|
|poke|p1|Gholdengo, L50|
|poke|p1|Excadrill, L50, M|
|poke|p1|Sinistcha, L50|
|poke|p1|Milotic, L50, M|
|poke|p2|Charizard, L50, F|
|poke|p2|Floette-Eternal, L50, F|
|poke|p2|Whimsicott, L50, M|
|poke|p2|Kingambit, L50, F|
|poke|p2|Garchomp, L50, F|
|poke|p2|Basculegion, L50, M|
|teampreview|4
|showteam|p1|Tyranitar||Tyranitarite|SandStream|KnockOff,RockSlide,Protect,LowKick|Jolly||M|||50|]Staraptor||Staraptite|Intimidate|DualWingbeat,CloseCombat,Protect,Tailwind|Jolly||M|||50|]Gholdengo||LifeOrb|GoodasGold|MakeItRain,NastyPlot,Protect,ShadowBall|Timid|||||50|]Excadrill||FocusSash|SandRush|HighHorsepower,IronHead,RockSlide,Protect|Adamant||M|||50|]Sinistcha||SitrusBerry|Hospitality|MatchaGotcha,RagePowder,ShadowBall,Protect|Calm|||||50|]Milotic||Leftovers|Competitive|Scald,IcyWind,Protect,IceBeam|Modest||M|||50|
|showteam|p2|Charizard||CharizarditeY|Blaze|SolarBeam,WeatherBall,Protect,HeatCrash|Modest||F|||50|]Floette-Eternal||Floettite|FlowerVeil|LightofRuin,CalmMind,DazzlingGleam,Protect|Modest||F|||50|]Whimsicott||FocusSash|Prankster|Moonblast,Protect,Tailwind,Charm|Timid||M|||50|]Kingambit||BlackGlasses|Defiant|KowtowCleave,SuckerPunch,IronHead,Protect|Adamant||F|||50|]Garchomp||SitrusBerry|RoughSkin|Earthquake,Protect,RockSlide,DragonClaw|Adamant||F|||50|]Basculegion||LifeOrb|Adaptability|LastRespects,AquaJet,Protect,WaveCrash|Adamant||M|||50|
|inactive|Battle timer is ON: inactive players will automatically lose when time's up. (requested by homerj71)
|inactive|airoicxsekhac-.- also wants the timer to be on.
|inactive|homerj71 has 60 seconds left.
|inactive|airoicxsekhac-.- has 60 seconds left.
|
|t:|1785854836
|teamsize|p1|4
|teamsize|p2|4
|start
|switch|p1a: Gholdengo|Gholdengo, L50|100/100
|switch|p1b: Staraptor|Staraptor, L50, M|100/100
|switch|p2a: Floette|Floette-Eternal, L50, F|100/100
|switch|p2b: Whimsicott|Whimsicott, L50, M|100/100
|-ability|p1b: Staraptor|Intimidate|boost
|-unboost|p2a: Floette|atk|1
|-block|p2b: Whimsicott|ability: Flower Veil|[of] p2a: Floette
|turn|1
|
|t:|1785854855
|switch|p2a: Garchomp|Garchomp, L50, F|100/100
|move|p2b: Whimsicott|Tailwind|p2b: Whimsicott
|-sidestart|p2: airoicxsekhac-.-|move: Tailwind
|move|p1b: Staraptor|Tailwind|p1b: Staraptor
|-sidestart|p1: homerj71|move: Tailwind
|move|p1a: Gholdengo|Make It Rain|p2b: Whimsicott|[spread] p2a,p2b
|-supereffective|p2b: Whimsicott|1
|-damage|p2a: Garchomp|36/100
|-enditem|p2b: Whimsicott|Focus Sash
|-damage|p2b: Whimsicott|1/100
|-unboost|p1a: Gholdengo|spa|2
|-enditem|p2a: Garchomp|Sitrus Berry|[eat]
|-heal|p2a: Garchomp|60/100|[from] item: Sitrus Berry
|-damage|p1a: Gholdengo|90/100|[from] item: Life Orb
|
|upkeep
|turn|2
|inactive|airoicxsekhac-.- has 30 seconds left.
|inactive|airoicxsekhac-.- has 20 seconds left.
|
|t:|1785854892
|switch|p1a: Tyranitar|Tyranitar, L50, M|100/100
|-weather|Sandstorm|[from] ability: Sand Stream|[of] p1a: Tyranitar
|move|p1b: Staraptor|Protect|p1b: Staraptor
|-singleturn|p1b: Staraptor|Protect
|move|p2b: Whimsicott|Moonblast|p1b: Staraptor
|-activate|p1b: Staraptor|move: Protect
|move|p2a: Garchomp|Rock Slide|p1b: Staraptor|[spread] p1a
|-activate|p1b: Staraptor|move: Protect
|-damage|p1a: Tyranitar|81/100
|
|-weather|Sandstorm|[upkeep]
|-damage|p2b: Whimsicott|0 fnt|[from] Sandstorm
|-damage|p1b: Staraptor|94/100|[from] Sandstorm
|faint|p2b: Whimsicott
|upkeep
|
|t:|1785854908
|switch|p2b: Floette|Floette-Eternal, L50, F|100/100
|turn|3
|inactive|homerj71 has 30 seconds left.
|inactive|homerj71 has 20 seconds left.
|inactive|homerj71 has 15 seconds left.
|inactive|homerj71 has 10 seconds left.
|inactive|homerj71 has 5 seconds left.
|
|t:|1785854962
|switch|p1b: Milotic|Milotic, L50, M|100/100
|detailschange|p2b: Floette|Floette-Mega, L50, F
|-mega|p2b: Floette|Floette|Floettite
|-ability|p2b: Floette|Fairy Aura
|move|p2b: Floette|Dazzling Gleam|p1a: Tyranitar|[spread] p1a,p1b
|-supereffective|p1a: Tyranitar|1
|-damage|p1a: Tyranitar|12/100
|-damage|p1b: Milotic|64/100
|move|p2a: Garchomp|Rock Slide|p1b: Milotic|[spread] p1a,p1b
|-damage|p1a: Tyranitar|0 fnt
|-damage|p1b: Milotic|44/100
|faint|p1a: Tyranitar
|
|-weather|Sandstorm|[upkeep]
|-damage|p2b: Floette|93/100|[from] Sandstorm
|-damage|p1b: Milotic|38/100|[from] Sandstorm
|-heal|p1b: Milotic|44/100|[from] item: Leftovers
|upkeep
|
|t:|1785854973
|switch|p1a: Staraptor|Staraptor, L50, M|94/100
|-ability|p1a: Staraptor|Intimidate|boost
|-unboost|p2a: Garchomp|atk|1
|-unboost|p2b: Floette|atk|1
|turn|4
|
|t:|1785854995
|move|p1a: Staraptor|Protect|p1a: Staraptor
|-singleturn|p1a: Staraptor|Protect
|move|p1b: Milotic|Protect|p1b: Milotic
|-singleturn|p1b: Milotic|Protect
|move|p2b: Floette|Light of Ruin|p1a: Staraptor
|-activate|p1a: Staraptor|move: Protect
|move|p2a: Garchomp|Rock Slide|p1b: Milotic|[spread] 
|-activate|p1a: Staraptor|move: Protect
|-activate|p1b: Milotic|move: Protect
|
|-weather|Sandstorm|[upkeep]
|-damage|p1a: Staraptor|88/100|[from] Sandstorm
|-damage|p2b: Floette|87/100|[from] Sandstorm
|-damage|p1b: Milotic|38/100|[from] Sandstorm
|-heal|p1b: Milotic|44/100|[from] item: Leftovers
|-sideend|p1: homerj71|move: Tailwind
|-sideend|p2: airoicxsekhac-.-|move: Tailwind
|upkeep
|turn|5
|
|t:|1785855020
|detailschange|p1a: Staraptor|Staraptor-Mega, L50, M
|-mega|p1a: Staraptor|Staraptor|Staraptite
|move|p1a: Staraptor|Tailwind|p1a: Staraptor
|-sidestart|p1: homerj71|move: Tailwind
|move|p1b: Milotic|Icy Wind|p2b: Floette|[spread] p2a,p2b
|-supereffective|p2a: Garchomp|2
|-damage|p2a: Garchomp|14/100
|-damage|p2b: Floette|78/100
|-unboost|p2a: Garchomp|spe|1
|-unboost|p2b: Floette|spe|1
|move|p2b: Floette|Light of Ruin|p1a: Staraptor
|-supereffective|p1a: Staraptor|1
|-damage|p1a: Staraptor|0 fnt
|faint|p1a: Staraptor
|-damage|p2b: Floette|26/100|[from] Recoil
|move|p2a: Garchomp|Rock Slide|p1b: Milotic
|-damage|p1b: Milotic|27/100
|
|-weather|Sandstorm|[upkeep]
|-damage|p1b: Milotic|21/100|[from] Sandstorm
|-damage|p2b: Floette|20/100y|[from] Sandstorm
|-heal|p1b: Milotic|27/100|[from] item: Leftovers
|upkeep
|
|t:|1785855027
|switch|p1a: Gholdengo|Gholdengo, L50|90/100
|turn|6
|
|t:|1785855045
|move|p2b: Floette|Protect|p2b: Floette
|-singleturn|p2b: Floette|Protect
|move|p1a: Gholdengo|Shadow Ball|p2b: Floette
|-activate|p2b: Floette|move: Protect
|move|p1b: Milotic|Ice Beam|p2a: Garchomp
|-supereffective|p2a: Garchomp|2
|-damage|p2a: Garchomp|0 fnt
|faint|p2a: Garchomp
|
|-weather|none
|-heal|p1b: Milotic|33/100|[from] item: Leftovers
|upkeep
|
|t:|1785855058
|switch|p2a: Basculegion|Basculegion, L50, M|100/100
|turn|7
|
|t:|1785855070
|move|p1a: Gholdengo|Shadow Ball|p2a: Basculegion
|-supereffective|p2a: Basculegion|1
|-damage|p2a: Basculegion|0 fnt
|faint|p2a: Basculegion
|-damage|p1a: Gholdengo|80/100|[from] item: Life Orb
|move|p1b: Milotic|Scald|p2b: Floette
|-damage|p2b: Floette|0 fnt
|faint|p2b: Floette
|
|win|homerj71
