|j|☆supaeTheGoat
|j|☆NiL312
|html|supaeTheGoatNiL312    
|uhtml|bestof|Game 1 of a best-of-3
|t:|1783814702
|gametype|doubles
|player|p1|supaeTheGoat|benga|
|player|p2|NiL312|102|
|gen|9
|tier|[Gen 9 Champions] VGC 2026 Reg M-B (Bo3)
|rule|Species Clause: Limit one of each Pokémon
|rule|Item Clause: Limit 1 of each item
|clearpoke
|poke|p1|Basculegion, L50, M, shiny|
|poke|p1|Tyranitar, L50, M, shiny|
|poke|p1|Tsareena, L50, F, shiny|
|poke|p1|Aegislash, L50, F, shiny|
|poke|p1|Volcarona, L50, F, shiny|
|poke|p1|Milotic, L50, M|
|poke|p2|Farigiraf, L50, F|
|poke|p2|Garchomp, L50, F|
|poke|p2|Blastoise, L50, F|
|poke|p2|Talonflame, L50, F|
|poke|p2|Armarouge, L50, M|
|poke|p2|Mawile, L50, M|
|teampreview|4
|showteam|p1|Basculegion||FocusSash|Adaptability|LastRespects,WaveCrash,AquaJet,Protect|Adamant||M|||50|]Tyranitar||Tyranitarite|SandStream|LowKick,RockSlide,KnockOff,Protect|Adamant||M|||50|]Tsareena||SitrusBerry|QueenlyMajesty|TropKick,Taunt,Protect,TripleAxel|Careful||F|||50|]Aegislash||SpellTag|StanceChange|Poltergeist,WideGuard,KingsShield,ShadowSneak|Impish||F|||50|]Volcarona||ShucaBerry|FlameBody|Overheat,RagePowder,Protect,BugBuzz|Modest||F|||50|]Milotic||Leftovers|Competitive|Coil,MuddyWater,Hypnosis,Protect|Calm||M|||50|
|showteam|p2|Farigiraf||WhiteHerb|ArmorTail|TrickRoom,HelpingHand,ShadowBall,Thunderbolt|Quiet||F|||50|]Garchomp||LifeOrb|RoughSkin|Earthquake,RockSlide,DragonClaw,Protect|Jolly||F|||50|]Blastoise||Blastoisinite|Torrent|WaterSpout,DarkPulse,AuraSphere,Protect|Quiet||F|||50|]Talonflame||FocusSash|GaleWings|Tailwind,DualWingbeat,FlareBlitz,Protect|Jolly||F|||50|]Armarouge||PasshoBerry|FlashFire|ArmorCannon,EnergyBall,WideGuard,Protect|Quiet||M|||50|]Mawile||Mawilite|Intimidate|SuckerPunch,RockSlide,IronHead,Protect|Brave||M|||50|
|inactive|Battle timer is ON: inactive players will automatically lose when time's up. (requested by supaeTheGoat)
|inactiveoff|Battle timer is now OFF.
|
|t:|1783814869
|teamsize|p1|4
|teamsize|p2|4
|start
|switch|p1a: Aegislash|Aegislash, L50, F, shiny|100/100
|switch|p1b: Tyranitar|Tyranitar, L50, M, shiny|100/100
|switch|p2a: do geese see god|Farigiraf, L50, F|100/100
|switch|p2b: savetheturtles|Blastoise, L50, F|100/100
|-weather|Sandstorm|[from] ability: Sand Stream|[of] p1b: Tyranitar
|turn|1
|
|t:|1783814926
|switch|p1b: Milotic|Milotic, L50, M|100/100
|switch|p2a: crocodile|Mawile, L50, M|100/100
|-ability|p2a: crocodile|Intimidate|boost
|-unboost|p1a: Aegislash|atk|1
|-unboost|p1b: Milotic|atk|1
|-ability|p1b: Milotic|Competitive|boost
|-boost|p1b: Milotic|spa|2
|detailschange|p2b: savetheturtles|Blastoise-Mega, L50, F
|-mega|p2b: savetheturtles|Blastoise|Blastoisinite
|move|p2b: savetheturtles|Aura Sphere|p1b: Milotic
|-damage|p1b: Milotic|76/100
|-formechange|p1a: Aegislash|Aegislash-Blade|
|move|p1a: Aegislash|Poltergeist|p2b: savetheturtles
|-activate|p2b: savetheturtles|move: Poltergeist|Blastoisinite
|-damage|p2b: savetheturtles|59/100
|
|-weather|Sandstorm|[upkeep]
|-damage|p1b: Milotic|70/100|[from] Sandstorm
|-damage|p2b: savetheturtles|53/100|[from] Sandstorm
|-heal|p1b: Milotic|76/100|[from] item: Leftovers
|upkeep
|turn|2
|
|t:|1783814971
|move|p2b: savetheturtles|Protect|p2b: savetheturtles
|-singleturn|p2b: savetheturtles|Protect
|-formechange|p1a: Aegislash|Aegislash|
|move|p1a: Aegislash|King's Shield|p1a: Aegislash
|-singleturn|p1a: Aegislash|Protect
|move|p2a: crocodile|Sucker Punch||[still]
|-fail|p2a: crocodile
|move|p1b: Milotic|Coil|p1b: Milotic
|-boost|p1b: Milotic|atk|1
|-boost|p1b: Milotic|def|1
|-boost|p1b: Milotic|accuracy|1
|
|-weather|Sandstorm|[upkeep]
|-damage|p1b: Milotic|70/100|[from] Sandstorm
|-damage|p2b: savetheturtles|47/100|[from] Sandstorm
|-heal|p1b: Milotic|76/100|[from] item: Leftovers
|upkeep
|turn|3
|
|t:|1783815002
|switch|p1a: Basculegion|Basculegion, L50, M, shiny|100/100
|switch|p2a: do geese see god|Farigiraf, L50, F|100/100
|move|p1b: Milotic|Muddy Water|p2a: do geese see god|[spread] p2a,p2b
|-resisted|p2b: savetheturtles|1
|-damage|p2a: do geese see god|48/100
|-damage|p2b: savetheturtles|29/100
|move|p2b: savetheturtles|Dark Pulse|p1a: Basculegion
|-supereffective|p1a: Basculegion|1
|-damage|p1a: Basculegion|14/100
|
|-weather|Sandstorm|[upkeep]
|-damage|p1b: Milotic|70/100|[from] Sandstorm
|-damage|p1a: Basculegion|8/100|[from] Sandstorm
|-damage|p2b: savetheturtles|23/100|[from] Sandstorm
|-damage|p2a: do geese see god|41/100|[from] Sandstorm
|-heal|p1b: Milotic|76/100|[from] item: Leftovers
|upkeep
|turn|4
|
|t:|1783815075
|move|p1b: Milotic|Muddy Water|p2b: savetheturtles|[spread] p2a,p2b
|-crit|p2a: do geese see god
|-resisted|p2b: savetheturtles|1
|-damage|p2a: do geese see god|0 fnt
|-damage|p2b: savetheturtles|2/100
|faint|p2a: do geese see god
|move|p1a: Basculegion|Wave Crash|p2b: savetheturtles
|-resisted|p2b: savetheturtles|1
|-damage|p2b: savetheturtles|0 fnt
|faint|p2b: savetheturtles
|-damage|p1a: Basculegion|7/100|[from] Recoil
|
|-weather|Sandstorm|[upkeep]
|-damage|p1b: Milotic|70/100|[from] Sandstorm
|-damage|p1a: Basculegion|1/100|[from] Sandstorm
|-heal|p1b: Milotic|76/100|[from] item: Leftovers
|upkeep
|
|t:|1783815087
|switch|p2b: crocodile|Mawile, L50, M|100/100
|switch|p2a: top lane|Garchomp, L50, F|100/100
|-ability|p2b: crocodile|Intimidate|boost
|-unboost|p1a: Basculegion|atk|1
|-unboost|p1b: Milotic|atk|1
|-ability|p1b: Milotic|Competitive|boost
|-boost|p1b: Milotic|spa|2
|turn|5
|
|t:|1783815132
|move|p1b: Milotic|Protect|p1b: Milotic
|-singleturn|p1b: Milotic|Protect
|move|p2b: crocodile|Protect|p2b: crocodile
|-singleturn|p2b: crocodile|Protect
|move|p1a: Basculegion|Aqua Jet|p2a: top lane
|-damage|p2a: top lane|79/100
|-damage|p1a: Basculegion|0 fnt|[from] ability: Rough Skin|[of] p2a: top lane
|faint|p1a: Basculegion
|move|p2a: top lane|Earthquake|p1b: Milotic|[spread] 
|-activate|p2b: crocodile|move: Protect
|-activate|p1b: Milotic|move: Protect
|
|-weather|none
|-heal|p1b: Milotic|82/100|[from] item: Leftovers
|upkeep
|j| Backwards_Aerial
|
|t:|1783815146
|switch|p1a: Aegislash|Aegislash, L50, F, shiny|100/100
|turn|6
|
|t:|1783815183
|move|p1a: Aegislash|Wide Guard|p1a: Aegislash
|-singleturn|p1a: Aegislash|Wide Guard
|move|p2a: top lane|Dragon Claw|p1b: Milotic
|-crit|p1b: Milotic
|-damage|p1b: Milotic|0 fnt
|faint|p1b: Milotic
|-damage|p2a: top lane|69/100|[from] item: Life Orb
|move|p2b: crocodile|Rock Slide|p1a: Aegislash
|-activate|p1a: Aegislash|move: Wide Guard
|
|upkeep
|
|t:|1783815191
|switch|p1b: Tyranitar|Tyranitar, L50, M, shiny|100/100
|-weather|Sandstorm|[from] ability: Sand Stream|[of] p1b: Tyranitar
|turn|7
|
|t:|1783815213
|detailschange|p1b: Tyranitar|Tyranitar-Mega, L50, M, shiny
|-mega|p1b: Tyranitar|Tyranitar|Tyranitarite
|move|p2b: crocodile|Protect|p2b: crocodile
|-singleturn|p2b: crocodile|Protect
|move|p1a: Aegislash|Wide Guard|p1a: Aegislash
|-singleturn|p1a: Aegislash|Wide Guard
|move|p2a: top lane|Earthquake|p1a: Aegislash|[spread] 
|-activate|p1a: Aegislash|move: Wide Guard
|-activate|p1b: Tyranitar|move: Wide Guard
|-activate|p2b: crocodile|move: Protect
|move|p1b: Tyranitar|Knock Off|p2a: top lane
|-damage|p2a: top lane|0 fnt
|-damage|p1b: Tyranitar|87/100|[from] ability: Rough Skin|[of] p2a: top lane
|-enditem|p2a: top lane|Life Orb|[from] move: Knock Off|[of] p1b: Tyranitar
|faint|p2a: top lane
|
|-weather|Sandstorm|[upkeep]
|upkeep
|turn|8
|
|t:|1783815245
|-formechange|p1a: Aegislash|Aegislash-Blade|
|move|p1a: Aegislash|Shadow Sneak|p2b: crocodile
|-damage|p2b: crocodile|67/100
|move|p1b: Tyranitar|Knock Off|p2b: crocodile
|-resisted|p2b: crocodile|1
|-damage|p2b: crocodile|38/100
|move|p2b: crocodile|Iron Head|p1b: Tyranitar
|-supereffective|p1b: Tyranitar|1
|-damage|p1b: Tyranitar|44/100
|
|-weather|Sandstorm|[upkeep]
|upkeep
|turn|9
|
|t:|1783815256
|move|p1a: Aegislash|Shadow Sneak|p2b: crocodile
|-damage|p2b: crocodile|8/100
|move|p2b: crocodile|Sucker Punch||[still]
|-fail|p2b: crocodile
|move|p1b: Tyranitar|Knock Off|p2b: crocodile
|-resisted|p2b: crocodile|1
|-damage|p2b: crocodile|0 fnt
|faint|p2b: crocodile
|
|win|supaeTheGoat
||NiL312 is ready for game 2.
|inactive|supaeTheGoat has 30 seconds to confirm battle start!
|inactive|supaeTheGoat has 20 seconds to confirm battle start!
||supaeTheGoat is ready for game 2.
|uhtml|next|Next: Game 2 of 3
|l|☆supaeTheGoat
|player|p1|
