|j|☆Rodrigor8054
|j|☆goba3007
|html|Rodrigor8054goba3007    
|uhtml|bestof|Game 2 of a best-of-3
|t:|1782647962
|gametype|doubles
|player|p1|Rodrigor8054|pokemaniac|1322
|player|p2|goba3007|1|1298
|gen|9
|tier|[Gen 9 Champions] VGC 2026 Reg M-B (Bo3)
|rated|
|rule|Species Clause: Limit one of each Pokémon
|rule|Item Clause: Limit 1 of each item
|clearpoke
|poke|p1|Delphox, L50, M|
|poke|p1|Incineroar, L50, F|
|poke|p1|Sinistcha, L50|
|poke|p1|Kingambit, L50, M|
|poke|p1|Sneasler, L50, M|
|poke|p1|Floette-Eternal, L50, F|
|poke|p2|Gholdengo, L50|
|poke|p2|Sinistcha-Masterpiece, L50|
|poke|p2|Charizard, L50, F|
|poke|p2|Sableye, L50, F|
|poke|p2|Garchomp, L50, M|
|poke|p2|Incineroar, L50, M|
|teampreview|4
|showteam|p1|Delphox||Delphoxite|Blaze|Protect,NastyPlot,HeatWave,Psychic|Timid||M|||50|]Incineroar||SitrusBerry|Intimidate|PartingShot,FlareBlitz,ThroatChop,FakeOut|Adamant||F|||50|]Sinistcha||KasibBerry|Hospitality|Protect,RagePowder,MatchaGotcha,TrickRoom|Calm|||||50|]Kingambit||LifeOrb|Defiant|Protect,SwordsDance,KowtowCleave,SuckerPunch|Adamant||M|||50|]Sneasler||WhiteHerb|Unburden|FakeOut,CloseCombat,DireClaw,Protect|Jolly||M|||50|]Floette-Eternal||Floettite|FlowerVeil|Protect,CalmMind,Moonblast,DazzlingGleam|Modest||F|||50|
|showteam|p2|Gholdengo||Leftovers|GoodasGold|NastyPlot,ShadowBall,MakeItRain,Protect|Modest|||||50|]Sinistcha-Masterpiece||KasibBerry|Hospitality|RagePowder,LifeDew,TrickRoom,MatchaGotcha|Relaxed|||||50|]Charizard||CharizarditeY|Blaze|HeatWave,WeatherBall,Protect,SolarBeam|Modest||F|||50|]Sableye||RoseliBerry|Prankster|Encore,SunnyDay,FakeOut,FoulPlay|Impish||F|||50|]Garchomp||ChoiceScarf|RoughSkin|RockSlide,Earthquake,DragonClaw,StompingTantrum|Adamant||M|||50|]Incineroar||SitrusBerry|Intimidate|FakeOut,PartingShot,FlareBlitz,DarkestLariat|Adamant||M|||50|
|j| PoopMasterXxX
|
|t:|1782648007
|teamsize|p1|4
|teamsize|p2|4
|start
|switch|p1a: Delphox|Delphox, L50, M|100/100
|switch|p1b: Incineroar|Incineroar, L50, F|100/100
|switch|p2a: Sableye|Sableye, L50, F|100/100
|switch|p2b: Garchomp|Garchomp, L50, M|100/100
|-ability|p1b: Incineroar|Intimidate|boost
|-unboost|p2a: Sableye|atk|1
|-unboost|p2b: Garchomp|atk|1
|turn|1
|
|t:|1782648034
|switch|p2b: Incineroar|Incineroar, L50, M|100/100
|-ability|p2b: Incineroar|Intimidate|boost
|-unboost|p1a: Delphox|atk|1
|-unboost|p1b: Incineroar|atk|1
|detailschange|p1a: Delphox|Delphox-Mega, L50, M
|-mega|p1a: Delphox|Delphox|Delphoxite
|move|p1b: Incineroar|Fake Out|p2b: Incineroar
|-damage|p2b: Incineroar|92/100
|move|p2a: Sableye|Fake Out|p1a: Delphox
|-damage|p1a: Delphox|93/100
|cant|p1a: Delphox|flinch
|
|upkeep
|turn|2
|
|t:|1782648056
|move|p1a: Delphox|Protect|p1a: Delphox
|-singleturn|p1a: Delphox|Protect
|move|p2b: Incineroar|Fake Out|p1a: Delphox
|-activate|p1a: Delphox|move: Protect
|move|p1b: Incineroar|Parting Shot|p2b: Incineroar
|-unboost|p2b: Incineroar|atk|1
|-unboost|p2b: Incineroar|spa|1
|
|t:|1782648064
|switch|p1b: Sinistcha|Sinistcha, L50|100/100|[from] Parting Shot
|-heal|p1a: Delphox|100/100|[from] ability: Hospitality|[of] p1b: Sinistcha
|move|p2a: Sableye|Foul Play|p1a: Delphox
|-activate|p1a: Delphox|move: Protect
|
|upkeep
|turn|3
|
|t:|1782648077
|move|p1b: Sinistcha|Rage Powder|p1b: Sinistcha
|-singleturn|p1b: Sinistcha|move: Rage Powder
|move|p2a: Sableye|Encore|p1b: Sinistcha
|-start|p1b: Sinistcha|Encore
|move|p1a: Delphox|Nasty Plot|p1a: Delphox
|-boost|p1a: Delphox|spa|2
|move|p2b: Incineroar|Darkest Lariat|p1b: Sinistcha
|-supereffective|p1b: Sinistcha|1
|-damage|p1b: Sinistcha|46/100
|
|upkeep
|turn|4
|
|t:|1782648093
|move|p1b: Sinistcha|Rage Powder|p1b: Sinistcha
|-singleturn|p1b: Sinistcha|move: Rage Powder
|move|p2a: Sableye|Encore||[still]
|-fail|p2a: Sableye
|move|p1a: Delphox|Heat Wave|p2a: Sableye|[spread] p2a,p2b
|-resisted|p2b: Incineroar|1
|-damage|p2a: Sableye|0 fnt
|-damage|p2b: Incineroar|56/100
|faint|p2a: Sableye
|move|p2b: Incineroar|Darkest Lariat|p1b: Sinistcha
|-supereffective|p1b: Sinistcha|1
|-damage|p1b: Sinistcha|0 fnt
|faint|p1b: Sinistcha
|
|upkeep
|
|t:|1782648103
|switch|p1b: Incineroar|Incineroar, L50, F|100/100
|switch|p2a: Garchomp|Garchomp, L50, M|100/100
|-ability|p1b: Incineroar|Intimidate|boost
|-unboost|p2a: Garchomp|atk|1
|-unboost|p2b: Incineroar|atk|1
|turn|5
|
|t:|1782648115
|move|p1b: Incineroar|Fake Out|p2b: Incineroar
|-damage|p2b: Incineroar|44/100
|-enditem|p2b: Incineroar|Sitrus Berry|[eat]
|-heal|p2b: Incineroar|69/100|[from] item: Sitrus Berry
|move|p2a: Garchomp|Rock Slide|p1b: Incineroar|[spread] p1a,p1b
|-supereffective|p1a: Delphox|1
|-supereffective|p1b: Incineroar|1
|-damage|p1a: Delphox|64/100
|-damage|p1b: Incineroar|70/100
|cant|p1a: Delphox|flinch
|cant|p2b: Incineroar|flinch
|
|upkeep
|turn|6
|
|t:|1782648174
|move|p1a: Delphox|Protect|p1a: Delphox
|-singleturn|p1a: Delphox|Protect
|move|p2a: Garchomp|Rock Slide|p1b: Incineroar|[spread] p1b
|-activate|p1a: Delphox|move: Protect
|-supereffective|p1b: Incineroar|1
|-damage|p1b: Incineroar|41/100
|-enditem|p1b: Incineroar|Sitrus Berry|[eat]
|-heal|p1b: Incineroar|66/100|[from] item: Sitrus Berry
|cant|p1b: Incineroar|flinch
|move|p2b: Incineroar|Darkest Lariat|p1a: Delphox
|-activate|p1a: Delphox|move: Protect
|
|upkeep
|turn|7
|
|t:|1782648191
|move|p2a: Garchomp|Rock Slide|p1a: Delphox|[spread] p1a,p1b
|-supereffective|p1a: Delphox|1
|-supereffective|p1b: Incineroar|1
|-damage|p1a: Delphox|23/100
|-damage|p1b: Incineroar|35/100
|cant|p1a: Delphox|flinch
|cant|p1b: Incineroar|flinch
|move|p2b: Incineroar|Darkest Lariat|p1a: Delphox
|-supereffective|p1a: Delphox|1
|-damage|p1a: Delphox|0 fnt
|faint|p1a: Delphox
|
|upkeep
|-message|Rodrigor8054 forfeited.
|
|win|goba3007
||goba3007 is ready for game 3.
||Rodrigor8054 is ready for game 3.
|uhtml|next|Next: Game 3 of 3
