|j|☆KodeBeast0526
|j|☆MapleSyrop
|html|KodeBeast0526MapleSyrop    
|uhtml|bestof|Game 1 of a best-of-3
|t:|1783556191
|gametype|doubles
|player|p1|KodeBeast0526|sailor|1118
|player|p2|MapleSyrop|2|1008
|gen|9
|tier|[Gen 9 Champions] VGC 2026 Reg M-B (Bo3)
|rated|
|rule|Species Clause: Limit one of each Pokémon
|rule|Item Clause: Limit 1 of each item
|clearpoke
|poke|p1|Garchomp, L50, M, shiny|
|poke|p1|Staraptor, L50, F, shiny|
|poke|p1|Whimsicott, L50, M, shiny|
|poke|p1|Incineroar, L50, F, shiny|
|poke|p1|Gholdengo, L50|
|poke|p1|Glimmora, L50, F, shiny|
|poke|p2|Decidueye-Hisui, L50, F|
|poke|p2|Charizard, L50, F|
|poke|p2|Whimsicott, L50, M|
|poke|p2|Garchomp, L50, M|
|poke|p2|Incineroar, L50, M|
|poke|p2|Sinistcha-Masterpiece, L50|
|teampreview|4
|showteam|p1|Garchomp||LifeOrb|RoughSkin|Earthquake,Protect,RockSlide,DragonClaw|Adamant||M|||50|]Staraptor||Staraptite|Intimidate|BraveBird,CloseCombat,Roost,Protect|Jolly||F|||50|]Whimsicott||FocusSash|Prankster|Moonblast,Tailwind,Tickle,FakeTears|Timid||M|||50|]Incineroar||SitrusBerry|Intimidate|FakeOut,PartingShot,FlareBlitz,DarkestLariat|Impish||F|||50|]Gholdengo||MetalCoat|GoodasGold|Protect,ShadowBall,MakeItRain,NastyPlot|Modest|||||50|]Glimmora||Glimmoranite|ToxicDebris|EarthPower,EnergyBall,GunkShot,SpikyShield|Timid||F|||50|
|showteam|p2|Decidueye-Hisui||LifeOrb|Scrappy|TripleArrows,SuckerPunch,LeafBlade,Protect|Adamant||F|||50|]Charizard||CharizarditeY|Blaze|HeatWave,SolarBeam,Protect,WeatherBall|Timid||F|||50|]Whimsicott||FocusSash|Prankster|Tailwind,SunnyDay,Encore,Moonblast|Bold||M|||50|]Garchomp||RoseliBerry|RoughSkin|Earthquake,RockSlide,Protect,DragonClaw|Jolly||M|||50|]Incineroar||SitrusBerry|Intimidate|DarkestLariat,FlareBlitz,FakeOut,PartingShot|Adamant||M|||50|]Sinistcha-Masterpiece||KasibBerry|Hospitality|MatchaGotcha,RagePowder,ShadowBall,Protect|Bold|||||50|
|inactive|Battle timer is ON: inactive players will automatically lose when time's up. (requested by KodeBeast0526)
|
|t:|1783556237
|teamsize|p1|4
|teamsize|p2|4
|start
|switch|p1a: Incineroar|Incineroar, L50, F, shiny|100/100
|switch|p1b: Glimmora|Glimmora, L50, F, shiny|100/100
|switch|p2a: Whimsicott|Whimsicott, L50, M|100/100
|switch|p2b: Decidueye|Decidueye-Hisui, L50, F|100/100
|-ability|p1a: Incineroar|Intimidate|boost
|-unboost|p2a: Whimsicott|atk|1
|-fail|p2b: Decidueye|unboost|Attack|[from] ability: Scrappy|[of] p2b: Decidueye
|turn|1
|
|t:|1783556258
|move|p1a: Incineroar|Fake Out|p1b: Glimmora
|-resisted|p1b: Glimmora|1
|-damage|p1b: Glimmora|93/100
|-activate|p1b: Glimmora|ability: Toxic Debris
|-sidestart|p2: MapleSyrop|move: Toxic Spikes
|move|p2a: Whimsicott|Tailwind|p2a: Whimsicott
|-sidestart|p2: MapleSyrop|move: Tailwind
|move|p2b: Decidueye|Triple Arrows|p1a: Incineroar
|-supereffective|p1a: Incineroar|1
|-damage|p1a: Incineroar|19/100
|-unboost|p1a: Incineroar|def|1
|-enditem|p1a: Incineroar|Sitrus Berry|[eat]
|-heal|p1a: Incineroar|44/100|[from] item: Sitrus Berry
|-damage|p2b: Decidueye|90/100|[from] item: Life Orb
|cant|p1b: Glimmora|flinch
|
|upkeep
|turn|2
|inactive|MapleSyrop has 30 seconds left.
|
|t:|1783556286
|detailschange|p1b: Glimmora|Glimmora-Mega, L50, F, shiny
|-mega|p1b: Glimmora|Glimmora|Glimmoranite
|move|p2a: Whimsicott|Encore|p1a: Incineroar
|-hint|Since gen 7, Dark is immune to Prankster moves.
|-immune|p1a: Incineroar
|move|p1b: Glimmora|Gunk Shot|p2b: Decidueye
|-supereffective|p2b: Decidueye|1
|-damage|p2b: Decidueye|0 fnt
|faint|p2b: Decidueye
|move|p1a: Incineroar|Flare Blitz|p2a: Whimsicott
|-supereffective|p2a: Whimsicott|1
|-damage|p2a: Whimsicott|24/100
|-damage|p1a: Incineroar|22/100|[from] Recoil
|
|upkeep
|
|t:|1783556303
|switch|p2b: Garchomp|Garchomp, L50, M|100/100
|-status|p2b: Garchomp|psn
|turn|3
|
|t:|1783556327
|switch|p1a: Whimsicott|Whimsicott, L50, M, shiny|100/100
|move|p1b: Glimmora|Spiky Shield|p1b: Glimmora
|-singleturn|p1b: Glimmora|move: Protect
|move|p2b: Garchomp|Earthquake|p1a: Whimsicott|[spread] p2a,p1a
|-activate|p1b: Glimmora|move: Protect
|-resisted|p2a: Whimsicott|1
|-resisted|p1a: Whimsicott|1
|-damage|p2a: Whimsicott|6/100
|-damage|p1a: Whimsicott|73/100
|move|p2a: Whimsicott|Moonblast|p1a: Whimsicott
|-crit|p1a: Whimsicott
|-damage|p1a: Whimsicott|8/100
|
|-damage|p2b: Garchomp|87/100 psn|[from] psn
|upkeep
|turn|4
|
|t:|1783556351
|switch|p2a: Charizard|Charizard, L50, F|100/100
|switch|p1b: Incineroar|Incineroar, L50, F, shiny|22/100
|-ability|p1b: Incineroar|Intimidate|boost
|-unboost|p2a: Charizard|atk|1
|-unboost|p2b: Garchomp|atk|1
|move|p1a: Whimsicott|Tailwind|p1a: Whimsicott
|-sidestart|p1: KodeBeast0526|move: Tailwind
|move|p2b: Garchomp|Earthquake|p1a: Whimsicott|[spread] p1a,p1b
|-immune|p2a: Charizard
|-resisted|p1a: Whimsicott|1
|-supereffective|p1b: Incineroar|1
|-damage|p1a: Whimsicott|0 fnt
|-damage|p1b: Incineroar|0 fnt
|faint|p1a: Whimsicott
|faint|p1b: Incineroar
|
|-damage|p2b: Garchomp|75/100 psn|[from] psn
|-sideend|p2: MapleSyrop|move: Tailwind
|upkeep
|
|t:|1783556357
|switch|p1a: Glimmora|Glimmora-Mega, L50, F, shiny|93/100
|switch|p1b: Garchomp|Garchomp, L50, M, shiny|100/100
|turn|5
|inactive|MapleSyrop has 30 seconds left.
|
|t:|1783556388
|detailschange|p2a: Charizard|Charizard-Mega-Y, L50, F
|-mega|p2a: Charizard|Charizard|Charizardite Y
|-weather|SunnyDay|[from] ability: Drought|[of] p2a: Charizard
|move|p1a: Glimmora|Energy Ball|p2b: Garchomp
|-damage|p2b: Garchomp|36/100 psn
|move|p1b: Garchomp|Rock Slide|p2b: Garchomp|[spread] 
|-miss|p1b: Garchomp|p2a: Charizard
|-miss|p1b: Garchomp|p2b: Garchomp
|move|p2b: Garchomp|Earthquake|p1a: Glimmora|[spread] p1a,p1b
|-immune|p2a: Charizard
|-supereffective|p1a: Glimmora|2
|-damage|p1a: Glimmora|0 fnt
|-damage|p1b: Garchomp|75/100
|faint|p1a: Glimmora
|move|p2a: Charizard|Solar Beam||[still]
|-prepare|p2a: Charizard|Solar Beam
|-anim|p2a: Charizard|Solar Beam|p1b: Garchomp
|-damage|p1b: Garchomp|24/100
|
|-weather|SunnyDay|[upkeep]
|-damage|p2b: Garchomp|24/100 psn|[from] psn
|upkeep
|turn|6
|inactive|MapleSyrop has 30 seconds left.
|
|t:|1783556417
|move|p1b: Garchomp|Rock Slide|p2a: Charizard|[spread] p2a,p2b
|-supereffective|p2a: Charizard|2
|-resisted|p2b: Garchomp|1
|-damage|p2a: Charizard|0 fnt
|-damage|p2b: Garchomp|10/100 psn
|faint|p2a: Charizard
|-damage|p1b: Garchomp|14/100|[from] item: Life Orb
|move|p2b: Garchomp|Dragon Claw|p1b: Garchomp
|-supereffective|p1b: Garchomp|1
|-damage|p1b: Garchomp|0 fnt
|-damage|p2b: Garchomp|0 fnt|[from] ability: Rough Skin|[of] p1b: Garchomp
|faint|p1b: Garchomp
|faint|p2b: Garchomp
|
|win|MapleSyrop
||KodeBeast0526 is ready for game 2.
|inactive|MapleSyrop has 30 seconds to confirm battle start!
||MapleSyrop is ready for game 2.
|uhtml|next|Next: Game 2 of 3
