|j|☆Prepucio Santos
|j|☆snitker
|html|Prepucio Santossnitker    
|uhtml|bestof|Game 2 of a best-of-3
|t:|1784571606
|gametype|doubles
|player|p1|Prepucio Santos|striker|1252
|player|p2|snitker|pokefan-gen4|1186
|gen|9
|tier|[Gen 9 Champions] VGC 2026 Reg M-B (Bo3)
|rated|
|rule|Species Clause: Limit one of each Pokémon
|rule|Item Clause: Limit 1 of each item
|clearpoke
|poke|p1|Gengar, L50, F|
|poke|p1|Archaludon, L50, F|
|poke|p1|Politoed, L50, M|
|poke|p1|Swampert, L50, M|
|poke|p1|Vivillon, L50, M|
|poke|p1|Incineroar, L50, M|
|poke|p2|Charizard, L50, F|
|poke|p2|Venusaur, L50, M|
|poke|p2|Pelipper, L50, F|
|poke|p2|Basculegion, L50, M|
|poke|p2|Archaludon, L50, M|
|poke|p2|Grimmsnarl, L50, M|
|teampreview|4
|showteam|p1|Gengar||Gengarite|CursedBody|ShadowBall,SludgeBomb,PerishSong,Protect|Modest||F|||50|]Archaludon||Leftovers|Stamina|ElectroShot,DragonPulse,FlashCannon,Protect|Bold||F|||50|]Politoed||SitrusBerry|Drizzle|WeatherBall,Hypnosis,PerishSong,Protect|Calm||M|||50|]Swampert||Swampertite|Torrent|WaveCrash,Earthquake,IcePunch,Protect|Adamant||M|||50|]Vivillon||FocusSash|CompoundEyes|Hurricane,SleepPowder,RagePowder,Protect|Timid||M|||50|]Incineroar||PasshoBerry|Intimidate|ThroatChop,FakeOut,PartingShot,Protect|Impish||M|||50|
|showteam|p2|Charizard||CharizarditeY|Blaze|WeatherBall,SolarBeam,AirSlash,ScorchingSands|Timid||F|||50|]Venusaur||FocusSash|Chlorophyll|SludgeWave,Protect,WeatherBall,EarthPower|Modest||M|||50|]Pelipper||SitrusBerry|Drizzle|Hurricane,WideGuard,Tailwind,WeatherBall|Bold||F|||50|]Basculegion||ChoiceScarf|Adaptability|LastRespects,WaveCrash,FlipTurn,AquaJet|Adamant||M|||50|]Archaludon||Leftovers|Stamina|Protect,ElectroShot,DragonPulse,FlashCannon|Calm||M|||50|]Grimmsnarl||LightClay|Prankster|Reflect,LightScreen,SpiritBreak,PartingShot|Impish||M|||50|
|inactive|Battle timer is ON: inactive players will automatically lose when time's up. (requested by snitker)
|inactive|snitker has 60 seconds left.
|
|t:|1784571639
|teamsize|p1|4
|teamsize|p2|4
|start
|switch|p1a: Incineroar|Incineroar, L50, M|100/100
|switch|p1b: Vivillon|Vivillon, L50, M|100/100
|switch|p2a: Pelipper|Pelipper, L50, F|100/100
|switch|p2b: Basculegion|Basculegion, L50, M|100/100
|-weather|RainDance|[from] ability: Drizzle|[of] p2a: Pelipper
|-ability|p1a: Incineroar|Intimidate|boost
|-unboost|p2a: Pelipper|atk|1
|-unboost|p2b: Basculegion|atk|1
|turn|1
|
|t:|1784571655
|switch|p2b: Venusaur|Venusaur, L50, M|100/100
|move|p1a: Incineroar|Protect|p1a: Incineroar
|-singleturn|p1a: Incineroar|Protect
|move|p1b: Vivillon|Sleep Powder|p2b: Venusaur
|-immune|p2b: Venusaur
|move|p2a: Pelipper|Hurricane|p1b: Vivillon
|-supereffective|p1b: Vivillon|1
|-enditem|p1b: Vivillon|Focus Sash
|-damage|p1b: Vivillon|1/100
|
|-weather|RainDance|[upkeep]
|upkeep
|turn|2
|inactive|snitker has 30 seconds left.
|inactive|snitker has 20 seconds left.
|inactive|snitker has 15 seconds left.
|
|t:|1784571700
|switch|p1a: Politoed|Politoed, L50, M|100/100
|move|p1b: Vivillon|Hurricane|p2b: Venusaur
|-supereffective|p2b: Venusaur|1
|-enditem|p2b: Venusaur|Focus Sash
|-damage|p2b: Venusaur|1/100
|move|p2b: Venusaur|Weather Ball|p1b: Vivillon
|-damage|p1b: Vivillon|0 fnt
|faint|p1b: Vivillon
|move|p2a: Pelipper|Hurricane|p1a: Politoed
|-damage|p1a: Politoed|69/100
|
|-weather|RainDance|[upkeep]
|upkeep
|inactive|Prepucio Santos has 30 seconds left.
|inactive|Prepucio Santos has 20 seconds left.
|
|t:|1784571736
|switch|p1b: Swampert|Swampert, L50, M|100/100
|turn|3
|
|t:|1784571754
|detailschange|p1b: Swampert|Swampert-Mega, L50, M
|-mega|p1b: Swampert|Swampert|Swampertite
|move|p2b: Venusaur|Protect|p2b: Venusaur
|-singleturn|p2b: Venusaur|Protect
|move|p1b: Swampert|Wave Crash|p2a: Pelipper
|-resisted|p2a: Pelipper|1
|-damage|p2a: Pelipper|58/100
|-damage|p1b: Swampert|87/100|[from] Recoil
|move|p1a: Politoed|Weather Ball|p2a: Pelipper
|-resisted|p2a: Pelipper|1
|-damage|p2a: Pelipper|23/100
|-enditem|p2a: Pelipper|Sitrus Berry|[eat]
|-heal|p2a: Pelipper|47/100|[from] item: Sitrus Berry
|move|p2a: Pelipper|Tailwind|p2a: Pelipper
|-sidestart|p2: snitker|move: Tailwind
|
|-weather|RainDance|[upkeep]
|upkeep
|turn|4
|inactive|snitker has 30 seconds left.
|
|t:|1784571786
|switch|p1b: Incineroar|Incineroar, L50, M|100/100
|-ability|p1b: Incineroar|Intimidate|boost
|-unboost|p2a: Pelipper|atk|1
|-unboost|p2b: Venusaur|atk|1
|move|p2b: Venusaur|Earth Power|p1b: Incineroar
|-supereffective|p1b: Incineroar|1
|-crit|p1b: Incineroar
|-damage|p1b: Incineroar|28/100
|-unboost|p1b: Incineroar|spd|1
|move|p2a: Pelipper|Hurricane|p1b: Incineroar
|-damage|p1b: Incineroar|0 fnt
|faint|p1b: Incineroar
|move|p1a: Politoed|Weather Ball|p2b: Venusaur
|-resisted|p2b: Venusaur|1
|-damage|p2b: Venusaur|0 fnt
|faint|p2b: Venusaur
|
|-weather|RainDance|[upkeep]
|upkeep
|
|t:|1784571808
|switch|p2b: Charizard|Charizard, L50, F|100/100
|switch|p1b: Swampert|Swampert-Mega, L50, M|87/100
|turn|5
|
|t:|1784571828
|detailschange|p2b: Charizard|Charizard-Mega-Y, L50, F
|-mega|p2b: Charizard|Charizard|Charizardite Y
|-weather|SunnyDay|[from] ability: Drought|[of] p2b: Charizard
|move|p1b: Swampert|Protect|p1b: Swampert
|-singleturn|p1b: Swampert|Protect
|move|p2b: Charizard|Solar Beam||[still]
|-prepare|p2b: Charizard|Solar Beam
|-anim|p2b: Charizard|Solar Beam|p1b: Swampert
|-activate|p1b: Swampert|move: Protect
|move|p2a: Pelipper|Hurricane|p1a: Politoed
|-damage|p1a: Politoed|39/100
|-enditem|p1a: Politoed|Sitrus Berry|[eat]
|-heal|p1a: Politoed|64/100|[from] item: Sitrus Berry
|move|p1a: Politoed|Hypnosis|p2b: Charizard
|-status|p2b: Charizard|slp|[from] move: Hypnosis
|
|-weather|SunnyDay|[upkeep]
|upkeep
|turn|6
|
|t:|1784571851
|switch|p2b: Basculegion|Basculegion, L50, M|100/100
|move|p2a: Pelipper|Hurricane|p1a: Politoed|[miss]
|-miss|p2a: Pelipper|p1a: Politoed
|move|p1b: Swampert|Wave Crash|p2b: Basculegion
|-resisted|p2b: Basculegion|1
|-damage|p2b: Basculegion|75/100
|-damage|p1b: Swampert|77/100|[from] Recoil
|move|p1a: Politoed|Weather Ball|p2a: Pelipper
|-resisted|p2a: Pelipper|1
|-damage|p2a: Pelipper|25/100
|
|-weather|SunnyDay|[upkeep]
|-sideend|p2: snitker|move: Tailwind
|upkeep
|turn|7
|inactive|snitker has 30 seconds left.
|inactive|snitker has 20 seconds left.
|inactive|snitker has 15 seconds left.
|inactive|snitker has 10 seconds left.
|inactive|snitker has 5 seconds left.
|
|t:|1784571906
|move|p2b: Basculegion|Last Respects|p1a: Politoed
|-damage|p1a: Politoed|3/100
|move|p1b: Swampert|Ice Punch|p2a: Pelipper
|-damage|p2a: Pelipper|1/100
|move|p1a: Politoed|Hypnosis|p2b: Basculegion
|-status|p2b: Basculegion|slp|[from] move: Hypnosis
|move|p2a: Pelipper|Hurricane|p1b: Swampert
|-damage|p1b: Swampert|44/100
|
|-weather|SunnyDay|[upkeep]
|upkeep
|turn|8
|inactive|snitker has 30 seconds left.
|inactive|snitker has 20 seconds left.
|inactive|snitker has 15 seconds left.
|inactive|snitker has 10 seconds left.
|inactive|snitker has 5 seconds left.
|
|t:|1784571961
|cant|p2b: Basculegion|slp
|move|p1b: Swampert|Ice Punch|p2a: Pelipper
|-damage|p2a: Pelipper|0 fnt
|faint|p2a: Pelipper
|move|p1a: Politoed|Weather Ball|p2b: Basculegion
|-resisted|p2b: Basculegion|1
|-damage|p2b: Basculegion|58/100 slp
|
|-weather|SunnyDay|[upkeep]
|upkeep
|inactive|snitker has 30 seconds left.
|inactive|snitker has 20 seconds left.
|inactive|snitker has 15 seconds left.
|
|t:|1784572002
|switch|p2a: Charizard|Charizard-Mega-Y, L50, F|100/100 slp
|turn|9
|inactive|Prepucio Santos has 30 seconds left.
|inactive|Prepucio Santos has 20 seconds left.
|
|t:|1784572038
|cant|p2b: Basculegion|slp
|cant|p2a: Charizard|slp
|move|p1b: Swampert|Wave Crash|p2a: Charizard
|-supereffective|p2a: Charizard|1
|-damage|p2a: Charizard|0 fnt
|faint|p2a: Charizard
|-damage|p1b: Swampert|15/100|[from] Recoil
|move|p1a: Politoed|Weather Ball|p2b: Basculegion
|-resisted|p2b: Basculegion|1
|-damage|p2b: Basculegion|39/100 slp
|
|-weather|none
|upkeep
|turn|10
|inactive|snitker has 30 seconds left.
|
|t:|1784572066
|move|p1b: Swampert|Protect|p1b: Swampert
|-singleturn|p1b: Swampert|Protect
|-curestatus|p2b: Basculegion|slp|[msg]
|move|p2b: Basculegion|Last Respects|p1b: Swampert
|-activate|p1b: Swampert|move: Protect
|move|p1a: Politoed|Hypnosis|p2b: Basculegion
|-status|p2b: Basculegion|slp|[from] move: Hypnosis
|
|upkeep
|turn|11
|
|t:|1784572078
|cant|p2b: Basculegion|slp
|move|p1b: Swampert|Earthquake|p2b: Basculegion|[spread] p1a,p2b
|-damage|p1a: Politoed|0 fnt
|-damage|p2b: Basculegion|0 fnt
|faint|p1a: Politoed
|faint|p2b: Basculegion
|
|win|Prepucio Santos
