|j|☆dentrolin
|j|☆terrorofthenight
|html|dentrolinterrorofthenight    
|uhtml|bestof|Game 2 of a best-of-3
|t:|1783109944
|gametype|doubles
|player|p1|dentrolin|cynthia|1088
|player|p2|terrorofthenight|1|1026
|gen|9
|tier|[Gen 9 Champions] VGC 2026 Reg M-B (Bo3)
|rated|
|rule|Species Clause: Limit one of each Pokémon
|rule|Item Clause: Limit 1 of each item
|clearpoke
|poke|p1|Charizard, L50, M|
|poke|p1|Garchomp, L50, F|
|poke|p1|Whimsicott, L50, F|
|poke|p1|Floette-Eternal, L50, F|
|poke|p1|Basculegion, L50, M|
|poke|p1|Incineroar, L50, F|
|poke|p2|Blaziken, L50, M|
|poke|p2|Torkoal, L50, F|
|poke|p2|Clefable, L50, M|
|poke|p2|Incineroar, L50, M|
|poke|p2|Hydreigon, L50, M|
|poke|p2|Mawile, L50, M|
|teampreview|4
|showteam|p1|Charizard||CharizarditeY|SolarPower|HeatWave,WeatherBall,SolarBeam,Protect|Timid||M|||50|]Garchomp||LifeOrb|RoughSkin|Earthquake,DragonClaw,RockSlide,Protect|Jolly||F|||50|]Whimsicott||FocusSash|Prankster|Moonblast,Tailwind,Encore,Protect|Timid||F|||50|]Floette-Eternal||Floettite|FlowerVeil|Moonblast,DazzlingGleam,LightofRuin,Protect|Timid||F|||50|]Basculegion||MysticWater|Adaptability|WaveCrash,LastRespects,AquaJet,Protect|Adamant||M|||50|]Incineroar||SitrusBerry|Intimidate|FlareBlitz,ThroatChop,FakeOut,PartingShot|Careful||F|||50|
|showteam|p2|Blaziken||Blazikenite|SpeedBoost|Protect,SwordsDance,Earthquake,FlareBlitz|Adamant||M|||50|]Torkoal||PasshoBerry|Drought|SunnyDay,Eruption,Protect,BodyPress|Bold||F|||50|]Clefable||Leftovers|Unaware|Protect,Moonblast,HealingWish,ThunderWave|Calm||M|||50|]Incineroar||FocusSash|Intimidate|PartingShot,FakeOut,DarkestLariat,Snarl|Brave||M|||50|]Hydreigon||LifeOrb|Levitate|DracoMeteor,DarkPulse,Protect,EarthPower|Timid||M|||50|]Mawile||Mawilite|Intimidate|PlayRough,IronHead,Protect,BrickBreak|Adamant||M|||50|
|inactive|Battle timer is ON: inactive players will automatically lose when time's up. (requested by dentrolin)
|j| ido1234567890
|
|t:|1783110029
|teamsize|p1|4
|teamsize|p2|4
|start
|switch|p1a: Garchomp|Garchomp, L50, F|100/100
|switch|p1b: Floette|Floette-Eternal, L50, F|100/100
|switch|p2a: Incineroar|Incineroar, L50, M|100/100
|switch|p2b: Blaziken|Blaziken, L50, M|100/100
|-ability|p2a: Incineroar|Intimidate|boost
|-unboost|p1a: Garchomp|atk|1
|-unboost|p1b: Floette|atk|1
|turn|1
|l| ido1234567890
|inactive|dentrolin has 30 seconds left.
|
|t:|1783110058
|switch|p1b: Whimsicott|Whimsicott, L50, F|100/100
|move|p2a: Incineroar|Fake Out|p1a: Garchomp
|-damage|p1a: Garchomp|87/100
|-damage|p2a: Incineroar|87/100|[from] ability: Rough Skin|[of] p1a: Garchomp
|cant|p1a: Garchomp|flinch
|move|p2b: Blaziken|Swords Dance|p2b: Blaziken
|-boost|p2b: Blaziken|atk|2
|
|-ability|p2b: Blaziken|Speed Boost|boost
|-boost|p2b: Blaziken|spe|1
|upkeep
|turn|2
|inactive|terrorofthenight has 30 seconds left.
|inactive|terrorofthenight has 20 seconds left.
|inactive|terrorofthenight has 15 seconds left.
|inactive|terrorofthenight has 10 seconds left.
|inactive|terrorofthenight has 5 seconds left.
|
|t:|1783110108
|detailschange|p2b: Blaziken|Blaziken-Mega, L50, M
|-mega|p2b: Blaziken|Blaziken|Blazikenite
|move|p2b: Blaziken|Protect|p2b: Blaziken
|-singleturn|p2b: Blaziken|Protect
|move|p1b: Whimsicott|Encore|p2b: Blaziken
|-activate|p2b: Blaziken|move: Protect
|move|p1a: Garchomp|Earthquake|p2a: Incineroar|[spread] p1b,p2a
|-activate|p2b: Blaziken|move: Protect
|-resisted|p1b: Whimsicott|1
|-supereffective|p2a: Incineroar|1
|-damage|p1b: Whimsicott|76/100
|-damage|p2a: Incineroar|22/100
|-damage|p1a: Garchomp|78/100|[from] item: Life Orb
|move|p2a: Incineroar|Parting Shot|p1a: Garchomp
|-unboost|p1a: Garchomp|atk|1
|-unboost|p1a: Garchomp|spa|1
|
|t:|1783110122
|switch|p2a: Torkoal|Torkoal, L50, F|100/100|[from] Parting Shot
|-weather|SunnyDay|[from] ability: Drought|[of] p2a: Torkoal
|
|-weather|SunnyDay|[upkeep]
|-ability|p2b: Blaziken|Speed Boost|boost
|-boost|p2b: Blaziken|spe|1
|upkeep
|turn|3
|
|t:|1783110142
|switch|p1b: Basculegion|Basculegion, L50, M|100/100
|move|p2b: Blaziken|Earthquake|p1a: Garchomp|[spread] p2a,p1a,p1b
|-supereffective|p2a: Torkoal|1
|-damage|p2a: Torkoal|18/100
|-damage|p1a: Garchomp|11/100
|-damage|p1b: Basculegion|38/100
|move|p1a: Garchomp|Earthquake|p2b: Blaziken|[spread] p1b,p2a,p2b
|-supereffective|p2a: Torkoal|1
|-supereffective|p2b: Blaziken|1
|-damage|p1b: Basculegion|16/100
|-damage|p2a: Torkoal|0 fnt
|-damage|p2b: Blaziken|28/100
|faint|p2a: Torkoal
|-damage|p1a: Garchomp|1/100|[from] item: Life Orb
|
|-weather|SunnyDay|[upkeep]
|-ability|p2b: Blaziken|Speed Boost|boost
|-boost|p2b: Blaziken|spe|1
|upkeep
|
|t:|1783110157
|switch|p2a: Incineroar|Incineroar, L50, M|22/100
|-ability|p2a: Incineroar|Intimidate|boost
|-unboost|p1a: Garchomp|atk|1
|-unboost|p1b: Basculegion|atk|1
|turn|4
|inactive|terrorofthenight has 30 seconds left.
|
|t:|1783110190
|move|p2b: Blaziken|Protect|p2b: Blaziken
|-singleturn|p2b: Blaziken|Protect
|move|p1a: Garchomp|Protect|p1a: Garchomp
|-singleturn|p1a: Garchomp|Protect
|move|p2a: Incineroar|Fake Out|p1a: Garchomp
|-activate|p1a: Garchomp|move: Protect
|move|p1b: Basculegion|Aqua Jet|p2b: Blaziken
|-activate|p2b: Blaziken|move: Protect
|
|-weather|SunnyDay|[upkeep]
|-ability|p2b: Blaziken|Speed Boost|boost
|-boost|p2b: Blaziken|spe|1
|upkeep
|turn|5
|
|t:|1783110209
|switch|p2b: Hydreigon|Hydreigon, L50, M|100/100
|move|p1b: Basculegion|Aqua Jet|p2b: Hydreigon
|-resisted|p2b: Hydreigon|1
|-damage|p2b: Hydreigon|94/100
|move|p1a: Garchomp|Earthquake|p2b: Hydreigon|[spread] p1b,p2a
|-immune|p2b: Hydreigon|[from] ability: Levitate
|-supereffective|p2a: Incineroar|1
|-damage|p1b: Basculegion|0 fnt
|-damage|p2a: Incineroar|0 fnt
|faint|p1b: Basculegion
|faint|p2a: Incineroar
|-damage|p1a: Garchomp|0 fnt|[from] item: Life Orb
|faint|p1a: Garchomp
|
|-weather|SunnyDay|[upkeep]
|upkeep
|
|t:|1783110222
|switch|p1a: Whimsicott|Whimsicott, L50, F|76/100
|switch|p1b: Floette|Floette-Eternal, L50, F|100/100
|switch|p2a: Blaziken|Blaziken-Mega, L50, M|28/100
|turn|6
|inactive|terrorofthenight has 30 seconds left.
|
|t:|1783110251
|detailschange|p1b: Floette|Floette-Mega, L50, F
|-mega|p1b: Floette|Floette|Floettite
|-ability|p1b: Floette|Fairy Aura
|move|p1a: Whimsicott|Tailwind|p1a: Whimsicott
|-sidestart|p1: dentrolin|move: Tailwind
|move|p1b: Floette|Dazzling Gleam|p2a: Blaziken|[spread] p2a,p2b
|-supereffective|p2b: Hydreigon|2
|-damage|p2a: Blaziken|0 fnt
|-damage|p2b: Hydreigon|0 fnt
|faint|p2a: Blaziken
|faint|p2b: Hydreigon
|
|win|dentrolin
