|j|☆wixxx
|j|☆Beeetch
|html|wixxxBeeetch    
|uhtml|bestof|Game 1 of a best-of-3
|t:|1757120931
|gametype|doubles
|player|p1|wixxx|170|1119
|player|p2|Beeetch|beauty-gen4dp|1294
|gen|9
|tier|[Gen 9] VGC 2025 Reg H (Bo3)
|rated|
|rule|Species Clause: Limit one of each Pokémon
|rule|Item Clause: Limit 1 of each item
|clearpoke
|poke|p1|Incineroar, L50, F|
|poke|p1|Garchomp, L50, F|
|poke|p1|Archaludon, L50, F|
|poke|p1|Amoonguss, L50, M|
|poke|p1|Sneasler, L50, M|
|poke|p1|Corviknight, L50, M|
|poke|p2|Excadrill, L50, M|
|poke|p2|Tyranitar, L50, M|
|poke|p2|Sneasler, L50, F|
|poke|p2|Indeedee, L50, M|
|poke|p2|Corviknight, L50, M|
|poke|p2|Annihilape, L50, F|
|teampreview|4
|showteam|p1|Incineroar||AssaultVest|Intimidate|FakeOut,Uturn,KnockOff,FlareBlitz|||F|||50|,,,,,Ghost]Garchomp||LifeOrb|RoughSkin|Protect,Earthquake,DragonClaw,StompingTantrum|||F|||50|,,,,,Ground]Archaludon||PowerHerb|Stamina|DracoMeteor,ElectroShot,FlashCannon,Protect|||F|||50|,,,,,Stellar]Amoonguss||RockyHelmet|Regenerator|Spore,RagePowder,PollenPuff,Protect|||M|||50|,,,,,Water]Sneasler||FocusSash|Unburden|CloseCombat,FakeOut,DireClaw,Coaching|||M|||50|,,,,,Stellar]Corviknight||SitrusBerry|MirrorArmor|BraveBird,Tailwind,Taunt,Roost|||M|||50|,,,,,Fire
|showteam|p2|Excadrill||FocusSash|SandRush|IronHead,HighHorsepower,Earthquake,Protect|||M|||50|,,,,,Stellar]Tyranitar||AssaultVest|SandStream|RockSlide,KnockOff,TeraBlast,LowKick|||M|||50|,,,,,Flying]Sneasler||PsychicSeed|Unburden|DireClaw,CloseCombat,ThroatChop,Protect|||F|||50|,,,,,Dark]Indeedee||ChoiceScarf|PsychicSurge|ExpandingForce,TeraBlast,Protect,Trick|||M|||50|,,,,,Psychic]Corviknight||Leftovers|MirrorArmor|BraveBird,BulkUp,Roost,Tailwind|||M|||50|,,,,,Dragon]Annihilape||SafetyGoggles|Defiant|CloseCombat,FinalGambit,RageFist,Taunt|||F|||50|,,,,,Water
|
|t:|1757120988
|teamsize|p1|4
|teamsize|p2|4
|start
|switch|p1a: Garchomp|Garchomp, L50, F|100/100
|switch|p1b: Archaludon|Archaludon, L50, F|100/100
|switch|p2a: Annihilape|Annihilape, L50, F|100/100
|switch|p2b: Indeedee|Indeedee, L50, M, shiny|100/100
|-fieldstart|move: Psychic Terrain|[from] ability: Psychic Surge|[of] p2b: Indeedee
|turn|1
|
|t:|1757121027
|switch|p2a: Corviknight|Corviknight, L50, M|100/100
|-terastallize|p2b: Indeedee|Psychic
|-terastallize|p1a: Garchomp|Ground
|move|p1b: Archaludon|Protect|p1b: Archaludon
|-singleturn|p1b: Archaludon|Protect
|move|p2b: Indeedee|Expanding Force|p1b: Archaludon|[spread] p1a
|-activate|p1b: Archaludon|move: Protect
|-damage|p1a: Garchomp|13/100
|move|p1a: Garchomp|Earthquake|p2b: Indeedee|[spread] p2b
|-activate|p1b: Archaludon|move: Protect
|-immune|p2a: Corviknight
|-damage|p2b: Indeedee|0 fnt
|faint|p2b: Indeedee
|-damage|p1a: Garchomp|3/100|[from] item: Life Orb
|
|upkeep
|
|t:|1757121043
|switch|p2b: Annihilape|Annihilape, L50, F|100/100
|turn|2
|
|t:|1757121073
|move|p1a: Garchomp|Stomping Tantrum|p2b: Annihilape
|-damage|p2b: Annihilape|24/100
|-damage|p1a: Garchomp|0 fnt|[from] item: Life Orb
|faint|p1a: Garchomp
|move|p2b: Annihilape|Close Combat|p1b: Archaludon
|-supereffective|p1b: Archaludon
|-damage|p1b: Archaludon|16/100
|-unboost|p2b: Annihilape|def|1
|-unboost|p2b: Annihilape|spd|1
|-ability|p1b: Archaludon|Stamina|boost
|-boost|p1b: Archaludon|def|1
|move|p1b: Archaludon|Electro Shot||[still]
|-prepare|p1b: Archaludon|Electro Shot
|-boost|p1b: Archaludon|spa|1
|-enditem|p1b: Archaludon|Power Herb
|-anim|p1b: Archaludon|Electro Shot|p2a: Corviknight
|-supereffective|p2a: Corviknight
|-damage|p2a: Corviknight|0 fnt
|faint|p2a: Corviknight
|
|upkeep
|
|t:|1757121095
|switch|p1a: Sneasler|Sneasler, L50, M|100/100
|switch|p2a: Sneasler|Sneasler, L50, F, shiny|100/100
|-enditem|p2a: Sneasler|Psychic Seed
|-boost|p2a: Sneasler|spd|1|[from] item: Psychic Seed
|turn|3
|
|t:|1757121121
|move|p2a: Sneasler|Dire Claw|p1a: Sneasler
|-resisted|p1a: Sneasler
|-damage|p1a: Sneasler|62/100
|move|p1a: Sneasler|Dire Claw|p2b: Annihilape
|-resisted|p2b: Annihilape
|-damage|p2b: Annihilape|0 fnt
|faint|p2b: Annihilape
|move|p1b: Archaludon|Flash Cannon|p2a: Sneasler
|-damage|p2a: Sneasler|45/100
|
|upkeep
|turn|4
|
|t:|1757121136
|move|p2a: Sneasler|Protect|p2a: Sneasler
|-singleturn|p2a: Sneasler|Protect
|move|p1a: Sneasler|Dire Claw|p2a: Sneasler
|-activate|p2a: Sneasler|move: Protect
|move|p1b: Archaludon|Flash Cannon|p2a: Sneasler
|-activate|p2a: Sneasler|move: Protect
|
|upkeep
|turn|5
|
|t:|1757121147
|move|p1b: Archaludon|Protect|p1b: Archaludon
|-singleturn|p1b: Archaludon|Protect
|move|p2a: Sneasler|Close Combat|p1b: Archaludon
|-activate|p1b: Archaludon|move: Protect
|move|p1a: Sneasler|Dire Claw|p2a: Sneasler
|-resisted|p2a: Sneasler
|-damage|p2a: Sneasler|11/100
|
|-fieldend|move: Psychic Terrain
|upkeep
|turn|6
|
|t:|1757121161
|move|p2a: Sneasler|Dire Claw|p1a: Sneasler
|-resisted|p1a: Sneasler
|-damage|p1a: Sneasler|23/100
|-status|p1a: Sneasler|slp
|cant|p1a: Sneasler|slp
|move|p1b: Archaludon|Flash Cannon|p2a: Sneasler
|-damage|p2a: Sneasler|0 fnt
|faint|p2a: Sneasler
|
|win|wixxx
