|j|☆naibot2814
|j|☆Jon Mateo
|html|naibot2814Jon Mateo    
|uhtml|bestof|Game 2 of a best-of-3
|t:|1783176726
|gametype|doubles
|player|p1|naibot2814|ghetsis|1297
|player|p2|Jon Mateo|101|1224
|gen|9
|tier|[Gen 9 Champions] VGC 2026 Reg M-B (Bo3)
|rated|
|rule|Species Clause: Limit one of each Pokémon
|rule|Item Clause: Limit 1 of each item
|clearpoke
|poke|p1|Incineroar, L50, M|
|poke|p1|Sinistcha, L50, shiny|
|poke|p1|Kingambit, L50, M|
|poke|p1|Delphox, L50, F|
|poke|p1|Sneasler, L50, M|
|poke|p1|Floette-Eternal, L50, F|
|poke|p2|Ninetales-Alola, L50, M|
|poke|p2|Milotic, L50, M|
|poke|p2|Scolipede, L50, M|
|poke|p2|Blaziken, L50, F|
|poke|p2|Aerodactyl, L50, M|
|poke|p2|Aegislash, L50, F|
|teampreview|4
|showteam|p1|Incineroar||SitrusBerry|Intimidate|FakeOut,DarkestLariat,FlareBlitz,PartingShot|Careful||M|||50|]Sinistcha||OccaBerry|Hospitality|MatchaGotcha,RagePowder,TrickRoom,Protect|Bold|||||50|]Kingambit||BlackGlasses|Defiant|KowtowCleave,SuckerPunch,SwordsDance,Protect|Adamant||M|||50|]Delphox||Delphoxite|Blaze|HeatWave,Psyshock,NastyPlot,Protect|Timid||F|||50|]Sneasler||FocusSash|PoisonTouch|FakeOut,PoisonJab,CloseCombat,Protect|Jolly||M|||50|]Floette-Eternal||Floettite|FlowerVeil|DrainingKiss,DazzlingGleam,CalmMind,Protect|Modest||F|||50|
|showteam|p2|Ninetales-Alola||ChoiceScarf|SnowWarning|Blizzard,FreezeDry,Psyshock,Moonblast|Modest||M|||50|]Milotic||Leftovers|Competitive|Scald,Blizzard,Protect,Recover|Bold||M|||50|]Scolipede||Scolipite|SpeedBoost|Earthquake,PoisonJab,SwordsDance,Protect|Impish||M|||50|]Blaziken||FocusSash|SpeedBoost|Protect,CloseCombat,BlazeKick,Coaching|Adamant||F|||50|]Aerodactyl||Aerodactylite|Unnerve|DualWingbeat,RockSlide,Protect,Tailwind|Jolly||M|||50|]Aegislash||SpellTag|StanceChange|ShadowSneak,Poltergeist,IronHead,KingsShield|Adamant||F|||50|
|inactive|Battle timer is ON: inactive players will automatically lose when time's up. (requested by Jon Mateo)
|
|t:|1783176782
|teamsize|p1|4
|teamsize|p2|4
|start
|switch|p1a: Sneasler|Sneasler, L50, M|100/100
|switch|p1b: Kingambit|Kingambit, L50, M|100/100
|switch|p2a: Milotic|Milotic, L50, M|100/100
|switch|p2b: Blaziken|Blaziken, L50, F|100/100
|turn|1
|
|t:|1783176806
|move|p2b: Blaziken|Protect|p2b: Blaziken
|-singleturn|p2b: Blaziken|Protect
|move|p1a: Sneasler|Fake Out|p2b: Blaziken
|-activate|p2b: Blaziken|move: Protect
|move|p2a: Milotic|Scald|p1b: Kingambit
|-damage|p1b: Kingambit|68/100
|move|p1b: Kingambit|Swords Dance|p1b: Kingambit
|-boost|p1b: Kingambit|atk|2
|
|-ability|p2b: Blaziken|Speed Boost|boost
|-boost|p2b: Blaziken|spe|1
|upkeep
|turn|2
|
|t:|1783176826
|move|p2b: Blaziken|Protect|p2b: Blaziken
|-singleturn|p2b: Blaziken|Protect
|move|p1b: Kingambit|Protect|p1b: Kingambit
|-singleturn|p1b: Kingambit|Protect
|move|p1a: Sneasler|Close Combat|p2b: Blaziken
|-activate|p2b: Blaziken|move: Protect
|move|p2a: Milotic|Scald|p1b: Kingambit
|-activate|p1b: Kingambit|move: Protect
|
|-ability|p2b: Blaziken|Speed Boost|boost
|-boost|p2b: Blaziken|spe|1
|upkeep
|turn|3
|
|t:|1783176837
|switch|p1b: Sinistcha|Sinistcha, L50, shiny|100/100
|move|p2b: Blaziken|Close Combat|p1b: Sinistcha
|-immune|p1b: Sinistcha
|move|p1a: Sneasler|Close Combat|p2b: Blaziken
|-damage|p2b: Blaziken|4/100
|-unboost|p1a: Sneasler|def|1
|-unboost|p1a: Sneasler|spd|1
|move|p2a: Milotic|Scald|p1a: Sneasler
|-damage|p1a: Sneasler|31/100
|-status|p1a: Sneasler|brn
|
|-damage|p1a: Sneasler|25/100 brn|[from] brn
|-ability|p2b: Blaziken|Speed Boost|boost
|-boost|p2b: Blaziken|spe|1
|upkeep
|turn|4
|
|t:|1783176861
|move|p2b: Blaziken|Blaze Kick|p1b: Sinistcha
|-supereffective|p1b: Sinistcha|1
|-enditem|p1b: Sinistcha|Occa Berry|[eat]
|-enditem|p1b: Sinistcha|Occa Berry|[weaken]
|-damage|p1b: Sinistcha|64/100
|move|p1a: Sneasler|Poison Jab|p2b: Blaziken
|-damage|p2b: Blaziken|0 fnt
|faint|p2b: Blaziken
|move|p2a: Milotic|Blizzard|p1b: Sinistcha|[spread] p1a,p1b
|-supereffective|p1b: Sinistcha|1
|-damage|p1a: Sneasler|0 fnt
|-damage|p1b: Sinistcha|13/100
|faint|p1a: Sneasler
|move|p1b: Sinistcha|Trick Room|p1b: Sinistcha
|-fieldstart|move: Trick Room|[of] p1b: Sinistcha
|
|upkeep
|inactive|Jon Mateo has 30 seconds left.
|
|t:|1783176889
|switch|p2b: Scolipede|Scolipede, L50, M|100/100
|switch|p1a: Kingambit|Kingambit, L50, M|68/100
|turn|5
|
|t:|1783176905
|move|p1a: Kingambit|Kowtow Cleave|p2b: Scolipede
|-damage|p2b: Scolipede|24/100
|move|p1b: Sinistcha|Matcha Gotcha|p2b: Scolipede|[spread] p2a,p2b
|-supereffective|p2a: Milotic|1
|-crit|p2a: Milotic
|-resisted|p2b: Scolipede|2
|-damage|p2a: Milotic|34/100
|-heal|p1b: Sinistcha|46/100|[from] drain|[of] p2a: Milotic
|-damage|p2b: Scolipede|15/100
|-heal|p1b: Sinistcha|49/100|[from] drain|[of] p2b: Scolipede
|move|p2a: Milotic|Blizzard|p1a: Kingambit|[spread] p1a,p1b
|-resisted|p1a: Kingambit|1
|-supereffective|p1b: Sinistcha|1
|-damage|p1a: Kingambit|57/100
|-damage|p1b: Sinistcha|1/100
|move|p2b: Scolipede|Earthquake|p1b: Sinistcha|[spread] p2a,p1a,p1b
|-crit|p2a: Milotic
|-supereffective|p1a: Kingambit|1
|-resisted|p1b: Sinistcha|1
|-crit|p1b: Sinistcha
|-damage|p2a: Milotic|6/100
|-damage|p1a: Kingambit|24/100
|-damage|p1b: Sinistcha|0 fnt
|faint|p1b: Sinistcha
|
|-heal|p2a: Milotic|12/100|[from] item: Leftovers
|-ability|p2b: Scolipede|Speed Boost|boost
|-boost|p2b: Scolipede|spe|1
|upkeep
|
|t:|1783176911
|switch|p1b: Gumball|Incineroar, L50, M|100/100
|-ability|p1b: Gumball|Intimidate|boost
|-unboost|p2a: Milotic|atk|1
|-ability|p2a: Milotic|Competitive|boost
|-boost|p2a: Milotic|spa|2
|-unboost|p2b: Scolipede|atk|1
|turn|6
|
|t:|1783176922
|move|p2a: Milotic|Protect|p2a: Milotic
|-singleturn|p2a: Milotic|Protect
|move|p1a: Kingambit|Kowtow Cleave|p2a: Milotic
|-activate|p2a: Milotic|move: Protect
|move|p1b: Gumball|Flare Blitz|p2b: Scolipede
|-supereffective|p2b: Scolipede|1
|-damage|p2b: Scolipede|0 fnt
|faint|p2b: Scolipede
|-damage|p1b: Gumball|96/100|[from] Recoil
|
|-heal|p2a: Milotic|18/100|[from] item: Leftovers
|upkeep
|
|t:|1783176929
|switch|p2b: Aerodactyl|Aerodactyl, L50, M|100/100
|-ability|p2b: Aerodactyl|Unnerve
|turn|7
|
|t:|1783176947
|detailschange|p2b: Aerodactyl|Aerodactyl-Mega, L50, M
|-mega|p2b: Aerodactyl|Aerodactyl|Aerodactylite
|move|p2a: Milotic|Protect||[still]
|-fail|p2a: Milotic
|move|p1a: Kingambit|Kowtow Cleave|p2b: Aerodactyl
|-damage|p2b: Aerodactyl|23/100
|move|p1b: Gumball|Darkest Lariat|p2a: Milotic
|-damage|p2a: Milotic|0 fnt
|faint|p2a: Milotic
|move|p2b: Aerodactyl|Dual Wingbeat|p1a: Kingambit
|-resisted|p1a: Kingambit|1
|-damage|p1a: Kingambit|15/100
|-resisted|p1a: Kingambit|1
|-damage|p1a: Kingambit|6/100
|-hitcount|p1a: Kingambit|2
|
|upkeep
|turn|8
|l|☆Jon Mateo
|inactive|Jon Mateo disconnected and has a minute to reconnect!
|player|p2|
|
|t:|1783176963
|move|p2b: Aerodactyl|Protect|p2b: Aerodactyl
|-singleturn|p2b: Aerodactyl|Protect
|move|p1a: Kingambit|Kowtow Cleave|p2b: Aerodactyl
|-activate|p2b: Aerodactyl|move: Protect
|move|p1b: Gumball|Darkest Lariat|p2b: Aerodactyl
|-activate|p2b: Aerodactyl|move: Protect
|
|-fieldend|move: Trick Room
|upkeep
|turn|9
|inactive|Jon Mateo has 30 seconds left.
|inactive|Jon Mateo has 20 seconds left.
|inactive|Jon Mateo has 15 seconds left.
|inactive|Jon Mateo has 10 seconds left.
|inactive|Jon Mateo has 5 seconds left.
|-message|Jon Mateo lost due to inactivity.
|
|win|naibot2814
|raw|naibot2814's rating: 1297 → 1317(+20 for winning)
|raw|Jon Mateo's rating: 1224 → 1204(-20 for losing)
