|j|☆Aronaldo2
|j|☆meikh_neiht
|html|Aronaldo2meikh_neiht    
|uhtml|bestof|Game 2 of a best-of-3
|t:|1782529773
|gametype|doubles
|player|p1|Aronaldo2|265|1140
|player|p2|meikh_neiht|lucas|1053
|gen|9
|tier|[Gen 9 Champions] VGC 2026 Reg M-B (Bo3)
|rated|
|rule|Species Clause: Limit one of each Pokémon
|rule|Item Clause: Limit 1 of each item
|clearpoke
|poke|p1|Beartic, L50, M|
|poke|p1|Pelipper, L50, F|
|poke|p1|Swampert, L50, M|
|poke|p1|Sableye, L50, M|
|poke|p1|Incineroar, L50, F|
|poke|p1|Kingambit, L50, F|
|poke|p2|Staraptor, L50, M|
|poke|p2|Sinistcha, L50|
|poke|p2|Maushold, L50|
|poke|p2|Kingambit, L50, F|
|poke|p2|Sneasler, L50, M|
|poke|p2|Delphox, L50, F|
|teampreview|4
|showteam|p1|Beartic||LifeOrb|SwiftSwim|IcicleCrash,RockSlide,Protect,HardPress|Jolly||M|||50|]Pelipper||FocusSash|Drizzle|Protect,WeatherBall,Hurricane,WideGuard|Timid||F|||50|]Swampert||Swampertite|Torrent|Protect,WaveCrash,HighHorsepower,FlipTurn|Adamant||M|||50|]Sableye||MentalHerb|Prankster|Encore,Disable,RainDance,Protect|Sassy||M|||50|]Incineroar||SitrusBerry|Intimidate|FakeOut,PartingShot,ThroatChop,Protect|Impish||F|||50|]Kingambit||BlackGlasses|Defiant|SwordsDance,SuckerPunch,KowtowCleave,Protect|Adamant||F|||50|
|showteam|p2|Staraptor||Staraptite|Intimidate|CloseCombat,BraveBird,Roost,Protect|Adamant||M|||50|]Sinistcha||SitrusBerry|Hospitality|RagePowder,MatchaGotcha,TrickRoom,LifeDew|Calm|||||50|]Maushold||ChopleBerry|FriendGuard|Encore,Charm,FollowMe,Protect|Timid|||||50|]Kingambit||OccaBerry|Defiant|KowtowCleave,SuckerPunch,SwordsDance,Protect|Adamant||F|||50|]Sneasler||WhiteHerb|Unburden|DireClaw,Protect,FakeOut,CloseCombat|Jolly||M|||50|]Delphox||Delphoxite|Blaze|HeatWave,Psyshock,NastyPlot,Protect|Timid||F|||50|
|inactive|Battle timer is ON: inactive players will automatically lose when time's up. (requested by Aronaldo2)
|
|t:|1782529800
|teamsize|p1|4
|teamsize|p2|4
|start
|switch|p1a: Beartic|Beartic, L50, M|100/100
|switch|p1b: Pelipper|Pelipper, L50, F|100/100
|switch|p2a: Kingambit|Kingambit, L50, F|100/100
|switch|p2b: Sneasler|Sneasler, L50, M|100/100
|-weather|RainDance|[from] ability: Drizzle|[of] p1b: Pelipper
|turn|1
|
|t:|1782529823
|switch|p1a: Swampert|Swampert, L50, M|100/100
|move|p2b: Sneasler|Close Combat|p1a: Swampert
|-damage|p1a: Swampert|37/100
|-unboost|p2b: Sneasler|def|1
|-unboost|p2b: Sneasler|spd|1
|-enditem|p2b: Sneasler|White Herb
|-clearnegativeboost|p2b: Sneasler|[silent]
|move|p1b: Pelipper|Hurricane|p2b: Sneasler
|-supereffective|p2b: Sneasler|1
|-damage|p2b: Sneasler|0 fnt
|faint|p2b: Sneasler
|move|p2a: Kingambit|Swords Dance|p2a: Kingambit
|-boost|p2a: Kingambit|atk|2
|
|-weather|RainDance|[upkeep]
|upkeep
|
|t:|1782529838
|switch|p2b: Staraptor|Staraptor, L50, M|100/100
|-ability|p2b: Staraptor|Intimidate|boost
|-unboost|p1a: Swampert|atk|1
|-unboost|p1b: Pelipper|atk|1
|turn|2
|
|t:|1782529850
|switch|p1a: Sableye|Sableye, L50, M|100/100
|detailschange|p2b: Staraptor|Staraptor-Mega, L50, M
|-mega|p2b: Staraptor|Staraptor|Staraptite
|move|p2a: Kingambit|Sucker Punch||[still]
|-fail|p2a: Kingambit
|move|p2b: Staraptor|Close Combat|p1b: Pelipper
|-resisted|p1b: Pelipper|1
|-damage|p1b: Pelipper|58/100
|-boost|p2b: Staraptor|def|1
|-boost|p2b: Staraptor|spd|1
|move|p1b: Pelipper|Weather Ball|p2a: Kingambit
|-damage|p2a: Kingambit|32/100
|
|-weather|RainDance|[upkeep]
|upkeep
|turn|3
|inactive|Aronaldo2 has 30 seconds left.
|inactive|Aronaldo2 has 20 seconds left.
|inactive|Aronaldo2 has 15 seconds left.
|inactive|meikh_neiht has 30 seconds left.
|
|t:|1782529891
|switch|p2b: Sinistcha|Sinistcha, L50|100/100
|-heal|p2a: Kingambit|57/100|[from] ability: Hospitality|[of] p2b: Sinistcha
|move|p2a: Kingambit|Sucker Punch|p1b: Pelipper
|-damage|p1b: Pelipper|0 fnt
|faint|p1b: Pelipper
|move|p1a: Sableye|Encore||[still]
|-fail|p1a: Sableye
|
|-weather|RainDance|[upkeep]
|upkeep
|
|t:|1782529898
|switch|p1b: Beartic|Beartic, L50, M|100/100
|turn|4
|
|t:|1782529912
|switch|p2b: Staraptor|Staraptor-Mega, L50, M|100/100
|switch|p1a: Swampert|Swampert, L50, M|37/100
|move|p1b: Beartic|Icicle Crash|p2b: Staraptor
|-supereffective|p2b: Staraptor|1
|-damage|p2b: Staraptor|0 fnt
|faint|p2b: Staraptor
|-damage|p1b: Beartic|90/100|[from] item: Life Orb
|move|p2a: Kingambit|Kowtow Cleave|p1b: Beartic
|-damage|p1b: Beartic|0 fnt
|faint|p1b: Beartic
|
|-weather|RainDance|[upkeep]
|upkeep
|
|t:|1782529920
|switch|p2b: Sinistcha|Sinistcha, L50|100/100
|switch|p1b: Sableye|Sableye, L50, M|100/100
|-heal|p2a: Kingambit|82/100|[from] ability: Hospitality|[of] p2b: Sinistcha
|turn|5
|-message|Aronaldo2 forfeited.
|
|win|meikh_neiht
|l|☆Aronaldo2
|player|p1|
||Aronaldo2 is ready for game 3.
||meikh_neiht is ready for game 3.
|uhtml|next|Next: Game 3 of 3
