|j|☆Shoto.tx
|j|☆SrBalleno
|html|Shoto.txSrBalleno    
|uhtml|bestof|Game 2 of a best-of-3
|t:|1756925132
|gametype|doubles
|player|p1|Shoto.tx|101|1000
|player|p2|SrBalleno|wattson|1074
|gen|9
|tier|[Gen 9] VGC 2025 Reg H (Bo3)
|rated|
|rule|Species Clause: Limit one of each Pokémon
|rule|Item Clause: Limit 1 of each item
|clearpoke
|poke|p1|Archaludon, L50, M|
|poke|p1|Politoed, L50, F|
|poke|p1|Gothitelle, L50, M|
|poke|p1|Kingdra, L50, M|
|poke|p1|Incineroar, L50, M|
|poke|p1|Amoonguss, L50, F|
|poke|p2|Palafin, L50, M|
|poke|p2|Klefki, L50, M|
|poke|p2|Tyranitar, L50, F|
|poke|p2|Garchomp, L50, F|
|poke|p2|Arcanine-Hisui, L50, F|
|poke|p2|Sinistcha, L50|
|teampreview|4
|showteam|p1|Archaludon||PowerHerb|Sturdy|ElectroShot,FlashCannon,DragonPulse,Protect|||M|||50|,,,,,Electric]Politoed||Leftovers|Drizzle|WeatherBall,PerishSong,Encore,Protect|||F|||50|,,,,,Grass]Gothitelle||SitrusBerry|ShadowTag|Psychic,FakeOut,TrickRoom,Protect|||M|||50|,,,,,Dark]Kingdra||LifeOrb|SwiftSwim|DracoMeteor,WeatherBall,MuddyWater,Protect|||M|||50|,,,,,Stellar]Incineroar||SafetyGoggles|Intimidate|FakeOut,KnockOff,PartingShot,Protect|||M|||50|,,,,,Ghost]Amoonguss||EjectButton|Regenerator|Spore,RagePowder,PollenPuff,Protect|||F|||50|,,,,,Fairy
|showteam|p2|Palafin||MysticWater|ZerotoHero|JetPunch,WaveCrash,Haze,Protect|||M|||50|,,,,,Water]Klefki||LightClay|Prankster|LightScreen,Reflect,MistyTerrain,DazzlingGleam|||M|||50|,,,,,Ghost]Tyranitar||AssaultVest|SandStream|RockSlide,KnockOff,IcePunch,TeraBlast|||F|||50|,,,,,Flying]Garchomp||ClearAmulet|SandVeil|StompingTantrum,DragonClaw,SwordsDance,Protect|||F|||50|,,,,,Water]Arcanine-Hisui||ChoiceScarf|Intimidate|FlareBlitz,TemperFlare,RockSlide,CloseCombat|||F|||50|,,,,,Ghost]Sinistcha||Leftovers|Hospitality|MatchaGotcha,ShadowBall,RagePowder,TrickRoom||||||50|,,,,,Fairy
|
|t:|1756925159
|teamsize|p1|4
|teamsize|p2|4
|start
|switch|p1a: Politoed|Politoed, L50, F, shiny|100/100
|switch|p1b: Kingdra|Kingdra, L50, M, shiny|100/100
|switch|p2a: Sinistcha|Sinistcha, L50|100/100
|switch|p2b: Arcanine|Arcanine-Hisui, L50, F|100/100
|-ability|p2b: Arcanine|Intimidate|boost
|-unboost|p1a: Politoed|atk|1
|-unboost|p1b: Kingdra|atk|1
|-weather|RainDance|[from] ability: Drizzle|[of] p1a: Politoed
|turn|1
|
|t:|1756925185
|switch|p2b: Tyranitar|Tyranitar, L50, F|100/100
|-weather|Sandstorm|[from] ability: Sand Stream|[of] p2b: Tyranitar
|move|p1b: Kingdra|Draco Meteor|p2a: Sinistcha
|-damage|p2a: Sinistcha|12/100
|-unboost|p1b: Kingdra|spa|2
|-damage|p1b: Kingdra|91/100|[from] item: Life Orb
|move|p1a: Politoed|Weather Ball|p2a: Sinistcha
|-damage|p2a: Sinistcha|0 fnt
|faint|p2a: Sinistcha
|
|-weather|Sandstorm|[upkeep]
|-damage|p1b: Kingdra|85/100|[from] Sandstorm
|-damage|p1a: Politoed|94/100|[from] Sandstorm
|-heal|p1a: Politoed|100/100|[from] item: Leftovers
|upkeep
|
|t:|1756925208
|switch|p2a: Arcanine|Arcanine-Hisui, L50, F|100/100
|-ability|p2a: Arcanine|Intimidate|boost
|-unboost|p1a: Politoed|atk|1
|-unboost|p1b: Kingdra|atk|1
|turn|2
|
|t:|1756925239
|switch|p1b: Gothitelle|Gothitelle, L50, M, shiny|100/100
|-terastallize|p2a: Arcanine|Ghost
|move|p2a: Arcanine|Flare Blitz|p1b: Gothitelle
|-damage|p1b: Gothitelle|47/100
|-enditem|p1b: Gothitelle|Sitrus Berry|[eat]
|-heal|p1b: Gothitelle|71/100|[from] item: Sitrus Berry
|-damage|p2a: Arcanine|85/100|[from] Recoil
|move|p1a: Politoed|Weather Ball|p2a: Arcanine
|-damage|p2a: Arcanine|62/100
|move|p2b: Tyranitar|Rock Slide|p1b: Gothitelle|[spread] p1a,p1b
|-damage|p1a: Politoed|74/100
|-damage|p1b: Gothitelle|45/100
|
|-weather|Sandstorm|[upkeep]
|-damage|p2a: Arcanine|56/100|[from] Sandstorm
|-damage|p1b: Gothitelle|39/100|[from] Sandstorm
|-damage|p1a: Politoed|68/100|[from] Sandstorm
|-heal|p1a: Politoed|74/100|[from] item: Leftovers
|upkeep
|turn|3
|
|t:|1756925273
|switch|p1a: Incineroar|Incineroar, L50, M, shiny|100/100
|-ability|p1a: Incineroar|Intimidate|boost
|-unboost|p2a: Arcanine|atk|1
|-unboost|p2b: Tyranitar|atk|1
|move|p1b: Gothitelle|Fake Out|p2b: Tyranitar
|-resisted|p2b: Tyranitar
|-damage|p2b: Tyranitar|99/100
|move|p2a: Arcanine|Flare Blitz|p1b: Gothitelle
|-damage|p1b: Gothitelle|4/100
|-damage|p2a: Arcanine|46/100|[from] Recoil
|cant|p2b: Tyranitar|flinch
|
|-weather|Sandstorm|[upkeep]
|-damage|p2a: Arcanine|40/100|[from] Sandstorm
|-damage|p1b: Gothitelle|0 fnt|[from] Sandstorm
|faint|p1b: Gothitelle
|upkeep
|
|t:|1756925294
|switch|p1b: Kingdra|Kingdra, L50, M, shiny|85/100
|turn|4
|
|t:|1756925301
|switch|p2a: Garchomp|Garchomp, L50, F|100/100
|switch|p1a: Politoed|Politoed, L50, F, shiny|74/100
|-weather|RainDance|[from] ability: Drizzle|[of] p1a: Politoed
|-terastallize|p1b: Kingdra|Stellar
|move|p1b: Kingdra|Muddy Water|p2a: Garchomp|[spread] p2a,p2b
|-supereffective|p2b: Tyranitar
|-damage|p2a: Garchomp|11/100
|-damage|p2b: Tyranitar|31/100
|-damage|p1b: Kingdra|75/100|[from] item: Life Orb
|move|p2b: Tyranitar|Rock Slide|p1b: Kingdra|[spread] p1a
|-miss|p2b: Tyranitar|p1b: Kingdra
|-damage|p1a: Politoed|56/100
|
|-weather|RainDance|[upkeep]
|-heal|p1a: Politoed|62/100|[from] item: Leftovers
|upkeep
|turn|5
|-message|SrBalleno forfeited.
|
|win|Shoto.tx
|raw|Shoto.tx's rating: 1000 → 1048(+48 for winning)
|raw|SrBalleno's rating: 1074 → 1048(-26 for losing)
|l|☆SrBalleno
|player|p2|
