|j|☆Xfede77
|j|☆Mortipherus
|html|Xfede77Mortipherus    
|uhtml|bestof|Game 1 of a best-of-3
|t:|1757146847
|gametype|doubles
|player|p1|Xfede77|giovanni|1095
|player|p2|Mortipherus|biker-gen4|1095
|gen|9
|tier|[Gen 9] VGC 2025 Reg H (Bo3)
|rated|
|rule|Species Clause: Limit one of each Pokémon
|rule|Item Clause: Limit 1 of each item
|clearpoke
|poke|p1|Amoonguss, L50, M|
|poke|p1|Ursaluna, L50, M|
|poke|p1|Hydreigon, L50, M|
|poke|p1|Incineroar, L50, M|
|poke|p1|Porygon2, L50|
|poke|p1|Gholdengo, L50|
|poke|p2|Hydrapple, L50, M|
|poke|p2|Arcanine-Hisui, L50, M|
|poke|p2|Gholdengo, L50|
|poke|p2|Electabuzz, L50, M|
|poke|p2|Indeedee, L50, M|
|poke|p2|Sneasler, L50, M|
|teampreview|4
|showteam|p1|Amoonguss||RockyHelmet|Regenerator|PollenPuff,Spore,RagePowder,Protect|||M|||50|,,,,,Fairy]Ursaluna||FlameOrb|Guts|Facade,HeadlongRush,Earthquake,Protect|||M|||50|,,,,,Ghost]Hydreigon||CovertCloak|Levitate|DracoMeteor,Snarl,Tailwind,Protect|||M|||50|,,,,,Ghost]Incineroar||SafetyGoggles|Intimidate|FakeOut,KnockOff,PartingShot,FlareBlitz|||M|||50|,,,,,Ghost]Porygon2||Eviolite|Download|TeraBlast,IceBeam,Recover,TrickRoom||||||50|,,,,,Fighting]Gholdengo||MetalCoat|GoodasGold|MakeItRain,ShadowBall,NastyPlot,Protect||||||50|,,,,,Water
|showteam|p2|Hydrapple||AssaultVest|Regenerator|FickleBeam,EnergyBall,EarthPower,BreakingSwipe|||M|||50|,,,,,Ground]Arcanine-Hisui||ClearAmulet|Intimidate|Protect,ExtremeSpeed,FlareBlitz,RockSlide|||M|||50|,,,,,Grass]Gholdengo||LifeOrb|GoodasGold|Protect,NastyPlot,MakeItRain,ShadowBall||||||50|,,,,,Water]Electabuzz||Eviolite|VitalSpirit|Protect,FollowMe,Taunt,Electroweb|||M|||50|,,,,,Dragon]Indeedee||FocusSash|PsychicSurge|Protect,TrickRoom,ExpandingForce,TeraBlast|||M|||50|,,,,,Ground]Sneasler||PsychicSeed|Unburden|Protect,ThroatChop,DireClaw,CloseCombat|||M|||50|,,,,,Dark
|inactive|Battle timer is ON: inactive players will automatically lose when time's up. (requested by Mortipherus)
|
|t:|1757146902
|teamsize|p1|4
|teamsize|p2|4
|start
|switch|p1a: Hydreigon|Hydreigon, L50, M|100/100
|switch|p1b: Incineroar|Incineroar, L50, M|100/100
|switch|p2a: Hot Dog|Arcanine-Hisui, L50, M|100/100
|switch|p2b: Stew|Sneasler, L50, M|100/100
|-ability|p2a: Hot Dog|Intimidate|boost
|-unboost|p1a: Hydreigon|atk|1
|-unboost|p1b: Incineroar|atk|1
|-ability|p1b: Incineroar|Intimidate|boost
|-fail|p2a: Hot Dog|unboost|[from] item: Clear Amulet|[of] p2a: Hot Dog
|-unboost|p2b: Stew|atk|1
|turn|1
|
|t:|1757146920
|switch|p2b: Caramel|Indeedee, L50, M|100/100
|-fieldstart|move: Psychic Terrain|[from] ability: Psychic Surge|[of] p2b: Caramel
|switch|p1a: Amoonguss|Amoonguss, L50, M|100/100
|-terastallize|p1b: Incineroar|Ghost
|move|p2a: Hot Dog|Rock Slide|p1a: Amoonguss|[spread] p1a,p1b
|-damage|p1a: Amoonguss|74/100
|-damage|p1b: Incineroar|74/100
|move|p1b: Incineroar|Knock Off|p2a: Hot Dog
|-damage|p2a: Hot Dog|67/100
|-enditem|p2a: Hot Dog|Clear Amulet|[from] move: Knock Off|[of] p1b: Incineroar
|
|upkeep
|turn|2
|
|t:|1757146942
|switch|p1b: Hydreigon|Hydreigon, L50, M|100/100
|move|p1a: Amoonguss|Protect|p1a: Amoonguss
|-singleturn|p1a: Amoonguss|Protect
|move|p2b: Caramel|Expanding Force|p1a: Amoonguss|[spread] 
|-activate|p1a: Amoonguss|move: Protect
|-immune|p1b: Hydreigon
|move|p2a: Hot Dog|Flare Blitz|p1a: Amoonguss
|-activate|p1a: Amoonguss|move: Protect
|
|upkeep
|turn|3
|
|t:|1757146955
|switch|p1a: Incineroar|Incineroar, L50, M, tera:Ghost|74/100
|-ability|p1a: Incineroar|Intimidate|boost
|-unboost|p2a: Hot Dog|atk|1
|-unboost|p2b: Caramel|atk|1
|move|p2b: Caramel|Expanding Force|p1a: Incineroar|[spread] p1a
|-immune|p1b: Hydreigon
|-damage|p1a: Incineroar|23/100
|move|p1b: Hydreigon|Snarl|p2a: Hot Dog|[spread] p2a
|-miss|p1b: Hydreigon|p2b: Caramel
|-damage|p2a: Hot Dog|42/100
|-unboost|p2a: Hot Dog|spa|1
|move|p2a: Hot Dog|Rock Slide|p1b: Hydreigon|[spread] p1a,p1b
|-crit|p1a: Incineroar
|-damage|p1a: Incineroar|0 fnt
|-damage|p1b: Hydreigon|81/100
|faint|p1a: Incineroar
|
|upkeep
|
|t:|1757146971
|switch|p1a: Amoonguss|Amoonguss, L50, M|100/100
|turn|4
|
|t:|1757146983
|switch|p2a: Stew|Sneasler, L50, M|100/100
|-enditem|p2a: Stew|Psychic Seed
|-boost|p2a: Stew|spd|1|[from] item: Psychic Seed
|move|p2b: Caramel|Protect|p2b: Caramel
|-singleturn|p2b: Caramel|Protect
|move|p1a: Amoonguss|Protect|p1a: Amoonguss
|-singleturn|p1a: Amoonguss|Protect
|move|p1b: Hydreigon|Snarl|p2b: Caramel|[spread] p2a
|-activate|p2b: Caramel|move: Protect
|-resisted|p2a: Stew
|-damage|p2a: Stew|92/100
|-unboost|p2a: Stew|spa|1
|
|upkeep
|turn|5
|
|t:|1757147001
|switch|p1a: Gholdengo|Gholdengo, L50|100/100
|move|p2a: Stew|Protect|p2a: Stew
|-singleturn|p2a: Stew|Protect
|move|p2b: Caramel|Expanding Force|p1b: Hydreigon|[spread] p1a
|-immune|p1b: Hydreigon
|-resisted|p1a: Gholdengo
|-damage|p1a: Gholdengo|74/100
|move|p1b: Hydreigon|Tailwind|p1b: Hydreigon
|-sidestart|p1: Xfede77|move: Tailwind
|
|-fieldend|move: Psychic Terrain
|upkeep
|turn|6
|inactive|Mortipherus has 30 seconds left.
|
|t:|1757147035
|switch|p2b: Apple Pie|Hydrapple, L50, M|100/100
|-terastallize|p2a: Stew|Dark
|move|p2a: Stew|Throat Chop|p1a: Gholdengo
|-supereffective|p1a: Gholdengo
|-damage|p1a: Gholdengo|5/100
|-start|p1a: Gholdengo|Throat Chop|[silent]
|move|p1b: Hydreigon|Draco Meteor|p2a: Stew
|-damage|p2a: Stew|32/100
|-unboost|p1b: Hydreigon|spa|2
|move|p1a: Gholdengo|Make It Rain|p2b: Apple Pie|[spread] p2a,p2b
|-damage|p2a: Stew|0 fnt
|-damage|p2b: Apple Pie|64/100
|-unboost|p1a: Gholdengo|spa|1
|faint|p2a: Stew
|
|upkeep
|
|t:|1757147042
|switch|p2a: Caramel|Indeedee, L50, M|100/100
|-fieldstart|move: Psychic Terrain|[from] ability: Psychic Surge|[of] p2a: Caramel
|turn|7
|
|t:|1757147059
|move|p1a: Gholdengo|Protect|p1a: Gholdengo
|-singleturn|p1a: Gholdengo|Protect
|move|p1b: Hydreigon|Snarl|p2b: Apple Pie|[spread] p2a,p2b
|-supereffective|p2a: Caramel
|-damage|p2a: Caramel|68/100
|-damage|p2b: Apple Pie|56/100
|-unboost|p2a: Caramel|spa|1
|-unboost|p2b: Apple Pie|spa|1
|move|p2a: Caramel|Expanding Force|p1b: Hydreigon|[spread] 
|-activate|p1a: Gholdengo|move: Protect
|-immune|p1b: Hydreigon
|move|p2b: Apple Pie|Fickle Beam|p1b: Hydreigon
|-supereffective|p1b: Hydreigon
|-damage|p1b: Hydreigon|25/100
|
|-end|p1a: Gholdengo|Throat Chop|[silent]
|upkeep
|turn|8
|inactive|Xfede77 has 30 seconds left.
|
|t:|1757147085
|switch|p1a: Amoonguss|Amoonguss, L50, M|100/100
|switch|p2a: Hot Dog|Arcanine-Hisui, L50, M|42/100
|-ability|p2a: Hot Dog|Intimidate|boost
|-unboost|p1a: Amoonguss|atk|1
|-unboost|p1b: Hydreigon|atk|1
|move|p1b: Hydreigon|Snarl|p2b: Apple Pie|[spread] p2a,p2b
|-damage|p2a: Hot Dog|31/100
|-damage|p2b: Apple Pie|49/100
|-unboost|p2a: Hot Dog|spa|1
|-unboost|p2b: Apple Pie|spa|1
|move|p2b: Apple Pie|Breaking Swipe|p1b: Hydreigon|[spread] p1a,p1b
|-supereffective|p1b: Hydreigon
|-damage|p1a: Amoonguss|87/100
|-damage|p1b: Hydreigon|0 fnt
|-unboost|p1a: Amoonguss|atk|1
|-damage|p2b: Apple Pie|33/100|[from] item: Rocky Helmet|[of] p1a: Amoonguss
|faint|p1b: Hydreigon
|
|-sideend|p1: Xfede77|move: Tailwind
|upkeep
|
|t:|1757147099
|switch|p1b: Gholdengo|Gholdengo, L50|5/100
|turn|9
|
|t:|1757147116
|move|p1a: Amoonguss|Rage Powder|p1a: Amoonguss
|-singleturn|p1a: Amoonguss|move: Rage Powder
|move|p2a: Hot Dog|Flare Blitz|p1a: Amoonguss
|-supereffective|p1a: Amoonguss
|-crit|p1a: Amoonguss
|-damage|p1a: Amoonguss|0 fnt
|-damage|p2a: Hot Dog|14/100|[from] item: Rocky Helmet|[of] p1a: Amoonguss
|faint|p1a: Amoonguss
|-damage|p2a: Hot Dog|0 fnt|[from] Recoil
|faint|p2a: Hot Dog
|move|p1b: Gholdengo|Make It Rain|p2b: Apple Pie
|-damage|p2b: Apple Pie|0 fnt
|-unboost|p1b: Gholdengo|spa|1
|faint|p2b: Apple Pie
|
|upkeep
|
|t:|1757147132
|switch|p2a: Caramel|Indeedee, L50, M|68/100
|turn|10
|
|t:|1757147141
|move|p2a: Caramel|Expanding Force|p1b: Gholdengo
|-resisted|p1b: Gholdengo
|-damage|p1b: Gholdengo|0 fnt
|faint|p1b: Gholdengo
|
|win|Mortipherus
||Xfede77 is ready for game 2.
|inactive|Mortipherus has 30 seconds to confirm battle start!
