|j|☆failandimprove3
|j|☆A Regu1ar Guy
|html|failandimprove3A Regu1ar Guy    
|uhtml|bestof|Game 2 of a best-of-3
|t:|1783532255
|gametype|doubles
|player|p1|failandimprove3|266|
|player|p2|A Regu1ar Guy|265|
|gen|9
|tier|[Gen 9 Champions] VGC 2026 Reg M-B (Bo3)
|rule|Species Clause: Limit one of each Pokémon
|rule|Item Clause: Limit 1 of each item
|clearpoke
|poke|p1|Charizard, L50, F|
|poke|p1|Floette-Eternal, L50, F|
|poke|p1|Whimsicott, L50, F|
|poke|p1|Basculegion, L50, M|
|poke|p1|Kingambit, L50, M|
|poke|p1|Garchomp, L50, M|
|poke|p2|Garchomp, L50, M|
|poke|p2|Venusaur, L50, M|
|poke|p2|Incineroar, L50, F|
|poke|p2|Charizard, L50, F|
|poke|p2|Toxapex, L50, M|
|poke|p2|Annihilape, L50, M|
|teampreview|4
|showteam|p1|Charizard||CharizarditeY|Blaze|HeatWave,WeatherBall,SolarBeam,Protect|Modest||F|||50|]Floette-Eternal||Floettite|FlowerVeil|Moonblast,DazzlingGleam,LightofRuin,Protect|Timid||F|||50|]Whimsicott||FocusSash|Prankster|Moonblast,Tailwind,Encore,Protect|Timid||F|||50|]Basculegion||MysticWater|Adaptability|WaveCrash,LastRespects,AquaJet,Protect|Adamant||M|||50|]Kingambit||ChopleBerry|Defiant|KowtowCleave,SuckerPunch,IronHead,LowKick|Adamant||M|||50|]Garchomp||LifeOrb|RoughSkin|Earthquake,RockSlide,DragonClaw,Protect|Jolly||M|||50|
|showteam|p2|Garchomp||ChoiceScarf|RoughSkin|Earthquake,RockSlide,DragonClaw,StompingTantrum|Adamant||M|||50|]Venusaur||LifeOrb|Chlorophyll|SludgeBomb,SolarBeam,EarthPower,Protect|Modest||M|||50|]Incineroar||SitrusBerry|Intimidate|FakeOut,FlareBlitz,ThroatChop,PartingShot|Impish||F|||50|]Charizard||CharizarditeY|Blaze|HeatWave,WeatherBall,Protect,HelpingHand|Modest||F|||50|]Toxapex||Leftovers|Regenerator|Infestation,Toxic,WideGuard,BanefulBunker|Impish||M|||50|]Annihilape||FocusSash|Defiant|CloseCombat,PhantomForce,RockTomb,Protect|Jolly||M|||50|
|inactive|Battle timer is ON: inactive players will automatically lose when time's up. (requested by A Regu1ar Guy)
|inactive|failandimprove3 has 60 seconds left.
|inactive|A Regu1ar Guy has 60 seconds left.
|inactive|failandimprove3 has 30 seconds left.
|inactive|failandimprove3 has 20 seconds left.
|inactive|A Regu1ar Guy has 30 seconds left.
|inactive|failandimprove3 has 15 seconds left.
|inactive|A Regu1ar Guy has 20 seconds left.
|
|t:|1783532336
|teamsize|p1|4
|teamsize|p2|4
|start
|switch|p1a: Charizard|Charizard, L50, F|100/100
|switch|p1b: Garchomp|Garchomp, L50, M|100/100
|switch|p2a: Garchomp|Garchomp, L50, M|100/100
|switch|p2b: Incineroar|Incineroar, L50, F|100/100
|-ability|p2b: Incineroar|Intimidate|boost
|-unboost|p1a: Charizard|atk|1
|-unboost|p1b: Garchomp|atk|1
|turn|1
|
|t:|1783532355
|move|p1b: Garchomp|Protect|p1b: Garchomp
|-singleturn|p1b: Garchomp|Protect
|move|p1a: Charizard|Protect|p1a: Charizard
|-singleturn|p1a: Charizard|Protect
|move|p2a: Garchomp|Dragon Claw|p1b: Garchomp
|-activate|p1b: Garchomp|move: Protect
|move|p2b: Incineroar|Parting Shot|p1b: Garchomp
|-activate|p1b: Garchomp|move: Protect
|
|upkeep
|turn|2
|
|t:|1783532377
|detailschange|p1a: Charizard|Charizard-Mega-Y, L50, F
|-mega|p1a: Charizard|Charizard|Charizardite Y
|-weather|SunnyDay|[from] ability: Drought|[of] p1a: Charizard
|move|p2a: Garchomp|Dragon Claw|p1b: Garchomp
|-supereffective|p1b: Garchomp|1
|-damage|p1b: Garchomp|14/100
|-damage|p2a: Garchomp|87/100|[from] ability: Rough Skin|[of] p1b: Garchomp
|move|p1b: Garchomp|Earthquake|p2b: Incineroar|[spread] p2a,p2b
|-immune|p1a: Charizard
|-supereffective|p2b: Incineroar|1
|-damage|p2a: Garchomp|58/100
|-damage|p2b: Incineroar|53/100
|-damage|p1b: Garchomp|4/100|[from] item: Life Orb
|move|p1a: Charizard|Weather Ball|p2a: Garchomp
|-resisted|p2a: Garchomp|1
|-damage|p2a: Garchomp|12/100
|move|p2b: Incineroar|Parting Shot|p1b: Garchomp
|-unboost|p1b: Garchomp|atk|1
|-unboost|p1b: Garchomp|spa|1
|
|t:|1783532382
|switch|p2b: Venusaur|Venusaur, L50, M|100/100|[from] Parting Shot
|
|-weather|SunnyDay|[upkeep]
|upkeep
|turn|3
|inactive|failandimprove3 has 30 seconds left.
|inactive|failandimprove3 has 20 seconds left.
|inactive|failandimprove3 has 15 seconds left.
|inactive|failandimprove3 has 10 seconds left.
|inactive|A Regu1ar Guy has 30 seconds left.
|
|t:|1783532429
|switch|p1b: Whimsicott|Whimsicott, L50, F|100/100
|move|p2b: Venusaur|Protect|p2b: Venusaur
|-singleturn|p2b: Venusaur|Protect
|move|p2a: Garchomp|Dragon Claw|p1a: Charizard
|-damage|p1a: Charizard|62/100
|move|p1a: Charizard|Heat Wave|p2b: Venusaur|[spread] p2a
|-activate|p2b: Venusaur|move: Protect
|-resisted|p2a: Garchomp|1
|-damage|p2a: Garchomp|0 fnt
|faint|p2a: Garchomp
|
|-weather|SunnyDay|[upkeep]
|upkeep
|
|t:|1783532431
|switch|p2a: Charizard|Charizard, L50, F|100/100
|turn|4
|
|t:|1783532452
|switch|p2b: Incineroar|Incineroar, L50, F|53/100
|-ability|p2b: Incineroar|Intimidate|boost
|-unboost|p1a: Charizard|atk|1
|-unboost|p1b: Whimsicott|atk|1
|detailschange|p2a: Charizard|Charizard-Mega-Y, L50, F
|-mega|p2a: Charizard|Charizard|Charizardite Y
|move|p1b: Whimsicott|Encore|p2b: Incineroar
|-hint|Since gen 7, Dark is immune to Prankster moves.
|-immune|p2b: Incineroar
|move|p2a: Charizard|Heat Wave|p1b: Whimsicott|[spread] p1a,p1b
|-resisted|p1a: Charizard|1
|-supereffective|p1b: Whimsicott|1
|-damage|p1a: Charizard|36/100
|-enditem|p1b: Whimsicott|Focus Sash
|-damage|p1b: Whimsicott|1/100
|move|p1a: Charizard|Heat Wave|p2a: Charizard|[spread] p2a,p2b
|-resisted|p2a: Charizard|1
|-resisted|p2b: Incineroar|1
|-crit|p2b: Incineroar
|-damage|p2a: Charizard|71/100
|-damage|p2b: Incineroar|11/100
|-enditem|p2b: Incineroar|Sitrus Berry|[eat]
|-heal|p2b: Incineroar|36/100|[from] item: Sitrus Berry
|
|-weather|SunnyDay|[upkeep]
|upkeep
|turn|5
|inactive|failandimprove3 has 30 seconds left.
|inactive|failandimprove3 has 20 seconds left.
|
|t:|1783532488
|move|p1b: Whimsicott|Protect|p1b: Whimsicott
|-singleturn|p1b: Whimsicott|Protect
|move|p1a: Charizard|Protect|p1a: Charizard
|-singleturn|p1a: Charizard|Protect
|move|p2a: Charizard|Heat Wave|p1a: Charizard|[spread] 
|-activate|p1a: Charizard|move: Protect
|-activate|p1b: Whimsicott|move: Protect
|move|p2b: Incineroar|Parting Shot|p1a: Charizard
|-activate|p1a: Charizard|move: Protect
|
|-weather|SunnyDay|[upkeep]
|upkeep
|turn|6
|
|t:|1783532509
|move|p1b: Whimsicott|Tailwind|p1b: Whimsicott
|-sidestart|p1: failandimprove3|move: Tailwind
|move|p1a: Charizard|Weather Ball|p2b: Incineroar
|-resisted|p2b: Incineroar|1
|-damage|p2b: Incineroar|0 fnt
|faint|p2b: Incineroar
|move|p2a: Charizard|Heat Wave|p1a: Charizard|[spread] p1a,p1b
|-resisted|p1a: Charizard|1
|-supereffective|p1b: Whimsicott|1
|-damage|p1a: Charizard|10/100
|-damage|p1b: Whimsicott|0 fnt
|faint|p1b: Whimsicott
|
|-weather|none
|upkeep
|
|t:|1783532516
|switch|p1b: Basculegion|Basculegion, L50, M|100/100
|switch|p2b: Venusaur|Venusaur, L50, M|100/100
|turn|7
|
|t:|1783532538
|move|p2a: Charizard|Protect|p2a: Charizard
|-singleturn|p2a: Charizard|Protect
|move|p1a: Charizard|Heat Wave|p2a: Charizard|[spread] p2b
|-activate|p2a: Charizard|move: Protect
|-supereffective|p2b: Venusaur|1
|-damage|p2b: Venusaur|8/100
|move|p1b: Basculegion|Last Respects|p2b: Venusaur
|-damage|p2b: Venusaur|0 fnt
|faint|p2b: Venusaur
|
|upkeep
|turn|8
|
|t:|1783532544
|move|p1a: Charizard|Heat Wave|p2a: Charizard
|-resisted|p2a: Charizard|1
|-damage|p2a: Charizard|50/100g
|move|p1b: Basculegion|Last Respects|p2a: Charizard
|-damage|p2a: Charizard|0 fnt
|faint|p2a: Charizard
|
|win|failandimprove3
