|j|☆memel894
|j|☆Bujero A subir
|html|memel894Bujero A subir    
|uhtml|bestof|Game 1 of a best-of-3
|t:|1756489550
|gametype|doubles
|player|p1|memel894|1|1000
|player|p2|Bujero A subir|acetrainercouple|1000
|gen|9
|tier|[Gen 9] VGC 2025 Reg H (Bo3)
|rated|
|rule|Species Clause: Limit one of each Pokémon
|rule|Item Clause: Limit 1 of each item
|clearpoke
|poke|p1|Cramorant, L50, F|
|poke|p1|Politoed, L50, F|
|poke|p1|Toxtricity-Low-Key, L50, M|
|poke|p1|Gardevoir, L50, M|
|poke|p1|Archaludon, L50, F|
|poke|p1|Sableye, L50, F|
|poke|p2|Rillaboom, L50, M|
|poke|p2|Kingambit, L50, M|
|poke|p2|Sneasler, L50, M|
|poke|p2|Electabuzz, L50, M|
|poke|p2|Dragonite, L50, M|
|poke|p2|Volcarona, L50, M|
|teampreview|4
|showteam|p1|Cramorant||FocusSash|GulpMissile|Tailwind,Surf,IcyWind,Protect|||F|||50|,,,,,Grass]Politoed||WideLens|Drizzle|WeatherBall,MuddyWater,EarthPower,Protect|||F|||50|,,,,,Bug]Toxtricity-Low-Key||ThroatSpray|PunkRock|Boomburst,VoltSwitch,SludgeBomb,Protect|||M|||50|,,,,,Normal]Gardevoir||SitrusBerry|Telepathy|Moonblast,HyperVoice,CalmMind,Protect|||M|||50|,,,,,Water]Archaludon||AssaultVest|Stamina|ElectroShot,BodyPress,Snarl,FlashCannon|||F|||50|,,,,,Fighting]Sableye||EjectButton|Prankster|RainDance,Disable,Encore,ThunderWave|||F|||50|,,,,,Steel
|showteam|p2|Rillaboom||AssaultVest|GrassySurge|FakeOut,WoodHammer,HighHorsepower,GrassyGlide|||M|||50|,,,,,Fire]Kingambit||BlackGlasses|Defiant|KowtowCleave,SuckerPunch,SwordsDance,Protect|||M|||50|,,,,,Dark]Sneasler||GrassySeed|Unburden|CloseCombat,DireClaw,Protect,Coaching|||M|||50|,,,,,Stellar]Electabuzz||Eviolite|VitalSpirit|Electroweb,Taunt,FollowMe,Protect|||M|||50|,,,,,Dragon]Dragonite||LoadedDice|Multiscale|ScaleShot,Tailwind,Protect,Haze|||M|||50|,,,,,Fairy]Volcarona||CovertCloak|FlameBody|QuiverDance,TeraBlast,HeatWave,Protect|||M|||50|,,,,,Fairy
|inactive|Battle timer is ON: inactive players will automatically lose when time's up. (requested by memel894)
|
|t:|1756489584
|teamsize|p1|4
|teamsize|p2|4
|start
|switch|p1a: Toxtricity|Toxtricity-Low-Key, L50, M|100/100
|switch|p1b: Sableye|Sableye, L50, F|100/100
|switch|p2a: Electabuzz|Electabuzz, L50, M, shiny|100/100
|switch|p2b: Kingambit|Kingambit, L50, M, shiny|100/100
|turn|1
|inactive|memel894 has 30 seconds left.
|
|t:|1756489614
|move|p2a: Electabuzz|Follow Me|p2a: Electabuzz
|-singleturn|p2a: Electabuzz|move: Follow Me
|move|p1b: Sableye|Rain Dance|p1b: Sableye
|-weather|RainDance
|move|p1a: Toxtricity|Boomburst|p2b: Kingambit|[spread] p2a,p2b
|-immune|p1b: Sableye
|-crit|p2a: Electabuzz
|-resisted|p2b: Kingambit
|-damage|p2a: Electabuzz|39/100
|-damage|p2b: Kingambit|76/100
|-enditem|p1a: Toxtricity|Throat Spray
|-boost|p1a: Toxtricity|spa|1|[from] item: Throat Spray
|move|p2b: Kingambit|Swords Dance|p2b: Kingambit
|-boost|p2b: Kingambit|atk|2
|
|-weather|RainDance|[upkeep]
|upkeep
|turn|2
|
|t:|1756489635
|move|p2a: Electabuzz|Follow Me|p2a: Electabuzz
|-singleturn|p2a: Electabuzz|move: Follow Me
|move|p2b: Kingambit|Sucker Punch|p1a: Toxtricity
|-damage|p1a: Toxtricity|0 fnt
|faint|p1a: Toxtricity
|move|p1b: Sableye|Disable|p2a: Electabuzz
|-start|p2a: Electabuzz|Disable|Follow Me
|
|-weather|RainDance|[upkeep]
|upkeep
|
|t:|1756489646
|switch|p1a: Archaludon|Archaludon, L50, F|100/100
|turn|3
|
|t:|1756489660
|move|p2b: Kingambit|Protect|p2b: Kingambit
|-singleturn|p2b: Kingambit|Protect
|move|p1b: Sableye|Encore|p2a: Electabuzz
|-start|p2a: Electabuzz|Encore
|cant|p2a: Electabuzz|Disable|Follow Me
|move|p1a: Archaludon|Body Press|p2b: Kingambit
|-activate|p2b: Kingambit|move: Protect
|
|-weather|RainDance|[upkeep]
|upkeep
|turn|4
|
|t:|1756489677
|switch|p2a: Rillaboom|Rillaboom, L50, M, shiny|100/100
|-fieldstart|move: Grassy Terrain|[from] ability: Grassy Surge|[of] p2a: Rillaboom
|switch|p1b: Politoed|Politoed, L50, F|100/100
|-terastallize|p1a: Archaludon|Fighting
|-terastallize|p2b: Kingambit|Dark
|move|p2b: Kingambit|Sucker Punch|p1a: Archaludon
|-resisted|p1a: Archaludon
|-damage|p1a: Archaludon|56/100
|-ability|p1a: Archaludon|Stamina|boost
|-boost|p1a: Archaludon|def|1
|move|p1a: Archaludon|Body Press|p2b: Kingambit
|-supereffective|p2b: Kingambit
|-damage|p2b: Kingambit|0 fnt
|faint|p2b: Kingambit
|
|-weather|RainDance|[upkeep]
|-heal|p1a: Archaludon|62/100|[from] Grassy Terrain
|upkeep
|
|t:|1756489689
|switch|p2b: Sneasler|Sneasler, L50, M, shiny|100/100
|-enditem|p2b: Sneasler|Grassy Seed
|-boost|p2b: Sneasler|def|1|[from] item: Grassy Seed
|turn|5
|inactive|Bujero A subir has 30 seconds left.
|inactive|Bujero A subir has 20 seconds left.
|
|t:|1756489725
|switch|p1a: Sableye|Sableye, L50, F|100/100
|move|p2b: Sneasler|Coaching|p2a: Rillaboom
|-boost|p2a: Rillaboom|atk|1
|-boost|p2a: Rillaboom|def|1
|move|p2a: Rillaboom|Wood Hammer|p1a: Sableye
|-damage|p1a: Sableye|0 fnt
|faint|p1a: Sableye
|-damage|p2a: Rillaboom|80/100|[from] Recoil
|move|p1b: Politoed|Muddy Water|p2b: Sneasler|[spread] p2a,p2b
|-resisted|p2a: Rillaboom
|-damage|p2a: Rillaboom|65/100
|-damage|p2b: Sneasler|37/100
|
|-weather|none
|-heal|p2b: Sneasler|42/100|[from] Grassy Terrain
|-heal|p2a: Rillaboom|71/100|[from] Grassy Terrain
|upkeep
|
|t:|1756489742
|switch|p1a: Archaludon|Archaludon, L50, F, tera:Fighting|62/100
|turn|6
|
|t:|1756489764
|move|p2b: Sneasler|Dire Claw|p1b: Politoed
|-damage|p1b: Politoed|46/100
|-status|p1b: Politoed|par
|move|p2a: Rillaboom|Wood Hammer|p1a: Archaludon
|-damage|p1a: Archaludon|0 fnt
|faint|p1a: Archaludon
|-damage|p2a: Rillaboom|54/100|[from] Recoil
|move|p1b: Politoed|Weather Ball|p2b: Sneasler
|-damage|p2b: Sneasler|20/100
|
|-heal|p2b: Sneasler|26/100|[from] Grassy Terrain
|-heal|p2a: Rillaboom|60/100|[from] Grassy Terrain
|-heal|p1b: Politoed|52/100 par|[from] Grassy Terrain
|upkeep
|turn|7
|-message|memel894 forfeited.
|
|win|Bujero A subir
|l|☆memel894
|player|p1|
||Bujero A subir is ready for game 2.
||memel894 is ready for game 2.
|uhtml|next|Next: Game 2 of 3
