|j|☆test220102
|j|☆ChrisJHall13
|html|test220102ChrisJHall13    
|uhtml|bestof|Game 1 of a best-of-3
|t:|1784712075
|gametype|doubles
|player|p1|test220102|1|1139
|player|p2|ChrisJHall13|102|1237
|gen|9
|tier|[Gen 9 Champions] VGC 2026 Reg M-B (Bo3)
|rated|
|rule|Species Clause: Limit one of each Pokémon
|rule|Item Clause: Limit 1 of each item
|clearpoke
|poke|p1|Garchomp, L50, F|
|poke|p1|Venusaur, L50, M|
|poke|p1|Incineroar, L50, F|
|poke|p1|Charizard, L50, F|
|poke|p1|Toxapex, L50, M|
|poke|p1|Annihilape, L50, F|
|poke|p2|Incineroar, L50, F|
|poke|p2|Ninetales-Alola, L50, F|
|poke|p2|Gengar, L50, M|
|poke|p2|Dragonite, L50, M|
|poke|p2|Snorlax, L50, M|
|poke|p2|Scrafty, L50, M|
|teampreview|4
|showteam|p1|Garchomp||ChoiceScarf|RoughSkin|Earthquake,RockSlide,DragonClaw,StompingTantrum|Adamant||F|||50|]Venusaur||LifeOrb|Chlorophyll|SludgeBomb,SolarBeam,EarthPower,Protect|Modest||M|||50|]Incineroar||SitrusBerry|Intimidate|FakeOut,FlareBlitz,ThroatChop,PartingShot|Impish||F|||50|]Charizard||CharizarditeY|SolarPower|HeatWave,WeatherBall,Protect,HelpingHand|Modest||F|||50|]Toxapex||Leftovers|Regenerator|Infestation,Toxic,WideGuard,BanefulBunker|Bold||M|||50|]Annihilape||FocusSash|Defiant|CloseCombat,PhantomForce,RockTomb,Protect|Jolly||F|||50|
|showteam|p2|Incineroar||ShucaBerry|Intimidate|FakeOut,DarkestLariat,Protect,PartingShot|Careful||F|||50|]Ninetales-Alola||FocusSash|SnowWarning|Blizzard,Protect,Encore,Disable|Timid||F|||50|]Gengar||Gengarite|CursedBody|PerishSong,ShadowBall,Protect,SludgeBomb|Modest||M|||50|]Dragonite||LifeOrb|InnerFocus|DragonClaw,ExtremeSpeed,Protect,LowKick|Adamant||M|||50|]Snorlax||Leftovers|ThickFat|Yawn,Fissure,DoubleEdge,Protect|Relaxed||M|||50|]Scrafty||Scraftinite|Intimidate|CloseCombat,KnockOff,FakeOut,Protect|Adamant||M|||50|
|inactive|Battle timer is ON: inactive players will automatically lose when time's up. (requested by test220102)
|inactive|test220102 has 60 seconds left.
|inactive|ChrisJHall13 has 60 seconds left.
|inactive|ChrisJHall13 has 30 seconds left.
|inactive|ChrisJHall13 has 20 seconds left.
|
|t:|1784712146
|teamsize|p1|4
|teamsize|p2|4
|start
|switch|p1a: Annihilape|Annihilape, L50, F|100/100
|switch|p1b: Incineroar|Incineroar, L50, F|100/100
|switch|p2a: Incineroar|Incineroar, L50, F|100/100
|switch|p2b: Gengar|Gengar, L50, M|100/100
|-ability|p1b: Incineroar|Intimidate|boost
|-unboost|p2a: Incineroar|atk|1
|-unboost|p2b: Gengar|atk|1
|-ability|p2a: Incineroar|Intimidate|boost
|-unboost|p1a: Annihilape|atk|1
|-ability|p1a: Annihilape|Defiant|boost
|-boost|p1a: Annihilape|atk|2
|-unboost|p1b: Incineroar|atk|1
|turn|1
|inactive|ChrisJHall13 has 30 seconds left.
|
|t:|1784712177
|switch|p2a: Dragonite|Dragonite, L50, M|100/100
|detailschange|p2b: Gengar|Gengar-Mega, L50, M
|-mega|p2b: Gengar|Gengar|Gengarite
|move|p2b: Gengar|Shadow Ball|p1a: Annihilape
|-supereffective|p1a: Annihilape|1
|-enditem|p1a: Annihilape|Focus Sash
|-damage|p1a: Annihilape|1/100
|move|p1a: Annihilape|Phantom Force||[still]
|-prepare|p1a: Annihilape|Phantom Force
|move|p1b: Incineroar|Parting Shot|p2a: Dragonite
|-unboost|p2a: Dragonite|atk|1
|-unboost|p2a: Dragonite|spa|1
|
|t:|1784712189
|switch|p1b: Charizard|Charizard, L50, F|100/100|[from] Parting Shot
|
|upkeep
|turn|2
|
|t:|1784712200
|switch|p2b: Incineroar|Incineroar, L50, F|100/100
|-ability|p2b: Incineroar|Intimidate|boost
|-unboost|p1a: Annihilape|atk|1
|-ability|p1a: Annihilape|Defiant|boost
|-boost|p1a: Annihilape|atk|2
|-unboost|p1b: Charizard|atk|1
|detailschange|p1b: Charizard|Charizard-Mega-Y, L50, F
|-mega|p1b: Charizard|Charizard|Charizardite Y
|-weather|SunnyDay|[from] ability: Drought|[of] p1b: Charizard
|move|p1a: Annihilape|Phantom Force|p2b: Incineroar|[from] lockedmove
|-resisted|p2b: Incineroar|1
|-damage|p2b: Incineroar|64/100
|move|p2a: Dragonite|Dragon Claw|p1a: Annihilape
|-damage|p1a: Annihilape|0 fnt
|faint|p1a: Annihilape
|-damage|p2a: Dragonite|90/100|[from] item: Life Orb
|move|p1b: Charizard|Weather Ball|p2a: Dragonite
|-resisted|p2a: Dragonite|1
|-damage|p2a: Dragonite|44/100
|
|-weather|SunnyDay|[upkeep]
|upkeep
|
|t:|1784712216
|switch|p1a: Venusaur|Venusaur, L50, M|100/100
|turn|3
|
|t:|1784712234
|move|p1a: Venusaur|Protect|p1a: Venusaur
|-singleturn|p1a: Venusaur|Protect
|move|p2a: Dragonite|Protect|p2a: Dragonite
|-singleturn|p2a: Dragonite|Protect
|move|p1b: Charizard|Protect|p1b: Charizard
|-singleturn|p1b: Charizard|Protect
|move|p2b: Incineroar|Parting Shot|p1b: Charizard
|-activate|p1b: Charizard|move: Protect
|
|-weather|SunnyDay|[upkeep]
|upkeep
|turn|4
|
|t:|1784712253
|move|p1b: Charizard|Helping Hand|p1a: Venusaur
|-singleturn|p1a: Venusaur|Helping Hand|[of] p1b: Charizard
|move|p1a: Venusaur|Earth Power|p2b: Incineroar
|-supereffective|p2b: Incineroar|1
|-enditem|p2b: Incineroar|Shuca Berry|[eat]
|-enditem|p2b: Incineroar|Shuca Berry|[weaken]
|-damage|p2b: Incineroar|25/100
|-damage|p1a: Venusaur|90/100|[from] item: Life Orb
|move|p2a: Dragonite|Dragon Claw|p1a: Venusaur
|-damage|p1a: Venusaur|41/100
|-damage|p2a: Dragonite|34/100|[from] item: Life Orb
|move|p2b: Incineroar|Parting Shot|p1b: Charizard
|-unboost|p1b: Charizard|atk|1
|-unboost|p1b: Charizard|spa|1
|inactive|ChrisJHall13 has 30 seconds left.
|
|t:|1784712278
|switch|p2b: Gengar|Gengar-Mega, L50, M|100/100|[from] Parting Shot
|
|-weather|SunnyDay|[upkeep]
|upkeep
|turn|5
|
|t:|1784712299
|move|p2b: Gengar|Protect|p2b: Gengar
|-singleturn|p2b: Gengar|Protect
|move|p2a: Dragonite|Extreme Speed|p1b: Charizard
|-damage|p1b: Charizard|69/100
|-damage|p2a: Dragonite|24/100|[from] item: Life Orb
|move|p1a: Venusaur|Earth Power|p2b: Gengar
|-activate|p2b: Gengar|move: Protect
|move|p1b: Charizard|Weather Ball|p2a: Dragonite
|-resisted|p2a: Dragonite|1
|-damage|p2a: Dragonite|0 fnt
|faint|p2a: Dragonite
|
|-weather|SunnyDay|[upkeep]
|upkeep
|
|t:|1784712310
|switch|p2a: Ninetales|Ninetales-Alola, L50, F|100/100
|-weather|Snowscape|[from] ability: Snow Warning|[of] p2a: Ninetales
|turn|6
|
|t:|1784712326
|move|p1a: Venusaur|Protect|p1a: Venusaur
|-singleturn|p1a: Venusaur|Protect
|move|p2b: Gengar|Sludge Bomb|p1b: Charizard
|-damage|p1b: Charizard|27/100
|-status|p1b: Charizard|psn
|move|p2a: Ninetales|Blizzard|p1b: Charizard|[spread] p1b
|-activate|p1a: Venusaur|move: Protect
|-damage|p1b: Charizard|1/100 psn
|move|p1b: Charizard|Heat Wave|p2b: Gengar|[spread] p2a
|-miss|p1b: Charizard|p2b: Gengar
|-supereffective|p2a: Ninetales|1
|-damage|p2a: Ninetales|18/100
|
|-weather|Snowscape|[upkeep]
|-damage|p1b: Charizard|0 fnt|[from] psn
|faint|p1b: Charizard
|upkeep
|
|t:|1784712330
|switch|p1b: Incineroar|Incineroar, L50, F|100/100
|-ability|p1b: Incineroar|Intimidate|boost
|-unboost|p2a: Ninetales|atk|1
|-unboost|p2b: Gengar|atk|1
|turn|7
|inactive|ChrisJHall13 has 30 seconds left.
|
|t:|1784712360
|move|p2b: Gengar|Protect|p2b: Gengar
|-singleturn|p2b: Gengar|Protect
|move|p2a: Ninetales|Protect|p2a: Ninetales
|-singleturn|p2a: Ninetales|Protect
|move|p1a: Venusaur|Earth Power|p2b: Gengar
|-activate|p2b: Gengar|move: Protect
|move|p1b: Incineroar|Throat Chop|p2b: Gengar
|-activate|p2b: Gengar|move: Protect
|
|-weather|Snowscape|[upkeep]
|upkeep
|turn|8
|inactive|ChrisJHall13 has 30 seconds left.
|
|t:|1784712395
|switch|p2a: Incineroar|Incineroar, L50, F|25/100
|-ability|p2a: Incineroar|Intimidate|boost
|-unboost|p1a: Venusaur|atk|1
|-unboost|p1b: Incineroar|atk|1
|move|p2b: Gengar|Sludge Bomb|p1a: Venusaur
|-damage|p1a: Venusaur|0 fnt
|faint|p1a: Venusaur
|move|p1b: Incineroar|Throat Chop|p2b: Gengar
|-supereffective|p2b: Gengar|1
|-damage|p2b: Gengar|44/100
|-start|p2b: Gengar|Throat Chop|[silent]
|
|-weather|Snowscape|[upkeep]
|upkeep
|turn|9
|inactive|test220102 has 30 seconds left.
|
|t:|1784712423
|move|p2b: Gengar|Protect|p2b: Gengar
|-singleturn|p2b: Gengar|Protect
|move|p1b: Incineroar|Flare Blitz|p2a: Incineroar
|-resisted|p2a: Incineroar|1
|-crit|p2a: Incineroar
|-damage|p2a: Incineroar|0 fnt
|faint|p2a: Incineroar
|-damage|p1b: Incineroar|91/100|[from] Recoil
|
|-weather|Snowscape|[upkeep]
|-end|p2b: Gengar|Throat Chop|[silent]
|upkeep
|
|t:|1784712431
|switch|p2a: Ninetales|Ninetales-Alola, L50, F|18/100
|turn|10
|
|t:|1784712453
|move|p2b: Gengar|Sludge Bomb|p1b: Incineroar
|-damage|p1b: Incineroar|48/100
|-status|p1b: Incineroar|psn
|-enditem|p1b: Incineroar|Sitrus Berry|[eat]
|-heal|p1b: Incineroar|73/100 psn|[from] item: Sitrus Berry
|move|p2a: Ninetales|Encore|p1b: Incineroar
|-start|p1b: Incineroar|Encore
|move|p1b: Incineroar|Flare Blitz|p2a: Ninetales
|-supereffective|p2a: Ninetales|1
|-damage|p2a: Ninetales|0 fnt
|faint|p2a: Ninetales
|-damage|p1b: Incineroar|68/100 psn|[from] Recoil
|
|-weather|none
|-damage|p1b: Incineroar|56/100 psn|[from] psn
|upkeep
|turn|11
|
|t:|1784712467
|move|p2b: Gengar|Protect|p2b: Gengar
|-singleturn|p2b: Gengar|Protect
|move|p1b: Incineroar|Flare Blitz|p2b: Gengar
|-activate|p2b: Gengar|move: Protect
|
|-damage|p1b: Incineroar|44/100 psn|[from] psn
|upkeep
|turn|12
|
|t:|1784712475
|move|p2b: Gengar|Sludge Bomb|p1b: Incineroar
|-damage|p1b: Incineroar|0 fnt
|faint|p1b: Incineroar
|
|win|ChrisJHall13
||ChrisJHall13 is ready for game 2.
||test220102 is ready for game 2.
|uhtml|next|Next: Game 2 of 3
|l|☆test220102
|player|p1|
