|j|☆kanonkugle
|j|☆Sky_Yagami95
|html|kanonkugleSky_Yagami95    
|uhtml|bestof|Game 1 of a best-of-3
|t:|1783324546
|gametype|doubles
|player|p1|kanonkugle|unknown|
|player|p2|Sky_Yagami95|riley|
|gen|9
|tier|[Gen 9 Champions] VGC 2026 Reg M-B (Bo3)
|rule|Species Clause: Limit one of each Pokémon
|rule|Item Clause: Limit 1 of each item
|clearpoke
|poke|p1|Pelipper, L50, M|
|poke|p1|Eelektross, L50, F|
|poke|p1|Basculegion-F, L50, F|
|poke|p1|Politoed, L50, M|
|poke|p1|Roserade, L50, M|
|poke|p1|Archaludon, L50, M|
|poke|p2|Lycanroc, L50, M|
|poke|p2|Lucario, L50, M|
|poke|p2|Goodra, L50, M|
|poke|p2|Samurott-Hisui, L50, M|
|poke|p2|Altaria, L50, F|
|poke|p2|Umbreon, L50, M|
|teampreview|4
|showteam|p1|Pelipper||DampRock|Drizzle|Hurricane,HydroPump,Tailwind,Uturn|Modest||M|||50|]Eelektross||Eelektrossite|Levitate|Thunder,Liquidation,ThunderWave,Coil|Hasty||F|||50|]Basculegion-F||LifeOrb|SwiftSwim|LastRespects,Waterfall,AquaJet,IceFang|Adamant||F|||50|]Politoed||Leftovers|Drizzle|HelpingHand,IcyWind,HydroPump,Rest|Modest||M|||50|]Roserade||BigRoot|PoisonPoint|LeechSeed,Toxic,SludgeBomb,GigaDrain|Calm||M|||50|]Archaludon||SitrusBerry|Stamina|ElectroShot,FlashCannon,AuraSphere,Protect|Timid||M|||50|
|showteam|p2|Lycanroc||FocusSash|KeenEye|PlayRough,DrillRun,Endeavor,SuckerPunch|Jolly||M|||50|]Lucario||Lucarionite|InnerFocus|CloseCombat,MeteorMash,BulletPunch,BrickBreak|Jolly||M|||50|]Goodra||DampRock|Hydration|RainDance,DracoMeteor,Toxic,Rest|Calm||M|||50|]Samurott-Hisui||MentalHerb|Sharpness|AquaCutter,AirSlash,NightSlash,SacredSword|Naive||M|||50|]Altaria||Altarianite|CloudNine|DracoMeteor,BraveBird,Facade,AlluringVoice|Rash||F|||50|]Umbreon||LumBerry|Synchronize|Toxic,Substitute,Moonlight,DarkPulse|Calm||M|||50|
|j| Sculked
|
|t:|1783324618
|teamsize|p1|4
|teamsize|p2|4
|start
|switch|p1a: Pelipper|Pelipper, L50, M|100/100
|switch|p1b: Archaludon|Archaludon, L50, M|100/100
|switch|p2a: Goodra|Goodra, L50, M|100/100
|switch|p2b: Umbreon|Umbreon, L50, M|100/100
|-weather|RainDance|[from] ability: Drizzle|[of] p1a: Pelipper
|turn|1
|c|☆kanonkugle|glgl
|
|t:|1783324651
|move|p1b: Archaludon|Aura Sphere|p2b: Umbreon
|-supereffective|p2b: Umbreon|1
|-damage|p2b: Umbreon|70/100
|move|p2a: Goodra|Draco Meteor|p1b: Archaludon
|-damage|p1b: Archaludon|26/100
|-unboost|p2a: Goodra|spa|2
|-ability|p1b: Archaludon|Stamina|boost
|-boost|p1b: Archaludon|def|1
|-enditem|p1b: Archaludon|Sitrus Berry|[eat]
|-heal|p1b: Archaludon|50/100g|[from] item: Sitrus Berry
|move|p2b: Umbreon|Substitute|p2b: Umbreon
|-start|p2b: Umbreon|Substitute
|-damage|p2b: Umbreon|45/100
|move|p1a: Pelipper|Tailwind|p1a: Pelipper
|-sidestart|p1: kanonkugle|move: Tailwind
|
|-weather|RainDance|[upkeep]
|upkeep
|turn|2
|
|t:|1783324686
|move|p1b: Archaludon|Protect|p1b: Archaludon
|-singleturn|p1b: Archaludon|Protect
|move|p1a: Pelipper|U-turn|p2b: Umbreon
|-supereffective|p2b: Umbreon|1
|-activate|p2b: Umbreon|move: Substitute|[damage]
|
|t:|1783324691
|switch|p1a: Politoed|Politoed, L50, M|100/100|[from] U-turn
|move|p2a: Goodra|Draco Meteor|p1b: Archaludon
|-activate|p1b: Archaludon|move: Protect
|move|p2b: Umbreon|Toxic|p1a: Politoed
|-status|p1a: Politoed|tox
|
|-weather|RainDance|[upkeep]
|-damage|p1a: Politoed|93/100 tox|[from] psn
|upkeep
|turn|3
|
|t:|1783324712
|move|p1a: Politoed|Helping Hand|p1b: Archaludon
|-singleturn|p1b: Archaludon|Helping Hand|[of] p1a: Politoed
|move|p1b: Archaludon|Electro Shot||[still]
|-prepare|p1b: Archaludon|Electro Shot
|-boost|p1b: Archaludon|spa|1
|-anim|p1b: Archaludon|Electro Shot|p2a: Goodra
|-resisted|p2a: Goodra|1
|-damage|p2a: Goodra|76/100
|move|p2a: Goodra|Draco Meteor|p1b: Archaludon
|-damage|p1b: Archaludon|16/100
|-unboost|p2a: Goodra|spa|2
|-ability|p1b: Archaludon|Stamina|boost
|-boost|p1b: Archaludon|def|1
|move|p2b: Umbreon|Moonlight|p2b: Umbreon
|-heal|p2b: Umbreon|70/100
|
|-weather|RainDance|[upkeep]
|-heal|p1a: Politoed|100/100 tox|[from] item: Leftovers
|-damage|p1a: Politoed|87/100 tox|[from] psn
|upkeep
|turn|4
|
|t:|1783324747
|move|p1b: Archaludon|Protect|p1b: Archaludon
|-singleturn|p1b: Archaludon|Protect
|move|p1a: Politoed|Icy Wind|p2a: Goodra|[spread] p2a,p2b
|-activate|p2b: Umbreon|move: Substitute|[damage]
|-supereffective|p2a: Goodra|1
|-damage|p2a: Goodra|63/100
|-unboost|p2a: Goodra|spe|1
|move|p2b: Umbreon|Dark Pulse|p1a: Politoed
|-damage|p1a: Politoed|69/100 tox
|move|p2a: Goodra|Draco Meteor|p1b: Archaludon
|-activate|p1b: Archaludon|move: Protect
|
|-weather|RainDance|[upkeep]
|-heal|p1a: Politoed|75/100 tox|[from] item: Leftovers
|-damage|p1a: Politoed|57/100 tox|[from] psn
|-sideend|p1: kanonkugle|move: Tailwind
|upkeep
|turn|5
|
|t:|1783324788
|move|p1b: Archaludon|Flash Cannon|p2a: Goodra
|-damage|p2a: Goodra|30/100
|move|p1a: Politoed|Hydro Pump|p2a: Goodra|[miss]
|-miss|p1a: Politoed|p2a: Goodra
|move|p2b: Umbreon|Moonlight|p2b: Umbreon
|-heal|p2b: Umbreon|95/100
|move|p2a: Goodra|Draco Meteor|p1b: Archaludon
|-damage|p1b: Archaludon|0 fnt
|-unboost|p2a: Goodra|spa|2
|faint|p1b: Archaludon
|
|-weather|RainDance|[upkeep]
|-heal|p1a: Politoed|63/100 tox|[from] item: Leftovers
|-damage|p1a: Politoed|39/100 tox|[from] psn
|upkeep
|
|t:|1783324797
|switch|p1b: Pelipper|Pelipper, L50, M|100/100
|turn|6
|
|t:|1783324817
|switch|p1a: Eelektross|Eelektross, L50, F|100/100
|move|p2b: Umbreon|Toxic|p1b: Pelipper
|-status|p1b: Pelipper|tox
|move|p1b: Pelipper|Tailwind|p1b: Pelipper
|-sidestart|p1: kanonkugle|move: Tailwind
|move|p2a: Goodra|Rest|p2a: Goodra
|-status|p2a: Goodra|slp|[from] move: Rest
|-heal|p2a: Goodra|100/100 slp|[silent]
|
|-weather|RainDance|[upkeep]
|-activate|p2a: Goodra|ability: Hydration
|-curestatus|p2a: Goodra|slp|[msg]
|-damage|p1b: Pelipper|94/100 tox|[from] psn
|upkeep
|turn|7
|
|t:|1783324863
|move|p1a: Eelektross|Thunder Wave|p2a: Goodra
|-status|p2a: Goodra|par
|move|p1b: Pelipper|Hurricane|p2a: Goodra
|-damage|p2a: Goodra|73/100 par
|move|p2b: Umbreon|Toxic|p1a: Eelektross
|-status|p1a: Eelektross|tox
|move|p2a: Goodra|Draco Meteor|p1a: Eelektross
|-damage|p1a: Eelektross|84/100 tox
|
|-weather|RainDance|[upkeep]
|-activate|p2a: Goodra|ability: Hydration
|-curestatus|p2a: Goodra|par|[msg]
|-damage|p1a: Eelektross|78/100 tox|[from] psn
|-damage|p1b: Pelipper|82/100 tox|[from] psn
|upkeep
|turn|8
|
|t:|1783324899
|detailschange|p1a: Eelektross|Eelektross-Mega, L50, F
|-mega|p1a: Eelektross|Eelektross|Eelektrossite
|move|p1a: Eelektross|Thunder|p2a: Goodra
|-resisted|p2a: Goodra|1
|-damage|p2a: Goodra|61/100
|-status|p2a: Goodra|par
|move|p1b: Pelipper|Hurricane|p2a: Goodra
|-damage|p2a: Goodra|35/100 par
|move|p2b: Umbreon|Dark Pulse|p1b: Pelipper
|-damage|p1b: Pelipper|55/100 tox
|cant|p2a: Goodra|par
|
|-weather|none
|-damage|p1a: Eelektross|65/100 tox|[from] psn
|-damage|p1b: Pelipper|37/100 tox|[from] psn
|upkeep
|turn|9
|
|t:|1783324925
|move|p1a: Eelektross|Thunder|p2a: Goodra
|-resisted|p2a: Goodra|1
|-damage|p2a: Goodra|24/100 par
|move|p1b: Pelipper|Hydro Pump|p2a: Goodra
|-resisted|p2a: Goodra|1
|-damage|p2a: Goodra|10/100 par
|move|p2b: Umbreon|Dark Pulse|p1a: Eelektross
|-damage|p1a: Eelektross|41/100 tox
|move|p2a: Goodra|Rain Dance|p2a: Goodra
|-weather|RainDance
|
|-weather|RainDance|[upkeep]
|-activate|p2a: Goodra|ability: Hydration
|-curestatus|p2a: Goodra|par|[msg]
|-damage|p1a: Eelektross|22/100 tox|[from] psn
|-damage|p1b: Pelipper|13/100 tox|[from] psn
|-sideend|p1: kanonkugle|move: Tailwind
|upkeep
|turn|10
|
|t:|1783324950
|move|p1a: Eelektross|Thunder|p2a: Goodra
|-resisted|p2a: Goodra|1
|-crit|p2a: Goodra
|-damage|p2a: Goodra|0 fnt
|faint|p2a: Goodra
|-ability|p1a: Eelektross|Eelevate|boost
|-boost|p1a: Eelektross|atk|1
|move|p1b: Pelipper|Hurricane|p2b: Umbreon
|-end|p2b: Umbreon|Substitute
|move|p2b: Umbreon|Dark Pulse|p1b: Pelipper
|-damage|p1b: Pelipper|0 fnt
|faint|p1b: Pelipper
|
|-weather|RainDance|[upkeep]
|-damage|p1a: Eelektross|0 fnt|[from] psn
|faint|p1a: Eelektross
|upkeep
|c|☆kanonkugle|gg
|
|t:|1783324972
|switch|p1a: Politoed|Politoed, L50, M|39/100 tox
|switch|p2a: Altaria|Altaria, L50, F|100/100
|-ability|p2a: Altaria|Cloud Nine
|turn|11
|
|t:|1783324997
|move|p2a: Altaria|Draco Meteor|p1a: Politoed
|-damage|p1a: Politoed|2/100 tox
|-unboost|p2a: Altaria|spa|2
|move|p1a: Politoed|Rest|p1a: Politoed
|-status|p1a: Politoed|slp|[from] move: Rest
|-heal|p1a: Politoed|100/100 slp|[silent]
|move|p2b: Umbreon|Dark Pulse|p1a: Politoed
|-damage|p1a: Politoed|83/100 slp
|
|-weather|RainDance|[upkeep]
|-heal|p1a: Politoed|89/100 slp|[from] item: Leftovers
|upkeep
|turn|12
|
|t:|1783325017
|move|p2a: Altaria|Draco Meteor|p1a: Politoed
|-damage|p1a: Politoed|69/100 slp
|-unboost|p2a: Altaria|spa|2
|cant|p1a: Politoed|slp
|move|p2b: Umbreon|Dark Pulse|p1a: Politoed
|-damage|p1a: Politoed|51/100 slp
|
|-weather|RainDance|[upkeep]
|-heal|p1a: Politoed|57/100 slp|[from] item: Leftovers
|upkeep
|turn|13
|
|t:|1783325034
|move|p2a: Altaria|Brave Bird|p1a: Politoed
|-damage|p1a: Politoed|14/100 slp
|-damage|p2a: Altaria|83/100|[from] Recoil
|cant|p1a: Politoed|slp
|move|p2b: Umbreon|Dark Pulse|p1a: Politoed
|-damage|p1a: Politoed|0 fnt
|faint|p1a: Politoed
|
|win|Sky_Yagami95
||kanonkugle is ready for game 2.
|inactive|Sky_Yagami95 has 30 seconds to confirm battle start!
|inactive|Sky_Yagami95 has 20 seconds to confirm battle start!
|inactive|Sky_Yagami95 has 10 seconds to confirm battle start!
|c|☆kanonkugle|confirme..
|uhtml|next|Next: Game 2 of 3
|l|☆Sky_Yagami95
|player|p2|
