|j|☆EmanuelaOrlandiVGC
|j|☆azelflux
|html|EmanuelaOrlandiVGCazelflux    
|uhtml|bestof|Game 3 of a best-of-3
|t:|1782727172
|gametype|doubles
|player|p1|EmanuelaOrlandiVGC|kieran-champion|1231
|player|p2|azelflux|cynthia|1138
|gen|9
|tier|[Gen 9 Champions] VGC 2026 Reg M-B (Bo3)
|rated|
|rule|Species Clause: Limit one of each Pokémon
|rule|Item Clause: Limit 1 of each item
|clearpoke
|poke|p1|Sneasler, L50, F|
|poke|p1|Delphox, L50, M|
|poke|p1|Kingambit, L50, M|
|poke|p1|Sinistcha, L50|
|poke|p1|Incineroar, L50, F|
|poke|p1|Floette-Eternal, L50, F|
|poke|p2|Incineroar, L50, M|
|poke|p2|Sinistcha-Masterpiece, L50|
|poke|p2|Floette-Eternal, L50, F|
|poke|p2|Garchomp, L50, M|
|poke|p2|Charizard, L50, F|
|poke|p2|Venusaur, L50, M|
|teampreview|4
|showteam|p1|Sneasler||FocusSash|PoisonTouch|FakeOut,CloseCombat,QuickGuard,DireClaw|Jolly||F|||50|]Delphox||Delphoxite|Blaze|HeatWave,Psyshock,Protect,NastyPlot|Timid||M|||50|]Kingambit||BlackGlasses|Defiant|KowtowCleave,SwordsDance,SuckerPunch,Protect|Adamant||M|||50|]Sinistcha||KasibBerry|Hospitality|MatchaGotcha,RagePowder,TrickRoom,Protect|Bold|||||50|]Incineroar||SitrusBerry|Intimidate|FakeOut,PartingShot,ThroatChop,FlareBlitz|Careful||F|||50|]Floette-Eternal||Floettite|FlowerVeil|Moonblast,DazzlingGleam,CalmMind,Protect|Modest||F|||50|
|showteam|p2|Incineroar||SitrusBerry|Intimidate|FlareBlitz,FakeOut,PartingShot,ThroatChop|Careful||M|||50|]Sinistcha-Masterpiece||KasibBerry|Hospitality|MatchaGotcha,RagePowder,TrickRoom,Protect|Relaxed|||||50|]Floette-Eternal||Floettite|FlowerVeil|Moonblast,DazzlingGleam,CalmMind,Protect|Modest||F|||50|]Garchomp||ChoiceScarf|RoughSkin|RockSlide,Earthquake,DragonClaw,StompingTantrum|Adamant||M|||50|]Charizard||CharizarditeY|Blaze|HeatWave,SolarBeam,WeatherBall,Protect|Modest||F|||50|]Venusaur||FocusSash|Chlorophyll|SludgeBomb,EarthPower,SleepPowder,Protect|Timid||M|||50|
|inactive|Battle timer is ON: inactive players will automatically lose when time's up. (requested by EmanuelaOrlandiVGC)
|
|t:|1782727211
|teamsize|p1|4
|teamsize|p2|4
|start
|switch|p1a: Incineroar|Incineroar, L50, F|100/100
|switch|p1b: Delphox|Delphox, L50, M|100/100
|switch|p2a: Charizard|Charizard, L50, F|100/100
|switch|p2b: Venusaur|Venusaur, L50, M|100/100
|-ability|p1a: Incineroar|Intimidate|boost
|-unboost|p2a: Charizard|atk|1
|-unboost|p2b: Venusaur|atk|1
|turn|1
|inactive|EmanuelaOrlandiVGC has 30 seconds left.
|inactive|azelflux has 30 seconds left.
|inactive|EmanuelaOrlandiVGC has 20 seconds left.
|
|t:|1782727247
|detailschange|p1b: Delphox|Delphox-Mega, L50, M
|-mega|p1b: Delphox|Delphox|Delphoxite
|detailschange|p2a: Charizard|Charizard-Mega-Y, L50, F
|-mega|p2a: Charizard|Charizard|Charizardite Y
|-weather|SunnyDay|[from] ability: Drought|[of] p2a: Charizard
|move|p2b: Venusaur|Protect|p2b: Venusaur
|-singleturn|p2b: Venusaur|Protect
|move|p1a: Incineroar|Fake Out|p2b: Venusaur
|-activate|p2b: Venusaur|move: Protect
|move|p1b: Delphox|Nasty Plot|p1b: Delphox
|-boost|p1b: Delphox|spa|2
|move|p2a: Charizard|Heat Wave|p1b: Delphox|[spread] p1a,p1b
|-resisted|p1a: Incineroar|1
|-resisted|p1b: Delphox|1
|-damage|p1a: Incineroar|76/100
|-damage|p1b: Delphox|72/100
|
|-weather|SunnyDay|[upkeep]
|upkeep
|turn|2
|inactive|azelflux has 30 seconds left.
|
|t:|1782727281
|move|p1b: Delphox|Protect|p1b: Delphox
|-singleturn|p1b: Delphox|Protect
|move|p2b: Venusaur|Earth Power|p1a: Incineroar
|-supereffective|p1a: Incineroar|1
|-damage|p1a: Incineroar|31/100
|-enditem|p1a: Incineroar|Sitrus Berry|[eat]
|-heal|p1a: Incineroar|56/100|[from] item: Sitrus Berry
|move|p2a: Charizard|Weather Ball|p1a: Incineroar
|-resisted|p1a: Incineroar|1
|-damage|p1a: Incineroar|21/100
|move|p1a: Incineroar|Flare Blitz|p2b: Venusaur
|-supereffective|p2b: Venusaur|1
|-enditem|p2b: Venusaur|Focus Sash
|-damage|p2b: Venusaur|1/100
|-damage|p1a: Incineroar|0 fnt|[from] Recoil
|faint|p1a: Incineroar
|
|-weather|SunnyDay|[upkeep]
|upkeep
|
|t:|1782727300
|switch|p1a: Sneasler|Sneasler, L50, F|100/100
|turn|3
|
|t:|1782727306
|move|p2b: Venusaur|Protect|p2b: Venusaur
|-singleturn|p2b: Venusaur|Protect
|move|p2a: Charizard|Protect|p2a: Charizard
|-singleturn|p2a: Charizard|Protect
|move|p1a: Sneasler|Fake Out|p2b: Venusaur
|-activate|p2b: Venusaur|move: Protect
|move|p1b: Delphox|Psyshock|p2a: Charizard
|-activate|p2a: Charizard|move: Protect
|
|-weather|SunnyDay|[upkeep]
|upkeep
|turn|4
|inactive|azelflux has 30 seconds left.
|inactive|azelflux has 20 seconds left.
|inactive|azelflux has 15 seconds left.
|inactive|azelflux has 10 seconds left.
|inactive|azelflux has 5 seconds left.
|
|t:|1782727359
|move|p1b: Delphox|Protect|p1b: Delphox
|-singleturn|p1b: Delphox|Protect
|move|p2b: Venusaur|Sleep Powder|p1a: Sneasler
|-status|p1a: Sneasler|slp|[from] move: Sleep Powder
|cant|p1a: Sneasler|slp
|move|p2a: Charizard|Heat Wave|p1b: Delphox|[spread] p1a
|-activate|p1b: Delphox|move: Protect
|-damage|p1a: Sneasler|19/100 slp
|
|-weather|SunnyDay|[upkeep]
|upkeep
|turn|5
|
|t:|1782727370
|move|p2b: Venusaur|Sleep Powder|p1b: Delphox
|-status|p1b: Delphox|slp|[from] move: Sleep Powder
|cant|p1b: Delphox|slp
|cant|p1a: Sneasler|slp
|move|p2a: Charizard|Heat Wave|p1a: Sneasler|[spread] p1a
|-miss|p2a: Charizard|p1b: Delphox
|-damage|p1a: Sneasler|0 fnt
|faint|p1a: Sneasler
|
|-weather|none
|upkeep
|
|t:|1782727376
|switch|p1a: Kingambit|Kingambit, L50, M|100/100
|turn|6
|
|t:|1782727393
|move|p2b: Venusaur|Protect|p2b: Venusaur
|-singleturn|p2b: Venusaur|Protect
|move|p1a: Kingambit|Sucker Punch||[still]
|-fail|p1a: Kingambit
|cant|p1b: Delphox|slp
|move|p2a: Charizard|Heat Wave|p1b: Delphox|[spread] p1a,p1b
|-supereffective|p1a: Kingambit|1
|-resisted|p1b: Delphox|1
|-damage|p1a: Kingambit|15/100
|-damage|p1b: Delphox|54/100 slp
|
|upkeep
|turn|7
|inactive|EmanuelaOrlandiVGC has 30 seconds left.
|inactive|azelflux has 30 seconds left.
|
|t:|1782727423
|switch|p2b: Sinistcha|Sinistcha-Masterpiece, L50|100/100
|move|p1a: Kingambit|Sucker Punch||[still]
|-fail|p1a: Kingambit
|-curestatus|p1b: Delphox|slp|[msg]
|move|p1b: Delphox|Psyshock|p2a: Charizard
|-damage|p2a: Charizard|3/100
|move|p2a: Charizard|Heat Wave|p1a: Kingambit|[spread] p1a,p1b
|-supereffective|p1a: Kingambit|1
|-resisted|p1b: Delphox|1
|-damage|p1a: Kingambit|0 fnt
|-damage|p1b: Delphox|35/100
|faint|p1a: Kingambit
|
|upkeep
|turn|8
|-message|EmanuelaOrlandiVGC forfeited.
|
|win|azelflux
|raw|EmanuelaOrlandiVGC's rating: 1231 → 1199(-32 for losing)
|raw|azelflux's rating: 1138 → 1170(+32 for winning)
|l|☆EmanuelaOrlandiVGC
|player|p1|
|c|☆azelflux|gg
