|j|☆moki7
|j|☆joyfulwizard
|html|moki7joyfulwizard    
|uhtml|bestof|Game 1 of a best-of-3
|t:|1783615634
|gametype|doubles
|player|p1|moki7|ninjaboy|1168
|player|p2|joyfulwizard|cheren-gen5bw2|1264
|gen|9
|tier|[Gen 9 Champions] VGC 2026 Reg M-B (Bo3)
|rated|
|rule|Species Clause: Limit one of each Pokémon
|rule|Item Clause: Limit 1 of each item
|clearpoke
|poke|p1|Garchomp, L50, M|
|poke|p1|Meganium, L50, M|
|poke|p1|Sneasler, L50, F|
|poke|p1|Toxapex, L50, M|
|poke|p1|Tyranitar, L50, M|
|poke|p1|Aerodactyl, L50, F|
|poke|p2|Charizard, L50, M|
|poke|p2|Garchomp, L50, M|
|poke|p2|Aerodactyl, L50, M|
|poke|p2|Farigiraf, L50, F|
|poke|p2|Sylveon, L50, F|
|poke|p2|Kingambit, L50, M|
|teampreview|4
|showteam|p1|Garchomp||LifeOrb|RoughSkin|Earthquake,DragonClaw,StompingTantrum,Protect|Jolly||M|||50|]Meganium||Meganiumite|LeafGuard|Protect,SolarBeam,WeatherBall,DazzlingGleam|Modest||M|||50|]Sneasler||WhiteHerb|Unburden|CloseCombat,DireClaw,FakeOut,Protect|Jolly||F|||50|]Toxapex||Leftovers|Regenerator|BanefulBunker,Toxic,Infestation,Recover|Bold||M|||50|]Tyranitar||Tyranitarite|SandStream|RockSlide,Protect,KnockOff,DragonDance|Adamant||M|||50|]Aerodactyl||FocusSash|Unnerve|RockSlide,DualWingbeat,Tailwind,Protect|Jolly||F|||50|
|showteam|p2|Charizard||CharizarditeY|Blaze|Protect,SolarBeam,HeatWave,WeatherBall|Modest||M|||50|]Garchomp||LifeOrb|SandVeil|Protect,Earthquake,DragonClaw,StompingTantrum|Jolly||M|||50|]Aerodactyl||Aerodactylite|Unnerve|IceFang,RockSlide,DualWingbeat,Tailwind|Jolly||M|||50|]Farigiraf||SitrusBerry|ArmorTail|SunnyDay,PsychicFangs,TrickRoom,Thunderbolt|Relaxed||F|||50|]Sylveon||FairyFeather|Pixilate|Detect,HyperBeam,HyperVoice,QuickAttack|Modest||F|||50|]Kingambit||FocusSash|Defiant|SuckerPunch,LowKick,IronHead,KowtowCleave|Adamant||M|||50|
|inactive|Battle timer is ON: inactive players will automatically lose when time's up. (requested by moki7)
|inactive|moki7 has 60 seconds left.
|inactive|joyfulwizard has 60 seconds left.
|
|t:|1783615684
|teamsize|p1|4
|teamsize|p2|4
|start
|switch|p1a: Tyranitar|Tyranitar, L50, M|100/100
|switch|p1b: Aerodactyl|Aerodactyl, L50, F|100/100
|switch|p2a: Aerodactyl|Aerodactyl, L50, M|100/100
|switch|p2b: Garchomp|Garchomp, L50, M|100/100
|-ability|p2a: Aerodactyl|Unnerve
|-ability|p1b: Aerodactyl|Unnerve
|-weather|Sandstorm|[from] ability: Sand Stream|[of] p1a: Tyranitar
|turn|1
|inactive|moki7 has 30 seconds left.
|
|t:|1783615710
|detailschange|p2a: Aerodactyl|Aerodactyl-Mega, L50, M
|-mega|p2a: Aerodactyl|Aerodactyl|Aerodactylite
|move|p1a: Tyranitar|Protect|p1a: Tyranitar
|-singleturn|p1a: Tyranitar|Protect
|move|p2a: Aerodactyl|Rock Slide|p1b: Aerodactyl|[spread] p1b
|-activate|p1a: Tyranitar|move: Protect
|-supereffective|p1b: Aerodactyl|1
|-damage|p1b: Aerodactyl|15/100
|move|p1b: Aerodactyl|Tailwind|p1b: Aerodactyl
|-sidestart|p1: moki7|move: Tailwind
|move|p2b: Garchomp|Stomping Tantrum|p1a: Tyranitar
|-activate|p1a: Tyranitar|move: Protect
|
|-weather|Sandstorm|[upkeep]
|upkeep
|turn|2
|inactive|moki7 has 30 seconds left.
|
|t:|1783615739
|detailschange|p1a: Tyranitar|Tyranitar-Mega, L50, M
|-mega|p1a: Tyranitar|Tyranitar|Tyranitarite
|move|p1b: Aerodactyl|Rock Slide|p2b: Garchomp|[spread] p2a
|-miss|p1b: Aerodactyl|p2b: Garchomp
|-supereffective|p2a: Aerodactyl|1
|-damage|p2a: Aerodactyl|44/100
|cant|p2a: Aerodactyl|flinch
|move|p1a: Tyranitar|Rock Slide|p2a: Aerodactyl|[spread] p2a,p2b
|-supereffective|p2a: Aerodactyl|1
|-resisted|p2b: Garchomp|1
|-damage|p2a: Aerodactyl|0 fnt
|-damage|p2b: Garchomp|82/100
|faint|p2a: Aerodactyl
|cant|p2b: Garchomp|flinch
|
|-weather|Sandstorm|[upkeep]
|upkeep
|
|t:|1783615754
|switch|p2a: Kingambit|Kingambit, L50, M|100/100
|turn|3
|inactive|moki7 has 30 seconds left.
|inactive|moki7 has 20 seconds left.
|inactive|moki7 has 15 seconds left.
|
|t:|1783615794
|switch|p1b: Garchomp|Garchomp, L50, M|100/100
|move|p1a: Tyranitar|Knock Off|p2b: Garchomp|[miss]
|-miss|p1a: Tyranitar|p2b: Garchomp
|move|p2b: Garchomp|Stomping Tantrum|p1b: Garchomp
|-damage|p1b: Garchomp|8/100
|-damage|p2b: Garchomp|70/100|[from] ability: Rough Skin|[of] p1b: Garchomp
|-damage|p2b: Garchomp|60/100|[from] item: Life Orb
|move|p2a: Kingambit|Iron Head|p1b: Garchomp
|-damage|p1b: Garchomp|0 fnt
|-damage|p2a: Kingambit|87/100|[from] ability: Rough Skin|[of] p1b: Garchomp
|faint|p1b: Garchomp
|
|-weather|Sandstorm|[upkeep]
|upkeep
|
|t:|1783615808
|switch|p1b: Toxapex|Toxapex, L50, M|100/100
|turn|4
|c|☆joyfulwizard|thats genuinely a teamsheet error xddd
|inactive|joyfulwizard has 30 seconds left.
|c|☆joyfulwizard|i forgot to change it to rough skin lol
|inactive|joyfulwizard has 20 seconds left.
|inactive|joyfulwizard has 15 seconds left.
|
|t:|1783615849
|move|p1a: Tyranitar|Protect|p1a: Tyranitar
|-singleturn|p1a: Tyranitar|Protect
|move|p2b: Garchomp|Stomping Tantrum|p1b: Toxapex
|-supereffective|p1b: Toxapex|1
|-damage|p1b: Toxapex|33/100
|-damage|p2b: Garchomp|51/100|[from] item: Life Orb
|move|p1b: Toxapex|Infestation|p2b: Garchomp
|-damage|p2b: Garchomp|47/100
|-activate|p2b: Garchomp|move: Infestation|[of] p1b: Toxapex
|move|p2a: Kingambit|Iron Head|p1a: Tyranitar
|-activate|p1a: Tyranitar|move: Protect
|
|-weather|Sandstorm|[upkeep]
|-damage|p1b: Toxapex|28/100|[from] Sandstorm
|-heal|p1b: Toxapex|33/100|[from] item: Leftovers
|-damage|p2b: Garchomp|35/100|[from] move: Infestation|[partiallytrapped]
|-sideend|p1: moki7|move: Tailwind
|upkeep
|turn|5
|c|☆moki7|Lol
|c|☆moki7|I mean I WAS surprised XDDDD
|inactive|moki7 has 30 seconds left.
|c|☆joyfulwizard|hahahahaah
|c|☆joyfulwizard|makes sense
|inactive|moki7 has 20 seconds left.
|
|t:|1783615886
|move|p1b: Toxapex|Baneful Bunker|p1b: Toxapex
|-singleturn|p1b: Toxapex|move: Protect
|move|p2b: Garchomp|Stomping Tantrum|p1a: Tyranitar
|-supereffective|p1a: Tyranitar|1
|-damage|p1a: Tyranitar|30/100
|-damage|p2b: Garchomp|25/100|[from] item: Life Orb
|move|p1a: Tyranitar|Knock Off|p2b: Garchomp
|-damage|p2b: Garchomp|0 fnt
|-enditem|p2b: Garchomp|Life Orb|[from] move: Knock Off|[of] p1a: Tyranitar
|faint|p2b: Garchomp
|move|p2a: Kingambit|Iron Head|p1a: Tyranitar
|-supereffective|p1a: Tyranitar|1
|-damage|p1a: Tyranitar|0 fnt
|faint|p1a: Tyranitar
|
|-weather|none
|-heal|p1b: Toxapex|39/100|[from] item: Leftovers
|upkeep
|
|t:|1783615895
|switch|p2b: Sylveon|Sylveon, L50, F|100/100
|switch|p1a: Aerodactyl|Aerodactyl, L50, F|15/100
|-ability|p1a: Aerodactyl|Unnerve
|turn|6
|
|t:|1783615910
|move|p1a: Aerodactyl|Rock Slide|p2b: Sylveon|[spread] p2a
|-miss|p1a: Aerodactyl|p2b: Sylveon
|-resisted|p2a: Kingambit|1
|-damage|p2a: Kingambit|77/100
|move|p2a: Kingambit|Kowtow Cleave|p1b: Toxapex
|-damage|p1b: Toxapex|3/100
|move|p2b: Sylveon|Hyper Voice|p1b: Toxapex|[spread] p1a,p1b
|-crit|p1a: Aerodactyl
|-resisted|p1b: Toxapex|1
|-damage|p1a: Aerodactyl|0 fnt
|-damage|p1b: Toxapex|0 fnt
|faint|p1a: Aerodactyl
|faint|p1b: Toxapex
|
|win|joyfulwizard
||joyfulwizard is ready for game 2.
||moki7 is ready for game 2.
|uhtml|next|Next: Game 2 of 3
