|j|☆strikermohamud
|j|☆TheLackluster7
|html|strikermohamudTheLackluster7    
|uhtml|bestof|Game 1 of a best-of-3
|t:|1757236228
|gametype|doubles
|player|p1|strikermohamud|unknown|1072
|player|p2|TheLackluster7|juggler|1144
|gen|9
|tier|[Gen 9] VGC 2025 Reg H (Bo3)
|rated|
|rule|Species Clause: Limit one of each Pokémon
|rule|Item Clause: Limit 1 of each item
|clearpoke
|poke|p1|Metagross, L50|
|poke|p1|Alcremie-Ruby-Swirl, L50, F|
|poke|p1|Incineroar, L50, F|
|poke|p1|Farigiraf, L50, M|
|poke|p1|Ursaluna-Bloodmoon, L50, M|
|poke|p1|Amoonguss, L50, M|
|poke|p2|Indeedee-F, L50, F|
|poke|p2|Armarouge, L50, F|
|poke|p2|Sneasler, L50, M|
|poke|p2|Ursaluna-Bloodmoon, L50, M|
|poke|p2|Incineroar, L50, F|
|poke|p2|Ninetales-Alola, L50, M|
|teampreview|4
|showteam|p1|Metagross||LifeOrb|ClearBody|PsychicFangs,HeavySlam,StompingTantrum,Protect||||||50|,,,,,Water]Alcremie-Ruby-Swirl||CovertCloak|SweetVeil|Decorate,HelpingHand,DazzlingGleam,Protect|||F|||50|,,,,,Fire]Incineroar||SafetyGoggles|Intimidate|FakeOut,KnockOff,FlareBlitz,PartingShot|||F|||50|,,,,,Bug]Farigiraf||ThroatSpray|ArmorTail|HyperVoice,Psychic,TrickRoom,Protect|||M|||50|,,,,,Fairy]Ursaluna-Bloodmoon||AssaultVest|MindsEye|HyperVoice,BloodMoon,EarthPower,VacuumWave|||M|||50|,,,,,Water]Amoonguss||MentalHerb|Regenerator|Spore,RagePowder,ClearSmog,Protect|||M|||50|,,,,,Fairy
|showteam|p2|Indeedee-F||MentalHerb|PsychicSurge|HelpingHand,Psychic,FollowMe,TrickRoom|||F|||50|,,,,,Steel]Armarouge||LifeOrb|FlashFire|ArmorCannon,ExpandingForce,AuraSphere,Protect|||F|||50|,,,,,Grass]Sneasler||PsychicSeed|Unburden|ThroatChop,DireClaw,CloseCombat,Protect|||M|||50|,,,,,Dark]Ursaluna-Bloodmoon||SilkScarf|MindsEye|Protect,BloodMoon,HyperVoice,EarthPower|||M|||50|,,,,,Ghost]Incineroar||AssaultVest|Intimidate|Snarl,Uturn,FakeOut,KnockOff|||F|||50|,,,,,Grass]Ninetales-Alola||CovertCloak|SnowWarning|AuroraVeil,Blizzard,IcyWind,FreezeDry|||M|||50|,,,,,Ghost
|
|t:|1757236279
|teamsize|p1|4
|teamsize|p2|4
|start
|switch|p1a: Metagross|Metagross, L50, shiny|100/100
|switch|p1b: Amoonguss|Amoonguss, L50, M|100/100
|switch|p2a: Indeedee|Indeedee-F, L50, F|100/100
|switch|p2b: Incineroar|Incineroar, L50, F|100/100
|-fieldstart|move: Psychic Terrain|[from] ability: Psychic Surge|[of] p2a: Indeedee
|-ability|p2b: Incineroar|Intimidate|boost
|-fail|p1a: Metagross|unboost|[from] ability: Clear Body|[of] p1a: Metagross
|-unboost|p1b: Amoonguss|atk|1
|turn|1
|
|t:|1757236315
|switch|p1a: Alcremie|Alcremie-Ruby-Swirl, L50, F|100/100
|-terastallize|p2b: Incineroar|Grass
|move|p2a: Indeedee|Psychic|p1b: Amoonguss
|-supereffective|p1b: Amoonguss
|-damage|p1b: Amoonguss|26/100
|move|p2b: Incineroar|Knock Off|p1a: Alcremie
|-resisted|p1a: Alcremie
|-damage|p1a: Alcremie|81/100
|-enditem|p1a: Alcremie|Covert Cloak|[from] move: Knock Off|[of] p2b: Incineroar
|move|p1b: Amoonguss|Spore|p2a: Indeedee
|-status|p2a: Indeedee|slp|[from] move: Spore
|
|upkeep
|turn|2
|
|t:|1757236340
|switch|p1b: Ursaluna|Ursaluna-Bloodmoon, L50, M|100/100
|cant|p2a: Indeedee|slp
|move|p1a: Alcremie|Decorate|p1b: Ursaluna
|-boost|p1b: Ursaluna|atk|2
|-boost|p1b: Ursaluna|spa|2
|move|p2b: Incineroar|Knock Off|p1b: Ursaluna
|-damage|p1b: Ursaluna|71/100
|-enditem|p1b: Ursaluna|Assault Vest|[from] move: Knock Off|[of] p2b: Incineroar
|
|upkeep
|turn|3
|
|t:|1757236369
|cant|p2a: Indeedee|slp
|move|p1a: Alcremie|Decorate|p1b: Ursaluna
|-boost|p1b: Ursaluna|atk|2
|-boost|p1b: Ursaluna|spa|2
|move|p2b: Incineroar|Snarl|p1b: Ursaluna|[spread] p1a,p1b
|-resisted|p1a: Alcremie
|-damage|p1a: Alcremie|77/100
|-damage|p1b: Ursaluna|61/100
|-unboost|p1a: Alcremie|spa|1
|-unboost|p1b: Ursaluna|spa|1
|move|p1b: Ursaluna|Hyper Voice|p2a: Indeedee|[spread] p2a,p2b
|-damage|p2a: Indeedee|10/100 slp
|-damage|p2b: Incineroar|39/100
|
|upkeep
|turn|4
|
|t:|1757236391
|cant|p2a: Indeedee|slp
|move|p1a: Alcremie|Decorate|p1b: Ursaluna
|-boost|p1b: Ursaluna|atk|2
|-boost|p1b: Ursaluna|spa|2
|move|p2b: Incineroar|Snarl|p1b: Ursaluna|[spread] p1a,p1b
|-resisted|p1a: Alcremie
|-damage|p1a: Alcremie|73/100
|-damage|p1b: Ursaluna|49/100
|-unboost|p1a: Alcremie|spa|1
|-unboost|p1b: Ursaluna|spa|1
|move|p1b: Ursaluna|Hyper Voice|p2b: Incineroar|[spread] p2a,p2b
|-crit|p2a: Indeedee
|-damage|p2a: Indeedee|0 fnt
|-damage|p2b: Incineroar|0 fnt
|faint|p2a: Indeedee
|faint|p2b: Incineroar
|
|upkeep
|
|t:|1757236400
|switch|p2a: Ursaluna|Ursaluna-Bloodmoon, L50, M|100/100
|switch|p2b: Sneasler|Sneasler, L50, M|100/100
|-enditem|p2b: Sneasler|Psychic Seed
|-boost|p2b: Sneasler|spd|1|[from] item: Psychic Seed
|turn|5
|
|t:|1757236445
|-terastallize|p1b: Ursaluna|Water
|move|p1a: Alcremie|Helping Hand|p1b: Ursaluna
|-singleturn|p1b: Ursaluna|Helping Hand|[of] p1a: Alcremie
|move|p2b: Sneasler|Close Combat|p1b: Ursaluna
|-damage|p1b: Ursaluna|5/100
|-unboost|p2b: Sneasler|def|1
|-unboost|p2b: Sneasler|spd|1
|move|p1b: Ursaluna|Blood Moon|p2a: Ursaluna
|-damage|p2a: Ursaluna|0 fnt
|faint|p2a: Ursaluna
|
|-fieldend|move: Psychic Terrain
|upkeep
|turn|6
|
|t:|1757236463
|switch|p1a: Amoonguss|Amoonguss, L50, M|59/100
|move|p1b: Ursaluna|Vacuum Wave|p2b: Sneasler
|-resisted|p2b: Sneasler
|-damage|p2b: Sneasler|66/100
|move|p2b: Sneasler|Dire Claw|p1b: Ursaluna
|-damage|p1b: Ursaluna|0 fnt
|faint|p1b: Ursaluna
|
|upkeep
|
|t:|1757236471
|switch|p1b: Metagross|Metagross, L50, shiny|100/100
|turn|7
|-message|TheLackluster7 forfeited.
|
|win|strikermohamud
||TheLackluster7 is ready for game 2.
