|j|☆pink spoon
|j|☆teyvgc
|html|pink spoonteyvgc    
|uhtml|bestof|Game 3 of a best-of-3
|t:|1783203086
|gametype|doubles
|player|p1|pink spoon|parasollady|1291
|player|p2|teyvgc|1|1260
|gen|9
|tier|[Gen 9 Champions] VGC 2026 Reg M-B (Bo3)
|rated|
|rule|Species Clause: Limit one of each Pokémon
|rule|Item Clause: Limit 1 of each item
|clearpoke
|poke|p1|Gyarados, L50, F|
|poke|p1|Annihilape, L50, M|
|poke|p1|Skeledirge, L50, M|
|poke|p1|Sylveon, L50, F|
|poke|p1|Incineroar, L50, M|
|poke|p1|Froslass, L50, F|
|poke|p2|Excadrill, L50, F|
|poke|p2|Tyranitar, L50, M|
|poke|p2|Staraptor, L50, M|
|poke|p2|Sinistcha, L50|
|poke|p2|Milotic, L50, F|
|poke|p2|Gholdengo, L50|
|teampreview|4
|showteam|p1|Gyarados||Gyaradosite|Intimidate|Waterfall,Crunch,DragonDance,Protect|Adamant||F|||50|]Annihilape||ChoiceScarf|Defiant|CloseCombat,ShadowClaw,RockTomb,Uturn|Jolly||M|||50|]Skeledirge||Leftovers|Unaware|TorchSong,ShadowBall,Encore,Protect|Modest||M|||50|]Sylveon||FairyFeather|Pixilate|HyperVoice,DrainingKiss,CalmMind,Protect|Modest||F|||50|]Incineroar||SitrusBerry|Intimidate|FlareBlitz,ThroatChop,FakeOut,PartingShot|Careful||M|||50|]Froslass||Froslassite|CursedBody|Blizzard,IcyWind,AuroraVeil,Protect|Modest||F|||50|
|showteam|p2|Excadrill||FocusSash|SandRush|HighHorsepower,IronHead,RockSlide,Protect|Adamant||F|||50|]Tyranitar||Tyranitarite|SandStream|RockSlide,KnockOff,DragonDance,Protect|Adamant||M|||50|]Staraptor||Staraptite|Intimidate|BraveBird,CloseCombat,Tailwind,Protect|Jolly||M|||50|]Sinistcha||SitrusBerry|Hospitality|MatchaGotcha,RagePowder,LifeDew,TrickRoom|Calm|||||50|]Milotic||Leftovers|Competitive|Scald,IceBeam,Recover,Protect|Modest||F|||50|]Gholdengo||LifeOrb|GoodasGold|MakeItRain,ShadowBall,NastyPlot,Protect|Modest|||||50|
|
|t:|1783203112
|teamsize|p1|4
|teamsize|p2|4
|start
|switch|p1a: Incineroar|Incineroar, L50, M|100/100
|switch|p1b: Sylveon|Sylveon, L50, F|100/100
|switch|p2a: Milotic|Milotic, L50, F|100/100
|switch|p2b: Staraptor|Staraptor, L50, M|100/100
|-ability|p2b: Staraptor|Intimidate|boost
|-unboost|p1a: Incineroar|atk|1
|-unboost|p1b: Sylveon|atk|1
|-ability|p1a: Incineroar|Intimidate|boost
|-unboost|p2a: Milotic|atk|1
|-ability|p2a: Milotic|Competitive|boost
|-boost|p2a: Milotic|spa|2
|-unboost|p2b: Staraptor|atk|1
|turn|1
|
|t:|1783203122
|detailschange|p2b: Staraptor|Staraptor-Mega, L50, M
|-mega|p2b: Staraptor|Staraptor|Staraptite
|move|p1a: Incineroar|Fake Out|p2a: Milotic
|-damage|p2a: Milotic|93/100
|move|p2b: Staraptor|Close Combat|p1a: Incineroar
|-supereffective|p1a: Incineroar|1
|-damage|p1a: Incineroar|33/100
|-boost|p2b: Staraptor|def|1
|-boost|p2b: Staraptor|spd|1
|-enditem|p1a: Incineroar|Sitrus Berry|[eat]
|-heal|p1a: Incineroar|58/100|[from] item: Sitrus Berry
|move|p1b: Sylveon|Calm Mind|p1b: Sylveon
|-boost|p1b: Sylveon|spa|1
|-boost|p1b: Sylveon|spd|1
|cant|p2a: Milotic|flinch
|
|-heal|p2a: Milotic|99/100|[from] item: Leftovers
|upkeep
|turn|2
|
|t:|1783203139
|switch|p1a: Annihilape|Annihilape, L50, M|100/100
|move|p2b: Staraptor|Close Combat|p1b: Sylveon
|-resisted|p1b: Sylveon|1
|-damage|p1b: Sylveon|73/100
|-boost|p2b: Staraptor|def|1
|-boost|p2b: Staraptor|spd|1
|move|p1b: Sylveon|Hyper Voice|p2a: Milotic|[spread] p2a,p2b
|-supereffective|p2b: Staraptor|1
|-damage|p2a: Milotic|46/100
|-damage|p2b: Staraptor|28/100
|move|p2a: Milotic|Scald|p1b: Sylveon
|-damage|p1b: Sylveon|38/100
|
|-heal|p2a: Milotic|51/100|[from] item: Leftovers
|upkeep
|turn|3
|
|t:|1783203184
|move|p2b: Staraptor|Protect|p2b: Staraptor
|-singleturn|p2b: Staraptor|Protect
|move|p1a: Annihilape|Close Combat|p2a: Milotic
|-damage|p2a: Milotic|4/100
|-unboost|p1a: Annihilape|def|1
|-unboost|p1a: Annihilape|spd|1
|move|p1b: Sylveon|Draining Kiss|p2b: Staraptor
|-activate|p2b: Staraptor|move: Protect
|move|p2a: Milotic|Scald|p1b: Sylveon
|-damage|p1b: Sylveon|2/100
|
|-heal|p2a: Milotic|10/100|[from] item: Leftovers
|upkeep
|turn|4
|
|t:|1783203234
|switch|p2b: Excadrill|Excadrill, L50, F|100/100
|move|p2a: Milotic|Protect|p2a: Milotic
|-singleturn|p2a: Milotic|Protect
|move|p1a: Annihilape|Close Combat|p2a: Milotic
|-activate|p2a: Milotic|move: Protect
|move|p1b: Sylveon|Hyper Voice|p2b: Excadrill|[spread] p2b
|-activate|p2a: Milotic|move: Protect
|-resisted|p2b: Excadrill|1
|-damage|p2b: Excadrill|51/100
|
|-heal|p2a: Milotic|16/100|[from] item: Leftovers
|upkeep
|turn|5
|
|t:|1783203250
|switch|p2a: Tyranitar|Tyranitar, L50, M|100/100
|-weather|Sandstorm|[from] ability: Sand Stream|[of] p2a: Tyranitar
|move|p2b: Excadrill|High Horsepower|p1a: Annihilape
|-damage|p1a: Annihilape|13/100
|move|p1a: Annihilape|Close Combat|p2a: Tyranitar
|-supereffective|p2a: Tyranitar|2
|-damage|p2a: Tyranitar|0 fnt
|-unboost|p1a: Annihilape|def|1
|-unboost|p1a: Annihilape|spd|1
|faint|p2a: Tyranitar
|move|p1b: Sylveon|Hyper Voice|p2b: Excadrill
|-resisted|p2b: Excadrill|1
|-damage|p2b: Excadrill|0 fnt
|faint|p2b: Excadrill
|
|-weather|Sandstorm|[upkeep]
|-damage|p1a: Annihilape|7/100|[from] Sandstorm
|-damage|p1b: Sylveon|0 fnt|[from] Sandstorm
|faint|p1b: Sylveon
|upkeep
|
|t:|1783203268
|switch|p2b: Milotic|Milotic, L50, F|16/100
|switch|p1b: Incineroar|Incineroar, L50, M|58/100
|switch|p2a: Staraptor|Staraptor-Mega, L50, M|28/100
|-ability|p1b: Incineroar|Intimidate|boost
|-boost|p2a: Staraptor|atk|1
|-unboost|p2b: Milotic|atk|1
|-ability|p2b: Milotic|Competitive|boost
|-boost|p2b: Milotic|spa|2
|turn|6
|
|t:|1783203279
|move|p2a: Staraptor|Protect|p2a: Staraptor
|-singleturn|p2a: Staraptor|Protect
|move|p2b: Milotic|Protect|p2b: Milotic
|-singleturn|p2b: Milotic|Protect
|move|p1b: Incineroar|Fake Out|p2b: Milotic
|-activate|p2b: Milotic|move: Protect
|move|p1a: Annihilape|Close Combat|p2a: Staraptor
|-activate|p2a: Staraptor|move: Protect
|
|-weather|Sandstorm|[upkeep]
|-damage|p1a: Annihilape|1/100|[from] Sandstorm
|-damage|p2a: Staraptor|21/100|[from] Sandstorm
|-damage|p1b: Incineroar|52/100|[from] Sandstorm
|-damage|p2b: Milotic|10/100|[from] Sandstorm
|-heal|p2b: Milotic|16/100|[from] item: Leftovers
|upkeep
|turn|7
|
|t:|1783203293
|move|p2a: Staraptor|Protect|p2a: Staraptor
|-singleturn|p2a: Staraptor|Protect
|move|p1a: Annihilape|Close Combat|p2a: Staraptor
|-activate|p2a: Staraptor|move: Protect
|move|p1b: Incineroar|Throat Chop|p2b: Milotic
|-damage|p2b: Milotic|0 fnt
|faint|p2b: Milotic
|
|-weather|Sandstorm|[upkeep]
|-damage|p1a: Annihilape|0 fnt|[from] Sandstorm
|-damage|p2a: Staraptor|15/100|[from] Sandstorm
|-damage|p1b: Incineroar|46/100|[from] Sandstorm
|faint|p1a: Annihilape
|upkeep
|
|t:|1783203302
|switch|p1a: Gyarados|Gyarados, L50, F|100/100
|-ability|p1a: Gyarados|Intimidate|boost
|-boost|p2a: Staraptor|atk|1
|turn|8
|
|t:|1783203309
|move|p2a: Staraptor|Close Combat|p1b: Incineroar
|-supereffective|p1b: Incineroar|1
|-damage|p1b: Incineroar|0 fnt
|-boost|p2a: Staraptor|def|1
|-boost|p2a: Staraptor|spd|1
|faint|p1b: Incineroar
|move|p1a: Gyarados|Waterfall|p2a: Staraptor
|-damage|p2a: Staraptor|0 fnt
|faint|p2a: Staraptor
|
|win|pink spoon
|raw|pink spoon's rating: 1291 → 1314(+23 for winning)
|raw|teyvgc's rating: 1260 → 1237(-23 for losing)
