|j|☆aquileselpoderoso
|j|☆CaratroncoSun
|html|aquileselpoderosoCaratroncoSun    
|uhtml|bestof|Game 1 of a best-of-3
|t:|1782465479
|gametype|doubles
|player|p1|aquileselpoderoso|266|1121
|player|p2|CaratroncoSun|juan|1201
|gen|9
|tier|[Gen 9 Champions] VGC 2026 Reg M-B (Bo3)
|rated|
|rule|Species Clause: Limit one of each Pokémon
|rule|Item Clause: Limit 1 of each item
|clearpoke
|poke|p1|Houndstone, L50, M|
|poke|p1|Tyranitar, L50, F|
|poke|p1|Gardevoir, L50, M|
|poke|p1|Garchomp, L50, M|
|poke|p1|Kingambit, L50, M|
|poke|p1|Talonflame, L50, F|
|poke|p2|Overqwil, L50, M, shiny|
|poke|p2|Swampert, L50, M|
|poke|p2|Pelipper, L50, M|
|poke|p2|Metagross, L50, shiny|
|poke|p2|Sneasler, L50, M|
|poke|p2|Sinistcha-Masterpiece, L50|
|teampreview|4
|showteam|p1|Houndstone||WideLens|SandRush|WillOWisp,LastRespects,Snarl,Disable|Impish||M|||50|]Tyranitar||Tyranitarite|SandStream|Protect,RockSlide,KnockOff,DragonDance|Adamant||F|||50|]Gardevoir||ChoiceScarf|Synchronize|Psychic,DazzlingGleam,AuraSphere,EnergyBall|Modest||M|||50|]Garchomp||BrightPowder|SandVeil|Protect,StompingTantrum,RockSlide,DragonClaw|Adamant||M|||50|]Kingambit||FocusSash|Defiant|SuckerPunch,KowtowCleave,IronHead,LowKick|Adamant||M|||50|]Talonflame||Leftovers|GaleWings|Tailwind,Protect,DualWingbeat,FlareBlitz|Jolly||F|||50|
|showteam|p2|Overqwil||LifeOrb|SwiftSwim|Protect,PoisonJab,ThroatChop,Liquidation|Adamant||M|||50|]Swampert||Swampertite|Damp|Protect,WaveCrash,HighHorsepower,IcePunch|Adamant||M|||50|]Pelipper||FocusSash|Drizzle|RainDance,Tailwind,Hurricane,WeatherBall|Modest||M|||50|]Metagross||Metagrossite|ClearBody|Protect,PsychicFangs,IronHead,IcePunch|Jolly|||||50|]Sneasler||WhiteHerb|Unburden|Coaching,FakeOut,DireClaw,CloseCombat|Jolly||M|||50|]Sinistcha-Masterpiece||SitrusBerry|Hospitality|MatchaGotcha,TrickRoom,LifeDew,RagePowder|Bold|||||50|
|inactive|Battle timer is ON: inactive players will automatically lose when time's up. (requested by CaratroncoSun)
|inactive|aquileselpoderoso has 60 seconds left.
|
|t:|1782465619
|teamsize|p1|4
|teamsize|p2|4
|start
|switch|p1a: Tyranitar|Tyranitar, L50, F|100/100
|switch|p1b: Gardevoir|Gardevoir, L50, M|100/100
|switch|p2a: Overqwil|Overqwil, L50, M, shiny|100/100
|switch|p2b: Sneasler|Sneasler, L50, M|100/100
|-weather|Sandstorm|[from] ability: Sand Stream|[of] p1a: Tyranitar
|turn|1
|inactive|aquileselpoderoso has 30 seconds left.
|inactive|aquileselpoderoso has 20 seconds left.
|inactive|aquileselpoderoso has 15 seconds left.
|
|t:|1782465659
|detailschange|p1a: Tyranitar|Tyranitar-Mega, L50, F
|-mega|p1a: Tyranitar|Tyranitar|Tyranitarite
|move|p2b: Sneasler|Fake Out|p1b: Gardevoir
|-damage|p1b: Gardevoir|79/100
|cant|p1b: Gardevoir|flinch
|move|p2a: Overqwil|Poison Jab|p1b: Gardevoir
|-supereffective|p1b: Gardevoir|1
|-damage|p1b: Gardevoir|0 fnt
|faint|p1b: Gardevoir
|-damage|p2a: Overqwil|90/100|[from] item: Life Orb
|move|p1a: Tyranitar|Knock Off|p2a: Overqwil
|-resisted|p2a: Overqwil|1
|-damage|p2a: Overqwil|52/100
|-enditem|p2a: Overqwil|Life Orb|[from] move: Knock Off|[of] p1a: Tyranitar
|
|-weather|Sandstorm|[upkeep]
|-damage|p2b: Sneasler|94/100|[from] Sandstorm
|-damage|p2a: Overqwil|46/100|[from] Sandstorm
|upkeep
|
|t:|1782465676
|switch|p1b: Houndstone|Houndstone, L50, M|100/100
|turn|2
|inactive|aquileselpoderoso has 30 seconds left.
|
|t:|1782465705
|move|p2a: Overqwil|Protect|p2a: Overqwil
|-singleturn|p2a: Overqwil|Protect
|move|p1a: Tyranitar|Protect|p1a: Tyranitar
|-singleturn|p1a: Tyranitar|Protect
|move|p1b: Houndstone|Will-O-Wisp|p2b: Sneasler
|-status|p2b: Sneasler|brn
|move|p2b: Sneasler|Coaching|p2a: Overqwil
|-boost|p2a: Overqwil|atk|1
|-boost|p2a: Overqwil|def|1
|
|-weather|Sandstorm|[upkeep]
|-damage|p2b: Sneasler|88/100 brn|[from] Sandstorm
|-damage|p2a: Overqwil|40/100|[from] Sandstorm
|-damage|p2b: Sneasler|82/100 brn|[from] brn
|upkeep
|turn|3
|inactive|aquileselpoderoso has 30 seconds left.
|
|t:|1782465740
|switch|p2b: Pelipper|Pelipper, L50, M|100/100
|-weather|RainDance|[from] ability: Drizzle|[of] p2b: Pelipper
|move|p2a: Overqwil|Throat Chop|p1b: Houndstone
|-supereffective|p1b: Houndstone|1
|-damage|p1b: Houndstone|0 fnt
|faint|p1b: Houndstone
|move|p1a: Tyranitar|Rock Slide|p2b: Pelipper|[spread] p2a,p2b
|-supereffective|p2b: Pelipper|1
|-damage|p2a: Overqwil|13/100
|-damage|p2b: Pelipper|2/100
|
|-weather|RainDance|[upkeep]
|upkeep
|
|t:|1782465752
|switch|p1b: Kingambit|Kingambit, L50, M|100/100
|turn|4
|
|t:|1782465764
|move|p1b: Kingambit|Sucker Punch|p2a: Overqwil
|-resisted|p2a: Overqwil|1
|-damage|p2a: Overqwil|0 fnt
|faint|p2a: Overqwil
|move|p2b: Pelipper|Weather Ball|p1b: Kingambit
|-damage|p1b: Kingambit|12/100
|move|p1a: Tyranitar|Rock Slide|p2b: Pelipper
|-supereffective|p2b: Pelipper|1
|-damage|p2b: Pelipper|0 fnt
|faint|p2b: Pelipper
|
|-weather|RainDance|[upkeep]
|upkeep
|
|t:|1782465776
|switch|p2a: Sneasler|Sneasler, L50, M|82/100 brn
|switch|p2b: Swampert|Swampert, L50, M|100/100
|turn|5
|
|t:|1782465799
|detailschange|p2b: Swampert|Swampert-Mega, L50, M
|-mega|p2b: Swampert|Swampert|Swampertite
|move|p1b: Kingambit|Sucker Punch|p2b: Swampert
|-damage|p2b: Swampert|63/100
|move|p2b: Swampert|Wave Crash|p1b: Kingambit
|-damage|p1b: Kingambit|0 fnt
|faint|p1b: Kingambit
|-damage|p2b: Swampert|59/100|[from] Recoil
|move|p2a: Sneasler|Close Combat|p1a: Tyranitar
|-supereffective|p1a: Tyranitar|2
|-damage|p1a: Tyranitar|28/100
|-unboost|p2a: Sneasler|def|1
|-unboost|p2a: Sneasler|spd|1
|-enditem|p2a: Sneasler|White Herb
|-clearnegativeboost|p2a: Sneasler|[silent]
|move|p1a: Tyranitar|Rock Slide|p2b: Swampert|[spread] p2a,p2b
|-resisted|p2a: Sneasler|1
|-resisted|p2b: Swampert|1
|-damage|p2a: Sneasler|52/100 brn
|-damage|p2b: Swampert|42/100
|
|-weather|RainDance|[upkeep]
|-damage|p2a: Sneasler|46/100 brn|[from] brn
|upkeep
|turn|6
|inactive|aquileselpoderoso has 30 seconds left.
|inactive|CaratroncoSun has 30 seconds left.
|inactive|aquileselpoderoso has 20 seconds left.
|inactive|aquileselpoderoso has 15 seconds left.
|inactive|aquileselpoderoso has 10 seconds left.
|inactive|aquileselpoderoso has 5 seconds left.
|-message|aquileselpoderoso forfeited.
|
|win|CaratroncoSun
