|j|â˜†camala64
|j|â˜†Copycompy_17
|html|camala64Copycompy_17    
|uhtml|bestof|Game 2 of a best-of-3
|t:|1785940880
|gametype|doubles
|player|p1|camala64|lance-masters2|
|player|p2|Copycompy_17|psychic|
|gen|9
|tier|[Gen 9 Champions] VGC 2026 Reg M-B (Bo3)
|rule|Species Clause: Limit one of each PokÃ©mon
|rule|Item Clause: Limit 1 of each item
|clearpoke
|poke|p1|Charizard, L50, F, shiny|
|poke|p1|Whimsicott, L50, M, shiny|
|poke|p1|Kingambit, L50, F, shiny|
|poke|p1|Kommo-o, L50, M, shiny|
|poke|p1|Glimmora, L50, M, shiny|
|poke|p1|Ninetales-Alola, L50, M, shiny|
|poke|p2|Orthworm, L50, F, shiny|
|poke|p2|Gyarados, L50, F|
|poke|p2|Garchomp, L50, M, shiny|
|poke|p2|Delphox, L50, F, shiny|
|poke|p2|Sneasler, L50, F|
|poke|p2|Sinistcha-Masterpiece, L50, shiny|
|teampreview|4
|showteam|p1|Charizard||CharizarditeY|Blaze|WeatherBall,HeatWave,SolarBeam,Protect|Modest||F|||50|]Whimsicott||FocusSash|Prankster|Moonblast,Tailwind,Encore,Protect|Timid||M|||50|]Kingambit||BlackGlasses|Defiant|KowtowCleave,SuckerPunch,IronHead,Protect|Adamant||F|||50|]Kommo-o||LifeOrb|Soundproof|ClangingScales,AuraSphere,VacuumWave,Protect|Modest||M|||50|]Glimmora||Glimmoranite|ToxicDebris|SludgeBomb,PowerGem,EarthPower,SpikyShield|Modest||M|||50|]Ninetales-Alola||NeverMeltIce|SnowWarning|Blizzard,FreezeDry,Disable,Protect|Timid||M|||50|
|showteam|p2|Orthworm||SitrusBerry|EarthEater|HeavySlam,IronDefense,BodyPress,ShedTail|Impish||F|||50|]Gyarados||Gyaradosite|Intimidate|Crunch,Waterfall,ThunderWave,DragonDance|Adamant||F|||50|]Garchomp||ChoiceScarf|RoughSkin|Earthquake,RockSlide,DragonClaw,IronHead|Adamant||M|||50|]Delphox||Delphoxite|Blaze|HeatWave,CalmMind,Psychic,Protect|Modest||F|||50|]Sneasler||FocusSash|Unburden|FakeOut,Coaching,CloseCombat,DireClaw|Jolly||F|||50|]Sinistcha-Masterpiece||WhiteHerb|Hospitality|MatchaGotcha,TrickRoom,StrengthSap,RagePowder|Calm|||||50|
|c|â˜†camala64|Encore is so good
|c|â˜†Copycompy_17|i knoww
|j| irongiant9214
|c|â˜†Copycompy_17|i gotta remember it exists
|c|â˜†Copycompy_17|and lock in
|
|t:|1785940926
|teamsize|p1|4
|teamsize|p2|4
|start
|switch|p1a: Whimsicott|Whimsicott, L50, M, shiny|100/100
|switch|p1b: Kommo-o|Kommo-o, L50, M, shiny|100/100
|switch|p2a: Grunge|Garchomp, L50, M, shiny|100/100
|switch|p2b: J-Rock|Sneasler, L50, F|100/100
|turn|1
|c|â˜†Copycompy_17|i keep trying to play pokemon consistently and then forget abt it and then not play it for 2 months straight
|
|t:|1785940951
|move|p1a: Whimsicott|Protect|p1a: Whimsicott
|-singleturn|p1a: Whimsicott|Protect
|move|p1b: Kommo-o|Protect|p1b: Kommo-o
|-singleturn|p1b: Kommo-o|Protect
|move|p2b: J-Rock|Fake Out|p1a: Whimsicott
|-activate|p1a: Whimsicott|move: Protect
|move|p2a: Grunge|Iron Head|p1a: Whimsicott
|-activate|p1a: Whimsicott|move: Protect
|
|upkeep
|turn|2
|
|t:|1785940969
|move|p1a: Whimsicott|Encore|p2b: J-Rock
|-start|p2b: J-Rock|Encore
|move|p2b: J-Rock|Fake Out||[still]
|-hint|Fake Out only works on your first turn out.
|-fail|p2b: J-Rock
|move|p2a: Grunge|Iron Head|p1a: Whimsicott
|-supereffective|p1a: Whimsicott|1
|-damage|p1a: Whimsicott|12/100
|move|p1b: Kommo-o|Clanging Scales|p2a: Grunge|[spread] p2a,p2b
|-supereffective|p2a: Grunge|1
|-damage|p2a: Grunge|1/100
|-damage|p2b: J-Rock|34/100
|-unboost|p1b: Kommo-o|def|1
|-damage|p1b: Kommo-o|90/100|[from] item: Life Orb
|
|upkeep
|turn|3
|
|t:|1785941018
|switch|p2b: Heavy Metal|Orthworm, L50, F, shiny|100/100
|move|p1a: Whimsicott|Tailwind|p1a: Whimsicott
|-sidestart|p1: camala64|move: Tailwind
|move|p1b: Kommo-o|Clanging Scales|p2a: Grunge|[spread] p2a,p2b
|-supereffective|p2a: Grunge|1
|-resisted|p2b: Heavy Metal|1
|-damage|p2a: Grunge|0 fnt
|-damage|p2b: Heavy Metal|65/100
|faint|p2a: Grunge
|-unboost|p1b: Kommo-o|def|1
|-damage|p1b: Kommo-o|80/100|[from] item: Life Orb
|
|upkeep
|c|â˜†camala64|You forgot about encore again
|c|â˜†Copycompy_17|yeah
|
|t:|1785941029
|switch|p2a: J-Rock|Sneasler, L50, F|34/100
|turn|4
|
|t:|1785941040
|move|p1a: Whimsicott|Moonblast|p2a: J-Rock
|-damage|p2a: J-Rock|0 fnt
|faint|p2a: J-Rock
|move|p1b: Kommo-o|Aura Sphere|p2b: Heavy Metal
|-supereffective|p2b: Heavy Metal|1
|-damage|p2b: Heavy Metal|0 fnt
|faint|p2b: Heavy Metal
|-damage|p1b: Kommo-o|70/100|[from] item: Life Orb
|
|upkeep
|c|â˜†camala64|Gg
|
|t:|1785941058
|switch|p2b: Bluegrass|Delphox, L50, F, shiny|100/100
|turn|5
|
|t:|1785941066
|detailschange|p2b: Bluegrass|Delphox-Mega, L50, F, shiny
|-mega|p2b: Bluegrass|Delphox|Delphoxite
|move|p1a: Whimsicott|Moonblast|p2b: Bluegrass
|-resisted|p2b: Bluegrass|1
|-damage|p2b: Bluegrass|85/100
|move|p1b: Kommo-o|Clanging Scales|p2b: Bluegrass
|-damage|p2b: Bluegrass|30/100
|-unboost|p1b: Kommo-o|def|1
|-damage|p1b: Kommo-o|60/100|[from] item: Life Orb
|move|p2b: Bluegrass|Heat Wave|p1b: Kommo-o|[spread] p1a,p1b
|-supereffective|p1a: Whimsicott|1
|-resisted|p1b: Kommo-o|1
|-damage|p1a: Whimsicott|0 fnt
|-damage|p1b: Kommo-o|35/100
|faint|p1a: Whimsicott
|
|upkeep
|
|t:|1785941083
|switch|p1a: Kingambit|Kingambit, L50, F, shiny|100/100
|turn|6
|
|t:|1785941087
|move|p1a: Kingambit|Sucker Punch|p2b: Bluegrass
|-supereffective|p2b: Bluegrass|1
|-damage|p2b: Bluegrass|0 fnt
|faint|p2b: Bluegrass
|
|win|camala64
|c|â˜†camala64|Gg
|c| irongiant9214|at least KO Whimsi
|c|â˜†camala64|Who tf is this
|raw|Moderated chat was set to +!Only users of rank + and higher can talk.
