|j|☆yinobo
|j|☆h0000n
|html|yinoboh0000n    
|uhtml|bestof|Game 2 of a best-of-3
|t:|1784916941
|gametype|doubles
|player|p1|yinobo|lucas|1160
|player|p2|h0000n|hoopster|1093
|gen|9
|tier|[Gen 9 Champions] VGC 2026 Reg M-B (Bo3)
|rated|
|rule|Species Clause: Limit one of each Pokémon
|rule|Item Clause: Limit 1 of each item
|clearpoke
|poke|p1|Charizard, L50, M, shiny|
|poke|p1|Garchomp, L50, M, shiny|
|poke|p1|Sylveon, L50, M, shiny|
|poke|p1|Incineroar, L50, M, shiny|
|poke|p1|Toxapex, L50, F, shiny|
|poke|p1|Venusaur, L50, M, shiny|
|poke|p2|Sneasler, L50, F|
|poke|p2|Sinistcha, L50|
|poke|p2|Primarina, L50, M|
|poke|p2|Incineroar, L50, F|
|poke|p2|Aerodactyl, L50, F|
|poke|p2|Froslass, L50, F|
|teampreview|4
|showteam|p1|Charizard||CharizarditeY|SolarPower|Protect,WeatherBall,AncientPower,HeatWave|Modest||M|||50|]Garchomp||ChoiceScarf|RoughSkin|StompingTantrum,RockSlide,Earthquake,DragonClaw|Adamant||M|||50|]Sylveon||FairyFeather|Pixilate|Detect,Yawn,QuickAttack,HyperVoice|Modest||M|||50|]Incineroar||SitrusBerry|Intimidate|FlareBlitz,PartingShot,DarkestLariat,FakeOut|Impish||M|||50|]Toxapex||Leftovers|Regenerator|BanefulBunker,WideGuard,Toxic,Infestation|Bold||F|||50|]Venusaur||LifeOrb|Chlorophyll|Protect,EarthPower,SludgeBomb,LeafStorm|Modest||M|||50|
|showteam|p2|Sneasler||WhiteHerb|Unburden|FakeOut,DireClaw,CloseCombat,Coaching|Adamant||F|||50|]Sinistcha||CobaBerry|Hospitality|TrickRoom,MatchaGotcha,ShadowBall,RagePowder|Quiet|||||50|]Primarina||SitrusBerry|LiquidVoice|CalmMind,HyperVoice,DazzlingGleam,Protect|Modest||M|||50|]Incineroar||Leftovers|Intimidate|FakeOut,FlareBlitz,PartingShot,DarkestLariat|Adamant||F|||50|]Aerodactyl||Aerodactylite|Unnerve|RockSlide,Tailwind,Protect,DualWingbeat|Jolly||F|||50|]Froslass||Froslassite|CursedBody|Blizzard,ShadowBall,Protect,AuroraVeil|Timid||F|||50|
|inactive|Battle timer is ON: inactive players will automatically lose when time's up. (requested by yinobo)
|inactive|yinobo has 60 seconds left.
|inactive|h0000n has 60 seconds left.
|inactive|yinobo has 30 seconds left.
|
|t:|1784917005
|teamsize|p1|4
|teamsize|p2|4
|start
|switch|p1a: Toxapex|Toxapex, L50, F, shiny|100/100
|switch|p1b: Charizard|Charizard, L50, M, shiny|100/100
|switch|p2a: Primarina|Primarina, L50, M|100/100
|switch|p2b: Aerodactyl|Aerodactyl, L50, F|100/100
|-ability|p2b: Aerodactyl|Unnerve
|turn|1
|inactive|yinobo has 30 seconds left.
|inactive|h0000n has 30 seconds left.
|
|t:|1784917034
|switch|p2b: Sneasler|Sneasler, L50, F|100/100
|move|p1a: Toxapex|Wide Guard|p1a: Toxapex
|-singleturn|p1a: Toxapex|Wide Guard
|move|p1b: Charizard|Ancient Power|p2b: Sneasler
|-resisted|p2b: Sneasler|1
|-damage|p2b: Sneasler|89/100
|move|p2a: Primarina|Calm Mind|p2a: Primarina
|-boost|p2a: Primarina|spa|1
|-boost|p2a: Primarina|spd|1
|
|upkeep
|turn|2
|inactive|h0000n has 30 seconds left.
|inactive|h0000n has 20 seconds left.
|
|t:|1784917071
|move|p1b: Charizard|Protect|p1b: Charizard
|-singleturn|p1b: Charizard|Protect
|move|p2b: Sneasler|Fake Out|p1a: Toxapex
|-damage|p1a: Toxapex|90/100
|move|p2a: Primarina|Hyper Voice|p1b: Charizard|[spread] p1a
|-activate|p1b: Charizard|move: Protect
|-resisted|p1a: Toxapex|1
|-damage|p1a: Toxapex|69/100
|cant|p1a: Toxapex|flinch
|
|-heal|p1a: Toxapex|75/100|[from] item: Leftovers
|upkeep
|turn|3
|inactive|yinobo has 30 seconds left.
|
|t:|1784917096
|detailschange|p1b: Charizard|Charizard-Mega-Y, L50, M, shiny
|-mega|p1b: Charizard|Charizard|Charizardite Y
|-weather|SunnyDay|[from] ability: Drought|[of] p1b: Charizard
|move|p1a: Toxapex|Wide Guard|p1a: Toxapex
|-singleturn|p1a: Toxapex|Wide Guard
|move|p2b: Sneasler|Close Combat|p1a: Toxapex
|-resisted|p1a: Toxapex|1
|-damage|p1a: Toxapex|54/100
|-unboost|p2b: Sneasler|def|1
|-unboost|p2b: Sneasler|spd|1
|-enditem|p2b: Sneasler|White Herb
|-clearnegativeboost|p2b: Sneasler|[silent]
|move|p1b: Charizard|Heat Wave|p2b: Sneasler|[spread] p2a,p2b
|-resisted|p2a: Primarina|1
|-damage|p2a: Primarina|84/100
|-damage|p2b: Sneasler|10/100
|move|p2a: Primarina|Calm Mind|p2a: Primarina
|-boost|p2a: Primarina|spa|1
|-boost|p2a: Primarina|spd|1
|
|-weather|SunnyDay|[upkeep]
|-heal|p1a: Toxapex|59/100|[from] item: Leftovers
|upkeep
|turn|4
|inactive|yinobo has 30 seconds left.
|
|t:|1784917130
|switch|p1b: Incineroar|Incineroar, L50, M, shiny|100/100
|-ability|p1b: Incineroar|Intimidate|boost
|-unboost|p2a: Primarina|atk|1
|-unboost|p2b: Sneasler|atk|1
|move|p2b: Sneasler|Dire Claw|p1b: Incineroar
|-damage|p1b: Incineroar|76/100
|-status|p1b: Incineroar|slp
|move|p2a: Primarina|Dazzling Gleam|p1b: Incineroar|[spread] p1a,p1b
|-resisted|p1a: Toxapex|1
|-damage|p1a: Toxapex|33/100
|-damage|p1b: Incineroar|22/100 slp
|-enditem|p1b: Incineroar|Sitrus Berry|[eat]
|-heal|p1b: Incineroar|47/100 slp|[from] item: Sitrus Berry
|move|p1a: Toxapex|Toxic|p2a: Primarina
|-status|p2a: Primarina|tox
|
|-weather|SunnyDay|[upkeep]
|-heal|p1a: Toxapex|38/100|[from] item: Leftovers
|-damage|p2a: Primarina|78/100 tox|[from] psn
|upkeep
|turn|5
|inactive|yinobo has 30 seconds left.
|inactive|h0000n has 30 seconds left.
|inactive|yinobo has 20 seconds left.
|inactive|yinobo has 15 seconds left.
|
|t:|1784917170
|-heal|p1a: Toxapex|71/100|[from] ability: Regenerator|[silent]
|switch|p1a: Venusaur|Venusaur, L50, M, shiny|100/100
|move|p2a: Primarina|Protect|p2a: Primarina
|-singleturn|p2a: Primarina|Protect
|cant|p1b: Incineroar|slp
|move|p2b: Sneasler|Close Combat|p1a: Venusaur
|-resisted|p1a: Venusaur|1
|-damage|p1a: Venusaur|71/100
|-unboost|p2b: Sneasler|def|1
|-unboost|p2b: Sneasler|spd|1
|
|-weather|SunnyDay|[upkeep]
|-damage|p2a: Primarina|66/100 tox|[from] psn
|upkeep
|turn|6
|inactive|yinobo has 30 seconds left.
|inactive|h0000n has 30 seconds left.
|inactive|yinobo has 20 seconds left.
|
|t:|1784917209
|switch|p2b: Aerodactyl|Aerodactyl, L50, F|100/100
|-ability|p2b: Aerodactyl|Unnerve
|switch|p1b: Toxapex|Toxapex, L50, F, shiny|71/100
|move|p1a: Venusaur|Leaf Storm|p2a: Primarina
|-supereffective|p2a: Primarina|1
|-damage|p2a: Primarina|0 fnt
|-unboost|p1a: Venusaur|spa|2
|faint|p2a: Primarina
|-damage|p1a: Venusaur|62/100|[from] item: Life Orb
|
|-weather|SunnyDay|[upkeep]
|-heal|p1b: Toxapex|77/100|[from] item: Leftovers
|upkeep
|
|t:|1784917220
|switch|p2a: Sneasler|Sneasler, L50, F|10/100
|turn|7
|inactive|yinobo has 30 seconds left.
|
|t:|1784917246
|switch|p1a: Incineroar|Incineroar, L50, M, shiny|47/100 slp
|-ability|p1a: Incineroar|Intimidate|boost
|-unboost|p2a: Sneasler|atk|1
|-unboost|p2b: Aerodactyl|atk|1
|detailschange|p2b: Aerodactyl|Aerodactyl-Mega, L50, F
|-mega|p2b: Aerodactyl|Aerodactyl|Aerodactylite
|move|p2b: Aerodactyl|Dual Wingbeat|p1b: Toxapex
|-damage|p1b: Toxapex|64/100
|-damage|p1b: Toxapex|52/100
|-hitcount|p1b: Toxapex|2
|move|p2a: Sneasler|Coaching|p2b: Aerodactyl
|-boost|p2b: Aerodactyl|atk|1
|-boost|p2b: Aerodactyl|def|1
|move|p1b: Toxapex|Infestation|p2a: Sneasler
|-resisted|p2a: Sneasler|2
|-damage|p2a: Sneasler|8/100
|-activate|p2a: Sneasler|move: Infestation|[of] p1b: Toxapex
|
|-weather|none
|-heal|p1b: Toxapex|57/100|[from] item: Leftovers
|-damage|p2a: Sneasler|0 fnt|[from] move: Infestation|[partiallytrapped]
|faint|p2a: Sneasler
|upkeep
|
|t:|1784917259
|switch|p2a: Incineroar|Incineroar, L50, F|100/100
|-ability|p2a: Incineroar|Intimidate|boost
|-unboost|p1a: Incineroar|atk|1
|-unboost|p1b: Toxapex|atk|1
|turn|8
|inactive|yinobo has 30 seconds left.
|inactive|yinobo has 20 seconds left.
|
|t:|1784917299
|switch|p1a: Venusaur|Venusaur, L50, M, shiny|62/100
|move|p1b: Toxapex|Baneful Bunker|p1b: Toxapex
|-singleturn|p1b: Toxapex|move: Protect
|move|p2a: Incineroar|Fake Out|p1b: Toxapex
|-activate|p1b: Toxapex|move: Protect
|-status|p2a: Incineroar|psn
|move|p2b: Aerodactyl|Dual Wingbeat|p1a: Venusaur
|-supereffective|p1a: Venusaur|1
|-crit|p1a: Venusaur
|-damage|p1a: Venusaur|0 fnt
|faint|p1a: Venusaur
|-hitcount|p1: Venusaur|1
|
|-heal|p1b: Toxapex|63/100|[from] item: Leftovers
|-damage|p2a: Incineroar|87/100 psn|[from] psn
|upkeep
|
|t:|1784917317
|switch|p1a: Incineroar|Incineroar, L50, M, shiny|47/100 slp
|-ability|p1a: Incineroar|Intimidate|boost
|-unboost|p2a: Incineroar|atk|1
|-unboost|p2b: Aerodactyl|atk|1
|turn|9
|
|t:|1784917332
|move|p2b: Aerodactyl|Protect|p2b: Aerodactyl
|-singleturn|p2b: Aerodactyl|Protect
|cant|p1a: Incineroar|slp
|move|p2a: Incineroar|Darkest Lariat|p1b: Toxapex
|-damage|p1b: Toxapex|43/100
|move|p1b: Toxapex|Toxic|p2b: Aerodactyl
|-activate|p2b: Aerodactyl|move: Protect
|
|-heal|p2a: Incineroar|93/100 psn|[from] item: Leftovers
|-heal|p1b: Toxapex|49/100|[from] item: Leftovers
|-damage|p2a: Incineroar|81/100 psn|[from] psn
|upkeep
|turn|10
|
|t:|1784917348
|move|p1b: Toxapex|Wide Guard|p1b: Toxapex
|-singleturn|p1b: Toxapex|Wide Guard
|move|p2b: Aerodactyl|Rock Slide|p1a: Incineroar|[spread] 
|-activate|p1a: Incineroar|move: Wide Guard
|-activate|p1b: Toxapex|move: Wide Guard
|move|p2a: Incineroar|Darkest Lariat|p1b: Toxapex
|-damage|p1b: Toxapex|30/100
|-curestatus|p1a: Incineroar|slp|[msg]
|move|p1a: Incineroar|Parting Shot|p2b: Aerodactyl
|-unboost|p2b: Aerodactyl|atk|1
|-unboost|p2b: Aerodactyl|spa|1
|
|t:|1784917362
|switch|p1a: Charizard|Charizard-Mega-Y, L50, M, shiny|100/100|[from] Parting Shot
|-weather|SunnyDay|[from] ability: Drought|[of] p1a: Charizard
|
|-weather|SunnyDay|[upkeep]
|-heal|p2a: Incineroar|87/100 psn|[from] item: Leftovers
|-heal|p1b: Toxapex|36/100|[from] item: Leftovers
|-damage|p2a: Incineroar|74/100 psn|[from] psn
|upkeep
|turn|11
|inactive|yinobo has 30 seconds left.
|
|t:|1784917389
|-heal|p1b: Toxapex|69/100|[from] ability: Regenerator|[silent]
|switch|p1b: Incineroar|Incineroar, L50, M, shiny|47/100
|-ability|p1b: Incineroar|Intimidate|boost
|-unboost|p2a: Incineroar|atk|1
|-unboost|p2b: Aerodactyl|atk|1
|move|p1a: Charizard|Protect|p1a: Charizard
|-singleturn|p1a: Charizard|Protect
|move|p2b: Aerodactyl|Tailwind|p2b: Aerodactyl
|-sidestart|p2: h0000n|move: Tailwind
|move|p2a: Incineroar|Flare Blitz|p1a: Charizard
|-activate|p1a: Charizard|move: Protect
|
|-weather|SunnyDay|[upkeep]
|-heal|p2a: Incineroar|80/100 psn|[from] item: Leftovers
|-damage|p2a: Incineroar|68/100 psn|[from] psn
|upkeep
|turn|12
|
|t:|1784917410
|move|p2b: Aerodactyl|Protect|p2b: Aerodactyl
|-singleturn|p2b: Aerodactyl|Protect
|move|p1b: Incineroar|Fake Out|p2b: Aerodactyl
|-activate|p2b: Aerodactyl|move: Protect
|move|p2a: Incineroar|Flare Blitz|p1a: Charizard
|-resisted|p1a: Charizard|1
|-damage|p1a: Charizard|77/100
|-damage|p2a: Incineroar|61/100 psn|[from] Recoil
|move|p1a: Charizard|Ancient Power|p2a: Incineroar
|-supereffective|p2a: Incineroar|1
|-damage|p2a: Incineroar|18/100 psn
|
|-weather|SunnyDay|[upkeep]
|-heal|p2a: Incineroar|24/100 psn|[from] item: Leftovers
|-damage|p2a: Incineroar|12/100 psn|[from] psn
|upkeep
|turn|13
|
|t:|1784917434
|switch|p1b: Toxapex|Toxapex, L50, F, shiny|69/100
|move|p1a: Charizard|Protect|p1a: Charizard
|-singleturn|p1a: Charizard|Protect
|move|p2b: Aerodactyl|Rock Slide|p1a: Charizard|[spread] p1b
|-activate|p1a: Charizard|move: Protect
|-damage|p1b: Toxapex|61/100
|move|p2a: Incineroar|Flare Blitz|p1a: Charizard
|-activate|p1a: Charizard|move: Protect
|
|-weather|SunnyDay|[upkeep]
|-heal|p2a: Incineroar|18/100 psn|[from] item: Leftovers
|-heal|p1b: Toxapex|67/100|[from] item: Leftovers
|-damage|p2a: Incineroar|5/100 psn|[from] psn
|upkeep
|turn|14
|-message|h0000n forfeited.
|
|win|yinobo
|raw|yinobo's rating: 1160 → 1180(+20 for winning)
|raw|h0000n's rating: 1093 → 1074(-19 for losing)
|l|☆h0000n
|player|p2|
