|j|☆Notaplaceofhonor
|j|☆Slo-mmo-o
|html|NotaplaceofhonorSlo-mmo-o    
|uhtml|bestof|Game 2 of a best-of-3
|t:|1756487320
|gametype|doubles
|player|p1|Notaplaceofhonor|juan-gen3|1186
|player|p2|Slo-mmo-o|lance|1192
|gen|9
|tier|[Gen 9] VGC 2025 Reg H (Bo3)
|rated|
|rule|Species Clause: Limit one of each Pokémon
|rule|Item Clause: Limit 1 of each item
|clearpoke
|poke|p1|Indeedee, L50, M|
|poke|p1|Sneasler, L50, F|
|poke|p1|Excadrill, L50, M|
|poke|p1|Magmar, L50, M|
|poke|p1|Corviknight, L50, M|
|poke|p1|Tyranitar, L50, F|
|poke|p2|Kommo-o, L50, F|
|poke|p2|Ninetales-Alola, L50, F|
|poke|p2|Rillaboom, L50, M|
|poke|p2|Electabuzz, L50, M|
|poke|p2|Annihilape, L50, M|
|poke|p2|Kingambit, L50, F|
|teampreview|4
|showteam|p1|Indeedee||ChoiceScarf|PsychicSurge|ExpandingForce,TeraBlast,Trick,Protect|||M|||50|,,,,,Psychic]Sneasler||WhiteHerb|Unburden|FakeOut,CloseCombat,DireClaw,Coaching|||F|||50|,,,,,Flying]Excadrill||FocusSash|SandRush|Earthquake,IronHead,SwordsDance,Protect|||M|||50|,,,,,Ground]Magmar||Eviolite|VitalSpirit|HeatWave,FollowMe,HelpingHand,Protect|||M|||50|,,,,,Flying]Corviknight||PsychicSeed|MirrorArmor|BraveBird,PowerTrip,BulkUp,Roost|||M|||50|,,,,,Water]Tyranitar||AssaultVest|SandStream|RockSlide,KnockOff,LowKick,TeraBlast|||F|||50|,,,,,Flying
|showteam|p2|Kommo-o||LifeOrb|Soundproof|ClangingScales,AuraSphere,Flamethrower,Protect|||F|||50|,,,,,Fire]Ninetales-Alola||NeverMeltIce|SnowWarning|Blizzard,FreezeDry,Encore,Protect|||F|||50|,,,,,Ice]Rillaboom||AssaultVest|GrassySurge|WoodHammer,GrassyGlide,HighHorsepower,FakeOut|||M|||50|,,,,,Poison]Electabuzz||Eviolite|VitalSpirit|Electroweb,HelpingHand,FollowMe,Protect|||M|||50|,,,,,Ghost]Annihilape||FocusSash|Defiant|CloseCombat,ShadowClaw,FinalGambit,Taunt|||M|||50|,,,,,Stellar]Kingambit||BlackGlasses|Defiant|KowtowCleave,SuckerPunch,SwordsDance,Protect|||F|||50|,,,,,Dark
|inactive|Battle timer is ON: inactive players will automatically lose when time's up. (requested by Slo-mmo-o)
|
|t:|1756487342
|teamsize|p1|4
|teamsize|p2|4
|start
|switch|p1a: Corviknight|Corviknight, L50, M|100/100
|switch|p1b: Sneasler|Sneasler, L50, F|100/100
|switch|p2a: Lumi|Ninetales-Alola, L50, F, shiny|100/100
|switch|p2b: Queen Goober|Kingambit, L50, F, shiny|100/100
|-weather|Snowscape|[from] ability: Snow Warning|[of] p2a: Lumi
|turn|1
|
|t:|1756487367
|switch|p1a: Indeedee|Indeedee, L50, M|100/100
|-fieldstart|move: Psychic Terrain|[from] ability: Psychic Surge|[of] p1a: Indeedee
|move|p2b: Queen Goober|Protect|p2b: Queen Goober
|-singleturn|p2b: Queen Goober|Protect
|move|p1b: Sneasler|Dire Claw|p2a: Lumi
|-supereffective|p2a: Lumi
|-damage|p2a: Lumi|17/100
|-status|p2a: Lumi|par
|move|p2a: Lumi|Blizzard|p1b: Sneasler|[spread] p1a,p1b
|-damage|p1a: Indeedee|44/100
|-damage|p1b: Sneasler|46/100
|
|-weather|Snowscape|[upkeep]
|upkeep
|turn|2
|inactive|Notaplaceofhonor has 30 seconds left.
|inactive|Notaplaceofhonor has 20 seconds left.
|
|t:|1756487406
|switch|p2a: Monkey Gong|Rillaboom, L50, M|100/100
|-fieldstart|move: Grassy Terrain|[from] ability: Grassy Surge|[of] p2a: Monkey Gong
|-terastallize|p2b: Queen Goober|Dark
|move|p2b: Queen Goober|Sucker Punch|p1b: Sneasler
|-resisted|p1b: Sneasler
|-damage|p1b: Sneasler|0 fnt
|faint|p1b: Sneasler
|move|p1a: Indeedee|Expanding Force|p2a: Monkey Gong
|-damage|p2a: Monkey Gong|76/100
|
|-weather|Snowscape|[upkeep]
|-heal|p1a: Indeedee|50/100|[from] Grassy Terrain
|-heal|p2a: Monkey Gong|82/100|[from] Grassy Terrain
|upkeep
|
|t:|1756487414
|switch|p1b: Corviknight|Corviknight, L50, M|100/100
|turn|3
|
|t:|1756487420
|switch|p1a: Tyranitar|Tyranitar, L50, F|100/100
|-weather|Sandstorm|[from] ability: Sand Stream|[of] p1a: Tyranitar
|move|p2a: Monkey Gong|Fake Out|p1b: Corviknight
|-resisted|p1b: Corviknight
|-damage|p1b: Corviknight|95/100
|cant|p1b: Corviknight|flinch
|move|p2b: Queen Goober|Kowtow Cleave|p1a: Tyranitar
|-resisted|p1a: Tyranitar
|-damage|p1a: Tyranitar|71/100
|
|-weather|Sandstorm|[upkeep]
|-damage|p2a: Monkey Gong|76/100|[from] Sandstorm
|-damage|p2b: Queen Goober|95/100|[from] Sandstorm
|-heal|p2a: Monkey Gong|82/100|[from] Grassy Terrain
|-heal|p1a: Tyranitar|77/100|[from] Grassy Terrain
|-heal|p2b: Queen Goober|100/100|[from] Grassy Terrain
|upkeep
|turn|4
|inactive|Notaplaceofhonor has 30 seconds left.
|inactive|Notaplaceofhonor has 20 seconds left.
|inactive|Notaplaceofhonor has 15 seconds left.
|inactive|Notaplaceofhonor has 10 seconds left.
|inactive|Notaplaceofhonor has 5 seconds left.
|
|t:|1756487472
|move|p2b: Queen Goober|Sucker Punch|p1a: Tyranitar
|-resisted|p1a: Tyranitar
|-damage|p1a: Tyranitar|53/100
|move|p2a: Monkey Gong|Wood Hammer|p1a: Tyranitar
|-supereffective|p1a: Tyranitar
|-damage|p1a: Tyranitar|0 fnt
|faint|p1a: Tyranitar
|-damage|p2a: Monkey Gong|64/100|[from] Recoil
|move|p1b: Corviknight|Brave Bird|p2a: Monkey Gong
|-supereffective|p2a: Monkey Gong
|-damage|p2a: Monkey Gong|0 fnt
|faint|p2a: Monkey Gong
|-damage|p1b: Corviknight|75/100|[from] Recoil
|
|-weather|Sandstorm|[upkeep]
|-damage|p2b: Queen Goober|95/100|[from] Sandstorm
|-heal|p2b: Queen Goober|100/100|[from] Grassy Terrain
|upkeep
|
|t:|1756487479
|switch|p2a: Lumi|Ninetales-Alola, L50, F, shiny|17/100 par
|switch|p1a: Indeedee|Indeedee, L50, M|50/100
|-fieldstart|move: Psychic Terrain|[from] ability: Psychic Surge|[of] p1a: Indeedee
|-enditem|p1b: Corviknight|Psychic Seed
|-boost|p1b: Corviknight|spd|1|[from] item: Psychic Seed
|-weather|Snowscape|[from] ability: Snow Warning|[of] p2a: Lumi
|turn|5
|inactive|Notaplaceofhonor has 30 seconds left.
|inactive|Notaplaceofhonor has 20 seconds left.
|
|t:|1756487516
|-terastallize|p1b: Corviknight|Water
|move|p1a: Indeedee|Trick|p2b: Queen Goober
|-activate|p1a: Indeedee|move: Trick|[of] p2b: Queen Goober
|-item|p2b: Queen Goober|Choice Scarf|[from] move: Trick
|-item|p1a: Indeedee|Black Glasses|[from] move: Trick
|move|p1b: Corviknight|Roost|p1b: Corviknight
|-heal|p1b: Corviknight|100/100
|cant|p2a: Lumi|par
|move|p2b: Queen Goober|Kowtow Cleave|p1a: Indeedee
|-supereffective|p1a: Indeedee
|-damage|p1a: Indeedee|0 fnt
|faint|p1a: Indeedee
|
|-weather|Snowscape|[upkeep]
|upkeep
|turn|6
|
|t:|1756487534
|move|p1b: Corviknight|Brave Bird|p2a: Lumi
|-damage|p2a: Lumi|0 fnt
|faint|p2a: Lumi
|-damage|p1b: Corviknight|97/100|[from] Recoil
|move|p2b: Queen Goober|Kowtow Cleave|p1b: Corviknight
|-damage|p1b: Corviknight|47/100
|
|-weather|Snowscape|[upkeep]
|upkeep
|
|t:|1756487537
|switch|p2a: Kommodo-Moʻo|Kommo-o, L50, F, shiny|100/100
|turn|7
|
|t:|1756487561
|move|p2a: Kommodo-Moʻo|Clanging Scales|p1b: Corviknight
|-damage|p1b: Corviknight|4/100
|-unboost|p2a: Kommodo-Moʻo|def|1
|-damage|p2a: Kommodo-Moʻo|91/100|[from] item: Life Orb
|move|p1b: Corviknight|Roost|p1b: Corviknight
|-heal|p1b: Corviknight|55/100
|move|p2b: Queen Goober|Kowtow Cleave|p1b: Corviknight
|-damage|p1b: Corviknight|6/100
|
|-weather|Snowscape|[upkeep]
|upkeep
|turn|8
|-message|Notaplaceofhonor forfeited.
|raw|Notaplaceofhonor's rating: 1186 → 1161(-25 for losing)
|raw|Slo-mmo-o's rating: 1192 → 1217(+25 for winning)
|
|win|Slo-mmo-o
