|j|☆wat2199
|j|☆Cannon14
|html|wat2199Cannon14    
|uhtml|bestof|Game 1 of a best-of-3
|t:|1784526727
|gametype|doubles
|player|p1|wat2199|nurse|1182
|player|p2|Cannon14|steven|1221
|gen|9
|tier|[Gen 9 Champions] VGC 2026 Reg M-B (Bo3)
|rated|
|rule|Species Clause: Limit one of each Pokémon
|rule|Item Clause: Limit 1 of each item
|clearpoke
|poke|p1|Floette-Eternal, L50, F|
|poke|p1|Metagross, L50, shiny|
|poke|p1|Sinistcha, L50|
|poke|p1|Sneasler, L50, M|
|poke|p1|Incineroar, L50, M|
|poke|p1|Aerodactyl, L50, M|
|poke|p2|Lycanroc-Dusk, L50, M|
|poke|p2|Froslass, L50, F|
|poke|p2|Scovillain, L50, F|
|poke|p2|Gholdengo, L50|
|poke|p2|Incineroar, L50, M, shiny|
|poke|p2|Dragonite, L50, F|
|teampreview|4
|showteam|p1|Floette-Eternal||Floettite|FlowerVeil|DazzlingGleam,DrainingKiss,CalmMind,Protect|Modest||F|||50|]Metagross||Metagrossite|ClearBody|PsychicFangs,StompingTantrum,BulletPunch,Protect|Adamant|||||50|]Sinistcha||FocusSash|Hospitality|ShadowBall,MatchaGotcha,RagePowder,Protect|Modest|||||50|]Sneasler||WhiteHerb|Unburden|CloseCombat,DireClaw,Coaching,FakeOut|Jolly||M|||50|]Incineroar||SitrusBerry|Intimidate|FlareBlitz,FakeOut,PartingShot,Roar|Careful||M|||50|]Aerodactyl||WideLens|Unnerve|RockSlide,IceFang,Tailwind,Protect|Jolly||M|||50|
|showteam|p2|Lycanroc-Dusk||FocusSash|ToughClaws|Accelerock,RockSlide,CloseCombat,Protect|Jolly||M|||50|]Froslass||Froslassite|CursedBody|ShadowBall,Blizzard,AuroraVeil,Protect|Timid||F|||50|]Scovillain||Scovillainite|Chlorophyll|GigaDrain,Overheat,RagePowder,Protect|Calm||F|||50|]Gholdengo||Leftovers|GoodasGold|ShadowBall,MakeItRain,NastyPlot,Protect|Modest|||||50|]Incineroar||PasshoBerry|Intimidate|FakeOut,FlareBlitz,ThroatChop,PartingShot|Careful||M|||50|]Dragonite||DragonFang|Multiscale|DragonClaw,LowKick,Tailwind,Protect|Adamant||F|||50|
|inactive|Battle timer is ON: inactive players will automatically lose when time's up. (requested by wat2199)
|inactive|Cannon14 also wants the timer to be on.
|inactive|wat2199 has 60 seconds left.
|inactive|Cannon14 has 60 seconds left.
|
|t:|1784526787
|teamsize|p1|4
|teamsize|p2|4
|start
|switch|p1a: Khing|Aerodactyl, L50, M|100/100
|switch|p1b: Laukea|Incineroar, L50, M|100/100
|switch|p2a: Scovillain|Scovillain, L50, F|100/100
|switch|p2b: Incineroar|Incineroar, L50, M, shiny|100/100
|-ability|p1a: Khing|Unnerve
|-ability|p2b: Incineroar|Intimidate|boost
|-unboost|p1a: Khing|atk|1
|-unboost|p1b: Laukea|atk|1
|-ability|p1b: Laukea|Intimidate|boost
|-unboost|p2a: Scovillain|atk|1
|-unboost|p2b: Incineroar|atk|1
|turn|1
|
|t:|1784526810
|detailschange|p2a: Scovillain|Scovillain-Mega, L50, F
|-mega|p2a: Scovillain|Scovillain|Scovillainite
|move|p1a: Khing|Protect|p1a: Khing
|-singleturn|p1a: Khing|Protect
|move|p2b: Incineroar|Fake Out|p1a: Khing
|-activate|p1a: Khing|move: Protect
|move|p2a: Scovillain|Giga Drain|p1a: Khing
|-activate|p1a: Khing|move: Protect
|move|p1b: Laukea|Roar|p2a: Scovillain
|drag|p2a: Gholdengo|Gholdengo, L50|100/100
|
|upkeep
|turn|2
|
|t:|1784526830
|move|p2a: Gholdengo|Protect|p2a: Gholdengo
|-singleturn|p2a: Gholdengo|Protect
|move|p1a: Khing|Tailwind|p1a: Khing
|-sidestart|p1: wat2199|move: Tailwind
|move|p1b: Laukea|Flare Blitz|p2a: Gholdengo
|-activate|p2a: Gholdengo|move: Protect
|move|p2b: Incineroar|Parting Shot|p1b: Laukea
|-unboost|p1b: Laukea|atk|1
|-unboost|p1b: Laukea|spa|1
|
|t:|1784526837
|switch|p2b: Scovillain|Scovillain-Mega, L50, F|100/100|[from] Parting Shot
|
|upkeep
|turn|3
|
|t:|1784526852
|move|p1a: Khing|Protect|p1a: Khing
|-singleturn|p1a: Khing|Protect
|move|p2b: Scovillain|Rage Powder|p2b: Scovillain
|-singleturn|p2b: Scovillain|move: Rage Powder
|move|p1b: Laukea|Parting Shot|p2b: Scovillain
|-unboost|p2b: Scovillain|atk|1
|-unboost|p2b: Scovillain|spa|1
|
|t:|1784526863
|switch|p1b: Ana|Sinistcha, L50|100/100|[from] Parting Shot
|move|p2a: Gholdengo|Nasty Plot|p2a: Gholdengo
|-boost|p2a: Gholdengo|spa|2
|
|upkeep
|turn|4
|inactive|Cannon14 has 30 seconds left.
|inactive|Cannon14 has 20 seconds left.
|inactive|Cannon14 has 15 seconds left.
|inactive|wat2199 has 30 seconds left.
|inactive|Cannon14 has 10 seconds left.
|inactive|wat2199 has 20 seconds left.
|
|t:|1784526921
|move|p2a: Gholdengo|Protect|p2a: Gholdengo
|-singleturn|p2a: Gholdengo|Protect
|move|p1a: Khing|Rock Slide|p2a: Gholdengo|[spread] p2b
|-activate|p2a: Gholdengo|move: Protect
|-supereffective|p2b: Scovillain|1
|-damage|p2b: Scovillain|68/100
|-status|p1a: Khing|brn|[from] ability: Spicy Spray|[of] p2b: Scovillain
|move|p1b: Ana|Shadow Ball|p2a: Gholdengo
|-activate|p2a: Gholdengo|move: Protect
|move|p2b: Scovillain|Overheat|p1b: Ana
|-supereffective|p1b: Ana|1
|-damage|p1b: Ana|3/100
|-unboost|p2b: Scovillain|spa|2
|
|-damage|p1a: Khing|94/100 brn|[from] brn
|upkeep
|turn|5
|
|t:|1784526941
|move|p1a: Khing|Rock Slide|p2b: Scovillain|[spread] p2a,p2b
|-resisted|p2a: Gholdengo|1
|-supereffective|p2b: Scovillain|1
|-damage|p2a: Gholdengo|96/100
|-damage|p2b: Scovillain|52/100
|move|p1b: Ana|Shadow Ball|p2a: Gholdengo
|-supereffective|p2a: Gholdengo|1
|-damage|p2a: Gholdengo|6/100
|-unboost|p2a: Gholdengo|spd|1
|cant|p2a: Gholdengo|flinch
|cant|p2b: Scovillain|flinch
|
|-heal|p2a: Gholdengo|12/100|[from] item: Leftovers
|-damage|p1a: Khing|88/100 brn|[from] brn
|-sideend|p1: wat2199|move: Tailwind
|upkeep
|turn|6
|inactive|wat2199 has 30 seconds left.
|inactive|Cannon14 has 30 seconds left.
|
|t:|1784526971
|move|p2a: Gholdengo|Protect|p2a: Gholdengo
|-singleturn|p2a: Gholdengo|Protect
|move|p1a: Khing|Rock Slide|p2b: Scovillain|[spread] p2b
|-activate|p2a: Gholdengo|move: Protect
|-supereffective|p2b: Scovillain|1
|-damage|p2b: Scovillain|38/100
|cant|p2b: Scovillain|flinch
|move|p1b: Ana|Shadow Ball|p2b: Scovillain
|-damage|p2b: Scovillain|0 fnt
|-status|p1b: Ana|brn|[from] ability: Spicy Spray|[of] p2b: Scovillain
|faint|p2b: Scovillain
|
|-heal|p2a: Gholdengo|18/100|[from] item: Leftovers
|-damage|p1a: Khing|82/100 brn|[from] brn
|-damage|p1b: Ana|0 fnt|[from] brn
|faint|p1b: Ana
|upkeep
|inactive|Cannon14 has 30 seconds left.
|inactive|Cannon14 has 20 seconds left.
|inactive|Cannon14 has 15 seconds left.
|inactive|Cannon14 has 10 seconds left.
|
|t:|1784527018
|switch|p2b: Incineroar|Incineroar, L50, M, shiny|100/100
|switch|p1b: Hayven|Floette-Eternal, L50, F|100/100
|-ability|p2b: Incineroar|Intimidate|boost
|-unboost|p1a: Khing|atk|1
|-unboost|p1b: Hayven|atk|1
|turn|7
|
|t:|1784527033
|move|p1a: Khing|Protect|p1a: Khing
|-singleturn|p1a: Khing|Protect
|move|p1b: Hayven|Protect|p1b: Hayven
|-singleturn|p1b: Hayven|Protect
|move|p2b: Incineroar|Fake Out|p1b: Hayven
|-activate|p1b: Hayven|move: Protect
|move|p2a: Gholdengo|Make It Rain|p1a: Khing|[spread] 
|-activate|p1a: Khing|move: Protect
|-activate|p1b: Hayven|move: Protect
|
|-heal|p2a: Gholdengo|24/100|[from] item: Leftovers
|-damage|p1a: Khing|76/100 brn|[from] brn
|upkeep
|turn|8
|
|t:|1784527055
|detailschange|p1b: Hayven|Floette-Mega, L50, F
|-mega|p1b: Hayven|Floette|Floettite
|-ability|p1b: Hayven|Fairy Aura
|move|p1a: Khing|Tailwind|p1a: Khing
|-sidestart|p1: wat2199|move: Tailwind
|move|p1b: Hayven|Dazzling Gleam|p2a: Gholdengo|[spread] p2a,p2b
|-resisted|p2a: Gholdengo|1
|-damage|p2a: Gholdengo|0 fnt
|-damage|p2b: Incineroar|65/100
|faint|p2a: Gholdengo
|move|p2b: Incineroar|Parting Shot|p1b: Hayven
|-unboost|p1b: Hayven|atk|1
|-unboost|p1b: Hayven|spa|1
|
|t:|1784527065
|switch|p2b: Lycanroc|Lycanroc-Dusk, L50, M|100/100|[from] Parting Shot
|
|-damage|p1a: Khing|70/100 brn|[from] brn
|upkeep
|
|t:|1784527067
|switch|p2a: Incineroar|Incineroar, L50, M, shiny|65/100
|-ability|p2a: Incineroar|Intimidate|boost
|-unboost|p1a: Khing|atk|1
|-unboost|p1b: Hayven|atk|1
|turn|9
|
|t:|1784527080
|switch|p1a: Laukea|Incineroar, L50, M|100/100
|-ability|p1a: Laukea|Intimidate|boost
|-unboost|p2a: Incineroar|atk|1
|-unboost|p2b: Lycanroc|atk|1
|move|p1b: Hayven|Protect|p1b: Hayven
|-singleturn|p1b: Hayven|Protect
|move|p2a: Incineroar|Fake Out|p1b: Hayven
|-activate|p1b: Hayven|move: Protect
|move|p2b: Lycanroc|Accelerock|p1a: Laukea
|-supereffective|p1a: Laukea|1
|-damage|p1a: Laukea|70/100
|
|upkeep
|turn|10
|inactive|wat2199 has 30 seconds left.
|inactive|Cannon14 has 30 seconds left.
|inactive|Cannon14 has 20 seconds left.
|inactive|Cannon14 has 15 seconds left.
|
|t:|1784527122
|switch|p1a: Khing|Aerodactyl, L50, M|70/100 brn
|-ability|p1a: Khing|Unnerve
|move|p2b: Lycanroc|Protect|p2b: Lycanroc
|-singleturn|p2b: Lycanroc|Protect
|move|p1b: Hayven|Dazzling Gleam|p2b: Lycanroc|[spread] p2a
|-activate|p2b: Lycanroc|move: Protect
|-damage|p2a: Incineroar|41/100
|move|p2a: Incineroar|Flare Blitz|p1b: Hayven
|-damage|p1b: Hayven|58/100
|-damage|p2a: Incineroar|30/100|[from] Recoil
|
|-damage|p1a: Khing|64/100 brn|[from] brn
|upkeep
|turn|11
|
|t:|1784527143
|switch|p1a: Laukea|Incineroar, L50, M|70/100
|-ability|p1a: Laukea|Intimidate|boost
|-unboost|p2a: Incineroar|atk|1
|-unboost|p2b: Lycanroc|atk|1
|move|p1b: Hayven|Draining Kiss|p2a: Incineroar
|-damage|p2a: Incineroar|10/100
|-heal|p1b: Hayven|76/100|[from] drain|[of] p2a: Incineroar
|move|p2b: Lycanroc|Rock Slide|p1a: Laukea|[spread] p1a,p1b
|-supereffective|p1a: Laukea|1
|-damage|p1a: Laukea|45/100
|-damage|p1b: Hayven|59/100
|-enditem|p1a: Laukea|Sitrus Berry|[eat]
|-heal|p1a: Laukea|70/100|[from] item: Sitrus Berry
|move|p2a: Incineroar|Flare Blitz|p1b: Hayven
|-damage|p1b: Hayven|31/100
|-damage|p2a: Incineroar|2/100|[from] Recoil
|
|-sideend|p1: wat2199|move: Tailwind
|upkeep
|turn|12
|inactive|Cannon14 has 30 seconds left.
|inactive|Cannon14 has 20 seconds left.
|inactive|Cannon14 has 15 seconds left.
|
|t:|1784527188
|switch|p1b: Khing|Aerodactyl, L50, M|64/100 brn
|-ability|p1b: Khing|Unnerve
|move|p1a: Laukea|Fake Out|p2b: Lycanroc
|-resisted|p2b: Lycanroc|1
|-damage|p2b: Lycanroc|90/100
|cant|p2b: Lycanroc|flinch
|move|p2a: Incineroar|Flare Blitz|p1b: Khing
|-resisted|p1b: Khing|1
|-damage|p1b: Khing|48/100 brn
|-damage|p2a: Incineroar|0 fnt|[from] Recoil
|faint|p2a: Incineroar
|
|-damage|p1b: Khing|42/100 brn|[from] brn
|upkeep
|turn|13
|
|t:|1784527205
|move|p2b: Lycanroc|Accelerock|p1b: Khing
|-supereffective|p1b: Khing|1
|-damage|p1b: Khing|11/100 brn
|move|p1b: Khing|Tailwind|p1b: Khing
|-sidestart|p1: wat2199|move: Tailwind
|move|p1a: Laukea|Parting Shot|p2b: Lycanroc
|-unboost|p2b: Lycanroc|atk|1
|-unboost|p2b: Lycanroc|spa|1
|
|t:|1784527212
|switch|p1a: Hayven|Floette-Mega, L50, F|31/100|[from] Parting Shot
|-ability|p1a: Hayven|Fairy Aura
|
|-damage|p1b: Khing|5/100 brn|[from] brn
|upkeep
|turn|14
|inactive|Cannon14 has 30 seconds left.
|inactive|Cannon14 has 20 seconds left.
|inactive|Cannon14 has 15 seconds left.
|inactive|Cannon14 has 10 seconds left.
|inactive|Cannon14 has 5 seconds left.
|
|t:|1784527267
|switch|p1b: Laukea|Incineroar, L50, M|70/100
|-ability|p1b: Laukea|Intimidate|boost
|-unboost|p2b: Lycanroc|atk|1
|move|p2b: Lycanroc|Accelerock|p1b: Laukea
|-supereffective|p1b: Laukea|1
|-damage|p1b: Laukea|56/100
|move|p1a: Hayven|Draining Kiss|p2b: Lycanroc
|-damage|p2b: Lycanroc|24/100
|-heal|p1a: Hayven|75/100|[from] drain|[of] p2b: Lycanroc
|
|upkeep
|turn|15
|
|t:|1784527283
|move|p1b: Laukea|Fake Out|p2b: Lycanroc
|-resisted|p2b: Lycanroc|1
|-damage|p2b: Lycanroc|16/100
|move|p1a: Hayven|Draining Kiss|p2b: Lycanroc
|-damage|p2b: Lycanroc|0 fnt
|-heal|p1a: Hayven|86/100|[from] drain|[of] p2b: Lycanroc
|faint|p2b: Lycanroc
|
|win|wat2199
||wat2199 is ready for game 2.
|inactive|Cannon14 has 30 seconds to confirm battle start!
||Cannon14 is ready for game 2.
|uhtml|next|Next: Game 2 of 3
|l|☆Cannon14
|player|p2|
