|j|☆kaiqueg6789
|j|☆lancerh
|html|kaiqueg6789lancerh    
|uhtml|bestof|Game 2 of a best-of-3
|t:|1757720055
|gametype|doubles
|player|p1|kaiqueg6789|102|1044
|player|p2|lancerh|169|1146
|gen|9
|tier|[Gen 9] VGC 2025 Reg H (Bo3)
|rated|
|rule|Species Clause: Limit one of each Pokémon
|rule|Item Clause: Limit 1 of each item
|clearpoke
|poke|p1|Kingdra, L50, M|
|poke|p1|Rillaboom, L50, M|
|poke|p1|Gholdengo, L50|
|poke|p1|Politoed, L50, F|
|poke|p1|Dragonite, L50, M|
|poke|p1|Volcarona, L50, M|
|poke|p2|Indeedee, L50, M|
|poke|p2|Dondozo, L50, F|
|poke|p2|Tatsugiri, L50, F|
|poke|p2|Ninetales-Alola, L50, F|
|poke|p2|Armarouge, L50, M|
|poke|p2|Sneasler, L50, M|
|teampreview|4
|showteam|p1|Kingdra||LifeOrb|SwiftSwim|WeatherBall,DracoMeteor,MuddyWater,Protect|||M|||50|,,,,,Stellar]Rillaboom||AssaultVest|GrassySurge|WoodHammer,HighHorsepower,GrassyGlide,FakeOut|||M|||50|,,,,,Fire]Gholdengo||SafetyGoggles|GoodasGold|MakeItRain,ShadowBall,NastyPlot,Protect||||||50|,,,,,Water]Politoed||SitrusBerry|Drizzle|WeatherBall,Encore,HelpingHand,Protect|||F|||50|,,,,,Water]Dragonite||LoadedDice|Multiscale|Tailwind,ScaleShot,Haze,Protect|||M|||50|,,,,,Dragon]Volcarona||MentalHerb|FlameBody|RagePowder,QuiverDance,BugBuzz,Protect|||M|||50|,,,,,Bug
|showteam|p2|Indeedee||FocusSash|PsychicSurge|TrickRoom,ExpandingForce,TeraBlast,Protect|||M|||50|,,,,,Fighting]Dondozo||Leftovers|Unaware|OrderUp,Protect,Yawn,WaveCrash|||F|||50|,,,,,Steel]Tatsugiri||ChoiceScarf|Commander|MuddyWater,IcyWind,DracoMeteor,DragonPulse|||F|||50|,,,,,Stellar]Ninetales-Alola||IciclePlate|SnowWarning|Blizzard,AuroraVeil,FreezeDry,Moonblast|||F|||50|,,,,,Water]Armarouge||PowerHerb|FlashFire|ExpandingForce,HeatWave,MeteorBeam,Protect|||M|||50|,,,,,Grass]Sneasler||PsychicSeed|Unburden|DireClaw,CloseCombat,ThroatChop,Protect|||M|||50|,,,,,Dark
|
|t:|1757720103
|teamsize|p1|4
|teamsize|p2|4
|start
|switch|p1a: Gholdengo|Gholdengo, L50|100/100
|switch|p1b: Kingdra|Kingdra, L50, M|100/100
|switch|p2a: Tatsugiri|Tatsugiri, L50, F|100/100
|switch|p2b: Sneasler|Sneasler, L50, M, shiny|100/100
|turn|1
|
|t:|1757720139
|switch|p1a: Politoed|Politoed, L50, F|100/100
|-weather|RainDance|[from] ability: Drizzle|[of] p1a: Politoed
|-terastallize|p2a: Tatsugiri|Stellar
|-terastallize|p1b: Kingdra|Stellar
|move|p1b: Kingdra|Weather Ball|p2b: Sneasler
|-damage|p2b: Sneasler|0 fnt
|faint|p2b: Sneasler
|-damage|p1b: Kingdra|91/100|[from] item: Life Orb
|move|p2a: Tatsugiri|Draco Meteor|p1b: Kingdra
|-supereffective|p1b: Kingdra
|-damage|p1b: Kingdra|0 fnt
|-unboost|p2a: Tatsugiri|spa|2
|faint|p1b: Kingdra
|
|-weather|RainDance|[upkeep]
|upkeep
|
|t:|1757720159
|switch|p2b: Dondozo|Dondozo, L50, F|100/100
|switch|p1b: Gholdengo|Gholdengo, L50|100/100
|-activate|p2a: Tatsugiri|ability: Commander|[of] p2b: Dondozo
|-boost|p2b: Dondozo|atk|2
|-boost|p2b: Dondozo|spa|2
|-boost|p2b: Dondozo|spe|2
|-boost|p2b: Dondozo|def|2
|-boost|p2b: Dondozo|spd|2
|turn|2
|
|t:|1757720175
|switch|p1a: Dragonite|Dragonite, L50, M|100/100
|move|p2b: Dondozo|Order Up|p1a: Dragonite
|-supereffective|p1a: Dragonite
|-damage|p1a: Dragonite|50/100
|-boost|p2b: Dondozo|atk|1
|move|p1b: Gholdengo|Nasty Plot|p1b: Gholdengo
|-boost|p1b: Gholdengo|spa|2
|
|-weather|RainDance|[upkeep]
|upkeep
|turn|3
|
|t:|1757720196
|move|p1a: Dragonite|Protect|p1a: Dragonite
|-singleturn|p1a: Dragonite|Protect
|move|p2b: Dondozo|Order Up|p1a: Dragonite
|-activate|p1a: Dragonite|move: Protect
|move|p1b: Gholdengo|Shadow Ball|p2a: Tatsugiri|[miss]
|-miss|p1b: Gholdengo|p2a: Tatsugiri
|
|-weather|RainDance|[upkeep]
|upkeep
|turn|4
|
|t:|1757720215
|switch|p1a: Politoed|Politoed, L50, F|100/100
|move|p2b: Dondozo|Order Up|p1a: Politoed
|-damage|p1a: Politoed|54/100
|-boost|p2b: Dondozo|atk|1
|move|p1b: Gholdengo|Nasty Plot|p1b: Gholdengo
|-boost|p1b: Gholdengo|spa|2
|
|-weather|RainDance|[upkeep]
|upkeep
|turn|5
|
|t:|1757720239
|move|p1a: Politoed|Helping Hand|p1b: Gholdengo
|-immune|p1b: Gholdengo|[from] ability: Good as Gold
|move|p2b: Dondozo|Order Up|p1a: Politoed
|-damage|p1a: Politoed|0 fnt
|faint|p1a: Politoed
|-boost|p2b: Dondozo|atk|1
|move|p1b: Gholdengo|Shadow Ball|p2b: Dondozo
|-damage|p2b: Dondozo|82/100
|
|-weather|none
|-heal|p2b: Dondozo|88/100|[from] item: Leftovers
|upkeep
|
|t:|1757720244
|switch|p1a: Dragonite|Dragonite, L50, M|50/100
|turn|6
|
|t:|1757720252
|move|p2b: Dondozo|Order Up|p1a: Dragonite
|-supereffective|p1a: Dragonite
|-damage|p1a: Dragonite|0 fnt
|faint|p1a: Dragonite
|-boost|p2b: Dondozo|atk|1
|move|p1b: Gholdengo|Shadow Ball|p2b: Dondozo
|-damage|p2b: Dondozo|68/100
|
|-heal|p2b: Dondozo|74/100|[from] item: Leftovers
|upkeep
|turn|7
|
|t:|1757720256
|move|p2b: Dondozo|Wave Crash|p1b: Gholdengo
|-damage|p1b: Gholdengo|0 fnt
|faint|p1b: Gholdengo
|-damage|p2b: Dondozo|51/100|[from] Recoil
|
|win|lancerh
|raw|kaiqueg6789's rating: 1044 → 1032(-12 for losing)
|raw|lancerh's rating: 1146 → 1164(+18 for winning)
