|j|☆WashYoButt
|j|☆noelle holiday vgc
|html|WashYoButtnoelle holiday vgc    
|uhtml|bestof|Game 2 of a best-of-3
|t:|1757702612
|gametype|doubles
|player|p1|WashYoButt|ariana|1159
|player|p2|noelle holiday vgc|winona|1221
|gen|9
|tier|[Gen 9] VGC 2025 Reg H (Bo3)
|rated|
|rule|Species Clause: Limit one of each Pokémon
|rule|Item Clause: Limit 1 of each item
|clearpoke
|poke|p1|Gholdengo, L50|
|poke|p1|Basculegion, L50, M|
|poke|p1|Amoonguss, L50, M|
|poke|p1|Kommo-o, L50, M|
|poke|p1|Ninetales-Alola, L50, F|
|poke|p1|Incineroar, L50, M|
|poke|p2|Dragonite, L50, M|
|poke|p2|Gholdengo, L50|
|poke|p2|Archaludon, L50, F|
|poke|p2|Ribombee, L50, M|
|poke|p2|Ursaluna-Bloodmoon, L50, M|
|poke|p2|Sneasler, L50, F|
|teampreview|4
|showteam|p1|Gholdengo||LifeOrb|GoodasGold|Protect,NastyPlot,ShadowBall,MakeItRain||||||50|,,,,,Water]Basculegion||ChoiceScarf|Adaptability|WaveCrash,LastRespects,AquaJet,FlipTurn|||M|||50|,,,,,Grass]Amoonguss||RockyHelmet|Regenerator|Spore,PollenPuff,RagePowder,ClearSmog|||M|||50|,,,,,Water]Kommo-o||Leftovers|Overcoat|IronDefense,BodyPress,Flamethrower,Protect|||M|||50|,,,,,Fire]Ninetales-Alola||FocusSash|SnowWarning|Protect,Moonblast,Blizzard,FreezeDry|||F|||50|,,,,,Ghost]Incineroar||SafetyGoggles|Intimidate|KnockOff,FlareBlitz,FakeOut,PartingShot|||M|||50|,,,,,Ghost
|showteam|p2|Dragonite||LoadedDice|Multiscale|Haze,IceSpinner,ScaleShot,Protect|||M|||50|,,,,,Steel]Gholdengo||ChoiceSpecs|GoodasGold|MakeItRain,ShadowBall,Thunderbolt,PowerGem||||||50|,,,,,Steel]Archaludon||PowerHerb|Sturdy|ElectroShot,FlashCannon,DracoMeteor,Protect|||F|||50|,,,,,Stellar]Ribombee||FocusSash|ShieldDust|Moonblast,Tailwind,FakeTears,Protect|||M|||50|,,,,,Dark]Ursaluna-Bloodmoon||AssaultVest|MindsEye|EarthPower,BloodMoon,HyperVoice,VacuumWave|||M|||50|,,,,,Water]Sneasler||WhiteHerb|Unburden|CloseCombat,DireClaw,FakeOut,Protect|||F|||50|,,,,,Ghost
|inactive|Battle timer is ON: inactive players will automatically lose when time's up. (requested by noelle holiday vgc)
|
|t:|1757702626
|teamsize|p1|4
|teamsize|p2|4
|start
|switch|p1a: Basculegion|Basculegion, L50, M|100/100
|switch|p1b: Incineroar|Incineroar, L50, M|100/100
|switch|p2a: Ribombee|Ribombee, L50, M|100/100
|switch|p2b: Gholdengo|Gholdengo, L50|100/100
|-ability|p1b: Incineroar|Intimidate|boost
|-unboost|p2a: Ribombee|atk|1
|-unboost|p2b: Gholdengo|atk|1
|turn|1
|
|t:|1757702636
|move|p1a: Basculegion|Wave Crash|p2a: Ribombee
|-enditem|p2a: Ribombee|Focus Sash
|-damage|p2a: Ribombee|1/100
|-damage|p1a: Basculegion|77/100|[from] Recoil
|move|p2a: Ribombee|Tailwind|p2a: Ribombee
|-sidestart|p2: noelle holiday vgc|move: Tailwind
|move|p2b: Gholdengo|Shadow Ball|p1a: Basculegion
|-supereffective|p1a: Basculegion
|-damage|p1a: Basculegion|0 fnt
|faint|p1a: Basculegion
|move|p1b: Incineroar|Knock Off|p2b: Gholdengo
|-supereffective|p2b: Gholdengo
|-damage|p2b: Gholdengo|21/100
|-enditem|p2b: Gholdengo|Choice Specs|[from] move: Knock Off|[of] p1b: Incineroar
|
|upkeep
|
|t:|1757702643
|switch|p1a: Gholdengo|Gholdengo, L50|100/100
|turn|2
|inactive|WashYoButt has 30 seconds left.
|
|t:|1757702668
|switch|p1b: Kommo-o|Kommo-o, L50, M|100/100
|-terastallize|p1a: Gholdengo|Water
|move|p2a: Ribombee|Fake Tears|p1b: Kommo-o
|-unboost|p1b: Kommo-o|spd|2
|move|p2b: Gholdengo|Power Gem|p1b: Kommo-o
|-resisted|p1b: Kommo-o
|-damage|p1b: Kommo-o|76/100
|move|p1a: Gholdengo|Make It Rain|p2a: Ribombee|[spread] p2a,p2b
|-supereffective|p2a: Ribombee
|-resisted|p2b: Gholdengo
|-damage|p2a: Ribombee|0 fnt
|-damage|p2b: Gholdengo|0 fnt
|-unboost|p1a: Gholdengo|spa|1
|faint|p2a: Ribombee
|faint|p2b: Gholdengo
|-damage|p1a: Gholdengo|91/100|[from] item: Life Orb
|
|-heal|p1b: Kommo-o|82/100|[from] item: Leftovers
|upkeep
|
|t:|1757702674
|switch|p2a: Ursaluna|Ursaluna-Bloodmoon, L50, M|100/100
|switch|p2b: Archaludon|Archaludon, L50, F|100/100
|turn|3
|
|t:|1757702683
|switch|p1b: Incineroar|Incineroar, L50, M|100/100
|-ability|p1b: Incineroar|Intimidate|boost
|-unboost|p2a: Ursaluna|atk|1
|-unboost|p2b: Archaludon|atk|1
|-terastallize|p2a: Ursaluna|Water
|move|p1a: Gholdengo|Protect|p1a: Gholdengo
|-singleturn|p1a: Gholdengo|Protect
|move|p2b: Archaludon|Electro Shot||[still]
|-prepare|p2b: Archaludon|Electro Shot
|-boost|p2b: Archaludon|spa|1
|-enditem|p2b: Archaludon|Power Herb
|-anim|p2b: Archaludon|Electro Shot|p1a: Gholdengo
|-activate|p1a: Gholdengo|move: Protect
|move|p2a: Ursaluna|Hyper Voice|p1b: Incineroar|[spread] p1b
|-activate|p1a: Gholdengo|move: Protect
|-damage|p1b: Incineroar|68/100
|
|upkeep
|turn|4
|
|t:|1757702698
|switch|p1a: Kommo-o|Kommo-o, L50, M|82/100
|move|p1b: Incineroar|Fake Out|p2a: Ursaluna
|-damage|p2a: Ursaluna|92/100
|move|p2b: Archaludon|Draco Meteor|p1a: Kommo-o
|-supereffective|p1a: Kommo-o
|-damage|p1a: Kommo-o|0 fnt
|-unboost|p2b: Archaludon|spa|2
|faint|p1a: Kommo-o
|cant|p2a: Ursaluna|flinch
|
|-sideend|p2: noelle holiday vgc|move: Tailwind
|upkeep
|
|t:|1757702701
|switch|p1a: Gholdengo|Gholdengo, L50, tera:Water|91/100
|turn|5
|
|t:|1757702719
|move|p1a: Gholdengo|Protect|p1a: Gholdengo
|-singleturn|p1a: Gholdengo|Protect
|move|p2b: Archaludon|Electro Shot||[still]
|-prepare|p2b: Archaludon|Electro Shot
|-boost|p2b: Archaludon|spa|1
|move|p2a: Ursaluna|Earth Power|p1b: Incineroar
|-supereffective|p1b: Incineroar
|-damage|p1b: Incineroar|0 fnt
|faint|p1b: Incineroar
|
|upkeep
|turn|6
|-message|WashYoButt forfeited.
|
|win|noelle holiday vgc
|raw|WashYoButt's rating: 1159 → 1138(-21 for losing)
|raw|noelle holiday vgc's rating: 1221 → 1242(+21 for winning)
