|j|☆JuvenileLeopard
|j|☆Sala335
|html|JuvenileLeopardSala335    
|uhtml|bestof|Game 3 of a best-of-3
|t:|1756307873
|gametype|doubles
|player|p1|JuvenileLeopard|colress|1073
|player|p2|Sala335|gambler|1146
|gen|9
|tier|[Gen 9] VGC 2025 Reg H (Bo3)
|rated|
|rule|Species Clause: Limit one of each Pokémon
|rule|Item Clause: Limit 1 of each item
|clearpoke
|poke|p1|Amoonguss, L50, F|
|poke|p1|Dragonite, L50, F|
|poke|p1|Excadrill, L50, F|
|poke|p1|Gholdengo, L50|
|poke|p1|Gyarados, L50, F|
|poke|p1|Tyranitar, L50, M|
|poke|p2|Primarina, L50, F|
|poke|p2|Porygon2, L50|
|poke|p2|Ursaluna, L50, M|
|poke|p2|Gholdengo, L50|
|poke|p2|Talonflame, L50, F|
|poke|p2|Amoonguss, L50, F|
|teampreview|4
|showteam|p1|Amoonguss||SitrusBerry|Regenerator|RagePowder,Spore,SludgeBomb,Protect|||F|||50|,,,,,Water]Dragonite||LoadedDice|InnerFocus|ScaleShot,LowKick,Tailwind,Haze|||F|||50|,,,,,Fairy]Excadrill||FocusSash|SandRush|Protect,HighHorsepower,Earthquake,IronHead|||F|||50|,,,,,Ghost]Gholdengo||LifeOrb|GoodasGold|MakeItRain,NastyPlot,Protect,ShadowBall||||||50|,,,,,Dragon]Gyarados||SafetyGoggles|Intimidate|Waterfall,ThunderWave,Taunt,Protect|||F|||50|,,,,,Steel]Tyranitar||AssaultVest|SandStream|RockSlide,KnockOff,LowKick,TeraBlast|||M|||50|,,,,,Flying
|showteam|p2|Primarina||ThroatSpray|LiquidVoice|Protect,HyperVoice,Moonblast,Haze|||F|||50|,,,,,Poison]Porygon2||Eviolite|Download|TrickRoom,Protect,IceBeam,TeraBlast||||||50|,,,,,Flying]Ursaluna||FlameOrb|Guts|Facade,HeadlongRush,Earthquake,Protect|||M|||50|,,,,,Ghost]Gholdengo||Leftovers|GoodasGold|MakeItRain,NastyPlot,ShadowBall,Protect||||||50|,,,,,Flying]Talonflame||CovertCloak|GaleWings|Tailwind,QuickGuard,Taunt,DualWingbeat|||F|||50|,,,,,Water]Amoonguss||SitrusBerry|Regenerator|Spore,RagePowder,Protect,PollenPuff|||F|||50|,,,,,Water
|
|t:|1756307893
|teamsize|p1|4
|teamsize|p2|4
|start
|switch|p1a: Gyarados|Gyarados, L50, F|100/100
|switch|p1b: Tyranitar|Tyranitar, L50, M|100/100
|switch|p2a: Gholdengo|Gholdengo, L50|100/100
|switch|p2b: Primarina|Primarina, L50, F|100/100
|-ability|p1a: Gyarados|Intimidate|boost
|-unboost|p2a: Gholdengo|atk|1
|-unboost|p2b: Primarina|atk|1
|-weather|Sandstorm|[from] ability: Sand Stream|[of] p1b: Tyranitar
|turn|1
|
|t:|1756307919
|move|p2a: Gholdengo|Protect|p2a: Gholdengo
|-singleturn|p2a: Gholdengo|Protect
|move|p1a: Gyarados|Thunder Wave|p2b: Primarina
|-status|p2b: Primarina|par
|move|p1b: Tyranitar|Rock Slide|p2a: Gholdengo|[spread] 
|-activate|p2a: Gholdengo|move: Protect
|-miss|p1b: Tyranitar|p2b: Primarina
|cant|p2b: Primarina|par
|
|-weather|Sandstorm|[upkeep]
|-damage|p2b: Primarina|94/100 par|[from] Sandstorm
|upkeep
|turn|2
|
|t:|1756307949
|move|p1a: Gyarados|Waterfall|p2a: Gholdengo
|-damage|p2a: Gholdengo|61/100
|cant|p2a: Gholdengo|flinch
|move|p1b: Tyranitar|Knock Off|p2a: Gholdengo
|-supereffective|p2a: Gholdengo
|-damage|p2a: Gholdengo|0 fnt
|-enditem|p2a: Gholdengo|Leftovers|[from] move: Knock Off|[of] p1b: Tyranitar
|faint|p2a: Gholdengo
|move|p2b: Primarina|Moonblast|p1a: Gyarados
|-damage|p1a: Gyarados|56/100
|
|-weather|Sandstorm|[upkeep]
|-damage|p2b: Primarina|88/100 par|[from] Sandstorm
|upkeep
|
|t:|1756307964
|switch|p2a: Ursaluna|Ursaluna, L50, M|100/100
|turn|3
|
|t:|1756307973
|switch|p2a: Porygon2|Porygon2, L50|100/100
|-ability|p2a: Porygon2|Download|boost
|-boost|p2a: Porygon2|atk|1
|move|p1a: Gyarados|Waterfall|p2a: Porygon2
|-damage|p2a: Porygon2|75/100
|move|p1b: Tyranitar|Rock Slide|p2a: Porygon2|[spread] p2a,p2b
|-damage|p2a: Porygon2|55/100
|-damage|p2b: Primarina|44/100 par
|cant|p2b: Primarina|par
|
|-weather|Sandstorm|[upkeep]
|-damage|p2a: Porygon2|50/100|[from] Sandstorm
|-damage|p2b: Primarina|38/100 par|[from] Sandstorm
|upkeep
|turn|4
|
|t:|1756308003
|switch|p2a: Ursaluna|Ursaluna, L50, M|100/100
|move|p1a: Gyarados|Taunt|p2a: Ursaluna
|-start|p2a: Ursaluna|move: Taunt
|move|p1b: Tyranitar|Rock Slide|p2a: Ursaluna|[spread] p2a,p2b
|-resisted|p2a: Ursaluna
|-damage|p2a: Ursaluna|86/100
|-damage|p2b: Primarina|0 fnt
|faint|p2b: Primarina
|
|-weather|Sandstorm|[upkeep]
|-status|p2a: Ursaluna|brn|[from] item: Flame Orb
|upkeep
|
|t:|1756308010
|switch|p2b: Porygon2|Porygon2, L50|50/100
|-ability|p2b: Porygon2|Download|boost
|-boost|p2b: Porygon2|atk|1
|turn|5
|
|t:|1756308026
|-terastallize|p2a: Ursaluna|Ghost
|move|p2b: Porygon2|Protect|p2b: Porygon2
|-singleturn|p2b: Porygon2|Protect
|move|p1a: Gyarados|Taunt|p2b: Porygon2
|-activate|p2b: Porygon2|move: Protect
|move|p2a: Ursaluna|Facade|p1a: Gyarados
|-damage|p1a: Gyarados|0 fnt
|faint|p1a: Gyarados
|move|p1b: Tyranitar|Low Kick|p2a: Ursaluna
|-immune|p2a: Ursaluna
|
|-weather|none
|-damage|p2a: Ursaluna|80/100 brn|[from] brn
|upkeep
|
|t:|1756308032
|switch|p1a: Excadrill|Excadrill, L50, F|100/100
|turn|6
|
|t:|1756308044
|-terastallize|p1b: Tyranitar|Flying
|move|p1a: Excadrill|Earthquake|p2a: Ursaluna|[spread] p2a,p2b
|-immune|p1b: Tyranitar
|-damage|p2a: Ursaluna|46/100 brn
|-damage|p2b: Porygon2|21/100
|move|p2a: Ursaluna|Facade|p1b: Tyranitar
|-damage|p1b: Tyranitar|0 fnt
|faint|p1b: Tyranitar
|move|p2b: Porygon2|Trick Room|p2b: Porygon2
|-fieldstart|move: Trick Room|[of] p2b: Porygon2
|
|-damage|p2a: Ursaluna|39/100 brn|[from] brn
|-end|p2a: Ursaluna|move: Taunt
|upkeep
|
|t:|1756308052
|switch|p1b: Amoonguss|Amoonguss, L50, F|100/100
|turn|7
|
|t:|1756308090
|move|p2b: Porygon2|Protect|p2b: Porygon2
|-singleturn|p2b: Porygon2|Protect
|move|p1b: Amoonguss|Spore|p2b: Porygon2
|-activate|p2b: Porygon2|move: Protect
|move|p2a: Ursaluna|Facade|p1b: Amoonguss
|-damage|p1b: Amoonguss|0 fnt
|faint|p1b: Amoonguss
|move|p1a: Excadrill|High Horsepower|p2a: Ursaluna
|-damage|p2a: Ursaluna|0 fnt
|faint|p2a: Ursaluna
|
|upkeep
|turn|8
|
|t:|1756308101
|move|p2b: Porygon2|Ice Beam|p1a: Excadrill
|-damage|p1a: Excadrill|72/100
|move|p1a: Excadrill|Earthquake|p2b: Porygon2
|-damage|p2b: Porygon2|0 fnt
|faint|p2b: Porygon2
|
|win|JuvenileLeopard
|raw|JuvenileLeopard's rating: 1073 → 1108(+35 for winning)
|raw|Sala335's rating: 1146 → 1116(-30 for losing)
