|j|☆efwefwefwefweifier
|j|☆BenjiRNG
|html|efwefwefwefweifierBenjiRNG    
|uhtml|bestof|Game 3 of a best-of-3
|t:|1784174243
|gametype|doubles
|player|p1|efwefwefwefweifier|clown|1212
|player|p2|BenjiRNG|juan|1288
|gen|9
|tier|[Gen 9 Champions] VGC 2026 Reg M-B (Bo3)
|rated|
|rule|Species Clause: Limit one of each Pokémon
|rule|Item Clause: Limit 1 of each item
|clearpoke
|poke|p1|Armarouge, L50, F|
|poke|p1|Sinistcha, L50|
|poke|p1|Floette-Eternal, L50, F|
|poke|p1|Incineroar, L50, M, shiny|
|poke|p1|Sneasler, L50, M|
|poke|p1|Hydreigon, L50, M|
|poke|p2|Blastoise, L50, F|
|poke|p2|Vivillon, L50, F|
|poke|p2|Typhlosion-Hisui, L50, F|
|poke|p2|Farigiraf, L50, M|
|poke|p2|Sneasler, L50, M|
|poke|p2|Mawile, L50, F|
|teampreview|4
|showteam|p1|Armarouge||ColburBerry|FlashFire|HeatWave,Psychic,CalmMind,Protect|Modest||F|||50|]Sinistcha||KasibBerry|Hospitality|MatchaGotcha,RagePowder,LifeDew,TrickRoom|Calm|||||50|]Floette-Eternal||Floettite|FlowerVeil|DazzlingGleam,DrainingKiss,CalmMind,Protect|Modest||F|||50|]Incineroar||SitrusBerry|Intimidate|FlareBlitz,DarkestLariat,FakeOut,PartingShot|Impish||M|||50|]Sneasler||FocusSash|PoisonTouch|CloseCombat,PoisonJab,FakeOut,QuickGuard|Jolly||M|||50|]Hydreigon||ChoiceScarf|Levitate|DracoMeteor,DarkPulse,Snarl,EarthPower|Modest||M|||50|
|showteam|p2|Blastoise||Blastoisinite|RainDish|WaterSpout,DarkPulse,ShellSmash,Protect|Modest||F|||50|]Vivillon||FocusSash|CompoundEyes|Hurricane,SleepPowder,RagePowder,Protect|Timid||F|||50|]Typhlosion-Hisui||ChoiceScarf|Blaze|Eruption,ShadowBall,HeatWave,WillOWisp|Modest||F|||50|]Farigiraf||SitrusBerry|ArmorTail|TwinBeam,Thunderbolt,HelpingHand,TrickRoom|Bold||M|||50|]Sneasler||WhiteHerb|Unburden|FakeOut,CloseCombat,Feint,DireClaw|Adamant||M|||50|]Mawile||Mawilite|HyperCutter|PlayRough,SuckerPunch,SwordsDance,Protect|Adamant||F|||50|
|inactive|Battle timer is ON: inactive players will automatically lose when time's up. (requested by efwefwefwefweifier)
|inactive|efwefwefwefweifier has 60 seconds left.
|inactive|BenjiRNG has 60 seconds left.
|
|t:|1784174299
|teamsize|p1|4
|teamsize|p2|4
|start
|switch|p1a: Pasta Blasta|Armarouge, L50, F|100/100
|switch|p1b: Poison Foison|Sneasler, L50, M|100/100
|switch|p2a: Sneasler|Sneasler, L50, M|100/100
|switch|p2b: Mawile|Mawile, L50, F|100/100
|turn|1
|inactive|efwefwefwefweifier has 30 seconds left.
|inactive|BenjiRNG has 30 seconds left.
|
|t:|1784174327
|switch|p2b: Farigiraf|Farigiraf, L50, M|100/100
|move|p1b: Poison Foison|Quick Guard|p1b: Poison Foison
|-singleturn|p1b: Poison Foison|Quick Guard
|move|p2a: Sneasler|Dire Claw|p1a: Pasta Blasta
|-crit|p1a: Pasta Blasta
|-damage|p1a: Pasta Blasta|41/100
|move|p1a: Pasta Blasta|Heat Wave|p2b: Farigiraf|[spread] p2a,p2b
|-damage|p2a: Sneasler|47/100
|-damage|p2b: Farigiraf|61/100
|-status|p2b: Farigiraf|brn
|
|-damage|p2b: Farigiraf|55/100 brn|[from] brn
|upkeep
|turn|2
|inactive|efwefwefwefweifier has 30 seconds left.
|inactive|BenjiRNG has 30 seconds left.
|inactive|efwefwefwefweifier has 20 seconds left.
|
|t:|1784174367
|move|p1b: Poison Foison|Poison Jab|p2b: Farigiraf
|-damage|p2b: Farigiraf|19/100 brn
|-enditem|p2b: Farigiraf|Sitrus Berry|[eat]
|-heal|p2b: Farigiraf|44/100 brn|[from] item: Sitrus Berry
|move|p2a: Sneasler|Dire Claw|p1a: Pasta Blasta
|-damage|p1a: Pasta Blasta|2/100
|move|p1a: Pasta Blasta|Heat Wave|p2b: Farigiraf|[spread] p2b
|-miss|p1a: Pasta Blasta|p2a: Sneasler
|-damage|p2b: Farigiraf|10/100 brn
|move|p2b: Farigiraf|Twin Beam|p1b: Poison Foison
|-supereffective|p1b: Poison Foison|2
|-damage|p1b: Poison Foison|8/100
|-supereffective|p1b: Poison Foison|2
|-damage|p1b: Poison Foison|0 fnt
|faint|p1b: Poison Foison
|-hitcount|p1: Poison Foison|2
|
|-damage|p2b: Farigiraf|3/100 brn|[from] brn
|upkeep
|
|t:|1784174391
|switch|p1b: Bartholomews|Hydreigon, L50, M|100/100
|turn|3
|inactive|BenjiRNG has 30 seconds left.
|inactive|BenjiRNG has 20 seconds left.
|
|t:|1784174430
|move|p2a: Sneasler|Feint|p1a: Pasta Blasta
|-damage|p1a: Pasta Blasta|0 fnt
|faint|p1a: Pasta Blasta
|move|p1b: Bartholomews|Earth Power|p2a: Sneasler
|-supereffective|p2a: Sneasler|1
|-damage|p2a: Sneasler|0 fnt
|faint|p2a: Sneasler
|move|p2b: Farigiraf|Trick Room|p2b: Farigiraf
|-fieldstart|move: Trick Room|[of] p2b: Farigiraf
|
|-damage|p2b: Farigiraf|0 fnt|[from] brn
|faint|p2b: Farigiraf
|upkeep
|
|t:|1784174439
|switch|p2b: Vivillon|Vivillon, L50, F|100/100
|switch|p1a: Merry Berry|Incineroar, L50, M, shiny|100/100
|switch|p2a: Mawile|Mawile, L50, F|100/100
|-ability|p1a: Merry Berry|Intimidate|boost
|-fail|p2a: Mawile|unboost|Attack|[from] ability: Hyper Cutter|[of] p2a: Mawile
|-unboost|p2b: Vivillon|atk|1
|turn|4
|
|t:|1784174454
|detailschange|p2a: Mawile|Mawile-Mega, L50, F
|-mega|p2a: Mawile|Mawile|Mawilite
|move|p2a: Mawile|Protect|p2a: Mawile
|-singleturn|p2a: Mawile|Protect
|move|p2b: Vivillon|Protect|p2b: Vivillon
|-singleturn|p2b: Vivillon|Protect
|move|p1a: Merry Berry|Fake Out|p2b: Vivillon
|-activate|p2b: Vivillon|move: Protect
|move|p1b: Bartholomews|Earth Power|p2a: Mawile
|-activate|p2a: Mawile|move: Protect
|
|upkeep
|turn|5
|
|t:|1784174469
|move|p2a: Mawile|Play Rough|p1b: Bartholomews
|-supereffective|p1b: Bartholomews|2
|-damage|p1b: Bartholomews|0 fnt
|faint|p1b: Bartholomews
|move|p1a: Merry Berry|Flare Blitz|p2a: Mawile
|-supereffective|p2a: Mawile|1
|-damage|p2a: Mawile|15/100
|-damage|p1a: Merry Berry|78/100|[from] Recoil
|move|p2b: Vivillon|Sleep Powder|p1a: Merry Berry
|-status|p1a: Merry Berry|slp|[from] move: Sleep Powder
|
|upkeep
|turn|6
|
|t:|1784174482
|move|p2a: Mawile|Play Rough|p1a: Merry Berry
|-damage|p1a: Merry Berry|12/100 slp
|-enditem|p1a: Merry Berry|Sitrus Berry|[eat]
|-heal|p1a: Merry Berry|37/100 slp|[from] item: Sitrus Berry
|cant|p1a: Merry Berry|slp
|move|p2b: Vivillon|Hurricane|p1a: Merry Berry
|-damage|p1a: Merry Berry|0 fnt
|faint|p1a: Merry Berry
|
|win|BenjiRNG
|raw|efwefwefwefweifier's rating: 1212 → 1192(-20 for losing)
|raw|BenjiRNG's rating: 1288 → 1308(+20 for winning)
|l|☆BenjiRNG
|player|p2|
