|j|☆policho98
|j|☆sopa de moscas
|html|policho98sopa de moscas    
|uhtml|bestof|Game 3 of a best-of-3
|t:|1783174593
|gametype|doubles
|player|p1|policho98|101|1272
|player|p2|sopa de moscas|miku-ghost|1284
|gen|9
|tier|[Gen 9 Champions] VGC 2026 Reg M-B (Bo3)
|rated|
|rule|Species Clause: Limit one of each Pokémon
|rule|Item Clause: Limit 1 of each item
|clearpoke
|poke|p1|Kommo-o, L50, F, shiny|
|poke|p1|Gholdengo, L50|
|poke|p1|Floette-Eternal, L50, F|
|poke|p1|Tsareena, L50, F, shiny|
|poke|p1|Incineroar, L50, M, shiny|
|poke|p1|Aerodactyl, L50, F|
|poke|p2|Incineroar, L50, F|
|poke|p2|Farigiraf, L50, M|
|poke|p2|Torkoal, L50, F|
|poke|p2|Floette-Eternal, L50, F|
|poke|p2|Maushold-Four, L50|
|poke|p2|Golurk, L50|
|teampreview|4
|showteam|p1|Kommo-o||DragonFang|Soundproof|ClangingScales,AuraSphere,ClangorousSoul,Protect|Modest||F|||50|]Gholdengo||LifeOrb|GoodasGold|MakeItRain,ShadowBall,NastyPlot,Protect|Modest|||||50|]Floette-Eternal||Floettite|FlowerVeil|LightofRuin,DazzlingGleam,CalmMind,Protect|Modest||F|||50|]Tsareena||WideLens|QueenlyMajesty|PowerWhip,TripleAxel,HighJumpKick,Protect|Impish||F|||50|]Incineroar||SitrusBerry|Intimidate|FlareBlitz,ThroatChop,PartingShot,FakeOut|Careful||M|||50|]Aerodactyl||Aerodactylite|Unnerve|RockSlide,DualWingbeat,WideGuard,Tailwind|Jolly||F|||50|
|showteam|p2|Incineroar||ChopleBerry|Intimidate|ThroatChop,FakeOut,FlareBlitz,PartingShot|Careful||F|||50|]Farigiraf||SitrusBerry|ArmorTail|Thunderbolt,Psychic,TrickRoom,Protect|Sassy||M|||50|]Torkoal||Charcoal|Drought|Eruption,HeatWave,WeatherBall,Protect|Quiet||F|||50|]Floette-Eternal||Floettite|FlowerVeil|Moonblast,DazzlingGleam,LightofRuin,Protect|Modest||F|||50|]Maushold-Four||WideLens|Technician|PopulationBomb,FollowMe,HelpingHand,Protect|Jolly|||||50|]Golurk||LifeOrb|NoGuard|HeadlongRush,Poltergeist,Protect,StoneEdge|Brave|||||50|
|inactive|Battle timer is ON: inactive players will automatically lose when time's up. (requested by sopa de moscas)
|
|t:|1783174633
|teamsize|p1|4
|teamsize|p2|4
|start
|switch|p1a: Incineroar|Incineroar, L50, M, shiny|100/100
|switch|p1b: Floette|Floette-Eternal, L50, F|100/100
|switch|p2a: Farigiraf|Farigiraf, L50, M|100/100
|switch|p2b: Incineroar|Incineroar, L50, F|100/100
|-ability|p2b: Incineroar|Intimidate|boost
|-unboost|p1a: Incineroar|atk|1
|-unboost|p1b: Floette|atk|1
|-ability|p1a: Incineroar|Intimidate|boost
|-unboost|p2a: Farigiraf|atk|1
|-unboost|p2b: Incineroar|atk|1
|turn|1
|inactive|policho98 has 30 seconds left.
|
|t:|1783174668
|detailschange|p1b: Floette|Floette-Mega, L50, F
|-mega|p1b: Floette|Floette|Floettite
|-ability|p1b: Floette|Fairy Aura
|move|p1b: Floette|Light of Ruin|p2a: Farigiraf|[miss]
|-miss|p1b: Floette|p2a: Farigiraf
|move|p2b: Incineroar|Throat Chop|p1a: Incineroar
|-resisted|p1a: Incineroar|1
|-damage|p1a: Incineroar|90/100
|-start|p1a: Incineroar|Throat Chop|[silent]
|cant|p1a: Incineroar|move: Throat Chop
|move|p2a: Farigiraf|Trick Room|p2a: Farigiraf
|-fieldstart|move: Trick Room|[of] p2a: Farigiraf
|
|upkeep
|turn|2
|
|t:|1783174688
|switch|p1a: Aerodactyl|Aerodactyl, L50, F|100/100
|-ability|p1a: Aerodactyl|Unnerve
|move|p2a: Farigiraf|Psychic|p1b: Floette
|-damage|p1b: Floette|73/100
|move|p2b: Incineroar|Parting Shot|p1a: Aerodactyl
|-unboost|p1a: Aerodactyl|atk|1
|-unboost|p1a: Aerodactyl|spa|1
|
|t:|1783174696
|switch|p2b: Golurk|Golurk, L50|100/100|[from] Parting Shot
|move|p1b: Floette|Calm Mind|p1b: Floette
|-boost|p1b: Floette|spa|1
|-boost|p1b: Floette|spd|1
|
|upkeep
|turn|3
|
|t:|1783174718
|switch|p1a: Incineroar|Incineroar, L50, M, shiny|90/100
|-ability|p1a: Incineroar|Intimidate|boost
|-unboost|p2a: Farigiraf|atk|1
|-unboost|p2b: Golurk|atk|1
|move|p2b: Golurk|Headlong Rush|p1b: Floette
|-damage|p1b: Floette|16/100
|-unboost|p2b: Golurk|def|1
|-unboost|p2b: Golurk|spd|1
|-damage|p2b: Golurk|90/100|[from] item: Life Orb
|move|p2a: Farigiraf|Thunderbolt|p1a: Incineroar
|-damage|p1a: Incineroar|72/100
|move|p1b: Floette|Dazzling Gleam|p2b: Golurk|[spread] p2a,p2b
|-damage|p2a: Farigiraf|41/100
|-damage|p2b: Golurk|0 fnt
|-enditem|p2a: Farigiraf|Sitrus Berry|[eat]
|-heal|p2a: Farigiraf|66/100|[from] item: Sitrus Berry
|faint|p2b: Golurk
|
|upkeep
|
|t:|1783174723
|switch|p2b: Incineroar|Incineroar, L50, F|100/100
|-ability|p2b: Incineroar|Intimidate|boost
|-unboost|p1a: Incineroar|atk|1
|-unboost|p1b: Floette|atk|1
|turn|4
|
|t:|1783174745
|move|p1b: Floette|Protect|p1b: Floette
|-singleturn|p1b: Floette|Protect
|move|p2b: Incineroar|Fake Out|p1a: Incineroar
|-damage|p1a: Incineroar|61/100
|move|p2a: Farigiraf|Psychic|p1b: Floette
|-activate|p1b: Floette|move: Protect
|cant|p1a: Incineroar|flinch
|
|upkeep
|turn|5
|
|t:|1783174758
|switch|p1b: Aerodactyl|Aerodactyl, L50, F|100/100
|-ability|p1b: Aerodactyl|Unnerve
|move|p2a: Farigiraf|Psychic|p1b: Aerodactyl
|-damage|p1b: Aerodactyl|43/100
|move|p1a: Incineroar|Throat Chop|p2a: Farigiraf
|-supereffective|p2a: Farigiraf|1
|-damage|p2a: Farigiraf|29/100
|-start|p2a: Farigiraf|Throat Chop|[silent]
|move|p2b: Incineroar|Parting Shot|p1a: Incineroar
|-unboost|p1a: Incineroar|atk|1
|-unboost|p1a: Incineroar|spa|1
|
|t:|1783174764
|switch|p2b: Floette|Floette-Eternal, L50, F|100/100|[from] Parting Shot
|
|-fieldend|move: Trick Room
|upkeep
|turn|6
|
|t:|1783174787
|switch|p2b: Incineroar|Incineroar, L50, F|100/100
|-ability|p2b: Incineroar|Intimidate|boost
|-unboost|p1a: Incineroar|atk|1
|-unboost|p1b: Aerodactyl|atk|1
|move|p2a: Farigiraf|Protect|p2a: Farigiraf
|-singleturn|p2a: Farigiraf|Protect
|move|p1b: Aerodactyl|Tailwind|p1b: Aerodactyl
|-sidestart|p1: policho98|move: Tailwind
|move|p1a: Incineroar|Throat Chop|p2a: Farigiraf
|-activate|p2a: Farigiraf|move: Protect
|
|-end|p2a: Farigiraf|Throat Chop|[silent]
|upkeep
|turn|7
|
|t:|1783174804
|move|p2b: Incineroar|Fake Out|p1a: Incineroar
|-damage|p1a: Incineroar|51/100
|move|p1b: Aerodactyl|Dual Wingbeat|p2a: Farigiraf
|-damage|p2a: Farigiraf|18/100
|-damage|p2a: Farigiraf|7/100
|-hitcount|p2a: Farigiraf|2
|cant|p1a: Incineroar|flinch
|move|p2a: Farigiraf|Trick Room|p2a: Farigiraf
|-fieldstart|move: Trick Room|[of] p2a: Farigiraf
|
|upkeep
|turn|8
|inactive|policho98 has 30 seconds left.
|inactive|sopa de moscas has 30 seconds left.
|
|t:|1783174834
|move|p2a: Farigiraf|Psychic|p1b: Aerodactyl
|-damage|p1b: Aerodactyl|0 fnt
|faint|p1b: Aerodactyl
|move|p2b: Incineroar|Throat Chop|p1a: Incineroar
|-resisted|p1a: Incineroar|1
|-damage|p1a: Incineroar|38/100
|-start|p1a: Incineroar|Throat Chop|[silent]
|-enditem|p1a: Incineroar|Sitrus Berry|[eat]
|-heal|p1a: Incineroar|63/100|[from] item: Sitrus Berry
|cant|p1a: Incineroar|move: Throat Chop
|
|upkeep
|
|t:|1783174846
|switch|p1b: Kommo-o|Kommo-o, L50, F, shiny|100/100
|turn|9
|
|t:|1783174858
|move|p2a: Farigiraf|Psychic|p1b: Kommo-o
|-supereffective|p1b: Kommo-o|1
|-damage|p1b: Kommo-o|27/100
|move|p2b: Incineroar|Parting Shot|p1a: Incineroar
|-unboost|p1a: Incineroar|atk|1
|-unboost|p1a: Incineroar|spa|1
|
|t:|1783174861
|switch|p2b: Floette|Floette-Eternal, L50, F|100/100|[from] Parting Shot
|move|p1a: Incineroar|Throat Chop|p2a: Farigiraf
|-supereffective|p2a: Farigiraf|1
|-damage|p2a: Farigiraf|0 fnt
|faint|p2a: Farigiraf
|move|p1b: Kommo-o|Clanging Scales|p2b: Floette
|-immune|p2b: Floette
|
|-end|p1a: Incineroar|Throat Chop|[silent]
|-sideend|p1: policho98|move: Tailwind
|upkeep
|
|t:|1783174866
|switch|p2a: Incineroar|Incineroar, L50, F|100/100
|-ability|p2a: Incineroar|Intimidate|boost
|-unboost|p1a: Incineroar|atk|1
|-unboost|p1b: Kommo-o|atk|1
|turn|10
|
|t:|1783174882
|detailschange|p2b: Floette|Floette-Mega, L50, F
|-mega|p2b: Floette|Floette|Floettite
|-ability|p2b: Floette|Fairy Aura
|move|p2a: Incineroar|Fake Out|p1a: Incineroar
|-damage|p1a: Incineroar|54/100
|cant|p1a: Incineroar|flinch
|move|p1b: Kommo-o|Clanging Scales|p2b: Floette|[spread] p2a
|-immune|p2b: Floette
|-damage|p2a: Incineroar|62/100
|-unboost|p1b: Kommo-o|def|1
|move|p2b: Floette|Dazzling Gleam|p1b: Kommo-o|[spread] p1a,p1b
|-supereffective|p1b: Kommo-o|2
|-damage|p1a: Incineroar|13/100
|-damage|p1b: Kommo-o|0 fnt
|faint|p1b: Kommo-o
|
|upkeep
|
|t:|1783174897
|switch|p1b: Floette|Floette-Mega, L50, F|16/100
|-ability|p1b: Floette|Fairy Aura
|turn|11
|
|t:|1783174914
|move|p1b: Floette|Protect|p1b: Floette
|-singleturn|p1b: Floette|Protect
|move|p2b: Floette|Protect|p2b: Floette
|-singleturn|p2b: Floette|Protect
|move|p1a: Incineroar|Flare Blitz|p2b: Floette
|-activate|p2b: Floette|move: Protect
|move|p2a: Incineroar|Flare Blitz|p1b: Floette
|-activate|p1b: Floette|move: Protect
|
|-fieldend|move: Trick Room
|upkeep
|turn|12
|
|t:|1783174929
|move|p2b: Floette|Dazzling Gleam|p1a: Incineroar|[spread] p1a,p1b
|-crit|p1b: Floette
|-damage|p1a: Incineroar|0 fnt
|-damage|p1b: Floette|0 fnt
|faint|p1a: Incineroar
|faint|p1b: Floette
|
|win|sopa de moscas
|raw|policho98's rating: 1272 → 1248(-24 for losing)
|raw|sopa de moscas's rating: 1284 → 1308(+24 for winning)
|l|☆policho98
|player|p1|
