|j|☆Pier (Champion)
|j|☆natsukookie
|html|Pier (Champion)natsukookie    
|uhtml|bestof|Game 1 of a best-of-3
|t:|1785601056
|gametype|doubles
|player|p1|Pier (Champion)|cynthia-gen4|1124
|player|p2|natsukookie|102|1063
|gen|9
|tier|[Gen 9 Champions] VGC 2026 Reg M-B (Bo3)
|rated|
|rule|Species Clause: Limit one of each Pokémon
|rule|Item Clause: Limit 1 of each item
|clearpoke
|poke|p1|Charizard, L50, M|
|poke|p1|Sinistcha, L50|
|poke|p1|Milotic, L50, M|
|poke|p1|Farigiraf, L50, M|
|poke|p1|Sneasler, L50, F|
|poke|p1|Ninetales-Alola, L50, M|
|poke|p2|Hatterene, L50, F|
|poke|p2|Oranguru, L50, F|
|poke|p2|Mawile, L50, F|
|poke|p2|Kangaskhan, L50, F|
|poke|p2|Venusaur, L50, F|
|poke|p2|Torkoal, L50, M|
|teampreview|4
|showteam|p1|Charizard||CharizarditeX|Blaze|FlareBlitz,DragonClaw,DragonDance,Protect|Jolly||M|||50|]Sinistcha||FocusSash|Hospitality|MatchaGotcha,ShadowBall,RagePowder,LifeDew|Modest|||||50|]Milotic||Leftovers|Competitive|MuddyWater,Coil,Hypnosis,LifeDew|Bold||M|||50|]Farigiraf||SitrusBerry|ArmorTail|TwinBeam,HyperVoice,HelpingHand,Roar|Bold||M|||50|]Sneasler||WhiteHerb|Unburden|FakeOut,CloseCombat,DireClaw,Protect|Adamant||F|||50|]Ninetales-Alola||LightClay|SnowWarning|Blizzard,Moonblast,Encore,AuroraVeil|Timid||M|||50|
|showteam|p2|Hatterene||LifeOrb|MagicBounce|Protect,Psychic,TrickRoom,DazzlingGleam|Quiet||F|||50|]Oranguru||MentalHerb|InnerFocus|Protect,Instruct,Psychic,TrickRoom|Bold||F|||50|]Mawile||Mawilite|HyperCutter|SuckerPunch,PlayRough,Protect,IronHead|Brave||F|||50|]Kangaskhan||SilkScarf|Scrappy|LastResort,FakeOut|Brave||F|||50|]Venusaur||FocusSash|Chlorophyll|LeafStorm,SludgeBomb,SleepPowder,Protect|Modest||F|||50|]Torkoal||Charcoal|Drought|Eruption,Protect,EarthPower,HeatWave|Quiet||M|||50|
|inactive|Battle timer is ON: inactive players will automatically lose when time's up. (requested by Pier (Champion))
|inactive|Pier (Champion) has 60 seconds left.
|
|t:|1785601099
|teamsize|p1|4
|teamsize|p2|4
|start
|switch|p1a: Sneasler|Sneasler, L50, F|100/100
|switch|p1b: Farigiraf|Farigiraf, L50, M|100/100
|switch|p2a: Hatterene|Hatterene, L50, F|100/100
|switch|p2b: Oranguru|Oranguru, L50, F|100/100
|turn|1
|
|t:|1785601121
|move|p1a: Sneasler|Fake Out|p2a: Hatterene
|-damage|p2a: Hatterene|83/100
|cant|p2a: Hatterene|flinch
|move|p1b: Farigiraf|Roar|p2b: Oranguru
|drag|p2b: Mawile|Mawile, L50, F|100/100
|
|upkeep
|turn|2
|
|t:|1785601135
|detailschange|p2b: Mawile|Mawile-Mega, L50, F
|-mega|p2b: Mawile|Mawile|Mawilite
|move|p2b: Mawile|Sucker Punch||[still]
|cant|p1b: Farigiraf|ability: Armor Tail|Sucker Punch|[of] p2b: Mawile
|move|p1a: Sneasler|Dire Claw|p2a: Hatterene
|-supereffective|p2a: Hatterene|1
|-damage|p2a: Hatterene|0 fnt
|faint|p2a: Hatterene
|move|p1b: Farigiraf|Hyper Voice|p2b: Mawile
|-resisted|p2b: Mawile|1
|-damage|p2b: Mawile|80/100
|
|upkeep
|
|t:|1785601147
|switch|p2a: Oranguru|Oranguru, L50, F|100/100
|turn|3
|
|t:|1785601157
|move|p1a: Sneasler|Close Combat|p2b: Mawile
|-damage|p2b: Mawile|19/100
|-unboost|p1a: Sneasler|def|1
|-unboost|p1a: Sneasler|spd|1
|-enditem|p1a: Sneasler|White Herb
|-clearnegativeboost|p1a: Sneasler|[silent]
|move|p2b: Mawile|Iron Head|p1a: Sneasler
|-damage|p1a: Sneasler|0 fnt
|faint|p1a: Sneasler
|move|p1b: Farigiraf|Roar|p2a: Oranguru
|drag|p2a: Torkoal|Torkoal, L50, M|100/100
|-weather|SunnyDay|[from] ability: Drought|[of] p2a: Torkoal
|
|-weather|SunnyDay|[upkeep]
|upkeep
|
|t:|1785601167
|switch|p1a: Charizard|Charizard, L50, M|100/100
|turn|4
|
|t:|1785601184
|switch|p2a: Oranguru|Oranguru, L50, F|100/100
|detailschange|p1a: Charizard|Charizard-Mega-X, L50, M
|-mega|p1a: Charizard|Charizard|Charizardite X
|move|p2b: Mawile|Protect|p2b: Mawile
|-singleturn|p2b: Mawile|Protect
|move|p1a: Charizard|Dragon Dance|p1a: Charizard
|-boost|p1a: Charizard|atk|1
|-boost|p1a: Charizard|spe|1
|move|p1b: Farigiraf|Hyper Voice|p2b: Mawile|[spread] p2a
|-activate|p2b: Mawile|move: Protect
|-damage|p2a: Oranguru|81/100
|
|-weather|SunnyDay|[upkeep]
|upkeep
|turn|5
|
|t:|1785601204
|move|p1a: Charizard|Flare Blitz|p2a: Oranguru
|-damage|p2a: Oranguru|0 fnt
|faint|p2a: Oranguru
|-damage|p1a: Charizard|71/100|[from] Recoil
|move|p1b: Farigiraf|Hyper Voice|p2b: Mawile
|-resisted|p2b: Mawile|1
|-damage|p2b: Mawile|1/100
|move|p2b: Mawile|Iron Head|p1b: Farigiraf
|-damage|p1b: Farigiraf|36/100
|-enditem|p1b: Farigiraf|Sitrus Berry|[eat]
|-heal|p1b: Farigiraf|60/100|[from] item: Sitrus Berry
|
|-weather|SunnyDay|[upkeep]
|upkeep
|
|t:|1785601216
|switch|p2a: Torkoal|Torkoal, L50, M|100/100
|turn|6
|
|t:|1785601240
|move|p2b: Mawile|Protect|p2b: Mawile
|-singleturn|p2b: Mawile|Protect
|move|p1a: Charizard|Dragon Claw|p2a: Torkoal
|-damage|p2a: Torkoal|52/100
|move|p1b: Farigiraf|Hyper Voice|p2a: Torkoal|[spread] p2a
|-activate|p2b: Mawile|move: Protect
|-damage|p2a: Torkoal|20/100y
|move|p2a: Torkoal|Earth Power|p1a: Charizard
|-supereffective|p1a: Charizard|1
|-damage|p1a: Charizard|12/100
|
|-weather|SunnyDay|[upkeep]
|upkeep
|turn|7
|inactive|Pier (Champion) has 30 seconds left.
|
|t:|1785601269
|move|p1a: Charizard|Dragon Claw|p2a: Torkoal
|-damage|p2a: Torkoal|0 fnt
|faint|p2a: Torkoal
|move|p1b: Farigiraf|Hyper Voice|p2b: Mawile
|-resisted|p2b: Mawile|1
|-damage|p2b: Mawile|0 fnt
|faint|p2b: Mawile
|
|win|Pier (Champion)
||Pier (Champion) is ready for game 2.
|inactive|natsukookie has 30 seconds to confirm battle start!
||natsukookie is ready for game 2.
|uhtml|next|Next: Game 2 of 3
|l|☆Pier (Champion)
|player|p1|
