|j|☆LPTesting1
|j|☆LooDeecolo
|html|LPTesting1LooDeecolo    
|uhtml|bestof|Game 2 of a best-of-3
|t:|1756700473
|gametype|doubles
|player|p1|LPTesting1|266|1186
|player|p2|LooDeecolo|266|1097
|gen|9
|tier|[Gen 9] VGC 2025 Reg H (Bo3)
|rated|
|rule|Species Clause: Limit one of each Pokémon
|rule|Item Clause: Limit 1 of each item
|clearpoke
|poke|p1|Maushold, L50|
|poke|p1|Annihilape, L50, F|
|poke|p1|Sinistcha, L50|
|poke|p1|Pelipper, L50, F|
|poke|p1|Archaludon, L50, F|
|poke|p1|Incineroar, L50, F|
|poke|p2|Gastrodon, L50, M|
|poke|p2|Sneasler, L50, F|
|poke|p2|Incineroar, L50, M|
|poke|p2|Gholdengo, L50|
|poke|p2|Ursaluna, L50, M|
|poke|p2|Dragonite, L50, M|
|teampreview|4
|showteam|p1|Maushold||SafetyGoggles|FriendGuard|BeatUp,Taunt,FollowMe,Protect||||||50|,,,,,Ghost]Annihilape||Leftovers|Defiant|RageFist,DrainPunch,BulkUp,Protect|||F|||50|,,,,,Grass]Sinistcha||RockyHelmet|Hospitality|MatchaGotcha,LifeDew,TrickRoom,RagePowder||||||50|,,,,,Water]Pelipper||FocusSash|Drizzle|WeatherBall,Hurricane,Tailwind,WideGuard|||F|||50|,,,,,Ghost]Archaludon||AssaultVest|Stamina|ElectroShot,DragonPulse,FlashCannon,BodyPress|||F|||50|,,,,,Grass]Incineroar||SitrusBerry|Intimidate|FlareBlitz,KnockOff,PartingShot,FakeOut|||F|||50|,,,,,Grass
|showteam|p2|Gastrodon||CovertCloak|StormDrain|EarthPower,Protect,Recover,IceBeam|||M|||50|,,,,,Water]Sneasler||FocusSash|PoisonTouch|CloseCombat,Protect,DireClaw,VacuumWave|||F|||50|,,,,,Ghost]Incineroar||SafetyGoggles|Intimidate|FakeOut,KnockOff,Protect,PartingShot|||M|||50|,,,,,Ghost]Gholdengo||LifeOrb|GoodasGold|MakeItRain,ShadowBall,Protect,NastyPlot||||||50|,,,,,Water]Ursaluna||FlameOrb|Guts|HeadlongRush,Facade,Protect,Earthquake|||M|||50|,,,,,Normal]Dragonite||LoadedDice|Multiscale|ScaleShot,Tailwind,LowKick,Protect|||M|||50|,,,,,Fairy
|
|t:|1756700525
|teamsize|p1|4
|teamsize|p2|4
|start
|switch|p1a: Maushold|Maushold, L50|100/100
|switch|p1b: Annihilape|Annihilape, L50, F|100/100
|switch|p2a: Gholdengo|Gholdengo, L50|100/100
|switch|p2b: Dragonite|Dragonite, L50, M|100/100
|turn|1
|
|t:|1756700574
|move|p1a: Maushold|Beat Up|p1b: Annihilape
|-damage|p1b: Annihilape|99/100
|-damage|p1b: Annihilape|97/100
|-damage|p1b: Annihilape|95/100
|-damage|p1b: Annihilape|93/100
|-hitcount|p1b: Annihilape|4
|move|p1b: Annihilape|Bulk Up|p1b: Annihilape
|-boost|p1b: Annihilape|atk|1
|-boost|p1b: Annihilape|def|1
|move|p2a: Gholdengo|Shadow Ball|p1b: Annihilape
|-supereffective|p1b: Annihilape
|-damage|p1b: Annihilape|17/100
|-damage|p2a: Gholdengo|91/100|[from] item: Life Orb
|move|p2b: Dragonite|Scale Shot|p1b: Annihilape
|-damage|p1b: Annihilape|11/100
|-damage|p1b: Annihilape|4/100
|-damage|p1b: Annihilape|0 fnt
|faint|p1b: Annihilape
|-hitcount|p1: Annihilape|3
|-unboost|p2b: Dragonite|def|1
|-boost|p2b: Dragonite|spe|1
|
|upkeep
|c|☆LPTesting1|wow
|
|t:|1756700602
|switch|p1b: Pelipper|Pelipper, L50, F|100/100
|-weather|RainDance|[from] ability: Drizzle|[of] p1b: Pelipper
|turn|2
|
|t:|1756700632
|-terastallize|p2a: Gholdengo|Water
|move|p1a: Maushold|Follow Me|p1a: Maushold
|-singleturn|p1a: Maushold|move: Follow Me
|move|p2b: Dragonite|Tailwind|p2b: Dragonite
|-sidestart|p2: LooDeecolo|move: Tailwind
|move|p2a: Gholdengo|Nasty Plot|p2a: Gholdengo
|-boost|p2a: Gholdengo|spa|2
|move|p1b: Pelipper|Weather Ball|p2a: Gholdengo
|-resisted|p2a: Gholdengo
|-damage|p2a: Gholdengo|54/100
|
|-weather|RainDance|[upkeep]
|upkeep
|turn|3
|
|t:|1756700669
|move|p2a: Gholdengo|Protect|p2a: Gholdengo
|-singleturn|p2a: Gholdengo|Protect
|move|p1b: Pelipper|Wide Guard|p1b: Pelipper
|-singleturn|p1b: Pelipper|Wide Guard
|move|p2b: Dragonite|Scale Shot|p1a: Maushold
|-damage|p1a: Maushold|83/100
|-damage|p1a: Maushold|65/100
|-damage|p1a: Maushold|46/100
|-damage|p1a: Maushold|29/100
|-damage|p1a: Maushold|12/100
|-hitcount|p1a: Maushold|5
|-unboost|p2b: Dragonite|def|1
|-boost|p2b: Dragonite|spe|1
|move|p1a: Maushold|Taunt|p2b: Dragonite
|-start|p2b: Dragonite|move: Taunt
|
|-weather|RainDance|[upkeep]
|upkeep
|turn|4
|
|t:|1756700694
|move|p1a: Maushold|Protect|p1a: Maushold
|-singleturn|p1a: Maushold|Protect
|move|p2b: Dragonite|Scale Shot|p1a: Maushold
|-activate|p1a: Maushold|move: Protect
|move|p2a: Gholdengo|Shadow Ball|p1b: Pelipper
|-enditem|p1b: Pelipper|Focus Sash
|-damage|p1b: Pelipper|1/100
|-damage|p2a: Gholdengo|44/100|[from] item: Life Orb
|move|p1b: Pelipper|Hurricane|p2a: Gholdengo
|-damage|p2a: Gholdengo|0 fnt
|faint|p2a: Gholdengo
|
|-weather|RainDance|[upkeep]
|upkeep
|
|t:|1756700703
|switch|p2a: Sneasler|Sneasler, L50, F|100/100
|turn|5
|
|t:|1756700727
|-terastallize|p1a: Maushold|Ghost
|move|p1a: Maushold|Follow Me|p1a: Maushold
|-singleturn|p1a: Maushold|move: Follow Me
|move|p2a: Sneasler|Vacuum Wave|p1a: Maushold
|-immune|p1a: Maushold
|move|p2b: Dragonite|Scale Shot|p1a: Maushold|[miss]
|-miss|p2b: Dragonite|p1a: Maushold
|move|p1b: Pelipper|Tailwind|p1b: Pelipper
|-sidestart|p1: LPTesting1|move: Tailwind
|
|-weather|RainDance|[upkeep]
|-sideend|p2: LooDeecolo|move: Tailwind
|upkeep
|turn|6
|
|t:|1756700767
|switch|p1b: Sinistcha|Sinistcha, L50|100/100
|-heal|p1a: Maushold|36/100|[from] ability: Hospitality|[of] p1b: Sinistcha
|move|p2a: Sneasler|Vacuum Wave|p1b: Sinistcha
|-immune|p1b: Sinistcha
|move|p1a: Maushold|Beat Up|p2a: Sneasler
|-resisted|p2a: Sneasler
|-damage|p2a: Sneasler|99/100
|-resisted|p2a: Sneasler
|-damage|p2a: Sneasler|97/100
|-resisted|p2a: Sneasler
|-damage|p2a: Sneasler|95/100
|-hitcount|p2a: Sneasler|3
|move|p2b: Dragonite|Scale Shot|p1a: Maushold
|-damage|p1a: Maushold|18/100
|-damage|p1a: Maushold|0 fnt
|faint|p1a: Maushold
|-hitcount|p1: Maushold|2
|-unboost|p2b: Dragonite|def|1
|-boost|p2b: Dragonite|spe|1
|
|-weather|none
|-end|p2b: Dragonite|move: Taunt
|upkeep
|
|t:|1756700787
|switch|p1a: Pelipper|Pelipper, L50, F|1/100
|-weather|RainDance|[from] ability: Drizzle|[of] p1a: Pelipper
|turn|7
|
|t:|1756700814
|move|p1b: Sinistcha|Rage Powder|p1b: Sinistcha
|-singleturn|p1b: Sinistcha|move: Rage Powder
|move|p2a: Sneasler|Vacuum Wave|p1b: Sinistcha
|-immune|p1b: Sinistcha
|move|p2b: Dragonite|Tailwind|p2b: Dragonite
|-sidestart|p2: LooDeecolo|move: Tailwind
|move|p1a: Pelipper|Hurricane|p2a: Sneasler
|-supereffective|p2a: Sneasler
|-damage|p2a: Sneasler|0 fnt
|faint|p2a: Sneasler
|
|-weather|RainDance|[upkeep]
|upkeep
|
|t:|1756700827
|switch|p2a: Ursaluna|Ursaluna, L50, M|100/100
|turn|8
|
|t:|1756700869
|move|p2a: Ursaluna|Protect|p2a: Ursaluna
|-singleturn|p2a: Ursaluna|Protect
|move|p2b: Dragonite|Scale Shot|p1a: Pelipper|[miss]
|-miss|p2b: Dragonite|p1a: Pelipper
|move|p1a: Pelipper|Hurricane|p2b: Dragonite
|-damage|p2b: Dragonite|73/100
|-start|p2b: Dragonite|confusion
|move|p1b: Sinistcha|Matcha Gotcha|p2b: Dragonite|[spread] p2b
|-activate|p2a: Ursaluna|move: Protect
|-resisted|p2b: Dragonite
|-damage|p2b: Dragonite|66/100
|
|-weather|RainDance|[upkeep]
|-sideend|p1: LPTesting1|move: Tailwind
|-status|p2a: Ursaluna|brn|[from] item: Flame Orb
|upkeep
|turn|9
|
|t:|1756700929
|move|p1a: Pelipper|Wide Guard|p1a: Pelipper
|-singleturn|p1a: Pelipper|Wide Guard
|-activate|p2b: Dragonite|confusion
|-damage|p2b: Dragonite|26/100|[from] confusion
|move|p2a: Ursaluna|Facade|p1a: Pelipper
|-damage|p1a: Pelipper|0 fnt
|faint|p1a: Pelipper
|move|p1b: Sinistcha|Trick Room|p1b: Sinistcha
|-fieldstart|move: Trick Room|[of] p1b: Sinistcha
|
|-weather|RainDance|[upkeep]
|-damage|p2a: Ursaluna|95/100 brn|[from] brn
|upkeep
|turn|10
|
|t:|1756700954
|move|p1b: Sinistcha|Matcha Gotcha|p2a: Ursaluna|[spread] p2a,p2b
|-supereffective|p2a: Ursaluna
|-resisted|p2b: Dragonite
|-damage|p2a: Ursaluna|53/100 brn
|-damage|p2b: Dragonite|20/100
|move|p2a: Ursaluna|Headlong Rush|p1b: Sinistcha
|-resisted|p1b: Sinistcha
|-damage|p1b: Sinistcha|59/100
|-unboost|p2a: Ursaluna|def|1
|-unboost|p2a: Ursaluna|spd|1
|-damage|p2a: Ursaluna|37/100 brn|[from] item: Rocky Helmet|[of] p1b: Sinistcha
|-end|p2b: Dragonite|confusion
|move|p2b: Dragonite|Scale Shot|p1b: Sinistcha
|-damage|p1b: Sinistcha|49/100
|-damage|p1b: Sinistcha|38/100
|-damage|p1b: Sinistcha|27/100
|-crit|p1b: Sinistcha
|-damage|p1b: Sinistcha|12/100
|-hitcount|p1b: Sinistcha|4
|-unboost|p2b: Dragonite|def|1
|-boost|p2b: Dragonite|spe|1
|
|-weather|RainDance|[upkeep]
|-damage|p2a: Ursaluna|31/100 brn|[from] brn
|-sideend|p2: LooDeecolo|move: Tailwind
|upkeep
|turn|11
|
|t:|1756700990
|move|p2a: Ursaluna|Headlong Rush|p1b: Sinistcha
|-resisted|p1b: Sinistcha
|-damage|p1b: Sinistcha|0 fnt
|-unboost|p2a: Ursaluna|def|1
|-unboost|p2a: Ursaluna|spd|1
|-damage|p2a: Ursaluna|14/100 brn|[from] item: Rocky Helmet|[of] p1b: Sinistcha
|faint|p1b: Sinistcha
|
|win|LooDeecolo
||LooDeecolo is ready for game 3.
