|j|☆CosmicIvy3
|j|☆EthernetSac
|html|CosmicIvy3EthernetSac    
|uhtml|bestof|Game 2 of a best-of-3
|t:|1757829088
|gametype|doubles
|player|p1|CosmicIvy3|gambler|1094
|player|p2|EthernetSac|sonia-professor|1147
|gen|9
|tier|[Gen 9] VGC 2025 Reg H (Bo3)
|rated|
|rule|Species Clause: Limit one of each Pokémon
|rule|Item Clause: Limit 1 of each item
|clearpoke
|poke|p1|Dragonite, L50, F|
|poke|p1|Gholdengo, L50|
|poke|p1|Ursaluna, L50, M|
|poke|p1|Sinistcha, L50|
|poke|p1|Pelipper, L50, M|
|poke|p1|Archaludon, L50, M|
|poke|p2|Serperior, L50, M|
|poke|p2|Ninetales-Alola, L50, M|
|poke|p2|Gholdengo, L50|
|poke|p2|Ursaluna, L50, F|
|poke|p2|Dragonite, L50, F|
|poke|p2|Sneasler, L50, M|
|teampreview|4
|showteam|p1|Dragonite||LoadedDice|Multiscale|ScaleShot,Tailwind,Haze,Protect|||F|||50|,,,,,Fairy]Gholdengo||ChoiceScarf|GoodasGold|MakeItRain,ShadowBall,Trick,TeraBlast||||||50|,,,,,Water]Ursaluna||FlameOrb|Guts|Facade,HeadlongRush,Protect,Earthquake|||M|||50|,,,,,Ghost]Sinistcha||SitrusBerry|Hospitality|MatchaGotcha,RagePowder,LifeDew,TrickRoom||||||50|,,,,,Dark]Pelipper||FocusSash|Drizzle|MuddyWater,Hurricane,WideGuard,Protect|||M|||50|,,,,,Steel]Archaludon||AssaultVest|Stamina|ElectroShot,DracoMeteor,BodyPress,Snarl|||M|||50|,,,,,Fighting
|showteam|p2|Serperior||CovertCloak|Contrary|Protect,Glare,Taunt,LeafStorm|||M|||50|,,,,,Fire]Ninetales-Alola||LightClay|SnowWarning|Protect,Blizzard,Moonblast,AuroraVeil|||M|||50|,,,,,Ghost]Gholdengo||MetalCoat|GoodasGold|Protect,NastyPlot,MakeItRain,ShadowBall||||||50|,,,,,Water]Ursaluna||FlameOrb|Guts|Protect,HeadlongRush,Earthquake,Facade|||F|||50|,,,,,Ghost]Dragonite||LoadedDice|Multiscale|ScaleShot,Tailwind,Haze,Protect|||F|||50|,,,,,Dragon]Sneasler||FocusSash|Unburden|CloseCombat,DireClaw,Coaching,Protect|||M|||50|,,,,,Ghost
|
|t:|1757829120
|teamsize|p1|4
|teamsize|p2|4
|start
|switch|p1a: Dragonite|Dragonite, L50, F|100/100
|switch|p1b: Gholdengo|Gholdengo, L50|100/100
|switch|p2a: Dragonite|Dragonite, L50, F|100/100
|switch|p2b: Serperior|Serperior, L50, M, shiny|100/100
|turn|1
|
|t:|1757829151
|move|p2b: Serperior|Protect|p2b: Serperior
|-singleturn|p2b: Serperior|Protect
|move|p1b: Gholdengo|Make It Rain|p2a: Dragonite|[spread] p2a
|-activate|p2b: Serperior|move: Protect
|-damage|p2a: Dragonite|74/100
|-unboost|p1b: Gholdengo|spa|1
|move|p1a: Dragonite|Tailwind|p1a: Dragonite
|-sidestart|p1: CosmicIvy3|move: Tailwind
|move|p2a: Dragonite|Scale Shot|p1b: Gholdengo
|-resisted|p1b: Gholdengo
|-damage|p1b: Gholdengo|93/100
|-resisted|p1b: Gholdengo
|-damage|p1b: Gholdengo|85/100
|-resisted|p1b: Gholdengo
|-damage|p1b: Gholdengo|77/100
|-resisted|p1b: Gholdengo
|-damage|p1b: Gholdengo|69/100
|-hitcount|p1b: Gholdengo|4
|-unboost|p2a: Dragonite|def|1
|-boost|p2a: Dragonite|spe|1
|
|upkeep
|turn|2
|
|t:|1757829181
|-terastallize|p1a: Dragonite|Fairy
|move|p2a: Dragonite|Protect|p2a: Dragonite
|-singleturn|p2a: Dragonite|Protect
|move|p1b: Gholdengo|Make It Rain|p2b: Serperior|[spread] p2b
|-activate|p2a: Dragonite|move: Protect
|-damage|p2b: Serperior|66/100
|-unboost|p1b: Gholdengo|spa|1
|move|p1a: Dragonite|Scale Shot|p2a: Dragonite
|-activate|p2a: Dragonite|move: Protect
|move|p2b: Serperior|Glare|p1a: Dragonite
|-status|p1a: Dragonite|par
|
|upkeep
|turn|3
|
|t:|1757829203
|switch|p1b: Archaludon|Archaludon, L50, M, shiny|100/100
|move|p2a: Dragonite|Tailwind|p2a: Dragonite
|-sidestart|p2: EthernetSac|move: Tailwind
|move|p2b: Serperior|Leaf Storm|p1b: Archaludon|[miss]
|-miss|p2b: Serperior|p1b: Archaludon
|move|p1a: Dragonite|Scale Shot|p1b: Archaludon
|-damage|p1b: Archaludon|92/100
|-ability|p1b: Archaludon|Stamina|boost
|-boost|p1b: Archaludon|def|1
|-damage|p1b: Archaludon|86/100
|-ability|p1b: Archaludon|Stamina|boost
|-boost|p1b: Archaludon|def|1
|-damage|p1b: Archaludon|82/100
|-ability|p1b: Archaludon|Stamina|boost
|-boost|p1b: Archaludon|def|1
|-damage|p1b: Archaludon|78/100
|-ability|p1b: Archaludon|Stamina|boost
|-boost|p1b: Archaludon|def|1
|-damage|p1b: Archaludon|75/100
|-ability|p1b: Archaludon|Stamina|boost
|-boost|p1b: Archaludon|def|1
|-hitcount|p1b: Archaludon|5
|-unboost|p1a: Dragonite|def|1
|-boost|p1a: Dragonite|spe|1
|
|upkeep
|turn|4
|
|t:|1757829239
|move|p2a: Dragonite|Haze|p2a: Dragonite
|-clearallboost
|move|p2b: Serperior|Leaf Storm|p1a: Dragonite
|-damage|p1a: Dragonite|82/100 par
|-boost|p2b: Serperior|spa|2
|move|p1b: Archaludon|Body Press|p2b: Serperior
|-damage|p2b: Serperior|35/100
|cant|p1a: Dragonite|par
|
|-sideend|p1: CosmicIvy3|move: Tailwind
|upkeep
|turn|5
|
|t:|1757829281
|switch|p2a: Ninetales|Ninetales-Alola, L50, M|100/100
|-weather|Snowscape|[from] ability: Snow Warning|[of] p2a: Ninetales
|move|p2b: Serperior|Taunt|p1a: Dragonite
|-start|p1a: Dragonite|move: Taunt
|move|p1b: Archaludon|Draco Meteor|p2b: Serperior
|-damage|p2b: Serperior|0 fnt
|-unboost|p1b: Archaludon|spa|2
|faint|p2b: Serperior
|cant|p1a: Dragonite|move: Taunt|Tailwind
|
|-weather|Snowscape|[upkeep]
|upkeep
|
|t:|1757829295
|switch|p2b: Ursaluna|Ursaluna, L50, F|100/100
|turn|6
|
|t:|1757829314
|switch|p1b: Pelipper|Pelipper, L50, M, shiny|100/100
|-weather|RainDance|[from] ability: Drizzle|[of] p1b: Pelipper
|switch|p1a: Gholdengo|Gholdengo, L50|69/100
|move|p2a: Ninetales|Moonblast|p1b: Pelipper
|-damage|p1b: Pelipper|45/100
|move|p2b: Ursaluna|Headlong Rush|p1b: Pelipper
|-immune|p1b: Pelipper
|
|-weather|RainDance|[upkeep]
|-sideend|p2: EthernetSac|move: Tailwind
|-status|p2b: Ursaluna|brn|[from] item: Flame Orb
|upkeep
|turn|7
|
|t:|1757829339
|-terastallize|p2a: Ninetales|Ghost
|move|p1a: Gholdengo|Make It Rain|p2a: Ninetales|[spread] p2a,p2b
|-damage|p2a: Ninetales|51/100
|-damage|p2b: Ursaluna|57/100 brn
|-unboost|p1a: Gholdengo|spa|1
|move|p2a: Ninetales|Moonblast|p1b: Pelipper
|-damage|p1b: Pelipper|0 fnt
|faint|p1b: Pelipper
|move|p2b: Ursaluna|Headlong Rush|p1a: Gholdengo
|-supereffective|p1a: Gholdengo
|-damage|p1a: Gholdengo|0 fnt
|-unboost|p2b: Ursaluna|def|1
|-unboost|p2b: Ursaluna|spd|1
|faint|p1a: Gholdengo
|
|-weather|RainDance|[upkeep]
|-damage|p2b: Ursaluna|52/100 brn|[from] brn
|upkeep
|
|t:|1757829358
|switch|p1a: Archaludon|Archaludon, L50, M, shiny|75/100
|switch|p1b: Dragonite|Dragonite, L50, F, tera:Fairy|82/100 par
|turn|8
|
|t:|1757829371
|switch|p2a: Dragonite|Dragonite, L50, F|74/100
|move|p2b: Ursaluna|Protect|p2b: Ursaluna
|-singleturn|p2b: Ursaluna|Protect
|move|p1a: Archaludon|Body Press|p2b: Ursaluna
|-activate|p2b: Ursaluna|move: Protect
|move|p1b: Dragonite|Scale Shot|p1a: Archaludon
|-damage|p1a: Archaludon|67/100
|-ability|p1a: Archaludon|Stamina|boost
|-boost|p1a: Archaludon|def|1
|-damage|p1a: Archaludon|62/100
|-ability|p1a: Archaludon|Stamina|boost
|-boost|p1a: Archaludon|def|1
|-damage|p1a: Archaludon|57/100
|-ability|p1a: Archaludon|Stamina|boost
|-boost|p1a: Archaludon|def|1
|-damage|p1a: Archaludon|54/100
|-ability|p1a: Archaludon|Stamina|boost
|-boost|p1a: Archaludon|def|1
|-damage|p1a: Archaludon|51/100
|-ability|p1a: Archaludon|Stamina|boost
|-boost|p1a: Archaludon|def|1
|-hitcount|p1a: Archaludon|5
|-unboost|p1b: Dragonite|def|1
|-boost|p1b: Dragonite|spe|1
|
|-weather|RainDance|[upkeep]
|-damage|p2b: Ursaluna|46/100 brn|[from] brn
|upkeep
|turn|9
|
|t:|1757829413
|switch|p2b: Ninetales|Ninetales-Alola, L50, M, tera:Ghost|51/100
|-weather|Snowscape|[from] ability: Snow Warning|[of] p2b: Ninetales
|move|p2a: Dragonite|Haze|p2a: Dragonite
|-clearallboost
|move|p1a: Archaludon|Body Press|p2b: Ninetales
|-immune|p2b: Ninetales
|cant|p1b: Dragonite|par
|
|-weather|Snowscape|[upkeep]
|upkeep
|turn|10
|
|t:|1757829437
|move|p2b: Ninetales|Blizzard|p1a: Archaludon|[spread] p1a,p1b
|-crit|p1a: Archaludon
|-damage|p1a: Archaludon|15/100
|-damage|p1b: Dragonite|54/100 par
|-ability|p1a: Archaludon|Stamina|boost
|-boost|p1a: Archaludon|def|1
|move|p2a: Dragonite|Tailwind|p2a: Dragonite
|-sidestart|p2: EthernetSac|move: Tailwind
|move|p1a: Archaludon|Draco Meteor|p2a: Dragonite
|-supereffective|p2a: Dragonite
|-damage|p2a: Dragonite|0 fnt
|-unboost|p1a: Archaludon|spa|2
|faint|p2a: Dragonite
|move|p1b: Dragonite|Tailwind|p1b: Dragonite
|-sidestart|p1: CosmicIvy3|move: Tailwind
|
|-weather|Snowscape|[upkeep]
|upkeep
|
|t:|1757829443
|switch|p2a: Ursaluna|Ursaluna, L50, F|46/100 brn
|turn|11
|
|t:|1757829477
|move|p2b: Ninetales|Blizzard|p1b: Dragonite|[spread] p1a,p1b
|-damage|p1a: Archaludon|0 fnt
|-damage|p1b: Dragonite|26/100 par
|faint|p1a: Archaludon
|move|p2a: Ursaluna|Facade|p1b: Dragonite
|-damage|p1b: Dragonite|0 fnt
|faint|p1b: Dragonite
|
|win|EthernetSac
|raw|CosmicIvy3's rating: 1094 → 1074(-20 for losing)
|raw|EthernetSac's rating: 1147 → 1168(+21 for winning)
|l|☆CosmicIvy3
|player|p1|
