|j|☆LostAzi
|j|☆GoofyGifts
|html|LostAziGoofyGifts    
|uhtml|bestof|Game 1 of a best-of-3
|t:|1756789653
|gametype|doubles
|player|p1|LostAzi|roxie|
|player|p2|GoofyGifts|blue|
|gen|9
|tier|[Gen 9] VGC 2025 Reg H (Bo3)
|rule|Species Clause: Limit one of each Pokémon
|rule|Item Clause: Limit 1 of each item
|clearpoke
|poke|p1|Grafaiai, L50, F|
|poke|p1|Zoroark-Hisui, L50, F|
|poke|p1|Overqwil, L50, F|
|poke|p1|Pelipper, L50, M|
|poke|p1|Inteleon, L50, M|
|poke|p1|Archaludon, L50, F|
|poke|p2|Indeedee, L50, M|
|poke|p2|Drifblim, L50, M|
|poke|p2|Volcarona, L50, F|
|poke|p2|Kommo-o, L50, M|
|poke|p2|Toxtricity, L50, M|
|poke|p2|Hydreigon, L50, M|
|teampreview|4
|showteam|p1|Grafaiai||Leftovers|Prankster|Taunt,KnockOff,Protect,Toxic|||F|||50|,,,,,Flying]Zoroark-Hisui||ChoiceSpecs|Illusion|Trick,Hex,TeraBlast,HyperVoice|||F|||50|,,,,,Fairy]Overqwil||RockyHelmet|SwiftSwim|LashOut,BarbBarrage,Protect,Liquidation|||F|||50|,,,,,Water]Pelipper||FocusSash|Drizzle|WeatherBall,Hurricane,Tailwind,Protect|||M|||50|,,,,,Ghost]Inteleon||ScopeLens|Sniper|SnipeShot,TeraBlast,Protect,AirSlash|||M|||50|,,,,,Bug]Archaludon||AssaultVest|Stamina|ElectroShot,DragonPulse,FlashCannon,BodyPress|||F|||50|,,,,,Grass
|showteam|p2|Indeedee||FocusSash|PsychicSurge|ExpandingForce,TeraBlast,Imprison,TrickRoom|||M|||50|,,,,,Ground]Drifblim||PsychicSeed|Unburden|Acrobatics,WillOWisp,StrengthSap,Tailwind|||M|||50|,,,,,Grass]Volcarona||LifeOrb|FlameBody|BugBuzz,HeatWave,TeraBlast,Protect|||F|||50|,,,,,Fairy]Kommo-o||Leftovers|Soundproof|BodyPress,Flamethrower,IronDefense,Protect|||M|||50|,,,,,Fire]Toxtricity||ChoiceSpecs|PunkRock|Overdrive,Boomburst,SludgeBomb,VoltSwitch|||M|||50|,,,,,Normal]Hydreigon||AssaultVest|Levitate|DarkPulse,DracoMeteor,EarthPower,Snarl|||M|||50|,,,,,Ghost
|
|t:|1756789706
|teamsize|p1|4
|teamsize|p2|4
|start
|switch|p1a: Grafaiai|Grafaiai, L50, F, shiny|100/100
|switch|p1b: Inteleon|Inteleon, L50, M, shiny|100/100
|switch|p2a: Bowser|Hydreigon, L50, M|100/100
|switch|p2b: King dedede|Indeedee, L50, M|100/100
|-fieldstart|move: Psychic Terrain|[from] ability: Psychic Surge|[of] p2b: King dedede
|turn|1
|
|t:|1756789753
|move|p1b: Inteleon|Hyper Voice|p2a: Bowser|[spread] p2a,p2b
|-damage|p2a: Bowser|66/100
|-damage|p2b: King dedede|32/100
|move|p2a: Bowser|Earth Power|p1a: Grafaiai
|-supereffective|p1a: Grafaiai
|-damage|p1a: Grafaiai|45/100
|move|p1a: Grafaiai|Knock Off|p2b: King dedede
|-supereffective|p2b: King dedede
|-damage|p2b: King dedede|0 fnt
|-enditem|p2b: King dedede|Focus Sash|[from] move: Knock Off|[of] p1a: Grafaiai
|faint|p2b: King dedede
|
|-heal|p1a: Grafaiai|51/100|[from] item: Leftovers
|upkeep
|
|t:|1756789765
|switch|p2b: Grooker|Toxtricity, L50, M, shiny|100/100
|turn|2
|
|t:|1756789789
|move|p1a: Grafaiai|Protect|p1a: Grafaiai
|-singleturn|p1a: Grafaiai|Protect
|move|p1b: Inteleon|Hyper Voice|p2b: Grooker|[spread] p2a,p2b
|-damage|p2a: Bowser|29/100
|-damage|p2b: Grooker|62/100
|move|p2a: Bowser|Earth Power|p1a: Grafaiai
|-activate|p1a: Grafaiai|move: Protect
|move|p2b: Grooker|Overdrive|p1b: Inteleon|[spread] p1b
|-activate|p1a: Grafaiai|move: Protect
|-damage|p1b: Inteleon|0 fnt
|replace|p1b: Zoroark|Zoroark-Hisui, L50, F, shiny
|-end|p1b: Zoroark|Illusion
|faint|p1b: Zoroark
|
|-heal|p1a: Grafaiai|57/100|[from] item: Leftovers
|upkeep
|
|t:|1756789803
|switch|p1b: Pelipper|Pelipper, L50, M|100/100
|-weather|RainDance|[from] ability: Drizzle|[of] p1b: Pelipper
|turn|3
|
|t:|1756789822
|switch|p2a: Medic|Drifblim, L50, M|100/100
|-enditem|p2a: Medic|Psychic Seed
|-boost|p2a: Medic|spd|1|[from] item: Psychic Seed
|move|p1b: Pelipper|Protect|p1b: Pelipper
|-singleturn|p1b: Pelipper|Protect
|move|p1a: Grafaiai|Knock Off|p2a: Medic
|-supereffective|p2a: Medic
|-damage|p2a: Medic|67/100
|move|p2b: Grooker|Overdrive|p1b: Pelipper|[spread] p1a
|-activate|p1b: Pelipper|move: Protect
|-damage|p1a: Grafaiai|2/100
|
|-weather|RainDance|[upkeep]
|-heal|p1a: Grafaiai|8/100|[from] item: Leftovers
|upkeep
|turn|4
|
|t:|1756789864
|move|p2a: Medic|Tailwind|p2a: Medic
|-sidestart|p2: GoofyGifts|move: Tailwind
|move|p2b: Grooker|Overdrive|p1b: Pelipper|[spread] p1a,p1b
|-supereffective|p1b: Pelipper
|-damage|p1a: Grafaiai|0 fnt
|-enditem|p1b: Pelipper|Focus Sash
|-damage|p1b: Pelipper|1/100
|faint|p1a: Grafaiai
|move|p1b: Pelipper|Weather Ball|p2b: Grooker
|-damage|p2b: Grooker|0 fnt
|faint|p2b: Grooker
|
|-weather|RainDance|[upkeep]
|upkeep
|
|t:|1756789876
|switch|p1a: Inteleon|Inteleon, L50, M, shiny|100/100
|switch|p2b: Bowser|Hydreigon, L50, M|29/100
|turn|5
|
|t:|1756789903
|move|p1a: Inteleon|Protect|p1a: Inteleon
|-singleturn|p1a: Inteleon|Protect
|move|p2a: Medic|Acrobatics|p1b: Pelipper
|-damage|p1b: Pelipper|0 fnt
|faint|p1b: Pelipper
|move|p2b: Bowser|Snarl|p1a: Inteleon
|-activate|p1a: Inteleon|move: Protect
|
|-weather|RainDance|[upkeep]
|-fieldend|move: Psychic Terrain
|upkeep
|turn|6
|
|t:|1756789920
|move|p2a: Medic|Will-O-Wisp|p1a: Inteleon
|-status|p1a: Inteleon|brn
|move|p2b: Bowser|Draco Meteor|p1a: Inteleon
|-damage|p1a: Inteleon|0 fnt
|-unboost|p2b: Bowser|spa|2
|faint|p1a: Inteleon
|
|win|GoofyGifts
||GoofyGifts is ready for game 2.
|inactive|LostAzi has 28 seconds to confirm battle start!
||LostAzi is ready for game 2.
|uhtml|next|Next: Game 2 of 3
