|j|☆vgc_eon
|j|☆Chavo666
|html|vgc_eonChavo666    
|uhtml|bestof|Game 1 of a best-of-3
|t:|1756206779
|gametype|doubles
|player|p1|vgc_eon|green|1184
|player|p2|Chavo666|170|1033
|gen|9
|tier|[Gen 9] VGC 2025 Reg H (Bo3)
|rated|
|rule|Species Clause: Limit one of each Pokémon
|rule|Item Clause: Limit 1 of each item
|clearpoke
|poke|p1|Sneasler, L50, M|
|poke|p1|Dragonite, L50, F|
|poke|p1|Dondozo, L50, F|
|poke|p1|Rillaboom, L50, F|
|poke|p1|Volcarona, L50, M|
|poke|p1|Electabuzz, L50, M|
|poke|p2|Reuniclus, L50, F|
|poke|p2|Indeedee-F, L50, F|
|poke|p2|Torkoal, L50, F|
|poke|p2|Gastrodon, L50, M|
|poke|p2|Incineroar, L50, F|
|poke|p2|Venusaur, L50, F|
|teampreview|4
|showteam|p1|Sneasler||FocusSash|PoisonTouch|FakeOut,DireClaw,CloseCombat,Protect|||M|||50|,,,,,Dark]Dragonite||LoadedDice|Multiscale|ExtremeSpeed,ScaleShot,StompingTantrum,Protect|||F|||50|,,,,,Steel]Dondozo||Leftovers|Unaware|WaveCrash,Yawn,Fissure,Protect|||F|||50|,,,,,Poison]Rillaboom||AssaultVest|GrassySurge|FakeOut,WoodHammer,GrassyGlide,Uturn|||F|||50|,,,,,Fire]Volcarona||CovertCloak|FlameBody|HeatWave,QuiverDance,TeraBlast,Protect|||M|||50|,,,,,Fairy]Electabuzz||Eviolite|VitalSpirit|Thunderbolt,FollowMe,Taunt,Protect|||M|||50|,,,,,Ghost
|showteam|p2|Reuniclus||LifeOrb|Regenerator|ExpandingForce,Encore,TrickRoom,TeraBlast|||F|||50|,,,,,Fairy]Indeedee-F||PsychicSeed|PsychicSurge|DazzlingGleam,FollowMe,HelpingHand,TrickRoom|||F|||50|,,,,,Fairy]Torkoal||ChoiceSpecs|Drought|HeatWave,Eruption,EarthPower,SolarBeam|||F|||50|,,,,,Fire]Gastrodon||Leftovers|StormDrain|EarthPower,IceBeam,Recover,Yawn|||M|||50|,,,,,Fire]Incineroar||SafetyGoggles|Intimidate|FakeOut,PartingShot,FlareBlitz,KnockOff|||F|||50|,,,,,Bug]Venusaur||SitrusBerry|Chlorophyll|GigaDrain,SleepPowder,SludgeBomb,Protect|||F|||50|,,,,,Fire
|
|t:|1756206834
|teamsize|p1|4
|teamsize|p2|4
|start
|switch|p1a: Electabuzz|Electabuzz, L50, M|100/100
|switch|p1b: Sneasler|Sneasler, L50, M|100/100
|switch|p2a: Venusaur|Venusaur, L50, F, shiny|100/100
|switch|p2b: Torkoal|Torkoal, L50, F|100/100
|-weather|SunnyDay|[from] ability: Drought|[of] p2b: Torkoal
|turn|1
|
|t:|1756206849
|switch|p2a: Indeedee|Indeedee-F, L50, F|100/100
|-fieldstart|move: Psychic Terrain|[from] ability: Psychic Surge|[of] p2a: Indeedee
|-enditem|p2a: Indeedee|Psychic Seed
|-boost|p2a: Indeedee|spd|1|[from] item: Psychic Seed
|-terastallize|p2b: Torkoal|Fire
|move|p1b: Sneasler|Fake Out|p2a: Indeedee
|-activate|p2a: Indeedee|move: Psychic Terrain
|move|p1a: Electabuzz|Thunderbolt|p2b: Torkoal
|-damage|p2b: Torkoal|63/100
|-status|p2b: Torkoal|par
|move|p2b: Torkoal|Heat Wave|p1b: Sneasler|[spread] p1a
|-miss|p2b: Torkoal|p1b: Sneasler
|-crit|p1a: Electabuzz
|-damage|p1a: Electabuzz|0 fnt
|faint|p1a: Electabuzz
|
|-weather|SunnyDay|[upkeep]
|upkeep
|
|t:|1756206853
|switch|p1a: Rillaboom|Rillaboom, L50, F|100/100
|-fieldstart|move: Grassy Terrain|[from] ability: Grassy Surge|[of] p1a: Rillaboom
|turn|2
|
|t:|1756206874
|switch|p2b: Venusaur|Venusaur, L50, F, shiny|100/100
|move|p1a: Rillaboom|Fake Out|p2b: Venusaur
|-damage|p2b: Venusaur|83/100
|move|p1b: Sneasler|Dire Claw|p2a: Indeedee
|-damage|p2a: Indeedee|50/100
|move|p2a: Indeedee|Trick Room|p2a: Indeedee
|-fieldstart|move: Trick Room|[of] p2a: Indeedee
|
|-weather|SunnyDay|[upkeep]
|-heal|p2a: Indeedee|57/100|[from] Grassy Terrain
|-heal|p2b: Venusaur|89/100|[from] Grassy Terrain
|upkeep
|turn|3
|
|t:|1756206895
|switch|p2b: Torkoal|Torkoal, L50, F, tera:Fire|63/100 par
|move|p2a: Indeedee|Follow Me|p2a: Indeedee
|-singleturn|p2a: Indeedee|move: Follow Me
|move|p1a: Rillaboom|Wood Hammer|p2a: Indeedee
|-damage|p2a: Indeedee|0 fnt
|faint|p2a: Indeedee
|-damage|p1a: Rillaboom|87/100|[from] Recoil
|move|p1b: Sneasler|Dire Claw|p2b: Torkoal
|-damage|p2b: Torkoal|21/100 par
|
|-weather|SunnyDay|[upkeep]
|-heal|p2b: Torkoal|27/100 par|[from] Grassy Terrain
|-heal|p1a: Rillaboom|93/100|[from] Grassy Terrain
|upkeep
|
|t:|1756206909
|switch|p2a: Gastrodon|Gastrodon, L50, M|100/100
|turn|4
|
|t:|1756206918
|switch|p2a: Venusaur|Venusaur, L50, F, shiny|89/100
|-terastallize|p1a: Rillaboom|Fire
|move|p1b: Sneasler|Protect|p1b: Sneasler
|-singleturn|p1b: Sneasler|Protect
|move|p2b: Torkoal|Heat Wave|p1b: Sneasler|[spread] p1a
|-activate|p1b: Sneasler|move: Protect
|-resisted|p1a: Rillaboom
|-damage|p1a: Rillaboom|56/100
|move|p1a: Rillaboom|Wood Hammer|p2b: Torkoal
|-resisted|p2b: Torkoal
|-damage|p2b: Torkoal|0 fnt
|faint|p2b: Torkoal
|-damage|p1a: Rillaboom|49/100|[from] Recoil
|
|-weather|SunnyDay|[upkeep]
|-heal|p1a: Rillaboom|55/100|[from] Grassy Terrain
|-heal|p2a: Venusaur|95/100|[from] Grassy Terrain
|upkeep
|
|t:|1756206935
|switch|p2b: Gastrodon|Gastrodon, L50, M|100/100
|turn|5
|
|t:|1756206948
|move|p2b: Gastrodon|Earth Power|p1a: Rillaboom
|-supereffective|p1a: Rillaboom
|-damage|p1a: Rillaboom|3/100
|-unboost|p1a: Rillaboom|spd|1
|move|p1a: Rillaboom|Wood Hammer|p2b: Gastrodon
|-supereffective|p2b: Gastrodon
|-damage|p2b: Gastrodon|0 fnt
|faint|p2b: Gastrodon
|-damage|p1a: Rillaboom|0 fnt|[from] Recoil
|faint|p1a: Rillaboom
|move|p1b: Sneasler|Dire Claw|p2a: Venusaur
|-crit|p2a: Venusaur
|-damage|p2a: Venusaur|11/100
|-status|p2a: Venusaur|slp
|-enditem|p2a: Venusaur|Sitrus Berry|[eat]
|-heal|p2a: Venusaur|35/100 slp|[from] item: Sitrus Berry
|cant|p2a: Venusaur|slp
|
|-weather|none
|-heal|p2a: Venusaur|41/100 slp|[from] Grassy Terrain
|upkeep
|
|t:|1756206960
|switch|p1a: Dondozo|Dondozo, L50, F|100/100
|turn|6
|
|t:|1756206969
|move|p1a: Dondozo|Wave Crash|p2a: Venusaur
|-resisted|p2a: Venusaur
|-damage|p2a: Venusaur|14/100 slp
|-damage|p1a: Dondozo|95/100|[from] Recoil
|-curestatus|p2a: Venusaur|slp|[msg]
|move|p2a: Venusaur|Giga Drain|p1a: Dondozo
|-supereffective|p1a: Dondozo
|-damage|p1a: Dondozo|32/100
|-heal|p2a: Venusaur|63/100|[from] drain|[of] p1a: Dondozo
|move|p1b: Sneasler|Dire Claw|p2a: Venusaur
|-damage|p2a: Venusaur|10/100
|-status|p2a: Venusaur|slp
|
|-heal|p1a: Dondozo|38/100|[from] Grassy Terrain
|-heal|p1a: Dondozo|44/100|[from] item: Leftovers
|-heal|p2a: Venusaur|16/100 slp|[from] Grassy Terrain
|-fieldend|move: Trick Room
|-fieldend|move: Grassy Terrain
|upkeep
|turn|7
|
|t:|1756206987
|move|p1b: Sneasler|Dire Claw|p2a: Venusaur
|-damage|p2a: Venusaur|0 fnt
|faint|p2a: Venusaur
|
|win|vgc_eon
