|j|☆InkVG
|j|☆CondorNJ
|html|InkVGCondorNJ    
|uhtml|bestof|Game 1 of a best-of-3
|t:|1784477822
|gametype|doubles
|player|p1|InkVG|#inkvg|
|player|p2|CondorNJ|#smogonxnpa2024draftee|
|gen|9
|tier|[Gen 9 Champions] VGC 2026 Reg M-B (Bo3)
|rule|Species Clause: Limit one of each Pokémon
|rule|Item Clause: Limit 1 of each item
|clearpoke
|poke|p1|Whimsicott, L50, F|
|poke|p1|Floette-Eternal, L50, F|
|poke|p1|Charizard, L50, F|
|poke|p1|Garchomp, L50, M|
|poke|p1|Kingambit, L50, M|
|poke|p1|Basculegion, L50, M|
|poke|p2|Blaziken, L50, F|
|poke|p2|Venusaur, L50, F|
|poke|p2|Ninetales-Alola, L50, M|
|poke|p2|Lycanroc-Dusk, L50, M|
|poke|p2|Kingambit, L50, F|
|poke|p2|Basculegion, L50, M|
|teampreview|4
|showteam|p1|Whimsicott||FocusSash|Prankster|Moonblast,Tailwind,Encore,Protect|Timid||F|||50|]Floette-Eternal||Floettite|FlowerVeil|Moonblast,DazzlingGleam,LightofRuin,Protect|Timid||F|||50|]Charizard||CharizarditeY|Blaze|WeatherBall,HeatWave,SolarBeam,Protect|Modest||F|||50|]Garchomp||LifeOrb|RoughSkin|Earthquake,DragonClaw,RockSlide,Protect|Jolly||M|||50|]Kingambit||BlackGlasses|Defiant|KowtowCleave,SuckerPunch,IronHead,Protect|Adamant||M|||50|]Basculegion||MysticWater|Adaptability|WaveCrash,AquaJet,LastRespects,Protect|Adamant||M|||50|
|showteam|p2|Blaziken||Blazikenite|SpeedBoost|CloseCombat,FlareBlitz,StoneEdge,Detect|Adamant||F|||50|]Venusaur||Venusaurite|Chlorophyll|GigaDrain,SludgeBomb,EarthPower,Protect|Modest||F|||50|]Ninetales-Alola||NeverMeltIce|SnowWarning|Blizzard,FreezeDry,Encore,Protect|Timid||M|||50|]Lycanroc-Dusk||FocusSash|ToughClaws|Accelerock,RockSlide,CloseCombat,Protect|Adamant||M|||50|]Kingambit||LifeOrb|Defiant|KowtowCleave,SuckerPunch,IronHead,Protect|Adamant||F|||50|]Basculegion||ChoiceScarf|Adaptability|WaveCrash,LastRespects,FlipTurn,AquaJet|Jolly||M|||50|
|j| djfdbdjfbdf
|j| DricsVG
|j| kunal
|j| minamisimp
|j| PandaMan7567
|j| basket wrench
|j| Flarefox
|j| rovbmc
|j| marilli
|j| thacrow
|j|+Aldrich
|l|+Aldrich
|j| Lorcylovesyou
|
|t:|1784477914
|teamsize|p1|4
|teamsize|p2|4
|start
|switch|p1a: Charizard|Charizard, L50, F|100/100
|switch|p1b: Garchomp|Garchomp, L50, M|100/100
|switch|p2a: Ninetales|Ninetales-Alola, L50, M|100/100
|switch|p2b: Blaziken|Blaziken, L50, F|100/100
|-weather|Snowscape|[from] ability: Snow Warning|[of] p2a: Ninetales
|turn|1
|j| A Regu1ar Guy
|j|+Aldrich
|
|t:|1784477945
|switch|p1b: Whimsicott|Whimsicott, L50, F|100/100
|detailschange|p1a: Charizard|Charizard-Mega-Y, L50, F
|-mega|p1a: Charizard|Charizard|Charizardite Y
|-weather|SunnyDay|[from] ability: Drought|[of] p1a: Charizard
|move|p2a: Ninetales|Freeze-Dry|p1b: Whimsicott
|-supereffective|p1b: Whimsicott|1
|-enditem|p1b: Whimsicott|Focus Sash
|-damage|p1b: Whimsicott|1/100
|move|p1a: Charizard|Heat Wave|p2a: Ninetales|[spread] p2a,p2b
|-supereffective|p2a: Ninetales|1
|-resisted|p2b: Blaziken|1
|-damage|p2a: Ninetales|0 fnt
|-damage|p2b: Blaziken|58/100
|faint|p2a: Ninetales
|move|p2b: Blaziken|Flare Blitz|p1b: Whimsicott
|-supereffective|p1b: Whimsicott|1
|-damage|p1b: Whimsicott|0 fnt
|faint|p1b: Whimsicott
|-damage|p2b: Blaziken|57/100|[from] Recoil
|
|-weather|SunnyDay|[upkeep]
|-ability|p2b: Blaziken|Speed Boost|boost
|-boost|p2b: Blaziken|spe|1
|upkeep
|
|t:|1784477962
|switch|p1b: Garchomp|Garchomp, L50, M|100/100
|switch|p2a: Venusaur|Venusaur, L50, F|100/100
|turn|2
|j| Finabas
|j| Lorenzaooo
|j| Evil Kuromi
|l| Evil Kuromi
|l|+Aldrich
|
|t:|1784478014
|detailschange|p2b: Blaziken|Blaziken-Mega, L50, F
|-mega|p2b: Blaziken|Blaziken|Blazikenite
|move|p2a: Venusaur|Giga Drain|p1b: Garchomp
|-damage|p1b: Garchomp|61/100
|move|p2b: Blaziken|Close Combat|p1b: Garchomp
|-damage|p1b: Garchomp|0 fnt
|-unboost|p2b: Blaziken|def|1
|-unboost|p2b: Blaziken|spd|1
|-damage|p2b: Blaziken|45/100|[from] ability: Rough Skin|[of] p1b: Garchomp
|faint|p1b: Garchomp
|move|p1a: Charizard|Weather Ball|p2a: Venusaur
|-supereffective|p2a: Venusaur|1
|-damage|p2a: Venusaur|0 fnt
|faint|p2a: Venusaur
|
|-weather|SunnyDay|[upkeep]
|-ability|p2b: Blaziken|Speed Boost|boost
|-boost|p2b: Blaziken|spe|1
|upkeep
|j|+Aldrich
|
|t:|1784478026
|switch|p1b: Basculegion|Basculegion, L50, M|100/100
|switch|p2a: Lycanroc|Lycanroc-Dusk, L50, M|100/100
|turn|3
|j| Snorlaxpikachu1
|
|t:|1784478043
|move|p1a: Charizard|Protect|p1a: Charizard
|-singleturn|p1a: Charizard|Protect
|move|p2b: Blaziken|Flare Blitz|p1b: Basculegion
|-resisted|p1b: Basculegion|1
|-damage|p1b: Basculegion|41/100
|-damage|p2b: Blaziken|23/100|[from] Recoil
|move|p2a: Lycanroc|Rock Slide|p1a: Charizard|[spread] p1b
|-activate|p1a: Charizard|move: Protect
|-damage|p1b: Basculegion|13/100
|move|p1b: Basculegion|Last Respects|p2a: Lycanroc
|-enditem|p2a: Lycanroc|Focus Sash
|-damage|p2a: Lycanroc|1/100
|
|-weather|SunnyDay|[upkeep]
|-ability|p2b: Blaziken|Speed Boost|boost
|-boost|p2b: Blaziken|spe|1
|upkeep
|turn|4
|j| naddydaddy
|
|t:|1784478059
|move|p2a: Lycanroc|Accelerock|p1b: Basculegion
|-damage|p1b: Basculegion|0 fnt
|faint|p1b: Basculegion
|move|p2b: Blaziken|Stone Edge|p1a: Charizard|[miss]
|-miss|p2b: Blaziken|p1a: Charizard
|move|p1a: Charizard|Heat Wave|p2a: Lycanroc|[spread] p2b
|-miss|p1a: Charizard|p2a: Lycanroc
|-resisted|p2b: Blaziken|1
|-damage|p2b: Blaziken|0 fnt
|faint|p2b: Blaziken
|
|-weather|SunnyDay|[upkeep]
|upkeep
|turn|5
|j| Carneyasada
|
|t:|1784478088
|move|p2a: Lycanroc|Accelerock|p1a: Charizard
|-supereffective|p1a: Charizard|2
|-damage|p1a: Charizard|0 fnt
|faint|p1a: Charizard
|
|win|CondorNJ
||CondorNJ is ready for game 2.
|inactive|InkVG has 30 seconds to confirm battle start!
||InkVG is ready for game 2.
|uhtml|next|Next: Game 2 of 3
|l|☆InkVG
|player|p1|
|j|☆InkVG
|player|p1|InkVG|#inkvg|
|l| thacrow
|l| naddydaddy
|l| minamisimp
|j| Code
|j| switch era dropout
|l|+Aldrich
|j| Jawnzu
|l| Snorlaxpikachu1
|l| marilli
|j|+Aldrich
|j| Paywall vgc
|j| Charlie inosanto
|l| Charlie inosanto
|l| PandaMan7567
|l| djfdbdjfbdf
|l| Paywall vgc
