|j|☆stupid (crftu)
|j|☆prosta1
|html|stupid (crftu)prosta1    
|uhtml|bestof|Game 2 of a best-of-3
|t:|1784633355
|gametype|doubles
|player|p1|stupid (crftu)|2|1064
|player|p2|prosta1|170|1127
|gen|9
|tier|[Gen 9 Champions] VGC 2026 Reg M-B (Bo3)
|rated|
|rule|Species Clause: Limit one of each Pokémon
|rule|Item Clause: Limit 1 of each item
|clearpoke
|poke|p1|Kangaskhan, L50, F|
|poke|p1|Dedenne, L50, F|
|poke|p1|Sinistcha, L50|
|poke|p1|Dragapult, L50, M|
|poke|p1|Goodra-Hisui, L50, M|
|poke|p1|Aerodactyl, L50, M|
|poke|p2|Gengar, L50, M|
|poke|p2|Incineroar, L50, F|
|poke|p2|Kommo-o, L50, M|
|poke|p2|Raichu, L50, F|
|poke|p2|Ninetales-Alola, L50, F|
|poke|p2|Volcarona, L50, M|
|teampreview|4
|showteam|p1|Kangaskhan||Kangaskhanite|Scrappy|DoubleEdge,FakeOut,HammerArm,Protect|Adamant||F|||50|]Dedenne||FocusSash|Plus|RainDance,Electroweb,Entrainment,Endeavor|Timid||F|||50|]Sinistcha||SitrusBerry|Hospitality|TrickRoom,MatchaGotcha,RagePowder,ShadowBall|Quiet|||||50|]Dragapult||DragonFang|ClearBody|DragonDarts,LightScreen,DragonCheer,WillOWisp|Jolly||M|||50|]Goodra-Hisui||ScopeLens|SapSipper|DracoMeteor,FlashCannon,Flamethrower,Protect|Modest||M|||50|]Aerodactyl||Aerodactylite|RockHead|RockSlide,IceFang,Tailwind,WideGuard|Adamant||M|||50|
|showteam|p2|Gengar||Gengarite|CursedBody|SludgeBomb,ShadowBall,Substitute,Protect|Modest||M|||50|]Incineroar||PasshoBerry|Intimidate|FlareBlitz,ThroatChop,FakeOut,PartingShot|Adamant||F|||50|]Kommo-o||Leftovers|Soundproof|ClangingScales,AuraSphere,ClangorousSoul,Protect|Modest||M|||50|]Raichu||RaichuniteX|Static|VoltTackle,VoltSwitch,FakeOut,Protect|Jolly||F|||50|]Ninetales-Alola||ChoiceScarf|SnowWarning|Blizzard,FreezeDry,IcyWind,Moonblast|Timid||F|||50|]Volcarona||SitrusBerry|FlameBody|Flamethrower,StruggleBug,RagePowder,Protect|Bold||M|||50|
|
|t:|1784633405
|teamsize|p1|4
|teamsize|p2|4
|start
|switch|p1a: Dragapult|Dragapult, L50, M|100/100
|switch|p1b: Kangaskhan|Kangaskhan, L50, F|100/100
|switch|p2a: Kommo-o|Kommo-o, L50, M|100/100
|switch|p2b: Gengar|Gengar, L50, M|100/100
|turn|1
|
|t:|1784633428
|switch|p1b: Goodra|Goodra-Hisui, L50, M|100/100
|move|p2b: Gengar|Protect|p2b: Gengar
|-singleturn|p2b: Gengar|Protect
|move|p2a: Kommo-o|Protect|p2a: Kommo-o
|-singleturn|p2a: Kommo-o|Protect
|move|p1a: Dragapult|Dragon Cheer|p1b: Goodra
|-start|p1b: Goodra|move: Dragon Cheer
|
|upkeep
|turn|2
|
|t:|1784633455
|detailschange|p2b: Gengar|Gengar-Mega, L50, M
|-mega|p2b: Gengar|Gengar|Gengarite
|move|p1a: Dragapult|Light Screen|p1a: Dragapult
|-sidestart|p1: stupid (crftu)|move: Light Screen
|move|p2b: Gengar|Substitute|p2b: Gengar
|-start|p2b: Gengar|Substitute
|-damage|p2b: Gengar|75/100
|move|p2a: Kommo-o|Clanging Scales|p1a: Dragapult|[spread] p1a,p1b
|-supereffective|p1a: Dragapult|1
|-damage|p1a: Dragapult|50/100g
|-damage|p1b: Goodra|85/100
|-unboost|p2a: Kommo-o|def|1
|move|p1b: Goodra|Draco Meteor|p2a: Kommo-o|[miss]
|-miss|p1b: Goodra|p2a: Kommo-o
|
|upkeep
|turn|3
|
|t:|1784633473
|move|p1a: Dragapult|Dragon Darts|p2a: Kommo-o
|-supereffective|p2a: Kommo-o|1
|-damage|p2a: Kommo-o|40/100
|-anim|p1a: Dragapult|Dragon Darts|p2b: Gengar
|-end|p2b: Gengar|Substitute
|move|p2b: Gengar|Shadow Ball|p1a: Dragapult
|-supereffective|p1a: Dragapult|1
|-damage|p1a: Dragapult|0 fnt
|faint|p1a: Dragapult
|move|p2a: Kommo-o|Aura Sphere|p1b: Goodra
|-supereffective|p1b: Goodra|1
|-damage|p1b: Goodra|56/100
|move|p1b: Goodra|Draco Meteor|p2b: Gengar
|-crit|p2b: Gengar
|-damage|p2b: Gengar|0 fnt
|-unboost|p1b: Goodra|spa|2
|faint|p2b: Gengar
|
|-heal|p2a: Kommo-o|46/100|[from] item: Leftovers
|upkeep
|
|t:|1784633493
|switch|p1a: Sinistcha|Sinistcha, L50|100/100
|switch|p2b: Ninetales|Ninetales-Alola, L50, F|100/100
|-weather|Snowscape|[from] ability: Snow Warning|[of] p2b: Ninetales
|-heal|p1b: Goodra|81/100|[from] ability: Hospitality|[of] p1a: Sinistcha
|turn|4
|
|t:|1784633514
|switch|p2a: Incineroar|Incineroar, L50, F|100/100
|-ability|p2a: Incineroar|Intimidate|boost
|-unboost|p1a: Sinistcha|atk|1
|-unboost|p1b: Goodra|atk|1
|move|p2b: Ninetales|Blizzard|p1b: Goodra|[spread] p1a,p1b
|-supereffective|p1a: Sinistcha|1
|-damage|p1a: Sinistcha|48/100
|-damage|p1b: Goodra|67/100
|-enditem|p1a: Sinistcha|Sitrus Berry|[eat]
|-heal|p1a: Sinistcha|73/100|[from] item: Sitrus Berry
|move|p1b: Goodra|Flash Cannon|p2b: Ninetales
|-supereffective|p2b: Ninetales|2
|-crit|p2b: Ninetales
|-damage|p2b: Ninetales|0 fnt
|faint|p2b: Ninetales
|move|p1a: Sinistcha|Trick Room|p1a: Sinistcha
|-fieldstart|move: Trick Room|[of] p1a: Sinistcha
|
|-weather|Snowscape|[upkeep]
|upkeep
|
|t:|1784633528
|switch|p2b: Kommo-o|Kommo-o, L50, M|46/100
|turn|5
|-message|prosta1 forfeited.
|
|win|stupid (crftu)
|raw|stupid (crftu)'s rating: 1064 → 1100(+36 for winning)
|raw|prosta1's rating: 1127 → 1098(-29 for losing)
