|j|☆Pareng Khufra
|j|☆komsu
|html|Pareng Khufrakomsu    
|uhtml|bestof|Game 1 of a best-of-3
|t:|1785250798
|gametype|doubles
|player|p1|Pareng Khufra|1|1324
|player|p2|komsu|gambler|1366
|gen|9
|tier|[Gen 9 Champions] VGC 2026 Reg M-B (Bo3)
|rated|
|rule|Species Clause: Limit one of each Pokémon
|rule|Item Clause: Limit 1 of each item
|clearpoke
|poke|p1|Gardevoir, L50, F|
|poke|p1|Kommo-o, L50, F|
|poke|p1|Talonflame, L50, M|
|poke|p1|Maushold, L50|
|poke|p1|Kingambit, L50, F|
|poke|p1|Basculegion, L50, M|
|poke|p2|Scizor, L50, M|
|poke|p2|Kommo-o, L50, M|
|poke|p2|Charizard, L50, M|
|poke|p2|Incineroar, L50, F|
|poke|p2|Whimsicott, L50, M|
|poke|p2|Basculegion, L50, M|
|teampreview|4
|showteam|p1|Gardevoir||Gardevoirite|Trace|HyperVoice,Psychic,Protect,Thunderbolt|Modest||F|||50|]Kommo-o||LifeOrb|Soundproof|ClangingScales,AuraSphere,DracoMeteor,Protect|Modest||F|||50|]Talonflame||SharpBeak|GaleWings|Tailwind,DualWingbeat,Protect,FlareBlitz|Jolly||M|||50|]Maushold||FocusSash|FriendGuard|Feint,SuperFang,Protect,FollowMe|Jolly|||||50|]Kingambit||ExpertBelt|Defiant|IronHead,SuckerPunch,LowKick,KowtowCleave|Jolly||F|||50|]Basculegion||ChoiceScarf|Adaptability|WaveCrash,LastRespects,FlipTurn,AquaJet|Jolly||M|||50|
|showteam|p2|Scizor||LifeOrb|Technician|BulletPunch,BrickBreak,DualWingbeat,Protect|Adamant||M|||50|]Kommo-o||Leftovers|Soundproof|AuraSphere,ClangingScales,ClangorousSoul,Protect|Modest||M|||50|]Charizard||CharizarditeY|Blaze|HeatWave,AncientPower,WeatherBall,Protect|Modest||M|||50|]Incineroar||SitrusBerry|Intimidate|ThroatChop,FlareBlitz,FakeOut,PartingShot|Impish||F|||50|]Whimsicott||FocusSash|Prankster|Moonblast,Tailwind,Protect,Encore|Timid||M|||50|]Basculegion||MysticWater|Adaptability|AquaJet,WaveCrash,LastRespects,Protect|Adamant||M|||50|
|
|t:|1785250867
|teamsize|p1|4
|teamsize|p2|4
|start
|switch|p1a: Talonflame|Talonflame, L50, M|100/100
|switch|p1b: Gardevoir|Gardevoir, L50, F|100/100
|switch|p2a: Whimsicott|Whimsicott, L50, M|100/100
|switch|p2b: Charizard|Charizard, L50, M|100/100
|-ability|p1b: Gardevoir|Blaze|Trace|[from] ability: Trace|[of] p2b: Charizard
|turn|1
|
|t:|1785250887
|detailschange|p2b: Charizard|Charizard-Mega-Y, L50, M
|-mega|p2b: Charizard|Charizard|Charizardite Y
|-weather|SunnyDay|[from] ability: Drought|[of] p2b: Charizard
|detailschange|p1b: Gardevoir|Gardevoir-Mega, L50, F
|-mega|p1b: Gardevoir|Gardevoir|Gardevoirite
|move|p2a: Whimsicott|Protect|p2a: Whimsicott
|-singleturn|p2a: Whimsicott|Protect
|move|p1a: Talonflame|Tailwind|p1a: Talonflame
|-sidestart|p1: Pareng Khufra|move: Tailwind
|move|p1b: Gardevoir|Thunderbolt|p2b: Charizard
|-supereffective|p2b: Charizard|1
|-damage|p2b: Charizard|23/100
|move|p2b: Charizard|Heat Wave|p1a: Talonflame|[spread] p1a,p1b
|-resisted|p1a: Talonflame|1
|-damage|p1a: Talonflame|50/100g
|-damage|p1b: Gardevoir|40/100
|
|-weather|SunnyDay|[upkeep]
|upkeep
|turn|2
|l|☆Pareng Khufra
|player|p1|
|j|☆Pareng Khufra
|player|p1|Pareng Khufra|1|
|
|t:|1785250942
|switch|p1a: Kingambit|Kingambit, L50, F|100/100
|move|p2b: Charizard|Protect|p2b: Charizard
|-singleturn|p2b: Charizard|Protect
|move|p2a: Whimsicott|Tailwind|p2a: Whimsicott
|-sidestart|p2: komsu|move: Tailwind
|move|p1b: Gardevoir|Thunderbolt|p2b: Charizard
|-activate|p2b: Charizard|move: Protect
|
|-weather|SunnyDay|[upkeep]
|upkeep
|turn|3
|
|t:|1785250963
|switch|p2b: Kommo-o|Kommo-o, L50, M|100/100
|move|p2a: Whimsicott|Moonblast|p1b: Gardevoir
|-damage|p1b: Gardevoir|8/100
|move|p1b: Gardevoir|Hyper Voice|p2b: Kommo-o|[spread] p2a
|-immune|p2b: Kommo-o|[from] ability: Soundproof
|-damage|p2a: Whimsicott|13/100
|move|p1a: Kingambit|Iron Head|p2a: Whimsicott
|-supereffective|p2a: Whimsicott|1
|-damage|p2a: Whimsicott|0 fnt
|faint|p2a: Whimsicott
|
|-weather|SunnyDay|[upkeep]
|upkeep
|
|t:|1785250979
|switch|p2a: Charizard|Charizard-Mega-Y, L50, M|23/100
|turn|4
|
|t:|1785250992
|switch|p1a: Talonflame|Talonflame, L50, M|50/100g
|move|p2a: Charizard|Protect|p2a: Charizard
|-singleturn|p2a: Charizard|Protect
|move|p1b: Gardevoir|Psychic|p2b: Kommo-o
|-supereffective|p2b: Kommo-o|1
|-damage|p2b: Kommo-o|0 fnt
|faint|p2b: Kommo-o
|
|-weather|SunnyDay|[upkeep]
|-sideend|p1: Pareng Khufra|move: Tailwind
|upkeep
|
|t:|1785250999
|switch|p2b: Incineroar|Incineroar, L50, F|100/100
|-ability|p2b: Incineroar|Intimidate|boost
|-unboost|p1a: Talonflame|atk|1
|-unboost|p1b: Gardevoir|atk|1
|turn|5
|
|t:|1785251014
|move|p1a: Talonflame|Protect|p1a: Talonflame
|-singleturn|p1a: Talonflame|Protect
|move|p1b: Gardevoir|Protect|p1b: Gardevoir
|-singleturn|p1b: Gardevoir|Protect
|move|p2b: Incineroar|Fake Out|p1a: Talonflame
|-activate|p1a: Talonflame|move: Protect
|move|p2a: Charizard|Heat Wave|p1b: Gardevoir|[spread] 
|-activate|p1a: Talonflame|move: Protect
|-activate|p1b: Gardevoir|move: Protect
|
|-weather|none
|-sideend|p2: komsu|move: Tailwind
|upkeep
|turn|6
|
|t:|1785251024
|move|p1a: Talonflame|Tailwind|p1a: Talonflame
|-sidestart|p1: Pareng Khufra|move: Tailwind
|move|p1b: Gardevoir|Hyper Voice|p2b: Incineroar|[spread] p2a,p2b
|-resisted|p2a: Charizard|1
|-damage|p2a: Charizard|0 fnt
|-damage|p2b: Incineroar|52/100
|faint|p2a: Charizard
|move|p2b: Incineroar|Throat Chop|p1a: Talonflame
|-damage|p1a: Talonflame|4/100
|-start|p1a: Talonflame|Throat Chop|[silent]
|
|upkeep
|turn|7
|
|t:|1785251035
|move|p1a: Talonflame|Dual Wingbeat|p2b: Incineroar
|-damage|p2b: Incineroar|41/100
|-enditem|p2b: Incineroar|Sitrus Berry|[eat]
|-heal|p2b: Incineroar|66/100|[from] item: Sitrus Berry
|-damage|p2b: Incineroar|54/100
|-hitcount|p2b: Incineroar|2
|move|p1b: Gardevoir|Hyper Voice|p2b: Incineroar
|-damage|p2b: Incineroar|0 fnt
|faint|p2b: Incineroar
|
|win|Pareng Khufra
||komsu is ready for game 2.
