|j|☆allenwildcard
|j|☆olafac
|html|allenwildcardolafac    
|uhtml|bestof|Game 3 of a best-of-3
|t:|1783456183
|gametype|doubles
|player|p1|allenwildcard|iris|1082
|player|p2|olafac|cyrus|1165
|gen|9
|tier|[Gen 9 Champions] VGC 2026 Reg M-B (Bo3)
|rated|
|rule|Species Clause: Limit one of each Pokémon
|rule|Item Clause: Limit 1 of each item
|clearpoke
|poke|p1|Raichu, L50, M|
|poke|p1|Whimsicott, L50, F, shiny|
|poke|p1|Sneasler, L50, F|
|poke|p1|Hydreigon, L50, F|
|poke|p1|Basculegion, L50, M|
|poke|p1|Mawile, L50, F|
|poke|p2|Ceruledge, L50, F|
|poke|p2|Aerodactyl, L50, F|
|poke|p2|Incineroar, L50, F|
|poke|p2|Sylveon, L50, M|
|poke|p2|Lopunny, L50, M|
|poke|p2|Grimmsnarl, L50, M|
|teampreview|4
|showteam|p1|Raichu||RaichuniteY|LightningRod|ZapCannon,FocusBlast,FakeOut,Encore|Timid||M|||50|]Whimsicott||FocusSash|Prankster|Encore,Tailwind,Moonblast,Endeavor|Timid||F|||50|]Sneasler||WhiteHerb|Unburden|FakeOut,CloseCombat,Uturn,DireClaw|Jolly||F|||50|]Hydreigon||LifeOrb|Levitate|Protect,DracoMeteor,DarkPulse,HeatWave|Timid||F|||50|]Basculegion||ExpertBelt|Adaptability|AquaJet,LastRespects,WaveCrash,Protect|Jolly||M|||50|]Mawile||Mawilite|Intimidate|PlayRough,SuckerPunch,SwordsDance,Protect|Adamant||F|||50|
|showteam|p2|Ceruledge||FocusSash|WeakArmor|BitterBlade,ShadowSneak,SwordsDance,CloseCombat|Jolly||F|||50|]Aerodactyl||Aerodactylite|Unnerve|RockSlide,Tailwind,DualWingbeat,PsychicFangs|Jolly||F|||50|]Incineroar||SitrusBerry|Intimidate|FlareBlitz,PartingShot,FakeOut,DarkestLariat|Adamant||F|||50|]Sylveon||FairyFeather|Pixilate|HyperVoice,HyperBeam,CalmMind,Protect|Modest||M|||50|]Lopunny||Lopunnite|Limber|Acrobatics,FakeOut,CloseCombat,Protect|Jolly||M|||50|]Grimmsnarl||LightClay|Prankster|LightScreen,Reflect,PartingShot,SpiritBreak|Careful||M|||50|
|
|t:|1783456201
|teamsize|p1|4
|teamsize|p2|4
|start
|switch|p1a: Raichu|Raichu, L50, M|100/100
|switch|p1b: Sneasler|Sneasler, L50, F|100/100
|switch|p2a: Lopunny|Lopunny, L50, M|100/100
|switch|p2b: Grimmsnarl|Grimmsnarl, L50, M|100/100
|turn|1
|
|t:|1783456236
|detailschange|p1a: Raichu|Raichu-Mega-Y, L50, M
|-mega|p1a: Raichu|Raichu|Raichunite Y
|detailschange|p2a: Lopunny|Lopunny-Mega, L50, M
|-mega|p2a: Lopunny|Lopunny|Lopunnite
|move|p2a: Lopunny|Protect|p2a: Lopunny
|-singleturn|p2a: Lopunny|Protect
|move|p1a: Raichu|Fake Out|p2a: Lopunny
|-activate|p2a: Lopunny|move: Protect
|move|p2b: Grimmsnarl|Reflect|p2b: Grimmsnarl
|-sidestart|p2: olafac|Reflect
|move|p1b: Sneasler|Close Combat|p2b: Grimmsnarl
|-damage|p2b: Grimmsnarl|50/100g
|-unboost|p1b: Sneasler|def|1
|-unboost|p1b: Sneasler|spd|1
|-enditem|p1b: Sneasler|White Herb
|-clearnegativeboost|p1b: Sneasler|[silent]
|
|upkeep
|turn|2
|
|t:|1783456260
|move|p2b: Grimmsnarl|Light Screen|p2b: Grimmsnarl
|-sidestart|p2: olafac|move: Light Screen
|move|p1b: Sneasler|Close Combat|p2a: Lopunny
|-supereffective|p2a: Lopunny|1
|-damage|p2a: Lopunny|0 fnt
|-unboost|p1b: Sneasler|def|1
|-unboost|p1b: Sneasler|spd|1
|faint|p2a: Lopunny
|move|p1a: Raichu|Zap Cannon|p2b: Grimmsnarl
|-damage|p2b: Grimmsnarl|9/100
|-status|p2b: Grimmsnarl|par
|
|upkeep
|
|t:|1783456272
|switch|p2a: Sylveon|Sylveon, L50, M|100/100
|turn|3
|
|t:|1783456279
|move|p2b: Grimmsnarl|Parting Shot|p1b: Sneasler
|-unboost|p1b: Sneasler|atk|1
|-unboost|p1b: Sneasler|spa|1
|
|t:|1783456283
|switch|p2b: Ceruledge|Ceruledge, L50, F|100/100|[from] Parting Shot
|move|p1b: Sneasler|Dire Claw|p2a: Sylveon
|-supereffective|p2a: Sylveon|1
|-damage|p2a: Sylveon|52/100
|move|p1a: Raichu|Zap Cannon|p2a: Sylveon
|-damage|p2a: Sylveon|16/100
|-status|p2a: Sylveon|par
|move|p2a: Sylveon|Hyper Voice|p1a: Raichu|[spread] p1a,p1b
|-damage|p1a: Raichu|20/100y
|-damage|p1b: Sneasler|0 fnt
|faint|p1b: Sneasler
|
|upkeep
|
|t:|1783456296
|switch|p1b: Basculegion|Basculegion, L50, M|100/100
|turn|4
|
|t:|1783456318
|switch|p1a: Hydreigon|Hydreigon, L50, F|100/100
|move|p2b: Ceruledge|Swords Dance|p2b: Ceruledge
|-boost|p2b: Ceruledge|atk|2
|move|p1b: Basculegion|Wave Crash|p2a: Sylveon
|-damage|p2a: Sylveon|0 fnt
|faint|p2a: Sylveon
|-damage|p1b: Basculegion|94/100|[from] Recoil
|
|upkeep
|
|t:|1783456326
|switch|p2a: Grimmsnarl|Grimmsnarl, L50, M|9/100 par
|turn|5
|
|t:|1783456340
|move|p2b: Ceruledge|Shadow Sneak|p1b: Basculegion
|-supereffective|p1b: Basculegion|1
|-damage|p1b: Basculegion|0 fnt
|faint|p1b: Basculegion
|move|p1a: Hydreigon|Dark Pulse|p2b: Ceruledge
|-supereffective|p2b: Ceruledge|1
|-damage|p2b: Ceruledge|15/100
|-damage|p1a: Hydreigon|90/100|[from] item: Life Orb
|move|p2a: Grimmsnarl|Spirit Break|p1a: Hydreigon
|-supereffective|p1a: Hydreigon|2
|-damage|p1a: Hydreigon|0 fnt
|faint|p1a: Hydreigon
|
|upkeep
|
|t:|1783456353
|switch|p1b: Raichu|Raichu-Mega-Y, L50, M|20/100y
|turn|6
|c|☆olafac|ggwp
|c|☆allenwildcard|yeah you got super lucky and played really dumb and unsafe
|c|☆allenwildcard|you actually suck but still won
|c|☆olafac|yet I still won
|c|☆allenwildcard|yeah you played fuckin stupid haha
|c|☆olafac|So what does that say about you
|c|☆olafac|That you lost to a guy who played "fucking stupid"
|c|☆allenwildcard|its like a fun suprise
|c|☆allenwildcard|your team building and playing is stupid and unsafe but gg haha
|l|☆allenwildcard
|player|p1|
|j|☆allenwildcard
|player|p1|allenwildcard|iris|
|-message|allenwildcard forfeited by changing their name.
|l| allenwildcard
|
|win|olafac
