|j|☆Jakobtc
|j|☆chochitos gustar
|html|Jakobtcchochitos gustar    
|uhtml|bestof|Game 2 of a best-of-3
|t:|1756751370
|gametype|doubles
|player|p1|Jakobtc|riley|1216
|player|p2|chochitos gustar|rosa|1285
|gen|9
|tier|[Gen 9] VGC 2025 Reg H (Bo3)
|rated|
|rule|Species Clause: Limit one of each Pokémon
|rule|Item Clause: Limit 1 of each item
|clearpoke
|poke|p1|Gholdengo, L50|
|poke|p1|Incineroar, L50, F|
|poke|p1|Ursaluna, L50, F|
|poke|p1|Porygon2, L50|
|poke|p1|Kilowattrel, L50, F|
|poke|p1|Sneasler, L50, M|
|poke|p2|Pelipper, L50, M|
|poke|p2|Archaludon, L50, M|
|poke|p2|Basculegion, L50, M|
|poke|p2|Incineroar, L50, M|
|poke|p2|Amoonguss, L50, M|
|poke|p2|Gholdengo, L50|
|teampreview|4
|showteam|p1|Gholdengo||LifeOrb|GoodasGold|MakeItRain,ShadowBall,NastyPlot,Protect||||||50|,,,,,Dragon]Incineroar||SafetyGoggles|Intimidate|FakeOut,FlareBlitz,KnockOff,PartingShot|||F|||50|,,,,,Bug]Ursaluna||FlameOrb|Guts|Facade,HeadlongRush,Earthquake,Protect|||F|||50|,,,,,Ghost]Porygon2||Eviolite|Download|TeraBlast,IceBeam,Recover,TrickRoom||||||50|,,,,,Flying]Kilowattrel||FocusSash|Competitive|AirSlash,Thunderbolt,Tailwind,Protect|||F|||50|,,,,,Ghost]Sneasler||WhiteHerb|Unburden|DireClaw,CloseCombat,Taunt,Protect|||M|||50|,,,,,Stellar
|showteam|p2|Pelipper||FocusSash|Drizzle|Tailwind,Hurricane,WeatherBall,Protect|||M|||50|,,,,,Stellar]Archaludon||AssaultVest|Stamina|ElectroShot,BodyPress,FlashCannon,DragonPulse|||M|||50|,,,,,Fairy]Basculegion||ChoiceBand|SwiftSwim|LastRespects,WaveCrash,AquaJet,FlipTurn|||M|||50|,,,,,Water]Incineroar||SafetyGoggles|Intimidate|FakeOut,KnockOff,FlareBlitz,PartingShot|||M|||50|,,,,,Ghost]Amoonguss||SitrusBerry|Regenerator|Spore,RagePowder,PollenPuff,ClearSmog|||M|||50|,,,,,Fire]Gholdengo||LifeOrb|GoodasGold|NastyPlot,MakeItRain,ShadowBall,Protect||||||50|,,,,,Water
|inactive|Battle timer is ON: inactive players will automatically lose when time's up. (requested by chochitos gustar)
|
|t:|1756751427
|teamsize|p1|4
|teamsize|p2|4
|start
|switch|p1a: Incineroar|Incineroar, L50, F|100/100
|switch|p1b: Sneasler|Sneasler, L50, M|100/100
|switch|p2a: Basculegion|Basculegion, L50, M|100/100
|switch|p2b: Pelipper|Pelipper, L50, M|100/100
|-weather|RainDance|[from] ability: Drizzle|[of] p2b: Pelipper
|-ability|p1a: Incineroar|Intimidate|boost
|-unboost|p2a: Basculegion|atk|1
|-unboost|p2b: Pelipper|atk|1
|turn|1
|
|t:|1756751457
|move|p1a: Incineroar|Fake Out|p2b: Pelipper
|-damage|p2b: Pelipper|84/100
|move|p2a: Basculegion|Flip Turn|p1a: Incineroar
|-supereffective|p1a: Incineroar
|-damage|p1a: Incineroar|11/100
|
|t:|1756751466
|switch|p2a: Gholdengo|Gholdengo, L50|100/100|[from] Flip Turn
|move|p1b: Sneasler|Taunt|p2b: Pelipper
|-start|p2b: Pelipper|move: Taunt
|cant|p2b: Pelipper|flinch
|
|-weather|RainDance|[upkeep]
|upkeep
|turn|2
|
|t:|1756751486
|switch|p1b: Gholdengo|Gholdengo, L50|100/100
|move|p2a: Gholdengo|Make It Rain|p1b: Gholdengo|[spread] p1a,p1b
|-resisted|p1a: Incineroar
|-resisted|p1b: Gholdengo
|-damage|p1a: Incineroar|0 fnt
|-damage|p1b: Gholdengo|72/100
|-unboost|p2a: Gholdengo|spa|1
|faint|p1a: Incineroar
|-damage|p2a: Gholdengo|91/100|[from] item: Life Orb
|move|p2b: Pelipper|Hurricane|p1b: Gholdengo
|-resisted|p1b: Gholdengo
|-damage|p1b: Gholdengo|48/100
|
|-weather|RainDance|[upkeep]
|upkeep
|
|t:|1756751499
|switch|p1a: Kilowattrel|Kilowattrel, L50, F|100/100
|turn|3
|inactive|Jakobtc has 30 seconds left.
|
|t:|1756751533
|-terastallize|p1b: Gholdengo|Dragon
|move|p1a: Kilowattrel|Thunderbolt|p2a: Gholdengo
|-damage|p2a: Gholdengo|49/100
|move|p2a: Gholdengo|Shadow Ball|p1b: Gholdengo
|-damage|p1b: Gholdengo|10/100
|-damage|p2a: Gholdengo|39/100|[from] item: Life Orb
|move|p1b: Gholdengo|Shadow Ball|p2a: Gholdengo
|-supereffective|p2a: Gholdengo
|-damage|p2a: Gholdengo|0 fnt
|faint|p2a: Gholdengo
|-damage|p1b: Gholdengo|0 fnt|[from] item: Life Orb
|faint|p1b: Gholdengo
|move|p2b: Pelipper|Weather Ball|p1a: Kilowattrel
|-enditem|p1a: Kilowattrel|Focus Sash
|-damage|p1a: Kilowattrel|1/100
|
|-weather|RainDance|[upkeep]
|-end|p2b: Pelipper|move: Taunt
|upkeep
|
|t:|1756751552
|switch|p2a: Basculegion|Basculegion, L50, M|100/100
|switch|p1b: Sneasler|Sneasler, L50, M|100/100
|turn|4
|
|t:|1756751569
|move|p1a: Kilowattrel|Protect|p1a: Kilowattrel
|-singleturn|p1a: Kilowattrel|Protect
|move|p2a: Basculegion|Wave Crash|p1a: Kilowattrel
|-activate|p1a: Kilowattrel|move: Protect
|move|p1b: Sneasler|Dire Claw|p2a: Basculegion
|-resisted|p2a: Basculegion
|-damage|p2a: Basculegion|76/100
|move|p2b: Pelipper|Tailwind|p2b: Pelipper
|-sidestart|p2: chochitos gustar|move: Tailwind
|
|-weather|RainDance|[upkeep]
|upkeep
|turn|5
|
|t:|1756751582
|move|p1a: Kilowattrel|Protect|p1a: Kilowattrel
|-singleturn|p1a: Kilowattrel|Protect
|move|p1b: Sneasler|Protect|p1b: Sneasler
|-singleturn|p1b: Sneasler|Protect
|move|p2a: Basculegion|Wave Crash|p1a: Kilowattrel
|-activate|p1a: Kilowattrel|move: Protect
|move|p2b: Pelipper|Hurricane|p1b: Sneasler
|-activate|p1b: Sneasler|move: Protect
|
|-weather|none
|upkeep
|turn|6
|
|t:|1756751599
|-terastallize|p2a: Basculegion|Water
|move|p1a: Kilowattrel|Protect|p1a: Kilowattrel
|-singleturn|p1a: Kilowattrel|Protect
|move|p2a: Basculegion|Wave Crash|p1b: Sneasler
|-damage|p1b: Sneasler|0 fnt
|faint|p1b: Sneasler
|-damage|p2a: Basculegion|48/100|[from] Recoil
|move|p2b: Pelipper|Weather Ball|p1a: Kilowattrel
|-activate|p1a: Kilowattrel|move: Protect
|
|upkeep
|turn|7
|c|☆Jakobtc|gg
|
|t:|1756751611
|switch|p2a: Archaludon|Archaludon, L50, M, shiny|100/100
|move|p2b: Pelipper|Weather Ball|p1a: Kilowattrel
|-damage|p1a: Kilowattrel|0 fnt
|faint|p1a: Kilowattrel
|
|win|chochitos gustar
|raw|Jakobtc's rating: 1216 → 1196(-20 for losing)
|raw|chochitos gustar's rating: 1285 → 1305(+20 for winning)
