|j|☆ToastedArt
|j|☆gvgbvvgb
|html|ToastedArtgvgbvvgb    
|uhtml|bestof|Game 1 of a best-of-3
|t:|1785969627
|gametype|doubles
|player|p1|ToastedArt|iris|1112
|player|p2|gvgbvvgb|ghetsis|1000
|gen|9
|tier|[Gen 9 Champions] VGC 2026 Reg M-B (Bo3)
|rated|
|rule|Species Clause: Limit one of each Pokémon
|rule|Item Clause: Limit 1 of each item
|clearpoke
|poke|p1|Staraptor, L50, F|
|poke|p1|Whimsicott, L50, F|
|poke|p1|Gholdengo, L50|
|poke|p1|Sinistcha, L50|
|poke|p1|Arcanine-Hisui, L50, M|
|poke|p1|Zoroark-Hisui, L50, M|
|poke|p2|Floette-Eternal, L50, F|
|poke|p2|Gholdengo, L50, shiny|
|poke|p2|Palafin, L50, M, shiny|
|poke|p2|Sinistcha-Masterpiece, L50|
|poke|p2|Garchomp, L50, M, shiny|
|poke|p2|Whimsicott, L50, M|
|teampreview|4
|showteam|p1|Staraptor||Staraptite|Intimidate|CloseCombat,BraveBird,Roost,Protect|Jolly||F|||50|]Whimsicott||OccaBerry|Prankster|Encore,Tailwind,Charm,Moonblast|Timid||F|||50|]Gholdengo||LifeOrb|GoodasGold|MakeItRain,ShadowBall,NastyPlot,Protect|Modest|||||50|]Sinistcha||ColburBerry|Hospitality|MatchaGotcha,RagePowder,TrickRoom,Protect|Relaxed|||||50|]Arcanine-Hisui||FocusSash|RockHead|FlareBlitz,HeadSmash,ExtremeSpeed,Protect|Jolly||M|||50|]Zoroark-Hisui||SpellTag|Illusion|ShadowBall,IcyWind,WillOWisp,FakeTears|Timid||M|||50|
|showteam|p2|Floette-Eternal||Floettite|FlowerVeil|LightofRuin,CalmMind,Moonblast,DazzlingGleam|Modest||F|||50|]Gholdengo||FocusSash|GoodasGold|Poltergeist,NastyPlot,MakeItRain,DazzlingGleam|Modest|||||50|]Palafin||LifeOrb|ZerotoHero|CloseCombat,HydroPump,FlipTurn,JetPunch|Adamant||M|||50|]Sinistcha-Masterpiece||Leftovers|Hospitality|MatchaGotcha,Poltergeist,LifeDew,RagePowder|Serious|||||50|]Garchomp||MentalHerb|RoughSkin|DragonClaw,IronHead,EarthPower,RockSlide|Adamant||M|||50|]Whimsicott||ExpertBelt|Prankster|Tailwind,Taunt,Uturn,DazzlingGleam|Sassy||M|||50|
|inactive|Battle timer is ON: inactive players will automatically lose when time's up. (requested by ToastedArt)
|
|t:|1785969640
|teamsize|p1|4
|teamsize|p2|4
|start
|switch|p1a: Staraptor|Staraptor, L50, F|100/100
|switch|p1b: Gholdengo|Gholdengo, L50|100/100
|switch|p2a: Floette|Floette-Eternal, L50, F|100/100
|switch|p2b: Garchomp|Garchomp, L50, M, shiny|100/100
|-ability|p1a: Staraptor|Intimidate|boost
|-unboost|p2a: Floette|atk|1
|-unboost|p2b: Garchomp|atk|1
|turn|1
|
|t:|1785969661
|switch|p2a: Sinistcha|Sinistcha-Masterpiece, L50|100/100
|detailschange|p1a: Staraptor|Staraptor-Mega, L50, F
|-mega|p1a: Staraptor|Staraptor|Staraptite
|move|p1b: Gholdengo|Will-O-Wisp|p2b: Garchomp|[miss]
|-miss|p1b: Gholdengo|p2b: Garchomp
|move|p1a: Staraptor|Close Combat|p2b: Garchomp
|-damage|p2b: Garchomp|41/100
|-boost|p1a: Staraptor|def|1
|-boost|p1a: Staraptor|spd|1
|-damage|p1a: Staraptor|87/100|[from] ability: Rough Skin|[of] p2b: Garchomp
|move|p2b: Garchomp|Earth Power|p1b: Gholdengo
|-damage|p1b: Gholdengo|54/100
|replace|p1b: Zoroark|Zoroark-Hisui, L50, M
|-end|p1b: Zoroark|Illusion
|
|upkeep
|turn|2
|inactive|gvgbvvgb has 30 seconds left.
|
|t:|1785969694
|switch|p1b: Gholdengo|Gholdengo, L50|100/100
|switch|p2b: Floette|Floette-Eternal, L50, F|100/100
|move|p1a: Staraptor|Brave Bird|p2b: Floette
|-damage|p2b: Floette|18/100
|-damage|p1a: Staraptor|64/100|[from] Recoil
|move|p2a: Sinistcha|Life Dew||[still]|[spread] p2a,p2b
|-fail|p2a: Sinistcha|heal
|-heal|p2b: Floette|44/100
|
|upkeep
|turn|3
|
|t:|1785969715
|switch|p2b: Palafin|Palafin, L50, M, shiny|100/100
|move|p1a: Staraptor|Protect|p1a: Staraptor
|-singleturn|p1a: Staraptor|Protect
|move|p2a: Sinistcha|Rage Powder|p2a: Sinistcha
|-singleturn|p2a: Sinistcha|move: Rage Powder
|move|p1b: Gholdengo|Shadow Ball|p2a: Sinistcha
|-supereffective|p2a: Sinistcha|1
|-damage|p2a: Sinistcha|0 fnt
|faint|p2a: Sinistcha
|-damage|p1b: Gholdengo|90/100|[from] item: Life Orb
|
|upkeep
|
|t:|1785969724
|switch|p2a: Garchomp|Garchomp, L50, M, shiny|41/100
|turn|4
|
|t:|1785969734
|detailschange|p2b: Palafin|Palafin-Hero, L50, M, shiny
|switch|p2b: Floette|Floette-Eternal, L50, F|44/100
|move|p1a: Staraptor|Close Combat|p2a: Garchomp
|-damage|p2a: Garchomp|0 fnt
|-boost|p1a: Staraptor|def|1
|-boost|p1a: Staraptor|spd|1
|-damage|p1a: Staraptor|51/100|[from] ability: Rough Skin|[of] p2a: Garchomp
|faint|p2a: Garchomp
|move|p1b: Gholdengo|Make It Rain|p2b: Floette
|-supereffective|p2b: Floette|1
|-damage|p2b: Floette|0 fnt
|-unboost|p1b: Gholdengo|spa|2
|faint|p2b: Floette
|-damage|p1b: Gholdengo|81/100|[from] item: Life Orb
|
|upkeep
|
|t:|1785969747
|switch|p2a: Palafin|Palafin-Hero, L50, M, shiny|100/100
|-activate|p2a: Palafin|ability: Zero to Hero
|turn|5
|
|t:|1785969754
|switch|p1b: Whimsicott|Whimsicott, L50, F|100/100
|move|p1a: Staraptor|Protect|p1a: Staraptor
|-singleturn|p1a: Staraptor|Protect
|move|p2a: Palafin|Jet Punch|p1b: Whimsicott
|-resisted|p1b: Whimsicott|1
|-damage|p1b: Whimsicott|66/100
|-damage|p2a: Palafin|90/100|[from] item: Life Orb
|
|upkeep
|turn|6
|-message|gvgbvvgb forfeited.
|
|win|ToastedArt
|l|☆gvgbvvgb
|player|p2|
