|j|☆liamvgc1
|j|☆Andrea Pirlo 2
|html|liamvgc1Andrea Pirlo 2    
|uhtml|bestof|Game 2 of a best-of-3
|t:|1782673909
|gametype|doubles
|player|p1|liamvgc1|giovanni|1453
|player|p2|Andrea Pirlo 2|volkner|1490
|gen|9
|tier|[Gen 9 Champions] VGC 2026 Reg M-B (Bo3)
|rated|
|rule|Species Clause: Limit one of each Pokémon
|rule|Item Clause: Limit 1 of each item
|clearpoke
|poke|p1|Basculegion, L50, M|
|poke|p1|Floette-Eternal, L50, F|
|poke|p1|Whimsicott, L50, M|
|poke|p1|Garchomp, L50, F|
|poke|p1|Charizard, L50, F|
|poke|p1|Kingambit, L50, M|
|poke|p2|Swampert, L50, F|
|poke|p2|Pelipper, L50, F|
|poke|p2|Archaludon, L50, F|
|poke|p2|Grimmsnarl, L50, M|
|poke|p2|Venusaur, L50, M|
|poke|p2|Basculegion, L50, M|
|teampreview|4
|showteam|p1|Basculegion||MysticWater|Adaptability|WaveCrash,LastRespects,AquaJet,Protect|Adamant||M|||50|]Floette-Eternal||Floettite|FlowerVeil|Moonblast,DazzlingGleam,LightofRuin,Protect|Timid||F|||50|]Whimsicott||FocusSash|Prankster|Moonblast,Tailwind,Encore,Protect|Timid||M|||50|]Garchomp||LifeOrb|RoughSkin|Earthquake,DragonClaw,RockSlide,Protect|Jolly||F|||50|]Charizard||CharizarditeY|Blaze|HeatWave,SolarBeam,WeatherBall,Protect|Modest||F|||50|]Kingambit||BlackGlasses|Defiant|SuckerPunch,KowtowCleave,IronHead,Protect|Adamant||M|||50|
|showteam|p2|Swampert||Swampertite|Damp|WaveCrash,Earthquake,IcePunch,Protect|Adamant||F|||50|]Pelipper||SitrusBerry|Drizzle|Hurricane,WeatherBall,Tailwind,Protect|Bold||F|||50|]Archaludon||Leftovers|Stamina|DragonPulse,FlashCannon,ElectroShot,Protect|Modest||F|||50|]Grimmsnarl||LightClay|Prankster|FoulPlay,Reflect,LightScreen,PartingShot|Careful||M|||50|]Venusaur||Venusaurite|Chlorophyll|SludgeBomb,GigaDrain,EarthPower,Protect|Modest||M|||50|]Basculegion||ChoiceScarf|Adaptability|WaveCrash,LastRespects,FlipTurn,AquaJet|Jolly||M|||50|
|inactive|Battle timer is ON: inactive players will automatically lose when time's up. (requested by liamvgc1)
|
|t:|1782673915
|teamsize|p1|4
|teamsize|p2|4
|start
|switch|p1a: Floette|Floette-Eternal, L50, F|100/100
|switch|p1b: Kingambit|Kingambit, L50, M|100/100
|switch|p2a: Venusaur|Venusaur, L50, M|100/100
|switch|p2b: Grimmsnarl|Grimmsnarl, L50, M|100/100
|turn|1
|
|t:|1782673923
|detailschange|p1a: Floette|Floette-Mega, L50, F
|-mega|p1a: Floette|Floette|Floettite
|-ability|p1a: Floette|Fairy Aura
|detailschange|p2a: Venusaur|Venusaur-Mega, L50, M
|-mega|p2a: Venusaur|Venusaur|Venusaurite
|move|p2b: Grimmsnarl|Reflect|p2b: Grimmsnarl
|-sidestart|p2: Andrea Pirlo 2|Reflect
|move|p1a: Floette|Moonblast|p2b: Grimmsnarl
|-supereffective|p2b: Grimmsnarl|1
|-damage|p2b: Grimmsnarl|0 fnt
|faint|p2b: Grimmsnarl
|move|p2a: Venusaur|Sludge Bomb|p1a: Floette
|-supereffective|p1a: Floette|1
|-damage|p1a: Floette|20/100y
|move|p1b: Kingambit|Kowtow Cleave|p2a: Venusaur
|-damage|p2a: Venusaur|65/100
|
|upkeep
|
|t:|1782673934
|switch|p2b: Pelipper|Pelipper, L50, F|100/100
|-weather|RainDance|[from] ability: Drizzle|[of] p2b: Pelipper
|turn|2
|
|t:|1782673943
|move|p1a: Floette|Light of Ruin|p2a: Venusaur|[miss]
|-miss|p1a: Floette|p2a: Venusaur
|move|p2a: Venusaur|Earth Power|p1a: Floette
|-damage|p1a: Floette|0 fnt
|faint|p1a: Floette
|move|p2b: Pelipper|Tailwind|p2b: Pelipper
|-sidestart|p2: Andrea Pirlo 2|move: Tailwind
|move|p1b: Kingambit|Kowtow Cleave|p2a: Venusaur
|-damage|p2a: Venusaur|32/100
|
|-weather|RainDance|[upkeep]
|upkeep
|
|t:|1782673950
|switch|p1a: Garchomp|Garchomp, L50, F|100/100
|turn|3
|
|t:|1782673960
|move|p2a: Venusaur|Giga Drain|p1a: Garchomp
|-damage|p1a: Garchomp|61/100
|-heal|p2a: Venusaur|53/100|[from] drain|[of] p1a: Garchomp
|move|p2b: Pelipper|Weather Ball|p1b: Kingambit
|-damage|p1b: Kingambit|49/100
|move|p1a: Garchomp|Rock Slide|p2b: Pelipper|[spread] p2b
|-miss|p1a: Garchomp|p2a: Venusaur
|-supereffective|p2b: Pelipper|1
|-damage|p2b: Pelipper|71/100
|-damage|p1a: Garchomp|52/100|[from] item: Life Orb
|move|p1b: Kingambit|Kowtow Cleave|p2b: Pelipper
|-damage|p2b: Pelipper|38/100
|-enditem|p2b: Pelipper|Sitrus Berry|[eat]
|-heal|p2b: Pelipper|62/100|[from] item: Sitrus Berry
|
|-weather|RainDance|[upkeep]
|upkeep
|turn|4
|
|t:|1782673974
|move|p1a: Garchomp|Protect|p1a: Garchomp
|-singleturn|p1a: Garchomp|Protect
|move|p1b: Kingambit|Protect|p1b: Kingambit
|-singleturn|p1b: Kingambit|Protect
|move|p2a: Venusaur|Earth Power|p1b: Kingambit
|-activate|p1b: Kingambit|move: Protect
|move|p2b: Pelipper|Weather Ball|p1a: Garchomp
|-activate|p1a: Garchomp|move: Protect
|
|-weather|RainDance|[upkeep]
|upkeep
|turn|5
|
|t:|1782673985
|switch|p1b: Basculegion|Basculegion, L50, M|100/100
|move|p2a: Venusaur|Earth Power|p1b: Basculegion
|-damage|p1b: Basculegion|65/100
|move|p2b: Pelipper|Weather Ball|p1a: Garchomp
|-damage|p1a: Garchomp|0 fnt
|faint|p1a: Garchomp
|
|-weather|RainDance|[upkeep]
|-sideend|p2: Andrea Pirlo 2|move: Tailwind
|upkeep
|
|t:|1782673989
|switch|p1a: Kingambit|Kingambit, L50, M|49/100
|turn|6
|
|t:|1782674014
|switch|p2b: Archaludon|Archaludon, L50, F|100/100
|move|p2a: Venusaur|Protect|p2a: Venusaur
|-singleturn|p2a: Venusaur|Protect
|move|p1a: Kingambit|Sucker Punch||[still]
|-fail|p1a: Kingambit
|move|p1b: Basculegion|Last Respects|p2a: Venusaur
|-activate|p2a: Venusaur|move: Protect
|
|-weather|none
|upkeep
|turn|7
|-message|liamvgc1 forfeited.
|
|win|Andrea Pirlo 2
|raw|liamvgc1's rating: 1453 → 1435(-18 for losing)
|raw|Andrea Pirlo 2's rating: 1490 → 1508(+18 for winning)
