|j|☆akakafalls
|j|☆TheDoomDraogn
|html|akakafallsTheDoomDraogn    
|uhtml|bestof|Game 1 of a best-of-3
|t:|1785223515
|gametype|doubles
|player|p1|akakafalls|2|1158
|player|p2|TheDoomDraogn|gentleman-gen4|1354
|gen|9
|tier|[Gen 9 Champions] VGC 2026 Reg M-B (Bo3)
|rated|
|rule|Species Clause: Limit one of each Pokémon
|rule|Item Clause: Limit 1 of each item
|clearpoke
|poke|p1|Venusaur, L50, M|
|poke|p1|Charizard, L50, M|
|poke|p1|Incineroar, L50, F|
|poke|p1|Garchomp, L50, M|
|poke|p1|Annihilape, L50, M|
|poke|p1|Toxapex, L50, M|
|poke|p2|Staraptor, L50, F|
|poke|p2|Sinistcha, L50|
|poke|p2|Arcanine-Hisui, L50, M|
|poke|p2|Ninetales-Alola, L50, M|
|poke|p2|Glaceon, L50, F|
|poke|p2|Milotic, L50, M|
|teampreview|4
|showteam|p1|Venusaur||LifeOrb|Chlorophyll|Protect,SolarBeam,EarthPower,SludgeBomb|Modest||M|||50|]Charizard||CharizarditeY|Blaze|Protect,HeatWave,WeatherBall,HelpingHand|Modest||M|||50|]Incineroar||SitrusBerry|Intimidate|FakeOut,PartingShot,FlareBlitz,ThroatChop|Impish||F|||50|]Garchomp||ChoiceScarf|RoughSkin|DragonClaw,Earthquake,RockSlide,StompingTantrum|Adamant||M|||50|]Annihilape||FocusSash|Defiant|Protect,PhantomForce,CloseCombat,ThunderPunch|Jolly||M|||50|]Toxapex||Leftovers|Regenerator|BanefulBunker,WideGuard,Toxic,Infestation|Bold||M|||50|
|showteam|p2|Staraptor||Staraptite|Intimidate|CloseCombat,DualWingbeat,Tailwind,Protect|Jolly||F|||50|]Sinistcha||ColburBerry|Hospitality|MatchaGotcha,RagePowder,TrickRoom,StrengthSap|Calm|||||50|]Arcanine-Hisui||FocusSash|RockHead|FlareBlitz,HeadSmash,ExtremeSpeed,Protect|Jolly||M|||50|]Ninetales-Alola||LightClay|SnowWarning|IcyWind,Moonblast,FakeTears,AuroraVeil|Timid||M|||50|]Glaceon||NeverMeltIce|SnowCloak|Blizzard,FreezeDry,Wish,Protect|Modest||F|||50|]Milotic||Leftovers|Competitive|Scald,IcyWind,LifeDew,Protect|Modest||M|||50|
|inactive|Battle timer is ON: inactive players will automatically lose when time's up. (requested by akakafalls)
|inactive|akakafalls has 60 seconds left.
|
|t:|1785223641
|teamsize|p1|4
|teamsize|p2|4
|start
|switch|p1a: Charizard|Charizard, L50, M|100/100
|switch|p1b: Garchomp|Garchomp, L50, M|100/100
|switch|p2a: Ninetales|Ninetales-Alola, L50, M|100/100
|switch|p2b: Glaceon|Glaceon, L50, F|100/100
|-weather|Snowscape|[from] ability: Snow Warning|[of] p2a: Ninetales
|turn|1
|inactive|TheDoomDraogn has 30 seconds left.
|
|t:|1785223668
|detailschange|p1a: Charizard|Charizard-Mega-Y, L50, M
|-mega|p1a: Charizard|Charizard|Charizardite Y
|-weather|SunnyDay|[from] ability: Drought|[of] p1a: Charizard
|move|p2b: Glaceon|Protect|p2b: Glaceon
|-singleturn|p2b: Glaceon|Protect
|move|p1b: Garchomp|Rock Slide|p2a: Ninetales|[spread] p2a
|-activate|p2b: Glaceon|move: Protect
|-supereffective|p2a: Ninetales|1
|-damage|p2a: Ninetales|48/100
|move|p2a: Ninetales|Icy Wind|p1a: Charizard|[spread] p1a,p1b
|-supereffective|p1b: Garchomp|2
|-damage|p1a: Charizard|89/100
|-damage|p1b: Garchomp|51/100
|-unboost|p1a: Charizard|spe|1
|-unboost|p1b: Garchomp|spe|1
|move|p1a: Charizard|Heat Wave|p2b: Glaceon|[spread] p2a
|-activate|p2b: Glaceon|move: Protect
|-supereffective|p2a: Ninetales|1
|-damage|p2a: Ninetales|0 fnt
|faint|p2a: Ninetales
|
|-weather|SunnyDay|[upkeep]
|upkeep
|
|t:|1785223685
|switch|p2a: Arcanine|Arcanine-Hisui, L50, M|100/100
|turn|2
|
|t:|1785223700
|switch|p1b: Toxapex|Toxapex, L50, M|100/100
|move|p1a: Charizard|Protect|p1a: Charizard
|-singleturn|p1a: Charizard|Protect
|move|p2a: Arcanine|Head Smash|p1a: Charizard
|-activate|p1a: Charizard|move: Protect
|move|p2b: Glaceon|Freeze-Dry|p1b: Toxapex
|-supereffective|p1b: Toxapex|1
|-damage|p1b: Toxapex|27/100
|
|-weather|SunnyDay|[upkeep]
|-heal|p1b: Toxapex|33/100|[from] item: Leftovers
|upkeep
|turn|3
|inactive|akakafalls has 30 seconds left.
|inactive|akakafalls has 20 seconds left.
|inactive|akakafalls has 15 seconds left.
|inactive|akakafalls has 10 seconds left.
|
|t:|1785223745
|move|p2a: Arcanine|Head Smash|p1a: Charizard
|-supereffective|p1a: Charizard|2
|-damage|p1a: Charizard|0 fnt
|faint|p1a: Charizard
|move|p2b: Glaceon|Freeze-Dry|p1b: Toxapex
|-supereffective|p1b: Toxapex|1
|-damage|p1b: Toxapex|0 fnt
|faint|p1b: Toxapex
|
|-weather|SunnyDay|[upkeep]
|upkeep
|
|t:|1785223752
|switch|p1a: Garchomp|Garchomp, L50, M|51/100
|switch|p1b: Venusaur|Venusaur, L50, M|100/100
|turn|4
|
|t:|1785223784
|move|p2a: Arcanine|Extreme Speed|p1a: Garchomp
|-damage|p1a: Garchomp|27/100
|-damage|p2a: Arcanine|87/100|[from] ability: Rough Skin|[of] p1a: Garchomp
|move|p1b: Venusaur|Solar Beam||[still]
|-prepare|p1b: Venusaur|Solar Beam
|-anim|p1b: Venusaur|Solar Beam|p2b: Glaceon
|-damage|p2b: Glaceon|22/100
|-damage|p1b: Venusaur|90/100|[from] item: Life Orb
|move|p1a: Garchomp|Stomping Tantrum|p2a: Arcanine
|-supereffective|p2a: Arcanine|2
|-damage|p2a: Arcanine|0 fnt
|faint|p2a: Arcanine
|move|p2b: Glaceon|Freeze-Dry|p1b: Venusaur
|-supereffective|p1b: Venusaur|1
|-damage|p1b: Venusaur|0 fnt
|faint|p1b: Venusaur
|
|-weather|SunnyDay|[upkeep]
|upkeep
|
|t:|1785223798
|switch|p2a: Staraptor|Staraptor, L50, F|100/100
|-ability|p2a: Staraptor|Intimidate|boost
|-unboost|p1a: Garchomp|atk|1
|turn|5
|-message|akakafalls forfeited.
|
|win|TheDoomDraogn
||TheDoomDraogn is ready for game 2.
||akakafalls is ready for game 2.
|uhtml|next|Next: Game 2 of 3
