|j|☆6010woodspring
|j|☆echoes630
|html|6010woodspringechoes630    
|uhtml|bestof|Game 2 of a best-of-3
|t:|1786013178
|gametype|doubles
|player|p1|6010woodspring|waitress|1329
|player|p2|echoes630|101|1303
|gen|9
|tier|[Gen 9 Champions] VGC 2026 Reg M-B (Bo3)
|rated|
|rule|Species Clause: Limit one of each Pokémon
|rule|Item Clause: Limit 1 of each item
|clearpoke
|poke|p1|Pyroar, L50, F, shiny|
|poke|p1|Whimsicott, L50, F|
|poke|p1|Zoroark-Hisui, L50, F, shiny|
|poke|p1|Basculegion, L50, M, shiny|
|poke|p1|Kingambit, L50, M|
|poke|p1|Raichu, L50, M|
|poke|p2|Farigiraf, L50, F|
|poke|p2|Torkoal, L50, F|
|poke|p2|Pyroar, L50, F|
|poke|p2|Vileplume, L50, M|
|poke|p2|Scrafty, L50, F|
|poke|p2|Basculegion, L50, M|
|teampreview|4
|showteam|p1|Pyroar||Pyroarite|Rivalry|HeatWave,Overheat,ScorchingSands,Protect|Modest||F|||50|]Whimsicott||FocusSash|Prankster|Tailwind,Moonblast,Encore,SunnyDay|Timid||F|||50|]Zoroark-Hisui||LifeOrb|Illusion|HyperVoice,ShadowBall,IcyWind,GrassKnot|Timid||F|||50|]Basculegion||MysticWater|Adaptability|WaveCrash,AquaJet,LastRespects,Protect|Adamant||M|||50|]Kingambit||BlackGlasses|Defiant|KowtowCleave,SuckerPunch,SwordsDance,Protect|Adamant||M|||50|]Raichu||RaichuniteY|LightningRod|FakeOut,ZapCannon,FocusBlast,Encore|Timid||M|||50|
|showteam|p2|Farigiraf||ColburBerry|ArmorTail|Psychic,HelpingHand,TrickRoom,Protect|Relaxed||F|||50|]Torkoal||Charcoal|Drought|Eruption,HeatWave,WeatherBall,EarthPower|Quiet||F|||50|]Pyroar||Pyroarite|Unnerve|HeatWave,Overheat,SolarBeam,Protect|Timid||F|||50|]Vileplume||FocusSash|Chlorophyll|LeafStorm,SleepPowder,AfterYou,Protect|Timid||M|||50|]Scrafty||Scraftinite|Intimidate|FakeOut,KnockOff,CloseCombat,Snarl|Adamant||F|||50|]Basculegion||ChoiceScarf|Adaptability|LastRespects,WaveCrash,FlipTurn,AquaJet|Jolly||M|||50|
|inactive|Battle timer is ON: inactive players will automatically lose when time's up. (requested by 6010woodspring)
|
|t:|1786013202
|teamsize|p1|4
|teamsize|p2|4
|start
|switch|p1a: Pyroar|Pyroar, L50, F, shiny|100/100
|switch|p1b: Whimsicott|Whimsicott, L50, F|100/100
|switch|p2a: Scrafty|Scrafty, L50, F|100/100
|switch|p2b: Farigiraf|Farigiraf, L50, F|100/100
|-ability|p2a: Scrafty|Intimidate|boost
|-unboost|p1a: Pyroar|atk|1
|-unboost|p1b: Whimsicott|atk|1
|turn|1
|
|t:|1786013212
|detailschange|p1a: Pyroar|Pyroar-Mega, L50, F, shiny
|-mega|p1a: Pyroar|Pyroar|Pyroarite
|move|p2a: Scrafty|Fake Out|p1b: Whimsicott
|-damage|p1b: Whimsicott|80/100
|cant|p1b: Whimsicott|flinch
|move|p1a: Pyroar|Heat Wave|p2b: Farigiraf|[spread] p2b
|-miss|p1a: Pyroar|p2a: Scrafty
|-damage|p2b: Farigiraf|40/100
|move|p2b: Farigiraf|Trick Room|p2b: Farigiraf
|-fieldstart|move: Trick Room|[of] p2b: Farigiraf
|
|upkeep
|turn|2
|
|t:|1786013228
|detailschange|p2a: Scrafty|Scrafty-Mega, L50, F
|-mega|p2a: Scrafty|Scrafty|Scraftinite
|-ability|p2a: Scrafty|Intimidate|boost
|-unboost|p1a: Pyroar|atk|1
|-unboost|p1b: Whimsicott|atk|1
|move|p1a: Pyroar|Protect|p1a: Pyroar
|-singleturn|p1a: Pyroar|Protect
|move|p2b: Farigiraf|Psychic|p1b: Whimsicott
|-crit|p1b: Whimsicott
|-damage|p1b: Whimsicott|0 fnt
|faint|p1b: Whimsicott
|move|p2a: Scrafty|Knock Off|p1a: Pyroar
|-activate|p1a: Pyroar|move: Protect
|
|upkeep
|
|t:|1786013239
|switch|p1b: Kingambit|Kingambit, L50, M|100/100
|turn|3
|
|t:|1786013247
|move|p1b: Kingambit|Protect|p1b: Kingambit
|-singleturn|p1b: Kingambit|Protect
|move|p2b: Farigiraf|Protect|p2b: Farigiraf
|-singleturn|p2b: Farigiraf|Protect
|move|p2a: Scrafty|Close Combat|p1b: Kingambit
|-activate|p1b: Kingambit|move: Protect
|move|p1a: Pyroar|Heat Wave|p2b: Farigiraf|[spread] p2a
|-activate|p2b: Farigiraf|move: Protect
|-damage|p2a: Scrafty|51/100
|
|upkeep
|turn|4
|
|t:|1786013263
|switch|p1b: Basculegion|Basculegion, L50, M, shiny|100/100
|switch|p2b: Vileplume|Vileplume, L50, M|100/100
|move|p2a: Scrafty|Close Combat|p1b: Basculegion
|-immune|p1b: Basculegion
|move|p1a: Pyroar|Heat Wave|p2b: Vileplume|[spread] p2a,p2b
|-supereffective|p2b: Vileplume|1
|-damage|p2a: Scrafty|5/100
|-enditem|p2b: Vileplume|Focus Sash
|-damage|p2b: Vileplume|1/100
|
|upkeep
|turn|5
|inactive|echoes630 has 30 seconds left.
|
|t:|1786013289
|switch|p2a: Torkoal|Torkoal, L50, F|100/100
|-weather|SunnyDay|[from] ability: Drought|[of] p2a: Torkoal
|move|p1b: Basculegion|Protect|p1b: Basculegion
|-singleturn|p1b: Basculegion|Protect
|move|p1a: Pyroar|Protect|p1a: Pyroar
|-singleturn|p1a: Pyroar|Protect
|move|p2b: Vileplume|Protect||[still]
|-fail|p2b: Vileplume
|
|-weather|SunnyDay|[upkeep]
|-fieldend|move: Trick Room
|upkeep
|turn|6
|
|t:|1786013299
|switch|p2a: Farigiraf|Farigiraf, L50, F|40/100
|move|p1b: Basculegion|Aqua Jet||[still]
|cant|p2a: Farigiraf|ability: Armor Tail|Aqua Jet|[of] p1b: Basculegion
|move|p2b: Vileplume|Sleep Powder|p1a: Pyroar
|-status|p1a: Pyroar|slp|[from] move: Sleep Powder
|cant|p1a: Pyroar|slp
|
|-weather|SunnyDay|[upkeep]
|upkeep
|turn|7
|
|t:|1786013316
|switch|p2b: Torkoal|Torkoal, L50, F|100/100
|move|p1b: Basculegion|Protect|p1b: Basculegion
|-singleturn|p1b: Basculegion|Protect
|cant|p1a: Pyroar|slp
|move|p2a: Farigiraf|Trick Room|p2a: Farigiraf
|-fieldstart|move: Trick Room|[of] p2a: Farigiraf
|
|-weather|SunnyDay|[upkeep]
|upkeep
|turn|8
|
|t:|1786013327
|move|p2b: Torkoal|Earth Power|p1a: Pyroar
|-supereffective|p1a: Pyroar|1
|-damage|p1a: Pyroar|34/100 slp
|move|p2a: Farigiraf|Psychic|p1a: Pyroar
|-damage|p1a: Pyroar|0 fnt
|faint|p1a: Pyroar
|move|p1b: Basculegion|Wave Crash|p2b: Torkoal
|-supereffective|p2b: Torkoal|1
|-crit|p2b: Torkoal
|-damage|p2b: Torkoal|0 fnt
|faint|p2b: Torkoal
|-damage|p1b: Basculegion|70/100|[from] Recoil
|
|-weather|SunnyDay|[upkeep]
|upkeep
|
|t:|1786013343
|switch|p2b: Scrafty|Scrafty-Mega, L50, F|5/100
|switch|p1a: Kingambit|Kingambit, L50, M|100/100
|-ability|p2b: Scrafty|Intimidate|boost
|-unboost|p1a: Kingambit|atk|1
|-ability|p1a: Kingambit|Defiant|boost
|-boost|p1a: Kingambit|atk|2
|-unboost|p1b: Basculegion|atk|1
|turn|9
|
|t:|1786013354
|move|p2b: Scrafty|Fake Out|p1a: Kingambit
|-resisted|p1a: Kingambit|1
|-damage|p1a: Kingambit|94/100
|cant|p1a: Kingambit|flinch
|move|p2a: Farigiraf|Psychic|p1b: Basculegion
|-damage|p1b: Basculegion|30/100
|move|p1b: Basculegion|Wave Crash|p2a: Farigiraf
|-damage|p2a: Farigiraf|14/100
|-damage|p1b: Basculegion|20/100r|[from] Recoil
|
|-weather|none
|upkeep
|turn|10
|inactive|echoes630 has 30 seconds left.
|inactive|echoes630 has 20 seconds left.
|inactive|echoes630 has 15 seconds left.
|
|t:|1786013395
|switch|p2b: Vileplume|Vileplume, L50, M|1/100
|move|p1b: Basculegion|Protect|p1b: Basculegion
|-singleturn|p1b: Basculegion|Protect
|move|p1a: Kingambit|Kowtow Cleave|p2b: Vileplume
|-damage|p2b: Vileplume|0 fnt
|faint|p2b: Vileplume
|move|p2a: Farigiraf|Psychic|p1b: Basculegion
|-activate|p1b: Basculegion|move: Protect
|
|upkeep
|
|t:|1786013401
|switch|p2b: Scrafty|Scrafty-Mega, L50, F|5/100
|-ability|p2b: Scrafty|Intimidate|boost
|-unboost|p1a: Kingambit|atk|1
|-ability|p1a: Kingambit|Defiant|boost
|-boost|p1a: Kingambit|atk|2
|-unboost|p1b: Basculegion|atk|1
|turn|11
|
|t:|1786013408
|move|p2b: Scrafty|Fake Out|p1a: Kingambit
|-resisted|p1a: Kingambit|1
|-damage|p1a: Kingambit|88/100
|cant|p1a: Kingambit|flinch
|move|p2a: Farigiraf|Psychic|p1b: Basculegion
|-damage|p1b: Basculegion|0 fnt
|faint|p1b: Basculegion
|
|-fieldend|move: Trick Room
|upkeep
|turn|12
|
|t:|1786013419
|move|p2a: Farigiraf|Helping Hand|p2b: Scrafty
|-singleturn|p2b: Scrafty|Helping Hand|[of] p2a: Farigiraf
|move|p2b: Scrafty|Close Combat|p1a: Kingambit
|-supereffective|p1a: Kingambit|2
|-damage|p1a: Kingambit|0 fnt
|-unboost|p2b: Scrafty|def|1
|-unboost|p2b: Scrafty|spd|1
|faint|p1a: Kingambit
|
|win|echoes630
||6010woodspring is ready for game 3.
||echoes630 is ready for game 3.
|uhtml|next|Next: Game 3 of 3
|l|☆6010woodspring
|player|p1|
