|j|☆selene915
|j|☆lugo1234
|html|selene915lugo1234    
|uhtml|bestof|Game 2 of a best-of-3
|t:|1783711116
|gametype|doubles
|player|p1|selene915|cynthia|1229
|player|p2|lugo1234|102|1246
|gen|9
|tier|[Gen 9 Champions] VGC 2026 Reg M-B (Bo3)
|rated|
|rule|Species Clause: Limit one of each Pokémon
|rule|Item Clause: Limit 1 of each item
|clearpoke
|poke|p1|Gholdengo, L50|
|poke|p1|Whimsicott, L50, M|
|poke|p1|Charizard, L50, F|
|poke|p1|Tyranitar, L50, F|
|poke|p1|Tsareena, L50, F|
|poke|p1|Sceptile, L50, M|
|poke|p2|Swampert, L50, M|
|poke|p2|Pelipper, L50, F|
|poke|p2|Sinistcha, L50|
|poke|p2|Archaludon, L50, F|
|poke|p2|Grimmsnarl, L50, M|
|poke|p2|Gholdengo, L50|
|teampreview|4
|showteam|p1|Gholdengo||ChoiceScarf|GoodasGold|MakeItRain,ShadowBall,PowerGem,Psychic|Timid|||||50|]Whimsicott||FocusSash|Prankster|Moonblast,Encore,FakeTears,Tailwind|Bold||M|||50|]Charizard||CharizarditeY|Blaze|HeatWave,SolarBeam,DragonPulse,Protect|Modest||F|||50|]Tyranitar||LifeOrb|SandStream|RockSlide,KnockOff,IcePunch,Protect|Adamant||F|||50|]Tsareena||BlackBelt|QueenlyMajesty|TropKick,LowKick,TripleAxel,Protect|Adamant||F|||50|]Sceptile||Sceptilite|Overgrow|EarthPower,EnergyBall,VacuumWave,ShedTail|Rash||M|||50|
|showteam|p2|Swampert||Swampertite|Torrent|WaveCrash,HighHorsepower,Protect,IcePunch|Adamant||M|||50|]Pelipper||FocusSash|Drizzle|WeatherBall,Hurricane,WideGuard,Tailwind|Modest||F|||50|]Sinistcha||KasibBerry|Hospitality|RagePowder,MatchaGotcha,Protect,TrickRoom|Calm|||||50|]Archaludon||Leftovers|Stamina|ElectroShot,AuraSphere,Protect,DragonPulse|Modest||F|||50|]Grimmsnarl||LightClay|Prankster|Reflect,LightScreen,PartingShot,SpiritBreak|Careful||M|||50|]Gholdengo||LifeOrb|GoodasGold|MakeItRain,ShadowBall,Protect,NastyPlot|Timid|||||50|
|
|t:|1783711142
|teamsize|p1|4
|teamsize|p2|4
|start
|switch|p1a: Whimsicott|Whimsicott, L50, M|100/100
|switch|p1b: Tsareena|Tsareena, L50, F|100/100
|switch|p2a: Archaludon|Archaludon, L50, F|100/100
|switch|p2b: Pelipper|Pelipper, L50, F|100/100
|-weather|RainDance|[from] ability: Drizzle|[of] p2b: Pelipper
|turn|1
|
|t:|1783711164
|move|p1a: Whimsicott|Tailwind|p1a: Whimsicott
|-sidestart|p1: selene915|move: Tailwind
|move|p1b: Tsareena|Triple Axel|p2b: Pelipper
|-damage|p2b: Pelipper|90/100
|-damage|p2b: Pelipper|70/100
|-damage|p2b: Pelipper|42/100
|-hitcount|p2b: Pelipper|3
|move|p2b: Pelipper|Hurricane|p1a: Whimsicott
|-supereffective|p1a: Whimsicott|1
|-enditem|p1a: Whimsicott|Focus Sash
|-damage|p1a: Whimsicott|1/100
|move|p2a: Archaludon|Aura Sphere|p1b: Tsareena
|-damage|p1b: Tsareena|67/100
|
|-weather|RainDance|[upkeep]
|upkeep
|turn|2
|
|t:|1783711184
|switch|p2b: Grimmsnarl|Grimmsnarl, L50, M|100/100
|move|p1a: Whimsicott|Encore|p2a: Archaludon
|-start|p2a: Archaludon|Encore
|move|p1b: Tsareena|Triple Axel|p2b: Grimmsnarl
|-damage|p2b: Grimmsnarl|92/100
|-damage|p2b: Grimmsnarl|77/100
|-damage|p2b: Grimmsnarl|54/100
|-hitcount|p2b: Grimmsnarl|3
|move|p2a: Archaludon|Aura Sphere|p1a: Whimsicott
|-resisted|p1a: Whimsicott|1
|-damage|p1a: Whimsicott|0 fnt
|faint|p1a: Whimsicott
|
|-weather|RainDance|[upkeep]
|upkeep
|
|t:|1783711199
|switch|p1a: Sceptile|Sceptile, L50, M|100/100
|turn|3
|
|t:|1783711223
|detailschange|p1a: Sceptile|Sceptile-Mega, L50, M
|-mega|p1a: Sceptile|Sceptile|Sceptilite
|move|p2b: Grimmsnarl|Light Screen|p2b: Grimmsnarl
|-sidestart|p2: lugo1234|move: Light Screen
|move|p1a: Sceptile|Earth Power|p2a: Archaludon
|-supereffective|p2a: Archaludon|1
|-damage|p2a: Archaludon|32/100
|-ability|p2a: Archaludon|Stamina|boost
|-boost|p2a: Archaludon|def|1
|move|p1b: Tsareena|Triple Axel|p2b: Grimmsnarl
|-damage|p2b: Grimmsnarl|47/100
|-damage|p2b: Grimmsnarl|33/100
|-damage|p2b: Grimmsnarl|8/100
|-hitcount|p2b: Grimmsnarl|3
|move|p2a: Archaludon|Aura Sphere|p1b: Tsareena
|-damage|p1b: Tsareena|39/100
|
|-weather|RainDance|[upkeep]
|-heal|p2a: Archaludon|38/100|[from] item: Leftovers
|upkeep
|turn|4
|
|t:|1783711244
|switch|p2a: Pelipper|Pelipper, L50, F|42/100
|move|p1a: Sceptile|Earth Power|p2a: Pelipper
|-immune|p2a: Pelipper
|move|p1b: Tsareena|Triple Axel|p2b: Grimmsnarl
|-crit|p2b: Grimmsnarl
|-damage|p2b: Grimmsnarl|0 fnt
|faint|p2b: Grimmsnarl
|-hitcount|p2: Grimmsnarl|1
|
|-weather|RainDance|[upkeep]
|-sideend|p1: selene915|move: Tailwind
|upkeep
|
|t:|1783711252
|switch|p2b: Swampert|Swampert, L50, M|100/100
|turn|5
|
|t:|1783711263
|switch|p1a: Gholdengo|Gholdengo, L50|100/100
|switch|p2a: Archaludon|Archaludon, L50, F|38/100
|detailschange|p2b: Swampert|Swampert-Mega, L50, M
|-mega|p2b: Swampert|Swampert|Swampertite
|move|p2b: Swampert|Ice Punch|p1a: Gholdengo
|-resisted|p1a: Gholdengo|1
|-damage|p1a: Gholdengo|84/100
|-status|p1a: Gholdengo|frz
|move|p1b: Tsareena|Trop Kick|p2b: Swampert
|-supereffective|p2b: Swampert|2
|-damage|p2b: Swampert|0 fnt
|faint|p2b: Swampert
|
|-weather|none
|-heal|p2a: Archaludon|44/100|[from] item: Leftovers
|upkeep
|
|t:|1783711268
|switch|p2b: Pelipper|Pelipper, L50, F|42/100
|-weather|RainDance|[from] ability: Drizzle|[of] p2b: Pelipper
|turn|6
|
|t:|1783711285
|cant|p1a: Gholdengo|frz
|move|p2b: Pelipper|Tailwind|p2b: Pelipper
|-sidestart|p2: lugo1234|move: Tailwind
|move|p2a: Archaludon|Electro Shot||[still]
|-prepare|p2a: Archaludon|Electro Shot
|-boost|p2a: Archaludon|spa|1
|-anim|p2a: Archaludon|Electro Shot|p1a: Gholdengo
|-damage|p1a: Gholdengo|0 fnt
|faint|p1a: Gholdengo
|move|p1b: Tsareena|Low Kick|p2a: Archaludon
|-supereffective|p2a: Archaludon|1
|-damage|p2a: Archaludon|0 fnt
|faint|p2a: Archaludon
|
|-weather|RainDance|[upkeep]
|upkeep
|
|t:|1783711298
|switch|p1a: Sceptile|Sceptile-Mega, L50, M|100/100
|turn|7
|
|t:|1783711318
|move|p2b: Pelipper|Hurricane|p1a: Sceptile
|-supereffective|p1a: Sceptile|1
|-damage|p1a: Sceptile|0 fnt
|faint|p1a: Sceptile
|move|p1b: Tsareena|Triple Axel|p2b: Pelipper
|-damage|p2b: Pelipper|32/100
|-hitcount|p2b: Pelipper|1
|
|-weather|RainDance|[upkeep]
|upkeep
|turn|8
|
|t:|1783711327
|move|p2b: Pelipper|Hurricane|p1b: Tsareena
|-supereffective|p1b: Tsareena|1
|-damage|p1b: Tsareena|0 fnt
|faint|p1b: Tsareena
|
|win|lugo1234
|raw|selene915's rating: 1229 → 1205(-24 for losing)
|raw|lugo1234's rating: 1246 → 1270(+24 for winning)
