|j|☆yetiyoupi
|j|☆mariocansado
|html|yetiyoupimariocansado    
|uhtml|bestof|Game 1 of a best-of-3
|t:|1756381388
|gametype|doubles
|player|p1|yetiyoupi|266|1076
|player|p2|mariocansado|arven-v|1093
|gen|9
|tier|[Gen 9] VGC 2025 Reg H (Bo3)
|rated|
|rule|Species Clause: Limit one of each Pokémon
|rule|Item Clause: Limit 1 of each item
|clearpoke
|poke|p1|Ursaluna-Bloodmoon, L50, M|
|poke|p1|Politoed, L50, F|
|poke|p1|Farigiraf, L50, M|
|poke|p1|Rillaboom, L50, M|
|poke|p1|Archaludon, L50, M|
|poke|p1|Whimsicott, L50, M|
|poke|p2|Ninetales-Alola, L50, F|
|poke|p2|Gholdengo, L50|
|poke|p2|Dragonite, L50, F|
|poke|p2|Volcarona, L50, M|
|poke|p2|Rillaboom, L50, F|
|poke|p2|Tauros-Paldea-Aqua, L50, M|
|teampreview|4
|showteam|p1|Ursaluna-Bloodmoon||LifeOrb|MindsEye|Protect,BloodMoon,HyperVoice,EarthPower|||M|||50|,,,,,Ghost]Politoed||SitrusBerry|Drizzle|WeatherBall,Encore,Protect,IceBeam|||F|||50|,,,,,Grass]Farigiraf||ThroatSpray|ArmorTail|HyperVoice,Protect,Psychic,TrickRoom|||M|||50|,,,,,Fairy]Rillaboom||AssaultVest|GrassySurge|GrassyGlide,WoodHammer,HighHorsepower,FakeOut|||M|||50|,,,,,Grass]Archaludon||PowerHerb|Stamina|ElectroShot,DracoMeteor,Protect,BodyPress|||M|||50|,,,,,Electric]Whimsicott||FocusSash|Prankster|Tailwind,BeatUp,Taunt,Moonblast|||M|||50|,,,,,Ghost
|showteam|p2|Ninetales-Alola||LightClay|SnowWarning|Protect,AuroraVeil,Encore,Blizzard|||F|||50|,,,,,Water]Gholdengo||MetalCoat|GoodasGold|MakeItRain,ShadowBall,NastyPlot,Protect||||||50|,,,,,Water]Dragonite||LoadedDice|InnerFocus|ScaleShot,StompingTantrum,Tailwind,Protect|||F|||50|,,,,,Fairy]Volcarona||Leftovers|FlameBody|HeatWave,QuiverDance,Protect,TeraBlast|||M|||50|,,,,,Fairy]Rillaboom||AssaultVest|GrassySurge|FakeOut,GrassyGlide,WoodHammer,Uturn|||F|||50|,,,,,Fire]Tauros-Paldea-Aqua||ClearAmulet|Intimidate|CloseCombat,RagingBull,AquaJet,Protect|||M|||50|,,,,,Electric
|inactive|Battle timer is ON: inactive players will automatically lose when time's up. (requested by yetiyoupi)
|
|t:|1756381470
|teamsize|p1|4
|teamsize|p2|4
|start
|switch|p1a: Archaludon|Archaludon, L50, M|100/100
|switch|p1b: Whimsicott|Whimsicott, L50, M|100/100
|switch|p2a: Gholdengo|Gholdengo, L50|100/100
|switch|p2b: Volcarona|Volcarona, L50, M|100/100
|turn|1
|inactive|yetiyoupi has 30 seconds left.
|inactive|yetiyoupi has 20 seconds left.
|inactive|yetiyoupi has 15 seconds left.
|inactive|yetiyoupi has 10 seconds left.
|inactive|yetiyoupi has 5 seconds left.
|
|t:|1756381521
|move|p1b: Whimsicott|Taunt|p2b: Volcarona
|-start|p2b: Volcarona|move: Taunt
|move|p2a: Gholdengo|Shadow Ball|p1a: Archaludon
|-damage|p1a: Archaludon|56/100
|-ability|p1a: Archaludon|Stamina|boost
|-boost|p1a: Archaludon|def|1
|move|p2b: Volcarona|Heat Wave|p1b: Whimsicott|[spread] p1a,p1b
|-supereffective|p1b: Whimsicott
|-damage|p1a: Archaludon|17/100
|-enditem|p1b: Whimsicott|Focus Sash
|-damage|p1b: Whimsicott|1/100
|-ability|p1a: Archaludon|Stamina|boost
|-boost|p1a: Archaludon|def|1
|move|p1a: Archaludon|Electro Shot||[still]
|-prepare|p1a: Archaludon|Electro Shot
|-boost|p1a: Archaludon|spa|1
|-enditem|p1a: Archaludon|Power Herb
|-anim|p1a: Archaludon|Electro Shot|p2a: Gholdengo
|-damage|p2a: Gholdengo|36/100
|
|upkeep
|turn|2
|
|t:|1756381540
|move|p2a: Gholdengo|Protect|p2a: Gholdengo
|-singleturn|p2a: Gholdengo|Protect
|move|p1a: Archaludon|Protect|p1a: Archaludon
|-singleturn|p1a: Archaludon|Protect
|move|p1b: Whimsicott|Tailwind|p1b: Whimsicott
|-sidestart|p1: yetiyoupi|move: Tailwind
|move|p2b: Volcarona|Heat Wave|p1a: Archaludon|[spread] p1b
|-activate|p1a: Archaludon|move: Protect
|-supereffective|p1b: Whimsicott
|-damage|p1b: Whimsicott|0 fnt
|faint|p1b: Whimsicott
|
|upkeep
|
|t:|1756381551
|switch|p1b: Politoed|Politoed, L50, F|100/100
|-weather|RainDance|[from] ability: Drizzle|[of] p1b: Politoed
|turn|3
|
|t:|1756381574
|switch|p2a: Ninetales|Ninetales-Alola, L50, F|100/100
|-weather|Snowscape|[from] ability: Snow Warning|[of] p2a: Ninetales
|move|p1a: Archaludon|Draco Meteor|p2b: Volcarona
|-damage|p2b: Volcarona|20/100
|-unboost|p1a: Archaludon|spa|2
|move|p1b: Politoed|Weather Ball|p2a: Ninetales
|-resisted|p2a: Ninetales
|-damage|p2a: Ninetales|84/100
|move|p2b: Volcarona|Heat Wave|p1b: Politoed|[spread] p1a,p1b
|-resisted|p1b: Politoed
|-damage|p1a: Archaludon|0 fnt
|-damage|p1b: Politoed|84/100
|faint|p1a: Archaludon
|
|-weather|Snowscape|[upkeep]
|-heal|p2b: Volcarona|27/100|[from] item: Leftovers
|-end|p2b: Volcarona|move: Taunt
|upkeep
|
|t:|1756381580
|switch|p1a: Ursaluna|Ursaluna-Bloodmoon, L50, M|100/100
|turn|4
|inactive|mariocansado has 30 seconds left.
|inactive|mariocansado has 20 seconds left.
|
|t:|1756381617
|-terastallize|p1a: Ursaluna|Ghost
|move|p2a: Ninetales|Protect|p2a: Ninetales
|-singleturn|p2a: Ninetales|Protect
|move|p2b: Volcarona|Protect|p2b: Volcarona
|-singleturn|p2b: Volcarona|Protect
|move|p1b: Politoed|Weather Ball|p2a: Ninetales
|-activate|p2a: Ninetales|move: Protect
|move|p1a: Ursaluna|Hyper Voice|p2b: Volcarona|[spread] 
|-activate|p2a: Ninetales|move: Protect
|-activate|p2b: Volcarona|move: Protect
|
|-weather|Snowscape|[upkeep]
|-heal|p2b: Volcarona|33/100|[from] item: Leftovers
|upkeep
|turn|5
|inactive|mariocansado has 30 seconds left.
|
|t:|1756381651
|switch|p2a: Gholdengo|Gholdengo, L50|36/100
|move|p2b: Volcarona|Protect|p2b: Volcarona
|-singleturn|p2b: Volcarona|Protect
|move|p1b: Politoed|Encore|p2a: Gholdengo
|-immune|p2a: Gholdengo|[from] ability: Good as Gold
|move|p1a: Ursaluna|Hyper Voice|p2b: Volcarona|[spread] p2a
|-activate|p2b: Volcarona|move: Protect
|-resisted|p2a: Gholdengo
|-damage|p2a: Gholdengo|9/100
|-damage|p1a: Ursaluna|91/100|[from] item: Life Orb
|
|-weather|Snowscape|[upkeep]
|-heal|p2b: Volcarona|39/100|[from] item: Leftovers
|-sideend|p1: yetiyoupi|move: Tailwind
|upkeep
|turn|6
|
|t:|1756381669
|move|p2a: Gholdengo|Shadow Ball|p1b: Politoed
|-damage|p1b: Politoed|50/100
|-enditem|p1b: Politoed|Sitrus Berry|[eat]
|-heal|p1b: Politoed|75/100|[from] item: Sitrus Berry
|move|p2b: Volcarona|Heat Wave|p1b: Politoed|[spread] p1a,p1b
|-resisted|p1b: Politoed
|-damage|p1a: Ursaluna|50/100
|-damage|p1b: Politoed|59/100
|-status|p1b: Politoed|brn
|move|p1b: Politoed|Weather Ball|p2a: Gholdengo
|-resisted|p2a: Gholdengo
|-damage|p2a: Gholdengo|0 fnt
|faint|p2a: Gholdengo
|move|p1a: Ursaluna|Hyper Voice|p2b: Volcarona
|-damage|p2b: Volcarona|0 fnt
|faint|p2b: Volcarona
|-damage|p1a: Ursaluna|40/100|[from] item: Life Orb
|
|-weather|Snowscape|[upkeep]
|-damage|p1b: Politoed|52/100 brn|[from] brn
|upkeep
|
|t:|1756381673
|switch|p2a: Rillaboom|Rillaboom, L50, F|100/100
|switch|p2b: Ninetales|Ninetales-Alola, L50, F|84/100
|-fieldstart|move: Grassy Terrain|[from] ability: Grassy Surge|[of] p2a: Rillaboom
|turn|7
|
|t:|1756381688
|move|p1b: Politoed|Protect|p1b: Politoed
|-singleturn|p1b: Politoed|Protect
|move|p1a: Ursaluna|Protect|p1a: Ursaluna
|-singleturn|p1a: Ursaluna|Protect
|move|p2a: Rillaboom|Grassy Glide|p1a: Ursaluna
|-activate|p1a: Ursaluna|move: Protect
|move|p2b: Ninetales|Aurora Veil|p2b: Ninetales
|-sidestart|p2: mariocansado|move: Aurora Veil
|
|-weather|none
|-heal|p2b: Ninetales|90/100|[from] Grassy Terrain
|-heal|p1b: Politoed|59/100 brn|[from] Grassy Terrain
|-heal|p1a: Ursaluna|46/100|[from] Grassy Terrain
|-damage|p1b: Politoed|52/100 brn|[from] brn
|upkeep
|turn|8
|
|t:|1756381711
|move|p2b: Ninetales|Encore|p1b: Politoed
|-start|p1b: Politoed|Encore
|move|p2a: Rillaboom|Wood Hammer|p1a: Ursaluna
|-damage|p1a: Ursaluna|0 fnt
|faint|p1a: Ursaluna
|-damage|p2a: Rillaboom|85/100|[from] Recoil
|move|p1b: Politoed|Protect||[still]
|-fail|p1b: Politoed
|
|-heal|p2b: Ninetales|97/100|[from] Grassy Terrain
|-heal|p2a: Rillaboom|91/100|[from] Grassy Terrain
|-heal|p1b: Politoed|59/100 brn|[from] Grassy Terrain
|-damage|p1b: Politoed|52/100 brn|[from] brn
|upkeep
|turn|9
|-message|yetiyoupi forfeited.
|
|win|mariocansado
|l|☆yetiyoupi
|player|p1|
||mariocansado is ready for game 2.
||yetiyoupi is ready for game 2.
|uhtml|next|Next: Game 2 of 3
