|j|☆gluondrive
|j|☆BenniOVY
|html|gluondriveBenniOVY    
|uhtml|bestof|Game 2 of a best-of-3
|t:|1783191876
|gametype|doubles
|player|p1|gluondrive|artist|1195
|player|p2|BenniOVY|psychic-gen4|1327
|gen|9
|tier|[Gen 9 Champions] VGC 2026 Reg M-B (Bo3)
|rated|
|rule|Species Clause: Limit one of each Pokémon
|rule|Item Clause: Limit 1 of each item
|clearpoke
|poke|p1|Delphox, L50, F|
|poke|p1|Incineroar, L50, M|
|poke|p1|Blastoise, L50, M|
|poke|p1|Sneasler, L50, M|
|poke|p1|Maushold-Four, L50|
|poke|p1|Sinistcha, L50|
|poke|p2|Delphox, L50, F|
|poke|p2|Sneasler, L50, F|
|poke|p2|Incineroar, L50, F|
|poke|p2|Sinistcha, L50|
|poke|p2|Kingambit, L50, F|
|poke|p2|Floette-Eternal, L50, F|
|teampreview|4
|showteam|p1|Delphox||Delphoxite|Blaze|HeatWave,Psyshock,NastyPlot,Protect|Timid||F|||50|]Incineroar||SitrusBerry|Intimidate|FlareBlitz,ThroatChop,PartingShot,FakeOut|Careful||M|||50|]Blastoise||Blastoisinite|Torrent|WaterSpout,DarkPulse,ShellSmash,Protect|Modest||M|||50|]Sneasler||FocusSash|PoisonTouch|FakeOut,CloseCombat,DireClaw,QuickGuard|Jolly||M|||50|]Maushold-Four||ChopleBerry|FriendGuard|HelpingHand,Taunt,FollowMe,Protect|Impish|||||50|]Sinistcha||KasibBerry|Hospitality|MatchaGotcha,RagePowder,LifeDew,Protect|Bold|||||50|
|showteam|p2|Delphox||Delphoxite|Blaze|HeatWave,Psyshock,NastyPlot,Protect|Timid||F|||50|]Sneasler||WhiteHerb|Unburden|CloseCombat,DireClaw,FakeOut,Protect|Adamant||F|||50|]Incineroar||PasshoBerry|Intimidate|FlareBlitz,DarkestLariat,PartingShot,FakeOut|Impish||F|||50|]Sinistcha||KasibBerry|Hospitality|MatchaGotcha,LifeDew,RagePowder,Protect|Bold|||||50|]Kingambit||BlackGlasses|Defiant|KowtowCleave,SuckerPunch,SwordsDance,Protect|Adamant||F|||50|]Floette-Eternal||Floettite|FlowerVeil|DazzlingGleam,Moonblast,CalmMind,Protect|Modest||F|||50|
|c|☆BenniOVY|or not lmao
|inactive|Battle timer is ON: inactive players will automatically lose when time's up. (requested by gluondrive)
|
|t:|1783191898
|teamsize|p1|4
|teamsize|p2|4
|start
|switch|p1a: Blastoise|Blastoise, L50, M|100/100
|switch|p1b: Sneasler|Sneasler, L50, M|100/100
|switch|p2a: Floette|Floette-Eternal, L50, F|100/100
|switch|p2b: Incineroar|Incineroar, L50, F|100/100
|-ability|p2b: Incineroar|Intimidate|boost
|-unboost|p1a: Blastoise|atk|1
|-unboost|p1b: Sneasler|atk|1
|turn|1
|
|t:|1783191917
|detailschange|p2a: Floette|Floette-Mega, L50, F
|-mega|p2a: Floette|Floette|Floettite
|-ability|p2a: Floette|Fairy Aura
|move|p1a: Blastoise|Protect|p1a: Blastoise
|-singleturn|p1a: Blastoise|Protect
|move|p1b: Sneasler|Dire Claw|p2a: Floette
|-supereffective|p2a: Floette|1
|-damage|p2a: Floette|42/100
|-status|p2a: Floette|slp
|cant|p2a: Floette|slp
|move|p2b: Incineroar|Darkest Lariat|p1a: Blastoise
|-activate|p1a: Blastoise|move: Protect
|
|upkeep
|turn|2
|c|☆BenniOVY|oh fuck o ff
|c|☆BenniOVY|holy shit
|
|t:|1783191942
|switch|p2a: Sinistcha|Sinistcha, L50|100/100
|detailschange|p1a: Blastoise|Blastoise-Mega, L50, M
|-mega|p1a: Blastoise|Blastoise|Blastoisinite
|move|p1b: Sneasler|Dire Claw|p2b: Incineroar
|-damage|p2b: Incineroar|79/100
|move|p1a: Blastoise|Shell Smash|p1a: Blastoise
|-unboost|p1a: Blastoise|def|1
|-unboost|p1a: Blastoise|spd|1
|-boost|p1a: Blastoise|atk|2
|-boost|p1a: Blastoise|spa|2
|-boost|p1a: Blastoise|spe|2
|move|p2b: Incineroar|Darkest Lariat|p1a: Blastoise
|-damage|p1a: Blastoise|67/100
|
|upkeep
|turn|3
|
|t:|1783191960
|switch|p1b: Sinistcha|Sinistcha, L50|100/100
|-heal|p1a: Blastoise|92/100|[from] ability: Hospitality|[of] p1b: Sinistcha
|move|p2a: Sinistcha|Protect|p2a: Sinistcha
|-singleturn|p2a: Sinistcha|Protect
|move|p1a: Blastoise|Dark Pulse|p2a: Sinistcha
|-activate|p2a: Sinistcha|move: Protect
|move|p2b: Incineroar|Darkest Lariat|p1a: Blastoise
|-damage|p1a: Blastoise|57/100
|
|upkeep
|turn|4
|
|t:|1783191975
|switch|p2a: Sneasler|Sneasler, L50, F|100/100
|move|p1a: Blastoise|Dark Pulse|p2a: Sneasler
|-resisted|p2a: Sneasler|1
|-damage|p2a: Sneasler|43/100
|move|p1b: Sinistcha|Life Dew||[still]|[spread] p1a,p1b
|-heal|p1a: Blastoise|82/100
|-fail|p1b: Sinistcha|heal
|move|p2b: Incineroar|Darkest Lariat|p1a: Blastoise
|-damage|p1a: Blastoise|51/100
|
|upkeep
|turn|5
|
|t:|1783191983
|switch|p1b: Sneasler|Sneasler, L50, M|100/100
|move|p1a: Blastoise|Protect|p1a: Blastoise
|-singleturn|p1a: Blastoise|Protect
|move|p2a: Sneasler|Fake Out|p1a: Blastoise
|-activate|p1a: Blastoise|move: Protect
|move|p2b: Incineroar|Flare Blitz|p1b: Sneasler
|-damage|p1b: Sneasler|23/100
|-damage|p2b: Incineroar|59/100|[from] Recoil
|
|upkeep
|turn|6
|
|t:|1783191987
|switch|p1b: Sinistcha|Sinistcha, L50|100/100
|-heal|p1a: Blastoise|76/100|[from] ability: Hospitality|[of] p1b: Sinistcha
|move|p1a: Blastoise|Water Spout|p2a: Sneasler|[spread] p2a,p2b
|-supereffective|p2b: Incineroar|1
|-crit|p2b: Incineroar
|-enditem|p2b: Incineroar|Passho Berry|[eat]
|-enditem|p2b: Incineroar|Passho Berry|[weaken]
|-damage|p2a: Sneasler|0 fnt
|-damage|p2b: Incineroar|0 fnt
|faint|p2a: Sneasler
|faint|p2b: Incineroar
|
|upkeep
|c|☆BenniOVY|fuck offff
|c|☆BenniOVY|ofc the crit
|-message|BenniOVY forfeited.
|
|win|gluondrive
