|j|☆Llama_Llord
|j|☆zevenit
|html|Llama_Llordzevenit    
|uhtml|bestof|Game 3 of a best-of-3
|t:|1756725203
|gametype|doubles
|player|p1|Llama_Llord|265|1099
|player|p2|zevenit|169|1131
|gen|9
|tier|[Gen 9] VGC 2025 Reg H (Bo3)
|rated|
|rule|Species Clause: Limit one of each Pokémon
|rule|Item Clause: Limit 1 of each item
|clearpoke
|poke|p1|Meowscarada, L50, F|
|poke|p1|Primarina, L50, F|
|poke|p1|Indeedee, L50, M|
|poke|p1|Sneasler, L50, M|
|poke|p1|Tatsugiri, L50, M|
|poke|p1|Kingambit, L50, M|
|poke|p2|Electabuzz, L50, M|
|poke|p2|Kingambit, L50, F|
|poke|p2|Volcarona, L50, F|
|poke|p2|Dragonite, L50, F|
|poke|p2|Sneasler, L50, M|
|poke|p2|Rillaboom, L50, F|
|teampreview|4
|showteam|p1|Meowscarada||FocusSash|Overgrow|GrassPledge,KnockOff,FlowerTrick,Protect|||F|||50|,,,,,Fairy]Primarina||LifeOrb|LiquidVoice|WaterPledge,HyperVoice,Moonblast,Protect|||F|||50|,,,,,Poison]Indeedee||SafetyGoggles|PsychicSurge|ExpandingForce,Imprison,TrickRoom,Protect|||M|||50|,,,,,Fire]Sneasler||PsychicSeed|Unburden|DireClaw,CloseCombat,ThroatChop,Protect|||M|||50|,,,,,Stellar]Tatsugiri||AssaultVest|StormDrain|DracoMeteor,IcyWind,TeraBlast,Surf|||M|||50|,,,,,Ground]Kingambit||BlackGlasses|Defiant|KowtowCleave,IronHead,SuckerPunch,Protect|||M|||50|,,,,,Fairy
|showteam|p2|Electabuzz||Eviolite|VitalSpirit|FollowMe,Thunderbolt,Taunt,Protect|||M|||50|,,,,,Ghost]Kingambit||BlackGlasses|Defiant|KowtowCleave,SuckerPunch,SwordsDance,Protect|||F|||50|,,,,,Dark]Volcarona||Leftovers|FlameBody|HeatWave,TeraBlast,QuiverDance,Protect|||F|||50|,,,,,Fairy]Dragonite||LoadedDice|Multiscale|ScaleShot,ExtremeSpeed,Haze,Protect|||F|||50|,,,,,Fairy]Sneasler||FocusSash|Unburden|DireClaw,CloseCombat,Coaching,FakeOut|||M|||50|,,,,,Stellar]Rillaboom||AssaultVest|GrassySurge|FakeOut,WoodHammer,GrassyGlide,HighHorsepower|||F|||50|,,,,,Fire
|inactive|Battle timer is ON: inactive players will automatically lose when time's up. (requested by zevenit)
|inactive|Llama_Llord also wants the timer to be on.
|
|t:|1756725224
|teamsize|p1|4
|teamsize|p2|4
|start
|switch|p1a: Puss in Boots|Meowscarada, L50, F|100/100
|switch|p1b: Fiona|Primarina, L50, F|100/100
|switch|p2a: Dragonite|Dragonite, L50, F|100/100
|switch|p2b: Sneasler|Sneasler, L50, M|100/100
|turn|1
|
|t:|1756725244
|move|p1a: Puss in Boots|Protect|p1a: Puss in Boots
|-singleturn|p1a: Puss in Boots|Protect
|move|p2a: Dragonite|Protect|p2a: Dragonite
|-singleturn|p2a: Dragonite|Protect
|move|p1b: Fiona|Protect|p1b: Fiona
|-singleturn|p1b: Fiona|Protect
|move|p2b: Sneasler|Coaching|p2a: Dragonite
|-boost|p2a: Dragonite|atk|1
|-boost|p2a: Dragonite|def|1
|
|upkeep
|turn|2
|inactive|zevenit has 30 seconds left.
|
|t:|1756725270
|-terastallize|p1a: Puss in Boots|Fairy
|-terastallize|p2a: Dragonite|Fairy
|move|p1a: Puss in Boots|Grass Pledge|p2a: Dragonite
|-waiting|p1a: Puss in Boots|p1b: Fiona
|move|p1b: Fiona|Water Pledge|p2a: Dragonite|[from] move: Grass Pledge
|-combine
|-damage|p2a: Dragonite|42/100
|-sidestart|p2: zevenit|Grass Pledge
|-damage|p1b: Fiona|91/100|[from] item: Life Orb
|move|p2b: Sneasler|Dire Claw|p1b: Fiona
|-supereffective|p1b: Fiona
|-damage|p1b: Fiona|0 fnt
|faint|p1b: Fiona
|move|p2a: Dragonite|Scale Shot|p1a: Puss in Boots
|-immune|p1a: Puss in Boots
|
|upkeep
|
|t:|1756725280
|switch|p1b: Indeedee|Indeedee, L50, M|100/100
|-fieldstart|move: Psychic Terrain|[from] ability: Psychic Surge|[of] p1b: Indeedee
|turn|3
|inactive|zevenit has 30 seconds left.
|
|t:|1756725312
|switch|p2b: Rillaboom|Rillaboom, L50, F|100/100
|-fieldstart|move: Grassy Terrain|[from] ability: Grassy Surge|[of] p2b: Rillaboom
|move|p2a: Dragonite|Extreme Speed|p1a: Puss in Boots
|-damage|p1a: Puss in Boots|18/100
|move|p1a: Puss in Boots|Knock Off|p2b: Rillaboom
|-damage|p2b: Rillaboom|58/100
|-enditem|p2b: Rillaboom|Assault Vest|[from] move: Knock Off|[of] p1a: Puss in Boots
|move|p1b: Indeedee|Expanding Force|p2a: Dragonite
|-damage|p2a: Dragonite|0 fnt
|faint|p2a: Dragonite
|
|-heal|p1a: Puss in Boots|24/100|[from] Grassy Terrain
|-heal|p2b: Rillaboom|64/100|[from] Grassy Terrain
|upkeep
|
|t:|1756725325
|switch|p2a: Volcarona|Volcarona, L50, F|100/100
|turn|4
|
|t:|1756725341
|move|p2b: Rillaboom|Fake Out|p1a: Puss in Boots
|-damage|p1a: Puss in Boots|0 fnt
|faint|p1a: Puss in Boots
|move|p1b: Indeedee|Expanding Force|p2a: Volcarona
|-damage|p2a: Volcarona|71/100
|move|p2a: Volcarona|Quiver Dance|p2a: Volcarona
|-boost|p2a: Volcarona|spa|1
|-boost|p2a: Volcarona|spd|1
|-boost|p2a: Volcarona|spe|1
|
|-heal|p2a: Volcarona|77/100|[from] Grassy Terrain
|-heal|p2a: Volcarona|83/100|[from] item: Leftovers
|-heal|p2b: Rillaboom|69/100|[from] Grassy Terrain
|upkeep
|
|t:|1756725344
|switch|p1a: Sneasler|Sneasler, L50, M|100/100
|turn|5
|
|t:|1756725366
|move|p2a: Volcarona|Protect|p2a: Volcarona
|-singleturn|p2a: Volcarona|Protect
|move|p2b: Rillaboom|Grassy Glide|p1b: Indeedee
|-damage|p1b: Indeedee|23/100
|move|p1a: Sneasler|Dire Claw|p2b: Rillaboom
|-supereffective|p2b: Rillaboom
|-damage|p2b: Rillaboom|0 fnt
|faint|p2b: Rillaboom
|move|p1b: Indeedee|Trick Room|p1b: Indeedee
|-fieldstart|move: Trick Room|[of] p1b: Indeedee
|
|-heal|p2a: Volcarona|90/100|[from] Grassy Terrain
|-heal|p2a: Volcarona|96/100|[from] item: Leftovers
|-heal|p1b: Indeedee|30/100|[from] Grassy Terrain
|-sideend|p2: zevenit|Grass Pledge
|upkeep
|
|t:|1756725375
|switch|p2b: Sneasler|Sneasler, L50, M|100/100
|turn|6
|
|t:|1756725394
|move|p1b: Indeedee|Protect|p1b: Indeedee
|-singleturn|p1b: Indeedee|Protect
|move|p1a: Sneasler|Protect|p1a: Sneasler
|-singleturn|p1a: Sneasler|Protect
|move|p2b: Sneasler|Fake Out|p1a: Sneasler
|-activate|p1a: Sneasler|move: Protect
|move|p2a: Volcarona|Heat Wave|p1a: Sneasler|[spread] 
|-activate|p1a: Sneasler|move: Protect
|-activate|p1b: Indeedee|move: Protect
|
|-heal|p1b: Indeedee|36/100|[from] Grassy Terrain
|-heal|p2a: Volcarona|100/100|[from] Grassy Terrain
|upkeep
|turn|7
|
|t:|1756725409
|move|p1b: Indeedee|Expanding Force|p2b: Sneasler
|-supereffective|p2b: Sneasler
|-enditem|p2b: Sneasler|Focus Sash
|-damage|p2b: Sneasler|1/100
|move|p1a: Sneasler|Dire Claw|p2a: Volcarona
|-damage|p2a: Volcarona|52/100
|-status|p1a: Sneasler|brn|[from] ability: Flame Body|[of] p2a: Volcarona
|move|p2a: Volcarona|Heat Wave|p1a: Sneasler|[spread] p1a
|-miss|p2a: Volcarona|p1b: Indeedee
|-damage|p1a: Sneasler|23/100 brn
|move|p2b: Sneasler|Dire Claw|p1a: Sneasler
|-resisted|p1a: Sneasler
|-damage|p1a: Sneasler|0 fnt
|faint|p1a: Sneasler
|
|-heal|p1b: Indeedee|42/100|[from] Grassy Terrain
|-heal|p2a: Volcarona|58/100|[from] Grassy Terrain
|-heal|p2a: Volcarona|64/100|[from] item: Leftovers
|-heal|p2b: Sneasler|7/100|[from] Grassy Terrain
|-fieldend|move: Grassy Terrain
|upkeep
|turn|8
|
|t:|1756725429
|move|p1b: Indeedee|Expanding Force|p2b: Sneasler
|-supereffective|p2b: Sneasler
|-damage|p2b: Sneasler|0 fnt
|faint|p2b: Sneasler
|move|p2a: Volcarona|Tera Blast|p1b: Indeedee
|-damage|p1b: Indeedee|0 fnt
|faint|p1b: Indeedee
|
|win|zevenit
|raw|Llama_Llord's rating: 1099 → 1076(-23 for losing)
|raw|zevenit's rating: 1131 → 1154(+23 for winning)
