|j|☆DaMuGa89
|j|☆sorecruiser
|html|DaMuGa89sorecruiser    
|uhtml|bestof|Game 2 of a best-of-3
|t:|1756488131
|gametype|doubles
|player|p1|DaMuGa89|101|1000
|player|p2|sorecruiser|furisodegirl-black|1000
|gen|9
|tier|[Gen 9] VGC 2025 Reg H (Bo3)
|rated|
|rule|Species Clause: Limit one of each Pokémon
|rule|Item Clause: Limit 1 of each item
|clearpoke
|poke|p1|Charizard, L50, F|
|poke|p1|Torkoal, L50, M|
|poke|p1|Venusaur, L50, F|
|poke|p1|Incineroar, L50, F|
|poke|p1|Amoonguss, L50, F|
|poke|p1|Porygon2, L50|
|poke|p2|Talonflame, L50, F|
|poke|p2|Annihilape, L50, F|
|poke|p2|Rillaboom, L50, F|
|poke|p2|Primarina, L50, M|
|poke|p2|Gholdengo, L50|
|poke|p2|Maushold, L50|
|teampreview|4
|showteam|p1|Charizard||LifeOrb|SolarPower|HeatWave,AirSlash,Protect,Overheat|||F|||50|,,,,,Grass]Torkoal||SafetyGoggles|Drought|Eruption,Flamethrower,BodyPress,EarthPower|||M|||50|,,,,,Fire]Venusaur||WideLens|Chlorophyll|SleepPowder,SludgeBomb,LeafStorm,Protect|||F|||50|,,,,,Water]Incineroar||AssaultVest|Intimidate|FlareBlitz,FakeOut,Uturn,Snarl|||F|||50|,,,,,Fire]Amoonguss||OccaBerry|Regenerator|Spore,Protect,RagePowder,PollenPuff|||F|||50|,,,,,Water]Porygon2||Eviolite|Download|IceBeam,TriAttack,Recover,TrickRoom||||||50|,,,,,Grass
|showteam|p2|Talonflame||LifeOrb|GaleWings|Tailwind,FlareBlitz,Protect,BraveBird|||F|||50|,,,,,Ghost]Annihilape||Leftovers|Defiant|RageFist,DrainPunch,BulkUp,Protect|||F|||50|,,,,,Fire]Rillaboom||AssaultVest|GrassySurge|FakeOut,GrassyGlide,Uturn,WoodHammer|||F|||50|,,,,,Grass]Primarina||ChoiceSpecs|LiquidVoice|Moonblast,DazzlingGleam,HyperVoice,Haze|||M|||50|,,,,,Water]Gholdengo||MetalCoat|GoodasGold|MakeItRain,ShadowBall,NastyPlot,Protect||||||50|,,,,,Dragon]Maushold||SafetyGoggles|FriendGuard|BeatUp,FollowMe,SuperFang,Protect||||||50|,,,,,Ghost
|inactive|Battle timer is ON: inactive players will automatically lose when time's up. (requested by DaMuGa89)
|inactiveoff|Battle timer is now OFF.
|inactive|Battle timer is ON: inactive players will automatically lose when time's up. (requested by DaMuGa89)
|
|t:|1756488193
|teamsize|p1|4
|teamsize|p2|4
|start
|switch|p1a: Amoonguss|Amoonguss, L50, F|100/100
|switch|p1b: Porygon2|Porygon2, L50|100/100
|switch|p2a: Annihilape|Annihilape, L50, F|100/100
|switch|p2b: Rillaboom|Rillaboom, L50, F|100/100
|-fieldstart|move: Grassy Terrain|[from] ability: Grassy Surge|[of] p2b: Rillaboom
|-ability|p1b: Porygon2|Download|boost
|-boost|p1b: Porygon2|spa|1
|turn|1
|inactive|sorecruiser has 30 seconds left.
|
|t:|1756488222
|move|p2a: Annihilape|Protect|p2a: Annihilape
|-singleturn|p2a: Annihilape|Protect
|move|p2b: Rillaboom|Fake Out|p1b: Porygon2
|-damage|p1b: Porygon2|92/100
|move|p1a: Amoonguss|Spore|p2a: Annihilape
|-activate|p2a: Annihilape|move: Protect
|cant|p1b: Porygon2|flinch
|
|-heal|p1b: Porygon2|98/100|[from] Grassy Terrain
|upkeep
|turn|2
|
|t:|1756488239
|move|p2a: Annihilape|Drain Punch|p1b: Porygon2
|-supereffective|p1b: Porygon2
|-damage|p1b: Porygon2|48/100
|move|p2b: Rillaboom|Wood Hammer|p1b: Porygon2
|-crit|p1b: Porygon2
|-damage|p1b: Porygon2|0 fnt
|faint|p1b: Porygon2
|-damage|p2b: Rillaboom|86/100|[from] Recoil
|move|p1a: Amoonguss|Spore|p2a: Annihilape
|-status|p2a: Annihilape|slp|[from] move: Spore
|
|-heal|p2b: Rillaboom|92/100|[from] Grassy Terrain
|upkeep
|
|t:|1756488255
|switch|p1b: Charizard|Charizard, L50, F|100/100
|turn|3
|
|t:|1756488274
|switch|p2b: Talonflame|Talonflame, L50, F|100/100
|switch|p1a: Torkoal|Torkoal, L50, M|100/100
|-weather|SunnyDay|[from] ability: Drought|[of] p1a: Torkoal
|-terastallize|p2a: Annihilape|Fire
|move|p1b: Charizard|Heat Wave|p2b: Talonflame|[spread] p2a
|-miss|p1b: Charizard|p2b: Talonflame
|-resisted|p2a: Annihilape
|-damage|p2a: Annihilape|60/100 slp
|-damage|p1b: Charizard|91/100|[from] item: Life Orb
|cant|p2a: Annihilape|slp
|
|-weather|SunnyDay|[upkeep]
|-damage|p1b: Charizard|78/100|[from] ability: Solar Power|[of] p1b: Charizard
|-heal|p2a: Annihilape|66/100 slp|[from] Grassy Terrain
|-heal|p2a: Annihilape|73/100 slp|[from] item: Leftovers
|upkeep
|turn|4
|
|t:|1756488299
|cant|p2a: Annihilape|slp
|move|p2b: Talonflame|Tailwind|p2b: Talonflame
|-sidestart|p2: sorecruiser|move: Tailwind
|move|p1b: Charizard|Heat Wave|p2a: Annihilape|[spread] p2a,p2b
|-resisted|p2a: Annihilape
|-resisted|p2b: Talonflame
|-damage|p2a: Annihilape|31/100 slp
|-damage|p2b: Talonflame|31/100
|-damage|p1b: Charizard|69/100|[from] item: Life Orb
|move|p1a: Torkoal|Earth Power|p2a: Annihilape
|-supereffective|p2a: Annihilape
|-damage|p2a: Annihilape|0 fnt
|faint|p2a: Annihilape
|
|-weather|SunnyDay|[upkeep]
|-damage|p1b: Charizard|56/100|[from] ability: Solar Power|[of] p1b: Charizard
|upkeep
|
|t:|1756488311
|switch|p2a: Rillaboom|Rillaboom, L50, F|92/100
|turn|5
|inactive|DaMuGa89 has 30 seconds left.
|c|☆sorecruiser|gg
|
|t:|1756488341
|move|p2a: Rillaboom|Fake Out|p1a: Torkoal
|-damage|p1a: Torkoal|90/100
|move|p2b: Talonflame|Brave Bird|p1b: Charizard
|-damage|p1b: Charizard|0 fnt
|faint|p1b: Charizard
|-damage|p2b: Talonflame|13/100|[from] Recoil
|-damage|p2b: Talonflame|3/100|[from] item: Life Orb
|cant|p1a: Torkoal|flinch
|
|-weather|SunnyDay|[upkeep]
|-heal|p2a: Rillaboom|98/100|[from] Grassy Terrain
|-heal|p1a: Torkoal|96/100|[from] Grassy Terrain
|-fieldend|move: Grassy Terrain
|upkeep
|
|t:|1756488348
|switch|p1b: Amoonguss|Amoonguss, L50, F|100/100
|turn|6
|
|t:|1756488376
|-terastallize|p1b: Amoonguss|Water
|move|p2b: Talonflame|Brave Bird|p1b: Amoonguss
|-damage|p1b: Amoonguss|38/100
|-damage|p2b: Talonflame|0 fnt|[from] Recoil
|faint|p2b: Talonflame
|move|p2a: Rillaboom|U-turn|p1b: Amoonguss
|-damage|p1b: Amoonguss|11/100
|
|t:|1756488383
|switch|p2a: Maushold|Maushold, L50|100/100|[from] U-turn
|move|p1b: Amoonguss|Pollen Puff|p1a: Torkoal
|-heal|p1a: Torkoal|100/100
|move|p1a: Torkoal|Eruption|p2a: Maushold
|-damage|p2a: Maushold|7/100
|
|-weather|SunnyDay|[upkeep]
|upkeep
|
|t:|1756488392
|switch|p2b: Rillaboom|Rillaboom, L50, F|98/100
|-fieldstart|move: Grassy Terrain|[from] ability: Grassy Surge|[of] p2b: Rillaboom
|turn|7
|
|t:|1756488409
|move|p2b: Rillaboom|Fake Out|p1a: Torkoal
|-damage|p1a: Torkoal|90/100
|move|p2a: Maushold|Beat Up|p1b: Amoonguss
|-damage|p1b: Amoonguss|8/100
|-damage|p1b: Amoonguss|5/100
|-hitcount|p1b: Amoonguss|2
|move|p1b: Amoonguss|Pollen Puff|p1a: Torkoal
|-heal|p1a: Torkoal|100/100
|cant|p1a: Torkoal|flinch
|
|-weather|none
|-heal|p2a: Maushold|13/100|[from] Grassy Terrain
|-heal|p2b: Rillaboom|100/100|[from] Grassy Terrain
|-heal|p1b: Amoonguss|11/100|[from] Grassy Terrain
|-sideend|p2: sorecruiser|move: Tailwind
|upkeep
|turn|8
|
|t:|1756488424
|move|p1b: Amoonguss|Protect|p1b: Amoonguss
|-singleturn|p1b: Amoonguss|Protect
|move|p2b: Rillaboom|Grassy Glide|p1b: Amoonguss
|-activate|p1b: Amoonguss|move: Protect
|move|p2a: Maushold|Super Fang|p1a: Torkoal
|-damage|p1a: Torkoal|50/100
|move|p1a: Torkoal|Eruption|p2a: Maushold|[spread] p2a,p2b
|-supereffective|p2b: Rillaboom
|-damage|p2a: Maushold|0 fnt
|-damage|p2b: Rillaboom|77/100
|faint|p2a: Maushold
|
|-heal|p2b: Rillaboom|83/100|[from] Grassy Terrain
|-heal|p1b: Amoonguss|16/100|[from] Grassy Terrain
|-heal|p1a: Torkoal|57/100|[from] Grassy Terrain
|upkeep
|turn|9
|
|t:|1756488445
|move|p2b: Rillaboom|Wood Hammer|p1a: Torkoal
|-resisted|p1a: Torkoal
|-damage|p1a: Torkoal|29/100
|-damage|p2b: Rillaboom|76/100|[from] Recoil
|move|p1b: Amoonguss|Pollen Puff|p1a: Torkoal
|-heal|p1a: Torkoal|79/100
|move|p1a: Torkoal|Flamethrower|p2b: Rillaboom
|-supereffective|p2b: Rillaboom
|-damage|p2b: Rillaboom|15/100
|
|-heal|p2b: Rillaboom|21/100|[from] Grassy Terrain
|-heal|p1b: Amoonguss|22/100|[from] Grassy Terrain
|-heal|p1a: Torkoal|85/100|[from] Grassy Terrain
|upkeep
|turn|10
|
|t:|1756488458
|move|p2b: Rillaboom|Grassy Glide|p1b: Amoonguss
|-supereffective|p1b: Amoonguss
|-damage|p1b: Amoonguss|0 fnt
|faint|p1b: Amoonguss
|move|p1a: Torkoal|Flamethrower|p2b: Rillaboom
|-supereffective|p2b: Rillaboom
|-damage|p2b: Rillaboom|0 fnt
|faint|p2b: Rillaboom
|
|win|DaMuGa89
|raw|DaMuGa89's rating: 1000 → 1040(+40 for winning)
|raw|sorecruiser's rating: 1000 → 1000(+0 for losing)
