|j|☆uPinhuu
|j|☆br3bbsy
|html|uPinhuubr3bbsy    
|uhtml|bestof|Game 1 of a best-of-3
|t:|1785791476
|gametype|doubles
|player|p1|uPinhuu|1|1142
|player|p2|br3bbsy|steven|1153
|gen|9
|tier|[Gen 9 Champions] VGC 2026 Reg M-B (Bo3)
|rated|
|rule|Species Clause: Limit one of each Pokémon
|rule|Item Clause: Limit 1 of each item
|clearpoke
|poke|p1|Staraptor, L50, M|
|poke|p1|Vanilluxe, L50, F|
|poke|p1|Farigiraf, L50, F|
|poke|p1|Blastoise, L50, M|
|poke|p1|Kingambit, L50, F|
|poke|p1|Camerupt, L50, F|
|poke|p2|Excadrill, L50, M|
|poke|p2|Tyranitar, L50, M|
|poke|p2|Sinistcha, L50|
|poke|p2|Milotic, L50, F|
|poke|p2|Staraptor, L50, M|
|poke|p2|Gholdengo, L50|
|teampreview|4
|showteam|p1|Staraptor||ChoiceScarf|Intimidate|FinalGambit,BraveBird,CloseCombat,Uturn|Jolly||M|||50|]Vanilluxe||NeverMeltIce|SnowWarning|Blizzard,FreezeDry,Protect,IceShard|Quiet||F|||50|]Farigiraf||SitrusBerry|ArmorTail|PsychicFangs,HyperVoice,HelpingHand,TrickRoom|Relaxed||F|||50|]Blastoise||Blastoisinite|RainDish|FakeOut,WaterSpout,AuraSphere,DarkPulse|Quiet||M|||50|]Kingambit||LifeOrb|Defiant|KowtowCleave,IronHead,Protect,SuckerPunch|Brave||F|||50|]Camerupt||Cameruptite|SolidRock|HeatWave,EarthPower,Protect,AncientPower|Quiet||F|||50|
|showteam|p2|Excadrill||FocusSash|SandRush|Earthquake,Protect,RockSlide,IronHead|Jolly||M|||50|]Tyranitar||Tyranitarite|SandStream|KnockOff,HighHorsepower,Protect,RockSlide|Jolly||M|||50|]Sinistcha||ColburBerry|Hospitality|MatchaGotcha,RagePowder,ShadowBall,Protect|Bold|||||50|]Milotic||Leftovers|Competitive|Scald,IcyWind,Protect,Haze|Calm||F|||50|]Staraptor||Staraptite|Intimidate|BraveBird,CloseCombat,Tailwind,Protect|Jolly||M|||50|]Gholdengo||LifeOrb|GoodasGold|MakeItRain,NastyPlot,ShadowBall,Protect|Modest|||||50|
|inactive|Battle timer is ON: inactive players will automatically lose when time's up. (requested by uPinhuu)
|inactive|br3bbsy has 60 seconds left.
|inactive|uPinhuu has 60 seconds left.
|
|t:|1785791536
|teamsize|p1|4
|teamsize|p2|4
|start
|switch|p1a: Farigiraf|Farigiraf, L50, F|100/100
|switch|p1b: Staraptor|Staraptor, L50, M|100/100
|switch|p2a: Excadrill|Excadrill, L50, M|100/100
|switch|p2b: Milotic|Milotic, L50, F|100/100
|-ability|p1b: Staraptor|Intimidate|boost
|-unboost|p2a: Excadrill|atk|1
|-unboost|p2b: Milotic|atk|1
|-ability|p2b: Milotic|Competitive|boost
|-boost|p2b: Milotic|spa|2
|turn|1
|inactive|uPinhuu has 30 seconds left.
|inactive|br3bbsy has 30 seconds left.
|
|t:|1785791566
|move|p1b: Staraptor|Final Gambit|p2a: Excadrill
|-enditem|p2a: Excadrill|Focus Sash
|-damage|p2a: Excadrill|1/100
|faint|p1b: Staraptor
|move|p2a: Excadrill|Rock Slide|p1a: Farigiraf|[miss]
|-miss|p2a: Excadrill|p1a: Farigiraf
|move|p2b: Milotic|Icy Wind|p1a: Farigiraf
|-damage|p1a: Farigiraf|76/100
|-unboost|p1a: Farigiraf|spe|1
|move|p1a: Farigiraf|Trick Room|p1a: Farigiraf
|-fieldstart|move: Trick Room|[of] p1a: Farigiraf
|
|upkeep
|
|t:|1785791582
|switch|p1b: Camerupt|Camerupt, L50, F|100/100
|turn|2
|
|t:|1785791596
|detailschange|p1b: Camerupt|Camerupt-Mega, L50, F
|-mega|p1b: Camerupt|Camerupt|Cameruptite
|move|p1a: Farigiraf|Helping Hand|p1b: Camerupt
|-singleturn|p1b: Camerupt|Helping Hand|[of] p1a: Farigiraf
|move|p2a: Excadrill|Protect|p2a: Excadrill
|-singleturn|p2a: Excadrill|Protect
|move|p1b: Camerupt|Heat Wave|p2a: Excadrill|[spread] p2b
|-activate|p2a: Excadrill|move: Protect
|-resisted|p2b: Milotic|1
|-damage|p2b: Milotic|70/100
|move|p2b: Milotic|Scald|p1b: Camerupt
|-supereffective|p1b: Camerupt|2
|-damage|p1b: Camerupt|0 fnt
|faint|p1b: Camerupt
|
|-heal|p2b: Milotic|76/100|[from] item: Leftovers
|upkeep
|
|t:|1785791614
|switch|p1b: Vanilluxe|Vanilluxe, L50, F|100/100
|-weather|Snowscape|[from] ability: Snow Warning|[of] p1b: Vanilluxe
|turn|3
|
|t:|1785791623
|switch|p2a: Tyranitar|Tyranitar, L50, M|100/100
|-weather|Sandstorm|[from] ability: Sand Stream|[of] p2a: Tyranitar
|move|p1a: Farigiraf|Hyper Voice|p2b: Milotic|[spread] p2a,p2b
|-resisted|p2a: Tyranitar|1
|-crit|p2a: Tyranitar
|-damage|p2a: Tyranitar|87/100
|-damage|p2b: Milotic|60/100
|move|p1b: Vanilluxe|Blizzard|p2b: Milotic|[spread] p2a
|-miss|p1b: Vanilluxe|p2b: Milotic
|-damage|p2a: Tyranitar|56/100
|move|p2b: Milotic|Scald|p1a: Farigiraf
|-damage|p1a: Farigiraf|21/100
|-status|p1a: Farigiraf|brn
|-enditem|p1a: Farigiraf|Sitrus Berry|[eat]
|-heal|p1a: Farigiraf|46/100 brn|[from] item: Sitrus Berry
|
|-weather|Sandstorm|[upkeep]
|-damage|p1a: Farigiraf|40/100 brn|[from] Sandstorm
|-damage|p1b: Vanilluxe|93/100|[from] Sandstorm
|-damage|p2b: Milotic|54/100|[from] Sandstorm
|-heal|p2b: Milotic|60/100|[from] item: Leftovers
|-damage|p1a: Farigiraf|34/100 brn|[from] brn
|upkeep
|turn|4
|inactive|uPinhuu has 30 seconds left.
|inactive|br3bbsy has 30 seconds left.
|inactive|uPinhuu has 20 seconds left.
|
|t:|1785791662
|move|p1a: Farigiraf|Helping Hand|p1b: Vanilluxe
|-singleturn|p1b: Vanilluxe|Helping Hand|[of] p1a: Farigiraf
|move|p1b: Vanilluxe|Blizzard|p2a: Tyranitar|[spread] p2a,p2b
|-resisted|p2b: Milotic|1
|-damage|p2a: Tyranitar|8/100
|-damage|p2b: Milotic|35/100
|move|p2b: Milotic|Scald|p1a: Farigiraf
|-damage|p1a: Farigiraf|0 fnt
|faint|p1a: Farigiraf
|move|p2a: Tyranitar|Rock Slide|p1b: Vanilluxe|[miss]
|-miss|p2a: Tyranitar|p1b: Vanilluxe
|
|-weather|Sandstorm|[upkeep]
|-damage|p1b: Vanilluxe|87/100|[from] Sandstorm
|-damage|p2b: Milotic|30/100|[from] Sandstorm
|-heal|p2b: Milotic|35/100|[from] item: Leftovers
|upkeep
|turn|5
|
|t:|1785791680
|move|p2a: Tyranitar|Protect|p2a: Tyranitar
|-singleturn|p2a: Tyranitar|Protect
|move|p1b: Vanilluxe|Blizzard|p2a: Tyranitar|[spread] p2b
|-activate|p2a: Tyranitar|move: Protect
|-resisted|p2b: Milotic|1
|-damage|p2b: Milotic|18/100
|move|p2b: Milotic|Scald|p1b: Vanilluxe
|-damage|p1b: Vanilluxe|26/100
|
|-weather|Sandstorm|[upkeep]
|-damage|p1b: Vanilluxe|20/100y|[from] Sandstorm
|-damage|p2b: Milotic|12/100|[from] Sandstorm
|-heal|p2b: Milotic|18/100|[from] item: Leftovers
|-fieldend|move: Trick Room
|upkeep
|turn|6
|
|t:|1785791698
|move|p1b: Vanilluxe|Ice Shard|p2a: Tyranitar
|-damage|p2a: Tyranitar|0 fnt
|faint|p2a: Tyranitar
|move|p2b: Milotic|Scald|p1b: Vanilluxe
|-damage|p1b: Vanilluxe|0 fnt
|faint|p1b: Vanilluxe
|
|win|br3bbsy
||br3bbsy is ready for game 2.
|inactive|uPinhuu has 30 seconds to confirm battle start!
||uPinhuu is ready for game 2.
|uhtml|next|Next: Game 2 of 3
|l|☆br3bbsy
|player|p2|
