|j|☆cheesynoob123
|j|☆taka89
|html|cheesynoob123taka89    
|uhtml|bestof|Game 3 of a best-of-3
|t:|1756893927
|gametype|doubles
|player|p1|cheesynoob123|hilda|1000
|player|p2|taka89|clerk-boss|1125
|gen|9
|tier|[Gen 9] VGC 2025 Reg H (Bo3)
|rated|
|rule|Species Clause: Limit one of each Pokémon
|rule|Item Clause: Limit 1 of each item
|clearpoke
|poke|p1|Archaludon, L50, F|
|poke|p1|Maushold-Four, L50|
|poke|p1|Politoed, L50, F|
|poke|p1|Incineroar, L50, M|
|poke|p1|Whimsicott, L50, F|
|poke|p1|Sneasler, L50, F|
|poke|p2|Flamigo, L50, F|
|poke|p2|Porygon2, L50|
|poke|p2|Ursaluna, L50, M|
|poke|p2|Archaludon, L50, M|
|poke|p2|Tyranitar, L50, F|
|poke|p2|Incineroar, L50, F|
|teampreview|4
|showteam|p1|Archaludon||Leftovers|Stamina|DracoMeteor,BodyPress,ElectroShot,Protect|||F|||50|,,,,,Electric]Maushold-Four||WideLens|Technician|PopulationBomb,PlayRough,Protect,HelpingHand||||||50|,,,,,Ghost]Politoed||SitrusBerry|Drizzle|WeatherBall,Encore,IcyWind,HelpingHand|||F|||50|,,,,,Fire]Incineroar||SafetyGoggles|Intimidate|FakeOut,KnockOff,FlareBlitz,PartingShot|||M|||50|,,,,,Ghost]Whimsicott||CovertCloak|Prankster|Encore,Tailwind,WorrySeed,Moonblast|||F|||50|,,,,,Steel]Sneasler||FocusSash|PoisonTouch|DireClaw,CloseCombat,FakeOut,Uturn|||F|||50|,,,,,Fire
|showteam|p2|Flamigo||ChoiceScarf|Scrappy|BraveBird,DualWingbeat,CloseCombat,Uturn|||F|||50|,,,,,Ghost]Porygon2||Eviolite|Download|Thunderbolt,TeraBlast,TrickRoom,Protect||||||50|,,,,,Flying]Ursaluna||FlameOrb|Guts|Facade,Earthquake,HeadlongRush,Protect|||M|||50|,,,,,Ghost]Archaludon||AssaultVest|Stamina|ElectroShot,DarkPulse,BodyPress,DracoMeteor|||M|||50|,,,,,Grass]Tyranitar||FocusSash|SandStream|RockSlide,LowKick,KnockOff,Protect|||F|||50|,,,,,Flying]Incineroar||PasshoBerry|Intimidate|KnockOff,FlareBlitz,FakeOut,PartingShot|||F|||50|,,,,,Ghost
|inactive|Battle timer is ON: inactive players will automatically lose when time's up. (requested by taka89)
|inactive|cheesynoob123 also wants the timer to be on.
|
|t:|1756893957
|teamsize|p1|4
|teamsize|p2|4
|start
|switch|p1a: Incineroar|Incineroar, L50, M|100/100
|switch|p1b: Sneasler|Sneasler, L50, F|100/100
|switch|p2a: Winglade|Flamigo, L50, F|100/100
|switch|p2b: Jackenstein|Incineroar, L50, F, shiny|100/100
|-ability|p2b: Jackenstein|Intimidate|boost
|-unboost|p1a: Incineroar|atk|1
|-unboost|p1b: Sneasler|atk|1
|-ability|p1a: Incineroar|Intimidate|boost
|-fail|p2a: Winglade|unboost|Attack|[from] ability: Scrappy|[of] p2a: Winglade
|-unboost|p2b: Jackenstein|atk|1
|turn|1
|inactive|taka89 has 30 seconds left.
|inactive|taka89 has 20 seconds left.
|inactive|taka89 has 15 seconds left.
|
|t:|1756894002
|move|p1b: Sneasler|Fake Out|p2b: Jackenstein
|-damage|p2b: Jackenstein|92/100
|move|p2a: Winglade|Close Combat|p1a: Incineroar
|-supereffective|p1a: Incineroar
|-damage|p1a: Incineroar|0 fnt
|-unboost|p2a: Winglade|def|1
|-unboost|p2a: Winglade|spd|1
|faint|p1a: Incineroar
|cant|p2b: Jackenstein|flinch
|
|upkeep
|
|t:|1756894010
|switch|p1a: Archaludon|Archaludon, L50, F|100/100
|turn|2
|inactive|cheesynoob123 has 30 seconds left.
|inactive|taka89 has 30 seconds left.
|
|t:|1756894042
|switch|p2a: werewerewire|Archaludon, L50, M|100/100
|switch|p1b: Politoed|Politoed, L50, F|100/100
|-weather|RainDance|[from] ability: Drizzle|[of] p1b: Politoed
|-terastallize|p1a: Archaludon|Electric
|move|p1a: Archaludon|Electro Shot||[still]
|-prepare|p1a: Archaludon|Electro Shot
|-boost|p1a: Archaludon|spa|1
|-anim|p1a: Archaludon|Electro Shot|p2a: werewerewire
|-resisted|p2a: werewerewire
|-damage|p2a: werewerewire|63/100
|-ability|p2a: werewerewire|Stamina|boost
|-boost|p2a: werewerewire|def|1
|move|p2b: Jackenstein|Parting Shot|p1a: Archaludon
|-unboost|p1a: Archaludon|atk|1
|-unboost|p1a: Archaludon|spa|1
|inactive|taka89 has 30 seconds left.
|
|t:|1756894073
|switch|p2b: swatchling|Porygon2, L50|100/100|[from] Parting Shot
|-ability|p2b: swatchling|Download|boost
|-boost|p2b: swatchling|spa|1
|
|-weather|RainDance|[upkeep]
|upkeep
|turn|3
|inactive|cheesynoob123 has 30 seconds left.
|inactive|cheesynoob123 has 20 seconds left.
|
|t:|1756894111
|switch|p1b: Sneasler|Sneasler, L50, F|100/100
|move|p1a: Archaludon|Draco Meteor|p2a: werewerewire
|-damage|p2a: werewerewire|10/100
|-unboost|p1a: Archaludon|spa|2
|-ability|p2a: werewerewire|Stamina|boost
|-boost|p2a: werewerewire|def|1
|move|p2a: werewerewire|Electro Shot||[still]
|-prepare|p2a: werewerewire|Electro Shot
|-boost|p2a: werewerewire|spa|1
|-anim|p2a: werewerewire|Electro Shot|p1b: Sneasler
|-damage|p1b: Sneasler|24/100
|move|p2b: swatchling|Thunderbolt|p1b: Sneasler
|-crit|p1b: Sneasler
|-damage|p1b: Sneasler|0 fnt
|faint|p1b: Sneasler
|
|-weather|RainDance|[upkeep]
|upkeep
|
|t:|1756894118
|switch|p1b: Politoed|Politoed, L50, F|100/100
|turn|4
|inactive|cheesynoob123 has 30 seconds left.
|inactive|taka89 has 30 seconds left.
|
|t:|1756894146
|move|p1a: Archaludon|Electro Shot||[still]
|-prepare|p1a: Archaludon|Electro Shot
|-boost|p1a: Archaludon|spa|1
|-anim|p1a: Archaludon|Electro Shot|p2a: werewerewire
|-resisted|p2a: werewerewire
|-damage|p2a: werewerewire|0 fnt
|faint|p2a: werewerewire
|move|p1b: Politoed|Weather Ball|p2b: swatchling
|-crit|p2b: swatchling
|-damage|p2b: swatchling|53/100
|move|p2b: swatchling|Thunderbolt|p1b: Politoed
|-supereffective|p1b: Politoed
|-damage|p1b: Politoed|37/100
|-enditem|p1b: Politoed|Sitrus Berry|[eat]
|-heal|p1b: Politoed|61/100|[from] item: Sitrus Berry
|
|-weather|RainDance|[upkeep]
|upkeep
|inactive|taka89 has 30 seconds left.
|inactive|taka89 has 20 seconds left.
|
|t:|1756894181
|switch|p2a: Winglade|Flamigo, L50, F|100/100
|turn|5
|inactive|taka89 has 30 seconds left.
|
|t:|1756894218
|-terastallize|p2a: Winglade|Ghost
|move|p1a: Archaludon|Protect|p1a: Archaludon
|-singleturn|p1a: Archaludon|Protect
|move|p2a: Winglade|Close Combat|p1b: Politoed
|-damage|p1b: Politoed|0 fnt
|-unboost|p2a: Winglade|def|1
|-unboost|p2a: Winglade|spd|1
|faint|p1b: Politoed
|move|p2b: swatchling|Tera Blast|p1a: Archaludon
|-activate|p1a: Archaludon|move: Protect
|
|-weather|RainDance|[upkeep]
|upkeep
|turn|6
|
|t:|1756894236
|move|p2a: Winglade|Close Combat|p1a: Archaludon
|-damage|p1a: Archaludon|54/100
|-unboost|p2a: Winglade|def|1
|-unboost|p2a: Winglade|spd|1
|-ability|p1a: Archaludon|Stamina|boost
|-boost|p1a: Archaludon|def|1
|move|p1a: Archaludon|Electro Shot||[still]
|-prepare|p1a: Archaludon|Electro Shot
|-boost|p1a: Archaludon|spa|1
|-anim|p1a: Archaludon|Electro Shot|p2a: Winglade
|-damage|p2a: Winglade|0 fnt
|faint|p2a: Winglade
|move|p2b: swatchling|Tera Blast|p1a: Archaludon
|-damage|p1a: Archaludon|0 fnt
|faint|p1a: Archaludon
|
|win|taka89
|raw|cheesynoob123's rating: 1000 → 1000(+0 for losing)
|raw|taka89's rating: 1125 → 1141(+16 for winning)
