|j|☆a15003606
|j|☆Br1_lore
|html|a15003606Br1_lore    
|uhtml|bestof|Game 2 of a best-of-3
|t:|1785355818
|gametype|doubles
|player|p1|a15003606|ethan|1128
|player|p2|Br1_lore|101|1115
|gen|9
|tier|[Gen 9 Champions] VGC 2026 Reg M-B (Bo3)
|rated|
|rule|Species Clause: Limit one of each Pokémon
|rule|Item Clause: Limit 1 of each item
|clearpoke
|poke|p1|Tyranitar, L50, M|
|poke|p1|Excadrill, L50, F|
|poke|p1|Gholdengo, L50|
|poke|p1|Staraptor, L50, M|
|poke|p1|Sinistcha, L50|
|poke|p1|Milotic, L50, F|
|poke|p2|Metagross, L50|
|poke|p2|Hydreigon, L50, F|
|poke|p2|Sneasler, L50, M|
|poke|p2|Aerodactyl, L50, F|
|poke|p2|Sylveon, L50, F|
|poke|p2|Decidueye-Hisui, L50, F|
|teampreview|4
|showteam|p1|Tyranitar||Tyranitarite|SandStream|RockSlide,KnockOff,DragonDance,Protect|Adamant||M|||50|]Excadrill||FocusSash|SandRush|Earthquake,IronHead,RockSlide,Protect|Jolly||F|||50|]Gholdengo||LifeOrb|GoodasGold|MakeItRain,ShadowBall,NastyPlot,Protect|Serious|||||50|]Staraptor||Staraptite|Intimidate|CloseCombat,BraveBird,BlazeKick,Protect|Jolly||M|||50|]Sinistcha||SitrusBerry|Hospitality|MatchaGotcha,RagePowder,TrickRoom,StrengthSap|Bold|||||50|]Milotic||Leftovers|Competitive|MuddyWater,Coil,Hypnosis,Recover|Bold||F|||50|
|showteam|p2|Metagross||Metagrossite|ClearBody|IronHead,PsychicFangs,StompingTantrum,Protect|Jolly|||||50|]Hydreigon||LifeOrb|Levitate|Protect,DragonPulse,HeatWave,DarkPulse|Modest||F|||50|]Sneasler||WhiteHerb|Unburden|CloseCombat,DireClaw,FakeOut,Protect|Adamant||M|||50|]Aerodactyl||FocusSash|Unnerve|DualWingbeat,Protect,Tailwind,RockSlide|Jolly||F|||50|]Sylveon||FairyFeather|Pixilate|HyperVoice,QuickAttack,HyperBeam,Detect|Modest||F|||50|]Decidueye-Hisui||ScopeLens|Scrappy|Haze,Protect,TripleArrows,LeafBlade|Adamant||F|||50|
|inactive|Battle timer is ON: inactive players will automatically lose when time's up. (requested by a15003606)
|inactive|a15003606 has 60 seconds left.
|inactive|Br1_lore has 60 seconds left.
|inactive|Br1_lore has 30 seconds left.
|inactive|Br1_lore has 20 seconds left.
|inactive|Br1_lore has 15 seconds left.
|
|t:|1785355897
|teamsize|p1|4
|teamsize|p2|4
|start
|switch|p1a: Excadrill|Excadrill, L50, F|100/100
|switch|p1b: Staraptor|Staraptor, L50, M|100/100
|switch|p2a: Sneasler|Sneasler, L50, M|100/100
|switch|p2b: Decidueye|Decidueye-Hisui, L50, F|100/100
|-ability|p1b: Staraptor|Intimidate|boost
|-unboost|p2a: Sneasler|atk|1
|-fail|p2b: Decidueye|unboost|Attack|[from] ability: Scrappy|[of] p2b: Decidueye
|-enditem|p2a: Sneasler|White Herb
|-clearnegativeboost|p2a: Sneasler|[silent]
|turn|1
|inactive|a15003606 has 30 seconds left.
|inactive|Br1_lore has 30 seconds left.
|inactive|Br1_lore has 20 seconds left.
|inactive|Br1_lore has 15 seconds left.
|
|t:|1785355941
|switch|p2a: Hydreigon|Hydreigon, L50, F|100/100
|detailschange|p1b: Staraptor|Staraptor-Mega, L50, M
|-mega|p1b: Staraptor|Staraptor|Staraptite
|move|p1a: Excadrill|Protect|p1a: Excadrill
|-singleturn|p1a: Excadrill|Protect
|move|p2b: Decidueye|Protect|p2b: Decidueye
|-singleturn|p2b: Decidueye|Protect
|move|p1b: Staraptor|Brave Bird|p2b: Decidueye
|-activate|p2b: Decidueye|move: Protect
|
|upkeep
|turn|2
|inactive|Br1_lore has 30 seconds left.
|
|t:|1785355974
|switch|p2b: Metagross|Metagross, L50|100/100
|move|p2a: Hydreigon|Protect|p2a: Hydreigon
|-singleturn|p2a: Hydreigon|Protect
|move|p1b: Staraptor|Close Combat|p2a: Hydreigon
|-activate|p2a: Hydreigon|move: Protect
|move|p1a: Excadrill|Iron Head|p2b: Metagross
|-resisted|p2b: Metagross|1
|-damage|p2b: Metagross|82/100
|
|upkeep
|turn|3
|inactive|a15003606 has 30 seconds left.
|inactive|Br1_lore has 30 seconds left.
|
|t:|1785356005
|detailschange|p2b: Metagross|Metagross-Mega, L50
|-mega|p2b: Metagross|Metagross|Metagrossite
|move|p1b: Staraptor|Close Combat|p2a: Hydreigon
|-supereffective|p2a: Hydreigon|1
|-damage|p2a: Hydreigon|0 fnt
|-boost|p1b: Staraptor|def|1
|-boost|p1b: Staraptor|spd|1
|faint|p2a: Hydreigon
|move|p2b: Metagross|Psychic Fangs|p1b: Staraptor
|-supereffective|p1b: Staraptor|1
|-damage|p1b: Staraptor|5/100
|move|p1a: Excadrill|Earthquake|p2b: Metagross|[spread] p2b
|-immune|p1b: Staraptor
|-supereffective|p2b: Metagross|1
|-damage|p2b: Metagross|16/100
|
|upkeep
|
|t:|1785356025
|switch|p2a: Sneasler|Sneasler, L50, M|100/100
|turn|4
|
|t:|1785356039
|switch|p1a: Sinistcha|Sinistcha, L50|100/100
|-heal|p1b: Staraptor|30/100|[from] ability: Hospitality|[of] p1a: Sinistcha
|move|p1b: Staraptor|Protect|p1b: Staraptor
|-singleturn|p1b: Staraptor|Protect
|move|p2a: Sneasler|Fake Out|p1a: Sinistcha
|-immune|p1a: Sinistcha
|move|p2b: Metagross|Iron Head|p1b: Staraptor
|-activate|p1b: Staraptor|move: Protect
|
|upkeep
|turn|5
|inactive|a15003606 has 30 seconds left.
|
|t:|1785356064
|move|p1a: Sinistcha|Rage Powder|p1a: Sinistcha
|-singleturn|p1a: Sinistcha|move: Rage Powder
|move|p1b: Staraptor|Brave Bird|p2a: Sneasler
|-supereffective|p2a: Sneasler|1
|-damage|p2a: Sneasler|0 fnt
|faint|p2a: Sneasler
|-damage|p1b: Staraptor|0 fnt|[from] Recoil
|faint|p1b: Staraptor
|move|p2b: Metagross|Psychic Fangs|p1a: Sinistcha
|-damage|p1a: Sinistcha|50/100g
|
|upkeep
|
|t:|1785356078
|switch|p1b: Excadrill|Excadrill, L50, F|100/100
|switch|p2a: Decidueye|Decidueye-Hisui, L50, F|100/100
|turn|6
|
|t:|1785356094
|move|p2b: Metagross|Protect|p2b: Metagross
|-singleturn|p2b: Metagross|Protect
|move|p1b: Excadrill|Iron Head|p2a: Decidueye
|-damage|p2a: Decidueye|53/100
|move|p1a: Sinistcha|Matcha Gotcha|p2b: Metagross|[spread] p2a
|-activate|p2b: Metagross|move: Protect
|-resisted|p2a: Decidueye|1
|-damage|p2a: Decidueye|42/100
|-heal|p1a: Sinistcha|56/100|[from] drain|[of] p2a: Decidueye
|move|p2a: Decidueye|Triple Arrows|p1b: Excadrill
|-supereffective|p1b: Excadrill|1
|-crit|p1b: Excadrill
|-enditem|p1b: Excadrill|Focus Sash
|-damage|p1b: Excadrill|1/100
|-unboost|p1b: Excadrill|def|1
|
|upkeep
|turn|7
|inactive|Br1_lore has 30 seconds left.
|inactive|Br1_lore has 20 seconds left.
|inactive|Br1_lore has 15 seconds left.
|inactive|Br1_lore has 10 seconds left.
|inactive|Br1_lore has 5 seconds left.
|
|t:|1785356144
|move|p2a: Decidueye|Protect|p2a: Decidueye
|-singleturn|p2a: Decidueye|Protect
|move|p2b: Metagross|Psychic Fangs|p1b: Excadrill
|-resisted|p1b: Excadrill|1
|-damage|p1b: Excadrill|0 fnt
|faint|p1b: Excadrill
|move|p1a: Sinistcha|Matcha Gotcha|p2b: Metagross|[spread] p2b
|-activate|p2a: Decidueye|move: Protect
|-resisted|p2b: Metagross|1
|-damage|p2b: Metagross|3/100
|-heal|p1a: Sinistcha|62/100|[from] drain|[of] p2b: Metagross
|
|upkeep
|
|t:|1785356157
|switch|p1b: Milotic|Milotic, L50, F|100/100
|turn|8
|
|t:|1785356175
|move|p2b: Metagross|Psychic Fangs|p1a: Sinistcha
|-damage|p1a: Sinistcha|19/100
|-enditem|p1a: Sinistcha|Sitrus Berry|[eat]
|-heal|p1a: Sinistcha|43/100|[from] item: Sitrus Berry
|move|p1b: Milotic|Coil|p1b: Milotic
|-boost|p1b: Milotic|atk|1
|-boost|p1b: Milotic|def|1
|-boost|p1b: Milotic|accuracy|1
|move|p1a: Sinistcha|Matcha Gotcha|p2b: Metagross|[spread] p2a,p2b
|-resisted|p2a: Decidueye|1
|-resisted|p2b: Metagross|1
|-damage|p2a: Decidueye|31/100
|-heal|p1a: Sinistcha|50/100y|[from] drain|[of] p2a: Decidueye
|-damage|p2b: Metagross|0 fnt
|-heal|p1a: Sinistcha|51/100|[from] drain|[of] p2b: Metagross
|faint|p2b: Metagross
|move|p2a: Decidueye|Leaf Blade|p1b: Milotic
|-supereffective|p1b: Milotic|1
|-damage|p1b: Milotic|51/100
|
|-heal|p1b: Milotic|57/100|[from] item: Leftovers
|upkeep
|turn|9
|inactive|a15003606 has 30 seconds left.
|
|t:|1785356202
|move|p1b: Milotic|Recover|p1b: Milotic
|-heal|p1b: Milotic|100/100
|move|p1a: Sinistcha|Matcha Gotcha|p2a: Decidueye
|-resisted|p2a: Decidueye|1
|-damage|p2a: Decidueye|15/100
|-heal|p1a: Sinistcha|60/100|[from] drain|[of] p2a: Decidueye
|move|p2a: Decidueye|Leaf Blade|p1b: Milotic
|-supereffective|p1b: Milotic|1
|-damage|p1b: Milotic|55/100
|
|-heal|p1b: Milotic|61/100|[from] item: Leftovers
|upkeep
|turn|10
|
|t:|1785356217
|move|p1b: Milotic|Muddy Water|p2a: Decidueye
|-resisted|p2a: Decidueye|1
|-damage|p2a: Decidueye|1/100
|move|p1a: Sinistcha|Matcha Gotcha|p2a: Decidueye
|-resisted|p2a: Decidueye|1
|-damage|p2a: Decidueye|0 fnt
|-heal|p1a: Sinistcha|60/100|[from] drain|[of] p2a: Decidueye
|faint|p2a: Decidueye
|
|win|a15003606
||a15003606 is ready for game 3.
|inactive|Br1_lore has 30 seconds to confirm battle start!
||Br1_lore is ready for game 3.
|uhtml|next|Next: Game 3 of 3
|l|☆a15003606
|player|p1|
