|j|☆noagvgc
|j|☆Divine Monkey King
|html|noagvgcDivine Monkey King    
|uhtml|bestof|Game 2 of a best-of-3
|t:|1782496103
|gametype|doubles
|player|p1|noagvgc|101|1096
|player|p2|Divine Monkey King|170|1151
|gen|9
|tier|[Gen 9 Champions] VGC 2026 Reg M-B (Bo3)
|rated|
|rule|Species Clause: Limit one of each Pokémon
|rule|Item Clause: Limit 1 of each item
|clearpoke
|poke|p1|Metagross, L50, shiny|
|poke|p1|Sneasler, L50, M|
|poke|p1|Hydreigon, L50, M|
|poke|p1|Sylveon, L50, F, shiny|
|poke|p1|Aerodactyl, L50, F|
|poke|p1|Tsareena, L50, F|
|poke|p2|Whimsicott, L50, F, shiny|
|poke|p2|Lucario, L50, M, shiny|
|poke|p2|Pelipper, L50, M, shiny|
|poke|p2|Beedrill, L50, M, shiny|
|poke|p2|Annihilape, L50, M, shiny|
|poke|p2|Basculegion, L50, M, shiny|
|teampreview|4
|showteam|p1|Metagross||Metagrossite|ClearBody|IronHead,PsychicFangs,BodyPress,Protect|Adamant|||||50|]Sneasler||FocusSash|Unburden|CloseCombat,DireClaw,FakeOut,Coaching|Jolly||M|||50|]Hydreigon||ChoiceScarf|Levitate|DracoMeteor,DarkPulse,EarthPower,Snarl|Modest||M|||50|]Sylveon||FairyFeather|Pixilate|HyperVoice,HyperBeam,QuickAttack,Detect|Modest||F|||50|]Aerodactyl||Aerodactylite|Unnerve|RockSlide,DualWingbeat,Tailwind,Protect|Jolly||F|||50|]Tsareena||CobaBerry|QueenlyMajesty|TropKick,TripleAxel,LowKick,Protect|Impish||F|||50|
|showteam|p2|Whimsicott||FocusSash|Prankster|Encore,Protect,Tailwind,BeatUp|Serious||F|||50|]Lucario||Lucarionite|Justified|Crunch,DrainPunch,PoisonJab,Protect|Jolly||M|||50|]Pelipper||SitrusBerry|Drizzle|Hurricane,IceBeam,Protect,WeatherBall|Timid||M|||50|]Beedrill||Beedrillite|Sniper|DrillRun,PoisonJab,Protect,FellStinger|Jolly||M|||50|]Annihilape||Leftovers|Defiant|BulkUp,DrainPunch,RageFist,RockSlide|Adamant||M|||50|]Basculegion||MysticWater|SwiftSwim|AquaJet,FlipTurn,LastRespects,Protect|Adamant||M|||50|
|
|t:|1782496149
|teamsize|p1|4
|teamsize|p2|4
|start
|switch|p1a: Tsareena|Tsareena, L50, F|100/100
|switch|p1b: Hydreigon|Hydreigon, L50, M|100/100
|switch|p2a: Pelipper|Pelipper, L50, M, shiny|100/100
|switch|p2b: Basculegion|Basculegion, L50, M, shiny|100/100
|-weather|RainDance|[from] ability: Drizzle|[of] p2a: Pelipper
|turn|1
|
|t:|1782496181
|move|p2b: Basculegion|Protect|p2b: Basculegion
|-singleturn|p2b: Basculegion|Protect
|move|p1a: Tsareena|Protect|p1a: Tsareena
|-singleturn|p1a: Tsareena|Protect
|move|p1b: Hydreigon|Snarl|p2b: Basculegion|[spread] p2a
|-activate|p2b: Basculegion|move: Protect
|-crit|p2a: Pelipper
|-damage|p2a: Pelipper|57/100
|-unboost|p2a: Pelipper|spa|1
|move|p2a: Pelipper|Hurricane|p1a: Tsareena
|-activate|p1a: Tsareena|move: Protect
|
|-weather|RainDance|[upkeep]
|upkeep
|turn|2
|
|t:|1782496202
|move|p2b: Basculegion|Flip Turn|p1a: Tsareena
|-resisted|p1a: Tsareena|1
|-damage|p1a: Tsareena|77/100
|
|t:|1782496205
|switch|p2b: Whimsicott|Whimsicott, L50, F, shiny|100/100|[from] Flip Turn
|move|p1b: Hydreigon|Snarl|p2a: Pelipper|[spread] p2a,p2b
|-resisted|p2b: Whimsicott|1
|-damage|p2a: Pelipper|25/100
|-damage|p2b: Whimsicott|80/100
|-unboost|p2a: Pelipper|spa|1
|-unboost|p2b: Whimsicott|spa|1
|-enditem|p2a: Pelipper|Sitrus Berry|[eat]
|-heal|p2a: Pelipper|49/100|[from] item: Sitrus Berry
|move|p2a: Pelipper|Hurricane|p1a: Tsareena
|-supereffective|p1a: Tsareena|1
|-enditem|p1a: Tsareena|Coba Berry|[eat]
|-enditem|p1a: Tsareena|Coba Berry|[weaken]
|-damage|p1a: Tsareena|55/100
|move|p1a: Tsareena|Triple Axel|p2a: Pelipper
|-damage|p2a: Pelipper|40/100
|-damage|p2a: Pelipper|26/100
|-damage|p2a: Pelipper|5/100
|-hitcount|p2a: Pelipper|3
|
|-weather|RainDance|[upkeep]
|upkeep
|turn|3
|
|t:|1782496234
|switch|p2a: Lucario|Lucario, L50, M, shiny|100/100
|switch|p1a: Metagross|Metagross, L50, shiny|100/100
|move|p2b: Whimsicott|Tailwind|p2b: Whimsicott
|-sidestart|p2: Divine Monkey King|move: Tailwind
|move|p1b: Hydreigon|Snarl|p2b: Whimsicott|[spread] p2a,p2b
|-resisted|p2a: Lucario|1
|-resisted|p2b: Whimsicott|1
|-damage|p2a: Lucario|81/100
|-damage|p2b: Whimsicott|62/100
|-unboost|p2a: Lucario|spa|1
|-unboost|p2b: Whimsicott|spa|1
|-ability|p2a: Lucario|Justified|boost
|-boost|p2a: Lucario|atk|1
|
|-weather|RainDance|[upkeep]
|upkeep
|turn|4
|
|t:|1782496260
|switch|p1b: Tsareena|Tsareena, L50, F|55/100
|detailschange|p1a: Metagross|Metagross-Mega, L50, shiny
|-mega|p1a: Metagross|Metagross|Metagrossite
|move|p1a: Metagross|Protect|p1a: Metagross
|-singleturn|p1a: Metagross|Protect
|move|p2b: Whimsicott|Beat Up|p2a: Lucario
|-resisted|p2a: Lucario|1
|-damage|p2a: Lucario|79/100
|-ability|p2a: Lucario|Justified|boost
|-boost|p2a: Lucario|atk|1
|-resisted|p2a: Lucario|1
|-damage|p2a: Lucario|77/100
|-ability|p2a: Lucario|Justified|boost
|-boost|p2a: Lucario|atk|1
|-resisted|p2a: Lucario|1
|-damage|p2a: Lucario|74/100
|-ability|p2a: Lucario|Justified|boost
|-boost|p2a: Lucario|atk|1
|-resisted|p2a: Lucario|1
|-damage|p2a: Lucario|73/100
|-ability|p2a: Lucario|Justified|boost
|-boost|p2a: Lucario|atk|1
|-hitcount|p2a: Lucario|4
|move|p2a: Lucario|Drain Punch|p1a: Metagross
|-activate|p1a: Metagross|move: Protect
|
|-weather|RainDance|[upkeep]
|upkeep
|turn|5
|
|t:|1782496308
|switch|p1a: Sylveon|Sylveon, L50, F, shiny|100/100
|move|p2a: Lucario|Protect|p2a: Lucario
|-singleturn|p2a: Lucario|Protect
|move|p2b: Whimsicott|Encore||[still]
|cant|p1b: Tsareena|ability: Queenly Majesty|Encore|[of] p2b: Whimsicott
|move|p1b: Tsareena|Low Kick|p2a: Lucario
|-activate|p2a: Lucario|move: Protect
|
|-weather|none
|upkeep
|turn|6
|inactive|Battle timer is ON: inactive players will automatically lose when time's up. (requested by noagvgc)
|
|t:|1782496382
|detailschange|p2a: Lucario|Lucario-Mega, L50, M, shiny
|-mega|p2a: Lucario|Lucario|Lucarionite
|move|p2b: Whimsicott|Protect|p2b: Whimsicott
|-singleturn|p2b: Whimsicott|Protect
|move|p2a: Lucario|Drain Punch|p1a: Sylveon
|-resisted|p1a: Sylveon|1
|-damage|p1a: Sylveon|0 fnt
|-heal|p2a: Lucario|100/100|[from] drain|[of] p1a: Sylveon
|faint|p1a: Sylveon
|move|p1b: Tsareena|Triple Axel|p2b: Whimsicott
|-activate|p2b: Whimsicott|move: Protect
|
|-sideend|p2: Divine Monkey King|move: Tailwind
|upkeep
|
|t:|1782496394
|switch|p1a: Metagross|Metagross-Mega, L50, shiny|100/100
|turn|7
|inactive|Divine Monkey King has 30 seconds left.
|
|t:|1782496422
|move|p2a: Lucario|Protect|p2a: Lucario
|-singleturn|p2a: Lucario|Protect
|move|p1a: Metagross|Protect|p1a: Metagross
|-singleturn|p1a: Metagross|Protect
|move|p2b: Whimsicott|Tailwind|p2b: Whimsicott
|-sidestart|p2: Divine Monkey King|move: Tailwind
|move|p1b: Tsareena|Low Kick|p2a: Lucario
|-activate|p2a: Lucario|move: Protect
|
|upkeep
|turn|8
|inactive|Divine Monkey King has 30 seconds left.
|
|t:|1782496452
|move|p2b: Whimsicott|Encore||[still]
|cant|p1b: Tsareena|ability: Queenly Majesty|Encore|[of] p2b: Whimsicott
|move|p2a: Lucario|Drain Punch|p1b: Tsareena
|-crit|p1b: Tsareena
|-damage|p1b: Tsareena|0 fnt
|faint|p1b: Tsareena
|move|p1a: Metagross|Psychic Fangs|p2a: Lucario
|-damage|p2a: Lucario|8/100
|
|upkeep
|
|t:|1782496461
|switch|p1b: Hydreigon|Hydreigon, L50, M|100/100
|turn|9
|
|t:|1782496477
|switch|p2b: Pelipper|Pelipper, L50, M, shiny|5/100
|-weather|RainDance|[from] ability: Drizzle|[of] p2b: Pelipper
|move|p2a: Lucario|Drain Punch|p1b: Hydreigon
|-supereffective|p1b: Hydreigon|1
|-damage|p1b: Hydreigon|0 fnt
|-heal|p2a: Lucario|70/100|[from] drain|[of] p1b: Hydreigon
|faint|p1b: Hydreigon
|move|p1a: Metagross|Psychic Fangs|p2a: Lucario
|-damage|p2a: Lucario|0 fnt
|faint|p2a: Lucario
|
|-weather|RainDance|[upkeep]
|upkeep
|
|t:|1782496491
|switch|p2a: Basculegion|Basculegion, L50, M, shiny|100/100
|turn|10
|
|t:|1782496507
|move|p2a: Basculegion|Last Respects|p1a: Metagross
|-supereffective|p1a: Metagross|1
|-damage|p1a: Metagross|27/100
|move|p2b: Pelipper|Weather Ball|p1a: Metagross
|-damage|p1a: Metagross|0 fnt
|faint|p1a: Metagross
|
|win|Divine Monkey King
|raw|noagvgc's rating: 1096 → 1075(-21 for losing)
|raw|Divine Monkey King's rating: 1151 → 1172(+21 for winning)
|l|☆noagvgc
|player|p1|
|c|☆Divine Monkey King|Gg
