|j|☆we all hate ursf
|j|☆volcanicrj
|html|we all hate ursfvolcanicrj    
|uhtml|bestof|Game 1 of a best-of-3
|t:|1757736096
|gametype|doubles
|player|p1|we all hate ursf|shadowtriad|1115
|player|p2|volcanicrj|flannery|1044
|gen|9
|tier|[Gen 9] VGC 2025 Reg H (Bo3)
|rated|
|rule|Species Clause: Limit one of each Pokémon
|rule|Item Clause: Limit 1 of each item
|clearpoke
|poke|p1|Garchomp, L50, F|
|poke|p1|Talonflame, L50, M|
|poke|p1|Gholdengo, L50|
|poke|p1|Ninetales-Alola, L50, M|
|poke|p1|Amoonguss, L50, F|
|poke|p1|Incineroar, L50, F|
|poke|p2|Toxtricity-Low-Key, L50, M|
|poke|p2|Kommo-o, L50, F|
|poke|p2|Sinistcha, L50|
|poke|p2|Murkrow, L50, M|
|poke|p2|Samurott-Hisui, L50, F|
|poke|p2|Incineroar, L50, F|
|teampreview|4
|showteam|p1|Garchomp||ClearAmulet|RoughSkin|Earthquake,DragonClaw,SwordsDance,Protect|||F|||50|,,,,,Fire]Talonflame||FocusSash|GaleWings|BraveBird,Taunt,Tailwind,QuickGuard|||M|||50|,,,,,Ghost]Gholdengo||MetalCoat|GoodasGold|MakeItRain,ShadowBall,NastyPlot,Protect||||||50|,,,,,Water]Ninetales-Alola||LightClay|SnowWarning|Blizzard,FreezeDry,AuroraVeil,Protect|||M|||50|,,,,,Fire]Amoonguss||SitrusBerry|Regenerator|Spore,RagePowder,PollenPuff,Protect|||F|||50|,,,,,Fairy]Incineroar||SafetyGoggles|Intimidate|FakeOut,PartingShot,KnockOff,FlareBlitz|||F|||50|,,,,,Ghost
|showteam|p2|Toxtricity-Low-Key||ChoiceSpecs|PunkRock|Overdrive,Boomburst,SludgeBomb,VoltSwitch|||M|||50|,,,,,Normal]Kommo-o||ThroatSpray|Soundproof|ClangorousSoul,ClangingScales,Flamethrower,Protect|||F|||50|,,,,,Fire]Sinistcha||RockyHelmet|Hospitality|MatchaGotcha,RagePowder,TrickRoom,Protect||||||50|,,,,,Water]Murkrow||Eviolite|Prankster|Tailwind,Quash,Haze,BraveBird|||M|||50|,,,,,Ghost]Samurott-Hisui||AssaultVest|Sharpness|AquaCutter,CeaselessEdge,SuckerPunch,SacredSword|||F|||50|,,,,,Grass]Incineroar||SafetyGoggles|Intimidate|FlareBlitz,FakeOut,PartingShot,KnockOff|||F|||50|,,,,,Ghost
|inactive|Battle timer is ON: inactive players will automatically lose when time's up. (requested by we all hate ursf)
|inactive|we all hate ursf has 60 seconds left.
|inactive|volcanicrj has 60 seconds left.
|
|t:|1757736138
|teamsize|p1|4
|teamsize|p2|4
|start
|switch|p1a: Garchomp|Garchomp, L50, F|100/100
|switch|p1b: Incineroar|Incineroar, L50, F|100/100
|switch|p2a: Tyler The Creator|Murkrow, L50, M|100/100
|switch|p2b: Kendrick Lamar|Incineroar, L50, F|100/100
|-ability|p2b: Kendrick Lamar|Intimidate|boost
|-fail|p1a: Garchomp|unboost|[from] item: Clear Amulet|[of] p1a: Garchomp
|-unboost|p1b: Incineroar|atk|1
|-ability|p1b: Incineroar|Intimidate|boost
|-unboost|p2a: Tyler The Creator|atk|1
|-unboost|p2b: Kendrick Lamar|atk|1
|turn|1
|inactive|volcanicrj has 30 seconds left.
|
|t:|1757736165
|-terastallize|p2b: Kendrick Lamar|Ghost
|move|p1b: Incineroar|Fake Out|p2a: Tyler The Creator
|-damage|p2a: Tyler The Creator|93/100
|cant|p2a: Tyler The Creator|flinch
|move|p1a: Garchomp|Swords Dance|p1a: Garchomp
|-boost|p1a: Garchomp|atk|2
|move|p2b: Kendrick Lamar|Knock Off|p1a: Garchomp
|-damage|p1a: Garchomp|72/100
|-damage|p2b: Kendrick Lamar|88/100|[from] ability: Rough Skin|[of] p1a: Garchomp
|-enditem|p1a: Garchomp|Clear Amulet|[from] move: Knock Off|[of] p2b: Kendrick Lamar
|
|upkeep
|turn|2
|inactive|we all hate ursf has 30 seconds left.
|
|t:|1757736198
|move|p2a: Tyler The Creator|Haze|p2a: Tyler The Creator
|-clearallboost
|move|p1a: Garchomp|Dragon Claw|p2b: Kendrick Lamar
|-crit|p2b: Kendrick Lamar
|-damage|p2b: Kendrick Lamar|20/100
|move|p2b: Kendrick Lamar|Parting Shot|p1a: Garchomp
|-unboost|p1a: Garchomp|atk|1
|-unboost|p1a: Garchomp|spa|1
|
|t:|1757736206
|switch|p2b: Jinu|Kommo-o, L50, F|100/100|[from] Parting Shot
|move|p1b: Incineroar|Flare Blitz|p2a: Tyler The Creator
|-damage|p2a: Tyler The Creator|44/100
|-damage|p1b: Incineroar|87/100|[from] Recoil
|
|upkeep
|turn|3
|
|t:|1757736217
|switch|p1b: Talonflame|Talonflame, L50, M|100/100
|move|p2a: Tyler The Creator|Tailwind|p2a: Tyler The Creator
|-sidestart|p2: volcanicrj|move: Tailwind
|move|p2b: Jinu|Clanging Scales|p1a: Garchomp|[spread] p1a,p1b
|-supereffective|p1a: Garchomp
|-damage|p1a: Garchomp|0 fnt
|-damage|p1b: Talonflame|52/100
|faint|p1a: Garchomp
|-unboost|p2b: Jinu|def|1
|-enditem|p2b: Jinu|Throat Spray
|-boost|p2b: Jinu|spa|1|[from] item: Throat Spray
|
|upkeep
|
|t:|1757736225
|switch|p1a: Ninetales|Ninetales-Alola, L50, M|100/100
|-weather|Snowscape|[from] ability: Snow Warning|[of] p1a: Ninetales
|turn|4
|
|t:|1757736247
|-terastallize|p1a: Ninetales|Fire
|move|p2a: Tyler The Creator|Brave Bird|p1a: Ninetales
|-damage|p1a: Ninetales|58/100
|-damage|p2a: Tyler The Creator|29/100|[from] Recoil
|move|p2b: Jinu|Flamethrower|p1a: Ninetales
|-resisted|p1a: Ninetales
|-damage|p1a: Ninetales|42/100
|move|p1b: Talonflame|Tailwind|p1b: Talonflame
|-sidestart|p1: we all hate ursf|move: Tailwind
|move|p1a: Ninetales|Blizzard|p2b: Jinu|[spread] p2a,p2b
|-supereffective|p2a: Tyler The Creator
|-supereffective|p2b: Jinu
|-damage|p2a: Tyler The Creator|0 fnt
|-damage|p2b: Jinu|54/100
|faint|p2a: Tyler The Creator
|
|-weather|Snowscape|[upkeep]
|upkeep
|
|t:|1757736261
|switch|p2a: Mikey Way|Samurott-Hisui, L50, F|100/100
|turn|5
|
|t:|1757736285
|move|p1b: Talonflame|Brave Bird|p2b: Jinu
|-supereffective|p2b: Jinu
|-damage|p2b: Jinu|0 fnt
|faint|p2b: Jinu
|-damage|p1b: Talonflame|32/100|[from] Recoil
|move|p1a: Ninetales|Aurora Veil|p1a: Ninetales
|-sidestart|p1: we all hate ursf|move: Aurora Veil
|move|p2a: Mikey Way|Aqua Cutter|p1b: Talonflame
|-supereffective|p1b: Talonflame
|-damage|p1b: Talonflame|0 fnt
|faint|p1b: Talonflame
|
|-weather|Snowscape|[upkeep]
|upkeep
|
|t:|1757736294
|switch|p1b: Incineroar|Incineroar, L50, F|87/100
|switch|p2b: Kendrick Lamar|Incineroar, L50, F, tera:Ghost|20/100
|-ability|p2b: Kendrick Lamar|Intimidate|boost
|-unboost|p1a: Ninetales|atk|1
|-unboost|p1b: Incineroar|atk|1
|-ability|p1b: Incineroar|Intimidate|boost
|-unboost|p2a: Mikey Way|atk|1
|-unboost|p2b: Kendrick Lamar|atk|1
|turn|6
|
|t:|1757736313
|move|p2b: Kendrick Lamar|Fake Out|p1b: Incineroar
|-damage|p1b: Incineroar|82/100
|cant|p1b: Incineroar|flinch
|move|p1a: Ninetales|Blizzard|p2a: Mikey Way|[spread] p2a,p2b
|-resisted|p2a: Mikey Way
|-damage|p2a: Mikey Way|90/100
|-damage|p2b: Kendrick Lamar|0 fnt
|faint|p2b: Kendrick Lamar
|move|p2a: Mikey Way|Aqua Cutter|p1a: Ninetales
|-supereffective|p1a: Ninetales
|-damage|p1a: Ninetales|0 fnt
|faint|p1a: Ninetales
|
|-weather|Snowscape|[upkeep]
|-sideend|p2: volcanicrj|move: Tailwind
|upkeep
|turn|7
|
|t:|1757736326
|move|p1b: Incineroar|Parting Shot|p2a: Mikey Way
|-unboost|p2a: Mikey Way|atk|1
|-unboost|p2a: Mikey Way|spa|1
|move|p2a: Mikey Way|Aqua Cutter|p1b: Incineroar
|-supereffective|p1b: Incineroar
|-damage|p1b: Incineroar|50/100
|
|-weather|Snowscape|[upkeep]
|-sideend|p1: we all hate ursf|move: Tailwind
|upkeep
|turn|8
|
|t:|1757736333
|move|p2a: Mikey Way|Aqua Cutter|p1b: Incineroar
|-supereffective|p1b: Incineroar
|-crit|p1b: Incineroar
|-damage|p1b: Incineroar|0 fnt
|faint|p1b: Incineroar
|
|win|volcanicrj
||volcanicrj is ready for game 2.
||we all hate ursf is ready for game 2.
|uhtml|next|Next: Game 2 of 3
|l|☆volcanicrj
|player|p2|
|l|☆we all hate ursf
|player|p1|
