|j|☆wait for swarley
|j|☆CrystalGem02
|html|wait for swarleyCrystalGem02    
|uhtml|bestof|Game 3 of a best-of-3
|t:|1755535214
|gametype|doubles
|player|p1|wait for swarley|volo|1299
|player|p2|CrystalGem02|valerie|1291
|gen|9
|tier|[Gen 9] VGC 2025 Reg H (Bo3)
|rated|
|rule|Species Clause: Limit one of each Pokémon
|rule|Item Clause: Limit 1 of each item
|clearpoke
|poke|p1|Dachsbun, L50, F|
|poke|p1|Torkoal, L50, F|
|poke|p1|Typhlosion-Hisui, L50, M|
|poke|p1|Kingambit, L50, M|
|poke|p1|Rillaboom, L50, M|
|poke|p1|Zoroark-Hisui, L50, M|
|poke|p2|Sneasler, L50, M|
|poke|p2|Indeedee, L50, M|
|poke|p2|Golduck, L50, F|
|poke|p2|Ursaluna-Bloodmoon, L50, M|
|poke|p2|Whimsicott, L50, M|
|poke|p2|Baxcalibur, L50, M|
|teampreview|4
|showteam|p1|Dachsbun||Leftovers|WellBakedBody|BodyPress,Snarl,Rest,Yawn|||F|||50|,,,,,Steel]Torkoal||SitrusBerry|Drought|WeatherBall,Eruption,LavaPlume,Protect|||F|||50|,,,,,Fire]Typhlosion-Hisui||ChoiceScarf|Blaze|Eruption,ShadowBall,LavaPlume,Overheat|||M|||50|,,,,,Dark]Kingambit||BlackGlasses|Defiant|SuckerPunch,Assurance,Protect,SwordsDance|||M|||50|,,,,,Dark]Rillaboom||AssaultVest|GrassySurge|FakeOut,GrassyGlide,WoodHammer,Uturn|||M|||50|,,,,,Water]Zoroark-Hisui||ChoiceSpecs|Illusion|Snarl,BitterMalice,HyperVoice,HyperBeam|||M|||50|,,,,,Normal
|showteam|p2|Sneasler||PsychicSeed|Unburden|CloseCombat,DireClaw,Coaching,Protect|||M|||50|,,,,,Dark]Indeedee||ChoiceScarf|PsychicSurge|ExpandingForce,TeraBlast,Trick,Protect|||M|||50|,,,,,Psychic]Golduck||SitrusBerry|CloudNine|ChillingWater,IcyWind,Taunt,HelpingHand|||F|||50|,,,,,Grass]Ursaluna-Bloodmoon||LifeOrb|MindsEye|BloodMoon,HyperVoice,EarthPower,Protect|||M|||50|,,,,,Normal]Whimsicott||FocusSash|Prankster|Moonblast,Endeavor,Encore,Tailwind|||M|||50|,,,,,Ghost]Baxcalibur||LoadedDice|ThermalExchange|ScaleShot,IcicleSpear,IceShard,Protect|||M|||50|,,,,,Ghost
|inactive|Battle timer is ON: inactive players will automatically lose when time's up. (requested by CrystalGem02)
|inactive|wait for swarley also wants the timer to be on.
|
|t:|1755535243
|teamsize|p1|4
|teamsize|p2|4
|start
|switch|p1a: Rillaboom|Rillaboom, L50, M, shiny|100/100
|switch|p1b: Kingambit|Kingambit, L50, M, shiny|100/100
|switch|p2a: Ursaluna|Ursaluna-Bloodmoon, L50, M|100/100
|switch|p2b: Whimsicott|Whimsicott, L50, M|100/100
|-fieldstart|move: Grassy Terrain|[from] ability: Grassy Surge|[of] p1a: Rillaboom
|turn|1
|inactive|CrystalGem02 has 30 seconds left.
|
|t:|1755535270
|switch|p2b: Indeedee|Indeedee, L50, M|100/100
|-fieldstart|move: Psychic Terrain|[from] ability: Psychic Surge|[of] p2b: Indeedee
|-terastallize|p2a: Ursaluna|Normal
|move|p1a: Rillaboom|Wood Hammer|p2a: Ursaluna
|-damage|p2a: Ursaluna|48/100
|-damage|p1a: Rillaboom|84/100|[from] Recoil
|move|p2a: Ursaluna|Blood Moon|p1a: Rillaboom
|-damage|p1a: Rillaboom|0 fnt
|faint|p1a: Rillaboom
|-damage|p2a: Ursaluna|38/100|[from] item: Life Orb
|move|p1b: Kingambit|Swords Dance|p1b: Kingambit
|-boost|p1b: Kingambit|atk|2
|
|upkeep
|
|t:|1755535292
|switch|p1a: Typhlosion|Typhlosion-Hisui, L50, M|100/100
|turn|2
|inactive|wait for swarley has 30 seconds left.
|inactive|wait for swarley has 20 seconds left.
|inactive|wait for swarley has 15 seconds left.
|
|t:|1755535334
|switch|p2a: Whimsicott|Whimsicott, L50, M|100/100
|move|p2b: Indeedee|Expanding Force|p1a: Typhlosion|[spread] p1a
|-immune|p1b: Kingambit
|-damage|p1a: Typhlosion|24/100
|move|p1a: Typhlosion|Overheat|p2a: Whimsicott
|-supereffective|p2a: Whimsicott
|-enditem|p2a: Whimsicott|Focus Sash
|-damage|p2a: Whimsicott|1/100
|-unboost|p1a: Typhlosion|spa|2
|move|p1b: Kingambit|Assurance|p2b: Indeedee
|-supereffective|p2b: Indeedee
|-damage|p2b: Indeedee|0 fnt
|faint|p2b: Indeedee
|
|upkeep
|
|t:|1755535355
|switch|p2b: Sneasler|Sneasler, L50, M|100/100
|-enditem|p2b: Sneasler|Psychic Seed
|-boost|p2b: Sneasler|spd|1|[from] item: Psychic Seed
|turn|3
|inactive|wait for swarley has 30 seconds left.
|inactive|CrystalGem02 has 30 seconds left.
|
|t:|1755535390
|-terastallize|p1b: Kingambit|Dark
|move|p2a: Whimsicott|Tailwind|p2a: Whimsicott
|-sidestart|p2: CrystalGem02|move: Tailwind
|move|p2b: Sneasler|Dire Claw|p1a: Typhlosion
|-resisted|p1a: Typhlosion
|-damage|p1a: Typhlosion|0 fnt
|faint|p1a: Typhlosion
|move|p1b: Kingambit|Assurance|p2b: Sneasler
|-resisted|p2b: Sneasler
|-damage|p2b: Sneasler|10/100
|
|upkeep
|
|t:|1755535400
|switch|p1a: Kingambit|Kingambit, L50, M, shiny|100/100
|turn|4
|inactive|wait for swarley has 30 seconds left.
|inactive|wait for swarley has 20 seconds left.
|inactive|wait for swarley has 15 seconds left.
|inactive|wait for swarley has 10 seconds left.
|inactive|wait for swarley has 5 seconds left.
|
|t:|1755535455
|move|p2b: Sneasler|Dire Claw|p1a: Kingambit
|-resisted|p1a: Kingambit
|-damage|p1a: Kingambit|57/100
|replace|p1a: Zoroark|Zoroark-Hisui, L50, M, shiny
|-end|p1a: Zoroark|Illusion
|move|p2a: Whimsicott|Moonblast|p1a: Zoroark
|-damage|p1a: Zoroark|0 fnt
|faint|p1a: Zoroark
|move|p1b: Kingambit|Assurance|p2b: Sneasler
|-resisted|p2b: Sneasler
|-damage|p2b: Sneasler|0 fnt
|faint|p2b: Sneasler
|
|upkeep
|
|t:|1755535463
|switch|p2b: Ursaluna|Ursaluna-Bloodmoon, L50, M, tera:Normal|38/100
|turn|5
|inactive|wait for swarley has 30 seconds left.
|inactive|wait for swarley has 20 seconds left.
|
|t:|1755535502
|move|p1b: Kingambit|Protect|p1b: Kingambit
|-singleturn|p1b: Kingambit|Protect
|move|p2a: Whimsicott|Moonblast|p1b: Kingambit
|-activate|p1b: Kingambit|move: Protect
|move|p2b: Ursaluna|Hyper Voice|p1b: Kingambit
|-activate|p1b: Kingambit|move: Protect
|
|-fieldend|move: Psychic Terrain
|upkeep
|turn|6
|inactive|CrystalGem02 has 30 seconds left.
|inactive|CrystalGem02 has 20 seconds left.
|inactive|CrystalGem02 has 15 seconds left.
|inactive|CrystalGem02 has 10 seconds left.
|
|t:|1755535552
|move|p1b: Kingambit|Sucker Punch|p2b: Ursaluna
|-damage|p2b: Ursaluna|0 fnt
|faint|p2b: Ursaluna
|move|p2a: Whimsicott|Moonblast|p1b: Kingambit
|-supereffective|p1b: Kingambit
|-damage|p1b: Kingambit|24/100
|-unboost|p1b: Kingambit|spa|1
|-ability|p1b: Kingambit|Defiant|boost
|-boost|p1b: Kingambit|atk|2
|
|-sideend|p2: CrystalGem02|move: Tailwind
|upkeep
|turn|7
|
|t:|1755535564
|move|p2a: Whimsicott|Encore|p1b: Kingambit
|-hint|Since gen 7, Dark is immune to Prankster moves.
|-immune|p1b: Kingambit
|move|p1b: Kingambit|Sucker Punch||[still]
|-fail|p1b: Kingambit
|
|upkeep
|turn|8
|
|t:|1755535574
|move|p2a: Whimsicott|Tailwind|p2a: Whimsicott
|-sidestart|p2: CrystalGem02|move: Tailwind
|move|p1b: Kingambit|Sucker Punch||[still]
|-fail|p1b: Kingambit
|
|upkeep
|turn|9
|
|t:|1755535585
|move|p2a: Whimsicott|Encore|p1b: Kingambit
|-hint|Since gen 7, Dark is immune to Prankster moves.
|-immune|p1b: Kingambit
|move|p1b: Kingambit|Sucker Punch||[still]
|-fail|p1b: Kingambit
|
|upkeep
|turn|10
|
|t:|1755535592
|move|p2a: Whimsicott|Encore|p1b: Kingambit
|-hint|Since gen 7, Dark is immune to Prankster moves.
|-immune|p1b: Kingambit
|move|p1b: Kingambit|Sucker Punch||[still]
|-fail|p1b: Kingambit
|
|upkeep
|turn|11
|
|t:|1755535602
|move|p2a: Whimsicott|Encore|p1b: Kingambit
|-hint|Since gen 7, Dark is immune to Prankster moves.
|-immune|p1b: Kingambit
|move|p1b: Kingambit|Assurance|p2a: Whimsicott
|-resisted|p2a: Whimsicott
|-damage|p2a: Whimsicott|0 fnt
|faint|p2a: Whimsicott
|
|win|wait for swarley
|raw|wait for swarley's rating: 1299 → 1323(+24 for winning)
|raw|CrystalGem02's rating: 1291 → 1267(-24 for losing)
