|j|☆musse67
|j|☆toughlogvgc
|html|musse67toughlogvgc    
|uhtml|bestof|Game 2 of a best-of-3
|t:|1784508495
|gametype|doubles
|player|p1|musse67|skier|1114
|player|p2|toughlogvgc|266|1213
|gen|9
|tier|[Gen 9 Champions] VGC 2026 Reg M-B (Bo3)
|rated|
|rule|Species Clause: Limit one of each Pokémon
|rule|Item Clause: Limit 1 of each item
|clearpoke
|poke|p1|Maushold-Four, L50|
|poke|p1|Farigiraf, L50, F|
|poke|p1|Venusaur, L50, M|
|poke|p1|Armarouge, L50, F, shiny|
|poke|p1|Tyranitar, L50, F|
|poke|p1|Corviknight, L50, M|
|poke|p2|Charizard, L50, M|
|poke|p2|Garchomp, L50, M|
|poke|p2|Basculegion, L50, M|
|poke|p2|Whimsicott, L50, F|
|poke|p2|Kingambit, L50, F|
|poke|p2|Floette-Eternal, L50, F|
|teampreview|4
|showteam|p1|Maushold-Four||MentalHerb|FriendGuard|FollowMe,Encore,Taunt,SuperFang|Timid|||||50|]Farigiraf||Leftovers|ArmorTail|TrickRoom,Psychic,HyperVoice,Protect|Modest||F|||50|]Venusaur||Venusaurite|Chlorophyll|GigaDrain,SludgeBomb,LeechSeed,Protect|Calm||M|||50|]Armarouge||WhiteHerb|FlashFire|ArmorCannon,Psychic,AuraSphere,Protect|Quiet||F|||50|]Tyranitar||Tyranitarite|SandStream|KnockOff,RockSlide,StompingTantrum,Protect|Adamant||F|||50|]Corviknight||SitrusBerry|MirrorArmor|BulkUp,IronHead,BodyPress,Uturn|Adamant||M|||50|
|showteam|p2|Charizard||CharizarditeY|Blaze|HeatWave,SolarBeam,Protect,WeatherBall|Modest||M|||50|]Garchomp||LifeOrb|RoughSkin|DragonClaw,Earthquake,RockSlide,Protect|Jolly||M|||50|]Basculegion||ChoiceScarf|Adaptability|WaveCrash,AquaJet,FlipTurn,LastRespects|Adamant||M|||50|]Whimsicott||FocusSash|Prankster|Moonblast,Tailwind,Protect,Encore|Timid||F|||50|]Kingambit||BlackGlasses|Defiant|IronHead,KowtowCleave,Protect,SuckerPunch|Adamant||F|||50|]Floette-Eternal||Floettite|FlowerVeil|Moonblast,LightofRuin,DazzlingGleam,Protect|Modest||F|||50|
|inactive|Battle timer is ON: inactive players will automatically lose when time's up. (requested by musse67)
|inactive|toughlogvgc has 60 seconds left.
|inactive|musse67 has 60 seconds left.
|
|t:|1784508549
|teamsize|p1|4
|teamsize|p2|4
|start
|switch|p1a: Venusaur|Venusaur, L50, M|100/100
|switch|p1b: Maushold|Maushold-Four, L50|100/100
|switch|p2a: Basculegion|Basculegion, L50, M|100/100
|switch|p2b: Kingambit|Kingambit, L50, F|100/100
|turn|1
|inactive|toughlogvgc has 30 seconds left.
|
|t:|1784508574
|detailschange|p1a: Venusaur|Venusaur-Mega, L50, M
|-mega|p1a: Venusaur|Venusaur|Venusaurite
|move|p2a: Basculegion|Wave Crash|p1b: Maushold
|-damage|p1b: Maushold|0 fnt
|faint|p1b: Maushold
|-damage|p2a: Basculegion|69/100|[from] Recoil
|move|p1a: Venusaur|Leech Seed|p2b: Kingambit
|-start|p2b: Kingambit|move: Leech Seed
|move|p2b: Kingambit|Kowtow Cleave|p1a: Venusaur
|-damage|p1a: Venusaur|51/100
|
|-damage|p2b: Kingambit|87/100|[from] Leech Seed|[of] p1a: Venusaur
|-heal|p1a: Venusaur|64/100|[silent]
|upkeep
|
|t:|1784508587
|switch|p1b: Corviknight|Corviknight, L50, M|100/100
|turn|2
|inactive|toughlogvgc has 30 seconds left.
|inactive|toughlogvgc has 20 seconds left.
|
|t:|1784508627
|switch|p2a: Whimsicott|Whimsicott, L50, F|100/100
|move|p2b: Kingambit|Protect|p2b: Kingambit
|-singleturn|p2b: Kingambit|Protect
|move|p1a: Venusaur|Giga Drain|p2a: Whimsicott
|-resisted|p2a: Whimsicott|1
|-damage|p2a: Whimsicott|75/100
|-heal|p1a: Venusaur|73/100|[from] drain|[of] p2a: Whimsicott
|move|p1b: Corviknight|Bulk Up|p1b: Corviknight
|-boost|p1b: Corviknight|atk|1
|-boost|p1b: Corviknight|def|1
|
|-damage|p2b: Kingambit|75/100|[from] Leech Seed|[of] p1a: Venusaur
|-heal|p1a: Venusaur|87/100|[silent]
|upkeep
|turn|3
|
|t:|1784508646
|move|p2a: Whimsicott|Encore|p1b: Corviknight
|-start|p1b: Corviknight|Encore
|move|p1a: Venusaur|Sludge Bomb|p2a: Whimsicott
|-supereffective|p2a: Whimsicott|2
|-damage|p2a: Whimsicott|0 fnt
|faint|p2a: Whimsicott
|move|p1b: Corviknight|Bulk Up|p1b: Corviknight
|-boost|p1b: Corviknight|atk|1
|-boost|p1b: Corviknight|def|1
|move|p2b: Kingambit|Kowtow Cleave|p1a: Venusaur
|-damage|p1a: Venusaur|37/100
|
|-damage|p2b: Kingambit|63/100|[from] Leech Seed|[of] p1a: Venusaur
|-heal|p1a: Venusaur|50/100g|[silent]
|upkeep
|
|t:|1784508661
|switch|p2a: Basculegion|Basculegion, L50, M|69/100
|turn|4
|
|t:|1784508670
|move|p1a: Venusaur|Protect|p1a: Venusaur
|-singleturn|p1a: Venusaur|Protect
|move|p2a: Basculegion|Last Respects|p1b: Corviknight
|-damage|p1b: Corviknight|68/100
|move|p1b: Corviknight|Bulk Up|p1b: Corviknight
|-boost|p1b: Corviknight|atk|1
|-boost|p1b: Corviknight|def|1
|move|p2b: Kingambit|Kowtow Cleave|p1a: Venusaur
|-activate|p1a: Venusaur|move: Protect
|
|-damage|p2b: Kingambit|51/100|[from] Leech Seed|[of] p1a: Venusaur
|-heal|p1a: Venusaur|64/100|[silent]
|upkeep
|turn|5
|
|t:|1784508689
|move|p2a: Basculegion|Last Respects|p1b: Corviknight
|-damage|p1b: Corviknight|45/100
|-enditem|p1b: Corviknight|Sitrus Berry|[eat]
|-heal|p1b: Corviknight|70/100|[from] item: Sitrus Berry
|move|p1a: Venusaur|Giga Drain|p2a: Basculegion
|-supereffective|p2a: Basculegion|1
|-damage|p2a: Basculegion|0 fnt
|-heal|p1a: Venusaur|100/100|[from] drain|[of] p2a: Basculegion
|faint|p2a: Basculegion
|move|p1b: Corviknight|Bulk Up|p1b: Corviknight
|-boost|p1b: Corviknight|atk|1
|-boost|p1b: Corviknight|def|1
|move|p2b: Kingambit|Kowtow Cleave|p1b: Corviknight
|-damage|p1b: Corviknight|52/100
|
|-damage|p2b: Kingambit|39/100|[from] Leech Seed|[of] p1a: Venusaur
|-end|p1b: Corviknight|Encore
|upkeep
|-message|toughlogvgc forfeited.
|
|win|musse67
|raw|musse67's rating: 1114 → 1146(+32 for winning)
|raw|toughlogvgc's rating: 1213 → 1181(-32 for losing)
|l|☆musse67
|player|p1|
