|j|☆WarlogFV
|j|☆Poe Jar
|html|WarlogFVPoe Jar    
|uhtml|bestof|Game 3 of a best-of-3
|t:|1783196371
|gametype|doubles
|player|p1|WarlogFV|erika|
|player|p2|Poe Jar|101|
|gen|9
|tier|[Gen 9 Champions] VGC 2026 Reg M-B (Bo3)
|rule|Species Clause: Limit one of each Pokémon
|rule|Item Clause: Limit 1 of each item
|clearpoke
|poke|p1|Swampert, L50, M|
|poke|p1|Pelipper, L50, M|
|poke|p1|Archaludon, L50, F|
|poke|p1|Grimmsnarl, L50, M|
|poke|p1|Metagross, L50|
|poke|p1|Sneasler, L50, F|
|poke|p2|Gholdengo, L50|
|poke|p2|Garchomp, L50, F|
|poke|p2|Whimsicott, L50, F|
|poke|p2|Sneasler, L50, M|
|poke|p2|Charizard, L50, F|
|poke|p2|Basculegion, L50, M|
|teampreview|4
|showteam|p1|Swampert||Swampertite|Torrent|WaveCrash,Earthquake,IcePunch,Protect|Adamant||M|||50|]Pelipper||SitrusBerry|Drizzle|WeatherBall,Hurricane,Tailwind,WideGuard|Bold||M|||50|]Archaludon||Leftovers|Stamina|ElectroShot,DragonPulse,FlashCannon,Protect|Modest||F|||50|]Grimmsnarl||LightClay|Prankster|LightScreen,Reflect,FoulPlay,PartingShot|Careful||M|||50|]Metagross||Metagrossite|ClearBody|MeteorMash,PsychicFangs,StompingTantrum,Protect|Adamant|||||50|]Sneasler||FocusSash|Unburden|FakeOut,CloseCombat,Coaching,DireClaw|Naive||F|||50|
|showteam|p2|Gholdengo||ColburBerry|GoodasGold|MakeItRain,ShadowBall,NastyPlot,Protect|Modest|||||50|]Garchomp||LifeOrb|RoughSkin|Earthquake,DragonClaw,RockSlide,Protect|Jolly||F|||50|]Whimsicott||FocusSash|Prankster|Moonblast,Tailwind,Encore,Protect|Timid||F|||50|]Sneasler||WhiteHerb|Unburden|FakeOut,CloseCombat,DireClaw,Protect|Adamant||M|||50|]Charizard||CharizarditeY|Blaze|WeatherBall,HeatWave,SolarBeam,Protect|Modest||F|||50|]Basculegion||ChoiceScarf|Adaptability|WaveCrash,LastRespects,AquaJet,FlipTurn|Jolly||M|||50|
|j| nkgill1101
|j| Combustandy
|inactive|Battle timer is ON: inactive players will automatically lose when time's up. (requested by WarlogFV)
|j| Coldflame2802
|j| WahlbandHutsassa
|inactive|WarlogFV has 60 seconds left.
|
|t:|1783196407
|teamsize|p1|4
|teamsize|p2|4
|start
|switch|p1a: California Gurls|Swampert, L50, M|100/100
|switch|p1b: Legendary Lovers|Grimmsnarl, L50, M|100/100
|switch|p2a: Sneasler|Sneasler, L50, M|100/100
|switch|p2b: Charizard|Charizard, L50, F|100/100
|turn|1
|j| munchie2ff
|inactive|WarlogFV has 30 seconds left.
|
|t:|1783196438
|detailschange|p2b: Charizard|Charizard-Mega-Y, L50, F
|-mega|p2b: Charizard|Charizard|Charizardite Y
|-weather|SunnyDay|[from] ability: Drought|[of] p2b: Charizard
|move|p1a: California Gurls|Protect|p1a: California Gurls
|-singleturn|p1a: California Gurls|Protect
|move|p2a: Sneasler|Fake Out|p1b: Legendary Lovers
|-damage|p1b: Legendary Lovers|84/100
|cant|p1b: Legendary Lovers|flinch
|move|p2b: Charizard|Solar Beam||[still]
|-prepare|p2b: Charizard|Solar Beam
|-anim|p2b: Charizard|Solar Beam|p1a: California Gurls
|-activate|p1a: California Gurls|move: Protect
|
|-weather|SunnyDay|[upkeep]
|upkeep
|turn|2
|inactive|Poe Jar has 30 seconds left.
|inactive|Poe Jar has 20 seconds left.
|inactive|Poe Jar has 15 seconds left.
|inactive|Poe Jar has 10 seconds left.
|
|t:|1783196483
|switch|p2b: Whimsicott|Whimsicott, L50, F|100/100
|switch|p1b: Lifetimes|Pelipper, L50, M|100/100
|-weather|RainDance|[from] ability: Drizzle|[of] p1b: Lifetimes
|detailschange|p1a: California Gurls|Swampert-Mega, L50, M
|-mega|p1a: California Gurls|Swampert|Swampertite
|move|p1a: California Gurls|Earthquake|p2a: Sneasler|[spread] p2a,p2b
|-immune|p1b: Lifetimes
|-supereffective|p2a: Sneasler|1
|-resisted|p2b: Whimsicott|1
|-damage|p2a: Sneasler|0 fnt
|-damage|p2b: Whimsicott|68/100
|faint|p2a: Sneasler
|
|-weather|RainDance|[upkeep]
|upkeep
|
|t:|1783196496
|switch|p2a: Charizard|Charizard-Mega-Y, L50, F|100/100
|-weather|SunnyDay|[from] ability: Drought|[of] p2a: Charizard
|turn|3
|
|t:|1783196507
|switch|p1a: T.G.I.F.|Archaludon, L50, F|100/100
|switch|p1b: Legendary Lovers|Grimmsnarl, L50, M|84/100
|move|p2b: Whimsicott|Moonblast|p1b: Legendary Lovers
|-supereffective|p1b: Legendary Lovers|1
|-damage|p1b: Legendary Lovers|21/100
|move|p2a: Charizard|Weather Ball|p1b: Legendary Lovers
|-damage|p1b: Legendary Lovers|0 fnt
|faint|p1b: Legendary Lovers
|
|-weather|SunnyDay|[upkeep]
|upkeep
|
|t:|1783196518
|switch|p1b: Lifetimes|Pelipper, L50, M|100/100
|-weather|RainDance|[from] ability: Drizzle|[of] p1b: Lifetimes
|turn|4
|inactive|Poe Jar has 30 seconds left.
|
|t:|1783196545
|switch|p2a: Garchomp|Garchomp, L50, F|100/100
|move|p2b: Whimsicott|Protect|p2b: Whimsicott
|-singleturn|p2b: Whimsicott|Protect
|move|p1a: T.G.I.F.|Dragon Pulse|p2a: Garchomp
|-supereffective|p2a: Garchomp|1
|-damage|p2a: Garchomp|19/100
|move|p1b: Lifetimes|Tailwind|p1b: Lifetimes
|-sidestart|p1: WarlogFV|move: Tailwind
|
|-weather|RainDance|[upkeep]
|upkeep
|turn|5
|inactive|Poe Jar has 30 seconds left.
|inactive|WarlogFV has 30 seconds left.
|inactive|Poe Jar has 20 seconds left.
|inactive|Poe Jar has 15 seconds left.
|inactive|Poe Jar has 10 seconds left.
|
|t:|1783196594
|move|p2b: Whimsicott|Tailwind|p2b: Whimsicott
|-sidestart|p2: Poe Jar|move: Tailwind
|move|p2a: Garchomp|Earthquake|p1a: T.G.I.F.|[spread] p2b,p1a
|-immune|p1b: Lifetimes
|-resisted|p2b: Whimsicott|1
|-supereffective|p1a: T.G.I.F.|1
|-damage|p2b: Whimsicott|32/100
|-damage|p1a: T.G.I.F.|28/100
|-ability|p1a: T.G.I.F.|Stamina|boost
|-boost|p1a: T.G.I.F.|def|1
|-damage|p2a: Garchomp|9/100|[from] item: Life Orb
|move|p1a: T.G.I.F.|Flash Cannon|p2b: Whimsicott
|-supereffective|p2b: Whimsicott|1
|-damage|p2b: Whimsicott|0 fnt
|faint|p2b: Whimsicott
|move|p1b: Lifetimes|Weather Ball|p2a: Garchomp
|-damage|p2a: Garchomp|0 fnt
|faint|p2a: Garchomp
|
|-weather|RainDance|[upkeep]
|-heal|p1a: T.G.I.F.|35/100|[from] item: Leftovers
|upkeep
|
|t:|1783196602
|switch|p2b: Charizard|Charizard-Mega-Y, L50, F|100/100
|-weather|SunnyDay|[from] ability: Drought|[of] p2b: Charizard
|turn|6
|inactive|Poe Jar has 30 seconds left.
|inactive|Poe Jar has 20 seconds left.
|
|t:|1783196637
|switch|p1b: California Gurls|Swampert-Mega, L50, M|100/100
|move|p1a: T.G.I.F.|Protect|p1a: T.G.I.F.
|-singleturn|p1a: T.G.I.F.|Protect
|move|p2b: Charizard|Solar Beam||[still]
|-prepare|p2b: Charizard|Solar Beam
|-anim|p2b: Charizard|Solar Beam|p1b: California Gurls
|-supereffective|p1b: California Gurls|2
|-damage|p1b: California Gurls|0 fnt
|faint|p1b: California Gurls
|
|-weather|SunnyDay|[upkeep]
|-heal|p1a: T.G.I.F.|41/100|[from] item: Leftovers
|upkeep
|
|t:|1783196645
|switch|p1b: Lifetimes|Pelipper, L50, M|100/100
|-weather|RainDance|[from] ability: Drizzle|[of] p1b: Lifetimes
|turn|7
|inactive|Poe Jar has 30 seconds left.
|
|t:|1783196671
|move|p2b: Charizard|Heat Wave|p1b: Lifetimes|[spread] p1a,p1b
|-resisted|p1b: Lifetimes|1
|-damage|p1a: T.G.I.F.|16/100
|-damage|p1b: Lifetimes|87/100
|-ability|p1a: T.G.I.F.|Stamina|boost
|-boost|p1a: T.G.I.F.|def|1
|move|p1a: T.G.I.F.|Electro Shot||[still]
|-prepare|p1a: T.G.I.F.|Electro Shot
|-boost|p1a: T.G.I.F.|spa|1
|-anim|p1a: T.G.I.F.|Electro Shot|p2b: Charizard
|-supereffective|p2b: Charizard|1
|-damage|p2b: Charizard|0 fnt
|faint|p2b: Charizard
|
|win|WarlogFV
|c|☆WarlogFV|ggwp
|c|☆Poe Jar|ggwp
|l| Combustandy
|l| munchie2ff
|l| Coldflame2802
|l| nkgill1101
|c|☆WarlogFV|ill post replays
|l|☆Poe Jar
|player|p2|
