|j|☆Chknadobovgc
|j|☆beewatree
|html|Chknadobovgcbeewatree    
|uhtml|bestof|Game 2 of a best-of-3
|t:|1756717204
|gametype|doubles
|player|p1|Chknadobovgc|2|1195
|player|p2|beewatree|whitney|1044
|gen|9
|tier|[Gen 9] VGC 2025 Reg H (Bo3)
|rated|
|rule|Species Clause: Limit one of each Pokémon
|rule|Item Clause: Limit 1 of each item
|clearpoke
|poke|p1|Indeedee, L50, M|
|poke|p1|Sneasler, L50, F|
|poke|p1|Excadrill, L50, M|
|poke|p1|Annihilape, L50, M|
|poke|p1|Corviknight, L50, F|
|poke|p1|Tyranitar, L50, M|
|poke|p2|Amoonguss, L50, F|
|poke|p2|Gholdengo, L50|
|poke|p2|Ursaluna, L50, M|
|poke|p2|Armarouge, L50, F|
|poke|p2|Indeedee-F, L50, F|
|poke|p2|Araquanid, L50, M|
|teampreview|4
|showteam|p1|Indeedee||ChoiceScarf|PsychicSurge|ExpandingForce,TeraBlast,Trick,Protect|||M|||50|,,,,,Psychic]Sneasler||PsychicSeed|Unburden|CloseCombat,DireClaw,ThroatChop,Protect|||F|||50|,,,,,Dark]Excadrill||FocusSash|SandRush|Earthquake,IronHead,HighHorsepower,Protect|||M|||50|,,,,,Stellar]Annihilape||SafetyGoggles|Defiant|CloseCombat,RageFist,Taunt,FinalGambit|||M|||50|,,,,,Water]Corviknight||Leftovers|MirrorArmor|BodyPress,Tailwind,BulkUp,Roost|||F|||50|,,,,,Dragon]Tyranitar||AssaultVest|SandStream|RockSlide,KnockOff,LowKick,TeraBlast|||M|||50|,,,,,Flying
|showteam|p2|Amoonguss||SitrusBerry|Regenerator|RagePowder,Spore,ClearSmog,Protect|||F|||50|,,,,,Fairy]Gholdengo||ChoiceSpecs|GoodasGold|MakeItRain,ShadowBall,Thunderbolt,Trick||||||50|,,,,,Dragon]Ursaluna||FlameOrb|Guts|Facade,Earthquake,HeadlongRush,Protect|||M|||50|,,,,,Ghost]Armarouge||CovertCloak|FlashFire|ExpandingForce,ArmorCannon,WideGuard,TrickRoom|||F|||50|,,,,,Grass]Indeedee-F||PsychicSeed|PsychicSurge|DazzlingGleam,FollowMe,Protect,TrickRoom|||F|||50|,,,,,Fairy]Araquanid||ClearAmulet|WaterBubble|Liquidation,LeechLife,WideGuard,Protect|||M|||50|,,,,,Water
|
|t:|1756717242
|teamsize|p1|4
|teamsize|p2|4
|start
|switch|p1a: Excadrill|Excadrill, L50, M|100/100
|switch|p1b: Tyranitar|Tyranitar, L50, M, shiny|100/100
|switch|p2a: Indeedee|Indeedee-F, L50, F|100/100
|switch|p2b: Armarouge|Armarouge, L50, F|100/100
|-weather|Sandstorm|[from] ability: Sand Stream|[of] p1b: Tyranitar
|-fieldstart|move: Psychic Terrain|[from] ability: Psychic Surge|[of] p2a: Indeedee
|-enditem|p2a: Indeedee|Psychic Seed
|-boost|p2a: Indeedee|spd|1|[from] item: Psychic Seed
|turn|1
|inactive|Battle timer is ON: inactive players will automatically lose when time's up. (requested by beewatree)
|inactive|beewatree has 60 seconds left.
|
|t:|1756717306
|-terastallize|p1b: Tyranitar|Flying
|-terastallize|p2b: Armarouge|Grass
|move|p2b: Armarouge|Wide Guard|p2b: Armarouge
|-singleturn|p2b: Armarouge|Wide Guard
|move|p1a: Excadrill|Earthquake|p2a: Indeedee|[spread] 
|-activate|p2a: Indeedee|move: Wide Guard
|-activate|p2b: Armarouge|move: Wide Guard
|-immune|p1b: Tyranitar
|move|p1b: Tyranitar|Tera Blast|p2b: Armarouge|[anim] Tera Blast Flying
|-supereffective|p2b: Armarouge
|-damage|p2b: Armarouge|22/100
|move|p2a: Indeedee|Trick Room|p2a: Indeedee
|-fieldstart|move: Trick Room|[of] p2a: Indeedee
|
|-weather|Sandstorm|[upkeep]
|-damage|p2b: Armarouge|16/100|[from] Sandstorm
|-damage|p2a: Indeedee|94/100|[from] Sandstorm
|-damage|p1b: Tyranitar|95/100|[from] Sandstorm
|upkeep
|turn|2
|inactive|Chknadobovgc has 30 seconds left.
|inactive|beewatree has 30 seconds left.
|inactive|beewatree has 20 seconds left.
|inactive|beewatree has 15 seconds left.
|
|t:|1756717348
|switch|p2a: Amoonguss|Amoonguss, L50, F|100/100
|move|p2b: Armarouge|Expanding Force|p1b: Tyranitar|[spread] p1a,p1b
|-resisted|p1a: Excadrill
|-damage|p1a: Excadrill|53/100
|-damage|p1b: Tyranitar|56/100
|move|p1b: Tyranitar|Knock Off|p2a: Amoonguss
|-damage|p2a: Amoonguss|56/100
|-enditem|p2a: Amoonguss|Sitrus Berry|[from] move: Knock Off|[of] p1b: Tyranitar
|move|p1a: Excadrill|Earthquake|p2b: Armarouge|[spread] p2a,p2b
|-immune|p1b: Tyranitar
|-resisted|p2b: Armarouge
|-damage|p2a: Amoonguss|16/100
|-damage|p2b: Armarouge|0 fnt
|faint|p2b: Armarouge
|
|-weather|Sandstorm|[upkeep]
|-damage|p2a: Amoonguss|10/100|[from] Sandstorm
|-damage|p1b: Tyranitar|50/100|[from] Sandstorm
|upkeep
|
|t:|1756717362
|switch|p2b: Araquanid|Araquanid, L50, M|100/100
|turn|3
|
|t:|1756717378
|switch|p1b: Annihilape|Annihilape, L50, M, shiny|100/100
|move|p1a: Excadrill|Protect|p1a: Excadrill
|-singleturn|p1a: Excadrill|Protect
|move|p2a: Amoonguss|Spore|p1a: Excadrill
|-activate|p1a: Excadrill|move: Protect
|move|p2b: Araquanid|Liquidation|p1b: Annihilape
|-damage|p1b: Annihilape|31/100
|
|-weather|Sandstorm|[upkeep]
|-damage|p2a: Amoonguss|4/100|[from] Sandstorm
|-damage|p2b: Araquanid|95/100|[from] Sandstorm
|upkeep
|turn|4
|inactive|beewatree has 30 seconds left.
|
|t:|1756717413
|switch|p1a: Indeedee|Indeedee, L50, M|100/100
|move|p2a: Amoonguss|Spore|p1a: Indeedee
|-status|p1a: Indeedee|slp|[from] move: Spore
|move|p2b: Araquanid|Liquidation|p1b: Annihilape
|-damage|p1b: Annihilape|0 fnt
|faint|p1b: Annihilape
|
|-weather|Sandstorm|[upkeep]
|-damage|p2a: Amoonguss|0 fnt|[from] Sandstorm
|-damage|p2b: Araquanid|89/100|[from] Sandstorm
|-damage|p1a: Indeedee|95/100 slp|[from] Sandstorm
|faint|p2a: Amoonguss
|upkeep
|
|t:|1756717426
|switch|p2a: Indeedee|Indeedee-F, L50, F|94/100
|switch|p1b: Excadrill|Excadrill, L50, M|53/100
|turn|5
|inactive|beewatree has 30 seconds left.
|inactive|beewatree has 20 seconds left.
|
|t:|1756717461
|move|p1b: Excadrill|Protect|p1b: Excadrill
|-singleturn|p1b: Excadrill|Protect
|move|p2a: Indeedee|Follow Me|p2a: Indeedee
|-singleturn|p2a: Indeedee|move: Follow Me
|move|p2b: Araquanid|Leech Life|p1a: Indeedee
|-supereffective|p1a: Indeedee
|-damage|p1a: Indeedee|0 fnt
|-heal|p2b: Araquanid|100/100|[from] drain|[of] p1a: Indeedee
|faint|p1a: Indeedee
|
|-weather|none
|-fieldend|move: Trick Room
|-fieldend|move: Psychic Terrain
|upkeep
|
|t:|1756717471
|switch|p1a: Tyranitar|Tyranitar, L50, M, shiny, tera:Flying|50/100
|-weather|Sandstorm|[from] ability: Sand Stream|[of] p1a: Tyranitar
|turn|6
|inactive|beewatree has 30 seconds left.
|inactive|beewatree has 20 seconds left.
|
|t:|1756717507
|move|p2b: Araquanid|Protect|p2b: Araquanid
|-singleturn|p2b: Araquanid|Protect
|move|p1b: Excadrill|Iron Head|p2a: Indeedee
|-damage|p2a: Indeedee|56/100
|move|p1a: Tyranitar|Knock Off|p2a: Indeedee
|-supereffective|p2a: Indeedee
|-damage|p2a: Indeedee|0 fnt
|faint|p2a: Indeedee
|
|-weather|Sandstorm|[upkeep]
|-damage|p1a: Tyranitar|45/100|[from] Sandstorm
|-damage|p2b: Araquanid|95/100|[from] Sandstorm
|upkeep
|turn|7
|inactive|beewatree has 30 seconds left.
|
|t:|1756717540
|move|p1b: Excadrill|Earthquake|p2b: Araquanid|[spread] p2b
|-immune|p1a: Tyranitar
|-resisted|p2b: Araquanid
|-damage|p2b: Araquanid|74/100
|move|p1a: Tyranitar|Tera Blast|p2b: Araquanid|[anim] Tera Blast Flying
|-supereffective|p2b: Araquanid
|-damage|p2b: Araquanid|0 fnt
|faint|p2b: Araquanid
|
|win|Chknadobovgc
|raw|Chknadobovgc's rating: 1195 → 1210(+15 for winning)
|raw|beewatree's rating: 1044 → 1034(-10 for losing)
|c|☆beewatree|ggs
