|j|☆Kazthor5
|j|☆jepeg
|html|Kazthor5jepeg    
|uhtml|bestof|Game 1 of a best-of-3
|t:|1757783310
|gametype|doubles
|player|p1|Kazthor5|flint|1086
|player|p2|jepeg|dawn|1075
|gen|9
|tier|[Gen 9] VGC 2025 Reg H (Bo3)
|rated|
|rule|Species Clause: Limit one of each Pokémon
|rule|Item Clause: Limit 1 of each item
|clearpoke
|poke|p1|Maushold-Four, L50|
|poke|p1|Kilowattrel, L50, M|
|poke|p1|Garchomp, L50, F|
|poke|p1|Annihilape, L50, M|
|poke|p1|Sinistcha, L50|
|poke|p1|Primarina, L50, F|
|poke|p2|Annihilape, L50, M|
|poke|p2|Indeedee, L50, M|
|poke|p2|Dragapult, L50, F|
|poke|p2|Oranguru, L50, F|
|poke|p2|Torkoal, L50, F|
|poke|p2|Gastrodon, L50, M|
|teampreview|4
|showteam|p1|Maushold-Four||SafetyGoggles|FriendGuard|FollowMe,Taunt,BeatUp,Protect||||||50|,,,,,Ghost]Kilowattrel||FocusSash|WindPower|Discharge,AirSlash,Protect,Tailwind|||M|||50|,,,,,Electric]Garchomp||LifeOrb|RoughSkin|Earthquake,DragonClaw,IronHead,Protect|||F|||50|,,,,,Steel]Annihilape||Leftovers|Defiant|DrainPunch,RageFist,BulkUp,Protect|||M|||50|,,,,,Fire]Sinistcha||SitrusBerry|Hospitality|MatchaGotcha,TrickRoom,LifeDew,RagePowder||||||50|,,,,,Water]Primarina||MysticWater|LiquidVoice|Moonblast,HyperVoice,Haze,Protect|||F|||50|,,,,,Water
|showteam|p2|Annihilape||ChoiceScarf|Defiant|FinalGambit,CloseCombat,RageFist,Coaching|||M|||50|,,,,,Stellar]Indeedee||FocusSash|PsychicSurge|ExpandingForce,TeraBlast,Imprison,TrickRoom|||M|||50|,,,,,Fighting]Dragapult||ChoiceBand|ClearBody|DragonDarts,Outrage,PhantomForce,Uturn|||F|||50|,,,,,Dragon]Oranguru||MentalHerb|InnerFocus|ExpandingForce,Encore,Instruct,TrickRoom|||F|||50|,,,,,Grass]Torkoal||Charcoal|Drought|Eruption,WeatherBall,ClearSmog,Protect|||F|||50|,,,,,Fire]Gastrodon||ChoiceSpecs|StormDrain|EarthPower,MuddyWater,Blizzard,SleepTalk|||M|||50|,,,,,Ghost
|inactive|Battle timer is ON: inactive players will automatically lose when time's up. (requested by jepeg)
|inactive|Kazthor5 has 60 seconds left.
|inactive|jepeg has 60 seconds left.
|
|t:|1757783355
|teamsize|p1|4
|teamsize|p2|4
|start
|switch|p1a: Kilowattrel|Kilowattrel, L50, M|100/100
|switch|p1b: Garchomp|Garchomp, L50, F|100/100
|switch|p2a: Dragapult|Dragapult, L50, F, shiny|100/100
|switch|p2b: Oranguru|Oranguru, L50, F, shiny|100/100
|turn|1
|
|t:|1757783376
|switch|p1a: Primarina|Primarina, L50, F|100/100
|-terastallize|p1b: Garchomp|Steel
|move|p2a: Dragapult|Dragon Darts|p1b: Garchomp
|-resisted|p1b: Garchomp
|-damage|p1b: Garchomp|80/100
|-anim|p2a: Dragapult|Dragon Darts|p1b: Garchomp
|-resisted|p1b: Garchomp
|-damage|p1b: Garchomp|60/100
|move|p1b: Garchomp|Dragon Claw|p2a: Dragapult
|-supereffective|p2a: Dragapult
|-crit|p2a: Dragapult
|-damage|p2a: Dragapult|0 fnt
|faint|p2a: Dragapult
|-damage|p1b: Garchomp|50/100|[from] item: Life Orb
|move|p2b: Oranguru|Trick Room|p2b: Oranguru
|-fieldstart|move: Trick Room|[of] p2b: Oranguru
|
|upkeep
|
|t:|1757783394
|switch|p2a: Gastrodon|Gastrodon, L50, M|100/100
|turn|2
|
|t:|1757783416
|switch|p1a: Sinistcha|Sinistcha, L50|100/100
|-heal|p1b: Garchomp|75/100|[from] ability: Hospitality|[of] p1a: Sinistcha
|move|p2a: Gastrodon|Earth Power|p1a: Sinistcha
|-resisted|p1a: Sinistcha
|-damage|p1a: Sinistcha|70/100
|move|p2b: Oranguru|Instruct|p2a: Gastrodon
|-singleturn|p2a: Gastrodon|move: Instruct|[of] p2b: Oranguru
|move|p2a: Gastrodon|Earth Power|p1a: Sinistcha
|-resisted|p1a: Sinistcha
|-damage|p1a: Sinistcha|40/100
|-enditem|p1a: Sinistcha|Sitrus Berry|[eat]
|-heal|p1a: Sinistcha|65/100|[from] item: Sitrus Berry
|move|p1b: Garchomp|Iron Head|p2b: Oranguru
|-damage|p2b: Oranguru|56/100
|-damage|p1b: Garchomp|65/100|[from] item: Life Orb
|
|upkeep
|turn|3
|inactive|jepeg has 30 seconds left.
|
|t:|1757783442
|switch|p2a: Indeedee|Indeedee, L50, M|100/100
|-fieldstart|move: Psychic Terrain|[from] ability: Psychic Surge|[of] p2a: Indeedee
|move|p2b: Oranguru|Expanding Force|p1b: Garchomp|[spread] p1a,p1b
|-resisted|p1b: Garchomp
|-damage|p1a: Sinistcha|26/100
|-damage|p1b: Garchomp|44/100
|move|p1a: Sinistcha|Matcha Gotcha|p2a: Indeedee|[spread] p2a,p2b
|-damage|p2a: Indeedee|70/100
|-heal|p1a: Sinistcha|38/100|[from] drain|[of] p2a: Indeedee
|-damage|p2b: Oranguru|40/100
|-heal|p1a: Sinistcha|47/100|[from] drain|[of] p2b: Oranguru
|move|p1b: Garchomp|Iron Head|p2a: Indeedee
|-damage|p2a: Indeedee|0 fnt
|faint|p2a: Indeedee
|-damage|p1b: Garchomp|34/100|[from] item: Life Orb
|
|upkeep
|
|t:|1757783458
|switch|p2a: Gastrodon|Gastrodon, L50, M|100/100
|turn|4
|
|t:|1757783464
|move|p2a: Gastrodon|Blizzard|p1a: Sinistcha|[spread] p1a,p1b
|-supereffective|p1a: Sinistcha
|-resisted|p1b: Garchomp
|-damage|p1a: Sinistcha|0 fnt
|-damage|p1b: Garchomp|13/100
|faint|p1a: Sinistcha
|move|p2b: Oranguru|Instruct|p2a: Gastrodon
|-singleturn|p2a: Gastrodon|move: Instruct|[of] p2b: Oranguru
|move|p2a: Gastrodon|Blizzard|p1b: Garchomp
|-resisted|p1b: Garchomp
|-damage|p1b: Garchomp|0 fnt
|faint|p1b: Garchomp
|
|upkeep
|
|t:|1757783468
|switch|p1a: Primarina|Primarina, L50, F|100/100
|switch|p1b: Kilowattrel|Kilowattrel, L50, M|100/100
|turn|5
|inactive|jepeg has 30 seconds left.
|
|t:|1757783502
|move|p1b: Kilowattrel|Protect|p1b: Kilowattrel
|-singleturn|p1b: Kilowattrel|Protect
|move|p2a: Gastrodon|Blizzard|p1b: Kilowattrel|[spread] p1a
|-activate|p1b: Kilowattrel|move: Protect
|-resisted|p1a: Primarina
|-damage|p1a: Primarina|84/100
|move|p2b: Oranguru|Instruct|p2a: Gastrodon
|-singleturn|p2a: Gastrodon|move: Instruct|[of] p2b: Oranguru
|move|p2a: Gastrodon|Blizzard|p1b: Kilowattrel|[spread] p1a
|-activate|p1b: Kilowattrel|move: Protect
|-resisted|p1a: Primarina
|-damage|p1a: Primarina|66/100
|move|p1a: Primarina|Moonblast|p2b: Oranguru
|-damage|p2b: Oranguru|0 fnt
|faint|p2b: Oranguru
|
|-fieldend|move: Trick Room
|upkeep
|turn|6
|
|t:|1757783520
|-terastallize|p2a: Gastrodon|Ghost
|move|p1b: Kilowattrel|Air Slash|p2a: Gastrodon
|-damage|p2a: Gastrodon|65/100
|move|p1a: Primarina|Moonblast|p2a: Gastrodon
|-damage|p2a: Gastrodon|14/100
|-unboost|p2a: Gastrodon|spa|1
|move|p2a: Gastrodon|Blizzard|p1a: Primarina|[spread] p1a,p1b
|-resisted|p1a: Primarina
|-supereffective|p1b: Kilowattrel
|-damage|p1a: Primarina|54/100
|-damage|p1b: Kilowattrel|7/100
|-start|p1b: Kilowattrel|Charge|Blizzard|[from] ability: Wind Power
|
|upkeep
|turn|7
|-message|jepeg forfeited.
|
|win|Kazthor5
|l|☆jepeg
|player|p2|
|inactive|Kazthor5 has 30 seconds to confirm battle start!
|inactive|jepeg has 30 seconds to confirm battle start!
