|j|☆ninaez
|j|☆jacre22
|html|ninaezjacre22    
|uhtml|bestof|Game 1 of a best-of-3
|t:|1756437183
|gametype|doubles
|player|p1|ninaez|169|1237
|player|p2|jacre22|iris-gen5bw2|1453
|gen|9
|tier|[Gen 9] VGC 2025 Reg H (Bo3)
|rated|
|rule|Species Clause: Limit one of each Pokémon
|rule|Item Clause: Limit 1 of each item
|clearpoke
|poke|p1|Incineroar, L50, F|
|poke|p1|Annihilape, L50, M|
|poke|p1|Whimsicott, L50, M|
|poke|p1|Dragonite, L50, F|
|poke|p1|Ursaluna-Bloodmoon, L50, M|
|poke|p1|Archaludon, L50, M|
|poke|p2|Whimsicott, L50, M|
|poke|p2|Garchomp, L50, F|
|poke|p2|Gholdengo, L50|
|poke|p2|Incineroar, L50, M|
|poke|p2|Sneasler, L50, M|
|poke|p2|Dragonite, L50, M|
|teampreview|4
|showteam|p1|Incineroar||SitrusBerry|Intimidate|FakeOut,PartingShot,KnockOff,FlareBlitz|||F|||50|,,,,,Grass]Annihilape||SafetyGoggles|Defiant|Coaching,RageFist,CloseCombat,FinalGambit|||M|||50|,,,,,Water]Whimsicott||FocusSash|Prankster|Moonblast,Tailwind,Encore,FakeTears|||M|||50|,,,,,Ghost]Dragonite||LoadedDice|Multiscale|ScaleShot,Protect,ExtremeSpeed,Haze|||F|||50|,,,,,Steel]Ursaluna-Bloodmoon||AssaultVest|MindsEye|BloodMoon,HyperVoice,EarthPower,VacuumWave|||M|||50|,,,,,Poison]Archaludon||PowerHerb|Stalwart|Thunderbolt,DragonPulse,ElectroShot,Protect|||M|||50|,,,,,Electric
|showteam|p2|Whimsicott||FocusSash|Prankster|Moonblast,Tailwind,Encore,Protect|||M|||50|,,,,,Ghost]Garchomp||LifeOrb|RoughSkin|Earthquake,DragonClaw,StompingTantrum,Protect|||F|||50|,,,,,Ground]Gholdengo||ChoiceSpecs|GoodasGold|MakeItRain,ShadowBall,Trick,PowerGem||||||50|,,,,,Steel]Incineroar||AssaultVest|Intimidate|FakeOut,FlareBlitz,KnockOff,Uturn|||M|||50|,,,,,Grass]Sneasler||WhiteHerb|Unburden|FakeOut,DireClaw,CloseCombat,Protect|||M|||50|,,,,,Stellar]Dragonite||ChoiceBand|InnerFocus|ExtremeSpeed,Outrage,IceSpinner,StompingTantrum|||M|||50|,,,,,Normal
|inactive|Battle timer is ON: inactive players will automatically lose when time's up. (requested by ninaez)
|inactive|jacre22 has 60 seconds left.
|
|t:|1756437224
|teamsize|p1|4
|teamsize|p2|4
|start
|switch|p1a: Whimsicott|Whimsicott, L50, M|100/100
|switch|p1b: Archaludon|Archaludon, L50, M|100/100
|switch|p2a: Sneasler|Sneasler, L50, M|100/100
|switch|p2b: Gholdengo|Gholdengo, L50|100/100
|turn|1
|inactive|jacre22 has 30 seconds left.
|inactive|jacre22 has 20 seconds left.
|inactive|jacre22 has 15 seconds left.
|
|t:|1756437268
|switch|p2b: Whimsicott|Whimsicott, L50, M|100/100
|-terastallize|p1a: Whimsicott|Ghost
|move|p2a: Sneasler|Protect|p2a: Sneasler
|-singleturn|p2a: Sneasler|Protect
|move|p1b: Archaludon|Protect|p1b: Archaludon
|-singleturn|p1b: Archaludon|Protect
|move|p1a: Whimsicott|Tailwind|p1a: Whimsicott
|-sidestart|p1: ninaez|move: Tailwind
|
|upkeep
|turn|2
|inactive|ninaez has 30 seconds left.
|inactive|jacre22 has 30 seconds left.
|
|t:|1756437299
|switch|p1b: Annihilape|Annihilape, L50, M|100/100
|switch|p2a: Gholdengo|Gholdengo, L50|100/100
|move|p1a: Whimsicott|Encore|p2a: Gholdengo
|-immune|p2a: Gholdengo|[from] ability: Good as Gold
|move|p2b: Whimsicott|Encore||[still]
|-fail|p2b: Whimsicott
|
|upkeep
|turn|3
|
|t:|1756437321
|move|p2b: Whimsicott|Protect|p2b: Whimsicott
|-singleturn|p2b: Whimsicott|Protect
|move|p1a: Whimsicott|Moonblast|p2a: Gholdengo
|-resisted|p2a: Gholdengo
|-damage|p2a: Gholdengo|79/100
|move|p1b: Annihilape|Rage Fist|p2a: Gholdengo
|-supereffective|p2a: Gholdengo
|-damage|p2a: Gholdengo|32/100
|move|p2a: Gholdengo|Shadow Ball|p1b: Annihilape
|-supereffective|p1b: Annihilape
|-damage|p1b: Annihilape|0 fnt
|faint|p1b: Annihilape
|
|upkeep
|
|t:|1756437342
|switch|p1b: Archaludon|Archaludon, L50, M|100/100
|turn|4
|inactive|jacre22 has 30 seconds left.
|
|t:|1756437373
|switch|p2b: Sneasler|Sneasler, L50, M|100/100
|switch|p2a: Dragonite|Dragonite, L50, M|100/100
|move|p1a: Whimsicott|Encore||[still]
|-fail|p1a: Whimsicott
|move|p1b: Archaludon|Electro Shot||[still]
|-prepare|p1b: Archaludon|Electro Shot
|-boost|p1b: Archaludon|spa|1
|-enditem|p1b: Archaludon|Power Herb
|-anim|p1b: Archaludon|Electro Shot|p2a: Dragonite
|-damage|p2a: Dragonite|41/100
|
|-sideend|p1: ninaez|move: Tailwind
|upkeep
|turn|5
|inactive|jacre22 has 30 seconds left.
|inactive|ninaez has 30 seconds left.
|
|t:|1756437409
|-terastallize|p2b: Sneasler|Stellar
|move|p2b: Sneasler|Close Combat|p1b: Archaludon
|-supereffective|p1b: Archaludon
|-damage|p1b: Archaludon|0 fnt
|-unboost|p2b: Sneasler|def|1
|-unboost|p2b: Sneasler|spd|1
|faint|p1b: Archaludon
|-enditem|p2b: Sneasler|White Herb
|-clearnegativeboost|p2b: Sneasler|[silent]
|move|p1a: Whimsicott|Moonblast|p2a: Dragonite
|-supereffective|p2a: Dragonite
|-crit|p2a: Dragonite
|-damage|p2a: Dragonite|0 fnt
|faint|p2a: Dragonite
|
|upkeep
|
|t:|1756437421
|switch|p1b: Dragonite|Dragonite, L50, F|100/100
|switch|p2a: Whimsicott|Whimsicott, L50, M|100/100
|turn|6
|inactive|jacre22 has 30 seconds left.
|
|t:|1756437450
|move|p2b: Sneasler|Protect|p2b: Sneasler
|-singleturn|p2b: Sneasler|Protect
|move|p1a: Whimsicott|Tailwind|p1a: Whimsicott
|-sidestart|p1: ninaez|move: Tailwind
|move|p2a: Whimsicott|Tailwind|p2a: Whimsicott
|-sidestart|p2: jacre22|move: Tailwind
|move|p1b: Dragonite|Scale Shot|p2b: Sneasler
|-activate|p2b: Sneasler|move: Protect
|
|upkeep
|turn|7
|inactive|jacre22 has 30 seconds left.
|
|t:|1756437478
|move|p1a: Whimsicott|Encore|p2a: Whimsicott
|-start|p2a: Whimsicott|Encore
|move|p2a: Whimsicott|Tailwind||[still]
|-fail|p2a: Whimsicott
|move|p2b: Sneasler|Dire Claw|p1b: Dragonite
|-damage|p1b: Dragonite|69/100
|-status|p1b: Dragonite|par
|cant|p1b: Dragonite|par
|
|upkeep
|turn|8
|inactive|jacre22 has 30 seconds left.
|
|t:|1756437513
|switch|p2a: Gholdengo|Gholdengo, L50|32/100
|move|p2b: Sneasler|Dire Claw|p1a: Whimsicott
|-resisted|p1a: Whimsicott
|-damage|p1a: Whimsicott|71/100
|-status|p1a: Whimsicott|psn
|move|p1a: Whimsicott|Moonblast|p2a: Gholdengo
|-resisted|p2a: Gholdengo
|-damage|p2a: Gholdengo|13/100
|move|p1b: Dragonite|Scale Shot|p2b: Sneasler
|-damage|p2b: Sneasler|75/100
|-damage|p2b: Sneasler|47/100
|-damage|p2b: Sneasler|24/100
|-damage|p2b: Sneasler|0 fnt
|faint|p2b: Sneasler
|-hitcount|p2: Sneasler|4
|-unboost|p1b: Dragonite|def|1
|-boost|p1b: Dragonite|spe|1
|
|-damage|p1a: Whimsicott|59/100 psn|[from] psn
|upkeep
|
|t:|1756437533
|switch|p2b: Whimsicott|Whimsicott, L50, M|100/100
|turn|9
|
|t:|1756437551
|cant|p1b: Dragonite|par
|move|p1a: Whimsicott|Moonblast|p2a: Gholdengo
|-resisted|p2a: Gholdengo
|-damage|p2a: Gholdengo|0 fnt
|faint|p2a: Gholdengo
|move|p2b: Whimsicott|Moonblast|p1b: Dragonite
|-supereffective|p1b: Dragonite
|-damage|p1b: Dragonite|0 fnt
|faint|p1b: Dragonite
|
|-damage|p1a: Whimsicott|46/100 psn|[from] psn
|-sideend|p1: ninaez|move: Tailwind
|-sideend|p2: jacre22|move: Tailwind
|upkeep
|turn|10
|
|t:|1756437566
|move|p1a: Whimsicott|Moonblast|p2b: Whimsicott
|-damage|p2b: Whimsicott|41/100
|move|p2b: Whimsicott|Moonblast|p1a: Whimsicott
|-damage|p1a: Whimsicott|0 fnt
|faint|p1a: Whimsicott
|
|win|jacre22
||ninaez is ready for game 2.
||jacre22 is ready for game 2.
|uhtml|next|Next: Game 2 of 3
