|j|☆Pledgen
|j|‽gwen1126
|html|Pledgengwen1126    
|uhtml|bestof|Game 2 of a best-of-3
|t:|1784725389
|gametype|doubles
|player|p1|Pledgen|1|1059
|player|p2|gwen1126|265|1116
|gen|9
|tier|[Gen 9 Champions] VGC 2026 Reg M-B (Bo3)
|rated|
|rule|Species Clause: Limit one of each Pokémon
|rule|Item Clause: Limit 1 of each item
|clearpoke
|poke|p1|Swampert, L50, F, shiny|
|poke|p1|Pelipper, L50, F, shiny|
|poke|p1|Archaludon, L50, F|
|poke|p1|Charizard, L50, M, shiny|
|poke|p1|Venusaur, L50, F|
|poke|p1|Garchomp, L50, M|
|poke|p2|Decidueye-Hisui, L50, F|
|poke|p2|Chandelure, L50, F|
|poke|p2|Liepard, L50, M|
|poke|p2|Scizor, L50, M|
|poke|p2|Greninja, L50, M|
|poke|p2|Aerodactyl, L50, F|
|teampreview|4
|showteam|p1|Swampert||Swampertite|Torrent|Waterfall,StompingTantrum,IcePunch,Protect|Adamant||F|||50|]Pelipper||MentalHerb|Drizzle|Tailwind,WideGuard,WeatherBall,Hurricane|Bold||F|||50|]Archaludon||Leftovers|Stamina|ElectroShot,DragonPulse,SteelBeam,Protect|Calm||F|||50|]Charizard||CharizarditeY|Blaze|HeatWave,SolarBeam,AirSlash,Protect|Timid||M|||50|]Venusaur||FocusSash|Chlorophyll|SleepPowder,SludgeBomb,EnergyBall,Protect|Modest||F|||50|]Garchomp||LifeOrb|RoughSkin|DragonClaw,Earthquake,RockSlide,Protect|Jolly||M|||50|
|showteam|p2|Decidueye-Hisui||ScopeLens|Scrappy|LeafBlade,TripleArrows,ShadowClaw,Protect|Adamant||F|||50|]Chandelure||ColburBerry|FlashFire|ShadowBall,HeatWave,Taunt,Protect|Modest||F|||50|]Liepard||FocusSash|Prankster|ThroatChop,Yawn,Encore,PlayRough|Serious||M|||50|]Scizor||Scizorite|Technician|IronHead,CloseCombat,Lunge,Protect|Adamant||M|||50|]Greninja||LifeOrb|Protean|IceBeam,Surf,RockSlide,Protect|Hasty||M|||50|]Aerodactyl||Aerodactylite|RockHead|RockSlide,AerialAce,DragonClaw,Protect|Jolly||F|||50|
|inactive|Battle timer is ON: inactive players will automatically lose when time's up. (requested by Pledgen)
|inactiveoff|Battle timer is now OFF.
|
|t:|1784725431
|teamsize|p1|4
|teamsize|p2|4
|start
|switch|p1a: Pelipper|Pelipper, L50, F, shiny|100/100
|switch|p1b: Archaludon|Archaludon, L50, F|100/100
|switch|p2a: Greninja|Greninja, L50, M|100/100
|switch|p2b: Aerodactyl|Aerodactyl, L50, F|100/100
|-weather|RainDance|[from] ability: Drizzle|[of] p1a: Pelipper
|turn|1
|
|t:|1784725494
|detailschange|p2b: Aerodactyl|Aerodactyl-Mega, L50, F
|-mega|p2b: Aerodactyl|Aerodactyl|Aerodactylite
|move|p2b: Aerodactyl|Rock Slide|p1a: Pelipper|[spread] p1a,p1b
|-supereffective|p1a: Pelipper|1
|-crit|p1a: Pelipper
|-resisted|p1b: Archaludon|1
|-damage|p1a: Pelipper|17/100
|-damage|p1b: Archaludon|89/100
|-ability|p1b: Archaludon|Stamina|boost
|-boost|p1b: Archaludon|def|1
|move|p2a: Greninja|Ice Beam|p1b: Archaludon
|-start|p2a: Greninja|typechange|Ice|[from] ability: Protean
|-damage|p1b: Archaludon|41/100
|-ability|p1b: Archaludon|Stamina|boost
|-boost|p1b: Archaludon|def|1
|-damage|p2a: Greninja|90/100|[from] item: Life Orb
|cant|p1b: Archaludon|flinch
|move|p1a: Pelipper|Tailwind|p1a: Pelipper
|-sidestart|p1: Pledgen|move: Tailwind
|
|-weather|RainDance|[upkeep]
|-heal|p1b: Archaludon|47/100|[from] item: Leftovers
|upkeep
|turn|2
|
|t:|1784725533
|move|p1b: Archaludon|Steel Beam|p2a: Greninja
|-supereffective|p2a: Greninja|1
|-damage|p2a: Greninja|0 fnt
|faint|p2a: Greninja
|-damage|p1b: Archaludon|0 fnt|[from] steelbeam
|faint|p1b: Archaludon
|move|p2b: Aerodactyl|Dragon Claw|p1a: Pelipper
|-damage|p1a: Pelipper|0 fnt
|faint|p1a: Pelipper
|
|-weather|RainDance|[upkeep]
|upkeep
|
|t:|1784725556
|switch|p2a: Liepard|Liepard, L50, M|100/100
|switch|p1b: Venusaur|Venusaur, L50, F|100/100
|switch|p1a: Charizard|Charizard, L50, M, shiny|100/100
|turn|3
|
|t:|1784725582
|detailschange|p1a: Charizard|Charizard-Mega-Y, L50, M, shiny
|-mega|p1a: Charizard|Charizard|Charizardite Y
|-weather|SunnyDay|[from] ability: Drought|[of] p1a: Charizard
|move|p1a: Charizard|Protect|p1a: Charizard
|-singleturn|p1a: Charizard|Protect
|move|p2a: Liepard|Yawn|p1b: Venusaur
|-start|p1b: Venusaur|move: Yawn|[of] p2a: Liepard
|move|p1b: Venusaur|Sleep Powder|p2a: Liepard
|-status|p2a: Liepard|slp|[from] move: Sleep Powder
|move|p2b: Aerodactyl|Rock Slide|p1b: Venusaur|[spread] p1b
|-activate|p1a: Charizard|move: Protect
|-crit|p1b: Venusaur
|-damage|p1b: Venusaur|38/100
|
|-weather|SunnyDay|[upkeep]
|upkeep
|turn|4
|
|t:|1784725621
|move|p2b: Aerodactyl|Protect|p2b: Aerodactyl
|-singleturn|p2b: Aerodactyl|Protect
|cant|p2a: Liepard|slp
|move|p1b: Venusaur|Energy Ball|p2b: Aerodactyl
|-activate|p2b: Aerodactyl|move: Protect
|move|p1a: Charizard|Heat Wave|p2b: Aerodactyl|[spread] p2a
|-activate|p2b: Aerodactyl|move: Protect
|-enditem|p2a: Liepard|Focus Sash
|-damage|p2a: Liepard|1/100 slp
|
|-weather|SunnyDay|[upkeep]
|-end|p1b: Venusaur|move: Yawn|[silent]
|-status|p1b: Venusaur|slp
|-sideend|p1: Pledgen|move: Tailwind
|upkeep
|turn|5
|
|t:|1784725651
|move|p1a: Charizard|Protect|p1a: Charizard
|-singleturn|p1a: Charizard|Protect
|cant|p1b: Venusaur|slp
|move|p2b: Aerodactyl|Rock Slide|p1b: Venusaur|[spread] p1b
|-activate|p1a: Charizard|move: Protect
|-damage|p1b: Venusaur|1/100 slp
|cant|p2a: Liepard|slp
|
|-weather|SunnyDay|[upkeep]
|upkeep
|turn|6
|
|t:|1784725675
|-curestatus|p2a: Liepard|slp|[msg]
|move|p2a: Liepard|Encore|p1a: Charizard
|-start|p1a: Charizard|Encore
|move|p1a: Charizard|Protect||[still]
|-fail|p1a: Charizard
|cant|p1b: Venusaur|slp
|move|p2b: Aerodactyl|Rock Slide|p1b: Venusaur|[spread] p1a,p1b
|-supereffective|p1a: Charizard|2
|-damage|p1a: Charizard|0 fnt
|-damage|p1b: Venusaur|0 fnt
|faint|p1a: Charizard
|faint|p1b: Venusaur
|
|win|gwen1126
||Pledgen is ready for game 3.
|inactive|gwen1126 has 30 seconds to confirm battle start!
|inactive|gwen1126 has 20 seconds to confirm battle start!
