|j|☆The RU Agenda
|j|☆Its Sushiii
|html|The RU AgendaIts Sushiii    
|uhtml|bestof|Game 2 of a best-of-3
|t:|1784240248
|gametype|doubles
|player|p1|The RU Agenda|169|1387
|player|p2|Its Sushiii|265|1419
|gen|9
|tier|[Gen 9 Champions] VGC 2026 Reg M-B (Bo3)
|rated|
|rule|Species Clause: Limit one of each Pokémon
|rule|Item Clause: Limit 1 of each item
|clearpoke
|poke|p1|Chesnaught, L50, F|
|poke|p1|Basculegion, L50, M|
|poke|p1|Arcanine-Hisui, L50, M|
|poke|p1|Froslass, L50, F|
|poke|p1|Farigiraf, L50, M|
|poke|p1|Kingambit, L50, F|
|poke|p2|Excadrill, L50, M, shiny|
|poke|p2|Tyranitar, L50, M|
|poke|p2|Farigiraf, L50, M|
|poke|p2|Sylveon, L50, M|
|poke|p2|Charizard, L50, F|
|poke|p2|Incineroar, L50, M|
|teampreview|4
|showteam|p1|Chesnaught||Leftovers|Bulletproof|BodyPress,IronDefense,SpikyShield,WideGuard|Impish||F|||50|]Basculegion||ChoiceScarf|Adaptability|WaveCrash,LastRespects,FlipTurn,AquaJet|Jolly||M|||50|]Arcanine-Hisui||FocusSash|RockHead|HeadSmash,FlareBlitz,ExtremeSpeed,Protect|Jolly||M|||50|]Froslass||Froslassite|SnowCloak|Blizzard,ShadowBall,AuroraVeil,Protect|Timid||F|||50|]Farigiraf||SitrusBerry|ArmorTail|HelpingHand,Psychic,Thunderbolt,TrickRoom|Relaxed||M|||50|]Kingambit||ExpertBelt|Defiant|KowtowCleave,SuckerPunch,LowKick,Protect|Adamant||F|||50|
|showteam|p2|Excadrill||FocusSash|SandRush|IronHead,HighHorsepower,RockSlide,Protect|Adamant||M|||50|]Tyranitar||Tyranitarite|SandStream|RockSlide,KnockOff,IcePunch,Protect|Adamant||M|||50|]Farigiraf||SitrusBerry|ArmorTail|Psychic,Thunderbolt,TrickRoom,Protect|Relaxed||M|||50|]Sylveon||LifeOrb|Pixilate|HyperVoice,HyperBeam,QuickAttack,Detect|Modest||M|||50|]Charizard||CharizarditeY|Blaze|HeatWave,SolarBeam,WeatherBall,Protect|Modest||F|||50|]Incineroar||ShucaBerry|Intimidate|PartingShot,DarkestLariat,FlareBlitz,FakeOut|Impish||M|||50|
|inactive|Battle timer is ON: inactive players will automatically lose when time's up. (requested by Its Sushiii)
|
|t:|1784240279
|teamsize|p1|4
|teamsize|p2|4
|start
|switch|p1a: Chesnaught|Chesnaught, L50, F|100/100
|switch|p1b: Arcanine|Arcanine-Hisui, L50, M|100/100
|switch|p2a: Excadrill|Excadrill, L50, M, shiny|100/100
|switch|p2b: Tyranitar|Tyranitar, L50, M|100/100
|-weather|Sandstorm|[from] ability: Sand Stream|[of] p2b: Tyranitar
|turn|1
|inactive|Its Sushiii has 30 seconds left.
|inactive|Its Sushiii has 20 seconds left.
|
|t:|1784240318
|move|p1b: Arcanine|Protect|p1b: Arcanine
|-singleturn|p1b: Arcanine|Protect
|move|p2a: Excadrill|High Horsepower|p1b: Arcanine
|-activate|p1b: Arcanine|move: Protect
|move|p1a: Chesnaught|Body Press|p2a: Excadrill
|-supereffective|p2a: Excadrill|1
|-enditem|p2a: Excadrill|Focus Sash
|-damage|p2a: Excadrill|1/100
|move|p2b: Tyranitar|Rock Slide|p1a: Chesnaught|[spread] p1a
|-activate|p1b: Arcanine|move: Protect
|-resisted|p1a: Chesnaught|1
|-damage|p1a: Chesnaught|90/100
|
|-weather|Sandstorm|[upkeep]
|-damage|p1a: Chesnaught|83/100|[from] Sandstorm
|-heal|p1a: Chesnaught|90/100|[from] item: Leftovers
|upkeep
|turn|2
|
|t:|1784240336
|switch|p2b: Farigiraf|Farigiraf, L50, M|100/100
|move|p1b: Arcanine|Extreme Speed||[still]
|cant|p2b: Farigiraf|ability: Armor Tail|Extreme Speed|[of] p1b: Arcanine
|move|p2a: Excadrill|High Horsepower|p1b: Arcanine
|-supereffective|p1b: Arcanine|2
|-enditem|p1b: Arcanine|Focus Sash
|-damage|p1b: Arcanine|1/100
|move|p1a: Chesnaught|Body Press|p2b: Farigiraf
|-damage|p2b: Farigiraf|68/100
|
|-weather|Sandstorm|[upkeep]
|-damage|p1a: Chesnaught|83/100|[from] Sandstorm
|-damage|p2b: Farigiraf|62/100|[from] Sandstorm
|-heal|p1a: Chesnaught|90/100|[from] item: Leftovers
|upkeep
|turn|3
|inactive|Its Sushiii has 30 seconds left.
|
|t:|1784240366
|move|p1b: Arcanine|Protect|p1b: Arcanine
|-singleturn|p1b: Arcanine|Protect
|move|p2a: Excadrill|High Horsepower|p1b: Arcanine
|-activate|p1b: Arcanine|move: Protect
|move|p1a: Chesnaught|Body Press|p2b: Farigiraf
|-damage|p2b: Farigiraf|31/100
|-enditem|p2b: Farigiraf|Sitrus Berry|[eat]
|-heal|p2b: Farigiraf|55/100|[from] item: Sitrus Berry
|move|p2b: Farigiraf|Psychic|p1a: Chesnaught
|-supereffective|p1a: Chesnaught|1
|-damage|p1a: Chesnaught|18/100
|
|-weather|Sandstorm|[upkeep]
|-damage|p1a: Chesnaught|11/100|[from] Sandstorm
|-damage|p2b: Farigiraf|50/100y|[from] Sandstorm
|-heal|p1a: Chesnaught|18/100|[from] item: Leftovers
|upkeep
|turn|4
|
|t:|1784240389
|switch|p1b: Basculegion|Basculegion, L50, M|100/100
|move|p1a: Chesnaught|Spiky Shield|p1a: Chesnaught
|-singleturn|p1a: Chesnaught|move: Protect
|move|p2a: Excadrill|High Horsepower|p1b: Basculegion
|-damage|p1b: Basculegion|39/100
|move|p2b: Farigiraf|Psychic|p1a: Chesnaught
|-activate|p1a: Chesnaught|move: Protect
|
|-weather|Sandstorm|[upkeep]
|-damage|p1b: Basculegion|33/100|[from] Sandstorm
|-damage|p1a: Chesnaught|11/100|[from] Sandstorm
|-damage|p2b: Farigiraf|44/100|[from] Sandstorm
|-heal|p1a: Chesnaught|18/100|[from] item: Leftovers
|upkeep
|turn|5
|
|t:|1784240410
|move|p2a: Excadrill|High Horsepower|p1b: Basculegion
|-damage|p1b: Basculegion|0 fnt
|faint|p1b: Basculegion
|move|p1a: Chesnaught|Body Press|p2a: Excadrill
|-supereffective|p2a: Excadrill|1
|-damage|p2a: Excadrill|0 fnt
|faint|p2a: Excadrill
|move|p2b: Farigiraf|Psychic|p1a: Chesnaught
|-supereffective|p1a: Chesnaught|1
|-damage|p1a: Chesnaught|0 fnt
|faint|p1a: Chesnaught
|
|-weather|none
|upkeep
|
|t:|1784240432
|switch|p1b: Kingambit|Kingambit, L50, F|100/100
|switch|p2a: Sylveon|Sylveon, L50, M|100/100
|switch|p1a: Arcanine|Arcanine-Hisui, L50, M|1/100
|turn|6
|
|t:|1784240445
|move|p2a: Sylveon|Quick Attack|p1a: Arcanine
|-resisted|p1a: Arcanine|1
|-damage|p1a: Arcanine|0 fnt
|faint|p1a: Arcanine
|-damage|p2a: Sylveon|90/100|[from] item: Life Orb
|move|p2b: Farigiraf|Thunderbolt|p1b: Kingambit
|-crit|p1b: Kingambit
|-damage|p1b: Kingambit|69/100
|move|p1b: Kingambit|Kowtow Cleave|p2b: Farigiraf
|-supereffective|p2b: Farigiraf|1
|-damage|p2b: Farigiraf|0 fnt
|faint|p2b: Farigiraf
|
|upkeep
|
|t:|1784240456
|switch|p2b: Tyranitar|Tyranitar, L50, M|100/100
|-weather|Sandstorm|[from] ability: Sand Stream|[of] p2b: Tyranitar
|turn|7
|
|t:|1784240466
|move|p2b: Tyranitar|Protect|p2b: Tyranitar
|-singleturn|p2b: Tyranitar|Protect
|move|p2a: Sylveon|Hyper Beam|p1b: Kingambit|[miss]
|-miss|p2a: Sylveon|p1b: Kingambit
|move|p1b: Kingambit|Low Kick|p2b: Tyranitar
|-activate|p2b: Tyranitar|move: Protect
|
|-weather|Sandstorm|[upkeep]
|-damage|p2a: Sylveon|83/100|[from] Sandstorm
|upkeep
|turn|8
|
|t:|1784240479
|detailschange|p2b: Tyranitar|Tyranitar-Mega, L50, M
|-mega|p2b: Tyranitar|Tyranitar|Tyranitarite
|move|p2b: Tyranitar|Knock Off|p1b: Kingambit
|-resisted|p1b: Kingambit|1
|-damage|p1b: Kingambit|43/100
|-enditem|p1b: Kingambit|Expert Belt|[from] move: Knock Off|[of] p2b: Tyranitar
|move|p2a: Sylveon|Hyper Beam|p1b: Kingambit
|-damage|p1b: Kingambit|0 fnt
|-mustrecharge|p2a: Sylveon
|faint|p1b: Kingambit
|-damage|p2a: Sylveon|74/100|[from] item: Life Orb
|
|win|Its Sushiii
||The RU Agenda is ready for game 3.
||Its Sushiii is ready for game 3.
|uhtml|next|Next: Game 3 of 3
