|j|☆ryanpowneyissoslay
|j|☆ConnerTEP
|html|ryanpowneyissoslayConnerTEP    
|uhtml|bestof|Game 2 of a best-of-3
|t:|1757761388
|gametype|doubles
|player|p1|ryanpowneyissoslay|ghetsis|1364
|player|p2|ConnerTEP|clair-masters|1341
|gen|9
|tier|[Gen 9] VGC 2025 Reg H (Bo3)
|rated|
|rule|Species Clause: Limit one of each Pokémon
|rule|Item Clause: Limit 1 of each item
|clearpoke
|poke|p1|Pelipper, L50, M|
|poke|p1|Dragonite, L50, M|
|poke|p1|Sinistcha, L50|
|poke|p1|Incineroar, L50, F|
|poke|p1|Archaludon, L50, F|
|poke|p1|Ursaluna, L50, F|
|poke|p2|Altaria, L50, M|
|poke|p2|Incineroar, L50, F|
|poke|p2|Gothitelle, L50, M|
|poke|p2|Talonflame, L50, F|
|poke|p2|Ursaluna-Bloodmoon, L50, M|
|poke|p2|Amoonguss, L50, F|
|teampreview|4
|showteam|p1|Pelipper||FocusSash|Drizzle|MuddyWater,Hurricane,Tailwind,Protect|||M|||50|,,,,,Stellar]Dragonite||LoadedDice|Multiscale|ScaleShot,Tailwind,Haze,Protect|||M|||50|,,,,,Steel]Sinistcha||SitrusBerry|Hospitality|MatchaGotcha,RagePowder,LifeDew,TrickRoom||||||50|,,,,,Water]Incineroar||SafetyGoggles|Intimidate|KnockOff,Taunt,PartingShot,FakeOut|||F|||50|,,,,,Ghost]Archaludon||AssaultVest|Stamina|FlashCannon,Snarl,BodyPress,ElectroShot|||F|||50|,,,,,Fighting]Ursaluna||FlameOrb|Guts|Facade,HeadlongRush,Earthquake,Protect|||F|||50|,,,,,Fairy
|showteam|p2|Altaria||MentalHerb|CloudNine|DracoMeteor,PerishSong,Haze,Protect|||M|||50|,,,,,Steel]Incineroar||SafetyGoggles|Intimidate|KnockOff,PartingShot,FakeOut,Protect|||F|||50|,,,,,Bug]Gothitelle||SitrusBerry|ShadowTag|Psychic,Taunt,FakeOut,Protect|||M|||50|,,,,,Water]Talonflame||FocusSash|GaleWings|DualWingbeat,Taunt,Tailwind,Protect|||F|||50|,,,,,Ghost]Ursaluna-Bloodmoon||LifeOrb|MindsEye|BloodMoon,HyperVoice,EarthPower,Protect|||M|||50|,,,,,Normal]Amoonguss||RockyHelmet|Regenerator|Spore,PollenPuff,RagePowder,Protect|||F|||50|,,,,,Grass
|inactive|Battle timer is ON: inactive players will automatically lose when time's up. (requested by ConnerTEP)
|inactive|ryanpowneyissoslay also wants the timer to be on.
|
|t:|1757761412
|teamsize|p1|4
|teamsize|p2|4
|start
|switch|p1a: Dragonite|Dragonite, L50, M|100/100
|switch|p1b: Incineroar|Incineroar, L50, F|100/100
|switch|p2a: Talonflame|Talonflame, L50, F|100/100
|switch|p2b: Ursaluna|Ursaluna-Bloodmoon, L50, M|100/100
|-ability|p1b: Incineroar|Intimidate|boost
|-unboost|p2a: Talonflame|atk|1
|-unboost|p2b: Ursaluna|atk|1
|turn|1
|
|t:|1757761431
|-terastallize|p2b: Ursaluna|Normal
|move|p1b: Incineroar|Fake Out|p2b: Ursaluna
|-damage|p2b: Ursaluna|91/100
|move|p2a: Talonflame|Tailwind|p2a: Talonflame
|-sidestart|p2: ConnerTEP|move: Tailwind
|cant|p2b: Ursaluna|flinch
|move|p1a: Dragonite|Tailwind|p1a: Dragonite
|-sidestart|p1: ryanpowneyissoslay|move: Tailwind
|
|upkeep
|turn|2
|
|t:|1757761451
|move|p2a: Talonflame|Taunt|p1b: Incineroar
|-start|p1b: Incineroar|move: Taunt
|move|p1a: Dragonite|Scale Shot|p2b: Ursaluna
|-damage|p2b: Ursaluna|78/100
|-damage|p2b: Ursaluna|65/100
|-damage|p2b: Ursaluna|53/100
|-damage|p2b: Ursaluna|40/100
|-hitcount|p2b: Ursaluna|4
|-unboost|p1a: Dragonite|def|1
|-boost|p1a: Dragonite|spe|1
|move|p1b: Incineroar|Knock Off|p2b: Ursaluna
|-damage|p2b: Ursaluna|3/100
|-enditem|p2b: Ursaluna|Life Orb|[from] move: Knock Off|[of] p1b: Incineroar
|move|p2b: Ursaluna|Hyper Voice|p1a: Dragonite|[spread] p1a,p1b
|-damage|p1a: Dragonite|74/100
|-damage|p1b: Incineroar|50/100
|
|upkeep
|turn|3
|inactive|ryanpowneyissoslay has 30 seconds left.
|inactive|ConnerTEP has 30 seconds left.
|
|t:|1757761483
|switch|p2b: Incineroar|Incineroar, L50, F|100/100
|-ability|p2b: Incineroar|Intimidate|boost
|-unboost|p1a: Dragonite|atk|1
|-unboost|p1b: Incineroar|atk|1
|move|p2a: Talonflame|Dual Wingbeat|p1a: Dragonite
|-damage|p1a: Dragonite|56/100
|-damage|p1a: Dragonite|38/100
|-hitcount|p1a: Dragonite|2
|move|p1a: Dragonite|Scale Shot|p2a: Talonflame
|-damage|p2a: Talonflame|84/100
|-crit|p2a: Talonflame
|-damage|p2a: Talonflame|52/100
|-damage|p2a: Talonflame|36/100
|-damage|p2a: Talonflame|19/100
|-damage|p2a: Talonflame|4/100
|-hitcount|p2a: Talonflame|5
|-unboost|p1a: Dragonite|def|1
|-boost|p1a: Dragonite|spe|1
|move|p1b: Incineroar|Knock Off|p2b: Incineroar
|-resisted|p2b: Incineroar
|-damage|p2b: Incineroar|87/100
|-enditem|p2b: Incineroar|Safety Goggles|[from] move: Knock Off|[of] p1b: Incineroar
|
|upkeep
|turn|4
|inactive|ryanpowneyissoslay has 30 seconds left.
|inactive|ryanpowneyissoslay has 20 seconds left.
|
|t:|1757761520
|move|p2a: Talonflame|Protect|p2a: Talonflame
|-singleturn|p2a: Talonflame|Protect
|move|p1a: Dragonite|Scale Shot|p2a: Talonflame
|-activate|p2a: Talonflame|move: Protect
|move|p1b: Incineroar|Knock Off|p2a: Talonflame
|-activate|p2a: Talonflame|move: Protect
|move|p2b: Incineroar|Knock Off|p1a: Dragonite
|-damage|p1a: Dragonite|0 fnt
|-enditem|p1a: Dragonite|Loaded Dice|[from] move: Knock Off|[of] p2b: Incineroar
|faint|p1a: Dragonite
|
|-end|p1b: Incineroar|move: Taunt
|-sideend|p1: ryanpowneyissoslay|move: Tailwind
|-sideend|p2: ConnerTEP|move: Tailwind
|upkeep
|inactive|ryanpowneyissoslay has 30 seconds left.
|
|t:|1757761546
|switch|p1a: Pelipper|Pelipper, L50, M|100/100
|-weather|RainDance|[from] ability: Drizzle|[of] p1a: Pelipper
|turn|5
|
|t:|1757761555
|move|p2a: Talonflame|Tailwind|p2a: Talonflame
|-sidestart|p2: ConnerTEP|move: Tailwind
|move|p2b: Incineroar|Knock Off|p1a: Pelipper
|-damage|p1a: Pelipper|55/100
|-enditem|p1a: Pelipper|Focus Sash|[from] move: Knock Off|[of] p2b: Incineroar
|move|p1a: Pelipper|Tailwind|p1a: Pelipper
|-sidestart|p1: ryanpowneyissoslay|move: Tailwind
|move|p1b: Incineroar|Knock Off|p2a: Talonflame
|-damage|p2a: Talonflame|0 fnt
|-enditem|p2a: Talonflame|Focus Sash|[from] move: Knock Off|[of] p1b: Incineroar
|faint|p2a: Talonflame
|
|-weather|RainDance|[upkeep]
|upkeep
|
|t:|1757761560
|switch|p2a: Ursaluna|Ursaluna-Bloodmoon, L50, M, tera:Normal|3/100
|turn|6
|
|t:|1757761575
|move|p1a: Pelipper|Muddy Water|p2a: Ursaluna|[spread] p2b
|-miss|p1a: Pelipper|p2a: Ursaluna
|-supereffective|p2b: Incineroar
|-damage|p2b: Incineroar|27/100
|-unboost|p2b: Incineroar|accuracy|1
|move|p1b: Incineroar|Knock Off|p2a: Ursaluna
|-damage|p2a: Ursaluna|0 fnt
|faint|p2a: Ursaluna
|move|p2b: Incineroar|Parting Shot|p1a: Pelipper|[miss]
|-miss|p2b: Incineroar|p1a: Pelipper
|
|-weather|RainDance|[upkeep]
|upkeep
|c|☆ConnerTEP|Bro loves running max speed on everything
|-message|ConnerTEP forfeited.
|
|win|ryanpowneyissoslay
|raw|ryanpowneyissoslay's rating: 1364 → 1383(+19 for winning)
|raw|ConnerTEP's rating: 1341 → 1322(-19 for losing)
|l|☆ConnerTEP
|player|p2|
|c|☆ryanpowneyissoslay|I do
