|j|☆OssiGT
|j|☆belac121
|html|OssiGTbelac121    
|uhtml|bestof|Game 3 of a best-of-3
|t:|1783692202
|gametype|doubles
|player|p1|OssiGT|colress|1156
|player|p2|belac121|clemont|1247
|gen|9
|tier|[Gen 9 Champions] VGC 2026 Reg M-B (Bo3)
|rated|
|rule|Species Clause: Limit one of each Pokémon
|rule|Item Clause: Limit 1 of each item
|clearpoke
|poke|p1|Raichu, L50, F|
|poke|p1|Mawile, L50, F|
|poke|p1|Sinistcha, L50|
|poke|p1|Ceruledge, L50, F|
|poke|p1|Milotic, L50, F|
|poke|p1|Incineroar, L50, F|
|poke|p2|Swampert, L50, M|
|poke|p2|Sneasler, L50, M|
|poke|p2|Kingambit, L50, F|
|poke|p2|Sinistcha, L50|
|poke|p2|Pelipper, L50, F|
|poke|p2|Eelektross, L50, M|
|teampreview|4
|showteam|p1|Raichu||RaichuniteY|LightningRod|ZapCannon,FocusBlast,FakeOut,Protect|Timid||F|||50|]Mawile||Mawilite|HyperCutter|PlayRough,SuckerPunch,SwordsDance,Protect|Adamant||F|||50|]Sinistcha||KasibBerry|Hospitality|MatchaGotcha,LifeDew,RagePowder,Protect|Relaxed|||||50|]Ceruledge||ColburBerry|FlashFire|BitterBlade,ShadowSneak,BulkUp,Protect|Adamant||F|||50|]Milotic||Leftovers|Competitive|MuddyWater,Coil,Hypnosis,Protect|Calm||F|||50|]Incineroar||SitrusBerry|Intimidate|FlareBlitz,ThroatChop,FakeOut,PartingShot|Impish||F|||50|
|showteam|p2|Swampert||Swampertite|Torrent|WaveCrash,IcePunch,HighHorsepower,Protect|Adamant||M|||50|]Sneasler||WhiteHerb|Unburden|DireClaw,CloseCombat,FakeOut,Protect|Adamant||M|||50|]Kingambit||ChopleBerry|Defiant|KowtowCleave,SuckerPunch,IronHead,Protect|Adamant||F|||50|]Sinistcha||SitrusBerry|Hospitality|MatchaGotcha,ShadowBall,RagePowder,Protect|Bold|||||50|]Pelipper||FocusSash|Drizzle|WeatherBall,Hurricane,Tailwind,Protect|Timid||F|||50|]Eelektross||Eelektrossite|Levitate|Discharge,GrassKnot,EerieImpulse,Protect|Modest||M|||50|
|
|t:|1783692233
|teamsize|p1|4
|teamsize|p2|4
|start
|switch|p1a: Milotic|Milotic, L50, F|100/100
|switch|p1b: Incineroar|Incineroar, L50, F|100/100
|switch|p2a: Swampert|Swampert, L50, M|100/100
|switch|p2b: Eelektross|Eelektross, L50, M|100/100
|-ability|p1b: Incineroar|Intimidate|boost
|-unboost|p2a: Swampert|atk|1
|-unboost|p2b: Eelektross|atk|1
|turn|1
|inactive|Battle timer is ON: inactive players will automatically lose when time's up. (requested by OssiGT)
|
|t:|1783692289
|detailschange|p2a: Swampert|Swampert-Mega, L50, M
|-mega|p2a: Swampert|Swampert|Swampertite
|move|p2a: Swampert|Wave Crash|p1b: Incineroar
|-supereffective|p1b: Incineroar|1
|-damage|p1b: Incineroar|28/100
|-enditem|p1b: Incineroar|Sitrus Berry|[eat]
|-heal|p1b: Incineroar|53/100|[from] item: Sitrus Berry
|-damage|p2a: Swampert|72/100|[from] Recoil
|move|p1a: Milotic|Coil|p1a: Milotic
|-boost|p1a: Milotic|atk|1
|-boost|p1a: Milotic|def|1
|-boost|p1a: Milotic|accuracy|1
|move|p1b: Incineroar|Parting Shot|p2b: Eelektross
|-unboost|p2b: Eelektross|atk|1
|-unboost|p2b: Eelektross|spa|1
|
|t:|1783692303
|switch|p1b: Raichu|Raichu, L50, F|100/100|[from] Parting Shot
|move|p2b: Eelektross|Discharge|p1b: Raichu|[spread] p1a
|-ability|p1b: Raichu|Lightning Rod|boost
|-boost|p1b: Raichu|spa|1
|-immune|p2a: Swampert
|-supereffective|p1a: Milotic|1
|-damage|p1a: Milotic|75/100
|
|-heal|p1a: Milotic|81/100|[from] item: Leftovers
|upkeep
|turn|2
|
|t:|1783692320
|switch|p2a: Pelipper|Pelipper, L50, F|100/100
|-weather|RainDance|[from] ability: Drizzle|[of] p2a: Pelipper
|move|p1b: Raichu|Fake Out|p2a: Pelipper
|-damage|p2a: Pelipper|89/100
|move|p1a: Milotic|Hypnosis|p2a: Pelipper
|-status|p2a: Pelipper|slp|[from] move: Hypnosis
|move|p2b: Eelektross|Eerie Impulse|p1b: Raichu
|-activate|p1b: Raichu|ability: Lightning Rod
|-ability|p1b: Raichu|Lightning Rod|boost
|-boost|p1b: Raichu|spa|1
|
|-weather|RainDance|[upkeep]
|-heal|p1a: Milotic|87/100|[from] item: Leftovers
|upkeep
|turn|3
|
|t:|1783692337
|switch|p2b: Swampert|Swampert-Mega, L50, M|72/100
|move|p1b: Raichu|Zap Cannon|p2a: Pelipper
|-supereffective|p2a: Pelipper|2
|-damage|p2a: Pelipper|0 fnt
|faint|p2a: Pelipper
|move|p1a: Milotic|Hypnosis|p2b: Swampert
|-status|p2b: Swampert|slp|[from] move: Hypnosis
|
|-weather|RainDance|[upkeep]
|-heal|p1a: Milotic|93/100|[from] item: Leftovers
|upkeep
|j| Ctannn
|
|t:|1783692348
|switch|p2a: Eelektross|Eelektross, L50, M|100/100
|turn|4
|
|t:|1783692354
|switch|p1b: Incineroar|Incineroar, L50, F|53/100
|-ability|p1b: Incineroar|Intimidate|boost
|-unboost|p2a: Eelektross|atk|1
|-unboost|p2b: Swampert|atk|1
|cant|p2b: Swampert|slp
|move|p1a: Milotic|Hypnosis|p2a: Eelektross
|-status|p2a: Eelektross|slp|[from] move: Hypnosis
|cant|p2a: Eelektross|slp
|
|-weather|RainDance|[upkeep]
|-heal|p1a: Milotic|99/100|[from] item: Leftovers
|upkeep
|turn|5
|-message|belac121 forfeited.
|
|win|OssiGT
|raw|OssiGT's rating: 1156 → 1187(+31 for winning)
|raw|belac121's rating: 1247 → 1216(-31 for losing)
|l|☆belac121
|player|p2|
|c|☆OssiGT|THIS IS HOW YOU PLAY VGC
