|j|☆Buster981
|j|☆bassacucina777
|html|Buster981bassacucina777    
|uhtml|bestof|Game 2 of a best-of-3
|t:|1756844579
|gametype|doubles
|player|p1|Buster981|scientist-gen4dp|1058
|player|p2|bassacucina777|102|1157
|gen|9
|tier|[Gen 9] VGC 2025 Reg H (Bo3)
|rated|
|rule|Species Clause: Limit one of each Pokémon
|rule|Item Clause: Limit 1 of each item
|clearpoke
|poke|p1|Wugtrio, L50, M|
|poke|p1|Tyranitar, L50, F|
|poke|p1|Garchomp, L50, F|
|poke|p1|Mandibuzz, L50, F|
|poke|p1|Indeedee, L50, M|
|poke|p1|Incineroar, L50, M|
|poke|p2|Dondozo, L50, F|
|poke|p2|Tatsugiri, L50, F|
|poke|p2|Indeedee, L50, M|
|poke|p2|Sneasler, L50, F|
|poke|p2|Volcarona, L50, M|
|poke|p2|Glimmora, L50, F|
|teampreview|4
|showteam|p1|Wugtrio||ChoiceBand|SandVeil|TripleDive,AquaJet,SuckerPunch,ThroatChop|||M|||50|,,,,,Water]Tyranitar||AssaultVest|SandStream|RockSlide,KnockOff,TeraBlast,LowKick|||F|||50|,,,,,Flying]Garchomp||ClearAmulet|SandVeil|StompingTantrum,DragonClaw,SwordsDance,Protect|||F|||50|,,,,,Fairy]Mandibuzz||SitrusBerry|Overcoat|FoulPlay,Taunt,Roost,Tailwind|||F|||50|,,,,,Steel]Indeedee||ChoiceScarf|PsychicSurge|ExpandingForce,HyperVoice,Psychic,Trick|||M|||50|,,,,,Psychic]Incineroar||SafetyGoggles|Intimidate|FlareBlitz,FakeOut,PartingShot,Protect|||M|||50|,,,,,Fire
|showteam|p2|Dondozo||SafetyGoggles|Unaware|WaveCrash,Earthquake,OrderUp,Protect|||F|||50|,,,,,Steel]Tatsugiri||ChoiceScarf|Commander|MuddyWater,DracoMeteor,DragonPulse,IcyWind|||F|||50|,,,,,Ghost]Indeedee||FocusSash|PsychicSurge|ExpandingForce,Protect,TrickRoom,HelpingHand|||M|||50|,,,,,Psychic]Sneasler||PsychicSeed|Unburden|CloseCombat,DireClaw,ThroatChop,Protect|||F|||50|,,,,,Dark]Volcarona||CovertCloak|FlameBody|TeraBlast,Tailwind,FieryDance,QuiverDance|||M|||50|,,,,,Fairy]Glimmora||PowerHerb|ToxicDebris|MeteorBeam,EarthPower,SludgeBomb,Protect|||F|||50|,,,,,Grass
|j| epom158
|inactive|Battle timer is ON: inactive players will automatically lose when time's up. (requested by bassacucina777)
|inactive|Buster981 has 60 seconds left.
|
|t:|1756844618
|teamsize|p1|4
|teamsize|p2|4
|start
|switch|p1a: Tyranitar|Tyranitar, L50, F|100/100
|switch|p1b: Incineroar|Incineroar, L50, M|100/100
|switch|p2a: Indeedee|Indeedee, L50, M|100/100
|switch|p2b: Sneasler|Sneasler, L50, F|100/100
|-fieldstart|move: Psychic Terrain|[from] ability: Psychic Surge|[of] p2a: Indeedee
|-enditem|p2b: Sneasler|Psychic Seed
|-boost|p2b: Sneasler|spd|1|[from] item: Psychic Seed
|-weather|Sandstorm|[from] ability: Sand Stream|[of] p1a: Tyranitar
|-ability|p1b: Incineroar|Intimidate|boost
|-unboost|p2a: Indeedee|atk|1
|-unboost|p2b: Sneasler|atk|1
|turn|1
|inactive|Buster981 has 30 seconds left.
|inactive|Buster981 has 20 seconds left.
|inactive|Buster981 has 15 seconds left.
|
|t:|1756844658
|-terastallize|p1a: Tyranitar|Flying
|move|p2b: Sneasler|Protect|p2b: Sneasler
|-singleturn|p2b: Sneasler|Protect
|move|p2a: Indeedee|Protect|p2a: Indeedee
|-singleturn|p2a: Indeedee|Protect
|move|p1a: Tyranitar|Tera Blast|p2b: Sneasler|[anim] Tera Blast Flying
|-activate|p2b: Sneasler|move: Protect
|move|p1b: Incineroar|Parting Shot|p2b: Sneasler
|-activate|p2b: Sneasler|move: Protect
|
|-weather|Sandstorm|[upkeep]
|-damage|p2b: Sneasler|95/100|[from] Sandstorm
|-damage|p2a: Indeedee|95/100|[from] Sandstorm
|-damage|p1a: Tyranitar|95/100|[from] Sandstorm
|upkeep
|turn|2
|inactive|Buster981 has 30 seconds left.
|
|t:|1756844690
|-terastallize|p2b: Sneasler|Dark
|move|p2a: Indeedee|Helping Hand|p2b: Sneasler
|-singleturn|p2b: Sneasler|Helping Hand|[of] p2a: Indeedee
|move|p2b: Sneasler|Close Combat|p1b: Incineroar
|-supereffective|p1b: Incineroar
|-damage|p1b: Incineroar|0 fnt
|-unboost|p2b: Sneasler|def|1
|-unboost|p2b: Sneasler|spd|1
|faint|p1b: Incineroar
|move|p1a: Tyranitar|Tera Blast|p2b: Sneasler|[anim] Tera Blast Flying
|-damage|p2b: Sneasler|0 fnt
|faint|p2b: Sneasler
|
|-weather|Sandstorm|[upkeep]
|-damage|p2a: Indeedee|89/100|[from] Sandstorm
|-damage|p1a: Tyranitar|89/100|[from] Sandstorm
|upkeep
|
|t:|1756844709
|switch|p2b: Dondozo|Dondozo, L50, F|100/100
|switch|p1b: Mandibuzz|Mandibuzz, L50, F|100/100
|turn|3
|inactive|bassacucina777 has 30 seconds left.
|
|t:|1756844735
|switch|p2a: Tatsugiri|Tatsugiri, L50, F|100/100
|-activate|p2a: Tatsugiri|ability: Commander|[of] p2b: Dondozo
|-boost|p2b: Dondozo|atk|2
|-boost|p2b: Dondozo|spa|2
|-boost|p2b: Dondozo|spe|2
|-boost|p2b: Dondozo|def|2
|-boost|p2b: Dondozo|spd|2
|move|p2b: Dondozo|Wave Crash|p1a: Tyranitar
|-damage|p1a: Tyranitar|4/100
|-damage|p2b: Dondozo|75/100|[from] Recoil
|move|p1b: Mandibuzz|Tailwind|p1b: Mandibuzz
|-sidestart|p1: Buster981|move: Tailwind
|move|p1a: Tyranitar|Knock Off|p2b: Dondozo
|-damage|p2b: Dondozo|56/100
|-enditem|p2b: Dondozo|Safety Goggles|[from] move: Knock Off|[of] p1a: Tyranitar
|
|-weather|Sandstorm|[upkeep]
|-damage|p2a: Tatsugiri|94/100|[from] Sandstorm
|-damage|p2b: Dondozo|50/100|[from] Sandstorm
|-damage|p1a: Tyranitar|0 fnt|[from] Sandstorm
|faint|p1a: Tyranitar
|upkeep
|
|t:|1756844752
|switch|p1a: Indeedee|Indeedee, L50, M|100/100
|turn|4
|
|t:|1756844764
|move|p2b: Dondozo|Protect|p2b: Dondozo
|-singleturn|p2b: Dondozo|Protect
|move|p1a: Indeedee|Expanding Force|p2a: Tatsugiri|[spread] 
|-miss|p1a: Indeedee|p2a: Tatsugiri
|-activate|p2b: Dondozo|move: Protect
|move|p1b: Mandibuzz|Foul Play|p2b: Dondozo
|-activate|p2b: Dondozo|move: Protect
|
|-weather|Sandstorm|[upkeep]
|-damage|p1a: Indeedee|95/100|[from] Sandstorm
|-damage|p2a: Tatsugiri|88/100|[from] Sandstorm
|-damage|p2b: Dondozo|43/100|[from] Sandstorm
|upkeep
|turn|5
|inactive|bassacucina777 has 30 seconds left.
|
|t:|1756844789
|move|p1a: Indeedee|Expanding Force|p2b: Dondozo|[spread] p2b
|-miss|p1a: Indeedee|p2a: Tatsugiri
|-damage|p2b: Dondozo|14/100
|move|p1b: Mandibuzz|Foul Play|p2b: Dondozo
|-damage|p2b: Dondozo|0 fnt
|faint|p2b: Dondozo
|
|-weather|none
|-fieldend|move: Psychic Terrain
|upkeep
|
|t:|1756844798
|switch|p2b: Indeedee|Indeedee, L50, M|89/100
|-fieldstart|move: Psychic Terrain|[from] ability: Psychic Surge|[of] p2b: Indeedee
|turn|6
|inactive|bassacucina777 has 30 seconds left.
|inactive|bassacucina777 has 20 seconds left.
|
|t:|1756844833
|move|p2b: Indeedee|Helping Hand|p2a: Tatsugiri
|-singleturn|p2a: Tatsugiri|Helping Hand|[of] p2b: Indeedee
|move|p1a: Indeedee|Expanding Force|p2b: Indeedee|[spread] p2a,p2b
|-resisted|p2b: Indeedee
|-damage|p2a: Tatsugiri|12/100
|-damage|p2b: Indeedee|48/100
|move|p2a: Tatsugiri|Muddy Water|p1a: Indeedee|[spread] 
|-miss|p2a: Tatsugiri|p1a: Indeedee
|-miss|p2a: Tatsugiri|p1b: Mandibuzz
|move|p1b: Mandibuzz|Foul Play|p2b: Indeedee
|-supereffective|p2b: Indeedee
|-damage|p2b: Indeedee|0 fnt
|faint|p2b: Indeedee
|
|-sideend|p1: Buster981|move: Tailwind
|upkeep
|turn|7
|-message|bassacucina777 forfeited.
|
|win|Buster981
