|j|☆mikellis
|j|☆maikage
|html|mikellismaikage    
|uhtml|bestof|Game 2 of a best-of-3
|t:|1757631347
|gametype|doubles
|player|p1|mikellis|hilbert|1081
|player|p2|maikage|firebreather|1109
|gen|9
|tier|[Gen 9] VGC 2025 Reg H (Bo3)
|rated|
|rule|Species Clause: Limit one of each Pokémon
|rule|Item Clause: Limit 1 of each item
|clearpoke
|poke|p1|Pawmot, L50, M|
|poke|p1|Talonflame, L50, F|
|poke|p1|Gyarados, L50, F|
|poke|p1|Mabosstiff, L50, M|
|poke|p1|Garchomp, L50, M|
|poke|p1|Espathra, L50, F|
|poke|p2|Maushold, L50|
|poke|p2|Annihilape, L50, M|
|poke|p2|Incineroar, L50, F|
|poke|p2|Rillaboom, L50, F|
|poke|p2|Dragonite, L50, M|
|poke|p2|Gholdengo, L50|
|teampreview|4
|showteam|p1|Pawmot||FocusSash|NaturalCure|FakeOut,DoubleShock,CloseCombat,Protect|||M|||50|,,,,,Electric]Talonflame||CovertCloak|GaleWings|DualWingbeat,FlareBlitz,Tailwind,Taunt|||F|||50|,,,,,Flying]Gyarados||FigyBerry|Intimidate|Waterfall,IcyWind,Taunt,Protect|||F|||50|,,,,,Dragon]Mabosstiff||AssaultVest|GuardDog|Crunch,PsychicFangs,PlayRough,TeraBlast|||M|||50|,,,,,Poison]Garchomp||LifeOrb|RoughSkin|Earthquake,RockSlide,DragonClaw,Protect|||M|||50|,,,,,Ground]Espathra||SafetyGoggles|SpeedBoost|StoredPower,DazzlingGleam,CalmMind,Protect|||F|||50|,,,,,Fairy
|showteam|p2|Maushold||WideLens|Technician|PopulationBomb,BeatUp,Protect,FollowMe||||||50|,,,,,Ghost]Annihilape||Leftovers|Defiant|RageFist,DrainPunch,Protect,BulkUp|||M|||50|,,,,,Fire]Incineroar||SitrusBerry|Intimidate|FakeOut,KnockOff,PartingShot,FlareBlitz|||F|||50|,,,,,Grass]Rillaboom||AssaultVest|GrassySurge|FakeOut,GrassyGlide,Uturn,WoodHammer|||F|||50|,,,,,Fire]Dragonite||LoadedDice|Multiscale|ScaleShot,Tailwind,Protect,Haze|||M|||50|,,,,,Fairy]Gholdengo||LifeOrb|GoodasGold|MakeItRain,ShadowBall,Protect,NastyPlot||||||50|,,,,,Water
|inactive|Battle timer is ON: inactive players will automatically lose when time's up. (requested by maikage)
|inactive|mikellis has 60 seconds left.
|inactive|maikage has 60 seconds left.
|
|t:|1757631384
|teamsize|p1|4
|teamsize|p2|4
|start
|switch|p1a: Frank|Mabosstiff, L50, M|100/100
|switch|p1b: Cleo|Espathra, L50, F|100/100
|switch|p2a: capitalism|Gholdengo, L50|100/100
|switch|p2b: transsexual cat|Incineroar, L50, F|100/100
|-ability|p2b: transsexual cat|Intimidate|boost
|-ability|p1a: Frank|Guard Dog|boost
|-boost|p1a: Frank|atk|1
|-unboost|p1b: Cleo|atk|1
|turn|1
|
|t:|1757631400
|switch|p1a: Mako|Garchomp, L50, M|100/100
|move|p1b: Cleo|Protect|p1b: Cleo
|-singleturn|p1b: Cleo|Protect
|move|p2b: transsexual cat|Fake Out|p1a: Mako
|-damage|p1a: Mako|86/100
|-damage|p2b: transsexual cat|88/100|[from] ability: Rough Skin|[of] p1a: Mako
|move|p2a: capitalism|Shadow Ball|p1b: Cleo
|-activate|p1b: Cleo|move: Protect
|
|-ability|p1b: Cleo|Speed Boost|boost
|-boost|p1b: Cleo|spe|1
|upkeep
|turn|2
|inactive|mikellis has 30 seconds left.
|inactive|maikage has 30 seconds left.
|inactive|maikage has 20 seconds left.
|
|t:|1757631437
|switch|p1b: Blair|Talonflame, L50, F|100/100
|-terastallize|p2a: capitalism|Water
|move|p1a: Mako|Earthquake|p2b: transsexual cat|[spread] p2a,p2b
|-immune|p1b: Blair
|-supereffective|p2b: transsexual cat
|-damage|p2a: capitalism|49/100
|-damage|p2b: transsexual cat|0 fnt
|faint|p2b: transsexual cat
|-damage|p1a: Mako|76/100|[from] item: Life Orb
|move|p2a: capitalism|Make It Rain|p1a: Mako|[spread] p1a,p1b
|-resisted|p1b: Blair
|-damage|p1a: Mako|15/100
|-damage|p1b: Blair|54/100
|-unboost|p2a: capitalism|spa|1
|-damage|p2a: capitalism|40/100|[from] item: Life Orb
|
|upkeep
|
|t:|1757631453
|switch|p2b: homosexual dog|Dragonite, L50, M|100/100
|turn|3
|
|t:|1757631465
|move|p1b: Blair|Taunt|p2b: homosexual dog
|-start|p2b: homosexual dog|move: Taunt
|move|p1a: Mako|Earthquake|p2a: capitalism|[spread] p2a
|-immune|p1b: Blair
|-immune|p2b: homosexual dog
|-damage|p2a: capitalism|0 fnt
|faint|p2a: capitalism
|-damage|p1a: Mako|5/100|[from] item: Life Orb
|move|p2b: homosexual dog|Scale Shot|p1b: Blair
|-damage|p1b: Blair|31/100
|-damage|p1b: Blair|8/100
|-crit|p1b: Blair
|-damage|p1b: Blair|0 fnt
|faint|p1b: Blair
|-hitcount|p1: Blair|3
|-unboost|p2b: homosexual dog|def|1
|-boost|p2b: homosexual dog|spe|1
|
|upkeep
|
|t:|1757631482
|switch|p1b: Frank|Mabosstiff, L50, M|100/100
|switch|p2a: hetero couple|Maushold, L50|100/100
|turn|4
|
|t:|1757631493
|move|p2a: hetero couple|Follow Me|p2a: hetero couple
|-singleturn|p2a: hetero couple|move: Follow Me
|move|p2b: homosexual dog|Scale Shot|p1b: Frank
|-damage|p1b: Frank|86/100
|-damage|p1b: Frank|71/100
|-damage|p1b: Frank|55/100
|-damage|p1b: Frank|39/100
|-hitcount|p1b: Frank|4
|-unboost|p2b: homosexual dog|def|1
|-boost|p2b: homosexual dog|spe|1
|move|p1a: Mako|Rock Slide|p2b: homosexual dog|[spread] p2a,p2b
|-supereffective|p2b: homosexual dog
|-damage|p2a: hetero couple|62/100
|-damage|p2b: homosexual dog|40/100
|-damage|p1a: Mako|0 fnt|[from] item: Life Orb
|faint|p1a: Mako
|move|p1b: Frank|Crunch|p2a: hetero couple
|-damage|p2a: hetero couple|0 fnt
|faint|p2a: hetero couple
|
|upkeep
|
|t:|1757631511
|switch|p1a: Cleo|Espathra, L50, F|100/100
|turn|5
|
|t:|1757631528
|-terastallize|p1b: Frank|Poison
|move|p2b: homosexual dog|Scale Shot|p1b: Frank
|-damage|p1b: Frank|21/100
|-damage|p1b: Frank|6/100
|-damage|p1b: Frank|0 fnt
|faint|p1b: Frank
|-hitcount|p1: Frank|3
|-unboost|p2b: homosexual dog|def|1
|-boost|p2b: homosexual dog|spe|1
|move|p1a: Cleo|Dazzling Gleam|p2b: homosexual dog
|-supereffective|p2b: homosexual dog
|-damage|p2b: homosexual dog|0 fnt
|faint|p2b: homosexual dog
|
|win|mikellis
|l|☆maikage
|player|p2|
||mikellis is ready for game 3.
||maikage is ready for game 3.
|uhtml|next|Next: Game 3 of 3
|l|☆mikellis
|player|p1|
