|j|☆afkahaoai
|j|☆dont make me walk
|html|afkahaoaidont make me walk    
|uhtml|bestof|Game 1 of a best-of-3
|t:|1756496660
|gametype|doubles
|player|p1|afkahaoai|1|1063
|player|p2|dont make me walk|red-masters3|1190
|gen|9
|tier|[Gen 9] VGC 2025 Reg H (Bo3)
|rated|
|rule|Species Clause: Limit one of each Pokémon
|rule|Item Clause: Limit 1 of each item
|clearpoke
|poke|p1|Tyranitar, L50, M|
|poke|p1|Clefairy, L50, F|
|poke|p1|Farigiraf, L50, F|
|poke|p1|Incineroar, L50, M|
|poke|p1|Amoonguss, L50, M|
|poke|p1|Excadrill, L50, F|
|poke|p2|Ursaluna-Bloodmoon, L50, M|
|poke|p2|Indeedee, L50, M|
|poke|p2|Sneasler, L50, M|
|poke|p2|Incineroar, L50, M|
|poke|p2|Electabuzz, L50, M|
|poke|p2|Talonflame, L50, M|
|teampreview|4
|showteam|p1|Tyranitar||AssaultVest|SandStream|RockSlide,Payback,LowKick,TeraBlast|||M|||50|,,,,,Flying]Clefairy||Eviolite|FriendGuard|FollowMe,Endeavor,HelpingHand,AfterYou|||F|||50|,,,,,Steel]Farigiraf||ThroatSpray|ArmorTail|TrickRoom,HyperVoice,Psychic,Protect|||F|||50|,,,,,Fairy]Incineroar||SafetyGoggles|Intimidate|FakeOut,FlareBlitz,KnockOff,PartingShot|||M|||50|,,,,,Ghost]Amoonguss||RockyHelmet|Regenerator|PollenPuff,Protect,RagePowder,Spore|||M|||50|,,,,,Fairy]Excadrill||FocusSash|SandRush|Earthquake,RockSlide,IronHead,Protect|||F|||50|,,,,,Ground
|showteam|p2|Ursaluna-Bloodmoon||LifeOrb|MindsEye|Protect,EarthPower,HyperVoice,BloodMoon|||M|||50|,,,,,Normal]Indeedee||FocusSash|PsychicSurge|ExpandingForce,TeraBlast,TrickRoom,Protect|||M|||50|,,,,,Fighting]Sneasler||PsychicSeed|Unburden|DireClaw,CloseCombat,ThroatChop,Protect|||M|||50|,,,,,Dark]Incineroar||AssaultVest|Intimidate|FakeOut,KnockOff,FlareBlitz,Uturn|||M|||50|,,,,,Grass]Electabuzz||Eviolite|VitalSpirit|Electroweb,Taunt,FollowMe,Protect|||M|||50|,,,,,Ghost]Talonflame||CovertCloak|GaleWings|FlareBlitz,DualWingbeat,WillOWisp,Tailwind|||M|||50|,,,,,Fairy
|inactive|Battle timer is ON: inactive players will automatically lose when time's up. (requested by dont make me walk)
|inactive|afkahaoai also wants the timer to be on.
|inactive|afkahaoai has 60 seconds left.
|
|t:|1756496717
|teamsize|p1|4
|teamsize|p2|4
|start
|switch|p1a: Tyranitar|Tyranitar, L50, M|100/100
|switch|p1b: Clefairy|Clefairy, L50, F|100/100
|switch|p2a: Incineroar|Incineroar, L50, M|100/100
|switch|p2b: Ursaluna|Ursaluna-Bloodmoon, L50, M|100/100
|-ability|p2a: Incineroar|Intimidate|boost
|-unboost|p1a: Tyranitar|atk|1
|-unboost|p1b: Clefairy|atk|1
|-weather|Sandstorm|[from] ability: Sand Stream|[of] p1a: Tyranitar
|turn|1
|
|t:|1756496737
|switch|p1b: Farigiraf|Farigiraf, L50, F|100/100
|-terastallize|p2b: Ursaluna|Normal
|-terastallize|p1a: Tyranitar|Flying
|move|p2a: Incineroar|Fake Out||[still]
|cant|p1b: Farigiraf|ability: Armor Tail|Fake Out|[of] p2a: Incineroar
|move|p2b: Ursaluna|Blood Moon|p1b: Farigiraf
|-damage|p1b: Farigiraf|0 fnt
|faint|p1b: Farigiraf
|-damage|p2b: Ursaluna|91/100|[from] item: Life Orb
|move|p1a: Tyranitar|Low Kick|p2b: Ursaluna
|-supereffective|p2b: Ursaluna
|-damage|p2b: Ursaluna|46/100
|
|-weather|Sandstorm|[upkeep]
|-damage|p2a: Incineroar|95/100|[from] Sandstorm
|-damage|p2b: Ursaluna|40/100|[from] Sandstorm
|-damage|p1a: Tyranitar|95/100|[from] Sandstorm
|upkeep
|
|t:|1756496755
|switch|p1b: Clefairy|Clefairy, L50, F|100/100
|turn|2
|inactive|afkahaoai has 30 seconds left.
|
|t:|1756496787
|switch|p2b: Indeedee|Indeedee, L50, M|100/100
|-fieldstart|move: Psychic Terrain|[from] ability: Psychic Surge|[of] p2b: Indeedee
|move|p1b: Clefairy|Helping Hand|p1a: Tyranitar
|-singleturn|p1a: Tyranitar|Helping Hand|[of] p1b: Clefairy
|move|p2a: Incineroar|Knock Off|p1a: Tyranitar
|-damage|p1a: Tyranitar|68/100
|-enditem|p1a: Tyranitar|Assault Vest|[from] move: Knock Off|[of] p2a: Incineroar
|move|p1a: Tyranitar|Low Kick|p2a: Incineroar
|-supereffective|p2a: Incineroar
|-damage|p2a: Incineroar|35/100
|
|-weather|Sandstorm|[upkeep]
|-damage|p2b: Indeedee|95/100|[from] Sandstorm
|-damage|p2a: Incineroar|29/100|[from] Sandstorm
|-damage|p1a: Tyranitar|62/100|[from] Sandstorm
|-damage|p1b: Clefairy|94/100|[from] Sandstorm
|upkeep
|turn|3
|
|t:|1756496805
|move|p1b: Clefairy|Helping Hand|p1a: Tyranitar
|-singleturn|p1a: Tyranitar|Helping Hand|[of] p1b: Clefairy
|move|p2b: Indeedee|Expanding Force|p1a: Tyranitar|[spread] p1a,p1b
|-damage|p1a: Tyranitar|29/100
|-damage|p1b: Clefairy|55/100
|move|p2a: Incineroar|U-turn|p1b: Clefairy
|-resisted|p1b: Clefairy
|-damage|p1b: Clefairy|45/100
|
|t:|1756496809
|switch|p2a: Sneasler|Sneasler, L50, M|100/100|[from] U-turn
|-enditem|p2a: Sneasler|Psychic Seed
|-boost|p2a: Sneasler|spd|1|[from] item: Psychic Seed
|move|p1a: Tyranitar|Payback|p2b: Indeedee
|-supereffective|p2b: Indeedee
|-damage|p2b: Indeedee|0 fnt
|faint|p2b: Indeedee
|
|-weather|Sandstorm|[upkeep]
|-damage|p2a: Sneasler|95/100|[from] Sandstorm
|-damage|p1a: Tyranitar|24/100|[from] Sandstorm
|-damage|p1b: Clefairy|38/100|[from] Sandstorm
|upkeep
|
|t:|1756496813
|switch|p2b: Ursaluna|Ursaluna-Bloodmoon, L50, M, tera:Normal|40/100
|turn|4
|
|t:|1756496826
|switch|p1a: Amoonguss|Amoonguss, L50, M|100/100
|move|p2a: Sneasler|Dire Claw|p1b: Clefairy
|-supereffective|p1b: Clefairy
|-damage|p1b: Clefairy|0 fnt
|faint|p1b: Clefairy
|move|p2b: Ursaluna|Hyper Voice|p1a: Amoonguss
|-damage|p1a: Amoonguss|28/100
|-damage|p2b: Ursaluna|30/100|[from] item: Life Orb
|
|-weather|Sandstorm|[upkeep]
|-damage|p2a: Sneasler|89/100|[from] Sandstorm
|-damage|p2b: Ursaluna|24/100|[from] Sandstorm
|-damage|p1a: Amoonguss|22/100|[from] Sandstorm
|upkeep
|
|t:|1756496831
|switch|p1b: Tyranitar|Tyranitar, L50, M, tera:Flying|24/100
|turn|5
|
|t:|1756496837
|move|p1a: Amoonguss|Rage Powder|p1a: Amoonguss
|-singleturn|p1a: Amoonguss|move: Rage Powder
|move|p2a: Sneasler|Dire Claw|p1a: Amoonguss
|-damage|p1a: Amoonguss|0 fnt
|-damage|p2a: Sneasler|73/100|[from] item: Rocky Helmet|[of] p1a: Amoonguss
|faint|p1a: Amoonguss
|move|p2b: Ursaluna|Hyper Voice|p1b: Tyranitar
|-damage|p1b: Tyranitar|0 fnt
|faint|p1b: Tyranitar
|-damage|p2b: Ursaluna|15/100|[from] item: Life Orb
|
|win|dont make me walk
||dont make me walk is ready for game 2.
||afkahaoai is ready for game 2.
|uhtml|next|Next: Game 2 of 3
|l|☆afkahaoai
|player|p1|
