|j|☆vpandur
|j|☆Misaple
|html|vpandurMisaple    
|uhtml|bestof|Game 2 of a best-of-3
|t:|1785209237
|gametype|doubles
|player|p1|vpandur|101|
|player|p2|Misaple|pilot|
|gen|9
|tier|[Gen 9 Champions] VGC 2026 Reg M-B (Bo3)
|rule|Species Clause: Limit one of each Pokémon
|rule|Item Clause: Limit 1 of each item
|clearpoke
|poke|p1|Gardevoir, L50, M|
|poke|p1|Talonflame, L50, M|
|poke|p1|Maushold, L50|
|poke|p1|Kommo-o, L50, F|
|poke|p1|Weavile, L50, F|
|poke|p1|Gengar, L50, M|
|poke|p2|Camerupt, L50, M|
|poke|p2|Mawile, L50, F|
|poke|p2|Farigiraf, L50, F|
|poke|p2|Mimikyu, L50, F|
|poke|p2|Araquanid, L50, F|
|poke|p2|Vileplume, L50, M|
|teampreview|4
|showteam|p1|Gardevoir||Gardevoirite|Trace|HyperVoice,Protect,Psychic,VacuumWave|Timid||M|||50|]Talonflame||SharpBeak|GaleWings|BraveBird,FlareBlitz,Protect,Tailwind|Adamant||M|||50|]Maushold||SitrusBerry|FriendGuard|FollowMe,Protect,SuperFang,Encore|Timid|||||50|]Kommo-o||Leftovers|Overcoat|AuraSphere,ClangingScales,ClangorousSoul,Protect|Timid||F|||50|]Weavile||FocusSash|Pickpocket|FakeOut,Protect,TripleAxel,KnockOff|Jolly||F|||50|]Gengar||LifeOrb|CursedBody|ShadowBall,Protect,SludgeBomb,Disable|Timid||M|||50|
|showteam|p2|Camerupt||Cameruptite|SolidRock|HeatWave,EarthPower,AncientPower,Protect|Quiet||M|||50|]Mawile||Mawilite|Intimidate|PlayRough,IronHead,SuckerPunch,Protect|Brave||F|||50|]Farigiraf||MentalHerb|ArmorTail|TrickRoom,HelpingHand,PsychicNoise,Protect|Sassy||F|||50|]Mimikyu||SpellTag|Disguise|TrickRoom,PlayRough,ShadowSneak,Taunt|Brave||F|||50|]Araquanid||MysticWater|WaterBubble|Liquidation,LeechLife,WideGuard,Protect|Brave||F|||50|]Vileplume||FocusSash|EffectSpore|SleepPowder,SludgeBomb,GigaDrain,Protect|Quiet||M|||50|
|
|t:|1785209290
|teamsize|p1|4
|teamsize|p2|4
|start
|switch|p1a: Weavile|Weavile, L50, F|100/100
|switch|p1b: Gengar|Gengar, L50, M|100/100
|switch|p2a: Mimikyu|Mimikyu, L50, F|100/100
|switch|p2b: Camerupt|Camerupt, L50, M|100/100
|turn|1
|
|t:|1785209317
|detailschange|p2b: Camerupt|Camerupt-Mega, L50, M
|-mega|p2b: Camerupt|Camerupt|Cameruptite
|move|p2b: Camerupt|Protect|p2b: Camerupt
|-singleturn|p2b: Camerupt|Protect
|move|p1a: Weavile|Triple Axel|p2a: Mimikyu
|-activate|p2a: Mimikyu|ability: Disguise
|-damage|p2a: Mimikyu|100/100
|detailschange|p2a: Mimikyu|Mimikyu-Busted, L50, F
|-damage|p2a: Mimikyu|87/100|[from] pokemon: Mimikyu-Busted
|-damage|p2a: Mimikyu|59/100
|-damage|p2a: Mimikyu|22/100
|-hitcount|p2a: Mimikyu|3
|move|p1b: Gengar|Shadow Ball|p2a: Mimikyu
|-supereffective|p2a: Mimikyu|1
|-damage|p2a: Mimikyu|0 fnt
|faint|p2a: Mimikyu
|-damage|p1b: Gengar|90/100|[from] item: Life Orb
|
|upkeep
|
|t:|1785209337
|switch|p2a: Araquanid|Araquanid, L50, F|100/100
|turn|2
|
|t:|1785209353
|move|p1a: Weavile|Knock Off|p2b: Camerupt
|-damage|p2b: Camerupt|69/100
|move|p1b: Gengar|Shadow Ball|p2b: Camerupt
|-damage|p2b: Camerupt|18/100
|-damage|p1b: Gengar|81/100|[from] item: Life Orb
|move|p2a: Araquanid|Liquidation|p1b: Gengar
|-damage|p1b: Gengar|0 fnt
|-start|p2a: Araquanid|Disable|Liquidation|[from] ability: Cursed Body|[of] p1b: Gengar
|faint|p1b: Gengar
|move|p2b: Camerupt|Heat Wave|p1a: Weavile
|-supereffective|p1a: Weavile|1
|-enditem|p1a: Weavile|Focus Sash
|-damage|p1a: Weavile|1/100
|
|upkeep
|
|t:|1785209373
|switch|p1b: Gardevoir|Gardevoir, L50, M|100/100
|-ability|p1b: Gardevoir|Water Bubble|Trace|[from] ability: Trace|[of] p2a: Araquanid
|turn|3
|
|t:|1785209395
|detailschange|p1b: Gardevoir|Gardevoir-Mega, L50, M
|-mega|p1b: Gardevoir|Gardevoir|Gardevoirite
|move|p2b: Camerupt|Protect|p2b: Camerupt
|-singleturn|p2b: Camerupt|Protect
|move|p1b: Gardevoir|Vacuum Wave|p2b: Camerupt
|-activate|p2b: Camerupt|move: Protect
|move|p1a: Weavile|Knock Off|p2a: Araquanid
|-damage|p2a: Araquanid|49/100
|-enditem|p2a: Araquanid|Mystic Water|[from] move: Knock Off|[of] p1a: Weavile
|move|p2a: Araquanid|Leech Life|p1a: Weavile
|-supereffective|p1a: Weavile|1
|-damage|p1a: Weavile|0 fnt
|-heal|p2a: Araquanid|50/100g|[from] drain|[of] p1a: Weavile
|faint|p1a: Weavile
|
|upkeep
|
|t:|1785209407
|switch|p1a: Talonflame|Talonflame, L50, M|100/100
|turn|4
|
|t:|1785209421
|switch|p2b: Farigiraf|Farigiraf, L50, F|100/100
|move|p2a: Araquanid|Protect|p2a: Araquanid
|-singleturn|p2a: Araquanid|Protect
|move|p1a: Talonflame|Brave Bird||[still]
|cant|p2b: Farigiraf|ability: Armor Tail|Brave Bird|[of] p1a: Talonflame
|move|p1b: Gardevoir|Psychic|p2b: Farigiraf
|-resisted|p2b: Farigiraf|1
|-damage|p2b: Farigiraf|76/100
|
|upkeep
|turn|5
|
|t:|1785209453
|move|p1a: Talonflame|Flare Blitz|p2b: Farigiraf
|-damage|p2b: Farigiraf|29/100
|-damage|p1a: Talonflame|76/100|[from] Recoil
|move|p1b: Gardevoir|Psychic|p2b: Farigiraf
|-resisted|p2b: Farigiraf|1
|-damage|p2b: Farigiraf|6/100
|move|p2a: Araquanid|Leech Life|p1b: Gardevoir
|-damage|p1b: Gardevoir|46/100
|-heal|p2a: Araquanid|72/100|[from] drain|[of] p1b: Gardevoir
|move|p2b: Farigiraf|Trick Room|p2b: Farigiraf
|-fieldstart|move: Trick Room|[of] p2b: Farigiraf
|
|-end|p2a: Araquanid|Disable
|upkeep
|turn|6
|
|t:|1785209476
|move|p2b: Farigiraf|Protect|p2b: Farigiraf
|-singleturn|p2b: Farigiraf|Protect
|move|p1a: Talonflame|Protect|p1a: Talonflame
|-singleturn|p1a: Talonflame|Protect
|move|p2a: Araquanid|Liquidation|p1a: Talonflame
|-activate|p1a: Talonflame|move: Protect
|move|p1b: Gardevoir|Psychic|p2b: Farigiraf
|-activate|p2b: Farigiraf|move: Protect
|
|upkeep
|turn|7
|
|t:|1785209496
|move|p2b: Farigiraf|Helping Hand|p2a: Araquanid
|-singleturn|p2a: Araquanid|Helping Hand|[of] p2b: Farigiraf
|move|p2a: Araquanid|Liquidation|p1a: Talonflame
|-supereffective|p1a: Talonflame|1
|-damage|p1a: Talonflame|0 fnt
|faint|p1a: Talonflame
|move|p1b: Gardevoir|Hyper Voice|p2b: Farigiraf|[spread] p2a,p2b
|-damage|p2a: Araquanid|30/100
|-damage|p2b: Farigiraf|0 fnt
|faint|p2b: Farigiraf
|
|upkeep
|
|t:|1785209501
|switch|p2b: Camerupt|Camerupt-Mega, L50, M|18/100
|turn|8
|
|t:|1785209516
|move|p1b: Gardevoir|Vacuum Wave|p2b: Camerupt
|-damage|p2b: Camerupt|2/100
|move|p2b: Camerupt|Earth Power|p1b: Gardevoir
|-damage|p1b: Gardevoir|0 fnt
|faint|p1b: Gardevoir
|
|win|Misaple
