|j|☆keahi
|j|☆magicalarcher57
|html|keahimagicalarcher57    
|uhtml|bestof|Game 1 of a best-of-3
|t:|1784875790
|gametype|doubles
|player|p1|keahi|willow|1166
|player|p2|magicalarcher57|clair|1353
|gen|9
|tier|[Gen 9 Champions] VGC 2026 Reg M-B (Bo3)
|rated|
|rule|Species Clause: Limit one of each Pokémon
|rule|Item Clause: Limit 1 of each item
|clearpoke
|poke|p1|Tyranitar, L50, M|
|poke|p1|Excadrill, L50, F|
|poke|p1|Barbaracle, L50, M|
|poke|p1|Sylveon, L50, F, shiny|
|poke|p1|Rotom-Heat, L50|
|poke|p1|Sinistcha, L50|
|poke|p2|Sneasler, L50, F|
|poke|p2|Garchomp, L50, F|
|poke|p2|Aerodactyl, L50, M|
|poke|p2|Charizard, L50, M|
|poke|p2|Venusaur, L50, F|
|poke|p2|Kingambit, L50, F|
|teampreview|4
|showteam|p1|Tyranitar||Tyranitarite|SandStream|RockSlide,Protect,Assurance,LowKick|Adamant||M|||50|]Excadrill||FocusSash|SandRush|HighHorsepower,IronHead,Protect,RockTomb|Adamant||F|||50|]Barbaracle||Barbaracite|ToughClaws|ShellSmash,RockSlide,CloseCombat,Protect|Adamant||M|||50|]Sylveon||FairyFeather|Pixilate|HyperVoice,Detect,QuickAttack,HyperBeam|Modest||F|||50|]Rotom-Heat||LightClay|Levitate|Reflect,LightScreen,VoltSwitch,Overheat|Modest|||||50|]Sinistcha||Leftovers|Hospitality|MatchaGotcha,ShadowBall,TrickRoom,RagePowder|Bold|||||50|
|showteam|p2|Sneasler||WhiteHerb|Unburden|FakeOut,CloseCombat,DireClaw,Protect|Adamant||F|||50|]Garchomp||LifeOrb|RoughSkin|Earthquake,StompingTantrum,DragonClaw,Protect|Jolly||F|||50|]Aerodactyl||Aerodactylite|Unnerve|RockSlide,WideGuard,Tailwind,IceFang|Jolly||M|||50|]Charizard||CharizarditeY|Blaze|HeatWave,WeatherBall,SolarBeam,Protect|Modest||M|||50|]Venusaur||FocusSash|Chlorophyll|SolarBeam,SludgeBomb,Protect,EarthPower|Modest||F|||50|]Kingambit||BlackGlasses|Defiant|LowKick,KowtowCleave,SuckerPunch,Protect|Adamant||F|||50|
|inactive|Battle timer is ON: inactive players will automatically lose when time's up. (requested by magicalarcher57)
|c|☆keahi|hey arch
|c|☆magicalarcher57|Oh hiii
|c|☆magicalarcher57|Glhf keahi!
|inactive|keahi has 60 seconds left.
|c|☆keahi|u2
|c|☆keahi|messing around with an old core that I really liked
|inactive|keahi has 30 seconds left.
|inactive|keahi has 20 seconds left.
|
|t:|1784875863
|teamsize|p1|4
|teamsize|p2|4
|start
|switch|p1a: Sylveon|Sylveon, L50, F, shiny|100/100
|switch|p1b: Barbaracle|Barbaracle, L50, M|100/100
|switch|p2a: Sneasler|Sneasler, L50, F|100/100
|switch|p2b: Aerodactyl|Aerodactyl, L50, M|100/100
|-ability|p2b: Aerodactyl|Unnerve
|turn|1
|
|t:|1784875881
|move|p1a: Sylveon|Detect|p1a: Sylveon
|-singleturn|p1a: Sylveon|Protect
|move|p2b: Aerodactyl|Tailwind|p2b: Aerodactyl
|-sidestart|p2: magicalarcher57|move: Tailwind
|move|p2a: Sneasler|Dire Claw|p1a: Sylveon
|-activate|p1a: Sylveon|move: Protect
|move|p1b: Barbaracle|Shell Smash|p1b: Barbaracle
|-unboost|p1b: Barbaracle|def|1
|-unboost|p1b: Barbaracle|spd|1
|-boost|p1b: Barbaracle|atk|2
|-boost|p1b: Barbaracle|spa|2
|-boost|p1b: Barbaracle|spe|2
|
|upkeep
|turn|2
|
|t:|1784875895
|switch|p1a: Sinistcha|Sinistcha, L50|100/100
|move|p1b: Barbaracle|Protect|p1b: Barbaracle
|-singleturn|p1b: Barbaracle|Protect
|move|p2b: Aerodactyl|Wide Guard|p2b: Aerodactyl
|-singleturn|p2b: Aerodactyl|Wide Guard
|move|p2a: Sneasler|Dire Claw|p1a: Sinistcha
|-damage|p1a: Sinistcha|65/100
|-status|p1a: Sinistcha|psn
|
|-heal|p1a: Sinistcha|71/100 psn|[from] item: Leftovers
|-damage|p1a: Sinistcha|59/100 psn|[from] psn
|upkeep
|turn|3
|inactive|keahi has 30 seconds left.
|
|t:|1784875921
|detailschange|p1b: Barbaracle|Barbaracle-Mega, L50, M
|-mega|p1b: Barbaracle|Barbaracle|Barbaracite
|move|p1a: Sinistcha|Rage Powder|p1a: Sinistcha
|-singleturn|p1a: Sinistcha|move: Rage Powder
|move|p2b: Aerodactyl|Rock Slide|p1b: Barbaracle|[spread] p1a,p1b
|-resisted|p1b: Barbaracle|1
|-damage|p1a: Sinistcha|38/100 psn
|-damage|p1b: Barbaracle|82/100
|move|p2a: Sneasler|Dire Claw|p1a: Sinistcha
|-damage|p1a: Sinistcha|0 fnt
|faint|p1a: Sinistcha
|move|p1b: Barbaracle|Close Combat|p2a: Sneasler
|-resisted|p2a: Sneasler|1
|-damage|p2a: Sneasler|0 fnt
|-unboost|p1b: Barbaracle|def|1
|-unboost|p1b: Barbaracle|spd|1
|faint|p2a: Sneasler
|
|upkeep
|
|t:|1784875936
|switch|p2a: Venusaur|Venusaur, L50, F|100/100
|switch|p1a: Sylveon|Sylveon, L50, F, shiny|100/100
|turn|4
|
|t:|1784875950
|move|p1b: Barbaracle|Protect|p1b: Barbaracle
|-singleturn|p1b: Barbaracle|Protect
|move|p1a: Sylveon|Detect|p1a: Sylveon
|-singleturn|p1a: Sylveon|Protect
|move|p2b: Aerodactyl|Rock Slide|p1a: Sylveon|[spread] 
|-activate|p1a: Sylveon|move: Protect
|-activate|p1b: Barbaracle|move: Protect
|move|p2a: Venusaur|Earth Power|p1b: Barbaracle
|-activate|p1b: Barbaracle|move: Protect
|
|-sideend|p2: magicalarcher57|move: Tailwind
|upkeep
|turn|5
|
|t:|1784875971
|move|p1b: Barbaracle|Close Combat|p2a: Venusaur
|-resisted|p2a: Venusaur|1
|-enditem|p2a: Venusaur|Focus Sash
|-damage|p2a: Venusaur|1/100
|-unboost|p1b: Barbaracle|def|1
|-unboost|p1b: Barbaracle|spd|1
|move|p2b: Aerodactyl|Tailwind|p2b: Aerodactyl
|-sidestart|p2: magicalarcher57|move: Tailwind
|move|p2a: Venusaur|Sludge Bomb|p1a: Sylveon
|-supereffective|p1a: Sylveon|1
|-damage|p1a: Sylveon|31/100
|-status|p1a: Sylveon|psn
|move|p1a: Sylveon|Hyper Beam|p2b: Aerodactyl
|-damage|p2b: Aerodactyl|0 fnt
|-mustrecharge|p1a: Sylveon
|faint|p2b: Aerodactyl
|
|-damage|p1a: Sylveon|19/100 psn|[from] psn
|upkeep
|
|t:|1784875986
|switch|p2b: Charizard|Charizard, L50, M|100/100
|turn|6
|
|t:|1784875991
|detailschange|p2b: Charizard|Charizard-Mega-Y, L50, M
|-mega|p2b: Charizard|Charizard|Charizardite Y
|-weather|SunnyDay|[from] ability: Drought|[of] p2b: Charizard
|move|p1b: Barbaracle|Protect|p1b: Barbaracle
|-singleturn|p1b: Barbaracle|Protect
|move|p2a: Venusaur|Earth Power|p1b: Barbaracle
|-activate|p1b: Barbaracle|move: Protect
|move|p2b: Charizard|Heat Wave|p1a: Sylveon|[spread] p1a
|-activate|p1b: Barbaracle|move: Protect
|-damage|p1a: Sylveon|0 fnt
|faint|p1a: Sylveon
|
|-weather|SunnyDay|[upkeep]
|upkeep
|
|t:|1784875994
|switch|p1a: Tyranitar|Tyranitar, L50, M|100/100
|-weather|Sandstorm|[from] ability: Sand Stream|[of] p1a: Tyranitar
|turn|7
|
|t:|1784876015
|move|p2b: Charizard|Heat Wave|p1b: Barbaracle|[spread] p1a,p1b
|-resisted|p1a: Tyranitar|1
|-resisted|p1b: Barbaracle|1
|-damage|p1a: Tyranitar|86/100
|-damage|p1b: Barbaracle|44/100
|move|p2a: Venusaur|Earth Power|p1a: Tyranitar
|-supereffective|p1a: Tyranitar|1
|-damage|p1a: Tyranitar|50/100g
|move|p1b: Barbaracle|Rock Slide|p2a: Venusaur|[spread] p2a,p2b
|-supereffective|p2b: Charizard|2
|-damage|p2a: Venusaur|0 fnt
|-damage|p2b: Charizard|0 fnt
|faint|p2a: Venusaur
|faint|p2b: Charizard
|
|win|keahi
