|j|☆oLqve
|j|☆skywarrior29
|html|oLqveskywarrior29    
|uhtml|bestof|Game 2 of a best-of-3
|t:|1784806778
|gametype|doubles
|player|p1|oLqve|elesa|
|player|p2|skywarrior29|170|
|gen|9
|tier|[Gen 9 Champions] VGC 2026 Reg M-B (Bo3)
|rule|Species Clause: Limit one of each Pokémon
|rule|Item Clause: Limit 1 of each item
|clearpoke
|poke|p1|Meganium, L50, M|
|poke|p1|Garchomp, L50, F|
|poke|p1|Tyranitar, L50, M|
|poke|p1|Tinkaton, L50, F|
|poke|p1|Ariados, L50, F|
|poke|p1|Gardevoir, L50, M|
|poke|p2|Swampert, L50, M|
|poke|p2|Pelipper, L50, F|
|poke|p2|Grimmsnarl, L50, M|
|poke|p2|Archaludon, L50, M|
|poke|p2|Lopunny, L50, F|
|poke|p2|Heracross, L50, F|
|teampreview|4
|showteam|p1|Meganium||Meganiumite|Overgrow|Synthesis,WeatherBall,SolarBeam,Protect|Timid||M|||50|]Garchomp||LifeOrb|SandVeil|BrickBreak,Earthquake,RockSlide,Protect|Jolly||F|||50|]Tyranitar||Tyranitarite|SandStream|BrickBreak,KnockOff,Protect,RockSlide|Adamant||M|||50|]Tinkaton||ShucaBerry|OwnTempo|Encore,FakeOut,GigatonHammer,PlayRough|Jolly||F|||50|]Ariados||SitrusBerry|Insomnia|KnockOff,RagePowder,StickyWeb,Electroweb|Relaxed||F|||50|]Gardevoir||FocusSash|Telepathy|Encore,DestinyBond,Moonblast,WillOWisp|Calm||M|||50|
|showteam|p2|Swampert||Swampertite|Damp|Protect,WaveCrash,IcePunch,Earthquake|Adamant||M|||50|]Pelipper||SitrusBerry|Drizzle|Hurricane,WeatherBall,Tailwind,WideGuard|Quiet||F|||50|]Grimmsnarl||LightClay|Prankster|Reflect,LightScreen,PartingShot,SpiritBreak|Calm||M|||50|]Archaludon||Leftovers|Stamina|ElectroShot,Protect,FlashCannon,DragonPulse|Timid||M|||50|]Lopunny||FocusSash|CuteCharm|AfterYou,FakeOut,Encore,IcePunch|Jolly||F|||50|]Heracross||Heracronite|Moxie|CloseCombat,RockBlast,PinMissile,BulletSeed|Adamant||F|||50|
|j| Rohan2202
|j| prythium
|
|t:|1784806831
|teamsize|p1|4
|teamsize|p2|4
|start
|switch|p1a: Sweetie pie|Garchomp, L50, F|100/100
|switch|p1b: MVP|Ariados, L50, F|100/100
|switch|p2a: Lopunny|Lopunny, L50, F|100/100
|switch|p2b: Heracross|Heracross, L50, F|100/100
|turn|1
|c| Rohan2202|PRIME LOPUNNY
|c| Rohan2202|GOOOO
|j| TheLastFire925
|
|t:|1784806881
|detailschange|p2b: Heracross|Heracross-Mega, L50, F
|-mega|p2b: Heracross|Heracross|Heracronite
|move|p1a: Sweetie pie|Protect|p1a: Sweetie pie
|-singleturn|p1a: Sweetie pie|Protect
|move|p2a: Lopunny|Fake Out|p1b: MVP
|-damage|p1b: MVP|84/100
|move|p2b: Heracross|Pin Missile|p1a: Sweetie pie
|-activate|p1a: Sweetie pie|move: Protect
|cant|p1b: MVP|flinch
|
|upkeep
|turn|2
|
|t:|1784806898
|move|p1b: MVP|Rage Powder|p1b: MVP
|-singleturn|p1b: MVP|move: Rage Powder
|move|p2a: Lopunny|Ice Punch|p1b: MVP
|-damage|p1b: MVP|64/100
|move|p1a: Sweetie pie|Rock Slide|p2b: Heracross|[spread] p2b
|-miss|p1a: Sweetie pie|p2a: Lopunny
|-damage|p2b: Heracross|77/100
|-damage|p1a: Sweetie pie|90/100|[from] item: Life Orb
|cant|p2b: Heracross|flinch
|
|upkeep
|turn|3
|j| perfect lamppost
|
|t:|1784806937
|switch|p1a: Donuts|Tyranitar, L50, M|100/100
|-weather|Sandstorm|[from] ability: Sand Stream|[of] p1a: Donuts
|move|p2a: Lopunny|Ice Punch|p1a: Donuts
|-damage|p1a: Donuts|85/100
|move|p2b: Heracross|Rock Blast|p1b: MVP
|-supereffective|p1b: MVP|1
|-damage|p1b: MVP|36/100
|-enditem|p1b: MVP|Sitrus Berry|[eat]
|-heal|p1b: MVP|61/100|[from] item: Sitrus Berry
|-supereffective|p1b: MVP|1
|-crit|p1b: MVP
|-damage|p1b: MVP|23/100
|-supereffective|p1b: MVP|1
|-damage|p1b: MVP|0 fnt
|faint|p1b: MVP
|-hitcount|p1: MVP|3
|
|-weather|Sandstorm|[upkeep]
|-damage|p2a: Lopunny|94/100|[from] Sandstorm
|-damage|p2b: Heracross|71/100|[from] Sandstorm
|upkeep
|
|t:|1784806956
|switch|p1b: Honey|Tinkaton, L50, F|100/100
|turn|4
|
|t:|1784807025
|switch|p2a: Pelipper|Pelipper, L50, F|100/100
|-weather|RainDance|[from] ability: Drizzle|[of] p2a: Pelipper
|switch|p2b: Archaludon|Archaludon, L50, M|100/100
|detailschange|p1a: Donuts|Tyranitar-Mega, L50, M
|-mega|p1a: Donuts|Tyranitar|Tyranitarite
|-weather|Sandstorm|[from] ability: Sand Stream|[of] p1a: Donuts
|move|p1b: Honey|Fake Out|p2b: Archaludon
|-resisted|p2b: Archaludon|1
|-damage|p2b: Archaludon|95/100
|-ability|p2b: Archaludon|Stamina|boost
|-boost|p2b: Archaludon|def|1
|move|p1a: Donuts|Rock Slide|p2a: Pelipper|[spread] p2a,p2b
|-supereffective|p2a: Pelipper|1
|-resisted|p2b: Archaludon|1
|-damage|p2a: Pelipper|13/100
|-damage|p2b: Archaludon|85/100
|-ability|p2b: Archaludon|Stamina|boost
|-boost|p2b: Archaludon|def|1
|-enditem|p2a: Pelipper|Sitrus Berry|[eat]
|-heal|p2a: Pelipper|38/100|[from] item: Sitrus Berry
|
|-weather|Sandstorm|[upkeep]
|-damage|p2a: Pelipper|32/100|[from] Sandstorm
|-heal|p2b: Archaludon|91/100|[from] item: Leftovers
|upkeep
|turn|5
|
|t:|1784807077
|move|p1a: Donuts|Protect|p1a: Donuts
|-singleturn|p1a: Donuts|Protect
|move|p2a: Pelipper|Wide Guard|p2a: Pelipper
|-singleturn|p2a: Pelipper|Wide Guard
|move|p1b: Honey|Play Rough|p2a: Pelipper
|-damage|p2a: Pelipper|0 fnt
|faint|p2a: Pelipper
|move|p2b: Archaludon|Flash Cannon|p1a: Donuts
|-activate|p1a: Donuts|move: Protect
|
|-weather|Sandstorm|[upkeep]
|-heal|p2b: Archaludon|97/100|[from] item: Leftovers
|upkeep
|
|t:|1784807091
|switch|p2a: Lopunny|Lopunny, L50, F|94/100
|turn|6
|
|t:|1784807120
|move|p2a: Lopunny|Fake Out|p1b: Honey
|-resisted|p1b: Honey|1
|-damage|p1b: Honey|90/100
|cant|p1b: Honey|flinch
|move|p2b: Archaludon|Flash Cannon|p1a: Donuts
|-supereffective|p1a: Donuts|1
|-damage|p1a: Donuts|44/100
|move|p1a: Donuts|Brick Break|p2b: Archaludon
|-supereffective|p2b: Archaludon|1
|-damage|p2b: Archaludon|67/100
|-ability|p2b: Archaludon|Stamina|boost
|-boost|p2b: Archaludon|def|1
|
|-weather|Sandstorm|[upkeep]
|-damage|p2a: Lopunny|88/100|[from] Sandstorm
|-heal|p2b: Archaludon|73/100|[from] item: Leftovers
|upkeep
|turn|7
|
|t:|1784807146
|move|p2a: Lopunny|Ice Punch|p1a: Donuts
|-damage|p1a: Donuts|33/100
|-status|p1a: Donuts|frz
|move|p1b: Honey|Encore|p2a: Lopunny
|-start|p2a: Lopunny|Encore
|move|p2b: Archaludon|Flash Cannon|p1a: Donuts
|-supereffective|p1a: Donuts|1
|-damage|p1a: Donuts|0 fnt
|faint|p1a: Donuts
|
|-weather|Sandstorm|[upkeep]
|-damage|p2a: Lopunny|83/100|[from] Sandstorm
|-heal|p2b: Archaludon|79/100|[from] item: Leftovers
|upkeep
|
|t:|1784807162
|switch|p1a: Sweetie pie|Garchomp, L50, F|90/100
|turn|8
|c| prythium|:sob: trying to encore fake out but being too slow is so sad
|
|t:|1784807202
|move|p1a: Sweetie pie|Protect|p1a: Sweetie pie
|-singleturn|p1a: Sweetie pie|Protect
|move|p2a: Lopunny|Ice Punch|p1a: Sweetie pie
|-activate|p1a: Sweetie pie|move: Protect
|move|p1b: Honey|Gigaton Hammer|p2a: Lopunny
|-damage|p2a: Lopunny|0 fnt
|faint|p2a: Lopunny
|move|p2b: Archaludon|Dragon Pulse|p1a: Sweetie pie
|-activate|p1a: Sweetie pie|move: Protect
|
|-weather|none
|-heal|p2b: Archaludon|85/100|[from] item: Leftovers
|upkeep
|
|t:|1784807206
|switch|p2a: Heracross|Heracross-Mega, L50, F|71/100
|turn|9
|
|t:|1784807237
|move|p1a: Sweetie pie|Earthquake|p2a: Heracross|[spread] p1b,p2a,p2b
|-supereffective|p1b: Honey|1
|-enditem|p1b: Honey|Shuca Berry|[eat]
|-enditem|p1b: Honey|Shuca Berry|[weaken]
|-resisted|p2a: Heracross|1
|-supereffective|p2b: Archaludon|1
|-damage|p1b: Honey|26/100
|-damage|p2a: Heracross|50/100g
|-damage|p2b: Archaludon|50/100g
|-ability|p2b: Archaludon|Stamina|boost
|-boost|p2b: Archaludon|def|1
|-damage|p1a: Sweetie pie|80/100|[from] item: Life Orb
|move|p1b: Honey|Encore|p2b: Archaludon
|-start|p2b: Archaludon|Encore
|move|p2b: Archaludon|Dragon Pulse|p1a: Sweetie pie
|-supereffective|p1a: Sweetie pie|1
|-damage|p1a: Sweetie pie|0 fnt
|faint|p1a: Sweetie pie
|move|p2a: Heracross|Pin Missile|p1b: Honey
|-resisted|p1b: Honey|2
|-damage|p1b: Honey|19/100
|-resisted|p1b: Honey|2
|-damage|p1b: Honey|12/100
|-resisted|p1b: Honey|2
|-damage|p1b: Honey|6/100
|-resisted|p1b: Honey|2
|-damage|p1b: Honey|1/100
|-resisted|p1b: Honey|2
|-damage|p1b: Honey|0 fnt
|faint|p1b: Honey
|-hitcount|p1: Honey|5
|
|win|skywarrior29
