|j|â˜†PursatiEvol
|j|â˜†Gyra78
|html|PursatiEvolGyra78    
|uhtml|bestof|Game 3 of a best-of-3
|t:|1756697773
|gametype|doubles
|player|p1|PursatiEvol|169|1222
|player|p2|Gyra78|volkner|1265
|gen|9
|tier|[Gen 9] VGC 2025 Reg H (Bo3)
|rated|
|rule|Species Clause: Limit one of each PokÃ©mon
|rule|Item Clause: Limit 1 of each item
|clearpoke
|poke|p1|Sneasler, L50, F|
|poke|p1|Dragapult, L50, M|
|poke|p1|Primarina, L50, M|
|poke|p1|Rillaboom, L50, M|
|poke|p1|Kingambit, L50, M|
|poke|p1|Magmar, L50, F|
|poke|p2|Basculegion, L50, M|
|poke|p2|Pelipper, L50, M|
|poke|p2|Archaludon, L50, M|
|poke|p2|Incineroar, L50, M|
|poke|p2|Gholdengo, L50|
|poke|p2|Amoonguss, L50, M|
|teampreview|4
|showteam|p1|Sneasler||FocusSash|PoisonTouch|CloseCombat,DireClaw,FakeOut,Protect|||F|||50|,,,,,Stellar]Dragapult||ChoiceBand|ClearBody|DragonDarts,TeraBlast,PhantomForce,Uturn|||M|||50|,,,,,Ghost]Primarina||SitrusBerry|LiquidVoice|HyperVoice,Moonblast,Haze,Protect|||M|||50|,,,,,Water]Rillaboom||AssaultVest|GrassySurge|WoodHammer,GrassyGlide,HighHorsepower,FakeOut|||M|||50|,,,,,Fire]Kingambit||BlackGlasses|Defiant|KowtowCleave,SuckerPunch,SwordsDance,Protect|||M|||50|,,,,,Ghost]Magmar||Eviolite|VitalSpirit|Overheat,WillOWisp,FollowMe,Protect|||F|||50|,,,,,Ghost
|showteam|p2|Basculegion||LifeOrb|SwiftSwim|WaveCrash,LastRespects,Protect,FlipTurn|||M|||50|,,,,,Grass]Pelipper||FocusSash|Drizzle|Protect,Hurricane,WeatherBall,Tailwind|||M|||50|,,,,,Ghost]Archaludon||AssaultVest|Stamina|ElectroShot,DracoMeteor,Snarl,BodyPress|||M|||50|,,,,,Grass]Incineroar||SafetyGoggles|Intimidate|FakeOut,PartingShot,Taunt,KnockOff|||M|||50|,,,,,Bug]Gholdengo||SitrusBerry|GoodasGold|MakeItRain,ShadowBall,NastyPlot,Protect||||||50|,,,,,Dragon]Amoonguss||RockyHelmet|Regenerator|Spore,RagePowder,PollenPuff,Protect|||M|||50|,,,,,Water
|inactive|Battle timer is ON: inactive players will automatically lose when time's up. (requested by Gyra78)
|j| bfwpikadrew
|inactive|Gyra78 has 60 seconds left.
|
|t:|1756697811
|teamsize|p1|4
|teamsize|p2|4
|start
|switch|p1a: Rillaboom|Rillaboom, L50, M|100/100
|switch|p1b: Kingambit|Kingambit, L50, M|100/100
|switch|p2a: ACâš¡ï¸ŽDC|Archaludon, L50, M, shiny|100/100
|switch|p2b: Alfredo|Amoonguss, L50, M, shiny|100/100
|-fieldstart|move: Grassy Terrain|[from] ability: Grassy Surge|[of] p1a: Rillaboom
|turn|1
|
|t:|1756697826
|move|p1a: Rillaboom|Fake Out|p2b: Alfredo
|-damage|p2b: Alfredo|89/100
|-damage|p1a: Rillaboom|84/100|[from] item: Rocky Helmet|[of] p2b: Alfredo
|move|p2a: ACâš¡ï¸ŽDC|Draco Meteor|p1b: Kingambit|[miss]
|-miss|p2a: ACâš¡ï¸ŽDC|p1b: Kingambit
|move|p1b: Kingambit|Swords Dance|p1b: Kingambit
|-boost|p1b: Kingambit|atk|2
|cant|p2b: Alfredo|flinch
|
|-heal|p1a: Rillaboom|90/100|[from] Grassy Terrain
|-heal|p2b: Alfredo|95/100|[from] Grassy Terrain
|upkeep
|turn|2
|inactive|Gyra78 has 30 seconds left.
|inactive|Gyra78 has 20 seconds left.
|inactive|Gyra78 has 15 seconds left.
|
|t:|1756697870
|switch|p2b: Sticky Feet|Pelipper, L50, M, shiny|100/100
|-weather|RainDance|[from] ability: Drizzle|[of] p2b: Sticky Feet
|move|p1b: Kingambit|Protect|p1b: Kingambit
|-singleturn|p1b: Kingambit|Protect
|move|p1a: Rillaboom|High Horsepower|p2b: Sticky Feet
|-immune|p2b: Sticky Feet
|move|p2a: ACâš¡ï¸ŽDC|Electro Shot||[still]
|-prepare|p2a: ACâš¡ï¸ŽDC|Electro Shot
|-boost|p2a: ACâš¡ï¸ŽDC|spa|1
|-anim|p2a: ACâš¡ï¸ŽDC|Electro Shot|p1b: Kingambit
|-activate|p1b: Kingambit|move: Protect
|
|-weather|RainDance|[upkeep]
|-heal|p1a: Rillaboom|96/100|[from] Grassy Terrain
|upkeep
|turn|3
|inactive|Gyra78 has 30 seconds left.
|inactive|Gyra78 has 20 seconds left.
|inactive|Gyra78 has 15 seconds left.
|
|t:|1756697913
|move|p1b: Kingambit|Sucker Punch|p2a: ACâš¡ï¸ŽDC
|-damage|p2a: ACâš¡ï¸ŽDC|25/100
|-ability|p2a: ACâš¡ï¸ŽDC|Stamina|boost
|-boost|p2a: ACâš¡ï¸ŽDC|def|1
|move|p1a: Rillaboom|High Horsepower|p2a: ACâš¡ï¸ŽDC|[miss]
|-miss|p1a: Rillaboom|p2a: ACâš¡ï¸ŽDC
|move|p2b: Sticky Feet|Weather Ball|p1b: Kingambit
|-damage|p1b: Kingambit|35/100
|move|p2a: ACâš¡ï¸ŽDC|Draco Meteor|p1b: Kingambit
|-resisted|p1b: Kingambit
|-damage|p1b: Kingambit|0 fnt
|-unboost|p2a: ACâš¡ï¸ŽDC|spa|2
|faint|p1b: Kingambit
|
|-weather|RainDance|[upkeep]
|-heal|p1a: Rillaboom|100/100|[from] Grassy Terrain
|-heal|p2a: ACâš¡ï¸ŽDC|31/100|[from] Grassy Terrain
|upkeep
|inactive|PursatiEvol has 30 seconds left.
|
|t:|1756697941
|switch|p1b: Sneasler|Sneasler, L50, F|100/100
|turn|4
|
|t:|1756697966
|switch|p2a: Alfredo|Amoonguss, L50, M, shiny|100/100
|move|p1b: Sneasler|Dire Claw|p2b: Sticky Feet
|-damage|p2b: Sticky Feet|44/100
|move|p1a: Rillaboom|Wood Hammer|p2b: Sticky Feet
|-damage|p2b: Sticky Feet|0 fnt
|faint|p2b: Sticky Feet
|-damage|p1a: Rillaboom|90/100|[from] Recoil
|
|-weather|RainDance|[upkeep]
|-heal|p1a: Rillaboom|96/100|[from] Grassy Terrain
|upkeep
|
|t:|1756697983
|switch|p2b: Davy Jones|Basculegion, L50, M, shiny|100/100
|turn|5
|
|t:|1756698007
|-terastallize|p2b: Davy Jones|Grass
|move|p1b: Sneasler|Protect|p1b: Sneasler
|-singleturn|p1b: Sneasler|Protect
|move|p2a: Alfredo|Rage Powder|p2a: Alfredo
|-singleturn|p2a: Alfredo|move: Rage Powder
|move|p2b: Davy Jones|Last Respects|p1a: Rillaboom
|-damage|p1a: Rillaboom|35/100
|-damage|p2b: Davy Jones|90/100|[from] item: Life Orb
|move|p1a: Rillaboom|High Horsepower|p2b: Davy Jones
|-resisted|p2b: Davy Jones
|-damage|p2b: Davy Jones|67/100
|
|-weather|RainDance|[upkeep]
|-heal|p2b: Davy Jones|73/100|[from] Grassy Terrain
|-heal|p1a: Rillaboom|41/100|[from] Grassy Terrain
|-fieldend|move: Grassy Terrain
|upkeep
|turn|6
|inactive|PursatiEvol has 30 seconds left.
|inactive|Gyra78 has 30 seconds left.
|j| teamthief420
|inactive|PursatiEvol has 20 seconds left.
|inactive|PursatiEvol has 15 seconds left.
|inactive|Gyra78 has 20 seconds left.
|inactive|Gyra78 has 15 seconds left.
|inactive|Gyra78 has 10 seconds left.
|
|t:|1756698061
|move|p2a: Alfredo|Rage Powder|p2a: Alfredo
|-singleturn|p2a: Alfredo|move: Rage Powder
|move|p2b: Davy Jones|Last Respects|p1b: Sneasler
|-enditem|p1b: Sneasler|Focus Sash
|-damage|p1b: Sneasler|1/100
|-damage|p2b: Davy Jones|63/100|[from] item: Life Orb
|move|p1b: Sneasler|Dire Claw|p2a: Alfredo
|-damage|p2a: Alfredo|66/100
|-damage|p1b: Sneasler|0 fnt|[from] item: Rocky Helmet|[of] p2a: Alfredo
|faint|p1b: Sneasler
|move|p1a: Rillaboom|Wood Hammer|p2b: Davy Jones
|-resisted|p2b: Davy Jones
|-damage|p2b: Davy Jones|20/100
|-damage|p1a: Rillaboom|26/100|[from] Recoil
|
|-weather|none
|upkeep
|
|t:|1756698075
|switch|p1b: Dragapult|Dragapult, L50, M|100/100
|turn|7
|
|t:|1756698099
|-terastallize|p1b: Dragapult|Ghost
|move|p2a: Alfredo|Rage Powder|p2a: Alfredo
|-singleturn|p2a: Alfredo|move: Rage Powder
|move|p1b: Dragapult|Tera Blast|p2a: Alfredo|[anim] Tera Blast Ghost
|-damage|p2a: Alfredo|0 fnt
|faint|p2a: Alfredo
|move|p2b: Davy Jones|Last Respects|p1b: Dragapult
|-supereffective|p1b: Dragapult
|-damage|p1b: Dragapult|0 fnt
|faint|p1b: Dragapult
|-damage|p2b: Davy Jones|10/100|[from] item: Life Orb
|move|p1a: Rillaboom|Wood Hammer|p2b: Davy Jones
|-resisted|p2b: Davy Jones
|-damage|p2b: Davy Jones|0 fnt
|faint|p2b: Davy Jones
|-damage|p1a: Rillaboom|23/100|[from] Recoil
|
|upkeep
|
|t:|1756698111
|switch|p2b: ACâš¡ï¸ŽDC|Archaludon, L50, M, shiny|31/100
|turn|8
|
|t:|1756698127
|move|p1a: Rillaboom|High Horsepower|p2b: ACâš¡ï¸ŽDC
|-supereffective|p2b: ACâš¡ï¸ŽDC
|-damage|p2b: ACâš¡ï¸ŽDC|0 fnt
|faint|p2b: ACâš¡ï¸ŽDC
|
|win|PursatiEvol
|raw|PursatiEvol's rating: 1222 → 1250(+28 for winning)
|raw|Gyra78's rating: 1265 → 1237(-28 for losing)
|l|â˜†Gyra78
|player|p2|
|l| bfwpikadrew
|l| teamthief420
