|j|☆dragapultintin
|j|☆Competiversionofme
|html|dragapultintinCompetiversionofme    
|uhtml|bestof|Game 2 of a best-of-3
|t:|1786012872
|gametype|doubles
|player|p1|dragapultintin|ethan-gen2|1187
|player|p2|Competiversionofme|alder|1070
|gen|9
|tier|[Gen 9 Champions] VGC 2026 Reg M-B (Bo3)
|rated|
|rule|Species Clause: Limit one of each Pokémon
|rule|Item Clause: Limit 1 of each item
|clearpoke
|poke|p1|Charizard, L50, F, shiny|
|poke|p1|Whimsicott, L50, F|
|poke|p1|Mawile, L50, F, shiny|
|poke|p1|Kingambit, L50, F|
|poke|p1|Farigiraf, L50, F|
|poke|p1|Basculegion, L50, M, shiny|
|poke|p2|Gyarados, L50, M|
|poke|p2|Tyranitar, L50, F|
|poke|p2|Gholdengo, L50|
|poke|p2|Garchomp, L50, F|
|poke|p2|Sneasler, L50, F|
|poke|p2|Sinistcha, L50|
|teampreview|4
|showteam|p1|Charizard||CharizarditeY|SolarPower|HeatWave,WeatherBall,SolarBeam,Protect|Modest||F|||50|]Whimsicott||FocusSash|Prankster|Moonblast,Tailwind,Encore,Protect|Timid||F|||50|]Mawile||Mawilite|HyperCutter|PlayRough,Protect,RockSlide,SuckerPunch|Adamant||F|||50|]Kingambit||LifeOrb|Defiant|KowtowCleave,SuckerPunch,SwordsDance,Protect|Adamant||F|||50|]Farigiraf||SitrusBerry|ArmorTail|Psychic,Thunderbolt,TrickRoom,HelpingHand|Modest||F|||50|]Basculegion||MysticWater|Adaptability|WaveCrash,AquaJet,LastRespects,Protect|Adamant||M|||50|
|showteam|p2|Gyarados||Gyaradosite|Intimidate|LashOut,DragonDance,Waterfall,Protect|Jolly||M|||50|]Tyranitar||ChoiceScarf|SandStream|RockSlide,KnockOff,IcePunch,LowKick|Jolly||F|||50|]Gholdengo||LifeOrb|GoodasGold|ShadowBall,MakeItRain,NastyPlot,Protect|Modest|||||50|]Garchomp||Garchompite|RoughSkin|DracoMeteor,EarthPower,PowerGem,Protect|Modest||F|||50|]Sneasler||WhiteHerb|Unburden|DireClaw,CloseCombat,FakeOut,Protect|Jolly||F|||50|]Sinistcha||SitrusBerry|Hospitality|MatchaGotcha,RagePowder,TrickRoom,Protect|Calm|||||50|
|inactive|Battle timer is ON: inactive players will automatically lose when time's up. (requested by dragapultintin)
|inactive|dragapultintin has 60 seconds left.
|inactive|Competiversionofme has 60 seconds left.
|inactive|dragapultintin has 30 seconds left.
|
|t:|1786012939
|teamsize|p1|4
|teamsize|p2|4
|start
|switch|p1a: Charizard|Charizard, L50, F, shiny|100/100
|switch|p1b: Whimsicott|Whimsicott, L50, F|100/100
|switch|p2a: Tyranitar|Tyranitar, L50, F|100/100
|switch|p2b: Sneasler|Sneasler, L50, F|100/100
|-weather|Sandstorm|[from] ability: Sand Stream|[of] p2a: Tyranitar
|turn|1
|inactive|dragapultintin has 30 seconds left.
|inactive|dragapultintin has 20 seconds left.
|
|t:|1786012978
|switch|p1a: Farigiraf|Farigiraf, L50, F|100/100
|move|p2b: Sneasler|Fake Out||[still]
|cant|p1a: Farigiraf|ability: Armor Tail|Fake Out|[of] p2b: Sneasler
|move|p1b: Whimsicott|Tailwind|p1b: Whimsicott
|-sidestart|p1: dragapultintin|move: Tailwind
|move|p2a: Tyranitar|Rock Slide|p1a: Farigiraf|[spread] p1a,p1b
|-damage|p1a: Farigiraf|72/100
|-damage|p1b: Whimsicott|51/100
|
|-weather|Sandstorm|[upkeep]
|-damage|p1b: Whimsicott|45/100|[from] Sandstorm
|-damage|p2b: Sneasler|94/100|[from] Sandstorm
|-damage|p1a: Farigiraf|66/100|[from] Sandstorm
|upkeep
|turn|2
|
|t:|1786012986
|switch|p1b: Basculegion|Basculegion, L50, M, shiny|100/100
|switch|p2b: Gyarados|Gyarados, L50, M|100/100
|-ability|p2b: Gyarados|Intimidate|boost
|-unboost|p1a: Farigiraf|atk|1
|-unboost|p1b: Basculegion|atk|1
|move|p2a: Tyranitar|Rock Slide|p1b: Basculegion|[spread] p1a
|-miss|p2a: Tyranitar|p1b: Basculegion
|-damage|p1a: Farigiraf|37/100
|-enditem|p1a: Farigiraf|Sitrus Berry|[eat]
|-heal|p1a: Farigiraf|62/100|[from] item: Sitrus Berry
|cant|p1a: Farigiraf|flinch
|
|-weather|Sandstorm|[upkeep]
|-damage|p1b: Basculegion|94/100|[from] Sandstorm
|-damage|p1a: Farigiraf|56/100|[from] Sandstorm
|-damage|p2b: Gyarados|94/100|[from] Sandstorm
|upkeep
|turn|3
|
|t:|1786013007
|detailschange|p2b: Gyarados|Gyarados-Mega, L50, M
|-mega|p2b: Gyarados|Gyarados|Gyaradosite
|-ability|p2b: Gyarados|Mold Breaker
|move|p1b: Basculegion|Wave Crash|p2a: Tyranitar
|-supereffective|p2a: Tyranitar|1
|-damage|p2a: Tyranitar|0 fnt
|faint|p2a: Tyranitar
|-damage|p1b: Basculegion|66/100|[from] Recoil
|move|p1a: Farigiraf|Thunderbolt|p2b: Gyarados
|-supereffective|p2b: Gyarados|1
|-damage|p2b: Gyarados|52/100
|move|p2b: Gyarados|Dragon Dance|p2b: Gyarados
|-boost|p2b: Gyarados|atk|1
|-boost|p2b: Gyarados|spe|1
|
|-weather|Sandstorm|[upkeep]
|-damage|p1b: Basculegion|60/100|[from] Sandstorm
|-damage|p2b: Gyarados|46/100|[from] Sandstorm
|-damage|p1a: Farigiraf|50/100g|[from] Sandstorm
|upkeep
|
|t:|1786013018
|switch|p2a: Sinistcha|Sinistcha, L50|100/100
|-heal|p2b: Gyarados|71/100|[from] ability: Hospitality|[of] p2a: Sinistcha
|turn|4
|
|t:|1786013033
|move|p2a: Sinistcha|Rage Powder|p2a: Sinistcha
|-singleturn|p2a: Sinistcha|move: Rage Powder
|move|p1b: Basculegion|Last Respects|p2a: Sinistcha
|-supereffective|p2a: Sinistcha|1
|-damage|p2a: Sinistcha|55/100
|move|p2b: Gyarados|Dragon Dance|p2b: Gyarados
|-boost|p2b: Gyarados|atk|1
|-boost|p2b: Gyarados|spe|1
|move|p1a: Farigiraf|Psychic|p2a: Sinistcha
|-damage|p2a: Sinistcha|26/100
|-enditem|p2a: Sinistcha|Sitrus Berry|[eat]
|-heal|p2a: Sinistcha|51/100|[from] item: Sitrus Berry
|
|-weather|Sandstorm|[upkeep]
|-damage|p2b: Gyarados|65/100|[from] Sandstorm
|-damage|p1b: Basculegion|54/100|[from] Sandstorm
|-damage|p1a: Farigiraf|44/100|[from] Sandstorm
|-damage|p2a: Sinistcha|44/100|[from] Sandstorm
|-sideend|p1: dragapultintin|move: Tailwind
|upkeep
|turn|5
|
|t:|1786013051
|move|p2a: Sinistcha|Rage Powder|p2a: Sinistcha
|-singleturn|p2a: Sinistcha|move: Rage Powder
|move|p2b: Gyarados|Lash Out|p1b: Basculegion
|-supereffective|p1b: Basculegion|1
|-damage|p1b: Basculegion|0 fnt
|faint|p1b: Basculegion
|move|p1a: Farigiraf|Trick Room|p1a: Farigiraf
|-fieldstart|move: Trick Room|[of] p1a: Farigiraf
|
|-weather|none
|upkeep
|
|t:|1786013055
|switch|p1b: Charizard|Charizard, L50, F, shiny|100/100
|turn|6
|
|t:|1786013060
|detailschange|p1b: Charizard|Charizard-Mega-Y, L50, F, shiny
|-mega|p1b: Charizard|Charizard|Charizardite Y
|-weather|SunnyDay|[from] ability: Drought|[of] p1b: Charizard
|move|p1a: Farigiraf|Thunderbolt|p2b: Gyarados
|-supereffective|p2b: Gyarados|1
|-damage|p2b: Gyarados|21/100
|move|p1b: Charizard|Heat Wave|p2a: Sinistcha|[spread] p2a,p2b
|-supereffective|p2a: Sinistcha|1
|-resisted|p2b: Gyarados|1
|-damage|p2a: Sinistcha|0 fnt
|-damage|p2b: Gyarados|0 fnt
|faint|p2a: Sinistcha
|faint|p2b: Gyarados
|
|-weather|SunnyDay|[upkeep]
|upkeep
|
|t:|1786013085
|switch|p2b: Sneasler|Sneasler, L50, F|94/100
|turn|7
|
|t:|1786013091
|move|p1a: Farigiraf|Psychic|p2b: Sneasler
|-supereffective|p2b: Sneasler|2
|-damage|p2b: Sneasler|0 fnt
|faint|p2b: Sneasler
|
|win|dragapultintin
|raw|dragapultintin's rating: 1187 → 1204(+17 for winning)
|raw|Competiversionofme's rating: 1070 → 1056(-14 for losing)
|l|☆Competiversionofme
|player|p2|
