|j|☆swarley3000
|j|☆Amphbros4Ever
|html|swarley3000Amphbros4Ever    
|uhtml|bestof|Game 3 of a best-of-3
|t:|1785865670
|gametype|doubles
|player|p1|swarley3000|arven-s|1387
|player|p2|Amphbros4Ever|102|1487
|gen|9
|tier|[Gen 9 Champions] VGC 2026 Reg M-B (Bo3)
|rated|
|rule|Species Clause: Limit one of each Pokémon
|rule|Item Clause: Limit 1 of each item
|clearpoke
|poke|p1|Whimsicott, L50, F|
|poke|p1|Basculegion, L50, M|
|poke|p1|Kingambit, L50, M|
|poke|p1|Floette-Eternal, L50, F|
|poke|p1|Charizard, L50, M|
|poke|p1|Garchomp, L50, M|
|poke|p2|Garchomp, L50, F|
|poke|p2|Gholdengo, L50|
|poke|p2|Sinistcha, L50|
|poke|p2|Incineroar, L50, M|
|poke|p2|Floette-Eternal, L50, F|
|poke|p2|Charizard, L50, M|
|teampreview|4
|showteam|p1|Whimsicott||FocusSash|Prankster|Protect,Moonblast,Encore,Tailwind|Timid||F|||50|]Basculegion||LifeOrb|Adaptability|Protect,WaveCrash,LastRespects,AquaJet|Adamant||M|||50|]Kingambit||BlackGlasses|Defiant|Protect,SuckerPunch,LowKick,KowtowCleave|Adamant||M|||50|]Floette-Eternal||Floettite|FlowerVeil|Protect,Moonblast,DazzlingGleam,LightofRuin|Modest||F|||50|]Charizard||CharizarditeY|Blaze|Protect,HeatWave,WeatherBall,SolarBeam|Modest||M|||50|]Garchomp||SitrusBerry|RoughSkin|PoisonJab,DragonClaw,RockSlide,Earthquake|Adamant||M|||50|
|showteam|p2|Garchomp||ChoiceScarf|RoughSkin|RockSlide,DragonClaw,Earthquake,StompingTantrum|Adamant||F|||50|]Gholdengo||FocusSash|GoodasGold|MakeItRain,ShadowBall,PowerGem,Protect|Timid|||||50|]Sinistcha||KasibBerry|Hospitality|MatchaGotcha,RagePowder,TrickRoom,Protect|Relaxed|||||50|]Incineroar||SitrusBerry|Intimidate|FlareBlitz,ThroatChop,PartingShot,FakeOut|Careful||M|||50|]Floette-Eternal||Floettite|FlowerVeil|DazzlingGleam,Moonblast,CalmMind,Protect|Modest||F|||50|]Charizard||CharizarditeY|Blaze|HeatWave,WeatherBall,SolarBeam,Protect|Modest||M|||50|
|inactive|Battle timer is ON: inactive players will automatically lose when time's up. (requested by swarley3000)
|inactive|swarley3000 has 60 seconds left.
|
|t:|1785865714
|teamsize|p1|4
|teamsize|p2|4
|start
|switch|p1a: Garchomp|Garchomp, L50, M|100/100
|switch|p1b: Kingambit|Kingambit, L50, M|100/100
|switch|p2a: Floette|Floette-Eternal, L50, F|100/100
|switch|p2b: Incineroar|Incineroar, L50, M|100/100
|-ability|p2b: Incineroar|Intimidate|boost
|-unboost|p1a: Garchomp|atk|1
|-unboost|p1b: Kingambit|atk|1
|-ability|p1b: Kingambit|Defiant|boost
|-boost|p1b: Kingambit|atk|2
|turn|1
|
|t:|1785865730
|detailschange|p2a: Floette|Floette-Mega, L50, F
|-mega|p2a: Floette|Floette|Floettite
|-ability|p2a: Floette|Fairy Aura
|move|p1b: Kingambit|Sucker Punch||[still]
|-fail|p1b: Kingambit
|move|p2a: Floette|Calm Mind|p2a: Floette
|-boost|p2a: Floette|spa|1
|-boost|p2a: Floette|spd|1
|move|p1a: Garchomp|Poison Jab|p2a: Floette
|-supereffective|p2a: Floette|1
|-damage|p2a: Floette|59/100
|-status|p2a: Floette|psn
|move|p2b: Incineroar|Parting Shot|p1a: Garchomp
|-unboost|p1a: Garchomp|atk|1
|-unboost|p1a: Garchomp|spa|1
|
|t:|1785865736
|switch|p2b: WeCanMakeItBetter|Sinistcha, L50|100/100|[from] Parting Shot
|-heal|p2a: Floette|84/100 psn|[from] ability: Hospitality|[of] p2b: WeCanMakeItBetter
|
|-damage|p2a: Floette|72/100 psn|[from] psn
|upkeep
|turn|2
|
|t:|1785865747
|switch|p1a: Charizard|Charizard, L50, M|100/100
|switch|p2b: Incineroar|Incineroar, L50, M|100/100
|-ability|p2b: Incineroar|Intimidate|boost
|-unboost|p1a: Charizard|atk|1
|-unboost|p1b: Kingambit|atk|1
|-ability|p1b: Kingambit|Defiant|boost
|-boost|p1b: Kingambit|atk|2
|move|p2a: Floette|Dazzling Gleam|p1b: Kingambit|[spread] p1a,p1b
|-resisted|p1a: Charizard|1
|-damage|p1a: Charizard|59/100
|-damage|p1b: Kingambit|28/100
|move|p1b: Kingambit|Kowtow Cleave|p2a: Floette
|-resisted|p2a: Floette|1
|-damage|p2a: Floette|8/100 psn
|
|-damage|p2a: Floette|0 fnt|[from] psn
|faint|p2a: Floette
|upkeep
|c|☆Amphbros4Ever|This is insane amount of hax man
|
|t:|1785865772
|switch|p2a: Gholdengo|Gholdengo, L50|100/100
|turn|3
|
|t:|1785865788
|switch|p1a: Garchomp|Garchomp, L50, M|100/100
|move|p1b: Kingambit|Protect|p1b: Kingambit
|-singleturn|p1b: Kingambit|Protect
|move|p2a: Gholdengo|Power Gem|p1a: Garchomp
|-resisted|p1a: Garchomp|1
|-damage|p1a: Garchomp|86/100
|move|p2b: Incineroar|Flare Blitz|p1b: Kingambit
|-activate|p1b: Kingambit|move: Protect
|
|upkeep
|turn|4
|c|☆Amphbros4Ever|like ok bro
|
|t:|1785865802
|switch|p1b: Charizard|Charizard, L50, M|59/100
|move|p2a: Gholdengo|Make It Rain|p1b: Charizard|[spread] p1a,p1b
|-resisted|p1b: Charizard|1
|-damage|p1a: Garchomp|41/100
|-damage|p1b: Charizard|30/100
|-unboost|p2a: Gholdengo|spa|2
|-enditem|p1a: Garchomp|Sitrus Berry|[eat]
|-heal|p1a: Garchomp|66/100|[from] item: Sitrus Berry
|move|p1a: Garchomp|Earthquake|p2a: Gholdengo|[spread] p2a,p2b
|-immune|p1b: Charizard
|-supereffective|p2a: Gholdengo|1
|-supereffective|p2b: Incineroar|1
|-damage|p2a: Gholdengo|4/100
|-damage|p2b: Incineroar|22/100
|-enditem|p2b: Incineroar|Sitrus Berry|[eat]
|-heal|p2b: Incineroar|47/100|[from] item: Sitrus Berry
|move|p2b: Incineroar|Flare Blitz|p1b: Charizard
|-resisted|p1b: Charizard|1
|-damage|p1b: Charizard|8/100
|-damage|p2b: Incineroar|41/100|[from] Recoil
|
|upkeep
|turn|5
|-message|Amphbros4Ever forfeited.
|
|win|swarley3000
|raw|swarley3000's rating: 1387 → 1413(+26 for winning)
|raw|Amphbros4Ever's rating: 1487 → 1461(-26 for losing)
