|j|☆tu_bb_1
|j|☆killdyl
|html|tu_bb_1killdyl    
|uhtml|bestof|Game 1 of a best-of-3
|t:|1785331854
|gametype|doubles
|player|p1|tu_bb_1|169|1000
|player|p2|killdyl|falkner-gen2|1000
|gen|9
|tier|[Gen 9 Champions] VGC 2026 Reg M-B (Bo3)
|rated|
|rule|Species Clause: Limit one of each Pokémon
|rule|Item Clause: Limit 1 of each item
|clearpoke
|poke|p1|Raichu, L50, M|
|poke|p1|Clefable, L50, F|
|poke|p1|Metagross, L50, shiny|
|poke|p1|Grimmsnarl, L50, M|
|poke|p1|Milotic, L50, F|
|poke|p1|Volcarona, L50, F|
|poke|p2|Venusaur, L50, M|
|poke|p2|Houndoom, L50, M|
|poke|p2|Annihilape, L50, M|
|poke|p2|Torkoal, L50, F|
|poke|p2|Kangaskhan, L50, F|
|poke|p2|Farigiraf, L50, F|
|teampreview|4
|showteam|p1|Raichu||RaichuniteY|LightningRod|FakeOut,Protect,Thunder,FocusBlast|Bold||M|||50|]Clefable||Clefablite|Unaware|HelpingHand,Moonblast,FollowMe,LifeDew|Bold||F|||50|]Metagross||Metagrossite|ClearBody|BodyPress,MeteorMash,RockSlide,PsychUp|Careful|||||50|]Grimmsnarl||LightClay|Prankster|LightScreen,Reflect,SpiritBreak,PartingShot|Impish||M|||50|]Milotic||LifeOrb|Competitive|Coil,HydroPump,Hypnosis,LifeDew|Modest||F|||50|]Volcarona||Leftovers|FlameBody|Tailwind,RagePowder,GigaDrain,FieryDance|Bold||F|||50|
|showteam|p2|Venusaur||LifeOrb|Chlorophyll|SludgeBomb,SolarBeam,EarthPower,Protect|Modest||M|||50|]Houndoom||Houndoominite|FlashFire|HeatWave,DarkPulse,Overheat,Protect|Timid||M|||50|]Annihilape||ChoiceScarf|Defiant|CloseCombat,IcePunch,RockSlide,Uturn|Adamant||M|||50|]Torkoal||Charcoal|Drought|Eruption,WeatherBall,HelpingHand,Protect|Quiet||F|||50|]Kangaskhan||Kangaskhanite|Scrappy|DoubleEdge,IcePunch,HammerArm,FakeOut|Adamant||F|||50|]Farigiraf||SitrusBerry|ArmorTail|Psychic,Thunderbolt,TrickRoom,HelpingHand|Bold||F|||50|
|inactive|Battle timer is ON: inactive players will automatically lose when time's up. (requested by killdyl)
|inactive|tu_bb_1 has 60 seconds left.
|inactive|killdyl has 60 seconds left.
|inactive|tu_bb_1 has 30 seconds left.
|
|t:|1785331921
|teamsize|p1|4
|teamsize|p2|4
|start
|switch|p1a: Grimmsnarl|Grimmsnarl, L50, M|100/100
|switch|p1b: Milotic|Milotic, L50, F|100/100
|switch|p2a: Farigiraf|Farigiraf, L50, F|100/100
|switch|p2b: Kangaskhan|Kangaskhan, L50, F|100/100
|turn|1
|inactive|killdyl has 30 seconds left.
|
|t:|1785331953
|detailschange|p2b: Kangaskhan|Kangaskhan-Mega, L50, F
|-mega|p2b: Kangaskhan|Kangaskhan|Kangaskhanite
|move|p2b: Kangaskhan|Fake Out|p1b: Milotic
|-damage|p1b: Milotic|75/100
|-damage|p1b: Milotic|70/100
|-hitcount|p1b: Milotic|2
|move|p1a: Grimmsnarl|Reflect|p1a: Grimmsnarl
|-sidestart|p1: tu_bb_1|Reflect
|cant|p1b: Milotic|flinch
|move|p2a: Farigiraf|Trick Room|p2a: Farigiraf
|-fieldstart|move: Trick Room|[of] p2a: Farigiraf
|
|upkeep
|turn|2
|inactive|tu_bb_1 has 30 seconds left.
|
|t:|1785331980
|switch|p1a: Metagross|Metagross, L50, shiny|100/100
|move|p2a: Farigiraf|Helping Hand|p2b: Kangaskhan
|-singleturn|p2b: Kangaskhan|Helping Hand|[of] p2a: Farigiraf
|move|p1b: Milotic|Coil|p1b: Milotic
|-boost|p1b: Milotic|atk|1
|-boost|p1b: Milotic|def|1
|-boost|p1b: Milotic|accuracy|1
|move|p2b: Kangaskhan|Double-Edge|p1b: Milotic
|-damage|p1b: Milotic|26/100
|-damage|p1b: Milotic|14/100
|-hitcount|p1b: Milotic|2
|-damage|p2b: Kangaskhan|84/100|[from] Recoil
|
|upkeep
|turn|3
|inactive|tu_bb_1 has 30 seconds left.
|inactive|killdyl has 30 seconds left.
|inactive|killdyl has 20 seconds left.
|
|t:|1785332017
|move|p2a: Farigiraf|Thunderbolt|p1b: Milotic
|-supereffective|p1b: Milotic|1
|-damage|p1b: Milotic|0 fnt
|faint|p1b: Milotic
|move|p1a: Metagross|Psych Up|p1: Milotic|[notarget]
|-fail|p1a: Metagross
|move|p2b: Kangaskhan|Hammer Arm|p1a: Metagross
|-damage|p1a: Metagross|81/100
|-unboost|p2b: Kangaskhan|spe|1
|-damage|p1a: Metagross|77/100
|-unboost|p2b: Kangaskhan|spe|1
|-hitcount|p1a: Metagross|2
|
|upkeep
|
|t:|1785332028
|switch|p1b: Clefable|Clefable, L50, F|100/100
|turn|4
|inactive|tu_bb_1 has 30 seconds left.
|inactive|tu_bb_1 has 20 seconds left.
|
|t:|1785332065
|detailschange|p1a: Metagross|Metagross-Mega, L50, shiny
|-mega|p1a: Metagross|Metagross|Metagrossite
|move|p1b: Clefable|Follow Me|p1b: Clefable
|-singleturn|p1b: Clefable|move: Follow Me
|move|p2b: Kangaskhan|Double-Edge|p1b: Clefable
|-damage|p1b: Clefable|60/100
|-damage|p1b: Clefable|50/100g
|-hitcount|p1b: Clefable|2
|-damage|p2b: Kangaskhan|69/100|[from] Recoil
|move|p2a: Farigiraf|Thunderbolt|p1b: Clefable
|-damage|p1b: Clefable|31/100
|-status|p1b: Clefable|par
|move|p1a: Metagross|Body Press|p2b: Kangaskhan
|-supereffective|p2b: Kangaskhan|1
|-crit|p2b: Kangaskhan
|-damage|p2b: Kangaskhan|0 fnt
|faint|p2b: Kangaskhan
|
|upkeep
|
|t:|1785332082
|switch|p2b: Torkoal|Torkoal, L50, F|100/100
|-weather|SunnyDay|[from] ability: Drought|[of] p2b: Torkoal
|turn|5
|
|t:|1785332093
|move|p2a: Farigiraf|Helping Hand|p2b: Torkoal
|-singleturn|p2b: Torkoal|Helping Hand|[of] p2a: Farigiraf
|move|p2b: Torkoal|Eruption|p1a: Metagross|[spread] p1a,p1b
|-supereffective|p1a: Metagross|1
|-damage|p1a: Metagross|0 fnt
|-damage|p1b: Clefable|0 fnt
|faint|p1a: Metagross
|faint|p1b: Clefable
|
|-weather|SunnyDay|[upkeep]
|-fieldend|move: Trick Room
|upkeep
|
|t:|1785332100
|switch|p1b: Grimmsnarl|Grimmsnarl, L50, M|100/100
|turn|6
|-message|tu_bb_1 forfeited.
|
|win|killdyl
