|j|☆paupin gando
|j|☆onewinatworldsplz
|html|paupin gandoonewinatworldsplz    
|uhtml|bestof|Game 3 of a best-of-3
|t:|1754690422
|gametype|doubles
|player|p1|paupin gando|bruno|1282
|player|p2|onewinatworldsplz|pokemonranger-gen4|1460
|gen|9
|tier|[Gen 9] VGC 2025 Reg H (Bo3)
|rated|
|rule|Species Clause: Limit one of each Pokémon
|rule|Item Clause: Limit 1 of each item
|clearpoke
|poke|p1|Chesnaught, L50, M|
|poke|p1|Rillaboom, L50, M|
|poke|p1|Incineroar, L50, F|
|poke|p1|Archaludon, L50, M|
|poke|p1|Politoed, L50, F|
|poke|p1|Basculegion, L50, M|
|poke|p2|Kilowattrel, L50, M|
|poke|p2|Amoonguss, L50, M|
|poke|p2|Incineroar, L50, M|
|poke|p2|Porygon2, L50|
|poke|p2|Gholdengo, L50|
|poke|p2|Ursaluna, L50, M|
|teampreview|4
|showteam|p1|Chesnaught||SitrusBerry|Bulletproof|BellyDrum,GrassyGlide,DrainPunch,SpikyShield|||M|||50|,,,,,Fire]Rillaboom||AssaultVest|GrassySurge|FakeOut,DrumBeating,GrassyGlide,Uturn|||M|||50|,,,,,Poison]Incineroar||SafetyGoggles|Intimidate|FakeOut,Roar,PartingShot,KnockOff|||F|||50|,,,,,Bug]Archaludon||PowerHerb|Sturdy|ElectroShot,DragonPulse,FlashCannon,Protect|||M|||50|,,,,,Electric]Politoed||Leftovers|Drizzle|WeatherBall,Haze,Encore,Protect|||F|||50|,,,,,Grass]Basculegion||LifeOrb|SwiftSwim|WaveCrash,LastRespects,AquaJet,Protect|||M|||50|,,,,,Ghost
|showteam|p2|Kilowattrel||FocusSash|Competitive|Thunderbolt,AirSlash,Tailwind,Protect|||M|||50|,,,,,Fairy]Amoonguss||SitrusBerry|Regenerator|PollenPuff,Spore,RagePowder,Protect|||M|||50|,,,,,Water]Incineroar||SafetyGoggles|Intimidate|FakeOut,FlareBlitz,KnockOff,PartingShot|||M|||50|,,,,,Ghost]Porygon2||Eviolite|Download|TeraBlast,IceBeam,Recover,TrickRoom||||||50|,,,,,Fighting]Gholdengo||MetalCoat|GoodasGold|MakeItRain,ShadowBall,NastyPlot,Protect||||||50|,,,,,Flying]Ursaluna||FlameOrb|Guts|Facade,HeadlongRush,Earthquake,Protect|||M|||50|,,,,,Ghost
|inactive|Battle timer is ON: inactive players will automatically lose when time's up. (requested by onewinatworldsplz)
|
|t:|1754690474
|teamsize|p1|4
|teamsize|p2|4
|start
|switch|p1a: Bad Omens|Rillaboom, L50, M, shiny|100/100
|switch|p1b: Phoebe Bridgers|Archaludon, L50, M, shiny|100/100
|switch|p2a: Gholdengo|Gholdengo, L50|100/100
|switch|p2b: Kilowattrel|Kilowattrel, L50, M|100/100
|-fieldstart|move: Grassy Terrain|[from] ability: Grassy Surge|[of] p1a: Bad Omens
|turn|1
|
|t:|1754690500
|switch|p2b: Amoonguss|Amoonguss, L50, M|100/100
|-terastallize|p1b: Phoebe Bridgers|Electric
|move|p1a: Bad Omens|Fake Out|p2b: Amoonguss
|-damage|p2b: Amoonguss|89/100
|move|p1b: Phoebe Bridgers|Electro Shot||[still]
|-prepare|p1b: Phoebe Bridgers|Electro Shot
|-boost|p1b: Phoebe Bridgers|spa|1
|-enditem|p1b: Phoebe Bridgers|Power Herb
|-anim|p1b: Phoebe Bridgers|Electro Shot|p2a: Gholdengo
|-damage|p2a: Gholdengo|0 fnt
|faint|p2a: Gholdengo
|
|-heal|p2b: Amoonguss|95/100|[from] Grassy Terrain
|upkeep
|
|t:|1754690521
|switch|p2a: Kilowattrel|Kilowattrel, L50, M|100/100
|turn|2
|
|t:|1754690540
|move|p2a: Kilowattrel|Protect|p2a: Kilowattrel
|-singleturn|p2a: Kilowattrel|Protect
|move|p1b: Phoebe Bridgers|Protect|p1b: Phoebe Bridgers
|-singleturn|p1b: Phoebe Bridgers|Protect
|move|p1a: Bad Omens|U-turn|p2a: Kilowattrel
|-activate|p2a: Kilowattrel|move: Protect
|move|p2b: Amoonguss|Spore|p1b: Phoebe Bridgers
|-activate|p1b: Phoebe Bridgers|move: Protect
|
|-heal|p2b: Amoonguss|100/100|[from] Grassy Terrain
|upkeep
|turn|3
|
|t:|1754690558
|move|p2a: Kilowattrel|Air Slash|p1a: Bad Omens
|-supereffective|p1a: Bad Omens
|-crit|p1a: Bad Omens
|-damage|p1a: Bad Omens|13/100
|move|p1b: Phoebe Bridgers|Dragon Pulse|p2a: Kilowattrel
|-enditem|p2a: Kilowattrel|Focus Sash
|-damage|p2a: Kilowattrel|1/100
|cant|p1a: Bad Omens|flinch
|move|p2b: Amoonguss|Spore|p1b: Phoebe Bridgers
|-status|p1b: Phoebe Bridgers|slp|[from] move: Spore
|
|-heal|p1a: Bad Omens|19/100|[from] Grassy Terrain
|upkeep
|turn|4
|
|t:|1754690579
|switch|p2a: Incineroar|Incineroar, L50, M|100/100
|-ability|p2a: Incineroar|Intimidate|boost
|-unboost|p1a: Bad Omens|atk|1
|-unboost|p1b: Phoebe Bridgers|atk|1
|move|p1a: Bad Omens|Grassy Glide|p2a: Incineroar
|-resisted|p2a: Incineroar
|-damage|p2a: Incineroar|89/100
|cant|p1b: Phoebe Bridgers|slp
|move|p2b: Amoonguss|Spore|p1a: Bad Omens
|-immune|p1a: Bad Omens
|
|-heal|p1a: Bad Omens|25/100|[from] Grassy Terrain
|-heal|p2a: Incineroar|95/100|[from] Grassy Terrain
|upkeep
|turn|5
|
|t:|1754690600
|switch|p1a: Politoed|Politoed, L50, F|100/100
|-weather|RainDance|[from] ability: Drizzle|[of] p1a: Politoed
|cant|p1b: Phoebe Bridgers|slp
|move|p2a: Incineroar|Flare Blitz|p1b: Phoebe Bridgers
|-damage|p1b: Phoebe Bridgers|78/100 slp
|-damage|p2a: Incineroar|89/100|[from] Recoil
|move|p2b: Amoonguss|Pollen Puff|p1a: Politoed
|-damage|p1a: Politoed|85/100
|
|-weather|RainDance|[upkeep]
|-heal|p1b: Phoebe Bridgers|84/100 slp|[from] Grassy Terrain
|-heal|p2a: Incineroar|95/100|[from] Grassy Terrain
|-heal|p1a: Politoed|91/100|[from] Grassy Terrain
|-heal|p1a: Politoed|97/100|[from] item: Leftovers
|-fieldend|move: Grassy Terrain
|upkeep
|turn|6
|
|t:|1754690621
|switch|p2b: Kilowattrel|Kilowattrel, L50, M|1/100
|-terastallize|p2a: Incineroar|Ghost
|cant|p1b: Phoebe Bridgers|slp
|move|p2a: Incineroar|Parting Shot|p1b: Phoebe Bridgers
|-unboost|p1b: Phoebe Bridgers|atk|1
|-unboost|p1b: Phoebe Bridgers|spa|1
|
|t:|1754690628
|switch|p2a: Amoonguss|Amoonguss, L50, M|100/100|[from] Parting Shot
|move|p1a: Politoed|Encore||[still]
|-fail|p1a: Politoed
|
|-weather|RainDance|[upkeep]
|-heal|p1a: Politoed|100/100|[from] item: Leftovers
|upkeep
|turn|7
|
|t:|1754690641
|switch|p1a: Bad Omens|Rillaboom, L50, M, shiny|25/100
|-fieldstart|move: Grassy Terrain|[from] ability: Grassy Surge|[of] p1a: Bad Omens
|move|p2a: Amoonguss|Rage Powder|p2a: Amoonguss
|-singleturn|p2a: Amoonguss|move: Rage Powder
|move|p2b: Kilowattrel|Thunderbolt|p1a: Bad Omens
|-resisted|p1a: Bad Omens
|-damage|p1a: Bad Omens|8/100
|-curestatus|p1b: Phoebe Bridgers|slp|[msg]
|move|p1b: Phoebe Bridgers|Electro Shot||[still]
|-prepare|p1b: Phoebe Bridgers|Electro Shot
|-boost|p1b: Phoebe Bridgers|spa|1
|-anim|p1b: Phoebe Bridgers|Electro Shot|p2a: Amoonguss
|-resisted|p2a: Amoonguss
|-damage|p2a: Amoonguss|55/100
|
|-weather|RainDance|[upkeep]
|-heal|p1b: Phoebe Bridgers|90/100|[from] Grassy Terrain
|-heal|p1a: Bad Omens|14/100|[from] Grassy Terrain
|-heal|p2a: Amoonguss|61/100|[from] Grassy Terrain
|upkeep
|turn|8
|inactive|paupin gando has 30 seconds left.
|inactive|paupin gando has 20 seconds left.
|
|t:|1754690676
|move|p2a: Amoonguss|Protect|p2a: Amoonguss
|-singleturn|p2a: Amoonguss|Protect
|move|p1a: Bad Omens|Fake Out|p2a: Amoonguss
|-activate|p2a: Amoonguss|move: Protect
|move|p2b: Kilowattrel|Air Slash|p1a: Bad Omens
|-supereffective|p1a: Bad Omens
|-damage|p1a: Bad Omens|0 fnt
|faint|p1a: Bad Omens
|move|p1b: Phoebe Bridgers|Electro Shot||[still]
|-prepare|p1b: Phoebe Bridgers|Electro Shot
|-boost|p1b: Phoebe Bridgers|spa|1
|-anim|p1b: Phoebe Bridgers|Electro Shot|p2a: Amoonguss
|-activate|p2a: Amoonguss|move: Protect
|
|-weather|RainDance|[upkeep]
|-heal|p1b: Phoebe Bridgers|96/100|[from] Grassy Terrain
|-heal|p2a: Amoonguss|67/100|[from] Grassy Terrain
|upkeep
|
|t:|1754690689
|switch|p1a: Politoed|Politoed, L50, F|100/100
|turn|9
|
|t:|1754690712
|switch|p2a: Incineroar|Incineroar, L50, M, tera:Ghost|95/100
|-ability|p2a: Incineroar|Intimidate|boost
|-unboost|p1a: Politoed|atk|1
|-unboost|p1b: Phoebe Bridgers|atk|1
|move|p1a: Politoed|Protect|p1a: Politoed
|-singleturn|p1a: Politoed|Protect
|move|p2b: Kilowattrel|Thunderbolt|p1a: Politoed
|-activate|p1a: Politoed|move: Protect
|move|p1b: Phoebe Bridgers|Dragon Pulse|p2b: Kilowattrel
|-damage|p2b: Kilowattrel|0 fnt
|faint|p2b: Kilowattrel
|
|-weather|none
|-heal|p1b: Phoebe Bridgers|100/100|[from] Grassy Terrain
|-heal|p2a: Incineroar|100/100|[from] Grassy Terrain
|upkeep
|
|t:|1754690720
|switch|p2b: Amoonguss|Amoonguss, L50, M|100/100
|turn|10
|
|t:|1754690748
|switch|p1a: Basculegion|Basculegion, L50, M, shiny|100/100
|move|p1b: Phoebe Bridgers|Protect|p1b: Phoebe Bridgers
|-singleturn|p1b: Phoebe Bridgers|Protect
|move|p2a: Incineroar|Flare Blitz|p1b: Phoebe Bridgers
|-activate|p1b: Phoebe Bridgers|move: Protect
|move|p2b: Amoonguss|Spore|p1b: Phoebe Bridgers
|-activate|p1b: Phoebe Bridgers|move: Protect
|
|upkeep
|turn|11
|
|t:|1754690761
|switch|p1a: Politoed|Politoed, L50, F|100/100
|-weather|RainDance|[from] ability: Drizzle|[of] p1a: Politoed
|move|p1b: Phoebe Bridgers|Electro Shot||[still]
|-prepare|p1b: Phoebe Bridgers|Electro Shot
|-boost|p1b: Phoebe Bridgers|spa|1
|-anim|p1b: Phoebe Bridgers|Electro Shot|p2a: Incineroar
|-damage|p2a: Incineroar|0 fnt
|faint|p2a: Incineroar
|move|p2b: Amoonguss|Spore|p1b: Phoebe Bridgers
|-status|p1b: Phoebe Bridgers|slp|[from] move: Spore
|
|-weather|RainDance|[upkeep]
|-fieldend|move: Grassy Terrain
|upkeep
|turn|12
|-message|onewinatworldsplz forfeited.
|
|win|paupin gando
|raw|paupin gando's rating: 1282 → 1319(+37 for winning)
|raw|onewinatworldsplz's rating: 1460 → 1431(-29 for losing)
|l|☆onewinatworldsplz
|player|p2|
