|j|☆Divine Monkey King
|j|☆TheMMalt
|html|Divine Monkey KingTheMMalt    
|uhtml|bestof|Game 1 of a best-of-3
|t:|1782747722
|gametype|doubles
|player|p1|Divine Monkey King|rocketgrunt|1066
|player|p2|TheMMalt|doctor|1182
|gen|9
|tier|[Gen 9 Champions] VGC 2026 Reg M-B (Bo3)
|rated|
|rule|Species Clause: Limit one of each Pokémon
|rule|Item Clause: Limit 1 of each item
|clearpoke
|poke|p1|Tyranitar, L50, M, shiny|
|poke|p1|Aerodactyl, L50, M, shiny|
|poke|p1|Pelipper, L50, M, shiny|
|poke|p1|Basculegion, L50, M, shiny|
|poke|p1|Beedrill, L50, M, shiny|
|poke|p1|Annihilape, L50, M, shiny|
|poke|p2|Floette-Eternal, L50, F|
|poke|p2|Grimmsnarl, L50, M|
|poke|p2|Sinistcha, L50|
|poke|p2|Sneasler, L50, F|
|poke|p2|Swampert, L50, M|
|poke|p2|Pelipper, L50, F|
|teampreview|4
|showteam|p1|Tyranitar||Tyranitarite|SandStream|BrickBreak,KnockOff,Protect,RockSlide|Adamant||M|||50|]Aerodactyl||FocusSash|Unnerve|DualWingbeat,IronTail,Protect,Tailwind|Jolly||M|||50|]Pelipper||WacanBerry|Drizzle|Hurricane,Protect,WeatherBall,Uturn|Calm||M|||50|]Basculegion||MysticWater|SwiftSwim|AquaJet,FlipTurn,LastRespects,Protect|Adamant||M|||50|]Beedrill||Beedrillite|Sniper|PoisonJab,Protect,Uturn,FellStinger|Jolly||M|||50|]Annihilape||Leftovers|Defiant|BulkUp,DrainPunch,IcePunch,RageFist|Adamant||M|||50|
|showteam|p2|Floette-Eternal||Floettite|FlowerVeil|Protect,DazzlingGleam,DrainingKiss,CalmMind|Modest||F|||50|]Grimmsnarl||LightClay|Prankster|SpiritBreak,Reflect,LightScreen,PartingShot|Careful||M|||50|]Sinistcha||OccaBerry|Hospitality|Protect,MatchaGotcha,LifeDew,RagePowder|Bold|||||50|]Sneasler||FocusSash|Unburden|CloseCombat,DireClaw,QuickGuard,FakeOut|Jolly||F|||50|]Swampert||Swampertite|Torrent|Protect,WaveCrash,Earthquake,IcePunch|Adamant||M|||50|]Pelipper||SitrusBerry|Drizzle|Protect,WeatherBall,Hurricane,Tailwind|Modest||F|||50|
|
|t:|1782747780
|teamsize|p1|4
|teamsize|p2|4
|start
|switch|p1a: Basculegion|Basculegion, L50, M, shiny|100/100
|switch|p1b: Pelipper|Pelipper, L50, M, shiny|100/100
|switch|p2a: Grimmsnarl|Grimmsnarl, L50, M|100/100
|switch|p2b: Floette|Floette-Eternal, L50, F|100/100
|-weather|RainDance|[from] ability: Drizzle|[of] p1b: Pelipper
|turn|1
|inactive|Battle timer is ON: inactive players will automatically lose when time's up. (requested by TheMMalt)
|
|t:|1782747802
|detailschange|p2b: Floette|Floette-Mega, L50, F
|-mega|p2b: Floette|Floette|Floettite
|-ability|p2b: Floette|Fairy Aura
|move|p2a: Grimmsnarl|Parting Shot|p1a: Basculegion
|-unboost|p1a: Basculegion|atk|1
|-unboost|p1a: Basculegion|spa|1
|
|t:|1782747806
|switch|p2a: Sinistcha|Sinistcha, L50|100/100|[from] Parting Shot
|move|p1a: Basculegion|Flip Turn|p2b: Floette
|-damage|p2b: Floette|60/100
|
|t:|1782747815
|switch|p1a: Tyranitar|Tyranitar, L50, M, shiny|100/100|[from] Flip Turn
|-weather|Sandstorm|[from] ability: Sand Stream|[of] p1a: Tyranitar
|move|p2b: Floette|Calm Mind|p2b: Floette
|-boost|p2b: Floette|spa|1
|-boost|p2b: Floette|spd|1
|move|p1b: Pelipper|U-turn|p2a: Sinistcha
|-damage|p2a: Sinistcha|92/100
|
|t:|1782747826
|switch|p1b: Beedrill|Beedrill, L50, M, shiny|100/100|[from] U-turn
|
|-weather|Sandstorm|[upkeep]
|-damage|p2b: Floette|54/100|[from] Sandstorm
|-damage|p1b: Beedrill|94/100|[from] Sandstorm
|-damage|p2a: Sinistcha|85/100|[from] Sandstorm
|upkeep
|turn|2
|inactive|Divine Monkey King has 30 seconds left.
|inactive|Divine Monkey King has 20 seconds left.
|inactive|Divine Monkey King has 15 seconds left.
|inactive|Divine Monkey King has 10 seconds left.
|inactive|Divine Monkey King has 5 seconds left.
|
|t:|1782747881
|switch|p2a: Sneasler|Sneasler, L50, F|100/100
|move|p2b: Floette|Protect|p2b: Floette
|-singleturn|p2b: Floette|Protect
|move|p1b: Beedrill|Poison Jab|p2b: Floette
|-activate|p2b: Floette|move: Protect
|move|p1a: Tyranitar|Brick Break|p2a: Sneasler
|-resisted|p2a: Sneasler|1
|-damage|p2a: Sneasler|73/100
|
|-weather|Sandstorm|[upkeep]
|-damage|p2a: Sneasler|67/100|[from] Sandstorm
|-damage|p2b: Floette|49/100|[from] Sandstorm
|-damage|p1b: Beedrill|88/100|[from] Sandstorm
|upkeep
|turn|3
|inactive|Divine Monkey King has 30 seconds left.
|
|t:|1782747909
|switch|p1a: Pelipper|Pelipper, L50, M, shiny|100/100
|-weather|RainDance|[from] ability: Drizzle|[of] p1a: Pelipper
|detailschange|p1b: Beedrill|Beedrill-Mega, L50, M, shiny
|-mega|p1b: Beedrill|Beedrill|Beedrillite
|move|p2a: Sneasler|Fake Out|p1b: Beedrill
|-damage|p1b: Beedrill|51/100
|cant|p1b: Beedrill|flinch
|move|p2b: Floette|Draining Kiss|p1a: Pelipper
|-damage|p1a: Pelipper|35/100
|-heal|p2b: Floette|93/100|[from] drain|[of] p1a: Pelipper
|
|-weather|RainDance|[upkeep]
|upkeep
|turn|4
|inactive|TheMMalt has 30 seconds left.
|
|t:|1782747939
|move|p2b: Floette|Protect|p2b: Floette
|-singleturn|p2b: Floette|Protect
|move|p1b: Beedrill|Poison Jab|p2b: Floette
|-activate|p2b: Floette|move: Protect
|move|p2a: Sneasler|Close Combat|p1b: Beedrill
|-resisted|p1b: Beedrill|2
|-damage|p1b: Beedrill|11/100
|-unboost|p2a: Sneasler|def|1
|-unboost|p2a: Sneasler|spd|1
|move|p1a: Pelipper|Hurricane|p2a: Sneasler
|-supereffective|p2a: Sneasler|1
|-damage|p2a: Sneasler|0 fnt
|faint|p2a: Sneasler
|
|-weather|RainDance|[upkeep]
|upkeep
|
|t:|1782747955
|switch|p2a: Grimmsnarl|Grimmsnarl, L50, M|100/100
|turn|5
|
|t:|1782747967
|move|p1b: Beedrill|Protect|p1b: Beedrill
|-singleturn|p1b: Beedrill|Protect
|move|p2a: Grimmsnarl|Parting Shot|p1b: Beedrill
|-activate|p1b: Beedrill|move: Protect
|move|p2b: Floette|Dazzling Gleam|p1b: Beedrill|[spread] p1a
|-activate|p1b: Beedrill|move: Protect
|-damage|p1a: Pelipper|0 fnt
|faint|p1a: Pelipper
|
|-weather|RainDance|[upkeep]
|upkeep
|
|t:|1782747978
|switch|p1a: Basculegion|Basculegion, L50, M, shiny|100/100
|turn|6
|inactive|Divine Monkey King has 30 seconds left.
|inactive|Divine Monkey King has 20 seconds left.
|inactive|Divine Monkey King has 15 seconds left.
|inactive|Divine Monkey King has 10 seconds left.
|
|t:|1782748028
|move|p2b: Floette|Protect|p2b: Floette
|-singleturn|p2b: Floette|Protect
|move|p1a: Basculegion|Flip Turn|p2a: Grimmsnarl
|-damage|p2a: Grimmsnarl|46/100
|
|t:|1782748033
|switch|p1a: Tyranitar|Tyranitar, L50, M, shiny|100/100|[from] Flip Turn
|-weather|Sandstorm|[from] ability: Sand Stream|[of] p1a: Tyranitar
|move|p1b: Beedrill|Poison Jab|p2b: Floette
|-activate|p2b: Floette|move: Protect
|move|p2a: Grimmsnarl|Spirit Break|p1b: Beedrill
|-resisted|p1b: Beedrill|1
|-damage|p1b: Beedrill|0 fnt
|faint|p1b: Beedrill
|
|-weather|Sandstorm|[upkeep]
|-damage|p2b: Floette|87/100|[from] Sandstorm
|-damage|p2a: Grimmsnarl|40/100|[from] Sandstorm
|upkeep
|
|t:|1782748045
|switch|p1b: Basculegion|Basculegion, L50, M, shiny|100/100
|turn|7
|
|t:|1782748059
|move|p1a: Tyranitar|Protect|p1a: Tyranitar
|-singleturn|p1a: Tyranitar|Protect
|move|p2a: Grimmsnarl|Parting Shot|p1b: Basculegion
|-unboost|p1b: Basculegion|atk|1
|-unboost|p1b: Basculegion|spa|1
|
|t:|1782748063
|switch|p2a: Sinistcha|Sinistcha, L50|85/100|[from] Parting Shot
|-heal|p2b: Floette|100/100|[from] ability: Hospitality|[of] p2a: Sinistcha
|move|p2b: Floette|Dazzling Gleam|p1b: Basculegion|[spread] p1b
|-activate|p1a: Tyranitar|move: Protect
|-damage|p1b: Basculegion|27/100
|move|p1b: Basculegion|Last Respects|p2b: Floette
|-damage|p2b: Floette|48/100
|
|-weather|Sandstorm|[upkeep]
|-damage|p2b: Floette|42/100|[from] Sandstorm
|-damage|p1b: Basculegion|21/100|[from] Sandstorm
|-damage|p2a: Sinistcha|79/100|[from] Sandstorm
|upkeep
|turn|8
|
|t:|1782748081
|move|p2a: Sinistcha|Rage Powder|p2a: Sinistcha
|-singleturn|p2a: Sinistcha|move: Rage Powder
|move|p1b: Basculegion|Aqua Jet|p2a: Sinistcha
|-resisted|p2a: Sinistcha|1
|-damage|p2a: Sinistcha|73/100
|move|p2b: Floette|Dazzling Gleam|p1b: Basculegion|[spread] p1a,p1b
|-supereffective|p1a: Tyranitar|1
|-damage|p1a: Tyranitar|30/100
|-damage|p1b: Basculegion|0 fnt
|faint|p1b: Basculegion
|move|p1a: Tyranitar|Rock Slide|p2b: Floette|[spread] p2a,p2b
|-damage|p2a: Sinistcha|45/100
|-damage|p2b: Floette|8/100
|
|-weather|Sandstorm|[upkeep]
|-damage|p2b: Floette|2/100|[from] Sandstorm
|-damage|p2a: Sinistcha|39/100|[from] Sandstorm
|upkeep
|turn|9
|
|t:|1782748095
|move|p1a: Tyranitar|Protect|p1a: Tyranitar
|-singleturn|p1a: Tyranitar|Protect
|move|p2b: Floette|Dazzling Gleam|p1a: Tyranitar
|-activate|p1a: Tyranitar|move: Protect
|move|p2a: Sinistcha|Life Dew|p2a: Sinistcha|[spread] p2a,p2b
|-heal|p2a: Sinistcha|64/100
|-heal|p2b: Floette|27/100
|
|-weather|Sandstorm|[upkeep]
|-damage|p2b: Floette|21/100|[from] Sandstorm
|-damage|p2a: Sinistcha|58/100|[from] Sandstorm
|upkeep
|turn|10
|
|t:|1782748105
|move|p2a: Sinistcha|Rage Powder|p2a: Sinistcha
|-singleturn|p2a: Sinistcha|move: Rage Powder
|move|p2b: Floette|Draining Kiss|p1a: Tyranitar
|-supereffective|p1a: Tyranitar|1
|-damage|p1a: Tyranitar|0 fnt
|-heal|p2b: Floette|48/100|[from] drain|[of] p1a: Tyranitar
|faint|p1a: Tyranitar
|
|win|TheMMalt
||TheMMalt is ready for game 2.
||Divine Monkey King is ready for game 2.
|uhtml|next|Next: Game 2 of 3
|l|☆TheMMalt
|player|p2|
