|j|☆cholo haramball
|j|☆B33 R33tt4
|html|cholo haramballB33 R33tt4    
|uhtml|bestof|Game 1 of a best-of-3
|t:|1784124134
|gametype|doubles
|player|p1|cholo haramball|adaman|1235
|player|p2|B33 R33tt4|266|1150
|gen|9
|tier|[Gen 9 Champions] VGC 2026 Reg M-B (Bo3)
|rated|
|rule|Species Clause: Limit one of each Pokémon
|rule|Item Clause: Limit 1 of each item
|clearpoke
|poke|p1|Pelipper, L50, M|
|poke|p1|Archaludon, L50, F|
|poke|p1|Basculegion, L50, M|
|poke|p1|Grimmsnarl, L50, M|
|poke|p1|Venusaur, L50, F|
|poke|p1|Swampert, L50, M|
|poke|p2|Blaziken, L50, M|
|poke|p2|Whimsicott, L50, M|
|poke|p2|Kingambit, L50, M|
|poke|p2|Basculegion, L50, M|
|poke|p2|Sylveon, L50, F|
|poke|p2|Raichu, L50, F|
|teampreview|4
|showteam|p1|Pelipper||FocusSash|Drizzle|WeatherBall,Hurricane,Tailwind,Protect|Timid||M|||50|]Archaludon||Leftovers|Stamina|DragonPulse,FlashCannon,ElectroShot,Protect|Modest||F|||50|]Basculegion||ChoiceScarf|Adaptability|WaveCrash,LastRespects,FlipTurn,AquaJet|Jolly||M|||50|]Grimmsnarl||LightClay|Prankster|SpiritBreak,PartingShot,Reflect,LightScreen|Careful||M|||50|]Venusaur||Venusaurite|Chlorophyll|GigaDrain,SludgeBomb,EarthPower,Protect|Modest||F|||50|]Swampert||Swampertite|Damp|WaveCrash,HighHorsepower,IcePunch,Protect|Adamant||M|||50|
|showteam|p2|Blaziken||Blazikenite|SpeedBoost|FlareBlitz,CloseCombat,Protect,RockSlide|Adamant||M|||50|]Whimsicott||FocusSash|Prankster|Moonblast,Tailwind,Encore,Protect|Timid||M|||50|]Kingambit||LifeOrb|Defiant|KowtowCleave,Protect,IronHead,SuckerPunch|Adamant||M|||50|]Basculegion||ChoiceScarf|Adaptability|WaveCrash,FlipTurn,LastRespects,AquaJet|Jolly||M|||50|]Sylveon||FairyFeather|Pixilate|HyperVoice,Moonblast,HelpingHand,Protect|Modest||F|||50|]Raichu||RaichuniteY|LightningRod|ZapCannon,FocusBlast,GrassKnot,Protect|Timid||F|||50|
|inactive|Battle timer is ON: inactive players will automatically lose when time's up. (requested by cholo haramball)
|
|t:|1784124159
|teamsize|p1|4
|teamsize|p2|4
|start
|switch|p1a: Venusaur|Venusaur, L50, F|100/100
|switch|p1b: Grimmsnarl|Grimmsnarl, L50, M|100/100
|switch|p2a: Raichu|Raichu, L50, F|100/100
|switch|p2b: Whimsicott|Whimsicott, L50, M|100/100
|turn|1
|
|t:|1784124179
|detailschange|p2a: Raichu|Raichu-Mega-Y, L50, F
|-mega|p2a: Raichu|Raichu|Raichunite Y
|detailschange|p1a: Venusaur|Venusaur-Mega, L50, F
|-mega|p1a: Venusaur|Venusaur|Venusaurite
|move|p1b: Grimmsnarl|Light Screen|p1b: Grimmsnarl
|-sidestart|p1: cholo haramball|move: Light Screen
|move|p2a: Raichu|Zap Cannon|p1a: Venusaur
|-resisted|p1a: Venusaur|1
|-damage|p1a: Venusaur|81/100
|-status|p1a: Venusaur|par
|move|p2b: Whimsicott|Moonblast|p1b: Grimmsnarl
|-supereffective|p1b: Grimmsnarl|1
|-damage|p1b: Grimmsnarl|61/100
|move|p1a: Venusaur|Sludge Bomb|p2b: Whimsicott
|-supereffective|p2b: Whimsicott|2
|-enditem|p2b: Whimsicott|Focus Sash
|-damage|p2b: Whimsicott|1/100
|
|upkeep
|turn|2
|
|t:|1784124200
|switch|p2a: Kingambit|Kingambit, L50, M|100/100
|move|p2b: Whimsicott|Encore|p1a: Venusaur
|-start|p1a: Venusaur|Encore
|move|p1b: Grimmsnarl|Parting Shot|p2b: Whimsicott
|-unboost|p2b: Whimsicott|atk|1
|-unboost|p2b: Whimsicott|spa|1
|
|t:|1784124212
|switch|p1b: Pelipper|Pelipper, L50, M|100/100|[from] Parting Shot
|-weather|RainDance|[from] ability: Drizzle|[of] p1b: Pelipper
|move|p1a: Venusaur|Sludge Bomb|p2b: Whimsicott
|-supereffective|p2b: Whimsicott|2
|-damage|p2b: Whimsicott|0 fnt
|faint|p2b: Whimsicott
|
|-weather|RainDance|[upkeep]
|upkeep
|
|t:|1784124219
|switch|p2b: Raichu|Raichu-Mega-Y, L50, F|100/100
|turn|3
|
|t:|1784124233
|switch|p1b: Grimmsnarl|Grimmsnarl, L50, M|61/100
|move|p2b: Raichu|Zap Cannon|p1b: Grimmsnarl
|-damage|p1b: Grimmsnarl|20/100y
|-status|p1b: Grimmsnarl|par
|move|p2a: Kingambit|Kowtow Cleave|p1b: Grimmsnarl
|-resisted|p1b: Grimmsnarl|2
|-damage|p1b: Grimmsnarl|4/100 par
|-damage|p2a: Kingambit|90/100|[from] item: Life Orb
|move|p1a: Venusaur|Sludge Bomb|p2b: Raichu
|-damage|p2b: Raichu|29/100
|-status|p2b: Raichu|psn
|
|-weather|RainDance|[upkeep]
|-damage|p2b: Raichu|17/100 psn|[from] psn
|upkeep
|turn|4
|
|t:|1784124254
|switch|p2b: Sylveon|Sylveon, L50, F|100/100
|move|p1b: Grimmsnarl|Reflect|p1b: Grimmsnarl
|-sidestart|p1: cholo haramball|Reflect
|move|p2a: Kingambit|Iron Head|p1a: Venusaur
|-damage|p1a: Venusaur|54/100 par
|-damage|p2a: Kingambit|80/100|[from] item: Life Orb
|move|p1a: Venusaur|Sludge Bomb|p2b: Sylveon
|-supereffective|p2b: Sylveon|1
|-damage|p2b: Sylveon|30/100
|
|-weather|RainDance|[upkeep]
|-end|p1a: Venusaur|Encore
|upkeep
|turn|5
|
|t:|1784124277
|move|p2b: Sylveon|Hyper Voice|p1b: Grimmsnarl|[spread] p1a,p1b
|-resisted|p1a: Venusaur|1
|-supereffective|p1b: Grimmsnarl|1
|-damage|p1a: Venusaur|39/100 par
|-damage|p1b: Grimmsnarl|0 fnt
|faint|p1b: Grimmsnarl
|move|p2a: Kingambit|Iron Head|p1a: Venusaur
|-damage|p1a: Venusaur|7/100 par
|-damage|p2a: Kingambit|70/100|[from] item: Life Orb
|move|p1a: Venusaur|Giga Drain|p2b: Sylveon
|-damage|p2b: Sylveon|0 fnt
|-heal|p1a: Venusaur|21/100 par|[from] drain|[of] p2b: Sylveon
|faint|p2b: Sylveon
|
|-weather|RainDance|[upkeep]
|upkeep
|
|t:|1784124291
|switch|p2b: Raichu|Raichu-Mega-Y, L50, F|17/100 psn
|switch|p1b: Archaludon|Archaludon, L50, F|100/100
|turn|6
|
|t:|1784124304
|move|p2b: Raichu|Focus Blast|p1b: Archaludon
|-supereffective|p1b: Archaludon|1
|-damage|p1b: Archaludon|38/100
|-ability|p1b: Archaludon|Stamina|boost
|-boost|p1b: Archaludon|def|1
|move|p1b: Archaludon|Electro Shot||[still]
|-prepare|p1b: Archaludon|Electro Shot
|-boost|p1b: Archaludon|spa|1
|-anim|p1b: Archaludon|Electro Shot|p2a: Kingambit
|-damage|p2a: Kingambit|11/100
|move|p2a: Kingambit|Kowtow Cleave|p1b: Archaludon
|-damage|p1b: Archaludon|17/100
|-ability|p1b: Archaludon|Stamina|boost
|-boost|p1b: Archaludon|def|1
|-damage|p2a: Kingambit|1/100|[from] item: Life Orb
|move|p1a: Venusaur|Giga Drain|p2b: Raichu
|-damage|p2b: Raichu|0 fnt
|-heal|p1a: Venusaur|28/100 par|[from] drain|[of] p2b: Raichu
|faint|p2b: Raichu
|
|-weather|none
|-heal|p1b: Archaludon|24/100|[from] item: Leftovers
|upkeep
|turn|7
|
|t:|1784124315
|move|p2a: Kingambit|Sucker Punch|p1a: Venusaur
|-damage|p1a: Venusaur|3/100 par
|-damage|p2a: Kingambit|0 fnt|[from] item: Life Orb
|faint|p2a: Kingambit
|
|win|cholo haramball
|c|☆B33 R33tt4|6 turns
||cholo haramball is ready for game 2.
|c|☆B33 R33tt4|0 para or flinch ahaha
||B33 R33tt4 is ready for game 2.
|uhtml|next|Next: Game 2 of 3
