|j|☆palermo2222
|j|☆elpibevgc
|html|palermo2222elpibevgc    
|uhtml|bestof|Game 2 of a best-of-3
|t:|1785451422
|gametype|doubles
|player|p1|palermo2222|1|1051
|player|p2|elpibevgc|lucas|1000
|gen|9
|tier|[Gen 9 Champions] VGC 2026 Reg M-B (Bo3)
|rated|
|rule|Species Clause: Limit one of each Pokémon
|rule|Item Clause: Limit 1 of each item
|clearpoke
|poke|p1|Pelipper, L50, M|
|poke|p1|Archaludon, L50, M|
|poke|p1|Swampert, L50, F|
|poke|p1|Raichu, L50, F|
|poke|p1|Sneasler, L50, M|
|poke|p1|Sinistcha, L50|
|poke|p2|Gholdengo, L50|
|poke|p2|Milotic, L50, F|
|poke|p2|Tsareena, L50, F, shiny|
|poke|p2|Garchomp, L50, M|
|poke|p2|Talonflame, L50, F, shiny|
|poke|p2|Raichu, L50, F|
|teampreview|4
|showteam|p1|Pelipper||SitrusBerry|Drizzle|WeatherBall,Hurricane,Tailwind,WideGuard|Bold||M|||50|]Archaludon||Leftovers|Stamina|ElectroShot,DragonPulse,FlashCannon,Protect|Modest||M|||50|]Swampert||Swampertite|Torrent|WaveCrash,Earthquake,IcePunch,Protect|Adamant||F|||50|]Raichu||RaichuniteY|LightningRod|ZapCannon,FocusBlast,FakeOut,Protect|Timid||F|||50|]Sneasler||FocusSash|Unburden|CloseCombat,DireClaw,Protect,FakeOut|Adamant||M|||50|]Sinistcha||KasibBerry|Hospitality|MatchaGotcha,LifeDew,RagePowder,Protect|Bold|||||50|
|showteam|p2|Gholdengo||ChoiceScarf|GoodasGold|MakeItRain,PowerGem,ShadowBall,Trick|Timid|||||50|]Milotic||Leftovers|Competitive|Recover,IcyWind,Scald,Haze|Calm||F|||50|]Tsareena||WideLens|QueenlyMajesty|Protect,TripleAxel,PowerWhip,Taunt|Adamant||F|||50|]Garchomp||LifeOrb|RoughSkin|DragonClaw,RockSlide,StompingTantrum,Protect|Adamant||M|||50|]Talonflame||FocusSash|GaleWings|Tailwind,DualWingbeat,Overheat,Protect|Hasty||F|||50|]Raichu||RaichuniteY|LightningRod|FakeOut,Protect,ZapCannon,FocusBlast|Timid||F|||50|
|
|t:|1785451445
|teamsize|p1|4
|teamsize|p2|4
|start
|switch|p1a: Pelipper|Pelipper, L50, M|100/100
|switch|p1b: Swampert|Swampert, L50, F|100/100
|switch|p2a: Milotic|Milotic, L50, F|100/100
|switch|p2b: Talonflame|Talonflame, L50, F, shiny|100/100
|-weather|RainDance|[from] ability: Drizzle|[of] p1a: Pelipper
|turn|1
|
|t:|1785451462
|detailschange|p1b: Swampert|Swampert-Mega, L50, F
|-mega|p1b: Swampert|Swampert|Swampertite
|move|p2b: Talonflame|Tailwind|p2b: Talonflame
|-sidestart|p2: elpibevgc|move: Tailwind
|move|p1b: Swampert|Wave Crash|p2b: Talonflame
|-supereffective|p2b: Talonflame|1
|-enditem|p2b: Talonflame|Focus Sash
|-damage|p2b: Talonflame|1/100
|-damage|p1b: Swampert|71/100|[from] Recoil
|move|p2a: Milotic|Icy Wind|p1a: Pelipper|[spread] p1a,p1b
|-crit|p1a: Pelipper
|-damage|p1a: Pelipper|82/100
|-damage|p1b: Swampert|63/100
|-unboost|p1a: Pelipper|spe|1
|-unboost|p1b: Swampert|spe|1
|move|p1a: Pelipper|Tailwind|p1a: Pelipper
|-sidestart|p1: palermo2222|move: Tailwind
|
|-weather|RainDance|[upkeep]
|upkeep
|turn|2
|
|t:|1785451496
|move|p2b: Talonflame|Dual Wingbeat|p1b: Swampert
|-damage|p1b: Swampert|49/100
|-damage|p1b: Swampert|37/100
|-hitcount|p1b: Swampert|2
|move|p1b: Swampert|Ice Punch|p2b: Talonflame
|-damage|p2b: Talonflame|0 fnt
|faint|p2b: Talonflame
|move|p2a: Milotic|Icy Wind|p1b: Swampert|[spread] p1a,p1b
|-damage|p1a: Pelipper|68/100
|-damage|p1b: Swampert|28/100
|-unboost|p1a: Pelipper|spe|1
|-unboost|p1b: Swampert|spe|1
|move|p1a: Pelipper|Hurricane|p2a: Milotic
|-damage|p2a: Milotic|75/100
|
|-weather|RainDance|[upkeep]
|-heal|p2a: Milotic|81/100|[from] item: Leftovers
|upkeep
|
|t:|1785451513
|switch|p2b: Raichu|Raichu, L50, F|100/100
|turn|3
|
|t:|1785451603
|switch|p1a: Sneasler|Sneasler, L50, M|100/100
|detailschange|p2b: Raichu|Raichu-Mega-Y, L50, F
|-mega|p2b: Raichu|Raichu|Raichunite Y
|move|p2b: Raichu|Focus Blast|p1b: Swampert
|-damage|p1b: Swampert|0 fnt
|faint|p1b: Swampert
|move|p2a: Milotic|Icy Wind|p1a: Sneasler
|-damage|p1a: Sneasler|83/100
|-unboost|p1a: Sneasler|spe|1
|
|-weather|RainDance|[upkeep]
|-heal|p2a: Milotic|87/100|[from] item: Leftovers
|upkeep
|
|t:|1785451608
|switch|p1b: Archaludon|Archaludon, L50, M|100/100
|turn|4
|
|t:|1785451631
|switch|p2a: Tsareena|Tsareena, L50, F, shiny|100/100
|move|p1a: Sneasler|Fake Out||[still]
|cant|p2a: Tsareena|ability: Queenly Majesty|Fake Out|[of] p1a: Sneasler
|move|p2b: Raichu|Focus Blast|p1b: Archaludon
|-supereffective|p1b: Archaludon|1
|-damage|p1b: Archaludon|25/100
|-ability|p1b: Archaludon|Stamina|boost
|-boost|p1b: Archaludon|def|1
|move|p1b: Archaludon|Electro Shot||[still]
|-prepare|p1b: Archaludon|Electro Shot
|-boost|p1b: Archaludon|spa|1
|-anim|p1b: Archaludon|Electro Shot|p2a: Tsareena
|-resisted|p2a: Tsareena|1
|-damage|p2a: Tsareena|61/100
|
|-weather|RainDance|[upkeep]
|-heal|p1b: Archaludon|31/100|[from] item: Leftovers
|-sideend|p1: palermo2222|move: Tailwind
|-sideend|p2: elpibevgc|move: Tailwind
|upkeep
|turn|5
|
|t:|1785451660
|move|p1b: Archaludon|Protect|p1b: Archaludon
|-singleturn|p1b: Archaludon|Protect
|move|p2b: Raichu|Focus Blast|p1b: Archaludon
|-activate|p1b: Archaludon|move: Protect
|move|p2a: Tsareena|Triple Axel|p1a: Sneasler
|-damage|p1a: Sneasler|75/100
|-damage|p1a: Sneasler|59/100
|-damage|p1a: Sneasler|36/100
|-hitcount|p1a: Sneasler|3
|move|p1a: Sneasler|Dire Claw|p2a: Tsareena
|-supereffective|p2a: Tsareena|1
|-damage|p2a: Tsareena|0 fnt
|faint|p2a: Tsareena
|
|-weather|none
|-heal|p1b: Archaludon|37/100|[from] item: Leftovers
|upkeep
|
|t:|1785451676
|switch|p2a: Milotic|Milotic, L50, F|87/100
|turn|6
|
|t:|1785451699
|switch|p1b: Pelipper|Pelipper, L50, M|68/100
|-weather|RainDance|[from] ability: Drizzle|[of] p1b: Pelipper
|move|p2b: Raichu|Zap Cannon|p1b: Pelipper
|-supereffective|p1b: Pelipper|2
|-damage|p1b: Pelipper|0 fnt
|faint|p1b: Pelipper
|move|p2a: Milotic|Icy Wind|p1a: Sneasler
|-damage|p1a: Sneasler|20/100y
|-unboost|p1a: Sneasler|spe|1
|move|p1a: Sneasler|Dire Claw|p2a: Milotic
|-damage|p2a: Milotic|50/100g
|
|-weather|RainDance|[upkeep]
|-heal|p2a: Milotic|56/100|[from] item: Leftovers
|upkeep
|
|t:|1785451705
|switch|p1b: Archaludon|Archaludon, L50, M|37/100
|turn|7
|
|t:|1785451719
|move|p2b: Raichu|Focus Blast|p1b: Archaludon
|-supereffective|p1b: Archaludon|1
|-damage|p1b: Archaludon|0 fnt
|faint|p1b: Archaludon
|move|p2a: Milotic|Icy Wind|p1a: Sneasler
|-damage|p1a: Sneasler|5/100
|-unboost|p1a: Sneasler|spe|1
|move|p1a: Sneasler|Dire Claw|p2a: Milotic
|-damage|p2a: Milotic|20/100y
|
|-weather|RainDance|[upkeep]
|-heal|p2a: Milotic|26/100|[from] item: Leftovers
|upkeep
|turn|8
|
|t:|1785451735
|move|p2b: Raichu|Zap Cannon|p1a: Sneasler
|-damage|p1a: Sneasler|0 fnt
|faint|p1a: Sneasler
|
|win|elpibevgc
