|j|☆palle synchro
|j|☆flintvgc
|html|palle synchroflintvgc    
|uhtml|bestof|Game 1 of a best-of-3
|t:|1785356421
|gametype|doubles
|player|p1|palle synchro|volkner|
|player|p2|flintvgc|101|
|gen|9
|tier|[Gen 9 Champions] VGC 2026 Reg M-B (Bo3)
|rule|Species Clause: Limit one of each Pokémon
|rule|Item Clause: Limit 1 of each item
|clearpoke
|poke|p1|Whimsicott, L50, F|
|poke|p1|Basculegion, L50, M|
|poke|p1|Kingambit, L50, F|
|poke|p1|Floette-Eternal, L50, F|
|poke|p1|Garchomp, L50, M|
|poke|p1|Charizard, L50, M|
|poke|p2|Staraptor, L50, M|
|poke|p2|Milotic, L50, F|
|poke|p2|Tyranitar, L50, M|
|poke|p2|Gholdengo, L50|
|poke|p2|Excadrill, L50, M|
|poke|p2|Sinistcha, L50|
|teampreview|4
|showteam|p1|Whimsicott||FocusSash|Prankster|Protect,Moonblast,Tailwind,Encore|Timid||F|||50|]Basculegion||MysticWater|Adaptability|WaveCrash,Protect,LastRespects,AquaJet|Adamant||M|||50|]Kingambit||ChopleBerry|Defiant|KowtowCleave,LowKick,SuckerPunch,IronHead|Adamant||F|||50|]Floette-Eternal||Floettite|FlowerVeil|DazzlingGleam,Moonblast,LightofRuin,Protect|Modest||F|||50|]Garchomp||LifeOrb|RoughSkin|Protect,Earthquake,DragonClaw,RockSlide|Jolly||M|||50|]Charizard||CharizarditeY|Blaze|HeatWave,SolarBeam,WeatherBall,Protect|Modest||M|||50|
|showteam|p2|Staraptor||Staraptite|Intimidate|BraveBird,CloseCombat,Tailwind,Protect|Jolly||M|||50|]Milotic||SitrusBerry|Competitive|Scald,IceBeam,IcyWind,Protect|Modest||F|||50|]Tyranitar||Tyranitarite|SandStream|RockSlide,KnockOff,LowKick,Protect|Jolly||M|||50|]Gholdengo||LifeOrb|GoodasGold|ShadowBall,MakeItRain,NastyPlot,Protect|Modest|||||50|]Excadrill||FocusSash|SandRush|HighHorsepower,IronHead,RockSlide,Protect|Jolly||M|||50|]Sinistcha||ColburBerry|Hospitality|MatchaGotcha,RagePowder,ShadowBall,Protect|Bold|||||50|
|inactive|Battle timer is ON: inactive players will automatically lose when time's up. (requested by flintvgc)
|inactive|flintvgc has 60 seconds left.
|
|t:|1785356478
|teamsize|p1|4
|teamsize|p2|4
|start
|switch|p1a: Whimsicott|Whimsicott, L50, F|100/100
|switch|p1b: Kingambit|Kingambit, L50, F|100/100
|switch|p2a: Gholdengo|Gholdengo, L50|100/100
|switch|p2b: Milotic|Milotic, L50, F|100/100
|turn|1
|inactive|palle synchro has 30 seconds left.
|inactive|flintvgc has 30 seconds left.
|inactive|flintvgc has 20 seconds left.
|inactive|flintvgc has 15 seconds left.
|inactive|flintvgc has 10 seconds left.
|
|t:|1785356525
|move|p2a: Gholdengo|Protect|p2a: Gholdengo
|-singleturn|p2a: Gholdengo|Protect
|move|p1a: Whimsicott|Tailwind|p1a: Whimsicott
|-sidestart|p1: palle synchro|move: Tailwind
|move|p1b: Kingambit|Kowtow Cleave|p2a: Gholdengo
|-activate|p2a: Gholdengo|move: Protect
|move|p2b: Milotic|Ice Beam|p1a: Whimsicott
|-supereffective|p1a: Whimsicott|1
|-damage|p1a: Whimsicott|19/100
|
|upkeep
|turn|2
|inactive|flintvgc has 30 seconds left.
|inactive|flintvgc has 20 seconds left.
|
|t:|1785356565
|switch|p1a: Basculegion|Basculegion, L50, M|100/100
|switch|p2a: Tyranitar|Tyranitar, L50, M|100/100
|-weather|Sandstorm|[from] ability: Sand Stream|[of] p2a: Tyranitar
|move|p1b: Kingambit|Kowtow Cleave|p2a: Tyranitar
|-resisted|p2a: Tyranitar|1
|-damage|p2a: Tyranitar|80/100
|move|p2b: Milotic|Scald|p1b: Kingambit
|-damage|p1b: Kingambit|74/100
|
|-weather|Sandstorm|[upkeep]
|-damage|p1a: Basculegion|94/100|[from] Sandstorm
|-damage|p2b: Milotic|94/100|[from] Sandstorm
|upkeep
|turn|3
|inactive|flintvgc has 30 seconds left.
|inactive|flintvgc has 20 seconds left.
|inactive|flintvgc has 15 seconds left.
|
|t:|1785356606
|switch|p2a: Gholdengo|Gholdengo, L50|100/100
|move|p1a: Basculegion|Wave Crash|p2a: Gholdengo
|-damage|p2a: Gholdengo|0 fnt
|faint|p2a: Gholdengo
|-damage|p1a: Basculegion|65/100|[from] Recoil
|move|p1b: Kingambit|Kowtow Cleave|p2b: Milotic
|-damage|p2b: Milotic|51/100
|move|p2b: Milotic|Scald|p1b: Kingambit
|-damage|p1b: Kingambit|47/100
|
|-weather|Sandstorm|[upkeep]
|-damage|p1a: Basculegion|59/100|[from] Sandstorm
|-damage|p2b: Milotic|45/100|[from] Sandstorm
|-enditem|p2b: Milotic|Sitrus Berry|[eat]
|-heal|p2b: Milotic|70/100|[from] item: Sitrus Berry
|upkeep
|
|t:|1785356623
|switch|p2a: Excadrill|Excadrill, L50, M|100/100
|turn|4
|inactive|flintvgc has 30 seconds left.
|
|t:|1785356651
|move|p2a: Excadrill|Protect|p2a: Excadrill
|-singleturn|p2a: Excadrill|Protect
|move|p1a: Basculegion|Aqua Jet|p2a: Excadrill
|-activate|p2a: Excadrill|move: Protect
|move|p1b: Kingambit|Sucker Punch|p2b: Milotic
|-damage|p2b: Milotic|31/100
|move|p2b: Milotic|Scald|p1b: Kingambit
|-damage|p1b: Kingambit|20/100r
|
|-weather|Sandstorm|[upkeep]
|-damage|p1a: Basculegion|54/100|[from] Sandstorm
|-damage|p2b: Milotic|25/100|[from] Sandstorm
|-sideend|p1: palle synchro|move: Tailwind
|upkeep
|turn|5
|inactive|flintvgc has 30 seconds left.
|inactive|flintvgc has 20 seconds left.
|
|t:|1785356688
|move|p2b: Milotic|Protect|p2b: Milotic
|-singleturn|p2b: Milotic|Protect
|move|p1a: Basculegion|Aqua Jet|p2a: Excadrill
|-supereffective|p2a: Excadrill|1
|-damage|p2a: Excadrill|20/100r
|move|p1b: Kingambit|Sucker Punch||[still]
|-fail|p1b: Kingambit
|move|p2a: Excadrill|Rock Slide|p1a: Basculegion|[spread] p1a,p1b
|-resisted|p1b: Kingambit|1
|-damage|p1a: Basculegion|32/100
|-damage|p1b: Kingambit|12/100
|
|-weather|Sandstorm|[upkeep]
|-damage|p1a: Basculegion|27/100|[from] Sandstorm
|-damage|p2b: Milotic|19/100|[from] Sandstorm
|upkeep
|turn|6
|inactive|flintvgc has 30 seconds left.
|inactive|flintvgc has 20 seconds left.
|inactive|flintvgc has 15 seconds left.
|inactive|flintvgc has 10 seconds left.
|inactive|flintvgc has 5 seconds left.
|
|t:|1785356739
|switch|p2a: Tyranitar|Tyranitar, L50, M|80/100
|move|p1b: Kingambit|Sucker Punch||[still]
|-fail|p1b: Kingambit
|move|p1a: Basculegion|Wave Crash|p2b: Milotic
|-resisted|p2b: Milotic|1
|-damage|p2b: Milotic|0 fnt
|faint|p2b: Milotic
|-damage|p1a: Basculegion|21/100|[from] Recoil
|
|-weather|none
|upkeep
|
|t:|1785356750
|switch|p2b: Excadrill|Excadrill, L50, M|20/100r
|turn|7
|
|t:|1785356764
|detailschange|p2a: Tyranitar|Tyranitar-Mega, L50, M
|-mega|p2a: Tyranitar|Tyranitar|Tyranitarite
|-weather|Sandstorm|[from] ability: Sand Stream|[of] p2a: Tyranitar
|move|p1a: Basculegion|Aqua Jet|p2a: Tyranitar
|-supereffective|p2a: Tyranitar|1
|-damage|p2a: Tyranitar|41/100
|move|p2b: Excadrill|High Horsepower|p1b: Kingambit
|-supereffective|p1b: Kingambit|1
|-damage|p1b: Kingambit|0 fnt
|faint|p1b: Kingambit
|move|p2a: Tyranitar|Knock Off|p1a: Basculegion
|-supereffective|p1a: Basculegion|1
|-damage|p1a: Basculegion|0 fnt
|-enditem|p1a: Basculegion|Mystic Water|[from] move: Knock Off|[of] p2a: Tyranitar
|faint|p1a: Basculegion
|
|-weather|Sandstorm|[upkeep]
|upkeep
|
|t:|1785356772
|switch|p1a: Garchomp|Garchomp, L50, M|100/100
|switch|p1b: Whimsicott|Whimsicott, L50, F|19/100
|turn|8
|inactive|flintvgc has 30 seconds left.
|
|t:|1785356804
|move|p1b: Whimsicott|Tailwind|p1b: Whimsicott
|-sidestart|p1: palle synchro|move: Tailwind
|move|p1a: Garchomp|Earthquake|p2a: Tyranitar|[spread] p1b,p2a,p2b
|-resisted|p1b: Whimsicott|1
|-supereffective|p2a: Tyranitar|1
|-supereffective|p2b: Excadrill|1
|-damage|p1b: Whimsicott|0 fnt
|-damage|p2a: Tyranitar|0 fnt
|-damage|p2b: Excadrill|0 fnt
|faint|p1b: Whimsicott
|faint|p2a: Tyranitar
|faint|p2b: Excadrill
|-damage|p1a: Garchomp|90/100|[from] item: Life Orb
|
|win|palle synchro
