|j|☆ryoshino
|j|☆mmaaxkk
|html|ryoshinommaaxkk    
|uhtml|bestof|Game 3 of a best-of-3
|t:|1756946221
|gametype|doubles
|player|p1|ryoshino|170|1167
|player|p2|mmaaxkk|waitress-gen4|1000
|gen|9
|tier|[Gen 9] VGC 2025 Reg H (Bo3)
|rated|
|rule|Species Clause: Limit one of each Pokémon
|rule|Item Clause: Limit 1 of each item
|clearpoke
|poke|p1|Murkrow, L50, F|
|poke|p1|Gholdengo, L50|
|poke|p1|Dondozo, L50, M|
|poke|p1|Tatsugiri, L50, F|
|poke|p1|Clefable, L50, F|
|poke|p1|Rillaboom, L50, F|
|poke|p2|Ursaluna-Bloodmoon, L50, M|
|poke|p2|Gholdengo, L50|
|poke|p2|Dragonite, L50, F|
|poke|p2|Sneasler, L50, M|
|poke|p2|Incineroar, L50, F|
|poke|p2|Amoonguss, L50, F|
|teampreview|4
|showteam|p1|Murkrow||Eviolite|Prankster|Tailwind,FoulPlay,Taunt,Haze|||F|||50|,,,,,Ghost]Gholdengo||ChoiceSpecs|GoodasGold|MakeItRain,Trick,ShadowBall,Thunderbolt||||||50|,,,,,Steel]Dondozo||Leftovers|Unaware|WaveCrash,Earthquake,OrderUp,Protect|||M|||50|,,,,,Grass]Tatsugiri||FocusSash|Commander|DracoMeteor,IcyWind,MuddyWater,Protect|||F|||50|,,,,,Stellar]Clefable||RockyHelmet|Unaware|Moonblast,FollowMe,Encore,Protect|||F|||50|,,,,,Ghost]Rillaboom||AssaultVest|GrassySurge|DrumBeating,GrassyGlide,Uturn,FakeOut|||F|||50|,,,,,Fire
|showteam|p2|Ursaluna-Bloodmoon||AssaultVest|MindsEye|BloodMoon,EarthPower,VacuumWave,HyperVoice|||M|||50|,,,,,Water]Gholdengo||LifeOrb|GoodasGold|Protect,MakeItRain,ShadowBall,NastyPlot||||||50|,,,,,Water]Dragonite||LoadedDice|Multiscale|ScaleShot,Tailwind,Haze,Protect|||F|||50|,,,,,Fairy]Sneasler||FocusSash|Unburden|Protect,DireClaw,CloseCombat,ThroatChop|||M|||50|,,,,,Stellar]Incineroar||SafetyGoggles|Intimidate|KnockOff,PartingShot,FlareBlitz,FakeOut|||F|||50|,,,,,Ghost]Amoonguss||SitrusBerry|Regenerator|RagePowder,Spore,PollenPuff,Protect|||F|||50|,,,,,Psychic
|inactive|Battle timer is ON: inactive players will automatically lose when time's up. (requested by ryoshino)
|
|t:|1756946234
|teamsize|p1|4
|teamsize|p2|4
|start
|switch|p1a: Gholdengo|Gholdengo, L50|100/100
|switch|p1b: Rillaboom|Rillaboom, L50, F, shiny|100/100
|switch|p2a: Incineroar|Incineroar, L50, F|100/100
|switch|p2b: Gholdengo|Gholdengo, L50|100/100
|-fieldstart|move: Grassy Terrain|[from] ability: Grassy Surge|[of] p1b: Rillaboom
|-ability|p2a: Incineroar|Intimidate|boost
|-unboost|p1a: Gholdengo|atk|1
|-unboost|p1b: Rillaboom|atk|1
|turn|1
|inactive|mmaaxkk has 30 seconds left.
|inactive|mmaaxkk has 20 seconds left.
|inactive|mmaaxkk has 15 seconds left.
|inactive|mmaaxkk has 10 seconds left.
|
|t:|1756946284
|-terastallize|p1a: Gholdengo|Steel
|-terastallize|p2a: Incineroar|Ghost
|move|p1b: Rillaboom|Fake Out|p2a: Incineroar
|-immune|p2a: Incineroar
|move|p2b: Gholdengo|Shadow Ball|p1a: Gholdengo
|-damage|p1a: Gholdengo|42/100
|-damage|p2b: Gholdengo|91/100|[from] item: Life Orb
|move|p1a: Gholdengo|Make It Rain|p2a: Incineroar|[spread] p2a,p2b
|-resisted|p2b: Gholdengo
|-damage|p2a: Incineroar|6/100
|-damage|p2b: Gholdengo|30/100
|-unboost|p1a: Gholdengo|spa|1
|move|p2a: Incineroar|Flare Blitz|p1b: Rillaboom
|-supereffective|p1b: Rillaboom
|-damage|p1b: Rillaboom|4/100
|-damage|p2a: Incineroar|0 fnt|[from] Recoil
|faint|p2a: Incineroar
|
|-heal|p2b: Gholdengo|36/100|[from] Grassy Terrain
|-heal|p1a: Gholdengo|49/100|[from] Grassy Terrain
|-heal|p1b: Rillaboom|10/100|[from] Grassy Terrain
|upkeep
|
|t:|1756946297
|switch|p2a: Dragonite|Dragonite, L50, F|100/100
|turn|2
|
|t:|1756946322
|move|p2b: Gholdengo|Protect|p2b: Gholdengo
|-singleturn|p2b: Gholdengo|Protect
|move|p1b: Rillaboom|Grassy Glide|p2a: Dragonite
|-resisted|p2a: Dragonite
|-damage|p2a: Dragonite|97/100
|move|p1a: Gholdengo|Make It Rain|p2a: Dragonite|[spread] p2a
|-activate|p2b: Gholdengo|move: Protect
|-damage|p2a: Dragonite|28/100
|-unboost|p1a: Gholdengo|spa|1
|move|p2a: Dragonite|Tailwind|p2a: Dragonite
|-sidestart|p2: mmaaxkk|move: Tailwind
|
|-heal|p2b: Gholdengo|42/100|[from] Grassy Terrain
|-heal|p1a: Gholdengo|55/100|[from] Grassy Terrain
|-heal|p1b: Rillaboom|15/100|[from] Grassy Terrain
|upkeep
|turn|3
|inactive|ryoshino has 30 seconds left.
|
|t:|1756946351
|switch|p1b: Dondozo|Dondozo, L50, M|100/100
|move|p2b: Gholdengo|Shadow Ball|p1a: Gholdengo
|-damage|p1a: Gholdengo|0 fnt
|faint|p1a: Gholdengo
|-damage|p2b: Gholdengo|33/100|[from] item: Life Orb
|move|p2a: Dragonite|Scale Shot|p1b: Dondozo
|-damage|p1b: Dondozo|89/100
|-damage|p1b: Dondozo|80/100
|-crit|p1b: Dondozo
|-damage|p1b: Dondozo|62/100
|-damage|p1b: Dondozo|51/100
|-hitcount|p1b: Dondozo|4
|-unboost|p2a: Dragonite|def|1
|-boost|p2a: Dragonite|spe|1
|
|-heal|p2b: Gholdengo|39/100|[from] Grassy Terrain
|-heal|p1b: Dondozo|57/100|[from] Grassy Terrain
|-heal|p1b: Dondozo|63/100|[from] item: Leftovers
|upkeep
|
|t:|1756946357
|switch|p1a: Rillaboom|Rillaboom, L50, F, shiny|15/100
|turn|4
|
|t:|1756946379
|move|p2a: Dragonite|Protect|p2a: Dragonite
|-singleturn|p2a: Dragonite|Protect
|move|p1a: Rillaboom|Fake Out|p2a: Dragonite
|-activate|p2a: Dragonite|move: Protect
|move|p2b: Gholdengo|Make It Rain|p1b: Dondozo|[spread] p1a,p1b
|-resisted|p1b: Dondozo
|-damage|p1a: Rillaboom|0 fnt
|-damage|p1b: Dondozo|34/100
|-unboost|p2b: Gholdengo|spa|1
|faint|p1a: Rillaboom
|-damage|p2b: Gholdengo|30/100|[from] item: Life Orb
|move|p1b: Dondozo|Wave Crash|p2b: Gholdengo
|-damage|p2b: Gholdengo|0 fnt
|faint|p2b: Gholdengo
|-damage|p1b: Dondozo|26/100|[from] Recoil
|
|-heal|p1b: Dondozo|32/100|[from] Grassy Terrain
|-heal|p1b: Dondozo|39/100|[from] item: Leftovers
|upkeep
|
|t:|1756946392
|switch|p2b: Amoonguss|Amoonguss, L50, F|100/100
|switch|p1a: Tatsugiri|Tatsugiri, L50, F|100/100
|-activate|p1a: Tatsugiri|ability: Commander|[of] p1b: Dondozo
|-boost|p1b: Dondozo|atk|2
|-boost|p1b: Dondozo|spa|2
|-boost|p1b: Dondozo|spe|2
|-boost|p1b: Dondozo|def|2
|-boost|p1b: Dondozo|spd|2
|turn|5
|
|t:|1756946404
|move|p2a: Dragonite|Haze|p2a: Dragonite
|-clearallboost
|move|p2b: Amoonguss|Spore|p1b: Dondozo
|-status|p1b: Dondozo|slp|[from] move: Spore
|cant|p1b: Dondozo|slp
|
|-heal|p1b: Dondozo|45/100 slp|[from] Grassy Terrain
|-heal|p1b: Dondozo|51/100 slp|[from] item: Leftovers
|-sideend|p2: mmaaxkk|move: Tailwind
|-fieldend|move: Grassy Terrain
|upkeep
|turn|6
|
|t:|1756946417
|move|p2a: Dragonite|Scale Shot|p1b: Dondozo
|-damage|p1b: Dondozo|41/100 slp
|-damage|p1b: Dondozo|31/100 slp
|-damage|p1b: Dondozo|20/100 slp
|-damage|p1b: Dondozo|9/100 slp
|-hitcount|p1b: Dondozo|4
|-unboost|p2a: Dragonite|def|1
|-boost|p2a: Dragonite|spe|1
|cant|p1b: Dondozo|slp
|move|p2b: Amoonguss|Pollen Puff|p2a: Dragonite
|-heal|p2a: Dragonite|78/100
|
|-heal|p1b: Dondozo|15/100 slp|[from] item: Leftovers
|upkeep
|turn|7
|
|t:|1756946438
|move|p2a: Dragonite|Tailwind|p2a: Dragonite
|-sidestart|p2: mmaaxkk|move: Tailwind
|move|p2b: Amoonguss|Pollen Puff|p2a: Dragonite
|-heal|p2a: Dragonite|100/100
|-curestatus|p1b: Dondozo|slp|[msg]
|move|p1b: Dondozo|Order Up|p2a: Dragonite
|-supereffective|p2a: Dragonite
|-damage|p2a: Dragonite|72/100
|-boost|p1b: Dondozo|atk|1
|
|-heal|p1b: Dondozo|21/100|[from] item: Leftovers
|upkeep
|turn|8
|
|t:|1756946450
|move|p1b: Dondozo|Protect|p1b: Dondozo
|-singleturn|p1b: Dondozo|Protect
|move|p2a: Dragonite|Scale Shot|p1b: Dondozo
|-activate|p1b: Dondozo|move: Protect
|move|p2b: Amoonguss|Pollen Puff|p2a: Dragonite
|-heal|p2a: Dragonite|100/100
|
|-heal|p1b: Dondozo|28/100|[from] item: Leftovers
|upkeep
|turn|9
|
|t:|1756946459
|move|p2a: Dragonite|Scale Shot|p1b: Dondozo
|-damage|p1b: Dondozo|17/100
|-damage|p1b: Dondozo|6/100
|-damage|p1b: Dondozo|0 fnt
|faint|p1b: Dondozo
|-hitcount|p1: Dondozo|3
|-unboost|p2a: Dragonite|def|1
|-boost|p2a: Dragonite|spe|1
|move|p2b: Amoonguss|Spore|p1a: Tatsugiri
|-status|p1a: Tatsugiri|slp|[from] move: Spore
|
|upkeep
|turn|10
|
|t:|1756946476
|move|p2b: Amoonguss|Rage Powder|p2b: Amoonguss
|-singleturn|p2b: Amoonguss|move: Rage Powder
|move|p2a: Dragonite|Scale Shot|p1a: Tatsugiri
|-supereffective|p1a: Tatsugiri
|-damage|p1a: Tatsugiri|42/100 slp
|-supereffective|p1a: Tatsugiri
|-damage|p1a: Tatsugiri|0 fnt
|faint|p1a: Tatsugiri
|-hitcount|p1: Tatsugiri|2
|
|win|mmaaxkk
|raw|ryoshino's rating: 1167 → 1131(-36 for losing)
|raw|mmaaxkk's rating: 1000 → 1058(+58 for winning)
|l|☆ryoshino
|player|p1|
|c|☆mmaaxkk|gg
|n| mmaaxxkk|mmaaxkk
|l| mmaaxxkk
|j| mmaaxxkk
