|j|☆Implosive Diarrhea
|j|☆PickledogVGC
|html|Implosive DiarrheaPickledogVGC    
|uhtml|bestof|Game 2 of a best-of-3
|t:|1756688914
|gametype|doubles
|player|p1|Implosive Diarrhea|roark|
|player|p2|PickledogVGC|roughneck|
|gen|9
|tier|[Gen 9] VGC 2025 Reg H (Bo3)
|rule|Species Clause: Limit one of each Pokémon
|rule|Item Clause: Limit 1 of each item
|clearpoke
|poke|p1|Sneasler, L50, F|
|poke|p1|Dragapult, L50, F|
|poke|p1|Primarina, L50, F|
|poke|p1|Rillaboom, L50, M|
|poke|p1|Kingambit, L50, F|
|poke|p1|Volcarona, L50, M|
|poke|p2|Gholdengo, L50|
|poke|p2|Amoonguss, L50, M|
|poke|p2|Incineroar, L50, F|
|poke|p2|Kommo-o, L50, F|
|poke|p2|Rillaboom, L50, M|
|poke|p2|Primarina, L50, M|
|teampreview|4
|showteam|p1|Sneasler||FocusSash|PoisonTouch|CloseCombat,DireClaw,FakeOut,Protect|||F|||50|,,,,,Stellar]Dragapult||ChoiceBand|ClearBody|DragonDarts,Outrage,PhantomForce,Uturn|||F|||50|,,,,,Dragon]Primarina||LifeOrb|LiquidVoice|HyperVoice,Moonblast,Haze,Protect|||F|||50|,,,,,Grass]Rillaboom||AssaultVest|GrassySurge|WoodHammer,GrassyGlide,HighHorsepower,FakeOut|||M|||50|,,,,,Fire]Kingambit||BlackGlasses|Defiant|KowtowCleave,SuckerPunch,SwordsDance,Protect|||F|||50|,,,,,Ghost]Volcarona||SafetyGoggles|FlameBody|Overheat,WillOWisp,RagePowder,Protect|||M|||50|,,,,,Ghost
|showteam|p2|Gholdengo||SitrusBerry|GoodasGold|MakeItRain,Protect,NastyPlot,ShadowBall||||||50|,,,,,Water]Amoonguss||MentalHerb|Regenerator|SludgeBomb,RagePowder,Spore,PollenPuff|||M|||50|,,,,,Water]Incineroar||SafetyGoggles|Intimidate|KnockOff,FakeOut,PartingShot,FlareBlitz|||F|||50|,,,,,Ghost]Kommo-o||Leftovers|Overcoat|ClangorousSoul,Protect,ClangingScales,Flamethrower|||F|||50|,,,,,Fire]Rillaboom||AssaultVest|GrassySurge|GrassyGlide,WoodHammer,FakeOut,Uturn|||M|||50|,,,,,Fire]Primarina||ThroatSpray|LiquidVoice|HyperVoice,Moonblast,Protect,CalmMind|||M|||50|,,,,,Steel
|inactive|Battle timer is ON: inactive players will automatically lose when time's up. (requested by PickledogVGC)
|inactive|Implosive Diarrhea has 60 seconds left.
|
|t:|1756688946
|teamsize|p1|4
|teamsize|p2|4
|start
|switch|p1a: Slayyy|Primarina, L50, F|100/100
|switch|p1b: My Sun|Volcarona, L50, M|100/100
|switch|p2a: Oooh banana|Rillaboom, L50, M, shiny|100/100
|switch|p2b: Tang Gang|Kommo-o, L50, F|100/100
|-fieldstart|move: Grassy Terrain|[from] ability: Grassy Surge|[of] p2a: Oooh banana
|turn|1
|inactive|Implosive Diarrhea has 30 seconds left.
|inactive|PickledogVGC has 30 seconds left.
|inactive|Implosive Diarrhea has 20 seconds left.
|inactive|Implosive Diarrhea has 15 seconds left.
|inactive|Implosive Diarrhea has 10 seconds left.
|
|t:|1756688996
|move|p1b: My Sun|Protect|p1b: My Sun
|-singleturn|p1b: My Sun|Protect
|move|p1a: Slayyy|Protect|p1a: Slayyy
|-singleturn|p1a: Slayyy|Protect
|move|p2b: Tang Gang|Clangorous Soul|p2b: Tang Gang
|-boost|p2b: Tang Gang|atk|1
|-boost|p2b: Tang Gang|def|1
|-boost|p2b: Tang Gang|spa|1
|-boost|p2b: Tang Gang|spd|1
|-boost|p2b: Tang Gang|spe|1
|-damage|p2b: Tang Gang|68/100
|move|p2a: Oooh banana|Wood Hammer|p1a: Slayyy
|-activate|p1a: Slayyy|move: Protect
|
|-heal|p2b: Tang Gang|74/100|[from] Grassy Terrain
|-heal|p2b: Tang Gang|79/100|[from] item: Leftovers
|upkeep
|turn|2
|
|t:|1756689014
|-terastallize|p1a: Slayyy|Grass
|move|p1b: My Sun|Rage Powder|p1b: My Sun
|-singleturn|p1b: My Sun|move: Rage Powder
|move|p2b: Tang Gang|Flamethrower|p1a: Slayyy
|-supereffective|p1a: Slayyy
|-damage|p1a: Slayyy|45/100
|move|p2a: Oooh banana|Wood Hammer|p1a: Slayyy
|-resisted|p1a: Slayyy
|-damage|p1a: Slayyy|13/100
|-damage|p2a: Oooh banana|91/100|[from] Recoil
|move|p1a: Slayyy|Haze|p1a: Slayyy
|-clearallboost
|
|-heal|p2b: Tang Gang|85/100|[from] Grassy Terrain
|-heal|p2b: Tang Gang|91/100|[from] item: Leftovers
|-heal|p2a: Oooh banana|97/100|[from] Grassy Terrain
|-heal|p1a: Slayyy|19/100|[from] Grassy Terrain
|upkeep
|turn|3
|c|☆Implosive Diarrhea|i forgor overcoat
|inactive|Implosive Diarrhea has 30 seconds left.
|inactive|PickledogVGC has 30 seconds left.
|inactive|Implosive Diarrhea has 20 seconds left.
|c|☆PickledogVGC|I did too lol
|inactive|Implosive Diarrhea has 15 seconds left.
|
|t:|1756689059
|move|p1a: Slayyy|Protect|p1a: Slayyy
|-singleturn|p1a: Slayyy|Protect
|move|p1b: My Sun|Overheat|p2a: Oooh banana
|-supereffective|p2a: Oooh banana
|-damage|p2a: Oooh banana|7/100
|-unboost|p1b: My Sun|spa|2
|move|p2b: Tang Gang|Clanging Scales|p1b: My Sun|[spread] p1b
|-activate|p1a: Slayyy|move: Protect
|-damage|p1b: My Sun|71/100
|-unboost|p2b: Tang Gang|def|1
|move|p2a: Oooh banana|U-turn|p1a: Slayyy
|-activate|p1a: Slayyy|move: Protect
|
|-heal|p1b: My Sun|77/100|[from] Grassy Terrain
|-heal|p2b: Tang Gang|97/100|[from] Grassy Terrain
|-heal|p2b: Tang Gang|100/100|[from] item: Leftovers
|-heal|p2a: Oooh banana|13/100|[from] Grassy Terrain
|-heal|p1a: Slayyy|25/100|[from] Grassy Terrain
|upkeep
|turn|4
|inactive|Implosive Diarrhea has 30 seconds left.
|
|t:|1756689092
|move|p1b: My Sun|Overheat|p2a: Oooh banana
|-supereffective|p2a: Oooh banana
|-damage|p2a: Oooh banana|0 fnt
|-unboost|p1b: My Sun|spa|2
|faint|p2a: Oooh banana
|move|p2b: Tang Gang|Clanging Scales|p1a: Slayyy|[spread] p1a,p1b
|-damage|p1a: Slayyy|0 fnt
|-damage|p1b: My Sun|48/100
|faint|p1a: Slayyy
|-unboost|p2b: Tang Gang|def|1
|
|-heal|p1b: My Sun|55/100|[from] Grassy Terrain
|upkeep
|
|t:|1756689106
|switch|p2a: Kraaaabs|Gholdengo, L50|100/100
|switch|p1a: 777|Sneasler, L50, F|100/100
|turn|5
|
|t:|1756689126
|switch|p2b: AAAAAAAAAAAA|Primarina, L50, M|100/100
|move|p1a: 777|Close Combat|p2b: AAAAAAAAAAAA
|-resisted|p2b: AAAAAAAAAAAA
|-damage|p2b: AAAAAAAAAAAA|72/100
|-unboost|p1a: 777|def|1
|-unboost|p1a: 777|spd|1
|move|p1b: My Sun|Overheat|p2a: Kraaaabs
|-supereffective|p2a: Kraaaabs
|-damage|p2a: Kraaaabs|62/100
|-unboost|p1b: My Sun|spa|2
|move|p2a: Kraaaabs|Make It Rain|p1b: My Sun|[spread] p1a,p1b
|-resisted|p1b: My Sun
|-damage|p1a: 777|19/100
|-damage|p1b: My Sun|35/100
|-unboost|p2a: Kraaaabs|spa|1
|
|-heal|p1a: 777|24/100|[from] Grassy Terrain
|-heal|p1b: My Sun|42/100|[from] Grassy Terrain
|-heal|p2a: Kraaaabs|68/100|[from] Grassy Terrain
|-heal|p2b: AAAAAAAAAAAA|78/100|[from] Grassy Terrain
|-fieldend|move: Grassy Terrain
|upkeep
|turn|6
|inactive|PickledogVGC has 30 seconds left.
|inactive|PickledogVGC has 20 seconds left.
|inactive|PickledogVGC has 15 seconds left.
|inactive|PickledogVGC has 10 seconds left.
|
|t:|1756689174
|switch|p1b: Grassy Kong|Rillaboom, L50, M|100/100
|-fieldstart|move: Grassy Terrain|[from] ability: Grassy Surge|[of] p1b: Grassy Kong
|switch|p2b: Tang Gang|Kommo-o, L50, F|100/100
|move|p1a: 777|Protect|p1a: 777
|-singleturn|p1a: 777|Protect
|move|p2a: Kraaaabs|Make It Rain|p1a: 777|[spread] p1b
|-activate|p1a: 777|move: Protect
|-damage|p1b: Grassy Kong|81/100
|-unboost|p2a: Kraaaabs|spa|1
|
|-heal|p1a: 777|30/100|[from] Grassy Terrain
|-heal|p2a: Kraaaabs|74/100|[from] Grassy Terrain
|-heal|p1b: Grassy Kong|87/100|[from] Grassy Terrain
|upkeep
|turn|7
|inactive|Implosive Diarrhea has 30 seconds left.
|inactive|Implosive Diarrhea has 20 seconds left.
|inactive|Implosive Diarrhea has 15 seconds left.
|
|t:|1756689215
|switch|p1a: My Sun|Volcarona, L50, M|42/100
|switch|p2a: AAAAAAAAAAAA|Primarina, L50, M|78/100
|move|p1b: Grassy Kong|Fake Out|p2b: Tang Gang
|-damage|p2b: Tang Gang|87/100
|cant|p2b: Tang Gang|flinch
|
|-heal|p1a: My Sun|48/100|[from] Grassy Terrain
|-heal|p2b: Tang Gang|93/100|[from] Grassy Terrain
|-heal|p2b: Tang Gang|99/100|[from] item: Leftovers
|-heal|p1b: Grassy Kong|93/100|[from] Grassy Terrain
|-heal|p2a: AAAAAAAAAAAA|84/100|[from] Grassy Terrain
|upkeep
|turn|8
|inactive|Implosive Diarrhea has 30 seconds left.
|inactive|Implosive Diarrhea has 20 seconds left.
|inactive|Implosive Diarrhea has 15 seconds left.
|inactive|Implosive Diarrhea has 10 seconds left.
|inactive|Implosive Diarrhea has 5 seconds left.
|
|t:|1756689268
|switch|p1a: 777|Sneasler, L50, F|30/100
|move|p2a: AAAAAAAAAAAA|Protect|p2a: AAAAAAAAAAAA
|-singleturn|p2a: AAAAAAAAAAAA|Protect
|move|p2b: Tang Gang|Clanging Scales|p1b: Grassy Kong|[spread] p1a,p1b
|-damage|p1a: 777|0 fnt
|-damage|p1b: Grassy Kong|68/100
|faint|p1a: 777
|-unboost|p2b: Tang Gang|def|1
|move|p1b: Grassy Kong|Wood Hammer|p2a: AAAAAAAAAAAA
|-activate|p2a: AAAAAAAAAAAA|move: Protect
|
|-heal|p2b: Tang Gang|100/100|[from] Grassy Terrain
|-heal|p1b: Grassy Kong|74/100|[from] Grassy Terrain
|-heal|p2a: AAAAAAAAAAAA|90/100|[from] Grassy Terrain
|upkeep
|
|t:|1756689274
|switch|p1a: My Sun|Volcarona, L50, M|48/100
|turn|9
|inactive|PickledogVGC has 30 seconds left.
|inactive|PickledogVGC has 20 seconds left.
|inactive|PickledogVGC has 15 seconds left.
|
|t:|1756689318
|-terastallize|p2a: AAAAAAAAAAAA|Steel
|move|p1a: My Sun|Overheat|p2a: AAAAAAAAAAAA
|-supereffective|p2a: AAAAAAAAAAAA
|-damage|p2a: AAAAAAAAAAAA|0 fnt
|-unboost|p1a: My Sun|spa|2
|faint|p2a: AAAAAAAAAAAA
|move|p2b: Tang Gang|Clanging Scales|p1a: My Sun|[spread] p1a,p1b
|-damage|p1a: My Sun|19/100
|-damage|p1b: Grassy Kong|49/100
|-unboost|p2b: Tang Gang|def|1
|move|p1b: Grassy Kong|High Horsepower|p2b: Tang Gang
|-damage|p2b: Tang Gang|39/100
|
|-heal|p1a: My Sun|25/100|[from] Grassy Terrain
|-heal|p2b: Tang Gang|45/100|[from] Grassy Terrain
|-heal|p2b: Tang Gang|51/100|[from] item: Leftovers
|-heal|p1b: Grassy Kong|55/100|[from] Grassy Terrain
|upkeep
|
|t:|1756689323
|switch|p2a: Kraaaabs|Gholdengo, L50|74/100
|turn|10
|inactive|Implosive Diarrhea has 30 seconds left.
|inactive|PickledogVGC has 30 seconds left.
|inactive|Implosive Diarrhea has 20 seconds left.
|inactive|PickledogVGC has 20 seconds left.
|inactive|Implosive Diarrhea has 15 seconds left.
|inactive|PickledogVGC has 15 seconds left.
|inactive|PickledogVGC has 10 seconds left.
|
|t:|1756689372
|move|p1a: My Sun|Overheat|p2a: Kraaaabs
|-supereffective|p2a: Kraaaabs
|-damage|p2a: Kraaaabs|15/100
|-unboost|p1a: My Sun|spa|2
|-enditem|p2a: Kraaaabs|Sitrus Berry|[eat]
|-heal|p2a: Kraaaabs|40/100|[from] item: Sitrus Berry
|move|p2b: Tang Gang|Flamethrower|p1b: Grassy Kong
|-supereffective|p1b: Grassy Kong
|-damage|p1b: Grassy Kong|20/100
|move|p2a: Kraaaabs|Make It Rain|p1b: Grassy Kong|[spread] p1a,p1b
|-resisted|p1a: My Sun
|-damage|p1a: My Sun|9/100
|-damage|p1b: Grassy Kong|0 fnt
|-unboost|p2a: Kraaaabs|spa|1
|faint|p1b: Grassy Kong
|
|-heal|p1a: My Sun|15/100|[from] Grassy Terrain
|-heal|p2b: Tang Gang|57/100|[from] Grassy Terrain
|-heal|p2b: Tang Gang|62/100|[from] item: Leftovers
|-heal|p2a: Kraaaabs|46/100|[from] Grassy Terrain
|-fieldend|move: Grassy Terrain
|upkeep
|turn|11
|
|t:|1756689396
|move|p1a: My Sun|Overheat|p2a: Kraaaabs
|-supereffective|p2a: Kraaaabs
|-damage|p2a: Kraaaabs|10/100
|-unboost|p1a: My Sun|spa|2
|move|p2b: Tang Gang|Clanging Scales|p1a: My Sun
|-damage|p1a: My Sun|0 fnt
|faint|p1a: My Sun
|
|win|PickledogVGC
||Implosive Diarrhea is ready for game 3.
||PickledogVGC is ready for game 3.
|uhtml|next|Next: Game 3 of 3
|l|☆PickledogVGC
|player|p2|
