|j|â˜†MrKiran
|j|â˜†MizzleWaterCooler
|html|MrKiranMizzleWaterCooler    
|uhtml|bestof|Game 1 of a best-of-3
|t:|1756247395
|gametype|doubles
|player|p1|MrKiran|n|1094
|player|p2|MizzleWaterCooler|brycen|1103
|gen|9
|tier|[Gen 9] VGC 2025 Reg H (Bo3)
|rated|
|rule|Species Clause: Limit one of each PokÃ©mon
|rule|Item Clause: Limit 1 of each item
|clearpoke
|poke|p1|Porygon2, L50|
|poke|p1|Incineroar, L50, M|
|poke|p1|Ursaluna, L50, M|
|poke|p1|Amoonguss, L50, F|
|poke|p1|Gholdengo, L50|
|poke|p1|Dragonite, L50, M|
|poke|p2|Whimsicott, L50, F|
|poke|p2|Ursaluna-Bloodmoon, L50, M|
|poke|p2|Archaludon, L50, F|
|poke|p2|Flamigo, L50, F|
|poke|p2|Typhlosion-Hisui, L50, F|
|poke|p2|Rillaboom, L50, M|
|teampreview|4
|showteam|p1|Porygon2||Eviolite|Download|TeraBlast,IceBeam,Recover,TrickRoom||||||50|,,,,,Fighting]Incineroar||SafetyGoggles|Intimidate|FakeOut,KnockOff,FlareBlitz,PartingShot|||M|||50|,,,,,Ghost]Ursaluna||FlameOrb|Guts|HeadlongRush,Facade,Earthquake,Protect|||M|||50|,,,,,Ghost]Amoonguss||SitrusBerry|Regenerator|PollenPuff,Spore,RagePowder,Protect|||F|||50|,,,,,Water]Gholdengo||LifeOrb|GoodasGold|MakeItRain,ShadowBall,NastyPlot,Protect||||||50|,,,,,Water]Dragonite||LoadedDice|Multiscale|ScaleShot,Haze,Tailwind,Protect|||M|||50|,,,,,Steel
|showteam|p2|Whimsicott||CovertCloak|Prankster|Moonblast,Tailwind,Encore,SunnyDay|||F|||50|,,,,,Water]Ursaluna-Bloodmoon||LifeOrb|MindsEye|HyperVoice,BloodMoon,EarthPower,Protect|||M|||50|,,,,,Normal]Archaludon||PowerHerb|Sturdy|FlashCannon,DracoMeteor,ElectroShot,Protect|||F|||50|,,,,,Stellar]Flamigo||FocusSash|Scrappy|CloseCombat,WideGuard,DualWingbeat,Detect|||F|||50|,,,,,Ghost]Typhlosion-Hisui||ChoiceSpecs|Blaze|Eruption,HeatWave,Overheat,ShadowBall|||F|||50|,,,,,Fire]Rillaboom||AssaultVest|GrassySurge|GrassyGlide,WoodHammer,FakeOut,HighHorsepower|||M|||50|,,,,,Fire
|inactive|Battle timer is ON: inactive players will automatically lose when time's up. (requested by MizzleWaterCooler)
|inactive|MrKiran has 60 seconds left.
|inactive|MizzleWaterCooler has 60 seconds left.
|inactive|MizzleWaterCooler has 30 seconds left.
|
|t:|1756247456
|teamsize|p1|4
|teamsize|p2|4
|start
|switch|p1a: Amoonguss|Amoonguss, L50, F|100/100
|switch|p1b: Incineroar|Incineroar, L50, M|100/100
|switch|p2a: Archaludon|Archaludon, L50, F|100/100
|switch|p2b: Flamigo|Flamigo, L50, F|100/100
|-ability|p1b: Incineroar|Intimidate|boost
|-unboost|p2a: Archaludon|atk|1
|-fail|p2b: Flamigo|unboost|Attack|[from] ability: Scrappy|[of] p2b: Flamigo
|turn|1
|
|t:|1756247477
|switch|p1a: Porygon2|Porygon2, L50|100/100
|-ability|p1a: Porygon2|Download|boost
|-boost|p1a: Porygon2|spa|1
|move|p2b: Flamigo|Detect|p2b: Flamigo
|-singleturn|p2b: Flamigo|Protect
|move|p2a: Archaludon|Protect|p2a: Archaludon
|-singleturn|p2a: Archaludon|Protect
|move|p1b: Incineroar|Fake Out|p2a: Archaludon
|-activate|p2a: Archaludon|move: Protect
|
|upkeep
|turn|2
|inactive|MrKiran has 30 seconds left.
|inactive|MizzleWaterCooler has 30 seconds left.
|inactive|MizzleWaterCooler has 20 seconds left.
|inactive|MizzleWaterCooler has 15 seconds left.
|inactive|MizzleWaterCooler has 10 seconds left.
|inactive|MizzleWaterCooler has 5 seconds left.
|
|t:|1756247529
|-terastallize|p1a: Porygon2|Fighting
|move|p2b: Flamigo|Close Combat|p1a: Porygon2
|-damage|p1a: Porygon2|59/100
|-unboost|p2b: Flamigo|def|1
|-unboost|p2b: Flamigo|spd|1
|move|p2a: Archaludon|Electro Shot||[still]
|-prepare|p2a: Archaludon|Electro Shot
|-boost|p2a: Archaludon|spa|1
|-enditem|p2a: Archaludon|Power Herb
|-anim|p2a: Archaludon|Electro Shot|p1a: Porygon2
|-damage|p1a: Porygon2|15/100
|move|p1b: Incineroar|Parting Shot|p2b: Flamigo
|-unboost|p2b: Flamigo|atk|1
|-unboost|p2b: Flamigo|spa|1
|
|t:|1756247540
|switch|p1b: Ursaluna|Ursaluna, L50, M|100/100|[from] Parting Shot
|move|p1a: Porygon2|Trick Room|p1a: Porygon2
|-fieldstart|move: Trick Room|[of] p1a: Porygon2
|
|-status|p1b: Ursaluna|brn|[from] item: Flame Orb
|upkeep
|turn|3
|inactive|MrKiran has 30 seconds left.
|inactive|MizzleWaterCooler has 30 seconds left.
|inactive|MrKiran has 20 seconds left.
|inactive|MizzleWaterCooler has 20 seconds left.
|inactive|MizzleWaterCooler has 15 seconds left.
|inactive|MizzleWaterCooler has 10 seconds left.
|
|t:|1756247589
|move|p1a: Porygon2|Recover|p1a: Porygon2
|-heal|p1a: Porygon2|65/100
|move|p1b: Ursaluna|Headlong Rush|p2a: Archaludon
|-supereffective|p2a: Archaludon
|-ability|p2a: Archaludon|Sturdy
|-damage|p2a: Archaludon|1/100
|-unboost|p1b: Ursaluna|def|1
|-unboost|p1b: Ursaluna|spd|1
|move|p2a: Archaludon|Flash Cannon|p1a: Porygon2
|-damage|p1a: Porygon2|22/100
|-unboost|p1a: Porygon2|spd|1
|move|p2b: Flamigo|Close Combat|p1b: Ursaluna
|-supereffective|p1b: Ursaluna
|-damage|p1b: Ursaluna|9/100 brn
|-unboost|p2b: Flamigo|def|1
|-unboost|p2b: Flamigo|spd|1
|
|-damage|p1b: Ursaluna|3/100 brn|[from] brn
|upkeep
|turn|4
|
|t:|1756247608
|switch|p1b: Incineroar|Incineroar, L50, M|100/100
|-ability|p1b: Incineroar|Intimidate|boost
|-unboost|p2a: Archaludon|atk|1
|-fail|p2b: Flamigo|unboost|Attack|[from] ability: Scrappy|[of] p2b: Flamigo
|move|p2a: Archaludon|Protect|p2a: Archaludon
|-singleturn|p2a: Archaludon|Protect
|move|p2b: Flamigo|Detect|p2b: Flamigo
|-singleturn|p2b: Flamigo|Protect
|move|p1a: Porygon2|Tera Blast|p2a: Archaludon|[anim] Tera Blast Fighting
|-activate|p2a: Archaludon|move: Protect
|
|upkeep
|turn|5
|inactive|MizzleWaterCooler has 30 seconds left.
|
|t:|1756247635
|move|p1b: Incineroar|Fake Out|p2a: Archaludon
|-resisted|p2a: Archaludon
|-damage|p2a: Archaludon|0 fnt
|faint|p2a: Archaludon
|move|p1a: Porygon2|Ice Beam|p2b: Flamigo
|-supereffective|p2b: Flamigo
|-enditem|p2b: Flamigo|Focus Sash
|-damage|p2b: Flamigo|1/100
|move|p2b: Flamigo|Dual Wingbeat|p1a: Porygon2
|-supereffective|p1a: Porygon2
|-damage|p1a: Porygon2|4/100
|-supereffective|p1a: Porygon2
|-damage|p1a: Porygon2|0 fnt
|faint|p1a: Porygon2
|-hitcount|p1: Porygon2|2
|
|upkeep
|
|t:|1756247655
|switch|p1a: Ursaluna|Ursaluna, L50, M|3/100 brn
|switch|p2a: Whimsicott|Whimsicott, L50, F|100/100
|turn|6
|
|t:|1756247676
|switch|p1b: Amoonguss|Amoonguss, L50, F|100/100
|move|p2b: Flamigo|Detect|p2b: Flamigo
|-singleturn|p2b: Flamigo|Protect
|move|p2a: Whimsicott|Sunny Day|p2a: Whimsicott
|-weather|SunnyDay
|move|p1a: Ursaluna|Facade|p2a: Whimsicott
|-damage|p2a: Whimsicott|0 fnt
|faint|p2a: Whimsicott
|
|-weather|SunnyDay|[upkeep]
|-damage|p1a: Ursaluna|0 fnt|[from] brn
|faint|p1a: Ursaluna
|-fieldend|move: Trick Room
|upkeep
|
|t:|1756247685
|switch|p2a: Typhlosion|Typhlosion-Hisui, L50, F|100/100
|switch|p1a: Incineroar|Incineroar, L50, M|100/100
|-ability|p1a: Incineroar|Intimidate|boost
|-unboost|p2a: Typhlosion|atk|1
|-fail|p2b: Flamigo|unboost|Attack|[from] ability: Scrappy|[of] p2b: Flamigo
|turn|7
|inactive|MizzleWaterCooler has 30 seconds left.
|
|t:|1756247716
|move|p1b: Amoonguss|Protect|p1b: Amoonguss
|-singleturn|p1b: Amoonguss|Protect
|move|p2a: Typhlosion|Heat Wave|p1b: Amoonguss|[spread] p1a
|-activate|p1b: Amoonguss|move: Protect
|-resisted|p1a: Incineroar
|-damage|p1a: Incineroar|64/100
|move|p2b: Flamigo|Close Combat|p1a: Incineroar
|-supereffective|p1a: Incineroar
|-damage|p1a: Incineroar|0 fnt
|-unboost|p2b: Flamigo|def|1
|-unboost|p2b: Flamigo|spd|1
|faint|p1a: Incineroar
|
|-weather|SunnyDay|[upkeep]
|upkeep
|turn|8
|-message|MrKiran forfeited.
|
|win|MizzleWaterCooler
||MrKiran is ready for game 2.
||MizzleWaterCooler is ready for game 2.
|uhtml|next|Next: Game 2 of 3
|l|â˜†MrKiran
|player|p1|
