|j|☆2BStellar
|j|☆Inkerious
|html|2BStellarInkerious    
|uhtml|bestof|Game 3 of a best-of-3
|t:|1785982912
|gametype|doubles
|player|p1|2BStellar|hilbert-wonderlauncher|1179
|player|p2|Inkerious|102|1160
|gen|9
|tier|[Gen 9 Champions] VGC 2026 Reg M-B (Bo3)
|rated|
|rule|Species Clause: Limit one of each Pokémon
|rule|Item Clause: Limit 1 of each item
|clearpoke
|poke|p1|Sylveon, L50, F, shiny|
|poke|p1|Garchomp, L50, M, shiny|
|poke|p1|Kingambit, L50, M, shiny|
|poke|p1|Charizard, L50, M, shiny|
|poke|p1|Aerodactyl, L50, M, shiny|
|poke|p1|Farigiraf, L50, F, shiny|
|poke|p2|Gholdengo, L50|
|poke|p2|Tyranitar, L50, M|
|poke|p2|Excadrill, L50, M|
|poke|p2|Milotic, L50, M|
|poke|p2|Staraptor, L50, M|
|poke|p2|Sinistcha, L50|
|teampreview|4
|showteam|p1|Sylveon||FairyFeather|Pixilate|Detect,HyperVoice,QuickAttack,HyperBeam|Modest||F|||50|]Garchomp||LifeOrb|RoughSkin|Protect,Earthquake,DragonClaw,StoneEdge|Jolly||M|||50|]Kingambit||FocusSash|Defiant|SuckerPunch,KowtowCleave,IronHead,BrickBreak|Jolly||M|||50|]Charizard||CharizarditeY|Blaze|Protect,HeatWave,SolarBeam,WeatherBall|Modest||M|||50|]Aerodactyl||Aerodactylite|Unnerve|Tailwind,RockSlide,IceFang,DualWingbeat|Jolly||M|||50|]Farigiraf||SitrusBerry|ArmorTail|Protect,Thunderbolt,TwinBeam,TrickRoom|Bold||F|||50|
|showteam|p2|Gholdengo||LifeOrb|GoodasGold|MakeItRain,ShadowBall,NastyPlot,Protect|Modest|||||50|]Tyranitar||Tyranitarite|SandStream|RockSlide,KnockOff,HighHorsepower,Protect|Jolly||M|||50|]Excadrill||FocusSash|SandRush|IronHead,HighHorsepower,RockSlide,Protect|Jolly||M|||50|]Milotic||SitrusBerry|Competitive|Scald,IcyWind,Haze,Protect|Calm||M|||50|]Staraptor||Staraptite|Intimidate|CloseCombat,BraveBird,Tailwind,Protect|Jolly||M|||50|]Sinistcha||ColburBerry|Hospitality|MatchaGotcha,ShadowBall,RagePowder,Protect|Bold|||||50|
|inactive|Battle timer is ON: inactive players will automatically lose when time's up. (requested by Inkerious)
|inactive|2BStellar has 60 seconds left.
|
|t:|1785982952
|teamsize|p1|4
|teamsize|p2|4
|start
|switch|p1a: zzzzzz|Charizard, L50, M, shiny|100/100
|switch|p1b: e4e5f4|Kingambit, L50, M, shiny|100/100
|switch|p2a: Tyranitar|Tyranitar, L50, M|100/100
|switch|p2b: Milotic|Milotic, L50, M|100/100
|-weather|Sandstorm|[from] ability: Sand Stream|[of] p2a: Tyranitar
|turn|1
|
|t:|1785982972
|detailschange|p1a: zzzzzz|Charizard-Mega-Y, L50, M, shiny
|-mega|p1a: zzzzzz|Charizard|Charizardite Y
|-weather|SunnyDay|[from] ability: Drought|[of] p1a: zzzzzz
|move|p2a: Tyranitar|Protect|p2a: Tyranitar
|-singleturn|p2a: Tyranitar|Protect
|move|p1a: zzzzzz|Solar Beam||[still]
|-prepare|p1a: zzzzzz|Solar Beam
|-anim|p1a: zzzzzz|Solar Beam|p2b: Milotic
|-supereffective|p2b: Milotic|1
|-crit|p2b: Milotic
|-damage|p2b: Milotic|6/100
|-enditem|p2b: Milotic|Sitrus Berry|[eat]
|-heal|p2b: Milotic|31/100|[from] item: Sitrus Berry
|move|p2b: Milotic|Scald|p1b: e4e5f4
|-damage|p1b: e4e5f4|84/100
|-status|p1b: e4e5f4|brn
|move|p1b: e4e5f4|Brick Break|p2a: Tyranitar
|-activate|p2a: Tyranitar|move: Protect
|
|-weather|SunnyDay|[upkeep]
|-damage|p1b: e4e5f4|78/100 brn|[from] brn
|upkeep
|turn|2
|inactive|2BStellar has 30 seconds left.
|inactive|Inkerious has 30 seconds left.
|inactive|2BStellar has 20 seconds left.
|inactive|2BStellar has 15 seconds left.
|
|t:|1785983015
|detailschange|p2a: Tyranitar|Tyranitar-Mega, L50, M
|-mega|p2a: Tyranitar|Tyranitar|Tyranitarite
|-weather|Sandstorm|[from] ability: Sand Stream|[of] p2a: Tyranitar
|move|p2a: Tyranitar|High Horsepower|p1b: e4e5f4
|-supereffective|p1b: e4e5f4|1
|-damage|p1b: e4e5f4|12/100 brn
|move|p1a: zzzzzz|Solar Beam||[still]
|-prepare|p1a: zzzzzz|Solar Beam
|move|p2b: Milotic|Scald|p1a: zzzzzz
|-supereffective|p1a: zzzzzz|1
|-damage|p1a: zzzzzz|46/100
|move|p1b: e4e5f4|Brick Break|p2a: Tyranitar
|-supereffective|p2a: Tyranitar|2
|-damage|p2a: Tyranitar|61/100
|
|-weather|Sandstorm|[upkeep]
|-damage|p1a: zzzzzz|40/100|[from] Sandstorm
|-damage|p2b: Milotic|25/100|[from] Sandstorm
|-damage|p1b: e4e5f4|6/100 brn|[from] brn
|upkeep
|turn|3
|inactive|2BStellar has 30 seconds left.
|inactive|Inkerious has 30 seconds left.
|inactive|2BStellar has 20 seconds left.
|inactive|Inkerious has 20 seconds left.
|inactive|Inkerious has 15 seconds left.
|
|t:|1785983056
|move|p2a: Tyranitar|Rock Slide|p1a: zzzzzz|[spread] p1b
|-miss|p2a: Tyranitar|p1a: zzzzzz
|-resisted|p1b: e4e5f4|1
|-damage|p1b: e4e5f4|0 fnt
|faint|p1b: e4e5f4
|move|p1a: zzzzzz|Solar Beam|p2b: Milotic|[from] lockedmove
|-supereffective|p2b: Milotic|1
|-damage|p2b: Milotic|0 fnt
|faint|p2b: Milotic
|
|-weather|Sandstorm|[upkeep]
|-damage|p1a: zzzzzz|34/100|[from] Sandstorm
|upkeep
|
|t:|1785983072
|switch|p2b: Staraptor|Staraptor, L50, M|100/100
|switch|p1b: piano|Garchomp, L50, M, shiny|100/100
|-ability|p2b: Staraptor|Intimidate|boost
|-unboost|p1a: zzzzzz|atk|1
|-unboost|p1b: piano|atk|1
|turn|4
|inactive|2BStellar has 30 seconds left.
|
|t:|1785983103
|switch|p1a: giraf|Farigiraf, L50, F, shiny|100/100
|move|p1b: piano|Protect|p1b: piano
|-singleturn|p1b: piano|Protect
|move|p2b: Staraptor|Tailwind|p2b: Staraptor
|-sidestart|p2: Inkerious|move: Tailwind
|move|p2a: Tyranitar|Knock Off|p1b: piano
|-activate|p1b: piano|move: Protect
|
|-weather|Sandstorm|[upkeep]
|-damage|p2b: Staraptor|94/100|[from] Sandstorm
|-damage|p1a: giraf|94/100|[from] Sandstorm
|upkeep
|turn|5
|inactive|2BStellar has 30 seconds left.
|
|t:|1785983131
|move|p2b: Staraptor|Brave Bird|p1b: piano
|-damage|p1b: piano|52/100
|-damage|p2b: Staraptor|82/100|[from] ability: Rough Skin|[of] p1b: piano
|-damage|p2b: Staraptor|66/100|[from] Recoil
|move|p2a: Tyranitar|Knock Off|p1a: giraf
|-supereffective|p1a: giraf|1
|-crit|p1a: giraf
|-damage|p1a: giraf|0 fnt
|-enditem|p1a: giraf|Sitrus Berry|[from] move: Knock Off|[of] p2a: Tyranitar
|faint|p1a: giraf
|move|p1b: piano|Earthquake|p2a: Tyranitar|[spread] p2a
|-immune|p2b: Staraptor
|-supereffective|p2a: Tyranitar|1
|-damage|p2a: Tyranitar|12/100
|-damage|p1b: piano|43/100|[from] item: Life Orb
|
|-weather|Sandstorm|[upkeep]
|-damage|p2b: Staraptor|60/100|[from] Sandstorm
|upkeep
|
|t:|1785983144
|switch|p1a: zzzzzz|Charizard-Mega-Y, L50, M, shiny|34/100
|-weather|SunnyDay|[from] ability: Drought|[of] p1a: zzzzzz
|turn|6
|inactive|2BStellar has 30 seconds left.
|inactive|2BStellar has 20 seconds left.
|inactive|2BStellar has 15 seconds left.
|inactive|2BStellar has 10 seconds left.
|
|t:|1785983191
|move|p2b: Staraptor|Brave Bird|p1b: piano
|-damage|p1b: piano|0 fnt
|-damage|p2b: Staraptor|48/100|[from] ability: Rough Skin|[of] p1b: piano
|faint|p1b: piano
|-damage|p2b: Staraptor|34/100|[from] Recoil
|move|p2a: Tyranitar|Rock Slide|p1a: zzzzzz
|-supereffective|p1a: zzzzzz|2
|-damage|p1a: zzzzzz|0 fnt
|faint|p1a: zzzzzz
|
|win|Inkerious
|raw|2BStellar's rating: 1179 → 1153(-26 for losing)
|raw|Inkerious's rating: 1160 → 1186(+26 for winning)
