|j|☆moicito
|j|☆ThunDragon67
|html|moicitoThunDragon67    
|uhtml|bestof|Game 1 of a best-of-3
|t:|1756351379
|gametype|doubles
|player|p1|moicito|caitlin|1135
|player|p2|ThunDragon67|li|1072
|gen|9
|tier|[Gen 9] VGC 2025 Reg H (Bo3)
|rated|
|rule|Species Clause: Limit one of each Pokémon
|rule|Item Clause: Limit 1 of each item
|clearpoke
|poke|p1|Kingambit, L50, F|
|poke|p1|Rillaboom, L50, F|
|poke|p1|Magmar, L50, M|
|poke|p1|Primarina, L50, M|
|poke|p1|Sneasler, L50, F|
|poke|p1|Dragapult, L50, F|
|poke|p2|Whimsicott, L50, M|
|poke|p2|Dragapult, L50, M|
|poke|p2|Sneasler, L50, M|
|poke|p2|Indeedee, L50, M|
|poke|p2|Armarouge, L50, M|
|poke|p2|Malamar, L50, F|
|teampreview|4
|showteam|p1|Kingambit||BlackGlasses|Defiant|Protect,KowtowCleave,SuckerPunch,SwordsDance|||F|||50|,,,,,Ghost]Rillaboom||AssaultVest|GrassySurge|WoodHammer,GrassyGlide,HighHorsepower,FakeOut|||F|||50|,,,,,Fire]Magmar||Eviolite|VitalSpirit|Overheat,WillOWisp,FollowMe,Protect|||M|||50|,,,,,Ghost]Primarina||SitrusBerry|LiquidVoice|HyperVoice,Moonblast,Haze,Protect|||M|||50|,,,,,Water]Sneasler||FocusSash|PoisonTouch|CloseCombat,DireClaw,Coaching,FakeOut|||F|||50|,,,,,Stellar]Dragapult||ChoiceBand|ClearBody|DragonDarts,TeraBlast,PhantomForce,Uturn|||F|||50|,,,,,Ghost
|showteam|p2|Whimsicott||CovertCloak|Prankster|Tailwind,SunnyDay,Uturn,Protect|||M|||50|,,,,,Water]Dragapult||LifeOrb|ClearBody|DragonDarts,SuckerPunch,Protect,Uturn|||M|||50|,,,,,Dragon]Sneasler||PsychicSeed|Unburden|CloseCombat,Uturn,FakeOut,DireClaw|||M|||50|,,,,,Fighting]Indeedee||EjectButton|PsychicSurge|ExpandingForce,TrickRoom,DrainingKiss,Protect|||M|||50|,,,,,Fairy]Armarouge||SitrusBerry|FlashFire|ArmorCannon,ExpandingForce,ClearSmog,Protect|||M|||50|,,,,,Fire]Malamar||Leftovers|Contrary|TopsyTurvy,Superpower,KnockOff,Protect|||F|||50|,,,,,Ghost
|inactive|Battle timer is ON: inactive players will automatically lose when time's up. (requested by ThunDragon67)
|inactive|moicito has 60 seconds left.
|inactive|moicito has 30 seconds left.
|
|t:|1756351462
|teamsize|p1|4
|teamsize|p2|4
|start
|switch|p1a: Snisli|Sneasler, L50, F|100/100
|switch|p1b: Kingii|Kingambit, L50, F, shiny|100/100
|switch|p2a: Whimsicott|Whimsicott, L50, M|100/100
|switch|p2b: Dragapult|Dragapult, L50, M|100/100
|turn|1
|inactive|moicito has 30 seconds left.
|
|t:|1756351495
|-terastallize|p2b: Dragapult|Dragon
|move|p2a: Whimsicott|Protect|p2a: Whimsicott
|-singleturn|p2a: Whimsicott|Protect
|move|p2b: Dragapult|Dragon Darts|p1a: Snisli
|-damage|p1a: Snisli|36/100
|-anim|p2b: Dragapult|Dragon Darts|p1b: Kingii
|-resisted|p1b: Kingii
|-damage|p1b: Kingii|85/100
|-damage|p2b: Dragapult|91/100|[from] item: Life Orb
|move|p1a: Snisli|Dire Claw|p2a: Whimsicott
|-activate|p2a: Whimsicott|move: Protect
|move|p1b: Kingii|Kowtow Cleave|p2b: Dragapult
|-damage|p2b: Dragapult|20/100
|
|upkeep
|turn|2
|inactive|ThunDragon67 has 30 seconds left.
|
|t:|1756351523
|switch|p1a: Rilli|Rillaboom, L50, F, shiny|100/100
|-fieldstart|move: Grassy Terrain|[from] ability: Grassy Surge|[of] p1a: Rilli
|move|p2a: Whimsicott|Tailwind|p2a: Whimsicott
|-sidestart|p2: ThunDragon67|move: Tailwind
|move|p1b: Kingii|Sucker Punch|p2b: Dragapult
|-damage|p2b: Dragapult|0 fnt
|faint|p2b: Dragapult
|
|-heal|p1b: Kingii|91/100|[from] Grassy Terrain
|upkeep
|
|t:|1756351535
|switch|p2b: Sneasler|Sneasler, L50, M|100/100
|turn|3
|inactive|ThunDragon67 has 30 seconds left.
|
|t:|1756351561
|switch|p1a: Snisli|Sneasler, L50, F|36/100
|move|p1b: Kingii|Protect|p1b: Kingii
|-singleturn|p1b: Kingii|Protect
|move|p2b: Sneasler|Fake Out|p1a: Snisli
|-damage|p1a: Snisli|17/100
|move|p2a: Whimsicott|U-turn|p1a: Snisli
|-resisted|p1a: Snisli
|-damage|p1a: Snisli|13/100
|
|t:|1756351572
|switch|p2a: Malamar|Malamar, L50, F|100/100|[from] U-turn
|
|-heal|p1a: Snisli|18/100|[from] Grassy Terrain
|-heal|p1b: Kingii|97/100|[from] Grassy Terrain
|upkeep
|turn|4
|
|t:|1756351593
|-terastallize|p1b: Kingii|Ghost
|move|p1a: Snisli|Fake Out|p2b: Sneasler
|-damage|p2b: Sneasler|82/100
|cant|p2b: Sneasler|flinch
|move|p2a: Malamar|Superpower|p1b: Kingii
|-immune|p1b: Kingii
|move|p1b: Kingii|Swords Dance|p1b: Kingii
|-boost|p1b: Kingii|atk|2
|
|-heal|p2b: Sneasler|88/100|[from] Grassy Terrain
|-heal|p1a: Snisli|24/100|[from] Grassy Terrain
|-heal|p1b: Kingii|100/100|[from] Grassy Terrain
|upkeep
|turn|5
|inactive|moicito has 30 seconds left.
|inactive|ThunDragon67 has 30 seconds left.
|
|t:|1756351619
|move|p1b: Kingii|Protect|p1b: Kingii
|-singleturn|p1b: Kingii|Protect
|move|p2b: Sneasler|Dire Claw|p1b: Kingii
|-activate|p1b: Kingii|move: Protect
|move|p2a: Malamar|Topsy-Turvy|p1b: Kingii
|-activate|p1b: Kingii|move: Protect
|move|p1a: Snisli|Coaching|p1b: Kingii
|-boost|p1b: Kingii|atk|1
|-boost|p1b: Kingii|def|1
|
|-heal|p2b: Sneasler|94/100|[from] Grassy Terrain
|-heal|p1a: Snisli|30/100|[from] Grassy Terrain
|-sideend|p2: ThunDragon67|move: Tailwind
|upkeep
|turn|6
|inactive|moicito has 30 seconds left.
|inactive|ThunDragon67 has 30 seconds left.
|
|t:|1756351649
|move|p1b: Kingii|Sucker Punch|p2b: Sneasler
|-resisted|p2b: Sneasler
|-damage|p2b: Sneasler|16/100
|move|p1a: Snisli|Dire Claw|p2a: Malamar
|-damage|p2a: Malamar|55/100
|move|p2b: Sneasler|Dire Claw|p1a: Snisli
|-resisted|p1a: Snisli
|-damage|p1a: Snisli|0 fnt
|faint|p1a: Snisli
|move|p2a: Malamar|Topsy-Turvy|p1b: Kingii
|-invertboost|p1b: Kingii|[from] move: Topsy-Turvy
|
|-heal|p2b: Sneasler|21/100|[from] Grassy Terrain
|-heal|p2a: Malamar|62/100|[from] Grassy Terrain
|-heal|p2a: Malamar|68/100|[from] item: Leftovers
|-fieldend|move: Grassy Terrain
|upkeep
|
|t:|1756351668
|switch|p1a: Dragapult|Dragapult, L50, F|100/100
|turn|7
|inactive|ThunDragon67 has 30 seconds left.
|
|t:|1756351695
|switch|p1b: Rilli|Rillaboom, L50, F, shiny|100/100
|-fieldstart|move: Grassy Terrain|[from] ability: Grassy Surge|[of] p1b: Rilli
|move|p1a: Dragapult|Dragon Darts|p2b: Sneasler
|-damage|p2b: Sneasler|0 fnt
|-anim|p1a: Dragapult|Dragon Darts|p2a: Malamar
|-crit|p2a: Malamar
|-damage|p2a: Malamar|7/100
|faint|p2b: Sneasler
|move|p2a: Malamar|Knock Off|p1a: Dragapult
|-supereffective|p1a: Dragapult
|-damage|p1a: Dragapult|9/100
|-enditem|p1a: Dragapult|Choice Band|[from] move: Knock Off|[of] p2a: Malamar
|
|-heal|p1a: Dragapult|15/100|[from] Grassy Terrain
|-heal|p2a: Malamar|13/100|[from] Grassy Terrain
|-heal|p2a: Malamar|20/100|[from] item: Leftovers
|upkeep
|
|t:|1756351710
|switch|p2b: Whimsicott|Whimsicott, L50, M|100/100
|turn|8
|inactive|moicito has 30 seconds left.
|
|t:|1756351736
|move|p2a: Malamar|Protect|p2a: Malamar
|-singleturn|p2a: Malamar|Protect
|move|p1b: Rilli|Fake Out|p2a: Malamar
|-activate|p2a: Malamar|move: Protect
|move|p2b: Whimsicott|Tailwind|p2b: Whimsicott
|-sidestart|p2: ThunDragon67|move: Tailwind
|move|p1a: Dragapult|U-turn|p2a: Malamar
|-activate|p2a: Malamar|move: Protect
|
|-heal|p2a: Malamar|26/100|[from] Grassy Terrain
|-heal|p2a: Malamar|32/100|[from] item: Leftovers
|-heal|p1a: Dragapult|21/100|[from] Grassy Terrain
|upkeep
|turn|9
|
|t:|1756351758
|switch|p1a: Kingii|Kingambit, L50, F, shiny, tera:Ghost|100/100
|move|p1b: Rilli|Grassy Glide|p2a: Malamar
|-damage|p2a: Malamar|0 fnt
|faint|p2a: Malamar
|move|p2b: Whimsicott|U-turn|p1a: Kingii
|-resisted|p1a: Kingii
|-damage|p1a: Kingii|97/100
|
|-heal|p1a: Kingii|100/100|[from] Grassy Terrain
|upkeep
|turn|10
|
|t:|1756351774
|move|p2b: Whimsicott|U-turn|p1a: Kingii
|-resisted|p1a: Kingii
|-damage|p1a: Kingii|96/100
|move|p1b: Rilli|Wood Hammer|p2b: Whimsicott
|-resisted|p2b: Whimsicott
|-damage|p2b: Whimsicott|52/100
|-damage|p1b: Rilli|88/100|[from] Recoil
|move|p1a: Kingii|Kowtow Cleave|p2b: Whimsicott
|-resisted|p2b: Whimsicott
|-damage|p2b: Whimsicott|12/100
|
|-heal|p2b: Whimsicott|19/100|[from] Grassy Terrain
|-heal|p1b: Rilli|94/100|[from] Grassy Terrain
|-heal|p1a: Kingii|100/100|[from] Grassy Terrain
|upkeep
|turn|11
|
|t:|1756351791
|move|p2b: Whimsicott|U-turn|p1a: Kingii
|-resisted|p1a: Kingii
|-damage|p1a: Kingii|96/100
|move|p1b: Rilli|Wood Hammer|p2b: Whimsicott
|-resisted|p2b: Whimsicott
|-damage|p2b: Whimsicott|0 fnt
|faint|p2b: Whimsicott
|-damage|p1b: Rilli|89/100|[from] Recoil
|
|win|moicito
||ThunDragon67 is ready for game 2.
||moicito is ready for game 2.
|uhtml|next|Next: Game 2 of 3
