|j|☆standardamerican
|j|☆ENDERLANDA
|html|standardamericanENDERLANDA    
|uhtml|bestof|Game 1 of a best-of-3
|t:|1784820855
|gametype|doubles
|player|p1|standardamerican|169|1287
|player|p2|ENDERLANDA|265|1218
|gen|9
|tier|[Gen 9 Champions] VGC 2026 Reg M-B (Bo3)
|rated|
|rule|Species Clause: Limit one of each Pokémon
|rule|Item Clause: Limit 1 of each item
|clearpoke
|poke|p1|Sinistcha, L50|
|poke|p1|Incineroar, L50, M|
|poke|p1|Milotic, L50, F|
|poke|p1|Raichu, L50, M|
|poke|p1|Gardevoir, L50, F|
|poke|p1|Ceruledge, L50, F|
|poke|p2|Charizard, L50, M|
|poke|p2|Corviknight, L50, M|
|poke|p2|Sinistcha, L50|
|poke|p2|Sneasler, L50, M|
|poke|p2|Incineroar, L50, F|
|poke|p2|Floette-Eternal, L50, F|
|teampreview|4
|showteam|p1|Sinistcha||KasibBerry|Hospitality|MatchaGotcha,Imprison,RagePowder,Protect|Bold|||||50|]Incineroar||SitrusBerry|Intimidate|FlareBlitz,DarkestLariat,FakeOut,PartingShot|Careful||M|||50|]Milotic||Leftovers|Competitive|MuddyWater,Coil,Hypnosis,Protect|Calm||F|||50|]Raichu||RaichuniteY|LightningRod|ZapCannon,FocusBlast,FakeOut,Protect|Timid||M|||50|]Gardevoir||Gardevoirite|Trace|HyperVoice,Psyshock,TrickRoom,Protect|Modest||F|||50|]Ceruledge||ColburBerry|FlashFire|BitterBlade,ShadowSneak,BulkUp,Protect|Adamant||F|||50|
|showteam|p2|Charizard||CharizarditeX|Blaze|DragonClaw,DragonDance,Protect,FlareBlitz|Adamant||M|||50|]Corviknight||Leftovers|MirrorArmor|Tailwind,BraveBird,Roost,IronHead|Adamant||M|||50|]Sinistcha||KasibBerry|Hospitality|TrickRoom,RagePowder,MatchaGotcha,Protect|Calm|||||50|]Sneasler||FocusSash|Unburden|FakeOut,CloseCombat,DireClaw,Coaching|Jolly||M|||50|]Incineroar||SitrusBerry|Intimidate|FakeOut,FlareBlitz,ThroatChop,PartingShot|Adamant||F|||50|]Floette-Eternal||Floettite|Symbiosis|DazzlingGleam,Moonblast,Protect,CalmMind|Modest||F|||50|
|
|t:|1784820892
|teamsize|p1|4
|teamsize|p2|4
|start
|switch|p1a: Incineroar|Incineroar, L50, M|100/100
|switch|p1b: Milotic|Milotic, L50, F|100/100
|switch|p2a: Sneasler|Sneasler, L50, M|100/100
|switch|p2b: Charizard|Charizard, L50, M|100/100
|-ability|p1a: Incineroar|Intimidate|boost
|-unboost|p2a: Sneasler|atk|1
|-unboost|p2b: Charizard|atk|1
|turn|1
|inactive|Battle timer is ON: inactive players will automatically lose when time's up. (requested by ENDERLANDA)
|inactive|standardamerican has 60 seconds left.
|
|t:|1784820933
|detailschange|p2b: Charizard|Charizard-Mega-X, L50, M
|-mega|p2b: Charizard|Charizard|Charizardite X
|move|p2a: Sneasler|Fake Out|p1a: Incineroar
|-damage|p1a: Incineroar|91/100
|cant|p1a: Incineroar|flinch
|move|p2b: Charizard|Dragon Dance|p2b: Charizard
|-boost|p2b: Charizard|atk|1
|-boost|p2b: Charizard|spe|1
|move|p1b: Milotic|Coil|p1b: Milotic
|-boost|p1b: Milotic|atk|1
|-boost|p1b: Milotic|def|1
|-boost|p1b: Milotic|accuracy|1
|
|upkeep
|turn|2
|inactive|ENDERLANDA has 30 seconds left.
|
|t:|1784820966
|switch|p1a: Ceruledge|Ceruledge, L50, F|100/100
|move|p2b: Charizard|Dragon Dance|p2b: Charizard
|-boost|p2b: Charizard|atk|1
|-boost|p2b: Charizard|spe|1
|move|p2a: Sneasler|Coaching|p2b: Charizard
|-boost|p2b: Charizard|atk|1
|-boost|p2b: Charizard|def|1
|move|p1b: Milotic|Coil|p1b: Milotic
|-boost|p1b: Milotic|atk|1
|-boost|p1b: Milotic|def|1
|-boost|p1b: Milotic|accuracy|1
|
|upkeep
|turn|3
|
|t:|1784820990
|switch|p1a: Incineroar|Incineroar, L50, M|91/100
|-ability|p1a: Incineroar|Intimidate|boost
|-unboost|p2a: Sneasler|atk|1
|-unboost|p2b: Charizard|atk|1
|move|p2b: Charizard|Protect|p2b: Charizard
|-singleturn|p2b: Charizard|Protect
|move|p2a: Sneasler|Coaching|p2b: Charizard
|-boost|p2b: Charizard|atk|1
|-boost|p2b: Charizard|def|1
|move|p1b: Milotic|Hypnosis|p2b: Charizard
|-activate|p2b: Charizard|move: Protect
|
|upkeep
|turn|4
|
|t:|1784821005
|move|p1a: Incineroar|Fake Out|p2a: Sneasler
|-damage|p2a: Sneasler|80/100
|move|p2b: Charizard|Dragon Claw|p1b: Milotic
|-damage|p1b: Milotic|50/100g
|cant|p2a: Sneasler|flinch
|move|p1b: Milotic|Hypnosis|p2b: Charizard
|-status|p2b: Charizard|slp|[from] move: Hypnosis
|
|-heal|p1b: Milotic|56/100|[from] item: Leftovers
|upkeep
|turn|5
|
|t:|1784821026
|switch|p1a: Sinistcha|Sinistcha, L50|100/100
|-heal|p1b: Milotic|81/100|[from] ability: Hospitality|[of] p1a: Sinistcha
|cant|p2b: Charizard|slp
|move|p2a: Sneasler|Coaching|p2b: Charizard
|-boost|p2b: Charizard|atk|1
|-boost|p2b: Charizard|def|1
|move|p1b: Milotic|Muddy Water|p2b: Charizard|[spread] p2a,p2b
|-damage|p2a: Sneasler|47/100
|-damage|p2b: Charizard|73/100 slp
|
|-heal|p1b: Milotic|87/100|[from] item: Leftovers
|upkeep
|turn|6
|inactive|standardamerican has 30 seconds left.
|
|t:|1784821054
|switch|p1a: Incineroar|Incineroar, L50, M|91/100
|-ability|p1a: Incineroar|Intimidate|boost
|-unboost|p2a: Sneasler|atk|1
|-unboost|p2b: Charizard|atk|1
|cant|p2b: Charizard|slp
|move|p2a: Sneasler|Coaching|p2b: Charizard
|-boost|p2b: Charizard|atk|1
|-boost|p2b: Charizard|def|1
|move|p1b: Milotic|Muddy Water|p2b: Charizard|[spread] p2a,p2b
|-damage|p2a: Sneasler|16/100
|-damage|p2b: Charizard|44/100 slp
|
|-heal|p1b: Milotic|93/100|[from] item: Leftovers
|upkeep
|turn|7
|
|t:|1784821076
|switch|p2a: Sinistcha|Sinistcha, L50|100/100
|-heal|p2b: Charizard|69/100 slp|[from] ability: Hospitality|[of] p2a: Sinistcha
|move|p1a: Incineroar|Fake Out|p2a: Sinistcha
|-immune|p2a: Sinistcha
|-curestatus|p2b: Charizard|slp|[msg]
|move|p2b: Charizard|Dragon Claw|p1a: Incineroar
|-damage|p1a: Incineroar|0 fnt
|faint|p1a: Incineroar
|move|p1b: Milotic|Muddy Water|p2a: Sinistcha|[spread] p2a,p2b
|-resisted|p2a: Sinistcha|1
|-damage|p2a: Sinistcha|87/100
|-damage|p2b: Charizard|43/100
|-unboost|p2b: Charizard|accuracy|1
|
|-heal|p1b: Milotic|99/100|[from] item: Leftovers
|upkeep
|
|t:|1784821079
|switch|p1a: Sinistcha|Sinistcha, L50|100/100
|-heal|p1b: Milotic|100/100|[from] ability: Hospitality|[of] p1a: Sinistcha
|turn|8
|
|t:|1784821095
|switch|p2a: Sneasler|Sneasler, L50, M|16/100
|move|p2b: Charizard|Protect|p2b: Charizard
|-singleturn|p2b: Charizard|Protect
|move|p1a: Sinistcha|Protect|p1a: Sinistcha
|-singleturn|p1a: Sinistcha|Protect
|move|p1b: Milotic|Hypnosis|p2b: Charizard
|-activate|p2b: Charizard|move: Protect
|
|upkeep
|turn|9
|
|t:|1784821109
|switch|p2a: Sinistcha|Sinistcha, L50|87/100
|-heal|p2b: Charizard|68/100|[from] ability: Hospitality|[of] p2a: Sinistcha
|switch|p1a: Ceruledge|Ceruledge, L50, F|100/100
|move|p1b: Milotic|Protect|p1b: Milotic
|-singleturn|p1b: Milotic|Protect
|move|p2b: Charizard|Dragon Claw|p1a: Ceruledge
|-damage|p1a: Ceruledge|0 fnt
|faint|p1a: Ceruledge
|
|upkeep
|
|t:|1784821112
|switch|p1a: Sinistcha|Sinistcha, L50|100/100
|turn|10
|
|t:|1784821129
|switch|p2a: Sneasler|Sneasler, L50, M|16/100
|move|p2b: Charizard|Protect|p2b: Charizard
|-singleturn|p2b: Charizard|Protect
|move|p1a: Sinistcha|Protect|p1a: Sinistcha
|-singleturn|p1a: Sinistcha|Protect
|move|p1b: Milotic|Hypnosis|p2a: Sneasler
|-status|p2a: Sneasler|slp|[from] move: Hypnosis
|
|upkeep
|turn|11
|
|t:|1784821150
|switch|p2a: Sinistcha|Sinistcha, L50|87/100
|-heal|p2b: Charizard|92/100|[from] ability: Hospitality|[of] p2a: Sinistcha
|move|p1a: Sinistcha|Protect||[still]
|-fail|p1a: Sinistcha
|move|p2b: Charizard|Dragon Claw|p1a: Sinistcha
|-damage|p1a: Sinistcha|0 fnt
|faint|p1a: Sinistcha
|move|p1b: Milotic|Muddy Water|p2a: Sinistcha|[spread] p2a,p2b
|-resisted|p2a: Sinistcha|1
|-damage|p2a: Sinistcha|76/100
|-damage|p2b: Charizard|64/100
|-unboost|p2a: Sinistcha|accuracy|1
|
|upkeep
|turn|12
|
|t:|1784821166
|move|p2a: Sinistcha|Rage Powder|p2a: Sinistcha
|-singleturn|p2a: Sinistcha|move: Rage Powder
|move|p2b: Charizard|Dragon Claw|p1b: Milotic
|-damage|p1b: Milotic|41/100
|move|p1b: Milotic|Coil|p1b: Milotic
|-boost|p1b: Milotic|atk|1
|-boost|p1b: Milotic|def|1
|-boost|p1b: Milotic|accuracy|1
|
|-heal|p1b: Milotic|47/100|[from] item: Leftovers
|upkeep
|turn|13
|
|t:|1784821176
|move|p1b: Milotic|Protect|p1b: Milotic
|-singleturn|p1b: Milotic|Protect
|move|p2a: Sinistcha|Rage Powder|p2a: Sinistcha
|-singleturn|p2a: Sinistcha|move: Rage Powder
|move|p2b: Charizard|Dragon Claw|p1b: Milotic
|-activate|p1b: Milotic|move: Protect
|
|-heal|p1b: Milotic|53/100|[from] item: Leftovers
|upkeep
|turn|14
|
|t:|1784821180
|move|p2b: Charizard|Dragon Claw|p1b: Milotic
|-damage|p1b: Milotic|2/100
|move|p1b: Milotic|Muddy Water|p2a: Sinistcha|[spread] p2a,p2b
|-resisted|p2a: Sinistcha|1
|-damage|p2a: Sinistcha|64/100
|-damage|p2b: Charizard|37/100
|-unboost|p2a: Sinistcha|accuracy|1
|move|p2a: Sinistcha|Matcha Gotcha|p1b: Milotic|[miss]
|-miss|p2a: Sinistcha|p1b: Milotic
|
|-heal|p1b: Milotic|8/100|[from] item: Leftovers
|upkeep
|turn|15
|
|t:|1784821193
|move|p2a: Sinistcha|Rage Powder|p2a: Sinistcha
|-singleturn|p2a: Sinistcha|move: Rage Powder
|move|p2b: Charizard|Dragon Claw|p1b: Milotic|[miss]
|-miss|p2b: Charizard|p1b: Milotic
|move|p1b: Milotic|Hypnosis|p2a: Sinistcha
|-status|p2a: Sinistcha|slp|[from] move: Hypnosis
|
|-heal|p1b: Milotic|14/100|[from] item: Leftovers
|upkeep
|turn|16
|
|t:|1784821201
|cant|p2a: Sinistcha|slp
|move|p2b: Charizard|Dragon Claw|p1b: Milotic|[miss]
|-miss|p2b: Charizard|p1b: Milotic
|move|p1b: Milotic|Muddy Water|p2b: Charizard|[spread] p2a,p2b
|-resisted|p2a: Sinistcha|1
|-damage|p2a: Sinistcha|52/100 slp
|-damage|p2b: Charizard|12/100
|
|-heal|p1b: Milotic|20/100y|[from] item: Leftovers
|upkeep
|turn|17
|
|t:|1784821219
|switch|p2a: Sneasler|Sneasler, L50, M|16/100 slp
|move|p2b: Charizard|Protect|p2b: Charizard
|-singleturn|p2b: Charizard|Protect
|move|p1b: Milotic|Protect||[still]
|-fail|p1b: Milotic
|
|-heal|p1b: Milotic|26/100|[from] item: Leftovers
|upkeep
|turn|18
|
|t:|1784821230
|switch|p2a: Sinistcha|Sinistcha, L50|52/100 slp
|-heal|p2b: Charizard|36/100|[from] ability: Hospitality|[of] p2a: Sinistcha
|move|p2b: Charizard|Dragon Claw|p1b: Milotic|[miss]
|-miss|p2b: Charizard|p1b: Milotic
|move|p1b: Milotic|Muddy Water|p2b: Charizard|[spread] p2a,p2b
|-resisted|p2a: Sinistcha|1
|-damage|p2a: Sinistcha|40/100 slp
|-damage|p2b: Charizard|11/100
|
|-heal|p1b: Milotic|32/100|[from] item: Leftovers
|upkeep
|turn|19
|
|t:|1784821243
|move|p2b: Charizard|Dragon Claw|p1b: Milotic
|-damage|p1b: Milotic|0 fnt
|faint|p1b: Milotic
|
|win|ENDERLANDA
||ENDERLANDA is ready for game 2.
||standardamerican is ready for game 2.
|uhtml|next|Next: Game 2 of 3
|l|☆ENDERLANDA
|player|p2|
