|j|☆Mortipherus
|j|☆ToastedArt
|html|MortipherusToastedArt    
|uhtml|bestof|Game 2 of a best-of-3
|t:|1785612710
|gametype|doubles
|player|p1|Mortipherus|biker-gen4|1126
|player|p2|ToastedArt|iris|1058
|gen|9
|tier|[Gen 9 Champions] VGC 2026 Reg M-B (Bo3)
|rated|
|rule|Species Clause: Limit one of each Pokémon
|rule|Item Clause: Limit 1 of each item
|clearpoke
|poke|p1|Blastoise, L50, F|
|poke|p1|Talonflame, L50, F, shiny|
|poke|p1|Farigiraf, L50, M|
|poke|p1|Sinistcha, L50|
|poke|p1|Kingambit, L50, M|
|poke|p1|Garchomp, L50, M, shiny|
|poke|p2|Garchomp, L50, F|
|poke|p2|Basculegion, L50, M|
|poke|p2|Dragonite, L50, M|
|poke|p2|Scovillain, L50, M|
|poke|p2|Gholdengo, L50|
|poke|p2|Sylveon, L50, M|
|teampreview|4
|showteam|p1|Blastoise||Blastoisinite|RainDish|Protect,WaterSpout,DarkPulse,IceBeam|Modest||F|||50|]Talonflame||LifeOrb|GaleWings|Protect,Tailwind,RainDance,DualWingbeat|Jolly||F|||50|]Farigiraf||ColburBerry|ArmorTail|Imprison,TrickRoom,HelpingHand,TwinBeam|Bold||M|||50|]Sinistcha||SitrusBerry|Hospitality|TrickRoom,RagePowder,MatchaGotcha,ShadowBall|Bold|||||50|]Kingambit||BlackGlasses|Defiant|Protect,SuckerPunch,KowtowCleave,IronHead|Adamant||M|||50|]Garchomp||Leftovers|RoughSkin|Protect,SwordsDance,DragonClaw,StompingTantrum|Adamant||M|||50|
|showteam|p2|Garchomp||LifeOrb|RoughSkin|StompingTantrum,DragonClaw,RockSlide,Protect|Jolly||F|||50|]Basculegion||SitrusBerry|Adaptability|WaveCrash,AquaJet,LastRespects,Protect|Adamant||M|||50|]Dragonite||Dragoninite|Multiscale|DracoMeteor,HeatWave,Tailwind,Haze|Timid||M|||50|]Scovillain||Scovillainite|Moody|Overheat,LeechSeed,RagePowder,Protect|Bold||M|||50|]Gholdengo||FocusSash|GoodasGold|MakeItRain,ShadowBall,PowerGem,Protect|Timid|||||50|]Sylveon||FairyFeather|Pixilate|HyperVoice,QuickAttack,HyperBeam,Protect|Modest||M|||50|
|inactive|Battle timer is ON: inactive players will automatically lose when time's up. (requested by ToastedArt)
|inactive|ToastedArt has 60 seconds left.
|inactive|ToastedArt has 30 seconds left.
|inactive|ToastedArt has 20 seconds left.
|
|t:|1785612784
|teamsize|p1|4
|teamsize|p2|4
|start
|switch|p1a: Blastoise|Blastoise, L50, F|100/100
|switch|p1b: Talonflame|Talonflame, L50, F, shiny|100/100
|switch|p2a: Dragonite|Dragonite, L50, M|100/100
|switch|p2b: Sylveon|Sylveon, L50, M|100/100
|turn|1
|
|t:|1785612801
|detailschange|p2a: Dragonite|Dragonite-Mega, L50, M
|-mega|p2a: Dragonite|Dragonite|Dragoninite
|detailschange|p1a: Blastoise|Blastoise-Mega, L50, F
|-mega|p1a: Blastoise|Blastoise|Blastoisinite
|move|p1b: Talonflame|Dual Wingbeat|p2a: Dragonite
|-damage|p2a: Dragonite|90/100
|-damage|p2a: Dragonite|69/100
|-hitcount|p2a: Dragonite|2
|-damage|p1b: Talonflame|90/100|[from] item: Life Orb
|move|p2a: Dragonite|Tailwind|p2a: Dragonite
|-sidestart|p2: ToastedArt|move: Tailwind
|move|p2b: Sylveon|Hyper Voice|p1a: Blastoise|[spread] p1a,p1b
|-resisted|p1b: Talonflame|1
|-crit|p1b: Talonflame
|-damage|p1a: Blastoise|64/100
|-damage|p1b: Talonflame|32/100
|move|p1a: Blastoise|Ice Beam|p2a: Dragonite
|-supereffective|p2a: Dragonite|2
|-damage|p2a: Dragonite|0 fnt
|faint|p2a: Dragonite
|
|upkeep
|
|t:|1785612814
|switch|p2a: Garchomp|Garchomp, L50, F|100/100
|turn|2
|
|t:|1785612829
|switch|p1b: Sinistcha|Sinistcha, L50|100/100
|-heal|p1a: Blastoise|89/100|[from] ability: Hospitality|[of] p1b: Sinistcha
|move|p2a: Garchomp|Rock Slide|p1b: Sinistcha|[spread] p1a,p1b
|-damage|p1a: Blastoise|65/100
|-damage|p1b: Sinistcha|80/100
|-damage|p2a: Garchomp|90/100|[from] item: Life Orb
|move|p2b: Sylveon|Hyper Voice|p1b: Sinistcha|[spread] p1a,p1b
|-damage|p1a: Blastoise|26/100
|-damage|p1b: Sinistcha|32/100
|-enditem|p1b: Sinistcha|Sitrus Berry|[eat]
|-heal|p1b: Sinistcha|56/100|[from] item: Sitrus Berry
|move|p1a: Blastoise|Ice Beam|p2a: Garchomp
|-supereffective|p2a: Garchomp|2
|-damage|p2a: Garchomp|0 fnt
|faint|p2a: Garchomp
|
|upkeep
|
|t:|1785612838
|switch|p2a: Basculegion|Basculegion, L50, M|100/100
|turn|3
|inactive|Mortipherus has 30 seconds left.
|inactive|Mortipherus has 20 seconds left.
|
|t:|1785612874
|switch|p1b: Talonflame|Talonflame, L50, F, shiny|32/100
|move|p1a: Blastoise|Protect|p1a: Blastoise
|-singleturn|p1a: Blastoise|Protect
|move|p2a: Basculegion|Last Respects|p1b: Talonflame
|-damage|p1b: Talonflame|0 fnt
|faint|p1b: Talonflame
|move|p2b: Sylveon|Hyper Voice|p1a: Blastoise
|-activate|p1a: Blastoise|move: Protect
|
|upkeep
|
|t:|1785612885
|switch|p1b: Sinistcha|Sinistcha, L50|56/100
|-heal|p1a: Blastoise|51/100|[from] ability: Hospitality|[of] p1b: Sinistcha
|turn|4
|
|t:|1785612899
|move|p2a: Basculegion|Last Respects|p1a: Blastoise
|-damage|p1a: Blastoise|0 fnt
|faint|p1a: Blastoise
|move|p2b: Sylveon|Hyper Voice|p1b: Sinistcha
|-damage|p1b: Sinistcha|0 fnt
|faint|p1b: Sinistcha
|
|-sideend|p2: ToastedArt|move: Tailwind
|upkeep
|
|t:|1785612909
|switch|p1a: Kingambit|Kingambit, L50, M|100/100
|turn|5
|
|t:|1785612932
|move|p1a: Kingambit|Sucker Punch|p2a: Basculegion
|-supereffective|p2a: Basculegion|1
|-damage|p2a: Basculegion|0 fnt
|faint|p2a: Basculegion
|move|p2b: Sylveon|Hyper Beam|p1a: Kingambit|[miss]
|-miss|p2b: Sylveon|p1a: Kingambit
|
|upkeep
|turn|6
|
|t:|1785612943
|move|p2b: Sylveon|Hyper Beam|p1a: Kingambit
|-damage|p1a: Kingambit|1/100
|-mustrecharge|p2b: Sylveon
|move|p1a: Kingambit|Iron Head|p2b: Sylveon
|-supereffective|p2b: Sylveon|1
|-damage|p2b: Sylveon|0 fnt
|faint|p2b: Sylveon
|
|win|Mortipherus
