|j|☆JOJOPT.2
|j|☆Curebo
|html|JOJOPT.2Curebo    
|uhtml|bestof|Game 2 of a best-of-3
|t:|1782357453
|gametype|doubles
|player|p1|JOJOPT.2|102|1048
|player|p2|Curebo|clay|1125
|gen|9
|tier|[Gen 9 Champions] VGC 2026 Reg M-B (Bo3)
|rated|
|rule|Species Clause: Limit one of each Pokémon
|rule|Item Clause: Limit 1 of each item
|clearpoke
|poke|p1|Pelipper, L50, M|
|poke|p1|Archaludon, L50, M|
|poke|p1|Basculegion, L50, M|
|poke|p1|Swampert, L50, F|
|poke|p1|Sneasler, L50, M|
|poke|p1|Dragonite, L50, M|
|poke|p2|Excadrill, L50, M, shiny|
|poke|p2|Tyranitar, L50, F, shiny|
|poke|p2|Corviknight, L50, F, shiny|
|poke|p2|Hydreigon, L50, M, shiny|
|poke|p2|Scovillain, L50, F, shiny|
|poke|p2|Houndstone, L50, F, shiny|
|teampreview|4
|showteam|p1|Pelipper||Leftovers|Drizzle|WeatherBall,Hurricane,WideGuard,Tailwind|Bold||M|||50|]Archaludon||SitrusBerry|Stamina|FlashCannon,DragonPulse,Protect,ElectroShot|Timid||M|||50|]Basculegion||ChoiceScarf|SwiftSwim|AquaJet,Waterfall,LastRespects,FlipTurn|Adamant||M|||50|]Swampert||Swampertite|Torrent|Earthquake,HighHorsepower,Waterfall,Protect|Adamant||F|||50|]Sneasler||WhiteHerb|PoisonTouch|FakeOut,Protect,DireClaw,CloseCombat|Jolly||M|||50|]Dragonite||Dragoninite|InnerFocus|ExtremeSpeed,ScaleShot,Protect,Tailwind|Jolly||M|||50|
|showteam|p2|Excadrill||FocusSash|SandRush|Earthquake,IronHead,RockSlide,Protect|Adamant||M|||50|]Tyranitar||Tyranitarite|SandStream|RockSlide,KnockOff,LowKick,Protect|Adamant||F|||50|]Corviknight||Leftovers|MirrorArmor|BraveBird,BulkUp,Roost,Tailwind|Careful||F|||50|]Hydreigon||ChoiceScarf|Levitate|DracoMeteor,DarkPulse,HeatWave,Snarl|Modest||M|||50|]Scovillain||Scovillainite|Moody|Overheat,GigaDrain,RagePowder,Protect|Calm||F|||50|]Houndstone||SitrusBerry|SandRush|LastRespects,WillOWisp,BodyPress,Protect|Adamant||F|||50|
|inactive|Battle timer is ON: inactive players will automatically lose when time's up. (requested by Curebo)
|inactive|JOJOPT.2 has 60 seconds left.
|
|t:|1782357507
|teamsize|p1|4
|teamsize|p2|4
|start
|switch|p1a: Pelipper|Pelipper, L50, M|100/100
|switch|p1b: Archaludon|Archaludon, L50, M|100/100
|switch|p2a: Hydreigon|Hydreigon, L50, M, shiny|100/100
|switch|p2b: Scovillain|Scovillain, L50, F, shiny|100/100
|-weather|RainDance|[from] ability: Drizzle|[of] p1a: Pelipper
|turn|1
|inactive|JOJOPT.2 has 30 seconds left.
|inactive|Curebo has 30 seconds left.
|inactive|JOJOPT.2 has 20 seconds left.
|
|t:|1782357544
|switch|p2b: Tyranitar|Tyranitar, L50, F, shiny|100/100
|-weather|Sandstorm|[from] ability: Sand Stream|[of] p2b: Tyranitar
|move|p2a: Hydreigon|Draco Meteor|p1b: Archaludon
|-damage|p1b: Archaludon|0 fnt
|-unboost|p2a: Hydreigon|spa|2
|faint|p1b: Archaludon
|move|p1a: Pelipper|Hurricane|p2b: Tyranitar
|-resisted|p2b: Tyranitar|1
|-damage|p2b: Tyranitar|89/100
|-start|p2b: Tyranitar|confusion
|
|-weather|Sandstorm|[upkeep]
|-damage|p2a: Hydreigon|94/100|[from] Sandstorm
|-damage|p1a: Pelipper|94/100|[from] Sandstorm
|-heal|p1a: Pelipper|100/100|[from] item: Leftovers
|upkeep
|
|t:|1782357560
|switch|p1b: Sneasler|Sneasler, L50, M|100/100
|turn|2
|
|t:|1782357579
|switch|p2b: Corviknight|Corviknight, L50, F, shiny|100/100
|move|p1a: Pelipper|Wide Guard|p1a: Pelipper
|-singleturn|p1a: Pelipper|Wide Guard
|move|p2a: Hydreigon|Draco Meteor|p1b: Sneasler
|-damage|p1b: Sneasler|51/100
|-unboost|p2a: Hydreigon|spa|2
|move|p1b: Sneasler|Close Combat|p2a: Hydreigon
|-supereffective|p2a: Hydreigon|1
|-damage|p2a: Hydreigon|0 fnt
|-unboost|p1b: Sneasler|def|1
|-unboost|p1b: Sneasler|spd|1
|faint|p2a: Hydreigon
|-enditem|p1b: Sneasler|White Herb
|-clearnegativeboost|p1b: Sneasler|[silent]
|
|-weather|Sandstorm|[upkeep]
|-damage|p1b: Sneasler|45/100|[from] Sandstorm
|-damage|p1a: Pelipper|94/100|[from] Sandstorm
|-heal|p1a: Pelipper|100/100|[from] item: Leftovers
|upkeep
|
|t:|1782357601
|switch|p2a: Scovillain|Scovillain, L50, F, shiny|100/100
|turn|3
|
|t:|1782357612
|detailschange|p2a: Scovillain|Scovillain-Mega, L50, F, shiny
|-mega|p2a: Scovillain|Scovillain|Scovillainite
|move|p2a: Scovillain|Rage Powder|p2a: Scovillain
|-singleturn|p2a: Scovillain|move: Rage Powder
|move|p1b: Sneasler|Dire Claw|p2a: Scovillain
|-supereffective|p2a: Scovillain|1
|-damage|p2a: Scovillain|6/100
|-status|p2a: Scovillain|slp
|-status|p1b: Sneasler|brn|[from] ability: Spicy Spray|[of] p2a: Scovillain
|move|p2b: Corviknight|Tailwind|p2b: Corviknight
|-sidestart|p2: Curebo|move: Tailwind
|move|p1a: Pelipper|Weather Ball|p2a: Scovillain
|-supereffective|p2a: Scovillain|1
|-damage|p2a: Scovillain|0 fnt
|-status|p1a: Pelipper|brn|[from] ability: Spicy Spray|[of] p2a: Scovillain
|faint|p2a: Scovillain
|
|-weather|Sandstorm|[upkeep]
|-damage|p1b: Sneasler|40/100 brn|[from] Sandstorm
|-damage|p1a: Pelipper|94/100 brn|[from] Sandstorm
|-heal|p1a: Pelipper|100/100 brn|[from] item: Leftovers
|-damage|p1b: Sneasler|34/100 brn|[from] brn
|-damage|p1a: Pelipper|94/100 brn|[from] brn
|upkeep
|
|t:|1782357634
|switch|p2a: Tyranitar|Tyranitar, L50, F, shiny|89/100
|turn|4
|inactive|Curebo has 30 seconds left.
|
|t:|1782357666
|move|p2a: Tyranitar|Protect|p2a: Tyranitar
|-singleturn|p2a: Tyranitar|Protect
|move|p2b: Corviknight|Brave Bird|p1b: Sneasler
|-supereffective|p1b: Sneasler|1
|-damage|p1b: Sneasler|0 fnt
|faint|p1b: Sneasler
|-damage|p2b: Corviknight|91/100|[from] Recoil
|move|p1a: Pelipper|Weather Ball|p2a: Tyranitar
|-activate|p2a: Tyranitar|move: Protect
|
|-weather|Sandstorm|[upkeep]
|-damage|p1a: Pelipper|88/100 brn|[from] Sandstorm
|-heal|p2b: Corviknight|97/100|[from] item: Leftovers
|-heal|p1a: Pelipper|94/100 brn|[from] item: Leftovers
|-damage|p1a: Pelipper|88/100 brn|[from] brn
|upkeep
|
|t:|1782357680
|switch|p1b: Basculegion|Basculegion, L50, M|100/100
|turn|5
|inactive|JOJOPT.2 has 30 seconds left.
|inactive|Curebo has 30 seconds left.
|
|t:|1782357709
|move|p2b: Corviknight|Brave Bird|p1b: Basculegion
|-damage|p1b: Basculegion|44/100
|-damage|p2b: Corviknight|79/100|[from] Recoil
|move|p2a: Tyranitar|Knock Off|p1b: Basculegion
|-supereffective|p1b: Basculegion|1
|-damage|p1b: Basculegion|0 fnt
|-enditem|p1b: Basculegion|Choice Scarf|[from] move: Knock Off|[of] p2a: Tyranitar
|faint|p1b: Basculegion
|move|p1a: Pelipper|Weather Ball|p2b: Corviknight
|-damage|p2b: Corviknight|58/100
|
|-weather|none
|-heal|p2b: Corviknight|64/100|[from] item: Leftovers
|-heal|p1a: Pelipper|94/100 brn|[from] item: Leftovers
|-damage|p1a: Pelipper|88/100 brn|[from] brn
|upkeep
|turn|6
|inactive|JOJOPT.2 has 30 seconds left.
|
|t:|1782357739
|move|p2b: Corviknight|Brave Bird|p1a: Pelipper
|-damage|p1a: Pelipper|57/100 brn
|-damage|p2b: Corviknight|55/100|[from] Recoil
|move|p2a: Tyranitar|Rock Slide|p1a: Pelipper|[miss]
|-miss|p2a: Tyranitar|p1a: Pelipper
|move|p1a: Pelipper|Hurricane|p2b: Corviknight
|-resisted|p2b: Corviknight|1
|-damage|p2b: Corviknight|38/100
|
|-heal|p2b: Corviknight|44/100|[from] item: Leftovers
|-heal|p1a: Pelipper|63/100 brn|[from] item: Leftovers
|-damage|p1a: Pelipper|57/100 brn|[from] brn
|-sideend|p2: Curebo|move: Tailwind
|upkeep
|turn|7
|
|t:|1782357763
|move|p2b: Corviknight|Brave Bird|p1a: Pelipper
|-damage|p1a: Pelipper|26/100 brn
|-damage|p2b: Corviknight|35/100|[from] Recoil
|move|p2a: Tyranitar|Knock Off|p1a: Pelipper
|-damage|p1a: Pelipper|0 fnt
|-enditem|p1a: Pelipper|Leftovers|[from] move: Knock Off|[of] p2a: Tyranitar
|faint|p1a: Pelipper
|
|win|Curebo
|raw|JOJOPT.2's rating: 1048 → 1035(-13 for losing)
|raw|Curebo's rating: 1125 → 1145(+20 for winning)
