|j|☆marcusquinn
|j|☆Realfrytki
|html|marcusquinnRealfrytki    
|uhtml|bestof|Game 3 of a best-of-3
|t:|1755634417
|gametype|doubles
|player|p1|marcusquinn|hilbert-wonderlauncher|1320
|player|p2|Realfrytki|veteranf|1318
|gen|9
|tier|[Gen 9] VGC 2025 Reg H (Bo3)
|rated|
|rule|Species Clause: Limit one of each Pokémon
|rule|Item Clause: Limit 1 of each item
|clearpoke
|poke|p1|Archaludon, L50, F|
|poke|p1|Porygon2, L50|
|poke|p1|Incineroar, L50, M|
|poke|p1|Ursaluna, L50, M|
|poke|p1|Sneasler, L50, F|
|poke|p1|Dragonite, L50, M|
|poke|p2|Volcarona, L50, M|
|poke|p2|Rillaboom, L50, F|
|poke|p2|Dragonite, L50, M|
|poke|p2|Kingambit, L50, F|
|poke|p2|Sneasler, L50, F|
|poke|p2|Electabuzz, L50, M|
|teampreview|4
|showteam|p1|Archaludon||PowerHerb|Sturdy|Protect,ElectroShot,DracoMeteor,FlashCannon|||F|||50|,,,,,Electric]Porygon2||Eviolite|Download|TeraBlast,IceBeam,Recover,TrickRoom||||||50|,,,,,Fighting]Incineroar||SitrusBerry|Intimidate|FlareBlitz,KnockOff,FakeOut,PartingShot|||M|||50|,,,,,Ghost]Ursaluna||FlameOrb|Guts|HeadlongRush,Facade,Earthquake,Protect|||M|||50|,,,,,Ghost]Sneasler||FocusSash|Unburden|Protect,CloseCombat,DireClaw,ThroatChop|||F|||50|,,,,,Stellar]Dragonite||LoadedDice|Multiscale|ScaleShot,Tailwind,Haze,Protect|||M|||50|,,,,,Steel
|showteam|p2|Volcarona||Leftovers|FlameBody|HeatWave,TeraBlast,QuiverDance,Protect|||M|||50|,,,,,Fairy]Rillaboom||MiracleSeed|GrassySurge|WoodHammer,GrassyGlide,FakeOut,HighHorsepower|||F|||50|,,,,,Fire]Dragonite||LoadedDice|Multiscale|ScaleShot,ExtremeSpeed,Haze,Protect|||M|||50|,,,,,Steel]Kingambit||AssaultVest|Defiant|KowtowCleave,SuckerPunch,IronHead,TeraBlast|||F|||50|,,,,,Flying]Sneasler||FocusSash|Unburden|CloseCombat,DireClaw,Coaching,FakeOut|||F|||50|,,,,,Stellar]Electabuzz||Eviolite|VitalSpirit|Thunderbolt,FollowMe,Taunt,Protect|||M|||50|,,,,,Ghost
|inactive|Battle timer is ON: inactive players will automatically lose when time's up. (requested by marcusquinn)
|
|t:|1755634439
|teamsize|p1|4
|teamsize|p2|4
|start
|switch|p1a: Dragonite|Dragonite, L50, M, shiny|100/100
|switch|p1b: Porygon2|Porygon2, L50, shiny|100/100
|switch|p2a: Sneasler|Sneasler, L50, F|100/100
|switch|p2b: Kingambit|Kingambit, L50, F|100/100
|-ability|p1b: Porygon2|Download|boost
|-boost|p1b: Porygon2|spa|1
|turn|1
|inactive|marcusquinn has 30 seconds left.
|inactive|marcusquinn has 20 seconds left.
|inactive|Realfrytki has 30 seconds left.
|
|t:|1755634479
|switch|p1a: Ursaluna|Ursaluna, L50, M|100/100
|-terastallize|p2b: Kingambit|Flying
|move|p2a: Sneasler|Coaching|p2b: Kingambit
|-boost|p2b: Kingambit|atk|1
|-boost|p2b: Kingambit|def|1
|move|p2b: Kingambit|Tera Blast|p1b: Porygon2|[anim] Tera Blast Flying
|-damage|p1b: Porygon2|55/100
|move|p1b: Porygon2|Trick Room|p1b: Porygon2
|-fieldstart|move: Trick Room|[of] p1b: Porygon2
|
|-status|p1a: Ursaluna|brn|[from] item: Flame Orb
|upkeep
|turn|2
|inactive|marcusquinn has 30 seconds left.
|inactive|marcusquinn has 20 seconds left.
|inactive|marcusquinn has 15 seconds left.
|inactive|marcusquinn has 10 seconds left.
|
|t:|1755634525
|-terastallize|p1b: Porygon2|Fighting
|move|p1a: Ursaluna|Protect|p1a: Ursaluna
|-singleturn|p1a: Ursaluna|Protect
|move|p2b: Kingambit|Sucker Punch||[still]
|-fail|p2b: Kingambit
|move|p1b: Porygon2|Recover|p1b: Porygon2
|-heal|p1b: Porygon2|100/100
|move|p2a: Sneasler|Close Combat|p1b: Porygon2
|-damage|p1b: Porygon2|62/100
|-unboost|p2a: Sneasler|def|1
|-unboost|p2a: Sneasler|spd|1
|
|-damage|p1a: Ursaluna|95/100 brn|[from] brn
|upkeep
|turn|3
|
|t:|1755634547
|move|p2b: Kingambit|Sucker Punch|p1a: Ursaluna
|-damage|p1a: Ursaluna|44/100 brn
|move|p1b: Porygon2|Ice Beam|p2b: Kingambit
|-supereffective|p2b: Kingambit
|-damage|p2b: Kingambit|46/100
|move|p1a: Ursaluna|Facade|p2b: Kingambit
|-damage|p2b: Kingambit|0 fnt
|faint|p2b: Kingambit
|move|p2a: Sneasler|Close Combat|p1a: Ursaluna
|-supereffective|p1a: Ursaluna
|-damage|p1a: Ursaluna|0 fnt
|-unboost|p2a: Sneasler|def|1
|-unboost|p2a: Sneasler|spd|1
|faint|p1a: Ursaluna
|
|upkeep
|
|t:|1755634563
|switch|p2b: Volcarona|Volcarona, L50, M|100/100
|switch|p1a: Dragonite|Dragonite, L50, M, shiny|100/100
|turn|4
|
|t:|1755634589
|switch|p2a: Rillaboom|Rillaboom, L50, F|100/100
|-fieldstart|move: Grassy Terrain|[from] ability: Grassy Surge|[of] p2a: Rillaboom
|move|p1b: Porygon2|Recover|p1b: Porygon2
|-heal|p1b: Porygon2|100/100
|move|p2b: Volcarona|Quiver Dance|p2b: Volcarona
|-boost|p2b: Volcarona|spa|1
|-boost|p2b: Volcarona|spd|1
|-boost|p2b: Volcarona|spe|1
|move|p1a: Dragonite|Scale Shot|p2a: Rillaboom
|-damage|p2a: Rillaboom|88/100
|-damage|p2a: Rillaboom|74/100
|-damage|p2a: Rillaboom|59/100
|-damage|p2a: Rillaboom|46/100
|-hitcount|p2a: Rillaboom|4
|-unboost|p1a: Dragonite|def|1
|-boost|p1a: Dragonite|spe|1
|
|-heal|p2a: Rillaboom|52/100|[from] Grassy Terrain
|upkeep
|turn|5
|inactive|marcusquinn has 30 seconds left.
|inactive|Realfrytki has 30 seconds left.
|inactive|marcusquinn has 20 seconds left.
|
|t:|1755634625
|move|p2a: Rillaboom|Fake Out|p1a: Dragonite
|-damage|p1a: Dragonite|88/100
|move|p1b: Porygon2|Ice Beam|p2a: Rillaboom
|-supereffective|p2a: Rillaboom
|-damage|p2a: Rillaboom|0 fnt
|faint|p2a: Rillaboom
|move|p2b: Volcarona|Heat Wave|p1b: Porygon2|[spread] p1a,p1b
|-resisted|p1a: Dragonite
|-damage|p1a: Dragonite|58/100
|-damage|p1b: Porygon2|63/100
|cant|p1a: Dragonite|flinch
|
|-heal|p1b: Porygon2|69/100|[from] Grassy Terrain
|-fieldend|move: Trick Room
|upkeep
|
|t:|1755634638
|switch|p2a: Sneasler|Sneasler, L50, F|100/100
|turn|6
|inactive|marcusquinn has 30 seconds left.
|inactive|marcusquinn has 20 seconds left.
|inactive|marcusquinn has 15 seconds left.
|
|t:|1755634683
|move|p1a: Dragonite|Protect|p1a: Dragonite
|-singleturn|p1a: Dragonite|Protect
|move|p2a: Sneasler|Fake Out|p1a: Dragonite
|-activate|p1a: Dragonite|move: Protect
|move|p2b: Volcarona|Heat Wave|p1b: Porygon2|[spread] p1b
|-activate|p1a: Dragonite|move: Protect
|-damage|p1b: Porygon2|33/100
|move|p1b: Porygon2|Tera Blast|p2a: Sneasler|[anim] Tera Blast Fighting
|-resisted|p2a: Sneasler
|-damage|p2a: Sneasler|62/100
|
|-heal|p2a: Sneasler|68/100|[from] Grassy Terrain
|-heal|p1b: Porygon2|40/100|[from] Grassy Terrain
|upkeep
|turn|7
|
|t:|1755634701
|move|p1a: Dragonite|Scale Shot|p2a: Sneasler
|-damage|p2a: Sneasler|47/100
|-damage|p2a: Sneasler|22/100
|-damage|p2a: Sneasler|0 fnt
|faint|p2a: Sneasler
|-hitcount|p2: Sneasler|3
|-unboost|p1a: Dragonite|def|1
|-boost|p1a: Dragonite|spe|1
|move|p2b: Volcarona|Tera Blast|p1a: Dragonite
|-damage|p1a: Dragonite|17/100
|move|p1b: Porygon2|Recover|p1b: Porygon2
|-heal|p1b: Porygon2|90/100
|
|-heal|p1b: Porygon2|96/100|[from] Grassy Terrain
|upkeep
|turn|8
|inactive|Realfrytki has 30 seconds left.
|inactive|Realfrytki has 20 seconds left.
|
|t:|1755634737
|move|p1a: Dragonite|Scale Shot|p2b: Volcarona|[miss]
|-miss|p1a: Dragonite|p2b: Volcarona
|move|p2b: Volcarona|Heat Wave|p1a: Dragonite|[spread] p1b
|-miss|p2b: Volcarona|p1a: Dragonite
|-damage|p1b: Porygon2|59/100
|move|p1b: Porygon2|Tera Blast|p2b: Volcarona|[anim] Tera Blast Fighting
|-resisted|p2b: Volcarona
|-damage|p2b: Volcarona|85/100
|
|-heal|p2b: Volcarona|91/100|[from] Grassy Terrain
|-heal|p2b: Volcarona|97/100|[from] item: Leftovers
|-heal|p1b: Porygon2|66/100|[from] Grassy Terrain
|-fieldend|move: Grassy Terrain
|upkeep
|turn|9
|
|t:|1755634762
|move|p1a: Dragonite|Scale Shot|p2b: Volcarona
|-damage|p2b: Volcarona|80/100
|-damage|p2b: Volcarona|62/100
|-damage|p2b: Volcarona|44/100
|-damage|p2b: Volcarona|27/100
|-hitcount|p2b: Volcarona|4
|-unboost|p1a: Dragonite|def|1
|-boost|p1a: Dragonite|spe|1
|move|p2b: Volcarona|Heat Wave|p1b: Porygon2|[spread] p1a,p1b
|-resisted|p1a: Dragonite
|-damage|p1a: Dragonite|0 fnt
|-damage|p1b: Porygon2|30/100
|faint|p1a: Dragonite
|move|p1b: Porygon2|Recover|p1b: Porygon2
|-heal|p1b: Porygon2|80/100
|
|-heal|p2b: Volcarona|33/100|[from] item: Leftovers
|upkeep
|
|t:|1755634777
|switch|p1a: Sneasler|Sneasler, L50, F|100/100
|turn|10
|
|t:|1755634788
|move|p2b: Volcarona|Heat Wave|p1b: Porygon2|[spread] p1a,p1b
|-crit|p1b: Porygon2
|-damage|p1a: Sneasler|23/100
|-damage|p1b: Porygon2|32/100
|move|p1a: Sneasler|Dire Claw|p2b: Volcarona
|-damage|p2b: Volcarona|0 fnt
|-status|p1a: Sneasler|brn|[from] ability: Flame Body|[of] p2b: Volcarona
|faint|p2b: Volcarona
|
|win|marcusquinn
|raw|marcusquinn's rating: 1320 → 1340(+20 for winning)
|raw|Realfrytki's rating: 1318 → 1298(-20 for losing)
