|j|☆JareMase
|j|☆foloppo
|html|JareMasefoloppo    
|uhtml|bestof|Game 1 of a best-of-3
|t:|1785678323
|gametype|doubles
|player|p1|JareMase|170|1221
|player|p2|foloppo|juggler|1278
|gen|9
|tier|[Gen 9 Champions] VGC 2026 Reg M-B (Bo3)
|rated|
|rule|Species Clause: Limit one of each Pokémon
|rule|Item Clause: Limit 1 of each item
|clearpoke
|poke|p1|Ninetales-Alola, L50, M|
|poke|p1|Talonflame, L50, M|
|poke|p1|Lycanroc-Dusk, L50, F|
|poke|p1|Hydreigon, L50, F|
|poke|p1|Farigiraf, L50, F|
|poke|p1|Metagross, L50|
|poke|p2|Swampert, L50, F|
|poke|p2|Pelipper, L50, M|
|poke|p2|Archaludon, L50, M|
|poke|p2|Venusaur, L50, F|
|poke|p2|Gholdengo, L50|
|poke|p2|Grimmsnarl, L50, M|
|teampreview|4
|showteam|p1|Ninetales-Alola||NeverMeltIce|SnowWarning|Protect,FreezeDry,Encore,Blizzard|Timid||M|||50|]Talonflame||SharpBeak|GaleWings|DualWingbeat,FlareBlitz,Tailwind,Protect|Jolly||M|||50|]Lycanroc-Dusk||FocusSash|ToughClaws|RockSlide,Accelerock,CloseCombat,Protect|Adamant||F|||50|]Hydreigon||ChoiceScarf|Levitate|DarkPulse,DracoMeteor,EarthPower,Uturn|Modest||F|||50|]Farigiraf||SitrusBerry|ArmorTail|Psychic,Roar,HelpingHand,Protect|Bold||F|||50|]Metagross||Metagrossite|ClearBody|PsychicFangs,IronHead,StompingTantrum,Protect|Jolly|||||50|
|showteam|p2|Swampert||Swampertite|Torrent|WaveCrash,IcePunch,Earthquake,Protect|Adamant||F|||50|]Pelipper||SitrusBerry|Drizzle|WeatherBall,Hurricane,Tailwind,Protect|Modest||M|||50|]Archaludon||Leftovers|Stamina|ElectroShot,DragonPulse,FlashCannon,Protect|Modest||M|||50|]Venusaur||Venusaurite|Chlorophyll|GigaDrain,EarthPower,SludgeBomb,Protect|Modest||F|||50|]Gholdengo||LifeOrb|GoodasGold|NastyPlot,Protect,MakeItRain,ShadowBall|Modest|||||50|]Grimmsnarl||LightClay|Prankster|Reflect,LightScreen,SpiritBreak,PartingShot|Careful||M|||50|
|inactive|Battle timer is ON: inactive players will automatically lose when time's up. (requested by foloppo)
|inactive|JareMase has 60 seconds left.
|inactive|foloppo has 60 seconds left.
|inactive|JareMase has 30 seconds left.
|
|t:|1785678385
|teamsize|p1|4
|teamsize|p2|4
|start
|switch|p1a: Metagross|Metagross, L50|100/100
|switch|p1b: Hydreigon|Hydreigon, L50, F|100/100
|switch|p2a: Archaludon|Archaludon, L50, M|100/100
|switch|p2b: Grimmsnarl|Grimmsnarl, L50, M|100/100
|turn|1
|
|t:|1785678405
|detailschange|p1a: Metagross|Metagross-Mega, L50
|-mega|p1a: Metagross|Metagross|Metagrossite
|move|p2a: Archaludon|Protect|p2a: Archaludon
|-singleturn|p2a: Archaludon|Protect
|move|p2b: Grimmsnarl|Light Screen|p2b: Grimmsnarl
|-sidestart|p2: foloppo|move: Light Screen
|move|p1b: Hydreigon|Earth Power|p2a: Archaludon
|-activate|p2a: Archaludon|move: Protect
|move|p1a: Metagross|Iron Head|p2b: Grimmsnarl
|-supereffective|p2b: Grimmsnarl|1
|-damage|p2b: Grimmsnarl|0 fnt
|faint|p2b: Grimmsnarl
|
|upkeep
|
|t:|1785678418
|switch|p2b: Pelipper|Pelipper, L50, M|100/100
|-weather|RainDance|[from] ability: Drizzle|[of] p2b: Pelipper
|turn|2
|
|t:|1785678428
|switch|p1b: Ninetales|Ninetales-Alola, L50, M|100/100
|-weather|Snowscape|[from] ability: Snow Warning|[of] p1b: Ninetales
|move|p1a: Metagross|Psychic Fangs|p2b: Pelipper
|-sideend|p2: foloppo|move: Light Screen
|-damage|p2b: Pelipper|35/100
|-enditem|p2b: Pelipper|Sitrus Berry|[eat]
|-heal|p2b: Pelipper|60/100|[from] item: Sitrus Berry
|move|p2a: Archaludon|Dragon Pulse|p1b: Ninetales
|-immune|p1b: Ninetales
|move|p2b: Pelipper|Tailwind|p2b: Pelipper
|-sidestart|p2: foloppo|move: Tailwind
|
|-weather|Snowscape|[upkeep]
|upkeep
|turn|3
|inactive|JareMase has 30 seconds left.
|
|t:|1785678457
|switch|p2b: Swampert|Swampert, L50, F|100/100
|switch|p1b: Talonflame|Talonflame, L50, M|100/100
|move|p2a: Archaludon|Flash Cannon|p1b: Talonflame
|-resisted|p1b: Talonflame|1
|-damage|p1b: Talonflame|73/100
|move|p1a: Metagross|Psychic Fangs|p2b: Swampert
|-damage|p2b: Swampert|40/100
|
|-weather|Snowscape|[upkeep]
|upkeep
|turn|4
|
|t:|1785678473
|switch|p2b: Pelipper|Pelipper, L50, M|60/100
|-weather|RainDance|[from] ability: Drizzle|[of] p2b: Pelipper
|move|p1b: Talonflame|Protect|p1b: Talonflame
|-singleturn|p1b: Talonflame|Protect
|move|p2a: Archaludon|Electro Shot||[still]
|-prepare|p2a: Archaludon|Electro Shot
|-boost|p2a: Archaludon|spa|1
|-anim|p2a: Archaludon|Electro Shot|p1a: Metagross
|-damage|p1a: Metagross|37/100
|move|p1a: Metagross|Psychic Fangs|p2b: Pelipper
|-damage|p2b: Pelipper|0 fnt
|faint|p2b: Pelipper
|
|-weather|RainDance|[upkeep]
|upkeep
|
|t:|1785678486
|switch|p2b: Swampert|Swampert, L50, F|40/100
|turn|5
|
|t:|1785678507
|switch|p1b: Ninetales|Ninetales-Alola, L50, M|100/100
|-weather|Snowscape|[from] ability: Snow Warning|[of] p1b: Ninetales
|detailschange|p2b: Swampert|Swampert-Mega, L50, F
|-mega|p2b: Swampert|Swampert|Swampertite
|move|p1a: Metagross|Protect|p1a: Metagross
|-singleturn|p1a: Metagross|Protect
|move|p2a: Archaludon|Electro Shot||[still]
|-prepare|p2a: Archaludon|Electro Shot
|-boost|p2a: Archaludon|spa|1
|move|p2b: Swampert|Wave Crash|p1b: Ninetales
|-damage|p1b: Ninetales|23/100
|-damage|p2b: Swampert|21/100|[from] Recoil
|
|-weather|Snowscape|[upkeep]
|-sideend|p2: foloppo|move: Tailwind
|upkeep
|turn|6
|
|t:|1785678523
|move|p2b: Swampert|Protect|p2b: Swampert
|-singleturn|p2b: Swampert|Protect
|move|p1a: Metagross|Stomping Tantrum|p2a: Archaludon
|-supereffective|p2a: Archaludon|1
|-damage|p2a: Archaludon|40/100
|-ability|p2a: Archaludon|Stamina|boost
|-boost|p2a: Archaludon|def|1
|move|p1b: Ninetales|Blizzard|p2b: Swampert|[spread] p2a
|-activate|p2b: Swampert|move: Protect
|-damage|p2a: Archaludon|1/100
|-ability|p2a: Archaludon|Stamina|boost
|-boost|p2a: Archaludon|def|1
|move|p2a: Archaludon|Electro Shot|p1a: Metagross|[from] lockedmove
|-damage|p1a: Metagross|0 fnt
|faint|p1a: Metagross
|
|-weather|Snowscape|[upkeep]
|-heal|p2a: Archaludon|6/100|[from] item: Leftovers
|upkeep
|
|t:|1785678531
|switch|p1a: Hydreigon|Hydreigon, L50, F|100/100
|turn|7
|-message|foloppo forfeited.
|
|win|JareMase
||foloppo is ready for game 2.
||JareMase is ready for game 2.
|uhtml|next|Next: Game 2 of 3
