|j|☆WestyLiam
|j|☆Slackermaru
|html|WestyLiamSlackermaru    
|uhtml|bestof|Game 1 of a best-of-3
|t:|1756717027
|gametype|doubles
|player|p1|WestyLiam|101|1449
|player|p2|Slackermaru|workerice|1479
|gen|9
|tier|[Gen 9] VGC 2025 Reg H (Bo3)
|rated|
|rule|Species Clause: Limit one of each Pokémon
|rule|Item Clause: Limit 1 of each item
|clearpoke
|poke|p1|Garchomp, L50, F|
|poke|p1|Jumpluff, L50, M|
|poke|p1|Torkoal, L50, F|
|poke|p1|Dragonite, L50, M|
|poke|p1|Kingambit, L50, M|
|poke|p1|Typhlosion-Hisui, L50, M|
|poke|p2|Rillaboom, L50, F|
|poke|p2|Dragonite, L50, F|
|poke|p2|Sneasler, L50, F|
|poke|p2|Kingambit, L50, F|
|poke|p2|Electabuzz, L50, M|
|poke|p2|Volcarona, L50, M|
|teampreview|4
|showteam|p1|Garchomp||LifeOrb|RoughSkin|DragonClaw,StompingTantrum,Earthquake,Protect|||F|||50|,,,,,Fairy]Jumpluff||CovertCloak|Chlorophyll|LeafStorm,SleepPowder,Encore,Tailwind|||M|||50|,,,,,Poison]Torkoal||EjectPack|Drought|Overheat,BurningJealousy,HelpingHand,Protect|||F|||50|,,,,,Flying]Dragonite||LoadedDice|Multiscale|ScaleShot,ExtremeSpeed,IceSpinner,Protect|||M|||50|,,,,,Fairy]Kingambit||AssaultVest|Defiant|IronHead,SuckerPunch,Assurance,LowKick|||M|||50|,,,,,Flying]Typhlosion-Hisui||ChoiceSpecs|Blaze|Eruption,ShadowBall,HeatWave,Overheat|||M|||50|,,,,,Fire
|showteam|p2|Rillaboom||AssaultVest|GrassySurge|FakeOut,HighHorsepower,WoodHammer,GrassyGlide|||F|||50|,,,,,Fire]Dragonite||LoadedDice|Multiscale|ExtremeSpeed,ScaleShot,Protect,Haze|||F|||50|,,,,,Steel]Sneasler||FocusSash|Unburden|DireClaw,CloseCombat,FakeOut,Protect|||F|||50|,,,,,Stellar]Kingambit||SafetyGoggles|Defiant|KowtowCleave,SuckerPunch,SwordsDance,Protect|||F|||50|,,,,,Dark]Electabuzz||Eviolite|VitalSpirit|Thunderbolt,Taunt,FollowMe,Protect|||M|||50|,,,,,Ghost]Volcarona||Leftovers|FlameBody|HeatWave,TeraBlast,QuiverDance,Protect|||M|||50|,,,,,Fairy
|c|☆Slackermaru|jooo
|c|☆WestyLiam|Lmao Hi
|
|t:|1756717080
|teamsize|p1|4
|teamsize|p2|4
|start
|switch|p1a: Jumpluff|Jumpluff, L50, M|100/100
|switch|p1b: Torkoal|Torkoal, L50, F|100/100
|switch|p2a: Kingambit|Kingambit, L50, F|100/100
|switch|p2b: Rillaboom|Rillaboom, L50, F|100/100
|-fieldstart|move: Grassy Terrain|[from] ability: Grassy Surge|[of] p2b: Rillaboom
|-weather|SunnyDay|[from] ability: Drought|[of] p1b: Torkoal
|turn|1
|
|t:|1756717109
|switch|p1b: Kingambit|Kingambit, L50, M|100/100
|move|p2b: Rillaboom|Fake Out|p1b: Kingambit
|-resisted|p1b: Kingambit
|-damage|p1b: Kingambit|95/100
|move|p1a: Jumpluff|Tailwind|p1a: Jumpluff
|-sidestart|p1: WestyLiam|move: Tailwind
|move|p2a: Kingambit|Swords Dance|p2a: Kingambit
|-boost|p2a: Kingambit|atk|2
|
|-weather|SunnyDay|[upkeep]
|-heal|p1b: Kingambit|100/100|[from] Grassy Terrain
|upkeep
|turn|2
|
|t:|1756717131
|switch|p2b: Sneasler|Sneasler, L50, F|100/100
|move|p2a: Kingambit|Protect|p2a: Kingambit
|-singleturn|p2a: Kingambit|Protect
|move|p1a: Jumpluff|Encore||[still]
|-fail|p1a: Jumpluff
|move|p1b: Kingambit|Low Kick|p2a: Kingambit
|-activate|p2a: Kingambit|move: Protect
|
|-weather|SunnyDay|[upkeep]
|upkeep
|turn|3
|
|t:|1756717152
|-terastallize|p2a: Kingambit|Dark
|move|p2b: Sneasler|Fake Out|p1b: Kingambit
|-resisted|p1b: Kingambit
|-damage|p1b: Kingambit|95/100
|move|p2a: Kingambit|Sucker Punch|p1b: Kingambit
|-resisted|p1b: Kingambit
|-damage|p1b: Kingambit|50/100
|move|p1a: Jumpluff|Sleep Powder|p2b: Sneasler
|-status|p2b: Sneasler|slp|[from] move: Sleep Powder
|cant|p1b: Kingambit|flinch
|
|-weather|SunnyDay|[upkeep]
|-heal|p1b: Kingambit|56/100|[from] Grassy Terrain
|upkeep
|turn|4
|
|t:|1756717172
|switch|p2b: Rillaboom|Rillaboom, L50, F|100/100
|move|p2a: Kingambit|Protect|p2a: Kingambit
|-singleturn|p2a: Kingambit|Protect
|move|p1a: Jumpluff|Encore||[still]
|-fail|p1a: Jumpluff
|move|p1b: Kingambit|Low Kick|p2a: Kingambit
|-activate|p2a: Kingambit|move: Protect
|
|-weather|SunnyDay|[upkeep]
|-heal|p1b: Kingambit|63/100|[from] Grassy Terrain
|-sideend|p1: WestyLiam|move: Tailwind
|upkeep
|turn|5
|
|t:|1756717205
|switch|p1b: Torkoal|Torkoal, L50, F|100/100
|move|p2a: Kingambit|Sucker Punch||[still]
|-fail|p2a: Kingambit
|move|p1a: Jumpluff|Encore|p2a: Kingambit
|-start|p2a: Kingambit|Encore
|move|p2b: Rillaboom|Wood Hammer|p1b: Torkoal
|-resisted|p1b: Torkoal
|-damage|p1b: Torkoal|70/100
|-damage|p2b: Rillaboom|92/100|[from] Recoil
|
|-weather|none
|-heal|p2b: Rillaboom|98/100|[from] Grassy Terrain
|-heal|p1b: Torkoal|76/100|[from] Grassy Terrain
|-fieldend|move: Grassy Terrain
|upkeep
|turn|6
|
|t:|1756717224
|move|p1b: Torkoal|Helping Hand|p1a: Jumpluff
|-singleturn|p1a: Jumpluff|Helping Hand|[of] p1b: Torkoal
|move|p2a: Kingambit|Sucker Punch||[still]
|-fail|p2a: Kingambit
|move|p1a: Jumpluff|Encore|p2b: Rillaboom
|-start|p2b: Rillaboom|Encore
|move|p2b: Rillaboom|Wood Hammer|p1b: Torkoal
|-resisted|p1b: Torkoal
|-damage|p1b: Torkoal|53/100
|-damage|p2b: Rillaboom|92/100|[from] Recoil
|
|upkeep
|turn|7
|
|t:|1756717244
|switch|p2b: Sneasler|Sneasler, L50, F|100/100 slp
|move|p1b: Torkoal|Protect|p1b: Torkoal
|-singleturn|p1b: Torkoal|Protect
|move|p2a: Kingambit|Sucker Punch||[still]
|-fail|p2a: Kingambit
|move|p1a: Jumpluff|Sleep Powder|p2b: Sneasler|[miss]
|-miss|p1a: Jumpluff|p2b: Sneasler
|
|upkeep
|turn|8
|
|t:|1756717270
|move|p1b: Torkoal|Protect||[still]
|-fail|p1b: Torkoal
|move|p2a: Kingambit|Sucker Punch||[still]
|-fail|p2a: Kingambit
|cant|p2b: Sneasler|slp
|move|p1a: Jumpluff|Tailwind|p1a: Jumpluff
|-sidestart|p1: WestyLiam|move: Tailwind
|
|-end|p2a: Kingambit|Encore
|upkeep
|turn|9
|
|t:|1756717293
|-terastallize|p1a: Jumpluff|Poison
|move|p1b: Torkoal|Protect|p1b: Torkoal
|-singleturn|p1b: Torkoal|Protect
|move|p1a: Jumpluff|Encore|p2a: Kingambit
|-start|p2a: Kingambit|Encore
|cant|p2b: Sneasler|slp
|move|p2a: Kingambit|Sucker Punch||[still]
|-fail|p2a: Kingambit
|
|upkeep
|turn|10
|
|t:|1756717321
|move|p1b: Torkoal|Protect|p1b: Torkoal
|-singleturn|p1b: Torkoal|Protect
|move|p2a: Kingambit|Sucker Punch||[still]
|-fail|p2a: Kingambit
|move|p1a: Jumpluff|Encore||[still]
|-fail|p1a: Jumpluff
|cant|p2b: Sneasler|slp
|
|upkeep
|turn|11
|
|t:|1756717346
|switch|p2b: Rillaboom|Rillaboom, L50, F|92/100
|-fieldstart|move: Grassy Terrain|[from] ability: Grassy Surge|[of] p2b: Rillaboom
|switch|p1b: Typhlosion|Typhlosion-Hisui, L50, M|100/100
|move|p2a: Kingambit|Sucker Punch||[still]
|-fail|p2a: Kingambit
|move|p1a: Jumpluff|Leaf Storm|p2b: Rillaboom
|-resisted|p2b: Rillaboom
|-damage|p2b: Rillaboom|79/100
|-unboost|p1a: Jumpluff|spa|2
|
|-heal|p2b: Rillaboom|85/100|[from] Grassy Terrain
|-end|p2a: Kingambit|Encore
|-sideend|p1: WestyLiam|move: Tailwind
|upkeep
|turn|12
|
|t:|1756717375
|switch|p2b: Sneasler|Sneasler, L50, F|100/100 slp
|move|p2a: Kingambit|Protect|p2a: Kingambit
|-singleturn|p2a: Kingambit|Protect
|move|p1a: Jumpluff|Encore|p2a: Kingambit
|-activate|p2a: Kingambit|move: Protect
|move|p1b: Typhlosion|Eruption|p2a: Kingambit|[spread] p2b
|-activate|p2a: Kingambit|move: Protect
|-enditem|p2b: Sneasler|Focus Sash
|-damage|p2b: Sneasler|1/100 slp
|
|-heal|p2b: Sneasler|7/100 slp|[from] Grassy Terrain
|upkeep
|turn|13
|
|t:|1756717399
|-curestatus|p2b: Sneasler|slp|[msg]
|move|p2b: Sneasler|Dire Claw|p1b: Typhlosion
|-resisted|p1b: Typhlosion
|-damage|p1b: Typhlosion|68/100
|-status|p1b: Typhlosion|psn
|move|p1a: Jumpluff|Encore|p2a: Kingambit
|-start|p2a: Kingambit|Encore
|move|p1b: Typhlosion|Eruption|p2b: Sneasler|[spread] p2a,p2b
|-damage|p2a: Kingambit|51/100
|-damage|p2b: Sneasler|0 fnt
|faint|p2b: Sneasler
|move|p2a: Kingambit|Protect||[still]
|-fail|p2a: Kingambit
|
|-heal|p1b: Typhlosion|74/100 psn|[from] Grassy Terrain
|-heal|p2a: Kingambit|57/100|[from] Grassy Terrain
|-damage|p1b: Typhlosion|62/100 psn|[from] psn
|upkeep
|
|t:|1756717415
|switch|p2b: Dragonite|Dragonite, L50, F|100/100
|turn|14
|
|t:|1756717423
|move|p2a: Kingambit|Protect|p2a: Kingambit
|-singleturn|p2a: Kingambit|Protect
|move|p1a: Jumpluff|Sleep Powder|p2b: Dragonite
|-status|p2b: Dragonite|slp|[from] move: Sleep Powder
|move|p1b: Typhlosion|Eruption|p2a: Kingambit|[spread] p2b
|-activate|p2a: Kingambit|move: Protect
|-resisted|p2b: Dragonite
|-damage|p2b: Dragonite|88/100 slp
|cant|p2b: Dragonite|slp
|
|-heal|p1b: Typhlosion|68/100 psn|[from] Grassy Terrain
|-heal|p2a: Kingambit|62/100|[from] Grassy Terrain
|-damage|p1b: Typhlosion|56/100 psn|[from] psn
|upkeep
|turn|15
|
|t:|1756717440
|switch|p1b: Kingambit|Kingambit, L50, M|63/100
|move|p2a: Kingambit|Protect||[still]
|-fail|p2a: Kingambit
|move|p1a: Jumpluff|Tailwind|p1a: Jumpluff
|-sidestart|p1: WestyLiam|move: Tailwind
|cant|p2b: Dragonite|slp
|
|-heal|p1b: Kingambit|69/100|[from] Grassy Terrain
|-heal|p2a: Kingambit|68/100|[from] Grassy Terrain
|-end|p2a: Kingambit|Encore
|-fieldend|move: Grassy Terrain
|upkeep
|turn|16
|
|t:|1756717459
|switch|p2a: Rillaboom|Rillaboom, L50, F|85/100
|-fieldstart|move: Grassy Terrain|[from] ability: Grassy Surge|[of] p2a: Rillaboom
|move|p1a: Jumpluff|Leaf Storm|p2b: Dragonite
|-resisted|p2b: Dragonite
|-damage|p2b: Dragonite|84/100 slp
|-unboost|p1a: Jumpluff|spa|2
|move|p1b: Kingambit|Assurance|p2b: Dragonite
|-damage|p2b: Dragonite|4/100 slp
|cant|p2b: Dragonite|slp
|
|-heal|p1b: Kingambit|75/100|[from] Grassy Terrain
|-heal|p2a: Rillaboom|91/100|[from] Grassy Terrain
|upkeep
|turn|17
|j| T-Soro
|
|t:|1756717489
|-curestatus|p2b: Dragonite|slp|[msg]
|move|p2b: Dragonite|Extreme Speed|p1b: Kingambit
|-resisted|p1b: Kingambit
|-damage|p1b: Kingambit|63/100
|move|p1b: Kingambit|Sucker Punch||[still]
|-fail|p1b: Kingambit
|move|p1a: Jumpluff|Leaf Storm|p2b: Dragonite
|-resisted|p2b: Dragonite
|-damage|p2b: Dragonite|1/100
|-unboost|p1a: Jumpluff|spa|2
|move|p2a: Rillaboom|High Horsepower|p1b: Kingambit
|-supereffective|p1b: Kingambit
|-damage|p1b: Kingambit|12/100
|
|-heal|p1b: Kingambit|18/100|[from] Grassy Terrain
|-heal|p2a: Rillaboom|97/100|[from] Grassy Terrain
|upkeep
|turn|18
|
|t:|1756717512
|move|p2b: Dragonite|Extreme Speed|p1b: Kingambit
|-resisted|p1b: Kingambit
|-damage|p1b: Kingambit|5/100
|move|p2a: Rillaboom|Grassy Glide|p1b: Kingambit
|-resisted|p1b: Kingambit
|-damage|p1b: Kingambit|0 fnt
|faint|p1b: Kingambit
|move|p1a: Jumpluff|Leaf Storm|p2b: Dragonite
|-resisted|p2b: Dragonite
|-damage|p2b: Dragonite|0 fnt
|faint|p2b: Dragonite
|
|-heal|p2a: Rillaboom|100/100|[from] Grassy Terrain
|-sideend|p1: WestyLiam|move: Tailwind
|upkeep
|
|t:|1756717524
|switch|p2b: Kingambit|Kingambit, L50, F, tera:Dark|68/100
|switch|p1b: Typhlosion|Typhlosion-Hisui, L50, M|56/100 psn
|turn|19
|
|t:|1756717539
|switch|p1a: Torkoal|Torkoal, L50, F|53/100
|-weather|SunnyDay|[from] ability: Drought|[of] p1a: Torkoal
|move|p1b: Typhlosion|Heat Wave|p2a: Rillaboom|[spread] p2a,p2b
|-supereffective|p2a: Rillaboom
|-damage|p2a: Rillaboom|0 fnt
|-damage|p2b: Kingambit|0 fnt
|faint|p2a: Rillaboom
|faint|p2b: Kingambit
|
|win|WestyLiam
||Slackermaru is ready for game 2.
||WestyLiam is ready for game 2.
|uhtml|next|Next: Game 2 of 3
|l|☆WestyLiam
|player|p1|
|l| T-Soro
