|j|☆kings11
|j|☆EchoShadowYT
|html|kings11EchoShadowYT    
|uhtml|bestof|Game 1 of a best-of-3
|t:|1786079345
|gametype|doubles
|player|p1|kings11|266|1160
|player|p2|EchoShadowYT|skierf|1293
|gen|9
|tier|[Gen 9 Champions] VGC 2026 Reg M-B (Bo3)
|rated|
|rule|Species Clause: Limit one of each Pokémon
|rule|Item Clause: Limit 1 of each item
|clearpoke
|poke|p1|Raichu, L50, F|
|poke|p1|Milotic, L50, F|
|poke|p1|Ceruledge, L50, F|
|poke|p1|Meowscarada, L50, M|
|poke|p1|Ninetales-Alola, L50, F|
|poke|p1|Staraptor, L50, M|
|poke|p2|Gyarados, L50, M|
|poke|p2|Tyranitar, L50, F|
|poke|p2|Gholdengo, L50|
|poke|p2|Garchomp, L50, F|
|poke|p2|Sneasler, L50, F|
|poke|p2|Sinistcha, L50|
|teampreview|4
|showteam|p1|Raichu||RaichuniteY|LightningRod|ZapCannon,FocusBlast,FakeOut,Protect|Timid||F|||50|]Milotic||Leftovers|Competitive|MuddyWater,Hypnosis,Coil,Recover|Calm||F|||50|]Ceruledge||ColburBerry|FlashFire|BitterBlade,ShadowSneak,BulkUp,Protect|Adamant||F|||50|]Meowscarada||FocusSash|Overgrow|FlowerTrick,KnockOff,SuckerPunch,Protect|Jolly||M|||50|]Ninetales-Alola||LightClay|SnowWarning|Blizzard,FreezeDry,AuroraVeil,Protect|Timid||F|||50|]Staraptor||Staraptite|Intimidate|BraveBird,CloseCombat,Roost,Protect|Jolly||M|||50|
|showteam|p2|Gyarados||Gyaradosite|Intimidate|LashOut,DragonDance,Waterfall,Protect|Jolly||M|||50|]Tyranitar||ChoiceScarf|SandStream|RockSlide,KnockOff,IcePunch,LowKick|Jolly||F|||50|]Gholdengo||LifeOrb|GoodasGold|ShadowBall,MakeItRain,NastyPlot,Protect|Modest|||||50|]Garchomp||Garchompite|RoughSkin|DracoMeteor,EarthPower,PowerGem,Protect|Modest||F|||50|]Sneasler||WhiteHerb|Unburden|DireClaw,CloseCombat,FakeOut,Protect|Jolly||F|||50|]Sinistcha||SitrusBerry|Hospitality|MatchaGotcha,RagePowder,TrickRoom,Protect|Calm|||||50|
|inactive|Battle timer is ON: inactive players will automatically lose when time's up. (requested by EchoShadowYT)
|inactive|kings11 has 60 seconds left.
|inactive|EchoShadowYT has 60 seconds left.
|
|t:|1786079385
|teamsize|p1|4
|teamsize|p2|4
|start
|switch|p1a: Raichu|Raichu, L50, F|100/100
|switch|p1b: Meowscarada|Meowscarada, L50, M|100/100
|switch|p2a: Garchomp|Garchomp, L50, F|100/100
|switch|p2b: Gholdengo|Gholdengo, L50|100/100
|turn|1
|inactive|kings11 has 30 seconds left.
|inactive|kings11 has 20 seconds left.
|inactive|kings11 has 15 seconds left.
|inactive|kings11 has 10 seconds left.
|inactive|kings11 has 5 seconds left.
|
|t:|1786079439
|switch|p2b: Sneasler|Sneasler, L50, F|100/100
|detailschange|p2a: Garchomp|Garchomp-Mega, L50, F
|-mega|p2a: Garchomp|Garchomp|Garchompite
|move|p1b: Meowscarada|Protect|p1b: Meowscarada
|-singleturn|p1b: Meowscarada|Protect
|move|p1a: Raichu|Protect|p1a: Raichu
|-singleturn|p1a: Raichu|Protect
|move|p2a: Garchomp|Earth Power|p1a: Raichu
|-activate|p1a: Raichu|move: Protect
|
|upkeep
|turn|2
|
|t:|1786079464
|switch|p1a: Ninetales|Ninetales-Alola, L50, F|100/100
|-weather|Snowscape|[from] ability: Snow Warning|[of] p1a: Ninetales
|move|p2b: Sneasler|Fake Out|p1a: Ninetales
|-damage|p1a: Ninetales|85/100
|move|p1b: Meowscarada|Flower Trick|p2a: Garchomp
|-crit|p2a: Garchomp
|-damage|p2a: Garchomp|56/100
|move|p2a: Garchomp|Earth Power|p1a: Ninetales
|-damage|p1a: Ninetales|29/100
|
|-weather|Snowscape|[upkeep]
|upkeep
|turn|3
|inactive|EchoShadowYT has 30 seconds left.
|
|t:|1786079489
|move|p1a: Ninetales|Protect|p1a: Ninetales
|-singleturn|p1a: Ninetales|Protect
|move|p1b: Meowscarada|Flower Trick|p2a: Garchomp
|-crit|p2a: Garchomp
|-damage|p2a: Garchomp|13/100
|move|p2b: Sneasler|Dire Claw|p1a: Ninetales
|-activate|p1a: Ninetales|move: Protect
|move|p2a: Garchomp|Draco Meteor|p1b: Meowscarada
|-enditem|p1b: Meowscarada|Focus Sash
|-damage|p1b: Meowscarada|1/100
|-unboost|p2a: Garchomp|spa|2
|
|-weather|Snowscape|[upkeep]
|upkeep
|turn|4
|inactive|kings11 has 30 seconds left.
|inactive|EchoShadowYT has 30 seconds left.
|inactive|kings11 has 20 seconds left.
|
|t:|1786079524
|switch|p2a: Gholdengo|Gholdengo, L50|100/100
|move|p1b: Meowscarada|Sucker Punch||[still]
|-fail|p1b: Meowscarada
|move|p2b: Sneasler|Dire Claw|p1a: Ninetales
|-supereffective|p1a: Ninetales|1
|-damage|p1a: Ninetales|0 fnt
|faint|p1a: Ninetales
|
|-weather|Snowscape|[upkeep]
|upkeep
|
|t:|1786079531
|switch|p1a: Ceruledge|Ceruledge, L50, F|100/100
|turn|5
|
|t:|1786079543
|switch|p2a: Tyranitar|Tyranitar, L50, F|100/100
|-weather|Sandstorm|[from] ability: Sand Stream|[of] p2a: Tyranitar
|move|p1b: Meowscarada|Knock Off|p2a: Tyranitar
|-resisted|p2a: Tyranitar|1
|-damage|p2a: Tyranitar|80/100
|-enditem|p2a: Tyranitar|Choice Scarf|[from] move: Knock Off|[of] p1b: Meowscarada
|move|p2b: Sneasler|Dire Claw|p1b: Meowscarada
|-supereffective|p1b: Meowscarada|1
|-damage|p1b: Meowscarada|0 fnt
|faint|p1b: Meowscarada
|move|p1a: Ceruledge|Bitter Blade|p2b: Sneasler
|-damage|p2b: Sneasler|14/100
|
|-weather|Sandstorm|[upkeep]
|-damage|p2b: Sneasler|8/100|[from] Sandstorm
|-damage|p1a: Ceruledge|93/100|[from] Sandstorm
|upkeep
|
|t:|1786079551
|switch|p1b: Raichu|Raichu, L50, F|100/100
|turn|6
|
|t:|1786079568
|detailschange|p1b: Raichu|Raichu-Mega-Y, L50, F
|-mega|p1b: Raichu|Raichu|Raichunite Y
|move|p1a: Ceruledge|Shadow Sneak|p2b: Sneasler
|-damage|p2b: Sneasler|0 fnt
|faint|p2b: Sneasler
|move|p1b: Raichu|Focus Blast|p2a: Tyranitar
|-supereffective|p2a: Tyranitar|2
|-damage|p2a: Tyranitar|0 fnt
|faint|p2a: Tyranitar
|
|-weather|Sandstorm|[upkeep]
|-damage|p1b: Raichu|94/100|[from] Sandstorm
|-damage|p1a: Ceruledge|87/100|[from] Sandstorm
|upkeep
|
|t:|1786079578
|switch|p2b: Garchomp|Garchomp-Mega, L50, F|13/100
|switch|p2a: Gholdengo|Gholdengo, L50|100/100
|turn|7
|
|t:|1786079587
|move|p1b: Raichu|Focus Blast|p2b: Garchomp
|-damage|p2b: Garchomp|0 fnt
|faint|p2b: Garchomp
|move|p2a: Gholdengo|Shadow Ball|p1a: Ceruledge
|-supereffective|p1a: Ceruledge|1
|-damage|p1a: Ceruledge|0 fnt
|faint|p1a: Ceruledge
|-damage|p2a: Gholdengo|90/100|[from] item: Life Orb
|
|-weather|Sandstorm|[upkeep]
|-damage|p1b: Raichu|88/100|[from] Sandstorm
|upkeep
|turn|8
|
|t:|1786079598
|move|p2a: Gholdengo|Protect|p2a: Gholdengo
|-singleturn|p2a: Gholdengo|Protect
|move|p1b: Raichu|Zap Cannon|p2a: Gholdengo
|-activate|p2a: Gholdengo|move: Protect
|
|-weather|Sandstorm|[upkeep]
|-damage|p1b: Raichu|82/100|[from] Sandstorm
|upkeep
|turn|9
|
|t:|1786079606
|move|p1b: Raichu|Zap Cannon|p2a: Gholdengo
|-damage|p2a: Gholdengo|23/100
|-status|p2a: Gholdengo|par
|move|p2a: Gholdengo|Shadow Ball|p1b: Raichu
|-damage|p1b: Raichu|0 fnt
|faint|p1b: Raichu
|-damage|p2a: Gholdengo|14/100 par|[from] item: Life Orb
|
|win|EchoShadowYT
||kings11 is ready for game 2.
||EchoShadowYT is ready for game 2.
|uhtml|next|Next: Game 2 of 3
|l|☆kings11
|player|p1|
