|j|☆Ake295
|j|☆nathjay
|html|Ake295nathjay    
|uhtml|bestof|Game 1 of a best-of-3
|t:|1756849225
|gametype|doubles
|player|p1|Ake295|2|1094
|player|p2|nathjay|linebacker|1121
|gen|9
|tier|[Gen 9] VGC 2025 Reg H (Bo3)
|rated|
|rule|Species Clause: Limit one of each Pokémon
|rule|Item Clause: Limit 1 of each item
|clearpoke
|poke|p1|Archaludon, L50, M|
|poke|p1|Basculegion, L50, M|
|poke|p1|Kingambit, L50, M|
|poke|p1|Pelipper, L50, M|
|poke|p1|Salamence, L50, M|
|poke|p1|Amoonguss, L50, F|
|poke|p2|Ninetales-Alola, L50, M|
|poke|p2|Baxcalibur, L50, F|
|poke|p2|Sinistcha-Masterpiece, L50|
|poke|p2|Hydreigon, L50, M|
|poke|p2|Annihilape, L50, F|
|poke|p2|Murkrow, L50, F|
|teampreview|4
|showteam|p1|Archaludon||AssaultVest|Stamina|ElectroShot,Snarl,FlashCannon,BodyPress|||M|||50|,,,,,Grass]Basculegion||ChoiceBand|SwiftSwim|WaveCrash,LastRespects,FlipTurn,AquaJet|||M|||50|,,,,,Grass]Kingambit||BlackGlasses|Defiant|KowtowCleave,SuckerPunch,SwordsDance,Protect|||M|||50|,,,,,Dark]Pelipper||FocusSash|Drizzle|WeatherBall,Hurricane,Tailwind,Protect|||M|||50|,,,,,Ghost]Salamence||LifeOrb|Intimidate|AirSlash,DracoMeteor,Tailwind,Protect|||M|||50|,,,,,Steel]Amoonguss||SitrusBerry|Regenerator|Spore,RagePowder,PollenPuff,ClearSmog|||F|||50|,,,,,Water
|showteam|p2|Ninetales-Alola||LightClay|SnowWarning|FreezeDry,AuroraVeil,Moonblast,Protect|||M|||50|,,,,,Water]Baxcalibur||LoadedDice|ThermalExchange|IcicleSpear,IceShard,ScaleShot,Protect|||F|||50|,,,,,Poison]Sinistcha-Masterpiece||BigRoot|Hospitality|MatchaGotcha,ShadowBall,StrengthSap,Protect||||||50|,,,,,Fire]Hydreigon||AssaultVest|Levitate|DarkPulse,EarthPower,FlashCannon,HeatWave|||M|||50|,,,,,Steel]Annihilape||ChoiceScarf|Defiant|PhantomForce,FinalGambit,CloseCombat,RockSlide|||F|||50|,,,,,Fire]Murkrow||Eviolite|Prankster|FoulPlay,Haze,Quash,Tailwind|||F|||50|,,,,,Steel
|j| subhamcheee
|
|t:|1756849263
|teamsize|p1|4
|teamsize|p2|4
|start
|switch|p1a: Archaludon|Archaludon, L50, M|100/100
|switch|p1b: Basculegion|Basculegion, L50, M|100/100
|switch|p2a: Annihilape|Annihilape, L50, F|100/100
|switch|p2b: Ninetales|Ninetales-Alola, L50, M|100/100
|-weather|Snowscape|[from] ability: Snow Warning|[of] p2b: Ninetales
|turn|1
|
|t:|1756849295
|switch|p1a: Pelipper|Pelipper, L50, M|100/100
|-weather|RainDance|[from] ability: Drizzle|[of] p1a: Pelipper
|move|p1b: Basculegion|Wave Crash|p2a: Annihilape
|-damage|p2a: Annihilape|0 fnt
|faint|p2a: Annihilape
|-damage|p1b: Basculegion|64/100|[from] Recoil
|move|p2b: Ninetales|Freeze-Dry|p1b: Basculegion
|-supereffective|p1b: Basculegion
|-damage|p1b: Basculegion|5/100
|
|-weather|RainDance|[upkeep]
|upkeep
|
|t:|1756849305
|switch|p2a: Baxcalibur|Baxcalibur, L50, F|100/100
|turn|2
|
|t:|1756849328
|move|p2a: Baxcalibur|Ice Shard|p1b: Basculegion
|-resisted|p1b: Basculegion
|-damage|p1b: Basculegion|0 fnt
|faint|p1b: Basculegion
|move|p2b: Ninetales|Freeze-Dry|p1a: Pelipper
|-supereffective|p1a: Pelipper
|-enditem|p1a: Pelipper|Focus Sash
|-damage|p1a: Pelipper|1/100
|move|p1a: Pelipper|Tailwind|p1a: Pelipper
|-sidestart|p1: Ake295|move: Tailwind
|
|-weather|RainDance|[upkeep]
|upkeep
|c|☆nathjay|Forgot the swift swim speed
|
|t:|1756849338
|switch|p1b: Archaludon|Archaludon, L50, M|100/100
|turn|3
|
|t:|1756849366
|switch|p2b: Hydreigon|Hydreigon, L50, M|100/100
|move|p2a: Baxcalibur|Protect|p2a: Baxcalibur
|-singleturn|p2a: Baxcalibur|Protect
|move|p1b: Archaludon|Electro Shot||[still]
|-prepare|p1b: Archaludon|Electro Shot
|-boost|p1b: Archaludon|spa|1
|-anim|p1b: Archaludon|Electro Shot|p2b: Hydreigon
|-resisted|p2b: Hydreigon
|-damage|p2b: Hydreigon|76/100
|move|p1a: Pelipper|Hurricane|p2a: Baxcalibur
|-activate|p2a: Baxcalibur|move: Protect
|
|-weather|RainDance|[upkeep]
|upkeep
|turn|4
|
|t:|1756849409
|switch|p1a: Salamence|Salamence, L50, M|100/100
|-ability|p1a: Salamence|Intimidate|boost
|-unboost|p2a: Baxcalibur|atk|1
|-unboost|p2b: Hydreigon|atk|1
|move|p2a: Baxcalibur|Ice Shard|p1a: Salamence
|-supereffective|p1a: Salamence
|-damage|p1a: Salamence|14/100
|move|p1b: Archaludon|Body Press|p2b: Hydreigon
|-supereffective|p2b: Hydreigon
|-damage|p2b: Hydreigon|18/100
|move|p2b: Hydreigon|Earth Power|p1b: Archaludon
|-supereffective|p1b: Archaludon
|-damage|p1b: Archaludon|57/100
|-ability|p1b: Archaludon|Stamina|boost
|-boost|p1b: Archaludon|def|1
|
|-weather|RainDance|[upkeep]
|upkeep
|turn|5
|
|t:|1756849448
|switch|p2b: Ninetales|Ninetales-Alola, L50, M|100/100
|-weather|Snowscape|[from] ability: Snow Warning|[of] p2b: Ninetales
|move|p1a: Salamence|Protect|p1a: Salamence
|-singleturn|p1a: Salamence|Protect
|move|p2a: Baxcalibur|Ice Shard|p1a: Salamence
|-activate|p1a: Salamence|move: Protect
|move|p1b: Archaludon|Body Press|p2b: Ninetales
|-crit|p2b: Ninetales
|-damage|p2b: Ninetales|63/100
|
|-weather|Snowscape|[upkeep]
|-sideend|p1: Ake295|move: Tailwind
|upkeep
|turn|6
|
|t:|1756849465
|switch|p1a: Pelipper|Pelipper, L50, M|1/100
|-weather|RainDance|[from] ability: Drizzle|[of] p1a: Pelipper
|-terastallize|p2a: Baxcalibur|Poison
|move|p2a: Baxcalibur|Ice Shard|p1a: Pelipper
|-damage|p1a: Pelipper|0 fnt
|faint|p1a: Pelipper
|move|p2b: Ninetales|Moonblast|p1b: Archaludon
|-damage|p1b: Archaludon|33/100
|-ability|p1b: Archaludon|Stamina|boost
|-boost|p1b: Archaludon|def|1
|move|p1b: Archaludon|Flash Cannon|p2b: Ninetales
|-supereffective|p2b: Ninetales
|-damage|p2b: Ninetales|0 fnt
|faint|p2b: Ninetales
|
|-weather|RainDance|[upkeep]
|upkeep
|l| subhamcheee
|
|t:|1756849482
|switch|p2b: Hydreigon|Hydreigon, L50, M|18/100
|switch|p1a: Salamence|Salamence, L50, M|14/100
|-ability|p1a: Salamence|Intimidate|boost
|-unboost|p2a: Baxcalibur|atk|1
|-unboost|p2b: Hydreigon|atk|1
|turn|7
|c|☆nathjay|4 dragons face off
|
|t:|1756849512
|-terastallize|p1b: Archaludon|Grass
|move|p1a: Salamence|Protect|p1a: Salamence
|-singleturn|p1a: Salamence|Protect
|move|p2a: Baxcalibur|Ice Shard|p1a: Salamence
|-activate|p1a: Salamence|move: Protect
|move|p2b: Hydreigon|Dark Pulse|p1b: Archaludon
|-damage|p1b: Archaludon|5/100
|-ability|p1b: Archaludon|Stamina|boost
|-boost|p1b: Archaludon|def|1
|move|p1b: Archaludon|Electro Shot||[still]
|-prepare|p1b: Archaludon|Electro Shot
|-boost|p1b: Archaludon|spa|1
|-anim|p1b: Archaludon|Electro Shot|p2b: Hydreigon
|-resisted|p2b: Hydreigon
|-damage|p2b: Hydreigon|0 fnt
|faint|p2b: Hydreigon
|
|-weather|RainDance|[upkeep]
|upkeep
|turn|8
|
|t:|1756849536
|move|p2a: Baxcalibur|Ice Shard|p1a: Salamence
|-supereffective|p1a: Salamence
|-damage|p1a: Salamence|0 fnt
|faint|p1a: Salamence
|move|p1b: Archaludon|Electro Shot||[still]
|-prepare|p1b: Archaludon|Electro Shot
|-boost|p1b: Archaludon|spa|1
|-anim|p1b: Archaludon|Electro Shot|p2a: Baxcalibur
|-damage|p2a: Baxcalibur|4/100
|
|-weather|RainDance|[upkeep]
|upkeep
|turn|9
|
|t:|1756849552
|move|p1b: Archaludon|Snarl|p2a: Baxcalibur
|-damage|p2a: Baxcalibur|0 fnt
|faint|p2a: Baxcalibur
|
|win|Ake295
||nathjay is ready for game 2.
||Ake295 is ready for game 2.
|uhtml|next|Next: Game 2 of 3
|l|☆nathjay
|player|p2|
