|j|☆CappyTJ5
|j|☆Cial23
|html|CappyTJ5Cial23    
|uhtml|bestof|Game 2 of a best-of-3
|t:|1757784861
|gametype|doubles
|player|p1|CappyTJ5|wallace|1057
|player|p2|Cial23|1|1015
|gen|9
|tier|[Gen 9] VGC 2025 Reg H (Bo3)
|rated|
|rule|Species Clause: Limit one of each Pokémon
|rule|Item Clause: Limit 1 of each item
|clearpoke
|poke|p1|Sneasler, L50, F|
|poke|p1|Incineroar, L50, M|
|poke|p1|Dragonite, L50, F|
|poke|p1|Gholdengo, L50|
|poke|p1|Amoonguss, L50, M|
|poke|p1|Ursaluna-Bloodmoon, L50, M|
|poke|p2|Indeedee-F, L50, F|
|poke|p2|Torkoal, L50, M|
|poke|p2|Ursaluna, L50, M|
|poke|p2|Exeggutor, L50, F|
|poke|p2|Zoroark-Hisui, L50, M|
|poke|p2|Lucario, L50, M|
|teampreview|4
|showteam|p1|Sneasler||FocusSash|Unburden|Protect,DireClaw,CloseCombat,ThroatChop|||F|||50|,,,,,Stellar]Incineroar||SafetyGoggles|Intimidate|KnockOff,FlareBlitz,PartingShot,FakeOut|||M|||50|,,,,,Ghost]Dragonite||LoadedDice|Multiscale|Protect,ScaleShot,Tailwind,Haze|||F|||50|,,,,,Fairy]Gholdengo||LifeOrb|GoodasGold|Protect,MakeItRain,ShadowBall,NastyPlot||||||50|,,,,,Water]Amoonguss||SitrusBerry|Regenerator|Protect,Spore,PollenPuff,RagePowder|||M|||50|,,,,,Electric]Ursaluna-Bloodmoon||AssaultVest|MindsEye|HyperVoice,BloodMoon,EarthPower,VacuumWave|||M|||50|,,,,,Water
|showteam|p2|Indeedee-F||RockyHelmet|PsychicSurge|Psychic,HelpingHand,FollowMe,TrickRoom|||F|||50|,,,,,Grass]Torkoal||Charcoal|Drought|Eruption,WeatherBall,ClearSmog,Protect|||M|||50|,,,,,Fire]Ursaluna||FlameOrb|Guts|Facade,HeadlongRush,Earthquake,Protect|||M|||50|,,,,,Ghost]Exeggutor||FocusSash|Chlorophyll|ExpandingForce,LeafStorm,SleepPowder,TrickRoom|||F|||50|,,,,,Psychic]Zoroark-Hisui||ChoiceSpecs|Illusion|HyperBeam,HyperVoice,ShadowBall,FocusBlast|||M|||50|,,,,,Normal]Lucario||LifeOrb|Steadfast|AuraSphere,FlashCannon,Detect,ShadowBall|||M|||50|,,,,,Fighting
|inactive|Battle timer is ON: inactive players will automatically lose when time's up. (requested by CappyTJ5)
|inactive|CappyTJ5 has 60 seconds left.
|
|t:|1757784893
|teamsize|p1|4
|teamsize|p2|4
|start
|switch|p1a: Dragonite|Dragonite, L50, F|100/100
|switch|p1b: Ursaluna|Ursaluna-Bloodmoon, L50, M|100/100
|switch|p2a: Torkoal|Torkoal, L50, M|100/100
|switch|p2b: Exeggutor|Exeggutor, L50, F|100/100
|-weather|SunnyDay|[from] ability: Drought|[of] p2a: Torkoal
|turn|1
|
|t:|1757784907
|-terastallize|p1b: Ursaluna|Water
|move|p2a: Torkoal|Protect|p2a: Torkoal
|-singleturn|p2a: Torkoal|Protect
|move|p2b: Exeggutor|Sleep Powder|p1a: Dragonite|[miss]
|-miss|p2b: Exeggutor|p1a: Dragonite
|move|p1a: Dragonite|Tailwind|p1a: Dragonite
|-sidestart|p1: CappyTJ5|move: Tailwind
|move|p1b: Ursaluna|Hyper Voice|p2b: Exeggutor|[spread] p2b
|-activate|p2a: Torkoal|move: Protect
|-damage|p2b: Exeggutor|56/100
|
|-weather|SunnyDay|[upkeep]
|upkeep
|turn|2
|
|t:|1757784935
|switch|p2a: Ursaluna|Ursaluna, L50, M|100/100
|move|p1a: Dragonite|Scale Shot|p2b: Exeggutor
|-damage|p2b: Exeggutor|38/100
|-damage|p2b: Exeggutor|19/100
|-crit|p2b: Exeggutor
|-damage|p2b: Exeggutor|0 fnt
|faint|p2b: Exeggutor
|-hitcount|p2: Exeggutor|3
|-unboost|p1a: Dragonite|def|1
|-boost|p1a: Dragonite|spe|1
|move|p1b: Ursaluna|Blood Moon|p2a: Ursaluna
|-damage|p2a: Ursaluna|41/100
|
|-weather|SunnyDay|[upkeep]
|-status|p2a: Ursaluna|brn|[from] item: Flame Orb
|upkeep
|
|t:|1757784944
|switch|p2b: Lucario|Lucario, L50, M|100/100
|turn|3
|
|t:|1757784967
|move|p2b: Lucario|Detect|p2b: Lucario
|-singleturn|p2b: Lucario|Protect
|move|p1a: Dragonite|Scale Shot|p2a: Ursaluna|[miss]
|-miss|p1a: Dragonite|p2a: Ursaluna
|move|p1b: Ursaluna|Earth Power|p2b: Lucario
|-activate|p2b: Lucario|move: Protect
|move|p2a: Ursaluna|Facade|p1b: Ursaluna
|-damage|p1b: Ursaluna|15/100
|
|-weather|SunnyDay|[upkeep]
|-damage|p2a: Ursaluna|35/100 brn|[from] brn
|upkeep
|turn|4
|
|t:|1757784981
|switch|p2b: Torkoal|Torkoal, L50, M|100/100
|move|p2a: Ursaluna|Protect|p2a: Ursaluna
|-singleturn|p2a: Ursaluna|Protect
|move|p1a: Dragonite|Scale Shot|p2a: Ursaluna
|-activate|p2a: Ursaluna|move: Protect
|move|p1b: Ursaluna|Earth Power|p2b: Torkoal
|-supereffective|p2b: Torkoal
|-damage|p2b: Torkoal|0 fnt
|faint|p2b: Torkoal
|
|-weather|SunnyDay|[upkeep]
|-damage|p2a: Ursaluna|30/100 brn|[from] brn
|-sideend|p1: CappyTJ5|move: Tailwind
|upkeep
|
|t:|1757784987
|switch|p2b: Lucario|Lucario, L50, M|100/100
|turn|5
|
|t:|1757785002
|move|p1a: Dragonite|Tailwind|p1a: Dragonite
|-sidestart|p1: CappyTJ5|move: Tailwind
|move|p2b: Lucario|Aura Sphere|p1b: Ursaluna
|-damage|p1b: Ursaluna|0 fnt
|faint|p1b: Ursaluna
|-damage|p2b: Lucario|91/100|[from] item: Life Orb
|move|p2a: Ursaluna|Facade|p1a: Dragonite
|-crit|p1a: Dragonite
|-damage|p1a: Dragonite|0 fnt
|faint|p1a: Dragonite
|
|-weather|none
|-damage|p2a: Ursaluna|24/100 brn|[from] brn
|upkeep
|
|t:|1757785006
|switch|p1a: Incineroar|Incineroar, L50, M, shiny|100/100
|switch|p1b: Sneasler|Sneasler, L50, F|100/100
|-ability|p1a: Incineroar|Intimidate|boost
|-unboost|p2a: Ursaluna|atk|1
|-unboost|p2b: Lucario|atk|1
|turn|6
|
|t:|1757785024
|move|p2b: Lucario|Detect|p2b: Lucario
|-singleturn|p2b: Lucario|Protect
|move|p2a: Ursaluna|Protect|p2a: Ursaluna
|-singleturn|p2a: Ursaluna|Protect
|move|p1a: Incineroar|Fake Out|p2a: Ursaluna
|-activate|p2a: Ursaluna|move: Protect
|move|p1b: Sneasler|Close Combat|p2b: Lucario
|-activate|p2b: Lucario|move: Protect
|
|-damage|p2a: Ursaluna|18/100 brn|[from] brn
|upkeep
|turn|7
|
|t:|1757785048
|-terastallize|p2b: Lucario|Fighting
|move|p1b: Sneasler|Close Combat|p2b: Lucario
|-damage|p2b: Lucario|0 fnt
|-unboost|p1b: Sneasler|def|1
|-unboost|p1b: Sneasler|spd|1
|faint|p2b: Lucario
|move|p1a: Incineroar|Knock Off|p2a: Ursaluna
|-damage|p2a: Ursaluna|0 fnt
|-enditem|p2a: Ursaluna|Flame Orb|[from] move: Knock Off|[of] p1a: Incineroar
|faint|p2a: Ursaluna
|
|win|CappyTJ5
|inactive|CappyTJ5 has 30 seconds to confirm battle start!
|inactive|Cial23 has 30 seconds to confirm battle start!
||Cial23 is ready for game 3.
||CappyTJ5 is ready for game 3.
|uhtml|next|Next: Game 3 of 3
|l|☆Cial23
|player|p2|
|l|☆CappyTJ5
|player|p1|
