|j|☆smalltownkirlia
|j|☆emptinessmach
|html|smalltownkirliaemptinessmach    
|uhtml|bestof|Game 2 of a best-of-3
|t:|1757726076
|gametype|doubles
|player|p1|smalltownkirlia|whitney|1144
|player|p2|emptinessmach|red|1082
|gen|9
|tier|[Gen 9] VGC 2025 Reg H (Bo3)
|rated|
|rule|Species Clause: Limit one of each Pokémon
|rule|Item Clause: Limit 1 of each item
|clearpoke
|poke|p1|Dragonite, L50, F|
|poke|p1|Ursaluna-Bloodmoon, L50, M|
|poke|p1|Gholdengo, L50|
|poke|p1|Maushold-Four, L50|
|poke|p1|Annihilape, L50, F|
|poke|p1|Rillaboom, L50, F|
|poke|p2|Garchomp, L50, M|
|poke|p2|Jumpluff, L50, F|
|poke|p2|Torkoal, L50, F|
|poke|p2|Dragonite, L50, F|
|poke|p2|Kingambit, L50, F|
|poke|p2|Typhlosion-Hisui, L50, M|
|teampreview|4
|showteam|p1|Dragonite||LoadedDice|Multiscale|ScaleShot,Tailwind,Haze,Protect|||F|||50|,,,,,Fairy]Ursaluna-Bloodmoon||AssaultVest|MindsEye|BloodMoon,EarthPower,HyperVoice,VacuumWave|||M|||50|,,,,,Water]Gholdengo||LifeOrb|GoodasGold|MakeItRain,ShadowBall,NastyPlot,Protect||||||50|,,,,,Dragon]Maushold-Four||FocusSash|FriendGuard|Taunt,FollowMe,BeatUp,Protect||||||50|,,,,,Ghost]Annihilape||SitrusBerry|Defiant|RageFist,DrainPunch,BulkUp,Protect|||F|||50|,,,,,Fire]Rillaboom||MiracleSeed|GrassySurge|WoodHammer,GrassyGlide,HighHorsepower,FakeOut|||F|||50|,,,,,Fire
|showteam|p2|Garchomp||LifeOrb|RoughSkin|DragonClaw,StompingTantrum,Earthquake,Protect|||M|||50|,,,,,Steel]Jumpluff||CovertCloak|Chlorophyll|LeafStorm,SleepPowder,Encore,Tailwind|||F|||50|,,,,,Dark]Torkoal||EjectPack|Drought|Overheat,BurningJealousy,HelpingHand,Protect|||F|||50|,,,,,Flying]Dragonite||LoadedDice|Multiscale|ExtremeSpeed,ScaleShot,IceSpinner,Protect|||F|||50|,,,,,Fairy]Kingambit||AssaultVest|Defiant|IronHead,SuckerPunch,Assurance,LowKick|||F|||50|,,,,,Flying]Typhlosion-Hisui||ChoiceSpecs|Blaze|Eruption,ShadowBall,HeatWave,Flamethrower|||M|||50|,,,,,Fire
|inactive|Battle timer is ON: inactive players will automatically lose when time's up. (requested by smalltownkirlia)
|
|t:|1757726093
|teamsize|p1|4
|teamsize|p2|4
|start
|switch|p1a: Dragonite|Dragonite, L50, F|100/100
|switch|p1b: Ursaluna|Ursaluna-Bloodmoon, L50, M|100/100
|switch|p2a: Torkoal|Torkoal, L50, F, shiny|100/100
|switch|p2b: Jumpluff|Jumpluff, L50, F, shiny|100/100
|-weather|SunnyDay|[from] ability: Drought|[of] p2a: Torkoal
|turn|1
|
|t:|1757726098
|move|p2a: Torkoal|Protect|p2a: Torkoal
|-singleturn|p2a: Torkoal|Protect
|move|p2b: Jumpluff|Tailwind|p2b: Jumpluff
|-sidestart|p2: emptinessmach|move: Tailwind
|move|p1a: Dragonite|Scale Shot|p2a: Torkoal
|-activate|p2a: Torkoal|move: Protect
|move|p1b: Ursaluna|Hyper Voice|p2b: Jumpluff|[spread] p2b
|-activate|p2a: Torkoal|move: Protect
|-damage|p2b: Jumpluff|64/100
|
|-weather|SunnyDay|[upkeep]
|upkeep
|turn|2
|
|t:|1757726117
|switch|p2a: Typhlosion|Typhlosion-Hisui, L50, M, shiny|100/100
|move|p2b: Jumpluff|Sleep Powder|p1a: Dragonite|[miss]
|-miss|p2b: Jumpluff|p1a: Dragonite
|move|p1a: Dragonite|Scale Shot|p2a: Typhlosion
|-damage|p2a: Typhlosion|78/100
|-damage|p2a: Typhlosion|56/100
|-damage|p2a: Typhlosion|34/100
|-damage|p2a: Typhlosion|10/100
|-hitcount|p2a: Typhlosion|4
|-unboost|p1a: Dragonite|def|1
|-boost|p1a: Dragonite|spe|1
|move|p1b: Ursaluna|Earth Power|p2a: Typhlosion
|-supereffective|p2a: Typhlosion
|-damage|p2a: Typhlosion|0 fnt
|faint|p2a: Typhlosion
|
|-weather|SunnyDay|[upkeep]
|upkeep
|
|t:|1757726126
|switch|p2a: Garchomp|Garchomp, L50, M, shiny|100/100
|turn|3
|
|t:|1757726144
|-terastallize|p2a: Garchomp|Steel
|move|p2b: Jumpluff|Sleep Powder|p1b: Ursaluna
|-status|p1b: Ursaluna|slp|[from] move: Sleep Powder
|move|p2a: Garchomp|Dragon Claw|p1a: Dragonite
|-supereffective|p1a: Dragonite
|-damage|p1a: Dragonite|15/100
|-damage|p2a: Garchomp|91/100|[from] item: Life Orb
|move|p1a: Dragonite|Scale Shot|p2a: Garchomp
|-resisted|p2a: Garchomp
|-damage|p2a: Garchomp|83/100
|-resisted|p2a: Garchomp
|-damage|p2a: Garchomp|75/100
|-resisted|p2a: Garchomp
|-damage|p2a: Garchomp|68/100
|-resisted|p2a: Garchomp
|-damage|p2a: Garchomp|60/100
|-resisted|p2a: Garchomp
|-damage|p2a: Garchomp|51/100
|-hitcount|p2a: Garchomp|5
|-unboost|p1a: Dragonite|def|1
|-boost|p1a: Dragonite|spe|1
|cant|p1b: Ursaluna|slp
|
|-weather|SunnyDay|[upkeep]
|upkeep
|turn|4
|inactive|emptinessmach has 30 seconds left.
|
|t:|1757726176
|move|p1a: Dragonite|Protect|p1a: Dragonite
|-singleturn|p1a: Dragonite|Protect
|move|p2b: Jumpluff|Leaf Storm|p1b: Ursaluna
|-supereffective|p1b: Ursaluna
|-damage|p1b: Ursaluna|64/100 slp
|-unboost|p2b: Jumpluff|spa|2
|move|p2a: Garchomp|Stomping Tantrum|p1b: Ursaluna
|-damage|p1b: Ursaluna|26/100 slp
|-damage|p2a: Garchomp|41/100|[from] item: Life Orb
|cant|p1b: Ursaluna|slp
|
|-weather|SunnyDay|[upkeep]
|-sideend|p2: emptinessmach|move: Tailwind
|upkeep
|turn|5
|
|t:|1757726192
|move|p2a: Garchomp|Protect|p2a: Garchomp
|-singleturn|p2a: Garchomp|Protect
|move|p2b: Jumpluff|Tailwind|p2b: Jumpluff
|-sidestart|p2: emptinessmach|move: Tailwind
|move|p1a: Dragonite|Tailwind|p1a: Dragonite
|-sidestart|p1: smalltownkirlia|move: Tailwind
|cant|p1b: Ursaluna|slp
|
|-weather|none
|upkeep
|turn|6
|
|t:|1757726211
|switch|p2a: Torkoal|Torkoal, L50, F, shiny|100/100
|-weather|SunnyDay|[from] ability: Drought|[of] p2a: Torkoal
|-curestatus|p1b: Ursaluna|slp|[msg]
|move|p1b: Ursaluna|Vacuum Wave|p2a: Torkoal
|-damage|p2a: Torkoal|81/100
|move|p2b: Jumpluff|Encore|p1a: Dragonite
|-start|p1a: Dragonite|Encore
|move|p1a: Dragonite|Tailwind||[still]
|-fail|p1a: Dragonite
|
|-weather|SunnyDay|[upkeep]
|upkeep
|turn|7
|
|t:|1757726236
|move|p1b: Ursaluna|Vacuum Wave|p2a: Torkoal
|-damage|p2a: Torkoal|62/100
|move|p2b: Jumpluff|Sleep Powder|p1b: Ursaluna
|-status|p1b: Ursaluna|slp|[from] move: Sleep Powder
|move|p1a: Dragonite|Tailwind||[still]
|-fail|p1a: Dragonite
|move|p2a: Torkoal|Burning Jealousy|p1b: Ursaluna|[spread] p1a,p1b
|-resisted|p1a: Dragonite
|-damage|p1a: Dragonite|0 fnt
|-damage|p1b: Ursaluna|6/100 slp
|faint|p1a: Dragonite
|
|-weather|SunnyDay|[upkeep]
|upkeep
|
|t:|1757726247
|switch|p1a: Gholdengo|Gholdengo, L50|100/100
|turn|8
|
|t:|1757726276
|move|p2b: Jumpluff|Leaf Storm|p1b: Ursaluna
|-supereffective|p1b: Ursaluna
|-damage|p1b: Ursaluna|0 fnt
|-unboost|p2b: Jumpluff|spa|2
|faint|p1b: Ursaluna
|move|p1a: Gholdengo|Shadow Ball|p2a: Torkoal
|-damage|p2a: Torkoal|0 fnt
|faint|p2a: Torkoal
|-damage|p1a: Gholdengo|91/100|[from] item: Life Orb
|
|-weather|SunnyDay|[upkeep]
|-sideend|p2: emptinessmach|move: Tailwind
|-sideend|p1: smalltownkirlia|move: Tailwind
|upkeep
|
|t:|1757726284
|switch|p1b: Rillaboom|Rillaboom, L50, F|100/100
|switch|p2a: Garchomp|Garchomp, L50, M, shiny, tera:Steel|41/100
|-fieldstart|move: Grassy Terrain|[from] ability: Grassy Surge|[of] p1b: Rillaboom
|turn|9
|
|t:|1757726303
|move|p2a: Garchomp|Protect|p2a: Garchomp
|-singleturn|p2a: Garchomp|Protect
|move|p1b: Rillaboom|Fake Out|p2a: Garchomp
|-activate|p2a: Garchomp|move: Protect
|move|p2b: Jumpluff|Tailwind|p2b: Jumpluff
|-sidestart|p2: emptinessmach|move: Tailwind
|move|p1a: Gholdengo|Nasty Plot|p1a: Gholdengo
|-boost|p1a: Gholdengo|spa|2
|
|-weather|SunnyDay|[upkeep]
|-heal|p2a: Garchomp|47/100|[from] Grassy Terrain
|-heal|p1a: Gholdengo|97/100|[from] Grassy Terrain
|upkeep
|turn|10
|
|t:|1757726322
|-terastallize|p1a: Gholdengo|Dragon
|move|p1b: Rillaboom|Grassy Glide|p2a: Garchomp
|-resisted|p2a: Garchomp
|-damage|p2a: Garchomp|25/100
|-damage|p1b: Rillaboom|88/100|[from] ability: Rough Skin|[of] p2a: Garchomp
|move|p2b: Jumpluff|Encore|p1b: Rillaboom
|-start|p1b: Rillaboom|Encore
|move|p2a: Garchomp|Earthquake|p1a: Gholdengo|[spread] p1a,p1b
|-immune|p2b: Jumpluff
|-resisted|p1b: Rillaboom
|-crit|p1b: Rillaboom
|-damage|p1a: Gholdengo|69/100
|-damage|p1b: Rillaboom|68/100
|-damage|p2a: Garchomp|15/100|[from] item: Life Orb
|move|p1a: Gholdengo|Make It Rain|p2a: Garchomp|[spread] p2a,p2b
|-resisted|p2a: Garchomp
|-damage|p2a: Garchomp|0 fnt
|-damage|p2b: Jumpluff|0 fnt
|-unboost|p1a: Gholdengo|spa|1
|faint|p2a: Garchomp
|faint|p2b: Jumpluff
|-damage|p1a: Gholdengo|60/100|[from] item: Life Orb
|
|win|smalltownkirlia
|raw|smalltownkirlia's rating: 1144 → 1165(+21 for winning)
|raw|emptinessmach's rating: 1082 → 1064(-18 for losing)
|l|☆smalltownkirlia
|player|p1|
