|j|☆danolp2
|j|☆Esponjo
|html|danolp2Esponjo    
|uhtml|bestof|Game 2 of a best-of-3
|t:|1785902854
|gametype|doubles
|player|p1|danolp2|170|1023
|player|p2|Esponjo|265|1000
|gen|9
|tier|[Gen 9 Champions] VGC 2026 Reg M-B (Bo3)
|rated|
|rule|Species Clause: Limit one of each Pokémon
|rule|Item Clause: Limit 1 of each item
|clearpoke
|poke|p1|Gengar, L50, M, shiny|
|poke|p1|Skarmory, L50, M, shiny|
|poke|p1|Ninetales-Alola, L50, F|
|poke|p1|Hydreigon, L50, F|
|poke|p1|Sableye, L50, M|
|poke|p1|Incineroar, L50, F|
|poke|p2|Staraptor, L50, M|
|poke|p2|Arcanine-Hisui, L50, F|
|poke|p2|Kingambit, L50, F|
|poke|p2|Raichu, L50, M|
|poke|p2|Farigiraf, L50, F|
|poke|p2|Sylveon, L50, F|
|teampreview|4
|showteam|p1|Gengar||Gengarite|CursedBody|DazzlingGleam,ShadowBall,Thunderbolt,Protect|Timid||M|||50|]Skarmory||Skarmorite|Sturdy|Tailwind,BraveBird,BodyPress,Taunt|Jolly||M|||50|]Ninetales-Alola||LightClay|SnowWarning|AuroraVeil,NastyPlot,Blizzard,Protect|Timid||F|||50|]Hydreigon||LifeOrb|Levitate|DracoMeteor,DarkPulse,HeatWave,Protect|Timid||F|||50|]Sableye||SilkScarf|Prankster|FakeOut,Encore,WillOWisp,ThunderWave|Impish||M|||50|]Incineroar||SitrusBerry|Intimidate|PartingShot,FakeOut,FlareBlitz,Taunt|Adamant||F|||50|
|showteam|p2|Staraptor||Staraptite|Intimidate|DualWingbeat,CloseCombat,Tailwind,Protect|Jolly||M|||50|]Arcanine-Hisui||FocusSash|RockHead|FlareBlitz,HeadSmash,ExtremeSpeed,Protect|Jolly||F|||50|]Kingambit||LifeOrb|Defiant|KowtowCleave,SuckerPunch,SwordsDance,Protect|Adamant||F|||50|]Raichu||RaichuniteY|LightningRod|ZapCannon,FocusBlast,FakeOut,Protect|Modest||M|||50|]Farigiraf||SitrusBerry|ArmorTail|Psychic,HelpingHand,TrickRoom,Protect|Bold||F|||50|]Sylveon||FairyFeather|Pixilate|HyperVoice,HyperBeam,QuickAttack,Detect|Modest||F|||50|
|inactive|Battle timer is ON: inactive players will automatically lose when time's up. (requested by Esponjo)
|
|t:|1785902880
|teamsize|p1|4
|teamsize|p2|4
|start
|switch|p1a: Incineroar|Incineroar, L50, F|100/100
|switch|p1b: Ninetales|Ninetales-Alola, L50, F|100/100
|switch|p2a: Staraptor|Staraptor, L50, M|100/100
|switch|p2b: Sylveon|Sylveon, L50, F|100/100
|-weather|Snowscape|[from] ability: Snow Warning|[of] p1b: Ninetales
|-ability|p2a: Staraptor|Intimidate|boost
|-unboost|p1a: Incineroar|atk|1
|-unboost|p1b: Ninetales|atk|1
|-ability|p1a: Incineroar|Intimidate|boost
|-unboost|p2a: Staraptor|atk|1
|-unboost|p2b: Sylveon|atk|1
|turn|1
|inactive|Esponjo has 30 seconds left.
|
|t:|1785902906
|switch|p2a: Arcanine|Arcanine-Hisui, L50, F|100/100
|move|p1a: Incineroar|Fake Out|p2a: Arcanine
|-resisted|p2a: Arcanine|1
|-damage|p2a: Arcanine|93/100
|move|p1b: Ninetales|Aurora Veil|p1b: Ninetales
|-sidestart|p1: danolp2|move: Aurora Veil
|move|p2b: Sylveon|Hyper Voice|p1a: Incineroar|[spread] p1a,p1b
|-damage|p1a: Incineroar|66/100
|-damage|p1b: Ninetales|61/100
|
|-weather|Snowscape|[upkeep]
|upkeep
|turn|2
|
|t:|1785902921
|move|p1b: Ninetales|Blizzard|p2b: Sylveon|[spread] p2a,p2b
|-resisted|p2a: Arcanine|1
|-damage|p2a: Arcanine|76/100
|-damage|p2b: Sylveon|77/100
|-status|p2b: Sylveon|frz
|move|p2a: Arcanine|Flare Blitz|p1b: Ninetales
|-supereffective|p1b: Ninetales|1
|-damage|p1b: Ninetales|0 fnt
|faint|p1b: Ninetales
|cant|p2b: Sylveon|frz
|move|p1a: Incineroar|Parting Shot|p2a: Arcanine
|-unboost|p2a: Arcanine|atk|1
|-unboost|p2a: Arcanine|spa|1
|
|t:|1785902929
|switch|p1a: Skarmory|Skarmory, L50, M, shiny|100/100|[from] Parting Shot
|
|-weather|Snowscape|[upkeep]
|upkeep
|
|t:|1785902932
|switch|p1b: Incineroar|Incineroar, L50, F|66/100
|-ability|p1b: Incineroar|Intimidate|boost
|-unboost|p2a: Arcanine|atk|1
|-unboost|p2b: Sylveon|atk|1
|turn|3
|inactive|danolp2 has 30 seconds left.
|inactive|danolp2 has 20 seconds left.
|inactive|danolp2 has 15 seconds left.
|
|t:|1785902972
|move|p1b: Incineroar|Fake Out|p2a: Arcanine
|-resisted|p2a: Arcanine|1
|-damage|p2a: Arcanine|66/100
|cant|p2a: Arcanine|flinch
|move|p1a: Skarmory|Body Press|p2a: Arcanine
|-supereffective|p2a: Arcanine|1
|-damage|p2a: Arcanine|1/100
|cant|p2b: Sylveon|frz
|
|-weather|Snowscape|[upkeep]
|upkeep
|turn|4
|
|t:|1785902993
|detailschange|p1a: Skarmory|Skarmory-Mega, L50, M, shiny
|-mega|p1a: Skarmory|Skarmory|Skarmorite
|move|p1a: Skarmory|Tailwind|p1a: Skarmory
|-sidestart|p1: danolp2|move: Tailwind
|move|p1b: Incineroar|Flare Blitz|p2b: Sylveon
|-damage|p2b: Sylveon|6/100 frz
|-curestatus|p2b: Sylveon|frz|[msg]
|-damage|p1b: Incineroar|45/100|[from] Recoil
|-enditem|p1b: Incineroar|Sitrus Berry|[eat]
|-heal|p1b: Incineroar|69/100|[from] item: Sitrus Berry
|move|p2a: Arcanine|Flare Blitz|p1b: Incineroar
|-resisted|p1b: Incineroar|1
|-damage|p1b: Incineroar|60/100
|move|p2b: Sylveon|Hyper Voice|p1b: Incineroar|[spread] p1a,p1b
|-resisted|p1a: Skarmory|1
|-damage|p1a: Skarmory|81/100
|-damage|p1b: Incineroar|31/100
|
|-weather|Snowscape|[upkeep]
|upkeep
|turn|5
|inactive|danolp2 has 30 seconds left.
|
|t:|1785903019
|move|p2b: Sylveon|Quick Attack|p1b: Incineroar
|-damage|p1b: Incineroar|26/100
|move|p1a: Skarmory|Body Press|p2b: Sylveon
|-resisted|p2b: Sylveon|1
|-damage|p2b: Sylveon|0 fnt
|faint|p2b: Sylveon
|move|p1b: Incineroar|Flare Blitz|p2a: Arcanine
|-resisted|p2a: Arcanine|2
|-damage|p2a: Arcanine|0 fnt
|faint|p2a: Arcanine
|-damage|p1b: Incineroar|26/100|[from] Recoil
|
|-weather|none
|upkeep
|
|t:|1785903031
|switch|p2a: Staraptor|Staraptor, L50, M|100/100
|switch|p2b: Kingambit|Kingambit, L50, F|100/100
|-ability|p2a: Staraptor|Intimidate|boost
|-unboost|p1a: Skarmory|atk|1
|-unboost|p1b: Incineroar|atk|1
|turn|6
|
|t:|1785903046
|detailschange|p2a: Staraptor|Staraptor-Mega, L50, M
|-mega|p2a: Staraptor|Staraptor|Staraptite
|move|p1a: Skarmory|Body Press|p2b: Kingambit
|-supereffective|p2b: Kingambit|2
|-damage|p2b: Kingambit|42/100
|move|p2a: Staraptor|Close Combat|p1b: Incineroar
|-supereffective|p1b: Incineroar|1
|-crit|p1b: Incineroar
|-damage|p1b: Incineroar|0 fnt
|-boost|p2a: Staraptor|def|1
|-boost|p2a: Staraptor|spd|1
|faint|p1b: Incineroar
|move|p2b: Kingambit|Swords Dance|p2b: Kingambit
|-boost|p2b: Kingambit|atk|2
|
|upkeep
|
|t:|1785903052
|switch|p1b: Hydreigon|Hydreigon, L50, F|100/100
|turn|7
|
|t:|1785903063
|move|p2b: Kingambit|Sucker Punch|p1a: Skarmory
|-damage|p1a: Skarmory|9/100
|-damage|p2b: Kingambit|32/100|[from] item: Life Orb
|move|p1a: Skarmory|Body Press|p2b: Kingambit
|-supereffective|p2b: Kingambit|2
|-damage|p2b: Kingambit|0 fnt
|faint|p2b: Kingambit
|move|p1b: Hydreigon|Draco Meteor|p2a: Staraptor
|-damage|p2a: Staraptor|41/100
|-unboost|p1b: Hydreigon|spa|2
|-damage|p1b: Hydreigon|90/100|[from] item: Life Orb
|move|p2a: Staraptor|Close Combat|p1b: Hydreigon
|-supereffective|p1b: Hydreigon|1
|-damage|p1b: Hydreigon|2/100
|-boost|p2a: Staraptor|def|1
|-boost|p2a: Staraptor|spd|1
|
|-sideend|p1: danolp2|move: Tailwind
|upkeep
|turn|8
|
|t:|1785903083
|move|p1a: Skarmory|Brave Bird|p2a: Staraptor
|-supereffective|p2a: Staraptor|1
|-damage|p2a: Staraptor|3/100
|-damage|p1a: Skarmory|0 fnt|[from] Recoil
|faint|p1a: Skarmory
|move|p2a: Staraptor|Dual Wingbeat|p1b: Hydreigon
|-damage|p1b: Hydreigon|0 fnt
|faint|p1b: Hydreigon
|-hitcount|p1: Hydreigon|1
|
|win|Esponjo
|raw|danolp2's rating: 1023 → 1009(-14 for losing)
|raw|Esponjo's rating: 1000 → 1043(+43 for winning)
|l|☆danolp2
|player|p1|
