|j|☆kidkeo257
|j|☆theonlyambipomfan
|html|kidkeo257theonlyambipomfan    
|uhtml|bestof|Game 1 of a best-of-3
|t:|1784514769
|gametype|doubles
|player|p1|kidkeo257|youngster-gen4dp|1030
|player|p2|theonlyambipomfan|volkner|1151
|gen|9
|tier|[Gen 9 Champions] VGC 2026 Reg M-B (Bo3)
|rated|
|rule|Species Clause: Limit one of each Pokémon
|rule|Item Clause: Limit 1 of each item
|clearpoke
|poke|p1|Gengar, L50, M|
|poke|p1|Primarina, L50, M|
|poke|p1|Sableye, L50, F|
|poke|p1|Dragonite, L50, F|
|poke|p1|Florges, L50, F|
|poke|p1|Incineroar, L50, M|
|poke|p2|Glimmora, L50, M, shiny|
|poke|p2|Whimsicott, L50, F|
|poke|p2|Incineroar, L50, M, shiny|
|poke|p2|Rotom-Frost, L50|
|poke|p2|Froslass, L50, F|
|poke|p2|Basculegion, L50, M|
|teampreview|4
|showteam|p1|Gengar||Gengarite|CursedBody|PerishSong,Protect,Disable,ShadowBall|Modest||M|||50|]Primarina||MentalHerb|LiquidVoice|PerishSong,Protect,AlluringVoice,HyperVoice|Bold||M|||50|]Sableye||FocusSash|Prankster|Reflect,Protect,Encore,FoulPlay|Calm||F|||50|]Dragonite||Leftovers|Multiscale|Roost,Protect,Earthquake,DragonClaw|Impish||F|||50|]Florges||BabiriBerry|FlowerVeil|PollenPuff,Protect,EnergyBall,DrainingKiss|Bold||F|||50|]Incineroar||LifeOrb|Intimidate|FakeOut,Protect,PartingShot,FlareBlitz|Brave||M|||50|
|showteam|p2|Glimmora||Glimmoranite|ToxicDebris|SludgeBomb,PowerGem,EarthPower,SpikyShield|Timid||M|||50|]Whimsicott||FocusSash|Prankster|Tailwind,Encore,GrassKnot,Protect|Bold||F|||50|]Incineroar||ExpertBelt|Intimidate|FakeOut,FlareBlitz,PartingShot,DarkestLariat|Adamant||M|||50|]Rotom-Frost||LifeOrb|Levitate|WillOWisp,VoltSwitch,Thunderbolt,Blizzard|Timid|||||50|]Froslass||Froslassite|CursedBody|Blizzard,AuroraVeil,ShadowBall,Protect|Timid||F|||50|]Basculegion||ChoiceScarf|Adaptability|LastRespects,WaveCrash,FlipTurn,Soak|Jolly||M|||50|
|inactive|Battle timer is ON: inactive players will automatically lose when time's up. (requested by theonlyambipomfan)
|
|t:|1784514815
|teamsize|p1|4
|teamsize|p2|4
|start
|switch|p1a: Gengar|Gengar, L50, M|100/100
|switch|p1b: Sableye|Sableye, L50, F|100/100
|switch|p2a: Whimsicott|Whimsicott, L50, F|100/100
|switch|p2b: Glimmora|Glimmora, L50, M, shiny|100/100
|turn|1
|
|t:|1784514833
|detailschange|p2b: Glimmora|Glimmora-Mega, L50, M, shiny
|-mega|p2b: Glimmora|Glimmora|Glimmoranite
|detailschange|p1a: Gengar|Gengar-Mega, L50, M
|-mega|p1a: Gengar|Gengar|Gengarite
|move|p2a: Whimsicott|Tailwind|p2a: Whimsicott
|-sidestart|p2: theonlyambipomfan|move: Tailwind
|move|p1b: Sableye|Reflect|p1b: Sableye
|-sidestart|p1: kidkeo257|Reflect
|move|p2b: Glimmora|Earth Power|p1a: Gengar
|-supereffective|p1a: Gengar|1
|-damage|p1a: Gengar|23/100
|move|p1a: Gengar|Perish Song|p1a: Gengar
|-start|p1a: Gengar|perish3|[silent]
|-start|p1b: Sableye|perish3|[silent]
|-start|p2a: Whimsicott|perish3|[silent]
|-start|p2b: Glimmora|perish3|[silent]
|-fieldactivate|move: Perish Song
|
|-start|p2b: Glimmora|perish3
|-start|p2a: Whimsicott|perish3
|-start|p1a: Gengar|perish3
|-start|p1b: Sableye|perish3
|upkeep
|turn|2
|inactive|kidkeo257 has 30 seconds left.
|inactive|theonlyambipomfan has 30 seconds left.
|inactive|kidkeo257 has 20 seconds left.
|inactive|kidkeo257 has 15 seconds left.
|inactive|kidkeo257 has 10 seconds left.
|
|t:|1784514879
|move|p1b: Sableye|Protect|p1b: Sableye
|-singleturn|p1b: Sableye|Protect
|move|p1a: Gengar|Protect|p1a: Gengar
|-singleturn|p1a: Gengar|Protect
|move|p2a: Whimsicott|Encore|p1a: Gengar
|-activate|p1a: Gengar|move: Protect
|move|p2b: Glimmora|Power Gem|p1b: Sableye
|-activate|p1b: Sableye|move: Protect
|
|-start|p2b: Glimmora|perish2
|-start|p2a: Whimsicott|perish2
|-start|p1a: Gengar|perish2
|-start|p1b: Sableye|perish2
|upkeep
|turn|3
|inactive|kidkeo257 has 30 seconds left.
|inactive|kidkeo257 has 20 seconds left.
|inactive|kidkeo257 has 15 seconds left.
|inactive|kidkeo257 has 10 seconds left.
|inactive|kidkeo257 has 5 seconds left.
|
|t:|1784514930
|move|p2a: Whimsicott|Protect|p2a: Whimsicott
|-singleturn|p2a: Whimsicott|Protect
|move|p1b: Sableye|Encore|p2b: Glimmora
|-start|p2b: Glimmora|Encore
|move|p2b: Glimmora|Power Gem|p1b: Sableye
|-damage|p1b: Sableye|27/100
|move|p1a: Gengar|Shadow Ball|p2a: Whimsicott
|-activate|p2a: Whimsicott|move: Protect
|
|-start|p2b: Glimmora|perish1
|-start|p2a: Whimsicott|perish1
|-start|p1a: Gengar|perish1
|-start|p1b: Sableye|perish1
|upkeep
|turn|4
|inactive|kidkeo257 has 30 seconds left.
|
|t:|1784514963
|switch|p1a: Primarina|Primarina, L50, M|100/100
|move|p1b: Sableye|Protect|p1b: Sableye
|-singleturn|p1b: Sableye|Protect
|move|p2a: Whimsicott|Encore|p1b: Sableye
|-activate|p1b: Sableye|move: Protect
|move|p2b: Glimmora|Power Gem|p1a: Primarina
|-damage|p1a: Primarina|46/100
|
|-start|p2b: Glimmora|perish0
|-start|p2a: Whimsicott|perish0
|-start|p1b: Sableye|perish0
|faint|p2b: Glimmora
|faint|p2a: Whimsicott
|faint|p1b: Sableye
|-sideend|p2: theonlyambipomfan|move: Tailwind
|upkeep
|
|t:|1784514979
|switch|p2b: Rotom|Rotom-Frost, L50|100/100
|switch|p2a: Incineroar|Incineroar, L50, M, shiny|100/100
|switch|p1b: Incineroar|Incineroar, L50, M|100/100
|-ability|p2a: Incineroar|Intimidate|boost
|-unboost|p1a: Primarina|atk|1
|-unboost|p1b: Incineroar|atk|1
|-ability|p1b: Incineroar|Intimidate|boost
|-unboost|p2a: Incineroar|atk|1
|-unboost|p2b: Rotom|atk|1
|turn|5
|inactive|kidkeo257 has 30 seconds left.
|
|t:|1784515012
|move|p2a: Incineroar|Fake Out|p1b: Incineroar
|-damage|p1b: Incineroar|95/100
|move|p2b: Rotom|Thunderbolt|p1a: Primarina
|-supereffective|p1a: Primarina|1
|-damage|p1a: Primarina|0 fnt
|faint|p1a: Primarina
|-damage|p2b: Rotom|90/100|[from] item: Life Orb
|cant|p1b: Incineroar|flinch
|
|-sideend|p1: kidkeo257|Reflect
|upkeep
|
|t:|1784515025
|switch|p1a: Gengar|Gengar-Mega, L50, M|23/100
|turn|6
|
|t:|1784515038
|move|p2b: Rotom|Thunderbolt|p1b: Incineroar
|-damage|p1b: Incineroar|50/100g
|-damage|p2b: Rotom|81/100|[from] item: Life Orb
|move|p1a: Gengar|Perish Song|p1a: Gengar
|-start|p1a: Gengar|perish3|[silent]
|-start|p1b: Incineroar|perish3|[silent]
|-start|p2a: Incineroar|perish3|[silent]
|-start|p2b: Rotom|perish3|[silent]
|-fieldactivate|move: Perish Song
|move|p2a: Incineroar|Darkest Lariat|p1a: Gengar
|-supereffective|p1a: Gengar|1
|-damage|p1a: Gengar|0 fnt
|faint|p1a: Gengar
|move|p1b: Incineroar|Flare Blitz|p2b: Rotom
|-supereffective|p2b: Rotom|1
|-damage|p2b: Rotom|0 fnt
|faint|p2b: Rotom
|-damage|p1b: Incineroar|33/100|[from] Recoil
|-damage|p1b: Incineroar|23/100|[from] item: Life Orb
|
|-start|p2a: Incineroar|perish3
|-start|p1b: Incineroar|perish3
|upkeep
|turn|7
|inactive|kidkeo257 has 30 seconds left.
|
|t:|1784515067
|move|p1b: Incineroar|Protect|p1b: Incineroar
|-singleturn|p1b: Incineroar|Protect
|move|p2a: Incineroar|Flare Blitz|p1b: Incineroar
|-activate|p1b: Incineroar|move: Protect
|
|-start|p2a: Incineroar|perish2
|-start|p1b: Incineroar|perish2
|upkeep
|turn|8
|inactive|kidkeo257 has 30 seconds left.
|inactive|kidkeo257 has 20 seconds left.
|inactive|kidkeo257 has 15 seconds left.
|
|t:|1784515111
|move|p2a: Incineroar|Flare Blitz|p1b: Incineroar
|-resisted|p1b: Incineroar|1
|-damage|p1b: Incineroar|5/100
|-damage|p2a: Incineroar|94/100|[from] Recoil
|move|p1b: Incineroar|Parting Shot|p2a: Incineroar
|-unboost|p2a: Incineroar|atk|1
|-unboost|p2a: Incineroar|spa|1
|
|-start|p2a: Incineroar|perish1
|-start|p1b: Incineroar|perish1
|upkeep
|turn|9
|
|t:|1784515127
|move|p1b: Incineroar|Protect|p1b: Incineroar
|-singleturn|p1b: Incineroar|Protect
|move|p2a: Incineroar|Flare Blitz|p1b: Incineroar
|-activate|p1b: Incineroar|move: Protect
|
|-start|p2a: Incineroar|perish0
|-start|p1b: Incineroar|perish0
|faint|p2a: Incineroar
|faint|p1b: Incineroar
|
|win|kidkeo257
||theonlyambipomfan is ready for game 2.
|c|☆theonlyambipomfan|wow
|inactive|kidkeo257 has 30 seconds to confirm battle start!
|c|☆theonlyambipomfan|well played
||kidkeo257 is ready for game 2.
|uhtml|next|Next: Game 2 of 3
|l|☆theonlyambipomfan
|player|p2|
