|j|☆RoadtoSF2027
|j|☆thaduck
|html|RoadtoSF2027thaduck    
|uhtml|bestof|Game 2 of a best-of-3
|t:|1784414877
|gametype|doubles
|player|p1|RoadtoSF2027|266|1269
|player|p2|thaduck|ghetsis|1296
|gen|9
|tier|[Gen 9 Champions] VGC 2026 Reg M-B (Bo3)
|rated|
|rule|Species Clause: Limit one of each Pokémon
|rule|Item Clause: Limit 1 of each item
|clearpoke
|poke|p1|Delphox, L50, F|
|poke|p1|Incineroar, L50, M|
|poke|p1|Blastoise, L50, F|
|poke|p1|Maushold, L50|
|poke|p1|Sinistcha, L50|
|poke|p1|Sneasler, L50, M|
|poke|p2|Charizard, L50, M|
|poke|p2|Incineroar, L50, F|
|poke|p2|Sylveon, L50, M|
|poke|p2|Farigiraf, L50, M|
|poke|p2|Garchomp, L50, F|
|poke|p2|Aerodactyl, L50, F|
|teampreview|4
|showteam|p1|Delphox||Delphoxite|Blaze|NastyPlot,Psychic,Protect,HeatWave|Timid||F|||50|]Incineroar||SitrusBerry|Intimidate|FlareBlitz,HelpingHand,FakeOut,PartingShot|Impish||M|||50|]Blastoise||Blastoisinite|Torrent|ShellSmash,DarkPulse,WaterSpout,Protect|Modest||F|||50|]Maushold||ChopleBerry|FriendGuard|Feint,Protect,FollowMe,HelpingHand|Impish|||||50|]Sinistcha||OccaBerry|Hospitality|MatchaGotcha,RagePowder,TrickRoom,Protect|Bold|||||50|]Sneasler||FocusSash|PoisonTouch|CloseCombat,PoisonJab,FakeOut,QuickGuard|Jolly||M|||50|
|showteam|p2|Charizard||CharizarditeY|Blaze|HeatWave,WeatherBall,SolarBeam,Protect|Modest||M|||50|]Incineroar||Charcoal|Intimidate|FlareBlitz,DarkestLariat,FakeOut,PartingShot|Brave||F|||50|]Sylveon||FairyFeather|Pixilate|HyperVoice,Yawn,QuickAttack,Protect|Modest||M|||50|]Farigiraf||SitrusBerry|ArmorTail|Psyshock,HelpingHand,TrickRoom,Protect|Calm||M|||50|]Garchomp||LifeOrb|RoughSkin|Earthquake,Protect,DragonClaw,StompingTantrum|Jolly||F|||50|]Aerodactyl||FocusSash|Unnerve|RockSlide,Tailwind,WideGuard,Protect|Jolly||F|||50|
|
|t:|1784414893
|teamsize|p1|4
|teamsize|p2|4
|start
|switch|p1a: Delphox|Delphox, L50, F|100/100
|switch|p1b: Sneasler|Sneasler, L50, M|100/100
|switch|p2a: Sylveon|Sylveon, L50, M|100/100
|switch|p2b: Incineroar|Incineroar, L50, F|100/100
|-ability|p2b: Incineroar|Intimidate|boost
|-unboost|p1a: Delphox|atk|1
|-unboost|p1b: Sneasler|atk|1
|turn|1
|
|t:|1784414908
|detailschange|p1a: Delphox|Delphox-Mega, L50, F
|-mega|p1a: Delphox|Delphox|Delphoxite
|move|p1b: Sneasler|Fake Out|p2b: Incineroar
|-damage|p2b: Incineroar|90/100
|cant|p2b: Incineroar|flinch
|move|p1a: Delphox|Nasty Plot|p1a: Delphox
|-boost|p1a: Delphox|spa|2
|move|p2a: Sylveon|Yawn|p1a: Delphox
|-start|p1a: Delphox|move: Yawn|[of] p2a: Sylveon
|
|upkeep
|turn|2
|
|t:|1784414932
|switch|p2b: Charizard|Charizard, L50, M|100/100
|move|p2a: Sylveon|Protect|p2a: Sylveon
|-singleturn|p2a: Sylveon|Protect
|move|p1a: Delphox|Heat Wave|p2b: Charizard|[spread] 
|-activate|p2a: Sylveon|move: Protect
|-miss|p1a: Delphox|p2b: Charizard
|move|p1b: Sneasler|Close Combat|p2b: Charizard
|-resisted|p2b: Charizard|1
|-damage|p2b: Charizard|80/100
|-unboost|p1b: Sneasler|def|1
|-unboost|p1b: Sneasler|spd|1
|-status|p2b: Charizard|psn|[from] ability: Poison Touch|[of] p1b: Sneasler
|
|-damage|p2b: Charizard|68/100 psn|[from] psn
|-end|p1a: Delphox|move: Yawn|[silent]
|-status|p1a: Delphox|slp
|upkeep
|turn|3
|
|t:|1784414951
|switch|p1b: Incineroar|Incineroar, L50, M|100/100
|-ability|p1b: Incineroar|Intimidate|boost
|-unboost|p2a: Sylveon|atk|1
|-unboost|p2b: Charizard|atk|1
|detailschange|p2b: Charizard|Charizard-Mega-Y, L50, M
|-mega|p2b: Charizard|Charizard|Charizardite Y
|-weather|SunnyDay|[from] ability: Drought|[of] p2b: Charizard
|cant|p1a: Delphox|slp
|move|p2b: Charizard|Heat Wave|p1a: Delphox|[spread] p1a,p1b
|-resisted|p1a: Delphox|1
|-resisted|p1b: Incineroar|1
|-damage|p1a: Delphox|72/100 slp
|-damage|p1b: Incineroar|76/100
|move|p2a: Sylveon|Hyper Voice|p1b: Incineroar|[spread] p1a,p1b
|-resisted|p1a: Delphox|1
|-crit|p1b: Incineroar
|-damage|p1a: Delphox|52/100 slp
|-damage|p1b: Incineroar|24/100
|-enditem|p1b: Incineroar|Sitrus Berry|[eat]
|-heal|p1b: Incineroar|49/100|[from] item: Sitrus Berry
|
|-weather|SunnyDay|[upkeep]
|-damage|p2b: Charizard|56/100 psn|[from] psn
|upkeep
|turn|4
|
|t:|1784414966
|move|p1b: Incineroar|Fake Out|p2b: Charizard
|-damage|p2b: Charizard|45/100 psn
|-curestatus|p1a: Delphox|slp|[msg]
|move|p1a: Delphox|Heat Wave|p2a: Sylveon|[spread] p2a,p2b
|-resisted|p2b: Charizard|1
|-damage|p2a: Sylveon|22/100
|-damage|p2b: Charizard|0 fnt
|faint|p2b: Charizard
|move|p2a: Sylveon|Hyper Voice|p1b: Incineroar|[spread] p1a,p1b
|-resisted|p1a: Delphox|1
|-damage|p1a: Delphox|32/100
|-damage|p1b: Incineroar|11/100
|
|-weather|SunnyDay|[upkeep]
|upkeep
|
|t:|1784414980
|switch|p2b: Aerodactyl|Aerodactyl, L50, F|100/100
|-ability|p2b: Aerodactyl|Unnerve
|turn|5
|
|t:|1784414997
|switch|p2a: Incineroar|Incineroar, L50, F|90/100
|-ability|p2a: Incineroar|Intimidate|boost
|-unboost|p1a: Delphox|atk|1
|-unboost|p1b: Incineroar|atk|1
|switch|p1b: Sinistcha|Sinistcha, L50|100/100
|-heal|p1a: Delphox|57/100|[from] ability: Hospitality|[of] p1b: Sinistcha
|move|p2b: Aerodactyl|Rock Slide|p1a: Delphox|[spread] p1a,p1b
|-supereffective|p1a: Delphox|1
|-damage|p1a: Delphox|9/100
|-damage|p1b: Sinistcha|83/100
|move|p1a: Delphox|Heat Wave|p2a: Incineroar|[spread] p2a
|-miss|p1a: Delphox|p2b: Aerodactyl
|-resisted|p2a: Incineroar|1
|-damage|p2a: Incineroar|38/100
|
|-weather|SunnyDay|[upkeep]
|upkeep
|turn|6
|
|t:|1784415017
|switch|p1b: Incineroar|Incineroar, L50, M|11/100
|-ability|p1b: Incineroar|Intimidate|boost
|-unboost|p2a: Incineroar|atk|1
|-unboost|p2b: Aerodactyl|atk|1
|move|p1a: Delphox|Protect|p1a: Delphox
|-singleturn|p1a: Delphox|Protect
|move|p2b: Aerodactyl|Rock Slide|p1a: Delphox|[spread] p1b
|-activate|p1a: Delphox|move: Protect
|-supereffective|p1b: Incineroar|1
|-damage|p1b: Incineroar|0 fnt
|faint|p1b: Incineroar
|move|p2a: Incineroar|Flare Blitz|p1a: Delphox
|-activate|p1a: Delphox|move: Protect
|
|-weather|SunnyDay|[upkeep]
|upkeep
|
|t:|1784415026
|switch|p1b: Sneasler|Sneasler, L50, M|100/100
|turn|7
|
|t:|1784415039
|move|p2b: Aerodactyl|Wide Guard|p2b: Aerodactyl
|-singleturn|p2b: Aerodactyl|Wide Guard
|move|p1b: Sneasler|Fake Out|p2b: Aerodactyl
|-resisted|p2b: Aerodactyl|1
|-crit|p2b: Aerodactyl
|-damage|p2b: Aerodactyl|86/100
|move|p1a: Delphox|Heat Wave|p2a: Incineroar|[spread] 
|-activate|p2a: Incineroar|move: Wide Guard
|-activate|p2b: Aerodactyl|move: Wide Guard
|move|p2a: Incineroar|Flare Blitz|p1a: Delphox
|-resisted|p1a: Delphox|1
|-damage|p1a: Delphox|0 fnt
|faint|p1a: Delphox
|-damage|p2a: Incineroar|36/100|[from] Recoil
|
|-weather|none
|upkeep
|
|t:|1784415042
|switch|p1a: Sinistcha|Sinistcha, L50|83/100
|turn|8
|
|t:|1784415056
|move|p2b: Aerodactyl|Tailwind|p2b: Aerodactyl
|-sidestart|p2: thaduck|move: Tailwind
|move|p1b: Sneasler|Close Combat|p2a: Incineroar
|-supereffective|p2a: Incineroar|1
|-damage|p2a: Incineroar|0 fnt
|-unboost|p1b: Sneasler|def|1
|-unboost|p1b: Sneasler|spd|1
|faint|p2a: Incineroar
|move|p1a: Sinistcha|Matcha Gotcha|p2b: Aerodactyl
|-damage|p2b: Aerodactyl|49/100
|-heal|p1a: Sinistcha|100/100|[from] drain|[of] p2b: Aerodactyl
|
|upkeep
|
|t:|1784415060
|switch|p2a: Sylveon|Sylveon, L50, M|22/100
|turn|9
|
|t:|1784415074
|move|p2b: Aerodactyl|Rock Slide|p1b: Sneasler|[spread] 
|-miss|p2b: Aerodactyl|p1a: Sinistcha
|-miss|p2b: Aerodactyl|p1b: Sneasler
|move|p1b: Sneasler|Poison Jab|p2a: Sylveon
|-supereffective|p2a: Sylveon|1
|-damage|p2a: Sylveon|0 fnt
|faint|p2a: Sylveon
|move|p1a: Sinistcha|Matcha Gotcha|p2b: Aerodactyl|[miss]
|-miss|p1a: Sinistcha|p2b: Aerodactyl
|
|upkeep
|turn|10
|-message|thaduck forfeited.
|
|win|RoadtoSF2027
||thaduck is ready for game 3.
||RoadtoSF2027 is ready for game 3.
|uhtml|next|Next: Game 3 of 3
