|j|☆Oku_ACL
|j|☆4ci0l
|html|Oku_ACL4ci0l    
|uhtml|bestof|Game 3 of a best-of-3
|t:|1756309015
|gametype|doubles
|player|p1|Oku_ACL|266|
|player|p2|4ci0l|sage|
|gen|9
|tier|[Gen 9] VGC 2025 Reg H (Bo3)
|rule|Species Clause: Limit one of each Pokémon
|rule|Item Clause: Limit 1 of each item
|clearpoke
|poke|p1|Amoonguss, L50, M|
|poke|p1|Sneasler, L50, F|
|poke|p1|Gholdengo, L50|
|poke|p1|Incineroar, L50, F|
|poke|p1|Ursaluna-Bloodmoon, L50, M|
|poke|p1|Dragonite, L50, M|
|poke|p2|Sneasler, L50, M|
|poke|p2|Indeedee, L50, M|
|poke|p2|Volcarona, L50, M|
|poke|p2|Ursaluna-Bloodmoon, L50, M|
|poke|p2|Annihilape, L50, M|
|poke|p2|Tyranitar, L50, M|
|teampreview|4
|showteam|p1|Amoonguss||SitrusBerry|Regenerator|RagePowder,Spore,PollenPuff,Protect|||M|||50|,,,,,Psychic]Sneasler||FocusSash|Unburden|Protect,DireClaw,CloseCombat,ThroatChop|||F|||50|,,,,,Stellar]Gholdengo||LifeOrb|GoodasGold|Protect,MakeItRain,ShadowBall,NastyPlot||||||50|,,,,,Water]Incineroar||SafetyGoggles|Intimidate|KnockOff,PartingShot,FlareBlitz,FakeOut|||F|||50|,,,,,Ghost]Ursaluna-Bloodmoon||AssaultVest|MindsEye|BloodMoon,EarthPower,VacuumWave,HyperVoice|||M|||50|,,,,,Water]Dragonite||LoadedDice|Multiscale|ScaleShot,Tailwind,Haze,Protect|||M|||50|,,,,,Fairy
|showteam|p2|Sneasler||PsychicSeed|Unburden|CloseCombat,DireClaw,ThroatChop,Protect|||M|||50|,,,,,Dark]Indeedee||ChoiceScarf|PsychicSurge|ExpandingForce,TeraBlast,Trick,Protect|||M|||50|,,,,,Psychic]Volcarona||SitrusBerry|FlameBody|Overheat,StruggleBug,RagePowder,Tailwind|||M|||50|,,,,,Grass]Ursaluna-Bloodmoon||LifeOrb|MindsEye|BloodMoon,HyperVoice,EarthPower,Protect|||M|||50|,,,,,Normal]Annihilape||SafetyGoggles|Defiant|CloseCombat,RageFist,Taunt,FinalGambit|||M|||50|,,,,,Fairy]Tyranitar||AssaultVest|SandStream|RockSlide,KnockOff,TeraBlast,LowKick|||M|||50|,,,,,Flying
|inactive|Battle timer is ON: inactive players will automatically lose when time's up. (requested by 4ci0l)
|inactive|Oku_ACL has 60 seconds left.
|inactive|4ci0l has 60 seconds left.
|
|t:|1756309073
|teamsize|p1|4
|teamsize|p2|4
|start
|switch|p1a: Sneasler|Sneasler, L50, F|100/100
|switch|p1b: amogus|Amoonguss, L50, M|100/100
|switch|p2a: Volcarona|Volcarona, L50, M|100/100
|switch|p2b: Annihilape|Annihilape, L50, M|100/100
|turn|1
|inactive|Oku_ACL has 30 seconds left.
|inactive|4ci0l has 30 seconds left.
|inactive|4ci0l has 20 seconds left.
|
|t:|1756309109
|move|p1a: Sneasler|Protect|p1a: Sneasler
|-singleturn|p1a: Sneasler|Protect
|move|p2a: Volcarona|Tailwind|p2a: Volcarona
|-sidestart|p2: 4ci0l|move: Tailwind
|move|p2b: Annihilape|Final Gambit|p1b: amogus
|-damage|p1b: amogus|5/100
|-enditem|p1b: amogus|Sitrus Berry|[eat]
|-heal|p1b: amogus|30/100|[from] item: Sitrus Berry
|faint|p2b: Annihilape
|move|p1b: amogus|Spore|p2a: Volcarona
|-status|p2a: Volcarona|slp|[from] move: Spore
|
|upkeep
|
|t:|1756309121
|switch|p2b: Tyranitar|Tyranitar, L50, M|100/100
|-weather|Sandstorm|[from] ability: Sand Stream|[of] p2b: Tyranitar
|turn|2
|inactive|Oku_ACL has 30 seconds left.
|inactive|4ci0l has 30 seconds left.
|
|t:|1756309150
|-terastallize|p2b: Tyranitar|Flying
|move|p1b: amogus|Rage Powder|p1b: amogus
|-singleturn|p1b: amogus|move: Rage Powder
|cant|p2a: Volcarona|slp
|move|p2b: Tyranitar|Tera Blast|p1b: amogus|[anim] Tera Blast Flying
|-supereffective|p1b: amogus
|-damage|p1b: amogus|0 fnt
|faint|p1b: amogus
|move|p1a: Sneasler|Close Combat|p2b: Tyranitar
|-resisted|p2b: Tyranitar
|-damage|p2b: Tyranitar|72/100
|-unboost|p1a: Sneasler|def|1
|-unboost|p1a: Sneasler|spd|1
|
|-weather|Sandstorm|[upkeep]
|-damage|p2a: Volcarona|94/100 slp|[from] Sandstorm
|-damage|p2b: Tyranitar|66/100|[from] Sandstorm
|-damage|p1a: Sneasler|95/100|[from] Sandstorm
|upkeep
|
|t:|1756309165
|switch|p1b: Gholdengo|Gholdengo, L50|100/100
|turn|3
|
|t:|1756309180
|-terastallize|p1b: Gholdengo|Water
|cant|p2a: Volcarona|slp
|move|p2b: Tyranitar|Tera Blast|p1a: Sneasler|[anim] Tera Blast Flying
|-supereffective|p1a: Sneasler
|-damage|p1a: Sneasler|0 fnt
|faint|p1a: Sneasler
|move|p1b: Gholdengo|Nasty Plot|p1b: Gholdengo
|-boost|p1b: Gholdengo|spa|2
|
|-weather|Sandstorm|[upkeep]
|-damage|p2a: Volcarona|88/100 slp|[from] Sandstorm
|-damage|p2b: Tyranitar|60/100|[from] Sandstorm
|-damage|p1b: Gholdengo|94/100|[from] Sandstorm
|upkeep
|
|t:|1756309192
|switch|p1a: Incineroar|Incineroar, L50, F|100/100
|-ability|p1a: Incineroar|Intimidate|boost
|-unboost|p2a: Volcarona|atk|1
|-unboost|p2b: Tyranitar|atk|1
|turn|4
|inactive|4ci0l has 30 seconds left.
|
|t:|1756309219
|move|p1a: Incineroar|Fake Out|p2b: Tyranitar
|-crit|p2b: Tyranitar
|-damage|p2b: Tyranitar|45/100
|cant|p2a: Volcarona|slp
|cant|p2b: Tyranitar|flinch
|move|p1b: Gholdengo|Make It Rain|p2a: Volcarona|[spread] p2a,p2b
|-resisted|p2a: Volcarona
|-damage|p2a: Volcarona|38/100 slp
|-damage|p2b: Tyranitar|0 fnt
|-unboost|p1b: Gholdengo|spa|1
|-enditem|p2a: Volcarona|Sitrus Berry|[eat]
|-heal|p2a: Volcarona|63/100 slp|[from] item: Sitrus Berry
|faint|p2b: Tyranitar
|-damage|p1b: Gholdengo|85/100|[from] item: Life Orb
|
|-weather|Sandstorm|[upkeep]
|-damage|p2a: Volcarona|57/100 slp|[from] Sandstorm
|-damage|p1b: Gholdengo|79/100|[from] Sandstorm
|-sideend|p2: 4ci0l|move: Tailwind
|upkeep
|
|t:|1756309226
|switch|p2b: Ursaluna|Ursaluna-Bloodmoon, L50, M|100/100
|turn|5
|inactive|Oku_ACL has 30 seconds left.
|inactive|4ci0l has 30 seconds left.
|inactive|Oku_ACL has 20 seconds left.
|
|t:|1756309265
|-curestatus|p2a: Volcarona|slp|[msg]
|move|p2a: Volcarona|Rage Powder|p2a: Volcarona
|-singleturn|p2a: Volcarona|move: Rage Powder
|move|p1b: Gholdengo|Shadow Ball|p2a: Volcarona
|-damage|p2a: Volcarona|0 fnt
|faint|p2a: Volcarona
|-damage|p1b: Gholdengo|69/100|[from] item: Life Orb
|move|p1a: Incineroar|Knock Off|p2b: Ursaluna
|-damage|p2b: Ursaluna|67/100
|-enditem|p2b: Ursaluna|Life Orb|[from] move: Knock Off|[of] p1a: Incineroar
|move|p2b: Ursaluna|Blood Moon|p1b: Gholdengo
|-damage|p1b: Gholdengo|0 fnt
|faint|p1b: Gholdengo
|
|-weather|Sandstorm|[upkeep]
|upkeep
|turn|6
|inactive|Oku_ACL has 30 seconds left.
|inactive|4ci0l has 30 seconds left.
|
|t:|1756309302
|move|p1a: Incineroar|Knock Off|p2b: Ursaluna
|-damage|p2b: Ursaluna|43/100
|move|p2b: Ursaluna|Earth Power|p1a: Incineroar
|-supereffective|p1a: Incineroar
|-damage|p1a: Incineroar|0 fnt
|faint|p1a: Incineroar
|
|win|4ci0l
