|j|☆lald3n
|j|☆zombieo
|html|lald3nzombieo    
|uhtml|bestof|Game 1 of a best-of-3
|t:|1782229728
|gametype|doubles
|player|p1|lald3n|iris-gen5bw2|1118
|player|p2|zombieo|gladion|1056
|gen|9
|tier|[Gen 9 Champions] VGC 2026 Reg M-B (Bo3)
|rated|
|rule|Species Clause: Limit one of each Pokémon
|rule|Item Clause: Limit 1 of each item
|clearpoke
|poke|p1|Floette-Eternal, L50, F|
|poke|p1|Archaludon, L50, F|
|poke|p1|Sinistcha-Masterpiece, L50|
|poke|p1|Torkoal, L50, M|
|poke|p1|Banette, L50, M|
|poke|p1|Greninja, L50, F|
|poke|p2|Staraptor, L50, M, shiny|
|poke|p2|Incineroar, L50, M|
|poke|p2|Whimsicott, L50, F|
|poke|p2|Sneasler, L50, F|
|poke|p2|Charizard, L50, M, shiny|
|poke|p2|Talonflame, L50, F|
|teampreview|4
|showteam|p1|Floette-Eternal||Floettite|FlowerVeil|CalmMind,DrainingKiss,SkillSwap,DazzlingGleam|Calm||F|||50|]Archaludon||Leftovers|Stamina|Endure,DracoMeteor,FlashCannon,IronHead|Relaxed||F|||50|]Sinistcha-Masterpiece||BrightPowder|Hospitality|RagePowder,LifeDew,MatchaGotcha,ShadowBall|Bold|||||50|]Torkoal||Charcoal|Drought|Eruption,HeatWave,SolarBeam,Substitute|Quiet||M|||50|]Banette||Banettite|Insomnia|SkillSwap,TrickRoom,Poltergeist,Encore|Sassy||M|||50|]Greninja||KingsRock|Protean|WaterShuriken,RainDance,Fling,DarkPulse|Hasty||F|||50|
|showteam|p2|Staraptor||Staraptite|Intimidate|CloseCombat,DualWingbeat,BlazeKick,Protect|Adamant||M|||50|]Incineroar||SitrusBerry|Intimidate|PartingShot,FakeOut,FlareBlitz,DarkestLariat|Adamant||M|||50|]Whimsicott||FocusSash|Prankster|Tailwind,Taunt,Moonblast,Charm|Hasty||F|||50|]Sneasler||WhiteHerb|PoisonTouch|DireClaw,CloseCombat,FakeOut,Protect|Adamant||F|||50|]Charizard||CharizarditeY|Blaze|HeatWave,WeatherBall,SolarBeam,Protect|Modest||M|||50|]Talonflame||Leftovers|GaleWings|SunnyDay,Tailwind,BraveBird,FlareBlitz|Naive||F|||50|
|inactive|Battle timer is ON: inactive players will automatically lose when time's up. (requested by zombieo)
|c|☆lald3n|glhf
|
|t:|1782229752
|teamsize|p1|4
|teamsize|p2|4
|start
|switch|p1a: Banette|Banette, L50, M|100/100
|switch|p1b: Torkoal|Torkoal, L50, M|100/100
|switch|p2a: Whimsicott|Whimsicott, L50, F|100/100
|switch|p2b: Staraptor|Staraptor, L50, M, shiny|100/100
|-ability|p2b: Staraptor|Intimidate|boost
|-unboost|p1a: Banette|atk|1
|-unboost|p1b: Torkoal|atk|1
|-weather|SunnyDay|[from] ability: Drought|[of] p1b: Torkoal
|turn|1
|c|☆zombieo|same
|
|t:|1782229766
|detailschange|p1a: Banette|Banette-Mega, L50, M
|-mega|p1a: Banette|Banette|Banettite
|move|p2b: Staraptor|Protect|p2b: Staraptor
|-singleturn|p2b: Staraptor|Protect
|move|p2a: Whimsicott|Tailwind|p2a: Whimsicott
|-sidestart|p2: zombieo|move: Tailwind
|move|p1b: Torkoal|Substitute|p1b: Torkoal
|-start|p1b: Torkoal|Substitute
|-damage|p1b: Torkoal|75/100
|move|p1a: Banette|Trick Room|p1a: Banette
|-fieldstart|move: Trick Room|[of] p1a: Banette
|
|-weather|SunnyDay|[upkeep]
|upkeep
|turn|2
|
|t:|1782229787
|switch|p2b: Sneasler|Sneasler, L50, F|100/100
|move|p1a: Banette|Skill Swap|p2b: Sneasler
|-activate|p1a: Banette|Skill Swap|Poison Touch|Prankster|[of] p2b: Sneasler
|move|p2a: Whimsicott|Taunt|p1a: Banette
|-start|p1a: Banette|move: Taunt
|move|p1b: Torkoal|Eruption|p2a: Whimsicott|[spread] p2a,p2b
|-supereffective|p2a: Whimsicott|1
|-enditem|p2a: Whimsicott|Focus Sash
|-damage|p2a: Whimsicott|1/100
|-damage|p2b: Sneasler|16/100
|
|-weather|SunnyDay|[upkeep]
|upkeep
|turn|3
|
|t:|1782229808
|switch|p1a: Sinistcha|Sinistcha-Masterpiece, L50|100/100
|-heal|p1b: Torkoal|100/100|[from] ability: Hospitality|[of] p1a: Sinistcha
|move|p2b: Sneasler|Protect|p2b: Sneasler
|-singleturn|p2b: Sneasler|Protect
|move|p1b: Torkoal|Eruption|p2a: Whimsicott|[spread] p2a
|-activate|p2b: Sneasler|move: Protect
|-supereffective|p2a: Whimsicott|1
|-damage|p2a: Whimsicott|0 fnt
|faint|p2a: Whimsicott
|
|-weather|SunnyDay|[upkeep]
|upkeep
|
|t:|1782229825
|switch|p2a: Incineroar|Incineroar, L50, M|100/100
|-ability|p2a: Incineroar|Intimidate|boost
|-unboost|p1a: Sinistcha|atk|1
|-immune|p1b: Torkoal
|turn|4
|
|t:|1782229837
|switch|p1a: Greninja|Greninja, L50, F|100/100
|move|p1b: Torkoal|Eruption|p2b: Sneasler|[spread] p2a,p2b
|-resisted|p2a: Incineroar|1
|-damage|p2a: Incineroar|56/100
|-damage|p2b: Sneasler|0 fnt
|faint|p2b: Sneasler
|move|p2a: Incineroar|Parting Shot|p1b: Torkoal
|-unboost|p1b: Torkoal|atk|1
|-unboost|p1b: Torkoal|spa|1
|
|t:|1782229848
|switch|p2a: Staraptor|Staraptor, L50, M, shiny|100/100|[from] Parting Shot
|-ability|p2a: Staraptor|Intimidate|boost
|-unboost|p1a: Greninja|atk|1
|-immune|p1b: Torkoal
|
|-weather|SunnyDay|[upkeep]
|-sideend|p2: zombieo|move: Tailwind
|upkeep
|
|t:|1782229855
|switch|p2b: Incineroar|Incineroar, L50, M|56/100
|-ability|p2b: Incineroar|Intimidate|boost
|-unboost|p1a: Greninja|atk|1
|-immune|p1b: Torkoal
|turn|5
|
|t:|1782229867
|detailschange|p2a: Staraptor|Staraptor-Mega, L50, M, shiny
|-mega|p2a: Staraptor|Staraptor|Staraptite
|move|p2a: Staraptor|Protect|p2a: Staraptor
|-singleturn|p2a: Staraptor|Protect
|move|p2b: Incineroar|Fake Out|p1a: Greninja
|-damage|p1a: Greninja|73/100
|cant|p1a: Greninja|flinch
|move|p1b: Torkoal|Eruption|p2a: Staraptor|[spread] p2b
|-activate|p2a: Staraptor|move: Protect
|-resisted|p2b: Incineroar|1
|-damage|p2b: Incineroar|25/100
|-enditem|p2b: Incineroar|Sitrus Berry|[eat]
|-heal|p2b: Incineroar|50/100g|[from] item: Sitrus Berry
|
|-weather|none
|-fieldend|move: Trick Room
|upkeep
|turn|6
|
|t:|1782229889
|move|p1a: Greninja|Water Shuriken|p2b: Incineroar
|-start|p1a: Greninja|typechange|Water|[from] ability: Protean
|-supereffective|p2b: Incineroar|1
|-damage|p2b: Incineroar|34/100
|-supereffective|p2b: Incineroar|1
|-damage|p2b: Incineroar|19/100
|-supereffective|p2b: Incineroar|1
|-damage|p2b: Incineroar|3/100
|-supereffective|p2b: Incineroar|1
|-damage|p2b: Incineroar|0 fnt
|faint|p2b: Incineroar
|-hitcount|p2: Incineroar|4
|move|p2a: Staraptor|Close Combat|p1a: Greninja
|-damage|p1a: Greninja|0 fnt
|-boost|p2a: Staraptor|def|1
|-boost|p2a: Staraptor|spd|1
|faint|p1a: Greninja
|move|p1b: Torkoal|Eruption|p2a: Staraptor
|-damage|p2a: Staraptor|62/100
|
|upkeep
|
|t:|1782229898
|switch|p1a: Banette|Banette-Mega, L50, M|100/100
|turn|7
|c|☆lald3n|gg
|
|t:|1782229916
|switch|p1b: Sinistcha|Sinistcha-Masterpiece, L50|100/100
|move|p1a: Banette|Encore|p2a: Staraptor
|-start|p2a: Staraptor|Encore
|move|p2a: Staraptor|Close Combat|p1b: Sinistcha
|-immune|p1b: Sinistcha
|
|upkeep
|turn|8
|c|☆zombieo|wow gg
|
|t:|1782229930
|move|p1a: Banette|Skill Swap|p2a: Staraptor
|-activate|p1a: Banette|Skill Swap|Contrary|Prankster|[of] p2a: Staraptor
|move|p2a: Staraptor|Close Combat|p1a: Banette
|-immune|p1a: Banette
|move|p1b: Sinistcha|Matcha Gotcha|p2a: Staraptor
|-resisted|p2a: Staraptor|1
|-damage|p2a: Staraptor|50/100y
|
|upkeep
|turn|9
|-message|zombieo forfeited.
|
|win|lald3n
|l|☆zombieo
|player|p2|
||lald3n is ready for game 2.
|raw|lald3n's rating: 1118 → 1139(+21 for winning)
|raw|zombieo's rating: 1056 → 1041(-15 for losing)
