|j|☆bapycara
|j|☆PoorMonVgc
|html|bapycaraPoorMonVgc    
|uhtml|bestof|Game 1 of a best-of-3
|t:|1757664509
|gametype|doubles
|player|p1|bapycara|maid|1118
|player|p2|PoorMonVgc|102|1120
|gen|9
|tier|[Gen 9] VGC 2025 Reg H (Bo3)
|rated|
|rule|Species Clause: Limit one of each Pokémon
|rule|Item Clause: Limit 1 of each item
|clearpoke
|poke|p1|Stonjourner, L50, F|
|poke|p1|Meowscarada, L50, F|
|poke|p1|Incineroar, L50, M|
|poke|p1|Clefable, L50, F|
|poke|p1|Kilowattrel, L50, F|
|poke|p1|Primarina, L50, F|
|poke|p2|Ribombee, L50, M|
|poke|p2|Archaludon, L50, M|
|poke|p2|Annihilape, L50, F|
|poke|p2|Indeedee, L50, M|
|poke|p2|Incineroar, L50, F|
|poke|p2|Corviknight, L50, F|
|teampreview|4
|showteam|p1|Stonjourner||FocusSash|PowerSpot|BodyPress,WideGuard,Protect,Endeavor|||F|||50|,,,,,Fighting]Meowscarada||ChoiceBand|Protean|FlowerTrick,KnockOff,BrickBreak,Uturn|||F|||50|,,,,,Ghost]Incineroar||SafetyGoggles|Intimidate|FakeOut,KnockOff,FlareBlitz,PartingShot|||M|||50|,,,,,Ghost]Clefable||Leftovers|Unaware|FollowMe,Moonlight,AlluringVoice,ThunderWave|||F|||50|,,,,,Steel]Kilowattrel||CovertCloak|Competitive|Tailwind,AirSlash,VoltSwitch,Thunderbolt|||F|||50|,,,,,Steel]Primarina||ThroatSpray|LiquidVoice|HyperVoice,Moonblast,Haze,Protect|||F|||50|,,,,,Poison
|showteam|p2|Ribombee||FocusSash|ShieldDust|Moonblast,Tailwind,FakeTears,Protect|||M|||50|,,,,,Fairy]Archaludon||PowerHerb|Sturdy|ElectroShot,DragonPulse,FlashCannon,Protect|||M|||50|,,,,,Stellar]Annihilape||SafetyGoggles|Defiant|RageFist,CloseCombat,FinalGambit,Taunt|||F|||50|,,,,,Fire]Indeedee||ChoiceScarf|PsychicSurge|ExpandingForce,TeraBlast,Trick,Protect|||M|||50|,,,,,Psychic]Incineroar||AssaultVest|Intimidate|FakeOut,FlareBlitz,KnockOff,Uturn|||F|||50|,,,,,Grass]Corviknight||PsychicSeed|MirrorArmor|IronDefense,BodyPress,BraveBird,Roost|||F|||50|,,,,,Dragon
|inactive|Battle timer is ON: inactive players will automatically lose when time's up. (requested by bapycara)
|c|☆bapycara|!dt shield dust
|raw|Shield Dust This Pokemon is not affected by the secondary effect of another Pokemon's attack. 
|raw|Gen: 3 |  ✓ Ignored by Mold Breaker

|inactive|bapycara has 60 seconds left.
|
|t:|1757664568
|teamsize|p1|4
|teamsize|p2|4
|start
|switch|p1a: Kilowattrel|Kilowattrel, L50, F|100/100
|switch|p1b: Primarina|Primarina, L50, F|100/100
|switch|p2a: Annihilape|Annihilape, L50, F|100/100
|switch|p2b: Corviknight|Corviknight, L50, F, shiny|100/100
|turn|1
|inactive|PoorMonVgc has 30 seconds left.
|
|t:|1757664596
|switch|p2b: Archaludon|Archaludon, L50, M|100/100
|move|p1a: Kilowattrel|Thunderbolt|p2b: Archaludon
|-resisted|p2b: Archaludon
|-damage|p2b: Archaludon|75/100
|move|p2a: Annihilape|Rage Fist|p1b: Primarina
|-damage|p1b: Primarina|76/100
|move|p1b: Primarina|Hyper Voice|p2b: Archaludon|[spread] p2a,p2b
|-resisted|p2b: Archaludon
|-damage|p2a: Annihilape|69/100
|-damage|p2b: Archaludon|50/100
|-enditem|p1b: Primarina|Throat Spray
|-boost|p1b: Primarina|spa|1|[from] item: Throat Spray
|
|upkeep
|turn|2
|inactive|bapycara has 30 seconds left.
|inactive|bapycara has 20 seconds left.
|
|t:|1757664632
|move|p1a: Kilowattrel|Tailwind|p1a: Kilowattrel
|-sidestart|p1: bapycara|move: Tailwind
|move|p1b: Primarina|Moonblast|p2b: Archaludon
|-damage|p2b: Archaludon|0 fnt
|faint|p2b: Archaludon
|move|p2a: Annihilape|Rage Fist|p1b: Primarina
|-damage|p1b: Primarina|30/100
|
|upkeep
|inactive|PoorMonVgc has 30 seconds left.
|inactive|PoorMonVgc has 20 seconds left.
|inactive|PoorMonVgc has 15 seconds left.
|inactive|PoorMonVgc has 10 seconds left.
|
|t:|1757664677
|switch|p2b: Indeedee|Indeedee, L50, M|100/100
|-fieldstart|move: Psychic Terrain|[from] ability: Psychic Surge|[of] p2b: Indeedee
|turn|3
|
|t:|1757664691
|-terastallize|p2a: Annihilape|Fire
|move|p1a: Kilowattrel|Air Slash|p2a: Annihilape
|-damage|p2a: Annihilape|43/100
|move|p2b: Indeedee|Expanding Force|p1a: Kilowattrel|[spread] p1a,p1b
|-damage|p1a: Kilowattrel|19/100
|-damage|p1b: Primarina|0 fnt
|faint|p1b: Primarina
|move|p2a: Annihilape|Rage Fist|p1a: Kilowattrel
|-damage|p1a: Kilowattrel|0 fnt
|faint|p1a: Kilowattrel
|
|upkeep
|
|t:|1757664698
|switch|p1a: cat|Meowscarada, L50, F|100/100
|switch|p1b: cat 3|Clefable, L50, F|100/100
|turn|4
|
|t:|1757664710
|move|p1a: cat|Knock Off|p2b: Indeedee
|-start|p1a: cat|typechange|Dark|[from] ability: Protean
|-supereffective|p2b: Indeedee
|-damage|p2b: Indeedee|0 fnt
|-enditem|p2b: Indeedee|Choice Scarf|[from] move: Knock Off|[of] p1a: cat
|faint|p2b: Indeedee
|move|p1b: cat 3|Thunder Wave|p2a: Annihilape
|-status|p2a: Annihilape|par
|cant|p2a: Annihilape|par
|
|upkeep
|
|t:|1757664725
|switch|p2b: Corviknight|Corviknight, L50, F, shiny|100/100
|-enditem|p2b: Corviknight|Psychic Seed
|-boost|p2b: Corviknight|spd|1|[from] item: Psychic Seed
|turn|5
|
|t:|1757664740
|move|p1a: cat|Knock Off|p2a: Annihilape
|-damage|p2a: Annihilape|0 fnt
|-enditem|p2a: Annihilape|Safety Goggles|[from] move: Knock Off|[of] p1a: cat
|faint|p2a: Annihilape
|move|p1b: cat 3|Thunder Wave|p2b: Corviknight
|-status|p2b: Corviknight|par
|move|p2b: Corviknight|Body Press|p1a: cat
|-supereffective|p1a: cat
|-damage|p1a: cat|30/100
|
|-sideend|p1: bapycara|move: Tailwind
|upkeep
|turn|6
|
|t:|1757664764
|move|p1b: cat 3|Follow Me|p1b: cat 3
|-singleturn|p1b: cat 3|move: Follow Me
|move|p1a: cat|Knock Off|p2b: Corviknight
|-damage|p2b: Corviknight|66/100 par
|move|p2b: Corviknight|Body Press|p1b: cat 3
|-resisted|p1b: cat 3
|-damage|p1b: cat 3|88/100
|
|-heal|p1b: cat 3|94/100|[from] item: Leftovers
|upkeep
|turn|7
|-message|PoorMonVgc forfeited.
|
|win|bapycara
||bapycara is ready for game 2.
||PoorMonVgc is ready for game 2.
|uhtml|next|Next: Game 2 of 3
|l|☆bapycara
|player|p1|
