|j|☆Shishio_Ax
|j|☆randomguy1114s
|html|Shishio_Axrandomguy1114s    
|uhtml|bestof|Game 1 of a best-of-3
|t:|1756745933
|gametype|doubles
|player|p1|Shishio_Ax|gambler|1229
|player|p2|randomguy1114s|lillie-masters|1181
|gen|9
|tier|[Gen 9] VGC 2025 Reg H (Bo3)
|rated|
|rule|Species Clause: Limit one of each Pokémon
|rule|Item Clause: Limit 1 of each item
|clearpoke
|poke|p1|Charizard, L50, M|
|poke|p1|Dragapult, L50, M|
|poke|p1|Sneasler, L50, F|
|poke|p1|Incineroar, L50, M|
|poke|p1|Ursaluna-Bloodmoon, L50, M|
|poke|p1|Whimsicott, L50, F|
|poke|p2|Archaludon, L50, M|
|poke|p2|Pelipper, L50, M|
|poke|p2|Incineroar, L50, M|
|poke|p2|Amoonguss, L50, F|
|poke|p2|Basculegion, L50, M|
|poke|p2|Maushold, L50|
|teampreview|4
|showteam|p1|Charizard||ChoiceSpecs|SolarPower|HeatWave,Overheat,WeatherBall,SolarBeam|||M|||50|,,,,,Ghost]Dragapult||ChoiceBand|ClearBody|DragonDarts,Outrage,PhantomForce,Uturn|||M|||50|,,,,,Dragon]Sneasler||FocusSash|Unburden|DireClaw,CloseCombat,ThroatChop,Protect|||F|||50|,,,,,Dark]Incineroar||SafetyGoggles|Intimidate|FakeOut,KnockOff,FlareBlitz,PartingShot|||M|||50|,,,,,Ghost]Ursaluna-Bloodmoon||LifeOrb|MindsEye|BloodMoon,HyperVoice,EarthPower,Protect|||M|||50|,,,,,Normal]Whimsicott||CovertCloak|Prankster|Moonblast,Tailwind,Encore,SunnyDay|||F|||50|,,,,,Poison
|showteam|p2|Archaludon||AssaultVest|Stamina|ElectroShot,DragonPulse,FlashCannon,BodyPress|||M|||50|,,,,,Grass]Pelipper||FocusSash|Drizzle|Tailwind,WeatherBall,Hurricane,Protect|||M|||50|,,,,,Ghost]Incineroar||SafetyGoggles|Intimidate|FakeOut,KnockOff,Taunt,PartingShot|||M|||50|,,,,,Ghost]Amoonguss||RockyHelmet|Regenerator|RagePowder,PollenPuff,Spore,Protect|||F|||50|,,,,,Water]Basculegion||LifeOrb|SwiftSwim|WaveCrash,LastRespects,FlipTurn,Protect|||M|||50|,,,,,Water]Maushold||WideLens|Technician|PopulationBomb,HelpingHand,FollowMe,Protect||||||50|,,,,,Ghost
|inactive|Battle timer is ON: inactive players will automatically lose when time's up. (requested by Shishio_Ax)
|inactive|randomguy1114s has 60 seconds left.
|
|t:|1756745990
|teamsize|p1|4
|teamsize|p2|4
|start
|switch|p1a: Agni|Charizard, L50, M|100/100
|switch|p1b: Mary|Whimsicott, L50, F|100/100
|switch|p2a: Midcineroar|Incineroar, L50, M, shiny|100/100
|switch|p2b: amongus|Amoonguss, L50, F, shiny|100/100
|-ability|p2a: Midcineroar|Intimidate|boost
|-unboost|p1a: Agni|atk|1
|-unboost|p1b: Mary|atk|1
|turn|1
|inactive|randomguy1114s has 30 seconds left.
|
|t:|1756746020
|move|p2b: amongus|Protect|p2b: amongus
|-singleturn|p2b: amongus|Protect
|move|p1b: Mary|Sunny Day|p1b: Mary
|-weather|SunnyDay
|move|p1a: Agni|Heat Wave|p2b: amongus|[spread] p2a
|-activate|p2b: amongus|move: Protect
|-resisted|p2a: Midcineroar
|-damage|p2a: Midcineroar|57/100
|move|p2a: Midcineroar|Knock Off|p1a: Agni
|-damage|p1a: Agni|46/100
|-enditem|p1a: Agni|Choice Specs|[from] move: Knock Off|[of] p2a: Midcineroar
|
|-weather|SunnyDay|[upkeep]
|-damage|p1a: Agni|34/100|[from] ability: Solar Power|[of] p1a: Agni
|upkeep
|turn|2
|
|t:|1756746038
|switch|p2b: Pelicopter|Pelipper, L50, M, shiny|100/100
|-weather|RainDance|[from] ability: Drizzle|[of] p2b: Pelicopter
|move|p1b: Mary|Sunny Day|p1b: Mary
|-weather|SunnyDay
|move|p1a: Agni|Heat Wave|p2b: Pelicopter|[spread] p2a,p2b
|-resisted|p2a: Midcineroar
|-resisted|p2b: Pelicopter
|-damage|p2a: Midcineroar|26/100
|-damage|p2b: Pelicopter|32/100
|move|p2a: Midcineroar|Knock Off|p1a: Agni
|-damage|p1a: Agni|0 fnt
|faint|p1a: Agni
|
|-weather|SunnyDay|[upkeep]
|upkeep
|
|t:|1756746045
|switch|p1a: Shāhmat|Ursaluna-Bloodmoon, L50, M|100/100
|turn|3
|
|t:|1756746062
|switch|p2a: its my bridge!|Archaludon, L50, M, shiny|100/100
|-terastallize|p1a: Shāhmat|Normal
|move|p2b: Pelicopter|Protect|p2b: Pelicopter
|-singleturn|p2b: Pelicopter|Protect
|move|p1b: Mary|Tailwind|p1b: Mary
|-sidestart|p1: Shishio_Ax|move: Tailwind
|move|p1a: Shāhmat|Hyper Voice|p2a: its my bridge!|[spread] p2a
|-activate|p2b: Pelicopter|move: Protect
|-resisted|p2a: its my bridge!
|-damage|p2a: its my bridge!|77/100
|-ability|p2a: its my bridge!|Stamina|boost
|-boost|p2a: its my bridge!|def|1
|-damage|p1a: Shāhmat|91/100|[from] item: Life Orb
|
|-weather|SunnyDay|[upkeep]
|upkeep
|turn|4
|inactive|randomguy1114s has 30 seconds left.
|
|t:|1756746094
|move|p1b: Mary|Moonblast|p2a: its my bridge!
|-damage|p2a: its my bridge!|55/100
|-unboost|p2a: its my bridge!|spa|1
|-ability|p2a: its my bridge!|Stamina|boost
|-boost|p2a: its my bridge!|def|1
|move|p1a: Shāhmat|Hyper Voice|p2b: Pelicopter|[spread] p2a,p2b
|-resisted|p2a: its my bridge!
|-damage|p2a: its my bridge!|27/100
|-damage|p2b: Pelicopter|0 fnt
|-ability|p2a: its my bridge!|Stamina|boost
|-boost|p2a: its my bridge!|def|1
|faint|p2b: Pelicopter
|-damage|p1a: Shāhmat|81/100|[from] item: Life Orb
|move|p2a: its my bridge!|Flash Cannon|p1b: Mary
|-supereffective|p1b: Mary
|-damage|p1b: Mary|24/100
|
|-weather|SunnyDay|[upkeep]
|upkeep
|
|t:|1756746109
|switch|p2b: Midcineroar|Incineroar, L50, M, shiny|26/100
|-ability|p2b: Midcineroar|Intimidate|boost
|-unboost|p1a: Shāhmat|atk|1
|-unboost|p1b: Mary|atk|1
|turn|5
|
|t:|1756746126
|switch|p2b: amongus|Amoonguss, L50, F, shiny|100/100
|move|p1a: Shāhmat|Protect|p1a: Shāhmat
|-singleturn|p1a: Shāhmat|Protect
|move|p1b: Mary|Moonblast|p2a: its my bridge!
|-damage|p2a: its my bridge!|7/100
|-unboost|p2a: its my bridge!|spa|1
|-ability|p2a: its my bridge!|Stamina|boost
|-boost|p2a: its my bridge!|def|1
|move|p2a: its my bridge!|Flash Cannon|p1b: Mary
|-supereffective|p1b: Mary
|-damage|p1b: Mary|0 fnt
|faint|p1b: Mary
|
|-weather|SunnyDay|[upkeep]
|upkeep
|
|t:|1756746137
|switch|p1b: D'oro|Sneasler, L50, F|100/100
|turn|6
|
|t:|1756746154
|move|p1b: D'oro|Dire Claw|p2b: amongus
|-damage|p2b: amongus|64/100
|-status|p2b: amongus|par
|-damage|p1b: D'oro|84/100|[from] item: Rocky Helmet|[of] p2b: amongus
|move|p1a: Shāhmat|Hyper Voice|p2b: amongus|[spread] p2a,p2b
|-resisted|p2a: its my bridge!
|-damage|p2a: its my bridge!|0 fnt
|-damage|p2b: amongus|1/100 par
|faint|p2a: its my bridge!
|-damage|p1a: Shāhmat|72/100|[from] item: Life Orb
|move|p2b: amongus|Spore|p1b: D'oro
|-status|p1b: D'oro|slp|[from] move: Spore
|
|-weather|none
|-sideend|p1: Shishio_Ax|move: Tailwind
|upkeep
|
|t:|1756746158
|switch|p2a: Midcineroar|Incineroar, L50, M, shiny|26/100
|-ability|p2a: Midcineroar|Intimidate|boost
|-unboost|p1a: Shāhmat|atk|1
|-unboost|p1b: D'oro|atk|1
|turn|7
|
|t:|1756746175
|move|p1a: Shāhmat|Protect|p1a: Shāhmat
|-singleturn|p1a: Shāhmat|Protect
|cant|p1b: D'oro|slp
|move|p2a: Midcineroar|Knock Off|p1b: D'oro
|-resisted|p1b: D'oro
|-damage|p1b: D'oro|51/100 slp
|-enditem|p1b: D'oro|Focus Sash|[from] move: Knock Off|[of] p2a: Midcineroar
|cant|p2b: amongus|par
|
|upkeep
|turn|8
|
|t:|1756746191
|move|p2b: amongus|Protect|p2b: amongus
|-singleturn|p2b: amongus|Protect
|-curestatus|p1b: D'oro|slp|[msg]
|move|p1b: D'oro|Dire Claw|p2a: Midcineroar
|-damage|p2a: Midcineroar|0 fnt
|faint|p2a: Midcineroar
|move|p1a: Shāhmat|Hyper Voice|p2b: amongus
|-activate|p2b: amongus|move: Protect
|
|upkeep
|turn|9
|-message|randomguy1114s forfeited.
|
|win|Shishio_Ax
