|j|☆Liebynight01
|j|☆Fayz Sharpie
|html|Liebynight01Fayz Sharpie    
|uhtml|bestof|Game 1 of a best-of-3
|t:|1783946565
|gametype|doubles
|player|p1|Liebynight01|pokemonranger|
|player|p2|Fayz Sharpie|koga|
|gen|9
|tier|[Gen 9 Champions] VGC 2026 Reg M-B (Bo3)
|rule|Species Clause: Limit one of each Pokémon
|rule|Item Clause: Limit 1 of each item
|clearpoke
|poke|p1|Tinkaton, L50, F|
|poke|p1|Farigiraf, L50, M|
|poke|p1|Golurk, L50|
|poke|p1|Milotic, L50, F|
|poke|p1|Scovillain, L50, F|
|poke|p1|Hatterene, L50, F|
|poke|p2|Charizard, L50, M|
|poke|p2|Vileplume, L50, M|
|poke|p2|Scrafty, L50, M|
|poke|p2|Aerodactyl, L50, F|
|poke|p2|Cofagrigus, L50, M|
|poke|p2|Raichu, L50, M|
|teampreview|4
|showteam|p1|Tinkaton||OccaBerry|MoldBreaker|GigatonHammer,FakeOut,KnockOff,ThunderWave|Impish||F|||50|]Farigiraf||SitrusBerry|ArmorTail|Psychic,TrickRoom,Thunderbolt,LightScreen|Sassy||M|||50|]Golurk||Golurkite|IronFist|CloseCombat,HeadlongRush,Poltergeist,Protect|Adamant|||||50|]Milotic||Leftovers|MarvelScale|Coil,Recover,Scald,Hypnosis|Calm||F|||50|]Scovillain||Scovillainite|Chlorophyll|LeechSeed,GigaDrain,RagePowder,Flamethrower|Calm||F|||50|]Hatterene||LifeOrb|MagicBounce|Protect,TrickRoom,DazzlingGleam,MysticalFire|Quiet||F|||50|
|showteam|p2|Charizard||CharizarditeY|Blaze|HeatWave,WeatherBall,SolarBeam,Protect|Modest||M|||50|]Vileplume||FocusSash|Chlorophyll|SludgeBomb,LeafStorm,SleepPowder,Protect|Modest||M|||50|]Scrafty||RoseliBerry|Intimidate|CloseCombat,ThroatChop,FakeOut,Protect|Adamant||M|||50|]Aerodactyl||Aerodactylite|Unnerve|RockSlide,DualWingbeat,Tailwind,Taunt|Adamant||F|||50|]Cofagrigus||Leftovers|Mummy|ShadowBall,BodyPress,IronDefense,Protect|Bold||M|||50|]Raichu||Magnet|LightningRod|Thunderbolt,FakeOut,HelpingHand,Protect|Adamant||M|||50|
|c|☆Fayz Sharpie|gl hf
|
|t:|1783946608
|teamsize|p1|4
|teamsize|p2|4
|start
|switch|p1a: Farigiraf|Farigiraf, L50, M|100/100
|switch|p1b: Scovillain|Scovillain, L50, F|100/100
|switch|p2a: Vileplume|Vileplume, L50, M|100/100
|switch|p2b: Charizard|Charizard, L50, M|100/100
|turn|1
|
|t:|1783946627
|detailschange|p2b: Charizard|Charizard-Mega-Y, L50, M
|-mega|p2b: Charizard|Charizard|Charizardite Y
|-weather|SunnyDay|[from] ability: Drought|[of] p2b: Charizard
|move|p1b: Scovillain|Rage Powder|p1b: Scovillain
|-singleturn|p1b: Scovillain|move: Rage Powder
|move|p2a: Vileplume|Sleep Powder|p1a: Farigiraf|[miss]
|-miss|p2a: Vileplume|p1a: Farigiraf
|move|p2b: Charizard|Heat Wave|p1a: Farigiraf|[spread] p1b
|-miss|p2b: Charizard|p1a: Farigiraf
|-damage|p1b: Scovillain|19/100
|move|p1a: Farigiraf|Trick Room|p1a: Farigiraf
|-fieldstart|move: Trick Room|[of] p1a: Farigiraf
|
|-weather|SunnyDay|[upkeep]
|upkeep
|turn|2
|
|t:|1783946646
|switch|p2a: Scrafty|Scrafty, L50, M|100/100
|-ability|p2a: Scrafty|Intimidate|boost
|-unboost|p1a: Farigiraf|atk|1
|-unboost|p1b: Scovillain|atk|1
|move|p1a: Farigiraf|Light Screen|p1a: Farigiraf
|-sidestart|p1: Liebynight01|move: Light Screen
|move|p2b: Charizard|Heat Wave|p1b: Scovillain|[spread] p1a,p1b
|-damage|p1a: Farigiraf|62/100
|-damage|p1b: Scovillain|0 fnt
|faint|p1b: Scovillain
|
|-weather|SunnyDay|[upkeep]
|upkeep
|
|t:|1783946657
|switch|p1b: Golurk|Golurk, L50|100/100
|turn|3
|
|t:|1783946677
|switch|p2a: Cofagrigus|Cofagrigus, L50, M|100/100
|detailschange|p1b: Golurk|Golurk-Mega, L50
|-mega|p1b: Golurk|Golurk|Golurkite
|move|p1a: Farigiraf|Thunderbolt|p2b: Charizard
|-supereffective|p2b: Charizard|1
|-damage|p2b: Charizard|53/100
|move|p1b: Golurk|Close Combat|p2b: Charizard
|-resisted|p2b: Charizard|1
|-damage|p2b: Charizard|17/100
|-unboost|p1b: Golurk|def|1
|-unboost|p1b: Golurk|spd|1
|move|p2b: Charizard|Weather Ball|p1a: Farigiraf
|-damage|p1a: Farigiraf|11/100
|-enditem|p1a: Farigiraf|Sitrus Berry|[eat]
|-heal|p1a: Farigiraf|35/100|[from] item: Sitrus Berry
|
|-weather|SunnyDay|[upkeep]
|upkeep
|turn|4
|
|t:|1783946710
|move|p2a: Cofagrigus|Body Press|p1a: Farigiraf
|-damage|p1a: Farigiraf|9/100
|move|p1a: Farigiraf|Thunderbolt|p2b: Charizard
|-supereffective|p2b: Charizard|1
|-damage|p2b: Charizard|0 fnt
|faint|p2b: Charizard
|move|p1b: Golurk|Poltergeist|p2a: Cofagrigus
|-activate|p2a: Cofagrigus|move: Poltergeist|Leftovers
|-supereffective|p2a: Cofagrigus|1
|-damage|p2a: Cofagrigus|7/100
|
|-weather|SunnyDay|[upkeep]
|-heal|p2a: Cofagrigus|13/100|[from] item: Leftovers
|upkeep
|
|t:|1783946715
|switch|p2b: Scrafty|Scrafty, L50, M|100/100
|-ability|p2b: Scrafty|Intimidate|boost
|-unboost|p1a: Farigiraf|atk|1
|-unboost|p1b: Golurk|atk|1
|turn|5
|
|t:|1783946753
|move|p2a: Cofagrigus|Body Press|p1a: Farigiraf
|-damage|p1a: Farigiraf|0 fnt
|faint|p1a: Farigiraf
|move|p1b: Golurk|Headlong Rush|p2b: Scrafty
|-damage|p2b: Scrafty|57/100
|-unboost|p1b: Golurk|def|1
|-unboost|p1b: Golurk|spd|1
|move|p2b: Scrafty|Throat Chop|p1b: Golurk
|-supereffective|p1b: Golurk|1
|-damage|p1b: Golurk|0 fnt
|faint|p1b: Golurk
|
|-weather|none
|-heal|p2a: Cofagrigus|20/100r|[from] item: Leftovers
|-fieldend|move: Trick Room
|upkeep
|
|t:|1783946774
|switch|p1b: Hatterene|Hatterene, L50, F|100/100
|turn|6
|
|t:|1783946783
|move|p2b: Scrafty|Throat Chop|p1b: Hatterene
|-damage|p1b: Hatterene|65/100
|-start|p1b: Hatterene|Throat Chop|[silent]
|move|p2a: Cofagrigus|Shadow Ball|p1b: Hatterene
|-supereffective|p1b: Hatterene|1
|-damage|p1b: Hatterene|28/100
|move|p1b: Hatterene|Dazzling Gleam|p2b: Scrafty|[spread] p2a,p2b
|-supereffective|p2b: Scrafty|2
|-enditem|p2b: Scrafty|Roseli Berry|[eat]
|-enditem|p2b: Scrafty|Roseli Berry|[weaken]
|-damage|p2a: Cofagrigus|0 fnt
|-damage|p2b: Scrafty|0 fnt
|faint|p2a: Cofagrigus
|faint|p2b: Scrafty
|-damage|p1b: Hatterene|18/100|[from] item: Life Orb
|
|-sideend|p1: Liebynight01|move: Light Screen
|upkeep
|
|t:|1783946786
|switch|p2b: Vileplume|Vileplume, L50, M|100/100
|turn|7
|
|t:|1783946799
|move|p2b: Vileplume|Sludge Bomb|p1b: Hatterene
|-supereffective|p1b: Hatterene|1
|-damage|p1b: Hatterene|0 fnt
|faint|p1b: Hatterene
|
|win|Fayz Sharpie
||Fayz Sharpie is ready for game 2.
|l|☆Liebynight01
|player|p1|
|inactive|Liebynight01 has 30 seconds to confirm battle start!
|inactive|Liebynight01 has 20 seconds to confirm battle start!
|inactive|Liebynight01 has 10 seconds to confirm battle start!
|uhtml|next|Next: Game 2 of 3
