|j|☆bdger
|j|☆lukashz
|html|bdgerlukashz    
|uhtml|bestof|Game 1 of a best-of-3
|t:|1784263578
|gametype|doubles
|player|p1|bdger|backpackerf|1260
|player|p2|lukashz|elesa|1356
|gen|9
|tier|[Gen 9 Champions] VGC 2026 Reg M-B (Bo3)
|rated|
|rule|Species Clause: Limit one of each Pokémon
|rule|Item Clause: Limit 1 of each item
|clearpoke
|poke|p1|Dragonite, L50, M|
|poke|p1|Incineroar, L50, M|
|poke|p1|Araquanid, L50, M|
|poke|p1|Mawile, L50, F|
|poke|p1|Basculegion, L50, M|
|poke|p1|Farigiraf, L50, F|
|poke|p2|Farigiraf, L50, M|
|poke|p2|Incineroar, L50, F|
|poke|p2|Camerupt, L50, M|
|poke|p2|Kingambit, L50, F|
|poke|p2|Vivillon-Fancy, L50, M|
|poke|p2|Abomasnow, L50, M|
|teampreview|4
|showteam|p1|Dragonite||Dragoninite|Multiscale|Thunderbolt,DracoMeteor,AirSlash,Tailwind|Modest||M|||50|]Incineroar||WhiteHerb|Intimidate|FakeOut,DarkestLariat,FlareBlitz,CloseCombat|Adamant||M|||50|]Araquanid||MysticWater|WaterBubble|Protect,HydroPump,WideGuard,Infestation|Quiet||M|||50|]Mawile||Mawilite|HyperCutter|PlayRough,RockSlide,SuckerPunch,Protect|Brave||F|||50|]Basculegion||FocusSash|Adaptability|Liquidation,Protect,LastRespects,AquaJet|Adamant||M|||50|]Farigiraf||ColburBerry|ArmorTail|HelpingHand,Protect,Psychic,TrickRoom|Relaxed||F|||50|
|showteam|p2|Farigiraf||SitrusBerry|ArmorTail|Protect,Psychic,HelpingHand,TrickRoom|Sassy||M|||50|]Incineroar||LifeOrb|Intimidate|FlareBlitz,DarkestLariat,FakeOut,PartingShot|Brave||F|||50|]Camerupt||Cameruptite|SolidRock|Protect,HeatWave,EarthPower,AncientPower|Quiet||M|||50|]Kingambit||BlackGlasses|Defiant|SwordsDance,KowtowCleave,IronHead,SuckerPunch|Brave||F|||50|]Vivillon-Fancy||FocusSash|CompoundEyes|SleepPowder,Hurricane,RagePowder,Protect|Timid||M|||50|]Abomasnow||Abomasite|SnowWarning|GrassKnot,Blizzard,IceShard,EarthPower|Quiet||M|||50|
|
|t:|1784263680
|teamsize|p1|4
|teamsize|p2|4
|start
|switch|p1a: Dragonite|Dragonite, L50, M|100/100
|switch|p1b: Araquanid|Araquanid, L50, M|100/100
|switch|p2a: Farigiraf|Farigiraf, L50, M|100/100
|switch|p2b: Incineroar|Incineroar, L50, F|100/100
|-ability|p2b: Incineroar|Intimidate|boost
|-unboost|p1a: Dragonite|atk|1
|-unboost|p1b: Araquanid|atk|1
|turn|1
|
|t:|1784263698
|switch|p1a: Farigiraf|Farigiraf, L50, F|100/100
|move|p2b: Incineroar|Darkest Lariat|p1b: Araquanid
|-damage|p1b: Araquanid|42/100
|-damage|p2b: Incineroar|90/100|[from] item: Life Orb
|move|p1b: Araquanid|Hydro Pump|p2b: Incineroar
|-supereffective|p2b: Incineroar|1
|-damage|p2b: Incineroar|0 fnt
|faint|p2b: Incineroar
|move|p2a: Farigiraf|Trick Room|p2a: Farigiraf
|-fieldstart|move: Trick Room|[of] p2a: Farigiraf
|
|upkeep
|
|t:|1784263708
|switch|p2b: Camerupt|Camerupt, L50, M|100/100
|turn|2
|
|t:|1784263719
|detailschange|p2b: Camerupt|Camerupt-Mega, L50, M
|-mega|p2b: Camerupt|Camerupt|Cameruptite
|move|p2a: Farigiraf|Helping Hand|p2b: Camerupt
|-singleturn|p2b: Camerupt|Helping Hand|[of] p2a: Farigiraf
|move|p1b: Araquanid|Protect|p1b: Araquanid
|-singleturn|p1b: Araquanid|Protect
|move|p2b: Camerupt|Heat Wave|p1b: Araquanid|[spread] p1a
|-activate|p1b: Araquanid|move: Protect
|-damage|p1a: Farigiraf|15/100
|move|p1a: Farigiraf|Psychic|p2b: Camerupt
|-damage|p2b: Camerupt|68/100
|
|upkeep
|turn|3
|
|t:|1784263756
|move|p2a: Farigiraf|Helping Hand|p2b: Camerupt
|-singleturn|p2b: Camerupt|Helping Hand|[of] p2a: Farigiraf
|move|p1a: Farigiraf|Protect|p1a: Farigiraf
|-singleturn|p1a: Farigiraf|Protect
|move|p2b: Camerupt|Heat Wave|p1b: Araquanid|[spread] p1b
|-activate|p1a: Farigiraf|move: Protect
|-damage|p1b: Araquanid|5/100
|move|p1b: Araquanid|Hydro Pump|p2a: Farigiraf
|-damage|p2a: Farigiraf|41/100
|-enditem|p2a: Farigiraf|Sitrus Berry|[eat]
|-heal|p2a: Farigiraf|66/100|[from] item: Sitrus Berry
|
|upkeep
|turn|4
|
|t:|1784263774
|move|p1b: Araquanid|Wide Guard|p1b: Araquanid
|-singleturn|p1b: Araquanid|Wide Guard
|move|p2b: Camerupt|Ancient Power|p1a: Farigiraf
|-damage|p1a: Farigiraf|0 fnt
|faint|p1a: Farigiraf
|move|p2a: Farigiraf|Psychic|p1b: Araquanid
|-damage|p1b: Araquanid|0 fnt
|faint|p1b: Araquanid
|
|upkeep
|
|t:|1784263778
|switch|p1b: Dragonite|Dragonite, L50, M|100/100
|switch|p1a: Basculegion|Basculegion, L50, M|100/100
|turn|5
|
|t:|1784263794
|detailschange|p1b: Dragonite|Dragonite-Mega, L50, M
|-mega|p1b: Dragonite|Dragonite|Dragoninite
|move|p2b: Camerupt|Ancient Power|p1b: Dragonite
|-supereffective|p1b: Dragonite|1
|-damage|p1b: Dragonite|74/100
|move|p2a: Farigiraf|Psychic|p1b: Dragonite
|-damage|p1b: Dragonite|48/100
|move|p1a: Basculegion|Liquidation|p2b: Camerupt
|-supereffective|p2b: Camerupt|2
|-damage|p2b: Camerupt|0 fnt
|faint|p2b: Camerupt
|move|p1b: Dragonite|Air Slash|p2a: Farigiraf
|-damage|p2a: Farigiraf|36/100
|
|-fieldend|move: Trick Room
|upkeep
|
|t:|1784263803
|switch|p2b: Kingambit|Kingambit, L50, F|100/100
|turn|6
|
|t:|1784263811
|move|p1a: Basculegion|Protect|p1a: Basculegion
|-singleturn|p1a: Basculegion|Protect
|move|p2a: Farigiraf|Protect|p2a: Farigiraf
|-singleturn|p2a: Farigiraf|Protect
|move|p1b: Dragonite|Draco Meteor|p2a: Farigiraf
|-activate|p2a: Farigiraf|move: Protect
|move|p2b: Kingambit|Kowtow Cleave|p1b: Dragonite
|-damage|p1b: Dragonite|0 fnt
|faint|p1b: Dragonite
|
|upkeep
|turn|7
|
|t:|1784263820
|move|p2a: Farigiraf|Helping Hand|p2b: Kingambit
|-singleturn|p2b: Kingambit|Helping Hand|[of] p2a: Farigiraf
|move|p2b: Kingambit|Sucker Punch|p1a: Basculegion
|-supereffective|p1a: Basculegion|1
|-enditem|p1a: Basculegion|Focus Sash
|-damage|p1a: Basculegion|1/100
|move|p1a: Basculegion|Last Respects|p2b: Kingambit
|-resisted|p2b: Kingambit|1
|-damage|p2b: Kingambit|48/100
|
|upkeep
|turn|8
|
|t:|1784263829
|move|p1a: Basculegion|Last Respects|p2b: Kingambit
|-resisted|p2b: Kingambit|1
|-damage|p2b: Kingambit|1/100
|move|p2a: Farigiraf|Psychic|p1a: Basculegion
|-damage|p1a: Basculegion|0 fnt
|faint|p1a: Basculegion
|
|win|lukashz
|l|☆bdger
|player|p1|
||lukashz is ready for game 2.
||bdger is ready for game 2.
|uhtml|next|Next: Game 2 of 3
