|j|☆dericos
|j|☆CHURMGUR
|html|dericosCHURMGUR    
|uhtml|bestof|Game 1 of a best-of-3
|t:|1782247919
|gametype|doubles
|player|p1|dericos|102|1071
|player|p2|CHURMGUR|lance|1000
|gen|9
|tier|[Gen 9 Champions] VGC 2026 Reg M-B (Bo3)
|rated|
|rule|Species Clause: Limit one of each Pokémon
|rule|Item Clause: Limit 1 of each item
|clearpoke
|poke|p1|Swampert, L50, M|
|poke|p1|Pelipper, L50, F|
|poke|p1|Archaludon, L50, M|
|poke|p1|Sinistcha, L50|
|poke|p1|Maushold-Four, L50|
|poke|p1|Gholdengo, L50|
|poke|p2|Dragonite, L50, F|
|poke|p2|Gyarados, L50, F|
|poke|p2|Corviknight, L50, F|
|poke|p2|Tsareena, L50, F|
|poke|p2|Gardevoir, L50, M|
|poke|p2|Rotom-Heat, L50|
|teampreview|4
|showteam|p1|Swampert||Swampertite|Torrent|WaveCrash,HighHorsepower,IcePunch,Protect|Adamant||M|||50|]Pelipper||SitrusBerry|Drizzle|WeatherBall,Hurricane,Tailwind,WideGuard|Modest||F|||50|]Archaludon||Leftovers|Stamina|ElectroShot,DragonPulse,FlashCannon,Protect|Calm||M|||50|]Sinistcha||KasibBerry|Hospitality|RagePowder,MatchaGotcha,TrickRoom,Protect|Bold|||||50|]Maushold-Four||FocusSash|FriendGuard|FollowMe,SuperFang,RainDance,Protect|Timid|||||50|]Gholdengo||LifeOrb|GoodasGold|MakeItRain,ShadowBall,NastyPlot,Protect|Modest|||||50|
|showteam|p2|Dragonite||HabanBerry|InnerFocus|DragonClaw,DragonDance,BrickBreak,ExtremeSpeed|Adamant||F|||50|]Gyarados||Gyaradosite|Intimidate|DragonDance,Crunch,Waterfall,Earthquake|Adamant||F|||50|]Corviknight||SitrusBerry|MirrorArmor|BodyPress,IronDefense,Tailwind,Taunt|Calm||F|||50|]Tsareena||MiracleSeed|QueenlyMajesty|HighJumpKick,TropKick,TripleAxel,Uturn|Adamant||F|||50|]Gardevoir||Gardevoirite|Telepathy|VacuumWave,WillOWisp,CalmMind,HyperVoice|Timid||M|||50|]Rotom-Heat||ChoiceScarf|Levitate|VoltSwitch,Thunderbolt,Overheat,Trick|Timid|||||50|
|inactive|Battle timer is ON: inactive players will automatically lose when time's up. (requested by CHURMGUR)
|inactive|dericos has 60 seconds left.
|
|t:|1782248010
|teamsize|p1|4
|teamsize|p2|4
|start
|switch|p1a: Maushold|Maushold-Four, L50|100/100
|switch|p1b: Gholdengo|Gholdengo, L50|100/100
|switch|p2a: Rotom|Rotom-Heat, L50|100/100
|switch|p2b: Corviknight|Corviknight, L50, F|100/100
|turn|1
|
|t:|1782248030
|move|p1a: Maushold|Follow Me|p1a: Maushold
|-singleturn|p1a: Maushold|move: Follow Me
|move|p2a: Rotom|Overheat|p1a: Maushold
|-damage|p1a: Maushold|24/100
|-unboost|p2a: Rotom|spa|2
|move|p1b: Gholdengo|Nasty Plot|p1b: Gholdengo
|-boost|p1b: Gholdengo|spa|2
|move|p2b: Corviknight|Iron Defense|p2b: Corviknight
|-boost|p2b: Corviknight|def|2
|
|upkeep
|turn|2
|inactive|dericos has 30 seconds left.
|inactive|dericos has 20 seconds left.
|inactive|dericos has 15 seconds left.
|inactive|dericos has 10 seconds left.
|inactive|dericos has 5 seconds left.
|
|t:|1782248085
|move|p1a: Maushold|Follow Me|p1a: Maushold
|-singleturn|p1a: Maushold|move: Follow Me
|move|p2a: Rotom|Overheat|p1a: Maushold
|-damage|p1a: Maushold|0 fnt
|-unboost|p2a: Rotom|spa|2
|faint|p1a: Maushold
|move|p1b: Gholdengo|Make It Rain|p2a: Rotom|[spread] p2a,p2b
|-resisted|p2a: Rotom|2
|-resisted|p2b: Corviknight|1
|-damage|p2a: Rotom|59/100
|-damage|p2b: Corviknight|56/100
|-unboost|p1b: Gholdengo|spa|2
|-damage|p1b: Gholdengo|90/100|[from] item: Life Orb
|move|p2b: Corviknight|Taunt|p1b: Gholdengo
|-immune|p1b: Gholdengo|[from] ability: Good as Gold
|
|upkeep
|
|t:|1782248103
|switch|p1a: Pelipper|Pelipper, L50, F|100/100
|-weather|RainDance|[from] ability: Drizzle|[of] p1a: Pelipper
|turn|3
|inactive|CHURMGUR has 30 seconds left.
|inactive|CHURMGUR has 20 seconds left.
|inactive|CHURMGUR has 15 seconds left.
|inactive|CHURMGUR has 10 seconds left.
|
|t:|1782248149
|switch|p2a: Gyarados|Gyarados, L50, F|100/100
|-ability|p2a: Gyarados|Intimidate|boost
|-unboost|p1a: Pelipper|atk|1
|-unboost|p1b: Gholdengo|atk|1
|move|p1b: Gholdengo|Nasty Plot|p1b: Gholdengo
|-boost|p1b: Gholdengo|spa|2
|move|p1a: Pelipper|Tailwind|p1a: Pelipper
|-sidestart|p1: dericos|move: Tailwind
|move|p2b: Corviknight|Iron Defense|p2b: Corviknight
|-boost|p2b: Corviknight|def|2
|
|-weather|RainDance|[upkeep]
|upkeep
|turn|4
|
|t:|1782248170
|detailschange|p2a: Gyarados|Gyarados-Mega, L50, F
|-mega|p2a: Gyarados|Gyarados|Gyaradosite
|-ability|p2a: Gyarados|Mold Breaker
|move|p1b: Gholdengo|Shadow Ball|p2b: Corviknight
|-damage|p2b: Corviknight|0 fnt
|faint|p2b: Corviknight
|-damage|p1b: Gholdengo|81/100|[from] item: Life Orb
|move|p1a: Pelipper|Hurricane|p2a: Gyarados
|-damage|p2a: Gyarados|61/100
|move|p2a: Gyarados|Crunch|p1b: Gholdengo
|-supereffective|p1b: Gholdengo|1
|-crit|p1b: Gholdengo
|-damage|p1b: Gholdengo|0 fnt
|faint|p1b: Gholdengo
|
|-weather|RainDance|[upkeep]
|upkeep
|
|t:|1782248194
|switch|p1b: Swampert|Swampert, L50, M|100/100
|switch|p2b: Tsareena|Tsareena, L50, F|100/100
|turn|5
|
|t:|1782248210
|detailschange|p1b: Swampert|Swampert-Mega, L50, M
|-mega|p1b: Swampert|Swampert|Swampertite
|move|p1b: Swampert|Wave Crash|p2b: Tsareena
|-resisted|p2b: Tsareena|1
|-damage|p2b: Tsareena|46/100
|-damage|p1b: Swampert|82/100|[from] Recoil
|move|p1a: Pelipper|Hurricane|p2b: Tsareena
|-supereffective|p2b: Tsareena|1
|-crit|p2b: Tsareena
|-damage|p2b: Tsareena|0 fnt
|faint|p2b: Tsareena
|move|p2a: Gyarados|Crunch|p1a: Pelipper
|-damage|p1a: Pelipper|49/100
|-enditem|p1a: Pelipper|Sitrus Berry|[eat]
|-heal|p1a: Pelipper|73/100|[from] item: Sitrus Berry
|
|-weather|RainDance|[upkeep]
|upkeep
|
|t:|1782248223
|switch|p2b: Rotom|Rotom-Heat, L50|59/100
|turn|6
|c|☆dericos|gg
|
|t:|1782248233
|move|p1b: Swampert|Wave Crash|p2b: Rotom
|-supereffective|p2b: Rotom|1
|-damage|p2b: Rotom|0 fnt
|faint|p2b: Rotom
|-damage|p1b: Swampert|69/100|[from] Recoil
|move|p1a: Pelipper|Hurricane|p2a: Gyarados
|-damage|p2a: Gyarados|24/100
|move|p2a: Gyarados|Crunch|p1b: Swampert
|-damage|p1b: Swampert|23/100
|
|-weather|RainDance|[upkeep]
|-sideend|p1: dericos|move: Tailwind
|upkeep
|turn|7
|
|t:|1782248245
|move|p1b: Swampert|High Horsepower|p2a: Gyarados
|-damage|p2a: Gyarados|0 fnt
|faint|p2a: Gyarados
|
|win|dericos
