|j|☆chimpum12
|j|☆davidxrt
|html|chimpum12davidxrt    
|uhtml|bestof|Game 1 of a best-of-3
|t:|1783706835
|gametype|doubles
|player|p1|chimpum12|1|
|player|p2|davidxrt|hilbert-wonderlauncher|
|gen|9
|tier|[Gen 9 Champions] VGC 2026 Reg M-B (Bo3)
|rule|Species Clause: Limit one of each Pokémon
|rule|Item Clause: Limit 1 of each item
|clearpoke
|poke|p1|Charizard, L50, F|
|poke|p1|Kingambit, L50, M|
|poke|p1|Sylveon, L50, M|
|poke|p1|Garchomp, L50, F|
|poke|p1|Aerodactyl, L50, M|
|poke|p1|Farigiraf, L50, M|
|poke|p2|Arcanine-Hisui, L50, F|
|poke|p2|Charizard, L50, M|
|poke|p2|Basculegion, L50, M|
|poke|p2|Incineroar, L50, M|
|poke|p2|Aerodactyl, L50, F|
|poke|p2|Kingambit, L50, F|
|teampreview|4
|showteam|p1|Charizard||CharizarditeY|SolarPower|Protect,HeatWave,SolarBeam,WeatherBall|Modest||F|||50|]Kingambit||FocusSash|Defiant|IronHead,SuckerPunch,KowtowCleave,LowKick|Adamant||M|||50|]Sylveon||FairyFeather|Pixilate|Detect,HyperVoice,HyperBeam,QuickAttack|Modest||M|||50|]Garchomp||LifeOrb|RoughSkin|Protect,DragonClaw,Earthquake,RockSlide|Jolly||F|||50|]Aerodactyl||Aerodactylite|Unnerve|IceFang,RockSlide,Tailwind,DualWingbeat|Jolly||M|||50|]Farigiraf||SitrusBerry|ArmorTail|TrickRoom,Psychic,Thunderbolt,Protect|Bold||M|||50|
|showteam|p2|Arcanine-Hisui||FocusSash|RockHead|Protect,HeadSmash,FlareBlitz,CloseCombat|Jolly||F|||50|]Charizard||CharizarditeY|Blaze|Protect,WeatherBall,HeatWave,SolarBeam|Modest||M|||50|]Basculegion||ChoiceScarf|Adaptability|AquaJet,FlipTurn,WaveCrash,LastRespects|Jolly||M|||50|]Incineroar||SitrusBerry|Intimidate|FakeOut,PartingShot,FlareBlitz,DarkestLariat|Careful||M|||50|]Aerodactyl||Aerodactylite|Unnerve|Tailwind,DualWingbeat,RockSlide,IceFang|Jolly||F|||50|]Kingambit||ChopleBerry|Defiant|Protect,SuckerPunch,KowtowCleave,IronHead|Adamant||F|||50|
|inactive|Battle timer is ON: inactive players will automatically lose when time's up. (requested by davidxrt)
|inactive|davidxrt has 60 seconds left.
|inactive|davidxrt has 30 seconds left.
|inactive|davidxrt has 20 seconds left.
|inactive|davidxrt has 15 seconds left.
|
|t:|1783706914
|teamsize|p1|4
|teamsize|p2|4
|start
|switch|p1a: Kingambit|Kingambit, L50, M|100/100
|switch|p1b: Aerodactyl|Aerodactyl, L50, M|100/100
|switch|p2a: Aerodactyl|Aerodactyl, L50, F|100/100
|switch|p2b: Basculegion|Basculegion, L50, M|100/100
|-ability|p2a: Aerodactyl|Unnerve
|-ability|p1b: Aerodactyl|Unnerve
|turn|1
|
|t:|1783706937
|switch|p1b: Farigiraf|Farigiraf, L50, M|100/100
|detailschange|p2a: Aerodactyl|Aerodactyl-Mega, L50, F
|-mega|p2a: Aerodactyl|Aerodactyl|Aerodactylite
|move|p2b: Basculegion|Aqua Jet||[still]
|cant|p1b: Farigiraf|ability: Armor Tail|Aqua Jet|[of] p2b: Basculegion
|move|p2a: Aerodactyl|Rock Slide|p1b: Farigiraf|[spread] p1a,p1b
|-resisted|p1a: Kingambit|1
|-crit|p1a: Kingambit
|-damage|p1a: Kingambit|81/100
|-damage|p1b: Farigiraf|80/100
|move|p1a: Kingambit|Kowtow Cleave|p2b: Basculegion
|-supereffective|p2b: Basculegion|1
|-damage|p2b: Basculegion|0 fnt
|faint|p2b: Basculegion
|
|upkeep
|
|t:|1783706956
|switch|p2b: Incineroar|Incineroar, L50, M|100/100
|-ability|p2b: Incineroar|Intimidate|boost
|-unboost|p1a: Kingambit|atk|1
|-ability|p1a: Kingambit|Defiant|boost
|-boost|p1a: Kingambit|atk|2
|-unboost|p1b: Farigiraf|atk|1
|turn|2
|
|t:|1783706975
|move|p2a: Aerodactyl|Rock Slide|p1b: Farigiraf|[spread] p1a,p1b
|-resisted|p1a: Kingambit|1
|-damage|p1a: Kingambit|70/100
|-damage|p1b: Farigiraf|60/100
|move|p1a: Kingambit|Low Kick|p2b: Incineroar
|-supereffective|p2b: Incineroar|1
|-damage|p2b: Incineroar|23/100
|-enditem|p2b: Incineroar|Sitrus Berry|[eat]
|-heal|p2b: Incineroar|48/100|[from] item: Sitrus Berry
|move|p2b: Incineroar|Flare Blitz|p1a: Kingambit
|-supereffective|p1a: Kingambit|1
|-damage|p1a: Kingambit|0 fnt
|faint|p1a: Kingambit
|-damage|p2b: Incineroar|28/100|[from] Recoil
|move|p1b: Farigiraf|Thunderbolt|p2b: Incineroar
|-damage|p2b: Incineroar|9/100
|
|upkeep
|
|t:|1783706991
|switch|p1a: Aerodactyl|Aerodactyl, L50, M|100/100
|-ability|p1a: Aerodactyl|Unnerve
|turn|3
|
|t:|1783707002
|detailschange|p1a: Aerodactyl|Aerodactyl-Mega, L50, M
|-mega|p1a: Aerodactyl|Aerodactyl|Aerodactylite
|move|p2a: Aerodactyl|Rock Slide|p1b: Farigiraf|[spread] p1a,p1b
|-supereffective|p1a: Aerodactyl|1
|-damage|p1a: Aerodactyl|35/100
|-damage|p1b: Farigiraf|38/100
|-enditem|p1b: Farigiraf|Sitrus Berry|[eat]
|-heal|p1b: Farigiraf|63/100|[from] item: Sitrus Berry
|move|p1a: Aerodactyl|Rock Slide|p2a: Aerodactyl|[spread] p2a
|-miss|p1a: Aerodactyl|p2b: Incineroar
|-supereffective|p2a: Aerodactyl|1
|-damage|p2a: Aerodactyl|41/100
|move|p2b: Incineroar|Parting Shot|p1a: Aerodactyl
|-unboost|p1a: Aerodactyl|atk|1
|-unboost|p1a: Aerodactyl|spa|1
|
|t:|1783707016
|switch|p2b: Kingambit|Kingambit, L50, F|100/100|[from] Parting Shot
|cant|p1b: Farigiraf|flinch
|
|upkeep
|turn|4
|
|t:|1783707037
|move|p1b: Farigiraf|Protect|p1b: Farigiraf
|-singleturn|p1b: Farigiraf|Protect
|move|p2a: Aerodactyl|Tailwind|p2a: Aerodactyl
|-sidestart|p2: davidxrt|move: Tailwind
|move|p1a: Aerodactyl|Tailwind|p1a: Aerodactyl
|-sidestart|p1: chimpum12|move: Tailwind
|move|p2b: Kingambit|Kowtow Cleave|p1b: Farigiraf
|-activate|p1b: Farigiraf|move: Protect
|
|upkeep
|turn|5
|
|t:|1783707051
|move|p2b: Kingambit|Sucker Punch||[still]
|cant|p1b: Farigiraf|ability: Armor Tail|Sucker Punch|[of] p2b: Kingambit
|move|p2a: Aerodactyl|Rock Slide|p1a: Aerodactyl|[spread] p1a
|-miss|p2a: Aerodactyl|p1b: Farigiraf
|-supereffective|p1a: Aerodactyl|1
|-damage|p1a: Aerodactyl|0 fnt
|faint|p1a: Aerodactyl
|move|p1b: Farigiraf|Thunderbolt|p2a: Aerodactyl
|-supereffective|p2a: Aerodactyl|1
|-damage|p2a: Aerodactyl|0 fnt
|faint|p2a: Aerodactyl
|
|upkeep
|
|t:|1783707062
|switch|p1a: Sylveon|Sylveon, L50, M|100/100
|switch|p2a: Incineroar|Incineroar, L50, M|9/100
|-ability|p2a: Incineroar|Intimidate|boost
|-unboost|p1a: Sylveon|atk|1
|-unboost|p1b: Farigiraf|atk|1
|turn|6
|
|t:|1783707076
|move|p1a: Sylveon|Hyper Voice|p2a: Incineroar|[spread] p2a,p2b
|-damage|p2a: Incineroar|0 fnt
|-damage|p2b: Kingambit|52/100
|faint|p2a: Incineroar
|move|p1b: Farigiraf|Thunderbolt|p2b: Kingambit
|-damage|p2b: Kingambit|28/100
|move|p2b: Kingambit|Iron Head|p1a: Sylveon
|-supereffective|p1a: Sylveon|1
|-damage|p1a: Sylveon|0 fnt
|faint|p1a: Sylveon
|
|upkeep
|turn|7
|
|t:|1783707092
|move|p1b: Farigiraf|Thunderbolt|p2b: Kingambit
|-damage|p2b: Kingambit|4/100
|move|p2b: Kingambit|Kowtow Cleave|p1b: Farigiraf
|-supereffective|p1b: Farigiraf|1
|-damage|p1b: Farigiraf|0 fnt
|faint|p1b: Farigiraf
|
|win|davidxrt
||chimpum12 is ready for game 2.
||chimpum12 is ready for game 2.
||davidxrt is ready for game 2.
|uhtml|next|Next: Game 2 of 3
