|j|☆FreezyPop439
|j|☆Davixd2532
|html|FreezyPop439Davixd2532    
|uhtml|bestof|Game 1 of a best-of-3
|t:|1782218860
|gametype|doubles
|player|p1|FreezyPop439|collector|1207
|player|p2|Davixd2532|169|1152
|gen|9
|tier|[Gen 9 Champions] VGC 2026 Reg M-B (Bo3)
|rated|
|rule|Species Clause: Limit one of each Pokémon
|rule|Item Clause: Limit 1 of each item
|clearpoke
|poke|p1|Garchomp, L50, F|
|poke|p1|Staraptor, L50, M|
|poke|p1|Grimmsnarl, L50, M|
|poke|p1|Gholdengo, L50|
|poke|p1|Maushold-Four, L50|
|poke|p1|Volcarona, L50, M|
|poke|p2|Whimsicott, L50, F|
|poke|p2|Staraptor, L50, F, shiny|
|poke|p2|Excadrill, L50, M|
|poke|p2|Tyranitar, L50, F|
|poke|p2|Incineroar, L50, M|
|poke|p2|Sneasler, L50, M|
|teampreview|4
|showteam|p1|Garchomp||LifeOrb|RoughSkin|Earthquake,DragonClaw,RockSlide,Protect|Jolly||F|||50|]Staraptor||Staraptite|Intimidate|BraveBird,CloseCombat,Roost,Protect|Jolly||M|||50|]Grimmsnarl||LightClay|Prankster|SpiritBreak,LightScreen,Reflect,PartingShot|Careful||M|||50|]Gholdengo||MetalCoat|GoodasGold|MakeItRain,ShadowBall,NastyPlot,Protect|Modest|||||50|]Maushold-Four||FocusSash|FriendGuard|FollowMe,Charm,SuperFang,Protect|Jolly|||||50|]Volcarona||ChartiBerry|FlameBody|HeatWave,StruggleBug,RagePowder,Tailwind|Timid||M|||50|
|showteam|p2|Whimsicott||FocusSash|Prankster|Memento,Moonblast,Charm,Tailwind|Timid||F|||50|]Staraptor||Staraptite|Intimidate|CloseCombat,DualWingbeat,Protect,Roost|Jolly||F|||50|]Excadrill||ChoiceScarf|SandForce|RockSlide,IronHead,HighHorsepower,BrickBreak|Adamant||M|||50|]Tyranitar||Tyranitarite|SandStream|Protect,RockSlide,KnockOff,Substitute|Adamant||F|||50|]Incineroar||SitrusBerry|Intimidate|FakeOut,PartingShot,FlareBlitz,HelpingHand|Adamant||M|||50|]Sneasler||WhiteHerb|Unburden|DireClaw,UpperHand,FakeOut,CloseCombat|Jolly||M|||50|
|
|t:|1782218927
|teamsize|p1|4
|teamsize|p2|4
|start
|switch|p1a: Staraptor|Staraptor, L50, M|100/100
|switch|p1b: Grimmsnarl|Grimmsnarl, L50, M|100/100
|switch|p2a: Ladín|Staraptor, L50, F, shiny|100/100
|switch|p2b: Twank|Sneasler, L50, M|100/100
|-ability|p2a: Ladín|Intimidate|boost
|-unboost|p1a: Staraptor|atk|1
|-unboost|p1b: Grimmsnarl|atk|1
|-ability|p1a: Staraptor|Intimidate|boost
|-unboost|p2a: Ladín|atk|1
|-unboost|p2b: Twank|atk|1
|-enditem|p2b: Twank|White Herb
|-clearnegativeboost|p2b: Twank|[silent]
|turn|1
|
|t:|1782218950
|switch|p1b: Gholdengo|Gholdengo, L50|100/100
|detailschange|p2a: Ladín|Staraptor-Mega, L50, F, shiny
|-mega|p2a: Ladín|Staraptor|Staraptite
|detailschange|p1a: Staraptor|Staraptor-Mega, L50, M
|-mega|p1a: Staraptor|Staraptor|Staraptite
|move|p1a: Staraptor|Protect|p1a: Staraptor
|-singleturn|p1a: Staraptor|Protect
|move|p2b: Twank|Upper Hand||[still]
|-fail|p2b: Twank
|move|p2a: Ladín|Close Combat|p1b: Gholdengo
|-immune|p1b: Gholdengo
|
|upkeep
|turn|2
|
|t:|1782218977
|move|p2b: Twank|Dire Claw|p1a: Staraptor
|-damage|p1a: Staraptor|59/100
|-status|p1a: Staraptor|slp
|move|p2a: Ladín|Close Combat|p1a: Staraptor
|-resisted|p1a: Staraptor|1
|-damage|p1a: Staraptor|39/100 slp
|-boost|p2a: Ladín|def|1
|-boost|p2a: Ladín|spd|1
|cant|p1a: Staraptor|slp
|move|p1b: Gholdengo|Nasty Plot|p1b: Gholdengo
|-boost|p1b: Gholdengo|spa|2
|
|upkeep
|turn|3
|
|t:|1782219001
|switch|p2b: Tyitar|Tyranitar, L50, F|100/100
|-weather|Sandstorm|[from] ability: Sand Stream|[of] p2b: Tyitar
|-curestatus|p1a: Staraptor|slp|[msg]
|move|p1a: Staraptor|Protect|p1a: Staraptor
|-singleturn|p1a: Staraptor|Protect
|move|p2a: Ladín|Dual Wingbeat|p1a: Staraptor
|-activate|p1a: Staraptor|move: Protect
|move|p1b: Gholdengo|Make It Rain|p2a: Ladín|[spread] p2a,p2b
|-supereffective|p2b: Tyitar|1
|-damage|p2a: Ladín|3/100
|-damage|p2b: Tyitar|0 fnt
|-unboost|p1b: Gholdengo|spa|2
|faint|p2b: Tyitar
|
|-weather|Sandstorm|[upkeep]
|-damage|p1a: Staraptor|33/100|[from] Sandstorm
|-damage|p2a: Ladín|0 fnt|[from] Sandstorm
|faint|p2a: Ladín
|upkeep
|
|t:|1782219003
|switch|p2a: Zero|Excadrill, L50, M|100/100
|switch|p2b: Twank|Sneasler, L50, M|100/100
|turn|4
|
|t:|1782219043
|move|p1b: Gholdengo|Protect|p1b: Gholdengo
|-singleturn|p1b: Gholdengo|Protect
|move|p2a: Zero|High Horsepower|p1b: Gholdengo
|-activate|p1b: Gholdengo|move: Protect
|move|p2b: Twank|Dire Claw|p1a: Staraptor
|-damage|p1a: Staraptor|0 fnt
|faint|p1a: Staraptor
|
|-weather|Sandstorm|[upkeep]
|-damage|p2b: Twank|93/100|[from] Sandstorm
|upkeep
|
|t:|1782219075
|switch|p1a: Garchomp|Garchomp, L50, F|100/100
|turn|5
|
|t:|1782219102
|move|p1a: Garchomp|Protect|p1a: Garchomp
|-singleturn|p1a: Garchomp|Protect
|move|p2a: Zero|High Horsepower|p1a: Garchomp
|-activate|p1a: Garchomp|move: Protect
|move|p2b: Twank|Close Combat|p1a: Garchomp
|-activate|p1a: Garchomp|move: Protect
|move|p1b: Gholdengo|Nasty Plot|p1b: Gholdengo
|-boost|p1b: Gholdengo|spa|2
|
|-weather|Sandstorm|[upkeep]
|-damage|p2b: Twank|87/100|[from] Sandstorm
|upkeep
|turn|6
|
|t:|1782219161
|move|p2a: Zero|High Horsepower|p1b: Gholdengo
|-supereffective|p1b: Gholdengo|1
|-crit|p1b: Gholdengo
|-damage|p1b: Gholdengo|0 fnt
|faint|p1b: Gholdengo
|move|p2b: Twank|Dire Claw|p1a: Garchomp
|-resisted|p1a: Garchomp|1
|-damage|p1a: Garchomp|80/100
|-damage|p2b: Twank|75/100|[from] ability: Rough Skin|[of] p1a: Garchomp
|move|p1a: Garchomp|Earthquake|p2b: Twank|[spread] p2a,p2b
|-supereffective|p2a: Zero|1
|-crit|p2a: Zero
|-supereffective|p2b: Twank|1
|-crit|p2b: Twank
|-damage|p2a: Zero|0 fnt
|-damage|p2b: Twank|0 fnt
|faint|p2a: Zero
|faint|p2b: Twank
|-damage|p1a: Garchomp|70/100|[from] item: Life Orb
|
|win|FreezyPop439
