|j|☆ThePrinceofNT
|j|☆taengerine
|html|ThePrinceofNTtaengerine    
|uhtml|bestof|Game 2 of a best-of-3
|t:|1783142988
|gametype|doubles
|player|p1|ThePrinceofNT|2|1230
|player|p2|taengerine|lady|1236
|gen|9
|tier|[Gen 9 Champions] VGC 2026 Reg M-B (Bo3)
|rated|
|rule|Species Clause: Limit one of each Pokémon
|rule|Item Clause: Limit 1 of each item
|clearpoke
|poke|p1|Pyroar, L50, F, shiny|
|poke|p1|Hydreigon, L50, F, shiny|
|poke|p1|Farigiraf, L50, F, shiny|
|poke|p1|Torkoal, L50, F, shiny|
|poke|p1|Sneasler, L50, F, shiny|
|poke|p1|Mawile, L50, F, shiny|
|poke|p2|Mawile, L50, M|
|poke|p2|Sneasler, L50, M|
|poke|p2|Sinistcha, L50|
|poke|p2|Garchomp, L50, M|
|poke|p2|Incineroar, L50, M|
|poke|p2|Delphox, L50, F|
|teampreview|4
|showteam|p1|Pyroar||Pyroarite|Rivalry|HeatWave,Overheat,SolarBeam,Protect|Timid||F|||50|]Hydreigon||ChoiceScarf|Levitate|DracoMeteor,Snarl,DarkPulse,SunnyDay|Modest||F|||50|]Farigiraf||SitrusBerry|ArmorTail|HelpingHand,TrickRoom,TwinBeam,Thunderbolt|Bold||F|||50|]Torkoal||Charcoal|Drought|HeatWave,HelpingHand,Protect,Eruption|Quiet||F|||50|]Sneasler||WhiteHerb|Unburden|CloseCombat,GunkShot,Protect,FakeOut|Adamant||F|||50|]Mawile||Mawilite|Intimidate|SwordsDance,PlayRough,SuckerPunch,Protect|Brave||F|||50|
|showteam|p2|Mawile||Mawilite|HyperCutter|PlayRough,SwordsDance,SuckerPunch,Protect|Adamant||M|||50|]Sneasler||FocusSash|PoisonTouch|FakeOut,CloseCombat,DireClaw,QuickGuard|Jolly||M|||50|]Sinistcha||SitrusBerry|Hospitality|MatchaGotcha,RagePowder,TrickRoom,Protect|Bold|||||50|]Garchomp||LifeOrb|RoughSkin|StompingTantrum,RockSlide,DragonClaw,Protect|Adamant||M|||50|]Incineroar||PasshoBerry|Intimidate|FlareBlitz,FakeOut,ThroatChop,PartingShot|Careful||M|||50|]Delphox||Delphoxite|Blaze|HeatWave,Psychic,NastyPlot,Protect|Timid||F|||50|
|inactive|Battle timer is ON: inactive players will automatically lose when time's up. (requested by taengerine)
|inactive|ThePrinceofNT has 60 seconds left.
|
|t:|1783143041
|teamsize|p1|4
|teamsize|p2|4
|start
|switch|p1a: Hydreigon|Hydreigon, L50, F, shiny|100/100
|switch|p1b: Pyroar|Pyroar, L50, F, shiny|100/100
|switch|p2a: Sneasler|Sneasler, L50, M|100/100
|switch|p2b: Delphox|Delphox, L50, F|100/100
|turn|1
|inactive|taengerine has 30 seconds left.
|inactive|taengerine has 20 seconds left.
|inactive|taengerine has 15 seconds left.
|
|t:|1783143085
|switch|p2b: Incineroar|Incineroar, L50, M|100/100
|-ability|p2b: Incineroar|Intimidate|boost
|-unboost|p1a: Hydreigon|atk|1
|-unboost|p1b: Pyroar|atk|1
|detailschange|p1b: Pyroar|Pyroar-Mega, L50, F, shiny
|-mega|p1b: Pyroar|Pyroar|Pyroarite
|move|p2a: Sneasler|Fake Out|p1b: Pyroar
|-crit|p1b: Pyroar
|-damage|p1b: Pyroar|75/100
|-status|p1b: Pyroar|psn|[from] ability: Poison Touch|[of] p2a: Sneasler
|move|p1a: Hydreigon|Snarl|p2b: Incineroar|[spread] p2a,p2b
|-resisted|p2a: Sneasler|1
|-resisted|p2b: Incineroar|1
|-damage|p2a: Sneasler|84/100
|-damage|p2b: Incineroar|92/100
|-unboost|p2a: Sneasler|spa|1
|-unboost|p2b: Incineroar|spa|1
|cant|p1b: Pyroar|flinch
|
|-damage|p1b: Pyroar|63/100 psn|[from] psn
|upkeep
|turn|2
|inactive|ThePrinceofNT has 30 seconds left.
|inactive|taengerine has 30 seconds left.
|inactive|ThePrinceofNT has 20 seconds left.
|inactive|taengerine has 20 seconds left.
|inactive|ThePrinceofNT has 15 seconds left.
|inactive|taengerine has 15 seconds left.
|inactive|ThePrinceofNT has 10 seconds left.
|inactive|taengerine has 10 seconds left.
|inactive|taengerine has 5 seconds left.
|
|t:|1783143135
|move|p2b: Incineroar|Fake Out|p1b: Pyroar
|-damage|p1b: Pyroar|50/100g psn
|move|p1a: Hydreigon|Snarl|p2a: Sneasler|[spread] p2a,p2b
|-resisted|p2a: Sneasler|1
|-resisted|p2b: Incineroar|1
|-damage|p2a: Sneasler|70/100
|-damage|p2b: Incineroar|83/100
|-unboost|p2a: Sneasler|spa|1
|-unboost|p2b: Incineroar|spa|1
|cant|p1b: Pyroar|flinch
|move|p2a: Sneasler|Dire Claw|p1a: Hydreigon
|-damage|p1a: Hydreigon|56/100
|
|-damage|p1b: Pyroar|38/100 psn|[from] psn
|upkeep
|turn|3
|inactive|ThePrinceofNT has 30 seconds left.
|inactive|ThePrinceofNT has 20 seconds left.
|
|t:|1783143172
|switch|p2a: Garchomp|Garchomp, L50, M|100/100
|move|p1a: Hydreigon|Snarl|p2a: Garchomp|[spread] p2a,p2b
|-resisted|p2b: Incineroar|1
|-crit|p2b: Incineroar
|-damage|p2a: Garchomp|75/100
|-damage|p2b: Incineroar|71/100
|-unboost|p2a: Garchomp|spa|1
|-unboost|p2b: Incineroar|spa|1
|move|p1b: Pyroar|Heat Wave|p2b: Incineroar|[spread] p2a,p2b
|-resisted|p2a: Garchomp|1
|-resisted|p2b: Incineroar|1
|-damage|p2a: Garchomp|50/100g
|-damage|p2b: Incineroar|51/100
|move|p2b: Incineroar|Parting Shot|p1a: Hydreigon
|-unboost|p1a: Hydreigon|atk|1
|-unboost|p1a: Hydreigon|spa|1
|
|t:|1783143187
|switch|p2b: Sneasler|Sneasler, L50, M|70/100|[from] Parting Shot
|
|-damage|p1b: Pyroar|25/100 psn|[from] psn
|upkeep
|turn|4
|
|t:|1783143205
|switch|p1a: Sneasler|Sneasler, L50, F, shiny|100/100
|move|p1b: Pyroar|Protect|p1b: Pyroar
|-singleturn|p1b: Pyroar|Protect
|move|p2b: Sneasler|Fake Out|p1b: Pyroar
|-activate|p1b: Pyroar|move: Protect
|move|p2a: Garchomp|Dragon Claw|p1a: Sneasler
|-damage|p1a: Sneasler|1/100
|-damage|p2a: Garchomp|40/100|[from] item: Life Orb
|
|-damage|p1b: Pyroar|13/100 psn|[from] psn
|upkeep
|turn|5
|inactive|taengerine has 30 seconds left.
|
|t:|1783143236
|switch|p1a: Torkoal|Torkoal, L50, F, shiny|100/100
|-weather|SunnyDay|[from] ability: Drought|[of] p1a: Torkoal
|move|p2b: Sneasler|Quick Guard|p2b: Sneasler
|-singleturn|p2b: Sneasler|Quick Guard
|move|p1b: Pyroar|Heat Wave|p2b: Sneasler|[spread] p2a,p2b
|-resisted|p2a: Garchomp|1
|-damage|p2a: Garchomp|2/100
|-damage|p2b: Sneasler|0 fnt
|faint|p2b: Sneasler
|move|p2a: Garchomp|Rock Slide|p1a: Torkoal|[spread] p1a,p1b
|-supereffective|p1a: Torkoal|1
|-supereffective|p1b: Pyroar|1
|-damage|p1a: Torkoal|55/100
|-damage|p1b: Pyroar|0 fnt
|faint|p1b: Pyroar
|-damage|p2a: Garchomp|0 fnt|[from] item: Life Orb
|faint|p2a: Garchomp
|
|-weather|SunnyDay|[upkeep]
|upkeep
|
|t:|1783143254
|switch|p1b: Sneasler|Sneasler, L50, F, shiny|1/100
|switch|p2b: Incineroar|Incineroar, L50, M|51/100
|switch|p2a: Delphox|Delphox, L50, F|100/100
|-ability|p2b: Incineroar|Intimidate|boost
|-unboost|p1a: Torkoal|atk|1
|-unboost|p1b: Sneasler|atk|1
|-enditem|p1b: Sneasler|White Herb
|-clearnegativeboost|p1b: Sneasler|[silent]
|turn|6
|inactive|ThePrinceofNT has 30 seconds left.
|inactive|ThePrinceofNT has 20 seconds left.
|inactive|ThePrinceofNT has 15 seconds left.
|
|t:|1783143296
|detailschange|p2a: Delphox|Delphox-Mega, L50, F
|-mega|p2a: Delphox|Delphox|Delphoxite
|move|p1b: Sneasler|Fake Out|p2a: Delphox
|-damage|p2a: Delphox|80/100
|move|p2b: Incineroar|Fake Out|p1b: Sneasler
|-damage|p1b: Sneasler|0 fnt
|faint|p1b: Sneasler
|cant|p2a: Delphox|flinch
|move|p1a: Torkoal|Heat Wave|p2a: Delphox|[spread] p2a
|-miss|p1a: Torkoal|p2b: Incineroar
|-resisted|p2a: Delphox|1
|-damage|p2a: Delphox|57/100
|
|-weather|SunnyDay|[upkeep]
|upkeep
|
|t:|1783143311
|switch|p1b: Hydreigon|Hydreigon, L50, F, shiny|56/100
|turn|7
|
|t:|1783143329
|move|p2a: Delphox|Protect|p2a: Delphox
|-singleturn|p2a: Delphox|Protect
|move|p1b: Hydreigon|Draco Meteor|p2a: Delphox
|-activate|p2a: Delphox|move: Protect
|move|p2b: Incineroar|Flare Blitz|p1b: Hydreigon
|-resisted|p1b: Hydreigon|1
|-damage|p1b: Hydreigon|20/100r
|-damage|p2b: Incineroar|41/100|[from] Recoil
|move|p1a: Torkoal|Heat Wave|p2a: Delphox|[spread] p2b
|-activate|p2a: Delphox|move: Protect
|-resisted|p2b: Incineroar|1
|-damage|p2b: Incineroar|20/100y
|
|-weather|SunnyDay|[upkeep]
|upkeep
|turn|8
|inactive|taengerine has 30 seconds left.
|
|t:|1783143357
|move|p2a: Delphox|Protect|p2a: Delphox
|-singleturn|p2a: Delphox|Protect
|move|p1b: Hydreigon|Draco Meteor|p2a: Delphox
|-activate|p2a: Delphox|move: Protect
|move|p2b: Incineroar|Flare Blitz|p1b: Hydreigon
|-resisted|p1b: Hydreigon|1
|-damage|p1b: Hydreigon|0 fnt
|faint|p1b: Hydreigon
|-damage|p2b: Incineroar|14/100|[from] Recoil
|move|p1a: Torkoal|Heat Wave|p2b: Incineroar|[spread] p2b
|-activate|p2a: Delphox|move: Protect
|-resisted|p2b: Incineroar|1
|-damage|p2b: Incineroar|0 fnt
|faint|p2b: Incineroar
|
|-weather|SunnyDay|[upkeep]
|upkeep
|turn|9
|
|t:|1783143362
|move|p2a: Delphox|Psychic|p1a: Torkoal
|-damage|p1a: Torkoal|0 fnt
|faint|p1a: Torkoal
|
|win|taengerine
||taengerine is ready for game 3.
||ThePrinceofNT is ready for game 3.
|uhtml|next|Next: Game 3 of 3
