|j|☆cascais shopping
|j|☆new mental
|html|cascais shoppingnew mental    
|uhtml|bestof|Game 2 of a best-of-3
|t:|1784627333
|gametype|doubles
|player|p1|cascais shopping|lucas|1344
|player|p2|new mental|volkner|1288
|gen|9
|tier|[Gen 9 Champions] VGC 2026 Reg M-B (Bo3)
|rated|
|rule|Species Clause: Limit one of each Pokémon
|rule|Item Clause: Limit 1 of each item
|clearpoke
|poke|p1|Garchomp, L50, F|
|poke|p1|Venusaur, L50, F|
|poke|p1|Incineroar, L50, F|
|poke|p1|Charizard, L50, F|
|poke|p1|Toxapex, L50, M|
|poke|p1|Annihilape, L50, M|
|poke|p2|Aerodactyl, L50, M|
|poke|p2|Garchomp, L50, F|
|poke|p2|Kingambit, L50, F|
|poke|p2|Charizard, L50, M|
|poke|p2|Sylveon, L50, M|
|poke|p2|Farigiraf, L50, M|
|teampreview|4
|showteam|p1|Garchomp||ChoiceScarf|RoughSkin|Earthquake,RockSlide,DragonClaw,StompingTantrum|Adamant||F|||50|]Venusaur||LifeOrb|Chlorophyll|SludgeBomb,SolarBeam,EarthPower,Protect|Modest||F|||50|]Incineroar||SitrusBerry|Intimidate|FakeOut,FlareBlitz,ThroatChop,PartingShot|Impish||F|||50|]Charizard||CharizarditeY|Blaze|HeatWave,WeatherBall,Protect,HelpingHand|Modest||F|||50|]Toxapex||Leftovers|Regenerator|Infestation,Toxic,WideGuard,BanefulBunker|Impish||M|||50|]Annihilape||FocusSash|Defiant|CloseCombat,PhantomForce,RockTomb,Protect|Jolly||M|||50|
|showteam|p2|Aerodactyl||Aerodactylite|Unnerve|IceFang,RockSlide,Tailwind,DualWingbeat|Jolly||M|||50|]Garchomp||LifeOrb|RoughSkin|DragonClaw,RockSlide,Earthquake,Protect|Jolly||F|||50|]Kingambit||FocusSash|Defiant|SuckerPunch,KowtowCleave,IronHead,LowKick|Adamant||F|||50|]Charizard||CharizarditeY|SolarPower|Protect,WeatherBall,HeatWave,SolarBeam|Modest||M|||50|]Sylveon||FairyFeather|Pixilate|Protect,HyperVoice,HyperBeam,QuickAttack|Modest||M|||50|]Farigiraf||SitrusBerry|ArmorTail|TrickRoom,Thunderbolt,Roar,Psychic|Bold||M|||50|
|inactive|Battle timer is ON: inactive players will automatically lose when time's up. (requested by new mental)
|
|t:|1784627362
|teamsize|p1|4
|teamsize|p2|4
|start
|switch|p1a: Toxapex|Toxapex, L50, M|100/100
|switch|p1b: Charizard|Charizard, L50, F|100/100
|switch|p2a: Charizard|Charizard, L50, M|100/100
|switch|p2b: Garchomp|Garchomp, L50, F|100/100
|turn|1
|
|t:|1784627384
|switch|p1b: Incineroar|Incineroar, L50, F|100/100
|-ability|p1b: Incineroar|Intimidate|boost
|-unboost|p2a: Charizard|atk|1
|-unboost|p2b: Garchomp|atk|1
|detailschange|p2a: Charizard|Charizard-Mega-Y, L50, M
|-mega|p2a: Charizard|Charizard|Charizardite Y
|-weather|SunnyDay|[from] ability: Drought|[of] p2a: Charizard
|move|p1a: Toxapex|Wide Guard|p1a: Toxapex
|-singleturn|p1a: Toxapex|Wide Guard
|move|p2b: Garchomp|Rock Slide|p1a: Toxapex|[spread] 
|-activate|p1a: Toxapex|move: Wide Guard
|-activate|p1b: Incineroar|move: Wide Guard
|move|p2a: Charizard|Weather Ball|p1b: Incineroar
|-resisted|p1b: Incineroar|1
|-damage|p1b: Incineroar|59/100
|
|-weather|SunnyDay|[upkeep]
|upkeep
|turn|2
|inactive|cascais shopping has 30 seconds left.
|inactive|new mental has 30 seconds left.
|
|t:|1784627425
|move|p2b: Garchomp|Earthquake|p1a: Toxapex|[spread] p1a,p1b
|-immune|p2a: Charizard
|-supereffective|p1a: Toxapex|1
|-supereffective|p1b: Incineroar|1
|-damage|p1a: Toxapex|55/100
|-damage|p1b: Incineroar|12/100
|-enditem|p1b: Incineroar|Sitrus Berry|[eat]
|-heal|p1b: Incineroar|37/100|[from] item: Sitrus Berry
|-damage|p2b: Garchomp|90/100|[from] item: Life Orb
|move|p2a: Charizard|Weather Ball|p1b: Incineroar
|-resisted|p1b: Incineroar|1
|-damage|p1b: Incineroar|0 fnt
|faint|p1b: Incineroar
|move|p1a: Toxapex|Infestation|p2b: Garchomp
|-damage|p2b: Garchomp|86/100
|-activate|p2b: Garchomp|move: Infestation|[of] p1a: Toxapex
|-damage|p1a: Toxapex|43/100|[from] ability: Rough Skin|[of] p2b: Garchomp
|
|-weather|SunnyDay|[upkeep]
|-heal|p1a: Toxapex|49/100|[from] item: Leftovers
|-damage|p2b: Garchomp|74/100|[from] move: Infestation|[partiallytrapped]
|upkeep
|
|t:|1784627437
|switch|p1b: Garchomp|Garchomp, L50, F|100/100
|turn|3
|
|t:|1784627447
|move|p1b: Garchomp|Dragon Claw|p2b: Garchomp
|-supereffective|p2b: Garchomp|1
|-damage|p2b: Garchomp|0 fnt
|-damage|p1b: Garchomp|87/100|[from] ability: Rough Skin|[of] p2b: Garchomp
|faint|p2b: Garchomp
|move|p2a: Charizard|Solar Beam||[still]
|-prepare|p2a: Charizard|Solar Beam
|-anim|p2a: Charizard|Solar Beam|p1a: Toxapex
|-damage|p1a: Toxapex|14/100
|move|p1a: Toxapex|Infestation|p2a: Charizard
|-resisted|p2a: Charizard|2
|-damage|p2a: Charizard|99/100
|-activate|p2a: Charizard|move: Infestation|[of] p1a: Toxapex
|
|-weather|SunnyDay|[upkeep]
|-heal|p1a: Toxapex|20/100y|[from] item: Leftovers
|-damage|p2a: Charizard|87/100|[from] move: Infestation|[partiallytrapped]
|upkeep
|
|t:|1784627458
|switch|p2b: Aerodactyl|Aerodactyl, L50, M|100/100
|-ability|p2b: Aerodactyl|Unnerve
|turn|4
|inactive|cascais shopping has 30 seconds left.
|inactive|cascais shopping has 20 seconds left.
|inactive|cascais shopping has 15 seconds left.
|
|t:|1784627499
|move|p1b: Garchomp|Dragon Claw|p2b: Aerodactyl
|-damage|p2b: Aerodactyl|46/100
|move|p2b: Aerodactyl|Ice Fang|p1b: Garchomp
|-supereffective|p1b: Garchomp|2
|-damage|p1b: Garchomp|28/100
|-damage|p2b: Aerodactyl|34/100|[from] ability: Rough Skin|[of] p1b: Garchomp
|move|p2a: Charizard|Weather Ball|p1b: Garchomp
|-resisted|p1b: Garchomp|1
|-damage|p1b: Garchomp|0 fnt
|faint|p1b: Garchomp
|move|p1a: Toxapex|Toxic|p2a: Charizard
|-status|p2a: Charizard|tox
|
|-weather|SunnyDay|[upkeep]
|-heal|p1a: Toxapex|26/100|[from] item: Leftovers
|-damage|p2a: Charizard|81/100 tox|[from] psn
|-damage|p2a: Charizard|69/100 tox|[from] move: Infestation|[partiallytrapped]
|upkeep
|
|t:|1784627508
|switch|p1b: Charizard|Charizard, L50, F|100/100
|turn|5
|
|t:|1784627531
|switch|p2b: Farigiraf|Farigiraf, L50, M|100/100
|move|p1a: Toxapex|Baneful Bunker|p1a: Toxapex
|-singleturn|p1a: Toxapex|move: Protect
|move|p1b: Charizard|Heat Wave|p2b: Farigiraf|[spread] p2a,p2b
|-resisted|p2a: Charizard|1
|-damage|p2a: Charizard|51/100 tox
|-damage|p2b: Farigiraf|59/100
|-status|p2b: Farigiraf|brn
|move|p2a: Charizard|Solar Beam||[still]
|-prepare|p2a: Charizard|Solar Beam
|-anim|p2a: Charizard|Solar Beam|p1a: Toxapex
|-activate|p1a: Toxapex|move: Protect
|
|-weather|none
|-heal|p1a: Toxapex|31/100|[from] item: Leftovers
|-damage|p2a: Charizard|39/100 tox|[from] psn
|-damage|p2b: Farigiraf|53/100 brn|[from] brn
|-damage|p2a: Charizard|27/100 tox|[from] move: Infestation|[partiallytrapped]
|upkeep
|turn|6
|inactive|cascais shopping has 30 seconds left.
|inactive|cascais shopping has 20 seconds left.
|
|t:|1784627568
|detailschange|p1b: Charizard|Charizard-Mega-Y, L50, F
|-mega|p1b: Charizard|Charizard|Charizardite Y
|-weather|SunnyDay|[from] ability: Drought|[of] p1b: Charizard
|move|p1a: Toxapex|Baneful Bunker||[still]
|-fail|p1a: Toxapex
|move|p1b: Charizard|Weather Ball|p2b: Farigiraf
|-damage|p2b: Farigiraf|0 fnt
|faint|p2b: Farigiraf
|move|p2a: Charizard|Weather Ball|p1a: Toxapex
|-resisted|p1a: Toxapex|1
|-damage|p1a: Toxapex|1/100
|
|-weather|SunnyDay|[upkeep]
|-heal|p1a: Toxapex|7/100|[from] item: Leftovers
|-damage|p2a: Charizard|9/100 tox|[from] psn
|-damage|p2a: Charizard|0 fnt|[from] move: Infestation|[partiallytrapped]
|faint|p2a: Charizard
|upkeep
|
|t:|1784627580
|switch|p2b: Aerodactyl|Aerodactyl, L50, M|34/100
|-ability|p2b: Aerodactyl|Unnerve
|turn|7
|
|t:|1784627583
|move|p1a: Toxapex|Wide Guard|p1a: Toxapex
|-singleturn|p1a: Toxapex|Wide Guard
|move|p2b: Aerodactyl|Rock Slide|p1a: Toxapex|[spread] 
|-activate|p1a: Toxapex|move: Wide Guard
|-activate|p1b: Charizard|move: Wide Guard
|move|p1b: Charizard|Weather Ball|p2b: Aerodactyl
|-resisted|p2b: Aerodactyl|1
|-damage|p2b: Aerodactyl|0 fnt
|faint|p2b: Aerodactyl
|
|win|cascais shopping
|raw|cascais shopping's rating: 1344 → 1361(+17 for winning)
|raw|new mental's rating: 1288 → 1267(-21 for losing)
