|j|☆RaikuDraco
|j|☆Twigy1
|html|RaikuDracoTwigy1    
|uhtml|bestof|Game 2 of a best-of-3
|t:|1755737443
|gametype|doubles
|player|p1|RaikuDraco|265|1219
|player|p2|Twigy1|colress|1219
|gen|9
|tier|[Gen 9] VGC 2025 Reg H (Bo3)
|rated|
|rule|Species Clause: Limit one of each Pokémon
|rule|Item Clause: Limit 1 of each item
|clearpoke
|poke|p1|Sneasler, L50, F|
|poke|p1|Porygon2, L50|
|poke|p1|Gholdengo, L50|
|poke|p1|Incineroar, L50, F|
|poke|p1|Ursaluna-Bloodmoon, L50, M|
|poke|p1|Rillaboom, L50, F|
|poke|p2|Garchomp, L50, M|
|poke|p2|Dragonite, L50, M|
|poke|p2|Gholdengo, L50|
|poke|p2|Talonflame, L50, M|
|poke|p2|Primarina, L50, F|
|poke|p2|Amoonguss, L50, F|
|teampreview|4
|showteam|p1|Sneasler||WhiteHerb|Unburden|DireClaw,CloseCombat,Acrobatics,Protect|||F|||50|,,,,,Flying]Porygon2||Eviolite|Download|TeraBlast,IceBeam,Recover,TrickRoom||||||50|,,,,,Ground]Gholdengo||MetalCoat|GoodasGold|Protect,NastyPlot,MakeItRain,ShadowBall||||||50|,,,,,Water]Incineroar||SafetyGoggles|Intimidate|FlareBlitz,KnockOff,PartingShot,FakeOut|||F|||50|,,,,,Ghost]Ursaluna-Bloodmoon||LifeOrb|MindsEye|BloodMoon,HyperVoice,EarthPower,Protect|||M|||50|,,,,,Normal]Rillaboom||AssaultVest|GrassySurge|FakeOut,GrassyGlide,Uturn,WoodHammer|||F|||50|,,,,,Fire
|showteam|p2|Garchomp||LifeOrb|RoughSkin|StompingTantrum,DragonClaw,Earthquake,Protect|||M|||50|,,,,,Ground]Dragonite||AssaultVest|InnerFocus|ExtremeSpeed,LowKick,TeraBlast,IceSpinner|||M|||50|,,,,,Flying]Gholdengo||ChoiceSpecs|GoodasGold|SteelBeam,ShadowBall,MakeItRain,Thunderbolt||||||50|,,,,,Steel]Talonflame||CovertCloak|GaleWings|BraveBird,Tailwind,Taunt,WillOWisp|||M|||50|,,,,,Grass]Primarina||MysticWater|LiquidVoice|Haze,HyperVoice,Moonblast,Protect|||F|||50|,,,,,Water]Amoonguss||SitrusBerry|Regenerator|RagePowder,Protect,Spore,SludgeBomb|||F|||50|,,,,,Electric
|inactive|Battle timer is ON: inactive players will automatically lose when time's up. (requested by RaikuDraco)
|inactive|RaikuDraco has 60 seconds left.
|inactive|RaikuDraco has 30 seconds left.
|inactive|RaikuDraco has 20 seconds left.
|
|t:|1755737519
|teamsize|p1|4
|teamsize|p2|4
|start
|switch|p1a: Sneasler|Sneasler, L50, F|100/100
|switch|p1b: Incineroar|Incineroar, L50, F|100/100
|switch|p2a: Amoonguss|Amoonguss, L50, F|100/100
|switch|p2b: Dragonite|Dragonite, L50, M|100/100
|-ability|p1b: Incineroar|Intimidate|boost
|-unboost|p2a: Amoonguss|atk|1
|-fail|p2b: Dragonite|unboost|Attack|[from] ability: Inner Focus|[of] p2b: Dragonite
|turn|1
|inactive|RaikuDraco has 30 seconds left.
|inactive|RaikuDraco has 20 seconds left.
|inactive|RaikuDraco has 15 seconds left.
|
|t:|1755737563
|-terastallize|p2b: Dragonite|Flying
|move|p1a: Sneasler|Protect|p1a: Sneasler
|-singleturn|p1a: Sneasler|Protect
|move|p2a: Amoonguss|Protect|p2a: Amoonguss
|-singleturn|p2a: Amoonguss|Protect
|move|p2b: Dragonite|Tera Blast|p1a: Sneasler|[anim] Tera Blast Flying
|-activate|p1a: Sneasler|move: Protect
|move|p1b: Incineroar|Parting Shot|p2b: Dragonite
|-unboost|p2b: Dragonite|atk|1
|-unboost|p2b: Dragonite|spa|1
|
|t:|1755737577
|switch|p1b: Gholdengo|Gholdengo, L50|100/100|[from] Parting Shot
|
|upkeep
|turn|2
|inactive|RaikuDraco has 30 seconds left.
|inactive|RaikuDraco has 20 seconds left.
|
|t:|1755737613
|switch|p2b: Gholdengo|Gholdengo, L50|100/100
|move|p1a: Sneasler|Dire Claw|p2b: Gholdengo
|-immune|p2b: Gholdengo
|move|p1b: Gholdengo|Make It Rain|p2a: Amoonguss|[spread] p2a,p2b
|-resisted|p2b: Gholdengo
|-crit|p2b: Gholdengo
|-damage|p2a: Amoonguss|53/100
|-damage|p2b: Gholdengo|53/100
|-unboost|p1b: Gholdengo|spa|1
|move|p2a: Amoonguss|Spore|p1a: Sneasler
|-status|p1a: Sneasler|slp|[from] move: Spore
|
|upkeep
|turn|3
|inactive|RaikuDraco has 30 seconds left.
|inactive|Twigy1 has 30 seconds left.
|inactive|RaikuDraco has 20 seconds left.
|inactive|RaikuDraco has 15 seconds left.
|inactive|RaikuDraco has 10 seconds left.
|
|t:|1755737661
|-terastallize|p1b: Gholdengo|Water
|cant|p1a: Sneasler|slp
|move|p2b: Gholdengo|Shadow Ball|p1b: Gholdengo
|-damage|p1b: Gholdengo|29/100
|move|p1b: Gholdengo|Nasty Plot|p1b: Gholdengo
|-boost|p1b: Gholdengo|spa|2
|move|p2a: Amoonguss|Sludge Bomb|p1b: Gholdengo
|-damage|p1b: Gholdengo|0 fnt
|faint|p1b: Gholdengo
|
|upkeep
|inactive|RaikuDraco has 30 seconds left.
|
|t:|1755737691
|switch|p1b: Incineroar|Incineroar, L50, F|100/100
|-ability|p1b: Incineroar|Intimidate|boost
|-unboost|p2a: Amoonguss|atk|1
|-unboost|p2b: Gholdengo|atk|1
|turn|4
|inactive|RaikuDraco has 30 seconds left.
|
|t:|1755737726
|switch|p2b: Dragonite|Dragonite, L50, M, tera:Flying|100/100
|move|p2a: Amoonguss|Protect|p2a: Amoonguss
|-singleturn|p2a: Amoonguss|Protect
|cant|p1a: Sneasler|slp
|move|p1b: Incineroar|Knock Off|p2b: Dragonite
|-damage|p2b: Dragonite|66/100
|-enditem|p2b: Dragonite|Assault Vest|[from] move: Knock Off|[of] p1b: Incineroar
|
|upkeep
|turn|5
|inactive|RaikuDraco has 30 seconds left.
|
|t:|1755737755
|cant|p1a: Sneasler|slp
|move|p2b: Dragonite|Tera Blast|p1a: Sneasler|[anim] Tera Blast Flying
|-supereffective|p1a: Sneasler
|-damage|p1a: Sneasler|0 fnt
|faint|p1a: Sneasler
|move|p1b: Incineroar|Parting Shot|p2b: Dragonite
|-unboost|p2b: Dragonite|atk|1
|-unboost|p2b: Dragonite|spa|1
|
|t:|1755737762
|switch|p1b: Porygon2|Porygon2, L50|100/100|[from] Parting Shot
|-ability|p1b: Porygon2|Download|boost
|-boost|p1b: Porygon2|atk|1
|move|p2a: Amoonguss|Spore|p1b: Porygon2
|-status|p1b: Porygon2|slp|[from] move: Spore
|
|upkeep
|
|t:|1755737769
|switch|p1a: Incineroar|Incineroar, L50, F|100/100
|-ability|p1a: Incineroar|Intimidate|boost
|-unboost|p2a: Amoonguss|atk|1
|-fail|p2b: Dragonite|unboost|Attack|[from] ability: Inner Focus|[of] p2b: Dragonite
|turn|6
|
|t:|1755737794
|switch|p2b: Gholdengo|Gholdengo, L50|53/100
|move|p2a: Amoonguss|Protect|p2a: Amoonguss
|-singleturn|p2a: Amoonguss|Protect
|move|p1a: Incineroar|Knock Off|p2a: Amoonguss
|-activate|p2a: Amoonguss|move: Protect
|cant|p1b: Porygon2|slp
|
|upkeep
|turn|7
|
|t:|1755737816
|move|p2b: Gholdengo|Steel Beam|p1b: Porygon2
|-damage|p1b: Porygon2|35/100 slp
|-damage|p2b: Gholdengo|2/100|[from] steelbeam
|move|p1a: Incineroar|Knock Off|p2b: Gholdengo
|-supereffective|p2b: Gholdengo
|-damage|p2b: Gholdengo|0 fnt
|-enditem|p2b: Gholdengo|Choice Specs|[from] move: Knock Off|[of] p1a: Incineroar
|faint|p2b: Gholdengo
|cant|p1b: Porygon2|slp
|move|p2a: Amoonguss|Sludge Bomb|p1b: Porygon2
|-damage|p1b: Porygon2|20/100 slp
|
|upkeep
|inactive|Twigy1 has 30 seconds left.
|
|t:|1755737842
|switch|p2b: Dragonite|Dragonite, L50, M, tera:Flying|66/100
|turn|8
|inactive|RaikuDraco has 30 seconds left.
|
|t:|1755737873
|move|p2b: Dragonite|Tera Blast|p1b: Porygon2|[anim] Tera Blast Flying
|-damage|p1b: Porygon2|0 fnt
|faint|p1b: Porygon2
|move|p1a: Incineroar|Flare Blitz|p2a: Amoonguss
|-supereffective|p2a: Amoonguss
|-damage|p2a: Amoonguss|0 fnt
|faint|p2a: Amoonguss
|-damage|p1a: Incineroar|81/100|[from] Recoil
|
|upkeep
|
|t:|1755737882
|switch|p2a: Talonflame|Talonflame, L50, M|100/100
|turn|9
|
|t:|1755737903
|move|p2a: Talonflame|Brave Bird|p1a: Incineroar
|-damage|p1a: Incineroar|45/100
|-damage|p2a: Talonflame|86/100|[from] Recoil
|move|p2b: Dragonite|Low Kick|p1a: Incineroar
|-supereffective|p1a: Incineroar
|-damage|p1a: Incineroar|0 fnt
|faint|p1a: Incineroar
|
|win|Twigy1
|raw|RaikuDraco's rating: 1219 → 1194(-25 for losing)
|raw|Twigy1's rating: 1219 → 1244(+25 for winning)
|c|☆Twigy1|Ggs
|c|☆RaikuDraco|ggs
