|j|☆KeshvendraPS
|j|☆azelflux
|html|KeshvendraPSazelflux    
|uhtml|bestof|Game 2 of a best-of-3
|t:|1782747934
|gametype|doubles
|player|p1|KeshvendraPS|pokekid|
|player|p2|azelflux|cynthia|
|gen|9
|tier|[Gen 9 Champions] VGC 2026 Reg M-B (Bo3)
|rule|Species Clause: Limit one of each Pokémon
|rule|Item Clause: Limit 1 of each item
|clearpoke
|poke|p1|Charizard, L50, F|
|poke|p1|Volcarona, L50, F|
|poke|p1|Aegislash, L50, M|
|poke|p1|Skarmory, L50, M|
|poke|p1|Glimmora, L50, M|
|poke|p1|Clefable, L50, F|
|poke|p2|Incineroar, L50, F|
|poke|p2|Sinistcha-Masterpiece, L50|
|poke|p2|Floette-Eternal, L50, F|
|poke|p2|Garchomp, L50, M|
|poke|p2|Charizard, L50, M|
|poke|p2|Venusaur, L50, F|
|teampreview|4
|showteam|p1|Charizard||CharizarditeX|Blaze|DragonDance,Earthquake,DragonClaw,Roost|Adamant||F|||50|]Volcarona||LifeOrb|FlameBody|QuiverDance,GigaDrain,FieryDance,HeatWave|Modest||F|||50|]Aegislash||SitrusBerry|StanceChange|ShadowSneak,KingsShield,ZenHeadbutt,Reflect|Impish||M|||50|]Skarmory||Leftovers|Sturdy|Spikes,Tailwind,Protect,Whirlwind|Impish||M|||50|]Glimmora||Glimmoranite|ToxicDebris|StealthRock,PowerGem,DazzlingGleam,Protect|Modest||M|||50|]Clefable||Clefablite|MagicGuard|CalmMind,Protect,Blizzard,Wish|Calm||F|||50|
|showteam|p2|Incineroar||SitrusBerry|Intimidate|FlareBlitz,FakeOut,PartingShot,ThroatChop|Careful||F|||50|]Sinistcha-Masterpiece||KasibBerry|Hospitality|MatchaGotcha,RagePowder,TrickRoom,Protect|Relaxed|||||50|]Floette-Eternal||Floettite|FlowerVeil|Moonblast,DazzlingGleam,CalmMind,Protect|Modest||F|||50|]Garchomp||ChoiceScarf|RoughSkin|RockSlide,Earthquake,DragonClaw,StompingTantrum|Adamant||M|||50|]Charizard||CharizarditeY|Blaze|HeatWave,SolarBeam,WeatherBall,Protect|Modest||M|||50|]Venusaur||FocusSash|Chlorophyll|SludgeBomb,EarthPower,SleepPowder,Protect|Timid||F|||50|
|inactive|Battle timer is ON: inactive players will automatically lose when time's up. (requested by azelflux)
|
|t:|1782747955
|teamsize|p1|4
|teamsize|p2|4
|start
|switch|p1a: Skarmory|Skarmory, L50, M|100/100
|switch|p1b: Glimmora|Glimmora, L50, M|100/100
|switch|p2a: Charizard|Charizard, L50, M|100/100
|switch|p2b: Venusaur|Venusaur, L50, F|100/100
|turn|1
|
|t:|1782747968
|detailschange|p2a: Charizard|Charizard-Mega-Y, L50, M
|-mega|p2a: Charizard|Charizard|Charizardite Y
|-weather|SunnyDay|[from] ability: Drought|[of] p2a: Charizard
|move|p2b: Venusaur|Earth Power|p1b: Glimmora
|-supereffective|p1b: Glimmora|2
|-damage|p1b: Glimmora|0 fnt
|faint|p1b: Glimmora
|move|p2a: Charizard|Weather Ball|p1a: Skarmory
|-supereffective|p1a: Skarmory|1
|-crit|p1a: Skarmory
|-ability|p1a: Skarmory|Sturdy
|-damage|p1a: Skarmory|1/100
|move|p1a: Skarmory|Spikes|p2b: Venusaur
|-sidestart|p2: azelflux|Spikes
|
|-weather|SunnyDay|[upkeep]
|-heal|p1a: Skarmory|6/100|[from] item: Leftovers
|upkeep
|
|t:|1782747988
|switch|p1b: Charizard|Charizard, L50, F|100/100
|turn|2
|c|☆azelflux|its joever bro
|c|☆azelflux|watch this
|
|t:|1782748002
|move|p2b: Venusaur|Sleep Powder|p1b: Charizard|[miss]
|-miss|p2b: Venusaur|p1b: Charizard
|move|p1b: Charizard|Dragon Dance|p1b: Charizard
|-boost|p1b: Charizard|atk|1
|-boost|p1b: Charizard|spe|1
|move|p2a: Charizard|Heat Wave|p1b: Charizard|[spread] p1b
|-miss|p2a: Charizard|p1a: Skarmory
|-resisted|p1b: Charizard|1
|-damage|p1b: Charizard|61/100
|move|p1a: Skarmory|Tailwind|p1a: Skarmory
|-sidestart|p1: KeshvendraPS|move: Tailwind
|
|-weather|SunnyDay|[upkeep]
|-heal|p1a: Skarmory|12/100|[from] item: Leftovers
|upkeep
|turn|3
|c|☆azelflux|oh fuck this
|inactive|KeshvendraPS has 30 seconds left.
|
|t:|1782748035
|switch|p2a: Incineroar|Incineroar, L50, F|100/100
|-damage|p2a: Incineroar|87/100|[from] Spikes
|-ability|p2a: Incineroar|Intimidate|boost
|-unboost|p1a: Skarmory|atk|1
|-unboost|p1b: Charizard|atk|1
|detailschange|p1b: Charizard|Charizard-Mega-X, L50, F
|-mega|p1b: Charizard|Charizard|Charizardite X
|move|p1b: Charizard|Dragon Claw|p2b: Venusaur
|-damage|p2b: Venusaur|26/100
|move|p2b: Venusaur|Sleep Powder|p1b: Charizard|[miss]
|-miss|p2b: Venusaur|p1b: Charizard
|move|p1a: Skarmory|Spikes|p2b: Venusaur
|-sidestart|p2: azelflux|Spikes
|
|-weather|SunnyDay|[upkeep]
|-heal|p1a: Skarmory|18/100|[from] item: Leftovers
|upkeep
|turn|4
|
|t:|1782748056
|move|p1a: Skarmory|Protect|p1a: Skarmory
|-singleturn|p1a: Skarmory|Protect
|move|p2a: Incineroar|Fake Out|p1b: Charizard
|-damage|p1b: Charizard|49/100
|cant|p1b: Charizard|flinch
|move|p2b: Venusaur|Earth Power|p1b: Charizard
|-supereffective|p1b: Charizard|1
|-damage|p1b: Charizard|0 fnt
|faint|p1b: Charizard
|
|-weather|SunnyDay|[upkeep]
|-heal|p1a: Skarmory|23/100|[from] item: Leftovers
|upkeep
|
|t:|1782748062
|switch|p1b: Volcarona|Volcarona, L50, F|100/100
|turn|5
|
|t:|1782748081
|move|p1b: Volcarona|Quiver Dance|p1b: Volcarona
|-boost|p1b: Volcarona|spa|1
|-boost|p1b: Volcarona|spd|1
|-boost|p1b: Volcarona|spe|1
|move|p2b: Venusaur|Sleep Powder|p1b: Volcarona|[miss]
|-miss|p2b: Venusaur|p1b: Volcarona
|move|p2a: Incineroar|Flare Blitz|p1a: Skarmory
|-supereffective|p1a: Skarmory|1
|-damage|p1a: Skarmory|0 fnt
|faint|p1a: Skarmory
|-damage|p2a: Incineroar|80/100|[from] Recoil
|
|-weather|none
|-sideend|p1: KeshvendraPS|move: Tailwind
|upkeep
|turn|6
|
|t:|1782748098
|switch|p2a: Charizard|Charizard-Mega-Y, L50, M|100/100
|-weather|SunnyDay|[from] ability: Drought|[of] p2a: Charizard
|move|p2b: Venusaur|Sleep Powder|p1b: Volcarona|[miss]
|-miss|p2b: Venusaur|p1b: Volcarona
|move|p1b: Volcarona|Heat Wave|p2b: Venusaur|[spread] p2a,p2b
|-resisted|p2a: Charizard|1
|-supereffective|p2b: Venusaur|1
|-damage|p2a: Charizard|37/100
|-damage|p2b: Venusaur|0 fnt
|faint|p2b: Venusaur
|-damage|p1b: Volcarona|90/100|[from] item: Life Orb
|
|-weather|SunnyDay|[upkeep]
|upkeep
|
|t:|1782748101
|switch|p2b: Garchomp|Garchomp, L50, M|100/100
|-damage|p2b: Garchomp|83/100|[from] Spikes
|turn|7
|c|☆azelflux|4 misses
|c|☆azelflux|0.4% chance
|inactive|azelflux has 30 seconds left.
|
|t:|1782748129
|move|p2b: Garchomp|Rock Slide|p1b: Volcarona
|-supereffective|p1b: Volcarona|2
|-damage|p1b: Volcarona|0 fnt
|faint|p1b: Volcarona
|
|win|azelflux
|l|☆KeshvendraPS
|player|p1|
