|j|☆elderen17
|j|☆master 792
|html|elderen17master 792    
|uhtml|bestof|Game 3 of a best-of-3
|t:|1756584865
|gametype|doubles
|player|p1|elderen17|pokemonbreeder-gen4|1118
|player|p2|master 792|red|1224
|gen|9
|tier|[Gen 9] VGC 2025 Reg H (Bo3)
|rated|
|rule|Species Clause: Limit one of each Pokémon
|rule|Item Clause: Limit 1 of each item
|clearpoke
|poke|p1|Dragonite, L50, M|
|poke|p1|Amoonguss, L50, M|
|poke|p1|Ursaluna-Bloodmoon, L50, M|
|poke|p1|Gholdengo, L50|
|poke|p1|Indeedee, L50, M|
|poke|p1|Sneasler, L50, M|
|poke|p2|Volcarona, L50, F|
|poke|p2|Kingambit, L50, M|
|poke|p2|Rillaboom, L50, M|
|poke|p2|Electabuzz, L50, M|
|poke|p2|Sneasler, L50, M|
|poke|p2|Dragonite, L50, F|
|teampreview|4
|showteam|p1|Dragonite||LoadedDice|InnerFocus|ScaleShot,Haze,Tailwind,Protect|||M|||50|,,,,,Fairy]Amoonguss||SitrusBerry|Regenerator|Spore,RagePowder,Protect,PollenPuff|||M|||50|,,,,,Water]Ursaluna-Bloodmoon||LifeOrb|MindsEye|HyperVoice,BloodMoon,EarthPower,Protect|||M|||50|,,,,,Normal]Gholdengo||Leftovers|GoodasGold|MakeItRain,ShadowBall,NastyPlot,Protect||||||50|,,,,,Water]Indeedee||FocusSash|PsychicSurge|TrickRoom,Imprison,ExpandingForce,TeraBlast|||M|||50|,,,,,Fighting]Sneasler||PsychicSeed|Unburden|DireClaw,CloseCombat,ThroatChop,Protect|||M|||50|,,,,,Dark
|showteam|p2|Volcarona||CovertCloak|FlameBody|Protect,HeatWave,TeraBlast,QuiverDance|||F|||50|,,,,,Fairy]Kingambit||BlackGlasses|Defiant|Protect,KowtowCleave,SuckerPunch,SwordsDance|||M|||50|,,,,,Dark]Rillaboom||AssaultVest|GrassySurge|WoodHammer,GrassyGlide,HighHorsepower,FakeOut|||M|||50|,,,,,Fire]Electabuzz||Eviolite|VitalSpirit|Protect,Thunderbolt,Taunt,FollowMe|||M|||50|,,,,,Ghost]Sneasler||FocusSash|Unburden|CloseCombat,DireClaw,Coaching,FakeOut|||M|||50|,,,,,Stellar]Dragonite||LoadedDice|Multiscale|ScaleShot,ExtremeSpeed,Haze,Protect|||F|||50|,,,,,Fairy
|inactive|Battle timer is ON: inactive players will automatically lose when time's up. (requested by elderen17)
|inactive|elderen17 has 60 seconds left.
|
|t:|1756584916
|teamsize|p1|4
|teamsize|p2|4
|start
|switch|p1a: Dragonite|Dragonite, L50, M|100/100
|switch|p1b: Ursaluna|Ursaluna-Bloodmoon, L50, M|100/100
|switch|p2a: Motrha|Volcarona, L50, F, shiny|100/100
|switch|p2b: Ozzi|Electabuzz, L50, M, shiny|100/100
|turn|1
|
|t:|1756584927
|-terastallize|p1b: Ursaluna|Normal
|move|p2b: Ozzi|Taunt|p1a: Dragonite
|-start|p1a: Dragonite|move: Taunt
|move|p2a: Motrha|Quiver Dance|p2a: Motrha
|-boost|p2a: Motrha|spa|1
|-boost|p2a: Motrha|spd|1
|-boost|p2a: Motrha|spe|1
|cant|p1a: Dragonite|move: Taunt|Tailwind
|move|p1b: Ursaluna|Hyper Voice|p2a: Motrha|[spread] p2a,p2b
|-damage|p2a: Motrha|64/100
|-damage|p2b: Ozzi|51/100
|-damage|p1b: Ursaluna|91/100|[from] item: Life Orb
|
|upkeep
|turn|2
|
|t:|1756584942
|-terastallize|p2a: Motrha|Fairy
|move|p2b: Ozzi|Follow Me|p2b: Ozzi
|-singleturn|p2b: Ozzi|move: Follow Me
|move|p2a: Motrha|Quiver Dance|p2a: Motrha
|-boost|p2a: Motrha|spa|1
|-boost|p2a: Motrha|spd|1
|-boost|p2a: Motrha|spe|1
|move|p1a: Dragonite|Scale Shot|p2b: Ozzi
|-damage|p2b: Ozzi|40/100
|-damage|p2b: Ozzi|29/100
|-damage|p2b: Ozzi|18/100
|-damage|p2b: Ozzi|5/100
|-damage|p2b: Ozzi|0 fnt
|faint|p2b: Ozzi
|-hitcount|p2: Ozzi|5
|-unboost|p1a: Dragonite|def|1
|-boost|p1a: Dragonite|spe|1
|move|p1b: Ursaluna|Hyper Voice|p2a: Motrha
|-damage|p2a: Motrha|23/100
|-damage|p1b: Ursaluna|81/100|[from] item: Life Orb
|
|upkeep
|
|t:|1756584947
|switch|p2b: Everest|Sneasler, L50, M|100/100
|turn|3
|
|t:|1756584967
|switch|p1b: Indeedee|Indeedee, L50, M|100/100
|-fieldstart|move: Psychic Terrain|[from] ability: Psychic Surge|[of] p1b: Indeedee
|move|p2a: Motrha|Tera Blast|p1a: Dragonite|[anim] Tera Blast Fairy
|-supereffective|p1a: Dragonite
|-damage|p1a: Dragonite|0 fnt
|faint|p1a: Dragonite
|move|p2b: Everest|Close Combat|p1b: Indeedee
|-enditem|p1b: Indeedee|Focus Sash
|-damage|p1b: Indeedee|1/100
|-unboost|p2b: Everest|def|1
|-unboost|p2b: Everest|spd|1
|
|upkeep
|
|t:|1756584974
|switch|p1a: Sneasler|Sneasler, L50, M|100/100
|-enditem|p1a: Sneasler|Psychic Seed
|-boost|p1a: Sneasler|spd|1|[from] item: Psychic Seed
|turn|4
|
|t:|1756584993
|switch|p2b: Limonathor|Rillaboom, L50, M, shiny|100/100
|-fieldstart|move: Grassy Terrain|[from] ability: Grassy Surge|[of] p2b: Limonathor
|move|p2a: Motrha|Protect|p2a: Motrha
|-singleturn|p2a: Motrha|Protect
|move|p1a: Sneasler|Dire Claw|p2a: Motrha
|-activate|p2a: Motrha|move: Protect
|move|p1b: Indeedee|Expanding Force|p2b: Limonathor
|-damage|p2b: Limonathor|77/100
|
|-heal|p2a: Motrha|30/100|[from] Grassy Terrain
|-heal|p1b: Indeedee|7/100|[from] Grassy Terrain
|-heal|p2b: Limonathor|83/100|[from] Grassy Terrain
|upkeep
|turn|5
|
|t:|1756585009
|move|p2b: Limonathor|Fake Out|p1a: Sneasler
|-damage|p1a: Sneasler|83/100
|cant|p1a: Sneasler|flinch
|move|p2a: Motrha|Heat Wave|p1b: Indeedee|[spread] p1a,p1b
|-damage|p1a: Sneasler|19/100
|-damage|p1b: Indeedee|0 fnt
|faint|p1b: Indeedee
|
|-heal|p1a: Sneasler|25/100|[from] Grassy Terrain
|-heal|p2a: Motrha|36/100|[from] Grassy Terrain
|-heal|p2b: Limonathor|88/100|[from] Grassy Terrain
|upkeep
|
|t:|1756585012
|switch|p1b: Ursaluna|Ursaluna-Bloodmoon, L50, M, tera:Normal|81/100
|turn|6
|
|t:|1756585019
|move|p2b: Limonathor|Grassy Glide|p1a: Sneasler
|-resisted|p1a: Sneasler
|-damage|p1a: Sneasler|1/100
|move|p1a: Sneasler|Dire Claw|p2a: Motrha
|-supereffective|p2a: Motrha
|-damage|p2a: Motrha|0 fnt
|faint|p2a: Motrha
|move|p1b: Ursaluna|Blood Moon|p2b: Limonathor
|-damage|p2b: Limonathor|0 fnt
|faint|p2b: Limonathor
|-damage|p1b: Ursaluna|71/100|[from] item: Life Orb
|
|-heal|p1a: Sneasler|7/100|[from] Grassy Terrain
|-heal|p1b: Ursaluna|77/100|[from] Grassy Terrain
|upkeep
|
|t:|1756585024
|switch|p2b: Everest|Sneasler, L50, M|100/100
|turn|7
|
|t:|1756585040
|move|p1a: Sneasler|Protect|p1a: Sneasler
|-singleturn|p1a: Sneasler|Protect
|move|p1b: Ursaluna|Protect|p1b: Ursaluna
|-singleturn|p1b: Ursaluna|Protect
|move|p2b: Everest|Dire Claw|p1a: Sneasler
|-activate|p1a: Sneasler|move: Protect
|
|-heal|p1a: Sneasler|13/100|[from] Grassy Terrain
|-heal|p1b: Ursaluna|83/100|[from] Grassy Terrain
|upkeep
|turn|8
|
|t:|1756585055
|move|p1a: Sneasler|Dire Claw|p2b: Everest
|-resisted|p2b: Everest
|-damage|p2b: Everest|66/100
|move|p2b: Everest|Close Combat|p1a: Sneasler
|-resisted|p1a: Sneasler
|-damage|p1a: Sneasler|0 fnt
|-unboost|p2b: Everest|def|1
|-unboost|p2b: Everest|spd|1
|faint|p1a: Sneasler
|move|p1b: Ursaluna|Blood Moon|p2b: Everest
|-damage|p2b: Everest|0 fnt
|faint|p2b: Everest
|-damage|p1b: Ursaluna|73/100|[from] item: Life Orb
|
|win|elderen17
|raw|elderen17's rating: 1118 → 1150(+32 for winning)
|raw|master 792's rating: 1224 → 1192(-32 for losing)
|c|☆master 792|Noo la hacks
