|j|☆iliasdelm
|j|☆efwefwefwefweifier
|html|iliasdelmefwefwefwefweifier    
|uhtml|bestof|Game 2 of a best-of-3
|t:|1756472732
|gametype|doubles
|player|p1|iliasdelm|gambler|1142
|player|p2|efwefwefwefweifier|juan|1173
|gen|9
|tier|[Gen 9] VGC 2025 Reg H (Bo3)
|rated|
|rule|Species Clause: Limit one of each Pokémon
|rule|Item Clause: Limit 1 of each item
|clearpoke
|poke|p1|Sneasler, L50, F|
|poke|p1|Incineroar, L50, M|
|poke|p1|Gholdengo, L50|
|poke|p1|Ursaluna, L50, F|
|poke|p1|Amoonguss, L50, F|
|poke|p1|Porygon2, L50|
|poke|p2|Porygon2, L50|
|poke|p2|Ursaluna, L50, F|
|poke|p2|Primarina, L50, F|
|poke|p2|Amoonguss, L50, F|
|poke|p2|Sneasler, L50, M|
|poke|p2|Dragonite, L50, F|
|teampreview|4
|showteam|p1|Sneasler||FocusSash|Unburden|FakeOut,CloseCombat,DireClaw,Coaching|||F|||50|,,,,,Grass]Incineroar||AssaultVest|Intimidate|FlareBlitz,KnockOff,FakeOut,Uturn|||M|||50|,,,,,Grass]Gholdengo||LifeOrb|GoodasGold|MakeItRain,ShadowBall,NastyPlot,Protect||||||50|,,,,,Water]Ursaluna||FlameOrb|Guts|Facade,HeadlongRush,Protect,Substitute|||F|||50|,,,,,Ghost]Amoonguss||SitrusBerry|Regenerator|PollenPuff,Spore,RagePowder,ClearSmog|||F|||50|,,,,,Electric]Porygon2||Eviolite|Download|IceBeam,TeraBlast,Recover,TrickRoom||||||50|,,,,,Fighting
|showteam|p2|Porygon2||Eviolite|Download|TeraBlast,IceBeam,TrickRoom,Recover||||||50|,,,,,Fighting]Ursaluna||FlameOrb|Guts|HeadlongRush,Earthquake,Facade,Protect|||F|||50|,,,,,Ghost]Primarina||LifeOrb|LiquidVoice|HyperVoice,Moonblast,Protect,Haze|||F|||50|,,,,,Poison]Amoonguss||CovertCloak|Regenerator|RagePowder,Spore,Protect,PollenPuff|||F|||50|,,,,,Fairy]Sneasler||FocusSash|Unburden|CloseCombat,DireClaw,Coaching,Protect|||M|||50|,,,,,Stellar]Dragonite||LoadedDice|Multiscale|ScaleShot,StompingTantrum,Protect,Tailwind|||F|||50|,,,,,Steel
|inactive|Battle timer is ON: inactive players will automatically lose when time's up. (requested by efwefwefwefweifier)
|
|t:|1756472761
|teamsize|p1|4
|teamsize|p2|4
|start
|switch|p1a: Incineroar|Incineroar, L50, M|100/100
|switch|p1b: Gholdengo|Gholdengo, L50|100/100
|switch|p2a: Porygon2|Porygon2, L50|100/100
|switch|p2b: Primarina|Primarina, L50, F|100/100
|-ability|p1a: Incineroar|Intimidate|boost
|-unboost|p2a: Porygon2|atk|1
|-unboost|p2b: Primarina|atk|1
|-ability|p2a: Porygon2|Download|boost
|-boost|p2a: Porygon2|atk|1
|turn|1
|
|t:|1756472770
|move|p1a: Incineroar|Fake Out|p2a: Porygon2
|-damage|p2a: Porygon2|94/100
|move|p1b: Gholdengo|Nasty Plot|p1b: Gholdengo
|-boost|p1b: Gholdengo|spa|2
|move|p2b: Primarina|Haze|p2b: Primarina
|-clearallboost
|cant|p2a: Porygon2|flinch
|
|upkeep
|turn|2
|
|t:|1756472791
|move|p1b: Gholdengo|Make It Rain|p2a: Porygon2|[spread] p2a,p2b
|-damage|p2a: Porygon2|64/100
|-damage|p2b: Primarina|50/100
|-unboost|p1b: Gholdengo|spa|1
|-damage|p1b: Gholdengo|91/100|[from] item: Life Orb
|move|p1a: Incineroar|U-turn|p2a: Porygon2
|-damage|p2a: Porygon2|51/100
|
|t:|1756472799
|switch|p1a: Amoonguss|Amoonguss, L50, F|100/100|[from] U-turn
|move|p2b: Primarina|Hyper Voice|p1b: Gholdengo|[spread] p1a,p1b
|-resisted|p1a: Amoonguss
|-damage|p1a: Amoonguss|81/100
|-damage|p1b: Gholdengo|46/100
|-damage|p2b: Primarina|40/100|[from] item: Life Orb
|move|p2a: Porygon2|Trick Room|p2a: Porygon2
|-fieldstart|move: Trick Room|[of] p2a: Porygon2
|
|upkeep
|turn|3
|
|t:|1756472815
|switch|p2b: Amoonguss|Amoonguss, L50, F|100/100
|move|p1a: Amoonguss|Spore|p2a: Porygon2
|-status|p2a: Porygon2|slp|[from] move: Spore
|cant|p2a: Porygon2|slp
|move|p1b: Gholdengo|Make It Rain|p2a: Porygon2|[spread] p2a,p2b
|-damage|p2a: Porygon2|27/100 slp
|-damage|p2b: Amoonguss|72/100
|-unboost|p1b: Gholdengo|spa|1
|-damage|p1b: Gholdengo|36/100|[from] item: Life Orb
|
|upkeep
|turn|4
|
|t:|1756472829
|switch|p1b: Ursaluna|Ursaluna, L50, F|100/100
|move|p1a: Amoonguss|Pollen Puff|p2a: Porygon2
|-damage|p2a: Porygon2|15/100 slp
|move|p2b: Amoonguss|Pollen Puff|p2a: Porygon2
|-heal|p2a: Porygon2|65/100 slp
|cant|p2a: Porygon2|slp
|
|-status|p1b: Ursaluna|brn|[from] item: Flame Orb
|upkeep
|turn|5
|inactive|efwefwefwefweifier has 30 seconds left.
|
|t:|1756472856
|move|p1a: Amoonguss|Pollen Puff|p2a: Porygon2
|-damage|p2a: Porygon2|54/100 slp
|move|p1b: Ursaluna|Headlong Rush|p2b: Amoonguss
|-crit|p2b: Amoonguss
|-damage|p2b: Amoonguss|0 fnt
|-unboost|p1b: Ursaluna|def|1
|-unboost|p1b: Ursaluna|spd|1
|faint|p2b: Amoonguss
|-curestatus|p2a: Porygon2|slp|[msg]
|move|p2a: Porygon2|Ice Beam|p1b: Ursaluna
|-supereffective|p1b: Ursaluna
|-damage|p1b: Ursaluna|45/100 brn
|
|-damage|p1b: Ursaluna|39/100 brn|[from] brn
|upkeep
|
|t:|1756472879
|switch|p2b: Primarina|Primarina, L50, F|40/100
|turn|6
|
|t:|1756472893
|switch|p2a: Ursaluna|Ursaluna, L50, F|100/100
|move|p2b: Primarina|Protect|p2b: Primarina
|-singleturn|p2b: Primarina|Protect
|move|p1a: Amoonguss|Clear Smog|p2b: Primarina
|-activate|p2b: Primarina|move: Protect
|move|p1b: Ursaluna|Facade|p2a: Ursaluna
|-damage|p2a: Ursaluna|15/100
|
|-damage|p1b: Ursaluna|33/100 brn|[from] brn
|-fieldend|move: Trick Room
|-status|p2a: Ursaluna|brn|[from] item: Flame Orb
|upkeep
|turn|7
|inactive|efwefwefwefweifier has 30 seconds left.
|
|t:|1756472920
|switch|p1a: Incineroar|Incineroar, L50, M|100/100
|-ability|p1a: Incineroar|Intimidate|boost
|-unboost|p2a: Ursaluna|atk|1
|-unboost|p2b: Primarina|atk|1
|move|p1b: Ursaluna|Protect|p1b: Ursaluna
|-singleturn|p1b: Ursaluna|Protect
|move|p2a: Ursaluna|Facade|p1a: Incineroar
|-damage|p1a: Incineroar|27/100
|move|p2b: Primarina|Hyper Voice|p1b: Ursaluna|[spread] p1a
|-activate|p1b: Ursaluna|move: Protect
|-supereffective|p1a: Incineroar
|-damage|p1a: Incineroar|0 fnt
|faint|p1a: Incineroar
|-damage|p2b: Primarina|30/100|[from] item: Life Orb
|
|-damage|p2a: Ursaluna|9/100 brn|[from] brn
|-damage|p1b: Ursaluna|27/100 brn|[from] brn
|upkeep
|
|t:|1756472933
|switch|p1a: Gholdengo|Gholdengo, L50|36/100
|turn|8
|-message|efwefwefwefweifier forfeited.
|raw|iliasdelm's rating: 1142 → 1169(+27 for winning)
|raw|efwefwefwefweifier's rating: 1173 → 1146(-27 for losing)
|
|win|iliasdelm
