|j|☆cookbayz
|j|☆Moonlight Flutter
|html|cookbayzMoonlight Flutter    
|uhtml|bestof|Game 2 of a best-of-3
|t:|1782353997
|gametype|doubles
|player|p1|cookbayz|dancer|
|player|p2|Moonlight Flutter|miku-flying|
|gen|9
|tier|[Gen 9 Champions] VGC 2026 Reg M-B (Bo3)
|rule|Species Clause: Limit one of each Pokémon
|rule|Item Clause: Limit 1 of each item
|clearpoke
|poke|p1|Mawile, L50, M|
|poke|p1|Charizard, L50, M|
|poke|p1|Farigiraf, L50, F|
|poke|p1|Gallade, L50, M|
|poke|p1|Torkoal, L50, F|
|poke|p1|Kangaskhan, L50, F|
|poke|p2|Sinistcha, L50|
|poke|p2|Incineroar, L50, F|
|poke|p2|Milotic, L50, F|
|poke|p2|Raichu, L50, M|
|poke|p2|Ceruledge, L50, F|
|poke|p2|Mawile, L50, F|
|teampreview|4
|showteam|p1|Mawile||Mawilite|HyperCutter|PlayRough,RockSlide,SuckerPunch,SwordsDance|Brave||M|||50|]Charizard||CharizarditeY|Blaze|HeatWave,WeatherBall,SolarBeam,Protect|Modest||M|||50|]Farigiraf||SitrusBerry|ArmorTail|Psychic,Thunderbolt,TrickRoom,HelpingHand|Bold||F|||50|]Gallade||IronBall|Sharpness|SacredSword,PsychoCut,TrickRoom,WideGuard|Brave||M|||50|]Torkoal||Charcoal|Drought|Eruption,WeatherBall,EarthPower,Protect|Quiet||F|||50|]Kangaskhan||LifeOrb|Scrappy|FakeOut,LastResort|Brave||F|||50|
|showteam|p2|Sinistcha||KasibBerry|Hospitality|MatchaGotcha,LifeDew,RagePowder,Protect|Relaxed|||||50|]Incineroar||SitrusBerry|Intimidate|FlareBlitz,ThroatChop,FakeOut,PartingShot|Impish||F|||50|]Milotic||Leftovers|Competitive|MuddyWater,Coil,Hypnosis,Protect|Calm||F|||50|]Raichu||RaichuniteY|LightningRod|ZapCannon,FocusBlast,FakeOut,Protect|Timid||M|||50|]Ceruledge||ColburBerry|FlashFire|BitterBlade,ShadowSneak,BulkUp,Protect|Adamant||F|||50|]Mawile||Mawilite|HyperCutter|PlayRough,IronHead,SuckerPunch,Protect|Adamant||F|||50|
|inactive|Battle timer is ON: inactive players will automatically lose when time's up. (requested by cookbayz)
|
|t:|1782354020
|teamsize|p1|4
|teamsize|p2|4
|start
|switch|p1a: Farigiraf|Farigiraf, L50, F|100/100
|switch|p1b: Kangaskhan|Kangaskhan, L50, F|100/100
|switch|p2a: Milotic|Milotic, L50, F|100/100
|switch|p2b: Mawile|Mawile, L50, F|100/100
|turn|1
|
|t:|1782354029
|detailschange|p2b: Mawile|Mawile-Mega, L50, F
|-mega|p2b: Mawile|Mawile|Mawilite
|move|p1b: Kangaskhan|Fake Out|p2a: Milotic
|-damage|p2a: Milotic|80/100
|-damage|p1b: Kangaskhan|90/100|[from] item: Life Orb
|cant|p2a: Milotic|flinch
|move|p2b: Mawile|Iron Head|p1a: Farigiraf
|-damage|p1a: Farigiraf|35/100
|-enditem|p1a: Farigiraf|Sitrus Berry|[eat]
|-heal|p1a: Farigiraf|60/100|[from] item: Sitrus Berry
|move|p1a: Farigiraf|Trick Room|p1a: Farigiraf
|-fieldstart|move: Trick Room|[of] p1a: Farigiraf
|
|-heal|p2a: Milotic|86/100|[from] item: Leftovers
|upkeep
|turn|2
|
|t:|1782354046
|switch|p1b: Torkoal|Torkoal, L50, F|100/100
|-weather|SunnyDay|[from] ability: Drought|[of] p1b: Torkoal
|move|p2a: Milotic|Protect|p2a: Milotic
|-singleturn|p2a: Milotic|Protect
|move|p2b: Mawile|Iron Head|p1a: Farigiraf
|-damage|p1a: Farigiraf|3/100
|move|p1a: Farigiraf|Thunderbolt|p2a: Milotic
|-activate|p2a: Milotic|move: Protect
|
|-weather|SunnyDay|[upkeep]
|-heal|p2a: Milotic|92/100|[from] item: Leftovers
|upkeep
|turn|3
|inactive|Moonlight Flutter has 30 seconds left.
|
|t:|1782354082
|switch|p2a: Incineroar|Incineroar, L50, F|100/100
|-ability|p2a: Incineroar|Intimidate|boost
|-unboost|p1a: Farigiraf|atk|1
|-unboost|p1b: Torkoal|atk|1
|move|p2b: Mawile|Protect|p2b: Mawile
|-singleturn|p2b: Mawile|Protect
|move|p1b: Torkoal|Eruption|p2b: Mawile|[spread] p2a
|-activate|p2b: Mawile|move: Protect
|-resisted|p2a: Incineroar|1
|-damage|p2a: Incineroar|60/100
|move|p1a: Farigiraf|Thunderbolt|p2a: Incineroar
|-damage|p2a: Incineroar|40/100
|-enditem|p2a: Incineroar|Sitrus Berry|[eat]
|-heal|p2a: Incineroar|65/100|[from] item: Sitrus Berry
|
|-weather|SunnyDay|[upkeep]
|upkeep
|turn|4
|
|t:|1782354103
|switch|p2b: Milotic|Milotic, L50, F|92/100
|move|p1b: Torkoal|Eruption|p2b: Milotic|[spread] p2a,p2b
|-resisted|p2a: Incineroar|1
|-resisted|p2b: Milotic|1
|-damage|p2a: Incineroar|26/100
|-damage|p2b: Milotic|62/100
|move|p1a: Farigiraf|Thunderbolt|p2b: Milotic
|-supereffective|p2b: Milotic|1
|-damage|p2b: Milotic|33/100
|move|p2a: Incineroar|Parting Shot|p1b: Torkoal
|-unboost|p1b: Torkoal|atk|1
|-unboost|p1b: Torkoal|spa|1
|
|t:|1782354123
|switch|p2a: Ceruledge|Ceruledge, L50, F|100/100|[from] Parting Shot
|
|-weather|SunnyDay|[upkeep]
|-heal|p2b: Milotic|39/100|[from] item: Leftovers
|upkeep
|turn|5
|
|t:|1782354140
|switch|p1b: Kangaskhan|Kangaskhan, L50, F|90/100
|move|p1a: Farigiraf|Thunderbolt|p2b: Milotic
|-supereffective|p2b: Milotic|1
|-damage|p2b: Milotic|9/100
|move|p2b: Milotic|Coil|p2b: Milotic
|-boost|p2b: Milotic|atk|1
|-boost|p2b: Milotic|def|1
|-boost|p2b: Milotic|accuracy|1
|move|p2a: Ceruledge|Bulk Up|p2a: Ceruledge
|-boost|p2a: Ceruledge|atk|1
|-boost|p2a: Ceruledge|def|1
|
|-weather|SunnyDay|[upkeep]
|-heal|p2b: Milotic|15/100|[from] item: Leftovers
|-fieldend|move: Trick Room
|upkeep
|turn|6
|
|t:|1782354149
|move|p1b: Kangaskhan|Fake Out|p2a: Ceruledge
|-damage|p2a: Ceruledge|82/100
|-damage|p1b: Kangaskhan|80/100|[from] item: Life Orb
|cant|p2a: Ceruledge|flinch
|move|p2b: Milotic|Muddy Water|p1b: Kangaskhan|[spread] p1a,p1b
|-damage|p1a: Farigiraf|0 fnt
|-damage|p1b: Kangaskhan|69/100
|faint|p1a: Farigiraf
|
|-weather|none
|-heal|p2b: Milotic|21/100|[from] item: Leftovers
|upkeep
|
|t:|1782354156
|switch|p1a: Torkoal|Torkoal, L50, F|100/100
|-weather|SunnyDay|[from] ability: Drought|[of] p1a: Torkoal
|turn|7
|
|t:|1782354161
|move|p2a: Ceruledge|Bitter Blade|p1b: Kangaskhan
|-damage|p1b: Kangaskhan|0 fnt
|-heal|p2a: Ceruledge|100/100|[from] drain|[of] p1b: Kangaskhan
|faint|p1b: Kangaskhan
|move|p2b: Milotic|Hypnosis|p1a: Torkoal
|-status|p1a: Torkoal|slp|[from] move: Hypnosis
|cant|p1a: Torkoal|slp
|
|-weather|SunnyDay|[upkeep]
|-heal|p2b: Milotic|27/100|[from] item: Leftovers
|upkeep
|
|t:|1782354167
|switch|p1b: Gallade|Gallade, L50, M|100/100
|turn|8
|-message|cookbayz forfeited.
|
|win|Moonlight Flutter
|l|☆cookbayz
|player|p1|
