|j|☆ThierryVGC
|j|☆Pumpkinman
|html|ThierryVGCPumpkinman    
|uhtml|bestof|Game 3 of a best-of-3
|t:|1756939935
|gametype|doubles
|player|p1|ThierryVGC|2|1249
|player|p2|Pumpkinman|cyclist-gen4|1191
|gen|9
|tier|[Gen 9] VGC 2025 Reg H (Bo3)
|rated|
|rule|Species Clause: Limit one of each Pokémon
|rule|Item Clause: Limit 1 of each item
|clearpoke
|poke|p1|Porygon2, L50|
|poke|p1|Ursaluna, L50, F|
|poke|p1|Amoonguss, L50, M|
|poke|p1|Incineroar, L50, F|
|poke|p1|Pelipper, L50, F|
|poke|p1|Archaludon, L50, F|
|poke|p2|Charizard, L50, F|
|poke|p2|Torkoal, L50, M|
|poke|p2|Porygon2, L50|
|poke|p2|Incineroar, L50, M|
|poke|p2|Jumpluff, L50, F|
|poke|p2|Ursaluna, L50, M|
|teampreview|4
|showteam|p1|Porygon2||Eviolite|Download|IceBeam,TeraBlast,Recover,TrickRoom||||||50|,,,,,Fighting]Ursaluna||FlameOrb|Guts|Facade,Earthquake,HeadlongRush,Protect|||F|||50|,,,,,Fairy]Amoonguss||CovertCloak|Regenerator|PollenPuff,ClearSmog,RagePowder,Spore|||M|||50|,,,,,Dark]Incineroar||SafetyGoggles|Intimidate|KnockOff,PartingShot,Taunt,FakeOut|||F|||50|,,,,,Ghost]Pelipper||LifeOrb|Drizzle|Hurricane,Protect,WeatherBall,Tailwind|||F|||50|,,,,,Stellar]Archaludon||AssaultVest|Stamina|FlashCannon,DragonPulse,ElectroShot,BodyPress|||F|||50|,,,,,Grass
|showteam|p2|Charizard||ChoiceSpecs|SolarPower|HeatWave,Overheat,WeatherBall,AirSlash|||F|||50|,,,,,Ghost]Torkoal||EjectPack|Drought|Eruption,Overheat,HelpingHand,Protect|||M|||50|,,,,,Fire]Porygon2||Eviolite|Download|TeraBlast,IceBeam,Recover,TrickRoom||||||50|,,,,,Fighting]Incineroar||SitrusBerry|Intimidate|FlareBlitz,KnockOff,FakeOut,PartingShot|||M|||50|,,,,,Ghost]Jumpluff||CovertCloak|Chlorophyll|SleepPowder,SunnyDay,RagePowder,Tailwind|||F|||50|,,,,,Water]Ursaluna||FlameOrb|Guts|HeadlongRush,Facade,Earthquake,Protect|||M|||50|,,,,,Ghost
|inactive|Battle timer is ON: inactive players will automatically lose when time's up. (requested by Pumpkinman)
|inactive|ThierryVGC has 60 seconds left.
|inactive|Pumpkinman has 60 seconds left.
|inactive|Pumpkinman has 30 seconds left.
|inactive|Pumpkinman has 20 seconds left.
|
|t:|1756940008
|teamsize|p1|4
|teamsize|p2|4
|start
|switch|p1a: Ursaluna|Ursaluna, L50, F|100/100
|switch|p1b: Porygon2|Porygon2, L50|100/100
|switch|p2a: grocha|Incineroar, L50, M|100/100
|switch|p2b: canar|Porygon2, L50|100/100
|-ability|p2a: grocha|Intimidate|boost
|-unboost|p1a: Ursaluna|atk|1
|-unboost|p1b: Porygon2|atk|1
|-ability|p1b: Porygon2|Download|boost
|-boost|p1b: Porygon2|atk|1
|-ability|p2b: canar|Download|boost
|-boost|p2b: canar|spa|1
|turn|1
|inactive|ThierryVGC has 30 seconds left.
|inactive|Pumpkinman has 30 seconds left.
|
|t:|1756940044
|switch|p1b: Pelipper|Pelipper, L50, F|100/100
|-weather|RainDance|[from] ability: Drizzle|[of] p1b: Pelipper
|-terastallize|p2b: canar|Fighting
|move|p1a: Ursaluna|Protect|p1a: Ursaluna
|-singleturn|p1a: Ursaluna|Protect
|move|p2a: grocha|Fake Out|p1b: Pelipper
|-crit|p1b: Pelipper
|-damage|p1b: Pelipper|78/100
|move|p2b: canar|Tera Blast|p1b: Pelipper|[anim] Tera Blast Fighting
|-resisted|p1b: Pelipper
|-damage|p1b: Pelipper|34/100
|
|-weather|RainDance|[upkeep]
|-status|p1a: Ursaluna|brn|[from] item: Flame Orb
|upkeep
|turn|2
|inactive|Pumpkinman has 30 seconds left.
|
|t:|1756940074
|switch|p2a: tortu|Torkoal, L50, M|100/100
|-weather|SunnyDay|[from] ability: Drought|[of] p2a: tortu
|move|p1b: Pelipper|Hurricane|p2b: canar|[miss]
|-miss|p1b: Pelipper|p2b: canar
|move|p1a: Ursaluna|Headlong Rush|p2a: tortu
|-supereffective|p2a: tortu
|-damage|p2a: tortu|0 fnt
|-unboost|p1a: Ursaluna|def|1
|-unboost|p1a: Ursaluna|spd|1
|faint|p2a: tortu
|move|p2b: canar|Ice Beam|p1a: Ursaluna
|-supereffective|p1a: Ursaluna
|-damage|p1a: Ursaluna|0 fnt
|faint|p1a: Ursaluna
|
|-weather|SunnyDay|[upkeep]
|upkeep
|
|t:|1756940091
|switch|p1a: Incineroar|Incineroar, L50, F|100/100
|switch|p2a: grocha|Incineroar, L50, M|100/100
|-ability|p2a: grocha|Intimidate|boost
|-unboost|p1a: Incineroar|atk|1
|-unboost|p1b: Pelipper|atk|1
|-ability|p1a: Incineroar|Intimidate|boost
|-unboost|p2a: grocha|atk|1
|-unboost|p2b: canar|atk|1
|turn|3
|inactive|Pumpkinman has 30 seconds left.
|
|t:|1756940124
|switch|p1b: Porygon2|Porygon2, L50|100/100
|-ability|p1b: Porygon2|Download|boost
|-boost|p1b: Porygon2|atk|1
|-terastallize|p1a: Incineroar|Ghost
|move|p2a: grocha|Fake Out|p1b: Porygon2
|-damage|p1b: Porygon2|95/100
|move|p1a: Incineroar|Parting Shot|p2b: canar
|-unboost|p2b: canar|atk|1
|-unboost|p2b: canar|spa|1
|
|t:|1756940133
|switch|p1a: Pelipper|Pelipper, L50, F|34/100|[from] Parting Shot
|-weather|RainDance|[from] ability: Drizzle|[of] p1a: Pelipper
|move|p2b: canar|Ice Beam|p1b: Porygon2
|-damage|p1b: Porygon2|78/100
|
|-weather|RainDance|[upkeep]
|upkeep
|turn|4
|inactive|ThierryVGC has 30 seconds left.
|inactive|Pumpkinman has 30 seconds left.
|inactive|ThierryVGC has 20 seconds left.
|inactive|Pumpkinman has 20 seconds left.
|inactive|Pumpkinman has 15 seconds left.
|
|t:|1756940177
|switch|p1b: Incineroar|Incineroar, L50, F, tera:Ghost|100/100
|-ability|p1b: Incineroar|Intimidate|boost
|-unboost|p2a: grocha|atk|1
|-unboost|p2b: canar|atk|1
|move|p1a: Pelipper|Weather Ball|p2a: grocha
|-supereffective|p2a: grocha
|-damage|p2a: grocha|0 fnt
|faint|p2a: grocha
|-damage|p1a: Pelipper|25/100|[from] item: Life Orb
|move|p2b: canar|Ice Beam|p1a: Pelipper
|-damage|p1a: Pelipper|0 fnt
|faint|p1a: Pelipper
|
|-weather|RainDance|[upkeep]
|upkeep
|
|t:|1756940190
|switch|p1a: Porygon2|Porygon2, L50|78/100
|switch|p2a: ourse|Ursaluna, L50, M|100/100
|-ability|p1a: Porygon2|Download|boost
|-boost|p1a: Porygon2|spa|1
|turn|5
|inactive|Pumpkinman has 30 seconds left.
|inactive|Pumpkinman has 20 seconds left.
|inactive|Pumpkinman has 15 seconds left.
|inactive|Pumpkinman has 10 seconds left.
|
|t:|1756940237
|move|p1b: Incineroar|Taunt|p2b: canar
|-start|p2b: canar|move: Taunt
|move|p2a: ourse|Headlong Rush|p1b: Incineroar
|-damage|p1b: Incineroar|42/100
|-unboost|p2a: ourse|def|1
|-unboost|p2a: ourse|spd|1
|move|p1a: Porygon2|Ice Beam|p2a: ourse
|-supereffective|p2a: ourse
|-damage|p2a: ourse|0 fnt
|faint|p2a: ourse
|move|p2b: canar|Tera Blast|p1a: Porygon2|[anim] Tera Blast Fighting
|-supereffective|p1a: Porygon2
|-damage|p1a: Porygon2|30/100
|
|-weather|RainDance|[upkeep]
|upkeep
|turn|6
|inactive|Pumpkinman has 30 seconds left.
|
|t:|1756940265
|move|p1b: Incineroar|Knock Off|p2b: canar
|-resisted|p2b: canar
|-damage|p2b: canar|88/100
|-enditem|p2b: canar|Eviolite|[from] move: Knock Off|[of] p1b: Incineroar
|move|p1a: Porygon2|Recover|p1a: Porygon2
|-heal|p1a: Porygon2|80/100
|move|p2b: canar|Tera Blast|p1a: Porygon2|[anim] Tera Blast Fighting
|-supereffective|p1a: Porygon2
|-damage|p1a: Porygon2|32/100
|
|-weather|RainDance|[upkeep]
|upkeep
|turn|7
|
|t:|1756940281
|move|p1b: Incineroar|Parting Shot|p2b: canar
|-unboost|p2b: canar|atk|1
|-unboost|p2b: canar|spa|1
|move|p1a: Porygon2|Recover|p1a: Porygon2
|-heal|p1a: Porygon2|82/100
|move|p2b: canar|Tera Blast|p1a: Porygon2|[anim] Tera Blast Fighting
|-supereffective|p1a: Porygon2
|-damage|p1a: Porygon2|47/100
|
|-weather|none
|-end|p2b: canar|move: Taunt
|upkeep
|turn|8
|
|t:|1756940294
|move|p1b: Incineroar|Taunt|p2b: canar
|-start|p2b: canar|move: Taunt
|move|p1a: Porygon2|Recover|p1a: Porygon2
|-heal|p1a: Porygon2|97/100
|cant|p2b: canar|move: Taunt|Trick Room
|
|upkeep
|turn|9
|
|t:|1756940305
|move|p1b: Incineroar|Knock Off|p2b: canar
|-resisted|p2b: canar
|-damage|p2b: canar|76/100
|move|p1a: Porygon2|Tera Blast|p2b: canar
|-damage|p2b: canar|25/100
|move|p2b: canar|Tera Blast|p1a: Porygon2|[anim] Tera Blast Fighting
|-supereffective|p1a: Porygon2
|-damage|p1a: Porygon2|65/100
|
|upkeep
|turn|10
|
|t:|1756940312
|move|p1b: Incineroar|Knock Off|p2b: canar
|-resisted|p2b: canar
|-damage|p2b: canar|12/100
|move|p1a: Porygon2|Tera Blast|p2b: canar
|-damage|p2b: canar|0 fnt
|faint|p2b: canar
|
|win|ThierryVGC
|raw|ThierryVGC's rating: 1249 → 1270(+21 for winning)
|raw|Pumpkinman's rating: 1191 → 1170(-21 for losing)
|l|☆ThierryVGC
|player|p1|
