|j|☆jwithers93
|j|☆Echoes630
|html|jwithers93Echoes630    
|uhtml|bestof|Game 2 of a best-of-3
|t:|1784785099
|gametype|doubles
|player|p1|jwithers93|marshal|1263
|player|p2|Echoes630|ingo|1309
|gen|9
|tier|[Gen 9 Champions] VGC 2026 Reg M-B (Bo3)
|rated|
|rule|Species Clause: Limit one of each Pokémon
|rule|Item Clause: Limit 1 of each item
|clearpoke
|poke|p1|Scovillain, L50, M|
|poke|p1|Rotom-Wash, L50|
|poke|p1|Whimsicott, L50, F|
|poke|p1|Floette-Eternal, L50, F|
|poke|p1|Garchomp, L50, M|
|poke|p1|Kingambit, L50, M|
|poke|p2|Sneasler, L50, M|
|poke|p2|Blastoise, L50, M|
|poke|p2|Kingambit, L50, M|
|poke|p2|Incineroar, L50, M|
|poke|p2|Delphox, L50, F|
|poke|p2|Sinistcha, L50|
|teampreview|4
|showteam|p1|Scovillain||Scovillainite|Chlorophyll|Overheat,LeafStorm,RagePowder,LeechSeed|Bold||M|||50|]Rotom-Wash||ChoiceScarf|Levitate|Electroweb,VoltSwitch,Thunderbolt,HydroPump|Timid|||||50|]Whimsicott||FocusSash|Prankster|Tailwind,Encore,Protect,Moonblast|Timid||F|||50|]Floette-Eternal||Floettite|FlowerVeil|DazzlingGleam,Moonblast,LightofRuin,Protect|Modest||F|||50|]Garchomp||LifeOrb|RoughSkin|Earthquake,RockSlide,DragonClaw,Protect|Jolly||M|||50|]Kingambit||ChopleBerry|Defiant|SuckerPunch,KowtowCleave,IronHead,Protect|Adamant||M|||50|
|showteam|p2|Sneasler||FocusSash|PoisonTouch|PoisonJab,CloseCombat,FakeOut,Protect|Jolly||M|||50|]Blastoise||Blastoisinite|RainDish|DarkPulse,WaterSpout,ShellSmash,Protect|Modest||M|||50|]Kingambit||BlackGlasses|Defiant|KowtowCleave,SuckerPunch,SwordsDance,Protect|Adamant||M|||50|]Incineroar||SitrusBerry|Intimidate|FlareBlitz,HelpingHand,PartingShot,FakeOut|Careful||M|||50|]Delphox||Delphoxite|Blaze|HeatWave,NastyPlot,Psyshock,Protect|Modest||F|||50|]Sinistcha||KasibBerry|Hospitality|MatchaGotcha,RagePowder,TrickRoom,Protect|Bold|||||50|
|
|t:|1784785135
|teamsize|p1|4
|teamsize|p2|4
|start
|switch|p1a: Scovillain|Scovillain, L50, M|100/100
|switch|p1b: Rotom|Rotom-Wash, L50|100/100
|switch|p2a: Sneasler|Sneasler, L50, M|100/100
|switch|p2b: Delphox|Delphox, L50, F|100/100
|turn|1
|inactive|Battle timer is ON: inactive players will automatically lose when time's up. (requested by jwithers93)
|inactive|jwithers93 has 60 seconds left.
|
|t:|1784785175
|switch|p1b: Garchomp|Garchomp, L50, M|100/100
|detailschange|p2b: Delphox|Delphox-Mega, L50, F
|-mega|p2b: Delphox|Delphox|Delphoxite
|detailschange|p1a: Scovillain|Scovillain-Mega, L50, M
|-mega|p1a: Scovillain|Scovillain|Scovillainite
|move|p2a: Sneasler|Fake Out|p1b: Garchomp
|-damage|p1b: Garchomp|85/100
|-damage|p2a: Sneasler|87/100|[from] ability: Rough Skin|[of] p1b: Garchomp
|move|p2b: Delphox|Nasty Plot|p2b: Delphox
|-boost|p2b: Delphox|spa|2
|move|p1a: Scovillain|Leech Seed|p2b: Delphox
|-start|p2b: Delphox|move: Leech Seed
|
|-damage|p2b: Delphox|87/100|[from] Leech Seed|[of] p1a: Scovillain
|upkeep
|turn|2
|inactive|jwithers93 has 30 seconds left.
|
|t:|1784785203
|switch|p2a: Incineroar|Incineroar, L50, M|100/100
|-ability|p2a: Incineroar|Intimidate|boost
|-unboost|p1a: Scovillain|atk|1
|-unboost|p1b: Garchomp|atk|1
|move|p1a: Scovillain|Rage Powder|p1a: Scovillain
|-singleturn|p1a: Scovillain|move: Rage Powder
|move|p2b: Delphox|Psyshock|p1a: Scovillain
|-damage|p1a: Scovillain|13/100
|-immune|p2b: Delphox
|move|p1b: Garchomp|Rock Slide|p2b: Delphox|[spread] p2a,p2b
|-supereffective|p2a: Incineroar|1
|-crit|p2a: Incineroar
|-supereffective|p2b: Delphox|1
|-damage|p2a: Incineroar|21/100
|-damage|p2b: Delphox|48/100
|-enditem|p2a: Incineroar|Sitrus Berry|[eat]
|-heal|p2a: Incineroar|46/100|[from] item: Sitrus Berry
|-damage|p1b: Garchomp|75/100|[from] item: Life Orb
|
|-damage|p2b: Delphox|36/100|[from] Leech Seed|[of] p1a: Scovillain
|-heal|p1a: Scovillain|26/100|[silent]
|upkeep
|turn|3
|
|t:|1784785227
|switch|p1a: Kingambit|Kingambit, L50, M|100/100
|move|p1b: Garchomp|Protect|p1b: Garchomp
|-singleturn|p1b: Garchomp|Protect
|move|p2a: Incineroar|Fake Out|p1b: Garchomp
|-activate|p1b: Garchomp|move: Protect
|move|p2b: Delphox|Heat Wave|p1b: Garchomp|[spread] p1a
|-activate|p1b: Garchomp|move: Protect
|-supereffective|p1a: Kingambit|1
|-damage|p1a: Kingambit|0 fnt
|faint|p1a: Kingambit
|
|upkeep
|
|t:|1784785241
|switch|p1a: Rotom|Rotom-Wash, L50|100/100
|turn|4
|
|t:|1784785257
|switch|p2b: Sinistcha|Sinistcha, L50|100/100
|-heal|p2a: Incineroar|70/100|[from] ability: Hospitality|[of] p2b: Sinistcha
|move|p1a: Rotom|Hydro Pump|p2b: Sinistcha
|-resisted|p2b: Sinistcha|1
|-damage|p2b: Sinistcha|75/100
|move|p1b: Garchomp|Earthquake|p2a: Incineroar|[spread] p2a,p2b
|-immune|p1a: Rotom|[from] ability: Levitate
|-supereffective|p2a: Incineroar|1
|-resisted|p2b: Sinistcha|1
|-damage|p2a: Incineroar|1/100
|-damage|p2b: Sinistcha|60/100
|-damage|p1b: Garchomp|65/100|[from] item: Life Orb
|move|p2a: Incineroar|Parting Shot|p1b: Garchomp
|-unboost|p1b: Garchomp|atk|1
|-unboost|p1b: Garchomp|spa|1
|
|t:|1784785261
|switch|p2a: Delphox|Delphox-Mega, L50, F|36/100|[from] Parting Shot
|
|upkeep
|turn|5
|inactive|jwithers93 has 30 seconds left.
|
|t:|1784785290
|switch|p1a: Scovillain|Scovillain-Mega, L50, M|26/100
|move|p2a: Delphox|Heat Wave|p1b: Garchomp|[spread] p1a
|-miss|p2a: Delphox|p1b: Garchomp
|-damage|p1a: Scovillain|0 fnt
|-immune|p2a: Delphox
|faint|p1a: Scovillain
|move|p1b: Garchomp|Rock Slide|p2a: Delphox|[spread] p2a,p2b
|-supereffective|p2a: Delphox|1
|-damage|p2a: Delphox|3/100
|-damage|p2b: Sinistcha|50/100g
|-damage|p1b: Garchomp|56/100|[from] item: Life Orb
|move|p2b: Sinistcha|Trick Room|p2b: Sinistcha
|-fieldstart|move: Trick Room|[of] p2b: Sinistcha
|
|upkeep
|
|t:|1784785306
|switch|p1a: Rotom|Rotom-Wash, L50|100/100
|turn|6
|
|t:|1784785326
|move|p2b: Sinistcha|Protect|p2b: Sinistcha
|-singleturn|p2b: Sinistcha|Protect
|move|p1b: Garchomp|Rock Slide|p2a: Delphox|[spread] p2a
|-activate|p2b: Sinistcha|move: Protect
|-supereffective|p2a: Delphox|1
|-crit|p2a: Delphox
|-damage|p2a: Delphox|0 fnt
|faint|p2a: Delphox
|-damage|p1b: Garchomp|46/100|[from] item: Life Orb
|move|p1a: Rotom|Hydro Pump|p2b: Sinistcha
|-activate|p2b: Sinistcha|move: Protect
|
|upkeep
|
|t:|1784785329
|switch|p2a: Incineroar|Incineroar, L50, M|1/100
|-ability|p2a: Incineroar|Intimidate|boost
|-unboost|p1a: Rotom|atk|1
|-unboost|p1b: Garchomp|atk|1
|turn|7
|inactive|jwithers93 has 30 seconds left.
|
|t:|1784785354
|move|p2a: Incineroar|Helping Hand|p2b: Sinistcha
|-singleturn|p2b: Sinistcha|Helping Hand|[of] p2a: Incineroar
|move|p2b: Sinistcha|Matcha Gotcha|p1b: Garchomp|[spread] p1a,p1b
|-supereffective|p1a: Rotom|1
|-damage|p1a: Rotom|3/100
|-heal|p2b: Sinistcha|84/100|[from] drain|[of] p1a: Rotom
|-damage|p1b: Garchomp|4/100
|-heal|p2b: Sinistcha|100/100|[from] drain|[of] p1b: Garchomp
|-status|p1b: Garchomp|brn
|move|p1b: Garchomp|Rock Slide|p2a: Incineroar|[spread] p2a
|-miss|p1b: Garchomp|p2b: Sinistcha
|-supereffective|p2a: Incineroar|1
|-damage|p2a: Incineroar|0 fnt
|faint|p2a: Incineroar
|-damage|p1b: Garchomp|0 fnt|[from] item: Life Orb
|faint|p1b: Garchomp
|move|p1a: Rotom|Hydro Pump|p2b: Sinistcha
|-resisted|p2b: Sinistcha|1
|-damage|p2b: Sinistcha|75/100
|
|upkeep
|
|t:|1784785360
|switch|p2a: Sneasler|Sneasler, L50, M|87/100
|turn|8
|c|☆Echoes630|gg
|
|t:|1784785378
|move|p2a: Sneasler|Fake Out|p1a: Rotom
|-damage|p1a: Rotom|0 fnt
|faint|p1a: Rotom
|
|win|Echoes630
|raw|jwithers93's rating: 1263 → 1241(-22 for losing)
|raw|Echoes630's rating: 1309 → 1326(+17 for winning)
|l|☆jwithers93
|player|p1|
