|j|☆0oBRUNCHo0
|j|☆glofer
|html|0oBRUNCHo0glofer    
|uhtml|bestof|Game 1 of a best-of-3
|t:|1785495016
|gametype|doubles
|player|p1|0oBRUNCHo0|rood|1114
|player|p2|glofer|blackbelt|1080
|gen|9
|tier|[Gen 9 Champions] VGC 2026 Reg M-B (Bo3)
|rated|
|rule|Species Clause: Limit one of each Pokémon
|rule|Item Clause: Limit 1 of each item
|clearpoke
|poke|p1|Espathra, L50, M, shiny|
|poke|p1|Archaludon, L50, F|
|poke|p1|Scovillain, L50, F|
|poke|p1|Pelipper, L50, F, shiny|
|poke|p1|Sinistcha-Masterpiece, L50, shiny|
|poke|p1|Basculegion-F, L50, F|
|poke|p2|Bellibolt, L50, M|
|poke|p2|Raichu, L50, F|
|poke|p2|Manectric, L50, M|
|poke|p2|Eelektross, L50, M|
|poke|p2|Jolteon, L50, M|
|poke|p2|Emolga, L50, F|
|teampreview|4
|showteam|p1|Espathra||MentalHerb|SpeedBoost|LuminaCrash,CalmMind,BatonPass,Protect|Timid||M|||50|]Archaludon||Leftovers|Stamina|ElectroShot,FlashCannon,DragonPulse,Protect|Modest||F|||50|]Scovillain||Scovillainite|Moody|Overheat,GigaDrain,RagePowder,Protect|Calm||F|||50|]Pelipper||SitrusBerry|Drizzle|WeatherBall,Hurricane,Tailwind,WideGuard|Calm||F|||50|]Sinistcha-Masterpiece||KasibBerry|Hospitality|MatchaGotcha,ShadowBall,RagePowder,Protect|Calm|||||50|]Basculegion-F||ColburBerry|Adaptability|MuddyWater,ShadowBall,AquaJet,Protect|Modest||F|||50|
|showteam|p2|Bellibolt||Leftovers|Electromorphosis|ParabolicCharge,AcidSpray,Soak,Protect|Modest||M|||50|]Raichu||RaichuniteY|LightningRod|ZapCannon,FocusBlast,FakeOut,Protect|Timid||F|||50|]Manectric||Manectite|LightningRod|VoltSwitch,Flamethrower,Snarl,Protect|Timid||M|||50|]Eelektross||ExpertBelt|Levitate|SupercellSlam,DrainPunch,Bulldoze,Coil|Brave||M|||50|]Jolteon||FocusSash|VoltAbsorb|Discharge,ShadowBall,AlluringVoice,Protect|Modest||M|||50|]Emolga||LifeOrb|MotorDrive|Electroweb,AirSlash,Taunt,Encore|Timid||F|||50|
|
|t:|1785495054
|teamsize|p1|4
|teamsize|p2|4
|start
|switch|p1a: Espathra|Espathra, L50, M, shiny|100/100
|switch|p1b: Sinistcha|Sinistcha-Masterpiece, L50, shiny|100/100
|switch|p2a: Emolga|Emolga, L50, F|100/100
|switch|p2b: Manectric|Manectric, L50, M|100/100
|turn|1
|inactive|Battle timer is ON: inactive players will automatically lose when time's up. (requested by glofer)
|
|t:|1785495084
|switch|p1b: Pelipper|Pelipper, L50, F, shiny|100/100
|-weather|RainDance|[from] ability: Drizzle|[of] p1b: Pelipper
|move|p1a: Espathra|Protect|p1a: Espathra
|-singleturn|p1a: Espathra|Protect
|move|p2b: Manectric|Volt Switch|p2a: Emolga
|-ability|p2a: Emolga|Motor Drive|boost
|-boost|p2a: Emolga|spe|1
|move|p2a: Emolga|Taunt|p1b: Pelipper
|-start|p1b: Pelipper|move: Taunt
|
|-weather|RainDance|[upkeep]
|-ability|p1a: Espathra|Speed Boost|boost
|-boost|p1a: Espathra|spe|1
|upkeep
|turn|2
|inactive|0oBRUNCHo0 has 30 seconds left.
|
|t:|1785495114
|switch|p1b: Archaludon|Archaludon, L50, F|100/100
|detailschange|p2b: Manectric|Manectric-Mega, L50, M
|-mega|p2b: Manectric|Manectric|Manectite
|-ability|p2b: Manectric|Intimidate|boost
|-unboost|p1a: Espathra|atk|1
|-unboost|p1b: Archaludon|atk|1
|move|p1a: Espathra|Calm Mind|p1a: Espathra
|-boost|p1a: Espathra|spa|1
|-boost|p1a: Espathra|spd|1
|move|p2a: Emolga|Electroweb|p1b: Archaludon|[spread] p1a,p1b
|-resisted|p1b: Archaludon|1
|-damage|p1a: Espathra|84/100
|-damage|p1b: Archaludon|90/100
|-unboost|p1a: Espathra|spe|1
|-unboost|p1b: Archaludon|spe|1
|-ability|p1b: Archaludon|Stamina|boost
|-boost|p1b: Archaludon|def|1
|-damage|p2a: Emolga|90/100|[from] item: Life Orb
|move|p2b: Manectric|Snarl|p1b: Archaludon|[spread] p1a,p1b
|-supereffective|p1a: Espathra|1
|-damage|p1a: Espathra|56/100
|-damage|p1b: Archaludon|76/100
|-unboost|p1a: Espathra|spa|1
|-unboost|p1b: Archaludon|spa|1
|-ability|p1b: Archaludon|Stamina|boost
|-boost|p1b: Archaludon|def|1
|
|-weather|RainDance|[upkeep]
|-heal|p1b: Archaludon|82/100|[from] item: Leftovers
|-ability|p1a: Espathra|Speed Boost|boost
|-boost|p1a: Espathra|spe|1
|upkeep
|turn|3
|inactive|0oBRUNCHo0 has 30 seconds left.
|inactive|glofer has 30 seconds left.
|inactive|0oBRUNCHo0 has 20 seconds left.
|inactive|0oBRUNCHo0 has 15 seconds left.
|inactive|0oBRUNCHo0 has 10 seconds left.
|inactive|0oBRUNCHo0 has 5 seconds left.
|
|t:|1785495168
|move|p1a: Espathra|Protect|p1a: Espathra
|-singleturn|p1a: Espathra|Protect
|move|p2a: Emolga|Electroweb|p1b: Archaludon|[spread] p1b
|-activate|p1a: Espathra|move: Protect
|-resisted|p1b: Archaludon|1
|-damage|p1b: Archaludon|73/100
|-unboost|p1b: Archaludon|spe|1
|-ability|p1b: Archaludon|Stamina|boost
|-boost|p1b: Archaludon|def|1
|-damage|p2a: Emolga|80/100|[from] item: Life Orb
|move|p2b: Manectric|Snarl|p1a: Espathra|[spread] p1b
|-activate|p1a: Espathra|move: Protect
|-damage|p1b: Archaludon|58/100
|-unboost|p1b: Archaludon|spa|1
|-ability|p1b: Archaludon|Stamina|boost
|-boost|p1b: Archaludon|def|1
|move|p1b: Archaludon|Dragon Pulse|p2b: Manectric
|-damage|p2b: Manectric|72/100
|
|-weather|RainDance|[upkeep]
|-heal|p1b: Archaludon|64/100|[from] item: Leftovers
|-ability|p1a: Espathra|Speed Boost|boost
|-boost|p1a: Espathra|spe|1
|upkeep
|turn|4
|inactive|0oBRUNCHo0 has 30 seconds left.
|
|t:|1785495198
|switch|p1b: Sinistcha|Sinistcha-Masterpiece, L50, shiny|100/100
|-heal|p1a: Espathra|81/100|[from] ability: Hospitality|[of] p1b: Sinistcha
|move|p1a: Espathra|Baton Pass|p1a: Espathra
|
|t:|1785495208
|switch|p1a: Archaludon|Archaludon, L50, F|64/100|[from] Baton Pass
|move|p2a: Emolga|Electroweb|p1b: Sinistcha|[spread] p1a,p1b
|-resisted|p1a: Archaludon|1
|-resisted|p1b: Sinistcha|1
|-damage|p1a: Archaludon|57/100
|-damage|p1b: Sinistcha|92/100
|-unboost|p1a: Archaludon|spe|1
|-unboost|p1b: Sinistcha|spe|1
|-ability|p1a: Archaludon|Stamina|boost
|-boost|p1a: Archaludon|def|1
|-damage|p2a: Emolga|70/100|[from] item: Life Orb
|move|p2b: Manectric|Snarl|p1a: Archaludon|[spread] p1a,p1b
|-supereffective|p1b: Sinistcha|1
|-damage|p1a: Archaludon|48/100
|-damage|p1b: Sinistcha|62/100
|-unboost|p1a: Archaludon|spa|1
|-unboost|p1b: Sinistcha|spa|1
|-ability|p1a: Archaludon|Stamina|boost
|-boost|p1a: Archaludon|def|1
|
|-weather|RainDance|[upkeep]
|-heal|p1a: Archaludon|54/100|[from] item: Leftovers
|upkeep
|turn|5
|inactive|0oBRUNCHo0 has 30 seconds left.
|inactive|glofer has 30 seconds left.
|
|t:|1785495243
|move|p2a: Emolga|Air Slash|p1b: Sinistcha|[miss]
|-miss|p2a: Emolga|p1b: Sinistcha
|move|p2b: Manectric|Snarl|p1b: Sinistcha|[spread] p1a,p1b
|-crit|p1a: Archaludon
|-supereffective|p1b: Sinistcha|1
|-damage|p1a: Archaludon|31/100
|-damage|p1b: Sinistcha|38/100
|-unboost|p1a: Archaludon|spa|1
|-unboost|p1b: Sinistcha|spa|1
|-ability|p1a: Archaludon|Stamina|boost
|-boost|p1a: Archaludon|def|1
|move|p1a: Archaludon|Flash Cannon|p2b: Manectric
|-resisted|p2b: Manectric|1
|-damage|p2b: Manectric|59/100
|move|p1b: Sinistcha|Matcha Gotcha|p2b: Manectric|[spread] p2a,p2b
|-resisted|p2a: Emolga|1
|-damage|p2a: Emolga|57/100
|-heal|p1b: Sinistcha|43/100|[from] drain|[of] p2a: Emolga
|-damage|p2b: Manectric|42/100
|-heal|p1b: Sinistcha|50/100g|[from] drain|[of] p2b: Manectric
|
|-weather|none
|-heal|p1a: Archaludon|37/100|[from] item: Leftovers
|upkeep
|turn|6
|inactive|0oBRUNCHo0 has 30 seconds left.
|inactive|0oBRUNCHo0 has 20 seconds left.
|inactive|0oBRUNCHo0 has 15 seconds left.
|
|t:|1785495283
|switch|p1b: Pelipper|Pelipper, L50, F, shiny|100/100
|-weather|RainDance|[from] ability: Drizzle|[of] p1b: Pelipper
|move|p2a: Emolga|Electroweb|p1a: Archaludon|[spread] p1a,p1b
|-resisted|p1a: Archaludon|1
|-supereffective|p1b: Pelipper|2
|-damage|p1a: Archaludon|30/100
|-damage|p1b: Pelipper|16/100
|-unboost|p1a: Archaludon|spe|1
|-unboost|p1b: Pelipper|spe|1
|-ability|p1a: Archaludon|Stamina|boost
|-boost|p1a: Archaludon|def|1
|-enditem|p1b: Pelipper|Sitrus Berry|[eat]
|-heal|p1b: Pelipper|40/100|[from] item: Sitrus Berry
|-damage|p2a: Emolga|47/100|[from] item: Life Orb
|move|p2b: Manectric|Snarl|p1b: Pelipper|[spread] p1a,p1b
|-damage|p1a: Archaludon|21/100
|-damage|p1b: Pelipper|25/100
|-unboost|p1a: Archaludon|spa|1
|-unboost|p1b: Pelipper|spa|1
|-ability|p1a: Archaludon|Stamina|boost
|-boost|p1a: Archaludon|def|1
|move|p1a: Archaludon|Electro Shot||[still]
|-prepare|p1a: Archaludon|Electro Shot
|-boost|p1a: Archaludon|spa|1
|-anim|p1a: Archaludon|Electro Shot|p2a: Emolga
|-ability|p2a: Emolga|Motor Drive|boost
|-boost|p2a: Emolga|spe|1
|
|-weather|RainDance|[upkeep]
|-heal|p1a: Archaludon|27/100|[from] item: Leftovers
|upkeep
|turn|7
|inactive|0oBRUNCHo0 has 30 seconds left.
|inactive|glofer has 30 seconds left.
|inactive|0oBRUNCHo0 has 20 seconds left.
|inactive|0oBRUNCHo0 has 15 seconds left.
|inactive|0oBRUNCHo0 has 10 seconds left.
|inactive|0oBRUNCHo0 has 5 seconds left.
|
|t:|1785495338
|move|p2a: Emolga|Air Slash|p1b: Pelipper|[miss]
|-miss|p2a: Emolga|p1b: Pelipper
|move|p2b: Manectric|Volt Switch|p1a: Archaludon
|-resisted|p1a: Archaludon|1
|-damage|p1a: Archaludon|16/100
|-ability|p1a: Archaludon|Stamina|boost
|-boost|p1a: Archaludon|def|1
|
|t:|1785495346
|switch|p2b: Bellibolt|Bellibolt, L50, M|100/100|[from] Volt Switch
|move|p1a: Archaludon|Electro Shot||[still]
|-prepare|p1a: Archaludon|Electro Shot
|-boost|p1a: Archaludon|spa|1
|-anim|p1a: Archaludon|Electro Shot|p2a: Emolga
|-ability|p2a: Emolga|Motor Drive|boost
|-boost|p2a: Emolga|spe|1
|move|p1b: Pelipper|Weather Ball|p2b: Bellibolt
|-damage|p2b: Bellibolt|63/100
|-start|p2b: Bellibolt|Charge|Weather Ball|[from] ability: Electromorphosis
|
|-weather|RainDance|[upkeep]
|-heal|p1a: Archaludon|22/100|[from] item: Leftovers
|-heal|p2b: Bellibolt|69/100|[from] item: Leftovers
|upkeep
|turn|8
|inactive|0oBRUNCHo0 has 30 seconds left.
|
|t:|1785495373
|switch|p1a: Sinistcha|Sinistcha-Masterpiece, L50, shiny|50/100g
|-heal|p1b: Pelipper|49/100|[from] ability: Hospitality|[of] p1a: Sinistcha
|move|p1b: Pelipper|Wide Guard|p1b: Pelipper
|-singleturn|p1b: Pelipper|Wide Guard
|move|p2a: Emolga|Encore||[still]
|-fail|p2a: Emolga
|move|p2b: Bellibolt|Acid Spray|p1b: Pelipper
|-damage|p1b: Pelipper|33/100
|-unboost|p1b: Pelipper|spd|2
|
|-weather|RainDance|[upkeep]
|-heal|p2b: Bellibolt|75/100|[from] item: Leftovers
|upkeep
|turn|9
|inactive|0oBRUNCHo0 has 30 seconds left.
|inactive|0oBRUNCHo0 has 20 seconds left.
|inactive|0oBRUNCHo0 has 15 seconds left.
|
|t:|1785495415
|move|p2a: Emolga|Air Slash|p1a: Sinistcha|[miss]
|-miss|p2a: Emolga|p1a: Sinistcha
|move|p1a: Sinistcha|Shadow Ball|p2b: Bellibolt
|-damage|p2b: Bellibolt|42/100
|-unboost|p2b: Bellibolt|spd|1
|-start|p2b: Bellibolt|Charge|Shadow Ball|[from] ability: Electromorphosis
|move|p2b: Bellibolt|Parabolic Charge|p1a: Sinistcha|[spread] p1a,p1b
|-ability|p2a: Emolga|Motor Drive|boost
|-boost|p2a: Emolga|spe|1
|-resisted|p1a: Sinistcha|1
|-supereffective|p1b: Pelipper|2
|-damage|p1a: Sinistcha|28/100
|-heal|p2b: Bellibolt|51/100|[from] drain|[of] p1a: Sinistcha
|-damage|p1b: Pelipper|0 fnt
|-heal|p2b: Bellibolt|64/100|[from] drain|[of] p1b: Pelipper
|faint|p1b: Pelipper
|-end|p2b: Bellibolt|Charge|[silent]
|
|-weather|RainDance|[upkeep]
|-heal|p2b: Bellibolt|70/100|[from] item: Leftovers
|upkeep
|
|t:|1785495431
|switch|p1b: Espathra|Espathra, L50, M, shiny|81/100
|turn|10
|
|t:|1785495450
|move|p2a: Emolga|Electroweb|p1b: Espathra|[spread] p1a,p1b
|-resisted|p1a: Sinistcha|1
|-damage|p1a: Sinistcha|19/100
|-damage|p1b: Espathra|53/100
|-unboost|p1a: Sinistcha|spe|1
|-unboost|p1b: Espathra|spe|1
|-damage|p2a: Emolga|37/100|[from] item: Life Orb
|move|p1b: Espathra|Lumina Crash|p2b: Bellibolt
|-damage|p2b: Bellibolt|26/100
|-unboost|p2b: Bellibolt|spd|2
|-start|p2b: Bellibolt|Charge|Lumina Crash|[from] ability: Electromorphosis
|move|p2b: Bellibolt|Acid Spray|p1a: Sinistcha
|-damage|p1a: Sinistcha|8/100
|-unboost|p1a: Sinistcha|spd|2
|move|p1a: Sinistcha|Matcha Gotcha|p2b: Bellibolt|[spread] p2a,p2b
|-resisted|p2a: Emolga|1
|-damage|p2a: Emolga|12/100
|-heal|p1a: Sinistcha|17/100|[from] drain|[of] p2a: Emolga
|-damage|p2b: Bellibolt|0 fnt
|-heal|p1a: Sinistcha|34/100|[from] drain|[of] p2b: Bellibolt
|faint|p2b: Bellibolt
|
|-weather|none
|-ability|p1b: Espathra|Speed Boost|boost
|-boost|p1b: Espathra|spe|1
|upkeep
|
|t:|1785495474
|switch|p2b: Jolteon|Jolteon, L50, M|100/100
|turn|11
|
|t:|1785495486
|move|p2a: Emolga|Air Slash|p1a: Sinistcha
|-supereffective|p1a: Sinistcha|1
|-crit|p1a: Sinistcha
|-damage|p1a: Sinistcha|0 fnt
|faint|p1a: Sinistcha
|-damage|p2a: Emolga|3/100|[from] item: Life Orb
|move|p2b: Jolteon|Shadow Ball|p1b: Espathra
|-supereffective|p1b: Espathra|1
|-damage|p1b: Espathra|0 fnt
|faint|p1b: Espathra
|
|upkeep
|
|t:|1785495507
|switch|p1a: Archaludon|Archaludon, L50, F|22/100
|turn|12
|
|t:|1785495514
|move|p2a: Emolga|Electroweb|p1a: Archaludon
|-resisted|p1a: Archaludon|1
|-damage|p1a: Archaludon|8/100
|-unboost|p1a: Archaludon|spe|1
|-ability|p1a: Archaludon|Stamina|boost
|-boost|p1a: Archaludon|def|1
|-damage|p2a: Emolga|0 fnt|[from] item: Life Orb
|faint|p2a: Emolga
|move|p2b: Jolteon|Discharge|p1a: Archaludon
|-resisted|p1a: Archaludon|1
|-damage|p1a: Archaludon|0 fnt
|faint|p1a: Archaludon
|
|win|glofer
||0oBRUNCHo0 is ready for game 2.
||glofer is ready for game 2.
|uhtml|next|Next: Game 2 of 3
