|j|☆momoechis
|j|☆Gabros.010
|html|momoechisGabros.010    
|uhtml|bestof|Game 3 of a best-of-3
|t:|1756169695
|gametype|doubles
|player|p1|momoechis|iris|1083
|player|p2|Gabros.010|169|1072
|gen|9
|tier|[Gen 9] VGC 2025 Reg H (Bo3)
|rated|
|rule|Species Clause: Limit one of each Pokémon
|rule|Item Clause: Limit 1 of each item
|clearpoke
|poke|p1|Charizard, L50, F|
|poke|p1|Torkoal, L50, M|
|poke|p1|Porygon2, L50|
|poke|p1|Incineroar, L50, M|
|poke|p1|Jumpluff, L50, F|
|poke|p1|Ursaluna, L50, M|
|poke|p2|Sneasler, L50, M|
|poke|p2|Indeedee, L50, M|
|poke|p2|Ursaluna-Bloodmoon, L50, M|
|poke|p2|Electabuzz, L50, M|
|poke|p2|Incineroar, L50, M|
|poke|p2|Talonflame, L50, M|
|teampreview|4
|showteam|p1|Charizard||ChoiceSpecs|SolarPower|HeatWave,Overheat,WeatherBall,AirSlash|||F|||50|,,,,,Ghost]Torkoal||EjectPack|Drought|Eruption,Overheat,HelpingHand,Protect|||M|||50|,,,,,Fire]Porygon2||Eviolite|Download|IceBeam,TeraBlast,TrickRoom,Recover||||||50|,,,,,Fighting]Incineroar||SitrusBerry|Intimidate|FlareBlitz,KnockOff,FakeOut,PartingShot|||M|||50|,,,,,Ghost]Jumpluff||CovertCloak|Chlorophyll|SleepPowder,SunnyDay,RagePowder,Tailwind|||F|||50|,,,,,Water]Ursaluna||FlameOrb|Guts|HeadlongRush,Facade,Earthquake,Protect|||M|||50|,,,,,Ghost
|showteam|p2|Sneasler||PsychicSeed|Unburden|CloseCombat,DireClaw,ThroatChop,Protect|||M|||50|,,,,,Dark]Indeedee||FocusSash|PsychicSurge|ExpandingForce,TrickRoom,HelpingHand,Protect|||M|||50|,,,,,Psychic]Ursaluna-Bloodmoon||LifeOrb|MindsEye|BloodMoon,HyperVoice,EarthPower,Protect|||M|||50|,,,,,Normal]Electabuzz||Eviolite|VitalSpirit|Electroweb,FollowMe,Taunt,Protect|||M|||50|,,,,,Dragon]Incineroar||SafetyGoggles|Intimidate|FlareBlitz,KnockOff,PartingShot,FakeOut|||M|||50|,,,,,Ghost]Talonflame||CovertCloak|GaleWings|FlareBlitz,DualWingbeat,WillOWisp,Tailwind|||M|||50|,,,,,Fairy
|inactive|Battle timer is ON: inactive players will automatically lose when time's up. (requested by Gabros.010)
|inactive|momoechis has 60 seconds left.
|
|t:|1756169755
|teamsize|p1|4
|teamsize|p2|4
|start
|switch|p1a: Torkoal|Torkoal, L50, M|100/100
|switch|p1b: Jumpluff|Jumpluff, L50, F|100/100
|switch|p2a: Yung Beef|Sneasler, L50, M, shiny|100/100
|switch|p2b: Hoke|Indeedee, L50, M, shiny|100/100
|-fieldstart|move: Psychic Terrain|[from] ability: Psychic Surge|[of] p2b: Hoke
|-enditem|p2a: Yung Beef|Psychic Seed
|-boost|p2a: Yung Beef|spd|1|[from] item: Psychic Seed
|-weather|SunnyDay|[from] ability: Drought|[of] p1a: Torkoal
|turn|1
|inactive|Gabros.010 has 30 seconds left.
|
|t:|1756169783
|move|p2b: Hoke|Helping Hand|p2a: Yung Beef
|-singleturn|p2a: Yung Beef|Helping Hand|[of] p2b: Hoke
|move|p1a: Torkoal|Protect|p1a: Torkoal
|-singleturn|p1a: Torkoal|Protect
|move|p2a: Yung Beef|Dire Claw|p1b: Jumpluff
|-supereffective|p1b: Jumpluff
|-damage|p1b: Jumpluff|0 fnt
|faint|p1b: Jumpluff
|
|-weather|SunnyDay|[upkeep]
|upkeep
|
|t:|1756169793
|switch|p1b: Incineroar|Incineroar, L50, M|100/100
|-ability|p1b: Incineroar|Intimidate|boost
|-unboost|p2a: Yung Beef|atk|1
|-unboost|p2b: Hoke|atk|1
|turn|2
|
|t:|1756169812
|-terastallize|p1b: Incineroar|Ghost
|move|p2b: Hoke|Helping Hand|p2a: Yung Beef
|-singleturn|p2a: Yung Beef|Helping Hand|[of] p2b: Hoke
|move|p2a: Yung Beef|Close Combat|p1b: Incineroar
|-immune|p1b: Incineroar
|move|p1b: Incineroar|Knock Off|p2b: Hoke
|-supereffective|p2b: Hoke
|-enditem|p2b: Hoke|Focus Sash
|-damage|p2b: Hoke|1/100
|move|p1a: Torkoal|Eruption|p2a: Yung Beef|[spread] p2a,p2b
|-damage|p2a: Yung Beef|35/100
|-damage|p2b: Hoke|0 fnt
|faint|p2b: Hoke
|
|-weather|SunnyDay|[upkeep]
|upkeep
|
|t:|1756169827
|switch|p2b: Quevedo|Ursaluna-Bloodmoon, L50, M|100/100
|turn|3
|
|t:|1756169843
|-terastallize|p2b: Quevedo|Normal
|move|p1a: Torkoal|Protect|p1a: Torkoal
|-singleturn|p1a: Torkoal|Protect
|move|p2a: Yung Beef|Throat Chop|p1b: Incineroar
|-supereffective|p1b: Incineroar
|-damage|p1b: Incineroar|63/100
|-start|p1b: Incineroar|Throat Chop|[silent]
|cant|p1b: Incineroar|move: Throat Chop
|move|p2b: Quevedo|Hyper Voice|p1b: Incineroar|[spread] p1b
|-activate|p1a: Torkoal|move: Protect
|-damage|p1b: Incineroar|0 fnt
|faint|p1b: Incineroar
|-damage|p2b: Quevedo|91/100|[from] item: Life Orb
|
|-weather|SunnyDay|[upkeep]
|upkeep
|
|t:|1756169847
|switch|p1b: Charizard|Charizard, L50, F|100/100
|turn|4
|
|t:|1756169861
|move|p1a: Torkoal|Helping Hand|p1b: Charizard
|-singleturn|p1b: Charizard|Helping Hand|[of] p1a: Torkoal
|move|p2a: Yung Beef|Dire Claw|p1b: Charizard
|-damage|p1b: Charizard|59/100
|-status|p1b: Charizard|psn
|move|p1b: Charizard|Heat Wave|p2b: Quevedo|[spread] p2b
|-miss|p1b: Charizard|p2a: Yung Beef
|-damage|p2b: Quevedo|0 fnt
|faint|p2b: Quevedo
|
|-weather|SunnyDay|[upkeep]
|-damage|p1b: Charizard|46/100 psn|[from] ability: Solar Power|[of] p1b: Charizard
|-damage|p1b: Charizard|34/100 psn|[from] psn
|upkeep
|
|t:|1756169878
|switch|p2b: JC Reyes|Incineroar, L50, M, shiny|100/100
|-ability|p2b: JC Reyes|Intimidate|boost
|-unboost|p1a: Torkoal|atk|1
|-unboost|p1b: Charizard|atk|1
|turn|5
|
|t:|1756169890
|move|p2a: Yung Beef|Dire Claw|p1a: Torkoal
|-damage|p1a: Torkoal|78/100
|move|p1b: Charizard|Heat Wave|p2b: JC Reyes|[spread] p2a
|-miss|p1b: Charizard|p2b: JC Reyes
|-damage|p2a: Yung Beef|0 fnt
|faint|p2a: Yung Beef
|move|p2b: JC Reyes|Knock Off|p1b: Charizard
|-damage|p1b: Charizard|0 fnt
|-enditem|p1b: Charizard|Choice Specs|[from] move: Knock Off|[of] p2b: JC Reyes
|faint|p1b: Charizard
|move|p1a: Torkoal|Eruption|p2b: JC Reyes
|-resisted|p2b: JC Reyes
|-damage|p2b: JC Reyes|65/100
|
|-weather|none
|-fieldend|move: Psychic Terrain
|upkeep
|turn|6
|inactive|momoechis has 30 seconds left.
|inactive|momoechis has 20 seconds left.
|inactive|momoechis has 15 seconds left.
|inactive|momoechis has 10 seconds left.
|
|t:|1756169936
|move|p2b: JC Reyes|Knock Off|p1a: Torkoal
|-damage|p1a: Torkoal|49/100
|-enditem|p1a: Torkoal|Eject Pack|[from] move: Knock Off|[of] p2b: JC Reyes
|move|p1a: Torkoal|Eruption|p2b: JC Reyes
|-resisted|p2b: JC Reyes
|-damage|p2b: JC Reyes|50/100
|
|upkeep
|turn|7
|
|t:|1756169946
|move|p2b: JC Reyes|Knock Off|p1a: Torkoal
|-crit|p1a: Torkoal
|-damage|p1a: Torkoal|16/100
|move|p1a: Torkoal|Overheat|p2b: JC Reyes
|-resisted|p2b: JC Reyes
|-damage|p2b: JC Reyes|23/100
|-unboost|p1a: Torkoal|spa|2
|
|upkeep
|turn|8
|
|t:|1756169956
|move|p1a: Torkoal|Protect|p1a: Torkoal
|-singleturn|p1a: Torkoal|Protect
|move|p2b: JC Reyes|Knock Off|p1a: Torkoal
|-activate|p1a: Torkoal|move: Protect
|
|upkeep
|turn|9
|
|t:|1756169963
|move|p2b: JC Reyes|Knock Off|p1a: Torkoal
|-damage|p1a: Torkoal|0 fnt
|faint|p1a: Torkoal
|
|win|Gabros.010
|raw|momoechis's rating: 1083 → 1060(-23 for losing)
|raw|Gabros.010's rating: 1072 → 1102(+30 for winning)
