|j|☆rapidsinglestrike
|j|☆marcosdeltasena31
|html|rapidsinglestrikemarcosdeltasena31    
|uhtml|bestof|Game 2 of a best-of-3
|t:|1757630654
|gametype|doubles
|player|p1|rapidsinglestrike|102|1366
|player|p2|marcosdeltasena31|hilbert|1522
|gen|9
|tier|[Gen 9] VGC 2025 Reg H (Bo3)
|rated|
|rule|Species Clause: Limit one of each Pokémon
|rule|Item Clause: Limit 1 of each item
|clearpoke
|poke|p1|Sneasler, L50, F|
|poke|p1|Indeedee, L50, M|
|poke|p1|Volcarona, L50, M|
|poke|p1|Ursaluna-Bloodmoon, L50, M|
|poke|p1|Annihilape, L50, F|
|poke|p1|Tyranitar, L50, M|
|poke|p2|Dragonite, L50, F|
|poke|p2|Sneasler, L50, F|
|poke|p2|Volcarona, L50, F|
|poke|p2|Rillaboom, L50, M|
|poke|p2|Kingambit, L50, F|
|poke|p2|Electabuzz, L50, F|
|teampreview|4
|showteam|p1|Sneasler||PsychicSeed|Unburden|CloseCombat,DireClaw,ThroatChop,Protect|||F|||50|,,,,,Dark]Indeedee||ChoiceScarf|PsychicSurge|ExpandingForce,TeraBlast,Trick,Protect|||M|||50|,,,,,Psychic]Volcarona||SitrusBerry|FlameBody|Overheat,StruggleBug,RagePowder,Tailwind|||M|||50|,,,,,Grass]Ursaluna-Bloodmoon||LifeOrb|MindsEye|BloodMoon,HyperVoice,EarthPower,Protect|||M|||50|,,,,,Normal]Annihilape||SafetyGoggles|Defiant|CloseCombat,RageFist,Taunt,FinalGambit|||F|||50|,,,,,Fairy]Tyranitar||AssaultVest|SandStream|RockSlide,KnockOff,TeraBlast,LowKick|||M|||50|,,,,,Flying
|showteam|p2|Dragonite||LoadedDice|Multiscale|ScaleShot,ExtremeSpeed,Haze,Protect|||F|||50|,,,,,Fairy]Sneasler||FocusSash|PoisonTouch|DireClaw,CloseCombat,FakeOut,Coaching|||F|||50|,,,,,Ghost]Volcarona||CovertCloak|FlameBody|HeatWave,TeraBlast,QuiverDance,Protect|||F|||50|,,,,,Fairy]Rillaboom||AssaultVest|GrassySurge|WoodHammer,FakeOut,GrassyGlide,HighHorsepower|||M|||50|,,,,,Fire]Kingambit||BlackGlasses|Defiant|KowtowCleave,SwordsDance,SuckerPunch,Protect|||F|||50|,,,,,Dark]Electabuzz||Eviolite|VitalSpirit|Thunderbolt,FollowMe,Taunt,Protect|||F|||50|,,,,,Ghost
|inactive|Battle timer is ON: inactive players will automatically lose when time's up. (requested by rapidsinglestrike)
|j| Arkhept
|inactive|marcosdeltasena31 has 60 seconds left.
|
|t:|1757630696
|teamsize|p1|4
|teamsize|p2|4
|start
|switch|p1a: Tyranitar|Tyranitar, L50, M|100/100
|switch|p1b: Volcarona|Volcarona, L50, M|100/100
|switch|p2a: Volcarona|Volcarona, L50, F|100/100
|switch|p2b: Electabuzz|Electabuzz, L50, F|100/100
|-weather|Sandstorm|[from] ability: Sand Stream|[of] p1a: Tyranitar
|turn|1
|
|t:|1757630715
|-terastallize|p2a: Volcarona|Fairy
|move|p1b: Volcarona|Tailwind|p1b: Volcarona
|-sidestart|p1: rapidsinglestrike|move: Tailwind
|move|p1a: Tyranitar|Rock Slide|p2a: Volcarona|[spread] p2a,p2b
|-damage|p2a: Volcarona|56/100
|-damage|p2b: Electabuzz|74/100
|move|p2a: Volcarona|Quiver Dance|p2a: Volcarona
|-boost|p2a: Volcarona|spa|1
|-boost|p2a: Volcarona|spd|1
|-boost|p2a: Volcarona|spe|1
|cant|p2b: Electabuzz|flinch
|
|-weather|Sandstorm|[upkeep]
|-damage|p1b: Volcarona|94/100|[from] Sandstorm
|-damage|p2a: Volcarona|50/100|[from] Sandstorm
|-damage|p2b: Electabuzz|68/100|[from] Sandstorm
|upkeep
|turn|2
|
|t:|1757630738
|move|p2b: Electabuzz|Follow Me|p2b: Electabuzz
|-singleturn|p2b: Electabuzz|move: Follow Me
|move|p1b: Volcarona|Struggle Bug|p2a: Volcarona|[spread] p2a,p2b
|-resisted|p2a: Volcarona
|-damage|p2a: Volcarona|45/100
|-damage|p2b: Electabuzz|55/100
|-unboost|p2b: Electabuzz|spa|1
|move|p2a: Volcarona|Tera Blast|p1a: Tyranitar|[anim] Tera Blast Fairy
|-supereffective|p1a: Tyranitar
|-damage|p1a: Tyranitar|50/100
|move|p1a: Tyranitar|Rock Slide|p2b: Electabuzz|[spread] p2a,p2b
|-damage|p2a: Volcarona|0 fnt
|-damage|p2b: Electabuzz|31/100
|faint|p2a: Volcarona
|
|-weather|Sandstorm|[upkeep]
|-damage|p1b: Volcarona|88/100|[from] Sandstorm
|-damage|p2b: Electabuzz|25/100|[from] Sandstorm
|upkeep
|
|t:|1757630751
|switch|p2a: Dragonite|Dragonite, L50, F|100/100
|turn|3
|
|t:|1757630757
|move|p2a: Dragonite|Protect|p2a: Dragonite
|-singleturn|p2a: Dragonite|Protect
|move|p1b: Volcarona|Struggle Bug|p2a: Dragonite|[spread] p2b
|-activate|p2a: Dragonite|move: Protect
|-damage|p2b: Electabuzz|12/100
|-unboost|p2b: Electabuzz|spa|1
|move|p1a: Tyranitar|Rock Slide|p2b: Electabuzz|[spread] p2b
|-activate|p2a: Dragonite|move: Protect
|-damage|p2b: Electabuzz|0 fnt
|faint|p2b: Electabuzz
|
|-weather|Sandstorm|[upkeep]
|-damage|p1b: Volcarona|82/100|[from] Sandstorm
|-damage|p2a: Dragonite|95/100|[from] Sandstorm
|upkeep
|
|t:|1757630772
|switch|p2b: Rillaboom|Rillaboom, L50, M|100/100
|-fieldstart|move: Grassy Terrain|[from] ability: Grassy Surge|[of] p2b: Rillaboom
|turn|4
|
|t:|1757630778
|move|p2b: Rillaboom|Grassy Glide|p1a: Tyranitar
|-supereffective|p1a: Tyranitar
|-damage|p1a: Tyranitar|0 fnt
|faint|p1a: Tyranitar
|move|p1b: Volcarona|Overheat|p2b: Rillaboom
|-supereffective|p2b: Rillaboom
|-damage|p2b: Rillaboom|14/100
|-unboost|p1b: Volcarona|spa|2
|move|p2a: Dragonite|Scale Shot|p1b: Volcarona
|-damage|p1b: Volcarona|63/100
|-damage|p1b: Volcarona|43/100
|-enditem|p1b: Volcarona|Sitrus Berry|[eat]
|-heal|p1b: Volcarona|68/100|[from] item: Sitrus Berry
|-damage|p1b: Volcarona|49/100
|-damage|p1b: Volcarona|29/100
|-hitcount|p1b: Volcarona|4
|-unboost|p2a: Dragonite|def|1
|-boost|p2a: Dragonite|spe|1
|
|-weather|Sandstorm|[upkeep]
|-damage|p1b: Volcarona|23/100|[from] Sandstorm
|-damage|p2a: Dragonite|89/100|[from] Sandstorm
|-damage|p2b: Rillaboom|8/100|[from] Sandstorm
|-heal|p1b: Volcarona|29/100|[from] Grassy Terrain
|-heal|p2b: Rillaboom|14/100|[from] Grassy Terrain
|-sideend|p1: rapidsinglestrike|move: Tailwind
|upkeep
|
|t:|1757630790
|switch|p1a: Indeedee|Indeedee, L50, M|100/100
|-fieldstart|move: Psychic Terrain|[from] ability: Psychic Surge|[of] p1a: Indeedee
|turn|5
|
|t:|1757630804
|-terastallize|p1a: Indeedee|Psychic
|move|p1a: Indeedee|Expanding Force|p2a: Dragonite|[spread] p2a,p2b
|-damage|p2a: Dragonite|7/100
|-damage|p2b: Rillaboom|0 fnt
|faint|p2b: Rillaboom
|move|p2a: Dragonite|Scale Shot|p1a: Indeedee
|-damage|p1a: Indeedee|71/100
|-damage|p1a: Indeedee|42/100
|-damage|p1a: Indeedee|12/100
|-damage|p1a: Indeedee|0 fnt
|faint|p1a: Indeedee
|-hitcount|p1: Indeedee|4
|-unboost|p2a: Dragonite|def|1
|-boost|p2a: Dragonite|spe|1
|move|p1b: Volcarona|Tailwind|p1b: Volcarona
|-sidestart|p1: rapidsinglestrike|move: Tailwind
|
|-weather|none
|upkeep
|
|t:|1757630811
|switch|p1a: Sneasler|Sneasler, L50, F|100/100
|-enditem|p1a: Sneasler|Psychic Seed
|-boost|p1a: Sneasler|spd|1|[from] item: Psychic Seed
|turn|6
|
|t:|1757630830
|move|p1b: Volcarona|Rage Powder|p1b: Volcarona
|-singleturn|p1b: Volcarona|move: Rage Powder
|move|p1a: Sneasler|Dire Claw|p2a: Dragonite
|-damage|p2a: Dragonite|0 fnt
|faint|p2a: Dragonite
|
|win|rapidsinglestrike
|raw|rapidsinglestrike's rating: 1366 → 1394(+28 for winning)
|raw|marcosdeltasena31's rating: 1522 → 1494(-28 for losing)
|l|☆rapidsinglestrike
|player|p1|
