|j|☆pealcantara28
|j|☆The median voter
|html|pealcantara28The median voter    
|uhtml|bestof|Game 1 of a best-of-3
|t:|1756742070
|gametype|doubles
|player|p1|pealcantara28|cynthia-gen4|1132
|player|p2|The median voter|scientist-gen4dp|1287
|gen|9
|tier|[Gen 9] VGC 2025 Reg H (Bo3)
|rated|
|rule|Species Clause: Limit one of each Pokémon
|rule|Item Clause: Limit 1 of each item
|clearpoke
|poke|p1|Archaludon, L50, F|
|poke|p1|Pelipper, L50, M|
|poke|p1|Incineroar, L50, M|
|poke|p1|Basculegion, L50, M|
|poke|p1|Sinistcha-Masterpiece, L50|
|poke|p1|Kingambit, L50, M|
|poke|p2|Sneasler, L50, M|
|poke|p2|Indeedee, L50, M|
|poke|p2|Volcarona, L50, M|
|poke|p2|Annihilape, L50, M|
|poke|p2|Tyranitar, L50, M|
|poke|p2|Excadrill, L50, M|
|teampreview|4
|showteam|p1|Archaludon||AssaultVest|Stamina|DracoMeteor,FlashCannon,ElectroShot,BodyPress|||F|||50|,,,,,Bug]Pelipper||FocusSash|Drizzle|Tailwind,Hurricane,WeatherBall,WideGuard|||M|||50|,,,,,Stellar]Incineroar||SafetyGoggles|Intimidate|FlareBlitz,PartingShot,FakeOut,KnockOff|||M|||50|,,,,,Grass]Basculegion||LifeOrb|SwiftSwim|LastRespects,WaveCrash,AquaJet,Protect|||M|||50|,,,,,Water]Sinistcha-Masterpiece||SitrusBerry|Hospitality|MatchaGotcha,ShadowBall,RagePowder,StrengthSap||||||50|,,,,,Grass]Kingambit||BlackGlasses|Defiant|KowtowCleave,SuckerPunch,Protect,SwordsDance|||M|||50|,,,,,Dark
|showteam|p2|Sneasler||PsychicSeed|Unburden|CloseCombat,DireClaw,ThroatChop,Protect|||M|||50|,,,,,Dark]Indeedee||ChoiceScarf|PsychicSurge|ExpandingForce,TeraBlast,Trick,SkillSwap|||M|||50|,,,,,Psychic]Volcarona||SitrusBerry|FlameBody|Overheat,StruggleBug,RagePowder,Tailwind|||M|||50|,,,,,Grass]Annihilape||SafetyGoggles|Defiant|CloseCombat,RageFist,Taunt,FinalGambit|||M|||50|,,,,,Fire]Tyranitar||AssaultVest|SandStream|RockSlide,KnockOff,TeraBlast,LowKick|||M|||50|,,,,,Flying]Excadrill||FocusSash|SandRush|IronHead,Protect,Earthquake,HighHorsepower|||M|||50|,,,,,Ground
|inactive|Battle timer is ON: inactive players will automatically lose when time's up. (requested by pealcantara28)
|inactive|The median voter has 60 seconds left.
|
|t:|1756742111
|teamsize|p1|4
|teamsize|p2|4
|start
|switch|p1a: Incineroar|Incineroar, L50, M|100/100
|switch|p1b: Kingambit|Kingambit, L50, M|100/100
|switch|p2a: Excadrill|Excadrill, L50, M|100/100
|switch|p2b: Sneasler|Sneasler, L50, M|100/100
|-ability|p1a: Incineroar|Intimidate|boost
|-unboost|p2a: Excadrill|atk|1
|-unboost|p2b: Sneasler|atk|1
|turn|1
|inactive|pealcantara28 has 30 seconds left.
|inactive|The median voter has 30 seconds left.
|
|t:|1756742144
|switch|p2a: Indeedee|Indeedee, L50, M|100/100
|-fieldstart|move: Psychic Terrain|[from] ability: Psychic Surge|[of] p2a: Indeedee
|-enditem|p2b: Sneasler|Psychic Seed
|-boost|p2b: Sneasler|spd|1|[from] item: Psychic Seed
|-terastallize|p1b: Kingambit|Dark
|move|p1a: Incineroar|Fake Out|p2b: Sneasler
|-activate|p2b: Sneasler|move: Psychic Terrain
|move|p2b: Sneasler|Close Combat|p1b: Kingambit
|-supereffective|p1b: Kingambit
|-damage|p1b: Kingambit|33/100
|-unboost|p2b: Sneasler|def|1
|-unboost|p2b: Sneasler|spd|1
|move|p1b: Kingambit|Swords Dance|p1b: Kingambit
|-boost|p1b: Kingambit|atk|2
|
|upkeep
|turn|2
|
|t:|1756742169
|switch|p2a: Tyranitar|Tyranitar, L50, M|100/100
|-weather|Sandstorm|[from] ability: Sand Stream|[of] p2a: Tyranitar
|move|p1b: Kingambit|Sucker Punch|p2b: Sneasler
|-activate|p2b: Sneasler|move: Psychic Terrain
|move|p2b: Sneasler|Dire Claw|p1a: Incineroar
|-damage|p1a: Incineroar|80/100
|-status|p1a: Incineroar|psn
|move|p1a: Incineroar|Knock Off|p2a: Tyranitar
|-resisted|p2a: Tyranitar
|-damage|p2a: Tyranitar|85/100
|-enditem|p2a: Tyranitar|Assault Vest|[from] move: Knock Off|[of] p1a: Incineroar
|
|-weather|Sandstorm|[upkeep]
|-damage|p2b: Sneasler|95/100|[from] Sandstorm
|-damage|p1b: Kingambit|27/100|[from] Sandstorm
|-damage|p1a: Incineroar|67/100 psn|[from] psn
|upkeep
|turn|3
|inactive|pealcantara28 has 30 seconds left.
|
|t:|1756742195
|switch|p2b: Excadrill|Excadrill, L50, M|100/100
|switch|p1a: Pelipper|Pelipper, L50, M|100/100
|-weather|RainDance|[from] ability: Drizzle|[of] p1a: Pelipper
|move|p2a: Tyranitar|Rock Slide|p1a: Pelipper|[spread] p1a,p1b
|-supereffective|p1a: Pelipper
|-damage|p1a: Pelipper|8/100
|-damage|p1b: Kingambit|3/100
|move|p1b: Kingambit|Kowtow Cleave|p2b: Excadrill
|-enditem|p2b: Excadrill|Focus Sash
|-damage|p2b: Excadrill|1/100
|
|-weather|RainDance|[upkeep]
|upkeep
|turn|4
|inactive|pealcantara28 has 30 seconds left.
|inactive|The median voter has 30 seconds left.
|
|t:|1756742222
|move|p1b: Kingambit|Protect|p1b: Kingambit
|-singleturn|p1b: Kingambit|Protect
|move|p2b: Excadrill|Iron Head|p1a: Pelipper
|-resisted|p1a: Pelipper
|-damage|p1a: Pelipper|0 fnt
|faint|p1a: Pelipper
|move|p2a: Tyranitar|Knock Off|p1b: Kingambit
|-activate|p1b: Kingambit|move: Protect
|
|-weather|RainDance|[upkeep]
|upkeep
|
|t:|1756742233
|switch|p1a: Incineroar|Incineroar, L50, M|67/100 psn
|-ability|p1a: Incineroar|Intimidate|boost
|-unboost|p2a: Tyranitar|atk|1
|-unboost|p2b: Excadrill|atk|1
|turn|5
|
|t:|1756742247
|switch|p2a: Indeedee|Indeedee, L50, M|100/100
|move|p2b: Excadrill|Earthquake|p1a: Incineroar|[spread] p2a,p1a,p1b
|-supereffective|p1a: Incineroar
|-damage|p2a: Indeedee|43/100
|-damage|p1a: Incineroar|25/100 psn
|-damage|p1b: Kingambit|0 fnt
|faint|p1b: Kingambit
|move|p1a: Incineroar|Knock Off|p2b: Excadrill
|-damage|p2b: Excadrill|0 fnt
|faint|p2b: Excadrill
|
|-weather|RainDance|[upkeep]
|-damage|p1a: Incineroar|12/100 psn|[from] psn
|-fieldend|move: Psychic Terrain
|upkeep
|
|t:|1756742262
|switch|p2b: Sneasler|Sneasler, L50, M|95/100
|switch|p1b: Archaludon|Archaludon, L50, F|100/100
|turn|6
|
|t:|1756742272
|move|p2b: Sneasler|Protect|p2b: Sneasler
|-singleturn|p2b: Sneasler|Protect
|move|p2a: Indeedee|Trick|p1b: Archaludon
|-activate|p2a: Indeedee|move: Trick|[of] p1b: Archaludon
|-item|p1b: Archaludon|Choice Scarf|[from] move: Trick
|-item|p2a: Indeedee|Assault Vest|[from] move: Trick
|move|p1b: Archaludon|Electro Shot||[still]
|-prepare|p1b: Archaludon|Electro Shot
|-boost|p1b: Archaludon|spa|1
|-anim|p1b: Archaludon|Electro Shot|p2b: Sneasler
|-activate|p2b: Sneasler|move: Protect
|move|p1a: Incineroar|Knock Off|p2a: Indeedee
|-supereffective|p2a: Indeedee
|-damage|p2a: Indeedee|0 fnt
|-enditem|p2a: Indeedee|Assault Vest|[from] move: Knock Off|[of] p1a: Incineroar
|faint|p2a: Indeedee
|
|-weather|RainDance|[upkeep]
|-damage|p1a: Incineroar|0 fnt|[from] psn
|faint|p1a: Incineroar
|upkeep
|
|t:|1756742281
|switch|p2a: Tyranitar|Tyranitar, L50, M|85/100
|-weather|Sandstorm|[from] ability: Sand Stream|[of] p2a: Tyranitar
|turn|7
|
|t:|1756742296
|move|p2b: Sneasler|Close Combat|p1b: Archaludon
|-supereffective|p1b: Archaludon
|-crit|p1b: Archaludon
|-damage|p1b: Archaludon|0 fnt
|-unboost|p2b: Sneasler|def|1
|-unboost|p2b: Sneasler|spd|1
|faint|p1b: Archaludon
|
|win|The median voter
||The median voter is ready for game 2.
