|j|☆don zaloog is real
|j|☆chochitos gustar
|html|don zaloog is realchochitos gustar    
|uhtml|bestof|Game 3 of a best-of-3
|t:|1756762156
|gametype|doubles
|player|p1|don zaloog is real|collector|1285
|player|p2|chochitos gustar|rosa|1288
|gen|9
|tier|[Gen 9] VGC 2025 Reg H (Bo3)
|rated|
|rule|Species Clause: Limit one of each Pokémon
|rule|Item Clause: Limit 1 of each item
|clearpoke
|poke|p1|Murkrow, L50, M|
|poke|p1|Basculegion, L50, M|
|poke|p1|Gholdengo, L50|
|poke|p1|Pawmot, L50, F|
|poke|p1|Kommo-o, L50, F|
|poke|p1|Amoonguss, L50, M|
|poke|p2|Pelipper, L50, F|
|poke|p2|Archaludon, L50, M|
|poke|p2|Basculegion, L50, M|
|poke|p2|Incineroar, L50, F|
|poke|p2|Amoonguss, L50, M|
|poke|p2|Gholdengo, L50|
|teampreview|4
|showteam|p1|Murkrow||Eviolite|Prankster|BraveBird,Tailwind,Quash,Haze|||M|||50|,,,,,Ghost]Basculegion||ChoiceScarf|Adaptability|LastRespects,WaveCrash,FlipTurn,AquaJet|||M|||50|,,,,,Grass]Gholdengo||ChoiceSpecs|GoodasGold|MakeItRain,ShadowBall,PowerGem,SteelBeam||||||50|,,,,,Steel]Pawmot||FocusSash|VoltAbsorb|CloseCombat,DoubleShock,Protect,RevivalBlessing|||F|||50|,,,,,Electric]Kommo-o||LifeOrb|Overcoat|ClangingScales,AuraSphere,Flamethrower,Protect|||F|||50|,,,,,Fire]Amoonguss||CovertCloak|Regenerator|LeafStorm,SludgeBomb,Spore,RagePowder|||M|||50|,,,,,Water
|showteam|p2|Pelipper||FocusSash|Drizzle|Tailwind,Hurricane,WeatherBall,Protect|||F|||50|,,,,,Stellar]Archaludon||AssaultVest|Stamina|ElectroShot,BodyPress,FlashCannon,DragonPulse|||M|||50|,,,,,Fairy]Basculegion||ChoiceBand|SwiftSwim|LastRespects,WaveCrash,AquaJet,FlipTurn|||M|||50|,,,,,Water]Incineroar||SafetyGoggles|Intimidate|FakeOut,KnockOff,FlareBlitz,PartingShot|||F|||50|,,,,,Ghost]Amoonguss||SitrusBerry|Regenerator|Spore,RagePowder,PollenPuff,ClearSmog|||M|||50|,,,,,Fire]Gholdengo||LifeOrb|GoodasGold|NastyPlot,MakeItRain,ShadowBall,Protect||||||50|,,,,,Water
|
|t:|1756762193
|teamsize|p1|4
|teamsize|p2|4
|start
|switch|p1a: Amoonguss|Amoonguss, L50, M|100/100
|switch|p1b: Kommo-o|Kommo-o, L50, F|100/100
|switch|p2a: Pelipper|Pelipper, L50, F|100/100
|switch|p2b: Basculegion|Basculegion, L50, M|100/100
|-weather|RainDance|[from] ability: Drizzle|[of] p2a: Pelipper
|turn|1
|
|t:|1756762222
|move|p2b: Basculegion|Flip Turn|p1a: Amoonguss
|-resisted|p1a: Amoonguss
|-damage|p1a: Amoonguss|67/100
|
|t:|1756762227
|switch|p2b: Archaludon|Archaludon, L50, M, shiny|100/100|[from] Flip Turn
|move|p1b: Kommo-o|Clanging Scales|p2a: Pelipper|[spread] p2a,p2b
|-damage|p2a: Pelipper|20/100
|-damage|p2b: Archaludon|57/100
|-ability|p2b: Archaludon|Stamina|boost
|-boost|p2b: Archaludon|def|1
|-unboost|p1b: Kommo-o|def|1
|-damage|p1b: Kommo-o|91/100|[from] item: Life Orb
|move|p2a: Pelipper|Hurricane|p1a: Amoonguss
|-supereffective|p1a: Amoonguss
|-damage|p1a: Amoonguss|0 fnt
|faint|p1a: Amoonguss
|
|-weather|RainDance|[upkeep]
|upkeep
|
|t:|1756762272
|switch|p1a: Basculegion|Basculegion, L50, M|100/100
|turn|2
|
|t:|1756762286
|-terastallize|p1a: Basculegion|Grass
|move|p1a: Basculegion|Last Respects|p2b: Archaludon
|-crit|p2b: Archaludon
|-damage|p2b: Archaludon|8/100
|-ability|p2b: Archaludon|Stamina|boost
|-boost|p2b: Archaludon|def|1
|move|p1b: Kommo-o|Clanging Scales|p2b: Archaludon|[spread] p2a,p2b
|-damage|p2a: Pelipper|0 fnt
|-damage|p2b: Archaludon|0 fnt
|faint|p2a: Pelipper
|faint|p2b: Archaludon
|-unboost|p1b: Kommo-o|def|1
|-damage|p1b: Kommo-o|82/100|[from] item: Life Orb
|
|-weather|RainDance|[upkeep]
|upkeep
|
|t:|1756762294
|switch|p2a: Gholdengo|Gholdengo, L50|100/100
|switch|p2b: Basculegion|Basculegion, L50, M|100/100
|turn|3
|
|t:|1756762318
|move|p2b: Basculegion|Last Respects|p1a: Basculegion
|-damage|p1a: Basculegion|0 fnt
|faint|p1a: Basculegion
|move|p1b: Kommo-o|Clanging Scales|p2a: Gholdengo|[spread] p2a,p2b
|-resisted|p2a: Gholdengo
|-damage|p2a: Gholdengo|73/100
|-damage|p2b: Basculegion|46/100
|-unboost|p1b: Kommo-o|def|1
|-damage|p1b: Kommo-o|72/100|[from] item: Life Orb
|move|p2a: Gholdengo|Nasty Plot|p2a: Gholdengo
|-boost|p2a: Gholdengo|spa|2
|
|-weather|RainDance|[upkeep]
|upkeep
|
|t:|1756762321
|switch|p1a: Pawmot|Pawmot, L50, F|100/100
|turn|4
|
|t:|1756762359
|move|p1a: Pawmot|Protect|p1a: Pawmot
|-singleturn|p1a: Pawmot|Protect
|move|p1b: Kommo-o|Protect|p1b: Kommo-o
|-singleturn|p1b: Kommo-o|Protect
|move|p2b: Basculegion|Last Respects|p1b: Kommo-o
|-activate|p1b: Kommo-o|move: Protect
|move|p2a: Gholdengo|Make It Rain|p1a: Pawmot|[spread] 
|-activate|p1a: Pawmot|move: Protect
|-activate|p1b: Kommo-o|move: Protect
|
|-weather|RainDance|[upkeep]
|upkeep
|turn|5
|
|t:|1756762381
|move|p2b: Basculegion|Last Respects|p1b: Kommo-o
|-damage|p1b: Kommo-o|0 fnt
|faint|p1b: Kommo-o
|move|p1a: Pawmot|Revival Blessing|p1a: Pawmot
|
|t:|1756762387
|-heal|p1: Basculegion|50/100|[from] move: Revival Blessing
|move|p2a: Gholdengo|Shadow Ball|p1a: Pawmot
|-enditem|p1a: Pawmot|Focus Sash
|-damage|p1a: Pawmot|1/100
|-damage|p2a: Gholdengo|64/100|[from] item: Life Orb
|
|-weather|none
|upkeep
|
|t:|1756762392
|switch|p1b: Basculegion|Basculegion, L50, M|50/100
|turn|6
|
|t:|1756762405
|move|p1b: Basculegion|Last Respects|p2a: Gholdengo
|-supereffective|p2a: Gholdengo
|-damage|p2a: Gholdengo|0 fnt
|faint|p2a: Gholdengo
|move|p1a: Pawmot|Double Shock|p2b: Basculegion
|-supereffective|p2b: Basculegion
|-damage|p2b: Basculegion|0 fnt
|-start|p1a: Pawmot|typechange|???/Fighting|[from] move: Double Shock
|faint|p2b: Basculegion
|
|win|don zaloog is real
|raw|don zaloog is real's rating: 1285 → 1310(+25 for winning)
|raw|chochitos gustar's rating: 1288 → 1263(-25 for losing)
|l|☆chochitos gustar
|player|p2|
