|j|☆Gayangos
|j|☆sadnessvgc
|html|Gayangossadnessvgc    
|uhtml|bestof|Game 2 of a best-of-3
|t:|1784816360
|gametype|doubles
|player|p1|Gayangos|1|1275
|player|p2|sadnessvgc|agatha-gen1rb|1332
|gen|9
|tier|[Gen 9 Champions] VGC 2026 Reg M-B (Bo3)
|rated|
|rule|Species Clause: Limit one of each Pokémon
|rule|Item Clause: Limit 1 of each item
|clearpoke
|poke|p1|Garchomp, L50, M|
|poke|p1|Venusaur, L50, M|
|poke|p1|Incineroar, L50, F|
|poke|p1|Charizard, L50, M|
|poke|p1|Toxapex, L50, F|
|poke|p1|Annihilape, L50, F|
|poke|p2|Floette-Eternal, L50, F|
|poke|p2|Sinistcha, L50, shiny|
|poke|p2|Sneasler, L50, M, shiny|
|poke|p2|Incineroar, L50, M, shiny|
|poke|p2|Garchomp, L50, F, shiny|
|poke|p2|Kingambit, L50, M, shiny|
|teampreview|4
|showteam|p1|Garchomp||ChoiceScarf|RoughSkin|Earthquake,DragonClaw,StompingTantrum,RockSlide|Adamant||M|||50|]Venusaur||LifeOrb|Chlorophyll|SolarBeam,SludgeBomb,EarthPower,Protect|Modest||M|||50|]Incineroar||SitrusBerry|Intimidate|FlareBlitz,ThroatChop,FakeOut,PartingShot|Impish||F|||50|]Charizard||CharizarditeY|Blaze|HeatWave,WeatherBall,HelpingHand,Protect|Modest||M|||50|]Toxapex||Leftovers|Regenerator|Infestation,Toxic,WideGuard,BanefulBunker|Bold||F|||50|]Annihilape||FocusSash|Defiant|CloseCombat,PhantomForce,RockTomb,Protect|Jolly||F|||50|
|showteam|p2|Floette-Eternal||Floettite|FlowerVeil|DazzlingGleam,DrainingKiss,Protect,CalmMind|Timid||F|||50|]Sinistcha||SitrusBerry|Hospitality|MatchaGotcha,Protect,TrickRoom,RagePowder|Bold|||||50|]Sneasler||FocusSash|Unburden|DireClaw,FakeOut,CloseCombat,Coaching|Naive||M|||50|]Incineroar||Leftovers|Intimidate|FlareBlitz,FakeOut,PartingShot,HelpingHand|Sassy||M|||50|]Garchomp||Garchompite|RoughSkin|Earthquake,StompingTantrum,RockSlide,Protect|Adamant||F|||50|]Kingambit||ChopleBerry|Defiant|KowtowCleave,SuckerPunch,IronHead,Protect|Adamant||M|||50|
|inactive|Battle timer is ON: inactive players will automatically lose when time's up. (requested by sadnessvgc)
|
|t:|1784816389
|teamsize|p1|4
|teamsize|p2|4
|start
|switch|p1a: Charizard|Charizard, L50, M|100/100
|switch|p1b: Venusaur|Venusaur, L50, M|100/100
|switch|p2a: Sneasler|Sneasler, L50, M, shiny|100/100
|switch|p2b: Garchomp|Garchomp, L50, F, shiny|100/100
|turn|1
|
|t:|1784816402
|switch|p1b: Garchomp|Garchomp, L50, M|100/100
|detailschange|p2b: Garchomp|Garchomp-Mega, L50, F, shiny
|-mega|p2b: Garchomp|Garchomp|Garchompite
|move|p1a: Charizard|Protect|p1a: Charizard
|-singleturn|p1a: Charizard|Protect
|move|p2a: Sneasler|Coaching|p2b: Garchomp
|-boost|p2b: Garchomp|atk|1
|-boost|p2b: Garchomp|def|1
|move|p2b: Garchomp|Rock Slide|p1a: Charizard|[spread] p1b
|-activate|p1a: Charizard|move: Protect
|-resisted|p1b: Garchomp|1
|-damage|p1b: Garchomp|81/100
|
|upkeep
|turn|2
|
|t:|1784816419
|switch|p2a: Incineroar|Incineroar, L50, M, shiny|100/100
|-ability|p2a: Incineroar|Intimidate|boost
|-unboost|p1a: Charizard|atk|1
|-unboost|p1b: Garchomp|atk|1
|move|p1a: Charizard|Helping Hand|p1b: Garchomp
|-singleturn|p1b: Garchomp|Helping Hand|[of] p1a: Charizard
|move|p2b: Garchomp|Protect|p2b: Garchomp
|-singleturn|p2b: Garchomp|Protect
|move|p1b: Garchomp|Dragon Claw|p2b: Garchomp
|-activate|p2b: Garchomp|move: Protect
|
|upkeep
|turn|3
|
|t:|1784816440
|move|p1a: Charizard|Protect|p1a: Charizard
|-singleturn|p1a: Charizard|Protect
|move|p2a: Incineroar|Fake Out|p1b: Garchomp
|-damage|p1b: Garchomp|71/100
|-damage|p2a: Incineroar|87/100|[from] ability: Rough Skin|[of] p1b: Garchomp
|cant|p1b: Garchomp|flinch
|move|p2b: Garchomp|Stomping Tantrum|p1b: Garchomp
|-damage|p1b: Garchomp|1/100
|-damage|p2b: Garchomp|87/100|[from] ability: Rough Skin|[of] p1b: Garchomp
|
|-heal|p2a: Incineroar|93/100|[from] item: Leftovers
|upkeep
|turn|4
|
|t:|1784816458
|switch|p1a: Annihilape|Annihilape, L50, F|100/100
|move|p2b: Garchomp|Protect|p2b: Garchomp
|-singleturn|p2b: Garchomp|Protect
|move|p1b: Garchomp|Dragon Claw|p2b: Garchomp
|-activate|p2b: Garchomp|move: Protect
|move|p2a: Incineroar|Parting Shot|p1a: Annihilape
|-unboost|p1a: Annihilape|atk|1
|-ability|p1a: Annihilape|Defiant|boost
|-boost|p1a: Annihilape|atk|2
|-unboost|p1a: Annihilape|spa|1
|-ability|p1a: Annihilape|Defiant|boost
|-boost|p1a: Annihilape|atk|2
|
|t:|1784816482
|switch|p2a: Sinistcha|Sinistcha, L50, shiny|100/100|[from] Parting Shot
|-heal|p2b: Garchomp|100/100|[from] ability: Hospitality|[of] p2a: Sinistcha
|
|upkeep
|turn|5
|
|t:|1784816494
|move|p1a: Annihilape|Protect|p1a: Annihilape
|-singleturn|p1a: Annihilape|Protect
|move|p2a: Sinistcha|Rage Powder|p2a: Sinistcha
|-singleturn|p2a: Sinistcha|move: Rage Powder
|move|p1b: Garchomp|Dragon Claw|p2a: Sinistcha
|-damage|p2a: Sinistcha|75/100
|move|p2b: Garchomp|Earthquake|p1a: Annihilape|[spread] p2a,p1b
|-activate|p1a: Annihilape|move: Protect
|-resisted|p2a: Sinistcha|1
|-damage|p2a: Sinistcha|46/100
|-damage|p1b: Garchomp|0 fnt
|-enditem|p2a: Sinistcha|Sitrus Berry|[eat]
|-heal|p2a: Sinistcha|70/100|[from] item: Sitrus Berry
|faint|p1b: Garchomp
|
|upkeep
|
|t:|1784816504
|switch|p1b: Charizard|Charizard, L50, M|100/100
|turn|6
|
|t:|1784816520
|move|p1b: Charizard|Protect|p1b: Charizard
|-singleturn|p1b: Charizard|Protect
|move|p1a: Annihilape|Phantom Force||[still]
|-prepare|p1a: Annihilape|Phantom Force
|move|p2b: Garchomp|Rock Slide|p1a: Annihilape|[spread] 
|-miss|p2b: Garchomp|p1a: Annihilape
|-activate|p1b: Charizard|move: Protect
|move|p2a: Sinistcha|Matcha Gotcha|p1a: Annihilape|[spread] 
|-miss|p2a: Sinistcha|p1a: Annihilape
|-activate|p1b: Charizard|move: Protect
|
|upkeep
|turn|7
|
|t:|1784816531
|detailschange|p1b: Charizard|Charizard-Mega-Y, L50, M
|-mega|p1b: Charizard|Charizard|Charizardite Y
|-weather|SunnyDay|[from] ability: Drought|[of] p1b: Charizard
|move|p2a: Sinistcha|Rage Powder|p2a: Sinistcha
|-singleturn|p2a: Sinistcha|move: Rage Powder
|move|p1a: Annihilape|Phantom Force|p2a: Sinistcha|[from] lockedmove
|-supereffective|p2a: Sinistcha|1
|-damage|p2a: Sinistcha|0 fnt
|faint|p2a: Sinistcha
|move|p1b: Charizard|Weather Ball|p2b: Garchomp
|-resisted|p2b: Garchomp|1
|-damage|p2b: Garchomp|64/100
|move|p2b: Garchomp|Rock Slide|p1b: Charizard|[spread] p1a,p1b
|-resisted|p1a: Annihilape|1
|-supereffective|p1b: Charizard|2
|-damage|p1a: Annihilape|77/100
|-damage|p1b: Charizard|0 fnt
|faint|p1b: Charizard
|
|-weather|SunnyDay|[upkeep]
|upkeep
|
|t:|1784816552
|switch|p1b: Venusaur|Venusaur, L50, M|100/100
|switch|p2a: Sneasler|Sneasler, L50, M, shiny|100/100
|turn|8
|
|t:|1784816569
|move|p1b: Venusaur|Protect|p1b: Venusaur
|-singleturn|p1b: Venusaur|Protect
|move|p2a: Sneasler|Coaching|p2b: Garchomp
|-boost|p2b: Garchomp|atk|1
|-boost|p2b: Garchomp|def|1
|move|p1a: Annihilape|Phantom Force||[still]
|-prepare|p1a: Annihilape|Phantom Force
|move|p2b: Garchomp|Stomping Tantrum|p1b: Venusaur
|-activate|p1b: Venusaur|move: Protect
|
|-weather|SunnyDay|[upkeep]
|upkeep
|turn|9
|
|t:|1784816590
|move|p1b: Venusaur|Solar Beam||[still]
|-prepare|p1b: Venusaur|Solar Beam
|-anim|p1b: Venusaur|Solar Beam|p2b: Garchomp
|-damage|p2b: Garchomp|9/100
|-damage|p1b: Venusaur|90/100|[from] item: Life Orb
|move|p2a: Sneasler|Coaching|p2b: Garchomp
|-boost|p2b: Garchomp|atk|1
|-boost|p2b: Garchomp|def|1
|move|p1a: Annihilape|Phantom Force|p2a: Sneasler|[from] lockedmove
|-enditem|p2a: Sneasler|Focus Sash
|-damage|p2a: Sneasler|1/100
|move|p2b: Garchomp|Earthquake|p1b: Venusaur|[spread] p2a,p1a,p1b
|-supereffective|p2a: Sneasler|1
|-damage|p2a: Sneasler|0 fnt
|-damage|p1a: Annihilape|0 fnt
|-damage|p1b: Venusaur|0 fnt
|faint|p2a: Sneasler
|faint|p1a: Annihilape
|faint|p1b: Venusaur
|
|win|sadnessvgc
|raw|Gayangos's rating: 1275 → 1254(-21 for losing)
|raw|sadnessvgc's rating: 1332 → 1349(+17 for winning)
|l|☆Gayangos
|player|p1|
