|j|☆ThierryVGC
|j|☆spearow's nest
|html|ThierryVGCspearow's nest    
|uhtml|bestof|Game 2 of a best-of-3
|t:|1757041930
|gametype|doubles
|player|p1|ThierryVGC|266|1160
|player|p2|spearow's nest|lance|1250
|gen|9
|tier|[Gen 9] VGC 2025 Reg H (Bo3)
|rated|
|rule|Species Clause: Limit one of each Pokémon
|rule|Item Clause: Limit 1 of each item
|clearpoke
|poke|p1|Porygon2, L50|
|poke|p1|Ursaluna, L50, M|
|poke|p1|Amoonguss, L50, M|
|poke|p1|Incineroar, L50, F|
|poke|p1|Murkrow, L50, F|
|poke|p1|Typhlosion-Hisui, L50, M|
|poke|p2|Rillaboom, L50, M|
|poke|p2|Dragonite, L50, M|
|poke|p2|Sneasler, L50, M|
|poke|p2|Ninetales-Alola, L50, F|
|poke|p2|Kingambit, L50, M|
|poke|p2|Volcarona, L50, F|
|teampreview|4
|showteam|p1|Porygon2||Eviolite|Download|IceBeam,TeraBlast,Recover,TrickRoom||||||50|,,,,,Fighting]Ursaluna||FlameOrb|Guts|Facade,Earthquake,HeadlongRush,Protect|||M|||50|,,,,,Fairy]Amoonguss||CovertCloak|Regenerator|PollenPuff,SludgeBomb,RagePowder,Spore|||M|||50|,,,,,Water]Incineroar||SafetyGoggles|Intimidate|KnockOff,PartingShot,FlareBlitz,FakeOut|||F|||50|,,,,,Ghost]Murkrow||FocusSash|Prankster|Tailwind,SunnyDay,Haze,AirSlash|||F|||50|,,,,,Ghost]Typhlosion-Hisui||ChoiceScarf|Blaze|Eruption,HeatWave,ShadowBall,Overheat|||M|||50|,,,,,Fire
|showteam|p2|Rillaboom||AssaultVest|GrassySurge|WoodHammer,GrassyGlide,HighHorsepower,FakeOut|||M|||50|,,,,,Fire]Dragonite||LoadedDice|Multiscale|Protect,ScaleShot,LowKick,Haze|||M|||50|,,,,,Fairy]Sneasler||WhiteHerb|Unburden|Protect,DireClaw,CloseCombat,Coaching|||M|||50|,,,,,Ghost]Ninetales-Alola||ChoiceSpecs|SnowWarning|Blizzard,IcyWind,Moonblast,FreezeDry|||F|||50|,,,,,Ghost]Kingambit||SafetyGoggles|Defiant|Protect,KowtowCleave,SuckerPunch,SwordsDance|||M|||50|,,,,,Dark]Volcarona||CovertCloak|FlameBody|StruggleBug,RagePowder,Overheat,WillOWisp|||F|||50|,,,,,Fairy
|
|t:|1757041948
|teamsize|p1|4
|teamsize|p2|4
|start
|switch|p1a: Amoonguss|Amoonguss, L50, M|100/100
|switch|p1b: Porygon2|Porygon2, L50|100/100
|switch|p2a: Volcarona|Volcarona, L50, F|100/100
|switch|p2b: Kingambit|Kingambit, L50, M|100/100
|-ability|p1b: Porygon2|Download|boost
|-boost|p1b: Porygon2|atk|1
|turn|1
|
|t:|1757041974
|-terastallize|p2b: Kingambit|Dark
|move|p2a: Volcarona|Overheat|p1a: Amoonguss
|-supereffective|p1a: Amoonguss
|-damage|p1a: Amoonguss|8/100
|-unboost|p2a: Volcarona|spa|2
|move|p2b: Kingambit|Kowtow Cleave|p1a: Amoonguss
|-damage|p1a: Amoonguss|0 fnt
|faint|p1a: Amoonguss
|move|p1b: Porygon2|Trick Room|p1b: Porygon2
|-fieldstart|move: Trick Room|[of] p1b: Porygon2
|
|upkeep
|
|t:|1757041983
|switch|p1a: Ursaluna|Ursaluna, L50, M|100/100
|turn|2
|
|t:|1757041992
|switch|p2b: Rillaboom|Rillaboom, L50, M|100/100
|-fieldstart|move: Grassy Terrain|[from] ability: Grassy Surge|[of] p2b: Rillaboom
|-terastallize|p1b: Porygon2|Fighting
|move|p1b: Porygon2|Tera Blast|p2b: Rillaboom|[anim] Tera Blast Fighting
|-damage|p2b: Rillaboom|76/100
|move|p1a: Ursaluna|Headlong Rush|p2a: Volcarona
|-damage|p2a: Volcarona|18/100
|-unboost|p1a: Ursaluna|def|1
|-unboost|p1a: Ursaluna|spd|1
|move|p2a: Volcarona|Will-O-Wisp|p1b: Porygon2
|-status|p1b: Porygon2|brn
|
|-heal|p2b: Rillaboom|82/100|[from] Grassy Terrain
|-heal|p2a: Volcarona|24/100|[from] Grassy Terrain
|-damage|p1b: Porygon2|94/100 brn|[from] brn
|-status|p1a: Ursaluna|brn|[from] item: Flame Orb
|upkeep
|turn|3
|
|t:|1757042017
|switch|p1b: Incineroar|Incineroar, L50, F|100/100
|-ability|p1b: Incineroar|Intimidate|boost
|-unboost|p2a: Volcarona|atk|1
|-unboost|p2b: Rillaboom|atk|1
|move|p2b: Rillaboom|Fake Out|p1a: Ursaluna
|-damage|p1a: Ursaluna|91/100 brn
|cant|p1a: Ursaluna|flinch
|move|p2a: Volcarona|Struggle Bug|p1a: Ursaluna|[spread] p1a,p1b
|-damage|p1a: Ursaluna|79/100 brn
|-damage|p1b: Incineroar|93/100
|-unboost|p1a: Ursaluna|spa|1
|-unboost|p1b: Incineroar|spa|1
|
|-heal|p1b: Incineroar|99/100|[from] Grassy Terrain
|-heal|p1a: Ursaluna|85/100 brn|[from] Grassy Terrain
|-heal|p2b: Rillaboom|88/100|[from] Grassy Terrain
|-heal|p2a: Volcarona|30/100|[from] Grassy Terrain
|-damage|p1a: Ursaluna|79/100 brn|[from] brn
|upkeep
|turn|4
|
|t:|1757042052
|switch|p2b: Sneasler|Sneasler, L50, M|100/100
|move|p2a: Volcarona|Rage Powder|p2a: Volcarona
|-singleturn|p2a: Volcarona|move: Rage Powder
|move|p1b: Incineroar|Flare Blitz|p2a: Volcarona
|-damage|p2a: Volcarona|0 fnt
|faint|p2a: Volcarona
|-damage|p1b: Incineroar|90/100|[from] Recoil
|move|p1a: Ursaluna|Facade|p2b: Sneasler
|-damage|p2b: Sneasler|0 fnt
|faint|p2b: Sneasler
|
|-heal|p1b: Incineroar|96/100|[from] Grassy Terrain
|-heal|p1a: Ursaluna|85/100 brn|[from] Grassy Terrain
|-damage|p1a: Ursaluna|79/100 brn|[from] brn
|upkeep
|
|t:|1757042061
|switch|p2a: Rillaboom|Rillaboom, L50, M|88/100
|switch|p2b: Kingambit|Kingambit, L50, M, tera:Dark|100/100
|turn|5
|
|t:|1757042077
|switch|p1a: Porygon2|Porygon2, L50, tera:Fighting|94/100 brn
|-ability|p1a: Porygon2|Download|boost
|-boost|p1a: Porygon2|spa|1
|move|p2a: Rillaboom|Fake Out|p1b: Incineroar
|-damage|p1b: Incineroar|84/100
|move|p2b: Kingambit|Kowtow Cleave|p1a: Porygon2
|-resisted|p1a: Porygon2
|-damage|p1a: Porygon2|71/100 brn
|cant|p1b: Incineroar|flinch
|
|-heal|p1a: Porygon2|77/100 brn|[from] Grassy Terrain
|-heal|p1b: Incineroar|90/100|[from] Grassy Terrain
|-heal|p2a: Rillaboom|94/100|[from] Grassy Terrain
|-damage|p1a: Porygon2|71/100 brn|[from] brn
|-fieldend|move: Trick Room
|upkeep
|turn|6
|
|t:|1757042091
|move|p2a: Rillaboom|Wood Hammer|p1a: Porygon2
|-damage|p1a: Porygon2|19/100 brn
|-damage|p2a: Rillaboom|77/100|[from] Recoil
|move|p1b: Incineroar|Flare Blitz|p2b: Kingambit
|-damage|p2b: Kingambit|67/100
|-damage|p1b: Incineroar|78/100|[from] Recoil
|move|p1a: Porygon2|Tera Blast|p2b: Kingambit|[anim] Tera Blast Fighting
|-supereffective|p2b: Kingambit
|-damage|p2b: Kingambit|0 fnt
|faint|p2b: Kingambit
|
|-heal|p2a: Rillaboom|83/100|[from] Grassy Terrain
|-heal|p1b: Incineroar|84/100|[from] Grassy Terrain
|-heal|p1a: Porygon2|25/100 brn|[from] Grassy Terrain
|-damage|p1a: Porygon2|19/100 brn|[from] brn
|-fieldend|move: Grassy Terrain
|upkeep
|turn|7
|
|t:|1757042108
|switch|p1b: Ursaluna|Ursaluna, L50, M|79/100 brn
|move|p2a: Rillaboom|High Horsepower|p1b: Ursaluna
|-damage|p1b: Ursaluna|55/100 brn
|move|p1a: Porygon2|Ice Beam|p2a: Rillaboom
|-supereffective|p2a: Rillaboom
|-damage|p2a: Rillaboom|24/100
|
|-damage|p1b: Ursaluna|49/100 brn|[from] brn
|-damage|p1a: Porygon2|12/100 brn|[from] brn
|upkeep
|turn|8
|
|t:|1757042115
|move|p2a: Rillaboom|Wood Hammer|p1b: Ursaluna
|-supereffective|p1b: Ursaluna
|-damage|p1b: Ursaluna|0 fnt
|faint|p1b: Ursaluna
|-damage|p2a: Rillaboom|6/100|[from] Recoil
|move|p1a: Porygon2|Ice Beam|p2a: Rillaboom
|-supereffective|p2a: Rillaboom
|-damage|p2a: Rillaboom|0 fnt
|faint|p2a: Rillaboom
|
|win|ThierryVGC
