|j|☆MalchirVGC
|j|☆leafeon03
|html|MalchirVGCleafeon03    
|uhtml|bestof|Game 1 of a best-of-3
|t:|1784040800
|gametype|doubles
|player|p1|MalchirVGC|pokemonbreeder|1182
|player|p2|leafeon03|erika|1128
|gen|9
|tier|[Gen 9 Champions] VGC 2026 Reg M-B (Bo3)
|rated|
|rule|Species Clause: Limit one of each Pokémon
|rule|Item Clause: Limit 1 of each item
|clearpoke
|poke|p1|Charizard, L50, M|
|poke|p1|Basculegion, L50, M|
|poke|p1|Venusaur, L50, F|
|poke|p1|Grimmsnarl, L50, M|
|poke|p1|Pelipper, L50, F|
|poke|p1|Archaludon, L50, M|
|poke|p2|Garchomp, L50, F, shiny|
|poke|p2|Venusaur, L50, F|
|poke|p2|Incineroar, L50, M|
|poke|p2|Charizard, L50, F, shiny|
|poke|p2|Toxapex, L50, F|
|poke|p2|Annihilape, L50, F|
|teampreview|4
|showteam|p1|Charizard||CharizarditeY|Blaze|Protect,HeatWave,WeatherBall,SolarBeam|Timid||M|||50|]Basculegion||ChoiceScarf|Adaptability|FlipTurn,WaveCrash,AquaJet,LastRespects|Jolly||M|||50|]Venusaur||FocusSash|Chlorophyll|Protect,SleepPowder,SludgeBomb,EarthPower|Modest||F|||50|]Grimmsnarl||LightClay|Prankster|SpiritBreak,PartingShot,Reflect,LightScreen|Careful||M|||50|]Pelipper||SitrusBerry|Drizzle|Hurricane,WideGuard,Tailwind,WeatherBall|Modest||F|||50|]Archaludon||Leftovers|Stamina|ElectroShot,DragonPulse,FlashCannon,Protect|Modest||M|||50|
|showteam|p2|Garchomp||ChoiceScarf|RoughSkin|Earthquake,RockSlide,DragonClaw,StompingTantrum|Adamant||F|||50|]Venusaur||LifeOrb|Chlorophyll|SludgeBomb,SolarBeam,EarthPower,Protect|Modest||F|||50|]Incineroar||SitrusBerry|Intimidate|FakeOut,FlareBlitz,ThroatChop,PartingShot|Impish||M|||50|]Charizard||CharizarditeY|Blaze|HeatWave,WeatherBall,Protect,HelpingHand|Modest||F|||50|]Toxapex||Leftovers|Regenerator|Infestation,Toxic,WideGuard,BanefulBunker|Impish||F|||50|]Annihilape||FocusSash|Defiant|CloseCombat,PhantomForce,RockTomb,Protect|Jolly||F|||50|
|inactive|Battle timer is ON: inactive players will automatically lose when time's up. (requested by leafeon03)
|
|t:|1784040872
|teamsize|p1|4
|teamsize|p2|4
|start
|switch|p1a: Basculegion|Basculegion, L50, M|100/100
|switch|p1b: Grimmsnarl|Grimmsnarl, L50, M|100/100
|switch|p2a: Charizard|Charizard, L50, F, shiny|100/100
|switch|p2b: Garchomp|Garchomp, L50, F, shiny|100/100
|turn|1
|inactive|leafeon03 has 30 seconds left.
|inactive|leafeon03 has 20 seconds left.
|
|t:|1784040909
|detailschange|p2a: Charizard|Charizard-Mega-Y, L50, F, shiny
|-mega|p2a: Charizard|Charizard|Charizardite Y
|-weather|SunnyDay|[from] ability: Drought|[of] p2a: Charizard
|move|p2a: Charizard|Protect|p2a: Charizard
|-singleturn|p2a: Charizard|Protect
|move|p2b: Garchomp|Earthquake|p1a: Basculegion|[spread] p1a,p1b
|-activate|p2a: Charizard|move: Protect
|-damage|p1a: Basculegion|45/100
|-damage|p1b: Grimmsnarl|59/100
|move|p1a: Basculegion|Flip Turn|p2a: Charizard
|-activate|p2a: Charizard|move: Protect
|move|p1b: Grimmsnarl|Spirit Break|p2b: Garchomp
|-supereffective|p2b: Garchomp|1
|-damage|p2b: Garchomp|45/100
|-unboost|p2b: Garchomp|spa|1
|-damage|p1b: Grimmsnarl|47/100|[from] ability: Rough Skin|[of] p2b: Garchomp
|
|-weather|SunnyDay|[upkeep]
|upkeep
|turn|2
|inactive|MalchirVGC has 30 seconds left.
|inactive|leafeon03 has 30 seconds left.
|inactive|MalchirVGC has 20 seconds left.
|
|t:|1784040945
|move|p2a: Charizard|Helping Hand|p2b: Garchomp
|-singleturn|p2b: Garchomp|Helping Hand|[of] p2a: Charizard
|move|p1b: Grimmsnarl|Parting Shot|p2b: Garchomp
|-unboost|p2b: Garchomp|atk|1
|-unboost|p2b: Garchomp|spa|1
|
|t:|1784040956
|switch|p1b: Pelipper|Pelipper, L50, F|100/100|[from] Parting Shot
|-weather|RainDance|[from] ability: Drizzle|[of] p1b: Pelipper
|move|p2b: Garchomp|Earthquake|p1a: Basculegion|[spread] p1a
|-immune|p2a: Charizard
|-immune|p1b: Pelipper
|-damage|p1a: Basculegion|0 fnt
|faint|p1a: Basculegion
|
|-weather|RainDance|[upkeep]
|upkeep
|inactive|MalchirVGC has 30 seconds left.
|
|t:|1784040986
|switch|p1a: Archaludon|Archaludon, L50, M|100/100
|turn|3
|inactive|leafeon03 has 30 seconds left.
|inactive|leafeon03 has 20 seconds left.
|
|t:|1784041025
|move|p2a: Charizard|Protect|p2a: Charizard
|-singleturn|p2a: Charizard|Protect
|move|p1a: Archaludon|Protect|p1a: Archaludon
|-singleturn|p1a: Archaludon|Protect
|move|p2b: Garchomp|Earthquake|p1b: Pelipper|[spread] 
|-activate|p2a: Charizard|move: Protect
|-activate|p1a: Archaludon|move: Protect
|-immune|p1b: Pelipper
|move|p1b: Pelipper|Tailwind|p1b: Pelipper
|-sidestart|p1: MalchirVGC|move: Tailwind
|
|-weather|RainDance|[upkeep]
|upkeep
|turn|4
|inactive|MalchirVGC has 30 seconds left.
|inactive|leafeon03 has 30 seconds left.
|inactive|MalchirVGC has 20 seconds left.
|inactive|leafeon03 has 20 seconds left.
|inactive|MalchirVGC has 15 seconds left.
|inactive|leafeon03 has 15 seconds left.
|inactive|MalchirVGC has 10 seconds left.
|
|t:|1784041073
|switch|p2b: Annihilape|Annihilape, L50, F|100/100
|switch|p2a: Venusaur|Venusaur, L50, F|100/100
|move|p1a: Archaludon|Electro Shot||[still]
|-prepare|p1a: Archaludon|Electro Shot
|-boost|p1a: Archaludon|spa|1
|-anim|p1a: Archaludon|Electro Shot|p2a: Venusaur
|-resisted|p2a: Venusaur|1
|-crit|p2a: Venusaur
|-damage|p2a: Venusaur|49/100
|move|p1b: Pelipper|Hurricane|p2b: Annihilape
|-supereffective|p2b: Annihilape|1
|-damage|p2b: Annihilape|18/100
|-start|p2b: Annihilape|confusion
|
|-weather|RainDance|[upkeep]
|upkeep
|turn|5
|inactive|MalchirVGC has 30 seconds left.
|inactive|leafeon03 has 30 seconds left.
|inactive|MalchirVGC has 20 seconds left.
|inactive|MalchirVGC has 15 seconds left.
|inactive|leafeon03 has 20 seconds left.
|
|t:|1784041121
|switch|p1b: Grimmsnarl|Grimmsnarl, L50, M|47/100
|switch|p2b: Charizard|Charizard-Mega-Y, L50, F, shiny|100/100
|-weather|SunnyDay|[from] ability: Drought|[of] p2b: Charizard
|move|p2a: Venusaur|Earth Power|p1a: Archaludon
|-supereffective|p1a: Archaludon|1
|-damage|p1a: Archaludon|34/100
|-ability|p1a: Archaludon|Stamina|boost
|-boost|p1a: Archaludon|def|1
|-damage|p2a: Venusaur|40/100|[from] item: Life Orb
|move|p1a: Archaludon|Dragon Pulse|p2b: Charizard
|-damage|p2b: Charizard|45/100
|
|-weather|SunnyDay|[upkeep]
|-heal|p1a: Archaludon|40/100|[from] item: Leftovers
|upkeep
|turn|6
|inactive|MalchirVGC has 30 seconds left.
|inactive|leafeon03 has 30 seconds left.
|inactive|MalchirVGC has 20 seconds left.
|inactive|MalchirVGC has 15 seconds left.
|
|t:|1784041161
|switch|p2b: Annihilape|Annihilape, L50, F|18/100
|move|p2a: Venusaur|Protect|p2a: Venusaur
|-singleturn|p2a: Venusaur|Protect
|move|p1a: Archaludon|Protect|p1a: Archaludon
|-singleturn|p1a: Archaludon|Protect
|move|p1b: Grimmsnarl|Parting Shot|p2b: Annihilape
|-unboost|p2b: Annihilape|atk|1
|-ability|p2b: Annihilape|Defiant|boost
|-boost|p2b: Annihilape|atk|2
|-unboost|p2b: Annihilape|spa|1
|-ability|p2b: Annihilape|Defiant|boost
|-boost|p2b: Annihilape|atk|2
|
|t:|1784041174
|switch|p1b: Pelipper|Pelipper, L50, F|100/100|[from] Parting Shot
|-weather|RainDance|[from] ability: Drizzle|[of] p1b: Pelipper
|
|-weather|RainDance|[upkeep]
|-heal|p1a: Archaludon|46/100|[from] item: Leftovers
|-sideend|p1: MalchirVGC|move: Tailwind
|upkeep
|turn|7
|inactive|MalchirVGC has 30 seconds left.
|inactive|leafeon03 has 30 seconds left.
|inactive|MalchirVGC has 20 seconds left.
|inactive|leafeon03 has 20 seconds left.
|inactive|MalchirVGC has 15 seconds left.
|inactive|MalchirVGC has 10 seconds left.
|
|t:|1784041224
|switch|p2a: Charizard|Charizard-Mega-Y, L50, F, shiny|45/100
|-weather|SunnyDay|[from] ability: Drought|[of] p2a: Charizard
|move|p2b: Annihilape|Close Combat|p1a: Archaludon
|-supereffective|p1a: Archaludon|1
|-damage|p1a: Archaludon|0 fnt
|-unboost|p2b: Annihilape|def|1
|-unboost|p2b: Annihilape|spd|1
|faint|p1a: Archaludon
|move|p1b: Pelipper|Tailwind|p1b: Pelipper
|-sidestart|p1: MalchirVGC|move: Tailwind
|
|-weather|SunnyDay|[upkeep]
|upkeep
|
|t:|1784041236
|switch|p1a: Grimmsnarl|Grimmsnarl, L50, M|47/100
|turn|8
|inactive|MalchirVGC has 30 seconds left.
|inactive|leafeon03 has 30 seconds left.
|
|t:|1784041263
|move|p1b: Pelipper|Wide Guard|p1b: Pelipper
|-singleturn|p1b: Pelipper|Wide Guard
|move|p1a: Grimmsnarl|Spirit Break|p2b: Annihilape
|-supereffective|p2b: Annihilape|1
|-damage|p2b: Annihilape|0 fnt
|faint|p2b: Annihilape
|move|p2a: Charizard|Weather Ball|p1b: Pelipper
|-resisted|p1b: Pelipper|1
|-damage|p1b: Pelipper|47/100
|-enditem|p1b: Pelipper|Sitrus Berry|[eat]
|-heal|p1b: Pelipper|72/100|[from] item: Sitrus Berry
|
|-weather|SunnyDay|[upkeep]
|upkeep
|
|t:|1784041276
|switch|p2b: Venusaur|Venusaur, L50, F|40/100
|turn|9
|-message|MalchirVGC forfeited.
|
|win|leafeon03
|l|☆MalchirVGC
|player|p1|
||leafeon03 is ready for game 2.
||MalchirVGC is ready for game 2.
|uhtml|next|Next: Game 2 of 3
