|j|☆Invoker Kuzan
|j|☆PaniniWeenie
|html|Invoker KuzanPaniniWeenie    
|uhtml|bestof|Game 1 of a best-of-3
|t:|1756398794
|gametype|doubles
|player|p1|Invoker Kuzan|marnie-masters3|1258
|player|p2|PaniniWeenie|266|1430
|gen|9
|tier|[Gen 9] VGC 2025 Reg H (Bo3)
|rated|
|rule|Species Clause: Limit one of each Pokémon
|rule|Item Clause: Limit 1 of each item
|clearpoke
|poke|p1|Indeedee-F, L50, F|
|poke|p1|Hatterene, L50, F|
|poke|p1|Gallade, L50, M|
|poke|p1|Ursaluna, L50, M|
|poke|p1|Lilligant-Hisui, L50, F|
|poke|p1|Torkoal, L50, M|
|poke|p2|Sneasler, L50, F|
|poke|p2|Volcarona, L50, M|
|poke|p2|Dragonite, L50, M|
|poke|p2|Rillaboom, L50, F|
|poke|p2|Electabuzz, L50, F|
|poke|p2|Kingambit, L50, M|
|teampreview|4
|showteam|p1|Indeedee-F||PsychicSeed|PsychicSurge|TrickRoom,FollowMe,HelpingHand,DazzlingGleam|||F|||50|,,,,,Fire]Hatterene||LifeOrb|MagicBounce|ExpandingForce,TrickRoom,DazzlingGleam,Protect|||F|||50|,,,,,Psychic]Gallade||ClearAmulet|Sharpness|PsychoCut,TrickRoom,SacredSword,WideGuard|||M|||50|,,,,,Grass]Ursaluna||FlameOrb|Guts|HeadlongRush,Facade,SwordsDance,Protect|||M|||50|,,,,,Ghost]Lilligant-Hisui||FocusSash|Chlorophyll|SolarBlade,SleepPowder,CloseCombat,AfterYou|||F|||50|,,,,,Ghost]Torkoal||ChoiceSpecs|Drought|Eruption,HeatWave,WeatherBall,EarthPower|||M|||50|,,,,,Fire
|showteam|p2|Sneasler||FocusSash|Unburden|DireClaw,CloseCombat,FakeOut,Coaching|||F|||50|,,,,,Ghost]Volcarona||Leftovers|FlameBody|HeatWave,QuiverDance,Protect,TeraBlast|||M|||50|,,,,,Fairy]Dragonite||LoadedDice|Multiscale|ScaleShot,ExtremeSpeed,Haze,Protect|||M|||50|,,,,,Steel]Rillaboom||AssaultVest|GrassySurge|WoodHammer,GrassyGlide,HighHorsepower,FakeOut|||F|||50|,,,,,Fire]Electabuzz||Eviolite|VitalSpirit|FollowMe,Thunderbolt,Taunt,Protect|||F|||50|,,,,,Fairy]Kingambit||BlackGlasses|Defiant|KowtowCleave,SuckerPunch,SwordsDance,Protect|||M|||50|,,,,,Dark
|inactive|Battle timer is ON: inactive players will automatically lose when time's up. (requested by Invoker Kuzan)
|inactive|PaniniWeenie has 60 seconds left.
|
|t:|1756398857
|teamsize|p1|4
|teamsize|p2|4
|start
|switch|p1a: Indeedee|Indeedee-F, L50, F, shiny|100/100
|switch|p1b: Gallade|Gallade, L50, M, shiny|100/100
|switch|p2a: Sneasler|Sneasler, L50, F|100/100
|switch|p2b: Dragonite|Dragonite, L50, M|100/100
|-fieldstart|move: Psychic Terrain|[from] ability: Psychic Surge|[of] p1a: Indeedee
|-enditem|p1a: Indeedee|Psychic Seed
|-boost|p1a: Indeedee|spd|1|[from] item: Psychic Seed
|turn|1
|
|t:|1756398873
|move|p1a: Indeedee|Follow Me|p1a: Indeedee
|-singleturn|p1a: Indeedee|move: Follow Me
|move|p2a: Sneasler|Coaching|p2b: Dragonite
|-boost|p2b: Dragonite|atk|1
|-boost|p2b: Dragonite|def|1
|move|p2b: Dragonite|Scale Shot|p1a: Indeedee|[miss]
|-miss|p2b: Dragonite|p1a: Indeedee
|move|p1b: Gallade|Trick Room|p1b: Gallade
|-fieldstart|move: Trick Room|[of] p1b: Gallade
|
|upkeep
|turn|2
|inactive|PaniniWeenie has 30 seconds left.
|
|t:|1756398903
|switch|p2a: Electabuzz|Electabuzz, L50, F|100/100
|move|p1a: Indeedee|Dazzling Gleam|p2b: Dragonite|[spread] p2a,p2b
|-supereffective|p2b: Dragonite
|-damage|p2a: Electabuzz|91/100
|-damage|p2b: Dragonite|86/100
|move|p1b: Gallade|Psycho Cut|p2a: Electabuzz
|-damage|p2a: Electabuzz|31/100
|move|p2b: Dragonite|Scale Shot|p1b: Gallade
|-damage|p1b: Gallade|68/100
|-damage|p1b: Gallade|36/100
|-damage|p1b: Gallade|5/100
|-damage|p1b: Gallade|0 fnt
|faint|p1b: Gallade
|-hitcount|p1: Gallade|4
|-unboost|p2b: Dragonite|def|1
|-boost|p2b: Dragonite|spe|1
|
|upkeep
|
|t:|1756398913
|switch|p1b: Torkoal|Torkoal, L50, M, shiny|100/100
|-weather|SunnyDay|[from] ability: Drought|[of] p1b: Torkoal
|turn|3
|
|t:|1756398929
|-terastallize|p1b: Torkoal|Fire
|move|p2b: Dragonite|Protect|p2b: Dragonite
|-singleturn|p2b: Dragonite|Protect
|move|p1a: Indeedee|Follow Me|p1a: Indeedee
|-singleturn|p1a: Indeedee|move: Follow Me
|move|p1b: Torkoal|Eruption|p2b: Dragonite|[spread] p2a
|-activate|p2b: Dragonite|move: Protect
|-damage|p2a: Electabuzz|0 fnt
|faint|p2a: Electabuzz
|
|-weather|SunnyDay|[upkeep]
|upkeep
|
|t:|1756398939
|switch|p2a: Rillaboom|Rillaboom, L50, F|100/100
|-fieldstart|move: Grassy Terrain|[from] ability: Grassy Surge|[of] p2a: Rillaboom
|turn|4
|
|t:|1756398956
|move|p2a: Rillaboom|Fake Out|p1b: Torkoal
|-damage|p1b: Torkoal|90/100
|move|p1a: Indeedee|Follow Me|p1a: Indeedee
|-singleturn|p1a: Indeedee|move: Follow Me
|cant|p1b: Torkoal|flinch
|move|p2b: Dragonite|Scale Shot|p1a: Indeedee|[miss]
|-miss|p2b: Dragonite|p1a: Indeedee
|
|-weather|SunnyDay|[upkeep]
|-heal|p1b: Torkoal|96/100|[from] Grassy Terrain
|upkeep
|turn|5
|
|t:|1756398979
|-terastallize|p2a: Rillaboom|Fire
|move|p2b: Dragonite|Protect|p2b: Dragonite
|-singleturn|p2b: Dragonite|Protect
|move|p1b: Torkoal|Eruption|p2a: Rillaboom|[spread] p2a
|-activate|p2b: Dragonite|move: Protect
|-resisted|p2a: Rillaboom
|-damage|p2a: Rillaboom|44/100
|move|p1a: Indeedee|Dazzling Gleam|p2b: Dragonite|[spread] p2a
|-activate|p2b: Dragonite|move: Protect
|-resisted|p2a: Rillaboom
|-damage|p2a: Rillaboom|39/100
|move|p2a: Rillaboom|High Horsepower|p1b: Torkoal
|-supereffective|p1b: Torkoal
|-damage|p1b: Torkoal|45/100
|
|-weather|SunnyDay|[upkeep]
|-heal|p1b: Torkoal|51/100|[from] Grassy Terrain
|-heal|p2a: Rillaboom|45/100|[from] Grassy Terrain
|-fieldend|move: Trick Room
|upkeep
|turn|6
|inactive|PaniniWeenie has 30 seconds left.
|
|t:|1756399010
|move|p2b: Dragonite|Scale Shot|p1a: Indeedee
|-damage|p1a: Indeedee|78/100
|-damage|p1a: Indeedee|56/100
|-damage|p1a: Indeedee|34/100
|-damage|p1a: Indeedee|15/100
|-damage|p1a: Indeedee|0 fnt
|faint|p1a: Indeedee
|-hitcount|p1: Indeedee|5
|-unboost|p2b: Dragonite|def|1
|-boost|p2b: Dragonite|spe|1
|move|p2a: Rillaboom|Wood Hammer|p1b: Torkoal
|-resisted|p1b: Torkoal
|-damage|p1b: Torkoal|17/100
|-damage|p2a: Rillaboom|34/100|[from] Recoil
|move|p1b: Torkoal|Eruption|p2b: Dragonite|[spread] p2a,p2b
|-resisted|p2a: Rillaboom
|-resisted|p2b: Dragonite
|-damage|p2a: Rillaboom|25/100
|-damage|p2b: Dragonite|73/100
|
|-weather|SunnyDay|[upkeep]
|-heal|p2a: Rillaboom|31/100|[from] Grassy Terrain
|-heal|p1b: Torkoal|24/100|[from] Grassy Terrain
|upkeep
|
|t:|1756399015
|switch|p1a: Ursaluna|Ursaluna, L50, M, shiny|100/100
|turn|7
|-message|Invoker Kuzan forfeited.
|
|win|PaniniWeenie
||Invoker Kuzan is ready for game 2.
||PaniniWeenie is ready for game 2.
|uhtml|next|Next: Game 2 of 3
|l|☆Invoker Kuzan
|player|p1|
