|j|☆endk649
|j|☆executive pole
|html|endk649executive pole    
|uhtml|bestof|Game 2 of a best-of-3
|t:|1756220489
|gametype|doubles
|player|p1|endk649|gambler|1144
|player|p2|executive pole|brendan-masters|1151
|gen|9
|tier|[Gen 9] VGC 2025 Reg H (Bo3)
|rated|
|rule|Species Clause: Limit one of each Pokémon
|rule|Item Clause: Limit 1 of each item
|clearpoke
|poke|p1|Feraligatr, L50, M|
|poke|p1|Gholdengo, L50|
|poke|p1|Pelipper, L50, M|
|poke|p1|Amoonguss, L50, F|
|poke|p1|Rillaboom, L50, F|
|poke|p1|Incineroar, L50, F|
|poke|p2|Dragonite, L50, F|
|poke|p2|Ursaluna-Bloodmoon, L50, M|
|poke|p2|Archaludon, L50, M|
|poke|p2|Whimsicott, L50, M|
|poke|p2|Gholdengo, L50|
|poke|p2|Incineroar, L50, F|
|teampreview|4
|showteam|p1|Feraligatr||LifeOrb|SheerForce|Liquidation,Crunch,DragonDance,Protect|||M|||50|,,,,,Dark]Gholdengo||Leftovers|GoodasGold|MakeItRain,ShadowBall,NastyPlot,Protect||||||50|,,,,,Water]Pelipper||FocusSash|Drizzle|WeatherBall,Hurricane,Tailwind,Protect|||M|||50|,,,,,Stellar]Amoonguss||CovertCloak|Regenerator|PollenPuff,Spore,RagePowder,Protect|||F|||50|,,,,,Water]Rillaboom||AssaultVest|GrassySurge|WoodHammer,GrassyGlide,FakeOut,Uturn|||F|||50|,,,,,Fire]Incineroar||SafetyGoggles|Intimidate|KnockOff,FakeOut,Taunt,PartingShot|||F|||50|,,,,,Ghost
|showteam|p2|Dragonite||LoadedDice|Multiscale|ScaleShot,ExtremeSpeed,IceSpinner,Protect|||F|||50|,,,,,Fairy]Ursaluna-Bloodmoon||AssaultVest|MindsEye|BloodMoon,HyperVoice,EarthPower,VacuumWave|||M|||50|,,,,,Water]Archaludon||PowerHerb|Sturdy|ElectroShot,FlashCannon,DracoMeteor,Protect|||M|||50|,,,,,Stellar]Whimsicott||CovertCloak|Prankster|FakeTears,Tailwind,Encore,Moonblast|||M|||50|,,,,,Poison]Gholdengo||ChoiceSpecs|GoodasGold|MakeItRain,ShadowBall,PowerGem,SteelBeam||||||50|,,,,,Steel]Incineroar||MirrorHerb|Intimidate|FakeOut,PartingShot,KnockOff,FlareBlitz|||F|||50|,,,,,Ghost
|inactive|Battle timer is ON: inactive players will automatically lose when time's up. (requested by endk649)
|inactive|executive pole has 60 seconds left.
|
|t:|1756220561
|teamsize|p1|4
|teamsize|p2|4
|start
|switch|p1a: Incineroar|Incineroar, L50, F, shiny|100/100
|switch|p1b: Gholdengo|Gholdengo, L50|100/100
|switch|p2a: Archaludon|Archaludon, L50, M|100/100
|switch|p2b: Whimsicott|Whimsicott, L50, M|100/100
|-ability|p1a: Incineroar|Intimidate|boost
|-unboost|p2a: Archaludon|atk|1
|-unboost|p2b: Whimsicott|atk|1
|turn|1
|inactive|executive pole has 30 seconds left.
|
|t:|1756220594
|move|p1a: Incineroar|Fake Out|p2a: Archaludon
|-resisted|p2a: Archaludon
|-damage|p2a: Archaludon|96/100
|move|p2b: Whimsicott|Tailwind|p2b: Whimsicott
|-sidestart|p2: executive pole|move: Tailwind
|cant|p2a: Archaludon|flinch
|move|p1b: Gholdengo|Make It Rain|p2a: Archaludon|[spread] p2a,p2b
|-resisted|p2a: Archaludon
|-supereffective|p2b: Whimsicott
|-damage|p2a: Archaludon|59/100
|-damage|p2b: Whimsicott|0 fnt
|-unboost|p1b: Gholdengo|spa|1
|faint|p2b: Whimsicott
|
|upkeep
|
|t:|1756220607
|switch|p2b: Ursaluna|Ursaluna-Bloodmoon, L50, M|100/100
|turn|2
|inactive|executive pole has 30 seconds left.
|
|t:|1756220633
|switch|p2b: Gholdengo|Gholdengo, L50|100/100
|-terastallize|p2a: Archaludon|Stellar
|-terastallize|p1a: Incineroar|Ghost
|move|p1b: Gholdengo|Protect|p1b: Gholdengo
|-singleturn|p1b: Gholdengo|Protect
|move|p2a: Archaludon|Electro Shot||[still]
|-prepare|p2a: Archaludon|Electro Shot
|-boost|p2a: Archaludon|spa|1
|-enditem|p2a: Archaludon|Power Herb
|-anim|p2a: Archaludon|Electro Shot|p1b: Gholdengo
|-activate|p1b: Gholdengo|move: Protect
|move|p1a: Incineroar|Parting Shot|p2b: Gholdengo
|-immune|p2b: Gholdengo|[from] ability: Good as Gold
|
|upkeep
|turn|3
|inactive|endk649 has 30 seconds left.
|
|t:|1756220665
|switch|p1b: Rillaboom|Rillaboom, L50, F, shiny|100/100
|-fieldstart|move: Grassy Terrain|[from] ability: Grassy Surge|[of] p1b: Rillaboom
|move|p2a: Archaludon|Draco Meteor|p1a: Incineroar
|-damage|p1a: Incineroar|0 fnt
|-unboost|p2a: Archaludon|spa|2
|faint|p1a: Incineroar
|move|p2b: Gholdengo|Shadow Ball|p1b: Rillaboom
|-damage|p1b: Rillaboom|53/100
|
|-heal|p2a: Archaludon|65/100|[from] Grassy Terrain
|-heal|p1b: Rillaboom|58/100|[from] Grassy Terrain
|upkeep
|
|t:|1756220679
|switch|p1a: Amoonguss|Amoonguss, L50, F, shiny|100/100
|turn|4
|
|t:|1756220690
|move|p2a: Archaludon|Protect|p2a: Archaludon
|-singleturn|p2a: Archaludon|Protect
|move|p2b: Gholdengo|Shadow Ball|p1a: Amoonguss
|-damage|p1a: Amoonguss|35/100
|move|p1b: Rillaboom|Wood Hammer|p2b: Gholdengo
|-resisted|p2b: Gholdengo
|-damage|p2b: Gholdengo|58/100
|-damage|p1b: Rillaboom|47/100|[from] Recoil
|move|p1a: Amoonguss|Spore|p2a: Archaludon
|-activate|p2a: Archaludon|move: Protect
|
|-heal|p2a: Archaludon|71/100|[from] Grassy Terrain
|-heal|p2b: Gholdengo|64/100|[from] Grassy Terrain
|-heal|p1b: Rillaboom|53/100|[from] Grassy Terrain
|-heal|p1a: Amoonguss|41/100|[from] Grassy Terrain
|-sideend|p2: executive pole|move: Tailwind
|upkeep
|turn|5
|inactive|endk649 has 30 seconds left.
|
|t:|1756220716
|move|p1a: Amoonguss|Protect|p1a: Amoonguss
|-singleturn|p1a: Amoonguss|Protect
|move|p2a: Archaludon|Flash Cannon|p1b: Rillaboom
|-damage|p1b: Rillaboom|27/100
|move|p2b: Gholdengo|Shadow Ball|p1a: Amoonguss
|-activate|p1a: Amoonguss|move: Protect
|move|p1b: Rillaboom|U-turn|p2b: Gholdengo
|-resisted|p2b: Gholdengo
|-damage|p2b: Gholdengo|57/100
|
|t:|1756220723
|switch|p1b: Gholdengo|Gholdengo, L50|100/100|[from] U-turn
|
|-heal|p2a: Archaludon|77/100|[from] Grassy Terrain
|-heal|p2b: Gholdengo|63/100|[from] Grassy Terrain
|-heal|p1a: Amoonguss|47/100|[from] Grassy Terrain
|upkeep
|turn|6
|
|t:|1756220746
|switch|p2a: Ursaluna|Ursaluna-Bloodmoon, L50, M|100/100
|move|p1a: Amoonguss|Rage Powder|p1a: Amoonguss
|-singleturn|p1a: Amoonguss|move: Rage Powder
|move|p2b: Gholdengo|Shadow Ball|p1a: Amoonguss
|-damage|p1a: Amoonguss|0 fnt
|faint|p1a: Amoonguss
|move|p1b: Gholdengo|Shadow Ball|p2b: Gholdengo
|-supereffective|p2b: Gholdengo
|-damage|p2b: Gholdengo|0 fnt
|faint|p2b: Gholdengo
|
|upkeep
|
|t:|1756220752
|switch|p2b: Archaludon|Archaludon, L50, M, tera:Stellar|77/100
|switch|p1a: Rillaboom|Rillaboom, L50, F, shiny|27/100
|turn|7
|
|t:|1756220779
|move|p2b: Archaludon|Flash Cannon|p1a: Rillaboom
|-damage|p1a: Rillaboom|0 fnt
|faint|p1a: Rillaboom
|move|p1b: Gholdengo|Nasty Plot|p1b: Gholdengo
|-boost|p1b: Gholdengo|spa|2
|move|p2a: Ursaluna|Earth Power|p1b: Gholdengo
|-supereffective|p1b: Gholdengo
|-damage|p1b: Gholdengo|0 fnt
|faint|p1b: Gholdengo
|
|win|executive pole
||endk649 is ready for game 3.
|inactive|executive pole has 30 seconds to confirm battle start!
||executive pole is ready for game 3.
|uhtml|next|Next: Game 3 of 3
|l|☆executive pole
|player|p2|
