|j|☆aaronballs
|j|☆Pelosis
|html|aaronballsPelosis    
|uhtml|bestof|Game 1 of a best-of-3
|t:|1784118804
|gametype|doubles
|player|p1|aaronballs|266|1050
|player|p2|Pelosis|101|1100
|gen|9
|tier|[Gen 9 Champions] VGC 2026 Reg M-B (Bo3)
|rated|
|rule|Species Clause: Limit one of each Pokémon
|rule|Item Clause: Limit 1 of each item
|clearpoke
|poke|p1|Floette-Eternal, L50, F|
|poke|p1|Espathra, L50, M|
|poke|p1|Incineroar, L50, M|
|poke|p1|Grimmsnarl, L50, M|
|poke|p1|Maushold, L50|
|poke|p1|Dragonite, L50, M|
|poke|p2|Staraptor, L50, M|
|poke|p2|Grimmsnarl, L50, M|
|poke|p2|Sinistcha-Masterpiece, L50|
|poke|p2|Sylveon, L50, F|
|poke|p2|Garchomp, L50, M|
|poke|p2|Raichu, L50, M|
|teampreview|4
|showteam|p1|Floette-Eternal||Floettite|FlowerVeil|Protect,DrainingKiss,DazzlingGleam,LightofRuin|Modest||F|||50|]Espathra||SitrusBerry|SpeedBoost|Protect,LuminaCrash,CalmMind,BatonPass|Serious||M|||50|]Incineroar||Leftovers|Intimidate|FakeOut,PartingShot,FlareBlitz,ThroatChop|Adamant||M|||50|]Grimmsnarl||LightClay|Prankster|LightScreen,Reflect,SpiritBreak,FakeOut|Adamant||M|||50|]Maushold||ChopleBerry|FriendGuard|FollowMe,Encore,SuperFang,Protect|Timid|||||50|]Dragonite||Dragoninite|InnerFocus|DragonPulse,HeatWave,Roost,Protect|Modest||M|||50|
|showteam|p2|Staraptor||Staraptite|Intimidate|Protect,Roost,CloseCombat,BraveBird|Jolly||M|||50|]Grimmsnarl||LightClay|Prankster|PartingShot,SpiritBreak,SuckerPunch,ScaryFace|Careful||M|||50|]Sinistcha-Masterpiece||KasibBerry|Hospitality|RagePowder,MatchaGotcha,ShadowBall,TrickRoom|Bold|||||50|]Sylveon||FairyFeather|Pixilate|Protect,CalmMind,DrainingKiss,HyperVoice|Modest||F|||50|]Garchomp||ChoiceScarf|RoughSkin|RockSlide,Earthquake,DragonClaw,PoisonJab|Adamant||M|||50|]Raichu||FocusSash|LightningRod|FakeOut,Encore,Charm,Nuzzle|Timid||M|||50|
|inactive|Battle timer is ON: inactive players will automatically lose when time's up. (requested by aaronballs)
|
|t:|1784118867
|teamsize|p1|4
|teamsize|p2|4
|start
|switch|p1a: Espathra|Espathra, L50, M|100/100
|switch|p1b: Grimmsnarl|Grimmsnarl, L50, M|100/100
|switch|p2a: Staraptor|Staraptor, L50, M|100/100
|switch|p2b: Raichu|Raichu, L50, M|100/100
|-ability|p2a: Staraptor|Intimidate|boost
|-unboost|p1a: Espathra|atk|1
|-unboost|p1b: Grimmsnarl|atk|1
|turn|1
|inactive|Pelosis has 30 seconds left.
|
|t:|1784118893
|detailschange|p2a: Staraptor|Staraptor-Mega, L50, M
|-mega|p2a: Staraptor|Staraptor|Staraptite
|move|p1a: Espathra|Protect|p1a: Espathra
|-singleturn|p1a: Espathra|Protect
|move|p2b: Raichu|Fake Out|p1b: Grimmsnarl
|-damage|p1b: Grimmsnarl|92/100
|cant|p1b: Grimmsnarl|flinch
|move|p2a: Staraptor|Close Combat|p1b: Grimmsnarl
|-damage|p1b: Grimmsnarl|28/100
|-boost|p2a: Staraptor|def|1
|-boost|p2a: Staraptor|spd|1
|
|-ability|p1a: Espathra|Speed Boost|boost
|-boost|p1a: Espathra|spe|1
|upkeep
|turn|2
|inactive|Pelosis has 30 seconds left.
|inactive|Pelosis has 20 seconds left.
|inactive|Pelosis has 15 seconds left.
|
|t:|1784118935
|move|p1b: Grimmsnarl|Reflect|p1b: Grimmsnarl
|-sidestart|p1: aaronballs|Reflect
|move|p1a: Espathra|Calm Mind|p1a: Espathra
|-boost|p1a: Espathra|spa|1
|-boost|p1a: Espathra|spd|1
|move|p2a: Staraptor|Close Combat|p1a: Espathra
|-resisted|p1a: Espathra|1
|-damage|p1a: Espathra|71/100
|-boost|p2a: Staraptor|def|1
|-boost|p2a: Staraptor|spd|1
|move|p2b: Raichu|Nuzzle|p1a: Espathra
|-damage|p1a: Espathra|65/100
|-status|p1a: Espathra|par
|
|-ability|p1a: Espathra|Speed Boost|boost
|-boost|p1a: Espathra|spe|1
|upkeep
|turn|3
|inactive|aaronballs has 30 seconds left.
|inactive|Pelosis has 30 seconds left.
|
|t:|1784118965
|move|p1a: Espathra|Protect|p1a: Espathra
|-singleturn|p1a: Espathra|Protect
|move|p1b: Grimmsnarl|Light Screen|p1b: Grimmsnarl
|-sidestart|p1: aaronballs|move: Light Screen
|move|p2a: Staraptor|Close Combat|p1a: Espathra
|-activate|p1a: Espathra|move: Protect
|move|p2b: Raichu|Nuzzle|p1b: Grimmsnarl
|-damage|p1b: Grimmsnarl|24/100
|-status|p1b: Grimmsnarl|par
|
|-ability|p1a: Espathra|Speed Boost|boost
|-boost|p1a: Espathra|spe|1
|upkeep
|turn|4
|
|t:|1784118987
|switch|p2b: Sinistcha|Sinistcha-Masterpiece, L50|100/100
|move|p2a: Staraptor|Close Combat|p1a: Espathra
|-resisted|p1a: Espathra|1
|-damage|p1a: Espathra|35/100 par
|-boost|p2a: Staraptor|def|1
|-boost|p2a: Staraptor|spd|1
|-enditem|p1a: Espathra|Sitrus Berry|[eat]
|-heal|p1a: Espathra|60/100 par|[from] item: Sitrus Berry
|move|p1a: Espathra|Baton Pass|p1a: Espathra
|
|t:|1784118999
|switch|p1a: Floette|Floette-Eternal, L50, F|100/100|[from] Baton Pass
|move|p1b: Grimmsnarl|Spirit Break|p2a: Staraptor
|-supereffective|p2a: Staraptor|1
|-damage|p2a: Staraptor|80/100
|-boost|p2a: Staraptor|spa|1
|
|upkeep
|turn|5
|inactive|Pelosis has 30 seconds left.
|inactive|aaronballs has 30 seconds left.
|
|t:|1784119036
|switch|p1b: Espathra|Espathra, L50, M|60/100 par
|detailschange|p1a: Floette|Floette-Mega, L50, F
|-mega|p1a: Floette|Floette|Floettite
|-ability|p1a: Floette|Fairy Aura
|move|p1a: Floette|Dazzling Gleam|p2a: Staraptor|[spread] p2a,p2b
|-supereffective|p2a: Staraptor|1
|-damage|p2a: Staraptor|17/100
|-damage|p2b: Sinistcha|15/100
|move|p2a: Staraptor|Close Combat|p1b: Espathra
|-resisted|p1b: Espathra|1
|-damage|p1b: Espathra|32/100 par
|-boost|p2a: Staraptor|def|1
|-boost|p2a: Staraptor|spd|1
|move|p2b: Sinistcha|Trick Room|p2b: Sinistcha
|-fieldstart|move: Trick Room|[of] p2b: Sinistcha
|
|upkeep
|turn|6
|inactive|aaronballs has 30 seconds left.
|inactive|Pelosis has 30 seconds left.
|
|t:|1784119062
|switch|p2b: Raichu|Raichu, L50, M|100/100
|move|p2a: Staraptor|Protect|p2a: Staraptor
|-singleturn|p2a: Staraptor|Protect
|move|p1b: Espathra|Lumina Crash|p2a: Staraptor
|-activate|p2a: Staraptor|move: Protect
|move|p1a: Floette|Draining Kiss|p2a: Staraptor
|-activate|p2a: Staraptor|move: Protect
|
|-ability|p1b: Espathra|Speed Boost|boost
|-boost|p1b: Espathra|spe|1
|upkeep
|turn|7
|
|t:|1784119079
|move|p1a: Floette|Protect|p1a: Floette
|-singleturn|p1a: Floette|Protect
|move|p2b: Raichu|Fake Out|p1a: Floette
|-activate|p1a: Floette|move: Protect
|move|p1b: Espathra|Baton Pass|p1b: Espathra
|
|t:|1784119086
|switch|p1b: Grimmsnarl|Grimmsnarl, L50, M|24/100 par|[from] Baton Pass
|move|p2a: Staraptor|Roost|p2a: Staraptor
|-heal|p2a: Staraptor|67/100
|-singleturn|p2a: Staraptor|move: Roost
|
|upkeep
|turn|8
|
|t:|1784119107
|move|p2a: Staraptor|Protect|p2a: Staraptor
|-singleturn|p2a: Staraptor|Protect
|move|p1b: Grimmsnarl|Fake Out|p2b: Raichu
|-damage|p2b: Raichu|74/100
|cant|p2b: Raichu|flinch
|move|p1a: Floette|Light of Ruin|p2a: Staraptor
|-activate|p2a: Staraptor|move: Protect
|
|upkeep
|turn|9
|
|t:|1784119126
|switch|p2b: Sinistcha|Sinistcha-Masterpiece, L50|15/100
|-heal|p2a: Staraptor|92/100|[from] ability: Hospitality|[of] p2b: Sinistcha
|move|p1a: Floette|Protect|p1a: Floette
|-singleturn|p1a: Floette|Protect
|move|p1b: Grimmsnarl|Spirit Break|p2a: Staraptor
|-supereffective|p2a: Staraptor|1
|-damage|p2a: Staraptor|60/100
|-boost|p2a: Staraptor|spa|1
|move|p2a: Staraptor|Close Combat|p1a: Floette
|-activate|p1a: Floette|move: Protect
|
|-sideend|p1: aaronballs|Reflect
|-fieldend|move: Trick Room
|upkeep
|turn|10
|inactive|Pelosis has 30 seconds left.
|
|t:|1784119152
|switch|p2b: Garchomp|Garchomp, L50, M|100/100
|move|p2a: Staraptor|Protect|p2a: Staraptor
|-singleturn|p2a: Staraptor|Protect
|move|p1b: Grimmsnarl|Reflect|p1b: Grimmsnarl
|-sidestart|p1: aaronballs|Reflect
|move|p1a: Floette|Dazzling Gleam|p2b: Garchomp|[spread] p2b
|-activate|p2a: Staraptor|move: Protect
|-supereffective|p2b: Garchomp|1
|-damage|p2b: Garchomp|0 fnt
|faint|p2b: Garchomp
|
|-sideend|p1: aaronballs|move: Light Screen
|upkeep
|
|t:|1784119170
|switch|p2b: Raichu|Raichu, L50, M|74/100
|turn|11
|
|t:|1784119186
|switch|p2b: Sinistcha|Sinistcha-Masterpiece, L50|15/100
|-heal|p2a: Staraptor|85/100|[from] ability: Hospitality|[of] p2b: Sinistcha
|switch|p1b: Espathra|Espathra, L50, M|32/100 par
|move|p1a: Floette|Protect|p1a: Floette
|-singleturn|p1a: Floette|Protect
|move|p2a: Staraptor|Close Combat|p1b: Espathra
|-resisted|p1b: Espathra|1
|-damage|p1b: Espathra|1/100 par
|-boost|p2a: Staraptor|def|1
|-boost|p2a: Staraptor|spd|1
|
|upkeep
|turn|12
|
|t:|1784119206
|move|p2a: Staraptor|Protect|p2a: Staraptor
|-singleturn|p2a: Staraptor|Protect
|move|p1a: Floette|Dazzling Gleam|p2a: Staraptor|[spread] p2b
|-activate|p2a: Staraptor|move: Protect
|-damage|p2b: Sinistcha|0 fnt
|faint|p2b: Sinistcha
|move|p1b: Espathra|Lumina Crash|p2a: Staraptor
|-activate|p2a: Staraptor|move: Protect
|
|-ability|p1b: Espathra|Speed Boost|boost
|-boost|p1b: Espathra|spe|1
|upkeep
|
|t:|1784119217
|switch|p2b: Raichu|Raichu, L50, M|74/100
|turn|13
|
|t:|1784119233
|move|p2b: Raichu|Fake Out|p1a: Floette
|-damage|p1a: Floette|94/100
|cant|p1a: Floette|flinch
|move|p2a: Staraptor|Close Combat|p1a: Floette
|-resisted|p1a: Floette|1
|-damage|p1a: Floette|75/100
|-boost|p2a: Staraptor|def|1
|-boost|p2a: Staraptor|spd|1
|move|p1b: Espathra|Lumina Crash|p2b: Raichu
|-damage|p2b: Raichu|27/100
|-unboost|p2b: Raichu|spd|2
|
|-ability|p1b: Espathra|Speed Boost|boost
|-boost|p1b: Espathra|spe|1
|upkeep
|turn|14
|
|t:|1784119257
|move|p2a: Staraptor|Protect|p2a: Staraptor
|-singleturn|p2a: Staraptor|Protect
|move|p1a: Floette|Light of Ruin|p2a: Staraptor
|-activate|p2a: Staraptor|move: Protect
|move|p2b: Raichu|Nuzzle|p1a: Floette
|-damage|p1a: Floette|70/100
|-status|p1a: Floette|par
|move|p1b: Espathra|Baton Pass|p1b: Espathra
|
|t:|1784119268
|switch|p1b: Maushold|Maushold, L50|100/100|[from] Baton Pass
|
|upkeep
|turn|15
|inactive|Pelosis has 30 seconds left.
|
|t:|1784119301
|move|p1b: Maushold|Encore|p2a: Staraptor
|-start|p2a: Staraptor|Encore
|move|p2a: Staraptor|Protect|p2a: Staraptor
|-singleturn|p2a: Staraptor|Protect
|move|p2b: Raichu|Nuzzle|p1b: Maushold
|-damage|p1b: Maushold|94/100
|-status|p1b: Maushold|par
|move|p1a: Floette|Draining Kiss|p2b: Raichu
|-damage|p2b: Raichu|0 fnt
|-heal|p1a: Floette|90/100 par|[from] drain|[of] p2b: Raichu
|faint|p2b: Raichu
|
|upkeep
|turn|16
|
|t:|1784119322
|switch|p1b: Grimmsnarl|Grimmsnarl, L50, M|24/100 par
|move|p2a: Staraptor|Protect||[still]
|-fail|p2a: Staraptor
|move|p1a: Floette|Light of Ruin|p2a: Staraptor
|-supereffective|p2a: Staraptor|1
|-damage|p2a: Staraptor|0 fnt
|faint|p2a: Staraptor
|-damage|p1a: Floette|35/100 par|[from] Recoil
|
|win|aaronballs
|c|☆Pelosis|nice gmae
|c|☆Pelosis|game
|l|☆aaronballs
|player|p1|
||Pelosis is ready for game 2.
|inactive|aaronballs has 30 seconds to confirm battle start!
