|j|☆Kari-Hime
|j|☆RokketRonnie
|html|Kari-HimeRokketRonnie    
|uhtml|bestof|Game 2 of a best-of-3
|t:|1784512721
|gametype|doubles
|player|p1|Kari-Hime|heroine2-conquest|
|player|p2|RokketRonnie|steven|
|gen|9
|tier|[Gen 9 Champions] VGC 2026 Reg M-B (Bo3)
|rule|Species Clause: Limit one of each Pokémon
|rule|Item Clause: Limit 1 of each item
|clearpoke
|poke|p1|Arcanine, L50, F|
|poke|p1|Dragonite, L50, M|
|poke|p1|Aggron, L50, M|
|poke|p1|Audino, L50, M|
|poke|p1|Primarina, L50, M|
|poke|p1|Mimikyu, L50, F|
|poke|p2|Sceptile, L50, M, shiny|
|poke|p2|Weavile, L50, F|
|poke|p2|Grimmsnarl, L50, M|
|poke|p2|Basculegion, L50, M|
|poke|p2|Aegislash, L50, F, shiny|
|poke|p2|Rotom-Heat, L50|
|teampreview|4
|showteam|p1|Arcanine||Leftovers|Intimidate|FlareBlitz,MorningSun,ExtremeSpeed,Snarl|Relaxed||F|||50|]Dragonite||SilkScarf|InnerFocus|ExtremeSpeed,BrickBreak,BreakingSwipe,Protect|Brave||M|||50|]Aggron||Aggronite|Sturdy|HeavySlam,ThunderPunch,BodyPress,Protect|Brave||M|||50|]Audino||Audinite|Klutz|SkillSwap,TrickRoom,HealPulse,HelpingHand|Relaxed||M|||50|]Primarina||ExpertBelt|LiquidVoice|HyperVoice,Moonblast,Protect,FlipTurn|Quiet||M|||50|]Mimikyu||MentalHerb|Disguise|SwordsDance,ShadowSneak,PlayRough,TrickRoom|Brave||F|||50|
|showteam|p2|Sceptile||Sceptilite|Overgrow|EarthPower,ShedTail,DragonPulse,Protect|Modest||M|||50|]Weavile||NeverMeltIce|Pressure|FakeOut,KnockOff,Protect,TripleAxel|Adamant||F|||50|]Grimmsnarl||LightClay|Prankster|SuckerPunch,Reflect,LightScreen,WonderRoom|Careful||M|||50|]Basculegion||SitrusBerry|Adaptability|WaveCrash,AquaJet,LastRespects,Protect|Adamant||M|||50|]Aegislash||LifeOrb|StanceChange|IronHead,ShadowSneak,Poltergeist,KingsShield|Adamant||F|||50|]Rotom-Heat||ChoiceScarf|Levitate|Discharge,Overheat,Electroweb,VoltSwitch|Modest|||||50|
|
|t:|1784512796
|teamsize|p1|4
|teamsize|p2|4
|start
|switch|p1a: Mimikyu|Mimikyu, L50, F|100/100
|switch|p1b: Aggron|Aggron, L50, M|100/100
|switch|p2a: IRONTOMB|Rotom-Heat, L50|100/100
|switch|p2b: Nikador|Grimmsnarl, L50, M|100/100
|turn|1
|
|t:|1784512829
|switch|p1b: Dragonite|Dragonite, L50, M|100/100
|move|p2b: Nikador|Reflect|p2b: Nikador
|-sidestart|p2: RokketRonnie|Reflect
|move|p2a: IRONTOMB|Overheat|p1b: Dragonite
|-resisted|p1b: Dragonite|1
|-damage|p1b: Dragonite|69/100
|-unboost|p2a: IRONTOMB|spa|2
|move|p1a: Mimikyu|Play Rough|p2b: Nikador
|-supereffective|p2b: Nikador|1
|-damage|p2b: Nikador|40/100
|
|upkeep
|turn|2
|
|t:|1784512874
|move|p2b: Nikador|Sucker Punch||[still]
|-fail|p2b: Nikador
|move|p2a: IRONTOMB|Overheat|p1a: Mimikyu
|-activate|p1a: Mimikyu|ability: Disguise
|-damage|p1a: Mimikyu|100/100
|-unboost|p2a: IRONTOMB|spa|2
|detailschange|p1a: Mimikyu|Mimikyu-Busted, L50, F
|-damage|p1a: Mimikyu|87/100|[from] pokemon: Mimikyu-Busted
|move|p1b: Dragonite|Brick Break|p2b: Nikador
|-sideend|p2: RokketRonnie|Reflect
|-damage|p2b: Nikador|7/100
|move|p1a: Mimikyu|Trick Room|p1a: Mimikyu
|-fieldstart|move: Trick Room|[of] p1a: Mimikyu
|
|upkeep
|turn|3
|
|t:|1784512905
|switch|p2a: Phagousa|Basculegion, L50, M|100/100
|move|p1b: Dragonite|Extreme Speed|p2b: Nikador
|-damage|p2b: Nikador|0 fnt
|faint|p2b: Nikador
|move|p1a: Mimikyu|Swords Dance|p1a: Mimikyu
|-boost|p1a: Mimikyu|atk|2
|
|upkeep
|
|t:|1784512914
|switch|p2b: IRONTOMB|Rotom-Heat, L50|100/100
|turn|4
|
|t:|1784512944
|move|p2a: Phagousa|Protect|p2a: Phagousa
|-singleturn|p2a: Phagousa|Protect
|move|p1a: Mimikyu|Shadow Sneak|p2a: Phagousa
|-activate|p2a: Phagousa|move: Protect
|move|p1b: Dragonite|Breaking Swipe|p2b: IRONTOMB|[spread] p2b
|-activate|p2a: Phagousa|move: Protect
|-damage|p2b: IRONTOMB|67/100
|-unboost|p2b: IRONTOMB|atk|1
|move|p2b: IRONTOMB|Discharge|p1a: Mimikyu|[spread] p1a,p1b
|-activate|p2a: Phagousa|move: Protect
|-damage|p1a: Mimikyu|53/100
|-damage|p1b: Dragonite|41/100
|
|upkeep
|turn|5
|
|t:|1784512958
|switch|p2a: Anaxagoras|Sceptile, L50, M, shiny|100/100
|move|p1a: Mimikyu|Shadow Sneak|p2a: Anaxagoras
|-damage|p2a: Anaxagoras|35/100
|move|p1b: Dragonite|Breaking Swipe|p2b: IRONTOMB|[spread] p2a,p2b
|-damage|p2a: Anaxagoras|0 fnt
|-damage|p2b: IRONTOMB|31/100
|-unboost|p2b: IRONTOMB|atk|1
|faint|p2a: Anaxagoras
|move|p2b: IRONTOMB|Discharge|p1b: Dragonite|[spread] p1a,p1b
|-damage|p1a: Mimikyu|23/100
|-damage|p1b: Dragonite|8/100
|-status|p1a: Mimikyu|par
|-status|p1b: Dragonite|par
|
|upkeep
|
|t:|1784512965
|switch|p2a: Phagousa|Basculegion, L50, M|100/100
|turn|6
|
|t:|1784512975
|move|p2a: Phagousa|Protect|p2a: Phagousa
|-singleturn|p2a: Phagousa|Protect
|move|p1a: Mimikyu|Shadow Sneak|p2a: Phagousa
|-activate|p2a: Phagousa|move: Protect
|move|p1b: Dragonite|Breaking Swipe|p2a: Phagousa|[spread] p2b
|-activate|p2a: Phagousa|move: Protect
|-damage|p2b: IRONTOMB|0 fnt
|faint|p2b: IRONTOMB
|
|-fieldend|move: Trick Room
|upkeep
|turn|7
|
|t:|1784512987
|move|p2a: Phagousa|Aqua Jet|p1a: Mimikyu
|-damage|p1a: Mimikyu|0 fnt
|faint|p1a: Mimikyu
|cant|p1b: Dragonite|par
|
|upkeep
|
|t:|1784512996
|switch|p1a: Aggron|Aggron, L50, M|100/100
|turn|8
|
|t:|1784513004
|detailschange|p1a: Aggron|Aggron-Mega, L50, M
|-mega|p1a: Aggron|Aggron|Aggronite
|move|p1b: Dragonite|Protect|p1b: Dragonite
|-singleturn|p1b: Dragonite|Protect
|move|p2a: Phagousa|Last Respects|p1a: Aggron
|-damage|p1a: Aggron|33/100
|move|p1a: Aggron|Thunder Punch|p2a: Phagousa
|-supereffective|p2a: Phagousa|1
|-damage|p2a: Phagousa|40/100
|-enditem|p2a: Phagousa|Sitrus Berry|[eat]
|-heal|p2a: Phagousa|64/100|[from] item: Sitrus Berry
|
|upkeep
|turn|9
|
|t:|1784513023
|move|p1a: Aggron|Protect|p1a: Aggron
|-singleturn|p1a: Aggron|Protect
|move|p2a: Phagousa|Last Respects|p1b: Dragonite
|-damage|p1b: Dragonite|0 fnt
|faint|p1b: Dragonite
|
|upkeep
|
|t:|1784513028
|switch|p1b: Arcanine|Arcanine, L50, F|100/100
|-ability|p1b: Arcanine|Intimidate|boost
|-unboost|p2a: Phagousa|atk|1
|turn|10
|
|t:|1784513039
|move|p1a: Aggron|Protect|p1a: Aggron
|-singleturn|p1a: Aggron|Protect
|move|p1b: Arcanine|Snarl|p2a: Phagousa
|-supereffective|p2a: Phagousa|1
|-damage|p2a: Phagousa|45/100
|-unboost|p2a: Phagousa|spa|1
|move|p2a: Phagousa|Last Respects|p1a: Aggron
|-activate|p1a: Aggron|move: Protect
|
|upkeep
|turn|11
|
|t:|1784513062
|move|p1b: Arcanine|Flare Blitz|p2a: Phagousa
|-resisted|p2a: Phagousa|1
|-damage|p2a: Phagousa|20/100r
|-damage|p1b: Arcanine|90/100|[from] Recoil
|move|p2a: Phagousa|Last Respects|p1a: Aggron
|-damage|p1a: Aggron|0 fnt
|faint|p1a: Aggron
|
|-heal|p1b: Arcanine|96/100|[from] item: Leftovers
|upkeep
|turn|12
|
|t:|1784513074
|move|p2a: Phagousa|Aqua Jet|p1b: Arcanine
|-supereffective|p1b: Arcanine|1
|-damage|p1b: Arcanine|70/100
|move|p1b: Arcanine|Flare Blitz|p2a: Phagousa
|-resisted|p2a: Phagousa|1
|-damage|p2a: Phagousa|0 fnt
|faint|p2a: Phagousa
|-damage|p1b: Arcanine|62/100|[from] Recoil
|
|win|Kari-Hime
||Kari-Hime is ready for game 3.
||RokketRonnie is ready for game 3.
|uhtml|next|Next: Game 3 of 3
|l|☆Kari-Hime
|player|p1|
