|j|☆ChrixsVGC
|j|☆Shiboha
|html|ChrixsVGCShiboha    
|uhtml|bestof|Game 1 of a best-of-3
|t:|1756321800
|gametype|doubles
|player|p1|ChrixsVGC|veteran|1103
|player|p2|Shiboha|steven|1143
|gen|9
|tier|[Gen 9] VGC 2025 Reg H (Bo3)
|rated|
|rule|Species Clause: Limit one of each Pokémon
|rule|Item Clause: Limit 1 of each item
|clearpoke
|poke|p1|Dondozo, L50, F|
|poke|p1|Tatsugiri, L50, M|
|poke|p1|Maushold-Four, L50|
|poke|p1|Annihilape, L50, M|
|poke|p1|Whimsicott, L50, F|
|poke|p1|Typhlosion-Hisui, L50, M|
|poke|p2|Sneasler, L50, M|
|poke|p2|Rillaboom, L50, F|
|poke|p2|Primarina, L50, F|
|poke|p2|Electabuzz, L50, M|
|poke|p2|Dragapult, L50, F|
|poke|p2|Arcanine-Hisui, L50, F|
|teampreview|4
|showteam|p1|Dondozo||Leftovers|Unaware|WaveCrash,Earthquake,OrderUp,Protect|||F|||50|,,,,,Dragon]Tatsugiri||SitrusBerry|Commander|DracoMeteor,MuddyWater,HelpingHand,Protect|||M|||50|,,,,,Steel]Maushold-Four||WideLens|Technician|PopulationBomb,Crunch,FollowMe,Protect||||||50|,,,,,Normal]Annihilape||ChoiceScarf|Defiant|ShadowClaw,CloseCombat,FinalGambit,Uturn|||M|||50|,,,,,Fighting]Whimsicott||CovertCloak|Prankster|Tailwind,SunnyDay,Moonblast,Encore|||F|||50|,,,,,Rock]Typhlosion-Hisui||Charcoal|Frisk|Eruption,HeatWave,ShadowBall,Protect|||M|||50|,,,,,Fairy
|showteam|p2|Sneasler||GrassySeed|Unburden|DireClaw,CloseCombat,Coaching,Protect|||M|||50|,,,,,Ghost]Rillaboom||AssaultVest|GrassySurge|WoodHammer,GrassyGlide,FakeOut,HighHorsepower|||F|||50|,,,,,Fire]Primarina||ThroatSpray|LiquidVoice|HyperVoice,Moonblast,Haze,Protect|||F|||50|,,,,,Poison]Electabuzz||Eviolite|VitalSpirit|Electroweb,FollowMe,Taunt,Protect|||M|||50|,,,,,Dragon]Dragapult||ChoiceBand|ClearBody|DragonDarts,PhantomForce,Outrage,Uturn|||F|||50|,,,,,Dragon]Arcanine-Hisui||LifeOrb|Intimidate|FlareBlitz,RockSlide,ExtremeSpeed,Protect|||F|||50|,,,,,Normal
|
|t:|1756321835
|teamsize|p1|4
|teamsize|p2|4
|start
|switch|p1a: Whimsicott|Whimsicott, L50, F|100/100
|switch|p1b: Typhlosion|Typhlosion-Hisui, L50, M|100/100
|switch|p2a: Sneasler|Sneasler, L50, M|100/100
|switch|p2b: Rillaboom|Rillaboom, L50, F|100/100
|-item|p2a: Sneasler|Grassy Seed|[from] ability: Frisk|[of] p1b: Typhlosion
|-item|p2b: Rillaboom|Assault Vest|[from] ability: Frisk|[of] p1b: Typhlosion
|-fieldstart|move: Grassy Terrain|[from] ability: Grassy Surge|[of] p2b: Rillaboom
|-enditem|p2a: Sneasler|Grassy Seed
|-boost|p2a: Sneasler|def|1|[from] item: Grassy Seed
|turn|1
|
|t:|1756321863
|move|p1a: Whimsicott|Tailwind|p1a: Whimsicott
|-sidestart|p1: ChrixsVGC|move: Tailwind
|move|p2a: Sneasler|Dire Claw|p1b: Typhlosion
|-resisted|p1b: Typhlosion
|-damage|p1b: Typhlosion|66/100
|-status|p1b: Typhlosion|psn
|move|p1b: Typhlosion|Eruption|p2a: Sneasler|[spread] p2a,p2b
|-supereffective|p2b: Rillaboom
|-damage|p2a: Sneasler|40/100
|-damage|p2b: Rillaboom|35/100
|move|p2b: Rillaboom|High Horsepower|p1b: Typhlosion
|-supereffective|p1b: Typhlosion
|-damage|p1b: Typhlosion|0 fnt
|faint|p1b: Typhlosion
|
|-heal|p2a: Sneasler|46/100|[from] Grassy Terrain
|-heal|p2b: Rillaboom|41/100|[from] Grassy Terrain
|upkeep
|
|t:|1756321875
|switch|p1b: Annihilape|Annihilape, L50, M|100/100
|turn|2
|
|t:|1756321896
|move|p2a: Sneasler|Protect|p2a: Sneasler
|-singleturn|p2a: Sneasler|Protect
|move|p2b: Rillaboom|Grassy Glide|p1b: Annihilape
|-damage|p1b: Annihilape|63/100
|move|p1b: Annihilape|Close Combat|p2b: Rillaboom
|-damage|p2b: Rillaboom|0 fnt
|-unboost|p1b: Annihilape|def|1
|-unboost|p1b: Annihilape|spd|1
|faint|p2b: Rillaboom
|move|p1a: Whimsicott|Moonblast|p2a: Sneasler
|-activate|p2a: Sneasler|move: Protect
|
|-heal|p1b: Annihilape|69/100|[from] Grassy Terrain
|-heal|p2a: Sneasler|52/100|[from] Grassy Terrain
|upkeep
|
|t:|1756321919
|switch|p2b: Dragapult|Dragapult, L50, F|100/100
|turn|3
|
|t:|1756321966
|switch|p1b: Maushold|Maushold-Four, L50|100/100
|move|p1a: Whimsicott|Encore|p2a: Sneasler
|-start|p2a: Sneasler|Encore
|move|p2a: Sneasler|Protect||[still]
|-fail|p2a: Sneasler
|move|p2b: Dragapult|Dragon Darts|p1b: Maushold
|-damage|p1b: Maushold|33/100
|-anim|p2b: Dragapult|Dragon Darts|p1b: Maushold
|-damage|p1b: Maushold|0 fnt
|faint|p1b: Maushold
|
|-heal|p2a: Sneasler|59/100|[from] Grassy Terrain
|upkeep
|
|t:|1756321976
|switch|p1b: Annihilape|Annihilape, L50, M|69/100
|turn|4
|
|t:|1756321987
|switch|p2b: Primarina|Primarina, L50, F|100/100
|move|p2a: Sneasler|Protect|p2a: Sneasler
|-singleturn|p2a: Sneasler|Protect
|move|p1b: Annihilape|Shadow Claw|p2b: Primarina
|-damage|p2b: Primarina|64/100
|move|p1a: Whimsicott|Moonblast|p2b: Primarina
|-damage|p2b: Primarina|42/100
|
|-heal|p1b: Annihilape|75/100|[from] Grassy Terrain
|-heal|p2a: Sneasler|65/100|[from] Grassy Terrain
|-heal|p2b: Primarina|48/100|[from] Grassy Terrain
|-sideend|p1: ChrixsVGC|move: Tailwind
|upkeep
|turn|5
|
|t:|1756322016
|move|p2a: Sneasler|Protect|p2a: Sneasler
|-singleturn|p2a: Sneasler|Protect
|move|p1b: Annihilape|Shadow Claw|p2a: Sneasler
|-activate|p2a: Sneasler|move: Protect
|move|p1a: Whimsicott|Moonblast|p2a: Sneasler
|-activate|p2a: Sneasler|move: Protect
|move|p2b: Primarina|Moonblast|p1b: Annihilape
|-supereffective|p1b: Annihilape
|-damage|p1b: Annihilape|0 fnt
|faint|p1b: Annihilape
|
|-heal|p2a: Sneasler|71/100|[from] Grassy Terrain
|-heal|p2b: Primarina|54/100|[from] Grassy Terrain
|-end|p2a: Sneasler|Encore
|-fieldend|move: Grassy Terrain
|upkeep
|turn|6
|-message|ChrixsVGC forfeited.
|
|win|Shiboha
|l|☆ChrixsVGC
|player|p1|
||ChrixsVGC is ready for game 2.
