|j|☆SomeKidJon
|j|☆jayoticnl
|html|SomeKidJonjayoticnl    
|uhtml|bestof|Game 1 of a best-of-3
|t:|1757795103
|gametype|doubles
|player|p1|SomeKidJon|scientistf|1366
|player|p2|jayoticnl|preschooler|1331
|gen|9
|tier|[Gen 9] VGC 2025 Reg H (Bo3)
|rated|
|rule|Species Clause: Limit one of each Pokémon
|rule|Item Clause: Limit 1 of each item
|clearpoke
|poke|p1|Zoroark-Hisui, L50, M|
|poke|p1|Rillaboom, L50, M|
|poke|p1|Basculegion, L50, M|
|poke|p1|Pelipper, L50, M|
|poke|p1|Kingambit, L50, F|
|poke|p1|Farigiraf, L50, F|
|poke|p2|Pelipper, L50, M|
|poke|p2|Basculegion, L50, M|
|poke|p2|Archaludon, L50, M|
|poke|p2|Weavile, L50, M|
|poke|p2|Chesnaught, L50, M|
|poke|p2|Rillaboom, L50, M|
|teampreview|4
|showteam|p1|Zoroark-Hisui||ChoiceSpecs|Illusion|TeraBlast,HyperVoice,Snarl,ShadowBall|||M|||50|,,,,,Stellar]Rillaboom||AssaultVest|GrassySurge|FakeOut,WoodHammer,GrassyGlide,HighHorsepower|||M|||50|,,,,,Fire]Basculegion||ChoiceBand|SwiftSwim|WaveCrash,LastRespects,AquaJet,FlipTurn|||M|||50|,,,,,Water]Pelipper||FocusSash|Drizzle|HelpingHand,Tailwind,WeatherBall,Hurricane|||M|||50|,,,,,Grass]Kingambit||ChopleBerry|Defiant|KowtowCleave,SuckerPunch,SwordsDance,LowKick|||F|||50|,,,,,Dark]Farigiraf||SitrusBerry|ArmorTail|HelpingHand,TrickRoom,TwinBeam,FoulPlay|||F|||50|,,,,,Bug
|showteam|p2|Pelipper||CovertCloak|Drizzle|Hurricane,WeatherBall,Tailwind,Protect|||M|||50|,,,,,Grass]Basculegion||ChoiceBand|SwiftSwim|WaveCrash,FlipTurn,LastRespects,AquaJet|||M|||50|,,,,,Water]Archaludon||AssaultVest|Stamina|ElectroShot,BodyPress,Snarl,FlashCannon|||M|||50|,,,,,Bug]Weavile||FocusSash|Pressure|TripleAxel,KnockOff,FakeOut,Protect|||M|||50|,,,,,Ghost]Chesnaught||SitrusBerry|Bulletproof|GrassyGlide,DrainPunch,BellyDrum,SpikyShield|||M|||50|,,,,,Fire]Rillaboom||LoadedDice|GrassySurge|BulletSeed,GrassyGlide,FakeOut,HighHorsepower|||M|||50|,,,,,Poison
|
|t:|1757795130
|teamsize|p1|4
|teamsize|p2|4
|start
|switch|p1a: Monoco|Rillaboom, L50, M|100/100
|switch|p1b: Lune|Farigiraf, L50, F, shiny|100/100
|switch|p2a: Weavile|Weavile, L50, M|100/100
|switch|p2b: Chesnaught|Chesnaught, L50, M|100/100
|-ability|p2a: Weavile|Pressure
|-fieldstart|move: Grassy Terrain|[from] ability: Grassy Surge|[of] p1a: Monoco
|turn|1
|
|t:|1757795151
|-terastallize|p2a: Weavile|Ghost
|move|p2a: Weavile|Knock Off|p1b: Lune
|-supereffective|p1b: Lune
|-damage|p1b: Lune|19/100
|-enditem|p1b: Lune|Sitrus Berry|[from] move: Knock Off|[of] p2a: Weavile
|move|p1a: Monoco|Wood Hammer|p2a: Weavile
|-enditem|p2a: Weavile|Focus Sash
|-damage|p2a: Weavile|1/100
|-damage|p1a: Monoco|76/100|[from] Recoil
|move|p2b: Chesnaught|Drain Punch|p1b: Lune
|-damage|p1b: Lune|0 fnt
|faint|p1b: Lune
|
|-heal|p2a: Weavile|7/100|[from] Grassy Terrain
|-heal|p1a: Monoco|82/100|[from] Grassy Terrain
|upkeep
|
|t:|1757795154
|switch|p1b: Esquie|Pelipper, L50, M|100/100
|-weather|RainDance|[from] ability: Drizzle|[of] p1b: Esquie
|turn|2
|
|t:|1757795166
|switch|p2b: Archaludon|Archaludon, L50, M|100/100
|move|p1a: Monoco|Grassy Glide|p2a: Weavile
|-damage|p2a: Weavile|0 fnt
|faint|p2a: Weavile
|move|p1b: Esquie|Hurricane|p2b: Archaludon
|-resisted|p2b: Archaludon
|-damage|p2b: Archaludon|84/100
|-ability|p2b: Archaludon|Stamina|boost
|-boost|p2b: Archaludon|def|1
|
|-weather|RainDance|[upkeep]
|-heal|p1a: Monoco|88/100|[from] Grassy Terrain
|-heal|p2b: Archaludon|90/100|[from] Grassy Terrain
|upkeep
|
|t:|1757795171
|switch|p2a: Rillaboom|Rillaboom, L50, M|100/100
|turn|3
|
|t:|1757795186
|move|p1b: Esquie|Helping Hand|p1a: Monoco
|-singleturn|p1a: Monoco|Helping Hand|[of] p1b: Esquie
|move|p2a: Rillaboom|Fake Out|p1b: Esquie
|-damage|p1b: Esquie|84/100
|move|p1a: Monoco|High Horsepower|p2b: Archaludon
|-supereffective|p2b: Archaludon
|-damage|p2b: Archaludon|43/100
|-ability|p2b: Archaludon|Stamina|boost
|-boost|p2b: Archaludon|def|1
|move|p2b: Archaludon|Body Press|p1a: Monoco
|-damage|p1a: Monoco|44/100
|
|-weather|RainDance|[upkeep]
|-heal|p1a: Monoco|50/100|[from] Grassy Terrain
|-heal|p2b: Archaludon|49/100|[from] Grassy Terrain
|upkeep
|turn|4
|
|t:|1757795207
|move|p2a: Rillaboom|Grassy Glide|p1b: Esquie
|-damage|p1b: Esquie|42/100
|move|p1b: Esquie|Hurricane|p2b: Archaludon
|-resisted|p2b: Archaludon
|-damage|p2b: Archaludon|32/100
|-start|p2b: Archaludon|confusion
|-ability|p2b: Archaludon|Stamina|boost
|-boost|p2b: Archaludon|def|1
|move|p1a: Monoco|High Horsepower|p2b: Archaludon
|-supereffective|p2b: Archaludon
|-damage|p2b: Archaludon|12/100
|-ability|p2b: Archaludon|Stamina|boost
|-boost|p2b: Archaludon|def|1
|-activate|p2b: Archaludon|confusion
|move|p2b: Archaludon|Electro Shot||[still]
|-prepare|p2b: Archaludon|Electro Shot
|-boost|p2b: Archaludon|spa|1
|-anim|p2b: Archaludon|Electro Shot|p1b: Esquie
|-supereffective|p1b: Esquie
|-damage|p1b: Esquie|0 fnt
|faint|p1b: Esquie
|
|-weather|RainDance|[upkeep]
|-heal|p1a: Monoco|56/100|[from] Grassy Terrain
|-heal|p2b: Archaludon|18/100|[from] Grassy Terrain
|upkeep
|
|t:|1757795213
|switch|p1b: Maelle|Kingambit, L50, F, shiny|100/100
|turn|5
|
|t:|1757795229
|move|p2a: Rillaboom|High Horsepower|p1b: Maelle
|-supereffective|p1b: Maelle
|-damage|p1b: Maelle|58/100
|move|p1a: Monoco|High Horsepower|p2b: Archaludon
|-supereffective|p2b: Archaludon
|-damage|p2b: Archaludon|0 fnt
|faint|p2b: Archaludon
|move|p1b: Maelle|Swords Dance|p1b: Maelle
|-boost|p1b: Maelle|atk|2
|
|-weather|RainDance|[upkeep]
|-heal|p1a: Monoco|62/100|[from] Grassy Terrain
|-heal|p1b: Maelle|64/100|[from] Grassy Terrain
|-fieldend|move: Grassy Terrain
|upkeep
|
|t:|1757795235
|switch|p2b: Chesnaught|Chesnaught, L50, M|100/100
|turn|6
|
|t:|1757795256
|-terastallize|p1b: Maelle|Dark
|move|p2a: Rillaboom|Bullet Seed|p1b: Maelle
|-damage|p1b: Maelle|55/100
|-damage|p1b: Maelle|46/100
|-damage|p1b: Maelle|37/100
|-damage|p1b: Maelle|28/100
|-hitcount|p1b: Maelle|4
|move|p1a: Monoco|High Horsepower|p2a: Rillaboom
|-resisted|p2a: Rillaboom
|-damage|p2a: Rillaboom|86/100
|move|p2b: Chesnaught|Drain Punch|p1b: Maelle
|-supereffective|p1b: Maelle
|-enditem|p1b: Maelle|Chople Berry|[eat]
|-enditem|p1b: Maelle|Chople Berry|[weaken]
|-damage|p1b: Maelle|1/100
|move|p1b: Maelle|Low Kick|p2b: Chesnaught
|-damage|p2b: Chesnaught|51/100
|
|-weather|none
|upkeep
|turn|7
|
|t:|1757795279
|move|p1b: Maelle|Sucker Punch|p2a: Rillaboom
|-crit|p2a: Rillaboom
|-damage|p2a: Rillaboom|0 fnt
|faint|p2a: Rillaboom
|move|p1a: Monoco|Wood Hammer|p2b: Chesnaught
|-resisted|p2b: Chesnaught
|-damage|p2b: Chesnaught|22/100
|-enditem|p2b: Chesnaught|Sitrus Berry|[eat]
|-heal|p2b: Chesnaught|47/100|[from] item: Sitrus Berry
|-damage|p1a: Monoco|53/100|[from] Recoil
|move|p2b: Chesnaught|Belly Drum||[still]
|-fail|p2b: Chesnaught
|
|upkeep
|turn|8
|
|t:|1757795293
|move|p1b: Maelle|Sucker Punch|p2b: Chesnaught
|-resisted|p2b: Chesnaught
|-damage|p2b: Chesnaught|3/100
|move|p1a: Monoco|Wood Hammer|p2b: Chesnaught
|-resisted|p2b: Chesnaught
|-damage|p2b: Chesnaught|0 fnt
|faint|p2b: Chesnaught
|-damage|p1a: Monoco|52/100|[from] Recoil
|
|win|SomeKidJon
||jayoticnl is ready for game 2.
||SomeKidJon is ready for game 2.
|uhtml|next|Next: Game 2 of 3
|l|☆SomeKidJon
|player|p1|
