|j|☆the doctor rock
|j|☆namboyVGC
|html|the doctor rocknamboyVGC    
|uhtml|bestof|Game 1 of a best-of-3
|t:|1784840000
|gametype|doubles
|player|p1|the doctor rock|marlon|1144
|player|p2|namboyVGC|pokemonranger-gen4|1130
|gen|9
|tier|[Gen 9 Champions] VGC 2026 Reg M-B (Bo3)
|rated|
|rule|Species Clause: Limit one of each Pokémon
|rule|Item Clause: Limit 1 of each item
|clearpoke
|poke|p1|Malamar, L50, F|
|poke|p1|Grimmsnarl, L50, M|
|poke|p1|Ceruledge, L50, M|
|poke|p1|Sinistcha, L50|
|poke|p1|Milotic, L50, F|
|poke|p1|Hydreigon, L50, M|
|poke|p2|Swampert, L50, F|
|poke|p2|Pelipper, L50, F|
|poke|p2|Archaludon, L50, F|
|poke|p2|Maushold, L50|
|poke|p2|Sinistcha-Masterpiece, L50|
|poke|p2|Grimmsnarl, L50, M|
|teampreview|4
|showteam|p1|Malamar||Malamarite|Contrary|KnockOff,PsychoCut,Superpower,Protect|Adamant||F|||50|]Grimmsnarl||RoseliBerry|Prankster|SpiritBreak,FakeTears,ScaryFace,PartingShot|Bold||M|||50|]Ceruledge||ColburBerry|FlashFire|BitterBlade,ShadowSneak,BulkUp,Protect|Adamant||M|||50|]Sinistcha||SitrusBerry|Hospitality|MatchaGotcha,LifeDew,RagePowder,TrickRoom|Bold|||||50|]Milotic||Leftovers|Competitive|MuddyWater,Hypnosis,Coil,Protect|Calm||F|||50|]Hydreigon||LifeOrb|Levitate|DarkPulse,DragonPulse,Tailwind,Protect|Modest||M|||50|
|showteam|p2|Swampert||Swampertite|Damp|WaveCrash,HighHorsepower,IcePunch,Protect|Adamant||F|||50|]Pelipper||FocusSash|Drizzle|WeatherBall,Hurricane,Tailwind,Protect|Modest||F|||50|]Archaludon||Leftovers|Stamina|DragonPulse,ElectroShot,FlashCannon,Protect|Calm||F|||50|]Maushold||WideLens|Technician|PopulationBomb,FollowMe,RainDance,Protect|Jolly|||||50|]Sinistcha-Masterpiece||SitrusBerry|Hospitality|MatchaGotcha,LifeDew,TrickRoom,RagePowder|Bold|||||50|]Grimmsnarl||LightClay|Prankster|SpiritBreak,LightScreen,Reflect,PartingShot|Sassy||M|||50|
|inactive|Battle timer is ON: inactive players will automatically lose when time's up. (requested by namboyVGC)
|inactive|the doctor rock also wants the timer to be on.
|inactive|the doctor rock has 60 seconds left.
|inactive|namboyVGC has 60 seconds left.
|
|t:|1784840039
|teamsize|p1|4
|teamsize|p2|4
|start
|switch|p1a: Hydreigon|Hydreigon, L50, M|100/100
|switch|p1b: Sinistcha|Sinistcha, L50|100/100
|switch|p2a: Pelipper|Pelipper, L50, F|100/100
|switch|p2b: Swampert|Swampert, L50, F|100/100
|-weather|RainDance|[from] ability: Drizzle|[of] p2a: Pelipper
|turn|1
|inactive|the doctor rock has 30 seconds left.
|
|t:|1784840066
|detailschange|p2b: Swampert|Swampert-Mega, L50, F
|-mega|p2b: Swampert|Swampert|Swampertite
|move|p2b: Swampert|Protect|p2b: Swampert
|-singleturn|p2b: Swampert|Protect
|move|p1b: Sinistcha|Rage Powder|p1b: Sinistcha
|-singleturn|p1b: Sinistcha|move: Rage Powder
|move|p1a: Hydreigon|Dragon Pulse|p2b: Swampert
|-activate|p2b: Swampert|move: Protect
|move|p2a: Pelipper|Hurricane|p1b: Sinistcha
|-supereffective|p1b: Sinistcha|1
|-damage|p1b: Sinistcha|4/100
|-enditem|p1b: Sinistcha|Sitrus Berry|[eat]
|-heal|p1b: Sinistcha|29/100|[from] item: Sitrus Berry
|
|-weather|RainDance|[upkeep]
|upkeep
|turn|2
|
|t:|1784840086
|switch|p1b: Milotic|Milotic, L50, F|100/100
|move|p2b: Swampert|Ice Punch|p1b: Milotic
|-resisted|p1b: Milotic|1
|-damage|p1b: Milotic|82/100
|move|p1a: Hydreigon|Tailwind|p1a: Hydreigon
|-sidestart|p1: the doctor rock|move: Tailwind
|move|p2a: Pelipper|Hurricane|p1a: Hydreigon
|-damage|p1a: Hydreigon|41/100
|
|-weather|RainDance|[upkeep]
|-heal|p1b: Milotic|88/100|[from] item: Leftovers
|upkeep
|turn|3
|
|t:|1784840110
|move|p1a: Hydreigon|Dragon Pulse|p2b: Swampert
|-damage|p2b: Swampert|40/100
|-damage|p1a: Hydreigon|31/100|[from] item: Life Orb
|move|p2b: Swampert|Ice Punch|p1a: Hydreigon
|-supereffective|p1a: Hydreigon|1
|-damage|p1a: Hydreigon|0 fnt
|faint|p1a: Hydreigon
|move|p1b: Milotic|Muddy Water|p2a: Pelipper|[spread] p2a
|-miss|p1b: Milotic|p2b: Swampert
|-resisted|p2a: Pelipper|1
|-damage|p2a: Pelipper|67/100
|move|p2a: Pelipper|Hurricane|p1b: Milotic
|-damage|p1b: Milotic|59/100
|
|-weather|RainDance|[upkeep]
|-heal|p1b: Milotic|65/100|[from] item: Leftovers
|upkeep
|
|t:|1784840122
|switch|p1a: Sinistcha|Sinistcha, L50|29/100
|-heal|p1b: Milotic|90/100|[from] ability: Hospitality|[of] p1a: Sinistcha
|turn|4
|
|t:|1784840134
|switch|p2a: Sinistcha|Sinistcha-Masterpiece, L50|100/100
|-heal|p2b: Swampert|65/100|[from] ability: Hospitality|[of] p2a: Sinistcha
|move|p2b: Swampert|Ice Punch|p1a: Sinistcha
|-supereffective|p1a: Sinistcha|1
|-damage|p1a: Sinistcha|0 fnt
|faint|p1a: Sinistcha
|move|p1b: Milotic|Coil|p1b: Milotic
|-boost|p1b: Milotic|atk|1
|-boost|p1b: Milotic|def|1
|-boost|p1b: Milotic|accuracy|1
|
|-weather|RainDance|[upkeep]
|-heal|p1b: Milotic|96/100|[from] item: Leftovers
|upkeep
|
|t:|1784840143
|switch|p1a: Malamar|Malamar, L50, F|100/100
|turn|5
|
|t:|1784840159
|move|p2b: Swampert|Protect|p2b: Swampert
|-singleturn|p2b: Swampert|Protect
|move|p1a: Malamar|Protect|p1a: Malamar
|-singleturn|p1a: Malamar|Protect
|move|p1b: Milotic|Hypnosis|p2a: Sinistcha|[miss]
|-miss|p1b: Milotic|p2a: Sinistcha
|move|p2a: Sinistcha|Matcha Gotcha|p1b: Milotic|[spread] p1b
|-activate|p1a: Malamar|move: Protect
|-supereffective|p1b: Milotic|1
|-damage|p1b: Milotic|66/100
|
|-weather|none
|-heal|p1b: Milotic|72/100|[from] item: Leftovers
|-sideend|p1: the doctor rock|move: Tailwind
|upkeep
|turn|6
|
|t:|1784840176
|switch|p2a: Pelipper|Pelipper, L50, F|67/100
|-weather|RainDance|[from] ability: Drizzle|[of] p2a: Pelipper
|detailschange|p1a: Malamar|Malamar-Mega, L50, F
|-mega|p1a: Malamar|Malamar|Malamarite
|move|p2b: Swampert|Wave Crash|p1a: Malamar
|-damage|p1a: Malamar|0 fnt
|faint|p1a: Malamar
|-damage|p2b: Swampert|28/100|[from] Recoil
|move|p1b: Milotic|Hypnosis|p2a: Pelipper
|-status|p2a: Pelipper|slp|[from] move: Hypnosis
|
|-weather|RainDance|[upkeep]
|-heal|p1b: Milotic|78/100|[from] item: Leftovers
|upkeep
|turn|7
|
|t:|1784840196
|move|p2b: Swampert|High Horsepower|p1b: Milotic
|-damage|p1b: Milotic|34/100
|cant|p2a: Pelipper|slp
|move|p1b: Milotic|Coil|p1b: Milotic
|-boost|p1b: Milotic|atk|1
|-boost|p1b: Milotic|def|1
|-boost|p1b: Milotic|accuracy|1
|
|-weather|RainDance|[upkeep]
|-heal|p1b: Milotic|40/100|[from] item: Leftovers
|upkeep
|turn|8
|-message|the doctor rock forfeited.
|
|win|namboyVGC
