|j|☆victorlien
|j|☆Llama_Llord
|html|victorlienLlama_Llord    
|uhtml|bestof|Game 2 of a best-of-3
|t:|1756799580
|gametype|doubles
|player|p1|victorlien|blaine|1236
|player|p2|Llama_Llord|1|1073
|gen|9
|tier|[Gen 9] VGC 2025 Reg H (Bo3)
|rated|
|rule|Species Clause: Limit one of each Pokémon
|rule|Item Clause: Limit 1 of each item
|clearpoke
|poke|p1|Gholdengo, L50|
|poke|p1|Amoonguss, L50, F|
|poke|p1|Porygon2, L50|
|poke|p1|Ursaluna, L50, M|
|poke|p1|Kilowattrel, L50, F|
|poke|p1|Incineroar, L50, M|
|poke|p2|Talonflame, L50, M|
|poke|p2|Garchomp, L50, F|
|poke|p2|Gholdengo, L50|
|poke|p2|Tyranitar, L50, F|
|poke|p2|Amoonguss, L50, F|
|poke|p2|Milotic, L50, F|
|teampreview|4
|showteam|p1|Gholdengo||LifeOrb|GoodasGold|MakeItRain,ShadowBall,NastyPlot,Protect||||||50|,,,,,Water]Amoonguss||RockyHelmet|Regenerator|Spore,PollenPuff,RagePowder,Protect|||F|||50|,,,,,Water]Porygon2||Eviolite|Download|TrickRoom,IceBeam,TeraBlast,Recover||||||50|,,,,,Fighting]Ursaluna||FlameOrb|Guts|Facade,HeadlongRush,Earthquake,Protect|||M|||50|,,,,,Ghost]Kilowattrel||SafetyGoggles|Competitive|Protect,VoltSwitch,Hurricane,Tailwind|||F|||50|,,,,,Electric]Incineroar||AssaultVest|Intimidate|FlareBlitz,KnockOff,FakeOut,Uturn|||M|||50|,,,,,Bug
|showteam|p2|Talonflame||CovertCloak|GaleWings|Tailwind,BraveBird,WillOWisp,Taunt|||M|||50|,,,,,Grass]Garchomp||LifeOrb|RoughSkin|Earthquake,DragonClaw,StompingTantrum,Protect|||F|||50|,,,,,Fairy]Gholdengo||ChoiceSpecs|GoodasGold|MakeItRain,ShadowBall,Thunderbolt,PowerGem||||||50|,,,,,Steel]Tyranitar||AssaultVest|SandStream|RockSlide,KnockOff,TeraBlast,LowKick|||F|||50|,,,,,Flying]Amoonguss||SitrusBerry|Regenerator|PollenPuff,Spore,RagePowder,Protect|||F|||50|,,,,,Grass]Milotic||SafetyGoggles|Competitive|Scald,IcyWind,Haze,Protect|||F|||50|,,,,,Dragon
|inactive|Battle timer is ON: inactive players will automatically lose when time's up. (requested by Llama_Llord)
|inactive|victorlien has 60 seconds left.
|
|t:|1756799612
|teamsize|p1|4
|teamsize|p2|4
|start
|switch|p1a: Gholdengo|Gholdengo, L50, shiny|100/100
|switch|p1b: Incineroar|Incineroar, L50, M|100/100
|switch|p2a: Milotic|Milotic, L50, F|100/100
|switch|p2b: Talonflame|Talonflame, L50, M|100/100
|-ability|p1b: Incineroar|Intimidate|boost
|-unboost|p2a: Milotic|atk|1
|-ability|p2a: Milotic|Competitive|boost
|-boost|p2a: Milotic|spa|2
|-unboost|p2b: Talonflame|atk|1
|turn|1
|inactive|victorlien has 30 seconds left.
|inactive|Llama_Llord has 30 seconds left.
|inactive|victorlien has 20 seconds left.
|inactive|Llama_Llord has 20 seconds left.
|inactive|Llama_Llord has 15 seconds left.
|inactive|Llama_Llord has 10 seconds left.
|
|t:|1756799658
|move|p2b: Talonflame|Tailwind|p2b: Talonflame
|-sidestart|p2: Llama_Llord|move: Tailwind
|move|p2a: Milotic|Scald|p1b: Incineroar
|-supereffective|p1b: Incineroar
|-damage|p1b: Incineroar|15/100
|move|p1a: Gholdengo|Nasty Plot|p1a: Gholdengo
|-boost|p1a: Gholdengo|spa|2
|move|p1b: Incineroar|U-turn|p2b: Talonflame
|-resisted|p2b: Talonflame
|-damage|p2b: Talonflame|94/100
|
|t:|1756799669
|switch|p1b: Kilowattrel|Kilowattrel, L50, F|100/100|[from] U-turn
|
|upkeep
|turn|2
|
|t:|1756799691
|-terastallize|p1a: Gholdengo|Water
|move|p2b: Talonflame|Taunt|p1b: Kilowattrel
|-start|p1b: Kilowattrel|move: Taunt
|move|p2a: Milotic|Haze|p2a: Milotic
|-clearallboost
|cant|p1b: Kilowattrel|move: Taunt|Tailwind
|move|p1a: Gholdengo|Shadow Ball|p2b: Talonflame
|-damage|p2b: Talonflame|22/100
|-damage|p1a: Gholdengo|91/100|[from] item: Life Orb
|
|upkeep
|turn|3
|
|t:|1756799710
|switch|p2b: Tyranitar|Tyranitar, L50, F|100/100
|-weather|Sandstorm|[from] ability: Sand Stream|[of] p2b: Tyranitar
|move|p1a: Gholdengo|Protect|p1a: Gholdengo
|-singleturn|p1a: Gholdengo|Protect
|move|p2a: Milotic|Icy Wind|p1b: Kilowattrel|[spread] p1b
|-activate|p1a: Gholdengo|move: Protect
|-supereffective|p1b: Kilowattrel
|-damage|p1b: Kilowattrel|62/100
|-unboost|p1b: Kilowattrel|spe|1
|-ability|p1b: Kilowattrel|Competitive|boost
|-boost|p1b: Kilowattrel|spa|2
|move|p1b: Kilowattrel|Volt Switch|p2a: Milotic
|-supereffective|p2a: Milotic
|-damage|p2a: Milotic|0 fnt
|faint|p2a: Milotic
|
|t:|1756799727
|switch|p1b: Incineroar|Incineroar, L50, M|15/100|[from] Volt Switch
|-ability|p1b: Incineroar|Intimidate|boost
|-unboost|p2b: Tyranitar|atk|1
|
|-weather|Sandstorm|[upkeep]
|-damage|p1a: Gholdengo|85/100|[from] Sandstorm
|-damage|p1b: Incineroar|9/100|[from] Sandstorm
|upkeep
|
|t:|1756799732
|switch|p2a: Garchomp|Garchomp, L50, F|100/100
|turn|4
|inactive|Llama_Llord has 30 seconds left.
|
|t:|1756799757
|switch|p1a: Kilowattrel|Kilowattrel, L50, F|62/100
|switch|p1b: Amoonguss|Amoonguss, L50, F|100/100
|-terastallize|p2b: Tyranitar|Flying
|move|p2a: Garchomp|Dragon Claw|p1a: Kilowattrel
|-damage|p1a: Kilowattrel|0 fnt
|faint|p1a: Kilowattrel
|-damage|p2a: Garchomp|91/100|[from] item: Life Orb
|move|p2b: Tyranitar|Knock Off|p1b: Amoonguss
|-damage|p1b: Amoonguss|68/100
|-damage|p2b: Tyranitar|84/100|[from] item: Rocky Helmet|[of] p1b: Amoonguss
|-enditem|p1b: Amoonguss|Rocky Helmet|[from] move: Knock Off|[of] p2b: Tyranitar
|
|-weather|Sandstorm|[upkeep]
|-damage|p2b: Tyranitar|78/100|[from] Sandstorm
|-damage|p1b: Amoonguss|62/100|[from] Sandstorm
|-sideend|p2: Llama_Llord|move: Tailwind
|upkeep
|
|t:|1756799777
|switch|p1a: Incineroar|Incineroar, L50, M|9/100
|-ability|p1a: Incineroar|Intimidate|boost
|-unboost|p2a: Garchomp|atk|1
|-unboost|p2b: Tyranitar|atk|1
|turn|5
|
|t:|1756799800
|move|p1a: Incineroar|Fake Out|p2b: Tyranitar
|-crit|p2b: Tyranitar
|-damage|p2b: Tyranitar|62/100
|move|p2a: Garchomp|Stomping Tantrum|p1b: Amoonguss
|-damage|p1b: Amoonguss|34/100
|-damage|p2a: Garchomp|81/100|[from] item: Life Orb
|cant|p2b: Tyranitar|flinch
|move|p1b: Amoonguss|Spore|p2a: Garchomp
|-status|p2a: Garchomp|slp|[from] move: Spore
|
|-weather|Sandstorm|[upkeep]
|-damage|p1a: Incineroar|3/100|[from] Sandstorm
|-damage|p2b: Tyranitar|57/100|[from] Sandstorm
|-damage|p1b: Amoonguss|28/100|[from] Sandstorm
|upkeep
|turn|6
|inactive|victorlien has 30 seconds left.
|
|t:|1756799830
|switch|p1a: Gholdengo|Gholdengo, L50, shiny, tera:Water|85/100
|cant|p2a: Garchomp|slp
|move|p2b: Tyranitar|Rock Slide|p1a: Gholdengo|[spread] p1a
|-miss|p2b: Tyranitar|p1b: Amoonguss
|-damage|p1a: Gholdengo|68/100
|move|p1b: Amoonguss|Spore|p2b: Tyranitar
|-status|p2b: Tyranitar|slp|[from] move: Spore
|
|-weather|Sandstorm|[upkeep]
|-damage|p1a: Gholdengo|62/100|[from] Sandstorm
|-damage|p2b: Tyranitar|51/100 slp|[from] Sandstorm
|-damage|p1b: Amoonguss|22/100|[from] Sandstorm
|upkeep
|turn|7
|inactive|victorlien has 30 seconds left.
|inactive|victorlien has 20 seconds left.
|inactive|victorlien has 15 seconds left.
|inactive|victorlien has 10 seconds left.
|inactive|victorlien has 5 seconds left.
|
|t:|1756799881
|-curestatus|p2a: Garchomp|slp|[msg]
|move|p2a: Garchomp|Dragon Claw|p1a: Gholdengo
|-damage|p1a: Gholdengo|28/100
|-damage|p2a: Garchomp|71/100|[from] item: Life Orb
|move|p1a: Gholdengo|Make It Rain|p2a: Garchomp|[spread] p2a,p2b
|-damage|p2a: Garchomp|0 fnt
|-damage|p2b: Tyranitar|13/100 slp
|-unboost|p1a: Gholdengo|spa|1
|faint|p2a: Garchomp
|-damage|p1a: Gholdengo|18/100|[from] item: Life Orb
|cant|p2b: Tyranitar|slp
|move|p1b: Amoonguss|Pollen Puff|p1a: Gholdengo
|-heal|p1a: Gholdengo|68/100
|
|-weather|none
|upkeep
|
|t:|1756799891
|switch|p2a: Talonflame|Talonflame, L50, M|22/100
|turn|8
|
|t:|1756799910
|switch|p1b: Incineroar|Incineroar, L50, M|3/100
|-ability|p1b: Incineroar|Intimidate|boost
|-unboost|p2a: Talonflame|atk|1
|-unboost|p2b: Tyranitar|atk|1
|move|p2a: Talonflame|Tailwind|p2a: Talonflame
|-sidestart|p2: Llama_Llord|move: Tailwind
|cant|p2b: Tyranitar|slp
|move|p1a: Gholdengo|Make It Rain|p2a: Talonflame|[spread] p2a,p2b
|-resisted|p2a: Talonflame
|-damage|p2a: Talonflame|0 fnt
|-damage|p2b: Tyranitar|0 fnt
|-unboost|p1a: Gholdengo|spa|1
|faint|p2a: Talonflame
|faint|p2b: Tyranitar
|-damage|p1a: Gholdengo|59/100|[from] item: Life Orb
|
|win|victorlien
