|j|☆rip_noob01
|j|☆monkeychese
|html|rip_noob01monkeychese    
|uhtml|bestof|Game 2 of a best-of-3
|t:|1782521370
|gametype|doubles
|player|p1|rip_noob01|265|1056
|player|p2|monkeychese|lucas|1139
|gen|9
|tier|[Gen 9 Champions] VGC 2026 Reg M-B (Bo3)
|rated|
|rule|Species Clause: Limit one of each Pokémon
|rule|Item Clause: Limit 1 of each item
|clearpoke
|poke|p1|Gengar, L50, M|
|poke|p1|Palafin, L50, M|
|poke|p1|Floette-Eternal, L50, F|
|poke|p1|Kingambit, L50, M|
|poke|p1|Hatterene, L50, F|
|poke|p1|Basculegion, L50, M|
|poke|p2|Mawile, L50, M|
|poke|p2|Farigiraf, L50, F|
|poke|p2|Incineroar, L50, F|
|poke|p2|Pelipper, L50, F|
|poke|p2|Hydreigon, L50, M|
|poke|p2|Basculegion, L50, M|
|teampreview|4
|showteam|p1|Gengar||Gengarite|CursedBody|DazzlingGleam,ShadowBall,Protect,SludgeWave|Timid||M|||50|]Palafin||MysticWater|ZerotoHero|Protect,JetPunch,Taunt,FlipTurn|Serious||M|||50|]Floette-Eternal||Floettite|FlowerVeil|Protect,LightofRuin,DrainingKiss,DazzlingGleam|Modest||F|||50|]Kingambit||SitrusBerry|SupremeOverlord|IronHead,KowtowCleave,SwordsDance,SuckerPunch|Brave||M|||50|]Hatterene||ChestoBerry|Healer|ShadowBall,Protect,DazzlingGleam,Psychic|Modest||F|||50|]Basculegion||ChoiceScarf|Adaptability|ZenHeadbutt,AquaJet,WaveCrash,LastRespects|Jolly||M|||50|
|showteam|p2|Mawile||Mawilite|Intimidate|PlayRough,IronHead,SuckerPunch,Protect|Adamant||M|||50|]Farigiraf||ColburBerry|ArmorTail|Psychic,HelpingHand,TrickRoom,Protect|Quiet||F|||50|]Incineroar||PasshoBerry|Intimidate|DarkestLariat,WillOWisp,PartingShot,FakeOut|Impish||F|||50|]Pelipper||SitrusBerry|Drizzle|WeatherBall,Hurricane,Tailwind,Protect|Bold||F|||50|]Hydreigon||LifeOrb|Levitate|DracoMeteor,DarkPulse,Flamethrower,Protect|Timid||M|||50|]Basculegion||ChoiceScarf|Adaptability|Liquidation,LastRespects,AquaJet,Protect|Adamant||M|||50|
|
|t:|1782521412
|teamsize|p1|4
|teamsize|p2|4
|start
|switch|p1a: Palafin|Palafin, L50, M|100/100
|switch|p1b: Floette|Floette-Eternal, L50, F|100/100
|switch|p2a: Mawile|Mawile, L50, M|100/100
|switch|p2b: Incineroar|Incineroar, L50, F|100/100
|-ability|p2b: Incineroar|Intimidate|boost
|-unboost|p1a: Palafin|atk|1
|-unboost|p1b: Floette|atk|1
|-ability|p2a: Mawile|Intimidate|boost
|-unboost|p1a: Palafin|atk|1
|-unboost|p1b: Floette|atk|1
|turn|1
|
|t:|1782521436
|detailschange|p1b: Floette|Floette-Mega, L50, F
|-mega|p1b: Floette|Floette|Floettite
|-ability|p1b: Floette|Fairy Aura
|detailschange|p2a: Mawile|Mawile-Mega, L50, M
|-mega|p2a: Mawile|Mawile|Mawilite
|move|p2b: Incineroar|Fake Out|p1a: Palafin
|-damage|p1a: Palafin|87/100
|move|p1b: Floette|Dazzling Gleam|p2b: Incineroar|[spread] p2a,p2b
|-resisted|p2a: Mawile|1
|-crit|p2b: Incineroar
|-damage|p2a: Mawile|68/100
|-damage|p2b: Incineroar|24/100
|cant|p1a: Palafin|flinch
|move|p2a: Mawile|Iron Head|p1b: Floette
|-supereffective|p1b: Floette|1
|-damage|p1b: Floette|0 fnt
|faint|p1b: Floette
|
|upkeep
|
|t:|1782521454
|switch|p1b: Basculegion|Basculegion, L50, M|100/100
|turn|2
|
|t:|1782521463
|move|p1a: Palafin|Jet Punch|p2b: Incineroar
|-supereffective|p2b: Incineroar|1
|-enditem|p2b: Incineroar|Passho Berry|[eat]
|-enditem|p2b: Incineroar|Passho Berry|[weaken]
|-damage|p2b: Incineroar|15/100
|move|p2a: Mawile|Sucker Punch|p1b: Basculegion
|-supereffective|p1b: Basculegion|1
|-damage|p1b: Basculegion|2/100
|move|p1b: Basculegion|Last Respects|p2a: Mawile
|-damage|p2a: Mawile|12/100
|move|p2b: Incineroar|Will-O-Wisp|p1a: Palafin
|-status|p1a: Palafin|brn
|
|-damage|p1a: Palafin|81/100 brn|[from] brn
|upkeep
|turn|3
|
|t:|1782521492
|switch|p2b: Farigiraf|Farigiraf, L50, F|100/100
|move|p1a: Palafin|Jet Punch||[still]
|cant|p2b: Farigiraf|ability: Armor Tail|Jet Punch|[of] p1a: Palafin
|move|p2a: Mawile|Sucker Punch|p1b: Basculegion
|-supereffective|p1b: Basculegion|1
|-damage|p1b: Basculegion|0 fnt
|faint|p1b: Basculegion
|
|-damage|p1a: Palafin|75/100 brn|[from] brn
|upkeep
|
|t:|1782521495
|switch|p1b: Gengar|Gengar, L50, M|100/100
|turn|4
|
|t:|1782521522
|move|p1a: Palafin|Protect|p1a: Palafin
|-singleturn|p1a: Palafin|Protect
|move|p2a: Mawile|Protect|p2a: Mawile
|-singleturn|p2a: Mawile|Protect
|move|p1b: Gengar|Dazzling Gleam|p2b: Farigiraf|[spread] p2b
|-activate|p2a: Mawile|move: Protect
|-damage|p2b: Farigiraf|80/100
|move|p2b: Farigiraf|Trick Room|p2b: Farigiraf
|-fieldstart|move: Trick Room|[of] p2b: Farigiraf
|
|-damage|p1a: Palafin|68/100 brn|[from] brn
|upkeep
|turn|5
|
|t:|1782521549
|move|p2a: Mawile|Play Rough|p1a: Palafin
|-damage|p1a: Palafin|0 fnt
|faint|p1a: Palafin
|move|p2b: Farigiraf|Psychic|p1b: Gengar
|-supereffective|p1b: Gengar|1
|-damage|p1b: Gengar|0 fnt
|faint|p1b: Gengar
|
|win|monkeychese
|raw|rip_noob01's rating: 1086 → 1067(-19 for losing)
|raw|monkeychese's rating: 1139 → 1160(+21 for winning)
