|j|☆Dike Guard
|j|☆il mule
|html|Dike Guardil mule    
|uhtml|bestof|Game 3 of a best-of-3
|t:|1786193500
|gametype|doubles
|player|p1|Dike Guard|2|1529
|player|p2|il mule|1|1516
|gen|9
|tier|[Gen 9 Champions] VGC 2026 Reg M-B (Bo3)
|rated|
|rule|Species Clause: Limit one of each Pokémon
|rule|Item Clause: Limit 1 of each item
|clearpoke
|poke|p1|Floette-Eternal, L50, F|
|poke|p1|Sinistcha-Masterpiece, L50|
|poke|p1|Incineroar, L50, M|
|poke|p1|Delphox, L50, F|
|poke|p1|Sneasler, L50, F|
|poke|p1|Garchomp, L50, F|
|poke|p2|Excadrill, L50, M|
|poke|p2|Tyranitar, L50, F|
|poke|p2|Milotic, L50, F|
|poke|p2|Incineroar, L50, M|
|poke|p2|Venusaur, L50, M|
|poke|p2|Houndstone, L50, M|
|teampreview|4
|showteam|p1|Floette-Eternal||Floettite|FlowerVeil|DazzlingGleam,Moonblast,CalmMind,Protect|Modest||F|||50|]Sinistcha-Masterpiece||KasibBerry|Hospitality|MatchaGotcha,RagePowder,TrickRoom,Protect|Bold|||||50|]Incineroar||SitrusBerry|Intimidate|FlareBlitz,PartingShot,FakeOut,DarkestLariat|Impish||M|||50|]Delphox||Delphoxite|Blaze|HeatWave,Psychic,NastyPlot,Protect|Timid||F|||50|]Sneasler||FocusSash|PoisonTouch|PoisonJab,CloseCombat,FakeOut,QuickGuard|Jolly||F|||50|]Garchomp||ChoiceScarf|RoughSkin|Earthquake,RockSlide,StompingTantrum,DragonClaw|Adamant||F|||50|
|showteam|p2|Excadrill||FocusSash|SandRush|RockSlide,HighHorsepower,IronHead,Protect|Adamant||M|||50|]Tyranitar||Tyranitarite|SandStream|RockSlide,KnockOff,DragonDance,Protect|Jolly||F|||50|]Milotic||Leftovers|Competitive|Scald,IcyWind,IceBeam,Protect|Calm||F|||50|]Incineroar||SitrusBerry|Intimidate|FlareBlitz,HelpingHand,PartingShot,FakeOut|Impish||M|||50|]Venusaur||Venusaurite|Chlorophyll|GigaDrain,SludgeBomb,EarthPower,Protect|Modest||M|||50|]Houndstone||SpellTag|SandRush|Poltergeist,WillOWisp,Howl,Protect|Impish||M|||50|
|
|t:|1786193576
|teamsize|p1|4
|teamsize|p2|4
|start
|switch|p1a: Delphox|Delphox, L50, F|100/100
|switch|p1b: Garchomp|Garchomp, L50, F|100/100
|switch|p2a: Sidy|Incineroar, L50, M|100/100
|switch|p2b: Venusaur|Venusaur, L50, M|100/100
|-ability|p2a: Sidy|Intimidate|boost
|-unboost|p1a: Delphox|atk|1
|-unboost|p1b: Garchomp|atk|1
|turn|1
|
|t:|1786193604
|switch|p2b: Milotic|Milotic, L50, F|100/100
|detailschange|p1a: Delphox|Delphox-Mega, L50, F
|-mega|p1a: Delphox|Delphox|Delphoxite
|move|p2a: Sidy|Fake Out|p1a: Delphox
|-damage|p1a: Delphox|88/100
|move|p1b: Garchomp|Earthquake|p2a: Sidy|[spread] p2a,p2b
|-immune|p1a: Delphox|[from] ability: Levitate
|-supereffective|p2a: Sidy|1
|-damage|p2a: Sidy|57/100
|-damage|p2b: Milotic|71/100
|cant|p1a: Delphox|flinch
|
|-heal|p2b: Milotic|77/100|[from] item: Leftovers
|upkeep
|turn|2
|
|t:|1786193638
|move|p1a: Delphox|Protect|p1a: Delphox
|-singleturn|p1a: Delphox|Protect
|move|p1b: Garchomp|Earthquake|p2b: Milotic|[spread] p2a,p2b
|-activate|p1a: Delphox|move: Protect
|-supereffective|p2a: Sidy|1
|-damage|p2a: Sidy|18/100
|-damage|p2b: Milotic|50/100g
|-enditem|p2a: Sidy|Sitrus Berry|[eat]
|-heal|p2a: Sidy|43/100|[from] item: Sitrus Berry
|move|p2b: Milotic|Icy Wind|p1b: Garchomp|[spread] p1b
|-activate|p1a: Delphox|move: Protect
|-supereffective|p1b: Garchomp|2
|-damage|p1b: Garchomp|56/100
|-unboost|p1b: Garchomp|spe|1
|move|p2a: Sidy|Parting Shot|p1b: Garchomp
|-unboost|p1b: Garchomp|atk|1
|-unboost|p1b: Garchomp|spa|1
|
|t:|1786193644
|switch|p2a: Quando provo|Tyranitar, L50, F|100/100|[from] Parting Shot
|-weather|Sandstorm|[from] ability: Sand Stream|[of] p2a: Quando provo
|
|-weather|Sandstorm|[upkeep]
|-damage|p1a: Delphox|83/100|[from] Sandstorm
|-damage|p2b: Milotic|44/100|[from] Sandstorm
|-heal|p2b: Milotic|50/100g|[from] item: Leftovers
|upkeep
|turn|3
|
|t:|1786193685
|move|p1a: Delphox|Psychic|p2b: Milotic
|-damage|p2b: Milotic|18/100
|move|p1b: Garchomp|Earthquake|p2a: Quando provo|[spread] p2a,p2b
|-immune|p1a: Delphox|[from] ability: Levitate
|-supereffective|p2a: Quando provo|1
|-damage|p2a: Quando provo|67/100
|-damage|p2b: Milotic|0 fnt
|faint|p2b: Milotic
|move|p2a: Quando provo|Dragon Dance|p2a: Quando provo
|-boost|p2a: Quando provo|atk|1
|-boost|p2a: Quando provo|spe|1
|
|-weather|Sandstorm|[upkeep]
|-damage|p1a: Delphox|77/100|[from] Sandstorm
|upkeep
|
|t:|1786193705
|switch|p2b: Venusaur|Venusaur, L50, M|100/100
|turn|4
|
|t:|1786193730
|detailschange|p2a: Quando provo|Tyranitar-Mega, L50, F
|-mega|p2a: Quando provo|Tyranitar|Tyranitarite
|move|p1a: Delphox|Protect|p1a: Delphox
|-singleturn|p1a: Delphox|Protect
|move|p2a: Quando provo|Rock Slide|p1b: Garchomp|[spread] p1b
|-activate|p1a: Delphox|move: Protect
|-resisted|p1b: Garchomp|1
|-damage|p1b: Garchomp|34/100
|cant|p1b: Garchomp|flinch
|move|p2b: Venusaur|Giga Drain|p1b: Garchomp
|-damage|p1b: Garchomp|0 fnt
|faint|p1b: Garchomp
|
|-weather|Sandstorm|[upkeep]
|-damage|p1a: Delphox|71/100|[from] Sandstorm
|-damage|p2b: Venusaur|94/100|[from] Sandstorm
|upkeep
|
|t:|1786193747
|switch|p1b: Sneasler|Sneasler, L50, F|100/100
|turn|5
|
|t:|1786193799
|switch|p1a: Sinistcha|Sinistcha-Masterpiece, L50|100/100
|switch|p2b: Sidy|Incineroar, L50, M|43/100
|-ability|p2b: Sidy|Intimidate|boost
|-unboost|p1a: Sinistcha|atk|1
|-unboost|p1b: Sneasler|atk|1
|move|p2a: Quando provo|Protect|p2a: Quando provo
|-singleturn|p2a: Quando provo|Protect
|move|p1b: Sneasler|Close Combat|p2a: Quando provo
|-activate|p2a: Quando provo|move: Protect
|
|-weather|Sandstorm|[upkeep]
|-damage|p1b: Sneasler|94/100|[from] Sandstorm
|-damage|p1a: Sinistcha|93/100|[from] Sandstorm
|-damage|p2b: Sidy|37/100|[from] Sandstorm
|upkeep
|turn|6
|
|t:|1786193848
|move|p2b: Sidy|Fake Out|p1b: Sneasler
|-crit|p1b: Sneasler
|-damage|p1b: Sneasler|65/100
|move|p2a: Quando provo|Knock Off|p1a: Sinistcha
|-supereffective|p1a: Sinistcha|1
|-damage|p1a: Sinistcha|0 fnt
|-enditem|p1a: Sinistcha|Kasib Berry|[from] move: Knock Off|[of] p2a: Quando provo
|faint|p1a: Sinistcha
|cant|p1b: Sneasler|flinch
|
|-weather|none
|upkeep
|
|t:|1786193854
|switch|p1a: Delphox|Delphox-Mega, L50, F|71/100
|turn|7
|
|t:|1786193900
|move|p2b: Sidy|Helping Hand|p2a: Quando provo
|-singleturn|p2a: Quando provo|Helping Hand|[of] p2b: Sidy
|move|p2a: Quando provo|Knock Off|p1b: Sneasler
|-resisted|p1b: Sneasler|1
|-damage|p1b: Sneasler|0 fnt
|-enditem|p1b: Sneasler|Focus Sash|[from] move: Knock Off|[of] p2a: Quando provo
|faint|p1b: Sneasler
|move|p1a: Delphox|Psychic|p2b: Sidy
|-immune|p2b: Sidy
|
|upkeep
|turn|8
|-message|Dike Guard forfeited.
|
|win|il mule
|raw|Dike Guard's rating: 1529 → 1508(-21 for losing)
|raw|il mule's rating: 1516 → 1537(+21 for winning)
|l|☆il mule
|player|p2|
