|j|☆WASHINGTONGARGACHA
|j|☆Light 1503
|html|WASHINGTONGARGACHALight 1503    
|uhtml|bestof|Game 3 of a best-of-3
|t:|1756422750
|gametype|doubles
|player|p1|WASHINGTONGARGACHA|265|1000
|player|p2|Light 1503|1|1000
|gen|9
|tier|[Gen 9] VGC 2025 Reg H (Bo3)
|rated|
|rule|Species Clause: Limit one of each Pokémon
|rule|Item Clause: Limit 1 of each item
|clearpoke
|poke|p1|Farigiraf, L50, M|
|poke|p1|Incineroar, L50, F|
|poke|p1|Rillaboom, L50, F|
|poke|p1|Gholdengo, L50|
|poke|p1|Blaziken, L50, M|
|poke|p1|Sneasler, L50, M|
|poke|p2|Archaludon, L50, M|
|poke|p2|Pelipper, L50, M|
|poke|p2|Salamence, L50, F|
|poke|p2|Farigiraf, L50, F|
|poke|p2|Ursaluna-Bloodmoon, L50, M|
|poke|p2|Amoonguss, L50, F|
|teampreview|4
|showteam|p1|Farigiraf||ThroatSpray|ArmorTail|HyperVoice,Psychic,TrickRoom,Protect|||M|||50|,,,,,Fairy]Incineroar||SafetyGoggles|Intimidate|FlareBlitz,FakeOut,KnockOff,PartingShot|||F|||50|,,,,,Ghost]Rillaboom||AssaultVest|GrassySurge|FakeOut,GrassyGlide,Uturn,WoodHammer|||F|||50|,,,,,Fire]Gholdengo||SitrusBerry|GoodasGold|MakeItRain,NastyPlot,ShadowBall,Protect||||||50|,,,,,Water]Blaziken||FocusSash|SpeedBoost|CloseCombat,FlareBlitz,Protect,SwordsDance|||M|||50|,,,,,Stellar]Sneasler||GrassySeed|Unburden|DireClaw,CloseCombat,Protect,ThroatChop|||M|||50|,,,,,Stellar
|showteam|p2|Archaludon||AssaultVest|Stamina|BodyPress,DracoMeteor,ElectroShot,FlashCannon|||M|||50|,,,,,Steel]Pelipper||FocusSash|Drizzle|WideGuard,Hurricane,WeatherBall,Protect|||M|||50|,,,,,Ghost]Salamence||ChoiceScarf|Intimidate|DracoMeteor,Hurricane,AirSlash,Tailwind|||F|||50|,,,,,Flying]Farigiraf||Leftovers|ArmorTail|TrickRoom,AllySwitch,HyperVoice,Psyshock|||F|||50|,,,,,Normal]Ursaluna-Bloodmoon||LifeOrb|MindsEye|EarthPower,HyperVoice,BloodMoon,Protect|||M|||50|,,,,,Ghost]Amoonguss||SitrusBerry|Regenerator|Spore,RagePowder,PollenPuff,Protect|||F|||50|,,,,,Fairy
|
|t:|1756422780
|teamsize|p1|4
|teamsize|p2|4
|start
|switch|p1a: Rillaboom|Rillaboom, L50, F|100/100
|switch|p1b: Gholdengo|Gholdengo, L50|100/100
|switch|p2a: Ursaluna|Ursaluna-Bloodmoon, L50, M|100/100
|switch|p2b: Pelipper|Pelipper, L50, M|100/100
|-fieldstart|move: Grassy Terrain|[from] ability: Grassy Surge|[of] p1a: Rillaboom
|-weather|RainDance|[from] ability: Drizzle|[of] p2b: Pelipper
|turn|1
|
|t:|1756422802
|-terastallize|p2a: Ursaluna|Ghost
|move|p2b: Pelipper|Wide Guard|p2b: Pelipper
|-singleturn|p2b: Pelipper|Wide Guard
|move|p1a: Rillaboom|Wood Hammer|p2a: Ursaluna
|-damage|p2a: Ursaluna|50/100
|-damage|p1a: Rillaboom|83/100|[from] Recoil
|move|p1b: Gholdengo|Make It Rain|p2a: Ursaluna|[spread] 
|-activate|p2a: Ursaluna|move: Wide Guard
|-activate|p2b: Pelipper|move: Wide Guard
|move|p2a: Ursaluna|Blood Moon|p1a: Rillaboom
|-damage|p1a: Rillaboom|0 fnt
|faint|p1a: Rillaboom
|-damage|p2a: Ursaluna|41/100|[from] item: Life Orb
|
|-weather|RainDance|[upkeep]
|-heal|p2a: Ursaluna|47/100|[from] Grassy Terrain
|upkeep
|
|t:|1756422820
|switch|p1a: Incineroar|Incineroar, L50, F|100/100
|-ability|p1a: Incineroar|Intimidate|boost
|-unboost|p2a: Ursaluna|atk|1
|-unboost|p2b: Pelipper|atk|1
|turn|2
|
|t:|1756422836
|move|p1b: Gholdengo|Protect|p1b: Gholdengo
|-singleturn|p1b: Gholdengo|Protect
|move|p2b: Pelipper|Protect||[still]
|-fail|p2b: Pelipper
|move|p2a: Ursaluna|Protect|p2a: Ursaluna
|-singleturn|p2a: Ursaluna|Protect
|move|p1a: Incineroar|Parting Shot|p2a: Ursaluna
|-activate|p2a: Ursaluna|move: Protect
|
|-weather|RainDance|[upkeep]
|-heal|p2a: Ursaluna|53/100|[from] Grassy Terrain
|upkeep
|turn|3
|
|t:|1756422877
|switch|p2a: Farigiraf|Farigiraf, L50, F|100/100
|-terastallize|p1b: Gholdengo|Water
|move|p1b: Gholdengo|Shadow Ball|p2a: Farigiraf
|-immune|p2a: Farigiraf
|move|p2b: Pelipper|Weather Ball|p1b: Gholdengo
|-resisted|p1b: Gholdengo
|-damage|p1b: Gholdengo|65/100
|move|p1a: Incineroar|Knock Off|p2b: Pelipper
|-damage|p2b: Pelipper|29/100
|-enditem|p2b: Pelipper|Focus Sash|[from] move: Knock Off|[of] p1a: Incineroar
|
|-weather|RainDance|[upkeep]
|-heal|p1b: Gholdengo|71/100|[from] Grassy Terrain
|upkeep
|turn|4
|
|t:|1756422902
|move|p2b: Pelipper|Protect|p2b: Pelipper
|-singleturn|p2b: Pelipper|Protect
|move|p1b: Gholdengo|Nasty Plot|p1b: Gholdengo
|-boost|p1b: Gholdengo|spa|2
|move|p1a: Incineroar|Knock Off|p2a: Farigiraf
|-supereffective|p2a: Farigiraf
|-damage|p2a: Farigiraf|8/100
|-enditem|p2a: Farigiraf|Leftovers|[from] move: Knock Off|[of] p1a: Incineroar
|move|p2a: Farigiraf|Trick Room|p2a: Farigiraf
|-fieldstart|move: Trick Room|[of] p2a: Farigiraf
|
|-weather|RainDance|[upkeep]
|-heal|p2a: Farigiraf|14/100|[from] Grassy Terrain
|-heal|p1b: Gholdengo|77/100|[from] Grassy Terrain
|upkeep
|turn|5
|
|t:|1756422945
|move|p1b: Gholdengo|Protect|p1b: Gholdengo
|-singleturn|p1b: Gholdengo|Protect
|move|p2a: Farigiraf|Hyper Voice|p1b: Gholdengo|[spread] p1a
|-activate|p1b: Gholdengo|move: Protect
|-damage|p1a: Incineroar|72/100
|move|p1a: Incineroar|Parting Shot|p2b: Pelipper
|-unboost|p2b: Pelipper|atk|1
|-unboost|p2b: Pelipper|spa|1
|
|t:|1756422953
|switch|p1a: Sneasler|Sneasler, L50, M|100/100|[from] Parting Shot
|-enditem|p1a: Sneasler|Grassy Seed
|-boost|p1a: Sneasler|def|1|[from] item: Grassy Seed
|move|p2b: Pelipper|Weather Ball|p1a: Sneasler
|-damage|p1a: Sneasler|40/100
|
|-weather|none
|-heal|p2a: Farigiraf|20/100|[from] Grassy Terrain
|-heal|p1b: Gholdengo|83/100|[from] Grassy Terrain
|-heal|p1a: Sneasler|46/100|[from] Grassy Terrain
|-fieldend|move: Grassy Terrain
|upkeep
|turn|6
|
|t:|1756422981
|switch|p2a: Amoonguss|Amoonguss, L50, F|100/100
|switch|p1a: Incineroar|Incineroar, L50, F|72/100
|-ability|p1a: Incineroar|Intimidate|boost
|-unboost|p2a: Amoonguss|atk|1
|-unboost|p2b: Pelipper|atk|1
|move|p2b: Pelipper|Protect|p2b: Pelipper
|-singleturn|p2b: Pelipper|Protect
|move|p1b: Gholdengo|Shadow Ball|p2b: Pelipper
|-activate|p2b: Pelipper|move: Protect
|
|upkeep
|turn|7
|
|t:|1756423016
|move|p2b: Pelipper|Protect||[still]
|-fail|p2b: Pelipper
|move|p2a: Amoonguss|Spore|p1b: Gholdengo
|-immune|p1b: Gholdengo|[from] ability: Good as Gold
|move|p1a: Incineroar|Flare Blitz|p2b: Pelipper
|-resisted|p2b: Pelipper
|-damage|p2b: Pelipper|0 fnt
|faint|p2b: Pelipper
|-damage|p1a: Incineroar|65/100|[from] Recoil
|move|p1b: Gholdengo|Nasty Plot|p1b: Gholdengo
|-boost|p1b: Gholdengo|spa|2
|
|upkeep
|-message|Light 1503 forfeited.
|
|win|WASHINGTONGARGACHA
|raw|WASHINGTONGARGACHA's rating: 1000 → 1040(+40 for winning)
|raw|Light 1503's rating: 1000 → 1000(+0 for losing)
