|j|☆G3N13
|j|☆bendixxjmw
|html|G3N13bendixxjmw    
|uhtml|bestof|Game 1 of a best-of-3
|t:|1784703168
|gametype|doubles
|player|p1|G3N13|n|1220
|player|p2|bendixxjmw|169|1398
|gen|9
|tier|[Gen 9 Champions] VGC 2026 Reg M-B (Bo3)
|rated|
|rule|Species Clause: Limit one of each Pokémon
|rule|Item Clause: Limit 1 of each item
|clearpoke
|poke|p1|Ninetales-Alola, L50, F|
|poke|p1|Gholdengo, L50|
|poke|p1|Garchomp, L50, F|
|poke|p1|Scovillain, L50, F|
|poke|p1|Sneasler, L50, F|
|poke|p1|Aerodactyl, L50, M|
|poke|p2|Annihilape, L50, M|
|poke|p2|Mawile, L50, M|
|poke|p2|Archaludon, L50, F|
|poke|p2|Pelipper, L50, M|
|poke|p2|Grimmsnarl, L50, M|
|poke|p2|Sinistcha, L50|
|teampreview|4
|showteam|p1|Ninetales-Alola||LightClay|SnowWarning|Moonblast,Protect,FreezeDry,AuroraVeil|Modest||F|||50|]Gholdengo||LifeOrb|GoodasGold|MakeItRain,ShadowBall,NastyPlot,Protect|Modest|||||50|]Garchomp||HabanBerry|RoughSkin|Earthquake,DragonClaw,Protect,RockSlide|Jolly||F|||50|]Scovillain||Scovillainite|Moody|Overheat,RagePowder,Protect,GigaDrain|Bold||F|||50|]Sneasler||WhiteHerb|Unburden|CloseCombat,DireClaw,FakeOut,Protect|Adamant||F|||50|]Aerodactyl||Aerodactylite|RockHead|Tailwind,RockSlide,DualWingbeat,Protect|Jolly||M|||50|
|showteam|p2|Annihilape||SitrusBerry|Defiant|Protect,DrainPunch,RageFist,BulkUp|Adamant||M|||50|]Mawile||Mawilite|Intimidate|PlayRough,RockSlide,SuckerPunch,Protect|Adamant||M|||50|]Archaludon||Leftovers|Stamina|ElectroShot,Protect,DragonPulse,FlashCannon|Modest||F|||50|]Pelipper||FocusSash|Drizzle|WideGuard,Protect,WeatherBall,Hurricane|Modest||M|||50|]Grimmsnarl||LightClay|Prankster|FakeOut,LightScreen,Reflect,PartingShot|Impish||M|||50|]Sinistcha||CobaBerry|Hospitality|TrickRoom,MatchaGotcha,Protect,RagePowder|Bold|||||50|
|
|t:|1784703206
|teamsize|p1|4
|teamsize|p2|4
|start
|switch|p1a: Sneasler|Sneasler, L50, F|100/100
|switch|p1b: Garchomp|Garchomp, L50, F|100/100
|switch|p2a: Grimmsnarl|Grimmsnarl, L50, M|100/100
|switch|p2b: Archaludon|Archaludon, L50, F|100/100
|turn|1
|inactive|Battle timer is ON: inactive players will automatically lose when time's up. (requested by bendixxjmw)
|inactive|G3N13 has 60 seconds left.
|
|t:|1784703247
|switch|p2b: Sinistcha|Sinistcha, L50|100/100
|move|p2a: Grimmsnarl|Reflect|p2a: Grimmsnarl
|-sidestart|p2: bendixxjmw|Reflect
|move|p1a: Sneasler|Close Combat|p2b: Sinistcha
|-immune|p2b: Sinistcha
|move|p1b: Garchomp|Earthquake|p2a: Grimmsnarl|[spread] p1a,p2a,p2b
|-supereffective|p1a: Sneasler|1
|-resisted|p2b: Sinistcha|1
|-damage|p1a: Sneasler|0 fnt
|-damage|p2a: Grimmsnarl|73/100
|-damage|p2b: Sinistcha|88/100
|faint|p1a: Sneasler
|
|upkeep
|
|t:|1784703253
|switch|p1a: Ninetales|Ninetales-Alola, L50, F|100/100
|-weather|Snowscape|[from] ability: Snow Warning|[of] p1a: Ninetales
|turn|2
|
|t:|1784703274
|move|p2a: Grimmsnarl|Parting Shot|p1a: Ninetales
|-unboost|p1a: Ninetales|atk|1
|-unboost|p1a: Ninetales|spa|1
|
|t:|1784703279
|switch|p2a: Pelipper|Pelipper, L50, M|100/100|[from] Parting Shot
|-weather|RainDance|[from] ability: Drizzle|[of] p2a: Pelipper
|move|p1b: Garchomp|Dragon Claw|p2b: Sinistcha
|-damage|p2b: Sinistcha|62/100
|move|p1a: Ninetales|Moonblast|p2a: Pelipper
|-damage|p2a: Pelipper|67/100
|move|p2b: Sinistcha|Trick Room|p2b: Sinistcha
|-fieldstart|move: Trick Room|[of] p2b: Sinistcha
|
|-weather|RainDance|[upkeep]
|upkeep
|turn|3
|
|t:|1784703303
|move|p2a: Pelipper|Weather Ball|p1b: Garchomp
|-damage|p1b: Garchomp|23/100
|move|p2b: Sinistcha|Matcha Gotcha|p1b: Garchomp|[spread] p1b
|-miss|p2b: Sinistcha|p1a: Ninetales
|-damage|p1b: Garchomp|0 fnt
|-heal|p2b: Sinistcha|74/100|[from] drain|[of] p1b: Garchomp
|faint|p1b: Garchomp
|move|p1a: Ninetales|Freeze-Dry|p2a: Pelipper
|-supereffective|p2a: Pelipper|2
|-damage|p2a: Pelipper|0 fnt
|faint|p2a: Pelipper
|
|-weather|RainDance|[upkeep]
|upkeep
|
|t:|1784703317
|switch|p2a: Archaludon|Archaludon, L50, F|100/100
|switch|p1b: Scovillain|Scovillain, L50, F|100/100
|turn|4
|
|t:|1784703325
|detailschange|p1b: Scovillain|Scovillain-Mega, L50, F
|-mega|p1b: Scovillain|Scovillain|Scovillainite
|move|p1b: Scovillain|Rage Powder|p1b: Scovillain
|-singleturn|p1b: Scovillain|move: Rage Powder
|move|p2b: Sinistcha|Matcha Gotcha|p1a: Ninetales|[spread] p1a,p1b
|-resisted|p1b: Scovillain|2
|-damage|p1a: Ninetales|76/100
|-heal|p2b: Sinistcha|85/100|[from] drain|[of] p1a: Ninetales
|-damage|p1b: Scovillain|94/100
|-heal|p2b: Sinistcha|88/100|[from] drain|[of] p1b: Scovillain
|-status|p2b: Sinistcha|brn|[from] ability: Spicy Spray|[of] p1b: Scovillain
|move|p2a: Archaludon|Electro Shot||[still]
|-prepare|p2a: Archaludon|Electro Shot
|-boost|p2a: Archaludon|spa|1
|-anim|p2a: Archaludon|Electro Shot|p1b: Scovillain
|-resisted|p1b: Scovillain|1
|-damage|p1b: Scovillain|64/100
|-status|p2a: Archaludon|brn|[from] ability: Spicy Spray|[of] p1b: Scovillain
|move|p1a: Ninetales|Freeze-Dry|p2b: Sinistcha
|-supereffective|p2b: Sinistcha|1
|-damage|p2b: Sinistcha|51/100 brn
|
|-weather|RainDance|[upkeep]
|-damage|p2b: Sinistcha|45/100 brn|[from] brn
|-damage|p2a: Archaludon|93/100 brn|[from] brn
|upkeep
|turn|5
|inactive|G3N13 has 30 seconds left.
|
|t:|1784703350
|move|p2b: Sinistcha|Matcha Gotcha|p1a: Ninetales|[spread] p1a,p1b
|-resisted|p1b: Scovillain|2
|-damage|p1a: Ninetales|53/100
|-heal|p2b: Sinistcha|56/100 brn|[from] drain|[of] p1a: Ninetales
|-damage|p1b: Scovillain|58/100
|-heal|p2b: Sinistcha|59/100 brn|[from] drain|[of] p1b: Scovillain
|move|p1b: Scovillain|Overheat|p2b: Sinistcha
|-supereffective|p2b: Sinistcha|1
|-damage|p2b: Sinistcha|4/100 brn
|-unboost|p1b: Scovillain|spa|2
|move|p2a: Archaludon|Electro Shot||[still]
|-prepare|p2a: Archaludon|Electro Shot
|-boost|p2a: Archaludon|spa|1
|-anim|p2a: Archaludon|Electro Shot|p1a: Ninetales
|-damage|p1a: Ninetales|0 fnt
|faint|p1a: Ninetales
|
|-weather|RainDance|[upkeep]
|-heal|p2a: Archaludon|100/100 brn|[from] item: Leftovers
|-damage|p2b: Sinistcha|0 fnt|[from] brn
|faint|p2b: Sinistcha
|-damage|p2a: Archaludon|93/100 brn|[from] brn
|upkeep
|
|t:|1784703362
|switch|p2b: Grimmsnarl|Grimmsnarl, L50, M|73/100
|turn|6
|
|t:|1784703375
|move|p2b: Grimmsnarl|Fake Out|p1b: Scovillain
|-damage|p1b: Scovillain|47/100
|-status|p2b: Grimmsnarl|brn|[from] ability: Spicy Spray|[of] p1b: Scovillain
|cant|p1b: Scovillain|flinch
|move|p2a: Archaludon|Electro Shot||[still]
|-prepare|p2a: Archaludon|Electro Shot
|-boost|p2a: Archaludon|spa|1
|-anim|p2a: Archaludon|Electro Shot|p1b: Scovillain
|-resisted|p1b: Scovillain|1
|-damage|p1b: Scovillain|0 fnt
|faint|p1b: Scovillain
|
|win|bendixxjmw
||G3N13 is ready for game 2.
|inactive|bendixxjmw has 30 seconds to confirm battle start!
||bendixxjmw is ready for game 2.
|uhtml|next|Next: Game 2 of 3
|l|☆bendixxjmw
|player|p2|
