|j|☆0001110101k
|j|☆Its Sushiii
|html|0001110101kIts Sushiii    
|uhtml|bestof|Game 1 of a best-of-3
|t:|1785342684
|gametype|doubles
|player|p1|0001110101k|janitor|1271
|player|p2|Its Sushiii|169|1406
|gen|9
|tier|[Gen 9 Champions] VGC 2026 Reg M-B (Bo3)
|rated|
|rule|Species Clause: Limit one of each Pokémon
|rule|Item Clause: Limit 1 of each item
|clearpoke
|poke|p1|Floette-Eternal, L50, F|
|poke|p1|Raichu, L50, M|
|poke|p1|Basculegion, L50, M|
|poke|p1|Kingambit, L50, F|
|poke|p1|Incineroar, L50, M|
|poke|p1|Whimsicott, L50, M|
|poke|p2|Staraptor, L50, M|
|poke|p2|Raichu, L50, F|
|poke|p2|Kingambit, L50, M|
|poke|p2|Arcanine-Hisui, L50, F|
|poke|p2|Farigiraf, L50, M|
|poke|p2|Sylveon, L50, F|
|teampreview|4
|showteam|p1|Floette-Eternal||Floettite|FlowerVeil|Moonblast,DrainingKiss,CalmMind,Protect|Timid||F|||50|]Raichu||RaichuniteY|LightningRod|ZapCannon,FocusBlast,Protect,FakeOut|Timid||M|||50|]Basculegion||MysticWater|Adaptability|Liquidation,LastRespects,AquaJet,Protect|Adamant||M|||50|]Kingambit||LifeOrb|Defiant|KowtowCleave,LowKick,SuckerPunch,Protect|Adamant||F|||50|]Incineroar||SitrusBerry|Intimidate|FlareBlitz,PartingShot,Protect,FakeOut|Adamant||M|||50|]Whimsicott||FocusSash|Prankster|Moonblast,Tailwind,Encore,Protect|Timid||M|||50|
|showteam|p2|Staraptor||Staraptite|Intimidate|BraveBird,CloseCombat,Tailwind,Protect|Jolly||M|||50|]Raichu||RaichuniteY|Static|ZapCannon,FocusBlast,FakeOut,Protect|Timid||F|||50|]Kingambit||LifeOrb|Defiant|KowtowCleave,SuckerPunch,SwordsDance,Protect|Adamant||M|||50|]Arcanine-Hisui||FocusSash|RockHead|FlareBlitz,HeadSmash,ExtremeSpeed,Protect|Jolly||F|||50|]Farigiraf||SitrusBerry|ArmorTail|Psychic,HelpingHand,TrickRoom,Protect|Bold||M|||50|]Sylveon||FairyFeather|Pixilate|HyperVoice,HyperBeam,QuickAttack,Protect|Modest||F|||50|
|inactive|Battle timer is ON: inactive players will automatically lose when time's up. (requested by Its Sushiii)
|inactive|0001110101k has 60 seconds left.
|inactive|Its Sushiii has 60 seconds left.
|inactive|Its Sushiii has 30 seconds left.
|inactive|Its Sushiii has 20 seconds left.
|inactive|Its Sushiii has 15 seconds left.
|
|t:|1785342775
|teamsize|p1|4
|teamsize|p2|4
|start
|switch|p1a: Raichu|Raichu, L50, M|100/100
|switch|p1b: Kingambit|Kingambit, L50, F|100/100
|switch|p2a: Raichu|Raichu, L50, F|100/100
|switch|p2b: Arcanine|Arcanine-Hisui, L50, F|100/100
|turn|1
|inactive|0001110101k has 30 seconds left.
|inactive|Its Sushiii has 30 seconds left.
|
|t:|1785342808
|detailschange|p1a: Raichu|Raichu-Mega-Y, L50, M
|-mega|p1a: Raichu|Raichu|Raichunite Y
|detailschange|p2a: Raichu|Raichu-Mega-Y, L50, F
|-mega|p2a: Raichu|Raichu|Raichunite Y
|move|p1a: Raichu|Protect|p1a: Raichu
|-singleturn|p1a: Raichu|Protect
|move|p1b: Kingambit|Protect|p1b: Kingambit
|-singleturn|p1b: Kingambit|Protect
|move|p2a: Raichu|Fake Out|p1a: Raichu
|-activate|p1a: Raichu|move: Protect
|move|p2b: Arcanine|Flare Blitz|p1b: Kingambit
|-activate|p1b: Kingambit|move: Protect
|
|upkeep
|turn|2
|inactive|0001110101k has 30 seconds left.
|inactive|Its Sushiii has 30 seconds left.
|
|t:|1785342840
|move|p2b: Arcanine|Protect|p2b: Arcanine
|-singleturn|p2b: Arcanine|Protect
|move|p1b: Kingambit|Sucker Punch||[still]
|-fail|p1b: Kingambit
|move|p1a: Raichu|Focus Blast|p2b: Arcanine
|-activate|p2b: Arcanine|move: Protect
|move|p2a: Raichu|Focus Blast|p1b: Kingambit
|-supereffective|p1b: Kingambit|2
|-damage|p1b: Kingambit|0 fnt
|faint|p1b: Kingambit
|
|upkeep
|
|t:|1785342847
|switch|p1b: Whimsicott|Whimsicott, L50, M|100/100
|turn|3
|inactive|Its Sushiii has 30 seconds left.
|
|t:|1785342876
|move|p1b: Whimsicott|Encore|p2b: Arcanine
|-start|p2b: Arcanine|Encore
|move|p2b: Arcanine|Protect||[still]
|-fail|p2b: Arcanine
|move|p1a: Raichu|Focus Blast|p2a: Raichu
|-damage|p2a: Raichu|43/100
|-unboost|p2a: Raichu|spd|1
|move|p2a: Raichu|Zap Cannon|p1b: Whimsicott
|-resisted|p1b: Whimsicott|1
|-damage|p1b: Whimsicott|49/100
|-status|p1b: Whimsicott|par
|
|upkeep
|turn|4
|inactive|Its Sushiii has 30 seconds left.
|inactive|Its Sushiii has 20 seconds left.
|
|t:|1785342911
|switch|p2b: Farigiraf|Farigiraf, L50, M|100/100
|move|p2a: Raichu|Protect|p2a: Raichu
|-singleturn|p2a: Raichu|Protect
|move|p1b: Whimsicott|Tailwind|p1b: Whimsicott
|-sidestart|p1: 0001110101k|move: Tailwind
|move|p1a: Raichu|Zap Cannon|p2b: Farigiraf
|-damage|p2b: Farigiraf|44/100
|-status|p2b: Farigiraf|par
|-enditem|p2b: Farigiraf|Sitrus Berry|[eat]
|-heal|p2b: Farigiraf|68/100 par|[from] item: Sitrus Berry
|
|upkeep
|turn|5
|inactive|0001110101k has 30 seconds left.
|inactive|0001110101k has 20 seconds left.
|inactive|0001110101k has 15 seconds left.
|
|t:|1785342952
|move|p1a: Raichu|Zap Cannon|p2a: Raichu
|-resisted|p2a: Raichu|1
|-crit|p2a: Raichu
|-damage|p2a: Raichu|0 fnt
|faint|p2a: Raichu
|move|p1b: Whimsicott|Moonblast|p2b: Farigiraf
|-damage|p2b: Farigiraf|40/100 par
|cant|p2b: Farigiraf|par
|
|upkeep
|
|t:|1785342975
|switch|p2a: Sylveon|Sylveon, L50, F|100/100
|turn|6
|inactive|0001110101k has 30 seconds left.
|
|t:|1785343004
|move|p2b: Farigiraf|Protect|p2b: Farigiraf
|-singleturn|p2b: Farigiraf|Protect
|move|p1a: Raichu|Zap Cannon|p2a: Sylveon
|-damage|p2a: Sylveon|48/100
|-status|p2a: Sylveon|par
|move|p1b: Whimsicott|Moonblast|p2a: Sylveon
|-damage|p2a: Sylveon|19/100 par
|move|p2a: Sylveon|Hyper Beam|p1a: Raichu
|-damage|p1a: Raichu|0 fnt
|-mustrecharge|p2a: Sylveon
|faint|p1a: Raichu
|
|upkeep
|
|t:|1785343014
|switch|p1a: Basculegion|Basculegion, L50, M|100/100
|turn|7
|inactive|Its Sushiii has 30 seconds left.
|
|t:|1785343042
|move|p1a: Basculegion|Liquidation|p2b: Farigiraf
|-damage|p2b: Farigiraf|0 fnt
|faint|p2b: Farigiraf
|move|p1b: Whimsicott|Moonblast|p2a: Sylveon
|-damage|p2a: Sylveon|0 fnt
|faint|p2a: Sylveon
|
|-sideend|p1: 0001110101k|move: Tailwind
|upkeep
|
|t:|1785343051
|switch|p2b: Arcanine|Arcanine-Hisui, L50, F|100/100
|turn|8
|
|t:|1785343072
|move|p1b: Whimsicott|Tailwind|p1b: Whimsicott
|-sidestart|p1: 0001110101k|move: Tailwind
|move|p1a: Basculegion|Liquidation|p2b: Arcanine
|-supereffective|p2b: Arcanine|2
|-crit|p2b: Arcanine
|-enditem|p2b: Arcanine|Focus Sash
|-damage|p2b: Arcanine|1/100
|-unboost|p2b: Arcanine|def|1
|move|p2b: Arcanine|Head Smash|p1a: Basculegion
|-damage|p1a: Basculegion|17/100
|
|upkeep
|turn|9
|-message|Its Sushiii forfeited.
|
|win|0001110101k
||0001110101k is ready for game 2.
||Its Sushiii is ready for game 2.
|uhtml|next|Next: Game 2 of 3
|l|☆0001110101k
|player|p1|
