|j|☆varrun
|j|☆Oldarbladeborn
|html|varrunOldarbladeborn    
|uhtml|bestof|Game 2 of a best-of-3
|t:|1757057619
|gametype|doubles
|player|p1|varrun|265|1079
|player|p2|Oldarbladeborn|1|1028
|gen|9
|tier|[Gen 9] VGC 2025 Reg H (Bo3)
|rated|
|rule|Species Clause: Limit one of each Pokémon
|rule|Item Clause: Limit 1 of each item
|clearpoke
|poke|p1|Archaludon, L50, F|
|poke|p1|Pelipper, L50, F|
|poke|p1|Basculegion, L50, M|
|poke|p1|Amoonguss, L50, F|
|poke|p1|Incineroar, L50, F|
|poke|p1|Gholdengo, L50|
|poke|p2|Archaludon, L50, F|
|poke|p2|Dragonite, L50, F|
|poke|p2|Pelipper, L50, F|
|poke|p2|Basculegion, L50, M|
|poke|p2|Incineroar, L50, F|
|poke|p2|Amoonguss, L50, F|
|teampreview|4
|showteam|p1|Archaludon||AssaultVest|Stamina|DragonPulse,ElectroShot,FlashCannon,BodyPress|||F|||50|,,,,,Bug]Pelipper||FocusSash|Drizzle|WeatherBall,Hurricane,Tailwind,Protect|||F|||50|,,,,,Ground]Basculegion||ChoiceBand|SwiftSwim|WaveCrash,LastRespects,AquaJet,FlipTurn|||M|||50|,,,,,Grass]Amoonguss||CovertCloak|Regenerator|PollenPuff,RagePowder,Spore,Protect|||F|||50|,,,,,Water]Incineroar||SafetyGoggles|Intimidate|KnockOff,FakeOut,PartingShot,Taunt|||F|||50|,,,,,Ghost]Gholdengo||LifeOrb|GoodasGold|MakeItRain,ShadowBall,NastyPlot,Protect||||||50|,,,,,Water
|showteam|p2|Archaludon||PowerHerb|Stalwart|AuraSphere,ElectroShot,DragonPulse,Protect|||F|||50|,,,,,Bug]Dragonite||LoadedDice|Multiscale|LowKick,ScaleShot,Protect,TeraBlast|||F|||50|,,,,,Flying]Pelipper||FocusSash|Drizzle|Tailwind,Hurricane,WeatherBall,Protect|||F|||50|,,,,,Grass]Basculegion||LifeOrb|SwiftSwim|WaveCrash,Protect,FlipTurn,AquaJet|||M|||50|,,,,,Water]Incineroar||SafetyGoggles|Intimidate|FakeOut,PartingShot,KnockOff,Taunt|||F|||50|,,,,,Ghost]Amoonguss||MentalHerb|Regenerator|SludgeBomb,Spore,RagePowder,Protect|||F|||50|,,,,,Fire
|inactive|Battle timer is ON: inactive players will automatically lose when time's up. (requested by Oldarbladeborn)
|inactive|varrun has 60 seconds left.
|inactive|Oldarbladeborn has 60 seconds left.
|inactive|varrun has 30 seconds left.
|inactive|varrun has 20 seconds left.
|inactive|varrun has 15 seconds left.
|inactive|varrun has 10 seconds left.
|inactive|varrun has 5 seconds left.
|
|t:|1757057709
|teamsize|p1|4
|teamsize|p2|4
|start
|switch|p1a: Pelipper|Pelipper, L50, F|100/100
|switch|p1b: Archaludon|Archaludon, L50, F|100/100
|switch|p2a: Basculegion|Basculegion, L50, M|100/100
|switch|p2b: Incineroar|Incineroar, L50, F|100/100
|-weather|RainDance|[from] ability: Drizzle|[of] p1a: Pelipper
|-ability|p2b: Incineroar|Intimidate|boost
|-unboost|p1a: Pelipper|atk|1
|-unboost|p1b: Archaludon|atk|1
|turn|1
|inactive|varrun has 30 seconds left.
|inactive|Oldarbladeborn has 30 seconds left.
|inactive|varrun has 20 seconds left.
|inactive|Oldarbladeborn has 20 seconds left.
|inactive|varrun has 15 seconds left.
|inactive|varrun has 10 seconds left.
|inactive|varrun has 5 seconds left.
|
|t:|1757057761
|move|p1a: Pelipper|Protect|p1a: Pelipper
|-singleturn|p1a: Pelipper|Protect
|move|p2b: Incineroar|Fake Out|p1b: Archaludon
|-resisted|p1b: Archaludon
|-damage|p1b: Archaludon|97/100
|-ability|p1b: Archaludon|Stamina|boost
|-boost|p1b: Archaludon|def|1
|move|p2a: Basculegion|Flip Turn|p1a: Pelipper
|-activate|p1a: Pelipper|move: Protect
|cant|p1b: Archaludon|flinch
|
|-weather|RainDance|[upkeep]
|upkeep
|turn|2
|inactive|varrun has 30 seconds left.
|inactive|Oldarbladeborn has 30 seconds left.
|
|t:|1757057796
|move|p2a: Basculegion|Protect|p2a: Basculegion
|-singleturn|p2a: Basculegion|Protect
|move|p1a: Pelipper|Hurricane|p2a: Basculegion
|-activate|p2a: Basculegion|move: Protect
|move|p1b: Archaludon|Electro Shot||[still]
|-prepare|p1b: Archaludon|Electro Shot
|-boost|p1b: Archaludon|spa|1
|-anim|p1b: Archaludon|Electro Shot|p2b: Incineroar
|-damage|p2b: Incineroar|58/100
|move|p2b: Incineroar|Parting Shot|p1b: Archaludon
|-unboost|p1b: Archaludon|atk|1
|-unboost|p1b: Archaludon|spa|1
|
|t:|1757057810
|switch|p2b: Archaludon|Archaludon, L50, F|100/100|[from] Parting Shot
|
|-weather|RainDance|[upkeep]
|upkeep
|turn|3
|inactive|varrun has 30 seconds left.
|inactive|varrun has 20 seconds left.
|inactive|varrun has 15 seconds left.
|inactive|varrun has 10 seconds left.
|inactive|varrun has 5 seconds left.
|
|t:|1757057865
|move|p2b: Archaludon|Protect|p2b: Archaludon
|-singleturn|p2b: Archaludon|Protect
|move|p2a: Basculegion|Flip Turn|p1a: Pelipper
|-resisted|p1a: Pelipper
|-damage|p1a: Pelipper|63/100
|-damage|p2a: Basculegion|91/100|[from] item: Life Orb
|
|t:|1757057876
|switch|p2a: Incineroar|Incineroar, L50, F|58/100|[from] Flip Turn
|-ability|p2a: Incineroar|Intimidate|boost
|-unboost|p1a: Pelipper|atk|1
|-unboost|p1b: Archaludon|atk|1
|move|p1a: Pelipper|Weather Ball|p2b: Archaludon
|-activate|p2b: Archaludon|move: Protect
|move|p1b: Archaludon|Dragon Pulse|p2b: Archaludon
|-activate|p2b: Archaludon|move: Protect
|
|-weather|RainDance|[upkeep]
|upkeep
|turn|4
|inactive|varrun has 30 seconds left.
|inactive|varrun has 20 seconds left.
|
|t:|1757057914
|-terastallize|p2b: Archaludon|Bug
|-terastallize|p1b: Archaludon|Bug
|move|p1a: Pelipper|Protect|p1a: Pelipper
|-singleturn|p1a: Pelipper|Protect
|move|p2a: Incineroar|Fake Out|p1a: Pelipper
|-activate|p1a: Pelipper|move: Protect
|move|p2b: Archaludon|Aura Sphere|p1b: Archaludon
|-resisted|p1b: Archaludon
|-damage|p1b: Archaludon|83/100
|-ability|p1b: Archaludon|Stamina|boost
|-boost|p1b: Archaludon|def|1
|move|p1b: Archaludon|Electro Shot||[still]
|-prepare|p1b: Archaludon|Electro Shot
|-boost|p1b: Archaludon|spa|1
|-anim|p1b: Archaludon|Electro Shot|p2a: Incineroar
|-damage|p2a: Incineroar|16/100
|
|-weather|RainDance|[upkeep]
|upkeep
|turn|5
|inactive|varrun has 30 seconds left.
|inactive|Oldarbladeborn has 30 seconds left.
|inactive|varrun has 20 seconds left.
|inactive|varrun has 15 seconds left.
|
|t:|1757057959
|move|p2b: Archaludon|Protect|p2b: Archaludon
|-singleturn|p2b: Archaludon|Protect
|move|p1a: Pelipper|Hurricane|p2b: Archaludon
|-activate|p2b: Archaludon|move: Protect
|move|p1b: Archaludon|Electro Shot||[still]
|-prepare|p1b: Archaludon|Electro Shot
|-boost|p1b: Archaludon|spa|1
|-anim|p1b: Archaludon|Electro Shot|p2b: Archaludon
|-activate|p2b: Archaludon|move: Protect
|move|p2a: Incineroar|Knock Off|p1b: Archaludon
|-damage|p1b: Archaludon|70/100
|-ability|p1b: Archaludon|Stamina|boost
|-boost|p1b: Archaludon|def|1
|-enditem|p1b: Archaludon|Assault Vest|[from] move: Knock Off|[of] p2a: Incineroar
|
|-weather|none
|upkeep
|turn|6
|inactive|varrun has 30 seconds left.
|inactive|Oldarbladeborn has 30 seconds left.
|inactive|Oldarbladeborn has 20 seconds left.
|inactive|Oldarbladeborn has 15 seconds left.
|
|t:|1757058002
|switch|p2b: Pelipper|Pelipper, L50, F|100/100
|-weather|RainDance|[from] ability: Drizzle|[of] p2b: Pelipper
|move|p1a: Pelipper|Hurricane|p2b: Pelipper
|-damage|p2b: Pelipper|18/100
|move|p1b: Archaludon|Dragon Pulse|p2a: Incineroar
|-damage|p2a: Incineroar|0 fnt
|faint|p2a: Incineroar
|
|-weather|RainDance|[upkeep]
|upkeep
|
|t:|1757058020
|switch|p2a: Basculegion|Basculegion, L50, M|91/100
|turn|7
|inactive|varrun has 30 seconds left.
|inactive|varrun has 20 seconds left.
|inactive|varrun has 15 seconds left.
|inactive|varrun has 10 seconds left.
|inactive|varrun has 5 seconds left.
|
|t:|1757058076
|switch|p1b: Incineroar|Incineroar, L50, F|100/100
|-ability|p1b: Incineroar|Intimidate|boost
|-unboost|p2a: Basculegion|atk|1
|-unboost|p2b: Pelipper|atk|1
|move|p2b: Pelipper|Protect|p2b: Pelipper
|-singleturn|p2b: Pelipper|Protect
|move|p2a: Basculegion|Wave Crash|p1a: Pelipper
|-resisted|p1a: Pelipper
|-damage|p1a: Pelipper|12/100
|-damage|p2a: Basculegion|79/100|[from] Recoil
|-damage|p2a: Basculegion|69/100|[from] item: Life Orb
|move|p1a: Pelipper|Weather Ball|p2b: Pelipper
|-activate|p2b: Pelipper|move: Protect
|
|-weather|RainDance|[upkeep]
|upkeep
|turn|8
|inactive|varrun has 30 seconds left.
|inactive|Oldarbladeborn has 30 seconds left.
|inactive|varrun has 20 seconds left.
|inactive|varrun has 15 seconds left.
|inactive|varrun has 10 seconds left.
|
|t:|1757058123
|switch|p1b: Archaludon|Archaludon, L50, F, tera:Bug|70/100
|move|p2a: Basculegion|Flip Turn|p1a: Pelipper
|-resisted|p1a: Pelipper
|-damage|p1a: Pelipper|0 fnt
|faint|p1a: Pelipper
|-damage|p2a: Basculegion|59/100|[from] item: Life Orb
|
|t:|1757058130
|switch|p2a: Archaludon|Archaludon, L50, F, tera:Bug|100/100|[from] Flip Turn
|move|p2b: Pelipper|Tailwind|p2b: Pelipper
|-sidestart|p2: Oldarbladeborn|move: Tailwind
|
|-weather|RainDance|[upkeep]
|upkeep
|
|t:|1757058139
|switch|p1a: Basculegion|Basculegion, L50, M|100/100
|turn|9
|inactive|Oldarbladeborn has 30 seconds left.
|inactive|Oldarbladeborn has 20 seconds left.
|inactive|Oldarbladeborn has 15 seconds left.
|inactive|Oldarbladeborn has 10 seconds left.
|
|t:|1757058186
|move|p2a: Archaludon|Electro Shot||[still]
|-prepare|p2a: Archaludon|Electro Shot
|-boost|p2a: Archaludon|spa|1
|-anim|p2a: Archaludon|Electro Shot|p1b: Archaludon
|-damage|p1b: Archaludon|0 fnt
|faint|p1b: Archaludon
|move|p2b: Pelipper|Hurricane|p1a: Basculegion
|-damage|p1a: Basculegion|50/100
|move|p1a: Basculegion|Wave Crash|p2a: Archaludon
|-damage|p2a: Archaludon|0 fnt
|faint|p2a: Archaludon
|-damage|p1a: Basculegion|24/100|[from] Recoil
|
|-weather|RainDance|[upkeep]
|upkeep
|
|t:|1757058203
|switch|p2a: Basculegion|Basculegion, L50, M|59/100
|switch|p1b: Incineroar|Incineroar, L50, F|100/100
|-ability|p1b: Incineroar|Intimidate|boost
|-unboost|p2a: Basculegion|atk|1
|-unboost|p2b: Pelipper|atk|1
|turn|10
|inactive|varrun has 30 seconds left.
|inactive|Oldarbladeborn has 30 seconds left.
|inactive|varrun has 20 seconds left.
|
|t:|1757058241
|move|p2b: Pelipper|Protect|p2b: Pelipper
|-singleturn|p2b: Pelipper|Protect
|move|p1b: Incineroar|Fake Out|p2b: Pelipper
|-activate|p2b: Pelipper|move: Protect
|move|p2a: Basculegion|Wave Crash|p1a: Basculegion
|-resisted|p1a: Basculegion
|-damage|p1a: Basculegion|0 fnt
|faint|p1a: Basculegion
|-damage|p2a: Basculegion|51/100|[from] Recoil
|-damage|p2a: Basculegion|42/100|[from] item: Life Orb
|
|-weather|none
|upkeep
|turn|11
|inactive|varrun has 20 seconds left this turn.
|inactive|varrun has 15 seconds left.
|inactive|varrun has 10 seconds left.
|inactive|Oldarbladeborn has 30 seconds left.
|inactive|Oldarbladeborn has 20 seconds left.
|
|t:|1757058278
|move|p2a: Basculegion|Protect|p2a: Basculegion
|-singleturn|p2a: Basculegion|Protect
|move|p2b: Pelipper|Hurricane|p1b: Incineroar
|-damage|p1b: Incineroar|63/100
|move|p1b: Incineroar|Knock Off|p2a: Basculegion
|-activate|p2a: Basculegion|move: Protect
|
|-sideend|p2: Oldarbladeborn|move: Tailwind
|upkeep
|turn|12
|inactive|varrun has 10 seconds left this turn.
|inactive|varrun has 5 seconds left.
|c|☆Oldarbladeborn|gg
|-message|varrun lost due to inactivity.
|
|win|Oldarbladeborn
|raw|varrun's rating: 1079 → 1054(-25 for losing)
|raw|Oldarbladeborn's rating: 1028 → 1069(+41 for winning)
