|j|☆GoPlayCatch
|j|☆eklyst
|html|GoPlayCatcheklyst    
|uhtml|bestof|Game 1 of a best-of-3
|t:|1783718523
|gametype|doubles
|player|p1|GoPlayCatch|266|1233
|player|p2|eklyst|pokemaniac|1177
|gen|9
|tier|[Gen 9 Champions] VGC 2026 Reg M-B (Bo3)
|rated|
|rule|Species Clause: Limit one of each Pokémon
|rule|Item Clause: Limit 1 of each item
|clearpoke
|poke|p1|Houndoom, L50, F|
|poke|p1|Venusaur, L50, M|
|poke|p1|Torkoal, L50, F|
|poke|p1|Quaquaval, L50, M|
|poke|p1|Tinkaton, L50, F|
|poke|p1|Whimsicott, L50, F|
|poke|p2|Metagross, L50|
|poke|p2|Floette-Eternal, L50, F|
|poke|p2|Garchomp, L50, F|
|poke|p2|Aerodactyl, L50, M|
|poke|p2|Sinistcha, L50|
|poke|p2|Incineroar, L50, F|
|teampreview|4
|showteam|p1|Houndoom||Houndoominite|FlashFire|DarkPulse,HeatWave,Protect,Overheat|Timid||F|||50|]Venusaur||Venusaurite|Chlorophyll|GigaDrain,SludgeBomb,EarthPower,Protect|Modest||M|||50|]Torkoal||Charcoal|Drought|Eruption,WeatherBall,HelpingHand,Protect|Quiet||F|||50|]Quaquaval||LifeOrb|Moxie|AquaStep,CloseCombat,IceSpinner,Protect|Adamant||M|||50|]Tinkaton||OccaBerry|MoldBreaker|GigatonHammer,FakeOut,Feint,Protect|Impish||F|||50|]Whimsicott||FocusSash|Prankster|Moonblast,Tailwind,Encore,SunnyDay|Timid||F|||50|
|showteam|p2|Metagross||Metagrossite|ClearBody|IronHead,BulletPunch,PsychicFangs,Protect|Adamant|||||50|]Floette-Eternal||Floettite|FlowerVeil|Moonblast,DazzlingGleam,CalmMind,Protect|Modest||F|||50|]Garchomp||LifeOrb|RoughSkin|RockSlide,StompingTantrum,DragonClaw,Protect|Jolly||F|||50|]Aerodactyl||FocusSash|Unnerve|RockSlide,DualWingbeat,Tailwind,Protect|Jolly||M|||50|]Sinistcha||KasibBerry|Hospitality|MatchaGotcha,TrickRoom,RagePowder,Protect|Relaxed|||||50|]Incineroar||SitrusBerry|Intimidate|FakeOut,FlareBlitz,ThroatChop,PartingShot|Adamant||F|||50|
|inactive|Battle timer is ON: inactive players will automatically lose when time's up. (requested by eklyst)
|inactive|GoPlayCatch has 60 seconds left.
|inactive|eklyst has 60 seconds left.
|
|t:|1783718565
|teamsize|p1|4
|teamsize|p2|4
|start
|switch|p1a: Tinkaton|Tinkaton, L50, F|100/100
|switch|p1b: Quaquaval|Quaquaval, L50, M|100/100
|switch|p2a: Aerodactyl|Aerodactyl, L50, M|100/100
|switch|p2b: Incineroar|Incineroar, L50, F|100/100
|-ability|p2a: Aerodactyl|Unnerve
|-ability|p1a: Tinkaton|Mold Breaker
|-ability|p2b: Incineroar|Intimidate|boost
|-unboost|p1a: Tinkaton|atk|1
|-unboost|p1b: Quaquaval|atk|1
|turn|1
|
|t:|1783718581
|move|p1a: Tinkaton|Fake Out|p2b: Incineroar
|-damage|p2b: Incineroar|94/100
|cant|p2b: Incineroar|flinch
|move|p2a: Aerodactyl|Dual Wingbeat|p1b: Quaquaval
|-supereffective|p1b: Quaquaval|1
|-damage|p1b: Quaquaval|54/100
|-supereffective|p1b: Quaquaval|1
|-damage|p1b: Quaquaval|5/100
|-hitcount|p1b: Quaquaval|2
|move|p1b: Quaquaval|Aqua Step|p2a: Aerodactyl
|-supereffective|p2a: Aerodactyl|1
|-enditem|p2a: Aerodactyl|Focus Sash
|-damage|p2a: Aerodactyl|1/100
|-boost|p1b: Quaquaval|spe|1
|-damage|p1b: Quaquaval|0 fnt|[from] item: Life Orb
|faint|p1b: Quaquaval
|
|upkeep
|inactive|GoPlayCatch has 30 seconds left.
|
|t:|1783718607
|switch|p1b: Houndoom|Houndoom, L50, F|100/100
|turn|2
|
|t:|1783718617
|move|p1a: Tinkaton|Feint|p2a: Aerodactyl
|-resisted|p2a: Aerodactyl|1
|-damage|p2a: Aerodactyl|0 fnt
|faint|p2a: Aerodactyl
|move|p1b: Houndoom|Dark Pulse|p2b: Incineroar
|-resisted|p2b: Incineroar|1
|-damage|p2b: Incineroar|77/100
|move|p2b: Incineroar|Parting Shot|p1b: Houndoom
|-unboost|p1b: Houndoom|atk|1
|-unboost|p1b: Houndoom|spa|1
|
|t:|1783718627
|switch|p2b: Garchomp|Garchomp, L50, F|100/100|[from] Parting Shot
|
|upkeep
|
|t:|1783718630
|switch|p2a: Incineroar|Incineroar, L50, F|77/100
|-ability|p2a: Incineroar|Intimidate|boost
|-unboost|p1a: Tinkaton|atk|1
|-unboost|p1b: Houndoom|atk|1
|turn|3
|
|t:|1783718639
|switch|p1b: Whimsicott|Whimsicott, L50, F|100/100
|move|p1a: Tinkaton|Protect|p1a: Tinkaton
|-singleturn|p1a: Tinkaton|Protect
|move|p2a: Incineroar|Fake Out|p1a: Tinkaton
|-activate|p1a: Tinkaton|move: Protect
|move|p2b: Garchomp|Stomping Tantrum|p1b: Whimsicott
|-resisted|p1b: Whimsicott|1
|-damage|p1b: Whimsicott|66/100
|-damage|p2b: Garchomp|90/100|[from] item: Life Orb
|
|upkeep
|turn|4
|inactive|GoPlayCatch has 30 seconds left.
|inactive|GoPlayCatch has 20 seconds left.
|inactive|GoPlayCatch has 15 seconds left.
|inactive|GoPlayCatch has 10 seconds left.
|
|t:|1783718685
|switch|p2b: Metagross|Metagross, L50|100/100
|move|p1b: Whimsicott|Moonblast|p2b: Metagross
|-resisted|p2b: Metagross|1
|-damage|p2b: Metagross|80/100
|move|p1a: Tinkaton|Gigaton Hammer|p2b: Metagross
|-resisted|p2b: Metagross|1
|-damage|p2b: Metagross|69/100
|move|p2a: Incineroar|Flare Blitz|p1b: Whimsicott
|-supereffective|p1b: Whimsicott|1
|-damage|p1b: Whimsicott|0 fnt
|faint|p1b: Whimsicott
|-damage|p2a: Incineroar|61/100|[from] Recoil
|
|upkeep
|
|t:|1783718698
|switch|p1b: Houndoom|Houndoom, L50, F|100/100
|turn|5
|
|t:|1783718708
|detailschange|p1b: Houndoom|Houndoom-Mega, L50, F
|-mega|p1b: Houndoom|Houndoom|Houndoominite
|detailschange|p2b: Metagross|Metagross-Mega, L50
|-mega|p2b: Metagross|Metagross|Metagrossite
|move|p1a: Tinkaton|Feint|p2b: Metagross
|-resisted|p2b: Metagross|1
|-damage|p2b: Metagross|67/100
|move|p2b: Metagross|Bullet Punch|p1b: Houndoom
|-resisted|p1b: Houndoom|1
|-damage|p1b: Houndoom|80/100
|move|p1b: Houndoom|Heat Wave|p2b: Metagross|[spread] p2a,p2b
|-resisted|p2a: Incineroar|1
|-supereffective|p2b: Metagross|1
|-damage|p2a: Incineroar|46/100
|-damage|p2b: Metagross|0 fnt
|-enditem|p2a: Incineroar|Sitrus Berry|[eat]
|-heal|p2a: Incineroar|71/100|[from] item: Sitrus Berry
|faint|p2b: Metagross
|move|p2a: Incineroar|Flare Blitz|p1a: Tinkaton
|-supereffective|p1a: Tinkaton|1
|-enditem|p1a: Tinkaton|Occa Berry|[eat]
|-enditem|p1a: Tinkaton|Occa Berry|[weaken]
|-damage|p1a: Tinkaton|44/100
|-damage|p2a: Incineroar|53/100|[from] Recoil
|
|upkeep
|
|t:|1783718719
|switch|p2b: Garchomp|Garchomp, L50, F|90/100
|turn|6
|
|t:|1783718737
|move|p1b: Houndoom|Protect|p1b: Houndoom
|-singleturn|p1b: Houndoom|Protect
|move|p2b: Garchomp|Stomping Tantrum|p1b: Houndoom
|-activate|p1b: Houndoom|move: Protect
|move|p1a: Tinkaton|Gigaton Hammer|p2b: Garchomp
|-damage|p2b: Garchomp|64/100
|move|p2a: Incineroar|Flare Blitz|p1a: Tinkaton
|-supereffective|p1a: Tinkaton|1
|-damage|p1a: Tinkaton|0 fnt
|faint|p1a: Tinkaton
|-damage|p2a: Incineroar|40/100|[from] Recoil
|
|upkeep
|turn|7
|
|t:|1783718751
|move|p1b: Houndoom|Overheat|p2b: Garchomp|[miss]
|-miss|p1b: Houndoom|p2b: Garchomp
|move|p2b: Garchomp|Stomping Tantrum|p1b: Houndoom
|-supereffective|p1b: Houndoom|1
|-damage|p1b: Houndoom|0 fnt
|faint|p1b: Houndoom
|-damage|p2b: Garchomp|54/100|[from] item: Life Orb
|
|win|eklyst
||GoPlayCatch is ready for game 2.
|inactive|eklyst has 30 seconds to confirm battle start!
||eklyst is ready for game 2.
|uhtml|next|Next: Game 2 of 3
|l|☆GoPlayCatch
|player|p1|
