|j|☆hypergamer_2422
|j|☆burgertime7904
|html|hypergamer_2422burgertime7904    
|uhtml|bestof|Game 2 of a best-of-3
|t:|1783440638
|gametype|doubles
|player|p1|hypergamer_2422|pokemaniac|
|player|p2|burgertime7904|266|
|gen|9
|tier|[Gen 9 Champions] VGC 2026 Reg M-B (Bo3)
|rule|Species Clause: Limit one of each Pokémon
|rule|Item Clause: Limit 1 of each item
|clearpoke
|poke|p1|Staraptor, L50, F|
|poke|p1|Ditto, L50|
|poke|p1|Grimmsnarl, L50, M|
|poke|p1|Garchomp, L50, F|
|poke|p1|Goodra-Hisui, L50, F|
|poke|p1|Espathra, L50, F|
|poke|p2|Floette-Eternal, L50, F|
|poke|p2|Incineroar, L50, F|
|poke|p2|Sinistcha-Masterpiece, L50|
|poke|p2|Sneasler, L50, M|
|poke|p2|Kingambit, L50, M|
|poke|p2|Basculegion, L50, M|
|teampreview|4
|showteam|p1|Staraptor||Staraptite|Intimidate|CloseCombat,Facade,Protect,BraveBird|Jolly||F|||50|]Ditto||FocusSash|Imposter|Transform|Relaxed|||||50|]Grimmsnarl||LightClay|Prankster|FakeOut,LightScreen,Reflect,FoulPlay|Careful||M|||50|]Garchomp||ChoiceScarf|RoughSkin|Outrage,Earthquake,StoneEdge,BodySlam|Jolly||F|||50|]Goodra-Hisui||QuickClaw|Gooey|Rest,SleepTalk,FireBlast,FlashCannon|Modest||F|||50|]Espathra||LifeOrb|SpeedBoost|LuminaCrash,CalmMind,ShadowBall,Uturn|Modest||F|||50|
|showteam|p2|Floette-Eternal||Floettite|FlowerVeil|DazzlingGleam,DrainingKiss,CalmMind,Protect|Modest||F|||50|]Incineroar||SitrusBerry|Intimidate|FakeOut,FlareBlitz,HelpingHand,PartingShot|Adamant||F|||50|]Sinistcha-Masterpiece||FocusSash|Hospitality|MatchaGotcha,ShadowBall,RagePowder,Protect|Bold|||||50|]Sneasler||WhiteHerb|Unburden|FakeOut,CloseCombat,DireClaw,Protect|Adamant||M|||50|]Kingambit||BlackGlasses|Defiant|KowtowCleave,SuckerPunch,SwordsDance,Protect|Adamant||M|||50|]Basculegion||ChoiceScarf|Adaptability|WaveCrash,FlipTurn,AquaJet,LastRespects|Jolly||M|||50|
|
|t:|1783440652
|teamsize|p1|4
|teamsize|p2|4
|start
|switch|p1a: Grimmsnarl|Grimmsnarl, L50, M|100/100
|switch|p1b: Espathra|Espathra, L50, F|100/100
|switch|p2a: Floette|Floette-Eternal, L50, F|100/100
|switch|p2b: Sinistcha|Sinistcha-Masterpiece, L50|100/100
|turn|1
|
|t:|1783440665
|detailschange|p2a: Floette|Floette-Mega, L50, F
|-mega|p2a: Floette|Floette|Floettite
|-ability|p2a: Floette|Fairy Aura
|move|p1a: Grimmsnarl|Fake Out|p2a: Floette
|-damage|p2a: Floette|84/100
|move|p1b: Espathra|Calm Mind|p1b: Espathra
|-boost|p1b: Espathra|spa|1
|-boost|p1b: Espathra|spd|1
|cant|p2a: Floette|flinch
|move|p2b: Sinistcha|Shadow Ball|p1b: Espathra
|-supereffective|p1b: Espathra|1
|-damage|p1b: Espathra|25/100
|
|-ability|p1b: Espathra|Speed Boost|boost
|-boost|p1b: Espathra|spe|1
|upkeep
|turn|2
|
|t:|1783440684
|move|p1a: Grimmsnarl|Light Screen|p1a: Grimmsnarl
|-sidestart|p1: hypergamer_2422|move: Light Screen
|move|p1b: Espathra|Shadow Ball|p2b: Sinistcha
|-supereffective|p2b: Sinistcha|1
|-enditem|p2b: Sinistcha|Focus Sash
|-damage|p2b: Sinistcha|1/100
|-damage|p1b: Espathra|15/100|[from] item: Life Orb
|move|p2a: Floette|Dazzling Gleam|p1b: Espathra|[spread] p1a,p1b
|-supereffective|p1a: Grimmsnarl|1
|-damage|p1a: Grimmsnarl|48/100
|-damage|p1b: Espathra|0 fnt
|faint|p1b: Espathra
|move|p2b: Sinistcha|Shadow Ball|p1a: Grimmsnarl
|-resisted|p1a: Grimmsnarl|1
|-damage|p1a: Grimmsnarl|39/100
|
|upkeep
|
|t:|1783440699
|switch|p1b: Ditto|Ditto, L50|100/100
|-transform|p1b: Ditto|p2a: Floette|[from] ability: Imposter
|-ability|p1b: Ditto|Fairy Aura
|turn|3
|
|t:|1783440720
|move|p1b: Ditto|Calm Mind|p1b: Ditto
|-boost|p1b: Ditto|spa|1
|-boost|p1b: Ditto|spd|1
|move|p2a: Floette|Draining Kiss|p1a: Grimmsnarl
|-supereffective|p1a: Grimmsnarl|1
|-damage|p1a: Grimmsnarl|0 fnt
|-heal|p2a: Floette|100/100|[from] drain|[of] p1a: Grimmsnarl
|faint|p1a: Grimmsnarl
|move|p2b: Sinistcha|Matcha Gotcha|p1b: Ditto
|-damage|p1b: Ditto|85/100
|-heal|p2b: Sinistcha|5/100|[from] drain|[of] p1b: Ditto
|
|upkeep
|
|t:|1783440732
|switch|p1a: Staraptor|Staraptor, L50, F|100/100
|-ability|p1a: Staraptor|Intimidate|boost
|-unboost|p2a: Floette|atk|1
|-unboost|p2b: Sinistcha|atk|1
|turn|4
|
|t:|1783440743
|detailschange|p1a: Staraptor|Staraptor-Mega, L50, F
|-mega|p1a: Staraptor|Staraptor|Staraptite
|move|p1a: Staraptor|Protect|p1a: Staraptor
|-singleturn|p1a: Staraptor|Protect
|move|p2b: Sinistcha|Rage Powder|p2b: Sinistcha
|-singleturn|p2b: Sinistcha|move: Rage Powder
|move|p2a: Floette|Calm Mind|p2a: Floette
|-boost|p2a: Floette|spa|1
|-boost|p2a: Floette|spd|1
|move|p1b: Ditto|Dazzling Gleam|p2a: Floette|[spread] p2a,p2b
|-crit|p2a: Floette
|-damage|p2a: Floette|0 fnt
|-damage|p2b: Sinistcha|0 fnt
|faint|p2a: Floette
|faint|p2b: Sinistcha
|
|upkeep
|
|t:|1783440768
|switch|p2a: Incineroar|Incineroar, L50, F|100/100
|switch|p2b: Sneasler|Sneasler, L50, M|100/100
|-ability|p2a: Incineroar|Intimidate|boost
|-boost|p1a: Staraptor|atk|1
|-unboost|p1b: Ditto|atk|1
|turn|5
|
|t:|1783440783
|move|p1b: Ditto|Protect|p1b: Ditto
|-singleturn|p1b: Ditto|Protect
|move|p2b: Sneasler|Fake Out|p1a: Staraptor
|-damage|p1a: Staraptor|80/100
|move|p2a: Incineroar|Fake Out|p1b: Ditto
|-activate|p1b: Ditto|move: Protect
|cant|p1a: Staraptor|flinch
|
|upkeep
|turn|6
|
|t:|1783440797
|move|p1a: Staraptor|Close Combat|p2a: Incineroar
|-supereffective|p2a: Incineroar|1
|-damage|p2a: Incineroar|0 fnt
|-boost|p1a: Staraptor|def|1
|-boost|p1a: Staraptor|spd|1
|faint|p2a: Incineroar
|move|p2b: Sneasler|Dire Claw|p1b: Ditto
|-supereffective|p1b: Ditto|1
|-damage|p1b: Ditto|0 fnt
|faint|p1b: Ditto
|
|upkeep
|turn|7
|
|t:|1783440807
|move|p1a: Staraptor|Brave Bird|p2b: Sneasler
|-supereffective|p2b: Sneasler|1
|-damage|p2b: Sneasler|0 fnt
|faint|p2b: Sneasler
|-damage|p1a: Staraptor|48/100|[from] Recoil
|
|win|hypergamer_2422
|c|☆hypergamer_2422|gg
|c|☆burgertime7904|gg
||burgertime7904 is ready for game 3.
||hypergamer_2422 is ready for game 3.
|uhtml|next|Next: Game 3 of 3
