|j|☆mikelpoyarzabal
|j|☆Ice124567890
|html|mikelpoyarzabalIce124567890    
|uhtml|bestof|Game 2 of a best-of-3
|t:|1784743952
|gametype|doubles
|player|p1|mikelpoyarzabal|arven-s|1333
|player|p2|Ice124567890|1|1283
|gen|9
|tier|[Gen 9 Champions] VGC 2026 Reg M-B (Bo3)
|rated|
|rule|Species Clause: Limit one of each Pokémon
|rule|Item Clause: Limit 1 of each item
|clearpoke
|poke|p1|Tyranitar, L50, F|
|poke|p1|Excadrill, L50, M|
|poke|p1|Gholdengo, L50|
|poke|p1|Milotic, L50, F|
|poke|p1|Sinistcha, L50|
|poke|p1|Staraptor, L50, M|
|poke|p2|Incineroar, L50, F|
|poke|p2|Sinistcha-Masterpiece, L50|
|poke|p2|Tyranitar, L50, F|
|poke|p2|Mawile, L50, M|
|poke|p2|Annihilape, L50, F|
|poke|p2|Toxapex, L50, M|
|teampreview|4
|showteam|p1|Tyranitar||Tyranitarite|SandStream|RockSlide,KnockOff,LowKick,Protect|Jolly||F|||50|]Excadrill||FocusSash|SandRush|HighHorsepower,IronHead,RockSlide,Protect|Adamant||M|||50|]Gholdengo||LifeOrb|GoodasGold|ShadowBall,MakeItRain,NastyPlot,Protect|Modest|||||50|]Milotic||SitrusBerry|Competitive|Scald,IceBeam,IcyWind,Protect|Calm||F|||50|]Sinistcha||ColburBerry|Hospitality|MatchaGotcha,ShadowBall,RagePowder,Protect|Bold|||||50|]Staraptor||Staraptite|Intimidate|BraveBird,CloseCombat,Tailwind,Protect|Jolly||M|||50|
|showteam|p2|Incineroar||SitrusBerry|Intimidate|FakeOut,FlareBlitz,ThroatChop,PartingShot|Impish||F|||50|]Sinistcha-Masterpiece||KasibBerry|Hospitality|MatchaGotcha,RagePowder,TrickRoom,Protect|Relaxed|||||50|]Tyranitar||Tyranitarite|SandStream|RockSlide,KnockOff,DragonDance,Protect|Adamant||F|||50|]Mawile||Mawilite|HyperCutter|PlayRough,SuckerPunch,SwordsDance,Protect|Careful||M|||50|]Annihilape||FocusSash|Defiant|PhantomForce,CloseCombat,RageFist,Protect|Jolly||F|||50|]Toxapex||Leftovers|Regenerator|Infestation,Toxic,WideGuard,BanefulBunker|Bold||M|||50|
|inactive|Battle timer is ON: inactive players will automatically lose when time's up. (requested by mikelpoyarzabal)
|inactive|Ice124567890 also wants the timer to be on.
|
|t:|1784743976
|teamsize|p1|4
|teamsize|p2|4
|start
|switch|p1a: Gholdengo|Gholdengo, L50|100/100
|switch|p1b: Sinistcha|Sinistcha, L50|100/100
|switch|p2a: Mawile|Mawile, L50, M|100/100
|switch|p2b: Toxapex|Toxapex, L50, M|100/100
|turn|1
|
|t:|1784743992
|detailschange|p2a: Mawile|Mawile-Mega, L50, M
|-mega|p2a: Mawile|Mawile|Mawilite
|move|p1a: Gholdengo|Nasty Plot|p1a: Gholdengo
|-boost|p1a: Gholdengo|spa|2
|move|p1b: Sinistcha|Shadow Ball|p2a: Mawile
|-damage|p2a: Mawile|63/100
|-unboost|p2a: Mawile|spd|1
|move|p2a: Mawile|Swords Dance|p2a: Mawile
|-boost|p2a: Mawile|atk|2
|move|p2b: Toxapex|Toxic|p1b: Sinistcha
|-status|p1b: Sinistcha|tox
|
|-damage|p1b: Sinistcha|94/100 tox|[from] psn
|upkeep
|turn|2
|
|t:|1784744006
|switch|p2b: Sinistcha|Sinistcha-Masterpiece, L50|100/100
|-heal|p2a: Mawile|88/100|[from] ability: Hospitality|[of] p2b: Sinistcha
|move|p1b: Sinistcha|Rage Powder|p1b: Sinistcha
|-singleturn|p1b: Sinistcha|move: Rage Powder
|move|p2a: Mawile|Sucker Punch||[still]
|-fail|p2a: Mawile
|move|p1a: Gholdengo|Shadow Ball|p2a: Mawile
|-damage|p2a: Mawile|0 fnt
|faint|p2a: Mawile
|-damage|p1a: Gholdengo|90/100|[from] item: Life Orb
|
|-damage|p1b: Sinistcha|82/100 tox|[from] psn
|upkeep
|
|t:|1784744015
|switch|p2a: Annihilape|Annihilape, L50, F|100/100
|turn|3
|
|t:|1784744026
|switch|p2b: Toxapex|Toxapex, L50, M|100/100
|move|p1b: Sinistcha|Rage Powder|p1b: Sinistcha
|-singleturn|p1b: Sinistcha|move: Rage Powder
|move|p2a: Annihilape|Phantom Force||[still]
|-prepare|p2a: Annihilape|Phantom Force
|move|p1a: Gholdengo|Make It Rain|p2a: Annihilape|[spread] p2b
|-miss|p1a: Gholdengo|p2a: Annihilape
|-resisted|p2b: Toxapex|1
|-damage|p2b: Toxapex|50/100g
|-unboost|p1a: Gholdengo|spa|2
|-damage|p1a: Gholdengo|81/100|[from] item: Life Orb
|
|-heal|p2b: Toxapex|56/100|[from] item: Leftovers
|-damage|p1b: Sinistcha|65/100 tox|[from] psn
|upkeep
|turn|4
|
|t:|1784744045
|move|p1b: Sinistcha|Rage Powder|p1b: Sinistcha
|-singleturn|p1b: Sinistcha|move: Rage Powder
|move|p2a: Annihilape|Phantom Force|p1b: Sinistcha|[from] lockedmove
|-supereffective|p1b: Sinistcha|1
|-damage|p1b: Sinistcha|0 fnt
|faint|p1b: Sinistcha
|move|p1a: Gholdengo|Shadow Ball|p2a: Annihilape
|-supereffective|p2a: Annihilape|1
|-enditem|p2a: Annihilape|Focus Sash
|-damage|p2a: Annihilape|1/100
|-unboost|p2a: Annihilape|spd|1
|-ability|p2a: Annihilape|Defiant|boost
|-boost|p2a: Annihilape|atk|2
|-damage|p1a: Gholdengo|71/100|[from] item: Life Orb
|move|p2b: Toxapex|Infestation|p1a: Gholdengo
|-resisted|p1a: Gholdengo|2
|-damage|p1a: Gholdengo|71/100
|-activate|p1a: Gholdengo|move: Infestation|[of] p2b: Toxapex
|
|-heal|p2b: Toxapex|62/100|[from] item: Leftovers
|-damage|p1a: Gholdengo|58/100|[from] move: Infestation|[partiallytrapped]
|upkeep
|
|t:|1784744054
|switch|p1b: Excadrill|Excadrill, L50, M|100/100
|turn|5
|
|t:|1784744062
|switch|p2a: Sinistcha|Sinistcha-Masterpiece, L50|100/100
|-heal|p2b: Toxapex|87/100|[from] ability: Hospitality|[of] p2a: Sinistcha
|switch|p1a: Tyranitar|Tyranitar, L50, F|100/100
|-weather|Sandstorm|[from] ability: Sand Stream|[of] p1a: Tyranitar
|move|p1b: Excadrill|Rock Slide|p2a: Sinistcha|[spread] p2a,p2b
|-crit|p2a: Sinistcha
|-damage|p2a: Sinistcha|75/100
|-damage|p2b: Toxapex|71/100
|cant|p2b: Toxapex|flinch
|
|-weather|Sandstorm|[upkeep]
|-damage|p2a: Sinistcha|69/100|[from] Sandstorm
|-damage|p2b: Toxapex|66/100|[from] Sandstorm
|-heal|p2b: Toxapex|71/100|[from] item: Leftovers
|upkeep
|turn|6
|
|t:|1784744079
|switch|p1b: Gholdengo|Gholdengo, L50|58/100
|detailschange|p1a: Tyranitar|Tyranitar-Mega, L50, F
|-mega|p1a: Tyranitar|Tyranitar|Tyranitarite
|move|p1a: Tyranitar|Knock Off|p2a: Sinistcha
|-supereffective|p2a: Sinistcha|1
|-damage|p2a: Sinistcha|0 fnt
|-enditem|p2a: Sinistcha|Kasib Berry|[from] move: Knock Off|[of] p1a: Tyranitar
|faint|p2a: Sinistcha
|move|p2b: Toxapex|Infestation|p1a: Tyranitar
|-supereffective|p1a: Tyranitar|1
|-damage|p1a: Tyranitar|95/100
|-activate|p1a: Tyranitar|move: Infestation|[of] p2b: Toxapex
|
|-weather|Sandstorm|[upkeep]
|-damage|p2b: Toxapex|66/100|[from] Sandstorm
|-heal|p2b: Toxapex|71/100|[from] item: Leftovers
|-damage|p1a: Tyranitar|83/100|[from] move: Infestation|[partiallytrapped]
|upkeep
|
|t:|1784744081
|switch|p2a: Annihilape|Annihilape, L50, F|1/100
|turn|7
|
|t:|1784744093
|move|p2a: Annihilape|Rage Fist|p1b: Gholdengo
|-supereffective|p1b: Gholdengo|1
|-damage|p1b: Gholdengo|5/100
|move|p1b: Gholdengo|Shadow Ball|p2a: Annihilape
|-supereffective|p2a: Annihilape|1
|-damage|p2a: Annihilape|0 fnt
|faint|p2a: Annihilape
|-damage|p1b: Gholdengo|0 fnt|[from] item: Life Orb
|faint|p1b: Gholdengo
|move|p1a: Tyranitar|Rock Slide|p2b: Toxapex
|-damage|p2b: Toxapex|44/100
|move|p2b: Toxapex|Toxic|p1a: Tyranitar
|-status|p1a: Tyranitar|tox
|
|-weather|Sandstorm|[upkeep]
|-damage|p2b: Toxapex|38/100|[from] Sandstorm
|-heal|p2b: Toxapex|44/100|[from] item: Leftovers
|-damage|p1a: Tyranitar|77/100 tox|[from] psn
|-damage|p1a: Tyranitar|64/100 tox|[from] move: Infestation|[partiallytrapped]
|upkeep
|
|t:|1784744100
|switch|p1b: Excadrill|Excadrill, L50, M|100/100
|turn|8
|
|t:|1784744104
|move|p2b: Toxapex|Baneful Bunker|p2b: Toxapex
|-singleturn|p2b: Toxapex|move: Protect
|move|p1b: Excadrill|High Horsepower|p2b: Toxapex
|-activate|p2b: Toxapex|move: Protect
|move|p1a: Tyranitar|Knock Off|p2b: Toxapex
|-activate|p2b: Toxapex|move: Protect
|
|-weather|Sandstorm|[upkeep]
|-damage|p2b: Toxapex|38/100|[from] Sandstorm
|-heal|p2b: Toxapex|44/100|[from] item: Leftovers
|-damage|p1a: Tyranitar|52/100 tox|[from] psn
|-damage|p1a: Tyranitar|40/100 tox|[from] move: Infestation|[partiallytrapped]
|upkeep
|turn|9
|
|t:|1784744110
|move|p2b: Toxapex|Baneful Bunker|p2b: Toxapex
|-singleturn|p2b: Toxapex|move: Protect
|move|p1b: Excadrill|High Horsepower|p2b: Toxapex
|-activate|p2b: Toxapex|move: Protect
|move|p1a: Tyranitar|Knock Off|p2b: Toxapex
|-activate|p2b: Toxapex|move: Protect
|
|-weather|none
|-heal|p2b: Toxapex|50/100g|[from] item: Leftovers
|-damage|p1a: Tyranitar|22/100 tox|[from] psn
|-damage|p1a: Tyranitar|9/100 tox|[from] move: Infestation|[partiallytrapped]
|upkeep
|turn|10
|
|t:|1784744114
|move|p2b: Toxapex|Baneful Bunker||[still]
|-fail|p2b: Toxapex
|move|p1b: Excadrill|High Horsepower|p2b: Toxapex
|-supereffective|p2b: Toxapex|1
|-damage|p2b: Toxapex|0 fnt
|faint|p2b: Toxapex
|
|win|mikelpoyarzabal
