|j|☆alkdfe
|j|☆Esprongklong
|html|alkdfeEsprongklong    
|uhtml|bestof|Game 1 of a best-of-3
|t:|1784944016
|gametype|doubles
|player|p1|alkdfe|elesa|1222
|player|p2|Esprongklong|2|1040
|gen|9
|tier|[Gen 9 Champions] VGC 2026 Reg M-B (Bo3)
|rated|
|rule|Species Clause: Limit one of each Pokémon
|rule|Item Clause: Limit 1 of each item
|clearpoke
|poke|p1|Charizard, L50, M|
|poke|p1|Toxapex, L50, M|
|poke|p1|Venusaur, L50, M|
|poke|p1|Sylveon, L50, M|
|poke|p1|Garchomp, L50, M|
|poke|p1|Incineroar, L50, F|
|poke|p2|Audino, L50, F|
|poke|p2|Kommo-o, L50, F|
|poke|p2|Chimecho, L50, M|
|poke|p2|Sylveon, L50, M|
|poke|p2|Gholdengo, L50|
|poke|p2|Staraptor, L50, M|
|teampreview|4
|showteam|p1|Charizard||CharizarditeY|Blaze|HeatWave,WeatherBall,HelpingHand,Protect|Modest||M|||50|]Toxapex||Leftovers|Regenerator|Infestation,Toxic,WideGuard,BanefulBunker|Bold||M|||50|]Venusaur||LifeOrb|Chlorophyll|LeafStorm,SludgeBomb,EarthPower,Protect|Modest||M|||50|]Sylveon||FairyFeather|Pixilate|HyperVoice,QuickAttack,Yawn,Protect|Modest||M|||50|]Garchomp||ChoiceScarf|RoughSkin|Earthquake,DragonClaw,RockTomb,StompingTantrum|Adamant||M|||50|]Incineroar||SitrusBerry|Intimidate|ThroatChop,FlareBlitz,PartingShot,FakeOut|Careful||F|||50|
|showteam|p2|Audino||FocusSash|Healer|SimpleBeam,HealPulse,Yawn,DazzlingGleam|Sassy||F|||50|]Kommo-o||LifeOrb|Soundproof|ClangorousSoul,ClangingScales,Boomburst,AuraSphere|Timid||F|||50|]Chimecho||Chimechite|Levitate|Boomburst,CosmicPower,StoredPower,SkillSwap|Sassy||M|||50|]Sylveon||FairyFeather|Pixilate|HyperVoice,DazzlingGleam,Protect,Yawn|Sassy||M|||50|]Gholdengo||MentalHerb|GoodasGold|FocusBlast,FocusPunch,DazzlingGleam,LightScreen|Serious|||||50|]Staraptor||ChoiceScarf|Intimidate|FinalGambit,AirSlash,BraveBird,BlazeKick|Serious||M|||50|
|inactive|Battle timer is ON: inactive players will automatically lose when time's up. (requested by Esprongklong)
|inactive|alkdfe has 60 seconds left.
|
|t:|1784944105
|teamsize|p1|4
|teamsize|p2|4
|start
|switch|p1a: Charizard|Charizard, L50, M|100/100
|switch|p1b: Incineroar|Incineroar, L50, F|100/100
|switch|p2a: Audino|Audino, L50, F|100/100
|switch|p2b: Kommo-o|Kommo-o, L50, F|100/100
|-ability|p1b: Incineroar|Intimidate|boost
|-unboost|p2a: Audino|atk|1
|-unboost|p2b: Kommo-o|atk|1
|turn|1
|
|t:|1784944122
|detailschange|p1a: Charizard|Charizard-Mega-Y, L50, M
|-mega|p1a: Charizard|Charizard|Charizardite Y
|-weather|SunnyDay|[from] ability: Drought|[of] p1a: Charizard
|move|p1b: Incineroar|Fake Out|p2a: Audino
|-damage|p2a: Audino|92/100
|move|p2b: Kommo-o|Clangorous Soul|p2b: Kommo-o
|-boost|p2b: Kommo-o|atk|1
|-boost|p2b: Kommo-o|def|1
|-boost|p2b: Kommo-o|spa|1
|-boost|p2b: Kommo-o|spd|1
|-boost|p2b: Kommo-o|spe|1
|-damage|p2b: Kommo-o|67/100
|move|p1a: Charizard|Weather Ball|p2a: Audino
|-damage|p2a: Audino|11/100
|cant|p2a: Audino|flinch
|
|-weather|SunnyDay|[upkeep]
|upkeep
|turn|2
|inactive|Esprongklong has 30 seconds left.
|
|t:|1784944150
|switch|p1b: Sylveon|Sylveon, L50, M|100/100
|move|p2b: Kommo-o|Clanging Scales|p1a: Charizard|[spread] p1a
|-immune|p1b: Sylveon
|-damage|p1a: Charizard|39/100
|-unboost|p2b: Kommo-o|def|1
|-damage|p2b: Kommo-o|57/100|[from] item: Life Orb
|move|p1a: Charizard|Heat Wave|p2b: Kommo-o|[spread] p2a,p2b
|-resisted|p2b: Kommo-o|1
|-damage|p2a: Audino|0 fnt
|-damage|p2b: Kommo-o|30/100
|faint|p2a: Audino
|
|-weather|SunnyDay|[upkeep]
|upkeep
|
|t:|1784944168
|switch|p2a: Sylveon|Sylveon, L50, M|100/100
|turn|3
|
|t:|1784944180
|move|p1a: Charizard|Helping Hand|p1b: Sylveon
|-singleturn|p1b: Sylveon|Helping Hand|[of] p1a: Charizard
|move|p1b: Sylveon|Quick Attack|p2b: Kommo-o
|-supereffective|p2b: Kommo-o|2
|-damage|p2b: Kommo-o|0 fnt
|faint|p2b: Kommo-o
|move|p2a: Sylveon|Yawn|p1b: Sylveon
|-start|p1b: Sylveon|move: Yawn|[of] p2a: Sylveon
|
|-weather|SunnyDay|[upkeep]
|upkeep
|
|t:|1784944191
|switch|p2b: Chimecho|Chimecho, L50, M|100/100
|turn|4
|
|t:|1784944206
|switch|p1b: Incineroar|Incineroar, L50, F|100/100
|-ability|p1b: Incineroar|Intimidate|boost
|-unboost|p2a: Sylveon|atk|1
|-unboost|p2b: Chimecho|atk|1
|detailschange|p2b: Chimecho|Chimecho-Mega, L50, M
|-mega|p2b: Chimecho|Chimecho|Chimechite
|move|p1a: Charizard|Heat Wave|p2b: Chimecho|[spread] p2a,p2b
|-supereffective|p2b: Chimecho|1
|-damage|p2a: Sylveon|63/100
|-damage|p2b: Chimecho|11/100
|move|p2b: Chimecho|Skill Swap|p2a: Sylveon
|-activate|p2b: Chimecho|Skill Swap|||[of] p2a: Sylveon
|move|p2a: Sylveon|Hyper Voice|p1a: Charizard|[spread] p1a,p1b
|-damage|p1a: Charizard|24/100
|-damage|p1b: Incineroar|85/100
|
|-weather|SunnyDay|[upkeep]
|upkeep
|turn|5
|inactive|Esprongklong has 30 seconds left.
|
|t:|1784944236
|move|p1b: Incineroar|Fake Out|p2a: Sylveon
|-damage|p2a: Sylveon|51/100
|move|p1a: Charizard|Heat Wave|p2a: Sylveon|[spread] p2a,p2b
|-supereffective|p2b: Chimecho|1
|-damage|p2a: Sylveon|16/100
|-damage|p2b: Chimecho|0 fnt
|-status|p2a: Sylveon|brn
|faint|p2b: Chimecho
|cant|p2a: Sylveon|flinch
|
|-weather|none
|-damage|p2a: Sylveon|10/100 brn|[from] brn
|upkeep
|turn|6
|-message|Esprongklong forfeited.
|raw|alkdfe's rating: 1222 → 1234(+12 for winning)
|raw|Esprongklong's rating: 1026 → 1019(-7 for losing)
|
|win|alkdfe
|l|☆Esprongklong
|player|p2|
