|j|☆ko1d_lol
|j|☆iannaVi
|html|ko1d_loliannaVi    
|uhtml|bestof|Game 3 of a best-of-3
|t:|1783960543
|gametype|doubles
|player|p1|ko1d_lol|1|1291
|player|p2|iannaVi|cheren-gen5bw2|1314
|gen|9
|tier|[Gen 9 Champions] VGC 2026 Reg M-B (Bo3)
|rated|
|rule|Species Clause: Limit one of each Pokémon
|rule|Item Clause: Limit 1 of each item
|clearpoke
|poke|p1|Grimmsnarl, L50, M|
|poke|p1|Swampert, L50, M|
|poke|p1|Pelipper, L50, M|
|poke|p1|Archaludon, L50, M|
|poke|p1|Sinistcha, L50|
|poke|p1|Metagross, L50|
|poke|p2|Sylveon, L50, F|
|poke|p2|Charizard, L50, M|
|poke|p2|Garchomp, L50, F|
|poke|p2|Aerodactyl, L50, F|
|poke|p2|Kingambit, L50, F|
|poke|p2|Farigiraf, L50, M|
|teampreview|4
|showteam|p1|Grimmsnarl||LightClay|Prankster|FoulPlay,PartingShot,Reflect,LightScreen|Calm||M|||50|]Swampert||Swampertite|Damp|WaveCrash,Earthquake,IcePunch,Protect|Adamant||M|||50|]Pelipper||SitrusBerry|Drizzle|Hurricane,WeatherBall,Tailwind,WideGuard|Modest||M|||50|]Archaludon||Leftovers|Stamina|ElectroShot,DragonPulse,FlashCannon,Protect|Modest||M|||50|]Sinistcha||CobaBerry|Hospitality|MatchaGotcha,RagePowder,TrickRoom,Protect|Relaxed|||||50|]Metagross||Metagrossite|ClearBody|IronHead,PsychicFangs,BodyPress,Protect|Jolly|||||50|
|showteam|p2|Sylveon||FairyFeather|Pixilate|HyperVoice,HyperBeam,QuickAttack,Detect|Modest||F|||50|]Charizard||CharizarditeY|Blaze|WeatherBall,HeatWave,SolarBeam,Protect|Modest||M|||50|]Garchomp||LifeOrb|RoughSkin|DragonClaw,Protect,StompingTantrum,Earthquake|Jolly||F|||50|]Aerodactyl||Aerodactylite|Unnerve|RockSlide,IceFang,Tailwind,DualWingbeat|Jolly||F|||50|]Kingambit||FocusSash|Defiant|KowtowCleave,IronHead,SuckerPunch,LowKick|Adamant||F|||50|]Farigiraf||SitrusBerry|ArmorTail|TwinBeam,Thunderbolt,TrickRoom,Roar|Relaxed||M|||50|
|
|t:|1783960557
|teamsize|p1|4
|teamsize|p2|4
|start
|switch|p1a: Pelipper|Pelipper, L50, M|100/100
|switch|p1b: Swampert|Swampert, L50, M|100/100
|switch|p2a: Charizard|Charizard, L50, M|100/100
|switch|p2b: Farigiraf|Farigiraf, L50, M|100/100
|-weather|RainDance|[from] ability: Drizzle|[of] p1a: Pelipper
|turn|1
|
|t:|1783960580
|switch|p1a: Archaludon|Archaludon, L50, M|100/100
|detailschange|p2a: Charizard|Charizard-Mega-Y, L50, M
|-mega|p2a: Charizard|Charizard|Charizardite Y
|-weather|SunnyDay|[from] ability: Drought|[of] p2a: Charizard
|move|p1b: Swampert|Protect|p1b: Swampert
|-singleturn|p1b: Swampert|Protect
|move|p2a: Charizard|Heat Wave|p1a: Archaludon|[spread] p1a
|-activate|p1b: Swampert|move: Protect
|-damage|p1a: Archaludon|44/100
|-ability|p1a: Archaludon|Stamina|boost
|-boost|p1a: Archaludon|def|1
|move|p2b: Farigiraf|Roar|p1a: Archaludon
|drag|p1a: Pelipper|Pelipper, L50, M|100/100
|-weather|RainDance|[from] ability: Drizzle|[of] p1a: Pelipper
|
|-weather|RainDance|[upkeep]
|upkeep
|turn|2
|
|t:|1783960626
|switch|p2a: Sylveon|Sylveon, L50, F|100/100
|switch|p1a: Sinistcha|Sinistcha, L50|100/100
|detailschange|p1b: Swampert|Swampert-Mega, L50, M
|-mega|p1b: Swampert|Swampert|Swampertite
|move|p1b: Swampert|Wave Crash|p2b: Farigiraf
|-damage|p2b: Farigiraf|18/100
|-enditem|p2b: Farigiraf|Sitrus Berry|[eat]
|-heal|p2b: Farigiraf|43/100|[from] item: Sitrus Berry
|-damage|p1b: Swampert|68/100|[from] Recoil
|move|p2b: Farigiraf|Thunderbolt|p1a: Sinistcha
|-resisted|p1a: Sinistcha|1
|-damage|p1a: Sinistcha|89/100
|-status|p1a: Sinistcha|par
|
|-weather|RainDance|[upkeep]
|upkeep
|turn|3
|
|t:|1783960662
|move|p1b: Swampert|Earthquake|p2b: Farigiraf|[spread] p1a,p2a,p2b
|-resisted|p1a: Sinistcha|1
|-damage|p1a: Sinistcha|70/100 par
|-damage|p2a: Sylveon|41/100
|-damage|p2b: Farigiraf|5/100
|move|p2a: Sylveon|Hyper Voice|p1b: Swampert|[spread] p1a,p1b
|-crit|p1b: Swampert
|-damage|p1a: Sinistcha|22/100 par
|-damage|p1b: Swampert|6/100
|move|p1a: Sinistcha|Matcha Gotcha|p2b: Farigiraf|[spread] p2a,p2b
|-damage|p2a: Sylveon|24/100
|-heal|p1a: Sinistcha|32/100 par|[from] drain|[of] p2a: Sylveon
|-damage|p2b: Farigiraf|0 fnt
|-heal|p1a: Sinistcha|35/100 par|[from] drain|[of] p2b: Farigiraf
|faint|p2b: Farigiraf
|
|-weather|RainDance|[upkeep]
|upkeep
|
|t:|1783960680
|switch|p2b: Garchomp|Garchomp, L50, F|100/100
|turn|4
|
|t:|1783960700
|move|p1b: Swampert|Protect|p1b: Swampert
|-singleturn|p1b: Swampert|Protect
|move|p2b: Garchomp|Protect|p2b: Garchomp
|-singleturn|p2b: Garchomp|Protect
|move|p1a: Sinistcha|Protect|p1a: Sinistcha
|-singleturn|p1a: Sinistcha|Protect
|move|p2a: Sylveon|Quick Attack|p1b: Swampert
|-activate|p1b: Swampert|move: Protect
|
|-weather|RainDance|[upkeep]
|upkeep
|turn|5
|
|t:|1783960727
|switch|p1b: Archaludon|Archaludon, L50, M|44/100
|switch|p2a: Charizard|Charizard-Mega-Y, L50, M|100/100
|-weather|SunnyDay|[from] ability: Drought|[of] p2a: Charizard
|move|p2b: Garchomp|Earthquake|p1b: Archaludon|[spread] p1a,p1b
|-immune|p2a: Charizard
|-resisted|p1a: Sinistcha|1
|-supereffective|p1b: Archaludon|1
|-damage|p1a: Sinistcha|12/100 par
|-damage|p1b: Archaludon|0 fnt
|faint|p1b: Archaludon
|-damage|p2b: Garchomp|90/100|[from] item: Life Orb
|move|p1a: Sinistcha|Matcha Gotcha|p2b: Garchomp|[spread] p2a,p2b
|-resisted|p2a: Charizard|2
|-damage|p2a: Charizard|94/100
|-heal|p1a: Sinistcha|15/100 par|[from] drain|[of] p2a: Charizard
|-damage|p2b: Garchomp|64/100
|-heal|p1a: Sinistcha|28/100 par|[from] drain|[of] p2b: Garchomp
|
|-weather|SunnyDay|[upkeep]
|upkeep
|
|t:|1783960750
|switch|p1b: Swampert|Swampert-Mega, L50, M|6/100
|turn|6
|
|t:|1783960774
|switch|p2a: Sylveon|Sylveon, L50, F|24/100
|switch|p1a: Pelipper|Pelipper, L50, M|100/100
|-weather|RainDance|[from] ability: Drizzle|[of] p1a: Pelipper
|move|p1b: Swampert|Protect|p1b: Swampert
|-singleturn|p1b: Swampert|Protect
|move|p2b: Garchomp|Protect||[still]
|-fail|p2b: Garchomp
|
|-weather|RainDance|[upkeep]
|upkeep
|turn|7
|
|t:|1783960808
|switch|p1a: Sinistcha|Sinistcha, L50|28/100 par
|-heal|p1b: Swampert|31/100|[from] ability: Hospitality|[of] p1a: Sinistcha
|move|p2a: Sylveon|Quick Attack|p1b: Swampert
|-damage|p1b: Swampert|20/100y
|move|p1b: Swampert|Earthquake|p2a: Sylveon|[spread] p1a,p2a,p2b
|-resisted|p1a: Sinistcha|1
|-damage|p1a: Sinistcha|6/100 par
|-damage|p2a: Sylveon|0 fnt
|-damage|p2b: Garchomp|15/100
|faint|p2a: Sylveon
|move|p2b: Garchomp|Dragon Claw|p1a: Sinistcha
|-damage|p1a: Sinistcha|0 fnt
|faint|p1a: Sinistcha
|-damage|p2b: Garchomp|5/100|[from] item: Life Orb
|
|-weather|RainDance|[upkeep]
|upkeep
|
|t:|1783960827
|switch|p2a: Charizard|Charizard-Mega-Y, L50, M|94/100
|switch|p1a: Pelipper|Pelipper, L50, M|100/100
|-weather|SunnyDay|[from] ability: Drought|[of] p2a: Charizard
|-weather|RainDance|[from] ability: Drizzle|[of] p1a: Pelipper
|turn|8
|
|t:|1783960846
|move|p1b: Swampert|Protect|p1b: Swampert
|-singleturn|p1b: Swampert|Protect
|move|p2b: Garchomp|Protect|p2b: Garchomp
|-singleturn|p2b: Garchomp|Protect
|move|p2a: Charizard|Weather Ball|p1b: Swampert
|-activate|p1b: Swampert|move: Protect
|move|p1a: Pelipper|Weather Ball|p2b: Garchomp
|-activate|p2b: Garchomp|move: Protect
|
|-weather|RainDance|[upkeep]
|upkeep
|turn|9
|inactive|Battle timer is ON: inactive players will automatically lose when time's up. (requested by ko1d_lol)
|
|t:|1783960870
|move|p1b: Swampert|Earthquake|p2b: Garchomp|[spread] p2b
|-immune|p1a: Pelipper
|-immune|p2a: Charizard
|-damage|p2b: Garchomp|0 fnt
|faint|p2b: Garchomp
|move|p2a: Charizard|Weather Ball|p1b: Swampert
|-damage|p1b: Swampert|0 fnt
|faint|p1b: Swampert
|move|p1a: Pelipper|Weather Ball|p2a: Charizard
|-supereffective|p2a: Charizard|1
|-damage|p2a: Charizard|0 fnt
|faint|p2a: Charizard
|
|win|ko1d_lol
|raw|ko1d_lol's rating: 1291 → 1318(+27 for winning)
|raw|iannaVi's rating: 1314 → 1293(-21 for losing)
|c|☆ko1d_lol|ggs
|l|☆ko1d_lol
|player|p1|
|j|☆ko1d_lol
|player|p1|ko1d_lol|1|
|l|☆ko1d_lol
|player|p1|
