|j|‽luppuslamb
|j|☆spellbreakvgc
|html|luppuslambspellbreakvgc    
|uhtml|bestof|Game 1 of a best-of-3
|t:|1757715334
|gametype|doubles
|player|p1|luppuslamb|101|1193
|player|p2|spellbreakvgc|lance|1124
|gen|9
|tier|[Gen 9] VGC 2025 Reg H (Bo3)
|rated|
|rule|Species Clause: Limit one of each Pokémon
|rule|Item Clause: Limit 1 of each item
|clearpoke
|poke|p1|Dragonite, L50, M|
|poke|p1|Sneasler, L50, M|
|poke|p1|Rillaboom, L50, M|
|poke|p1|Electabuzz, L50, M|
|poke|p1|Volcarona, L50, F|
|poke|p1|Incineroar, L50, M|
|poke|p2|Dondozo, L50, M|
|poke|p2|Sneasler, L50, F|
|poke|p2|Ursaluna-Bloodmoon, L50, M|
|poke|p2|Indeedee, L50, M|
|poke|p2|Tatsugiri, L50, M|
|poke|p2|Whimsicott, L50, M|
|teampreview|4
|showteam|p1|Dragonite||LoadedDice|InnerFocus|StompingTantrum,ScaleShot,ExtremeSpeed,Protect|||M|||50|,,,,,Fairy]Sneasler||FocusSash|PoisonTouch|ThroatChop,DireClaw,CloseCombat,Coaching|||M|||50|,,,,,Ghost]Rillaboom||AssaultVest|GrassySurge|FakeOut,GrassyGlide,Uturn,WoodHammer|||M|||50|,,,,,Fire]Electabuzz||Eviolite|VitalSpirit|FollowMe,Electroweb,Taunt,ThunderWave|||M|||50|,,,,,Fairy]Volcarona||CovertCloak|FlameBody|QuiverDance,Protect,TeraBlast,HeatWave|||F|||50|,,,,,Fairy]Incineroar||SafetyGoggles|Intimidate|FakeOut,FlareBlitz,KnockOff,PartingShot|||M|||50|,,,,,Ghost
|showteam|p2|Dondozo||Leftovers|Unaware|WaveCrash,OrderUp,Earthquake,Protect|||M|||50|,,,,,Grass]Sneasler||PsychicSeed|Unburden|DireClaw,CloseCombat,ThroatChop,Protect|||F|||50|,,,,,Dark]Ursaluna-Bloodmoon||LifeOrb|MindsEye|BloodMoon,HyperVoice,EarthPower,Protect|||M|||50|,,,,,Normal]Indeedee||FocusSash|PsychicSurge|ExpandingForce,TeraBlast,HelpingHand,Protect|||M|||50|,,,,,Psychic]Tatsugiri||SafetyGoggles|Commander|DracoMeteor,MuddyWater,HelpingHand,Protect|||M|||50|,,,,,Normal]Whimsicott||CovertCloak|Prankster|Moonblast,Tailwind,LightScreen,HelpingHand|||M|||50|,,,,,Poison
|inactive|Battle timer is ON: inactive players will automatically lose when time's up. (requested by spellbreakvgc)
|inactive|spellbreakvgc has 60 seconds left.
|
|t:|1757715389
|teamsize|p1|4
|teamsize|p2|4
|start
|switch|p1a: Rillaboom|Rillaboom, L50, M|100/100
|switch|p1b: Volcarona|Volcarona, L50, F|100/100
|switch|p2a: Ursaluna|Ursaluna-Bloodmoon, L50, M|100/100
|switch|p2b: Whimsicott|Whimsicott, L50, M|100/100
|-fieldstart|move: Grassy Terrain|[from] ability: Grassy Surge|[of] p1a: Rillaboom
|turn|1
|inactive|luppuslamb has 30 seconds left.
|
|t:|1757715420
|switch|p2b: Indeedee|Indeedee, L50, M|100/100
|-fieldstart|move: Psychic Terrain|[from] ability: Psychic Surge|[of] p2b: Indeedee
|-terastallize|p2a: Ursaluna|Normal
|move|p1a: Rillaboom|Fake Out|p2a: Ursaluna
|-activate|p2a: Ursaluna|move: Psychic Terrain
|move|p1b: Volcarona|Quiver Dance|p1b: Volcarona
|-boost|p1b: Volcarona|spa|1
|-boost|p1b: Volcarona|spd|1
|-boost|p1b: Volcarona|spe|1
|move|p2a: Ursaluna|Blood Moon|p1b: Volcarona
|-damage|p1b: Volcarona|15/100
|-damage|p2a: Ursaluna|91/100|[from] item: Life Orb
|
|upkeep
|turn|2
|
|t:|1757715442
|move|p1b: Volcarona|Protect|p1b: Volcarona
|-singleturn|p1b: Volcarona|Protect
|move|p2b: Indeedee|Expanding Force|p1b: Volcarona|[spread] p1a
|-activate|p1b: Volcarona|move: Protect
|-damage|p1a: Rillaboom|58/100
|move|p1a: Rillaboom|U-turn|p2b: Indeedee
|-supereffective|p2b: Indeedee
|-damage|p2b: Indeedee|4/100
|
|t:|1757715451
|switch|p1a: Electabuzz|Electabuzz, L50, M|100/100|[from] U-turn
|move|p2a: Ursaluna|Hyper Voice|p1a: Electabuzz|[spread] p1a
|-activate|p1b: Volcarona|move: Protect
|-damage|p1a: Electabuzz|49/100
|-damage|p2a: Ursaluna|81/100|[from] item: Life Orb
|
|upkeep
|turn|3
|inactive|luppuslamb has 30 seconds left.
|inactive|luppuslamb has 20 seconds left.
|
|t:|1757715490
|move|p2b: Indeedee|Protect|p2b: Indeedee
|-singleturn|p2b: Indeedee|Protect
|move|p1b: Volcarona|Heat Wave|p2a: Ursaluna|[spread] p2a
|-activate|p2b: Indeedee|move: Protect
|-damage|p2a: Ursaluna|6/100
|move|p1a: Electabuzz|Electroweb|p2b: Indeedee|[spread] p2a
|-activate|p2b: Indeedee|move: Protect
|-damage|p2a: Ursaluna|0 fnt
|faint|p2a: Ursaluna
|
|upkeep
|
|t:|1757715500
|switch|p2a: Whimsicott|Whimsicott, L50, M|100/100
|turn|4
|
|t:|1757715511
|move|p1a: Electabuzz|Follow Me|p1a: Electabuzz
|-singleturn|p1a: Electabuzz|move: Follow Me
|move|p2a: Whimsicott|Tailwind|p2a: Whimsicott
|-sidestart|p2: spellbreakvgc|move: Tailwind
|move|p2b: Indeedee|Expanding Force|p1b: Volcarona|[spread] p1a,p1b
|-damage|p1a: Electabuzz|12/100
|-damage|p1b: Volcarona|0 fnt
|faint|p1b: Volcarona
|
|upkeep
|
|t:|1757715519
|switch|p1b: Rillaboom|Rillaboom, L50, M|58/100
|-fieldstart|move: Grassy Terrain|[from] ability: Grassy Surge|[of] p1b: Rillaboom
|turn|5
|
|t:|1757715541
|switch|p2b: Sneasler|Sneasler, L50, F|100/100
|move|p2a: Whimsicott|Moonblast|p1a: Electabuzz
|-damage|p1a: Electabuzz|0 fnt
|faint|p1a: Electabuzz
|move|p1b: Rillaboom|U-turn|p2a: Whimsicott
|-damage|p2a: Whimsicott|69/100
|
|t:|1757715549
|switch|p1b: Incineroar|Incineroar, L50, M|100/100|[from] U-turn
|-ability|p1b: Incineroar|Intimidate|boost
|-unboost|p2a: Whimsicott|atk|1
|-unboost|p2b: Sneasler|atk|1
|
|-heal|p2a: Whimsicott|75/100|[from] Grassy Terrain
|upkeep
|
|t:|1757715555
|switch|p1a: Rillaboom|Rillaboom, L50, M|58/100
|turn|6
|
|t:|1757715576
|switch|p2a: Indeedee|Indeedee, L50, M|4/100
|-fieldstart|move: Psychic Terrain|[from] ability: Psychic Surge|[of] p2a: Indeedee
|-enditem|p2b: Sneasler|Psychic Seed
|-boost|p2b: Sneasler|spd|1|[from] item: Psychic Seed
|-terastallize|p1a: Rillaboom|Fire
|move|p2b: Sneasler|Dire Claw|p1a: Rillaboom
|-damage|p1a: Rillaboom|30/100
|-status|p1a: Rillaboom|slp
|cant|p1a: Rillaboom|slp
|move|p1b: Incineroar|Flare Blitz|p2a: Indeedee
|-damage|p2a: Indeedee|0 fnt
|faint|p2a: Indeedee
|-damage|p1b: Incineroar|99/100|[from] Recoil
|
|upkeep
|
|t:|1757715593
|switch|p2a: Whimsicott|Whimsicott, L50, M|75/100
|turn|7
|
|t:|1757715602
|move|p2a: Whimsicott|Helping Hand|p2b: Sneasler
|-singleturn|p2b: Sneasler|Helping Hand|[of] p2a: Whimsicott
|move|p2b: Sneasler|Close Combat|p1b: Incineroar
|-supereffective|p1b: Incineroar
|-damage|p1b: Incineroar|0 fnt
|-unboost|p2b: Sneasler|def|1
|-unboost|p2b: Sneasler|spd|1
|faint|p1b: Incineroar
|-curestatus|p1a: Rillaboom|slp|[msg]
|move|p1a: Rillaboom|Wood Hammer|p2b: Sneasler
|-resisted|p2b: Sneasler
|-damage|p2b: Sneasler|33/100
|-damage|p1a: Rillaboom|12/100|[from] Recoil
|
|-sideend|p2: spellbreakvgc|move: Tailwind
|upkeep
|turn|8
|
|t:|1757715618
|move|p2b: Sneasler|Dire Claw|p1a: Rillaboom
|-damage|p1a: Rillaboom|0 fnt
|faint|p1a: Rillaboom
|
|win|spellbreakvgc
||luppuslamb is ready for game 2.
|inactive|spellbreakvgc has 30 seconds to confirm battle start!
||spellbreakvgc is ready for game 2.
|uhtml|next|Next: Game 2 of 3
