|j|☆calamardude
|j|☆limestone7276
|html|calamardudelimestone7276    
|uhtml|bestof|Game 2 of a best-of-3
|t:|1756396874
|gametype|doubles
|player|p1|calamardude|bugcatcher-gen4dp|1000
|player|p2|limestone7276|2|1000
|gen|9
|tier|[Gen 9] VGC 2025 Reg H (Bo3)
|rated|
|rule|Species Clause: Limit one of each Pokémon
|rule|Item Clause: Limit 1 of each item
|clearpoke
|poke|p1|Indeedee, L50, M|
|poke|p1|Hawlucha, L50, F|
|poke|p1|Abomasnow, L50, M|
|poke|p1|Arcanine-Hisui, L50, M|
|poke|p1|Eiscue, L50, M|
|poke|p1|Ditto, L50|
|poke|p2|Porygon-Z, L50|
|poke|p2|Palafin, L50, F|
|poke|p2|Volcarona, L50, M|
|poke|p2|Rillaboom, L50, F|
|poke|p2|Ursaluna, L50, M|
|poke|p2|Whimsicott, L50, F|
|teampreview|4
|showteam|p1|Indeedee||FocusSash|PsychicSurge|ExpandingForce,DazzlingGleam,Protect,ShadowBall|||M|||50|,,,,,Dark]Hawlucha||PsychicSeed|Unburden|CloseCombat,Acrobatics,Detect,ThroatChop|||F|||50|,,,,,Dark]Abomasnow||Leftovers|SnowWarning|LeechSeed,AuroraVeil,GigaDrain,Blizzard|||M|||50|,,,,,Fire]Arcanine-Hisui||SafetyGoggles|Intimidate|ExtremeSpeed,FlareBlitz,Protect,RockSlide|||M|||50|,,,,,Grass]Eiscue||SitrusBerry|IceFace|BellyDrum,IceSpinner,Liquidation,Protect|||M|||50|,,,,,Ice]Ditto||ClearAmulet|Imposter|Transform||||||50|,,,,,Normal
|showteam|p2|Porygon-Z||LifeOrb|Adaptability|DarkPulse,HyperBeam,Protect,TriAttack||||||50|,,,,,Normal]Palafin||MysticWater|ZerotoHero|DrainPunch,FlipTurn,JetPunch,WaveCrash|||F|||50|,,,,,Water]Volcarona||RockyHelmet|FlameBody|FieryDance,Protect,RagePowder,StruggleBug|||M|||50|,,,,,Grass]Rillaboom||AssaultVest|GrassySurge|FakeOut,GrassyGlide,Uturn,WoodHammer|||F|||50|,,,,,Fire]Ursaluna||FlameOrb|Guts|Earthquake,Facade,HeadlongRush,Protect|||M|||50|,,,,,Ghost]Whimsicott||CovertCloak|Prankster|Encore,LightScreen,Moonblast,Tailwind|||F|||50|,,,,,Dark
|
|t:|1756396897
|teamsize|p1|4
|teamsize|p2|4
|start
|switch|p1a: Indeedee|Indeedee, L50, M|100/100
|switch|p1b: Hawlucha|Hawlucha, L50, F|100/100
|switch|p2a: Palafin|Palafin, L50, F|100/100
|switch|p2b: Rillaboom|Rillaboom, L50, F|100/100
|-fieldstart|move: Psychic Terrain|[from] ability: Psychic Surge|[of] p1a: Indeedee
|-enditem|p1b: Hawlucha|Psychic Seed
|-boost|p1b: Hawlucha|spd|1|[from] item: Psychic Seed
|-fieldstart|move: Grassy Terrain|[from] ability: Grassy Surge|[of] p2b: Rillaboom
|turn|1
|
|t:|1756396924
|switch|p1a: Abomasnow|Abomasnow, L50, M, shiny|100/100
|-weather|Snowscape|[from] ability: Snow Warning|[of] p1a: Abomasnow
|move|p1b: Hawlucha|Detect|p1b: Hawlucha
|-singleturn|p1b: Hawlucha|Protect
|move|p2b: Rillaboom|Fake Out|p1b: Hawlucha
|-activate|p1b: Hawlucha|move: Protect
|move|p2a: Palafin|Flip Turn|p1a: Abomasnow
|-resisted|p1a: Abomasnow
|-damage|p1a: Abomasnow|89/100
|
|t:|1756396936
|detailschange|p2a: Palafin|Palafin-Hero, L50, F
|switch|p2a: Porygon-Z|Porygon-Z, L50|100/100|[from] Flip Turn
|
|-weather|Snowscape|[upkeep]
|-heal|p1a: Abomasnow|95/100|[from] Grassy Terrain
|-heal|p1a: Abomasnow|100/100|[from] item: Leftovers
|upkeep
|turn|2
|
|t:|1756396967
|-terastallize|p1b: Hawlucha|Dark
|-terastallize|p2a: Porygon-Z|Normal
|move|p1b: Hawlucha|Acrobatics|p2b: Rillaboom
|-supereffective|p2b: Rillaboom
|-damage|p2b: Rillaboom|10/100
|move|p2a: Porygon-Z|Hyper Beam|p1b: Hawlucha
|-damage|p1b: Hawlucha|0 fnt
|-mustrecharge|p2a: Porygon-Z
|faint|p1b: Hawlucha
|-damage|p2a: Porygon-Z|91/100|[from] item: Life Orb
|move|p2b: Rillaboom|U-turn|p1a: Abomasnow
|-supereffective|p1a: Abomasnow
|-damage|p1a: Abomasnow|67/100
|
|t:|1756396978
|switch|p2b: Palafin|Palafin-Hero, L50, F|100/100|[from] U-turn
|-activate|p2b: Palafin|ability: Zero to Hero
|move|p1a: Abomasnow|Aurora Veil|p1a: Abomasnow
|-sidestart|p1: calamardude|move: Aurora Veil
|
|-weather|Snowscape|[upkeep]
|-heal|p2a: Porygon-Z|97/100|[from] Grassy Terrain
|-heal|p1a: Abomasnow|73/100|[from] Grassy Terrain
|-heal|p1a: Abomasnow|79/100|[from] item: Leftovers
|upkeep
|
|t:|1756396993
|switch|p1b: Indeedee|Indeedee, L50, M|100/100
|-fieldstart|move: Psychic Terrain|[from] ability: Psychic Surge|[of] p1b: Indeedee
|turn|3
|
|t:|1756397019
|move|p1b: Indeedee|Expanding Force|p2a: Porygon-Z|[spread] p2a,p2b
|-damage|p2a: Porygon-Z|25/100
|-damage|p2b: Palafin|37/100
|move|p2b: Palafin|Drain Punch|p1a: Abomasnow
|-supereffective|p1a: Abomasnow
|-damage|p1a: Abomasnow|47/100
|-heal|p2b: Palafin|56/100|[from] drain|[of] p1a: Abomasnow
|cant|p2a: Porygon-Z|recharge
|move|p1a: Abomasnow|Leech Seed|p2a: Porygon-Z
|-start|p2a: Porygon-Z|move: Leech Seed
|
|-weather|Snowscape|[upkeep]
|-heal|p1a: Abomasnow|53/100|[from] item: Leftovers
|-damage|p2a: Porygon-Z|13/100|[from] Leech Seed|[of] p1a: Abomasnow
|-heal|p1a: Abomasnow|64/100|[silent]
|upkeep
|turn|4
|
|t:|1756397045
|switch|p2a: Rillaboom|Rillaboom, L50, F|10/100
|-fieldstart|move: Grassy Terrain|[from] ability: Grassy Surge|[of] p2a: Rillaboom
|move|p1b: Indeedee|Protect|p1b: Indeedee
|-singleturn|p1b: Indeedee|Protect
|move|p2b: Palafin|Drain Punch|p1a: Abomasnow
|-supereffective|p1a: Abomasnow
|-damage|p1a: Abomasnow|30/100
|-heal|p2b: Palafin|75/100|[from] drain|[of] p1a: Abomasnow
|move|p1a: Abomasnow|Giga Drain|p2b: Palafin
|-supereffective|p2b: Palafin
|-damage|p2b: Palafin|3/100
|-heal|p1a: Abomasnow|62/100|[from] drain|[of] p2b: Palafin
|
|-weather|Snowscape|[upkeep]
|-heal|p2b: Palafin|10/100|[from] Grassy Terrain
|-heal|p2a: Rillaboom|16/100|[from] Grassy Terrain
|-heal|p1a: Abomasnow|68/100|[from] Grassy Terrain
|-heal|p1a: Abomasnow|74/100|[from] item: Leftovers
|upkeep
|turn|5
|
|t:|1756397072
|switch|p1b: Arcanine|Arcanine-Hisui, L50, M|100/100
|-ability|p1b: Arcanine|Intimidate|boost
|-unboost|p2a: Rillaboom|atk|1
|-unboost|p2b: Palafin|atk|1
|move|p2a: Rillaboom|Fake Out|p1a: Abomasnow
|-damage|p1a: Abomasnow|70/100
|move|p2b: Palafin|Drain Punch|p1b: Arcanine
|-supereffective|p1b: Arcanine
|-damage|p1b: Arcanine|65/100
|-heal|p2b: Palafin|27/100|[from] drain|[of] p1b: Arcanine
|cant|p1a: Abomasnow|flinch
|
|-weather|none
|-heal|p1b: Arcanine|71/100|[from] Grassy Terrain
|-heal|p2b: Palafin|33/100|[from] Grassy Terrain
|-heal|p2a: Rillaboom|22/100|[from] Grassy Terrain
|-heal|p1a: Abomasnow|76/100|[from] Grassy Terrain
|-heal|p1a: Abomasnow|82/100|[from] item: Leftovers
|upkeep
|turn|6
|
|t:|1756397111
|move|p1b: Arcanine|Extreme Speed|p2b: Palafin
|-damage|p2b: Palafin|8/100
|move|p2b: Palafin|Flip Turn|p1b: Arcanine
|-supereffective|p1b: Arcanine
|-damage|p1b: Arcanine|0 fnt
|faint|p1b: Arcanine
|
|t:|1756397118
|switch|p2b: Ursaluna|Ursaluna, L50, M|100/100|[from] Flip Turn
|move|p2a: Rillaboom|U-turn|p1a: Abomasnow
|-supereffective|p1a: Abomasnow
|-damage|p1a: Abomasnow|58/100
|
|t:|1756397122
|switch|p2a: Palafin|Palafin-Hero, L50, F|8/100|[from] U-turn
|move|p1a: Abomasnow|Blizzard|p2a: Palafin|[spread] p2a,p2b
|-resisted|p2a: Palafin
|-supereffective|p2b: Ursaluna
|-damage|p2a: Palafin|0 fnt
|-damage|p2b: Ursaluna|51/100
|faint|p2a: Palafin
|
|-heal|p2b: Ursaluna|58/100|[from] Grassy Terrain
|-heal|p1a: Abomasnow|64/100|[from] Grassy Terrain
|-heal|p1a: Abomasnow|70/100|[from] item: Leftovers
|-sideend|p1: calamardude|move: Aurora Veil
|-status|p2b: Ursaluna|brn|[from] item: Flame Orb
|upkeep
|
|t:|1756397140
|switch|p1b: Indeedee|Indeedee, L50, M|100/100
|switch|p2a: Rillaboom|Rillaboom, L50, F|22/100
|-fieldstart|move: Psychic Terrain|[from] ability: Psychic Surge|[of] p1b: Indeedee
|-fieldstart|move: Grassy Terrain|[from] ability: Grassy Surge|[of] p2a: Rillaboom
|turn|7
|
|t:|1756397159
|move|p1b: Indeedee|Protect|p1b: Indeedee
|-singleturn|p1b: Indeedee|Protect
|move|p2a: Rillaboom|Fake Out|p1a: Abomasnow
|-damage|p1a: Abomasnow|55/100
|move|p2b: Ursaluna|Facade|p1a: Abomasnow
|-damage|p1a: Abomasnow|0 fnt
|faint|p1a: Abomasnow
|
|-heal|p2a: Rillaboom|29/100|[from] Grassy Terrain
|-heal|p2b: Ursaluna|64/100 brn|[from] Grassy Terrain
|-damage|p2b: Ursaluna|58/100 brn|[from] brn
|upkeep
|turn|8
|
|t:|1756397176
|move|p2a: Rillaboom|Grassy Glide|p1b: Indeedee
|-damage|p1b: Indeedee|31/100
|move|p1b: Indeedee|Dazzling Gleam|p2a: Rillaboom|[spread] p2a,p2b
|-damage|p2a: Rillaboom|17/100
|-damage|p2b: Ursaluna|40/100 brn
|move|p2b: Ursaluna|Facade|p1b: Indeedee
|-damage|p1b: Indeedee|0 fnt
|faint|p1b: Indeedee
|
|win|limestone7276
|raw|calamardude's rating: 1000 → 1000(+0 for losing)
|raw|limestone7276's rating: 1000 → 1040(+40 for winning)
|l|☆calamardude
|player|p1|
