|j|☆testandoteste
|j|☆IsRainingPerish
|html|testandotesteIsRainingPerish    
|uhtml|bestof|Game 2 of a best-of-3
|t:|1785957516
|gametype|doubles
|player|p1|testandoteste|265|1075
|player|p2|IsRainingPerish|li|1089
|gen|9
|tier|[Gen 9 Champions] VGC 2026 Reg M-B (Bo3)
|rated|
|rule|Species Clause: Limit one of each Pokémon
|rule|Item Clause: Limit 1 of each item
|clearpoke
|poke|p1|Staraptor, L50, M|
|poke|p1|Whimsicott, L50, M|
|poke|p1|Farigiraf, L50, F|
|poke|p1|Incineroar, L50, F|
|poke|p1|Rhyperior, L50, M|
|poke|p1|Charizard, L50, M|
|poke|p2|Raichu, L50, M, shiny|
|poke|p2|Decidueye-Hisui, L50, M|
|poke|p2|Aerodactyl, L50, M, shiny|
|poke|p2|Kingambit, L50, M, shiny|
|poke|p2|Basculegion, L50, M, shiny|
|poke|p2|Sneasler, L50, M|
|teampreview|4
|showteam|p1|Staraptor||Staraptite|Intimidate|CloseCombat,BraveBird,Roost,Protect|Adamant||M|||50|]Whimsicott||FocusSash|Prankster|Moonblast,Charm,Tailwind,Protect|Timid||M|||50|]Farigiraf||SitrusBerry|ArmorTail|TrickRoom,Psychic,HelpingHand,Protect|Bold||F|||50|]Incineroar||ChopleBerry|Intimidate|FakeOut,FlareBlitz,PartingShot,ThroatChop|Adamant||F|||50|]Rhyperior||LifeOrb|LightningRod|RockWrecker,HighHorsepower,Protect,IcePunch|Brave||M|||50|]Charizard||CharizarditeY|Blaze|HeatWave,SolarBeam,WeatherBall,Protect|Modest||M|||50|
|showteam|p2|Raichu||RaichuniteY|LightningRod|ZapCannon,FocusBlast,FakeOut,Protect|Timid||M|||50|]Decidueye-Hisui||ScopeLens|Scrappy|TripleArrows,LeafBlade,Protect,Taunt|Adamant||M|||50|]Aerodactyl||FocusSash|Unnerve|RockSlide,DualWingbeat,Tailwind,Protect|Jolly||M|||50|]Kingambit||BlackGlasses|Defiant|KowtowCleave,SuckerPunch,SwordsDance,Protect|Adamant||M|||50|]Basculegion||LifeOrb|Adaptability|WaveCrash,AquaJet,LastRespects,Protect|Adamant||M|||50|]Sneasler||WhiteHerb|Unburden|DireClaw,CloseCombat,FakeOut,Protect|Jolly||M|||50|
|inactive|Battle timer is ON: inactive players will automatically lose when time's up. (requested by IsRainingPerish)
|inactive|IsRainingPerish has 60 seconds left.
|
|t:|1785957559
|teamsize|p1|4
|teamsize|p2|4
|start
|switch|p1a: Farigiraf|Farigiraf, L50, F|100/100
|switch|p1b: Incineroar|Incineroar, L50, F|100/100
|switch|p2a: Kingambit|Kingambit, L50, M, shiny|100/100
|switch|p2b: Decidueye|Decidueye-Hisui, L50, M|100/100
|-ability|p1b: Incineroar|Intimidate|boost
|-unboost|p2a: Kingambit|atk|1
|-ability|p2a: Kingambit|Defiant|boost
|-boost|p2a: Kingambit|atk|2
|-fail|p2b: Decidueye|unboost|Attack|[from] ability: Scrappy|[of] p2b: Decidueye
|turn|1
|inactive|testandoteste has 30 seconds left.
|
|t:|1785957599
|move|p1a: Farigiraf|Helping Hand|p1b: Incineroar
|-singleturn|p1b: Incineroar|Helping Hand|[of] p1a: Farigiraf
|move|p2b: Decidueye|Triple Arrows|p1b: Incineroar
|-supereffective|p1b: Incineroar|1
|-crit|p1b: Incineroar
|-enditem|p1b: Incineroar|Chople Berry|[eat]
|-enditem|p1b: Incineroar|Chople Berry|[weaken]
|-damage|p1b: Incineroar|28/100
|-unboost|p1b: Incineroar|def|1
|move|p2a: Kingambit|Kowtow Cleave|p1b: Incineroar
|-resisted|p1b: Incineroar|1
|-damage|p1b: Incineroar|0 fnt
|faint|p1b: Incineroar
|
|upkeep
|
|t:|1785957613
|switch|p1b: Staraptor|Staraptor, L50, M|100/100
|-ability|p1b: Staraptor|Intimidate|boost
|-unboost|p2a: Kingambit|atk|1
|-ability|p2a: Kingambit|Defiant|boost
|-boost|p2a: Kingambit|atk|2
|-fail|p2b: Decidueye|unboost|Attack|[from] ability: Scrappy|[of] p2b: Decidueye
|turn|2
|
|t:|1785957624
|detailschange|p1b: Staraptor|Staraptor-Mega, L50, M
|-mega|p1b: Staraptor|Staraptor|Staraptite
|move|p2a: Kingambit|Protect|p2a: Kingambit
|-singleturn|p2a: Kingambit|Protect
|move|p1b: Staraptor|Close Combat|p2a: Kingambit
|-activate|p2a: Kingambit|move: Protect
|move|p2b: Decidueye|Triple Arrows|p1b: Staraptor
|-resisted|p1b: Staraptor|1
|-damage|p1b: Staraptor|79/100
|-boost|p1b: Staraptor|def|1
|move|p1a: Farigiraf|Psychic|p2b: Decidueye
|-supereffective|p2b: Decidueye|1
|-damage|p2b: Decidueye|20/100r
|
|upkeep
|turn|3
|
|t:|1785957647
|switch|p2a: Basculegion|Basculegion, L50, M, shiny|100/100
|move|p1b: Staraptor|Close Combat|p2a: Basculegion
|-immune|p2a: Basculegion
|move|p2b: Decidueye|Taunt|p1a: Farigiraf
|-start|p1a: Farigiraf|move: Taunt
|cant|p1a: Farigiraf|move: Taunt|Trick Room
|
|upkeep
|turn|4
|inactive|testandoteste has 30 seconds left.
|
|t:|1785957677
|move|p2b: Decidueye|Protect|p2b: Decidueye
|-singleturn|p2b: Decidueye|Protect
|move|p1b: Staraptor|Brave Bird|p2a: Basculegion
|-damage|p2a: Basculegion|14/100
|-damage|p1b: Staraptor|50/100g|[from] Recoil
|move|p2a: Basculegion|Wave Crash|p1b: Staraptor
|-damage|p1b: Staraptor|0 fnt
|faint|p1b: Staraptor
|-damage|p2a: Basculegion|0 fnt|[from] Recoil
|faint|p2a: Basculegion
|move|p1a: Farigiraf|Psychic|p2b: Decidueye
|-activate|p2b: Decidueye|move: Protect
|
|upkeep
|
|t:|1785957692
|switch|p1b: Rhyperior|Rhyperior, L50, M|100/100
|switch|p2a: Kingambit|Kingambit, L50, M, shiny|100/100
|turn|5
|
|t:|1785957704
|move|p2b: Decidueye|Triple Arrows|p1a: Farigiraf
|-damage|p1a: Farigiraf|62/100
|-unboost|p1a: Farigiraf|def|1
|move|p2a: Kingambit|Kowtow Cleave|p1a: Farigiraf
|-supereffective|p1a: Farigiraf|1
|-damage|p1a: Farigiraf|0 fnt
|faint|p1a: Farigiraf
|move|p1b: Rhyperior|High Horsepower|p2a: Kingambit
|-supereffective|p2a: Kingambit|1
|-damage|p2a: Kingambit|0 fnt
|faint|p2a: Kingambit
|-damage|p1b: Rhyperior|90/100|[from] item: Life Orb
|
|upkeep
|
|t:|1785957706
|switch|p2a: Raichu|Raichu, L50, M, shiny|100/100
|turn|6
|
|t:|1785957723
|move|p2a: Raichu|Fake Out|p1b: Rhyperior
|-resisted|p1b: Rhyperior|1
|-damage|p1b: Rhyperior|87/100
|move|p2b: Decidueye|Leaf Blade|p1b: Rhyperior
|-supereffective|p1b: Rhyperior|2
|-crit|p1b: Rhyperior
|-damage|p1b: Rhyperior|0 fnt
|faint|p1b: Rhyperior
|
|win|IsRainingPerish
