|j|☆hexagonfoot
|j|☆Ruben1452
|html|hexagonfootRuben1452    
|uhtml|bestof|Game 1 of a best-of-3
|t:|1756338641
|gametype|doubles
|player|p1|hexagonfoot|caitlin|1110
|player|p2|Ruben1452|hilbert-wonderlauncher|1068
|gen|9
|tier|[Gen 9] VGC 2025 Reg H (Bo3)
|rated|
|rule|Species Clause: Limit one of each Pokémon
|rule|Item Clause: Limit 1 of each item
|clearpoke
|poke|p1|Kingambit, L50, M|
|poke|p1|Primarina, L50, M|
|poke|p1|Sneasler, L50, M|
|poke|p1|Magmar, L50, M|
|poke|p1|Rillaboom, L50, M|
|poke|p1|Dragapult, L50, M|
|poke|p2|Incineroar, L50, F|
|poke|p2|Basculegion, L50, M|
|poke|p2|Pelipper, L50, M|
|poke|p2|Amoonguss, L50, M|
|poke|p2|Archaludon, L50, M|
|poke|p2|Gholdengo, L50|
|teampreview|4
|showteam|p1|Kingambit||BlackGlasses|Defiant|KowtowCleave,SuckerPunch,SwordsDance,Protect|||M|||50|,,,,,Ghost]Primarina||SitrusBerry|LiquidVoice|HyperVoice,Moonblast,Haze,Protect|||M|||50|,,,,,Water]Sneasler||FocusSash|PoisonTouch|CloseCombat,DireClaw,FakeOut,Protect|||M|||50|,,,,,Stellar]Magmar||Eviolite|VitalSpirit|Overheat,WillOWisp,FollowMe,Protect|||M|||50|,,,,,Ghost]Rillaboom||AssaultVest|GrassySurge|WoodHammer,GrassyGlide,HighHorsepower,FakeOut|||M|||50|,,,,,Fire]Dragapult||ChoiceBand|ClearBody|DragonDarts,PhantomForce,TeraBlast,Uturn|||M|||50|,,,,,Ghost
|showteam|p2|Incineroar||SafetyGoggles|Intimidate|FakeOut,PartingShot,Taunt,KnockOff|||F|||50|,,,,,Ghost]Basculegion||ChoiceBand|SwiftSwim|WaveCrash,LastRespects,FlipTurn,AquaJet|||M|||50|,,,,,Grass]Pelipper||FocusSash|Drizzle|WeatherBall,Hurricane,Tailwind,Protect|||M|||50|,,,,,Ground]Amoonguss||SitrusBerry|Regenerator|Spore,RagePowder,PollenPuff,Protect|||M|||50|,,,,,Water]Archaludon||AssaultVest|Stamina|ElectroShot,DragonPulse,FlashCannon,BodyPress|||M|||50|,,,,,Bug]Gholdengo||LifeOrb|GoodasGold|MakeItRain,ShadowBall,NastyPlot,Protect||||||50|,,,,,Water
|inactive|Battle timer is ON: inactive players will automatically lose when time's up. (requested by Ruben1452)
|inactive|hexagonfoot has 60 seconds left.
|inactive|Ruben1452 has 60 seconds left.
|inactive|Ruben1452 has 30 seconds left.
|inactive|Ruben1452 has 20 seconds left.
|inactive|Ruben1452 has 15 seconds left.
|inactive|Ruben1452 has 10 seconds left.
|
|t:|1756338723
|teamsize|p1|4
|teamsize|p2|4
|start
|switch|p1a: Rillaboom|Rillaboom, L50, M|100/100
|switch|p1b: Kingambit|Kingambit, L50, M|100/100
|switch|p2a: Archaludon|Archaludon, L50, M|100/100
|switch|p2b: Pelipper|Pelipper, L50, M|100/100
|-fieldstart|move: Grassy Terrain|[from] ability: Grassy Surge|[of] p1a: Rillaboom
|-weather|RainDance|[from] ability: Drizzle|[of] p2b: Pelipper
|turn|1
|inactive|hexagonfoot has 30 seconds left.
|
|t:|1756338758
|-terastallize|p2a: Archaludon|Bug
|-terastallize|p1b: Kingambit|Ghost
|move|p1a: Rillaboom|Fake Out|p2b: Pelipper
|-damage|p2b: Pelipper|80/100
|cant|p2b: Pelipper|flinch
|move|p2a: Archaludon|Body Press|p1b: Kingambit
|-immune|p1b: Kingambit
|move|p1b: Kingambit|Swords Dance|p1b: Kingambit
|-boost|p1b: Kingambit|atk|2
|
|-weather|RainDance|[upkeep]
|upkeep
|turn|2
|inactive|hexagonfoot has 30 seconds left.
|inactive|Ruben1452 has 30 seconds left.
|inactive|hexagonfoot has 20 seconds left.
|
|t:|1756338798
|switch|p2a: Amoonguss|Amoonguss, L50, M|100/100
|move|p1b: Kingambit|Sucker Punch|p2b: Pelipper
|-damage|p2b: Pelipper|0 fnt
|faint|p2b: Pelipper
|move|p1a: Rillaboom|Wood Hammer|p2a: Amoonguss
|-resisted|p2a: Amoonguss
|-damage|p2a: Amoonguss|85/100
|-damage|p1a: Rillaboom|94/100|[from] Recoil
|
|-weather|RainDance|[upkeep]
|-heal|p1a: Rillaboom|100/100|[from] Grassy Terrain
|-heal|p2a: Amoonguss|90/100|[from] Grassy Terrain
|upkeep
|
|t:|1756338804
|switch|p2b: Archaludon|Archaludon, L50, M, tera:Bug|100/100
|turn|3
|
|t:|1756338825
|move|p2a: Amoonguss|Rage Powder|p2a: Amoonguss
|-singleturn|p2a: Amoonguss|move: Rage Powder
|move|p1a: Rillaboom|High Horsepower|p2a: Amoonguss
|-damage|p2a: Amoonguss|63/100
|move|p2b: Archaludon|Electro Shot||[still]
|-prepare|p2b: Archaludon|Electro Shot
|-boost|p2b: Archaludon|spa|1
|-anim|p2b: Archaludon|Electro Shot|p1b: Kingambit
|-damage|p1b: Kingambit|45/100
|move|p1b: Kingambit|Kowtow Cleave|p2a: Amoonguss
|-damage|p2a: Amoonguss|0 fnt
|faint|p2a: Amoonguss
|
|-weather|RainDance|[upkeep]
|-heal|p1b: Kingambit|51/100|[from] Grassy Terrain
|upkeep
|
|t:|1756338838
|switch|p2a: Basculegion|Basculegion, L50, M|100/100
|turn|4
|
|t:|1756338862
|switch|p1a: Dragapult|Dragapult, L50, M|100/100
|move|p1b: Kingambit|Sucker Punch|p2a: Basculegion
|-supereffective|p2a: Basculegion
|-damage|p2a: Basculegion|0 fnt
|faint|p2a: Basculegion
|move|p2b: Archaludon|Electro Shot||[still]
|-prepare|p2b: Archaludon|Electro Shot
|-boost|p2b: Archaludon|spa|1
|-anim|p2b: Archaludon|Electro Shot|p1b: Kingambit
|-damage|p1b: Kingambit|0 fnt
|faint|p1b: Kingambit
|
|-weather|RainDance|[upkeep]
|upkeep
|
|t:|1756338882
|switch|p1b: Primarina|Primarina, L50, M|100/100
|turn|5
|
|t:|1756338906
|move|p1b: Primarina|Protect|p1b: Primarina
|-singleturn|p1b: Primarina|Protect
|move|p1a: Dragapult|U-turn|p2b: Archaludon
|-damage|p2b: Archaludon|74/100
|-ability|p2b: Archaludon|Stamina|boost
|-boost|p2b: Archaludon|def|1
|
|t:|1756338911
|switch|p1a: Rillaboom|Rillaboom, L50, M|100/100|[from] U-turn
|move|p2b: Archaludon|Electro Shot||[still]
|-prepare|p2b: Archaludon|Electro Shot
|-boost|p2b: Archaludon|spa|1
|-anim|p2b: Archaludon|Electro Shot|p1b: Primarina
|-activate|p1b: Primarina|move: Protect
|
|-weather|none
|-heal|p2b: Archaludon|80/100|[from] Grassy Terrain
|-fieldend|move: Grassy Terrain
|upkeep
|turn|6
|
|t:|1756338920
|move|p1a: Rillaboom|Fake Out|p2b: Archaludon
|-damage|p2b: Archaludon|73/100
|-ability|p2b: Archaludon|Stamina|boost
|-boost|p2b: Archaludon|def|1
|cant|p2b: Archaludon|flinch
|move|p1b: Primarina|Haze|p1b: Primarina
|-clearallboost
|
|upkeep
|turn|7
|-message|Ruben1452 forfeited.
|
|win|hexagonfoot
|l|☆Ruben1452
|player|p2|
||hexagonfoot is ready for game 2.
||Ruben1452 is ready for game 2.
|uhtml|next|Next: Game 2 of 3
