|j|☆SnrubYesthatlldo
|j|☆cakepopdance
|html|SnrubYesthatlldocakepopdance    
|uhtml|bestof|Game 1 of a best-of-3
|t:|1757655626
|gametype|doubles
|player|p1|SnrubYesthatlldo|1|1191
|player|p2|cakepopdance|102|1136
|gen|9
|tier|[Gen 9] VGC 2025 Reg H (Bo3)
|rated|
|rule|Species Clause: Limit one of each Pokémon
|rule|Item Clause: Limit 1 of each item
|clearpoke
|poke|p1|Archaludon, L50, M|
|poke|p1|Pelipper, L50, F|
|poke|p1|Basculegion, L50, M|
|poke|p1|Incineroar, L50, F|
|poke|p1|Amoonguss, L50, F|
|poke|p1|Farigiraf, L50, M|
|poke|p2|Dragapult, L50, M|
|poke|p2|Incineroar, L50, M|
|poke|p2|Amoonguss, L50, F|
|poke|p2|Primarina, L50, F|
|poke|p2|Sneasler, L50, F|
|poke|p2|Whimsicott, L50, F|
|teampreview|4
|showteam|p1|Archaludon||AssaultVest|Stamina|ElectroShot,DracoMeteor,Snarl,BodyPress|||M|||50|,,,,,Fighting]Pelipper||FocusSash|Drizzle|Protect,WeatherBall,Hurricane,Tailwind|||F|||50|,,,,,Stellar]Basculegion||ChoiceScarf|Adaptability|WaveCrash,LastRespects,PhantomForce,FlipTurn|||M|||50|,,,,,Water]Incineroar||SafetyGoggles|Intimidate|FakeOut,KnockOff,Taunt,PartingShot|||F|||50|,,,,,Ghost]Amoonguss||CovertCloak|Regenerator|Protect,PollenPuff,Spore,RagePowder|||F|||50|,,,,,Steel]Farigiraf||ThroatSpray|ArmorTail|Protect,HyperVoice,Psychic,TrickRoom|||M|||50|,,,,,Water
|showteam|p2|Dragapult||ChoiceBand|ClearBody|DragonDarts,TeraBlast,PhantomForce,Uturn|||M|||50|,,,,,Ghost]Incineroar||SafetyGoggles|Intimidate|FakeOut,FlareBlitz,KnockOff,PartingShot|||M|||50|,,,,,Grass]Amoonguss||SitrusBerry|Regenerator|Spore,RagePowder,PollenPuff,Protect|||F|||50|,,,,,Water]Primarina||ThroatSpray|LiquidVoice|HyperVoice,Moonblast,AquaJet,Protect|||F|||50|,,,,,Water]Sneasler||FocusSash|Unburden|DireClaw,CloseCombat,FakeOut,Protect|||F|||50|,,,,,Ghost]Whimsicott||CovertCloak|Prankster|Tailwind,Encore,Moonblast,Taunt|||F|||50|,,,,,Dark
|inactive|Battle timer is ON: inactive players will automatically lose when time's up. (requested by cakepopdance)
|j| Jakub666
|l| Jakub666
|
|t:|1757655647
|teamsize|p1|4
|teamsize|p2|4
|start
|switch|p1a: Basculegion|Basculegion, L50, M|100/100
|switch|p1b: Amoonguss|Amoonguss, L50, F|100/100
|switch|p2a: Dragapult|Dragapult, L50, M|100/100
|switch|p2b: Incineroar|Incineroar, L50, M|100/100
|-ability|p2b: Incineroar|Intimidate|boost
|-unboost|p1a: Basculegion|atk|1
|-unboost|p1b: Amoonguss|atk|1
|turn|1
|inactive|cakepopdance has 30 seconds left.
|inactive|SnrubYesthatlldo has 30 seconds left.
|
|t:|1757655689
|move|p1b: Amoonguss|Protect|p1b: Amoonguss
|-singleturn|p1b: Amoonguss|Protect
|move|p1a: Basculegion|Flip Turn|p2b: Incineroar
|-supereffective|p2b: Incineroar
|-damage|p2b: Incineroar|49/100
|
|t:|1757655695
|switch|p1a: Incineroar|Incineroar, L50, F|100/100|[from] Flip Turn
|-ability|p1a: Incineroar|Intimidate|boost
|-fail|p2a: Dragapult|unboost|[from] ability: Clear Body|[of] p2a: Dragapult
|-unboost|p2b: Incineroar|atk|1
|move|p2a: Dragapult|Dragon Darts|p1a: Incineroar
|-damage|p1a: Incineroar|59/100
|-anim|p2a: Dragapult|Dragon Darts|p1a: Incineroar
|-damage|p1a: Incineroar|19/100
|move|p2b: Incineroar|Flare Blitz|p1b: Amoonguss
|-activate|p1b: Amoonguss|move: Protect
|
|upkeep
|turn|2
|
|t:|1757655712
|-terastallize|p1b: Amoonguss|Steel
|move|p1b: Amoonguss|Rage Powder|p1b: Amoonguss
|-singleturn|p1b: Amoonguss|move: Rage Powder
|move|p2a: Dragapult|Dragon Darts|p1b: Amoonguss
|-resisted|p1b: Amoonguss
|-damage|p1b: Amoonguss|85/100
|-anim|p2a: Dragapult|Dragon Darts|p1b: Amoonguss
|-resisted|p1b: Amoonguss
|-damage|p1b: Amoonguss|70/100
|move|p1a: Incineroar|Knock Off|p2a: Dragapult
|-supereffective|p2a: Dragapult
|-damage|p2a: Dragapult|0 fnt
|-enditem|p2a: Dragapult|Choice Band|[from] move: Knock Off|[of] p1a: Incineroar
|faint|p2a: Dragapult
|move|p2b: Incineroar|Flare Blitz|p1b: Amoonguss
|-supereffective|p1b: Amoonguss
|-damage|p1b: Amoonguss|0 fnt
|faint|p1b: Amoonguss
|-damage|p2b: Incineroar|24/100|[from] Recoil
|
|upkeep
|inactive|SnrubYesthatlldo has 30 seconds left.
|inactive|cakepopdance has 30 seconds left.
|inactive|cakepopdance has 20 seconds left.
|inactive|cakepopdance has 15 seconds left.
|inactive|cakepopdance has 10 seconds left.
|inactive|cakepopdance has 5 seconds left.
|
|t:|1757655767
|switch|p2a: Amoonguss|Amoonguss, L50, F|100/100
|switch|p1b: Pelipper|Pelipper, L50, F|100/100
|-weather|RainDance|[from] ability: Drizzle|[of] p1b: Pelipper
|turn|3
|inactive|cakepopdance has 30 seconds left.
|
|t:|1757655798
|-terastallize|p2a: Amoonguss|Water
|move|p1b: Pelipper|Hurricane|p2b: Incineroar
|-crit|p2b: Incineroar
|-damage|p2b: Incineroar|0 fnt
|faint|p2b: Incineroar
|move|p1a: Incineroar|Taunt|p2a: Amoonguss
|-start|p2a: Amoonguss|move: Taunt
|cant|p2a: Amoonguss|move: Taunt|Spore
|
|-weather|RainDance|[upkeep]
|upkeep
|
|t:|1757655803
|switch|p2b: Primarina|Primarina, L50, F|100/100
|turn|4
|
|t:|1757655827
|move|p1b: Pelipper|Hurricane|p2b: Primarina
|-damage|p2b: Primarina|60/100
|-start|p2b: Primarina|confusion
|move|p1a: Incineroar|Taunt|p2b: Primarina
|-start|p2b: Primarina|move: Taunt
|-activate|p2b: Primarina|confusion
|move|p2b: Primarina|Hyper Voice|p1b: Pelipper|[spread] p1a,p1b
|-supereffective|p1a: Incineroar
|-resisted|p1b: Pelipper
|-damage|p1a: Incineroar|0 fnt
|-damage|p1b: Pelipper|48/100
|faint|p1a: Incineroar
|-enditem|p2b: Primarina|Throat Spray
|-boost|p2b: Primarina|spa|1|[from] item: Throat Spray
|move|p2a: Amoonguss|Pollen Puff|p1b: Pelipper
|-resisted|p1b: Pelipper
|-damage|p1b: Pelipper|31/100
|
|-weather|RainDance|[upkeep]
|upkeep
|
|t:|1757655838
|switch|p1a: Basculegion|Basculegion, L50, M|100/100
|turn|5
|inactive|cakepopdance has 30 seconds left.
|
|t:|1757655865
|move|p1a: Basculegion|Last Respects|p2b: Primarina
|-damage|p2b: Primarina|0 fnt
|faint|p2b: Primarina
|move|p1b: Pelipper|Hurricane|p2a: Amoonguss
|-damage|p2a: Amoonguss|70/100
|-start|p2a: Amoonguss|confusion
|-activate|p2a: Amoonguss|confusion
|-damage|p2a: Amoonguss|63/100|[from] confusion
|
|-weather|RainDance|[upkeep]
|-end|p2a: Amoonguss|move: Taunt
|upkeep
|turn|6
|inactive|cakepopdance has 30 seconds left.
|inactive|cakepopdance has 20 seconds left.
|inactive|cakepopdance has 15 seconds left.
|inactive|cakepopdance has 10 seconds left.
|-message|cakepopdance forfeited.
|
|win|SnrubYesthatlldo
||cakepopdance is ready for game 2.
|inactive|SnrubYesthatlldo has 30 seconds to confirm battle start!
||SnrubYesthatlldo is ready for game 2.
|uhtml|next|Next: Game 2 of 3
|l|☆cakepopdance
|player|p2|
