|j|☆chawieeee
|j|☆joshuajohnf
|html|chawieeeejoshuajohnf    
|uhtml|bestof|Game 1 of a best-of-3
|t:|1757928020
|gametype|doubles
|player|p1|chawieeee|169|1217
|player|p2|joshuajohnf|101|1206
|gen|9
|tier|[Gen 9] VGC 2025 Reg H (Bo3)
|rated|
|rule|Species Clause: Limit one of each Pokémon
|rule|Item Clause: Limit 1 of each item
|clearpoke
|poke|p1|Tinkaton, L50, F|
|poke|p1|Ursaluna-Bloodmoon, L50, M|
|poke|p1|Incineroar, L50, F|
|poke|p1|Politoed, L50, M|
|poke|p1|Beartic, L50, M|
|poke|p1|Kilowattrel, L50, M|
|poke|p2|Talonflame, L50, F|
|poke|p2|Garchomp, L50, F|
|poke|p2|Tyranitar, L50, M|
|poke|p2|Dondozo, L50, M|
|poke|p2|Amoonguss, L50, F|
|poke|p2|Gholdengo, L50|
|teampreview|4
|showteam|p1|Tinkaton||WideLens|MoldBreaker|FakeOut,ThunderWave,Encore,PlayRough|||F|||50|,,,,,Grass]Ursaluna-Bloodmoon||LifeOrb|MindsEye|BloodMoon,EarthPower,HyperVoice,Protect|||M|||50|,,,,,Ghost]Incineroar||SafetyGoggles|Intimidate|FakeOut,Uturn,KnockOff,Taunt|||F|||50|,,,,,Bug]Politoed||AssaultVest|Drizzle|MuddyWater,WeatherBall,IcyWind,IceBeam|||M|||50|,,,,,Grass]Beartic||LoadedDice|SwiftSwim|IcicleSpear,ThroatChop,Liquidation,Protect|||M|||50|,,,,,Water]Kilowattrel||FocusSash|Competitive|Tailwind,VoltSwitch,Hurricane,Protect|||M|||50|,,,,,Ghost
|showteam|p2|Talonflame||CovertCloak|GaleWings|DualWingbeat,Tailwind,WillOWisp,Taunt|||F|||50|,,,,,Ghost]Garchomp||ClearAmulet|RoughSkin|Protect,StompingTantrum,Earthquake,DragonClaw|||F|||50|,,,,,Steel]Tyranitar||AssaultVest|SandStream|RockSlide,KnockOff,LowKick,TeraBlast|||M|||50|,,,,,Flying]Dondozo||Leftovers|Unaware|WaveCrash,Yawn,Substitute,Protect|||M|||50|,,,,,Bug]Amoonguss||SitrusBerry|Regenerator|Protect,RagePowder,Spore,PollenPuff|||F|||50|,,,,,Water]Gholdengo||LifeOrb|GoodasGold|MakeItRain,ShadowBall,NastyPlot,Protect||||||50|,,,,,Flying
|inactive|Battle timer is ON: inactive players will automatically lose when time's up. (requested by chawieeee)
|inactive|joshuajohnf has 60 seconds left.
|
|t:|1757928069
|teamsize|p1|4
|teamsize|p2|4
|start
|switch|p1a: Tinkaton|Tinkaton, L50, F|100/100
|switch|p1b: Ursaluna|Ursaluna-Bloodmoon, L50, M|100/100
|switch|p2a: Gholdengo|Gholdengo, L50|100/100
|switch|p2b: Talonflame|Talonflame, L50, F|100/100
|-ability|p1a: Tinkaton|Mold Breaker
|turn|1
|inactive|chawieeee has 30 seconds left.
|inactive|joshuajohnf has 30 seconds left.
|
|t:|1757928099
|switch|p1b: Politoed|Politoed, L50, M|100/100
|-weather|RainDance|[from] ability: Drizzle|[of] p1b: Politoed
|move|p2a: Gholdengo|Protect|p2a: Gholdengo
|-singleturn|p2a: Gholdengo|Protect
|move|p2b: Talonflame|Taunt|p1a: Tinkaton
|-start|p1a: Tinkaton|move: Taunt
|cant|p1a: Tinkaton|move: Taunt|Thunder Wave
|
|-weather|RainDance|[upkeep]
|upkeep
|turn|2
|
|t:|1757928119
|switch|p2b: Tyranitar|Tyranitar, L50, M|100/100
|-weather|Sandstorm|[from] ability: Sand Stream|[of] p2b: Tyranitar
|switch|p1a: Incineroar|Incineroar, L50, F|100/100
|-ability|p1a: Incineroar|Intimidate|boost
|-unboost|p2a: Gholdengo|atk|1
|-unboost|p2b: Tyranitar|atk|1
|move|p2a: Gholdengo|Nasty Plot|p2a: Gholdengo
|-boost|p2a: Gholdengo|spa|2
|move|p1b: Politoed|Muddy Water|p2b: Tyranitar|[spread] p2a,p2b
|-supereffective|p2b: Tyranitar
|-damage|p2a: Gholdengo|69/100
|-damage|p2b: Tyranitar|78/100
|
|-weather|Sandstorm|[upkeep]
|-damage|p1b: Politoed|94/100|[from] Sandstorm
|upkeep
|turn|3
|inactive|chawieeee has 30 seconds left.
|inactive|joshuajohnf has 30 seconds left.
|
|t:|1757928151
|switch|p2b: Garchomp|Garchomp, L50, F|100/100
|move|p2a: Gholdengo|Shadow Ball|p1b: Politoed
|-damage|p1b: Politoed|40/100
|-unboost|p1b: Politoed|spd|1
|-damage|p2a: Gholdengo|59/100|[from] item: Life Orb
|move|p1b: Politoed|Icy Wind|p2b: Garchomp|[spread] p2b
|-miss|p1b: Politoed|p2a: Gholdengo
|-supereffective|p2b: Garchomp
|-damage|p2b: Garchomp|57/100
|move|p1a: Incineroar|Knock Off|p2a: Gholdengo
|-supereffective|p2a: Gholdengo
|-damage|p2a: Gholdengo|0 fnt
|-enditem|p2a: Gholdengo|Life Orb|[from] move: Knock Off|[of] p1a: Incineroar
|faint|p2a: Gholdengo
|
|-weather|Sandstorm|[upkeep]
|-damage|p1b: Politoed|34/100|[from] Sandstorm
|upkeep
|
|t:|1757928164
|switch|p2a: Talonflame|Talonflame, L50, F|100/100
|turn|4
|inactive|chawieeee has 30 seconds left.
|inactive|chawieeee has 20 seconds left.
|inactive|chawieeee has 15 seconds left.
|inactive|chawieeee has 10 seconds left.
|inactive|chawieeee has 5 seconds left.
|
|t:|1757928214
|switch|p1b: Tinkaton|Tinkaton, L50, F|100/100
|-ability|p1b: Tinkaton|Mold Breaker
|-terastallize|p1a: Incineroar|Bug
|move|p2a: Talonflame|Dual Wingbeat|p1a: Incineroar
|-supereffective|p1a: Incineroar
|-damage|p1a: Incineroar|77/100
|-supereffective|p1a: Incineroar
|-damage|p1a: Incineroar|52/100
|-hitcount|p1a: Incineroar|2
|move|p2b: Garchomp|Earthquake|p1a: Incineroar|[spread] p1a,p1b
|-immune|p2a: Talonflame
|-resisted|p1a: Incineroar
|-supereffective|p1b: Tinkaton
|-damage|p1a: Incineroar|37/100
|-damage|p1b: Tinkaton|9/100
|move|p1a: Incineroar|U-turn|p2b: Garchomp
|-damage|p2b: Garchomp|29/100
|-damage|p1a: Incineroar|24/100|[from] ability: Rough Skin|[of] p2b: Garchomp
|inactive|chawieeee has 30 seconds left.
|
|t:|1757928239
|switch|p1a: Ursaluna|Ursaluna-Bloodmoon, L50, M|100/100|[from] U-turn
|
|-weather|Sandstorm|[upkeep]
|-damage|p2a: Talonflame|95/100|[from] Sandstorm
|upkeep
|turn|5
|inactive|chawieeee has 30 seconds left.
|inactive|chawieeee has 20 seconds left.
|
|t:|1757928277
|move|p2b: Garchomp|Protect|p2b: Garchomp
|-singleturn|p2b: Garchomp|Protect
|move|p1b: Tinkaton|Fake Out|p2b: Garchomp
|-activate|p2b: Garchomp|move: Protect
|move|p2a: Talonflame|Dual Wingbeat|p1b: Tinkaton
|-resisted|p1b: Tinkaton
|-damage|p1b: Tinkaton|0 fnt
|faint|p1b: Tinkaton
|-hitcount|p1: Tinkaton|1
|move|p1a: Ursaluna|Hyper Voice|p2b: Garchomp|[spread] p2a
|-activate|p2b: Garchomp|move: Protect
|-damage|p2a: Talonflame|15/100
|-damage|p1a: Ursaluna|91/100|[from] item: Life Orb
|
|-weather|Sandstorm|[upkeep]
|-damage|p2a: Talonflame|10/100|[from] Sandstorm
|upkeep
|
|t:|1757928297
|switch|p1b: Incineroar|Incineroar, L50, F, tera:Bug|24/100
|-ability|p1b: Incineroar|Intimidate|boost
|-unboost|p2a: Talonflame|atk|1
|-fail|p2b: Garchomp|unboost|[from] item: Clear Amulet|[of] p2b: Garchomp
|turn|6
|
|t:|1757928308
|switch|p2b: Tyranitar|Tyranitar, L50, M|78/100
|move|p1b: Incineroar|Fake Out|p2b: Tyranitar
|-resisted|p2b: Tyranitar
|-damage|p2b: Tyranitar|73/100
|move|p2a: Talonflame|Dual Wingbeat|p1b: Incineroar
|-supereffective|p1b: Incineroar
|-damage|p1b: Incineroar|6/100
|-supereffective|p1b: Incineroar
|-damage|p1b: Incineroar|0 fnt
|faint|p1b: Incineroar
|-hitcount|p1: Incineroar|2
|move|p1a: Ursaluna|Earth Power|p2b: Tyranitar
|-supereffective|p2b: Tyranitar
|-damage|p2b: Tyranitar|18/100
|-damage|p1a: Ursaluna|81/100|[from] item: Life Orb
|
|-weather|none
|upkeep
|
|t:|1757928323
|switch|p1b: Politoed|Politoed, L50, M|34/100
|-weather|RainDance|[from] ability: Drizzle|[of] p1b: Politoed
|turn|7
|
|t:|1757928346
|move|p2a: Talonflame|Dual Wingbeat|p1b: Politoed
|-damage|p1b: Politoed|23/100
|-damage|p1b: Politoed|11/100
|-hitcount|p1b: Politoed|2
|move|p2b: Tyranitar|Rock Slide|p1b: Politoed|[spread] p1a,p1b
|-resisted|p1a: Ursaluna
|-damage|p1a: Ursaluna|69/100
|-damage|p1b: Politoed|0 fnt
|faint|p1b: Politoed
|cant|p1a: Ursaluna|flinch
|
|-weather|RainDance|[upkeep]
|upkeep
|turn|8
|
|t:|1757928363
|-terastallize|p2b: Tyranitar|Flying
|move|p2a: Talonflame|Will-O-Wisp|p1a: Ursaluna|[miss]
|-miss|p2a: Talonflame|p1a: Ursaluna
|move|p2b: Tyranitar|Low Kick|p1a: Ursaluna
|-supereffective|p1a: Ursaluna
|-damage|p1a: Ursaluna|1/100
|move|p1a: Ursaluna|Hyper Voice|p2a: Talonflame|[spread] p2a,p2b
|-damage|p2a: Talonflame|0 fnt
|-damage|p2b: Tyranitar|0 fnt
|faint|p2a: Talonflame
|faint|p2b: Tyranitar
|-damage|p1a: Ursaluna|0 fnt|[from] item: Life Orb
|faint|p1a: Ursaluna
|
|win|joshuajohnf
||chawieeee is ready for game 2.
|inactive|joshuajohnf has 30 seconds to confirm battle start!
||joshuajohnf is ready for game 2.
|uhtml|next|Next: Game 2 of 3
|l|☆joshuajohnf
|player|p2|
