|j|☆AydenFinn12
|j|‽LorGhez
|html|AydenFinn12LorGhez    
|uhtml|bestof|Game 3 of a best-of-3
|t:|1784226093
|gametype|doubles
|player|p1|AydenFinn12|170|1124
|player|p2|LorGhez|170|1104
|gen|9
|tier|[Gen 9 Champions] VGC 2026 Reg M-B (Bo3)
|rated|
|rule|Species Clause: Limit one of each Pokémon
|rule|Item Clause: Limit 1 of each item
|clearpoke
|poke|p1|Charizard, L50, M, shiny|
|poke|p1|Venusaur, L50, F, shiny|
|poke|p1|Toxapex, L50, F, shiny|
|poke|p1|Incineroar, L50, F, shiny|
|poke|p1|Annihilape, L50, M, shiny|
|poke|p1|Garchomp, L50, F, shiny|
|poke|p2|Venusaur, L50, M|
|poke|p2|Incineroar, L50, F|
|poke|p2|Primarina, L50, F|
|poke|p2|Aerodactyl, L50, F|
|poke|p2|Archaludon, L50, M|
|poke|p2|Farigiraf, L50, M|
|teampreview|4
|showteam|p1|Charizard||CharizarditeY|Blaze|HeatWave,SolarBeam,WeatherBall,Protect|Modest||M|||50|]Venusaur||LifeOrb|Chlorophyll|SludgeBomb,SolarBeam,EarthPower,Protect|Modest||F|||50|]Toxapex||Leftovers|Regenerator|Infestation,Toxic,WideGuard,BanefulBunker|Bold||F|||50|]Incineroar||SitrusBerry|Intimidate|FlareBlitz,ThroatChop,PartingShot,FakeOut|Impish||F|||50|]Annihilape||FocusSash|Defiant|PhantomForce,CloseCombat,RockTomb,Protect|Jolly||M|||50|]Garchomp||ChoiceScarf|RoughSkin|StompingTantrum,DragonClaw,Earthquake,RockSlide|Adamant||F|||50|
|showteam|p2|Venusaur||Venusaurite|Chlorophyll|Protect,GigaDrain,SludgeBomb,EarthPower|Modest||M|||50|]Incineroar||SitrusBerry|Intimidate|FakeOut,PartingShot,DarkestLariat,FlareBlitz|Careful||F|||50|]Primarina||LifeOrb|LiquidVoice|Protect,CalmMind,HyperVoice,Moonblast|Modest||F|||50|]Aerodactyl||Aerodactylite|Unnerve|Tailwind,IceFang,DualWingbeat,RockSlide|Adamant||F|||50|]Archaludon||Leftovers|Stamina|Protect,ElectroShot,Snarl,DragonPulse|Calm||M|||50|]Farigiraf||ColburBerry|ArmorTail|PsychicFangs,TrickRoom,RainDance,HelpingHand|Sassy||M|||50|
|inactive|Battle timer is ON: inactive players will automatically lose when time's up. (requested by LorGhez)
|
|t:|1784226113
|teamsize|p1|4
|teamsize|p2|4
|start
|switch|p1a: Toxapex|Toxapex, L50, F, shiny|100/100
|switch|p1b: Incineroar|Incineroar, L50, F, shiny|100/100
|switch|p2a: Farigiraf|Farigiraf, L50, M|100/100
|switch|p2b: Incineroar|Incineroar, L50, F|100/100
|-ability|p2b: Incineroar|Intimidate|boost
|-unboost|p1a: Toxapex|atk|1
|-unboost|p1b: Incineroar|atk|1
|-ability|p1b: Incineroar|Intimidate|boost
|-unboost|p2a: Farigiraf|atk|1
|-unboost|p2b: Incineroar|atk|1
|turn|1
|inactive|AydenFinn12 has 30 seconds left.
|inactive|AydenFinn12 has 20 seconds left.
|inactive|AydenFinn12 has 15 seconds left.
|inactive|AydenFinn12 has 10 seconds left.
|
|t:|1784226162
|move|p1a: Toxapex|Baneful Bunker|p1a: Toxapex
|-singleturn|p1a: Toxapex|move: Protect
|move|p2b: Incineroar|Parting Shot|p1b: Incineroar
|-unboost|p1b: Incineroar|atk|1
|-unboost|p1b: Incineroar|spa|1
|
|t:|1784226171
|switch|p2b: Archaludon|Archaludon, L50, M|100/100|[from] Parting Shot
|move|p1b: Incineroar|Throat Chop|p2a: Farigiraf
|-supereffective|p2a: Farigiraf|1
|-enditem|p2a: Farigiraf|Colbur Berry|[eat]
|-enditem|p2a: Farigiraf|Colbur Berry|[weaken]
|-damage|p2a: Farigiraf|86/100
|-start|p2a: Farigiraf|Throat Chop|[silent]
|move|p2a: Farigiraf|Trick Room|p2a: Farigiraf
|-fieldstart|move: Trick Room|[of] p2a: Farigiraf
|
|upkeep
|turn|2
|
|t:|1784226196
|switch|p1a: Annihilape|Annihilape, L50, M, shiny|100/100
|move|p2a: Farigiraf|Rain Dance|p2a: Farigiraf
|-weather|RainDance
|move|p1b: Incineroar|Parting Shot|p2b: Archaludon
|-unboost|p2b: Archaludon|atk|1
|-unboost|p2b: Archaludon|spa|1
|
|t:|1784226208
|switch|p1b: Toxapex|Toxapex, L50, F, shiny|100/100|[from] Parting Shot
|move|p2b: Archaludon|Electro Shot||[still]
|-prepare|p2b: Archaludon|Electro Shot
|-boost|p2b: Archaludon|spa|1
|-anim|p2b: Archaludon|Electro Shot|p1a: Annihilape
|-damage|p1a: Annihilape|62/100
|
|-weather|RainDance|[upkeep]
|-end|p2a: Farigiraf|Throat Chop|[silent]
|upkeep
|turn|3
|inactive|AydenFinn12 has 30 seconds left.
|inactive|AydenFinn12 has 20 seconds left.
|inactive|AydenFinn12 has 15 seconds left.
|inactive|AydenFinn12 has 10 seconds left.
|inactive|AydenFinn12 has 5 seconds left.
|
|t:|1784226259
|move|p1b: Toxapex|Baneful Bunker|p1b: Toxapex
|-singleturn|p1b: Toxapex|move: Protect
|move|p2a: Farigiraf|Psychic Fangs|p1b: Toxapex
|-activate|p1b: Toxapex|move: Protect
|-status|p2a: Farigiraf|psn
|move|p2b: Archaludon|Electro Shot||[still]
|-prepare|p2b: Archaludon|Electro Shot
|-boost|p2b: Archaludon|spa|1
|-anim|p2b: Archaludon|Electro Shot|p1a: Annihilape
|-damage|p1a: Annihilape|1/100
|move|p1a: Annihilape|Close Combat|p2b: Archaludon
|-supereffective|p2b: Archaludon|1
|-damage|p2b: Archaludon|10/100
|-unboost|p1a: Annihilape|def|1
|-unboost|p1a: Annihilape|spd|1
|-ability|p2b: Archaludon|Stamina|boost
|-boost|p2b: Archaludon|def|1
|
|-weather|RainDance|[upkeep]
|-heal|p2b: Archaludon|15/100|[from] item: Leftovers
|-damage|p2a: Farigiraf|74/100 psn|[from] psn
|upkeep
|turn|4
|
|t:|1784226284
|switch|p1b: Incineroar|Incineroar, L50, F, shiny|100/100
|-ability|p1b: Incineroar|Intimidate|boost
|-unboost|p2a: Farigiraf|atk|1
|-unboost|p2b: Archaludon|atk|1
|move|p1a: Annihilape|Protect|p1a: Annihilape
|-singleturn|p1a: Annihilape|Protect
|move|p2a: Farigiraf|Psychic Fangs|p1a: Annihilape
|-activate|p1a: Annihilape|move: Protect
|move|p2b: Archaludon|Electro Shot||[still]
|-prepare|p2b: Archaludon|Electro Shot
|-boost|p2b: Archaludon|spa|1
|-anim|p2b: Archaludon|Electro Shot|p1b: Incineroar
|-damage|p1b: Incineroar|35/100
|-enditem|p1b: Incineroar|Sitrus Berry|[eat]
|-heal|p1b: Incineroar|60/100|[from] item: Sitrus Berry
|
|-weather|RainDance|[upkeep]
|-heal|p2b: Archaludon|21/100|[from] item: Leftovers
|-damage|p2a: Farigiraf|62/100 psn|[from] psn
|upkeep
|turn|5
|inactive|AydenFinn12 has 30 seconds left.
|
|t:|1784226313
|switch|p1a: Charizard|Charizard, L50, M, shiny|100/100
|move|p2a: Farigiraf|Psychic Fangs|p1a: Charizard
|-damage|p1a: Charizard|87/100
|move|p1b: Incineroar|Parting Shot|p2b: Archaludon
|-unboost|p2b: Archaludon|atk|1
|-unboost|p2b: Archaludon|spa|1
|
|t:|1784226322
|switch|p1b: Annihilape|Annihilape, L50, M, shiny|1/100|[from] Parting Shot
|move|p2b: Archaludon|Electro Shot||[still]
|-prepare|p2b: Archaludon|Electro Shot
|-boost|p2b: Archaludon|spa|1
|-anim|p2b: Archaludon|Electro Shot|p1b: Annihilape
|-damage|p1b: Annihilape|0 fnt
|faint|p1b: Annihilape
|
|-weather|RainDance|[upkeep]
|-heal|p2b: Archaludon|27/100|[from] item: Leftovers
|-damage|p2a: Farigiraf|49/100 psn|[from] psn
|-fieldend|move: Trick Room
|upkeep
|
|t:|1784226332
|switch|p1b: Toxapex|Toxapex, L50, F, shiny|100/100
|turn|6
|
|t:|1784226346
|switch|p2a: Incineroar|Incineroar, L50, F|100/100
|-ability|p2a: Incineroar|Intimidate|boost
|-unboost|p1a: Charizard|atk|1
|-unboost|p1b: Toxapex|atk|1
|detailschange|p1a: Charizard|Charizard-Mega-Y, L50, M, shiny
|-mega|p1a: Charizard|Charizard|Charizardite Y
|-weather|SunnyDay|[from] ability: Drought|[of] p1a: Charizard
|move|p2b: Archaludon|Protect|p2b: Archaludon
|-singleturn|p2b: Archaludon|Protect
|move|p1a: Charizard|Heat Wave|p2a: Incineroar|[spread] p2a
|-activate|p2b: Archaludon|move: Protect
|-resisted|p2a: Incineroar|1
|-damage|p2a: Incineroar|75/100
|move|p1b: Toxapex|Infestation|p2a: Incineroar
|-damage|p2a: Incineroar|72/100
|-activate|p2a: Incineroar|move: Infestation|[of] p1b: Toxapex
|
|-weather|SunnyDay|[upkeep]
|-heal|p2b: Archaludon|33/100|[from] item: Leftovers
|-damage|p2a: Incineroar|60/100|[from] move: Infestation|[partiallytrapped]
|upkeep
|turn|7
|inactive|AydenFinn12 has 30 seconds left.
|inactive|LorGhez has 30 seconds left.
|inactive|AydenFinn12 has 20 seconds left.
|
|t:|1784226382
|move|p1a: Charizard|Protect|p1a: Charizard
|-singleturn|p1a: Charizard|Protect
|move|p1b: Toxapex|Baneful Bunker|p1b: Toxapex
|-singleturn|p1b: Toxapex|move: Protect
|move|p2b: Archaludon|Snarl|p1a: Charizard|[spread] 
|-activate|p1a: Charizard|move: Protect
|-activate|p1b: Toxapex|move: Protect
|move|p2a: Incineroar|Parting Shot|p1b: Toxapex
|-activate|p1b: Toxapex|move: Protect
|
|-weather|SunnyDay|[upkeep]
|-heal|p2b: Archaludon|39/100|[from] item: Leftovers
|-damage|p2a: Incineroar|48/100|[from] move: Infestation|[partiallytrapped]
|upkeep
|-enditem|p2a: Incineroar|Sitrus Berry|[eat]
|-heal|p2a: Incineroar|73/100|[from] item: Sitrus Berry
|turn|8
|
|t:|1784226406
|move|p2b: Archaludon|Protect|p2b: Archaludon
|-singleturn|p2b: Archaludon|Protect
|move|p1a: Charizard|Heat Wave|p2b: Archaludon|[spread] p2a
|-activate|p2b: Archaludon|move: Protect
|-resisted|p2a: Incineroar|1
|-damage|p2a: Incineroar|51/100
|move|p2a: Incineroar|Parting Shot|p1a: Charizard
|-unboost|p1a: Charizard|atk|1
|-unboost|p1a: Charizard|spa|1
|
|t:|1784226416
|switch|p2a: Farigiraf|Farigiraf, L50, M|49/100 psn|[from] Parting Shot
|move|p1b: Toxapex|Toxic||[still]
|-fail|p1b: Toxapex
|
|-weather|SunnyDay|[upkeep]
|-heal|p2b: Archaludon|44/100|[from] item: Leftovers
|-damage|p2a: Farigiraf|37/100 psn|[from] psn
|upkeep
|turn|9
|inactive|AydenFinn12 has 30 seconds left.
|inactive|LorGhez has 30 seconds left.
|
|t:|1784226446
|move|p2a: Farigiraf|Helping Hand|p2b: Archaludon
|-singleturn|p2b: Archaludon|Helping Hand|[of] p2a: Farigiraf
|move|p1a: Charizard|Heat Wave|p2a: Farigiraf|[spread] p2a,p2b
|-damage|p2a: Farigiraf|5/100 psn
|-damage|p2b: Archaludon|6/100
|-ability|p2b: Archaludon|Stamina|boost
|-boost|p2b: Archaludon|def|1
|move|p2b: Archaludon|Dragon Pulse|p1a: Charizard
|-damage|p1a: Charizard|0 fnt
|faint|p1a: Charizard
|move|p1b: Toxapex|Infestation|p2b: Archaludon
|-resisted|p2b: Archaludon|1
|-damage|p2b: Archaludon|5/100
|-activate|p2b: Archaludon|move: Infestation|[of] p1b: Toxapex
|-ability|p2b: Archaludon|Stamina|boost
|-boost|p2b: Archaludon|def|1
|
|-weather|SunnyDay|[upkeep]
|-heal|p2b: Archaludon|11/100|[from] item: Leftovers
|-damage|p2a: Farigiraf|0 fnt|[from] psn
|faint|p2a: Farigiraf
|-damage|p2b: Archaludon|0 fnt|[from] move: Infestation|[partiallytrapped]
|faint|p2b: Archaludon
|upkeep
|
|t:|1784226465
|switch|p1a: Incineroar|Incineroar, L50, F, shiny|60/100
|switch|p2b: Primarina|Primarina, L50, F|100/100
|switch|p2a: Incineroar|Incineroar, L50, F|51/100
|-ability|p2a: Incineroar|Intimidate|boost
|-unboost|p1a: Incineroar|atk|1
|-unboost|p1b: Toxapex|atk|1
|-ability|p1a: Incineroar|Intimidate|boost
|-unboost|p2a: Incineroar|atk|1
|-unboost|p2b: Primarina|atk|1
|turn|10
|inactive|AydenFinn12 has 30 seconds left.
|inactive|LorGhez has 30 seconds left.
|inactive|AydenFinn12 has 20 seconds left.
|inactive|LorGhez has 20 seconds left.
|inactive|LorGhez has 15 seconds left.
|
|t:|1784226506
|move|p2a: Incineroar|Fake Out|p1a: Incineroar
|-damage|p1a: Incineroar|54/100
|cant|p1a: Incineroar|flinch
|move|p2b: Primarina|Calm Mind|p2b: Primarina
|-boost|p2b: Primarina|spa|1
|-boost|p2b: Primarina|spd|1
|move|p1b: Toxapex|Toxic|p2b: Primarina
|-status|p2b: Primarina|tox
|
|-weather|none
|-damage|p2b: Primarina|93/100 tox|[from] psn
|upkeep
|turn|11
|inactive|AydenFinn12 has 30 seconds left.
|inactive|AydenFinn12 has 20 seconds left.
|inactive|AydenFinn12 has 15 seconds left.
|inactive|AydenFinn12 has 10 seconds left.
|inactive|AydenFinn12 has 5 seconds left.
|inactive|LorGhez has 30 seconds left.
|
|t:|1784226563
|move|p2b: Primarina|Moonblast|p1a: Incineroar
|-damage|p1a: Incineroar|0 fnt
|faint|p1a: Incineroar
|-damage|p2b: Primarina|84/100 tox|[from] item: Life Orb
|move|p2a: Incineroar|Darkest Lariat|p1b: Toxapex
|-damage|p1b: Toxapex|84/100
|move|p1b: Toxapex|Toxic|p2a: Incineroar
|-status|p2a: Incineroar|tox
|
|-heal|p1b: Toxapex|90/100|[from] item: Leftovers
|-damage|p2b: Primarina|72/100 tox|[from] psn
|-damage|p2a: Incineroar|45/100 tox|[from] psn
|upkeep
|turn|12
|
|t:|1784226582
|move|p2b: Primarina|Moonblast|p1b: Toxapex
|-resisted|p1b: Toxapex|1
|-damage|p1b: Toxapex|56/100
|-damage|p2b: Primarina|62/100 tox|[from] item: Life Orb
|move|p2a: Incineroar|Darkest Lariat|p1b: Toxapex
|-damage|p1b: Toxapex|40/100
|move|p1b: Toxapex|Infestation|p2b: Primarina
|-resisted|p2b: Primarina|1
|-damage|p2b: Primarina|62/100 tox
|-activate|p2b: Primarina|move: Infestation|[of] p1b: Toxapex
|
|-heal|p1b: Toxapex|46/100|[from] item: Leftovers
|-damage|p2b: Primarina|43/100 tox|[from] psn
|-damage|p2a: Incineroar|33/100 tox|[from] psn
|-damage|p2b: Primarina|31/100 tox|[from] move: Infestation|[partiallytrapped]
|upkeep
|turn|13
|
|t:|1784226600
|move|p1b: Toxapex|Baneful Bunker|p1b: Toxapex
|-singleturn|p1b: Toxapex|move: Protect
|move|p2b: Primarina|Moonblast|p1b: Toxapex
|-activate|p1b: Toxapex|move: Protect
|move|p2a: Incineroar|Darkest Lariat|p1b: Toxapex
|-activate|p1b: Toxapex|move: Protect
|
|-heal|p1b: Toxapex|52/100|[from] item: Leftovers
|-damage|p2b: Primarina|6/100 tox|[from] psn
|-damage|p2a: Incineroar|15/100 tox|[from] psn
|-damage|p2b: Primarina|0 fnt|[from] move: Infestation|[partiallytrapped]
|faint|p2b: Primarina
|upkeep
|turn|14
|
|t:|1784226616
|move|p1b: Toxapex|Baneful Bunker|p1b: Toxapex
|-singleturn|p1b: Toxapex|move: Protect
|move|p2a: Incineroar|Darkest Lariat|p1b: Toxapex
|-activate|p1b: Toxapex|move: Protect
|
|-heal|p1b: Toxapex|57/100|[from] item: Leftovers
|-damage|p2a: Incineroar|0 fnt|[from] psn
|faint|p2a: Incineroar
|
|win|AydenFinn12
|raw|AydenFinn12's rating: 1124 → 1148(+24 for winning)
|raw|LorGhez's rating: 1104 → 1080(-24 for losing)
|l|☆AydenFinn12
|player|p1|
