|j|☆KingDom1992
|j|☆ThierryVGC
|html|KingDom1992ThierryVGC    
|uhtml|bestof|Game 1 of a best-of-3
|t:|1756947908
|gametype|doubles
|player|p1|KingDom1992|brock|1256
|player|p2|ThierryVGC|101|1290
|gen|9
|tier|[Gen 9] VGC 2025 Reg H (Bo3)
|rated|
|rule|Species Clause: Limit one of each Pokémon
|rule|Item Clause: Limit 1 of each item
|clearpoke
|poke|p1|Gholdengo, L50|
|poke|p1|Sneasler, L50, F|
|poke|p1|Incineroar, L50, F|
|poke|p1|Amoonguss, L50, F|
|poke|p1|Dragonite, L50, M|
|poke|p1|Ursaluna-Bloodmoon, L50, M|
|poke|p2|Porygon2, L50|
|poke|p2|Ursaluna, L50, M|
|poke|p2|Amoonguss, L50, F|
|poke|p2|Incineroar, L50, M|
|poke|p2|Pelipper, L50, F|
|poke|p2|Archaludon, L50, M|
|teampreview|4
|showteam|p1|Gholdengo||LifeOrb|GoodasGold|MakeItRain,ShadowBall,NastyPlot,Protect||||||50|,,,,,Water]Sneasler||FocusSash|PoisonTouch|FakeOut,CloseCombat,DireClaw,Protect|||F|||50|,,,,,Stellar]Incineroar||SafetyGoggles|Intimidate|FakeOut,FlareBlitz,KnockOff,PartingShot|||F|||50|,,,,,Ghost]Amoonguss||SitrusBerry|Regenerator|Spore,RagePowder,PollenPuff,Protect|||F|||50|,,,,,Water]Dragonite||LoadedDice|Multiscale|ScaleShot,Haze,Tailwind,ExtremeSpeed|||M|||50|,,,,,Fairy]Ursaluna-Bloodmoon||AssaultVest|MindsEye|HyperVoice,BloodMoon,EarthPower,VacuumWave|||M|||50|,,,,,Normal
|showteam|p2|Porygon2||Eviolite|Download|IceBeam,TeraBlast,Recover,TrickRoom||||||50|,,,,,Fighting]Ursaluna||FlameOrb|Guts|Facade,Earthquake,HeadlongRush,Protect|||M|||50|,,,,,Fairy]Amoonguss||CovertCloak|Regenerator|PollenPuff,ClearSmog,RagePowder,Spore|||F|||50|,,,,,Dark]Incineroar||SafetyGoggles|Intimidate|KnockOff,PartingShot,Taunt,FakeOut|||M|||50|,,,,,Ghost]Pelipper||LifeOrb|Drizzle|Hurricane,Protect,WeatherBall,Tailwind|||F|||50|,,,,,Stellar]Archaludon||AssaultVest|Stamina|FlashCannon,DragonPulse,ElectroShot,BodyPress|||M|||50|,,,,,Grass
|inactive|Battle timer is ON: inactive players will automatically lose when time's up. (requested by KingDom1992)
|
|t:|1756947946
|teamsize|p1|4
|teamsize|p2|4
|start
|switch|p1a: Ursaluna|Ursaluna-Bloodmoon, L50, M|100/100
|switch|p1b: Amoonguss|Amoonguss, L50, F, shiny|100/100
|switch|p2a: Amoonguss|Amoonguss, L50, F|100/100
|switch|p2b: Porygon2|Porygon2, L50|100/100
|-ability|p2b: Porygon2|Download|boost
|-boost|p2b: Porygon2|spa|1
|turn|1
|
|t:|1756947969
|switch|p1a: Incineroar|Incineroar, L50, F, shiny|100/100
|-ability|p1a: Incineroar|Intimidate|boost
|-unboost|p2a: Amoonguss|atk|1
|-unboost|p2b: Porygon2|atk|1
|switch|p2b: Incineroar|Incineroar, L50, M|100/100
|-ability|p2b: Incineroar|Intimidate|boost
|-unboost|p1a: Incineroar|atk|1
|-unboost|p1b: Amoonguss|atk|1
|move|p1b: Amoonguss|Spore|p2b: Incineroar
|-activate|p2b: Incineroar|item: Safety Goggles|Spore
|move|p2a: Amoonguss|Spore|p1a: Incineroar
|-activate|p1a: Incineroar|item: Safety Goggles|Spore
|
|upkeep
|turn|2
|inactive|ThierryVGC has 30 seconds left.
|
|t:|1756948000
|switch|p1b: Ursaluna|Ursaluna-Bloodmoon, L50, M|100/100
|move|p1a: Incineroar|Fake Out|p2b: Incineroar
|-damage|p2b: Incineroar|95/100
|cant|p2b: Incineroar|flinch
|move|p2a: Amoonguss|Spore|p1a: Incineroar
|-activate|p1a: Incineroar|item: Safety Goggles|Spore
|
|upkeep
|turn|3
|
|t:|1756948020
|-terastallize|p2b: Incineroar|Ghost
|move|p1b: Ursaluna|Blood Moon|p2a: Amoonguss
|-damage|p2a: Amoonguss|33/100
|move|p2b: Incineroar|Knock Off|p1a: Incineroar
|-resisted|p1a: Incineroar
|-damage|p1a: Incineroar|83/100
|-enditem|p1a: Incineroar|Safety Goggles|[from] move: Knock Off|[of] p2b: Incineroar
|move|p1a: Incineroar|Flare Blitz|p2a: Amoonguss
|-supereffective|p2a: Amoonguss
|-damage|p2a: Amoonguss|0 fnt
|faint|p2a: Amoonguss
|-damage|p1a: Incineroar|72/100|[from] Recoil
|
|upkeep
|
|t:|1756948033
|switch|p2a: Ursaluna|Ursaluna, L50, M|100/100
|turn|4
|
|t:|1756948043
|move|p2a: Ursaluna|Headlong Rush|p1a: Incineroar
|-supereffective|p1a: Incineroar
|-damage|p1a: Incineroar|0 fnt
|-unboost|p2a: Ursaluna|def|1
|-unboost|p2a: Ursaluna|spd|1
|faint|p1a: Incineroar
|move|p1b: Ursaluna|Hyper Voice|p2a: Ursaluna|[spread] p2a,p2b
|-damage|p2a: Ursaluna|52/100
|-damage|p2b: Incineroar|68/100
|move|p2b: Incineroar|Parting Shot|p1b: Ursaluna
|-unboost|p1b: Ursaluna|atk|1
|-unboost|p1b: Ursaluna|spa|1
|
|t:|1756948051
|switch|p2b: Porygon2|Porygon2, L50|100/100|[from] Parting Shot
|-ability|p2b: Porygon2|Download|boost
|-boost|p2b: Porygon2|spa|1
|
|-status|p2a: Ursaluna|brn|[from] item: Flame Orb
|upkeep
|
|t:|1756948058
|switch|p1a: Amoonguss|Amoonguss, L50, F, shiny|100/100
|turn|5
|
|t:|1756948073
|-terastallize|p1b: Ursaluna|Normal
|move|p1b: Ursaluna|Blood Moon|p2a: Ursaluna
|-damage|p2a: Ursaluna|0 fnt
|faint|p2a: Ursaluna
|move|p2b: Porygon2|Ice Beam|p1b: Ursaluna
|-damage|p1b: Ursaluna|73/100
|move|p1a: Amoonguss|Spore|p2b: Porygon2
|-status|p2b: Porygon2|slp|[from] move: Spore
|
|upkeep
|
|t:|1756948097
|switch|p2a: Incineroar|Incineroar, L50, M, tera:Ghost|68/100
|-ability|p2a: Incineroar|Intimidate|boost
|-unboost|p1a: Amoonguss|atk|1
|-unboost|p1b: Ursaluna|atk|1
|turn|6
|
|t:|1756948117
|switch|p1b: Dragonite|Dragonite, L50, M|100/100
|move|p2a: Incineroar|Knock Off|p1b: Dragonite
|-damage|p1b: Dragonite|81/100
|-enditem|p1b: Dragonite|Loaded Dice|[from] move: Knock Off|[of] p2a: Incineroar
|cant|p2b: Porygon2|slp
|move|p1a: Amoonguss|Pollen Puff|p1b: Dragonite
|-heal|p1b: Dragonite|100/100
|
|upkeep
|turn|7
|
|t:|1756948141
|move|p1b: Dragonite|Scale Shot|p2a: Incineroar
|-damage|p2a: Incineroar|55/100
|-damage|p2a: Incineroar|43/100
|-damage|p2a: Incineroar|30/100
|-damage|p2a: Incineroar|17/100
|-damage|p2a: Incineroar|5/100
|-hitcount|p2a: Incineroar|5
|-unboost|p1b: Dragonite|def|1
|-boost|p1b: Dragonite|spe|1
|move|p2a: Incineroar|Knock Off|p1b: Dragonite
|-damage|p1b: Dragonite|80/100
|cant|p2b: Porygon2|slp
|move|p1a: Amoonguss|Spore|p2b: Porygon2
|-fail|p2b: Porygon2|slp
|
|upkeep
|turn|8
|
|t:|1756948158
|move|p1b: Dragonite|Scale Shot|p2a: Incineroar
|-damage|p2a: Incineroar|0 fnt
|faint|p2a: Incineroar
|-hitcount|p2: Incineroar|1
|-unboost|p1b: Dragonite|def|1
|-boost|p1b: Dragonite|spe|1
|cant|p2b: Porygon2|slp
|move|p1a: Amoonguss|Spore|p2b: Porygon2
|-fail|p2b: Porygon2|slp
|
|upkeep
|turn|9
|
|t:|1756948168
|move|p1b: Dragonite|Haze|p1b: Dragonite
|-clearallboost
|-curestatus|p2b: Porygon2|slp|[msg]
|move|p2b: Porygon2|Ice Beam|p1b: Dragonite
|-supereffective|p1b: Dragonite
|-damage|p1b: Dragonite|0 fnt
|faint|p1b: Dragonite
|move|p1a: Amoonguss|Spore|p2b: Porygon2
|-status|p2b: Porygon2|slp|[from] move: Spore
|
|upkeep
|
|t:|1756948175
|switch|p1b: Ursaluna|Ursaluna-Bloodmoon, L50, M, tera:Normal|73/100
|turn|10
|-message|ThierryVGC forfeited.
|
|win|KingDom1992
||ThierryVGC is ready for game 2.
||KingDom1992 is ready for game 2.
|uhtml|next|Next: Game 2 of 3
