|j|☆iflamercenar
|j|☆gargatest
|html|iflamercenargargatest    
|uhtml|bestof|Game 2 of a best-of-3
|t:|1756557570
|gametype|doubles
|player|p1|iflamercenar|acetrainer-gen4dp|1254
|player|p2|gargatest|cyclist|1153
|gen|9
|tier|[Gen 9] VGC 2025 Reg H (Bo3)
|rated|
|rule|Species Clause: Limit one of each Pokémon
|rule|Item Clause: Limit 1 of each item
|clearpoke
|poke|p1|Sneasler, L50, F|
|poke|p1|Volcarona, L50, F|
|poke|p1|Dragonite, L50, F|
|poke|p1|Rillaboom, L50, F|
|poke|p1|Maushold-Four, L50|
|poke|p1|Gholdengo, L50|
|poke|p2|Gyarados, L50, M|
|poke|p2|Sneasler, L50, M|
|poke|p2|Indeedee, L50, M|
|poke|p2|Volcarona, L50, F|
|poke|p2|Ursaluna-Bloodmoon, L50, M|
|poke|p2|Tyranitar, L50, M|
|teampreview|4
|showteam|p1|Sneasler||GrassySeed|Unburden|DireClaw,CloseCombat,ThroatChop,Protect|||F|||50|,,,,,Dark]Volcarona||Leftovers|FlameBody|HeatWave,QuiverDance,TeraBlast,Protect|||F|||50|,,,,,Fairy]Dragonite||LoadedDice|Multiscale|ScaleShot,ExtremeSpeed,Haze,Protect|||F|||50|,,,,,Steel]Rillaboom||AssaultVest|GrassySurge|WoodHammer,GrassyGlide,HighHorsepower,FakeOut|||F|||50|,,,,,Fire]Maushold-Four||WideLens|FriendGuard|FollowMe,Taunt,PopulationBomb,Protect||||||50|,,,,,Ghost]Gholdengo||SitrusBerry|GoodasGold|MakeItRain,ShadowBall,NastyPlot,Protect||||||50|,,,,,Water
|showteam|p2|Gyarados||SafetyGoggles|Intimidate|Taunt,ThunderWave,Waterfall,Protect|||M|||50|,,,,,Steel]Sneasler||PsychicSeed|Unburden|CloseCombat,DireClaw,ThroatChop,Protect|||M|||50|,,,,,Dark]Indeedee||ChoiceScarf|PsychicSurge|ExpandingForce,TeraBlast,Trick,Protect|||M|||50|,,,,,Psychic]Volcarona||SitrusBerry|FlameBody|Overheat,StruggleBug,RagePowder,Tailwind|||F|||50|,,,,,Grass]Ursaluna-Bloodmoon||LifeOrb|MindsEye|HyperVoice,BloodMoon,EarthPower,Protect|||M|||50|,,,,,Normal]Tyranitar||AssaultVest|SandStream|LowKick,TeraBlast,KnockOff,RockSlide|||M|||50|,,,,,Flying
|
|t:|1756557589
|teamsize|p1|4
|teamsize|p2|4
|start
|switch|p1a: Rillaboom|Rillaboom, L50, F|100/100
|switch|p1b: Sneasler|Sneasler, L50, F|100/100
|switch|p2a: Sneasler|Sneasler, L50, M|100/100
|switch|p2b: Gyarados|Gyarados, L50, M, shiny|100/100
|-fieldstart|move: Grassy Terrain|[from] ability: Grassy Surge|[of] p1a: Rillaboom
|-enditem|p1b: Sneasler|Grassy Seed
|-boost|p1b: Sneasler|def|1|[from] item: Grassy Seed
|-ability|p2b: Gyarados|Intimidate|boost
|-unboost|p1a: Rillaboom|atk|1
|-unboost|p1b: Sneasler|atk|1
|turn|1
|
|t:|1756557615
|switch|p1a: Gholdengo|Gholdengo, L50|100/100
|switch|p2b: Indeedee|Indeedee, L50, M, shiny|100/100
|-fieldstart|move: Psychic Terrain|[from] ability: Psychic Surge|[of] p2b: Indeedee
|-enditem|p2a: Sneasler|Psychic Seed
|-boost|p2a: Sneasler|spd|1|[from] item: Psychic Seed
|move|p1b: Sneasler|Dire Claw|p2b: Indeedee
|-damage|p2b: Indeedee|39/100
|move|p2a: Sneasler|Dire Claw|p1a: Gholdengo
|-immune|p1a: Gholdengo
|
|upkeep
|turn|2
|
|t:|1756557647
|switch|p2b: Gyarados|Gyarados, L50, M, shiny|100/100
|-ability|p2b: Gyarados|Intimidate|boost
|-unboost|p1a: Gholdengo|atk|1
|-unboost|p1b: Sneasler|atk|1
|switch|p1a: Rillaboom|Rillaboom, L50, F|100/100
|-fieldstart|move: Grassy Terrain|[from] ability: Grassy Surge|[of] p1a: Rillaboom
|-terastallize|p2a: Sneasler|Dark
|move|p1b: Sneasler|Dire Claw|p2b: Gyarados
|-damage|p2b: Gyarados|83/100
|move|p2a: Sneasler|Throat Chop|p1a: Rillaboom
|-damage|p1a: Rillaboom|56/100
|-start|p1a: Rillaboom|Throat Chop|[silent]
|
|-heal|p1a: Rillaboom|62/100|[from] Grassy Terrain
|upkeep
|turn|3
|
|t:|1756557664
|switch|p1b: Dragonite|Dragonite, L50, F|100/100
|move|p2a: Sneasler|Protect|p2a: Sneasler
|-singleturn|p2a: Sneasler|Protect
|move|p1a: Rillaboom|Fake Out|p2a: Sneasler
|-activate|p2a: Sneasler|move: Protect
|move|p2b: Gyarados|Thunder Wave|p1b: Dragonite
|-status|p1b: Dragonite|par
|
|-heal|p1a: Rillaboom|69/100|[from] Grassy Terrain
|-end|p1a: Rillaboom|Throat Chop|[silent]
|upkeep
|turn|4
|
|t:|1756557681
|switch|p2b: Tyranitar|Tyranitar, L50, M, shiny|100/100
|-weather|Sandstorm|[from] ability: Sand Stream|[of] p2b: Tyranitar
|move|p2a: Sneasler|Dire Claw|p1a: Rillaboom
|-supereffective|p1a: Rillaboom
|-damage|p1a: Rillaboom|0 fnt
|faint|p1a: Rillaboom
|move|p1b: Dragonite|Scale Shot|p2b: Tyranitar|[miss]
|-miss|p1b: Dragonite|p2b: Tyranitar
|
|-weather|Sandstorm|[upkeep]
|-damage|p2a: Sneasler|95/100|[from] Sandstorm
|-damage|p1b: Dragonite|95/100 par|[from] Sandstorm
|-heal|p2a: Sneasler|100/100|[from] Grassy Terrain
|upkeep
|
|t:|1756557691
|switch|p1a: Gholdengo|Gholdengo, L50|100/100
|turn|5
|
|t:|1756557707
|switch|p2b: Gyarados|Gyarados, L50, M, shiny|83/100
|-ability|p2b: Gyarados|Intimidate|boost
|-unboost|p1a: Gholdengo|atk|1
|-unboost|p1b: Dragonite|atk|1
|-terastallize|p1a: Gholdengo|Water
|move|p2a: Sneasler|Throat Chop|p1a: Gholdengo
|-damage|p1a: Gholdengo|52/100
|-start|p1a: Gholdengo|Throat Chop|[silent]
|move|p1a: Gholdengo|Make It Rain|p2b: Gyarados|[spread] p2a,p2b
|-resisted|p2b: Gyarados
|-damage|p2a: Sneasler|58/100
|-damage|p2b: Gyarados|65/100
|-unboost|p1a: Gholdengo|spa|1
|cant|p1b: Dragonite|par
|
|-weather|Sandstorm|[upkeep]
|-damage|p2a: Sneasler|52/100|[from] Sandstorm
|-damage|p1a: Gholdengo|46/100|[from] Sandstorm
|-damage|p1b: Dragonite|89/100 par|[from] Sandstorm
|-enditem|p1a: Gholdengo|Sitrus Berry|[eat]
|-heal|p1a: Gholdengo|71/100|[from] item: Sitrus Berry
|-heal|p2a: Sneasler|58/100|[from] Grassy Terrain
|-heal|p1a: Gholdengo|77/100|[from] Grassy Terrain
|upkeep
|turn|6
|
|t:|1756557736
|move|p2a: Sneasler|Close Combat|p1a: Gholdengo
|-damage|p1a: Gholdengo|8/100
|-unboost|p2a: Sneasler|def|1
|-unboost|p2a: Sneasler|spd|1
|move|p1a: Gholdengo|Nasty Plot|p1a: Gholdengo
|-boost|p1a: Gholdengo|spa|2
|move|p2b: Gyarados|Waterfall|p1a: Gholdengo
|-resisted|p1a: Gholdengo
|-damage|p1a: Gholdengo|0 fnt
|faint|p1a: Gholdengo
|cant|p1b: Dragonite|par
|
|-weather|Sandstorm|[upkeep]
|-damage|p2a: Sneasler|52/100|[from] Sandstorm
|-damage|p1b: Dragonite|83/100 par|[from] Sandstorm
|-heal|p2a: Sneasler|58/100|[from] Grassy Terrain
|-fieldend|move: Grassy Terrain
|upkeep
|
|t:|1756557749
|switch|p1a: Sneasler|Sneasler, L50, F|100/100
|turn|7
|
|t:|1756557757
|move|p2a: Sneasler|Protect|p2a: Sneasler
|-singleturn|p2a: Sneasler|Protect
|move|p1a: Sneasler|Dire Claw|p2b: Gyarados
|-damage|p2b: Gyarados|26/100
|move|p2b: Gyarados|Thunder Wave|p1a: Sneasler
|-status|p1a: Sneasler|par
|cant|p1b: Dragonite|par
|
|-weather|Sandstorm|[upkeep]
|-damage|p2a: Sneasler|52/100|[from] Sandstorm
|-damage|p1a: Sneasler|95/100 par|[from] Sandstorm
|-damage|p1b: Dragonite|77/100 par|[from] Sandstorm
|upkeep
|turn|8
|-message|iflamercenar forfeited.
|
|win|gargatest
||iflamercenar is ready for game 3.
||gargatest is ready for game 3.
|uhtml|next|Next: Game 3 of 3
|l|☆iflamercenar
|player|p1|
