|j|☆MrGreen3432
|j|☆Frakub
|html|MrGreen3432Frakub    
|uhtml|bestof|Game 3 of a best-of-3
|t:|1757853184
|gametype|doubles
|player|p1|MrGreen3432|170|1146
|player|p2|Frakub|acetrainer-gen4dp|1163
|gen|9
|tier|[Gen 9] VGC 2025 Reg H (Bo3)
|rated|
|rule|Species Clause: Limit one of each Pokémon
|rule|Item Clause: Limit 1 of each item
|clearpoke
|poke|p1|Garchomp, L50, M|
|poke|p1|Volcarona, L50, F|
|poke|p1|Misdreavus, L50, F|
|poke|p1|Gothitelle, L50, F|
|poke|p1|Amoonguss, L50, F|
|poke|p1|Incineroar, L50, F|
|poke|p2|Kingambit, L50, F|
|poke|p2|Primarina, L50, M|
|poke|p2|Sneasler, L50, M|
|poke|p2|Magmar, L50, F|
|poke|p2|Rillaboom, L50, M|
|poke|p2|Dragapult, L50, M|
|teampreview|4
|showteam|p1|Garchomp||LifeOrb|RoughSkin|Protect,Earthquake,StompingTantrum,DragonClaw|||M|||50|,,,,,Ground]Volcarona||Leftovers|FlameBody|Protect,GigaDrain,QuiverDance,HeatWave|||F|||50|,,,,,Grass]Misdreavus||Eviolite|Levitate|Protect,PerishSong,WillOWisp,ShadowBall|||F|||50|,,,,,Steel]Gothitelle||SitrusBerry|ShadowTag|Protect,FakeOut,TrickRoom,Psychic|||F|||50|,,,,,Dark]Amoonguss||EjectButton|Regenerator|Protect,RagePowder,Spore,PollenPuff|||F|||50|,,,,,Fairy]Incineroar||SafetyGoggles|Intimidate|Protect,FakeOut,PartingShot,KnockOff|||F|||50|,,,,,Ghost
|showteam|p2|Kingambit||BlackGlasses|Defiant|KowtowCleave,SuckerPunch,SwordsDance,Protect|||F|||50|,,,,,Dark]Primarina||SitrusBerry|LiquidVoice|HyperVoice,Moonblast,Haze,Protect|||M|||50|,,,,,Poison]Sneasler||FocusSash|PoisonTouch|CloseCombat,DireClaw,FakeOut,Protect|||M|||50|,,,,,Stellar]Magmar||Eviolite|VitalSpirit|Overheat,Taunt,FollowMe,Protect|||F|||50|,,,,,Ghost]Rillaboom||AssaultVest|GrassySurge|WoodHammer,GrassyGlide,HighHorsepower,FakeOut|||M|||50|,,,,,Fire]Dragapult||ChoiceBand|ClearBody|DragonDarts,PhantomForce,Outrage,Uturn|||M|||50|,,,,,Dragon
|inactive|Battle timer is ON: inactive players will automatically lose when time's up. (requested by Frakub)
|inactive|MrGreen3432 has 60 seconds left.
|inactive|Frakub has 60 seconds left.
|inactive|MrGreen3432 has 30 seconds left.
|
|t:|1757853253
|teamsize|p1|4
|teamsize|p2|4
|start
|switch|p1a: Volcarona|Volcarona, L50, F|100/100
|switch|p1b: Amoonguss|Amoonguss, L50, F|100/100
|switch|p2a: Dragapult|Dragapult, L50, M|100/100
|switch|p2b: Magmar|Magmar, L50, F|100/100
|turn|1
|
|t:|1757853276
|move|p1b: Amoonguss|Rage Powder|p1b: Amoonguss
|-singleturn|p1b: Amoonguss|move: Rage Powder
|move|p2a: Dragapult|U-turn|p1b: Amoonguss
|-damage|p1b: Amoonguss|70/100
|-enditem|p1b: Amoonguss|Eject Button
|
|t:|1757853284
|switch|p1b: Gothitelle|Gothitelle, L50, F|100/100
|move|p1a: Volcarona|Quiver Dance|p1a: Volcarona
|-boost|p1a: Volcarona|spa|1
|-boost|p1a: Volcarona|spd|1
|-boost|p1a: Volcarona|spe|1
|move|p2b: Magmar|Taunt|p1a: Volcarona
|-start|p1a: Volcarona|move: Taunt
|
|upkeep
|turn|2
|
|t:|1757853308
|switch|p1b: Amoonguss|Amoonguss, L50, F|100/100
|move|p2b: Magmar|Follow Me|p2b: Magmar
|-singleturn|p2b: Magmar|move: Follow Me
|move|p1a: Volcarona|Heat Wave|p2a: Dragapult|[spread] p2a,p2b
|-resisted|p2a: Dragapult
|-resisted|p2b: Magmar
|-damage|p2a: Dragapult|62/100
|-damage|p2b: Magmar|81/100
|move|p2a: Dragapult|U-turn|p1b: Amoonguss
|-damage|p1b: Amoonguss|71/100
|
|t:|1757853326
|switch|p2a: Sneasler|Sneasler, L50, M|100/100|[from] U-turn
|
|upkeep
|turn|3
|inactive|MrGreen3432 has 30 seconds left.
|
|t:|1757853354
|-terastallize|p2a: Sneasler|Stellar
|move|p2a: Sneasler|Fake Out|p1a: Volcarona
|-damage|p1a: Volcarona|82/100
|move|p2b: Magmar|Follow Me|p2b: Magmar
|-singleturn|p2b: Magmar|move: Follow Me
|cant|p1a: Volcarona|flinch
|move|p1b: Amoonguss|Pollen Puff|p2b: Magmar
|-resisted|p2b: Magmar
|-damage|p2b: Magmar|74/100
|
|-heal|p1a: Volcarona|89/100|[from] item: Leftovers
|upkeep
|turn|4
|
|t:|1757853374
|move|p2a: Sneasler|Protect|p2a: Sneasler
|-singleturn|p2a: Sneasler|Protect
|move|p1b: Amoonguss|Rage Powder|p1b: Amoonguss
|-singleturn|p1b: Amoonguss|move: Rage Powder
|move|p1a: Volcarona|Heat Wave|p2a: Sneasler|[spread] p2b
|-activate|p2a: Sneasler|move: Protect
|-resisted|p2b: Magmar
|-damage|p2b: Magmar|52/100
|move|p2b: Magmar|Overheat|p1b: Amoonguss
|-supereffective|p1b: Amoonguss
|-damage|p1b: Amoonguss|0 fnt
|-unboost|p2b: Magmar|spa|2
|faint|p1b: Amoonguss
|
|-heal|p1a: Volcarona|95/100|[from] item: Leftovers
|-end|p1a: Volcarona|move: Taunt
|upkeep
|
|t:|1757853378
|switch|p1b: Gothitelle|Gothitelle, L50, F|100/100
|turn|5
|
|t:|1757853396
|move|p2a: Sneasler|Protect||[still]
|-fail|p2a: Sneasler
|move|p1b: Gothitelle|Fake Out|p2a: Sneasler
|-damage|p2a: Sneasler|90/100
|move|p1a: Volcarona|Heat Wave|p2b: Magmar|[spread] p2a,p2b
|-resisted|p2b: Magmar
|-damage|p2a: Sneasler|22/100
|-damage|p2b: Magmar|31/100
|move|p2b: Magmar|Taunt|p1a: Volcarona
|-start|p1a: Volcarona|move: Taunt
|
|-heal|p1a: Volcarona|100/100|[from] item: Leftovers
|upkeep
|turn|6
|
|t:|1757853414
|move|p2b: Magmar|Follow Me|p2b: Magmar
|-singleturn|p2b: Magmar|move: Follow Me
|move|p1a: Volcarona|Heat Wave|p2a: Sneasler|[spread] p2a,p2b
|-resisted|p2b: Magmar
|-damage|p2a: Sneasler|0 fnt
|-damage|p2b: Magmar|12/100
|faint|p2a: Sneasler
|move|p1b: Gothitelle|Psychic|p2b: Magmar
|-damage|p2b: Magmar|0 fnt
|faint|p2b: Magmar
|
|upkeep
|
|t:|1757853418
|switch|p2a: Kingambit|Kingambit, L50, F|100/100
|switch|p2b: Dragapult|Dragapult, L50, M|62/100
|turn|7
|
|t:|1757853440
|move|p2a: Kingambit|Sucker Punch|p1a: Volcarona
|-damage|p1a: Volcarona|48/100
|move|p1a: Volcarona|Heat Wave|p2a: Kingambit|[spread] p2b
|-miss|p1a: Volcarona|p2a: Kingambit
|-resisted|p2b: Dragapult
|-damage|p2b: Dragapult|25/100
|move|p2b: Dragapult|Outrage|p1b: Gothitelle
|-damage|p1b: Gothitelle|6/100
|-enditem|p1b: Gothitelle|Sitrus Berry|[eat]
|-heal|p1b: Gothitelle|30/100|[from] item: Sitrus Berry
|move|p1b: Gothitelle|Psychic|p2b: Dragapult
|-damage|p2b: Dragapult|0 fnt
|faint|p2b: Dragapult
|
|-heal|p1a: Volcarona|55/100|[from] item: Leftovers
|upkeep
|turn|8
|
|t:|1757853463
|switch|p1b: Misdreavus|Misdreavus, L50, F|100/100
|move|p1a: Volcarona|Heat Wave|p2a: Kingambit
|-supereffective|p2a: Kingambit
|-damage|p2a: Kingambit|0 fnt
|faint|p2a: Kingambit
|
|win|MrGreen3432
|raw|MrGreen3432's rating: 1146 → 1172(+26 for winning)
|raw|Frakub's rating: 1163 → 1137(-26 for losing)
|l|☆MrGreen3432
|player|p1|
