|j|ŌśåReggioVGC
|j|Ōśåskipply
|html|ReggioVGCskipply    
|uhtml|bestof|Game 3 of a best-of-3
|t:|1756721063
|gametype|doubles
|player|p1|ReggioVGC|lucas|1076
|player|p2|skipply|266|1074
|gen|9
|tier|[Gen 9] VGC 2025 Reg H (Bo3)
|rated|
|rule|Species Clause: Limit one of each Pok├®mon
|rule|Item Clause: Limit 1 of each item
|clearpoke
|poke|p1|Ursaluna, L50, F|
|poke|p1|Kilowattrel, L50, F|
|poke|p1|Gholdengo, L50|
|poke|p1|Incineroar, L50, F|
|poke|p1|Amoonguss, L50, F|
|poke|p1|Porygon2, L50|
|poke|p2|Typhlosion-Hisui, L50, M|
|poke|p2|Arcanine-Hisui, L50, M|
|poke|p2|Incineroar, L50, F|
|poke|p2|Volcarona, L50, F|
|poke|p2|Torkoal, L50, F|
|poke|p2|Talonflame, L50, M|
|teampreview|4
|showteam|p1|Ursaluna||FlameOrb|Guts|Facade,HeadlongRush,Earthquake,Protect|||F|||50|,,,,,Fairy]Kilowattrel||FocusSash|Competitive|Thunderbolt,AirSlash,Tailwind,Protect|||F|||50|,,,,,Ghost]Gholdengo||LifeOrb|GoodasGold|MakeItRain,ShadowBall,NastyPlot,Protect||||||50|,,,,,Flying]Incineroar||AssaultVest|Intimidate|KnockOff,FlareBlitz,Uturn,FakeOut|||F|||50|,,,,,Grass]Amoonguss||SitrusBerry|Regenerator|Spore,RagePowder,SludgeBomb,Protect|||F|||50|,,,,,Water]Porygon2||Eviolite|Download|TeraBlast,IceBeam,Recover,TrickRoom||||||50|,,,,,Fighting
|showteam|p2|Typhlosion-Hisui||ChoiceSpecs|Blaze|Eruption,HeatWave,Overheat,SleepTalk|||M|||50|,,,,,Fire]Arcanine-Hisui||ChoiceBand|RockHead|FlareBlitz,RockSlide,HeadSmash,ExtremeSpeed|||M|||50|,,,,,Water]Incineroar||SafetyGoggles|Intimidate|KnockOff,FakeOut,PartingShot,Protect|||F|||50|,,,,,Ghost]Volcarona||Leftovers|FlameBody|TeraBlast,GigaDrain,QuiverDance,Protect|||F|||50|,,,,,Fairy]Torkoal||EjectPack|Drought|Eruption,HeatWave,Overheat,Protect|||F|||50|,,,,,Fire]Talonflame||CovertCloak|GaleWings|BraveBird,Tailwind,FlareBlitz,Protect|||M|||50|,,,,,Ghost
|
|t:|1756721108
|teamsize|p1|4
|teamsize|p2|4
|start
|switch|p1a: Big Bird|Kilowattrel, L50, F|100/100
|switch|p1b: Dinko|Ursaluna, L50, F|100/100
|switch|p2a: Torkoal|Torkoal, L50, F|100/100
|switch|p2b: Talonflame|Talonflame, L50, M|100/100
|-weather|SunnyDay|[from] ability: Drought|[of] p2a: Torkoal
|turn|1
|
|t:|1756721148
|switch|p1b: Pumpy the Grumpy|Incineroar, L50, F, shiny|100/100
|-ability|p1b: Pumpy the Grumpy|Intimidate|boost
|-unboost|p2a: Torkoal|atk|1
|-unboost|p2b: Talonflame|atk|1
|-enditem|p2a: Torkoal|Eject Pack
|
|t:|1756721159
|switch|p2a: Incineroar|Incineroar, L50, F|100/100
|-ability|p2a: Incineroar|Intimidate|boost
|-unboost|p1a: Big Bird|atk|1
|-ability|p1a: Big Bird|Competitive|boost
|-boost|p1a: Big Bird|spa|2
|-unboost|p1b: Pumpy the Grumpy|atk|1
|move|p2b: Talonflame|Tailwind|p2b: Talonflame
|-sidestart|p2: skipply|move: Tailwind
|move|p1a: Big Bird|Tailwind|p1a: Big Bird
|-sidestart|p1: ReggioVGC|move: Tailwind
|
|-weather|SunnyDay|[upkeep]
|upkeep
|turn|2
|
|t:|1756721198
|move|p1a: Big Bird|Protect|p1a: Big Bird
|-singleturn|p1a: Big Bird|Protect
|move|p2b: Talonflame|Protect|p2b: Talonflame
|-singleturn|p2b: Talonflame|Protect
|move|p1b: Pumpy the Grumpy|Knock Off|p2b: Talonflame
|-activate|p2b: Talonflame|move: Protect
|move|p2a: Incineroar|Knock Off|p1a: Big Bird
|-activate|p1a: Big Bird|move: Protect
|
|-weather|SunnyDay|[upkeep]
|upkeep
|turn|3
|
|t:|1756721235
|switch|p2b: Torkoal|Torkoal, L50, F|100/100
|move|p1a: Big Bird|Thunderbolt|p2b: Torkoal
|-damage|p2b: Torkoal|0 fnt
|faint|p2b: Torkoal
|move|p1b: Pumpy the Grumpy|U-turn|p2a: Incineroar
|-damage|p2a: Incineroar|90/100
|
|t:|1756721248
|switch|p1b: Dinko|Ursaluna, L50, F|100/100|[from] U-turn
|move|p2a: Incineroar|Knock Off|p1a: Big Bird
|-damage|p1a: Big Bird|28/100
|-enditem|p1a: Big Bird|Focus Sash|[from] move: Knock Off|[of] p2a: Incineroar
|
|-weather|SunnyDay|[upkeep]
|-status|p1b: Dinko|brn|[from] item: Flame Orb
|upkeep
|
|t:|1756721253
|switch|p2b: Talonflame|Talonflame, L50, M|100/100
|turn|4
|
|t:|1756721276
|move|p1a: Big Bird|Protect|p1a: Big Bird
|-singleturn|p1a: Big Bird|Protect
|move|p2b: Talonflame|Protect|p2b: Talonflame
|-singleturn|p2b: Talonflame|Protect
|move|p1b: Dinko|Facade|p2b: Talonflame
|-activate|p2b: Talonflame|move: Protect
|move|p2a: Incineroar|Parting Shot|p1b: Dinko
|-unboost|p1b: Dinko|atk|1
|-unboost|p1b: Dinko|spa|1
|
|t:|1756721293
|switch|p2a: Typhlosion|Typhlosion-Hisui, L50, M|100/100|[from] Parting Shot
|
|-weather|SunnyDay|[upkeep]
|-damage|p1b: Dinko|95/100 brn|[from] brn
|-sideend|p2: skipply|move: Tailwind
|-sideend|p1: ReggioVGC|move: Tailwind
|upkeep
|turn|5
|
|t:|1756721333
|switch|p1a: Pumpy the Grumpy|Incineroar, L50, F, shiny|100/100
|-ability|p1a: Pumpy the Grumpy|Intimidate|boost
|-unboost|p2a: Typhlosion|atk|1
|-unboost|p2b: Talonflame|atk|1
|move|p2b: Talonflame|Brave Bird|p1a: Pumpy the Grumpy
|-damage|p1a: Pumpy the Grumpy|66/100
|-damage|p2b: Talonflame|88/100|[from] Recoil
|move|p2a: Typhlosion|Eruption|p1a: Pumpy the Grumpy|[spread] p1a,p1b
|-resisted|p1a: Pumpy the Grumpy
|-damage|p1a: Pumpy the Grumpy|25/100
|-damage|p1b: Dinko|0 fnt
|faint|p1b: Dinko
|
|-weather|none
|upkeep
|
|t:|1756721370
|switch|p1b: Mr Worldwide|Gholdengo, L50|100/100
|turn|6
|
|t:|1756721396
|switch|p2a: Incineroar|Incineroar, L50, F|90/100
|-ability|p2a: Incineroar|Intimidate|boost
|-unboost|p1a: Pumpy the Grumpy|atk|1
|-unboost|p1b: Mr Worldwide|atk|1
|-terastallize|p1b: Mr Worldwide|Flying
|move|p1b: Mr Worldwide|Shadow Ball|p2a: Incineroar
|-resisted|p2a: Incineroar
|-damage|p2a: Incineroar|68/100
|-damage|p1b: Mr Worldwide|91/100|[from] item: Life Orb
|move|p2b: Talonflame|Tailwind|p2b: Talonflame
|-sidestart|p2: skipply|move: Tailwind
|move|p1a: Pumpy the Grumpy|Knock Off|p2a: Incineroar
|-resisted|p2a: Incineroar
|-damage|p2a: Incineroar|56/100
|-enditem|p2a: Incineroar|Safety Goggles|[from] move: Knock Off|[of] p1a: Pumpy the Grumpy
|
|upkeep
|turn|7
|c|Ōśåskipply|I think that was a misplay
|c|Ōśåskipply|you needed to match tailwind
|c|Ōśåskipply|shoulda brought in kilowatrel last tirn
|
|t:|1756721463
|move|p2b: Talonflame|Brave Bird|p1b: Mr Worldwide
|-damage|p1b: Mr Worldwide|57/100
|-damage|p2b: Talonflame|77/100|[from] Recoil
|move|p2a: Incineroar|Knock Off|p1b: Mr Worldwide
|-damage|p1b: Mr Worldwide|16/100
|-enditem|p1b: Mr Worldwide|Life Orb|[from] move: Knock Off|[of] p2a: Incineroar
|move|p1b: Mr Worldwide|Make It Rain|p2b: Talonflame|[spread] p2a,p2b
|-resisted|p2a: Incineroar
|-resisted|p2b: Talonflame
|-damage|p2a: Incineroar|37/100
|-damage|p2b: Talonflame|47/100
|-unboost|p1b: Mr Worldwide|spa|1
|move|p1a: Pumpy the Grumpy|Knock Off|p2b: Talonflame
|-damage|p2b: Talonflame|8/100
|-enditem|p2b: Talonflame|Covert Cloak|[from] move: Knock Off|[of] p1a: Pumpy the Grumpy
|
|upkeep
|turn|8
|c|Ōśåskipply|Maybe not
|
|t:|1756721501
|switch|p1a: Big Bird|Kilowattrel, L50, F|28/100
|move|p1b: Mr Worldwide|Protect|p1b: Mr Worldwide
|-singleturn|p1b: Mr Worldwide|Protect
|move|p2b: Talonflame|Brave Bird|p1a: Big Bird
|-resisted|p1a: Big Bird
|-crit|p1a: Big Bird
|-damage|p1a: Big Bird|0 fnt
|faint|p1a: Big Bird
|-damage|p2b: Talonflame|1/100|[from] Recoil
|move|p2a: Incineroar|Knock Off|p1b: Mr Worldwide
|-activate|p1b: Mr Worldwide|move: Protect
|
|upkeep
|c|Ōśåskipply|Uh oh
|c|Ōśåskipply|Sorry
|c|Ōśåskipply|I donŌĆÖt know if that crit mattered
|
|t:|1756721520
|switch|p1a: Pumpy the Grumpy|Incineroar, L50, F, shiny|25/100
|-ability|p1a: Pumpy the Grumpy|Intimidate|boost
|-unboost|p2a: Incineroar|atk|1
|-unboost|p2b: Talonflame|atk|1
|turn|9
|c|ŌśåReggioVGC|probabli not
|c|ŌśåReggioVGC|the stat of the guy are so bad
|c|Ōśåskipply|And I am Max attack on talonflame
|
|t:|1756721561
|move|p2b: Talonflame|Protect|p2b: Talonflame
|-singleturn|p2b: Talonflame|Protect
|move|p1b: Mr Worldwide|Protect|p1b: Mr Worldwide
|-singleturn|p1b: Mr Worldwide|Protect
|move|p1a: Pumpy the Grumpy|Fake Out|p2b: Talonflame
|-activate|p2b: Talonflame|move: Protect
|move|p2a: Incineroar|Knock Off|p1b: Mr Worldwide
|-activate|p1b: Mr Worldwide|move: Protect
|
|-sideend|p2: skipply|move: Tailwind
|upkeep
|turn|10
|c|Ōśåskipply|so I thought it would ko but not sure
|
|t:|1756721585
|move|p1b: Mr Worldwide|Make It Rain|p2a: Incineroar|[spread] p2a,p2b
|-resisted|p2a: Incineroar
|-resisted|p2b: Talonflame
|-damage|p2a: Incineroar|24/100
|-damage|p2b: Talonflame|0 fnt
|-unboost|p1b: Mr Worldwide|spa|1
|faint|p2b: Talonflame
|move|p1a: Pumpy the Grumpy|Knock Off|p2a: Incineroar
|-resisted|p2a: Incineroar
|-damage|p2a: Incineroar|12/100
|move|p2a: Incineroar|Knock Off|p1b: Mr Worldwide
|-damage|p1b: Mr Worldwide|0 fnt
|faint|p1b: Mr Worldwide
|
|upkeep
|
|t:|1756721588
|switch|p2b: Typhlosion|Typhlosion-Hisui, L50, M|100/100
|turn|11
|c|Ōśåskipply|gg
|c|ŌśåReggioVGC|gg!!
|c|Ōśåskipply|Wp dude
|
|t:|1756721609
|-terastallize|p2b: Typhlosion|Fire
|move|p2b: Typhlosion|Eruption|p1a: Pumpy the Grumpy
|-resisted|p1a: Pumpy the Grumpy
|-damage|p1a: Pumpy the Grumpy|0 fnt
|faint|p1a: Pumpy the Grumpy
|
|win|skipply
|raw|ReggioVGC's rating: 1076 → 1054(-22 for losing)
|raw|skipply's rating: 1074 → 1103(+29 for winning)
|c|ŌśåReggioVGC|nah
|c|ŌśåReggioVGC|i mean you are playing a full fire team
|c|ŌśåReggioVGC|hhahahahaha
|c|Ōśåskipply|It also means I hit hard
|c|Ōśåskipply|One fire resist against 252+ specs typhlosion in the sun is ummmmm
|c|Ōśåskipply|a difficult matchup
|c|ŌśåReggioVGC|well
|c|ŌśåReggioVGC|yah
|c|ŌśåReggioVGC|you got a point
