|j|☆BonnieSSR
|j|☆gostzin
|html|BonnieSSRgostzin    
|uhtml|bestof|Game 1 of a best-of-3
|t:|1756479248
|gametype|doubles
|player|p1|BonnieSSR|miku-ground|1249
|player|p2|gostzin|266|1300
|gen|9
|tier|[Gen 9] VGC 2025 Reg H (Bo3)
|rated|
|rule|Species Clause: Limit one of each Pokémon
|rule|Item Clause: Limit 1 of each item
|clearpoke
|poke|p1|Tyranitar, L50, M|
|poke|p1|Amoonguss, L50, F|
|poke|p1|Kilowattrel, L50, F|
|poke|p1|Excadrill, L50, F|
|poke|p1|Kommo-o, L50, F|
|poke|p1|Incineroar, L50, M|
|poke|p2|Incineroar, L50, M|
|poke|p2|Volcarona, L50, F|
|poke|p2|Amoonguss, L50, F|
|poke|p2|Ninetales-Alola, L50, F|
|poke|p2|Ursaluna-Bloodmoon, L50, M|
|poke|p2|Kingambit, L50, M|
|teampreview|4
|showteam|p1|Tyranitar||AssaultVest|SandStream|LowKick,RockSlide,KnockOff,TeraBlast|||M|||50|,,,,,Flying]Amoonguss||SitrusBerry|Regenerator|Spore,RagePowder,SludgeBomb,Protect|||F|||50|,,,,,Water]Kilowattrel||ChoiceSpecs|Competitive|Thunderbolt,Discharge,VoltSwitch,AirSlash|||F|||50|,,,,,Ghost]Excadrill||FocusSash|SandRush|IronHead,Earthquake,HighHorsepower,Protect|||F|||50|,,,,,Ground]Kommo-o||Leftovers|Overcoat|IronDefense,BodyPress,ThroatChop,Protect|||F|||50|,,,,,Steel]Incineroar||SafetyGoggles|Intimidate|FlareBlitz,KnockOff,PartingShot,FakeOut|||M|||50|,,,,,Ghost
|showteam|p2|Incineroar||SafetyGoggles|Intimidate|WillOWisp,FakeOut,Taunt,KnockOff|||M|||50|,,,,,Ghost]Volcarona||CovertCloak|FlameBody|QuiverDance,FieryDance,GigaDrain,Protect|||F|||50|,,,,,Fairy]Amoonguss||RockyHelmet|Regenerator|Spore,ClearSmog,PollenPuff,RagePowder|||F|||50|,,,,,Water]Ninetales-Alola||FocusSash|SnowWarning|Blizzard,FreezeDry,IcyWind,AuroraVeil|||F|||50|,,,,,Ghost]Ursaluna-Bloodmoon||AssaultVest|MindsEye|BloodMoon,EarthPower,HyperVoice,VacuumWave|||M|||50|,,,,,Dragon]Kingambit||BlackGlasses|Defiant|SuckerPunch,Protect,KowtowCleave,SwordsDance|||M|||50|,,,,,Dark
|inactive|Battle timer is ON: inactive players will automatically lose when time's up. (requested by gostzin)
|inactive|BonnieSSR has 60 seconds left.
|
|t:|1756479300
|teamsize|p1|4
|teamsize|p2|4
|start
|switch|p1a: Prim|Kilowattrel, L50, F|100/100
|switch|p1b: Lacey|Excadrill, L50, F, shiny|100/100
|switch|p2a: Kingambit|Kingambit, L50, M, shiny|100/100
|switch|p2b: Ursaluna|Ursaluna-Bloodmoon, L50, M|100/100
|turn|1
|
|t:|1756479324
|move|p2a: Kingambit|Protect|p2a: Kingambit
|-singleturn|p2a: Kingambit|Protect
|move|p1a: Prim|Volt Switch|p2a: Kingambit
|-activate|p2a: Kingambit|move: Protect
|move|p1b: Lacey|High Horsepower|p2a: Kingambit
|-activate|p2a: Kingambit|move: Protect
|move|p2b: Ursaluna|Hyper Voice|p1b: Lacey|[spread] p1a,p1b
|-resisted|p1b: Lacey
|-damage|p1a: Prim|36/100
|-damage|p1b: Lacey|73/100
|
|upkeep
|turn|2
|
|t:|1756479339
|move|p2a: Kingambit|Sucker Punch|p1a: Prim
|-damage|p1a: Prim|0 fnt
|faint|p1a: Prim
|move|p2b: Ursaluna|Vacuum Wave|p1b: Lacey
|-supereffective|p1b: Lacey
|-damage|p1b: Lacey|30/100
|move|p1b: Lacey|High Horsepower|p2a: Kingambit
|-supereffective|p2a: Kingambit
|-damage|p2a: Kingambit|22/100
|
|upkeep
|
|t:|1756479345
|switch|p1a: Ouroboros|Tyranitar, L50, M, shiny|100/100
|-weather|Sandstorm|[from] ability: Sand Stream|[of] p1a: Ouroboros
|turn|3
|
|t:|1756479354
|move|p1b: Lacey|Protect|p1b: Lacey
|-singleturn|p1b: Lacey|Protect
|move|p2a: Kingambit|Sucker Punch||[still]
|-fail|p2a: Kingambit
|move|p1a: Ouroboros|Low Kick|p2a: Kingambit
|-supereffective|p2a: Kingambit
|-damage|p2a: Kingambit|0 fnt
|faint|p2a: Kingambit
|move|p2b: Ursaluna|Earth Power|p1a: Ouroboros
|-supereffective|p1a: Ouroboros
|-damage|p1a: Ouroboros|57/100
|
|-weather|Sandstorm|[upkeep]
|upkeep
|
|t:|1756479365
|switch|p2a: Ninetales|Ninetales-Alola, L50, F, shiny|100/100
|-weather|Snowscape|[from] ability: Snow Warning|[of] p2a: Ninetales
|turn|4
|
|t:|1756479382
|switch|p1b: Wolfey|Incineroar, L50, M, shiny|100/100
|-ability|p1b: Wolfey|Intimidate|boost
|-unboost|p2a: Ninetales|atk|1
|-unboost|p2b: Ursaluna|atk|1
|move|p2a: Ninetales|Blizzard|p1a: Ouroboros|[spread] p1a,p1b
|-resisted|p1b: Wolfey
|-damage|p1a: Ouroboros|40/100
|-damage|p1b: Wolfey|90/100
|move|p1a: Ouroboros|Low Kick|p2b: Ursaluna
|-supereffective|p2b: Ursaluna
|-damage|p2b: Ursaluna|34/100
|move|p2b: Ursaluna|Blood Moon|p1a: Ouroboros
|-resisted|p1a: Ouroboros
|-damage|p1a: Ouroboros|13/100
|
|-weather|Snowscape|[upkeep]
|upkeep
|turn|5
|inactive|BonnieSSR has 30 seconds left.
|
|t:|1756479416
|-terastallize|p2a: Ninetales|Ghost
|move|p1b: Wolfey|Fake Out|p2a: Ninetales
|-immune|p2a: Ninetales
|move|p2b: Ursaluna|Vacuum Wave|p1a: Ouroboros
|-supereffective|p1a: Ouroboros
|-damage|p1a: Ouroboros|0 fnt
|faint|p1a: Ouroboros
|move|p2a: Ninetales|Aurora Veil|p2a: Ninetales
|-sidestart|p2: gostzin|move: Aurora Veil
|
|-weather|Snowscape|[upkeep]
|upkeep
|
|t:|1756479421
|switch|p1a: Lacey|Excadrill, L50, F, shiny|30/100
|turn|6
|-message|BonnieSSR forfeited.
|
|win|gostzin
||gostzin is ready for game 2.
||BonnieSSR is ready for game 2.
|uhtml|next|Next: Game 2 of 3
