|j|☆marcosdeltasena31
|j|☆A Regu1ar Guy
|html|marcosdeltasena31A Regu1ar Guy    
|uhtml|bestof|Game 2 of a best-of-3
|t:|1754511501
|gametype|doubles
|player|p1|marcosdeltasena31|hilbert|1227
|player|p2|A Regu1ar Guy|elesa|1327
|gen|9
|tier|[Gen 9] VGC 2025 Reg H (Bo3)
|rated|
|rule|Species Clause: Limit one of each Pokémon
|rule|Item Clause: Limit 1 of each item
|clearpoke
|poke|p1|Dragonite, L50, F|
|poke|p1|Sneasler, L50, F|
|poke|p1|Volcarona, L50, F|
|poke|p1|Rillaboom, L50, M|
|poke|p1|Kingambit, L50, F|
|poke|p1|Electabuzz, L50, F|
|poke|p2|Volcarona, L50, M|
|poke|p2|Rillaboom, L50, F|
|poke|p2|Electabuzz, L50, M|
|poke|p2|Tauros-Paldea-Aqua, L50, M|
|poke|p2|Kingambit, L50, F|
|poke|p2|Dragonite, L50, F|
|teampreview|4
|showteam|p1|Dragonite||LoadedDice|Multiscale|ScaleShot,ExtremeSpeed,Haze,Protect|||F|||50|,,,,,Fairy]Sneasler||FocusSash|PoisonTouch|DireClaw,CloseCombat,FakeOut,Coaching|||F|||50|,,,,,Ghost]Volcarona||CovertCloak|FlameBody|HeatWave,TeraBlast,QuiverDance,Protect|||F|||50|,,,,,Fairy]Rillaboom||AssaultVest|GrassySurge|WoodHammer,FakeOut,GrassyGlide,HighHorsepower|||M|||50|,,,,,Fire]Kingambit||BlackGlasses|Defiant|KowtowCleave,SwordsDance,SuckerPunch,Protect|||F|||50|,,,,,Dark]Electabuzz||Eviolite|VitalSpirit|Electroweb,FollowMe,Taunt,Protect|||F|||50|,,,,,Ghost
|showteam|p2|Volcarona||GrassySeed|FlameBody|FieryDance,GigaDrain,QuiverDance,Protect|||M|||50|,,,,,Grass]Rillaboom||AssaultVest|GrassySurge|FakeOut,WoodHammer,GrassyGlide,HighHorsepower|||F|||50|,,,,,Fire]Electabuzz||Eviolite|VitalSpirit|Thunderbolt,FollowMe,Taunt,Protect|||M|||50|,,,,,Ghost]Tauros-Paldea-Aqua||MirrorHerb|Intimidate|WaveCrash,CloseCombat,AquaJet,Protect|||M|||50|,,,,,Water]Kingambit||BlackGlasses|Defiant|KowtowCleave,SuckerPunch,Protect,SwordsDance|||F|||50|,,,,,Dark]Dragonite||LoadedDice|Multiscale|Protect,ScaleShot,Tailwind,Haze|||F|||50|,,,,,Fairy
|
|t:|1754511529
|teamsize|p1|4
|teamsize|p2|4
|start
|switch|p1a: Volcarona|Volcarona, L50, F|100/100
|switch|p1b: Electabuzz|Electabuzz, L50, F|100/100
|switch|p2a: Tauros|Tauros-Paldea-Aqua, L50, M|100/100
|switch|p2b: Dragonite|Dragonite, L50, F|100/100
|-ability|p2a: Tauros|Intimidate|boost
|-unboost|p1a: Volcarona|atk|1
|-unboost|p1b: Electabuzz|atk|1
|turn|1
|
|t:|1754511551
|move|p1a: Volcarona|Protect|p1a: Volcarona
|-singleturn|p1a: Volcarona|Protect
|move|p2a: Tauros|Close Combat|p1b: Electabuzz
|-damage|p1b: Electabuzz|55/100
|-unboost|p2a: Tauros|def|1
|-unboost|p2a: Tauros|spd|1
|move|p2b: Dragonite|Scale Shot|p1b: Electabuzz
|-damage|p1b: Electabuzz|44/100
|-damage|p1b: Electabuzz|33/100
|-damage|p1b: Electabuzz|20/100
|-damage|p1b: Electabuzz|10/100
|-hitcount|p1b: Electabuzz|4
|-unboost|p2b: Dragonite|def|1
|-boost|p2b: Dragonite|spe|1
|move|p1b: Electabuzz|Electroweb|p2a: Tauros|[spread] p2a,p2b
|-supereffective|p2a: Tauros
|-damage|p2a: Tauros|32/100
|-damage|p2b: Dragonite|93/100
|-unboost|p2a: Tauros|spe|1
|-unboost|p2b: Dragonite|spe|1
|
|upkeep
|turn|2
|
|t:|1754511578
|-terastallize|p1a: Volcarona|Fairy
|move|p2a: Tauros|Protect|p2a: Tauros
|-singleturn|p2a: Tauros|Protect
|move|p1b: Electabuzz|Follow Me|p1b: Electabuzz
|-singleturn|p1b: Electabuzz|move: Follow Me
|move|p1a: Volcarona|Tera Blast|p2a: Tauros|[anim] Tera Blast Fairy
|-activate|p2a: Tauros|move: Protect
|move|p2b: Dragonite|Haze|p2b: Dragonite
|-clearallboost
|
|upkeep
|turn|3
|
|t:|1754511593
|switch|p2a: Electabuzz|Electabuzz, L50, M|100/100
|move|p1b: Electabuzz|Follow Me|p1b: Electabuzz
|-singleturn|p1b: Electabuzz|move: Follow Me
|move|p1a: Volcarona|Tera Blast|p2a: Electabuzz|[anim] Tera Blast Fairy
|-crit|p2a: Electabuzz
|-damage|p2a: Electabuzz|56/100
|move|p2b: Dragonite|Scale Shot|p1b: Electabuzz|[miss]
|-miss|p2b: Dragonite|p1b: Electabuzz
|
|upkeep
|turn|4
|
|t:|1754511609
|move|p2a: Electabuzz|Follow Me|p2a: Electabuzz
|-singleturn|p2a: Electabuzz|move: Follow Me
|move|p1a: Volcarona|Tera Blast|p2a: Electabuzz|[anim] Tera Blast Fairy
|-damage|p2a: Electabuzz|26/100
|move|p2b: Dragonite|Scale Shot|p1b: Electabuzz
|-damage|p1b: Electabuzz|0 fnt
|faint|p1b: Electabuzz
|-hitcount|p1: Electabuzz|1
|-unboost|p2b: Dragonite|def|1
|-boost|p2b: Dragonite|spe|1
|
|upkeep
|
|t:|1754511628
|switch|p1b: Sneasler|Sneasler, L50, F|100/100
|turn|5
|
|t:|1754511637
|move|p2b: Dragonite|Protect|p2b: Dragonite
|-singleturn|p2b: Dragonite|Protect
|move|p1b: Sneasler|Fake Out|p2b: Dragonite
|-activate|p2b: Dragonite|move: Protect
|move|p1a: Volcarona|Quiver Dance|p1a: Volcarona
|-boost|p1a: Volcarona|spa|1
|-boost|p1a: Volcarona|spd|1
|-boost|p1a: Volcarona|spe|1
|move|p2a: Electabuzz|Taunt|p1a: Volcarona
|-start|p1a: Volcarona|move: Taunt
|
|upkeep
|turn|6
|
|t:|1754511647
|move|p2a: Electabuzz|Follow Me|p2a: Electabuzz
|-singleturn|p2a: Electabuzz|move: Follow Me
|move|p1a: Volcarona|Heat Wave|p2a: Electabuzz|[spread] p2a,p2b
|-resisted|p2b: Dragonite
|-damage|p2a: Electabuzz|0 fnt
|-damage|p2b: Dragonite|65/100
|faint|p2a: Electabuzz
|move|p2b: Dragonite|Tailwind|p2b: Dragonite
|-sidestart|p2: A Regu1ar Guy|move: Tailwind
|move|p1b: Sneasler|Dire Claw|p2b: Dragonite
|-damage|p2b: Dragonite|0 fnt
|faint|p2b: Dragonite
|
|upkeep
|
|t:|1754511650
|switch|p2a: Kingambit|Kingambit, L50, F|100/100
|switch|p2b: Tauros|Tauros-Paldea-Aqua, L50, M|32/100
|-ability|p2b: Tauros|Intimidate|boost
|-unboost|p1a: Volcarona|atk|1
|-unboost|p1b: Sneasler|atk|1
|turn|7
|
|t:|1754511675
|switch|p1a: Dragonite|Dragonite, L50, F|100/100
|-terastallize|p2b: Tauros|Water
|move|p2a: Kingambit|Sucker Punch||[still]
|-fail|p2a: Kingambit
|move|p2b: Tauros|Wave Crash|p1a: Dragonite
|-resisted|p1a: Dragonite
|-damage|p1a: Dragonite|82/100
|-damage|p2b: Tauros|26/100|[from] Recoil
|move|p1b: Sneasler|Coaching|p1a: Dragonite
|-boost|p1a: Dragonite|atk|1
|-boost|p1a: Dragonite|def|1
|-enditem|p2b: Tauros|Mirror Herb
|-boost|p2b: Tauros|atk|1|[from] item: Mirror Herb
|-boost|p2b: Tauros|def|1|[from] item: Mirror Herb
|
|upkeep
|turn|8
|
|t:|1754511693
|move|p1a: Dragonite|Extreme Speed|p2b: Tauros
|-damage|p2b: Tauros|0 fnt
|faint|p2b: Tauros
|move|p2a: Kingambit|Sucker Punch||[still]
|-fail|p2a: Kingambit
|move|p1b: Sneasler|Close Combat|p2a: Kingambit
|-supereffective|p2a: Kingambit
|-damage|p2a: Kingambit|0 fnt
|-unboost|p1b: Sneasler|def|1
|-unboost|p1b: Sneasler|spd|1
|faint|p2a: Kingambit
|
|win|marcosdeltasena31
|raw|marcosdeltasena31's rating: 1227 → 1259(+32 for winning)
|raw|A Regu1ar Guy's rating: 1327 → 1301(-26 for losing)
|l|☆A Regu1ar Guy
|player|p2|
