|j|☆413XPlayz
|j|☆sandy ghost 5
|html|413XPlayzsandy ghost 5    
|uhtml|bestof|Game 1 of a best-of-3
|t:|1756914921
|gametype|doubles
|player|p1|413XPlayz|169|1255
|player|p2|sandy ghost 5|baker|1256
|gen|9
|tier|[Gen 9] VGC 2025 Reg H (Bo3)
|rated|
|rule|Species Clause: Limit one of each Pokémon
|rule|Item Clause: Limit 1 of each item
|clearpoke
|poke|p1|Rillaboom, L50, M|
|poke|p1|Sneasler, L50, M|
|poke|p1|Gholdengo, L50|
|poke|p1|Ninetales-Alola, L50, M|
|poke|p1|Arcanine-Hisui, L50, M|
|poke|p1|Dragonite, L50, F|
|poke|p2|Tyranitar, L50, M|
|poke|p2|Excadrill, L50, M|
|poke|p2|Sinistcha-Masterpiece, L50|
|poke|p2|Salamence, L50, M|
|poke|p2|Blaziken, L50, M|
|poke|p2|Bruxish, L50, M|
|teampreview|4
|showteam|p1|Rillaboom||AssaultVest|GrassySurge|FakeOut,GrassyGlide,DrumBeating,HighHorsepower|||M|||50|,,,,,Fire]Sneasler||WhiteHerb|Unburden|CloseCombat,DireClaw,Coaching,Protect|||M|||50|,,,,,Ghost]Gholdengo||GrassySeed|GoodasGold|NastyPlot,MakeItRain,ShadowBall,Protect||||||50|,,,,,Water]Ninetales-Alola||FocusSash|SnowWarning|Blizzard,IcyWind,Encore,AuroraVeil|||M|||50|,,,,,Ghost]Arcanine-Hisui||ClearAmulet|Intimidate|RockSlide,FlareBlitz,ExtremeSpeed,Protect|||M|||50|,,,,,Water]Dragonite||LoadedDice|Multiscale|ScaleShot,StompingTantrum,Tailwind,Protect|||F|||50|,,,,,Ground
|showteam|p2|Tyranitar||ClearAmulet|SandStream|RockSlide,KnockOff,DragonDance,Protect|||M|||50|,,,,,Grass]Excadrill||AssaultVest|SandRush|Earthquake,IronHead,HighHorsepower,RockSlide|||M|||50|,,,,,Ghost]Sinistcha-Masterpiece||SitrusBerry|Hospitality|ShadowBall,MatchaGotcha,RagePowder,Protect||||||50|,,,,,Dark]Salamence||LifeOrb|Intimidate|DracoMeteor,AirSlash,Protect,Tailwind|||M|||50|,,,,,Ghost]Blaziken||CovertCloak|SpeedBoost|AuraSphere,HeatWave,Coaching,WillOWisp|||M|||50|,,,,,Dragon]Bruxish||ChoiceScarf|Dazzling|PsychicFangs,FlipTurn,WaveCrash,SuperFang|||M|||50|,,,,,Water
|
|t:|1756914971
|teamsize|p1|4
|teamsize|p2|4
|start
|switch|p1a: Sneasler|Sneasler, L50, M|100/100
|switch|p1b: Rillaboom|Rillaboom, L50, M|100/100
|switch|p2a: Blaziken|Blaziken, L50, M|100/100
|switch|p2b: Bruxish|Bruxish, L50, M|100/100
|-fieldstart|move: Grassy Terrain|[from] ability: Grassy Surge|[of] p1b: Rillaboom
|turn|1
|
|t:|1756915014
|switch|p1a: Ninetales|Ninetales-Alola, L50, M|100/100
|-weather|Snowscape|[from] ability: Snow Warning|[of] p1a: Ninetales
|move|p2b: Bruxish|Flip Turn|p1b: Rillaboom
|-resisted|p1b: Rillaboom
|-damage|p1b: Rillaboom|85/100
|
|t:|1756915022
|switch|p2b: Excadrill|Excadrill, L50, M|100/100|[from] Flip Turn
|move|p1b: Rillaboom|Drum Beating|p2b: Excadrill
|-damage|p2b: Excadrill|26/100
|-unboost|p2b: Excadrill|spe|1
|move|p2a: Blaziken|Will-O-Wisp|p1b: Rillaboom
|-status|p1b: Rillaboom|brn
|
|-weather|Snowscape|[upkeep]
|-heal|p1b: Rillaboom|91/100 brn|[from] Grassy Terrain
|-heal|p2b: Excadrill|32/100|[from] Grassy Terrain
|-damage|p1b: Rillaboom|85/100 brn|[from] brn
|-ability|p2a: Blaziken|Speed Boost|boost
|-boost|p2a: Blaziken|spe|1
|upkeep
|turn|2
|
|t:|1756915044
|switch|p1a: Sneasler|Sneasler, L50, M|100/100
|switch|p2b: Bruxish|Bruxish, L50, M|100/100
|move|p2a: Blaziken|Heat Wave|p1a: Sneasler|[spread] p1a,p1b
|-supereffective|p1b: Rillaboom
|-damage|p1a: Sneasler|60/100
|-damage|p1b: Rillaboom|28/100 brn
|move|p1b: Rillaboom|High Horsepower|p2a: Blaziken
|-supereffective|p2a: Blaziken
|-crit|p2a: Blaziken
|-damage|p2a: Blaziken|41/100
|
|-weather|Snowscape|[upkeep]
|-heal|p2a: Blaziken|47/100|[from] Grassy Terrain
|-heal|p1a: Sneasler|66/100|[from] Grassy Terrain
|-heal|p1b: Rillaboom|34/100 brn|[from] Grassy Terrain
|-damage|p1b: Rillaboom|28/100 brn|[from] brn
|-ability|p2a: Blaziken|Speed Boost|boost
|-boost|p2a: Blaziken|spe|1
|upkeep
|turn|3
|
|t:|1756915072
|move|p1a: Sneasler|Protect|p1a: Sneasler
|-singleturn|p1a: Sneasler|Protect
|move|p2a: Blaziken|Heat Wave|p1b: Rillaboom|[spread] p1b
|-activate|p1a: Sneasler|move: Protect
|-supereffective|p1b: Rillaboom
|-damage|p1b: Rillaboom|0 fnt
|faint|p1b: Rillaboom
|move|p2b: Bruxish|Psychic Fangs|p1a: Sneasler
|-activate|p1a: Sneasler|move: Protect
|
|-weather|Snowscape|[upkeep]
|-heal|p2a: Blaziken|53/100|[from] Grassy Terrain
|-heal|p1a: Sneasler|72/100|[from] Grassy Terrain
|-ability|p2a: Blaziken|Speed Boost|boost
|-boost|p2a: Blaziken|spe|1
|upkeep
|
|t:|1756915074
|switch|p1b: Gholdengo|Gholdengo, L50|100/100
|-enditem|p1b: Gholdengo|Grassy Seed
|-boost|p1b: Gholdengo|def|1|[from] item: Grassy Seed
|turn|4
|
|t:|1756915107
|switch|p1a: Ninetales|Ninetales-Alola, L50, M|100/100
|-terastallize|p1b: Gholdengo|Water
|move|p2a: Blaziken|Heat Wave|p1b: Gholdengo|[spread] p1a,p1b
|-supereffective|p1a: Ninetales
|-crit|p1a: Ninetales
|-resisted|p1b: Gholdengo
|-enditem|p1a: Ninetales|Focus Sash
|-damage|p1a: Ninetales|1/100
|-damage|p1b: Gholdengo|85/100
|move|p2b: Bruxish|Psychic Fangs|p1a: Ninetales
|-damage|p1a: Ninetales|0 fnt
|faint|p1a: Ninetales
|move|p1b: Gholdengo|Nasty Plot|p1b: Gholdengo
|-boost|p1b: Gholdengo|spa|2
|
|-weather|Snowscape|[upkeep]
|-heal|p2a: Blaziken|59/100|[from] Grassy Terrain
|-heal|p1b: Gholdengo|91/100|[from] Grassy Terrain
|-ability|p2a: Blaziken|Speed Boost|boost
|-boost|p2a: Blaziken|spe|1
|upkeep
|
|t:|1756915115
|switch|p1a: Sneasler|Sneasler, L50, M|72/100
|turn|5
|
|t:|1756915166
|move|p1a: Sneasler|Protect|p1a: Sneasler
|-singleturn|p1a: Sneasler|Protect
|move|p2a: Blaziken|Aura Sphere|p1b: Gholdengo
|-damage|p1b: Gholdengo|57/100
|move|p2b: Bruxish|Psychic Fangs|p1b: Gholdengo
|-damage|p1b: Gholdengo|31/100
|move|p1b: Gholdengo|Shadow Ball|p2b: Bruxish
|-supereffective|p2b: Bruxish
|-damage|p2b: Bruxish|0 fnt
|faint|p2b: Bruxish
|
|-weather|none
|-heal|p2a: Blaziken|64/100|[from] Grassy Terrain
|-heal|p1a: Sneasler|78/100|[from] Grassy Terrain
|-heal|p1b: Gholdengo|37/100|[from] Grassy Terrain
|-fieldend|move: Grassy Terrain
|-ability|p2a: Blaziken|Speed Boost|boost
|-boost|p2a: Blaziken|spe|1
|upkeep
|
|t:|1756915173
|switch|p2b: Excadrill|Excadrill, L50, M|32/100
|turn|6
|
|t:|1756915191
|switch|p2a: Tyranitar|Tyranitar, L50, M|100/100
|-weather|Sandstorm|[from] ability: Sand Stream|[of] p2a: Tyranitar
|move|p2b: Excadrill|Earthquake|p1a: Sneasler|[spread] p2a,p1a,p1b
|-supereffective|p2a: Tyranitar
|-supereffective|p1a: Sneasler
|-damage|p2a: Tyranitar|19/100
|-damage|p1a: Sneasler|0 fnt
|-damage|p1b: Gholdengo|11/100
|faint|p1a: Sneasler
|move|p1b: Gholdengo|Shadow Ball|p2a: Tyranitar
|-resisted|p2a: Tyranitar
|-damage|p2a: Tyranitar|0 fnt
|faint|p2a: Tyranitar
|
|-weather|Sandstorm|[upkeep]
|-damage|p1b: Gholdengo|5/100|[from] Sandstorm
|upkeep
|
|t:|1756915197
|switch|p2a: Blaziken|Blaziken, L50, M|64/100
|turn|7
|c|☆413XPlayz|//forfeit
|-message|413XPlayz forfeited.
|
|win|sandy ghost 5
||413XPlayz is ready for game 2.
||sandy ghost 5 is ready for game 2.
|uhtml|next|Next: Game 2 of 3
|l|☆413XPlayz
|player|p1|
