|j|☆superboy245
|j|☆8_Wcaryl_8
|html|superboy2458_Wcaryl_8    
|uhtml|bestof|Game 3 of a best-of-3
|t:|1782260189
|gametype|doubles
|player|p1|superboy245|buck|1101
|player|p2|8_Wcaryl_8|psychic-gen4|1000
|gen|9
|tier|[Gen 9 Champions] VGC 2026 Reg M-B (Bo3)
|rated|
|rule|Species Clause: Limit one of each Pokémon
|rule|Item Clause: Limit 1 of each item
|clearpoke
|poke|p1|Raichu, L50, M|
|poke|p1|Whimsicott, L50, F|
|poke|p1|Ninetales-Alola, L50, F|
|poke|p1|Scrafty, L50, M|
|poke|p1|Gholdengo, L50|
|poke|p1|Gliscor, L50, M|
|poke|p2|Charizard, L50, M|
|poke|p2|Venusaur, L50, M|
|poke|p2|Garchomp, L50, F|
|poke|p2|Whimsicott, L50, F|
|poke|p2|Milotic, L50, M|
|poke|p2|Scizor, L50, F|
|teampreview|4
|showteam|p1|Raichu||RaichuniteX|LightningRod|FakeOut,AlluringVoice,RisingVoltage,Protect|Timid||M|||50|]Whimsicott||CobaBerry|Prankster|Moonblast,Tailwind,Encore,Protect|Bold||F|||50|]Ninetales-Alola||FocusSash|SnowWarning|Blizzard,AuroraVeil,Moonblast,Protect|Timid||F|||50|]Scrafty||Scraftinite|Intimidate|FakeOut,KnockOff,CloseCombat,Protect|Adamant||M|||50|]Gholdengo||LifeOrb|GoodasGold|MakeItRain,ShadowBall,NastyPlot,Protect|Timid|||||50|]Gliscor||Leftovers|HyperCutter|Tailwind,BreakingSwipe,HighHorsepower,Protect|Jolly||M|||50|
|showteam|p2|Charizard||CharizarditeY|SolarPower|HeatWave,Protect,WeatherBall,SolarBeam|Timid||M|||50|]Venusaur||FocusSash|Chlorophyll|SludgeBomb,SleepPowder,Protect,SolarBeam|Modest||M|||50|]Garchomp||ChoiceScarf|RoughSkin|Earthquake,RockSlide,DragonClaw,ShadowClaw|Adamant||F|||50|]Whimsicott||SitrusBerry|Prankster|Tailwind,Moonblast,Encore,SunnyDay|Bold||F|||50|]Milotic||Leftovers|Competitive|Scald,IcyWind,LifeDew,Protect|Bold||M|||50|]Scizor||Scizorite|Technician|BulletPunch,Trailblaze,Pounce,SwordsDance|Adamant||F|||50|
|inactive|Battle timer is ON: inactive players will automatically lose when time's up. (requested by superboy245)
|
|t:|1782260259
|teamsize|p1|4
|teamsize|p2|4
|start
|switch|p1a: Raichu|Raichu, L50, M|100/100
|switch|p1b: Whimsicott|Whimsicott, L50, F|100/100
|switch|p2a: Charizard|Charizard, L50, M|100/100
|switch|p2b: Scizor|Scizor, L50, F|100/100
|turn|1
|inactive|superboy245 has 30 seconds left.
|
|t:|1782260288
|switch|p1b: Scrafty|Scrafty, L50, M|100/100
|-ability|p1b: Scrafty|Intimidate|boost
|-unboost|p2a: Charizard|atk|1
|-unboost|p2b: Scizor|atk|1
|detailschange|p1a: Raichu|Raichu-Mega-X, L50, M
|-mega|p1a: Raichu|Raichu|Raichunite X
|-fieldstart|move: Electric Terrain|[from] ability: Electric Surge|[of] p1a: Raichu
|detailschange|p2a: Charizard|Charizard-Mega-Y, L50, M
|-mega|p2a: Charizard|Charizard|Charizardite Y
|-weather|SunnyDay|[from] ability: Drought|[of] p2a: Charizard
|move|p2a: Charizard|Protect|p2a: Charizard
|-singleturn|p2a: Charizard|Protect
|move|p1a: Raichu|Rising Voltage|p2b: Scizor
|-hint|Rising Voltage's BP doubled on grounded target.
|-damage|p2b: Scizor|9/100
|move|p2b: Scizor|Swords Dance|p2b: Scizor
|-boost|p2b: Scizor|atk|2
|
|-weather|SunnyDay|[upkeep]
|upkeep
|turn|2
|inactive|8_Wcaryl_8 has 30 seconds left.
|inactive|8_Wcaryl_8 has 20 seconds left.
|inactive|8_Wcaryl_8 has 15 seconds left.
|
|t:|1782260333
|switch|p2b: Whimsicott|Whimsicott, L50, F|100/100
|move|p1b: Scrafty|Fake Out|p2b: Whimsicott
|-crit|p2b: Whimsicott
|-damage|p2b: Whimsicott|83/100
|move|p1a: Raichu|Rising Voltage|p2a: Charizard
|-supereffective|p2a: Charizard|1
|-damage|p2a: Charizard|18/100
|move|p2a: Charizard|Heat Wave|p1a: Raichu|[spread] p1a,p1b
|-damage|p1a: Raichu|16/100
|-damage|p1b: Scrafty|40/100
|-status|p1b: Scrafty|brn
|
|-weather|SunnyDay|[upkeep]
|-damage|p1b: Scrafty|34/100 brn|[from] brn
|upkeep
|turn|3
|inactive|superboy245 has 30 seconds left.
|
|t:|1782260366
|switch|p1a: Gliscor|Gliscor, L50, M|100/100
|move|p2a: Charizard|Protect|p2a: Charizard
|-singleturn|p2a: Charizard|Protect
|move|p2b: Whimsicott|Moonblast|p1a: Gliscor
|-damage|p1a: Gliscor|71/100
|move|p1b: Scrafty|Knock Off|p2a: Charizard
|-activate|p2a: Charizard|move: Protect
|
|-weather|SunnyDay|[upkeep]
|-heal|p1a: Gliscor|77/100|[from] item: Leftovers
|-damage|p1b: Scrafty|29/100 brn|[from] brn
|upkeep
|turn|4
|inactive|superboy245 has 30 seconds left.
|inactive|8_Wcaryl_8 has 30 seconds left.
|inactive|superboy245 has 20 seconds left.
|
|t:|1782260402
|move|p2a: Charizard|Solar Beam||[still]
|-prepare|p2a: Charizard|Solar Beam
|-anim|p2a: Charizard|Solar Beam|p1a: Gliscor
|-damage|p1a: Gliscor|23/100
|move|p2b: Whimsicott|Moonblast|p1b: Scrafty
|-supereffective|p1b: Scrafty|2
|-damage|p1b: Scrafty|0 fnt
|faint|p1b: Scrafty
|move|p1a: Gliscor|Tailwind|p1a: Gliscor
|-sidestart|p1: superboy245|move: Tailwind
|
|-weather|SunnyDay|[upkeep]
|-heal|p1a: Gliscor|29/100|[from] item: Leftovers
|upkeep
|
|t:|1782260420
|switch|p1b: Whimsicott|Whimsicott, L50, F|100/100
|turn|5
|
|t:|1782260434
|move|p1b: Whimsicott|Encore|p2a: Charizard
|-start|p2a: Charizard|Encore
|move|p2b: Whimsicott|Tailwind|p2b: Whimsicott
|-sidestart|p2: 8_Wcaryl_8|move: Tailwind
|move|p2a: Charizard|Solar Beam||[still]
|-prepare|p2a: Charizard|Solar Beam
|-anim|p2a: Charizard|Solar Beam|p1a: Gliscor
|-damage|p1a: Gliscor|0 fnt
|faint|p1a: Gliscor
|
|-weather|none
|-fieldend|move: Electric Terrain
|upkeep
|
|t:|1782260440
|switch|p1a: Raichu|Raichu-Mega-X, L50, M|16/100
|-fieldstart|move: Electric Terrain|[from] ability: Electric Surge|[of] p1a: Raichu
|turn|6
|
|t:|1782260461
|switch|p2a: Venusaur|Venusaur, L50, M|100/100
|move|p1b: Whimsicott|Encore|p2b: Whimsicott
|-start|p2b: Whimsicott|Encore
|move|p2b: Whimsicott|Tailwind||[still]
|-fail|p2b: Whimsicott
|move|p1a: Raichu|Rising Voltage|p2a: Venusaur
|-hint|Rising Voltage's BP doubled on grounded target.
|-resisted|p2a: Venusaur|1
|-damage|p2a: Venusaur|57/100
|
|upkeep
|turn|7
|
|t:|1782260480
|switch|p2b: Charizard|Charizard-Mega-Y, L50, M|18/100
|-weather|SunnyDay|[from] ability: Drought|[of] p2b: Charizard
|move|p2a: Venusaur|Sludge Bomb|p1b: Whimsicott
|-supereffective|p1b: Whimsicott|2
|-damage|p1b: Whimsicott|0 fnt
|faint|p1b: Whimsicott
|move|p1a: Raichu|Rising Voltage|p2a: Venusaur
|-hint|Rising Voltage's BP doubled on grounded target.
|-resisted|p2a: Venusaur|1
|-damage|p2a: Venusaur|15/100
|
|-weather|SunnyDay|[upkeep]
|-sideend|p1: superboy245|move: Tailwind
|upkeep
|turn|8
|c|☆superboy245|I orgotf gg
|
|t:|1782260503
|move|p2b: Charizard|Protect|p2b: Charizard
|-singleturn|p2b: Charizard|Protect
|move|p1a: Raichu|Protect|p1a: Raichu
|-singleturn|p1a: Raichu|Protect
|move|p2a: Venusaur|Sludge Bomb|p1a: Raichu
|-activate|p1a: Raichu|move: Protect
|
|-weather|SunnyDay|[upkeep]
|-sideend|p2: 8_Wcaryl_8|move: Tailwind
|upkeep
|turn|9
|
|t:|1782260514
|switch|p2b: Whimsicott|Whimsicott, L50, F|83/100
|move|p2a: Venusaur|Sludge Bomb|p1a: Raichu
|-damage|p1a: Raichu|0 fnt
|faint|p1a: Raichu
|
|win|8_Wcaryl_8
|raw|superboy245's rating: 1101 → 1069(-32 for losing)
|raw|8_Wcaryl_8's rating: 1000 → 1051(+51 for winning)
