|j|☆City Smells
|j|☆Pelosis
|html|City SmellsPelosis    
|uhtml|bestof|Game 1 of a best-of-3
|t:|1784995772
|gametype|doubles
|player|p1|City Smells|cynthia-gen4|1075
|player|p2|Pelosis|2|1167
|gen|9
|tier|[Gen 9 Champions] VGC 2026 Reg M-B (Bo3)
|rated|
|rule|Species Clause: Limit one of each Pokémon
|rule|Item Clause: Limit 1 of each item
|clearpoke
|poke|p1|Annihilape, L50, M|
|poke|p1|Charizard, L50, M|
|poke|p1|Hydreigon, L50, F|
|poke|p1|Toxapex, L50, M|
|poke|p1|Metagross, L50|
|poke|p1|Incineroar, L50, M|
|poke|p2|Mawile, L50, M|
|poke|p2|Farigiraf, L50, M|
|poke|p2|Incineroar, L50, F|
|poke|p2|Torkoal, L50, M|
|poke|p2|Venusaur, L50, F|
|poke|p2|Scrafty, L50, F|
|teampreview|4
|showteam|p1|Annihilape||FocusSash|Defiant|PhantomForce,CloseCombat,RockTomb,Protect|Jolly||M|||50|]Charizard||CharizarditeY|Blaze|HeatWave,WeatherBall,SolarBeam,Protect|Modest||M|||50|]Hydreigon||ChoiceScarf|Levitate|EarthPower,DarkPulse,DracoMeteor,Snarl|Modest||F|||50|]Toxapex||Leftovers|Regenerator|Toxic,Infestation,WideGuard,BanefulBunker|Bold||M|||50|]Metagross||Metagrossite|ClearBody|BulletPunch,PsychicFangs,IcePunch,Protect|Jolly|||||50|]Incineroar||SitrusBerry|Intimidate|FlareBlitz,ThroatChop,PartingShot,FakeOut|Impish||M|||50|
|showteam|p2|Mawile||Mawilite|HyperCutter|Protect,PlayRough,RockSlide,SuckerPunch|Brave||M|||50|]Farigiraf||SitrusBerry|ArmorTail|TrickRoom,TwinBeam,Thunderbolt,HelpingHand|Quiet||M|||50|]Incineroar||WhiteHerb|Intimidate|FakeOut,CloseCombat,FlareBlitz,DarkestLariat|Brave||F|||50|]Torkoal||Charcoal|Drought|HelpingHand,Eruption,HeatWave,WeatherBall|Quiet||M|||50|]Venusaur||FocusSash|Chlorophyll|SleepPowder,EarthPower,EnergyBall,SludgeBomb|Modest||F|||50|]Scrafty||Scraftinite|Intimidate|FakeOut,CloseCombat,KnockOff,IcePunch|Brave||F|||50|
|inactive|Battle timer is ON: inactive players will automatically lose when time's up. (requested by Pelosis)
|inactive|Pelosis has 60 seconds left.
|
|t:|1784995849
|teamsize|p1|4
|teamsize|p2|4
|start
|switch|p1a: Annihilape|Annihilape, L50, M|100/100
|switch|p1b: Incineroar|Incineroar, L50, M|100/100
|switch|p2a: Farigiraf|Farigiraf, L50, M|100/100
|switch|p2b: Incineroar|Incineroar, L50, F|100/100
|-ability|p1b: Incineroar|Intimidate|boost
|-unboost|p2a: Farigiraf|atk|1
|-unboost|p2b: Incineroar|atk|1
|-ability|p2b: Incineroar|Intimidate|boost
|-unboost|p1a: Annihilape|atk|1
|-ability|p1a: Annihilape|Defiant|boost
|-boost|p1a: Annihilape|atk|2
|-unboost|p1b: Incineroar|atk|1
|-enditem|p2b: Incineroar|White Herb
|-clearnegativeboost|p2b: Incineroar|[silent]
|turn|1
|inactive|City Smells has 30 seconds left.
|inactive|Pelosis has 30 seconds left.
|
|t:|1784995884
|move|p2b: Incineroar|Fake Out|p1b: Incineroar
|-damage|p1b: Incineroar|90/100
|move|p1a: Annihilape|Close Combat|p2b: Incineroar
|-supereffective|p2b: Incineroar|1
|-damage|p2b: Incineroar|0 fnt
|-unboost|p1a: Annihilape|def|1
|-unboost|p1a: Annihilape|spd|1
|faint|p2b: Incineroar
|cant|p1b: Incineroar|flinch
|move|p2a: Farigiraf|Trick Room|p2a: Farigiraf
|-fieldstart|move: Trick Room|[of] p2a: Farigiraf
|
|upkeep
|
|t:|1784995908
|switch|p2b: Mawile|Mawile, L50, M|100/100
|turn|2
|
|t:|1784995920
|detailschange|p2b: Mawile|Mawile-Mega, L50, M
|-mega|p2b: Mawile|Mawile|Mawilite
|move|p1a: Annihilape|Protect|p1a: Annihilape
|-singleturn|p1a: Annihilape|Protect
|move|p2b: Mawile|Rock Slide|p1a: Annihilape|[spread] p1b
|-activate|p1a: Annihilape|move: Protect
|-supereffective|p1b: Incineroar|1
|-damage|p1b: Incineroar|44/100
|-enditem|p1b: Incineroar|Sitrus Berry|[eat]
|-heal|p1b: Incineroar|69/100|[from] item: Sitrus Berry
|move|p2a: Farigiraf|Twin Beam|p1a: Annihilape
|-activate|p1a: Annihilape|move: Protect
|move|p1b: Incineroar|Parting Shot|p2a: Farigiraf
|-unboost|p2a: Farigiraf|atk|1
|-unboost|p2a: Farigiraf|spa|1
|
|t:|1784995941
|switch|p1b: Toxapex|Toxapex, L50, M|100/100|[from] Parting Shot
|
|upkeep
|turn|3
|
|t:|1784995958
|move|p1b: Toxapex|Toxic|p2a: Farigiraf
|-status|p2a: Farigiraf|tox
|move|p2b: Mawile|Play Rough|p1a: Annihilape|[miss]
|-miss|p2b: Mawile|p1a: Annihilape
|move|p2a: Farigiraf|Twin Beam|p1a: Annihilape
|-supereffective|p1a: Annihilape|1
|-crit|p1a: Annihilape
|-damage|p1a: Annihilape|16/100
|-supereffective|p1a: Annihilape|1
|-damage|p1a: Annihilape|0 fnt
|faint|p1a: Annihilape
|-hitcount|p1: Annihilape|2
|
|-damage|p2a: Farigiraf|93/100 tox|[from] psn
|upkeep
|
|t:|1784995968
|switch|p1a: Charizard|Charizard, L50, M|100/100
|turn|4
|
|t:|1784995992
|detailschange|p1a: Charizard|Charizard-Mega-Y, L50, M
|-mega|p1a: Charizard|Charizard|Charizardite Y
|-weather|SunnyDay|[from] ability: Drought|[of] p1a: Charizard
|move|p1b: Toxapex|Wide Guard|p1b: Toxapex
|-singleturn|p1b: Toxapex|Wide Guard
|move|p2b: Mawile|Play Rough|p1a: Charizard
|-resisted|p1a: Charizard|1
|-damage|p1a: Charizard|58/100
|move|p2a: Farigiraf|Thunderbolt|p1a: Charizard
|-supereffective|p1a: Charizard|1
|-damage|p1a: Charizard|25/100
|move|p1a: Charizard|Heat Wave|p2b: Mawile|[spread] p2a,p2b
|-supereffective|p2b: Mawile|1
|-damage|p2a: Farigiraf|34/100 tox
|-damage|p2b: Mawile|0 fnt
|-enditem|p2a: Farigiraf|Sitrus Berry|[eat]
|-heal|p2a: Farigiraf|59/100 tox|[from] item: Sitrus Berry
|faint|p2b: Mawile
|
|-weather|SunnyDay|[upkeep]
|-damage|p2a: Farigiraf|47/100 tox|[from] psn
|upkeep
|
|t:|1784996009
|switch|p2b: Torkoal|Torkoal, L50, M|100/100
|turn|5
|
|t:|1784996016
|switch|p1a: Incineroar|Incineroar, L50, M|69/100
|-ability|p1a: Incineroar|Intimidate|boost
|-unboost|p2a: Farigiraf|atk|1
|-unboost|p2b: Torkoal|atk|1
|move|p2b: Torkoal|Weather Ball|p1b: Toxapex
|-resisted|p1b: Toxapex|1
|-damage|p1b: Toxapex|71/100
|move|p1b: Toxapex|Toxic|p2b: Torkoal
|-status|p2b: Torkoal|tox
|move|p2a: Farigiraf|Thunderbolt|p1b: Toxapex
|-supereffective|p1b: Toxapex|1
|-damage|p1b: Toxapex|43/100
|
|-weather|SunnyDay|[upkeep]
|-heal|p1b: Toxapex|49/100|[from] item: Leftovers
|-damage|p2b: Torkoal|93/100 tox|[from] psn
|-damage|p2a: Farigiraf|28/100 tox|[from] psn
|-fieldend|move: Trick Room
|upkeep
|turn|6
|
|t:|1784996040
|move|p1a: Incineroar|Throat Chop|p2a: Farigiraf
|-supereffective|p2a: Farigiraf|1
|-damage|p2a: Farigiraf|0 fnt
|faint|p2a: Farigiraf
|move|p1b: Toxapex|Infestation|p2b: Torkoal
|-resisted|p2b: Torkoal|1
|-damage|p2b: Torkoal|92/100 tox
|-activate|p2b: Torkoal|move: Infestation|[of] p1b: Toxapex
|move|p2b: Torkoal|Eruption|p1a: Incineroar|[spread] p1a,p1b
|-resisted|p1a: Incineroar|1
|-resisted|p1b: Toxapex|1
|-crit|p1b: Toxapex
|-damage|p1a: Incineroar|32/100
|-damage|p1b: Toxapex|5/100
|
|-weather|SunnyDay|[upkeep]
|-heal|p1b: Toxapex|10/100|[from] item: Leftovers
|-damage|p2b: Torkoal|79/100 tox|[from] psn
|-damage|p2b: Torkoal|67/100 tox|[from] move: Infestation|[partiallytrapped]
|upkeep
|turn|7
|
|t:|1784996060
|move|p1b: Toxapex|Baneful Bunker|p1b: Toxapex
|-singleturn|p1b: Toxapex|move: Protect
|move|p1a: Incineroar|Throat Chop|p2b: Torkoal
|-damage|p2b: Torkoal|42/100 tox
|-start|p2b: Torkoal|Throat Chop|[silent]
|move|p2b: Torkoal|Weather Ball|p1a: Incineroar
|-resisted|p1a: Incineroar|1
|-damage|p1a: Incineroar|0 fnt
|faint|p1a: Incineroar
|
|-weather|SunnyDay|[upkeep]
|-heal|p1b: Toxapex|16/100|[from] item: Leftovers
|-damage|p2b: Torkoal|24/100 tox|[from] psn
|-damage|p2b: Torkoal|11/100 tox|[from] move: Infestation|[partiallytrapped]
|upkeep
|
|t:|1784996066
|switch|p1a: Charizard|Charizard-Mega-Y, L50, M|25/100
|turn|8
|
|t:|1784996074
|move|p1a: Charizard|Protect|p1a: Charizard
|-singleturn|p1a: Charizard|Protect
|move|p1b: Toxapex|Wide Guard|p1b: Toxapex
|-singleturn|p1b: Toxapex|Wide Guard
|move|p2b: Torkoal|Heat Wave|p1b: Toxapex|[spread] 
|-activate|p1a: Charizard|move: Wide Guard
|-activate|p1b: Toxapex|move: Wide Guard
|
|-weather|none
|-heal|p1b: Toxapex|22/100|[from] item: Leftovers
|-damage|p2b: Torkoal|0 fnt|[from] psn
|faint|p2b: Torkoal
|
|win|City Smells
||City Smells is ready for game 2.
||Pelosis is ready for game 2.
|uhtml|next|Next: Game 2 of 3
