|j|☆SuperBoke
|j|☆nikolasnaiz
|html|SuperBokenikolasnaiz    
|uhtml|bestof|Game 1 of a best-of-3
|t:|1756825863
|gametype|doubles
|player|p1|SuperBoke|steven|1194
|player|p2|nikolasnaiz|larry|1300
|gen|9
|tier|[Gen 9] VGC 2025 Reg H (Bo3)
|rated|
|rule|Species Clause: Limit one of each Pokémon
|rule|Item Clause: Limit 1 of each item
|clearpoke
|poke|p1|Grimmsnarl, L50, M|
|poke|p1|Archaludon, L50, M|
|poke|p1|Sinistcha, L50|
|poke|p1|Pelipper, L50, F|
|poke|p1|Maushold, L50|
|poke|p1|Annihilape, L50, F|
|poke|p2|Dragonite, L50, F|
|poke|p2|Ursaluna-Bloodmoon, L50, M|
|poke|p2|Annihilape, L50, M|
|poke|p2|Volcarona, L50, M|
|poke|p2|Rillaboom, L50, F|
|poke|p2|Incineroar, L50, M|
|teampreview|4
|showteam|p1|Grimmsnarl||LightClay|Prankster|SpiritBreak,LightScreen,Reflect,ThunderWave|||M|||50|,,,,,Ghost]Archaludon||AssaultVest|Stamina|ElectroShot,FlashCannon,BodyPress,Snarl|||M|||50|,,,,,Grass]Sinistcha||SitrusBerry|Hospitality|MatchaGotcha,LifeDew,RagePowder,TrickRoom||||||50|,,,,,Dark]Pelipper||FocusSash|Drizzle|Hurricane,WeatherBall,Tailwind,Protect|||F|||50|,,,,,Ghost]Maushold||SafetyGoggles|FriendGuard|BeatUp,Taunt,FollowMe,Protect||||||50|,,,,,Ghost]Annihilape||Leftovers|Defiant|DrainPunch,RageFist,BulkUp,Protect|||F|||50|,,,,,Water
|showteam|p2|Dragonite||LoadedDice|Multiscale|Protect,ScaleShot,Tailwind,Haze|||F|||50|,,,,,Steel]Ursaluna-Bloodmoon||FocusSash|MindsEye|Protect,BloodMoon,EarthPower,HyperVoice|||M|||50|,,,,,Normal]Annihilape||LumBerry|Defiant|Protect,RageFist,CloseCombat,Taunt|||M|||50|,,,,,Fire]Volcarona||CovertCloak|FlameBody|Protect,QuiverDance,HeatWave,TeraBlast|||M|||50|,,,,,Fairy]Rillaboom||AssaultVest|GrassySurge|FakeOut,WoodHammer,GrassyGlide,HighHorsepower|||F|||50|,,,,,Fire]Incineroar||SafetyGoggles|Intimidate|FakeOut,PartingShot,FlareBlitz,KnockOff|||M|||50|,,,,,Ghost
|inactive|Battle timer is ON: inactive players will automatically lose when time's up. (requested by nikolasnaiz)
|inactive|SuperBoke has 60 seconds left.
|inactive|nikolasnaiz has 60 seconds left.
|
|t:|1756825914
|teamsize|p1|4
|teamsize|p2|4
|start
|switch|p1a: Maushold|Maushold, L50|100/100
|switch|p1b: Annihilape|Annihilape, L50, F|100/100
|switch|p2a: Dragonite|Dragonite, L50, F, shiny|100/100
|switch|p2b: Ursaluna|Ursaluna-Bloodmoon, L50, M|100/100
|turn|1
|
|t:|1756825929
|move|p1a: Maushold|Taunt|p2a: Dragonite
|-start|p2a: Dragonite|move: Taunt
|move|p1b: Annihilape|Bulk Up|p1b: Annihilape
|-boost|p1b: Annihilape|atk|1
|-boost|p1b: Annihilape|def|1
|move|p2a: Dragonite|Scale Shot|p1b: Annihilape
|-damage|p1b: Annihilape|93/100
|-damage|p1b: Annihilape|84/100
|-damage|p1b: Annihilape|76/100
|-damage|p1b: Annihilape|69/100
|-hitcount|p1b: Annihilape|4
|-unboost|p2a: Dragonite|def|1
|-boost|p2a: Dragonite|spe|1
|move|p2b: Ursaluna|Hyper Voice|p1b: Annihilape|[spread] p1a,p1b
|-damage|p1a: Maushold|55/100
|-damage|p1b: Annihilape|46/100
|
|-heal|p1b: Annihilape|52/100|[from] item: Leftovers
|upkeep
|turn|2
|inactive|SuperBoke has 30 seconds left.
|
|t:|1756825955
|switch|p1a: Sinistcha|Sinistcha, L50|100/100
|-heal|p1b: Annihilape|77/100|[from] ability: Hospitality|[of] p1a: Sinistcha
|move|p2a: Dragonite|Scale Shot|p1a: Sinistcha
|-damage|p1a: Sinistcha|88/100
|-damage|p1a: Sinistcha|75/100
|-damage|p1a: Sinistcha|61/100
|-damage|p1a: Sinistcha|47/100
|-enditem|p1a: Sinistcha|Sitrus Berry|[eat]
|-heal|p1a: Sinistcha|72/100|[from] item: Sitrus Berry
|-damage|p1a: Sinistcha|58/100
|-hitcount|p1a: Sinistcha|5
|-unboost|p2a: Dragonite|def|1
|-boost|p2a: Dragonite|spe|1
|move|p1b: Annihilape|Drain Punch|p2b: Ursaluna
|-supereffective|p2b: Ursaluna
|-damage|p2b: Ursaluna|24/100
|-heal|p1b: Annihilape|100/100|[from] drain|[of] p2b: Ursaluna
|move|p2b: Ursaluna|Blood Moon|p1b: Annihilape
|-damage|p1b: Annihilape|33/100
|
|-heal|p1b: Annihilape|39/100|[from] item: Leftovers
|upkeep
|turn|3
|inactive|SuperBoke has 30 seconds left.
|inactive|nikolasnaiz has 30 seconds left.
|inactive|SuperBoke has 20 seconds left.
|
|t:|1756825991
|move|p1b: Annihilape|Protect|p1b: Annihilape
|-singleturn|p1b: Annihilape|Protect
|move|p2a: Dragonite|Scale Shot|p1b: Annihilape
|-activate|p1b: Annihilape|move: Protect
|move|p2b: Ursaluna|Hyper Voice|p1a: Sinistcha|[spread] p1a
|-activate|p1b: Annihilape|move: Protect
|-damage|p1a: Sinistcha|25/100
|move|p1a: Sinistcha|Life Dew|p1a: Sinistcha|[spread] p1a,p1b
|-heal|p1a: Sinistcha|50/100
|-heal|p1b: Annihilape|64/100
|
|-heal|p1b: Annihilape|70/100|[from] item: Leftovers
|-end|p2a: Dragonite|move: Taunt
|upkeep
|turn|4
|
|t:|1756826008
|move|p2a: Dragonite|Tailwind|p2a: Dragonite
|-sidestart|p2: nikolasnaiz|move: Tailwind
|move|p2b: Ursaluna|Blood Moon|p1b: Annihilape
|-damage|p1b: Annihilape|5/100
|move|p1b: Annihilape|Rage Fist|p2a: Dragonite
|-damage|p2a: Dragonite|0 fnt
|faint|p2a: Dragonite
|move|p1a: Sinistcha|Matcha Gotcha|p2b: Ursaluna
|-supereffective|p2b: Ursaluna
|-damage|p2b: Ursaluna|0 fnt
|-heal|p1a: Sinistcha|63/100|[from] drain|[of] p2b: Ursaluna
|faint|p2b: Ursaluna
|
|-heal|p1b: Annihilape|11/100|[from] item: Leftovers
|upkeep
|
|t:|1756826014
|switch|p2a: Volcarona|Volcarona, L50, M|100/100
|switch|p2b: Rillaboom|Rillaboom, L50, F|100/100
|-fieldstart|move: Grassy Terrain|[from] ability: Grassy Surge|[of] p2b: Rillaboom
|turn|5
|
|t:|1756826032
|switch|p1a: Maushold|Maushold, L50|55/100
|move|p1b: Annihilape|Protect|p1b: Annihilape
|-singleturn|p1b: Annihilape|Protect
|move|p2a: Volcarona|Quiver Dance|p2a: Volcarona
|-boost|p2a: Volcarona|spa|1
|-boost|p2a: Volcarona|spd|1
|-boost|p2a: Volcarona|spe|1
|move|p2b: Rillaboom|Wood Hammer|p1b: Annihilape
|-activate|p1b: Annihilape|move: Protect
|
|-heal|p1a: Maushold|61/100|[from] Grassy Terrain
|-heal|p1b: Annihilape|17/100|[from] Grassy Terrain
|-heal|p1b: Annihilape|24/100|[from] item: Leftovers
|upkeep
|turn|6
|
|t:|1756826048
|switch|p1a: Sinistcha|Sinistcha, L50|63/100
|-heal|p1b: Annihilape|49/100|[from] ability: Hospitality|[of] p1a: Sinistcha
|-terastallize|p1b: Annihilape|Water
|move|p2a: Volcarona|Heat Wave|p1b: Annihilape|[spread] p1a,p1b
|-supereffective|p1a: Sinistcha
|-resisted|p1b: Annihilape
|-damage|p1a: Sinistcha|0 fnt
|-damage|p1b: Annihilape|25/100
|faint|p1a: Sinistcha
|move|p2b: Rillaboom|Wood Hammer|p1b: Annihilape
|-supereffective|p1b: Annihilape
|-damage|p1b: Annihilape|0 fnt
|faint|p1b: Annihilape
|-damage|p2b: Rillaboom|92/100|[from] Recoil
|
|-heal|p2b: Rillaboom|98/100|[from] Grassy Terrain
|upkeep
|
|t:|1756826067
|switch|p1b: Maushold|Maushold, L50|61/100
|switch|p1a: Pelipper|Pelipper, L50, F|100/100
|-weather|RainDance|[from] ability: Drizzle|[of] p1a: Pelipper
|turn|7
|inactive|SuperBoke has 30 seconds left.
|
|t:|1756826097
|-terastallize|p2a: Volcarona|Fairy
|move|p1b: Maushold|Follow Me|p1b: Maushold
|-singleturn|p1b: Maushold|move: Follow Me
|move|p2a: Volcarona|Tera Blast|p1b: Maushold|[anim] Tera Blast Fairy
|-damage|p1b: Maushold|0 fnt
|faint|p1b: Maushold
|move|p2b: Rillaboom|Wood Hammer|p1a: Pelipper
|-crit|p1a: Pelipper
|-enditem|p1a: Pelipper|Focus Sash
|-damage|p1a: Pelipper|1/100
|-damage|p2b: Rillaboom|76/100|[from] Recoil
|move|p1a: Pelipper|Hurricane|p2b: Rillaboom
|-supereffective|p2b: Rillaboom
|-damage|p2b: Rillaboom|7/100
|
|-weather|RainDance|[upkeep]
|-heal|p2b: Rillaboom|13/100|[from] Grassy Terrain
|-sideend|p2: nikolasnaiz|move: Tailwind
|upkeep
|turn|8
|-message|SuperBoke forfeited.
|
|win|nikolasnaiz
|l|☆SuperBoke
|player|p1|
|j|☆SuperBoke
|player|p1|SuperBoke|steven|
||nikolasnaiz is ready for game 2.
||SuperBoke is ready for game 2.
|uhtml|next|Next: Game 2 of 3
