|j|☆MegaHappyDragonite
|j|☆MrMrvz
|html|MegaHappyDragoniteMrMrvz    
|uhtml|bestof|Game 2 of a best-of-3
|t:|1785771193
|gametype|doubles
|player|p1|MegaHappyDragonite|corbeau|1106
|player|p2|MrMrvz|ethan|1221
|gen|9
|tier|[Gen 9 Champions] VGC 2026 Reg M-B (Bo3)
|rated|
|rule|Species Clause: Limit one of each Pokémon
|rule|Item Clause: Limit 1 of each item
|clearpoke
|poke|p1|Dragonite, L50, F|
|poke|p1|Froslass, L50, F|
|poke|p1|Kingambit, L50, M|
|poke|p1|Basculegion, L50, M|
|poke|p1|Sneasler, L50, M|
|poke|p1|Garchomp, L50, F|
|poke|p2|Feraligatr, L50, M, shiny|
|poke|p2|Staraptor, L50, M|
|poke|p2|Whimsicott, L50, M|
|poke|p2|Glimmora, L50, F|
|poke|p2|Delphox, L50, F|
|poke|p2|Kingambit, L50, M, shiny|
|teampreview|4
|showteam|p1|Dragonite||Dragoninite|Multiscale|Thunderbolt,DragonPulse,Protect,HeatWave|Modest||F|||50|]Froslass||Froslassite|SnowCloak|Blizzard,ShadowBall,Protect,AuroraVeil|Timid||F|||50|]Kingambit||BlackGlasses|Defiant|KowtowCleave,IronHead,SuckerPunch,Protect|Adamant||M|||50|]Basculegion||ChoiceScarf|Adaptability|WaveCrash,LastRespects,AquaJet,FlipTurn|Jolly||M|||50|]Sneasler||FocusSash|PoisonTouch|CloseCombat,DireClaw,FakeOut,Protect|Jolly||M|||50|]Garchomp||LifeOrb|RoughSkin|Earthquake,DragonClaw,RockTomb,Protect|Jolly||F|||50|
|showteam|p2|Feraligatr||LifeOrb|SheerForce|Liquidation,RockSlide,IcePunch,AquaJet|Adamant||M|||50|]Staraptor||Staraptite|Intimidate|BraveBird,CloseCombat,Roost,Protect|Jolly||M|||50|]Whimsicott||OccaBerry|Prankster|Tailwind,Moonblast,Charm,LightScreen|Timid||M|||50|]Glimmora||FocusSash|ToxicDebris|PowerGem,SludgeBomb,EarthPower,SpikyShield|Modest||F|||50|]Delphox||Delphoxite|Blaze|HeatWave,Psychic,Encore,Protect|Timid||F|||50|]Kingambit||ChopleBerry|Defiant|KowtowCleave,IronHead,LowKick,SuckerPunch|Adamant||M|||50|
|
|t:|1785771217
|teamsize|p1|4
|teamsize|p2|4
|start
|switch|p1a: Garchomp|Garchomp, L50, F|100/100
|switch|p1b: Kingambit|Kingambit, L50, M|100/100
|switch|p2a: Whimsicott|Whimsicott, L50, M|100/100
|switch|p2b: Glimmora|Glimmora, L50, F|100/100
|turn|1
|
|t:|1785771245
|move|p1a: Garchomp|Protect|p1a: Garchomp
|-singleturn|p1a: Garchomp|Protect
|move|p2b: Glimmora|Spiky Shield|p2b: Glimmora
|-singleturn|p2b: Glimmora|move: Protect
|move|p2a: Whimsicott|Charm|p1a: Garchomp
|-activate|p1a: Garchomp|move: Protect
|move|p1b: Kingambit|Iron Head|p2a: Whimsicott
|-supereffective|p2a: Whimsicott|1
|-damage|p2a: Whimsicott|17/100
|
|upkeep
|turn|2
|
|t:|1785771291
|move|p2a: Whimsicott|Tailwind|p2a: Whimsicott
|-sidestart|p2: MrMrvz|move: Tailwind
|move|p1b: Kingambit|Sucker Punch||[still]
|-fail|p1b: Kingambit
|move|p2b: Glimmora|Earth Power|p1b: Kingambit
|-supereffective|p1b: Kingambit|1
|-damage|p1b: Kingambit|38/100
|move|p1a: Garchomp|Earthquake|p2a: Whimsicott|[spread] p1b,p2a,p2b
|-supereffective|p1b: Kingambit|1
|-resisted|p2a: Whimsicott|1
|-supereffective|p2b: Glimmora|2
|-damage|p1b: Kingambit|0 fnt
|-damage|p2a: Whimsicott|0 fnt
|-enditem|p2b: Glimmora|Focus Sash
|-damage|p2b: Glimmora|1/100
|-activate|p2b: Glimmora|ability: Toxic Debris
|-sidestart|p1: MegaHappyDragonite|move: Toxic Spikes
|faint|p1b: Kingambit
|faint|p2a: Whimsicott
|-damage|p1a: Garchomp|90/100|[from] item: Life Orb
|
|upkeep
|inactive|Battle timer is ON: inactive players will automatically lose when time's up. (requested by MrMrvz)
|inactive|MegaHappyDragonite has 60 seconds left.
|inactive|MegaHappyDragonite has 30 seconds left.
|
|t:|1785771401
|switch|p2a: Feraligatr|Feraligatr, L50, M, shiny|100/100
|switch|p1b: Sneasler|Sneasler, L50, M|100/100
|-sideend|p1: MegaHappyDragonite|move: Toxic Spikes|[of] p1b: Sneasler
|turn|3
|
|t:|1785771414
|move|p2b: Glimmora|Spiky Shield|p2b: Glimmora
|-singleturn|p2b: Glimmora|move: Protect
|move|p1b: Sneasler|Fake Out|p2a: Feraligatr
|-damage|p2a: Feraligatr|86/100
|-status|p2a: Feraligatr|psn|[from] ability: Poison Touch|[of] p1b: Sneasler
|cant|p2a: Feraligatr|flinch
|move|p1a: Garchomp|Dragon Claw|p2a: Feraligatr
|-damage|p2a: Feraligatr|36/100 psn
|-damage|p1a: Garchomp|80/100|[from] item: Life Orb
|
|-damage|p2a: Feraligatr|24/100 psn|[from] psn
|upkeep
|turn|4
|
|t:|1785771438
|move|p1a: Garchomp|Protect|p1a: Garchomp
|-singleturn|p1a: Garchomp|Protect
|move|p2b: Glimmora|Earth Power|p1b: Sneasler
|-supereffective|p1b: Sneasler|1
|-enditem|p1b: Sneasler|Focus Sash
|-damage|p1b: Sneasler|1/100
|-unboost|p1b: Sneasler|spd|1
|move|p2a: Feraligatr|Ice Punch|p1a: Garchomp
|-activate|p1a: Garchomp|move: Protect
|move|p1b: Sneasler|Close Combat|p2a: Feraligatr
|-damage|p2a: Feraligatr|0 fnt
|-unboost|p1b: Sneasler|def|1
|-unboost|p1b: Sneasler|spd|1
|faint|p2a: Feraligatr
|
|upkeep
|
|t:|1785771453
|switch|p2a: Staraptor|Staraptor, L50, M|100/100
|-ability|p2a: Staraptor|Intimidate|boost
|-unboost|p1a: Garchomp|atk|1
|-unboost|p1b: Sneasler|atk|1
|turn|5
|
|t:|1785771476
|detailschange|p2a: Staraptor|Staraptor-Mega, L50, M
|-mega|p2a: Staraptor|Staraptor|Staraptite
|move|p1b: Sneasler|Protect|p1b: Sneasler
|-singleturn|p1b: Sneasler|Protect
|move|p2a: Staraptor|Close Combat|p1a: Garchomp
|-damage|p1a: Garchomp|18/100
|-boost|p2a: Staraptor|def|1
|-boost|p2a: Staraptor|spd|1
|-damage|p2a: Staraptor|87/100|[from] ability: Rough Skin|[of] p1a: Garchomp
|move|p2b: Glimmora|Earth Power|p1b: Sneasler
|-activate|p1b: Sneasler|move: Protect
|move|p1a: Garchomp|Rock Tomb|p2a: Staraptor
|-crit|p2a: Staraptor
|-damage|p2a: Staraptor|50/100g
|-boost|p2a: Staraptor|spe|1
|-damage|p1a: Garchomp|8/100|[from] item: Life Orb
|
|-sideend|p2: MrMrvz|move: Tailwind
|upkeep
|turn|6
|inactive|MrMrvz has 30 seconds left.
|inactive|MrMrvz has 20 seconds left.
|inactive|MrMrvz has 15 seconds left.
|inactive|MrMrvz has 10 seconds left.
|inactive|MrMrvz has 5 seconds left.
|
|t:|1785771531
|move|p2a: Staraptor|Brave Bird|p1b: Sneasler
|-supereffective|p1b: Sneasler|1
|-damage|p1b: Sneasler|0 fnt
|faint|p1b: Sneasler
|-damage|p2a: Staraptor|49/100|[from] Recoil
|move|p1a: Garchomp|Dragon Claw|p2b: Glimmora
|-damage|p2b: Glimmora|0 fnt
|-activate|p2b: Glimmora|ability: Toxic Debris
|-sidestart|p1: MegaHappyDragonite|move: Toxic Spikes
|faint|p2b: Glimmora
|-damage|p1a: Garchomp|0 fnt|[from] item: Life Orb
|faint|p1a: Garchomp
|
|upkeep
|
|t:|1785771535
|switch|p1b: Basculegion|Basculegion, L50, M|100/100
|-status|p1b: Basculegion|psn
|turn|7
|
|t:|1785771547
|move|p2a: Staraptor|Protect|p2a: Staraptor
|-singleturn|p2a: Staraptor|Protect
|move|p1b: Basculegion|Last Respects|p2a: Staraptor
|-activate|p2a: Staraptor|move: Protect
|
|-damage|p1b: Basculegion|87/100 psn|[from] psn
|upkeep
|turn|8
|
|t:|1785771557
|move|p2a: Staraptor|Roost|p2a: Staraptor
|-heal|p2a: Staraptor|100/100
|-singleturn|p2a: Staraptor|move: Roost
|move|p1b: Basculegion|Last Respects|p2a: Staraptor
|-damage|p2a: Staraptor|24/100
|
|-damage|p1b: Basculegion|75/100 psn|[from] psn
|upkeep
|turn|9
|
|t:|1785771566
|move|p2a: Staraptor|Protect|p2a: Staraptor
|-singleturn|p2a: Staraptor|Protect
|move|p1b: Basculegion|Last Respects|p2a: Staraptor
|-activate|p2a: Staraptor|move: Protect
|
|-damage|p1b: Basculegion|63/100 psn|[from] psn
|upkeep
|turn|10
|
|t:|1785771573
|move|p2a: Staraptor|Roost|p2a: Staraptor
|-heal|p2a: Staraptor|74/100
|-singleturn|p2a: Staraptor|move: Roost
|move|p1b: Basculegion|Last Respects|p2a: Staraptor
|-damage|p2a: Staraptor|0 fnt
|faint|p2a: Staraptor
|
|win|MegaHappyDragonite
|raw|MegaHappyDragonite's rating: 1106 → 1139(+33 for winning)
|raw|MrMrvz's rating: 1221 → 1188(-33 for losing)
|l|☆MegaHappyDragonite
|player|p1|
|l|☆MrMrvz
|player|p2|
|j|☆MrMrvz
|player|p2|MrMrvz|ethan|
