|j|☆Jack Hexapod
|j|☆Seven_Summits
|html|Jack HexapodSeven_Summits    
|uhtml|bestof|Game 1 of a best-of-3
|t:|1782277064
|gametype|doubles
|player|p1|Jack Hexapod|bugcatcher-gen4dp|1083
|player|p2|Seven_Summits|guitarist|1044
|gen|9
|tier|[Gen 9 Champions] VGC 2026 Reg M-B (Bo3)
|rated|
|rule|Species Clause: Limit one of each Pokémon
|rule|Item Clause: Limit 1 of each item
|clearpoke
|poke|p1|Sinistcha, L50, shiny|
|poke|p1|Grimmsnarl, L50, M, shiny|
|poke|p1|Pelipper, L50, M, shiny|
|poke|p1|Archaludon, L50, M, shiny|
|poke|p1|Swampert, L50, F|
|poke|p1|Metagross, L50, shiny|
|poke|p2|Staraptor, L50, F|
|poke|p2|Whimsicott, L50, F|
|poke|p2|Garchomp, L50, F|
|poke|p2|Delphox, L50, M|
|poke|p2|Sinistcha-Masterpiece, L50|
|poke|p2|Incineroar, L50, M|
|teampreview|4
|showteam|p1|Sinistcha||KasibBerry|Hospitality|MatchaGotcha,RagePowder,TrickRoom,Protect|Relaxed|||||50|]Grimmsnarl||LightClay|Prankster|SpiritBreak,Reflect,LightScreen,PartingShot|Careful||M|||50|]Pelipper||SitrusBerry|Drizzle|Hurricane,WeatherBall,Tailwind,WideGuard|Modest||M|||50|]Archaludon||Leftovers|Stamina|ElectroShot,FlashCannon,DragonPulse,Protect|Modest||M|||50|]Swampert||Swampertite|Damp|WaveCrash,Earthquake,IcePunch,Protect|Adamant||F|||50|]Metagross||Metagrossite|ClearBody|PsychicFangs,IronHead,StompingTantrum,Protect|Jolly|||||50|
|showteam|p2|Staraptor||Staraptite|Intimidate|Protect,Roost,BraveBird,CloseCombat|Jolly||F|||50|]Whimsicott||FocusSash|Prankster|Encore,Tailwind,Charm,Moonblast|Timid||F|||50|]Garchomp||LifeOrb|RoughSkin|Protect,Earthquake,RockSlide,DragonClaw|Jolly||F|||50|]Delphox||Delphoxite|Blaze|HeatWave,Psyshock,NastyPlot,Protect|Timid||M|||50|]Sinistcha-Masterpiece||KasibBerry|Hospitality|Protect,RagePowder,StrengthSap,MatchaGotcha|Bold|||||50|]Incineroar||SitrusBerry|Intimidate|FakeOut,PartingShot,ThroatChop,FlareBlitz|Careful||M|||50|
|inactive|Battle timer is ON: inactive players will automatically lose when time's up. (requested by Jack Hexapod)
|inactive|Seven_Summits has 60 seconds left.
|
|t:|1782277105
|teamsize|p1|4
|teamsize|p2|4
|start
|switch|p1a: Chrono|Pelipper, L50, M, shiny|100/100
|switch|p1b: Caipiroto|Grimmsnarl, L50, M, shiny|100/100
|switch|p2a: Staraptor|Staraptor, L50, F|100/100
|switch|p2b: Whimsicott|Whimsicott, L50, F|100/100
|-ability|p2a: Staraptor|Intimidate|boost
|-unboost|p1a: Chrono|atk|1
|-unboost|p1b: Caipiroto|atk|1
|-weather|RainDance|[from] ability: Drizzle|[of] p1a: Chrono
|turn|1
|inactive|Seven_Summits has 30 seconds left.
|inactive|Seven_Summits has 20 seconds left.
|
|t:|1782277144
|detailschange|p2a: Staraptor|Staraptor-Mega, L50, F
|-mega|p2a: Staraptor|Staraptor|Staraptite
|move|p2b: Whimsicott|Charm|p2a: Staraptor
|-boost|p2a: Staraptor|atk|2
|move|p1b: Caipiroto|Reflect|p1b: Caipiroto
|-sidestart|p1: Jack Hexapod|Reflect
|move|p2a: Staraptor|Close Combat|p1b: Caipiroto
|-damage|p1b: Caipiroto|14/100
|-boost|p2a: Staraptor|def|1
|-boost|p2a: Staraptor|spd|1
|move|p1a: Chrono|Hurricane|p2a: Staraptor
|-supereffective|p2a: Staraptor|1
|-damage|p2a: Staraptor|25/100
|
|-weather|RainDance|[upkeep]
|upkeep
|turn|2
|inactive|Jack Hexapod has 30 seconds left.
|inactive|Seven_Summits has 30 seconds left.
|inactive|Seven_Summits has 20 seconds left.
|
|t:|1782277181
|move|p2a: Staraptor|Protect|p2a: Staraptor
|-singleturn|p2a: Staraptor|Protect
|move|p1b: Caipiroto|Parting Shot|p2b: Whimsicott
|-unboost|p2b: Whimsicott|atk|1
|-unboost|p2b: Whimsicott|spa|1
|
|t:|1782277187
|switch|p1b: Inoxidavel|Metagross, L50, shiny|100/100|[from] Parting Shot
|move|p2b: Whimsicott|Moonblast|p1b: Inoxidavel
|-resisted|p1b: Inoxidavel|1
|-damage|p1b: Inoxidavel|87/100
|move|p1a: Chrono|Hurricane|p2a: Staraptor
|-activate|p2a: Staraptor|move: Protect
|
|-weather|RainDance|[upkeep]
|upkeep
|turn|3
|inactive|Seven_Summits has 30 seconds left.
|
|t:|1782277215
|detailschange|p1b: Inoxidavel|Metagross-Mega, L50, shiny
|-mega|p1b: Inoxidavel|Metagross|Metagrossite
|move|p2b: Whimsicott|Charm|p2a: Staraptor
|-boost|p2a: Staraptor|atk|2
|move|p2a: Staraptor|Close Combat|p1b: Inoxidavel
|-damage|p1b: Inoxidavel|0 fnt
|-boost|p2a: Staraptor|def|1
|-boost|p2a: Staraptor|spd|1
|faint|p1b: Inoxidavel
|move|p1a: Chrono|Tailwind|p1a: Chrono
|-sidestart|p1: Jack Hexapod|move: Tailwind
|
|-weather|RainDance|[upkeep]
|upkeep
|
|t:|1782277231
|switch|p1b: Palace|Archaludon, L50, M, shiny|100/100
|turn|4
|
|t:|1782277252
|move|p1b: Palace|Protect|p1b: Palace
|-singleturn|p1b: Palace|Protect
|move|p2b: Whimsicott|Encore|p1a: Chrono
|-start|p1a: Chrono|Encore
|move|p1a: Chrono|Tailwind||[still]
|-fail|p1a: Chrono
|move|p2a: Staraptor|Close Combat|p1b: Palace
|-activate|p1b: Palace|move: Protect
|
|-weather|RainDance|[upkeep]
|upkeep
|turn|5
|
|t:|1782277273
|switch|p1a: Caipiroto|Grimmsnarl, L50, M, shiny|14/100
|move|p2b: Whimsicott|Encore|p1b: Palace
|-start|p1b: Palace|Encore
|move|p1b: Palace|Protect||[still]
|-fail|p1b: Palace
|move|p2a: Staraptor|Roost|p2a: Staraptor
|-heal|p2a: Staraptor|75/100
|-singleturn|p2a: Staraptor|move: Roost
|
|-weather|none
|upkeep
|turn|6
|
|t:|1782277298
|switch|p1b: Chrono|Pelipper, L50, M, shiny|100/100
|-weather|RainDance|[from] ability: Drizzle|[of] p1b: Chrono
|move|p2b: Whimsicott|Charm|p2a: Staraptor
|-boost|p2a: Staraptor|atk|2
|move|p2a: Staraptor|Close Combat|p1b: Chrono
|-resisted|p1b: Chrono|1
|-damage|p1b: Chrono|12/100
|-boost|p2a: Staraptor|def|1
|-boost|p2a: Staraptor|spd|1
|-enditem|p1b: Chrono|Sitrus Berry|[eat]
|-heal|p1b: Chrono|37/100|[from] item: Sitrus Berry
|move|p1a: Caipiroto|Spirit Break|p2a: Staraptor
|-supereffective|p2a: Staraptor|1
|-damage|p2a: Staraptor|46/100
|-boost|p2a: Staraptor|spa|1
|
|-weather|RainDance|[upkeep]
|-sideend|p1: Jack Hexapod|move: Tailwind
|upkeep
|turn|7
|inactive|Jack Hexapod has 30 seconds left.
|inactive|Seven_Summits has 30 seconds left.
|
|t:|1782277327
|switch|p2b: Sinistcha|Sinistcha-Masterpiece, L50|100/100
|-heal|p2a: Staraptor|70/100|[from] ability: Hospitality|[of] p2b: Sinistcha
|move|p2a: Staraptor|Close Combat|p1b: Chrono
|-resisted|p1b: Chrono|1
|-damage|p1b: Chrono|0 fnt
|-boost|p2a: Staraptor|def|1
|-boost|p2a: Staraptor|spd|1
|faint|p1b: Chrono
|move|p1a: Caipiroto|Spirit Break|p2a: Staraptor
|-supereffective|p2a: Staraptor|1
|-damage|p2a: Staraptor|47/100
|-boost|p2a: Staraptor|spa|1
|
|-weather|RainDance|[upkeep]
|upkeep
|
|t:|1782277342
|switch|p1b: Palace|Archaludon, L50, M, shiny|100/100
|turn|8
|
|t:|1782277355
|move|p2b: Sinistcha|Rage Powder|p2b: Sinistcha
|-singleturn|p2b: Sinistcha|move: Rage Powder
|move|p2a: Staraptor|Roost|p2a: Staraptor
|-heal|p2a: Staraptor|97/100
|-singleturn|p2a: Staraptor|move: Roost
|move|p1b: Palace|Electro Shot||[still]
|-prepare|p1b: Palace|Electro Shot
|-boost|p1b: Palace|spa|1
|-anim|p1b: Palace|Electro Shot|p2b: Sinistcha
|-resisted|p2b: Sinistcha|1
|-damage|p2b: Sinistcha|70/100
|move|p1a: Caipiroto|Spirit Break|p2b: Sinistcha
|-damage|p2b: Sinistcha|42/100
|-unboost|p2b: Sinistcha|spa|1
|
|-weather|RainDance|[upkeep]
|-sideend|p1: Jack Hexapod|Reflect
|upkeep
|turn|9
|
|t:|1782277379
|move|p2b: Sinistcha|Rage Powder|p2b: Sinistcha
|-singleturn|p2b: Sinistcha|move: Rage Powder
|move|p2a: Staraptor|Close Combat|p1a: Caipiroto
|-damage|p1a: Caipiroto|0 fnt
|-boost|p2a: Staraptor|def|1
|-boost|p2a: Staraptor|spd|1
|faint|p1a: Caipiroto
|move|p1b: Palace|Electro Shot||[still]
|-prepare|p1b: Palace|Electro Shot
|-boost|p1b: Palace|spa|1
|-anim|p1b: Palace|Electro Shot|p2b: Sinistcha
|-resisted|p2b: Sinistcha|1
|-damage|p2b: Sinistcha|0 fnt
|faint|p2b: Sinistcha
|
|-weather|RainDance|[upkeep]
|upkeep
|
|t:|1782277393
|switch|p2b: Whimsicott|Whimsicott, L50, F|100/100
|turn|10
|
|t:|1782277408
|move|p2b: Whimsicott|Tailwind|p2b: Whimsicott
|-sidestart|p2: Seven_Summits|move: Tailwind
|move|p2a: Staraptor|Close Combat|p1b: Palace
|-supereffective|p1b: Palace|1
|-damage|p1b: Palace|0 fnt
|-boost|p2a: Staraptor|def|1
|-boost|p2a: Staraptor|spd|1
|faint|p1b: Palace
|
|win|Seven_Summits
|inactive|Jack Hexapod has 30 seconds to confirm battle start!
|inactive|Seven_Summits has 30 seconds to confirm battle start!
||Seven_Summits is ready for game 2.
||Jack Hexapod is ready for game 2.
|uhtml|next|Next: Game 2 of 3
