|j|☆Olympicsvgc
|j|☆Cjpremo
|html|OlympicsvgcCjpremo    
|uhtml|bestof|Game 3 of a best-of-3
|t:|1785825292
|gametype|doubles
|player|p1|Olympicsvgc|dawn|1124
|player|p2|Cjpremo|266|1018
|gen|9
|tier|[Gen 9 Champions] VGC 2026 Reg M-B (Bo3)
|rated|
|rule|Species Clause: Limit one of each Pokémon
|rule|Item Clause: Limit 1 of each item
|clearpoke
|poke|p1|Delphox, L50, F|
|poke|p1|Archaludon, L50, M|
|poke|p1|Pelipper, L50, F|
|poke|p1|Sableye, L50, F|
|poke|p1|Sinistcha, L50|
|poke|p1|Swampert, L50, M|
|poke|p2|Whimsicott, L50, F|
|poke|p2|Staraptor, L50, M|
|poke|p2|Garchomp, L50, M|
|poke|p2|Gholdengo, L50|
|poke|p2|Basculegion, L50, M|
|poke|p2|Typhlosion-Hisui, L50, F|
|teampreview|4
|showteam|p1|Delphox||Delphoxite|Blaze|Protect,NastyPlot,HeatWave,Psyshock|Timid||F|||50|]Archaludon||Leftovers|Stamina|ElectroShot,Protect,DragonPulse,FlashCannon|Calm||M|||50|]Pelipper||SitrusBerry|Drizzle|Protect,Tailwind,WeatherBall,Hurricane|Modest||F|||50|]Sableye||LightClay|Prankster|FoulPlay,LightScreen,RainDance,Reflect|Calm||F|||50|]Sinistcha||FocusSash|Hospitality|TrickRoom,MatchaGotcha,RagePowder,LifeDew|Bold|||||50|]Swampert||Swampertite|Damp|Protect,WaveCrash,IcePunch,Earthquake|Adamant||M|||50|
|showteam|p2|Whimsicott||FocusSash|Prankster|Tickle,Tailwind,Moonblast,FakeTears|Timid||F|||50|]Staraptor||Staraptite|Intimidate|BraveBird,CloseCombat,Roost,Protect|Jolly||M|||50|]Garchomp||RoseliBerry|RoughSkin|DragonClaw,StompingTantrum,RockTomb,PoisonJab|Jolly||M|||50|]Gholdengo||LifeOrb|GoodasGold|MakeItRain,ShadowBall,PowerGem,Protect|Modest|||||50|]Basculegion||MysticWater|Adaptability|WaveCrash,LastRespects,AquaJet,Protect|Adamant||M|||50|]Typhlosion-Hisui||ChoiceScarf|Frisk|Eruption,HeatWave,BurnUp,ShadowBall|Modest||F|||50|
|inactive|Battle timer is ON: inactive players will automatically lose when time's up. (requested by Cjpremo)
|
|t:|1785825321
|teamsize|p1|4
|teamsize|p2|4
|start
|switch|p1a: Delphox|Delphox, L50, F|100/100
|switch|p1b: Sableye|Sableye, L50, F|100/100
|switch|p2a: Whimsicott|Whimsicott, L50, F|100/100
|switch|p2b: Staraptor|Staraptor, L50, M|100/100
|-ability|p2b: Staraptor|Intimidate|boost
|-unboost|p1a: Delphox|atk|1
|-unboost|p1b: Sableye|atk|1
|turn|1
|inactive|Cjpremo has 30 seconds left.
|
|t:|1785825352
|switch|p2a: Typhlosion|Typhlosion-Hisui, L50, F|100/100
|-item|p1a: Delphox|Delphoxite|[from] ability: Frisk|[of] p2a: Typhlosion
|-item|p1b: Sableye|Light Clay|[from] ability: Frisk|[of] p2a: Typhlosion
|detailschange|p1a: Delphox|Delphox-Mega, L50, F
|-mega|p1a: Delphox|Delphox|Delphoxite
|move|p2b: Staraptor|Protect|p2b: Staraptor
|-singleturn|p2b: Staraptor|Protect
|move|p1b: Sableye|Reflect|p1b: Sableye
|-sidestart|p1: Olympicsvgc|Reflect
|move|p1a: Delphox|Heat Wave|p2a: Typhlosion|[spread] p2a
|-activate|p2b: Staraptor|move: Protect
|-resisted|p2a: Typhlosion|1
|-damage|p2a: Typhlosion|75/100
|
|upkeep
|turn|2
|inactive|Cjpremo has 30 seconds left.
|inactive|Cjpremo has 20 seconds left.
|inactive|Olympicsvgc has 30 seconds left.
|inactive|Cjpremo has 15 seconds left.
|inactive|Cjpremo has 10 seconds left.
|inactive|Cjpremo has 5 seconds left.
|
|t:|1785825407
|move|p1b: Sableye|Light Screen|p1b: Sableye
|-sidestart|p1: Olympicsvgc|move: Light Screen
|move|p2a: Typhlosion|Eruption|p1a: Delphox|[spread] p1a,p1b
|-resisted|p1a: Delphox|1
|-damage|p1a: Delphox|87/100
|-damage|p1b: Sableye|64/100
|move|p1a: Delphox|Psyshock|p2b: Staraptor
|-damage|p2b: Staraptor|33/100
|move|p2b: Staraptor|Brave Bird|p1b: Sableye
|-damage|p1b: Sableye|10/100
|-damage|p2b: Staraptor|16/100|[from] Recoil
|
|upkeep
|turn|3
|inactive|Olympicsvgc has 30 seconds left.
|
|t:|1785825434
|switch|p2a: Basculegion|Basculegion, L50, M|100/100
|switch|p1b: Pelipper|Pelipper, L50, F|100/100
|-weather|RainDance|[from] ability: Drizzle|[of] p1b: Pelipper
|move|p2b: Staraptor|Protect|p2b: Staraptor
|-singleturn|p2b: Staraptor|Protect
|move|p1a: Delphox|Psyshock|p2b: Staraptor
|-activate|p2b: Staraptor|move: Protect
|
|-weather|RainDance|[upkeep]
|upkeep
|turn|4
|
|t:|1785825455
|switch|p1a: Archaludon|Archaludon, L50, M|100/100
|switch|p2b: Whimsicott|Whimsicott, L50, F|100/100
|switch|p2a: Typhlosion|Typhlosion-Hisui, L50, F|75/100
|-item|p1a: Archaludon|Leftovers|[from] ability: Frisk|[of] p2a: Typhlosion
|-item|p1b: Pelipper|Sitrus Berry|[from] ability: Frisk|[of] p2a: Typhlosion
|move|p1b: Pelipper|Tailwind|p1b: Pelipper
|-sidestart|p1: Olympicsvgc|move: Tailwind
|
|-weather|RainDance|[upkeep]
|upkeep
|turn|5
|
|t:|1785825478
|switch|p1b: Delphox|Delphox-Mega, L50, F|87/100
|move|p2b: Whimsicott|Fake Tears|p1a: Archaludon
|-unboost|p1a: Archaludon|spd|2
|move|p2a: Typhlosion|Shadow Ball|p1a: Archaludon
|-damage|p1a: Archaludon|51/100
|-ability|p1a: Archaludon|Stamina|boost
|-boost|p1a: Archaludon|def|1
|move|p1a: Archaludon|Electro Shot||[still]
|-prepare|p1a: Archaludon|Electro Shot
|-boost|p1a: Archaludon|spa|1
|-anim|p1a: Archaludon|Electro Shot|p2a: Typhlosion
|-damage|p2a: Typhlosion|6/100
|
|-weather|RainDance|[upkeep]
|-heal|p1a: Archaludon|57/100|[from] item: Leftovers
|upkeep
|turn|6
|inactive|Olympicsvgc has 30 seconds left.
|inactive|Olympicsvgc has 20 seconds left.
|
|t:|1785825513
|move|p2b: Whimsicott|Tailwind|p2b: Whimsicott
|-sidestart|p2: Cjpremo|move: Tailwind
|move|p2a: Typhlosion|Shadow Ball|p1b: Delphox
|-supereffective|p1b: Delphox|1
|-damage|p1b: Delphox|38/100
|-unboost|p1b: Delphox|spd|1
|move|p1b: Delphox|Heat Wave|p2b: Whimsicott|[spread] p2a,p2b
|-resisted|p2a: Typhlosion|1
|-supereffective|p2b: Whimsicott|1
|-damage|p2a: Typhlosion|0 fnt
|-damage|p2b: Whimsicott|38/100
|faint|p2a: Typhlosion
|move|p1a: Archaludon|Flash Cannon|p2b: Whimsicott
|-supereffective|p2b: Whimsicott|1
|-damage|p2b: Whimsicott|0 fnt
|faint|p2b: Whimsicott
|
|-weather|RainDance|[upkeep]
|-heal|p1a: Archaludon|63/100|[from] item: Leftovers
|upkeep
|
|t:|1785825532
|switch|p2b: Staraptor|Staraptor, L50, M|16/100
|switch|p2a: Basculegion|Basculegion, L50, M|100/100
|-ability|p2b: Staraptor|Intimidate|boost
|-unboost|p1a: Archaludon|atk|1
|-unboost|p1b: Delphox|atk|1
|turn|7
|
|t:|1785825550
|detailschange|p2b: Staraptor|Staraptor-Mega, L50, M
|-mega|p2b: Staraptor|Staraptor|Staraptite
|move|p2a: Basculegion|Protect|p2a: Basculegion
|-singleturn|p2a: Basculegion|Protect
|move|p1b: Delphox|Psyshock|p2b: Staraptor
|-supereffective|p2b: Staraptor|1
|-damage|p2b: Staraptor|0 fnt
|faint|p2b: Staraptor
|move|p1a: Archaludon|Electro Shot||[still]
|-prepare|p1a: Archaludon|Electro Shot
|-boost|p1a: Archaludon|spa|1
|-anim|p1a: Archaludon|Electro Shot|p2a: Basculegion
|-activate|p2a: Basculegion|move: Protect
|
|-weather|none
|-heal|p1a: Archaludon|69/100|[from] item: Leftovers
|-sideend|p1: Olympicsvgc|move: Tailwind
|upkeep
|turn|8
|
|t:|1785825575
|switch|p1b: Pelipper|Pelipper, L50, F|100/100
|-weather|RainDance|[from] ability: Drizzle|[of] p1b: Pelipper
|move|p2a: Basculegion|Aqua Jet|p1b: Pelipper
|-resisted|p1b: Pelipper|1
|-damage|p1b: Pelipper|82/100
|move|p1a: Archaludon|Electro Shot||[still]
|-prepare|p1a: Archaludon|Electro Shot
|-boost|p1a: Archaludon|spa|1
|-anim|p1a: Archaludon|Electro Shot|p2a: Basculegion
|-supereffective|p2a: Basculegion|1
|-crit|p2a: Basculegion
|-damage|p2a: Basculegion|0 fnt
|faint|p2a: Basculegion
|
|win|Olympicsvgc
|raw|Olympicsvgc's rating: 1124 → 1142(+18 for winning)
|raw|Cjpremo's rating: 1018 → 1009(-9 for losing)
