|j|☆TaiwanNephrologist
|j|☆luckycricket0326
|html|TaiwanNephrologistluckycricket0326    
|uhtml|bestof|Game 1 of a best-of-3
|t:|1786118409
|gametype|doubles
|player|p1|TaiwanNephrologist|101|
|player|p2|luckycricket0326|169|
|gen|9
|tier|[Gen 9 Champions] VGC 2026 Reg M-B (Bo3)
|rule|Species Clause: Limit one of each Pokémon
|rule|Item Clause: Limit 1 of each item
|clearpoke
|poke|p1|Delphox, L50, F, shiny|
|poke|p1|Incineroar, L50, F, shiny|
|poke|p1|Kingambit, L50, F, shiny|
|poke|p1|Sinistcha, L50, shiny|
|poke|p1|Sneasler, L50, F, shiny|
|poke|p1|Blastoise, L50, F, shiny|
|poke|p2|Raichu, L50, F|
|poke|p2|Sinistcha, L50|
|poke|p2|Incineroar, L50, F|
|poke|p2|Sylveon, L50, F|
|poke|p2|Hydreigon, L50, F, shiny|
|poke|p2|Metagross, L50|
|teampreview|4
|showteam|p1|Delphox||Delphoxite|Blaze|HeatWave,Psychic,NastyPlot,Protect|Timid||F|||50|]Incineroar||SitrusBerry|Intimidate|FakeOut,FlareBlitz,HelpingHand,PartingShot|Careful||F|||50|]Kingambit||LifeOrb|Defiant|KowtowCleave,SuckerPunch,SwordsDance,Protect|Adamant||F|||50|]Sinistcha||OccaBerry|Hospitality|MatchaGotcha,RagePowder,TrickRoom,Protect|Bold|||||50|]Sneasler||FocusSash|PoisonTouch|FakeOut,PoisonJab,CloseCombat,QuickGuard|Jolly||F|||50|]Blastoise||Blastoisinite|RainDish|WaterSpout,DarkPulse,ShellSmash,Protect|Modest||F|||50|
|showteam|p2|Raichu||RaichuniteY|LightningRod|FakeOut,ZapCannon,FocusBlast,Protect|Timid||F|||50|]Sinistcha||SitrusBerry|Hospitality|MatchaGotcha,RagePowder,TrickRoom,Protect|Bold|||||50|]Incineroar||ShucaBerry|Intimidate|FlareBlitz,DarkestLariat,PartingShot,FakeOut|Careful||F|||50|]Sylveon||LifeOrb|Pixilate|HyperVoice,HyperBeam,CalmMind,Detect|Modest||F|||50|]Hydreigon||ChoiceScarf|Levitate|DracoMeteor,DarkPulse,EarthPower,Snarl|Modest||F|||50|]Metagross||Metagrossite|ClearBody|HardPress,BodyPress,PsychicFangs,Protect|Adamant|||||50|
|inactive|Battle timer is ON: inactive players will automatically lose when time's up. (requested by luckycricket0326)
|inactive|TaiwanNephrologist has 60 seconds left.
|
|t:|1786118484
|teamsize|p1|4
|teamsize|p2|4
|start
|switch|p1a: Incineroar|Incineroar, L50, F, shiny|100/100
|switch|p1b: Delphox|Delphox, L50, F, shiny|100/100
|switch|p2a: Raichu|Raichu, L50, F|100/100
|switch|p2b: Hydreigon|Hydreigon, L50, F, shiny|100/100
|-ability|p1a: Incineroar|Intimidate|boost
|-unboost|p2a: Raichu|atk|1
|-unboost|p2b: Hydreigon|atk|1
|turn|1
|inactive|TaiwanNephrologist has 30 seconds left.
|inactive|luckycricket0326 has 30 seconds left.
|inactive|TaiwanNephrologist has 20 seconds left.
|inactive|luckycricket0326 has 20 seconds left.
|inactive|luckycricket0326 has 15 seconds left.
|inactive|TaiwanNephrologist has 15 seconds left.
|inactive|luckycricket0326 has 10 seconds left.
|inactive|luckycricket0326 has 5 seconds left.
|
|t:|1786118535
|detailschange|p2a: Raichu|Raichu-Mega-Y, L50, F
|-mega|p2a: Raichu|Raichu|Raichunite Y
|detailschange|p1b: Delphox|Delphox-Mega, L50, F, shiny
|-mega|p1b: Delphox|Delphox|Delphoxite
|move|p1b: Delphox|Protect|p1b: Delphox
|-singleturn|p1b: Delphox|Protect
|move|p2a: Raichu|Fake Out|p1b: Delphox
|-activate|p1b: Delphox|move: Protect
|move|p2b: Hydreigon|Snarl|p1a: Incineroar|[spread] p1a
|-activate|p1b: Delphox|move: Protect
|-resisted|p1a: Incineroar|1
|-damage|p1a: Incineroar|92/100
|-unboost|p1a: Incineroar|spa|1
|move|p1a: Incineroar|Parting Shot|p2b: Hydreigon
|-unboost|p2b: Hydreigon|atk|1
|-unboost|p2b: Hydreigon|spa|1
|
|t:|1786118556
|switch|p1a: Sneasler|Sneasler, L50, F, shiny|100/100|[from] Parting Shot
|
|upkeep
|turn|2
|
|t:|1786118579
|switch|p2a: Incineroar|Incineroar, L50, F|100/100
|-ability|p2a: Incineroar|Intimidate|boost
|-unboost|p1a: Sneasler|atk|1
|-unboost|p1b: Delphox|atk|1
|switch|p1a: Incineroar|Incineroar, L50, F, shiny|92/100
|-ability|p1a: Incineroar|Intimidate|boost
|-unboost|p2a: Incineroar|atk|1
|-unboost|p2b: Hydreigon|atk|1
|move|p2b: Hydreigon|Snarl|p1a: Incineroar|[spread] p1a,p1b
|-resisted|p1a: Incineroar|1
|-supereffective|p1b: Delphox|1
|-damage|p1a: Incineroar|87/100
|-damage|p1b: Delphox|74/100
|-unboost|p1a: Incineroar|spa|1
|-unboost|p1b: Delphox|spa|1
|move|p1b: Delphox|Nasty Plot|p1b: Delphox
|-boost|p1b: Delphox|spa|2
|
|upkeep
|turn|3
|inactive|TaiwanNephrologist has 30 seconds left.
|inactive|luckycricket0326 has 30 seconds left.
|inactive|luckycricket0326 has 20 seconds left.
|inactive|luckycricket0326 has 15 seconds left.
|inactive|luckycricket0326 has 10 seconds left.
|
|t:|1786118625
|switch|p2b: Raichu|Raichu-Mega-Y, L50, F|100/100
|switch|p1a: Sneasler|Sneasler, L50, F, shiny|100/100
|move|p1b: Delphox|Protect|p1b: Delphox
|-singleturn|p1b: Delphox|Protect
|move|p2a: Incineroar|Fake Out|p1b: Delphox
|-activate|p1b: Delphox|move: Protect
|
|upkeep
|turn|4
|inactive|TaiwanNephrologist has 30 seconds left.
|inactive|TaiwanNephrologist has 20 seconds left.
|inactive|TaiwanNephrologist has 15 seconds left.
|
|t:|1786118669
|move|p2b: Raichu|Protect|p2b: Raichu
|-singleturn|p2b: Raichu|Protect
|move|p1b: Delphox|Psychic|p2b: Raichu
|-activate|p2b: Raichu|move: Protect
|move|p1a: Sneasler|Close Combat|p2a: Incineroar
|-supereffective|p2a: Incineroar|1
|-damage|p2a: Incineroar|0 fnt
|-unboost|p1a: Sneasler|def|1
|-unboost|p1a: Sneasler|spd|1
|faint|p2a: Incineroar
|
|upkeep
|
|t:|1786118679
|switch|p2a: Hydreigon|Hydreigon, L50, F, shiny|100/100
|turn|5
|
|t:|1786118701
|switch|p1a: Incineroar|Incineroar, L50, F, shiny|87/100
|-ability|p1a: Incineroar|Intimidate|boost
|-unboost|p2a: Hydreigon|atk|1
|-unboost|p2b: Raichu|atk|1
|move|p1b: Delphox|Protect|p1b: Delphox
|-singleturn|p1b: Delphox|Protect
|move|p2a: Hydreigon|Snarl|p1b: Delphox|[spread] p1a
|-activate|p1b: Delphox|move: Protect
|-resisted|p1a: Incineroar|1
|-damage|p1a: Incineroar|79/100
|-unboost|p1a: Incineroar|spa|1
|move|p2b: Raichu|Zap Cannon|p1a: Incineroar
|-damage|p1a: Incineroar|35/100
|-status|p1a: Incineroar|par
|-enditem|p1a: Incineroar|Sitrus Berry|[eat]
|-heal|p1a: Incineroar|59/100 par|[from] item: Sitrus Berry
|
|upkeep
|turn|6
|inactive|TaiwanNephrologist has 30 seconds left.
|inactive|luckycricket0326 has 30 seconds left.
|
|t:|1786118733
|move|p1a: Incineroar|Fake Out|p2a: Hydreigon
|-damage|p2a: Hydreigon|86/100
|cant|p2a: Hydreigon|flinch
|move|p1b: Delphox|Heat Wave|p2b: Raichu|[spread] p2a,p2b
|-resisted|p2a: Hydreigon|1
|-damage|p2a: Hydreigon|52/100
|-damage|p2b: Raichu|25/100
|-status|p2b: Raichu|brn
|move|p2b: Raichu|Zap Cannon|p1b: Delphox
|-damage|p1b: Delphox|19/100
|-status|p1b: Delphox|par
|
|-damage|p2b: Raichu|19/100 brn|[from] brn
|upkeep
|turn|7
|inactive|TaiwanNephrologist has 30 seconds left.
|inactive|luckycricket0326 has 30 seconds left.
|inactive|TaiwanNephrologist has 20 seconds left.
|inactive|TaiwanNephrologist has 15 seconds left.
|inactive|luckycricket0326 has 20 seconds left.
|inactive|TaiwanNephrologist has 10 seconds left.
|inactive|TaiwanNephrologist has 5 seconds left.
|
|t:|1786118787
|switch|p1a: Sinistcha|Sinistcha, L50, shiny|100/100
|-heal|p1b: Delphox|43/100 par|[from] ability: Hospitality|[of] p1a: Sinistcha
|move|p2a: Hydreigon|Snarl|p1a: Sinistcha|[spread] p1a,p1b
|-supereffective|p1a: Sinistcha|1
|-supereffective|p1b: Delphox|1
|-damage|p1a: Sinistcha|55/100
|-damage|p1b: Delphox|5/100 par
|-unboost|p1a: Sinistcha|spa|1
|-unboost|p1b: Delphox|spa|1
|move|p2b: Raichu|Focus Blast|p1a: Sinistcha
|-immune|p1a: Sinistcha
|move|p1b: Delphox|Heat Wave|p2b: Raichu|[spread] p2a,p2b
|-resisted|p2a: Hydreigon|1
|-damage|p2a: Hydreigon|29/100
|-damage|p2b: Raichu|0 fnt
|faint|p2b: Raichu
|
|upkeep
|
|t:|1786118802
|switch|p2b: Sinistcha|Sinistcha, L50|100/100
|-heal|p2a: Hydreigon|54/100|[from] ability: Hospitality|[of] p2b: Sinistcha
|turn|8
|inactive|TaiwanNephrologist has 30 seconds left.
|
|t:|1786118831
|switch|p1b: Incineroar|Incineroar, L50, F, shiny|59/100 par
|-ability|p1b: Incineroar|Intimidate|boost
|-unboost|p2a: Hydreigon|atk|1
|-unboost|p2b: Sinistcha|atk|1
|move|p1a: Sinistcha|Protect|p1a: Sinistcha
|-singleturn|p1a: Sinistcha|Protect
|move|p2a: Hydreigon|Snarl|p1a: Sinistcha|[spread] p1b
|-activate|p1a: Sinistcha|move: Protect
|-resisted|p1b: Incineroar|1
|-damage|p1b: Incineroar|51/100 par
|-unboost|p1b: Incineroar|spa|1
|move|p2b: Sinistcha|Matcha Gotcha|p1b: Incineroar|[spread] p1b
|-activate|p1a: Sinistcha|move: Protect
|-resisted|p1b: Incineroar|1
|-damage|p1b: Incineroar|43/100 par
|
|upkeep
|turn|9
|-message|luckycricket0326 forfeited.
|
|win|TaiwanNephrologist
|l|☆luckycricket0326
|player|p2|
||luckycricket0326 is ready for game 2.
||TaiwanNephrologist is ready for game 2.
|uhtml|next|Next: Game 2 of 3
