|j|☆2kitkat
|j|☆Gerkas
|html|2kitkatGerkas    
|uhtml|bestof|Game 1 of a best-of-3
|t:|1757772657
|gametype|doubles
|player|p1|2kitkat|riley|1034
|player|p2|Gerkas|benga|1044
|gen|9
|tier|[Gen 9] VGC 2025 Reg H (Bo3)
|rated|
|rule|Species Clause: Limit one of each Pokémon
|rule|Item Clause: Limit 1 of each item
|clearpoke
|poke|p1|Gholdengo, L50|
|poke|p1|Rillaboom, L50, M|
|poke|p1|Annihilape, L50, M|
|poke|p1|Ninetales-Alola, L50, F|
|poke|p1|Dragonite, L50, M|
|poke|p1|Ursaluna-Bloodmoon, L50, M|
|poke|p2|Archaludon, L50, M|
|poke|p2|Pelipper, L50, F|
|poke|p2|Basculegion, L50, M|
|poke|p2|Amoonguss, L50, F|
|poke|p2|Gholdengo, L50|
|poke|p2|Incineroar, L50, M|
|teampreview|4
|showteam|p1|Gholdengo||GrassySeed|GoodasGold|MakeItRain,ShadowBall,NastyPlot,Protect||||||50|,,,,,Water]Rillaboom||MiracleSeed|GrassySurge|GrassyGlide,FakeOut,WoodHammer,Protect|||M|||50|,,,,,Fire]Annihilape||SafetyGoggles|Defiant|RageFist,DrainPunch,BulkUp,Protect|||M|||50|,,,,,Fire]Ninetales-Alola||LightClay|SnowWarning|IcicleSpear,Blizzard,AuroraVeil,IcyWind|||F|||50|,,,,,Ghost]Dragonite||LoadedDice|Multiscale|ScaleShot,ExtremeSpeed,FirePunch,Protect|||M|||50|,,,,,Normal]Ursaluna-Bloodmoon||AssaultVest|MindsEye|HyperVoice,BloodMoon,VacuumWave,EarthPower|||M|||50|,,,,,Normal
|showteam|p2|Archaludon||AssaultVest|Stamina|DragonPulse,ElectroShot,FlashCannon,BodyPress|||M|||50|,,,,,Bug]Pelipper||FocusSash|Drizzle|WeatherBall,Hurricane,Tailwind,Protect|||F|||50|,,,,,Ground]Basculegion||ChoiceBand|SwiftSwim|WaveCrash,LastRespects,AquaJet,FlipTurn|||M|||50|,,,,,Water]Amoonguss||SitrusBerry|Regenerator|PollenPuff,Spore,RagePowder,Protect|||F|||50|,,,,,Fairy]Gholdengo||LifeOrb|GoodasGold|MakeItRain,ShadowBall,NastyPlot,Protect||||||50|,,,,,Water]Incineroar||SafetyGoggles|Intimidate|KnockOff,FlareBlitz,PartingShot,FakeOut|||M|||50|,,,,,Ghost
|inactive|Battle timer is ON: inactive players will automatically lose when time's up. (requested by 2kitkat)
|inactive|Gerkas has 60 seconds left.
|inactive|Gerkas has 30 seconds left.
|
|t:|1757772718
|teamsize|p1|4
|teamsize|p2|4
|start
|switch|p1a: Rillaboom|Rillaboom, L50, M|100/100
|switch|p1b: Annihilape|Annihilape, L50, M|100/100
|switch|p2a: Pelipper|Pelipper, L50, F|100/100
|switch|p2b: Basculegion|Basculegion, L50, M|100/100
|-weather|RainDance|[from] ability: Drizzle|[of] p2a: Pelipper
|-fieldstart|move: Grassy Terrain|[from] ability: Grassy Surge|[of] p1a: Rillaboom
|turn|1
|inactive|Gerkas has 30 seconds left.
|inactive|Gerkas has 20 seconds left.
|inactive|Gerkas has 15 seconds left.
|
|t:|1757772763
|switch|p1a: Ninetales|Ninetales-Alola, L50, F|100/100
|-weather|Snowscape|[from] ability: Snow Warning|[of] p1a: Ninetales
|-terastallize|p2b: Basculegion|Water
|move|p1b: Annihilape|Protect|p1b: Annihilape
|-singleturn|p1b: Annihilape|Protect
|move|p2b: Basculegion|Wave Crash|p1b: Annihilape
|-activate|p1b: Annihilape|move: Protect
|move|p2a: Pelipper|Tailwind|p2a: Pelipper
|-sidestart|p2: Gerkas|move: Tailwind
|
|-weather|Snowscape|[upkeep]
|upkeep
|turn|2
|inactive|Gerkas has 30 seconds left.
|inactive|Gerkas has 20 seconds left.
|inactive|Gerkas has 15 seconds left.
|inactive|Gerkas has 10 seconds left.
|
|t:|1757772812
|switch|p2a: Gholdengo|Gholdengo, L50|100/100
|switch|p1b: Rillaboom|Rillaboom, L50, M|100/100
|move|p2b: Basculegion|Wave Crash|p1b: Rillaboom
|-resisted|p1b: Rillaboom
|-damage|p1b: Rillaboom|38/100
|-damage|p2b: Basculegion|80/100|[from] Recoil
|move|p1a: Ninetales|Aurora Veil|p1a: Ninetales
|-sidestart|p1: 2kitkat|move: Aurora Veil
|
|-weather|Snowscape|[upkeep]
|-heal|p2b: Basculegion|86/100|[from] Grassy Terrain
|-heal|p1b: Rillaboom|44/100|[from] Grassy Terrain
|upkeep
|turn|3
|
|t:|1757772834
|switch|p2b: Pelipper|Pelipper, L50, F|100/100
|-weather|RainDance|[from] ability: Drizzle|[of] p2b: Pelipper
|switch|p1a: Annihilape|Annihilape, L50, M|100/100
|move|p1b: Rillaboom|Grassy Glide|p2b: Pelipper
|-crit|p2b: Pelipper
|-damage|p2b: Pelipper|16/100
|move|p2a: Gholdengo|Nasty Plot|p2a: Gholdengo
|-boost|p2a: Gholdengo|spa|2
|
|-weather|RainDance|[upkeep]
|-heal|p1b: Rillaboom|50/100|[from] Grassy Terrain
|upkeep
|turn|4
|inactive|2kitkat has 30 seconds left.
|
|t:|1757772861
|switch|p2b: Incineroar|Incineroar, L50, M|100/100
|-ability|p2b: Incineroar|Intimidate|boost
|-unboost|p1a: Annihilape|atk|1
|-ability|p1a: Annihilape|Defiant|boost
|-boost|p1a: Annihilape|atk|2
|-unboost|p1b: Rillaboom|atk|1
|move|p1a: Annihilape|Protect|p1a: Annihilape
|-singleturn|p1a: Annihilape|Protect
|move|p1b: Rillaboom|Grassy Glide|p2b: Incineroar
|-resisted|p2b: Incineroar
|-damage|p2b: Incineroar|86/100
|move|p2a: Gholdengo|Shadow Ball|p1a: Annihilape
|-activate|p1a: Annihilape|move: Protect
|
|-weather|RainDance|[upkeep]
|-heal|p2b: Incineroar|92/100|[from] Grassy Terrain
|-heal|p1b: Rillaboom|56/100|[from] Grassy Terrain
|-sideend|p2: Gerkas|move: Tailwind
|upkeep
|turn|5
|inactive|Gerkas has 30 seconds left.
|inactive|Gerkas has 20 seconds left.
|inactive|Gerkas has 15 seconds left.
|
|t:|1757772904
|-terastallize|p1a: Annihilape|Fire
|move|p2b: Incineroar|Fake Out|p1b: Rillaboom
|-damage|p1b: Rillaboom|49/100
|cant|p1b: Rillaboom|flinch
|move|p1a: Annihilape|Rage Fist|p2a: Gholdengo
|-supereffective|p2a: Gholdengo
|-damage|p2a: Gholdengo|23/100
|move|p2a: Gholdengo|Shadow Ball|p1a: Annihilape
|-damage|p1a: Annihilape|32/100
|-damage|p2a: Gholdengo|13/100|[from] item: Life Orb
|
|-weather|RainDance|[upkeep]
|-heal|p1a: Annihilape|38/100|[from] Grassy Terrain
|-heal|p2a: Gholdengo|20/100|[from] Grassy Terrain
|-heal|p1b: Rillaboom|55/100|[from] Grassy Terrain
|-heal|p2b: Incineroar|98/100|[from] Grassy Terrain
|-fieldend|move: Grassy Terrain
|upkeep
|turn|6
|inactive|Gerkas has 30 seconds left.
|
|t:|1757772932
|switch|p1b: Ninetales|Ninetales-Alola, L50, F|100/100
|-weather|Snowscape|[from] ability: Snow Warning|[of] p1b: Ninetales
|switch|p2b: Pelipper|Pelipper, L50, F|16/100
|-weather|RainDance|[from] ability: Drizzle|[of] p2b: Pelipper
|move|p1a: Annihilape|Protect|p1a: Annihilape
|-singleturn|p1a: Annihilape|Protect
|move|p2a: Gholdengo|Protect||[still]
|-fail|p2a: Gholdengo
|
|-weather|RainDance|[upkeep]
|upkeep
|turn|7
|inactive|2kitkat has 30 seconds left.
|
|t:|1757772957
|move|p1b: Ninetales|Blizzard|p2a: Gholdengo|[spread] p2a
|-miss|p1b: Ninetales|p2b: Pelipper
|-resisted|p2a: Gholdengo
|-damage|p2a: Gholdengo|4/100
|move|p1a: Annihilape|Rage Fist|p2a: Gholdengo
|-supereffective|p2a: Gholdengo
|-damage|p2a: Gholdengo|0 fnt
|faint|p2a: Gholdengo
|move|p2b: Pelipper|Tailwind|p2b: Pelipper
|-sidestart|p2: Gerkas|move: Tailwind
|
|-weather|RainDance|[upkeep]
|upkeep
|
|t:|1757772971
|switch|p2a: Basculegion|Basculegion, L50, M, tera:Water|86/100
|turn|8
|inactive|Gerkas has 30 seconds left.
|
|t:|1757772997
|switch|p1a: Rillaboom|Rillaboom, L50, M|55/100
|-fieldstart|move: Grassy Terrain|[from] ability: Grassy Surge|[of] p1a: Rillaboom
|move|p2a: Basculegion|Wave Crash|p1b: Ninetales
|-damage|p1b: Ninetales|0 fnt
|faint|p1b: Ninetales
|-damage|p2a: Basculegion|56/100|[from] Recoil
|move|p2b: Pelipper|Weather Ball|p1a: Rillaboom
|-resisted|p1a: Rillaboom
|-damage|p1a: Rillaboom|33/100
|
|-weather|RainDance|[upkeep]
|-heal|p2a: Basculegion|62/100|[from] Grassy Terrain
|-heal|p1a: Rillaboom|39/100|[from] Grassy Terrain
|upkeep
|
|t:|1757773011
|switch|p1b: Ursaluna|Ursaluna-Bloodmoon, L50, M|100/100
|turn|9
|
|t:|1757773026
|move|p1a: Rillaboom|Fake Out|p2a: Basculegion
|-damage|p2a: Basculegion|44/100
|cant|p2a: Basculegion|flinch
|move|p2b: Pelipper|Hurricane|p1a: Rillaboom
|-supereffective|p1a: Rillaboom
|-damage|p1a: Rillaboom|0 fnt
|faint|p1a: Rillaboom
|move|p1b: Ursaluna|Blood Moon|p2a: Basculegion
|-damage|p2a: Basculegion|0 fnt
|faint|p2a: Basculegion
|
|-weather|RainDance|[upkeep]
|-sideend|p1: 2kitkat|move: Aurora Veil
|upkeep
|
|t:|1757773040
|switch|p2a: Incineroar|Incineroar, L50, M|98/100
|switch|p1a: Annihilape|Annihilape, L50, M, tera:Fire|38/100
|-ability|p2a: Incineroar|Intimidate|boost
|-unboost|p1a: Annihilape|atk|1
|-ability|p1a: Annihilape|Defiant|boost
|-boost|p1a: Annihilape|atk|2
|-unboost|p1b: Ursaluna|atk|1
|turn|10
|inactive|Gerkas has 30 seconds left.
|
|t:|1757773067
|move|p2a: Incineroar|Fake Out|p1b: Ursaluna
|-damage|p1b: Ursaluna|93/100
|move|p2b: Pelipper|Tailwind||[still]
|-fail|p2b: Pelipper
|move|p1a: Annihilape|Drain Punch|p2a: Incineroar
|-supereffective|p2a: Incineroar
|-damage|p2a: Incineroar|13/100
|-heal|p1a: Annihilape|80/100|[from] drain|[of] p2a: Incineroar
|cant|p1b: Ursaluna|flinch
|
|-weather|none
|-heal|p1a: Annihilape|86/100|[from] Grassy Terrain
|-heal|p2a: Incineroar|19/100|[from] Grassy Terrain
|-heal|p1b: Ursaluna|99/100|[from] Grassy Terrain
|-sideend|p2: Gerkas|move: Tailwind
|upkeep
|turn|11
|
|t:|1757773091
|move|p1a: Annihilape|Rage Fist|p2b: Pelipper
|-damage|p2b: Pelipper|0 fnt
|faint|p2b: Pelipper
|move|p1b: Ursaluna|Hyper Voice|p2a: Incineroar
|-damage|p2a: Incineroar|0 fnt
|faint|p2a: Incineroar
|
|win|2kitkat
||2kitkat is ready for game 2.
