|j|☆VicSaus53
|j|☆ScottieVGC
|html|VicSaus53ScottieVGC    
|uhtml|bestof|Game 3 of a best-of-3
|t:|1782595236
|gametype|doubles
|player|p1|VicSaus53|giovanni|1111
|player|p2|ScottieVGC|101|1097
|gen|9
|tier|[Gen 9 Champions] VGC 2026 Reg M-B (Bo3)
|rated|
|rule|Species Clause: Limit one of each Pokémon
|rule|Item Clause: Limit 1 of each item
|clearpoke
|poke|p1|Raichu, L50, F|
|poke|p1|Ceruledge, L50, M|
|poke|p1|Farigiraf, L50, F|
|poke|p1|Torkoal, L50, F|
|poke|p1|Vileplume, L50, M|
|poke|p1|Scrafty, L50, M|
|poke|p2|Swampert, L50, M|
|poke|p2|Sableye, L50, M|
|poke|p2|Metagross, L50|
|poke|p2|Talonflame, L50, M|
|poke|p2|Archaludon, L50, M|
|poke|p2|Sylveon, L50, M|
|teampreview|4
|showteam|p1|Raichu||RaichuniteY|LightningRod|ZapCannon,FocusBlast,FakeOut,Protect|Timid||F|||50|]Ceruledge||LifeOrb|FlashFire|BitterBlade,ShadowSneak,BulkUp,Protect|Adamant||M|||50|]Farigiraf||ColburBerry|ArmorTail|TwinBeam,Thunderbolt,HelpingHand,TrickRoom|Relaxed||F|||50|]Torkoal||Charcoal|Drought|Eruption,WeatherBall,HelpingHand,Protect|Quiet||F|||50|]Vileplume||FocusSash|Chlorophyll|LeafStorm,SludgeBomb,SleepPowder,AfterYou|Timid||M|||50|]Scrafty||Scraftinite|Intimidate|DrainPunch,KnockOff,IcePunch,FakeOut|Brave||M|||50|
|showteam|p2|Swampert||Swampertite|Torrent|Waterfall,Earthquake,IcePunch,Protect|Adamant||M|||50|]Sableye||MentalHerb|Prankster|RainDance,WillOWisp,FakeOut,Quash|Careful||M|||50|]Metagross||Metagrossite|ClearBody|PsychicFangs,MeteorMash,RockSlide,Protect|Jolly|||||50|]Talonflame||SitrusBerry|GaleWings|Tailwind,FlareBlitz,DualWingbeat,Roost|Impish||M|||50|]Archaludon||LifeOrb|Stamina|ElectroShot,DracoMeteor,FlashCannon,Protect|Timid||M|||50|]Sylveon||Leftovers|Pixilate|HyperVoice,QuickAttack,Protect,Yawn|Calm||M|||50|
|
|t:|1782595266
|teamsize|p1|4
|teamsize|p2|4
|start
|switch|p1a: Ceruledge|Ceruledge, L50, M|100/100
|switch|p1b: Vileplume|Vileplume, L50, M|100/100
|switch|p2a: Sableye|Sableye, L50, M|100/100
|switch|p2b: Archaludon|Archaludon, L50, M|100/100
|turn|1
|
|t:|1782595312
|switch|p1b: Torkoal|Torkoal, L50, F|100/100
|-weather|SunnyDay|[from] ability: Drought|[of] p1b: Torkoal
|move|p2b: Archaludon|Protect|p2b: Archaludon
|-singleturn|p2b: Archaludon|Protect
|move|p2a: Sableye|Rain Dance|p2a: Sableye
|-weather|RainDance
|move|p1a: Ceruledge|Bitter Blade|p2a: Sableye
|-damage|p2a: Sableye|54/100
|-damage|p1a: Ceruledge|90/100|[from] item: Life Orb
|
|-weather|RainDance|[upkeep]
|upkeep
|turn|2
|
|t:|1782595354
|switch|p1a: Vileplume|Vileplume, L50, M|100/100
|switch|p2a: Swampert|Swampert, L50, M|100/100
|move|p2b: Archaludon|Electro Shot||[still]
|-prepare|p2b: Archaludon|Electro Shot
|-boost|p2b: Archaludon|spa|1
|-anim|p2b: Archaludon|Electro Shot|p1b: Torkoal
|-damage|p1b: Torkoal|11/100
|-damage|p2b: Archaludon|90/100|[from] item: Life Orb
|move|p1b: Torkoal|Weather Ball|p2a: Swampert
|-damage|p2a: Swampert|51/100
|
|-weather|RainDance|[upkeep]
|upkeep
|turn|3
|
|t:|1782595378
|switch|p1b: Farigiraf|Farigiraf, L50, F|100/100
|detailschange|p2a: Swampert|Swampert-Mega, L50, M
|-mega|p2a: Swampert|Swampert|Swampertite
|move|p2a: Swampert|Ice Punch|p1a: Vileplume
|-supereffective|p1a: Vileplume|1
|-damage|p1a: Vileplume|12/100
|move|p2b: Archaludon|Electro Shot||[still]
|-prepare|p2b: Archaludon|Electro Shot
|-boost|p2b: Archaludon|spa|1
|-anim|p2b: Archaludon|Electro Shot|p1b: Farigiraf
|-damage|p1b: Farigiraf|23/100
|-damage|p2b: Archaludon|80/100|[from] item: Life Orb
|move|p1a: Vileplume|Sleep Powder|p2b: Archaludon
|-status|p2b: Archaludon|slp|[from] move: Sleep Powder
|
|-weather|RainDance|[upkeep]
|upkeep
|turn|4
|
|t:|1782595415
|switch|p2b: Sableye|Sableye, L50, M|54/100
|switch|p1b: Torkoal|Torkoal, L50, F|11/100
|-weather|SunnyDay|[from] ability: Drought|[of] p1b: Torkoal
|move|p1a: Vileplume|Sleep Powder|p2a: Swampert
|-status|p2a: Swampert|slp|[from] move: Sleep Powder
|cant|p2a: Swampert|slp
|
|-weather|SunnyDay|[upkeep]
|upkeep
|turn|5
|
|t:|1782595449
|switch|p1b: Ceruledge|Ceruledge, L50, M|90/100
|move|p2b: Sableye|Rain Dance|p2b: Sableye
|-weather|RainDance
|cant|p2a: Swampert|slp
|move|p1a: Vileplume|Leaf Storm|p2a: Swampert
|-supereffective|p2a: Swampert|2
|-damage|p2a: Swampert|0 fnt
|-unboost|p1a: Vileplume|spa|2
|faint|p2a: Swampert
|
|-weather|RainDance|[upkeep]
|upkeep
|
|t:|1782595461
|switch|p2a: Sylveon|Sylveon, L50, M|100/100
|turn|6
|
|t:|1782595486
|move|p1b: Ceruledge|Protect|p1b: Ceruledge
|-singleturn|p1b: Ceruledge|Protect
|move|p2b: Sableye|Quash|p1b: Ceruledge
|-activate|p1b: Ceruledge|move: Protect
|move|p1a: Vileplume|Sleep Powder|p2b: Sableye|[miss]
|-miss|p1a: Vileplume|p2b: Sableye
|move|p2a: Sylveon|Hyper Voice|p1a: Vileplume|[spread] p1a
|-activate|p1b: Ceruledge|move: Protect
|-resisted|p1a: Vileplume|1
|-damage|p1a: Vileplume|0 fnt
|faint|p1a: Vileplume
|
|-weather|RainDance|[upkeep]
|upkeep
|
|t:|1782595496
|switch|p1a: Farigiraf|Farigiraf, L50, F|23/100
|turn|7
|
|t:|1782595505
|switch|p2b: Archaludon|Archaludon, L50, M|80/100 slp
|move|p1a: Farigiraf|Helping Hand|p1b: Ceruledge
|-singleturn|p1b: Ceruledge|Helping Hand|[of] p1a: Farigiraf
|move|p1b: Ceruledge|Shadow Sneak|p2b: Archaludon
|-damage|p2b: Archaludon|51/100 slp
|-ability|p2b: Archaludon|Stamina|boost
|-boost|p2b: Archaludon|def|1
|-damage|p1b: Ceruledge|81/100|[from] item: Life Orb
|move|p2a: Sylveon|Hyper Voice|p1b: Ceruledge|[spread] p1a,p1b
|-resisted|p1b: Ceruledge|1
|-damage|p1a: Farigiraf|0 fnt
|-damage|p1b: Ceruledge|63/100
|faint|p1a: Farigiraf
|
|-weather|RainDance|[upkeep]
|upkeep
|
|t:|1782595509
|switch|p1a: Torkoal|Torkoal, L50, F|11/100
|-weather|SunnyDay|[from] ability: Drought|[of] p1a: Torkoal
|turn|8
|
|t:|1782595529
|cant|p2b: Archaludon|slp
|move|p1b: Ceruledge|Bitter Blade|p2a: Sylveon
|-damage|p2a: Sylveon|0 fnt
|-heal|p1b: Ceruledge|100/100|[from] drain|[of] p2a: Sylveon
|faint|p2a: Sylveon
|-damage|p1b: Ceruledge|90/100|[from] item: Life Orb
|move|p1a: Torkoal|Weather Ball|p2b: Archaludon
|-damage|p2b: Archaludon|0 fnt
|faint|p2b: Archaludon
|
|-weather|SunnyDay|[upkeep]
|upkeep
|-message|ScottieVGC forfeited.
|
|win|VicSaus53
|raw|VicSaus53's rating: 1111 → 1135(+24 for winning)
|raw|ScottieVGC's rating: 1097 → 1073(-24 for losing)
|l|☆ScottieVGC
|player|p2|
