|j|☆f89 DonOMarVGC
|j|☆jomivgc
|html|f89 DonOMarVGCjomivgc    
|uhtml|bestof|Game 1 of a best-of-3
|t:|1783706205
|gametype|doubles
|player|p1|f89 DonOMarVGC|lucas|1119
|player|p2|jomivgc|falkner-gen2|1167
|gen|9
|tier|[Gen 9 Champions] VGC 2026 Reg M-B (Bo3)
|rated|
|rule|Species Clause: Limit one of each Pokémon
|rule|Item Clause: Limit 1 of each item
|clearpoke
|poke|p1|Klefki, L50, F|
|poke|p1|Gyarados, L50, M|
|poke|p1|Kingambit, L50, M|
|poke|p1|Basculegion, L50, M|
|poke|p1|Archaludon, L50, M|
|poke|p1|Gardevoir, L50, F|
|poke|p2|Umbreon, L50, M, shiny|
|poke|p2|Garchomp, L50, M|
|poke|p2|Pelipper, L50, M|
|poke|p2|Swampert, L50, M|
|poke|p2|Archaludon, L50, M|
|poke|p2|Incineroar, L50, M|
|teampreview|4
|showteam|p1|Klefki||SitrusBerry|Prankster|Reflect,LightScreen,RainDance,DazzlingGleam|Calm||F|||50|]Gyarados||Gyaradosite|Intimidate|Protect,DragonDance,Waterfall,Crunch|Jolly||M|||50|]Kingambit||ChopleBerry|Defiant|KowtowCleave,IronHead,LowKick,SuckerPunch|Adamant||M|||50|]Basculegion||FocusSash|Adaptability|WaveCrash,LastRespects,FlipTurn,AquaJet|Adamant||M|||50|]Archaludon||Leftovers|Stamina|Protect,DragonPulse,FlashCannon,ElectroShot|Modest||M|||50|]Gardevoir||Gardevoirite|Trace|Protect,CalmMind,HyperVoice,Psychic|Modest||F|||50|
|showteam|p2|Umbreon||SitrusBerry|InnerFocus|Snarl,Swagger,FoulPlay,Moonlight|Calm||M|||50|]Garchomp||LifeOrb|RoughSkin|DragonClaw,RockSlide,Earthquake,Protect|Jolly||M|||50|]Pelipper||FocusSash|Drizzle|Hurricane,WeatherBall,Tailwind,WideGuard|Modest||M|||50|]Swampert||Swampertite|Torrent|Protect,WaveCrash,Earthquake,IcePunch|Adamant||M|||50|]Archaludon||Leftovers|Stamina|ElectroShot,FlashCannon,DracoMeteor,Protect|Modest||M|||50|]Incineroar||PasshoBerry|Intimidate|FakeOut,PartingShot,FlareBlitz,ThroatChop|Adamant||M|||50|
|inactive|Battle timer is ON: inactive players will automatically lose when time's up. (requested by jomivgc)
|inactive|f89 DonOMarVGC has 60 seconds left.
|inactive|jomivgc has 60 seconds left.
|
|t:|1783706243
|teamsize|p1|4
|teamsize|p2|4
|start
|switch|p1a: Klefki|Klefki, L50, F|100/100
|switch|p1b: Gardevoir|Gardevoir, L50, F|100/100
|switch|p2a: Garchomp|Garchomp, L50, M|100/100
|switch|p2b: Archaludon|Archaludon, L50, M|100/100
|-ability|p1b: Gardevoir|Stamina|Trace|[from] ability: Trace|[of] p2b: Archaludon
|turn|1
|inactive|jomivgc has 30 seconds left.
|inactive|jomivgc has 20 seconds left.
|inactive|jomivgc has 15 seconds left.
|inactive|jomivgc has 10 seconds left.
|
|t:|1783706289
|switch|p2a: Pelipper|Pelipper, L50, M|100/100
|-weather|RainDance|[from] ability: Drizzle|[of] p2a: Pelipper
|switch|p2b: Swampert|Swampert, L50, M|100/100
|detailschange|p1b: Gardevoir|Gardevoir-Mega, L50, F
|-mega|p1b: Gardevoir|Gardevoir|Gardevoirite
|move|p1a: Klefki|Light Screen|p1a: Klefki
|-sidestart|p1: f89 DonOMarVGC|move: Light Screen
|move|p1b: Gardevoir|Hyper Voice|p2a: Pelipper|[spread] p2a,p2b
|-damage|p2a: Pelipper|20/100y
|-damage|p2b: Swampert|45/100
|
|-weather|RainDance|[upkeep]
|upkeep
|turn|2
|inactive|f89 DonOMarVGC has 30 seconds left.
|
|t:|1783706315
|detailschange|p2b: Swampert|Swampert-Mega, L50, M
|-mega|p2b: Swampert|Swampert|Swampertite
|move|p2a: Pelipper|Wide Guard|p2a: Pelipper
|-singleturn|p2a: Pelipper|Wide Guard
|move|p1a: Klefki|Reflect|p1a: Klefki
|-sidestart|p1: f89 DonOMarVGC|Reflect
|move|p2b: Swampert|Wave Crash|p1b: Gardevoir
|-damage|p1b: Gardevoir|11/100
|-damage|p2b: Swampert|18/100|[from] Recoil
|move|p1b: Gardevoir|Psychic|p2b: Swampert
|-damage|p2b: Swampert|0 fnt
|faint|p2b: Swampert
|
|-weather|RainDance|[upkeep]
|upkeep
|
|t:|1783706333
|switch|p2b: Archaludon|Archaludon, L50, M|100/100
|turn|3
|
|t:|1783706353
|switch|p1a: Archaludon|Archaludon, L50, M|100/100
|move|p2a: Pelipper|Wide Guard|p2a: Pelipper
|-singleturn|p2a: Pelipper|Wide Guard
|move|p1b: Gardevoir|Psychic|p2a: Pelipper
|-damage|p2a: Pelipper|0 fnt
|faint|p2a: Pelipper
|move|p2b: Archaludon|Electro Shot||[still]
|-prepare|p2b: Archaludon|Electro Shot
|-boost|p2b: Archaludon|spa|1
|-anim|p2b: Archaludon|Electro Shot|p1b: Gardevoir
|-damage|p1b: Gardevoir|0 fnt
|faint|p1b: Gardevoir
|
|-weather|RainDance|[upkeep]
|upkeep
|
|t:|1783706369
|switch|p1b: Klefki|Klefki, L50, F|100/100
|switch|p2a: Garchomp|Garchomp, L50, M|100/100
|turn|4
|
|t:|1783706389
|move|p2a: Garchomp|Dragon Claw|p1a: Archaludon
|-damage|p1a: Archaludon|71/100
|-ability|p1a: Archaludon|Stamina|boost
|-boost|p1a: Archaludon|def|1
|-damage|p2a: Garchomp|90/100|[from] item: Life Orb
|move|p2b: Archaludon|Draco Meteor|p1a: Archaludon
|-damage|p1a: Archaludon|9/100
|-unboost|p2b: Archaludon|spa|2
|-ability|p1a: Archaludon|Stamina|boost
|-boost|p1a: Archaludon|def|1
|move|p1a: Archaludon|Dragon Pulse|p2a: Garchomp
|-supereffective|p2a: Garchomp|1
|-damage|p2a: Garchomp|0 fnt
|faint|p2a: Garchomp
|move|p1b: Klefki|Dazzling Gleam|p2b: Archaludon
|-damage|p2b: Archaludon|77/100
|-ability|p2b: Archaludon|Stamina|boost
|-boost|p2b: Archaludon|def|1
|
|-weather|RainDance|[upkeep]
|-heal|p2b: Archaludon|83/100|[from] item: Leftovers
|-heal|p1a: Archaludon|16/100|[from] item: Leftovers
|upkeep
|turn|5
|inactive|f89 DonOMarVGC has 30 seconds left.
|inactive|f89 DonOMarVGC has 20 seconds left.
|inactive|f89 DonOMarVGC has 15 seconds left.
|inactive|f89 DonOMarVGC has 10 seconds left.
|inactive|f89 DonOMarVGC has 5 seconds left.
|
|t:|1783706441
|move|p2b: Archaludon|Electro Shot||[still]
|-prepare|p2b: Archaludon|Electro Shot
|-boost|p2b: Archaludon|spa|1
|-anim|p2b: Archaludon|Electro Shot|p1b: Klefki
|-damage|p1b: Klefki|73/100
|move|p1a: Archaludon|Dragon Pulse|p2b: Archaludon
|-damage|p2b: Archaludon|42/100
|-ability|p2b: Archaludon|Stamina|boost
|-boost|p2b: Archaludon|def|1
|move|p1b: Klefki|Dazzling Gleam|p2b: Archaludon
|-damage|p2b: Archaludon|20/100y
|-ability|p2b: Archaludon|Stamina|boost
|-boost|p2b: Archaludon|def|1
|
|-weather|none
|-heal|p2b: Archaludon|26/100|[from] item: Leftovers
|-heal|p1a: Archaludon|22/100|[from] item: Leftovers
|-sideend|p1: f89 DonOMarVGC|move: Light Screen
|upkeep
|turn|6
|-message|jomivgc forfeited.
|
|win|f89 DonOMarVGC
|l|☆jomivgc
|player|p2|
||jomivgc is ready for game 2.
||f89 DonOMarVGC is ready for game 2.
|uhtml|next|Next: Game 2 of 3
|j|☆jomivgc
|player|p2|jomivgc|falkner-gen2|
