|j|☆takuabionicle
|j|☆TeyOnTheRox
|html|takuabionicleTeyOnTheRox    
|uhtml|bestof|Game 2 of a best-of-3
|t:|1757727906
|gametype|doubles
|player|p1|takuabionicle|lillie-z|1128
|player|p2|TeyOnTheRox|benga|1054
|gen|9
|tier|[Gen 9] VGC 2025 Reg H (Bo3)
|rated|
|rule|Species Clause: Limit one of each Pokémon
|rule|Item Clause: Limit 1 of each item
|clearpoke
|poke|p1|Kommo-o, L50, M|
|poke|p1|Volcarona, L50, M|
|poke|p1|Clefable, L50, M|
|poke|p1|Rillaboom, L50, F|
|poke|p1|Grimmsnarl, L50, M|
|poke|p1|Salamence, L50, M|
|poke|p2|Tyranitar, L50, F|
|poke|p2|Excadrill, L50, M|
|poke|p2|Sneasler, L50, M|
|poke|p2|Indeedee, L50, M|
|poke|p2|Corviknight, L50, M|
|poke|p2|Annihilape, L50, M|
|teampreview|4
|showteam|p1|Kommo-o||ThroatSpray|Overcoat|ClangingScales,ClangorousSoul,Protect,Flamethrower|||M|||50|,,,,,Steel]Volcarona||Leftovers|FlameBody|QuiverDance,Protect,GigaDrain,FieryDance|||M|||50|,,,,,Grass]Clefable||SafetyGoggles|Unaware|FollowMe,HealPulse,Protect,Moonblast|||M|||50|,,,,,Water]Rillaboom||AssaultVest|GrassySurge|WoodHammer,GrassyGlide,FakeOut,HighHorsepower|||F|||50|,,,,,Grass]Grimmsnarl||LightClay|Prankster|Reflect,LightScreen,ThunderWave,SpiritBreak|||M|||50|,,,,,Ghost]Salamence||ClearAmulet|Intimidate|Tailwind,TeraBlast,DragonClaw,IronHead|||M|||50|,,,,,Water
|showteam|p2|Tyranitar||AssaultVest|SandStream|RockSlide,KnockOff,TeraBlast,LowKick|||F|||50|,,,,,Flying]Excadrill||FocusSash|SandRush|IronHead,HighHorsepower,Earthquake,Protect|||M|||50|,,,,,Stellar]Sneasler||PsychicSeed|Unburden|DireClaw,CloseCombat,ThroatChop,Protect|||M|||50|,,,,,Dark]Indeedee||ChoiceScarf|PsychicSurge|ExpandingForce,TeraBlast,Protect,Trick|||M|||50|,,,,,Psychic]Corviknight||Leftovers|MirrorArmor|BraveBird,BulkUp,Roost,Tailwind|||M|||50|,,,,,Dragon]Annihilape||SafetyGoggles|Defiant|CloseCombat,FinalGambit,RageFist,Taunt|||M|||50|,,,,,Water
|inactive|Battle timer is ON: inactive players will automatically lose when time's up. (requested by takuabionicle)
|inactive|TeyOnTheRox has 60 seconds left.
|inactive|TeyOnTheRox has 30 seconds left.
|
|t:|1757727978
|teamsize|p1|4
|teamsize|p2|4
|start
|switch|p1a: Kommo-o|Kommo-o, L50, M, shiny|100/100
|switch|p1b: Rillaboom|Rillaboom, L50, F|100/100
|switch|p2a: Doc Hudson|Tyranitar, L50, F, shiny|100/100
|switch|p2b: Toe Mater|Excadrill, L50, M|100/100
|-weather|Sandstorm|[from] ability: Sand Stream|[of] p2a: Doc Hudson
|-fieldstart|move: Grassy Terrain|[from] ability: Grassy Surge|[of] p1b: Rillaboom
|turn|1
|inactive|TeyOnTheRox has 30 seconds left.
|inactive|TeyOnTheRox has 20 seconds left.
|inactive|TeyOnTheRox has 15 seconds left.
|inactive|TeyOnTheRox has 10 seconds left.
|inactive|TeyOnTheRox has 5 seconds left.
|
|t:|1757728031
|switch|p2a: Cars I|Indeedee, L50, M, shiny|100/100
|-fieldstart|move: Psychic Terrain|[from] ability: Psychic Surge|[of] p2a: Cars I
|-terastallize|p1a: Kommo-o|Steel
|move|p2b: Toe Mater|High Horsepower|p1a: Kommo-o
|-supereffective|p1a: Kommo-o
|-damage|p1a: Kommo-o|0 fnt
|faint|p1a: Kommo-o
|move|p1b: Rillaboom|Wood Hammer|p2a: Cars I
|-damage|p2a: Cars I|0 fnt
|faint|p2a: Cars I
|-damage|p1b: Rillaboom|79/100|[from] Recoil
|
|-weather|Sandstorm|[upkeep]
|-damage|p1b: Rillaboom|73/100|[from] Sandstorm
|upkeep
|
|t:|1757728052
|switch|p1a: Volcarona|Volcarona, L50, M|100/100
|switch|p2a: Lightnin'|Sneasler, L50, M|100/100
|-enditem|p2a: Lightnin'|Psychic Seed
|-boost|p2a: Lightnin'|spd|1|[from] item: Psychic Seed
|turn|2
|
|t:|1757728068
|switch|p1b: Grimmsnarl|Grimmsnarl, L50, M|100/100
|move|p2a: Lightnin'|Dire Claw|p1b: Grimmsnarl
|-supereffective|p1b: Grimmsnarl
|-damage|p1b: Grimmsnarl|11/100
|move|p2b: Toe Mater|Iron Head|p1b: Grimmsnarl
|-supereffective|p1b: Grimmsnarl
|-damage|p1b: Grimmsnarl|0 fnt
|faint|p1b: Grimmsnarl
|move|p1a: Volcarona|Fiery Dance|p2b: Toe Mater
|-supereffective|p2b: Toe Mater
|-enditem|p2b: Toe Mater|Focus Sash
|-damage|p2b: Toe Mater|1/100
|-boost|p1a: Volcarona|spa|1
|
|-weather|Sandstorm|[upkeep]
|-damage|p2a: Lightnin'|95/100|[from] Sandstorm
|-damage|p1a: Volcarona|94/100|[from] Sandstorm
|-heal|p1a: Volcarona|100/100|[from] item: Leftovers
|upkeep
|
|t:|1757728070
|switch|p1b: Rillaboom|Rillaboom, L50, F|73/100
|-fieldstart|move: Grassy Terrain|[from] ability: Grassy Surge|[of] p1b: Rillaboom
|turn|3
|inactive|TeyOnTheRox has 30 seconds left.
|inactive|takuabionicle has 30 seconds left.
|inactive|TeyOnTheRox has 20 seconds left.
|
|t:|1757728106
|move|p1b: Rillaboom|Fake Out|p2a: Lightnin'
|-damage|p2a: Lightnin'|69/100
|cant|p2a: Lightnin'|flinch
|move|p2b: Toe Mater|Iron Head|p1b: Rillaboom
|-damage|p1b: Rillaboom|32/100
|move|p1a: Volcarona|Fiery Dance|p2a: Lightnin'
|-damage|p2a: Lightnin'|17/100
|
|-weather|Sandstorm|[upkeep]
|-damage|p2a: Lightnin'|11/100|[from] Sandstorm
|-damage|p1a: Volcarona|94/100|[from] Sandstorm
|-damage|p1b: Rillaboom|26/100|[from] Sandstorm
|-heal|p2a: Lightnin'|17/100|[from] Grassy Terrain
|-heal|p2b: Toe Mater|7/100|[from] Grassy Terrain
|-heal|p1a: Volcarona|100/100|[from] Grassy Terrain
|-heal|p1b: Rillaboom|32/100|[from] Grassy Terrain
|upkeep
|turn|4
|
|t:|1757728128
|move|p1b: Rillaboom|Grassy Glide|p2a: Lightnin'
|-resisted|p2a: Lightnin'
|-damage|p2a: Lightnin'|0 fnt
|faint|p2a: Lightnin'
|move|p2b: Toe Mater|Iron Head|p1b: Rillaboom
|-damage|p1b: Rillaboom|0 fnt
|faint|p1b: Rillaboom
|move|p1a: Volcarona|Quiver Dance|p1a: Volcarona
|-boost|p1a: Volcarona|spa|1
|-boost|p1a: Volcarona|spd|1
|-boost|p1a: Volcarona|spe|1
|
|-weather|Sandstorm|[upkeep]
|-damage|p1a: Volcarona|94/100|[from] Sandstorm
|-heal|p2b: Toe Mater|13/100|[from] Grassy Terrain
|-heal|p1a: Volcarona|100/100|[from] Grassy Terrain
|upkeep
|
|t:|1757728131
|switch|p2a: Doc Hudson|Tyranitar, L50, F, shiny|100/100
|turn|5
|inactive|TeyOnTheRox has 30 seconds left.
|inactive|TeyOnTheRox has 20 seconds left.
|
|t:|1757728167
|-terastallize|p2a: Doc Hudson|Flying
|move|p1a: Volcarona|Protect|p1a: Volcarona
|-singleturn|p1a: Volcarona|Protect
|move|p2b: Toe Mater|High Horsepower|p1a: Volcarona
|-activate|p1a: Volcarona|move: Protect
|move|p2a: Doc Hudson|Tera Blast|p1a: Volcarona|[anim] Tera Blast Flying
|-activate|p1a: Volcarona|move: Protect
|
|-weather|none
|-heal|p2b: Toe Mater|19/100|[from] Grassy Terrain
|upkeep
|turn|6
|
|t:|1757728180
|move|p1a: Volcarona|Fiery Dance|p2a: Doc Hudson
|-crit|p2a: Doc Hudson
|-damage|p2a: Doc Hudson|27/100
|-boost|p1a: Volcarona|spa|1
|move|p2b: Toe Mater|High Horsepower|p1a: Volcarona
|-damage|p1a: Volcarona|25/100
|move|p2a: Doc Hudson|Tera Blast|p1a: Volcarona|[anim] Tera Blast Flying
|-supereffective|p1a: Volcarona
|-damage|p1a: Volcarona|0 fnt
|faint|p1a: Volcarona
|
|win|TeyOnTheRox
|raw|takuabionicle's rating: 1128 → 1098(-30 for losing)
|raw|TeyOnTheRox's rating: 1054 → 1093(+39 for winning)
