|j|â˜†parsley<3
|j|â˜†Bridaine 31
|html|parsley<3Bridaine 31    
|uhtml|bestof|Game 2 of a best-of-3
|t:|1756282638
|gametype|doubles
|player|p1|parsley<3|lacey|1194
|player|p2|Bridaine 31|alder|1051
|gen|9
|tier|[Gen 9] VGC 2025 Reg H (Bo3)
|rated|
|rule|Species Clause: Limit one of each PokÃ©mon
|rule|Item Clause: Limit 1 of each item
|clearpoke
|poke|p1|Maushold, L50|
|poke|p1|Annihilape, L50, M|
|poke|p1|Gholdengo, L50|
|poke|p1|Ursaluna-Bloodmoon, L50, M|
|poke|p1|Dragonite, L50, F|
|poke|p1|Sneasler, L50, M|
|poke|p2|Frosmoth, L50, F|
|poke|p2|Volcarona, L50, F|
|poke|p2|Ninetales-Alola, L50, F|
|poke|p2|Garchomp, L50, M|
|poke|p2|Incineroar, L50, M|
|poke|p2|Rillaboom, L50, M|
|teampreview|4
|showteam|p1|Maushold||SafetyGoggles|FriendGuard|SuperFang,BeatUp,Protect,FollowMe||||||50|,,,,,Ghost]Annihilape||SitrusBerry|Defiant|RageFist,CloseCombat,Protect,FinalGambit|||M|||50|,,,,,Fire]Gholdengo||LifeOrb|GoodasGold|MakeItRain,ShadowBall,Protect,NastyPlot||||||50|,,,,,Water]Ursaluna-Bloodmoon||AssaultVest|MindsEye|HyperVoice,BloodMoon,EarthPower,VacuumWave|||M|||50|,,,,,Ghost]Dragonite||LoadedDice|Multiscale|ScaleShot,Tailwind,Protect,Haze|||F|||50|,,,,,Fairy]Sneasler||FocusSash|Unburden|DireClaw,CloseCombat,Protect,ThroatChop|||M|||50|,,,,,Stellar
|showteam|p2|Frosmoth||Leftovers|IceScales|QuiverDance,Blizzard,TeraBlast,WideGuard|||F|||50|,,,,,Water]Volcarona||RockyHelmet|FlameBody|RagePowder,HeatWave,WillOWisp,StruggleBug|||F|||50|,,,,,Steel]Ninetales-Alola||LifeOrb|SnowWarning|FreezeDry,IcyWind,Moonblast,AuroraVeil|||F|||50|,,,,,Ghost]Garchomp||ClearAmulet|RoughSkin|StompingTantrum,BreakingSwipe,RockSlide,Protect|||M|||50|,,,,,Fire]Incineroar||SitrusBerry|Intimidate|FakeOut,FlareBlitz,KnockOff,PartingShot|||M|||50|,,,,,Ghost]Rillaboom||AssaultVest|GrassySurge|FakeOut,WoodHammer,GrassyGlide,HighHorsepower|||M|||50|,,,,,Fire
|
|t:|1756282660
|teamsize|p1|4
|teamsize|p2|4
|start
|switch|p1a: mishold|Maushold, L50|100/100
|switch|p1b: mishape|Annihilape, L50, M|100/100
|switch|p2a: Ninetales|Ninetales-Alola, L50, F, shiny|100/100
|switch|p2b: Frosmoth|Frosmoth, L50, F, shiny|100/100
|-weather|Snowscape|[from] ability: Snow Warning|[of] p2a: Ninetales
|turn|1
|inactive|Battle timer is ON: inactive players will automatically lose when time's up. (requested by Bridaine 31)
|
|t:|1756282717
|move|p1a: mishold|Beat Up|p1b: mishape
|-damage|p1b: mishape|99/100
|-damage|p1b: mishape|96/100
|-damage|p1b: mishape|93/100
|-damage|p1b: mishape|91/100
|-hitcount|p1b: mishape|4
|move|p2a: Ninetales|Aurora Veil|p2a: Ninetales
|-sidestart|p2: Bridaine 31|move: Aurora Veil
|move|p1b: mishape|Rage Fist|p2b: Frosmoth
|-damage|p2b: Frosmoth|55/100
|move|p2b: Frosmoth|Quiver Dance|p2b: Frosmoth
|-boost|p2b: Frosmoth|spa|1
|-boost|p2b: Frosmoth|spd|1
|-boost|p2b: Frosmoth|spe|1
|
|-weather|Snowscape|[upkeep]
|-heal|p2b: Frosmoth|61/100|[from] item: Leftovers
|upkeep
|turn|2
|
|t:|1756282739
|-terastallize|p1b: mishape|Fire
|move|p1a: mishold|Protect|p1a: mishold
|-singleturn|p1a: mishold|Protect
|move|p2a: Ninetales|Moonblast|p1b: mishape
|-resisted|p1b: mishape
|-damage|p1b: mishape|74/100
|-unboost|p1b: mishape|spa|1
|-ability|p1b: mishape|Defiant|boost
|-boost|p1b: mishape|atk|2
|-damage|p2a: Ninetales|91/100|[from] item: Life Orb
|move|p1b: mishape|Rage Fist|p2b: Frosmoth
|-damage|p2b: Frosmoth|0 fnt
|faint|p2b: Frosmoth
|
|-weather|Snowscape|[upkeep]
|upkeep
|c|â˜†parsley<3|unlucky man
|c|â˜†Bridaine 31|Y
|c|â˜†Bridaine 31|np
|inactive|Bridaine 31 has 30 seconds left.
|c|â˜†Bridaine 31|Its PokÃ©mon
|
|t:|1756282769
|switch|p2b: Garchomp|Garchomp, L50, M, shiny|100/100
|turn|3
|c|â˜†parsley<3|ape's a bit rough for your team
|c|â˜†Bridaine 31|Y
|inactive|parsley<3 has 30 seconds left.
|
|t:|1756282797
|move|p1a: mishold|Follow Me|p1a: mishold
|-singleturn|p1a: mishold|move: Follow Me
|move|p2a: Ninetales|Moonblast|p1a: mishold
|-damage|p1a: mishold|40/100
|-damage|p2a: Ninetales|82/100|[from] item: Life Orb
|move|p2b: Garchomp|Rock Slide|p1b: mishape|[spread] p1a,p1b
|-crit|p1a: mishold
|-supereffective|p1b: mishape
|-damage|p1a: mishold|0 fnt
|-damage|p1b: mishape|45/100
|-enditem|p1b: mishape|Sitrus Berry|[eat]
|-heal|p1b: mishape|70/100|[from] item: Sitrus Berry
|faint|p1a: mishold
|cant|p1b: mishape|flinch
|
|-weather|Snowscape|[upkeep]
|upkeep
|c|â˜†parsley<3|fair enough lmao
|
|t:|1756282814
|switch|p1a: mishler|Sneasler, L50, M|100/100
|turn|4
|c|â˜†Bridaine 31|i haveto find a counter
|inactive|Bridaine 31 has 30 seconds left.
|inactive|Bridaine 31 has 20 seconds left.
|c|â˜†parsley<3|i think garchomp ninetales lead is pretty good into it but it really is quite hard to beat
|inactive|Bridaine 31 has 15 seconds left.
|
|t:|1756282854
|-terastallize|p2a: Ninetales|Ghost
|move|p1b: mishape|Protect|p1b: mishape
|-singleturn|p1b: mishape|Protect
|move|p2a: Ninetales|Moonblast|p1a: mishler
|-damage|p1a: mishler|31/100
|-unboost|p1a: mishler|spa|1
|-damage|p2a: Ninetales|72/100|[from] item: Life Orb
|move|p1a: mishler|Dire Claw|p2a: Ninetales
|-resisted|p2a: Ninetales
|-damage|p2a: Ninetales|51/100
|-status|p2a: Ninetales|psn
|move|p2b: Garchomp|Stomping Tantrum|p1a: mishler
|-supereffective|p1a: mishler
|-damage|p1a: mishler|0 fnt
|faint|p1a: mishler
|
|-weather|Snowscape|[upkeep]
|-damage|p2a: Ninetales|39/100 psn|[from] psn
|upkeep
|j| Minii wheat
|
|t:|1756282859
|switch|p1a: mishaluna|Ursaluna-Bloodmoon, L50, M|100/100
|turn|5
|
|t:|1756282875
|move|p2a: Ninetales|Freeze-Dry|p1a: mishaluna
|-supereffective|p1a: mishaluna
|-damage|p1a: mishaluna|53/100
|-status|p1a: mishaluna|frz
|-damage|p2a: Ninetales|29/100 psn|[from] item: Life Orb
|move|p2b: Garchomp|Stomping Tantrum|p1b: mishape
|-supereffective|p1b: mishape
|-damage|p1b: mishape|0 fnt
|faint|p1b: mishape
|cant|p1a: mishaluna|frz
|
|-weather|none
|-damage|p2a: Ninetales|17/100 psn|[from] psn
|-sideend|p2: Bridaine 31|move: Aurora Veil
|upkeep
|turn|6
|c|â˜†parsley<3|lmao the rng this game
|
|t:|1756282889
|move|p2a: Ninetales|Freeze-Dry|p1a: mishaluna
|-supereffective|p1a: mishaluna
|-damage|p1a: mishaluna|0 fnt
|faint|p1a: mishaluna
|-damage|p2a: Ninetales|8/100 psn|[from] item: Life Orb
|
|win|Bridaine 31
