|j|☆the winking dol
|j|☆Rapmonsterfan728
|html|the winking dolRapmonsterfan728    
|uhtml|bestof|Game 3 of a best-of-3
|t:|1756304116
|gametype|doubles
|player|p1|the winking dol|dawn|1147
|player|p2|Rapmonsterfan728|rika|1235
|gen|9
|tier|[Gen 9] VGC 2025 Reg H (Bo3)
|rated|
|rule|Species Clause: Limit one of each Pokémon
|rule|Item Clause: Limit 1 of each item
|clearpoke
|poke|p1|Rillaboom, L50, M|
|poke|p1|Glimmora, L50, M|
|poke|p1|Farigiraf, L50, F|
|poke|p1|Tyranitar, L50, M|
|poke|p1|Kommo-o, L50, F|
|poke|p1|Gholdengo, L50|
|poke|p2|Tyranitar, L50, F|
|poke|p2|Corviknight, L50, M|
|poke|p2|Dragapult, L50, F|
|poke|p2|Kilowattrel, L50, F|
|poke|p2|Garchomp, L50, M|
|poke|p2|Amoonguss, L50, M|
|teampreview|4
|showteam|p1|Rillaboom||MiracleSeed|GrassySurge|WoodHammer,GrassyGlide,HighHorsepower,FakeOut|||M|||50|,,,,,Poison]Glimmora||LifeOrb|ToxicDebris|PowerGem,EarthPower,SludgeWave,SpikyShield|||M|||50|,,,,,Ghost]Farigiraf||SitrusBerry|ArmorTail|Psychic,HyperVoice,FoulPlay,TrickRoom|||F|||50|,,,,,Dark]Tyranitar||AssaultVest|SandStream|RockSlide,KnockOff,LowKick,TeraBlast|||M|||50|,,,,,Ghost]Kommo-o||Leftovers|Overcoat|ClangingScales,AuraSphere,Flamethrower,ClangorousSoul|||F|||50|,,,,,Steel]Gholdengo||ChoiceScarf|GoodasGold|MakeItRain,ShadowBall,Trick,Protect||||||50|,,,,,Steel
|showteam|p2|Tyranitar||AssaultVest|SandStream|RockSlide,KnockOff,LowKick,TeraBlast|||F|||50|,,,,,Flying]Corviknight||SitrusBerry|MirrorArmor|BraveBird,BodyPress,Tailwind,Roost|||M|||50|,,,,,Fire]Dragapult||ChoiceSpecs|Infiltrator|ShadowBall,DracoMeteor,Flamethrower,Uturn|||F|||50|,,,,,Stellar]Kilowattrel||FocusSash|VoltAbsorb|Thunderbolt,AirSlash,Tailwind,Protect|||F|||50|,,,,,Stellar]Garchomp||Leftovers|SandVeil|Earthquake,DragonClaw,Substitute,Protect|||M|||50|,,,,,Steel]Amoonguss||CovertCloak|Regenerator|PollenPuff,ClearSmog,RagePowder,Spore|||M|||50|,,,,,Fairy
|inactive|Battle timer is ON: inactive players will automatically lose when time's up. (requested by the winking dol)
|inactive|the winking dol has 60 seconds left.
|inactive|the winking dol has 30 seconds left.
|inactive|the winking dol has 20 seconds left.
|inactive|the winking dol has 15 seconds left.
|inactive|the winking dol has 10 seconds left.
|inactive|the winking dol has 5 seconds left.
|
|t:|1756304207
|teamsize|p1|4
|teamsize|p2|4
|start
|switch|p1a: Farigiraf|Farigiraf, L50, F|100/100
|switch|p1b: Gholdengo|Gholdengo, L50|100/100
|switch|p2a: Tyranitar|Tyranitar, L50, F|100/100
|switch|p2b: Dragapult|Dragapult, L50, F|100/100
|-weather|Sandstorm|[from] ability: Sand Stream|[of] p2a: Tyranitar
|turn|1
|inactive|Rapmonsterfan728 has 30 seconds left.
|inactive|Rapmonsterfan728 has 20 seconds left.
|inactive|Rapmonsterfan728 has 15 seconds left.
|
|t:|1756304252
|switch|p2b: Corviknight|Corviknight, L50, M|100/100
|move|p1b: Gholdengo|Trick|p2a: Tyranitar
|-activate|p1b: Gholdengo|move: Trick|[of] p2a: Tyranitar
|-item|p2a: Tyranitar|Choice Scarf|[from] move: Trick
|-item|p1b: Gholdengo|Assault Vest|[from] move: Trick
|move|p2a: Tyranitar|Knock Off|p1b: Gholdengo
|-supereffective|p1b: Gholdengo
|-damage|p1b: Gholdengo|0 fnt
|-enditem|p1b: Gholdengo|Assault Vest|[from] move: Knock Off|[of] p2a: Tyranitar
|faint|p1b: Gholdengo
|move|p1a: Farigiraf|Trick Room|p1a: Farigiraf
|-fieldstart|move: Trick Room|[of] p1a: Farigiraf
|
|-weather|Sandstorm|[upkeep]
|-damage|p1a: Farigiraf|94/100|[from] Sandstorm
|upkeep
|
|t:|1756304277
|switch|p1b: Kommo-o|Kommo-o, L50, F|100/100
|turn|2
|inactive|the winking dol has 30 seconds left.
|
|t:|1756304307
|-terastallize|p1b: Kommo-o|Steel
|-terastallize|p2a: Tyranitar|Flying
|move|p2b: Corviknight|Brave Bird|p1b: Kommo-o
|-resisted|p1b: Kommo-o
|-damage|p1b: Kommo-o|86/100
|-damage|p2b: Corviknight|96/100|[from] Recoil
|move|p1b: Kommo-o|Clangorous Soul|p1b: Kommo-o
|-boost|p1b: Kommo-o|atk|1
|-boost|p1b: Kommo-o|def|1
|-boost|p1b: Kommo-o|spa|1
|-boost|p1b: Kommo-o|spd|1
|-boost|p1b: Kommo-o|spe|1
|-damage|p1b: Kommo-o|53/100
|move|p2a: Tyranitar|Knock Off|p1a: Farigiraf
|-supereffective|p1a: Farigiraf
|-damage|p1a: Farigiraf|27/100
|-enditem|p1a: Farigiraf|Sitrus Berry|[from] move: Knock Off|[of] p2a: Tyranitar
|move|p1a: Farigiraf|Trick Room|p1a: Farigiraf
|-fieldend|move: Trick Room
|
|-weather|Sandstorm|[upkeep]
|-damage|p2a: Tyranitar|95/100|[from] Sandstorm
|-damage|p1a: Farigiraf|21/100|[from] Sandstorm
|-heal|p1b: Kommo-o|59/100|[from] item: Leftovers
|upkeep
|turn|3
|inactive|the winking dol has 30 seconds left.
|inactive|the winking dol has 20 seconds left.
|inactive|the winking dol has 15 seconds left.
|inactive|the winking dol has 10 seconds left.
|inactive|the winking dol has 5 seconds left.
|
|t:|1756304362
|switch|p1a: Rillaboom|Rillaboom, L50, M|100/100
|-fieldstart|move: Grassy Terrain|[from] ability: Grassy Surge|[of] p1a: Rillaboom
|move|p1b: Kommo-o|Flamethrower|p2b: Corviknight
|-supereffective|p2b: Corviknight
|-damage|p2b: Corviknight|20/100
|-enditem|p2b: Corviknight|Sitrus Berry|[eat]
|-heal|p2b: Corviknight|44/100|[from] item: Sitrus Berry
|move|p2a: Tyranitar|Knock Off|p1b: Kommo-o
|-damage|p1b: Kommo-o|36/100
|-enditem|p1b: Kommo-o|Leftovers|[from] move: Knock Off|[of] p2a: Tyranitar
|move|p2b: Corviknight|Body Press|p1b: Kommo-o
|-supereffective|p1b: Kommo-o
|-damage|p1b: Kommo-o|5/100
|
|-weather|Sandstorm|[upkeep]
|-damage|p2a: Tyranitar|89/100|[from] Sandstorm
|-damage|p1a: Rillaboom|94/100|[from] Sandstorm
|-heal|p1b: Kommo-o|11/100|[from] Grassy Terrain
|-heal|p1a: Rillaboom|100/100|[from] Grassy Terrain
|upkeep
|turn|4
|inactive|the winking dol has 30 seconds left.
|inactive|Rapmonsterfan728 has 30 seconds left.
|
|t:|1756304390
|move|p1a: Rillaboom|Fake Out|p2a: Tyranitar
|-damage|p2a: Tyranitar|77/100
|move|p1b: Kommo-o|Flamethrower|p2b: Corviknight
|-supereffective|p2b: Corviknight
|-damage|p2b: Corviknight|0 fnt
|faint|p2b: Corviknight
|cant|p2a: Tyranitar|flinch
|
|-weather|Sandstorm|[upkeep]
|-damage|p2a: Tyranitar|72/100|[from] Sandstorm
|-damage|p1a: Rillaboom|94/100|[from] Sandstorm
|-heal|p1b: Kommo-o|17/100|[from] Grassy Terrain
|-heal|p1a: Rillaboom|100/100|[from] Grassy Terrain
|upkeep
|
|t:|1756304402
|switch|p2b: Garchomp|Garchomp, L50, M|100/100
|turn|5
|inactive|the winking dol has 30 seconds left.
|
|t:|1756304431
|move|p1a: Rillaboom|Grassy Glide|p2b: Garchomp|[miss]
|-miss|p1a: Rillaboom|p2b: Garchomp
|move|p1b: Kommo-o|Clanging Scales|p2b: Garchomp|[spread] p2a,p2b
|-supereffective|p2b: Garchomp
|-damage|p2a: Tyranitar|38/100
|-damage|p2b: Garchomp|5/100
|-unboost|p1b: Kommo-o|def|1
|move|p2b: Garchomp|Earthquake|p1a: Rillaboom|[spread] p1a,p1b
|-immune|p2a: Tyranitar
|-resisted|p1a: Rillaboom
|-supereffective|p1b: Kommo-o
|-damage|p1a: Rillaboom|91/100
|-damage|p1b: Kommo-o|0 fnt
|faint|p1b: Kommo-o
|move|p2a: Tyranitar|Knock Off|p1a: Rillaboom
|-damage|p1a: Rillaboom|48/100
|-enditem|p1a: Rillaboom|Miracle Seed|[from] move: Knock Off|[of] p2a: Tyranitar
|
|-weather|none
|-heal|p2b: Garchomp|11/100|[from] Grassy Terrain
|-heal|p2b: Garchomp|17/100|[from] item: Leftovers
|-heal|p1a: Rillaboom|54/100|[from] Grassy Terrain
|upkeep
|
|t:|1756304454
|switch|p1b: Farigiraf|Farigiraf, L50, F|21/100
|turn|6
|
|t:|1756304476
|move|p2b: Garchomp|Dragon Claw|p1a: Rillaboom
|-damage|p1a: Rillaboom|15/100
|move|p2a: Tyranitar|Knock Off|p1b: Farigiraf
|-supereffective|p1b: Farigiraf
|-damage|p1b: Farigiraf|0 fnt
|faint|p1b: Farigiraf
|move|p1a: Rillaboom|Wood Hammer|p2a: Tyranitar
|-resisted|p2a: Tyranitar
|-damage|p2a: Tyranitar|5/100
|-damage|p1a: Rillaboom|3/100|[from] Recoil
|
|-heal|p2b: Garchomp|23/100|[from] Grassy Terrain
|-heal|p2b: Garchomp|29/100|[from] item: Leftovers
|-heal|p1a: Rillaboom|9/100|[from] Grassy Terrain
|upkeep
|turn|7
|-message|the winking dol forfeited.
|
|win|Rapmonsterfan728
|raw|the winking dol's rating: 1147 → 1128(-19 for losing)
|raw|Rapmonsterfan728's rating: 1235 → 1254(+19 for winning)
|c|☆the winking dol|gg
|c|☆Rapmonsterfan728|gg
|l|☆the winking dol
|player|p1|
