|j|☆m111naaaa
|j|☆arm fire
|html|m111naaaaarm fire    
|uhtml|bestof|Game 3 of a best-of-3
|t:|1756421825
|gametype|doubles
|player|p1|m111naaaa|jasmine|1149
|player|p2|arm fire|flannery|1185
|gen|9
|tier|[Gen 9] VGC 2025 Reg H (Bo3)
|rated|
|rule|Species Clause: Limit one of each Pokémon
|rule|Item Clause: Limit 1 of each item
|clearpoke
|poke|p1|Kilowattrel, L50, M|
|poke|p1|Amoonguss, L50, F|
|poke|p1|Incineroar, L50, M|
|poke|p1|Porygon2, L50|
|poke|p1|Gholdengo, L50|
|poke|p1|Ursaluna, L50, M|
|poke|p2|Garchomp, L50, F|
|poke|p2|Gholdengo, L50|
|poke|p2|Incineroar, L50, F|
|poke|p2|Amoonguss, L50, M|
|poke|p2|Kilowattrel, L50, F|
|poke|p2|Tyranitar, L50, M|
|teampreview|4
|showteam|p1|Kilowattrel||FocusSash|Competitive|Thunderbolt,AirSlash,Tailwind,Protect|||M|||50|,,,,,Ghost]Amoonguss||SitrusBerry|Regenerator|PollenPuff,Spore,RagePowder,Protect|||F|||50|,,,,,Water]Incineroar||SafetyGoggles|Intimidate|FakeOut,FlareBlitz,KnockOff,PartingShot|||M|||50|,,,,,Ghost]Porygon2||Eviolite|Download|TeraBlast,IceBeam,Recover,TrickRoom||||||50|,,,,,Fighting]Gholdengo||MetalCoat|GoodasGold|MakeItRain,ShadowBall,NastyPlot,Protect||||||50|,,,,,Flying]Ursaluna||FlameOrb|Guts|Facade,HeadlongRush,Earthquake,Protect|||M|||50|,,,,,Ghost
|showteam|p2|Garchomp||LifeOrb|SandVeil|DragonClaw,StompingTantrum,Earthquake,Protect|||F|||50|,,,,,Ground]Gholdengo||MetalCoat|GoodasGold|MakeItRain,ShadowBall,NastyPlot,Protect||||||50|,,,,,Flying]Incineroar||MirrorHerb|Intimidate|FakeOut,FlareBlitz,KnockOff,PartingShot|||F|||50|,,,,,Ghost]Amoonguss||SitrusBerry|Regenerator|Protect,PollenPuff,Spore,RagePowder|||M|||50|,,,,,Fairy]Kilowattrel||FocusSash|Competitive|Electroweb,VoltSwitch,AirSlash,Tailwind|||F|||50|,,,,,Ghost]Tyranitar||AssaultVest|SandStream|RockSlide,KnockOff,LowKick,TeraBlast|||M|||50|,,,,,Flying
|inactive|Battle timer is ON: inactive players will automatically lose when time's up. (requested by arm fire)
|
|t:|1756421844
|teamsize|p1|4
|teamsize|p2|4
|start
|switch|p1a: Porygon2|Porygon2, L50|100/100
|switch|p1b: Incineroar|Incineroar, L50, M|100/100
|switch|p2a: Amoonguss|Amoonguss, L50, M|100/100
|switch|p2b: Tyranitar|Tyranitar, L50, M|100/100
|-ability|p1b: Incineroar|Intimidate|boost
|-unboost|p2a: Amoonguss|atk|1
|-unboost|p2b: Tyranitar|atk|1
|-weather|Sandstorm|[from] ability: Sand Stream|[of] p2b: Tyranitar
|-ability|p1a: Porygon2|Download|boost
|-boost|p1a: Porygon2|spa|1
|turn|1
|
|t:|1756421858
|switch|p2b: Gholdengo|Gholdengo, L50|100/100
|move|p1b: Incineroar|Fake Out|p2a: Amoonguss
|-damage|p2a: Amoonguss|90/100
|cant|p2a: Amoonguss|flinch
|move|p1a: Porygon2|Trick Room|p1a: Porygon2
|-fieldstart|move: Trick Room|[of] p1a: Porygon2
|
|-weather|Sandstorm|[upkeep]
|-damage|p2a: Amoonguss|85/100|[from] Sandstorm
|-damage|p1a: Porygon2|94/100|[from] Sandstorm
|upkeep
|turn|2
|
|t:|1756421879
|switch|p1a: Amoonguss|Amoonguss, L50, F|100/100
|switch|p2b: Incineroar|Incineroar, L50, F|100/100
|-ability|p2b: Incineroar|Intimidate|boost
|-unboost|p1a: Amoonguss|atk|1
|-unboost|p1b: Incineroar|atk|1
|move|p2a: Amoonguss|Spore|p1a: Amoonguss
|-immune|p1a: Amoonguss
|move|p1b: Incineroar|Knock Off|p2b: Incineroar
|-resisted|p2b: Incineroar
|-damage|p2b: Incineroar|87/100
|-enditem|p2b: Incineroar|Mirror Herb|[from] move: Knock Off|[of] p1b: Incineroar
|
|-weather|Sandstorm|[upkeep]
|-damage|p2a: Amoonguss|79/100|[from] Sandstorm
|-damage|p1a: Amoonguss|95/100|[from] Sandstorm
|-damage|p2b: Incineroar|81/100|[from] Sandstorm
|upkeep
|turn|3
|
|t:|1756421898
|switch|p1b: Ursaluna|Ursaluna, L50, M|100/100
|move|p2a: Amoonguss|Protect|p2a: Amoonguss
|-singleturn|p2a: Amoonguss|Protect
|move|p1a: Amoonguss|Spore|p2b: Incineroar
|-status|p2b: Incineroar|slp|[from] move: Spore
|cant|p2b: Incineroar|slp
|
|-weather|Sandstorm|[upkeep]
|-damage|p2a: Amoonguss|73/100|[from] Sandstorm
|-damage|p1a: Amoonguss|89/100|[from] Sandstorm
|-damage|p2b: Incineroar|75/100 slp|[from] Sandstorm
|-status|p1b: Ursaluna|brn|[from] item: Flame Orb
|upkeep
|turn|4
|inactive|m111naaaa has 30 seconds left.
|
|t:|1756421927
|switch|p1a: Incineroar|Incineroar, L50, M|100/100
|-ability|p1a: Incineroar|Intimidate|boost
|-unboost|p2a: Amoonguss|atk|1
|-unboost|p2b: Incineroar|atk|1
|-terastallize|p2b: Incineroar|Ghost
|move|p2a: Amoonguss|Rage Powder|p2a: Amoonguss
|-singleturn|p2a: Amoonguss|move: Rage Powder
|cant|p2b: Incineroar|slp
|move|p1b: Ursaluna|Headlong Rush|p2a: Amoonguss
|-damage|p2a: Amoonguss|0 fnt
|-unboost|p1b: Ursaluna|def|1
|-unboost|p1b: Ursaluna|spd|1
|faint|p2a: Amoonguss
|
|-weather|Sandstorm|[upkeep]
|-damage|p2b: Incineroar|69/100 slp|[from] Sandstorm
|-damage|p1b: Ursaluna|94/100 brn|[from] brn
|upkeep
|
|t:|1756421940
|switch|p2a: Gholdengo|Gholdengo, L50|100/100
|turn|5
|
|t:|1756421957
|move|p2a: Gholdengo|Protect|p2a: Gholdengo
|-singleturn|p2a: Gholdengo|Protect
|-curestatus|p2b: Incineroar|slp|[msg]
|move|p2b: Incineroar|Flare Blitz|p1b: Ursaluna
|-damage|p1b: Ursaluna|51/100 brn
|-damage|p2b: Incineroar|54/100|[from] Recoil
|move|p1b: Ursaluna|Headlong Rush|p2a: Gholdengo
|-activate|p2a: Gholdengo|move: Protect
|move|p1a: Incineroar|Parting Shot|p2b: Incineroar
|-unboost|p2b: Incineroar|atk|1
|-unboost|p2b: Incineroar|spa|1
|
|t:|1756421965
|switch|p1a: Amoonguss|Amoonguss, L50, F|100/100|[from] Parting Shot
|
|-weather|none
|-damage|p1b: Ursaluna|45/100 brn|[from] brn
|-fieldend|move: Trick Room
|upkeep
|turn|6
|
|t:|1756421977
|switch|p1b: Incineroar|Incineroar, L50, M|100/100
|-ability|p1b: Incineroar|Intimidate|boost
|-unboost|p2a: Gholdengo|atk|1
|-unboost|p2b: Incineroar|atk|1
|switch|p2b: Tyranitar|Tyranitar, L50, M|100/100
|-weather|Sandstorm|[from] ability: Sand Stream|[of] p2b: Tyranitar
|move|p2a: Gholdengo|Make It Rain|p1a: Amoonguss|[spread] p1a,p1b
|-resisted|p1b: Incineroar
|-damage|p1a: Amoonguss|55/100
|-damage|p1b: Incineroar|75/100
|-unboost|p2a: Gholdengo|spa|1
|move|p1a: Amoonguss|Pollen Puff|p1b: Incineroar
|-heal|p1b: Incineroar|100/100
|
|-weather|Sandstorm|[upkeep]
|-damage|p1a: Amoonguss|49/100|[from] Sandstorm
|-enditem|p1a: Amoonguss|Sitrus Berry|[eat]
|-heal|p1a: Amoonguss|74/100|[from] item: Sitrus Berry
|upkeep
|turn|7
|inactive|m111naaaa has 30 seconds left.
|inactive|arm fire has 30 seconds left.
|inactive|m111naaaa has 20 seconds left.
|
|t:|1756422016
|move|p2a: Gholdengo|Nasty Plot|p2a: Gholdengo
|-boost|p2a: Gholdengo|spa|2
|move|p1b: Incineroar|Parting Shot|p2b: Tyranitar
|-unboost|p2b: Tyranitar|atk|1
|-unboost|p2b: Tyranitar|spa|1
|
|t:|1756422022
|switch|p1b: Porygon2|Porygon2, L50|94/100|[from] Parting Shot
|-ability|p1b: Porygon2|Download|boost
|-boost|p1b: Porygon2|spa|1
|move|p2b: Tyranitar|Rock Slide|p1b: Porygon2|[spread] p1a,p1b
|-damage|p1a: Amoonguss|57/100
|-damage|p1b: Porygon2|81/100
|move|p1a: Amoonguss|Spore|p2a: Gholdengo
|-immune|p2a: Gholdengo|[from] ability: Good as Gold
|
|-weather|Sandstorm|[upkeep]
|-damage|p1b: Porygon2|75/100|[from] Sandstorm
|-damage|p1a: Amoonguss|51/100|[from] Sandstorm
|upkeep
|turn|8
|inactive|arm fire has 30 seconds left.
|
|t:|1756422049
|switch|p2b: Incineroar|Incineroar, L50, F, tera:Ghost|54/100
|-ability|p2b: Incineroar|Intimidate|boost
|-unboost|p1a: Amoonguss|atk|1
|-unboost|p1b: Porygon2|atk|1
|switch|p1b: Incineroar|Incineroar, L50, M|100/100
|-ability|p1b: Incineroar|Intimidate|boost
|-unboost|p2a: Gholdengo|atk|1
|-unboost|p2b: Incineroar|atk|1
|move|p1a: Amoonguss|Protect|p1a: Amoonguss
|-singleturn|p1a: Amoonguss|Protect
|move|p2a: Gholdengo|Make It Rain|p1a: Amoonguss|[spread] p1b
|-activate|p1a: Amoonguss|move: Protect
|-resisted|p1b: Incineroar
|-damage|p1b: Incineroar|58/100
|-unboost|p2a: Gholdengo|spa|1
|
|-weather|Sandstorm|[upkeep]
|-damage|p2b: Incineroar|48/100|[from] Sandstorm
|-damage|p1a: Amoonguss|45/100|[from] Sandstorm
|upkeep
|turn|9
|inactive|m111naaaa has 30 seconds left.
|
|t:|1756422074
|switch|p1a: Porygon2|Porygon2, L50|75/100
|-ability|p1a: Porygon2|Download|boost
|-boost|p1a: Porygon2|atk|1
|move|p2b: Incineroar|Fake Out|p1b: Incineroar
|-damage|p1b: Incineroar|50/100
|move|p2a: Gholdengo|Nasty Plot|p2a: Gholdengo
|-boost|p2a: Gholdengo|spa|2
|cant|p1b: Incineroar|flinch
|
|-weather|Sandstorm|[upkeep]
|-damage|p2b: Incineroar|42/100|[from] Sandstorm
|-damage|p1a: Porygon2|69/100|[from] Sandstorm
|upkeep
|turn|10
|
|t:|1756422090
|move|p2a: Gholdengo|Make It Rain|p1a: Porygon2|[spread] p1a,p1b
|-resisted|p1b: Incineroar
|-damage|p1a: Porygon2|3/100
|-damage|p1b: Incineroar|0 fnt
|-unboost|p2a: Gholdengo|spa|1
|faint|p1b: Incineroar
|move|p2b: Incineroar|Parting Shot|p1a: Porygon2
|-unboost|p1a: Porygon2|atk|1
|-unboost|p1a: Porygon2|spa|1
|
|t:|1756422094
|switch|p2b: Tyranitar|Tyranitar, L50, M|100/100|[from] Parting Shot
|move|p1a: Porygon2|Trick Room|p1a: Porygon2
|-fieldstart|move: Trick Room|[of] p1a: Porygon2
|
|-weather|none
|upkeep
|
|t:|1756422099
|switch|p1b: Ursaluna|Ursaluna, L50, M|45/100 brn
|turn|11
|
|t:|1756422120
|-terastallize|p1a: Porygon2|Fighting
|move|p2a: Gholdengo|Protect|p2a: Gholdengo
|-singleturn|p2a: Gholdengo|Protect
|move|p1a: Porygon2|Tera Blast|p2b: Tyranitar|[anim] Tera Blast Fighting
|-supereffective|p2b: Tyranitar
|-damage|p2b: Tyranitar|40/100
|move|p2b: Tyranitar|Low Kick|p1b: Ursaluna
|-supereffective|p1b: Ursaluna
|-damage|p1b: Ursaluna|0 fnt
|faint|p1b: Ursaluna
|
|upkeep
|
|t:|1756422129
|switch|p1b: Amoonguss|Amoonguss, L50, F|79/100
|turn|12
|-message|m111naaaa forfeited.
|
|win|arm fire
|raw|m111naaaa's rating: 1149 → 1127(-22 for losing)
|raw|arm fire's rating: 1185 → 1207(+22 for winning)
