|j|☆trevYAH
|j|☆testdigi
|html|trevYAHtestdigi    
|uhtml|bestof|Game 1 of a best-of-3
|t:|1784808341
|gametype|doubles
|player|p1|trevYAH|trevor|1225
|player|p2|testdigi|101|1132
|gen|9
|tier|[Gen 9 Champions] VGC 2026 Reg M-B (Bo3)
|rated|
|rule|Species Clause: Limit one of each Pokémon
|rule|Item Clause: Limit 1 of each item
|clearpoke
|poke|p1|Blaziken, L50, M, shiny|
|poke|p1|Kingambit, L50, M, shiny|
|poke|p1|Dragonite, L50, M, shiny|
|poke|p1|Ninetales-Alola, L50, F, shiny|
|poke|p1|Gengar, L50, M, shiny|
|poke|p1|Incineroar, L50, F, shiny|
|poke|p2|Raichu, L50, M|
|poke|p2|Toxapex, L50, F|
|poke|p2|Mamoswine, L50, F|
|poke|p2|Sylveon, L50, M|
|poke|p2|Corviknight, L50, F|
|poke|p2|Basculegion, L50, M|
|teampreview|4
|showteam|p1|Blaziken||Blazikenite|SpeedBoost|CloseCombat,RockSlide,FlareBlitz,Detect|Adamant||M|||50|]Kingambit||LifeOrb|Defiant|KowtowCleave,IronHead,SuckerPunch,Protect|Adamant||M|||50|]Dragonite||HabanBerry|InnerFocus|DragonClaw,LowKick,ExtremeSpeed,Protect|Adamant||M|||50|]Ninetales-Alola||FocusSash|SnowWarning|Blizzard,FreezeDry,Encore,Protect|Timid||F|||50|]Gengar||Gengarite|CursedBody|ShadowBall,Disable,PerishSong,Protect|Modest||M|||50|]Incineroar||SitrusBerry|Intimidate|FlareBlitz,PartingShot,FakeOut,Protect|Relaxed||F|||50|
|showteam|p2|Raichu||RaichuniteY|LightningRod|ZapCannon,FocusBlast,FakeOut,Protect|Timid||M|||50|]Toxapex||Leftovers|Regenerator|Infestation,Toxic,WideGuard,BanefulBunker|Impish||F|||50|]Mamoswine||LifeOrb|Oblivious|StompingTantrum,IceShard,RockSlide,Protect|Adamant||F|||50|]Sylveon||FairyFeather|Pixilate|HyperVoice,QuickAttack,Yawn,Detect|Modest||M|||50|]Corviknight||OccaBerry|MirrorArmor|IronHead,BraveBird,Tailwind,Protect|Adamant||F|||50|]Basculegion||FocusSash|Adaptability|LastRespects,Liquidation,AquaJet,Protect|Adamant||M|||50|
|inactive|Battle timer is ON: inactive players will automatically lose when time's up. (requested by trevYAH)
|inactive|testdigi has 60 seconds left.
|inactive|trevYAH has 30 seconds left.
|
|t:|1784808432
|teamsize|p1|4
|teamsize|p2|4
|start
|switch|p1a: my way|Blaziken, L50, M, shiny|100/100
|switch|p1b: Drop Dead|Kingambit, L50, M, shiny|100/100
|switch|p2a: Raichu|Raichu, L50, M|100/100
|switch|p2b: Basculegion|Basculegion, L50, M|100/100
|turn|1
|inactive|trevYAH has 30 seconds left.
|inactive|testdigi has 30 seconds left.
|inactive|testdigi has 20 seconds left.
|inactive|testdigi has 15 seconds left.
|
|t:|1784808477
|detailschange|p2a: Raichu|Raichu-Mega-Y, L50, M
|-mega|p2a: Raichu|Raichu|Raichunite Y
|detailschange|p1a: my way|Blaziken-Mega, L50, M, shiny
|-mega|p1a: my way|Blaziken|Blazikenite
|move|p1a: my way|Detect|p1a: my way
|-singleturn|p1a: my way|Protect
|move|p2a: Raichu|Fake Out|p1b: Drop Dead
|-resisted|p1b: Drop Dead|1
|-damage|p1b: Drop Dead|96/100
|move|p2b: Basculegion|Aqua Jet|p1a: my way
|-activate|p1a: my way|move: Protect
|cant|p1b: Drop Dead|flinch
|
|-ability|p1a: my way|Speed Boost|boost
|-boost|p1a: my way|spe|1
|upkeep
|turn|2
|inactive|testdigi has 30 seconds left.
|
|t:|1784808503
|switch|p1a: less|Dragonite, L50, M, shiny|100/100
|move|p2b: Basculegion|Aqua Jet|p1a: less
|-resisted|p1a: less|1
|-damage|p1a: less|87/100
|move|p1b: Drop Dead|Sucker Punch|p2a: Raichu
|-damage|p2a: Raichu|24/100
|-damage|p1b: Drop Dead|86/100|[from] item: Life Orb
|move|p2a: Raichu|Zap Cannon|p1b: Drop Dead
|-damage|p1b: Drop Dead|20/100y
|-status|p1b: Drop Dead|par
|
|upkeep
|turn|3
|
|t:|1784808522
|switch|p2a: Mamoswine|Mamoswine, L50, F|100/100
|switch|p1b: The Cure|Ninetales-Alola, L50, F, shiny|100/100
|-weather|Snowscape|[from] ability: Snow Warning|[of] p1b: The Cure
|move|p1a: less|Extreme Speed|p2a: Mamoswine
|-damage|p2a: Mamoswine|74/100
|move|p2b: Basculegion|Aqua Jet|p1b: The Cure
|-damage|p1b: The Cure|73/100
|
|-weather|Snowscape|[upkeep]
|upkeep
|turn|4
|
|t:|1784808542
|move|p1a: less|Protect|p1a: less
|-singleturn|p1a: less|Protect
|move|p2a: Mamoswine|Ice Shard|p1a: less
|-activate|p1a: less|move: Protect
|move|p1b: The Cure|Freeze-Dry|p2b: Basculegion
|-supereffective|p2b: Basculegion|1
|-damage|p2b: Basculegion|41/100
|move|p2b: Basculegion|Liquidation|p1b: The Cure
|-damage|p1b: The Cure|10/100
|
|-weather|Snowscape|[upkeep]
|upkeep
|turn|5
|inactive|trevYAH has 30 seconds left.
|
|t:|1784808571
|switch|p1a: Drop Dead|Kingambit, L50, M, shiny|20/100y par
|move|p1b: The Cure|Protect|p1b: The Cure
|-singleturn|p1b: The Cure|Protect
|move|p2a: Mamoswine|Ice Shard|p1a: Drop Dead
|-resisted|p1a: Drop Dead|1
|-damage|p1a: Drop Dead|8/100 par
|-damage|p2a: Mamoswine|64/100|[from] item: Life Orb
|move|p2b: Basculegion|Aqua Jet|p1b: The Cure
|-activate|p1b: The Cure|move: Protect
|
|-weather|Snowscape|[upkeep]
|upkeep
|turn|6
|inactive|testdigi has 30 seconds left.
|
|t:|1784808599
|move|p2a: Mamoswine|Ice Shard|p1b: The Cure
|-resisted|p1b: The Cure|1
|-damage|p1b: The Cure|0 fnt
|faint|p1b: The Cure
|-damage|p2a: Mamoswine|55/100|[from] item: Life Orb
|move|p2b: Basculegion|Aqua Jet|p1a: Drop Dead
|-damage|p1a: Drop Dead|0 fnt
|faint|p1a: Drop Dead
|
|-weather|Snowscape|[upkeep]
|upkeep
|
|t:|1784808614
|switch|p1b: less|Dragonite, L50, M, shiny|87/100
|switch|p1a: my way|Blaziken-Mega, L50, M, shiny|100/100
|turn|7
|
|t:|1784808624
|move|p2a: Mamoswine|Ice Shard|p1b: less
|-supereffective|p1b: less|2
|-damage|p1b: less|0 fnt
|faint|p1b: less
|-damage|p2a: Mamoswine|45/100|[from] item: Life Orb
|move|p2b: Basculegion|Aqua Jet|p1a: my way
|-supereffective|p1a: my way|1
|-damage|p1a: my way|22/100
|move|p1a: my way|Flare Blitz|p2a: Mamoswine
|-supereffective|p2a: Mamoswine|1
|-damage|p2a: Mamoswine|0 fnt
|faint|p2a: Mamoswine
|-damage|p1a: my way|4/100|[from] Recoil
|
|-weather|none
|-ability|p1a: my way|Speed Boost|boost
|-boost|p1a: my way|spe|1
|upkeep
|
|t:|1784808629
|switch|p2a: Raichu|Raichu-Mega-Y, L50, M|24/100
|turn|8
|-message|trevYAH forfeited.
|
|win|testdigi
||trevYAH is ready for game 2.
||testdigi is ready for game 2.
|uhtml|next|Next: Game 2 of 3
|l|☆trevYAH
|player|p1|
