|j|☆Luna_walking
|j|☆RajDesai'sDog
|html|Luna_walkingRajDesai'sDog    
|uhtml|bestof|Game 3 of a best-of-3
|t:|1755903900
|gametype|doubles
|player|p1|Luna_walking|1|1232
|player|p2|RajDesai'sDog|winona|1214
|gen|9
|tier|[Gen 9] VGC 2025 Reg H (Bo3)
|rated|
|rule|Species Clause: Limit one of each Pokémon
|rule|Item Clause: Limit 1 of each item
|clearpoke
|poke|p1|Ursaluna-Bloodmoon, L50, M|
|poke|p1|Dragonite, L50, F|
|poke|p1|Gholdengo, L50|
|poke|p1|Incineroar, L50, M|
|poke|p1|Sneasler, L50, F|
|poke|p1|Amoonguss, L50, F|
|poke|p2|Charizard, L50, M|
|poke|p2|Torkoal, L50, F|
|poke|p2|Porygon2, L50|
|poke|p2|Incineroar, L50, M|
|poke|p2|Jumpluff, L50, M|
|poke|p2|Ursaluna, L50, F|
|teampreview|4
|showteam|p1|Ursaluna-Bloodmoon||LifeOrb|MindsEye|BloodMoon,HyperVoice,EarthPower,Protect|||M|||50|,,,,,Normal]Dragonite||LoadedDice|Multiscale|Tailwind,ScaleShot,Haze,Protect|||F|||50|,,,,,Ghost]Gholdengo||MetalCoat|GoodasGold|MakeItRain,ShadowBall,NastyPlot,Protect||||||50|,,,,,Water]Incineroar||AssaultVest|Intimidate|FlareBlitz,KnockOff,FakeOut,Uturn|||M|||50|,,,,,Grass]Sneasler||FocusSash|Unburden|CloseCombat,DireClaw,FakeOut,Protect|||F|||50|,,,,,Stellar]Amoonguss||SitrusBerry|Regenerator|PollenPuff,Spore,Protect,RagePowder|||F|||50|,,,,,Water
|showteam|p2|Charizard||ChoiceSpecs|SolarPower|HeatWave,Overheat,WeatherBall,AirSlash|||M|||50|,,,,,Ghost]Torkoal||EjectPack|Drought|Eruption,Overheat,HelpingHand,Protect|||F|||50|,,,,,Fire]Porygon2||Eviolite|Download|TeraBlast,IceBeam,Recover,TrickRoom||||||50|,,,,,Fighting]Incineroar||SitrusBerry|Intimidate|FlareBlitz,KnockOff,FakeOut,PartingShot|||M|||50|,,,,,Ghost]Jumpluff||CovertCloak|Chlorophyll|SleepPowder,SunnyDay,RagePowder,Tailwind|||M|||50|,,,,,Water]Ursaluna||FlameOrb|Guts|HeadlongRush,Facade,Earthquake,Protect|||F|||50|,,,,,Ghost
|inactive|Battle timer is ON: inactive players will automatically lose when time's up. (requested by RajDesai'sDog)
|inactive|Luna_walking also wants the timer to be on.
|
|t:|1755903930
|teamsize|p1|4
|teamsize|p2|4
|start
|switch|p1a: Amoonguss|Amoonguss, L50, F|100/100
|switch|p1b: Sneasler|Sneasler, L50, F|100/100
|switch|p2a: Torkoal|Torkoal, L50, F|100/100
|switch|p2b: Jumpluff|Jumpluff, L50, M|100/100
|-weather|SunnyDay|[from] ability: Drought|[of] p2a: Torkoal
|turn|1
|
|t:|1755903951
|-terastallize|p2b: Jumpluff|Water
|-terastallize|p1a: Amoonguss|Water
|move|p2b: Jumpluff|Sleep Powder|p1a: Amoonguss
|-status|p1a: Amoonguss|slp|[from] move: Sleep Powder
|move|p1b: Sneasler|Dire Claw|p2b: Jumpluff
|-damage|p2b: Jumpluff|51/100
|cant|p1a: Amoonguss|slp
|move|p2a: Torkoal|Eruption|p1a: Amoonguss|[spread] p1a,p1b
|-resisted|p1a: Amoonguss
|-damage|p1a: Amoonguss|72/100 slp
|-enditem|p1b: Sneasler|Focus Sash
|-damage|p1b: Sneasler|1/100
|
|-weather|SunnyDay|[upkeep]
|upkeep
|turn|2
|
|t:|1755903972
|switch|p1b: Incineroar|Incineroar, L50, M|100/100
|-ability|p1b: Incineroar|Intimidate|boost
|-unboost|p2a: Torkoal|atk|1
|-unboost|p2b: Jumpluff|atk|1
|-enditem|p2a: Torkoal|Eject Pack
|
|t:|1755903977
|switch|p2a: Ursaluna|Ursaluna, L50, F|100/100
|move|p2b: Jumpluff|Tailwind|p2b: Jumpluff
|-sidestart|p2: RajDesai'sDog|move: Tailwind
|cant|p1a: Amoonguss|slp
|
|-weather|SunnyDay|[upkeep]
|-status|p2a: Ursaluna|brn|[from] item: Flame Orb
|upkeep
|turn|3
|inactive|Luna_walking has 30 seconds left.
|
|t:|1755904013
|move|p1b: Incineroar|Fake Out|p2a: Ursaluna
|-damage|p2a: Ursaluna|92/100 brn
|move|p2b: Jumpluff|Sleep Powder|p1b: Incineroar
|-status|p1b: Incineroar|slp|[from] move: Sleep Powder
|cant|p2a: Ursaluna|flinch
|-curestatus|p1a: Amoonguss|slp|[msg]
|move|p1a: Amoonguss|Spore|p2b: Jumpluff
|-status|p2b: Jumpluff|slp|[from] move: Spore
|
|-weather|SunnyDay|[upkeep]
|-damage|p2a: Ursaluna|86/100 brn|[from] brn
|upkeep
|turn|4
|
|t:|1755904033
|switch|p2b: Charizard|Charizard, L50, M|100/100
|move|p1a: Amoonguss|Protect|p1a: Amoonguss
|-singleturn|p1a: Amoonguss|Protect
|move|p2a: Ursaluna|Earthquake|p1a: Amoonguss|[spread] p1b
|-activate|p1a: Amoonguss|move: Protect
|-immune|p2b: Charizard
|-supereffective|p1b: Incineroar
|-damage|p1b: Incineroar|0 fnt
|faint|p1b: Incineroar
|
|-weather|SunnyDay|[upkeep]
|-damage|p2b: Charizard|88/100|[from] ability: Solar Power|[of] p2b: Charizard
|-damage|p2a: Ursaluna|80/100 brn|[from] brn
|upkeep
|
|t:|1755904050
|switch|p1b: Sneasler|Sneasler, L50, F|1/100
|turn|5
|
|t:|1755904059
|move|p1b: Sneasler|Fake Out|p2a: Ursaluna
|-damage|p2a: Ursaluna|68/100 brn
|move|p2b: Charizard|Heat Wave|p1b: Sneasler|[spread] p1a,p1b
|-resisted|p1a: Amoonguss
|-damage|p1a: Amoonguss|33/100
|-damage|p1b: Sneasler|0 fnt
|-enditem|p1a: Amoonguss|Sitrus Berry|[eat]
|-heal|p1a: Amoonguss|58/100|[from] item: Sitrus Berry
|faint|p1b: Sneasler
|cant|p2a: Ursaluna|flinch
|move|p1a: Amoonguss|Spore|p2b: Charizard
|-status|p2b: Charizard|slp|[from] move: Spore
|
|-weather|none
|-damage|p2a: Ursaluna|62/100 brn|[from] brn
|-sideend|p2: RajDesai'sDog|move: Tailwind
|upkeep
|
|t:|1755904073
|switch|p1b: Ursaluna|Ursaluna-Bloodmoon, L50, M|100/100
|turn|6
|inactive|Luna_walking has 30 seconds left.
|inactive|Luna_walking has 20 seconds left.
|
|t:|1755904112
|move|p1a: Amoonguss|Protect|p1a: Amoonguss
|-singleturn|p1a: Amoonguss|Protect
|cant|p2b: Charizard|slp
|move|p1b: Ursaluna|Hyper Voice|p2b: Charizard|[spread] p2a,p2b
|-damage|p2a: Ursaluna|18/100 brn
|-damage|p2b: Charizard|19/100 slp
|-damage|p1b: Ursaluna|91/100|[from] item: Life Orb
|move|p2a: Ursaluna|Facade|p1b: Ursaluna
|-damage|p1b: Ursaluna|0 fnt
|faint|p1b: Ursaluna
|
|-damage|p2a: Ursaluna|12/100 brn|[from] brn
|upkeep
|turn|7
|-message|Luna_walking forfeited.
|
|win|RajDesai'sDog
|raw|Luna_walking's rating: 1232 → 1206(-26 for losing)
|raw|RajDesai'sDog's rating: 1214 → 1240(+26 for winning)
