|j|☆ghj jr6n
|j|☆joyfulwizard
|html|ghj jr6njoyfulwizard    
|uhtml|bestof|Game 1 of a best-of-3
|t:|1782240336
|gametype|doubles
|player|p1|ghj jr6n|red|1000
|player|p2|joyfulwizard|2|1095
|gen|9
|tier|[Gen 9 Champions] VGC 2026 Reg M-B (Bo3)
|rated|
|rule|Species Clause: Limit one of each Pokémon
|rule|Item Clause: Limit 1 of each item
|clearpoke
|poke|p1|Charizard, L50, M|
|poke|p1|Garchomp, L50, M|
|poke|p1|Incineroar, L50, M|
|poke|p1|Sylveon, L50, M|
|poke|p1|Aerodactyl, L50, M|
|poke|p1|Kingambit, L50, M|
|poke|p2|Politoed, L50, M|
|poke|p2|Gengar, L50, M, shiny|
|poke|p2|Sinistcha, L50|
|poke|p2|Incineroar, L50, F|
|poke|p2|Scrafty, L50, M|
|poke|p2|Floette-Eternal, L50, F|
|teampreview|4
|showteam|p1|Charizard||CharizarditeY|SolarPower|HeatWave,WeatherBall,SolarBeam,Protect|Modest||M|||50|]Garchomp||ChoiceScarf|RoughSkin|Earthquake,DragonClaw,RockSlide,Crunch|Jolly||M|||50|]Incineroar||SitrusBerry|Intimidate|ThroatChop,FlareBlitz,FakeOut,PartingShot|Impish||M|||50|]Sylveon||FairyFeather|Pixilate|HyperVoice,HyperBeam,Protect,QuickAttack|Modest||M|||50|]Aerodactyl||Aerodactylite|RockHead|DualWingbeat,RockSlide,Tailwind,IceFang|Jolly||M|||50|]Kingambit||ChopleBerry|Defiant|LowKick,SuckerPunch,KowtowCleave,Protect|Adamant||M|||50|
|showteam|p2|Politoed||SitrusBerry|Drizzle|Protect,WeatherBall,IcyWind,Encore|Modest||M|||50|]Gengar||Gengarite|CursedBody|PerishSong,ShadowBall,Disable,Protect|Timid||M|||50|]Sinistcha||KasibBerry|Hospitality|MatchaGotcha,TrickRoom,RagePowder,Protect|Modest|||||50|]Incineroar||PasshoBerry|Intimidate|Protect,FakeOut,PartingShot,DarkestLariat|Careful||F|||50|]Scrafty||FocusSash|Intimidate|Protect,FakeOut,KnockOff,CloseCombat|Adamant||M|||50|]Floette-Eternal||Floettite|FlowerVeil|Protect,DrainingKiss,CalmMind,DazzlingGleam|Modest||F|||50|
|inactive|Battle timer is ON: inactive players will automatically lose when time's up. (requested by ghj jr6n)
|inactive|joyfulwizard has 60 seconds left.
|
|t:|1782240396
|teamsize|p1|4
|teamsize|p2|4
|start
|switch|p1a: Kingambit|Kingambit, L50, M|100/100
|switch|p1b: Aerodactyl|Aerodactyl, L50, M|100/100
|switch|p2a: Incineroar|Incineroar, L50, F|100/100
|switch|p2b: Gengar|Gengar, L50, M, shiny|100/100
|-ability|p2a: Incineroar|Intimidate|boost
|-unboost|p1a: Kingambit|atk|1
|-ability|p1a: Kingambit|Defiant|boost
|-boost|p1a: Kingambit|atk|2
|-unboost|p1b: Aerodactyl|atk|1
|turn|1
|
|t:|1782240413
|detailschange|p1b: Aerodactyl|Aerodactyl-Mega, L50, M
|-mega|p1b: Aerodactyl|Aerodactyl|Aerodactylite
|detailschange|p2b: Gengar|Gengar-Mega, L50, M, shiny
|-mega|p2b: Gengar|Gengar|Gengarite
|move|p2a: Incineroar|Fake Out|p1a: Kingambit
|-resisted|p1a: Kingambit|1
|-damage|p1a: Kingambit|96/100
|move|p1b: Aerodactyl|Rock Slide|p2a: Incineroar|[spread] p2a,p2b
|-supereffective|p2a: Incineroar|1
|-crit|p2b: Gengar
|-damage|p2a: Incineroar|61/100
|-damage|p2b: Gengar|38/100
|move|p2b: Gengar|Perish Song|p2b: Gengar
|-start|p1a: Kingambit|perish3|[silent]
|-start|p1b: Aerodactyl|perish3|[silent]
|-start|p2a: Incineroar|perish3|[silent]
|-start|p2b: Gengar|perish3|[silent]
|-fieldactivate|move: Perish Song
|cant|p1a: Kingambit|flinch
|
|-start|p1b: Aerodactyl|perish3
|-start|p2b: Gengar|perish3
|-start|p2a: Incineroar|perish3
|-start|p1a: Kingambit|perish3
|upkeep
|turn|2
|
|t:|1782240437
|move|p2b: Gengar|Protect|p2b: Gengar
|-singleturn|p2b: Gengar|Protect
|move|p2a: Incineroar|Protect|p2a: Incineroar
|-singleturn|p2a: Incineroar|Protect
|move|p1b: Aerodactyl|Dual Wingbeat|p2b: Gengar
|-activate|p2b: Gengar|move: Protect
|move|p1a: Kingambit|Low Kick|p2a: Incineroar
|-activate|p2a: Incineroar|move: Protect
|
|-start|p1b: Aerodactyl|perish2
|-start|p2b: Gengar|perish2
|-start|p2a: Incineroar|perish2
|-start|p1a: Kingambit|perish2
|upkeep
|turn|3
|
|t:|1782240451
|switch|p2b: Politoed|Politoed, L50, M|100/100
|-weather|RainDance|[from] ability: Drizzle|[of] p2b: Politoed
|move|p1b: Aerodactyl|Dual Wingbeat|p2b: Politoed
|-damage|p2b: Politoed|82/100
|-damage|p2b: Politoed|62/100
|-hitcount|p2b: Politoed|2
|move|p2a: Incineroar|Parting Shot|p1b: Aerodactyl
|-unboost|p1b: Aerodactyl|atk|1
|-unboost|p1b: Aerodactyl|spa|1
|
|t:|1782240461
|switch|p2a: Gengar|Gengar-Mega, L50, M, shiny|38/100|[from] Parting Shot
|move|p1a: Kingambit|Low Kick|p2a: Gengar
|-immune|p2a: Gengar
|
|-weather|RainDance|[upkeep]
|-start|p1b: Aerodactyl|perish1
|-start|p1a: Kingambit|perish1
|upkeep
|turn|4
|
|t:|1782240474
|move|p2a: Gengar|Protect|p2a: Gengar
|-singleturn|p2a: Gengar|Protect
|move|p2b: Politoed|Protect|p2b: Politoed
|-singleturn|p2b: Politoed|Protect
|move|p1b: Aerodactyl|Tailwind|p1b: Aerodactyl
|-sidestart|p1: ghj jr6n|move: Tailwind
|move|p1a: Kingambit|Kowtow Cleave|p2b: Politoed
|-activate|p2b: Politoed|move: Protect
|
|-weather|RainDance|[upkeep]
|-start|p1b: Aerodactyl|perish0
|-start|p1a: Kingambit|perish0
|faint|p1b: Aerodactyl
|faint|p1a: Kingambit
|upkeep
|
|t:|1782240487
|switch|p1b: Sylveon|Sylveon, L50, M|100/100
|switch|p1a: Incineroar|Incineroar, L50, M|100/100
|-ability|p1a: Incineroar|Intimidate|boost
|-unboost|p2a: Gengar|atk|1
|-unboost|p2b: Politoed|atk|1
|turn|5
|
|t:|1782240500
|switch|p2a: Incineroar|Incineroar, L50, F|61/100
|-ability|p2a: Incineroar|Intimidate|boost
|-unboost|p1a: Incineroar|atk|1
|-unboost|p1b: Sylveon|atk|1
|move|p1a: Incineroar|Throat Chop|p2a: Incineroar
|-resisted|p2a: Incineroar|1
|-damage|p2a: Incineroar|51/100
|-start|p2a: Incineroar|Throat Chop|[silent]
|move|p1b: Sylveon|Hyper Voice|p2a: Incineroar|[spread] p2a,p2b
|-damage|p2a: Incineroar|23/100
|-damage|p2b: Politoed|25/100
|-enditem|p2b: Politoed|Sitrus Berry|[eat]
|-heal|p2b: Politoed|50/100y|[from] item: Sitrus Berry
|move|p2b: Politoed|Weather Ball|p1a: Incineroar
|-supereffective|p1a: Incineroar|1
|-damage|p1a: Incineroar|12/100
|-enditem|p1a: Incineroar|Sitrus Berry|[eat]
|-heal|p1a: Incineroar|36/100|[from] item: Sitrus Berry
|
|-weather|RainDance|[upkeep]
|upkeep
|turn|6
|
|t:|1782240517
|move|p2a: Incineroar|Fake Out|p1b: Sylveon
|-damage|p1b: Sylveon|89/100
|move|p1a: Incineroar|Throat Chop|p2b: Politoed
|-damage|p2b: Politoed|30/100
|-start|p2b: Politoed|Throat Chop|[silent]
|cant|p1b: Sylveon|flinch
|move|p2b: Politoed|Weather Ball|p1a: Incineroar
|-supereffective|p1a: Incineroar|1
|-damage|p1a: Incineroar|0 fnt
|faint|p1a: Incineroar
|
|-weather|RainDance|[upkeep]
|-end|p2a: Incineroar|Throat Chop|[silent]
|upkeep
|turn|7
|inactive|joyfulwizard has 30 seconds left.
|
|t:|1782240546
|switch|p2b: Scrafty|Scrafty, L50, M|100/100
|-ability|p2b: Scrafty|Intimidate|boost
|-unboost|p1b: Sylveon|atk|1
|move|p2a: Incineroar|Protect|p2a: Incineroar
|-singleturn|p2a: Incineroar|Protect
|move|p1b: Sylveon|Hyper Voice|p2a: Incineroar|[spread] p2b
|-activate|p2a: Incineroar|move: Protect
|-supereffective|p2b: Scrafty|2
|-enditem|p2b: Scrafty|Focus Sash
|-damage|p2b: Scrafty|1/100
|
|-weather|none
|-sideend|p1: ghj jr6n|move: Tailwind
|upkeep
|turn|8
|
|t:|1782240561
|switch|p2a: Gengar|Gengar-Mega, L50, M, shiny|38/100
|move|p1b: Sylveon|Protect|p1b: Sylveon
|-singleturn|p1b: Sylveon|Protect
|move|p2b: Scrafty|Fake Out|p1b: Sylveon
|-activate|p1b: Sylveon|move: Protect
|
|upkeep
|turn|9
|
|t:|1782240567
|move|p2a: Gengar|Protect|p2a: Gengar
|-singleturn|p2a: Gengar|Protect
|move|p2b: Scrafty|Protect|p2b: Scrafty
|-singleturn|p2b: Scrafty|Protect
|move|p1b: Sylveon|Hyper Voice|p2b: Scrafty|[spread] 
|-activate|p2a: Gengar|move: Protect
|-activate|p2b: Scrafty|move: Protect
|
|upkeep
|turn|10
|
|t:|1782240576
|move|p2a: Gengar|Disable|p1b: Sylveon
|-start|p1b: Sylveon|Disable|Hyper Voice
|move|p2b: Scrafty|Knock Off|p1b: Sylveon
|-resisted|p1b: Sylveon|1
|-damage|p1b: Sylveon|64/100
|-enditem|p1b: Sylveon|Fairy Feather|[from] move: Knock Off|[of] p2b: Scrafty
|cant|p1b: Sylveon|Disable|Hyper Voice
|
|upkeep
|turn|11
|
|t:|1782240588
|move|p1b: Sylveon|Quick Attack|p2b: Scrafty
|-supereffective|p2b: Scrafty|2
|-damage|p2b: Scrafty|0 fnt
|faint|p2b: Scrafty
|move|p2a: Gengar|Shadow Ball|p1b: Sylveon
|-damage|p1b: Sylveon|30/100
|-unboost|p1b: Sylveon|spd|1
|
|upkeep
|
|t:|1782240594
|switch|p2b: Incineroar|Incineroar, L50, F|23/100
|-ability|p2b: Incineroar|Intimidate|boost
|-unboost|p1b: Sylveon|atk|1
|turn|12
|
|t:|1782240601
|switch|p2b: Politoed|Politoed, L50, M|30/100
|-weather|RainDance|[from] ability: Drizzle|[of] p2b: Politoed
|move|p1b: Sylveon|Protect|p1b: Sylveon
|-singleturn|p1b: Sylveon|Protect
|move|p2a: Gengar|Shadow Ball|p1b: Sylveon
|-activate|p1b: Sylveon|move: Protect
|
|-weather|RainDance|[upkeep]
|upkeep
|turn|13
|
|t:|1782240611
|move|p2a: Gengar|Shadow Ball|p1b: Sylveon
|-damage|p1b: Sylveon|0 fnt
|faint|p1b: Sylveon
|
|win|joyfulwizard
||joyfulwizard is ready for game 2.
||ghj jr6n is ready for game 2.
|uhtml|next|Next: Game 2 of 3
|l|☆ghj jr6n
|player|p1|
