|j|☆p1ch1pichi
|j|☆Irnfkgngng
|html|p1ch1pichiIrnfkgngng    
|uhtml|bestof|Game 1 of a best-of-3
|t:|1784190317
|gametype|doubles
|player|p1|p1ch1pichi|n|1117
|player|p2|Irnfkgngng|101|1000
|gen|9
|tier|[Gen 9 Champions] VGC 2026 Reg M-B (Bo3)
|rated|
|rule|Species Clause: Limit one of each Pokémon
|rule|Item Clause: Limit 1 of each item
|clearpoke
|poke|p1|Ampharos, L50, M, shiny|
|poke|p1|Farigiraf, L50, M, shiny|
|poke|p1|Incineroar, L50, M|
|poke|p1|Vivillon, L50, F|
|poke|p1|Vanilluxe, L50, F|
|poke|p1|Aggron, L50, F, shiny|
|poke|p2|Rotom-Heat, L50|
|poke|p2|Ninetales-Alola, L50, F|
|poke|p2|Politoed, L50, F|
|poke|p2|Annihilape, L50, M|
|poke|p2|Scovillain, L50, F|
|poke|p2|Sableye, L50, M|
|teampreview|4
|showteam|p1|Ampharos||Ampharosite|Static|DragonPulse,Thunderbolt,PowerGem,Protect|Quiet||M|||50|]Farigiraf||ColburBerry|ArmorTail|Psychic,TrickRoom,HelpingHand,Protect|Relaxed||M|||50|]Incineroar||SitrusBerry|Intimidate|FlareBlitz,FakeOut,PartingShot,ThroatChop|Careful||M|||50|]Vivillon||FocusSash|CompoundEyes|Protect,SleepPowder,Tailwind,Hurricane|Timid||F|||50|]Vanilluxe||NeverMeltIce|SnowWarning|Protect,Blizzard,FreezeDry,AuroraVeil|Quiet||F|||50|]Aggron||Aggronite|HeavyMetal|BodyPress,HeavySlam,Protect,IronDefense|Sassy||F|||50|
|showteam|p2|Rotom-Heat||FocusSash|Levitate|NastyPlot,Thunder,Overheat,VoltSwitch|Timid|||||50|]Ninetales-Alola||LightClay|SnowWarning|Blizzard,FreezeDry,AuroraVeil,DazzlingGleam|Modest||F|||50|]Politoed||MysticWater|Drizzle|Protect,Haze,WeatherBall,MuddyWater|Bold||F|||50|]Annihilape||ChoiceScarf|Defiant|NightSlash,PoisonJab,CloseCombat,BrickBreak|Adamant||M|||50|]Scovillain||Scovillainite|Moody|GigaDrain,RagePowder,Protect,BurningJealousy|Bold||F|||50|]Sableye||Leftovers|Prankster|Encore,LightScreen,Reflect,Snarl|Calm||M|||50|
|inactive|Battle timer is ON: inactive players will automatically lose when time's up. (requested by p1ch1pichi)
|inactive|p1ch1pichi has 60 seconds left.
|inactive|Irnfkgngng has 60 seconds left.
|
|t:|1784190359
|teamsize|p1|4
|teamsize|p2|4
|start
|switch|p1a: Vivillon|Vivillon, L50, F|100/100
|switch|p1b: Farigiraf|Farigiraf, L50, M, shiny|100/100
|switch|p2a: Annihilape|Annihilape, L50, M|100/100
|switch|p2b: Sableye|Sableye, L50, M|100/100
|turn|1
|inactive|p1ch1pichi has 30 seconds left.
|
|t:|1784190386
|move|p2a: Annihilape|Close Combat|p1b: Farigiraf
|-damage|p1b: Farigiraf|49/100
|-unboost|p2a: Annihilape|def|1
|-unboost|p2a: Annihilape|spd|1
|move|p1a: Vivillon|Hurricane|p2a: Annihilape
|-supereffective|p2a: Annihilape|1
|-damage|p2a: Annihilape|0 fnt
|faint|p2a: Annihilape
|move|p1b: Farigiraf|Psychic|p2b: Sableye
|-immune|p2b: Sableye
|move|p2b: Sableye|Snarl|p1b: Farigiraf|[spread] p1a
|-miss|p2b: Sableye|p1b: Farigiraf
|-damage|p1a: Vivillon|80/100
|-unboost|p1a: Vivillon|spa|1
|
|upkeep
|
|t:|1784190410
|switch|p2a: Rotom|Rotom-Heat, L50|100/100
|turn|2
|inactive|p1ch1pichi has 30 seconds left.
|
|t:|1784190438
|move|p2b: Sableye|Encore||[still]
|cant|p1b: Farigiraf|ability: Armor Tail|Encore|[of] p2b: Sableye
|move|p1a: Vivillon|Sleep Powder|p2a: Rotom
|-status|p2a: Rotom|slp|[from] move: Sleep Powder
|cant|p2a: Rotom|slp
|move|p1b: Farigiraf|Trick Room|p1b: Farigiraf
|-fieldstart|move: Trick Room|[of] p1b: Farigiraf
|
|upkeep
|turn|3
|
|t:|1784190459
|switch|p1a: Aggron|Aggron, L50, F, shiny|100/100
|move|p1b: Farigiraf|Protect|p1b: Farigiraf
|-singleturn|p1b: Farigiraf|Protect
|move|p2b: Sableye|Snarl|p1b: Farigiraf|[spread] p1a
|-activate|p1b: Farigiraf|move: Protect
|-damage|p1a: Aggron|90/100
|-unboost|p1a: Aggron|spa|1
|cant|p2a: Rotom|slp
|
|upkeep
|turn|4
|
|t:|1784190477
|detailschange|p1a: Aggron|Aggron-Mega, L50, F, shiny
|-mega|p1a: Aggron|Aggron|Aggronite
|move|p2b: Sableye|Reflect|p2b: Sableye
|-sidestart|p2: Irnfkgngng|Reflect
|move|p1a: Aggron|Iron Defense|p1a: Aggron
|-boost|p1a: Aggron|def|2
|move|p1b: Farigiraf|Psychic|p2a: Rotom
|-damage|p2a: Rotom|52/100 slp
|-curestatus|p2a: Rotom|slp|[msg]
|move|p2a: Rotom|Nasty Plot|p2a: Rotom
|-boost|p2a: Rotom|spa|2
|
|upkeep
|turn|5
|
|t:|1784190493
|move|p1a: Aggron|Protect|p1a: Aggron
|-singleturn|p1a: Aggron|Protect
|move|p2b: Sableye|Snarl|p1b: Farigiraf|[spread] p1b
|-activate|p1a: Aggron|move: Protect
|-supereffective|p1b: Farigiraf|1
|-enditem|p1b: Farigiraf|Colbur Berry|[eat]
|-enditem|p1b: Farigiraf|Colbur Berry|[weaken]
|-damage|p1b: Farigiraf|40/100
|-unboost|p1b: Farigiraf|spa|1
|move|p1b: Farigiraf|Psychic|p2a: Rotom
|-damage|p2a: Rotom|18/100
|move|p2a: Rotom|Overheat|p1a: Aggron
|-activate|p1a: Aggron|move: Protect
|
|upkeep
|turn|6
|inactive|p1ch1pichi has 30 seconds left.
|inactive|Irnfkgngng has 30 seconds left.
|
|t:|1784190527
|switch|p2a: Politoed|Politoed, L50, F|100/100
|-weather|RainDance|[from] ability: Drizzle|[of] p2a: Politoed
|move|p1a: Aggron|Heavy Slam|p2b: Sableye
|-damage|p2b: Sableye|54/100
|move|p2b: Sableye|Snarl|p1b: Farigiraf|[spread] p1a,p1b
|-supereffective|p1b: Farigiraf|1
|-damage|p1a: Aggron|80/100
|-damage|p1b: Farigiraf|22/100
|-unboost|p1a: Aggron|spa|1
|-unboost|p1b: Farigiraf|spa|1
|move|p1b: Farigiraf|Psychic|p2a: Politoed
|-damage|p2a: Politoed|82/100
|-unboost|p2a: Politoed|spd|1
|
|-weather|RainDance|[upkeep]
|-heal|p2b: Sableye|60/100|[from] item: Leftovers
|-fieldend|move: Trick Room
|upkeep
|turn|7
|inactive|p1ch1pichi has 30 seconds left.
|inactive|Irnfkgngng has 30 seconds left.
|
|t:|1784190562
|switch|p1b: Vanilluxe|Vanilluxe, L50, F|100/100
|-weather|Snowscape|[from] ability: Snow Warning|[of] p1b: Vanilluxe
|move|p2a: Politoed|Muddy Water|p1b: Vanilluxe|[spread] p1a
|-miss|p2a: Politoed|p1b: Vanilluxe
|-damage|p1a: Aggron|51/100
|move|p2b: Sableye|Snarl|p1a: Aggron|[spread] p1a,p1b
|-damage|p1a: Aggron|42/100
|-damage|p1b: Vanilluxe|89/100
|-unboost|p1a: Aggron|spa|1
|-unboost|p1b: Vanilluxe|spa|1
|move|p1a: Aggron|Body Press|p2a: Politoed
|-damage|p2a: Politoed|32/100
|
|-weather|Snowscape|[upkeep]
|-heal|p2b: Sableye|66/100|[from] item: Leftovers
|upkeep
|turn|8
|inactive|Irnfkgngng has 30 seconds left.
|
|t:|1784190589
|move|p2a: Politoed|Protect|p2a: Politoed
|-singleturn|p2a: Politoed|Protect
|move|p1a: Aggron|Protect|p1a: Aggron
|-singleturn|p1a: Aggron|Protect
|move|p1b: Vanilluxe|Aurora Veil|p1b: Vanilluxe
|-sidestart|p1: p1ch1pichi|move: Aurora Veil
|move|p2b: Sableye|Snarl|p1b: Vanilluxe|[spread] p1b
|-activate|p1a: Aggron|move: Protect
|-damage|p1b: Vanilluxe|81/100
|-unboost|p1b: Vanilluxe|spa|1
|
|-weather|Snowscape|[upkeep]
|-heal|p2b: Sableye|71/100|[from] item: Leftovers
|-sideend|p2: Irnfkgngng|Reflect
|upkeep
|turn|9
|inactive|Irnfkgngng has 30 seconds left.
|
|t:|1784190614
|switch|p2a: Rotom|Rotom-Heat, L50|18/100
|switch|p1b: Farigiraf|Farigiraf, L50, M, shiny|22/100
|move|p2b: Sableye|Encore||[still]
|cant|p1b: Farigiraf|ability: Armor Tail|Encore|[of] p2b: Sableye
|move|p1a: Aggron|Body Press|p2a: Rotom
|-damage|p2a: Rotom|0 fnt
|faint|p2a: Rotom
|
|-weather|Snowscape|[upkeep]
|-heal|p2b: Sableye|77/100|[from] item: Leftovers
|upkeep
|
|t:|1784190628
|switch|p2a: Politoed|Politoed, L50, F|32/100
|-weather|RainDance|[from] ability: Drizzle|[of] p2a: Politoed
|turn|10
|
|t:|1784190644
|move|p1b: Farigiraf|Helping Hand|p1a: Aggron
|-singleturn|p1a: Aggron|Helping Hand|[of] p1b: Farigiraf
|move|p2a: Politoed|Muddy Water|p1a: Aggron|[spread] p1a,p1b
|-damage|p1a: Aggron|15/100
|-damage|p1b: Farigiraf|0 fnt
|faint|p1b: Farigiraf
|move|p2b: Sableye|Snarl|p1a: Aggron
|-damage|p1a: Aggron|6/100
|-unboost|p1a: Aggron|spa|1
|move|p1a: Aggron|Heavy Slam|p2b: Sableye
|-damage|p2b: Sableye|0 fnt
|faint|p2b: Sableye
|
|-weather|RainDance|[upkeep]
|upkeep
|
|t:|1784190657
|switch|p1b: Vanilluxe|Vanilluxe, L50, F|81/100
|-weather|Snowscape|[from] ability: Snow Warning|[of] p1b: Vanilluxe
|turn|11
|
|t:|1784190666
|move|p1a: Aggron|Protect|p1a: Aggron
|-singleturn|p1a: Aggron|Protect
|move|p2a: Politoed|Muddy Water|p1a: Aggron|[spread] p1b
|-activate|p1a: Aggron|move: Protect
|-damage|p1b: Vanilluxe|58/100
|-unboost|p1b: Vanilluxe|accuracy|1
|move|p1b: Vanilluxe|Freeze-Dry|p2a: Politoed|[miss]
|-miss|p1b: Vanilluxe|p2a: Politoed
|
|-weather|Snowscape|[upkeep]
|upkeep
|turn|12
|
|t:|1784190683
|switch|p1a: Vivillon|Vivillon, L50, F|80/100
|move|p2a: Politoed|Muddy Water|p1b: Vanilluxe|[spread] p1b
|-miss|p2a: Politoed|p1a: Vivillon
|-damage|p1b: Vanilluxe|34/100
|-unboost|p1b: Vanilluxe|accuracy|1
|move|p1b: Vanilluxe|Freeze-Dry|p2a: Politoed|[miss]
|-miss|p1b: Vanilluxe|p2a: Politoed
|
|-weather|Snowscape|[upkeep]
|-sideend|p1: p1ch1pichi|move: Aurora Veil
|upkeep
|turn|13
|
|t:|1784190697
|move|p1a: Vivillon|Hurricane|p2a: Politoed|[miss]
|-miss|p1a: Vivillon|p2a: Politoed
|move|p2a: Politoed|Weather Ball|p1a: Vivillon
|-supereffective|p1a: Vivillon|1
|-damage|p1a: Vivillon|0 fnt
|faint|p1a: Vivillon
|move|p1b: Vanilluxe|Freeze-Dry|p2a: Politoed
|-supereffective|p2a: Politoed|1
|-damage|p2a: Politoed|0 fnt
|faint|p2a: Politoed
|
|win|p1ch1pichi
||p1ch1pichi is ready for game 2.
|inactive|Irnfkgngng has 30 seconds to confirm battle start!
|l|☆Irnfkgngng
|player|p2|
|inactive|Irnfkgngng has 20 seconds to confirm battle start!
|inactive|Irnfkgngng has 10 seconds to confirm battle start!
|uhtml|next|Next: Game 2 of 3
