|j|☆afkahaoai
|j|☆sorecruiser
|html|afkahaoaisorecruiser    
|uhtml|bestof|Game 2 of a best-of-3
|t:|1756923981
|gametype|doubles
|player|p1|afkahaoai|rosa|1090
|player|p2|sorecruiser|furisodegirl-black|1161
|gen|9
|tier|[Gen 9] VGC 2025 Reg H (Bo3)
|rated|
|rule|Species Clause: Limit one of each Pokémon
|rule|Item Clause: Limit 1 of each item
|clearpoke
|poke|p1|Serperior, L50, F|
|poke|p1|Typhlosion-Hisui, L50, F|
|poke|p1|Empoleon, L50, M|
|poke|p1|Dragonite, L50, F|
|poke|p1|Ninetales-Alola, L50, F|
|poke|p1|Gholdengo, L50|
|poke|p2|Gholdengo, L50|
|poke|p2|Whimsicott, L50, F|
|poke|p2|Sneasler, L50, M|
|poke|p2|Basculegion, L50, M|
|poke|p2|Hydreigon, L50, F|
|poke|p2|Magmar, L50, F|
|teampreview|4
|showteam|p1|Serperior||LifeOrb|Contrary|LeafStorm,TeraBlast,GrassPledge,Protect|||F|||50|,,,,,Stellar]Typhlosion-Hisui||Charcoal|Frisk|Eruption,InfernalParade,FirePledge,Protect|||F|||50|,,,,,Fire]Empoleon||WeaknessPolicy|Competitive|WaterPledge,FlashCannon,VacuumWave,Protect|||M|||50|,,,,,Ground]Dragonite||LoadedDice|Multiscale|Tailwind,Haze,ScaleShot,ExtremeSpeed|||F|||50|,,,,,Fairy]Ninetales-Alola||CovertCloak|SnowWarning|Blizzard,IcyWind,AuroraVeil,Protect|||F|||50|,,,,,Ice]Gholdengo||ChoiceSpecs|GoodasGold|MakeItRain,ShadowBall,Thunderbolt,Trick||||||50|,,,,,Steel
|showteam|p2|Gholdengo||MetalCoat|GoodasGold|MakeItRain,ShadowBall,NastyPlot,Protect||||||50|,,,,,Steel]Whimsicott||CovertCloak|Prankster|Tailwind,Encore,FakeTears,Moonblast|||F|||50|,,,,,Dark]Sneasler||FocusSash|PoisonTouch|Protect,CloseCombat,DireClaw,ThroatChop|||M|||50|,,,,,Dark]Basculegion||ChoiceScarf|Adaptability|LastRespects,WaveCrash,AquaJet,FlipTurn|||M|||50|,,,,,Ghost]Hydreigon||ChoiceSpecs|Levitate|DarkPulse,DracoMeteor,Snarl,HeatWave|||F|||50|,,,,,Fire]Magmar||Eviolite|VitalSpirit|Protect,FollowMe,HeatWave,Taunt|||F|||50|,,,,,Water
|inactive|Battle timer is ON: inactive players will automatically lose when time's up. (requested by afkahaoai)
|inactive|afkahaoai has 60 seconds left.
|inactive|sorecruiser has 60 seconds left.
|
|t:|1756924033
|teamsize|p1|4
|teamsize|p2|4
|start
|switch|p1a: Dragonite|Dragonite, L50, F|100/100
|switch|p1b: Ninetales|Ninetales-Alola, L50, F|100/100
|switch|p2a: Gholdengo|Gholdengo, L50|100/100
|switch|p2b: Whimsicott|Whimsicott, L50, F|100/100
|-weather|Snowscape|[from] ability: Snow Warning|[of] p1b: Ninetales
|turn|1
|inactive|afkahaoai has 30 seconds left.
|
|t:|1756924059
|-terastallize|p2a: Gholdengo|Steel
|move|p1b: Ninetales|Protect|p1b: Ninetales
|-singleturn|p1b: Ninetales|Protect
|move|p2b: Whimsicott|Tailwind|p2b: Whimsicott
|-sidestart|p2: sorecruiser|move: Tailwind
|move|p2a: Gholdengo|Make It Rain|p1a: Dragonite|[spread] p1a
|-activate|p1b: Ninetales|move: Protect
|-damage|p1a: Dragonite|70/100
|-unboost|p2a: Gholdengo|spa|1
|move|p1a: Dragonite|Tailwind|p1a: Dragonite
|-sidestart|p1: afkahaoai|move: Tailwind
|
|-weather|Snowscape|[upkeep]
|upkeep
|turn|2
|
|t:|1756924080
|switch|p1b: Typhlosion|Typhlosion-Hisui, L50, F|100/100
|-item|p2a: Gholdengo|Metal Coat|[from] ability: Frisk|[of] p1b: Typhlosion
|-item|p2b: Whimsicott|Covert Cloak|[from] ability: Frisk|[of] p1b: Typhlosion
|move|p1a: Dragonite|Extreme Speed|p2b: Whimsicott
|-damage|p2b: Whimsicott|68/100
|move|p2b: Whimsicott|Encore||[still]
|-fail|p2b: Whimsicott
|move|p2a: Gholdengo|Nasty Plot|p2a: Gholdengo
|-boost|p2a: Gholdengo|spa|2
|
|-weather|Snowscape|[upkeep]
|upkeep
|turn|3
|inactive|afkahaoai has 30 seconds left.
|inactive|sorecruiser has 30 seconds left.
|inactive|afkahaoai has 20 seconds left.
|inactive|afkahaoai has 15 seconds left.
|
|t:|1756924121
|-terastallize|p1b: Typhlosion|Fire
|move|p2a: Gholdengo|Protect|p2a: Gholdengo
|-singleturn|p2a: Gholdengo|Protect
|move|p1a: Dragonite|Extreme Speed|p2b: Whimsicott
|-damage|p2b: Whimsicott|32/100
|move|p2b: Whimsicott|Fake Tears|p1a: Dragonite
|-unboost|p1a: Dragonite|spd|2
|move|p1b: Typhlosion|Eruption|p2b: Whimsicott|[spread] p2b
|-activate|p2a: Gholdengo|move: Protect
|-supereffective|p2b: Whimsicott
|-damage|p2b: Whimsicott|0 fnt
|faint|p2b: Whimsicott
|
|-weather|Snowscape|[upkeep]
|upkeep
|
|t:|1756924131
|switch|p2b: Basculegion|Basculegion, L50, M|100/100
|turn|4
|inactive|afkahaoai has 30 seconds left.
|
|t:|1756924159
|switch|p1a: Gholdengo|Gholdengo, L50|100/100
|move|p1b: Typhlosion|Protect|p1b: Typhlosion
|-singleturn|p1b: Typhlosion|Protect
|move|p2b: Basculegion|Wave Crash|p1b: Typhlosion
|-activate|p1b: Typhlosion|move: Protect
|move|p2a: Gholdengo|Make It Rain|p1b: Typhlosion|[spread] p1a
|-activate|p1b: Typhlosion|move: Protect
|-resisted|p1a: Gholdengo
|-damage|p1a: Gholdengo|40/100
|-unboost|p2a: Gholdengo|spa|1
|
|-weather|Snowscape|[upkeep]
|-sideend|p2: sorecruiser|move: Tailwind
|-sideend|p1: afkahaoai|move: Tailwind
|upkeep
|turn|5
|
|t:|1756924183
|switch|p1b: Dragonite|Dragonite, L50, F|70/100
|move|p2b: Basculegion|Wave Crash|p1b: Dragonite
|-resisted|p1b: Dragonite
|-damage|p1b: Dragonite|29/100
|-damage|p2b: Basculegion|87/100|[from] Recoil
|move|p2a: Gholdengo|Shadow Ball|p1a: Gholdengo
|-supereffective|p1a: Gholdengo
|-damage|p1a: Gholdengo|0 fnt
|faint|p1a: Gholdengo
|
|-weather|none
|upkeep
|
|t:|1756924192
|switch|p1a: Ninetales|Ninetales-Alola, L50, F|100/100
|-weather|Snowscape|[from] ability: Snow Warning|[of] p1a: Ninetales
|turn|6
|
|t:|1756924211
|move|p2b: Basculegion|Wave Crash|p1a: Ninetales
|-damage|p1a: Ninetales|20/100
|-damage|p2b: Basculegion|66/100|[from] Recoil
|move|p1a: Ninetales|Aurora Veil|p1a: Ninetales
|-sidestart|p1: afkahaoai|move: Aurora Veil
|move|p2a: Gholdengo|Make It Rain|p1b: Dragonite|[spread] p1a,p1b
|-supereffective|p1a: Ninetales
|-damage|p1a: Ninetales|0 fnt
|-damage|p1b: Dragonite|0 fnt
|-unboost|p2a: Gholdengo|spa|1
|faint|p1a: Ninetales
|faint|p1b: Dragonite
|
|-weather|Snowscape|[upkeep]
|upkeep
|
|t:|1756924218
|switch|p1b: Typhlosion|Typhlosion-Hisui, L50, F, tera:Fire|100/100
|-item|p2a: Gholdengo|Metal Coat|[from] ability: Frisk|[of] p1b: Typhlosion
|-item|p2b: Basculegion|Choice Scarf|[from] ability: Frisk|[of] p1b: Typhlosion
|turn|7
|
|t:|1756924229
|switch|p2a: Sneasler|Sneasler, L50, M|100/100
|move|p2b: Basculegion|Wave Crash|p1b: Typhlosion
|-supereffective|p1b: Typhlosion
|-damage|p1b: Typhlosion|0 fnt
|faint|p1b: Typhlosion
|-damage|p2b: Basculegion|41/100|[from] Recoil
|
|win|sorecruiser
