|j|☆strifesada
|j|☆Miss buss buss
|html|strifesadaMiss buss buss    
|uhtml|bestof|Game 2 of a best-of-3
|t:|1782350217
|gametype|doubles
|player|p1|strifesada|piers|1143
|player|p2|Miss buss buss|169|1004
|gen|9
|tier|[Gen 9 Champions] VGC 2026 Reg M-B (Bo3)
|rated|
|rule|Species Clause: Limit one of each Pokémon
|rule|Item Clause: Limit 1 of each item
|clearpoke
|poke|p1|Ninetales-Alola, L50, M|
|poke|p1|Metagross, L50|
|poke|p1|Raichu, L50, M|
|poke|p1|Sneasler, L50, M|
|poke|p1|Basculegion, L50, M|
|poke|p1|Kingambit, L50, F|
|poke|p2|Meowstic, L50, M|
|poke|p2|Overqwil, L50, M|
|poke|p2|Hatterene, L50, F|
|poke|p2|Alcremie, L50, F|
|poke|p2|Garchomp, L50, F|
|poke|p2|Delphox, L50, F|
|teampreview|4
|showteam|p1|Ninetales-Alola||LifeOrb|SnowWarning|Blizzard,Protect,FreezeDry,Moonblast|Timid||M|||50|]Metagross||Metagrossite|ClearBody|MeteorMash,BodyPress,Protect,PsychicFangs|Jolly|||||50|]Raichu||RaichuniteY|LightningRod|ZapCannon,FocusBlast,FakeOut,Protect|Timid||M|||50|]Sneasler||FocusSash|Unburden|Coaching,FakeOut,CloseCombat,DireClaw|Adamant||M|||50|]Basculegion||MysticWater|SwiftSwim|Liquidation,LastRespects,AquaJet,Protect|Adamant||M|||50|]Kingambit||ChopleBerry|Defiant|SuckerPunch,SwordsDance,KowtowCleave,Protect|Adamant||F|||50|
|showteam|p2|Meowstic||Meowsticite|Prankster|CalmMind,Protect,StoredPower,ThunderWave|Timid||M|||50|]Overqwil||Leftovers|Intimidate|Spikes,Taunt,ChillingWater,BarbBarrage|Gentle||M|||50|]Hatterene||SitrusBerry|MagicBounce|PsychicNoise,MysticalFire,Nuzzle,TrickRoom|Quiet||F|||50|]Alcremie||BabiriBerry|SweetVeil|Decorate,LightScreen,Endeavor,DrainingKiss|Calm||F|||50|]Garchomp||ExpertBelt|SandVeil|Earthquake,DracoMeteor,IronHead,StealthRock|Naive||F|||50|]Delphox||Delphoxite|Blaze|ExpandingForce,HeatWave,HyperVoice,Encore|Timid||F|||50|
|inactive|Battle timer is ON: inactive players will automatically lose when time's up. (requested by Miss buss buss)
|inactive|strifesada has 60 seconds left.
|
|t:|1782350264
|teamsize|p1|4
|teamsize|p2|4
|start
|switch|p1a: Metagross|Metagross, L50|100/100
|switch|p1b: Ninetales|Ninetales-Alola, L50, M|100/100
|switch|p2a: Delphox|Delphox, L50, F|100/100
|switch|p2b: Garchomp|Garchomp, L50, F|100/100
|-weather|Snowscape|[from] ability: Snow Warning|[of] p1b: Ninetales
|turn|1
|inactive|strifesada has 30 seconds left.
|inactive|Miss buss buss has 30 seconds left.
|
|t:|1782350293
|switch|p1a: Sneasler|Sneasler, L50, M|100/100
|detailschange|p2a: Delphox|Delphox-Mega, L50, F
|-mega|p2a: Delphox|Delphox|Delphoxite
|move|p1b: Ninetales|Protect|p1b: Ninetales
|-singleturn|p1b: Ninetales|Protect
|move|p2a: Delphox|Heat Wave|p1b: Ninetales|[spread] p1a
|-activate|p1b: Ninetales|move: Protect
|-damage|p1a: Sneasler|38/100
|move|p2b: Garchomp|Earthquake|p1a: Sneasler|[spread] p1a
|-activate|p1b: Ninetales|move: Protect
|-immune|p2a: Delphox|[from] ability: Levitate
|-supereffective|p1a: Sneasler|1
|-damage|p1a: Sneasler|0 fnt
|faint|p1a: Sneasler
|
|-weather|Snowscape|[upkeep]
|upkeep
|
|t:|1782350307
|switch|p1a: Basculegion|Basculegion, L50, M|100/100
|turn|2
|inactive|Miss buss buss has 30 seconds left.
|
|t:|1782350339
|move|p2a: Delphox|Expanding Force|p1a: Basculegion
|-damage|p1a: Basculegion|46/100
|move|p1b: Ninetales|Blizzard|p2b: Garchomp|[spread] p2a,p2b
|-resisted|p2a: Delphox|1
|-supereffective|p2b: Garchomp|2
|-damage|p2a: Delphox|78/100
|-damage|p2b: Garchomp|0 fnt
|faint|p2b: Garchomp
|-damage|p1b: Ninetales|90/100|[from] item: Life Orb
|move|p1a: Basculegion|Liquidation|p2a: Delphox
|-supereffective|p2a: Delphox|1
|-damage|p2a: Delphox|0 fnt
|faint|p2a: Delphox
|
|-weather|Snowscape|[upkeep]
|upkeep
|
|t:|1782350356
|switch|p2a: Overqwil|Overqwil, L50, M|100/100
|switch|p2b: Alcremie|Alcremie, L50, F|100/100
|-ability|p2a: Overqwil|Intimidate|boost
|-unboost|p1a: Basculegion|atk|1
|-unboost|p1b: Ninetales|atk|1
|turn|3
|
|t:|1782350373
|move|p1b: Ninetales|Blizzard|p2a: Overqwil|[spread] p2a,p2b
|-damage|p2a: Overqwil|65/100
|-damage|p2b: Alcremie|75/100
|-damage|p1b: Ninetales|80/100|[from] item: Life Orb
|move|p1a: Basculegion|Liquidation|p2a: Overqwil
|-damage|p2a: Overqwil|26/100
|move|p2a: Overqwil|Barb Barrage|p1b: Ninetales
|-supereffective|p1b: Ninetales|1
|-damage|p1b: Ninetales|37/100
|move|p2b: Alcremie|Decorate|p2a: Overqwil
|-boost|p2a: Overqwil|atk|2
|-boost|p2a: Overqwil|spa|2
|
|-weather|Snowscape|[upkeep]
|-heal|p2a: Overqwil|32/100|[from] item: Leftovers
|upkeep
|turn|4
|
|t:|1782350395
|move|p1b: Ninetales|Blizzard|p2a: Overqwil|[spread] p2a,p2b
|-damage|p2a: Overqwil|0 fnt
|-damage|p2b: Alcremie|50/100y
|faint|p2a: Overqwil
|-damage|p1b: Ninetales|27/100|[from] item: Life Orb
|move|p1a: Basculegion|Liquidation|p2b: Alcremie
|-damage|p2b: Alcremie|1/100
|move|p2b: Alcremie|Light Screen|p2b: Alcremie
|-sidestart|p2: Miss buss buss|move: Light Screen
|
|-weather|Snowscape|[upkeep]
|upkeep
|turn|5
|
|t:|1782350407
|move|p1a: Basculegion|Aqua Jet|p2b: Alcremie
|-damage|p2b: Alcremie|0 fnt
|faint|p2b: Alcremie
|
|win|strifesada
|raw|strifesada's rating: 1143 → 1158(+15 for winning)
|raw|Miss buss buss's rating: 1004 → 1000(-4 for losing)
