|j|☆lettitride
|j|☆Northgdh
|html|lettitrideNorthgdh    
|uhtml|bestof|Game 1 of a best-of-3
|t:|1783732888
|gametype|doubles
|player|p1|lettitride|winona|1108
|player|p2|Northgdh|265|1015
|gen|9
|tier|[Gen 9 Champions] VGC 2026 Reg M-B (Bo3)
|rated|
|rule|Species Clause: Limit one of each Pokémon
|rule|Item Clause: Limit 1 of each item
|clearpoke
|poke|p1|Charizard, L50, M, shiny|
|poke|p1|Garchomp, L50, F, shiny|
|poke|p1|Kingambit, L50, F|
|poke|p1|Whimsicott, L50, F, shiny|
|poke|p1|Floette-Eternal, L50, F|
|poke|p1|Ceruledge, L50, F, shiny|
|poke|p2|Floette-Eternal, L50, F|
|poke|p2|Sinistcha, L50|
|poke|p2|Sneasler, L50, M|
|poke|p2|Incineroar, L50, F, shiny|
|poke|p2|Kingambit, L50, M, shiny|
|poke|p2|Blastoise, L50, M, shiny|
|teampreview|4
|showteam|p1|Charizard||CharizarditeY|Blaze|HeatWave,WeatherBall,SolarBeam,Protect|Modest||M|||50|]Garchomp||LifeOrb|RoughSkin|Earthquake,RockSlide,DragonClaw,Protect|Jolly||F|||50|]Kingambit||BlackGlasses|Defiant|KowtowCleave,SuckerPunch,IronHead,Protect|Adamant||F|||50|]Whimsicott||FocusSash|Prankster|Tailwind,EnergyBall,Moonblast,Protect|Timid||F|||50|]Floette-Eternal||Floettite|FlowerVeil|Protect,DazzlingGleam,DrainingKiss,CalmMind|Modest||F|||50|]Ceruledge||SitrusBerry|FlashFire|BulkUp,Protect,ShadowSneak,BitterBlade|Adamant||F|||50|
|showteam|p2|Floette-Eternal||Floettite|FlowerVeil|Moonblast,DrainingKiss,CalmMind,Protect|Modest||F|||50|]Sinistcha||OccaBerry|Hospitality|MatchaGotcha,LifeDew,RagePowder,Protect|Calm|||||50|]Sneasler||FocusSash|PoisonTouch|CloseCombat,PoisonJab,FakeOut,QuickGuard|Jolly||M|||50|]Incineroar||SitrusBerry|Intimidate|FlareBlitz,FakeOut,HelpingHand,PartingShot|Impish||F|||50|]Kingambit||BlackGlasses|Defiant|KowtowCleave,SuckerPunch,SwordsDance,Protect|Adamant||M|||50|]Blastoise||Blastoisinite|RainDish|WaterSpout,DarkPulse,ShellSmash,Protect|Modest||M|||50|
|inactive|Battle timer is ON: inactive players will automatically lose when time's up. (requested by Northgdh)
|inactive|Northgdh has 60 seconds left.
|inactive|Northgdh has 30 seconds left.
|inactive|Northgdh has 20 seconds left.
|inactive|Northgdh has 15 seconds left.
|
|t:|1783732966
|teamsize|p1|4
|teamsize|p2|4
|start
|switch|p1a: Ceruledge|Ceruledge, L50, F, shiny|100/100
|switch|p1b: Charizard|Charizard, L50, M, shiny|100/100
|switch|p2a: honeybee|Sneasler, L50, M|100/100
|switch|p2b: drop dead|Kingambit, L50, M, shiny|100/100
|turn|1
|
|t:|1783732983
|detailschange|p1b: Charizard|Charizard-Mega-Y, L50, M, shiny
|-mega|p1b: Charizard|Charizard|Charizardite Y
|-weather|SunnyDay|[from] ability: Drought|[of] p1b: Charizard
|move|p2a: honeybee|Fake Out|p1b: Charizard
|-damage|p1b: Charizard|81/100
|cant|p1b: Charizard|flinch
|move|p1a: Ceruledge|Bulk Up|p1a: Ceruledge
|-boost|p1a: Ceruledge|atk|1
|-boost|p1a: Ceruledge|def|1
|move|p2b: drop dead|Swords Dance|p2b: drop dead
|-boost|p2b: drop dead|atk|2
|
|-weather|SunnyDay|[upkeep]
|upkeep
|turn|2
|
|t:|1783733001
|switch|p2a: wrong w me|Incineroar, L50, F, shiny|100/100
|-ability|p2a: wrong w me|Intimidate|boost
|-unboost|p1a: Ceruledge|atk|1
|-unboost|p1b: Charizard|atk|1
|move|p2b: drop dead|Protect|p2b: drop dead
|-singleturn|p2b: drop dead|Protect
|move|p1b: Charizard|Heat Wave|p2b: drop dead|[spread] p2a
|-activate|p2b: drop dead|move: Protect
|-resisted|p2a: wrong w me|1
|-damage|p2a: wrong w me|69/100
|move|p1a: Ceruledge|Bitter Blade|p2b: drop dead
|-activate|p2b: drop dead|move: Protect
|
|-weather|SunnyDay|[upkeep]
|upkeep
|turn|3
|
|t:|1783733019
|move|p1b: Charizard|Protect|p1b: Charizard
|-singleturn|p1b: Charizard|Protect
|move|p2a: wrong w me|Fake Out|p1b: Charizard
|-activate|p1b: Charizard|move: Protect
|move|p2b: drop dead|Sucker Punch|p1a: Ceruledge
|-supereffective|p1a: Ceruledge|1
|-damage|p1a: Ceruledge|0 fnt
|faint|p1a: Ceruledge
|
|-weather|SunnyDay|[upkeep]
|upkeep
|
|t:|1783733031
|switch|p1a: Kingambit|Kingambit, L50, F|100/100
|turn|4
|
|t:|1783733041
|switch|p1b: Whimsicott|Whimsicott, L50, F, shiny|100/100
|move|p2b: drop dead|Sucker Punch||[still]
|-fail|p2b: drop dead
|move|p2a: wrong w me|Flare Blitz|p1a: Kingambit
|-supereffective|p1a: Kingambit|1
|-damage|p1a: Kingambit|0 fnt
|faint|p1a: Kingambit
|-damage|p2a: wrong w me|37/100|[from] Recoil
|-enditem|p2a: wrong w me|Sitrus Berry|[eat]
|-heal|p2a: wrong w me|61/100|[from] item: Sitrus Berry
|
|-weather|SunnyDay|[upkeep]
|upkeep
|
|t:|1783733045
|switch|p1a: Charizard|Charizard-Mega-Y, L50, M, shiny|81/100
|turn|5
|
|t:|1783733052
|move|p1a: Charizard|Protect|p1a: Charizard
|-singleturn|p1a: Charizard|Protect
|move|p2b: drop dead|Sucker Punch||[still]
|-fail|p2b: drop dead
|move|p1b: Whimsicott|Moonblast|p2b: drop dead
|-damage|p2b: drop dead|66/100
|move|p2a: wrong w me|Flare Blitz|p1b: Whimsicott
|-supereffective|p1b: Whimsicott|1
|-enditem|p1b: Whimsicott|Focus Sash
|-damage|p1b: Whimsicott|1/100
|-damage|p2a: wrong w me|39/100|[from] Recoil
|
|-weather|none
|upkeep
|turn|6
|
|t:|1783733057
|move|p2b: drop dead|Sucker Punch|p1a: Charizard
|-damage|p1a: Charizard|0 fnt
|faint|p1a: Charizard
|move|p1b: Whimsicott|Moonblast|p2b: drop dead
|-damage|p2b: drop dead|29/100
|move|p2a: wrong w me|Flare Blitz|p1b: Whimsicott
|-supereffective|p1b: Whimsicott|1
|-damage|p1b: Whimsicott|0 fnt
|faint|p1b: Whimsicott
|-damage|p2a: wrong w me|39/100|[from] Recoil
|
|win|Northgdh
|l|☆lettitride
|player|p1|
||lettitride is ready for game 2.
