|j|☆Harmony6
|j|☆KamalaTheGiant
|html|Harmony6KamalaTheGiant    
|uhtml|bestof|Game 1 of a best-of-3
|t:|1784605064
|gametype|doubles
|player|p1|Harmony6|beauty-gen4dp|
|player|p2|KamalaTheGiant|265|
|gen|9
|tier|[Gen 9 Champions] VGC 2026 Reg M-B (Bo3)
|rule|Species Clause: Limit one of each Pokémon
|rule|Item Clause: Limit 1 of each item
|clearpoke
|poke|p1|Tyranitar, L50, F|
|poke|p1|Excadrill, L50, F|
|poke|p1|Ninetales-Alola, L50, F|
|poke|p1|Talonflame, L50, F|
|poke|p1|Flareon, L50, F|
|poke|p1|Lucario, L50, F|
|poke|p2|Aggron, L50, F, shiny|
|poke|p2|Corviknight, L50, M, shiny|
|poke|p2|Farigiraf, L50, M, shiny|
|poke|p2|Hatterene, L50, F, shiny|
|poke|p2|Torkoal, L50, F, shiny|
|poke|p2|Camerupt, L50, M, shiny|
|teampreview|4
|showteam|p1|Tyranitar||Tyranitarite|SandStream|Protect,DragonDance,RockSlide,KnockOff|Jolly||F|||50|]Excadrill||Excadrite|SandRush|HighHorsepower,RockSlide,SwordsDance,Protect|Jolly||F|||50|]Ninetales-Alola||LightClay|SnowWarning|AuroraVeil,Blizzard,WeatherBall,Encore|Timid||F|||50|]Talonflame||ChartiBerry|GaleWings|Tailwind,BraveBird,FlareBlitz,Protect|Jolly||F|||50|]Flareon||SitrusBerry|FlashFire|HelpingHand,FlareBlitz,WillOWisp,Protect|Impish||F|||50|]Lucario||Lucarionite|InnerFocus|CloseCombat,Protect,BulletPunch,MeteorMash|Jolly||F|||50|
|showteam|p2|Aggron||Aggronite|Sturdy|Earthquake,IronHead,Protect,RockSlide|Adamant||F|||50|]Corviknight||Leftovers|MirrorArmor|IronDefense,BodyPress,IronHead,Roost|Impish||M|||50|]Farigiraf||FocusSash|ArmorTail|ShadowBall,Protect,TrickRoom,Psychic|Sassy||M|||50|]Hatterene||ShellBell|MagicBounce|DazzlingGleam,TrickRoom,ShadowBall,Psychic|Quiet||F|||50|]Torkoal||SitrusBerry|Drought|Eruption,AncientPower,SolarBeam,Protect|Quiet||F|||50|]Camerupt||Cameruptite|SolidRock|Eruption,Earthquake,RockSlide,Protect|Quiet||M|||50|
|j| megamon20xx
|
|t:|1784605128
|teamsize|p1|4
|teamsize|p2|4
|start
|switch|p1a: Tyranitar|Tyranitar, L50, F|100/100
|switch|p1b: Excadrill|Excadrill, L50, F|100/100
|switch|p2a: Corviknight|Corviknight, L50, M, shiny|100/100
|switch|p2b: Camerupt|Camerupt, L50, M, shiny|100/100
|-weather|Sandstorm|[from] ability: Sand Stream|[of] p1a: Tyranitar
|turn|1
|
|t:|1784605160
|switch|p1a: Flareon|Flareon, L50, F|100/100
|detailschange|p2b: Camerupt|Camerupt-Mega, L50, M, shiny
|-mega|p2b: Camerupt|Camerupt|Cameruptite
|move|p1b: Excadrill|High Horsepower|p2b: Camerupt
|-supereffective|p2b: Camerupt|1
|-damage|p2b: Camerupt|0 fnt
|faint|p2b: Camerupt
|move|p2a: Corviknight|Iron Head|p1a: Flareon
|-resisted|p1a: Flareon|1
|-damage|p1a: Flareon|87/100
|
|-weather|Sandstorm|[upkeep]
|-damage|p1a: Flareon|81/100|[from] Sandstorm
|upkeep
|j| bjumpsemcorda
|
|t:|1784605175
|switch|p2b: Aggron|Aggron, L50, F, shiny|100/100
|turn|2
|
|t:|1784605197
|detailschange|p1b: Excadrill|Excadrill-Mega, L50, F
|-mega|p1b: Excadrill|Excadrill|Excadrite
|move|p1b: Excadrill|High Horsepower|p2b: Aggron
|-supereffective|p2b: Aggron|2
|-ability|p2b: Aggron|Sturdy
|-damage|p2b: Aggron|1/100
|move|p2a: Corviknight|Body Press|p1b: Excadrill
|-supereffective|p1b: Excadrill|1
|-damage|p1b: Excadrill|61/100
|move|p1a: Flareon|Will-O-Wisp|p2a: Corviknight|[miss]
|-miss|p1a: Flareon|p2a: Corviknight
|move|p2b: Aggron|Earthquake|p1b: Excadrill|[spread] p1a,p1b
|-immune|p2a: Corviknight
|-supereffective|p1a: Flareon|1
|-supereffective|p1b: Excadrill|1
|-damage|p1a: Flareon|40/100
|-damage|p1b: Excadrill|25/100
|-enditem|p1a: Flareon|Sitrus Berry|[eat]
|-heal|p1a: Flareon|65/100|[from] item: Sitrus Berry
|
|-weather|Sandstorm|[upkeep]
|-damage|p1a: Flareon|59/100|[from] Sandstorm
|upkeep
|turn|3
|
|t:|1784605227
|move|p2b: Aggron|Protect|p2b: Aggron
|-singleturn|p2b: Aggron|Protect
|move|p1b: Excadrill|Rock Slide|p2b: Aggron|[spread] 
|-activate|p2b: Aggron|move: Protect
|-miss|p1b: Excadrill|p2a: Corviknight
|move|p2a: Corviknight|Body Press|p1b: Excadrill
|-supereffective|p1b: Excadrill|1
|-damage|p1b: Excadrill|0 fnt
|faint|p1b: Excadrill
|move|p1a: Flareon|Flare Blitz|p2a: Corviknight
|-supereffective|p2a: Corviknight|1
|-damage|p2a: Corviknight|13/100
|-status|p2a: Corviknight|brn
|-damage|p1a: Flareon|30/100|[from] Recoil
|
|-weather|Sandstorm|[upkeep]
|-damage|p1a: Flareon|24/100|[from] Sandstorm
|-heal|p2a: Corviknight|19/100 brn|[from] item: Leftovers
|-damage|p2a: Corviknight|13/100 brn|[from] brn
|upkeep
|l| bjumpsemcorda
|
|t:|1784605259
|switch|p1b: Tyranitar|Tyranitar, L50, F|100/100
|turn|4
|
|t:|1784605270
|move|p1a: Flareon|Protect|p1a: Flareon
|-singleturn|p1a: Flareon|Protect
|move|p1b: Tyranitar|Rock Slide|p2a: Corviknight|[spread] p2a,p2b
|-resisted|p2b: Aggron|1
|-damage|p2a: Corviknight|0 fnt
|-damage|p2b: Aggron|0 fnt
|faint|p2a: Corviknight
|faint|p2b: Aggron
|
|-weather|Sandstorm|[upkeep]
|-damage|p1a: Flareon|18/100|[from] Sandstorm
|upkeep
|
|t:|1784605282
|switch|p2b: Hatterene|Hatterene, L50, F, shiny|100/100
|turn|5
|
|t:|1784605291
|move|p1b: Tyranitar|Knock Off|p2b: Hatterene
|-damage|p2b: Hatterene|31/100
|-enditem|p2b: Hatterene|Shell Bell|[from] move: Knock Off|[of] p1b: Tyranitar
|move|p1a: Flareon|Flare Blitz|p2b: Hatterene
|-damage|p2b: Hatterene|0 fnt
|faint|p2b: Hatterene
|-damage|p1a: Flareon|10/100|[from] Recoil
|
|win|Harmony6
||Harmony6 is ready for game 2.
|inactive|KamalaTheGiant has 30 seconds to confirm battle start!
|inactive|KamalaTheGiant has 20 seconds to confirm battle start!
||KamalaTheGiant is ready for game 2.
|uhtml|next|Next: Game 2 of 3
|l| megamon20xx
|j| megamon20xx
