|j|☆Shishio_Ax
|j|☆randomguy1114s
|html|Shishio_Axrandomguy1114s    
|uhtml|bestof|Game 3 of a best-of-3
|t:|1756746401
|gametype|doubles
|player|p1|Shishio_Ax|gambler|1229
|player|p2|randomguy1114s|lillie-masters|1181
|gen|9
|tier|[Gen 9] VGC 2025 Reg H (Bo3)
|rated|
|rule|Species Clause: Limit one of each Pokémon
|rule|Item Clause: Limit 1 of each item
|clearpoke
|poke|p1|Charizard, L50, M|
|poke|p1|Dragapult, L50, M|
|poke|p1|Sneasler, L50, F|
|poke|p1|Incineroar, L50, M|
|poke|p1|Ursaluna-Bloodmoon, L50, M|
|poke|p1|Whimsicott, L50, F|
|poke|p2|Archaludon, L50, M|
|poke|p2|Pelipper, L50, M|
|poke|p2|Incineroar, L50, M|
|poke|p2|Amoonguss, L50, F|
|poke|p2|Basculegion, L50, M|
|poke|p2|Maushold, L50|
|teampreview|4
|showteam|p1|Charizard||ChoiceSpecs|SolarPower|HeatWave,Overheat,WeatherBall,SolarBeam|||M|||50|,,,,,Ghost]Dragapult||ChoiceBand|ClearBody|DragonDarts,Outrage,PhantomForce,Uturn|||M|||50|,,,,,Dragon]Sneasler||FocusSash|Unburden|DireClaw,CloseCombat,ThroatChop,Protect|||F|||50|,,,,,Dark]Incineroar||SafetyGoggles|Intimidate|FakeOut,KnockOff,FlareBlitz,PartingShot|||M|||50|,,,,,Ghost]Ursaluna-Bloodmoon||LifeOrb|MindsEye|BloodMoon,HyperVoice,EarthPower,Protect|||M|||50|,,,,,Normal]Whimsicott||CovertCloak|Prankster|Moonblast,Tailwind,Encore,SunnyDay|||F|||50|,,,,,Poison
|showteam|p2|Archaludon||AssaultVest|Stamina|ElectroShot,DragonPulse,FlashCannon,BodyPress|||M|||50|,,,,,Grass]Pelipper||FocusSash|Drizzle|Tailwind,WeatherBall,Hurricane,Protect|||M|||50|,,,,,Ghost]Incineroar||SafetyGoggles|Intimidate|FakeOut,KnockOff,Taunt,PartingShot|||M|||50|,,,,,Ghost]Amoonguss||RockyHelmet|Regenerator|RagePowder,PollenPuff,Spore,Protect|||F|||50|,,,,,Water]Basculegion||LifeOrb|SwiftSwim|WaveCrash,LastRespects,FlipTurn,Protect|||M|||50|,,,,,Water]Maushold||WideLens|Technician|PopulationBomb,HelpingHand,FollowMe,Protect||||||50|,,,,,Ghost
|
|t:|1756746431
|teamsize|p1|4
|teamsize|p2|4
|start
|switch|p1a: Shāhmat|Ursaluna-Bloodmoon, L50, M|100/100
|switch|p1b: Mary|Whimsicott, L50, F|100/100
|switch|p2a: Geneva Conventions|Maushold, L50|100/100
|switch|p2b: its my bridge!|Archaludon, L50, M, shiny|100/100
|turn|1
|inactive|Battle timer is ON: inactive players will automatically lose when time's up. (requested by Shishio_Ax)
|
|t:|1756746458
|-terastallize|p1b: Mary|Poison
|move|p1b: Mary|Tailwind|p1b: Mary
|-sidestart|p1: Shishio_Ax|move: Tailwind
|move|p1a: Shāhmat|Blood Moon|p2a: Geneva Conventions
|-damage|p2a: Geneva Conventions|0 fnt
|faint|p2a: Geneva Conventions
|-damage|p1a: Shāhmat|91/100|[from] item: Life Orb
|move|p2b: its my bridge!|Flash Cannon|p1b: Mary
|-damage|p1b: Mary|48/100
|
|upkeep
|
|t:|1756746481
|switch|p2a: Basculegend|Basculegion, L50, M, shiny|100/100
|turn|2
|
|t:|1756746503
|move|p1b: Mary|Sunny Day|p1b: Mary
|-weather|SunnyDay
|move|p1a: Shāhmat|Hyper Voice|p2a: Basculegend|[spread] p2a,p2b
|-resisted|p2b: its my bridge!
|-damage|p2a: Basculegend|41/100
|-damage|p2b: its my bridge!|79/100
|-ability|p2b: its my bridge!|Stamina|boost
|-boost|p2b: its my bridge!|def|1
|-damage|p1a: Shāhmat|81/100|[from] item: Life Orb
|move|p2a: Basculegend|Flip Turn|p1a: Shāhmat
|-supereffective|p1a: Shāhmat
|-damage|p1a: Shāhmat|53/100
|-damage|p2a: Basculegend|31/100|[from] item: Life Orb
|
|t:|1756746512
|switch|p2a: Pelicopter|Pelipper, L50, M, shiny|100/100|[from] Flip Turn
|-weather|RainDance|[from] ability: Drizzle|[of] p2a: Pelicopter
|move|p2b: its my bridge!|Dragon Pulse|p1b: Mary
|-damage|p1b: Mary|0 fnt
|faint|p1b: Mary
|
|-weather|RainDance|[upkeep]
|upkeep
|
|t:|1756746516
|switch|p1b: D'oro|Sneasler, L50, F|100/100
|turn|3
|
|t:|1756746527
|move|p1b: D'oro|Dire Claw|p2a: Pelicopter
|-damage|p2a: Pelicopter|41/100
|move|p1a: Shāhmat|Hyper Voice|p2a: Pelicopter|[spread] p2a,p2b
|-resisted|p2b: its my bridge!
|-damage|p2a: Pelicopter|0 fnt
|-damage|p2b: its my bridge!|61/100
|-ability|p2b: its my bridge!|Stamina|boost
|-boost|p2b: its my bridge!|def|1
|faint|p2a: Pelicopter
|-damage|p1a: Shāhmat|44/100|[from] item: Life Orb
|move|p2b: its my bridge!|Body Press|p1a: Shāhmat
|-supereffective|p1a: Shāhmat
|-damage|p1a: Shāhmat|0 fnt
|faint|p1a: Shāhmat
|
|-weather|RainDance|[upkeep]
|upkeep
|
|t:|1756746541
|switch|p2a: Basculegend|Basculegion, L50, M, shiny|31/100
|switch|p1a: Agni|Charizard, L50, M|100/100
|turn|4
|
|t:|1756746558
|-terastallize|p2b: its my bridge!|Grass
|move|p2a: Basculegend|Protect|p2a: Basculegend
|-singleturn|p2a: Basculegend|Protect
|move|p1b: D'oro|Close Combat|p2b: its my bridge!
|-crit|p2b: its my bridge!
|-damage|p2b: its my bridge!|0 fnt
|-unboost|p1b: D'oro|def|1
|-unboost|p1b: D'oro|spd|1
|faint|p2b: its my bridge!
|move|p1a: Agni|Overheat|p2a: Basculegend
|-activate|p2a: Basculegend|move: Protect
|
|-weather|RainDance|[upkeep]
|-sideend|p1: Shishio_Ax|move: Tailwind
|upkeep
|turn|5
|
|t:|1756746571
|move|p2a: Basculegend|Wave Crash|p1a: Agni
|-supereffective|p1a: Agni
|-damage|p1a: Agni|0 fnt
|faint|p1a: Agni
|-damage|p2a: Basculegend|5/100|[from] Recoil
|-damage|p2a: Basculegend|0 fnt|[from] item: Life Orb
|faint|p2a: Basculegend
|
|win|Shishio_Ax
|raw|Shishio_Ax's rating: 1229 → 1251(+22 for winning)
|raw|randomguy1114s's rating: 1181 → 1159(-22 for losing)
|l|☆Shishio_Ax
|player|p1|
