|j|☆Ederzuri
|j|☆benjitulio
|html|Ederzuribenjitulio    
|uhtml|bestof|Game 3 of a best-of-3
|t:|1783293636
|gametype|doubles
|player|p1|Ederzuri|bugsy|1197
|player|p2|benjitulio|wattson|1145
|gen|9
|tier|[Gen 9 Champions] VGC 2026 Reg M-B (Bo3)
|rated|
|rule|Species Clause: Limit one of each Pokémon
|rule|Item Clause: Limit 1 of each item
|clearpoke
|poke|p1|Grimmsnarl, L50, M, shiny|
|poke|p1|Pelipper, L50, M, shiny|
|poke|p1|Archaludon, L50, F|
|poke|p1|Swampert, L50, F, shiny|
|poke|p1|Sinistcha, L50|
|poke|p1|Gengar, L50, F, shiny|
|poke|p2|Maushold-Four, L50|
|poke|p2|Incineroar, L50, M|
|poke|p2|Metagross, L50|
|poke|p2|Aerodactyl, L50, F|
|poke|p2|Primarina, L50, M|
|poke|p2|Sinistcha, L50|
|teampreview|4
|showteam|p1|Grimmsnarl||LightClay|Prankster|PartingShot,Reflect,LightScreen,SpiritBreak|Careful||M|||50|]Pelipper||SitrusBerry|Drizzle|Hurricane,Tailwind,WeatherBall,WideGuard|Modest||M|||50|]Archaludon||Leftovers|Stamina|ElectroShot,Protect,DragonPulse,FlashCannon|Modest||F|||50|]Swampert||Swampertite|Torrent|WaveCrash,Protect,Earthquake,IcePunch|Adamant||F|||50|]Sinistcha||KasibBerry|Hospitality|MatchaGotcha,RagePowder,LifeDew,TrickRoom|Bold|||||50|]Gengar||Gengarite|CursedBody|NastyPlot,SludgeBomb,ShadowBall,Protect|Modest||F|||50|
|showteam|p2|Maushold-Four||FocusSash|FriendGuard|FollowMe,RainDance,PopulationBomb,SuperFang|Jolly|||||50|]Incineroar||ChopleBerry|Intimidate|FakeOut,FlareBlitz,PartingShot,DarkestLariat|Impish||M|||50|]Metagross||Metagrossite|ClearBody|IronHead,Protect,PsychicFangs,Earthquake|Adamant|||||50|]Aerodactyl||Aerodactylite|Unnerve|RockSlide,Protect,Tailwind,IceFang|Jolly||F|||50|]Primarina||ChoiceScarf|LiquidVoice|HyperVoice,HydroPump,IcyWind,Moonblast|Modest||M|||50|]Sinistcha||Leftovers|Hospitality|MatchaGotcha,LifeDew,ShadowBall,RagePowder|Calm|||||50|
|inactive|Battle timer is ON: inactive players will automatically lose when time's up. (requested by Ederzuri)
|inactive|benjitulio has 60 seconds left.
|
|t:|1783293673
|teamsize|p1|4
|teamsize|p2|4
|start
|switch|p1a: Mahoraga|Archaludon, L50, F|100/100
|switch|p1b: Gengar|Gengar, L50, F, shiny|100/100
|switch|p2a: Metagross|Metagross, L50|100/100
|switch|p2b: Aerodactyl|Aerodactyl, L50, F|100/100
|-ability|p2b: Aerodactyl|Unnerve
|turn|1
|inactive|Ederzuri has 30 seconds left.
|
|t:|1783293698
|switch|p1b: GET OUT!!|Pelipper, L50, M, shiny|100/100
|-weather|RainDance|[from] ability: Drizzle|[of] p1b: GET OUT!!
|detailschange|p2a: Metagross|Metagross-Mega, L50
|-mega|p2a: Metagross|Metagross|Metagrossite
|move|p2b: Aerodactyl|Tailwind|p2b: Aerodactyl
|-sidestart|p2: benjitulio|move: Tailwind
|move|p2a: Metagross|Psychic Fangs|p1b: GET OUT!!
|-damage|p1b: GET OUT!!|22/100
|move|p1a: Mahoraga|Electro Shot||[still]
|-prepare|p1a: Mahoraga|Electro Shot
|-boost|p1a: Mahoraga|spa|1
|-anim|p1a: Mahoraga|Electro Shot|p2b: Aerodactyl
|-supereffective|p2b: Aerodactyl|1
|-crit|p2b: Aerodactyl
|-damage|p2b: Aerodactyl|0 fnt
|-enditem|p1b: GET OUT!!|Sitrus Berry|[eat]
|-heal|p1b: GET OUT!!|46/100|[from] item: Sitrus Berry
|faint|p2b: Aerodactyl
|
|-weather|RainDance|[upkeep]
|upkeep
|
|t:|1783293713
|switch|p2b: Maushold|Maushold-Four, L50|100/100
|turn|2
|
|t:|1783293725
|move|p2b: Maushold|Super Fang|p1a: Mahoraga
|-damage|p1a: Mahoraga|50/100g
|-ability|p1a: Mahoraga|Stamina|boost
|-boost|p1a: Mahoraga|def|1
|move|p2a: Metagross|Psychic Fangs|p1b: GET OUT!!
|-damage|p1b: GET OUT!!|0 fnt
|faint|p1b: GET OUT!!
|move|p1a: Mahoraga|Electro Shot||[still]
|-prepare|p1a: Mahoraga|Electro Shot
|-boost|p1a: Mahoraga|spa|1
|-anim|p1a: Mahoraga|Electro Shot|p2b: Maushold
|-enditem|p2b: Maushold|Focus Sash
|-damage|p2b: Maushold|1/100
|
|-weather|RainDance|[upkeep]
|-heal|p1a: Mahoraga|56/100|[from] item: Leftovers
|upkeep
|
|t:|1783293732
|switch|p1b: Rage Baiter|Grimmsnarl, L50, M, shiny|100/100
|turn|3
|
|t:|1783293740
|move|p1b: Rage Baiter|Reflect|p1b: Rage Baiter
|-sidestart|p1: Ederzuri|Reflect
|move|p2b: Maushold|Super Fang|p1a: Mahoraga
|-damage|p1a: Mahoraga|28/100
|-ability|p1a: Mahoraga|Stamina|boost
|-boost|p1a: Mahoraga|def|1
|move|p2a: Metagross|Iron Head|p1b: Rage Baiter
|-supereffective|p1b: Rage Baiter|1
|-damage|p1b: Rage Baiter|0 fnt
|faint|p1b: Rage Baiter
|move|p1a: Mahoraga|Electro Shot||[still]
|-prepare|p1a: Mahoraga|Electro Shot
|-boost|p1a: Mahoraga|spa|1
|-anim|p1a: Mahoraga|Electro Shot|p2a: Metagross
|-damage|p2a: Metagross|5/100
|
|-weather|RainDance|[upkeep]
|-heal|p1a: Mahoraga|34/100|[from] item: Leftovers
|upkeep
|
|t:|1783293748
|switch|p1b: Gengar|Gengar, L50, F, shiny|100/100
|turn|4
|
|t:|1783293769
|switch|p2b: Primarina|Primarina, L50, M|100/100
|detailschange|p1b: Gengar|Gengar-Mega, L50, F, shiny
|-mega|p1b: Gengar|Gengar|Gengarite
|move|p1b: Gengar|Protect|p1b: Gengar
|-singleturn|p1b: Gengar|Protect
|move|p1a: Mahoraga|Protect|p1a: Mahoraga
|-singleturn|p1a: Mahoraga|Protect
|move|p2a: Metagross|Psychic Fangs|p1b: Gengar
|-activate|p1b: Gengar|move: Protect
|
|-weather|RainDance|[upkeep]
|-heal|p1a: Mahoraga|40/100|[from] item: Leftovers
|-sideend|p2: benjitulio|move: Tailwind
|upkeep
|turn|5
|inactive|Ederzuri has 30 seconds left.
|
|t:|1783293794
|move|p2a: Metagross|Protect|p2a: Metagross
|-singleturn|p2a: Metagross|Protect
|move|p1b: Gengar|Sludge Bomb|p2b: Primarina
|-supereffective|p2b: Primarina|1
|-damage|p2b: Primarina|0 fnt
|faint|p2b: Primarina
|move|p1a: Mahoraga|Electro Shot||[still]
|-prepare|p1a: Mahoraga|Electro Shot
|-boost|p1a: Mahoraga|spa|1
|-anim|p1a: Mahoraga|Electro Shot|p2a: Metagross
|-activate|p2a: Metagross|move: Protect
|
|-weather|none
|-heal|p1a: Mahoraga|46/100|[from] item: Leftovers
|upkeep
|
|t:|1783293801
|switch|p2b: Maushold|Maushold-Four, L50|1/100
|turn|6
|
|t:|1783293807
|move|p2b: Maushold|Follow Me|p2b: Maushold
|-singleturn|p2b: Maushold|move: Follow Me
|move|p1b: Gengar|Sludge Bomb|p2b: Maushold
|-damage|p2b: Maushold|0 fnt
|faint|p2b: Maushold
|move|p2a: Metagross|Earthquake|p1b: Gengar|[spread] p1a,p1b
|-supereffective|p1a: Mahoraga|1
|-supereffective|p1b: Gengar|1
|-damage|p1a: Mahoraga|30/100
|-damage|p1b: Gengar|50/100g
|-ability|p1a: Mahoraga|Stamina|boost
|-boost|p1a: Mahoraga|def|1
|move|p1a: Mahoraga|Dragon Pulse|p2a: Metagross
|-resisted|p2a: Metagross|1
|-damage|p2a: Metagross|0 fnt
|faint|p2a: Metagross
|
|win|Ederzuri
|raw|Ederzuri's rating: 1197 → 1218(+21 for winning)
|raw|benjitulio's rating: 1145 → 1124(-21 for losing)
