|j|â˜†lewibrad1098
|j|â˜†FireBoyJ
|html|lewibrad1098FireBoyJ    
|uhtml|bestof|Game 1 of a best-of-3
|t:|1784379408
|gametype|doubles
|player|p1|lewibrad1098|265|
|player|p2|FireBoyJ|2|
|gen|9
|tier|[Gen 9 Champions] VGC 2026 Reg M-B (Bo3)
|rule|Species Clause: Limit one of each PokÃ©mon
|rule|Item Clause: Limit 1 of each item
|clearpoke
|poke|p1|Ariados, L50, F|
|poke|p1|Salazzle, L50, F|
|poke|p1|Slowbro, L50, F|
|poke|p1|Crabominable, L50, M|
|poke|p1|Golurk, L50|
|poke|p1|Abomasnow, L50, M|
|poke|p2|Manectric, L50, F|
|poke|p2|Liepard, L50, M|
|poke|p2|Floette-Eternal, L50, F|
|poke|p2|Serperior, L50, M|
|poke|p2|Tauros-Paldea-Aqua, L50, M|
|poke|p2|Gardevoir, L50, M|
|teampreview|4
|showteam|p1|Ariados||SitrusBerry|Insomnia|RagePowder,PoisonJab,Protect,SuckerPunch|Brave||F|||50|]Salazzle||FocusSash|Oblivious|FakeOut,SludgeBomb,Flamethrower,Taunt|Timid||F|||50|]Slowbro||MentalHerb|Regenerator|TrickRoom,Scald,CalmMind,Psychic|Quiet||F|||50|]Crabominable||Crabominite|IronFist|BulkUp,DrainPunch,IceHammer,Protect|Brave||M|||50|]Golurk||Golurkite|IronFist|Poltergeist,CloseCombat,HeadlongRush,Protect|Serious|||||50|]Abomasnow||LightClay|SnowWarning|Blizzard,AuroraVeil,EnergyBall,Protect|Quiet||M|||50|
|showteam|p2|Manectric||Manectite|LightningRod|Thunderbolt,Snarl,VoltSwitch,Protect|Timid||F|||50|]Liepard||FocusSash|Prankster|KnockOff,FakeOut,Taunt,ThunderWave|Jolly||M|||50|]Floette-Eternal||Leftovers|FlowerVeil|Moonblast,DazzlingGleam,CalmMind,Protect|Modest||F|||50|]Serperior||LightClay|Contrary|LeafStorm,Glare,LightScreen,Reflect|Timid||M|||50|]Tauros-Paldea-Aqua||SitrusBerry|Intimidate|WaveCrash,CloseCombat,AquaJet,Protect|Adamant||M|||50|]Gardevoir||ChoiceScarf|Trace|Moonblast,Psyshock,IcyWind,DazzlingGleam|Modest||M|||50|
|c|â˜†lewibrad1098|Glhf
|c|â˜†FireBoyJ|gl hf
|inactive|Battle timer is ON: inactive players will automatically lose when time's up. (requested by lewibrad1098)
|inactive|FireBoyJ has 60 seconds left.
|
|t:|1784379528
|teamsize|p1|4
|teamsize|p2|4
|start
|switch|p1a: Ariados|Ariados, L50, F|100/100
|switch|p1b: Abomasnow|Abomasnow, L50, M|100/100
|switch|p2a: Manectric|Manectric, L50, F|100/100
|switch|p2b: Tauros|Tauros-Paldea-Aqua, L50, M|100/100
|-ability|p2b: Tauros|Intimidate|boost
|-unboost|p1a: Ariados|atk|1
|-unboost|p1b: Abomasnow|atk|1
|-weather|Snowscape|[from] ability: Snow Warning|[of] p1b: Abomasnow
|turn|1
|inactive|FireBoyJ has 30 seconds left.
|inactive|FireBoyJ has 20 seconds left.
|inactive|FireBoyJ has 15 seconds left.
|inactive|FireBoyJ has 10 seconds left.
|
|t:|1784379577
|detailschange|p2a: Manectric|Manectric-Mega, L50, F
|-mega|p2a: Manectric|Manectric|Manectite
|-ability|p2a: Manectric|Intimidate|boost
|-unboost|p1a: Ariados|atk|1
|-unboost|p1b: Abomasnow|atk|1
|move|p1a: Ariados|Rage Powder|p1a: Ariados
|-singleturn|p1a: Ariados|move: Rage Powder
|move|p2a: Manectric|Volt Switch|p1a: Ariados
|-damage|p1a: Ariados|51/100
|
|t:|1784379587
|switch|p2a: Gardevoir|Gardevoir, L50, M|100/100|[from] Volt Switch
|-ability|p2a: Gardevoir|Snow Warning|Trace|[from] ability: Trace|[of] p1b: Abomasnow
|move|p2b: Tauros|Close Combat|p1a: Ariados
|-resisted|p1a: Ariados|2
|-damage|p1a: Ariados|34/100
|-unboost|p2b: Tauros|def|1
|-unboost|p2b: Tauros|spd|1
|-enditem|p1a: Ariados|Sitrus Berry|[eat]
|-heal|p1a: Ariados|59/100|[from] item: Sitrus Berry
|move|p1b: Abomasnow|Aurora Veil|p1b: Abomasnow
|-sidestart|p1: lewibrad1098|move: Aurora Veil
|
|-weather|Snowscape|[upkeep]
|upkeep
|turn|2
|inactive|lewibrad1098 has 30 seconds left.
|inactive|FireBoyJ has 30 seconds left.
|inactive|lewibrad1098 has 20 seconds left.
|inactive|FireBoyJ has 20 seconds left.
|inactive|FireBoyJ has 15 seconds left.
|
|t:|1784379632
|switch|p1b: Golurk|Golurk, L50|100/100
|switch|p1a: Slowbro|Slowbro, L50, F|100/100
|move|p2a: Gardevoir|Psyshock|p1a: Slowbro
|-resisted|p1a: Slowbro|1
|-damage|p1a: Slowbro|92/100
|move|p2b: Tauros|Close Combat|p1b: Golurk
|-immune|p1b: Golurk
|
|-weather|Snowscape|[upkeep]
|upkeep
|turn|3
|inactive|lewibrad1098 has 30 seconds left.
|
|t:|1784379664
|switch|p2a: Manectric|Manectric-Mega, L50, F|100/100
|-ability|p2a: Manectric|Intimidate|boost
|-unboost|p1a: Slowbro|atk|1
|-unboost|p1b: Golurk|atk|1
|detailschange|p1b: Golurk|Golurk-Mega, L50
|-mega|p1b: Golurk|Golurk|Golurkite
|move|p1b: Golurk|Protect|p1b: Golurk
|-singleturn|p1b: Golurk|Protect
|move|p2b: Tauros|Wave Crash|p1b: Golurk
|-activate|p1b: Golurk|move: Protect
|move|p1a: Slowbro|Trick Room|p1a: Slowbro
|-fieldstart|move: Trick Room|[of] p1a: Slowbro
|
|-weather|Snowscape|[upkeep]
|upkeep
|turn|4
|inactive|lewibrad1098 has 30 seconds left.
|inactive|FireBoyJ has 30 seconds left.
|inactive|lewibrad1098 has 20 seconds left.
|inactive|lewibrad1098 has 15 seconds left.
|
|t:|1784379709
|-heal|p1a: Slowbro|100/100|[from] ability: Regenerator|[silent]
|switch|p1a: Ariados|Ariados, L50, F|59/100
|switch|p2b: Gardevoir|Gardevoir, L50, M|100/100
|-ability|p2b: Gardevoir|Insomnia|Trace|[from] ability: Trace|[of] p1a: Ariados
|move|p2a: Manectric|Protect|p2a: Manectric
|-singleturn|p2a: Manectric|Protect
|move|p1b: Golurk|Headlong Rush|p2b: Gardevoir
|-damage|p2b: Gardevoir|34/100
|-unboost|p1b: Golurk|def|1
|-unboost|p1b: Golurk|spd|1
|
|-weather|Snowscape|[upkeep]
|upkeep
|turn|5
|inactive|FireBoyJ has 30 seconds left.
|inactive|FireBoyJ has 20 seconds left.
|
|t:|1784379748
|switch|p2a: Tauros|Tauros-Paldea-Aqua, L50, M|100/100
|-ability|p2a: Tauros|Intimidate|boost
|-unboost|p1a: Ariados|atk|1
|-unboost|p1b: Golurk|atk|1
|move|p1a: Ariados|Poison Jab|p2b: Gardevoir
|-supereffective|p2b: Gardevoir|1
|-damage|p2b: Gardevoir|0 fnt
|faint|p2b: Gardevoir
|move|p1b: Golurk|Headlong Rush|p2a: Tauros
|-damage|p2a: Tauros|63/100
|-unboost|p1b: Golurk|def|1
|-unboost|p1b: Golurk|spd|1
|
|-weather|none
|upkeep
|
|t:|1784379767
|switch|p2b: Manectric|Manectric-Mega, L50, F|100/100
|-ability|p2b: Manectric|Intimidate|boost
|-unboost|p1a: Ariados|atk|1
|-unboost|p1b: Golurk|atk|1
|turn|6
|
|t:|1784379784
|switch|p1b: Abomasnow|Abomasnow, L50, M|100/100
|-weather|Snowscape|[from] ability: Snow Warning|[of] p1b: Abomasnow
|move|p1a: Ariados|Rage Powder|p1a: Ariados
|-singleturn|p1a: Ariados|move: Rage Powder
|move|p2a: Tauros|Wave Crash|p1a: Ariados
|-damage|p1a: Ariados|13/100
|-damage|p2a: Tauros|48/100|[from] Recoil
|-enditem|p2a: Tauros|Sitrus Berry|[eat]
|-heal|p2a: Tauros|73/100|[from] item: Sitrus Berry
|move|p2b: Manectric|Thunderbolt|p1a: Ariados
|-damage|p1a: Ariados|0 fnt
|faint|p1a: Ariados
|
|-weather|Snowscape|[upkeep]
|upkeep
|c|â˜†lewibrad1098|Double intimidate is hard
|
|t:|1784379802
|switch|p1a: Golurk|Golurk-Mega, L50|100/100
|turn|7
|
|t:|1784379817
|move|p2a: Tauros|Protect|p2a: Tauros
|-singleturn|p2a: Tauros|Protect
|move|p2b: Manectric|Protect|p2b: Manectric
|-singleturn|p2b: Manectric|Protect
|move|p1b: Abomasnow|Energy Ball|p2a: Tauros
|-activate|p2a: Tauros|move: Protect
|move|p1a: Golurk|Headlong Rush|p2b: Manectric
|-supereffective|p2b: Manectric|1
|-ability|p1a: Golurk|Unseen Fist
|-zbroken|p2b: Manectric
|-damage|p2b: Manectric|55/100
|-unboost|p1a: Golurk|def|1
|-unboost|p1a: Golurk|spd|1
|
|-weather|Snowscape|[upkeep]
|-fieldend|move: Trick Room
|upkeep
|turn|8
|inactive|FireBoyJ has 30 seconds left.
|inactive|FireBoyJ has 20 seconds left.
|
|t:|1784379856
|move|p1a: Golurk|Protect|p1a: Golurk
|-singleturn|p1a: Golurk|Protect
|move|p2b: Manectric|Volt Switch|p1b: Abomasnow
|-resisted|p1b: Abomasnow|1
|-damage|p1b: Abomasnow|87/100
|
|t:|1784379862
|switch|p2b: Floette|Floette-Eternal, L50, F|100/100|[from] Volt Switch
|move|p2a: Tauros|Close Combat|p1b: Abomasnow
|-supereffective|p1b: Abomasnow|1
|-damage|p1b: Abomasnow|37/100
|-unboost|p2a: Tauros|def|1
|-unboost|p2a: Tauros|spd|1
|move|p1b: Abomasnow|Energy Ball|p2a: Tauros
|-supereffective|p2a: Tauros|1
|-damage|p2a: Tauros|0 fnt
|faint|p2a: Tauros
|
|-weather|Snowscape|[upkeep]
|-sideend|p1: lewibrad1098|move: Aurora Veil
|upkeep
|
|t:|1784379874
|switch|p2a: Manectric|Manectric-Mega, L50, F|55/100
|-ability|p2a: Manectric|Intimidate|boost
|-unboost|p1a: Golurk|atk|1
|-unboost|p1b: Abomasnow|atk|1
|turn|9
|inactive|FireBoyJ has 30 seconds left.
|inactive|FireBoyJ has 20 seconds left.
|inactive|FireBoyJ has 15 seconds left.
|inactive|FireBoyJ has 10 seconds left.
|
|t:|1784379924
|switch|p1a: Slowbro|Slowbro, L50, F|100/100
|move|p2a: Manectric|Snarl|p1a: Slowbro|[spread] p1a,p1b
|-supereffective|p1a: Slowbro|1
|-crit|p1a: Slowbro
|-damage|p1a: Slowbro|57/100
|-damage|p1b: Abomasnow|23/100
|-unboost|p1a: Slowbro|spa|1
|-unboost|p1b: Abomasnow|spa|1
|move|p2b: Floette|Dazzling Gleam|p1a: Slowbro|[spread] p1a,p1b
|-damage|p1a: Slowbro|27/100
|-damage|p1b: Abomasnow|0 fnt
|faint|p1b: Abomasnow
|
|-weather|Snowscape|[upkeep]
|upkeep
|
|t:|1784379929
|switch|p1b: Golurk|Golurk-Mega, L50|100/100
|turn|10
|inactive|FireBoyJ has 30 seconds left.
|
|t:|1784379959
|move|p2a: Manectric|Snarl|p1a: Slowbro|[spread] p1a,p1b
|-supereffective|p1a: Slowbro|1
|-supereffective|p1b: Golurk|1
|-damage|p1a: Slowbro|0 fnt
|-damage|p1b: Golurk|76/100
|-unboost|p1b: Golurk|spa|1
|faint|p1a: Slowbro
|move|p2b: Floette|Moonblast|p1b: Golurk
|-damage|p1b: Golurk|37/100
|move|p1b: Golurk|Poltergeist|p2b: Floette
|-activate|p2b: Floette|move: Poltergeist|Leftovers
|-damage|p2b: Floette|15/100
|
|-weather|none
|-heal|p2b: Floette|21/100|[from] item: Leftovers
|upkeep
|turn|11
|c|â˜†lewibrad1098|Gg
|
|t:|1784379979
|move|p2a: Manectric|Snarl|p1b: Golurk
|-supereffective|p1b: Golurk|1
|-crit|p1b: Golurk
|-damage|p1b: Golurk|0 fnt
|faint|p1b: Golurk
|
|win|FireBoyJ
|c|â˜†lewibrad1098|Thought I had you there
||lewibrad1098 is ready for game 2.
|inactive|FireBoyJ has 30 seconds to confirm battle start!
|c|â˜†FireBoyJ|I thought so aswell
|inactive|FireBoyJ has 20 seconds to confirm battle start!
|c|â˜†FireBoyJ|I think you could have just attacked
||FireBoyJ is ready for game 2.
|uhtml|next|Next: Game 2 of 3
