|j|‚ėÜPiablosVGC
|j|‚ėÜkommander
|html|PiablosVGCkommander    
|uhtml|bestof|Game 3 of a best-of-3
|t:|1784394682
|gametype|doubles
|player|p1|PiablosVGC|169|
|player|p2|kommander|#smogonxnpa2025winner|
|gen|9
|tier|[Gen 9 Champions] VGC 2026 Reg M-B (Bo3)
|rule|Species Clause: Limit one of each Pok√©mon
|rule|Item Clause: Limit 1 of each item
|clearpoke
|poke|p1|Incineroar, L50, M|
|poke|p1|Sneasler, L50, F|
|poke|p1|Kingambit, L50, M|
|poke|p1|Basculegion, L50, M|
|poke|p1|Dragonite, L50, M|
|poke|p1|Froslass, L50, F|
|poke|p2|Delphox, L50, M|
|poke|p2|Blastoise, L50, F|
|poke|p2|Sneasler, L50, M|
|poke|p2|Incineroar, L50, M|
|poke|p2|Sinistcha, L50|
|poke|p2|Kingambit, L50, F|
|teampreview|4
|showteam|p1|Incineroar||SitrusBerry|Intimidate|FakeOut,PartingShot,FlareBlitz,DarkestLariat|Careful||M|||50|]Sneasler||WhiteHerb|Unburden|Protect,FakeOut,DireClaw,CloseCombat|Jolly||F|||50|]Kingambit||BlackGlasses|Defiant|SuckerPunch,IronHead,Protect,KowtowCleave|Adamant||M|||50|]Basculegion||LifeOrb|Adaptability|Protect,LastRespects,WaveCrash,AquaJet|Jolly||M|||50|]Dragonite||Dragoninite|InnerFocus|Tailwind,Protect,DragonPulse,Flamethrower|Timid||M|||50|]Froslass||Froslassite|CursedBody|Protect,Blizzard,ShadowBall,AuroraVeil|Timid||F|||50|
|showteam|p2|Delphox||Delphoxite|Blaze|HeatWave,Psyshock,NastyPlot,Protect|Timid||M|||50|]Blastoise||Blastoisinite|RainDish|WaterSpout,DarkPulse,ShellSmash,Protect|Modest||F|||50|]Sneasler||FocusSash|PoisonTouch|DireClaw,CloseCombat,FakeOut,QuickGuard|Jolly||M|||50|]Incineroar||SitrusBerry|Intimidate|ThroatChop,FlareBlitz,FakeOut,PartingShot|Impish||M|||50|]Sinistcha||OccaBerry|Hospitality|MatchaGotcha,RagePowder,TrickRoom,Protect|Relaxed|||||50|]Kingambit||BlackGlasses|Defiant|KowtowCleave,SuckerPunch,SwordsDance,Protect|Adamant||F|||50|
|j| rooftni
|j| haxlolo
|j| charliezard7
|j| Lugia‚Ėľ‚Ė≤¬≤JP
|inactive|Battle timer is ON: inactive players will automatically lose when time's up. (requested by kommander)
|j| Destro16
|inactive|PiablosVGC has 60 seconds left.
|
|t:|1784394780
|teamsize|p1|4
|teamsize|p2|4
|start
|switch|p1a: Dragonite|Dragonite, L50, M|100/100
|switch|p1b: Sneasler|Sneasler, L50, F|100/100
|switch|p2a: Blastoise|Blastoise, L50, F|100/100
|switch|p2b: Sneasler|Sneasler, L50, M|100/100
|turn|1
|j| woopre
|
|t:|1784394793
|detailschange|p2a: Blastoise|Blastoise-Mega, L50, F
|-mega|p2a: Blastoise|Blastoise|Blastoisinite
|move|p2b: Sneasler|Fake Out|p1b: Sneasler
|-damage|p1b: Sneasler|75/100
|cant|p1b: Sneasler|flinch
|move|p1a: Dragonite|Tailwind|p1a: Dragonite
|-sidestart|p1: PiablosVGC|move: Tailwind
|move|p2a: Blastoise|Shell Smash|p2a: Blastoise
|-unboost|p2a: Blastoise|def|1
|-unboost|p2a: Blastoise|spd|1
|-boost|p2a: Blastoise|atk|2
|-boost|p2a: Blastoise|spa|2
|-boost|p2a: Blastoise|spe|2
|
|upkeep
|turn|2
|inactive|PiablosVGC has 30 seconds left.
|
|t:|1784394819
|switch|p2b: Sinistcha|Sinistcha, L50|100/100
|detailschange|p1a: Dragonite|Dragonite-Mega, L50, M
|-mega|p1a: Dragonite|Dragonite|Dragoninite
|move|p2a: Blastoise|Protect|p2a: Blastoise
|-singleturn|p2a: Blastoise|Protect
|move|p1b: Sneasler|Dire Claw|p2b: Sinistcha
|-crit|p2b: Sinistcha
|-damage|p2b: Sinistcha|50/100g
|move|p1a: Dragonite|Dragon Pulse|p2b: Sinistcha
|-damage|p2b: Sinistcha|1/100
|
|upkeep
|turn|3
|c|‚ėÜPiablosVGC|k liada
|inactive|PiablosVGC has 30 seconds left.
|inactive|kommander has 30 seconds left.
|c|‚ėÜkommander|Wtf xd
|inactive|kommander has 20 seconds left.
|inactive|kommander has 15 seconds left.
|inactive|kommander has 10 seconds left.
|
|t:|1784394868
|move|p2b: Sinistcha|Rage Powder|p2b: Sinistcha
|-singleturn|p2b: Sinistcha|move: Rage Powder
|move|p1b: Sneasler|Dire Claw|p2b: Sinistcha
|-damage|p2b: Sinistcha|0 fnt
|faint|p2b: Sinistcha
|move|p1a: Dragonite|Dragon Pulse|p2a: Blastoise
|-damage|p2a: Blastoise|26/100
|move|p2a: Blastoise|Water Spout|p1a: Dragonite|[spread] p1a,p1b
|-resisted|p1a: Dragonite|1
|-damage|p1a: Dragonite|92/100
|-damage|p1b: Sneasler|27/100
|
|upkeep
|
|t:|1784394878
|switch|p2b: Sneasler|Sneasler, L50, M|100/100
|turn|4
|inactive|PiablosVGC has 30 seconds left.
|
|t:|1784394912
|move|p2a: Blastoise|Protect|p2a: Blastoise
|-singleturn|p2a: Blastoise|Protect
|move|p2b: Sneasler|Fake Out|p1b: Sneasler
|-damage|p1b: Sneasler|2/100
|cant|p1b: Sneasler|flinch
|move|p1a: Dragonite|Dragon Pulse|p2b: Sneasler
|-damage|p2b: Sneasler|38/100
|
|-sideend|p1: PiablosVGC|move: Tailwind
|upkeep
|turn|5
|c|‚ėÜkommander|Jajaja
|
|t:|1784394930
|switch|p1b: Basculegion|Basculegion, L50, M|100/100
|move|p1a: Dragonite|Protect|p1a: Dragonite
|-singleturn|p1a: Dragonite|Protect
|move|p2a: Blastoise|Dark Pulse|p1a: Dragonite
|-activate|p1a: Dragonite|move: Protect
|move|p2b: Sneasler|Dire Claw|p1b: Basculegion
|-resisted|p1b: Basculegion|1
|-damage|p1b: Basculegion|71/100
|-status|p1b: Basculegion|slp
|
|upkeep
|turn|6
|c|‚ėÜPiablosVGC|no hombre no
|inactive|PiablosVGC has 30 seconds left.
|inactive|PiablosVGC has 20 seconds left.
|inactive|PiablosVGC has 15 seconds left.
|inactive|PiablosVGC has 10 seconds left.
|
|t:|1784394977
|cant|p1b: Basculegion|slp
|move|p2a: Blastoise|Dark Pulse|p1a: Dragonite
|-damage|p1a: Dragonite|17/100
|move|p2b: Sneasler|Dire Claw|p1a: Dragonite
|-damage|p1a: Dragonite|0 fnt
|faint|p1a: Dragonite
|
|upkeep
|c| woopre|dajksdadjksa
|c| rooftni|yay
|
|t:|1784394991
|switch|p1a: Sneasler|Sneasler, L50, F|2/100
|turn|7
|c| rooftni|I love dire claw
|c| charliezard7|roof
|
|t:|1784395005
|move|p2b: Sneasler|Quick Guard|p2b: Sneasler
|-singleturn|p2b: Sneasler|Quick Guard
|move|p1a: Sneasler|Fake Out|p2a: Blastoise
|-activate|p2a: Blastoise|move: Quick Guard
|cant|p1b: Basculegion|slp
|move|p2a: Blastoise|Dark Pulse|p1b: Basculegion
|-supereffective|p1b: Basculegion|1
|-damage|p1b: Basculegion|0 fnt
|faint|p1b: Basculegion
|
|upkeep
|
|t:|1784395008
|switch|p1b: Kingambit|Kingambit, L50, M|100/100
|turn|8
|inactive|PiablosVGC has 30 seconds left.
|inactive|kommander has 30 seconds left.
|
|t:|1784395042
|move|p1a: Sneasler|Protect|p1a: Sneasler
|-singleturn|p1a: Sneasler|Protect
|move|p2b: Sneasler|Quick Guard|p2b: Sneasler
|-singleturn|p2b: Sneasler|Quick Guard
|move|p2a: Blastoise|Water Spout|p1a: Sneasler|[spread] p1b
|-activate|p1a: Sneasler|move: Protect
|-damage|p1b: Kingambit|71/100
|move|p1b: Kingambit|Iron Head|p2b: Sneasler
|-damage|p2b: Sneasler|0 fnt
|faint|p2b: Sneasler
|
|upkeep
|
|t:|1784395045
|switch|p2b: Kingambit|Kingambit, L50, F|100/100
|turn|9
|
|t:|1784395055
|move|p2a: Blastoise|Protect|p2a: Blastoise
|-singleturn|p2a: Blastoise|Protect
|move|p1a: Sneasler|Protect||[still]
|-fail|p1a: Sneasler
|move|p1b: Kingambit|Sucker Punch||[still]
|-fail|p1b: Kingambit
|move|p2b: Kingambit|Sucker Punch||[still]
|-fail|p2b: Kingambit
|
|upkeep
|turn|10
|c| woopre|buen turno
|
|t:|1784395077
|move|p1a: Sneasler|Protect|p1a: Sneasler
|-singleturn|p1a: Sneasler|Protect
|move|p1b: Kingambit|Sucker Punch|p2a: Blastoise
|-damage|p2a: Blastoise|0 fnt
|faint|p2a: Blastoise
|move|p2b: Kingambit|Sucker Punch||[still]
|-fail|p2b: Kingambit
|
|upkeep
|turn|11
|
|t:|1784395087
|move|p1a: Sneasler|Protect||[still]
|-fail|p1a: Sneasler
|move|p1b: Kingambit|Kowtow Cleave|p2b: Kingambit
|-resisted|p2b: Kingambit|1
|-damage|p2b: Kingambit|79/100
|move|p2b: Kingambit|Kowtow Cleave|p1a: Sneasler
|-resisted|p1a: Sneasler|1
|-damage|p1a: Sneasler|0 fnt
|faint|p1a: Sneasler
|
|upkeep
|turn|12
|
|t:|1784395105
|move|p2b: Kingambit|Protect|p2b: Kingambit
|-singleturn|p2b: Kingambit|Protect
|move|p1b: Kingambit|Kowtow Cleave|p2b: Kingambit
|-activate|p2b: Kingambit|move: Protect
|
|upkeep
|turn|13
|
|t:|1784395109
|move|p1b: Kingambit|Kowtow Cleave|p2b: Kingambit
|-resisted|p2b: Kingambit|1
|-damage|p2b: Kingambit|59/100
|move|p2b: Kingambit|Swords Dance|p2b: Kingambit
|-boost|p2b: Kingambit|atk|2
|
|upkeep
|turn|14
|
|t:|1784395119
|move|p1b: Kingambit|Kowtow Cleave|p2b: Kingambit
|-resisted|p2b: Kingambit|1
|-damage|p2b: Kingambit|41/100
|move|p2b: Kingambit|Kowtow Cleave|p1b: Kingambit
|-resisted|p1b: Kingambit|1
|-damage|p1b: Kingambit|27/100
|
|upkeep
|turn|15
|
|t:|1784395127
|move|p1b: Kingambit|Iron Head|p2b: Kingambit
|-resisted|p2b: Kingambit|1
|-damage|p2b: Kingambit|25/100
|move|p2b: Kingambit|Kowtow Cleave|p1b: Kingambit
|-resisted|p1b: Kingambit|1
|-damage|p1b: Kingambit|0 fnt
|faint|p1b: Kingambit
|
|win|kommander
|c|‚ėÜPiablosVGC|gg
|l|‚ėÜPiablosVGC
|player|p1|
|l| rooftni
|l|‚ėÜkommander
|player|p2|
|l| charliezard7
|j|‚ėÜkommander
|player|p2|kommander|#smogonxnpa2025winner|
