|j|☆aitzol9l
|j|☆AbadanRiyi92
|html|aitzol9lAbadanRiyi92    
|uhtml|bestof|Game 2 of a best-of-3
|t:|1784733758
|gametype|doubles
|player|p1|aitzol9l|riley|1148
|player|p2|AbadanRiyi92|colress|1252
|gen|9
|tier|[Gen 9 Champions] VGC 2026 Reg M-B (Bo3)
|rated|
|rule|Species Clause: Limit one of each Pokémon
|rule|Item Clause: Limit 1 of each item
|clearpoke
|poke|p1|Charizard, L50, F|
|poke|p1|Garchomp, L50, M|
|poke|p1|Incineroar, L50, F|
|poke|p1|Venusaur, L50, M|
|poke|p1|Toxapex, L50, M|
|poke|p1|Sylveon, L50, F|
|poke|p2|Venusaur, L50, M|
|poke|p2|Grimmsnarl, L50, M|
|poke|p2|Politoed, L50, F|
|poke|p2|Archaludon, L50, F|
|poke|p2|Kingambit, L50, F|
|poke|p2|Aerodactyl, L50, F|
|teampreview|4
|showteam|p1|Charizard||CharizarditeY|SolarPower|WeatherBall,HeatWave,AncientPower,Protect|Modest||F|||50|]Garchomp||ChoiceScarf|RoughSkin|RockSlide,DragonClaw,Earthquake,StompingTantrum|Adamant||M|||50|]Incineroar||SitrusBerry|Intimidate|FlareBlitz,FakeOut,DarkestLariat,PartingShot|Impish||F|||50|]Venusaur||LifeOrb|Chlorophyll|SludgeBomb,LeafStorm,EarthPower,Protect|Modest||M|||50|]Toxapex||Leftovers|Regenerator|Infestation,Toxic,WideGuard,BanefulBunker|Bold||M|||50|]Sylveon||FairyFeather|Pixilate|HyperVoice,QuickAttack,Yawn,Detect|Modest||F|||50|
|showteam|p2|Venusaur||Venusaurite|Chlorophyll|GigaDrain,SludgeBomb,EarthPower,Protect|Modest||M|||50|]Grimmsnarl||LightClay|Prankster|PartingShot,Reflect,LightScreen,FoulPlay|Relaxed||M|||50|]Politoed||SitrusBerry|Drizzle|WeatherBall,PerishSong,Encore,Protect|Sassy||F|||50|]Archaludon||Leftovers|Stamina|ElectroShot,FlashCannon,DracoMeteor,Protect|Modest||F|||50|]Kingambit||BlackGlasses|Defiant|KowtowCleave,SuckerPunch,SwordsDance,Protect|Brave||F|||50|]Aerodactyl||Aerodactylite|Unnerve|RockSlide,DualWingbeat,Tailwind,Protect|Jolly||F|||50|
|
|t:|1784733795
|teamsize|p1|4
|teamsize|p2|4
|start
|switch|p1a: Charizard|Charizard, L50, F|100/100
|switch|p1b: Garchomp|Garchomp, L50, M|100/100
|switch|p2a: Grimmsnarl|Grimmsnarl, L50, M|100/100
|switch|p2b: Venusaur|Venusaur, L50, M|100/100
|turn|1
|inactive|Battle timer is ON: inactive players will automatically lose when time's up. (requested by AbadanRiyi92)
|inactive|AbadanRiyi92 has 60 seconds left.
|
|t:|1784733829
|detailschange|p1a: Charizard|Charizard-Mega-Y, L50, F
|-mega|p1a: Charizard|Charizard|Charizardite Y
|-weather|SunnyDay|[from] ability: Drought|[of] p1a: Charizard
|detailschange|p2b: Venusaur|Venusaur-Mega, L50, M
|-mega|p2b: Venusaur|Venusaur|Venusaurite
|move|p2a: Grimmsnarl|Parting Shot|p1b: Garchomp
|-unboost|p1b: Garchomp|atk|1
|-unboost|p1b: Garchomp|spa|1
|
|t:|1784733836
|switch|p2a: Politoed|Politoed, L50, F|100/100|[from] Parting Shot
|-weather|RainDance|[from] ability: Drizzle|[of] p2a: Politoed
|move|p1b: Garchomp|Earthquake|p2a: Politoed|[spread] p2a,p2b
|-immune|p1a: Charizard
|-crit|p2a: Politoed
|-damage|p2a: Politoed|45/100
|-damage|p2b: Venusaur|77/100
|-enditem|p2a: Politoed|Sitrus Berry|[eat]
|-heal|p2a: Politoed|70/100|[from] item: Sitrus Berry
|move|p1a: Charizard|Weather Ball|p2a: Politoed
|-resisted|p2a: Politoed|1
|-damage|p2a: Politoed|46/100
|move|p2b: Venusaur|Sludge Bomb|p1a: Charizard
|-damage|p1a: Charizard|59/100
|-status|p1a: Charizard|psn
|
|-weather|RainDance|[upkeep]
|-damage|p1a: Charizard|47/100 psn|[from] psn
|upkeep
|turn|2
|
|t:|1784733860
|switch|p1b: Venusaur|Venusaur, L50, M|100/100
|switch|p1a: Toxapex|Toxapex, L50, M|100/100
|switch|p2a: Archaludon|Archaludon, L50, F|100/100
|move|p2b: Venusaur|Giga Drain|p1b: Venusaur
|-resisted|p1b: Venusaur|2
|-damage|p1b: Venusaur|89/100
|-heal|p2b: Venusaur|81/100|[from] drain|[of] p1b: Venusaur
|
|-weather|RainDance|[upkeep]
|upkeep
|turn|3
|inactive|aitzol9l has 30 seconds left.
|
|t:|1784733890
|move|p1a: Toxapex|Baneful Bunker|p1a: Toxapex
|-singleturn|p1a: Toxapex|move: Protect
|move|p1b: Venusaur|Earth Power|p2a: Archaludon
|-supereffective|p2a: Archaludon|1
|-damage|p2a: Archaludon|27/100
|-unboost|p2a: Archaludon|spd|1
|-ability|p2a: Archaludon|Stamina|boost
|-boost|p2a: Archaludon|def|1
|-damage|p1b: Venusaur|80/100|[from] item: Life Orb
|move|p2a: Archaludon|Electro Shot||[still]
|-prepare|p2a: Archaludon|Electro Shot
|-boost|p2a: Archaludon|spa|1
|-anim|p2a: Archaludon|Electro Shot|p1a: Toxapex
|-activate|p1a: Toxapex|move: Protect
|move|p2b: Venusaur|Sludge Bomb|p1b: Venusaur
|-damage|p1b: Venusaur|28/100
|
|-weather|RainDance|[upkeep]
|-heal|p2a: Archaludon|33/100|[from] item: Leftovers
|upkeep
|turn|4
|inactive|aitzol9l has 30 seconds left.
|inactive|AbadanRiyi92 has 30 seconds left.
|
|t:|1784733917
|switch|p1a: Charizard|Charizard-Mega-Y, L50, F|47/100 psn
|-weather|SunnyDay|[from] ability: Drought|[of] p1a: Charizard
|move|p2a: Archaludon|Protect|p2a: Archaludon
|-singleturn|p2a: Archaludon|Protect
|move|p1b: Venusaur|Sludge Bomb|p2b: Venusaur
|-damage|p2b: Venusaur|31/100
|-damage|p1b: Venusaur|19/100|[from] item: Life Orb
|move|p2b: Venusaur|Sludge Bomb|p1b: Venusaur
|-damage|p1b: Venusaur|0 fnt
|faint|p1b: Venusaur
|
|-weather|SunnyDay|[upkeep]
|-heal|p2a: Archaludon|39/100|[from] item: Leftovers
|-damage|p1a: Charizard|34/100 psn|[from] psn
|upkeep
|inactive|aitzol9l has 30 seconds left.
|inactive|aitzol9l has 20 seconds left.
|inactive|aitzol9l has 15 seconds left.
|
|t:|1784733958
|switch|p1b: Garchomp|Garchomp, L50, M|100/100
|turn|5
|inactive|AbadanRiyi92 has 30 seconds left.
|inactive|AbadanRiyi92 has 20 seconds left.
|inactive|AbadanRiyi92 has 15 seconds left.
|inactive|AbadanRiyi92 has 10 seconds left.
|
|t:|1784734004
|switch|p2a: Politoed|Politoed, L50, F|46/100
|-weather|RainDance|[from] ability: Drizzle|[of] p2a: Politoed
|move|p2b: Venusaur|Protect|p2b: Venusaur
|-singleturn|p2b: Venusaur|Protect
|move|p1b: Garchomp|Earthquake|p2a: Politoed|[spread] p2a
|-activate|p2b: Venusaur|move: Protect
|-immune|p1a: Charizard
|-damage|p2a: Politoed|5/100
|move|p1a: Charizard|Heat Wave|p2b: Venusaur|[spread] p2a
|-activate|p2b: Venusaur|move: Protect
|-resisted|p2a: Politoed|1
|-damage|p2a: Politoed|0 fnt
|faint|p2a: Politoed
|
|-weather|RainDance|[upkeep]
|-damage|p1a: Charizard|22/100 psn|[from] psn
|upkeep
|
|t:|1784734021
|switch|p2a: Grimmsnarl|Grimmsnarl, L50, M|100/100
|turn|6
|
|t:|1784734042
|switch|p1b: Toxapex|Toxapex, L50, M|100/100
|move|p2a: Grimmsnarl|Parting Shot|p1b: Toxapex
|-unboost|p1b: Toxapex|atk|1
|-unboost|p1b: Toxapex|spa|1
|
|t:|1784734047
|switch|p2a: Archaludon|Archaludon, L50, F|39/100|[from] Parting Shot
|move|p1a: Charizard|Heat Wave|p2a: Archaludon|[spread] p2a,p2b
|-supereffective|p2b: Venusaur|1
|-damage|p2a: Archaludon|18/100
|-damage|p2b: Venusaur|14/100
|-ability|p2a: Archaludon|Stamina|boost
|-boost|p2a: Archaludon|def|1
|move|p2b: Venusaur|Giga Drain|p1b: Toxapex
|-damage|p1b: Toxapex|69/100
|-heal|p2b: Venusaur|27/100|[from] drain|[of] p1b: Toxapex
|
|-weather|RainDance|[upkeep]
|-heal|p2a: Archaludon|24/100|[from] item: Leftovers
|-heal|p1b: Toxapex|75/100|[from] item: Leftovers
|-damage|p1a: Charizard|9/100 psn|[from] psn
|upkeep
|turn|7
|inactive|aitzol9l has 30 seconds left.
|inactive|aitzol9l has 20 seconds left.
|inactive|aitzol9l has 15 seconds left.
|
|t:|1784734091
|switch|p1a: Garchomp|Garchomp, L50, M|100/100
|move|p1b: Toxapex|Baneful Bunker|p1b: Toxapex
|-singleturn|p1b: Toxapex|move: Protect
|move|p2a: Archaludon|Electro Shot||[still]
|-prepare|p2a: Archaludon|Electro Shot
|-boost|p2a: Archaludon|spa|1
|-anim|p2a: Archaludon|Electro Shot|p1b: Toxapex
|-activate|p1b: Toxapex|move: Protect
|move|p2b: Venusaur|Giga Drain|p1a: Garchomp
|-damage|p1a: Garchomp|50/100g
|-heal|p2b: Venusaur|52/100|[from] drain|[of] p1a: Garchomp
|
|-weather|RainDance|[upkeep]
|-heal|p2a: Archaludon|30/100|[from] item: Leftovers
|-heal|p1b: Toxapex|80/100|[from] item: Leftovers
|upkeep
|turn|8
|inactive|AbadanRiyi92 has 30 seconds left.
|
|t:|1784734122
|switch|p2b: Grimmsnarl|Grimmsnarl, L50, M|100/100
|-heal|p1b: Toxapex|100/100|[from] ability: Regenerator|[silent]
|switch|p1b: Charizard|Charizard-Mega-Y, L50, F|9/100 psn
|-weather|SunnyDay|[from] ability: Drought|[of] p1b: Charizard
|move|p2a: Archaludon|Protect|p2a: Archaludon
|-singleturn|p2a: Archaludon|Protect
|move|p1a: Garchomp|Earthquake|p2b: Grimmsnarl|[spread] p2b
|-activate|p2a: Archaludon|move: Protect
|-immune|p1b: Charizard
|-damage|p2b: Grimmsnarl|62/100
|
|-weather|SunnyDay|[upkeep]
|-heal|p2a: Archaludon|36/100|[from] item: Leftovers
|-damage|p1b: Charizard|0 fnt|[from] psn
|faint|p1b: Charizard
|upkeep
|
|t:|1784734139
|switch|p1b: Toxapex|Toxapex, L50, M|100/100
|turn|9
|inactive|aitzol9l has 30 seconds left.
|inactive|AbadanRiyi92 has 30 seconds left.
|
|t:|1784734168
|move|p2b: Grimmsnarl|Reflect|p2b: Grimmsnarl
|-sidestart|p2: AbadanRiyi92|Reflect
|move|p1a: Garchomp|Earthquake|p2b: Grimmsnarl|[spread] p1b,p2a,p2b
|-supereffective|p1b: Toxapex|1
|-supereffective|p2a: Archaludon|1
|-damage|p1b: Toxapex|46/100
|-damage|p2a: Archaludon|11/100
|-damage|p2b: Grimmsnarl|38/100
|-ability|p2a: Archaludon|Stamina|boost
|-boost|p2a: Archaludon|def|1
|move|p2a: Archaludon|Draco Meteor|p1a: Garchomp|[miss]
|-miss|p2a: Archaludon|p1a: Garchomp
|move|p1b: Toxapex|Infestation|p2b: Grimmsnarl
|-damage|p2b: Grimmsnarl|35/100
|-activate|p2b: Grimmsnarl|move: Infestation|[of] p1b: Toxapex
|
|-weather|SunnyDay|[upkeep]
|-heal|p2a: Archaludon|17/100|[from] item: Leftovers
|-heal|p1b: Toxapex|52/100|[from] item: Leftovers
|-damage|p2b: Grimmsnarl|23/100|[from] move: Infestation|[partiallytrapped]
|upkeep
|turn|10
|
|t:|1784734188
|move|p2a: Archaludon|Protect|p2a: Archaludon
|-singleturn|p2a: Archaludon|Protect
|move|p1b: Toxapex|Baneful Bunker|p1b: Toxapex
|-singleturn|p1b: Toxapex|move: Protect
|move|p2b: Grimmsnarl|Parting Shot|p1a: Garchomp
|-unboost|p1a: Garchomp|atk|1
|-unboost|p1a: Garchomp|spa|1
|
|t:|1784734196
|switch|p2b: Venusaur|Venusaur-Mega, L50, M|52/100|[from] Parting Shot
|move|p1a: Garchomp|Earthquake|p2b: Venusaur|[spread] p2b
|-activate|p1b: Toxapex|move: Protect
|-activate|p2a: Archaludon|move: Protect
|-damage|p2b: Venusaur|38/100
|
|-weather|SunnyDay|[upkeep]
|-heal|p2a: Archaludon|23/100|[from] item: Leftovers
|-heal|p1b: Toxapex|57/100|[from] item: Leftovers
|upkeep
|turn|11
|
|t:|1784734217
|move|p1a: Garchomp|Earthquake|p2b: Venusaur|[spread] p1b,p2a,p2b
|-supereffective|p1b: Toxapex|1
|-supereffective|p2a: Archaludon|1
|-damage|p1b: Toxapex|18/100
|-damage|p2a: Archaludon|9/100
|-damage|p2b: Venusaur|24/100
|-ability|p2a: Archaludon|Stamina|boost
|-boost|p2a: Archaludon|def|1
|move|p2a: Archaludon|Electro Shot||[still]
|-prepare|p2a: Archaludon|Electro Shot
|-boost|p2a: Archaludon|spa|1
|move|p2b: Venusaur|Giga Drain|p1a: Garchomp
|-damage|p1a: Garchomp|4/100
|-heal|p2b: Venusaur|47/100|[from] drain|[of] p1a: Garchomp
|move|p1b: Toxapex|Infestation|p2a: Archaludon
|-resisted|p2a: Archaludon|1
|-damage|p2a: Archaludon|8/100
|-activate|p2a: Archaludon|move: Infestation|[of] p1b: Toxapex
|-ability|p2a: Archaludon|Stamina|boost
|-boost|p2a: Archaludon|def|1
|
|-weather|SunnyDay|[upkeep]
|-heal|p2a: Archaludon|14/100|[from] item: Leftovers
|-heal|p1b: Toxapex|24/100|[from] item: Leftovers
|-damage|p2a: Archaludon|2/100|[from] move: Infestation|[partiallytrapped]
|upkeep
|turn|12
|
|t:|1784734240
|move|p1b: Toxapex|Baneful Bunker|p1b: Toxapex
|-singleturn|p1b: Toxapex|move: Protect
|move|p1a: Garchomp|Earthquake|p2b: Venusaur|[spread] p2a,p2b
|-activate|p1b: Toxapex|move: Protect
|-supereffective|p2a: Archaludon|1
|-damage|p2a: Archaludon|0 fnt
|-damage|p2b: Venusaur|32/100
|faint|p2a: Archaludon
|move|p2b: Venusaur|Giga Drain|p1a: Garchomp
|-damage|p1a: Garchomp|0 fnt
|-heal|p2b: Venusaur|34/100|[from] drain|[of] p1a: Garchomp
|faint|p1a: Garchomp
|
|-weather|none
|-heal|p1b: Toxapex|29/100|[from] item: Leftovers
|upkeep
|
|t:|1784734254
|switch|p2a: Grimmsnarl|Grimmsnarl, L50, M|23/100
|turn|13
|
|t:|1784734272
|move|p2a: Grimmsnarl|Parting Shot|p1b: Toxapex
|-unboost|p1b: Toxapex|atk|1
|-unboost|p1b: Toxapex|spa|1
|move|p2b: Venusaur|Giga Drain|p1b: Toxapex
|-damage|p1b: Toxapex|0 fnt
|-heal|p2b: Venusaur|47/100|[from] drain|[of] p1b: Toxapex
|faint|p1b: Toxapex
|
|win|AbadanRiyi92
||aitzol9l is ready for game 3.
