|j|☆Pzdns99
|j|☆parkertrainingarc
|html|Pzdns99parkertrainingarc    
|uhtml|bestof|Game 2 of a best-of-3
|t:|1757006753
|gametype|doubles
|player|p1|Pzdns99|grimsley|1181
|player|p2|parkertrainingarc|parasollady|1233
|gen|9
|tier|[Gen 9] VGC 2025 Reg H (Bo3)
|rated|
|rule|Species Clause: Limit one of each Pokémon
|rule|Item Clause: Limit 1 of each item
|clearpoke
|poke|p1|Lumineon, L50, F|
|poke|p1|Pelipper, L50, M|
|poke|p1|Archaludon, L50, F|
|poke|p1|Amoonguss, L50, M|
|poke|p1|Annihilape, L50, M|
|poke|p1|Weavile, L50, M|
|poke|p2|Sneasler, L50, M|
|poke|p2|Indeedee, L50, M|
|poke|p2|Volcarona, L50, M|
|poke|p2|Ursaluna-Bloodmoon, L50, M|
|poke|p2|Annihilape, L50, F|
|poke|p2|Tyranitar, L50, M|
|teampreview|4
|showteam|p1|Lumineon||CovertCloak|SwiftSwim|FlipTurn,Tailwind,Encore,RainDance|||F|||50|,,,,,Grass]Pelipper||ChoiceSpecs|Drizzle|Hurricane,MuddyWater,WeatherBall,Uturn|||M|||50|,,,,,Ghost]Archaludon||AssaultVest|Stamina|ElectroShot,BodyPress,Snarl,DracoMeteor|||F|||50|,,,,,Grass]Amoonguss||SitrusBerry|Regenerator|PollenPuff,Protect,RagePowder,Spore|||M|||50|,,,,,Psychic]Annihilape||SafetyGoggles|Defiant|DrainPunch,RageFist,BulkUp,Taunt|||M|||50|,,,,,Water]Weavile||FocusSash|Pickpocket|BeatUp,TripleAxel,KnockOff,Protect|||M|||50|,,,,,Ghost
|showteam|p2|Sneasler||PsychicSeed|Unburden|CloseCombat,DireClaw,ThroatChop,Protect|||M|||50|,,,,,Dark]Indeedee||ChoiceScarf|PsychicSurge|ExpandingForce,TeraBlast,Trick,Protect|||M|||50|,,,,,Psychic]Volcarona||SitrusBerry|FlameBody|Overheat,StruggleBug,RagePowder,Tailwind|||M|||50|,,,,,Grass]Ursaluna-Bloodmoon||LifeOrb|MindsEye|BloodMoon,HyperVoice,EarthPower,Protect|||M|||50|,,,,,Normal]Annihilape||SafetyGoggles|Defiant|CloseCombat,RageFist,Taunt,FinalGambit|||F|||50|,,,,,Fairy]Tyranitar||AssaultVest|SandStream|RockSlide,KnockOff,TeraBlast,LowKick|||M|||50|,,,,,Flying
|inactive|Battle timer is ON: inactive players will automatically lose when time's up. (requested by Pzdns99)
|inactive|parkertrainingarc has 60 seconds left.
|
|t:|1757006812
|teamsize|p1|4
|teamsize|p2|4
|start
|switch|p1a: Lumineon|Lumineon, L50, F|100/100
|switch|p1b: Pelipper|Pelipper, L50, M|100/100
|switch|p2a: Porcelain Hands|Annihilape, L50, F|100/100
|switch|p2b: Aldehydes|Volcarona, L50, M|100/100
|-weather|RainDance|[from] ability: Drizzle|[of] p1b: Pelipper
|turn|1
|inactive|parkertrainingarc has 30 seconds left.
|
|t:|1757006838
|-terastallize|p2b: Aldehydes|Grass
|-terastallize|p1b: Pelipper|Ghost
|move|p1a: Lumineon|Tailwind|p1a: Lumineon
|-sidestart|p1: Pzdns99|move: Tailwind
|move|p1b: Pelipper|Hurricane|p2a: Porcelain Hands
|-supereffective|p2a: Porcelain Hands
|-crit|p2a: Porcelain Hands
|-damage|p2a: Porcelain Hands|0 fnt
|faint|p2a: Porcelain Hands
|move|p2b: Aldehydes|Tailwind|p2b: Aldehydes
|-sidestart|p2: parkertrainingarc|move: Tailwind
|
|-weather|RainDance|[upkeep]
|upkeep
|
|t:|1757006848
|switch|p2a: Meanie|Indeedee, L50, M|100/100
|-fieldstart|move: Psychic Terrain|[from] ability: Psychic Surge|[of] p2a: Meanie
|turn|2
|
|t:|1757006859
|switch|p1b: Weavile|Weavile, L50, M|100/100
|move|p1a: Lumineon|Encore|p2b: Aldehydes
|-start|p2b: Aldehydes|Encore
|move|p2a: Meanie|Expanding Force|p1a: Lumineon|[spread] p1a
|-immune|p1b: Weavile
|-damage|p1a: Lumineon|33/100
|move|p2b: Aldehydes|Tailwind||[still]
|-fail|p2b: Aldehydes
|
|-weather|RainDance|[upkeep]
|upkeep
|turn|3
|
|t:|1757006880
|switch|p1a: Amoonguss|Amoonguss, L50, M|100/100
|switch|p2b: Mio Min Mio|Ursaluna-Bloodmoon, L50, M|100/100
|move|p2a: Meanie|Expanding Force|p1a: Amoonguss|[spread] p1a
|-immune|p1b: Weavile
|-supereffective|p1a: Amoonguss
|-damage|p1a: Amoonguss|21/100
|-enditem|p1a: Amoonguss|Sitrus Berry|[eat]
|-heal|p1a: Amoonguss|45/100|[from] item: Sitrus Berry
|move|p1b: Weavile|Knock Off|p2a: Meanie
|-supereffective|p2a: Meanie
|-damage|p2a: Meanie|0 fnt
|-enditem|p2a: Meanie|Choice Scarf|[from] move: Knock Off|[of] p1b: Weavile
|faint|p2a: Meanie
|
|-weather|RainDance|[upkeep]
|upkeep
|
|t:|1757006888
|switch|p2a: Aldehydes|Volcarona, L50, M, tera:Grass|100/100
|turn|4
|
|t:|1757006913
|move|p2a: Aldehydes|Rage Powder|p2a: Aldehydes
|-singleturn|p2a: Aldehydes|move: Rage Powder
|move|p1b: Weavile|Triple Axel|p2a: Aldehydes
|-supereffective|p2a: Aldehydes
|-damage|p2a: Aldehydes|73/100
|-supereffective|p2a: Aldehydes
|-damage|p2a: Aldehydes|16/100
|-enditem|p2a: Aldehydes|Sitrus Berry|[eat]
|-heal|p2a: Aldehydes|41/100|[from] item: Sitrus Berry
|-hitcount|p2a: Aldehydes|2
|move|p2b: Mio Min Mio|Hyper Voice|p1a: Amoonguss|[spread] p1a,p1b
|-damage|p1a: Amoonguss|6/100
|-damage|p1b: Weavile|31/100
|-damage|p2b: Mio Min Mio|91/100|[from] item: Life Orb
|move|p1a: Amoonguss|Spore|p2b: Mio Min Mio
|-status|p2b: Mio Min Mio|slp|[from] move: Spore
|
|-weather|RainDance|[upkeep]
|-sideend|p1: Pzdns99|move: Tailwind
|-sideend|p2: parkertrainingarc|move: Tailwind
|upkeep
|turn|5
|
|t:|1757006936
|move|p1b: Weavile|Triple Axel|p2a: Aldehydes
|-supereffective|p2a: Aldehydes
|-damage|p2a: Aldehydes|11/100
|-status|p1b: Weavile|brn|[from] ability: Flame Body|[of] p2a: Aldehydes
|-supereffective|p2a: Aldehydes
|-damage|p2a: Aldehydes|0 fnt
|faint|p2a: Aldehydes
|-hitcount|p2: Aldehydes|2
|cant|p2b: Mio Min Mio|slp
|move|p1a: Amoonguss|Pollen Puff|p1b: Weavile
|-heal|p1b: Weavile|80/100 brn
|
|-weather|none
|-damage|p1b: Weavile|74/100 brn|[from] brn
|upkeep
|turn|6
|
|t:|1757006958
|move|p1b: Weavile|Knock Off|p2b: Mio Min Mio
|-damage|p2b: Mio Min Mio|70/100 slp
|-enditem|p2b: Mio Min Mio|Life Orb|[from] move: Knock Off|[of] p1b: Weavile
|-curestatus|p2b: Mio Min Mio|slp|[msg]
|move|p2b: Mio Min Mio|Hyper Voice|p1a: Amoonguss|[spread] p1a,p1b
|-damage|p1a: Amoonguss|0 fnt
|-damage|p1b: Weavile|20/100 brn
|faint|p1a: Amoonguss
|
|-damage|p1b: Weavile|14/100 brn|[from] brn
|-fieldend|move: Psychic Terrain
|upkeep
|
|t:|1757006965
|switch|p1a: Pelipper|Pelipper, L50, M, tera:Ghost|100/100
|-weather|RainDance|[from] ability: Drizzle|[of] p1a: Pelipper
|turn|7
|
|t:|1757006971
|move|p1b: Weavile|Triple Axel|p2b: Mio Min Mio
|-supereffective|p2b: Mio Min Mio
|-damage|p2b: Mio Min Mio|61/100
|-supereffective|p2b: Mio Min Mio
|-damage|p2b: Mio Min Mio|44/100
|-supereffective|p2b: Mio Min Mio
|-damage|p2b: Mio Min Mio|18/100
|-hitcount|p2b: Mio Min Mio|3
|move|p1a: Pelipper|Weather Ball|p2b: Mio Min Mio
|-supereffective|p2b: Mio Min Mio
|-damage|p2b: Mio Min Mio|0 fnt
|faint|p2b: Mio Min Mio
|
|win|Pzdns99
|raw|Pzdns99's rating: 1181 → 1210(+29 for winning)
|raw|parkertrainingarc's rating: 1233 → 1204(-29 for losing)
|l|☆parkertrainingarc
|player|p2|
