|j|☆Trancamaulas
|j|☆Divine Monkey King
|html|TrancamaulasDivine Monkey King    
|uhtml|bestof|Game 1 of a best-of-3
|t:|1782395836
|gametype|doubles
|player|p1|Trancamaulas|266|1000
|player|p2|Divine Monkey King|rocketgrunt|1036
|gen|9
|tier|[Gen 9 Champions] VGC 2026 Reg M-B (Bo3)
|rated|
|rule|Species Clause: Limit one of each Pokémon
|rule|Item Clause: Limit 1 of each item
|clearpoke
|poke|p1|Gengar, L50, F|
|poke|p1|Sneasler, L50, F|
|poke|p1|Eelektross, L50, F, shiny|
|poke|p1|Metagross, L50, shiny|
|poke|p1|Milotic, L50, M|
|poke|p1|Hydreigon, L50, M|
|poke|p2|Whimsicott, L50, F, shiny|
|poke|p2|Lucario, L50, M, shiny|
|poke|p2|Pelipper, L50, M, shiny|
|poke|p2|Beedrill, L50, M, shiny|
|poke|p2|Annihilape, L50, M, shiny|
|poke|p2|Basculegion, L50, M, shiny|
|teampreview|4
|showteam|p1|Gengar||FocusSash|CursedBody|ShadowClaw,IcyWind,Taunt,SludgeBomb|Timid||F|||50|]Sneasler||WhiteHerb|Unburden|DireClaw,FakeOut,CloseCombat,Protect|Jolly||F|||50|]Eelektross||Eelektrossite|Levitate|SupercellSlam,DragonClaw,DrainPunch,Protect|Adamant||F|||50|]Metagross||Metagrossite|ClearBody|Protect,PsychicFangs,IronHead,IcePunch|Jolly|||||50|]Milotic||Leftovers|Competitive|Scald,Protect,Recover,IcyWind|Modest||M|||50|]Hydreigon||ChoiceScarf|Levitate|DarkPulse,DracoMeteor,Flamethrower,Snarl|Timid||M|||50|
|showteam|p2|Whimsicott||FocusSash|Prankster|Encore,Protect,Tailwind,BeatUp|Serious||F|||50|]Lucario||Lucarionite|Justified|Crunch,DrainPunch,PoisonJab,Protect|Jolly||M|||50|]Pelipper||SitrusBerry|Drizzle|Hurricane,IceBeam,Protect,WeatherBall|Timid||M|||50|]Beedrill||Beedrillite|Sniper|DrillRun,PoisonJab,Protect,FellStinger|Jolly||M|||50|]Annihilape||Leftovers|Defiant|BulkUp,DrainPunch,RockSlide,Taunt|Adamant||M|||50|]Basculegion||MysticWater|SwiftSwim|AquaJet,FlipTurn,LastRespects,Protect|Adamant||M|||50|
|
|t:|1782395869
|teamsize|p1|4
|teamsize|p2|4
|start
|switch|p1a: Gengar|Gengar, L50, F|100/100
|switch|p1b: Sneasler|Sneasler, L50, F|100/100
|switch|p2a: Pelipper|Pelipper, L50, M, shiny|100/100
|switch|p2b: Basculegion|Basculegion, L50, M, shiny|100/100
|-weather|RainDance|[from] ability: Drizzle|[of] p2a: Pelipper
|turn|1
|
|t:|1782395913
|switch|p1a: Hydreigon|Hydreigon, L50, M|100/100
|move|p1b: Sneasler|Fake Out|p2a: Pelipper
|-damage|p2a: Pelipper|79/100
|move|p2b: Basculegion|Flip Turn|p1a: Hydreigon
|-resisted|p1a: Hydreigon|1
|-damage|p1a: Hydreigon|69/100
|
|t:|1782395934
|switch|p2b: Beedrill|Beedrill, L50, M, shiny|100/100|[from] Flip Turn
|cant|p2a: Pelipper|flinch
|
|-weather|RainDance|[upkeep]
|upkeep
|turn|2
|c|☆Divine Monkey King|THE BEE
|
|t:|1782395972
|switch|p1b: Eelektross|Eelektross, L50, F, shiny|100/100
|detailschange|p2b: Beedrill|Beedrill-Mega, L50, M, shiny
|-mega|p2b: Beedrill|Beedrill|Beedrillite
|move|p1a: Hydreigon|Draco Meteor|p2b: Beedrill
|-damage|p2b: Beedrill|0 fnt
|-unboost|p1a: Hydreigon|spa|2
|faint|p2b: Beedrill
|move|p2a: Pelipper|Hurricane|p1b: Eelektross
|-resisted|p1b: Eelektross|1
|-crit|p1b: Eelektross
|-damage|p1b: Eelektross|65/100
|
|-weather|RainDance|[upkeep]
|upkeep
|c|☆Divine Monkey King|L scarf
|
|t:|1782396003
|switch|p2b: Basculegion|Basculegion, L50, M, shiny|100/100
|turn|3
|
|t:|1782396066
|switch|p1a: Sneasler|Sneasler, L50, F|100/100
|detailschange|p1b: Eelektross|Eelektross-Mega, L50, F, shiny
|-mega|p1b: Eelektross|Eelektross|Eelektrossite
|move|p1b: Eelektross|Protect|p1b: Eelektross
|-singleturn|p1b: Eelektross|Protect
|move|p2b: Basculegion|Last Respects|p1b: Eelektross
|-activate|p1b: Eelektross|move: Protect
|move|p2a: Pelipper|Ice Beam|p1a: Sneasler
|-damage|p1a: Sneasler|66/100
|
|-weather|RainDance|[upkeep]
|upkeep
|turn|4
|inactive|Battle timer is ON: inactive players will automatically lose when time's up. (requested by Trancamaulas)
|inactive|Divine Monkey King has 60 seconds left.
|
|t:|1782396119
|move|p1a: Sneasler|Fake Out|p2a: Pelipper
|-damage|p2a: Pelipper|61/100
|move|p2b: Basculegion|Last Respects|p1a: Sneasler
|-damage|p1a: Sneasler|0 fnt
|faint|p1a: Sneasler
|cant|p2a: Pelipper|flinch
|move|p1b: Eelektross|Supercell Slam|p2b: Basculegion
|-supereffective|p2b: Basculegion|1
|-damage|p2b: Basculegion|0 fnt
|faint|p2b: Basculegion
|-ability|p1b: Eelektross|Eelevate|boost
|-boost|p1b: Eelektross|atk|1
|
|-weather|RainDance|[upkeep]
|upkeep
|
|t:|1782396135
|switch|p1a: Gengar|Gengar, L50, F|100/100
|switch|p2b: Lucario|Lucario, L50, M, shiny|100/100
|turn|5
|
|t:|1782396149
|move|p1b: Eelektross|Protect|p1b: Eelektross
|-singleturn|p1b: Eelektross|Protect
|move|p1a: Gengar|Icy Wind|p2a: Pelipper|[spread] p2a,p2b
|-resisted|p2b: Lucario|1
|-damage|p2a: Pelipper|42/100
|-damage|p2b: Lucario|87/100
|-unboost|p2a: Pelipper|spe|1
|-unboost|p2b: Lucario|spe|1
|-enditem|p2a: Pelipper|Sitrus Berry|[eat]
|-heal|p2a: Pelipper|67/100|[from] item: Sitrus Berry
|move|p2b: Lucario|Crunch|p1a: Gengar
|-supereffective|p1a: Gengar|1
|-damage|p1a: Gengar|2/100
|move|p2a: Pelipper|Weather Ball|p1b: Eelektross
|-activate|p1b: Eelektross|move: Protect
|
|-weather|none
|upkeep
|turn|6
|
|t:|1782396170
|move|p1a: Gengar|Icy Wind|p2a: Pelipper|[spread] p2a,p2b
|-resisted|p2b: Lucario|1
|-damage|p2a: Pelipper|46/100
|-damage|p2b: Lucario|76/100
|-unboost|p2a: Pelipper|spe|1
|-unboost|p2b: Lucario|spe|1
|move|p1b: Eelektross|Drain Punch|p2b: Lucario
|-supereffective|p2b: Lucario|1
|-damage|p2b: Lucario|0 fnt
|-heal|p1b: Eelektross|97/100|[from] drain|[of] p2b: Lucario
|faint|p2b: Lucario
|-ability|p1b: Eelektross|Eelevate|boost
|-boost|p1b: Eelektross|atk|1
|move|p2a: Pelipper|Ice Beam|p1a: Gengar
|-damage|p1a: Gengar|0 fnt
|faint|p1a: Gengar
|
|upkeep
|
|t:|1782396184
|switch|p1a: Hydreigon|Hydreigon, L50, M|69/100
|turn|7
|
|t:|1782396188
|move|p1a: Hydreigon|Dark Pulse|p2a: Pelipper
|-damage|p2a: Pelipper|0 fnt
|faint|p2a: Pelipper
|
|win|Trancamaulas
||Divine Monkey King is ready for game 2.
|l|☆Trancamaulas
|player|p1|
||Trancamaulas is ready for game 2.
|uhtml|next|Next: Game 2 of 3
