|j|☆SRareFox
|j|☆capspungo
|html|SRareFoxcapspungo    
|uhtml|bestof|Game 1 of a best-of-3
|t:|1757172128
|gametype|doubles
|player|p1|SRareFox|169|1293
|player|p2|capspungo|266|1205
|gen|9
|tier|[Gen 9] VGC 2025 Reg H (Bo3)
|rated|
|rule|Species Clause: Limit one of each Pokémon
|rule|Item Clause: Limit 1 of each item
|clearpoke
|poke|p1|Hatterene, L50, F|
|poke|p1|Indeedee-F, L50, F|
|poke|p1|Gallade, L50, M|
|poke|p1|Ursaluna, L50, M|
|poke|p1|Torkoal, L50, F|
|poke|p1|Porygon2, L50|
|poke|p2|Dragonite, L50, M|
|poke|p2|Annihilape, L50, F|
|poke|p2|Rillaboom, L50, M|
|poke|p2|Electabuzz, L50, M|
|poke|p2|Incineroar, L50, M|
|poke|p2|Gholdengo, L50|
|teampreview|4
|showteam|p1|Hatterene||LifeOrb|MagicBounce|ExpandingForce,DazzlingGleam,TrickRoom,MysticalFire|||F|||50|,,,,,Fire]Indeedee-F||SafetyGoggles|PsychicSurge|Psychic,FollowMe,TrickRoom,HelpingHand|||F|||50|,,,,,Water]Gallade||ClearAmulet|Sharpness|PsychoCut,SacredSword,TrickRoom,WideGuard|||M|||50|,,,,,Grass]Ursaluna||FlameOrb|Guts|Facade,HeadlongRush,Earthquake,Protect|||M|||50|,,,,,Ghost]Torkoal||Charcoal|Drought|Eruption,WeatherBall,ClearSmog,Protect|||F|||50|,,,,,Fire]Porygon2||Eviolite|Download|IceBeam,TeraBlast,TrickRoom,Recover||||||50|,,,,,Flying
|showteam|p2|Dragonite||LoadedDice|Multiscale|ScaleShot,ExtremeSpeed,Haze,Protect|||M|||50|,,,,,Fairy]Annihilape||FocusSash|Defiant|Coaching,Taunt,RageFist,CloseCombat|||F|||50|,,,,,Stellar]Rillaboom||AssaultVest|GrassySurge|WoodHammer,GrassyGlide,HighHorsepower,FakeOut|||M|||50|,,,,,Water]Electabuzz||Eviolite|VitalSpirit|Electroweb,FollowMe,Thunderbolt,Protect|||M|||50|,,,,,Ghost]Incineroar||MirrorHerb|Intimidate|FakeOut,PartingShot,FlareBlitz,KnockOff|||M|||50|,,,,,Water]Gholdengo||SitrusBerry|GoodasGold|MakeItRain,ShadowBall,NastyPlot,Protect||||||50|,,,,,Water
|inactive|Battle timer is ON: inactive players will automatically lose when time's up. (requested by SRareFox)
|inactive|SRareFox has 60 seconds left.
|inactive|capspungo has 60 seconds left.
|inactive|SRareFox has 30 seconds left.
|inactive|SRareFox has 20 seconds left.
|
|t:|1757172201
|teamsize|p1|4
|teamsize|p2|4
|start
|switch|p1a: Hatterene|Hatterene, L50, F|100/100
|switch|p1b: Indeedee|Indeedee-F, L50, F|100/100
|switch|p2a: Electabuzz|Electabuzz, L50, M|100/100
|switch|p2b: Gholdengo|Gholdengo, L50|100/100
|-fieldstart|move: Psychic Terrain|[from] ability: Psychic Surge|[of] p1b: Indeedee
|turn|1
|inactive|capspungo has 30 seconds left.
|
|t:|1757172228
|-terastallize|p1a: Hatterene|Fire
|move|p2a: Electabuzz|Thunderbolt|p1b: Indeedee
|-damage|p1b: Indeedee|72/100
|move|p2b: Gholdengo|Make It Rain|p1b: Indeedee|[spread] p1a,p1b
|-resisted|p1a: Hatterene
|-damage|p1a: Hatterene|77/100
|-damage|p1b: Indeedee|34/100
|-unboost|p2b: Gholdengo|spa|1
|move|p1a: Hatterene|Expanding Force|p2a: Electabuzz|[spread] p2a,p2b
|-resisted|p2b: Gholdengo
|-damage|p2a: Electabuzz|27/100
|-damage|p2b: Gholdengo|55/100
|-damage|p1a: Hatterene|68/100|[from] item: Life Orb
|move|p1b: Indeedee|Trick Room|p1b: Indeedee
|-fieldstart|move: Trick Room|[of] p1b: Indeedee
|
|upkeep
|turn|2
|inactive|SRareFox has 30 seconds left.
|
|t:|1757172255
|switch|p1b: Torkoal|Torkoal, L50, F|100/100
|-weather|SunnyDay|[from] ability: Drought|[of] p1b: Torkoal
|switch|p2a: Rillaboom|Rillaboom, L50, M|100/100
|-fieldstart|move: Grassy Terrain|[from] ability: Grassy Surge|[of] p2a: Rillaboom
|move|p2b: Gholdengo|Protect|p2b: Gholdengo
|-singleturn|p2b: Gholdengo|Protect
|move|p1a: Hatterene|Dazzling Gleam|p2b: Gholdengo|[spread] p2a
|-activate|p2b: Gholdengo|move: Protect
|-damage|p2a: Rillaboom|66/100
|-damage|p1a: Hatterene|58/100|[from] item: Life Orb
|
|-weather|SunnyDay|[upkeep]
|-heal|p1a: Hatterene|64/100|[from] Grassy Terrain
|-heal|p2a: Rillaboom|72/100|[from] Grassy Terrain
|-heal|p2b: Gholdengo|60/100|[from] Grassy Terrain
|upkeep
|turn|3
|inactive|capspungo has 30 seconds left.
|inactive|capspungo has 20 seconds left.
|inactive|capspungo has 15 seconds left.
|inactive|capspungo has 10 seconds left.
|
|t:|1757172302
|switch|p1a: Indeedee|Indeedee-F, L50, F|34/100
|-fieldstart|move: Psychic Terrain|[from] ability: Psychic Surge|[of] p1a: Indeedee
|switch|p2b: Electabuzz|Electabuzz, L50, M|27/100
|-terastallize|p2a: Rillaboom|Water
|move|p1b: Torkoal|Eruption|p2b: Electabuzz|[spread] p2a,p2b
|-resisted|p2a: Rillaboom
|-damage|p2a: Rillaboom|35/100
|-damage|p2b: Electabuzz|0 fnt
|faint|p2b: Electabuzz
|move|p2a: Rillaboom|High Horsepower|p1b: Torkoal
|-supereffective|p1b: Torkoal
|-damage|p1b: Torkoal|50/100
|
|-weather|SunnyDay|[upkeep]
|upkeep
|
|t:|1757172326
|switch|p2b: Gholdengo|Gholdengo, L50|60/100
|turn|4
|
|t:|1757172350
|switch|p1b: Gallade|Gallade, L50, M|100/100
|switch|p1a: Hatterene|Hatterene, L50, F, tera:Fire|64/100
|switch|p2a: Annihilape|Annihilape, L50, F|100/100
|move|p2b: Gholdengo|Protect||[still]
|-fail|p2b: Gholdengo
|
|-weather|SunnyDay|[upkeep]
|upkeep
|turn|5
|inactive|SRareFox has 30 seconds left.
|inactive|SRareFox has 20 seconds left.
|inactive|SRareFox has 15 seconds left.
|inactive|SRareFox has 10 seconds left.
|inactive|capspungo has 30 seconds left.
|inactive|SRareFox has 5 seconds left.
|
|t:|1757172405
|move|p2b: Gholdengo|Protect|p2b: Gholdengo
|-singleturn|p2b: Gholdengo|Protect
|move|p1a: Hatterene|Expanding Force|p2a: Annihilape|[spread] p2a
|-activate|p2b: Gholdengo|move: Protect
|-supereffective|p2a: Annihilape
|-enditem|p2a: Annihilape|Focus Sash
|-damage|p2a: Annihilape|1/100
|-damage|p1a: Hatterene|54/100|[from] item: Life Orb
|move|p1b: Gallade|Psycho Cut|p2a: Annihilape
|-supereffective|p2a: Annihilape
|-damage|p2a: Annihilape|0 fnt
|faint|p2a: Annihilape
|
|-weather|SunnyDay|[upkeep]
|-fieldend|move: Trick Room
|upkeep
|
|t:|1757172416
|switch|p2a: Rillaboom|Rillaboom, L50, M, tera:Water|35/100
|-fieldstart|move: Grassy Terrain|[from] ability: Grassy Surge|[of] p2a: Rillaboom
|turn|6
|inactive|SRareFox has 30 seconds left.
|inactive|capspungo has 30 seconds left.
|
|t:|1757172446
|switch|p1a: Indeedee|Indeedee-F, L50, F|34/100
|-fieldstart|move: Psychic Terrain|[from] ability: Psychic Surge|[of] p1a: Indeedee
|move|p2b: Gholdengo|Nasty Plot|p2b: Gholdengo
|-boost|p2b: Gholdengo|spa|2
|move|p2a: Rillaboom|High Horsepower|p1a: Indeedee
|-damage|p1a: Indeedee|0 fnt
|faint|p1a: Indeedee
|move|p1b: Gallade|Trick Room|p1b: Gallade
|-fieldstart|move: Trick Room|[of] p1b: Gallade
|
|-weather|none
|upkeep
|-message|capspungo forfeited.
|
|win|SRareFox
|l|☆capspungo
|player|p2|
