|j|☆Notaplaceofhonor
|j|☆rorain fearow
|html|Notaplaceofhonorrorain fearow    
|uhtml|bestof|Game 1 of a best-of-3
|t:|1757802638
|gametype|doubles
|player|p1|Notaplaceofhonor|juan-gen3|1118
|player|p2|rorain fearow|birdkeeper|1075
|gen|9
|tier|[Gen 9] VGC 2025 Reg H (Bo3)
|rated|
|rule|Species Clause: Limit one of each Pokémon
|rule|Item Clause: Limit 1 of each item
|clearpoke
|poke|p1|Gholdengo, L50|
|poke|p1|Sneasler, L50, M|
|poke|p1|Dragonite, L50, M|
|poke|p1|Incineroar, L50, M|
|poke|p1|Ursaluna-Bloodmoon, L50, M|
|poke|p1|Rillaboom, L50, M|
|poke|p2|Talonflame, L50, M|
|poke|p2|Milotic, L50, F|
|poke|p2|Sinistcha, L50|
|poke|p2|Gardevoir, L50, F|
|poke|p2|Dragonite, L50, M|
|poke|p2|Ursaluna, L50, F|
|teampreview|4
|showteam|p1|Gholdengo||LifeOrb|GoodasGold|Protect,NastyPlot,MakeItRain,ShadowBall||||||50|,,,,,Water]Sneasler||FocusSash|Unburden|DireClaw,CloseCombat,Coaching,FakeOut|||M|||50|,,,,,Ghost]Dragonite||LoadedDice|Multiscale|Protect,ScaleShot,Haze,Tailwind|||M|||50|,,,,,Steel]Incineroar||SafetyGoggles|Intimidate|FlareBlitz,FakeOut,PartingShot,KnockOff|||M|||50|,,,,,Ghost]Ursaluna-Bloodmoon||GrassySeed|MindsEye|Protect,CalmMind,BloodMoon,EarthPower|||M|||50|,,,,,Electric]Rillaboom||AssaultVest|GrassySurge|WoodHammer,GrassyGlide,FakeOut,HighHorsepower|||M|||50|,,,,,Fire
|showteam|p2|Talonflame||FocusSash|GaleWings|WillOWisp,Tailwind,DualWingbeat,Protect|||M|||50|,,,,,Ghost]Milotic||CovertCloak|Competitive|Scald,IcyWind,Recover,Protect|||F|||50|,,,,,Grass]Sinistcha||SitrusBerry|Hospitality|MatchaGotcha,RagePowder,TrickRoom,Protect||||||50|,,,,,Fairy]Gardevoir||KebiaBerry|Telepathy|TrickRoom,Moonblast,DestinyBond,Protect|||F|||50|,,,,,Grass]Dragonite||LoadedDice|InnerFocus|ScaleShot,Tailwind,Haze,Protect|||M|||50|,,,,,Steel]Ursaluna||FlameOrb|Guts|HeadlongRush,Earthquake,Facade,Protect|||F|||50|,,,,,Ghost
|
|t:|1757802672
|teamsize|p1|4
|teamsize|p2|4
|start
|switch|p1a: Gholdengo|Gholdengo, L50|100/100
|switch|p1b: Sneasler|Sneasler, L50, M|100/100
|switch|p2a: Gardevoir|Gardevoir, L50, F|100/100
|switch|p2b: Ursaluna|Ursaluna, L50, F|100/100
|turn|1
|
|t:|1757802702
|-terastallize|p2b: Ursaluna|Ghost
|move|p1b: Sneasler|Dire Claw|p2a: Gardevoir
|-supereffective|p2a: Gardevoir
|-enditem|p2a: Gardevoir|Kebia Berry|[eat]
|-enditem|p2a: Gardevoir|Kebia Berry|[weaken]
|-damage|p2a: Gardevoir|48/100
|-status|p2a: Gardevoir|par
|move|p1a: Gholdengo|Make It Rain|p2a: Gardevoir|[spread] p2a,p2b
|-supereffective|p2a: Gardevoir
|-damage|p2a: Gardevoir|0 fnt
|-damage|p2b: Ursaluna|46/100
|-unboost|p1a: Gholdengo|spa|1
|faint|p2a: Gardevoir
|-damage|p1a: Gholdengo|91/100|[from] item: Life Orb
|move|p2b: Ursaluna|Earthquake|p1b: Sneasler|[spread] p1a,p1b
|-supereffective|p1a: Gholdengo
|-supereffective|p1b: Sneasler
|-damage|p1a: Gholdengo|0 fnt
|-enditem|p1b: Sneasler|Focus Sash
|-damage|p1b: Sneasler|1/100
|faint|p1a: Gholdengo
|
|-status|p2b: Ursaluna|brn|[from] item: Flame Orb
|upkeep
|
|t:|1757802726
|switch|p1a: Ursaluna|Ursaluna-Bloodmoon, L50, M|100/100
|switch|p2a: Talonflame|Talonflame, L50, M|100/100
|turn|2
|
|t:|1757802778
|switch|p1b: Rillaboom|Rillaboom, L50, M|100/100
|-fieldstart|move: Grassy Terrain|[from] ability: Grassy Surge|[of] p1b: Rillaboom
|-enditem|p1a: Ursaluna|Grassy Seed
|-boost|p1a: Ursaluna|def|1|[from] item: Grassy Seed
|move|p2a: Talonflame|Dual Wingbeat|p1b: Rillaboom
|-supereffective|p1b: Rillaboom
|-damage|p1b: Rillaboom|72/100
|-supereffective|p1b: Rillaboom
|-damage|p1b: Rillaboom|42/100
|-hitcount|p1b: Rillaboom|2
|move|p2b: Ursaluna|Facade|p1a: Ursaluna
|-damage|p1a: Ursaluna|45/100
|move|p1a: Ursaluna|Blood Moon|p2b: Ursaluna
|-damage|p2b: Ursaluna|0 fnt
|faint|p2b: Ursaluna
|
|-heal|p1b: Rillaboom|47/100|[from] Grassy Terrain
|-heal|p1a: Ursaluna|51/100|[from] Grassy Terrain
|upkeep
|
|t:|1757802793
|switch|p2b: Milotic|Milotic, L50, F|100/100
|turn|3
|
|t:|1757802834
|-terastallize|p1a: Ursaluna|Electric
|move|p2a: Talonflame|Dual Wingbeat|p1b: Rillaboom
|-supereffective|p1b: Rillaboom
|-damage|p1b: Rillaboom|15/100
|-supereffective|p1b: Rillaboom
|-damage|p1b: Rillaboom|0 fnt
|faint|p1b: Rillaboom
|-hitcount|p1: Rillaboom|2
|move|p2b: Milotic|Scald|p1a: Ursaluna
|-damage|p1a: Ursaluna|23/100
|move|p1a: Ursaluna|Calm Mind|p1a: Ursaluna
|-boost|p1a: Ursaluna|spa|1
|-boost|p1a: Ursaluna|spd|1
|
|-heal|p1a: Ursaluna|29/100|[from] Grassy Terrain
|upkeep
|
|t:|1757802844
|switch|p1b: Sneasler|Sneasler, L50, M|1/100
|turn|4
|
|t:|1757802860
|move|p2a: Talonflame|Protect|p2a: Talonflame
|-singleturn|p2a: Talonflame|Protect
|move|p2b: Milotic|Protect|p2b: Milotic
|-singleturn|p2b: Milotic|Protect
|move|p1b: Sneasler|Dire Claw|p2a: Talonflame
|-activate|p2a: Talonflame|move: Protect
|move|p1a: Ursaluna|Calm Mind|p1a: Ursaluna
|-boost|p1a: Ursaluna|spa|1
|-boost|p1a: Ursaluna|spd|1
|
|-heal|p1b: Sneasler|7/100|[from] Grassy Terrain
|-heal|p1a: Ursaluna|35/100|[from] Grassy Terrain
|upkeep
|turn|5
|
|t:|1757802878
|move|p2a: Talonflame|Dual Wingbeat|p1b: Sneasler
|-supereffective|p1b: Sneasler
|-damage|p1b: Sneasler|0 fnt
|faint|p1b: Sneasler
|-hitcount|p1: Sneasler|1
|move|p2b: Milotic|Scald|p1a: Ursaluna
|-damage|p1a: Ursaluna|19/100
|move|p1a: Ursaluna|Blood Moon|p2b: Milotic
|-damage|p2b: Milotic|0 fnt
|faint|p2b: Milotic
|
|-heal|p1a: Ursaluna|25/100|[from] Grassy Terrain
|upkeep
|turn|6
|
|t:|1757802906
|move|p1a: Ursaluna|Protect|p1a: Ursaluna
|-singleturn|p1a: Ursaluna|Protect
|move|p2a: Talonflame|Dual Wingbeat|p1a: Ursaluna
|-activate|p1a: Ursaluna|move: Protect
|
|-heal|p1a: Ursaluna|31/100|[from] Grassy Terrain
|-fieldend|move: Grassy Terrain
|upkeep
|turn|7
|
|t:|1757802913
|move|p2a: Talonflame|Protect|p2a: Talonflame
|-singleturn|p2a: Talonflame|Protect
|move|p1a: Ursaluna|Calm Mind|p1a: Ursaluna
|-boost|p1a: Ursaluna|spa|1
|-boost|p1a: Ursaluna|spd|1
|
|upkeep
|turn|8
|
|t:|1757802923
|move|p2a: Talonflame|Dual Wingbeat|p1a: Ursaluna
|-resisted|p1a: Ursaluna
|-damage|p1a: Ursaluna|28/100
|-resisted|p1a: Ursaluna
|-crit|p1a: Ursaluna
|-damage|p1a: Ursaluna|20/100
|-hitcount|p1a: Ursaluna|2
|move|p1a: Ursaluna|Blood Moon|p2a: Talonflame
|-enditem|p2a: Talonflame|Focus Sash
|-damage|p2a: Talonflame|1/100
|
|upkeep
|turn|9
|-message|rorain fearow forfeited.
|
|win|Notaplaceofhonor
