|j|☆Vitaaum1
|j|☆cal_cvgcl
|html|Vitaaum1cal_cvgcl    
|uhtml|bestof|Game 2 of a best-of-3
|t:|1756406604
|gametype|doubles
|player|p1|Vitaaum1|169|1099
|player|p2|cal_cvgcl|169|1142
|gen|9
|tier|[Gen 9] VGC 2025 Reg H (Bo3)
|rated|
|rule|Species Clause: Limit one of each Pokémon
|rule|Item Clause: Limit 1 of each item
|clearpoke
|poke|p1|Espeon, L50, F|
|poke|p1|Indeedee-F, L50, F|
|poke|p1|Whimsicott, L50, F|
|poke|p1|Torkoal, L50, M|
|poke|p1|Kommo-o, L50, M|
|poke|p1|Incineroar, L50, F|
|poke|p2|Gholdengo, L50|
|poke|p2|Amoonguss, L50, M|
|poke|p2|Basculegion, L50, M|
|poke|p2|Pelipper, L50, M|
|poke|p2|Incineroar, L50, F|
|poke|p2|Archaludon, L50, F|
|teampreview|4
|showteam|p1|Espeon||FocusSash|MagicBounce|ExpandingForce,TeraBlast,WeatherBall,Protect|||F|||50|,,,,,Fighting]Indeedee-F||RockyHelmet|PsychicSurge|DazzlingGleam,FollowMe,HelpingHand,TrickRoom|||F|||50|,,,,,Fairy]Whimsicott||CovertCloak|Prankster|Moonblast,Tailwind,Taunt,SunnyDay|||F|||50|,,,,,Ghost]Torkoal||Charcoal|Drought|Eruption,HeatWave,EarthPower,Protect|||M|||50|,,,,,Fire]Kommo-o||Leftovers|Overcoat|Flamethrower,ClangorousSoul,BodyPress,Protect|||M|||50|,,,,,Fairy]Incineroar||SitrusBerry|Intimidate|KnockOff,FlareBlitz,PartingShot,FakeOut|||F|||50|,,,,,Grass
|showteam|p2|Gholdengo||LifeOrb|GoodasGold|MakeItRain,ShadowBall,NastyPlot,Protect||||||50|,,,,,Water]Amoonguss||SitrusBerry|Regenerator|Spore,RagePowder,PollenPuff,Protect|||M|||50|,,,,,Psychic]Basculegion||ChoiceBand|SwiftSwim|WaveCrash,FlipTurn,LastRespects,AquaJet|||M|||50|,,,,,Water]Pelipper||FocusSash|Drizzle|WeatherBall,Hurricane,Tailwind,Protect|||M|||50|,,,,,Ground]Incineroar||SafetyGoggles|Intimidate|FlareBlitz,KnockOff,PartingShot,FakeOut|||F|||50|,,,,,Ghost]Archaludon||AssaultVest|Stamina|ElectroShot,FlashCannon,DracoMeteor,BodyPress|||F|||50|,,,,,Bug
|inactive|Battle timer is ON: inactive players will automatically lose when time's up. (requested by cal_cvgcl)
|inactive|cal_cvgcl has 60 seconds left.
|
|t:|1756406637
|teamsize|p1|4
|teamsize|p2|4
|start
|switch|p1a: Nova|Espeon, L50, F|100/100
|switch|p1b: Indeedee|Indeedee-F, L50, F|100/100
|switch|p2a: Archaludon|Archaludon, L50, F|100/100
|switch|p2b: Basculegion|Basculegion, L50, M|100/100
|-fieldstart|move: Psychic Terrain|[from] ability: Psychic Surge|[of] p1b: Indeedee
|turn|1
|inactive|cal_cvgcl has 30 seconds left.
|
|t:|1756406671
|move|p1b: Indeedee|Follow Me|p1b: Indeedee
|-singleturn|p1b: Indeedee|move: Follow Me
|move|p2b: Basculegion|Aqua Jet|p1b: Indeedee
|-activate|p1b: Indeedee|move: Psychic Terrain
|move|p1a: Nova|Expanding Force|p2b: Basculegion|[spread] p2a,p2b
|-resisted|p2a: Archaludon
|-damage|p2a: Archaludon|79/100
|-damage|p2b: Basculegion|30/100
|-ability|p2a: Archaludon|Stamina|boost
|-boost|p2a: Archaludon|def|1
|move|p2a: Archaludon|Electro Shot||[still]
|-prepare|p2a: Archaludon|Electro Shot
|-boost|p2a: Archaludon|spa|1
|
|upkeep
|turn|2
|
|t:|1756406690
|switch|p2b: Incineroar|Incineroar, L50, F|100/100
|-ability|p2b: Incineroar|Intimidate|boost
|-unboost|p1a: Nova|atk|1
|-unboost|p1b: Indeedee|atk|1
|-terastallize|p1a: Nova|Fighting
|move|p1b: Indeedee|Helping Hand|p1a: Nova
|-singleturn|p1a: Nova|Helping Hand|[of] p1b: Indeedee
|move|p1a: Nova|Tera Blast|p2a: Archaludon|[anim] Tera Blast Fighting
|-supereffective|p2a: Archaludon
|-damage|p2a: Archaludon|0 fnt
|faint|p2a: Archaludon
|
|upkeep
|
|t:|1756406703
|switch|p2a: Basculegion|Basculegion, L50, M|30/100
|turn|3
|
|t:|1756406727
|switch|p2b: Pelipper|Pelipper, L50, M|100/100
|-weather|RainDance|[from] ability: Drizzle|[of] p2b: Pelipper
|-terastallize|p2a: Basculegion|Water
|move|p1b: Indeedee|Follow Me|p1b: Indeedee
|-singleturn|p1b: Indeedee|move: Follow Me
|move|p2a: Basculegion|Flip Turn|p1b: Indeedee
|-damage|p1b: Indeedee|0 fnt
|-damage|p2a: Basculegion|13/100|[from] item: Rocky Helmet|[of] p1b: Indeedee
|faint|p1b: Indeedee
|
|t:|1756406738
|switch|p2a: Incineroar|Incineroar, L50, F|100/100|[from] Flip Turn
|-ability|p2a: Incineroar|Intimidate|boost
|-unboost|p1a: Nova|atk|1
|move|p1a: Nova|Expanding Force|p2b: Pelipper|[spread] p2b
|-immune|p2a: Incineroar
|-enditem|p2b: Pelipper|Focus Sash
|-damage|p2b: Pelipper|1/100
|
|-weather|RainDance|[upkeep]
|upkeep
|
|t:|1756406757
|switch|p1b: Torkoal|Torkoal, L50, M|100/100
|-weather|SunnyDay|[from] ability: Drought|[of] p1b: Torkoal
|turn|4
|
|t:|1756406766
|move|p2b: Pelipper|Protect|p2b: Pelipper
|-singleturn|p2b: Pelipper|Protect
|move|p1a: Nova|Expanding Force|p2b: Pelipper|[spread] 
|-activate|p2b: Pelipper|move: Protect
|-immune|p2a: Incineroar
|move|p2a: Incineroar|Flare Blitz|p1a: Nova
|-enditem|p1a: Nova|Focus Sash
|-damage|p1a: Nova|1/100
|-damage|p2a: Incineroar|78/100|[from] Recoil
|move|p1b: Torkoal|Earth Power|p2a: Incineroar
|-supereffective|p2a: Incineroar
|-damage|p2a: Incineroar|28/100
|-unboost|p2a: Incineroar|spd|1
|
|-weather|SunnyDay|[upkeep]
|upkeep
|turn|5
|inactive|Vitaaum1 has 30 seconds left.
|
|t:|1756406795
|switch|p1a: Whimsicott|Whimsicott, L50, F|100/100
|switch|p2b: Basculegion|Basculegion, L50, M, tera:Water|13/100
|move|p2a: Incineroar|Parting Shot|p1b: Torkoal
|-unboost|p1b: Torkoal|atk|1
|-unboost|p1b: Torkoal|spa|1
|
|t:|1756406802
|switch|p2a: Pelipper|Pelipper, L50, M|1/100|[from] Parting Shot
|-weather|RainDance|[from] ability: Drizzle|[of] p2a: Pelipper
|move|p1b: Torkoal|Heat Wave|p2b: Basculegion|[spread] p2a,p2b
|-resisted|p2a: Pelipper
|-resisted|p2b: Basculegion
|-crit|p2b: Basculegion
|-damage|p2a: Pelipper|0 fnt
|-damage|p2b: Basculegion|0 fnt
|faint|p2a: Pelipper
|faint|p2b: Basculegion
|
|-weather|RainDance|[upkeep]
|-fieldend|move: Psychic Terrain
|upkeep
|
|t:|1756406805
|switch|p2b: Incineroar|Incineroar, L50, F|28/100
|-ability|p2b: Incineroar|Intimidate|boost
|-unboost|p1a: Whimsicott|atk|1
|-unboost|p1b: Torkoal|atk|1
|turn|6
|
|t:|1756406816
|move|p1a: Whimsicott|Moonblast|p2b: Incineroar
|-damage|p2b: Incineroar|3/100
|move|p2b: Incineroar|Knock Off|p1b: Torkoal
|-damage|p1b: Torkoal|70/100
|-enditem|p1b: Torkoal|Charcoal|[from] move: Knock Off|[of] p2b: Incineroar
|move|p1b: Torkoal|Earth Power|p2b: Incineroar
|-supereffective|p2b: Incineroar
|-damage|p2b: Incineroar|0 fnt
|faint|p2b: Incineroar
|
|win|Vitaaum1
||cal_cvgcl is ready for game 3.
|inactive|Vitaaum1 has 30 seconds to confirm battle start!
||Vitaaum1 is ready for game 3.
|uhtml|next|Next: Game 3 of 3
