|j|☆Sunside
|j|☆tatsulol
|html|Sunsidetatsulol    
|uhtml|bestof|Game 1 of a best-of-3
|t:|1785671853
|gametype|doubles
|player|p1|Sunside|pokemonbreeder-gen4|1141
|player|p2|tatsulol|169|1243
|gen|9
|tier|[Gen 9 Champions] VGC 2026 Reg M-B (Bo3)
|rated|
|rule|Species Clause: Limit one of each Pokémon
|rule|Item Clause: Limit 1 of each item
|clearpoke
|poke|p1|Dragapult, L50, M|
|poke|p1|Ninetales-Alola, L50, F|
|poke|p1|Lycanroc-Dusk, L50, F|
|poke|p1|Kingambit, L50, F|
|poke|p1|Scovillain, L50, M|
|poke|p1|Raichu, L50, F|
|poke|p2|Staraptor, L50, M|
|poke|p2|Milotic, L50, F|
|poke|p2|Tyranitar, L50, M|
|poke|p2|Gholdengo, L50|
|poke|p2|Excadrill, L50, M|
|poke|p2|Sinistcha, L50|
|teampreview|4
|showteam|p1|Dragapult||DragonFang|ClearBody|DragonDance,DragonDarts,PhantomForce,Protect|Jolly||M|||50|]Ninetales-Alola||NeverMeltIce|SnowWarning|Blizzard,FreezeDry,AuroraVeil,Protect|Timid||F|||50|]Lycanroc-Dusk||FocusSash|ToughClaws|RockSlide,CloseCombat,Accelerock,Protect|Jolly||F|||50|]Kingambit||LifeOrb|Defiant|KowtowCleave,IronHead,SuckerPunch,Protect|Adamant||F|||50|]Scovillain||Scovillainite|Moody|RagePowder,Overheat,GigaDrain,Protect|Bold||M|||50|]Raichu||RaichuniteY|Static|FakeOut,ZapCannon,FocusBlast,Protect|Timid||F|||50|
|showteam|p2|Staraptor||Staraptite|Intimidate|BraveBird,CloseCombat,Tailwind,Protect|Jolly||M|||50|]Milotic||SitrusBerry|Competitive|Scald,IceBeam,IcyWind,Protect|Modest||F|||50|]Tyranitar||Tyranitarite|SandStream|RockSlide,KnockOff,LowKick,Protect|Adamant||M|||50|]Gholdengo||ChoiceScarf|GoodasGold|ShadowBall,MakeItRain,Thunderbolt,PowerGem|Modest|||||50|]Excadrill||FocusSash|SandRush|HighHorsepower,IronHead,RockSlide,Protect|Adamant||M|||50|]Sinistcha||CobaBerry|Hospitality|MatchaGotcha,RagePowder,TrickRoom,LifeDew|Relaxed|||||50|
|inactive|Battle timer is ON: inactive players will automatically lose when time's up. (requested by tatsulol)
|inactive|Sunside has 60 seconds left.
|inactive|tatsulol has 60 seconds left.
|
|t:|1785671898
|teamsize|p1|4
|teamsize|p2|4
|start
|switch|p1a: Kingambit|Kingambit, L50, F|100/100
|switch|p1b: Scovillain|Scovillain, L50, M|100/100
|switch|p2a: Staraptor|Staraptor, L50, M|100/100
|switch|p2b: Gholdengo|Gholdengo, L50|100/100
|-ability|p2a: Staraptor|Intimidate|boost
|-unboost|p1a: Kingambit|atk|1
|-ability|p1a: Kingambit|Defiant|boost
|-boost|p1a: Kingambit|atk|2
|-unboost|p1b: Scovillain|atk|1
|turn|1
|inactive|tatsulol has 30 seconds left.
|inactive|tatsulol has 20 seconds left.
|
|t:|1785671935
|switch|p2b: Tyranitar|Tyranitar, L50, M|100/100
|-weather|Sandstorm|[from] ability: Sand Stream|[of] p2b: Tyranitar
|detailschange|p2a: Staraptor|Staraptor-Mega, L50, M
|-mega|p2a: Staraptor|Staraptor|Staraptite
|detailschange|p1b: Scovillain|Scovillain-Mega, L50, M
|-mega|p1b: Scovillain|Scovillain|Scovillainite
|move|p1b: Scovillain|Rage Powder|p1b: Scovillain
|-singleturn|p1b: Scovillain|move: Rage Powder
|move|p1a: Kingambit|Sucker Punch||[still]
|-fail|p1a: Kingambit
|move|p2a: Staraptor|Close Combat|p1b: Scovillain
|-damage|p1b: Scovillain|51/100
|-boost|p2a: Staraptor|def|1
|-boost|p2a: Staraptor|spd|1
|-status|p2a: Staraptor|brn|[from] ability: Spicy Spray|[of] p1b: Scovillain
|
|-weather|Sandstorm|[upkeep]
|-damage|p2a: Staraptor|93/100 brn|[from] Sandstorm
|-damage|p1b: Scovillain|45/100|[from] Sandstorm
|-damage|p2a: Staraptor|87/100 brn|[from] brn
|upkeep
|turn|2
|inactive|Sunside has 30 seconds left.
|inactive|tatsulol has 30 seconds left.
|
|t:|1785671962
|move|p1b: Scovillain|Rage Powder|p1b: Scovillain
|-singleturn|p1b: Scovillain|move: Rage Powder
|move|p2a: Staraptor|Close Combat|p1b: Scovillain
|-damage|p1b: Scovillain|20/100y
|-boost|p2a: Staraptor|def|1
|-boost|p2a: Staraptor|spd|1
|move|p2b: Tyranitar|Rock Slide|p1b: Scovillain|[spread] p1a,p1b
|-resisted|p1a: Kingambit|1
|-supereffective|p1b: Scovillain|1
|-damage|p1a: Kingambit|87/100
|-damage|p1b: Scovillain|0 fnt
|-status|p2b: Tyranitar|brn|[from] ability: Spicy Spray|[of] p1b: Scovillain
|faint|p1b: Scovillain
|cant|p1a: Kingambit|flinch
|
|-weather|Sandstorm|[upkeep]
|-damage|p2a: Staraptor|81/100 brn|[from] Sandstorm
|-damage|p2a: Staraptor|75/100 brn|[from] brn
|-damage|p2b: Tyranitar|94/100 brn|[from] brn
|upkeep
|
|t:|1785671971
|switch|p1b: Ninetales|Ninetales-Alola, L50, F|100/100
|-weather|Snowscape|[from] ability: Snow Warning|[of] p1b: Ninetales
|turn|3
|
|t:|1785671988
|move|p1a: Kingambit|Protect|p1a: Kingambit
|-singleturn|p1a: Kingambit|Protect
|move|p2a: Staraptor|Close Combat|p1a: Kingambit
|-activate|p1a: Kingambit|move: Protect
|move|p1b: Ninetales|Blizzard|p2a: Staraptor|[spread] p2a,p2b
|-supereffective|p2a: Staraptor|1
|-damage|p2a: Staraptor|36/100 brn
|-damage|p2b: Tyranitar|59/100 brn
|move|p2b: Tyranitar|Rock Slide|p1a: Kingambit|[spread] p1b
|-activate|p1a: Kingambit|move: Protect
|-supereffective|p1b: Ninetales|1
|-damage|p1b: Ninetales|67/100
|
|-weather|Snowscape|[upkeep]
|-damage|p2a: Staraptor|30/100 brn|[from] brn
|-damage|p2b: Tyranitar|53/100 brn|[from] brn
|upkeep
|turn|4
|inactive|tatsulol has 30 seconds left.
|
|t:|1785672015
|switch|p2b: Gholdengo|Gholdengo, L50|100/100
|move|p1a: Kingambit|Sucker Punch||[still]
|-fail|p1a: Kingambit
|move|p2a: Staraptor|Close Combat|p1a: Kingambit
|-supereffective|p1a: Kingambit|2
|-damage|p1a: Kingambit|0 fnt
|-boost|p2a: Staraptor|def|1
|-boost|p2a: Staraptor|spd|1
|faint|p1a: Kingambit
|move|p1b: Ninetales|Blizzard|p2b: Gholdengo|[spread] p2a,p2b
|-supereffective|p2a: Staraptor|1
|-resisted|p2b: Gholdengo|1
|-damage|p2a: Staraptor|0 fnt
|-damage|p2b: Gholdengo|78/100
|faint|p2a: Staraptor
|
|-weather|Snowscape|[upkeep]
|upkeep
|
|t:|1785672027
|switch|p2a: Tyranitar|Tyranitar, L50, M|53/100 brn
|switch|p1a: Lycanroc|Lycanroc-Dusk, L50, F|100/100
|-weather|Sandstorm|[from] ability: Sand Stream|[of] p2a: Tyranitar
|turn|5
|
|t:|1785672044
|move|p1b: Ninetales|Protect|p1b: Ninetales
|-singleturn|p1b: Ninetales|Protect
|move|p2b: Gholdengo|Make It Rain|p1a: Lycanroc|[spread] p1a
|-activate|p1b: Ninetales|move: Protect
|-supereffective|p1a: Lycanroc|1
|-enditem|p1a: Lycanroc|Focus Sash
|-damage|p1a: Lycanroc|1/100
|-unboost|p2b: Gholdengo|spa|2
|move|p1a: Lycanroc|Close Combat|p2a: Tyranitar
|-supereffective|p2a: Tyranitar|2
|-damage|p2a: Tyranitar|0 fnt
|-unboost|p1a: Lycanroc|def|1
|-unboost|p1a: Lycanroc|spd|1
|faint|p2a: Tyranitar
|
|-weather|Sandstorm|[upkeep]
|-damage|p1b: Ninetales|61/100|[from] Sandstorm
|upkeep
|
|t:|1785672056
|switch|p2a: Excadrill|Excadrill, L50, M|100/100
|turn|6
|
|t:|1785672066
|move|p2a: Excadrill|Iron Head|p1b: Ninetales
|-supereffective|p1b: Ninetales|2
|-damage|p1b: Ninetales|0 fnt
|faint|p1b: Ninetales
|move|p2b: Gholdengo|Make It Rain|p1a: Lycanroc
|-supereffective|p1a: Lycanroc|1
|-damage|p1a: Lycanroc|0 fnt
|-unboost|p2b: Gholdengo|spa|2
|faint|p1a: Lycanroc
|
|win|tatsulol
||tatsulol is ready for game 2.
||Sunside is ready for game 2.
|uhtml|next|Next: Game 2 of 3
|l|☆tatsulol
|player|p2|
