|j|☆mudkipc4
|j|☆w0lfeyc0nperish
|html|mudkipc4w0lfeyc0nperish    
|uhtml|bestof|Game 2 of a best-of-3
|t:|1756249977
|gametype|doubles
|player|p1|mudkipc4|norman|1279
|player|p2|w0lfeyc0nperish|101|1290
|gen|9
|tier|[Gen 9] VGC 2025 Reg H (Bo3)
|rated|
|rule|Species Clause: Limit one of each Pokémon
|rule|Item Clause: Limit 1 of each item
|clearpoke
|poke|p1|Incineroar, L50, M|
|poke|p1|Garchomp, L50, M|
|poke|p1|Talonflame, L50, F|
|poke|p1|Tyranitar, L50, F|
|poke|p1|Gothitelle, L50, F|
|poke|p1|Gholdengo, L50|
|poke|p2|Incineroar, L50, F|
|poke|p2|Archaludon, L50, M|
|poke|p2|Kingdra, L50, F|
|poke|p2|Amoonguss, L50, M|
|poke|p2|Politoed, L50, M|
|poke|p2|Gothitelle, L50, M|
|teampreview|4
|showteam|p1|Incineroar||RockyHelmet|Intimidate|FakeOut,KnockOff,FlareBlitz,PartingShot|||M|||50|,,,,,Grass]Garchomp||ClearAmulet|SandVeil|SwordsDance,Protect,Earthquake,DragonClaw|||M|||50|,,,,,Ground]Talonflame||SafetyGoggles|GaleWings|Tailwind,BraveBird,WillOWisp,QuickGuard|||F|||50|,,,,,Ghost]Tyranitar||AssaultVest|SandStream|RockSlide,KnockOff,LowKick,TeraBlast|||F|||50|,,,,,Flying]Gothitelle||SitrusBerry|ShadowTag|FakeOut,Psychic,Taunt,Protect|||F|||50|,,,,,Grass]Gholdengo||Leftovers|GoodasGold|NastyPlot,MakeItRain,ShadowBall,Protect||||||50|,,,,,Steel
|showteam|p2|Incineroar||SafetyGoggles|Intimidate|PartingShot,KnockOff,FakeOut,Protect|||F|||50|,,,,,Ghost]Archaludon||PowerHerb|Sturdy|ElectroShot,FlashCannon,DragonPulse,Protect|||M|||50|,,,,,Electric]Kingdra||LifeOrb|SwiftSwim|WeatherBall,DracoMeteor,MuddyWater,Protect|||F|||50|,,,,,Stellar]Amoonguss||EjectButton|Regenerator|PollenPuff,Spore,RagePowder,Protect|||M|||50|,,,,,Fairy]Politoed||Leftovers|Drizzle|WeatherBall,PerishSong,Encore,Protect|||M|||50|,,,,,Grass]Gothitelle||SitrusBerry|ShadowTag|Psychic,TrickRoom,FakeOut,Protect|||M|||50|,,,,,Dark
|inactive|Battle timer is ON: inactive players will automatically lose when time's up. (requested by mudkipc4)
|inactive|w0lfeyc0nperish has 60 seconds left.
|
|t:|1756250022
|teamsize|p1|4
|teamsize|p2|4
|start
|switch|p1a: Gothitelle|Gothitelle, L50, F|100/100
|switch|p1b: Incineroar|Incineroar, L50, M|100/100
|switch|p2a: Archaludon|Archaludon, L50, M|100/100
|switch|p2b: Gothitelle|Gothitelle, L50, M|100/100
|-ability|p1b: Incineroar|Intimidate|boost
|-unboost|p2a: Archaludon|atk|1
|-unboost|p2b: Gothitelle|atk|1
|turn|1
|
|t:|1756250036
|move|p2a: Archaludon|Protect|p2a: Archaludon
|-singleturn|p2a: Archaludon|Protect
|move|p2b: Gothitelle|Protect|p2b: Gothitelle
|-singleturn|p2b: Gothitelle|Protect
|move|p1a: Gothitelle|Fake Out|p2a: Archaludon
|-activate|p2a: Archaludon|move: Protect
|move|p1b: Incineroar|Parting Shot|p2b: Gothitelle
|-activate|p2b: Gothitelle|move: Protect
|
|upkeep
|turn|2
|inactive|w0lfeyc0nperish has 30 seconds left.
|inactive|w0lfeyc0nperish has 20 seconds left.
|inactive|w0lfeyc0nperish has 15 seconds left.
|
|t:|1756250081
|switch|p2b: Amoonguss|Amoonguss, L50, M|100/100
|-terastallize|p2a: Archaludon|Electric
|move|p1a: Gothitelle|Protect|p1a: Gothitelle
|-singleturn|p1a: Gothitelle|Protect
|move|p2a: Archaludon|Electro Shot||[still]
|-prepare|p2a: Archaludon|Electro Shot
|-boost|p2a: Archaludon|spa|1
|-enditem|p2a: Archaludon|Power Herb
|-anim|p2a: Archaludon|Electro Shot|p1b: Incineroar
|-crit|p1b: Incineroar
|-damage|p1b: Incineroar|0 fnt
|faint|p1b: Incineroar
|
|upkeep
|
|t:|1756250093
|switch|p1b: Garchomp|Garchomp, L50, M|100/100
|turn|3
|
|t:|1756250109
|-terastallize|p1b: Garchomp|Ground
|move|p2a: Archaludon|Electro Shot||[still]
|-prepare|p2a: Archaludon|Electro Shot
|-boost|p2a: Archaludon|spa|1
|move|p1b: Garchomp|Earthquake|p2a: Archaludon|[spread] p1a,p2a,p2b
|-supereffective|p2a: Archaludon
|-damage|p1a: Gothitelle|53/100
|-damage|p2a: Archaludon|13/100
|-damage|p2b: Amoonguss|59/100
|-enditem|p2b: Amoonguss|Eject Button
|
|t:|1756250117
|switch|p2b: Politoed|Politoed, L50, M|100/100
|-weather|RainDance|[from] ability: Drizzle|[of] p2b: Politoed
|move|p1a: Gothitelle|Psychic|p2a: Archaludon
|-damage|p2a: Archaludon|0 fnt
|faint|p2a: Archaludon
|
|-weather|RainDance|[upkeep]
|upkeep
|
|t:|1756250120
|switch|p2a: Gothitelle|Gothitelle, L50, M|100/100
|turn|4
|
|t:|1756250132
|switch|p1a: Tyranitar|Tyranitar, L50, F, shiny|100/100
|-weather|Sandstorm|[from] ability: Sand Stream|[of] p1a: Tyranitar
|move|p1b: Garchomp|Dragon Claw|p2b: Politoed
|-damage|p2b: Politoed|57/100
|move|p2b: Politoed|Weather Ball|p1b: Garchomp
|-resisted|p1b: Garchomp
|-damage|p1b: Garchomp|90/100
|move|p2a: Gothitelle|Trick Room|p2a: Gothitelle
|-fieldstart|move: Trick Room|[of] p2a: Gothitelle
|
|-weather|Sandstorm|[upkeep]
|-damage|p2a: Gothitelle|94/100|[from] Sandstorm
|-damage|p2b: Politoed|51/100|[from] Sandstorm
|-heal|p2b: Politoed|57/100|[from] item: Leftovers
|upkeep
|turn|5
|inactive|mudkipc4 has 30 seconds left.
|inactive|w0lfeyc0nperish has 30 seconds left.
|inactive|mudkipc4 has 20 seconds left.
|inactive|w0lfeyc0nperish has 20 seconds left.
|
|t:|1756250179
|switch|p2b: Amoonguss|Amoonguss, L50, M|93/100
|move|p2a: Gothitelle|Protect|p2a: Gothitelle
|-singleturn|p2a: Gothitelle|Protect
|move|p1a: Tyranitar|Knock Off|p2a: Gothitelle
|-activate|p2a: Gothitelle|move: Protect
|move|p1b: Garchomp|Swords Dance|p1b: Garchomp
|-boost|p1b: Garchomp|atk|2
|
|-weather|Sandstorm|[upkeep]
|-damage|p2b: Amoonguss|87/100|[from] Sandstorm
|-damage|p2a: Gothitelle|88/100|[from] Sandstorm
|upkeep
|turn|6
|inactive|w0lfeyc0nperish has 30 seconds left.
|
|t:|1756250206
|move|p2b: Amoonguss|Spore|p1b: Garchomp|[miss]
|-miss|p2b: Amoonguss|p1b: Garchomp
|move|p2a: Gothitelle|Psychic|p1b: Garchomp
|-damage|p1b: Garchomp|58/100
|move|p1a: Tyranitar|Rock Slide|p2a: Gothitelle|[spread] p2a,p2b
|-damage|p2a: Gothitelle|59/100
|-damage|p2b: Amoonguss|61/100
|move|p1b: Garchomp|Dragon Claw|p2b: Amoonguss
|-damage|p2b: Amoonguss|0 fnt
|faint|p2b: Amoonguss
|
|-weather|Sandstorm|[upkeep]
|-damage|p2a: Gothitelle|52/100|[from] Sandstorm
|upkeep
|
|t:|1756250212
|switch|p2b: Politoed|Politoed, L50, M|57/100
|-weather|RainDance|[from] ability: Drizzle|[of] p2b: Politoed
|turn|7
|
|t:|1756250233
|move|p1b: Garchomp|Protect|p1b: Garchomp
|-singleturn|p1b: Garchomp|Protect
|move|p1a: Tyranitar|Knock Off|p2b: Politoed
|-damage|p2b: Politoed|2/100
|-enditem|p2b: Politoed|Leftovers|[from] move: Knock Off|[of] p1a: Tyranitar
|move|p2b: Politoed|Weather Ball|p1b: Garchomp
|-activate|p1b: Garchomp|move: Protect
|move|p2a: Gothitelle|Trick Room|p2a: Gothitelle
|-fieldend|move: Trick Room
|
|-weather|RainDance|[upkeep]
|upkeep
|turn|8
|-message|w0lfeyc0nperish forfeited.
|
|win|mudkipc4
|l|☆w0lfeyc0nperish
|player|p2|
||w0lfeyc0nperish is ready for game 3.
||mudkipc4 is ready for game 3.
|uhtml|next|Next: Game 3 of 3
