|j|☆panflex00
|j|☆XelaMaster
|html|panflex00XelaMaster    
|uhtml|bestof|Game 3 of a best-of-3
|t:|1782712606
|gametype|doubles
|player|p1|panflex00|steven-masters|1115
|player|p2|XelaMaster|volkner|1105
|gen|9
|tier|[Gen 9 Champions] VGC 2026 Reg M-B (Bo3)
|rated|
|rule|Species Clause: Limit one of each Pokémon
|rule|Item Clause: Limit 1 of each item
|clearpoke
|poke|p1|Mimikyu, L50, M|
|poke|p1|Orthworm, L50, M|
|poke|p1|Talonflame, L50, M|
|poke|p1|Garchomp, L50, M|
|poke|p1|Sinistcha, L50|
|poke|p1|Rotom-Wash, L50|
|poke|p2|Gardevoir, L50, F|
|poke|p2|Maushold-Four, L50|
|poke|p2|Basculegion, L50, M|
|poke|p2|Kingambit, L50, M|
|poke|p2|Talonflame, L50, M|
|poke|p2|Garchomp, L50, M|
|teampreview|4
|showteam|p1|Mimikyu||FocusSash|Disguise|ShadowClaw,PlayRough,DrainPunch,SwordsDance|Jolly||M|||50|]Orthworm||SitrusBerry|EarthEater|HeavySlam,BodyPress,ShedTail,Protect|Impish||M|||50|]Talonflame||SharpBeak|GaleWings|FlareBlitz,BraveBird,Tailwind,Protect|Jolly||M|||50|]Garchomp||LifeOrb|RoughSkin|DragonClaw,Earthquake,RockSlide,Protect|Jolly||M|||50|]Sinistcha||Leftovers|Hospitality|MatchaGotcha,RagePowder,LifeDew,TrickRoom|Modest|||||50|]Rotom-Wash||ChoiceScarf|Levitate|HydroPump,Thunderbolt,VoltSwitch,WillOWisp|Timid|||||50|
|showteam|p2|Gardevoir||Gardevoirite|Telepathy|HyperVoice,Protect,Psyshock,TrickRoom|Modest||F|||50|]Maushold-Four||FocusSash|FriendGuard|FollowMe,Encore,SuperFang,Protect|Jolly|||||50|]Basculegion||SitrusBerry|Adaptability|AquaJet,LastRespects,WaveCrash,Protect|Adamant||M|||50|]Kingambit||ChopleBerry|Defiant|Protect,SuckerPunch,KowtowCleave,IronHead|Adamant||M|||50|]Talonflame|||GaleWings|Tailwind,WillOWisp,Acrobatics,Protect|Jolly||M|||50|]Garchomp||LifeOrb|RoughSkin|Earthquake,RockSlide,DragonClaw,Protect|Adamant||M|||50|
|inactive|Battle timer is ON: inactive players will automatically lose when time's up. (requested by XelaMaster)
|
|t:|1782712629
|teamsize|p1|4
|teamsize|p2|4
|start
|switch|p1a: Talonflame|Talonflame, L50, M|100/100
|switch|p1b: Garchomp|Garchomp, L50, M|100/100
|switch|p2a: Talonflame|Talonflame, L50, M|100/100
|switch|p2b: Garchomp|Garchomp, L50, M|100/100
|turn|1
|
|t:|1782712649
|move|p2a: Talonflame|Tailwind|p2a: Talonflame
|-sidestart|p2: XelaMaster|move: Tailwind
|move|p1a: Talonflame|Tailwind|p1a: Talonflame
|-sidestart|p1: panflex00|move: Tailwind
|move|p1b: Garchomp|Dragon Claw|p2b: Garchomp
|-supereffective|p2b: Garchomp|1
|-damage|p2b: Garchomp|4/100
|-damage|p1b: Garchomp|87/100|[from] ability: Rough Skin|[of] p2b: Garchomp
|-damage|p1b: Garchomp|77/100|[from] item: Life Orb
|move|p2b: Garchomp|Dragon Claw|p1b: Garchomp
|-supereffective|p1b: Garchomp|1
|-damage|p1b: Garchomp|0 fnt
|-damage|p2b: Garchomp|0 fnt|[from] ability: Rough Skin|[of] p1b: Garchomp
|faint|p1b: Garchomp
|faint|p2b: Garchomp
|
|upkeep
|c|☆panflex00|XD
|
|t:|1782712668
|switch|p1b: Rotom|Rotom-Wash, L50|100/100
|switch|p2b: Gardevoir|Gardevoir, L50, F|100/100
|turn|2
|
|t:|1782712682
|detailschange|p2b: Gardevoir|Gardevoir-Mega, L50, F
|-mega|p2b: Gardevoir|Gardevoir|Gardevoirite
|move|p2a: Talonflame|Acrobatics|p1a: Talonflame
|-crit|p1a: Talonflame
|-damage|p1a: Talonflame|8/100
|move|p1b: Rotom|Volt Switch|p2b: Gardevoir
|-damage|p2b: Gardevoir|73/100
|
|t:|1782712689
|switch|p1b: Sinistcha|Sinistcha, L50|100/100|[from] Volt Switch
|-heal|p1a: Talonflame|32/100|[from] ability: Hospitality|[of] p1b: Sinistcha
|move|p1a: Talonflame|Brave Bird|p2b: Gardevoir
|-damage|p2b: Gardevoir|1/100
|-damage|p1a: Talonflame|5/100|[from] Recoil
|move|p2b: Gardevoir|Psyshock|p1a: Talonflame
|-damage|p1a: Talonflame|0 fnt
|faint|p1a: Talonflame
|
|upkeep
|
|t:|1782712701
|switch|p1a: Rotom|Rotom-Wash, L50|100/100
|turn|3
|
|t:|1782712725
|move|p2b: Gardevoir|Protect|p2b: Gardevoir
|-singleturn|p2b: Gardevoir|Protect
|move|p2a: Talonflame|Acrobatics|p1b: Sinistcha
|-supereffective|p1b: Sinistcha|1
|-damage|p1b: Sinistcha|17/100
|move|p1a: Rotom|Thunderbolt|p2a: Talonflame
|-supereffective|p2a: Talonflame|1
|-damage|p2a: Talonflame|0 fnt
|faint|p2a: Talonflame
|move|p1b: Sinistcha|Matcha Gotcha|p2b: Gardevoir
|-activate|p2b: Gardevoir|move: Protect
|
|-heal|p1b: Sinistcha|24/100|[from] item: Leftovers
|upkeep
|
|t:|1782712742
|switch|p2a: Maushold|Maushold-Four, L50|100/100
|turn|4
|inactive|panflex00 has 30 seconds left.
|inactive|panflex00 has 20 seconds left.
|
|t:|1782712777
|move|p2a: Maushold|Follow Me|p2a: Maushold
|-singleturn|p2a: Maushold|move: Follow Me
|move|p1a: Rotom|Thunderbolt|p2a: Maushold
|-damage|p2a: Maushold|53/100
|move|p2b: Gardevoir|Hyper Voice|p1a: Rotom|[spread] p1a,p1b
|-damage|p1a: Rotom|30/100
|-damage|p1b: Sinistcha|0 fnt
|faint|p1b: Sinistcha
|
|-sideend|p2: XelaMaster|move: Tailwind
|-sideend|p1: panflex00|move: Tailwind
|upkeep
|turn|5
|c|☆panflex00|gg
|inactive|XelaMaster has 30 seconds left.
|
|t:|1782712805
|move|p2a: Maushold|Follow Me|p2a: Maushold
|-singleturn|p2a: Maushold|move: Follow Me
|move|p1a: Rotom|Thunderbolt|p2a: Maushold
|-crit|p2a: Maushold
|-damage|p2a: Maushold|0 fnt
|faint|p2a: Maushold
|move|p2b: Gardevoir|Psyshock|p1a: Rotom
|-damage|p1a: Rotom|0 fnt
|faint|p1a: Rotom
|
|win|XelaMaster
|raw|panflex00's rating: 1115 → 1089(-26 for losing)
|raw|XelaMaster's rating: 1105 → 1131(+26 for winning)
