|j|☆PasDer
|j|☆pat_con5
|html|PasDerpat_con5    
|uhtml|bestof|Game 1 of a best-of-3
|t:|1783279523
|gametype|doubles
|player|p1|PasDer|#smogonxnpa2026draftee|
|player|p2|pat_con5|crasherwake|
|gen|9
|tier|[Gen 9 Champions] VGC 2026 Reg M-B (Bo3)
|rule|Species Clause: Limit one of each Pokémon
|rule|Item Clause: Limit 1 of each item
|clearpoke
|poke|p1|Charizard, L50, M|
|poke|p1|Farigiraf, L50, F|
|poke|p1|Venusaur, L50, F|
|poke|p1|Garchomp, L50, F|
|poke|p1|Incineroar, L50, M|
|poke|p1|Sylveon, L50, M|
|poke|p2|Charizard, L50, M, shiny|
|poke|p2|Aerodactyl, L50, M, shiny|
|poke|p2|Kingambit, L50, M, shiny|
|poke|p2|Farigiraf, L50, M, shiny|
|poke|p2|Sylveon, L50, F, shiny|
|poke|p2|Garchomp, L50, M, shiny|
|teampreview|4
|showteam|p1|Charizard||CharizarditeY|Blaze|Protect,HeatWave,SolarBeam,WeatherBall|Modest||M|||50|]Farigiraf||ColburBerry|ArmorTail|SunnyDay,TrickRoom,Thunderbolt,PsychicFangs|Sassy||F|||50|]Venusaur||FocusSash|Chlorophyll|Protect,EarthPower,SludgeBomb,SleepPowder|Modest||F|||50|]Garchomp||LifeOrb|RoughSkin|Protect,RockSlide,Earthquake,DragonClaw|Jolly||F|||50|]Incineroar||SitrusBerry|Intimidate|FakeOut,FlareBlitz,ThroatChop,PartingShot|Careful||M|||50|]Sylveon||FairyFeather|Pixilate|Protect,HyperVoice,HyperBeam,QuickAttack|Modest||M|||50|
|showteam|p2|Charizard||CharizarditeY|Blaze|WeatherBall,HeatWave,SolarBeam,Protect|Modest||M|||50|]Aerodactyl||Aerodactylite|Unnerve|RockSlide,DualWingbeat,Tailwind,IceFang|Jolly||M|||50|]Kingambit||FocusSash|Defiant|KowtowCleave,SuckerPunch,IronHead,LowKick|Adamant||M|||50|]Farigiraf||SitrusBerry|ArmorTail|TwinBeam,Thunderbolt,Roar,TrickRoom|Bold||M|||50|]Sylveon||FairyFeather|Pixilate|HyperVoice,HyperBeam,QuickAttack,Protect|Modest||F|||50|]Garchomp||LifeOrb|RoughSkin|Earthquake,DragonClaw,RockSlide,Protect|Jolly||M|||50|
|c|☆pat_con5|glhf
|c|☆PasDer|u2
|j|+blarajan
|j| thebrosofpokes
|j| Blue Sunset
|
|t:|1783279597
|teamsize|p1|4
|teamsize|p2|4
|start
|switch|p1a: Charizard|Charizard, L50, M|100/100
|switch|p1b: Farigiraf|Farigiraf, L50, F|100/100
|switch|p2a: Kingambit|Kingambit, L50, M, shiny|100/100
|switch|p2b: Aerodactyl|Aerodactyl, L50, M, shiny|100/100
|-ability|p2b: Aerodactyl|Unnerve
|turn|1
|
|t:|1783279614
|detailschange|p2b: Aerodactyl|Aerodactyl-Mega, L50, M, shiny
|-mega|p2b: Aerodactyl|Aerodactyl|Aerodactylite
|move|p1a: Charizard|Protect|p1a: Charizard
|-singleturn|p1a: Charizard|Protect
|move|p2b: Aerodactyl|Rock Slide|p1b: Farigiraf|[spread] 
|-activate|p1a: Charizard|move: Protect
|-miss|p2b: Aerodactyl|p1b: Farigiraf
|move|p2a: Kingambit|Kowtow Cleave|p1b: Farigiraf
|-supereffective|p1b: Farigiraf|1
|-enditem|p1b: Farigiraf|Colbur Berry|[eat]
|-enditem|p1b: Farigiraf|Colbur Berry|[weaken]
|-damage|p1b: Farigiraf|54/100
|move|p1b: Farigiraf|Trick Room|p1b: Farigiraf
|-fieldstart|move: Trick Room|[of] p1b: Farigiraf
|
|upkeep
|turn|2
|j| sempra
|
|t:|1783279643
|switch|p2b: Garchomp|Garchomp, L50, M, shiny|100/100
|detailschange|p1a: Charizard|Charizard-Mega-Y, L50, M
|-mega|p1a: Charizard|Charizard|Charizardite Y
|-weather|SunnyDay|[from] ability: Drought|[of] p1a: Charizard
|move|p1b: Farigiraf|Thunderbolt|p2b: Garchomp
|-immune|p2b: Garchomp
|move|p2a: Kingambit|Kowtow Cleave|p1a: Charizard
|-damage|p1a: Charizard|54/100
|move|p1a: Charizard|Solar Beam||[still]
|-prepare|p1a: Charizard|Solar Beam
|-anim|p1a: Charizard|Solar Beam|p2b: Garchomp
|-damage|p2b: Garchomp|49/100
|
|-weather|SunnyDay|[upkeep]
|upkeep
|turn|3
|
|t:|1783279693
|move|p2b: Garchomp|Protect|p2b: Garchomp
|-singleturn|p2b: Garchomp|Protect
|move|p1b: Farigiraf|Thunderbolt|p2a: Kingambit
|-damage|p2a: Kingambit|75/100
|move|p2a: Kingambit|Kowtow Cleave|p1a: Charizard
|-damage|p1a: Charizard|8/100
|move|p1a: Charizard|Heat Wave|p2a: Kingambit|[spread] p2a
|-activate|p2b: Garchomp|move: Protect
|-supereffective|p2a: Kingambit|1
|-damage|p2a: Kingambit|0 fnt
|faint|p2a: Kingambit
|
|-weather|SunnyDay|[upkeep]
|upkeep
|
|t:|1783279710
|switch|p2a: Farigiraf|Farigiraf, L50, M, shiny|100/100
|turn|4
|
|t:|1783279728
|switch|p1b: Sylveon|Sylveon, L50, M|100/100
|switch|p1a: Incineroar|Incineroar, L50, M|100/100
|-ability|p1a: Incineroar|Intimidate|boost
|-unboost|p2a: Farigiraf|atk|1
|-unboost|p2b: Garchomp|atk|1
|move|p2a: Farigiraf|Twin Beam|p1a: Incineroar
|-immune|p1a: Incineroar
|move|p2b: Garchomp|Dragon Claw|p1b: Sylveon
|-immune|p1b: Sylveon
|
|-weather|SunnyDay|[upkeep]
|upkeep
|turn|5
|j| ArKaneVGC
|
|t:|1783279742
|move|p2b: Garchomp|Protect|p2b: Garchomp
|-singleturn|p2b: Garchomp|Protect
|move|p1b: Sylveon|Hyper Voice|p2b: Garchomp|[spread] p2a
|-activate|p2b: Garchomp|move: Protect
|-damage|p2a: Farigiraf|55/100
|move|p1a: Incineroar|Parting Shot|p2a: Farigiraf
|-unboost|p2a: Farigiraf|atk|1
|-unboost|p2a: Farigiraf|spa|1
|
|t:|1783279744
|switch|p1a: Farigiraf|Farigiraf, L50, F|54/100|[from] Parting Shot
|move|p2a: Farigiraf|Roar|p1b: Sylveon
|drag|p1b: Incineroar|Incineroar, L50, M|100/100
|-ability|p1b: Incineroar|Intimidate|boost
|-unboost|p2a: Farigiraf|atk|1
|-unboost|p2b: Garchomp|atk|1
|
|-weather|SunnyDay|[upkeep]
|-fieldend|move: Trick Room
|upkeep
|turn|6
|j| PandaMan7567
|
|t:|1783279773
|move|p2b: Garchomp|Rock Slide|p1b: Incineroar|[spread] p1a,p1b
|-supereffective|p1b: Incineroar|1
|-damage|p1a: Farigiraf|43/100
|-damage|p1b: Incineroar|74/100
|-damage|p2b: Garchomp|40/100|[from] item: Life Orb
|move|p1b: Incineroar|Flare Blitz|p2a: Farigiraf
|-damage|p2a: Farigiraf|1/100
|-enditem|p2a: Farigiraf|Sitrus Berry|[eat]
|-heal|p2a: Farigiraf|26/100|[from] item: Sitrus Berry
|-damage|p1b: Incineroar|54/100|[from] Recoil
|move|p2a: Farigiraf|Roar|p1a: Farigiraf
|drag|p1a: Charizard|Charizard-Mega-Y, L50, M|8/100
|
|-weather|none
|upkeep
|turn|7
|
|t:|1783279793
|switch|p1a: Sylveon|Sylveon, L50, M|100/100
|switch|p2a: Aerodactyl|Aerodactyl-Mega, L50, M, shiny|100/100
|move|p2b: Garchomp|Rock Slide|p1a: Sylveon|[spread] p1a,p1b
|-supereffective|p1b: Incineroar|1
|-damage|p1a: Sylveon|84/100
|-damage|p1b: Incineroar|31/100
|-enditem|p1b: Incineroar|Sitrus Berry|[eat]
|-heal|p1b: Incineroar|56/100|[from] item: Sitrus Berry
|-damage|p2b: Garchomp|30/100|[from] item: Life Orb
|move|p1b: Incineroar|Parting Shot|p2b: Garchomp
|-unboost|p2b: Garchomp|atk|1
|-unboost|p2b: Garchomp|spa|1
|
|t:|1783279796
|switch|p1b: Farigiraf|Farigiraf, L50, F|43/100|[from] Parting Shot
|
|upkeep
|turn|8
|
|t:|1783279819
|switch|p1b: Incineroar|Incineroar, L50, M|56/100
|-ability|p1b: Incineroar|Intimidate|boost
|-unboost|p2a: Aerodactyl|atk|1
|-unboost|p2b: Garchomp|atk|1
|move|p2a: Aerodactyl|Rock Slide|p1b: Incineroar|[spread] p1a
|-miss|p2a: Aerodactyl|p1b: Incineroar
|-damage|p1a: Sylveon|63/100
|move|p2b: Garchomp|Rock Slide|p1b: Incineroar|[spread] p1a,p1b
|-supereffective|p1b: Incineroar|1
|-damage|p1a: Sylveon|53/100
|-damage|p1b: Incineroar|42/100
|-damage|p2b: Garchomp|20/100y|[from] item: Life Orb
|move|p1a: Sylveon|Hyper Voice|p2a: Aerodactyl|[spread] p2a,p2b
|-supereffective|p2b: Garchomp|1
|-damage|p2a: Aerodactyl|51/100
|-damage|p2b: Garchomp|0 fnt
|faint|p2b: Garchomp
|
|upkeep
|
|t:|1783279832
|switch|p2b: Farigiraf|Farigiraf, L50, M, shiny|26/100
|turn|9
|
|t:|1783279857
|switch|p1b: Charizard|Charizard-Mega-Y, L50, M|8/100
|-weather|SunnyDay|[from] ability: Drought|[of] p1b: Charizard
|move|p1a: Sylveon|Protect|p1a: Sylveon
|-singleturn|p1a: Sylveon|Protect
|move|p2a: Aerodactyl|Rock Slide|p1b: Charizard|[spread] p1b
|-activate|p1a: Sylveon|move: Protect
|-supereffective|p1b: Charizard|2
|-damage|p1b: Charizard|0 fnt
|faint|p1b: Charizard
|move|p2b: Farigiraf|Twin Beam|p1a: Sylveon
|-activate|p1a: Sylveon|move: Protect
|
|-weather|SunnyDay|[upkeep]
|upkeep
|
|t:|1783279864
|switch|p1b: Incineroar|Incineroar, L50, M|42/100
|-ability|p1b: Incineroar|Intimidate|boost
|-unboost|p2a: Aerodactyl|atk|1
|-unboost|p2b: Farigiraf|atk|1
|turn|10
|
|t:|1783279882
|move|p2a: Aerodactyl|Rock Slide|p1b: Incineroar|[spread] p1b
|-miss|p2a: Aerodactyl|p1a: Sylveon
|-supereffective|p1b: Incineroar|1
|-damage|p1b: Incineroar|20/100y
|move|p1b: Incineroar|Throat Chop|p2b: Farigiraf
|-supereffective|p2b: Farigiraf|1
|-damage|p2b: Farigiraf|0 fnt
|faint|p2b: Farigiraf
|move|p1a: Sylveon|Hyper Voice|p2a: Aerodactyl
|-damage|p2a: Aerodactyl|0 fnt
|faint|p2a: Aerodactyl
|
|win|PasDer
||PasDer is ready for game 2.
||pat_con5 is ready for game 2.
|uhtml|next|Next: Game 2 of 3
|j| wb_vg
|j| tiaole123
|l| sempra
|l| ArKaneVGC
|j| SeaWolfMikes
|l| SeaWolfMikes
|l| PandaMan7567
|j| maxljcr
|l|☆pat_con5
|player|p2|
|l| wb_vg
|j| ck49
|l| ck49
|l| tiaole123
|j|☆pat_con5
|player|p2|pat_con5|crasherwake|
|l| Blue Sunset
|l|☆pat_con5
|player|p2|
|l| maxljcr
|l|☆PasDer
|player|p1|
|j| Sela133VII
