|j|☆baggead
|j|☆WoomyInverso
|html|baggeadWoomyInverso    
|uhtml|bestof|Game 1 of a best-of-3
|t:|1757737636
|gametype|doubles
|player|p1|baggead|1|1132
|player|p2|WoomyInverso|ingo|1079
|gen|9
|tier|[Gen 9] VGC 2025 Reg H (Bo3)
|rated|
|rule|Species Clause: Limit one of each Pokémon
|rule|Item Clause: Limit 1 of each item
|clearpoke
|poke|p1|Vivillon-Fancy, L50, F|
|poke|p1|Garchomp, L50, M|
|poke|p1|Primarina, L50, F|
|poke|p1|Incineroar, L50, M|
|poke|p1|Gholdengo, L50|
|poke|p1|Porygon2, L50|
|poke|p2|Chesnaught, L50, M|
|poke|p2|Sneasler, L50, F|
|poke|p2|Arcanine-Hisui, L50, M|
|poke|p2|Kilowattrel, L50, F|
|poke|p2|Garchomp, L50, M|
|poke|p2|Bronzong, L50|
|teampreview|4
|showteam|p1|Vivillon-Fancy||FocusSash|CompoundEyes|Hurricane,SleepPowder,RagePowder,Protect|||F|||50|,,,,,Ghost]Garchomp||LifeOrb|RoughSkin|Earthquake,DragonClaw,StompingTantrum,Protect|||M|||50|,,,,,Water]Primarina||SitrusBerry|LiquidVoice|HyperVoice,Moonblast,Haze,Protect|||F|||50|,,,,,Grass]Incineroar||SafetyGoggles|Intimidate|FakeOut,FlareBlitz,PartingShot,KnockOff|||M|||50|,,,,,Ghost]Gholdengo||MetalCoat|GoodasGold|MakeItRain,ShadowBall,NastyPlot,Protect||||||50|,,,,,Dragon]Porygon2||Eviolite|Download|TeraBlast,IceBeam,Recover,TrickRoom||||||50|,,,,,Fighting
|showteam|p2|Chesnaught||CovertCloak|Bulletproof|BodyPress,LeechSeed,IronDefense,SpikyShield|||M|||50|,,,,,Dark]Sneasler||FocusSash|Unburden|FakeOut,DireClaw,CloseCombat,Protect|||F|||50|,,,,,Stellar]Arcanine-Hisui||SitrusBerry|Intimidate|RockSlide,FlareBlitz,Snarl,Protect|||M|||50|,,,,,Ghost]Kilowattrel||WideLens|WindPower|Discharge,Tailwind,DualWingbeat,Protect|||F|||50|,,,,,Electric]Garchomp||ClearAmulet|RoughSkin|DragonClaw,Earthquake,SwordsDance,Protect|||M|||50|,,,,,Steel]Bronzong||Leftovers|Levitate|IronDefense,IronHead,BodyPress,TrickRoom||||||50|,,,,,Dark
|inactive|Battle timer is ON: inactive players will automatically lose when time's up. (requested by baggead)
|inactive|baggead has 60 seconds left.
|inactive|WoomyInverso has 60 seconds left.
|
|t:|1757737693
|teamsize|p1|4
|teamsize|p2|4
|start
|switch|p1a: Vivillon|Vivillon-Fancy, L50, F|100/100
|switch|p1b: Garchomp|Garchomp, L50, M|100/100
|switch|p2a: Kilowattrel|Kilowattrel, L50, F|100/100
|switch|p2b: Arcanine|Arcanine-Hisui, L50, M|100/100
|-ability|p2b: Arcanine|Intimidate|boost
|-unboost|p1a: Vivillon|atk|1
|-unboost|p1b: Garchomp|atk|1
|turn|1
|
|t:|1757737716
|move|p1a: Vivillon|Protect|p1a: Vivillon
|-singleturn|p1a: Vivillon|Protect
|move|p2b: Arcanine|Protect|p2b: Arcanine
|-singleturn|p2b: Arcanine|Protect
|move|p2a: Kilowattrel|Dual Wingbeat|p1a: Vivillon
|-activate|p1a: Vivillon|move: Protect
|move|p1b: Garchomp|Dragon Claw|p2a: Kilowattrel
|-damage|p2a: Kilowattrel|33/100
|-damage|p1b: Garchomp|91/100|[from] item: Life Orb
|
|upkeep
|turn|2
|inactive|baggead has 30 seconds left.
|inactive|baggead has 20 seconds left.
|inactive|baggead has 15 seconds left.
|
|t:|1757737761
|move|p1a: Vivillon|Rage Powder|p1a: Vivillon
|-singleturn|p1a: Vivillon|move: Rage Powder
|move|p2a: Kilowattrel|Tailwind|p2a: Kilowattrel
|-sidestart|p2: WoomyInverso|move: Tailwind
|-start|p2a: Kilowattrel|Charge|Tailwind|[from] ability: Wind Power
|move|p2b: Arcanine|Rock Slide|p1a: Vivillon|[spread] p1a,p1b
|-supereffective|p1a: Vivillon
|-resisted|p1b: Garchomp
|-enditem|p1a: Vivillon|Focus Sash
|-damage|p1a: Vivillon|1/100
|-damage|p1b: Garchomp|79/100
|move|p1b: Garchomp|Dragon Claw|p2a: Kilowattrel
|-damage|p2a: Kilowattrel|0 fnt
|faint|p2a: Kilowattrel
|-damage|p1b: Garchomp|69/100|[from] item: Life Orb
|
|upkeep
|
|t:|1757737771
|switch|p2a: Garchomp|Garchomp, L50, M|100/100
|turn|3
|inactive|WoomyInverso has 30 seconds left.
|
|t:|1757737799
|-terastallize|p2a: Garchomp|Steel
|move|p2a: Garchomp|Swords Dance|p2a: Garchomp
|-boost|p2a: Garchomp|atk|2
|move|p2b: Arcanine|Rock Slide|p1b: Garchomp|[spread] p1b
|-miss|p2b: Arcanine|p1a: Vivillon
|-resisted|p1b: Garchomp
|-damage|p1b: Garchomp|58/100
|move|p1b: Garchomp|Earthquake|p2a: Garchomp|[spread] p2a,p2b
|-immune|p1a: Vivillon
|-supereffective|p2a: Garchomp
|-supereffective|p2b: Arcanine
|-damage|p2a: Garchomp|38/100
|-damage|p2b: Arcanine|0 fnt
|faint|p2b: Arcanine
|-damage|p1b: Garchomp|48/100|[from] item: Life Orb
|move|p1a: Vivillon|Sleep Powder|p2a: Garchomp
|-status|p2a: Garchomp|slp|[from] move: Sleep Powder
|
|upkeep
|
|t:|1757737803
|switch|p2b: Sneasler|Sneasler, L50, F|100/100
|turn|4
|inactive|WoomyInverso has 30 seconds left.
|
|t:|1757737832
|-terastallize|p1a: Vivillon|Ghost
|move|p2b: Sneasler|Fake Out|p1a: Vivillon
|-immune|p1a: Vivillon
|move|p1a: Vivillon|Rage Powder|p1a: Vivillon
|-singleturn|p1a: Vivillon|move: Rage Powder
|cant|p2a: Garchomp|slp
|move|p1b: Garchomp|Earthquake|p2a: Garchomp|[spread] p1a,p2a,p2b
|-supereffective|p2a: Garchomp
|-supereffective|p2b: Sneasler
|-damage|p1a: Vivillon|0 fnt
|-damage|p2a: Garchomp|0 fnt
|-enditem|p2b: Sneasler|Focus Sash
|-damage|p2b: Sneasler|1/100
|faint|p1a: Vivillon
|faint|p2a: Garchomp
|-damage|p1b: Garchomp|38/100|[from] item: Life Orb
|
|upkeep
|
|t:|1757737844
|switch|p1a: Gholdengo|Gholdengo, L50|100/100
|turn|5
|
|t:|1757737853
|move|p2b: Sneasler|Dire Claw|p1b: Garchomp
|-resisted|p1b: Garchomp
|-damage|p1b: Garchomp|18/100
|-damage|p2b: Sneasler|0 fnt|[from] ability: Rough Skin|[of] p1b: Garchomp
|faint|p2b: Sneasler
|
|win|baggead
||WoomyInverso is ready for game 2.
|inactive|baggead has 30 seconds to confirm battle start!
|inactive|baggead has 20 seconds to confirm battle start!
||baggead is ready for game 2.
|uhtml|next|Next: Game 2 of 3
|l|☆WoomyInverso
|player|p2|
|l|☆baggead
|player|p1|
