|j|☆Poppin722
|j|☆rockmadlegend
|html|Poppin722rockmadlegend    
|uhtml|bestof|Game 3 of a best-of-3
|t:|1785370145
|gametype|doubles
|player|p1|Poppin722|2|
|player|p2|rockmadlegend|gentleman-gen4dp|
|gen|9
|tier|[Gen 9 Champions] VGC 2026 Reg M-B (Bo3)
|rule|Species Clause: Limit one of each Pokémon
|rule|Item Clause: Limit 1 of each item
|clearpoke
|poke|p1|Pelipper, L50, M|
|poke|p1|Archaludon, L50, F|
|poke|p1|Dragonite, L50, M|
|poke|p1|Raichu, L50, F|
|poke|p1|Toxicroak, L50, M|
|poke|p1|Scizor, L50, F|
|poke|p2|Sceptile, L50, F, shiny|
|poke|p2|Sinistcha, L50, shiny|
|poke|p2|Eelektross, L50, M, shiny|
|poke|p2|Klefki, L50, M, shiny|
|poke|p2|Hatterene, L50, F, shiny|
|poke|p2|Politoed, L50, F, shiny|
|teampreview|4
|showteam|p1|Pelipper||FocusSash|Drizzle|Hurricane,WeatherBall,Tailwind,Protect|Modest||M|||50|]Archaludon||Leftovers|Stalwart|ElectroShot,DragonPulse,FlashCannon,Protect|Modest||F|||50|]Dragonite||Dragoninite|Multiscale|DragonDance,Hurricane,Thunder,Protect|Jolly||M|||50|]Raichu||QuickClaw|LightningRod|FakeOut,Thunder,VoltSwitch,Encore|Calm||F|||50|]Toxicroak||BlackBelt|DrySkin|DrainPunch,GunkShot,SuckerPunch,Protect|Jolly||M|||50|]Scizor||LifeOrb|Technician|BulletPunch,Roost,SwordsDance,Uturn|Adamant||F|||50|
|showteam|p2|Sceptile||Sceptilite|Overgrow|GigaDrain,DragonPulse,Protect,FocusBlast|Timid||F|||50|]Sinistcha||SitrusBerry|Hospitality|MatchaGotcha,RagePowder,StrengthSap,Protect|Bold|||||50|]Eelektross||Magnet|Levitate|Thunderbolt,Flamethrower,KnockOff,Protect|Sassy||M|||50|]Klefki||LightClay|Prankster|Reflect,LightScreen,ThunderWave,FoulPlay|Bold||M|||50|]Hatterene||LifeOrb|MagicBounce|TrickRoom,DazzlingGleam,Psychic,MysticalFire|Serious||F|||50|]Politoed||DampRock|Drizzle|WeatherBall,HelpingHand,IcyWind,Protect|Calm||F|||50|
|j| Red_zhar
|
|t:|1785370183
|teamsize|p1|4
|teamsize|p2|4
|start
|switch|p1a: Pelipper|Pelipper, L50, M|100/100
|switch|p1b: Raichu|Raichu, L50, F|100/100
|switch|p2a: Sceptile|Sceptile, L50, F, shiny|100/100
|switch|p2b: Eelektross|Eelektross, L50, M, shiny|100/100
|-weather|RainDance|[from] ability: Drizzle|[of] p1a: Pelipper
|turn|1
|j| palumbo1012
|
|t:|1785370223
|move|p2a: Sceptile|Protect|p2a: Sceptile
|-singleturn|p2a: Sceptile|Protect
|move|p2b: Eelektross|Protect|p2b: Eelektross
|-singleturn|p2b: Eelektross|Protect
|move|p1b: Raichu|Fake Out|p2a: Sceptile
|-activate|p2a: Sceptile|move: Protect
|move|p1a: Pelipper|Hurricane|p2a: Sceptile
|-activate|p2a: Sceptile|move: Protect
|
|-weather|RainDance|[upkeep]
|upkeep
|turn|2
|l| Red_zhar
|
|t:|1785370250
|detailschange|p2a: Sceptile|Sceptile-Mega, L50, F, shiny
|-mega|p2a: Sceptile|Sceptile|Sceptilite
|move|p2a: Sceptile|Giga Drain|p1a: Pelipper
|-damage|p1a: Pelipper|34/100
|move|p1b: Raichu|Encore|p2b: Eelektross
|-start|p2b: Eelektross|Encore
|move|p2b: Eelektross|Protect||[still]
|-fail|p2b: Eelektross
|move|p1a: Pelipper|Hurricane|p2a: Sceptile
|-supereffective|p2a: Sceptile|1
|-damage|p2a: Sceptile|0 fnt
|faint|p2a: Sceptile
|
|-weather|RainDance|[upkeep]
|upkeep
|
|t:|1785370276
|switch|p2a: Hatterene|Hatterene, L50, F, shiny|100/100
|turn|3
|-activate|p1b: Raichu|item: Quick Claw
|
|t:|1785370284
|switch|p2b: Sinistcha|Sinistcha, L50, shiny|100/100
|move|p1b: Raichu|Volt Switch|p2a: Hatterene
|-damage|p2a: Hatterene|75/100
|
|t:|1785370290
|switch|p1b: Dragonite|Dragonite, L50, M|100/100|[from] Volt Switch
|move|p1a: Pelipper|Hurricane|p2a: Hatterene
|-damage|p2a: Hatterene|24/100
|move|p2a: Hatterene|Trick Room|p2a: Hatterene
|-fieldstart|move: Trick Room|[of] p2a: Hatterene
|
|-weather|RainDance|[upkeep]
|upkeep
|turn|4
|
|t:|1785370314
|move|p2a: Hatterene|Dazzling Gleam|p1a: Pelipper|[spread] p1a,p1b
|-supereffective|p1b: Dragonite|1
|-damage|p1a: Pelipper|0 fnt
|-damage|p1b: Dragonite|57/100
|faint|p1a: Pelipper
|-damage|p2a: Hatterene|14/100|[from] item: Life Orb
|move|p2b: Sinistcha|Strength Sap|p1b: Dragonite
|-unboost|p1b: Dragonite|atk|1
|move|p1b: Dragonite|Dragon Dance|p1b: Dragonite
|-boost|p1b: Dragonite|atk|1
|-boost|p1b: Dragonite|spe|1
|
|-weather|RainDance|[upkeep]
|upkeep
|
|t:|1785370328
|switch|p1a: Archaludon|Archaludon, L50, F|100/100
|turn|5
|
|t:|1785370337
|move|p2b: Sinistcha|Rage Powder|p2b: Sinistcha
|-singleturn|p2b: Sinistcha|move: Rage Powder
|move|p2a: Hatterene|Dazzling Gleam|p1a: Archaludon|[spread] p1a,p1b
|-crit|p1a: Archaludon
|-supereffective|p1b: Dragonite|1
|-damage|p1a: Archaludon|18/100
|-damage|p1b: Dragonite|0 fnt
|faint|p1b: Dragonite
|-damage|p2a: Hatterene|4/100|[from] item: Life Orb
|move|p1a: Archaludon|Flash Cannon|p2a: Hatterene
|-supereffective|p2a: Hatterene|1
|-damage|p2a: Hatterene|0 fnt
|faint|p2a: Hatterene
|
|-weather|none
|-heal|p1a: Archaludon|24/100|[from] item: Leftovers
|upkeep
|
|t:|1785370350
|switch|p2a: Eelektross|Eelektross, L50, M, shiny|100/100
|switch|p1b: Raichu|Raichu, L50, F|100/100
|turn|6
|
|t:|1785370374
|move|p2a: Eelektross|Flamethrower|p1a: Archaludon
|-damage|p1a: Archaludon|0 fnt
|faint|p1a: Archaludon
|move|p2b: Sinistcha|Strength Sap|p1b: Raichu
|-unboost|p1b: Raichu|atk|1
|move|p1b: Raichu|Encore|p2b: Sinistcha
|-start|p2b: Sinistcha|Encore
|
|upkeep
|turn|7
|-activate|p1b: Raichu|item: Quick Claw
|
|t:|1785370388
|move|p1b: Raichu|Thunder|p2b: Sinistcha
|-resisted|p2b: Sinistcha|1
|-damage|p2b: Sinistcha|78/100
|move|p2a: Eelektross|Flamethrower|p1b: Raichu
|-damage|p1b: Raichu|78/100
|move|p2b: Sinistcha|Strength Sap|p1b: Raichu
|-unboost|p1b: Raichu|atk|1
|-heal|p2b: Sinistcha|100/100
|
|-fieldend|move: Trick Room
|upkeep
|turn|8
|j| Red_zhar
|
|t:|1785370400
|move|p1b: Raichu|Thunder|p2a: Eelektross
|-resisted|p2a: Eelektross|1
|-damage|p2a: Eelektross|86/100
|move|p2b: Sinistcha|Strength Sap|p1b: Raichu
|-unboost|p1b: Raichu|atk|1
|move|p2a: Eelektross|Flamethrower|p1b: Raichu
|-damage|p1b: Raichu|55/100
|
|upkeep
|turn|9
|c|☆Poppin722|gg
|-activate|p1b: Raichu|item: Quick Claw
|
|t:|1785370412
|move|p1b: Raichu|Thunder|p2a: Eelektross
|-resisted|p2a: Eelektross|1
|-damage|p2a: Eelektross|73/100
|move|p2b: Sinistcha|Strength Sap|p1b: Raichu
|-unboost|p1b: Raichu|atk|1
|move|p2a: Eelektross|Flamethrower|p1b: Raichu
|-crit|p1b: Raichu
|-damage|p1b: Raichu|19/100
|
|-end|p2b: Sinistcha|Encore
|upkeep
|turn|10
|l| Red_zhar
|c|☆rockmadlegend|gg
|-activate|p1b: Raichu|item: Quick Claw
|
|t:|1785370425
|move|p1b: Raichu|Volt Switch|p2a: Eelektross
|-resisted|p2a: Eelektross|1
|-damage|p2a: Eelektross|65/100
|move|p2b: Sinistcha|Matcha Gotcha|p1b: Raichu
|-damage|p1b: Raichu|0 fnt
|faint|p1b: Raichu
|
|win|rockmadlegend
|l|☆Poppin722
|player|p1|
|j| Red_zhar
|l| Red_zhar
|l| palumbo1012
|j| Red_zhar
|l| Red_zhar
