|j|☆IraVinsmoke
|j|☆alphaacount
|html|IraVinsmokealphaacount    
|uhtml|bestof|Game 1 of a best-of-3
|t:|1783068596
|gametype|doubles
|player|p1|IraVinsmoke|169|1132
|player|p2|alphaacount|101|1198
|gen|9
|tier|[Gen 9 Champions] VGC 2026 Reg M-B (Bo3)
|rated|
|rule|Species Clause: Limit one of each Pokémon
|rule|Item Clause: Limit 1 of each item
|clearpoke
|poke|p1|Aerodactyl, L50, F|
|poke|p1|Kingambit, L50, F|
|poke|p1|Garchomp, L50, F|
|poke|p1|Sylveon, L50, M|
|poke|p1|Scrafty, L50, M|
|poke|p1|Sinistcha, L50|
|poke|p2|Raichu, L50, M|
|poke|p2|Whimsicott, L50, M|
|poke|p2|Kingambit, L50, F|
|poke|p2|Basculegion, L50, M|
|poke|p2|Staraptor, L50, M|
|poke|p2|Farigiraf, L50, F|
|teampreview|4
|showteam|p1|Aerodactyl||FocusSash|Unnerve|Tailwind,RockSlide,DualWingbeat,Protect|Jolly||F|||50|]Kingambit||ChopleBerry|Defiant|KowtowCleave,IronHead,SuckerPunch,Protect|Adamant||F|||50|]Garchomp||LifeOrb|RoughSkin|StompingTantrum,RockSlide,PoisonJab,Protect|Jolly||F|||50|]Sylveon||FairyFeather|Pixilate|HyperVoice,HyperBeam,QuickAttack,Protect|Modest||M|||50|]Scrafty||Scraftinite|Intimidate|FakeOut,DrainPunch,KnockOff,Protect|Adamant||M|||50|]Sinistcha||SitrusBerry|Hospitality|MatchaGotcha,RagePowder,TrickRoom,Protect|Bold|||||50|
|showteam|p2|Raichu||RaichuniteY|LightningRod|FakeOut,ZapCannon,VoltSwitch,Charm|Hasty||M|||50|]Whimsicott||FocusSash|Prankster|Tailwind,Moonblast,Charm,Encore|Timid||M|||50|]Kingambit||LifeOrb|Defiant|SuckerPunch,IronHead,KowtowCleave,Protect|Adamant||F|||50|]Basculegion||ChoiceScarf|Adaptability|LastRespects,FlipTurn,WaveCrash,AquaJet|Jolly||M|||50|]Staraptor||Staraptite|Intimidate|BraveBird,CloseCombat,Tailwind,Protect|Jolly||M|||50|]Farigiraf||SitrusBerry|ArmorTail|HyperVoice,DazzlingGleam,Imprison,TrickRoom|Quiet||F|||50|
|inactive|Battle timer is ON: inactive players will automatically lose when time's up. (requested by alphaacount)
|inactive|IraVinsmoke has 60 seconds left.
|
|t:|1783068645
|teamsize|p1|4
|teamsize|p2|4
|start
|switch|p1a: Aerodactyl|Aerodactyl, L50, F|100/100
|switch|p1b: Kingambit|Kingambit, L50, F|100/100
|switch|p2a: Raichu|Raichu, L50, M|100/100
|switch|p2b: Staraptor|Staraptor, L50, M|100/100
|-ability|p1a: Aerodactyl|Unnerve
|-ability|p2b: Staraptor|Intimidate|boost
|-unboost|p1a: Aerodactyl|atk|1
|-unboost|p1b: Kingambit|atk|1
|-ability|p1b: Kingambit|Defiant|boost
|-boost|p1b: Kingambit|atk|2
|turn|1
|inactive|IraVinsmoke has 30 seconds left.
|inactive|alphaacount has 30 seconds left.
|
|t:|1783068675
|move|p1b: Kingambit|Protect|p1b: Kingambit
|-singleturn|p1b: Kingambit|Protect
|move|p2a: Raichu|Fake Out|p1b: Kingambit
|-activate|p1b: Kingambit|move: Protect
|move|p1a: Aerodactyl|Tailwind|p1a: Aerodactyl
|-sidestart|p1: IraVinsmoke|move: Tailwind
|move|p2b: Staraptor|Tailwind|p2b: Staraptor
|-sidestart|p2: alphaacount|move: Tailwind
|
|upkeep
|turn|2
|inactive|alphaacount has 30 seconds left.
|inactive|alphaacount has 20 seconds left.
|
|t:|1783068711
|switch|p1b: Sylveon|Sylveon, L50, M|100/100
|move|p2b: Staraptor|Protect|p2b: Staraptor
|-singleturn|p2b: Staraptor|Protect
|move|p1a: Aerodactyl|Rock Slide|p2a: Raichu|[spread] p2a
|-activate|p2b: Staraptor|move: Protect
|-damage|p2a: Raichu|59/100
|move|p2a: Raichu|Volt Switch|p1a: Aerodactyl
|-supereffective|p1a: Aerodactyl|1
|-damage|p1a: Aerodactyl|19/100
|
|t:|1783068725
|switch|p2a: Kingambit|Kingambit, L50, F|100/100|[from] Volt Switch
|
|upkeep
|turn|3
|
|t:|1783068748
|switch|p1a: Garchomp|Garchomp, L50, F|100/100
|detailschange|p2b: Staraptor|Staraptor-Mega, L50, M
|-mega|p2b: Staraptor|Staraptor|Staraptite
|move|p2b: Staraptor|Close Combat|p1a: Garchomp
|-damage|p1a: Garchomp|34/100
|-boost|p2b: Staraptor|def|1
|-boost|p2b: Staraptor|spd|1
|-damage|p2b: Staraptor|87/100|[from] ability: Rough Skin|[of] p1a: Garchomp
|move|p1b: Sylveon|Hyper Voice|p2a: Kingambit|[spread] p2a,p2b
|-supereffective|p2b: Staraptor|1
|-damage|p2a: Kingambit|40/100
|-damage|p2b: Staraptor|8/100
|move|p2a: Kingambit|Iron Head|p1b: Sylveon
|-supereffective|p1b: Sylveon|1
|-damage|p1b: Sylveon|0 fnt
|faint|p1b: Sylveon
|-damage|p2a: Kingambit|31/100|[from] item: Life Orb
|
|upkeep
|
|t:|1783068769
|switch|p1b: Kingambit|Kingambit, L50, F|100/100
|turn|4
|
|t:|1783068783
|move|p2b: Staraptor|Protect|p2b: Staraptor
|-singleturn|p2b: Staraptor|Protect
|move|p2a: Kingambit|Sucker Punch|p1a: Garchomp
|-damage|p1a: Garchomp|0 fnt
|-damage|p2a: Kingambit|18/100|[from] ability: Rough Skin|[of] p1a: Garchomp
|faint|p1a: Garchomp
|-damage|p2a: Kingambit|9/100|[from] item: Life Orb
|move|p1b: Kingambit|Sucker Punch||[still]
|-fail|p1b: Kingambit
|
|-sideend|p1: IraVinsmoke|move: Tailwind
|-sideend|p2: alphaacount|move: Tailwind
|upkeep
|
|t:|1783068796
|switch|p1a: Aerodactyl|Aerodactyl, L50, F|19/100
|-ability|p1a: Aerodactyl|Unnerve
|turn|5
|inactive|alphaacount has 30 seconds left.
|
|t:|1783068823
|switch|p2b: Raichu|Raichu, L50, M|59/100
|move|p2a: Kingambit|Sucker Punch|p1b: Kingambit
|-resisted|p1b: Kingambit|1
|-damage|p1b: Kingambit|78/100
|-damage|p2a: Kingambit|0 fnt|[from] item: Life Orb
|faint|p2a: Kingambit
|move|p1b: Kingambit|Sucker Punch||[still]
|-fail|p1b: Kingambit
|move|p1a: Aerodactyl|Tailwind|p1a: Aerodactyl
|-sidestart|p1: IraVinsmoke|move: Tailwind
|
|upkeep
|
|t:|1783068837
|switch|p2a: Basculegion|Basculegion, L50, M|100/100
|turn|6
|
|t:|1783068847
|move|p2b: Raichu|Fake Out|p1b: Kingambit
|-resisted|p1b: Kingambit|1
|-damage|p1b: Kingambit|75/100
|move|p2a: Basculegion|Aqua Jet|p1a: Aerodactyl
|-supereffective|p1a: Aerodactyl|1
|-damage|p1a: Aerodactyl|0 fnt
|faint|p1a: Aerodactyl
|cant|p1b: Kingambit|flinch
|
|upkeep
|turn|7
|
|t:|1783068867
|switch|p2a: Staraptor|Staraptor-Mega, L50, M|8/100
|move|p1b: Kingambit|Sucker Punch||[still]
|-fail|p1b: Kingambit
|move|p2b: Raichu|Volt Switch|p1b: Kingambit
|-damage|p1b: Kingambit|44/100
|
|t:|1783068873
|switch|p2b: Basculegion|Basculegion, L50, M|100/100|[from] Volt Switch
|
|upkeep
|turn|8
|
|t:|1783068881
|move|p1b: Kingambit|Sucker Punch|p2b: Basculegion
|-supereffective|p2b: Basculegion|1
|-damage|p2b: Basculegion|1/100
|move|p2b: Basculegion|Wave Crash|p1b: Kingambit
|-damage|p1b: Kingambit|0 fnt
|faint|p1b: Kingambit
|-damage|p2b: Basculegion|0 fnt|[from] Recoil
|faint|p2b: Basculegion
|
|win|alphaacount
||alphaacount is ready for game 2.
|inactive|IraVinsmoke has 30 seconds to confirm battle start!
|inactive|IraVinsmoke has 20 seconds to confirm battle start!
