|j|☆mikewwm8
|j|☆devouring itself
|html|mikewwm8devouring itself    
|uhtml|bestof|Game 3 of a best-of-3
|t:|1784125657
|gametype|doubles
|player|p1|mikewwm8|170|
|player|p2|devouring itself|170|
|gen|9
|tier|[Gen 9 Champions] VGC 2026 Reg M-B (Bo3)
|rule|Species Clause: Limit one of each Pokémon
|rule|Item Clause: Limit 1 of each item
|clearpoke
|poke|p1|Aerodactyl, L50, F|
|poke|p1|Kingambit, L50, M|
|poke|p1|Sylveon, L50, M|
|poke|p1|Garchomp, L50, F|
|poke|p1|Charizard, L50, F|
|poke|p1|Incineroar, L50, F|
|poke|p2|Grimmsnarl, L50, M|
|poke|p2|Swampert, L50, M|
|poke|p2|Pelipper, L50, M|
|poke|p2|Archaludon, L50, M|
|poke|p2|Sinistcha, L50|
|poke|p2|Metagross, L50|
|teampreview|4
|showteam|p1|Aerodactyl||Aerodactylite|Unnerve|RockSlide,IceFang,Tailwind,WideGuard|Jolly||F|||50|]Kingambit||FocusSash|Defiant|KowtowCleave,SuckerPunch,IronHead,Protect|Adamant||M|||50|]Sylveon||FairyFeather|Pixilate|Detect,HyperVoice,HyperBeam,QuickAttack|Modest||M|||50|]Garchomp||LifeOrb|RoughSkin|Earthquake,DragonClaw,StompingTantrum,Protect|Jolly||F|||50|]Charizard||CharizarditeY|Blaze|Protect,HeatWave,SolarBeam,WeatherBall|Modest||F|||50|]Incineroar||SitrusBerry|Intimidate|DarkestLariat,FlareBlitz,FakeOut,PartingShot|Impish||F|||50|
|showteam|p2|Grimmsnarl||LightClay|Prankster|FoulPlay,PartingShot,Reflect,LightScreen|Calm||M|||50|]Swampert||Swampertite|Damp|WaveCrash,Earthquake,IcePunch,Protect|Adamant||M|||50|]Pelipper||SitrusBerry|Drizzle|Hurricane,WeatherBall,Tailwind,WideGuard|Modest||M|||50|]Archaludon||Leftovers|Stamina|ElectroShot,DragonPulse,FlashCannon,Protect|Modest||M|||50|]Sinistcha||CobaBerry|Hospitality|MatchaGotcha,RagePowder,TrickRoom,Protect|Relaxed|||||50|]Metagross||Metagrossite|ClearBody|IronHead,PsychicFangs,BodyPress,Protect|Jolly|||||50|
|
|t:|1784125686
|teamsize|p1|4
|teamsize|p2|4
|start
|switch|p1a: Charizard|Charizard, L50, F|100/100
|switch|p1b: Incineroar|Incineroar, L50, F|100/100
|switch|p2a: Grimmsnarl|Grimmsnarl, L50, M|100/100
|switch|p2b: Metagross|Metagross, L50|100/100
|-ability|p1b: Incineroar|Intimidate|boost
|-unboost|p2a: Grimmsnarl|atk|1
|-fail|p2b: Metagross|unboost|[from] ability: Clear Body|[of] p2b: Metagross
|turn|1
|
|t:|1784125715
|detailschange|p1a: Charizard|Charizard-Mega-Y, L50, F
|-mega|p1a: Charizard|Charizard|Charizardite Y
|-weather|SunnyDay|[from] ability: Drought|[of] p1a: Charizard
|move|p2b: Metagross|Protect|p2b: Metagross
|-singleturn|p2b: Metagross|Protect
|move|p1b: Incineroar|Fake Out|p2a: Grimmsnarl
|-damage|p2a: Grimmsnarl|88/100
|cant|p2a: Grimmsnarl|flinch
|move|p1a: Charizard|Heat Wave|p2b: Metagross|[spread] p2a
|-activate|p2b: Metagross|move: Protect
|-damage|p2a: Grimmsnarl|29/100
|
|-weather|SunnyDay|[upkeep]
|upkeep
|turn|2
|
|t:|1784125754
|switch|p2a: Pelipper|Pelipper, L50, M|100/100
|-weather|RainDance|[from] ability: Drizzle|[of] p2a: Pelipper
|detailschange|p2b: Metagross|Metagross-Mega, L50
|-mega|p2b: Metagross|Metagross|Metagrossite
|move|p1a: Charizard|Protect|p1a: Charizard
|-singleturn|p1a: Charizard|Protect
|move|p2b: Metagross|Psychic Fangs|p1a: Charizard
|-activate|p1a: Charizard|move: Protect
|move|p1b: Incineroar|Parting Shot|p2b: Metagross
|-unboost|p2b: Metagross|atk|1
|-unboost|p2b: Metagross|spa|1
|
|t:|1784125764
|switch|p1b: Garchomp|Garchomp, L50, F|100/100|[from] Parting Shot
|
|-weather|RainDance|[upkeep]
|upkeep
|turn|3
|
|t:|1784125784
|switch|p1a: Sylveon|Sylveon, L50, M|100/100
|switch|p2a: Archaludon|Archaludon, L50, M|100/100
|move|p2b: Metagross|Psychic Fangs|p1a: Sylveon
|-damage|p1a: Sylveon|53/100
|move|p1b: Garchomp|Dragon Claw|p2a: Archaludon
|-crit|p2a: Archaludon
|-damage|p2a: Archaludon|42/100
|-ability|p2a: Archaludon|Stamina|boost
|-boost|p2a: Archaludon|def|1
|-damage|p1b: Garchomp|90/100|[from] item: Life Orb
|
|-weather|RainDance|[upkeep]
|-heal|p2a: Archaludon|48/100|[from] item: Leftovers
|upkeep
|turn|4
|
|t:|1784125809
|switch|p2b: Grimmsnarl|Grimmsnarl, L50, M|29/100
|move|p1a: Sylveon|Detect|p1a: Sylveon
|-singleturn|p1a: Sylveon|Protect
|move|p1b: Garchomp|Earthquake|p2b: Grimmsnarl|[spread] p2a,p2b
|-activate|p1a: Sylveon|move: Protect
|-supereffective|p2a: Archaludon|1
|-damage|p2a: Archaludon|1/100
|-damage|p2b: Grimmsnarl|0 fnt
|-ability|p2a: Archaludon|Stamina|boost
|-boost|p2a: Archaludon|def|1
|faint|p2b: Grimmsnarl
|-damage|p1b: Garchomp|80/100|[from] item: Life Orb
|move|p2a: Archaludon|Flash Cannon|p1a: Sylveon
|-activate|p1a: Sylveon|move: Protect
|
|-weather|RainDance|[upkeep]
|-heal|p2a: Archaludon|7/100|[from] item: Leftovers
|upkeep
|
|t:|1784125815
|switch|p2b: Metagross|Metagross-Mega, L50|100/100
|turn|5
|
|t:|1784125833
|switch|p1a: Charizard|Charizard-Mega-Y, L50, F|100/100
|-weather|SunnyDay|[from] ability: Drought|[of] p1a: Charizard
|move|p2a: Archaludon|Protect|p2a: Archaludon
|-singleturn|p2a: Archaludon|Protect
|move|p2b: Metagross|Psychic Fangs|p1a: Charizard
|-damage|p1a: Charizard|35/100
|move|p1b: Garchomp|Earthquake|p2a: Archaludon|[spread] p2b
|-activate|p2a: Archaludon|move: Protect
|-immune|p1a: Charizard
|-supereffective|p2b: Metagross|1
|-damage|p2b: Metagross|21/100
|-damage|p1b: Garchomp|70/100|[from] item: Life Orb
|
|-weather|SunnyDay|[upkeep]
|-heal|p2a: Archaludon|13/100|[from] item: Leftovers
|upkeep
|turn|6
|
|t:|1784125849
|switch|p2b: Pelipper|Pelipper, L50, M|100/100
|-weather|RainDance|[from] ability: Drizzle|[of] p2b: Pelipper
|switch|p1a: Incineroar|Incineroar, L50, F|100/100
|-ability|p1a: Incineroar|Intimidate|boost
|-unboost|p2a: Archaludon|atk|1
|-unboost|p2b: Pelipper|atk|1
|move|p1b: Garchomp|Stomping Tantrum|p2a: Archaludon
|-supereffective|p2a: Archaludon|1
|-damage|p2a: Archaludon|0 fnt
|faint|p2a: Archaludon
|-damage|p1b: Garchomp|60/100|[from] item: Life Orb
|
|-weather|RainDance|[upkeep]
|upkeep
|
|t:|1784125852
|switch|p2a: Metagross|Metagross-Mega, L50|21/100
|turn|7
|
|t:|1784125867
|switch|p1b: Charizard|Charizard-Mega-Y, L50, F|35/100
|-weather|SunnyDay|[from] ability: Drought|[of] p1b: Charizard
|move|p1a: Incineroar|Fake Out|p2b: Pelipper
|-damage|p2b: Pelipper|88/100
|move|p2a: Metagross|Psychic Fangs|p1b: Charizard
|-damage|p1b: Charizard|0 fnt
|faint|p1b: Charizard
|cant|p2b: Pelipper|flinch
|
|-weather|SunnyDay|[upkeep]
|upkeep
|
|t:|1784125873
|switch|p1b: Garchomp|Garchomp, L50, F|60/100
|turn|8
|
|t:|1784125882
|move|p1b: Garchomp|Protect|p1b: Garchomp
|-singleturn|p1b: Garchomp|Protect
|move|p2a: Metagross|Psychic Fangs|p1b: Garchomp
|-activate|p1b: Garchomp|move: Protect
|move|p2b: Pelipper|Weather Ball|p1a: Incineroar
|-resisted|p1a: Incineroar|1
|-damage|p1a: Incineroar|80/100
|move|p1a: Incineroar|Flare Blitz|p2a: Metagross
|-supereffective|p2a: Metagross|1
|-damage|p2a: Metagross|0 fnt
|faint|p2a: Metagross
|-damage|p1a: Incineroar|74/100|[from] Recoil
|
|-weather|SunnyDay|[upkeep]
|upkeep
|turn|9
|c|☆devouring itself|ggs!
|
|t:|1784125891
|move|p1b: Garchomp|Dragon Claw|p2b: Pelipper
|-damage|p2b: Pelipper|32/100
|-enditem|p2b: Pelipper|Sitrus Berry|[eat]
|-heal|p2b: Pelipper|56/100|[from] item: Sitrus Berry
|-damage|p1b: Garchomp|50/100g|[from] item: Life Orb
|move|p2b: Pelipper|Weather Ball|p1b: Garchomp
|-resisted|p1b: Garchomp|1
|-damage|p1b: Garchomp|29/100
|move|p1a: Incineroar|Darkest Lariat|p2b: Pelipper
|-damage|p2b: Pelipper|23/100
|
|-weather|SunnyDay|[upkeep]
|upkeep
|turn|10
|c|☆mikewwm8|ggs
|
|t:|1784125906
|move|p1b: Garchomp|Dragon Claw|p2b: Pelipper
|-damage|p2b: Pelipper|0 fnt
|faint|p2b: Pelipper
|-damage|p1b: Garchomp|19/100|[from] item: Life Orb
|
|win|mikewwm8
|c|☆mikewwm8|ill upload if thats ok
|c|☆devouring itself|that would be nice thank you
