|j|☆endK649
|j|☆void25o
|html|endK649void25o    
|uhtml|bestof|Game 3 of a best-of-3
|t:|1755213665
|gametype|doubles
|player|p1|endK649|gambler|1189
|player|p2|void25o|miku-ghost|1157
|gen|9
|tier|[Gen 9] VGC 2025 Reg H (Bo3)
|rated|
|rule|Species Clause: Limit one of each Pokémon
|rule|Item Clause: Limit 1 of each item
|clearpoke
|poke|p1|Feraligatr, L50, M|
|poke|p1|Pelipper, L50, M|
|poke|p1|Archaludon, L50, F|
|poke|p1|Electabuzz, L50, M|
|poke|p1|Sneasler, L50, F|
|poke|p1|Rillaboom, L50, M|
|poke|p2|Weezing-Galar, L50, M|
|poke|p2|Toedscruel, L50, F|
|poke|p2|Typhlosion-Hisui, L50, M|
|poke|p2|Espathra, L50, M|
|poke|p2|Sneasler, L50, F|
|poke|p2|Rillaboom, L50, F|
|teampreview|4
|showteam|p1|Feraligatr||LifeOrb|SheerForce|Liquidation,Crunch,DragonDance,Protect|||M|||50|,,,,,Dark]Pelipper||FocusSash|Drizzle|WeatherBall,Hurricane,Tailwind,Protect|||M|||50|,,,,,Stellar]Archaludon||AssaultVest|Stamina|FlashCannon,DragonPulse,ElectroShot,BodyPress|||F|||50|,,,,,Bug]Electabuzz||Eviolite|VitalSpirit|Thunderbolt,FollowMe,Taunt,Protect|||M|||50|,,,,,Ghost]Sneasler||WhiteHerb|Unburden|CloseCombat,DireClaw,FakeOut,Coaching|||F|||50|,,,,,Ghost]Rillaboom||LoadedDice|GrassySurge|BulletSeed,GrassyGlide,FakeOut,Protect|||M|||50|,,,,,Grass
|showteam|p2|Weezing-Galar||SitrusBerry|NeutralizingGas|Protect,Taunt,WillOWisp,DazzlingGleam|||M|||50|,,,,,Water]Toedscruel||CovertCloak|MyceliumMight|Spore,EarthPower,AcidSpray,RagePowder|||F|||50|,,,,,Water]Typhlosion-Hisui||ChoiceSpecs|Blaze|Eruption,HeatWave,Overheat,ShadowBall|||M|||50|,,,,,Fire]Espathra||FocusSash|SpeedBoost|LuminaCrash,AllySwitch,DazzlingGleam,Protect|||M|||50|,,,,,Fairy]Sneasler||GrassySeed|PoisonTouch|CloseCombat,DireClaw,ThroatChop,Protect|||F|||50|,,,,,Dark]Rillaboom||Leftovers|GrassySurge|WoodHammer,FakeOut,Uturn,Taunt|||F|||50|,,,,,Fire
|
|t:|1755213676
|teamsize|p1|4
|teamsize|p2|4
|start
|switch|p1a: Candy|Sneasler, L50, F, shiny|100/100
|switch|p1b: Chunky|Archaludon, L50, F, shiny|100/100
|switch|p2a: Espathra|Espathra, L50, M|100/100
|switch|p2b: Sneasler|Sneasler, L50, F, shiny|100/100
|turn|1
|inactive|Battle timer is ON: inactive players will automatically lose when time's up. (requested by endK649)
|
|t:|1755213704
|-terastallize|p1b: Chunky|Bug
|move|p2b: Sneasler|Protect|p2b: Sneasler
|-singleturn|p2b: Sneasler|Protect
|move|p2a: Espathra|Protect|p2a: Espathra
|-singleturn|p2a: Espathra|Protect
|move|p1a: Candy|Fake Out|p2a: Espathra
|-activate|p2a: Espathra|move: Protect
|move|p1b: Chunky|Dragon Pulse|p2b: Sneasler
|-activate|p2b: Sneasler|move: Protect
|
|-ability|p2a: Espathra|Speed Boost|boost
|-boost|p2a: Espathra|spe|1
|upkeep
|turn|2
|
|t:|1755213722
|switch|p1a: Squawks|Pelipper, L50, M, shiny|100/100
|-weather|RainDance|[from] ability: Drizzle|[of] p1a: Squawks
|move|p2a: Espathra|Lumina Crash|p1a: Squawks
|-damage|p1a: Squawks|31/100
|-unboost|p1a: Squawks|spd|2
|move|p2b: Sneasler|Dire Claw|p1b: Chunky
|-damage|p1b: Chunky|70/100
|-ability|p1b: Chunky|Stamina|boost
|-boost|p1b: Chunky|def|1
|move|p1b: Chunky|Electro Shot||[still]
|-prepare|p1b: Chunky|Electro Shot
|-boost|p1b: Chunky|spa|1
|-anim|p1b: Chunky|Electro Shot|p2a: Espathra
|-damage|p2a: Espathra|3/100
|
|-weather|RainDance|[upkeep]
|-ability|p2a: Espathra|Speed Boost|boost
|-boost|p2a: Espathra|spe|1
|upkeep
|turn|3
|
|t:|1755213741
|move|p1a: Squawks|Protect|p1a: Squawks
|-singleturn|p1a: Squawks|Protect
|move|p2a: Espathra|Lumina Crash|p1a: Squawks
|-activate|p1a: Squawks|move: Protect
|move|p2b: Sneasler|Dire Claw|p1b: Chunky
|-damage|p1b: Chunky|50/100
|-status|p1b: Chunky|slp
|-ability|p1b: Chunky|Stamina|boost
|-boost|p1b: Chunky|def|1
|cant|p1b: Chunky|slp
|
|-weather|RainDance|[upkeep]
|-ability|p2a: Espathra|Speed Boost|boost
|-boost|p2a: Espathra|spe|1
|upkeep
|turn|4
|
|t:|1755213756
|switch|p1a: Diddy|Electabuzz, L50, M, shiny|100/100
|move|p2a: Espathra|Lumina Crash|p1b: Chunky
|-damage|p1b: Chunky|21/100 slp
|-unboost|p1b: Chunky|spd|2
|-ability|p1b: Chunky|Stamina|boost
|-boost|p1b: Chunky|def|1
|move|p2b: Sneasler|Dire Claw|p1a: Diddy
|-damage|p1a: Diddy|53/100
|-status|p1a: Diddy|psn
|cant|p1b: Chunky|slp
|
|-weather|RainDance|[upkeep]
|-damage|p1a: Diddy|41/100 psn|[from] psn
|-ability|p2a: Espathra|Speed Boost|boost
|-boost|p2a: Espathra|spe|1
|upkeep
|turn|5
|
|t:|1755213777
|move|p1a: Diddy|Follow Me|p1a: Diddy
|-singleturn|p1a: Diddy|move: Follow Me
|move|p2a: Espathra|Dazzling Gleam|p1b: Chunky|[spread] p1a,p1b
|-damage|p1a: Diddy|25/100 psn
|-damage|p1b: Chunky|0 fnt
|faint|p1b: Chunky
|move|p2b: Sneasler|Dire Claw|p1a: Diddy
|-damage|p1a: Diddy|0 fnt
|faint|p1a: Diddy
|
|-weather|RainDance|[upkeep]
|-ability|p2a: Espathra|Speed Boost|boost
|-boost|p2a: Espathra|spe|1
|upkeep
|
|t:|1755213782
|switch|p1a: Candy|Sneasler, L50, F, shiny|100/100
|switch|p1b: Squawks|Pelipper, L50, M, shiny|31/100
|turn|6
|
|t:|1755213791
|move|p1b: Squawks|Protect|p1b: Squawks
|-singleturn|p1b: Squawks|Protect
|move|p2a: Espathra|Dazzling Gleam|p1a: Candy|[spread] p1a
|-activate|p1b: Squawks|move: Protect
|-damage|p1a: Candy|75/100
|move|p1a: Candy|Close Combat|p2b: Sneasler
|-resisted|p2b: Sneasler
|-damage|p2b: Sneasler|48/100
|-unboost|p1a: Candy|def|1
|-unboost|p1a: Candy|spd|1
|-enditem|p1a: Candy|White Herb
|-clearnegativeboost|p1a: Candy|[silent]
|move|p2b: Sneasler|Close Combat|p1a: Candy
|-resisted|p1a: Candy
|-damage|p1a: Candy|17/100
|-unboost|p2b: Sneasler|def|1
|-unboost|p2b: Sneasler|spd|1
|
|-weather|none
|-ability|p2a: Espathra|Speed Boost|boost
|-boost|p2a: Espathra|spe|1
|upkeep
|turn|7
|
|t:|1755213809
|move|p2a: Espathra|Dazzling Gleam|p1b: Squawks|[spread] p1a,p1b
|-crit|p1b: Squawks
|-damage|p1a: Candy|0 fnt
|-damage|p1b: Squawks|0 fnt
|faint|p1a: Candy
|faint|p1b: Squawks
|
|win|void25o
|raw|endK649's rating: 1189 → 1162(-27 for losing)
|raw|void25o's rating: 1157 → 1184(+27 for winning)
