|j|鈽哸zuredreamer vg
|j|鈽咮obbySamuel
|html|azuredreamer vgBobbySamuel    
|uhtml|bestof|Game 2 of a best-of-3
|t:|1756377778
|gametype|doubles
|player|p1|azuredreamer vg|170|1175
|player|p2|BobbySamuel|169|1040
|gen|9
|tier|[Gen 9] VGC 2025 Reg H (Bo3)
|rated|
|rule|Species Clause: Limit one of each Pok茅mon
|rule|Item Clause: Limit 1 of each item
|clearpoke
|poke|p1|Annihilape, L50, M|
|poke|p1|Archaludon, L50, M|
|poke|p1|Ursaluna-Bloodmoon, L50, M|
|poke|p1|Whimsicott, L50, M|
|poke|p1|Dragonite, L50, M|
|poke|p1|Pelipper, L50, M|
|poke|p2|Politoed, L50, F|
|poke|p2|Gothitelle, L50, F|
|poke|p2|Kingdra, L50, M|
|poke|p2|Archaludon, L50, M|
|poke|p2|Amoonguss, L50, M|
|poke|p2|Incineroar, L50, F|
|teampreview|4
|showteam|p1|Annihilape||ChoiceScarf|Defiant|FinalGambit,RageFist,Uturn,CloseCombat|||M|||50|,,,,,Grass]Archaludon||AssaultVest|Stamina|BodyPress,FlashCannon,ElectroShot,DracoMeteor|||M|||50|,,,,,Water]Ursaluna-Bloodmoon||LifeOrb|MindsEye|EarthPower,BloodMoon,HyperVoice,Protect|||M|||50|,,,,,Normal]Whimsicott||FocusSash|Prankster|Moonblast,BeatUp,Tailwind,Taunt|||M|||50|,,,,,Ghost]Dragonite||LoadedDice|InnerFocus|ScaleShot,IceSpinner,Haze,Protect|||M|||50|,,,,,Steel]Pelipper||CovertCloak|Drizzle|WeatherBall,Hurricane,Tailwind,Protect|||M|||50|,,,,,Ghost
|showteam|p2|Politoed||Leftovers|Drizzle|Protect,PerishSong,WeatherBall,Encore|||F|||50|,,,,,Grass]Gothitelle||SitrusBerry|ShadowTag|Protect,FakeOut,Psychic,TrickRoom|||F|||50|,,,,,Dark]Kingdra||LifeOrb|SwiftSwim|Protect,WeatherBall,DracoMeteor,MuddyWater|||M|||50|,,,,,Stellar]Archaludon||PowerHerb|Sturdy|Protect,ElectroShot,DragonPulse,FlashCannon|||M|||50|,,,,,Electric]Amoonguss||EjectButton|Regenerator|Protect,PollenPuff,RagePowder,Spore|||M|||50|,,,,,Fairy]Incineroar||SafetyGoggles|Intimidate|Protect,FakeOut,KnockOff,PartingShot|||F|||50|,,,,,Ghost
|inactive|Battle timer is ON: inactive players will automatically lose when time's up. (requested by azuredreamer vg)
|
|t:|1756377803
|teamsize|p1|4
|teamsize|p2|4
|start
|switch|p1a: Whimsicott|Whimsicott, L50, M|100/100
|switch|p1b: Dragonite|Dragonite, L50, M, shiny|100/100
|switch|p2a: Politoed|Politoed, L50, F|100/100
|switch|p2b: Archaludon|Archaludon, L50, M|100/100
|-weather|RainDance|[from] ability: Drizzle|[of] p2a: Politoed
|turn|1
|inactive|BobbySamuel has 30 seconds left.
|inactive|BobbySamuel has 20 seconds left.
|
|t:|1756377839
|switch|p2a: Amoonguss|Amoonguss, L50, M|100/100
|-terastallize|p2b: Archaludon|Electric
|move|p1a: Whimsicott|Tailwind|p1a: Whimsicott
|-sidestart|p1: azuredreamer vg|move: Tailwind
|move|p1b: Dragonite|Scale Shot|p2a: Amoonguss
|-damage|p2a: Amoonguss|88/100
|-damage|p2a: Amoonguss|77/100
|-damage|p2a: Amoonguss|66/100
|-damage|p2a: Amoonguss|55/100
|-damage|p2a: Amoonguss|44/100
|-hitcount|p2a: Amoonguss|5
|-enditem|p2a: Amoonguss|Eject Button
|-unboost|p1b: Dragonite|def|1
|-boost|p1b: Dragonite|spe|1
|
|t:|1756377859
|switch|p2a: Gothitelle|Gothitelle, L50, F|100/100
|move|p2b: Archaludon|Electro Shot||[still]
|-prepare|p2b: Archaludon|Electro Shot
|-boost|p2b: Archaludon|spa|1
|-anim|p2b: Archaludon|Electro Shot|p1b: Dragonite
|-crit|p1b: Dragonite
|-damage|p1b: Dragonite|0 fnt
|faint|p1b: Dragonite
|
|-weather|RainDance|[upkeep]
|upkeep
|c|鈽哸zuredreamer vg|crit is unfortunate
|
|t:|1756377879
|switch|p1b: Annihilape|Annihilape, L50, M|100/100
|turn|2
|inactive|BobbySamuel has 30 seconds left.
|inactive|azuredreamer vg has 30 seconds left.
|
|t:|1756377915
|-terastallize|p1b: Annihilape|Grass
|move|p2a: Gothitelle|Fake Out|p1a: Whimsicott
|-damage|p1a: Whimsicott|92/100
|cant|p1a: Whimsicott|flinch
|move|p1b: Annihilape|Rage Fist|p2b: Archaludon
|-damage|p2b: Archaludon|77/100
|move|p2b: Archaludon|Electro Shot||[still]
|-prepare|p2b: Archaludon|Electro Shot
|-boost|p2b: Archaludon|spa|1
|-anim|p2b: Archaludon|Electro Shot|p1b: Annihilape
|-resisted|p1b: Annihilape
|-damage|p1b: Annihilape|36/100
|
|-weather|RainDance|[upkeep]
|upkeep
|turn|3
|inactive|azuredreamer vg has 30 seconds left.
|inactive|BobbySamuel has 30 seconds left.
|
|t:|1756377945
|move|p2a: Gothitelle|Protect|p2a: Gothitelle
|-singleturn|p2a: Gothitelle|Protect
|move|p1a: Whimsicott|Beat Up|p1b: Annihilape
|-damage|p1b: Annihilape|34/100
|-damage|p1b: Annihilape|31/100
|-damage|p1b: Annihilape|29/100
|-hitcount|p1b: Annihilape|3
|move|p1b: Annihilape|Rage Fist|p2b: Archaludon
|-damage|p2b: Archaludon|0 fnt
|faint|p2b: Archaludon
|
|-weather|RainDance|[upkeep]
|upkeep
|
|t:|1756377963
|switch|p2b: Amoonguss|Amoonguss, L50, M|77/100
|turn|4
|
|t:|1756377979
|move|p1a: Whimsicott|Taunt|p2b: Amoonguss
|-start|p2b: Amoonguss|move: Taunt
|move|p1b: Annihilape|Rage Fist|p2a: Gothitelle
|-supereffective|p2a: Gothitelle
|-damage|p2a: Gothitelle|0 fnt
|faint|p2a: Gothitelle
|move|p2b: Amoonguss|Pollen Puff|p1b: Annihilape
|-supereffective|p1b: Annihilape
|-damage|p1b: Annihilape|0 fnt
|faint|p1b: Annihilape
|
|-weather|RainDance|[upkeep]
|-sideend|p1: azuredreamer vg|move: Tailwind
|upkeep
|
|t:|1756377992
|switch|p1b: Archaludon|Archaludon, L50, M, shiny|100/100
|switch|p2a: Politoed|Politoed, L50, F|100/100
|turn|5
|
|t:|1756378010
|move|p1a: Whimsicott|Tailwind|p1a: Whimsicott
|-sidestart|p1: azuredreamer vg|move: Tailwind
|move|p1b: Archaludon|Electro Shot||[still]
|-prepare|p1b: Archaludon|Electro Shot
|-boost|p1b: Archaludon|spa|1
|-anim|p1b: Archaludon|Electro Shot|p2a: Politoed
|-supereffective|p2a: Politoed
|-damage|p2a: Politoed|13/100
|move|p2a: Politoed|Perish Song|p2a: Politoed
|-start|p1a: Whimsicott|perish3|[silent]
|-start|p1b: Archaludon|perish3|[silent]
|-start|p2a: Politoed|perish3|[silent]
|-start|p2b: Amoonguss|perish3|[silent]
|-fieldactivate|move: Perish Song
|move|p2b: Amoonguss|Pollen Puff|p2a: Politoed
|-heal|p2a: Politoed|63/100
|
|-weather|none
|-heal|p2a: Politoed|69/100|[from] item: Leftovers
|-start|p1a: Whimsicott|perish3
|-start|p1b: Archaludon|perish3
|-start|p2a: Politoed|perish3
|-start|p2b: Amoonguss|perish3
|upkeep
|turn|6
|inactive|azuredreamer vg has 30 seconds left.
|inactive|BobbySamuel has 30 seconds left.
|inactive|azuredreamer vg has 20 seconds left.
|inactive|BobbySamuel has 20 seconds left.
|inactive|azuredreamer vg has 15 seconds left.
|inactive|BobbySamuel has 15 seconds left.
|inactive|azuredreamer vg has 10 seconds left.
|inactive|BobbySamuel has 10 seconds left.
|inactive|azuredreamer vg has 5 seconds left.
|
|t:|1756378062
|move|p1a: Whimsicott|Moonblast|p2b: Amoonguss
|-resisted|p2b: Amoonguss
|-damage|p2b: Amoonguss|62/100
|-unboost|p2b: Amoonguss|spa|1
|move|p1b: Archaludon|Flash Cannon|p2b: Amoonguss
|-damage|p2b: Amoonguss|12/100
|move|p2a: Politoed|Weather Ball|p1a: Whimsicott
|-damage|p1a: Whimsicott|73/100
|move|p2b: Amoonguss|Pollen Puff|p2a: Politoed
|-heal|p2a: Politoed|100/100
|
|-end|p2b: Amoonguss|move: Taunt
|-start|p1a: Whimsicott|perish2
|-start|p1b: Archaludon|perish2
|-start|p2a: Politoed|perish2
|-start|p2b: Amoonguss|perish2
|upkeep
|turn|7
|inactive|BobbySamuel has 30 seconds left.
|
|t:|1756378097
|move|p2b: Amoonguss|Protect|p2b: Amoonguss
|-singleturn|p2b: Amoonguss|Protect
|move|p1a: Whimsicott|Moonblast|p2b: Amoonguss
|-activate|p2b: Amoonguss|move: Protect
|move|p1b: Archaludon|Draco Meteor|p2a: Politoed
|-damage|p2a: Politoed|30/100
|-unboost|p1b: Archaludon|spa|2
|move|p2a: Politoed|Weather Ball|p1a: Whimsicott
|-damage|p1a: Whimsicott|54/100
|
|-heal|p2a: Politoed|36/100|[from] item: Leftovers
|-start|p1a: Whimsicott|perish1
|-start|p1b: Archaludon|perish1
|-start|p2a: Politoed|perish1
|-start|p2b: Amoonguss|perish1
|upkeep
|turn|8
|
|t:|1756378121
|move|p2a: Politoed|Protect|p2a: Politoed
|-singleturn|p2a: Politoed|Protect
|move|p2b: Amoonguss|Protect||[still]
|-fail|p2b: Amoonguss
|move|p1a: Whimsicott|Moonblast|p2b: Amoonguss
|-resisted|p2b: Amoonguss
|-damage|p2b: Amoonguss|0 fnt
|faint|p2b: Amoonguss
|move|p1b: Archaludon|Draco Meteor|p2a: Politoed
|-activate|p2a: Politoed|move: Protect
|
|-heal|p2a: Politoed|42/100|[from] item: Leftovers
|-start|p1a: Whimsicott|perish0
|-start|p1b: Archaludon|perish0
|-start|p2a: Politoed|perish0
|-sideend|p1: azuredreamer vg|move: Tailwind
|faint|p1a: Whimsicott
|faint|p1b: Archaludon
|faint|p2a: Politoed
|
|win|BobbySamuel
|inactive|azuredreamer vg has 30 seconds to confirm battle start!
|inactive|BobbySamuel has 30 seconds to confirm battle start!
||BobbySamuel is ready for game 3.
