|j|☆LazyTurtle69
|j|☆viatles
|html|LazyTurtle69viatles    
|uhtml|bestof|Game 2 of a best-of-3
|t:|1784062386
|gametype|doubles
|player|p1|LazyTurtle69|buck|1073
|player|p2|viatles|hiker|1118
|gen|9
|tier|[Gen 9 Champions] VGC 2026 Reg M-B (Bo3)
|rated|
|rule|Species Clause: Limit one of each Pokémon
|rule|Item Clause: Limit 1 of each item
|clearpoke
|poke|p1|Mimikyu, L50, M|
|poke|p1|Skeledirge, L50, M|
|poke|p1|Drampa, L50, F|
|poke|p1|Scrafty, L50, M|
|poke|p1|Slowbro-Galar, L50, M|
|poke|p1|Hatterene, L50, F|
|poke|p2|Beedrill, L50, F, shiny|
|poke|p2|Milotic, L50, M, shiny|
|poke|p2|Ceruledge, L50, F|
|poke|p2|Sinistcha, L50|
|poke|p2|Hydreigon, L50, M|
|poke|p2|Meowscarada, L50, M|
|teampreview|4
|showteam|p1|Mimikyu||MentalHerb|Disguise|TrickRoom,DrainPunch,WillOWisp,LightScreen|Sassy||M|||50|]Skeledirge||Leftovers|Unaware|TorchSong,Protect,SlackOff,ShadowBall|Bold||M|||50|]Drampa||Drampanite|CloudNine|HyperVoice,DragonPulse,EarthPower,Protect|Modest||F|||50|]Scrafty||Scraftinite|Intimidate|DrainPunch,PoisonJab,KnockOff,FakeOut|Adamant||M|||50|]Slowbro-Galar||SitrusBerry|OwnTempo|TrickRoom,ShellSideArm,DrainPunch,Protect|Relaxed||M|||50|]Hatterene||LifeOrb|MagicBounce|DazzlingGleam,Psychic,MysticalFire,Protect|Modest||F|||50|
|showteam|p2|Beedrill||Beedrillite|Swarm|Uturn,DrillRun,PoisonJab,Protect|Jolly||F|||50|]Milotic||Leftovers|Competitive|IcyWind,Scald,Protect,LifeDew|Bold||M|||50|]Ceruledge||ColburBerry|FlashFire|Protect,BitterBlade,BulkUp,ShadowSneak|Adamant||F|||50|]Sinistcha||SitrusBerry|Hospitality|MatchaGotcha,RagePowder,Imprison,TrickRoom|Bold|||||50|]Hydreigon||ChoiceScarf|Levitate|DracoMeteor,DarkPulse,HeatWave,EarthPower|Modest||M|||50|]Meowscarada||FocusSash|Overgrow|TripleAxel,KnockOff,FlowerTrick,Protect|Jolly||M|||50|
|inactive|Battle timer is ON: inactive players will automatically lose when time's up. (requested by LazyTurtle69)
|inactive|LazyTurtle69 has 60 seconds left.
|
|t:|1784062437
|teamsize|p1|4
|teamsize|p2|4
|start
|switch|p1a: Slowbro|Slowbro-Galar, L50, M|100/100
|switch|p1b: Drampa|Drampa, L50, F|100/100
|switch|p2a: Pentious|Milotic, L50, M, shiny|100/100
|switch|p2b: Sinistcha|Sinistcha, L50|100/100
|-ability|p1b: Drampa|Cloud Nine
|turn|1
|inactive|LazyTurtle69 has 30 seconds left.
|
|t:|1784062464
|detailschange|p1b: Drampa|Drampa-Mega, L50, F
|-mega|p1b: Drampa|Drampa|Drampanite
|move|p2a: Pentious|Icy Wind|p1a: Slowbro|[spread] p1b
|-miss|p2a: Pentious|p1a: Slowbro
|-supereffective|p1b: Drampa|1
|-damage|p1b: Drampa|80/100
|-unboost|p1b: Drampa|spe|1
|move|p2b: Sinistcha|Imprison|p2b: Sinistcha
|-start|p2b: Sinistcha|move: Imprison
|move|p1a: Slowbro|Shell Side Arm|p2b: Sinistcha|[anim] Shell Side Arm Special
|-damage|p2b: Sinistcha|69/100
|-hint|Special Shell Side Arm
|move|p1b: Drampa|Dragon Pulse|p2a: Pentious
|-damage|p2a: Pentious|60/100
|
|-heal|p2a: Pentious|66/100|[from] item: Leftovers
|upkeep
|turn|2
|inactive|LazyTurtle69 has 30 seconds left.
|inactive|viatles has 30 seconds left.
|
|t:|1784062498
|move|p2a: Pentious|Life Dew|p2a: Pentious|[spread] p2a,p2b
|-heal|p2a: Pentious|91/100
|-heal|p2b: Sinistcha|94/100
|move|p2b: Sinistcha|Matcha Gotcha|p1a: Slowbro|[spread] p1a,p1b
|-resisted|p1a: Slowbro|1
|-resisted|p1b: Drampa|1
|-damage|p1a: Slowbro|85/100
|-heal|p2b: Sinistcha|100/100|[from] drain|[of] p1a: Slowbro
|-damage|p1b: Drampa|70/100
|move|p1a: Slowbro|Shell Side Arm|p2b: Sinistcha|[anim] Shell Side Arm Special
|-damage|p2b: Sinistcha|67/100
|-hint|Special Shell Side Arm
|move|p1b: Drampa|Dragon Pulse|p2b: Sinistcha
|-damage|p2b: Sinistcha|12/100
|-enditem|p2b: Sinistcha|Sitrus Berry|[eat]
|-heal|p2b: Sinistcha|37/100|[from] item: Sitrus Berry
|
|-heal|p2a: Pentious|97/100|[from] item: Leftovers
|upkeep
|turn|3
|
|t:|1784062522
|move|p2a: Pentious|Life Dew|p2a: Pentious|[spread] p2a,p2b
|-heal|p2a: Pentious|100/100
|-heal|p2b: Sinistcha|62/100
|move|p2b: Sinistcha|Matcha Gotcha|p1b: Drampa|[spread] p1a,p1b
|-resisted|p1a: Slowbro|1
|-resisted|p1b: Drampa|1
|-damage|p1a: Slowbro|69/100
|-heal|p2b: Sinistcha|71/100|[from] drain|[of] p1a: Slowbro
|-damage|p1b: Drampa|61/100
|-heal|p2b: Sinistcha|76/100|[from] drain|[of] p1b: Drampa
|-status|p1a: Slowbro|brn
|move|p1a: Slowbro|Shell Side Arm|p2b: Sinistcha|[anim] Shell Side Arm Special
|-damage|p2b: Sinistcha|46/100
|-hint|Special Shell Side Arm
|move|p1b: Drampa|Dragon Pulse|p2b: Sinistcha
|-damage|p2b: Sinistcha|0 fnt
|faint|p2b: Sinistcha
|
|-damage|p1a: Slowbro|63/100 brn|[from] brn
|upkeep
|
|t:|1784062542
|switch|p2b: Malsumas|Beedrill, L50, F, shiny|100/100
|turn|4
|
|t:|1784062556
|detailschange|p2b: Malsumas|Beedrill-Mega, L50, F, shiny
|-mega|p2b: Malsumas|Beedrill|Beedrillite
|move|p1b: Drampa|Protect|p1b: Drampa
|-singleturn|p1b: Drampa|Protect
|move|p2b: Malsumas|U-turn|p1a: Slowbro
|-crit|p1a: Slowbro
|-damage|p1a: Slowbro|12/100 brn
|-enditem|p1a: Slowbro|Sitrus Berry|[eat]
|-heal|p1a: Slowbro|37/100 brn|[from] item: Sitrus Berry
|
|t:|1784062564
|switch|p2b: Ceruledge|Ceruledge, L50, F|100/100|[from] U-turn
|move|p2a: Pentious|Scald|p1a: Slowbro
|-damage|p1a: Slowbro|0 fnt
|faint|p1a: Slowbro
|
|upkeep
|
|t:|1784062574
|switch|p1a: Skeledirge|Skeledirge, L50, M|100/100
|turn|5
|
|t:|1784062589
|move|p2b: Ceruledge|Protect|p2b: Ceruledge
|-singleturn|p2b: Ceruledge|Protect
|move|p2a: Pentious|Scald|p1a: Skeledirge
|-supereffective|p1a: Skeledirge|1
|-damage|p1a: Skeledirge|28/100
|move|p1a: Skeledirge|Shadow Ball|p2b: Ceruledge
|-activate|p2b: Ceruledge|move: Protect
|move|p1b: Drampa|Earth Power|p2b: Ceruledge
|-activate|p2b: Ceruledge|move: Protect
|
|-heal|p1a: Skeledirge|35/100|[from] item: Leftovers
|upkeep
|turn|6
|
|t:|1784062612
|move|p1a: Skeledirge|Protect|p1a: Skeledirge
|-singleturn|p1a: Skeledirge|Protect
|move|p2b: Ceruledge|Bulk Up|p2b: Ceruledge
|-boost|p2b: Ceruledge|atk|1
|-boost|p2b: Ceruledge|def|1
|move|p2a: Pentious|Scald|p1a: Skeledirge
|-activate|p1a: Skeledirge|move: Protect
|move|p1b: Drampa|Earth Power|p2b: Ceruledge
|-supereffective|p2b: Ceruledge|1
|-damage|p2b: Ceruledge|24/100
|
|-heal|p1a: Skeledirge|41/100|[from] item: Leftovers
|upkeep
|turn|7
|
|t:|1784062633
|move|p2b: Ceruledge|Bitter Blade|p1b: Drampa
|-resisted|p1b: Drampa|1
|-damage|p1b: Drampa|27/100
|-heal|p2b: Ceruledge|41/100|[from] drain|[of] p1b: Drampa
|-ability|p1b: Drampa|Berserk|boost
|-boost|p1b: Drampa|spa|1
|move|p2a: Pentious|Scald|p1a: Skeledirge
|-supereffective|p1a: Skeledirge|1
|-damage|p1a: Skeledirge|0 fnt
|faint|p1a: Skeledirge
|move|p1b: Drampa|Earth Power|p2b: Ceruledge
|-supereffective|p2b: Ceruledge|1
|-damage|p2b: Ceruledge|0 fnt
|faint|p2b: Ceruledge
|
|upkeep
|
|t:|1784062648
|switch|p2b: Malsumas|Beedrill-Mega, L50, F, shiny|100/100
|switch|p1a: Hatterene|Hatterene, L50, F|100/100
|turn|8
|
|t:|1784062663
|move|p2b: Malsumas|Protect|p2b: Malsumas
|-singleturn|p2b: Malsumas|Protect
|move|p1b: Drampa|Protect|p1b: Drampa
|-singleturn|p1b: Drampa|Protect
|move|p2a: Pentious|Icy Wind|p1b: Drampa|[spread] p1a
|-activate|p1b: Drampa|move: Protect
|-damage|p1a: Hatterene|88/100
|-unboost|p1a: Hatterene|spe|1
|move|p1a: Hatterene|Mystical Fire|p2b: Malsumas
|-activate|p2b: Malsumas|move: Protect
|
|upkeep
|turn|9
|
|t:|1784062679
|move|p2b: Malsumas|Poison Jab|p1a: Hatterene
|-supereffective|p1a: Hatterene|1
|-damage|p1a: Hatterene|0 fnt
|faint|p1a: Hatterene
|move|p2a: Pentious|Icy Wind|p1b: Drampa
|-supereffective|p1b: Drampa|1
|-damage|p1b: Drampa|4/100
|-unboost|p1b: Drampa|spe|1
|move|p1b: Drampa|Hyper Voice|p2a: Pentious|[spread] p2a,p2b
|-damage|p2a: Pentious|51/100
|-damage|p2b: Malsumas|0 fnt
|faint|p2b: Malsumas
|
|-heal|p2a: Pentious|57/100|[from] item: Leftovers
|upkeep
|turn|10
|
|t:|1784062694
|move|p1b: Drampa|Protect|p1b: Drampa
|-singleturn|p1b: Drampa|Protect
|move|p2a: Pentious|Scald|p1b: Drampa
|-activate|p1b: Drampa|move: Protect
|
|-heal|p2a: Pentious|64/100|[from] item: Leftovers
|upkeep
|turn|11
|
|t:|1784062704
|move|p2a: Pentious|Scald|p1b: Drampa
|-resisted|p1b: Drampa|1
|-damage|p1b: Drampa|0 fnt
|faint|p1b: Drampa
|
|win|viatles
|raw|LazyTurtle69's rating: 1073 → 1055(-18 for losing)
|raw|viatles's rating: 1118 → 1140(+22 for winning)
|c|☆viatles|ggs wp
