|j|☆unlo_kk
|j|‽CaratroncoSun
|html|unlo_kkCaratroncoSun    
|uhtml|bestof|Game 2 of a best-of-3
|t:|1782212253
|gametype|doubles
|player|p1|unlo_kk|1|1000
|player|p2|CaratroncoSun|juan|1097
|gen|9
|tier|[Gen 9 Champions] VGC 2026 Reg M-B (Bo3)
|rated|
|rule|Species Clause: Limit one of each Pokémon
|rule|Item Clause: Limit 1 of each item
|clearpoke
|poke|p1|Barbaracle, L50, M|
|poke|p1|Sinistcha, L50|
|poke|p1|Incineroar, L50, M|
|poke|p1|Maushold-Four, L50|
|poke|p1|Tyranitar, L50, M|
|poke|p1|Excadrill, L50, F|
|poke|p2|Overqwil, L50, M, shiny|
|poke|p2|Swampert, L50, M|
|poke|p2|Pelipper, L50, M|
|poke|p2|Metagross, L50, shiny|
|poke|p2|Sneasler, L50, M|
|poke|p2|Sinistcha-Masterpiece, L50|
|teampreview|4
|showteam|p1|Barbaracle||Barbaracite|ToughClaws|RockSlide,CloseCombat,ShellSmash,Protect|Adamant||M|||50|]Sinistcha||KasibBerry|Hospitality|MatchaGotcha,RagePowder,LifeDew,Protect|Bold|||||50|]Incineroar||SitrusBerry|Intimidate|ThroatChop,FlareBlitz,PartingShot,FakeOut|Careful||M|||50|]Maushold-Four||FocusSash|FriendGuard|FollowMe,Protect,PopulationBomb,SuperFang|Jolly|||||50|]Tyranitar||ChopleBerry|SandStream|KnockOff,Protect,RockSlide,DragonDance|Careful||M|||50|]Excadrill||LifeOrb|SandRush|IronHead,StompingTantrum,RockSlide,Protect|Adamant||F|||50|
|showteam|p2|Overqwil||LifeOrb|SwiftSwim|Protect,PoisonJab,ThroatChop,Liquidation|Adamant||M|||50|]Swampert||Swampertite|Damp|Protect,WaveCrash,HighHorsepower,IcePunch|Adamant||M|||50|]Pelipper||FocusSash|Drizzle|Protect,Tailwind,Hurricane,WeatherBall|Modest||M|||50|]Metagross||Metagrossite|ClearBody|Protect,PsychicFangs,MeteorMash,IcePunch|Jolly|||||50|]Sneasler||WhiteHerb|Unburden|Coaching,FakeOut,DireClaw,CloseCombat|Jolly||M|||50|]Sinistcha-Masterpiece||SitrusBerry|Hospitality|MatchaGotcha,TrickRoom,LifeDew,RagePowder|Bold|||||50|
|
|t:|1782212288
|teamsize|p1|4
|teamsize|p2|4
|start
|switch|p1a: Incineroar|Incineroar, L50, M|100/100
|switch|p1b: Tyranitar|Tyranitar, L50, M|100/100
|switch|p2a: Sneasler|Sneasler, L50, M|100/100
|switch|p2b: Swampert|Swampert, L50, M|100/100
|-weather|Sandstorm|[from] ability: Sand Stream|[of] p1b: Tyranitar
|-ability|p1a: Incineroar|Intimidate|boost
|-unboost|p2a: Sneasler|atk|1
|-unboost|p2b: Swampert|atk|1
|-enditem|p2a: Sneasler|White Herb
|-clearnegativeboost|p2a: Sneasler|[silent]
|turn|1
|
|t:|1782212323
|detailschange|p2b: Swampert|Swampert-Mega, L50, M
|-mega|p2b: Swampert|Swampert|Swampertite
|move|p1b: Tyranitar|Protect|p1b: Tyranitar
|-singleturn|p1b: Tyranitar|Protect
|move|p2a: Sneasler|Fake Out|p1a: Incineroar
|-damage|p1a: Incineroar|88/100
|cant|p1a: Incineroar|flinch
|move|p2b: Swampert|Wave Crash|p1b: Tyranitar
|-activate|p1b: Tyranitar|move: Protect
|
|-weather|Sandstorm|[upkeep]
|-damage|p2a: Sneasler|94/100|[from] Sandstorm
|-damage|p1a: Incineroar|82/100|[from] Sandstorm
|upkeep
|turn|2
|
|t:|1782212350
|switch|p1b: Sinistcha|Sinistcha, L50|100/100
|-heal|p1a: Incineroar|100/100|[from] ability: Hospitality|[of] p1b: Sinistcha
|move|p2a: Sneasler|Coaching|p2b: Swampert
|-boost|p2b: Swampert|atk|1
|-boost|p2b: Swampert|def|1
|move|p2b: Swampert|Wave Crash|p1b: Sinistcha
|-resisted|p1b: Sinistcha|1
|-damage|p1b: Sinistcha|70/100
|-damage|p2b: Swampert|90/100|[from] Recoil
|move|p1a: Incineroar|Flare Blitz|p2a: Sneasler
|-damage|p2a: Sneasler|22/100
|-damage|p1a: Incineroar|79/100|[from] Recoil
|
|-weather|Sandstorm|[upkeep]
|-damage|p2a: Sneasler|16/100|[from] Sandstorm
|-damage|p1b: Sinistcha|64/100|[from] Sandstorm
|-damage|p1a: Incineroar|73/100|[from] Sandstorm
|upkeep
|turn|3
|
|t:|1782212370
|move|p2a: Sneasler|Coaching|p2b: Swampert
|-boost|p2b: Swampert|atk|1
|-boost|p2b: Swampert|def|1
|move|p2b: Swampert|Ice Punch|p1b: Sinistcha
|-supereffective|p1b: Sinistcha|1
|-damage|p1b: Sinistcha|0 fnt
|faint|p1b: Sinistcha
|move|p1a: Incineroar|Parting Shot|p2b: Swampert
|-unboost|p2b: Swampert|atk|1
|-unboost|p2b: Swampert|spa|1
|
|t:|1782212381
|switch|p1a: Barbaracle|Barbaracle, L50, M|100/100|[from] Parting Shot
|
|-weather|Sandstorm|[upkeep]
|-damage|p2a: Sneasler|11/100|[from] Sandstorm
|upkeep
|
|t:|1782212386
|switch|p1b: Incineroar|Incineroar, L50, M|73/100
|-ability|p1b: Incineroar|Intimidate|boost
|-unboost|p2a: Sneasler|atk|1
|-unboost|p2b: Swampert|atk|1
|turn|4
|
|t:|1782212402
|switch|p2a: Sinistcha|Sinistcha-Masterpiece, L50|100/100
|-heal|p2b: Swampert|100/100|[from] ability: Hospitality|[of] p2a: Sinistcha
|detailschange|p1a: Barbaracle|Barbaracle-Mega, L50, M
|-mega|p1a: Barbaracle|Barbaracle|Barbaracite
|move|p2b: Swampert|Protect|p2b: Swampert
|-singleturn|p2b: Swampert|Protect
|move|p1b: Incineroar|Fake Out|p2b: Swampert
|-activate|p2b: Swampert|move: Protect
|move|p1a: Barbaracle|Shell Smash|p1a: Barbaracle
|-unboost|p1a: Barbaracle|def|1
|-unboost|p1a: Barbaracle|spd|1
|-boost|p1a: Barbaracle|atk|2
|-boost|p1a: Barbaracle|spa|2
|-boost|p1a: Barbaracle|spe|2
|
|-weather|Sandstorm|[upkeep]
|-damage|p2a: Sinistcha|93/100|[from] Sandstorm
|-damage|p1b: Incineroar|67/100|[from] Sandstorm
|upkeep
|turn|5
|
|t:|1782212429
|move|p2a: Sinistcha|Rage Powder|p2a: Sinistcha
|-singleturn|p2a: Sinistcha|move: Rage Powder
|move|p1a: Barbaracle|Close Combat|p2a: Sinistcha
|-immune|p2a: Sinistcha
|move|p2b: Swampert|Wave Crash|p1a: Barbaracle
|-supereffective|p1a: Barbaracle|1
|-damage|p1a: Barbaracle|0 fnt
|faint|p1a: Barbaracle
|-damage|p2b: Swampert|70/100|[from] Recoil
|move|p1b: Incineroar|Throat Chop|p2a: Sinistcha
|-supereffective|p2a: Sinistcha|1
|-damage|p2a: Sinistcha|43/100
|-start|p2a: Sinistcha|Throat Chop|[silent]
|-enditem|p2a: Sinistcha|Sitrus Berry|[eat]
|-heal|p2a: Sinistcha|67/100|[from] item: Sitrus Berry
|
|-weather|none
|upkeep
|
|t:|1782212440
|switch|p1a: Tyranitar|Tyranitar, L50, M|100/100
|-weather|Sandstorm|[from] ability: Sand Stream|[of] p1a: Tyranitar
|turn|6
|
|t:|1782212456
|move|p2a: Sinistcha|Rage Powder|p2a: Sinistcha
|-singleturn|p2a: Sinistcha|move: Rage Powder
|move|p2b: Swampert|Wave Crash|p1b: Incineroar
|-supereffective|p1b: Incineroar|1
|-damage|p1b: Incineroar|0 fnt
|faint|p1b: Incineroar
|-damage|p2b: Swampert|44/100|[from] Recoil
|move|p1a: Tyranitar|Dragon Dance|p1a: Tyranitar
|-boost|p1a: Tyranitar|atk|1
|-boost|p1a: Tyranitar|spe|1
|
|-weather|Sandstorm|[upkeep]
|-damage|p2a: Sinistcha|61/100|[from] Sandstorm
|-end|p2a: Sinistcha|Throat Chop|[silent]
|upkeep
|turn|7
|
|t:|1782212470
|switch|p2a: Pelipper|Pelipper, L50, M|100/100
|-weather|RainDance|[from] ability: Drizzle|[of] p2a: Pelipper
|move|p2b: Swampert|Wave Crash|p1a: Tyranitar
|-supereffective|p1a: Tyranitar|1
|-damage|p1a: Tyranitar|0 fnt
|faint|p1a: Tyranitar
|-damage|p2b: Swampert|5/100|[from] Recoil
|
|win|CaratroncoSun
|raw|unlo_kk's rating: 1000 → 1000(+0 for losing)
|raw|CaratroncoSun's rating: 1097 → 1116(+19 for winning)
