|j|☆TheLeoj
|j|☆kerlinn
|html|TheLeojkerlinn    
|uhtml|bestof|Game 2 of a best-of-3
|t:|1784649069
|gametype|doubles
|player|p1|TheLeoj|266|
|player|p2|kerlinn|colress|
|gen|9
|tier|[Gen 9 Champions] VGC 2026 Reg M-B (Bo3)
|rule|Species Clause: Limit one of each Pokémon
|rule|Item Clause: Limit 1 of each item
|clearpoke
|poke|p1|Charizard, L50, M, shiny|
|poke|p1|Grimmsnarl, L50, M, shiny|
|poke|p1|Pelipper, L50, F, shiny|
|poke|p1|Archaludon, L50, M, shiny|
|poke|p1|Basculegion, L50, M, shiny|
|poke|p1|Venusaur, L50, M, shiny|
|poke|p2|Umbreon, L50, M|
|poke|p2|Meganium, L50, M|
|poke|p2|Palafin, L50, F|
|poke|p2|Politoed, L50, F|
|poke|p2|Aegislash, L50, M|
|poke|p2|Meowstic, L50, M|
|teampreview|4
|showteam|p1|Charizard||CharizarditeY|Blaze|Protect,HeatWave,WeatherBall,SolarBeam|Modest||M|||50|]Grimmsnarl||LightClay|Prankster|SpiritBreak,Reflect,LightScreen,PartingShot|Sassy||M|||50|]Pelipper||SitrusBerry|Drizzle|Hurricane,WeatherBall,Tailwind,WideGuard|Modest||F|||50|]Archaludon||Leftovers|Stamina|Protect,ElectroShot,DragonPulse,FlashCannon|Calm||M|||50|]Basculegion||ChoiceScarf|Adaptability|FlipTurn,WaveCrash,AquaJet,LastRespects|Jolly||M|||50|]Venusaur||FocusSash|Chlorophyll|Protect,SleepPowder,SludgeBomb,EarthPower|Modest||M|||50|
|showteam|p2|Umbreon||Leftovers|InnerFocus|Taunt,Snarl,FoulPlay,Moonlight|Bold||M|||50|]Meganium||Meganiumite|Overgrow|Protect,WeatherBall,SolarBeam,DazzlingGleam|Modest||M|||50|]Palafin||ChoiceScarf|ZerotoHero|IcePunch,FlipTurn,JetPunch,WaveCrash|Adamant||F|||50|]Politoed||SitrusBerry|Drizzle|Protect,IcyWind,WeatherBall,EarthPower|Bold||F|||50|]Aegislash||SpellTag|StanceChange|KingsShield,ShadowSneak,Poltergeist,SacredSword|Brave||M|||50|]Meowstic||LightClay|Prankster|Reflect,LightScreen,ThunderWave,PsychicNoise|Bold||M|||50|
|inactive|Battle timer is ON: inactive players will automatically lose when time's up. (requested by TheLeoj)
|inactive|TheLeoj has 60 seconds left.
|inactive|kerlinn has 60 seconds left.
|
|t:|1784649127
|teamsize|p1|4
|teamsize|p2|4
|start
|switch|p1a: Pelipper|Pelipper, L50, F, shiny|100/100
|switch|p1b: Archaludon|Archaludon, L50, M, shiny|100/100
|switch|p2a: Meganium|Meganium, L50, M|100/100
|switch|p2b: Meowstic|Meowstic, L50, M|100/100
|-weather|RainDance|[from] ability: Drizzle|[of] p1a: Pelipper
|turn|1
|inactive|kerlinn has 30 seconds left.
|
|t:|1784649160
|move|p2a: Meganium|Protect|p2a: Meganium
|-singleturn|p2a: Meganium|Protect
|move|p1b: Archaludon|Protect|p1b: Archaludon
|-singleturn|p1b: Archaludon|Protect
|move|p2b: Meowstic|Light Screen|p2b: Meowstic
|-sidestart|p2: kerlinn|move: Light Screen
|move|p1a: Pelipper|Tailwind|p1a: Pelipper
|-sidestart|p1: TheLeoj|move: Tailwind
|
|-weather|RainDance|[upkeep]
|upkeep
|turn|2
|inactive|kerlinn has 30 seconds left.
|inactive|kerlinn has 20 seconds left.
|
|t:|1784649197
|detailschange|p2a: Meganium|Meganium-Mega, L50, M
|-mega|p2a: Meganium|Meganium|Meganiumite
|move|p2b: Meowstic|Thunder Wave|p1a: Pelipper
|-status|p1a: Pelipper|par
|move|p1b: Archaludon|Electro Shot||[still]
|-prepare|p1b: Archaludon|Electro Shot
|-boost|p1b: Archaludon|spa|1
|-anim|p1b: Archaludon|Electro Shot|p2b: Meowstic
|-damage|p2b: Meowstic|65/100
|move|p1a: Pelipper|Hurricane|p2a: Meganium
|-supereffective|p2a: Meganium|1
|-crit|p2a: Meganium
|-damage|p2a: Meganium|0 fnt
|faint|p2a: Meganium
|
|-weather|RainDance|[upkeep]
|upkeep
|
|t:|1784649217
|switch|p2a: Aegislash|Aegislash, L50, M|100/100
|turn|3
|
|t:|1784649236
|move|p2b: Meowstic|Thunder Wave|p1b: Archaludon
|-status|p1b: Archaludon|par
|move|p1a: Pelipper|Hurricane|p2b: Meowstic
|-damage|p2b: Meowstic|30/100
|move|p1b: Archaludon|Electro Shot||[still]
|-prepare|p1b: Archaludon|Electro Shot
|-boost|p1b: Archaludon|spa|1
|-anim|p1b: Archaludon|Electro Shot|p2b: Meowstic
|-damage|p2b: Meowstic|0 fnt
|faint|p2b: Meowstic
|-formechange|p2a: Aegislash|Aegislash-Blade|
|move|p2a: Aegislash|Sacred Sword|p1b: Archaludon
|-supereffective|p1b: Archaludon|1
|-damage|p1b: Archaludon|50/100y par
|-ability|p1b: Archaludon|Stamina|boost
|-boost|p1b: Archaludon|def|1
|
|-weather|RainDance|[upkeep]
|-heal|p1b: Archaludon|56/100 par|[from] item: Leftovers
|upkeep
|
|t:|1784649252
|switch|p2b: Politoed|Politoed, L50, F|100/100
|turn|4
|inactive|TheLeoj has 30 seconds left.
|inactive|TheLeoj has 20 seconds left.
|
|t:|1784649287
|move|p2b: Politoed|Protect|p2b: Politoed
|-singleturn|p2b: Politoed|Protect
|move|p1a: Pelipper|Hurricane|p2b: Politoed
|-activate|p2b: Politoed|move: Protect
|move|p1b: Archaludon|Electro Shot||[still]
|-prepare|p1b: Archaludon|Electro Shot
|-boost|p1b: Archaludon|spa|1
|-anim|p1b: Archaludon|Electro Shot|p2b: Politoed
|-activate|p2b: Politoed|move: Protect
|move|p2a: Aegislash|Sacred Sword|p1b: Archaludon
|-supereffective|p1b: Archaludon|1
|-damage|p1b: Archaludon|5/100 par
|-ability|p1b: Archaludon|Stamina|boost
|-boost|p1b: Archaludon|def|1
|
|-weather|RainDance|[upkeep]
|-heal|p1b: Archaludon|11/100 par|[from] item: Leftovers
|-sideend|p1: TheLeoj|move: Tailwind
|upkeep
|turn|5
|inactive|kerlinn has 30 seconds left.
|inactive|kerlinn has 20 seconds left.
|inactive|kerlinn has 15 seconds left.
|inactive|kerlinn has 10 seconds left.
|inactive|kerlinn has 5 seconds left.
|
|t:|1784649338
|-formechange|p2a: Aegislash|Aegislash|
|move|p2a: Aegislash|King's Shield|p2a: Aegislash
|-singleturn|p2a: Aegislash|Protect
|cant|p1b: Archaludon|par
|move|p2b: Politoed|Earth Power|p1b: Archaludon
|-supereffective|p1b: Archaludon|1
|-damage|p1b: Archaludon|0 fnt
|faint|p1b: Archaludon
|move|p1a: Pelipper|Tailwind|p1a: Pelipper
|-sidestart|p1: TheLeoj|move: Tailwind
|
|-weather|none
|upkeep
|
|t:|1784649352
|switch|p1b: Charizard|Charizard, L50, M, shiny|100/100
|turn|6
|inactive|kerlinn has 30 seconds left.
|inactive|kerlinn has 20 seconds left.
|
|t:|1784649387
|detailschange|p1b: Charizard|Charizard-Mega-Y, L50, M, shiny
|-mega|p1b: Charizard|Charizard|Charizardite Y
|-weather|SunnyDay|[from] ability: Drought|[of] p1b: Charizard
|move|p1b: Charizard|Solar Beam||[still]
|-prepare|p1b: Charizard|Solar Beam
|-anim|p1b: Charizard|Solar Beam|p2b: Politoed
|-supereffective|p2b: Politoed|1
|-damage|p2b: Politoed|44/100
|-enditem|p2b: Politoed|Sitrus Berry|[eat]
|-heal|p2b: Politoed|69/100|[from] item: Sitrus Berry
|move|p1a: Pelipper|Weather Ball|p2a: Aegislash
|-supereffective|p2a: Aegislash|1
|-damage|p2a: Aegislash|52/100
|move|p2b: Politoed|Icy Wind|p1b: Charizard|[spread] p1a,p1b
|-damage|p1a: Pelipper|84/100 par
|-damage|p1b: Charizard|91/100
|-unboost|p1a: Pelipper|spe|1
|-unboost|p1b: Charizard|spe|1
|-formechange|p2a: Aegislash|Aegislash-Blade|
|move|p2a: Aegislash|Poltergeist|p1b: Charizard
|-activate|p1b: Charizard|move: Poltergeist|Charizardite Y
|-damage|p1b: Charizard|17/100
|
|-weather|SunnyDay|[upkeep]
|upkeep
|turn|7
|inactive|kerlinn has 30 seconds left.
|inactive|kerlinn has 20 seconds left.
|inactive|kerlinn has 15 seconds left.
|inactive|kerlinn has 10 seconds left.
|
|t:|1784649433
|move|p1b: Charizard|Protect|p1b: Charizard
|-singleturn|p1b: Charizard|Protect
|move|p2a: Aegislash|Shadow Sneak|p1b: Charizard
|-activate|p1b: Charizard|move: Protect
|move|p2b: Politoed|Weather Ball|p1a: Pelipper
|-resisted|p1a: Pelipper|1
|-damage|p1a: Pelipper|54/100 par
|cant|p1a: Pelipper|par
|
|-weather|SunnyDay|[upkeep]
|upkeep
|turn|8
|inactive|TheLeoj has 30 seconds left.
|
|t:|1784649466
|-formechange|p2a: Aegislash|Aegislash|
|move|p2a: Aegislash|King's Shield|p2a: Aegislash
|-singleturn|p2a: Aegislash|Protect
|move|p1b: Charizard|Solar Beam||[still]
|-prepare|p1b: Charizard|Solar Beam
|-anim|p1b: Charizard|Solar Beam|p2b: Politoed
|-supereffective|p2b: Politoed|1
|-damage|p2b: Politoed|14/100
|move|p2b: Politoed|Icy Wind|p1b: Charizard|[spread] p1a,p1b
|-damage|p1a: Pelipper|38/100 par
|-damage|p1b: Charizard|9/100
|-unboost|p1a: Pelipper|spe|1
|-unboost|p1b: Charizard|spe|1
|-enditem|p1a: Pelipper|Sitrus Berry|[eat]
|-heal|p1a: Pelipper|63/100 par|[from] item: Sitrus Berry
|move|p1a: Pelipper|Weather Ball|p2a: Aegislash
|-activate|p2a: Aegislash|move: Protect
|
|-weather|SunnyDay|[upkeep]
|-sideend|p2: kerlinn|move: Light Screen
|-sideend|p1: TheLeoj|move: Tailwind
|upkeep
|turn|9
|inactive|TheLeoj has 30 seconds left.
|inactive|kerlinn has 30 seconds left.
|
|t:|1784649495
|move|p1b: Charizard|Protect|p1b: Charizard
|-singleturn|p1b: Charizard|Protect
|move|p2b: Politoed|Weather Ball|p1b: Charizard
|-activate|p1b: Charizard|move: Protect
|-formechange|p2a: Aegislash|Aegislash-Blade|
|move|p2a: Aegislash|Poltergeist||[still]
|-fail|p2a: Aegislash
|move|p1a: Pelipper|Hurricane|p2b: Politoed
|-damage|p2b: Politoed|0 fnt
|faint|p2b: Politoed
|
|-weather|SunnyDay|[upkeep]
|upkeep
|turn|10
|inactive|kerlinn has 30 seconds left.
|
|t:|1784649522
|-formechange|p2a: Aegislash|Aegislash|
|move|p2a: Aegislash|King's Shield|p2a: Aegislash
|-singleturn|p2a: Aegislash|Protect
|move|p1b: Charizard|Heat Wave|p2a: Aegislash
|-activate|p2a: Aegislash|move: Protect
|move|p1a: Pelipper|Weather Ball|p2a: Aegislash
|-activate|p2a: Aegislash|move: Protect
|
|-weather|none
|upkeep
|turn|11
|
|t:|1784649543
|-formechange|p2a: Aegislash|Aegislash-Blade|
|move|p2a: Aegislash|Shadow Sneak|p1b: Charizard
|-damage|p1b: Charizard|0 fnt
|faint|p1b: Charizard
|cant|p1a: Pelipper|par
|
|upkeep
|
|t:|1784649547
|switch|p1b: Basculegion|Basculegion, L50, M, shiny|100/100
|turn|12
|
|t:|1784649559
|-formechange|p2a: Aegislash|Aegislash|
|move|p2a: Aegislash|King's Shield|p2a: Aegislash
|-singleturn|p2a: Aegislash|Protect
|move|p1b: Basculegion|Last Respects|p2a: Aegislash
|-activate|p2a: Aegislash|move: Protect
|move|p1a: Pelipper|Hurricane|p2a: Aegislash
|-activate|p2a: Aegislash|move: Protect
|
|upkeep
|turn|13
|inactive|kerlinn has 30 seconds left.
|
|t:|1784649585
|-formechange|p2a: Aegislash|Aegislash-Blade|
|move|p2a: Aegislash|Shadow Sneak|p1b: Basculegion
|-supereffective|p1b: Basculegion|1
|-damage|p1b: Basculegion|23/100
|move|p1b: Basculegion|Last Respects|p2a: Aegislash
|-supereffective|p2a: Aegislash|1
|-damage|p2a: Aegislash|0 fnt
|faint|p2a: Aegislash
|
|win|TheLeoj
