|j|☆Socriet
|j|☆Nehehkhara666
|html|SocrietNehehkhara666    
|uhtml|bestof|Game 3 of a best-of-3
|t:|1784745404
|gametype|doubles
|player|p1|Socriet|101|
|player|p2|Nehehkhara666|koga|
|gen|9
|tier|[Gen 9 Champions] VGC 2026 Reg M-B (Bo3)
|rule|Species Clause: Limit one of each Pokémon
|rule|Item Clause: Limit 1 of each item
|clearpoke
|poke|p1|Incineroar, L50, M|
|poke|p1|Gengar, L50, F, shiny|
|poke|p1|Politoed, L50, M, shiny|
|poke|p1|Sinistcha, L50|
|poke|p1|Garchomp, L50, F|
|poke|p1|Palafin, L50, F|
|poke|p2|Glalie, L50, M|
|poke|p2|Machamp, L50, M|
|poke|p2|Incineroar, L50, F|
|poke|p2|Garchomp, L50, M|
|poke|p2|Victreebel, L50, M|
|poke|p2|Musharna, L50, F|
|teampreview|4
|showteam|p1|Incineroar||ChopleBerry|Intimidate|Protect,FakeOut,ThroatChop,PartingShot|Sassy||M|||50|]Gengar||Gengarite|CursedBody|PerishSong,Protect,ShadowBall,Disable|Timid||F|||50|]Politoed||SitrusBerry|Drizzle|PerishSong,WeatherBall,Protect,Encore|Calm||M|||50|]Sinistcha||KasibBerry|Hospitality|MatchaGotcha,TrickRoom,Protect,RagePowder|Relaxed|||||50|]Garchomp||LifeOrb|RoughSkin|StompingTantrum,DragonClaw,RockSlide,Protect|Jolly||F|||50|]Palafin||MysticWater|ZerotoHero|CloseCombat,WaveCrash,JetPunch,Protect|Adamant||F|||50|
|showteam|p2|Glalie||Glalitite|Moody|Protect,IcicleCrash,Trailblaze,Explosion|Adamant||M|||50|]Machamp||SitrusBerry|Guts|StormThrow,BulletPunch,WideGuard,KnockOff|Relaxed||M|||50|]Incineroar||PasshoBerry|Intimidate|FakeOut,FlareBlitz,DarkestLariat,PartingShot|Brave||F|||50|]Garchomp||LifeOrb|RoughSkin|Protect,Earthquake,DragonClaw,RockSlide|Jolly||M|||50|]Victreebel||Victreebelite|Chlorophyll|SludgeBomb,GigaDrain,StrengthSap,SleepPowder|Modest||M|||50|]Musharna||Leftovers|Telepathy|DazzlingGleam,TrickRoom,Psychic,HelpingHand|Relaxed||F|||50|
|
|t:|1784745476
|teamsize|p1|4
|teamsize|p2|4
|start
|switch|p1a: Gengar|Gengar, L50, F, shiny|100/100
|switch|p1b: Politoed|Politoed, L50, M, shiny|100/100
|switch|p2a: Incineroar|Incineroar, L50, F|100/100
|switch|p2b: Glalie|Glalie, L50, M|100/100
|-weather|RainDance|[from] ability: Drizzle|[of] p1b: Politoed
|-ability|p2a: Incineroar|Intimidate|boost
|-unboost|p1a: Gengar|atk|1
|-unboost|p1b: Politoed|atk|1
|turn|1
|
|t:|1784745523
|detailschange|p1a: Gengar|Gengar-Mega, L50, F, shiny
|-mega|p1a: Gengar|Gengar|Gengarite
|move|p1a: Gengar|Protect|p1a: Gengar
|-singleturn|p1a: Gengar|Protect
|move|p1b: Politoed|Protect|p1b: Politoed
|-singleturn|p1b: Politoed|Protect
|move|p2b: Glalie|Trailblaze|p1b: Politoed
|-activate|p1b: Politoed|move: Protect
|move|p2a: Incineroar|Darkest Lariat|p1a: Gengar
|-activate|p1a: Gengar|move: Protect
|
|-weather|RainDance|[upkeep]
|-ability|p2b: Glalie|Moody|boost
|-boost|p2b: Glalie|spe|2
|-unboost|p2b: Glalie|spd|1
|upkeep
|turn|2
|
|t:|1784745548
|switch|p1a: Incineroar|Incineroar, L50, M|100/100
|-ability|p1a: Incineroar|Intimidate|boost
|-unboost|p2a: Incineroar|atk|1
|-unboost|p2b: Glalie|atk|1
|detailschange|p2b: Glalie|Glalie-Mega, L50, M
|-mega|p2b: Glalie|Glalie|Glalitite
|move|p2b: Glalie|Explosion|p1a: Incineroar|[spread] p2a,p1a,p1b
|-resisted|p2a: Incineroar|1
|-resisted|p1a: Incineroar|1
|-resisted|p1b: Politoed|1
|-damage|p2a: Incineroar|66/100
|-damage|p1a: Incineroar|64/100
|-damage|p1b: Politoed|57/100
|faint|p2b: Glalie
|move|p1b: Politoed|Perish Song|p1b: Politoed
|-start|p1a: Incineroar|perish3|[silent]
|-start|p1b: Politoed|perish3|[silent]
|-start|p2a: Incineroar|perish3|[silent]
|-fieldactivate|move: Perish Song
|move|p2a: Incineroar|Parting Shot|p1b: Politoed
|-unboost|p1b: Politoed|atk|1
|-unboost|p1b: Politoed|spa|1
|
|t:|1784745562
|switch|p2a: Garchomp|Garchomp, L50, M|100/100|[from] Parting Shot
|
|-weather|RainDance|[upkeep]
|-start|p1b: Politoed|perish3
|-start|p1a: Incineroar|perish3
|upkeep
|
|t:|1784745564
|switch|p2b: Machamp|Machamp, L50, M|100/100
|turn|3
|
|t:|1784745590
|switch|p1a: Sinistcha|Sinistcha, L50|100/100
|-heal|p1b: Politoed|82/100|[from] ability: Hospitality|[of] p1a: Sinistcha
|move|p2a: Garchomp|Protect|p2a: Garchomp
|-singleturn|p2a: Garchomp|Protect
|move|p1b: Politoed|Weather Ball|p2b: Machamp
|-damage|p2b: Machamp|70/100
|move|p2b: Machamp|Storm Throw|p1a: Sinistcha
|-immune|p1a: Sinistcha
|
|-weather|RainDance|[upkeep]
|-start|p1b: Politoed|perish2
|upkeep
|turn|4
|
|t:|1784745622
|move|p1a: Sinistcha|Rage Powder|p1a: Sinistcha
|-singleturn|p1a: Sinistcha|move: Rage Powder
|move|p2a: Garchomp|Dragon Claw|p1a: Sinistcha
|-damage|p1a: Sinistcha|62/100
|-damage|p2a: Garchomp|90/100|[from] item: Life Orb
|move|p1b: Politoed|Perish Song|p1b: Politoed
|-start|p1a: Sinistcha|perish3|[silent]
|-start|p2a: Garchomp|perish3|[silent]
|-start|p2b: Machamp|perish3|[silent]
|-fieldactivate|move: Perish Song
|move|p2b: Machamp|Knock Off|p1a: Sinistcha
|-supereffective|p1a: Sinistcha|1
|-damage|p1a: Sinistcha|20/100y
|-enditem|p1a: Sinistcha|Kasib Berry|[from] move: Knock Off|[of] p2b: Machamp
|
|-weather|RainDance|[upkeep]
|-start|p2a: Garchomp|perish3
|-start|p1b: Politoed|perish1
|-start|p1a: Sinistcha|perish3
|-start|p2b: Machamp|perish3
|upkeep
|turn|5
|
|t:|1784745643
|switch|p2a: Incineroar|Incineroar, L50, F|66/100
|-ability|p2a: Incineroar|Intimidate|boost
|-unboost|p1a: Sinistcha|atk|1
|-unboost|p1b: Politoed|atk|1
|move|p1b: Politoed|Protect|p1b: Politoed
|-singleturn|p1b: Politoed|Protect
|move|p1a: Sinistcha|Protect|p1a: Sinistcha
|-singleturn|p1a: Sinistcha|Protect
|move|p2b: Machamp|Knock Off|p1a: Sinistcha
|-activate|p1a: Sinistcha|move: Protect
|
|-weather|none
|-start|p1b: Politoed|perish0
|-start|p1a: Sinistcha|perish2
|faint|p1b: Politoed
|-start|p2b: Machamp|perish2
|upkeep
|
|t:|1784745660
|switch|p1b: Gengar|Gengar-Mega, L50, F, shiny|100/100
|turn|6
|
|t:|1784745695
|move|p1b: Gengar|Shadow Ball|p2b: Machamp
|-damage|p2b: Machamp|29/100
|-unboost|p2b: Machamp|spd|1
|-enditem|p2b: Machamp|Sitrus Berry|[eat]
|-heal|p2b: Machamp|54/100|[from] item: Sitrus Berry
|move|p1a: Sinistcha|Matcha Gotcha|p2a: Incineroar|[spread] p2a,p2b
|-resisted|p2a: Incineroar|1
|-crit|p2a: Incineroar
|-damage|p2a: Incineroar|50/100g
|-heal|p1a: Sinistcha|29/100|[from] drain|[of] p2a: Incineroar
|-damage|p2b: Machamp|19/100
|-heal|p1a: Sinistcha|48/100|[from] drain|[of] p2b: Machamp
|move|p2a: Incineroar|Parting Shot|p1a: Sinistcha
|-unboost|p1a: Sinistcha|atk|1
|-unboost|p1a: Sinistcha|spa|1
|
|t:|1784745711
|switch|p2a: Garchomp|Garchomp, L50, M|90/100|[from] Parting Shot
|move|p2b: Machamp|Storm Throw|p1a: Sinistcha
|-immune|p1a: Sinistcha
|
|-start|p1a: Sinistcha|perish1
|-start|p2b: Machamp|perish1
|upkeep
|turn|7
|
|t:|1784745726
|switch|p1a: Incineroar|Incineroar, L50, M|64/100
|-ability|p1a: Incineroar|Intimidate|boost
|-unboost|p2a: Garchomp|atk|1
|-unboost|p2b: Machamp|atk|1
|move|p1b: Gengar|Protect|p1b: Gengar
|-singleturn|p1b: Gengar|Protect
|move|p2b: Machamp|Bullet Punch|p1a: Incineroar
|-resisted|p1a: Incineroar|1
|-damage|p1a: Incineroar|60/100
|move|p2a: Garchomp|Earthquake|p1a: Incineroar|[spread] p2b,p1a
|-activate|p1b: Gengar|move: Protect
|-supereffective|p1a: Incineroar|1
|-damage|p2b: Machamp|0 fnt
|-damage|p1a: Incineroar|6/100
|faint|p2b: Machamp
|-damage|p2a: Garchomp|80/100|[from] item: Life Orb
|
|upkeep
|
|t:|1784745739
|switch|p2b: Incineroar|Incineroar, L50, F|50/100g
|-ability|p2b: Incineroar|Intimidate|boost
|-unboost|p1a: Incineroar|atk|1
|-unboost|p1b: Gengar|atk|1
|turn|8
|
|t:|1784745808
|move|p1a: Incineroar|Fake Out|p2b: Incineroar
|-damage|p2b: Incineroar|44/100
|move|p1b: Gengar|Perish Song|p1b: Gengar
|-start|p1a: Incineroar|perish3|[silent]
|-start|p1b: Gengar|perish3|[silent]
|-start|p2a: Garchomp|perish3|[silent]
|-start|p2b: Incineroar|perish3|[silent]
|-fieldactivate|move: Perish Song
|move|p2a: Garchomp|Rock Slide|p1a: Incineroar|[spread] p1a,p1b
|-supereffective|p1a: Incineroar|1
|-damage|p1a: Incineroar|0 fnt
|-damage|p1b: Gengar|80/100
|faint|p1a: Incineroar
|-damage|p2a: Garchomp|70/100|[from] item: Life Orb
|cant|p2b: Incineroar|flinch
|
|-start|p1b: Gengar|perish3
|-start|p2a: Garchomp|perish3
|-start|p2b: Incineroar|perish3
|upkeep
|
|t:|1784745815
|switch|p1a: Sinistcha|Sinistcha, L50|48/100
|-heal|p1b: Gengar|100/100|[from] ability: Hospitality|[of] p1a: Sinistcha
|turn|9
|
|t:|1784745839
|move|p1b: Gengar|Shadow Ball|p2b: Incineroar
|-resisted|p2b: Incineroar|1
|-crit|p2b: Incineroar
|-damage|p2b: Incineroar|15/100
|move|p2a: Garchomp|Dragon Claw|p1a: Sinistcha
|-damage|p1a: Sinistcha|24/100
|-damage|p2a: Garchomp|61/100|[from] item: Life Orb
|move|p1a: Sinistcha|Matcha Gotcha|p2a: Garchomp|[spread] p2a,p2b
|-resisted|p2b: Incineroar|1
|-damage|p2a: Garchomp|35/100
|-heal|p1a: Sinistcha|38/100|[from] drain|[of] p2a: Garchomp
|-damage|p2b: Incineroar|3/100
|-heal|p1a: Sinistcha|44/100|[from] drain|[of] p2b: Incineroar
|move|p2b: Incineroar|Flare Blitz|p1a: Sinistcha
|-supereffective|p1a: Sinistcha|1
|-damage|p1a: Sinistcha|0 fnt
|faint|p1a: Sinistcha
|-damage|p2b: Incineroar|0 fnt|[from] Recoil
|faint|p2b: Incineroar
|
|-start|p1b: Gengar|perish2
|-start|p2a: Garchomp|perish2
|upkeep
|turn|10
|j| othunder21
|
|t:|1784745864
|move|p2a: Garchomp|Protect|p2a: Garchomp
|-singleturn|p2a: Garchomp|Protect
|move|p1b: Gengar|Shadow Ball|p2a: Garchomp
|-activate|p2a: Garchomp|move: Protect
|
|-start|p1b: Gengar|perish1
|-start|p2a: Garchomp|perish1
|upkeep
|turn|11
|c|☆Nehehkhara666|30 %
|
|t:|1784745882
|move|p2a: Garchomp|Protect||[still]
|-fail|p2a: Garchomp
|move|p1b: Gengar|Shadow Ball|p2a: Garchomp
|-damage|p2a: Garchomp|0 fnt
|faint|p2a: Garchomp
|
|win|Socriet
