|j|☆egeppl6no.1
|j|☆Marspelo
|html|egeppl6no.1Marspelo    
|uhtml|bestof|Game 1 of a best-of-3
|t:|1756446108
|gametype|doubles
|player|p1|egeppl6no.1|silver|1046
|player|p2|Marspelo|miku-water|1000
|gen|9
|tier|[Gen 9] VGC 2025 Reg H (Bo3)
|rated|
|rule|Species Clause: Limit one of each Pokémon
|rule|Item Clause: Limit 1 of each item
|clearpoke
|poke|p1|Gyarados, L50, M|
|poke|p1|Sneasler, L50, F|
|poke|p1|Indeedee, L50, M|
|poke|p1|Volcarona, L50, F|
|poke|p1|Ursaluna-Bloodmoon, L50, M|
|poke|p1|Tyranitar, L50, M|
|poke|p2|Incineroar, L50, F|
|poke|p2|Ursaluna, L50, F|
|poke|p2|Amoonguss, L50, M|
|poke|p2|Indeedee, L50, M|
|poke|p2|Annihilape, L50, M|
|poke|p2|Sneasler, L50, M|
|teampreview|4
|showteam|p1|Gyarados||SafetyGoggles|Intimidate|Taunt,ThunderWave,Waterfall,Protect|||M|||50|,,,,,Steel]Sneasler||PsychicSeed|Unburden|CloseCombat,DireClaw,ThroatChop,Protect|||F|||50|,,,,,Dark]Indeedee||ChoiceScarf|PsychicSurge|ExpandingForce,TeraBlast,Trick,Protect|||M|||50|,,,,,Psychic]Volcarona||SitrusBerry|FlameBody|Overheat,StruggleBug,RagePowder,Tailwind|||F|||50|,,,,,Grass]Ursaluna-Bloodmoon||LifeOrb|MindsEye|HyperVoice,BloodMoon,EarthPower,Protect|||M|||50|,,,,,Normal]Tyranitar||AssaultVest|SandStream|LowKick,TeraBlast,KnockOff,RockSlide|||M|||50|,,,,,Flying
|showteam|p2|Incineroar||AssaultVest|Intimidate|FakeOut,FlareBlitz,KnockOff,PartingShot|||F|||50|,,,,,Ghost]Ursaluna||FlameOrb|Guts|DrainPunch,Earthquake,Facade,Protect|||F|||50|,,,,,Ghost]Amoonguss||SitrusBerry|Regenerator|PollenPuff,Protect,RagePowder,Spore|||M|||50|,,,,,Water]Indeedee||FocusSash|PsychicSurge|Encore,HelpingHand,TrickRoom,ExpandingForce|||M|||50|,,,,,Psychic]Annihilape||ChoiceBand|Defiant|CloseCombat,DrainPunch,Uturn,RageFist|||M|||50|,,,,,Steel]Sneasler||PsychicSeed|Unburden|CloseCombat,Coaching,DireClaw,FakeOut|||M|||50|,,,,,Poison
|inactive|Battle timer is ON: inactive players will automatically lose when time's up. (requested by Marspelo)
|
|t:|1756446161
|teamsize|p1|4
|teamsize|p2|4
|start
|switch|p1a: Sneasler|Sneasler, L50, F|100/100
|switch|p1b: Ursaluna|Ursaluna-Bloodmoon, L50, M|100/100
|switch|p2a: Indeedee|Indeedee, L50, M|100/100
|switch|p2b: Sneasler|Sneasler, L50, M|100/100
|-fieldstart|move: Psychic Terrain|[from] ability: Psychic Surge|[of] p2a: Indeedee
|-enditem|p2b: Sneasler|Psychic Seed
|-boost|p2b: Sneasler|spd|1|[from] item: Psychic Seed
|-enditem|p1a: Sneasler|Psychic Seed
|-boost|p1a: Sneasler|spd|1|[from] item: Psychic Seed
|turn|1
|inactive|egeppl6no.1 has 30 seconds left.
|inactive|Marspelo has 30 seconds left.
|inactive|egeppl6no.1 has 20 seconds left.
|inactive|egeppl6no.1 has 15 seconds left.
|inactive|Marspelo has 20 seconds left.
|inactive|egeppl6no.1 has 10 seconds left.
|
|t:|1756446210
|move|p1b: Ursaluna|Protect|p1b: Ursaluna
|-singleturn|p1b: Ursaluna|Protect
|move|p2b: Sneasler|Dire Claw|p1a: Sneasler
|-resisted|p1a: Sneasler
|-damage|p1a: Sneasler|60/100
|move|p1a: Sneasler|Throat Chop|p2a: Indeedee
|-supereffective|p2a: Indeedee
|-enditem|p2a: Indeedee|Focus Sash
|-damage|p2a: Indeedee|1/100
|-start|p2a: Indeedee|Throat Chop|[silent]
|move|p2a: Indeedee|Encore|p1b: Ursaluna
|-activate|p1b: Ursaluna|move: Protect
|
|upkeep
|turn|2
|inactive|egeppl6no.1 has 30 seconds left.
|
|t:|1756446235
|switch|p1b: Gyarados|Gyarados, L50, M, shiny|100/100
|-ability|p1b: Gyarados|Intimidate|boost
|-unboost|p2a: Indeedee|atk|1
|-unboost|p2b: Sneasler|atk|1
|move|p2b: Sneasler|Dire Claw|p1a: Sneasler
|-resisted|p1a: Sneasler
|-damage|p1a: Sneasler|33/100
|move|p1a: Sneasler|Dire Claw|p2a: Indeedee
|-damage|p2a: Indeedee|0 fnt
|faint|p2a: Indeedee
|
|upkeep
|
|t:|1756446251
|switch|p2a: Annihilape|Annihilape, L50, M|100/100
|turn|3
|
|t:|1756446274
|move|p2b: Sneasler|Dire Claw|p1b: Gyarados
|-damage|p1b: Gyarados|76/100
|move|p1a: Sneasler|Dire Claw|p2a: Annihilape
|-resisted|p2a: Annihilape
|-damage|p2a: Annihilape|72/100
|move|p2a: Annihilape|Rage Fist|p1b: Gyarados
|-damage|p1b: Gyarados|13/100
|move|p1b: Gyarados|Thunder Wave|p2b: Sneasler
|-status|p2b: Sneasler|par
|
|upkeep
|turn|4
|inactive|egeppl6no.1 has 30 seconds left.
|inactive|Marspelo has 30 seconds left.
|
|t:|1756446304
|switch|p2a: Amoonguss|Amoonguss, L50, M|100/100
|move|p1b: Gyarados|Protect|p1b: Gyarados
|-singleturn|p1b: Gyarados|Protect
|move|p1a: Sneasler|Dire Claw|p2a: Amoonguss
|-damage|p2a: Amoonguss|56/100
|-status|p2a: Amoonguss|slp
|move|p2b: Sneasler|Dire Claw|p1a: Sneasler
|-resisted|p1a: Sneasler
|-damage|p1a: Sneasler|7/100
|
|upkeep
|turn|5
|inactive|egeppl6no.1 has 30 seconds left.
|inactive|egeppl6no.1 has 20 seconds left.
|inactive|egeppl6no.1 has 15 seconds left.
|
|t:|1756446348
|cant|p2a: Amoonguss|slp
|move|p1a: Sneasler|Dire Claw|p2b: Sneasler
|-resisted|p2b: Sneasler
|-damage|p2b: Sneasler|59/100 par
|move|p2b: Sneasler|Dire Claw|p1a: Sneasler
|-resisted|p1a: Sneasler
|-damage|p1a: Sneasler|0 fnt
|faint|p1a: Sneasler
|move|p1b: Gyarados|Taunt|p2a: Amoonguss
|-start|p2a: Amoonguss|move: Taunt
|
|-fieldend|move: Psychic Terrain
|upkeep
|
|t:|1756446363
|switch|p1a: Indeedee|Indeedee, L50, M, shiny|100/100
|-fieldstart|move: Psychic Terrain|[from] ability: Psychic Surge|[of] p1a: Indeedee
|turn|6
|
|t:|1756446374
|switch|p1b: Ursaluna|Ursaluna-Bloodmoon, L50, M|100/100
|-terastallize|p1a: Indeedee|Psychic
|move|p1a: Indeedee|Expanding Force|p2a: Amoonguss|[spread] p2a,p2b
|-supereffective|p2a: Amoonguss
|-supereffective|p2b: Sneasler
|-damage|p2a: Amoonguss|0 fnt
|-damage|p2b: Sneasler|0 fnt
|faint|p2a: Amoonguss
|faint|p2b: Sneasler
|
|upkeep
|
|t:|1756446385
|switch|p2a: Annihilape|Annihilape, L50, M|72/100
|turn|7
|
|t:|1756446402
|move|p1a: Indeedee|Expanding Force|p2a: Annihilape
|-supereffective|p2a: Annihilape
|-damage|p2a: Annihilape|0 fnt
|faint|p2a: Annihilape
|
|win|egeppl6no.1
||egeppl6no.1 is ready for game 2.
|inactive|Marspelo has 30 seconds to confirm battle start!
