|j|☆baerys ❤
|j|☆koihoiboi
|html|baerys ❤koihoiboi    
|uhtml|bestof|Game 2 of a best-of-3
|t:|1756983592
|gametype|doubles
|player|p1|baerys ❤|miku-flying|1104
|player|p2|koihoiboi|n|1046
|gen|9
|tier|[Gen 9] VGC 2025 Reg H (Bo3)
|rated|
|rule|Species Clause: Limit one of each Pokémon
|rule|Item Clause: Limit 1 of each item
|clearpoke
|poke|p1|Hydreigon, L50, F|
|poke|p1|Salazzle, L50, F|
|poke|p1|Gholdengo, L50|
|poke|p1|Ursaluna-Bloodmoon, L50, M|
|poke|p1|Dragonite, L50, F|
|poke|p1|Rillaboom, L50, M|
|poke|p2|Decidueye-Hisui, L50, F|
|poke|p2|Dragonite, L50, M|
|poke|p2|Primarina, L50, M|
|poke|p2|Incineroar, L50, M|
|poke|p2|Farigiraf, L50, F|
|poke|p2|Sneasler, L50, M|
|teampreview|4
|showteam|p1|Hydreigon||ScopeLens|Levitate|DracoMeteor,DarkPulse,Protect,HeatWave|||F|||50|,,,,,Poison]Salazzle||FocusSash|Oblivious|Disable,Taunt,DragonCheer,Protect|||F|||50|,,,,,Grass]Gholdengo||Leftovers|GoodasGold|MakeItRain,ShadowBall,NastyPlot,Protect||||||50|,,,,,Dragon]Ursaluna-Bloodmoon||AssaultVest|MindsEye|BloodMoon,HyperVoice,EarthPower,VacuumWave|||M|||50|,,,,,Water]Dragonite||LoadedDice|Multiscale|ScaleShot,Tailwind,Haze,Protect|||F|||50|,,,,,Fairy]Rillaboom||MiracleSeed|GrassySurge|FakeOut,GrassyGlide,WoodHammer,Uturn|||M|||50|,,,,,Fire
|showteam|p2|Decidueye-Hisui||RazorClaw|Scrappy|TripleArrows,LeafBlade,SuckerPunch,Protect|||F|||50|,,,,,Steel]Dragonite||LoadedDice|Multiscale|ScaleShot,DragonCheer,Tailwind,ExtremeSpeed|||M|||50|,,,,,Steel]Primarina||ThroatSpray|LiquidVoice|HyperVoice,Moonblast,Protect,TeraBlast|||M|||50|,,,,,Poison]Incineroar||SafetyGoggles|Intimidate|FakeOut,FlareBlitz,Taunt,PartingShot|||M|||50|,,,,,Ghost]Farigiraf||MentalHerb|ArmorTail|TrickRoom,HelpingHand,HyperVoice,Protect|||F|||50|,,,,,Fairy]Sneasler||FocusSash|Unburden|ThroatChop,DireClaw,Protect,CloseCombat|||M|||50|,,,,,Stellar
|inactive|Battle timer is ON: inactive players will automatically lose when time's up. (requested by koihoiboi)
|inactive|baerys ❤ has 60 seconds left.
|
|t:|1756983631
|teamsize|p1|4
|teamsize|p2|4
|start
|switch|p1a: Gholdengo|Gholdengo, L50|100/100
|switch|p1b: Dragonite|Dragonite, L50, F|100/100
|switch|p2a: Farigiraf|Farigiraf, L50, F|100/100
|switch|p2b: Primarina|Primarina, L50, M|100/100
|turn|1
|
|t:|1756983643
|-terastallize|p2b: Primarina|Poison
|move|p1b: Dragonite|Scale Shot|p2a: Farigiraf|[miss]
|-miss|p1b: Dragonite|p2a: Farigiraf
|move|p1a: Gholdengo|Nasty Plot|p1a: Gholdengo
|-boost|p1a: Gholdengo|spa|2
|move|p2b: Primarina|Hyper Voice|p1b: Dragonite|[spread] p1a,p1b
|-resisted|p1b: Dragonite
|-damage|p1a: Gholdengo|62/100
|-damage|p1b: Dragonite|91/100
|-enditem|p2b: Primarina|Throat Spray
|-boost|p2b: Primarina|spa|1|[from] item: Throat Spray
|move|p2a: Farigiraf|Trick Room|p2a: Farigiraf
|-fieldstart|move: Trick Room|[of] p2a: Farigiraf
|
|-heal|p1a: Gholdengo|68/100|[from] item: Leftovers
|upkeep
|turn|2
|
|t:|1756983662
|-terastallize|p1a: Gholdengo|Dragon
|move|p2a: Farigiraf|Helping Hand|p2b: Primarina
|-singleturn|p2b: Primarina|Helping Hand|[of] p2a: Farigiraf
|move|p2b: Primarina|Hyper Voice|p1b: Dragonite|[spread] p1a,p1b
|-resisted|p1a: Gholdengo
|-resisted|p1b: Dragonite
|-damage|p1a: Gholdengo|26/100
|-damage|p1b: Dragonite|51/100
|move|p1a: Gholdengo|Make It Rain|p2b: Primarina|[spread] p2a,p2b
|-damage|p2a: Farigiraf|30/100
|-damage|p2b: Primarina|20/100
|-unboost|p1a: Gholdengo|spa|1
|move|p1b: Dragonite|Scale Shot|p2b: Primarina
|-damage|p2b: Primarina|4/100
|-crit|p2b: Primarina
|-damage|p2b: Primarina|0 fnt
|faint|p2b: Primarina
|-hitcount|p2: Primarina|2
|-unboost|p1b: Dragonite|def|1
|-boost|p1b: Dragonite|spe|1
|
|-heal|p1a: Gholdengo|32/100|[from] item: Leftovers
|upkeep
|
|t:|1756983683
|switch|p2b: Decidueye|Decidueye-Hisui, L50, F|100/100
|turn|3
|
|t:|1756983693
|switch|p1b: Rillaboom|Rillaboom, L50, M|100/100
|-fieldstart|move: Grassy Terrain|[from] ability: Grassy Surge|[of] p1b: Rillaboom
|move|p1a: Gholdengo|Protect|p1a: Gholdengo
|-singleturn|p1a: Gholdengo|Protect
|move|p2a: Farigiraf|Hyper Voice|p1b: Rillaboom|[spread] p1b
|-activate|p1a: Gholdengo|move: Protect
|-damage|p1b: Rillaboom|72/100
|move|p2b: Decidueye|Triple Arrows|p1a: Gholdengo
|-activate|p1a: Gholdengo|move: Protect
|
|-heal|p2a: Farigiraf|36/100|[from] Grassy Terrain
|-heal|p1b: Rillaboom|78/100|[from] Grassy Terrain
|-heal|p1a: Gholdengo|37/100|[from] Grassy Terrain
|-heal|p1a: Gholdengo|43/100|[from] item: Leftovers
|upkeep
|turn|4
|
|t:|1756983712
|switch|p1a: Dragonite|Dragonite, L50, F|51/100
|move|p2a: Farigiraf|Helping Hand|p2b: Decidueye
|-singleturn|p2b: Decidueye|Helping Hand|[of] p2a: Farigiraf
|move|p2b: Decidueye|Triple Arrows|p1a: Dragonite
|-resisted|p1a: Dragonite
|-damage|p1a: Dragonite|16/100
|-unboost|p1a: Dragonite|def|1
|move|p1b: Rillaboom|U-turn|p2a: Farigiraf
|-supereffective|p2a: Farigiraf
|-damage|p2a: Farigiraf|0 fnt
|faint|p2a: Farigiraf
|
|t:|1756983726
|switch|p1b: Gholdengo|Gholdengo, L50, tera:Dragon|43/100|[from] U-turn
|
|-heal|p1b: Gholdengo|49/100|[from] Grassy Terrain
|-heal|p1b: Gholdengo|55/100|[from] item: Leftovers
|upkeep
|
|t:|1756983732
|switch|p2a: Sneasler|Sneasler, L50, M|100/100
|turn|5
|
|t:|1756983757
|move|p1b: Gholdengo|Protect|p1b: Gholdengo
|-singleturn|p1b: Gholdengo|Protect
|move|p2a: Sneasler|Protect|p2a: Sneasler
|-singleturn|p2a: Sneasler|Protect
|move|p2b: Decidueye|Triple Arrows|p1b: Gholdengo
|-activate|p1b: Gholdengo|move: Protect
|move|p1a: Dragonite|Scale Shot|p2a: Sneasler
|-activate|p2a: Sneasler|move: Protect
|
|-heal|p1b: Gholdengo|60/100|[from] Grassy Terrain
|-heal|p1b: Gholdengo|66/100|[from] item: Leftovers
|-fieldend|move: Trick Room
|upkeep
|turn|6
|
|t:|1756983780
|move|p2a: Sneasler|Dire Claw|p1a: Dragonite
|-damage|p1a: Dragonite|0 fnt
|faint|p1a: Dragonite
|move|p1b: Gholdengo|Make It Rain|p2b: Decidueye|[spread] p2a,p2b
|-crit|p2b: Decidueye
|-damage|p2a: Sneasler|34/100
|-damage|p2b: Decidueye|37/100
|-unboost|p1b: Gholdengo|spa|1
|move|p2b: Decidueye|Triple Arrows|p1b: Gholdengo
|-crit|p1b: Gholdengo
|-damage|p1b: Gholdengo|0 fnt
|faint|p1b: Gholdengo
|
|-heal|p2a: Sneasler|40/100|[from] Grassy Terrain
|-heal|p2b: Decidueye|43/100|[from] Grassy Terrain
|upkeep
|
|t:|1756983784
|switch|p1a: Rillaboom|Rillaboom, L50, M|78/100
|switch|p1b: Ursaluna|Ursaluna-Bloodmoon, L50, M|100/100
|turn|7
|
|t:|1756983799
|move|p2a: Sneasler|Protect|p2a: Sneasler
|-singleturn|p2a: Sneasler|Protect
|move|p2b: Decidueye|Protect|p2b: Decidueye
|-singleturn|p2b: Decidueye|Protect
|move|p1a: Rillaboom|Fake Out|p2a: Sneasler
|-activate|p2a: Sneasler|move: Protect
|move|p1b: Ursaluna|Hyper Voice|p2a: Sneasler|[spread] 
|-activate|p2a: Sneasler|move: Protect
|-activate|p2b: Decidueye|move: Protect
|
|-heal|p2a: Sneasler|46/100|[from] Grassy Terrain
|-heal|p1a: Rillaboom|84/100|[from] Grassy Terrain
|-heal|p2b: Decidueye|49/100|[from] Grassy Terrain
|-fieldend|move: Grassy Terrain
|upkeep
|turn|8
|
|t:|1756983817
|move|p2a: Sneasler|Close Combat|p1b: Ursaluna
|-supereffective|p1b: Ursaluna
|-damage|p1b: Ursaluna|4/100
|-unboost|p2a: Sneasler|def|1
|-unboost|p2a: Sneasler|spd|1
|move|p1a: Rillaboom|U-turn|p2b: Decidueye
|-damage|p2b: Decidueye|20/100
|move|p1b: Ursaluna|Blood Moon|p2a: Sneasler
|-damage|p2a: Sneasler|0 fnt
|faint|p2a: Sneasler
|move|p2b: Decidueye|Triple Arrows|p1a: Rillaboom
|-crit|p1a: Rillaboom
|-damage|p1a: Rillaboom|12/100
|-unboost|p1a: Rillaboom|def|1
|
|upkeep
|turn|9
|
|t:|1756983836
|move|p2b: Decidueye|Sucker Punch|p1b: Ursaluna
|-crit|p1b: Ursaluna
|-damage|p1b: Ursaluna|0 fnt
|faint|p1b: Ursaluna
|move|p1a: Rillaboom|U-turn|p2b: Decidueye
|-damage|p2b: Decidueye|0 fnt
|faint|p2b: Decidueye
|
|win|baerys ❤
||baerys ❤ is ready for game 3.
||koihoiboi is ready for game 3.
|uhtml|next|Next: Game 3 of 3
|l|☆baerys ❤
|player|p1|
