|j|☆Vicentefc2
|j|☆delphigni
|html|Vicentefc2delphigni    
|uhtml|bestof|Game 2 of a best-of-3
|t:|1757203750
|gametype|doubles
|player|p1|Vicentefc2|hilbert|1108
|player|p2|delphigni|dawn|1194
|gen|9
|tier|[Gen 9] VGC 2025 Reg H (Bo3)
|rated|
|rule|Species Clause: Limit one of each Pokémon
|rule|Item Clause: Limit 1 of each item
|clearpoke
|poke|p1|Rillaboom, L50, M|
|poke|p1|Annihilape, L50, M|
|poke|p1|Whimsicott, L50, M|
|poke|p1|Archaludon, L50, M|
|poke|p1|Ursaluna-Bloodmoon, L50, M|
|poke|p1|Milotic, L50, M|
|poke|p2|Kommo-o, L50, F|
|poke|p2|Primarina, L50, F|
|poke|p2|Rillaboom, L50, M|
|poke|p2|Electabuzz, L50, F|
|poke|p2|Sneasler, L50, F|
|poke|p2|Talonflame, L50, F|
|teampreview|4
|showteam|p1|Rillaboom||AssaultVest|GrassySurge|WoodHammer,GrassyGlide,Uturn,FakeOut|||M|||50|,,,,,Fire]Annihilape||Leftovers|Defiant|DrainPunch,RageFist,BulkUp,Protect|||M|||50|,,,,,Fire]Whimsicott||CovertCloak|Prankster|Moonblast,Tailwind,Taunt,BeatUp|||M|||50|,,,,,Steel]Archaludon||PowerHerb|Stamina|ElectroShot,FlashCannon,BodyPress,Protect|||M|||50|,,,,,Poison]Ursaluna-Bloodmoon||LifeOrb|MindsEye|BloodMoon,HyperVoice,EarthPower,Protect|||M|||50|,,,,,Normal]Milotic||SafetyGoggles|Competitive|Scald,IceBeam,RainDance,Haze|||M|||50|,,,,,Poison
|showteam|p2|Kommo-o||ThroatSpray|Soundproof|ClangingScales,Flamethrower,ClangorousSoul,Protect|||F|||50|,,,,,Fire]Primarina||LifeOrb|LiquidVoice|HyperVoice,Moonblast,Haze,Protect|||F|||50|,,,,,Poison]Rillaboom||AssaultVest|GrassySurge|WoodHammer,GrassyGlide,FakeOut,HighHorsepower|||M|||50|,,,,,Fire]Electabuzz||Eviolite|VitalSpirit|FollowMe,Electroweb,Taunt,Protect|||F|||50|,,,,,Dragon]Sneasler||FocusSash|Unburden|DireClaw,CloseCombat,ThroatChop,Protect|||F|||50|,,,,,Dark]Talonflame||SharpBeak|GaleWings|BraveBird,WillOWisp,Tailwind,Protect|||F|||50|,,,,,Ghost
|inactive|Battle timer is ON: inactive players will automatically lose when time's up. (requested by delphigni)
|
|t:|1757203772
|teamsize|p1|4
|teamsize|p2|4
|start
|switch|p1a: Whimsicott|Whimsicott, L50, M|100/100
|switch|p1b: Archaludon|Archaludon, L50, M|100/100
|switch|p2a: Bumblebirb|Electabuzz, L50, F, shiny|100/100
|switch|p2b: Primlance|Primarina, L50, F, shiny|100/100
|turn|1
|
|t:|1757203791
|move|p2a: Bumblebirb|Follow Me|p2a: Bumblebirb
|-singleturn|p2a: Bumblebirb|move: Follow Me
|move|p1a: Whimsicott|Taunt|p2a: Bumblebirb
|-start|p2a: Bumblebirb|move: Taunt
|move|p1b: Archaludon|Body Press|p2a: Bumblebirb
|-damage|p2a: Bumblebirb|80/100
|move|p2b: Primlance|Moonblast|p1b: Archaludon
|-damage|p1b: Archaludon|43/100
|-ability|p1b: Archaludon|Stamina|boost
|-boost|p1b: Archaludon|def|1
|-damage|p2b: Primlance|91/100|[from] item: Life Orb
|
|upkeep
|turn|2
|
|t:|1757203812
|-terastallize|p2b: Primlance|Poison
|move|p2a: Bumblebirb|Electroweb|p1b: Archaludon|[spread] p1a,p1b
|-resisted|p1a: Whimsicott
|-resisted|p1b: Archaludon
|-damage|p1a: Whimsicott|93/100
|-damage|p1b: Archaludon|37/100
|-unboost|p1b: Archaludon|spe|1
|-ability|p1b: Archaludon|Stamina|boost
|-boost|p1b: Archaludon|def|1
|move|p1a: Whimsicott|Moonblast|p2b: Primlance
|-resisted|p2b: Primlance
|-damage|p2b: Primlance|78/100
|move|p2b: Primlance|Moonblast|p1b: Archaludon
|-damage|p1b: Archaludon|0 fnt
|faint|p1b: Archaludon
|-damage|p2b: Primlance|68/100|[from] item: Life Orb
|
|upkeep
|
|t:|1757203820
|switch|p1b: Annihilape|Annihilape, L50, M|100/100
|turn|3
|
|t:|1757203844
|switch|p2a: Yharon|Talonflame, L50, F, shiny|100/100
|-terastallize|p1b: Annihilape|Fire
|move|p2b: Primlance|Protect|p2b: Primlance
|-singleturn|p2b: Primlance|Protect
|move|p1a: Whimsicott|Moonblast|p2a: Yharon
|-resisted|p2a: Yharon
|-damage|p2a: Yharon|82/100
|move|p1b: Annihilape|Bulk Up|p1b: Annihilape
|-boost|p1b: Annihilape|atk|1
|-boost|p1b: Annihilape|def|1
|
|upkeep
|turn|4
|inactive|Vicentefc2 has 30 seconds left.
|
|t:|1757203874
|move|p1a: Whimsicott|Tailwind|p1a: Whimsicott
|-sidestart|p1: Vicentefc2|move: Tailwind
|move|p1b: Annihilape|Bulk Up|p1b: Annihilape
|-boost|p1b: Annihilape|atk|1
|-boost|p1b: Annihilape|def|1
|move|p2a: Yharon|Tailwind|p2a: Yharon
|-sidestart|p2: delphigni|move: Tailwind
|move|p2b: Primlance|Hyper Voice|p1b: Annihilape|[spread] p1a,p1b
|-resisted|p1a: Whimsicott
|-supereffective|p1b: Annihilape
|-damage|p1a: Whimsicott|71/100
|-damage|p1b: Annihilape|36/100
|-damage|p2b: Primlance|59/100|[from] item: Life Orb
|
|-heal|p1b: Annihilape|42/100|[from] item: Leftovers
|upkeep
|turn|5
|
|t:|1757203897
|move|p2b: Primlance|Protect|p2b: Primlance
|-singleturn|p2b: Primlance|Protect
|move|p2a: Yharon|Brave Bird|p1a: Whimsicott
|-supereffective|p1a: Whimsicott
|-damage|p1a: Whimsicott|0 fnt
|faint|p1a: Whimsicott
|-damage|p2a: Yharon|60/100|[from] Recoil
|move|p1b: Annihilape|Rage Fist|p2b: Primlance
|-activate|p2b: Primlance|move: Protect
|
|-heal|p1b: Annihilape|48/100|[from] item: Leftovers
|upkeep
|
|t:|1757203900
|switch|p1a: Rillaboom|Rillaboom, L50, M|100/100
|-fieldstart|move: Grassy Terrain|[from] ability: Grassy Surge|[of] p1a: Rillaboom
|turn|6
|
|t:|1757203919
|switch|p2b: Rilleboom|Rillaboom, L50, M, shiny|100/100
|move|p1a: Rillaboom|Fake Out|p2a: Yharon
|-damage|p2a: Yharon|41/100
|cant|p2a: Yharon|flinch
|move|p1b: Annihilape|Rage Fist|p2b: Rilleboom
|-damage|p2b: Rilleboom|21/100
|
|-heal|p2b: Rilleboom|27/100|[from] Grassy Terrain
|-heal|p1b: Annihilape|54/100|[from] Grassy Terrain
|-heal|p1b: Annihilape|60/100|[from] item: Leftovers
|upkeep
|turn|7
|inactive|Vicentefc2 has 30 seconds left.
|
|t:|1757203948
|move|p1a: Rillaboom|Grassy Glide|p2a: Yharon
|-resisted|p2a: Yharon
|-damage|p2a: Yharon|28/100
|move|p2a: Yharon|Will-O-Wisp|p1a: Rillaboom
|-status|p1a: Rillaboom|brn
|move|p2b: Rilleboom|High Horsepower|p1b: Annihilape
|-supereffective|p1b: Annihilape
|-damage|p1b: Annihilape|30/100
|move|p1b: Annihilape|Drain Punch|p2b: Rilleboom
|-damage|p2b: Rilleboom|0 fnt
|-heal|p1b: Annihilape|42/100|[from] drain|[of] p2b: Rilleboom
|faint|p2b: Rilleboom
|
|-heal|p1b: Annihilape|48/100|[from] Grassy Terrain
|-heal|p1b: Annihilape|53/100|[from] item: Leftovers
|-damage|p1a: Rillaboom|94/100 brn|[from] brn
|-sideend|p1: Vicentefc2|move: Tailwind
|-sideend|p2: delphigni|move: Tailwind
|upkeep
|
|t:|1757203962
|switch|p2b: Primlance|Primarina, L50, F, shiny, tera:Poison|59/100
|turn|8
|inactive|Vicentefc2 has 30 seconds left.
|
|t:|1757203989
|move|p2b: Primlance|Protect|p2b: Primlance
|-singleturn|p2b: Primlance|Protect
|move|p1a: Rillaboom|Grassy Glide|p2a: Yharon
|-resisted|p2a: Yharon
|-damage|p2a: Yharon|22/100
|move|p2a: Yharon|Brave Bird|p1a: Rillaboom
|-supereffective|p1a: Rillaboom
|-damage|p1a: Rillaboom|3/100 brn
|-damage|p2a: Yharon|0 fnt|[from] Recoil
|faint|p2a: Yharon
|move|p1b: Annihilape|Rage Fist|p2b: Primlance
|-activate|p2b: Primlance|move: Protect
|
|-heal|p1b: Annihilape|59/100|[from] Grassy Terrain
|-heal|p1b: Annihilape|65/100|[from] item: Leftovers
|-heal|p1a: Rillaboom|9/100 brn|[from] Grassy Terrain
|-heal|p2b: Primlance|65/100|[from] Grassy Terrain
|-damage|p1a: Rillaboom|3/100 brn|[from] brn
|upkeep
|
|t:|1757204002
|switch|p2a: Bumblebirb|Electabuzz, L50, F, shiny|80/100
|turn|9
|inactive|Vicentefc2 has 30 seconds left.
|
|t:|1757204034
|move|p1b: Annihilape|Protect|p1b: Annihilape
|-singleturn|p1b: Annihilape|Protect
|move|p2a: Bumblebirb|Electroweb|p1b: Annihilape|[spread] p1a
|-activate|p1b: Annihilape|move: Protect
|-resisted|p1a: Rillaboom
|-damage|p1a: Rillaboom|0 fnt
|faint|p1a: Rillaboom
|move|p2b: Primlance|Hyper Voice|p1b: Annihilape
|-activate|p1b: Annihilape|move: Protect
|
|-heal|p2a: Bumblebirb|86/100|[from] Grassy Terrain
|-heal|p1b: Annihilape|71/100|[from] Grassy Terrain
|-heal|p1b: Annihilape|77/100|[from] item: Leftovers
|-heal|p2b: Primlance|71/100|[from] Grassy Terrain
|upkeep
|turn|10
|
|t:|1757204050
|move|p2a: Bumblebirb|Electroweb|p1b: Annihilape
|-damage|p1b: Annihilape|65/100
|-unboost|p1b: Annihilape|spe|1
|-ability|p1b: Annihilape|Defiant|boost
|-boost|p1b: Annihilape|atk|2
|move|p2b: Primlance|Hyper Voice|p1b: Annihilape
|-supereffective|p1b: Annihilape
|-damage|p1b: Annihilape|0 fnt
|faint|p1b: Annihilape
|-damage|p2b: Primlance|61/100|[from] item: Life Orb
|
|win|delphigni
||delphigni is ready for game 3.
||Vicentefc2 is ready for game 3.
|uhtml|next|Next: Game 3 of 3
|l|☆Vicentefc2
|player|p1|
