|j|☆Majical Forest
|j|☆sandy ghost 5
|html|Majical Forestsandy ghost 5    
|uhtml|bestof|Game 1 of a best-of-3
|t:|1756989069
|gametype|doubles
|player|p1|Majical Forest|unknown|1183
|player|p2|sandy ghost 5|baker|1298
|gen|9
|tier|[Gen 9] VGC 2025 Reg H (Bo3)
|rated|
|rule|Species Clause: Limit one of each Pokémon
|rule|Item Clause: Limit 1 of each item
|clearpoke
|poke|p1|Archaludon, L50, M|
|poke|p1|Basculegion, L50, M|
|poke|p1|Pelipper, L50, M|
|poke|p1|Amoonguss, L50, F|
|poke|p1|Incineroar, L50, M|
|poke|p1|Maushold-Four, L50|
|poke|p2|Tyranitar, L50, F|
|poke|p2|Excadrill, L50, F|
|poke|p2|Sinistcha-Masterpiece, L50|
|poke|p2|Salamence, L50, F|
|poke|p2|Blaziken, L50, M|
|poke|p2|Bruxish, L50, M|
|teampreview|4
|showteam|p1|Archaludon||AssaultVest|Stamina|ElectroShot,DragonPulse,BodyPress,FlashCannon|||M|||50|,,,,,Grass]Basculegion||MysticWater|SwiftSwim|WaveCrash,AquaJet,LastRespects,Protect|||M|||50|,,,,,Water]Pelipper||FocusSash|Drizzle|Hurricane,WeatherBall,Tailwind,Protect|||M|||50|,,,,,Ghost]Amoonguss||SitrusBerry|Regenerator|Spore,ClearSmog,PollenPuff,RagePowder|||F|||50|,,,,,Water]Incineroar||SafetyGoggles|Intimidate|FakeOut,KnockOff,FlareBlitz,PartingShot|||M|||50|,,,,,Ghost]Maushold-Four||WideLens|Technician|PopulationBomb,Taunt,FollowMe,Protect||||||50|,,,,,Grass
|showteam|p2|Tyranitar||ClearAmulet|SandStream|RockSlide,KnockOff,DragonDance,Protect|||F|||50|,,,,,Grass]Excadrill||AssaultVest|SandRush|Earthquake,IronHead,HighHorsepower,RockSlide|||F|||50|,,,,,Ghost]Sinistcha-Masterpiece||SitrusBerry|Hospitality|ShadowBall,MatchaGotcha,RagePowder,Protect||||||50|,,,,,Dark]Salamence||LifeOrb|Intimidate|DracoMeteor,AirSlash,Protect,Tailwind|||F|||50|,,,,,Ghost]Blaziken||CovertCloak|SpeedBoost|AuraSphere,HeatWave,Coaching,WillOWisp|||M|||50|,,,,,Dragon]Bruxish||ChoiceScarf|Dazzling|PsychicFangs,FlipTurn,WaveCrash,SuperFang|||M|||50|,,,,,Water
|inactive|Battle timer is ON: inactive players will automatically lose when time's up. (requested by Majical Forest)
|inactive|Majical Forest has 60 seconds left.
|inactive|sandy ghost 5 has 60 seconds left.
|inactive|Majical Forest has 30 seconds left.
|
|t:|1756989140
|teamsize|p1|4
|teamsize|p2|4
|start
|switch|p1a: Amoonguss|Amoonguss, L50, F|100/100
|switch|p1b: Basculegion|Basculegion, L50, M|100/100
|switch|p2a: Salamence|Salamence, L50, F|100/100
|switch|p2b: Blaziken|Blaziken, L50, M|100/100
|-ability|p2a: Salamence|Intimidate|boost
|-unboost|p1a: Amoonguss|atk|1
|-unboost|p1b: Basculegion|atk|1
|turn|1
|inactive|sandy ghost 5 has 30 seconds left.
|
|t:|1756989172
|switch|p2b: Puppet|Sinistcha-Masterpiece, L50|100/100
|switch|p1a: Pelipper|Pelipper, L50, M|100/100
|-weather|RainDance|[from] ability: Drizzle|[of] p1a: Pelipper
|move|p1b: Basculegion|Wave Crash|p2b: Puppet
|-resisted|p2b: Puppet
|-damage|p2b: Puppet|67/100
|-damage|p1b: Basculegion|91/100|[from] Recoil
|move|p2a: Salamence|Draco Meteor|p1a: Pelipper
|-enditem|p1a: Pelipper|Focus Sash
|-damage|p1a: Pelipper|1/100
|-unboost|p2a: Salamence|spa|2
|-damage|p2a: Salamence|91/100|[from] item: Life Orb
|
|-weather|RainDance|[upkeep]
|upkeep
|turn|2
|inactive|Majical Forest has 30 seconds left.
|
|t:|1756989202
|switch|p1b: Archaludon|Archaludon, L50, M|100/100
|move|p1a: Pelipper|Protect|p1a: Pelipper
|-singleturn|p1a: Pelipper|Protect
|move|p2a: Salamence|Tailwind|p2a: Salamence
|-sidestart|p2: sandy ghost 5|move: Tailwind
|move|p2b: Puppet|Matcha Gotcha|p1a: Pelipper|[spread] p1b
|-activate|p1a: Pelipper|move: Protect
|-resisted|p1b: Archaludon
|-damage|p1b: Archaludon|95/100
|-heal|p2b: Puppet|70/100|[from] drain|[of] p1b: Archaludon
|-ability|p1b: Archaludon|Stamina|boost
|-boost|p1b: Archaludon|def|1
|
|-weather|RainDance|[upkeep]
|upkeep
|turn|3
|
|t:|1756989217
|switch|p2a: Tyranitar|Tyranitar, L50, F|100/100
|-weather|Sandstorm|[from] ability: Sand Stream|[of] p2a: Tyranitar
|switch|p1a: Amoonguss|Amoonguss, L50, F|100/100
|move|p2b: Puppet|Shadow Ball|p1a: Amoonguss
|-damage|p1a: Amoonguss|69/100
|move|p1b: Archaludon|Dragon Pulse|p2a: Tyranitar
|-damage|p2a: Tyranitar|71/100
|
|-weather|Sandstorm|[upkeep]
|-damage|p2b: Puppet|64/100|[from] Sandstorm
|-damage|p1a: Amoonguss|63/100|[from] Sandstorm
|upkeep
|turn|4
|inactive|Majical Forest has 30 seconds left.
|inactive|Majical Forest has 20 seconds left.
|
|t:|1756989254
|-terastallize|p2a: Tyranitar|Grass
|move|p2a: Tyranitar|Dragon Dance|p2a: Tyranitar
|-boost|p2a: Tyranitar|atk|1
|-boost|p2a: Tyranitar|spe|1
|move|p2b: Puppet|Shadow Ball|p1a: Amoonguss
|-damage|p1a: Amoonguss|29/100
|-enditem|p1a: Amoonguss|Sitrus Berry|[eat]
|-heal|p1a: Amoonguss|54/100|[from] item: Sitrus Berry
|move|p1b: Archaludon|Dragon Pulse|p2b: Puppet
|-damage|p2b: Puppet|17/100
|-enditem|p2b: Puppet|Sitrus Berry|[eat]
|-heal|p2b: Puppet|42/100|[from] item: Sitrus Berry
|move|p1a: Amoonguss|Clear Smog|p2a: Tyranitar
|-supereffective|p2a: Tyranitar
|-damage|p2a: Tyranitar|40/100
|-clearboost|p2a: Tyranitar
|
|-weather|Sandstorm|[upkeep]
|-damage|p2a: Tyranitar|34/100|[from] Sandstorm
|-damage|p2b: Puppet|36/100|[from] Sandstorm
|-damage|p1a: Amoonguss|48/100|[from] Sandstorm
|upkeep
|turn|5
|inactive|Majical Forest has 30 seconds left.
|
|t:|1756989283
|switch|p1a: Basculegion|Basculegion, L50, M|91/100
|move|p2a: Tyranitar|Knock Off|p1a: Basculegion
|-supereffective|p1a: Basculegion
|-damage|p1a: Basculegion|0 fnt
|-enditem|p1a: Basculegion|Mystic Water|[from] move: Knock Off|[of] p2a: Tyranitar
|faint|p1a: Basculegion
|move|p2b: Puppet|Shadow Ball|p1b: Archaludon
|-damage|p1b: Archaludon|65/100
|-ability|p1b: Archaludon|Stamina|boost
|-boost|p1b: Archaludon|def|1
|move|p1b: Archaludon|Dragon Pulse|p2b: Puppet
|-damage|p2b: Puppet|0 fnt
|faint|p2b: Puppet
|
|-weather|Sandstorm|[upkeep]
|-damage|p2a: Tyranitar|28/100|[from] Sandstorm
|-sideend|p2: sandy ghost 5|move: Tailwind
|upkeep
|
|t:|1756989299
|switch|p1a: Amoonguss|Amoonguss, L50, F|81/100
|switch|p2b: Salamence|Salamence, L50, F|91/100
|-ability|p2b: Salamence|Intimidate|boost
|-unboost|p1a: Amoonguss|atk|1
|-unboost|p1b: Archaludon|atk|1
|turn|6
|
|t:|1756989317
|move|p2b: Salamence|Protect|p2b: Salamence
|-singleturn|p2b: Salamence|Protect
|move|p1a: Amoonguss|Rage Powder|p1a: Amoonguss
|-singleturn|p1a: Amoonguss|move: Rage Powder
|move|p2a: Tyranitar|Dragon Dance|p2a: Tyranitar
|-boost|p2a: Tyranitar|atk|1
|-boost|p2a: Tyranitar|spe|1
|move|p1b: Archaludon|Dragon Pulse|p2b: Salamence
|-activate|p2b: Salamence|move: Protect
|
|-weather|Sandstorm|[upkeep]
|-damage|p2a: Tyranitar|22/100|[from] Sandstorm
|-damage|p2b: Salamence|85/100|[from] Sandstorm
|-damage|p1a: Amoonguss|75/100|[from] Sandstorm
|upkeep
|turn|7
|
|t:|1756989339
|move|p1a: Amoonguss|Rage Powder|p1a: Amoonguss
|-singleturn|p1a: Amoonguss|move: Rage Powder
|move|p2a: Tyranitar|Rock Slide|p1b: Archaludon|[spread] p1a,p1b
|-resisted|p1b: Archaludon
|-damage|p1a: Amoonguss|37/100
|-damage|p1b: Archaludon|56/100
|-ability|p1b: Archaludon|Stamina|boost
|-boost|p1b: Archaludon|def|1
|move|p2b: Salamence|Air Slash|p1a: Amoonguss
|-supereffective|p1a: Amoonguss
|-damage|p1a: Amoonguss|0 fnt
|faint|p1a: Amoonguss
|-damage|p2b: Salamence|75/100|[from] item: Life Orb
|move|p1b: Archaludon|Dragon Pulse|p2a: Tyranitar
|-damage|p2a: Tyranitar|0 fnt
|faint|p2a: Tyranitar
|
|-weather|none
|upkeep
|
|t:|1756989353
|switch|p2a: Blaziken|Blaziken, L50, M|100/100
|switch|p1a: Pelipper|Pelipper, L50, M|1/100
|-weather|RainDance|[from] ability: Drizzle|[of] p1a: Pelipper
|turn|8
|
|t:|1756989370
|-terastallize|p1a: Pelipper|Ghost
|move|p2b: Salamence|Draco Meteor|p1b: Archaludon
|-damage|p1b: Archaludon|0 fnt
|-unboost|p2b: Salamence|spa|2
|faint|p1b: Archaludon
|-damage|p2b: Salamence|65/100|[from] item: Life Orb
|move|p2a: Blaziken|Aura Sphere|p1a: Pelipper
|-immune|p1a: Pelipper
|move|p1a: Pelipper|Weather Ball|p2a: Blaziken
|-supereffective|p2a: Blaziken
|-damage|p2a: Blaziken|0 fnt
|faint|p2a: Blaziken
|
|-weather|RainDance|[upkeep]
|upkeep
|turn|9
|
|t:|1756989384
|move|p2b: Salamence|Air Slash|p1a: Pelipper
|-damage|p1a: Pelipper|0 fnt
|faint|p1a: Pelipper
|-damage|p2b: Salamence|55/100|[from] item: Life Orb
|
|win|sandy ghost 5
||sandy ghost 5 is ready for game 2.
|l|☆Majical Forest
|player|p1|
||Majical Forest is ready for game 2.
|uhtml|next|Next: Game 2 of 3
