|j|☆Miss Elysia
|j|☆asamcly
|html|Miss Elysiaasamcly    
|uhtml|bestof|Game 1 of a best-of-3
|t:|1782545715
|gametype|doubles
|player|p1|Miss Elysia|diantha|1000
|player|p2|asamcly|101|1085
|gen|9
|tier|[Gen 9 Champions] VGC 2026 Reg M-B (Bo3)
|rated|
|rule|Species Clause: Limit one of each Pokémon
|rule|Item Clause: Limit 1 of each item
|clearpoke
|poke|p1|Swampert, L50, F|
|poke|p1|Archaludon, L50, M|
|poke|p1|Klefki, L50, F|
|poke|p1|Sinistcha, L50|
|poke|p1|Annihilape, L50, M|
|poke|p1|Maushold, L50|
|poke|p2|Gengar, L50, M|
|poke|p2|Ninetales-Alola, L50, M|
|poke|p2|Whimsicott, L50, M|
|poke|p2|Garchomp, L50, F|
|poke|p2|Kingambit, L50, F|
|poke|p2|Basculegion, L50, M|
|teampreview|4
|showteam|p1|Swampert||Swampertite|Damp|WaveCrash,HighHorsepower,IcePunch,Protect|Adamant||F|||50|]Archaludon||Leftovers|Stamina|DragonPulse,ElectroShot,FlashCannon,Protect|Modest||M|||50|]Klefki||OccaBerry|Prankster|RainDance,LightScreen,Reflect,FoulPlay|Bold||F|||50|]Sinistcha||KasibBerry|Hospitality|RagePowder,LifeDew,TrickRoom,MatchaGotcha|Relaxed|||||50|]Annihilape||SitrusBerry|Defiant|RageFist,DrainPunch,BulkUp,Protect|Adamant||M|||50|]Maushold||ChopleBerry|FriendGuard|BeatUp,FollowMe,SuperFang,Protect|Jolly|||||50|
|showteam|p2|Gengar||Gengarite|CursedBody|ShadowBall,Disable,Protect,Taunt|Modest||M|||50|]Ninetales-Alola||LightClay|SnowWarning|Blizzard,Protect,FreezeDry,Encore|Timid||M|||50|]Whimsicott||FocusSash|Prankster|Tailwind,Moonblast,EnergyBall,Encore|Timid||M|||50|]Garchomp||LifeOrb|RoughSkin|RockSlide,DragonClaw,Earthquake,Protect|Jolly||F|||50|]Kingambit||ExpertBelt|Defiant|IronHead,LowKick,KowtowCleave,SuckerPunch|Jolly||F|||50|]Basculegion||MysticWater|Adaptability|AquaJet,WaveCrash,LastRespects,Protect|Adamant||M|||50|
|inactive|Battle timer is ON: inactive players will automatically lose when time's up. (requested by Miss Elysia)
|
|t:|1782545742
|teamsize|p1|4
|teamsize|p2|4
|start
|switch|p1a: Annihilape|Annihilape, L50, M|100/100
|switch|p1b: Maushold|Maushold, L50|100/100
|switch|p2a: Gengar|Gengar, L50, M|100/100
|switch|p2b: Whimsicott|Whimsicott, L50, M|100/100
|turn|1
|
|t:|1782545756
|detailschange|p2a: Gengar|Gengar-Mega, L50, M
|-mega|p2a: Gengar|Gengar|Gengarite
|move|p1b: Maushold|Follow Me|p1b: Maushold
|-singleturn|p1b: Maushold|move: Follow Me
|move|p2b: Whimsicott|Tailwind|p2b: Whimsicott
|-sidestart|p2: asamcly|move: Tailwind
|move|p2a: Gengar|Taunt|p1b: Maushold
|-start|p1b: Maushold|move: Taunt
|move|p1a: Annihilape|Bulk Up|p1a: Annihilape
|-boost|p1a: Annihilape|atk|1
|-boost|p1a: Annihilape|def|1
|
|upkeep
|turn|2
|inactive|Miss Elysia has 30 seconds left.
|inactive|asamcly has 30 seconds left.
|inactive|Miss Elysia has 20 seconds left.
|inactive|asamcly has 20 seconds left.
|inactive|Miss Elysia has 15 seconds left.
|inactive|Miss Elysia has 10 seconds left.
|
|t:|1782545803
|move|p2b: Whimsicott|Encore|p1a: Annihilape
|-start|p1a: Annihilape|Encore
|move|p2a: Gengar|Disable|p1a: Annihilape
|-start|p1a: Annihilape|Disable|Bulk Up
|move|p1b: Maushold|Super Fang|p2b: Whimsicott
|-damage|p2b: Whimsicott|50/100g
|cant|p1a: Annihilape|Disable|Bulk Up
|
|upkeep
|turn|3
|
|t:|1782545828
|switch|p1a: Sinistcha|Sinistcha, L50|100/100
|move|p2b: Whimsicott|Moonblast|p1a: Sinistcha
|-damage|p1a: Sinistcha|78/100
|move|p2a: Gengar|Disable|p1b: Maushold
|-start|p1b: Maushold|Disable|Super Fang
|move|p1b: Maushold|Beat Up|p2a: Gengar
|-supereffective|p2a: Gengar|1
|-damage|p2a: Gengar|93/100
|-supereffective|p2a: Gengar|1
|-damage|p2a: Gengar|85/100
|-supereffective|p2a: Gengar|1
|-damage|p2a: Gengar|76/100
|-supereffective|p2a: Gengar|1
|-damage|p2a: Gengar|68/100
|-hitcount|p2a: Gengar|4
|
|upkeep
|turn|4
|inactive|Miss Elysia has 30 seconds left.
|inactive|Miss Elysia has 20 seconds left.
|
|t:|1782545864
|move|p2b: Whimsicott|Moonblast|p1b: Maushold
|-damage|p1b: Maushold|62/100
|move|p2a: Gengar|Shadow Ball|p1a: Sinistcha
|-supereffective|p1a: Sinistcha|1
|-enditem|p1a: Sinistcha|Kasib Berry|[eat]
|-enditem|p1a: Sinistcha|Kasib Berry|[weaken]
|-damage|p1a: Sinistcha|40/100
|move|p1b: Maushold|Beat Up|p2a: Gengar
|-supereffective|p2a: Gengar|1
|-damage|p2a: Gengar|61/100
|-supereffective|p2a: Gengar|1
|-damage|p2a: Gengar|53/100
|-supereffective|p2a: Gengar|1
|-damage|p2a: Gengar|44/100
|-supereffective|p2a: Gengar|1
|-damage|p2a: Gengar|36/100
|-hitcount|p2a: Gengar|4
|move|p1a: Sinistcha|Matcha Gotcha|p2b: Whimsicott|[spread] p2a,p2b
|-resisted|p2a: Gengar|1
|-resisted|p2b: Whimsicott|1
|-damage|p2a: Gengar|21/100
|-heal|p1a: Sinistcha|47/100|[from] drain|[of] p2a: Gengar
|-damage|p2b: Whimsicott|34/100
|-heal|p1a: Sinistcha|54/100|[from] drain|[of] p2b: Whimsicott
|-status|p2b: Whimsicott|brn
|
|-damage|p2b: Whimsicott|28/100 brn|[from] brn
|-end|p1b: Maushold|move: Taunt
|-sideend|p2: asamcly|move: Tailwind
|upkeep
|turn|5
|inactive|asamcly has 30 seconds left.
|
|t:|1782545898
|switch|p2b: Ninetales|Ninetales-Alola, L50, M|100/100
|-weather|Snowscape|[from] ability: Snow Warning|[of] p2b: Ninetales
|move|p2a: Gengar|Protect|p2a: Gengar
|-singleturn|p2a: Gengar|Protect
|move|p1b: Maushold|Follow Me|p1b: Maushold
|-singleturn|p1b: Maushold|move: Follow Me
|move|p1a: Sinistcha|Trick Room|p1a: Sinistcha
|-fieldstart|move: Trick Room|[of] p1a: Sinistcha
|
|-weather|Snowscape|[upkeep]
|upkeep
|turn|6
|
|t:|1782545916
|switch|p2a: Garchomp|Garchomp, L50, F|100/100
|move|p1a: Sinistcha|Matcha Gotcha|p2b: Ninetales|[spread] p2a,p2b
|-damage|p2a: Garchomp|71/100
|-heal|p1a: Sinistcha|69/100|[from] drain|[of] p2a: Garchomp
|-damage|p2b: Ninetales|72/100
|-heal|p1a: Sinistcha|81/100|[from] drain|[of] p2b: Ninetales
|move|p2b: Ninetales|Encore|p1a: Sinistcha
|-start|p1a: Sinistcha|Encore
|move|p1b: Maushold|Beat Up|p2a: Garchomp
|-damage|p2a: Garchomp|69/100
|-damage|p2a: Garchomp|65/100
|-damage|p2a: Garchomp|62/100
|-damage|p2a: Garchomp|60/100
|-hitcount|p2a: Garchomp|4
|
|-weather|Snowscape|[upkeep]
|-end|p1b: Maushold|Disable
|upkeep
|turn|7
|-message|asamcly forfeited.
|
|win|Miss Elysia
