|j|☆YuzukiVGC
|j|☆Lewis Hamilton Fan
|html|YuzukiVGCLewis Hamilton Fan    
|uhtml|bestof|Game 1 of a best-of-3
|t:|1783190208
|gametype|doubles
|player|p1|YuzukiVGC|lucy|1143
|player|p2|Lewis Hamilton Fan|benga|1153
|gen|9
|tier|[Gen 9 Champions] VGC 2026 Reg M-B (Bo3)
|rated|
|rule|Species Clause: Limit one of each Pokémon
|rule|Item Clause: Limit 1 of each item
|clearpoke
|poke|p1|Charizard, L50, F|
|poke|p1|Venusaur, L50, F|
|poke|p1|Garchomp, L50, F|
|poke|p1|Incineroar, L50, M|
|poke|p1|Staraptor, L50, M|
|poke|p1|Whimsicott, L50, F|
|poke|p2|Blastoise, L50, M|
|poke|p2|Sinistcha, L50|
|poke|p2|Kingambit, L50, F|
|poke|p2|Sneasler, L50, F|
|poke|p2|Incineroar, L50, F|
|poke|p2|Floette-Eternal, L50, F|
|teampreview|4
|showteam|p1|Charizard||CharizarditeY|Blaze|Protect,HeatWave,WeatherBall,SolarBeam|Timid||F|||50|]Venusaur||FocusSash|Chlorophyll|Protect,SleepPowder,SludgeBomb,EarthPower|Timid||F|||50|]Garchomp||ChoiceScarf|SandVeil|Earthquake,RockSlide,StompingTantrum,DragonClaw|Jolly||F|||50|]Incineroar||SitrusBerry|Intimidate|FakeOut,PartingShot,FlareBlitz,ThroatChop|Adamant||M|||50|]Staraptor||Staraptite|Reckless|Protect,BraveBird,CloseCombat,Roost|Adamant||M|||50|]Whimsicott||BrightPowder|Prankster|Protect,Moonblast,Tailwind,Charm|Bold||F|||50|
|showteam|p2|Blastoise||Blastoisinite|Torrent|WaterSpout,Protect,DarkPulse,ShellSmash|Modest||M|||50|]Sinistcha||KasibBerry|Hospitality|MatchaGotcha,RagePowder,Protect,TrickRoom|Bold|||||50|]Kingambit||BlackGlasses|Defiant|SuckerPunch,KowtowCleave,Protect,IronHead|Adamant||F|||50|]Sneasler||WhiteHerb|Unburden|CloseCombat,FakeOut,DireClaw,Protect|Jolly||F|||50|]Incineroar||SitrusBerry|Intimidate|FakeOut,PartingShot,FlareBlitz,ThroatChop|Relaxed||F|||50|]Floette-Eternal||Floettite|FlowerVeil|Protect,DazzlingGleam,Moonblast,CalmMind|Timid||F|||50|
|inactive|Battle timer is ON: inactive players will automatically lose when time's up. (requested by Lewis Hamilton Fan)
|
|t:|1783190231
|teamsize|p1|4
|teamsize|p2|4
|start
|switch|p1a: Charizard|Charizard, L50, F|100/100
|switch|p1b: Venusaur|Venusaur, L50, F|100/100
|switch|p2a: Floette|Floette-Eternal, L50, F|100/100
|switch|p2b: Sneasler|Sneasler, L50, F|100/100
|turn|1
|
|t:|1783190242
|switch|p1b: Incineroar|Incineroar, L50, M|100/100
|-ability|p1b: Incineroar|Intimidate|boost
|-unboost|p2a: Floette|atk|1
|-unboost|p2b: Sneasler|atk|1
|-enditem|p2b: Sneasler|White Herb
|-clearnegativeboost|p2b: Sneasler|[silent]
|detailschange|p1a: Charizard|Charizard-Mega-Y, L50, F
|-mega|p1a: Charizard|Charizard|Charizardite Y
|-weather|SunnyDay|[from] ability: Drought|[of] p1a: Charizard
|detailschange|p2a: Floette|Floette-Mega, L50, F
|-mega|p2a: Floette|Floette|Floettite
|-ability|p2a: Floette|Fairy Aura
|move|p2b: Sneasler|Fake Out|p1b: Incineroar
|-damage|p1b: Incineroar|86/100
|move|p2a: Floette|Calm Mind|p2a: Floette
|-boost|p2a: Floette|spa|1
|-boost|p2a: Floette|spd|1
|move|p1a: Charizard|Heat Wave|p2b: Sneasler|[spread] p2a,p2b
|-damage|p2a: Floette|63/100
|-damage|p2b: Sneasler|17/100
|
|-weather|SunnyDay|[upkeep]
|upkeep
|turn|2
|
|t:|1783190263
|move|p2b: Sneasler|Protect|p2b: Sneasler
|-singleturn|p2b: Sneasler|Protect
|move|p2a: Floette|Protect|p2a: Floette
|-singleturn|p2a: Floette|Protect
|move|p1b: Incineroar|Fake Out|p2b: Sneasler
|-activate|p2b: Sneasler|move: Protect
|move|p1a: Charizard|Heat Wave|p2a: Floette|[spread] 
|-activate|p2a: Floette|move: Protect
|-activate|p2b: Sneasler|move: Protect
|
|-weather|SunnyDay|[upkeep]
|upkeep
|turn|3
|
|t:|1783190277
|move|p2b: Sneasler|Close Combat|p1b: Incineroar
|-supereffective|p1b: Incineroar|1
|-damage|p1b: Incineroar|0 fnt
|-unboost|p2b: Sneasler|def|1
|-unboost|p2b: Sneasler|spd|1
|faint|p1b: Incineroar
|move|p2a: Floette|Dazzling Gleam|p1a: Charizard
|-resisted|p1a: Charizard|1
|-damage|p1a: Charizard|61/100
|move|p1a: Charizard|Heat Wave|p2a: Floette|[spread] p2a,p2b
|-damage|p2a: Floette|26/100
|-damage|p2b: Sneasler|0 fnt
|faint|p2b: Sneasler
|
|-weather|SunnyDay|[upkeep]
|upkeep
|
|t:|1783190289
|switch|p2b: Sinistcha|Sinistcha, L50|100/100
|switch|p1b: Venusaur|Venusaur, L50, F|100/100
|-heal|p2a: Floette|50/100g|[from] ability: Hospitality|[of] p2b: Sinistcha
|turn|4
|
|t:|1783190304
|move|p2a: Floette|Protect|p2a: Floette
|-singleturn|p2a: Floette|Protect
|move|p1b: Venusaur|Sleep Powder|p2a: Floette
|-activate|p2a: Floette|move: Protect
|move|p1a: Charizard|Heat Wave|p2b: Sinistcha|[spread] p2b
|-activate|p2a: Floette|move: Protect
|-supereffective|p2b: Sinistcha|1
|-damage|p2b: Sinistcha|0 fnt
|faint|p2b: Sinistcha
|
|-weather|SunnyDay|[upkeep]
|upkeep
|
|t:|1783190312
|switch|p2b: Kingambit|Kingambit, L50, F|100/100
|turn|5
|
|t:|1783190321
|move|p1a: Charizard|Protect|p1a: Charizard
|-singleturn|p1a: Charizard|Protect
|move|p2b: Kingambit|Sucker Punch||[still]
|-fail|p2b: Kingambit
|move|p1b: Venusaur|Sleep Powder|p2a: Floette
|-status|p2a: Floette|slp|[from] move: Sleep Powder
|cant|p2a: Floette|slp
|
|-weather|none
|upkeep
|turn|6
|
|t:|1783190333
|switch|p1a: Garchomp|Garchomp, L50, F|100/100
|cant|p2a: Floette|slp
|move|p1b: Venusaur|Sleep Powder|p2b: Kingambit|[miss]
|-miss|p1b: Venusaur|p2b: Kingambit
|move|p2b: Kingambit|Kowtow Cleave|p1b: Venusaur
|-crit|p1b: Venusaur
|-enditem|p1b: Venusaur|Focus Sash
|-damage|p1b: Venusaur|1/100
|
|upkeep
|turn|7
|
|t:|1783190351
|-curestatus|p2a: Floette|slp|[msg]
|move|p2a: Floette|Protect|p2a: Floette
|-singleturn|p2a: Floette|Protect
|move|p2b: Kingambit|Protect|p2b: Kingambit
|-singleturn|p2b: Kingambit|Protect
|move|p1a: Garchomp|Stomping Tantrum|p2b: Kingambit
|-activate|p2b: Kingambit|move: Protect
|move|p1b: Venusaur|Sleep Powder|p2b: Kingambit
|-activate|p2b: Kingambit|move: Protect
|
|upkeep
|turn|8
|
|t:|1783190365
|switch|p1a: Charizard|Charizard-Mega-Y, L50, F|61/100
|-weather|SunnyDay|[from] ability: Drought|[of] p1a: Charizard
|move|p2b: Kingambit|Sucker Punch||[still]
|-fail|p2b: Kingambit
|move|p1b: Venusaur|Sleep Powder|p2a: Floette
|-status|p2a: Floette|slp|[from] move: Sleep Powder
|cant|p2a: Floette|slp
|
|-weather|SunnyDay|[upkeep]
|upkeep
|turn|9
|
|t:|1783190375
|switch|p1b: Garchomp|Garchomp, L50, F|100/100
|-curestatus|p2a: Floette|slp|[msg]
|move|p2a: Floette|Protect|p2a: Floette
|-singleturn|p2a: Floette|Protect
|move|p2b: Kingambit|Protect|p2b: Kingambit
|-singleturn|p2b: Kingambit|Protect
|move|p1a: Charizard|Heat Wave|p2b: Kingambit|[spread] 
|-activate|p2a: Floette|move: Protect
|-activate|p2b: Kingambit|move: Protect
|
|-weather|SunnyDay|[upkeep]
|upkeep
|turn|10
|
|t:|1783190390
|move|p2b: Kingambit|Sucker Punch|p1a: Charizard
|-damage|p1a: Charizard|0 fnt
|faint|p1a: Charizard
|move|p1b: Garchomp|Earthquake|p2b: Kingambit|[spread] p2a,p2b
|-supereffective|p2b: Kingambit|1
|-damage|p2a: Floette|12/100
|-damage|p2b: Kingambit|42/100
|move|p2a: Floette|Dazzling Gleam|p1b: Garchomp
|-supereffective|p1b: Garchomp|1
|-damage|p1b: Garchomp|0 fnt
|faint|p1b: Garchomp
|
|-weather|SunnyDay|[upkeep]
|upkeep
|-message|YuzukiVGC forfeited.
|
|win|Lewis Hamilton Fan
