|j|☆palle synchro
|j|☆certified urgl
|html|palle synchrocertified urgl    
|uhtml|bestof|Game 3 of a best-of-3
|t:|1757076089
|gametype|doubles
|player|p1|palle synchro|volkner|1469
|player|p2|certified urgl|102|1358
|gen|9
|tier|[Gen 9] VGC 2025 Reg H (Bo3)
|rated|
|rule|Species Clause: Limit one of each Pokémon
|rule|Item Clause: Limit 1 of each item
|clearpoke
|poke|p1|Whimsicott, L50, M|
|poke|p1|Annihilape, L50, F|
|poke|p1|Indeedee, L50, M|
|poke|p1|Sneasler, L50, M|
|poke|p1|Ursaluna-Bloodmoon, L50, M|
|poke|p1|Archaludon, L50, F|
|poke|p2|Gholdengo, L50|
|poke|p2|Sneasler, L50, M|
|poke|p2|Rillaboom, L50, M|
|poke|p2|Dragonite, L50, M|
|poke|p2|Ninetales-Alola, L50, F|
|poke|p2|Arcanine-Hisui, L50, M|
|teampreview|4
|showteam|p1|Whimsicott||CovertCloak|Prankster|Moonblast,Taunt,Tailwind,FakeTears|||M|||50|,,,,,Water]Annihilape||SafetyGoggles|Defiant|CloseCombat,RageFist,FinalGambit,Taunt|||F|||50|,,,,,Fairy]Indeedee||FocusSash|PsychicSurge|ExpandingForce,TeraBlast,Imprison,TrickRoom|||M|||50|,,,,,Psychic]Sneasler||PsychicSeed|Unburden|CloseCombat,DireClaw,ThroatChop,Protect|||M|||50|,,,,,Dark]Ursaluna-Bloodmoon||LifeOrb|MindsEye|HyperVoice,BloodMoon,EarthPower,Protect|||M|||50|,,,,,Normal]Archaludon||PowerHerb|Sturdy|ElectroShot,DragonPulse,Thunderbolt,Protect|||F|||50|,,,,,Electric
|showteam|p2|Gholdengo||GrassySeed|GoodasGold|NastyPlot,MakeItRain,ShadowBall,Protect||||||50|,,,,,Water]Sneasler||WhiteHerb|Unburden|CloseCombat,DireClaw,Coaching,Protect|||M|||50|,,,,,Ghost]Rillaboom||AssaultVest|GrassySurge|FakeOut,GrassyGlide,DrumBeating,HighHorsepower|||M|||50|,,,,,Fire]Dragonite||LoadedDice|Multiscale|ScaleShot,StompingTantrum,Tailwind,Protect|||M|||50|,,,,,Ground]Ninetales-Alola||FocusSash|SnowWarning|Blizzard,IcyWind,Encore,AuroraVeil|||F|||50|,,,,,Ghost]Arcanine-Hisui||ClearAmulet|Intimidate|RockSlide,FlareBlitz,ExtremeSpeed,Protect|||M|||50|,,,,,Water
|inactive|Battle timer is ON: inactive players will automatically lose when time's up. (requested by palle synchro)
|inactive|certified urgl also wants the timer to be on.
|inactive|certified urgl has 60 seconds left.
|inactive|certified urgl has 30 seconds left.
|
|t:|1757076156
|teamsize|p1|4
|teamsize|p2|4
|start
|switch|p1a: Whimsicott|Whimsicott, L50, M|100/100
|switch|p1b: Ursaluna|Ursaluna-Bloodmoon, L50, M|100/100
|switch|p2a: Ninetales|Ninetales-Alola, L50, F|100/100
|switch|p2b: Gholdengo|Gholdengo, L50|100/100
|-weather|Snowscape|[from] ability: Snow Warning|[of] p2a: Ninetales
|turn|1
|
|t:|1757076179
|move|p1a: Whimsicott|Tailwind|p1a: Whimsicott
|-sidestart|p1: palle synchro|move: Tailwind
|move|p1b: Ursaluna|Earth Power|p2b: Gholdengo
|-supereffective|p2b: Gholdengo
|-damage|p2b: Gholdengo|0 fnt
|faint|p2b: Gholdengo
|-damage|p1b: Ursaluna|91/100|[from] item: Life Orb
|move|p2a: Ninetales|Aurora Veil|p2a: Ninetales
|-sidestart|p2: certified urgl|move: Aurora Veil
|
|-weather|Snowscape|[upkeep]
|upkeep
|
|t:|1757076189
|switch|p2b: Sneasler|Sneasler, L50, M|100/100
|turn|2
|
|t:|1757076198
|-terastallize|p1b: Ursaluna|Normal
|-terastallize|p2b: Sneasler|Ghost
|move|p1a: Whimsicott|Tailwind||[still]
|-fail|p1a: Whimsicott
|move|p1b: Ursaluna|Blood Moon|p2b: Sneasler
|-crit|p2b: Sneasler
|-damage|p2b: Sneasler|0 fnt
|faint|p2b: Sneasler
|-damage|p1b: Ursaluna|81/100|[from] item: Life Orb
|move|p2a: Ninetales|Blizzard|p1a: Whimsicott|[spread] p1a,p1b
|-supereffective|p1a: Whimsicott
|-damage|p1a: Whimsicott|20/100
|-damage|p1b: Ursaluna|41/100
|-status|p1b: Ursaluna|frz
|
|-weather|Snowscape|[upkeep]
|upkeep
|c|☆certified urgl|nice crit
|inactive|certified urgl has 30 seconds left.
|inactive|certified urgl has 20 seconds left.
|
|t:|1757076233
|switch|p2b: Rillaboom|Rillaboom, L50, M|100/100
|-fieldstart|move: Grassy Terrain|[from] ability: Grassy Surge|[of] p2b: Rillaboom
|turn|3
|inactive|palle synchro has 30 seconds left.
|inactive|palle synchro has 20 seconds left.
|inactive|palle synchro has 15 seconds left.
|inactive|palle synchro has 10 seconds left.
|inactive|palle synchro has 5 seconds left.
|
|t:|1757076288
|move|p2b: Rillaboom|Grassy Glide|p1b: Ursaluna
|-damage|p1b: Ursaluna|14/100 frz
|move|p1a: Whimsicott|Moonblast|p2a: Ninetales
|-damage|p2a: Ninetales|78/100
|cant|p1b: Ursaluna|frz
|move|p2a: Ninetales|Blizzard|p1b: Ursaluna|[spread] p1a,p1b
|-supereffective|p1a: Whimsicott
|-damage|p1a: Whimsicott|0 fnt
|-damage|p1b: Ursaluna|0 fnt
|faint|p1a: Whimsicott
|faint|p1b: Ursaluna
|
|-weather|Snowscape|[upkeep]
|-heal|p2a: Ninetales|84/100|[from] Grassy Terrain
|upkeep
|
|t:|1757076304
|switch|p1a: Annihilape|Annihilape, L50, F|100/100
|switch|p1b: Sneasler|Sneasler, L50, M|100/100
|turn|4
|
|t:|1757076318
|move|p1b: Sneasler|Dire Claw|p2a: Ninetales
|-supereffective|p2a: Ninetales
|-damage|p2a: Ninetales|27/100
|-status|p2a: Ninetales|psn
|move|p1a: Annihilape|Rage Fist|p2a: Ninetales
|-damage|p2a: Ninetales|12/100 psn
|move|p2a: Ninetales|Blizzard|p1b: Sneasler|[spread] p1a,p1b
|-damage|p1a: Annihilape|68/100
|-damage|p1b: Sneasler|58/100
|move|p2b: Rillaboom|Drum Beating|p1a: Annihilape
|-damage|p1a: Annihilape|16/100
|-unboost|p1a: Annihilape|spe|1
|-ability|p1a: Annihilape|Defiant|boost
|-boost|p1a: Annihilape|atk|2
|
|-weather|Snowscape|[upkeep]
|-heal|p1b: Sneasler|64/100|[from] Grassy Terrain
|-heal|p1a: Annihilape|22/100|[from] Grassy Terrain
|-heal|p2a: Ninetales|18/100 psn|[from] Grassy Terrain
|-damage|p2a: Ninetales|6/100 psn|[from] psn
|-sideend|p1: palle synchro|move: Tailwind
|upkeep
|turn|5
|c|☆palle synchro|are you serious ahahahahah nice crit
|inactive|palle synchro has 30 seconds left.
|inactive|certified urgl has 30 seconds left.
|inactive|palle synchro has 20 seconds left.
|inactive|palle synchro has 15 seconds left.
|inactive|palle synchro has 10 seconds left.
|inactive|palle synchro has 5 seconds left.
|inactive|certified urgl has 20 seconds left.
|inactive|certified urgl has 15 seconds left.
|
|t:|1757076376
|move|p2b: Rillaboom|Grassy Glide|p1a: Annihilape
|-damage|p1a: Annihilape|0 fnt
|faint|p1a: Annihilape
|move|p2a: Ninetales|Icy Wind|p1b: Sneasler
|-damage|p1b: Sneasler|36/100
|-unboost|p1b: Sneasler|spe|1
|move|p1b: Sneasler|Dire Claw|p2a: Ninetales
|-supereffective|p2a: Ninetales
|-damage|p2a: Ninetales|0 fnt
|faint|p2a: Ninetales
|
|-weather|none
|-heal|p1b: Sneasler|42/100|[from] Grassy Terrain
|-sideend|p2: certified urgl|move: Aurora Veil
|upkeep
|turn|6
|
|t:|1757076382
|move|p2b: Rillaboom|High Horsepower|p1b: Sneasler
|-supereffective|p1b: Sneasler
|-damage|p1b: Sneasler|0 fnt
|faint|p1b: Sneasler
|
|win|certified urgl
|raw|palle synchro's rating: 1469 → 1443(-26 for losing)
|raw|certified urgl's rating: 1358 → 1384(+26 for winning)
