|j|☆Tractie
|j|☆zampe96
|html|Tractiezampe96    
|uhtml|bestof|Game 2 of a best-of-3
|t:|1757182060
|gametype|doubles
|player|p1|Tractie|102|1222
|player|p2|zampe96|102|1194
|gen|9
|tier|[Gen 9] VGC 2025 Reg H (Bo3)
|rated|
|rule|Species Clause: Limit one of each Pokémon
|rule|Item Clause: Limit 1 of each item
|clearpoke
|poke|p1|Dondozo, L50, F|
|poke|p1|Tatsugiri, L50, M|
|poke|p1|Gothitelle, L50, F|
|poke|p1|Typhlosion-Hisui, L50, F|
|poke|p1|Rillaboom, L50, F|
|poke|p1|Annihilape, L50, F|
|poke|p2|Dragapult, L50, M|
|poke|p2|Kingambit, L50, F|
|poke|p2|Gholdengo, L50|
|poke|p2|Pelipper, L50, M|
|poke|p2|Ursaluna-Bloodmoon, L50, M|
|poke|p2|Archaludon, L50, M|
|teampreview|4
|showteam|p1|Dondozo||Leftovers|Unaware|WaveCrash,OrderUp,Yawn,Protect|||F|||50|,,,,,Grass]Tatsugiri||FocusSash|Commander|DracoMeteor,MuddyWater,Taunt,Protect|||M|||50|,,,,,Ghost]Gothitelle||SitrusBerry|ShadowTag|FakeOut,Psychic,HelpingHand,Protect|||F|||50|,,,,,Water]Typhlosion-Hisui||ChoiceScarf|Blaze|Eruption,HeatWave,ShadowBall,SleepTalk|||F|||50|,,,,,Fire]Rillaboom||AssaultVest|GrassySurge|FakeOut,GrassyGlide,WoodHammer,HighHorsepower|||F|||50|,,,,,Fire]Annihilape||SafetyGoggles|Defiant|CloseCombat,FinalGambit,RageFist,Taunt|||F|||50|,,,,,Stellar
|showteam|p2|Dragapult||ChoiceBand|ClearBody|Outrage,Uturn,DragonDarts,PhantomForce|||M|||50|,,,,,Dragon]Kingambit||BlackGlasses|Defiant|Protect,SwordsDance,IronHead,KowtowCleave|||F|||50|,,,,,Fairy]Gholdengo||MetalCoat|GoodasGold|NastyPlot,Protect,MakeItRain,ShadowBall||||||50|,,,,,Steel]Pelipper||CovertCloak|Drizzle|WideGuard,Tailwind,Hurricane,WeatherBall|||M|||50|,,,,,Water]Ursaluna-Bloodmoon||LifeOrb|MindsEye|BloodMoon,HyperVoice,EarthPower,VacuumWave|||M|||50|,,,,,Normal]Archaludon||Leftovers|Stamina|BodyPress,Protect,DragonPulse,ElectroShot|||M|||50|,,,,,Grass
|inactive|Battle timer is ON: inactive players will automatically lose when time's up. (requested by Tractie)
|inactive|Tractie has 60 seconds left.
|inactive|zampe96 has 60 seconds left.
|inactive|Tractie has 30 seconds left.
|
|t:|1757182122
|teamsize|p1|4
|teamsize|p2|4
|start
|switch|p1a: Typhlosion|Typhlosion-Hisui, L50, F|100/100
|switch|p1b: Dondozo|Dondozo, L50, F|100/100
|switch|p2a: Dragapult|Dragapult, L50, M|100/100
|switch|p2b: Archaludon|Archaludon, L50, M|100/100
|turn|1
|inactive|Tractie has 30 seconds left.
|inactive|zampe96 has 30 seconds left.
|inactive|Tractie has 20 seconds left.
|inactive|zampe96 has 20 seconds left.
|
|t:|1757182161
|move|p2b: Archaludon|Protect|p2b: Archaludon
|-singleturn|p2b: Archaludon|Protect
|move|p1b: Dondozo|Protect|p1b: Dondozo
|-singleturn|p1b: Dondozo|Protect
|move|p1a: Typhlosion|Shadow Ball|p2a: Dragapult
|-supereffective|p2a: Dragapult
|-damage|p2a: Dragapult|0 fnt
|faint|p2a: Dragapult
|
|upkeep
|
|t:|1757182170
|switch|p2a: Kingambit|Kingambit, L50, F|100/100
|turn|2
|
|t:|1757182190
|switch|p1a: Tatsugiri|Tatsugiri, L50, M|100/100
|-activate|p1a: Tatsugiri|ability: Commander|[of] p1b: Dondozo
|-boost|p1b: Dondozo|atk|2
|-boost|p1b: Dondozo|spa|2
|-boost|p1b: Dondozo|spe|2
|-boost|p1b: Dondozo|def|2
|-boost|p1b: Dondozo|spd|2
|switch|p2a: Pelipper|Pelipper, L50, M|100/100
|-weather|RainDance|[from] ability: Drizzle|[of] p2a: Pelipper
|-terastallize|p1b: Dondozo|Grass
|move|p1b: Dondozo|Order Up|p2b: Archaludon
|-damage|p2b: Archaludon|70/100
|-ability|p2b: Archaludon|Stamina|boost
|-boost|p2b: Archaludon|def|1
|-boost|p1b: Dondozo|atk|1
|move|p2b: Archaludon|Electro Shot||[still]
|-prepare|p2b: Archaludon|Electro Shot
|-boost|p2b: Archaludon|spa|1
|-anim|p2b: Archaludon|Electro Shot|p1b: Dondozo
|-resisted|p1b: Dondozo
|-damage|p1b: Dondozo|91/100
|
|-weather|RainDance|[upkeep]
|-heal|p1b: Dondozo|97/100|[from] item: Leftovers
|-heal|p2b: Archaludon|76/100|[from] item: Leftovers
|upkeep
|turn|3
|inactive|Tractie has 30 seconds left.
|inactive|zampe96 has 30 seconds left.
|inactive|zampe96 has 20 seconds left.
|
|t:|1757182228
|move|p1b: Dondozo|Order Up|p2a: Pelipper
|-crit|p2a: Pelipper
|-damage|p2a: Pelipper|32/100
|-boost|p1b: Dondozo|atk|1
|move|p2b: Archaludon|Dragon Pulse|p1b: Dondozo
|-damage|p1b: Dondozo|78/100
|move|p2a: Pelipper|Tailwind|p2a: Pelipper
|-sidestart|p2: zampe96|move: Tailwind
|
|-weather|RainDance|[upkeep]
|-heal|p2b: Archaludon|82/100|[from] item: Leftovers
|-heal|p1b: Dondozo|84/100|[from] item: Leftovers
|upkeep
|turn|4
|
|t:|1757182243
|move|p2b: Archaludon|Dragon Pulse|p1b: Dondozo
|-damage|p1b: Dondozo|67/100
|move|p2a: Pelipper|Hurricane|p1b: Dondozo
|-supereffective|p1b: Dondozo
|-damage|p1b: Dondozo|37/100
|-start|p1b: Dondozo|confusion
|-activate|p1b: Dondozo|confusion
|move|p1b: Dondozo|Wave Crash|p2a: Pelipper
|-resisted|p2a: Pelipper
|-damage|p2a: Pelipper|0 fnt
|faint|p2a: Pelipper
|-damage|p1b: Dondozo|29/100|[from] Recoil
|
|-weather|RainDance|[upkeep]
|-heal|p2b: Archaludon|88/100|[from] item: Leftovers
|-heal|p1b: Dondozo|35/100|[from] item: Leftovers
|upkeep
|
|t:|1757182252
|switch|p2a: Kingambit|Kingambit, L50, F|100/100
|turn|5
|
|t:|1757182275
|-activate|p1b: Dondozo|confusion
|move|p1b: Dondozo|Protect|p1b: Dondozo
|-singleturn|p1b: Dondozo|Protect
|move|p2b: Archaludon|Dragon Pulse|p1b: Dondozo
|-activate|p1b: Dondozo|move: Protect
|move|p2a: Kingambit|Kowtow Cleave|p1b: Dondozo
|-activate|p1b: Dondozo|move: Protect
|
|-weather|RainDance|[upkeep]
|-heal|p2b: Archaludon|94/100|[from] item: Leftovers
|-heal|p1b: Dondozo|42/100|[from] item: Leftovers
|upkeep
|turn|6
|inactive|Tractie has 30 seconds left.
|
|t:|1757182300
|move|p2b: Archaludon|Dragon Pulse|p1b: Dondozo
|-crit|p1b: Dondozo
|-damage|p1b: Dondozo|0 fnt
|faint|p1b: Dondozo
|move|p2a: Kingambit|Kowtow Cleave|p1a: Tatsugiri
|-damage|p1a: Tatsugiri|10/100
|
|-weather|none
|-heal|p2b: Archaludon|99/100|[from] item: Leftovers
|-sideend|p2: zampe96|move: Tailwind
|upkeep
|
|t:|1757182313
|switch|p1b: Annihilape|Annihilape, L50, F|100/100
|turn|7
|inactive|Tractie has 30 seconds left.
|inactive|Tractie has 20 seconds left.
|inactive|Tractie has 15 seconds left.
|inactive|Tractie has 10 seconds left.
|
|t:|1757182362
|-terastallize|p2a: Kingambit|Fairy
|move|p1b: Annihilape|Close Combat|p2a: Kingambit
|-resisted|p2a: Kingambit
|-damage|p2a: Kingambit|84/100
|-unboost|p1b: Annihilape|def|1
|-unboost|p1b: Annihilape|spd|1
|move|p1a: Tatsugiri|Muddy Water|p2a: Kingambit|[spread] 
|-miss|p1a: Tatsugiri|p2a: Kingambit
|-miss|p1a: Tatsugiri|p2b: Archaludon
|move|p2b: Archaludon|Dragon Pulse|p1b: Annihilape
|-damage|p1b: Annihilape|18/100
|move|p2a: Kingambit|Kowtow Cleave|p1b: Annihilape
|-damage|p1b: Annihilape|0 fnt
|faint|p1b: Annihilape
|
|-heal|p2b: Archaludon|100/100|[from] item: Leftovers
|upkeep
|
|t:|1757182378
|switch|p1b: Typhlosion|Typhlosion-Hisui, L50, F|100/100
|turn|8
|
|t:|1757182390
|move|p1b: Typhlosion|Eruption|p2b: Archaludon|[spread] p2a,p2b
|-damage|p2a: Kingambit|35/100
|-damage|p2b: Archaludon|26/100
|-ability|p2b: Archaludon|Stamina|boost
|-boost|p2b: Archaludon|def|1
|move|p1a: Tatsugiri|Draco Meteor|p2b: Archaludon
|-crit|p2b: Archaludon
|-damage|p2b: Archaludon|0 fnt
|-unboost|p1a: Tatsugiri|spa|2
|faint|p2b: Archaludon
|move|p2a: Kingambit|Kowtow Cleave|p1b: Typhlosion
|-supereffective|p1b: Typhlosion
|-damage|p1b: Typhlosion|0 fnt
|faint|p1b: Typhlosion
|
|upkeep
|turn|9
|
|t:|1757182405
|move|p1a: Tatsugiri|Muddy Water|p2a: Kingambit
|-damage|p2a: Kingambit|18/100
|-unboost|p2a: Kingambit|accuracy|1
|-ability|p2a: Kingambit|Defiant|boost
|-boost|p2a: Kingambit|atk|2
|move|p2a: Kingambit|Kowtow Cleave|p1a: Tatsugiri
|-damage|p1a: Tatsugiri|0 fnt
|faint|p1a: Tatsugiri
|
|win|zampe96
|raw|Tractie's rating: 1222 → 1195(-27 for losing)
|raw|zampe96's rating: 1194 → 1221(+27 for winning)
