|j|☆RrrrrMemes9
|j|☆chargem13
|html|RrrrrMemes9chargem13    
|uhtml|bestof|Game 1 of a best-of-3
|t:|1782249552
|gametype|doubles
|player|p1|RrrrrMemes9|n|
|player|p2|chargem13|iris|
|gen|9
|tier|[Gen 9 Champions] VGC 2026 Reg M-B (Bo3)
|rule|Species Clause: Limit one of each Pokémon
|rule|Item Clause: Limit 1 of each item
|clearpoke
|poke|p1|Farigiraf, L50, F|
|poke|p1|Swampert, L50, M|
|poke|p1|Gourgeist-Super, L50, M, shiny|
|poke|p1|Dragalge, L50, M|
|poke|p1|Hatterene, L50, F, shiny|
|poke|p1|Garganacl, L50, F, shiny|
|poke|p2|Pyroar, L50, M, shiny|
|poke|p2|Torkoal, L50, M, shiny|
|poke|p2|Kingambit, L50, M|
|poke|p2|Dragonite, L50, F|
|poke|p2|Mimikyu, L50, M|
|poke|p2|Sneasler, L50, F, shiny|
|teampreview|4
|showteam|p1|Farigiraf||SitrusBerry|SapSipper|TrickRoom,AllySwitch,DazzlingGleam,Protect|Sassy||F|||50|]Swampert||Swampertite|Torrent|WaveCrash,FlipTurn,SmackDown,Earthquake|Brave||M|||50|]Gourgeist-Super||ScopeLens|Pickup|TrickRoom,LeechSeed,RockSlide,FoulPlay|Relaxed||M|||50|]Dragalge||Dragalgite|Adaptability|DracoMeteor,SludgeWave,Toxic,FlipTurn|Calm||M|||50|]Hatterene||LightClay|MagicBounce|TrickRoom,LightScreen,Reflect,DazzlingGleam|Sassy||F|||50|]Garganacl||Leftovers|PurifyingSalt|StealthRock,SaltCure,Recover,Protect|Relaxed||F|||50|
|showteam|p2|Pyroar||Pyroarite|Moxie|Overheat,HeatWave,SolarBeam,Protect|Modest||M|||50|]Torkoal||HeatRock|Drought|Eruption,WeatherBall,HelpingHand,Yawn|Quiet||M|||50|]Kingambit||BlackGlasses|Defiant|KowtowCleave,SuckerPunch,LowKick,Protect|Brave||M|||50|]Dragonite||Dragoninite|Multiscale|DragonPulse,Flamethrower,Tailwind,Protect|Modest||F|||50|]Mimikyu||LifeOrb|Disguise|PlayRough,ShadowSneak,TrickRoom,SwordsDance|Adamant||M|||50|]Sneasler||FocusSash|PoisonTouch|DireClaw,CloseCombat,FakeOut,Feint|Jolly||F|||50|
|
|t:|1782249593
|teamsize|p1|4
|teamsize|p2|4
|start
|switch|p1a: Witchy|Hatterene, L50, F, shiny|100/100
|switch|p1b: Bear 2.0|Garganacl, L50, F, shiny|100/100
|switch|p2a: Larper|Mimikyu, L50, M|100/100
|switch|p2b: Pharaoh|Sneasler, L50, F, shiny|100/100
|turn|1
|
|t:|1782249666
|move|p2b: Pharaoh|Dire Claw|p1a: Witchy
|-supereffective|p1a: Witchy|1
|-damage|p1a: Witchy|1/100
|-status|p1a: Witchy|par
|move|p2a: Larper|Swords Dance|p2a: Larper
|-boost|p2a: Larper|atk|2
|move|p1b: Bear 2.0|Salt Cure|p2a: Larper
|-activate|p2a: Larper|ability: Disguise
|-damage|p2a: Larper|100/100
|-start|p2a: Larper|Salt Cure
|detailschange|p2a: Larper|Mimikyu-Busted, L50, M
|-damage|p2a: Larper|87/100|[from] pokemon: Mimikyu-Busted
|move|p1a: Witchy|Trick Room|p1a: Witchy
|-fieldstart|move: Trick Room|[of] p1a: Witchy
|
|-damage|p2a: Larper|81/100|[from] Salt Cure
|upkeep
|turn|2
|
|t:|1782249693
|move|p2a: Larper|Shadow Sneak|p1a: Witchy
|-supereffective|p1a: Witchy|1
|-damage|p1a: Witchy|0 fnt
|faint|p1a: Witchy
|-damage|p2a: Larper|71/100|[from] item: Life Orb
|move|p1b: Bear 2.0|Salt Cure|p2b: Pharaoh
|-resisted|p2b: Pharaoh|1
|-damage|p2b: Pharaoh|87/100
|-start|p2b: Pharaoh|Salt Cure
|move|p2b: Pharaoh|Close Combat|p1b: Bear 2.0
|-supereffective|p1b: Bear 2.0|1
|-damage|p1b: Bear 2.0|39/100
|-unboost|p2b: Pharaoh|def|1
|-unboost|p2b: Pharaoh|spd|1
|
|-heal|p1b: Bear 2.0|44/100|[from] item: Leftovers
|-damage|p2a: Larper|65/100|[from] Salt Cure
|-damage|p2b: Pharaoh|82/100|[from] Salt Cure
|upkeep
|
|t:|1782249706
|switch|p1a: Cork|Farigiraf, L50, F|100/100
|turn|3
|
|t:|1782249726
|move|p1a: Cork|Protect|p1a: Cork
|-singleturn|p1a: Cork|Protect
|move|p1b: Bear 2.0|Recover|p1b: Bear 2.0
|-heal|p1b: Bear 2.0|95/100
|move|p2a: Larper|Play Rough|p1b: Bear 2.0
|-damage|p1b: Bear 2.0|42/100
|-damage|p2a: Larper|55/100|[from] item: Life Orb
|move|p2b: Pharaoh|Dire Claw|p1a: Cork
|-activate|p1a: Cork|move: Protect
|
|-heal|p1b: Bear 2.0|48/100|[from] item: Leftovers
|-damage|p2a: Larper|49/100|[from] Salt Cure
|-damage|p2b: Pharaoh|76/100|[from] Salt Cure
|upkeep
|turn|4
|
|t:|1782249757
|move|p1b: Bear 2.0|Stealth Rock|p2a: Larper
|-sidestart|p2: chargem13|move: Stealth Rock
|move|p1a: Cork|Dazzling Gleam|p2b: Pharaoh|[spread] p2a,p2b
|-damage|p2a: Larper|33/100
|-damage|p2b: Pharaoh|44/100
|move|p2a: Larper|Play Rough|p1b: Bear 2.0
|-damage|p1b: Bear 2.0|0 fnt
|faint|p1b: Bear 2.0
|-damage|p2a: Larper|23/100|[from] item: Life Orb
|move|p2b: Pharaoh|Dire Claw|p1a: Cork
|-damage|p1a: Cork|59/100
|-status|p1a: Cork|psn|[from] ability: Poison Touch|[of] p2b: Pharaoh
|
|-damage|p1a: Cork|46/100 psn|[from] psn
|-damage|p2a: Larper|17/100|[from] Salt Cure
|-damage|p2b: Pharaoh|38/100|[from] Salt Cure
|upkeep
|-enditem|p1a: Cork|Sitrus Berry|[eat]
|-heal|p1a: Cork|71/100 psn|[from] item: Sitrus Berry
|
|t:|1782249765
|switch|p1b: Akachi|Swampert, L50, M|100/100
|turn|5
|
|t:|1782249829
|detailschange|p1b: Akachi|Swampert-Mega, L50, M
|-mega|p1b: Akachi|Swampert|Swampertite
|move|p1a: Cork|Ally Switch|p1a: Cork
|swap|p1a: Cork|1|[from] move: Ally Switch
|move|p2a: Larper|Shadow Sneak|p1b: Cork
|-immune|p1b: Cork
|move|p1a: Akachi|Wave Crash|p2b: Pharaoh
|-damage|p2b: Pharaoh|0 fnt
|faint|p2b: Pharaoh
|-damage|p1a: Akachi|90/100|[from] Recoil
|
|-damage|p1b: Cork|59/100 psn|[from] psn
|-damage|p2a: Larper|11/100|[from] Salt Cure
|-fieldend|move: Trick Room
|upkeep
|
|t:|1782249845
|switch|p2b: Kongwe|Torkoal, L50, M, shiny|100/100
|-damage|p2b: Kongwe|75/100|[from] Stealth Rock
|-weather|SunnyDay|[from] ability: Drought|[of] p2b: Kongwe
|turn|6
|
|t:|1782249904
|move|p2a: Larper|Play Rough|p1a: Akachi
|-damage|p1a: Akachi|4/100
|-unboost|p1a: Akachi|atk|1
|-damage|p2a: Larper|1/100|[from] item: Life Orb
|move|p1a: Akachi|Wave Crash|p2b: Kongwe
|-supereffective|p2b: Kongwe|1
|-damage|p2b: Kongwe|33/100
|-damage|p1a: Akachi|0 fnt|[from] Recoil
|faint|p1a: Akachi
|move|p2b: Kongwe|Yawn||[still]
|-fail|p2b: Kongwe
|move|p1b: Cork|Trick Room|p1b: Cork
|-fieldstart|move: Trick Room|[of] p1b: Cork
|
|-weather|SunnyDay|[upkeep]
|-damage|p1b: Cork|46/100 psn|[from] psn
|-damage|p2a: Larper|0 fnt|[from] Salt Cure
|faint|p2a: Larper
|upkeep
|
|t:|1782249925
|switch|p2a: Mufasa|Pyroar, L50, M, shiny|100/100
|-damage|p2a: Mufasa|75/100|[from] Stealth Rock
|turn|7
|
|t:|1782249959
|detailschange|p2a: Mufasa|Pyroar-Mega, L50, M, shiny
|-mega|p2a: Mufasa|Pyroar|Pyroarite
|move|p1b: Cork|Protect|p1b: Cork
|-singleturn|p1b: Cork|Protect
|move|p2b: Kongwe|Weather Ball|p1b: Cork
|-activate|p1b: Cork|move: Protect
|move|p2a: Mufasa|Heat Wave|p1b: Cork
|-activate|p1b: Cork|move: Protect
|
|-weather|SunnyDay|[upkeep]
|-damage|p1b: Cork|34/100 psn|[from] psn
|upkeep
|turn|8
|
|t:|1782249979
|move|p2b: Kongwe|Weather Ball|p1b: Cork
|-damage|p1b: Cork|0 fnt
|faint|p1b: Cork
|
|win|chargem13
||RrrrrMemes9 is ready for game 2.
||chargem13 is ready for game 2.
|uhtml|next|Next: Game 2 of 3
|l|☆RrrrrMemes9
|player|p1|
