|j|☆Xfede77
|j|☆ZachWeedFanClub
|html|Xfede77ZachWeedFanClub    
|uhtml|bestof|Game 2 of a best-of-3
|t:|1757174260
|gametype|doubles
|player|p1|Xfede77|giovanni|1119
|player|p2|ZachWeedFanClub|gambler|1189
|gen|9
|tier|[Gen 9] VGC 2025 Reg H (Bo3)
|rated|
|rule|Species Clause: Limit one of each Pokémon
|rule|Item Clause: Limit 1 of each item
|clearpoke
|poke|p1|Gothitelle, L50, F|
|poke|p1|Kingdra, L50, F|
|poke|p1|Politoed, L50, M|
|poke|p1|Archaludon, L50, M|
|poke|p1|Incineroar, L50, M|
|poke|p1|Amoonguss, L50, M|
|poke|p2|Ursaluna, L50, M|
|poke|p2|Amoonguss, L50, F|
|poke|p2|Porygon2, L50|
|poke|p2|Incineroar, L50, F|
|poke|p2|Gholdengo, L50|
|poke|p2|Mienshao, L50, M|
|teampreview|4
|showteam|p1|Gothitelle||SitrusBerry|ShadowTag|FakeOut,Psychic,TrickRoom,Protect|||F|||50|,,,,,Dark]Kingdra||LifeOrb|SwiftSwim|WeatherBall,MuddyWater,Protect,DracoMeteor|||F|||50|,,,,,Stellar]Politoed||Leftovers|Drizzle|WeatherBall,Protect,PerishSong,Encore|||M|||50|,,,,,Grass]Archaludon||PowerHerb|Stamina|ElectroShot,Protect,DragonPulse,FlashCannon|||M|||50|,,,,,Electric]Incineroar||SafetyGoggles|Intimidate|FakeOut,KnockOff,PartingShot,Protect|||M|||50|,,,,,Ghost]Amoonguss||EjectButton|Regenerator|Protect,RagePowder,Spore,PollenPuff|||M|||50|,,,,,Fairy
|showteam|p2|Ursaluna||FlameOrb|Guts|Protect,Facade,HeadlongRush,Substitute|||M|||50|,,,,,Ghost]Amoonguss||CovertCloak|Regenerator|RagePowder,Protect,PollenPuff,Spore|||F|||50|,,,,,Electric]Porygon2||Eviolite|Download|Recover,TeraBlast,IceBeam,TrickRoom||||||50|,,,,,Fighting]Incineroar||SafetyGoggles|Intimidate|PartingShot,FlareBlitz,KnockOff,FakeOut|||F|||50|,,,,,Bug]Gholdengo||LifeOrb|GoodasGold|Protect,MakeItRain,ShadowBall,NastyPlot||||||50|,,,,,Water]Mienshao||FocusSash|InnerFocus|CloseCombat,KnockOff,IceSpinner,WideGuard|||M|||50|,,,,,Stellar
|inactive|Battle timer is ON: inactive players will automatically lose when time's up. (requested by ZachWeedFanClub)
|
|t:|1757174276
|teamsize|p1|4
|teamsize|p2|4
|start
|switch|p1a: Archaludon|Archaludon, L50, M|100/100
|switch|p1b: Politoed|Politoed, L50, M, shiny|100/100
|switch|p2a: Incineroar|Incineroar, L50, F, shiny|100/100
|switch|p2b: Gholdengo|Gholdengo, L50, shiny|100/100
|-ability|p2a: Incineroar|Intimidate|boost
|-unboost|p1a: Archaludon|atk|1
|-unboost|p1b: Politoed|atk|1
|-weather|RainDance|[from] ability: Drizzle|[of] p1b: Politoed
|turn|1
|
|t:|1757174288
|switch|p1b: Kingdra|Kingdra, L50, F|100/100
|move|p1a: Archaludon|Protect|p1a: Archaludon
|-singleturn|p1a: Archaludon|Protect
|move|p2b: Gholdengo|Protect|p2b: Gholdengo
|-singleturn|p2b: Gholdengo|Protect
|move|p2a: Incineroar|Parting Shot|p1a: Archaludon
|-activate|p1a: Archaludon|move: Protect
|
|-weather|RainDance|[upkeep]
|upkeep
|turn|2
|
|t:|1757174301
|-terastallize|p2a: Incineroar|Bug
|move|p1b: Kingdra|Muddy Water|p2a: Incineroar|[spread] p2a,p2b
|-crit|p2a: Incineroar
|-damage|p2a: Incineroar|4/100
|-damage|p2b: Gholdengo|35/100
|-damage|p1b: Kingdra|91/100|[from] item: Life Orb
|move|p1a: Archaludon|Electro Shot||[still]
|-prepare|p1a: Archaludon|Electro Shot
|-boost|p1a: Archaludon|spa|1
|-anim|p1a: Archaludon|Electro Shot|p2b: Gholdengo
|-damage|p2b: Gholdengo|0 fnt
|faint|p2b: Gholdengo
|move|p2a: Incineroar|Parting Shot|p1a: Archaludon
|-unboost|p1a: Archaludon|atk|1
|-unboost|p1a: Archaludon|spa|1
|
|t:|1757174313
|switch|p2a: Porygon2|Porygon2, L50, shiny|100/100|[from] Parting Shot
|-ability|p2a: Porygon2|Download|boost
|-boost|p2a: Porygon2|spa|1
|
|-weather|RainDance|[upkeep]
|upkeep
|
|t:|1757174314
|switch|p2b: Incineroar|Incineroar, L50, F, shiny, tera:Bug|4/100
|-ability|p2b: Incineroar|Intimidate|boost
|-unboost|p1a: Archaludon|atk|1
|-unboost|p1b: Kingdra|atk|1
|turn|3
|
|t:|1757174327
|move|p2b: Incineroar|Fake Out|p1b: Kingdra
|-damage|p1b: Kingdra|75/100
|cant|p1b: Kingdra|flinch
|move|p1a: Archaludon|Electro Shot||[still]
|-prepare|p1a: Archaludon|Electro Shot
|-boost|p1a: Archaludon|spa|1
|-anim|p1a: Archaludon|Electro Shot|p2a: Porygon2
|-damage|p2a: Porygon2|60/100
|move|p2a: Porygon2|Trick Room|p2a: Porygon2
|-fieldstart|move: Trick Room|[of] p2a: Porygon2
|
|-weather|RainDance|[upkeep]
|upkeep
|turn|4
|
|t:|1757174342
|move|p2a: Porygon2|Tera Blast|p1b: Kingdra
|-damage|p1b: Kingdra|13/100
|move|p2b: Incineroar|Parting Shot|p1b: Kingdra
|-unboost|p1b: Kingdra|atk|1
|-unboost|p1b: Kingdra|spa|1
|
|t:|1757174344
|switch|p2b: Ursaluna|Ursaluna, L50, M, shiny|100/100|[from] Parting Shot
|move|p1a: Archaludon|Electro Shot||[still]
|-prepare|p1a: Archaludon|Electro Shot
|-boost|p1a: Archaludon|spa|1
|-anim|p1a: Archaludon|Electro Shot|p2a: Porygon2
|-damage|p2a: Porygon2|9/100
|move|p1b: Kingdra|Muddy Water|p2b: Ursaluna|[spread] p2b
|-miss|p1b: Kingdra|p2a: Porygon2
|-supereffective|p2b: Ursaluna
|-damage|p2b: Ursaluna|27/100
|-damage|p1b: Kingdra|3/100|[from] item: Life Orb
|
|-weather|RainDance|[upkeep]
|-status|p2b: Ursaluna|brn|[from] item: Flame Orb
|upkeep
|turn|5
|inactive|Xfede77 has 30 seconds left.
|
|t:|1757174373
|switch|p1b: Incineroar|Incineroar, L50, M|100/100
|-ability|p1b: Incineroar|Intimidate|boost
|-unboost|p2a: Porygon2|atk|1
|-unboost|p2b: Ursaluna|atk|1
|move|p1a: Archaludon|Protect|p1a: Archaludon
|-singleturn|p1a: Archaludon|Protect
|move|p2b: Ursaluna|Headlong Rush|p1a: Archaludon
|-activate|p1a: Archaludon|move: Protect
|move|p2a: Porygon2|Tera Blast|p1b: Incineroar
|-damage|p1b: Incineroar|66/100
|
|-weather|none
|-damage|p2b: Ursaluna|21/100 brn|[from] brn
|upkeep
|turn|6
|
|t:|1757174395
|switch|p2b: Incineroar|Incineroar, L50, F, shiny, tera:Bug|4/100
|-ability|p2b: Incineroar|Intimidate|boost
|-unboost|p1a: Archaludon|atk|1
|-unboost|p1b: Incineroar|atk|1
|move|p1b: Incineroar|Fake Out|p2b: Incineroar
|-damage|p2b: Incineroar|0 fnt
|faint|p2b: Incineroar
|move|p2a: Porygon2|Recover|p2a: Porygon2
|-heal|p2a: Porygon2|59/100
|move|p1a: Archaludon|Dragon Pulse|p2a: Porygon2
|-damage|p2a: Porygon2|9/100
|
|upkeep
|
|t:|1757174400
|switch|p2b: Ursaluna|Ursaluna, L50, M, shiny|21/100 brn
|turn|7
|
|t:|1757174410
|move|p1b: Incineroar|Protect|p1b: Incineroar
|-singleturn|p1b: Incineroar|Protect
|move|p1a: Archaludon|Protect|p1a: Archaludon
|-singleturn|p1a: Archaludon|Protect
|move|p2b: Ursaluna|Facade|p1b: Incineroar
|-activate|p1b: Incineroar|move: Protect
|move|p2a: Porygon2|Recover|p2a: Porygon2
|-heal|p2a: Porygon2|59/100
|
|-damage|p2b: Ursaluna|15/100 brn|[from] brn
|-fieldend|move: Trick Room
|upkeep
|turn|8
|
|t:|1757174424
|move|p1a: Archaludon|Dragon Pulse|p2a: Porygon2
|-damage|p2a: Porygon2|4/100
|move|p1b: Incineroar|Knock Off|p2a: Porygon2
|-damage|p2a: Porygon2|0 fnt
|-enditem|p2a: Porygon2|Eviolite|[from] move: Knock Off|[of] p1b: Incineroar
|faint|p2a: Porygon2
|move|p2b: Ursaluna|Headlong Rush|p1a: Archaludon
|-supereffective|p1a: Archaludon
|-damage|p1a: Archaludon|0 fnt
|-unboost|p2b: Ursaluna|def|1
|-unboost|p2b: Ursaluna|spd|1
|faint|p1a: Archaludon
|
|-damage|p2b: Ursaluna|9/100 brn|[from] brn
|upkeep
|-message|ZachWeedFanClub forfeited.
|
|win|Xfede77
||ZachWeedFanClub is ready for game 3.
||Xfede77 is ready for game 3.
|uhtml|next|Next: Game 3 of 3
