|j|☆uglybeast
|j|☆Gambling42699
|html|uglybeastGambling42699    
|uhtml|bestof|Game 2 of a best-of-3
|t:|1754851603
|gametype|doubles
|player|p1|uglybeast|lucas|1160
|player|p2|Gambling42699|giovanni|1384
|gen|9
|tier|[Gen 9] VGC 2025 Reg H (Bo3)
|rated|
|rule|Species Clause: Limit one of each Pokémon
|rule|Item Clause: Limit 1 of each item
|clearpoke
|poke|p1|Volcarona, L50, F|
|poke|p1|Samurott-Hisui, L50, M|
|poke|p1|Gholdengo, L50|
|poke|p1|Sneasler, L50, F|
|poke|p1|Ursaluna-Bloodmoon, L50, M|
|poke|p1|Indeedee, L50, M|
|poke|p2|Smeargle, L50, F|
|poke|p2|Ursaluna-Bloodmoon, L50, M|
|poke|p2|Maushold-Four, L50|
|poke|p2|Annihilape, L50, M|
|poke|p2|Klefki, L50, M|
|poke|p2|Sinistcha-Masterpiece, L50|
|teampreview|4
|showteam|p1|Volcarona||SitrusBerry|FlameBody|FieryDance,StruggleBug,Tailwind,RagePowder|||F|||50|,,,,,Dragon]Samurott-Hisui||AssaultVest|Sharpness|AquaCutter,SacredSword,SuckerPunch,FlipTurn|||M|||50|,,,,,Poison]Gholdengo||Leftovers|GoodasGold|MakeItRain,ShadowBall,NastyPlot,Protect||||||50|,,,,,Water]Sneasler||PsychicSeed|Unburden|DireClaw,CloseCombat,ThroatChop,Protect|||F|||50|,,,,,Dark]Ursaluna-Bloodmoon||LifeOrb|MindsEye|BloodMoon,HyperVoice,EarthPower,Protect|||M|||50|,,,,,Normal]Indeedee||FocusSash|PsychicSurge|ExpandingForce,TeraBlast,Imprison,TrickRoom|||M|||50|,,,,,Fighting
|showteam|p2|Smeargle||FocusSash|Moody|Decorate,Spore,FollowMe,WaterShuriken|||F|||50|,,,,,Grass]Ursaluna-Bloodmoon||AssaultVest|MindsEye|BloodMoon,EarthPower,HyperVoice,VacuumWave|||M|||50|,,,,,Water]Maushold-Four||SafetyGoggles|FriendGuard|BeatUp,Taunt,FollowMe,Protect||||||50|,,,,,Ghost]Annihilape||Leftovers|Defiant|DrainPunch,RageFist,BulkUp,Protect|||M|||50|,,,,,Fire]Klefki||LightClay|Prankster|DazzlingGleam,Reflect,LightScreen,MistyTerrain|||M|||50|,,,,,Ghost]Sinistcha-Masterpiece||SitrusBerry|Hospitality|MatchaGotcha,RagePowder,LifeDew,TrickRoom||||||50|,,,,,Water
|
|t:|1754851668
|teamsize|p1|4
|teamsize|p2|4
|start
|switch|p1a: Job Application|Indeedee, L50, M, shiny|100/100
|switch|p1b: Diva|Sneasler, L50, F, shiny|100/100
|switch|p2a: Ursaluna|Ursaluna-Bloodmoon, L50, M|100/100
|switch|p2b: Maushold|Maushold-Four, L50|100/100
|-fieldstart|move: Psychic Terrain|[from] ability: Psychic Surge|[of] p1a: Job Application
|-enditem|p1b: Diva|Psychic Seed
|-boost|p1b: Diva|spd|1|[from] item: Psychic Seed
|turn|1
|
|t:|1754851725
|-terastallize|p2a: Ursaluna|Water
|move|p1b: Diva|Protect|p1b: Diva
|-singleturn|p1b: Diva|Protect
|move|p2b: Maushold|Protect|p2b: Maushold
|-singleturn|p2b: Maushold|Protect
|move|p1a: Job Application|Expanding Force|p2a: Ursaluna|[spread] p2a
|-activate|p2b: Maushold|move: Protect
|-damage|p2a: Ursaluna|75/100
|move|p2a: Ursaluna|Hyper Voice|p1b: Diva|[spread] p1a
|-activate|p1b: Diva|move: Protect
|-damage|p1a: Job Application|47/100
|
|upkeep
|turn|2
|
|t:|1754851749
|switch|p2b: Klefki|Klefki, L50, M|100/100
|move|p1b: Diva|Close Combat|p2b: Klefki
|-damage|p2b: Klefki|38/100
|-unboost|p1b: Diva|def|1
|-unboost|p1b: Diva|spd|1
|move|p1a: Job Application|Expanding Force|p2a: Ursaluna|[spread] p2a,p2b
|-resisted|p2b: Klefki
|-damage|p2a: Ursaluna|39/100
|-damage|p2b: Klefki|8/100
|move|p2a: Ursaluna|Hyper Voice|p1b: Diva|[spread] p1a,p1b
|-damage|p1a: Job Application|0 fnt
|-damage|p1b: Diva|56/100
|faint|p1a: Job Application
|
|upkeep
|
|t:|1754851775
|switch|p1a: Sangria|Ursaluna-Bloodmoon, L50, M|100/100
|turn|3
|
|t:|1754851796
|switch|p2a: Annihilape|Annihilape, L50, M|100/100
|-terastallize|p1a: Sangria|Normal
|move|p2b: Klefki|Light Screen|p2b: Klefki
|-sidestart|p2: Gambling42699|move: Light Screen
|move|p1b: Diva|Dire Claw|p2a: Annihilape
|-resisted|p2a: Annihilape
|-damage|p2a: Annihilape|77/100
|move|p1a: Sangria|Hyper Voice|p2a: Annihilape|[spread] p2a,p2b
|-resisted|p2b: Klefki
|-damage|p2a: Annihilape|36/100
|-damage|p2b: Klefki|0 fnt
|faint|p2b: Klefki
|-damage|p1a: Sangria|91/100|[from] item: Life Orb
|
|-heal|p2a: Annihilape|42/100|[from] item: Leftovers
|upkeep
|
|t:|1754851819
|switch|p2b: Ursaluna|Ursaluna-Bloodmoon, L50, M, tera:Water|39/100
|turn|4
|
|t:|1754851840
|move|p2a: Annihilape|Protect|p2a: Annihilape
|-singleturn|p2a: Annihilape|Protect
|move|p1b: Diva|Throat Chop|p2a: Annihilape
|-activate|p2a: Annihilape|move: Protect
|move|p1a: Sangria|Blood Moon|p2b: Ursaluna
|-damage|p2b: Ursaluna|0 fnt
|faint|p2b: Ursaluna
|-damage|p1a: Sangria|81/100|[from] item: Life Orb
|
|-heal|p2a: Annihilape|48/100|[from] item: Leftovers
|upkeep
|
|t:|1754851850
|switch|p2b: Maushold|Maushold-Four, L50|100/100
|turn|5
|
|t:|1754851864
|move|p2b: Maushold|Protect|p2b: Maushold
|-singleturn|p2b: Maushold|Protect
|move|p1a: Sangria|Protect|p1a: Sangria
|-singleturn|p1a: Sangria|Protect
|move|p1b: Diva|Close Combat|p2b: Maushold
|-activate|p2b: Maushold|move: Protect
|move|p2a: Annihilape|Drain Punch|p1a: Sangria
|-activate|p1a: Sangria|move: Protect
|
|-heal|p2a: Annihilape|55/100|[from] item: Leftovers
|-fieldend|move: Psychic Terrain
|upkeep
|turn|6
|
|t:|1754851880
|switch|p1a: Salmonella|Volcarona, L50, F, shiny|100/100
|move|p2b: Maushold|Protect||[still]
|-fail|p2b: Maushold
|move|p1b: Diva|Close Combat|p2b: Maushold
|-supereffective|p2b: Maushold
|-damage|p2b: Maushold|0 fnt
|-unboost|p1b: Diva|def|1
|-unboost|p1b: Diva|spd|1
|faint|p2b: Maushold
|move|p2a: Annihilape|Drain Punch|p1a: Salmonella
|-resisted|p1a: Salmonella
|-damage|p1a: Salmonella|87/100
|-heal|p2a: Annihilape|61/100|[from] drain|[of] p1a: Salmonella
|
|-heal|p2a: Annihilape|67/100|[from] item: Leftovers
|upkeep
|turn|7
|
|t:|1754851902
|move|p1b: Diva|Throat Chop|p2a: Annihilape
|-crit|p2a: Annihilape
|-damage|p2a: Annihilape|21/100
|-start|p2a: Annihilape|Throat Chop|[silent]
|move|p2a: Annihilape|Bulk Up|p2a: Annihilape
|-boost|p2a: Annihilape|atk|1
|-boost|p2a: Annihilape|def|1
|move|p1a: Salmonella|Fiery Dance|p2a: Annihilape
|-damage|p2a: Annihilape|0 fnt
|faint|p2a: Annihilape
|
|win|uglybeast
|raw|uglybeast's rating: 1160 → 1199(+39 for winning)
|raw|Gambling42699's rating: 1384 → 1353(-31 for losing)
|l|☆Gambling42699
|player|p2|
|c|☆uglybeast|Gg
