|j|☆CoolHand124
|j|☆GS Barnabe
|html|CoolHand124GS Barnabe    
|uhtml|bestof|Game 1 of a best-of-3
|t:|1785936761
|gametype|doubles
|player|p1|CoolHand124|265|1000
|player|p2|GS Barnabe|1|1111
|gen|9
|tier|[Gen 9 Champions] VGC 2026 Reg M-B (Bo3)
|rated|
|rule|Species Clause: Limit one of each Pokémon
|rule|Item Clause: Limit 1 of each item
|clearpoke
|poke|p1|Heliolisk, L50, F|
|poke|p1|Sylveon, L50, M|
|poke|p1|Garchomp, L50, F|
|poke|p1|Milotic, L50, F|
|poke|p1|Charizard, L50, F|
|poke|p1|Whimsicott, L50, F|
|poke|p2|Clefable, L50, F|
|poke|p2|Tyranitar, L50, F|
|poke|p2|Garchomp, L50, M|
|poke|p2|Gholdengo, L50|
|poke|p2|Rotom-Wash, L50|
|poke|p2|Aerodactyl, L50, M|
|teampreview|4
|showteam|p1|Heliolisk||Leftovers|SolarPower|WeatherBall,Thunderbolt,GrassKnot,Protect|Timid||F|||50|]Sylveon||SitrusBerry|Pixilate|HyperBeam,HyperVoice,Protect,ShadowBall|Bold||M|||50|]Garchomp||LifeOrb|RoughSkin|Earthquake,DragonClaw,RockSlide,Protect|Jolly||F|||50|]Milotic||MysticWater|MarvelScale|Protect,RainDance,ChillingWater,IceBeam|Timid||F|||50|]Charizard||CharizarditeY|Blaze|HeatWave,Protect,WeatherBall,AirSlash|Serious||F|||50|]Whimsicott||FocusSash|Chlorophyll|Taunt,Tailwind,DazzlingGleam,SolarBeam|Serious||F|||50|
|showteam|p2|Clefable||SitrusBerry|Unaware|Moonblast,FollowMe,HealPulse,Protect|Bold||F|||50|]Tyranitar||ChoiceScarf|SandStream|RockSlide,KnockOff,IcePunch,Superpower|Jolly||F|||50|]Garchomp||Garchompite|SandVeil|DracoMeteor,EarthPower,PowerGem,Protect|Modest||M|||50|]Gholdengo||LifeOrb|GoodasGold|MakeItRain,ShadowBall,NastyPlot,Protect|Modest|||||50|]Rotom-Wash||Leftovers|Levitate|HydroPump,VoltSwitch,WillOWisp,Protect|Calm|||||50|]Aerodactyl||Aerodactylite|RockHead|RockSlide,DualWingbeat,Tailwind,Protect|Jolly||M|||50|
|inactive|Battle timer is ON: inactive players will automatically lose when time's up. (requested by CoolHand124)
|
|t:|1785936827
|teamsize|p1|4
|teamsize|p2|4
|start
|switch|p1a: Charizard|Charizard, L50, F|100/100
|switch|p1b: Whimsicott|Whimsicott, L50, F|100/100
|switch|p2a: Garchomp|Garchomp, L50, M|100/100
|switch|p2b: Rotom|Rotom-Wash, L50|100/100
|turn|1
|inactive|GS Barnabe has 30 seconds left.
|
|t:|1785936852
|detailschange|p2a: Garchomp|Garchomp-Mega, L50, M
|-mega|p2a: Garchomp|Garchomp|Garchompite
|detailschange|p1a: Charizard|Charizard-Mega-Y, L50, F
|-mega|p1a: Charizard|Charizard|Charizardite Y
|-weather|SunnyDay|[from] ability: Drought|[of] p1a: Charizard
|move|p1a: Charizard|Protect|p1a: Charizard
|-singleturn|p1a: Charizard|Protect
|move|p1b: Whimsicott|Solar Beam||[still]
|-prepare|p1b: Whimsicott|Solar Beam
|-anim|p1b: Whimsicott|Solar Beam|p2b: Rotom
|-supereffective|p2b: Rotom|1
|-damage|p2b: Rotom|23/100
|move|p2a: Garchomp|Power Gem|p1a: Charizard
|-activate|p1a: Charizard|move: Protect
|move|p2b: Rotom|Volt Switch|p1b: Whimsicott
|-resisted|p1b: Whimsicott|1
|-damage|p1b: Whimsicott|85/100
|
|t:|1785936870
|switch|p2b: Tyranitar|Tyranitar, L50, F|100/100|[from] Volt Switch
|-weather|Sandstorm|[from] ability: Sand Stream|[of] p2b: Tyranitar
|
|-weather|Sandstorm|[upkeep]
|-damage|p1b: Whimsicott|79/100|[from] Sandstorm
|-damage|p1a: Charizard|94/100|[from] Sandstorm
|upkeep
|turn|2
|inactive|GS Barnabe has 30 seconds left.
|
|t:|1785936902
|switch|p1a: Garchomp|Garchomp, L50, F|100/100
|move|p2b: Tyranitar|Ice Punch|p1b: Whimsicott
|-supereffective|p1b: Whimsicott|1
|-damage|p1b: Whimsicott|0 fnt
|faint|p1b: Whimsicott
|move|p2a: Garchomp|Power Gem|p1a: Garchomp
|-resisted|p1a: Garchomp|1
|-damage|p1a: Garchomp|79/100
|
|-weather|Sandstorm|[upkeep]
|upkeep
|
|t:|1785936925
|switch|p1b: Charizard|Charizard-Mega-Y, L50, F|94/100
|-weather|SunnyDay|[from] ability: Drought|[of] p1b: Charizard
|turn|3
|
|t:|1785936939
|move|p1b: Charizard|Protect|p1b: Charizard
|-singleturn|p1b: Charizard|Protect
|move|p2b: Tyranitar|Ice Punch|p1a: Garchomp
|-supereffective|p1a: Garchomp|2
|-damage|p1a: Garchomp|0 fnt
|-damage|p2b: Tyranitar|88/100|[from] ability: Rough Skin|[of] p1a: Garchomp
|faint|p1a: Garchomp
|move|p2a: Garchomp|Power Gem|p1b: Charizard
|-activate|p1b: Charizard|move: Protect
|
|-weather|SunnyDay|[upkeep]
|upkeep
|
|t:|1785936948
|switch|p1a: Heliolisk|Heliolisk, L50, F|100/100
|turn|4
|
|t:|1785936963
|switch|p2b: Rotom|Rotom-Wash, L50|23/100
|move|p1a: Heliolisk|Grass Knot|p2b: Rotom
|-supereffective|p2b: Rotom|1
|-damage|p2b: Rotom|5/100
|move|p2a: Garchomp|Power Gem|p1b: Charizard
|-supereffective|p1b: Charizard|2
|-damage|p1b: Charizard|0 fnt
|faint|p1b: Charizard
|
|-weather|SunnyDay|[upkeep]
|-damage|p1a: Heliolisk|87/100|[from] ability: Solar Power|[of] p1a: Heliolisk
|-heal|p1a: Heliolisk|93/100|[from] item: Leftovers
|-heal|p2b: Rotom|10/100|[from] item: Leftovers
|upkeep
|turn|5
|
|t:|1785936987
|switch|p2b: Tyranitar|Tyranitar, L50, F|88/100
|-weather|Sandstorm|[from] ability: Sand Stream|[of] p2b: Tyranitar
|move|p1a: Heliolisk|Grass Knot|p2a: Garchomp
|-damage|p2a: Garchomp|75/100
|move|p2a: Garchomp|Earth Power|p1a: Heliolisk
|-supereffective|p1a: Heliolisk|1
|-damage|p1a: Heliolisk|0 fnt
|faint|p1a: Heliolisk
|
|win|GS Barnabe
