|j|☆CavaliereIsSoPeak
|j|☆pabloblo
|html|CavaliereIsSoPeakpabloblo    
|uhtml|bestof|Game 1 of a best-of-3
|t:|1756896207
|gametype|doubles
|player|p1|CavaliereIsSoPeak|gambler|1410
|player|p2|pabloblo|guitarist|1292
|gen|9
|tier|[Gen 9] VGC 2025 Reg H (Bo3)
|rated|
|rule|Species Clause: Limit one of each Pokémon
|rule|Item Clause: Limit 1 of each item
|clearpoke
|poke|p1|Volcarona, L50, M|
|poke|p1|Rillaboom, L50, M|
|poke|p1|Sneasler, L50, F|
|poke|p1|Dragonite, L50, M|
|poke|p1|Ursaluna-Bloodmoon, L50, M|
|poke|p1|Whimsicott, L50, F|
|poke|p2|Torkoal, L50, M|
|poke|p2|Indeedee-F, L50, F|
|poke|p2|Armarouge, L50, F|
|poke|p2|Ursaluna, L50, M|
|poke|p2|Kingambit, L50, F|
|poke|p2|Maushold, L50|
|teampreview|4
|showteam|p1|Volcarona||SitrusBerry|FlameBody|HeatWave,TeraBlast,QuiverDance,Protect|||M|||50|,,,,,Fairy]Rillaboom||AssaultVest|GrassySurge|WoodHammer,GrassyGlide,FakeOut,Uturn|||M|||50|,,,,,Fire]Sneasler||FocusSash|Unburden|DireClaw,CloseCombat,ThroatChop,Protect|||F|||50|,,,,,Dark]Dragonite||LoadedDice|Multiscale|ScaleShot,ExtremeSpeed,Haze,Protect|||M|||50|,,,,,Steel]Ursaluna-Bloodmoon||LifeOrb|MindsEye|BloodMoon,HyperVoice,EarthPower,Protect|||M|||50|,,,,,Normal]Whimsicott||CovertCloak|Prankster|Moonblast,Tailwind,Encore,Taunt|||F|||50|,,,,,Poison
|showteam|p2|Torkoal||Charcoal|Drought|Eruption,Overheat,HelpingHand,Protect|||M|||50|,,,,,Fire]Indeedee-F||SafetyGoggles|PsychicSurge|FollowMe,Psychic,TrickRoom,HelpingHand|||F|||50|,,,,,Water]Armarouge||PowerHerb|FlashFire|ArmorCannon,MeteorBeam,ExpandingForce,TrickRoom|||F|||50|,,,,,Grass]Ursaluna||FlameOrb|Guts|Facade,HeadlongRush,Earthquake,Protect|||M|||50|,,,,,Ghost]Kingambit||AssaultVest|Defiant|KowtowCleave,IronHead,SuckerPunch,LowKick|||F|||50|,,,,,Flying]Maushold||WideLens|Technician|PopulationBomb,FollowMe,Taunt,Protect||||||50|,,,,,Ghost
|inactive|Battle timer is ON: inactive players will automatically lose when time's up. (requested by CavaliereIsSoPeak)
|
|t:|1756896261
|teamsize|p1|4
|teamsize|p2|4
|start
|switch|p1a: Shāhmat|Ursaluna-Bloodmoon, L50, M|100/100
|switch|p1b: Sylva|Rillaboom, L50, M|100/100
|switch|p2a: Indeedee|Indeedee-F, L50, F|100/100
|switch|p2b: Armarouge|Armarouge, L50, F|100/100
|-fieldstart|move: Grassy Terrain|[from] ability: Grassy Surge|[of] p1b: Sylva
|-fieldstart|move: Psychic Terrain|[from] ability: Psychic Surge|[of] p2a: Indeedee
|turn|1
|inactive|CavaliereIsSoPeak has 30 seconds left.
|
|t:|1756896291
|move|p2a: Indeedee|Follow Me|p2a: Indeedee
|-singleturn|p2a: Indeedee|move: Follow Me
|move|p1b: Sylva|U-turn|p2a: Indeedee
|-supereffective|p2a: Indeedee
|-damage|p2a: Indeedee|49/100
|
|t:|1756896301
|switch|p1b: D'oro|Sneasler, L50, F|100/100|[from] U-turn
|move|p1a: Shāhmat|Hyper Voice|p2a: Indeedee|[spread] p2a,p2b
|-damage|p2a: Indeedee|0 fnt
|-damage|p2b: Armarouge|46/100
|faint|p2a: Indeedee
|-damage|p1a: Shāhmat|91/100|[from] item: Life Orb
|move|p2b: Armarouge|Trick Room|p2b: Armarouge
|-fieldstart|move: Trick Room|[of] p2b: Armarouge
|
|upkeep
|inactive|pabloblo has 30 seconds left.
|
|t:|1756896336
|switch|p2a: Ursaluna|Ursaluna, L50, M|100/100
|turn|2
|inactive|pabloblo has 30 seconds left.
|
|t:|1756896369
|move|p1b: D'oro|Protect|p1b: D'oro
|-singleturn|p1b: D'oro|Protect
|move|p2a: Ursaluna|Facade|p1b: D'oro
|-activate|p1b: D'oro|move: Protect
|move|p2b: Armarouge|Meteor Beam||[still]
|-prepare|p2b: Armarouge|Meteor Beam
|-boost|p2b: Armarouge|spa|1
|-enditem|p2b: Armarouge|Power Herb
|-anim|p2b: Armarouge|Meteor Beam|p1b: D'oro
|-activate|p1b: D'oro|move: Protect
|move|p1a: Shāhmat|Earth Power|p2b: Armarouge
|-supereffective|p2b: Armarouge
|-damage|p2b: Armarouge|0 fnt
|faint|p2b: Armarouge
|-damage|p1a: Shāhmat|81/100|[from] item: Life Orb
|
|-status|p2a: Ursaluna|brn|[from] item: Flame Orb
|upkeep
|
|t:|1756896374
|switch|p2b: Kingambit|Kingambit, L50, F|100/100
|turn|3
|inactive|pabloblo has 30 seconds left.
|
|t:|1756896407
|switch|p1b: Ventus|Dragonite, L50, M|100/100
|move|p2a: Ursaluna|Facade|p1b: Ventus
|-damage|p1b: Ventus|28/100
|move|p2b: Kingambit|Kowtow Cleave|p1b: Ventus
|-damage|p1b: Ventus|0 fnt
|faint|p1b: Ventus
|move|p1a: Shāhmat|Blood Moon|p2a: Ursaluna
|-damage|p2a: Ursaluna|9/100 brn
|-damage|p1a: Shāhmat|72/100|[from] item: Life Orb
|
|-damage|p2a: Ursaluna|3/100 brn|[from] brn
|upkeep
|inactive|CavaliereIsSoPeak has 30 seconds left.
|inactive|CavaliereIsSoPeak has 20 seconds left.
|
|t:|1756896447
|switch|p1b: Sylva|Rillaboom, L50, M|100/100
|-fieldstart|move: Grassy Terrain|[from] ability: Grassy Surge|[of] p1b: Sylva
|turn|4
|
|t:|1756896471
|-terastallize|p2b: Kingambit|Flying
|move|p1b: Sylva|Grassy Glide|p2a: Ursaluna
|-supereffective|p2a: Ursaluna
|-damage|p2a: Ursaluna|0 fnt
|faint|p2a: Ursaluna
|move|p2b: Kingambit|Low Kick|p1a: Shāhmat
|-supereffective|p1a: Shāhmat
|-damage|p1a: Shāhmat|0 fnt
|faint|p1a: Shāhmat
|
|upkeep
|
|t:|1756896477
|switch|p1a: D'oro|Sneasler, L50, F|100/100
|turn|5
|
|t:|1756896490
|move|p2b: Kingambit|Iron Head|p1a: D'oro
|-damage|p1a: D'oro|17/100
|move|p1b: Sylva|Wood Hammer|p2b: Kingambit
|-resisted|p2b: Kingambit
|-damage|p2b: Kingambit|65/100
|-damage|p1b: Sylva|89/100|[from] Recoil
|cant|p1a: D'oro|flinch
|
|-heal|p1b: Sylva|95/100|[from] Grassy Terrain
|-heal|p1a: D'oro|22/100|[from] Grassy Terrain
|-fieldend|move: Trick Room
|upkeep
|turn|6
|
|t:|1756896513
|move|p2b: Kingambit|Sucker Punch|p1a: D'oro
|-resisted|p1a: D'oro
|-damage|p1a: D'oro|0 fnt
|faint|p1a: D'oro
|move|p1b: Sylva|Wood Hammer|p2b: Kingambit
|-resisted|p2b: Kingambit
|-damage|p2b: Kingambit|32/100
|-damage|p1b: Sylva|84/100|[from] Recoil
|
|-heal|p1b: Sylva|89/100|[from] Grassy Terrain
|upkeep
|turn|7
|
|t:|1756896524
|move|p1b: Sylva|Wood Hammer|p2b: Kingambit
|-resisted|p2b: Kingambit
|-damage|p2b: Kingambit|0 fnt
|faint|p2b: Kingambit
|-damage|p1b: Sylva|79/100|[from] Recoil
|
|win|CavaliereIsSoPeak
||CavaliereIsSoPeak is ready for game 2.
||pabloblo is ready for game 2.
|uhtml|next|Next: Game 2 of 3
|l|☆pabloblo
|player|p2|
