|j|☆Astano
|j|☆InvisibleFedora
|html|AstanoInvisibleFedora    
|uhtml|bestof|Game 2 of a best-of-3
|t:|1783065921
|gametype|doubles
|player|p1|Astano|265|1114
|player|p2|InvisibleFedora|266|1062
|gen|9
|tier|[Gen 9 Champions] VGC 2026 Reg M-B (Bo3)
|rated|
|rule|Species Clause: Limit one of each Pokémon
|rule|Item Clause: Limit 1 of each item
|clearpoke
|poke|p1|Swampert, L50, F|
|poke|p1|Sableye, L50, F|
|poke|p1|Archaludon, L50, M|
|poke|p1|Pelipper, L50, M|
|poke|p1|Sylveon, L50, F|
|poke|p1|Venusaur, L50, F|
|poke|p2|Snorlax, L50, F|
|poke|p2|Farigiraf, L50, M|
|poke|p2|Aegislash, L50, M|
|poke|p2|Grimmsnarl, L50, M|
|poke|p2|Arcanine-Hisui, L50, M|
|poke|p2|Altaria, L50, F|
|teampreview|4
|showteam|p1|Swampert||Swampertite|Torrent|Protect,WaveCrash,Earthquake,HighHorsepower|Adamant||F|||50|]Sableye||LightClay|Prankster|Encore,Reflect,LightScreen,RainDance|Bold||F|||50|]Archaludon||Leftovers|Stamina|Protect,DragonPulse,FlashCannon,ElectroShot|Modest||M|||50|]Pelipper||SitrusBerry|Drizzle|Protect,WeatherBall,Hurricane,Tailwind|Bold||M|||50|]Sylveon||FairyFeather|Pixilate|Detect,HyperVoice,Moonblast,QuickAttack|Modest||F|||50|]Venusaur||Venusaurite|Overgrow|Protect,GigaDrain,SludgeBomb,EarthPower|Modest||F|||50|
|showteam|p2|Snorlax||Leftovers|ThickFat|BodySlam,SleepTalk,Rest,Earthquake|Adamant||F|||50|]Farigiraf||FocusSash|ArmorTail|Psychic,TrickRoom,HelpingHand,Protect|Sassy||M|||50|]Aegislash||LifeOrb|StanceChange|FlashCannon,KingsShield,CloseCombat,ShadowClaw|Sassy||M|||50|]Grimmsnarl|||Pickpocket|PartingShot,SuckerPunch,Protect,PlayRough|Careful||M|||50|]Arcanine-Hisui||WhiteHerb|Intimidate|ExtremeSpeed,FlareBlitz,Protect,RockSlide|Jolly||M|||50|]Altaria||QuickClaw|CloudNine|Tailwind,DragonClaw,Hurricane,Protect|Careful||F|||50|
|
|t:|1783065936
|teamsize|p1|4
|teamsize|p2|4
|start
|switch|p1a: Archaludon|Archaludon, L50, M|100/100
|switch|p1b: Pelipper|Pelipper, L50, M|100/100
|switch|p2a: Farigiraf|Farigiraf, L50, M|100/100
|switch|p2b: Altaria|Altaria, L50, F|100/100
|-ability|p2b: Altaria|Cloud Nine
|-weather|RainDance|[from] ability: Drizzle|[of] p1b: Pelipper
|turn|1
|inactive|Battle timer is ON: inactive players will automatically lose when time's up. (requested by Astano)
|
|t:|1783065949
|move|p2a: Farigiraf|Protect|p2a: Farigiraf
|-singleturn|p2a: Farigiraf|Protect
|move|p1a: Archaludon|Dragon Pulse|p2b: Altaria
|-supereffective|p2b: Altaria|1
|-damage|p2b: Altaria|28/100
|move|p2b: Altaria|Tailwind|p2b: Altaria
|-sidestart|p2: InvisibleFedora|move: Tailwind
|move|p1b: Pelipper|Hurricane|p2b: Altaria
|-damage|p2b: Altaria|0 fnt
|faint|p2b: Altaria
|
|-weather|RainDance|[upkeep]
|upkeep
|
|t:|1783065963
|switch|p2b: Arcanine|Arcanine-Hisui, L50, M|100/100
|-ability|p2b: Arcanine|Intimidate|boost
|-unboost|p1a: Archaludon|atk|1
|-unboost|p1b: Pelipper|atk|1
|turn|2
|
|t:|1783065977
|move|p2a: Farigiraf|Helping Hand|p2b: Arcanine
|-singleturn|p2b: Arcanine|Helping Hand|[of] p2a: Farigiraf
|move|p2b: Arcanine|Flare Blitz|p1a: Archaludon
|-damage|p1a: Archaludon|66/100
|-ability|p1a: Archaludon|Stamina|boost
|-boost|p1a: Archaludon|def|1
|-damage|p2b: Arcanine|87/100|[from] Recoil
|move|p1a: Archaludon|Electro Shot||[still]
|-prepare|p1a: Archaludon|Electro Shot
|-boost|p1a: Archaludon|spa|1
|-anim|p1a: Archaludon|Electro Shot|p2b: Arcanine
|-damage|p2b: Arcanine|12/100
|move|p1b: Pelipper|Tailwind|p1b: Pelipper
|-sidestart|p1: Astano|move: Tailwind
|
|-weather|RainDance|[upkeep]
|-heal|p1a: Archaludon|72/100|[from] item: Leftovers
|upkeep
|turn|3
|inactive|InvisibleFedora has 30 seconds left.
|
|t:|1783066010
|move|p2a: Farigiraf|Helping Hand|p2b: Arcanine
|-singleturn|p2b: Arcanine|Helping Hand|[of] p2a: Farigiraf
|move|p2b: Arcanine|Extreme Speed|p1a: Archaludon
|-resisted|p1a: Archaludon|1
|-damage|p1a: Archaludon|62/100
|-ability|p1a: Archaludon|Stamina|boost
|-boost|p1a: Archaludon|def|1
|move|p1a: Archaludon|Electro Shot||[still]
|-prepare|p1a: Archaludon|Electro Shot
|-boost|p1a: Archaludon|spa|1
|-anim|p1a: Archaludon|Electro Shot|p2a: Farigiraf
|-damage|p2a: Farigiraf|36/100
|move|p1b: Pelipper|Hurricane|p2a: Farigiraf
|-damage|p2a: Farigiraf|6/100
|
|-weather|RainDance|[upkeep]
|-heal|p1a: Archaludon|69/100|[from] item: Leftovers
|upkeep
|turn|4
|inactive|InvisibleFedora has 30 seconds left.
|inactive|InvisibleFedora has 20 seconds left.
|
|t:|1783066047
|move|p2b: Arcanine|Rock Slide|p1a: Archaludon|[spread] p1a
|-miss|p2b: Arcanine|p1b: Pelipper
|-resisted|p1a: Archaludon|1
|-damage|p1a: Archaludon|64/100
|-ability|p1a: Archaludon|Stamina|boost
|-boost|p1a: Archaludon|def|1
|move|p1a: Archaludon|Electro Shot||[still]
|-prepare|p1a: Archaludon|Electro Shot
|-boost|p1a: Archaludon|spa|1
|-anim|p1a: Archaludon|Electro Shot|p2b: Arcanine
|-damage|p2b: Arcanine|0 fnt
|faint|p2b: Arcanine
|move|p1b: Pelipper|Weather Ball|p2a: Farigiraf
|-damage|p2a: Farigiraf|0 fnt
|faint|p2a: Farigiraf
|
|-weather|RainDance|[upkeep]
|-heal|p1a: Archaludon|70/100|[from] item: Leftovers
|-sideend|p2: InvisibleFedora|move: Tailwind
|upkeep
|c|☆Astano|gg
|
|t:|1783066066
|switch|p2a: Grimmsnarl|Grimmsnarl, L50, M|100/100
|turn|5
|
|t:|1783066071
|move|p2a: Grimmsnarl|Sucker Punch|p1a: Archaludon
|-crit|p1a: Archaludon
|-damage|p1a: Archaludon|40/100
|-ability|p1a: Archaludon|Stamina|boost
|-boost|p1a: Archaludon|def|1
|move|p1a: Archaludon|Flash Cannon|p2a: Grimmsnarl
|-supereffective|p2a: Grimmsnarl|1
|-damage|p2a: Grimmsnarl|0 fnt
|faint|p2a: Grimmsnarl
|
|win|Astano
|raw|Astano's rating: 1114 → 1135(+21 for winning)
|raw|InvisibleFedora's rating: 1062 → 1046(-16 for losing)
