|j|☆MidnightCrimsonn
|j|☆Fenozi
|html|MidnightCrimsonnFenozi    
|uhtml|bestof|Game 1 of a best-of-3
|t:|1756920129
|gametype|doubles
|player|p1|MidnightCrimsonn|acetrainerf-gen4dp|
|player|p2|Fenozi|veteran|
|gen|9
|tier|[Gen 9] VGC 2025 Reg H (Bo3)
|rule|Species Clause: Limit one of each Pokémon
|rule|Item Clause: Limit 1 of each item
|clearpoke
|poke|p1|Charizard, L50, M|
|poke|p1|Torkoal, L50, F|
|poke|p1|Porygon2, L50|
|poke|p1|Incineroar, L50, M|
|poke|p1|Jumpluff, L50, M|
|poke|p1|Ursaluna, L50, F|
|poke|p2|Archaludon, L50, F|
|poke|p2|Dragonite, L50, M|
|poke|p2|Pelipper, L50, F|
|poke|p2|Ursaluna, L50, M|
|poke|p2|Sinistcha, L50|
|poke|p2|Gholdengo, L50|
|teampreview|4
|showteam|p1|Charizard||ChoiceSpecs|SolarPower|HeatWave,Overheat,WeatherBall,AirSlash|||M|||50|,,,,,Ghost]Torkoal||EjectPack|Drought|Eruption,Overheat,HelpingHand,Protect|||F|||50|,,,,,Fire]Porygon2||Eviolite|Download|IceBeam,TeraBlast,TrickRoom,Recover||||||50|,,,,,Fighting]Incineroar||SitrusBerry|Intimidate|FlareBlitz,KnockOff,FakeOut,PartingShot|||M|||50|,,,,,Ghost]Jumpluff||CovertCloak|Chlorophyll|SleepPowder,SunnyDay,RagePowder,Tailwind|||M|||50|,,,,,Water]Ursaluna||FlameOrb|Guts|HeadlongRush,Facade,Earthquake,Protect|||F|||50|,,,,,Ghost
|showteam|p2|Archaludon||AssaultVest|Stamina|FlashCannon,BodyPress,ElectroShot,Snarl|||F|||50|,,,,,Fighting]Dragonite||LoadedDice|Multiscale|ScaleShot,Tailwind,Haze,Protect|||M|||50|,,,,,Fairy]Pelipper||FocusSash|Drizzle|MuddyWater,Hurricane,Tailwind,Protect|||F|||50|,,,,,Ghost]Ursaluna||FlameOrb|Guts|Facade,HeadlongRush,Earthquake,Protect|||M|||50|,,,,,Ghost]Sinistcha||SitrusBerry|Hospitality|MatchaGotcha,LifeDew,RagePowder,TrickRoom||||||50|,,,,,Dark]Gholdengo||ChoiceScarf|GoodasGold|MakeItRain,ShadowBall,Trick,Protect||||||50|,,,,,Flying
|inactive|Battle timer is ON: inactive players will automatically lose when time's up. (requested by MidnightCrimsonn)
|c|☆MidnightCrimsonn|glhf
|c|☆Fenozi|gl hf
|inactive|Fenozi has 60 seconds left.
|inactive|Fenozi has 30 seconds left.
|
|t:|1756920195
|teamsize|p1|4
|teamsize|p2|4
|start
|switch|p1a: Larry|Jumpluff, L50, M, shiny|100/100
|switch|p1b: Jeff|Incineroar, L50, M, shiny|100/100
|switch|p2a: Dragonite|Dragonite, L50, M|100/100
|switch|p2b: Ursaluna|Ursaluna, L50, M|100/100
|-ability|p1b: Jeff|Intimidate|boost
|-unboost|p2a: Dragonite|atk|1
|-unboost|p2b: Ursaluna|atk|1
|turn|1
|inactive|Fenozi has 30 seconds left.
|inactive|Fenozi has 20 seconds left.
|inactive|Fenozi has 15 seconds left.
|
|t:|1756920239
|move|p2b: Ursaluna|Protect|p2b: Ursaluna
|-singleturn|p2b: Ursaluna|Protect
|move|p1a: Larry|Sleep Powder|p2a: Dragonite|[miss]
|-miss|p1a: Larry|p2a: Dragonite
|move|p2a: Dragonite|Tailwind|p2a: Dragonite
|-sidestart|p2: Fenozi|move: Tailwind
|move|p1b: Jeff|Knock Off|p2b: Ursaluna
|-activate|p2b: Ursaluna|move: Protect
|
|-status|p2b: Ursaluna|brn|[from] item: Flame Orb
|upkeep
|turn|2
|
|t:|1756920261
|-terastallize|p1b: Jeff|Ghost
|move|p2a: Dragonite|Scale Shot|p1a: Larry
|-damage|p1a: Larry|89/100
|-damage|p1a: Larry|77/100
|-damage|p1a: Larry|65/100
|-damage|p1a: Larry|54/100
|-damage|p1a: Larry|41/100
|-hitcount|p1a: Larry|5
|-unboost|p2a: Dragonite|def|1
|-boost|p2a: Dragonite|spe|1
|move|p2b: Ursaluna|Facade|p1a: Larry
|-damage|p1a: Larry|0 fnt
|faint|p1a: Larry
|move|p1b: Jeff|Knock Off|p2b: Ursaluna
|-crit|p2b: Ursaluna
|-damage|p2b: Ursaluna|49/100 brn
|-enditem|p2b: Ursaluna|Flame Orb|[from] move: Knock Off|[of] p1b: Jeff
|
|-damage|p2b: Ursaluna|43/100 brn|[from] brn
|upkeep
|
|t:|1756920278
|switch|p1a: Timmy|Charizard, L50, M, shiny|100/100
|turn|3
|inactive|Fenozi has 30 seconds left.
|
|t:|1756920305
|switch|p1a: Cammy's Vape|Torkoal, L50, F, shiny|100/100
|-weather|SunnyDay|[from] ability: Drought|[of] p1a: Cammy's Vape
|move|p2a: Dragonite|Haze|p2a: Dragonite
|-clearallboost
|move|p2b: Ursaluna|Facade|p1a: Cammy's Vape
|-damage|p1a: Cammy's Vape|8/100
|move|p1b: Jeff|Parting Shot|p2a: Dragonite
|-unboost|p2a: Dragonite|atk|1
|-unboost|p2a: Dragonite|spa|1
|
|t:|1756920313
|switch|p1b: Timmy|Charizard, L50, M, shiny|100/100|[from] Parting Shot
|
|-weather|SunnyDay|[upkeep]
|-damage|p1b: Timmy|88/100|[from] ability: Solar Power|[of] p1b: Timmy
|-damage|p2b: Ursaluna|38/100 brn|[from] brn
|upkeep
|turn|4
|inactive|Fenozi has 30 seconds left.
|
|t:|1756920341
|switch|p1b: Jeff|Incineroar, L50, M, shiny, tera:Ghost|100/100
|-ability|p1b: Jeff|Intimidate|boost
|-unboost|p2a: Dragonite|atk|1
|-unboost|p2b: Ursaluna|atk|1
|move|p2a: Dragonite|Scale Shot|p1b: Jeff
|-damage|p1b: Jeff|93/100
|-damage|p1b: Jeff|86/100
|-damage|p1b: Jeff|78/100
|-damage|p1b: Jeff|71/100
|-damage|p1b: Jeff|63/100
|-hitcount|p1b: Jeff|5
|-unboost|p2a: Dragonite|def|1
|-boost|p2a: Dragonite|spe|1
|move|p2b: Ursaluna|Earthquake|p1a: Cammy's Vape|[spread] p1a,p1b
|-immune|p2a: Dragonite
|-supereffective|p1a: Cammy's Vape
|-damage|p1a: Cammy's Vape|0 fnt
|-damage|p1b: Jeff|23/100
|-enditem|p1b: Jeff|Sitrus Berry|[eat]
|-heal|p1b: Jeff|48/100|[from] item: Sitrus Berry
|faint|p1a: Cammy's Vape
|
|-weather|SunnyDay|[upkeep]
|-damage|p2b: Ursaluna|32/100 brn|[from] brn
|-sideend|p2: Fenozi|move: Tailwind
|upkeep
|
|t:|1756920343
|switch|p1a: Timmy|Charizard, L50, M, shiny|88/100
|turn|5
|
|t:|1756920363
|move|p1b: Jeff|Fake Out|p2a: Dragonite
|-damage|p2a: Dragonite|90/100
|cant|p2a: Dragonite|flinch
|move|p1a: Timmy|Heat Wave|p2b: Ursaluna|[spread] p2a,p2b
|-resisted|p2a: Dragonite
|-damage|p2a: Dragonite|28/100
|-damage|p2b: Ursaluna|0 fnt
|faint|p2b: Ursaluna
|
|-weather|SunnyDay|[upkeep]
|-damage|p1a: Timmy|76/100|[from] ability: Solar Power|[of] p1a: Timmy
|upkeep
|
|t:|1756920370
|switch|p2b: Pelipper|Pelipper, L50, F|100/100
|-weather|RainDance|[from] ability: Drizzle|[of] p2b: Pelipper
|turn|6
|
|t:|1756920381
|move|p2a: Dragonite|Tailwind|p2a: Dragonite
|-sidestart|p2: Fenozi|move: Tailwind
|move|p2b: Pelipper|Muddy Water|p1a: Timmy|[spread] p1a,p1b
|-supereffective|p1a: Timmy
|-damage|p1a: Timmy|0 fnt
|-damage|p1b: Jeff|6/100
|faint|p1a: Timmy
|move|p1b: Jeff|Knock Off|p2b: Pelipper
|-damage|p2b: Pelipper|42/100
|-enditem|p2b: Pelipper|Focus Sash|[from] move: Knock Off|[of] p1b: Jeff
|
|-weather|RainDance|[upkeep]
|upkeep
|turn|7
|-message|MidnightCrimsonn forfeited.
|
|win|Fenozi
|l|☆MidnightCrimsonn
|player|p1|
||MidnightCrimsonn is ready for game 2.
||Fenozi is ready for game 2.
|uhtml|next|Next: Game 2 of 3
