|j|☆francoilforteprep
|j|☆GabboVGC
|html|francoilforteprepGabboVGC    
|uhtml|bestof|Game 2 of a best-of-3
|t:|1756279139
|gametype|doubles
|player|p1|francoilforteprep|101|1098
|player|p2|GabboVGC|marnie-league|1184
|gen|9
|tier|[Gen 9] VGC 2025 Reg H (Bo3)
|rated|
|rule|Species Clause: Limit one of each Pokémon
|rule|Item Clause: Limit 1 of each item
|clearpoke
|poke|p1|Toxapex, L50, F|
|poke|p1|Chesnaught, L50, M|
|poke|p1|Grimmsnarl, L50, M|
|poke|p1|Incineroar, L50, F|
|poke|p1|Dondozo, L50, M|
|poke|p1|Tatsugiri, L50, F|
|poke|p2|Annihilape, L50, M|
|poke|p2|Ursaluna-Bloodmoon, L50, M|
|poke|p2|Tyranitar, L50, M|
|poke|p2|Sneasler, L50, M|
|poke|p2|Volcarona, L50, M|
|poke|p2|Indeedee, L50, M|
|teampreview|4
|showteam|p1|Toxapex||BlackSludge|Regenerator|Toxic,BanefulBunker,Infestation,Recover|||F|||50|,,,,,Ghost]Chesnaught||Leftovers|Bulletproof|SpikyShield,LeechSeed,KnockOff,DrainPunch|||M|||50|,,,,,Water]Grimmsnarl||LightClay|Prankster|PartingShot,LightScreen,Reflect,SpiritBreak|||M|||50|,,,,,Ghost]Incineroar||SafetyGoggles|Intimidate|FlareBlitz,KnockOff,FakeOut,PartingShot|||F|||50|,,,,,Ghost]Dondozo||SitrusBerry|Unaware|Avalanche,Fissure,Rest,SleepTalk|||M|||50|,,,,,Poison]Tatsugiri||FocusSash|Commander|DracoMeteor,MuddyWater,Taunt,Protect|||F|||50|,,,,,Stellar
|showteam|p2|Annihilape||SafetyGoggles|Defiant|DrainPunch,RageFist,BulkUp,Protect|||M|||50|,,,,,Fairy]Ursaluna-Bloodmoon||LifeOrb|MindsEye|BloodMoon,HyperVoice,EarthPower,Protect|||M|||50|,,,,,Normal]Tyranitar||AssaultVest|SandStream|RockSlide,KnockOff,LowKick,TeraBlast|||M|||50|,,,,,Flying]Sneasler||PsychicSeed|Unburden|CloseCombat,DireClaw,ThroatChop,Protect|||M|||50|,,,,,Dark]Volcarona||SitrusBerry|FlameBody|Overheat,StruggleBug,RagePowder,Tailwind|||M|||50|,,,,,Grass]Indeedee||ChoiceScarf|PsychicSurge|ExpandingForce,TeraBlast,Trick,Protect|||M|||50|,,,,,Psychic
|
|t:|1756279162
|teamsize|p1|4
|teamsize|p2|4
|start
|switch|p1a: Grimmsnarl|Grimmsnarl, L50, M|100/100
|switch|p1b: Toxapex|Toxapex, L50, F|100/100
|switch|p2a: Ursaluna|Ursaluna-Bloodmoon, L50, M|100/100
|switch|p2b: Annihilape|Annihilape, L50, M, shiny|100/100
|turn|1
|
|t:|1756279183
|move|p1a: Grimmsnarl|Light Screen|p1a: Grimmsnarl
|-sidestart|p1: francoilforteprep|move: Light Screen
|move|p2b: Annihilape|Bulk Up|p2b: Annihilape
|-boost|p2b: Annihilape|atk|1
|-boost|p2b: Annihilape|def|1
|move|p2a: Ursaluna|Earth Power|p1b: Toxapex
|-supereffective|p1b: Toxapex
|-damage|p1b: Toxapex|37/100
|-damage|p2a: Ursaluna|91/100|[from] item: Life Orb
|move|p1b: Toxapex|Toxic|p2b: Annihilape
|-status|p2b: Annihilape|tox
|
|-heal|p1b: Toxapex|43/100|[from] item: Black Sludge
|-damage|p2b: Annihilape|95/100 tox|[from] psn
|upkeep
|turn|2
|
|t:|1756279240
|move|p1b: Toxapex|Baneful Bunker|p1b: Toxapex
|-singleturn|p1b: Toxapex|move: Protect
|move|p1a: Grimmsnarl|Reflect|p1a: Grimmsnarl
|-sidestart|p1: francoilforteprep|Reflect
|move|p2b: Annihilape|Drain Punch|p1a: Grimmsnarl
|-damage|p1a: Grimmsnarl|62/100
|-heal|p2b: Annihilape|100/100 tox|[from] drain|[of] p1a: Grimmsnarl
|move|p2a: Ursaluna|Earth Power|p1b: Toxapex
|-activate|p1b: Toxapex|move: Protect
|
|-heal|p1b: Toxapex|49/100|[from] item: Black Sludge
|-damage|p2b: Annihilape|89/100 tox|[from] psn
|upkeep
|turn|3
|
|t:|1756279264
|move|p1a: Grimmsnarl|Parting Shot|p2a: Ursaluna
|-unboost|p2a: Ursaluna|atk|1
|-unboost|p2a: Ursaluna|spa|1
|
|t:|1756279267
|switch|p1a: Chesnaught|Chesnaught, L50, M|100/100|[from] Parting Shot
|move|p2b: Annihilape|Drain Punch|p1a: Chesnaught
|-damage|p1a: Chesnaught|70/100
|-heal|p2b: Annihilape|100/100 tox|[from] drain|[of] p1a: Chesnaught
|move|p2a: Ursaluna|Earth Power|p1b: Toxapex
|-supereffective|p1b: Toxapex
|-damage|p1b: Toxapex|5/100
|-damage|p2a: Ursaluna|81/100|[from] item: Life Orb
|move|p1b: Toxapex|Toxic|p2a: Ursaluna
|-status|p2a: Ursaluna|tox
|
|-heal|p1a: Chesnaught|76/100|[from] item: Leftovers
|-heal|p1b: Toxapex|11/100|[from] item: Black Sludge
|-damage|p2b: Annihilape|83/100 tox|[from] psn
|-damage|p2a: Ursaluna|75/100 tox|[from] psn
|upkeep
|turn|4
|
|t:|1756279301
|switch|p1b: Grimmsnarl|Grimmsnarl, L50, M|62/100
|-terastallize|p1a: Chesnaught|Water
|move|p2b: Annihilape|Rage Fist|p1a: Chesnaught
|-damage|p1a: Chesnaught|55/100
|move|p2a: Ursaluna|Hyper Voice|p1a: Chesnaught|[spread] p1a,p1b
|-damage|p1a: Chesnaught|38/100
|-damage|p1b: Grimmsnarl|42/100
|-damage|p2a: Ursaluna|66/100 tox|[from] item: Life Orb
|move|p1a: Chesnaught|Leech Seed|p2b: Annihilape
|-start|p2b: Annihilape|move: Leech Seed
|
|-heal|p1a: Chesnaught|44/100|[from] item: Leftovers
|-damage|p2b: Annihilape|70/100 tox|[from] Leech Seed|[of] p1a: Chesnaught
|-heal|p1a: Chesnaught|58/100|[silent]
|-damage|p2b: Annihilape|46/100 tox|[from] psn
|-damage|p2a: Ursaluna|53/100 tox|[from] psn
|upkeep
|turn|5
|
|t:|1756279331
|switch|p2b: Tyranitar|Tyranitar, L50, M, shiny|100/100
|-weather|Sandstorm|[from] ability: Sand Stream|[of] p2b: Tyranitar
|move|p1a: Chesnaught|Spiky Shield|p1a: Chesnaught
|-singleturn|p1a: Chesnaught|move: Protect
|move|p1b: Grimmsnarl|Parting Shot|p2a: Ursaluna
|-unboost|p2a: Ursaluna|atk|1
|-unboost|p2a: Ursaluna|spa|1
|
|t:|1756279339
|switch|p1b: Incineroar|Incineroar, L50, F|100/100|[from] Parting Shot
|-ability|p1b: Incineroar|Intimidate|boost
|-unboost|p2a: Ursaluna|atk|1
|-unboost|p2b: Tyranitar|atk|1
|move|p2a: Ursaluna|Blood Moon|p1b: Incineroar
|-damage|p1b: Incineroar|65/100
|-damage|p2a: Ursaluna|44/100 tox|[from] item: Life Orb
|
|-weather|Sandstorm|[upkeep]
|-damage|p1a: Chesnaught|52/100|[from] Sandstorm
|-heal|p1a: Chesnaught|58/100|[from] item: Leftovers
|-damage|p2a: Ursaluna|25/100 tox|[from] psn
|upkeep
|turn|6
|
|t:|1756279370
|switch|p2a: Annihilape|Annihilape, L50, M, shiny|46/100 tox
|move|p1b: Incineroar|Knock Off|p2a: Annihilape
|-damage|p2a: Annihilape|6/100 tox
|-enditem|p2a: Annihilape|Safety Goggles|[from] move: Knock Off|[of] p1b: Incineroar
|move|p1a: Chesnaught|Leech Seed|p2b: Tyranitar
|-start|p2b: Tyranitar|move: Leech Seed
|move|p2b: Tyranitar|Rock Slide|p1a: Chesnaught|[spread] p1a,p1b
|-supereffective|p1b: Incineroar
|-damage|p1a: Chesnaught|46/100
|-damage|p1b: Incineroar|37/100
|
|-weather|Sandstorm|[upkeep]
|-damage|p2a: Annihilape|0 fnt|[from] Sandstorm
|-damage|p1a: Chesnaught|40/100|[from] Sandstorm
|faint|p2a: Annihilape
|-heal|p1a: Chesnaught|46/100|[from] item: Leftovers
|-damage|p2b: Tyranitar|88/100|[from] Leech Seed|[of] p1a: Chesnaught
|-heal|p1a: Chesnaught|58/100|[silent]
|upkeep
|
|t:|1756279388
|switch|p2a: Sneasler|Sneasler, L50, M, shiny|100/100
|turn|7
|
|t:|1756279435
|switch|p1b: Toxapex|Toxapex, L50, F|44/100
|move|p1a: Chesnaught|Spiky Shield|p1a: Chesnaught
|-singleturn|p1a: Chesnaught|move: Protect
|move|p2a: Sneasler|Close Combat|p1b: Toxapex
|-resisted|p1b: Toxapex
|-crit|p1b: Toxapex
|-damage|p1b: Toxapex|2/100
|-unboost|p2a: Sneasler|def|1
|-unboost|p2a: Sneasler|spd|1
|move|p2b: Tyranitar|Knock Off|p1a: Chesnaught
|-activate|p1a: Chesnaught|move: Protect
|-damage|p2b: Tyranitar|76/100|[from] Spiky Shield|[of] p1a: Chesnaught
|
|-weather|Sandstorm|[upkeep]
|-damage|p2a: Sneasler|95/100|[from] Sandstorm
|-damage|p1a: Chesnaught|52/100|[from] Sandstorm
|-damage|p1b: Toxapex|0 fnt|[from] Sandstorm
|faint|p1b: Toxapex
|-heal|p1a: Chesnaught|58/100|[from] item: Leftovers
|-damage|p2b: Tyranitar|64/100|[from] Leech Seed|[of] p1a: Chesnaught
|-heal|p1a: Chesnaught|71/100|[silent]
|upkeep
|
|t:|1756279453
|switch|p1b: Incineroar|Incineroar, L50, F|37/100
|-ability|p1b: Incineroar|Intimidate|boost
|-unboost|p2a: Sneasler|atk|1
|-unboost|p2b: Tyranitar|atk|1
|turn|8
|
|t:|1756279471
|switch|p2a: Ursaluna|Ursaluna-Bloodmoon, L50, M|25/100 tox
|move|p1b: Incineroar|Fake Out|p2a: Ursaluna
|-damage|p2a: Ursaluna|16/100 tox
|move|p1a: Chesnaught|Leech Seed|p2a: Ursaluna
|-start|p2a: Ursaluna|move: Leech Seed
|move|p2b: Tyranitar|Low Kick|p1b: Incineroar
|-supereffective|p1b: Incineroar
|-crit|p1b: Incineroar
|-damage|p1b: Incineroar|0 fnt
|faint|p1b: Incineroar
|
|-weather|Sandstorm|[upkeep]
|-damage|p1a: Chesnaught|65/100|[from] Sandstorm
|-heal|p1a: Chesnaught|71/100|[from] item: Leftovers
|-damage|p2a: Ursaluna|3/100 tox|[from] Leech Seed|[of] p1a: Chesnaught
|-heal|p1a: Chesnaught|84/100|[silent]
|-damage|p2b: Tyranitar|52/100|[from] Leech Seed|[of] p1a: Chesnaught
|-heal|p1a: Chesnaught|96/100|[silent]
|-damage|p2a: Ursaluna|0 fnt|[from] psn
|faint|p2a: Ursaluna
|-sideend|p1: francoilforteprep|move: Light Screen
|upkeep
|
|t:|1756279489
|switch|p1b: Grimmsnarl|Grimmsnarl, L50, M|42/100
|switch|p2a: Sneasler|Sneasler, L50, M, shiny|95/100
|turn|9
|
|t:|1756279523
|-terastallize|p2b: Tyranitar|Flying
|move|p1b: Grimmsnarl|Parting Shot|p2a: Sneasler
|-unboost|p2a: Sneasler|atk|1
|-unboost|p2a: Sneasler|spa|1
|move|p2a: Sneasler|Dire Claw|p1b: Grimmsnarl
|-supereffective|p1b: Grimmsnarl
|-damage|p1b: Grimmsnarl|0 fnt
|faint|p1b: Grimmsnarl
|move|p1a: Chesnaught|Leech Seed|p2a: Sneasler
|-start|p2a: Sneasler|move: Leech Seed
|move|p2b: Tyranitar|Tera Blast|p1a: Chesnaught|[anim] Tera Blast Flying
|-damage|p1a: Chesnaught|78/100
|
|-weather|none
|-heal|p1a: Chesnaught|84/100|[from] item: Leftovers
|-damage|p2a: Sneasler|83/100|[from] Leech Seed|[of] p1a: Chesnaught
|-heal|p1a: Chesnaught|94/100|[silent]
|-damage|p2b: Tyranitar|40/100|[from] Leech Seed|[of] p1a: Chesnaught
|-heal|p1a: Chesnaught|100/100|[silent]
|-sideend|p1: francoilforteprep|Reflect
|upkeep
|turn|10
|
|t:|1756279548
|move|p2a: Sneasler|Close Combat|p1a: Chesnaught
|-damage|p1a: Chesnaught|62/100
|-unboost|p2a: Sneasler|def|1
|-unboost|p2a: Sneasler|spd|1
|move|p1a: Chesnaught|Knock Off|p2a: Sneasler
|-resisted|p2a: Sneasler
|-damage|p2a: Sneasler|53/100
|-enditem|p2a: Sneasler|Psychic Seed|[from] move: Knock Off|[of] p1a: Chesnaught
|move|p2b: Tyranitar|Tera Blast|p1a: Chesnaught|[anim] Tera Blast Flying
|-damage|p1a: Chesnaught|42/100
|
|-heal|p1a: Chesnaught|48/100|[from] item: Leftovers
|-damage|p2a: Sneasler|41/100|[from] Leech Seed|[of] p1a: Chesnaught
|-heal|p1a: Chesnaught|58/100|[silent]
|-damage|p2b: Tyranitar|28/100|[from] Leech Seed|[of] p1a: Chesnaught
|-heal|p1a: Chesnaught|70/100|[silent]
|upkeep
|turn|11
|
|t:|1756279562
|move|p1a: Chesnaught|Spiky Shield|p1a: Chesnaught
|-singleturn|p1a: Chesnaught|move: Protect
|move|p2a: Sneasler|Close Combat|p1a: Chesnaught
|-activate|p1a: Chesnaught|move: Protect
|-damage|p2a: Sneasler|29/100|[from] Spiky Shield|[of] p1a: Chesnaught
|move|p2b: Tyranitar|Knock Off|p1a: Chesnaught
|-activate|p1a: Chesnaught|move: Protect
|-damage|p2b: Tyranitar|16/100|[from] Spiky Shield|[of] p1a: Chesnaught
|
|-heal|p1a: Chesnaught|76/100|[from] item: Leftovers
|-damage|p2a: Sneasler|17/100|[from] Leech Seed|[of] p1a: Chesnaught
|-heal|p1a: Chesnaught|86/100|[silent]
|-damage|p2b: Tyranitar|4/100|[from] Leech Seed|[of] p1a: Chesnaught
|-heal|p1a: Chesnaught|98/100|[silent]
|upkeep
|turn|12
|
|t:|1756279575
|move|p2a: Sneasler|Close Combat|p1a: Chesnaught
|-damage|p1a: Chesnaught|63/100
|-unboost|p2a: Sneasler|def|1
|-unboost|p2a: Sneasler|spd|1
|move|p1a: Chesnaught|Knock Off|p2a: Sneasler
|-resisted|p2a: Sneasler
|-damage|p2a: Sneasler|0 fnt
|faint|p2a: Sneasler
|move|p2b: Tyranitar|Knock Off|p1a: Chesnaught
|-damage|p1a: Chesnaught|43/100
|-enditem|p1a: Chesnaught|Leftovers|[from] move: Knock Off|[of] p2b: Tyranitar
|
|-damage|p2b: Tyranitar|0 fnt|[from] Leech Seed|[of] p1a: Chesnaught
|-heal|p1a: Chesnaught|46/100|[silent]
|faint|p2b: Tyranitar
|
|win|francoilforteprep
|raw|francoilforteprep's rating: 1098 → 1129(+31 for winning)
|raw|GabboVGC's rating: 1184 → 1153(-31 for losing)
