|j|☆Bruneauxx
|j|☆corndog7
|html|Bruneauxxcorndog7    
|uhtml|bestof|Game 1 of a best-of-3
|t:|1757039976
|gametype|doubles
|player|p1|Bruneauxx|fisherman-gen4|1177
|player|p2|corndog7|roughneck|1254
|gen|9
|tier|[Gen 9] VGC 2025 Reg H (Bo3)
|rated|
|rule|Species Clause: Limit one of each Pokémon
|rule|Item Clause: Limit 1 of each item
|clearpoke
|poke|p1|Braviary-Hisui, L50, M|
|poke|p1|Sneasler, L50, F|
|poke|p1|Indeedee-F, L50, F|
|poke|p1|Pelipper, L50, M|
|poke|p1|Archaludon, L50, F|
|poke|p1|Kingambit, L50, M|
|poke|p2|Gholdengo, L50|
|poke|p2|Sneasler, L50, F|
|poke|p2|Rillaboom, L50, M|
|poke|p2|Volcarona, L50, F|
|poke|p2|Milotic, L50, F|
|poke|p2|Hydreigon, L50, M|
|teampreview|4
|showteam|p1|Braviary-Hisui||TwistedSpoon|TintedLens|ExpandingForce,AirSlash,EsperWing,Protect|||M|||50|,,,,,Psychic]Sneasler||PsychicSeed|Unburden|DireClaw,CloseCombat,ThroatChop,Protect|||F|||50|,,,,,Dark]Indeedee-F||SafetyGoggles|PsychicSurge|DazzlingGleam,FollowMe,TrickRoom,HelpingHand|||F|||50|,,,,,Fairy]Pelipper||FocusSash|Drizzle|Hurricane,WeatherBall,Tailwind,Protect|||M|||50|,,,,,Stellar]Archaludon||AssaultVest|Stamina|ElectroShot,FlashCannon,DragonPulse,BodyPress|||F|||50|,,,,,Grass]Kingambit||BlackGlasses|Defiant|KowtowCleave,LowKick,SwordsDance,Protect|||M|||50|,,,,,Dark
|showteam|p2|Gholdengo||LifeOrb|GoodasGold|MakeItRain,ShadowBall,NastyPlot,Protect||||||50|,,,,,Dragon]Sneasler||FocusSash|Unburden|FakeOut,DireClaw,CloseCombat,Protect|||F|||50|,,,,,Fairy]Rillaboom||AssaultVest|GrassySurge|FakeOut,GrassyGlide,WoodHammer,HighHorsepower|||M|||50|,,,,,Ground]Volcarona||CovertCloak|FlameBody|HeatWave,StruggleBug,RagePowder,Tailwind|||F|||50|,,,,,Dragon]Milotic||SitrusBerry|Competitive|Scald,MuddyWater,IcyWind,Protect|||F|||50|,,,,,Dragon]Hydreigon||SafetyGoggles|Levitate|DracoMeteor,Snarl,Taunt,Protect|||M|||50|,,,,,Ghost
|inactive|Battle timer is ON: inactive players will automatically lose when time's up. (requested by corndog7)
|inactive|Bruneauxx has 60 seconds left.
|inactive|corndog7 has 60 seconds left.
|
|t:|1757040015
|teamsize|p1|4
|teamsize|p2|4
|start
|switch|p1a: Indeedee|Indeedee-F, L50, F|100/100
|switch|p1b: Sneasler|Sneasler, L50, F|100/100
|switch|p2a: Gholdengo|Gholdengo, L50|100/100
|switch|p2b: Volcarona|Volcarona, L50, F|100/100
|-fieldstart|move: Psychic Terrain|[from] ability: Psychic Surge|[of] p1a: Indeedee
|-enditem|p1b: Sneasler|Psychic Seed
|-boost|p1b: Sneasler|spd|1|[from] item: Psychic Seed
|turn|1
|inactive|Bruneauxx has 30 seconds left.
|inactive|Bruneauxx has 20 seconds left.
|inactive|Bruneauxx has 15 seconds left.
|
|t:|1757040059
|move|p2a: Gholdengo|Protect|p2a: Gholdengo
|-singleturn|p2a: Gholdengo|Protect
|move|p1a: Indeedee|Follow Me|p1a: Indeedee
|-singleturn|p1a: Indeedee|move: Follow Me
|move|p1b: Sneasler|Throat Chop|p2a: Gholdengo
|-activate|p2a: Gholdengo|move: Protect
|move|p2b: Volcarona|Heat Wave|p1b: Sneasler|[spread] p1b
|-miss|p2b: Volcarona|p1a: Indeedee
|-damage|p1b: Sneasler|73/100
|
|upkeep
|turn|2
|
|t:|1757040070
|move|p1a: Indeedee|Helping Hand|p1b: Sneasler
|-singleturn|p1b: Sneasler|Helping Hand|[of] p1a: Indeedee
|move|p2b: Volcarona|Rage Powder|p2b: Volcarona
|-singleturn|p2b: Volcarona|move: Rage Powder
|move|p1b: Sneasler|Dire Claw|p2b: Volcarona
|-damage|p2b: Volcarona|43/100
|move|p2a: Gholdengo|Make It Rain|p1b: Sneasler|[spread] p1a,p1b
|-damage|p1a: Indeedee|51/100
|-damage|p1b: Sneasler|13/100
|-unboost|p2a: Gholdengo|spa|1
|-damage|p2a: Gholdengo|91/100|[from] item: Life Orb
|
|upkeep
|turn|3
|inactive|Bruneauxx has 30 seconds left.
|
|t:|1757040104
|switch|p1a: Archaludon|Archaludon, L50, F|100/100
|move|p1b: Sneasler|Throat Chop|p2a: Gholdengo
|-supereffective|p2a: Gholdengo
|-damage|p2a: Gholdengo|23/100
|-start|p2a: Gholdengo|Throat Chop|[silent]
|move|p2a: Gholdengo|Make It Rain|p1b: Sneasler|[spread] p1a,p1b
|-resisted|p1a: Archaludon
|-damage|p1a: Archaludon|85/100
|-damage|p1b: Sneasler|0 fnt
|-unboost|p2a: Gholdengo|spa|1
|-ability|p1a: Archaludon|Stamina|boost
|-boost|p1a: Archaludon|def|1
|faint|p1b: Sneasler
|-damage|p2a: Gholdengo|13/100|[from] item: Life Orb
|move|p2b: Volcarona|Tailwind|p2b: Volcarona
|-sidestart|p2: corndog7|move: Tailwind
|
|upkeep
|
|t:|1757040112
|switch|p1b: Pelipper|Pelipper, L50, M|100/100
|-weather|RainDance|[from] ability: Drizzle|[of] p1b: Pelipper
|turn|4
|inactive|Bruneauxx has 30 seconds left.
|
|t:|1757040140
|switch|p2a: Hydreigon|Hydreigon, L50, M|100/100
|move|p2b: Volcarona|Struggle Bug|p1b: Pelipper|[spread] p1a,p1b
|-resisted|p1a: Archaludon
|-resisted|p1b: Pelipper
|-damage|p1a: Archaludon|79/100
|-damage|p1b: Pelipper|89/100
|-unboost|p1a: Archaludon|spa|1
|-unboost|p1b: Pelipper|spa|1
|-ability|p1a: Archaludon|Stamina|boost
|-boost|p1a: Archaludon|def|1
|move|p1b: Pelipper|Hurricane|p2a: Hydreigon
|-damage|p2a: Hydreigon|73/100
|move|p1a: Archaludon|Electro Shot||[still]
|-prepare|p1a: Archaludon|Electro Shot
|-boost|p1a: Archaludon|spa|1
|-anim|p1a: Archaludon|Electro Shot|p2b: Volcarona
|-damage|p2b: Volcarona|7/100
|
|-weather|RainDance|[upkeep]
|upkeep
|turn|5
|
|t:|1757040161
|-terastallize|p2a: Hydreigon|Ghost
|move|p2a: Hydreigon|Snarl|p1b: Pelipper|[spread] p1a,p1b
|-crit|p1a: Archaludon
|-damage|p1a: Archaludon|54/100
|-damage|p1b: Pelipper|56/100
|-unboost|p1a: Archaludon|spa|1
|-unboost|p1b: Pelipper|spa|1
|-ability|p1a: Archaludon|Stamina|boost
|-boost|p1a: Archaludon|def|1
|move|p2b: Volcarona|Struggle Bug|p1b: Pelipper|[spread] p1a,p1b
|-resisted|p1a: Archaludon
|-resisted|p1b: Pelipper
|-damage|p1a: Archaludon|47/100
|-damage|p1b: Pelipper|42/100
|-unboost|p1a: Archaludon|spa|1
|-unboost|p1b: Pelipper|spa|1
|-ability|p1a: Archaludon|Stamina|boost
|-boost|p1a: Archaludon|def|1
|move|p1b: Pelipper|Tailwind|p1b: Pelipper
|-sidestart|p1: Bruneauxx|move: Tailwind
|move|p1a: Archaludon|Body Press|p2a: Hydreigon
|-immune|p2a: Hydreigon
|
|-weather|RainDance|[upkeep]
|-fieldend|move: Psychic Terrain
|upkeep
|turn|6
|inactive|corndog7 has 30 seconds left.
|
|t:|1757040192
|move|p1b: Pelipper|Protect|p1b: Pelipper
|-singleturn|p1b: Pelipper|Protect
|move|p2a: Hydreigon|Snarl|p1b: Pelipper|[spread] p1a
|-activate|p1b: Pelipper|move: Protect
|-damage|p1a: Archaludon|31/100
|-unboost|p1a: Archaludon|spa|1
|-ability|p1a: Archaludon|Stamina|boost
|-boost|p1a: Archaludon|def|1
|move|p2b: Volcarona|Struggle Bug|p1b: Pelipper|[spread] p1a
|-activate|p1b: Pelipper|move: Protect
|-resisted|p1a: Archaludon
|-damage|p1a: Archaludon|25/100
|-unboost|p1a: Archaludon|spa|1
|-ability|p1a: Archaludon|Stamina|boost
|-boost|p1a: Archaludon|def|1
|move|p1a: Archaludon|Electro Shot||[still]
|-prepare|p1a: Archaludon|Electro Shot
|-boost|p1a: Archaludon|spa|1
|-anim|p1a: Archaludon|Electro Shot|p2b: Volcarona
|-damage|p2b: Volcarona|0 fnt
|faint|p2b: Volcarona
|
|-weather|RainDance|[upkeep]
|-sideend|p2: corndog7|move: Tailwind
|upkeep
|
|t:|1757040195
|switch|p2b: Gholdengo|Gholdengo, L50|13/100
|turn|7
|inactive|Bruneauxx has 30 seconds left.
|inactive|Bruneauxx has 20 seconds left.
|
|t:|1757040234
|move|p2b: Gholdengo|Protect|p2b: Gholdengo
|-singleturn|p2b: Gholdengo|Protect
|move|p1b: Pelipper|Weather Ball|p2b: Gholdengo
|-activate|p2b: Gholdengo|move: Protect
|move|p1a: Archaludon|Electro Shot||[still]
|-prepare|p1a: Archaludon|Electro Shot
|-boost|p1a: Archaludon|spa|1
|-anim|p1a: Archaludon|Electro Shot|p2a: Hydreigon
|-damage|p2a: Hydreigon|49/100
|move|p2a: Hydreigon|Draco Meteor|p1a: Archaludon
|-damage|p1a: Archaludon|0 fnt
|-unboost|p2a: Hydreigon|spa|2
|faint|p1a: Archaludon
|
|-weather|RainDance|[upkeep]
|upkeep
|
|t:|1757040240
|switch|p1a: Indeedee|Indeedee-F, L50, F|51/100
|-fieldstart|move: Psychic Terrain|[from] ability: Psychic Surge|[of] p1a: Indeedee
|turn|8
|
|t:|1757040254
|-terastallize|p1a: Indeedee|Fairy
|move|p1b: Pelipper|Weather Ball|p2b: Gholdengo
|-damage|p2b: Gholdengo|0 fnt
|faint|p2b: Gholdengo
|move|p1a: Indeedee|Dazzling Gleam|p2a: Hydreigon
|-damage|p2a: Hydreigon|21/100
|move|p2a: Hydreigon|Snarl|p1a: Indeedee|[spread] p1a,p1b
|-resisted|p1a: Indeedee
|-damage|p1a: Indeedee|47/100
|-damage|p1b: Pelipper|26/100
|-unboost|p1a: Indeedee|spa|1
|-unboost|p1b: Pelipper|spa|1
|
|-weather|none
|-sideend|p1: Bruneauxx|move: Tailwind
|upkeep
|
|t:|1757040260
|switch|p2b: Sneasler|Sneasler, L50, F|100/100
|turn|9
|
|t:|1757040271
|move|p2b: Sneasler|Dire Claw|p1a: Indeedee
|-supereffective|p1a: Indeedee
|-damage|p1a: Indeedee|0 fnt
|faint|p1a: Indeedee
|move|p2a: Hydreigon|Snarl|p1b: Pelipper
|-damage|p1b: Pelipper|6/100
|-unboost|p1b: Pelipper|spa|1
|move|p1b: Pelipper|Hurricane|p2b: Sneasler
|-supereffective|p2b: Sneasler
|-damage|p2b: Sneasler|70/100
|-start|p2b: Sneasler|confusion
|
|upkeep
|turn|10
|
|t:|1757040285
|-activate|p2b: Sneasler|confusion
|-damage|p2b: Sneasler|45/100|[from] confusion
|move|p2a: Hydreigon|Draco Meteor|p1b: Pelipper
|-crit|p1b: Pelipper
|-damage|p1b: Pelipper|0 fnt
|-unboost|p2a: Hydreigon|spa|2
|faint|p1b: Pelipper
|
|win|corndog7
||Bruneauxx is ready for game 2.
||corndog7 is ready for game 2.
|uhtml|next|Next: Game 2 of 3
|l|☆corndog7
|player|p2|
|l|☆Bruneauxx
|player|p1|
|j|☆Bruneauxx
|player|p1|Bruneauxx|fisherman-gen4|
