|j|☆Slim Shady LPVGC
|j|☆bimbo mafioso
|html|Slim Shady LPVGCbimbo mafioso    
|uhtml|bestof|Game 3 of a best-of-3
|t:|1756763383
|gametype|doubles
|player|p1|Slim Shady LPVGC|cynthia|1213
|player|p2|bimbo mafioso|swimmerf|1175
|gen|9
|tier|[Gen 9] VGC 2025 Reg H (Bo3)
|rated|
|rule|Species Clause: Limit one of each Pokémon
|rule|Item Clause: Limit 1 of each item
|clearpoke
|poke|p1|Whimsicott, L50, M|
|poke|p1|Dragapult, L50, F|
|poke|p1|Gholdengo, L50|
|poke|p1|Sneasler, L50, F|
|poke|p1|Hydreigon, L50, F|
|poke|p1|Amoonguss, L50, F|
|poke|p2|Gholdengo, L50|
|poke|p2|Amoonguss, L50, F|
|poke|p2|Basculegion, L50, M|
|poke|p2|Pelipper, L50, F|
|poke|p2|Incineroar, L50, M|
|poke|p2|Archaludon, L50, F|
|teampreview|4
|showteam|p1|Whimsicott||CovertCloak|Prankster|Moonblast,Tailwind,Encore,FakeTears|||M|||50|,,,,,Dark]Dragapult||ChoiceBand|ClearBody|DragonDarts,PhantomForce,SuckerPunch,Uturn|||F|||50|,,,,,Dragon]Gholdengo||MetalCoat|GoodasGold|Protect,MakeItRain,ShadowBall,NastyPlot||||||50|,,,,,Steel]Sneasler||WhiteHerb|Unburden|Protect,DireClaw,CloseCombat,FakeOut|||F|||50|,,,,,Stellar]Hydreigon||LifeOrb|Levitate|Protect,DracoMeteor,DarkPulse,EarthPower|||F|||50|,,,,,Ghost]Amoonguss||MentalHerb|Regenerator|Protect,RagePowder,PollenPuff,Spore|||F|||50|,,,,,Water
|showteam|p2|Gholdengo||LifeOrb|GoodasGold|MakeItRain,ShadowBall,NastyPlot,Protect||||||50|,,,,,Water]Amoonguss||SitrusBerry|Regenerator|Spore,RagePowder,PollenPuff,Protect|||F|||50|,,,,,Water]Basculegion||ChoiceBand|SwiftSwim|WaveCrash,AquaJet,LastRespects,FlipTurn|||M|||50|,,,,,Water]Pelipper||FocusSash|Drizzle|WeatherBall,Hurricane,Tailwind,Protect|||F|||50|,,,,,Ground]Incineroar||SafetyGoggles|Intimidate|FakeOut,KnockOff,Taunt,PartingShot|||M|||50|,,,,,Ghost]Archaludon||AssaultVest|Stamina|ElectroShot,FlashCannon,DracoMeteor,BodyPress|||F|||50|,,,,,Bug
|inactive|Battle timer is ON: inactive players will automatically lose when time's up. (requested by Slim Shady LPVGC)
|inactive|bimbo mafioso also wants the timer to be on.
|inactive|Slim Shady LPVGC has 60 seconds left.
|inactive|bimbo mafioso has 60 seconds left.
|
|t:|1756763440
|teamsize|p1|4
|teamsize|p2|4
|start
|switch|p1a: Whimsicott|Whimsicott, L50, M|100/100
|switch|p1b: Hydreigon|Hydreigon, L50, F|100/100
|switch|p2a: Amoonguss|Amoonguss, L50, F|100/100
|switch|p2b: Incineroar|Incineroar, L50, M|100/100
|-ability|p2b: Incineroar|Intimidate|boost
|-unboost|p1a: Whimsicott|atk|1
|-unboost|p1b: Hydreigon|atk|1
|turn|1
|inactive|Slim Shady LPVGC has 30 seconds left.
|
|t:|1756763472
|move|p2b: Incineroar|Fake Out|p1b: Hydreigon
|-damage|p1b: Hydreigon|86/100
|move|p1a: Whimsicott|Fake Tears|p2a: Amoonguss
|-unboost|p2a: Amoonguss|spd|2
|cant|p1b: Hydreigon|flinch
|move|p2a: Amoonguss|Spore|p1b: Hydreigon
|-status|p1b: Hydreigon|slp|[from] move: Spore
|
|upkeep
|turn|2
|inactive|Slim Shady LPVGC has 30 seconds left.
|
|t:|1756763502
|switch|p2a: Gholdengo|Gholdengo, L50|100/100
|move|p1a: Whimsicott|Moonblast|p2b: Incineroar
|-damage|p2b: Incineroar|69/100
|cant|p1b: Hydreigon|slp
|move|p2b: Incineroar|Parting Shot|p1b: Hydreigon
|-unboost|p1b: Hydreigon|atk|1
|-unboost|p1b: Hydreigon|spa|1
|
|t:|1756763517
|switch|p2b: Amoonguss|Amoonguss, L50, F|100/100|[from] Parting Shot
|
|upkeep
|turn|3
|
|t:|1756763540
|move|p2b: Amoonguss|Rage Powder|p2b: Amoonguss
|-singleturn|p2b: Amoonguss|move: Rage Powder
|move|p1a: Whimsicott|Tailwind|p1a: Whimsicott
|-sidestart|p1: Slim Shady LPVGC|move: Tailwind
|cant|p1b: Hydreigon|slp
|move|p2a: Gholdengo|Nasty Plot|p2a: Gholdengo
|-boost|p2a: Gholdengo|spa|2
|
|upkeep
|turn|4
|inactive|Slim Shady LPVGC has 30 seconds left.
|inactive|bimbo mafioso has 30 seconds left.
|inactive|Slim Shady LPVGC has 20 seconds left.
|inactive|bimbo mafioso has 20 seconds left.
|inactive|Slim Shady LPVGC has 15 seconds left.
|inactive|Slim Shady LPVGC has 10 seconds left.
|
|t:|1756763590
|-terastallize|p2a: Gholdengo|Water
|move|p1a: Whimsicott|Moonblast|p2a: Gholdengo
|-damage|p2a: Gholdengo|57/100
|-curestatus|p1b: Hydreigon|slp|[msg]
|move|p1b: Hydreigon|Draco Meteor|p2b: Amoonguss
|-damage|p2b: Amoonguss|49/100
|-unboost|p1b: Hydreigon|spa|2
|-enditem|p2b: Amoonguss|Sitrus Berry|[eat]
|-heal|p2b: Amoonguss|74/100|[from] item: Sitrus Berry
|-damage|p1b: Hydreigon|77/100|[from] item: Life Orb
|move|p2a: Gholdengo|Make It Rain|p1b: Hydreigon|[spread] p1a,p1b
|-supereffective|p1a: Whimsicott
|-damage|p1a: Whimsicott|0 fnt
|-damage|p1b: Hydreigon|0 fnt
|-unboost|p2a: Gholdengo|spa|1
|faint|p1a: Whimsicott
|faint|p1b: Hydreigon
|-damage|p2a: Gholdengo|48/100|[from] item: Life Orb
|move|p2b: Amoonguss|Spore|p1: Whimsicott|[notarget]
|-fail|p2b: Amoonguss
|
|upkeep
|
|t:|1756763612
|switch|p1a: Amoonguss|Amoonguss, L50, F, shiny|100/100
|switch|p1b: Gholdengo|Gholdengo, L50|100/100
|turn|5
|inactive|Slim Shady LPVGC has 30 seconds left.
|
|t:|1756763643
|-terastallize|p1b: Gholdengo|Steel
|move|p1b: Gholdengo|Make It Rain|p2b: Amoonguss|[spread] p2a,p2b
|-resisted|p2a: Gholdengo
|-damage|p2a: Gholdengo|2/100
|-damage|p2b: Amoonguss|5/100
|-unboost|p1b: Gholdengo|spa|1
|move|p2a: Gholdengo|Nasty Plot|p2a: Gholdengo
|-boost|p2a: Gholdengo|spa|2
|move|p1a: Amoonguss|Pollen Puff|p2a: Gholdengo
|-damage|p2a: Gholdengo|0 fnt
|faint|p2a: Gholdengo
|move|p2b: Amoonguss|Pollen Puff|p2: Gholdengo|[notarget]
|-fail|p2b: Amoonguss
|
|upkeep
|
|t:|1756763662
|switch|p2a: Incineroar|Incineroar, L50, M|69/100
|-ability|p2a: Incineroar|Intimidate|boost
|-unboost|p1a: Amoonguss|atk|1
|-unboost|p1b: Gholdengo|atk|1
|turn|6
|inactive|Slim Shady LPVGC has 30 seconds left.
|inactive|Slim Shady LPVGC has 20 seconds left.
|
|t:|1756763699
|switch|p2b: Pelipper|Pelipper, L50, F|100/100
|-weather|RainDance|[from] ability: Drizzle|[of] p2b: Pelipper
|move|p2a: Incineroar|Fake Out|p1b: Gholdengo
|-resisted|p1b: Gholdengo
|-damage|p1b: Gholdengo|94/100
|cant|p1b: Gholdengo|flinch
|move|p1a: Amoonguss|Spore|p2b: Pelipper
|-status|p2b: Pelipper|slp|[from] move: Spore
|
|-weather|RainDance|[upkeep]
|-sideend|p1: Slim Shady LPVGC|move: Tailwind
|upkeep
|turn|7
|inactive|bimbo mafioso has 30 seconds left.
|inactive|bimbo mafioso has 20 seconds left.
|
|t:|1756763737
|move|p1b: Gholdengo|Nasty Plot|p1b: Gholdengo
|-boost|p1b: Gholdengo|spa|2
|cant|p2b: Pelipper|slp
|move|p2a: Incineroar|Knock Off|p1a: Amoonguss
|-damage|p1a: Amoonguss|61/100
|-enditem|p1a: Amoonguss|Mental Herb|[from] move: Knock Off|[of] p2a: Incineroar
|move|p1a: Amoonguss|Pollen Puff|p1b: Gholdengo
|-heal|p1b: Gholdengo|100/100
|
|-weather|RainDance|[upkeep]
|upkeep
|turn|8
|inactive|Slim Shady LPVGC has 30 seconds left.
|
|t:|1756763766
|move|p1b: Gholdengo|Make It Rain|p2b: Pelipper|[spread] p2a,p2b
|-resisted|p2a: Incineroar
|-resisted|p2b: Pelipper
|-damage|p2a: Incineroar|22/100
|-damage|p2b: Pelipper|4/100 slp
|-unboost|p1b: Gholdengo|spa|1
|cant|p2b: Pelipper|slp
|move|p2a: Incineroar|Taunt|p1a: Amoonguss
|-start|p1a: Amoonguss|move: Taunt
|move|p1a: Amoonguss|Pollen Puff|p2b: Pelipper
|-resisted|p2b: Pelipper
|-damage|p2b: Pelipper|0 fnt
|faint|p2b: Pelipper
|
|-weather|RainDance|[upkeep]
|upkeep
|c|☆bimbo mafioso|ggs
|c|☆bimbo mafioso|wp
|-message|bimbo mafioso forfeited.
|
|win|Slim Shady LPVGC
|raw|Slim Shady LPVGC's rating: 1213 → 1235(+22 for winning)
|raw|bimbo mafioso's rating: 1175 → 1153(-22 for losing)
