|j|鈽唄unterdrago
|j|鈽唓what123
|html|hunterdragoqwhat123    
|uhtml|bestof|Game 1 of a best-of-3
|t:|1756510809
|gametype|doubles
|player|p1|hunterdrago|rosa|
|player|p2|qwhat123|harlequin|
|gen|9
|tier|[Gen 9] VGC 2025 Reg H (Bo3)
|rule|Tera Type Preview: Tera Types are shown at Team Preview
|rule|Species Clause: Limit one of each Pok茅mon
|rule|Item Clause: Limit 1 of each item
|raw|2 custom rules: Tera Type Preview, !Force Open Team Sheets
|clearpoke
|poke|p1|Basculegion-F, L50, F|
|poke|p1|Illumise, L50, F|
|poke|p1|Lumineon, L50, M|
|poke|p1|Ursaluna-Bloodmoon, L50, M|
|poke|p1|Hariyama, L50, M|
|poke|p1|Sinistcha-Masterpiece, L50|
|poke|p2|Toxtricity-Low-Key, L50, F|
|poke|p2|Garchomp, L50, F|
|poke|p2|Talonflame, L50, M|
|poke|p2|Basculegion, L50, M|
|poke|p2|Riolu, L50, F|
|poke|p2|Gardevoir, L50, M|
|raw|hunterdrago's Tera Types: /  /  /  /  / 
|raw|qwhat123's Tera Types: /  /  /  /  / 
|teampreview|4
|j| zuiyyy
|j| Jewelpet2002
|c|鈽唓what123|ohayo
|j| Criee
|c|鈽唄unterdrago|STICKING MY TONGUE OUTA
|c| Jewelpet2002|glgl
|c|鈽唓what123|how funny am i going idk
|c|鈽唄unterdrago|r?
|c|鈽唓what123|r
|inactive|Battle timer is ON: inactive players will automatically lose when time's up. (requested by hunterdrago)
|
|t:|1756510881
|teamsize|p1|4
|teamsize|p2|4
|start
|switch|p1a: big fis|Basculegion-F, L50, F|100/100
|switch|p1b: fis|Lumineon, L50, M|100/100
|switch|p2a: Super Horn|Toxtricity-Low-Key, L50, F, shiny|100/100
|switch|p2b: Red Shell|Talonflame, L50, M, shiny|100/100
|turn|1
|c|鈽唓what123|whatdafa
|c| zuiyyy|fish fish mcbites
|inactive|hunterdrago has 30 seconds left.
|c|鈽唄unterdrago|HUEHUEHUE
|inactive|hunterdrago has 20 seconds left.
|
|t:|1756510918
|move|p2b: Red Shell|Tailwind|p2b: Red Shell
|-sidestart|p2: qwhat123|move: Tailwind
|move|p2a: Super Horn|Snarl|p1b: fis|[spread] p1a,p1b
|-supereffective|p1a: big fis
|-damage|p1a: big fis|60/100
|-damage|p1b: fis|78/100
|-unboost|p1a: big fis|spa|1
|-unboost|p1b: fis|spa|1
|-enditem|p2a: Super Horn|Throat Spray
|-boost|p2a: Super Horn|spa|1|[from] item: Throat Spray
|move|p1a: big fis|Surf|p2b: Red Shell|[spread] p2a,p2b
|-ability|p1b: fis|Storm Drain|boost
|-boost|p1b: fis|spa|1
|-supereffective|p2b: Red Shell
|-damage|p2a: Super Horn|54/100
|-damage|p2b: Red Shell|0 fnt
|faint|p2b: Red Shell
|move|p1b: fis|Tailwind|p1b: fis
|-sidestart|p1: hunterdrago|move: Tailwind
|
|upkeep
|c|鈽唓what123|ohmygaaa
|c|鈽唄unterdrago|BIG FIS DMG
|inactive|qwhat123 has 30 seconds left.
|
|t:|1756510947
|switch|p2b: Bullet Bill|Basculegion, L50, M|100/100
|turn|2
|c|鈽唓what123|that was a -1 surf lmao
|c|鈽唄unterdrago|>:)
|inactive|qwhat123 has 30 seconds left.
|
|t:|1756510975
|-terastallize|p1b: fis|Fairy
|move|p2b: Bullet Bill|Protect|p2b: Bullet Bill
|-singleturn|p2b: Bullet Bill|Protect
|move|p1a: big fis|Surf|p2a: Super Horn|[spread] p2a
|-activate|p2b: Bullet Bill|move: Protect
|-ability|p1b: fis|Storm Drain|boost
|-boost|p1b: fis|spa|1
|-damage|p2a: Super Horn|10/100
|move|p1b: fis|Dazzling Gleam|p2a: Super Horn|[spread] p2a
|-activate|p2b: Bullet Bill|move: Protect
|-resisted|p2a: Super Horn
|-damage|p2a: Super Horn|0 fnt
|faint|p2a: Super Horn
|
|upkeep
|c| zuiyyy|3 fish and a toxic guy
|
|t:|1756510988
|switch|p2a: CHAIN CHOMP|Garchomp, L50, F|100/100
|turn|3
|
|t:|1756511003
|move|p2a: CHAIN CHOMP|Poison Jab|p1b: fis
|-supereffective|p1b: fis
|-damage|p1b: fis|0 fnt
|faint|p1b: fis
|move|p1a: big fis|Surf|p2a: CHAIN CHOMP|[spread] p2a,p2b
|-resisted|p2b: Bullet Bill
|-damage|p2a: CHAIN CHOMP|63/100
|-damage|p2b: Bullet Bill|78/100
|move|p2b: Bullet Bill|Last Respects|p1a: big fis
|-supereffective|p1a: big fis
|-damage|p1a: big fis|0 fnt
|faint|p1a: big fis
|-damage|p2b: Bullet Bill|68/100|[from] item: Life Orb
|
|upkeep
|c|鈽唄unterdrago|NOOOOOOOOOO FISS
|
|t:|1756511011
|switch|p1a: ANNOYANCE|Illumise, L50, F|100/100
|switch|p1b: THE MOON RISES|Ursaluna-Bloodmoon, L50, M|100/100
|turn|4
|inactive|qwhat123 has 30 seconds left.
|
|t:|1756511041
|move|p1b: THE MOON RISES|Protect|p1b: THE MOON RISES
|-singleturn|p1b: THE MOON RISES|Protect
|move|p1a: ANNOYANCE|Encore|p2b: Bullet Bill
|-start|p2b: Bullet Bill|Encore
|move|p2a: CHAIN CHOMP|Scale Shot|p1b: THE MOON RISES
|-activate|p1b: THE MOON RISES|move: Protect
|move|p2b: Bullet Bill|Last Respects|p1b: THE MOON RISES
|-activate|p1b: THE MOON RISES|move: Protect
|
|-sideend|p1: hunterdrago|move: Tailwind
|-sideend|p2: qwhat123|move: Tailwind
|upkeep
|turn|5
|
|t:|1756511060
|move|p1a: ANNOYANCE|Tailwind|p1a: ANNOYANCE
|-sidestart|p1: hunterdrago|move: Tailwind
|move|p1b: THE MOON RISES|Blood Moon|p2a: CHAIN CHOMP
|-damage|p2a: CHAIN CHOMP|0 fnt
|faint|p2a: CHAIN CHOMP
|-damage|p1b: THE MOON RISES|91/100|[from] item: Life Orb
|move|p2b: Bullet Bill|Last Respects|p1a: ANNOYANCE
|-damage|p1a: ANNOYANCE|0 fnt
|faint|p1a: ANNOYANCE
|-damage|p2b: Bullet Bill|58/100|[from] item: Life Orb
|
|upkeep
|turn|6
|c|鈽唄unterdrago|DOUBLE FIS
|inactive|qwhat123 has 30 seconds left.
|
|t:|1756511088
|move|p1b: THE MOON RISES|Hyper Voice|p2b: Bullet Bill
|-damage|p2b: Bullet Bill|0 fnt
|faint|p2b: Bullet Bill
|-damage|p1b: THE MOON RISES|81/100|[from] item: Life Orb
|
|win|hunterdrago
|c|鈽唓what123|ggs
||qwhat123 is ready for game 2.
||hunterdrago is ready for game 2.
|uhtml|next|Next: Game 2 of 3
