|j|☆shawnie.d
|j|☆badluckryan
|html|shawnie.dbadluckryan    
|uhtml|bestof|Game 1 of a best-of-3
|t:|1785288289
|gametype|doubles
|player|p1|shawnie.d|170|
|player|p2|badluckryan|266|
|gen|9
|tier|[Gen 9 Champions] VGC 2026 Reg M-B (Bo3)
|rule|Species Clause: Limit one of each Pokémon
|rule|Item Clause: Limit 1 of each item
|clearpoke
|poke|p1|Chandelure, L50, F|
|poke|p1|Garchomp, L50, M|
|poke|p1|Scolipede, L50, F|
|poke|p1|Tsareena, L50, F|
|poke|p1|Whimsicott, L50, F, shiny|
|poke|p1|Basculegion, L50, M|
|poke|p2|Alakazam, L50, M|
|poke|p2|Meowstic, L50, M|
|poke|p2|Sneasler, L50, M|
|poke|p2|Scrafty, L50, F|
|poke|p2|Emboar, L50, M|
|poke|p2|Politoed, L50, F|
|teampreview|4
|showteam|p1|Chandelure||Chandelurite|Infiltrator|HeatWave,ShadowBall,Protect,TrickRoom|Modest||F|||50|]Garchomp||LifeOrb|RoughSkin|StompingTantrum,DragonClaw,Protect,RockSlide|Jolly||M|||50|]Scolipede||Scolipite|SpeedBoost|PoisonJab,LeechLife,Protect,SwordsDance|Adamant||F|||50|]Tsareena||WideLens|QueenlyMajesty|PowerWhip,TripleAxel,Protect,HelpingHand|Adamant||F|||50|]Whimsicott||FocusSash|Prankster|Moonblast,GigaDrain,SunnyDay,Tailwind|Modest||F|||50|]Basculegion||ChoiceScarf|Adaptability|LastRespects,FlipTurn,AquaJet,WaveCrash|Jolly||M|||50|
|showteam|p2|Alakazam||Alakazite|InnerFocus|ExpandingForce,DazzlingGleam,FocusBlast,Protect|Modest||M|||50|]Meowstic||TwistedSpoon|Prankster|FakeOut,ExpandingForce,PsychicTerrain,Protect|Modest||M|||50|]Sneasler||FocusSash|Unburden|DireClaw,CloseCombat,FakeOut,Protect|Adamant||M|||50|]Scrafty||SitrusBerry|Intimidate|FakeOut,KnockOff,CloseCombat,Protect|Careful||F|||50|]Emboar||Emboarite|Reckless|BulkUp,FlareBlitz,DrainPunch,Protect|Adamant||M|||50|]Politoed||Leftovers|Drizzle|MuddyWater,EarthPower,PerishSong,Protect|Modest||F|||50|
|c|☆shawnie.d|Do you see a way to get the replay link?
|
|t:|1785288471
|teamsize|p1|4
|teamsize|p2|4
|start
|switch|p1a: Chandelure|Chandelure, L50, F|100/100
|switch|p1b: Whimsicott|Whimsicott, L50, F, shiny|100/100
|switch|p2a: Meowstic|Meowstic, L50, M|100/100
|switch|p2b: Sneasler|Sneasler, L50, M|100/100
|turn|1
|j| myriadonphone
|
|t:|1785288534
|detailschange|p1a: Chandelure|Chandelure-Mega, L50, F
|-mega|p1a: Chandelure|Chandelure|Chandelurite
|move|p2a: Meowstic|Fake Out|p1b: Whimsicott
|-damage|p1b: Whimsicott|94/100
|cant|p1b: Whimsicott|flinch
|move|p2b: Sneasler|Dire Claw|p1b: Whimsicott
|-supereffective|p1b: Whimsicott|2
|-damage|p1b: Whimsicott|0 fnt
|faint|p1b: Whimsicott
|move|p1a: Chandelure|Shadow Ball|p2a: Meowstic
|-supereffective|p2a: Meowstic|1
|-damage|p2a: Meowstic|0 fnt
|faint|p2a: Meowstic
|
|upkeep
|
|t:|1785288557
|switch|p2a: Alakazam|Alakazam, L50, M|100/100
|switch|p1b: Garchomp|Garchomp, L50, M|100/100
|turn|2
|l| myriadonphone
|
|t:|1785288596
|detailschange|p2a: Alakazam|Alakazam-Mega, L50, M
|-mega|p2a: Alakazam|Alakazam|Alakazite
|-ability|p2a: Alakazam|Infiltrator|Trace|[from] ability: Trace|[of] p1a: Chandelure
|move|p1b: Garchomp|Protect|p1b: Garchomp
|-singleturn|p1b: Garchomp|Protect
|move|p1a: Chandelure|Protect|p1a: Chandelure
|-singleturn|p1a: Chandelure|Protect
|move|p2a: Alakazam|Dazzling Gleam|p1b: Garchomp|[spread] 
|-activate|p1a: Chandelure|move: Protect
|-activate|p1b: Garchomp|move: Protect
|move|p2b: Sneasler|Close Combat|p1b: Garchomp
|-activate|p1b: Garchomp|move: Protect
|
|upkeep
|turn|3
|
|t:|1785288637
|move|p2a: Alakazam|Protect|p2a: Alakazam
|-singleturn|p2a: Alakazam|Protect
|move|p2b: Sneasler|Close Combat|p1b: Garchomp
|-damage|p1b: Garchomp|37/100
|-unboost|p2b: Sneasler|def|1
|-unboost|p2b: Sneasler|spd|1
|-damage|p2b: Sneasler|87/100|[from] ability: Rough Skin|[of] p1b: Garchomp
|move|p1b: Garchomp|Dragon Claw|p2a: Alakazam
|-activate|p2a: Alakazam|move: Protect
|move|p1a: Chandelure|Shadow Ball|p2a: Alakazam
|-activate|p2a: Alakazam|move: Protect
|
|upkeep
|turn|4
|
|t:|1785288662
|move|p1b: Garchomp|Protect|p1b: Garchomp
|-singleturn|p1b: Garchomp|Protect
|move|p2a: Alakazam|Dazzling Gleam|p1a: Chandelure|[spread] p1a
|-activate|p1b: Garchomp|move: Protect
|-resisted|p1a: Chandelure|1
|-damage|p1a: Chandelure|84/100
|move|p2b: Sneasler|Dire Claw|p1a: Chandelure
|-resisted|p1a: Chandelure|1
|-damage|p1a: Chandelure|61/100
|move|p1a: Chandelure|Trick Room|p1a: Chandelure
|-fieldstart|move: Trick Room|[of] p1a: Chandelure
|
|upkeep
|turn|5
|
|t:|1785288681
|switch|p2a: Scrafty|Scrafty, L50, F|100/100
|-ability|p2a: Scrafty|Intimidate|boost
|-unboost|p1a: Chandelure|atk|1
|-unboost|p1b: Garchomp|atk|1
|move|p2b: Sneasler|Protect|p2b: Sneasler
|-singleturn|p2b: Sneasler|Protect
|move|p1a: Chandelure|Heat Wave|p2a: Scrafty|[spread] p2a
|-activate|p2b: Sneasler|move: Protect
|-damage|p2a: Scrafty|64/100
|move|p1b: Garchomp|Rock Slide|p2b: Sneasler|[spread] p2a
|-activate|p2b: Sneasler|move: Protect
|-resisted|p2a: Scrafty|1
|-damage|p2a: Scrafty|56/100
|-damage|p1b: Garchomp|28/100|[from] item: Life Orb
|
|upkeep
|turn|6
|j| myriadonphone
|
|t:|1785288708
|switch|p2b: Alakazam|Alakazam-Mega, L50, M|100/100
|-ability|p2b: Alakazam|Infiltrator|Trace|[from] ability: Trace|[of] p1a: Chandelure
|move|p2a: Scrafty|Fake Out|p1b: Garchomp
|-damage|p1b: Garchomp|17/100
|-damage|p2a: Scrafty|44/100|[from] ability: Rough Skin|[of] p1b: Garchomp
|-enditem|p2a: Scrafty|Sitrus Berry|[eat]
|-heal|p2a: Scrafty|69/100|[from] item: Sitrus Berry
|move|p1a: Chandelure|Shadow Ball|p2a: Scrafty
|-resisted|p2a: Scrafty|1
|-damage|p2a: Scrafty|50/100g
|-unboost|p2a: Scrafty|spd|1
|cant|p1b: Garchomp|flinch
|
|upkeep
|turn|7
|
|t:|1785288760
|move|p1b: Garchomp|Protect|p1b: Garchomp
|-singleturn|p1b: Garchomp|Protect
|move|p2a: Scrafty|Knock Off|p1a: Chandelure
|-supereffective|p1a: Chandelure|1
|-damage|p1a: Chandelure|15/100
|move|p1a: Chandelure|Heat Wave|p2a: Scrafty|[spread] p2a,p2b
|-damage|p2a: Scrafty|0 fnt
|-damage|p2b: Alakazam|40/100
|faint|p2a: Scrafty
|move|p2b: Alakazam|Dazzling Gleam|p1a: Chandelure|[spread] p1a
|-activate|p1b: Garchomp|move: Protect
|-resisted|p1a: Chandelure|1
|-damage|p1a: Chandelure|0 fnt
|faint|p1a: Chandelure
|
|upkeep
|
|t:|1785288776
|switch|p2a: Sneasler|Sneasler, L50, M|87/100
|switch|p1a: Basculegion|Basculegion, L50, M|100/100
|turn|8
|l| myriadonphone
|
|t:|1785288809
|move|p2b: Alakazam|Protect|p2b: Alakazam
|-singleturn|p2b: Alakazam|Protect
|move|p2a: Sneasler|Fake Out|p1b: Garchomp
|-damage|p1b: Garchomp|2/100
|-damage|p2a: Sneasler|75/100|[from] ability: Rough Skin|[of] p1b: Garchomp
|cant|p1b: Garchomp|flinch
|move|p1a: Basculegion|Last Respects|p2a: Sneasler
|-damage|p2a: Sneasler|0 fnt
|faint|p2a: Sneasler
|
|-fieldend|move: Trick Room
|upkeep
|turn|9
|
|t:|1785288826
|move|p1a: Basculegion|Last Respects|p2b: Alakazam
|-supereffective|p2b: Alakazam|1
|-damage|p2b: Alakazam|0 fnt
|faint|p2b: Alakazam
|
|win|shawnie.d
