|j|☆moth.o
|j|☆fanman64
|html|moth.ofanman64    
|uhtml|bestof|Game 3 of a best-of-3
|t:|1755731961
|gametype|doubles
|player|p1|moth.o|roxie|1139
|player|p2|fanman64|volkner|1198
|gen|9
|tier|[Gen 9] VGC 2025 Reg H (Bo3)
|rated|
|rule|Species Clause: Limit one of each Pokémon
|rule|Item Clause: Limit 1 of each item
|clearpoke
|poke|p1|Arcanine-Hisui, L50, F|
|poke|p1|Indeedee-F, L50, F|
|poke|p1|Gallade, L50, M|
|poke|p1|Gholdengo, L50|
|poke|p1|Whimsicott, L50, M|
|poke|p1|Hydreigon, L50, F|
|poke|p2|Tyranitar, L50, F|
|poke|p2|Magmar, L50, M|
|poke|p2|Tauros-Paldea-Blaze, L50, M|
|poke|p2|Basculegion, L50, M|
|poke|p2|Rillaboom, L50, F|
|poke|p2|Kommo-o, L50, M|
|teampreview|4
|showteam|p1|Arcanine-Hisui||ClearAmulet|Intimidate|Protect,RockSlide,FlareBlitz,TeraBlast|||F|||50|,,,,,Fairy]Indeedee-F||SafetyGoggles|PsychicSurge|HealPulse,FollowMe,Psychic,HelpingHand|||F|||50|,,,,,Psychic]Gallade||LifeOrb|Sharpness|Protect,WideGuard,SacredSword,PsychoCut|||M|||50|,,,,,Ghost]Gholdengo||ChoiceSpecs|GoodasGold|MakeItRain,ShadowBall,Trick,PowerGem||||||50|,,,,,Steel]Whimsicott||CovertCloak|Prankster|SunnyDay,Moonblast,Encore,Tailwind|||M|||50|,,,,,Dark]Hydreigon||AssaultVest|Levitate|EarthPower,Snarl,DarkPulse,DracoMeteor|||F|||50|,,,,,Ghost
|showteam|p2|Tyranitar||AssaultVest|SandStream|RockSlide,KnockOff,LowKick,TeraBlast|||F|||50|,,,,,Flying]Magmar||Eviolite|VitalSpirit|Overheat,FollowMe,Protect,ClearSmog|||M|||50|,,,,,Fairy]Tauros-Paldea-Blaze||ClearAmulet|Intimidate|RagingBull,CloseCombat,Protect,WillOWisp|||M|||50|,,,,,Fighting]Basculegion||ChoiceScarf|Adaptability|WaveCrash,FlipTurn,LastRespects,AquaJet|||M|||50|,,,,,Water]Rillaboom||MiracleSeed|GrassySurge|WoodHammer,GrassyGlide,FakeOut,Uturn|||F|||50|,,,,,Grass]Kommo-o||ThroatSpray|Soundproof|ClangingScales,Flamethrower,Protect,ClangorousSoul|||M|||50|,,,,,Fire
|
|t:|1755732000
|teamsize|p1|4
|teamsize|p2|4
|start
|switch|p1a: Arcanine|Arcanine-Hisui, L50, F|100/100
|switch|p1b: Gholdengo|Gholdengo, L50|100/100
|switch|p2a: Rillaboom|Rillaboom, L50, F|100/100
|switch|p2b: Tauros|Tauros-Paldea-Blaze, L50, M|100/100
|-ability|p1a: Arcanine|Intimidate|boost
|-unboost|p2a: Rillaboom|atk|1
|-fail|p2b: Tauros|unboost|[from] item: Clear Amulet|[of] p2b: Tauros
|-ability|p2b: Tauros|Intimidate|boost
|-fail|p1a: Arcanine|unboost|[from] item: Clear Amulet|[of] p1a: Arcanine
|-unboost|p1b: Gholdengo|atk|1
|-fieldstart|move: Grassy Terrain|[from] ability: Grassy Surge|[of] p2a: Rillaboom
|turn|1
|
|t:|1755732032
|move|p1a: Arcanine|Protect|p1a: Arcanine
|-singleturn|p1a: Arcanine|Protect
|move|p2a: Rillaboom|Fake Out|p1a: Arcanine
|-activate|p1a: Arcanine|move: Protect
|move|p1b: Gholdengo|Shadow Ball|p2b: Tauros
|-damage|p2b: Tauros|8/100
|move|p2b: Tauros|Raging Bull|p1b: Gholdengo
|-supereffective|p1b: Gholdengo
|-damage|p1b: Gholdengo|0 fnt
|faint|p1b: Gholdengo
|
|-heal|p2b: Tauros|14/100|[from] Grassy Terrain
|upkeep
|
|t:|1755732050
|switch|p1b: Whimsicott|Whimsicott, L50, M, shiny|100/100
|turn|2
|
|t:|1755732061
|switch|p2a: Basculegion|Basculegion, L50, M|100/100
|move|p1b: Whimsicott|Moonblast|p2b: Tauros
|-crit|p2b: Tauros
|-damage|p2b: Tauros|0 fnt
|faint|p2b: Tauros
|move|p1a: Arcanine|Flare Blitz|p2a: Basculegion
|-resisted|p2a: Basculegion
|-damage|p2a: Basculegion|64/100
|-damage|p1a: Arcanine|87/100|[from] Recoil
|
|-heal|p2a: Basculegion|70/100|[from] Grassy Terrain
|-heal|p1a: Arcanine|93/100|[from] Grassy Terrain
|upkeep
|
|t:|1755732073
|switch|p2b: Rillaboom|Rillaboom, L50, F|100/100
|turn|3
|
|t:|1755732085
|move|p1a: Arcanine|Protect|p1a: Arcanine
|-singleturn|p1a: Arcanine|Protect
|move|p2a: Basculegion|Aqua Jet|p1a: Arcanine
|-activate|p1a: Arcanine|move: Protect
|move|p1b: Whimsicott|Tailwind|p1b: Whimsicott
|-sidestart|p1: moth.o|move: Tailwind
|move|p2b: Rillaboom|U-turn|p1b: Whimsicott
|-damage|p1b: Whimsicott|71/100
|
|t:|1755732094
|switch|p2b: Kommo-o|Kommo-o, L50, M|100/100|[from] U-turn
|
|-heal|p1b: Whimsicott|76/100|[from] Grassy Terrain
|-heal|p1a: Arcanine|99/100|[from] Grassy Terrain
|-heal|p2a: Basculegion|76/100|[from] Grassy Terrain
|upkeep
|turn|4
|
|t:|1755732112
|-terastallize|p1a: Arcanine|Fairy
|-terastallize|p2a: Basculegion|Water
|move|p1b: Whimsicott|Sunny Day|p1b: Whimsicott
|-weather|SunnyDay
|move|p2a: Basculegion|Aqua Jet|p1a: Arcanine
|-damage|p1a: Arcanine|82/100
|move|p1a: Arcanine|Tera Blast|p2b: Kommo-o|[anim] Tera Blast Fairy
|-supereffective|p2b: Kommo-o
|-damage|p2b: Kommo-o|0 fnt
|faint|p2b: Kommo-o
|
|-weather|SunnyDay|[upkeep]
|-heal|p1b: Whimsicott|82/100|[from] Grassy Terrain
|-heal|p1a: Arcanine|88/100|[from] Grassy Terrain
|-heal|p2a: Basculegion|83/100|[from] Grassy Terrain
|upkeep
|
|t:|1755732122
|switch|p2b: Rillaboom|Rillaboom, L50, F|100/100
|turn|5
|
|t:|1755732143
|move|p1a: Arcanine|Protect|p1a: Arcanine
|-singleturn|p1a: Arcanine|Protect
|move|p2a: Basculegion|Aqua Jet|p1b: Whimsicott
|-resisted|p1b: Whimsicott
|-damage|p1b: Whimsicott|74/100
|move|p1b: Whimsicott|Moonblast|p2b: Rillaboom
|-damage|p2b: Rillaboom|69/100
|move|p2b: Rillaboom|Wood Hammer|p1b: Whimsicott
|-resisted|p1b: Whimsicott
|-damage|p1b: Whimsicott|21/100
|-damage|p2b: Rillaboom|55/100|[from] Recoil
|
|-weather|SunnyDay|[upkeep]
|-heal|p1b: Whimsicott|27/100|[from] Grassy Terrain
|-heal|p1a: Arcanine|93/100|[from] Grassy Terrain
|-heal|p2a: Basculegion|89/100|[from] Grassy Terrain
|-heal|p2b: Rillaboom|61/100|[from] Grassy Terrain
|-fieldend|move: Grassy Terrain
|upkeep
|turn|6
|
|t:|1755732168
|move|p2a: Basculegion|Aqua Jet|p1a: Arcanine
|-damage|p1a: Arcanine|76/100
|move|p1b: Whimsicott|Moonblast|p2a: Basculegion
|-damage|p2a: Basculegion|58/100
|move|p1a: Arcanine|Flare Blitz|p2b: Rillaboom
|-supereffective|p2b: Rillaboom
|-damage|p2b: Rillaboom|0 fnt
|faint|p2b: Rillaboom
|-damage|p1a: Arcanine|52/100|[from] Recoil
|
|-weather|SunnyDay|[upkeep]
|-sideend|p1: moth.o|move: Tailwind
|upkeep
|turn|7
|
|t:|1755732188
|move|p2a: Basculegion|Aqua Jet|p1a: Arcanine
|-damage|p1a: Arcanine|35/100
|move|p1b: Whimsicott|Moonblast|p2a: Basculegion
|-damage|p2a: Basculegion|26/100
|move|p1a: Arcanine|Tera Blast|p2a: Basculegion|[anim] Tera Blast Fairy
|-damage|p2a: Basculegion|0 fnt
|faint|p2a: Basculegion
|
|win|moth.o
|raw|moth.o's rating: 1139 → 1168(+29 for winning)
|raw|fanman64's rating: 1198 → 1169(-29 for losing)
|l|☆fanman64
|player|p2|
|l|☆moth.o
|player|p1|
|j|☆moth.o
|player|p1|moth.o|roxie|
|l|☆moth.o
|player|p1|
|j|☆moth.o
|player|p1|moth.o|roxie|
