|j|☆poukayak
|j|☆Tyler478
|html|poukayakTyler478    
|uhtml|bestof|Game 2 of a best-of-3
|t:|1785005997
|gametype|doubles
|player|p1|poukayak|266|
|player|p2|Tyler478|cynthia|
|gen|9
|tier|[Gen 9 Champions] VGC 2026 Reg M-B (Bo3)
|rule|Species Clause: Limit one of each Pokémon
|rule|Item Clause: Limit 1 of each item
|clearpoke
|poke|p1|Raichu, L50, F|
|poke|p1|Gholdengo, L50|
|poke|p1|Incineroar, L50, F|
|poke|p1|Aggron, L50, F|
|poke|p1|Whimsicott, L50, F|
|poke|p1|Primarina, L50, M|
|poke|p2|Golurk, L50|
|poke|p2|Mawile, L50, M|
|poke|p2|Farigiraf, L50, M|
|poke|p2|Sinistcha, L50|
|poke|p2|Araquanid, L50, M, shiny|
|poke|p2|Gallade, L50, M|
|teampreview|4
|showteam|p1|Raichu||RaichuniteY|LightningRod|FakeOut,ZapCannon,FocusBlast,Protect|Hasty||F|||50|]Gholdengo||WhiteHerb|GoodasGold|MakeItRain,NastyPlot,Protect,ShadowBall|Modest|||||50|]Incineroar||SitrusBerry|Intimidate|FakeOut,FlareBlitz,PartingShot,DarkestLariat|Adamant||F|||50|]Aggron||Aggronite|Sturdy|BodyPress,IronDefense,HeavySlam,Protect|Careful||F|||50|]Whimsicott||FocusSash|Prankster|Encore,TrickRoom,Tailwind,Moonblast|Timid||F|||50|]Primarina||LifeOrb|LiquidVoice|HyperVoice,Moonblast,Protect,EnergyBall|Modest||M|||50|
|showteam|p2|Golurk||Golurkite|IronFist|HeadlongRush,Poltergeist,IcePunch,Protect|Brave|||||50|]Mawile||Mawilite|Intimidate|PlayRough,RockSlide,SuckerPunch,Protect|Brave||M|||50|]Farigiraf||SitrusBerry|ArmorTail|Psychic,Thunder,Roar,TrickRoom|Bold||M|||50|]Sinistcha||CobaBerry|Hospitality|RagePowder,MatchaGotcha,Protect,TrickRoom|Bold|||||50|]Araquanid||MysticWater|WaterBubble|Liquidation,Protect,WideGuard,MirrorCoat|Careful||M|||50|]Gallade||FocusSash|Sharpness|SacredSword,TrickRoom,LeafBlade,Protect|Adamant||M|||50|
|j| loxyss23
|j| andrukarman
|j| nowerd
|j| santiastidias27
|c| santiastidias27|Empiecen
|c| andrukarman|el raichu y es el fisico o el especial?
|
|t:|1785006048
|teamsize|p1|4
|teamsize|p2|4
|start
|switch|p1a: Incineroar|Incineroar, L50, F|100/100
|switch|p1b: Gholdengo|Gholdengo, L50|100/100
|switch|p2a: JustPlushie|Farigiraf, L50, M|100/100
|switch|p2b: Gallade|Gallade, L50, M|100/100
|-ability|p1a: Incineroar|Intimidate|boost
|-unboost|p2a: JustPlushie|atk|1
|-unboost|p2b: Gallade|atk|1
|turn|1
|c| nowerd|O talvez es para otros raichus
|
|t:|1785006068
|move|p1b: Gholdengo|Shadow Ball|p2b: Gallade
|-supereffective|p2b: Gallade|1
|-damage|p2b: Gallade|3/100
|move|p1a: Incineroar|Darkest Lariat|p2a: JustPlushie
|-supereffective|p2a: JustPlushie|1
|-damage|p2a: JustPlushie|48/100
|-enditem|p2a: JustPlushie|Sitrus Berry|[eat]
|-heal|p2a: JustPlushie|73/100|[from] item: Sitrus Berry
|move|p2a: JustPlushie|Roar|p1b: Gholdengo
|-immune|p1b: Gholdengo|[from] ability: Good as Gold
|move|p2b: Gallade|Trick Room|p2b: Gallade
|-fieldstart|move: Trick Room|[of] p2b: Gallade
|
|upkeep
|turn|2
|c|☆Tyler478|ruh
|c|☆Tyler478|i forgot
|
|t:|1785006092
|move|p1a: Incineroar|Darkest Lariat|p2b: Gallade
|-damage|p2b: Gallade|0 fnt
|faint|p2b: Gallade
|move|p2a: JustPlushie|Thunder|p1b: Gholdengo
|-damage|p1b: Gholdengo|72/100
|move|p1b: Gholdengo|Nasty Plot|p1b: Gholdengo
|-boost|p1b: Gholdengo|spa|2
|
|upkeep
|
|t:|1785006101
|switch|p2b: Kamogawa|Golurk, L50|100/100
|turn|3
|
|t:|1785006123
|move|p1b: Gholdengo|Protect|p1b: Gholdengo
|-singleturn|p1b: Gholdengo|Protect
|move|p2b: Kamogawa|Headlong Rush|p1a: Incineroar
|-supereffective|p1a: Incineroar|1
|-damage|p1a: Incineroar|0 fnt
|-unboost|p2b: Kamogawa|def|1
|-unboost|p2b: Kamogawa|spd|1
|faint|p1a: Incineroar
|move|p2a: JustPlushie|Psychic|p1b: Gholdengo
|-activate|p1b: Gholdengo|move: Protect
|
|upkeep
|
|t:|1785006134
|switch|p1a: Aggron|Aggron, L50, F|100/100
|turn|4
|
|t:|1785006157
|switch|p2a: Alexa|Mawile, L50, M|100/100
|-ability|p2a: Alexa|Intimidate|boost
|-unboost|p1a: Aggron|atk|1
|-unboost|p1b: Gholdengo|atk|1
|-enditem|p1b: Gholdengo|White Herb
|-clearnegativeboost|p1b: Gholdengo|[silent]
|detailschange|p1a: Aggron|Aggron-Mega, L50, F
|-mega|p1a: Aggron|Aggron|Aggronite
|move|p2b: Kamogawa|Headlong Rush|p1b: Gholdengo
|-supereffective|p1b: Gholdengo|1
|-damage|p1b: Gholdengo|0 fnt
|-unboost|p2b: Kamogawa|def|1
|-unboost|p2b: Kamogawa|spd|1
|faint|p1b: Gholdengo
|move|p1a: Aggron|Iron Defense|p1a: Aggron
|-boost|p1a: Aggron|def|2
|
|upkeep
|
|t:|1785006167
|switch|p1b: Whimsicott|Whimsicott, L50, F|100/100
|turn|5
|
|t:|1785006180
|detailschange|p2a: Alexa|Mawile-Mega, L50, M
|-mega|p2a: Alexa|Mawile|Mawilite
|move|p2a: Alexa|Rock Slide|p1b: Whimsicott|[spread] p1a,p1b
|-resisted|p1a: Aggron|1
|-damage|p1a: Aggron|94/100
|-damage|p1b: Whimsicott|57/100
|move|p2b: Kamogawa|Headlong Rush|p1a: Aggron
|-supereffective|p1a: Aggron|1
|-damage|p1a: Aggron|63/100
|-unboost|p2b: Kamogawa|def|1
|-unboost|p2b: Kamogawa|spd|1
|move|p1a: Aggron|Iron Defense|p1a: Aggron
|-boost|p1a: Aggron|def|2
|move|p1b: Whimsicott|Moonblast|p2b: Kamogawa
|-damage|p2b: Kamogawa|32/100
|-unboost|p2b: Kamogawa|spa|1
|
|-fieldend|move: Trick Room
|upkeep
|turn|6
|
|t:|1785006212
|move|p1b: Whimsicott|Moonblast|p2b: Kamogawa
|-damage|p2b: Kamogawa|0 fnt
|faint|p2b: Kamogawa
|move|p1a: Aggron|Body Press|p2a: Alexa
|-damage|p2a: Alexa|0 fnt
|faint|p2a: Alexa
|
|upkeep
|
|t:|1785006219
|switch|p2b: JustPlushie|Farigiraf, L50, M|73/100
|turn|7
|
|t:|1785006224
|move|p1b: Whimsicott|Moonblast|p2b: JustPlushie
|-damage|p2b: JustPlushie|49/100
|move|p2b: JustPlushie|Psychic|p1a: Aggron
|-resisted|p1a: Aggron|1
|-damage|p1a: Aggron|48/100
|move|p1a: Aggron|Body Press|p2b: JustPlushie
|-damage|p2b: JustPlushie|0 fnt
|faint|p2b: JustPlushie
|
|win|poukayak
|c| loxyss23|THE WALL
|c| nowerd|Gg
|c|☆Tyler478|vaya
|c| andrukarman|ps ggs
|c|☆Tyler478|el aggron me jodio mas de lo que espere
|c|☆Tyler478|gg
|l| nowerd
|c|☆poukayak|Gg
|l|☆poukayak
|player|p1|
|l| loxyss23
|l|☆Tyler478
|player|p2|
|l| santiastidias27
