|j|☆Kochiloco
|j|☆EdRedRyan
|html|KochilocoEdRedRyan    
|uhtml|bestof|Game 1 of a best-of-3
|t:|1784607428
|gametype|doubles
|player|p1|Kochiloco|alder|1099
|player|p2|EdRedRyan|gambler|1000
|gen|9
|tier|[Gen 9 Champions] VGC 2026 Reg M-B (Bo3)
|rated|
|rule|Species Clause: Limit one of each Pokémon
|rule|Item Clause: Limit 1 of each item
|clearpoke
|poke|p1|Delphox, L50, M|
|poke|p1|Floette-Eternal, L50, F|
|poke|p1|Sinistcha, L50|
|poke|p1|Sneasler, L50, F|
|poke|p1|Basculegion, L50, M|
|poke|p1|Incineroar, L50, F, shiny|
|poke|p2|Whimsicott, L50, M|
|poke|p2|Raichu, L50, F|
|poke|p2|Archaludon, L50, F|
|poke|p2|Pelipper, L50, F|
|poke|p2|Bellibolt, L50, M|
|poke|p2|Snorlax, L50, F|
|teampreview|4
|showteam|p1|Delphox||Delphoxite|Blaze|HeatWave,Psychic,NastyPlot,Protect|Timid||M|||50|]Floette-Eternal||Floettite|FlowerVeil|DazzlingGleam,DrainingKiss,CalmMind,Protect|Modest||F|||50|]Sinistcha||KasibBerry|Hospitality|MatchaGotcha,LifeDew,RagePowder,TrickRoom|Bold|||||50|]Sneasler||WhiteHerb|Unburden|DireClaw,CloseCombat,FakeOut,Protect|Jolly||F|||50|]Basculegion||FocusSash|Adaptability|Liquidation,AquaJet,LastRespects,Protect|Adamant||M|||50|]Incineroar||SitrusBerry|Intimidate|FakeOut,FlareBlitz,ThroatChop,PartingShot|Careful||F|||50|
|showteam|p2|Whimsicott||FocusSash|Prankster|TrickRoom,Tailwind,Moonblast,Endeavor|Relaxed||M|||50|]Raichu||RaichuniteX|LightningRod|VoltTackle,FakeOut,VoltSwitch,Protect|Jolly||F|||50|]Archaludon||Leftovers|Stamina|Rest,ElectroShot,DragonPulse,Protect|Modest||F|||50|]Pelipper||DampRock|Drizzle|Hurricane,Tailwind,WeatherBall,WideGuard|Modest||F|||50|]Bellibolt||LifeOrb|Electromorphosis|ParabolicCharge,Discharge,Protect,MuddyWater|Modest||M|||50|]Snorlax||SitrusBerry|Gluttony|Rest,BellyDrum,BodySlam,DoubleEdge|Adamant||F|||50|
|inactive|Battle timer is ON: inactive players will automatically lose when time's up. (requested by Kochiloco)
|
|t:|1784607456
|teamsize|p1|4
|teamsize|p2|4
|start
|switch|p1a: Delphox|Delphox, L50, M|100/100
|switch|p1b: Incineroar|Incineroar, L50, F, shiny|100/100
|switch|p2a: Whimsicott|Whimsicott, L50, M|100/100
|switch|p2b: Raichu|Raichu, L50, F|100/100
|-ability|p1b: Incineroar|Intimidate|boost
|-unboost|p2a: Whimsicott|atk|1
|-unboost|p2b: Raichu|atk|1
|turn|1
|
|t:|1784607481
|detailschange|p1a: Delphox|Delphox-Mega, L50, M
|-mega|p1a: Delphox|Delphox|Delphoxite
|move|p2b: Raichu|Fake Out|p1b: Incineroar
|-damage|p1b: Incineroar|91/100
|cant|p1b: Incineroar|flinch
|move|p1a: Delphox|Heat Wave|p2a: Whimsicott|[spread] p2b
|-miss|p1a: Delphox|p2a: Whimsicott
|-damage|p2b: Raichu|35/100
|move|p2a: Whimsicott|Trick Room|p2a: Whimsicott
|-fieldstart|move: Trick Room|[of] p2a: Whimsicott
|
|upkeep
|turn|2
|inactive|Kochiloco has 30 seconds left.
|inactive|EdRedRyan has 30 seconds left.
|
|t:|1784607512
|switch|p1b: Floette|Floette-Eternal, L50, F|100/100
|switch|p2a: Pelipper|Pelipper, L50, F|100/100
|-weather|RainDance|[from] ability: Drizzle|[of] p2a: Pelipper
|detailschange|p2b: Raichu|Raichu-Mega-X, L50, F
|-mega|p2b: Raichu|Raichu|Raichunite X
|-fieldstart|move: Electric Terrain|[from] ability: Electric Surge|[of] p2b: Raichu
|move|p2b: Raichu|Volt Switch|p1b: Floette
|-damage|p1b: Floette|77/100
|
|t:|1784607523
|switch|p2b: Archaludon|Archaludon, L50, F|100/100|[from] Volt Switch
|move|p1a: Delphox|Heat Wave|p2a: Pelipper|[spread] p2a,p2b
|-resisted|p2a: Pelipper|1
|-damage|p2a: Pelipper|83/100
|-damage|p2b: Archaludon|76/100
|-status|p2a: Pelipper|brn
|-ability|p2b: Archaludon|Stamina|boost
|-boost|p2b: Archaludon|def|1
|
|-weather|RainDance|[upkeep]
|-heal|p2b: Archaludon|81/100|[from] item: Leftovers
|-damage|p2a: Pelipper|77/100 brn|[from] brn
|upkeep
|turn|3
|
|t:|1784607543
|switch|p1a: Incineroar|Incineroar, L50, F, shiny|91/100
|-ability|p1a: Incineroar|Intimidate|boost
|-unboost|p2a: Pelipper|atk|1
|-unboost|p2b: Archaludon|atk|1
|move|p2a: Pelipper|Weather Ball|p1a: Incineroar
|-supereffective|p1a: Incineroar|1
|-damage|p1a: Incineroar|0 fnt
|faint|p1a: Incineroar
|move|p2b: Archaludon|Electro Shot||[still]
|-prepare|p2b: Archaludon|Electro Shot
|-boost|p2b: Archaludon|spa|1
|-anim|p2b: Archaludon|Electro Shot|p1b: Floette
|-damage|p1b: Floette|4/100
|move|p1b: Floette|Draining Kiss|p2b: Archaludon
|-damage|p2b: Archaludon|50/100g
|-heal|p1b: Floette|32/100|[from] drain|[of] p2b: Archaludon
|-ability|p2b: Archaludon|Stamina|boost
|-boost|p2b: Archaludon|def|1
|
|-weather|RainDance|[upkeep]
|-heal|p2b: Archaludon|56/100|[from] item: Leftovers
|-damage|p2a: Pelipper|72/100 brn|[from] brn
|upkeep
|
|t:|1784607563
|switch|p1a: Basculegion|Basculegion, L50, M|100/100
|turn|4
|
|t:|1784607580
|move|p1b: Floette|Protect|p1b: Floette
|-singleturn|p1b: Floette|Protect
|move|p2a: Pelipper|Hurricane|p1a: Basculegion
|-damage|p1a: Basculegion|43/100
|move|p2b: Archaludon|Rest||[still]
|-activate|p2b: Archaludon|move: Electric Terrain
|-fail|p2b: Archaludon
|move|p1a: Basculegion|Last Respects|p2b: Archaludon
|-damage|p2b: Archaludon|26/100
|-ability|p2b: Archaludon|Stamina|boost
|-boost|p2b: Archaludon|def|1
|
|-weather|RainDance|[upkeep]
|-heal|p2b: Archaludon|32/100|[from] item: Leftovers
|-damage|p2a: Pelipper|66/100 brn|[from] brn
|upkeep
|turn|5
|inactive|EdRedRyan has 30 seconds left.
|inactive|Kochiloco has 30 seconds left.
|inactive|EdRedRyan has 20 seconds left.
|
|t:|1784607616
|move|p1a: Basculegion|Protect|p1a: Basculegion
|-singleturn|p1a: Basculegion|Protect
|move|p2a: Pelipper|Hurricane|p1a: Basculegion
|-activate|p1a: Basculegion|move: Protect
|move|p2b: Archaludon|Electro Shot||[still]
|-prepare|p2b: Archaludon|Electro Shot
|-boost|p2b: Archaludon|spa|1
|-anim|p2b: Archaludon|Electro Shot|p1b: Floette
|-damage|p1b: Floette|0 fnt
|faint|p1b: Floette
|
|-weather|RainDance|[upkeep]
|-heal|p2b: Archaludon|37/100|[from] item: Leftovers
|-damage|p2a: Pelipper|61/100 brn|[from] brn
|-fieldend|move: Trick Room
|upkeep
|
|t:|1784607630
|switch|p1b: Delphox|Delphox-Mega, L50, M|100/100
|turn|6
|
|t:|1784607639
|move|p1b: Delphox|Psychic|p2a: Pelipper
|-damage|p2a: Pelipper|0 fnt
|faint|p2a: Pelipper
|move|p1a: Basculegion|Last Respects|p2b: Archaludon
|-crit|p2b: Archaludon
|-damage|p2b: Archaludon|0 fnt
|faint|p2b: Archaludon
|
|-weather|RainDance|[upkeep]
|-fieldend|move: Electric Terrain
|upkeep
|
|t:|1784607648
|switch|p2b: Whimsicott|Whimsicott, L50, M|100/100
|switch|p2a: Raichu|Raichu-Mega-X, L50, F|35/100
|-fieldstart|move: Electric Terrain|[from] ability: Electric Surge|[of] p2a: Raichu
|turn|7
|
|t:|1784607670
|move|p1b: Delphox|Protect|p1b: Delphox
|-singleturn|p1b: Delphox|Protect
|move|p2a: Raichu|Protect|p2a: Raichu
|-singleturn|p2a: Raichu|Protect
|move|p1a: Basculegion|Protect|p1a: Basculegion
|-singleturn|p1a: Basculegion|Protect
|move|p2b: Whimsicott|Moonblast|p1a: Basculegion
|-activate|p1a: Basculegion|move: Protect
|
|-weather|RainDance|[upkeep]
|upkeep
|turn|8
|
|t:|1784607688
|move|p1a: Basculegion|Aqua Jet|p2a: Raichu
|-damage|p2a: Raichu|0 fnt
|faint|p2a: Raichu
|move|p2b: Whimsicott|Tailwind|p2b: Whimsicott
|-sidestart|p2: EdRedRyan|move: Tailwind
|move|p1b: Delphox|Heat Wave|p2b: Whimsicott
|-supereffective|p2b: Whimsicott|1
|-damage|p2b: Whimsicott|20/100y
|
|-weather|RainDance|[upkeep]
|upkeep
|turn|9
|
|t:|1784607700
|move|p1a: Basculegion|Aqua Jet|p2b: Whimsicott
|-resisted|p2b: Whimsicott|1
|-damage|p2b: Whimsicott|3/100
|move|p2b: Whimsicott|Endeavor|p1b: Delphox
|-damage|p1b: Delphox|4/100
|move|p1b: Delphox|Psychic|p2b: Whimsicott
|-damage|p2b: Whimsicott|0 fnt
|faint|p2b: Whimsicott
|
|win|Kochiloco
||Kochiloco is ready for game 2.
|inactive|EdRedRyan has 30 seconds to confirm battle start!
|l|☆Kochiloco
|player|p1|
|inactive|EdRedRyan has 20 seconds to confirm battle start!
|inactive|EdRedRyan has 10 seconds to confirm battle start!
