|j|â˜†kris778
|j|â˜†MizzleWaterCooler
|html|kris778MizzleWaterCooler    
|uhtml|bestof|Game 3 of a best-of-3
|t:|1756348697
|gametype|doubles
|player|p1|kris778|ethan|1134
|player|p2|MizzleWaterCooler|wallace|1143
|gen|9
|tier|[Gen 9] VGC 2025 Reg H (Bo3)
|rated|
|rule|Species Clause: Limit one of each PokÃ©mon
|rule|Item Clause: Limit 1 of each item
|clearpoke
|poke|p1|Electabuzz, L50, M|
|poke|p1|Kingambit, L50, F|
|poke|p1|Volcarona, L50, F|
|poke|p1|Dragonite, L50, F|
|poke|p1|Sneasler, L50, F|
|poke|p1|Rillaboom, L50, F|
|poke|p2|Ursaluna-Bloodmoon, L50, M|
|poke|p2|Indeedee, L50, M|
|poke|p2|Sneasler, L50, F|
|poke|p2|Talonflame, L50, M|
|poke|p2|Incineroar, L50, F|
|poke|p2|Electabuzz, L50, M|
|teampreview|4
|showteam|p1|Electabuzz||Eviolite|VitalSpirit|FollowMe,Thunderbolt,Taunt,Protect|||M|||50|,,,,,Ghost]Kingambit||BlackGlasses|Defiant|KowtowCleave,SuckerPunch,SwordsDance,Protect|||F|||50|,,,,,Dark]Volcarona||Leftovers|FlameBody|HeatWave,TeraBlast,QuiverDance,Protect|||F|||50|,,,,,Fairy]Dragonite||LoadedDice|Multiscale|ScaleShot,ExtremeSpeed,Haze,Protect|||F|||50|,,,,,Fairy]Sneasler||FocusSash|Unburden|DireClaw,CloseCombat,Coaching,FakeOut|||F|||50|,,,,,Stellar]Rillaboom||AssaultVest|GrassySurge|FakeOut,WoodHammer,GrassyGlide,HighHorsepower|||F|||50|,,,,,Fire
|showteam|p2|Ursaluna-Bloodmoon||LifeOrb|MindsEye|BloodMoon,EarthPower,HyperVoice,Protect|||M|||50|,,,,,Normal]Indeedee||FocusSash|PsychicSurge|ExpandingForce,HelpingHand,TrickRoom,Protect|||M|||50|,,,,,Psychic]Sneasler||PsychicSeed|Unburden|CloseCombat,DireClaw,ThroatChop,Protect|||F|||50|,,,,,Dark]Talonflame||CovertCloak|GaleWings|FlareBlitz,DualWingbeat,WillOWisp,Tailwind|||M|||50|,,,,,Fairy]Incineroar||SafetyGoggles|Intimidate|FlareBlitz,KnockOff,PartingShot,FakeOut|||F|||50|,,,,,Ghost]Electabuzz||Eviolite|VitalSpirit|Electroweb,FollowMe,Taunt,Protect|||M|||50|,,,,,Dragon
|
|t:|1756348777
|teamsize|p1|4
|teamsize|p2|4
|start
|switch|p1a: Electabuzz|Electabuzz, L50, M|100/100
|switch|p1b: Rillaboom|Rillaboom, L50, F|100/100
|switch|p2a: Talonflame|Talonflame, L50, M|100/100
|switch|p2b: Ursaluna|Ursaluna-Bloodmoon, L50, M|100/100
|-fieldstart|move: Grassy Terrain|[from] ability: Grassy Surge|[of] p1b: Rillaboom
|turn|1
|
|t:|1756348805
|-terastallize|p1b: Rillaboom|Fire
|move|p2b: Ursaluna|Protect|p2b: Ursaluna
|-singleturn|p2b: Ursaluna|Protect
|move|p2a: Talonflame|Tailwind|p2a: Talonflame
|-sidestart|p2: MizzleWaterCooler|move: Tailwind
|move|p1a: Electabuzz|Thunderbolt|p2a: Talonflame
|-supereffective|p2a: Talonflame
|-damage|p2a: Talonflame|13/100
|move|p1b: Rillaboom|Wood Hammer|p2a: Talonflame
|-resisted|p2a: Talonflame
|-damage|p2a: Talonflame|0 fnt
|faint|p2a: Talonflame
|-damage|p1b: Rillaboom|98/100|[from] Recoil
|
|-heal|p1b: Rillaboom|100/100|[from] Grassy Terrain
|upkeep
|
|t:|1756348860
|switch|p2a: Electabuzz|Electabuzz, L50, M|100/100
|turn|2
|
|t:|1756348925
|move|p2a: Electabuzz|Follow Me|p2a: Electabuzz
|-singleturn|p2a: Electabuzz|move: Follow Me
|move|p2b: Ursaluna|Earth Power|p1b: Rillaboom
|-supereffective|p1b: Rillaboom
|-damage|p1b: Rillaboom|4/100
|-damage|p2b: Ursaluna|91/100|[from] item: Life Orb
|move|p1a: Electabuzz|Taunt|p2a: Electabuzz
|-start|p2a: Electabuzz|move: Taunt
|move|p1b: Rillaboom|High Horsepower|p2a: Electabuzz
|-supereffective|p2a: Electabuzz
|-damage|p2a: Electabuzz|28/100
|
|-heal|p2a: Electabuzz|34/100|[from] Grassy Terrain
|-heal|p2b: Ursaluna|97/100|[from] Grassy Terrain
|-heal|p1b: Rillaboom|10/100|[from] Grassy Terrain
|upkeep
|turn|3
|
|t:|1756349015
|switch|p2a: Sneasler|Sneasler, L50, F|100/100
|-terastallize|p2b: Ursaluna|Normal
|move|p1b: Rillaboom|Grassy Glide|p2b: Ursaluna
|-crit|p2b: Ursaluna
|-damage|p2b: Ursaluna|52/100
|move|p2b: Ursaluna|Earth Power|p1a: Electabuzz
|-supereffective|p1a: Electabuzz
|-damage|p1a: Electabuzz|0 fnt
|faint|p1a: Electabuzz
|-damage|p2b: Ursaluna|42/100|[from] item: Life Orb
|
|-heal|p2b: Ursaluna|48/100|[from] Grassy Terrain
|-heal|p1b: Rillaboom|16/100|[from] Grassy Terrain
|upkeep
|
|t:|1756349047
|switch|p1a: Sneasler|Sneasler, L50, F|100/100
|turn|4
|
|t:|1756349135
|switch|p1b: Dragonite|Dragonite, L50, F|100/100
|move|p1a: Sneasler|Fake Out|p2b: Ursaluna
|-damage|p2b: Ursaluna|38/100
|move|p2a: Sneasler|Dire Claw|p1a: Sneasler
|-resisted|p1a: Sneasler
|-damage|p1a: Sneasler|65/100
|cant|p2b: Ursaluna|flinch
|
|-heal|p2b: Ursaluna|43/100|[from] Grassy Terrain
|-heal|p1a: Sneasler|71/100|[from] Grassy Terrain
|-sideend|p2: MizzleWaterCooler|move: Tailwind
|upkeep
|turn|5
|
|t:|1756349187
|move|p1a: Sneasler|Close Combat|p2a: Sneasler
|-resisted|p2a: Sneasler
|-damage|p2a: Sneasler|54/100
|-unboost|p1a: Sneasler|def|1
|-unboost|p1a: Sneasler|spd|1
|move|p2a: Sneasler|Dire Claw|p1b: Dragonite
|-damage|p1b: Dragonite|77/100
|-status|p1b: Dragonite|slp
|cant|p1b: Dragonite|slp
|move|p2b: Ursaluna|Hyper Voice|p1b: Dragonite|[spread] p1a,p1b
|-damage|p1a: Sneasler|0 fnt
|-damage|p1b: Dragonite|2/100 slp
|faint|p1a: Sneasler
|-damage|p2b: Ursaluna|34/100|[from] item: Life Orb
|
|-heal|p2a: Sneasler|60/100|[from] Grassy Terrain
|-heal|p2b: Ursaluna|40/100|[from] Grassy Terrain
|-fieldend|move: Grassy Terrain
|upkeep
|
|t:|1756349212
|switch|p1a: Rillaboom|Rillaboom, L50, F, tera:Fire|16/100
|-fieldstart|move: Grassy Terrain|[from] ability: Grassy Surge|[of] p1a: Rillaboom
|turn|6
|-message|kris778 forfeited.
|
|win|MizzleWaterCooler
|raw|kris778's rating: 1134 → 1110(-24 for losing)
|raw|MizzleWaterCooler's rating: 1143 → 1167(+24 for winning)
|l|â˜†kris778
|player|p1|
