|j|☆veryreally
|j|☆nice_flop
|html|veryreallynice_flop    
|uhtml|bestof|Game 2 of a best-of-3
|t:|1757667710
|gametype|doubles
|player|p1|veryreally|169|1172
|player|p2|nice_flop|1|1153
|gen|9
|tier|[Gen 9] VGC 2025 Reg H (Bo3)
|rated|
|rule|Species Clause: Limit one of each Pokémon
|rule|Item Clause: Limit 1 of each item
|clearpoke
|poke|p1|Baxcalibur, L50, F|
|poke|p1|Dondozo, L50, M|
|poke|p1|Kingambit, L50, M|
|poke|p1|Rillaboom, L50, M|
|poke|p1|Sneasler, L50, F|
|poke|p1|Volcarona, L50, M|
|poke|p2|Malamar, L50, F|
|poke|p2|Rillaboom, L50, F|
|poke|p2|Incineroar, L50, F|
|poke|p2|Primarina, L50, M|
|poke|p2|Pelipper, L50, M|
|poke|p2|Archaludon, L50, M|
|teampreview|4
|showteam|p1|Baxcalibur||LoadedDice|ThermalExchange|IcicleSpear,ScaleShot,Protect,IceShard|||F|||50|,,,,,Ghost]Dondozo||Leftovers|Unaware|Liquidation,Fissure,Protect,Yawn|||M|||50|,,,,,Bug]Kingambit||SafetyGoggles|Defiant|KowtowCleave,SuckerPunch,Protect,SwordsDance|||M|||50|,,,,,Dark]Rillaboom||AssaultVest|GrassySurge|FakeOut,GrassyGlide,HighHorsepower,WoodHammer|||M|||50|,,,,,Water]Sneasler||FocusSash|Unburden|DireClaw,CloseCombat,Protect,Coaching|||F|||50|,,,,,Stellar]Volcarona||CovertCloak|FlameBody|HeatWave,TeraBlast,RagePowder,QuiverDance|||M|||50|,,,,,Fairy
|showteam|p2|Malamar||SitrusBerry|Contrary|Protect,TopsyTurvy,KnockOff,Superpower|||F|||50|,,,,,Ghost]Rillaboom||MiracleSeed|GrassySurge|Protect,FakeOut,GrassyGlide,WoodHammer|||F|||50|,,,,,Grass]Incineroar||SafetyGoggles|Intimidate|PartingShot,FakeOut,KnockOff,FlareBlitz|||F|||50|,,,,,Ghost]Primarina||Leftovers|LiquidVoice|Protect,TeraBlast,Moonblast,HyperVoice|||M|||50|,,,,,Steel]Pelipper||FocusSash|Drizzle|Protect,Tailwind,WeatherBall,Hurricane|||M|||50|,,,,,Ghost]Archaludon||AssaultVest|Stamina|BodyPress,ElectroShot,FlashCannon,DracoMeteor|||M|||50|,,,,,Fairy
|inactive|Battle timer is ON: inactive players will automatically lose when time's up. (requested by nice_flop)
|inactive|nice_flop has 60 seconds left.
|
|t:|1757667750
|teamsize|p1|4
|teamsize|p2|4
|start
|switch|p1a: Sneasler|Sneasler, L50, F|100/100
|switch|p1b: Baxcalibur|Baxcalibur, L50, F|100/100
|switch|p2a: Incineroar|Incineroar, L50, F|100/100
|switch|p2b: Archaludon|Archaludon, L50, M|100/100
|-ability|p2a: Incineroar|Intimidate|boost
|-unboost|p1a: Sneasler|atk|1
|-unboost|p1b: Baxcalibur|atk|1
|turn|1
|inactive|nice_flop has 30 seconds left.
|inactive|nice_flop has 20 seconds left.
|inactive|nice_flop has 15 seconds left.
|
|t:|1757667794
|switch|p2a: Pelipper|Pelipper, L50, M|100/100
|-weather|RainDance|[from] ability: Drizzle|[of] p2a: Pelipper
|move|p1a: Sneasler|Protect|p1a: Sneasler
|-singleturn|p1a: Sneasler|Protect
|move|p1b: Baxcalibur|Protect|p1b: Baxcalibur
|-singleturn|p1b: Baxcalibur|Protect
|move|p2b: Archaludon|Electro Shot||[still]
|-prepare|p2b: Archaludon|Electro Shot
|-boost|p2b: Archaludon|spa|1
|-anim|p2b: Archaludon|Electro Shot|p1a: Sneasler
|-activate|p1a: Sneasler|move: Protect
|
|-weather|RainDance|[upkeep]
|upkeep
|turn|2
|inactive|nice_flop has 30 seconds left.
|
|t:|1757667826
|switch|p2a: Incineroar|Incineroar, L50, F|100/100
|-ability|p2a: Incineroar|Intimidate|boost
|-unboost|p1a: Sneasler|atk|1
|-unboost|p1b: Baxcalibur|atk|1
|-terastallize|p1a: Sneasler|Stellar
|move|p1a: Sneasler|Close Combat|p2a: Incineroar
|-supereffective|p2a: Incineroar
|-damage|p2a: Incineroar|19/100
|-unboost|p1a: Sneasler|def|1
|-unboost|p1a: Sneasler|spd|1
|move|p1b: Baxcalibur|Icicle Spear|p2a: Incineroar
|-resisted|p2a: Incineroar
|-damage|p2a: Incineroar|16/100
|-resisted|p2a: Incineroar
|-damage|p2a: Incineroar|11/100
|-resisted|p2a: Incineroar
|-damage|p2a: Incineroar|7/100
|-resisted|p2a: Incineroar
|-damage|p2a: Incineroar|4/100
|-hitcount|p2a: Incineroar|4
|move|p2b: Archaludon|Electro Shot||[still]
|-prepare|p2b: Archaludon|Electro Shot
|-boost|p2b: Archaludon|spa|1
|-anim|p2b: Archaludon|Electro Shot|p1b: Baxcalibur
|-resisted|p1b: Baxcalibur
|-damage|p1b: Baxcalibur|49/100
|
|-weather|RainDance|[upkeep]
|upkeep
|turn|3
|inactive|nice_flop has 30 seconds left.
|inactive|veryreally has 30 seconds left.
|inactive|nice_flop has 20 seconds left.
|
|t:|1757667862
|switch|p1a: Rillaboom|Rillaboom, L50, M|100/100
|-fieldstart|move: Grassy Terrain|[from] ability: Grassy Surge|[of] p1a: Rillaboom
|move|p1b: Baxcalibur|Protect|p1b: Baxcalibur
|-singleturn|p1b: Baxcalibur|Protect
|move|p2a: Incineroar|Fake Out|p1a: Rillaboom
|-damage|p1a: Rillaboom|88/100
|move|p2b: Archaludon|Electro Shot||[still]
|-prepare|p2b: Archaludon|Electro Shot
|-boost|p2b: Archaludon|spa|1
|-anim|p2b: Archaludon|Electro Shot|p1b: Baxcalibur
|-activate|p1b: Baxcalibur|move: Protect
|
|-weather|RainDance|[upkeep]
|-heal|p1b: Baxcalibur|56/100|[from] Grassy Terrain
|-heal|p1a: Rillaboom|94/100|[from] Grassy Terrain
|-heal|p2a: Incineroar|10/100|[from] Grassy Terrain
|upkeep
|turn|4
|inactive|veryreally has 30 seconds left.
|inactive|nice_flop has 30 seconds left.
|inactive|nice_flop has 20 seconds left.
|inactive|nice_flop has 15 seconds left.
|inactive|nice_flop has 10 seconds left.
|inactive|nice_flop has 5 seconds left.
|
|t:|1757667914
|switch|p1b: Sneasler|Sneasler, L50, F, tera:Stellar|100/100
|switch|p2a: Rillaboom|Rillaboom, L50, F|100/100
|move|p1a: Rillaboom|Wood Hammer|p2a: Rillaboom
|-resisted|p2a: Rillaboom
|-damage|p2a: Rillaboom|67/100
|-damage|p1a: Rillaboom|83/100|[from] Recoil
|move|p2b: Archaludon|Electro Shot||[still]
|-prepare|p2b: Archaludon|Electro Shot
|-boost|p2b: Archaludon|spa|1
|-anim|p2b: Archaludon|Electro Shot|p1b: Sneasler
|-enditem|p1b: Sneasler|Focus Sash
|-damage|p1b: Sneasler|1/100
|
|-weather|RainDance|[upkeep]
|-heal|p1b: Sneasler|7/100|[from] Grassy Terrain
|-heal|p1a: Rillaboom|89/100|[from] Grassy Terrain
|-heal|p2a: Rillaboom|73/100|[from] Grassy Terrain
|upkeep
|turn|5
|inactive|nice_flop has 30 seconds left.
|inactive|veryreally has 30 seconds left.
|
|t:|1757667952
|switch|p1b: Baxcalibur|Baxcalibur, L50, F|56/100
|switch|p1a: Dondozo|Dondozo, L50, M|100/100
|move|p2a: Rillaboom|Grassy Glide|p1b: Baxcalibur
|-resisted|p1b: Baxcalibur
|-damage|p1b: Baxcalibur|31/100
|move|p2b: Archaludon|Draco Meteor|p1a: Dondozo
|-damage|p1a: Dondozo|46/100
|-unboost|p2b: Archaludon|spa|2
|
|-weather|none
|-heal|p1b: Baxcalibur|37/100|[from] Grassy Terrain
|-heal|p2a: Rillaboom|80/100|[from] Grassy Terrain
|-heal|p1a: Dondozo|52/100|[from] Grassy Terrain
|-heal|p1a: Dondozo|59/100|[from] item: Leftovers
|upkeep
|turn|6
|inactive|nice_flop has 30 seconds left.
|inactive|nice_flop has 20 seconds left.
|
|t:|1757667991
|switch|p2a: Pelipper|Pelipper, L50, M|100/100
|-weather|RainDance|[from] ability: Drizzle|[of] p2a: Pelipper
|switch|p1a: Rillaboom|Rillaboom, L50, M|89/100
|move|p1b: Baxcalibur|Icicle Spear|p2a: Pelipper
|-damage|p2a: Pelipper|84/100
|-damage|p2a: Pelipper|69/100
|-damage|p2a: Pelipper|53/100
|-damage|p2a: Pelipper|36/100
|-damage|p2a: Pelipper|20/100
|-hitcount|p2a: Pelipper|5
|move|p2b: Archaludon|Electro Shot||[still]
|-prepare|p2b: Archaludon|Electro Shot
|-boost|p2b: Archaludon|spa|1
|-anim|p2b: Archaludon|Electro Shot|p1b: Baxcalibur
|-resisted|p1b: Baxcalibur
|-damage|p1b: Baxcalibur|0 fnt
|faint|p1b: Baxcalibur
|
|-weather|RainDance|[upkeep]
|-heal|p1a: Rillaboom|95/100|[from] Grassy Terrain
|upkeep
|
|t:|1757667997
|switch|p1b: Dondozo|Dondozo, L50, M|59/100
|turn|7
|inactive|nice_flop has 30 seconds left.
|inactive|nice_flop has 20 seconds left.
|
|t:|1757668037
|move|p2a: Pelipper|Protect|p2a: Pelipper
|-singleturn|p2a: Pelipper|Protect
|move|p1a: Rillaboom|Grassy Glide|p2a: Pelipper
|-activate|p2a: Pelipper|move: Protect
|move|p2b: Archaludon|Draco Meteor|p1a: Rillaboom
|-damage|p1a: Rillaboom|0 fnt
|-unboost|p2b: Archaludon|spa|2
|faint|p1a: Rillaboom
|move|p1b: Dondozo|Yawn|p2b: Archaludon
|-start|p2b: Archaludon|move: Yawn|[of] p1b: Dondozo
|
|-weather|RainDance|[upkeep]
|-heal|p1b: Dondozo|65/100|[from] Grassy Terrain
|-heal|p1b: Dondozo|71/100|[from] item: Leftovers
|-fieldend|move: Grassy Terrain
|upkeep
|
|t:|1757668041
|switch|p1a: Sneasler|Sneasler, L50, F, tera:Stellar|7/100
|turn|8
|inactive|nice_flop has 30 seconds left.
|inactive|nice_flop has 20 seconds left.
|inactive|nice_flop has 15 seconds left.
|inactive|nice_flop has 10 seconds left.
|
|t:|1757668087
|switch|p2a: Incineroar|Incineroar, L50, F|10/100
|-ability|p2a: Incineroar|Intimidate|boost
|-unboost|p1a: Sneasler|atk|1
|-unboost|p1b: Dondozo|atk|1
|move|p1a: Sneasler|Dire Claw|p2b: Archaludon
|-immune|p2b: Archaludon
|move|p2b: Archaludon|Electro Shot||[still]
|-prepare|p2b: Archaludon|Electro Shot
|-boost|p2b: Archaludon|spa|1
|-anim|p2b: Archaludon|Electro Shot|p1a: Sneasler
|-damage|p1a: Sneasler|0 fnt
|faint|p1a: Sneasler
|move|p1b: Dondozo|Liquidation|p2b: Archaludon
|-resisted|p2b: Archaludon
|-damage|p2b: Archaludon|88/100
|-unboost|p2b: Archaludon|def|1
|-ability|p2b: Archaludon|Stamina|boost
|-boost|p2b: Archaludon|def|1
|
|-weather|RainDance|[upkeep]
|-heal|p1b: Dondozo|77/100|[from] item: Leftovers
|-end|p2b: Archaludon|move: Yawn|[silent]
|-status|p2b: Archaludon|slp
|upkeep
|turn|9
|-message|veryreally forfeited.
|
|win|nice_flop
|l|☆veryreally
|player|p1|
||veryreally is ready for game 3.
|inactive|nice_flop has 30 seconds to confirm battle start!
|inactive|nice_flop has 20 seconds to confirm battle start!
||nice_flop is ready for game 3.
|uhtml|next|Next: Game 3 of 3
|l|☆nice_flop
|player|p2|
