|j|☆Pzgoo
|j|☆DrXJ13
|html|PzgooDrXJ13    
|uhtml|bestof|Game 3 of a best-of-3
|t:|1783264398
|gametype|doubles
|player|p1|Pzgoo|169|1178
|player|p2|DrXJ13|cyrus|1331
|gen|9
|tier|[Gen 9 Champions] VGC 2026 Reg M-B (Bo3)
|rated|
|rule|Species Clause: Limit one of each Pokémon
|rule|Item Clause: Limit 1 of each item
|clearpoke
|poke|p1|Sinistcha, L50|
|poke|p1|Incineroar, L50, F|
|poke|p1|Milotic, L50, F|
|poke|p1|Raichu, L50, M|
|poke|p1|Floette-Eternal, L50, F|
|poke|p1|Ceruledge, L50, F|
|poke|p2|Froslass, L50, F|
|poke|p2|Sneasler, L50, F|
|poke|p2|Kingambit, L50, F|
|poke|p2|Scovillain, L50, M|
|poke|p2|Basculegion, L50, M|
|poke|p2|Lycanroc-Dusk, L50, F|
|teampreview|4
|showteam|p1|Sinistcha||KasibBerry|Hospitality|MatchaGotcha,LifeDew,RagePowder,Protect|Relaxed|||||50|]Incineroar||SitrusBerry|Intimidate|FlareBlitz,ThroatChop,FakeOut,PartingShot|Impish||F|||50|]Milotic||Leftovers|Competitive|MuddyWater,Coil,Hypnosis,Protect|Calm||F|||50|]Raichu||RaichuniteY|LightningRod|ZapCannon,FocusBlast,FakeOut,Protect|Timid||M|||50|]Floette-Eternal||Floettite|FlowerVeil|DazzlingGleam,DrainingKiss,CalmMind,Protect|Timid||F|||50|]Ceruledge||ColburBerry|FlashFire|BitterBlade,ShadowSneak,BulkUp,Protect|Adamant||F|||50|
|showteam|p2|Froslass||Froslassite|CursedBody|Blizzard,ShadowBall,AuroraVeil,Protect|Modest||F|||50|]Sneasler||WhiteHerb|Unburden|FakeOut,CloseCombat,DireClaw,Protect|Jolly||F|||50|]Kingambit||BlackGlasses|Defiant|SwordsDance,SuckerPunch,Protect,KowtowCleave|Adamant||F|||50|]Scovillain||Scovillainite|Moody|Overheat,GigaDrain,RagePowder,Protect|Bold||M|||50|]Basculegion||ChoiceScarf|Adaptability|AquaJet,FlipTurn,WaveCrash,LastRespects|Jolly||M|||50|]Lycanroc-Dusk||FocusSash|ToughClaws|Accelerock,CloseCombat,RockSlide,Protect|Adamant||F|||50|
|inactive|Battle timer is ON: inactive players will automatically lose when time's up. (requested by DrXJ13)
|
|t:|1783264424
|teamsize|p1|4
|teamsize|p2|4
|start
|switch|p1a: Milotic|Milotic, L50, F|100/100
|switch|p1b: Raichu|Raichu, L50, M|100/100
|switch|p2a: Scovillain|Scovillain, L50, M|100/100
|switch|p2b: Basculegion|Basculegion, L50, M|100/100
|turn|1
|
|t:|1783264441
|detailschange|p1b: Raichu|Raichu-Mega-Y, L50, M
|-mega|p1b: Raichu|Raichu|Raichunite Y
|detailschange|p2a: Scovillain|Scovillain-Mega, L50, M
|-mega|p2a: Scovillain|Scovillain|Scovillainite
|move|p1b: Raichu|Fake Out|p2a: Scovillain
|-damage|p2a: Scovillain|91/100
|-status|p1b: Raichu|brn|[from] ability: Spicy Spray|[of] p2a: Scovillain
|move|p2b: Basculegion|Wave Crash|p1b: Raichu
|-damage|p1b: Raichu|0 fnt
|faint|p1b: Raichu
|-damage|p2b: Basculegion|72/100|[from] Recoil
|move|p1a: Milotic|Coil|p1a: Milotic
|-boost|p1a: Milotic|atk|1
|-boost|p1a: Milotic|def|1
|-boost|p1a: Milotic|accuracy|1
|cant|p2a: Scovillain|flinch
|
|upkeep
|
|t:|1783264445
|switch|p1b: Sinistcha|Sinistcha, L50|100/100
|turn|2
|
|t:|1783264465
|switch|p2b: Kingambit|Kingambit, L50, F|100/100
|move|p2a: Scovillain|Protect|p2a: Scovillain
|-singleturn|p2a: Scovillain|Protect
|move|p1b: Sinistcha|Protect|p1b: Sinistcha
|-singleturn|p1b: Sinistcha|Protect
|move|p1a: Milotic|Hypnosis|p2a: Scovillain
|-activate|p2a: Scovillain|move: Protect
|
|upkeep
|turn|3
|
|t:|1783264482
|switch|p1b: Ceruledge|Ceruledge, L50, F|100/100
|move|p2a: Scovillain|Rage Powder|p2a: Scovillain
|-singleturn|p2a: Scovillain|move: Rage Powder
|move|p1a: Milotic|Coil|p1a: Milotic
|-boost|p1a: Milotic|atk|1
|-boost|p1a: Milotic|def|1
|-boost|p1a: Milotic|accuracy|1
|move|p2b: Kingambit|Kowtow Cleave|p1b: Ceruledge
|-supereffective|p1b: Ceruledge|1
|-enditem|p1b: Ceruledge|Colbur Berry|[eat]
|-enditem|p1b: Ceruledge|Colbur Berry|[weaken]
|-damage|p1b: Ceruledge|39/100
|
|upkeep
|turn|4
|inactive|DrXJ13 has 30 seconds left.
|inactive|DrXJ13 has 20 seconds left.
|
|t:|1783264521
|move|p1b: Ceruledge|Protect|p1b: Ceruledge
|-singleturn|p1b: Ceruledge|Protect
|move|p2a: Scovillain|Rage Powder|p2a: Scovillain
|-singleturn|p2a: Scovillain|move: Rage Powder
|move|p1a: Milotic|Hypnosis|p2a: Scovillain
|-status|p2a: Scovillain|slp|[from] move: Hypnosis
|move|p2b: Kingambit|Kowtow Cleave|p1b: Ceruledge
|-activate|p1b: Ceruledge|move: Protect
|
|upkeep
|turn|5
|
|t:|1783264539
|switch|p2a: Basculegion|Basculegion, L50, M|72/100
|move|p2b: Kingambit|Protect|p2b: Kingambit
|-singleturn|p2b: Kingambit|Protect
|move|p1b: Ceruledge|Bulk Up|p1b: Ceruledge
|-boost|p1b: Ceruledge|atk|1
|-boost|p1b: Ceruledge|def|1
|move|p1a: Milotic|Hypnosis|p2b: Kingambit
|-activate|p2b: Kingambit|move: Protect
|
|upkeep
|turn|6
|
|t:|1783264550
|move|p1b: Ceruledge|Protect|p1b: Ceruledge
|-singleturn|p1b: Ceruledge|Protect
|move|p2a: Basculegion|Aqua Jet|p1b: Ceruledge
|-activate|p1b: Ceruledge|move: Protect
|move|p1a: Milotic|Hypnosis|p2a: Basculegion
|-status|p2a: Basculegion|slp|[from] move: Hypnosis
|move|p2b: Kingambit|Kowtow Cleave|p1a: Milotic
|-damage|p1a: Milotic|76/100
|
|-heal|p1a: Milotic|82/100|[from] item: Leftovers
|upkeep
|turn|7
|
|t:|1783264563
|switch|p2a: Scovillain|Scovillain-Mega, L50, M|91/100 slp
|move|p2b: Kingambit|Sucker Punch||[still]
|-fail|p2b: Kingambit
|move|p1b: Ceruledge|Bulk Up|p1b: Ceruledge
|-boost|p1b: Ceruledge|atk|1
|-boost|p1b: Ceruledge|def|1
|move|p1a: Milotic|Hypnosis|p2b: Kingambit
|-status|p2b: Kingambit|slp|[from] move: Hypnosis
|
|-heal|p1a: Milotic|88/100|[from] item: Leftovers
|upkeep
|turn|8
|
|t:|1783264579
|switch|p2b: Basculegion|Basculegion, L50, M|72/100 slp
|move|p1b: Ceruledge|Bitter Blade|p2a: Scovillain
|-damage|p2a: Scovillain|5/100 slp
|-heal|p1b: Ceruledge|80/100|[from] drain|[of] p2a: Scovillain
|-immune|p1b: Ceruledge
|move|p1a: Milotic|Muddy Water|p2b: Basculegion|[spread] p2a,p2b
|-resisted|p2b: Basculegion|1
|-damage|p2a: Scovillain|0 fnt
|-damage|p2b: Basculegion|58/100 slp
|-status|p1a: Milotic|brn|[from] ability: Spicy Spray|[of] p2a: Scovillain
|faint|p2a: Scovillain
|
|-heal|p1a: Milotic|94/100 brn|[from] item: Leftovers
|-damage|p1a: Milotic|88/100 brn|[from] brn
|upkeep
|
|t:|1783264592
|switch|p2a: Lycanroc|Lycanroc-Dusk, L50, F|100/100
|turn|9
|
|t:|1783264600
|move|p2a: Lycanroc|Protect|p2a: Lycanroc
|-singleturn|p2a: Lycanroc|Protect
|move|p1b: Ceruledge|Protect|p1b: Ceruledge
|-singleturn|p1b: Ceruledge|Protect
|cant|p2b: Basculegion|slp
|move|p1a: Milotic|Muddy Water|p2a: Lycanroc|[spread] p2b
|-activate|p2a: Lycanroc|move: Protect
|-resisted|p2b: Basculegion|1
|-damage|p2b: Basculegion|46/100 slp
|
|-heal|p1a: Milotic|94/100 brn|[from] item: Leftovers
|-damage|p1a: Milotic|88/100 brn|[from] brn
|upkeep
|turn|10
|
|t:|1783264615
|move|p2a: Lycanroc|Accelerock|p1b: Ceruledge
|-supereffective|p1b: Ceruledge|1
|-damage|p1b: Ceruledge|50/100g
|move|p1b: Ceruledge|Shadow Sneak|p2b: Basculegion
|-supereffective|p2b: Basculegion|1
|-damage|p2b: Basculegion|0 fnt
|faint|p2b: Basculegion
|move|p1a: Milotic|Hypnosis|p2a: Lycanroc
|-status|p2a: Lycanroc|slp|[from] move: Hypnosis
|
|-heal|p1a: Milotic|94/100 brn|[from] item: Leftovers
|-damage|p1a: Milotic|88/100 brn|[from] brn
|upkeep
|
|t:|1783264621
|switch|p2b: Kingambit|Kingambit, L50, F|100/100 slp
|turn|11
|
|t:|1783264628
|cant|p2a: Lycanroc|slp
|cant|p2b: Kingambit|slp
|move|p1b: Ceruledge|Bitter Blade|p2b: Kingambit
|-supereffective|p2b: Kingambit|1
|-damage|p2b: Kingambit|0 fnt
|-heal|p1b: Ceruledge|100/100|[from] drain|[of] p2b: Kingambit
|faint|p2b: Kingambit
|move|p1a: Milotic|Muddy Water|p2a: Lycanroc
|-supereffective|p2a: Lycanroc|1
|-enditem|p2a: Lycanroc|Focus Sash
|-damage|p2a: Lycanroc|1/100 slp
|
|-heal|p1a: Milotic|94/100 brn|[from] item: Leftovers
|-damage|p1a: Milotic|88/100 brn|[from] brn
|upkeep
|turn|12
|-message|DrXJ13 forfeited.
|
|win|Pzgoo
