|j|☆eviovulpix
|j|☆kenanyildiz10
|html|eviovulpixkenanyildiz10    
|uhtml|bestof|Game 1 of a best-of-3
|t:|1784141468
|gametype|doubles
|player|p1|eviovulpix|2|
|player|p2|kenanyildiz10|102|
|gen|9
|tier|[Gen 9 Champions] VGC 2026 Reg M-B (Bo3)
|rule|Species Clause: Limit one of each Pokémon
|rule|Item Clause: Limit 1 of each item
|clearpoke
|poke|p1|Blaziken, L50, M, shiny|
|poke|p1|Whimsicott, L50, F, shiny|
|poke|p1|Kingambit, L50, M, shiny|
|poke|p1|Basculegion, L50, M, shiny|
|poke|p1|Sylveon, L50, M, shiny|
|poke|p1|Raichu, L50, M, shiny|
|poke|p2|Charizard, L50, M, shiny|
|poke|p2|Garchomp, L50, F|
|poke|p2|Whimsicott, L50, M, shiny|
|poke|p2|Basculegion, L50, M|
|poke|p2|Farigiraf, L50, M|
|poke|p2|Floette-Eternal, L50, F|
|teampreview|4
|showteam|p1|Blaziken||Blazikenite|SpeedBoost|FlareBlitz,CloseCombat,Protect,RockSlide|Adamant||M|||50|]Whimsicott||FocusSash|Prankster|Moonblast,Tailwind,Encore,Protect|Timid||F|||50|]Kingambit||LifeOrb|Defiant|KowtowCleave,Protect,IronHead,SuckerPunch|Adamant||M|||50|]Basculegion||ChoiceScarf|Adaptability|WaveCrash,FlipTurn,LastRespects,AquaJet|Jolly||M|||50|]Sylveon||FairyFeather|Pixilate|HyperVoice,Moonblast,HelpingHand,Protect|Modest||M|||50|]Raichu||RaichuniteY|LightningRod|ZapCannon,FocusBlast,GrassKnot,Protect|Timid||M|||50|
|showteam|p2|Charizard||CharizarditeY|Blaze|HeatWave,WeatherBall,SolarBeam,Protect|Modest||M|||50|]Garchomp||LifeOrb|RoughSkin|RockSlide,DragonClaw,Protect,Earthquake|Adamant||F|||50|]Whimsicott||FocusSash|Prankster|Moonblast,Encore,Tailwind,Protect|Timid||M|||50|]Basculegion||MysticWater|Adaptability|WaveCrash,LastRespects,Protect,AquaJet|Adamant||M|||50|]Farigiraf||ColburBerry|ArmorTail|TwinBeam,HelpingHand,Thunderbolt,TrickRoom|Relaxed||M|||50|]Floette-Eternal||Floettite|FlowerVeil|Moonblast,DazzlingGleam,LightofRuin,Protect|Modest||F|||50|
|c|☆kenanyildiz10|glhf
|c|☆eviovulpix|u2
|
|t:|1784141493
|teamsize|p1|4
|teamsize|p2|4
|start
|switch|p1a: Raichu|Raichu, L50, M, shiny|100/100
|switch|p1b: Whimsicott|Whimsicott, L50, F, shiny|100/100
|switch|p2a: Basculegion|Basculegion, L50, M|100/100
|switch|p2b: Farigiraf|Farigiraf, L50, M|100/100
|turn|1
|
|t:|1784141514
|detailschange|p1a: Raichu|Raichu-Mega-Y, L50, M, shiny
|-mega|p1a: Raichu|Raichu|Raichunite Y
|move|p2a: Basculegion|Protect|p2a: Basculegion
|-singleturn|p2a: Basculegion|Protect
|move|p1a: Raichu|Zap Cannon|p2b: Farigiraf
|-damage|p2b: Farigiraf|40/100
|-status|p2b: Farigiraf|par
|move|p1b: Whimsicott|Moonblast|p2b: Farigiraf
|-damage|p2b: Farigiraf|9/100 par
|move|p2b: Farigiraf|Trick Room|p2b: Farigiraf
|-fieldstart|move: Trick Room|[of] p2b: Farigiraf
|
|upkeep
|turn|2
|
|t:|1784141532
|move|p1a: Raichu|Protect|p1a: Raichu
|-singleturn|p1a: Raichu|Protect
|move|p2b: Farigiraf|Twin Beam|p1b: Whimsicott
|-damage|p1b: Whimsicott|71/100
|-crit|p1b: Whimsicott
|-damage|p1b: Whimsicott|29/100
|-hitcount|p1b: Whimsicott|2
|move|p2a: Basculegion|Wave Crash|p1a: Raichu
|-activate|p1a: Raichu|move: Protect
|move|p1b: Whimsicott|Moonblast|p2b: Farigiraf
|-damage|p2b: Farigiraf|0 fnt
|faint|p2b: Farigiraf
|
|upkeep
|
|t:|1784141544
|switch|p2b: Charizard|Charizard, L50, M, shiny|100/100
|turn|3
|
|t:|1784141554
|switch|p1a: Sylveon|Sylveon, L50, M, shiny|100/100
|detailschange|p2b: Charizard|Charizard-Mega-Y, L50, M, shiny
|-mega|p2b: Charizard|Charizard|Charizardite Y
|-weather|SunnyDay|[from] ability: Drought|[of] p2b: Charizard
|move|p1b: Whimsicott|Encore|p2a: Basculegion
|-start|p2a: Basculegion|Encore
|move|p2a: Basculegion|Wave Crash|p1b: Whimsicott
|-resisted|p1b: Whimsicott|1
|-damage|p1b: Whimsicott|0 fnt
|faint|p1b: Whimsicott
|-damage|p2a: Basculegion|93/100|[from] Recoil
|move|p2b: Charizard|Heat Wave|p1a: Sylveon|[miss]
|-miss|p2b: Charizard|p1a: Sylveon
|
|-weather|SunnyDay|[upkeep]
|upkeep
|
|t:|1784141572
|switch|p1b: Blaziken|Blaziken, L50, M, shiny|100/100
|turn|4
|
|t:|1784141589
|move|p1b: Blaziken|Protect|p1b: Blaziken
|-singleturn|p1b: Blaziken|Protect
|move|p1a: Sylveon|Moonblast|p2a: Basculegion
|-damage|p2a: Basculegion|33/100
|move|p2a: Basculegion|Wave Crash|p1b: Blaziken
|-activate|p1b: Blaziken|move: Protect
|move|p2b: Charizard|Weather Ball|p1a: Sylveon
|-damage|p1a: Sylveon|21/100
|
|-weather|SunnyDay|[upkeep]
|-ability|p1b: Blaziken|Speed Boost|boost
|-boost|p1b: Blaziken|spe|1
|upkeep
|turn|5
|
|t:|1784141616
|move|p1a: Sylveon|Moonblast|p2a: Basculegion
|-damage|p2a: Basculegion|0 fnt
|faint|p2a: Basculegion
|move|p2b: Charizard|Heat Wave|p1a: Sylveon|[spread] p1a,p1b
|-resisted|p1b: Blaziken|1
|-damage|p1a: Sylveon|0 fnt
|-damage|p1b: Blaziken|49/100
|faint|p1a: Sylveon
|move|p1b: Blaziken|Rock Slide|p2b: Charizard
|-supereffective|p2b: Charizard|2
|-damage|p2b: Charizard|0 fnt
|faint|p2b: Charizard
|
|-weather|SunnyDay|[upkeep]
|-fieldend|move: Trick Room
|-ability|p1b: Blaziken|Speed Boost|boost
|-boost|p1b: Blaziken|spe|1
|upkeep
|
|t:|1784141630
|switch|p2b: Garchomp|Garchomp, L50, F|100/100
|switch|p1a: Raichu|Raichu-Mega-Y, L50, M, shiny|100/100
|turn|6
|
|t:|1784141663
|move|p1b: Blaziken|Close Combat|p2b: Garchomp
|-damage|p2b: Garchomp|33/100
|-unboost|p1b: Blaziken|def|1
|-unboost|p1b: Blaziken|spd|1
|-damage|p1b: Blaziken|37/100|[from] ability: Rough Skin|[of] p2b: Garchomp
|move|p1a: Raichu|Focus Blast|p2b: Garchomp
|-damage|p2b: Garchomp|0 fnt
|faint|p2b: Garchomp
|
|win|eviovulpix
|inactive|eviovulpix has 30 seconds to confirm battle start!
|inactive|kenanyildiz10 has 30 seconds to confirm battle start!
||kenanyildiz10 is ready for game 2.
|inactive|eviovulpix has 20 seconds to confirm battle start!
||eviovulpix is ready for game 2.
|uhtml|next|Next: Game 2 of 3
|l|☆kenanyildiz10
|player|p2|
