|j|☆gundnub
|j|☆lillyrosethedemon
|html|gundnublillyrosethedemon    
|uhtml|bestof|Game 3 of a best-of-3
|t:|1783375977
|gametype|doubles
|player|p1|gundnub|pokemonranger-gen4|
|player|p2|lillyrosethedemon|madame|
|gen|9
|tier|[Gen 9 Champions] VGC 2026 Reg M-B (Bo3)
|rule|Species Clause: Limit one of each Pokémon
|rule|Item Clause: Limit 1 of each item
|clearpoke
|poke|p1|Pidgeot, L50, F|
|poke|p1|Krookodile, L50, F|
|poke|p1|Floette-Eternal, L50, F|
|poke|p1|Toxicroak, L50, M|
|poke|p1|Chandelure, L50, M|
|poke|p1|Vaporeon, L50, F|
|poke|p2|Rhyperior, L50, F|
|poke|p2|Ariados, L50, M|
|poke|p2|Houndoom, L50, M|
|poke|p2|Feraligatr, L50, F|
|poke|p2|Florges-White, L50, F|
|poke|p2|Medicham, L50, F|
|teampreview|4
|showteam|p1|Pidgeot||Pidgeotite|BigPecks|Protect,Hurricane,HeatWave,Tailwind|Timid||F|||50|]Krookodile||RoseliBerry|Intimidate|IronHead,HighHorsepower,LashOut,Earthquake|Adamant||F|||50|]Floette-Eternal||LifeOrb|FlowerVeil|Protect,Moonblast,DazzlingGleam,LightofRuin|Modest||F|||50|]Toxicroak||FocusSash|DrySkin|Protect,PoisonJab,CloseCombat,FakeOut|Jolly||M|||50|]Chandelure||Chandelurite|FlashFire|HeatWave,ShadowBall,EnergyBall,TrickRoom|Modest||M|||50|]Vaporeon||Leftovers|WaterAbsorb|Protect,MuddyWater,AlluringVoice,CalmMind|Modest||F|||50|
|showteam|p2|Rhyperior||PasshoBerry|SolidRock|RockSlide,HighHorsepower,Protect,RockPolish|Adamant||F|||50|]Ariados||SitrusBerry|Insomnia|RagePowder,KnockOff,ToxicThread,Protect|Careful||M|||50|]Houndoom||FocusSash|FlashFire|Snarl,DarkPulse,HeatWave,Protect|Timid||M|||50|]Feraligatr||LifeOrb|SheerForce|DragonDance,Liquidation,IcePunch,Protect|Adamant||F|||50|]Florges-White||ChoiceScarf|FlowerVeil|Moonblast,DazzlingGleam,Psychic,PollenPuff|Timid||F|||50|]Medicham||Medichamite|PurePower|FakeOut,IcePunch,CloseCombat,ZenHeadbutt|Jolly||F|||50|
|inactive|Battle timer is ON: inactive players will automatically lose when time's up. (requested by gundnub)
|
|t:|1783375994
|teamsize|p1|4
|teamsize|p2|4
|start
|switch|p1a: Toxicroak|Toxicroak, L50, M|100/100
|switch|p1b: Chandelure|Chandelure, L50, M|100/100
|switch|p2a: Houndoom|Houndoom, L50, M|100/100
|switch|p2b: Medicham|Medicham, L50, F|100/100
|turn|1
|
|t:|1783376019
|switch|p1a: Krookodile|Krookodile, L50, F|100/100
|-ability|p1a: Krookodile|Intimidate|boost
|-unboost|p2a: Houndoom|atk|1
|-unboost|p2b: Medicham|atk|1
|detailschange|p2b: Medicham|Medicham-Mega, L50, F
|-mega|p2b: Medicham|Medicham|Medichamite
|detailschange|p1b: Chandelure|Chandelure-Mega, L50, M
|-mega|p1b: Chandelure|Chandelure|Chandelurite
|move|p2b: Medicham|Fake Out|p1a: Krookodile
|-damage|p1a: Krookodile|83/100
|move|p2a: Houndoom|Snarl|p1b: Chandelure|[spread] p1a,p1b
|-resisted|p1a: Krookodile|1
|-supereffective|p1b: Chandelure|1
|-damage|p1a: Krookodile|71/100
|-damage|p1b: Chandelure|62/100
|-unboost|p1a: Krookodile|spa|1
|-unboost|p1b: Chandelure|spa|1
|move|p1b: Chandelure|Trick Room|p1b: Chandelure
|-fieldstart|move: Trick Room|[of] p1b: Chandelure
|
|upkeep
|turn|2
|inactive|gundnub has 30 seconds left.
|inactive|lillyrosethedemon has 30 seconds left.
|
|t:|1783376053
|move|p1b: Chandelure|Shadow Ball|p2b: Medicham
|-supereffective|p2b: Medicham|1
|-damage|p2b: Medicham|0 fnt
|faint|p2b: Medicham
|move|p1a: Krookodile|High Horsepower|p2a: Houndoom
|-supereffective|p2a: Houndoom|1
|-enditem|p2a: Houndoom|Focus Sash
|-damage|p2a: Houndoom|1/100
|move|p2a: Houndoom|Dark Pulse|p1b: Chandelure
|-supereffective|p1b: Chandelure|1
|-damage|p1b: Chandelure|0 fnt
|faint|p1b: Chandelure
|
|upkeep
|
|t:|1783376068
|switch|p1b: Toxicroak|Toxicroak, L50, M|100/100
|switch|p2b: Rhyperior|Rhyperior, L50, F|100/100
|turn|3
|
|t:|1783376092
|move|p2b: Rhyperior|Protect|p2b: Rhyperior
|-singleturn|p2b: Rhyperior|Protect
|move|p2a: Houndoom|Protect|p2a: Houndoom
|-singleturn|p2a: Houndoom|Protect
|move|p1b: Toxicroak|Fake Out|p2b: Rhyperior
|-activate|p2b: Rhyperior|move: Protect
|move|p1a: Krookodile|Iron Head|p2a: Houndoom
|-activate|p2a: Houndoom|move: Protect
|
|upkeep
|turn|4
|
|t:|1783376110
|move|p1b: Toxicroak|Protect|p1b: Toxicroak
|-singleturn|p1b: Toxicroak|Protect
|move|p2b: Rhyperior|High Horsepower|p1a: Krookodile
|-damage|p1a: Krookodile|7/100
|move|p1a: Krookodile|Earthquake|p2a: Houndoom|[spread] p2a,p2b
|-activate|p1b: Toxicroak|move: Protect
|-supereffective|p2a: Houndoom|1
|-supereffective|p2b: Rhyperior|1
|-damage|p2a: Houndoom|0 fnt
|-damage|p2b: Rhyperior|50/100g
|faint|p2a: Houndoom
|
|upkeep
|
|t:|1783376121
|switch|p2a: Florges|Florges-White, L50, F|100/100
|turn|5
|
|t:|1783376136
|move|p2b: Rhyperior|Rock Slide|p1b: Toxicroak|[spread] p1a,p1b
|-resisted|p1a: Krookodile|1
|-resisted|p1b: Toxicroak|1
|-damage|p1a: Krookodile|0 fnt
|-damage|p1b: Toxicroak|73/100
|faint|p1a: Krookodile
|cant|p1b: Toxicroak|flinch
|move|p2a: Florges|Psychic|p1b: Toxicroak
|-supereffective|p1b: Toxicroak|2
|-damage|p1b: Toxicroak|0 fnt
|faint|p1b: Toxicroak
|
|-fieldend|move: Trick Room
|upkeep
|
|t:|1783376144
|switch|p1a: Floette|Floette-Eternal, L50, F|100/100
|turn|6
|
|t:|1783376158
|move|p2b: Rhyperior|Protect|p2b: Rhyperior
|-singleturn|p2b: Rhyperior|Protect
|move|p2a: Florges|Psychic|p1a: Floette
|-damage|p1a: Floette|75/100
|move|p1a: Floette|Dazzling Gleam|p2b: Rhyperior|[spread] p2a
|-activate|p2b: Rhyperior|move: Protect
|-damage|p2a: Florges|66/100
|-damage|p1a: Floette|66/100|[from] item: Life Orb
|
|upkeep
|turn|7
|
|t:|1783376171
|move|p2a: Florges|Psychic|p1a: Floette
|-crit|p1a: Floette
|-damage|p1a: Floette|23/100
|move|p1a: Floette|Dazzling Gleam|p2b: Rhyperior|[spread] p2a,p2b
|-damage|p2a: Florges|30/100
|-damage|p2b: Rhyperior|0 fnt
|faint|p2b: Rhyperior
|-damage|p1a: Floette|14/100|[from] item: Life Orb
|
|upkeep
|turn|8
|
|t:|1783376180
|move|p2a: Florges|Psychic|p1a: Floette
|-damage|p1a: Floette|0 fnt
|faint|p1a: Floette
|
|win|lillyrosethedemon
