|j|☆GrovyleSSJ
|j|☆Naya314
|html|GrovyleSSJNaya314    
|uhtml|bestof|Game 3 of a best-of-3
|t:|1782597942
|gametype|doubles
|player|p1|GrovyleSSJ|1|1209
|player|p2|Naya314|candice|1235
|gen|9
|tier|[Gen 9 Champions] VGC 2026 Reg M-B (Bo3)
|rated|
|rule|Species Clause: Limit one of each Pokémon
|rule|Item Clause: Limit 1 of each item
|clearpoke
|poke|p1|Gengar, L50, F|
|poke|p1|Incineroar, L50, M|
|poke|p1|Ninetales-Alola, L50, M|
|poke|p1|Dragonite, L50, M|
|poke|p1|Snorlax, L50, M|
|poke|p1|Sneasler, L50, F|
|poke|p2|Scizor, L50, M|
|poke|p2|Charizard, L50, M|
|poke|p2|Garchomp, L50, M|
|poke|p2|Basculegion, L50, M|
|poke|p2|Whimsicott, L50, F|
|poke|p2|Floette-Eternal, L50, F|
|teampreview|4
|showteam|p1|Gengar||Gengarite|CursedBody|Protect,PerishSong,SludgeBomb,ShadowBall|Timid||F|||50|]Incineroar||PasshoBerry|Intimidate|FakeOut,PartingShot,FlareBlitz,Protect|Sassy||M|||50|]Ninetales-Alola||FocusSash|SnowWarning|Protect,Encore,Disable,Blizzard|Timid||M|||50|]Dragonite||DragonFang|Multiscale|Protect,LowKick,ExtremeSpeed,DragonClaw|Adamant||M|||50|]Snorlax||Leftovers|ThickFat|Protect,Yawn,Encore,ThunderPunch|Relaxed||M|||50|]Sneasler||WhiteHerb|Unburden|Protect,FakeOut,CloseCombat,DireClaw|Adamant||F|||50|
|showteam|p2|Scizor||ExpertBelt|Technician|BugBite,BulletPunch,BrutalSwing,Protect|Adamant||M|||50|]Charizard||CharizarditeY|Blaze|HeatWave,SolarBeam,WeatherBall,Protect|Modest||M|||50|]Garchomp||LifeOrb|RoughSkin|Earthquake,DragonClaw,RockSlide,Protect|Jolly||M|||50|]Basculegion||ChoiceScarf|Adaptability|LastRespects,WaveCrash,IceFang,FlipTurn|Adamant||M|||50|]Whimsicott||FocusSash|Prankster|Moonblast,Tailwind,Encore,Protect|Timid||F|||50|]Floette-Eternal||Floettite|FlowerVeil|DazzlingGleam,EnergyBall,Moonblast,Protect|Modest||F|||50|
|inactive|Battle timer is ON: inactive players will automatically lose when time's up. (requested by GrovyleSSJ)
|inactive|Naya314 has 60 seconds left.
|
|t:|1782597976
|teamsize|p1|4
|teamsize|p2|4
|start
|switch|p1a: Gengar|Gengar, L50, F|100/100
|switch|p1b: Incineroar|Incineroar, L50, M|100/100
|switch|p2a: Basculegion|Basculegion, L50, M|100/100
|switch|p2b: Scizor|Scizor, L50, M|100/100
|-ability|p1b: Incineroar|Intimidate|boost
|-unboost|p2a: Basculegion|atk|1
|-unboost|p2b: Scizor|atk|1
|turn|1
|inactive|GrovyleSSJ has 30 seconds left.
|inactive|GrovyleSSJ has 20 seconds left.
|inactive|GrovyleSSJ has 15 seconds left.
|inactive|GrovyleSSJ has 10 seconds left.
|
|t:|1782598025
|detailschange|p1a: Gengar|Gengar-Mega, L50, F
|-mega|p1a: Gengar|Gengar|Gengarite
|move|p1a: Gengar|Protect|p1a: Gengar
|-singleturn|p1a: Gengar|Protect
|move|p2a: Basculegion|Wave Crash|p1a: Gengar
|-activate|p1a: Gengar|move: Protect
|move|p2b: Scizor|Bug Bite|p1b: Incineroar
|-damage|p1b: Incineroar|73/100
|-enditem|p1b: Incineroar|Passho Berry|[from] stealeat|[move] Bug Bite|[of] p2b: Scizor
|move|p1b: Incineroar|Parting Shot|p2a: Basculegion
|-unboost|p2a: Basculegion|atk|1
|-unboost|p2a: Basculegion|spa|1
|
|t:|1782598046
|switch|p1b: Snorlax|Snorlax, L50, M|100/100|[from] Parting Shot
|
|upkeep
|turn|2
|
|t:|1782598059
|switch|p1a: Incineroar|Incineroar, L50, M|73/100
|-ability|p1a: Incineroar|Intimidate|boost
|-unboost|p2a: Basculegion|atk|1
|-unboost|p2b: Scizor|atk|1
|move|p2a: Basculegion|Wave Crash|p1a: Incineroar
|-supereffective|p1a: Incineroar|1
|-damage|p1a: Incineroar|19/100
|-damage|p2a: Basculegion|81/100|[from] Recoil
|move|p2b: Scizor|Brutal Swing|p1b: Snorlax|[spread] p2a,p1a,p1b
|-supereffective|p2a: Basculegion|1
|-resisted|p1a: Incineroar|1
|-damage|p2a: Basculegion|39/100
|-damage|p1a: Incineroar|14/100
|-damage|p1b: Snorlax|91/100
|move|p1b: Snorlax|Yawn|p2a: Basculegion
|-start|p2a: Basculegion|move: Yawn|[of] p1b: Snorlax
|
|-heal|p1b: Snorlax|97/100|[from] item: Leftovers
|upkeep
|turn|3
|inactive|Naya314 has 30 seconds left.
|
|t:|1782598091
|switch|p2a: Garchomp|Garchomp, L50, M|100/100
|move|p1a: Incineroar|Fake Out|p2b: Scizor
|-resisted|p2b: Scizor|1
|-damage|p2b: Scizor|94/100
|cant|p2b: Scizor|flinch
|move|p1b: Snorlax|Yawn|p2a: Garchomp
|-start|p2a: Garchomp|move: Yawn|[of] p1b: Snorlax
|
|-heal|p1b: Snorlax|100/100|[from] item: Leftovers
|upkeep
|turn|4
|
|t:|1782598112
|switch|p2a: Basculegion|Basculegion, L50, M|39/100
|move|p2b: Scizor|Bug Bite|p1a: Incineroar
|-damage|p1a: Incineroar|0 fnt
|faint|p1a: Incineroar
|move|p1b: Snorlax|Yawn|p2a: Basculegion
|-start|p2a: Basculegion|move: Yawn|[of] p1b: Snorlax
|
|upkeep
|
|t:|1782598122
|switch|p1a: Dragonite|Dragonite, L50, M|100/100
|turn|5
|inactive|Naya314 has 30 seconds left.
|inactive|Naya314 has 20 seconds left.
|inactive|Naya314 has 15 seconds left.
|inactive|Naya314 has 10 seconds left.
|
|t:|1782598168
|switch|p2a: Garchomp|Garchomp, L50, M|100/100
|move|p2b: Scizor|Bullet Punch|p1a: Dragonite
|-damage|p1a: Dragonite|91/100
|move|p1a: Dragonite|Dragon Claw|p2a: Garchomp
|-supereffective|p2a: Garchomp|1
|-crit|p2a: Garchomp
|-damage|p2a: Garchomp|0 fnt
|-damage|p1a: Dragonite|79/100|[from] ability: Rough Skin|[of] p2a: Garchomp
|faint|p2a: Garchomp
|move|p1b: Snorlax|Yawn|p2b: Scizor
|-start|p2b: Scizor|move: Yawn|[of] p1b: Snorlax
|
|upkeep
|
|t:|1782598180
|switch|p2a: Floette|Floette-Eternal, L50, F|100/100
|turn|6
|
|t:|1782598192
|switch|p1a: Gengar|Gengar-Mega, L50, F|100/100
|switch|p2b: Basculegion|Basculegion, L50, M|39/100
|detailschange|p2a: Floette|Floette-Mega, L50, F
|-mega|p2a: Floette|Floette|Floettite
|-ability|p2a: Floette|Fairy Aura
|move|p2a: Floette|Dazzling Gleam|p1a: Gengar|[spread] p1a,p1b
|-resisted|p1a: Gengar|1
|-damage|p1a: Gengar|71/100
|-damage|p1b: Snorlax|68/100
|move|p1b: Snorlax|Yawn|p2a: Floette
|-start|p2a: Floette|move: Yawn|[of] p1b: Snorlax
|
|-heal|p1b: Snorlax|74/100|[from] item: Leftovers
|upkeep
|turn|7
|
|t:|1782598216
|move|p1a: Gengar|Protect|p1a: Gengar
|-singleturn|p1a: Gengar|Protect
|move|p2b: Basculegion|Last Respects|p1a: Gengar
|-activate|p1a: Gengar|move: Protect
|move|p2a: Floette|Moonblast|p1b: Snorlax
|-damage|p1b: Snorlax|28/100
|move|p1b: Snorlax|Yawn|p2b: Basculegion
|-start|p2b: Basculegion|move: Yawn|[of] p1b: Snorlax
|
|-heal|p1b: Snorlax|34/100|[from] item: Leftovers
|-end|p2a: Floette|move: Yawn|[silent]
|-status|p2a: Floette|slp
|upkeep
|turn|8
|inactive|GrovyleSSJ has 30 seconds left.
|
|t:|1782598245
|switch|p1a: Dragonite|Dragonite, L50, M|79/100
|move|p2b: Basculegion|Last Respects|p1a: Dragonite
|-damage|p1a: Dragonite|17/100
|cant|p2a: Floette|slp
|move|p1b: Snorlax|Yawn||[still]
|-fail|p1b: Snorlax
|
|-heal|p1b: Snorlax|40/100|[from] item: Leftovers
|-end|p2b: Basculegion|move: Yawn|[silent]
|-status|p2b: Basculegion|slp
|upkeep
|turn|9
|inactive|Naya314 has 30 seconds left.
|
|t:|1782598276
|switch|p1b: Gengar|Gengar-Mega, L50, F|71/100
|cant|p2b: Basculegion|slp
|-curestatus|p2a: Floette|slp|[msg]
|move|p2a: Floette|Moonblast|p1b: Gengar
|-resisted|p1b: Gengar|1
|-damage|p1b: Gengar|26/100
|move|p1a: Dragonite|Dragon Claw|p2b: Basculegion
|-damage|p2b: Basculegion|0 fnt
|faint|p2b: Basculegion
|
|upkeep
|
|t:|1782598288
|switch|p2b: Scizor|Scizor, L50, M|94/100
|turn|10
|inactive|GrovyleSSJ has 30 seconds left.
|
|t:|1782598314
|move|p1a: Dragonite|Protect|p1a: Dragonite
|-singleturn|p1a: Dragonite|Protect
|move|p2b: Scizor|Bullet Punch|p1a: Dragonite
|-activate|p1a: Dragonite|move: Protect
|move|p1b: Gengar|Perish Song|p1b: Gengar
|-start|p1a: Dragonite|perish3|[silent]
|-start|p1b: Gengar|perish3|[silent]
|-start|p2a: Floette|perish3|[silent]
|-start|p2b: Scizor|perish3|[silent]
|-fieldactivate|move: Perish Song
|move|p2a: Floette|Moonblast|p1b: Gengar
|-resisted|p1b: Gengar|1
|-damage|p1b: Gengar|0 fnt
|faint|p1b: Gengar
|
|-start|p2a: Floette|perish3
|-start|p1a: Dragonite|perish3
|-start|p2b: Scizor|perish3
|upkeep
|
|t:|1782598323
|switch|p1b: Snorlax|Snorlax, L50, M|40/100
|turn|11
|
|t:|1782598342
|move|p1a: Dragonite|Protect||[still]
|-fail|p1a: Dragonite
|move|p1b: Snorlax|Protect|p1b: Snorlax
|-singleturn|p1b: Snorlax|Protect
|move|p2b: Scizor|Bullet Punch|p1a: Dragonite
|-damage|p1a: Dragonite|0 fnt
|faint|p1a: Dragonite
|move|p2a: Floette|Moonblast|p1b: Snorlax
|-activate|p1b: Snorlax|move: Protect
|
|-heal|p1b: Snorlax|46/100|[from] item: Leftovers
|-start|p2a: Floette|perish2
|-start|p2b: Scizor|perish2
|upkeep
|turn|12
|inactive|GrovyleSSJ has 30 seconds left.
|inactive|GrovyleSSJ has 20 seconds left.
|inactive|GrovyleSSJ has 15 seconds left.
|inactive|GrovyleSSJ has 10 seconds left.
|inactive|GrovyleSSJ has 5 seconds left.
|
|t:|1782598392
|move|p1b: Snorlax|Protect|p1b: Snorlax
|-singleturn|p1b: Snorlax|Protect
|move|p2a: Floette|Moonblast|p1b: Snorlax
|-activate|p1b: Snorlax|move: Protect
|move|p2b: Scizor|Bug Bite|p1b: Snorlax
|-activate|p1b: Snorlax|move: Protect
|
|-heal|p1b: Snorlax|52/100|[from] item: Leftovers
|-start|p2a: Floette|perish1
|-start|p2b: Scizor|perish1
|upkeep
|turn|13
|
|t:|1782598405
|move|p1b: Snorlax|Protect||[still]
|-fail|p1b: Snorlax
|move|p2a: Floette|Moonblast|p1b: Snorlax
|-damage|p1b: Snorlax|1/100
|move|p2b: Scizor|Bug Bite|p1b: Snorlax
|-damage|p1b: Snorlax|0 fnt
|faint|p1b: Snorlax
|
|win|Naya314
|raw|GrovyleSSJ's rating: 1209 → 1186(-23 for losing)
|raw|Naya314's rating: 1235 → 1258(+23 for winning)
