|j|☆ItsgoodSteve
|j|☆DkayMM
|html|ItsgoodSteveDkayMM    
|uhtml|bestof|Game 1 of a best-of-3
|t:|1756954484
|gametype|doubles
|player|p1|ItsgoodSteve|2|1029
|player|p2|DkayMM|169|1040
|gen|9
|tier|[Gen 9] VGC 2025 Reg H (Bo3)
|rated|
|rule|Species Clause: Limit one of each Pokémon
|rule|Item Clause: Limit 1 of each item
|clearpoke
|poke|p1|Feraligatr, L50, F|
|poke|p1|Whimsicott, L50, M|
|poke|p1|Politoed, L50, F|
|poke|p1|Gothitelle, L50, F|
|poke|p1|Ursaluna, L50, F|
|poke|p1|Archaludon, L50, M|
|poke|p2|Charizard, L50, F|
|poke|p2|Torkoal, L50, M|
|poke|p2|Porygon2, L50|
|poke|p2|Incineroar, L50, F|
|poke|p2|Jumpluff, L50, F|
|poke|p2|Ursaluna, L50, F|
|teampreview|4
|showteam|p1|Feraligatr||LifeOrb|SheerForce|Liquidation,Protect,IcePunch,Crunch|||F|||50|,,,,,Bug]Whimsicott||CovertCloak|Prankster|Moonblast,Tailwind,Encore,Protect|||M|||50|,,,,,Water]Politoed||Leftovers|Drizzle|Protect,PerishSong,WeatherBall,HelpingHand|||F|||50|,,,,,Grass]Gothitelle||SitrusBerry|ShadowTag|FakeOut,TrickRoom,Protect,Psychic|||F|||50|,,,,,Dark]Ursaluna||FlameOrb|Guts|HeadlongRush,Protect,Facade,Earthquake|||F|||50|,,,,,Ghost]Archaludon||PowerHerb|Stamina|ElectroShot,BodyPress,FlashCannon,Protect|||M|||50|,,,,,Electric
|showteam|p2|Charizard||ChoiceSpecs|SolarPower|HeatWave,Overheat,WeatherBall,AirSlash|||F|||50|,,,,,Ghost]Torkoal||EjectPack|Drought|Eruption,Overheat,HelpingHand,Protect|||M|||50|,,,,,Fire]Porygon2||Eviolite|Download|TeraBlast,IceBeam,Recover,TrickRoom||||||50|,,,,,Fighting]Incineroar||SitrusBerry|Intimidate|FlareBlitz,KnockOff,FakeOut,PartingShot|||F|||50|,,,,,Ghost]Jumpluff||CovertCloak|Chlorophyll|SleepPowder,SunnyDay,RagePowder,Tailwind|||F|||50|,,,,,Water]Ursaluna||FlameOrb|Guts|HeadlongRush,Facade,Earthquake,Protect|||F|||50|,,,,,Ghost
|inactive|Battle timer is ON: inactive players will automatically lose when time's up. (requested by DkayMM)
|
|t:|1756954561
|teamsize|p1|4
|teamsize|p2|4
|start
|switch|p1a: Ursaluna|Ursaluna, L50, F, shiny|100/100
|switch|p1b: Gothitelle|Gothitelle, L50, F, shiny|100/100
|switch|p2a: Incineroar|Incineroar, L50, F|100/100
|switch|p2b: Porygon2|Porygon2, L50|100/100
|-ability|p2a: Incineroar|Intimidate|boost
|-unboost|p1a: Ursaluna|atk|1
|-unboost|p1b: Gothitelle|atk|1
|-ability|p2b: Porygon2|Download|boost
|-boost|p2b: Porygon2|atk|1
|turn|1
|inactive|DkayMM has 30 seconds left.
|inactive|DkayMM has 20 seconds left.
|
|t:|1756954597
|move|p2a: Incineroar|Fake Out|p1b: Gothitelle
|-damage|p1b: Gothitelle|89/100
|cant|p1b: Gothitelle|flinch
|move|p2b: Porygon2|Ice Beam|p1a: Ursaluna
|-supereffective|p1a: Ursaluna
|-damage|p1a: Ursaluna|45/100
|move|p1a: Ursaluna|Facade|p2b: Porygon2
|-damage|p2b: Porygon2|81/100
|
|-status|p1a: Ursaluna|brn|[from] item: Flame Orb
|upkeep
|turn|2
|inactive|ItsgoodSteve has 30 seconds left.
|inactive|ItsgoodSteve has 20 seconds left.
|inactive|ItsgoodSteve has 15 seconds left.
|inactive|ItsgoodSteve has 10 seconds left.
|inactive|DkayMM has 30 seconds left.
|
|t:|1756954651
|switch|p1a: Politoed|Politoed, L50, F, shiny|100/100
|-weather|RainDance|[from] ability: Drizzle|[of] p1a: Politoed
|move|p1b: Gothitelle|Protect|p1b: Gothitelle
|-singleturn|p1b: Gothitelle|Protect
|move|p2a: Incineroar|Knock Off|p1a: Politoed
|-damage|p1a: Politoed|60/100
|-enditem|p1a: Politoed|Leftovers|[from] move: Knock Off|[of] p2a: Incineroar
|move|p2b: Porygon2|Tera Blast|p1b: Gothitelle
|-activate|p1b: Gothitelle|move: Protect
|
|-weather|RainDance|[upkeep]
|upkeep
|turn|3
|inactive|ItsgoodSteve has 30 seconds left.
|
|t:|1756954685
|move|p2a: Incineroar|Knock Off|p1b: Gothitelle
|-supereffective|p1b: Gothitelle
|-damage|p1b: Gothitelle|0 fnt
|-enditem|p1b: Gothitelle|Sitrus Berry|[from] move: Knock Off|[of] p2a: Incineroar
|faint|p1b: Gothitelle
|move|p1a: Politoed|Weather Ball|p2a: Incineroar
|-supereffective|p2a: Incineroar
|-damage|p2a: Incineroar|11/100
|-enditem|p2a: Incineroar|Sitrus Berry|[eat]
|-heal|p2a: Incineroar|36/100|[from] item: Sitrus Berry
|move|p2b: Porygon2|Tera Blast|p1a: Politoed
|-damage|p1a: Politoed|36/100
|
|-weather|RainDance|[upkeep]
|upkeep
|
|t:|1756954698
|switch|p1b: Feraligatr|Feraligatr, L50, F, shiny|100/100
|turn|4
|inactive|DkayMM has 30 seconds left.
|inactive|DkayMM has 20 seconds left.
|
|t:|1756954736
|move|p1a: Politoed|Protect|p1a: Politoed
|-singleturn|p1a: Politoed|Protect
|move|p2a: Incineroar|Knock Off|p1b: Feraligatr
|-damage|p1b: Feraligatr|64/100
|-enditem|p1b: Feraligatr|Life Orb|[from] move: Knock Off|[of] p2a: Incineroar
|move|p1b: Feraligatr|Liquidation|p2a: Incineroar
|-supereffective|p2a: Incineroar
|-damage|p2a: Incineroar|0 fnt
|faint|p2a: Incineroar
|move|p2b: Porygon2|Trick Room|p2b: Porygon2
|-fieldstart|move: Trick Room|[of] p2b: Porygon2
|
|-weather|RainDance|[upkeep]
|upkeep
|
|t:|1756954748
|switch|p2a: Ursaluna|Ursaluna, L50, F|100/100
|turn|5
|inactive|DkayMM has 30 seconds left.
|inactive|DkayMM has 20 seconds left.
|inactive|DkayMM has 15 seconds left.
|
|t:|1756954789
|switch|p2b: Jumpluff|Jumpluff, L50, F|100/100
|-terastallize|p2a: Ursaluna|Ghost
|move|p1b: Feraligatr|Protect|p1b: Feraligatr
|-singleturn|p1b: Feraligatr|Protect
|move|p2a: Ursaluna|Facade|p1a: Politoed
|-damage|p1a: Politoed|0 fnt
|faint|p1a: Politoed
|
|-weather|RainDance|[upkeep]
|-status|p2a: Ursaluna|brn|[from] item: Flame Orb
|upkeep
|
|t:|1756954801
|switch|p1a: Ursaluna|Ursaluna, L50, F, shiny|45/100 brn
|turn|6
|
|t:|1756954810
|move|p1a: Ursaluna|Facade|p2b: Jumpluff
|-damage|p2b: Jumpluff|0 fnt
|faint|p2b: Jumpluff
|move|p2a: Ursaluna|Earthquake|p1a: Ursaluna|[spread] p1a,p1b
|-damage|p1a: Ursaluna|0 fnt
|-damage|p1b: Feraligatr|7/100
|faint|p1a: Ursaluna
|move|p1b: Feraligatr|Crunch|p2a: Ursaluna
|-supereffective|p2a: Ursaluna
|-damage|p2a: Ursaluna|43/100 brn
|
|-weather|none
|-damage|p2a: Ursaluna|37/100 brn|[from] brn
|upkeep
|
|t:|1756954826
|switch|p2b: Porygon2|Porygon2, L50|81/100
|-ability|p2b: Porygon2|Download|boost
|-boost|p2b: Porygon2|spa|1
|turn|7
|-message|ItsgoodSteve forfeited.
|
|win|DkayMM
|l|☆ItsgoodSteve
|player|p1|
||ItsgoodSteve is ready for game 2.
