|j|☆Deharo94vgc
|j|☆SnorlaxPikachu1
|html|Deharo94vgcSnorlaxPikachu1    
|uhtml|bestof|Game 3 of a best-of-3
|t:|1757182182
|gametype|doubles
|player|p1|Deharo94vgc|lucas|1241
|player|p2|SnorlaxPikachu1|palmer|1530
|gen|9
|tier|[Gen 9] VGC 2025 Reg H (Bo3)
|rated|
|rule|Species Clause: Limit one of each Pokémon
|rule|Item Clause: Limit 1 of each item
|clearpoke
|poke|p1|Basculegion, L50, M|
|poke|p1|Sneasler, L50, M|
|poke|p1|Indeedee, L50, M|
|poke|p1|Archaludon, L50, F|
|poke|p1|Sinistcha, L50|
|poke|p1|Pelipper, L50, M|
|poke|p2|Kingambit, L50, M|
|poke|p2|Rillaboom, L50, M|
|poke|p2|Ninetales-Alola, L50, F|
|poke|p2|Magmar, L50, M|
|poke|p2|Sneasler, L50, M|
|poke|p2|Basculegion, L50, M|
|teampreview|4
|showteam|p1|Basculegion||ChoiceBand|SwiftSwim|LastRespects,WaveCrash,FlipTurn,AquaJet|||M|||50|,,,,,Water]Sneasler||PsychicSeed|Unburden|DireClaw,ThroatChop,CloseCombat,Protect|||M|||50|,,,,,Dark]Indeedee||ChoiceScarf|PsychicSurge|ExpandingForce,Trick,ShadowBall,Protect|||M|||50|,,,,,Psychic]Archaludon||AssaultVest|Stamina|DracoMeteor,ElectroShot,Snarl,BodyPress|||F|||50|,,,,,Bug]Sinistcha||SitrusBerry|Hospitality|MatchaGotcha,RagePowder,TrickRoom,Protect||||||50|,,,,,Water]Pelipper||FocusSash|Drizzle|Hurricane,MuddyWater,WideGuard,Protect|||M|||50|,,,,,Ghost
|showteam|p2|Kingambit||BlackGlasses|Defiant|SuckerPunch,KowtowCleave,SwordsDance,Protect|||M|||50|,,,,,Fire]Rillaboom||AssaultVest|GrassySurge|WoodHammer,GrassyGlide,Uturn,FakeOut|||M|||50|,,,,,Ghost]Ninetales-Alola||LifeOrb|SnowWarning|Blizzard,FreezeDry,Encore,Protect|||F|||50|,,,,,Ice]Magmar||Eviolite|VitalSpirit|HeatWave,WillOWisp,FollowMe,Protect|||M|||50|,,,,,Ghost]Sneasler||FocusSash|Unburden|DireClaw,CloseCombat,FakeOut,Protect|||M|||50|,,,,,Ghost]Basculegion||ChoiceScarf|Adaptability|TeraBlast,LastRespects,WaveCrash,FlipTurn|||M|||50|,,,,,Fighting
|inactive|Battle timer is ON: inactive players will automatically lose when time's up. (requested by Deharo94vgc)
|
|t:|1757182195
|teamsize|p1|4
|teamsize|p2|4
|start
|switch|p1a: Basculegion|Basculegion, L50, M|100/100
|switch|p1b: Pelipper|Pelipper, L50, M|100/100
|switch|p2a: THE FLAMING KING|Kingambit, L50, M|100/100
|switch|p2b: Aw dangit|Sneasler, L50, M|100/100
|-weather|RainDance|[from] ability: Drizzle|[of] p1b: Pelipper
|turn|1
|inactive|SnorlaxPikachu1 has 30 seconds left.
|
|t:|1757182224
|switch|p1b: Indeedee|Indeedee, L50, M|100/100
|-fieldstart|move: Psychic Terrain|[from] ability: Psychic Surge|[of] p1b: Indeedee
|switch|p2a: Gaia|Rillaboom, L50, M|100/100
|-fieldstart|move: Grassy Terrain|[from] ability: Grassy Surge|[of] p2a: Gaia
|-terastallize|p1a: Basculegion|Water
|move|p1a: Basculegion|Wave Crash|p2a: Gaia
|-resisted|p2a: Gaia
|-damage|p2a: Gaia|26/100
|-damage|p1a: Basculegion|74/100|[from] Recoil
|move|p2b: Aw dangit|Dire Claw|p1b: Indeedee
|-damage|p1b: Indeedee|20/100
|-status|p1b: Indeedee|psn
|
|-weather|RainDance|[upkeep]
|-heal|p1a: Basculegion|81/100|[from] Grassy Terrain
|-heal|p1b: Indeedee|26/100 psn|[from] Grassy Terrain
|-heal|p2a: Gaia|31/100|[from] Grassy Terrain
|-damage|p1b: Indeedee|14/100 psn|[from] psn
|upkeep
|turn|2
|
|t:|1757182246
|switch|p1a: Pelipper|Pelipper, L50, M|100/100
|switch|p1b: Sneasler|Sneasler, L50, M|100/100
|move|p2a: Gaia|Grassy Glide|p1b: Sneasler
|-resisted|p1b: Sneasler
|-damage|p1b: Sneasler|69/100
|move|p2b: Aw dangit|Close Combat|p1a: Pelipper
|-resisted|p1a: Pelipper
|-damage|p1a: Pelipper|67/100
|-unboost|p2b: Aw dangit|def|1
|-unboost|p2b: Aw dangit|spd|1
|
|-weather|RainDance|[upkeep]
|-heal|p1b: Sneasler|75/100|[from] Grassy Terrain
|-heal|p2a: Gaia|37/100|[from] Grassy Terrain
|upkeep
|turn|3
|
|t:|1757182265
|-terastallize|p2a: Gaia|Ghost
|move|p2a: Gaia|Grassy Glide|p1a: Pelipper
|-damage|p1a: Pelipper|28/100
|move|p2b: Aw dangit|Dire Claw|p1a: Pelipper
|-damage|p1a: Pelipper|0 fnt
|faint|p1a: Pelipper
|move|p1b: Sneasler|Close Combat|p2a: Gaia
|-immune|p2a: Gaia
|
|-weather|RainDance|[upkeep]
|-heal|p1b: Sneasler|82/100|[from] Grassy Terrain
|-heal|p2a: Gaia|43/100|[from] Grassy Terrain
|upkeep
|
|t:|1757182277
|switch|p1a: Basculegion|Basculegion, L50, M, tera:Water|81/100
|turn|4
|
|t:|1757182293
|move|p1a: Basculegion|Aqua Jet|p2a: Gaia
|-damage|p2a: Gaia|0 fnt
|faint|p2a: Gaia
|move|p1b: Sneasler|Dire Claw|p2b: Aw dangit
|-resisted|p2b: Aw dangit
|-damage|p2b: Aw dangit|52/100
|-status|p2b: Aw dangit|par
|move|p2b: Aw dangit|Dire Claw|p1b: Sneasler
|-resisted|p1b: Sneasler
|-damage|p1b: Sneasler|48/100
|
|-weather|RainDance|[upkeep]
|-heal|p1a: Basculegion|87/100|[from] Grassy Terrain
|-heal|p1b: Sneasler|54/100|[from] Grassy Terrain
|-heal|p2b: Aw dangit|58/100 par|[from] Grassy Terrain
|upkeep
|
|t:|1757182304
|switch|p2a: Frostbite|Ninetales-Alola, L50, F|100/100
|-weather|Snowscape|[from] ability: Snow Warning|[of] p2a: Frostbite
|turn|5
|inactive|SnorlaxPikachu1 has 30 seconds left.
|inactive|SnorlaxPikachu1 has 20 seconds left.
|
|t:|1757182340
|move|p1a: Basculegion|Aqua Jet|p2b: Aw dangit
|-damage|p2b: Aw dangit|0 fnt
|faint|p2b: Aw dangit
|move|p1b: Sneasler|Dire Claw|p2a: Frostbite
|-supereffective|p2a: Frostbite
|-damage|p2a: Frostbite|27/100
|-status|p2a: Frostbite|psn
|move|p2a: Frostbite|Blizzard|p1b: Sneasler|[spread] p1a,p1b
|-resisted|p1a: Basculegion
|-damage|p1a: Basculegion|63/100
|-damage|p1b: Sneasler|0 fnt
|faint|p1b: Sneasler
|-damage|p2a: Frostbite|17/100 psn|[from] item: Life Orb
|
|-weather|Snowscape|[upkeep]
|-heal|p2a: Frostbite|23/100 psn|[from] Grassy Terrain
|-heal|p1a: Basculegion|69/100|[from] Grassy Terrain
|-damage|p2a: Frostbite|11/100 psn|[from] psn
|-fieldend|move: Grassy Terrain
|upkeep
|
|t:|1757182351
|switch|p1b: Indeedee|Indeedee, L50, M|14/100 psn
|switch|p2b: THE FLAMING KING|Kingambit, L50, M|100/100
|-fieldstart|move: Psychic Terrain|[from] ability: Psychic Surge|[of] p1b: Indeedee
|turn|6
|inactive|SnorlaxPikachu1 has 30 seconds left.
|
|t:|1757182376
|move|p1a: Basculegion|Aqua Jet|p2a: Frostbite
|-activate|p2a: Frostbite|move: Psychic Terrain
|move|p1b: Indeedee|Trick|p1a: Basculegion
|-activate|p1b: Indeedee|move: Trick|[of] p1a: Basculegion
|-item|p1a: Basculegion|Choice Scarf|[from] move: Trick
|-item|p1b: Indeedee|Choice Band|[from] move: Trick
|move|p2a: Frostbite|Freeze-Dry|p1a: Basculegion
|-supereffective|p1a: Basculegion
|-damage|p1a: Basculegion|0 fnt
|faint|p1a: Basculegion
|-damage|p2a: Frostbite|2/100 psn|[from] item: Life Orb
|move|p2b: THE FLAMING KING|Kowtow Cleave|p1b: Indeedee
|-supereffective|p1b: Indeedee
|-damage|p1b: Indeedee|0 fnt
|faint|p1b: Indeedee
|
|win|SnorlaxPikachu1
|raw|Deharo94vgc's rating: 1241 → 1233(-8 for losing)
|raw|SnorlaxPikachu1's rating: 1530 → 1536(+6 for winning)
|c|☆SnorlaxPikachu1|gg
