|j|☆TubeKnight
|j|☆void25o
|html|TubeKnightvoid25o    
|uhtml|bestof|Game 2 of a best-of-3
|t:|1785635895
|gametype|doubles
|player|p1|TubeKnight|veteran|
|player|p2|void25o|raihan-masters|
|gen|9
|tier|[Gen 9 Champions] VGC 2026 Reg M-B (Bo3)
|rule|Species Clause: Limit one of each Pokémon
|rule|Item Clause: Limit 1 of each item
|clearpoke
|poke|p1|Staraptor, L50, F|
|poke|p1|Whimsicott, L50, M|
|poke|p1|Gholdengo, L50|
|poke|p1|Incineroar, L50, F, shiny|
|poke|p1|Garchomp, L50, F|
|poke|p1|Charizard, L50, M, shiny|
|poke|p2|Garchomp, L50, M|
|poke|p2|Whimsicott, L50, M|
|poke|p2|Gengar, L50, F|
|poke|p2|Delphox, L50, F|
|poke|p2|Tsareena, L50, F, shiny|
|poke|p2|Basculegion, L50, M|
|teampreview|4
|showteam|p1|Staraptor||Staraptite|Intimidate|CloseCombat,BraveBird,Protect,Roost|Jolly||F|||50|]Whimsicott||FocusSash|Prankster|Moonblast,Charm,Tailwind,Encore|Timid||M|||50|]Gholdengo||LifeOrb|GoodasGold|ShadowBall,MakeItRain,Protect,NastyPlot|Modest|||||50|]Incineroar||SitrusBerry|Intimidate|DarkestLariat,FakeOut,PartingShot,FlareBlitz|Careful||F|||50|]Garchomp||ChoiceScarf|RoughSkin|Earthquake,StompingTantrum,DragonClaw,RockSlide|Adamant||F|||50|]Charizard||CharizarditeY|Blaze|HeatWave,Protect,SolarBeam,WeatherBall|Modest||M|||50|
|showteam|p2|Garchomp||LifeOrb|RoughSkin|DragonClaw,Earthquake,RockSlide,Protect|Jolly||M|||50|]Whimsicott||FocusSash|Prankster|Moonblast,Encore,Tailwind,Protect|Timid||M|||50|]Gengar||Gengarite|CursedBody|ShadowBall,Disable,SludgeBomb,Protect|Timid||F|||50|]Delphox||Delphoxite|Blaze|HeatWave,Psychic,Encore,Protect|Timid||F|||50|]Tsareena||WideLens|QueenlyMajesty|PowerWhip,HighJumpKick,TripleAxel,Protect|Adamant||F|||50|]Basculegion||MysticWater|Adaptability|WaveCrash,LastRespects,AquaJet,Protect|Adamant||M|||50|
|c|☆TubeKnight|Glhf
|c|☆void25o|glhf
|
|t:|1785635952
|teamsize|p1|4
|teamsize|p2|4
|start
|switch|p1a: Whimsicott|Whimsicott, L50, M|100/100
|switch|p1b: Garchomp|Garchomp, L50, F|100/100
|switch|p2a: Jaun|Basculegion, L50, M|100/100
|switch|p2b: Jawn|Whimsicott, L50, M|100/100
|turn|1
|
|t:|1785635988
|switch|p1a: Incineroar|Incineroar, L50, F, shiny|100/100
|-ability|p1a: Incineroar|Intimidate|boost
|-unboost|p2a: Jaun|atk|1
|-unboost|p2b: Jawn|atk|1
|move|p2b: Jawn|Tailwind|p2b: Jawn
|-sidestart|p2: void25o|move: Tailwind
|move|p2a: Jaun|Wave Crash|p1b: Garchomp
|-damage|p1b: Garchomp|42/100
|-damage|p2a: Jaun|87/100|[from] ability: Rough Skin|[of] p1b: Garchomp
|-damage|p2a: Jaun|69/100|[from] Recoil
|move|p1b: Garchomp|Rock Slide|p2b: Jawn|[spread] p2a
|-miss|p1b: Garchomp|p2b: Jawn
|-damage|p2a: Jaun|43/100
|
|upkeep
|turn|2
|
|t:|1785636036
|switch|p1a: Whimsicott|Whimsicott, L50, M|100/100
|move|p2b: Jawn|Moonblast|p1b: Garchomp
|-supereffective|p1b: Garchomp|1
|-damage|p1b: Garchomp|0 fnt
|faint|p1b: Garchomp
|move|p2a: Jaun|Wave Crash|p1a: Whimsicott
|-resisted|p1a: Whimsicott|1
|-damage|p1a: Whimsicott|53/100
|-damage|p2a: Jaun|32/100|[from] Recoil
|
|upkeep
|
|t:|1785636045
|switch|p1b: Charizard|Charizard, L50, M, shiny|100/100
|turn|3
|
|t:|1785636055
|switch|p2a: Jean|Garchomp, L50, M|100/100
|detailschange|p1b: Charizard|Charizard-Mega-Y, L50, M, shiny
|-mega|p1b: Charizard|Charizard|Charizardite Y
|-weather|SunnyDay|[from] ability: Drought|[of] p1b: Charizard
|move|p1a: Whimsicott|Tailwind|p1a: Whimsicott
|-sidestart|p1: TubeKnight|move: Tailwind
|move|p2b: Jawn|Moonblast|p1a: Whimsicott
|-damage|p1a: Whimsicott|0 fnt
|faint|p1a: Whimsicott
|move|p1b: Charizard|Heat Wave|p2a: Jean|[spread] p2a,p2b
|-resisted|p2a: Jean|1
|-supereffective|p2b: Jawn|1
|-damage|p2a: Jean|68/100
|-enditem|p2b: Jawn|Focus Sash
|-damage|p2b: Jawn|1/100
|
|-weather|SunnyDay|[upkeep]
|upkeep
|
|t:|1785636066
|switch|p1a: Incineroar|Incineroar, L50, F, shiny|100/100
|-ability|p1a: Incineroar|Intimidate|boost
|-unboost|p2a: Jean|atk|1
|-unboost|p2b: Jawn|atk|1
|turn|4
|
|t:|1785636073
|move|p2b: Jawn|Protect|p2b: Jawn
|-singleturn|p2b: Jawn|Protect
|move|p2a: Jean|Protect|p2a: Jean
|-singleturn|p2a: Jean|Protect
|move|p1a: Incineroar|Fake Out|p2a: Jean
|-activate|p2a: Jean|move: Protect
|move|p1b: Charizard|Heat Wave|p2a: Jean|[spread] 
|-activate|p2a: Jean|move: Protect
|-activate|p2b: Jawn|move: Protect
|
|-weather|SunnyDay|[upkeep]
|-sideend|p2: void25o|move: Tailwind
|upkeep
|turn|5
|
|t:|1785636111
|move|p2b: Jawn|Tailwind|p2b: Jawn
|-sidestart|p2: void25o|move: Tailwind
|move|p2a: Jean|Rock Slide|p1b: Charizard|[spread] p1a,p1b
|-supereffective|p1a: Incineroar|1
|-supereffective|p1b: Charizard|2
|-damage|p1a: Incineroar|71/100
|-damage|p1b: Charizard|25/100
|-damage|p2a: Jean|58/100|[from] item: Life Orb
|cant|p1b: Charizard|flinch
|cant|p1a: Incineroar|flinch
|
|-weather|SunnyDay|[upkeep]
|upkeep
|turn|6
|
|t:|1785636131
|move|p2b: Jawn|Moonblast|p1a: Incineroar
|-damage|p1a: Incineroar|41/100
|-enditem|p1a: Incineroar|Sitrus Berry|[eat]
|-heal|p1a: Incineroar|66/100|[from] item: Sitrus Berry
|move|p2a: Jean|Rock Slide|p1a: Incineroar|[spread] p1a,p1b
|-supereffective|p1a: Incineroar|1
|-supereffective|p1b: Charizard|2
|-damage|p1a: Incineroar|34/100
|-damage|p1b: Charizard|0 fnt
|faint|p1b: Charizard
|-damage|p2a: Jean|49/100|[from] item: Life Orb
|move|p1a: Incineroar|Darkest Lariat|p2a: Jean
|-damage|p2a: Jean|15/100
|-damage|p1a: Incineroar|21/100|[from] ability: Rough Skin|[of] p2a: Jean
|
|-weather|SunnyDay|[upkeep]
|-sideend|p1: TubeKnight|move: Tailwind
|upkeep
|turn|7
|-message|TubeKnight forfeited.
|
|win|void25o
||void25o is ready for game 3.
