|j|☆javi fuego
|j|☆pokefighter ABCZ
|html|javi fuegopokefighter ABCZ    
|uhtml|bestof|Game 1 of a best-of-3
|t:|1785831416
|gametype|doubles
|player|p1|javi fuego|170|1367
|player|p2|pokefighter ABCZ|blue-gen1rbchampion|1387
|gen|9
|tier|[Gen 9 Champions] VGC 2026 Reg M-B (Bo3)
|rated|
|rule|Species Clause: Limit one of each Pokémon
|rule|Item Clause: Limit 1 of each item
|clearpoke
|poke|p1|Raichu, L50, M|
|poke|p1|Floette-Eternal, L50, F|
|poke|p1|Sinistcha, L50|
|poke|p1|Ceruledge, L50, F|
|poke|p1|Milotic, L50, M|
|poke|p1|Incineroar, L50, M|
|poke|p2|Aerodactyl, L50, M|
|poke|p2|Farigiraf, L50, F|
|poke|p2|Sylveon, L50, F|
|poke|p2|Garchomp, L50, F|
|poke|p2|Charizard, L50, F|
|poke|p2|Kingambit, L50, M|
|teampreview|4
|showteam|p1|Raichu||RaichuniteY|LightningRod|ZapCannon,FocusBlast,FakeOut,Protect|Timid||M|||50|]Floette-Eternal||Floettite|FlowerVeil|CalmMind,DazzlingGleam,DrainingKiss,Protect|Timid||F|||50|]Sinistcha||KasibBerry|Hospitality|MatchaGotcha,LifeDew,RagePowder,Protect|Relaxed|||||50|]Ceruledge||ColburBerry|FlashFire|BitterBlade,ShadowSneak,BulkUp,Protect|Adamant||F|||50|]Milotic||Leftovers|Competitive|MuddyWater,Coil,Hypnosis,Protect|Calm||M|||50|]Incineroar||SitrusBerry|Intimidate|FlareBlitz,ThroatChop,FakeOut,PartingShot|Impish||M|||50|
|showteam|p2|Aerodactyl||Aerodactylite|Unnerve|RockSlide,DualWingbeat,Protect,Tailwind|Jolly||M|||50|]Farigiraf||SitrusBerry|ArmorTail|Psychic,Thunderbolt,TrickRoom,HelpingHand|Bold||F|||50|]Sylveon||FairyFeather|Pixilate|HyperVoice,HyperBeam,Detect,QuickAttack|Modest||F|||50|]Garchomp||LifeOrb|RoughSkin|RockSlide,Earthquake,Protect,DragonClaw|Jolly||F|||50|]Charizard||CharizarditeY|Blaze|HeatWave,WeatherBall,Protect,SolarBeam|Timid||F|||50|]Kingambit||FocusSash|Defiant|KowtowCleave,IronHead,LowKick,SuckerPunch|Adamant||M|||50|
|inactive|Battle timer is ON: inactive players will automatically lose when time's up. (requested by pokefighter ABCZ)
|
|t:|1785831488
|teamsize|p1|4
|teamsize|p2|4
|start
|switch|p1a: Incineroar|Incineroar, L50, M|100/100
|switch|p1b: Floette|Floette-Eternal, L50, F|100/100
|switch|p2a: Aerodactyl|Aerodactyl, L50, M|100/100
|switch|p2b: Kingambit|Kingambit, L50, M|100/100
|-ability|p2a: Aerodactyl|Unnerve
|-ability|p1a: Incineroar|Intimidate|boost
|-unboost|p2a: Aerodactyl|atk|1
|-unboost|p2b: Kingambit|atk|1
|-ability|p2b: Kingambit|Defiant|boost
|-boost|p2b: Kingambit|atk|2
|turn|1
|
|t:|1785831508
|detailschange|p2a: Aerodactyl|Aerodactyl-Mega, L50, M
|-mega|p2a: Aerodactyl|Aerodactyl|Aerodactylite
|detailschange|p1b: Floette|Floette-Mega, L50, F
|-mega|p1b: Floette|Floette|Floettite
|-ability|p1b: Floette|Fairy Aura
|move|p1a: Incineroar|Fake Out|p2b: Kingambit
|-resisted|p2b: Kingambit|1
|-damage|p2b: Kingambit|96/100
|move|p2a: Aerodactyl|Rock Slide|p1a: Incineroar|[spread] p1a,p1b
|-supereffective|p1a: Incineroar|1
|-crit|p1a: Incineroar
|-damage|p1a: Incineroar|34/100
|-damage|p1b: Floette|80/100
|-enditem|p1a: Incineroar|Sitrus Berry|[eat]
|-heal|p1a: Incineroar|59/100|[from] item: Sitrus Berry
|move|p1b: Floette|Dazzling Gleam|p2a: Aerodactyl|[spread] p2a,p2b
|-damage|p2a: Aerodactyl|52/100
|-damage|p2b: Kingambit|48/100
|cant|p2b: Kingambit|flinch
|
|upkeep
|turn|2
|inactive|javi fuego has 30 seconds left.
|
|t:|1785831538
|move|p1b: Floette|Protect|p1b: Floette
|-singleturn|p1b: Floette|Protect
|move|p2a: Aerodactyl|Tailwind|p2a: Aerodactyl
|-sidestart|p2: pokefighter ABCZ|move: Tailwind
|move|p2b: Kingambit|Low Kick|p1a: Incineroar
|-supereffective|p1a: Incineroar|1
|-damage|p1a: Incineroar|0 fnt
|faint|p1a: Incineroar
|
|upkeep
|
|t:|1785831548
|switch|p1a: Ceruledge|Ceruledge, L50, F|100/100
|turn|3
|
|t:|1785831557
|switch|p1b: Milotic|Milotic, L50, M|100/100
|move|p2a: Aerodactyl|Rock Slide|p1b: Milotic|[spread] p1a,p1b
|-supereffective|p1a: Ceruledge|1
|-damage|p1a: Ceruledge|53/100
|-damage|p1b: Milotic|83/100
|move|p2b: Kingambit|Iron Head|p1b: Milotic
|-resisted|p1b: Milotic|1
|-crit|p1b: Milotic
|-damage|p1b: Milotic|37/100
|move|p1a: Ceruledge|Bitter Blade|p2b: Kingambit
|-supereffective|p2b: Kingambit|1
|-damage|p2b: Kingambit|0 fnt
|-heal|p1a: Ceruledge|77/100|[from] drain|[of] p2b: Kingambit
|faint|p2b: Kingambit
|
|-heal|p1b: Milotic|43/100|[from] item: Leftovers
|upkeep
|
|t:|1785831574
|switch|p2b: Garchomp|Garchomp, L50, F|100/100
|turn|4
|inactive|javi fuego has 30 seconds left.
|inactive|javi fuego has 20 seconds left.
|
|t:|1785831610
|move|p1b: Milotic|Protect|p1b: Milotic
|-singleturn|p1b: Milotic|Protect
|move|p1a: Ceruledge|Shadow Sneak|p2b: Garchomp
|-crit|p2b: Garchomp
|-damage|p2b: Garchomp|66/100
|-damage|p1a: Ceruledge|65/100|[from] ability: Rough Skin|[of] p2b: Garchomp
|move|p2a: Aerodactyl|Rock Slide|p1b: Milotic|[spread] p1a
|-activate|p1b: Milotic|move: Protect
|-supereffective|p1a: Ceruledge|1
|-damage|p1a: Ceruledge|25/100
|move|p2b: Garchomp|Earthquake|p1a: Ceruledge|[spread] p1a
|-activate|p1b: Milotic|move: Protect
|-immune|p2a: Aerodactyl
|-supereffective|p1a: Ceruledge|1
|-damage|p1a: Ceruledge|0 fnt
|faint|p1a: Ceruledge
|-damage|p2b: Garchomp|56/100|[from] item: Life Orb
|
|-heal|p1b: Milotic|49/100|[from] item: Leftovers
|upkeep
|
|t:|1785831618
|switch|p1a: Floette|Floette-Mega, L50, F|80/100
|-ability|p1a: Floette|Fairy Aura
|turn|5
|
|t:|1785831633
|move|p2a: Aerodactyl|Protect|p2a: Aerodactyl
|-singleturn|p2a: Aerodactyl|Protect
|move|p2b: Garchomp|Protect|p2b: Garchomp
|-singleturn|p2b: Garchomp|Protect
|move|p1a: Floette|Protect|p1a: Floette
|-singleturn|p1a: Floette|Protect
|move|p1b: Milotic|Hypnosis|p2b: Garchomp
|-activate|p2b: Garchomp|move: Protect
|
|-heal|p1b: Milotic|54/100|[from] item: Leftovers
|-sideend|p2: pokefighter ABCZ|move: Tailwind
|upkeep
|turn|6
|
|t:|1785831646
|move|p2a: Aerodactyl|Tailwind|p2a: Aerodactyl
|-sidestart|p2: pokefighter ABCZ|move: Tailwind
|move|p2b: Garchomp|Earthquake|p1a: Floette|[spread] p1a,p1b
|-immune|p2a: Aerodactyl
|-damage|p1a: Floette|30/100
|-damage|p1b: Milotic|14/100
|-damage|p2b: Garchomp|47/100|[from] item: Life Orb
|move|p1a: Floette|Dazzling Gleam|p2a: Aerodactyl|[spread] p2a,p2b
|-supereffective|p2b: Garchomp|1
|-damage|p2a: Aerodactyl|4/100
|-damage|p2b: Garchomp|0 fnt
|faint|p2b: Garchomp
|move|p1b: Milotic|Hypnosis|p2a: Aerodactyl
|-status|p2a: Aerodactyl|slp|[from] move: Hypnosis
|
|-heal|p1b: Milotic|20/100y|[from] item: Leftovers
|upkeep
|
|t:|1785831657
|switch|p2b: Sylveon|Sylveon, L50, F|100/100
|turn|7
|
|t:|1785831667
|cant|p2a: Aerodactyl|slp
|move|p2b: Sylveon|Hyper Voice|p1a: Floette|[spread] p1a,p1b
|-damage|p1a: Floette|0 fnt
|-damage|p1b: Milotic|0 fnt
|faint|p1a: Floette
|faint|p1b: Milotic
|
|win|pokefighter ABCZ
||javi fuego is ready for game 2.
||pokefighter ABCZ is ready for game 2.
|uhtml|next|Next: Game 2 of 3
|l|☆pokefighter ABCZ
|player|p2|
