|j|☆RadonVGC
|j|☆baarboo
|html|RadonVGCbaarboo    
|uhtml|bestof|Game 2 of a best-of-3
|t:|1783350028
|gametype|doubles
|player|p1|RadonVGC|aaron|1136
|player|p2|baarboo|170|1405
|gen|9
|tier|[Gen 9 Champions] VGC 2026 Reg M-B (Bo3)
|rated|
|rule|Species Clause: Limit one of each Pokémon
|rule|Item Clause: Limit 1 of each item
|clearpoke
|poke|p1|Venusaur, L50, F|
|poke|p1|Incineroar, L50, F|
|poke|p1|Rotom-Wash, L50|
|poke|p1|Gholdengo, L50|
|poke|p1|Dragonite, L50, M|
|poke|p1|Floette-Eternal, L50, F|
|poke|p2|Charizard, L50, M|
|poke|p2|Kingambit, L50, M|
|poke|p2|Sylveon, L50, F|
|poke|p2|Farigiraf, L50, M|
|poke|p2|Garchomp, L50, F|
|poke|p2|Aerodactyl, L50, M|
|teampreview|4
|showteam|p1|Venusaur||Venusaurite|Overgrow|SludgeBomb,GigaDrain,EarthPower,Protect|Modest||F|||50|]Incineroar||ChartiBerry|Intimidate|FakeOut,PartingShot,FlareBlitz,ThroatChop|Impish||F|||50|]Rotom-Wash||SitrusBerry|Levitate|HydroPump,WillOWisp,VoltSwitch,Protect|Modest|||||50|]Gholdengo||LifeOrb|GoodasGold|NastyPlot,MakeItRain,ShadowBall,Protect|Modest|||||50|]Dragonite||DragonFang|Multiscale|DragonClaw,LowKick,Tailwind,Protect|Adamant||M|||50|]Floette-Eternal||Floettite|FlowerVeil|Moonblast,LightofRuin,DazzlingGleam,Protect|Modest||F|||50|
|showteam|p2|Charizard||CharizarditeY|SolarPower|SolarBeam,WeatherBall,Protect,HeatWave|Modest||M|||50|]Kingambit||FocusSash|Defiant|KowtowCleave,SuckerPunch,LowKick,IronHead|Adamant||M|||50|]Sylveon||FairyFeather|Pixilate|Detect,HyperBeam,HyperVoice,QuickAttack|Modest||F|||50|]Farigiraf||SitrusBerry|ArmorTail|TrickRoom,TwinBeam,GrassKnot,Thunderbolt|Bold||M|||50|]Garchomp||LifeOrb|RoughSkin|Protect,Earthquake,DragonClaw,StompingTantrum|Jolly||F|||50|]Aerodactyl||Aerodactylite|Unnerve|RockSlide,IceFang,Tailwind,DualWingbeat|Jolly||M|||50|
|inactive|Battle timer is ON: inactive players will automatically lose when time's up. (requested by RadonVGC)
|
|t:|1783350052
|teamsize|p1|4
|teamsize|p2|4
|start
|switch|p1a: Incineroar|Incineroar, L50, F|100/100
|switch|p1b: Dragonite|Dragonite, L50, M|100/100
|switch|p2a: Aerodactyl|Aerodactyl, L50, M|100/100
|switch|p2b: Sylveon|Sylveon, L50, F|100/100
|-ability|p2a: Aerodactyl|Unnerve
|-ability|p1a: Incineroar|Intimidate|boost
|-unboost|p2a: Aerodactyl|atk|1
|-unboost|p2b: Sylveon|atk|1
|turn|1
|j| mynamegrassgreen
|
|t:|1783350066
|detailschange|p2a: Aerodactyl|Aerodactyl-Mega, L50, M
|-mega|p2a: Aerodactyl|Aerodactyl|Aerodactylite
|move|p1a: Incineroar|Fake Out|p2a: Aerodactyl
|-resisted|p2a: Aerodactyl|1
|-damage|p2a: Aerodactyl|93/100
|cant|p2a: Aerodactyl|flinch
|move|p1b: Dragonite|Tailwind|p1b: Dragonite
|-sidestart|p1: RadonVGC|move: Tailwind
|move|p2b: Sylveon|Hyper Voice|p1a: Incineroar|[spread] p1a,p1b
|-supereffective|p1b: Dragonite|1
|-damage|p1a: Incineroar|58/100
|-damage|p1b: Dragonite|52/100
|
|upkeep
|turn|2
|l| mynamegrassgreen
|
|t:|1783350073
|move|p1b: Dragonite|Dragon Claw|p2a: Aerodactyl
|-damage|p2a: Aerodactyl|25/100
|move|p2a: Aerodactyl|Tailwind|p2a: Aerodactyl
|-sidestart|p2: baarboo|move: Tailwind
|move|p2b: Sylveon|Hyper Voice|p1a: Incineroar|[spread] p1a,p1b
|-supereffective|p1b: Dragonite|1
|-damage|p1a: Incineroar|15/100
|-damage|p1b: Dragonite|0 fnt
|faint|p1b: Dragonite
|move|p1a: Incineroar|Parting Shot|p2b: Sylveon
|-unboost|p2b: Sylveon|atk|1
|-unboost|p2b: Sylveon|spa|1
|
|t:|1783350081
|switch|p1a: Rotom|Rotom-Wash, L50|100/100|[from] Parting Shot
|
|upkeep
|
|t:|1783350082
|switch|p1b: Venusaur|Venusaur, L50, F|100/100
|turn|3
|inactive|RadonVGC has 30 seconds left.
|inactive|RadonVGC has 20 seconds left.
|
|t:|1783350120
|switch|p2a: Kingambit|Kingambit, L50, M|100/100
|switch|p2b: Farigiraf|Farigiraf, L50, M|100/100
|move|p1b: Venusaur|Protect|p1b: Venusaur
|-singleturn|p1b: Venusaur|Protect
|move|p1a: Rotom|Volt Switch|p2a: Kingambit
|-damage|p2a: Kingambit|60/100
|
|t:|1783350127
|switch|p1a: Incineroar|Incineroar, L50, F|15/100|[from] Volt Switch
|-ability|p1a: Incineroar|Intimidate|boost
|-unboost|p2a: Kingambit|atk|1
|-ability|p2a: Kingambit|Defiant|boost
|-boost|p2a: Kingambit|atk|2
|-unboost|p2b: Farigiraf|atk|1
|
|upkeep
|turn|4
|
|t:|1783350149
|switch|p1a: Rotom|Rotom-Wash, L50|100/100
|detailschange|p1b: Venusaur|Venusaur-Mega, L50, F
|-mega|p1b: Venusaur|Venusaur|Venusaurite
|move|p2a: Kingambit|Low Kick|p1a: Rotom
|-damage|p1a: Rotom|88/100
|move|p1b: Venusaur|Earth Power|p2a: Kingambit
|-supereffective|p2a: Kingambit|1
|-damage|p2a: Kingambit|0 fnt
|faint|p2a: Kingambit
|move|p2b: Farigiraf|Twin Beam|p1b: Venusaur
|-supereffective|p1b: Venusaur|1
|-damage|p1b: Venusaur|73/100
|-supereffective|p1b: Venusaur|1
|-damage|p1b: Venusaur|52/100
|-hitcount|p1b: Venusaur|2
|
|-sideend|p1: RadonVGC|move: Tailwind
|upkeep
|
|t:|1783350153
|switch|p2a: Aerodactyl|Aerodactyl-Mega, L50, M|25/100
|turn|5
|
|t:|1783350171
|move|p1a: Rotom|Protect|p1a: Rotom
|-singleturn|p1a: Rotom|Protect
|move|p1b: Venusaur|Protect|p1b: Venusaur
|-singleturn|p1b: Venusaur|Protect
|move|p2a: Aerodactyl|Rock Slide|p1a: Rotom|[spread] 
|-activate|p1a: Rotom|move: Protect
|-activate|p1b: Venusaur|move: Protect
|move|p2b: Farigiraf|Trick Room|p2b: Farigiraf
|-fieldstart|move: Trick Room|[of] p2b: Farigiraf
|
|-sideend|p2: baarboo|move: Tailwind
|upkeep
|turn|6
|
|t:|1783350181
|move|p2b: Farigiraf|Twin Beam|p1b: Venusaur
|-supereffective|p1b: Venusaur|1
|-damage|p1b: Venusaur|27/100
|-supereffective|p1b: Venusaur|1
|-damage|p1b: Venusaur|4/100
|-hitcount|p1b: Venusaur|2
|move|p1b: Venusaur|Giga Drain|p2a: Aerodactyl
|-damage|p2a: Aerodactyl|0 fnt
|-heal|p1b: Venusaur|17/100|[from] drain|[of] p2a: Aerodactyl
|faint|p2a: Aerodactyl
|move|p1a: Rotom|Hydro Pump|p2b: Farigiraf
|-damage|p2b: Farigiraf|56/100
|
|upkeep
|
|t:|1783350185
|switch|p2a: Sylveon|Sylveon, L50, F|100/100
|turn|7
|
|t:|1783350197
|switch|p1b: Incineroar|Incineroar, L50, F|15/100
|-ability|p1b: Incineroar|Intimidate|boost
|-unboost|p2a: Sylveon|atk|1
|-unboost|p2b: Farigiraf|atk|1
|move|p2b: Farigiraf|Twin Beam|p1a: Rotom
|-damage|p1a: Rotom|69/100
|-damage|p1a: Rotom|50/100g
|-hitcount|p1a: Rotom|2
|move|p2a: Sylveon|Hyper Voice|p1b: Incineroar|[spread] p1a,p1b
|-crit|p1a: Rotom
|-damage|p1a: Rotom|0 fnt
|-damage|p1b: Incineroar|0 fnt
|faint|p1a: Rotom
|faint|p1b: Incineroar
|
|upkeep
|
|t:|1783350206
|switch|p1b: Venusaur|Venusaur-Mega, L50, F|17/100
|turn|8
|-message|RadonVGC forfeited.
|
|win|baarboo
|l|☆RadonVGC
|player|p1|
||baarboo is ready for game 3.
||RadonVGC is ready for game 3.
|uhtml|next|Next: Game 3 of 3
|l|☆baarboo
|player|p2|
|j|☆baarboo
|player|p2|baarboo|170|
