|j|☆SleepD2
|j|☆Gozante
|html|SleepD2Gozante    
|uhtml|bestof|Game 3 of a best-of-3
|t:|1785262082
|gametype|doubles
|player|p1|SleepD2|265|1368
|player|p2|Gozante|169|1420
|gen|9
|tier|[Gen 9 Champions] VGC 2026 Reg M-B (Bo3)
|rated|
|rule|Species Clause: Limit one of each Pokémon
|rule|Item Clause: Limit 1 of each item
|clearpoke
|poke|p1|Kommo-o, L50, F|
|poke|p1|Gardevoir, L50, F|
|poke|p1|Maushold-Four, L50|
|poke|p1|Incineroar, L50, M|
|poke|p1|Basculegion, L50, M|
|poke|p1|Farigiraf, L50, M|
|poke|p2|Whimsicott, L50, F, shiny|
|poke|p2|Garchomp, L50, F|
|poke|p2|Basculegion, L50, M|
|poke|p2|Charizard, L50, M|
|poke|p2|Floette-Eternal, L50, F|
|poke|p2|Kingambit, L50, M|
|teampreview|4
|showteam|p1|Kommo-o||LifeOrb|Soundproof|Protect,VacuumWave,ClangingScales,AuraSphere|Modest||F|||50|]Gardevoir||Gardevoirite|Synchronize|Protect,HyperVoice,Psychic,Thunderbolt|Modest||F|||50|]Maushold-Four||FocusSash|FriendGuard|FollowMe,Protect,SuperFang,HelpingHand|Jolly|||||50|]Incineroar||Charcoal|Intimidate|FakeOut,FlareBlitz,DarkestLariat,PartingShot|Adamant||M|||50|]Basculegion||MysticWater|Adaptability|Protect,WaveCrash,AquaJet,LastRespects|Adamant||M|||50|]Farigiraf||SitrusBerry|ArmorTail|Protect,Psychic,TrickRoom,HyperVoice|Relaxed||M|||50|
|showteam|p2|Whimsicott||FocusSash|Prankster|Protect,Tailwind,Encore,Moonblast|Timid||F|||50|]Garchomp||SitrusBerry|RoughSkin|Protect,RockSlide,StompingTantrum,DragonClaw|Adamant||F|||50|]Basculegion||LifeOrb|Adaptability|Protect,WaveCrash,LastRespects,AquaJet|Adamant||M|||50|]Charizard||CharizarditeY|Blaze|Protect,HeatWave,WeatherBall,SolarBeam|Modest||M|||50|]Floette-Eternal||Floettite|FlowerVeil|Moonblast,DazzlingGleam,LightofRuin,Protect|Timid||F|||50|]Kingambit||ChopleBerry|Defiant|KowtowCleave,SuckerPunch,IronHead,LowKick|Adamant||M|||50|
|inactive|Battle timer is ON: inactive players will automatically lose when time's up. (requested by SleepD2)
|
|t:|1785262110
|teamsize|p1|4
|teamsize|p2|4
|start
|switch|p1a: Incineroar|Incineroar, L50, M|100/100
|switch|p1b: Farigiraf|Farigiraf, L50, M|100/100
|switch|p2a: Whimsicott|Whimsicott, L50, F, shiny|100/100
|switch|p2b: Charizard|Charizard, L50, M|100/100
|-ability|p1a: Incineroar|Intimidate|boost
|-unboost|p2a: Whimsicott|atk|1
|-unboost|p2b: Charizard|atk|1
|turn|1
|
|t:|1785262126
|switch|p2b: Basculegion|Basculegion, L50, M|100/100
|move|p2a: Whimsicott|Moonblast|p1a: Incineroar
|-damage|p1a: Incineroar|68/100
|move|p1a: Incineroar|Flare Blitz|p2b: Basculegion
|-resisted|p2b: Basculegion|1
|-damage|p2b: Basculegion|67/100
|-status|p2b: Basculegion|brn
|-damage|p1a: Incineroar|58/100|[from] Recoil
|move|p1b: Farigiraf|Trick Room|p1b: Farigiraf
|-fieldstart|move: Trick Room|[of] p1b: Farigiraf
|
|-damage|p2b: Basculegion|61/100 brn|[from] brn
|upkeep
|turn|2
|inactive|SleepD2 has 30 seconds left.
|
|t:|1785262154
|switch|p2b: Kingambit|Kingambit, L50, M|100/100
|move|p2a: Whimsicott|Protect|p2a: Whimsicott
|-singleturn|p2a: Whimsicott|Protect
|move|p1b: Farigiraf|Psychic|p2b: Kingambit
|-immune|p2b: Kingambit
|move|p1a: Incineroar|Flare Blitz|p2b: Kingambit
|-supereffective|p2b: Kingambit|1
|-damage|p2b: Kingambit|0 fnt
|faint|p2b: Kingambit
|-damage|p1a: Incineroar|24/100|[from] Recoil
|
|upkeep
|
|t:|1785262169
|switch|p2b: Charizard|Charizard, L50, M|100/100
|turn|3
|
|t:|1785262187
|detailschange|p2b: Charizard|Charizard-Mega-Y, L50, M
|-mega|p2b: Charizard|Charizard|Charizardite Y
|-weather|SunnyDay|[from] ability: Drought|[of] p2b: Charizard
|move|p1b: Farigiraf|Hyper Voice|p2b: Charizard|[spread] p2a,p2b
|-damage|p2a: Whimsicott|59/100
|-damage|p2b: Charizard|78/100
|move|p1a: Incineroar|Flare Blitz|p2a: Whimsicott
|-supereffective|p2a: Whimsicott|1
|-damage|p2a: Whimsicott|0 fnt
|faint|p2a: Whimsicott
|-damage|p1a: Incineroar|10/100|[from] Recoil
|move|p2b: Charizard|Weather Ball|p1b: Farigiraf
|-damage|p1b: Farigiraf|18/100
|-enditem|p1b: Farigiraf|Sitrus Berry|[eat]
|-heal|p1b: Farigiraf|43/100|[from] item: Sitrus Berry
|
|-weather|SunnyDay|[upkeep]
|upkeep
|
|t:|1785262196
|switch|p2a: Basculegion|Basculegion, L50, M|61/100 brn
|turn|4
|
|t:|1785262210
|move|p2a: Basculegion|Protect|p2a: Basculegion
|-singleturn|p2a: Basculegion|Protect
|move|p1b: Farigiraf|Hyper Voice|p2b: Charizard|[spread] p2b
|-activate|p2a: Basculegion|move: Protect
|-damage|p2b: Charizard|55/100
|move|p1a: Incineroar|Darkest Lariat|p2a: Basculegion
|-activate|p2a: Basculegion|move: Protect
|move|p2b: Charizard|Heat Wave|p1b: Farigiraf|[spread] p1a,p1b
|-resisted|p1a: Incineroar|1
|-damage|p1a: Incineroar|0 fnt
|-damage|p1b: Farigiraf|0 fnt
|faint|p1a: Incineroar
|faint|p1b: Farigiraf
|
|-weather|SunnyDay|[upkeep]
|-damage|p2a: Basculegion|55/100 brn|[from] brn
|upkeep
|
|t:|1785262214
|switch|p1b: Gardevoir|Gardevoir, L50, F|100/100
|switch|p1a: Basculegion|Basculegion, L50, M|100/100
|turn|5
|
|t:|1785262226
|move|p1a: Basculegion|Protect|p1a: Basculegion
|-singleturn|p1a: Basculegion|Protect
|move|p1b: Gardevoir|Protect|p1b: Gardevoir
|-singleturn|p1b: Gardevoir|Protect
|move|p2a: Basculegion|Last Respects|p1a: Basculegion
|-activate|p1a: Basculegion|move: Protect
|move|p2b: Charizard|Solar Beam||[still]
|-prepare|p2b: Charizard|Solar Beam
|-anim|p2b: Charizard|Solar Beam|p1a: Basculegion
|-activate|p1a: Basculegion|move: Protect
|
|-weather|SunnyDay|[upkeep]
|-damage|p2a: Basculegion|49/100 brn|[from] brn
|-fieldend|move: Trick Room
|upkeep
|turn|6
|inactive|SleepD2 has 30 seconds left.
|
|t:|1785262251
|detailschange|p1b: Gardevoir|Gardevoir-Mega, L50, F
|-mega|p1b: Gardevoir|Gardevoir|Gardevoirite
|move|p1b: Gardevoir|Hyper Voice|p2a: Basculegion|[spread] p2a,p2b
|-resisted|p2b: Charizard|1
|-damage|p2a: Basculegion|0 fnt
|-damage|p2b: Charizard|31/100
|faint|p2a: Basculegion
|move|p2b: Charizard|Solar Beam||[still]
|-prepare|p2b: Charizard|Solar Beam
|-anim|p2b: Charizard|Solar Beam|p1a: Basculegion
|-supereffective|p1a: Basculegion|1
|-crit|p1a: Basculegion
|-damage|p1a: Basculegion|0 fnt
|faint|p1a: Basculegion
|
|-weather|SunnyDay|[upkeep]
|upkeep
|turn|7
|
|t:|1785262263
|move|p1b: Gardevoir|Thunderbolt|p2b: Charizard
|-supereffective|p2b: Charizard|1
|-crit|p2b: Charizard
|-damage|p2b: Charizard|0 fnt
|faint|p2b: Charizard
|
|win|SleepD2
|raw|SleepD2's rating: 1368 → 1391(+23 for winning)
|raw|Gozante's rating: 1420 → 1397(-23 for losing)
|l|☆Gozante
|player|p2|
