|j|☆merakychampionsmb
|j|☆VenuDaAsco
|html|merakychampionsmbVenuDaAsco    
|uhtml|bestof|Game 1 of a best-of-3
|t:|1782301186
|gametype|doubles
|player|p1|merakychampionsmb|winona|1356
|player|p2|VenuDaAsco|2|1295
|gen|9
|tier|[Gen 9 Champions] VGC 2026 Reg M-B (Bo3)
|rated|
|rule|Species Clause: Limit one of each Pokémon
|rule|Item Clause: Limit 1 of each item
|clearpoke
|poke|p1|Delphox, L50, M|
|poke|p1|Sinistcha, L50|
|poke|p1|Incineroar, L50, F|
|poke|p1|Staraptor, L50, M|
|poke|p1|Grimmsnarl, L50, M|
|poke|p1|Garchomp, L50, F|
|poke|p2|Garchomp, L50, M, shiny|
|poke|p2|Charizard, L50, M, shiny|
|poke|p2|Whimsicott, L50, M, shiny|
|poke|p2|Farigiraf, L50, M, shiny|
|poke|p2|Basculegion, L50, M|
|poke|p2|Sylveon, L50, M, shiny|
|teampreview|4
|showteam|p1|Delphox||Delphoxite|Blaze|HeatWave,Psyshock,NastyPlot,Protect|Timid||M|||50|]Sinistcha||KasibBerry|Hospitality|MatchaGotcha,TrickRoom,RagePowder,Protect|Calm|||||50|]Incineroar||SitrusBerry|Intimidate|FlareBlitz,DarkestLariat,FakeOut,PartingShot|Careful||F|||50|]Staraptor||Staraptite|Intimidate|CloseCombat,BraveBird,Roost,Protect|Jolly||M|||50|]Grimmsnarl||LightClay|Prankster|FoulPlay,Reflect,LightScreen,PartingShot|Calm||M|||50|]Garchomp||LifeOrb|RoughSkin|Earthquake,RockSlide,DragonClaw,Protect|Adamant||F|||50|
|showteam|p2|Garchomp||LifeOrb|RoughSkin|Earthquake,DragonClaw,RockSlide,Protect|Jolly||M|||50|]Charizard||CharizarditeY|SolarPower|HeatWave,WeatherBall,SolarBeam,Protect|Modest||M|||50|]Whimsicott||CobaBerry|Prankster|Moonblast,Tailwind,Encore,Protect|Timid||M|||50|]Farigiraf||SitrusBerry|ArmorTail|TwinBeam,FoulPlay,HelpingHand,TrickRoom|Bold||M|||50|]Basculegion||MysticWater|Adaptability|WaveCrash,LastRespects,AquaJet,Protect|Jolly||M|||50|]Sylveon||FairyFeather|Pixilate|HyperVoice,HyperBeam,QuickAttack,Detect|Modest||M|||50|
|inactive|Battle timer is ON: inactive players will automatically lose when time's up. (requested by merakychampionsmb)
|inactive|VenuDaAsco also wants the timer to be on.
|inactive|VenuDaAsco has 60 seconds left.
|
|t:|1782301240
|teamsize|p1|4
|teamsize|p2|4
|start
|switch|p1a: Delphox|Delphox, L50, M|100/100
|switch|p1b: Grimmsnarl|Grimmsnarl, L50, M|100/100
|switch|p2a: Basculegion|Basculegion, L50, M|100/100
|switch|p2b: Sylveon|Sylveon, L50, M, shiny|100/100
|turn|1
|
|t:|1782301255
|move|p1a: Delphox|Protect|p1a: Delphox
|-singleturn|p1a: Delphox|Protect
|move|p1b: Grimmsnarl|Reflect|p1b: Grimmsnarl
|-sidestart|p1: merakychampionsmb|Reflect
|move|p2a: Basculegion|Wave Crash|p1b: Grimmsnarl
|-damage|p1b: Grimmsnarl|37/100
|-damage|p2a: Basculegion|78/100|[from] Recoil
|move|p2b: Sylveon|Hyper Voice|p1a: Delphox|[spread] p1b
|-activate|p1a: Delphox|move: Protect
|-supereffective|p1b: Grimmsnarl|1
|-damage|p1b: Grimmsnarl|0 fnt
|faint|p1b: Grimmsnarl
|
|upkeep
|
|t:|1782301262
|switch|p1b: Sinistcha|Sinistcha, L50|100/100
|turn|2
|
|t:|1782301281
|switch|p2a: Garchomp|Garchomp, L50, M, shiny|100/100
|detailschange|p1a: Delphox|Delphox-Mega, L50, M
|-mega|p1a: Delphox|Delphox|Delphoxite
|move|p1b: Sinistcha|Rage Powder|p1b: Sinistcha
|-singleturn|p1b: Sinistcha|move: Rage Powder
|move|p1a: Delphox|Nasty Plot|p1a: Delphox
|-boost|p1a: Delphox|spa|2
|move|p2b: Sylveon|Hyper Voice|p1b: Sinistcha|[spread] p1a,p1b
|-resisted|p1a: Delphox|1
|-damage|p1a: Delphox|78/100
|-damage|p1b: Sinistcha|58/100
|
|upkeep
|turn|3
|
|t:|1782301294
|switch|p1b: Incineroar|Incineroar, L50, F|100/100
|-ability|p1b: Incineroar|Intimidate|boost
|-unboost|p2a: Garchomp|atk|1
|-unboost|p2b: Sylveon|atk|1
|move|p1a: Delphox|Heat Wave|p2b: Sylveon|[spread] p2a,p2b
|-resisted|p2a: Garchomp|1
|-damage|p2a: Garchomp|60/100
|-damage|p2b: Sylveon|43/100
|move|p2a: Garchomp|Rock Slide|p1b: Incineroar|[spread] p1a,p1b
|-supereffective|p1a: Delphox|1
|-supereffective|p1b: Incineroar|1
|-crit|p1b: Incineroar
|-damage|p1a: Delphox|53/100
|-damage|p1b: Incineroar|38/100
|-enditem|p1b: Incineroar|Sitrus Berry|[eat]
|-heal|p1b: Incineroar|62/100|[from] item: Sitrus Berry
|-damage|p2a: Garchomp|50/100g|[from] item: Life Orb
|move|p2b: Sylveon|Hyper Voice|p1b: Incineroar|[spread] p1a,p1b
|-resisted|p1a: Delphox|1
|-damage|p1a: Delphox|31/100
|-damage|p1b: Incineroar|25/100
|
|upkeep
|turn|4
|
|t:|1782301317
|switch|p2b: Farigiraf|Farigiraf, L50, M, shiny|100/100
|switch|p1b: Sinistcha|Sinistcha, L50|58/100
|-heal|p1a: Delphox|56/100|[from] ability: Hospitality|[of] p1b: Sinistcha
|move|p1a: Delphox|Heat Wave|p2b: Farigiraf|[spread] p2a,p2b
|-resisted|p2a: Garchomp|1
|-crit|p2b: Farigiraf
|-damage|p2a: Garchomp|10/100
|-damage|p2b: Farigiraf|0 fnt
|faint|p2b: Farigiraf
|move|p2a: Garchomp|Dragon Claw|p1a: Delphox
|-damage|p1a: Delphox|26/100
|-damage|p2a: Garchomp|1/100|[from] item: Life Orb
|
|upkeep
|
|t:|1782301322
|switch|p2b: Basculegion|Basculegion, L50, M|78/100
|turn|5
|
|t:|1782301337
|switch|p1b: Incineroar|Incineroar, L50, F|25/100
|-ability|p1b: Incineroar|Intimidate|boost
|-unboost|p2a: Garchomp|atk|1
|-unboost|p2b: Basculegion|atk|1
|move|p1a: Delphox|Protect|p1a: Delphox
|-singleturn|p1a: Delphox|Protect
|move|p2a: Garchomp|Protect|p2a: Garchomp
|-singleturn|p2a: Garchomp|Protect
|move|p2b: Basculegion|Last Respects|p1b: Incineroar
|-resisted|p1b: Incineroar|1
|-damage|p1b: Incineroar|12/100
|
|upkeep
|turn|6
|inactive|merakychampionsmb has 30 seconds left.
|inactive|merakychampionsmb has 20 seconds left.
|
|t:|1782301375
|switch|p1b: Sinistcha|Sinistcha, L50|58/100
|-heal|p1a: Delphox|51/100|[from] ability: Hospitality|[of] p1b: Sinistcha
|move|p1a: Delphox|Psyshock|p2b: Basculegion
|-damage|p2b: Basculegion|0 fnt
|faint|p2b: Basculegion
|move|p2a: Garchomp|Dragon Claw|p1a: Delphox
|-damage|p1a: Delphox|27/100
|-damage|p2a: Garchomp|0 fnt|[from] item: Life Orb
|faint|p2a: Garchomp
|
|upkeep
|-message|VenuDaAsco forfeited.
|
|win|merakychampionsmb
