|j|☆bogging
|j|☆ILoveMIR
|html|boggingILoveMIR    
|uhtml|bestof|Game 2 of a best-of-3
|t:|1783712810
|gametype|doubles
|player|p1|bogging|bugcatcher-gen4dp|1497
|player|p2|ILoveMIR|shauntal|1438
|gen|9
|tier|[Gen 9 Champions] VGC 2026 Reg M-B (Bo3)
|rated|
|rule|Species Clause: Limit one of each Pokémon
|rule|Item Clause: Limit 1 of each item
|clearpoke
|poke|p1|Staraptor, L50, F|
|poke|p1|Incineroar, L50, M|
|poke|p1|Whimsicott, L50, F|
|poke|p1|Ceruledge, L50, F|
|poke|p1|Mawile, L50, F|
|poke|p1|Hydreigon, L50, F|
|poke|p2|Blaziken, L50, F|
|poke|p2|Tsareena, L50, F|
|poke|p2|Talonflame, L50, M|
|poke|p2|Ninetales-Alola, L50, F|
|poke|p2|Basculegion, L50, M|
|poke|p2|Gholdengo, L50|
|teampreview|4
|showteam|p1|Staraptor||Staraptite|Intimidate|CloseCombat,BraveBird,Roost,Protect|Jolly||F|||50|]Incineroar||SitrusBerry|Intimidate|DarkestLariat,PartingShot,FakeOut,FlareBlitz|Impish||M|||50|]Whimsicott||FocusSash|Prankster|Moonblast,Protect,Charm,Tailwind|Timid||F|||50|]Ceruledge||ColburBerry|FlashFire|BitterBlade,Protect,BulkUp,ShadowSneak|Adamant||F|||50|]Mawile||Mawilite|HyperCutter|PlayRough,IronHead,SuckerPunch,Protect|Adamant||F|||50|]Hydreigon||ChoiceScarf|Levitate|DarkPulse,DracoMeteor,Snarl,EarthPower|Modest||F|||50|
|showteam|p2|Blaziken||Blazikenite|SpeedBoost|FlareBlitz,CloseCombat,RockSlide,Detect|Adamant||F|||50|]Tsareena||WideLens|QueenlyMajesty|PowerWhip,TripleAxel,LowKick,Taunt|Adamant||F|||50|]Talonflame|||GaleWings|Acrobatics,WillOWisp,Tailwind,Protect|Jolly||M|||50|]Ninetales-Alola||FocusSash|SnowWarning|Blizzard,FreezeDry,Encore,Protect|Timid||F|||50|]Basculegion||ChoiceScarf|Adaptability|WaveCrash,LastRespects,AquaJet,FlipTurn|Jolly||M|||50|]Gholdengo||LifeOrb|GoodasGold|ShadowBall,MakeItRain,PowerGem,Protect|Modest|||||50|
|inactive|Battle timer is ON: inactive players will automatically lose when time's up. (requested by ILoveMIR)
|
|t:|1783712829
|teamsize|p1|4
|teamsize|p2|4
|start
|switch|p1a: Staraptor|Staraptor, L50, F|100/100
|switch|p1b: Whimsicott|Whimsicott, L50, F|100/100
|switch|p2a: Blaziken|Blaziken, L50, F|100/100
|switch|p2b: Talonflame|Talonflame, L50, M|100/100
|-ability|p1a: Staraptor|Intimidate|boost
|-unboost|p2a: Blaziken|atk|1
|-unboost|p2b: Talonflame|atk|1
|turn|1
|
|t:|1783712843
|switch|p2a: Gholdengo|Gholdengo, L50|100/100
|detailschange|p1a: Staraptor|Staraptor-Mega, L50, F
|-mega|p1a: Staraptor|Staraptor|Staraptite
|move|p1b: Whimsicott|Charm|p1a: Staraptor
|-boost|p1a: Staraptor|atk|2
|move|p2b: Talonflame|Will-O-Wisp|p1a: Staraptor
|-status|p1a: Staraptor|brn
|move|p1a: Staraptor|Close Combat|p2b: Talonflame
|-resisted|p2b: Talonflame|1
|-damage|p2b: Talonflame|56/100
|-boost|p1a: Staraptor|def|1
|-boost|p1a: Staraptor|spd|1
|
|-damage|p1a: Staraptor|93/100 brn|[from] brn
|upkeep
|turn|2
|
|t:|1783712863
|move|p2b: Talonflame|Protect|p2b: Talonflame
|-singleturn|p2b: Talonflame|Protect
|move|p1b: Whimsicott|Tailwind|p1b: Whimsicott
|-sidestart|p1: bogging|move: Tailwind
|move|p1a: Staraptor|Brave Bird|p2b: Talonflame
|-activate|p2b: Talonflame|move: Protect
|move|p2a: Gholdengo|Shadow Ball|p1a: Staraptor
|-damage|p1a: Staraptor|50/100g brn
|-damage|p2a: Gholdengo|90/100|[from] item: Life Orb
|
|-damage|p1a: Staraptor|44/100 brn|[from] brn
|upkeep
|turn|3
|inactive|bogging has 30 seconds left.
|inactive|ILoveMIR has 30 seconds left.
|
|t:|1783712889
|switch|p1b: Incineroar|Incineroar, L50, M|100/100
|-ability|p1b: Incineroar|Intimidate|boost
|-unboost|p2a: Gholdengo|atk|1
|-unboost|p2b: Talonflame|atk|1
|move|p1a: Staraptor|Brave Bird|p2b: Talonflame
|-damage|p2b: Talonflame|0 fnt
|faint|p2b: Talonflame
|-damage|p1a: Staraptor|27/100 brn|[from] Recoil
|move|p2a: Gholdengo|Shadow Ball|p1b: Incineroar
|-resisted|p1b: Incineroar|1
|-damage|p1b: Incineroar|74/100
|-damage|p2a: Gholdengo|81/100|[from] item: Life Orb
|
|-damage|p1a: Staraptor|21/100 brn|[from] brn
|upkeep
|j| slucin
|
|t:|1783712898
|switch|p2b: Blaziken|Blaziken, L50, F|100/100
|turn|4
|
|t:|1783712914
|switch|p2a: Tsareena|Tsareena, L50, F|100/100
|detailschange|p2b: Blaziken|Blaziken-Mega, L50, F
|-mega|p2b: Blaziken|Blaziken|Blazikenite
|move|p1a: Staraptor|Brave Bird|p2b: Blaziken
|-supereffective|p2b: Blaziken|1
|-damage|p2b: Blaziken|0 fnt
|faint|p2b: Blaziken
|-damage|p1a: Staraptor|0 fnt|[from] Recoil
|faint|p1a: Staraptor
|move|p1b: Incineroar|Flare Blitz|p2a: Tsareena
|-supereffective|p2a: Tsareena|1
|-damage|p2a: Tsareena|11/100
|-damage|p1b: Incineroar|47/100|[from] Recoil
|-enditem|p1b: Incineroar|Sitrus Berry|[eat]
|-heal|p1b: Incineroar|72/100|[from] item: Sitrus Berry
|
|upkeep
|
|t:|1783712921
|switch|p1a: Ceruledge|Ceruledge, L50, F|100/100
|switch|p2b: Gholdengo|Gholdengo, L50|81/100
|turn|5
|
|t:|1783712932
|move|p2b: Gholdengo|Protect|p2b: Gholdengo
|-singleturn|p2b: Gholdengo|Protect
|move|p1a: Ceruledge|Bitter Blade|p2a: Tsareena
|-supereffective|p2a: Tsareena|1
|-damage|p2a: Tsareena|0 fnt
|faint|p2a: Tsareena
|move|p1b: Incineroar|Flare Blitz|p2b: Gholdengo
|-activate|p2b: Gholdengo|move: Protect
|
|-sideend|p1: bogging|move: Tailwind
|upkeep
|turn|6
|l| slucin
|-message|ILoveMIR forfeited.
|
|win|bogging
