|j|☆Alecat
|j|☆averythewustab
|html|Alecataverythewustab    
|uhtml|bestof|Game 3 of a best-of-3
|t:|1757693053
|gametype|doubles
|player|p1|Alecat|scientistf|1089
|player|p2|averythewustab|265|1147
|gen|9
|tier|[Gen 9] VGC 2025 Reg H (Bo3)
|rated|
|rule|Species Clause: Limit one of each Pokémon
|rule|Item Clause: Limit 1 of each item
|clearpoke
|poke|p1|Sneasler, L50, F|
|poke|p1|Magmar, L50, M|
|poke|p1|Rillaboom, L50, M|
|poke|p1|Espathra, L50, F|
|poke|p1|Kingambit, L50, F|
|poke|p1|Arcanine-Hisui, L50, F|
|poke|p2|Pelipper, L50, M|
|poke|p2|Basculegion, L50, M|
|poke|p2|Archaludon, L50, F|
|poke|p2|Greninja-*, L50, M|
|poke|p2|Sinistcha-Masterpiece, L50|
|poke|p2|Annihilape, L50, M|
|teampreview|4
|showteam|p1|Sneasler||FocusSash|Unburden|FakeOut,CloseCombat,DireClaw,Coaching|||F|||50|,,,,,Ghost]Magmar||Eviolite|VitalSpirit|FollowMe,HeatWave,Taunt,Protect|||M|||50|,,,,,Dragon]Rillaboom||AssaultVest|GrassySurge|FakeOut,WoodHammer,GrassyGlide,HighHorsepower|||M|||50|,,,,,Fire]Espathra||GrassySeed|SpeedBoost|StoredPower,TeraBlast,CalmMind,Protect|||F|||50|,,,,,Fighting]Kingambit||SafetyGoggles|Defiant|KowtowCleave,SuckerPunch,SwordsDance,Protect|||F|||50|,,,,,Dark]Arcanine-Hisui||LoadedDice|Intimidate|FlareBlitz,RockBlast,ExtremeSpeed,Protect|||F|||50|,,,,,Ghost
|showteam|p2|Pelipper||FocusSash|Drizzle|Protect,WeatherBall,Hurricane,WideGuard|||M|||50|,,,,,Stellar]Basculegion||ChoiceBand|SwiftSwim|AquaJet,WaveCrash,LastRespects,FlipTurn|||M|||50|,,,,,Water]Archaludon||AssaultVest|Stamina|ElectroShot,DracoMeteor,BodyPress,FlashCannon|||F|||50|,,,,,Bug]Greninja||LoadedDice|Torrent|WaterShuriken,DarkPulse,Haze,RainDance|||M|||50|,,,,,Ghost]Sinistcha-Masterpiece||SitrusBerry|Hospitality|MatchaGotcha,LifeDew,RagePowder,TrickRoom||||||50|,,,,,Fairy]Annihilape||SafetyGoggles|Defiant|Taunt,RageFist,FinalGambit,CloseCombat|||M|||50|,,,,,Water
|inactive|Battle timer is ON: inactive players will automatically lose when time's up. (requested by Alecat)
|
|t:|1757693077
|teamsize|p1|4
|teamsize|p2|4
|start
|switch|p1a: Rillaboom|Rillaboom, L50, M|100/100
|switch|p1b: Espathra|Espathra, L50, F, shiny|100/100
|switch|p2a: Pelipper|Pelipper, L50, M, shiny|100/100
|switch|p2b: Basculegion|Basculegion, L50, M, shiny|100/100
|-fieldstart|move: Grassy Terrain|[from] ability: Grassy Surge|[of] p1a: Rillaboom
|-enditem|p1b: Espathra|Grassy Seed
|-boost|p1b: Espathra|def|1|[from] item: Grassy Seed
|-weather|RainDance|[from] ability: Drizzle|[of] p2a: Pelipper
|turn|1
|
|t:|1757693094
|switch|p2b: Archaludon|Archaludon, L50, F, shiny|100/100
|move|p1b: Espathra|Protect|p1b: Espathra
|-singleturn|p1b: Espathra|Protect
|move|p1a: Rillaboom|Grassy Glide|p2b: Archaludon
|-resisted|p2b: Archaludon
|-damage|p2b: Archaludon|93/100
|-ability|p2b: Archaludon|Stamina|boost
|-boost|p2b: Archaludon|def|1
|move|p2a: Pelipper|Hurricane|p1a: Rillaboom
|-supereffective|p1a: Rillaboom
|-crit|p1a: Rillaboom
|-damage|p1a: Rillaboom|0 fnt
|faint|p1a: Rillaboom
|
|-weather|RainDance|[upkeep]
|-heal|p2b: Archaludon|99/100|[from] Grassy Terrain
|-ability|p1b: Espathra|Speed Boost|boost
|-boost|p1b: Espathra|spe|1
|upkeep
|
|t:|1757693111
|switch|p1a: Magmar|Magmar, L50, M|100/100
|turn|2
|
|t:|1757693128
|move|p1a: Magmar|Protect|p1a: Magmar
|-singleturn|p1a: Magmar|Protect
|move|p1b: Espathra|Calm Mind|p1b: Espathra
|-boost|p1b: Espathra|spa|1
|-boost|p1b: Espathra|spd|1
|move|p2b: Archaludon|Electro Shot||[still]
|-prepare|p2b: Archaludon|Electro Shot
|-boost|p2b: Archaludon|spa|1
|-anim|p2b: Archaludon|Electro Shot|p1b: Espathra
|-damage|p1b: Espathra|51/100
|move|p2a: Pelipper|Hurricane|p1b: Espathra
|-damage|p1b: Espathra|8/100
|
|-weather|RainDance|[upkeep]
|-heal|p1b: Espathra|14/100|[from] Grassy Terrain
|-heal|p2b: Archaludon|100/100|[from] Grassy Terrain
|-ability|p1b: Espathra|Speed Boost|boost
|-boost|p1b: Espathra|spe|1
|upkeep
|turn|3
|inactive|Alecat has 30 seconds left.
|inactive|averythewustab has 30 seconds left.
|inactive|Alecat has 20 seconds left.
|inactive|averythewustab has 20 seconds left.
|inactive|Alecat has 15 seconds left.
|inactive|averythewustab has 15 seconds left.
|inactive|Alecat has 10 seconds left.
|
|t:|1757693175
|-terastallize|p1b: Espathra|Fighting
|move|p1a: Magmar|Follow Me|p1a: Magmar
|-singleturn|p1a: Magmar|move: Follow Me
|move|p1b: Espathra|Tera Blast|p2b: Archaludon|[anim] Tera Blast Fighting
|-supereffective|p2b: Archaludon
|-damage|p2b: Archaludon|23/100
|-ability|p2b: Archaludon|Stamina|boost
|-boost|p2b: Archaludon|def|1
|move|p2b: Archaludon|Draco Meteor|p1a: Magmar
|-damage|p1a: Magmar|31/100
|-unboost|p2b: Archaludon|spa|2
|move|p2a: Pelipper|Hurricane|p1a: Magmar
|-damage|p1a: Magmar|0 fnt
|faint|p1a: Magmar
|
|-weather|RainDance|[upkeep]
|-heal|p1b: Espathra|20/100|[from] Grassy Terrain
|-heal|p2b: Archaludon|29/100|[from] Grassy Terrain
|-ability|p1b: Espathra|Speed Boost|boost
|-boost|p1b: Espathra|spe|1
|upkeep
|
|t:|1757693192
|switch|p1a: Kingambit|Kingambit, L50, F|100/100
|turn|4
|
|t:|1757693212
|move|p1a: Kingambit|Sucker Punch|p2a: Pelipper
|-damage|p2a: Pelipper|48/100
|move|p1b: Espathra|Stored Power|p2a: Pelipper
|-damage|p2a: Pelipper|0 fnt
|faint|p2a: Pelipper
|move|p2b: Archaludon|Body Press|p1a: Kingambit
|-supereffective|p1a: Kingambit
|-damage|p1a: Kingambit|0 fnt
|faint|p1a: Kingambit
|
|-weather|RainDance|[upkeep]
|-heal|p1b: Espathra|26/100|[from] Grassy Terrain
|-heal|p2b: Archaludon|36/100|[from] Grassy Terrain
|-ability|p1b: Espathra|Speed Boost|boost
|-boost|p1b: Espathra|spe|1
|upkeep
|
|t:|1757693226
|switch|p2a: Annihilape|Annihilape, L50, M, shiny|100/100
|turn|5
|
|t:|1757693237
|move|p1b: Espathra|Protect|p1b: Espathra
|-singleturn|p1b: Espathra|Protect
|move|p2a: Annihilape|Final Gambit|p1b: Espathra
|-activate|p1b: Espathra|move: Protect
|move|p2b: Archaludon|Electro Shot||[still]
|-prepare|p2b: Archaludon|Electro Shot
|-boost|p2b: Archaludon|spa|1
|-anim|p2b: Archaludon|Electro Shot|p1b: Espathra
|-activate|p1b: Espathra|move: Protect
|
|-weather|none
|-heal|p1b: Espathra|32/100|[from] Grassy Terrain
|-heal|p2b: Archaludon|42/100|[from] Grassy Terrain
|-fieldend|move: Grassy Terrain
|-ability|p1b: Espathra|Speed Boost|boost
|-boost|p1b: Espathra|spe|1
|upkeep
|turn|6
|
|t:|1757693258
|move|p1b: Espathra|Stored Power|p2a: Annihilape
|-supereffective|p2a: Annihilape
|-crit|p2a: Annihilape
|-damage|p2a: Annihilape|0 fnt
|faint|p2a: Annihilape
|move|p2b: Archaludon|Body Press|p1b: Espathra
|-damage|p1b: Espathra|0 fnt
|faint|p1b: Espathra
|
|win|averythewustab
|raw|Alecat's rating: 1089 → 1070(-19 for losing)
|raw|averythewustab's rating: 1147 → 1168(+21 for winning)
