|j|☆Zaxxxxxx
|j|☆lox1sm
|html|Zaxxxxxxlox1sm    
|uhtml|bestof|Game 1 of a best-of-3
|t:|1782304534
|gametype|doubles
|player|p1|Zaxxxxxx|benga|1282
|player|p2|lox1sm|veteran|1161
|gen|9
|tier|[Gen 9 Champions] VGC 2026 Reg M-B (Bo3)
|rated|
|rule|Species Clause: Limit one of each Pokémon
|rule|Item Clause: Limit 1 of each item
|clearpoke
|poke|p1|Farigiraf, L50, M, shiny|
|poke|p1|Charizard, L50, M, shiny|
|poke|p1|Sylveon, L50, F, shiny|
|poke|p1|Kingambit, L50, M|
|poke|p1|Aerodactyl, L50, M, shiny|
|poke|p1|Garchomp, L50, M, shiny|
|poke|p2|Charizard, L50, M|
|poke|p2|Metagross, L50|
|poke|p2|Aerodactyl, L50, F|
|poke|p2|Garchomp, L50, F|
|poke|p2|Tsareena, L50, F|
|poke|p2|Samurott-Hisui, L50, F|
|teampreview|4
|showteam|p1|Farigiraf||SitrusBerry|ArmorTail|Roar,TrickRoom,TwinBeam,Thunderbolt|Modest||M|||50|]Charizard||CharizarditeY|Blaze|SolarBeam,Protect,HeatWave,WeatherBall|Modest||M|||50|]Sylveon||FairyFeather|Pixilate|Protect,HyperBeam,HyperVoice,QuickAttack|Modest||F|||50|]Kingambit||FocusSash|Defiant|SuckerPunch,KowtowCleave,IronHead,LowKick|Adamant||M|||50|]Aerodactyl||Aerodactylite|Unnerve|IceFang,DualWingbeat,Tailwind,RockSlide|Jolly||M|||50|]Garchomp||LifeOrb|RoughSkin|Protect,PoisonJab,DragonClaw,StompingTantrum|Serious||M|||50|
|showteam|p2|Charizard||CharizarditeY|Blaze|HeatWave,WeatherBall,SolarBeam,Protect|Modest||M|||50|]Metagross||Metagrossite|ClearBody|IronHead,PsychicFangs,StompingTantrum,Protect|Jolly|||||50|]Aerodactyl||FocusSash|Unnerve|RockSlide,IceFang,Tailwind,WideGuard|Jolly||F|||50|]Garchomp||LifeOrb|RoughSkin|DragonClaw,Earthquake,RockSlide,Protect|Jolly||F|||50|]Tsareena||WideLens|QueenlyMajesty|PowerWhip,TripleAxel,Taunt,Protect|Adamant||F|||50|]Samurott-Hisui||BlackGlasses|Sharpness|NightSlash,SuckerPunch,SacredSword,Protect|Adamant||F|||50|
|inactive|Battle timer is ON: inactive players will automatically lose when time's up. (requested by lox1sm)
|
|t:|1782304634
|teamsize|p1|4
|teamsize|p2|4
|start
|switch|p1a: Aerodactyl|Aerodactyl, L50, M, shiny|100/100
|switch|p1b: Garchomp|Garchomp, L50, M, shiny|100/100
|switch|p2a: Aerodactyl|Aerodactyl, L50, F|100/100
|switch|p2b: Garchomp|Garchomp, L50, F|100/100
|-ability|p1a: Aerodactyl|Unnerve
|-ability|p2a: Aerodactyl|Unnerve
|turn|1
|
|t:|1782304656
|detailschange|p1a: Aerodactyl|Aerodactyl-Mega, L50, M, shiny
|-mega|p1a: Aerodactyl|Aerodactyl|Aerodactylite
|move|p2b: Garchomp|Protect|p2b: Garchomp
|-singleturn|p2b: Garchomp|Protect
|move|p1a: Aerodactyl|Ice Fang|p2a: Aerodactyl
|-supereffective|p2a: Aerodactyl|1
|-enditem|p2a: Aerodactyl|Focus Sash
|-damage|p2a: Aerodactyl|1/100
|move|p2a: Aerodactyl|Ice Fang|p1b: Garchomp
|-supereffective|p1b: Garchomp|2
|-damage|p1b: Garchomp|35/100
|-damage|p2a: Aerodactyl|0 fnt|[from] ability: Rough Skin|[of] p1b: Garchomp
|faint|p2a: Aerodactyl
|move|p1b: Garchomp|Dragon Claw|p2b: Garchomp
|-activate|p2b: Garchomp|move: Protect
|
|upkeep
|
|t:|1782304677
|switch|p2a: Samurott|Samurott-Hisui, L50, F|100/100
|turn|2
|
|t:|1782304695
|move|p2a: Samurott|Sucker Punch|p1b: Garchomp
|-damage|p1b: Garchomp|1/100
|-damage|p2a: Samurott|87/100|[from] ability: Rough Skin|[of] p1b: Garchomp
|move|p1a: Aerodactyl|Ice Fang|p2b: Garchomp
|-supereffective|p2b: Garchomp|2
|-damage|p2b: Garchomp|0 fnt
|-damage|p1a: Aerodactyl|87/100|[from] ability: Rough Skin|[of] p2b: Garchomp
|faint|p2b: Garchomp
|move|p1b: Garchomp|Dragon Claw|p2a: Samurott
|-damage|p2a: Samurott|16/100
|-damage|p1b: Garchomp|0 fnt|[from] item: Life Orb
|faint|p1b: Garchomp
|
|upkeep
|c|☆lox1sm|Samurott sucks
|
|t:|1782304715
|switch|p2b: Metagross|Metagross, L50|100/100
|switch|p1b: Sylveon|Sylveon, L50, F, shiny|100/100
|turn|3
|
|t:|1782304728
|detailschange|p2b: Metagross|Metagross-Mega, L50
|-mega|p2b: Metagross|Metagross|Metagrossite
|move|p2a: Samurott|Protect|p2a: Samurott
|-singleturn|p2a: Samurott|Protect
|move|p1a: Aerodactyl|Tailwind|p1a: Aerodactyl
|-sidestart|p1: Zaxxxxxx|move: Tailwind
|move|p2b: Metagross|Iron Head|p1b: Sylveon
|-supereffective|p1b: Sylveon|1
|-damage|p1b: Sylveon|0 fnt
|faint|p1b: Sylveon
|
|upkeep
|
|t:|1782304738
|switch|p1b: Kingambit|Kingambit, L50, M|100/100
|turn|4
|
|t:|1782304746
|move|p2b: Metagross|Protect|p2b: Metagross
|-singleturn|p2b: Metagross|Protect
|move|p1a: Aerodactyl|Rock Slide|p2b: Metagross|[spread] p2a
|-activate|p2b: Metagross|move: Protect
|-damage|p2a: Samurott|0 fnt
|faint|p2a: Samurott
|move|p1b: Kingambit|Kowtow Cleave|p2b: Metagross
|-activate|p2b: Metagross|move: Protect
|
|upkeep
|turn|5
|
|t:|1782304760
|move|p1a: Aerodactyl|Rock Slide|p2b: Metagross|[miss]
|-miss|p1a: Aerodactyl|p2b: Metagross
|move|p1b: Kingambit|Kowtow Cleave|p2b: Metagross
|-supereffective|p2b: Metagross|1
|-damage|p2b: Metagross|17/100
|move|p2b: Metagross|Stomping Tantrum|p1b: Kingambit
|-supereffective|p1b: Kingambit|1
|-damage|p1b: Kingambit|34/100
|
|upkeep
|turn|6
|-message|lox1sm forfeited.
|
|win|Zaxxxxxx
||lox1sm is ready for game 2.
||Zaxxxxxx is ready for game 2.
|uhtml|next|Next: Game 2 of 3
|l|☆Zaxxxxxx
|player|p1|
