|j|☆bexuanmailonto
|j|☆hertsu
|html|bexuanmailontohertsu    
|uhtml|bestof|Game 3 of a best-of-3
|t:|1785334906
|gametype|doubles
|player|p1|bexuanmailonto|170|1089
|player|p2|hertsu|lyra|1192
|gen|9
|tier|[Gen 9 Champions] VGC 2026 Reg M-B (Bo3)
|rated|
|rule|Species Clause: Limit one of each Pokémon
|rule|Item Clause: Limit 1 of each item
|clearpoke
|poke|p1|Garchomp, L50, F|
|poke|p1|Tyranitar, L50, M|
|poke|p1|Corviknight, L50, F|
|poke|p1|Milotic, L50, M|
|poke|p1|Sinistcha, L50|
|poke|p1|Ceruledge, L50, F|
|poke|p2|Trevenant, L50, F|
|poke|p2|Aerodactyl, L50, F|
|poke|p2|Torkoal, L50, M|
|poke|p2|Sylveon, L50, F|
|poke|p2|Pyroar, L50, M|
|poke|p2|Scrafty, L50, F|
|teampreview|4
|showteam|p1|Garchomp||Garchompite|RoughSkin|EarthPower,DracoMeteor,PowerGem,Protect|Modest||F|||50|]Tyranitar||ChoiceScarf|SandStream|KnockOff,RockSlide,IcePunch,LowKick|Jolly||M|||50|]Corviknight||LifeOrb|MirrorArmor|BraveBird,IronHead,Tailwind,Protect|Jolly||F|||50|]Milotic||SitrusBerry|Competitive|Scald,IcyWind,Haze,Protect|Bold||M|||50|]Sinistcha||KasibBerry|Hospitality|MatchaGotcha,RagePowder,TrickRoom,Protect|Bold|||||50|]Ceruledge||ColburBerry|FlashFire|BitterBlade,ShadowSneak,BulkUp,Protect|Adamant||F|||50|
|showteam|p2|Trevenant||SitrusBerry|Harvest|Poltergeist,Curse,TrickRoom,Protect|Relaxed||F|||50|]Aerodactyl||FocusSash|Unnerve|Tailwind,WideGuard,RockSlide,DualWingbeat|Jolly||F|||50|]Torkoal||Charcoal|Drought|Eruption,HelpingHand,Overheat,Protect|Quiet||M|||50|]Sylveon||FairyFeather|Pixilate|HyperVoice,HyperBeam,MysticalFire,Protect|Modest||F|||50|]Pyroar||Pyroarite|Unnerve|HeatWave,Overheat,SolarBeam,Protect|Timid||M|||50|]Scrafty||Scraftinite|Intimidate|FakeOut,RockSlide,DrainPunch,Protect|Adamant||F|||50|
|
|t:|1785334953
|teamsize|p1|4
|teamsize|p2|4
|start
|switch|p1a: Milotic|Milotic, L50, M|100/100
|switch|p1b: Tyranitar|Tyranitar, L50, M|100/100
|switch|p2a: Torkoal|Torkoal, L50, M|100/100
|switch|p2b: Pyroar|Pyroar, L50, M|100/100
|-ability|p2b: Pyroar|Unnerve
|-weather|Sandstorm|[from] ability: Sand Stream|[of] p1b: Tyranitar
|-weather|SunnyDay|[from] ability: Drought|[of] p2a: Torkoal
|turn|1
|
|t:|1785334985
|switch|p1a: Ceruledge|Ceruledge, L50, F|100/100
|detailschange|p2b: Pyroar|Pyroar-Mega, L50, M
|-mega|p2b: Pyroar|Pyroar|Pyroarite
|move|p2a: Torkoal|Helping Hand|p2b: Pyroar
|-singleturn|p2b: Pyroar|Helping Hand|[of] p2a: Torkoal
|move|p2b: Pyroar|Overheat|p1b: Tyranitar
|-resisted|p1b: Tyranitar|1
|-damage|p1b: Tyranitar|0 fnt
|-unboost|p2b: Pyroar|spa|2
|faint|p1b: Tyranitar
|
|-weather|SunnyDay|[upkeep]
|upkeep
|
|t:|1785334997
|switch|p1b: Milotic|Milotic, L50, M|100/100
|turn|2
|
|t:|1785335013
|switch|p2b: Aerodactyl|Aerodactyl, L50, F|100/100
|-ability|p2b: Aerodactyl|Unnerve
|move|p1a: Ceruledge|Bulk Up|p1a: Ceruledge
|-boost|p1a: Ceruledge|atk|1
|-boost|p1a: Ceruledge|def|1
|move|p1b: Milotic|Icy Wind|p2a: Torkoal|[spread] p2a,p2b
|-resisted|p2a: Torkoal|1
|-supereffective|p2b: Aerodactyl|1
|-damage|p2a: Torkoal|93/100
|-damage|p2b: Aerodactyl|74/100
|-unboost|p2a: Torkoal|spe|1
|-unboost|p2b: Aerodactyl|spe|1
|move|p2a: Torkoal|Overheat|p1b: Milotic|[miss]
|-miss|p2a: Torkoal|p1b: Milotic
|
|-weather|SunnyDay|[upkeep]
|upkeep
|turn|3
|
|t:|1785335036
|move|p2a: Torkoal|Helping Hand|p2b: Aerodactyl
|-singleturn|p2b: Aerodactyl|Helping Hand|[of] p2a: Torkoal
|move|p1a: Ceruledge|Protect|p1a: Ceruledge
|-singleturn|p1a: Ceruledge|Protect
|move|p2b: Aerodactyl|Rock Slide|p1b: Milotic|[spread] p1b
|-activate|p1a: Ceruledge|move: Protect
|-damage|p1b: Milotic|71/100
|move|p1b: Milotic|Icy Wind|p2b: Aerodactyl|[spread] p2a,p2b
|-resisted|p2a: Torkoal|1
|-crit|p2a: Torkoal
|-supereffective|p2b: Aerodactyl|1
|-damage|p2a: Torkoal|84/100
|-damage|p2b: Aerodactyl|45/100
|-unboost|p2a: Torkoal|spe|1
|-unboost|p2b: Aerodactyl|spe|1
|
|-weather|SunnyDay|[upkeep]
|upkeep
|turn|4
|
|t:|1785335066
|switch|p2b: Pyroar|Pyroar-Mega, L50, M|100/100
|move|p1a: Ceruledge|Bulk Up|p1a: Ceruledge
|-boost|p1a: Ceruledge|atk|1
|-boost|p1a: Ceruledge|def|1
|move|p1b: Milotic|Scald|p2b: Pyroar
|-supereffective|p2b: Pyroar|1
|-damage|p2b: Pyroar|69/100
|move|p2a: Torkoal|Overheat|p1b: Milotic
|-resisted|p1b: Milotic|1
|-damage|p1b: Milotic|37/100
|-unboost|p2a: Torkoal|spa|2
|-enditem|p1b: Milotic|Sitrus Berry|[eat]
|-heal|p1b: Milotic|61/100|[from] item: Sitrus Berry
|
|-weather|SunnyDay|[upkeep]
|upkeep
|turn|5
|
|t:|1785335088
|move|p2a: Torkoal|Helping Hand|p2b: Pyroar
|-singleturn|p2b: Pyroar|Helping Hand|[of] p2a: Torkoal
|move|p1b: Milotic|Protect|p1b: Milotic
|-singleturn|p1b: Milotic|Protect
|move|p2b: Pyroar|Solar Beam||[still]
|-prepare|p2b: Pyroar|Solar Beam
|-anim|p2b: Pyroar|Solar Beam|p1b: Milotic
|-activate|p1b: Milotic|move: Protect
|move|p1a: Ceruledge|Bitter Blade|p2b: Pyroar
|-resisted|p2b: Pyroar|1
|-damage|p2b: Pyroar|0 fnt
|faint|p2b: Pyroar
|
|-weather|none
|upkeep
|
|t:|1785335097
|switch|p2b: Aerodactyl|Aerodactyl, L50, F|45/100
|-ability|p2b: Aerodactyl|Unnerve
|turn|6
|
|t:|1785335108
|move|p1a: Ceruledge|Protect|p1a: Ceruledge
|-singleturn|p1a: Ceruledge|Protect
|move|p2a: Torkoal|Protect|p2a: Torkoal
|-singleturn|p2a: Torkoal|Protect
|move|p2b: Aerodactyl|Tailwind|p2b: Aerodactyl
|-sidestart|p2: hertsu|move: Tailwind
|move|p1b: Milotic|Scald|p2b: Aerodactyl
|-supereffective|p2b: Aerodactyl|1
|-damage|p2b: Aerodactyl|0 fnt
|faint|p2b: Aerodactyl
|
|upkeep
|
|t:|1785335121
|switch|p2b: Trevenant|Trevenant, L50, F|100/100
|turn|7
|
|t:|1785335137
|move|p2a: Torkoal|Helping Hand|p2b: Trevenant
|-singleturn|p2b: Trevenant|Helping Hand|[of] p2a: Torkoal
|move|p1a: Ceruledge|Shadow Sneak|p2b: Trevenant
|-supereffective|p2b: Trevenant|1
|-damage|p2b: Trevenant|27/100
|-enditem|p2b: Trevenant|Sitrus Berry|[eat]
|-heal|p2b: Trevenant|52/100|[from] item: Sitrus Berry
|move|p2b: Trevenant|Poltergeist|p1a: Ceruledge
|-activate|p1a: Ceruledge|move: Poltergeist|Colbur Berry
|-supereffective|p1a: Ceruledge|1
|-damage|p1a: Ceruledge|38/100
|move|p1b: Milotic|Icy Wind|p2b: Trevenant|[spread] p2a,p2b
|-resisted|p2a: Torkoal|1
|-supereffective|p2b: Trevenant|1
|-damage|p2a: Torkoal|77/100
|-damage|p2b: Trevenant|35/100
|-unboost|p2a: Torkoal|spe|1
|-unboost|p2b: Trevenant|spe|1
|
|upkeep
|turn|8
|-message|hertsu forfeited.
|
|win|bexuanmailonto
|raw|bexuanmailonto's rating: 1089 → 1123(+34 for winning)
|raw|hertsu's rating: 1192 → 1160(-32 for losing)
|l|☆hertsu
|player|p2|
