|j|☆ToastedArt
|j|☆Malgooee
|html|ToastedArtMalgooee    
|uhtml|bestof|Game 2 of a best-of-3
|t:|1784418788
|gametype|doubles
|player|p1|ToastedArt|clemont|1112
|player|p2|Malgooee|170|1193
|gen|9
|tier|[Gen 9 Champions] VGC 2026 Reg M-B (Bo3)
|rated|
|rule|Species Clause: Limit one of each Pokémon
|rule|Item Clause: Limit 1 of each item
|clearpoke
|poke|p1|Falinks, L50, shiny|
|poke|p1|Gholdengo, L50|
|poke|p1|Kingambit, L50, F|
|poke|p1|Sneasler, L50, M|
|poke|p1|Dragonite, L50, M|
|poke|p1|Sinistcha-Masterpiece, L50|
|poke|p2|Alcremie, L50, F|
|poke|p2|Whimsicott, L50, M|
|poke|p2|Garchomp, L50, F|
|poke|p2|Farigiraf, L50, F|
|poke|p2|Scolipede, L50, M|
|poke|p2|Charizard, L50, M|
|teampreview|4
|showteam|p1|Falinks||Falinksite|Defiant|NoRetreat,CloseCombat,RockSlide,Protect|Adamant|||||50|]Gholdengo||SpellTag|GoodasGold|MakeItRain,ShadowBall,NastyPlot,Protect|Modest|||||50|]Kingambit||BlackGlasses|Defiant|KowtowCleave,SuckerPunch,SwordsDance,Protect|Adamant||F|||50|]Sneasler||FocusSash|PoisonTouch|CloseCombat,PoisonJab,Coaching,FakeOut|Jolly||M|||50|]Dragonite||Dragoninite|Multiscale|DragonPulse,HeatWave,Haze,Tailwind|Modest||M|||50|]Sinistcha-Masterpiece||ColburBerry|Hospitality|MatchaGotcha,LifeDew,RagePowder,Protect|Careful|||||50|
|showteam|p2|Alcremie||SitrusBerry|SweetVeil|Encore,Decorate,DazzlingGleam,Protect|Sassy||F|||50|]Whimsicott||FocusSash|Prankster|Protect,Encore,Tailwind,Moonblast|Timid||M|||50|]Garchomp||ChoiceScarf|RoughSkin|DragonClaw,RockSlide,Earthquake,Crunch|Adamant||F|||50|]Farigiraf||Leftovers|ArmorTail|Roar,Psychic,Protect,TrickRoom|Calm||F|||50|]Scolipede||ChartiBerry|SpeedBoost|RockSlide,LeechLife,Protect,StompingTantrum|Jolly||M|||50|]Charizard||CharizarditeY|SolarPower|WeatherBall,HeatWave,SolarBeam,Protect|Timid||M|||50|
|inactive|Battle timer is ON: inactive players will automatically lose when time's up. (requested by ToastedArt)
|inactive|Malgooee also wants the timer to be on.
|
|t:|1784418817
|teamsize|p1|4
|teamsize|p2|4
|start
|switch|p1a: Dragonite|Dragonite, L50, M|100/100
|switch|p1b: Sneasler|Sneasler, L50, M|100/100
|switch|p2a: Alcremie|Alcremie, L50, F|100/100
|switch|p2b: Charizard|Charizard, L50, M|100/100
|turn|1
|inactive|Malgooee has 30 seconds left.
|inactive|Malgooee has 20 seconds left.
|inactive|Malgooee has 15 seconds left.
|inactive|Malgooee has 10 seconds left.
|
|t:|1784418864
|detailschange|p2b: Charizard|Charizard-Mega-Y, L50, M
|-mega|p2b: Charizard|Charizard|Charizardite Y
|-weather|SunnyDay|[from] ability: Drought|[of] p2b: Charizard
|detailschange|p1a: Dragonite|Dragonite-Mega, L50, M
|-mega|p1a: Dragonite|Dragonite|Dragoninite
|move|p2a: Alcremie|Protect|p2a: Alcremie
|-singleturn|p2a: Alcremie|Protect
|move|p1b: Sneasler|Poison Jab|p2a: Alcremie
|-activate|p2a: Alcremie|move: Protect
|move|p2b: Charizard|Heat Wave|p1b: Sneasler|[spread] p1a,p1b
|-resisted|p1a: Dragonite|1
|-damage|p1a: Dragonite|85/100
|-damage|p1b: Sneasler|7/100
|move|p1a: Dragonite|Heat Wave|p2b: Charizard|[spread] p2b
|-activate|p2a: Alcremie|move: Protect
|-resisted|p2b: Charizard|1
|-damage|p2b: Charizard|78/100
|
|-weather|SunnyDay|[upkeep]
|upkeep
|turn|2
|
|t:|1784418883
|switch|p2a: Garchomp|Garchomp, L50, F|100/100
|move|p1b: Sneasler|Poison Jab|p2a: Garchomp
|-resisted|p2a: Garchomp|1
|-damage|p2a: Garchomp|77/100
|-status|p2a: Garchomp|psn
|-damage|p1b: Sneasler|0 fnt|[from] ability: Rough Skin|[of] p2a: Garchomp
|faint|p1b: Sneasler
|move|p2b: Charizard|Heat Wave|p1a: Dragonite
|-resisted|p1a: Dragonite|1
|-damage|p1a: Dragonite|49/100
|move|p1a: Dragonite|Heat Wave|p2a: Garchomp|[spread] p2a,p2b
|-resisted|p2a: Garchomp|1
|-resisted|p2b: Charizard|1
|-damage|p2a: Garchomp|52/100 psn
|-damage|p2b: Charizard|56/100
|
|-weather|SunnyDay|[upkeep]
|-damage|p2a: Garchomp|40/100 psn|[from] psn
|upkeep
|
|t:|1784418899
|switch|p1b: Sinistcha|Sinistcha-Masterpiece, L50|100/100
|-heal|p1a: Dragonite|74/100|[from] ability: Hospitality|[of] p1b: Sinistcha
|turn|3
|
|t:|1784418920
|move|p1b: Sinistcha|Rage Powder|p1b: Sinistcha
|-singleturn|p1b: Sinistcha|move: Rage Powder
|move|p2a: Garchomp|Rock Slide|p1b: Sinistcha|[spread] p1a,p1b
|-supereffective|p1a: Dragonite|1
|-damage|p1a: Dragonite|30/100
|-damage|p1b: Sinistcha|80/100
|move|p2b: Charizard|Heat Wave|p1a: Dragonite|[spread] p1a,p1b
|-resisted|p1a: Dragonite|1
|-supereffective|p1b: Sinistcha|1
|-damage|p1a: Dragonite|3/100
|-damage|p1b: Sinistcha|0 fnt
|faint|p1b: Sinistcha
|move|p1a: Dragonite|Dragon Pulse|p2b: Charizard
|-damage|p2b: Charizard|4/100
|
|-weather|SunnyDay|[upkeep]
|-damage|p2a: Garchomp|28/100 psn|[from] psn
|upkeep
|
|t:|1784418931
|switch|p1b: Kingambit|Kingambit, L50, F|100/100
|turn|4
|
|t:|1784418948
|move|p1b: Kingambit|Sucker Punch|p2b: Charizard
|-damage|p2b: Charizard|0 fnt
|faint|p2b: Charizard
|move|p2a: Garchomp|Rock Slide|p1a: Dragonite|[spread] p1a,p1b
|-supereffective|p1a: Dragonite|1
|-resisted|p1b: Kingambit|1
|-damage|p1a: Dragonite|0 fnt
|-damage|p1b: Kingambit|92/100
|faint|p1a: Dragonite
|
|-weather|SunnyDay|[upkeep]
|-damage|p2a: Garchomp|15/100 psn|[from] psn
|upkeep
|
|t:|1784418956
|switch|p2b: Alcremie|Alcremie, L50, F|100/100
|turn|5
|inactive|ToastedArt has 30 seconds left.
|
|t:|1784418988
|switch|p2a: Whimsicott|Whimsicott, L50, M|100/100
|move|p2b: Alcremie|Encore|p1b: Kingambit
|-start|p1b: Kingambit|Encore
|move|p1b: Kingambit|Sucker Punch||[still]
|-fail|p1b: Kingambit
|
|-weather|none
|upkeep
|turn|6
|-message|ToastedArt forfeited.
|
|win|Malgooee
|raw|ToastedArt's rating: 1112 → 1093(-19 for losing)
|raw|Malgooee's rating: 1193 → 1212(+19 for winning)
