|j|☆DkayMM
|j|☆ashnext
|html|DkayMMashnext    
|uhtml|bestof|Game 1 of a best-of-3
|t:|1757009238
|gametype|doubles
|player|p1|DkayMM|169|1041
|player|p2|ashnext|265|1000
|gen|9
|tier|[Gen 9] VGC 2025 Reg H (Bo3)
|rated|
|rule|Species Clause: Limit one of each Pokémon
|rule|Item Clause: Limit 1 of each item
|clearpoke
|poke|p1|Charizard, L50, M|
|poke|p1|Torkoal, L50, F|
|poke|p1|Porygon2, L50|
|poke|p1|Incineroar, L50, M|
|poke|p1|Jumpluff, L50, F|
|poke|p1|Ursaluna, L50, F|
|poke|p2|Sneasler, L50, F|
|poke|p2|Rillaboom, L50, M|
|poke|p2|Electabuzz, L50, F|
|poke|p2|Dragonite, L50, F|
|poke|p2|Volcarona, L50, F|
|poke|p2|Kingambit, L50, F|
|teampreview|4
|showteam|p1|Charizard||ChoiceSpecs|SolarPower|HeatWave,Overheat,WeatherBall,AirSlash|||M|||50|,,,,,Ghost]Torkoal||EjectPack|Drought|Eruption,Overheat,HelpingHand,Protect|||F|||50|,,,,,Fire]Porygon2||Eviolite|Download|TeraBlast,IceBeam,Recover,TrickRoom||||||50|,,,,,Fighting]Incineroar||SitrusBerry|Intimidate|FlareBlitz,KnockOff,FakeOut,PartingShot|||M|||50|,,,,,Ghost]Jumpluff||CovertCloak|Chlorophyll|SleepPowder,SunnyDay,RagePowder,Tailwind|||F|||50|,,,,,Water]Ursaluna||FlameOrb|Guts|HeadlongRush,Facade,Earthquake,Protect|||F|||50|,,,,,Ghost
|showteam|p2|Sneasler||PsychicSeed|Unburden|CloseCombat,DireClaw,Protect,ThroatChop|||F|||50|,,,,,Dark]Rillaboom||AssaultVest|GrassySurge|GrassyGlide,FakeOut,WoodHammer,HighHorsepower|||M|||50|,,,,,Fire]Electabuzz||Eviolite|VitalSpirit|FollowMe,Protect,Taunt,Electroweb|||F|||50|,,,,,Ghost]Dragonite||LoadedDice|Multiscale|ScaleShot,Protect,ExtremeSpeed,Haze|||F|||50|,,,,,Fairy]Volcarona||CovertCloak|FlameBody|Protect,HeatWave,QuiverDance,GigaDrain|||F|||50|,,,,,Fairy]Kingambit||BlackGlasses|Defiant|SuckerPunch,KowtowCleave,Protect,SwordsDance|||F|||50|,,,,,Dark
|inactive|Battle timer is ON: inactive players will automatically lose when time's up. (requested by DkayMM)
|
|t:|1757009293
|teamsize|p1|4
|teamsize|p2|4
|start
|switch|p1a: Charizard|Charizard, L50, M|100/100
|switch|p1b: Torkoal|Torkoal, L50, F|100/100
|switch|p2a: Volcarona|Volcarona, L50, F|100/100
|switch|p2b: Electabuzz|Electabuzz, L50, F|100/100
|-weather|SunnyDay|[from] ability: Drought|[of] p1b: Torkoal
|turn|1
|inactive|DkayMM has 30 seconds left.
|inactive|ashnext has 30 seconds left.
|inactive|DkayMM has 20 seconds left.
|inactive|ashnext has 20 seconds left.
|inactive|ashnext has 15 seconds left.
|inactive|ashnext has 10 seconds left.
|
|t:|1757009339
|move|p2b: Electabuzz|Electroweb|p1b: Torkoal|[spread] p1a,p1b
|-supereffective|p1a: Charizard
|-damage|p1a: Charizard|61/100
|-damage|p1b: Torkoal|80/100
|-unboost|p1a: Charizard|spe|1
|-unboost|p1b: Torkoal|spe|1
|-enditem|p1b: Torkoal|Eject Pack
|
|t:|1757009351
|switch|p1b: Ursaluna|Ursaluna, L50, F|100/100
|move|p2a: Volcarona|Quiver Dance|p2a: Volcarona
|-boost|p2a: Volcarona|spa|1
|-boost|p2a: Volcarona|spd|1
|-boost|p2a: Volcarona|spe|1
|move|p1a: Charizard|Heat Wave|p2b: Electabuzz|[spread] p2a,p2b
|-damage|p2a: Volcarona|27/100
|-damage|p2b: Electabuzz|2/100
|
|-weather|SunnyDay|[upkeep]
|-damage|p1a: Charizard|49/100|[from] ability: Solar Power|[of] p1a: Charizard
|-status|p1b: Ursaluna|brn|[from] item: Flame Orb
|upkeep
|turn|2
|inactive|DkayMM has 30 seconds left.
|inactive|ashnext has 30 seconds left.
|inactive|DkayMM has 20 seconds left.
|inactive|ashnext has 20 seconds left.
|inactive|DkayMM has 15 seconds left.
|inactive|ashnext has 15 seconds left.
|inactive|DkayMM has 10 seconds left.
|
|t:|1757009399
|switch|p1a: Porygon2|Porygon2, L50|100/100
|-ability|p1a: Porygon2|Download|boost
|-boost|p1a: Porygon2|atk|1
|move|p2a: Volcarona|Giga Drain|p1b: Ursaluna
|-supereffective|p1b: Ursaluna
|-damage|p1b: Ursaluna|38/100 brn
|-heal|p2a: Volcarona|65/100|[from] drain|[of] p1b: Ursaluna
|move|p2b: Electabuzz|Electroweb|p1b: Ursaluna|[spread] 
|-immune|p1b: Ursaluna
|-miss|p2b: Electabuzz|p1a: Porygon2
|move|p1b: Ursaluna|Facade|p2a: Volcarona
|-damage|p2a: Volcarona|0 fnt
|faint|p2a: Volcarona
|
|-weather|SunnyDay|[upkeep]
|-damage|p1b: Ursaluna|32/100 brn|[from] brn
|upkeep
|
|t:|1757009421
|switch|p2a: Rillaboom|Rillaboom, L50, M|100/100
|-fieldstart|move: Grassy Terrain|[from] ability: Grassy Surge|[of] p2a: Rillaboom
|turn|3
|
|t:|1757009437
|move|p1b: Ursaluna|Protect|p1b: Ursaluna
|-singleturn|p1b: Ursaluna|Protect
|move|p2b: Electabuzz|Follow Me|p2b: Electabuzz
|-singleturn|p2b: Electabuzz|move: Follow Me
|move|p2a: Rillaboom|Grassy Glide|p1b: Ursaluna
|-activate|p1b: Ursaluna|move: Protect
|move|p1a: Porygon2|Trick Room|p1a: Porygon2
|-fieldstart|move: Trick Room|[of] p1a: Porygon2
|
|-weather|SunnyDay|[upkeep]
|-heal|p1b: Ursaluna|38/100 brn|[from] Grassy Terrain
|-heal|p2b: Electabuzz|7/100|[from] Grassy Terrain
|-damage|p1b: Ursaluna|32/100 brn|[from] brn
|upkeep
|turn|4
|
|t:|1757009457
|switch|p1b: Torkoal|Torkoal, L50, F|80/100
|move|p2b: Electabuzz|Protect|p2b: Electabuzz
|-singleturn|p2b: Electabuzz|Protect
|move|p2a: Rillaboom|Grassy Glide|p1b: Torkoal
|-resisted|p1b: Torkoal
|-damage|p1b: Torkoal|66/100
|move|p1a: Porygon2|Ice Beam|p2a: Rillaboom
|-supereffective|p2a: Rillaboom
|-damage|p2a: Rillaboom|58/100
|
|-weather|SunnyDay|[upkeep]
|-heal|p1b: Torkoal|72/100|[from] Grassy Terrain
|-heal|p2a: Rillaboom|64/100|[from] Grassy Terrain
|-heal|p2b: Electabuzz|13/100|[from] Grassy Terrain
|upkeep
|turn|5
|inactive|ashnext has 30 seconds left.
|
|t:|1757009487
|move|p1b: Torkoal|Eruption|p2b: Electabuzz|[spread] p2a,p2b
|-supereffective|p2a: Rillaboom
|-damage|p2a: Rillaboom|0 fnt
|-damage|p2b: Electabuzz|0 fnt
|faint|p2a: Rillaboom
|faint|p2b: Electabuzz
|move|p1a: Porygon2|Ice Beam|p2: Rillaboom|[notarget]
|-fail|p1a: Porygon2
|
|-weather|none
|-heal|p1b: Torkoal|78/100|[from] Grassy Terrain
|upkeep
|-message|ashnext forfeited.
|
|win|DkayMM
|l|☆ashnext
|player|p2|
