|j|☆ga sneasler
|j|☆stainlesssgym
|html|ga sneaslerstainlesssgym    
|uhtml|bestof|Game 3 of a best-of-3
|t:|1756238185
|gametype|doubles
|player|p1|ga sneasler|2|1087
|player|p2|stainlesssgym|colress|1094
|gen|9
|tier|[Gen 9] VGC 2025 Reg H (Bo3)
|rated|
|rule|Species Clause: Limit one of each Pokémon
|rule|Item Clause: Limit 1 of each item
|clearpoke
|poke|p1|Hydreigon, L50, M|
|poke|p1|Ursaluna, L50, M|
|poke|p1|Incineroar, L50, M|
|poke|p1|Amoonguss, L50, M|
|poke|p1|Gholdengo, L50|
|poke|p1|Porygon2, L50|
|poke|p2|Annihilape, L50, M|
|poke|p2|Dragonite, L50, M|
|poke|p2|Gholdengo, L50|
|poke|p2|Electabuzz, L50, M|
|poke|p2|Rillaboom, L50, F|
|poke|p2|Incineroar, L50, F|
|teampreview|4
|showteam|p1|Hydreigon||SafetyGoggles|Levitate|DracoMeteor,Snarl,Tailwind,Protect|||M|||50|,,,,,Ghost]Ursaluna||FlameOrb|Guts|HeadlongRush,Earthquake,Facade,Protect|||M|||50|,,,,,Ghost]Incineroar||SitrusBerry|Intimidate|FlareBlitz,KnockOff,FakeOut,PartingShot|||M|||50|,,,,,Ghost]Amoonguss||CovertCloak|Regenerator|PollenPuff,Spore,RagePowder,Protect|||M|||50|,,,,,Fire]Gholdengo||MetalCoat|GoodasGold|MakeItRain,ShadowBall,NastyPlot,Protect||||||50|,,,,,Water]Porygon2||Eviolite|Download|TeraBlast,IceBeam,Recover,TrickRoom||||||50|,,,,,Fighting
|showteam|p2|Annihilape||FocusSash|Defiant|Taunt,CloseCombat,RageFist,Coaching|||M|||50|,,,,,Stellar]Dragonite||LoadedDice|Multiscale|Protect,ScaleShot,Haze,ExtremeSpeed|||M|||50|,,,,,Fairy]Gholdengo||SitrusBerry|GoodasGold|MakeItRain,ShadowBall,NastyPlot,Protect||||||50|,,,,,Water]Electabuzz||Eviolite|VitalSpirit|Protect,Electroweb,Taunt,FollowMe|||M|||50|,,,,,Dragon]Rillaboom||AssaultVest|GrassySurge|FakeOut,WoodHammer,HighHorsepower,GrassyGlide|||F|||50|,,,,,Fire]Incineroar||MirrorHerb|Intimidate|FakeOut,PartingShot,FlareBlitz,KnockOff|||F|||50|,,,,,Ghost
|inactive|Battle timer is ON: inactive players will automatically lose when time's up. (requested by ga sneasler)
|inactive|stainlesssgym has 60 seconds left.
|
|t:|1756238240
|teamsize|p1|4
|teamsize|p2|4
|start
|switch|p1a: Gholdengo|Gholdengo, L50|100/100
|switch|p1b: Amoonguss|Amoonguss, L50, M|100/100
|switch|p2a: Electabuzz|Electabuzz, L50, M|100/100
|switch|p2b: Gholdengo|Gholdengo, L50|100/100
|turn|1
|inactive|ga sneasler has 30 seconds left.
|
|t:|1756238274
|move|p2a: Electabuzz|Taunt|p1a: Gholdengo
|-immune|p1a: Gholdengo|[from] ability: Good as Gold
|move|p2b: Gholdengo|Nasty Plot|p2b: Gholdengo
|-boost|p2b: Gholdengo|spa|2
|move|p1a: Gholdengo|Nasty Plot|p1a: Gholdengo
|-boost|p1a: Gholdengo|spa|2
|move|p1b: Amoonguss|Pollen Puff|p1a: Gholdengo
|
|upkeep
|turn|2
|inactive|stainlesssgym has 30 seconds left.
|
|t:|1756238308
|-terastallize|p1a: Gholdengo|Water
|move|p2a: Electabuzz|Follow Me|p2a: Electabuzz
|-singleturn|p2a: Electabuzz|move: Follow Me
|move|p2b: Gholdengo|Make It Rain|p1a: Gholdengo|[spread] p1a,p1b
|-resisted|p1a: Gholdengo
|-damage|p1a: Gholdengo|61/100
|-damage|p1b: Amoonguss|28/100
|-unboost|p2b: Gholdengo|spa|1
|move|p1a: Gholdengo|Shadow Ball|p2a: Electabuzz
|-damage|p2a: Electabuzz|33/100
|move|p1b: Amoonguss|Pollen Puff|p2a: Electabuzz
|-damage|p2a: Electabuzz|19/100
|
|upkeep
|turn|3
|
|t:|1756238329
|switch|p1b: Porygon2|Porygon2, L50|100/100
|-ability|p1b: Porygon2|Download|boost
|-boost|p1b: Porygon2|atk|1
|move|p2a: Electabuzz|Electroweb|p1a: Gholdengo|[spread] p1a,p1b
|-supereffective|p1a: Gholdengo
|-damage|p1a: Gholdengo|33/100
|-damage|p1b: Porygon2|92/100
|-unboost|p1a: Gholdengo|spe|1
|-unboost|p1b: Porygon2|spe|1
|move|p2b: Gholdengo|Make It Rain|p1b: Porygon2|[spread] p1a,p1b
|-resisted|p1a: Gholdengo
|-damage|p1a: Gholdengo|1/100
|-damage|p1b: Porygon2|53/100
|-unboost|p2b: Gholdengo|spa|1
|move|p1a: Gholdengo|Shadow Ball|p2a: Electabuzz
|-damage|p2a: Electabuzz|0 fnt
|faint|p2a: Electabuzz
|
|upkeep
|inactive|stainlesssgym has 30 seconds left.
|inactive|stainlesssgym has 20 seconds left.
|
|t:|1756238369
|switch|p2a: Rillaboom|Rillaboom, L50, F|100/100
|-fieldstart|move: Grassy Terrain|[from] ability: Grassy Surge|[of] p2a: Rillaboom
|turn|4
|
|t:|1756238380
|switch|p1a: Amoonguss|Amoonguss, L50, M|61/100
|move|p2b: Gholdengo|Make It Rain|p1a: Amoonguss|[spread] p1a,p1b
|-damage|p1a: Amoonguss|24/100
|-damage|p1b: Porygon2|25/100
|-unboost|p2b: Gholdengo|spa|1
|move|p2a: Rillaboom|High Horsepower|p1b: Porygon2
|-damage|p1b: Porygon2|11/100
|move|p1b: Porygon2|Trick Room|p1b: Porygon2
|-fieldstart|move: Trick Room|[of] p1b: Porygon2
|
|-heal|p1a: Amoonguss|30/100|[from] Grassy Terrain
|-heal|p1b: Porygon2|17/100|[from] Grassy Terrain
|upkeep
|turn|5
|inactive|stainlesssgym has 30 seconds left.
|inactive|stainlesssgym has 20 seconds left.
|
|t:|1756238415
|move|p2a: Rillaboom|Grassy Glide|p1b: Porygon2
|-damage|p1b: Porygon2|0 fnt
|faint|p1b: Porygon2
|move|p1a: Amoonguss|Pollen Puff|p1: Porygon2|[notarget]
|-fail|p1a: Amoonguss
|move|p2b: Gholdengo|Nasty Plot|p2b: Gholdengo
|-boost|p2b: Gholdengo|spa|2
|
|-heal|p1a: Amoonguss|36/100|[from] Grassy Terrain
|upkeep
|
|t:|1756238418
|switch|p1b: Ursaluna|Ursaluna, L50, M|100/100
|turn|6
|
|t:|1756238436
|switch|p1a: Gholdengo|Gholdengo, L50, tera:Water|1/100
|switch|p2a: Incineroar|Incineroar, L50, F|100/100
|-ability|p2a: Incineroar|Intimidate|boost
|-unboost|p1a: Gholdengo|atk|1
|-unboost|p1b: Ursaluna|atk|1
|move|p1b: Ursaluna|Protect|p1b: Ursaluna
|-singleturn|p1b: Ursaluna|Protect
|move|p2b: Gholdengo|Protect||[still]
|-fail|p2b: Gholdengo
|
|-heal|p1a: Gholdengo|7/100|[from] Grassy Terrain
|-status|p1b: Ursaluna|brn|[from] item: Flame Orb
|upkeep
|turn|7
|inactive|ga sneasler has 30 seconds left.
|
|t:|1756238461
|switch|p1b: Amoonguss|Amoonguss, L50, M|69/100
|move|p1a: Gholdengo|Protect|p1a: Gholdengo
|-singleturn|p1a: Gholdengo|Protect
|move|p2a: Incineroar|Fake Out|p1b: Amoonguss
|-damage|p1b: Amoonguss|60/100
|move|p2b: Gholdengo|Shadow Ball|p1a: Gholdengo
|-activate|p1a: Gholdengo|move: Protect
|
|-heal|p1b: Amoonguss|66/100|[from] Grassy Terrain
|-heal|p1a: Gholdengo|14/100|[from] Grassy Terrain
|upkeep
|turn|8
|
|t:|1756238479
|switch|p2a: Rillaboom|Rillaboom, L50, F|100/100
|move|p2b: Gholdengo|Protect|p2b: Gholdengo
|-singleturn|p2b: Gholdengo|Protect
|move|p1b: Amoonguss|Pollen Puff|p1a: Gholdengo
|-heal|p1a: Gholdengo|64/100
|move|p1a: Gholdengo|Nasty Plot|p1a: Gholdengo
|-boost|p1a: Gholdengo|spa|2
|
|-heal|p1b: Amoonguss|72/100|[from] Grassy Terrain
|-heal|p1a: Gholdengo|70/100|[from] Grassy Terrain
|-fieldend|move: Trick Room
|-fieldend|move: Grassy Terrain
|upkeep
|turn|9
|inactive|ga sneasler has 30 seconds left.
|inactive|stainlesssgym has 30 seconds left.
|inactive|stainlesssgym has 20 seconds left.
|inactive|stainlesssgym has 15 seconds left.
|
|t:|1756238520
|-terastallize|p2b: Gholdengo|Water
|move|p1a: Gholdengo|Protect|p1a: Gholdengo
|-singleturn|p1a: Gholdengo|Protect
|move|p2b: Gholdengo|Nasty Plot|p2b: Gholdengo
|-boost|p2b: Gholdengo|spa|2
|move|p2a: Rillaboom|Wood Hammer|p1a: Gholdengo
|-activate|p1a: Gholdengo|move: Protect
|move|p1b: Amoonguss|Pollen Puff|p2a: Rillaboom
|-supereffective|p2a: Rillaboom
|-damage|p2a: Rillaboom|75/100
|
|upkeep
|turn|10
|inactive|stainlesssgym has 30 seconds left.
|
|t:|1756238547
|move|p1b: Amoonguss|Protect|p1b: Amoonguss
|-singleturn|p1b: Amoonguss|Protect
|move|p2b: Gholdengo|Shadow Ball|p1a: Gholdengo
|-damage|p1a: Gholdengo|0 fnt
|faint|p1a: Gholdengo
|move|p2a: Rillaboom|Wood Hammer|p1b: Amoonguss
|-activate|p1b: Amoonguss|move: Protect
|
|upkeep
|-message|ga sneasler forfeited.
|
|win|stainlesssgym
|raw|ga sneasler's rating: 1087 → 1064(-23 for losing)
|raw|stainlesssgym's rating: 1094 → 1119(+25 for winning)
