|j|☆marcosdeltasena31
|j|☆ladderingwithcalys
|html|marcosdeltasena31ladderingwithcalys    
|uhtml|bestof|Game 2 of a best-of-3
|t:|1756850132
|gametype|doubles
|player|p1|marcosdeltasena31|hilbert|1386
|player|p2|ladderingwithcalys|101|1266
|gen|9
|tier|[Gen 9] VGC 2025 Reg H (Bo3)
|rated|
|rule|Species Clause: Limit one of each Pokémon
|rule|Item Clause: Limit 1 of each item
|clearpoke
|poke|p1|Dragonite, L50, F|
|poke|p1|Porygon2, L50|
|poke|p1|Ursaluna, L50, F|
|poke|p1|Incineroar, L50, F|
|poke|p1|Amoonguss, L50, F|
|poke|p1|Gholdengo, L50|
|poke|p2|Archaludon, L50, M|
|poke|p2|Pelipper, L50, M|
|poke|p2|Kingdra, L50, M|
|poke|p2|Toedscruel, L50, M|
|poke|p2|Comfey, L50, F|
|poke|p2|Weezing-Galar, L50, M|
|teampreview|4
|showteam|p1|Dragonite||LoadedDice|Multiscale|ScaleShot,Tailwind,Haze,Protect|||F|||50|,,,,,Fairy]Porygon2||Eviolite|Download|TeraBlast,IceBeam,TrickRoom,Recover||||||50|,,,,,Fighting]Ursaluna||FlameOrb|Guts|HeadlongRush,Facade,Earthquake,Protect|||F|||50|,,,,,Ghost]Incineroar||SafetyGoggles|Intimidate|FlareBlitz,FakeOut,PartingShot,KnockOff|||F|||50|,,,,,Ghost]Amoonguss||SitrusBerry|Regenerator|PollenPuff,Spore,RagePowder,Protect|||F|||50|,,,,,Water]Gholdengo||LifeOrb|GoodasGold|MakeItRain,ShadowBall,NastyPlot,Protect||||||50|,,,,,Steel
|showteam|p2|Archaludon||AssaultVest|Stamina|ElectroShot,BodyPress,FlashCannon,Snarl|||M|||50|,,,,,Grass]Pelipper||ChoiceScarf|Drizzle|Tailwind,Hurricane,WeatherBall,Uturn|||M|||50|,,,,,Ghost]Kingdra||LifeOrb|SwiftSwim|Protect,WeatherBall,DracoMeteor,Surf|||M|||50|,,,,,Stellar]Toedscruel||CovertCloak|MyceliumMight|Spore,EarthPower,BulletSeed,RagePowder|||M|||50|,,,,,Water]Comfey||SafetyGoggles|Triage|DrainingKiss,FloralHealing,LightScreen,Protect|||F|||50|,,,,,Steel]Weezing-Galar||ChoiceSpecs|NeutralizingGas|AromaticMist,SludgeBomb,ClearSmog,DazzlingGleam|||M|||50|,,,,,Ghost
|j| jables412
|
|t:|1756850145
|teamsize|p1|4
|teamsize|p2|4
|start
|switch|p1a: Porygon2|Porygon2, L50|100/100
|switch|p1b: Amoonguss|Amoonguss, L50, F|100/100
|switch|p2a: Pelipper|Pelipper, L50, M|100/100
|switch|p2b: Kingdra|Kingdra, L50, M, shiny|100/100
|-weather|RainDance|[from] ability: Drizzle|[of] p2a: Pelipper
|-ability|p1a: Porygon2|Download|boost
|-boost|p1a: Porygon2|spa|1
|turn|1
|
|t:|1756850160
|move|p1b: Amoonguss|Protect|p1b: Amoonguss
|-singleturn|p1b: Amoonguss|Protect
|move|p2b: Kingdra|Weather Ball|p1a: Porygon2
|-damage|p1a: Porygon2|49/100
|-damage|p2b: Kingdra|91/100|[from] item: Life Orb
|move|p2a: Pelipper|Weather Ball|p1a: Porygon2
|-damage|p1a: Porygon2|5/100
|move|p1a: Porygon2|Trick Room|p1a: Porygon2
|-fieldstart|move: Trick Room|[of] p1a: Porygon2
|
|-weather|RainDance|[upkeep]
|upkeep
|turn|2
|
|t:|1756850179
|switch|p2a: Archaludon|Archaludon, L50, M|100/100
|move|p1b: Amoonguss|Rage Powder|p1b: Amoonguss
|-singleturn|p1b: Amoonguss|move: Rage Powder
|move|p1a: Porygon2|Recover|p1a: Porygon2
|-heal|p1a: Porygon2|55/100
|move|p2b: Kingdra|Surf|p1a: Porygon2|[spread] p2a,p1a,p1b
|-resisted|p2a: Archaludon
|-crit|p2a: Archaludon
|-resisted|p1b: Amoonguss
|-damage|p2a: Archaludon|71/100
|-damage|p1a: Porygon2|16/100
|-damage|p1b: Amoonguss|75/100
|-ability|p2a: Archaludon|Stamina|boost
|-boost|p2a: Archaludon|def|1
|-damage|p2b: Kingdra|82/100|[from] item: Life Orb
|
|-weather|RainDance|[upkeep]
|upkeep
|turn|3
|
|t:|1756850193
|switch|p2b: Comfey|Comfey, L50, F|100/100
|-terastallize|p2a: Archaludon|Grass
|move|p1b: Amoonguss|Spore|p2b: Comfey
|-activate|p2b: Comfey|item: Safety Goggles|Spore
|move|p1a: Porygon2|Recover|p1a: Porygon2
|-heal|p1a: Porygon2|66/100
|move|p2a: Archaludon|Snarl|p1b: Amoonguss|[spread] p1a,p1b
|-damage|p1a: Porygon2|58/100
|-damage|p1b: Amoonguss|65/100
|-unboost|p1a: Porygon2|spa|1
|-unboost|p1b: Amoonguss|spa|1
|
|-weather|RainDance|[upkeep]
|upkeep
|turn|4
|
|t:|1756850217
|switch|p1b: Ursaluna|Ursaluna, L50, F|100/100
|move|p1a: Porygon2|Ice Beam|p2a: Archaludon
|-supereffective|p2a: Archaludon
|-damage|p2a: Archaludon|35/100
|-status|p2a: Archaludon|frz
|-ability|p2a: Archaludon|Stamina|boost
|-boost|p2a: Archaludon|def|1
|cant|p2a: Archaludon|frz
|move|p2b: Comfey|Light Screen|p2b: Comfey
|-sidestart|p2: ladderingwithcalys|move: Light Screen
|
|-weather|RainDance|[upkeep]
|-status|p1b: Ursaluna|brn|[from] item: Flame Orb
|upkeep
|turn|5
|
|t:|1756850230
|move|p2b: Comfey|Floral Healing|p2a: Archaludon
|-heal|p2a: Archaludon|85/100 frz
|move|p1a: Porygon2|Ice Beam|p2a: Archaludon
|-supereffective|p2a: Archaludon
|-damage|p2a: Archaludon|64/100 frz
|-ability|p2a: Archaludon|Stamina|boost
|-boost|p2a: Archaludon|def|1
|move|p1b: Ursaluna|Facade|p2b: Comfey
|-damage|p2b: Comfey|0 fnt
|faint|p2b: Comfey
|cant|p2a: Archaludon|frz
|
|-weather|none
|-damage|p1b: Ursaluna|94/100 brn|[from] brn
|-fieldend|move: Trick Room
|upkeep
|
|t:|1756850259
|switch|p2b: Pelipper|Pelipper, L50, M|100/100
|-weather|RainDance|[from] ability: Drizzle|[of] p2b: Pelipper
|turn|6
|
|t:|1756850265
|move|p1b: Ursaluna|Protect|p1b: Ursaluna
|-singleturn|p1b: Ursaluna|Protect
|move|p2b: Pelipper|Weather Ball|p1b: Ursaluna
|-activate|p1b: Ursaluna|move: Protect
|cant|p2a: Archaludon|frz
|move|p1a: Porygon2|Trick Room|p1a: Porygon2
|-fieldstart|move: Trick Room|[of] p1a: Porygon2
|
|-weather|RainDance|[upkeep]
|-damage|p1b: Ursaluna|88/100 brn|[from] brn
|upkeep
|turn|7
|
|t:|1756850330
|-terastallize|p1b: Ursaluna|Ghost
|move|p1a: Porygon2|Ice Beam|p2b: Pelipper
|-damage|p2b: Pelipper|67/100
|-status|p2b: Pelipper|frz
|move|p1b: Ursaluna|Facade|p2b: Pelipper
|-damage|p2b: Pelipper|0 fnt
|faint|p2b: Pelipper
|-curestatus|p2a: Archaludon|frz|[msg]
|move|p2a: Archaludon|Body Press|p1a: Porygon2
|-supereffective|p1a: Porygon2
|-damage|p1a: Porygon2|0 fnt
|faint|p1a: Porygon2
|
|-weather|RainDance|[upkeep]
|-damage|p1b: Ursaluna|82/100 brn|[from] brn
|upkeep
|
|t:|1756850341
|switch|p1a: Amoonguss|Amoonguss, L50, F|98/100
|switch|p2b: Kingdra|Kingdra, L50, M, shiny|82/100
|turn|8
|
|t:|1756850351
|move|p2b: Kingdra|Protect|p2b: Kingdra
|-singleturn|p2b: Kingdra|Protect
|move|p1a: Amoonguss|Spore|p2b: Kingdra
|-activate|p2b: Kingdra|move: Protect
|move|p1b: Ursaluna|Facade|p2b: Kingdra
|-activate|p2b: Kingdra|move: Protect
|move|p2a: Archaludon|Electro Shot||[still]
|-prepare|p2a: Archaludon|Electro Shot
|-boost|p2a: Archaludon|spa|1
|-anim|p2a: Archaludon|Electro Shot|p1b: Ursaluna
|-damage|p1b: Ursaluna|23/100 brn
|
|-weather|RainDance|[upkeep]
|-damage|p1b: Ursaluna|17/100 brn|[from] brn
|-sideend|p2: ladderingwithcalys|move: Light Screen
|upkeep
|turn|9
|
|t:|1756850402
|move|p2b: Kingdra|Protect||[still]
|-fail|p2b: Kingdra
|move|p1a: Amoonguss|Pollen Puff|p1b: Ursaluna
|-heal|p1b: Ursaluna|67/100 brn
|move|p1b: Ursaluna|Facade|p2b: Kingdra
|-damage|p2b: Kingdra|0 fnt
|faint|p2b: Kingdra
|move|p2a: Archaludon|Snarl|p1b: Ursaluna|[spread] p1a,p1b
|-supereffective|p1b: Ursaluna
|-damage|p1a: Amoonguss|83/100
|-damage|p1b: Ursaluna|31/100 brn
|-unboost|p1a: Amoonguss|spa|1
|-unboost|p1b: Ursaluna|spa|1
|
|-weather|RainDance|[upkeep]
|-damage|p1b: Ursaluna|25/100 brn|[from] brn
|upkeep
|turn|10
|
|t:|1756850416
|move|p1a: Amoonguss|Pollen Puff|p2a: Archaludon
|-supereffective|p2a: Archaludon
|-crit|p2a: Archaludon
|-damage|p2a: Archaludon|31/100
|-ability|p2a: Archaludon|Stamina|boost
|-boost|p2a: Archaludon|def|1
|move|p1b: Ursaluna|Facade|p2a: Archaludon
|-damage|p2a: Archaludon|1/100
|-ability|p2a: Archaludon|Stamina|boost
|-boost|p2a: Archaludon|def|1
|move|p2a: Archaludon|Electro Shot||[still]
|-prepare|p2a: Archaludon|Electro Shot
|-boost|p2a: Archaludon|spa|1
|-anim|p2a: Archaludon|Electro Shot|p1b: Ursaluna
|-damage|p1b: Ursaluna|0 fnt
|faint|p1b: Ursaluna
|
|-weather|none
|-fieldend|move: Trick Room
|upkeep
|
|t:|1756850425
|switch|p1b: Dragonite|Dragonite, L50, F|100/100
|turn|11
|
|t:|1756850457
|move|p1b: Dragonite|Scale Shot|p2a: Archaludon
|-damage|p2a: Archaludon|0 fnt
|faint|p2a: Archaludon
|-hitcount|p2: Archaludon|1
|
|win|marcosdeltasena31
|raw|marcosdeltasena31's rating: 1386 → 1399(+13 for winning)
|raw|ladderingwithcalys's rating: 1266 → 1249(-17 for losing)
|c|☆ladderingwithcalys|I'm gonna cry
|c|☆ladderingwithcalys|What is this bro
|c|☆marcosdeltasena31|kkkk
|l| jables412
|c|☆ladderingwithcalys|Both matches lost due to freeze
|l|☆marcosdeltasena31
|player|p1|
