|j|☆dhairyasethia
|j|☆geardox
|html|dhairyasethiageardox    
|uhtml|bestof|Game 3 of a best-of-3
|t:|1756568104
|gametype|doubles
|player|p1|dhairyasethia|101|1072
|player|p2|geardox|cyclist|1127
|gen|9
|tier|[Gen 9] VGC 2025 Reg H (Bo3)
|rated|
|rule|Species Clause: Limit one of each Pokémon
|rule|Item Clause: Limit 1 of each item
|clearpoke
|poke|p1|Weezing-Galar, L50, F|
|poke|p1|Toedscruel, L50, M|
|poke|p1|Pawmot, L50, M|
|poke|p1|Typhlosion-Hisui, L50, F|
|poke|p1|Garchomp, L50, F|
|poke|p1|Corviknight, L50, M|
|poke|p2|Sneasler, L50, M|
|poke|p2|Garchomp, L50, M|
|poke|p2|Corviknight, L50, F|
|poke|p2|Archaludon, L50, M|
|poke|p2|Amoonguss, L50, F|
|poke|p2|Incineroar, L50, M|
|teampreview|4
|showteam|p1|Weezing-Galar||ChoiceSpecs|NeutralizingGas|DazzlingGleam,StrangeSteam,SludgeBomb,ShadowBall|||F|||50|,,,,,Fire]Toedscruel||CovertCloak|MyceliumMight|Spore,AcidSpray,LightScreen,Protect|||M|||50|,,,,,Water]Pawmot||FocusSash|VoltAbsorb|DoubleShock,Protect,CloseCombat,FakeOut|||M|||50|,,,,,Electric]Typhlosion-Hisui||ChoiceScarf|Frisk|Eruption,SleepTalk,ShadowBall,Overheat|||F|||50|,,,,,Water]Garchomp||LifeOrb|RoughSkin|Protect,Earthquake,StompingTantrum,DragonClaw|||F|||50|,,,,,Ground]Corviknight||ClearAmulet|MirrorArmor|Tailwind,Protect,BraveBird,BulkUp|||M|||50|,,,,,Dragon
|showteam|p2|Sneasler||FocusSash|Unburden|DireClaw,CloseCombat,ThroatChop,Coaching|||M|||50|,,,,,Ghost]Garchomp||LifeOrb|RoughSkin|Protect,Earthquake,DragonClaw,StompingTantrum|||M|||50|,,,,,Ground]Corviknight||SitrusBerry|MirrorArmor|BraveBird,Tailwind,Roost,Taunt|||F|||50|,,,,,Fire]Archaludon||PowerHerb|Stamina|Protect,DracoMeteor,FlashCannon,ElectroShot|||M|||50|,,,,,Dragon]Amoonguss||RockyHelmet|Regenerator|ClearSmog,RagePowder,Spore,PollenPuff|||F|||50|,,,,,Water]Incineroar||AssaultVest|Intimidate|KnockOff,FlareBlitz,FakeOut,Uturn|||M|||50|,,,,,Ghost
|inactive|Battle timer is ON: inactive players will automatically lose when time's up. (requested by geardox)
|
|t:|1756568143
|teamsize|p1|4
|teamsize|p2|4
|start
|switch|p1a: Weezing|Weezing-Galar, L50, F|100/100
|switch|p1b: Toedscruel|Toedscruel, L50, M|100/100
|switch|p2a: Stinky Pete|Garchomp, L50, M|100/100
|switch|p2b: Chica|Corviknight, L50, F|100/100
|-ability|p1a: Weezing|Neutralizing Gas
|turn|1
|inactive|dhairyasethia has 30 seconds left.
|
|t:|1756568169
|-terastallize|p2a: Stinky Pete|Ground
|move|p2a: Stinky Pete|Earthquake|p1b: Toedscruel|[spread] p1a,p1b
|-immune|p2b: Chica
|-supereffective|p1a: Weezing
|-resisted|p1b: Toedscruel
|-damage|p1a: Weezing|0 fnt
|-damage|p1b: Toedscruel|61/100
|faint|p1a: Weezing
|-end|p1a: Weezing|ability: Neutralizing Gas
|-damage|p2a: Stinky Pete|91/100|[from] item: Life Orb
|move|p1b: Toedscruel|Spore|p2a: Stinky Pete
|-status|p2a: Stinky Pete|slp|[from] move: Spore
|move|p2b: Chica|Tailwind|p2b: Chica
|-sidestart|p2: geardox|move: Tailwind
|
|upkeep
|inactive|dhairyasethia has 30 seconds left.
|
|t:|1756568197
|switch|p1a: Typhlosion|Typhlosion-Hisui, L50, F|100/100
|-item|p2a: Stinky Pete|Life Orb|[from] ability: Frisk|[of] p1a: Typhlosion
|-item|p2b: Chica|Sitrus Berry|[from] ability: Frisk|[of] p1a: Typhlosion
|turn|2
|inactive|dhairyasethia has 30 seconds left.
|
|t:|1756568223
|-terastallize|p1a: Typhlosion|Water
|cant|p2a: Stinky Pete|slp
|move|p2b: Chica|Brave Bird|p1b: Toedscruel
|-supereffective|p1b: Toedscruel
|-damage|p1b: Toedscruel|0 fnt
|faint|p1b: Toedscruel
|-damage|p2b: Chica|83/100|[from] Recoil
|move|p1a: Typhlosion|Eruption|p2a: Stinky Pete|[spread] p2a,p2b
|-supereffective|p2b: Chica
|-damage|p2a: Stinky Pete|28/100 slp
|-damage|p2b: Chica|4/100
|-enditem|p2b: Chica|Sitrus Berry|[eat]
|-heal|p2b: Chica|29/100|[from] item: Sitrus Berry
|
|upkeep
|
|t:|1756568240
|switch|p1b: Pawmot|Pawmot, L50, M|100/100
|turn|3
|
|t:|1756568250
|move|p1b: Pawmot|Fake Out|p2b: Chica
|-resisted|p2b: Chica
|-damage|p2b: Chica|24/100
|cant|p2a: Stinky Pete|slp
|cant|p2b: Chica|flinch
|move|p1a: Typhlosion|Eruption|p2a: Stinky Pete|[spread] p2a,p2b
|-supereffective|p2b: Chica
|-damage|p2a: Stinky Pete|0 fnt
|-damage|p2b: Chica|0 fnt
|faint|p2a: Stinky Pete
|faint|p2b: Chica
|
|upkeep
|
|t:|1756568261
|switch|p2a: Riku|Sneasler, L50, M|100/100
|switch|p2b: Big Mo|Archaludon, L50, M|100/100
|turn|4
|inactive|geardox has 30 seconds left.
|
|t:|1756568287
|move|p2a: Riku|Dire Claw|p1a: Typhlosion
|-damage|p1a: Typhlosion|46/100
|move|p2b: Big Mo|Flash Cannon|p1a: Typhlosion
|-resisted|p1a: Typhlosion
|-damage|p1a: Typhlosion|25/100
|move|p1a: Typhlosion|Eruption|p2b: Big Mo|[spread] p2a,p2b
|-damage|p2a: Riku|80/100
|-damage|p2b: Big Mo|82/100
|-ability|p2b: Big Mo|Stamina|boost
|-boost|p2b: Big Mo|def|1
|move|p1b: Pawmot|Close Combat|p2b: Big Mo
|-supereffective|p2b: Big Mo
|-damage|p2b: Big Mo|17/100
|-unboost|p1b: Pawmot|def|1
|-unboost|p1b: Pawmot|spd|1
|-ability|p2b: Big Mo|Stamina|boost
|-boost|p2b: Big Mo|def|1
|
|-sideend|p2: geardox|move: Tailwind
|upkeep
|turn|5
|inactive|dhairyasethia has 30 seconds left.
|inactive|geardox has 30 seconds left.
|
|t:|1756568319
|move|p2b: Big Mo|Protect|p2b: Big Mo
|-singleturn|p2b: Big Mo|Protect
|move|p2a: Riku|Dire Claw|p1a: Typhlosion
|-damage|p1a: Typhlosion|0 fnt
|faint|p1a: Typhlosion
|move|p1b: Pawmot|Double Shock|p2a: Riku
|-damage|p2a: Riku|0 fnt
|-start|p1b: Pawmot|typechange|???/Fighting|[from] move: Double Shock
|faint|p2a: Riku
|
|upkeep
|turn|6
|
|t:|1756568344
|move|p1b: Pawmot|Close Combat|p2b: Big Mo
|-supereffective|p2b: Big Mo
|-damage|p2b: Big Mo|0 fnt
|-unboost|p1b: Pawmot|def|1
|-unboost|p1b: Pawmot|spd|1
|faint|p2b: Big Mo
|
|win|dhairyasethia
|raw|dhairyasethia's rating: 1072 → 1106(+34 for winning)
|raw|geardox's rating: 1127 → 1098(-29 for losing)
