|j|☆Sgabibbo345
|j|☆U242
|html|Sgabibbo345U242    
|uhtml|bestof|Game 1 of a best-of-3
|t:|1785598281
|gametype|doubles
|player|p1|Sgabibbo345|drayden|1142
|player|p2|U242|iris-gen5bw2|1192
|gen|9
|tier|[Gen 9 Champions] VGC 2026 Reg M-B (Bo3)
|rated|
|rule|Species Clause: Limit one of each Pokémon
|rule|Item Clause: Limit 1 of each item
|clearpoke
|poke|p1|Incineroar, L50, M|
|poke|p1|Charizard, L50, F|
|poke|p1|Sneasler, L50, F|
|poke|p1|Garchomp, L50, F|
|poke|p1|Sylveon, L50, F|
|poke|p1|Gholdengo, L50|
|poke|p2|Raichu, L50, F|
|poke|p2|Incineroar, L50, M|
|poke|p2|Delphox, L50, F|
|poke|p2|Garchomp, L50, F|
|poke|p2|Sinistcha, L50|
|poke|p2|Rotom-Wash, L50|
|teampreview|4
|showteam|p1|Incineroar||SitrusBerry|Intimidate|FlareBlitz,DarkestLariat,FakeOut,PartingShot|Impish||M|||50|]Charizard||CharizarditeY|Blaze|HeatWave,WeatherBall,SolarBeam,Protect|Modest||F|||50|]Sneasler||FocusSash|Unburden|CloseCombat,DireClaw,FakeOut,Protect|Adamant||F|||50|]Garchomp||LifeOrb|RoughSkin|DragonClaw,StompingTantrum,RockSlide,Protect|Jolly||F|||50|]Sylveon||FairyFeather|Pixilate|HyperVoice,QuickAttack,HyperBeam,Protect|Modest||F|||50|]Gholdengo||Leftovers|GoodasGold|MakeItRain,ShadowBall,NastyPlot,Protect|Modest|||||50|
|showteam|p2|Raichu||RaichuniteY|LightningRod|ZapCannon,FocusBlast,FakeOut,Protect|Timid||F|||50|]Incineroar||ChopleBerry|Intimidate|FlareBlitz,ThroatChop,FakeOut,PartingShot|Careful||M|||50|]Delphox||Delphoxite|Blaze|HeatWave,Psyshock,NastyPlot,Protect|Timid||F|||50|]Garchomp||LifeOrb|SandVeil|DragonClaw,Earthquake,RockSlide,Protect|Jolly||F|||50|]Sinistcha||SitrusBerry|Hospitality|MatchaGotcha,TrickRoom,RagePowder,Protect|Sassy|||||50|]Rotom-Wash||ChoiceScarf|Levitate|Electroweb,HydroPump,VoltSwitch,Trick|Timid|||||50|
|inactive|Battle timer is ON: inactive players will automatically lose when time's up. (requested by Sgabibbo345)
|
|t:|1785598312
|teamsize|p1|4
|teamsize|p2|4
|start
|switch|p1a: Sylveon|Sylveon, L50, F|100/100
|switch|p1b: Incineroar|Incineroar, L50, M|100/100
|switch|p2a: Raichu|Raichu, L50, F|100/100
|switch|p2b: Rotom|Rotom-Wash, L50|100/100
|-ability|p1b: Incineroar|Intimidate|boost
|-unboost|p2a: Raichu|atk|1
|-unboost|p2b: Rotom|atk|1
|turn|1
|inactive|Sgabibbo345 has 30 seconds left.
|inactive|Sgabibbo345 has 20 seconds left.
|
|t:|1785598350
|switch|p1b: Garchomp|Garchomp, L50, F|100/100
|detailschange|p2a: Raichu|Raichu-Mega-Y, L50, F
|-mega|p2a: Raichu|Raichu|Raichunite Y
|move|p1a: Sylveon|Protect|p1a: Sylveon
|-singleturn|p1a: Sylveon|Protect
|move|p2a: Raichu|Fake Out|p1a: Sylveon
|-activate|p1a: Sylveon|move: Protect
|move|p2b: Rotom|Hydro Pump|p1b: Garchomp
|-damage|p1b: Garchomp|54/100
|
|upkeep
|turn|2
|inactive|U242 has 30 seconds left.
|inactive|U242 has 20 seconds left.
|inactive|U242 has 15 seconds left.
|inactive|U242 has 10 seconds left.
|
|t:|1785598396
|move|p1b: Garchomp|Protect|p1b: Garchomp
|-singleturn|p1b: Garchomp|Protect
|move|p2b: Rotom|Hydro Pump|p1a: Sylveon
|-damage|p1a: Sylveon|62/100
|move|p2a: Raichu|Focus Blast|p1b: Garchomp
|-activate|p1b: Garchomp|move: Protect
|move|p1a: Sylveon|Hyper Beam|p2a: Raichu
|-damage|p2a: Raichu|0 fnt
|-mustrecharge|p1a: Sylveon
|faint|p2a: Raichu
|
|upkeep
|
|t:|1785598400
|switch|p2a: Garchomp|Garchomp, L50, F|100/100
|turn|3
|
|t:|1785598413
|switch|p1b: Incineroar|Incineroar, L50, M|100/100
|-ability|p1b: Incineroar|Intimidate|boost
|-unboost|p2a: Garchomp|atk|1
|-unboost|p2b: Rotom|atk|1
|move|p2b: Rotom|Hydro Pump|p1b: Incineroar
|-supereffective|p1b: Incineroar|1
|-damage|p1b: Incineroar|15/100
|-enditem|p1b: Incineroar|Sitrus Berry|[eat]
|-heal|p1b: Incineroar|40/100|[from] item: Sitrus Berry
|move|p2a: Garchomp|Earthquake|p1a: Sylveon|[spread] p1a,p1b
|-immune|p2b: Rotom|[from] ability: Levitate
|-supereffective|p1b: Incineroar|1
|-damage|p1a: Sylveon|25/100
|-damage|p1b: Incineroar|0 fnt
|faint|p1b: Incineroar
|-damage|p2a: Garchomp|90/100|[from] item: Life Orb
|cant|p1a: Sylveon|recharge
|
|upkeep
|
|t:|1785598431
|switch|p1b: Garchomp|Garchomp, L50, F|54/100
|turn|4
|
|t:|1785598452
|move|p1b: Garchomp|Protect|p1b: Garchomp
|-singleturn|p1b: Garchomp|Protect
|move|p1a: Sylveon|Quick Attack|p2a: Garchomp
|-supereffective|p2a: Garchomp|1
|-damage|p2a: Garchomp|63/100
|move|p2b: Rotom|Hydro Pump|p1b: Garchomp
|-activate|p1b: Garchomp|move: Protect
|move|p2a: Garchomp|Earthquake|p1a: Sylveon|[spread] p1a
|-activate|p1b: Garchomp|move: Protect
|-immune|p2b: Rotom|[from] ability: Levitate
|-damage|p1a: Sylveon|0 fnt
|faint|p1a: Sylveon
|-damage|p2a: Garchomp|53/100|[from] item: Life Orb
|
|upkeep
|
|t:|1785598464
|switch|p1a: Charizard|Charizard, L50, F|100/100
|turn|5
|
|t:|1785598478
|switch|p2a: Incineroar|Incineroar, L50, M|100/100
|-ability|p2a: Incineroar|Intimidate|boost
|-unboost|p1a: Charizard|atk|1
|-unboost|p1b: Garchomp|atk|1
|detailschange|p1a: Charizard|Charizard-Mega-Y, L50, F
|-mega|p1a: Charizard|Charizard|Charizardite Y
|-weather|SunnyDay|[from] ability: Drought|[of] p1a: Charizard
|move|p1a: Charizard|Protect|p1a: Charizard
|-singleturn|p1a: Charizard|Protect
|move|p2b: Rotom|Hydro Pump|p1b: Garchomp
|-damage|p1b: Garchomp|32/100
|move|p1b: Garchomp|Dragon Claw|p2a: Incineroar
|-damage|p2a: Incineroar|69/100
|-damage|p1b: Garchomp|22/100|[from] item: Life Orb
|
|-weather|SunnyDay|[upkeep]
|upkeep
|turn|6
|
|t:|1785598497
|move|p2b: Rotom|Hydro Pump|p1b: Garchomp
|-damage|p1b: Garchomp|1/100
|move|p1b: Garchomp|Stomping Tantrum|p2a: Incineroar
|-supereffective|p2a: Incineroar|1
|-damage|p2a: Incineroar|13/100
|-damage|p1b: Garchomp|0 fnt|[from] item: Life Orb
|faint|p1b: Garchomp
|move|p1a: Charizard|Solar Beam||[still]
|-prepare|p1a: Charizard|Solar Beam
|-anim|p1a: Charizard|Solar Beam|p2b: Rotom
|-supereffective|p2b: Rotom|1
|-damage|p2b: Rotom|0 fnt
|faint|p2b: Rotom
|move|p2a: Incineroar|Parting Shot|p1a: Charizard
|-unboost|p1a: Charizard|atk|1
|-unboost|p1a: Charizard|spa|1
|
|t:|1785598505
|switch|p2a: Garchomp|Garchomp, L50, F|53/100|[from] Parting Shot
|
|-weather|SunnyDay|[upkeep]
|upkeep
|
|t:|1785598506
|switch|p2b: Incineroar|Incineroar, L50, M|13/100
|-ability|p2b: Incineroar|Intimidate|boost
|-unboost|p1a: Charizard|atk|1
|turn|7
|
|t:|1785598509
|move|p1a: Charizard|Protect|p1a: Charizard
|-singleturn|p1a: Charizard|Protect
|move|p2b: Incineroar|Fake Out|p1a: Charizard
|-activate|p1a: Charizard|move: Protect
|move|p2a: Garchomp|Rock Slide|p1a: Charizard
|-activate|p1a: Charizard|move: Protect
|
|-weather|SunnyDay|[upkeep]
|upkeep
|turn|8
|
|t:|1785598514
|move|p2a: Garchomp|Rock Slide|p1a: Charizard
|-supereffective|p1a: Charizard|2
|-damage|p1a: Charizard|0 fnt
|faint|p1a: Charizard
|-damage|p2a: Garchomp|43/100|[from] item: Life Orb
|
|win|U242
||Sgabibbo345 is ready for game 2.
||U242 is ready for game 2.
|uhtml|next|Next: Game 2 of 3
|l|☆Sgabibbo345
|player|p1|
