|j|☆platanoso
|j|☆biffpipp
|html|platanosobiffpipp    
|uhtml|bestof|Game 3 of a best-of-3
|t:|1782334579
|gametype|doubles
|player|p1|platanoso|madame-gen4|1059
|player|p2|biffpipp|wallace|1000
|gen|9
|tier|[Gen 9 Champions] VGC 2026 Reg M-B (Bo3)
|rated|
|rule|Species Clause: Limit one of each Pokémon
|rule|Item Clause: Limit 1 of each item
|clearpoke
|poke|p1|Raichu, L50, F|
|poke|p1|Corviknight, L50, M|
|poke|p1|Sinistcha, L50|
|poke|p1|Ceruledge, L50, F|
|poke|p1|Milotic, L50, M|
|poke|p1|Incineroar, L50, M|
|poke|p2|Staraptor, L50, F|
|poke|p2|Garchomp, L50, F|
|poke|p2|Orthworm, L50, F|
|poke|p2|Talonflame, L50, M|
|poke|p2|Rotom-Wash, L50|
|poke|p2|Ninetales-Alola, L50, M|
|teampreview|4
|showteam|p1|Raichu||RaichuniteY|LightningRod|ZapCannon,FocusBlast,FakeOut,Protect|Timid||F|||50|]Corviknight||SharpBeak|MirrorArmor|Tailwind,Roost,IronHead,BraveBird|Careful||M|||50|]Sinistcha||KasibBerry|Hospitality|MatchaGotcha,LifeDew,RagePowder,Protect|Relaxed|||||50|]Ceruledge||ColburBerry|FlashFire|BitterBlade,ShadowSneak,BulkUp,Protect|Adamant||F|||50|]Milotic||Leftovers|Competitive|MuddyWater,Coil,Hypnosis,Protect|Calm||M|||50|]Incineroar||SitrusBerry|Intimidate|FlareBlitz,ThroatChop,FakeOut,PartingShot|Impish||M|||50|
|showteam|p2|Staraptor||Staraptite|Intimidate|BraveBird,CloseCombat,Uturn,Protect|Jolly||F|||50|]Garchomp||ChoiceScarf|SandVeil|DragonClaw,RockSlide,Earthquake,Bulldoze|Adamant||F|||50|]Orthworm||SitrusBerry|EarthEater|BodyPress,IronDefense,ShedTail,Protect|Careful||F|||50|]Talonflame||FocusSash|FlameBody|FlareBlitz,FeatherDance,Tailwind,Protect|Jolly||M|||50|]Rotom-Wash||Leftovers|Levitate|Thunderbolt,HydroPump,WillOWisp,Protect|Modest|||||50|]Ninetales-Alola||LightClay|SnowWarning|Blizzard,Moonblast,AuroraVeil,Protect|Timid||M|||50|
|
|t:|1782334607
|teamsize|p1|4
|teamsize|p2|4
|start
|switch|p1a: Sinistcha|Sinistcha, L50|100/100
|switch|p1b: Milotic|Milotic, L50, M|100/100
|switch|p2a: Orthworm|Orthworm, L50, F|100/100
|switch|p2b: Garchomp|Garchomp, L50, F|100/100
|turn|1
|inactive|Battle timer is ON: inactive players will automatically lose when time's up. (requested by platanoso)
|inactive|biffpipp has 60 seconds left.
|
|t:|1782334651
|switch|p2b: Rotom|Rotom-Wash, L50|100/100
|move|p1b: Milotic|Coil|p1b: Milotic
|-boost|p1b: Milotic|atk|1
|-boost|p1b: Milotic|def|1
|-boost|p1b: Milotic|accuracy|1
|move|p2a: Orthworm|Shed Tail|p2a: Orthworm
|-start|p2a: Orthworm|Substitute|[from] move: Shed Tail
|-damage|p2a: Orthworm|50/100y
|-enditem|p2a: Orthworm|Sitrus Berry|[eat]
|-heal|p2a: Orthworm|75/100|[from] item: Sitrus Berry
|
|t:|1782334659
|switch|p2a: Staraptor|Staraptor, L50, F|100/100|[from] Shed Tail
|-ability|p2a: Staraptor|Intimidate|boost
|-unboost|p1a: Sinistcha|atk|1
|-unboost|p1b: Milotic|atk|1
|-ability|p1b: Milotic|Competitive|boost
|-boost|p1b: Milotic|spa|2
|move|p1a: Sinistcha|Matcha Gotcha|p2a: Staraptor|[spread] p2a,p2b
|-resisted|p2a: Staraptor|1
|-activate|p2a: Staraptor|move: Substitute|[damage]
|-supereffective|p2b: Rotom|1
|-damage|p2b: Rotom|48/100
|
|-heal|p2b: Rotom|53/100|[from] item: Leftovers
|upkeep
|turn|2
|inactive|platanoso has 30 seconds left.
|inactive|platanoso has 20 seconds left.
|
|t:|1782334698
|detailschange|p2a: Staraptor|Staraptor-Mega, L50, F
|-mega|p2a: Staraptor|Staraptor|Staraptite
|move|p1a: Sinistcha|Protect|p1a: Sinistcha
|-singleturn|p1a: Sinistcha|Protect
|move|p2a: Staraptor|Brave Bird|p1a: Sinistcha
|-activate|p1a: Sinistcha|move: Protect
|move|p2b: Rotom|Thunderbolt|p1b: Milotic
|-supereffective|p1b: Milotic|1
|-damage|p1b: Milotic|45/100
|move|p1b: Milotic|Hypnosis|p2b: Rotom
|-status|p2b: Rotom|slp|[from] move: Hypnosis
|
|-heal|p2b: Rotom|59/100 slp|[from] item: Leftovers
|-heal|p1b: Milotic|51/100|[from] item: Leftovers
|upkeep
|turn|3
|
|t:|1782334718
|switch|p1a: Raichu|Raichu, L50, F|100/100
|move|p2a: Staraptor|Brave Bird|p1b: Milotic
|-damage|p1b: Milotic|12/100
|-damage|p2a: Staraptor|83/100|[from] Recoil
|cant|p2b: Rotom|slp
|move|p1b: Milotic|Muddy Water|p2b: Rotom|[spread] p2a,p2b
|-end|p2a: Staraptor|Substitute
|-resisted|p2b: Rotom|1
|-damage|p2b: Rotom|35/100 slp
|-unboost|p2b: Rotom|accuracy|1
|
|-heal|p2b: Rotom|41/100 slp|[from] item: Leftovers
|-heal|p1b: Milotic|18/100|[from] item: Leftovers
|upkeep
|turn|4
|inactive|biffpipp has 30 seconds left.
|
|t:|1782334743
|move|p1a: Raichu|Fake Out|p2a: Staraptor
|-damage|p2a: Staraptor|75/100
|cant|p2a: Staraptor|flinch
|cant|p2b: Rotom|slp
|move|p1b: Milotic|Muddy Water|p2a: Staraptor|[spread] p2a,p2b
|-resisted|p2b: Rotom|1
|-damage|p2a: Staraptor|23/100
|-damage|p2b: Rotom|15/100 slp
|
|-heal|p2b: Rotom|21/100 slp|[from] item: Leftovers
|-heal|p1b: Milotic|24/100|[from] item: Leftovers
|upkeep
|turn|5
|inactive|platanoso has 30 seconds left.
|
|t:|1782334775
|switch|p1a: Sinistcha|Sinistcha, L50|100/100
|-heal|p1b: Milotic|49/100|[from] ability: Hospitality|[of] p1a: Sinistcha
|move|p2a: Staraptor|Close Combat|p1b: Milotic
|-damage|p1b: Milotic|13/100
|-boost|p2a: Staraptor|def|1
|-boost|p2a: Staraptor|spd|1
|-curestatus|p2b: Rotom|slp|[msg]
|move|p2b: Rotom|Hydro Pump|p1a: Sinistcha
|-resisted|p1a: Sinistcha|1
|-damage|p1a: Sinistcha|75/100
|move|p1b: Milotic|Muddy Water|p2a: Staraptor|[spread] p2a,p2b
|-resisted|p2b: Rotom|1
|-damage|p2a: Staraptor|0 fnt
|-damage|p2b: Rotom|0 fnt
|faint|p2a: Staraptor
|faint|p2b: Rotom
|
|-heal|p1b: Milotic|19/100|[from] item: Leftovers
|upkeep
|
|t:|1782334782
|switch|p2a: Orthworm|Orthworm, L50, F|75/100
|switch|p2b: Garchomp|Garchomp, L50, F|100/100
|turn|6
|
|t:|1782334804
|move|p1b: Milotic|Protect|p1b: Milotic
|-singleturn|p1b: Milotic|Protect
|move|p2b: Garchomp|Rock Slide|p1b: Milotic|[spread] 
|-activate|p1b: Milotic|move: Protect
|-miss|p2b: Garchomp|p1a: Sinistcha
|move|p2a: Orthworm|Body Press|p1b: Milotic
|-activate|p1b: Milotic|move: Protect
|move|p1a: Sinistcha|Life Dew|p1a: Sinistcha|[spread] p1a,p1b
|-heal|p1a: Sinistcha|100/100
|-heal|p1b: Milotic|45/100
|
|-heal|p1b: Milotic|50/100g|[from] item: Leftovers
|upkeep
|turn|7
|
|t:|1782334821
|move|p2b: Garchomp|Rock Slide|p1b: Milotic|[spread] p1a,p1b
|-damage|p1a: Sinistcha|83/100
|-damage|p1b: Milotic|39/100
|move|p1b: Milotic|Coil|p1b: Milotic
|-boost|p1b: Milotic|atk|1
|-boost|p1b: Milotic|def|1
|-boost|p1b: Milotic|accuracy|1
|move|p2a: Orthworm|Body Press|p1b: Milotic
|-damage|p1b: Milotic|28/100
|move|p1a: Sinistcha|Life Dew|p1a: Sinistcha|[spread] p1a,p1b
|-heal|p1a: Sinistcha|100/100
|-heal|p1b: Milotic|53/100
|
|-heal|p1b: Milotic|59/100|[from] item: Leftovers
|upkeep
|turn|8
|-message|biffpipp forfeited.
|raw|platanoso's rating: 1059 → 1085(+26 for winning)
|raw|biffpipp's rating: 1000 → 1000(+0 for losing)
|
|win|platanoso
