|j|☆bennovgc
|j|☆Metallicmadness
|html|bennovgcMetallicmadness    
|uhtml|bestof|Game 2 of a best-of-3
|t:|1755677888
|gametype|doubles
|player|p1|bennovgc|shadowtriad|1284
|player|p2|Metallicmadness|byron|1448
|gen|9
|tier|[Gen 9] VGC 2025 Reg H (Bo3)
|rated|
|rule|Species Clause: Limit one of each Pokémon
|rule|Item Clause: Limit 1 of each item
|clearpoke
|poke|p1|Ursaluna, L50, M|
|poke|p1|Kilowattrel, L50, F|
|poke|p1|Gholdengo, L50|
|poke|p1|Incineroar, L50, M|
|poke|p1|Amoonguss, L50, F|
|poke|p1|Porygon2, L50|
|poke|p2|Whimsicott, L50, F|
|poke|p2|Typhlosion-Hisui, L50, M|
|poke|p2|Ursaluna-Bloodmoon, L50, M|
|poke|p2|Indeedee, L50, M|
|poke|p2|Sneasler, L50, M|
|poke|p2|Incineroar, L50, M|
|teampreview|4
|showteam|p1|Ursaluna||FlameOrb|Guts|Facade,HeadlongRush,Earthquake,Protect|||M|||50|,,,,,Fairy]Kilowattrel||FocusSash|Competitive|Thunderbolt,AirSlash,Tailwind,Protect|||F|||50|,,,,,Ghost]Gholdengo||LifeOrb|GoodasGold|MakeItRain,ShadowBall,NastyPlot,Protect||||||50|,,,,,Dragon]Incineroar||AssaultVest|Intimidate|KnockOff,FlareBlitz,Uturn,FakeOut|||M|||50|,,,,,Grass]Amoonguss||MentalHerb|Regenerator|Spore,RagePowder,ClearSmog,Protect|||F|||50|,,,,,Fairy]Porygon2||Eviolite|Download|TeraBlast,IceBeam,Recover,TrickRoom||||||50|,,,,,Fighting
|showteam|p2|Whimsicott||CovertCloak|Prankster|Moonblast,SunnyDay,Encore,Tailwind|||F|||50|,,,,,Poison]Typhlosion-Hisui||ChoiceSpecs|Blaze|Eruption,HeatWave,Overheat,ShadowBall|||M|||50|,,,,,Fire]Ursaluna-Bloodmoon||LifeOrb|MindsEye|HyperVoice,BloodMoon,EarthPower,Protect|||M|||50|,,,,,Normal]Indeedee||ChoiceScarf|PsychicSurge|ExpandingForce,Trick,PsychicNoise,HealingWish|||M|||50|,,,,,Psychic]Sneasler||PsychicSeed|Unburden|DireClaw,CloseCombat,ThroatChop,Protect|||M|||50|,,,,,Stellar]Incineroar||SafetyGoggles|Intimidate|FakeOut,PartingShot,WillOWisp,KnockOff|||M|||50|,,,,,Ghost
|inactive|Battle timer is ON: inactive players will automatically lose when time's up. (requested by Metallicmadness)
|inactive|Metallicmadness has 60 seconds left.
|
|t:|1755677919
|teamsize|p1|4
|teamsize|p2|4
|start
|switch|p1a: 뽀록나|Amoonguss, L50, F, shiny|100/100
|switch|p1b: Nokia Brick|Porygon2, L50, shiny|100/100
|switch|p2a: Indeedee|Indeedee, L50, M|100/100
|switch|p2b: Ursaluna|Ursaluna-Bloodmoon, L50, M|100/100
|-fieldstart|move: Psychic Terrain|[from] ability: Psychic Surge|[of] p2a: Indeedee
|-ability|p1b: Nokia Brick|Download|boost
|-boost|p1b: Nokia Brick|spa|1
|turn|1
|
|t:|1755677939
|-terastallize|p2b: Ursaluna|Normal
|move|p1a: 뽀록나|Rage Powder|p1a: 뽀록나
|-singleturn|p1a: 뽀록나|move: Rage Powder
|move|p2a: Indeedee|Expanding Force|p1a: 뽀록나|[spread] p1a,p1b
|-supereffective|p1a: 뽀록나
|-damage|p1a: 뽀록나|3/100
|-damage|p1b: Nokia Brick|73/100
|move|p2b: Ursaluna|Blood Moon|p1a: 뽀록나
|-damage|p1a: 뽀록나|0 fnt
|faint|p1a: 뽀록나
|-damage|p2b: Ursaluna|91/100|[from] item: Life Orb
|move|p1b: Nokia Brick|Trick Room|p1b: Nokia Brick
|-fieldstart|move: Trick Room|[of] p1b: Nokia Brick
|
|upkeep
|
|t:|1755677953
|switch|p1a: Dinko|Ursaluna, L50, M|100/100
|turn|2
|
|t:|1755677974
|switch|p1b: Pumpy the Grumpy|Incineroar, L50, M, shiny|100/100
|-ability|p1b: Pumpy the Grumpy|Intimidate|boost
|-unboost|p2a: Indeedee|atk|1
|-unboost|p2b: Ursaluna|atk|1
|switch|p2b: Incineroar|Incineroar, L50, M|100/100
|-ability|p2b: Incineroar|Intimidate|boost
|-unboost|p1a: Dinko|atk|1
|-unboost|p1b: Pumpy the Grumpy|atk|1
|move|p1a: Dinko|Protect|p1a: Dinko
|-singleturn|p1a: Dinko|Protect
|move|p2a: Indeedee|Expanding Force|p1b: Pumpy the Grumpy|[spread] 
|-activate|p1a: Dinko|move: Protect
|-immune|p1b: Pumpy the Grumpy
|
|-status|p1a: Dinko|brn|[from] item: Flame Orb
|upkeep
|turn|3
|
|t:|1755677993
|-terastallize|p1a: Dinko|Fairy
|move|p2b: Incineroar|Parting Shot|p1a: Dinko
|-unboost|p1a: Dinko|atk|1
|-unboost|p1a: Dinko|spa|1
|
|t:|1755678002
|switch|p2b: Ursaluna|Ursaluna-Bloodmoon, L50, M, tera:Normal|91/100|[from] Parting Shot
|move|p1a: Dinko|Facade|p2a: Indeedee
|-damage|p2a: Indeedee|0 fnt
|faint|p2a: Indeedee
|move|p1b: Pumpy the Grumpy|U-turn|p2b: Ursaluna
|-damage|p2b: Ursaluna|80/100
|
|t:|1755678012
|switch|p1b: Nokia Brick|Porygon2, L50, shiny|73/100|[from] U-turn
|-ability|p1b: Nokia Brick|Download|boost
|-boost|p1b: Nokia Brick|spa|1
|
|-damage|p1a: Dinko|94/100 brn|[from] brn
|upkeep
|
|t:|1755678016
|switch|p2a: Incineroar|Incineroar, L50, M|100/100
|-ability|p2a: Incineroar|Intimidate|boost
|-unboost|p1a: Dinko|atk|1
|-unboost|p1b: Nokia Brick|atk|1
|turn|4
|
|t:|1755678028
|move|p1b: Nokia Brick|Tera Blast|p2b: Ursaluna
|-damage|p2b: Ursaluna|29/100
|move|p2a: Incineroar|Knock Off|p1b: Nokia Brick
|-damage|p1b: Nokia Brick|51/100
|-enditem|p1b: Nokia Brick|Eviolite|[from] move: Knock Off|[of] p2a: Incineroar
|move|p1a: Dinko|Facade|p2b: Ursaluna
|-damage|p2b: Ursaluna|0 fnt
|faint|p2b: Ursaluna
|
|-damage|p1a: Dinko|88/100 brn|[from] brn
|upkeep
|
|t:|1755678038
|switch|p2b: Typhlosion|Typhlosion-Hisui, L50, M|100/100
|turn|5
|
|t:|1755678052
|move|p2a: Incineroar|Parting Shot|p1b: Nokia Brick
|-unboost|p1b: Nokia Brick|atk|1
|-unboost|p1b: Nokia Brick|spa|1
|move|p1b: Nokia Brick|Ice Beam|p2b: Typhlosion
|-resisted|p2b: Typhlosion
|-damage|p2b: Typhlosion|85/100
|move|p1a: Dinko|Headlong Rush|p2b: Typhlosion
|-supereffective|p2b: Typhlosion
|-damage|p2b: Typhlosion|0 fnt
|-unboost|p1a: Dinko|def|1
|-unboost|p1a: Dinko|spd|1
|faint|p2b: Typhlosion
|
|-damage|p1a: Dinko|82/100 brn|[from] brn
|-fieldend|move: Trick Room
|-fieldend|move: Psychic Terrain
|upkeep
|turn|6
|-message|Metallicmadness forfeited.
|raw|bennovgc's rating: 1284 → 1320(+36 for winning)
|raw|Metallicmadness's rating: 1448 → 1419(-29 for losing)
|
|win|bennovgc
|l|☆Metallicmadness
|player|p2|
