|j|☆Notaplaceofhonor
|j|☆rdxcrrnz
|html|Notaplaceofhonorrdxcrrnz    
|uhtml|bestof|Game 3 of a best-of-3
|t:|1756873202
|gametype|doubles
|player|p1|Notaplaceofhonor|juan-gen3|1167
|player|p2|rdxcrrnz|bugcatcher-gen4dp|1140
|gen|9
|tier|[Gen 9] VGC 2025 Reg H (Bo3)
|rated|
|rule|Species Clause: Limit one of each Pokémon
|rule|Item Clause: Limit 1 of each item
|clearpoke
|poke|p1|Ursaluna, L50, F|
|poke|p1|Incineroar, L50, M|
|poke|p1|Archaludon, L50, M|
|poke|p1|Pelipper, L50, M|
|poke|p1|Basculegion, L50, M|
|poke|p1|Sinistcha, L50|
|poke|p2|Weezing, L50, M|
|poke|p2|Annihilape, L50, M|
|poke|p2|Incineroar, L50, M|
|poke|p2|Maushold-Four, L50|
|poke|p2|Archaludon, L50, F|
|poke|p2|Pelipper, L50, F|
|teampreview|4
|showteam|p1|Ursaluna||FlameOrb|Guts|Protect,Facade,Earthquake,HeadlongRush|||F|||50|,,,,,Ghost]Incineroar||SafetyGoggles|Intimidate|Taunt,FakeOut,KnockOff,PartingShot|||M|||50|,,,,,Ghost]Archaludon||AssaultVest|Stamina|ElectroShot,Snarl,DracoMeteor,BodyPress|||M|||50|,,,,,Grass]Pelipper||FocusSash|Drizzle|Hurricane,WeatherBall,Tailwind,Protect|||M|||50|,,,,,Ghost]Basculegion||ChoiceScarf|Adaptability|WaveCrash,LastRespects,FlipTurn,IcyWind|||M|||50|,,,,,Water]Sinistcha||SitrusBerry|Hospitality|MatchaGotcha,LifeDew,RagePowder,TrickRoom||||||50|,,,,,Water
|showteam|p2|Weezing||SitrusBerry|NeutralizingGas|ClearSmog,WillOWisp,Taunt,Protect|||M|||50|,,,,,Ghost]Annihilape||Leftovers|Defiant|DrainPunch,RageFist,BulkUp,Protect|||M|||50|,,,,,Fire]Incineroar||AbilityShield|Intimidate|FakeOut,KnockOff,Snarl,PartingShot|||M|||50|,,,,,Flying]Maushold-Four||WideLens|Technician|FollowMe,PopulationBomb,BeatUp,Protect||||||50|,,,,,Ghost]Archaludon||AssaultVest|Stamina|ElectroShot,FlashCannon,BodyPress,DragonPulse|||F|||50|,,,,,Grass]Pelipper||FocusSash|Drizzle|Hurricane,WeatherBall,Tailwind,Protect|||F|||50|,,,,,Stellar
|
|t:|1756873236
|teamsize|p1|4
|teamsize|p2|4
|start
|switch|p1a: Pelipper|Pelipper, L50, M|100/100
|switch|p1b: Basculegion|Basculegion, L50, M|100/100
|switch|p2a: Weezing|Weezing, L50, M, shiny|100/100
|switch|p2b: Annihilape|Annihilape, L50, M|100/100
|-ability|p2a: Weezing|Neutralizing Gas
|turn|1
|
|t:|1756873259
|switch|p2b: Incineroar|Incineroar, L50, M|100/100
|-ability|p2b: Incineroar|Intimidate|boost
|-unboost|p1a: Pelipper|atk|1
|-unboost|p1b: Basculegion|atk|1
|move|p1b: Basculegion|Wave Crash|p2a: Weezing
|-damage|p2a: Weezing|61/100
|-damage|p1b: Basculegion|89/100|[from] Recoil
|move|p1a: Pelipper|Hurricane|p2a: Weezing
|-damage|p2a: Weezing|9/100
|-enditem|p2a: Weezing|Sitrus Berry|[eat]
|-heal|p2a: Weezing|34/100|[from] item: Sitrus Berry
|move|p2a: Weezing|Will-O-Wisp|p1b: Basculegion
|-status|p1b: Basculegion|brn
|
|-damage|p1b: Basculegion|83/100 brn|[from] brn
|upkeep
|turn|2
|
|t:|1756873286
|switch|p1b: Incineroar|Incineroar, L50, M|100/100
|-terastallize|p2b: Incineroar|Flying
|move|p1a: Pelipper|Protect|p1a: Pelipper
|-singleturn|p1a: Pelipper|Protect
|move|p2a: Weezing|Protect|p2a: Weezing
|-singleturn|p2a: Weezing|Protect
|move|p2b: Incineroar|Knock Off|p1a: Pelipper
|-activate|p1a: Pelipper|move: Protect
|
|upkeep
|turn|3
|
|t:|1756873308
|move|p1a: Pelipper|Hurricane|p2a: Weezing
|-crit|p2a: Weezing
|-damage|p2a: Weezing|0 fnt
|faint|p2a: Weezing
|-end|p2a: Weezing|ability: Neutralizing Gas
|-weather|RainDance|[from] ability: Drizzle|[of] p1a: Pelipper
|-ability|p1b: Incineroar|Intimidate|boost
|-unboost|p2b: Incineroar|atk|1
|move|p2b: Incineroar|Knock Off|p1a: Pelipper
|-damage|p1a: Pelipper|63/100
|-enditem|p1a: Pelipper|Focus Sash|[from] move: Knock Off|[of] p2b: Incineroar
|move|p1b: Incineroar|Parting Shot|p2b: Incineroar
|-unboost|p2b: Incineroar|atk|1
|-unboost|p2b: Incineroar|spa|1
|
|t:|1756873324
|switch|p1b: Basculegion|Basculegion, L50, M|83/100 brn|[from] Parting Shot
|
|-weather|RainDance|[upkeep]
|-damage|p1b: Basculegion|77/100 brn|[from] brn
|upkeep
|
|t:|1756873337
|switch|p2a: Annihilape|Annihilape, L50, M|100/100
|turn|4
|
|t:|1756873356
|move|p1b: Basculegion|Wave Crash|p2a: Annihilape
|-damage|p2a: Annihilape|40/100
|-damage|p1b: Basculegion|56/100 brn|[from] Recoil
|move|p2a: Annihilape|Rage Fist|p1b: Basculegion
|-supereffective|p1b: Basculegion
|-damage|p1b: Basculegion|0 fnt
|faint|p1b: Basculegion
|move|p1a: Pelipper|Hurricane|p2a: Annihilape
|-supereffective|p2a: Annihilape
|-damage|p2a: Annihilape|0 fnt
|faint|p2a: Annihilape
|move|p2b: Incineroar|Snarl|p1a: Pelipper
|-damage|p1a: Pelipper|47/100
|-unboost|p1a: Pelipper|spa|1
|
|-weather|RainDance|[upkeep]
|upkeep
|
|t:|1756873374
|switch|p2a: Maushold|Maushold-Four, L50, shiny|100/100
|switch|p1b: Archaludon|Archaludon, L50, M|100/100
|turn|5
|
|t:|1756873389
|move|p2a: Maushold|Population Bomb|p1a: Pelipper
|-damage|p1a: Pelipper|33/100
|-damage|p1a: Pelipper|17/100
|-damage|p1a: Pelipper|4/100
|-crit|p1a: Pelipper
|-damage|p1a: Pelipper|0 fnt
|faint|p1a: Pelipper
|-hitcount|p1: Pelipper|4
|move|p2b: Incineroar|Parting Shot|p1b: Archaludon
|-unboost|p1b: Archaludon|atk|1
|-unboost|p1b: Archaludon|spa|1
|move|p1b: Archaludon|Electro Shot||[still]
|-prepare|p1b: Archaludon|Electro Shot
|-boost|p1b: Archaludon|spa|1
|-anim|p1b: Archaludon|Electro Shot|p2b: Incineroar
|-supereffective|p2b: Incineroar
|-damage|p2b: Incineroar|14/100
|
|-weather|RainDance|[upkeep]
|upkeep
|
|t:|1756873394
|switch|p1a: Incineroar|Incineroar, L50, M|100/100
|-ability|p1a: Incineroar|Intimidate|boost
|-unboost|p2a: Maushold|atk|1
|-unboost|p2b: Incineroar|atk|1
|turn|6
|-message|rdxcrrnz forfeited.
|
|win|Notaplaceofhonor
|raw|Notaplaceofhonor's rating: 1167 → 1190(+23 for winning)
|raw|rdxcrrnz's rating: 1140 → 1117(-23 for losing)
