|j|☆notoriousczr
|j|☆MeteorPlayz_
|html|notoriousczrMeteorPlayz_    
|uhtml|bestof|Game 1 of a best-of-3
|t:|1785339595
|gametype|doubles
|player|p1|notoriousczr|clown|1071
|player|p2|MeteorPlayz_|cynthia-masters4|1000
|gen|9
|tier|[Gen 9 Champions] VGC 2026 Reg M-B (Bo3)
|rated|
|rule|Species Clause: Limit one of each Pokémon
|rule|Item Clause: Limit 1 of each item
|clearpoke
|poke|p1|Drampa, L50, F|
|poke|p1|Diggersby, L50, F|
|poke|p1|Zoroark-Hisui, L50, F|
|poke|p1|Kangaskhan, L50, F|
|poke|p1|Lopunny, L50, M|
|poke|p1|Farigiraf, L50, M|
|poke|p2|Venusaur, L50, F|
|poke|p2|Charizard, L50, M|
|poke|p2|Farigiraf, L50, M|
|poke|p2|Incineroar, L50, F|
|poke|p2|Garchomp, L50, M|
|poke|p2|Sylveon, L50, F|
|teampreview|4
|showteam|p1|Drampa||SitrusBerry|Berserk|DragonPulse,HyperVoice,HeatWave,Protect|Modest||F|||50|]Diggersby||SilkScarf|HugePower|BodySlam,HighHorsepower,QuickAttack,Protect|Brave||F|||50|]Zoroark-Hisui||LifeOrb|Illusion|BitterMalice,Snarl,HyperVoice,Protect|Timid||F|||50|]Kangaskhan||Kangaskhanite|Scrappy|FakeOut,HammerArm,DoubleEdge,SuckerPunch|Adamant||F|||50|]Lopunny||Lopunnite|Limber|FakeOut,CloseCombat,TripleAxel,Protect|Jolly||M|||50|]Farigiraf||ColburBerry|ArmorTail|TrickRoom,Protect,Reflect,Psychic|Quiet||M|||50|
|showteam|p2|Venusaur||FocusSash|Chlorophyll|GigaDrain,SludgeBomb,Protect,EarthPower|Modest||F|||50|]Charizard||CharizarditeY|Blaze|HeatWave,WeatherBall,Protect,SolarBeam|Modest||M|||50|]Farigiraf||ColburBerry|ArmorTail|TrickRoom,HelpingHand,Thunderbolt,Psychic|Quiet||M|||50|]Incineroar||SitrusBerry|Intimidate|PartingShot,FakeOut,FlareBlitz,ThroatChop|Careful||F|||50|]Garchomp||LifeOrb|RoughSkin|Earthquake,Protect,DragonClaw,RockSlide|Adamant||M|||50|]Sylveon||FairyFeather|Pixilate|HyperBeam,HyperVoice,QuickAttack,Detect|Modest||F|||50|
|inactive|Battle timer is ON: inactive players will automatically lose when time's up. (requested by MeteorPlayz_)
|
|t:|1785339616
|teamsize|p1|4
|teamsize|p2|4
|start
|switch|p1a: MonoPsychic|Farigiraf, L50, M|100/100
|switch|p1b: MonoNormal(genius)|Kangaskhan, L50, F|100/100
|switch|p2a: Incineroar|Incineroar, L50, F|100/100
|switch|p2b: Farigiraf|Farigiraf, L50, M|100/100
|-ability|p2a: Incineroar|Intimidate|boost
|-unboost|p1a: MonoPsychic|atk|1
|-fail|p1b: MonoNormal(genius)|unboost|Attack|[from] ability: Scrappy|[of] p1b: MonoNormal(genius)
|turn|1
|
|t:|1785339636
|switch|p2a: Garchomp|Garchomp, L50, M|100/100
|detailschange|p1b: MonoNormal(genius)|Kangaskhan-Mega, L50, F
|-mega|p1b: MonoNormal(genius)|Kangaskhan|Kangaskhanite
|move|p1b: MonoNormal(genius)|Hammer Arm|p2a: Garchomp
|-damage|p2a: Garchomp|61/100
|-unboost|p1b: MonoNormal(genius)|spe|1
|-damage|p1b: MonoNormal(genius)|87/100|[from] ability: Rough Skin|[of] p2a: Garchomp
|-damage|p2a: Garchomp|52/100
|-unboost|p1b: MonoNormal(genius)|spe|1
|-damage|p1b: MonoNormal(genius)|75/100|[from] ability: Rough Skin|[of] p2a: Garchomp
|-hitcount|p2a: Garchomp|2
|move|p1a: MonoPsychic|Reflect|p1a: MonoPsychic
|-sidestart|p1: notoriousczr|Reflect
|move|p2b: Farigiraf|Psychic|p1b: MonoNormal(genius)
|-damage|p1b: MonoNormal(genius)|38/100
|
|upkeep
|turn|2
|inactive|notoriousczr has 30 seconds left.
|
|t:|1785339661
|switch|p1b: MonoDragon|Drampa, L50, F|100/100
|move|p2b: Farigiraf|Helping Hand|p2a: Garchomp
|-singleturn|p2a: Garchomp|Helping Hand|[of] p2b: Farigiraf
|move|p2a: Garchomp|Rock Slide|p1a: MonoPsychic|[spread] p1b
|-miss|p2a: Garchomp|p1a: MonoPsychic
|-damage|p1b: MonoDragon|70/100
|-damage|p2a: Garchomp|42/100|[from] item: Life Orb
|move|p1a: MonoPsychic|Psychic|p2a: Garchomp
|-damage|p2a: Garchomp|0 fnt
|faint|p2a: Garchomp
|
|upkeep
|
|t:|1785339673
|switch|p2a: Incineroar|Incineroar, L50, F|100/100
|-ability|p2a: Incineroar|Intimidate|boost
|-unboost|p1a: MonoPsychic|atk|1
|-unboost|p1b: MonoDragon|atk|1
|turn|3
|
|t:|1785339690
|move|p2a: Incineroar|Throat Chop|p1a: MonoPsychic
|-supereffective|p1a: MonoPsychic|1
|-enditem|p1a: MonoPsychic|Colbur Berry|[eat]
|-enditem|p1a: MonoPsychic|Colbur Berry|[weaken]
|-damage|p1a: MonoPsychic|83/100
|-start|p1a: MonoPsychic|Throat Chop|[silent]
|move|p2b: Farigiraf|Psychic|p1b: MonoDragon
|-damage|p1b: MonoDragon|23/100
|-ability|p1b: MonoDragon|Berserk|boost
|-boost|p1b: MonoDragon|spa|1
|-enditem|p1b: MonoDragon|Sitrus Berry|[eat]
|-heal|p1b: MonoDragon|48/100|[from] item: Sitrus Berry
|move|p1a: MonoPsychic|Psychic|p2b: Farigiraf
|-resisted|p2b: Farigiraf|1
|-damage|p2b: Farigiraf|80/100
|move|p1b: MonoDragon|Dragon Pulse|p2a: Incineroar
|-damage|p2a: Incineroar|49/100
|-enditem|p2a: Incineroar|Sitrus Berry|[eat]
|-heal|p2a: Incineroar|74/100|[from] item: Sitrus Berry
|
|upkeep
|turn|4
|
|t:|1785339709
|move|p1b: MonoDragon|Protect|p1b: MonoDragon
|-singleturn|p1b: MonoDragon|Protect
|move|p2a: Incineroar|Throat Chop|p1a: MonoPsychic
|-supereffective|p1a: MonoPsychic|1
|-damage|p1a: MonoPsychic|49/100
|move|p2b: Farigiraf|Psychic|p1b: MonoDragon
|-activate|p1b: MonoDragon|move: Protect
|move|p1a: MonoPsychic|Trick Room|p1a: MonoPsychic
|-fieldstart|move: Trick Room|[of] p1a: MonoPsychic
|
|-end|p1a: MonoPsychic|Throat Chop|[silent]
|upkeep
|turn|5
|
|t:|1785339722
|move|p1b: MonoDragon|Hyper Voice|p2b: Farigiraf|[spread] p2a,p2b
|-damage|p2a: Incineroar|32/100
|-damage|p2b: Farigiraf|13/100
|move|p2b: Farigiraf|Psychic|p1b: MonoDragon
|-damage|p1b: MonoDragon|0 fnt
|faint|p1b: MonoDragon
|move|p1a: MonoPsychic|Psychic|p2b: Farigiraf
|-resisted|p2b: Farigiraf|1
|-crit|p2b: Farigiraf
|-damage|p2b: Farigiraf|0 fnt
|faint|p2b: Farigiraf
|move|p2a: Incineroar|Throat Chop|p1a: MonoPsychic
|-supereffective|p1a: MonoPsychic|1
|-damage|p1a: MonoPsychic|17/100
|-start|p1a: MonoPsychic|Throat Chop|[silent]
|
|-sideend|p1: notoriousczr|Reflect
|upkeep
|
|t:|1785339734
|switch|p1b: MonoGround|Diggersby, L50, F|100/100
|switch|p2b: Sylveon|Sylveon, L50, F|100/100
|turn|6
|
|t:|1785339757
|move|p1b: MonoGround|Quick Attack|p2a: Incineroar
|-damage|p2a: Incineroar|0 fnt
|faint|p2a: Incineroar
|move|p1a: MonoPsychic|Psychic|p2b: Sylveon
|-damage|p2b: Sylveon|68/100
|move|p2b: Sylveon|Hyper Voice|p1a: MonoPsychic|[spread] p1a,p1b
|-damage|p1a: MonoPsychic|0 fnt
|-damage|p1b: MonoGround|48/100
|faint|p1a: MonoPsychic
|
|upkeep
|
|t:|1785339765
|switch|p1a: MonoNormal(genius)|Kangaskhan-Mega, L50, F|38/100
|turn|7
|
|t:|1785339771
|move|p2b: Sylveon|Detect|p2b: Sylveon
|-singleturn|p2b: Sylveon|Protect
|move|p1a: MonoNormal(genius)|Fake Out|p2b: Sylveon
|-activate|p2b: Sylveon|move: Protect
|move|p1b: MonoGround|Quick Attack|p2b: Sylveon
|-activate|p2b: Sylveon|move: Protect
|
|upkeep
|turn|8
|
|t:|1785339778
|move|p1b: MonoGround|Protect|p1b: MonoGround
|-singleturn|p1b: MonoGround|Protect
|move|p1a: MonoNormal(genius)|Sucker Punch|p2b: Sylveon
|-resisted|p2b: Sylveon|1
|-damage|p2b: Sylveon|52/100
|-resisted|p2b: Sylveon|1
|-crit|p2b: Sylveon
|-damage|p2b: Sylveon|46/100
|-hitcount|p2b: Sylveon|2
|move|p2b: Sylveon|Hyper Voice|p1a: MonoNormal(genius)|[spread] p1a
|-activate|p1b: MonoGround|move: Protect
|-damage|p1a: MonoNormal(genius)|0 fnt
|faint|p1a: MonoNormal(genius)
|
|-fieldend|move: Trick Room
|upkeep
|turn|9
|
|t:|1785339798
|move|p1b: MonoGround|Body Slam|p2b: Sylveon
|-damage|p2b: Sylveon|0 fnt
|faint|p2b: Sylveon
|
|win|notoriousczr
