|j|☆terosath
|j|☆seafan13
|html|terosathseafan13    
|uhtml|bestof|Game 3 of a best-of-3
|t:|1785111343
|gametype|doubles
|player|p1|terosath|n|
|player|p2|seafan13|n|
|gen|9
|tier|[Gen 9 Champions] VGC 2026 Reg M-B (Bo3)
|rule|Species Clause: Limit one of each Pokémon
|rule|Item Clause: Limit 1 of each item
|clearpoke
|poke|p1|Drampa, L50, M|
|poke|p1|Crabominable, L50, F|
|poke|p1|Sinistcha-Masterpiece, L50|
|poke|p1|Politoed, L50, M|
|poke|p1|Farigiraf, L50, F|
|poke|p1|Garganacl, L50, F|
|poke|p2|Milotic, L50, F, shiny|
|poke|p2|Umbreon, L50, M, shiny|
|poke|p2|Venusaur, L50, F, shiny|
|poke|p2|Goodra-Hisui, L50, F, shiny|
|poke|p2|Talonflame, L50, F, shiny|
|poke|p2|Mudsdale, L50, F, shiny|
|teampreview|4
|showteam|p1|Drampa||Drampanite|Berserk|Protect,EarthPower,CalmMind,HyperVoice|Quiet||M|||50|]Crabominable||Crabominite|HyperCutter|DrainPunch,Protect,IceHammer,ThunderPunch|Brave||F|||50|]Sinistcha-Masterpiece||SitrusBerry|Hospitality|TrickRoom,MatchaGotcha,LifeDew,RagePowder|Modest|||||50|]Politoed||MysticWater|Drizzle|MuddyWater,Protect,Encore,HelpingHand|Calm||M|||50|]Farigiraf||MentalHerb|ArmorTail|TrickRoom,PsychicNoise,LightScreen,Reflect|Sassy||F|||50|]Garganacl||Leftovers|PurifyingSalt|WideGuard,RockSlide,Protect,BodyPress|Relaxed||F|||50|
|showteam|p2|Milotic||RindoBerry|Competitive|Recover,IceBeam,Scald,Protect|Bold||F|||50|]Umbreon||Leftovers|Synchronize|Protect,Moonlight,FoulPlay,Toxic|Calm||M|||50|]Venusaur||Venusaurite|Chlorophyll|GigaDrain,SludgeBomb,Protect,Synthesis|Modest||F|||50|]Goodra-Hisui||ShellBell|SapSipper|Protect,DracoMeteor,DragonPulse,FlashCannon|Modest||F|||50|]Talonflame||LifeOrb|GaleWings|Protect,Roost,FlareBlitz,BraveBird|Jolly||F|||50|]Mudsdale||MuscleBand|Stamina|Protect,HighHorsepower,BodyPress,RockSlide|Impish||F|||50|
|j| geminiduality2
|j| Bingus Von Bongus
|j| Jaybird112233
|
|t:|1785111378
|teamsize|p1|4
|teamsize|p2|4
|start
|switch|p1a: RacecaR|Farigiraf, L50, F|100/100
|switch|p1b: Put up yer dukes|Crabominable, L50, F|100/100
|switch|p2a: Talonflame|Talonflame, L50, F, shiny|100/100
|switch|p2b: Umbreon|Umbreon, L50, M, shiny|100/100
|turn|1
|
|t:|1785111430
|switch|p1a: He sparks joy :)|Politoed, L50, M|100/100
|-weather|RainDance|[from] ability: Drizzle|[of] p1a: He sparks joy :)
|detailschange|p1b: Put up yer dukes|Crabominable-Mega, L50, F
|-mega|p1b: Put up yer dukes|Crabominable|Crabominite
|move|p2a: Talonflame|Flare Blitz|p1b: Put up yer dukes
|-supereffective|p1b: Put up yer dukes|1
|-damage|p1b: Put up yer dukes|56/100
|-damage|p2a: Talonflame|81/100|[from] Recoil
|-damage|p2a: Talonflame|71/100|[from] item: Life Orb
|move|p2b: Umbreon|Foul Play|p1a: He sparks joy :)
|-damage|p1a: He sparks joy :)|71/100
|move|p1b: Put up yer dukes|Thunder Punch|p2a: Talonflame
|-supereffective|p2a: Talonflame|1
|-damage|p2a: Talonflame|0 fnt
|faint|p2a: Talonflame
|
|-weather|RainDance|[upkeep]
|upkeep
|
|t:|1785111447
|switch|p2a: Goodra|Goodra-Hisui, L50, F, shiny|100/100
|turn|2
|
|t:|1785111457
|switch|p1a: Double Gulp|Sinistcha-Masterpiece, L50|100/100
|-heal|p1b: Put up yer dukes|81/100|[from] ability: Hospitality|[of] p1a: Double Gulp
|move|p1b: Put up yer dukes|Protect|p1b: Put up yer dukes
|-singleturn|p1b: Put up yer dukes|Protect
|move|p2b: Umbreon|Foul Play|p1b: Put up yer dukes
|-activate|p1b: Put up yer dukes|move: Protect
|move|p2a: Goodra|Flash Cannon|p1b: Put up yer dukes
|-activate|p1b: Put up yer dukes|move: Protect
|
|-weather|RainDance|[upkeep]
|upkeep
|turn|3
|
|t:|1785111477
|move|p1a: Double Gulp|Rage Powder|p1a: Double Gulp
|-singleturn|p1a: Double Gulp|move: Rage Powder
|move|p2b: Umbreon|Toxic|p1a: Double Gulp
|-status|p1a: Double Gulp|tox
|move|p2a: Goodra|Flash Cannon|p1a: Double Gulp
|-damage|p1a: Double Gulp|60/100 tox
|move|p1b: Put up yer dukes|Drain Punch|p2a: Goodra
|-supereffective|p2a: Goodra|1
|-damage|p2a: Goodra|0 fnt
|-heal|p1b: Put up yer dukes|100/100|[from] drain|[of] p2a: Goodra
|faint|p2a: Goodra
|
|-weather|RainDance|[upkeep]
|-damage|p1a: Double Gulp|54/100 tox|[from] psn
|upkeep
|
|t:|1785111488
|switch|p2a: Milotic|Milotic, L50, F, shiny|100/100
|turn|4
|
|t:|1785111500
|move|p1a: Double Gulp|Rage Powder|p1a: Double Gulp
|-singleturn|p1a: Double Gulp|move: Rage Powder
|move|p2a: Milotic|Ice Beam|p1a: Double Gulp
|-supereffective|p1a: Double Gulp|1
|-damage|p1a: Double Gulp|8/100 tox
|-enditem|p1a: Double Gulp|Sitrus Berry|[eat]
|-heal|p1a: Double Gulp|33/100 tox|[from] item: Sitrus Berry
|move|p2b: Umbreon|Toxic|p1a: Double Gulp
|-fail|p1a: Double Gulp|tox
|move|p1b: Put up yer dukes|Thunder Punch|p2a: Milotic
|-supereffective|p2a: Milotic|1
|-damage|p2a: Milotic|40/100
|
|-weather|RainDance|[upkeep]
|-damage|p1a: Double Gulp|20/100y tox|[from] psn
|upkeep
|turn|5
|
|t:|1785111518
|move|p2a: Milotic|Protect|p2a: Milotic
|-singleturn|p2a: Milotic|Protect
|move|p1a: Double Gulp|Matcha Gotcha|p2b: Umbreon|[spread] p2b
|-activate|p2a: Milotic|move: Protect
|-damage|p2b: Umbreon|85/100
|-heal|p1a: Double Gulp|29/100 tox|[from] drain|[of] p2b: Umbreon
|move|p2b: Umbreon|Foul Play|p1a: Double Gulp
|-supereffective|p1a: Double Gulp|1
|-damage|p1a: Double Gulp|0 fnt
|faint|p1a: Double Gulp
|move|p1b: Put up yer dukes|Thunder Punch|p2a: Milotic
|-activate|p2a: Milotic|move: Protect
|
|-weather|none
|-heal|p2b: Umbreon|91/100|[from] item: Leftovers
|upkeep
|
|t:|1785111537
|switch|p1a: RacecaR|Farigiraf, L50, F|100/100
|turn|6
|
|t:|1785111545
|move|p1b: Put up yer dukes|Protect|p1b: Put up yer dukes
|-singleturn|p1b: Put up yer dukes|Protect
|move|p2a: Milotic|Scald|p1b: Put up yer dukes
|-activate|p1b: Put up yer dukes|move: Protect
|move|p2b: Umbreon|Foul Play|p1b: Put up yer dukes
|-activate|p1b: Put up yer dukes|move: Protect
|move|p1a: RacecaR|Trick Room|p1a: RacecaR
|-fieldstart|move: Trick Room|[of] p1a: RacecaR
|
|-heal|p2b: Umbreon|97/100|[from] item: Leftovers
|upkeep
|turn|7
|
|t:|1785111562
|move|p2b: Umbreon|Protect|p2b: Umbreon
|-singleturn|p2b: Umbreon|Protect
|move|p2a: Milotic|Protect|p2a: Milotic
|-singleturn|p2a: Milotic|Protect
|move|p1b: Put up yer dukes|Drain Punch|p2b: Umbreon
|-activate|p2b: Umbreon|move: Protect
|move|p1a: RacecaR|Light Screen|p1a: RacecaR
|-sidestart|p1: terosath|move: Light Screen
|
|-heal|p2b: Umbreon|100/100|[from] item: Leftovers
|upkeep
|turn|8
|
|t:|1785111585
|switch|p1a: He sparks joy :)|Politoed, L50, M|71/100
|-weather|RainDance|[from] ability: Drizzle|[of] p1a: He sparks joy :)
|move|p1b: Put up yer dukes|Thunder Punch|p2a: Milotic
|-supereffective|p2a: Milotic|1
|-damage|p2a: Milotic|0 fnt
|faint|p2a: Milotic
|move|p2b: Umbreon|Toxic|p1a: He sparks joy :)
|-status|p1a: He sparks joy :)|tox
|
|-weather|RainDance|[upkeep]
|-damage|p1a: He sparks joy :)|64/100 tox|[from] psn
|upkeep
|turn|9
|
|t:|1785111599
|move|p2b: Umbreon|Protect|p2b: Umbreon
|-singleturn|p2b: Umbreon|Protect
|move|p1b: Put up yer dukes|Drain Punch|p2b: Umbreon
|-activate|p2b: Umbreon|move: Protect
|move|p1a: He sparks joy :)|Muddy Water|p2b: Umbreon
|-activate|p2b: Umbreon|move: Protect
|
|-weather|RainDance|[upkeep]
|-damage|p1a: He sparks joy :)|52/100 tox|[from] psn
|upkeep
|turn|10
|
|t:|1785111609
|move|p1a: He sparks joy :)|Helping Hand|p1b: Put up yer dukes
|-singleturn|p1b: Put up yer dukes|Helping Hand|[of] p1a: He sparks joy :)
|move|p1b: Put up yer dukes|Drain Punch|p2b: Umbreon
|-supereffective|p2b: Umbreon|1
|-damage|p2b: Umbreon|0 fnt
|faint|p2b: Umbreon
|
|win|terosath
