|j|☆protectthyking34
|j|☆empotato
|html|protectthyking34empotato    
|uhtml|bestof|Game 1 of a best-of-3
|t:|1785459523
|gametype|doubles
|player|p1|protectthyking34|rocketgrunt|1155
|player|p2|empotato|cynthia-gen4|1237
|gen|9
|tier|[Gen 9 Champions] VGC 2026 Reg M-B (Bo3)
|rated|
|rule|Species Clause: Limit one of each Pokémon
|rule|Item Clause: Limit 1 of each item
|clearpoke
|poke|p1|Delphox, L50, F|
|poke|p1|Incineroar, L50, F|
|poke|p1|Sneasler, L50, M|
|poke|p1|Sinistcha, L50|
|poke|p1|Kingambit, L50, M|
|poke|p1|Blastoise, L50, F|
|poke|p2|Tyranitar, L50, F|
|poke|p2|Staraptor, L50, F|
|poke|p2|Excadrill, L50, M|
|poke|p2|Milotic, L50, M|
|poke|p2|Sinistcha, L50|
|poke|p2|Gholdengo, L50|
|teampreview|4
|showteam|p1|Delphox||Delphoxite|Blaze|NastyPlot,Protect,Psyshock,HeatWave|Timid||F|||50|]Incineroar||SitrusBerry|Intimidate|FakeOut,PartingShot,FlareBlitz,DarkestLariat|Impish||F|||50|]Sneasler||FocusSash|PoisonTouch|GunkShot,FakeOut,CloseCombat,QuickGuard|Jolly||M|||50|]Sinistcha||OccaBerry|Hospitality|MatchaGotcha,RagePowder,TrickRoom,Protect|Calm|||||50|]Kingambit||BlackGlasses|Defiant|SuckerPunch,KowtowCleave,LowKick,Protect|Adamant||M|||50|]Blastoise||Blastoisinite|RainDish|ShellSmash,WaterSpout,DarkPulse,Protect|Timid||F|||50|
|showteam|p2|Tyranitar||Tyranitarite|SandStream|KnockOff,RockSlide,HighHorsepower,Protect|Jolly||F|||50|]Staraptor||Staraptite|Intimidate|CloseCombat,BraveBird,Tailwind,Protect|Jolly||F|||50|]Excadrill||FocusSash|SandRush|HighHorsepower,IronHead,RockSlide,Protect|Adamant||M|||50|]Milotic||SitrusBerry|Competitive|Scald,IcyWind,Haze,Protect|Calm||M|||50|]Sinistcha||ColburBerry|Hospitality|MatchaGotcha,ShadowBall,RagePowder,Protect|Bold|||||50|]Gholdengo||LifeOrb|GoodasGold|MakeItRain,ShadowBall,NastyPlot,Protect|Modest|||||50|
|inactive|Battle timer is ON: inactive players will automatically lose when time's up. (requested by protectthyking34)
|
|t:|1785459571
|teamsize|p1|4
|teamsize|p2|4
|start
|switch|p1a: Blastoise|Blastoise, L50, F|100/100
|switch|p1b: Sneasler|Sneasler, L50, M|100/100
|switch|p2a: Tyranitar|Tyranitar, L50, F|100/100
|switch|p2b: Milotic|Milotic, L50, M|100/100
|-weather|Sandstorm|[from] ability: Sand Stream|[of] p2a: Tyranitar
|turn|1
|
|t:|1785459595
|switch|p2a: Staraptor|Staraptor, L50, F|100/100
|-ability|p2a: Staraptor|Intimidate|boost
|-unboost|p1a: Blastoise|atk|1
|-unboost|p1b: Sneasler|atk|1
|detailschange|p1a: Blastoise|Blastoise-Mega, L50, F
|-mega|p1a: Blastoise|Blastoise|Blastoisinite
|move|p1b: Sneasler|Fake Out|p2b: Milotic
|-crit|p2b: Milotic
|-damage|p2b: Milotic|81/100
|move|p1a: Blastoise|Water Spout|p2b: Milotic|[spread] p2a,p2b
|-resisted|p2b: Milotic|1
|-damage|p2a: Staraptor|18/100
|-damage|p2b: Milotic|61/100
|cant|p2b: Milotic|flinch
|
|-weather|Sandstorm|[upkeep]
|-damage|p1b: Sneasler|94/100|[from] Sandstorm
|-damage|p2a: Staraptor|12/100|[from] Sandstorm
|-damage|p1a: Blastoise|94/100|[from] Sandstorm
|-damage|p2b: Milotic|55/100|[from] Sandstorm
|upkeep
|turn|2
|
|t:|1785459618
|switch|p1b: Incineroar|Incineroar, L50, F|100/100
|-ability|p1b: Incineroar|Intimidate|boost
|-unboost|p2a: Staraptor|atk|1
|-unboost|p2b: Milotic|atk|1
|-ability|p2b: Milotic|Competitive|boost
|-boost|p2b: Milotic|spa|2
|switch|p2a: Sinistcha|Sinistcha, L50|100/100
|-heal|p2b: Milotic|80/100|[from] ability: Hospitality|[of] p2a: Sinistcha
|move|p1a: Blastoise|Dark Pulse|p2a: Sinistcha
|-supereffective|p2a: Sinistcha|1
|-enditem|p2a: Sinistcha|Colbur Berry|[eat]
|-enditem|p2a: Sinistcha|Colbur Berry|[weaken]
|-damage|p2a: Sinistcha|50/100g
|move|p2b: Milotic|Icy Wind|p1b: Incineroar|[spread] p1a,p1b
|-resisted|p1a: Blastoise|1
|-resisted|p1b: Incineroar|1
|-damage|p1a: Blastoise|85/100
|-damage|p1b: Incineroar|91/100
|-unboost|p1a: Blastoise|spe|1
|-unboost|p1b: Incineroar|spe|1
|
|-weather|Sandstorm|[upkeep]
|-damage|p2b: Milotic|74/100|[from] Sandstorm
|-damage|p1a: Blastoise|79/100|[from] Sandstorm
|-damage|p2a: Sinistcha|44/100|[from] Sandstorm
|-damage|p1b: Incineroar|85/100|[from] Sandstorm
|upkeep
|turn|3
|inactive|protectthyking34 has 30 seconds left.
|inactive|empotato has 30 seconds left.
|inactive|protectthyking34 has 20 seconds left.
|inactive|protectthyking34 has 15 seconds left.
|inactive|empotato has 20 seconds left.
|
|t:|1785459662
|switch|p1b: Sinistcha|Sinistcha, L50|100/100
|-heal|p1a: Blastoise|100/100|[from] ability: Hospitality|[of] p1b: Sinistcha
|move|p2b: Milotic|Scald|p1b: Sinistcha
|-resisted|p1b: Sinistcha|1
|-damage|p1b: Sinistcha|74/100
|move|p1a: Blastoise|Dark Pulse|p2a: Sinistcha
|-supereffective|p2a: Sinistcha|1
|-damage|p2a: Sinistcha|0 fnt
|faint|p2a: Sinistcha
|
|-weather|Sandstorm|[upkeep]
|-damage|p2b: Milotic|68/100|[from] Sandstorm
|-damage|p1a: Blastoise|94/100|[from] Sandstorm
|-damage|p1b: Sinistcha|68/100|[from] Sandstorm
|upkeep
|
|t:|1785459672
|switch|p2a: Tyranitar|Tyranitar, L50, F|100/100
|turn|4
|
|t:|1785459695
|detailschange|p2a: Tyranitar|Tyranitar-Mega, L50, F
|-mega|p2a: Tyranitar|Tyranitar|Tyranitarite
|move|p1b: Sinistcha|Rage Powder|p1b: Sinistcha
|-singleturn|p1b: Sinistcha|move: Rage Powder
|move|p2a: Tyranitar|Rock Slide|p1a: Blastoise|[spread] p1a,p1b
|-damage|p1a: Blastoise|64/100
|-damage|p1b: Sinistcha|41/100
|move|p2b: Milotic|Icy Wind|p1b: Sinistcha|[spread] p1a,p1b
|-resisted|p1a: Blastoise|1
|-supereffective|p1b: Sinistcha|1
|-damage|p1a: Blastoise|54/100
|-damage|p1b: Sinistcha|4/100
|-unboost|p1a: Blastoise|spe|1
|-unboost|p1b: Sinistcha|spe|1
|move|p1a: Blastoise|Shell Smash|p1a: Blastoise
|-unboost|p1a: Blastoise|def|1
|-unboost|p1a: Blastoise|spd|1
|-boost|p1a: Blastoise|atk|2
|-boost|p1a: Blastoise|spa|2
|-boost|p1a: Blastoise|spe|2
|
|-weather|Sandstorm|[upkeep]
|-damage|p1a: Blastoise|48/100|[from] Sandstorm
|-damage|p2b: Milotic|63/100|[from] Sandstorm
|-damage|p1b: Sinistcha|0 fnt|[from] Sandstorm
|faint|p1b: Sinistcha
|upkeep
|
|t:|1785459707
|switch|p1b: Sneasler|Sneasler, L50, M|94/100
|turn|5
|
|t:|1785459730
|switch|p2a: Staraptor|Staraptor, L50, F|12/100
|-ability|p2a: Staraptor|Intimidate|boost
|-unboost|p1a: Blastoise|atk|1
|-unboost|p1b: Sneasler|atk|1
|move|p1b: Sneasler|Fake Out|p2b: Milotic
|-damage|p2b: Milotic|53/100
|move|p1a: Blastoise|Water Spout|p2a: Staraptor|[spread] p2a,p2b
|-resisted|p2b: Milotic|1
|-damage|p2a: Staraptor|0 fnt
|-damage|p2b: Milotic|33/100
|-enditem|p2b: Milotic|Sitrus Berry|[eat]
|-heal|p2b: Milotic|58/100|[from] item: Sitrus Berry
|faint|p2a: Staraptor
|cant|p2b: Milotic|flinch
|
|-weather|none
|upkeep
|
|t:|1785459739
|switch|p2a: Tyranitar|Tyranitar-Mega, L50, F|100/100
|-weather|Sandstorm|[from] ability: Sand Stream|[of] p2a: Tyranitar
|turn|6
|
|t:|1785459761
|switch|p1b: Incineroar|Incineroar, L50, F|85/100
|-ability|p1b: Incineroar|Intimidate|boost
|-unboost|p2a: Tyranitar|atk|1
|-unboost|p2b: Milotic|atk|1
|-ability|p2b: Milotic|Competitive|boost
|-boost|p2b: Milotic|spa|2
|move|p1a: Blastoise|Protect|p1a: Blastoise
|-singleturn|p1a: Blastoise|Protect
|move|p2a: Tyranitar|Protect|p2a: Tyranitar
|-singleturn|p2a: Tyranitar|Protect
|move|p2b: Milotic|Icy Wind|p1b: Incineroar|[spread] p1b
|-activate|p1a: Blastoise|move: Protect
|-resisted|p1b: Incineroar|1
|-damage|p1b: Incineroar|73/100
|-unboost|p1b: Incineroar|spe|1
|
|-weather|Sandstorm|[upkeep]
|-damage|p1a: Blastoise|42/100|[from] Sandstorm
|-damage|p2b: Milotic|52/100|[from] Sandstorm
|-damage|p1b: Incineroar|67/100|[from] Sandstorm
|upkeep
|turn|7
|
|t:|1785459781
|move|p1b: Incineroar|Fake Out|p2b: Milotic
|-damage|p2b: Milotic|43/100
|move|p1a: Blastoise|Water Spout|p2a: Tyranitar|[spread] p2a,p2b
|-supereffective|p2a: Tyranitar|1
|-resisted|p2b: Milotic|1
|-damage|p2a: Tyranitar|45/100
|-damage|p2b: Milotic|25/100
|move|p2a: Tyranitar|Rock Slide|p1b: Incineroar|[spread] p1a
|-miss|p2a: Tyranitar|p1b: Incineroar
|-damage|p1a: Blastoise|8/100
|cant|p2b: Milotic|flinch
|
|-weather|Sandstorm|[upkeep]
|-damage|p1a: Blastoise|2/100|[from] Sandstorm
|-damage|p2b: Milotic|20/100r|[from] Sandstorm
|-damage|p1b: Incineroar|61/100|[from] Sandstorm
|upkeep
|turn|8
|
|t:|1785459798
|move|p2a: Tyranitar|Protect|p2a: Tyranitar
|-singleturn|p2a: Tyranitar|Protect
|move|p2b: Milotic|Protect|p2b: Milotic
|-singleturn|p2b: Milotic|Protect
|move|p1a: Blastoise|Dark Pulse|p2b: Milotic
|-activate|p2b: Milotic|move: Protect
|move|p1b: Incineroar|Parting Shot|p2a: Tyranitar
|-activate|p2a: Tyranitar|move: Protect
|
|-weather|Sandstorm|[upkeep]
|-damage|p1a: Blastoise|0 fnt|[from] Sandstorm
|-damage|p2b: Milotic|14/100|[from] Sandstorm
|-damage|p1b: Incineroar|55/100|[from] Sandstorm
|faint|p1a: Blastoise
|upkeep
|
|t:|1785459802
|switch|p1a: Sneasler|Sneasler, L50, M|94/100
|turn|9
|
|t:|1785459815
|move|p1a: Sneasler|Gunk Shot|p2b: Milotic
|-damage|p2b: Milotic|0 fnt
|faint|p2b: Milotic
|move|p2a: Tyranitar|Rock Slide|p1b: Incineroar|[spread] p1a,p1b
|-resisted|p1a: Sneasler|1
|-supereffective|p1b: Incineroar|1
|-damage|p1a: Sneasler|77/100
|-damage|p1b: Incineroar|22/100
|-enditem|p1b: Incineroar|Sitrus Berry|[eat]
|-heal|p1b: Incineroar|47/100|[from] item: Sitrus Berry
|cant|p1b: Incineroar|flinch
|
|-weather|Sandstorm|[upkeep]
|-damage|p1a: Sneasler|71/100|[from] Sandstorm
|-damage|p1b: Incineroar|41/100|[from] Sandstorm
|upkeep
|turn|10
|
|t:|1785459829
|move|p1a: Sneasler|Close Combat|p2a: Tyranitar
|-supereffective|p2a: Tyranitar|2
|-damage|p2a: Tyranitar|0 fnt
|-unboost|p1a: Sneasler|def|1
|-unboost|p1a: Sneasler|spd|1
|faint|p2a: Tyranitar
|
|win|protectthyking34
||empotato is ready for game 2.
|inactive|protectthyking34 has 30 seconds to confirm battle start!
