|j|☆tomnumbers
|j|☆IceApfel
|html|tomnumbersIceApfel    
|uhtml|bestof|Game 1 of a best-of-3
|t:|1756218617
|gametype|doubles
|player|p1|tomnumbers|gambler|1230
|player|p2|IceApfel|waiter-gen4|1194
|gen|9
|tier|[Gen 9] VGC 2025 Reg H (Bo3)
|rated|
|rule|Species Clause: Limit one of each Pokémon
|rule|Item Clause: Limit 1 of each item
|clearpoke
|poke|p1|Electabuzz, L50, F|
|poke|p1|Volcarona, L50, F|
|poke|p1|Dragonite, L50, F|
|poke|p1|Rillaboom, L50, M|
|poke|p1|Gholdengo, L50|
|poke|p1|Ursaluna-Bloodmoon, L50, M|
|poke|p2|Archaludon, L50, M|
|poke|p2|Pelipper, L50, F|
|poke|p2|Dragonite, L50, F|
|poke|p2|Ursaluna, L50, F|
|poke|p2|Sinistcha, L50|
|poke|p2|Gholdengo, L50|
|teampreview|4
|showteam|p1|Electabuzz||Eviolite|VitalSpirit|Electroweb,FollowMe,Taunt,Protect|||F|||50|,,,,,Ghost]Volcarona||Leftovers|FlameBody|HeatWave,TeraBlast,QuiverDance,Protect|||F|||50|,,,,,Fairy]Dragonite||LoadedDice|Multiscale|ScaleShot,ExtremeSpeed,Tailwind,Protect|||F|||50|,,,,,Fairy]Rillaboom||AssaultVest|GrassySurge|FakeOut,WoodHammer,GrassyGlide,HighHorsepower|||M|||50|,,,,,Fire]Gholdengo||GrassySeed|GoodasGold|NastyPlot,MakeItRain,ShadowBall,Protect||||||50|,,,,,Water]Ursaluna-Bloodmoon||LifeOrb|MindsEye|BloodMoon,HyperVoice,EarthPower,Protect|||M|||50|,,,,,Normal
|showteam|p2|Archaludon||AssaultVest|Stamina|FlashCannon,BodyPress,ElectroShot,Snarl|||M|||50|,,,,,Fighting]Pelipper||FocusSash|Drizzle|MuddyWater,Hurricane,Tailwind,Protect|||F|||50|,,,,,Ghost]Dragonite||LoadedDice|Multiscale|ScaleShot,Tailwind,Haze,Protect|||F|||50|,,,,,Steel]Ursaluna||FlameOrb|Guts|Facade,HeadlongRush,Earthquake,Protect|||F|||50|,,,,,Ghost]Sinistcha||SitrusBerry|Hospitality|MatchaGotcha,LifeDew,RagePowder,TrickRoom||||||50|,,,,,Dark]Gholdengo||ChoiceScarf|GoodasGold|MakeItRain,ShadowBall,Trick,Protect||||||50|,,,,,Flying
|inactive|Battle timer is ON: inactive players will automatically lose when time's up. (requested by tomnumbers)
|inactive|tomnumbers has 60 seconds left.
|inactive|IceApfel has 60 seconds left.
|inactive|IceApfel has 30 seconds left.
|
|t:|1756218684
|teamsize|p1|4
|teamsize|p2|4
|start
|switch|p1a: Electabuzz|Electabuzz, L50, F|100/100
|switch|p1b: Ursaluna|Ursaluna-Bloodmoon, L50, M|100/100
|switch|p2a: Dragonite|Dragonite, L50, F|100/100
|switch|p2b: Pelipper|Pelipper, L50, F, shiny|100/100
|-weather|RainDance|[from] ability: Drizzle|[of] p2b: Pelipper
|turn|1
|inactive|tomnumbers has 30 seconds left.
|inactive|IceApfel has 30 seconds left.
|
|t:|1756218718
|-terastallize|p1b: Ursaluna|Normal
|move|p1a: Electabuzz|Electroweb|p2b: Pelipper|[spread] p2a,p2b
|-supereffective|p2b: Pelipper
|-damage|p2a: Dragonite|93/100
|-enditem|p2b: Pelipper|Focus Sash
|-damage|p2b: Pelipper|1/100
|-unboost|p2a: Dragonite|spe|1
|-unboost|p2b: Pelipper|spe|1
|move|p1b: Ursaluna|Hyper Voice|p2b: Pelipper|[spread] p2a,p2b
|-damage|p2a: Dragonite|21/100
|-damage|p2b: Pelipper|0 fnt
|faint|p2b: Pelipper
|-damage|p1b: Ursaluna|91/100|[from] item: Life Orb
|move|p2a: Dragonite|Tailwind|p2a: Dragonite
|-sidestart|p2: IceApfel|move: Tailwind
|
|-weather|RainDance|[upkeep]
|upkeep
|
|t:|1756218731
|switch|p2b: Ursaluna|Ursaluna, L50, F|100/100
|turn|2
|inactive|IceApfel has 30 seconds left.
|inactive|IceApfel has 20 seconds left.
|
|t:|1756218769
|move|p1a: Electabuzz|Follow Me|p1a: Electabuzz
|-singleturn|p1a: Electabuzz|move: Follow Me
|move|p2b: Ursaluna|Earthquake|p1b: Ursaluna|[spread] p1a,p1b
|-immune|p2a: Dragonite
|-supereffective|p1a: Electabuzz
|-damage|p1a: Electabuzz|13/100
|-damage|p1b: Ursaluna|53/100
|move|p2a: Dragonite|Scale Shot|p1a: Electabuzz|[miss]
|-miss|p2a: Dragonite|p1a: Electabuzz
|move|p1b: Ursaluna|Hyper Voice|p2a: Dragonite|[spread] p2a,p2b
|-damage|p2a: Dragonite|0 fnt
|-damage|p2b: Ursaluna|31/100
|faint|p2a: Dragonite
|-damage|p1b: Ursaluna|43/100|[from] item: Life Orb
|
|-weather|RainDance|[upkeep]
|-status|p2b: Ursaluna|brn|[from] item: Flame Orb
|upkeep
|
|t:|1756218778
|switch|p2a: Archaludon|Archaludon, L50, M, shiny|100/100
|turn|3
|inactive|tomnumbers has 30 seconds left.
|
|t:|1756218808
|switch|p1b: Rillaboom|Rillaboom, L50, M|100/100
|-fieldstart|move: Grassy Terrain|[from] ability: Grassy Surge|[of] p1b: Rillaboom
|move|p1a: Electabuzz|Protect|p1a: Electabuzz
|-singleturn|p1a: Electabuzz|Protect
|move|p2a: Archaludon|Electro Shot||[still]
|-prepare|p2a: Archaludon|Electro Shot
|-boost|p2a: Archaludon|spa|1
|-anim|p2a: Archaludon|Electro Shot|p1a: Electabuzz
|-activate|p1a: Electabuzz|move: Protect
|move|p2b: Ursaluna|Facade|p1b: Rillaboom
|-damage|p1b: Rillaboom|0 fnt
|faint|p1b: Rillaboom
|
|-weather|RainDance|[upkeep]
|-heal|p2b: Ursaluna|37/100 brn|[from] Grassy Terrain
|-heal|p1a: Electabuzz|19/100|[from] Grassy Terrain
|-damage|p2b: Ursaluna|31/100 brn|[from] brn
|upkeep
|
|t:|1756218816
|switch|p1b: Ursaluna|Ursaluna-Bloodmoon, L50, M, tera:Normal|43/100
|turn|4
|
|t:|1756218830
|move|p1b: Ursaluna|Protect|p1b: Ursaluna
|-singleturn|p1b: Ursaluna|Protect
|move|p2a: Archaludon|Electro Shot||[still]
|-prepare|p2a: Archaludon|Electro Shot
|-boost|p2a: Archaludon|spa|1
|-anim|p2a: Archaludon|Electro Shot|p1a: Electabuzz
|-resisted|p1a: Electabuzz
|-damage|p1a: Electabuzz|0 fnt
|faint|p1a: Electabuzz
|move|p2b: Ursaluna|Facade|p1b: Ursaluna
|-activate|p1b: Ursaluna|move: Protect
|
|-weather|RainDance|[upkeep]
|-heal|p2b: Ursaluna|37/100 brn|[from] Grassy Terrain
|-heal|p1b: Ursaluna|49/100|[from] Grassy Terrain
|-damage|p2b: Ursaluna|31/100 brn|[from] brn
|-sideend|p2: IceApfel|move: Tailwind
|upkeep
|
|t:|1756218833
|switch|p1a: Gholdengo|Gholdengo, L50|100/100
|-enditem|p1a: Gholdengo|Grassy Seed
|-boost|p1a: Gholdengo|def|1|[from] item: Grassy Seed
|turn|5
|inactive|tomnumbers has 30 seconds left.
|inactive|IceApfel has 30 seconds left.
|inactive|tomnumbers has 20 seconds left.
|inactive|tomnumbers has 15 seconds left.
|inactive|tomnumbers has 10 seconds left.
|inactive|IceApfel has 20 seconds left.
|inactive|tomnumbers has 5 seconds left.
|
|t:|1756218888
|move|p1a: Gholdengo|Nasty Plot|p1a: Gholdengo
|-boost|p1a: Gholdengo|spa|2
|move|p2a: Archaludon|Electro Shot||[still]
|-prepare|p2a: Archaludon|Electro Shot
|-boost|p2a: Archaludon|spa|1
|-anim|p2a: Archaludon|Electro Shot|p1a: Gholdengo
|-damage|p1a: Gholdengo|3/100
|move|p1b: Ursaluna|Blood Moon|p2b: Ursaluna
|-damage|p2b: Ursaluna|0 fnt
|faint|p2b: Ursaluna
|-damage|p1b: Ursaluna|40/100|[from] item: Life Orb
|
|-weather|none
|-heal|p1a: Gholdengo|9/100|[from] Grassy Terrain
|-heal|p1b: Ursaluna|45/100|[from] Grassy Terrain
|upkeep
|turn|6
|inactive|IceApfel has 30 seconds left.
|
|t:|1756218919
|move|p1a: Gholdengo|Shadow Ball|p2a: Archaludon
|-damage|p2a: Archaludon|33/100
|-ability|p2a: Archaludon|Stamina|boost
|-boost|p2a: Archaludon|def|1
|move|p2a: Archaludon|Snarl|p1a: Gholdengo|[spread] p1a,p1b
|-supereffective|p1a: Gholdengo
|-damage|p1a: Gholdengo|0 fnt
|-damage|p1b: Ursaluna|2/100
|-unboost|p1b: Ursaluna|spa|1
|faint|p1a: Gholdengo
|move|p1b: Ursaluna|Earth Power|p2a: Archaludon
|-supereffective|p2a: Archaludon
|-damage|p2a: Archaludon|0 fnt
|faint|p2a: Archaludon
|-damage|p1b: Ursaluna|0 fnt|[from] item: Life Orb
|faint|p1b: Ursaluna
|
|win|tomnumbers
||IceApfel is ready for game 2.
|inactive|tomnumbers has 30 seconds to confirm battle start!
||tomnumbers is ready for game 2.
|uhtml|next|Next: Game 2 of 3
|l|☆IceApfel
|player|p2|
