|j|☆Newtry lesgo
|j|☆lettitripppp
|html|Newtry lesgolettitripppp    
|uhtml|bestof|Game 2 of a best-of-3
|t:|1785194724
|gametype|doubles
|player|p1|Newtry lesgo|iris-gen5bw2|1178
|player|p2|lettitripppp|lucas|1252
|gen|9
|tier|[Gen 9 Champions] VGC 2026 Reg M-B (Bo3)
|rated|
|rule|Species Clause: Limit one of each Pokémon
|rule|Item Clause: Limit 1 of each item
|clearpoke
|poke|p1|Ceruledge, L50, F|
|poke|p1|Lopunny, L50, M|
|poke|p1|Blastoise, L50, F|
|poke|p1|Hydreigon, L50, M|
|poke|p1|Gardevoir, L50, M|
|poke|p1|Corviknight, L50, M|
|poke|p2|Raichu, L50, M|
|poke|p2|Staraptor, L50, M|
|poke|p2|Arcanine-Hisui, L50, F, shiny|
|poke|p2|Farigiraf, L50, M|
|poke|p2|Kingambit, L50, F, shiny|
|poke|p2|Sylveon, L50, M|
|teampreview|4
|showteam|p1|Ceruledge||FocusSash|FlashFire|Poltergeist,BitterBlade,ShadowSneak,SwordsDance|Jolly||F|||50|]Lopunny||Lopunnite|Limber|FakeOut,CloseCombat,TripleAxel,Protect|Jolly||M|||50|]Blastoise||SitrusBerry|RainDish|FakeOut,HydroPump,Yawn,FlipTurn|Modest||F|||50|]Hydreigon||ChoiceScarf|Levitate|DracoMeteor,DarkPulse,Uturn,EarthPower|Modest||M|||50|]Gardevoir||Gardevoirite|Trace|HyperVoice,Psychic,TrickRoom,Protect|Modest||M|||50|]Corviknight||Leftovers|MirrorArmor|BraveBird,BulkUp,Tailwind,BodyPress|Impish||M|||50|
|showteam|p2|Raichu||RaichuniteY|Static|ZapCannon,FocusBlast,FakeOut,Protect|Timid||M|||50|]Staraptor||Staraptite|Intimidate|DualWingbeat,CloseCombat,Tailwind,Protect|Jolly||M|||50|]Arcanine-Hisui||FocusSash|RockHead|ExtremeSpeed,HeadSmash,FlareBlitz,Protect|Jolly||F|||50|]Farigiraf||SitrusBerry|ArmorTail|HelpingHand,TrickRoom,Psychic,Protect|Calm||M|||50|]Kingambit||LifeOrb|Defiant|KowtowCleave,SwordsDance,SuckerPunch,Protect|Adamant||F|||50|]Sylveon||FairyFeather|Pixilate|QuickAttack,HyperBeam,HyperVoice,Detect|Modest||M|||50|
|inactive|Battle timer is ON: inactive players will automatically lose when time's up. (requested by lettitripppp)
|inactive|Newtry lesgo has 60 seconds left.
|
|t:|1785194762
|teamsize|p1|4
|teamsize|p2|4
|start
|switch|p1a: Hydreigon|Hydreigon, L50, M|100/100
|switch|p1b: Gardevoir|Gardevoir, L50, M|100/100
|switch|p2a: BLAST AWAY|Raichu, L50, M|100/100
|switch|p2b: NUMBER 1|Staraptor, L50, M|100/100
|-ability|p2b: NUMBER 1|Intimidate|boost
|-unboost|p1a: Hydreigon|atk|1
|-unboost|p1b: Gardevoir|atk|1
|-ability|p1b: Gardevoir|Intimidate|Trace|[from] ability: Trace|[of] p2b: NUMBER 1
|-ability|p1b: Gardevoir|Intimidate|boost
|-unboost|p2a: BLAST AWAY|atk|1
|-unboost|p2b: NUMBER 1|atk|1
|turn|1
|
|t:|1785194775
|detailschange|p2a: BLAST AWAY|Raichu-Mega-Y, L50, M
|-mega|p2a: BLAST AWAY|Raichu|Raichunite Y
|detailschange|p1b: Gardevoir|Gardevoir-Mega, L50, M
|-mega|p1b: Gardevoir|Gardevoir|Gardevoirite
|move|p1b: Gardevoir|Protect|p1b: Gardevoir
|-singleturn|p1b: Gardevoir|Protect
|move|p2a: BLAST AWAY|Fake Out|p1b: Gardevoir
|-activate|p1b: Gardevoir|move: Protect
|move|p1a: Hydreigon|Earth Power|p2a: BLAST AWAY
|-supereffective|p2a: BLAST AWAY|1
|-damage|p2a: BLAST AWAY|2/100
|move|p2b: NUMBER 1|Tailwind|p2b: NUMBER 1
|-sidestart|p2: lettitripppp|move: Tailwind
|
|upkeep
|turn|2
|
|t:|1785194798
|move|p2a: BLAST AWAY|Zap Cannon|p1b: Gardevoir
|-damage|p1b: Gardevoir|46/100
|-status|p1b: Gardevoir|par
|move|p2b: NUMBER 1|Close Combat|p1a: Hydreigon
|-supereffective|p1a: Hydreigon|1
|-damage|p1a: Hydreigon|47/100
|-unboost|p2b: NUMBER 1|def|1
|-unboost|p2b: NUMBER 1|spd|1
|move|p1a: Hydreigon|Earth Power|p2a: BLAST AWAY
|-supereffective|p2a: BLAST AWAY|1
|-damage|p2a: BLAST AWAY|0 fnt
|faint|p2a: BLAST AWAY
|move|p1b: Gardevoir|Trick Room|p1b: Gardevoir
|-fieldstart|move: Trick Room|[of] p1b: Gardevoir
|
|upkeep
|
|t:|1785194809
|switch|p2a: PIKU BEAM|Sylveon, L50, M|100/100
|turn|3
|
|t:|1785194818
|switch|p1a: Corviknight|Corviknight, L50, M|100/100
|switch|p2b: MAGIC NECK|Farigiraf, L50, M|100/100
|move|p1b: Gardevoir|Protect|p1b: Gardevoir
|-singleturn|p1b: Gardevoir|Protect
|move|p2a: PIKU BEAM|Hyper Voice|p1a: Corviknight|[spread] p1a
|-activate|p1b: Gardevoir|move: Protect
|-resisted|p1a: Corviknight|1
|-damage|p1a: Corviknight|78/100
|
|-heal|p1a: Corviknight|83/100|[from] item: Leftovers
|upkeep
|turn|4
|
|t:|1785194831
|move|p2b: MAGIC NECK|Helping Hand|p2a: PIKU BEAM
|-singleturn|p2a: PIKU BEAM|Helping Hand|[of] p2b: MAGIC NECK
|move|p1b: Gardevoir|Hyper Voice|p2b: MAGIC NECK|[spread] p2a,p2b
|-damage|p2a: PIKU BEAM|62/100
|-damage|p2b: MAGIC NECK|55/100
|move|p1a: Corviknight|Bulk Up|p1a: Corviknight
|-boost|p1a: Corviknight|atk|1
|-boost|p1a: Corviknight|def|1
|move|p2a: PIKU BEAM|Hyper Beam|p1a: Corviknight
|-resisted|p1a: Corviknight|1
|-damage|p1a: Corviknight|18/100
|-mustrecharge|p2a: PIKU BEAM
|
|-heal|p1a: Corviknight|23/100|[from] item: Leftovers
|-sideend|p2: lettitripppp|move: Tailwind
|upkeep
|turn|5
|
|t:|1785194851
|cant|p1b: Gardevoir|par
|move|p2b: MAGIC NECK|Psychic|p1a: Corviknight
|-resisted|p1a: Corviknight|1
|-damage|p1a: Corviknight|7/100
|cant|p2a: PIKU BEAM|recharge
|move|p1a: Corviknight|Bulk Up|p1a: Corviknight
|-boost|p1a: Corviknight|atk|1
|-boost|p1a: Corviknight|def|1
|
|-heal|p1a: Corviknight|13/100|[from] item: Leftovers
|upkeep
|turn|6
|
|t:|1785194869
|move|p2b: MAGIC NECK|Helping Hand|p2a: PIKU BEAM
|-singleturn|p2a: PIKU BEAM|Helping Hand|[of] p2b: MAGIC NECK
|move|p1b: Gardevoir|Protect|p1b: Gardevoir
|-singleturn|p1b: Gardevoir|Protect
|move|p2a: PIKU BEAM|Hyper Voice|p1a: Corviknight|[spread] p1a
|-activate|p1b: Gardevoir|move: Protect
|-resisted|p1a: Corviknight|1
|-damage|p1a: Corviknight|0 fnt
|faint|p1a: Corviknight
|
|-fieldend|move: Trick Room
|upkeep
|
|t:|1785194874
|switch|p1a: Hydreigon|Hydreigon, L50, M|47/100
|turn|7
|
|t:|1785194888
|move|p2b: MAGIC NECK|Helping Hand|p2a: PIKU BEAM
|-singleturn|p2a: PIKU BEAM|Helping Hand|[of] p2b: MAGIC NECK
|move|p1a: Hydreigon|U-turn|p2b: MAGIC NECK
|-supereffective|p2b: MAGIC NECK|1
|-damage|p2b: MAGIC NECK|27/100
|-enditem|p2b: MAGIC NECK|Sitrus Berry|[eat]
|-heal|p2b: MAGIC NECK|52/100|[from] item: Sitrus Berry
|
|t:|1785194894
|switch|p1a: Blastoise|Blastoise, L50, F|100/100|[from] U-turn
|move|p2a: PIKU BEAM|Hyper Voice|p1b: Gardevoir|[spread] p1a,p1b
|-damage|p1a: Blastoise|38/100
|-damage|p1b: Gardevoir|0 fnt
|-enditem|p1a: Blastoise|Sitrus Berry|[eat]
|-heal|p1a: Blastoise|62/100|[from] item: Sitrus Berry
|faint|p1b: Gardevoir
|
|upkeep
|
|t:|1785194901
|switch|p1b: Hydreigon|Hydreigon, L50, M|47/100
|turn|8
|
|t:|1785194913
|move|p2b: MAGIC NECK|Helping Hand|p2a: PIKU BEAM
|-singleturn|p2a: PIKU BEAM|Helping Hand|[of] p2b: MAGIC NECK
|move|p1b: Hydreigon|Earth Power|p2a: PIKU BEAM
|-damage|p2a: PIKU BEAM|39/100
|move|p1a: Blastoise|Hydro Pump|p2a: PIKU BEAM
|-damage|p2a: PIKU BEAM|2/100
|move|p2a: PIKU BEAM|Hyper Voice|p1b: Hydreigon|[spread] p1a,p1b
|-supereffective|p1b: Hydreigon|2
|-damage|p1a: Blastoise|0 fnt
|-damage|p1b: Hydreigon|0 fnt
|faint|p1a: Blastoise
|faint|p1b: Hydreigon
|
|win|lettitripppp
