|j|☆GS Barnabe
|j|☆piipyy
|html|GS Barnabepiipyy    
|uhtml|bestof|Game 3 of a best-of-3
|t:|1785895726
|gametype|doubles
|player|p1|GS Barnabe|102|1078
|player|p2|piipyy|170|1134
|gen|9
|tier|[Gen 9 Champions] VGC 2026 Reg M-B (Bo3)
|rated|
|rule|Species Clause: Limit one of each Pokémon
|rule|Item Clause: Limit 1 of each item
|clearpoke
|poke|p1|Clefable, L50, M|
|poke|p1|Tyranitar, L50, F|
|poke|p1|Garchomp, L50, M|
|poke|p1|Gholdengo, L50|
|poke|p1|Rotom-Wash, L50|
|poke|p1|Aerodactyl, L50, F|
|poke|p2|Charizard, L50, F|
|poke|p2|Garchomp, L50, F|
|poke|p2|Venusaur, L50, M|
|poke|p2|Kingambit, L50, M|
|poke|p2|Basculegion, L50, M|
|poke|p2|Floette-Eternal, L50, F|
|teampreview|4
|showteam|p1|Clefable||SitrusBerry|Unaware|Moonblast,FollowMe,HealPulse,Protect|Bold||M|||50|]Tyranitar||ChoiceScarf|SandStream|RockSlide,KnockOff,IcePunch,Superpower|Jolly||F|||50|]Garchomp||Garchompite|SandVeil|DracoMeteor,EarthPower,PowerGem,Protect|Modest||M|||50|]Gholdengo||LifeOrb|GoodasGold|MakeItRain,ShadowBall,NastyPlot,Protect|Modest|||||50|]Rotom-Wash||Leftovers|Levitate|HydroPump,VoltSwitch,WillOWisp,Protect|Calm|||||50|]Aerodactyl||Aerodactylite|RockHead|RockSlide,DualWingbeat,Tailwind,Protect|Jolly||F|||50|
|showteam|p2|Charizard||CharizarditeY|Blaze|HeatWave,WeatherBall,SolarBeam,Protect|Timid||F|||50|]Garchomp||SitrusBerry|RoughSkin|RockSlide,Earthquake,DragonClaw,Protect|Jolly||F|||50|]Venusaur||FocusSash|Chlorophyll|SludgeBomb,SleepPowder,Protect,EarthPower|Modest||M|||50|]Kingambit||BlackGlasses|Defiant|KowtowCleave,SuckerPunch,IronDefense,Protect|Adamant||M|||50|]Basculegion||MysticWater|Adaptability|AquaJet,WaveCrash,LastRespects,Protect|Adamant||M|||50|]Floette-Eternal||Floettite|FlowerVeil|Synthesis,LightofRuin,CalmMind,Moonblast|Timid||F|||50|
|
|t:|1785895788
|teamsize|p1|4
|teamsize|p2|4
|start
|switch|p1a: Garchomp|Garchomp, L50, M|100/100
|switch|p1b: Gholdengo|Gholdengo, L50|100/100
|switch|p2a: Charizard|Charizard, L50, F|100/100
|switch|p2b: Venusaur|Venusaur, L50, M|100/100
|turn|1
|
|t:|1785895809
|detailschange|p2a: Charizard|Charizard-Mega-Y, L50, F
|-mega|p2a: Charizard|Charizard|Charizardite Y
|-weather|SunnyDay|[from] ability: Drought|[of] p2a: Charizard
|move|p1a: Garchomp|Protect|p1a: Garchomp
|-singleturn|p1a: Garchomp|Protect
|move|p1b: Gholdengo|Protect|p1b: Gholdengo
|-singleturn|p1b: Gholdengo|Protect
|move|p2b: Venusaur|Sleep Powder|p1a: Garchomp
|-activate|p1a: Garchomp|move: Protect
|move|p2a: Charizard|Weather Ball|p1b: Gholdengo
|-activate|p1b: Gholdengo|move: Protect
|
|-weather|SunnyDay|[upkeep]
|upkeep
|turn|2
|
|t:|1785895851
|switch|p2a: Garchomp|Garchomp, L50, F|100/100
|switch|p1b: Tyranitar|Tyranitar, L50, F|100/100
|-weather|Sandstorm|[from] ability: Sand Stream|[of] p1b: Tyranitar
|detailschange|p1a: Garchomp|Garchomp-Mega, L50, M
|-mega|p1a: Garchomp|Garchomp|Garchompite
|move|p1a: Garchomp|Power Gem|p2a: Garchomp
|-resisted|p2a: Garchomp|1
|-damage|p2a: Garchomp|78/100
|move|p2b: Venusaur|Sleep Powder|p1a: Garchomp|[miss]
|-miss|p2b: Venusaur|p1a: Garchomp
|
|-weather|Sandstorm|[upkeep]
|-damage|p2b: Venusaur|94/100|[from] Sandstorm
|upkeep
|turn|3
|
|t:|1785895880
|move|p2a: Garchomp|Protect|p2a: Garchomp
|-singleturn|p2a: Garchomp|Protect
|move|p1b: Tyranitar|Ice Punch|p2a: Garchomp
|-activate|p2a: Garchomp|move: Protect
|move|p1a: Garchomp|Earth Power|p2b: Venusaur
|-damage|p2b: Venusaur|19/100
|move|p2b: Venusaur|Earth Power|p1b: Tyranitar
|-supereffective|p1b: Tyranitar|1
|-damage|p1b: Tyranitar|61/100
|
|-weather|Sandstorm|[upkeep]
|-damage|p2b: Venusaur|13/100|[from] Sandstorm
|upkeep
|turn|4
|
|t:|1785895905
|move|p2b: Venusaur|Protect|p2b: Venusaur
|-singleturn|p2b: Venusaur|Protect
|move|p1b: Tyranitar|Ice Punch|p2a: Garchomp
|-supereffective|p2a: Garchomp|2
|-damage|p2a: Garchomp|0 fnt
|-damage|p1b: Tyranitar|49/100|[from] ability: Rough Skin|[of] p2a: Garchomp
|faint|p2a: Garchomp
|move|p1a: Garchomp|Earth Power|p2b: Venusaur
|-activate|p2b: Venusaur|move: Protect
|
|-weather|Sandstorm|[upkeep]
|-damage|p2b: Venusaur|7/100|[from] Sandstorm
|upkeep
|
|t:|1785895934
|switch|p2a: Charizard|Charizard-Mega-Y, L50, F|100/100
|-weather|SunnyDay|[from] ability: Drought|[of] p2a: Charizard
|turn|5
|
|t:|1785895952
|switch|p1b: Clefable|Clefable, L50, M|100/100
|move|p2a: Charizard|Protect|p2a: Charizard
|-singleturn|p2a: Charizard|Protect
|move|p1a: Garchomp|Protect|p1a: Garchomp
|-singleturn|p1a: Garchomp|Protect
|move|p2b: Venusaur|Sleep Powder|p1a: Garchomp
|-activate|p1a: Garchomp|move: Protect
|
|-weather|SunnyDay|[upkeep]
|upkeep
|turn|6
|
|t:|1785895984
|switch|p2a: Basculegion|Basculegion, L50, M|100/100
|switch|p1b: Tyranitar|Tyranitar, L50, F|49/100
|-weather|Sandstorm|[from] ability: Sand Stream|[of] p1b: Tyranitar
|move|p1a: Garchomp|Earth Power|p2b: Venusaur
|-damage|p2b: Venusaur|0 fnt
|faint|p2b: Venusaur
|
|-weather|Sandstorm|[upkeep]
|-damage|p2a: Basculegion|93/100|[from] Sandstorm
|upkeep
|
|t:|1785895996
|switch|p2b: Charizard|Charizard-Mega-Y, L50, F|100/100
|-weather|SunnyDay|[from] ability: Drought|[of] p2b: Charizard
|turn|7
|
|t:|1785896010
|move|p1b: Tyranitar|Knock Off|p2a: Basculegion
|-supereffective|p2a: Basculegion|1
|-damage|p2a: Basculegion|0 fnt
|-enditem|p2a: Basculegion|Mystic Water|[from] move: Knock Off|[of] p1b: Tyranitar
|faint|p2a: Basculegion
|move|p2b: Charizard|Weather Ball|p1b: Tyranitar
|-resisted|p1b: Tyranitar|1
|-damage|p1b: Tyranitar|8/100
|move|p1a: Garchomp|Power Gem|p2b: Charizard
|-supereffective|p2b: Charizard|2
|-damage|p2b: Charizard|1/100
|
|-weather|SunnyDay|[upkeep]
|upkeep
|turn|8
|-message|piipyy forfeited.
|raw|GS Barnabe's rating: 1078 → 1111(+33 for winning)
|raw|piipyy's rating: 1134 → 1105(-29 for losing)
|
|win|GS Barnabe
|l|☆piipyy
|player|p2|
