|j|â˜†Permasona
|j|â˜†SlipperyDanger
|html|PermasonaSlipperyDanger    
|uhtml|bestof|Game 2 of a best-of-3
|t:|1757635421
|gametype|doubles
|player|p1|Permasona|sabrina|1302
|player|p2|SlipperyDanger|cynthia-gen4|1305
|gen|9
|tier|[Gen 9] VGC 2025 Reg H (Bo3)
|rated|
|rule|Species Clause: Limit one of each PokÃ©mon
|rule|Item Clause: Limit 1 of each item
|clearpoke
|poke|p1|Primarina, L50, M|
|poke|p1|Gothitelle, L50, F|
|poke|p1|Incineroar, L50, M|
|poke|p1|Ursaluna-Bloodmoon, L50, M|
|poke|p1|Gholdengo, L50|
|poke|p1|Electabuzz, L50, F|
|poke|p2|Weezing, L50, F|
|poke|p2|Slaking, L50, F|
|poke|p2|Dondozo, L50, M|
|poke|p2|Tatsugiri, L50, F|
|poke|p2|Kilowattrel, L50, M|
|poke|p2|Mamoswine, L50, F|
|teampreview|4
|showteam|p1|Primarina||IapapaBerry|LiquidVoice|HyperVoice,Protect,Moonblast,PerishSong|||M|||50|,,,,,Poison]Gothitelle||SitrusBerry|ShadowTag|FakeOut,Protect,TrickRoom,Psychic|||F|||50|,,,,,Fairy]Incineroar||SafetyGoggles|Intimidate|Protect,FakeOut,PartingShot,FlareBlitz|||M|||50|,,,,,Ghost]Ursaluna-Bloodmoon||LifeOrb|MindsEye|EarthPower,BloodMoon,Protect,HyperVoice|||M|||50|,,,,,Ghost]Gholdengo||Leftovers|GoodasGold|MakeItRain,Protect,NastyPlot,ShadowBall||||||50|,,,,,Water]Electabuzz||Eviolite|VitalSpirit|FollowMe,Taunt,Thunderbolt,Protect|||F|||50|,,,,,Ghost
|showteam|p2|Weezing||CovertCloak|NeutralizingGas|SludgeBomb,ToxicSpikes,WillOWisp,Protect|||F|||50|,,,,,Fairy]Slaking||LifeOrb|Truant|DoubleEdge,SuckerPunch,HighHorsepower,Protect|||F|||50|,,,,,Ghost]Dondozo||Leftovers|Unaware|WaveCrash,Earthquake,Substitute,Protect|||M|||50|,,,,,Ground]Tatsugiri||AssaultVest|Commander|DracoMeteor,MuddyWater,MirrorCoat,IcyWind|||F|||50|,,,,,Steel]Kilowattrel||ChoiceSpecs|Competitive|Discharge,Thunderbolt,VoltSwitch,AirSlash|||M|||50|,,,,,Ghost]Mamoswine||FocusSash|Oblivious|IcicleCrash,Earthquake,IceShard,Protect|||F|||50|,,,,,Ghost
|inactive|Battle timer is ON: inactive players will automatically lose when time's up. (requested by Permasona)
|inactive|Permasona has 60 seconds left.
|inactive|Permasona has 30 seconds left.
|inactive|Permasona has 20 seconds left.
|inactive|Permasona has 15 seconds left.
|inactive|Permasona has 10 seconds left.
|inactive|Permasona has 5 seconds left.
|
|t:|1757635512
|teamsize|p1|4
|teamsize|p2|4
|start
|switch|p1a: Gothitelle|Gothitelle, L50, F|100/100
|switch|p1b: Ursaluna|Ursaluna-Bloodmoon, L50, M|100/100
|switch|p2a: Kilowattrel|Kilowattrel, L50, M|100/100
|switch|p2b: Mamoswine|Mamoswine, L50, F|100/100
|turn|1
|inactive|Permasona has 30 seconds left.
|inactive|SlipperyDanger has 30 seconds left.
|inactive|Permasona has 20 seconds left.
|inactive|SlipperyDanger has 20 seconds left.
|inactive|Permasona has 15 seconds left.
|inactive|SlipperyDanger has 15 seconds left.
|inactive|Permasona has 10 seconds left.
|inactive|SlipperyDanger has 10 seconds left.
|
|t:|1757635562
|-terastallize|p2a: Kilowattrel|Ghost
|move|p2b: Mamoswine|Protect|p2b: Mamoswine
|-singleturn|p2b: Mamoswine|Protect
|move|p1a: Gothitelle|Fake Out|p2a: Kilowattrel
|-immune|p2a: Kilowattrel
|move|p2a: Kilowattrel|Volt Switch|p1a: Gothitelle
|-damage|p1a: Gothitelle|55/100
|
|t:|1757635572
|switch|p2a: Tatsugiri|Tatsugiri, L50, F|100/100|[from] Volt Switch
|move|p1b: Ursaluna|Hyper Voice|p2a: Tatsugiri|[spread] p2a
|-activate|p2b: Mamoswine|move: Protect
|-damage|p2a: Tatsugiri|68/100
|-damage|p1b: Ursaluna|91/100|[from] item: Life Orb
|
|upkeep
|turn|2
|
|t:|1757635588
|switch|p1a: Incineroar|Incineroar, L50, M|100/100
|-ability|p1a: Incineroar|Intimidate|boost
|-unboost|p2a: Tatsugiri|atk|1
|-fail|p2b: Mamoswine|unboost|Attack|[from] ability: Oblivious|[of] p2b: Mamoswine
|-terastallize|p1b: Ursaluna|Ghost
|move|p2b: Mamoswine|Icicle Crash|p1b: Ursaluna
|-damage|p1b: Ursaluna|59/100
|move|p2a: Tatsugiri|Draco Meteor|p1a: Incineroar
|-damage|p1a: Incineroar|44/100
|-unboost|p2a: Tatsugiri|spa|2
|move|p1b: Ursaluna|Blood Moon|p2a: Tatsugiri
|-damage|p2a: Tatsugiri|0 fnt
|faint|p2a: Tatsugiri
|-damage|p1b: Ursaluna|49/100|[from] item: Life Orb
|
|upkeep
|
|t:|1757635603
|switch|p2a: Kilowattrel|Kilowattrel, L50, M, tera:Ghost|100/100
|turn|3
|
|t:|1757635619
|switch|p2b: Dondozo|Dondozo, L50, M|100/100
|move|p1a: Incineroar|Protect|p1a: Incineroar
|-singleturn|p1a: Incineroar|Protect
|move|p1b: Ursaluna|Protect|p1b: Ursaluna
|-singleturn|p1b: Ursaluna|Protect
|move|p2a: Kilowattrel|Thunderbolt|p1b: Ursaluna
|-activate|p1b: Ursaluna|move: Protect
|
|upkeep
|turn|4
|inactive|SlipperyDanger has 30 seconds left.
|
|t:|1757635647
|switch|p1b: Electabuzz|Electabuzz, L50, F|100/100
|move|p2a: Kilowattrel|Thunderbolt|p1b: Electabuzz
|-resisted|p1b: Electabuzz
|-damage|p1b: Electabuzz|77/100
|move|p1a: Incineroar|Parting Shot|p2a: Kilowattrel
|-unboost|p2a: Kilowattrel|atk|1
|-ability|p2a: Kilowattrel|Competitive|boost
|-boost|p2a: Kilowattrel|spa|2
|-unboost|p2a: Kilowattrel|spa|1
|-ability|p2a: Kilowattrel|Competitive|boost
|-boost|p2a: Kilowattrel|spa|2
|
|t:|1757635659
|switch|p1a: Gothitelle|Gothitelle, L50, F|55/100|[from] Parting Shot
|move|p2b: Dondozo|Wave Crash|p1a: Gothitelle
|-damage|p1a: Gothitelle|14/100
|-enditem|p1a: Gothitelle|Sitrus Berry|[eat]
|-heal|p1a: Gothitelle|39/100|[from] item: Sitrus Berry
|-damage|p2b: Dondozo|91/100|[from] Recoil
|
|-heal|p2b: Dondozo|97/100|[from] item: Leftovers
|upkeep
|turn|5
|c|â˜†Permasona|what have I done
|
|t:|1757635690
|move|p1a: Gothitelle|Fake Out|p2b: Dondozo
|-damage|p2b: Dondozo|93/100
|move|p2a: Kilowattrel|Thunderbolt|p1a: Gothitelle
|-damage|p1a: Gothitelle|0 fnt
|faint|p1a: Gothitelle
|move|p1b: Electabuzz|Thunderbolt|p2a: Kilowattrel
|-damage|p2a: Kilowattrel|38/100
|cant|p2b: Dondozo|flinch
|
|-heal|p2b: Dondozo|99/100|[from] item: Leftovers
|upkeep
|
|t:|1757635697
|switch|p1a: Incineroar|Incineroar, L50, M|44/100
|-ability|p1a: Incineroar|Intimidate|boost
|-unboost|p2a: Kilowattrel|atk|1
|-ability|p2a: Kilowattrel|Competitive|boost
|-boost|p2a: Kilowattrel|spa|2
|-unboost|p2b: Dondozo|atk|1
|turn|6
|
|t:|1757635708
|move|p1a: Incineroar|Fake Out|p2b: Dondozo
|-damage|p2b: Dondozo|92/100
|move|p2a: Kilowattrel|Thunderbolt|p1b: Electabuzz
|-resisted|p1b: Electabuzz
|-damage|p1b: Electabuzz|0 fnt
|faint|p1b: Electabuzz
|cant|p2b: Dondozo|flinch
|
|-heal|p2b: Dondozo|98/100|[from] item: Leftovers
|upkeep
|-message|Permasona forfeited.
|
|win|SlipperyDanger
|l|â˜†Permasona
|player|p1|
||SlipperyDanger is ready for game 3.
||Permasona is ready for game 3.
|uhtml|next|Next: Game 3 of 3
