|j|☆lettitripppp
|j|☆Straxll
|html|lettitrippppStraxll    
|uhtml|bestof|Game 1 of a best-of-3
|t:|1783801833
|gametype|doubles
|player|p1|lettitripppp|lucas|1253
|player|p2|Straxll|rocketgrunt|1126
|gen|9
|tier|[Gen 9 Champions] VGC 2026 Reg M-B (Bo3)
|rated|
|rule|Species Clause: Limit one of each Pokémon
|rule|Item Clause: Limit 1 of each item
|clearpoke
|poke|p1|Charizard, L50, F|
|poke|p1|Basculegion, L50, M|
|poke|p1|Whimsicott, L50, F, shiny|
|poke|p1|Garchomp, L50, M, shiny|
|poke|p1|Floette-Eternal, L50, F|
|poke|p1|Kingambit, L50, M, shiny|
|poke|p2|Blastoise, L50, M|
|poke|p2|Pelipper, L50, M|
|poke|p2|Kingambit, L50, F|
|poke|p2|Slowking-Galar, L50, F|
|poke|p2|Archaludon, L50, M|
|poke|p2|Sylveon, L50, M|
|teampreview|4
|showteam|p1|Charizard||CharizarditeY|Blaze|WeatherBall,SolarBeam,HeatWave,Protect|Modest||F|||50|]Basculegion||MysticWater|Adaptability|LastRespects,WaveCrash,AquaJet,Protect|Adamant||M|||50|]Whimsicott||FocusSash|Prankster|Moonblast,Tailwind,Encore,Protect|Timid||F|||50|]Garchomp||LifeOrb|RoughSkin|DragonClaw,Earthquake,RockSlide,Protect|Jolly||M|||50|]Floette-Eternal||Floettite|FlowerVeil|DazzlingGleam,LightofRuin,Moonblast,Protect|Modest||F|||50|]Kingambit||ChopleBerry|Defiant|KowtowCleave,SuckerPunch,IronHead,LowKick|Adamant||M|||50|
|showteam|p2|Blastoise||Blastoisinite|RainDish|Protect,FakeOut,WaterSpout,AuraSphere|Relaxed||M|||50|]Pelipper||SitrusBerry|Drizzle|WeatherBall,Uturn,Hurricane,Tailwind|Modest||M|||50|]Kingambit||BlackGlasses|Defiant|Protect,SwordsDance,KowtowCleave,SuckerPunch|Adamant||F|||50|]Slowking-Galar||MentalHerb|Regenerator|TrickRoom,RainDance,AcidSpray,HealPulse|Sassy||F|||50|]Archaludon||DragonFang|Sturdy|Protect,DracoMeteor,SteelBeam,ElectroShot|Timid||M|||50|]Sylveon||FairyFeather|Pixilate|Protect,QuickAttack,HyperVoice,Psyshock|Sassy||M|||50|
|inactive|Battle timer is ON: inactive players will automatically lose when time's up. (requested by lettitripppp)
|inactive|lettitripppp has 60 seconds left.
|
|t:|1783801888
|teamsize|p1|4
|teamsize|p2|4
|start
|switch|p1a: CRUSH SHARK|Garchomp, L50, M, shiny|100/100
|switch|p1b: LETS GO GO|Whimsicott, L50, F, shiny|100/100
|switch|p2a: Slowking|Slowking-Galar, L50, F|100/100
|switch|p2b: Blastoise|Blastoise, L50, M|100/100
|turn|1
|
|t:|1783801902
|detailschange|p2b: Blastoise|Blastoise-Mega, L50, M
|-mega|p2b: Blastoise|Blastoise|Blastoisinite
|move|p2b: Blastoise|Fake Out|p1a: CRUSH SHARK
|-damage|p1a: CRUSH SHARK|89/100
|-damage|p2b: Blastoise|87/100|[from] ability: Rough Skin|[of] p1a: CRUSH SHARK
|move|p1b: LETS GO GO|Moonblast|p2b: Blastoise
|-damage|p2b: Blastoise|65/100
|cant|p1a: CRUSH SHARK|flinch
|move|p2a: Slowking|Trick Room|p2a: Slowking
|-fieldstart|move: Trick Room|[of] p2a: Slowking
|
|upkeep
|turn|2
|
|t:|1783801918
|move|p2a: Slowking|Heal Pulse|p2b: Blastoise
|-heal|p2b: Blastoise|100/100
|move|p2b: Blastoise|Water Spout|p1a: CRUSH SHARK|[spread] p1a,p1b
|-resisted|p1b: LETS GO GO|1
|-damage|p1a: CRUSH SHARK|34/100
|-damage|p1b: LETS GO GO|59/100
|move|p1a: CRUSH SHARK|Earthquake|p2a: Slowking|[spread] p1b,p2a,p2b
|-resisted|p1b: LETS GO GO|1
|-supereffective|p2a: Slowking|1
|-damage|p1b: LETS GO GO|28/100
|-damage|p2a: Slowking|0 fnt
|-damage|p2b: Blastoise|66/100
|faint|p2a: Slowking
|-damage|p1a: CRUSH SHARK|24/100|[from] item: Life Orb
|move|p1b: LETS GO GO|Moonblast|p2b: Blastoise
|-damage|p2b: Blastoise|40/100
|
|upkeep
|
|t:|1783801937
|switch|p2a: Kingambit|Kingambit, L50, F|100/100
|turn|3
|
|t:|1783801947
|move|p2a: Kingambit|Sucker Punch|p1a: CRUSH SHARK
|-damage|p1a: CRUSH SHARK|0 fnt
|-damage|p2a: Kingambit|87/100|[from] ability: Rough Skin|[of] p1a: CRUSH SHARK
|faint|p1a: CRUSH SHARK
|move|p2b: Blastoise|Water Spout|p1b: LETS GO GO
|-resisted|p1b: LETS GO GO|1
|-damage|p1b: LETS GO GO|5/100
|move|p1b: LETS GO GO|Moonblast|p2a: Kingambit
|-damage|p2a: Kingambit|61/100
|
|upkeep
|
|t:|1783801957
|switch|p1a: GENERAL BLADUS|Kingambit, L50, M, shiny|100/100
|turn|4
|
|t:|1783801972
|switch|p2b: Sylveon|Sylveon, L50, M|100/100
|move|p2a: Kingambit|Kowtow Cleave|p1a: GENERAL BLADUS
|-resisted|p1a: GENERAL BLADUS|1
|-damage|p1a: GENERAL BLADUS|76/100
|move|p1a: GENERAL BLADUS|Kowtow Cleave|p2b: Sylveon
|-resisted|p2b: Sylveon|1
|-damage|p2b: Sylveon|67/100
|move|p1b: LETS GO GO|Moonblast|p2a: Kingambit
|-damage|p2a: Kingambit|34/100
|
|upkeep
|turn|5
|inactive|Straxll has 30 seconds left.
|
|t:|1783802000
|move|p1b: LETS GO GO|Protect|p1b: LETS GO GO
|-singleturn|p1b: LETS GO GO|Protect
|move|p2a: Kingambit|Swords Dance|p2a: Kingambit
|-boost|p2a: Kingambit|atk|2
|move|p2b: Sylveon|Hyper Voice|p1a: GENERAL BLADUS|[spread] p1a
|-activate|p1b: LETS GO GO|move: Protect
|-damage|p1a: GENERAL BLADUS|40/100
|move|p1a: GENERAL BLADUS|Iron Head|p2b: Sylveon
|-supereffective|p2b: Sylveon|1
|-damage|p2b: Sylveon|0 fnt
|faint|p2b: Sylveon
|
|-fieldend|move: Trick Room
|upkeep
|
|t:|1783802016
|switch|p2b: Blastoise|Blastoise-Mega, L50, M|40/100
|turn|6
|
|t:|1783802036
|move|p2b: Blastoise|Fake Out|p1a: GENERAL BLADUS
|-resisted|p1a: GENERAL BLADUS|1
|-damage|p1a: GENERAL BLADUS|36/100
|move|p2a: Kingambit|Sucker Punch|p1b: LETS GO GO
|-resisted|p1b: LETS GO GO|1
|-damage|p1b: LETS GO GO|0 fnt
|faint|p1b: LETS GO GO
|cant|p1a: GENERAL BLADUS|flinch
|
|upkeep
|
|t:|1783802043
|switch|p1b: RUINOUS LIGHT|Floette-Eternal, L50, F|100/100
|turn|7
|
|t:|1783802056
|detailschange|p1b: RUINOUS LIGHT|Floette-Mega, L50, F
|-mega|p1b: RUINOUS LIGHT|Floette|Floettite
|-ability|p1b: RUINOUS LIGHT|Fairy Aura
|move|p1a: GENERAL BLADUS|Sucker Punch|p2a: Kingambit
|-resisted|p2a: Kingambit|1
|-damage|p2a: Kingambit|19/100
|move|p2a: Kingambit|Sucker Punch|p1b: RUINOUS LIGHT
|-resisted|p1b: RUINOUS LIGHT|1
|-damage|p1b: RUINOUS LIGHT|34/100
|move|p1b: RUINOUS LIGHT|Dazzling Gleam|p2b: Blastoise|[spread] p2a,p2b
|-damage|p2a: Kingambit|0 fnt
|-damage|p2b: Blastoise|0 fnt
|faint|p2a: Kingambit
|faint|p2b: Blastoise
|
|win|lettitripppp
|inactive|lettitripppp has 30 seconds to confirm battle start!
|inactive|Straxll has 30 seconds to confirm battle start!
