|j|☆sopa de moscas
|j|☆JvinsVGC
|html|sopa de moscasJvinsVGC    
|uhtml|bestof|Game 2 of a best-of-3
|t:|1783164022
|gametype|doubles
|player|p1|sopa de moscas|miku-ghost|1317
|player|p2|JvinsVGC|265|1356
|gen|9
|tier|[Gen 9 Champions] VGC 2026 Reg M-B (Bo3)
|rated|
|rule|Species Clause: Limit one of each Pokémon
|rule|Item Clause: Limit 1 of each item
|clearpoke
|poke|p1|Incineroar, L50, F|
|poke|p1|Farigiraf, L50, M|
|poke|p1|Torkoal, L50, M|
|poke|p1|Floette-Eternal, L50, F|
|poke|p1|Maushold-Four, L50|
|poke|p1|Golurk, L50|
|poke|p2|Staraptor, L50, M|
|poke|p2|Grimmsnarl, L50, M|
|poke|p2|Arcanine-Hisui, L50, M|
|poke|p2|Garchomp, L50, M|
|poke|p2|Gholdengo, L50|
|poke|p2|Maushold-Four, L50|
|teampreview|4
|showteam|p1|Incineroar||ChopleBerry|Intimidate|ThroatChop,FakeOut,FlareBlitz,PartingShot|Careful||F|||50|]Farigiraf||SitrusBerry|ArmorTail|Thunderbolt,Psychic,TrickRoom,Protect|Sassy||M|||50|]Torkoal||Charcoal|Drought|Eruption,HeatWave,WeatherBall,Protect|Quiet||M|||50|]Floette-Eternal||Floettite|FlowerVeil|Moonblast,DazzlingGleam,LightofRuin,Protect|Modest||F|||50|]Maushold-Four||WideLens|Technician|PopulationBomb,FollowMe,HelpingHand,Protect|Jolly|||||50|]Golurk||LifeOrb|NoGuard|HeadlongRush,Poltergeist,Protect,StoneEdge|Brave|||||50|
|showteam|p2|Staraptor||Staraptite|Intimidate|CloseCombat,BraveBird,Tailwind,Roost|Adamant||M|||50|]Grimmsnarl||LightClay|Prankster|LightScreen,Reflect,SpiritBreak,PartingShot|Careful||M|||50|]Arcanine-Hisui||HardStone|RockHead|FlareBlitz,RockSlide,HeadSmash,Protect|Adamant||M|||50|]Garchomp||SoftSand|RoughSkin|Earthquake,DragonClaw,SwordsDance,Protect|Adamant||M|||50|]Gholdengo||SitrusBerry|GoodasGold|MakeItRain,ShadowBall,NastyPlot,Protect|Modest|||||50|]Maushold-Four||FocusSash|FriendGuard|FollowMe,SuperFang,Charm,Protect|Timid|||||50|
|inactive|Battle timer is ON: inactive players will automatically lose when time's up. (requested by sopa de moscas)
|inactive|JvinsVGC has 60 seconds left.
|
|t:|1783164075
|teamsize|p1|4
|teamsize|p2|4
|start
|switch|p1a: Incineroar|Incineroar, L50, F|100/100
|switch|p1b: Farigiraf|Farigiraf, L50, M|100/100
|switch|p2a: Arcanine|Arcanine-Hisui, L50, M|100/100
|switch|p2b: Maushold|Maushold-Four, L50|100/100
|-ability|p1a: Incineroar|Intimidate|boost
|-unboost|p2a: Arcanine|atk|1
|-unboost|p2b: Maushold|atk|1
|turn|1
|
|t:|1783164094
|switch|p2a: Gholdengo|Gholdengo, L50|100/100
|move|p1a: Incineroar|Fake Out|p2b: Maushold
|-damage|p2b: Maushold|86/100
|cant|p2b: Maushold|flinch
|move|p1b: Farigiraf|Psychic|p2a: Gholdengo
|-resisted|p2a: Gholdengo|1
|-damage|p2a: Gholdengo|86/100
|
|upkeep
|turn|2
|inactive|JvinsVGC has 30 seconds left.
|
|t:|1783164124
|move|p2b: Maushold|Charm|p1a: Incineroar
|-unboost|p1a: Incineroar|atk|2
|move|p2a: Gholdengo|Nasty Plot|p2a: Gholdengo
|-boost|p2a: Gholdengo|spa|2
|move|p1a: Incineroar|Flare Blitz|p2a: Gholdengo
|-supereffective|p2a: Gholdengo|1
|-damage|p2a: Gholdengo|48/100
|-enditem|p2a: Gholdengo|Sitrus Berry|[eat]
|-heal|p2a: Gholdengo|73/100|[from] item: Sitrus Berry
|-damage|p1a: Incineroar|88/100|[from] Recoil
|move|p1b: Farigiraf|Trick Room|p1b: Farigiraf
|-fieldstart|move: Trick Room|[of] p1b: Farigiraf
|
|upkeep
|turn|3
|
|t:|1783164143
|move|p2b: Maushold|Follow Me|p2b: Maushold
|-singleturn|p2b: Maushold|move: Follow Me
|move|p1b: Farigiraf|Psychic|p2b: Maushold
|-damage|p2b: Maushold|40/100
|move|p1a: Incineroar|Flare Blitz|p2b: Maushold
|-damage|p2b: Maushold|5/100
|-status|p2b: Maushold|brn
|-damage|p1a: Incineroar|78/100|[from] Recoil
|move|p2a: Gholdengo|Nasty Plot|p2a: Gholdengo
|-boost|p2a: Gholdengo|spa|2
|
|-damage|p2b: Maushold|0 fnt|[from] brn
|faint|p2b: Maushold
|upkeep
|
|t:|1783164155
|switch|p2b: Grimmsnarl|Grimmsnarl, L50, M|100/100
|turn|4
|
|t:|1783164172
|move|p2b: Grimmsnarl|Reflect|p2b: Grimmsnarl
|-sidestart|p2: JvinsVGC|Reflect
|move|p1b: Farigiraf|Thunderbolt|p2a: Gholdengo
|-damage|p2a: Gholdengo|51/100
|move|p1a: Incineroar|Flare Blitz|p2a: Gholdengo
|-supereffective|p2a: Gholdengo|1
|-damage|p2a: Gholdengo|19/100
|-damage|p1a: Incineroar|68/100|[from] Recoil
|move|p2a: Gholdengo|Make It Rain|p1b: Farigiraf|[spread] p1a,p1b
|-resisted|p1a: Incineroar|1
|-damage|p1a: Incineroar|2/100
|-damage|p1b: Farigiraf|0 fnt
|-unboost|p2a: Gholdengo|spa|2
|faint|p1b: Farigiraf
|
|upkeep
|
|t:|1783164183
|switch|p1b: Golurk|Golurk, L50|100/100
|turn|5
|
|t:|1783164197
|move|p2a: Gholdengo|Protect|p2a: Gholdengo
|-singleturn|p2a: Gholdengo|Protect
|move|p1b: Golurk|Headlong Rush|p2a: Gholdengo
|-activate|p2a: Gholdengo|move: Protect
|move|p2b: Grimmsnarl|Spirit Break|p1a: Incineroar
|-damage|p1a: Incineroar|0 fnt
|faint|p1a: Incineroar
|
|upkeep
|
|t:|1783164204
|switch|p1a: Floette|Floette-Eternal, L50, F|100/100
|turn|6
|
|t:|1783164222
|detailschange|p1a: Floette|Floette-Mega, L50, F
|-mega|p1a: Floette|Floette|Floettite
|-ability|p1a: Floette|Fairy Aura
|move|p2b: Grimmsnarl|Light Screen|p2b: Grimmsnarl
|-sidestart|p2: JvinsVGC|move: Light Screen
|move|p1b: Golurk|Headlong Rush|p2a: Gholdengo
|-supereffective|p2a: Gholdengo|1
|-damage|p2a: Gholdengo|0 fnt
|-unboost|p1b: Golurk|def|1
|-unboost|p1b: Golurk|spd|1
|faint|p2a: Gholdengo
|-damage|p1b: Golurk|90/100|[from] item: Life Orb
|move|p1a: Floette|Moonblast|p2b: Grimmsnarl
|-supereffective|p2b: Grimmsnarl|1
|-crit|p2b: Grimmsnarl
|-damage|p2b: Grimmsnarl|0 fnt
|faint|p2b: Grimmsnarl
|
|-fieldend|move: Trick Room
|upkeep
|
|t:|1783164225
|switch|p2b: Arcanine|Arcanine-Hisui, L50, M|100/100
|turn|7
|
|t:|1783164233
|move|p1a: Floette|Moonblast|p2b: Arcanine
|-resisted|p2b: Arcanine|1
|-damage|p2b: Arcanine|73/100
|move|p2b: Arcanine|Flare Blitz|p1b: Golurk
|-damage|p1b: Golurk|0 fnt
|faint|p1b: Golurk
|
|upkeep
|turn|8
|
|t:|1783164242
|move|p1a: Floette|Protect|p1a: Floette
|-singleturn|p1a: Floette|Protect
|move|p2b: Arcanine|Head Smash|p1a: Floette
|-activate|p1a: Floette|move: Protect
|
|upkeep
|turn|9
|
|t:|1783164248
|move|p1a: Floette|Moonblast|p2b: Arcanine
|-resisted|p2b: Arcanine|1
|-damage|p2b: Arcanine|42/100
|-unboost|p2b: Arcanine|spa|1
|move|p2b: Arcanine|Head Smash|p1a: Floette
|-damage|p1a: Floette|0 fnt
|faint|p1a: Floette
|
|win|JvinsVGC
||sopa de moscas is ready for game 3.
|inactive|JvinsVGC has 30 seconds to confirm battle start!
||JvinsVGC is ready for game 3.
|uhtml|next|Next: Game 3 of 3
|l|☆JvinsVGC
|player|p2|
