|j|☆LastHorzion
|j|☆Vuultur
|html|LastHorzionVuultur    
|uhtml|bestof|Game 1 of a best-of-3
|t:|1756999888
|gametype|doubles
|player|p1|LastHorzion|steven|1282
|player|p2|Vuultur|hilbert-wonderlauncher|1332
|gen|9
|tier|[Gen 9] VGC 2025 Reg H (Bo3)
|rated|
|rule|Species Clause: Limit one of each Pokémon
|rule|Item Clause: Limit 1 of each item
|clearpoke
|poke|p1|Sneasler, L50, F|
|poke|p1|Indeedee, L50, M|
|poke|p1|Ursaluna-Bloodmoon, L50, M|
|poke|p1|Electabuzz, L50, F|
|poke|p1|Tyranitar, L50, M|
|poke|p1|Talonflame, L50, F|
|poke|p2|Gholdengo, L50|
|poke|p2|Amoonguss, L50, F|
|poke|p2|Basculegion, L50, M|
|poke|p2|Pelipper, L50, M|
|poke|p2|Incineroar, L50, F|
|poke|p2|Archaludon, L50, F|
|teampreview|4
|showteam|p1|Sneasler||PsychicSeed|Unburden|CloseCombat,DireClaw,ThroatChop,Protect|||F|||50|,,,,,Dark]Indeedee||FocusSash|PsychicSurge|ExpandingForce,TrickRoom,Imprison,Protect|||M|||50|,,,,,Psychic]Ursaluna-Bloodmoon||LifeOrb|MindsEye|BloodMoon,HyperVoice,EarthPower,Protect|||M|||50|,,,,,Normal]Electabuzz||Eviolite|VitalSpirit|Electroweb,FollowMe,Taunt,Protect|||F|||50|,,,,,Dragon]Tyranitar||AssaultVest|SandStream|KnockOff,TeraBlast,RockSlide,LowKick|||M|||50|,,,,,Flying]Talonflame||CovertCloak|GaleWings|FlareBlitz,DualWingbeat,WillOWisp,Tailwind|||F|||50|,,,,,Fairy
|showteam|p2|Gholdengo||LifeOrb|GoodasGold|MakeItRain,ShadowBall,NastyPlot,Protect||||||50|,,,,,Water]Amoonguss||SitrusBerry|Regenerator|Spore,RagePowder,PollenPuff,ClearSmog|||F|||50|,,,,,Psychic]Basculegion||ChoiceBand|SwiftSwim|WaveCrash,FlipTurn,LastRespects,AquaJet|||M|||50|,,,,,Water]Pelipper||FocusSash|Drizzle|WeatherBall,Hurricane,Tailwind,Protect|||M|||50|,,,,,Ground]Incineroar||SafetyGoggles|Intimidate|FlareBlitz,KnockOff,PartingShot,FakeOut|||F|||50|,,,,,Ghost]Archaludon||AssaultVest|Stamina|ElectroShot,FlashCannon,DracoMeteor,BodyPress|||F|||50|,,,,,Bug
|inactive|Battle timer is ON: inactive players will automatically lose when time's up. (requested by LastHorzion)
|inactive|LastHorzion has 60 seconds left.
|inactive|Vuultur has 60 seconds left.
|inactive|Vuultur has 30 seconds left.
|inactive|Vuultur has 20 seconds left.
|inactive|Vuultur has 15 seconds left.
|inactive|Vuultur has 10 seconds left.
|inactive|Vuultur has 5 seconds left.
|
|t:|1756999978
|teamsize|p1|4
|teamsize|p2|4
|start
|switch|p1a: Electabuzz|Electabuzz, L50, F|100/100
|switch|p1b: Ursaluna|Ursaluna-Bloodmoon, L50, M|100/100
|switch|p2a: Pelipper|Pelipper, L50, M|100/100
|switch|p2b: Basculegion|Basculegion, L50, M|100/100
|-weather|RainDance|[from] ability: Drizzle|[of] p2a: Pelipper
|turn|1
|
|t:|1756999995
|-terastallize|p2b: Basculegion|Water
|-terastallize|p1a: Electabuzz|Dragon
|move|p1a: Electabuzz|Follow Me|p1a: Electabuzz
|-singleturn|p1a: Electabuzz|move: Follow Me
|move|p2b: Basculegion|Wave Crash|p1a: Electabuzz
|-resisted|p1a: Electabuzz
|-damage|p1a: Electabuzz|1/100
|-damage|p2b: Basculegion|74/100|[from] Recoil
|move|p2a: Pelipper|Weather Ball|p1a: Electabuzz
|-resisted|p1a: Electabuzz
|-damage|p1a: Electabuzz|0 fnt
|faint|p1a: Electabuzz
|move|p1b: Ursaluna|Hyper Voice|p2b: Basculegion|[spread] p2a,p2b
|-damage|p2a: Pelipper|12/100
|-damage|p2b: Basculegion|19/100
|-damage|p1b: Ursaluna|91/100|[from] item: Life Orb
|
|-weather|RainDance|[upkeep]
|upkeep
|
|t:|1757000015
|switch|p1a: Indeedee|Indeedee, L50, M|100/100
|-fieldstart|move: Psychic Terrain|[from] ability: Psychic Surge|[of] p1a: Indeedee
|turn|2
|
|t:|1757000038
|switch|p2b: Gholdengo|Gholdengo, L50|100/100
|switch|p2a: Archaludon|Archaludon, L50, F|100/100
|move|p1b: Ursaluna|Protect|p1b: Ursaluna
|-singleturn|p1b: Ursaluna|Protect
|move|p1a: Indeedee|Expanding Force|p2a: Archaludon|[spread] p2a,p2b
|-resisted|p2a: Archaludon
|-resisted|p2b: Gholdengo
|-damage|p2a: Archaludon|80/100
|-damage|p2b: Gholdengo|69/100
|-ability|p2a: Archaludon|Stamina|boost
|-boost|p2a: Archaludon|def|1
|
|-weather|RainDance|[upkeep]
|upkeep
|turn|3
|inactive|LastHorzion has 30 seconds left.
|inactive|Vuultur has 30 seconds left.
|inactive|LastHorzion has 20 seconds left.
|inactive|LastHorzion has 15 seconds left.
|
|t:|1757000078
|move|p1a: Indeedee|Expanding Force|p2a: Archaludon|[spread] p2a,p2b
|-resisted|p2a: Archaludon
|-resisted|p2b: Gholdengo
|-damage|p2a: Archaludon|61/100
|-damage|p2b: Gholdengo|40/100
|-ability|p2a: Archaludon|Stamina|boost
|-boost|p2a: Archaludon|def|1
|move|p2b: Gholdengo|Make It Rain|p1b: Ursaluna|[spread] p1a,p1b
|-damage|p1a: Indeedee|20/100
|-damage|p1b: Ursaluna|15/100
|-unboost|p2b: Gholdengo|spa|1
|-damage|p2b: Gholdengo|31/100|[from] item: Life Orb
|move|p2a: Archaludon|Body Press|p1b: Ursaluna
|-supereffective|p1b: Ursaluna
|-damage|p1b: Ursaluna|0 fnt
|faint|p1b: Ursaluna
|
|-weather|RainDance|[upkeep]
|upkeep
|
|t:|1757000092
|switch|p1b: Sneasler|Sneasler, L50, F|100/100
|-enditem|p1b: Sneasler|Psychic Seed
|-boost|p1b: Sneasler|spd|1|[from] item: Psychic Seed
|turn|4
|
|t:|1757000114
|move|p1b: Sneasler|Close Combat|p2a: Archaludon
|-supereffective|p2a: Archaludon
|-damage|p2a: Archaludon|8/100
|-unboost|p1b: Sneasler|def|1
|-unboost|p1b: Sneasler|spd|1
|-ability|p2a: Archaludon|Stamina|boost
|-boost|p2a: Archaludon|def|1
|move|p1a: Indeedee|Expanding Force|p2b: Gholdengo|[spread] p2a,p2b
|-resisted|p2a: Archaludon
|-resisted|p2b: Gholdengo
|-crit|p2b: Gholdengo
|-damage|p2a: Archaludon|0 fnt
|-damage|p2b: Gholdengo|0 fnt
|faint|p2a: Archaludon
|faint|p2b: Gholdengo
|
|-weather|RainDance|[upkeep]
|upkeep
|
|t:|1757000129
|switch|p2b: Basculegion|Basculegion, L50, M, tera:Water|19/100
|switch|p2a: Pelipper|Pelipper, L50, M|12/100
|turn|5
|
|t:|1757000144
|move|p1b: Sneasler|Dire Claw|p2b: Basculegion
|-damage|p2b: Basculegion|0 fnt
|faint|p2b: Basculegion
|move|p1a: Indeedee|Expanding Force|p2a: Pelipper
|-damage|p2a: Pelipper|0 fnt
|faint|p2a: Pelipper
|
|win|LastHorzion
||Vuultur is ready for game 2.
||LastHorzion is ready for game 2.
|uhtml|next|Next: Game 2 of 3
