|j|☆That1Morpecko
|j|☆atharvsmp
|html|That1Morpeckoatharvsmp    
|uhtml|bestof|Game 2 of a best-of-3
|t:|1783350013
|gametype|doubles
|player|p1|That1Morpecko|hiker-gen4|1049
|player|p2|atharvsmp|lucas|1079
|gen|9
|tier|[Gen 9 Champions] VGC 2026 Reg M-B (Bo3)
|rated|
|rule|Species Clause: Limit one of each Pokémon
|rule|Item Clause: Limit 1 of each item
|clearpoke
|poke|p1|Archaludon, L50, M|
|poke|p1|Pelipper, L50, F|
|poke|p1|Grimmsnarl, L50, M|
|poke|p1|Metagross, L50|
|poke|p1|Sinistcha, L50|
|poke|p1|Swampert, L50, F|
|poke|p2|Garchomp, L50, F|
|poke|p2|Rotom-Heat, L50|
|poke|p2|Empoleon, L50, M|
|poke|p2|Roserade, L50, F|
|poke|p2|Froslass, L50, F|
|poke|p2|Lucario, L50, F|
|teampreview|4
|showteam|p1|Archaludon||Leftovers|Stamina|Protect,ElectroShot,FlashCannon,DragonPulse|Modest||M|||50|]Pelipper||WacanBerry|Drizzle|WideGuard,Tailwind,WeatherBall,Hurricane|Modest||F|||50|]Grimmsnarl||LightClay|Prankster|FoulPlay,PartingShot,LightScreen,Reflect|Calm||M|||50|]Metagross||Metagrossite|ClearBody|IronHead,Protect,BodyPress,PsychicFangs|Jolly|||||50|]Sinistcha||CobaBerry|Hospitality|Protect,TrickRoom,MatchaGotcha,RagePowder|Relaxed|||||50|]Swampert||Swampertite|Damp|Protect,IcePunch,WaveCrash,Earthquake|Adamant||F|||50|
|showteam|p2|Garchomp||LifeOrb|RoughSkin|Protect,RockSlide,Earthquake,DragonClaw|Jolly||F|||50|]Rotom-Heat||ChoiceScarf|Levitate|Overheat,Thunderbolt,Trick,WillOWisp|Timid|||||50|]Empoleon||Leftovers|Competitive|GrassKnot,FlashCannon,IceBeam,ChillingWater|Modest||M|||50|]Roserade||SitrusBerry|PoisonPoint|GigaDrain,LeechSeed,SludgeBomb,Protect|Timid||F|||50|]Froslass||FocusSash|CursedBody|DestinyBond,ChillingWater,IceBeam,ShadowBall|Timid||F|||50|]Lucario||Lucarionite|Justified|BulletPunch,CloseCombat,BlazeKick,IcePunch|Jolly||F|||50|
|inactive|Battle timer is ON: inactive players will automatically lose when time's up. (requested by That1Morpecko)
|inactive|atharvsmp also wants the timer to be on.
|inactive|That1Morpecko has 60 seconds left.
|
|t:|1783350054
|teamsize|p1|4
|teamsize|p2|4
|start
|switch|p1a: Swampert|Swampert, L50, F|100/100
|switch|p1b: Pelipper|Pelipper, L50, F|100/100
|switch|p2a: Garchomp|Garchomp, L50, F|100/100
|switch|p2b: Empoleon|Empoleon, L50, M|100/100
|-weather|RainDance|[from] ability: Drizzle|[of] p1b: Pelipper
|turn|1
|inactive|That1Morpecko has 30 seconds left.
|
|t:|1783350083
|switch|p1b: Sinistcha|Sinistcha, L50|100/100
|move|p1a: Swampert|Protect|p1a: Swampert
|-singleturn|p1a: Swampert|Protect
|move|p2a: Garchomp|Rock Slide|p1b: Sinistcha|[spread] p1b
|-activate|p1a: Swampert|move: Protect
|-damage|p1b: Sinistcha|82/100
|-damage|p2a: Garchomp|90/100|[from] item: Life Orb
|move|p2b: Empoleon|Grass Knot|p1a: Swampert
|-activate|p1a: Swampert|move: Protect
|
|-weather|RainDance|[upkeep]
|upkeep
|turn|2
|
|t:|1783350097
|detailschange|p1a: Swampert|Swampert-Mega, L50, F
|-mega|p1a: Swampert|Swampert|Swampertite
|move|p2a: Garchomp|Protect|p2a: Garchomp
|-singleturn|p2a: Garchomp|Protect
|move|p1b: Sinistcha|Rage Powder|p1b: Sinistcha
|-singleturn|p1b: Sinistcha|move: Rage Powder
|move|p1a: Swampert|Earthquake|p2a: Garchomp|[spread] p1b,p2b
|-activate|p2a: Garchomp|move: Protect
|-resisted|p1b: Sinistcha|1
|-supereffective|p2b: Empoleon|1
|-damage|p1b: Sinistcha|65/100
|-damage|p2b: Empoleon|5/100
|move|p2b: Empoleon|Grass Knot|p1b: Sinistcha
|-resisted|p1b: Sinistcha|1
|-damage|p1b: Sinistcha|61/100
|
|-weather|RainDance|[upkeep]
|-heal|p2b: Empoleon|11/100|[from] item: Leftovers
|upkeep
|turn|3
|
|t:|1783350118
|move|p1a: Swampert|Protect|p1a: Swampert
|-singleturn|p1a: Swampert|Protect
|move|p2a: Garchomp|Dragon Claw|p1b: Sinistcha
|-damage|p1b: Sinistcha|21/100
|-damage|p2a: Garchomp|80/100|[from] item: Life Orb
|move|p1b: Sinistcha|Matcha Gotcha|p2a: Garchomp|[spread] p2b
|-miss|p1b: Sinistcha|p2a: Garchomp
|-damage|p2b: Empoleon|0 fnt
|-heal|p1b: Sinistcha|28/100|[from] drain|[of] p2b: Empoleon
|faint|p2b: Empoleon
|
|-weather|RainDance|[upkeep]
|upkeep
|
|t:|1783350131
|switch|p2b: Froslass|Froslass, L50, F|100/100
|turn|4
|
|t:|1783350150
|switch|p1a: Archaludon|Archaludon, L50, M|100/100
|move|p2a: Garchomp|Protect|p2a: Garchomp
|-singleturn|p2a: Garchomp|Protect
|move|p2b: Froslass|Destiny Bond|p2b: Froslass
|-singlemove|p2b: Froslass|Destiny Bond
|move|p1b: Sinistcha|Matcha Gotcha|p2b: Froslass|[spread] 
|-activate|p2a: Garchomp|move: Protect
|-miss|p1b: Sinistcha|p2b: Froslass
|
|-weather|RainDance|[upkeep]
|upkeep
|turn|5
|inactive|atharvsmp has 30 seconds left.
|inactive|atharvsmp has 20 seconds left.
|inactive|atharvsmp has 15 seconds left.
|
|t:|1783350191
|move|p2b: Froslass|Ice Beam|p1b: Sinistcha
|-supereffective|p1b: Sinistcha|1
|-damage|p1b: Sinistcha|0 fnt
|faint|p1b: Sinistcha
|move|p2a: Garchomp|Earthquake|p1a: Archaludon|[spread] p2b,p1a
|-supereffective|p1a: Archaludon|1
|-damage|p2b: Froslass|22/100
|-damage|p1a: Archaludon|20/100y
|-start|p2a: Garchomp|Disable|Earthquake|[from] ability: Cursed Body|[of] p2b: Froslass
|-ability|p1a: Archaludon|Stamina|boost
|-boost|p1a: Archaludon|def|1
|-damage|p2a: Garchomp|70/100|[from] item: Life Orb
|move|p1a: Archaludon|Flash Cannon|p2b: Froslass
|-supereffective|p2b: Froslass|1
|-damage|p2b: Froslass|0 fnt
|faint|p2b: Froslass
|
|-weather|none
|-heal|p1a: Archaludon|26/100|[from] item: Leftovers
|upkeep
|
|t:|1783350212
|switch|p2b: Lucario|Lucario, L50, F|100/100
|switch|p1b: Swampert|Swampert-Mega, L50, F|100/100
|turn|6
|
|t:|1783350225
|switch|p1a: Pelipper|Pelipper, L50, F|100/100
|-weather|RainDance|[from] ability: Drizzle|[of] p1a: Pelipper
|detailschange|p2b: Lucario|Lucario-Mega, L50, F
|-mega|p2b: Lucario|Lucario|Lucarionite
|move|p1b: Swampert|Wave Crash|p2b: Lucario
|-damage|p2b: Lucario|0 fnt
|faint|p2b: Lucario
|-damage|p1b: Swampert|73/100|[from] Recoil
|move|p2a: Garchomp|Dragon Claw|p1b: Swampert
|-damage|p1b: Swampert|23/100
|-damage|p2a: Garchomp|60/100|[from] item: Life Orb
|
|-weather|RainDance|[upkeep]
|upkeep
|turn|7
|l|☆atharvsmp
|inactive|atharvsmp disconnected and has a minute to reconnect!
|player|p2|
|inactive|That1Morpecko has 30 seconds left.
|inactive|atharvsmp has 30 seconds left.
|inactive|That1Morpecko has 20 seconds left.
|inactive|atharvsmp has 20 seconds left.
|inactive|That1Morpecko has 15 seconds left.
|inactive|atharvsmp has 15 seconds left.
|inactive|That1Morpecko has 10 seconds left.
|inactive|atharvsmp has 10 seconds left.
|inactive|That1Morpecko has 5 seconds left.
|inactive|atharvsmp has 5 seconds left.
|-message|atharvsmp lost due to inactivity.
|
|win|That1Morpecko
|raw|That1Morpecko's rating: 1049 → 1084(+35 for winning)
|raw|atharvsmp's rating: 1079 → 1055(-24 for losing)
