|j|☆That1Morpecko
|j|☆Fell Blue
|html|That1MorpeckoFell Blue    
|uhtml|bestof|Game 1 of a best-of-3
|t:|1783377585
|gametype|doubles
|player|p1|That1Morpecko|hiker-gen4|1158
|player|p2|Fell Blue|fantina|1307
|gen|9
|tier|[Gen 9 Champions] VGC 2026 Reg M-B (Bo3)
|rated|
|rule|Species Clause: Limit one of each Pokémon
|rule|Item Clause: Limit 1 of each item
|clearpoke
|poke|p1|Archaludon, L50, F|
|poke|p1|Pelipper, L50, M|
|poke|p1|Grimmsnarl, L50, M|
|poke|p1|Metagross, L50|
|poke|p1|Sinistcha, L50|
|poke|p1|Swampert, L50, M|
|poke|p2|Mawile, L50, F|
|poke|p2|Farigiraf, L50, F|
|poke|p2|Drampa, L50, M|
|poke|p2|Kleavor, L50, M|
|poke|p2|Araquanid, L50, F|
|poke|p2|Incineroar, L50, M|
|teampreview|4
|showteam|p1|Archaludon||Leftovers|Stamina|Protect,ElectroShot,FlashCannon,DragonPulse|Modest||F|||50|]Pelipper||WacanBerry|Drizzle|WideGuard,Tailwind,WeatherBall,Hurricane|Modest||M|||50|]Grimmsnarl||LightClay|Prankster|FoulPlay,PartingShot,LightScreen,Reflect|Calm||M|||50|]Metagross||Metagrossite|ClearBody|IronHead,Protect,BodyPress,PsychicFangs|Jolly|||||50|]Sinistcha||CobaBerry|Hospitality|Protect,TrickRoom,MatchaGotcha,RagePowder|Relaxed|||||50|]Swampert||Swampertite|Damp|Protect,IcePunch,WaveCrash,Earthquake|Adamant||M|||50|
|showteam|p2|Mawile||Mawilite|HyperCutter|RockSlide,PlayRough,SuckerPunch,BrickBreak|Brave||F|||50|]Farigiraf||SitrusBerry|ArmorTail|Thunderbolt,HelpingHand,Psychic,TrickRoom|Modest||F|||50|]Drampa||Drampanite|CloudNine|EarthPower,EnergyBall,Thunderbolt,Protect|Quiet||M|||50|]Kleavor||FocusSash|Sharpness|Feint,XScissor,StoneAxe,CloseCombat|Brave||M|||50|]Araquanid||MysticWater|WaterBubble|Surf,HydroPump,MirrorCoat,Endeavor|Quiet||F|||50|]Incineroar||LifeOrb|Intimidate|CloseCombat,FlareBlitz,FakeOut,ThroatChop|Brave||M|||50|
|inactive|Battle timer is ON: inactive players will automatically lose when time's up. (requested by That1Morpecko)
|
|t:|1783377615
|teamsize|p1|4
|teamsize|p2|4
|start
|switch|p1a: Swampert|Swampert, L50, M|100/100
|switch|p1b: Pelipper|Pelipper, L50, M|100/100
|switch|p2a: Farigiraf|Farigiraf, L50, F|100/100
|switch|p2b: Incineroar|Incineroar, L50, M|100/100
|-weather|RainDance|[from] ability: Drizzle|[of] p1b: Pelipper
|-ability|p2b: Incineroar|Intimidate|boost
|-unboost|p1a: Swampert|atk|1
|-unboost|p1b: Pelipper|atk|1
|turn|1
|
|t:|1783377630
|switch|p1b: Sinistcha|Sinistcha, L50|100/100
|switch|p2b: Drampa|Drampa, L50, M|100/100
|-ability|p2b: Drampa|Cloud Nine
|detailschange|p1a: Swampert|Swampert-Mega, L50, M
|-mega|p1a: Swampert|Swampert|Swampertite
|move|p1a: Swampert|Wave Crash|p2a: Farigiraf
|-damage|p2a: Farigiraf|60/100
|-damage|p1a: Swampert|83/100|[from] Recoil
|move|p2a: Farigiraf|Trick Room|p2a: Farigiraf
|-fieldstart|move: Trick Room|[of] p2a: Farigiraf
|
|-weather|RainDance|[upkeep]
|upkeep
|turn|2
|
|t:|1783377650
|switch|p2a: Incineroar|Incineroar, L50, M|100/100
|-ability|p2a: Incineroar|Intimidate|boost
|-unboost|p1a: Swampert|atk|1
|-unboost|p1b: Sinistcha|atk|1
|move|p2b: Drampa|Energy Ball|p1a: Swampert
|-supereffective|p1a: Swampert|2
|-damage|p1a: Swampert|0 fnt
|faint|p1a: Swampert
|move|p1b: Sinistcha|Trick Room|p1b: Sinistcha
|-fieldend|move: Trick Room
|
|-weather|RainDance|[upkeep]
|upkeep
|
|t:|1783377657
|switch|p1a: Archaludon|Archaludon, L50, F|100/100
|turn|3
|inactive|Fell Blue has 30 seconds left.
|
|t:|1783377690
|move|p2b: Drampa|Protect|p2b: Drampa
|-singleturn|p2b: Drampa|Protect
|move|p1a: Archaludon|Dragon Pulse|p2b: Drampa
|-activate|p2b: Drampa|move: Protect
|move|p1b: Sinistcha|Matcha Gotcha|p2a: Incineroar|[spread] p2a
|-activate|p2b: Drampa|move: Protect
|-resisted|p2a: Incineroar|1
|-damage|p2a: Incineroar|88/100
|move|p2a: Incineroar|Flare Blitz|p1b: Sinistcha
|-supereffective|p1b: Sinistcha|1
|-damage|p1b: Sinistcha|0 fnt
|faint|p1b: Sinistcha
|-damage|p2a: Incineroar|59/100|[from] Recoil
|-damage|p2a: Incineroar|49/100|[from] item: Life Orb
|
|-weather|RainDance|[upkeep]
|upkeep
|
|t:|1783377702
|switch|p1b: Pelipper|Pelipper, L50, M|100/100
|turn|4
|
|t:|1783377715
|move|p1a: Archaludon|Flash Cannon|p2b: Drampa
|-damage|p2b: Drampa|67/100
|move|p1b: Pelipper|Weather Ball|p2a: Incineroar
|-damage|p2a: Incineroar|35/100
|move|p2a: Incineroar|Close Combat|p1a: Archaludon
|-supereffective|p1a: Archaludon|1
|-damage|p1a: Archaludon|20/100y
|-unboost|p2a: Incineroar|def|1
|-unboost|p2a: Incineroar|spd|1
|-ability|p1a: Archaludon|Stamina|boost
|-boost|p1a: Archaludon|def|1
|-damage|p2a: Incineroar|25/100|[from] item: Life Orb
|move|p2b: Drampa|Thunderbolt|p1b: Pelipper
|-supereffective|p1b: Pelipper|2
|-enditem|p1b: Pelipper|Wacan Berry|[eat]
|-enditem|p1b: Pelipper|Wacan Berry|[weaken]
|-damage|p1b: Pelipper|28/100
|
|-weather|RainDance|[upkeep]
|-heal|p1a: Archaludon|26/100|[from] item: Leftovers
|upkeep
|turn|5
|inactive|That1Morpecko has 30 seconds left.
|
|t:|1783377742
|move|p1a: Archaludon|Dragon Pulse|p2b: Drampa
|-supereffective|p2b: Drampa|1
|-damage|p2b: Drampa|0 fnt
|faint|p2b: Drampa
|move|p1b: Pelipper|Weather Ball|p2a: Incineroar
|-supereffective|p2a: Incineroar|1
|-damage|p2a: Incineroar|0 fnt
|faint|p2a: Incineroar
|
|-weather|none
|-heal|p1a: Archaludon|32/100|[from] item: Leftovers
|upkeep
|
|t:|1783377744
|switch|p2a: Farigiraf|Farigiraf, L50, F|60/100
|switch|p2b: Mawile|Mawile, L50, F|100/100
|turn|6
|
|t:|1783377760
|detailschange|p2b: Mawile|Mawile-Mega, L50, F
|-mega|p2b: Mawile|Mawile|Mawilite
|move|p2a: Farigiraf|Helping Hand|p2b: Mawile
|-singleturn|p2b: Mawile|Helping Hand|[of] p2a: Farigiraf
|move|p2b: Mawile|Sucker Punch|p1a: Archaludon
|-damage|p1a: Archaludon|1/100
|-ability|p1a: Archaludon|Stamina|boost
|-boost|p1a: Archaludon|def|1
|move|p1a: Archaludon|Flash Cannon|p2b: Mawile
|-damage|p2b: Mawile|55/100
|move|p1b: Pelipper|Weather Ball|p2b: Mawile
|-resisted|p2b: Mawile|1
|-damage|p2b: Mawile|48/100
|
|-heal|p1a: Archaludon|6/100|[from] item: Leftovers
|upkeep
|turn|7
|
|t:|1783377772
|move|p2b: Mawile|Sucker Punch|p1b: Pelipper
|-damage|p1b: Pelipper|0 fnt
|faint|p1b: Pelipper
|move|p1a: Archaludon|Flash Cannon|p2b: Mawile
|-damage|p2b: Mawile|7/100
|move|p2a: Farigiraf|Psychic|p1a: Archaludon
|-resisted|p1a: Archaludon|1
|-damage|p1a: Archaludon|0 fnt
|faint|p1a: Archaludon
|
|win|Fell Blue
||That1Morpecko is ready for game 2.
||Fell Blue is ready for game 2.
|uhtml|next|Next: Game 2 of 3
