|j|☆wildbeans
|j|☆mysteriousmothman
|html|wildbeansmysteriousmothman    
|uhtml|bestof|Game 2 of a best-of-3
|t:|1756840765
|gametype|doubles
|player|p1|wildbeans|biker-gen4|1410
|player|p2|mysteriousmothman|skier|1330
|gen|9
|tier|[Gen 9] VGC 2025 Reg H (Bo3)
|rated|
|rule|Species Clause: Limit one of each Pokémon
|rule|Item Clause: Limit 1 of each item
|clearpoke
|poke|p1|Archaludon, L50, M|
|poke|p1|Rillaboom, L50, F|
|poke|p1|Basculegion, L50, M|
|poke|p1|Kingambit, L50, M|
|poke|p1|Pelipper, L50, F|
|poke|p1|Electabuzz, L50, F|
|poke|p2|Porygon2, L50|
|poke|p2|Hydreigon, L50, F|
|poke|p2|Incineroar, L50, M|
|poke|p2|Ursaluna, L50, M|
|poke|p2|Amoonguss, L50, M|
|poke|p2|Gholdengo, L50|
|teampreview|4
|showteam|p1|Archaludon||AssaultVest|Stamina|ElectroShot,DracoMeteor,FlashCannon,BodyPress|||M|||50|,,,,,Bug]Rillaboom||LoadedDice|GrassySurge|BulletSeed,GrassyGlide,FakeOut,HighHorsepower|||F|||50|,,,,,Fire]Basculegion||ChoiceBand|SwiftSwim|WaveCrash,LastRespects,FlipTurn,AquaJet|||M|||50|,,,,,Grass]Kingambit||BlackGlasses|Defiant|KowtowCleave,SuckerPunch,SwordsDance,Protect|||M|||50|,,,,,Dark]Pelipper||FocusSash|Drizzle|WeatherBall,Hurricane,Tailwind,Protect|||F|||50|,,,,,Ghost]Electabuzz||Eviolite|VitalSpirit|Electroweb,Taunt,FollowMe,Protect|||F|||50|,,,,,Ghost
|showteam|p2|Porygon2||Eviolite|Download|TeraBlast,IceBeam,TrickRoom,Recover||||||50|,,,,,Fighting]Hydreigon||CovertCloak|Levitate|Snarl,DracoMeteor,Tailwind,Taunt|||F|||50|,,,,,Poison]Incineroar||SitrusBerry|Intimidate|FlareBlitz,KnockOff,PartingShot,FakeOut|||M|||50|,,,,,Grass]Ursaluna||FlameOrb|Guts|Facade,HeadlongRush,Earthquake,Protect|||M|||50|,,,,,Ghost]Amoonguss||RockyHelmet|Regenerator|PollenPuff,Spore,RagePowder,Protect|||M|||50|,,,,,Fire]Gholdengo||MetalCoat|GoodasGold|MakeItRain,ShadowBall,NastyPlot,Protect||||||50|,,,,,Flying
|
|t:|1756840798
|teamsize|p1|4
|teamsize|p2|4
|start
|switch|p1a: Basculegion|Basculegion, L50, M|100/100
|switch|p1b: Kingambit|Kingambit, L50, M|100/100
|switch|p2a: Hydreigon|Hydreigon, L50, F, shiny|100/100
|switch|p2b: Porygon2|Porygon2, L50, shiny|100/100
|-ability|p2b: Porygon2|Download|boost
|-boost|p2b: Porygon2|spa|1
|turn|1
|
|t:|1756840850
|-terastallize|p2b: Porygon2|Fighting
|move|p1b: Kingambit|Protect|p1b: Kingambit
|-singleturn|p1b: Kingambit|Protect
|move|p2a: Hydreigon|Draco Meteor|p1a: Basculegion
|-damage|p1a: Basculegion|30/100
|-unboost|p2a: Hydreigon|spa|2
|move|p1a: Basculegion|Flip Turn|p2b: Porygon2
|-damage|p2b: Porygon2|72/100
|
|t:|1756840864
|switch|p1a: Rillaboom|Rillaboom, L50, F|100/100|[from] Flip Turn
|-fieldstart|move: Grassy Terrain|[from] ability: Grassy Surge|[of] p1a: Rillaboom
|move|p2b: Porygon2|Tera Blast|p1b: Kingambit|[anim] Tera Blast Fighting
|-activate|p1b: Kingambit|move: Protect
|
|-heal|p2b: Porygon2|79/100|[from] Grassy Terrain
|upkeep
|turn|2
|
|t:|1756840881
|switch|p2b: Amoonguss|Amoonguss, L50, M, shiny|100/100
|move|p1a: Rillaboom|Fake Out|p2b: Amoonguss
|-damage|p2b: Amoonguss|87/100
|-damage|p1a: Rillaboom|84/100|[from] item: Rocky Helmet|[of] p2b: Amoonguss
|move|p2a: Hydreigon|Taunt|p1b: Kingambit
|-start|p1b: Kingambit|move: Taunt
|cant|p1b: Kingambit|move: Taunt|Swords Dance
|
|-heal|p1a: Rillaboom|90/100|[from] Grassy Terrain
|-heal|p2b: Amoonguss|93/100|[from] Grassy Terrain
|upkeep
|turn|3
|
|t:|1756840906
|switch|p2a: Porygon2|Porygon2, L50, shiny, tera:Fighting|79/100
|-ability|p2a: Porygon2|Download|boost
|-boost|p2a: Porygon2|spa|1
|switch|p1b: Electabuzz|Electabuzz, L50, F|100/100
|move|p1a: Rillaboom|Bullet Seed|p2a: Porygon2
|-damage|p2a: Porygon2|67/100
|-damage|p2a: Porygon2|56/100
|-damage|p2a: Porygon2|45/100
|-damage|p2a: Porygon2|34/100
|-hitcount|p2a: Porygon2|4
|move|p2b: Amoonguss|Spore|p1b: Electabuzz
|-immune|p1b: Electabuzz|[from] ability: Vital Spirit
|
|-heal|p1a: Rillaboom|96/100|[from] Grassy Terrain
|-heal|p2a: Porygon2|40/100|[from] Grassy Terrain
|-heal|p2b: Amoonguss|99/100|[from] Grassy Terrain
|upkeep
|turn|4
|
|t:|1756840938
|switch|p1b: Kingambit|Kingambit, L50, M|100/100
|switch|p2a: Gholdengo|Gholdengo, L50, shiny|100/100
|switch|p2b: Hydreigon|Hydreigon, L50, F, shiny|100/100
|move|p1a: Rillaboom|Bullet Seed|p2a: Gholdengo
|-resisted|p2a: Gholdengo
|-damage|p2a: Gholdengo|93/100
|-resisted|p2a: Gholdengo
|-damage|p2a: Gholdengo|85/100
|-resisted|p2a: Gholdengo
|-damage|p2a: Gholdengo|76/100
|-resisted|p2a: Gholdengo
|-damage|p2a: Gholdengo|68/100
|-hitcount|p2a: Gholdengo|4
|
|-heal|p1a: Rillaboom|100/100|[from] Grassy Terrain
|-heal|p2a: Gholdengo|73/100|[from] Grassy Terrain
|upkeep
|turn|5
|
|t:|1756840999
|switch|p1a: Electabuzz|Electabuzz, L50, F|100/100
|switch|p2a: Amoonguss|Amoonguss, L50, M, shiny|100/100
|move|p2b: Hydreigon|Taunt|p1b: Kingambit
|-start|p1b: Kingambit|move: Taunt
|move|p1b: Kingambit|Kowtow Cleave|p2a: Amoonguss
|-damage|p2a: Amoonguss|43/100
|-damage|p1b: Kingambit|84/100|[from] item: Rocky Helmet|[of] p2a: Amoonguss
|
|-heal|p1b: Kingambit|90/100|[from] Grassy Terrain
|-heal|p2a: Amoonguss|48/100|[from] Grassy Terrain
|-fieldend|move: Grassy Terrain
|upkeep
|turn|6
|
|t:|1756841022
|switch|p2a: Porygon2|Porygon2, L50, shiny, tera:Fighting|40/100
|-ability|p2a: Porygon2|Download|boost
|-boost|p2a: Porygon2|spa|1
|move|p1a: Electabuzz|Protect|p1a: Electabuzz
|-singleturn|p1a: Electabuzz|Protect
|move|p2b: Hydreigon|Taunt|p1a: Electabuzz
|-activate|p1a: Electabuzz|move: Protect
|move|p1b: Kingambit|Kowtow Cleave|p2a: Porygon2
|-resisted|p2a: Porygon2
|-damage|p2a: Porygon2|22/100
|
|upkeep
|turn|7
|
|t:|1756841041
|switch|p2b: Amoonguss|Amoonguss, L50, M, shiny|82/100
|move|p1a: Electabuzz|Electroweb|p2a: Porygon2|[spread] p2a,p2b
|-resisted|p2b: Amoonguss
|-damage|p2a: Porygon2|13/100
|-damage|p2b: Amoonguss|77/100
|-unboost|p2a: Porygon2|spe|1
|-unboost|p2b: Amoonguss|spe|1
|move|p1b: Kingambit|Kowtow Cleave|p2a: Porygon2
|-resisted|p2a: Porygon2
|-damage|p2a: Porygon2|0 fnt
|faint|p2a: Porygon2
|
|-end|p1b: Kingambit|move: Taunt
|upkeep
|
|t:|1756841054
|switch|p2a: Gholdengo|Gholdengo, L50, shiny|73/100
|turn|8
|
|t:|1756841077
|move|p2b: Amoonguss|Protect|p2b: Amoonguss
|-singleturn|p2b: Amoonguss|Protect
|move|p1a: Electabuzz|Taunt|p2b: Amoonguss
|-activate|p2b: Amoonguss|move: Protect
|move|p2a: Gholdengo|Nasty Plot|p2a: Gholdengo
|-boost|p2a: Gholdengo|spa|2
|move|p1b: Kingambit|Kowtow Cleave|p2a: Gholdengo
|-supereffective|p2a: Gholdengo
|-damage|p2a: Gholdengo|0 fnt
|faint|p2a: Gholdengo
|
|upkeep
|-message|mysteriousmothman forfeited.
|
|win|wildbeans
|raw|wildbeans's rating: 1410 → 1425(+15 for winning)
|raw|mysteriousmothman's rating: 1330 → 1315(-15 for losing)
|c|☆wildbeans|ggs
|c|☆mysteriousmothman|ggs cool team\
|l|☆mysteriousmothman
|player|p2|
