|j|☆Er Yayo
|j|☆Gi1796
|html|Er YayoGi1796    
|uhtml|bestof|Game 2 of a best-of-3
|t:|1756848862
|gametype|doubles
|player|p1|Er Yayo|170|1214
|player|p2|Gi1796|266|1223
|gen|9
|tier|[Gen 9] VGC 2025 Reg H (Bo3)
|rated|
|rule|Species Clause: Limit one of each Pokémon
|rule|Item Clause: Limit 1 of each item
|clearpoke
|poke|p1|Porygon2, L50|
|poke|p1|Charizard, L50, F|
|poke|p1|Jumpluff, L50, F|
|poke|p1|Torkoal, L50, F|
|poke|p1|Ursaluna, L50, M|
|poke|p1|Incineroar, L50, F|
|poke|p2|Sneasler, L50, F|
|poke|p2|Indeedee, L50, M|
|poke|p2|Annihilape, L50, F|
|poke|p2|Tyranitar, L50, M|
|poke|p2|Excadrill, L50, M|
|poke|p2|Corviknight, L50, M|
|teampreview|4
|showteam|p1|Porygon2||Eviolite|Download|TeraBlast,IceBeam,TrickRoom,Recover||||||50|,,,,,Fighting]Charizard||ChoiceSpecs|SolarPower|HeatWave,Overheat,WeatherBall,AirSlash|||F|||50|,,,,,Ghost]Jumpluff||CovertCloak|Chlorophyll|Tailwind,SleepPowder,SunnyDay,RagePowder|||F|||50|,,,,,Dark]Torkoal||EjectPack|Drought|Eruption,Overheat,HelpingHand,Protect|||F|||50|,,,,,Fire]Ursaluna||FlameOrb|Guts|Facade,HeadlongRush,Earthquake,Protect|||M|||50|,,,,,Ghost]Incineroar||SitrusBerry|Intimidate|FlareBlitz,KnockOff,PartingShot,FakeOut|||F|||50|,,,,,Ghost
|showteam|p2|Sneasler||PsychicSeed|Unburden|CloseCombat,DireClaw,ThroatChop,Protect|||F|||50|,,,,,Dark]Indeedee||ChoiceScarf|PsychicSurge|ExpandingForce,TeraBlast,Trick,DazzlingGleam|||M|||50|,,,,,Psychic]Annihilape||SafetyGoggles|Defiant|CloseCombat,RageFist,Taunt,FinalGambit|||F|||50|,,,,,Water]Tyranitar||AssaultVest|SandStream|RockSlide,KnockOff,TeraBlast,LowKick|||M|||50|,,,,,Flying]Excadrill||FocusSash|SandRush|HighHorsepower,Earthquake,IronHead,Protect|||M|||50|,,,,,Stellar]Corviknight||Leftovers|MirrorArmor|BraveBird,BulkUp,Tailwind,Roost|||M|||50|,,,,,Dragon
|inactive|Battle timer is ON: inactive players will automatically lose when time's up. (requested by Gi1796)
|
|t:|1756848889
|teamsize|p1|4
|teamsize|p2|4
|start
|switch|p1a: Jumpluff|Jumpluff, L50, F|100/100
|switch|p1b: Charizard|Charizard, L50, F|100/100
|switch|p2a: Annihilape|Annihilape, L50, F|100/100
|switch|p2b: Indeedee|Indeedee, L50, M|100/100
|-fieldstart|move: Psychic Terrain|[from] ability: Psychic Surge|[of] p2b: Indeedee
|turn|1
|inactive|Gi1796 has 30 seconds left.
|
|t:|1756848915
|switch|p2b: Tyranitar|Tyranitar, L50, M|100/100
|-weather|Sandstorm|[from] ability: Sand Stream|[of] p2b: Tyranitar
|switch|p1b: Torkoal|Torkoal, L50, F|100/100
|-weather|SunnyDay|[from] ability: Drought|[of] p1b: Torkoal
|-terastallize|p2a: Annihilape|Water
|move|p1a: Jumpluff|Tailwind|p1a: Jumpluff
|-sidestart|p1: Er Yayo|move: Tailwind
|move|p2a: Annihilape|Rage Fist|p1b: Torkoal
|-crit|p1b: Torkoal
|-damage|p1b: Torkoal|78/100
|
|-weather|SunnyDay|[upkeep]
|upkeep
|turn|2
|inactive|Gi1796 has 30 seconds left.
|
|t:|1756848945
|switch|p2b: Indeedee|Indeedee, L50, M|100/100
|switch|p1b: Charizard|Charizard, L50, F|100/100
|move|p1a: Jumpluff|Sleep Powder|p2b: Indeedee
|-status|p2b: Indeedee|slp|[from] move: Sleep Powder
|move|p2a: Annihilape|Taunt|p1a: Jumpluff
|-start|p1a: Jumpluff|move: Taunt
|
|-weather|SunnyDay|[upkeep]
|-damage|p1b: Charizard|88/100|[from] ability: Solar Power|[of] p1b: Charizard
|upkeep
|turn|3
|inactive|Er Yayo has 30 seconds left.
|inactive|Gi1796 has 30 seconds left.
|
|t:|1756848983
|switch|p1a: Ursaluna|Ursaluna, L50, M|100/100
|move|p1b: Charizard|Air Slash|p2a: Annihilape
|-damage|p2a: Annihilape|25/100
|cant|p2b: Indeedee|slp
|move|p2a: Annihilape|Rage Fist|p1b: Charizard
|-damage|p1b: Charizard|33/100
|
|-weather|SunnyDay|[upkeep]
|-damage|p1b: Charizard|21/100|[from] ability: Solar Power|[of] p1b: Charizard
|-status|p1a: Ursaluna|brn|[from] item: Flame Orb
|upkeep
|turn|4
|inactive|Gi1796 has 30 seconds left.
|inactive|Gi1796 has 20 seconds left.
|inactive|Gi1796 has 15 seconds left.
|
|t:|1756849025
|switch|p1b: Jumpluff|Jumpluff, L50, F|100/100
|switch|p2a: Tyranitar|Tyranitar, L50, M|100/100
|-weather|Sandstorm|[from] ability: Sand Stream|[of] p2a: Tyranitar
|cant|p2b: Indeedee|slp
|move|p1a: Ursaluna|Earthquake|p2a: Tyranitar|[spread] p2a,p2b
|-immune|p1b: Jumpluff
|-supereffective|p2a: Tyranitar
|-damage|p2a: Tyranitar|0 fnt
|-damage|p2b: Indeedee|0 fnt
|faint|p2a: Tyranitar
|faint|p2b: Indeedee
|
|-weather|Sandstorm|[upkeep]
|-damage|p1b: Jumpluff|95/100|[from] Sandstorm
|-damage|p1a: Ursaluna|95/100 brn|[from] brn
|-sideend|p1: Er Yayo|move: Tailwind
|upkeep
|
|t:|1756849034
|switch|p2b: Sneasler|Sneasler, L50, F|100/100
|switch|p2a: Annihilape|Annihilape, L50, F, tera:Water|25/100
|-enditem|p2b: Sneasler|Psychic Seed
|-boost|p2b: Sneasler|spd|1|[from] item: Psychic Seed
|turn|5
|
|t:|1756849054
|switch|p1a: Torkoal|Torkoal, L50, F|78/100
|-weather|SunnyDay|[from] ability: Drought|[of] p1a: Torkoal
|move|p2b: Sneasler|Dire Claw|p1b: Jumpluff
|-supereffective|p1b: Jumpluff
|-damage|p1b: Jumpluff|0 fnt
|faint|p1b: Jumpluff
|move|p2a: Annihilape|Close Combat|p1a: Torkoal
|-damage|p1a: Torkoal|41/100
|-unboost|p2a: Annihilape|def|1
|-unboost|p2a: Annihilape|spd|1
|
|-weather|SunnyDay|[upkeep]
|-fieldend|move: Psychic Terrain
|upkeep
|
|t:|1756849068
|switch|p1b: Charizard|Charizard, L50, F|21/100
|turn|6
|
|t:|1756849081
|move|p2b: Sneasler|Dire Claw|p1b: Charizard
|-damage|p1b: Charizard|0 fnt
|faint|p1b: Charizard
|move|p2a: Annihilape|Close Combat|p1a: Torkoal
|-damage|p1a: Torkoal|6/100
|-unboost|p2a: Annihilape|def|1
|-unboost|p2a: Annihilape|spd|1
|move|p1a: Torkoal|Overheat|p2b: Sneasler
|-damage|p2b: Sneasler|15/100
|-unboost|p1a: Torkoal|spa|2
|-enditem|p1a: Torkoal|Eject Pack
|
|t:|1756849091
|switch|p1a: Ursaluna|Ursaluna, L50, M|95/100 brn
|
|-weather|SunnyDay|[upkeep]
|-damage|p1a: Ursaluna|89/100 brn|[from] brn
|upkeep
|
|t:|1756849096
|switch|p1b: Torkoal|Torkoal, L50, F|6/100
|turn|7
|inactive|Gi1796 has 30 seconds left.
|inactive|Gi1796 has 20 seconds left.
|inactive|Gi1796 has 15 seconds left.
|inactive|Gi1796 has 10 seconds left.
|
|t:|1756849147
|move|p1a: Ursaluna|Protect|p1a: Ursaluna
|-singleturn|p1a: Ursaluna|Protect
|move|p2b: Sneasler|Close Combat|p1a: Ursaluna
|-activate|p1a: Ursaluna|move: Protect
|move|p2a: Annihilape|Rage Fist|p1a: Ursaluna
|-activate|p1a: Ursaluna|move: Protect
|move|p1b: Torkoal|Overheat|p2a: Annihilape
|-resisted|p2a: Annihilape
|-damage|p2a: Annihilape|0 fnt
|-unboost|p1b: Torkoal|spa|2
|faint|p2a: Annihilape
|
|-weather|SunnyDay|[upkeep]
|-damage|p1a: Ursaluna|83/100 brn|[from] brn
|upkeep
|turn|8
|
|t:|1756849169
|-terastallize|p1a: Ursaluna|Ghost
|move|p2b: Sneasler|Close Combat|p1a: Ursaluna
|-immune|p1a: Ursaluna
|move|p1a: Ursaluna|Headlong Rush|p2b: Sneasler
|-supereffective|p2b: Sneasler
|-damage|p2b: Sneasler|0 fnt
|-unboost|p1a: Ursaluna|def|1
|-unboost|p1a: Ursaluna|spd|1
|faint|p2b: Sneasler
|
|win|Er Yayo
||Gi1796 is ready for game 3.
