|j|☆snekr1994
|j|☆Mamoswinefanboi
|html|snekr1994Mamoswinefanboi    
|uhtml|bestof|Game 3 of a best-of-3
|t:|1757029674
|gametype|doubles
|player|p1|snekr1994|102|1528
|player|p2|Mamoswinefanboi|2|1451
|gen|9
|tier|[Gen 9] VGC 2025 Reg H (Bo3)
|rated|
|rule|Species Clause: Limit one of each Pokémon
|rule|Item Clause: Limit 1 of each item
|clearpoke
|poke|p1|Kingambit, L50, M|
|poke|p1|Sneasler, L50, F|
|poke|p1|Electabuzz, L50, M|
|poke|p1|Dragonite, L50, F|
|poke|p1|Volcarona, L50, M|
|poke|p1|Rillaboom, L50, F|
|poke|p2|Rillaboom, L50, M|
|poke|p2|Kingambit, L50, F|
|poke|p2|Annihilape, L50, F|
|poke|p2|Dondozo, L50, M|
|poke|p2|Baxcalibur, L50, F|
|poke|p2|Gholdengo, L50|
|teampreview|4
|showteam|p1|Kingambit||SafetyGoggles|Defiant|KowtowCleave,SuckerPunch,SwordsDance,Protect|||M|||50|,,,,,Dark]Sneasler||FocusSash|PoisonTouch|DireClaw,CloseCombat,Coaching,FakeOut|||F|||50|,,,,,Stellar]Electabuzz||Eviolite|VitalSpirit|Thunderbolt,FollowMe,Taunt,Protect|||M|||50|,,,,,Dragon]Dragonite||LoadedDice|Multiscale|ScaleShot,ExtremeSpeed,Haze,Protect|||F|||50|,,,,,Steel]Volcarona||CovertCloak|FlameBody|HeatWave,TeraBlast,QuiverDance,Protect|||M|||50|,,,,,Fairy]Rillaboom||AssaultVest|GrassySurge|WoodHammer,GrassyGlide,HighHorsepower,FakeOut|||F|||50|,,,,,Fire
|showteam|p2|Rillaboom||AssaultVest|GrassySurge|WoodHammer,GrassyGlide,HighHorsepower,FakeOut|||M|||50|,,,,,Fire]Kingambit||SafetyGoggles|Defiant|KowtowCleave,SuckerPunch,SwordsDance,Protect|||F|||50|,,,,,Fire]Annihilape||FocusSash|Defiant|CloseCombat,RageFist,Coaching,FinalGambit|||F|||50|,,,,,Fairy]Dondozo||Leftovers|Unaware|Protect,WaveCrash,Fissure,Yawn|||M|||50|,,,,,Bug]Baxcalibur||LoadedDice|ThermalExchange|ScaleShot,IcicleSpear,IceShard,Protect|||F|||50|,,,,,Ghost]Gholdengo||ChoiceScarf|GoodasGold|MakeItRain,ShadowBall,SteelBeam,Trick||||||50|,,,,,Steel
|inactive|Battle timer is ON: inactive players will automatically lose when time's up. (requested by Mamoswinefanboi)
|
|t:|1757029735
|teamsize|p1|4
|teamsize|p2|4
|start
|switch|p1a: Volcarona|Volcarona, L50, M|100/100
|switch|p1b: Sneasler|Sneasler, L50, F|100/100
|switch|p2a: Annihilape|Annihilape, L50, F|100/100
|switch|p2b: Baxcalibur|Baxcalibur, L50, F|100/100
|turn|1
|inactive|snekr1994 has 30 seconds left.
|inactive|snekr1994 has 20 seconds left.
|
|t:|1757029774
|-terastallize|p2b: Baxcalibur|Ghost
|move|p1b: Sneasler|Coaching|p1a: Volcarona
|-boost|p1a: Volcarona|atk|1
|-boost|p1a: Volcarona|def|1
|move|p2a: Annihilape|Coaching|p2b: Baxcalibur
|-boost|p2b: Baxcalibur|atk|1
|-boost|p2b: Baxcalibur|def|1
|move|p1a: Volcarona|Quiver Dance|p1a: Volcarona
|-boost|p1a: Volcarona|spa|1
|-boost|p1a: Volcarona|spd|1
|-boost|p1a: Volcarona|spe|1
|move|p2b: Baxcalibur|Scale Shot|p1a: Volcarona
|-damage|p1a: Volcarona|84/100
|-damage|p1a: Volcarona|66/100
|-damage|p1a: Volcarona|49/100
|-damage|p1a: Volcarona|30/100
|-hitcount|p1a: Volcarona|4
|-unboost|p2b: Baxcalibur|def|1
|-boost|p2b: Baxcalibur|spe|1
|
|upkeep
|turn|2
|inactive|snekr1994 has 30 seconds left.
|inactive|snekr1994 has 20 seconds left.
|inactive|snekr1994 has 15 seconds left.
|inactive|snekr1994 has 10 seconds left.
|inactive|snekr1994 has 5 seconds left.
|
|t:|1757029829
|switch|p2a: Dondozo|Dondozo, L50, M|100/100
|move|p1a: Volcarona|Heat Wave|p2a: Dondozo|[spread] p2a,p2b
|-resisted|p2a: Dondozo
|-damage|p2a: Dondozo|88/100
|-damage|p2b: Baxcalibur|50/100
|-ability|p2b: Baxcalibur|Thermal Exchange|boost
|-boost|p2b: Baxcalibur|atk|1
|move|p2b: Baxcalibur|Icicle Spear|p1a: Volcarona
|-resisted|p1a: Volcarona
|-damage|p1a: Volcarona|18/100
|-resisted|p1a: Volcarona
|-damage|p1a: Volcarona|6/100
|-resisted|p1a: Volcarona
|-crit|p1a: Volcarona
|-damage|p1a: Volcarona|0 fnt
|faint|p1a: Volcarona
|-hitcount|p1: Volcarona|3
|move|p1b: Sneasler|Dire Claw|p2a: Dondozo
|-damage|p2a: Dondozo|65/100
|-status|p2a: Dondozo|par
|
|-heal|p2a: Dondozo|71/100 par|[from] item: Leftovers
|upkeep
|
|t:|1757029840
|switch|p1a: Kingambit|Kingambit, L50, M|100/100
|turn|3
|
|t:|1757029862
|move|p2b: Baxcalibur|Ice Shard|p1b: Sneasler
|-damage|p1b: Sneasler|20/100
|move|p1b: Sneasler|Close Combat|p2a: Dondozo
|-damage|p2a: Dondozo|34/100 par
|-unboost|p1b: Sneasler|def|1
|-unboost|p1b: Sneasler|spd|1
|move|p1a: Kingambit|Kowtow Cleave|p2b: Baxcalibur
|-supereffective|p2b: Baxcalibur
|-damage|p2b: Baxcalibur|0 fnt
|faint|p2b: Baxcalibur
|move|p2a: Dondozo|Yawn|p1a: Kingambit
|-start|p1a: Kingambit|move: Yawn|[of] p2a: Dondozo
|
|-heal|p2a: Dondozo|40/100 par|[from] item: Leftovers
|upkeep
|
|t:|1757029868
|switch|p2b: Rillaboom|Rillaboom, L50, M|100/100
|-fieldstart|move: Grassy Terrain|[from] ability: Grassy Surge|[of] p2b: Rillaboom
|turn|4
|inactive|snekr1994 has 30 seconds left.
|
|t:|1757029899
|switch|p1a: Rillaboom|Rillaboom, L50, F|100/100
|move|p2b: Rillaboom|Grassy Glide|p1b: Sneasler
|-resisted|p1b: Sneasler
|-damage|p1b: Sneasler|0 fnt
|faint|p1b: Sneasler
|move|p2a: Dondozo|Yawn|p1a: Rillaboom
|-start|p1a: Rillaboom|move: Yawn|[of] p2a: Dondozo
|
|-heal|p2a: Dondozo|46/100 par|[from] Grassy Terrain
|-heal|p2a: Dondozo|52/100 par|[from] item: Leftovers
|upkeep
|
|t:|1757029900
|switch|p1b: Kingambit|Kingambit, L50, M|100/100
|turn|5
|
|t:|1757029912
|move|p1a: Rillaboom|Fake Out|p2b: Rillaboom
|-damage|p2b: Rillaboom|87/100
|cant|p2b: Rillaboom|flinch
|move|p1b: Kingambit|Swords Dance|p1b: Kingambit
|-boost|p1b: Kingambit|atk|2
|move|p2a: Dondozo|Yawn|p1b: Kingambit
|-start|p1b: Kingambit|move: Yawn|[of] p2a: Dondozo
|
|-heal|p2b: Rillaboom|93/100|[from] Grassy Terrain
|-heal|p2a: Dondozo|59/100 par|[from] Grassy Terrain
|-heal|p2a: Dondozo|65/100 par|[from] item: Leftovers
|-end|p1a: Rillaboom|move: Yawn|[silent]
|-status|p1a: Rillaboom|slp
|upkeep
|turn|6
|
|t:|1757029926
|move|p2b: Rillaboom|Wood Hammer|p1b: Kingambit
|-resisted|p1b: Kingambit
|-damage|p1b: Kingambit|71/100
|-damage|p2b: Rillaboom|84/100|[from] Recoil
|cant|p1a: Rillaboom|slp
|move|p1b: Kingambit|Kowtow Cleave|p2b: Rillaboom
|-damage|p2b: Rillaboom|0 fnt
|faint|p2b: Rillaboom
|cant|p2a: Dondozo|par
|
|-heal|p1b: Kingambit|77/100|[from] Grassy Terrain
|-heal|p2a: Dondozo|71/100 par|[from] Grassy Terrain
|-heal|p2a: Dondozo|77/100 par|[from] item: Leftovers
|-end|p1b: Kingambit|move: Yawn|[silent]
|-status|p1b: Kingambit|slp
|upkeep
|
|t:|1757029930
|switch|p2b: Annihilape|Annihilape, L50, F|100/100
|turn|7
|
|t:|1757029947
|-terastallize|p1b: Kingambit|Dark
|move|p2b: Annihilape|Close Combat|p1b: Kingambit
|-supereffective|p1b: Kingambit
|-crit|p1b: Kingambit
|-damage|p1b: Kingambit|0 fnt
|-unboost|p2b: Annihilape|def|1
|-unboost|p2b: Annihilape|spd|1
|faint|p1b: Kingambit
|cant|p1a: Rillaboom|slp
|cant|p2a: Dondozo|par
|
|-heal|p2a: Dondozo|84/100 par|[from] Grassy Terrain
|-heal|p2a: Dondozo|90/100 par|[from] item: Leftovers
|upkeep
|turn|8
|
|t:|1757029957
|move|p2b: Annihilape|Final Gambit|p1a: Rillaboom
|-damage|p1a: Rillaboom|0 fnt
|faint|p2b: Annihilape
|faint|p1a: Rillaboom
|
|win|Mamoswinefanboi
|raw|snekr1994's rating: 1528 → 1504(-24 for losing)
|raw|Mamoswinefanboi's rating: 1451 → 1475(+24 for winning)
|l|☆Mamoswinefanboi
|player|p2|
