|j|☆Zucmpall
|j|☆emptinessmach
|html|Zucmpallemptinessmach    
|uhtml|bestof|Game 3 of a best-of-3
|t:|1756860690
|gametype|doubles
|player|p1|Zucmpall|2|1109
|player|p2|emptinessmach|red|1034
|gen|9
|tier|[Gen 9] VGC 2025 Reg H (Bo3)
|rated|
|rule|Species Clause: Limit one of each Pokémon
|rule|Item Clause: Limit 1 of each item
|clearpoke
|poke|p1|Dragonite, L50, M|
|poke|p1|Gholdengo, L50|
|poke|p1|Rillaboom, L50, M|
|poke|p1|Ursaluna-Bloodmoon, L50, M|
|poke|p1|Maushold-Four, L50|
|poke|p1|Annihilape, L50, F|
|poke|p2|Porygon2, L50|
|poke|p2|Incineroar, L50, F|
|poke|p2|Garchomp, L50, F|
|poke|p2|Gholdengo, L50|
|poke|p2|Amoonguss, L50, M|
|poke|p2|Sneasler, L50, M|
|teampreview|4
|showteam|p1|Dragonite||LoadedDice|Multiscale|Tailwind,Haze,Protect,ScaleShot|||M|||50|,,,,,Fairy]Gholdengo||LifeOrb|GoodasGold|MakeItRain,ShadowBall,NastyPlot,Protect||||||50|,,,,,Water]Rillaboom||MiracleSeed|GrassySurge|WoodHammer,GrassyGlide,FakeOut,HighHorsepower|||M|||50|,,,,,Fire]Ursaluna-Bloodmoon||AssaultVest|MindsEye|BloodMoon,EarthPower,HyperVoice,VacuumWave|||M|||50|,,,,,Water]Maushold-Four||FocusSash|FriendGuard|SuperFang,FollowMe,BeatUp,Protect||||||50|,,,,,Ghost]Annihilape||SitrusBerry|Defiant|RageFist,DrainPunch,BulkUp,Protect|||F|||50|,,,,,Fire
|showteam|p2|Porygon2||Eviolite|Download|TeraBlast,IceBeam,Recover,TrickRoom||||||50|,,,,,Ground]Incineroar||SafetyGoggles|Intimidate|FlareBlitz,KnockOff,FakeOut,PartingShot|||F|||50|,,,,,Ghost]Garchomp||ClearAmulet|RoughSkin|Earthquake,Protect,StompingTantrum,DragonClaw|||F|||50|,,,,,Fire]Gholdengo||LifeOrb|GoodasGold|Protect,NastyPlot,MakeItRain,ShadowBall||||||50|,,,,,Water]Amoonguss||SitrusBerry|Regenerator|Spore,RagePowder,Protect,PollenPuff|||M|||50|,,,,,Fairy]Sneasler||FocusSash|PoisonTouch|DireClaw,CloseCombat,Coaching,Protect|||M|||50|,,,,,Flying
|inactive|Battle timer is ON: inactive players will automatically lose when time's up. (requested by emptinessmach)
|inactive|Zucmpall has 60 seconds left.
|
|t:|1756860752
|teamsize|p1|4
|teamsize|p2|4
|start
|switch|p1a: Gholdengo|Gholdengo, L50|100/100
|switch|p1b: Dragonite|Dragonite, L50, M|100/100
|switch|p2a: Sneasler|Sneasler, L50, M|100/100
|switch|p2b: Garchomp|Garchomp, L50, F|100/100
|turn|1
|inactive|Zucmpall has 30 seconds left.
|
|t:|1756860779
|move|p2a: Sneasler|Dire Claw|p1b: Dragonite
|-damage|p1b: Dragonite|81/100
|-status|p1b: Dragonite|slp
|move|p2b: Garchomp|Dragon Claw|p1b: Dragonite
|-supereffective|p1b: Dragonite
|-damage|p1b: Dragonite|12/100 slp
|move|p1a: Gholdengo|Make It Rain|p2a: Sneasler|[spread] p2a,p2b
|-damage|p2a: Sneasler|19/100
|-damage|p2b: Garchomp|29/100
|-unboost|p1a: Gholdengo|spa|1
|-damage|p1a: Gholdengo|91/100|[from] item: Life Orb
|cant|p1b: Dragonite|slp
|
|upkeep
|turn|2
|inactive|Zucmpall has 30 seconds left.
|inactive|emptinessmach has 30 seconds left.
|inactive|Zucmpall has 20 seconds left.
|inactive|Zucmpall has 15 seconds left.
|inactive|emptinessmach has 20 seconds left.
|inactive|Zucmpall has 10 seconds left.
|inactive|emptinessmach has 15 seconds left.
|inactive|Zucmpall has 5 seconds left.
|
|t:|1756860829
|-terastallize|p2a: Sneasler|Flying
|move|p1a: Gholdengo|Protect|p1a: Gholdengo
|-singleturn|p1a: Gholdengo|Protect
|cant|p1b: Dragonite|slp
|move|p2a: Sneasler|Coaching|p2b: Garchomp
|-boost|p2b: Garchomp|atk|1
|-boost|p2b: Garchomp|def|1
|move|p2b: Garchomp|Earthquake|p1a: Gholdengo|[spread] 
|-activate|p1a: Gholdengo|move: Protect
|-immune|p2a: Sneasler
|-immune|p1b: Dragonite
|
|upkeep
|turn|3
|
|t:|1756860851
|switch|p1b: Rillaboom|Rillaboom, L50, M|100/100
|-fieldstart|move: Grassy Terrain|[from] ability: Grassy Surge|[of] p1b: Rillaboom
|-terastallize|p1a: Gholdengo|Water
|move|p2a: Sneasler|Dire Claw|p1b: Rillaboom
|-supereffective|p1b: Rillaboom
|-damage|p1b: Rillaboom|7/100
|-status|p1b: Rillaboom|slp
|move|p2b: Garchomp|Earthquake|p1a: Gholdengo|[spread] p1a,p1b
|-immune|p2a: Sneasler
|-resisted|p1b: Rillaboom
|-damage|p1a: Gholdengo|57/100
|-damage|p1b: Rillaboom|0 fnt
|faint|p1b: Rillaboom
|move|p1a: Gholdengo|Make It Rain|p2b: Garchomp|[spread] p2a,p2b
|-damage|p2a: Sneasler|0 fnt
|-damage|p2b: Garchomp|0 fnt
|-unboost|p1a: Gholdengo|spa|1
|faint|p2a: Sneasler
|faint|p2b: Garchomp
|-damage|p1a: Gholdengo|47/100|[from] item: Life Orb
|
|-heal|p1a: Gholdengo|53/100|[from] Grassy Terrain
|upkeep
|inactive|Zucmpall has 30 seconds left.
|inactive|Zucmpall has 20 seconds left.
|inactive|Zucmpall has 15 seconds left.
|
|t:|1756860894
|switch|p2a: Porygon2|Porygon2, L50|100/100
|switch|p2b: Amoonguss|Amoonguss, L50, M|100/100
|switch|p1b: Dragonite|Dragonite, L50, M|12/100 slp
|-ability|p2a: Porygon2|Download|boost
|-boost|p2a: Porygon2|spa|1
|turn|4
|inactive|Zucmpall has 30 seconds left.
|inactive|Zucmpall has 20 seconds left.
|
|t:|1756860932
|move|p2b: Amoonguss|Protect|p2b: Amoonguss
|-singleturn|p2b: Amoonguss|Protect
|move|p1a: Gholdengo|Nasty Plot|p1a: Gholdengo
|-boost|p1a: Gholdengo|spa|2
|-curestatus|p1b: Dragonite|slp|[msg]
|move|p1b: Dragonite|Haze|p1b: Dragonite
|-clearallboost
|move|p2a: Porygon2|Trick Room|p2a: Porygon2
|-fieldstart|move: Trick Room|[of] p2a: Porygon2
|
|-heal|p1a: Gholdengo|59/100|[from] Grassy Terrain
|upkeep
|turn|5
|
|t:|1756860953
|move|p1b: Dragonite|Protect|p1b: Dragonite
|-singleturn|p1b: Dragonite|Protect
|move|p1a: Gholdengo|Protect|p1a: Gholdengo
|-singleturn|p1a: Gholdengo|Protect
|move|p2b: Amoonguss|Spore|p1b: Dragonite
|-activate|p1b: Dragonite|move: Protect
|move|p2a: Porygon2|Tera Blast|p1a: Gholdengo
|-activate|p1a: Gholdengo|move: Protect
|
|-heal|p1a: Gholdengo|65/100|[from] Grassy Terrain
|upkeep
|turn|6
|inactive|Zucmpall has 30 seconds left.
|inactive|Zucmpall has 20 seconds left.
|inactive|Zucmpall has 15 seconds left.
|inactive|Zucmpall has 10 seconds left.
|inactive|Zucmpall has 5 seconds left.
|
|t:|1756861005
|move|p2b: Amoonguss|Spore|p1b: Dragonite
|-status|p1b: Dragonite|slp|[from] move: Spore
|move|p2a: Porygon2|Tera Blast|p1a: Gholdengo
|-damage|p1a: Gholdengo|29/100
|cant|p1b: Dragonite|slp
|move|p1a: Gholdengo|Shadow Ball|p2b: Amoonguss
|-damage|p2b: Amoonguss|49/100
|-enditem|p2b: Amoonguss|Sitrus Berry|[eat]
|-heal|p2b: Amoonguss|74/100|[from] item: Sitrus Berry
|-damage|p1a: Gholdengo|19/100|[from] item: Life Orb
|
|-heal|p2b: Amoonguss|80/100|[from] Grassy Terrain
|-heal|p1a: Gholdengo|25/100|[from] Grassy Terrain
|upkeep
|turn|7
|
|t:|1756861027
|-curestatus|p1b: Dragonite|slp|[msg]
|move|p1b: Dragonite|Protect|p1b: Dragonite
|-singleturn|p1b: Dragonite|Protect
|move|p1a: Gholdengo|Protect|p1a: Gholdengo
|-singleturn|p1a: Gholdengo|Protect
|move|p2b: Amoonguss|Spore|p1a: Gholdengo
|-activate|p1a: Gholdengo|move: Protect
|move|p2a: Porygon2|Tera Blast|p1b: Dragonite
|-activate|p1b: Dragonite|move: Protect
|
|-heal|p2b: Amoonguss|85/100|[from] Grassy Terrain
|-heal|p1a: Gholdengo|31/100|[from] Grassy Terrain
|-fieldend|move: Grassy Terrain
|upkeep
|turn|8
|inactive|Zucmpall has 30 seconds left.
|
|t:|1756861054
|switch|p1a: Ursaluna|Ursaluna-Bloodmoon, L50, M|100/100
|move|p2b: Amoonguss|Spore|p1b: Dragonite
|-status|p1b: Dragonite|slp|[from] move: Spore
|move|p2a: Porygon2|Tera Blast|p1a: Ursaluna
|-damage|p1a: Ursaluna|78/100
|cant|p1b: Dragonite|slp
|
|-fieldend|move: Trick Room
|upkeep
|turn|9
|inactive|Zucmpall has 30 seconds left.
|
|t:|1756861081
|move|p2b: Amoonguss|Protect|p2b: Amoonguss
|-singleturn|p2b: Amoonguss|Protect
|cant|p1b: Dragonite|slp
|move|p1a: Ursaluna|Blood Moon|p2a: Porygon2
|-damage|p2a: Porygon2|49/100
|move|p2a: Porygon2|Trick Room|p2a: Porygon2
|-fieldstart|move: Trick Room|[of] p2a: Porygon2
|
|upkeep
|turn|10
|
|t:|1756861104
|switch|p1a: Gholdengo|Gholdengo, L50, tera:Water|31/100
|move|p2b: Amoonguss|Spore|p1a: Gholdengo
|-immune|p1a: Gholdengo|[from] ability: Good as Gold
|move|p2a: Porygon2|Recover|p2a: Porygon2
|-heal|p2a: Porygon2|99/100
|-curestatus|p1b: Dragonite|slp|[msg]
|move|p1b: Dragonite|Scale Shot|p2b: Amoonguss|[miss]
|-miss|p1b: Dragonite|p2b: Amoonguss
|
|upkeep
|turn|11
|inactive|emptinessmach has 30 seconds left.
|inactive|emptinessmach has 20 seconds left.
|inactive|Zucmpall has 30 seconds left.
|
|t:|1756861148
|move|p1b: Dragonite|Protect|p1b: Dragonite
|-singleturn|p1b: Dragonite|Protect
|move|p1a: Gholdengo|Protect|p1a: Gholdengo
|-singleturn|p1a: Gholdengo|Protect
|move|p2b: Amoonguss|Spore|p1b: Dragonite
|-activate|p1b: Dragonite|move: Protect
|move|p2a: Porygon2|Tera Blast|p1a: Gholdengo
|-activate|p1a: Gholdengo|move: Protect
|
|upkeep
|turn|12
|
|t:|1756861169
|move|p2b: Amoonguss|Spore|p1b: Dragonite
|-status|p1b: Dragonite|slp|[from] move: Spore
|move|p2a: Porygon2|Tera Blast|p1a: Gholdengo
|-damage|p1a: Gholdengo|0 fnt
|faint|p1a: Gholdengo
|cant|p1b: Dragonite|slp
|
|upkeep
|inactive|Zucmpall has 30 seconds left.
|
|t:|1756861191
|switch|p1a: Ursaluna|Ursaluna-Bloodmoon, L50, M|78/100
|turn|13
|inactive|Zucmpall has 30 seconds left this turn.
|
|t:|1756861201
|cant|p1b: Dragonite|slp
|move|p2b: Amoonguss|Spore|p1a: Ursaluna
|-status|p1a: Ursaluna|slp|[from] move: Spore
|move|p2a: Porygon2|Ice Beam|p1b: Dragonite
|-supereffective|p1b: Dragonite
|-damage|p1b: Dragonite|0 fnt
|faint|p1b: Dragonite
|cant|p1a: Ursaluna|slp
|
|-fieldend|move: Trick Room
|upkeep
|turn|14
|inactive|Zucmpall has 25 seconds left this turn.
|inactive|Zucmpall has 20 seconds left.
|inactive|Zucmpall has 15 seconds left.
|-message|Zucmpall forfeited.
|
|win|emptinessmach
|raw|Zucmpall's rating: 1109 → 1079(-30 for losing)
|raw|emptinessmach's rating: 1034 → 1076(+42 for winning)
|l|☆Zucmpall
|player|p1|
