|j|☆waffobaffo
|j|☆FenneccyFoxMV
|html|waffobaffoFenneccyFoxMV    
|uhtml|bestof|Game 2 of a best-of-3
|t:|1783041909
|gametype|doubles
|player|p1|waffobaffo|pokemonbreeder-gen4|
|player|p2|FenneccyFoxMV|265|
|gen|9
|tier|[Gen 9 Champions] VGC 2026 Reg M-B (Bo3)
|rule|Species Clause: Limit one of each Pokémon
|rule|Item Clause: Limit 1 of each item
|clearpoke
|poke|p1|Sylveon, L50, F|
|poke|p1|Klefki, L50, M|
|poke|p1|Torkoal, L50, M|
|poke|p1|Farigiraf, L50, F|
|poke|p1|Blastoise, L50, M|
|poke|p1|Chesnaught, L50, M|
|poke|p2|Morpeko, L50, M|
|poke|p2|Tinkaton, L50, F|
|poke|p2|Vanilluxe, L50, M|
|poke|p2|Delphox, L50, M|
|poke|p2|Primarina, L50, M|
|poke|p2|Tsareena, L50, F|
|teampreview|4
|showteam|p1|Sylveon||FairyFeather|Pixilate|HyperVoice,HyperBeam,QuickAttack,Protect|Quiet||F|||50|]Klefki||OccaBerry|Prankster|TrickRoom,DazzlingGleam,Reflect,SteelBeam|Sassy||M|||50|]Torkoal||Charcoal|Drought|Eruption,WeatherBall,EarthPower,Protect|Quiet||M|||50|]Farigiraf||MentalHerb|ArmorTail|Roar,TwinBeam,TrickRoom,RainDance|Bold||F|||50|]Blastoise||Blastoisinite|Torrent|FakeOut,WaterSpout,AuraSphere,DarkPulse|Quiet||M|||50|]Chesnaught||Leftovers|Bulletproof|SpikyShield,WideGuard,BodyPress,LeechSeed|Relaxed||M|||50|
|showteam|p2|Morpeko||FocusSash|HungerSwitch|FakeOut,KnockOff,AuraWheel,Protect|Jolly||M|||50|]Tinkaton||OccaBerry|MoldBreaker|GigatonHammer,FakeOut,Encore,Feint|Jolly||F|||50|]Vanilluxe||ChoiceScarf|SnowWarning|Blizzard,FreezeDry,IcyWind,IceShard|Timid||M|||50|]Delphox||Delphoxite|Blaze|HeatWave,Psychic,NastyPlot,Protect|Timid||M|||50|]Primarina||Leftovers|LiquidVoice|HyperVoice,CalmMind,Moonblast,Protect|Modest||M|||50|]Tsareena||WideLens|QueenlyMajesty|Taunt,PowerWhip,HighJumpKick,Protect|Adamant||F|||50|
|
|t:|1783042154
|teamsize|p1|4
|teamsize|p2|4
|start
|switch|p1a: Klefki|Klefki, L50, M|100/100
|switch|p1b: Farigiraf|Farigiraf, L50, F|100/100
|switch|p2a: Tinkaton|Tinkaton, L50, F|100/100
|switch|p2b: Morpeko|Morpeko, L50, M|100/100
|-ability|p2a: Tinkaton|Mold Breaker
|turn|1
|
|t:|1783042272
|move|p2a: Tinkaton|Fake Out|p1a: Klefki
|-resisted|p1a: Klefki|1
|-damage|p1a: Klefki|96/100
|cant|p1a: Klefki|flinch
|move|p2b: Morpeko|Knock Off|p1b: Farigiraf
|-supereffective|p1b: Farigiraf|1
|-crit|p1b: Farigiraf
|-damage|p1b: Farigiraf|0 fnt
|-enditem|p1b: Farigiraf|Mental Herb|[from] move: Knock Off|[of] p2b: Morpeko
|faint|p1b: Farigiraf
|
|-formechange|p2b: Morpeko|Morpeko-Hangry|
|upkeep
|
|t:|1783042288
|switch|p1b: Torkoal|Torkoal, L50, M|100/100
|-weather|SunnyDay|[from] ability: Drought|[of] p1b: Torkoal
|turn|2
|
|t:|1783042370
|move|p1b: Torkoal|Protect|p1b: Torkoal
|-singleturn|p1b: Torkoal|Protect
|move|p2b: Morpeko|Aura Wheel|p1a: Klefki
|-resisted|p1a: Klefki|1
|-damage|p1a: Klefki|74/100
|-boost|p2b: Morpeko|spe|1
|move|p2a: Tinkaton|Gigaton Hammer|p1a: Klefki
|-damage|p1a: Klefki|33/100
|move|p1a: Klefki|Trick Room|p1a: Klefki
|-fieldstart|move: Trick Room|[of] p1a: Klefki
|
|-weather|SunnyDay|[upkeep]
|-formechange|p2b: Morpeko|Morpeko|
|upkeep
|turn|3
|
|t:|1783042426
|switch|p2a: Delphox|Delphox, L50, M|100/100
|move|p2b: Morpeko|Protect|p2b: Morpeko
|-singleturn|p2b: Morpeko|Protect
|move|p1b: Torkoal|Eruption|p2b: Morpeko|[spread] p2a
|-activate|p2b: Morpeko|move: Protect
|-resisted|p2a: Delphox|1
|-damage|p2a: Delphox|52/100
|move|p1a: Klefki|Dazzling Gleam|p2b: Morpeko|[spread] p2a
|-activate|p2b: Morpeko|move: Protect
|-resisted|p2a: Delphox|1
|-damage|p2a: Delphox|42/100
|
|-weather|SunnyDay|[upkeep]
|-formechange|p2b: Morpeko|Morpeko-Hangry|
|upkeep
|turn|4
|
|t:|1783042471
|detailschange|p2a: Delphox|Delphox-Mega, L50, M
|-mega|p2a: Delphox|Delphox|Delphoxite
|move|p2a: Delphox|Protect|p2a: Delphox
|-singleturn|p2a: Delphox|Protect
|move|p1b: Torkoal|Eruption|p2a: Delphox|[spread] p2b
|-activate|p2a: Delphox|move: Protect
|-enditem|p2b: Morpeko|Focus Sash
|-damage|p2b: Morpeko|1/100
|move|p1a: Klefki|Dazzling Gleam|p2a: Delphox|[spread] p2b
|-activate|p2a: Delphox|move: Protect
|-supereffective|p2b: Morpeko|1
|-damage|p2b: Morpeko|0 fnt
|faint|p2b: Morpeko
|
|-weather|SunnyDay|[upkeep]
|upkeep
|
|t:|1783042488
|switch|p2b: Tinkaton|Tinkaton, L50, F|100/100
|-ability|p2b: Tinkaton|Mold Breaker
|turn|5
|
|t:|1783042518
|move|p2b: Tinkaton|Fake Out|p1b: Torkoal
|-damage|p1b: Torkoal|94/100
|cant|p1b: Torkoal|flinch
|move|p1a: Klefki|Dazzling Gleam|p2a: Delphox|[spread] p2a,p2b
|-resisted|p2a: Delphox|1
|-resisted|p2b: Tinkaton|1
|-damage|p2a: Delphox|34/100
|-damage|p2b: Tinkaton|92/100
|move|p2a: Delphox|Heat Wave|p1b: Torkoal|[spread] p1a,p1b
|-supereffective|p1a: Klefki|1
|-enditem|p1a: Klefki|Occa Berry|[eat]
|-enditem|p1a: Klefki|Occa Berry|[weaken]
|-resisted|p1b: Torkoal|1
|-damage|p1a: Klefki|0 fnt
|-damage|p1b: Torkoal|60/100
|faint|p1a: Klefki
|
|-weather|SunnyDay|[upkeep]
|upkeep
|
|t:|1783042531
|switch|p1a: Sylveon|Sylveon, L50, F|100/100
|turn|6
|
|t:|1783042563
|move|p2a: Delphox|Protect|p2a: Delphox
|-singleturn|p2a: Delphox|Protect
|move|p1b: Torkoal|Eruption|p2b: Tinkaton|[spread] p2b
|-activate|p2a: Delphox|move: Protect
|-supereffective|p2b: Tinkaton|1
|-enditem|p2b: Tinkaton|Occa Berry|[eat]
|-enditem|p2b: Tinkaton|Occa Berry|[weaken]
|-damage|p2b: Tinkaton|46/100
|move|p1a: Sylveon|Hyper Voice|p2a: Delphox|[spread] p2b
|-activate|p2a: Delphox|move: Protect
|-resisted|p2b: Tinkaton|1
|-damage|p2b: Tinkaton|26/100
|move|p2b: Tinkaton|Gigaton Hammer|p1a: Sylveon
|-supereffective|p1a: Sylveon|1
|-damage|p1a: Sylveon|0 fnt
|faint|p1a: Sylveon
|
|-weather|none
|-fieldend|move: Trick Room
|upkeep
|turn|7
|
|t:|1783042588
|move|p2b: Tinkaton|Feint|p1b: Torkoal
|-damage|p1b: Torkoal|55/100
|move|p2a: Delphox|Psychic|p1b: Torkoal
|-damage|p1b: Torkoal|0 fnt
|faint|p1b: Torkoal
|
|win|FenneccyFoxMV
|inactive|waffobaffo has 30 seconds to confirm battle start!
|inactive|FenneccyFoxMV has 30 seconds to confirm battle start!
|inactive|waffobaffo has 20 seconds to confirm battle start!
|inactive|FenneccyFoxMV has 20 seconds to confirm battle start!
||waffobaffo is ready for game 3.
|inactive|FenneccyFoxMV has 10 seconds to confirm battle start!
|uhtml|next|Next: Game 3 of 3
