|j|☆nagc_17
|j|☆Noyomi
|html|nagc_17Noyomi    
|uhtml|bestof|Game 1 of a best-of-3
|t:|1785450620
|gametype|doubles
|player|p1|nagc_17|scientist|
|player|p2|Noyomi|pokemonrangerf|
|gen|9
|tier|[Gen 9 Champions] VGC 2026 Reg M-B (Bo3)
|rule|Species Clause: Limit one of each Pokémon
|rule|Item Clause: Limit 1 of each item
|clearpoke
|poke|p1|Zoroark-Hisui, L50, M|
|poke|p1|Raichu-Alola, L50, M|
|poke|p1|Excadrill, L50, M|
|poke|p1|Corviknight, L50, M|
|poke|p1|Grimmsnarl, L50, M|
|poke|p1|Greninja, L50, M|
|poke|p2|Charizard, L50, F|
|poke|p2|Garchomp, L50, M|
|poke|p2|Sneasler, L50, F|
|poke|p2|Venusaur, L50, M|
|poke|p2|Milotic, L50, F|
|poke|p2|Ampharos, L50, F|
|teampreview|4
|showteam|p1|Zoroark-Hisui||LifeOrb|Illusion|ShadowBall,HyperVoice,NastyPlot,Protect|Adamant||M|||50|]Raichu-Alola||Magnet|SurgeSurfer|FakeOut,Thunderbolt,VoltSwitch,Protect|Adamant||M|||50|]Excadrill||SoftSand|MoldBreaker|HighHorsepower,IronHead,RockSlide,Protect|Adamant||M|||50|]Corviknight||Leftovers|MirrorArmor|BraveBird,Tailwind,Uturn,Roost|Adamant||M|||50|]Grimmsnarl||LightClay|Prankster|Reflect,LightScreen,SpiritBreak,Taunt|Adamant||M|||50|]Greninja||Greninjite|Protean|DarkPulse,HydroPump,IceBeam,Protect|Timid||M|||50|
|showteam|p2|Charizard||CharizarditeY|Blaze|HeatWave,SolarBeam,Protect,ScorchingSands|Timid||F|||50|]Garchomp||SitrusBerry|RoughSkin|Earthquake,DragonClaw,Protect,RockSlide|Adamant||M|||50|]Sneasler||WhiteHerb|Unburden|CloseCombat,DireClaw,FakeOut,Protect|Adamant||F|||50|]Venusaur||FocusSash|Chlorophyll|SleepPowder,SludgeBomb,Protect,GigaDrain|Timid||M|||50|]Milotic||Leftovers|Competitive|Scald,IcyWind,Protect,LifeDew|Bold||F|||50|]Ampharos||Ampharosite|Static|DragonPulse,ParabolicCharge,Protect,LightScreen|Modest||F|||50|
|
|t:|1785450652
|teamsize|p1|4
|teamsize|p2|4
|start
|switch|p1a: Grimmsnarl|Grimmsnarl, L50, M|100/100
|switch|p1b: Raichu|Raichu-Alola, L50, M|100/100
|switch|p2a: Cálcifer|Charizard, L50, F|100/100
|switch|p2b: Uy temblaste|Garchomp, L50, M|100/100
|turn|1
|
|t:|1785450718
|detailschange|p2a: Cálcifer|Charizard-Mega-Y, L50, F
|-mega|p2a: Cálcifer|Charizard|Charizardite Y
|-weather|SunnyDay|[from] ability: Drought|[of] p2a: Cálcifer
|move|p1b: Raichu|Fake Out|p2b: Uy temblaste
|-damage|p2b: Uy temblaste|92/100
|-damage|p1b: Raichu|88/100|[from] ability: Rough Skin|[of] p2b: Uy temblaste
|move|p1a: Grimmsnarl|Light Screen|p1a: Grimmsnarl
|-sidestart|p1: nagc_17|move: Light Screen
|move|p2a: Cálcifer|Heat Wave|p1b: Raichu|[spread] p1a,p1b
|-damage|p1a: Grimmsnarl|47/100
|-damage|p1b: Raichu|20/100r
|-status|p1a: Grimmsnarl|brn
|cant|p2b: Uy temblaste|flinch
|
|-weather|SunnyDay|[upkeep]
|-damage|p1a: Grimmsnarl|41/100 brn|[from] brn
|upkeep
|turn|2
|
|t:|1785450758
|move|p2a: Cálcifer|Protect|p2a: Cálcifer
|-singleturn|p2a: Cálcifer|Protect
|move|p1b: Raichu|Thunderbolt|p2a: Cálcifer
|-activate|p2a: Cálcifer|move: Protect
|move|p2b: Uy temblaste|Earthquake|p1a: Grimmsnarl|[spread] p1a,p1b
|-activate|p2a: Cálcifer|move: Protect
|-supereffective|p1b: Raichu|1
|-damage|p1a: Grimmsnarl|0 fnt
|-damage|p1b: Raichu|0 fnt
|faint|p1a: Grimmsnarl
|faint|p1b: Raichu
|
|-weather|SunnyDay|[upkeep]
|upkeep
|
|t:|1785450771
|switch|p1b: Greninja|Greninja, L50, M|100/100
|switch|p1a: Greninja|Greninja, L50, M|100/100
|turn|3
|
|t:|1785450946
|detailschange|p1a: Greninja|Greninja-Mega, L50, M
|-mega|p1a: Greninja|Greninja|Greninjite
|move|p1b: Greninja|Protect|p1b: Greninja
|-singleturn|p1b: Greninja|Protect
|move|p1a: Greninja|Hydro Pump|p2a: Cálcifer
|-start|p1a: Greninja|typechange|Water|[from] ability: Protean
|-supereffective|p2a: Cálcifer|1
|-damage|p2a: Cálcifer|37/100
|move|p2a: Cálcifer|Heat Wave|p1b: Greninja|[spread] p1a
|-activate|p1b: Greninja|move: Protect
|-resisted|p1a: Greninja|1
|-damage|p1a: Greninja|68/100
|move|p2b: Uy temblaste|Earthquake|p1a: Greninja|[spread] p1a
|-activate|p1b: Greninja|move: Protect
|-immune|p2a: Cálcifer
|-damage|p1a: Greninja|7/100
|
|-weather|SunnyDay|[upkeep]
|upkeep
|turn|4
|
|t:|1785450978
|move|p1a: Greninja|Protect|p1a: Greninja
|-singleturn|p1a: Greninja|Protect
|move|p2a: Cálcifer|Protect|p2a: Cálcifer
|-singleturn|p2a: Cálcifer|Protect
|move|p1b: Greninja|Hyper Voice|p2a: Cálcifer|[spread] p2b
|-activate|p2a: Cálcifer|move: Protect
|-damage|p2b: Uy temblaste|51/100
|-damage|p1b: Greninja|90/100|[from] item: Life Orb
|move|p2b: Uy temblaste|Earthquake|p1a: Greninja|[spread] p1b
|-activate|p2a: Cálcifer|move: Protect
|-activate|p1a: Greninja|move: Protect
|-crit|p1b: Greninja
|-damage|p1b: Greninja|0 fnt
|replace|p1b: Zoroark|Zoroark-Hisui, L50, M
|-end|p1b: Zoroark|Illusion
|faint|p1b: Zoroark
|
|-weather|SunnyDay|[upkeep]
|upkeep
|turn|5
|
|t:|1785451000
|move|p1a: Greninja|Hydro Pump|p2a: Cálcifer
|-supereffective|p2a: Cálcifer|1
|-damage|p2a: Cálcifer|0 fnt
|faint|p2a: Cálcifer
|move|p2b: Uy temblaste|Dragon Claw|p1a: Greninja
|-damage|p1a: Greninja|0 fnt
|faint|p1a: Greninja
|
|win|Noyomi
|inactive|nagc_17 has 30 seconds to confirm battle start!
|inactive|Noyomi has 30 seconds to confirm battle start!
