|j|☆TeyOnTheRox
|j|☆Bellbottoms
|html|TeyOnTheRoxBellbottoms    
|uhtml|bestof|Game 1 of a best-of-3
|t:|1757920626
|gametype|doubles
|player|p1|TeyOnTheRox|benga|1315
|player|p2|Bellbottoms|pokemonbreederf-gen4|1416
|gen|9
|tier|[Gen 9] VGC 2025 Reg H (Bo3)
|rated|
|rule|Species Clause: Limit one of each Pokémon
|rule|Item Clause: Limit 1 of each item
|clearpoke
|poke|p1|Tyranitar, L50, F|
|poke|p1|Excadrill, L50, M|
|poke|p1|Sneasler, L50, F|
|poke|p1|Indeedee, L50, M|
|poke|p1|Corviknight, L50, M|
|poke|p1|Annihilape, L50, F|
|poke|p2|Hawlucha, L50, F|
|poke|p2|Rillaboom, L50, F|
|poke|p2|Kingambit, L50, F|
|poke|p2|Ninetales-Alola, L50, F|
|poke|p2|Garchomp, L50, M|
|poke|p2|Magmar, L50, M|
|teampreview|4
|showteam|p1|Tyranitar||AssaultVest|SandStream|RockSlide,KnockOff,TeraBlast,LowKick|||F|||50|,,,,,Flying]Excadrill||FocusSash|SandRush|IronHead,HighHorsepower,Earthquake,Protect|||M|||50|,,,,,Stellar]Sneasler||PsychicSeed|Unburden|DireClaw,CloseCombat,ThroatChop,Protect|||F|||50|,,,,,Dark]Indeedee||ChoiceScarf|PsychicSurge|ExpandingForce,TeraBlast,Protect,Trick|||M|||50|,,,,,Psychic]Corviknight||Leftovers|MirrorArmor|BraveBird,BulkUp,Roost,Tailwind|||M|||50|,,,,,Dragon]Annihilape||SafetyGoggles|Defiant|CloseCombat,FinalGambit,RageFist,Taunt|||F|||50|,,,,,Water
|showteam|p2|Hawlucha||GrassySeed|Unburden|CloseCombat,Acrobatics,Coaching,Protect|||F|||50|,,,,,Flying]Rillaboom||AssaultVest|GrassySurge|FakeOut,GrassyGlide,WoodHammer,HighHorsepower|||F|||50|,,,,,Fire]Kingambit||Leftovers|Defiant|KowtowCleave,SuckerPunch,SwordsDance,Protect|||F|||50|,,,,,Fairy]Ninetales-Alola||FocusSash|SnowWarning|IcyWind,Disable,Blizzard,Protect|||F|||50|,,,,,Ice]Garchomp||ClearAmulet|RoughSkin|StompingTantrum,Substitute,DragonClaw,Protect|||M|||50|,,,,,Fire]Magmar||Eviolite|VitalSpirit|Overheat,Taunt,FollowMe,Protect|||M|||50|,,,,,Ghost
|
|t:|1757920641
|teamsize|p1|4
|teamsize|p2|4
|start
|switch|p1a: Mack|Corviknight, L50, M|100/100
|switch|p1b: Chicks Hicks|Annihilape, L50, F|100/100
|switch|p2a: Hawlucha|Hawlucha, L50, F, shiny|100/100
|switch|p2b: Garchomp|Garchomp, L50, M|100/100
|turn|1
|
|t:|1757920670
|switch|p2b: Magmar|Magmar, L50, M|100/100
|-terastallize|p1b: Chicks Hicks|Water
|move|p2a: Hawlucha|Acrobatics|p1b: Chicks Hicks
|-damage|p1b: Chicks Hicks|77/100
|move|p1b: Chicks Hicks|Rage Fist|p2a: Hawlucha
|-damage|p2a: Hawlucha|44/100
|move|p1a: Mack|Tailwind|p1a: Mack
|-sidestart|p1: TeyOnTheRox|move: Tailwind
|
|upkeep
|turn|2
|
|t:|1757920701
|move|p2a: Hawlucha|Protect|p2a: Hawlucha
|-singleturn|p2a: Hawlucha|Protect
|move|p1b: Chicks Hicks|Rage Fist|p2b: Magmar
|-damage|p2b: Magmar|63/100
|move|p1a: Mack|Brave Bird|p2b: Magmar
|-damage|p2b: Magmar|21/100
|-damage|p1a: Mack|90/100|[from] Recoil
|move|p2b: Magmar|Overheat|p1a: Mack
|-supereffective|p1a: Mack
|-damage|p1a: Mack|0 fnt
|-unboost|p2b: Magmar|spa|2
|faint|p1a: Mack
|
|upkeep
|
|t:|1757920712
|switch|p1a: Doc Hudson|Tyranitar, L50, F, shiny|100/100
|-weather|Sandstorm|[from] ability: Sand Stream|[of] p1a: Doc Hudson
|turn|3
|
|t:|1757920727
|switch|p2b: Rillaboom|Rillaboom, L50, F|100/100
|-fieldstart|move: Grassy Terrain|[from] ability: Grassy Surge|[of] p2b: Rillaboom
|-enditem|p2a: Hawlucha|Grassy Seed
|-boost|p2a: Hawlucha|def|1|[from] item: Grassy Seed
|move|p2a: Hawlucha|Close Combat|p1a: Doc Hudson
|-supereffective|p1a: Doc Hudson
|-damage|p1a: Doc Hudson|0 fnt
|-unboost|p2a: Hawlucha|def|1
|-unboost|p2a: Hawlucha|spd|1
|faint|p1a: Doc Hudson
|move|p1b: Chicks Hicks|Rage Fist|p2a: Hawlucha
|-damage|p2a: Hawlucha|0 fnt
|faint|p2a: Hawlucha
|
|-weather|Sandstorm|[upkeep]
|-damage|p2b: Rillaboom|95/100|[from] Sandstorm
|-heal|p1b: Chicks Hicks|83/100|[from] Grassy Terrain
|-heal|p2b: Rillaboom|100/100|[from] Grassy Terrain
|upkeep
|
|t:|1757920734
|switch|p2a: Garchomp|Garchomp, L50, M|100/100
|switch|p1a: Tow Mater|Excadrill, L50, M|100/100
|turn|4
|
|t:|1757920763
|move|p2b: Rillaboom|Fake Out|p1a: Tow Mater
|-resisted|p1a: Tow Mater
|-damage|p1a: Tow Mater|91/100
|cant|p1a: Tow Mater|flinch
|move|p1b: Chicks Hicks|Rage Fist|p2b: Rillaboom
|-damage|p2b: Rillaboom|59/100
|move|p2a: Garchomp|Dragon Claw|p1b: Chicks Hicks
|-damage|p1b: Chicks Hicks|41/100
|
|-weather|Sandstorm|[upkeep]
|-damage|p2b: Rillaboom|54/100|[from] Sandstorm
|-heal|p1a: Tow Mater|97/100|[from] Grassy Terrain
|-heal|p1b: Chicks Hicks|47/100|[from] Grassy Terrain
|-heal|p2b: Rillaboom|59/100|[from] Grassy Terrain
|-sideend|p1: TeyOnTheRox|move: Tailwind
|upkeep
|turn|5
|
|t:|1757920787
|move|p1a: Tow Mater|Protect|p1a: Tow Mater
|-singleturn|p1a: Tow Mater|Protect
|move|p2b: Rillaboom|Grassy Glide|p1b: Chicks Hicks
|-supereffective|p1b: Chicks Hicks
|-damage|p1b: Chicks Hicks|0 fnt
|faint|p1b: Chicks Hicks
|move|p2a: Garchomp|Stomping Tantrum|p1a: Tow Mater
|-activate|p1a: Tow Mater|move: Protect
|
|-weather|Sandstorm|[upkeep]
|-damage|p2b: Rillaboom|54/100|[from] Sandstorm
|-heal|p1a: Tow Mater|100/100|[from] Grassy Terrain
|-heal|p2b: Rillaboom|59/100|[from] Grassy Terrain
|upkeep
|turn|6
|-message|TeyOnTheRox forfeited.
|
|win|Bellbottoms
||TeyOnTheRox is ready for game 2.
||Bellbottoms is ready for game 2.
|uhtml|next|Next: Game 2 of 3
|l|☆Bellbottoms
|player|p2|
|l|☆TeyOnTheRox
|player|p1|
