|j|☆bennoVGC
|j|☆lux raymundi
|html|bennoVGClux raymundi    
|uhtml|bestof|Game 3 of a best-of-3
|t:|1786203234
|gametype|doubles
|player|p1|bennoVGC|101|1245
|player|p2|lux raymundi|1|1317
|gen|9
|tier|[Gen 9 Champions] VGC 2026 Reg M-B (Bo3)
|rated|
|rule|Species Clause: Limit one of each Pokémon
|rule|Item Clause: Limit 1 of each item
|clearpoke
|poke|p1|Farigiraf, L50, M|
|poke|p1|Whimsicott, L50, F|
|poke|p1|Typhlosion-Hisui, L50, F|
|poke|p1|Primarina, L50, M|
|poke|p1|Metagross, L50|
|poke|p1|Kommo-o, L50, M|
|poke|p2|Staraptor, L50, F|
|poke|p2|Arcanine-Hisui, L50, M|
|poke|p2|Kingambit, L50, M|
|poke|p2|Raichu, L50, F|
|poke|p2|Farigiraf, L50, M|
|poke|p2|Sylveon, L50, F|
|teampreview|4
|showteam|p1|Farigiraf||SilkScarf|ArmorTail|HelpingHand,HyperVoice,TrickRoom,Psychic|Modest||M|||50|]Whimsicott||FocusSash|Prankster|Protect,SunnyDay,Tailwind,Moonblast|Timid||F|||50|]Typhlosion-Hisui||LifeOrb|Blaze|Protect,Eruption,ShadowBall,HeatWave|Modest||F|||50|]Primarina||MysticWater|LiquidVoice|Protect,HyperVoice,DazzlingGleam,Moonblast|Modest||M|||50|]Metagross||Metagrossite|ClearBody|Protect,IronHead,StompingTantrum,PsychicFangs|Jolly|||||50|]Kommo-o||Leftovers|Soundproof|Protect,ClangorousSoul,ClangingScales,AuraSphere|Modest||M|||50|
|showteam|p2|Staraptor||Staraptite|Intimidate|DualWingbeat,CloseCombat,Tailwind,Protect|Jolly||F|||50|]Arcanine-Hisui||FocusSash|RockHead|FlareBlitz,HeadSmash,ExtremeSpeed,Protect|Jolly||M|||50|]Kingambit||LifeOrb|Defiant|KowtowCleave,SuckerPunch,SwordsDance,Protect|Adamant||M|||50|]Raichu||RaichuniteY|LightningRod|ZapCannon,FocusBlast,FakeOut,Protect|Timid||F|||50|]Farigiraf||SitrusBerry|ArmorTail|Psychic,HelpingHand,TrickRoom,Protect|Calm||M|||50|]Sylveon||FairyFeather|Pixilate|HyperVoice,HyperBeam,QuickAttack,Detect|Modest||F|||50|
|inactive|Battle timer is ON: inactive players will automatically lose when time's up. (requested by lux raymundi)
|
|t:|1786203295
|teamsize|p1|4
|teamsize|p2|4
|start
|switch|p1a: Whimsicott|Whimsicott, L50, F|100/100
|switch|p1b: Kommo-o|Kommo-o, L50, M|100/100
|switch|p2a: Raichu|Raichu, L50, F|100/100
|switch|p2b: Arcanine|Arcanine-Hisui, L50, M|100/100
|turn|1
|inactive|bennoVGC has 30 seconds left.
|inactive|bennoVGC has 20 seconds left.
|
|t:|1786203330
|switch|p2b: Sylveon|Sylveon, L50, F|100/100
|detailschange|p2a: Raichu|Raichu-Mega-Y, L50, F
|-mega|p2a: Raichu|Raichu|Raichunite Y
|move|p2a: Raichu|Zap Cannon|p1b: Kommo-o
|-resisted|p1b: Kommo-o|1
|-damage|p1b: Kommo-o|67/100
|-status|p1b: Kommo-o|par
|move|p1a: Whimsicott|Moonblast|p2b: Sylveon
|-damage|p2b: Sylveon|69/100
|move|p1b: Kommo-o|Aura Sphere|p2b: Sylveon
|-resisted|p2b: Sylveon|1
|-crit|p2b: Sylveon
|-damage|p2b: Sylveon|45/100
|
|-heal|p1b: Kommo-o|73/100 par|[from] item: Leftovers
|upkeep
|turn|2
|inactive|bennoVGC has 30 seconds left.
|inactive|lux raymundi has 30 seconds left.
|c|☆lux raymundi|...
|
|t:|1786203362
|move|p1a: Whimsicott|Protect|p1a: Whimsicott
|-singleturn|p1a: Whimsicott|Protect
|move|p2a: Raichu|Zap Cannon|p1a: Whimsicott
|-activate|p1a: Whimsicott|move: Protect
|move|p2b: Sylveon|Hyper Voice|p1a: Whimsicott|[spread] 
|-activate|p1a: Whimsicott|move: Protect
|-immune|p1b: Kommo-o|[from] ability: Soundproof
|move|p1b: Kommo-o|Clanging Scales|p2a: Raichu|[spread] p2a
|-immune|p2b: Sylveon
|-damage|p2a: Raichu|49/100
|-unboost|p1b: Kommo-o|def|1
|
|-heal|p1b: Kommo-o|78/100 par|[from] item: Leftovers
|upkeep
|turn|3
|inactive|bennoVGC has 30 seconds left.
|
|t:|1786203390
|move|p2a: Raichu|Protect|p2a: Raichu
|-singleturn|p2a: Raichu|Protect
|move|p1a: Whimsicott|Tailwind|p1a: Whimsicott
|-sidestart|p1: bennoVGC|move: Tailwind
|move|p2b: Sylveon|Quick Attack|p1b: Kommo-o
|-supereffective|p1b: Kommo-o|2
|-damage|p1b: Kommo-o|0 fnt
|faint|p1b: Kommo-o
|
|upkeep
|
|t:|1786203398
|switch|p1b: Primarina|Primarina, L50, M|100/100
|turn|4
|inactive|lux raymundi has 30 seconds left.
|inactive|lux raymundi has 20 seconds left.
|
|t:|1786203436
|move|p2b: Sylveon|Quick Attack|p1a: Whimsicott
|-damage|p1a: Whimsicott|78/100
|move|p1a: Whimsicott|Moonblast|p2a: Raichu
|-damage|p2a: Raichu|6/100
|move|p1b: Primarina|Hyper Voice|p2a: Raichu|[spread] p2a,p2b
|-damage|p2a: Raichu|0 fnt
|-damage|p2b: Sylveon|7/100
|faint|p2a: Raichu
|
|upkeep
|
|t:|1786203446
|switch|p2a: Arcanine|Arcanine-Hisui, L50, M|100/100
|turn|5
|
|t:|1786203461
|switch|p2a: Kingambit|Kingambit, L50, M|100/100
|move|p2b: Sylveon|Quick Attack|p1a: Whimsicott
|-damage|p1a: Whimsicott|58/100
|move|p1a: Whimsicott|Moonblast|p2a: Kingambit
|-damage|p2a: Kingambit|62/100
|-unboost|p2a: Kingambit|spa|1
|-ability|p2a: Kingambit|Defiant|boost
|-boost|p2a: Kingambit|atk|2
|move|p1b: Primarina|Hyper Voice|p2a: Kingambit|[spread] p2a,p2b
|-damage|p2a: Kingambit|20/100y
|-damage|p2b: Sylveon|0 fnt
|faint|p2b: Sylveon
|
|upkeep
|
|t:|1786203474
|switch|p2b: Arcanine|Arcanine-Hisui, L50, M|100/100
|turn|6
|inactive|bennoVGC has 30 seconds left.
|
|t:|1786203503
|move|p2b: Arcanine|Extreme Speed|p1b: Primarina
|-crit|p1b: Primarina
|-damage|p1b: Primarina|39/100
|move|p2a: Kingambit|Sucker Punch|p1b: Primarina
|-resisted|p1b: Primarina|1
|-damage|p1b: Primarina|0 fnt
|faint|p1b: Primarina
|-damage|p2a: Kingambit|10/100|[from] item: Life Orb
|move|p1a: Whimsicott|Moonblast|p2b: Arcanine
|-resisted|p2b: Arcanine|1
|-damage|p2b: Arcanine|76/100
|
|-sideend|p1: bennoVGC|move: Tailwind
|upkeep
|
|t:|1786203509
|switch|p1b: Metagross|Metagross, L50|100/100
|turn|7
|
|t:|1786203528
|move|p1b: Metagross|Protect|p1b: Metagross
|-singleturn|p1b: Metagross|Protect
|move|p2b: Arcanine|Extreme Speed|p1a: Whimsicott
|-damage|p1a: Whimsicott|22/100
|move|p2a: Kingambit|Sucker Punch||[still]
|-fail|p2a: Kingambit
|move|p1a: Whimsicott|Moonblast|p2a: Kingambit
|-damage|p2a: Kingambit|0 fnt
|faint|p2a: Kingambit
|
|upkeep
|turn|8
|
|t:|1786203541
|detailschange|p1b: Metagross|Metagross-Mega, L50
|-mega|p1b: Metagross|Metagross|Metagrossite
|move|p1a: Whimsicott|Moonblast|p2b: Arcanine
|-resisted|p2b: Arcanine|1
|-damage|p2b: Arcanine|55/100
|move|p1b: Metagross|Stomping Tantrum|p2b: Arcanine
|-supereffective|p2b: Arcanine|2
|-damage|p2b: Arcanine|0 fnt
|faint|p2b: Arcanine
|
|win|bennoVGC
|raw|bennoVGC's rating: 1245 → 1275(+30 for winning)
|raw|lux raymundi's rating: 1317 → 1293(-24 for losing)
