|j|☆PhilHellmuth.PH
|j|☆Darkan33
|html|PhilHellmuth.PHDarkan33    
|uhtml|bestof|Game 1 of a best-of-3
|t:|1756311586
|gametype|doubles
|player|p1|PhilHellmuth.PH|1|1129
|player|p2|Darkan33|veteran|1035
|gen|9
|tier|[Gen 9] VGC 2025 Reg H (Bo3)
|rated|
|rule|Species Clause: Limit one of each Pokémon
|rule|Item Clause: Limit 1 of each item
|clearpoke
|poke|p1|Charizard, L50, F|
|poke|p1|Torkoal, L50, M|
|poke|p1|Porygon2, L50|
|poke|p1|Incineroar, L50, F|
|poke|p1|Jumpluff, L50, F|
|poke|p1|Ursaluna, L50, F|
|poke|p2|Kingdra, L50, F|
|poke|p2|Pelipper, L50, F|
|poke|p2|Garchomp, L50, F|
|poke|p2|Breloom, L50, M|
|poke|p2|Archaludon, L50, M|
|poke|p2|Grimmsnarl, L50, M|
|teampreview|4
|showteam|p1|Charizard||ChoiceSpecs|SolarPower|HeatWave,Overheat,WeatherBall,AirSlash|||F|||50|,,,,,Ghost]Torkoal||EjectPack|Drought|Eruption,Overheat,HelpingHand,Protect|||M|||50|,,,,,Fire]Porygon2||Eviolite|Download|TeraBlast,IceBeam,Recover,TrickRoom||||||50|,,,,,Fighting]Incineroar||SitrusBerry|Intimidate|FlareBlitz,KnockOff,FakeOut,PartingShot|||F|||50|,,,,,Ghost]Jumpluff||CovertCloak|Chlorophyll|SleepPowder,SunnyDay,RagePowder,Tailwind|||F|||50|,,,,,Water]Ursaluna||FlameOrb|Guts|HeadlongRush,Facade,Earthquake,Protect|||F|||50|,,,,,Ghost
|showteam|p2|Kingdra||LifeOrb|SwiftSwim|MuddyWater,DracoMeteor,Hurricane,Protect|||F|||50|,,,,,Stellar]Pelipper||CovertCloak|Drizzle|WeatherBall,Hurricane,WideGuard,Tailwind|||F|||50|,,,,,Ghost]Garchomp||LoadedDice|RoughSkin|ScaleShot,Protect,StompingTantrum,Earthquake|||F|||50|,,,,,Steel]Breloom||FocusSash|Technician|MachPunch,BulletSeed,Spore,Protect|||M|||50|,,,,,Steel]Archaludon||AssaultVest|Stamina|BodyPress,FlashCannon,ElectroShot,DragonPulse|||M|||50|,,,,,Grass]Grimmsnarl||LightClay|Prankster|LightScreen,Reflect,SpiritBreak,ThunderWave|||M|||50|,,,,,Ghost
|inactive|Battle timer is ON: inactive players will automatically lose when time's up. (requested by PhilHellmuth.PH)
|inactive|PhilHellmuth.PH has 60 seconds left.
|
|t:|1756311639
|teamsize|p1|4
|teamsize|p2|4
|start
|switch|p1a: Jumpluff|Jumpluff, L50, F|100/100
|switch|p1b: Torkoal|Torkoal, L50, M|100/100
|switch|p2a: Pelipper|Pelipper, L50, F, shiny|100/100
|switch|p2b: Archaludon|Archaludon, L50, M|100/100
|-weather|RainDance|[from] ability: Drizzle|[of] p2a: Pelipper
|-weather|SunnyDay|[from] ability: Drought|[of] p1b: Torkoal
|turn|1
|inactive|PhilHellmuth.PH has 30 seconds left.
|inactive|Darkan33 has 30 seconds left.
|
|t:|1756311672
|switch|p2b: Garchomp|Garchomp, L50, F|100/100
|move|p1a: Jumpluff|Tailwind|p1a: Jumpluff
|-sidestart|p1: PhilHellmuth.PH|move: Tailwind
|move|p2a: Pelipper|Weather Ball|p1a: Jumpluff
|-supereffective|p1a: Jumpluff
|-damage|p1a: Jumpluff|1/100
|move|p1b: Torkoal|Overheat|p2b: Garchomp
|-resisted|p2b: Garchomp
|-crit|p2b: Garchomp
|-damage|p2b: Garchomp|38/100
|-unboost|p1b: Torkoal|spa|2
|-enditem|p1b: Torkoal|Eject Pack
|
|t:|1756311688
|switch|p1b: Charizard|Charizard, L50, F|100/100
|
|-weather|SunnyDay|[upkeep]
|-damage|p1b: Charizard|88/100|[from] ability: Solar Power|[of] p1b: Charizard
|upkeep
|turn|2
|inactive|Darkan33 has 30 seconds left.
|
|t:|1756311722
|move|p2b: Garchomp|Protect|p2b: Garchomp
|-singleturn|p2b: Garchomp|Protect
|move|p1a: Jumpluff|Sleep Powder|p2a: Pelipper
|-status|p2a: Pelipper|slp|[from] move: Sleep Powder
|move|p1b: Charizard|Weather Ball|p2b: Garchomp
|-activate|p2b: Garchomp|move: Protect
|cant|p2a: Pelipper|slp
|
|-weather|SunnyDay|[upkeep]
|-damage|p1b: Charizard|76/100|[from] ability: Solar Power|[of] p1b: Charizard
|upkeep
|turn|3
|inactive|Darkan33 has 30 seconds left.
|inactive|Darkan33 has 20 seconds left.
|inactive|Darkan33 has 15 seconds left.
|inactive|Darkan33 has 10 seconds left.
|
|t:|1756311767
|switch|p1a: Ursaluna|Ursaluna, L50, F|100/100
|move|p1b: Charizard|Weather Ball|p2b: Garchomp
|-resisted|p2b: Garchomp
|-damage|p2b: Garchomp|0 fnt
|faint|p2b: Garchomp
|cant|p2a: Pelipper|slp
|
|-weather|SunnyDay|[upkeep]
|-damage|p1b: Charizard|63/100|[from] ability: Solar Power|[of] p1b: Charizard
|-status|p1a: Ursaluna|brn|[from] item: Flame Orb
|upkeep
|
|t:|1756311773
|switch|p2b: Grimmsnarl|Grimmsnarl, L50, M|100/100
|turn|4
|
|t:|1756311791
|switch|p2a: Archaludon|Archaludon, L50, M|100/100
|move|p2b: Grimmsnarl|Thunder Wave|p1b: Charizard
|-status|p1b: Charizard|par
|move|p1a: Ursaluna|Facade|p2a: Archaludon
|-resisted|p2a: Archaludon
|-damage|p2a: Archaludon|57/100
|-ability|p2a: Archaludon|Stamina|boost
|-boost|p2a: Archaludon|def|1
|move|p1b: Charizard|Weather Ball|p2b: Grimmsnarl
|-damage|p2b: Grimmsnarl|0 fnt
|faint|p2b: Grimmsnarl
|
|-weather|SunnyDay|[upkeep]
|-damage|p1b: Charizard|51/100 par|[from] ability: Solar Power|[of] p1b: Charizard
|-damage|p1a: Ursaluna|95/100 brn|[from] brn
|-sideend|p1: PhilHellmuth.PH|move: Tailwind
|upkeep
|
|t:|1756311802
|switch|p2b: Pelipper|Pelipper, L50, F, shiny|100/100 slp
|-weather|RainDance|[from] ability: Drizzle|[of] p2b: Pelipper
|turn|5
|inactive|PhilHellmuth.PH has 30 seconds left.
|inactive|PhilHellmuth.PH has 20 seconds left.
|inactive|PhilHellmuth.PH has 15 seconds left.
|inactive|PhilHellmuth.PH has 10 seconds left.
|inactive|PhilHellmuth.PH has 5 seconds left.
|
|t:|1756311855
|-terastallize|p1a: Ursaluna|Ghost
|-curestatus|p2b: Pelipper|slp|[msg]
|move|p2b: Pelipper|Weather Ball|p1b: Charizard
|-supereffective|p1b: Charizard
|-damage|p1b: Charizard|0 fnt
|faint|p1b: Charizard
|move|p2a: Archaludon|Electro Shot||[still]
|-prepare|p2a: Archaludon|Electro Shot
|-boost|p2a: Archaludon|spa|1
|-anim|p2a: Archaludon|Electro Shot|p1a: Ursaluna
|-damage|p1a: Ursaluna|34/100 brn
|move|p1a: Ursaluna|Headlong Rush|p2a: Archaludon
|-supereffective|p2a: Archaludon
|-damage|p2a: Archaludon|0 fnt
|-unboost|p1a: Ursaluna|def|1
|-unboost|p1a: Ursaluna|spd|1
|faint|p2a: Archaludon
|
|-weather|RainDance|[upkeep]
|-damage|p1a: Ursaluna|28/100 brn|[from] brn
|upkeep
|inactive|PhilHellmuth.PH has 30 seconds left.
|
|t:|1756311882
|switch|p1b: Jumpluff|Jumpluff, L50, F|1/100
|turn|6
|inactive|PhilHellmuth.PH has 30 seconds left.
|
|t:|1756311912
|switch|p1a: Torkoal|Torkoal, L50, M|100/100
|-weather|SunnyDay|[from] ability: Drought|[of] p1a: Torkoal
|move|p1b: Jumpluff|Sleep Powder|p2b: Pelipper|[miss]
|-miss|p1b: Jumpluff|p2b: Pelipper
|move|p2b: Pelipper|Weather Ball|p1a: Torkoal
|-resisted|p1a: Torkoal
|-damage|p1a: Torkoal|71/100
|
|-weather|SunnyDay|[upkeep]
|upkeep
|turn|7
|inactive|Darkan33 has 30 seconds left.
|inactive|Darkan33 has 20 seconds left.
|inactive|Darkan33 has 15 seconds left.
|
|t:|1756311957
|move|p1b: Jumpluff|Tailwind|p1b: Jumpluff
|-sidestart|p1: PhilHellmuth.PH|move: Tailwind
|move|p2b: Pelipper|Weather Ball|p1b: Jumpluff
|-supereffective|p1b: Jumpluff
|-damage|p1b: Jumpluff|0 fnt
|faint|p1b: Jumpluff
|move|p1a: Torkoal|Overheat|p2b: Pelipper
|-resisted|p2b: Pelipper
|-damage|p2b: Pelipper|34/100
|-unboost|p1a: Torkoal|spa|2
|
|-weather|SunnyDay|[upkeep]
|upkeep
|
|t:|1756311962
|switch|p1b: Ursaluna|Ursaluna, L50, F, tera:Ghost|28/100 brn
|turn|8
|
|t:|1756311978
|move|p1b: Ursaluna|Facade|p2b: Pelipper
|-damage|p2b: Pelipper|0 fnt
|faint|p2b: Pelipper
|
|win|PhilHellmuth.PH
|inactive|PhilHellmuth.PH has 30 seconds to confirm battle start!
|inactive|Darkan33 has 30 seconds to confirm battle start!
||PhilHellmuth.PH is ready for game 2.
|inactive|Darkan33 has 20 seconds to confirm battle start!
||Darkan33 is ready for game 2.
|uhtml|next|Next: Game 2 of 3
|l|☆PhilHellmuth.PH
|player|p1|
