|j|☆SuprEpcGuy
|j|‽Jvvkjvkgkkb
|html|SuprEpcGuyJvvkjvkgkkb    
|uhtml|bestof|Game 1 of a best-of-3
|t:|1784994979
|gametype|doubles
|player|p1|SuprEpcGuy|shauntal|1175
|player|p2|Jvvkjvkgkkb|ingo|1081
|gen|9
|tier|[Gen 9 Champions] VGC 2026 Reg M-B (Bo3)
|rated|
|rule|Species Clause: Limit one of each Pokémon
|rule|Item Clause: Limit 1 of each item
|clearpoke
|poke|p1|Zoroark-Hisui, L50, M|
|poke|p1|Torkoal, L50, M|
|poke|p1|Farigiraf, L50, F|
|poke|p1|Floette-Eternal, L50, F|
|poke|p1|Aerodactyl, L50, M|
|poke|p1|Incineroar, L50, M|
|poke|p2|Mawile, L50, F|
|poke|p2|Farigiraf, L50, M|
|poke|p2|Incineroar, L50, M|
|poke|p2|Milotic, L50, M|
|poke|p2|Sinistcha, L50|
|poke|p2|Kingambit, L50, F|
|teampreview|4
|showteam|p1|Zoroark-Hisui||ChoiceScarf|Illusion|IcyWind,BitterMalice,HyperVoice,Taunt|Timid||M|||50|]Torkoal||Charcoal|Drought|Eruption,WeatherBall,EarthPower,Protect|Quiet||M|||50|]Farigiraf||ColburBerry|ArmorTail|Psychic,Thunderbolt,TrickRoom,HelpingHand|Quiet||F|||50|]Floette-Eternal||Floettite|FlowerVeil|Moonblast,DazzlingGleam,LightofRuin,Protect|Timid||F|||50|]Aerodactyl||FocusSash|Unnerve|RockSlide,DualWingbeat,Tailwind,Protect|Jolly||M|||50|]Incineroar||LifeOrb|Intimidate|FakeOut,DarkestLariat,FlareBlitz,PartingShot|Adamant||M|||50|
|showteam|p2|Mawile||Mawilite|Intimidate|PlayRough,IronHead,SuckerPunch,Protect|Brave||F|||50|]Farigiraf||FocusSash|ArmorTail|TrickRoom,HyperVoice,HelpingHand,Psychic|Quiet||M|||50|]Incineroar||SitrusBerry|Intimidate|FakeOut,PartingShot,FlareBlitz,ThroatChop|Adamant||M|||50|]Milotic||Leftovers|Competitive|IcyWind,Scald,Recover,Protect|Modest||M|||50|]Sinistcha||OccaBerry|Hospitality|TrickRoom,RagePowder,MatchaGotcha,LifeDew|Relaxed|||||50|]Kingambit||BlackGlasses|Defiant|KowtowCleave,SuckerPunch,LowKick,Protect|Adamant||F|||50|
|inactive|Battle timer is ON: inactive players will automatically lose when time's up. (requested by Jvvkjvkgkkb)
|inactive|SuprEpcGuy also wants the timer to be on.
|inactive|SuprEpcGuy has 60 seconds left.
|inactive|Jvvkjvkgkkb has 60 seconds left.
|inactive|SuprEpcGuy has 30 seconds left.
|inactive|SuprEpcGuy has 20 seconds left.
|inactive|SuprEpcGuy has 15 seconds left.
|inactive|SuprEpcGuy has 10 seconds left.
|
|t:|1784995061
|teamsize|p1|4
|teamsize|p2|4
|start
|switch|p1a: Racecar|Farigiraf, L50, F|100/100
|switch|p1b: Floette|Floette-Eternal, L50, F|100/100
|switch|p2a: Incineroar|Incineroar, L50, M|100/100
|switch|p2b: Kingambit|Kingambit, L50, F|100/100
|-ability|p2a: Incineroar|Intimidate|boost
|-unboost|p1a: Racecar|atk|1
|-unboost|p1b: Floette|atk|1
|turn|1
|inactive|SuprEpcGuy has 30 seconds left.
|inactive|SuprEpcGuy has 20 seconds left.
|inactive|SuprEpcGuy has 15 seconds left.
|
|t:|1784995105
|detailschange|p1b: Floette|Floette-Mega, L50, F
|-mega|p1b: Floette|Floette|Floettite
|-ability|p1b: Floette|Fairy Aura
|move|p2b: Kingambit|Protect|p2b: Kingambit
|-singleturn|p2b: Kingambit|Protect
|move|p1a: Racecar|Hyper Voice|p2a: Incineroar|[spread] p2a
|-activate|p2b: Kingambit|move: Protect
|-damage|p2a: Incineroar|71/100
|move|p1b: Floette|Dazzling Gleam|p2a: Incineroar|[spread] p2a
|-activate|p2b: Kingambit|move: Protect
|-damage|p2a: Incineroar|30/100
|-enditem|p2a: Incineroar|Sitrus Berry|[eat]
|-heal|p2a: Incineroar|54/100|[from] item: Sitrus Berry
|move|p2a: Incineroar|Throat Chop|p1a: Racecar
|-supereffective|p1a: Racecar|1
|-damage|p1a: Racecar|0 fnt
|replace|p1a: Boo|Zoroark-Hisui, L50, M
|-end|p1a: Boo|Illusion
|faint|p1a: Boo
|
|upkeep
|inactive|SuprEpcGuy has 30 seconds left.
|
|t:|1784995131
|switch|p1a: Racecar|Farigiraf, L50, F|100/100
|turn|2
|
|t:|1784995145
|move|p1a: Racecar|Helping Hand|p1b: Floette
|-singleturn|p1b: Floette|Helping Hand|[of] p1a: Racecar
|move|p1b: Floette|Dazzling Gleam|p2a: Incineroar|[spread] p2a,p2b
|-damage|p2a: Incineroar|0 fnt
|-damage|p2b: Kingambit|31/100
|faint|p2a: Incineroar
|move|p2b: Kingambit|Kowtow Cleave|p1a: Racecar
|-supereffective|p1a: Racecar|1
|-enditem|p1a: Racecar|Colbur Berry|[eat]
|-enditem|p1a: Racecar|Colbur Berry|[weaken]
|-damage|p1a: Racecar|33/100
|
|upkeep
|
|t:|1784995150
|switch|p2a: Milotic|Milotic, L50, M|100/100
|turn|3
|inactive|SuprEpcGuy has 30 seconds left.
|inactive|SuprEpcGuy has 20 seconds left.
|
|t:|1784995188
|move|p2b: Kingambit|Protect|p2b: Kingambit
|-singleturn|p2b: Kingambit|Protect
|move|p1b: Floette|Dazzling Gleam|p2b: Kingambit|[spread] p2a
|-activate|p2b: Kingambit|move: Protect
|-damage|p2a: Milotic|68/100
|move|p2a: Milotic|Icy Wind|p1b: Floette|[spread] p1b
|-miss|p2a: Milotic|p1a: Racecar
|-damage|p1b: Floette|90/100
|-unboost|p1b: Floette|spe|1
|move|p1a: Racecar|Trick Room|p1a: Racecar
|-fieldstart|move: Trick Room|[of] p1a: Racecar
|
|-heal|p2a: Milotic|74/100|[from] item: Leftovers
|upkeep
|turn|4
|inactive|SuprEpcGuy has 30 seconds left.
|
|t:|1784995219
|move|p2b: Kingambit|Kowtow Cleave|p1a: Racecar
|-supereffective|p1a: Racecar|1
|-damage|p1a: Racecar|0 fnt
|faint|p1a: Racecar
|move|p2a: Milotic|Scald|p1b: Floette
|-damage|p1b: Floette|62/100
|move|p1b: Floette|Dazzling Gleam|p2b: Kingambit|[spread] p2a,p2b
|-damage|p2a: Milotic|40/100
|-damage|p2b: Kingambit|0 fnt
|faint|p2b: Kingambit
|
|-heal|p2a: Milotic|46/100|[from] item: Leftovers
|upkeep
|
|t:|1784995233
|switch|p2b: Mawile|Mawile, L50, F|100/100
|switch|p1a: Mortar|Torkoal, L50, M|100/100
|-weather|SunnyDay|[from] ability: Drought|[of] p1a: Mortar
|-ability|p2b: Mawile|Intimidate|boost
|-unboost|p1a: Mortar|atk|1
|-unboost|p1b: Floette|atk|1
|turn|5
|inactive|SuprEpcGuy has 30 seconds left.
|
|t:|1784995263
|detailschange|p2b: Mawile|Mawile-Mega, L50, F
|-mega|p2b: Mawile|Mawile|Mawilite
|move|p2b: Mawile|Protect|p2b: Mawile
|-singleturn|p2b: Mawile|Protect
|move|p1a: Mortar|Eruption|p2a: Milotic|[spread] p2a
|-activate|p2b: Mawile|move: Protect
|-resisted|p2a: Milotic|1
|-damage|p2a: Milotic|13/100
|move|p2a: Milotic|Recover|p2a: Milotic
|-heal|p2a: Milotic|63/100
|move|p1b: Floette|Moonblast|p2a: Milotic
|-damage|p2a: Milotic|14/100
|
|-weather|SunnyDay|[upkeep]
|-heal|p2a: Milotic|20/100y|[from] item: Leftovers
|upkeep
|turn|6
|
|t:|1784995287
|move|p2b: Mawile|Sucker Punch|p1a: Mortar
|-damage|p1a: Mortar|62/100
|move|p1a: Mortar|Eruption|p2a: Milotic|[spread] p2a,p2b
|-resisted|p2a: Milotic|1
|-supereffective|p2b: Mawile|1
|-damage|p2a: Milotic|2/100
|-damage|p2b: Mawile|0 fnt
|faint|p2b: Mawile
|move|p2a: Milotic|Scald|p1a: Mortar
|-supereffective|p1a: Mortar|1
|-damage|p1a: Mortar|21/100
|move|p1b: Floette|Dazzling Gleam|p2a: Milotic
|-crit|p2a: Milotic
|-damage|p2a: Milotic|0 fnt
|faint|p2a: Milotic
|
|win|SuprEpcGuy
