|j|☆EgoJJ
|j|☆notsadit
|html|EgoJJnotsadit    
|uhtml|bestof|Game 1 of a best-of-3
|t:|1756840715
|gametype|doubles
|player|p1|EgoJJ|brock|1110
|player|p2|notsadit|266|1026
|gen|9
|tier|[Gen 9] VGC 2025 Reg H (Bo3)
|rated|
|rule|Species Clause: Limit one of each Pokémon
|rule|Item Clause: Limit 1 of each item
|clearpoke
|poke|p1|Glimmora, L50, M|
|poke|p1|Tatsugiri, L50, M|
|poke|p1|Dondozo, L50, M|
|poke|p1|Rillaboom, L50, M|
|poke|p1|Volcarona, L50, M|
|poke|p1|Sneasler, L50, F|
|poke|p2|Incineroar, L50, M|
|poke|p2|Rillaboom, L50, F|
|poke|p2|Smeargle, L50, F|
|poke|p2|Dragonite, L50, M|
|poke|p2|Ursaluna-Bloodmoon, L50, M|
|poke|p2|Scizor, L50, M|
|teampreview|4
|showteam|p1|Glimmora||PowerHerb|ToxicDebris|MeteorBeam,SludgeBomb,EarthPower,SpikyShield|||M|||50|,,,,,Grass]Tatsugiri||FocusSash|Commander|DracoMeteor,MuddyWater,Taunt,Protect|||M|||50|,,,,,Stellar]Dondozo||CovertCloak|Unaware|WaveCrash,OrderUp,HeavySlam,Protect|||M|||50|,,,,,Steel]Rillaboom||AssaultVest|GrassySurge|FakeOut,GrassyGlide,WoodHammer,HighHorsepower|||M|||50|,,,,,Fire]Volcarona||SitrusBerry|FlameBody|FieryDance,TeraBlast,WillOWisp,Tailwind|||M|||50|,,,,,Fairy]Sneasler||GrassySeed|Unburden|DireClaw,CloseCombat,Coaching,Protect|||F|||50|,,,,,Stellar
|showteam|p2|Incineroar||SafetyGoggles|Intimidate|FakeOut,PartingShot,KnockOff,FlareBlitz|||M|||50|,,,,,Ghost]Rillaboom||AssaultVest|GrassySurge|FakeOut,GrassyGlide,WoodHammer,Uturn|||F|||50|,,,,,Water]Smeargle||FocusSash|Moody|FakeOut,Decorate,FollowMe,Spore|||F|||50|,,,,,Grass]Dragonite||LoadedDice|Multiscale|Protect,ScaleShot,Haze,Tailwind|||M|||50|,,,,,Steel]Ursaluna-Bloodmoon||LifeOrb|MindsEye|Protect,BloodMoon,EarthPower,HyperVoice|||M|||50|,,,,,Normal]Scizor||MetalCoat|Technician|Protect,SwordsDance,BulletPunch,CloseCombat|||M|||50|,,,,,Steel
|inactive|Battle timer is ON: inactive players will automatically lose when time's up. (requested by EgoJJ)
|inactive|notsadit has 60 seconds left.
|
|t:|1756840756
|teamsize|p1|4
|teamsize|p2|4
|start
|switch|p1a: Glimmora|Glimmora, L50, M|100/100
|switch|p1b: Volcarona|Volcarona, L50, M|100/100
|switch|p2a: Incineroar|Incineroar, L50, M|100/100
|switch|p2b: Dragonite|Dragonite, L50, M|100/100
|-ability|p2a: Incineroar|Intimidate|boost
|-unboost|p1a: Glimmora|atk|1
|-unboost|p1b: Volcarona|atk|1
|turn|1
|inactive|EgoJJ has 30 seconds left.
|inactive|notsadit has 30 seconds left.
|inactive|EgoJJ has 20 seconds left.
|inactive|notsadit has 20 seconds left.
|inactive|notsadit has 15 seconds left.
|
|t:|1756840800
|-terastallize|p2b: Dragonite|Steel
|move|p2a: Incineroar|Fake Out|p1b: Volcarona
|-damage|p1b: Volcarona|85/100
|cant|p1b: Volcarona|flinch
|move|p1a: Glimmora|Meteor Beam||[still]
|-prepare|p1a: Glimmora|Meteor Beam
|-boost|p1a: Glimmora|spa|1
|-enditem|p1a: Glimmora|Power Herb
|-anim|p1a: Glimmora|Meteor Beam|p2a: Incineroar
|-supereffective|p2a: Incineroar
|-damage|p2a: Incineroar|0 fnt
|faint|p2a: Incineroar
|move|p2b: Dragonite|Scale Shot|p1a: Glimmora
|-damage|p1a: Glimmora|81/100
|-activate|p1a: Glimmora|ability: Toxic Debris
|-sidestart|p2: notsadit|move: Toxic Spikes
|-damage|p1a: Glimmora|62/100
|-activate|p1a: Glimmora|ability: Toxic Debris
|-sidestart|p2: notsadit|move: Toxic Spikes
|-damage|p1a: Glimmora|45/100
|-damage|p1a: Glimmora|26/100
|-damage|p1a: Glimmora|8/100
|-hitcount|p1a: Glimmora|5
|-unboost|p2b: Dragonite|def|1
|-boost|p2b: Dragonite|spe|1
|
|upkeep
|
|t:|1756840814
|switch|p2a: Smeargle|Smeargle, L50, F|100/100
|-status|p2a: Smeargle|tox
|turn|2
|inactive|notsadit has 30 seconds left.
|inactive|notsadit has 20 seconds left.
|inactive|EgoJJ has 30 seconds left.
|inactive|notsadit has 15 seconds left.
|inactive|EgoJJ has 20 seconds left.
|inactive|EgoJJ has 15 seconds left.
|
|t:|1756840871
|move|p2a: Smeargle|Fake Out|p1b: Volcarona
|-damage|p1b: Volcarona|80/100
|move|p2b: Dragonite|Scale Shot|p1b: Volcarona
|-damage|p1b: Volcarona|64/100
|-damage|p1b: Volcarona|46/100
|-enditem|p1b: Volcarona|Sitrus Berry|[eat]
|-heal|p1b: Volcarona|71/100|[from] item: Sitrus Berry
|-damage|p1b: Volcarona|54/100
|-damage|p1b: Volcarona|37/100
|-hitcount|p1b: Volcarona|4
|-unboost|p2b: Dragonite|def|1
|-boost|p2b: Dragonite|spe|1
|cant|p1b: Volcarona|flinch
|move|p1a: Glimmora|Earth Power|p2b: Dragonite
|-supereffective|p2b: Dragonite
|-damage|p2b: Dragonite|48/100
|
|-damage|p2a: Smeargle|94/100 tox|[from] psn
|-ability|p2a: Smeargle|Moody|boost
|-boost|p2a: Smeargle|def|2
|-unboost|p2a: Smeargle|spe|1
|upkeep
|turn|3
|inactive|EgoJJ has 30 seconds left.
|inactive|notsadit has 30 seconds left.
|
|t:|1756840900
|move|p2a: Smeargle|Follow Me|p2a: Smeargle
|-singleturn|p2a: Smeargle|move: Follow Me
|move|p2b: Dragonite|Scale Shot|p1a: Glimmora
|-damage|p1a: Glimmora|0 fnt
|faint|p1a: Glimmora
|-hitcount|p1: Glimmora|1
|-unboost|p2b: Dragonite|def|1
|-boost|p2b: Dragonite|spe|1
|move|p1b: Volcarona|Fiery Dance|p2a: Smeargle
|-damage|p2a: Smeargle|25/100 tox
|
|-damage|p2a: Smeargle|13/100 tox|[from] psn
|-ability|p2a: Smeargle|Moody|boost
|-boost|p2a: Smeargle|spe|2
|-unboost|p2a: Smeargle|def|1
|upkeep
|
|t:|1756840923
|switch|p1a: Dondozo|Dondozo, L50, M|100/100
|turn|4
|inactive|EgoJJ has 30 seconds left.
|inactive|notsadit has 30 seconds left.
|inactive|EgoJJ has 20 seconds left.
|
|t:|1756840959
|move|p1a: Dondozo|Protect|p1a: Dondozo
|-singleturn|p1a: Dondozo|Protect
|move|p2b: Dragonite|Tailwind|p2b: Dragonite
|-sidestart|p2: notsadit|move: Tailwind
|move|p2a: Smeargle|Spore|p1b: Volcarona
|-status|p1b: Volcarona|slp|[from] move: Spore
|cant|p1b: Volcarona|slp
|
|-damage|p2a: Smeargle|0 fnt|[from] psn
|faint|p2a: Smeargle
|upkeep
|
|t:|1756840968
|switch|p2a: Ursaluna|Ursaluna-Bloodmoon, L50, M|100/100
|-status|p2a: Ursaluna|tox
|turn|5
|
|t:|1756840986
|switch|p1b: Tatsugiri|Tatsugiri, L50, M|100/100
|-activate|p1b: Tatsugiri|ability: Commander|[of] p1a: Dondozo
|-boost|p1a: Dondozo|atk|2
|-boost|p1a: Dondozo|spa|2
|-boost|p1a: Dondozo|spe|2
|-boost|p1a: Dondozo|def|2
|-boost|p1a: Dondozo|spd|2
|-terastallize|p1a: Dondozo|Steel
|move|p2b: Dragonite|Scale Shot|p1b: Tatsugiri|[miss]
|-miss|p2b: Dragonite|p1b: Tatsugiri
|move|p2a: Ursaluna|Blood Moon|p1a: Dondozo
|-resisted|p1a: Dondozo
|-damage|p1a: Dondozo|79/100
|-damage|p2a: Ursaluna|91/100 tox|[from] item: Life Orb
|move|p1a: Dondozo|Wave Crash|p2b: Dragonite
|-damage|p2b: Dragonite|0 fnt
|faint|p2b: Dragonite
|-damage|p1a: Dondozo|67/100|[from] Recoil
|
|-damage|p2a: Ursaluna|85/100 tox|[from] psn
|upkeep
|turn|6
|
|t:|1756841003
|move|p2a: Ursaluna|Earth Power|p1a: Dondozo
|-supereffective|p1a: Dondozo
|-damage|p1a: Dondozo|0 fnt
|faint|p1a: Dondozo
|-damage|p2a: Ursaluna|75/100 tox|[from] item: Life Orb
|
|-damage|p2a: Ursaluna|64/100 tox|[from] psn
|upkeep
|
|t:|1756841007
|switch|p1a: Volcarona|Volcarona, L50, M|37/100 slp
|turn|7
|
|t:|1756841029
|move|p2a: Ursaluna|Hyper Voice|p1a: Volcarona|[spread] p1a,p1b
|-damage|p1a: Volcarona|0 fnt
|-damage|p1b: Tatsugiri|29/100
|faint|p1a: Volcarona
|-damage|p2a: Ursaluna|54/100 tox|[from] item: Life Orb
|move|p1b: Tatsugiri|Draco Meteor|p2a: Ursaluna
|-damage|p2a: Ursaluna|0 fnt
|-unboost|p1b: Tatsugiri|spa|2
|faint|p2a: Ursaluna
|
|win|EgoJJ
||notsadit is ready for game 2.
||EgoJJ is ready for game 2.
|uhtml|next|Next: Game 2 of 3
|l|☆notsadit
|player|p2|
