|j|â˜†pulidios
|j|â˜†AbacusStabacus
|html|pulidiosAbacusStabacus    
|uhtml|bestof|Game 2 of a best-of-3
|t:|1785969935
|gametype|doubles
|player|p1|pulidios|101|1175
|player|p2|AbacusStabacus|265|1179
|gen|9
|tier|[Gen 9 Champions] VGC 2026 Reg M-B (Bo3)
|rated|
|rule|Species Clause: Limit one of each PokÃ©mon
|rule|Item Clause: Limit 1 of each item
|clearpoke
|poke|p1|Kingambit, L50, M|
|poke|p1|Charizard, L50, M|
|poke|p1|Sylveon, L50, M|
|poke|p1|Farigiraf, L50, M|
|poke|p1|Garchomp, L50, F|
|poke|p1|Aerodactyl, L50, M|
|poke|p2|Chandelure, L50, F|
|poke|p2|Sinistcha, L50|
|poke|p2|Torkoal, L50, M|
|poke|p2|Rotom-Wash, L50|
|poke|p2|Tyranitar, L50, M|
|poke|p2|Grimmsnarl, L50, M|
|teampreview|4
|showteam|p1|Kingambit||FocusSash|Defiant|SuckerPunch,KowtowCleave,IronHead,LowKick|Adamant||M|||50|]Charizard||CharizarditeY|SolarPower|WeatherBall,HeatWave,SolarBeam,Protect|Timid||M|||50|]Sylveon||FairyFeather|Pixilate|Protect,HyperVoice,HyperBeam,QuickAttack|Modest||M|||50|]Farigiraf||SitrusBerry|ArmorTail|TwinBeam,Thunderbolt,TrickRoom,GrassKnot|Bold||M|||50|]Garchomp||LifeOrb|RoughSkin|Protect,DragonClaw,Earthquake,StompingTantrum|Jolly||F|||50|]Aerodactyl||Aerodactylite|Unnerve|DualWingbeat,Tailwind,RockSlide,IceFang|Jolly||M|||50|
|showteam|p2|Chandelure||Chandelurite|FlashFire|HeatWave,ShadowBall,EnergyBall,Protect|Modest||F|||50|]Sinistcha||FocusSash|Heatproof|MatchaGotcha,TrickRoom,ShadowBall,RagePowder|Quiet|||||50|]Torkoal||Charcoal|Drought|Eruption,HeatWave,SolarBeam,Protect|Quiet||M|||50|]Rotom-Wash||LifeOrb|Levitate|HydroPump,VoltSwitch,Protect,Thunderbolt|Quiet|||||50|]Tyranitar||Tyranitarite|SandStream|IcePunch,RockSlide,Protect,HeavySlam|Adamant||M|||50|]Grimmsnarl||LightClay|Prankster|FakeOut,PartingShot,LightScreen,ThroatChop|Brave||M|||50|
|inactive|Battle timer is ON: inactive players will automatically lose when time's up. (requested by AbacusStabacus)
|c|â˜†AbacusStabacus|i hate charizard so much
|inactive|pulidios has 60 seconds left.
|inactive|AbacusStabacus has 60 seconds left.
|inactive|pulidios has 30 seconds left.
|inactive|pulidios has 20 seconds left.
|
|t:|1785970008
|teamsize|p1|4
|teamsize|p2|4
|start
|switch|p1a: Ferran|Garchomp, L50, F|100/100
|switch|p1b: Salchizard|Charizard, L50, M|100/100
|switch|p2a: Sinistcha|Sinistcha, L50|100/100
|switch|p2b: Tyranitar|Tyranitar, L50, M|100/100
|-weather|Sandstorm|[from] ability: Sand Stream|[of] p2b: Tyranitar
|turn|1
|inactive|pulidios has 30 seconds left.
|
|t:|1785970042
|detailschange|p2b: Tyranitar|Tyranitar-Mega, L50, M
|-mega|p2b: Tyranitar|Tyranitar|Tyranitarite
|move|p1b: Salchizard|Heat Wave|p2b: Tyranitar|[spread] p2a,p2b
|-supereffective|p2a: Sinistcha|1
|-resisted|p2b: Tyranitar|1
|-damage|p2a: Sinistcha|68/100
|-damage|p2b: Tyranitar|92/100
|-status|p2b: Tyranitar|brn
|move|p1a: Ferran|Earthquake|p2b: Tyranitar|[spread] p2a,p2b
|-immune|p1b: Salchizard
|-resisted|p2a: Sinistcha|1
|-supereffective|p2b: Tyranitar|1
|-damage|p2a: Sinistcha|43/100
|-damage|p2b: Tyranitar|34/100 brn
|-damage|p1a: Ferran|90/100|[from] item: Life Orb
|move|p2b: Tyranitar|Ice Punch|p1a: Ferran
|-supereffective|p1a: Ferran|2
|-damage|p1a: Ferran|31/100
|-status|p1a: Ferran|frz
|-damage|p2b: Tyranitar|22/100 brn|[from] ability: Rough Skin|[of] p1a: Ferran
|move|p2a: Sinistcha|Trick Room|p2a: Sinistcha
|-fieldstart|move: Trick Room|[of] p2a: Sinistcha
|
|-weather|Sandstorm|[upkeep]
|-damage|p2a: Sinistcha|37/100|[from] Sandstorm
|-damage|p1b: Salchizard|94/100|[from] Sandstorm
|-damage|p2b: Tyranitar|16/100 brn|[from] brn
|upkeep
|turn|2
|inactive|pulidios has 30 seconds left.
|inactive|AbacusStabacus has 30 seconds left.
|c|â˜†AbacusStabacus|pokemon is skill based gameplay
|
|t:|1785970076
|detailschange|p1b: Salchizard|Charizard-Mega-Y, L50, M
|-mega|p1b: Salchizard|Charizard|Charizardite Y
|-weather|SunnyDay|[from] ability: Drought|[of] p1b: Salchizard
|move|p2a: Sinistcha|Shadow Ball|p1b: Salchizard
|-damage|p1b: Salchizard|52/100
|move|p2b: Tyranitar|Rock Slide|p1a: Ferran|[spread] p1a,p1b
|-resisted|p1a: Ferran|1
|-supereffective|p1b: Salchizard|2
|-damage|p1a: Ferran|22/100 frz
|-damage|p1b: Salchizard|0 fnt
|faint|p1b: Salchizard
|cant|p1a: Ferran|frz
|
|-weather|SunnyDay|[upkeep]
|-damage|p2b: Tyranitar|11/100 brn|[from] brn
|upkeep
|c|â˜†pulidios|wow
|c|â˜†AbacusStabacus|so much skill
|c|â˜†pulidios|i hate this game
|
|t:|1785970096
|switch|p1b: Sylveon|Sylveon, L50, M|100/100
|turn|3
|
|t:|1785970107
|move|p2a: Sinistcha|Matcha Gotcha|p1a: Ferran|[spread] p1a,p1b
|-damage|p1a: Ferran|0 fnt
|-heal|p2a: Sinistcha|49/100|[from] drain|[of] p1a: Ferran
|-damage|p1b: Sylveon|72/100
|-heal|p2a: Sinistcha|63/100|[from] drain|[of] p1b: Sylveon
|faint|p1a: Ferran
|move|p1b: Sylveon|Hyper Voice|p2a: Sinistcha|[spread] p2a,p2b
|-supereffective|p2b: Tyranitar|1
|-damage|p2a: Sinistcha|1/100
|-damage|p2b: Tyranitar|0 fnt
|faint|p2b: Tyranitar
|
|-weather|SunnyDay|[upkeep]
|upkeep
|c|â˜†pulidios|wow
|
|t:|1785970123
|switch|p2b: Torkoal|Torkoal, L50, M|100/100
|switch|p1a: Casquete volador|Aerodactyl, L50, M|100/100
|-ability|p1a: Casquete volador|Unnerve
|turn|4
|c|â˜†AbacusStabacus|SKiLl
|
|t:|1785970139
|move|p1b: Sylveon|Protect|p1b: Sylveon
|-singleturn|p1b: Sylveon|Protect
|move|p2b: Torkoal|Eruption|p1b: Sylveon|[spread] p1a
|-activate|p1b: Sylveon|move: Protect
|-resisted|p1a: Casquete volador|1
|-damage|p1a: Casquete volador|41/100
|move|p2a: Sinistcha|Matcha Gotcha|p1b: Sylveon|[spread] p1a
|-activate|p1b: Sylveon|move: Protect
|-damage|p1a: Casquete volador|0 fnt
|-heal|p2a: Sinistcha|21/100|[from] drain|[of] p1a: Casquete volador
|faint|p1a: Casquete volador
|
|-weather|SunnyDay|[upkeep]
|upkeep
|turn|5
|c|â˜†pulidios|me cago en tu puta madre colega
|c|â˜†pulidios|llevo 3 partidas igual
|inactive|pulidios has 30 seconds left.
|c|â˜†AbacusStabacus|wow
|
|t:|1785970167
|move|p2b: Torkoal|Eruption|p1b: Sylveon
|-damage|p1b: Sylveon|0 fnt
|faint|p1b: Sylveon
|
|win|AbacusStabacus
