|j|☆Elipick
|j|☆IceFlames
|html|ElipickIceFlames    
|uhtml|bestof|Game 2 of a best-of-3
|t:|1756593104
|gametype|doubles
|player|p1|Elipick|cynthia-gen4|1033
|player|p2|IceFlames|blackbelt-gen1|1079
|gen|9
|tier|[Gen 9] VGC 2025 Reg H (Bo3)
|rated|
|rule|Species Clause: Limit one of each Pokémon
|rule|Item Clause: Limit 1 of each item
|clearpoke
|poke|p1|Dragonite, L50, F|
|poke|p1|Annihilape, L50, M|
|poke|p1|Ninetales-Alola, L50, M|
|poke|p1|Magmar, L50, M|
|poke|p1|Whimsicott, L50, F|
|poke|p1|Kingambit, L50, M|
|poke|p2|Poliwrath, L50, F|
|poke|p2|Gholdengo, L50|
|poke|p2|Archaludon, L50, F|
|poke|p2|Pelipper, L50, M|
|poke|p2|Amoonguss, L50, M|
|poke|p2|Incineroar, L50, F|
|teampreview|4
|showteam|p1|Dragonite||LoadedDice|Multiscale|ScaleShot,Protect,IceSpinner,ExtremeSpeed|||F|||50|,,,,,Normal]Annihilape||SitrusBerry|Defiant|RageFist,BulkUp,CloseCombat,Protect|||M|||50|,,,,,Water]Ninetales-Alola||WeaknessPolicy|SnowWarning|AuroraVeil,DazzlingGleam,Protect,Blizzard|||M|||50|,,,,,Fire]Magmar||Eviolite|VitalSpirit|FollowMe,Protect,WillOWisp,HeatWave|||M|||50|,,,,,Water]Whimsicott||FocusSash|Prankster|Tailwind,Moonblast,FakeTears,Taunt|||F|||50|,,,,,Ghost]Kingambit||CovertCloak|Defiant|KowtowCleave,SuckerPunch,IronHead,SwordsDance|||M|||50|,,,,,Dark
|showteam|p2|Poliwrath||LifeOrb|SwiftSwim|CloseCombat,Liquidation,Haze,Protect|||F|||50|,,,,,Stellar]Gholdengo||Leftovers|GoodasGold|MakeItRain,ShadowBall,NastyPlot,Protect||||||50|,,,,,Water]Archaludon||AssaultVest|Stamina|ElectroShot,BodyPress,FlashCannon,DragonPulse|||F|||50|,,,,,Bug]Pelipper||FocusSash|Drizzle|Hurricane,WeatherBall,Tailwind,Protect|||M|||50|,,,,,Ground]Amoonguss||CovertCloak|Regenerator|Spore,PollenPuff,RagePowder,Protect|||M|||50|,,,,,Fire]Incineroar||SafetyGoggles|Intimidate|FakeOut,KnockOff,Taunt,PartingShot|||F|||50|,,,,,Ghost
|
|t:|1756593139
|teamsize|p1|4
|teamsize|p2|4
|start
|switch|p1a: Annihilape|Annihilape, L50, M|100/100
|switch|p1b: Ninetales|Ninetales-Alola, L50, M|100/100
|switch|p2a: Archaludon|Archaludon, L50, F|100/100
|switch|p2b: Pelipper|Pelipper, L50, M|100/100
|-weather|Snowscape|[from] ability: Snow Warning|[of] p1b: Ninetales
|-weather|RainDance|[from] ability: Drizzle|[of] p2b: Pelipper
|turn|1
|
|t:|1756593174
|switch|p1b: Kingambit|Kingambit, L50, M|100/100
|move|p2b: Pelipper|Tailwind|p2b: Pelipper
|-sidestart|p2: IceFlames|move: Tailwind
|move|p2a: Archaludon|Electro Shot||[still]
|-prepare|p2a: Archaludon|Electro Shot
|-boost|p2a: Archaludon|spa|1
|-anim|p2a: Archaludon|Electro Shot|p1a: Annihilape
|-damage|p1a: Annihilape|46/100
|-enditem|p1a: Annihilape|Sitrus Berry|[eat]
|-heal|p1a: Annihilape|71/100|[from] item: Sitrus Berry
|move|p1a: Annihilape|Bulk Up|p1a: Annihilape
|-boost|p1a: Annihilape|atk|1
|-boost|p1a: Annihilape|def|1
|
|-weather|RainDance|[upkeep]
|upkeep
|turn|2
|
|t:|1756593219
|move|p2b: Pelipper|Hurricane|p1a: Annihilape
|-supereffective|p1a: Annihilape
|-damage|p1a: Annihilape|0 fnt
|faint|p1a: Annihilape
|move|p2a: Archaludon|Body Press|p1b: Kingambit
|-supereffective|p1b: Kingambit
|-damage|p1b: Kingambit|37/100
|move|p1b: Kingambit|Swords Dance|p1b: Kingambit
|-boost|p1b: Kingambit|atk|2
|
|-weather|RainDance|[upkeep]
|upkeep
|
|t:|1756593231
|switch|p1a: Ninetales|Ninetales-Alola, L50, M|100/100
|-weather|Snowscape|[from] ability: Snow Warning|[of] p1a: Ninetales
|turn|3
|
|t:|1756593268
|switch|p2b: Amoonguss|Amoonguss, L50, M|100/100
|move|p1b: Kingambit|Sucker Punch|p2a: Archaludon
|-damage|p2a: Archaludon|40/100
|-ability|p2a: Archaludon|Stamina|boost
|-boost|p2a: Archaludon|def|1
|move|p2a: Archaludon|Body Press|p1b: Kingambit
|-supereffective|p1b: Kingambit
|-damage|p1b: Kingambit|0 fnt
|faint|p1b: Kingambit
|move|p1a: Ninetales|Blizzard|p2a: Archaludon|[spread] p2a,p2b
|-supereffective|p2b: Amoonguss
|-damage|p2a: Archaludon|15/100
|-damage|p2b: Amoonguss|40/100
|-status|p2a: Archaludon|frz
|-ability|p2a: Archaludon|Stamina|boost
|-boost|p2a: Archaludon|def|1
|
|-weather|Snowscape|[upkeep]
|upkeep
|
|t:|1756593286
|switch|p1b: Dragonite|Dragonite, L50, F|100/100
|turn|4
|
|t:|1756593305
|switch|p2b: Pelipper|Pelipper, L50, M|100/100
|-weather|RainDance|[from] ability: Drizzle|[of] p2b: Pelipper
|cant|p2a: Archaludon|frz
|move|p1a: Ninetales|Blizzard|p2b: Pelipper|[spread] p2a,p2b
|-damage|p2a: Archaludon|0 fnt
|-damage|p2b: Pelipper|43/100
|faint|p2a: Archaludon
|move|p1b: Dragonite|Ice Spinner|p2b: Pelipper
|-damage|p2b: Pelipper|4/100
|
|-weather|RainDance|[upkeep]
|-sideend|p2: IceFlames|move: Tailwind
|upkeep
|
|t:|1756593315
|switch|p2a: Poliwrath|Poliwrath, L50, F, shiny|100/100
|turn|5
|
|t:|1756593333
|-terastallize|p2a: Poliwrath|Stellar
|move|p2b: Pelipper|Protect|p2b: Pelipper
|-singleturn|p2b: Pelipper|Protect
|move|p2a: Poliwrath|Liquidation|p1a: Ninetales
|-damage|p1a: Ninetales|0 fnt
|faint|p1a: Ninetales
|-damage|p2a: Poliwrath|91/100|[from] item: Life Orb
|move|p1b: Dragonite|Scale Shot|p2a: Poliwrath
|-damage|p2a: Poliwrath|73/100
|-damage|p2a: Poliwrath|54/100
|-damage|p2a: Poliwrath|39/100
|-damage|p2a: Poliwrath|24/100
|-hitcount|p2a: Poliwrath|4
|-unboost|p1b: Dragonite|def|1
|-boost|p1b: Dragonite|spe|1
|
|-weather|RainDance|[upkeep]
|upkeep
|turn|6
|
|t:|1756593386
|move|p2a: Poliwrath|Protect|p2a: Poliwrath
|-singleturn|p2a: Poliwrath|Protect
|move|p1b: Dragonite|Scale Shot|p2a: Poliwrath
|-activate|p2a: Poliwrath|move: Protect
|move|p2b: Pelipper|Tailwind|p2b: Pelipper
|-sidestart|p2: IceFlames|move: Tailwind
|
|-weather|RainDance|[upkeep]
|upkeep
|turn|7
|
|t:|1756593406
|switch|p2a: Amoonguss|Amoonguss, L50, M|73/100
|-terastallize|p1b: Dragonite|Normal
|move|p1b: Dragonite|Extreme Speed|p2a: Amoonguss
|-damage|p2a: Amoonguss|37/100
|move|p2b: Pelipper|Hurricane|p1b: Dragonite
|-damage|p1b: Dragonite|79/100
|-start|p1b: Dragonite|confusion
|
|-weather|RainDance|[upkeep]
|upkeep
|turn|8
|
|t:|1756593422
|move|p2b: Pelipper|Weather Ball|p1b: Dragonite
|-damage|p1b: Dragonite|19/100
|-activate|p1b: Dragonite|confusion
|move|p1b: Dragonite|Ice Spinner|p2a: Amoonguss
|-supereffective|p2a: Amoonguss
|-damage|p2a: Amoonguss|0 fnt
|faint|p2a: Amoonguss
|
|-weather|none
|upkeep
|
|t:|1756593428
|switch|p2a: Poliwrath|Poliwrath, L50, F, shiny, tera:Stellar|24/100
|turn|9
|
|t:|1756593435
|-activate|p1b: Dragonite|confusion
|move|p1b: Dragonite|Protect|p1b: Dragonite
|-singleturn|p1b: Dragonite|Protect
|move|p2b: Pelipper|Hurricane|p1b: Dragonite
|-activate|p1b: Dragonite|move: Protect
|move|p2a: Poliwrath|Close Combat|p1b: Dragonite
|-activate|p1b: Dragonite|move: Protect
|
|-sideend|p2: IceFlames|move: Tailwind
|upkeep
|turn|10
|
|t:|1756593469
|-activate|p1b: Dragonite|confusion
|move|p1b: Dragonite|Extreme Speed|p2b: Pelipper
|-damage|p2b: Pelipper|0 fnt
|faint|p2b: Pelipper
|move|p2a: Poliwrath|Close Combat|p1b: Dragonite
|-supereffective|p1b: Dragonite
|-damage|p1b: Dragonite|0 fnt
|-unboost|p2a: Poliwrath|def|1
|-unboost|p2a: Poliwrath|spd|1
|faint|p1b: Dragonite
|-damage|p2a: Poliwrath|14/100|[from] item: Life Orb
|
|win|IceFlames
|raw|Elipick's rating: 1033 → 1020(-13 for losing)
|raw|IceFlames's rating: 1079 → 1103(+24 for winning)
|l|☆Elipick
|player|p1|
