|j|â˜†ALoafOfGarlicBread
|j|â˜†li therians
|html|ALoafOfGarlicBreadli therians    
|uhtml|bestof|Game 1 of a best-of-3
|t:|1757905945
|gametype|doubles
|player|p1|ALoafOfGarlicBread|pokemaniac|
|player|p2|li therians|n|
|gen|9
|tier|[Gen 9] VGC 2025 Reg H (Bo3)
|rule|Species Clause: Limit one of each PokÃ©mon
|rule|Item Clause: Limit 1 of each item
|clearpoke
|poke|p1|Tyranitar, L50, F|
|poke|p1|Houndstone, L50, M|
|poke|p1|Dondozo, L50, M|
|poke|p1|Tatsugiri, L50, M|
|poke|p1|Sinistcha-Masterpiece, L50|
|poke|p1|Gothitelle, L50, F|
|poke|p2|Gardevoir, L50, F|
|poke|p2|Volcarona, L50, F|
|poke|p2|Electabuzz, L50, M|
|poke|p2|Dragonite, L50, M|
|poke|p2|Basculegion-F, L50, F|
|poke|p2|Arboliva, L50, F|
|teampreview|4
|showteam|p1|Tyranitar||AssaultVest|SandStream|KnockOff,RockSlide,TeraBlast,LowKick|||F|||50|,,,,,Flying]Houndstone||FocusSash|SandRush|WillOWisp,Howl,Protect,LastRespects|||M|||50|,,,,,Ghost]Dondozo||Leftovers|Unaware|HeavySlam,OrderUp,Earthquake,Protect|||M|||50|,,,,,Steel]Tatsugiri||ChoiceScarf|Commander|DracoMeteor,MuddyWater,IcyWind,Taunt|||M|||50|,,,,,Ghost]Sinistcha-Masterpiece||SitrusBerry|Hospitality|MatchaGotcha,RagePowder,ShadowBall,TrickRoom||||||50|,,,,,Water]Gothitelle||CovertCloak|ShadowTag|FakeOut,FoulPlay,Taunt,HelpingHand|||F|||50|,,,,,Dark
|showteam|p2|Gardevoir||ChoiceSpecs|Telepathy|DazzlingGleam,MysticalFire,Moonblast,Psychic|||F|||50|,,,,,Fairy]Volcarona||CovertCloak|FlameBody|RagePowder,QuiverDance,Protect,BugBuzz|||F|||50|,,,,,Water]Electabuzz||Eviolite|Static|FollowMe,Taunt,Protect,VoltSwitch|||M|||50|,,,,,Ghost]Dragonite||Leftovers|Multiscale|Earthquake,DragonDance,Protect,TeraBlast|||M|||50|,,,,,Fairy]Basculegion-F||LifeOrb|SwiftSwim|IceBeam,FlipTurn,Surf,ShadowBall|||F|||50|,,,,,Water]Arboliva||EjectButton|SeedSower|LeechSeed,PollenPuff,Protect,GrassKnot|||F|||50|,,,,,Grass
|c|â˜†li therians|glhf
|c|â˜†ALoafOfGarlicBread|you too
|
|t:|1757906021
|teamsize|p1|4
|teamsize|p2|4
|start
|switch|p1a: mr sandman|Tyranitar, L50, F|100/100
|switch|p1b: chihuahuahhaha|Houndstone, L50, M|100/100
|switch|p2a: Arboliva|Arboliva, L50, F|100/100
|switch|p2b: mybaby|Basculegion-F, L50, F|100/100
|-weather|Sandstorm|[from] ability: Sand Stream|[of] p1a: mr sandman
|turn|1
|
|t:|1757906081
|move|p1b: chihuahuahhaha|Howl|p1b: chihuahuahhaha|[spread] p1a,p1b
|-boost|p1a: mr sandman|atk|1
|-boost|p1b: chihuahuahhaha|atk|1
|move|p2b: mybaby|Flip Turn|p1a: mr sandman
|-supereffective|p1a: mr sandman
|-damage|p1a: mr sandman|60/100
|-damage|p2b: mybaby|91/100|[from] item: Life Orb
|
|t:|1757906097
|switch|p2b: HelloPrettyLady|Gardevoir, L50, F|100/100|[from] Flip Turn
|move|p1a: mr sandman|Knock Off|p2b: HelloPrettyLady
|-damage|p2b: HelloPrettyLady|0 fnt
|-enditem|p2b: HelloPrettyLady|Choice Specs|[from] move: Knock Off|[of] p1a: mr sandman
|faint|p2b: HelloPrettyLady
|move|p2a: Arboliva|Leech Seed|p1a: mr sandman
|-start|p1a: mr sandman|move: Leech Seed
|
|-weather|Sandstorm|[upkeep]
|-damage|p2a: Arboliva|94/100|[from] Sandstorm
|-damage|p1a: mr sandman|48/100|[from] Leech Seed|[of] p2a: Arboliva
|-heal|p2a: Arboliva|100/100|[silent]
|upkeep
|
|t:|1757906108
|switch|p2b: mybaby|Basculegion-F, L50, F|91/100
|turn|2
|
|t:|1757906190
|move|p1b: chihuahuahhaha|Howl|p1b: chihuahuahhaha|[spread] p1a,p1b
|-boost|p1a: mr sandman|atk|1
|-boost|p1b: chihuahuahhaha|atk|1
|move|p2b: mybaby|Flip Turn|p1a: mr sandman
|-supereffective|p1a: mr sandman
|-damage|p1a: mr sandman|10/100
|-damage|p2b: mybaby|81/100|[from] item: Life Orb
|
|t:|1757906196
|switch|p2b: WingsTooSmall|Dragonite, L50, M|100/100|[from] Flip Turn
|move|p1a: mr sandman|Knock Off|p2b: WingsTooSmall
|-damage|p2b: WingsTooSmall|47/100
|-enditem|p2b: WingsTooSmall|Leftovers|[from] move: Knock Off|[of] p1a: mr sandman
|move|p2a: Arboliva|Leech Seed|p1b: chihuahuahhaha
|-start|p1b: chihuahuahhaha|move: Leech Seed
|
|-weather|Sandstorm|[upkeep]
|-damage|p2b: WingsTooSmall|41/100|[from] Sandstorm
|-damage|p2a: Arboliva|94/100|[from] Sandstorm
|-damage|p1b: chihuahuahhaha|88/100|[from] Leech Seed|[of] p2a: Arboliva
|-heal|p2a: Arboliva|100/100|[silent]
|-damage|p1a: mr sandman|0 fnt|[from] Leech Seed|[of] p2a: Arboliva
|faint|p1a: mr sandman
|upkeep
|
|t:|1757906209
|switch|p1a: White Whale|Dondozo, L50, M|100/100
|turn|3
|
|t:|1757906258
|switch|p2b: mybaby|Basculegion-F, L50, F|81/100
|move|p1b: chihuahuahhaha|Protect|p1b: chihuahuahhaha
|-singleturn|p1b: chihuahuahhaha|Protect
|move|p1a: White Whale|Order Up|p2b: mybaby
|-damage|p2b: mybaby|50/100
|move|p2a: Arboliva|Pollen Puff|p2b: mybaby
|-heal|p2b: mybaby|99/100
|
|-weather|Sandstorm|[upkeep]
|-damage|p2b: mybaby|93/100|[from] Sandstorm
|-damage|p1a: White Whale|94/100|[from] Sandstorm
|-damage|p2a: Arboliva|94/100|[from] Sandstorm
|-heal|p1a: White Whale|100/100|[from] item: Leftovers
|-damage|p1b: chihuahuahhaha|76/100|[from] Leech Seed|[of] p2a: Arboliva
|-heal|p2a: Arboliva|100/100|[silent]
|upkeep
|turn|4
|
|t:|1757906289
|switch|p1b: CAPTAIN AHAB|Tatsugiri, L50, M|100/100
|-activate|p1b: CAPTAIN AHAB|ability: Commander|[of] p1a: White Whale
|-boost|p1a: White Whale|atk|2
|-boost|p1a: White Whale|spa|2
|-boost|p1a: White Whale|spe|2
|-boost|p1a: White Whale|def|2
|-boost|p1a: White Whale|spd|2
|move|p1a: White Whale|Order Up|p2b: mybaby
|-crit|p2b: mybaby
|-damage|p2b: mybaby|3/100
|-boost|p1a: White Whale|atk|1
|move|p2b: mybaby|Shadow Ball|p1b: CAPTAIN AHAB|[miss]
|-miss|p2b: mybaby|p1b: CAPTAIN AHAB
|move|p2a: Arboliva|Grass Knot|p1a: White Whale
|-supereffective|p1a: White Whale
|-damage|p1a: White Whale|33/100
|
|-weather|Sandstorm|[upkeep]
|-damage|p1b: CAPTAIN AHAB|94/100|[from] Sandstorm
|-damage|p1a: White Whale|27/100|[from] Sandstorm
|-damage|p2b: mybaby|0 fnt|[from] Sandstorm
|-damage|p2a: Arboliva|94/100|[from] Sandstorm
|faint|p2b: mybaby
|-heal|p1a: White Whale|33/100|[from] item: Leftovers
|upkeep
|
|t:|1757906309
|switch|p2b: WingsTooSmall|Dragonite, L50, M|41/100
|turn|5
|
|t:|1757906320
|move|p2b: WingsTooSmall|Protect|p2b: WingsTooSmall
|-singleturn|p2b: WingsTooSmall|Protect
|move|p1a: White Whale|Order Up|p2b: WingsTooSmall
|-activate|p2b: WingsTooSmall|move: Protect
|move|p2a: Arboliva|Leech Seed|p1a: White Whale
|-start|p1a: White Whale|move: Leech Seed
|
|-weather|none
|-heal|p1a: White Whale|39/100|[from] item: Leftovers
|-damage|p1a: White Whale|27/100|[from] Leech Seed|[of] p2a: Arboliva
|-heal|p2a: Arboliva|100/100|[silent]
|upkeep
|turn|6
|
|t:|1757906340
|-terastallize|p2b: WingsTooSmall|Fairy
|move|p1a: White Whale|Protect|p1a: White Whale
|-singleturn|p1a: White Whale|Protect
|move|p2b: WingsTooSmall|Tera Blast|p1a: White Whale|[anim] Tera Blast Fairy
|-activate|p1a: White Whale|move: Protect
|move|p2a: Arboliva|Pollen Puff|p2b: WingsTooSmall
|-heal|p2b: WingsTooSmall|90/100
|
|-heal|p1a: White Whale|33/100|[from] item: Leftovers
|-damage|p1a: White Whale|21/100|[from] Leech Seed|[of] p2a: Arboliva
|upkeep
|turn|7
|
|t:|1757906361
|-terastallize|p1a: White Whale|Steel
|move|p2b: WingsTooSmall|Protect|p2b: WingsTooSmall
|-singleturn|p2b: WingsTooSmall|Protect
|move|p1a: White Whale|Heavy Slam|p2b: WingsTooSmall
|-activate|p2b: WingsTooSmall|move: Protect
|move|p2a: Arboliva|Grass Knot|p1a: White Whale
|-resisted|p1a: White Whale
|-damage|p1a: White Whale|4/100
|
|-heal|p1a: White Whale|11/100|[from] item: Leftovers
|-damage|p1a: White Whale|0 fnt|[from] Leech Seed|[of] p2a: Arboliva
|faint|p1a: White Whale
|upkeep
|
|t:|1757906373
|switch|p1a: chihuahuahhaha|Houndstone, L50, M|76/100
|turn|8
|
|t:|1757906410
|move|p1b: CAPTAIN AHAB|Muddy Water|p2b: WingsTooSmall|[spread] p2a,p2b
|-resisted|p2a: Arboliva
|-damage|p2a: Arboliva|88/100
|-damage|p2b: WingsTooSmall|60/100
|-unboost|p2b: WingsTooSmall|accuracy|1
|-fieldstart|move: Grassy Terrain|[from] ability: Seed Sower|[of] p2a: Arboliva
|move|p2b: WingsTooSmall|Tera Blast|p1b: CAPTAIN AHAB|[anim] Tera Blast Fairy
|-supereffective|p1b: CAPTAIN AHAB
|-damage|p1b: CAPTAIN AHAB|0 fnt
|faint|p1b: CAPTAIN AHAB
|move|p1a: chihuahuahhaha|Last Respects|p2b: WingsTooSmall
|-damage|p2b: WingsTooSmall|0 fnt
|faint|p2b: WingsTooSmall
|move|p2a: Arboliva|Pollen Puff|p1a: chihuahuahhaha
|-resisted|p1a: chihuahuahhaha
|-damage|p1a: chihuahuahhaha|56/100
|
|-heal|p1a: chihuahuahhaha|62/100|[from] Grassy Terrain
|-heal|p2a: Arboliva|94/100|[from] Grassy Terrain
|upkeep
|turn|9
|
|t:|1757906429
|move|p1a: chihuahuahhaha|Will-O-Wisp|p2a: Arboliva
|-status|p2a: Arboliva|brn
|move|p2a: Arboliva|Leech Seed|p1a: chihuahuahhaha
|-start|p1a: chihuahuahhaha|move: Leech Seed
|
|-heal|p1a: chihuahuahhaha|68/100|[from] Grassy Terrain
|-heal|p2a: Arboliva|99/100 brn|[from] Grassy Terrain
|-damage|p1a: chihuahuahhaha|56/100|[from] Leech Seed|[of] p2a: Arboliva
|-heal|p2a: Arboliva|100/100 brn|[silent]
|-damage|p2a: Arboliva|94/100 brn|[from] brn
|upkeep
|turn|10
|c|â˜†ALoafOfGarlicBread|maaaan
|
|t:|1757906451
|move|p1a: chihuahuahhaha|Protect|p1a: chihuahuahhaha
|-singleturn|p1a: chihuahuahhaha|Protect
|move|p2a: Arboliva|Grass Knot|p1a: chihuahuahhaha
|-activate|p1a: chihuahuahhaha|move: Protect
|
|-heal|p1a: chihuahuahhaha|62/100|[from] Grassy Terrain
|-heal|p2a: Arboliva|100/100 brn|[from] Grassy Terrain
|-damage|p1a: chihuahuahhaha|50/100|[from] Leech Seed|[of] p2a: Arboliva
|-damage|p2a: Arboliva|94/100 brn|[from] brn
|upkeep
|turn|11
|
|t:|1757906462
|move|p1a: chihuahuahhaha|Last Respects|p2a: Arboliva
|-immune|p2a: Arboliva
|move|p2a: Arboliva|Grass Knot|p1a: chihuahuahhaha
|-damage|p1a: chihuahuahhaha|15/100
|
|-heal|p1a: chihuahuahhaha|21/100|[from] Grassy Terrain
|-heal|p2a: Arboliva|100/100 brn|[from] Grassy Terrain
|-damage|p1a: chihuahuahhaha|9/100|[from] Leech Seed|[of] p2a: Arboliva
|-damage|p2a: Arboliva|94/100 brn|[from] brn
|upkeep
|turn|12
|c|â˜†ALoafOfGarlicBread|maaaan
|c|â˜†li therians|yeaaa Arboliva annoying
|
|t:|1757906473
|move|p1a: chihuahuahhaha|Protect|p1a: chihuahuahhaha
|-singleturn|p1a: chihuahuahhaha|Protect
|move|p2a: Arboliva|Protect||[still]
|-fail|p2a: Arboliva
|
|-heal|p1a: chihuahuahhaha|15/100|[from] Grassy Terrain
|-heal|p2a: Arboliva|100/100 brn|[from] Grassy Terrain
|-damage|p1a: chihuahuahhaha|3/100|[from] Leech Seed|[of] p2a: Arboliva
|-damage|p2a: Arboliva|94/100 brn|[from] brn
|-fieldend|move: Grassy Terrain
|upkeep
|turn|13
|
|t:|1757906484
|move|p1a: chihuahuahhaha|Will-O-Wisp|p2a: Arboliva
|-fail|p2a: Arboliva|brn
|move|p2a: Arboliva|Pollen Puff|p1a: chihuahuahhaha
|-resisted|p1a: chihuahuahhaha
|-damage|p1a: chihuahuahhaha|0 fnt
|faint|p1a: chihuahuahhaha
|
|win|li therians
||ALoafOfGarlicBread is ready for game 2.
|c|â˜†li therians|you putting the game in
|inactive|li therians has 30 seconds to confirm battle start!
|c|â˜†li therians|discord?
|inactive|li therians has 20 seconds to confirm battle start!
|c|â˜†li therians|or you want me too
|c|â˜†ALoafOfGarlicBread|yeah i got it
|c|â˜†li therians|ight
|c|â˜†li therians|cool
|inactive|li therians has 10 seconds to confirm battle start!
|uhtml|next|Next: Game 2 of 3
