|j|☆resourcespro
|j|☆AnotherMadelll
|html|resourcesproAnotherMadelll    
|uhtml|bestof|Game 3 of a best-of-3
|t:|1786057878
|gametype|doubles
|player|p1|resourcespro|266|1061
|player|p2|AnotherMadelll|blackbelt-gen4dp|1149
|gen|9
|tier|[Gen 9 Champions] VGC 2026 Reg M-B (Bo3)
|rated|
|rule|Species Clause: Limit one of each Pokémon
|rule|Item Clause: Limit 1 of each item
|clearpoke
|poke|p1|Annihilape, L50, M|
|poke|p1|Clefable, L50, M|
|poke|p1|Excadrill, L50, M|
|poke|p1|Tyranitar, L50, F|
|poke|p1|Sinistcha-Masterpiece, L50|
|poke|p1|Aegislash, L50, F|
|poke|p2|Swampert, L50, M|
|poke|p2|Pelipper, L50, F|
|poke|p2|Zoroark-Hisui, L50, F|
|poke|p2|Ninetales-Alola, L50, F|
|poke|p2|Sneasler, L50, M|
|poke|p2|Archaludon, L50, M|
|teampreview|4
|showteam|p1|Annihilape|||InnerFocus|BulkUp,Acrobatics,DrainPunch,RageFist|Adamant||M|||50|]Clefable||Clefablite|MagicGuard|FollowMe,DazzlingGleam,LightScreen,Thunderbolt|Modest||M|||50|]Excadrill||FocusSash|SandRush|Earthquake,RockSlide,SwordsDance,BrickBreak|Adamant||M|||50|]Tyranitar||SmoothRock|SandStream|FireBlast,IceBeam,Thunderbolt,DarkPulse|Modest||F|||50|]Sinistcha-Masterpiece||Leftovers|Hospitality|LifeDew,MatchaGotcha,CalmMind,Hex|Bold|||||50|]Aegislash||ScopeLens|StanceChange|KingsShield,IronHead,Substitute,ShadowClaw|Careful||F|||50|
|showteam|p2|Swampert||Swampertite|Torrent|WaveCrash,Earthquake,Protect,Superpower|Adamant||M|||50|]Pelipper||DampRock|Drizzle|Hurricane,RainDance,Tailwind,WideGuard|Timid||F|||50|]Zoroark-Hisui||FocusSash|Illusion|BitterMalice,HyperVoice,Protect,NastyPlot|Timid||F|||50|]Ninetales-Alola||BabiriBerry|SnowCloak|Moonblast,IcyWind,Protect,FreezeDry|Timid||F|||50|]Sneasler||LifeOrb|PoisonTouch|FakeOut,CloseCombat,Protect,DireClaw|Jolly||M|||50|]Archaludon||Leftovers|Sturdy|FlashCannon,ElectroShot,Protect,DracoMeteor|Timid||M|||50|
|
|t:|1786057925
|teamsize|p1|4
|teamsize|p2|4
|start
|switch|p1a: Aegislash|Aegislash, L50, F|100/100
|switch|p1b: Excadrill|Excadrill, L50, M|100/100
|switch|p2a: Archaludon|Archaludon, L50, M|100/100
|switch|p2b: Pelipper|Pelipper, L50, F|100/100
|-weather|RainDance|[from] ability: Drizzle|[of] p2b: Pelipper
|turn|1
|l|☆AnotherMadelll
|player|p2|
|
|t:|1786057988
|move|p2a: Archaludon|Protect|p2a: Archaludon
|-singleturn|p2a: Archaludon|Protect
|move|p1b: Excadrill|Swords Dance|p1b: Excadrill
|-boost|p1b: Excadrill|atk|2
|move|p2b: Pelipper|Tailwind|p2b: Pelipper
|-sidestart|p2: AnotherMadelll|move: Tailwind
|move|p1a: Aegislash|Substitute|p1a: Aegislash
|-start|p1a: Aegislash|Substitute
|-damage|p1a: Aegislash|75/100
|
|-weather|RainDance|[upkeep]
|upkeep
|turn|2
|j|☆AnotherMadelll
|player|p2|AnotherMadelll|blackbelt-gen4dp|
|
|t:|1786058025
|move|p1a: Aegislash|King's Shield|p1a: Aegislash
|-singleturn|p1a: Aegislash|Protect
|move|p2a: Archaludon|Bitter Malice|p1b: Excadrill
|-damage|p1b: Excadrill|47/100
|-unboost|p1b: Excadrill|atk|1
|move|p2b: Pelipper|Hurricane|p1b: Excadrill
|-resisted|p1b: Excadrill|1
|-damage|p1b: Excadrill|21/100
|move|p1b: Excadrill|Earthquake|p2a: Archaludon|[spread] p2a
|-activate|p1a: Aegislash|move: Protect
|-immune|p2b: Pelipper
|-enditem|p2a: Archaludon|Focus Sash
|-damage|p2a: Archaludon|1/100
|replace|p2a: Zoroark|Zoroark-Hisui, L50, F
|-end|p2a: Zoroark|Illusion
|
|-weather|RainDance|[upkeep]
|upkeep
|turn|3
|
|t:|1786058061
|switch|p1b: Tyranitar|Tyranitar, L50, F|100/100
|-weather|Sandstorm|[from] ability: Sand Stream|[of] p1b: Tyranitar
|move|p2b: Pelipper|Wide Guard|p2b: Pelipper
|-singleturn|p2b: Pelipper|Wide Guard
|move|p2a: Zoroark|Bitter Malice|p1a: Aegislash
|-supereffective|p1a: Aegislash|1
|-end|p1a: Aegislash|Substitute
|-formechange|p1a: Aegislash|Aegislash-Blade|
|move|p1a: Aegislash|Shadow Claw|p2b: Pelipper
|-damage|p2b: Pelipper|64/100
|
|-weather|Sandstorm|[upkeep]
|-damage|p2a: Zoroark|0 fnt|[from] Sandstorm
|-damage|p2b: Pelipper|58/100|[from] Sandstorm
|faint|p2a: Zoroark
|upkeep
|
|t:|1786058067
|switch|p2a: Swampert|Swampert, L50, M|100/100
|turn|4
|
|t:|1786058099
|switch|p1b: Sinistcha|Sinistcha-Masterpiece, L50|100/100
|-heal|p1a: Aegislash|100/100|[from] ability: Hospitality|[of] p1b: Sinistcha
|detailschange|p2a: Swampert|Swampert-Mega, L50, M
|-mega|p2a: Swampert|Swampert|Swampertite
|-formechange|p1a: Aegislash|Aegislash|
|move|p1a: Aegislash|King's Shield|p1a: Aegislash
|-singleturn|p1a: Aegislash|Protect
|move|p2b: Pelipper|Rain Dance|p2b: Pelipper
|-weather|RainDance
|move|p2a: Swampert|Superpower|p1b: Sinistcha
|-immune|p1b: Sinistcha
|
|-weather|RainDance|[upkeep]
|-sideend|p2: AnotherMadelll|move: Tailwind
|upkeep
|turn|5
|
|t:|1786058122
|switch|p1a: Tyranitar|Tyranitar, L50, F|100/100
|-weather|Sandstorm|[from] ability: Sand Stream|[of] p1a: Tyranitar
|move|p2b: Pelipper|Wide Guard|p2b: Pelipper
|-singleturn|p2b: Pelipper|Wide Guard
|move|p1b: Sinistcha|Matcha Gotcha|p2a: Swampert|[spread] 
|-activate|p2a: Swampert|move: Wide Guard
|-activate|p2b: Pelipper|move: Wide Guard
|move|p2a: Swampert|Earthquake|p1b: Sinistcha|[spread] p1a,p1b
|-activate|p2b: Pelipper|move: Wide Guard
|-supereffective|p1a: Tyranitar|1
|-resisted|p1b: Sinistcha|1
|-damage|p1a: Tyranitar|26/100
|-damage|p1b: Sinistcha|82/100
|
|-weather|Sandstorm|[upkeep]
|-damage|p2b: Pelipper|52/100|[from] Sandstorm
|-damage|p1b: Sinistcha|76/100|[from] Sandstorm
|-heal|p1b: Sinistcha|82/100|[from] item: Leftovers
|upkeep
|turn|6
|
|t:|1786058170
|move|p2b: Pelipper|Wide Guard|p2b: Pelipper
|-singleturn|p2b: Pelipper|Wide Guard
|move|p2a: Swampert|Earthquake|p1b: Sinistcha|[spread] p1a,p1b
|-activate|p2b: Pelipper|move: Wide Guard
|-supereffective|p1a: Tyranitar|1
|-resisted|p1b: Sinistcha|1
|-damage|p1a: Tyranitar|0 fnt
|-damage|p1b: Sinistcha|66/100
|faint|p1a: Tyranitar
|move|p1b: Sinistcha|Calm Mind|p1b: Sinistcha
|-boost|p1b: Sinistcha|spa|1
|-boost|p1b: Sinistcha|spd|1
|
|-weather|Sandstorm|[upkeep]
|-damage|p2b: Pelipper|46/100|[from] Sandstorm
|-damage|p1b: Sinistcha|60/100|[from] Sandstorm
|-heal|p1b: Sinistcha|66/100|[from] item: Leftovers
|upkeep
|
|t:|1786058183
|switch|p1a: Excadrill|Excadrill, L50, M|21/100
|turn|7
|
|t:|1786058211
|move|p2b: Pelipper|Wide Guard|p2b: Pelipper
|-singleturn|p2b: Pelipper|Wide Guard
|move|p1a: Excadrill|Rock Slide|p2b: Pelipper|[spread] 
|-activate|p2a: Swampert|move: Wide Guard
|-activate|p2b: Pelipper|move: Wide Guard
|move|p2a: Swampert|Earthquake|p1b: Sinistcha|[spread] p1a,p1b
|-activate|p2b: Pelipper|move: Wide Guard
|-supereffective|p1a: Excadrill|1
|-crit|p1a: Excadrill
|-resisted|p1b: Sinistcha|1
|-damage|p1a: Excadrill|0 fnt
|-damage|p1b: Sinistcha|48/100
|faint|p1a: Excadrill
|move|p1b: Sinistcha|Calm Mind|p1b: Sinistcha
|-boost|p1b: Sinistcha|spa|1
|-boost|p1b: Sinistcha|spd|1
|
|-weather|Sandstorm|[upkeep]
|-damage|p2b: Pelipper|40/100|[from] Sandstorm
|-damage|p1b: Sinistcha|42/100|[from] Sandstorm
|-heal|p1b: Sinistcha|48/100|[from] item: Leftovers
|upkeep
|
|t:|1786058223
|switch|p1a: Aegislash|Aegislash, L50, F|100/100
|turn|8
|
|t:|1786058233
|move|p2b: Pelipper|Wide Guard|p2b: Pelipper
|-singleturn|p2b: Pelipper|Wide Guard
|move|p1b: Sinistcha|Life Dew||[still]|[spread] p1a,p1b
|-fail|p1a: Aegislash|heal
|-heal|p1b: Sinistcha|74/100
|move|p2a: Swampert|Earthquake|p1b: Sinistcha|[spread] p1a,p1b
|-activate|p2b: Pelipper|move: Wide Guard
|-supereffective|p1a: Aegislash|1
|-resisted|p1b: Sinistcha|1
|-damage|p1a: Aegislash|19/100
|-damage|p1b: Sinistcha|57/100
|-formechange|p1a: Aegislash|Aegislash-Blade|
|move|p1a: Aegislash|Shadow Claw|p2b: Pelipper
|-crit|p2b: Pelipper
|-damage|p2b: Pelipper|0 fnt
|faint|p2b: Pelipper
|
|-weather|Sandstorm|[upkeep]
|-damage|p1b: Sinistcha|51/100|[from] Sandstorm
|-heal|p1b: Sinistcha|57/100|[from] item: Leftovers
|upkeep
|
|t:|1786058243
|switch|p2b: Archaludon|Archaludon, L50, M|100/100
|turn|9
|
|t:|1786058259
|move|p2a: Swampert|Protect|p2a: Swampert
|-singleturn|p2a: Swampert|Protect
|-formechange|p1a: Aegislash|Aegislash|
|move|p1a: Aegislash|King's Shield|p1a: Aegislash
|-singleturn|p1a: Aegislash|Protect
|move|p2b: Archaludon|Flash Cannon|p1b: Sinistcha
|-damage|p1b: Sinistcha|31/100
|move|p1b: Sinistcha|Matcha Gotcha|p2b: Archaludon|[spread] p2b
|-activate|p2a: Swampert|move: Protect
|-resisted|p2b: Archaludon|2
|-damage|p2b: Archaludon|80/100
|-heal|p1b: Sinistcha|41/100|[from] drain|[of] p2b: Archaludon
|
|-weather|Sandstorm|[upkeep]
|-damage|p1b: Sinistcha|34/100|[from] Sandstorm
|-heal|p2b: Archaludon|86/100|[from] item: Leftovers
|-heal|p1b: Sinistcha|41/100|[from] item: Leftovers
|upkeep
|turn|10
|
|t:|1786058288
|move|p2b: Archaludon|Flash Cannon|p1b: Sinistcha
|-damage|p1b: Sinistcha|17/100
|move|p1b: Sinistcha|Matcha Gotcha|p2a: Swampert|[spread] p2a,p2b
|-supereffective|p2a: Swampert|2
|-resisted|p2b: Archaludon|2
|-damage|p2a: Swampert|0 fnt
|-heal|p1b: Sinistcha|75/100|[from] drain|[of] p2a: Swampert
|-damage|p2b: Archaludon|68/100
|-heal|p1b: Sinistcha|84/100|[from] drain|[of] p2b: Archaludon
|faint|p2a: Swampert
|-formechange|p1a: Aegislash|Aegislash-Blade|
|move|p1a: Aegislash|Shadow Claw|p2b: Archaludon
|-damage|p2b: Archaludon|41/100
|
|-weather|Sandstorm|[upkeep]
|-damage|p1b: Sinistcha|78/100|[from] Sandstorm
|-heal|p2b: Archaludon|47/100|[from] item: Leftovers
|-heal|p1b: Sinistcha|84/100|[from] item: Leftovers
|upkeep
|turn|11
|
|t:|1786058335
|-formechange|p1a: Aegislash|Aegislash|
|move|p1a: Aegislash|King's Shield|p1a: Aegislash
|-singleturn|p1a: Aegislash|Protect
|move|p2b: Archaludon|Flash Cannon|p1b: Sinistcha
|-damage|p1b: Sinistcha|60/100
|move|p1b: Sinistcha|Life Dew|p1b: Sinistcha|[spread] p1a,p1b
|-heal|p1a: Aegislash|44/100
|-heal|p1b: Sinistcha|85/100
|
|-weather|Sandstorm|[upkeep]
|-damage|p1b: Sinistcha|79/100|[from] Sandstorm
|-heal|p2b: Archaludon|53/100|[from] item: Leftovers
|-heal|p1b: Sinistcha|85/100|[from] item: Leftovers
|upkeep
|turn|12
|
|t:|1786058353
|move|p2b: Archaludon|Protect|p2b: Archaludon
|-singleturn|p2b: Archaludon|Protect
|move|p1b: Sinistcha|Matcha Gotcha|p2b: Archaludon
|-activate|p2b: Archaludon|move: Protect
|move|p1a: Aegislash|Substitute|p1a: Aegislash
|-start|p1a: Aegislash|Substitute
|-damage|p1a: Aegislash|20/100y
|
|-weather|none
|-heal|p2b: Archaludon|59/100|[from] item: Leftovers
|-heal|p1b: Sinistcha|91/100|[from] item: Leftovers
|upkeep
|turn|13
|
|t:|1786058364
|move|p2b: Archaludon|Flash Cannon|p1b: Sinistcha
|-damage|p1b: Sinistcha|64/100
|move|p1b: Sinistcha|Matcha Gotcha|p2b: Archaludon
|-resisted|p2b: Archaludon|2
|-damage|p2b: Archaludon|33/100
|-heal|p1b: Sinistcha|76/100|[from] drain|[of] p2b: Archaludon
|-formechange|p1a: Aegislash|Aegislash-Blade|
|move|p1a: Aegislash|Shadow Claw|p2b: Archaludon
|-crit|p2b: Archaludon
|-damage|p2b: Archaludon|0 fnt
|faint|p2b: Archaludon
|
|win|resourcespro
|raw|resourcespro's rating: 1061 → 1100(+39 for winning)
|raw|AnotherMadelll's rating: 1149 → 1118(-31 for losing)
|l|☆AnotherMadelll
|player|p2|
|c|☆resourcespro|gg
|c|☆resourcespro|fun one
