|j|☆zaraskadi
|j|☆jamirolol
|html|zaraskadijamirolol    
|uhtml|bestof|Game 2 of a best-of-3
|t:|1756970814
|gametype|doubles
|player|p1|zaraskadi|170|1227
|player|p2|jamirolol|169|1187
|gen|9
|tier|[Gen 9] VGC 2025 Reg H (Bo3)
|rated|
|rule|Species Clause: Limit one of each Pokémon
|rule|Item Clause: Limit 1 of each item
|clearpoke
|poke|p1|Indeedee, L50, M|
|poke|p1|Sneasler, L50, M|
|poke|p1|Excadrill, L50, F|
|poke|p1|Annihilape, L50, F|
|poke|p1|Corviknight, L50, M|
|poke|p1|Tyranitar, L50, F|
|poke|p2|Volcarona, L50, F|
|poke|p2|Rillaboom, L50, M|
|poke|p2|Sneasler, L50, F|
|poke|p2|Dragapult, L50, M|
|poke|p2|Oricorio-Sensu, L50, F|
|poke|p2|Tyranitar, L50, M|
|teampreview|4
|showteam|p1|Indeedee||ChoiceScarf|PsychicSurge|ExpandingForce,TeraBlast,Trick,Protect|||M|||50|,,,,,Psychic]Sneasler||PsychicSeed|Unburden|Protect,CloseCombat,DireClaw,ThroatChop|||M|||50|,,,,,Dark]Excadrill||FocusSash|SandRush|Earthquake,IronHead,HighHorsepower,Protect|||F|||50|,,,,,Ground]Annihilape||SafetyGoggles|Defiant|DrainPunch,RageFist,BulkUp,Protect|||F|||50|,,,,,Fire]Corviknight||Leftovers|MirrorArmor|BraveBird,Tailwind,BulkUp,Roost|||M|||50|,,,,,Dragon]Tyranitar||AssaultVest|SandStream|RockSlide,KnockOff,LowKick,TeraBlast|||F|||50|,,,,,Flying
|showteam|p2|Volcarona||Leftovers|FlameBody|FieryDance,GigaDrain,QuiverDance,Protect|||F|||50|,,,,,Grass]Rillaboom||AssaultVest|GrassySurge|HighHorsepower,FakeOut,GrassyGlide,WoodHammer|||M|||50|,,,,,Fire]Sneasler||GrassySeed|Unburden|DireClaw,FakeOut,CloseCombat,Protect|||F|||50|,,,,,Dark]Dragapult||ChoiceBand|ClearBody|Uturn,DragonDarts,PhantomForce,PsychicFangs|||M|||50|,,,,,Dragon]Oricorio-Sensu||FocusSash|Dancer|RevelationDance,AlluringVoice,AirSlash,Protect|||F|||50|,,,,,Fighting]Tyranitar||ClearAmulet|SandStream|Protect,DragonDance,RockSlide,KnockOff|||M|||50|,,,,,Water
|inactive|Battle timer is ON: inactive players will automatically lose when time's up. (requested by jamirolol)
|
|t:|1756970835
|teamsize|p1|4
|teamsize|p2|4
|start
|switch|p1a: Corviknight|Corviknight, L50, M, shiny|100/100
|switch|p1b: Tyranitar|Tyranitar, L50, F, shiny|100/100
|switch|p2a: Dragapult|Dragapult, L50, M|100/100
|switch|p2b: Sneasler|Sneasler, L50, F, shiny|100/100
|-weather|Sandstorm|[from] ability: Sand Stream|[of] p1b: Tyranitar
|turn|1
|
|t:|1756970854
|-terastallize|p1b: Tyranitar|Flying
|move|p2b: Sneasler|Fake Out|p1b: Tyranitar
|-damage|p1b: Tyranitar|89/100
|move|p2a: Dragapult|Dragon Darts|p1b: Tyranitar
|-damage|p1b: Tyranitar|56/100
|-anim|p2a: Dragapult|Dragon Darts|p1a: Corviknight
|-resisted|p1a: Corviknight
|-damage|p1a: Corviknight|84/100
|move|p1a: Corviknight|Tailwind|p1a: Corviknight
|-sidestart|p1: zaraskadi|move: Tailwind
|cant|p1b: Tyranitar|flinch
|
|-weather|Sandstorm|[upkeep]
|-damage|p2a: Dragapult|94/100|[from] Sandstorm
|-damage|p1b: Tyranitar|50/100|[from] Sandstorm
|-damage|p2b: Sneasler|95/100|[from] Sandstorm
|-heal|p1a: Corviknight|90/100|[from] item: Leftovers
|upkeep
|turn|2
|
|t:|1756970874
|switch|p2b: Tyranitar|Tyranitar, L50, M|100/100
|move|p2a: Dragapult|Dragon Darts|p1b: Tyranitar
|-damage|p1b: Tyranitar|19/100
|-anim|p2a: Dragapult|Dragon Darts|p1a: Corviknight
|-resisted|p1a: Corviknight
|-damage|p1a: Corviknight|73/100
|move|p1a: Corviknight|Bulk Up|p1a: Corviknight
|-boost|p1a: Corviknight|atk|1
|-boost|p1a: Corviknight|def|1
|move|p1b: Tyranitar|Tera Blast|p2b: Tyranitar|[anim] Tera Blast Flying
|-resisted|p2b: Tyranitar
|-damage|p2b: Tyranitar|78/100
|
|-weather|Sandstorm|[upkeep]
|-damage|p2a: Dragapult|88/100|[from] Sandstorm
|-damage|p1b: Tyranitar|13/100|[from] Sandstorm
|-heal|p1a: Corviknight|79/100|[from] item: Leftovers
|upkeep
|turn|3
|
|t:|1756970892
|move|p2a: Dragapult|Dragon Darts|p1b: Tyranitar
|-damage|p1b: Tyranitar|0 fnt
|-anim|p2a: Dragapult|Dragon Darts|p1a: Corviknight
|-resisted|p1a: Corviknight
|-damage|p1a: Corviknight|68/100
|faint|p1b: Tyranitar
|move|p1a: Corviknight|Bulk Up|p1a: Corviknight
|-boost|p1a: Corviknight|atk|1
|-boost|p1a: Corviknight|def|1
|move|p2b: Tyranitar|Dragon Dance|p2b: Tyranitar
|-boost|p2b: Tyranitar|atk|1
|-boost|p2b: Tyranitar|spe|1
|
|-weather|Sandstorm|[upkeep]
|-damage|p2a: Dragapult|82/100|[from] Sandstorm
|-heal|p1a: Corviknight|74/100|[from] item: Leftovers
|upkeep
|
|t:|1756970901
|switch|p1b: Sneasler|Sneasler, L50, M, shiny|100/100
|turn|4
|inactive|jamirolol has 30 seconds left.
|
|t:|1756970928
|switch|p2a: Sneasler|Sneasler, L50, F, shiny|95/100
|move|p1b: Sneasler|Protect|p1b: Sneasler
|-singleturn|p1b: Sneasler|Protect
|move|p2b: Tyranitar|Protect|p2b: Tyranitar
|-singleturn|p2b: Tyranitar|Protect
|move|p1a: Corviknight|Brave Bird|p2a: Sneasler
|-supereffective|p2a: Sneasler
|-damage|p2a: Sneasler|0 fnt
|faint|p2a: Sneasler
|-damage|p1a: Corviknight|48/100|[from] Recoil
|
|-weather|Sandstorm|[upkeep]
|-damage|p1b: Sneasler|95/100|[from] Sandstorm
|-heal|p1a: Corviknight|54/100|[from] item: Leftovers
|-sideend|p1: zaraskadi|move: Tailwind
|upkeep
|
|t:|1756970933
|switch|p2a: Dragapult|Dragapult, L50, M|82/100
|turn|5
|
|t:|1756970942
|switch|p1b: Indeedee|Indeedee, L50, M|100/100
|-fieldstart|move: Psychic Terrain|[from] ability: Psychic Surge|[of] p1b: Indeedee
|-terastallize|p2a: Dragapult|Dragon
|move|p2a: Dragapult|Dragon Darts|p1b: Indeedee
|-damage|p1b: Indeedee|0 fnt
|-anim|p2a: Dragapult|Dragon Darts|p1a: Corviknight
|-resisted|p1a: Corviknight
|-damage|p1a: Corviknight|42/100
|faint|p1b: Indeedee
|move|p2b: Tyranitar|Knock Off|p1a: Corviknight
|-damage|p1a: Corviknight|7/100
|-enditem|p1a: Corviknight|Leftovers|[from] move: Knock Off|[of] p2b: Tyranitar
|move|p1a: Corviknight|Roost|p1a: Corviknight
|-heal|p1a: Corviknight|57/100
|-singleturn|p1a: Corviknight|move: Roost
|
|-weather|none
|upkeep
|
|t:|1756970959
|switch|p1b: Sneasler|Sneasler, L50, M, shiny|95/100
|-enditem|p1b: Sneasler|Psychic Seed
|-boost|p1b: Sneasler|spd|1|[from] item: Psychic Seed
|turn|6
|
|t:|1756970971
|move|p1b: Sneasler|Close Combat|p2a: Dragapult
|-damage|p2a: Dragapult|0 fnt
|-unboost|p1b: Sneasler|def|1
|-unboost|p1b: Sneasler|spd|1
|faint|p2a: Dragapult
|move|p2b: Tyranitar|Rock Slide|p1a: Corviknight|[spread] p1a,p1b
|-resisted|p1b: Sneasler
|-damage|p1a: Corviknight|38/100
|-damage|p1b: Sneasler|35/100
|move|p1a: Corviknight|Roost|p1a: Corviknight
|-heal|p1a: Corviknight|88/100
|-singleturn|p1a: Corviknight|move: Roost
|
|upkeep
|
|t:|1756970975
|switch|p2a: Rillaboom|Rillaboom, L50, M|100/100
|-fieldstart|move: Grassy Terrain|[from] ability: Grassy Surge|[of] p2a: Rillaboom
|turn|7
|
|t:|1756970999
|move|p2a: Rillaboom|Fake Out|p1b: Sneasler
|-damage|p1b: Sneasler|3/100
|cant|p1b: Sneasler|flinch
|move|p2b: Tyranitar|Rock Slide|p1b: Sneasler|[spread] p1a,p1b
|-resisted|p1b: Sneasler
|-damage|p1a: Corviknight|67/100
|-damage|p1b: Sneasler|0 fnt
|faint|p1b: Sneasler
|move|p1a: Corviknight|Brave Bird|p2a: Rillaboom
|-supereffective|p2a: Rillaboom
|-damage|p2a: Rillaboom|0 fnt
|faint|p2a: Rillaboom
|-damage|p1a: Corviknight|34/100|[from] Recoil
|
|-heal|p2b: Tyranitar|83/100|[from] Grassy Terrain
|upkeep
|turn|8
|
|t:|1756971009
|move|p2b: Tyranitar|Dragon Dance|p2b: Tyranitar
|-boost|p2b: Tyranitar|atk|1
|-boost|p2b: Tyranitar|spe|1
|move|p1a: Corviknight|Roost|p1a: Corviknight
|-heal|p1a: Corviknight|84/100
|-singleturn|p1a: Corviknight|move: Roost
|
|-heal|p2b: Tyranitar|89/100|[from] Grassy Terrain
|-heal|p1a: Corviknight|90/100|[from] Grassy Terrain
|upkeep
|turn|9
|
|t:|1756971014
|move|p2b: Tyranitar|Dragon Dance|p2b: Tyranitar
|-boost|p2b: Tyranitar|atk|1
|-boost|p2b: Tyranitar|spe|1
|move|p1a: Corviknight|Brave Bird|p2b: Tyranitar
|-resisted|p2b: Tyranitar
|-damage|p2b: Tyranitar|50/100
|-damage|p1a: Corviknight|79/100|[from] Recoil
|
|-heal|p2b: Tyranitar|55/100|[from] Grassy Terrain
|upkeep
|turn|10
|
|t:|1756971018
|move|p2b: Tyranitar|Rock Slide|p1a: Corviknight
|-damage|p1a: Corviknight|36/100
|move|p1a: Corviknight|Bulk Up|p1a: Corviknight
|-boost|p1a: Corviknight|atk|1
|-boost|p1a: Corviknight|def|1
|
|-heal|p2b: Tyranitar|61/100|[from] Grassy Terrain
|upkeep
|turn|11
|
|t:|1756971024
|move|p2b: Tyranitar|Rock Slide|p1a: Corviknight
|-damage|p1a: Corviknight|0 fnt
|faint|p1a: Corviknight
|
|win|jamirolol
|raw|zaraskadi's rating: 1227 → 1199(-28 for losing)
|raw|jamirolol's rating: 1187 → 1215(+28 for winning)
|l|☆zaraskadi
|player|p1|
|l|☆jamirolol
|player|p2|
|j|☆jamirolol
|player|p2|jamirolol|169|
