|j|☆lettitripppp
|j|☆puli95
|html|lettitripppppuli95    
|uhtml|bestof|Game 3 of a best-of-3
|t:|1785453779
|gametype|doubles
|player|p1|lettitripppp|lucas|1138
|player|p2|puli95|266|1028
|gen|9
|tier|[Gen 9 Champions] VGC 2026 Reg M-B (Bo3)
|rated|
|rule|Species Clause: Limit one of each Pokémon
|rule|Item Clause: Limit 1 of each item
|clearpoke
|poke|p1|Charizard, L50, F|
|poke|p1|Glimmora, L50, F|
|poke|p1|Ninetales-Alola, L50, F|
|poke|p1|Whimsicott, L50, M|
|poke|p1|Kingambit, L50, M, shiny|
|poke|p1|Kommo-o, L50, M|
|poke|p2|Hydreigon, L50, F|
|poke|p2|Aerodactyl, L50, M|
|poke|p2|Milotic, L50, M|
|poke|p2|Metagross, L50|
|poke|p2|Incineroar, L50, F|
|poke|p2|Hippowdon, L50, F|
|teampreview|4
|showteam|p1|Charizard||CharizarditeY|Blaze|WeatherBall,SolarBeam,HeatWave,Protect|Modest||F|||50|]Glimmora||Glimmoranite|ToxicDebris|SludgeBomb,EarthPower,PowerGem,SpikyShield|Timid||F|||50|]Ninetales-Alola||NeverMeltIce|SnowWarning|FreezeDry,Blizzard,Disable,Protect|Timid||F|||50|]Whimsicott||FocusSash|Prankster|Moonblast,Tailwind,Encore,Protect|Timid||M|||50|]Kingambit||BlackGlasses|Defiant|KowtowCleave,SuckerPunch,IronHead,Protect|Adamant||M|||50|]Kommo-o||LifeOrb|Overcoat|ClangingScales,VacuumWave,AuraSphere,Protect|Timid||M|||50|
|showteam|p2|Hydreigon||LifeOrb|Levitate|DarkPulse,DracoMeteor,EarthPower,Protect|Modest||F|||50|]Aerodactyl||Aerodactylite|RockHead|RockSlide,DualWingbeat,IceFang,Tailwind|Jolly||M|||50|]Milotic||Leftovers|Competitive|Scald,IceBeam,IcyWind,Protect|Bold||M|||50|]Metagross||Metagrossite|ClearBody|IronHead,BodyPress,BulletPunch,Protect|Jolly|||||50|]Incineroar||PasshoBerry|Intimidate|FlareBlitz,HelpingHand,FakeOut,PartingShot|Careful||F|||50|]Hippowdon||SitrusBerry|SandStream|SandTomb,Yawn,HelpingHand,Protect|Sassy||F|||50|
|inactive|Battle timer is ON: inactive players will automatically lose when time's up. (requested by lettitripppp)
|inactive|puli95 has 60 seconds left.
|
|t:|1785453810
|teamsize|p1|4
|teamsize|p2|4
|start
|switch|p1a: AGNI|Charizard, L50, F|100/100
|switch|p1b: LETS GO GO|Whimsicott, L50, M|100/100
|switch|p2a: Hippowdon|Hippowdon, L50, F|100/100
|switch|p2b: Aerodactyl|Aerodactyl, L50, M|100/100
|-weather|Sandstorm|[from] ability: Sand Stream|[of] p2a: Hippowdon
|turn|1
|
|t:|1785453830
|move|p2a: Hippowdon|Helping Hand|p2b: Aerodactyl
|-singleturn|p2b: Aerodactyl|Helping Hand|[of] p2a: Hippowdon
|move|p1a: AGNI|Protect|p1a: AGNI
|-singleturn|p1a: AGNI|Protect
|move|p1b: LETS GO GO|Tailwind|p1b: LETS GO GO
|-sidestart|p1: lettitripppp|move: Tailwind
|move|p2b: Aerodactyl|Dual Wingbeat|p1b: LETS GO GO
|-supereffective|p1b: LETS GO GO|1
|-damage|p1b: LETS GO GO|44/100
|-supereffective|p1b: LETS GO GO|1
|-damage|p1b: LETS GO GO|0 fnt
|faint|p1b: LETS GO GO
|-hitcount|p1: LETS GO GO|2
|
|-weather|Sandstorm|[upkeep]
|-damage|p1a: AGNI|93/100|[from] Sandstorm
|upkeep
|
|t:|1785453842
|switch|p1b: NO GO AWAY|Glimmora, L50, F|100/100
|turn|2
|
|t:|1785453850
|detailschange|p1a: AGNI|Charizard-Mega-Y, L50, F
|-mega|p1a: AGNI|Charizard|Charizardite Y
|-weather|SunnyDay|[from] ability: Drought|[of] p1a: AGNI
|move|p1b: NO GO AWAY|Power Gem|p2b: Aerodactyl
|-supereffective|p2b: Aerodactyl|1
|-damage|p2b: Aerodactyl|0 fnt
|faint|p2b: Aerodactyl
|move|p1a: AGNI|Heat Wave|p2a: Hippowdon
|-damage|p2a: Hippowdon|42/100
|-enditem|p2a: Hippowdon|Sitrus Berry|[eat]
|-heal|p2a: Hippowdon|67/100|[from] item: Sitrus Berry
|move|p2a: Hippowdon|Yawn|p1a: AGNI
|-start|p1a: AGNI|move: Yawn|[of] p2a: Hippowdon
|
|-weather|SunnyDay|[upkeep]
|upkeep
|inactive|puli95 has 30 seconds left.
|
|t:|1785453877
|switch|p2b: Incineroar|Incineroar, L50, F|100/100
|-ability|p2b: Incineroar|Intimidate|boost
|-unboost|p1a: AGNI|atk|1
|-unboost|p1b: NO GO AWAY|atk|1
|turn|3
|
|t:|1785453888
|switch|p1a: GENERAL BLADUS|Kingambit, L50, M, shiny|100/100
|move|p2b: Incineroar|Fake Out|p1b: NO GO AWAY
|-resisted|p1b: NO GO AWAY|1
|-damage|p1b: NO GO AWAY|93/100
|-activate|p1b: NO GO AWAY|ability: Toxic Debris
|-sidestart|p2: puli95|move: Toxic Spikes
|cant|p1b: NO GO AWAY|flinch
|move|p2a: Hippowdon|Yawn|p1a: GENERAL BLADUS
|-start|p1a: GENERAL BLADUS|move: Yawn|[of] p2a: Hippowdon
|
|-weather|SunnyDay|[upkeep]
|upkeep
|turn|4
|
|t:|1785453905
|move|p1b: NO GO AWAY|Power Gem|p2b: Incineroar
|-supereffective|p2b: Incineroar|1
|-damage|p2b: Incineroar|37/100
|move|p1a: GENERAL BLADUS|Kowtow Cleave|p2b: Incineroar
|-resisted|p2b: Incineroar|1
|-damage|p2b: Incineroar|13/100
|move|p2b: Incineroar|Flare Blitz|p1a: GENERAL BLADUS
|-supereffective|p1a: GENERAL BLADUS|1
|-damage|p1a: GENERAL BLADUS|0 fnt
|faint|p1a: GENERAL BLADUS
|-damage|p2b: Incineroar|0 fnt|[from] Recoil
|faint|p2b: Incineroar
|move|p2a: Hippowdon|Sand Tomb|p1b: NO GO AWAY
|-supereffective|p1b: NO GO AWAY|2
|-damage|p1b: NO GO AWAY|25/100
|-activate|p1b: NO GO AWAY|move: Sand Tomb|[of] p2a: Hippowdon
|-activate|p1b: NO GO AWAY|ability: Toxic Debris
|-sidestart|p2: puli95|move: Toxic Spikes
|
|-weather|SunnyDay|[upkeep]
|-damage|p1b: NO GO AWAY|13/100|[from] move: Sand Tomb|[partiallytrapped]
|-sideend|p1: lettitripppp|move: Tailwind
|upkeep
|
|t:|1785453923
|switch|p2b: Metagross|Metagross, L50|100/100
|switch|p1a: AGNI|Charizard-Mega-Y, L50, F|93/100
|turn|5
|
|t:|1785453933
|detailschange|p2b: Metagross|Metagross-Mega, L50
|-mega|p2b: Metagross|Metagross|Metagrossite
|move|p2b: Metagross|Protect|p2b: Metagross
|-singleturn|p2b: Metagross|Protect
|move|p2a: Hippowdon|Protect|p2a: Hippowdon
|-singleturn|p2a: Hippowdon|Protect
|move|p1b: NO GO AWAY|Earth Power|p2b: Metagross
|-activate|p2b: Metagross|move: Protect
|move|p1a: AGNI|Solar Beam||[still]
|-prepare|p1a: AGNI|Solar Beam
|-anim|p1a: AGNI|Solar Beam|p2a: Hippowdon
|-activate|p2a: Hippowdon|move: Protect
|
|-weather|SunnyDay|[upkeep]
|-damage|p1b: NO GO AWAY|1/100|[from] move: Sand Tomb|[partiallytrapped]
|upkeep
|turn|6
|
|t:|1785453953
|move|p2b: Metagross|Bullet Punch|p1b: NO GO AWAY
|-supereffective|p1b: NO GO AWAY|1
|-damage|p1b: NO GO AWAY|0 fnt
|faint|p1b: NO GO AWAY
|move|p1a: AGNI|Weather Ball|p2b: Metagross
|-supereffective|p2b: Metagross|1
|-damage|p2b: Metagross|0 fnt
|faint|p2b: Metagross
|move|p2a: Hippowdon|Yawn|p1a: AGNI
|-start|p1a: AGNI|move: Yawn|[of] p2a: Hippowdon
|
|-weather|none
|upkeep
|turn|7
|
|t:|1785453971
|move|p1a: AGNI|Heat Wave|p2a: Hippowdon
|-damage|p2a: Hippowdon|25/100
|move|p2a: Hippowdon|Sand Tomb|p1a: AGNI
|-immune|p1a: AGNI
|
|-end|p1a: AGNI|move: Yawn|[silent]
|-status|p1a: AGNI|slp
|upkeep
|turn|8
|-message|puli95 forfeited.
|
|win|lettitripppp
|raw|lettitripppp's rating: 1138 → 1155(+17 for winning)
|raw|puli95's rating: 1028 → 1018(-10 for losing)
|l|☆puli95
|player|p2|
