|j|☆dhairyasethia
|j|☆geardox
|html|dhairyasethiageardox    
|uhtml|bestof|Game 2 of a best-of-3
|t:|1756567848
|gametype|doubles
|player|p1|dhairyasethia|101|1072
|player|p2|geardox|cyclist|1127
|gen|9
|tier|[Gen 9] VGC 2025 Reg H (Bo3)
|rated|
|rule|Species Clause: Limit one of each Pokémon
|rule|Item Clause: Limit 1 of each item
|clearpoke
|poke|p1|Weezing-Galar, L50, F|
|poke|p1|Toedscruel, L50, M|
|poke|p1|Pawmot, L50, M|
|poke|p1|Typhlosion-Hisui, L50, F|
|poke|p1|Garchomp, L50, F|
|poke|p1|Corviknight, L50, M|
|poke|p2|Sneasler, L50, M|
|poke|p2|Garchomp, L50, M|
|poke|p2|Corviknight, L50, F|
|poke|p2|Archaludon, L50, M|
|poke|p2|Amoonguss, L50, F|
|poke|p2|Incineroar, L50, M|
|teampreview|4
|showteam|p1|Weezing-Galar||ChoiceSpecs|NeutralizingGas|DazzlingGleam,StrangeSteam,SludgeBomb,ShadowBall|||F|||50|,,,,,Fire]Toedscruel||CovertCloak|MyceliumMight|Spore,AcidSpray,LightScreen,Protect|||M|||50|,,,,,Water]Pawmot||FocusSash|VoltAbsorb|DoubleShock,Protect,CloseCombat,FakeOut|||M|||50|,,,,,Electric]Typhlosion-Hisui||ChoiceScarf|Frisk|Eruption,SleepTalk,ShadowBall,Overheat|||F|||50|,,,,,Water]Garchomp||LifeOrb|RoughSkin|Protect,Earthquake,StompingTantrum,DragonClaw|||F|||50|,,,,,Ground]Corviknight||ClearAmulet|MirrorArmor|Tailwind,Protect,BraveBird,BulkUp|||M|||50|,,,,,Dragon
|showteam|p2|Sneasler||FocusSash|Unburden|DireClaw,CloseCombat,ThroatChop,Coaching|||M|||50|,,,,,Ghost]Garchomp||LifeOrb|RoughSkin|Protect,Earthquake,DragonClaw,StompingTantrum|||M|||50|,,,,,Ground]Corviknight||SitrusBerry|MirrorArmor|BraveBird,Tailwind,Roost,Taunt|||F|||50|,,,,,Fire]Archaludon||PowerHerb|Stamina|Protect,DracoMeteor,FlashCannon,ElectroShot|||M|||50|,,,,,Dragon]Amoonguss||RockyHelmet|Regenerator|ClearSmog,RagePowder,Spore,PollenPuff|||F|||50|,,,,,Water]Incineroar||AssaultVest|Intimidate|KnockOff,FlareBlitz,FakeOut,Uturn|||M|||50|,,,,,Ghost
|inactive|Battle timer is ON: inactive players will automatically lose when time's up. (requested by geardox)
|inactive|geardox has 60 seconds left.
|
|t:|1756567904
|teamsize|p1|4
|teamsize|p2|4
|start
|switch|p1a: Weezing|Weezing-Galar, L50, F|100/100
|switch|p1b: Toedscruel|Toedscruel, L50, M|100/100
|switch|p2a: Chica|Corviknight, L50, F|100/100
|switch|p2b: Riku|Sneasler, L50, M|100/100
|-ability|p1a: Weezing|Neutralizing Gas
|turn|1
|inactive|dhairyasethia has 30 seconds left.
|inactive|dhairyasethia has 20 seconds left.
|inactive|dhairyasethia has 15 seconds left.
|
|t:|1756567948
|move|p2b: Riku|Coaching|p2a: Chica
|-boost|p2a: Chica|atk|1
|-boost|p2a: Chica|def|1
|move|p1b: Toedscruel|Spore|p2b: Riku
|-status|p2b: Riku|slp|[from] move: Spore
|move|p2a: Chica|Brave Bird|p1b: Toedscruel
|-supereffective|p1b: Toedscruel
|-damage|p1b: Toedscruel|0 fnt
|faint|p1b: Toedscruel
|-damage|p2a: Chica|72/100|[from] Recoil
|move|p1a: Weezing|Shadow Ball|p2a: Chica
|-damage|p2a: Chica|52/100
|-unboost|p2a: Chica|spd|1
|
|upkeep
|
|t:|1756567967
|switch|p1b: Typhlosion|Typhlosion-Hisui, L50, F|100/100
|turn|2
|inactive|geardox has 30 seconds left.
|
|t:|1756567996
|-terastallize|p1b: Typhlosion|Water
|cant|p2b: Riku|slp
|move|p1b: Typhlosion|Eruption|p2a: Chica|[spread] p2a,p2b
|-supereffective|p2a: Chica
|-damage|p2a: Chica|0 fnt
|-damage|p2b: Riku|26/100 slp
|faint|p2a: Chica
|move|p1a: Weezing|Shadow Ball|p2b: Riku
|-damage|p2b: Riku|0 fnt
|faint|p2b: Riku
|
|upkeep
|
|t:|1756568007
|switch|p2b: Big Mo|Archaludon, L50, M|100/100
|switch|p2a: Stinky Pete|Garchomp, L50, M|100/100
|turn|3
|
|t:|1756568020
|-terastallize|p2a: Stinky Pete|Ground
|move|p2b: Big Mo|Protect|p2b: Big Mo
|-singleturn|p2b: Big Mo|Protect
|move|p1b: Typhlosion|Eruption|p2a: Stinky Pete|[spread] p2a
|-activate|p2b: Big Mo|move: Protect
|-damage|p2a: Stinky Pete|38/100
|move|p2a: Stinky Pete|Earthquake|p1b: Typhlosion|[spread] p1a,p1b
|-activate|p2b: Big Mo|move: Protect
|-supereffective|p1a: Weezing
|-damage|p1a: Weezing|0 fnt
|-damage|p1b: Typhlosion|16/100
|faint|p1a: Weezing
|-end|p1a: Weezing|ability: Neutralizing Gas
|-item|p2a: Stinky Pete|Life Orb|[from] ability: Frisk|[of] p1b: Typhlosion
|-item|p2b: Big Mo|Power Herb|[from] ability: Frisk|[of] p1b: Typhlosion
|-damage|p2a: Stinky Pete|28/100|[from] item: Life Orb
|
|upkeep
|
|t:|1756568041
|switch|p1a: Corviknight|Corviknight, L50, M|100/100
|turn|4
|
|t:|1756568050
|move|p2a: Stinky Pete|Protect|p2a: Stinky Pete
|-singleturn|p2a: Stinky Pete|Protect
|move|p1b: Typhlosion|Eruption|p2a: Stinky Pete|[spread] p2b
|-activate|p2a: Stinky Pete|move: Protect
|-damage|p2b: Big Mo|89/100
|-ability|p2b: Big Mo|Stamina|boost
|-boost|p2b: Big Mo|def|1
|move|p2b: Big Mo|Electro Shot||[still]
|-prepare|p2b: Big Mo|Electro Shot
|-boost|p2b: Big Mo|spa|1
|-enditem|p2b: Big Mo|Power Herb
|-anim|p2b: Big Mo|Electro Shot|p1b: Typhlosion
|-supereffective|p1b: Typhlosion
|-damage|p1b: Typhlosion|0 fnt
|faint|p1b: Typhlosion
|move|p1a: Corviknight|Brave Bird|p2b: Big Mo
|-resisted|p2b: Big Mo
|-damage|p2b: Big Mo|79/100
|-ability|p2b: Big Mo|Stamina|boost
|-boost|p2b: Big Mo|def|1
|-damage|p1a: Corviknight|97/100|[from] Recoil
|
|upkeep
|turn|5
|inactive|geardox has 30 seconds left.
|
|t:|1756568076
|move|p2a: Stinky Pete|Dragon Claw|p1a: Corviknight
|-resisted|p1a: Corviknight
|-damage|p1a: Corviknight|70/100
|-damage|p2a: Stinky Pete|18/100|[from] item: Life Orb
|move|p2b: Big Mo|Draco Meteor|p1a: Corviknight
|-resisted|p1a: Corviknight
|-damage|p1a: Corviknight|28/100
|-unboost|p2b: Big Mo|spa|2
|move|p1a: Corviknight|Bulk Up|p1a: Corviknight
|-boost|p1a: Corviknight|atk|1
|-boost|p1a: Corviknight|def|1
|
|upkeep
|turn|6
|
|t:|1756568094
|move|p2a: Stinky Pete|Dragon Claw|p1a: Corviknight
|-resisted|p1a: Corviknight
|-crit|p1a: Corviknight
|-damage|p1a: Corviknight|0 fnt
|faint|p1a: Corviknight
|-damage|p2a: Stinky Pete|8/100|[from] item: Life Orb
|
|win|geardox
||dhairyasethia is ready for game 3.
