|j|☆Yoelsan8
|j|☆breakstormsamuraix
|html|Yoelsan8breakstormsamuraix    
|uhtml|bestof|Game 2 of a best-of-3
|t:|1785854068
|gametype|doubles
|player|p1|Yoelsan8|alder|1162
|player|p2|breakstormsamuraix|n|1252
|gen|9
|tier|[Gen 9 Champions] VGC 2026 Reg M-B (Bo3)
|rated|
|rule|Species Clause: Limit one of each Pokémon
|rule|Item Clause: Limit 1 of each item
|clearpoke
|poke|p1|Whimsicott, L50, M|
|poke|p1|Basculegion, L50, M|
|poke|p1|Floette-Eternal, L50, F|
|poke|p1|Garchomp, L50, F|
|poke|p1|Kingambit, L50, M|
|poke|p1|Charizard, L50, M|
|poke|p2|Charizard, L50, M, shiny|
|poke|p2|Farigiraf, L50, F|
|poke|p2|Garchomp, L50, M, shiny|
|poke|p2|Sylveon, L50, F|
|poke|p2|Incineroar, L50, M|
|poke|p2|Aerodactyl, L50, M, shiny|
|teampreview|4
|showteam|p1|Whimsicott||FocusSash|Prankster|Protect,Tailwind,Moonblast,Encore|Timid||M|||50|]Basculegion||LifeOrb|Adaptability|Protect,WaveCrash,LastRespects,AquaJet|Adamant||M|||50|]Floette-Eternal||Floettite|FlowerVeil|Protect,HelpingHand,Moonblast,DazzlingGleam|Timid||F|||50|]Garchomp||SitrusBerry|RoughSkin|DragonClaw,Earthquake,PoisonJab,RockSlide|Adamant||F|||50|]Kingambit||ChopleBerry|Defiant|IronHead,KowtowCleave,SuckerPunch,LowKick|Adamant||M|||50|]Charizard||CharizarditeY|Blaze|Protect,HeatWave,WeatherBall,SolarBeam|Modest||M|||50|
|showteam|p2|Charizard||CharizarditeY|Blaze|HeatWave,WeatherBall,SolarBeam,Protect|Modest||M|||50|]Farigiraf||SitrusBerry|ArmorTail|TwinBeam,Thunderbolt,TrickRoom,Protect|Modest||F|||50|]Garchomp||LumBerry|RoughSkin|Earthquake,RockSlide,StompingTantrum,Protect|Adamant||M|||50|]Sylveon||FairyFeather|Pixilate|HyperVoice,HyperBeam,QuickAttack,Protect|Modest||F|||50|]Incineroar||Leftovers|Intimidate|FlareBlitz,ThroatChop,PartingShot,FakeOut|Careful||M|||50|]Aerodactyl||Aerodactylite|Unnerve|RockSlide,DualWingbeat,Tailwind,WideGuard|Jolly||M|||50|
|inactive|Battle timer is ON: inactive players will automatically lose when time's up. (requested by breakstormsamuraix)
|
|t:|1785854094
|teamsize|p1|4
|teamsize|p2|4
|start
|switch|p1a: Whimsicott|Whimsicott, L50, M|100/100
|switch|p1b: Garchomp|Garchomp, L50, F|100/100
|switch|p2a: Charizard|Charizard, L50, M, shiny|100/100
|switch|p2b: Aerodactyl|Aerodactyl, L50, M, shiny|100/100
|-ability|p2b: Aerodactyl|Unnerve
|turn|1
|inactive|Yoelsan8 has 30 seconds left.
|
|t:|1785854125
|switch|p2a: Incineroar|Incineroar, L50, M|100/100
|-ability|p2a: Incineroar|Intimidate|boost
|-unboost|p1a: Whimsicott|atk|1
|-unboost|p1b: Garchomp|atk|1
|move|p1a: Whimsicott|Protect|p1a: Whimsicott
|-singleturn|p1a: Whimsicott|Protect
|move|p2b: Aerodactyl|Tailwind|p2b: Aerodactyl
|-sidestart|p2: breakstormsamuraix|move: Tailwind
|move|p1b: Garchomp|Dragon Claw|p2a: Incineroar
|-damage|p2a: Incineroar|73/100
|
|-heal|p2a: Incineroar|80/100|[from] item: Leftovers
|upkeep
|turn|2
|j| surfebi
|inactive|Yoelsan8 has 30 seconds left.
|
|t:|1785854153
|switch|p1a: Basculegion|Basculegion, L50, M|100/100
|move|p2a: Incineroar|Fake Out|p1a: Basculegion
|-immune|p1a: Basculegion
|move|p2b: Aerodactyl|Dual Wingbeat|p1a: Basculegion
|-damage|p1a: Basculegion|79/100
|-damage|p1a: Basculegion|61/100
|-hitcount|p1a: Basculegion|2
|move|p1b: Garchomp|Rock Slide|p2a: Incineroar|[spread] p2a
|-miss|p1b: Garchomp|p2b: Aerodactyl
|-supereffective|p2a: Incineroar|1
|-damage|p2a: Incineroar|55/100
|
|-heal|p2a: Incineroar|61/100|[from] item: Leftovers
|upkeep
|turn|3
|l| surfebi
|inactive|Yoelsan8 has 30 seconds left.
|inactive|Yoelsan8 has 20 seconds left.
|inactive|Yoelsan8 has 15 seconds left.
|inactive|Yoelsan8 has 10 seconds left.
|
|t:|1785854201
|switch|p1b: Whimsicott|Whimsicott, L50, M|100/100
|move|p1a: Basculegion|Aqua Jet|p2b: Aerodactyl
|-supereffective|p2b: Aerodactyl|1
|-damage|p2b: Aerodactyl|4/100
|-damage|p1a: Basculegion|51/100|[from] item: Life Orb
|move|p2b: Aerodactyl|Rock Slide|p1b: Whimsicott|[spread] p1a,p1b
|-damage|p1a: Basculegion|27/100
|-damage|p1b: Whimsicott|68/100
|move|p2a: Incineroar|Throat Chop|p1a: Basculegion
|-supereffective|p1a: Basculegion|1
|-damage|p1a: Basculegion|0 fnt
|faint|p1a: Basculegion
|
|-heal|p2a: Incineroar|67/100|[from] item: Leftovers
|upkeep
|
|t:|1785854216
|switch|p1a: Floette|Floette-Eternal, L50, F|100/100
|turn|4
|inactive|Yoelsan8 has 30 seconds left.
|
|t:|1785854245
|detailschange|p1a: Floette|Floette-Mega, L50, F
|-mega|p1a: Floette|Floette|Floettite
|-ability|p1a: Floette|Fairy Aura
|move|p1b: Whimsicott|Protect|p1b: Whimsicott
|-singleturn|p1b: Whimsicott|Protect
|move|p2b: Aerodactyl|Wide Guard|p2b: Aerodactyl
|-singleturn|p2b: Aerodactyl|Wide Guard
|move|p2a: Incineroar|Flare Blitz|p1b: Whimsicott
|-activate|p1b: Whimsicott|move: Protect
|move|p1a: Floette|Moonblast|p2a: Incineroar
|-damage|p2a: Incineroar|11/100
|
|-heal|p2a: Incineroar|17/100|[from] item: Leftovers
|-sideend|p2: breakstormsamuraix|move: Tailwind
|upkeep
|turn|5
|inactive|Yoelsan8 has 30 seconds left.
|
|t:|1785854279
|move|p1b: Whimsicott|Tailwind|p1b: Whimsicott
|-sidestart|p1: Yoelsan8|move: Tailwind
|move|p1a: Floette|Moonblast|p2b: Aerodactyl
|-damage|p2b: Aerodactyl|0 fnt
|faint|p2b: Aerodactyl
|move|p2a: Incineroar|Flare Blitz|p1b: Whimsicott
|-supereffective|p1b: Whimsicott|1
|-damage|p1b: Whimsicott|0 fnt
|faint|p1b: Whimsicott
|-damage|p2a: Incineroar|1/100|[from] Recoil
|
|-heal|p2a: Incineroar|7/100|[from] item: Leftovers
|upkeep
|
|t:|1785854299
|switch|p2b: Sylveon|Sylveon, L50, F|100/100
|switch|p1b: Garchomp|Garchomp, L50, F|100/100
|turn|6
|
|t:|1785854317
|switch|p2a: Charizard|Charizard, L50, M, shiny|100/100
|move|p2b: Sylveon|Protect|p2b: Sylveon
|-singleturn|p2b: Sylveon|Protect
|move|p1a: Floette|Dazzling Gleam|p2a: Charizard|[spread] p2a
|-activate|p2b: Sylveon|move: Protect
|-resisted|p2a: Charizard|1
|-damage|p2a: Charizard|71/100
|move|p1b: Garchomp|Poison Jab|p2b: Sylveon
|-activate|p2b: Sylveon|move: Protect
|
|upkeep
|turn|7
|inactive|Yoelsan8 has 30 seconds left.
|inactive|breakstormsamuraix has 30 seconds left.
|inactive|breakstormsamuraix has 20 seconds left.
|inactive|breakstormsamuraix has 15 seconds left.
|inactive|breakstormsamuraix has 10 seconds left.
|
|t:|1785854365
|switch|p2a: Incineroar|Incineroar, L50, M|7/100
|-ability|p2a: Incineroar|Intimidate|boost
|-unboost|p1a: Floette|atk|1
|-unboost|p1b: Garchomp|atk|1
|move|p1a: Floette|Dazzling Gleam|p2b: Sylveon|[spread] p2a,p2b
|-damage|p2a: Incineroar|0 fnt
|-damage|p2b: Sylveon|59/100
|faint|p2a: Incineroar
|move|p1b: Garchomp|Poison Jab|p2b: Sylveon
|-supereffective|p2b: Sylveon|1
|-damage|p2b: Sylveon|20/100y
|move|p2b: Sylveon|Hyper Voice|p1b: Garchomp|[spread] p1a,p1b
|-supereffective|p1b: Garchomp|1
|-damage|p1a: Floette|48/100
|-damage|p1b: Garchomp|0 fnt
|faint|p1b: Garchomp
|
|upkeep
|
|t:|1785854378
|switch|p2a: Charizard|Charizard, L50, M, shiny|71/100
|turn|8
|
|t:|1785854385
|detailschange|p2a: Charizard|Charizard-Mega-Y, L50, M, shiny
|-mega|p2a: Charizard|Charizard|Charizardite Y
|-weather|SunnyDay|[from] ability: Drought|[of] p2a: Charizard
|move|p1a: Floette|Dazzling Gleam|p2b: Sylveon|[spread] p2a,p2b
|-resisted|p2a: Charizard|1
|-damage|p2a: Charizard|50/100g
|-damage|p2b: Sylveon|0 fnt
|faint|p2b: Sylveon
|move|p2a: Charizard|Weather Ball|p1a: Floette
|-damage|p1a: Floette|0 fnt
|faint|p1a: Floette
|
|win|breakstormsamuraix
|raw|Yoelsan8's rating: 1162 → 1143(-19 for losing)
|raw|breakstormsamuraix's rating: 1252 → 1271(+19 for winning)
|l|☆breakstormsamuraix
|player|p2|
