|j|☆luisecanonserna
|j|☆afkahaoai
|html|luisecanonsernaafkahaoai    
|uhtml|bestof|Game 1 of a best-of-3
|t:|1756502145
|gametype|doubles
|player|p1|luisecanonserna|266|1066
|player|p2|afkahaoai|1|1000
|gen|9
|tier|[Gen 9] VGC 2025 Reg H (Bo3)
|rated|
|rule|Species Clause: Limit one of each Pokémon
|rule|Item Clause: Limit 1 of each item
|clearpoke
|poke|p1|Gholdengo, L50|
|poke|p1|Incineroar, L50, M|
|poke|p1|Amoonguss, L50, F|
|poke|p1|Dragonite, L50, M|
|poke|p1|Tyranitar, L50, M|
|poke|p1|Garchomp, L50, F|
|poke|p2|Annihilape, L50, M|
|poke|p2|Ninetales-Alola, L50, F|
|poke|p2|Talonflame, L50, M|
|poke|p2|Garchomp, L50, M|
|poke|p2|Vivillon-Ocean, L50, F|
|poke|p2|Gholdengo, L50|
|teampreview|4
|showteam|p1|Gholdengo||LifeOrb|GoodasGold|MakeItRain,ShadowBall,NastyPlot,Protect||||||50|,,,,,Water]Incineroar||SafetyGoggles|Intimidate|FakeOut,KnockOff,PartingShot,FlareBlitz|||M|||50|,,,,,Ghost]Amoonguss||RockyHelmet|Regenerator|PollenPuff,RagePowder,Spore,Protect|||F|||50|,,,,,Dark]Dragonite||LoadedDice|Multiscale|ScaleShot,Tailwind,Haze,Protect|||M|||50|,,,,,Fairy]Tyranitar||AssaultVest|SandStream|RockSlide,LowKick,TeraBlast,Assurance|||M|||50|,,,,,Flying]Garchomp||ClearAmulet|RoughSkin|DragonClaw,Protect,StompingTantrum,Earthquake|||F|||50|,,,,,Fire
|showteam|p2|Annihilape||SafetyGoggles|Defiant|RageFist,DrainPunch,BulkUp,Protect|||M|||50|,,,,,Water]Ninetales-Alola||CovertCloak|SnowWarning|Blizzard,FreezeDry,AuroraVeil,Protect|||F|||50|,,,,,Ice]Talonflame||SharpBeak|GaleWings|DualWingbeat,Tailwind,WillOWisp,Protect|||M|||50|,,,,,Ghost]Garchomp||LifeOrb|RoughSkin|Earthquake,StompingTantrum,DragonClaw,Protect|||M|||50|,,,,,Steel]Vivillon-Ocean||FocusSash|CompoundEyes|SleepPowder,Hurricane,RagePowder,Protect|||F|||50|,,,,,Ghost]Gholdengo||IronPlate|GoodasGold|MakeItRain,ShadowBall,NastyPlot,Protect||||||50|,,,,,Steel
|inactive|Battle timer is ON: inactive players will automatically lose when time's up. (requested by afkahaoai)
|inactive|luisecanonserna has 60 seconds left.
|inactive|afkahaoai has 60 seconds left.
|inactive|luisecanonserna has 30 seconds left.
|inactive|afkahaoai has 30 seconds left.
|inactive|luisecanonserna has 20 seconds left.
|inactive|afkahaoai has 20 seconds left.
|inactive|luisecanonserna has 15 seconds left.
|inactive|afkahaoai has 15 seconds left.
|inactive|luisecanonserna has 10 seconds left.
|inactive|afkahaoai has 10 seconds left.
|inactive|luisecanonserna has 5 seconds left.
|inactive|afkahaoai has 5 seconds left.
|
|t:|1756502234
|teamsize|p1|4
|teamsize|p2|4
|start
|switch|p1a: Gholdengo|Gholdengo, L50|100/100
|switch|p1b: Amoonguss|Amoonguss, L50, F|100/100
|switch|p2a: Talonflame|Talonflame, L50, M|100/100
|switch|p2b: Ninetales|Ninetales-Alola, L50, F, shiny|100/100
|-weather|Snowscape|[from] ability: Snow Warning|[of] p2b: Ninetales
|turn|1
|inactive|luisecanonserna has 30 seconds left.
|inactive|afkahaoai has 30 seconds left.
|
|t:|1756502264
|switch|p2b: Garchomp|Garchomp, L50, M|100/100
|switch|p1b: Tyranitar|Tyranitar, L50, M|100/100
|-weather|Sandstorm|[from] ability: Sand Stream|[of] p1b: Tyranitar
|move|p2a: Talonflame|Dual Wingbeat|p1b: Tyranitar|[miss]
|-miss|p2a: Talonflame|p1b: Tyranitar
|move|p1a: Gholdengo|Shadow Ball|p2a: Talonflame
|-damage|p2a: Talonflame|25/100
|-damage|p1a: Gholdengo|91/100|[from] item: Life Orb
|
|-weather|Sandstorm|[upkeep]
|-damage|p2a: Talonflame|19/100|[from] Sandstorm
|upkeep
|turn|2
|inactive|luisecanonserna has 30 seconds left.
|inactive|luisecanonserna has 20 seconds left.
|inactive|luisecanonserna has 15 seconds left.
|inactive|luisecanonserna has 10 seconds left.
|
|t:|1756502311
|switch|p1b: Amoonguss|Amoonguss, L50, F|100/100
|-terastallize|p2b: Garchomp|Steel
|-terastallize|p1a: Gholdengo|Water
|move|p2a: Talonflame|Will-O-Wisp|p1b: Amoonguss|[miss]
|-miss|p2a: Talonflame|p1b: Amoonguss
|move|p2b: Garchomp|Earthquake|p1a: Gholdengo|[spread] p1a,p1b
|-immune|p2a: Talonflame
|-damage|p1a: Gholdengo|40/100
|-damage|p1b: Amoonguss|63/100
|-damage|p2b: Garchomp|91/100|[from] item: Life Orb
|move|p1a: Gholdengo|Make It Rain|p2b: Garchomp|[spread] p2a,p2b
|-resisted|p2a: Talonflame
|-resisted|p2b: Garchomp
|-damage|p2a: Talonflame|0 fnt
|-damage|p2b: Garchomp|57/100
|-unboost|p1a: Gholdengo|spa|1
|faint|p2a: Talonflame
|-damage|p1a: Gholdengo|31/100|[from] item: Life Orb
|
|-weather|Sandstorm|[upkeep]
|-damage|p1a: Gholdengo|25/100|[from] Sandstorm
|-damage|p1b: Amoonguss|57/100|[from] Sandstorm
|upkeep
|
|t:|1756502326
|switch|p2a: Annihilape|Annihilape, L50, M, shiny|100/100
|turn|3
|
|t:|1756502345
|switch|p1a: Tyranitar|Tyranitar, L50, M|100/100
|move|p2b: Garchomp|Protect|p2b: Garchomp
|-singleturn|p2b: Garchomp|Protect
|move|p2a: Annihilape|Drain Punch|p1a: Tyranitar
|-supereffective|p1a: Tyranitar
|-damage|p1a: Tyranitar|0 fnt
|faint|p1a: Tyranitar
|move|p1b: Amoonguss|Spore|p2b: Garchomp
|-activate|p2b: Garchomp|move: Protect
|
|-weather|Sandstorm|[upkeep]
|-damage|p1b: Amoonguss|51/100|[from] Sandstorm
|upkeep
|
|t:|1756502357
|switch|p1a: Garchomp|Garchomp, L50, F|100/100
|turn|4
|inactive|luisecanonserna has 30 seconds left.
|
|t:|1756502382
|move|p1a: Garchomp|Stomping Tantrum|p2b: Garchomp
|-supereffective|p2b: Garchomp
|-damage|p2b: Garchomp|0 fnt
|-damage|p1a: Garchomp|88/100|[from] ability: Rough Skin|[of] p2b: Garchomp
|faint|p2b: Garchomp
|move|p2a: Annihilape|Rage Fist|p1b: Amoonguss
|-damage|p1b: Amoonguss|31/100
|-damage|p2a: Annihilape|84/100|[from] item: Rocky Helmet|[of] p1b: Amoonguss
|move|p1b: Amoonguss|Pollen Puff|p1a: Garchomp
|-heal|p1a: Garchomp|100/100
|
|-weather|Sandstorm|[upkeep]
|-damage|p1b: Amoonguss|25/100|[from] Sandstorm
|upkeep
|
|t:|1756502395
|switch|p2b: Ninetales|Ninetales-Alola, L50, F, shiny|100/100
|-weather|Snowscape|[from] ability: Snow Warning|[of] p2b: Ninetales
|turn|5
|inactive|luisecanonserna has 30 seconds left.
|inactive|luisecanonserna has 20 seconds left.
|
|t:|1756502433
|move|p1b: Amoonguss|Protect|p1b: Amoonguss
|-singleturn|p1b: Amoonguss|Protect
|move|p2b: Ninetales|Aurora Veil|p2b: Ninetales
|-sidestart|p2: afkahaoai|move: Aurora Veil
|move|p1a: Garchomp|Dragon Claw|p2a: Annihilape
|-damage|p2a: Annihilape|56/100
|move|p2a: Annihilape|Bulk Up|p2a: Annihilape
|-boost|p2a: Annihilape|atk|1
|-boost|p2a: Annihilape|def|1
|
|-weather|Snowscape|[upkeep]
|upkeep
|turn|6
|
|t:|1756502451
|move|p1b: Amoonguss|Protect||[still]
|-fail|p1b: Amoonguss
|move|p2b: Ninetales|Blizzard|p1a: Garchomp|[spread] p1a,p1b
|-supereffective|p1a: Garchomp
|-supereffective|p1b: Amoonguss
|-damage|p1a: Garchomp|0 fnt
|-damage|p1b: Amoonguss|0 fnt
|faint|p1a: Garchomp
|faint|p1b: Amoonguss
|move|p2a: Annihilape|Drain Punch|p1: Garchomp|[notarget]
|-fail|p2a: Annihilape
|
|-weather|Snowscape|[upkeep]
|upkeep
|
|t:|1756502461
|switch|p1a: Gholdengo|Gholdengo, L50, tera:Water|25/100
|turn|7
|
|t:|1756502467
|move|p2b: Ninetales|Freeze-Dry|p1a: Gholdengo
|-supereffective|p1a: Gholdengo
|-damage|p1a: Gholdengo|0 fnt
|faint|p1a: Gholdengo
|
|win|afkahaoai
|l|☆afkahaoai
|player|p2|
||luisecanonserna is ready for game 2.
||afkahaoai is ready for game 2.
|uhtml|next|Next: Game 2 of 3
|j|☆afkahaoai
|player|p2|afkahaoai|1|
