|j|☆Chelicerate1
|j|☆A Regu1ar Guy
|html|Chelicerate1A Regu1ar Guy    
|uhtml|bestof|Game 1 of a best-of-3
|t:|1784551537
|gametype|doubles
|player|p1|Chelicerate1|ethan|1376
|player|p2|A Regu1ar Guy|elesa|1390
|gen|9
|tier|[Gen 9 Champions] VGC 2026 Reg M-B (Bo3)
|rated|
|rule|Species Clause: Limit one of each Pokémon
|rule|Item Clause: Limit 1 of each item
|clearpoke
|poke|p1|Sneasler, L50, M|
|poke|p1|Blastoise, L50, M|
|poke|p1|Incineroar, L50, M|
|poke|p1|Kingambit, L50, M|
|poke|p1|Delphox, L50, F|
|poke|p1|Sinistcha, L50|
|poke|p2|Froslass, L50, F|
|poke|p2|Dragonite, L50, F|
|poke|p2|Sneasler, L50, M|
|poke|p2|Kingambit, L50, M|
|poke|p2|Arcanine-Hisui, L50, F|
|poke|p2|Venusaur, L50, M|
|teampreview|4
|showteam|p1|Sneasler||FocusSash|PoisonTouch|FakeOut,CloseCombat,DireClaw,QuickGuard|Jolly||M|||50|]Blastoise||Blastoisinite|Torrent|WaterSpout,DarkPulse,ShellSmash,Protect|Modest||M|||50|]Incineroar||SitrusBerry|Intimidate|FakeOut,FlareBlitz,PartingShot,HelpingHand|Careful||M|||50|]Kingambit||LifeOrb|Defiant|KowtowCleave,SuckerPunch,SwordsDance,Protect|Adamant||M|||50|]Delphox||Delphoxite|Blaze|HeatWave,NastyPlot,Psyshock,Protect|Timid||F|||50|]Sinistcha||ColburBerry|Hospitality|MatchaGotcha,RagePowder,TrickRoom,Protect|Bold|||||50|
|showteam|p2|Froslass||Froslassite|CursedBody|Blizzard,ShadowBall,AuroraVeil,Protect|Timid||F|||50|]Dragonite||LifeOrb|InnerFocus|DragonClaw,ExtremeSpeed,Tailwind,Protect|Adamant||F|||50|]Sneasler||WhiteHerb|Unburden|CloseCombat,DireClaw,FakeOut,Protect|Adamant||M|||50|]Kingambit||BlackGlasses|Defiant|KowtowCleave,SuckerPunch,SwordsDance,Protect|Adamant||M|||50|]Arcanine-Hisui||FocusSash|RockHead|FlareBlitz,HeadSmash,ExtremeSpeed,Protect|Jolly||F|||50|]Venusaur||Venusaurite|Overgrow|GigaDrain,SludgeBomb,EarthPower,Protect|Modest||M|||50|
|inactive|Battle timer is ON: inactive players will automatically lose when time's up. (requested by A Regu1ar Guy)
|inactive|Chelicerate1 also wants the timer to be on.
|inactive|Chelicerate1 has 60 seconds left.
|inactive|A Regu1ar Guy has 60 seconds left.
|inactive|Chelicerate1 no longer wants the timer on, but the timer is staying on because aregu1arguy still does.
|
|t:|1784551597
|teamsize|p1|4
|teamsize|p2|4
|start
|switch|p1a: Delphox|Delphox, L50, F|100/100
|switch|p1b: Sneasler|Sneasler, L50, M|100/100
|switch|p2a: Venusaur|Venusaur, L50, M|100/100
|switch|p2b: Dragonite|Dragonite, L50, F|100/100
|turn|1
|inactive|Chelicerate1 has 30 seconds left.
|
|t:|1784551628
|detailschange|p1a: Delphox|Delphox-Mega, L50, F
|-mega|p1a: Delphox|Delphox|Delphoxite
|detailschange|p2a: Venusaur|Venusaur-Mega, L50, M
|-mega|p2a: Venusaur|Venusaur|Venusaurite
|move|p1b: Sneasler|Fake Out|p2a: Venusaur
|-damage|p2a: Venusaur|87/100
|move|p1a: Delphox|Nasty Plot|p1a: Delphox
|-boost|p1a: Delphox|spa|2
|cant|p2a: Venusaur|flinch
|move|p2b: Dragonite|Dragon Claw|p1a: Delphox
|-damage|p1a: Delphox|24/100
|-damage|p2b: Dragonite|90/100|[from] item: Life Orb
|
|upkeep
|turn|2
|
|t:|1784551649
|switch|p1b: Sinistcha|Sinistcha, L50|100/100
|-heal|p1a: Delphox|49/100|[from] ability: Hospitality|[of] p1b: Sinistcha
|move|p1a: Delphox|Protect|p1a: Delphox
|-singleturn|p1a: Delphox|Protect
|move|p2a: Venusaur|Sludge Bomb|p1a: Delphox
|-activate|p1a: Delphox|move: Protect
|move|p2b: Dragonite|Tailwind|p2b: Dragonite
|-sidestart|p2: A Regu1ar Guy|move: Tailwind
|
|upkeep
|turn|3
|
|t:|1784551667
|move|p1b: Sinistcha|Rage Powder|p1b: Sinistcha
|-singleturn|p1b: Sinistcha|move: Rage Powder
|move|p2a: Venusaur|Sludge Bomb|p1a: Delphox
|-damage|p1a: Delphox|10/100
|move|p2b: Dragonite|Dragon Claw|p1b: Sinistcha
|-damage|p1b: Sinistcha|46/100
|-damage|p2b: Dragonite|80/100|[from] item: Life Orb
|move|p1a: Delphox|Heat Wave|p2b: Dragonite|[spread] p2b
|-miss|p1a: Delphox|p2a: Venusaur
|-resisted|p2b: Dragonite|1
|-damage|p2b: Dragonite|45/100
|-status|p2b: Dragonite|brn
|
|-damage|p2b: Dragonite|39/100 brn|[from] brn
|upkeep
|turn|4
|
|t:|1784551683
|switch|p1b: Kingambit|Kingambit, L50, M|100/100
|move|p1a: Delphox|Protect|p1a: Delphox
|-singleturn|p1a: Delphox|Protect
|move|p2b: Dragonite|Extreme Speed|p1a: Delphox
|-activate|p1a: Delphox|move: Protect
|move|p2a: Venusaur|Sludge Bomb|p1b: Kingambit
|-immune|p1b: Kingambit
|
|-damage|p2b: Dragonite|33/100 brn|[from] brn
|upkeep
|turn|5
|
|t:|1784551706
|switch|p1b: Sinistcha|Sinistcha, L50|46/100
|-heal|p1a: Delphox|35/100|[from] ability: Hospitality|[of] p1b: Sinistcha
|move|p2b: Dragonite|Extreme Speed|p1a: Delphox
|-damage|p1a: Delphox|13/100
|-damage|p2b: Dragonite|23/100 brn|[from] item: Life Orb
|move|p2a: Venusaur|Sludge Bomb|p1a: Delphox
|-damage|p1a: Delphox|0 fnt
|faint|p1a: Delphox
|
|-damage|p2b: Dragonite|17/100 brn|[from] brn
|-sideend|p2: A Regu1ar Guy|move: Tailwind
|upkeep
|
|t:|1784551726
|switch|p1a: Sneasler|Sneasler, L50, M|100/100
|turn|6
|
|t:|1784551751
|move|p2b: Dragonite|Extreme Speed|p1a: Sneasler
|-damage|p1a: Sneasler|68/100
|-damage|p2b: Dragonite|8/100 brn|[from] item: Life Orb
|move|p1a: Sneasler|Dire Claw|p2a: Venusaur
|-damage|p2a: Venusaur|55/100
|move|p2a: Venusaur|Earth Power|p1a: Sneasler
|-supereffective|p1a: Sneasler|1
|-damage|p1a: Sneasler|0 fnt
|faint|p1a: Sneasler
|move|p1b: Sinistcha|Trick Room|p1b: Sinistcha
|-fieldstart|move: Trick Room|[of] p1b: Sinistcha
|
|-damage|p2b: Dragonite|2/100 brn|[from] brn
|upkeep
|
|t:|1784551756
|switch|p1a: Kingambit|Kingambit, L50, M|100/100
|turn|7
|
|t:|1784551768
|move|p1a: Kingambit|Kowtow Cleave|p2a: Venusaur
|-crit|p2a: Venusaur
|-damage|p2a: Venusaur|0 fnt
|faint|p2a: Venusaur
|-damage|p1a: Kingambit|90/100|[from] item: Life Orb
|move|p1b: Sinistcha|Matcha Gotcha|p2b: Dragonite
|-resisted|p2b: Dragonite|2
|-damage|p2b: Dragonite|0 fnt
|-heal|p1b: Sinistcha|47/100|[from] drain|[of] p2b: Dragonite
|faint|p2b: Dragonite
|
|upkeep
|
|t:|1784551771
|switch|p2b: Sneasler|Sneasler, L50, M|100/100
|switch|p2a: Arcanine|Arcanine-Hisui, L50, F|100/100
|turn|8
|
|t:|1784551785
|move|p1a: Kingambit|Protect|p1a: Kingambit
|-singleturn|p1a: Kingambit|Protect
|move|p1b: Sinistcha|Protect|p1b: Sinistcha
|-singleturn|p1b: Sinistcha|Protect
|move|p2b: Sneasler|Fake Out|p1a: Kingambit
|-activate|p1a: Kingambit|move: Protect
|move|p2a: Arcanine|Flare Blitz|p1b: Sinistcha
|-activate|p1b: Sinistcha|move: Protect
|
|upkeep
|turn|9
|inactive|Chelicerate1 has 30 seconds left.
|
|t:|1784551819
|move|p1b: Sinistcha|Rage Powder|p1b: Sinistcha
|-singleturn|p1b: Sinistcha|move: Rage Powder
|move|p1a: Kingambit|Swords Dance|p1a: Kingambit
|-boost|p1a: Kingambit|atk|2
|move|p2a: Arcanine|Flare Blitz|p1b: Sinistcha
|-supereffective|p1b: Sinistcha|1
|-damage|p1b: Sinistcha|0 fnt
|faint|p1b: Sinistcha
|move|p2b: Sneasler|Close Combat|p1a: Kingambit
|-supereffective|p1a: Kingambit|2
|-damage|p1a: Kingambit|0 fnt
|-unboost|p2b: Sneasler|def|1
|-unboost|p2b: Sneasler|spd|1
|faint|p1a: Kingambit
|
|win|A Regu1ar Guy
