|j|☆Karl2088
|j|☆Zhang21
|html|Karl2088Zhang21    
|uhtml|bestof|Game 1 of a best-of-3
|t:|1757773360
|gametype|doubles
|player|p1|Karl2088|nate|1055
|player|p2|Zhang21|169|1045
|gen|9
|tier|[Gen 9] VGC 2025 Reg H (Bo3)
|rated|
|rule|Species Clause: Limit one of each Pokémon
|rule|Item Clause: Limit 1 of each item
|clearpoke
|poke|p1|Pelipper, L50, F|
|poke|p1|Archaludon, L50, F|
|poke|p1|Whimsicott, L50, M|
|poke|p1|Gholdengo, L50|
|poke|p1|Sneasler, L50, M|
|poke|p1|Ursaluna-Bloodmoon, L50, M|
|poke|p2|Ninetales-Alola, L50, F|
|poke|p2|Frosmoth, L50, F|
|poke|p2|Incineroar, L50, M|
|poke|p2|Rillaboom, L50, F|
|poke|p2|Palafin, L50, M|
|poke|p2|Sneasler, L50, F|
|teampreview|4
|showteam|p1|Pelipper||AbilityShield|Drizzle|Tailwind,WideGuard,Hurricane,WeatherBall|||F|||50|,,,,,Grass]Archaludon||AssaultVest|Stamina|FlashCannon,BodyPress,ElectroShot,Snarl|||F|||50|,,,,,Electric]Whimsicott||CovertCloak|Prankster|Encore,Moonblast,Tailwind,Taunt|||M|||50|,,,,,Steel]Gholdengo||ChoiceSpecs|GoodasGold|MakeItRain,ShadowBall,Thunder,FlashCannon||||||50|,,,,,Steel]Sneasler||FocusSash|PoisonTouch|DireClaw,CloseCombat,Protect,FakeOut|||M|||50|,,,,,Flying]Ursaluna-Bloodmoon||LifeOrb|MindsEye|EarthPower,HyperVoice,BloodMoon,Protect|||M|||50|,,,,,Normal
|showteam|p2|Ninetales-Alola||CovertCloak|SnowWarning|Blizzard,Moonblast,AuroraVeil,Protect|||F|||50|,,,,,Water]Frosmoth||MentalHerb|IceScales|IceBeam,GigaDrain,QuiverDance,Protect|||F|||50|,,,,,Ice]Incineroar||SafetyGoggles|Intimidate|FakeOut,FlareBlitz,KnockOff,PartingShot|||M|||50|,,,,,Ghost]Rillaboom||AssaultVest|GrassySurge|FakeOut,WoodHammer,HighHorsepower,Uturn|||F|||50|,,,,,Fire]Palafin||ClearAmulet|ZerotoHero|WaveCrash,JetPunch,FlipTurn,Protect|||M|||50|,,,,,Water]Sneasler||GrassySeed|Unburden|DireClaw,CloseCombat,Acrobatics,Protect|||F|||50|,,,,,Flying
|inactive|Battle timer is ON: inactive players will automatically lose when time's up. (requested by Karl2088)
|inactive|Karl2088 has 60 seconds left.
|inactive|Zhang21 has 60 seconds left.
|inactive|Karl2088 has 30 seconds left.
|inactive|Karl2088 has 20 seconds left.
|inactive|Karl2088 has 15 seconds left.
|inactive|Karl2088 has 10 seconds left.
|
|t:|1757773449
|teamsize|p1|4
|teamsize|p2|4
|start
|switch|p1a: Whimsicott|Whimsicott, L50, M|100/100
|switch|p1b: Archaludon|Archaludon, L50, F|100/100
|switch|p2a: Palafin|Palafin, L50, M|100/100
|switch|p2b: Frosmoth|Frosmoth, L50, F|100/100
|turn|1
|inactive|Karl2088 has 30 seconds left.
|inactive|Karl2088 has 20 seconds left.
|
|t:|1757773485
|move|p2a: Palafin|Protect|p2a: Palafin
|-singleturn|p2a: Palafin|Protect
|move|p1a: Whimsicott|Tailwind|p1a: Whimsicott
|-sidestart|p1: Karl2088|move: Tailwind
|move|p1b: Archaludon|Body Press|p2a: Palafin
|-activate|p2a: Palafin|move: Protect
|move|p2b: Frosmoth|Quiver Dance|p2b: Frosmoth
|-boost|p2b: Frosmoth|spa|1
|-boost|p2b: Frosmoth|spd|1
|-boost|p2b: Frosmoth|spe|1
|
|upkeep
|turn|2
|inactive|Karl2088 has 30 seconds left.
|inactive|Karl2088 has 20 seconds left.
|inactive|Karl2088 has 15 seconds left.
|inactive|Karl2088 has 10 seconds left.
|
|t:|1757773531
|detailschange|p2a: Palafin|Palafin-Hero, L50, M
|switch|p2a: Rillaboom|Rillaboom, L50, F|100/100
|-fieldstart|move: Grassy Terrain|[from] ability: Grassy Surge|[of] p2a: Rillaboom
|move|p1a: Whimsicott|Encore|p2b: Frosmoth
|-start|p2b: Frosmoth|Encore
|-enditem|p2b: Frosmoth|Mental Herb
|-end|p2b: Frosmoth|Encore
|move|p1b: Archaludon|Body Press|p2a: Rillaboom
|-damage|p2a: Rillaboom|77/100
|move|p2b: Frosmoth|Ice Beam|p1a: Whimsicott
|-supereffective|p1a: Whimsicott
|-damage|p1a: Whimsicott|0 fnt
|faint|p1a: Whimsicott
|
|-heal|p2a: Rillaboom|83/100|[from] Grassy Terrain
|upkeep
|
|t:|1757773550
|switch|p1a: Gholdengo|Gholdengo, L50|100/100
|turn|3
|inactive|Karl2088 has 30 seconds left.
|inactive|Zhang21 has 30 seconds left.
|inactive|Karl2088 has 20 seconds left.
|inactive|Zhang21 has 20 seconds left.
|inactive|Karl2088 has 15 seconds left.
|
|t:|1757773595
|-terastallize|p2a: Rillaboom|Fire
|move|p2b: Frosmoth|Protect|p2b: Frosmoth
|-singleturn|p2b: Frosmoth|Protect
|move|p1b: Archaludon|Flash Cannon|p2a: Rillaboom
|-resisted|p2a: Rillaboom
|-damage|p2a: Rillaboom|70/100
|move|p1a: Gholdengo|Make It Rain|p2a: Rillaboom|[spread] p2a
|-activate|p2b: Frosmoth|move: Protect
|-resisted|p2a: Rillaboom
|-damage|p2a: Rillaboom|49/100
|-unboost|p1a: Gholdengo|spa|1
|move|p2a: Rillaboom|High Horsepower|p1a: Gholdengo|[miss]
|-miss|p2a: Rillaboom|p1a: Gholdengo
|
|-heal|p2a: Rillaboom|55/100|[from] Grassy Terrain
|upkeep
|turn|4
|inactive|Karl2088 has 30 seconds left.
|inactive|Zhang21 has 30 seconds left.
|
|t:|1757773623
|switch|p1a: Pelipper|Pelipper, L50, F|100/100
|-weather|RainDance|[from] ability: Drizzle|[of] p1a: Pelipper
|move|p1b: Archaludon|Electro Shot||[still]
|-prepare|p1b: Archaludon|Electro Shot
|-boost|p1b: Archaludon|spa|1
|-anim|p1b: Archaludon|Electro Shot|p2b: Frosmoth
|-damage|p2b: Frosmoth|75/100
|move|p2b: Frosmoth|Quiver Dance|p2b: Frosmoth
|-boost|p2b: Frosmoth|spa|1
|-boost|p2b: Frosmoth|spd|1
|-boost|p2b: Frosmoth|spe|1
|move|p2a: Rillaboom|U-turn|p1a: Pelipper
|-resisted|p1a: Pelipper
|-damage|p1a: Pelipper|88/100
|
|t:|1757773639
|switch|p2a: Ninetales|Ninetales-Alola, L50, F|100/100|[from] U-turn
|-weather|Snowscape|[from] ability: Snow Warning|[of] p2a: Ninetales
|
|-weather|Snowscape|[upkeep]
|-heal|p2b: Frosmoth|81/100|[from] Grassy Terrain
|-sideend|p1: Karl2088|move: Tailwind
|upkeep
|turn|5
|inactive|Karl2088 has 30 seconds left.
|
|t:|1757773666
|move|p2a: Ninetales|Aurora Veil|p2a: Ninetales
|-sidestart|p2: Zhang21|move: Aurora Veil
|move|p2b: Frosmoth|Ice Beam|p1a: Pelipper
|-damage|p1a: Pelipper|0 fnt
|faint|p1a: Pelipper
|move|p1b: Archaludon|Flash Cannon|p2a: Ninetales
|-supereffective|p2a: Ninetales
|-damage|p2a: Ninetales|0 fnt
|faint|p2a: Ninetales
|
|-weather|Snowscape|[upkeep]
|-heal|p2b: Frosmoth|87/100|[from] Grassy Terrain
|upkeep
|
|t:|1757773685
|switch|p2a: Palafin|Palafin-Hero, L50, M|100/100
|switch|p1a: Gholdengo|Gholdengo, L50|100/100
|-activate|p2a: Palafin|ability: Zero to Hero
|turn|6
|inactive|Karl2088 has 30 seconds left.
|inactive|Karl2088 has 20 seconds left.
|inactive|Karl2088 has 15 seconds left.
|inactive|Karl2088 has 10 seconds left.
|inactive|Karl2088 has 5 seconds left.
|
|t:|1757773740
|move|p2b: Frosmoth|Protect|p2b: Frosmoth
|-singleturn|p2b: Frosmoth|Protect
|move|p2a: Palafin|Wave Crash|p1a: Gholdengo
|-damage|p1a: Gholdengo|10/100
|-damage|p2a: Palafin|72/100|[from] Recoil
|move|p1b: Archaludon|Flash Cannon|p2b: Frosmoth
|-activate|p2b: Frosmoth|move: Protect
|move|p1a: Gholdengo|Make It Rain|p2b: Frosmoth|[spread] p2a
|-activate|p2b: Frosmoth|move: Protect
|-resisted|p2a: Palafin
|-damage|p2a: Palafin|47/100
|-unboost|p1a: Gholdengo|spa|1
|
|-weather|Snowscape|[upkeep]
|-heal|p2b: Frosmoth|93/100|[from] Grassy Terrain
|-heal|p2a: Palafin|52/100|[from] Grassy Terrain
|-heal|p1a: Gholdengo|16/100|[from] Grassy Terrain
|-fieldend|move: Grassy Terrain
|upkeep
|turn|7
|
|t:|1757773769
|move|p2b: Frosmoth|Ice Beam|p1b: Archaludon
|-damage|p1b: Archaludon|15/100
|-ability|p1b: Archaludon|Stamina|boost
|-boost|p1b: Archaludon|def|1
|move|p2a: Palafin|Wave Crash|p1a: Gholdengo
|-damage|p1a: Gholdengo|0 fnt
|faint|p1a: Gholdengo
|-damage|p2a: Palafin|48/100|[from] Recoil
|move|p1b: Archaludon|Electro Shot||[still]
|-prepare|p1b: Archaludon|Electro Shot
|-boost|p1b: Archaludon|spa|1
|
|-weather|Snowscape|[upkeep]
|upkeep
|turn|8
|
|t:|1757773787
|move|p2b: Frosmoth|Ice Beam|p1b: Archaludon
|-damage|p1b: Archaludon|0 fnt
|faint|p1b: Archaludon
|
|win|Zhang21
||Zhang21 is ready for game 2.
|inactive|Karl2088 has 30 seconds to confirm battle start!
|inactive|Karl2088 has 19 seconds to confirm battle start!
||Karl2088 is ready for game 2.
|uhtml|next|Next: Game 2 of 3
