|j|☆RegiSIXSEVEN
|j|☆Bazilvts
|html|RegiSIXSEVENBazilvts    
|uhtml|bestof|Game 2 of a best-of-3
|t:|1782313433
|gametype|doubles
|player|p1|RegiSIXSEVEN|steven|1040
|player|p2|Bazilvts|170|1106
|gen|9
|tier|[Gen 9 Champions] VGC 2026 Reg M-B (Bo3)
|rated|
|rule|Species Clause: Limit one of each Pokémon
|rule|Item Clause: Limit 1 of each item
|clearpoke
|poke|p1|Barbaracle, L50, F, shiny|
|poke|p1|Kingambit, L50, M, shiny|
|poke|p1|Aerodactyl, L50, F, shiny|
|poke|p1|Garchomp, L50, F, shiny|
|poke|p1|Rotom-Wash, L50, shiny|
|poke|p1|Scrafty, L50, F, shiny|
|poke|p2|Gengar, L50, M|
|poke|p2|Incineroar, L50, F|
|poke|p2|Sinistcha, L50|
|poke|p2|Kingambit, L50, M|
|poke|p2|Politoed, L50, M|
|poke|p2|Kommo-o, L50, M|
|teampreview|4
|showteam|p1|Barbaracle||Barbaracite|ToughClaws|RockSlide,CloseCombat,Liquidation,Protect|Adamant||F|||50|]Kingambit||ChopleBerry|Defiant|SuckerPunch,KowtowCleave,IronHead,Protect|Adamant||M|||50|]Aerodactyl||FocusSash|Unnerve|RockSlide,DualWingbeat,Tailwind,Protect|Jolly||F|||50|]Garchomp||LifeOrb|RoughSkin|DragonClaw,StompingTantrum,RockTomb,Protect|Jolly||F|||50|]Rotom-Wash||Leftovers|Levitate|HydroPump,Thunderbolt,LightScreen,WillOWisp|Calm|||||50|]Scrafty||Scraftinite|Intimidate|DrainPunch,KnockOff,BulkUp,Protect|Adamant||F|||50|
|showteam|p2|Gengar||Gengarite|CursedBody|PerishSong,Disable,SludgeBomb,Protect|Timid||M|||50|]Incineroar||SitrusBerry|Intimidate|FlareBlitz,PartingShot,FakeOut,Protect|Careful||F|||50|]Sinistcha||KasibBerry|Hospitality|MatchaGotcha,LifeDew,RagePowder,Protect|Calm|||||50|]Kingambit||ChopleBerry|Defiant|KowtowCleave,LowKick,Protect,SuckerPunch|Adamant||M|||50|]Politoed||Leftovers|Drizzle|PerishSong,Encore,MuddyWater,Protect|Calm||M|||50|]Kommo-o||DragonFang|Soundproof|ClangorousSoul,ClangingScales,AuraSphere,Protect|Modest||M|||50|
|inactive|Battle timer is ON: inactive players will automatically lose when time's up. (requested by RegiSIXSEVEN)
|
|t:|1782313453
|teamsize|p1|4
|teamsize|p2|4
|start
|switch|p1a: Kingambit|Kingambit, L50, M, shiny|100/100
|switch|p1b: Barbaracle|Barbaracle, L50, F, shiny|100/100
|switch|p2a: Kommo-o|Kommo-o, L50, M|100/100
|switch|p2b: Sinistcha|Sinistcha, L50|100/100
|turn|1
|
|t:|1782313476
|detailschange|p1b: Barbaracle|Barbaracle-Mega, L50, F, shiny
|-mega|p1b: Barbaracle|Barbaracle|Barbaracite
|move|p1b: Barbaracle|Protect|p1b: Barbaracle
|-singleturn|p1b: Barbaracle|Protect
|move|p2b: Sinistcha|Rage Powder|p2b: Sinistcha
|-singleturn|p2b: Sinistcha|move: Rage Powder
|move|p2a: Kommo-o|Clangorous Soul|p2a: Kommo-o
|-boost|p2a: Kommo-o|atk|1
|-boost|p2a: Kommo-o|def|1
|-boost|p2a: Kommo-o|spa|1
|-boost|p2a: Kommo-o|spd|1
|-boost|p2a: Kommo-o|spe|1
|-damage|p2a: Kommo-o|67/100
|move|p1a: Kingambit|Kowtow Cleave|p2b: Sinistcha
|-supereffective|p2b: Sinistcha|1
|-damage|p2b: Sinistcha|28/100
|
|upkeep
|turn|2
|inactive|RegiSIXSEVEN has 30 seconds left.
|
|t:|1782313503
|switch|p1b: Aerodactyl|Aerodactyl, L50, F, shiny|100/100
|-ability|p1b: Aerodactyl|Unnerve
|move|p2a: Kommo-o|Clanging Scales|p1b: Aerodactyl|[spread] p1a,p1b
|-resisted|p1a: Kingambit|1
|-crit|p1a: Kingambit
|-damage|p1a: Kingambit|50/100g
|-damage|p1b: Aerodactyl|1/100
|-unboost|p2a: Kommo-o|def|1
|move|p2b: Sinistcha|Life Dew|p2b: Sinistcha|[spread] p2a,p2b
|-heal|p2a: Kommo-o|92/100
|-heal|p2b: Sinistcha|53/100
|move|p1a: Kingambit|Kowtow Cleave|p2b: Sinistcha
|-supereffective|p2b: Sinistcha|1
|-damage|p2b: Sinistcha|0 fnt
|faint|p2b: Sinistcha
|
|upkeep
|
|t:|1782313520
|switch|p2b: Politoed|Politoed, L50, M|100/100
|-weather|RainDance|[from] ability: Drizzle|[of] p2b: Politoed
|turn|3
|
|t:|1782313538
|move|p1a: Kingambit|Protect|p1a: Kingambit
|-singleturn|p1a: Kingambit|Protect
|move|p2a: Kommo-o|Aura Sphere|p1a: Kingambit
|-activate|p1a: Kingambit|move: Protect
|move|p1b: Aerodactyl|Tailwind|p1b: Aerodactyl
|-sidestart|p1: RegiSIXSEVEN|move: Tailwind
|move|p2b: Politoed|Muddy Water|p1a: Kingambit|[spread] p1b
|-activate|p1a: Kingambit|move: Protect
|-supereffective|p1b: Aerodactyl|1
|-damage|p1b: Aerodactyl|0 fnt
|faint|p1b: Aerodactyl
|
|-weather|RainDance|[upkeep]
|upkeep
|
|t:|1782313548
|switch|p1b: Garchomp|Garchomp, L50, F, shiny|100/100
|turn|4
|
|t:|1782313562
|move|p1b: Garchomp|Dragon Claw|p2a: Kommo-o
|-supereffective|p2a: Kommo-o|1
|-damage|p2a: Kommo-o|0 fnt
|faint|p2a: Kommo-o
|-damage|p1b: Garchomp|90/100|[from] item: Life Orb
|move|p1a: Kingambit|Iron Head|p2b: Politoed
|-resisted|p2b: Politoed|1
|-damage|p2b: Politoed|81/100
|move|p2b: Politoed|Muddy Water|p1b: Garchomp|[spread] p1a,p1b
|-damage|p1a: Kingambit|18/100
|-damage|p1b: Garchomp|54/100
|-unboost|p1a: Kingambit|accuracy|1
|-ability|p1a: Kingambit|Defiant|boost
|-boost|p1a: Kingambit|atk|2
|
|-weather|RainDance|[upkeep]
|-heal|p2b: Politoed|87/100|[from] item: Leftovers
|upkeep
|
|t:|1782313576
|switch|p2a: Kingambit|Kingambit, L50, M|100/100
|turn|5
|
|t:|1782313583
|move|p2a: Kingambit|Protect|p2a: Kingambit
|-singleturn|p2a: Kingambit|Protect
|move|p1a: Kingambit|Sucker Punch|p2b: Politoed
|-damage|p2b: Politoed|18/100
|move|p1b: Garchomp|Stomping Tantrum|p2a: Kingambit
|-activate|p2a: Kingambit|move: Protect
|move|p2b: Politoed|Muddy Water|p1b: Garchomp|[spread] p1a,p1b
|-crit|p1a: Kingambit
|-damage|p1a: Kingambit|0 fnt
|-damage|p1b: Garchomp|18/100
|faint|p1a: Kingambit
|
|-weather|RainDance|[upkeep]
|-heal|p2b: Politoed|25/100|[from] item: Leftovers
|upkeep
|
|t:|1782313588
|switch|p1a: Barbaracle|Barbaracle-Mega, L50, F, shiny|100/100
|turn|6
|
|t:|1782313608
|move|p1b: Garchomp|Protect|p1b: Garchomp
|-singleturn|p1b: Garchomp|Protect
|move|p2a: Kingambit|Sucker Punch||[still]
|-fail|p2a: Kingambit
|move|p1a: Barbaracle|Close Combat|p2a: Kingambit
|-supereffective|p2a: Kingambit|2
|-enditem|p2a: Kingambit|Chople Berry|[eat]
|-enditem|p2a: Kingambit|Chople Berry|[weaken]
|-damage|p2a: Kingambit|0 fnt
|-unboost|p1a: Barbaracle|def|1
|-unboost|p1a: Barbaracle|spd|1
|faint|p2a: Kingambit
|move|p2b: Politoed|Perish Song|p2b: Politoed
|-start|p1a: Barbaracle|perish3|[silent]
|-start|p1b: Garchomp|perish3|[silent]
|-start|p2b: Politoed|perish3|[silent]
|-fieldactivate|move: Perish Song
|
|-weather|RainDance|[upkeep]
|-heal|p2b: Politoed|31/100|[from] item: Leftovers
|-start|p1b: Garchomp|perish3
|-start|p1a: Barbaracle|perish3
|-start|p2b: Politoed|perish3
|-sideend|p1: RegiSIXSEVEN|move: Tailwind
|upkeep
|turn|7
|
|t:|1782313630
|move|p2b: Politoed|Protect|p2b: Politoed
|-singleturn|p2b: Politoed|Protect
|move|p1b: Garchomp|Dragon Claw|p2b: Politoed
|-activate|p2b: Politoed|move: Protect
|move|p1a: Barbaracle|Close Combat|p2b: Politoed
|-activate|p2b: Politoed|move: Protect
|
|-weather|none
|-heal|p2b: Politoed|37/100|[from] item: Leftovers
|-start|p1b: Garchomp|perish2
|-start|p1a: Barbaracle|perish2
|-start|p2b: Politoed|perish2
|upkeep
|turn|8
|inactive|Bazilvts has 30 seconds left.
|inactive|Bazilvts has 20 seconds left.
|inactive|Bazilvts has 15 seconds left.
|inactive|Bazilvts has 10 seconds left.
|inactive|Bazilvts has 5 seconds left.
|
|t:|1782313685
|move|p1b: Garchomp|Dragon Claw|p2b: Politoed
|-damage|p2b: Politoed|0 fnt
|faint|p2b: Politoed
|-damage|p1b: Garchomp|8/100|[from] item: Life Orb
|
|win|RegiSIXSEVEN
|raw|RegiSIXSEVEN's rating: 1040 → 1080(+40 for winning)
|raw|Bazilvts's rating: 1106 → 1076(-30 for losing)
