|j|☆7ammy
|j|☆Squ1dge_
|html|7ammySqu1dge_    
|uhtml|bestof|Game 3 of a best-of-3
|t:|1754643822
|gametype|doubles
|player|p1|7ammy|interviewers|1344
|player|p2|Squ1dge_|265|1234
|gen|9
|tier|[Gen 9] VGC 2025 Reg H (Bo3)
|rated|
|rule|Species Clause: Limit one of each Pokémon
|rule|Item Clause: Limit 1 of each item
|clearpoke
|poke|p1|Torkoal, L50, M|
|poke|p1|Indeedee-F, L50, F|
|poke|p1|Armarouge, L50, M|
|poke|p1|Lilligant-Hisui, L50, F|
|poke|p1|Ursaluna, L50, M|
|poke|p1|Hatterene, L50, F|
|poke|p2|Gholdengo, L50|
|poke|p2|Sneasler, L50, M|
|poke|p2|Rillaboom, L50, M|
|poke|p2|Dragonite, L50, F|
|poke|p2|Ninetales-Alola, L50, M|
|poke|p2|Arcanine-Hisui, L50, F|
|teampreview|4
|showteam|p1|Torkoal||Charcoal|Drought|Protect,Eruption,HeatWave,ClearSmog|||M|||50|,,,,,Fire]Indeedee-F||SafetyGoggles|PsychicSurge|FollowMe,HelpingHand,TrickRoom,Psychic|||F|||50|,,,,,Fairy]Armarouge||LifeOrb|FlashFire|TrickRoom,WideGuard,ExpandingForce,ArmorCannon|||M|||50|,,,,,Grass]Lilligant-Hisui||CovertCloak|Chlorophyll|AfterYou,SleepPowder,CloseCombat,SolarBlade|||F|||50|,,,,,Water]Ursaluna||FlameOrb|Guts|Protect,Facade,HeadlongRush,Earthquake|||M|||50|,,,,,Ghost]Hatterene||TwistedSpoon|MagicBounce|Protect,ExpandingForce,DazzlingGleam,TrickRoom|||F|||50|,,,,,Dark
|showteam|p2|Gholdengo||GrassySeed|GoodasGold|NastyPlot,MakeItRain,ShadowBall,Protect||||||50|,,,,,Water]Sneasler||WhiteHerb|Unburden|CloseCombat,DireClaw,Coaching,Protect|||M|||50|,,,,,Ghost]Rillaboom||AssaultVest|GrassySurge|FakeOut,GrassyGlide,DrumBeating,HighHorsepower|||M|||50|,,,,,Fire]Dragonite||LoadedDice|Multiscale|ScaleShot,StompingTantrum,Tailwind,Protect|||F|||50|,,,,,Ground]Ninetales-Alola||FocusSash|SnowWarning|Blizzard,IcyWind,Encore,AuroraVeil|||M|||50|,,,,,Ghost]Arcanine-Hisui||ClearAmulet|Intimidate|RockSlide,FlareBlitz,ExtremeSpeed,Protect|||F|||50|,,,,,Water
|inactive|Battle timer is ON: inactive players will automatically lose when time's up. (requested by Squ1dge_)
|
|t:|1754643859
|teamsize|p1|4
|teamsize|p2|4
|start
|switch|p1a: Indeedee|Indeedee-F, L50, F, shiny|100/100
|switch|p1b: Armarouge|Armarouge, L50, M, shiny|100/100
|switch|p2a: Gholdengo|Gholdengo, L50|100/100
|switch|p2b: Arcanine|Arcanine-Hisui, L50, F|100/100
|-ability|p2b: Arcanine|Intimidate|boost
|-unboost|p1a: Indeedee|atk|1
|-unboost|p1b: Armarouge|atk|1
|-fieldstart|move: Psychic Terrain|[from] ability: Psychic Surge|[of] p1a: Indeedee
|turn|1
|
|t:|1754643869
|switch|p2a: Rillaboom|Rillaboom, L50, M|100/100
|-fieldstart|move: Grassy Terrain|[from] ability: Grassy Surge|[of] p2a: Rillaboom
|move|p1b: Armarouge|Wide Guard|p1b: Armarouge
|-singleturn|p1b: Armarouge|Wide Guard
|move|p2b: Arcanine|Rock Slide|p1a: Indeedee|[spread] 
|-activate|p1a: Indeedee|move: Wide Guard
|-activate|p1b: Armarouge|move: Wide Guard
|move|p1a: Indeedee|Trick Room|p1a: Indeedee
|-fieldstart|move: Trick Room|[of] p1a: Indeedee
|
|upkeep
|turn|2
|inactive|Squ1dge_ has 30 seconds left.
|
|t:|1754643906
|switch|p1b: Ursaluna|Ursaluna, L50, M, shiny|100/100
|switch|p2a: Dragonite|Dragonite, L50, F|100/100
|move|p1a: Indeedee|Follow Me|p1a: Indeedee
|-singleturn|p1a: Indeedee|move: Follow Me
|move|p2b: Arcanine|Rock Slide|p1b: Ursaluna|[spread] p1a,p1b
|-resisted|p1b: Ursaluna
|-damage|p1a: Indeedee|73/100
|-damage|p1b: Ursaluna|90/100
|
|-heal|p1b: Ursaluna|96/100|[from] Grassy Terrain
|-heal|p1a: Indeedee|79/100|[from] Grassy Terrain
|-status|p1b: Ursaluna|brn|[from] item: Flame Orb
|upkeep
|turn|3
|inactive|7ammy has 30 seconds left.
|inactive|Squ1dge_ has 30 seconds left.
|
|t:|1754643940
|switch|p1a: Torkoal|Torkoal, L50, M, shiny|100/100
|-weather|SunnyDay|[from] ability: Drought|[of] p1a: Torkoal
|move|p2a: Dragonite|Protect|p2a: Dragonite
|-singleturn|p2a: Dragonite|Protect
|move|p1b: Ursaluna|Facade|p2b: Arcanine
|-resisted|p2b: Arcanine
|-damage|p2b: Arcanine|29/100
|move|p2b: Arcanine|Rock Slide|p1a: Torkoal|[spread] p1a,p1b
|-supereffective|p1a: Torkoal
|-resisted|p1b: Ursaluna
|-damage|p1a: Torkoal|56/100
|-damage|p1b: Ursaluna|86/100 brn
|
|-weather|SunnyDay|[upkeep]
|-heal|p1a: Torkoal|63/100|[from] Grassy Terrain
|-heal|p1b: Ursaluna|92/100 brn|[from] Grassy Terrain
|-heal|p2b: Arcanine|34/100|[from] Grassy Terrain
|-damage|p1b: Ursaluna|86/100 brn|[from] brn
|upkeep
|turn|4
|inactive|Squ1dge_ has 30 seconds left.
|inactive|7ammy has 30 seconds left.
|
|t:|1754643978
|move|p1a: Torkoal|Eruption|p2a: Dragonite|[spread] p2a,p2b
|-resisted|p2a: Dragonite
|-resisted|p2b: Arcanine
|-damage|p2a: Dragonite|86/100
|-damage|p2b: Arcanine|18/100
|move|p1b: Ursaluna|Facade|p2b: Arcanine
|-resisted|p2b: Arcanine
|-damage|p2b: Arcanine|0 fnt
|faint|p2b: Arcanine
|move|p2a: Dragonite|Scale Shot|p1a: Torkoal
|-damage|p1a: Torkoal|51/100
|-damage|p1a: Torkoal|39/100
|-damage|p1a: Torkoal|27/100
|-damage|p1a: Torkoal|15/100
|-damage|p1a: Torkoal|3/100
|-hitcount|p1a: Torkoal|5
|-unboost|p2a: Dragonite|def|1
|-boost|p2a: Dragonite|spe|1
|
|-weather|SunnyDay|[upkeep]
|-heal|p1a: Torkoal|9/100|[from] Grassy Terrain
|-heal|p1b: Ursaluna|92/100 brn|[from] Grassy Terrain
|-damage|p1b: Ursaluna|86/100 brn|[from] brn
|upkeep
|
|t:|1754644002
|switch|p2b: Gholdengo|Gholdengo, L50|100/100
|-enditem|p2b: Gholdengo|Grassy Seed
|-boost|p2b: Gholdengo|def|1|[from] item: Grassy Seed
|turn|5
|
|t:|1754644024
|switch|p1a: Armarouge|Armarouge, L50, M, shiny|100/100
|move|p2b: Gholdengo|Protect|p2b: Gholdengo
|-singleturn|p2b: Gholdengo|Protect
|move|p2a: Dragonite|Protect|p2a: Dragonite
|-singleturn|p2a: Dragonite|Protect
|move|p1b: Ursaluna|Facade|p2a: Dragonite
|-activate|p2a: Dragonite|move: Protect
|
|-weather|SunnyDay|[upkeep]
|-heal|p1b: Ursaluna|92/100 brn|[from] Grassy Terrain
|-damage|p1b: Ursaluna|86/100 brn|[from] brn
|-fieldend|move: Trick Room
|-fieldend|move: Grassy Terrain
|upkeep
|turn|6
|inactive|Squ1dge_ has 30 seconds left.
|inactive|Squ1dge_ has 20 seconds left.
|inactive|7ammy has 30 seconds left.
|inactive|Squ1dge_ has 15 seconds left.
|inactive|7ammy has 20 seconds left.
|
|t:|1754644074
|-terastallize|p2b: Gholdengo|Water
|move|p2a: Dragonite|Scale Shot|p1b: Ursaluna
|-crit|p1b: Ursaluna
|-damage|p1b: Ursaluna|69/100 brn
|-damage|p1b: Ursaluna|58/100 brn
|-damage|p1b: Ursaluna|46/100 brn
|-damage|p1b: Ursaluna|35/100 brn
|-damage|p1b: Ursaluna|24/100 brn
|-hitcount|p1b: Ursaluna|5
|-unboost|p2a: Dragonite|def|1
|-boost|p2a: Dragonite|spe|1
|move|p2b: Gholdengo|Make It Rain|p1b: Ursaluna|[spread] p1a,p1b
|-resisted|p1a: Armarouge
|-damage|p1a: Armarouge|78/100
|-damage|p1b: Ursaluna|0 fnt
|-unboost|p2b: Gholdengo|spa|1
|faint|p1b: Ursaluna
|move|p1a: Armarouge|Trick Room|p1a: Armarouge
|-fieldstart|move: Trick Room|[of] p1a: Armarouge
|
|-weather|SunnyDay|[upkeep]
|upkeep
|
|t:|1754644081
|switch|p1b: Indeedee|Indeedee-F, L50, F, shiny|79/100
|-fieldstart|move: Psychic Terrain|[from] ability: Psychic Surge|[of] p1b: Indeedee
|turn|7
|inactive|7ammy has 30 seconds left.
|inactive|Squ1dge_ has 30 seconds left.
|inactive|Squ1dge_ has 20 seconds left.
|inactive|Squ1dge_ has 15 seconds left.
|inactive|7ammy has 20 seconds left.
|inactive|Squ1dge_ has 10 seconds left.
|inactive|7ammy has 15 seconds left.
|inactive|7ammy has 10 seconds left.
|
|t:|1754644136
|switch|p2b: Rillaboom|Rillaboom, L50, M|100/100
|-fieldstart|move: Grassy Terrain|[from] ability: Grassy Surge|[of] p2b: Rillaboom
|move|p1b: Indeedee|Helping Hand|p1a: Armarouge
|-singleturn|p1a: Armarouge|Helping Hand|[of] p1b: Indeedee
|move|p2a: Dragonite|Protect|p2a: Dragonite
|-singleturn|p2a: Dragonite|Protect
|move|p1a: Armarouge|Expanding Force|p2a: Dragonite
|-activate|p2a: Dragonite|move: Protect
|
|-weather|none
|-heal|p1a: Armarouge|84/100|[from] Grassy Terrain
|-heal|p1b: Indeedee|85/100|[from] Grassy Terrain
|upkeep
|turn|8
|
|t:|1754644161
|switch|p1b: Torkoal|Torkoal, L50, M, shiny|9/100
|-weather|SunnyDay|[from] ability: Drought|[of] p1b: Torkoal
|move|p2b: Rillaboom|Fake Out|p1a: Armarouge
|-damage|p1a: Armarouge|72/100
|cant|p1a: Armarouge|flinch
|move|p2a: Dragonite|Scale Shot|p1b: Torkoal
|-damage|p1b: Torkoal|0 fnt
|faint|p1b: Torkoal
|-hitcount|p1: Torkoal|1
|-unboost|p2a: Dragonite|def|1
|-boost|p2a: Dragonite|spe|1
|
|-weather|SunnyDay|[upkeep]
|-heal|p1a: Armarouge|78/100|[from] Grassy Terrain
|upkeep
|
|t:|1754644167
|switch|p1b: Indeedee|Indeedee-F, L50, F, shiny|85/100
|-fieldstart|move: Psychic Terrain|[from] ability: Psychic Surge|[of] p1b: Indeedee
|turn|9
|inactive|Squ1dge_ has 30 seconds left.
|
|t:|1754644196
|switch|p2b: Gholdengo|Gholdengo, L50, tera:Water|100/100
|move|p1b: Indeedee|Helping Hand|p1a: Armarouge
|-singleturn|p1a: Armarouge|Helping Hand|[of] p1b: Indeedee
|move|p2a: Dragonite|Protect|p2a: Dragonite
|-singleturn|p2a: Dragonite|Protect
|move|p1a: Armarouge|Expanding Force|p2a: Dragonite|[spread] p2b
|-activate|p2a: Dragonite|move: Protect
|-damage|p2b: Gholdengo|0 fnt
|faint|p2b: Gholdengo
|-damage|p1a: Armarouge|69/100|[from] item: Life Orb
|
|-weather|SunnyDay|[upkeep]
|upkeep
|
|t:|1754644201
|switch|p2b: Rillaboom|Rillaboom, L50, M|100/100
|-fieldstart|move: Grassy Terrain|[from] ability: Grassy Surge|[of] p2b: Rillaboom
|turn|10
|
|t:|1754644219
|-terastallize|p1b: Indeedee|Fairy
|move|p2b: Rillaboom|Fake Out|p1a: Armarouge
|-crit|p1a: Armarouge
|-damage|p1a: Armarouge|51/100
|move|p1b: Indeedee|Follow Me|p1b: Indeedee
|-singleturn|p1b: Indeedee|move: Follow Me
|cant|p1a: Armarouge|flinch
|move|p2a: Dragonite|Scale Shot|p1b: Indeedee
|-immune|p1b: Indeedee
|
|-weather|SunnyDay|[upkeep]
|-heal|p1a: Armarouge|57/100|[from] Grassy Terrain
|-heal|p1b: Indeedee|91/100|[from] Grassy Terrain
|-fieldend|move: Trick Room
|upkeep
|turn|11
|inactive|7ammy has 30 seconds left.
|inactive|7ammy has 20 seconds left.
|
|t:|1754644257
|move|p1b: Indeedee|Follow Me|p1b: Indeedee
|-singleturn|p1b: Indeedee|move: Follow Me
|move|p2a: Dragonite|Stomping Tantrum|p1b: Indeedee
|-damage|p1b: Indeedee|36/100
|move|p2b: Rillaboom|Drum Beating|p1b: Indeedee
|-damage|p1b: Indeedee|0 fnt
|faint|p1b: Indeedee
|move|p1a: Armarouge|Trick Room|p1a: Armarouge
|-fieldstart|move: Trick Room|[of] p1a: Armarouge
|
|-weather|SunnyDay|[upkeep]
|-heal|p1a: Armarouge|62/100|[from] Grassy Terrain
|upkeep
|turn|12
|
|t:|1754644269
|move|p1a: Armarouge|Expanding Force|p2a: Dragonite
|-damage|p2a: Dragonite|30/100
|-damage|p1a: Armarouge|53/100|[from] item: Life Orb
|move|p2b: Rillaboom|High Horsepower|p1a: Armarouge
|-supereffective|p1a: Armarouge
|-damage|p1a: Armarouge|0 fnt
|faint|p1a: Armarouge
|
|win|Squ1dge_
|raw|7ammy's rating: 1344 → 1318(-26 for losing)
|raw|Squ1dge_'s rating: 1234 → 1267(+33 for winning)
|c|☆Squ1dge_|Ggwp
|c|☆Squ1dge_|super good set
|l|☆Squ1dge_
|player|p2|
|j| Albrtix
