|j|☆theminesoftagawa
|j|☆Anicredible
|html|theminesoftagawaAnicredible    
|uhtml|bestof|Game 2 of a best-of-3
|t:|1756996761
|gametype|doubles
|player|p1|theminesoftagawa|2|
|player|p2|Anicredible|hilbert|
|gen|9
|tier|[Gen 9] VGC 2025 Reg H (Bo3)
|rule|Species Clause: Limit one of each Pokémon
|rule|Item Clause: Limit 1 of each item
|clearpoke
|poke|p1|Jumpluff, L50, F|
|poke|p1|Typhlosion-Hisui, L50, M|
|poke|p1|Annihilape, L50, M|
|poke|p1|Torkoal, L50, F|
|poke|p1|Rillaboom, L50, M|
|poke|p1|Porygon2, L50|
|poke|p2|Annihilape, L50, M|
|poke|p2|Ursaluna-Bloodmoon, L50, M|
|poke|p2|Farigiraf, L50, M|
|poke|p2|Arcanine-Hisui, L50, M|
|poke|p2|Whimsicott, L50, F|
|poke|p2|Altaria, L50, M|
|teampreview|4
|showteam|p1|Jumpluff||CovertCloak|Chlorophyll|SleepPowder,Tailwind,RagePowder,PollenPuff|||F|||50|,,,,,Dark]Typhlosion-Hisui||ChoiceSpecs|Frisk|Eruption,HeatWave,ShadowBall,TeraBlast|||M|||50|,,,,,Stellar]Annihilape||SitrusBerry|Defiant|CloseCombat,Protect,FinalGambit,RageFist|||M|||50|,,,,,Fire]Torkoal||EjectPack|Drought|Protect,HelpingHand,Overheat,BurningJealousy|||F|||50|,,,,,Grass]Rillaboom||MiracleSeed|GrassySurge|FakeOut,GrassyGlide,HighHorsepower,WoodHammer|||M|||50|,,,,,Dragon]Porygon2||Eviolite|Download|Thunderbolt,IceBeam,Recover,TrickRoom||||||50|,,,,,Ghost
|showteam|p2|Annihilape||MistySeed|Defiant|Protect,BulkUp,DrainPunch,RageFist|||M|||50|,,,,,Fire]Ursaluna-Bloodmoon||LifeOrb|MindsEye|Protect,EarthPower,HyperVoice,BloodMoon|||M|||50|,,,,,Normal]Farigiraf||ThroatSpray|ArmorTail|Protect,TrickRoom,HyperVoice,Psychic|||M|||50|,,,,,Dragon]Arcanine-Hisui||ChoiceBand|Intimidate|FlareBlitz,RockSlide,ExtremeSpeed,WildCharge|||M|||50|,,,,,Grass]Whimsicott||CovertCloak|Prankster|Tailwind,MistyTerrain,Moonblast,Encore|||F|||50|,,,,,Fire]Altaria||SitrusBerry|CloudNine|Protect,Haze,Thief,HelpingHand|||M|||50|,,,,,Fairy
|inactive|Battle timer is ON: inactive players will automatically lose when time's up. (requested by Anicredible)
|inactive|Anicredible has 60 seconds left.
|inactive|Anicredible has 30 seconds left.
|
|t:|1756996829
|teamsize|p1|4
|teamsize|p2|4
|start
|switch|p1a: Jumpluff|Jumpluff, L50, F, shiny|100/100
|switch|p1b: Torkoal|Torkoal, L50, F, shiny|100/100
|switch|p2a: Whimsicott|Whimsicott, L50, F|100/100
|switch|p2b: Ursaluna|Ursaluna-Bloodmoon, L50, M|100/100
|-weather|SunnyDay|[from] ability: Drought|[of] p1b: Torkoal
|turn|1
|inactive|theminesoftagawa has 30 seconds left.
|inactive|Anicredible has 30 seconds left.
|inactive|theminesoftagawa has 20 seconds left.
|inactive|Anicredible has 20 seconds left.
|inactive|Anicredible has 15 seconds left.
|inactive|Anicredible has 10 seconds left.
|
|t:|1756996876
|switch|p2b: Arcanine|Arcanine-Hisui, L50, M|100/100
|-ability|p2b: Arcanine|Intimidate|boost
|-unboost|p1a: Jumpluff|atk|1
|-unboost|p1b: Torkoal|atk|1
|-enditem|p1b: Torkoal|Eject Pack
|
|t:|1756996882
|switch|p1b: Typhlosion|Typhlosion-Hisui, L50, M, shiny|100/100
|-item|p2a: Whimsicott|Covert Cloak|[from] ability: Frisk|[of] p1b: Typhlosion
|-item|p2b: Arcanine|Choice Band|[from] ability: Frisk|[of] p1b: Typhlosion
|-terastallize|p2a: Whimsicott|Fire
|move|p2a: Whimsicott|Misty Terrain|p2a: Whimsicott
|-fieldstart|move: Misty Terrain
|move|p1a: Jumpluff|Tailwind|p1a: Jumpluff
|-sidestart|p1: theminesoftagawa|move: Tailwind
|
|-weather|SunnyDay|[upkeep]
|upkeep
|turn|2
|inactive|theminesoftagawa has 30 seconds left.
|inactive|theminesoftagawa has 20 seconds left.
|inactive|theminesoftagawa has 15 seconds left.
|inactive|theminesoftagawa has 10 seconds left.
|inactive|theminesoftagawa has 5 seconds left.
|
|t:|1756996935
|-terastallize|p1b: Typhlosion|Stellar
|move|p1a: Jumpluff|Rage Powder|p1a: Jumpluff
|-singleturn|p1a: Jumpluff|move: Rage Powder
|move|p2a: Whimsicott|Encore|p1a: Jumpluff
|-start|p1a: Jumpluff|Encore
|move|p1b: Typhlosion|Shadow Ball|p2b: Arcanine
|-damage|p2b: Arcanine|14/100
|move|p2b: Arcanine|Rock Slide|p1a: Jumpluff|[spread] p1b
|-miss|p2b: Arcanine|p1a: Jumpluff
|-supereffective|p1b: Typhlosion
|-damage|p1b: Typhlosion|0 fnt
|faint|p1b: Typhlosion
|
|-weather|SunnyDay|[upkeep]
|upkeep
|
|t:|1756996947
|switch|p1b: Annihilape|Annihilape, L50, M, shiny|100/100
|turn|3
|
|t:|1756996960
|move|p1a: Jumpluff|Rage Powder|p1a: Jumpluff
|-singleturn|p1a: Jumpluff|move: Rage Powder
|move|p2a: Whimsicott|Tailwind|p2a: Whimsicott
|-sidestart|p2: Anicredible|move: Tailwind
|move|p1b: Annihilape|Close Combat|p2b: Arcanine
|-supereffective|p2b: Arcanine
|-damage|p2b: Arcanine|0 fnt
|-unboost|p1b: Annihilape|def|1
|-unboost|p1b: Annihilape|spd|1
|faint|p2b: Arcanine
|
|-weather|SunnyDay|[upkeep]
|upkeep
|inactive|Anicredible has 30 seconds left.
|inactive|Anicredible has 20 seconds left.
|inactive|Anicredible has 15 seconds left.
|
|t:|1756997001
|switch|p2b: Ursaluna|Ursaluna-Bloodmoon, L50, M|100/100
|turn|4
|
|t:|1756997014
|move|p2b: Ursaluna|Protect|p2b: Ursaluna
|-singleturn|p2b: Ursaluna|Protect
|move|p1a: Jumpluff|Rage Powder|p1a: Jumpluff
|-singleturn|p1a: Jumpluff|move: Rage Powder
|move|p2a: Whimsicott|Moonblast|p1a: Jumpluff
|-damage|p1a: Jumpluff|72/100
|move|p1b: Annihilape|Close Combat|p2b: Ursaluna
|-activate|p2b: Ursaluna|move: Protect
|
|-weather|SunnyDay|[upkeep]
|-sideend|p1: theminesoftagawa|move: Tailwind
|upkeep
|turn|5
|inactive|Anicredible has 30 seconds left.
|inactive|theminesoftagawa has 30 seconds left.
|inactive|Anicredible has 20 seconds left.
|inactive|Anicredible has 15 seconds left.
|inactive|theminesoftagawa has 20 seconds left.
|
|t:|1756997060
|move|p1a: Jumpluff|Rage Powder|p1a: Jumpluff
|-singleturn|p1a: Jumpluff|move: Rage Powder
|move|p2a: Whimsicott|Moonblast|p1a: Jumpluff
|-damage|p1a: Jumpluff|46/100
|move|p2b: Ursaluna|Hyper Voice|p1a: Jumpluff|[spread] p1a,p1b
|-damage|p1a: Jumpluff|0 fnt
|-damage|p1b: Annihilape|30/100
|-enditem|p1b: Annihilape|Sitrus Berry|[eat]
|-heal|p1b: Annihilape|55/100|[from] item: Sitrus Berry
|faint|p1a: Jumpluff
|-damage|p2b: Ursaluna|91/100|[from] item: Life Orb
|move|p1b: Annihilape|Close Combat|p2b: Ursaluna
|-supereffective|p2b: Ursaluna
|-damage|p2b: Ursaluna|17/100
|-unboost|p1b: Annihilape|def|1
|-unboost|p1b: Annihilape|spd|1
|
|-weather|none
|-fieldend|Misty Terrain
|upkeep
|
|t:|1756997068
|switch|p1a: Torkoal|Torkoal, L50, F, shiny|100/100
|-weather|SunnyDay|[from] ability: Drought|[of] p1a: Torkoal
|turn|6
|
|t:|1756997093
|move|p2a: Whimsicott|Encore|p1b: Annihilape
|-start|p1b: Annihilape|Encore
|move|p2b: Ursaluna|Earth Power|p1a: Torkoal
|-supereffective|p1a: Torkoal
|-damage|p1a: Torkoal|0 fnt
|faint|p1a: Torkoal
|-damage|p2b: Ursaluna|7/100|[from] item: Life Orb
|move|p1b: Annihilape|Close Combat|p2a: Whimsicott
|-damage|p2a: Whimsicott|27/100
|-unboost|p1b: Annihilape|def|1
|-unboost|p1b: Annihilape|spd|1
|
|-weather|SunnyDay|[upkeep]
|-sideend|p2: Anicredible|move: Tailwind
|upkeep
|turn|7
|c|☆Anicredible|gg
|inactive|Anicredible has 30 seconds left.
|
|t:|1756997120
|move|p2a: Whimsicott|Tailwind|p2a: Whimsicott
|-sidestart|p2: Anicredible|move: Tailwind
|move|p2b: Ursaluna|Blood Moon|p1b: Annihilape
|-damage|p1b: Annihilape|0 fnt
|faint|p1b: Annihilape
|-damage|p2b: Ursaluna|0 fnt|[from] item: Life Orb
|faint|p2b: Ursaluna
|
|win|Anicredible
