|j|☆sebasbd04
|j|☆miradonaod
|html|sebasbd04miradonaod    
|uhtml|bestof|Game 2 of a best-of-3
|t:|1782362837
|gametype|doubles
|player|p1|sebasbd04|266|1059
|player|p2|miradonaod|ballguy|1049
|gen|9
|tier|[Gen 9 Champions] VGC 2026 Reg M-B (Bo3)
|rated|
|rule|Species Clause: Limit one of each Pokémon
|rule|Item Clause: Limit 1 of each item
|clearpoke
|poke|p1|Staraptor, L50, M|
|poke|p1|Tyranitar, L50, M|
|poke|p1|Sinistcha, L50|
|poke|p1|Incineroar, L50, M|
|poke|p1|Excadrill, L50, M|
|poke|p1|Sylveon, L50, F|
|poke|p2|Swampert, L50, F|
|poke|p2|Pelipper, L50, F|
|poke|p2|Archaludon, L50, M|
|poke|p2|Sableye, L50, M|
|poke|p2|Venusaur, L50, M|
|poke|p2|Basculegion, L50, M|
|teampreview|4
|showteam|p1|Staraptor||Staraptite|Intimidate|BraveBird,CloseCombat,Tailwind,Protect|Jolly||M|||50|]Tyranitar||Tyranitarite|SandStream|RockSlide,KnockOff,DragonDance,Protect|Jolly||M|||50|]Sinistcha||KasibBerry|Hospitality|MatchaGotcha,RagePowder,TrickRoom,Protect|Impish|||||50|]Incineroar||PasshoBerry|Intimidate|FakeOut,FlareBlitz,PartingShot,ThroatChop|Impish||M|||50|]Excadrill||FocusSash|SandRush|IronHead,Earthquake,RockSlide,Protect|Adamant||M|||50|]Sylveon||FairyFeather|Pixilate|HyperVoice,HyperBeam,QuickAttack,Protect|Modest||F|||50|
|showteam|p2|Swampert||Swampertite|Torrent|Earthquake,WaveCrash,IcePunch,Protect|Adamant||F|||50|]Pelipper||FocusSash|Drizzle|Hurricane,WeatherBall,Tailwind,Protect|Modest||F|||50|]Archaludon||Leftovers|Stamina|ElectroShot,DragonPulse,FlashCannon,Protect|Modest||M|||50|]Sableye||LightClay|Prankster|WillOWisp,RainDance,LightScreen,Reflect|Calm||M|||50|]Venusaur||Venusaurite|Chlorophyll|Protect,EarthPower,SludgeBomb,GigaDrain|Modest||M|||50|]Basculegion||ChoiceScarf|Adaptability|WaveCrash,FlipTurn,AquaJet,LastRespects|Jolly||M|||50|
|inactive|Battle timer is ON: inactive players will automatically lose when time's up. (requested by miradonaod)
|
|t:|1782362861
|teamsize|p1|4
|teamsize|p2|4
|start
|switch|p1a: Tyranitar|Tyranitar, L50, M|100/100
|switch|p1b: Excadrill|Excadrill, L50, M|100/100
|switch|p2a: Venusaur|Venusaur, L50, M|100/100
|switch|p2b: Sableye|Sableye, L50, M|100/100
|-weather|Sandstorm|[from] ability: Sand Stream|[of] p1a: Tyranitar
|turn|1
|
|t:|1782362878
|switch|p1b: Incineroar|Incineroar, L50, M|100/100
|-ability|p1b: Incineroar|Intimidate|boost
|-unboost|p2a: Venusaur|atk|1
|-unboost|p2b: Sableye|atk|1
|detailschange|p2a: Venusaur|Venusaur-Mega, L50, M
|-mega|p2a: Venusaur|Venusaur|Venusaurite
|move|p1a: Tyranitar|Protect|p1a: Tyranitar
|-singleturn|p1a: Tyranitar|Protect
|move|p2b: Sableye|Reflect|p2b: Sableye
|-sidestart|p2: miradonaod|Reflect
|move|p2a: Venusaur|Giga Drain|p1a: Tyranitar
|-activate|p1a: Tyranitar|move: Protect
|
|-weather|Sandstorm|[upkeep]
|-damage|p2a: Venusaur|94/100|[from] Sandstorm
|-damage|p1b: Incineroar|94/100|[from] Sandstorm
|-damage|p2b: Sableye|94/100|[from] Sandstorm
|upkeep
|turn|2
|inactive|sebasbd04 has 30 seconds left.
|
|t:|1782362905
|switch|p2a: Basculegion|Basculegion, L50, M|100/100
|detailschange|p1a: Tyranitar|Tyranitar-Mega, L50, M
|-mega|p1a: Tyranitar|Tyranitar|Tyranitarite
|move|p1b: Incineroar|Fake Out|p2a: Basculegion
|-immune|p2a: Basculegion
|move|p2b: Sableye|Rain Dance|p2b: Sableye
|-weather|RainDance
|move|p1a: Tyranitar|Dragon Dance|p1a: Tyranitar
|-boost|p1a: Tyranitar|atk|1
|-boost|p1a: Tyranitar|spe|1
|
|-weather|RainDance|[upkeep]
|upkeep
|turn|3
|
|t:|1782362928
|switch|p2b: Archaludon|Archaludon, L50, M|100/100
|move|p1a: Tyranitar|Protect|p1a: Tyranitar
|-singleturn|p1a: Tyranitar|Protect
|move|p2a: Basculegion|Wave Crash|p1a: Tyranitar
|-activate|p1a: Tyranitar|move: Protect
|move|p1b: Incineroar|Parting Shot|p2a: Basculegion
|-unboost|p2a: Basculegion|atk|1
|-unboost|p2a: Basculegion|spa|1
|
|t:|1782362939
|switch|p1b: Excadrill|Excadrill, L50, M|100/100|[from] Parting Shot
|
|-weather|RainDance|[upkeep]
|upkeep
|turn|4
|
|t:|1782362948
|switch|p1a: Incineroar|Incineroar, L50, M|94/100
|-ability|p1a: Incineroar|Intimidate|boost
|-unboost|p2a: Basculegion|atk|1
|-unboost|p2b: Archaludon|atk|1
|move|p1b: Excadrill|Protect|p1b: Excadrill
|-singleturn|p1b: Excadrill|Protect
|move|p2a: Basculegion|Wave Crash|p1a: Incineroar
|-supereffective|p1a: Incineroar|1
|-enditem|p1a: Incineroar|Passho Berry|[eat]
|-enditem|p1a: Incineroar|Passho Berry|[weaken]
|-damage|p1a: Incineroar|45/100
|-damage|p2a: Basculegion|83/100|[from] Recoil
|move|p2b: Archaludon|Electro Shot||[still]
|-prepare|p2b: Archaludon|Electro Shot
|-boost|p2b: Archaludon|spa|1
|-anim|p2b: Archaludon|Electro Shot|p1b: Excadrill
|-activate|p1b: Excadrill|move: Protect
|
|-weather|RainDance|[upkeep]
|upkeep
|turn|5
|inactive|sebasbd04 has 30 seconds left.
|
|t:|1782362981
|switch|p2a: Sableye|Sableye, L50, M|94/100
|switch|p1a: Tyranitar|Tyranitar-Mega, L50, M|100/100
|-weather|Sandstorm|[from] ability: Sand Stream|[of] p1a: Tyranitar
|move|p1b: Excadrill|Earthquake|p2a: Sableye|[spread] p1a,p2a,p2b
|-supereffective|p1a: Tyranitar|1
|-supereffective|p2b: Archaludon|1
|-damage|p1a: Tyranitar|32/100
|-damage|p2a: Sableye|56/100
|-damage|p2b: Archaludon|58/100
|-ability|p2b: Archaludon|Stamina|boost
|-boost|p2b: Archaludon|def|1
|move|p2b: Archaludon|Electro Shot||[still]
|-prepare|p2b: Archaludon|Electro Shot
|-boost|p2b: Archaludon|spa|1
|
|-weather|Sandstorm|[upkeep]
|-damage|p2a: Sableye|50/100g|[from] Sandstorm
|-heal|p2b: Archaludon|64/100|[from] item: Leftovers
|upkeep
|turn|6
|
|t:|1782362996
|switch|p1b: Sinistcha|Sinistcha, L50|100/100
|-heal|p1a: Tyranitar|57/100|[from] ability: Hospitality|[of] p1b: Sinistcha
|move|p2a: Sableye|Will-O-Wisp|p1b: Sinistcha
|-status|p1b: Sinistcha|brn
|move|p1a: Tyranitar|Knock Off|p2a: Sableye
|-crit|p2a: Sableye
|-damage|p2a: Sableye|0 fnt
|-enditem|p2a: Sableye|Light Clay|[from] move: Knock Off|[of] p1a: Tyranitar
|faint|p2a: Sableye
|move|p2b: Archaludon|Electro Shot|p1a: Tyranitar|[from] lockedmove
|-damage|p1a: Tyranitar|9/100
|
|-weather|Sandstorm|[upkeep]
|-damage|p1b: Sinistcha|93/100 brn|[from] Sandstorm
|-heal|p2b: Archaludon|71/100|[from] item: Leftovers
|-damage|p1b: Sinistcha|87/100 brn|[from] brn
|upkeep
|
|t:|1782363006
|switch|p2a: Basculegion|Basculegion, L50, M|83/100
|turn|7
|
|t:|1782363016
|move|p1a: Tyranitar|Protect|p1a: Tyranitar
|-singleturn|p1a: Tyranitar|Protect
|move|p2a: Basculegion|Flip Turn|p1a: Tyranitar
|-activate|p1a: Tyranitar|move: Protect
|move|p2b: Archaludon|Dragon Pulse|p1b: Sinistcha
|-damage|p1b: Sinistcha|11/100 brn
|move|p1b: Sinistcha|Trick Room|p1b: Sinistcha
|-fieldstart|move: Trick Room|[of] p1b: Sinistcha
|
|-weather|Sandstorm|[upkeep]
|-damage|p1b: Sinistcha|5/100 brn|[from] Sandstorm
|-damage|p2a: Basculegion|77/100|[from] Sandstorm
|-heal|p2b: Archaludon|77/100|[from] item: Leftovers
|-damage|p1b: Sinistcha|0 fnt|[from] brn
|faint|p1b: Sinistcha
|upkeep
|
|t:|1782363028
|switch|p1b: Incineroar|Incineroar, L50, M|45/100
|-ability|p1b: Incineroar|Intimidate|boost
|-unboost|p2a: Basculegion|atk|1
|-unboost|p2b: Archaludon|atk|1
|turn|8
|
|t:|1782363039
|switch|p2a: Venusaur|Venusaur-Mega, L50, M|94/100
|move|p1b: Incineroar|Fake Out|p2b: Archaludon
|-resisted|p2b: Archaludon|1
|-damage|p2b: Archaludon|75/100
|-ability|p2b: Archaludon|Stamina|boost
|-boost|p2b: Archaludon|def|1
|cant|p2b: Archaludon|flinch
|move|p1a: Tyranitar|Knock Off|p2a: Venusaur
|-crit|p2a: Venusaur
|-damage|p2a: Venusaur|45/100
|
|-weather|Sandstorm|[upkeep]
|-damage|p1b: Incineroar|39/100|[from] Sandstorm
|-damage|p2a: Venusaur|40/100|[from] Sandstorm
|-heal|p2b: Archaludon|81/100|[from] item: Leftovers
|-sideend|p2: miradonaod|Reflect
|upkeep
|turn|9
|
|t:|1782363057
|switch|p1a: Excadrill|Excadrill, L50, M|100/100
|move|p2a: Venusaur|Protect|p2a: Venusaur
|-singleturn|p2a: Venusaur|Protect
|move|p1b: Incineroar|Flare Blitz|p2a: Venusaur
|-activate|p2a: Venusaur|move: Protect
|move|p2b: Archaludon|Dragon Pulse|p1a: Excadrill
|-resisted|p1a: Excadrill|1
|-damage|p1a: Excadrill|49/100
|
|-weather|none
|-heal|p2b: Archaludon|87/100|[from] item: Leftovers
|upkeep
|turn|10
|
|t:|1782363073
|switch|p2a: Basculegion|Basculegion, L50, M|77/100
|move|p1b: Incineroar|Flare Blitz|p2a: Basculegion
|-resisted|p2a: Basculegion|1
|-damage|p2a: Basculegion|50/100g
|-damage|p1b: Incineroar|30/100|[from] Recoil
|move|p2b: Archaludon|Dragon Pulse|p1b: Incineroar
|-damage|p1b: Incineroar|0 fnt
|faint|p1b: Incineroar
|move|p1a: Excadrill|Earthquake|p2a: Basculegion|[spread] p2a,p2b
|-supereffective|p2b: Archaludon|1
|-damage|p2a: Basculegion|0 fnt
|-damage|p2b: Archaludon|53/100
|-ability|p2b: Archaludon|Stamina|boost
|-boost|p2b: Archaludon|def|1
|faint|p2a: Basculegion
|
|-heal|p2b: Archaludon|59/100|[from] item: Leftovers
|upkeep
|
|t:|1782363089
|switch|p1b: Tyranitar|Tyranitar-Mega, L50, M|9/100
|switch|p2a: Venusaur|Venusaur-Mega, L50, M|40/100
|-weather|Sandstorm|[from] ability: Sand Stream|[of] p1b: Tyranitar
|turn|11
|
|t:|1782363102
|move|p2a: Venusaur|Giga Drain|p1a: Excadrill
|-damage|p1a: Excadrill|1/100
|-heal|p2a: Venusaur|64/100|[from] drain|[of] p1a: Excadrill
|move|p2b: Archaludon|Dragon Pulse|p1b: Tyranitar
|-damage|p1b: Tyranitar|0 fnt
|faint|p1b: Tyranitar
|move|p1a: Excadrill|Earthquake|p2b: Archaludon|[spread] p2a,p2b
|-supereffective|p2b: Archaludon|1
|-damage|p2a: Venusaur|31/100
|-damage|p2b: Archaludon|30/100
|-ability|p2b: Archaludon|Stamina|boost
|-boost|p2b: Archaludon|def|1
|
|-weather|Sandstorm|[upkeep]
|-damage|p2a: Venusaur|25/100|[from] Sandstorm
|-heal|p2b: Archaludon|37/100|[from] item: Leftovers
|-fieldend|move: Trick Room
|upkeep
|turn|12
|
|t:|1782363114
|move|p1a: Excadrill|Earthquake|p2b: Archaludon|[spread] p2a,p2b
|-supereffective|p2b: Archaludon|1
|-damage|p2a: Venusaur|0 fnt
|-damage|p2b: Archaludon|17/100
|-ability|p2b: Archaludon|Stamina|boost
|-boost|p2b: Archaludon|def|1
|faint|p2a: Venusaur
|move|p2b: Archaludon|Dragon Pulse|p1a: Excadrill
|-resisted|p1a: Excadrill|1
|-damage|p1a: Excadrill|0 fnt
|faint|p1a: Excadrill
|
|win|miradonaod
|raw|sebasbd04's rating: 1059 → 1040(-19 for losing)
|raw|miradonaod's rating: 1049 → 1083(+34 for winning)
