|j|‽ECARRY
|j|☆papalima
|html|ECARRYpapalima    
|uhtml|bestof|Game 1 of a best-of-3
|t:|1785244961
|gametype|doubles
|player|p1|ECARRY|265|1355
|player|p2|papalima|169|1298
|gen|9
|tier|[Gen 9 Champions] VGC 2026 Reg M-B (Bo3)
|rated|
|rule|Species Clause: Limit one of each Pokémon
|rule|Item Clause: Limit 1 of each item
|clearpoke
|poke|p1|Gengar, L50, M|
|poke|p1|Incineroar, L50, M|
|poke|p1|Ninetales-Alola, L50, F|
|poke|p1|Kingambit, L50, F|
|poke|p1|Sneasler, L50, F|
|poke|p1|Garchomp, L50, F|
|poke|p2|Staraptor, L50, F|
|poke|p2|Delphox, L50, F|
|poke|p2|Whimsicott, L50, M|
|poke|p2|Glimmora, L50, M|
|poke|p2|Garchomp, L50, F|
|poke|p2|Kingambit, L50, F|
|teampreview|4
|showteam|p1|Gengar||Gengarite|CursedBody|ShadowBall,SludgeBomb,PerishSong,Protect|Modest||M|||50|]Incineroar||Leftovers|Intimidate|FakeOut,FlareBlitz,PartingShot,Protect|Relaxed||M|||50|]Ninetales-Alola||NeverMeltIce|SnowWarning|Blizzard,Encore,Disable,Protect|Timid||F|||50|]Kingambit||BlackGlasses|Defiant|KowtowCleave,SuckerPunch,LowKick,Protect|Adamant||F|||50|]Sneasler||FocusSash|Unburden|FakeOut,CloseCombat,GunkShot,Protect|Naughty||F|||50|]Garchomp||SitrusBerry|RoughSkin|StompingTantrum,DragonClaw,RockTomb,Protect|Adamant||F|||50|
|showteam|p2|Staraptor||Staraptite|Intimidate|CloseCombat,BraveBird,Protect,Roost|Jolly||F|||50|]Delphox||Delphoxite|Magician|HeatWave,Psychic,Substitute,Protect|Modest||F|||50|]Whimsicott||OccaBerry|Prankster|Moonblast,Tailwind,LightScreen,Charm|Timid||M|||50|]Glimmora||FocusSash|ToxicDebris|PowerGem,SludgeBomb,EarthPower,SpikyShield|Timid||M|||50|]Garchomp||LifeOrb|RoughSkin|Earthquake,DragonClaw,RockSlide,Protect|Jolly||F|||50|]Kingambit||ChopleBerry|Defiant|KowtowCleave,IronHead,SuckerPunch,LowKick|Adamant||F|||50|
|inactive|Battle timer is ON: inactive players will automatically lose when time's up. (requested by papalima)
|inactive|papalima has 60 seconds left.
|inactive|papalima has 30 seconds left.
|
|t:|1785245045
|teamsize|p1|4
|teamsize|p2|4
|start
|switch|p1a: Gengar|Gengar, L50, M|100/100
|switch|p1b: Incineroar|Incineroar, L50, M|100/100
|switch|p2a: Delphox|Delphox, L50, F|100/100
|switch|p2b: Garchomp|Garchomp, L50, F|100/100
|-ability|p1b: Incineroar|Intimidate|boost
|-unboost|p2a: Delphox|atk|1
|-unboost|p2b: Garchomp|atk|1
|turn|1
|
|t:|1785245067
|detailschange|p1a: Gengar|Gengar-Mega, L50, M
|-mega|p1a: Gengar|Gengar|Gengarite
|detailschange|p2a: Delphox|Delphox-Mega, L50, F
|-mega|p2a: Delphox|Delphox|Delphoxite
|move|p1b: Incineroar|Fake Out|p2a: Delphox
|-damage|p2a: Delphox|84/100
|cant|p2a: Delphox|flinch
|move|p1a: Gengar|Perish Song|p1a: Gengar
|-start|p1a: Gengar|perish3|[silent]
|-start|p1b: Incineroar|perish3|[silent]
|-start|p2a: Delphox|perish3|[silent]
|-start|p2b: Garchomp|perish3|[silent]
|-fieldactivate|move: Perish Song
|move|p2b: Garchomp|Earthquake|p1b: Incineroar|[spread] p1a,p1b
|-immune|p2a: Delphox|[from] ability: Levitate
|-supereffective|p1a: Gengar|1
|-supereffective|p1b: Incineroar|1
|-damage|p1a: Gengar|29/100
|-damage|p1b: Incineroar|53/100
|-damage|p2b: Garchomp|90/100|[from] item: Life Orb
|
|-heal|p1b: Incineroar|59/100|[from] item: Leftovers
|-start|p2a: Delphox|perish3
|-start|p1a: Gengar|perish3
|-start|p2b: Garchomp|perish3
|-start|p1b: Incineroar|perish3
|upkeep
|turn|2
|
|t:|1785245084
|move|p1a: Gengar|Protect|p1a: Gengar
|-singleturn|p1a: Gengar|Protect
|move|p1b: Incineroar|Protect|p1b: Incineroar
|-singleturn|p1b: Incineroar|Protect
|move|p2a: Delphox|Heat Wave|p1a: Gengar|[spread] 
|-activate|p1a: Gengar|move: Protect
|-activate|p1b: Incineroar|move: Protect
|move|p2b: Garchomp|Earthquake|p1b: Incineroar|[spread] 
|-activate|p1a: Gengar|move: Protect
|-activate|p1b: Incineroar|move: Protect
|-immune|p2a: Delphox|[from] ability: Levitate
|
|-heal|p1b: Incineroar|65/100|[from] item: Leftovers
|-start|p2a: Delphox|perish2
|-start|p1a: Gengar|perish2
|-start|p2b: Garchomp|perish2
|-start|p1b: Incineroar|perish2
|upkeep
|turn|3
|
|t:|1785245098
|switch|p1a: Garchomp|Garchomp, L50, F|100/100
|move|p2a: Delphox|Heat Wave|p1a: Garchomp|[spread] p1a,p1b
|-resisted|p1a: Garchomp|1
|-resisted|p1b: Incineroar|1
|-damage|p1a: Garchomp|77/100
|-damage|p1b: Incineroar|46/100
|-status|p1a: Garchomp|brn
|move|p2b: Garchomp|Rock Slide|p1a: Garchomp|[spread] p1a,p1b
|-resisted|p1a: Garchomp|1
|-supereffective|p1b: Incineroar|1
|-damage|p1a: Garchomp|70/100 brn
|-damage|p1b: Incineroar|25/100
|-damage|p2b: Garchomp|80/100|[from] item: Life Orb
|cant|p1b: Incineroar|flinch
|
|-heal|p1b: Incineroar|31/100|[from] item: Leftovers
|-damage|p1a: Garchomp|64/100 brn|[from] brn
|-start|p2a: Delphox|perish1
|-start|p2b: Garchomp|perish1
|-start|p1b: Incineroar|perish1
|upkeep
|turn|4
|
|t:|1785245116
|switch|p2a: Whimsicott|Whimsicott, L50, M|100/100
|switch|p2b: Kingambit|Kingambit, L50, F|100/100
|move|p1a: Garchomp|Stomping Tantrum|p2a: Whimsicott
|-resisted|p2a: Whimsicott|1
|-damage|p2a: Whimsicott|88/100
|move|p1b: Incineroar|Parting Shot|p2b: Kingambit
|-unboost|p2b: Kingambit|atk|1
|-ability|p2b: Kingambit|Defiant|boost
|-boost|p2b: Kingambit|atk|2
|-unboost|p2b: Kingambit|spa|1
|-ability|p2b: Kingambit|Defiant|boost
|-boost|p2b: Kingambit|atk|2
|
|t:|1785245121
|switch|p1b: Sneasler|Sneasler, L50, F|100/100|[from] Parting Shot
|
|-damage|p1a: Garchomp|58/100 brn|[from] brn
|upkeep
|turn|5
|inactive|papalima has 30 seconds left.
|
|t:|1785245146
|move|p2a: Whimsicott|Tailwind|p2a: Whimsicott
|-sidestart|p2: papalima|move: Tailwind
|move|p1b: Sneasler|Close Combat|p2b: Kingambit
|-supereffective|p2b: Kingambit|2
|-enditem|p2b: Kingambit|Chople Berry|[eat]
|-enditem|p2b: Kingambit|Chople Berry|[weaken]
|-damage|p2b: Kingambit|0 fnt
|-unboost|p1b: Sneasler|def|1
|-unboost|p1b: Sneasler|spd|1
|faint|p2b: Kingambit
|move|p1a: Garchomp|Rock Tomb|p2a: Whimsicott
|-damage|p2a: Whimsicott|76/100
|-unboost|p2a: Whimsicott|spe|1
|
|-damage|p1a: Garchomp|52/100 brn|[from] brn
|upkeep
|
|t:|1785245158
|switch|p2b: Garchomp|Garchomp, L50, F|80/100
|turn|6
|
|t:|1785245169
|move|p2b: Garchomp|Earthquake|p1a: Garchomp|[spread] p2a,p1a,p1b
|-resisted|p2a: Whimsicott|1
|-supereffective|p1b: Sneasler|1
|-damage|p2a: Whimsicott|49/100
|-damage|p1a: Garchomp|11/100 brn
|-enditem|p1b: Sneasler|Focus Sash
|-damage|p1b: Sneasler|1/100
|-enditem|p1a: Garchomp|Sitrus Berry|[eat]
|-heal|p1a: Garchomp|35/100 brn|[from] item: Sitrus Berry
|-damage|p2b: Garchomp|71/100|[from] item: Life Orb
|move|p1b: Sneasler|Gunk Shot|p2a: Whimsicott
|-supereffective|p2a: Whimsicott|2
|-damage|p2a: Whimsicott|0 fnt
|faint|p2a: Whimsicott
|move|p1a: Garchomp|Dragon Claw|p2b: Garchomp
|-supereffective|p2b: Garchomp|1
|-damage|p2b: Garchomp|26/100
|-damage|p1a: Garchomp|23/100 brn|[from] ability: Rough Skin|[of] p2b: Garchomp
|
|-damage|p1a: Garchomp|17/100 brn|[from] brn
|upkeep
|
|t:|1785245172
|switch|p2a: Delphox|Delphox-Mega, L50, F|84/100
|turn|7
|inactive|ECARRY has 30 seconds left.
|inactive|ECARRY has 20 seconds left.
|inactive|ECARRY has 15 seconds left.
|
|t:|1785245215
|move|p1b: Sneasler|Protect|p1b: Sneasler
|-singleturn|p1b: Sneasler|Protect
|move|p2a: Delphox|Heat Wave|p1b: Sneasler|[spread] p1a
|-activate|p1b: Sneasler|move: Protect
|-resisted|p1a: Garchomp|1
|-damage|p1a: Garchomp|0 fnt
|faint|p1a: Garchomp
|move|p2b: Garchomp|Earthquake|p1b: Sneasler|[spread] 
|-activate|p1b: Sneasler|move: Protect
|-immune|p2a: Delphox|[from] ability: Levitate
|
|upkeep
|
|t:|1785245218
|switch|p1a: Incineroar|Incineroar, L50, M|31/100
|-ability|p1a: Incineroar|Intimidate|boost
|-unboost|p2a: Delphox|atk|1
|-unboost|p2b: Garchomp|atk|1
|turn|8
|inactive|ECARRY has 30 seconds left.
|inactive|ECARRY has 20 seconds left.
|inactive|ECARRY has 15 seconds left.
|inactive|ECARRY has 10 seconds left.
|
|t:|1785245265
|move|p1a: Incineroar|Fake Out|p2a: Delphox
|-damage|p2a: Delphox|70/100
|cant|p2a: Delphox|flinch
|move|p1b: Sneasler|Gunk Shot|p2a: Delphox
|-damage|p2a: Delphox|0 fnt
|faint|p2a: Delphox
|move|p2b: Garchomp|Earthquake|p1b: Sneasler|[spread] p1a,p1b
|-supereffective|p1a: Incineroar|1
|-supereffective|p1b: Sneasler|1
|-damage|p1a: Incineroar|0 fnt
|-damage|p1b: Sneasler|0 fnt
|faint|p1a: Incineroar
|faint|p1b: Sneasler
|-damage|p2b: Garchomp|16/100|[from] item: Life Orb
|
|-sideend|p2: papalima|move: Tailwind
|upkeep
|
|t:|1785245267
|switch|p1b: Gengar|Gengar-Mega, L50, M|29/100
|turn|9
|
|t:|1785245280
|move|p1b: Gengar|Shadow Ball|p2b: Garchomp
|-damage|p2b: Garchomp|0 fnt
|faint|p2b: Garchomp
|
|win|ECARRY
||ECARRY is ready for game 2.
||papalima is ready for game 2.
|uhtml|next|Next: Game 2 of 3
|l|‽ECARRY
|player|p1|
