|j|☆Cyclosz
|j|☆Mortipherus
|html|CycloszMortipherus    
|uhtml|bestof|Game 3 of a best-of-3
|t:|1756318351
|gametype|doubles
|player|p1|Cyclosz|swimmerf-gen4|
|player|p2|Mortipherus|biker-gen4|
|gen|9
|tier|[Gen 9] VGC 2025 Reg H (Bo3)
|rule|Species Clause: Limit one of each Pokémon
|rule|Item Clause: Limit 1 of each item
|clearpoke
|poke|p1|Kommo-o, L50, F|
|poke|p1|Sinistcha, L50|
|poke|p1|Incineroar, L50, M|
|poke|p1|Maushold, L50|
|poke|p1|Annihilape, L50, M|
|poke|p1|Talonflame, L50, F|
|poke|p2|Hydrapple, L50, F|
|poke|p2|Arcanine-Hisui, L50, M|
|poke|p2|Gholdengo, L50|
|poke|p2|Electabuzz, L50, M|
|poke|p2|Indeedee, L50, M|
|poke|p2|Sneasler, L50, F|
|teampreview|4
|showteam|p1|Kommo-o||ThroatSpray|Overcoat|ClangorousSoul,ClangingScales,Boomburst,Protect|||F|||50|,,,,,Normal]Sinistcha||RockyHelmet|Hospitality|RagePowder,MatchaGotcha,ShadowBall,LifeDew||||||50|,,,,,Water]Incineroar||SafetyGoggles|Intimidate|KnockOff,FlareBlitz,PartingShot,FakeOut|||M|||50|,,,,,Ghost]Maushold||WideLens|FriendGuard|FollowMe,BeatUp,Taunt,PopulationBomb||||||50|,,,,,Ghost]Annihilape||Leftovers|Defiant|DrainPunch,Protect,RageFist,BulkUp|||M|||50|,,,,,Steel]Talonflame||CovertCloak|FlameBody|WillOWisp,Tailwind,FlareBlitz,BraveBird|||F|||50|,,,,,Stellar
|showteam|p2|Hydrapple||AssaultVest|Regenerator|FickleBeam,EnergyBall,EarthPower,PollenPuff|||F|||50|,,,,,Bug]Arcanine-Hisui||ClearAmulet|Intimidate|Protect,ExtremeSpeed,FlareBlitz,RockSlide|||M|||50|,,,,,Grass]Gholdengo||LifeOrb|GoodasGold|Protect,NastyPlot,MakeItRain,ShadowBall||||||50|,,,,,Flying]Electabuzz||Eviolite|VitalSpirit|Protect,FollowMe,Taunt,Electroweb|||M|||50|,,,,,Dragon]Indeedee||FocusSash|PsychicSurge|Protect,TrickRoom,ExpandingForce,TeraBlast|||M|||50|,,,,,Ground]Sneasler||PsychicSeed|Unburden|Protect,ThroatChop,DireClaw,CloseCombat|||F|||50|,,,,,Dark
|
|t:|1756318383
|teamsize|p1|4
|teamsize|p2|4
|start
|switch|p1a: Maushold|Maushold, L50|100/100
|switch|p1b: Kommo-o|Kommo-o, L50, F|100/100
|switch|p2a: Indeedee|Indeedee, L50, M|100/100
|switch|p2b: Sneasler|Sneasler, L50, F|100/100
|-fieldstart|move: Psychic Terrain|[from] ability: Psychic Surge|[of] p2a: Indeedee
|-enditem|p2b: Sneasler|Psychic Seed
|-boost|p2b: Sneasler|spd|1|[from] item: Psychic Seed
|turn|1
|
|t:|1756318408
|-terastallize|p1a: Maushold|Ghost
|move|p2b: Sneasler|Throat Chop|p1a: Maushold
|-supereffective|p1a: Maushold
|-damage|p1a: Maushold|9/100
|-start|p1a: Maushold|Throat Chop|[silent]
|move|p1a: Maushold|Population Bomb|p2a: Indeedee
|-damage|p2a: Indeedee|85/100
|-damage|p2a: Indeedee|71/100
|-damage|p2a: Indeedee|55/100
|-damage|p2a: Indeedee|39/100
|-damage|p2a: Indeedee|25/100
|-damage|p2a: Indeedee|9/100
|-damage|p2a: Indeedee|0 fnt
|faint|p2a: Indeedee
|-hitcount|p2: Indeedee|7
|move|p1b: Kommo-o|Clangorous Soul|p1b: Kommo-o
|-boost|p1b: Kommo-o|atk|1
|-boost|p1b: Kommo-o|def|1
|-boost|p1b: Kommo-o|spa|1
|-boost|p1b: Kommo-o|spd|1
|-boost|p1b: Kommo-o|spe|1
|-damage|p1b: Kommo-o|68/100
|-enditem|p1b: Kommo-o|Throat Spray
|-boost|p1b: Kommo-o|spa|1|[from] item: Throat Spray
|
|upkeep
|
|t:|1756318416
|switch|p2a: Arcanine|Arcanine-Hisui, L50, M|100/100
|-ability|p2a: Arcanine|Intimidate|boost
|-unboost|p1a: Maushold|atk|1
|-unboost|p1b: Kommo-o|atk|1
|turn|2
|
|t:|1756318438
|-terastallize|p2b: Sneasler|Dark
|move|p2a: Arcanine|Protect|p2a: Arcanine
|-singleturn|p2a: Arcanine|Protect
|move|p1a: Maushold|Follow Me|p1a: Maushold
|-singleturn|p1a: Maushold|move: Follow Me
|move|p2b: Sneasler|Throat Chop|p1a: Maushold
|-supereffective|p1a: Maushold
|-damage|p1a: Maushold|0 fnt
|faint|p1a: Maushold
|move|p1b: Kommo-o|Boomburst|p2b: Sneasler|[spread] p2b
|-activate|p2a: Arcanine|move: Protect
|-damage|p2b: Sneasler|51/100
|
|upkeep
|
|t:|1756318451
|switch|p1a: Sinistcha|Sinistcha, L50|100/100
|-heal|p1b: Kommo-o|93/100|[from] ability: Hospitality|[of] p1a: Sinistcha
|turn|3
|
|t:|1756318479
|move|p2b: Sneasler|Protect|p2b: Sneasler
|-singleturn|p2b: Sneasler|Protect
|move|p1a: Sinistcha|Rage Powder|p1a: Sinistcha
|-singleturn|p1a: Sinistcha|move: Rage Powder
|move|p1b: Kommo-o|Clanging Scales|p2b: Sneasler|[spread] p2a
|-activate|p2b: Sneasler|move: Protect
|-damage|p2a: Arcanine|27/100
|-unboost|p1b: Kommo-o|def|1
|move|p2a: Arcanine|Flare Blitz|p1a: Sinistcha
|-supereffective|p1a: Sinistcha
|-damage|p1a: Sinistcha|4/100
|-damage|p2a: Arcanine|10/100|[from] item: Rocky Helmet|[of] p1a: Sinistcha
|-damage|p2a: Arcanine|0 fnt|[from] Recoil
|faint|p2a: Arcanine
|
|upkeep
|
|t:|1756318495
|switch|p2a: Hydrapple|Hydrapple, L50, F|100/100
|turn|4
|
|t:|1756318504
|move|p1a: Sinistcha|Rage Powder|p1a: Sinistcha
|-singleturn|p1a: Sinistcha|move: Rage Powder
|move|p2b: Sneasler|Dire Claw|p1a: Sinistcha
|-damage|p1a: Sinistcha|0 fnt
|-damage|p2b: Sneasler|35/100|[from] item: Rocky Helmet|[of] p1a: Sinistcha
|faint|p1a: Sinistcha
|move|p1b: Kommo-o|Clanging Scales|p2b: Sneasler|[spread] p2a,p2b
|-supereffective|p2a: Hydrapple
|-crit|p2b: Sneasler
|-damage|p2a: Hydrapple|20/100
|-damage|p2b: Sneasler|0 fnt
|faint|p2b: Sneasler
|-unboost|p1b: Kommo-o|def|1
|move|p2a: Hydrapple|Fickle Beam|p1b: Kommo-o
|-supereffective|p1b: Kommo-o
|-damage|p1b: Kommo-o|42/100
|
|upkeep
|
|t:|1756318513
|switch|p1a: Talonflame|Talonflame, L50, F|100/100
|turn|5
|
|t:|1756318522
|move|p1a: Talonflame|Flare Blitz|p2a: Hydrapple
|-damage|p2a: Hydrapple|0 fnt
|faint|p2a: Hydrapple
|-damage|p1a: Talonflame|92/100|[from] Recoil
|
|win|Cyclosz
|c|☆Cyclosz|Ggwp
