|j|☆po1510
|j|☆MasterJalan
|html|po1510MasterJalan    
|uhtml|bestof|Game 2 of a best-of-3
|t:|1785945387
|gametype|doubles
|player|p1|po1510|liko|1255
|player|p2|MasterJalan|argenta|1162
|gen|9
|tier|[Gen 9 Champions] VGC 2026 Reg M-B (Bo3)
|rated|
|rule|Species Clause: Limit one of each Pokémon
|rule|Item Clause: Limit 1 of each item
|clearpoke
|poke|p1|Farigiraf, L50, F|
|poke|p1|Blaziken, L50, M|
|poke|p1|Basculegion, L50, M|
|poke|p1|Venusaur, L50, M|
|poke|p1|Kingambit, L50, M|
|poke|p1|Ninetales-Alola, L50, M|
|poke|p2|Alcremie-Ruby-Swirl, L50, F|
|poke|p2|Sneasler, L50, M|
|poke|p2|Farigiraf, L50, F, shiny|
|poke|p2|Kingambit, L50, M, shiny|
|poke|p2|Froslass, L50, F|
|poke|p2|Aerodactyl, L50, F, shiny|
|teampreview|4
|showteam|p1|Farigiraf||SitrusBerry|ArmorTail|HelpingHand,Psychic,Thunderbolt,TrickRoom|Bold||F|||50|]Blaziken||Blazikenite|SpeedBoost|CloseCombat,Detect,FlareBlitz,RockSlide|Adamant||M|||50|]Basculegion||LifeOrb|Adaptability|Protect,WaveCrash,LastRespects,AquaJet|Adamant||M|||50|]Venusaur||Venusaurite|Chlorophyll|Protect,SludgeBomb,EarthPower,GigaDrain|Modest||M|||50|]Kingambit||ChopleBerry|Defiant|KowtowCleave,IronHead,SuckerPunch,LowKick|Adamant||M|||50|]Ninetales-Alola||LightClay|SnowWarning|Blizzard,AuroraVeil,Encore,Protect|Timid||M|||50|
|showteam|p2|Alcremie-Ruby-Swirl||MentalHerb|SweetVeil|Decorate,Protect,Encore,DazzlingGleam|Relaxed||F|||50|]Sneasler||FocusSash|Unburden|DireClaw,CloseCombat,FakeOut,Coaching|Jolly||M|||50|]Farigiraf||SitrusBerry|ArmorTail|TrickRoom,HyperVoice,Psychic,HelpingHand|Sassy||F|||50|]Kingambit||ChopleBerry|Defiant|SwordsDance,SuckerPunch,KowtowCleave,IronHead|Brave||M|||50|]Froslass||Froslassite|SnowCloak|AuroraVeil,Blizzard,ShadowBall,Protect|Timid||F|||50|]Aerodactyl||ChoiceScarf|Unnerve|RockSlide,DualWingbeat,StoneEdge,ThunderFang|Adamant||F|||50|
|inactive|Battle timer is ON: inactive players will automatically lose when time's up. (requested by po1510)
|
|t:|1785945412
|teamsize|p1|4
|teamsize|p2|4
|start
|switch|p1a: Basculegion|Basculegion, L50, M|100/100
|switch|p1b: Blaziken|Blaziken, L50, M|100/100
|switch|p2a: Ahh choo|Sneasler, L50, M|100/100
|switch|p2b: White gurl|Froslass, L50, F|100/100
|turn|1
|inactive|po1510 has 30 seconds left.
|
|t:|1785945441
|detailschange|p2b: White gurl|Froslass-Mega, L50, F
|-mega|p2b: White gurl|Froslass|Froslassite
|-weather|Snowscape|[from] ability: Snow Warning|[of] p2b: White gurl
|detailschange|p1b: Blaziken|Blaziken-Mega, L50, M
|-mega|p1b: Blaziken|Blaziken|Blazikenite
|move|p2a: Ahh choo|Coaching|p2b: White gurl
|-boost|p2b: White gurl|atk|1
|-boost|p2b: White gurl|def|1
|move|p2b: White gurl|Aurora Veil|p2b: White gurl
|-sidestart|p2: MasterJalan|move: Aurora Veil
|move|p1b: Blaziken|Flare Blitz|p2b: White gurl
|-supereffective|p2b: White gurl|1
|-damage|p2b: White gurl|28/100
|-damage|p1b: Blaziken|77/100|[from] Recoil
|move|p1a: Basculegion|Wave Crash|p2a: Ahh choo
|-enditem|p2a: Ahh choo|Focus Sash
|-damage|p2a: Ahh choo|1/100
|-damage|p1a: Basculegion|75/100|[from] Recoil
|-damage|p1a: Basculegion|66/100|[from] item: Life Orb
|
|-weather|Snowscape|[upkeep]
|-ability|p1b: Blaziken|Speed Boost|boost
|-boost|p1b: Blaziken|spe|1
|upkeep
|turn|2
|inactive|MasterJalan has 30 seconds left.
|inactive|MasterJalan has 20 seconds left.
|
|t:|1785945477
|switch|p2a: Pressure|Kingambit, L50, M, shiny|100/100
|move|p2b: White gurl|Protect|p2b: White gurl
|-singleturn|p2b: White gurl|Protect
|move|p1a: Basculegion|Aqua Jet|p2a: Pressure
|-damage|p2a: Pressure|84/100
|-damage|p1a: Basculegion|56/100|[from] item: Life Orb
|move|p1b: Blaziken|Flare Blitz|p2b: White gurl
|-activate|p2b: White gurl|move: Protect
|
|-weather|Snowscape|[upkeep]
|-ability|p1b: Blaziken|Speed Boost|boost
|-boost|p1b: Blaziken|spe|1
|upkeep
|turn|3
|inactive|po1510 has 30 seconds left.
|inactive|MasterJalan has 30 seconds left.
|inactive|po1510 has 20 seconds left.
|inactive|MasterJalan has 20 seconds left.
|inactive|po1510 has 15 seconds left.
|
|t:|1785945520
|switch|p2b: 2 for flinching|Aerodactyl, L50, F, shiny|100/100
|-ability|p2b: 2 for flinching|Unnerve
|move|p1a: Basculegion|Protect|p1a: Basculegion
|-singleturn|p1a: Basculegion|Protect
|move|p2a: Pressure|Sucker Punch||[still]
|-fail|p2a: Pressure
|move|p1b: Blaziken|Close Combat|p2a: Pressure
|-supereffective|p2a: Pressure|2
|-enditem|p2a: Pressure|Chople Berry|[eat]
|-enditem|p2a: Pressure|Chople Berry|[weaken]
|-damage|p2a: Pressure|4/100
|-unboost|p1b: Blaziken|def|1
|-unboost|p1b: Blaziken|spd|1
|
|-weather|Snowscape|[upkeep]
|-ability|p1b: Blaziken|Speed Boost|boost
|-boost|p1b: Blaziken|spe|1
|upkeep
|turn|4
|inactive|MasterJalan has 30 seconds left.
|
|t:|1785945548
|switch|p1b: Farigiraf|Farigiraf, L50, F|100/100
|move|p1a: Basculegion|Aqua Jet|p2a: Pressure
|-damage|p2a: Pressure|0 fnt
|faint|p2a: Pressure
|-damage|p1a: Basculegion|46/100|[from] item: Life Orb
|move|p2b: 2 for flinching|Dual Wingbeat|p1b: Farigiraf|[miss]
|-miss|p2b: 2 for flinching|p1b: Farigiraf
|
|-weather|Snowscape|[upkeep]
|upkeep
|
|t:|1785945563
|switch|p2a: White gurl|Froslass-Mega, L50, F|28/100
|turn|5
|inactive|po1510 has 30 seconds left.
|
|t:|1785945592
|move|p1a: Basculegion|Protect|p1a: Basculegion
|-singleturn|p1a: Basculegion|Protect
|move|p2b: 2 for flinching|Dual Wingbeat|p1a: Basculegion
|-activate|p1a: Basculegion|move: Protect
|move|p2a: White gurl|Blizzard|p1a: Basculegion|[spread] p1b
|-activate|p1a: Basculegion|move: Protect
|-damage|p1b: Farigiraf|56/100
|move|p1b: Farigiraf|Trick Room|p1b: Farigiraf
|-fieldstart|move: Trick Room|[of] p1b: Farigiraf
|
|-weather|none
|-sideend|p2: MasterJalan|move: Aurora Veil
|upkeep
|turn|6
|inactive|MasterJalan has 30 seconds left.
|
|t:|1785945620
|switch|p2a: Ahh choo|Sneasler, L50, M|1/100
|move|p1b: Farigiraf|Psychic|p2a: Ahh choo
|-supereffective|p2a: Ahh choo|2
|-damage|p2a: Ahh choo|0 fnt
|faint|p2a: Ahh choo
|move|p1a: Basculegion|Wave Crash|p2b: 2 for flinching
|-supereffective|p2b: 2 for flinching|1
|-damage|p2b: 2 for flinching|0 fnt
|faint|p2b: 2 for flinching
|-damage|p1a: Basculegion|22/100|[from] Recoil
|-damage|p1a: Basculegion|12/100|[from] item: Life Orb
|
|upkeep
|
|t:|1785945630
|switch|p2a: White gurl|Froslass-Mega, L50, F|28/100
|-weather|Snowscape|[from] ability: Snow Warning|[of] p2a: White gurl
|turn|7
|
|t:|1785945645
|move|p2a: White gurl|Protect|p2a: White gurl
|-singleturn|p2a: White gurl|Protect
|move|p1b: Farigiraf|Psychic|p2a: White gurl
|-activate|p2a: White gurl|move: Protect
|move|p1a: Basculegion|Last Respects|p2a: White gurl
|-activate|p2a: White gurl|move: Protect
|
|-weather|Snowscape|[upkeep]
|upkeep
|turn|8
|
|t:|1785945656
|move|p1b: Farigiraf|Psychic|p2a: White gurl
|-damage|p2a: White gurl|0 fnt
|faint|p2a: White gurl
|
|win|po1510
|raw|po1510's rating: 1255 → 1273(+18 for winning)
|raw|MasterJalan's rating: 1162 → 1144(-18 for losing)
