|j|☆milkandcereals
|j|☆maish
|html|milkandcerealsmaish    
|uhtml|bestof|Game 1 of a best-of-3
|t:|1756650347
|gametype|doubles
|player|p1|milkandcereals|blue|
|player|p2|maish|veteran|
|gen|9
|tier|[Gen 9] VGC 2025 Reg H (Bo3)
|rule|Species Clause: Limit one of each Pokémon
|rule|Item Clause: Limit 1 of each item
|clearpoke
|poke|p1|Porygon2, L50|
|poke|p1|Rillaboom, L50, M|
|poke|p1|Ursaluna, L50, F|
|poke|p1|Jumpluff, L50, M|
|poke|p1|Charizard, L50, F|
|poke|p1|Torkoal, L50, M|
|poke|p2|Pelipper, L50, M|
|poke|p2|Archaludon, L50, M|
|poke|p2|Basculegion, L50, M|
|poke|p2|Amoonguss, L50, F|
|poke|p2|Incineroar, L50, M|
|poke|p2|Gholdengo, L50|
|teampreview|4
|showteam|p1|Porygon2||Eviolite|Download|TeraBlast,IceBeam,TrickRoom,Recover||||||50|,,,,,Fighting]Rillaboom||AssaultVest|GrassySurge|FakeOut,GrassyGlide,WoodHammer,HighHorsepower|||M|||50|,,,,,Water]Ursaluna||FlameOrb|Guts|Protect,Facade,Earthquake,HeadlongRush|||F|||50|,,,,,Ghost]Jumpluff||CovertCloak|Chlorophyll|SleepPowder,SunnyDay,Tailwind,RagePowder|||M|||50|,,,,,Fire]Charizard||ChoiceSpecs|SolarPower|HeatWave,Overheat,WeatherBall,DragonPulse|||F|||50|,,,,,Ghost]Torkoal||EjectPack|Drought|Overheat,Eruption,HelpingHand,Protect|||M|||50|,,,,,Fire
|showteam|p2|Pelipper||FocusSash|Drizzle|WeatherBall,Hurricane,Tailwind,Protect|||M|||50|,,,,,Ghost]Archaludon||AssaultVest|Stamina|DragonPulse,ElectroShot,Snarl,BodyPress|||M|||50|,,,,,Grass]Basculegion||ChoiceBand|SwiftSwim|WaveCrash,AquaJet,LastRespects,FlipTurn|||M|||50|,,,,,Grass]Amoonguss||RockyHelmet|Regenerator|RagePowder,PollenPuff,Spore,Protect|||F|||50|,,,,,Water]Incineroar||SafetyGoggles|Intimidate|FakeOut,FlareBlitz,PartingShot,KnockOff|||M|||50|,,,,,Water]Gholdengo||LifeOrb|GoodasGold|MakeItRain,ShadowBall,NastyPlot,Protect||||||50|,,,,,Dragon
|inactive|Battle timer is ON: inactive players will automatically lose when time's up. (requested by milkandcereals)
|inactive|milkandcereals has 60 seconds left.
|inactive|milkandcereals has 30 seconds left.
|inactive|milkandcereals has 20 seconds left.
|inactive|milkandcereals has 15 seconds left.
|
|t:|1756650431
|teamsize|p1|4
|teamsize|p2|4
|start
|switch|p1a: Jumpluff|Jumpluff, L50, M|100/100
|switch|p1b: Charizard|Charizard, L50, F|100/100
|switch|p2a: Gholdengo|Gholdengo, L50|100/100
|switch|p2b: Amoonguss|Amoonguss, L50, F, shiny|100/100
|turn|1
|inactive|milkandcereals has 30 seconds left.
|inactive|maish has 30 seconds left.
|inactive|milkandcereals has 20 seconds left.
|inactive|maish has 20 seconds left.
|inactive|milkandcereals has 15 seconds left.
|inactive|maish has 15 seconds left.
|inactive|milkandcereals has 10 seconds left.
|inactive|maish has 10 seconds left.
|inactive|milkandcereals has 5 seconds left.
|inactive|maish has 5 seconds left.
|
|t:|1756650484
|switch|p2a: Pelipper|Pelipper, L50, M, shiny|100/100
|-weather|RainDance|[from] ability: Drizzle|[of] p2a: Pelipper
|move|p1a: Jumpluff|Sleep Powder|p2b: Amoonguss
|-immune|p2b: Amoonguss
|move|p1b: Charizard|Heat Wave|p2a: Pelipper|[spread] p2a,p2b
|-resisted|p2a: Pelipper
|-supereffective|p2b: Amoonguss
|-damage|p2a: Pelipper|78/100
|-damage|p2b: Amoonguss|60/100
|-status|p2a: Pelipper|brn
|move|p2b: Amoonguss|Spore|p1b: Charizard
|-status|p1b: Charizard|slp|[from] move: Spore
|
|-weather|RainDance|[upkeep]
|-damage|p2a: Pelipper|72/100 brn|[from] brn
|upkeep
|turn|2
|inactive|milkandcereals has 30 seconds left.
|inactive|maish has 30 seconds left.
|inactive|milkandcereals has 20 seconds left.
|
|t:|1756650522
|-terastallize|p1a: Jumpluff|Fire
|move|p1a: Jumpluff|Sunny Day|p1a: Jumpluff
|-weather|SunnyDay
|cant|p1b: Charizard|slp
|move|p2a: Pelipper|Hurricane|p1a: Jumpluff
|-damage|p1a: Jumpluff|45/100
|move|p2b: Amoonguss|Spore|p1a: Jumpluff
|-status|p1a: Jumpluff|slp|[from] move: Spore
|
|-weather|SunnyDay|[upkeep]
|-damage|p1b: Charizard|88/100 slp|[from] ability: Solar Power|[of] p1b: Charizard
|-damage|p2a: Pelipper|66/100 brn|[from] brn
|upkeep
|turn|3
|inactive|milkandcereals has 30 seconds left.
|inactive|maish has 30 seconds left.
|
|t:|1756650555
|switch|p2a: Basculegion|Basculegion, L50, M, shiny|100/100
|move|p2b: Amoonguss|Protect|p2b: Amoonguss
|-singleturn|p2b: Amoonguss|Protect
|cant|p1a: Jumpluff|slp
|cant|p1b: Charizard|slp
|
|-weather|SunnyDay|[upkeep]
|-damage|p1b: Charizard|76/100 slp|[from] ability: Solar Power|[of] p1b: Charizard
|upkeep
|turn|4
|inactive|milkandcereals has 30 seconds left.
|inactive|maish has 30 seconds left.
|inactive|milkandcereals has 20 seconds left.
|inactive|milkandcereals has 15 seconds left.
|
|t:|1756650598
|switch|p1b: Rillaboom|Rillaboom, L50, M|100/100
|-fieldstart|move: Grassy Terrain|[from] ability: Grassy Surge|[of] p1b: Rillaboom
|switch|p2b: Pelipper|Pelipper, L50, M, shiny|66/100 brn
|-weather|RainDance|[from] ability: Drizzle|[of] p2b: Pelipper
|-terastallize|p2a: Basculegion|Grass
|move|p2a: Basculegion|Flip Turn|p1b: Rillaboom
|-resisted|p1b: Rillaboom
|-damage|p1b: Rillaboom|66/100
|
|t:|1756650607
|switch|p2a: Gholdengo|Gholdengo, L50|100/100|[from] Flip Turn
|cant|p1a: Jumpluff|slp
|
|-weather|RainDance|[upkeep]
|-heal|p1a: Jumpluff|51/100 slp|[from] Grassy Terrain
|-heal|p1b: Rillaboom|72/100|[from] Grassy Terrain
|-damage|p2b: Pelipper|60/100 brn|[from] brn
|upkeep
|turn|5
|inactive|milkandcereals has 30 seconds left.
|
|t:|1756650639
|switch|p2b: Amoonguss|Amoonguss, L50, F, shiny|93/100
|move|p1b: Rillaboom|Fake Out|p2b: Amoonguss
|-damage|p2b: Amoonguss|83/100
|-damage|p1b: Rillaboom|56/100|[from] item: Rocky Helmet|[of] p2b: Amoonguss
|cant|p1a: Jumpluff|slp
|move|p2a: Gholdengo|Shadow Ball|p1a: Jumpluff
|-damage|p1a: Jumpluff|0 fnt
|faint|p1a: Jumpluff
|-damage|p2a: Gholdengo|91/100|[from] item: Life Orb
|
|-weather|RainDance|[upkeep]
|-heal|p2a: Gholdengo|97/100|[from] Grassy Terrain
|-heal|p1b: Rillaboom|61/100|[from] Grassy Terrain
|-heal|p2b: Amoonguss|89/100|[from] Grassy Terrain
|upkeep
|
|t:|1756650650
|switch|p1a: Ursaluna|Ursaluna, L50, F|100/100
|turn|6
|inactive|milkandcereals has 30 seconds left.
|
|t:|1756650681
|switch|p1b: Charizard|Charizard, L50, F|76/100 slp
|move|p1a: Ursaluna|Protect|p1a: Ursaluna
|-singleturn|p1a: Ursaluna|Protect
|move|p2a: Gholdengo|Nasty Plot|p2a: Gholdengo
|-boost|p2a: Gholdengo|spa|2
|move|p2b: Amoonguss|Spore|p1a: Ursaluna
|-activate|p1a: Ursaluna|move: Protect
|
|-weather|RainDance|[upkeep]
|-heal|p2a: Gholdengo|100/100|[from] Grassy Terrain
|-heal|p2b: Amoonguss|95/100|[from] Grassy Terrain
|-status|p1a: Ursaluna|brn|[from] item: Flame Orb
|upkeep
|turn|7
|inactive|milkandcereals has 30 seconds left.
|inactive|milkandcereals has 20 seconds left.
|inactive|maish has 30 seconds left.
|inactive|milkandcereals has 15 seconds left.
|
|t:|1756650726
|-curestatus|p1b: Charizard|slp|[msg]
|move|p1b: Charizard|Overheat|p2a: Gholdengo
|-supereffective|p2a: Gholdengo
|-damage|p2a: Gholdengo|17/100
|-unboost|p1b: Charizard|spa|2
|move|p2a: Gholdengo|Make It Rain|p1a: Ursaluna|[spread] p1a,p1b
|-resisted|p1b: Charizard
|-crit|p1b: Charizard
|-damage|p1a: Ursaluna|0 fnt
|-damage|p1b: Charizard|0 fnt
|-unboost|p2a: Gholdengo|spa|1
|faint|p1a: Ursaluna
|faint|p1b: Charizard
|-damage|p2a: Gholdengo|7/100|[from] item: Life Orb
|move|p2b: Amoonguss|Pollen Puff|p2a: Gholdengo
|-heal|p2a: Gholdengo|56/100
|
|-weather|RainDance|[upkeep]
|-heal|p2a: Gholdengo|63/100|[from] Grassy Terrain
|-heal|p2b: Amoonguss|100/100|[from] Grassy Terrain
|upkeep
|
|t:|1756650734
|switch|p1b: Rillaboom|Rillaboom, L50, M|61/100
|turn|8
|-message|milkandcereals forfeited.
|
|win|maish
