|j|☆patata navidenya
|j|☆ur1ryanpowney
|html|patata navidenyaur1ryanpowney    
|uhtml|bestof|Game 1 of a best-of-3
|t:|1757242809
|gametype|doubles
|player|p1|patata navidenya|cilan|1312
|player|p2|ur1ryanpowney|nate|1273
|gen|9
|tier|[Gen 9] VGC 2025 Reg H (Bo3)
|rated|
|rule|Species Clause: Limit one of each Pokémon
|rule|Item Clause: Limit 1 of each item
|clearpoke
|poke|p1|Grimmsnarl, L50, M|
|poke|p1|Ursaluna-Bloodmoon, L50, M|
|poke|p1|Volcarona, L50, M|
|poke|p1|Dragonite, L50, M|
|poke|p1|Annihilape, L50, F|
|poke|p1|Sinistcha, L50|
|poke|p2|Incineroar, L50, F|
|poke|p2|Amoonguss, L50, F|
|poke|p2|Porygon2, L50|
|poke|p2|Indeedee, L50, M|
|poke|p2|Kommo-o, L50, M|
|poke|p2|Ursaluna, L50, M|
|teampreview|4
|showteam|p1|Grimmsnarl||LightClay|Prankster|SpiritBreak,Reflect,LightScreen,MistyTerrain|||M|||50|,,,,,Ghost]Ursaluna-Bloodmoon||AssaultVest|MindsEye|HyperVoice,BloodMoon,EarthPower,VacuumWave|||M|||50|,,,,,Ghost]Volcarona||CovertCloak|FlameBody|Protect,QuiverDance,HeatWave,TeraBlast|||M|||50|,,,,,Fairy]Dragonite||LoadedDice|Multiscale|Tailwind,ScaleShot,Haze,Protect|||M|||50|,,,,,Fairy]Annihilape||SafetyGoggles|Defiant|Protect,RageFist,DrainPunch,BulkUp|||F|||50|,,,,,Water]Sinistcha||SitrusBerry|Hospitality|MatchaGotcha,ShadowBall,RagePowder,LifeDew||||||50|,,,,,Electric
|showteam|p2|Incineroar||SafetyGoggles|Intimidate|FakeOut,Snarl,PartingShot,FlareBlitz|||F|||50|,,,,,Water]Amoonguss||SitrusBerry|Regenerator|Spore,PollenPuff,RagePowder,ClearSmog|||F|||50|,,,,,Water]Porygon2||Eviolite|Download|TeraBlast,IceBeam,TrickRoom,Recover||||||50|,,,,,Fighting]Indeedee||ChoiceScarf|PsychicSurge|ExpandingForce,Trick,HelpingHand,DazzlingGleam|||M|||50|,,,,,Psychic]Kommo-o||ThroatSpray|Overcoat|ClangorousSoul,ClangingScales,Protect,Flamethrower|||M|||50|,,,,,Fire]Ursaluna||FlameOrb|Guts|Facade,Earthquake,Protect,HeadlongRush|||M|||50|,,,,,Normal
|inactive|Battle timer is ON: inactive players will automatically lose when time's up. (requested by patata navidenya)
|inactive|patata navidenya has 60 seconds left.
|inactive|ur1ryanpowney has 60 seconds left.
|inactive|ur1ryanpowney has 30 seconds left.
|inactive|ur1ryanpowney has 20 seconds left.
|inactive|ur1ryanpowney has 15 seconds left.
|inactive|ur1ryanpowney has 10 seconds left.
|
|t:|1757242894
|teamsize|p1|4
|teamsize|p2|4
|start
|switch|p1a: Grimmsnarl|Grimmsnarl, L50, M|100/100
|switch|p1b: Ursaluna|Ursaluna-Bloodmoon, L50, M|100/100
|switch|p2a: Incineroar|Incineroar, L50, F|100/100
|switch|p2b: Indeedee|Indeedee, L50, M|100/100
|-fieldstart|move: Psychic Terrain|[from] ability: Psychic Surge|[of] p2b: Indeedee
|-ability|p2a: Incineroar|Intimidate|boost
|-unboost|p1a: Grimmsnarl|atk|1
|-unboost|p1b: Ursaluna|atk|1
|turn|1
|inactive|patata navidenya has 30 seconds left.
|inactive|ur1ryanpowney has 30 seconds left.
|
|t:|1757242927
|switch|p2b: Porygon2|Porygon2, L50|100/100
|-ability|p2b: Porygon2|Download|boost
|-boost|p2b: Porygon2|spa|1
|move|p1a: Grimmsnarl|Light Screen|p1a: Grimmsnarl
|-sidestart|p1: patata navidenya|move: Light Screen
|move|p2a: Incineroar|Snarl|p1b: Ursaluna|[spread] p1a,p1b
|-resisted|p1a: Grimmsnarl
|-damage|p1a: Grimmsnarl|99/100
|-damage|p1b: Ursaluna|96/100
|-unboost|p1a: Grimmsnarl|spa|1
|-unboost|p1b: Ursaluna|spa|1
|move|p1b: Ursaluna|Blood Moon|p2a: Incineroar
|-damage|p2a: Incineroar|54/100
|
|upkeep
|turn|2
|
|t:|1757242948
|switch|p1b: Volcarona|Volcarona, L50, M, shiny|100/100
|move|p2a: Incineroar|Parting Shot|p1b: Volcarona
|-unboost|p1b: Volcarona|atk|1
|-unboost|p1b: Volcarona|spa|1
|
|t:|1757242955
|switch|p2a: Ursaluna|Ursaluna, L50, M|100/100|[from] Parting Shot
|move|p1a: Grimmsnarl|Spirit Break|p2b: Porygon2
|-crit|p2b: Porygon2
|-damage|p2b: Porygon2|73/100
|-unboost|p2b: Porygon2|spa|1
|move|p2b: Porygon2|Trick Room|p2b: Porygon2
|-fieldstart|move: Trick Room|[of] p2b: Porygon2
|
|-status|p2a: Ursaluna|brn|[from] item: Flame Orb
|upkeep
|turn|3
|inactive|ur1ryanpowney has 30 seconds left.
|
|t:|1757242980
|move|p1a: Grimmsnarl|Reflect|p1a: Grimmsnarl
|-sidestart|p1: patata navidenya|Reflect
|move|p2a: Ursaluna|Headlong Rush|p1a: Grimmsnarl
|-damage|p1a: Grimmsnarl|22/100
|-unboost|p2a: Ursaluna|def|1
|-unboost|p2a: Ursaluna|spd|1
|move|p2b: Porygon2|Ice Beam|p1a: Grimmsnarl
|-damage|p1a: Grimmsnarl|8/100
|move|p1b: Volcarona|Heat Wave|p2b: Porygon2|[spread] p2a,p2b
|-crit|p2a: Ursaluna
|-damage|p2a: Ursaluna|32/100 brn
|-damage|p2b: Porygon2|59/100
|
|-damage|p2a: Ursaluna|26/100 brn|[from] brn
|upkeep
|turn|4
|inactive|patata navidenya has 30 seconds left.
|
|t:|1757243008
|-terastallize|p2a: Ursaluna|Normal
|move|p2a: Ursaluna|Facade|p1b: Volcarona
|-damage|p1b: Volcarona|0 fnt
|faint|p1b: Volcarona
|move|p2b: Porygon2|Ice Beam|p1a: Grimmsnarl
|-damage|p1a: Grimmsnarl|0 fnt
|faint|p1a: Grimmsnarl
|
|-damage|p2a: Ursaluna|20/100 brn|[from] brn
|upkeep
|
|t:|1757243018
|switch|p1a: Ursaluna|Ursaluna-Bloodmoon, L50, M|96/100
|switch|p1b: Sinistcha|Sinistcha, L50, shiny|100/100
|-heal|p1a: Ursaluna|100/100|[from] ability: Hospitality|[of] p1b: Sinistcha
|turn|5
|inactive|ur1ryanpowney has 30 seconds left.
|inactive|ur1ryanpowney has 20 seconds left.
|
|t:|1757243057
|move|p1b: Sinistcha|Rage Powder|p1b: Sinistcha
|-singleturn|p1b: Sinistcha|move: Rage Powder
|move|p2a: Ursaluna|Headlong Rush|p1b: Sinistcha
|-resisted|p1b: Sinistcha
|-damage|p1b: Sinistcha|67/100
|-unboost|p2a: Ursaluna|def|1
|-unboost|p2a: Ursaluna|spd|1
|move|p2b: Porygon2|Ice Beam|p1b: Sinistcha
|-supereffective|p1b: Sinistcha
|-damage|p1b: Sinistcha|39/100
|-enditem|p1b: Sinistcha|Sitrus Berry|[eat]
|-heal|p1b: Sinistcha|63/100|[from] item: Sitrus Berry
|move|p1a: Ursaluna|Hyper Voice|p2a: Ursaluna|[spread] p2a,p2b
|-damage|p2a: Ursaluna|0 fnt
|-damage|p2b: Porygon2|39/100
|faint|p2a: Ursaluna
|
|-fieldend|move: Psychic Terrain
|upkeep
|
|t:|1757243075
|switch|p2a: Incineroar|Incineroar, L50, F|54/100
|-ability|p2a: Incineroar|Intimidate|boost
|-unboost|p1a: Ursaluna|atk|1
|-unboost|p1b: Sinistcha|atk|1
|turn|6
|
|t:|1757243094
|-terastallize|p1a: Ursaluna|Ghost
|move|p2a: Incineroar|Fake Out|p1a: Ursaluna
|-immune|p1a: Ursaluna
|move|p2b: Porygon2|Recover|p2b: Porygon2
|-heal|p2b: Porygon2|89/100
|move|p1a: Ursaluna|Earth Power|p2a: Incineroar
|-supereffective|p2a: Incineroar
|-damage|p2a: Incineroar|0 fnt
|faint|p2a: Incineroar
|move|p1b: Sinistcha|Matcha Gotcha|p2b: Porygon2
|-damage|p2b: Porygon2|70/100
|-heal|p1b: Sinistcha|74/100|[from] drain|[of] p2b: Porygon2
|
|-fieldend|move: Trick Room
|upkeep
|
|t:|1757243108
|switch|p2a: Indeedee|Indeedee, L50, M|100/100
|-fieldstart|move: Psychic Terrain|[from] ability: Psychic Surge|[of] p2a: Indeedee
|turn|7
|
|t:|1757243121
|move|p2a: Indeedee|Expanding Force|p1a: Ursaluna|[spread] p1a,p1b
|-damage|p1a: Ursaluna|75/100
|-damage|p1b: Sinistcha|39/100
|move|p1b: Sinistcha|Life Dew|p1b: Sinistcha|[spread] p1a,p1b
|-heal|p1a: Ursaluna|100/100
|-heal|p1b: Sinistcha|65/100
|move|p1a: Ursaluna|Blood Moon|p2a: Indeedee
|-damage|p2a: Indeedee|5/100
|move|p2b: Porygon2|Ice Beam|p1b: Sinistcha
|-supereffective|p1b: Sinistcha
|-damage|p1b: Sinistcha|35/100
|
|upkeep
|turn|8
|inactive|ur1ryanpowney has 30 seconds left.
|inactive|ur1ryanpowney has 20 seconds left.
|
|t:|1757243160
|move|p2a: Indeedee|Expanding Force|p1b: Sinistcha|[spread] p1a,p1b
|-damage|p1a: Ursaluna|76/100
|-damage|p1b: Sinistcha|2/100
|move|p1b: Sinistcha|Life Dew|p1b: Sinistcha|[spread] p1a,p1b
|-heal|p1a: Ursaluna|100/100
|-heal|p1b: Sinistcha|27/100
|move|p1a: Ursaluna|Hyper Voice|p2a: Indeedee|[spread] p2a,p2b
|-damage|p2a: Indeedee|0 fnt
|-damage|p2b: Porygon2|49/100
|faint|p2a: Indeedee
|move|p2b: Porygon2|Recover|p2b: Porygon2
|-heal|p2b: Porygon2|99/100
|
|-sideend|p1: patata navidenya|move: Light Screen
|upkeep
|turn|9
|
|t:|1757243181
|move|p1b: Sinistcha|Life Dew||[still]|[spread] p1a,p1b
|-fail|p1a: Ursaluna|heal
|-heal|p1b: Sinistcha|52/100
|move|p1a: Ursaluna|Blood Moon|p2b: Porygon2
|-damage|p2b: Porygon2|52/100
|move|p2b: Porygon2|Trick Room|p2b: Porygon2
|-fieldstart|move: Trick Room|[of] p2b: Porygon2
|
|upkeep
|turn|10
|
|t:|1757243198
|move|p2b: Porygon2|Ice Beam|p1b: Sinistcha
|-supereffective|p1b: Sinistcha
|-damage|p1b: Sinistcha|4/100
|move|p1a: Ursaluna|Earth Power|p2b: Porygon2
|-damage|p2b: Porygon2|22/100
|move|p1b: Sinistcha|Life Dew||[still]|[spread] p1a,p1b
|-fail|p1a: Ursaluna|heal
|-heal|p1b: Sinistcha|29/100
|
|-sideend|p1: patata navidenya|Reflect
|upkeep
|turn|11
|
|t:|1757243213
|move|p2b: Porygon2|Recover|p2b: Porygon2
|-heal|p2b: Porygon2|72/100
|move|p1a: Ursaluna|Blood Moon|p2b: Porygon2
|-damage|p2b: Porygon2|26/100
|move|p1b: Sinistcha|Life Dew||[still]|[spread] p1a,p1b
|-fail|p1a: Ursaluna|heal
|-heal|p1b: Sinistcha|54/100
|
|-fieldend|move: Psychic Terrain
|upkeep
|turn|12
|-message|ur1ryanpowney forfeited.
|
|win|patata navidenya
|l|☆ur1ryanpowney
|player|p2|
||ur1ryanpowney is ready for game 2.
||patata navidenya is ready for game 2.
|uhtml|next|Next: Game 2 of 3
|j|☆ur1ryanpowney
|player|p2|ur1ryanpowney|nate|
|l|☆patata navidenya
|player|p1|
