|j|☆laufey#1fan
|j|☆glitchy_potat
|html|laufey#1fanglitchy_potat    
|uhtml|bestof|Game 2 of a best-of-3
|t:|1755465408
|gametype|doubles
|player|p1|laufey#1fan|cynthia|1398
|player|p2|glitchy_potat|fantina|1299
|gen|9
|tier|[Gen 9] VGC 2025 Reg H (Bo3)
|rated|
|rule|Species Clause: Limit one of each Pokémon
|rule|Item Clause: Limit 1 of each item
|clearpoke
|poke|p1|Garchomp, L50, M|
|poke|p1|Dragonite, L50, M|
|poke|p1|Ninetales-Alola, L50, F|
|poke|p1|Amoonguss, L50, M|
|poke|p1|Kingambit, L50, M|
|poke|p1|Arcanine-Hisui, L50, F|
|poke|p2|Kingambit, L50, M|
|poke|p2|Sneasler, L50, F|
|poke|p2|Electabuzz, L50, M|
|poke|p2|Dragonite, L50, F|
|poke|p2|Rillaboom, L50, M|
|poke|p2|Volcarona, L50, M|
|teampreview|4
|showteam|p1|Garchomp||LifeOrb|RoughSkin|StompingTantrum,Protect,DragonClaw,Earthquake|||M|||50|,,,,,Fire]Dragonite||LoadedDice|Multiscale|ScaleShot,Haze,IceSpinner,Protect|||M|||50|,,,,,Fairy]Ninetales-Alola||FocusSash|SnowWarning|FreezeDry,Encore,Protect,Blizzard|||F|||50|,,,,,Ghost]Amoonguss||SitrusBerry|Regenerator|PollenPuff,Protect,RagePowder,Spore|||M|||50|,,,,,Psychic]Kingambit||AssaultVest|Defiant|KowtowCleave,LowKick,IronHead,SuckerPunch|||M|||50|,,,,,Flying]Arcanine-Hisui||MirrorHerb|Intimidate|Protect,RockSlide,FlareBlitz,ExtremeSpeed|||F|||50|,,,,,Grass
|showteam|p2|Kingambit||BlackGlasses|Defiant|KowtowCleave,SuckerPunch,SwordsDance,Protect|||M|||50|,,,,,Flying]Sneasler||FocusSash|Unburden|DireClaw,CloseCombat,FakeOut,Protect|||F|||50|,,,,,Stellar]Electabuzz||Eviolite|VitalSpirit|Electroweb,Taunt,FollowMe,Protect|||M|||50|,,,,,Ghost]Dragonite||LoadedDice|Multiscale|ScaleShot,Tailwind,Haze,Protect|||F|||50|,,,,,Fairy]Rillaboom||AssaultVest|GrassySurge|WoodHammer,GrassyGlide,Uturn,FakeOut|||M|||50|,,,,,Fire]Volcarona||CovertCloak|FlameBody|QuiverDance,HeatWave,TeraBlast,Protect|||M|||50|,,,,,Fairy
|
|t:|1755465429
|teamsize|p1|4
|teamsize|p2|4
|start
|switch|p1a: JOYBOY|Dragonite, L50, M|100/100
|switch|p1b: Maracas|Amoonguss, L50, M|100/100
|switch|p2a: Kingambit|Kingambit, L50, M|100/100
|switch|p2b: Sneasler|Sneasler, L50, F|100/100
|turn|1
|
|t:|1755465453
|-terastallize|p2b: Sneasler|Stellar
|move|p2b: Sneasler|Dire Claw|p1a: JOYBOY
|-damage|p1a: JOYBOY|71/100
|move|p1a: JOYBOY|Scale Shot|p2b: Sneasler|[miss]
|-miss|p1a: JOYBOY|p2b: Sneasler
|move|p2a: Kingambit|Kowtow Cleave|p1a: JOYBOY
|-damage|p1a: JOYBOY|4/100
|move|p1b: Maracas|Spore|p2a: Kingambit
|-status|p2a: Kingambit|slp|[from] move: Spore
|
|upkeep
|turn|2
|
|t:|1755465476
|switch|p2a: Electabuzz|Electabuzz, L50, M|100/100
|move|p2b: Sneasler|Protect|p2b: Sneasler
|-singleturn|p2b: Sneasler|Protect
|move|p1b: Maracas|Rage Powder|p1b: Maracas
|-singleturn|p1b: Maracas|move: Rage Powder
|move|p1a: JOYBOY|Scale Shot|p2b: Sneasler
|-activate|p2b: Sneasler|move: Protect
|
|upkeep
|turn|3
|
|t:|1755465489
|switch|p1a: Charlie|Arcanine-Hisui, L50, F|100/100
|-ability|p1a: Charlie|Intimidate|boost
|-unboost|p2a: Electabuzz|atk|1
|-unboost|p2b: Sneasler|atk|1
|switch|p1b: Jeffina|Garchomp, L50, M, shiny|100/100
|move|p2a: Electabuzz|Follow Me|p2a: Electabuzz
|-singleturn|p2a: Electabuzz|move: Follow Me
|move|p2b: Sneasler|Dire Claw|p1a: Charlie
|-resisted|p1a: Charlie
|-damage|p1a: Charlie|85/100
|
|upkeep
|turn|4
|
|t:|1755465525
|switch|p1a: Maracas|Amoonguss, L50, M|100/100
|move|p2a: Electabuzz|Follow Me|p2a: Electabuzz
|-singleturn|p2a: Electabuzz|move: Follow Me
|move|p2b: Sneasler|Close Combat|p1a: Maracas
|-resisted|p1a: Maracas
|-damage|p1a: Maracas|77/100
|-unboost|p2b: Sneasler|def|1
|-unboost|p2b: Sneasler|spd|1
|move|p1b: Jeffina|Dragon Claw|p2a: Electabuzz
|-damage|p2a: Electabuzz|60/100
|-damage|p1b: Jeffina|91/100|[from] item: Life Orb
|
|upkeep
|turn|5
|
|t:|1755465548
|move|p1a: Maracas|Protect|p1a: Maracas
|-singleturn|p1a: Maracas|Protect
|move|p2b: Sneasler|Dire Claw|p1b: Jeffina
|-resisted|p1b: Jeffina
|-damage|p1b: Jeffina|77/100
|-status|p1b: Jeffina|psn
|-damage|p2b: Sneasler|88/100|[from] ability: Rough Skin|[of] p1b: Jeffina
|move|p1b: Jeffina|Dragon Claw|p2b: Sneasler
|-damage|p2b: Sneasler|0 fnt
|faint|p2b: Sneasler
|-damage|p1b: Jeffina|67/100 psn|[from] item: Life Orb
|move|p2a: Electabuzz|Taunt|p1a: Maracas
|-activate|p1a: Maracas|move: Protect
|
|-damage|p1b: Jeffina|54/100 psn|[from] psn
|upkeep
|
|t:|1755465560
|switch|p2b: Volcarona|Volcarona, L50, M|100/100
|turn|6
|
|t:|1755465571
|switch|p1a: JOYBOY|Dragonite, L50, M|4/100
|move|p1b: Jeffina|Earthquake|p2a: Electabuzz|[spread] p2a,p2b
|-immune|p1a: JOYBOY
|-supereffective|p2a: Electabuzz
|-crit|p2b: Volcarona
|-damage|p2a: Electabuzz|0 fnt
|-damage|p2b: Volcarona|15/100
|faint|p2a: Electabuzz
|-damage|p1b: Jeffina|45/100 psn|[from] item: Life Orb
|move|p2b: Volcarona|Quiver Dance|p2b: Volcarona
|-boost|p2b: Volcarona|spa|1
|-boost|p2b: Volcarona|spd|1
|-boost|p2b: Volcarona|spe|1
|
|-damage|p1b: Jeffina|32/100 psn|[from] psn
|upkeep
|
|t:|1755465577
|switch|p2a: Kingambit|Kingambit, L50, M|100/100 slp
|turn|7
|
|t:|1755465596
|move|p1b: Jeffina|Protect|p1b: Jeffina
|-singleturn|p1b: Jeffina|Protect
|move|p2b: Volcarona|Heat Wave|p1a: JOYBOY|[spread] p1a
|-activate|p1b: Jeffina|move: Protect
|-resisted|p1a: JOYBOY
|-damage|p1a: JOYBOY|0 fnt
|faint|p1a: JOYBOY
|cant|p2a: Kingambit|slp
|
|-damage|p1b: Jeffina|20/100 psn|[from] psn
|upkeep
|
|t:|1755465602
|switch|p1a: Charlie|Arcanine-Hisui, L50, F|85/100
|-ability|p1a: Charlie|Intimidate|boost
|-unboost|p2a: Kingambit|atk|1
|-ability|p2a: Kingambit|Defiant|boost
|-boost|p2a: Kingambit|atk|2
|-unboost|p2b: Volcarona|atk|1
|-enditem|p1a: Charlie|Mirror Herb
|-boost|p1a: Charlie|atk|2|[from] item: Mirror Herb
|turn|8
|
|t:|1755465617
|move|p2b: Volcarona|Protect|p2b: Volcarona
|-singleturn|p2b: Volcarona|Protect
|move|p1a: Charlie|Extreme Speed|p2b: Volcarona
|-activate|p2b: Volcarona|move: Protect
|move|p1b: Jeffina|Stomping Tantrum|p2a: Kingambit
|-supereffective|p2a: Kingambit
|-damage|p2a: Kingambit|20/100 slp
|-damage|p1b: Jeffina|10/100 psn|[from] item: Life Orb
|-curestatus|p2a: Kingambit|slp|[msg]
|move|p2a: Kingambit|Kowtow Cleave|p1a: Charlie
|-damage|p1a: Charlie|0 fnt
|faint|p1a: Charlie
|
|-damage|p1b: Jeffina|0 fnt|[from] psn
|faint|p1b: Jeffina
|upkeep
|
|t:|1755465629
|switch|p1b: Maracas|Amoonguss, L50, M|100/100
|turn|9
|
|t:|1755465635
|move|p2b: Volcarona|Heat Wave|p1b: Maracas
|-supereffective|p1b: Maracas
|-damage|p1b: Maracas|0 fnt
|faint|p1b: Maracas
|
|win|glitchy_potat
|raw|laufey#1fan's rating: 1398 → 1372(-26 for losing)
|raw|glitchy_potat's rating: 1299 → 1331(+32 for winning)
|l|☆laufey#1fan
|player|p1|
|l|☆glitchy_potat
|player|p2|
|j|☆glitchy_potat
|player|p2|glitchy_potat|fantina|
|l|☆glitchy_potat
|player|p2|
|j|☆glitchy_potat
|player|p2|glitchy_potat|fantina|
|l|☆glitchy_potat
|player|p2|
|j|☆glitchy_potat
|player|p2|glitchy_potat|fantina|
