|j|☆zephyyyy
|j|☆Theo73
|html|zephyyyyTheo73    
|uhtml|bestof|Game 1 of a best-of-3
|t:|1785240076
|gametype|doubles
|player|p1|zephyyyy|rosa|
|player|p2|Theo73|101|
|gen|9
|tier|[Gen 9 Champions] VGC 2026 Reg M-B (Bo3)
|rule|Species Clause: Limit one of each Pokémon
|rule|Item Clause: Limit 1 of each item
|clearpoke
|poke|p1|Mawile, L50, M|
|poke|p1|Farigiraf, L50, M|
|poke|p1|Conkeldurr, L50, M|
|poke|p1|Primarina, L50, F|
|poke|p1|Sinistcha, L50|
|poke|p1|Torkoal, L50, F|
|poke|p2|Furfrou, L50, F|
|poke|p2|Grimmsnarl, L50, M|
|poke|p2|Volcarona, L50, F|
|poke|p2|Araquanid, L50, F|
|poke|p2|Aggron, L50, M|
|poke|p2|Sneasler, L50, F|
|teampreview|4
|showteam|p1|Mawile||Mawilite|Intimidate|IronHead,PlayRough,SuckerPunch,Protect|Brave||M|||50|]Farigiraf||MentalHerb|ArmorTail|Psychic,Thunderbolt,TrickRoom,Protect|Bold||M|||50|]Conkeldurr||LifeOrb|IronFist|DrainPunch,MachPunch,RockSlide,Detect|Brave||M|||50|]Primarina||Leftovers|LiquidVoice|HyperVoice,Moonblast,IceBeam,Protect|Quiet||F|||50|]Sinistcha||OccaBerry|Hospitality|MatchaGotcha,RagePowder,TrickRoom,LifeDew|Relaxed|||||50|]Torkoal||Charcoal|Drought|Eruption,WeatherBall,EarthPower,Protect|Quiet||F|||50|
|showteam|p2|Furfrou||Leftovers|FurCoat|CottonGuard,Rest,Crunch,LastResort|Careful||F|||50|]Grimmsnarl||LightClay|Prankster|LightScreen,PartingShot,SpiritBreak,FakeOut|Impish||M|||50|]Volcarona||Metronome|FlameBody|FieryDance,QuiverDance,BugBuzz,Protect|Timid||F|||50|]Araquanid||ChartiBerry|WaterBubble|Liquidation,WideGuard,LeechLife,StickyWeb|Impish||F|||50|]Aggron||Aggronite|Sturdy|BodyPress,HeavySlam,Avalanche,Protect|Impish||M|||50|]Sneasler||WhiteHerb|Unburden|FakeOut,CloseCombat,DireClaw,Protect|Jolly||F|||50|
|j| Jblock13
|c| Jblock13|This Zephy kid is shit at pokemon
|j| ImperialDragonCatC
|
|t:|1785240215
|teamsize|p1|4
|teamsize|p2|4
|start
|switch|p1a: Sinistcha|Sinistcha, L50|100/100
|switch|p1b: Conkeldurr|Conkeldurr, L50, M|100/100
|switch|p2a: Grimmsnarl|Grimmsnarl, L50, M|100/100
|switch|p2b: Araquanid|Araquanid, L50, F|100/100
|turn|1
|
|t:|1785240255
|move|p2a: Grimmsnarl|Light Screen|p2a: Grimmsnarl
|-sidestart|p2: Theo73|move: Light Screen
|move|p2b: Araquanid|Liquidation|p1b: Conkeldurr
|-damage|p1b: Conkeldurr|62/100
|move|p1b: Conkeldurr|Rock Slide|p2b: Araquanid|[spread] p2a,p2b
|-supereffective|p2b: Araquanid|1
|-enditem|p2b: Araquanid|Charti Berry|[eat]
|-enditem|p2b: Araquanid|Charti Berry|[weaken]
|-damage|p2a: Grimmsnarl|68/100
|-damage|p2b: Araquanid|75/100
|-damage|p1b: Conkeldurr|52/100|[from] item: Life Orb
|move|p1a: Sinistcha|Trick Room|p1a: Sinistcha
|-fieldstart|move: Trick Room|[of] p1a: Sinistcha
|
|upkeep
|turn|2
|
|t:|1785240283
|move|p2a: Grimmsnarl|Parting Shot|p1b: Conkeldurr
|-unboost|p1b: Conkeldurr|atk|1
|-unboost|p1b: Conkeldurr|spa|1
|
|t:|1785240296
|switch|p2a: Aggron|Aggron, L50, M|100/100|[from] Parting Shot
|move|p1b: Conkeldurr|Rock Slide|p2b: Araquanid|[spread] p2a,p2b
|-resisted|p2a: Aggron|1
|-supereffective|p2b: Araquanid|1
|-damage|p2a: Aggron|94/100
|-damage|p2b: Araquanid|42/100
|-damage|p1b: Conkeldurr|42/100|[from] item: Life Orb
|move|p2b: Araquanid|Leech Life|p1a: Sinistcha
|-damage|p1a: Sinistcha|83/100
|-heal|p2b: Araquanid|51/100|[from] drain|[of] p1a: Sinistcha
|move|p1a: Sinistcha|Matcha Gotcha|p2b: Araquanid|[spread] p2a,p2b
|-damage|p2a: Aggron|69/100
|-heal|p1a: Sinistcha|96/100|[from] drain|[of] p2a: Aggron
|-damage|p2b: Araquanid|37/100
|-heal|p1a: Sinistcha|100/100|[from] drain|[of] p2b: Araquanid
|-status|p2a: Aggron|brn
|
|-damage|p2a: Aggron|63/100 brn|[from] brn
|upkeep
|turn|3
|
|t:|1785240325
|switch|p1b: Primarina|Primarina, L50, F|100/100
|detailschange|p2a: Aggron|Aggron-Mega, L50, M
|-mega|p2a: Aggron|Aggron|Aggronite
|move|p2b: Araquanid|Wide Guard|p2b: Araquanid
|-singleturn|p2b: Araquanid|Wide Guard
|move|p1a: Sinistcha|Matcha Gotcha|p2b: Araquanid|[spread] 
|-activate|p2a: Aggron|move: Wide Guard
|-activate|p2b: Araquanid|move: Wide Guard
|move|p2a: Aggron|Avalanche|p1a: Sinistcha
|-supereffective|p1a: Sinistcha|1
|-damage|p1a: Sinistcha|82/100
|
|-damage|p2a: Aggron|57/100 brn|[from] brn
|upkeep
|turn|4
|
|t:|1785240358
|move|p2b: Araquanid|Wide Guard|p2b: Araquanid
|-singleturn|p2b: Araquanid|Wide Guard
|move|p1a: Sinistcha|Rage Powder|p1a: Sinistcha
|-singleturn|p1a: Sinistcha|move: Rage Powder
|move|p2a: Aggron|Heavy Slam|p1a: Sinistcha
|-damage|p1a: Sinistcha|58/100
|move|p1b: Primarina|Hyper Voice|p2b: Araquanid|[spread] 
|-activate|p2a: Aggron|move: Wide Guard
|-activate|p2b: Araquanid|move: Wide Guard
|
|-damage|p2a: Aggron|50/100g brn|[from] brn
|upkeep
|turn|5
|
|t:|1785240378
|move|p2b: Araquanid|Leech Life|p1a: Sinistcha
|-crit|p1a: Sinistcha
|-damage|p1a: Sinistcha|29/100
|-heal|p2b: Araquanid|52/100|[from] drain|[of] p1a: Sinistcha
|move|p2a: Aggron|Heavy Slam|p1a: Sinistcha
|-damage|p1a: Sinistcha|3/100
|move|p1b: Primarina|Moonblast|p2b: Araquanid
|-damage|p2b: Araquanid|22/100
|move|p1a: Sinistcha|Life Dew||[still]|[spread] p1a,p1b
|-heal|p1a: Sinistcha|29/100
|-fail|p1b: Primarina|heal
|
|-damage|p2a: Aggron|44/100 brn|[from] brn
|-fieldend|move: Trick Room
|upkeep
|turn|6
|
|t:|1785240420
|switch|p1a: Mawile|Mawile, L50, M|100/100
|-ability|p1a: Mawile|Intimidate|boost
|-unboost|p2a: Aggron|atk|1
|-unboost|p2b: Araquanid|atk|1
|move|p2b: Araquanid|Wide Guard|p2b: Araquanid
|-singleturn|p2b: Araquanid|Wide Guard
|move|p1b: Primarina|Hyper Voice|p2b: Araquanid|[spread] 
|-activate|p2a: Aggron|move: Wide Guard
|-activate|p2b: Araquanid|move: Wide Guard
|move|p2a: Aggron|Heavy Slam|p1b: Primarina
|-damage|p1b: Primarina|79/100
|
|-heal|p1b: Primarina|85/100|[from] item: Leftovers
|-damage|p2a: Aggron|38/100 brn|[from] brn
|upkeep
|turn|7
|
|t:|1785240442
|switch|p2b: Grimmsnarl|Grimmsnarl, L50, M|68/100
|detailschange|p1a: Mawile|Mawile-Mega, L50, M
|-mega|p1a: Mawile|Mawile|Mawilite
|move|p2a: Aggron|Protect|p2a: Aggron
|-singleturn|p2a: Aggron|Protect
|move|p1a: Mawile|Sucker Punch||[still]
|-fail|p1a: Mawile
|move|p1b: Primarina|Moonblast|p2b: Grimmsnarl
|-supereffective|p2b: Grimmsnarl|1
|-damage|p2b: Grimmsnarl|2/100
|-unboost|p2b: Grimmsnarl|spa|1
|
|-heal|p1b: Primarina|90/100|[from] item: Leftovers
|-damage|p2a: Aggron|32/100 brn|[from] brn
|upkeep
|turn|8
|
|t:|1785240491
|move|p1a: Mawile|Protect|p1a: Mawile
|-singleturn|p1a: Mawile|Protect
|move|p2b: Grimmsnarl|Fake Out|p1a: Mawile
|-activate|p1a: Mawile|move: Protect
|move|p1b: Primarina|Hyper Voice|p2a: Aggron|[spread] p2a,p2b
|-damage|p2a: Aggron|1/100 brn
|-damage|p2b: Grimmsnarl|0 fnt
|faint|p2b: Grimmsnarl
|move|p2a: Aggron|Body Press|p1a: Mawile
|-activate|p1a: Mawile|move: Protect
|
|-heal|p1b: Primarina|96/100|[from] item: Leftovers
|-damage|p2a: Aggron|0 fnt|[from] brn
|faint|p2a: Aggron
|-sideend|p2: Theo73|move: Light Screen
|upkeep
|
|t:|1785240505
|switch|p2b: Furfrou|Furfrou, L50, F|100/100
|switch|p2a: Araquanid|Araquanid, L50, F|22/100
|turn|9
|
|t:|1785240528
|move|p2a: Araquanid|Wide Guard|p2a: Araquanid
|-singleturn|p2a: Araquanid|Wide Guard
|move|p2b: Furfrou|Cotton Guard|p2b: Furfrou
|-boost|p2b: Furfrou|def|3
|move|p1b: Primarina|Moonblast|p2b: Furfrou
|-damage|p2b: Furfrou|51/100
|move|p1a: Mawile|Play Rough|p2a: Araquanid
|-damage|p2a: Araquanid|0 fnt
|faint|p2a: Araquanid
|
|-heal|p2b: Furfrou|57/100|[from] item: Leftovers
|-heal|p1b: Primarina|100/100|[from] item: Leftovers
|upkeep
|turn|10
|
|t:|1785240552
|move|p2b: Furfrou|Rest|p2b: Furfrou
|-status|p2b: Furfrou|slp|[from] move: Rest
|-heal|p2b: Furfrou|100/100 slp|[silent]
|move|p1b: Primarina|Moonblast|p2b: Furfrou
|-damage|p2b: Furfrou|52/100 slp
|move|p1a: Mawile|Play Rough|p2b: Furfrou
|-damage|p2b: Furfrou|28/100 slp
|
|-heal|p2b: Furfrou|34/100 slp|[from] item: Leftovers
|upkeep
|turn|11
|
|t:|1785240569
|cant|p2b: Furfrou|slp
|move|p1b: Primarina|Moonblast|p2b: Furfrou
|-damage|p2b: Furfrou|0 fnt
|faint|p2b: Furfrou
|
|win|zephyyyy
||zephyyyy is ready for game 2.
|inactive|Theo73 has 30 seconds to confirm battle start!
||Theo73 is ready for game 2.
|uhtml|next|Next: Game 2 of 3
