|j|â˜†TemporalDonut
|j|â˜†dahdbod
|html|TemporalDonutdahdbod    
|uhtml|bestof|Game 1 of a best-of-3
|t:|1783899822
|gametype|doubles
|player|p1|TemporalDonut|ingo|
|player|p2|dahdbod|petrel|
|gen|9
|tier|[Gen 9 Champions] VGC 2026 Reg M-B (Bo3)
|rule|Species Clause: Limit one of each PokÃ©mon
|rule|Item Clause: Limit 1 of each item
|clearpoke
|poke|p1|Gengar, L50, M|
|poke|p1|Maushold, L50|
|poke|p1|Incineroar, L50, F|
|poke|p1|Altaria, L50, M|
|poke|p1|Blaziken, L50, M|
|poke|p1|Kingambit, L50, M|
|poke|p2|Swampert, L50, M, shiny|
|poke|p2|Pelipper, L50, M|
|poke|p2|Archaludon, L50, M|
|poke|p2|Overqwil, L50, M|
|poke|p2|Grimmsnarl, L50, M|
|poke|p2|Sinistcha, L50, shiny|
|teampreview|4
|showteam|p1|Gengar||Gengarite|CursedBody|ShadowBall,PerishSong,Disable,Protect|Timid||M|||50|]Maushold||ChopleBerry|FriendGuard|SuperFang,FollowMe,Encore,Protect|Jolly|||||50|]Incineroar||Leftovers|Intimidate|ThroatChop,PartingShot,FakeOut,Protect|Sassy||F|||50|]Altaria||SitrusBerry|CloudNine|BreakingSwipe,WillOWisp,PerishSong,Protect|Relaxed||M|||50|]Blaziken||Blazikenite|SpeedBoost|FlareBlitz,CloseCombat,RockSlide,Protect|Adamant||M|||50|]Kingambit||FocusSash|Defiant|KowtowCleave,SuckerPunch,Protect,SwordsDance|Adamant||M|||50|
|showteam|p2|Swampert||Swampertite|Torrent|WaveCrash,HighHorsepower,IcePunch,Protect|Adamant||M|||50|]Pelipper||LifeOrb|Drizzle|Hurricane,WeatherBall,Tailwind,Protect|Timid||M|||50|]Archaludon||Leftovers|Stamina|FlashCannon,DragonPulse,ElectroShot,Protect|Modest||M|||50|]Overqwil||FocusSash|SwiftSwim|GunkShot,RainDance,Crunch,Protect|Adamant||M|||50|]Grimmsnarl||LightClay|Prankster|SpiritBreak,PartingShot,LightScreen,Reflect|Careful||M|||50|]Sinistcha||KasibBerry|Hospitality|MatchaGotcha,RagePowder,LifeDew,TrickRoom|Bold|||||50|
|j| lemonancy
|j| vrocehpalon
|l| lemonancy
|j| LittleScreenGarby
|j| lemonancy
|j| the crimson tedidn
|c|â˜†TemporalDonut|sent out notifications, lmk when you're good to go
|l| LittleScreenGarby
|j| 5-3 merchant
|c|â˜†dahdbod|sorry 1 sec
|j| thebigmacky
|l| lemonancy
|c|â˜†TemporalDonut|np np, we're starting early anyway
|j| lemonancy
|c| lemonancy|You got friend
|c|â˜†dahdbod|ok I think im ready
|c|â˜†TemporalDonut|gotcha
|inactive|Battle timer is ON: inactive players will automatically lose when time's up. (requested by TemporalDonut)
|j| ShrimplyaSapphic
|j| raineyatwork
|inactive|dahdbod has 60 seconds left.
|
|t:|1783900074
|teamsize|p1|4
|teamsize|p2|4
|start
|switch|p1a: Gengar|Gengar, L50, M|100/100
|switch|p1b: Incineroar|Incineroar, L50, F|100/100
|switch|p2a: Grimmsnarl|Grimmsnarl, L50, M|100/100
|switch|p2b: Swampert|Swampert, L50, M, shiny|100/100
|-ability|p1b: Incineroar|Intimidate|boost
|-unboost|p2a: Grimmsnarl|atk|1
|-unboost|p2b: Swampert|atk|1
|turn|1
|l| lemonancy
|inactive|dahdbod has 30 seconds left.
|inactive|dahdbod has 20 seconds left.
|inactive|dahdbod has 15 seconds left.
|
|t:|1783900117
|switch|p2a: Sinistcha|Sinistcha, L50, shiny|100/100
|detailschange|p1a: Gengar|Gengar-Mega, L50, M
|-mega|p1a: Gengar|Gengar|Gengarite
|detailschange|p2b: Swampert|Swampert-Mega, L50, M, shiny
|-mega|p2b: Swampert|Swampert|Swampertite
|move|p1b: Incineroar|Fake Out|p2b: Swampert
|-damage|p2b: Swampert|89/100
|move|p1a: Gengar|Perish Song|p1a: Gengar
|-start|p1a: Gengar|perish3|[silent]
|-start|p1b: Incineroar|perish3|[silent]
|-start|p2a: Sinistcha|perish3|[silent]
|-start|p2b: Swampert|perish3|[silent]
|-fieldactivate|move: Perish Song
|cant|p2b: Swampert|flinch
|
|-start|p1a: Gengar|perish3
|-start|p2b: Swampert|perish3
|-start|p2a: Sinistcha|perish3
|-start|p1b: Incineroar|perish3
|upkeep
|turn|2
|j| Lepotatochip
|inactive|dahdbod has 30 seconds left.
|
|t:|1783900151
|switch|p2a: Grimmsnarl|Grimmsnarl, L50, M|100/100
|move|p1a: Gengar|Protect|p1a: Gengar
|-singleturn|p1a: Gengar|Protect
|move|p1b: Incineroar|Protect|p1b: Incineroar
|-singleturn|p1b: Incineroar|Protect
|move|p2b: Swampert|High Horsepower|p1a: Gengar
|-activate|p1a: Gengar|move: Protect
|
|-start|p1a: Gengar|perish2
|-start|p2b: Swampert|perish2
|-start|p1b: Incineroar|perish2
|upkeep
|turn|3
|inactive|TemporalDonut has 30 seconds left.
|inactive|dahdbod has 30 seconds left.
|inactive|dahdbod has 20 seconds left.
|
|t:|1783900187
|switch|p1a: Kingambit|Kingambit, L50, M|100/100
|move|p2a: Grimmsnarl|Light Screen|p2a: Grimmsnarl
|-sidestart|p2: dahdbod|move: Light Screen
|move|p2b: Swampert|Wave Crash|p1a: Kingambit
|-damage|p1a: Kingambit|53/100
|-damage|p2b: Swampert|73/100|[from] Recoil
|move|p1b: Incineroar|Parting Shot|p2b: Swampert
|-unboost|p2b: Swampert|atk|1
|-unboost|p2b: Swampert|spa|1
|j| lemonancy
|
|t:|1783900196
|switch|p1b: Gengar|Gengar-Mega, L50, M|100/100|[from] Parting Shot
|
|-start|p2b: Swampert|perish1
|upkeep
|turn|4
|inactive|TemporalDonut has 30 seconds left.
|inactive|dahdbod has 30 seconds left.
|inactive|dahdbod has 20 seconds left.
|
|t:|1783900235
|move|p1b: Gengar|Protect|p1b: Gengar
|-singleturn|p1b: Gengar|Protect
|move|p1a: Kingambit|Protect|p1a: Kingambit
|-singleturn|p1a: Kingambit|Protect
|move|p2a: Grimmsnarl|Light Screen||[still]
|-fail|p2a: Grimmsnarl
|move|p2b: Swampert|High Horsepower|p1a: Kingambit
|-activate|p1a: Kingambit|move: Protect
|
|-start|p2b: Swampert|perish0
|faint|p2b: Swampert
|upkeep
|
|t:|1783900252
|switch|p2b: Pelipper|Pelipper, L50, M|100/100
|-weather|RainDance|[from] ability: Drizzle|[of] p2b: Pelipper
|turn|5
|l| Lepotatochip
|
|t:|1783900274
|switch|p1a: Altaria|Altaria, L50, M|100/100
|-ability|p1a: Altaria|Cloud Nine
|move|p2a: Grimmsnarl|Reflect|p2a: Grimmsnarl
|-sidestart|p2: dahdbod|Reflect
|move|p1b: Gengar|Perish Song|p1b: Gengar
|-start|p1a: Altaria|perish3|[silent]
|-start|p1b: Gengar|perish3|[silent]
|-start|p2a: Grimmsnarl|perish3|[silent]
|-start|p2b: Pelipper|perish3|[silent]
|-fieldactivate|move: Perish Song
|move|p2b: Pelipper|Weather Ball|p1b: Gengar
|-immune|p1b: Gengar
|
|-weather|RainDance|[upkeep]
|-start|p1b: Gengar|perish3
|-start|p2b: Pelipper|perish3
|-start|p1a: Altaria|perish3
|-start|p2a: Grimmsnarl|perish3
|upkeep
|turn|6
|j| Lepotatochip
|inactive|TemporalDonut has 30 seconds left.
|
|t:|1783900305
|move|p1b: Gengar|Protect|p1b: Gengar
|-singleturn|p1b: Gengar|Protect
|move|p1a: Altaria|Protect|p1a: Altaria
|-singleturn|p1a: Altaria|Protect
|move|p2b: Pelipper|Hurricane|p1a: Altaria
|-activate|p1a: Altaria|move: Protect
|move|p2a: Grimmsnarl|Spirit Break|p1a: Altaria
|-activate|p1a: Altaria|move: Protect
|
|-weather|RainDance|[upkeep]
|-start|p1b: Gengar|perish2
|-start|p2b: Pelipper|perish2
|-start|p1a: Altaria|perish2
|-start|p2a: Grimmsnarl|perish2
|upkeep
|turn|7
|inactive|TemporalDonut has 30 seconds left.
|inactive|dahdbod has 30 seconds left.
|inactive|dahdbod has 20 seconds left.
|
|t:|1783900340
|move|p1a: Altaria|Protect|p1a: Altaria
|-singleturn|p1a: Altaria|Protect
|move|p1b: Gengar|Disable|p2b: Pelipper
|-start|p2b: Pelipper|Disable|Hurricane
|cant|p2b: Pelipper|Disable|Hurricane
|move|p2a: Grimmsnarl|Spirit Break|p1a: Altaria
|-activate|p1a: Altaria|move: Protect
|
|-weather|RainDance|[upkeep]
|-start|p1b: Gengar|perish1
|-start|p2b: Pelipper|perish1
|-start|p1a: Altaria|perish1
|-start|p2a: Grimmsnarl|perish1
|upkeep
|turn|8
|l| raineyatwork
|inactive|dahdbod has 30 seconds left.
|
|t:|1783900367
|switch|p1b: Incineroar|Incineroar, L50, F|100/100
|-ability|p1b: Incineroar|Intimidate|boost
|-unboost|p2a: Grimmsnarl|atk|1
|-unboost|p2b: Pelipper|atk|1
|switch|p1a: Kingambit|Kingambit, L50, M|53/100
|move|p2a: Grimmsnarl|Parting Shot|p1a: Kingambit
|-hint|Since gen 7, Dark is immune to Prankster moves.
|-immune|p1a: Kingambit
|move|p2b: Pelipper|Tailwind|p2b: Pelipper
|-sidestart|p2: dahdbod|move: Tailwind
|
|-weather|RainDance|[upkeep]
|-start|p2b: Pelipper|perish0
|-start|p2a: Grimmsnarl|perish0
|faint|p2b: Pelipper
|faint|p2a: Grimmsnarl
|upkeep
|l| Lepotatochip
|
|t:|1783900381
|switch|p2a: Sinistcha|Sinistcha, L50, shiny|100/100
|turn|9
|
|t:|1783900387
|move|p2a: Sinistcha|Matcha Gotcha|p1b: Incineroar|[spread] p1a,p1b
|-resisted|p1a: Kingambit|1
|-resisted|p1b: Incineroar|1
|-damage|p1a: Kingambit|40/100
|-damage|p1b: Incineroar|91/100
|move|p1a: Kingambit|Kowtow Cleave|p2a: Sinistcha
|-supereffective|p2a: Sinistcha|1
|-damage|p2a: Sinistcha|49/100
|move|p1b: Incineroar|Throat Chop|p2a: Sinistcha
|-supereffective|p2a: Sinistcha|1
|-damage|p2a: Sinistcha|17/100
|-start|p2a: Sinistcha|Throat Chop|[silent]
|
|-weather|none
|-heal|p1b: Incineroar|97/100|[from] item: Leftovers
|upkeep
|turn|10
|
|t:|1783900401
|move|p1a: Kingambit|Sucker Punch|p2a: Sinistcha
|-supereffective|p2a: Sinistcha|1
|-damage|p2a: Sinistcha|0 fnt
|faint|p2a: Sinistcha
|
|win|TemporalDonut
||TemporalDonut is ready for game 2.
|c|â˜†dahdbod|gg
||dahdbod is ready for game 2.
|uhtml|next|Next: Game 2 of 3
|j| Lepotatochip
|l| Lepotatochip
|l| 5-3 merchant
|j| triziateam
|j| raineyatwork
|j| Lepotatochip
|j| PackOfCamelBlues
|j| LittleScreenGarby
|l| raineyatwork
|l| LittleScreenGarby
|l| triziateam
|l| PackOfCamelBlues
|j| LittleScreenGarby
|j| PackOfCamelBlues
|l| LittleScreenGarby
|l| PackOfCamelBlues
|j| ZardiCharVGC
|l| vrocehpalon
