|j|☆helio list
|j|☆palle synchro
|html|helio listpalle synchro    
|uhtml|bestof|Game 1 of a best-of-3
|t:|1785946669
|gametype|doubles
|player|p1|helio list|266|1383
|player|p2|palle synchro|ethan|1404
|gen|9
|tier|[Gen 9 Champions] VGC 2026 Reg M-B (Bo3)
|rated|
|rule|Species Clause: Limit one of each Pokémon
|rule|Item Clause: Limit 1 of each item
|clearpoke
|poke|p1|Floette-Eternal, L50, F|
|poke|p1|Garchomp, L50, M|
|poke|p1|Basculegion, L50, M|
|poke|p1|Kingambit, L50, M|
|poke|p1|Talonflame, L50, F|
|poke|p1|Vivillon-Fancy, L50, F|
|poke|p2|Whimsicott, L50, F|
|poke|p2|Basculegion, L50, M|
|poke|p2|Kingambit, L50, F|
|poke|p2|Floette-Eternal, L50, F|
|poke|p2|Garchomp, L50, F|
|poke|p2|Charizard, L50, M|
|teampreview|4
|showteam|p1|Floette-Eternal||Floettite|FlowerVeil|CalmMind,Moonblast,DrainingKiss,Protect|Timid||F|||50|]Garchomp||LifeOrb|RoughSkin|DragonClaw,Earthquake,RockSlide,Protect|Jolly||M|||50|]Basculegion||MysticWater|Adaptability|WaveCrash,LastRespects,AquaJet,Protect|Adamant||M|||50|]Kingambit||ChopleBerry|Defiant|KowtowCleave,LowKick,SuckerPunch,Protect|Adamant||M|||50|]Talonflame||SharpBeak|GaleWings|Tailwind,DualWingbeat,QuickGuard,Protect|Jolly||F|||50|]Vivillon-Fancy||FocusSash|CompoundEyes|SleepPowder,Hurricane,RagePowder,Protect|Timid||F|||50|
|showteam|p2|Whimsicott||FocusSash|Prankster|Protect,Moonblast,Tailwind,Encore|Timid||F|||50|]Basculegion||MysticWater|Adaptability|WaveCrash,Protect,LastRespects,AquaJet|Adamant||M|||50|]Kingambit||ChopleBerry|Defiant|KowtowCleave,LowKick,SuckerPunch,IronHead|Adamant||F|||50|]Floette-Eternal||Floettite|FlowerVeil|Moonblast,DazzlingGleam,LightofRuin,Protect|Modest||F|||50|]Garchomp||LifeOrb|RoughSkin|Protect,StompingTantrum,DragonClaw,RockSlide|Jolly||F|||50|]Charizard||CharizarditeY|Blaze|HeatWave,SolarBeam,WeatherBall,Protect|Modest||M|||50|
|inactive|Battle timer is ON: inactive players will automatically lose when time's up. (requested by helio list)
|
|t:|1785946693
|teamsize|p1|4
|teamsize|p2|4
|start
|switch|p1a: Talonflame|Talonflame, L50, F|100/100
|switch|p1b: Floette|Floette-Eternal, L50, F|100/100
|switch|p2a: Whimsicott|Whimsicott, L50, F|100/100
|switch|p2b: Floette|Floette-Eternal, L50, F|100/100
|turn|1
|
|t:|1785946709
|detailschange|p1b: Floette|Floette-Mega, L50, F
|-mega|p1b: Floette|Floette|Floettite
|-ability|p1b: Floette|Fairy Aura
|detailschange|p2b: Floette|Floette-Mega, L50, F
|-mega|p2b: Floette|Floette|Floettite
|-ability|p2b: Floette|Fairy Aura
|move|p2a: Whimsicott|Protect|p2a: Whimsicott
|-singleturn|p2a: Whimsicott|Protect
|move|p1a: Talonflame|Tailwind|p1a: Talonflame
|-sidestart|p1: helio list|move: Tailwind
|move|p1b: Floette|Calm Mind|p1b: Floette
|-boost|p1b: Floette|spa|1
|-boost|p1b: Floette|spd|1
|move|p2b: Floette|Dazzling Gleam|p1a: Talonflame|[spread] p1a,p1b
|-resisted|p1a: Talonflame|1
|-damage|p1a: Talonflame|56/100
|-damage|p1b: Floette|69/100
|
|upkeep
|turn|2
|
|t:|1785946722
|move|p1a: Talonflame|Quick Guard|p1a: Talonflame
|-singleturn|p1a: Talonflame|Quick Guard
|move|p2a: Whimsicott|Encore|p1a: Talonflame
|-activate|p1a: Talonflame|move: Quick Guard
|move|p1b: Floette|Draining Kiss|p2b: Floette
|-damage|p2b: Floette|49/100
|-heal|p1b: Floette|100/100|[from] drain|[of] p2b: Floette
|move|p2b: Floette|Moonblast|p1b: Floette
|-damage|p1b: Floette|53/100
|-unboost|p1b: Floette|spa|1
|
|upkeep
|turn|3
|
|t:|1785946737
|move|p2b: Floette|Protect|p2b: Floette
|-singleturn|p2b: Floette|Protect
|move|p2a: Whimsicott|Encore|p1a: Talonflame
|-start|p1a: Talonflame|Encore
|move|p1a: Talonflame|Quick Guard|p1a: Talonflame
|-singleturn|p1a: Talonflame|Quick Guard
|move|p1b: Floette|Calm Mind|p1b: Floette
|-boost|p1b: Floette|spa|1
|-boost|p1b: Floette|spd|1
|
|upkeep
|turn|4
|
|t:|1785946754
|move|p1a: Talonflame|Quick Guard|p1a: Talonflame
|-singleturn|p1a: Talonflame|Quick Guard
|move|p2a: Whimsicott|Tailwind|p2a: Whimsicott
|-sidestart|p2: palle synchro|move: Tailwind
|move|p1b: Floette|Draining Kiss|p2a: Whimsicott
|-damage|p2a: Whimsicott|2/100
|-heal|p1b: Floette|100/100|[from] drain|[of] p2a: Whimsicott
|move|p2b: Floette|Light of Ruin|p1a: Talonflame
|-resisted|p1a: Talonflame|1
|-damage|p1a: Talonflame|0 fnt
|faint|p1a: Talonflame
|-damage|p2b: Floette|21/100|[from] Recoil
|
|-sideend|p1: helio list|move: Tailwind
|upkeep
|
|t:|1785946766
|switch|p1a: Kingambit|Kingambit, L50, M|100/100
|turn|5
|
|t:|1785946784
|move|p2a: Whimsicott|Encore|p1b: Floette
|-start|p1b: Floette|Encore
|move|p1a: Kingambit|Sucker Punch||[still]
|-fail|p1a: Kingambit
|move|p2b: Floette|Light of Ruin|p1a: Kingambit
|-damage|p1a: Kingambit|0 fnt
|faint|p1a: Kingambit
|-damage|p2b: Floette|0 fnt|[from] Recoil
|faint|p2b: Floette
|move|p1b: Floette|Draining Kiss|p2a: Whimsicott
|-damage|p2a: Whimsicott|0 fnt
|faint|p2a: Whimsicott
|
|upkeep
|
|t:|1785946791
|switch|p2a: Kingambit|Kingambit, L50, F|100/100
|switch|p2b: Garchomp|Garchomp, L50, F|100/100
|switch|p1a: Garchomp|Garchomp, L50, M|100/100
|turn|6
|
|t:|1785946815
|move|p1a: Garchomp|Protect|p1a: Garchomp
|-singleturn|p1a: Garchomp|Protect
|move|p2b: Garchomp|Dragon Claw|p1a: Garchomp
|-activate|p1a: Garchomp|move: Protect
|move|p1b: Floette|Draining Kiss|p2b: Garchomp
|-supereffective|p2b: Garchomp|1
|-damage|p2b: Garchomp|0 fnt
|-damage|p1b: Floette|87/100|[from] ability: Rough Skin|[of] p2b: Garchomp
|faint|p2b: Garchomp
|move|p2a: Kingambit|Iron Head|p1b: Floette
|-supereffective|p1b: Floette|1
|-damage|p1b: Floette|0 fnt
|faint|p1b: Floette
|
|upkeep
|turn|7
|
|t:|1785946829
|move|p1a: Garchomp|Earthquake|p2a: Kingambit
|-supereffective|p2a: Kingambit|1
|-damage|p2a: Kingambit|1/100
|-damage|p1a: Garchomp|90/100|[from] item: Life Orb
|move|p2a: Kingambit|Kowtow Cleave|p1a: Garchomp
|-damage|p1a: Garchomp|40/100
|-damage|p2a: Kingambit|0 fnt|[from] ability: Rough Skin|[of] p1a: Garchomp
|faint|p2a: Kingambit
|
|win|helio list
