|j|☆carbinkpanthress
|j|☆LynxVGC
|html|carbinkpanthressLynxVGC    
|uhtml|bestof|Game 1 of a best-of-3
|t:|1784275313
|gametype|doubles
|player|p1|carbinkpanthress|carmine-festival|1180
|player|p2|LynxVGC|larry|1298
|gen|9
|tier|[Gen 9 Champions] VGC 2026 Reg M-B (Bo3)
|rated|
|rule|Species Clause: Limit one of each Pokémon
|rule|Item Clause: Limit 1 of each item
|clearpoke
|poke|p1|Gardevoir, L50, F|
|poke|p1|Talonflame, L50, M|
|poke|p1|Maushold, L50|
|poke|p1|Kingambit, L50, F|
|poke|p1|Kommo-o, L50, M|
|poke|p1|Basculegion, L50, M|
|poke|p2|Basculegion, L50, M|
|poke|p2|Kingambit, L50, M|
|poke|p2|Maushold, L50|
|poke|p2|Gardevoir, L50, F|
|poke|p2|Garchomp, L50, M|
|poke|p2|Talonflame, L50, F|
|teampreview|4
|showteam|p1|Gardevoir||Gardevoirite|Trace|HyperVoice,Psychic,Thunderbolt,Protect|Modest||F|||50|]Talonflame||SharpBeak|GaleWings|BraveBird,FlareBlitz,Tailwind,Protect|Jolly||M|||50|]Maushold||FocusSash|FriendGuard|SuperFang,AfterYou,FollowMe,Protect|Jolly|||||50|]Kingambit||ExpertBelt|Defiant|KowtowCleave,SuckerPunch,IronHead,LowKick|Jolly||F|||50|]Kommo-o||LifeOrb|Soundproof|ClangingScales,DracoMeteor,AuraSphere,Protect|Modest||M|||50|]Basculegion||ChoiceScarf|Adaptability|WaveCrash,FlipTurn,AquaJet,LastRespects|Jolly||M|||50|
|showteam|p2|Basculegion||ChoiceScarf|Adaptability|FlipTurn,AquaJet,WaveCrash,LastRespects|Jolly||M|||50|]Kingambit||BlackGlasses|Defiant|KowtowCleave,Protect,SuckerPunch,IronHead|Adamant||M|||50|]Maushold||FocusSash|FriendGuard|SuperFang,FollowMe,Taunt,Protect|Timid|||||50|]Gardevoir||Gardevoirite|Telepathy|HyperVoice,Psyshock,VacuumWave,Protect|Modest||F|||50|]Garchomp||LifeOrb|RoughSkin|DragonClaw,Earthquake,RockTomb,Protect|Jolly||M|||50|]Talonflame||SharpBeak|GaleWings|BraveBird,Tailwind,QuickGuard,FlareBlitz|Jolly||F|||50|
|
|t:|1784275369
|teamsize|p1|4
|teamsize|p2|4
|start
|switch|p1a: Maushold|Maushold, L50|100/100
|switch|p1b: Gardevoir|Gardevoir, L50, F|100/100
|switch|p2a: Talonflame|Talonflame, L50, F|100/100
|switch|p2b: Gardevoir|Gardevoir, L50, F|100/100
|-ability|p1b: Gardevoir|Telepathy|Trace|[from] ability: Trace|[of] p2b: Gardevoir
|turn|1
|
|t:|1784275406
|detailschange|p2b: Gardevoir|Gardevoir-Mega, L50, F
|-mega|p2b: Gardevoir|Gardevoir|Gardevoirite
|detailschange|p1b: Gardevoir|Gardevoir-Mega, L50, F
|-mega|p1b: Gardevoir|Gardevoir|Gardevoirite
|move|p2b: Gardevoir|Protect|p2b: Gardevoir
|-singleturn|p2b: Gardevoir|Protect
|move|p1a: Maushold|Follow Me|p1a: Maushold
|-singleturn|p1a: Maushold|move: Follow Me
|move|p2a: Talonflame|Brave Bird|p1a: Maushold
|-damage|p1a: Maushold|29/100
|-damage|p2a: Talonflame|72/100|[from] Recoil
|move|p1b: Gardevoir|Thunderbolt|p2a: Talonflame
|-supereffective|p2a: Talonflame|1
|-damage|p2a: Talonflame|0 fnt
|faint|p2a: Talonflame
|
|upkeep
|
|t:|1784275419
|switch|p2a: Maushold|Maushold, L50|100/100
|turn|2
|
|t:|1784275428
|move|p2a: Maushold|Follow Me|p2a: Maushold
|-singleturn|p2a: Maushold|move: Follow Me
|move|p1a: Maushold|After You||[still]
|-fail|p1a: Maushold
|move|p2b: Gardevoir|Hyper Voice|p1a: Maushold|[spread] p1a,p1b
|-damage|p1a: Maushold|0 fnt
|-damage|p1b: Gardevoir|66/100
|faint|p1a: Maushold
|move|p1b: Gardevoir|Hyper Voice|p2a: Maushold|[spread] p2a,p2b
|-damage|p2a: Maushold|31/100
|-damage|p2b: Gardevoir|66/100
|
|upkeep
|
|t:|1784275444
|switch|p1a: Basculegion|Basculegion, L50, M|100/100
|turn|3
|
|t:|1784275459
|move|p2a: Maushold|Follow Me|p2a: Maushold
|-singleturn|p2a: Maushold|move: Follow Me
|move|p1a: Basculegion|Wave Crash|p2a: Maushold
|-damage|p2a: Maushold|0 fnt
|faint|p2a: Maushold
|-damage|p1a: Basculegion|90/100|[from] Recoil
|move|p2b: Gardevoir|Hyper Voice|p1a: Basculegion|[spread] p1a,p1b
|-damage|p1a: Basculegion|31/100
|-damage|p1b: Gardevoir|20/100y
|move|p1b: Gardevoir|Hyper Voice|p2b: Gardevoir
|-damage|p2b: Gardevoir|6/100
|
|upkeep
|
|t:|1784275470
|switch|p2a: Basculegion|Basculegion, L50, M|100/100
|turn|4
|
|t:|1784275490
|switch|p1a: Kingambit|Kingambit, L50, F|100/100
|move|p2a: Basculegion|Last Respects|p1a: Kingambit
|-resisted|p1a: Kingambit|1
|-damage|p1a: Kingambit|61/100
|move|p2b: Gardevoir|Hyper Voice|p1b: Gardevoir|[spread] p1a,p1b
|-damage|p1a: Kingambit|0 fnt
|-damage|p1b: Gardevoir|0 fnt
|faint|p1a: Kingambit
|faint|p1b: Gardevoir
|
|upkeep
|
|t:|1784275498
|switch|p1b: Basculegion|Basculegion, L50, M|31/100
|turn|5
|
|t:|1784275502
|move|p1b: Basculegion|Last Respects|p2a: Basculegion
|-supereffective|p2a: Basculegion|1
|-damage|p2a: Basculegion|0 fnt
|faint|p2a: Basculegion
|move|p2b: Gardevoir|Hyper Voice|p1b: Basculegion
|-damage|p1b: Basculegion|0 fnt
|faint|p1b: Basculegion
|
|win|LynxVGC
||carbinkpanthress is ready for game 2.
||LynxVGC is ready for game 2.
|uhtml|next|Next: Game 2 of 3
