|j|☆hami_hiku
|j|☆eevee1ynn
|html|hami_hikueevee1ynn    
|uhtml|bestof|Game 1 of a best-of-3
|t:|1783536144
|gametype|doubles
|player|p1|hami_hiku|lillie|
|player|p2|eevee1ynn|serena-masters3|
|gen|9
|tier|[Gen 9 Champions] VGC 2026 Reg M-B (Bo3)
|rule|Species Clause: Limit one of each Pokémon
|rule|Item Clause: Limit 1 of each item
|clearpoke
|poke|p1|Swampert, L50, M|
|poke|p1|Pelipper, L50, M|
|poke|p1|Archaludon, L50, M|
|poke|p1|Farigiraf, L50, F|
|poke|p1|Incineroar, L50, F|
|poke|p1|Mawile, L50, M|
|poke|p2|Scrafty, L50, F, shiny|
|poke|p2|Ceruledge, L50, M|
|poke|p2|Ninetales-Alola, L50, F|
|poke|p2|Sinistcha, L50|
|poke|p2|Dragonite, L50, M|
|poke|p2|Raichu, L50, F|
|teampreview|4
|showteam|p1|Swampert||Swampertite|Torrent|WaveCrash,Earthquake,IcePunch,Protect|Adamant||M|||50|]Pelipper||FocusSash|Drizzle|WeatherBall,Hurricane,Tailwind,Protect|Timid||M|||50|]Archaludon||Leftovers|Stamina|ElectroShot,FlashCannon,DragonPulse,Protect|Modest||M|||50|]Farigiraf||SitrusBerry|ArmorTail|Psychic,Thunderbolt,TrickRoom,RainDance|Relaxed||F|||50|]Incineroar||ShucaBerry|Intimidate|FlareBlitz,DarkestLariat,PartingShot,FakeOut|Adamant||F|||50|]Mawile||Mawilite|HyperCutter|PlayRough,IronHead,SuckerPunch,Protect|Adamant||M|||50|
|showteam|p2|Scrafty||Scraftinite|Intimidate|Detect,DrainPunch,KnockOff,FakeOut|Adamant||F|||50|]Ceruledge||ColburBerry|FlashFire|Protect,BitterBlade,ShadowSneak,BulkUp|Adamant||M|||50|]Ninetales-Alola||NeverMeltIce|SnowWarning|Protect,FreezeDry,IcyWind,AuroraVeil|Timid||F|||50|]Sinistcha||FocusSash|Hospitality|Protect,MatchaGotcha,Hex,RagePowder|Modest|||||50|]Dragonite||LifeOrb|InnerFocus|Protect,DragonClaw,RockSlide,ExtremeSpeed|Adamant||M|||50|]Raichu||RaichuniteY|LightningRod|Protect,ZapCannon,FocusBlast,FakeOut|Timid||F|||50|
|inactive|Battle timer is ON: inactive players will automatically lose when time's up. (requested by hami_hiku)
|c|☆eevee1ynn|glhf
|c|☆hami_hiku|GLHF!!
|inactive|hami_hiku has 60 seconds left.
|
|t:|1783536207
|teamsize|p1|4
|teamsize|p2|4
|start
|switch|p1a: Mawile|Mawile, L50, M|100/100
|switch|p1b: Incineroar|Incineroar, L50, F|100/100
|switch|p2a: Ninetales|Ninetales-Alola, L50, F|100/100
|switch|p2b: Raichu|Raichu, L50, F|100/100
|-weather|Snowscape|[from] ability: Snow Warning|[of] p2a: Ninetales
|-ability|p1b: Incineroar|Intimidate|boost
|-unboost|p2a: Ninetales|atk|1
|-unboost|p2b: Raichu|atk|1
|turn|1
|
|t:|1783536225
|switch|p1b: Farigiraf|Farigiraf, L50, F|100/100
|detailschange|p2b: Raichu|Raichu-Mega-Y, L50, F
|-mega|p2b: Raichu|Raichu|Raichunite Y
|detailschange|p1a: Mawile|Mawile-Mega, L50, M
|-mega|p1a: Mawile|Mawile|Mawilite
|move|p2b: Raichu|Fake Out||[still]
|cant|p1b: Farigiraf|ability: Armor Tail|Fake Out|[of] p2b: Raichu
|move|p2a: Ninetales|Aurora Veil|p2a: Ninetales
|-sidestart|p2: eevee1ynn|move: Aurora Veil
|move|p1a: Mawile|Iron Head|p2a: Ninetales
|-supereffective|p2a: Ninetales|2
|-damage|p2a: Ninetales|0 fnt
|faint|p2a: Ninetales
|
|-weather|Snowscape|[upkeep]
|upkeep
|
|t:|1783536228
|switch|p2a: Sinistcha|Sinistcha, L50|100/100
|turn|2
|
|t:|1783536252
|switch|p1a: Pelipper|Pelipper, L50, M|100/100
|-weather|RainDance|[from] ability: Drizzle|[of] p1a: Pelipper
|move|p2b: Raichu|Zap Cannon|p1b: Farigiraf
|-damage|p1b: Farigiraf|29/100
|-status|p1b: Farigiraf|par
|-enditem|p1b: Farigiraf|Sitrus Berry|[eat]
|-heal|p1b: Farigiraf|54/100 par|[from] item: Sitrus Berry
|move|p2a: Sinistcha|Matcha Gotcha|p1b: Farigiraf|[spread] p1a
|-miss|p2a: Sinistcha|p1b: Farigiraf
|-damage|p1a: Pelipper|45/100
|move|p1b: Farigiraf|Trick Room|p1b: Farigiraf
|-fieldstart|move: Trick Room|[of] p1b: Farigiraf
|
|-weather|RainDance|[upkeep]
|upkeep
|turn|3
|
|t:|1783536275
|switch|p2b: Dragonite|Dragonite, L50, M|100/100
|move|p1b: Farigiraf|Psychic|p2a: Sinistcha
|-damage|p2a: Sinistcha|69/100
|move|p2a: Sinistcha|Matcha Gotcha|p1a: Pelipper|[spread] p1a,p1b
|-damage|p1a: Pelipper|0 fnt
|-heal|p2a: Sinistcha|89/100|[from] drain|[of] p1a: Pelipper
|-damage|p1b: Farigiraf|23/100 par
|-heal|p2a: Sinistcha|100/100|[from] drain|[of] p1b: Farigiraf
|faint|p1a: Pelipper
|
|-weather|RainDance|[upkeep]
|upkeep
|
|t:|1783536291
|switch|p1a: Incineroar|Incineroar, L50, F|100/100
|-ability|p1a: Incineroar|Intimidate|boost
|-unboost|p2a: Sinistcha|atk|1
|-fail|p2b: Dragonite|unboost|Attack|[from] ability: Inner Focus|[of] p2b: Dragonite
|turn|4
|
|t:|1783536311
|switch|p1b: Mawile|Mawile-Mega, L50, M|100/100
|move|p1a: Incineroar|Darkest Lariat|p2a: Sinistcha
|-supereffective|p2a: Sinistcha|1
|-damage|p2a: Sinistcha|33/100
|move|p2a: Sinistcha|Matcha Gotcha|p1b: Mawile|[spread] p1a,p1b
|-resisted|p1a: Incineroar|1
|-resisted|p1b: Mawile|1
|-damage|p1a: Incineroar|84/100
|-heal|p2a: Sinistcha|42/100|[from] drain|[of] p1a: Incineroar
|-damage|p1b: Mawile|77/100
|-heal|p2a: Sinistcha|52/100|[from] drain|[of] p1b: Mawile
|move|p2b: Dragonite|Rock Slide|p1a: Incineroar|[spread] p1a,p1b
|-supereffective|p1a: Incineroar|1
|-crit|p1a: Incineroar
|-resisted|p1b: Mawile|1
|-damage|p1a: Incineroar|0 fnt
|-damage|p1b: Mawile|64/100
|faint|p1a: Incineroar
|-damage|p2b: Dragonite|90/100|[from] item: Life Orb
|
|-weather|RainDance|[upkeep]
|upkeep
|j| Eco N2Ever
|
|t:|1783536329
|switch|p1a: Farigiraf|Farigiraf, L50, F|23/100 par
|turn|5
|
|t:|1783536341
|move|p2a: Sinistcha|Protect|p2a: Sinistcha
|-singleturn|p2a: Sinistcha|Protect
|move|p2b: Dragonite|Protect|p2b: Dragonite
|-singleturn|p2b: Dragonite|Protect
|move|p1a: Farigiraf|Psychic|p2a: Sinistcha
|-activate|p2a: Sinistcha|move: Protect
|move|p1b: Mawile|Play Rough|p2a: Sinistcha
|-activate|p2a: Sinistcha|move: Protect
|
|-weather|RainDance|[upkeep]
|-sideend|p2: eevee1ynn|move: Aurora Veil
|upkeep
|turn|6
|
|t:|1783536356
|move|p2a: Sinistcha|Rage Powder|p2a: Sinistcha
|-singleturn|p2a: Sinistcha|move: Rage Powder
|move|p1a: Farigiraf|Psychic|p2a: Sinistcha
|-damage|p2a: Sinistcha|1/100
|move|p1b: Mawile|Play Rough|p2a: Sinistcha
|-damage|p2a: Sinistcha|0 fnt
|faint|p2a: Sinistcha
|move|p2b: Dragonite|Dragon Claw|p1a: Farigiraf
|-damage|p1a: Farigiraf|0 fnt
|faint|p1a: Farigiraf
|-damage|p2b: Dragonite|81/100|[from] item: Life Orb
|
|-weather|none
|-fieldend|move: Trick Room
|upkeep
|
|t:|1783536361
|switch|p2a: Raichu|Raichu-Mega-Y, L50, F|100/100
|turn|7
|
|t:|1783536370
|move|p1b: Mawile|Protect|p1b: Mawile
|-singleturn|p1b: Mawile|Protect
|move|p2a: Raichu|Zap Cannon|p1b: Mawile
|-activate|p1b: Mawile|move: Protect
|move|p2b: Dragonite|Rock Slide|p1b: Mawile
|-activate|p1b: Mawile|move: Protect
|
|upkeep
|turn|8
|l| Eco N2Ever
|
|t:|1783536385
|move|p2b: Dragonite|Extreme Speed|p1b: Mawile
|-resisted|p1b: Mawile|1
|-damage|p1b: Mawile|43/100
|-damage|p2b: Dragonite|71/100|[from] item: Life Orb
|move|p1b: Mawile|Sucker Punch|p2a: Raichu
|-damage|p2a: Raichu|14/100
|move|p2a: Raichu|Zap Cannon|p1b: Mawile
|-damage|p1b: Mawile|0 fnt
|faint|p1b: Mawile
|
|win|eevee1ynn
