|j|☆superandry
|j|☆jumplufffan123
|html|superandryjumplufffan123    
|uhtml|bestof|Game 2 of a best-of-3
|t:|1756286695
|gametype|doubles
|player|p1|superandry|palmer|1045
|player|p2|jumplufffan123|cheryl|1147
|gen|9
|tier|[Gen 9] VGC 2025 Reg H (Bo3)
|rated|
|rule|Species Clause: Limit one of each Pokémon
|rule|Item Clause: Limit 1 of each item
|clearpoke
|poke|p1|Weezing, L50, M|
|poke|p1|Incineroar, L50, M|
|poke|p1|Dragonite, L50, M|
|poke|p1|Ursaluna-Bloodmoon, L50, M|
|poke|p1|Annihilape, L50, F|
|poke|p1|Dragapult, L50, M|
|poke|p2|Charizard, L50, F|
|poke|p2|Torkoal, L50, M|
|poke|p2|Porygon2, L50|
|poke|p2|Incineroar, L50, M|
|poke|p2|Jumpluff, L50, M|
|poke|p2|Ursaluna, L50, M|
|teampreview|4
|showteam|p1|Weezing||SitrusBerry|NeutralizingGas|GunkShot,WillOWisp,Taunt,Protect|||M|||50|,,,,,Water]Incineroar||AbilityShield|Intimidate|FakeOut,FlareBlitz,KnockOff,PartingShot|||M|||50|,,,,,Ghost]Dragonite||LoadedDice|Multiscale|ScaleShot,ExtremeSpeed,Tailwind,Protect|||M|||50|,,,,,Steel]Ursaluna-Bloodmoon||AssaultVest|MindsEye|HyperVoice,BloodMoon,EarthPower,VacuumWave|||M|||50|,,,,,Normal]Annihilape||SafetyGoggles|Defiant|CloseCombat,FinalGambit,RageFist,Protect|||F|||50|,,,,,Stellar]Dragapult||ChoiceSpecs|ClearBody|DracoMeteor,ShadowBall,Flamethrower,DragonDarts|||M|||50|,,,,,Stellar
|showteam|p2|Charizard||ChoiceSpecs|SolarPower|HeatWave,Overheat,WeatherBall,AirSlash|||F|||50|,,,,,Ghost]Torkoal||EjectPack|Drought|Eruption,Overheat,HelpingHand,Protect|||M|||50|,,,,,Fire]Porygon2||Eviolite|Download|TeraBlast,IceBeam,Recover,TrickRoom||||||50|,,,,,Fighting]Incineroar||SitrusBerry|Intimidate|FlareBlitz,KnockOff,FakeOut,PartingShot|||M|||50|,,,,,Ghost]Jumpluff||CovertCloak|Chlorophyll|SleepPowder,SunnyDay,RagePowder,Tailwind|||M|||50|,,,,,Water]Ursaluna||FlameOrb|Guts|HeadlongRush,Facade,Earthquake,Protect|||M|||50|,,,,,Ghost
|inactive|Battle timer is ON: inactive players will automatically lose when time's up. (requested by jumplufffan123)
|inactive|superandry also wants the timer to be on.
|
|t:|1756286706
|teamsize|p1|4
|teamsize|p2|4
|start
|switch|p1a: Weezing|Weezing, L50, M|100/100
|switch|p1b: Dragapult|Dragapult, L50, M, shiny|100/100
|switch|p2a: Porygon2|Porygon2, L50|100/100
|switch|p2b: Charizard|Charizard, L50, F|100/100
|-ability|p1a: Weezing|Neutralizing Gas
|turn|1
|
|t:|1756286721
|switch|p2b: Incineroar|Incineroar, L50, M|100/100
|-terastallize|p1b: Dragapult|Stellar
|move|p1b: Dragapult|Draco Meteor|p2b: Incineroar|[miss]
|-miss|p1b: Dragapult|p2b: Incineroar
|move|p1a: Weezing|Taunt|p2a: Porygon2
|-start|p2a: Porygon2|move: Taunt
|move|p2a: Porygon2|Ice Beam|p1b: Dragapult
|-supereffective|p1b: Dragapult
|-damage|p1b: Dragapult|21/100
|
|upkeep
|turn|2
|
|t:|1756286743
|switch|p1b: Incineroar|Incineroar, L50, M|100/100
|-ability|p1b: Incineroar|Intimidate|boost
|-unboost|p2a: Porygon2|atk|1
|-unboost|p2b: Incineroar|atk|1
|move|p1a: Weezing|Protect|p1a: Weezing
|-singleturn|p1a: Weezing|Protect
|move|p2b: Incineroar|Knock Off|p1b: Incineroar
|-resisted|p1b: Incineroar
|-damage|p1b: Incineroar|87/100
|-enditem|p1b: Incineroar|Ability Shield|[from] move: Knock Off|[of] p2b: Incineroar
|move|p2a: Porygon2|Tera Blast|p1a: Weezing
|-activate|p1a: Weezing|move: Protect
|
|upkeep
|turn|3
|
|t:|1756286767
|move|p2b: Incineroar|Knock Off|p1a: Weezing
|-damage|p1a: Weezing|75/100
|-enditem|p1a: Weezing|Sitrus Berry|[from] move: Knock Off|[of] p2b: Incineroar
|move|p1b: Incineroar|Knock Off|p2a: Porygon2
|-damage|p2a: Porygon2|72/100
|-enditem|p2a: Porygon2|Eviolite|[from] move: Knock Off|[of] p1b: Incineroar
|move|p2a: Porygon2|Tera Blast|p1a: Weezing
|-damage|p1a: Weezing|35/100
|move|p1a: Weezing|Gunk Shot|p2a: Porygon2
|-damage|p2a: Porygon2|36/100
|
|-end|p2a: Porygon2|move: Taunt
|upkeep
|turn|4
|
|t:|1756286784
|move|p1a: Weezing|Protect|p1a: Weezing
|-singleturn|p1a: Weezing|Protect
|move|p2b: Incineroar|Parting Shot|p1b: Incineroar
|-unboost|p1b: Incineroar|atk|1
|-unboost|p1b: Incineroar|spa|1
|
|t:|1756286793
|switch|p2b: Ursaluna|Ursaluna, L50, M|100/100|[from] Parting Shot
|move|p1b: Incineroar|Flare Blitz|p2a: Porygon2
|-damage|p2a: Porygon2|1/100
|-damage|p1b: Incineroar|76/100|[from] Recoil
|move|p2a: Porygon2|Tera Blast|p1a: Weezing
|-activate|p1a: Weezing|move: Protect
|
|-status|p2b: Ursaluna|brn|[from] item: Flame Orb
|upkeep
|turn|5
|
|t:|1756286810
|switch|p2a: Incineroar|Incineroar, L50, M|100/100
|move|p1b: Incineroar|Parting Shot|p2b: Ursaluna
|-unboost|p2b: Ursaluna|atk|1
|-unboost|p2b: Ursaluna|spa|1
|
|t:|1756286820
|switch|p1b: Dragapult|Dragapult, L50, M, shiny, tera:Stellar|21/100|[from] Parting Shot
|move|p2b: Ursaluna|Earthquake|p1a: Weezing|[spread] p2a,p1a,p1b
|-supereffective|p2a: Incineroar
|-supereffective|p1a: Weezing
|-damage|p2a: Incineroar|69/100
|-damage|p1a: Weezing|13/100
|-damage|p1b: Dragapult|0 fnt
|faint|p1b: Dragapult
|move|p1a: Weezing|Gunk Shot|p2a: Incineroar
|-damage|p2a: Incineroar|31/100
|-enditem|p2a: Incineroar|Sitrus Berry|[eat]
|-heal|p2a: Incineroar|55/100|[from] item: Sitrus Berry
|
|-damage|p2b: Ursaluna|95/100 brn|[from] brn
|upkeep
|
|t:|1756286836
|switch|p1b: Incineroar|Incineroar, L50, M|76/100
|turn|6
|
|t:|1756286852
|move|p1a: Weezing|Protect|p1a: Weezing
|-singleturn|p1a: Weezing|Protect
|move|p2a: Incineroar|Fake Out|p1b: Incineroar
|-crit|p1b: Incineroar
|-damage|p1b: Incineroar|60/100
|cant|p1b: Incineroar|flinch
|move|p2b: Ursaluna|Earthquake|p1a: Weezing|[spread] p2a,p1b
|-activate|p1a: Weezing|move: Protect
|-supereffective|p2a: Incineroar
|-supereffective|p1b: Incineroar
|-damage|p2a: Incineroar|24/100
|-damage|p1b: Incineroar|30/100
|
|-damage|p2b: Ursaluna|89/100 brn|[from] brn
|upkeep
|turn|7
|
|t:|1756286872
|move|p2a: Incineroar|Flare Blitz|p1a: Weezing
|-crit|p1a: Weezing
|-damage|p1a: Weezing|0 fnt
|faint|p1a: Weezing
|-end|p1a: Weezing|ability: Neutralizing Gas
|-ability|p2a: Incineroar|Intimidate|boost
|-unboost|p1b: Incineroar|atk|1
|-ability|p1b: Incineroar|Intimidate|boost
|-unboost|p2a: Incineroar|atk|1
|-unboost|p2b: Ursaluna|atk|1
|-damage|p2a: Incineroar|20/100|[from] Recoil
|move|p1b: Incineroar|Flare Blitz|p2a: Incineroar
|-resisted|p2a: Incineroar
|-damage|p2a: Incineroar|4/100
|-damage|p1b: Incineroar|24/100|[from] Recoil
|move|p2b: Ursaluna|Facade|p1b: Incineroar
|-damage|p1b: Incineroar|0 fnt
|faint|p1b: Incineroar
|
|-damage|p2b: Ursaluna|83/100 brn|[from] brn
|upkeep
|
|t:|1756286888
|switch|p1a: Ursaluna|Ursaluna-Bloodmoon, L50, M|100/100
|turn|8
|
|t:|1756286899
|move|p2a: Incineroar|Flare Blitz|p1a: Ursaluna
|-damage|p1a: Ursaluna|75/100
|-damage|p2a: Incineroar|0 fnt|[from] Recoil
|faint|p2a: Incineroar
|move|p2b: Ursaluna|Facade|p1a: Ursaluna
|-damage|p1a: Ursaluna|26/100
|move|p1a: Ursaluna|Hyper Voice|p2b: Ursaluna
|-damage|p2b: Ursaluna|31/100 brn
|
|-damage|p2b: Ursaluna|26/100 brn|[from] brn
|upkeep
|
|t:|1756286907
|switch|p2a: Porygon2|Porygon2, L50|1/100
|-ability|p2a: Porygon2|Download|boost
|-boost|p2a: Porygon2|spa|1
|turn|9
|
|t:|1756286917
|move|p2b: Ursaluna|Protect|p2b: Ursaluna
|-singleturn|p2b: Ursaluna|Protect
|move|p1a: Ursaluna|Vacuum Wave|p2b: Ursaluna
|-activate|p2b: Ursaluna|move: Protect
|move|p2a: Porygon2|Ice Beam|p1a: Ursaluna
|-supereffective|p1a: Ursaluna
|-damage|p1a: Ursaluna|0 fnt
|faint|p1a: Ursaluna
|
|win|jumplufffan123
||superandry is ready for game 3.
||jumplufffan123 is ready for game 3.
|uhtml|next|Next: Game 3 of 3
|l|☆jumplufffan123
|player|p2|
