|j|☆jchase42
|j|☆patata navidenya
|html|jchase42patata navidenya    
|uhtml|bestof|Game 1 of a best-of-3
|t:|1756338970
|gametype|doubles
|player|p1|jchase42|hiker-gen4|1133
|player|p2|patata navidenya|cilan|1267
|gen|9
|tier|[Gen 9] VGC 2025 Reg H (Bo3)
|rated|
|rule|Species Clause: Limit one of each Pokémon
|rule|Item Clause: Limit 1 of each item
|clearpoke
|poke|p1|Indeedee-F, L50, F|
|poke|p1|Torkoal, L50, M|
|poke|p1|Gallade, L50, M|
|poke|p1|Hatterene, L50, F|
|poke|p1|Maushold-Four, L50|
|poke|p1|Sinistcha, L50|
|poke|p2|Pelipper, L50, M|
|poke|p2|Archaludon, L50, M|
|poke|p2|Sinistcha, L50|
|poke|p2|Incineroar, L50, M|
|poke|p2|Dragonite, L50, F|
|poke|p2|Basculegion, L50, M|
|teampreview|4
|showteam|p1|Indeedee-F||PsychicSeed|PsychicSurge|Psychic,FollowMe,HelpingHand,TrickRoom|||F|||50|,,,,,Grass]Torkoal||ChoiceSpecs|Drought|Eruption,HeatWave,WeatherBall,EarthPower|||M|||50|,,,,,Fire]Gallade||ClearAmulet|Sharpness|PsychoCut,SacredSword,WideGuard,TrickRoom|||M|||50|,,,,,Grass]Hatterene||CovertCloak|MagicBounce|ExpandingForce,DazzlingGleam,Protect,TrickRoom|||F|||50|,,,,,Fire]Maushold-Four||WideLens|Technician|PopulationBomb,Taunt,FollowMe,Protect||||||50|,,,,,Fire]Sinistcha||SitrusBerry|Hospitality|MatchaGotcha,ShadowBall,RagePowder,TrickRoom||||||50|,,,,,Fairy
|showteam|p2|Pelipper||FocusSash|Drizzle|MuddyWater,Hurricane,WideGuard,Protect|||M|||50|,,,,,Ghost]Archaludon||AssaultVest|Stamina|FlashCannon,ElectroShot,BodyPress,Snarl|||M|||50|,,,,,Bug]Sinistcha||SitrusBerry|Hospitality|MatchaGotcha,RagePowder,LifeDew,TrickRoom||||||50|,,,,,Fire]Incineroar||SafetyGoggles|Intimidate|KnockOff,Taunt,PartingShot,FakeOut|||M|||50|,,,,,Ghost]Dragonite||LoadedDice|Multiscale|ScaleShot,Tailwind,Haze,Protect|||F|||50|,,,,,Fairy]Basculegion||LifeOrb|SwiftSwim|WaveCrash,AquaJet,LastRespects,Protect|||M|||50|,,,,,Water
|inactive|Battle timer is ON: inactive players will automatically lose when time's up. (requested by patata navidenya)
|inactive|jchase42 has 60 seconds left.
|inactive|patata navidenya has 60 seconds left.
|
|t:|1756339023
|teamsize|p1|4
|teamsize|p2|4
|start
|switch|p1a: Indeedee|Indeedee-F, L50, F|100/100
|switch|p1b: Gallade|Gallade, L50, M|100/100
|switch|p2a: Pelipper|Pelipper, L50, M|100/100
|switch|p2b: Incineroar|Incineroar, L50, M|100/100
|-weather|RainDance|[from] ability: Drizzle|[of] p2a: Pelipper
|-fieldstart|move: Psychic Terrain|[from] ability: Psychic Surge|[of] p1a: Indeedee
|-enditem|p1a: Indeedee|Psychic Seed
|-boost|p1a: Indeedee|spd|1|[from] item: Psychic Seed
|-ability|p2b: Incineroar|Intimidate|boost
|-unboost|p1a: Indeedee|atk|1
|-fail|p1b: Gallade|unboost|[from] item: Clear Amulet|[of] p1b: Gallade
|turn|1
|inactive|jchase42 has 30 seconds left.
|
|t:|1756339052
|move|p1a: Indeedee|Follow Me|p1a: Indeedee
|-singleturn|p1a: Indeedee|move: Follow Me
|move|p2a: Pelipper|Muddy Water|p1b: Gallade|[spread] p1a,p1b
|-damage|p1a: Indeedee|71/100
|-damage|p1b: Gallade|59/100
|move|p1b: Gallade|Sacred Sword|p2b: Incineroar
|-supereffective|p2b: Incineroar
|-damage|p2b: Incineroar|0 fnt
|faint|p2b: Incineroar
|
|-weather|RainDance|[upkeep]
|upkeep
|
|t:|1756339061
|switch|p2b: Dragonite|Dragonite, L50, F|100/100
|turn|2
|inactive|jchase42 has 30 seconds left.
|inactive|jchase42 has 20 seconds left.
|inactive|jchase42 has 15 seconds left.
|
|t:|1756339102
|switch|p1b: Hatterene|Hatterene, L50, F|100/100
|move|p2b: Dragonite|Scale Shot|p1a: Indeedee
|-damage|p1a: Indeedee|59/100
|-damage|p1a: Indeedee|47/100
|-damage|p1a: Indeedee|34/100
|-damage|p1a: Indeedee|23/100
|-damage|p1a: Indeedee|10/100
|-hitcount|p1a: Indeedee|5
|-unboost|p2b: Dragonite|def|1
|-boost|p2b: Dragonite|spe|1
|move|p2a: Pelipper|Hurricane|p1b: Hatterene
|-damage|p1b: Hatterene|45/100
|move|p1a: Indeedee|Trick Room|p1a: Indeedee
|-fieldstart|move: Trick Room|[of] p1a: Indeedee
|
|-weather|RainDance|[upkeep]
|upkeep
|turn|3
|inactive|jchase42 has 30 seconds left.
|inactive|patata navidenya has 30 seconds left.
|inactive|jchase42 has 20 seconds left.
|
|t:|1756339143
|move|p2a: Pelipper|Protect|p2a: Pelipper
|-singleturn|p2a: Pelipper|Protect
|move|p1b: Hatterene|Dazzling Gleam|p2b: Dragonite|[spread] p2b
|-activate|p2a: Pelipper|move: Protect
|-supereffective|p2b: Dragonite
|-damage|p2b: Dragonite|66/100
|move|p1a: Indeedee|Psychic|p2a: Pelipper
|-activate|p2a: Pelipper|move: Protect
|move|p2b: Dragonite|Scale Shot|p1a: Indeedee
|-damage|p1a: Indeedee|0 fnt
|faint|p1a: Indeedee
|-hitcount|p1: Indeedee|1
|-unboost|p2b: Dragonite|def|1
|-boost|p2b: Dragonite|spe|1
|
|-weather|RainDance|[upkeep]
|upkeep
|
|t:|1756339161
|switch|p1a: Torkoal|Torkoal, L50, M|100/100
|-weather|SunnyDay|[from] ability: Drought|[of] p1a: Torkoal
|turn|4
|
|t:|1756339174
|move|p2a: Pelipper|Wide Guard|p2a: Pelipper
|-singleturn|p2a: Pelipper|Wide Guard
|move|p1a: Torkoal|Weather Ball|p2a: Pelipper
|-resisted|p2a: Pelipper
|-damage|p2a: Pelipper|17/100
|move|p1b: Hatterene|Dazzling Gleam|p2b: Dragonite|[spread] 
|-activate|p2a: Pelipper|move: Wide Guard
|-activate|p2b: Dragonite|move: Wide Guard
|move|p2b: Dragonite|Scale Shot|p1a: Torkoal
|-damage|p1a: Torkoal|90/100
|-damage|p1a: Torkoal|79/100
|-damage|p1a: Torkoal|67/100
|-damage|p1a: Torkoal|57/100
|-hitcount|p1a: Torkoal|4
|-unboost|p2b: Dragonite|def|1
|-boost|p2b: Dragonite|spe|1
|
|-weather|SunnyDay|[upkeep]
|upkeep
|turn|5
|inactive|jchase42 has 30 seconds left.
|inactive|patata navidenya has 30 seconds left.
|inactive|patata navidenya has 20 seconds left.
|
|t:|1756339209
|switch|p1a: Gallade|Gallade, L50, M|59/100
|switch|p2a: Archaludon|Archaludon, L50, M|100/100
|move|p2b: Dragonite|Protect|p2b: Dragonite
|-singleturn|p2b: Dragonite|Protect
|move|p1b: Hatterene|Dazzling Gleam|p2a: Archaludon|[spread] p2a
|-activate|p2b: Dragonite|move: Protect
|-damage|p2a: Archaludon|73/100
|-ability|p2a: Archaludon|Stamina|boost
|-boost|p2a: Archaludon|def|1
|
|-weather|SunnyDay|[upkeep]
|-fieldend|move: Psychic Terrain
|upkeep
|turn|6
|
|t:|1756339232
|-terastallize|p2a: Archaludon|Bug
|move|p1b: Hatterene|Dazzling Gleam|p2a: Archaludon|[spread] p2a,p2b
|-supereffective|p2b: Dragonite
|-damage|p2a: Archaludon|46/100
|-damage|p2b: Dragonite|0 fnt
|-ability|p2a: Archaludon|Stamina|boost
|-boost|p2a: Archaludon|def|1
|faint|p2b: Dragonite
|move|p1a: Gallade|Sacred Sword|p2a: Archaludon
|-resisted|p2a: Archaludon
|-damage|p2a: Archaludon|22/100
|-ability|p2a: Archaludon|Stamina|boost
|-boost|p2a: Archaludon|def|1
|move|p2a: Archaludon|Snarl|p1a: Gallade|[spread] p1a,p1b
|-damage|p1a: Gallade|48/100
|-damage|p1b: Hatterene|32/100
|
|-weather|SunnyDay|[upkeep]
|-fieldend|move: Trick Room
|upkeep
|
|t:|1756339250
|switch|p2b: Pelipper|Pelipper, L50, M|17/100
|-weather|RainDance|[from] ability: Drizzle|[of] p2b: Pelipper
|turn|7
|inactive|jchase42 has 30 seconds left.
|
|t:|1756339281
|switch|p1a: Torkoal|Torkoal, L50, M|57/100
|-weather|SunnyDay|[from] ability: Drought|[of] p1a: Torkoal
|move|p2a: Archaludon|Flash Cannon|p1b: Hatterene
|-supereffective|p1b: Hatterene
|-crit|p1b: Hatterene
|-damage|p1b: Hatterene|0 fnt
|faint|p1b: Hatterene
|move|p2b: Pelipper|Hurricane|p1a: Torkoal|[miss]
|-miss|p2b: Pelipper|p1a: Torkoal
|
|-weather|SunnyDay|[upkeep]
|upkeep
|
|t:|1756339291
|switch|p1b: Gallade|Gallade, L50, M|48/100
|turn|8
|inactive|jchase42 has 30 seconds left.
|inactive|jchase42 has 20 seconds left.
|
|t:|1756339330
|move|p2a: Archaludon|Body Press|p1a: Torkoal
|-damage|p1a: Torkoal|10/100
|move|p2b: Pelipper|Hurricane|p1b: Gallade|[miss]
|-miss|p2b: Pelipper|p1b: Gallade
|move|p1a: Torkoal|Weather Ball|p2b: Pelipper
|-resisted|p2b: Pelipper
|-damage|p2b: Pelipper|0 fnt
|faint|p2b: Pelipper
|move|p1b: Gallade|Trick Room|p1b: Gallade
|-fieldstart|move: Trick Room|[of] p1b: Gallade
|
|-weather|SunnyDay|[upkeep]
|upkeep
|turn|9
|
|t:|1756339343
|move|p1a: Torkoal|Weather Ball|p2a: Archaludon
|-supereffective|p2a: Archaludon
|-damage|p2a: Archaludon|0 fnt
|faint|p2a: Archaludon
|
|win|jchase42
||patata navidenya is ready for game 2.
||jchase42 is ready for game 2.
|uhtml|next|Next: Game 2 of 3
|l|☆patata navidenya
|player|p2|
