|j|☆ssooner
|j|☆sergio23perez
|html|ssoonersergio23perez    
|uhtml|bestof|Game 2 of a best-of-3
|t:|1785388735
|gametype|doubles
|player|p1|ssooner|wallace|1189
|player|p2|sergio23perez|170|1396
|gen|9
|tier|[Gen 9 Champions] VGC 2026 Reg M-B (Bo3)
|rated|
|rule|Species Clause: Limit one of each Pokémon
|rule|Item Clause: Limit 1 of each item
|clearpoke
|poke|p1|Venusaur, L50, F|
|poke|p1|Aerodactyl, L50, M|
|poke|p1|Sneasler, L50, M|
|poke|p1|Charizard, L50, F|
|poke|p1|Basculegion, L50, M|
|poke|p1|Kingambit, L50, F|
|poke|p2|Whimsicott, L50, F|
|poke|p2|Charizard, L50, F, shiny|
|poke|p2|Kingambit, L50, F|
|poke|p2|Floette-Eternal, L50, F|
|poke|p2|Garchomp, L50, M|
|poke|p2|Basculegion, L50, M|
|teampreview|4
|showteam|p1|Venusaur||LifeOrb|Chlorophyll|LeafStorm,SludgeBomb,SleepPowder,EarthPower|Modest||F|||50|]Aerodactyl||Aerodactylite|Unnerve|Protect,RockSlide,Tailwind,DualWingbeat|Jolly||M|||50|]Sneasler||FocusSash|Unburden|CloseCombat,DireClaw,FakeOut,Protect|Jolly||M|||50|]Charizard||CharizarditeY|Blaze|HeatWave,SolarBeam,WeatherBall,Protect|Modest||F|||50|]Basculegion||MysticWater|Adaptability|AquaJet,LastRespects,Protect,WaveCrash|Adamant||M|||50|]Kingambit||BlackGlasses|Defiant|KowtowCleave,Protect,SuckerPunch,SwordsDance|Adamant||F|||50|
|showteam|p2|Whimsicott||FocusSash|Prankster|Protect,Tailwind,Encore,Moonblast|Timid||F|||50|]Charizard||CharizarditeY|SolarPower|SolarBeam,HeatWave,Protect,WeatherBall|Timid||F|||50|]Kingambit||ChopleBerry|Defiant|Protect,SuckerPunch,KowtowCleave,LowKick|Adamant||F|||50|]Floette-Eternal||Floettite|FlowerVeil|LightofRuin,Moonblast,DazzlingGleam,Protect|Modest||F|||50|]Garchomp||LifeOrb|RoughSkin|RockSlide,Protect,DragonClaw,StompingTantrum|Jolly||M|||50|]Basculegion||ChoiceScarf|Adaptability|AquaJet,LastRespects,WaveCrash,FlipTurn|Jolly||M|||50|
|inactive|Battle timer is ON: inactive players will automatically lose when time's up. (requested by sergio23perez)
|inactive|ssooner also wants the timer to be on.
|
|t:|1785388754
|teamsize|p1|4
|teamsize|p2|4
|start
|switch|p1a: Kingambit|Kingambit, L50, F|100/100
|switch|p1b: Sneasler|Sneasler, L50, M|100/100
|switch|p2a: Whimsicott|Whimsicott, L50, F|100/100
|switch|p2b: Garchomp|Garchomp, L50, M|100/100
|turn|1
|
|t:|1785388773
|switch|p2b: Kingambit|Kingambit, L50, F|100/100
|move|p1b: Sneasler|Fake Out|p2b: Kingambit
|-resisted|p2b: Kingambit|1
|-damage|p2b: Kingambit|94/100
|move|p2a: Whimsicott|Tailwind|p2a: Whimsicott
|-sidestart|p2: sergio23perez|move: Tailwind
|move|p1a: Kingambit|Swords Dance|p1a: Kingambit
|-boost|p1a: Kingambit|atk|2
|
|upkeep
|turn|2
|
|t:|1785388786
|switch|p1b: Charizard|Charizard, L50, F|100/100
|move|p1a: Kingambit|Protect|p1a: Kingambit
|-singleturn|p1a: Kingambit|Protect
|move|p2a: Whimsicott|Encore||[still]
|-fail|p2a: Whimsicott
|move|p2b: Kingambit|Low Kick|p1a: Kingambit
|-activate|p1a: Kingambit|move: Protect
|
|upkeep
|turn|3
|
|t:|1785388806
|switch|p1a: Venusaur|Venusaur, L50, F|100/100
|detailschange|p1b: Charizard|Charizard-Mega-Y, L50, F
|-mega|p1b: Charizard|Charizard|Charizardite Y
|-weather|SunnyDay|[from] ability: Drought|[of] p1b: Charizard
|move|p2a: Whimsicott|Moonblast|p1b: Charizard
|-resisted|p1b: Charizard|1
|-damage|p1b: Charizard|83/100
|move|p1b: Charizard|Heat Wave|p2a: Whimsicott|[spread] p2a,p2b
|-supereffective|p2a: Whimsicott|1
|-supereffective|p2b: Kingambit|1
|-enditem|p2a: Whimsicott|Focus Sash
|-damage|p2a: Whimsicott|1/100
|-damage|p2b: Kingambit|0 fnt
|faint|p2b: Kingambit
|
|-weather|SunnyDay|[upkeep]
|upkeep
|
|t:|1785388812
|switch|p2b: Charizard|Charizard, L50, F, shiny|100/100
|turn|4
|
|t:|1785388835
|detailschange|p2b: Charizard|Charizard-Mega-Y, L50, F, shiny
|-mega|p2b: Charizard|Charizard|Charizardite Y
|move|p2a: Whimsicott|Protect|p2a: Whimsicott
|-singleturn|p2a: Whimsicott|Protect
|move|p2b: Charizard|Heat Wave|p1a: Venusaur|[spread] p1a,p1b
|-supereffective|p1a: Venusaur|1
|-resisted|p1b: Charizard|1
|-damage|p1a: Venusaur|0 fnt
|-damage|p1b: Charizard|51/100
|faint|p1a: Venusaur
|move|p1b: Charizard|Heat Wave|p2b: Charizard|[spread] p2b
|-activate|p2a: Whimsicott|move: Protect
|-resisted|p2b: Charizard|1
|-damage|p2b: Charizard|65/100
|
|-weather|SunnyDay|[upkeep]
|-sideend|p2: sergio23perez|move: Tailwind
|upkeep
|
|t:|1785388848
|switch|p1a: Sneasler|Sneasler, L50, M|100/100
|turn|5
|
|t:|1785388855
|switch|p2a: Garchomp|Garchomp, L50, M|100/100
|move|p1a: Sneasler|Fake Out|p2a: Garchomp
|-damage|p2a: Garchomp|86/100
|-damage|p1a: Sneasler|87/100|[from] ability: Rough Skin|[of] p2a: Garchomp
|move|p2b: Charizard|Heat Wave|p1a: Sneasler|[spread] p1a
|-miss|p2b: Charizard|p1b: Charizard
|-damage|p1a: Sneasler|0 fnt
|faint|p1a: Sneasler
|move|p1b: Charizard|Weather Ball|p2b: Charizard
|-resisted|p2b: Charizard|1
|-crit|p2b: Charizard
|-damage|p2b: Charizard|0 fnt
|faint|p2b: Charizard
|
|-weather|SunnyDay|[upkeep]
|upkeep
|
|t:|1785388870
|switch|p1a: Kingambit|Kingambit, L50, F|100/100
|switch|p2b: Whimsicott|Whimsicott, L50, F|1/100
|turn|6
|
|t:|1785388883
|move|p1b: Charizard|Protect|p1b: Charizard
|-singleturn|p1b: Charizard|Protect
|move|p1a: Kingambit|Sucker Punch|p2a: Garchomp
|-damage|p2a: Garchomp|39/100
|-damage|p1a: Kingambit|87/100|[from] ability: Rough Skin|[of] p2a: Garchomp
|move|p2b: Whimsicott|Moonblast|p1a: Kingambit
|-damage|p1a: Kingambit|57/100
|move|p2a: Garchomp|Stomping Tantrum|p1a: Kingambit
|-supereffective|p1a: Kingambit|1
|-damage|p1a: Kingambit|0 fnt
|faint|p1a: Kingambit
|-damage|p2a: Garchomp|29/100|[from] item: Life Orb
|
|-weather|SunnyDay|[upkeep]
|upkeep
|turn|7
|
|t:|1785388898
|move|p2b: Whimsicott|Moonblast|p1b: Charizard
|-resisted|p1b: Charizard|1
|-damage|p1b: Charizard|35/100
|move|p2a: Garchomp|Dragon Claw|p1b: Charizard
|-damage|p1b: Charizard|0 fnt
|faint|p1b: Charizard
|-damage|p2a: Garchomp|20/100r|[from] item: Life Orb
|
|win|sergio23perez
