|j|☆fluffym1n
|j|☆endertytar
|html|fluffym1nendertytar    
|uhtml|bestof|Game 2 of a best-of-3
|t:|1756231212
|gametype|doubles
|player|p1|fluffym1n|lucas-gen4pt|1142
|player|p2|endertytar|266|1181
|gen|9
|tier|[Gen 9] VGC 2025 Reg H (Bo3)
|rated|
|rule|Species Clause: Limit one of each Pokémon
|rule|Item Clause: Limit 1 of each item
|clearpoke
|poke|p1|Incineroar, L50, F|
|poke|p1|Sneasler, L50, F|
|poke|p1|Amoonguss, L50, F|
|poke|p1|Garchomp, L50, F|
|poke|p1|Gholdengo, L50|
|poke|p1|Porygon2, L50|
|poke|p2|Tyranitar, L50, M|
|poke|p2|Dondozo, L50, F|
|poke|p2|Sneasler, L50, M|
|poke|p2|Gholdengo, L50|
|poke|p2|Indeedee, L50, M|
|poke|p2|Volcarona, L50, M|
|teampreview|4
|showteam|p1|Incineroar||SafetyGoggles|Intimidate|FakeOut,KnockOff,FlareBlitz,PartingShot|||F|||50|,,,,,Ghost]Sneasler||FocusSash|Unburden|DireClaw,CloseCombat,FakeOut,Protect|||F|||50|,,,,,Stellar]Amoonguss||SitrusBerry|Regenerator|PollenPuff,Spore,RagePowder,Protect|||F|||50|,,,,,Water]Garchomp||LifeOrb|RoughSkin|Earthquake,DragonClaw,StompingTantrum,Protect|||F|||50|,,,,,Water]Gholdengo||MetalCoat|GoodasGold|MakeItRain,ShadowBall,NastyPlot,Protect||||||50|,,,,,Water]Porygon2||Eviolite|Download|IceBeam,TeraBlast,Recover,TrickRoom||||||50|,,,,,Fighting
|showteam|p2|Tyranitar||ClearAmulet|SandStream|Protect,DragonDance,RockSlide,KnockOff|||M|||50|,,,,,Ghost]Dondozo||Leftovers|Unaware|Protect,Yawn,Liquidation,Substitute|||F|||50|,,,,,Grass]Sneasler||PsychicSeed|Unburden|CloseCombat,DireClaw,Coaching,Protect|||M|||50|,,,,,Dark]Gholdengo||MetalCoat|GoodasGold|Protect,NastyPlot,ShadowBall,MakeItRain||||||50|,,,,,Steel]Indeedee||ChoiceScarf|PsychicSurge|Trick,ExpandingForce,TrickRoom,Protect|||M|||50|,,,,,Psychic]Volcarona||SitrusBerry|FlameBody|Tailwind,FieryDance,StruggleBug,RagePowder|||M|||50|,,,,,Grass
|inactive|Battle timer is ON: inactive players will automatically lose when time's up. (requested by endertytar)
|
|t:|1756231232
|teamsize|p1|4
|teamsize|p2|4
|start
|switch|p1a: Incineroar|Incineroar, L50, F|100/100
|switch|p1b: Sneasler|Sneasler, L50, F|100/100
|switch|p2a: Dondozo|Dondozo, L50, F|100/100
|switch|p2b: Indeedee|Indeedee, L50, M|100/100
|-fieldstart|move: Psychic Terrain|[from] ability: Psychic Surge|[of] p2b: Indeedee
|-ability|p1a: Incineroar|Intimidate|boost
|-unboost|p2a: Dondozo|atk|1
|-unboost|p2b: Indeedee|atk|1
|turn|1
|inactive|endertytar has 30 seconds left.
|inactive|endertytar has 20 seconds left.
|inactive|endertytar has 15 seconds left.
|inactive|endertytar has 10 seconds left.
|
|t:|1756231280
|move|p2b: Indeedee|Protect|p2b: Indeedee
|-singleturn|p2b: Indeedee|Protect
|move|p1b: Sneasler|Protect|p1b: Sneasler
|-singleturn|p1b: Sneasler|Protect
|move|p1a: Incineroar|Knock Off|p2b: Indeedee
|-activate|p2b: Indeedee|move: Protect
|move|p2a: Dondozo|Yawn|p1a: Incineroar
|-start|p1a: Incineroar|move: Yawn|[of] p2a: Dondozo
|
|upkeep
|turn|2
|
|t:|1756231293
|switch|p2b: Gholdengo|Gholdengo, L50|100/100
|move|p1b: Sneasler|Dire Claw|p2a: Dondozo
|-damage|p2a: Dondozo|73/100
|-status|p2a: Dondozo|slp
|move|p1a: Incineroar|Parting Shot|p2a: Dondozo
|-unboost|p2a: Dondozo|atk|1
|-unboost|p2a: Dondozo|spa|1
|
|t:|1756231301
|switch|p1a: Garchomp|Garchomp, L50, F|100/100|[from] Parting Shot
|cant|p2a: Dondozo|slp
|
|-heal|p2a: Dondozo|79/100 slp|[from] item: Leftovers
|upkeep
|turn|3
|
|t:|1756231317
|move|p1b: Sneasler|Protect|p1b: Sneasler
|-singleturn|p1b: Sneasler|Protect
|move|p2b: Gholdengo|Protect|p2b: Gholdengo
|-singleturn|p2b: Gholdengo|Protect
|move|p1a: Garchomp|Earthquake|p2a: Dondozo|[spread] p2a
|-activate|p1b: Sneasler|move: Protect
|-activate|p2b: Gholdengo|move: Protect
|-damage|p2a: Dondozo|43/100 slp
|-damage|p1a: Garchomp|91/100|[from] item: Life Orb
|cant|p2a: Dondozo|slp
|
|-heal|p2a: Dondozo|49/100 slp|[from] item: Leftovers
|upkeep
|turn|4
|
|t:|1756231336
|switch|p2b: Indeedee|Indeedee, L50, M|100/100
|move|p1b: Sneasler|Dire Claw|p2a: Dondozo
|-damage|p2a: Dondozo|24/100 slp
|move|p1a: Garchomp|Stomping Tantrum|p2b: Indeedee
|-damage|p2b: Indeedee|0 fnt
|faint|p2b: Indeedee
|-damage|p1a: Garchomp|81/100|[from] item: Life Orb
|-curestatus|p2a: Dondozo|slp|[msg]
|move|p2a: Dondozo|Yawn|p1b: Sneasler
|-start|p1b: Sneasler|move: Yawn|[of] p2a: Dondozo
|
|-heal|p2a: Dondozo|30/100|[from] item: Leftovers
|upkeep
|
|t:|1756231352
|switch|p2b: Tyranitar|Tyranitar, L50, M|100/100
|-weather|Sandstorm|[from] ability: Sand Stream|[of] p2b: Tyranitar
|turn|5
|
|t:|1756231368
|switch|p1b: Gholdengo|Gholdengo, L50|100/100
|switch|p2a: Gholdengo|Gholdengo, L50|100/100
|-terastallize|p2b: Tyranitar|Ghost
|move|p1a: Garchomp|Stomping Tantrum|p2a: Gholdengo
|-supereffective|p2a: Gholdengo
|-damage|p2a: Gholdengo|0 fnt
|faint|p2a: Gholdengo
|-damage|p1a: Garchomp|71/100|[from] item: Life Orb
|move|p2b: Tyranitar|Dragon Dance|p2b: Tyranitar
|-boost|p2b: Tyranitar|atk|1
|-boost|p2b: Tyranitar|spe|1
|
|-weather|Sandstorm|[upkeep]
|-damage|p2b: Tyranitar|94/100|[from] Sandstorm
|-fieldend|move: Psychic Terrain
|upkeep
|
|t:|1756231378
|switch|p2a: Dondozo|Dondozo, L50, F|30/100
|turn|6
|
|t:|1756231387
|-terastallize|p1b: Gholdengo|Water
|move|p2b: Tyranitar|Knock Off|p1b: Gholdengo
|-damage|p1b: Gholdengo|19/100
|-enditem|p1b: Gholdengo|Metal Coat|[from] move: Knock Off|[of] p2b: Tyranitar
|move|p1a: Garchomp|Stomping Tantrum|p2a: Dondozo
|-damage|p2a: Dondozo|0 fnt
|faint|p2a: Dondozo
|-damage|p1a: Garchomp|61/100|[from] item: Life Orb
|move|p1b: Gholdengo|Shadow Ball|p2b: Tyranitar
|-supereffective|p2b: Tyranitar
|-damage|p2b: Tyranitar|12/100
|
|-weather|Sandstorm|[upkeep]
|-damage|p2b: Tyranitar|6/100|[from] Sandstorm
|-damage|p1b: Gholdengo|13/100|[from] Sandstorm
|upkeep
|turn|7
|
|t:|1756231399
|move|p1a: Garchomp|Protect|p1a: Garchomp
|-singleturn|p1a: Garchomp|Protect
|move|p1b: Gholdengo|Protect|p1b: Gholdengo
|-singleturn|p1b: Gholdengo|Protect
|move|p2b: Tyranitar|Rock Slide|p1b: Gholdengo|[spread] 
|-activate|p1a: Garchomp|move: Protect
|-activate|p1b: Gholdengo|move: Protect
|
|-weather|Sandstorm|[upkeep]
|-damage|p2b: Tyranitar|0 fnt|[from] Sandstorm
|-damage|p1b: Gholdengo|7/100|[from] Sandstorm
|faint|p2b: Tyranitar
|
|win|fluffym1n
|raw|fluffym1n's rating: 1142 → 1170(+28 for winning)
|raw|endertytar's rating: 1181 → 1153(-28 for losing)
