|j|☆eutherians
|j|☆calciumnyl
|html|eutherianscalciumnyl    
|uhtml|bestof|Game 1 of a best-of-3
|t:|1757231140
|gametype|doubles
|player|p1|eutherians|2|1233
|player|p2|calciumnyl|erika-gen1|1232
|gen|9
|tier|[Gen 9] VGC 2025 Reg H (Bo3)
|rated|
|rule|Species Clause: Limit one of each Pokémon
|rule|Item Clause: Limit 1 of each item
|clearpoke
|poke|p1|Dragonite, L50, F|
|poke|p1|Sneasler, L50, F|
|poke|p1|Indeedee-F, L50, F|
|poke|p1|Basculegion, L50, M|
|poke|p1|Annihilape, L50, F|
|poke|p1|Volcarona, L50, F|
|poke|p2|Kommo-o, L50, F|
|poke|p2|Electabuzz, L50, F|
|poke|p2|Gholdengo, L50|
|poke|p2|Incineroar, L50, F|
|poke|p2|Rillaboom, L50, F|
|poke|p2|Sneasler, L50, M|
|teampreview|4
|showteam|p1|Dragonite||LoadedDice|Multiscale|ScaleShot,IronHead,Haze,Protect|||F|||50|,,,,,Steel]Sneasler||PsychicSeed|Unburden|DireClaw,CloseCombat,ThroatChop,Protect|||F|||50|,,,,,Dark]Indeedee-F||LumBerry|PsychicSurge|Psychic,HelpingHand,FollowMe,Protect|||F|||50|,,,,,Fairy]Basculegion||ChoiceScarf|Adaptability|WaveCrash,LastRespects,TeraBlast,FlipTurn|||M|||50|,,,,,Fighting]Annihilape||SafetyGoggles|Defiant|RageFist,CloseCombat,FinalGambit,Taunt|||F|||50|,,,,,Fire]Volcarona||LifeOrb|FlameBody|TeraBlast,HeatWave,QuiverDance,Protect|||F|||50|,,,,,Fairy
|showteam|p2|Kommo-o||ThroatSpray|Soundproof|ClangorousSoul,ClangingScales,Flamethrower,Protect|||F|||50|,,,,,Fire]Electabuzz||Eviolite|VitalSpirit|FollowMe,HelpingHand,Taunt,Electroweb|||F|||50|,,,,,Dragon]Gholdengo||LifeOrb|GoodasGold|MakeItRain,ShadowBall,NastyPlot,Protect||||||50|,,,,,Water]Incineroar||SafetyGoggles|Intimidate|FakeOut,Uturn,FlareBlitz,KnockOff|||F|||50|,,,,,Ghost]Rillaboom||AssaultVest|GrassySurge|FakeOut,WoodHammer,GrassyGlide,Uturn|||F|||50|,,,,,Fire]Sneasler||FocusSash|Unburden|DireClaw,CloseCombat,ThroatChop,Protect|||M|||50|,,,,,Stellar
|inactive|Battle timer is ON: inactive players will automatically lose when time's up. (requested by calciumnyl)
|inactive|eutherians has 60 seconds left.
|inactive|calciumnyl has 60 seconds left.
|
|t:|1757231193
|teamsize|p1|4
|teamsize|p2|4
|start
|switch|p1a: Basculegion|Basculegion, L50, M|100/100
|switch|p1b: Sneasler|Sneasler, L50, F|100/100
|switch|p2a: random nickname 1|Electabuzz, L50, F|100/100
|switch|p2b: noise pollution|Kommo-o, L50, F|100/100
|turn|1
|
|t:|1757231218
|move|p2a: random nickname 1|Follow Me|p2a: random nickname 1
|-singleturn|p2a: random nickname 1|move: Follow Me
|move|p1a: Basculegion|Wave Crash|p2a: random nickname 1
|-damage|p2a: random nickname 1|33/100
|-damage|p1a: Basculegion|81/100|[from] Recoil
|move|p1b: Sneasler|Dire Claw|p2a: random nickname 1
|-damage|p2a: random nickname 1|0 fnt
|faint|p2a: random nickname 1
|move|p2b: noise pollution|Clangorous Soul|p2b: noise pollution
|-boost|p2b: noise pollution|atk|1
|-boost|p2b: noise pollution|def|1
|-boost|p2b: noise pollution|spa|1
|-boost|p2b: noise pollution|spd|1
|-boost|p2b: noise pollution|spe|1
|-damage|p2b: noise pollution|68/100
|-enditem|p2b: noise pollution|Throat Spray
|-boost|p2b: noise pollution|spa|1|[from] item: Throat Spray
|
|upkeep
|
|t:|1757231238
|switch|p2a: Rillaboom|Rillaboom, L50, F|100/100
|-fieldstart|move: Grassy Terrain|[from] ability: Grassy Surge|[of] p2a: Rillaboom
|turn|2
|
|t:|1757231251
|switch|p1a: Indeedee|Indeedee-F, L50, F|100/100
|-fieldstart|move: Psychic Terrain|[from] ability: Psychic Surge|[of] p1a: Indeedee
|-enditem|p1b: Sneasler|Psychic Seed
|-boost|p1b: Sneasler|spd|1|[from] item: Psychic Seed
|move|p1b: Sneasler|Dire Claw|p2b: noise pollution
|-damage|p2b: noise pollution|44/100
|move|p2b: noise pollution|Clanging Scales|p1a: Indeedee|[spread] p1a,p1b
|-damage|p1a: Indeedee|34/100
|-damage|p1b: Sneasler|35/100
|-unboost|p2b: noise pollution|def|1
|move|p2a: Rillaboom|Grassy Glide|p1a: Indeedee
|-damage|p1a: Indeedee|6/100
|
|upkeep
|turn|3
|
|t:|1757231274
|move|p1a: Indeedee|Helping Hand|p1b: Sneasler
|-singleturn|p1b: Sneasler|Helping Hand|[of] p1a: Indeedee
|move|p2b: noise pollution|Protect|p2b: noise pollution
|-singleturn|p2b: noise pollution|Protect
|move|p1b: Sneasler|Dire Claw|p2a: Rillaboom
|-supereffective|p2a: Rillaboom
|-damage|p2a: Rillaboom|0 fnt
|faint|p2a: Rillaboom
|
|upkeep
|
|t:|1757231282
|switch|p2a: Sneasler|Sneasler, L50, M|100/100
|turn|4
|
|t:|1757231290
|move|p1a: Indeedee|Follow Me|p1a: Indeedee
|-singleturn|p1a: Indeedee|move: Follow Me
|move|p1b: Sneasler|Dire Claw|p2b: noise pollution
|-damage|p2b: noise pollution|5/100
|-status|p2b: noise pollution|par
|move|p2a: Sneasler|Dire Claw|p1a: Indeedee
|-damage|p1a: Indeedee|0 fnt
|faint|p1a: Indeedee
|move|p2b: noise pollution|Clanging Scales|p1b: Sneasler
|-damage|p1b: Sneasler|0 fnt
|faint|p1b: Sneasler
|-unboost|p2b: noise pollution|def|1
|
|upkeep
|
|t:|1757231301
|switch|p1b: Annihilape|Annihilape, L50, F|100/100
|switch|p1a: Basculegion|Basculegion, L50, M|81/100
|turn|5
|
|t:|1757231325
|-terastallize|p1a: Basculegion|Fighting
|-terastallize|p2a: Sneasler|Stellar
|move|p1a: Basculegion|Last Respects|p2a: Sneasler
|-enditem|p2a: Sneasler|Focus Sash
|-damage|p2a: Sneasler|1/100
|move|p2a: Sneasler|Dire Claw|p1b: Annihilape
|-resisted|p1b: Annihilape
|-damage|p1b: Annihilape|71/100
|-status|p1b: Annihilape|slp
|cant|p1b: Annihilape|slp
|cant|p2b: noise pollution|par
|
|upkeep
|turn|6
|
|t:|1757231348
|move|p2a: Sneasler|Dire Claw|p1a: Basculegion
|-damage|p1a: Basculegion|28/100
|-status|p1a: Basculegion|slp
|cant|p1a: Basculegion|slp
|cant|p1b: Annihilape|slp
|move|p2b: noise pollution|Clanging Scales|p1a: Basculegion|[spread] p1a,p1b
|-damage|p1a: Basculegion|0 fnt
|-damage|p1b: Annihilape|6/100 slp
|faint|p1a: Basculegion
|-unboost|p2b: noise pollution|def|1
|
|-fieldend|move: Psychic Terrain
|upkeep
|turn|7
|c|☆eutherians|Oh
|
|t:|1757231371
|move|p2a: Sneasler|Dire Claw|p1b: Annihilape
|-resisted|p1b: Annihilape
|-damage|p1b: Annihilape|0 fnt
|faint|p1b: Annihilape
|
|win|calciumnyl
||calciumnyl is ready for game 2.
||eutherians is ready for game 2.
|uhtml|next|Next: Game 2 of 3
|l|☆eutherians
|player|p1|
