|j|☆Escanor-CS
|j|☆Its Sushiii
|html|Escanor-CSIts Sushiii    
|uhtml|bestof|Game 2 of a best-of-3
|t:|1784238831
|gametype|doubles
|player|p1|Escanor-CS|sailor|1243
|player|p2|Its Sushiii|265|1408
|gen|9
|tier|[Gen 9 Champions] VGC 2026 Reg M-B (Bo3)
|rated|
|rule|Species Clause: Limit one of each Pokémon
|rule|Item Clause: Limit 1 of each item
|clearpoke
|poke|p1|Grimmsnarl, L50, M|
|poke|p1|Staraptor, L50, F|
|poke|p1|Torkoal, L50, F|
|poke|p1|Venusaur, L50, M|
|poke|p1|Ceruledge, L50, F|
|poke|p1|Farigiraf, L50, F|
|poke|p2|Excadrill, L50, M, shiny|
|poke|p2|Tyranitar, L50, M|
|poke|p2|Farigiraf, L50, M|
|poke|p2|Sylveon, L50, M|
|poke|p2|Charizard, L50, M|
|poke|p2|Incineroar, L50, M|
|teampreview|4
|showteam|p1|Grimmsnarl||LightClay|Prankster|SpiritBreak,PartingShot,Reflect,LightScreen|Impish||M|||50|]Staraptor||Staraptite|Intimidate|CloseCombat,BraveBird,Roost,Protect|Jolly||F|||50|]Torkoal||Charcoal|Drought|Eruption,HeatWave,EarthPower,Protect|Quiet||F|||50|]Venusaur||Venusaurite|Chlorophyll|SludgeBomb,GigaDrain,EarthPower,Protect|Modest||M|||50|]Ceruledge||ColburBerry|FlashFire|ShadowSneak,BulkUp,Protect,BitterBlade|Adamant||F|||50|]Farigiraf||SitrusBerry|ArmorTail|Thunderbolt,HelpingHand,TrickRoom,Psychic|Relaxed||F|||50|
|showteam|p2|Excadrill||FocusSash|SandRush|IronHead,HighHorsepower,RockSlide,Protect|Adamant||M|||50|]Tyranitar||Tyranitarite|SandStream|RockSlide,KnockOff,IcePunch,Protect|Adamant||M|||50|]Farigiraf||SitrusBerry|ArmorTail|Psychic,Thunderbolt,TrickRoom,Protect|Relaxed||M|||50|]Sylveon||LifeOrb|Pixilate|HyperVoice,HyperBeam,QuickAttack,Detect|Modest||M|||50|]Charizard||CharizarditeY|Blaze|HeatWave,SolarBeam,WeatherBall,Protect|Modest||M|||50|]Incineroar||ShucaBerry|Intimidate|PartingShot,DarkestLariat,FlareBlitz,FakeOut|Impish||M|||50|
|inactive|Battle timer is ON: inactive players will automatically lose when time's up. (requested by Its Sushiii)
|inactive|Escanor-CS has 60 seconds left.
|
|t:|1784238870
|teamsize|p1|4
|teamsize|p2|4
|start
|switch|p1a: Ceruledge|Ceruledge, L50, F|100/100
|switch|p1b: Grimmsnarl|Grimmsnarl, L50, M|100/100
|switch|p2a: Farigiraf|Farigiraf, L50, M|100/100
|switch|p2b: Sylveon|Sylveon, L50, M|100/100
|turn|1
|
|t:|1784238891
|move|p1a: Ceruledge|Bulk Up|p1a: Ceruledge
|-boost|p1a: Ceruledge|atk|1
|-boost|p1a: Ceruledge|def|1
|move|p1b: Grimmsnarl|Spirit Break|p2b: Sylveon
|-damage|p2b: Sylveon|69/100
|-unboost|p2b: Sylveon|spa|1
|move|p2b: Sylveon|Hyper Voice|p1a: Ceruledge|[spread] p1a,p1b
|-resisted|p1a: Ceruledge|1
|-supereffective|p1b: Grimmsnarl|1
|-damage|p1a: Ceruledge|82/100
|-damage|p1b: Grimmsnarl|38/100
|-damage|p2b: Sylveon|59/100|[from] item: Life Orb
|move|p2a: Farigiraf|Trick Room|p2a: Farigiraf
|-fieldstart|move: Trick Room|[of] p2a: Farigiraf
|
|upkeep
|turn|2
|inactive|Escanor-CS has 30 seconds left.
|
|t:|1784238922
|switch|p1b: Venusaur|Venusaur, L50, M|100/100
|move|p2a: Farigiraf|Psychic|p1a: Ceruledge
|-damage|p1a: Ceruledge|52/100
|move|p2b: Sylveon|Hyper Voice|p1a: Ceruledge|[spread] p1a,p1b
|-resisted|p1a: Ceruledge|1
|-resisted|p1b: Venusaur|1
|-damage|p1a: Ceruledge|35/100
|-damage|p1b: Venusaur|83/100
|-damage|p2b: Sylveon|49/100|[from] item: Life Orb
|move|p1a: Ceruledge|Bitter Blade|p2a: Farigiraf
|-damage|p2a: Farigiraf|37/100
|-heal|p1a: Ceruledge|74/100|[from] drain|[of] p2a: Farigiraf
|-enditem|p2a: Farigiraf|Sitrus Berry|[eat]
|-heal|p2a: Farigiraf|62/100|[from] item: Sitrus Berry
|
|upkeep
|turn|3
|
|t:|1784238941
|switch|p2b: Tyranitar|Tyranitar, L50, M|100/100
|-weather|Sandstorm|[from] ability: Sand Stream|[of] p2b: Tyranitar
|move|p1b: Venusaur|Protect|p1b: Venusaur
|-singleturn|p1b: Venusaur|Protect
|move|p2a: Farigiraf|Psychic|p1b: Venusaur
|-activate|p1b: Venusaur|move: Protect
|move|p1a: Ceruledge|Bitter Blade|p2a: Farigiraf
|-damage|p2a: Farigiraf|4/100
|-heal|p1a: Ceruledge|100/100|[from] drain|[of] p2a: Farigiraf
|
|-weather|Sandstorm|[upkeep]
|-damage|p2a: Farigiraf|0 fnt|[from] Sandstorm
|-damage|p1b: Venusaur|77/100|[from] Sandstorm
|-damage|p1a: Ceruledge|93/100|[from] Sandstorm
|faint|p2a: Farigiraf
|upkeep
|
|t:|1784238958
|switch|p2a: Sylveon|Sylveon, L50, M|49/100
|turn|4
|
|t:|1784238968
|detailschange|p2b: Tyranitar|Tyranitar-Mega, L50, M
|-mega|p2b: Tyranitar|Tyranitar|Tyranitarite
|detailschange|p1b: Venusaur|Venusaur-Mega, L50, M
|-mega|p1b: Venusaur|Venusaur|Venusaurite
|move|p2a: Sylveon|Hyper Voice|p1b: Venusaur|[spread] p1a,p1b
|-resisted|p1a: Ceruledge|1
|-resisted|p1b: Venusaur|1
|-damage|p1a: Ceruledge|69/100
|-damage|p1b: Venusaur|57/100
|-damage|p2a: Sylveon|39/100|[from] item: Life Orb
|move|p2b: Tyranitar|Rock Slide|p1b: Venusaur|[spread] p1a,p1b
|-supereffective|p1a: Ceruledge|1
|-damage|p1a: Ceruledge|9/100
|-damage|p1b: Venusaur|26/100
|move|p1b: Venusaur|Giga Drain|p2b: Tyranitar
|-supereffective|p2b: Tyranitar|1
|-damage|p2b: Tyranitar|56/100
|-heal|p1b: Venusaur|50/100g|[from] drain|[of] p2b: Tyranitar
|cant|p1a: Ceruledge|flinch
|
|-weather|Sandstorm|[upkeep]
|-damage|p2a: Sylveon|33/100|[from] Sandstorm
|-damage|p1b: Venusaur|44/100|[from] Sandstorm
|-damage|p1a: Ceruledge|3/100|[from] Sandstorm
|upkeep
|turn|5
|inactive|Escanor-CS has 30 seconds left.
|inactive|Its Sushiii has 30 seconds left.
|inactive|Its Sushiii has 20 seconds left.
|inactive|Its Sushiii has 15 seconds left.
|
|t:|1784239010
|move|p1b: Venusaur|Protect|p1b: Venusaur
|-singleturn|p1b: Venusaur|Protect
|move|p1a: Ceruledge|Shadow Sneak|p2a: Sylveon
|-damage|p2a: Sylveon|0 fnt
|faint|p2a: Sylveon
|move|p2b: Tyranitar|Rock Slide|p1b: Venusaur|[spread] p1a
|-activate|p1b: Venusaur|move: Protect
|-supereffective|p1a: Ceruledge|1
|-damage|p1a: Ceruledge|0 fnt
|faint|p1a: Ceruledge
|
|-weather|Sandstorm|[upkeep]
|-damage|p1b: Venusaur|38/100|[from] Sandstorm
|-fieldend|move: Trick Room
|upkeep
|
|t:|1784239023
|switch|p1a: Grimmsnarl|Grimmsnarl, L50, M|38/100
|switch|p2a: Excadrill|Excadrill, L50, M, shiny|100/100
|turn|6
|
|t:|1784239046
|move|p2b: Tyranitar|Protect|p2b: Tyranitar
|-singleturn|p2b: Tyranitar|Protect
|move|p1a: Grimmsnarl|Parting Shot|p2a: Excadrill
|-unboost|p2a: Excadrill|atk|1
|-unboost|p2a: Excadrill|spa|1
|
|t:|1784239052
|switch|p1a: Torkoal|Torkoal, L50, F|100/100|[from] Parting Shot
|-weather|SunnyDay|[from] ability: Drought|[of] p1a: Torkoal
|move|p2a: Excadrill|High Horsepower|p1b: Venusaur
|-damage|p1b: Venusaur|9/100
|move|p1b: Venusaur|Giga Drain|p2b: Tyranitar
|-activate|p2b: Tyranitar|move: Protect
|
|-weather|SunnyDay|[upkeep]
|upkeep
|turn|7
|inactive|Its Sushiii has 30 seconds left.
|inactive|Its Sushiii has 20 seconds left.
|
|t:|1784239089
|move|p2a: Excadrill|Rock Slide|p1a: Torkoal|[spread] p1a,p1b
|-supereffective|p1a: Torkoal|1
|-damage|p1a: Torkoal|76/100
|-damage|p1b: Venusaur|0 fnt
|faint|p1b: Venusaur
|move|p2b: Tyranitar|Rock Slide|p1a: Torkoal|[miss]
|-miss|p2b: Tyranitar|p1a: Torkoal
|move|p1a: Torkoal|Heat Wave|p2b: Tyranitar|[spread] p2a,p2b
|-supereffective|p2a: Excadrill|1
|-resisted|p2b: Tyranitar|1
|-enditem|p2a: Excadrill|Focus Sash
|-damage|p2a: Excadrill|1/100
|-damage|p2b: Tyranitar|34/100
|
|-weather|SunnyDay|[upkeep]
|upkeep
|
|t:|1784239101
|switch|p1b: Grimmsnarl|Grimmsnarl, L50, M|38/100
|turn|8
|
|t:|1784239108
|move|p1b: Grimmsnarl|Reflect|p1b: Grimmsnarl
|-sidestart|p1: Escanor-CS|Reflect
|move|p2a: Excadrill|Iron Head|p1b: Grimmsnarl
|-supereffective|p1b: Grimmsnarl|1
|-damage|p1b: Grimmsnarl|0 fnt
|faint|p1b: Grimmsnarl
|move|p2b: Tyranitar|Rock Slide|p1a: Torkoal
|-supereffective|p1a: Torkoal|1
|-damage|p1a: Torkoal|24/100
|move|p1a: Torkoal|Heat Wave|p2b: Tyranitar|[spread] p2a,p2b
|-supereffective|p2a: Excadrill|1
|-resisted|p2b: Tyranitar|1
|-damage|p2a: Excadrill|0 fnt
|-damage|p2b: Tyranitar|15/100
|faint|p2a: Excadrill
|
|-weather|SunnyDay|[upkeep]
|upkeep
|turn|9
|
|t:|1784239121
|move|p2b: Tyranitar|Rock Slide|p1a: Torkoal
|-supereffective|p1a: Torkoal|1
|-damage|p1a: Torkoal|0 fnt
|faint|p1a: Torkoal
|
|win|Its Sushiii
|raw|Escanor-CS's rating: 1243 → 1229(-14 for losing)
|raw|Its Sushiii's rating: 1408 → 1419(+11 for winning)
|l|☆Escanor-CS
|player|p1|
