|j|☆Pier (Champion)
|j|☆kirkin07
|html|Pier (Champion)kirkin07    
|uhtml|bestof|Game 2 of a best-of-3
|t:|1782341106
|gametype|doubles
|player|p1|Pier (Champion)|cynthia-gen4|1202
|player|p2|kirkin07|170|1156
|gen|9
|tier|[Gen 9 Champions] VGC 2026 Reg M-B (Bo3)
|rated|
|rule|Species Clause: Limit one of each Pokémon
|rule|Item Clause: Limit 1 of each item
|clearpoke
|poke|p1|Staraptor, L50, M|
|poke|p1|Garchomp, L50, M|
|poke|p1|Gholdengo, L50|
|poke|p1|Whimsicott, L50, M|
|poke|p1|Incineroar, L50, M|
|poke|p1|Toxapex, L50, M|
|poke|p2|Blaziken, L50, M|
|poke|p2|Basculegion, L50, M|
|poke|p2|Hydreigon, L50, F|
|poke|p2|Farigiraf, L50, M|
|poke|p2|Metagross, L50|
|poke|p2|Whimsicott, L50, F|
|teampreview|4
|showteam|p1|Staraptor||Staraptite|Intimidate|DualWingbeat,CloseCombat,Protect,Roost|Jolly||M|||50|]Garchomp||LifeOrb|RoughSkin|DragonClaw,Earthquake,RockSlide,Protect|Jolly||M|||50|]Gholdengo||ChoiceScarf|GoodasGold|MakeItRain,ShadowBall,PowerGem,Trick|Timid|||||50|]Whimsicott||FocusSash|Prankster|Moonblast,Tailwind,Tickle,FakeTears|Bold||M|||50|]Incineroar||SitrusBerry|Intimidate|FlareBlitz,ThroatChop,PartingShot,FakeOut|Careful||M|||50|]Toxapex||Leftovers|Regenerator|Infestation,BanefulBunker,Toxic,WideGuard|Bold||M|||50|
|showteam|p2|Blaziken||Blazikenite|SpeedBoost|FlareBlitz,CloseCombat,Detect,RockSlide|Adamant||M|||50|]Basculegion||LifeOrb|Adaptability|AquaJet,LastRespects,WaveCrash,Protect|Adamant||M|||50|]Hydreigon||ChoiceScarf|Levitate|EarthPower,DracoMeteor,DarkPulse,Snarl|Modest||F|||50|]Farigiraf||SitrusBerry|ArmorTail|Thunderbolt,Psychic,TrickRoom,Roar|Bold||M|||50|]Metagross||Metagrossite|ClearBody|IcePunch,PsychicFangs,Protect,IronHead|Jolly|||||50|]Whimsicott||FocusSash|Prankster|EnergyBall,Moonblast,Tailwind,Protect|Timid||F|||50|
|inactive|Battle timer is ON: inactive players will automatically lose when time's up. (requested by Pier (Champion))
|inactive|kirkin07 has 60 seconds left.
|
|t:|1782341173
|teamsize|p1|4
|teamsize|p2|4
|start
|switch|p1a: Gholdengo|Gholdengo, L50|100/100
|switch|p1b: Whimsicott|Whimsicott, L50, M|100/100
|switch|p2a: Hydreigon|Hydreigon, L50, F|100/100
|switch|p2b: Whimsicott|Whimsicott, L50, F|100/100
|turn|1
|inactive|kirkin07 has 30 seconds left.
|
|t:|1782341203
|switch|p1a: Incineroar|Incineroar, L50, M|100/100
|-ability|p1a: Incineroar|Intimidate|boost
|-unboost|p2a: Hydreigon|atk|1
|-unboost|p2b: Whimsicott|atk|1
|move|p2b: Whimsicott|Tailwind|p2b: Whimsicott
|-sidestart|p2: kirkin07|move: Tailwind
|move|p2a: Hydreigon|Dark Pulse|p1a: Incineroar
|-resisted|p1a: Incineroar|1
|-damage|p1a: Incineroar|83/100
|move|p1b: Whimsicott|Moonblast|p2a: Hydreigon
|-supereffective|p2a: Hydreigon|2
|-damage|p2a: Hydreigon|0 fnt
|faint|p2a: Hydreigon
|
|upkeep
|inactive|kirkin07 has 30 seconds left.
|
|t:|1782341232
|switch|p2a: Metagross|Metagross, L50|100/100
|turn|2
|inactive|Pier (Champion) has 30 seconds left.
|inactive|kirkin07 has 30 seconds left.
|
|t:|1782341262
|detailschange|p2a: Metagross|Metagross-Mega, L50
|-mega|p2a: Metagross|Metagross|Metagrossite
|move|p1b: Whimsicott|Tailwind|p1b: Whimsicott
|-sidestart|p1: Pier (Champion)|move: Tailwind
|move|p2b: Whimsicott|Moonblast|p1a: Incineroar
|-damage|p1a: Incineroar|57/100
|-unboost|p1a: Incineroar|spa|1
|move|p2a: Metagross|Iron Head|p1a: Incineroar
|-resisted|p1a: Incineroar|1
|-damage|p1a: Incineroar|32/100
|-enditem|p1a: Incineroar|Sitrus Berry|[eat]
|-heal|p1a: Incineroar|57/100|[from] item: Sitrus Berry
|cant|p1a: Incineroar|flinch
|
|upkeep
|turn|3
|
|t:|1782341286
|switch|p1a: Gholdengo|Gholdengo, L50|100/100
|move|p1b: Whimsicott|Tickle|p2a: Metagross
|-unboost|p2a: Metagross|atk|1
|-unboost|p2a: Metagross|def|1
|move|p2b: Whimsicott|Moonblast|p1a: Gholdengo
|-resisted|p1a: Gholdengo|1
|-damage|p1a: Gholdengo|79/100
|move|p2a: Metagross|Iron Head|p1a: Gholdengo
|-resisted|p1a: Gholdengo|1
|-damage|p1a: Gholdengo|57/100
|
|upkeep
|turn|4
|
|t:|1782341303
|switch|p2a: Farigiraf|Farigiraf, L50, M|100/100
|move|p2b: Whimsicott|Protect|p2b: Whimsicott
|-singleturn|p2b: Whimsicott|Protect
|move|p1a: Gholdengo|Make It Rain|p2a: Farigiraf|[spread] p2a
|-activate|p2b: Whimsicott|move: Protect
|-damage|p2a: Farigiraf|57/100
|-unboost|p1a: Gholdengo|spa|2
|move|p1b: Whimsicott|Moonblast|p2a: Farigiraf
|-damage|p2a: Farigiraf|32/100
|-enditem|p2a: Farigiraf|Sitrus Berry|[eat]
|-heal|p2a: Farigiraf|57/100|[from] item: Sitrus Berry
|
|-sideend|p2: kirkin07|move: Tailwind
|upkeep
|turn|5
|inactive|kirkin07 has 30 seconds left.
|
|t:|1782341328
|switch|p2b: Metagross|Metagross-Mega, L50|100/100
|move|p1a: Gholdengo|Make It Rain|p2a: Farigiraf|[spread] p2a,p2b
|-resisted|p2b: Metagross|1
|-damage|p2a: Farigiraf|33/100
|-damage|p2b: Metagross|89/100
|-unboost|p1a: Gholdengo|spa|2
|move|p1b: Whimsicott|Moonblast|p2b: Metagross
|-resisted|p2b: Metagross|1
|-damage|p2b: Metagross|75/100
|move|p2a: Farigiraf|Trick Room|p2a: Farigiraf
|-fieldstart|move: Trick Room|[of] p2a: Farigiraf
|
|-sideend|p1: Pier (Champion)|move: Tailwind
|upkeep
|turn|6
|inactive|kirkin07 has 30 seconds left.
|
|t:|1782341354
|switch|p1a: Incineroar|Incineroar, L50, M|57/100
|-ability|p1a: Incineroar|Intimidate|boost
|-unboost|p2a: Farigiraf|atk|1
|-unboost|p2b: Metagross|atk|1
|move|p2a: Farigiraf|Psychic|p1b: Whimsicott
|-damage|p1b: Whimsicott|61/100
|move|p1b: Whimsicott|Moonblast|p2a: Farigiraf
|-damage|p2a: Farigiraf|10/100
|move|p2b: Metagross|Psychic Fangs|p1b: Whimsicott
|-damage|p1b: Whimsicott|23/100
|
|upkeep
|turn|7
|inactive|kirkin07 has 30 seconds left.
|
|t:|1782341387
|move|p2a: Farigiraf|Thunderbolt|p1a: Incineroar
|-damage|p1a: Incineroar|40/100
|move|p1a: Incineroar|Flare Blitz|p2b: Metagross
|-supereffective|p2b: Metagross|1
|-damage|p2b: Metagross|8/100
|-damage|p1a: Incineroar|22/100|[from] Recoil
|move|p1b: Whimsicott|Moonblast|p2a: Farigiraf
|-damage|p2a: Farigiraf|0 fnt
|faint|p2a: Farigiraf
|move|p2b: Metagross|Iron Head|p1a: Incineroar
|-resisted|p1a: Incineroar|1
|-damage|p1a: Incineroar|7/100
|
|upkeep
|
|t:|1782341398
|switch|p2a: Whimsicott|Whimsicott, L50, F|100/100
|turn|8
|
|t:|1782341413
|move|p2a: Whimsicott|Protect|p2a: Whimsicott
|-singleturn|p2a: Whimsicott|Protect
|move|p1a: Incineroar|Flare Blitz|p2a: Whimsicott
|-activate|p2a: Whimsicott|move: Protect
|move|p1b: Whimsicott|Moonblast|p2b: Metagross
|-resisted|p2b: Metagross|1
|-damage|p2b: Metagross|0 fnt
|faint|p2b: Metagross
|
|upkeep
|turn|9
|-message|kirkin07 forfeited.
|
|win|Pier (Champion)
||Pier (Champion) is ready for game 3.
||kirkin07 is ready for game 3.
|uhtml|next|Next: Game 3 of 3
|l|☆Pier (Champion)
|player|p1|
