|j|☆liamj vgc!
|j|☆linero5656
|html|liamj vgc!linero5656    
|uhtml|bestof|Game 2 of a best-of-3
|t:|1782754132
|gametype|doubles
|player|p1|liamj vgc!|leon-tower|1311
|player|p2|linero5656|102|1302
|gen|9
|tier|[Gen 9 Champions] VGC 2026 Reg M-B (Bo3)
|rated|
|rule|Species Clause: Limit one of each Pokémon
|rule|Item Clause: Limit 1 of each item
|clearpoke
|poke|p1|Gengar, L50, M, shiny|
|poke|p1|Incineroar, L50, F, shiny|
|poke|p1|Sinistcha, L50|
|poke|p1|Politoed, L50, F|
|poke|p1|Staraptor, L50, F|
|poke|p1|Archaludon, L50, M, shiny|
|poke|p2|Garchomp, L50, M|
|poke|p2|Staraptor, L50, M|
|poke|p2|Ninetales-Alola, L50, F|
|poke|p2|Kingambit, L50, F|
|poke|p2|Raichu, L50, M|
|poke|p2|Talonflame, L50, M|
|teampreview|4
|showteam|p1|Gengar||Gengarite|CursedBody|ShadowBall,PerishSong,Disable,Protect|Timid||M|||50|]Incineroar||PasshoBerry|Intimidate|Protect,FakeOut,DarkestLariat,PartingShot|Impish||F|||50|]Sinistcha||ColburBerry|Hospitality|GigaDrain,RagePowder,StrengthSap,Protect|Calm|||||50|]Politoed||SitrusBerry|Drizzle|WeatherBall,PerishSong,Encore,Protect|Bold||F|||50|]Staraptor||Staraptite|Intimidate|CloseCombat,BraveBird,Roost,Protect|Jolly||F|||50|]Archaludon||Leftovers|Stamina|FlashCannon,ElectroShot,DragonPulse,Protect|Modest||M|||50|
|showteam|p2|Garchomp||LifeOrb|RoughSkin|Earthquake,RockTomb,DragonClaw,Protect|Jolly||M|||50|]Staraptor||Staraptite|Intimidate|CloseCombat,BraveBird,Roost,Protect|Jolly||M|||50|]Ninetales-Alola||ChoiceScarf|SnowWarning|Blizzard,DazzlingGleam,FreezeDry,IcyWind|Modest||F|||50|]Kingambit||BlackGlasses|Defiant|Protect,KowtowCleave,SuckerPunch,IronHead|Adamant||F|||50|]Raichu||FocusSash|LightningRod|FakeOut,VoltSwitch,Encore,Charm|Timid||M|||50|]Talonflame||SharpBeak|GaleWings|Tailwind,Taunt,DualWingbeat,Protect|Jolly||M|||50|
|inactive|Battle timer is ON: inactive players will automatically lose when time's up. (requested by liamj vgc!)
|j| TheOneAndOnlyChat
|inactive|liamj vgc! has 60 seconds left.
|
|t:|1782754181
|teamsize|p1|4
|teamsize|p2|4
|start
|switch|p1a: Gengar|Gengar, L50, M, shiny|100/100
|switch|p1b: Sinistcha|Sinistcha, L50|100/100
|switch|p2a: Staraptor|Staraptor, L50, M|100/100
|switch|p2b: Raichu|Raichu, L50, M|100/100
|-ability|p2a: Staraptor|Intimidate|boost
|-unboost|p1a: Gengar|atk|1
|-unboost|p1b: Sinistcha|atk|1
|turn|1
|inactive|liamj vgc! has 30 seconds left.
|inactive|linero5656 has 30 seconds left.
|inactive|liamj vgc! has 20 seconds left.
|
|t:|1782754217
|detailschange|p1a: Gengar|Gengar-Mega, L50, M, shiny
|-mega|p1a: Gengar|Gengar|Gengarite
|detailschange|p2a: Staraptor|Staraptor-Mega, L50, M
|-mega|p2a: Staraptor|Staraptor|Staraptite
|move|p1b: Sinistcha|Rage Powder|p1b: Sinistcha
|-singleturn|p1b: Sinistcha|move: Rage Powder
|move|p1a: Gengar|Perish Song|p1a: Gengar
|-start|p1a: Gengar|perish3|[silent]
|-start|p1b: Sinistcha|perish3|[silent]
|-start|p2a: Staraptor|perish3|[silent]
|-start|p2b: Raichu|perish3|[silent]
|-fieldactivate|move: Perish Song
|move|p2b: Raichu|Charm|p1b: Sinistcha
|-unboost|p1b: Sinistcha|atk|2
|move|p2a: Staraptor|Brave Bird|p1b: Sinistcha
|-supereffective|p1b: Sinistcha|1
|-damage|p1b: Sinistcha|0 fnt
|faint|p1b: Sinistcha
|-damage|p2a: Staraptor|63/100|[from] Recoil
|
|-start|p1a: Gengar|perish3
|-start|p2b: Raichu|perish3
|-start|p2a: Staraptor|perish3
|upkeep
|
|t:|1782754231
|switch|p1b: Incineroar|Incineroar, L50, F, shiny|100/100
|-ability|p1b: Incineroar|Intimidate|boost
|-boost|p2a: Staraptor|atk|1
|-unboost|p2b: Raichu|atk|1
|turn|2
|
|t:|1782754255
|move|p1a: Gengar|Protect|p1a: Gengar
|-singleturn|p1a: Gengar|Protect
|move|p2a: Staraptor|Protect|p2a: Staraptor
|-singleturn|p2a: Staraptor|Protect
|move|p1b: Incineroar|Protect|p1b: Incineroar
|-singleturn|p1b: Incineroar|Protect
|move|p2b: Raichu|Encore|p1a: Gengar
|-activate|p1a: Gengar|move: Protect
|
|-start|p1a: Gengar|perish2
|-start|p2b: Raichu|perish2
|-start|p2a: Staraptor|perish2
|upkeep
|turn|3
|
|t:|1782754277
|switch|p1a: Politoed|Politoed, L50, F|100/100
|-weather|RainDance|[from] ability: Drizzle|[of] p1a: Politoed
|move|p2b: Raichu|Encore|p1b: Incineroar
|-start|p1b: Incineroar|Encore
|move|p1b: Incineroar|Protect|p1b: Incineroar
|-singleturn|p1b: Incineroar|Protect
|move|p2a: Staraptor|Brave Bird|p1a: Politoed
|-damage|p1a: Politoed|17/100
|-enditem|p1a: Politoed|Sitrus Berry|[eat]
|-heal|p1a: Politoed|42/100|[from] item: Sitrus Berry
|-damage|p2a: Staraptor|31/100|[from] Recoil
|
|-weather|RainDance|[upkeep]
|-start|p2b: Raichu|perish1
|-start|p2a: Staraptor|perish1
|upkeep
|turn|4
|inactive|liamj vgc! has 30 seconds left.
|inactive|linero5656 has 30 seconds left.
|inactive|linero5656 has 20 seconds left.
|
|t:|1782754317
|switch|p1b: Gengar|Gengar-Mega, L50, M, shiny|100/100
|move|p2b: Raichu|Volt Switch|p1b: Gengar
|-damage|p1b: Gengar|68/100
|
|t:|1782754324
|switch|p2b: Garchomp|Garchomp, L50, M|100/100|[from] Volt Switch
|move|p2a: Staraptor|Close Combat|p1b: Gengar
|-immune|p1b: Gengar
|move|p1a: Politoed|Perish Song|p1a: Politoed
|-start|p1a: Politoed|perish3|[silent]
|-start|p1b: Gengar|perish3|[silent]
|-start|p2b: Garchomp|perish3|[silent]
|-fieldactivate|move: Perish Song
|
|-weather|RainDance|[upkeep]
|-start|p1b: Gengar|perish3
|-start|p2a: Staraptor|perish0
|-start|p2b: Garchomp|perish3
|faint|p2a: Staraptor
|-start|p1a: Politoed|perish3
|upkeep
|
|t:|1782754341
|switch|p2a: Kingambit|Kingambit, L50, F|100/100
|turn|5
|inactive|linero5656 has 30 seconds left.
|
|t:|1782754374
|move|p1b: Gengar|Protect|p1b: Gengar
|-singleturn|p1b: Gengar|Protect
|move|p1a: Politoed|Protect|p1a: Politoed
|-singleturn|p1a: Politoed|Protect
|move|p2b: Garchomp|Dragon Claw|p1a: Politoed
|-activate|p1a: Politoed|move: Protect
|move|p2a: Kingambit|Iron Head|p1b: Gengar
|-activate|p1b: Gengar|move: Protect
|
|-weather|RainDance|[upkeep]
|-start|p1b: Gengar|perish2
|-start|p2b: Garchomp|perish2
|-start|p1a: Politoed|perish2
|upkeep
|turn|6
|inactive|liamj vgc! has 30 seconds left.
|
|t:|1782754402
|switch|p1b: Incineroar|Incineroar, L50, F, shiny|100/100
|-ability|p1b: Incineroar|Intimidate|boost
|-unboost|p2a: Kingambit|atk|1
|-ability|p2a: Kingambit|Defiant|boost
|-boost|p2a: Kingambit|atk|2
|-unboost|p2b: Garchomp|atk|1
|move|p2b: Garchomp|Earthquake|p1b: Incineroar|[spread] p2a,p1a,p1b
|-supereffective|p2a: Kingambit|1
|-supereffective|p1b: Incineroar|1
|-damage|p2a: Kingambit|41/100
|-damage|p1a: Politoed|13/100
|-damage|p1b: Incineroar|46/100
|-damage|p2b: Garchomp|90/100|[from] item: Life Orb
|move|p1a: Politoed|Encore|p2a: Kingambit
|-start|p2a: Kingambit|Encore
|move|p2a: Kingambit|Iron Head|p1a: Politoed
|-resisted|p1a: Politoed|1
|-damage|p1a: Politoed|0 fnt
|faint|p1a: Politoed
|
|-weather|RainDance|[upkeep]
|-start|p2b: Garchomp|perish1
|upkeep
|
|t:|1782754417
|switch|p1a: Gengar|Gengar-Mega, L50, M, shiny|68/100
|turn|7
|
|t:|1782754437
|move|p1b: Incineroar|Fake Out|p2b: Garchomp
|-damage|p2b: Garchomp|80/100
|-damage|p1b: Incineroar|33/100|[from] ability: Rough Skin|[of] p2b: Garchomp
|move|p1a: Gengar|Disable|p2a: Kingambit
|-start|p2a: Kingambit|Disable|Iron Head
|cant|p2b: Garchomp|flinch
|cant|p2a: Kingambit|Disable|Iron Head
|
|-weather|none
|-start|p2b: Garchomp|perish0
|upkeep
|faint|p2b: Garchomp
|
|t:|1782754450
|switch|p2b: Raichu|Raichu, L50, M|100/100
|turn|8
|
|t:|1782754469
|move|p1a: Gengar|Shadow Ball|p2a: Kingambit
|-resisted|p2a: Kingambit|1
|-damage|p2a: Kingambit|21/100
|move|p2b: Raichu|Volt Switch|p1b: Incineroar
|-damage|p1b: Incineroar|10/100
|-activate|p2a: Kingambit|move: Struggle
|move|p2a: Kingambit|Struggle|p1b: Incineroar
|-damage|p1b: Incineroar|0 fnt
|faint|p1b: Incineroar
|-damage|p2a: Kingambit|0 fnt|[from] recoil
|faint|p2a: Kingambit
|
|upkeep
|turn|9
|
|t:|1782754487
|move|p1a: Gengar|Disable|p2b: Raichu
|-start|p2b: Raichu|Disable|Volt Switch
|move|p2b: Raichu|Encore|p1a: Gengar
|-start|p1a: Gengar|Encore
|
|upkeep
|turn|10
|
|t:|1782754495
|move|p1a: Gengar|Disable||[still]
|-fail|p1a: Gengar
|move|p2b: Raichu|Charm|p1a: Gengar
|-unboost|p1a: Gengar|atk|2
|
|upkeep
|turn|11
|
|t:|1782754503
|move|p1a: Gengar|Disable||[still]
|-fail|p1a: Gengar
|move|p2b: Raichu|Charm|p1a: Gengar
|-unboost|p1a: Gengar|atk|2
|
|upkeep
|turn|12
|
|t:|1782754518
|move|p1a: Gengar|Disable||[still]
|-fail|p1a: Gengar
|move|p2b: Raichu|Encore||[still]
|-fail|p2b: Raichu
|
|-end|p1a: Gengar|Encore
|-end|p2b: Raichu|Disable
|upkeep
|turn|13
|
|t:|1782754531
|move|p1a: Gengar|Shadow Ball|p2b: Raichu
|-damage|p2b: Raichu|26/100
|-unboost|p2b: Raichu|spd|1
|move|p2b: Raichu|Volt Switch|p1a: Gengar
|-damage|p1a: Gengar|35/100
|
|upkeep
|turn|14
|
|t:|1782754541
|move|p1a: Gengar|Shadow Ball|p2b: Raichu
|-damage|p2b: Raichu|0 fnt
|faint|p2b: Raichu
|
|win|liamj vgc!
||liamj vgc! is ready for game 3.
||linero5656 is ready for game 3.
|uhtml|next|Next: Game 3 of 3
|l|☆liamj vgc!
|player|p1|
|j|☆liamj vgc!
|player|p1|liamj vgc!|leon-tower|
