|j|☆peparro
|j|☆eviovulpix
|html|peparroeviovulpix    
|uhtml|bestof|Game 3 of a best-of-3
|t:|1783330710
|gametype|doubles
|player|p1|peparro|byron|1161
|player|p2|eviovulpix|265|1183
|gen|9
|tier|[Gen 9 Champions] VGC 2026 Reg M-B (Bo3)
|rated|
|rule|Species Clause: Limit one of each Pokémon
|rule|Item Clause: Limit 1 of each item
|clearpoke
|poke|p1|Charizard, L50, F|
|poke|p1|Garchomp, L50, M|
|poke|p1|Grimmsnarl, L50, M|
|poke|p1|Sneasler, L50, F|
|poke|p1|Metagross, L50|
|poke|p1|Sinistcha, L50|
|poke|p2|Hydreigon, L50, M|
|poke|p2|Ninetales-Alola, L50, F|
|poke|p2|Metagross, L50|
|poke|p2|Sneasler, L50, F|
|poke|p2|Volcarona, L50, M|
|poke|p2|Milotic, L50, M|
|teampreview|4
|showteam|p1|Charizard||CharizarditeY|SolarPower|WeatherBall,Protect,HeatWave,SolarBeam|Bold||F|||50|]Garchomp||LifeOrb|RoughSkin|Earthquake,DragonClaw,RockTomb,Protect|Jolly||M|||50|]Grimmsnarl||LightClay|Prankster|Reflect,LightScreen,PartingShot,FoulPlay|Careful||M|||50|]Sneasler||WhiteHerb|Unburden|CloseCombat,Protect,FakeOut,DireClaw|Jolly||F|||50|]Metagross||Metagrossite|ClearBody|PsychicFangs,IronHead,Trailblaze,Protect|Adamant|||||50|]Sinistcha||OccaBerry|Hospitality|TrickRoom,MatchaGotcha,RagePowder,Protect|Relaxed|||||50|
|showteam|p2|Hydreigon||ChoiceScarf|Levitate|DracoMeteor,DarkPulse,EarthPower,Flamethrower|Modest||M|||50|]Ninetales-Alola||LightClay|SnowWarning|Protect,Blizzard,FreezeDry,AuroraVeil|Timid||F|||50|]Metagross||Metagrossite|ClearBody|Protect,IronHead,PsychicFangs,StompingTantrum|Adamant|||||50|]Sneasler||WhiteHerb|Unburden|Protect,CloseCombat,DireClaw,FakeOut|Adamant||F|||50|]Volcarona||SitrusBerry|FlameBody|RagePowder,Overheat,StruggleBug,Protect|Bold||M|||50|]Milotic||Leftovers|Competitive|MuddyWater,Coil,Hypnosis,Protect|Calm||M|||50|
|inactive|Battle timer is ON: inactive players will automatically lose when time's up. (requested by peparro)
|
|t:|1783330739
|teamsize|p1|4
|teamsize|p2|4
|start
|switch|p1a: Grimmsnarl|Grimmsnarl, L50, M|100/100
|switch|p1b: Garchomp|Garchomp, L50, M|100/100
|switch|p2a: Hydreigon|Hydreigon, L50, M|100/100
|switch|p2b: Milotic|Milotic, L50, M|100/100
|turn|1
|
|t:|1783330757
|switch|p1b: Metagross|Metagross, L50|100/100
|move|p1a: Grimmsnarl|Light Screen|p1a: Grimmsnarl
|-sidestart|p1: peparro|move: Light Screen
|move|p2a: Hydreigon|Draco Meteor|p1b: Metagross
|-resisted|p1b: Metagross|1
|-damage|p1b: Metagross|76/100
|-unboost|p2a: Hydreigon|spa|2
|move|p2b: Milotic|Coil|p2b: Milotic
|-boost|p2b: Milotic|atk|1
|-boost|p2b: Milotic|def|1
|-boost|p2b: Milotic|accuracy|1
|
|upkeep
|turn|2
|inactive|peparro has 30 seconds left.
|
|t:|1783330782
|switch|p2a: Volcarona|Volcarona, L50, M|100/100
|detailschange|p1b: Metagross|Metagross-Mega, L50
|-mega|p1b: Metagross|Metagross|Metagrossite
|move|p1b: Metagross|Trailblaze|p2b: Milotic
|-supereffective|p2b: Milotic|1
|-damage|p2b: Milotic|61/100
|-boost|p1b: Metagross|spe|1
|move|p2b: Milotic|Hypnosis|p1b: Metagross
|-status|p1b: Metagross|slp|[from] move: Hypnosis
|move|p1a: Grimmsnarl|Foul Play|p2b: Milotic
|-damage|p2b: Milotic|39/100
|
|-heal|p2b: Milotic|45/100|[from] item: Leftovers
|upkeep
|turn|3
|
|t:|1783330806
|cant|p1b: Metagross|slp
|move|p1a: Grimmsnarl|Parting Shot|p2a: Volcarona
|-unboost|p2a: Volcarona|atk|1
|-unboost|p2a: Volcarona|spa|1
|
|t:|1783330815
|switch|p1a: Garchomp|Garchomp, L50, M|100/100|[from] Parting Shot
|move|p2a: Volcarona|Overheat|p1b: Metagross
|-supereffective|p1b: Metagross|1
|-damage|p1b: Metagross|32/100 slp
|-unboost|p2a: Volcarona|spa|2
|move|p2b: Milotic|Coil|p2b: Milotic
|-boost|p2b: Milotic|atk|1
|-boost|p2b: Milotic|def|1
|-boost|p2b: Milotic|accuracy|1
|
|-heal|p2b: Milotic|50/100g|[from] item: Leftovers
|upkeep
|turn|4
|
|t:|1783330837
|switch|p1b: Grimmsnarl|Grimmsnarl, L50, M|100/100
|move|p2a: Volcarona|Rage Powder|p2a: Volcarona
|-singleturn|p2a: Volcarona|move: Rage Powder
|move|p1a: Garchomp|Dragon Claw|p2a: Volcarona
|-damage|p2a: Volcarona|48/100
|-enditem|p2a: Volcarona|Sitrus Berry|[eat]
|-heal|p2a: Volcarona|73/100|[from] item: Sitrus Berry
|-damage|p1a: Garchomp|90/100|[from] item: Life Orb
|move|p2b: Milotic|Hypnosis|p1a: Garchomp
|-status|p1a: Garchomp|slp|[from] move: Hypnosis
|
|-heal|p2b: Milotic|56/100|[from] item: Leftovers
|upkeep
|turn|5
|
|t:|1783330859
|switch|p2a: Ninetales|Ninetales-Alola, L50, F|100/100
|-weather|Snowscape|[from] ability: Snow Warning|[of] p2a: Ninetales
|cant|p1a: Garchomp|slp
|move|p2b: Milotic|Hypnosis|p1b: Grimmsnarl
|-status|p1b: Grimmsnarl|slp|[from] move: Hypnosis
|cant|p1b: Grimmsnarl|slp
|
|-weather|Snowscape|[upkeep]
|-heal|p2b: Milotic|62/100|[from] item: Leftovers
|upkeep
|turn|6
|
|t:|1783330883
|switch|p1a: Metagross|Metagross-Mega, L50|32/100 slp
|switch|p1b: Sinistcha|Sinistcha, L50|100/100
|-heal|p1a: Metagross|57/100 slp|[from] ability: Hospitality|[of] p1b: Sinistcha
|move|p2a: Ninetales|Blizzard|p1a: Metagross|[spread] p1a,p1b
|-resisted|p1a: Metagross|1
|-supereffective|p1b: Sinistcha|1
|-damage|p1a: Metagross|47/100 slp
|-damage|p1b: Sinistcha|57/100
|-status|p1b: Sinistcha|frz
|move|p2b: Milotic|Muddy Water|p1b: Sinistcha|[spread] p1a,p1b
|-resisted|p1b: Sinistcha|1
|-damage|p1a: Metagross|34/100 slp
|-damage|p1b: Sinistcha|49/100 frz
|
|-weather|Snowscape|[upkeep]
|-heal|p2b: Milotic|68/100|[from] item: Leftovers
|upkeep
|turn|7
|
|t:|1783330903
|cant|p1b: Sinistcha|frz
|move|p2a: Ninetales|Aurora Veil|p2a: Ninetales
|-sidestart|p2: eviovulpix|move: Aurora Veil
|-curestatus|p1a: Metagross|slp|[msg]
|move|p1a: Metagross|Iron Head|p2a: Ninetales
|-supereffective|p2a: Ninetales|2
|-damage|p2a: Ninetales|0 fnt
|faint|p2a: Ninetales
|move|p2b: Milotic|Muddy Water|p1a: Metagross|[spread] p1a,p1b
|-resisted|p1b: Sinistcha|1
|-damage|p1a: Metagross|21/100
|-damage|p1b: Sinistcha|41/100 frz
|
|-weather|Snowscape|[upkeep]
|-heal|p2b: Milotic|74/100|[from] item: Leftovers
|upkeep
|
|t:|1783330918
|switch|p2a: Hydreigon|Hydreigon, L50, M|100/100
|turn|8
|
|t:|1783330932
|switch|p1b: Grimmsnarl|Grimmsnarl, L50, M|100/100 slp
|move|p1a: Metagross|Protect|p1a: Metagross
|-singleturn|p1a: Metagross|Protect
|move|p2a: Hydreigon|Dark Pulse|p1b: Grimmsnarl
|-resisted|p1b: Grimmsnarl|2
|-damage|p1b: Grimmsnarl|93/100 slp
|move|p2b: Milotic|Hypnosis|p1a: Metagross
|-activate|p1a: Metagross|move: Protect
|
|-weather|Snowscape|[upkeep]
|-heal|p2b: Milotic|80/100|[from] item: Leftovers
|-sideend|p1: peparro|move: Light Screen
|upkeep
|turn|9
|
|t:|1783330953
|switch|p1a: Garchomp|Garchomp, L50, M|90/100 slp
|cant|p1b: Grimmsnarl|slp
|move|p2a: Hydreigon|Dark Pulse|p1a: Garchomp
|-damage|p1a: Garchomp|47/100 slp
|move|p2b: Milotic|Coil|p2b: Milotic
|-boost|p2b: Milotic|atk|1
|-boost|p2b: Milotic|def|1
|-boost|p2b: Milotic|accuracy|1
|
|-weather|none
|-heal|p2b: Milotic|86/100|[from] item: Leftovers
|upkeep
|turn|10
|inactive|peparro has 30 seconds left.
|
|t:|1783330987
|switch|p2a: Volcarona|Volcarona, L50, M|73/100
|switch|p1a: Sinistcha|Sinistcha, L50|41/100 frz
|-heal|p1b: Grimmsnarl|100/100 slp|[from] ability: Hospitality|[of] p1a: Sinistcha
|-curestatus|p1b: Grimmsnarl|slp|[msg]
|move|p1b: Grimmsnarl|Light Screen|p1b: Grimmsnarl
|-sidestart|p1: peparro|move: Light Screen
|move|p2b: Milotic|Muddy Water|p1b: Grimmsnarl|[spread] p1a,p1b
|-resisted|p1a: Sinistcha|1
|-damage|p1a: Sinistcha|33/100 frz
|-damage|p1b: Grimmsnarl|87/100
|-unboost|p1b: Grimmsnarl|accuracy|1
|
|-heal|p2b: Milotic|92/100|[from] item: Leftovers
|upkeep
|turn|11
|inactive|peparro has 30 seconds left.
|
|t:|1783331016
|move|p1b: Grimmsnarl|Parting Shot|p2a: Volcarona
|-unboost|p2a: Volcarona|atk|1
|-unboost|p2a: Volcarona|spa|1
|
|t:|1783331023
|switch|p1b: Garchomp|Garchomp, L50, M|47/100 slp|[from] Parting Shot
|move|p2a: Volcarona|Overheat|p1a: Sinistcha
|-supereffective|p1a: Sinistcha|1
|-enditem|p1a: Sinistcha|Occa Berry|[eat]
|-enditem|p1a: Sinistcha|Occa Berry|[weaken]
|-damage|p1a: Sinistcha|7/100 frz
|-unboost|p2a: Volcarona|spa|2
|-curestatus|p1a: Sinistcha|frz|[msg]
|move|p2b: Milotic|Muddy Water|p1b: Garchomp|[spread] p1a,p1b
|-resisted|p1a: Sinistcha|1
|-damage|p1a: Sinistcha|1/100
|-damage|p1b: Garchomp|29/100 slp
|move|p1a: Sinistcha|Trick Room|p1a: Sinistcha
|-fieldstart|move: Trick Room|[of] p1a: Sinistcha
|
|-heal|p2b: Milotic|98/100|[from] item: Leftovers
|upkeep
|turn|12
|
|t:|1783331044
|switch|p1b: Grimmsnarl|Grimmsnarl, L50, M|87/100
|move|p2b: Milotic|Protect|p2b: Milotic
|-singleturn|p2b: Milotic|Protect
|move|p1a: Sinistcha|Matcha Gotcha|p2b: Milotic|[spread] p2a
|-activate|p2b: Milotic|move: Protect
|-resisted|p2a: Volcarona|2
|-damage|p2a: Volcarona|69/100
|-heal|p1a: Sinistcha|2/100|[from] drain|[of] p2a: Volcarona
|move|p2a: Volcarona|Struggle Bug|p1b: Grimmsnarl|[spread] p1a,p1b
|-damage|p1a: Sinistcha|0 fnt
|-damage|p1b: Grimmsnarl|83/100
|-unboost|p1b: Grimmsnarl|spa|1
|faint|p1a: Sinistcha
|
|-heal|p2b: Milotic|100/100|[from] item: Leftovers
|upkeep
|
|t:|1783331062
|switch|p1a: Garchomp|Garchomp, L50, M|29/100 slp
|turn|13
|
|t:|1783331086
|switch|p2a: Hydreigon|Hydreigon, L50, M|100/100
|move|p1b: Grimmsnarl|Foul Play|p2b: Milotic
|-damage|p2b: Milotic|86/100
|move|p2b: Milotic|Hypnosis|p1b: Grimmsnarl
|-status|p1b: Grimmsnarl|slp|[from] move: Hypnosis
|cant|p1a: Garchomp|slp
|
|-heal|p2b: Milotic|92/100|[from] item: Leftovers
|upkeep
|turn|14
|
|t:|1783331108
|cant|p1b: Grimmsnarl|slp
|move|p2b: Milotic|Muddy Water|p1a: Garchomp|[spread] p1a,p1b
|-damage|p1a: Garchomp|12/100 slp
|-damage|p1b: Grimmsnarl|69/100 slp
|-unboost|p1a: Garchomp|accuracy|1
|-unboost|p1b: Grimmsnarl|accuracy|1
|-curestatus|p1a: Garchomp|slp|[msg]
|move|p1a: Garchomp|Dragon Claw|p2a: Hydreigon|[miss]
|-miss|p1a: Garchomp|p2a: Hydreigon
|move|p2a: Hydreigon|Flamethrower|p1b: Grimmsnarl
|-damage|p1b: Grimmsnarl|50/100y slp
|
|-heal|p2b: Milotic|98/100|[from] item: Leftovers
|-sideend|p2: eviovulpix|move: Aurora Veil
|upkeep
|turn|15
|
|t:|1783331128
|cant|p1b: Grimmsnarl|slp
|move|p2b: Milotic|Hypnosis|p1a: Garchomp
|-status|p1a: Garchomp|slp|[from] move: Hypnosis
|cant|p1a: Garchomp|slp
|move|p2a: Hydreigon|Flamethrower|p1b: Grimmsnarl
|-damage|p1b: Grimmsnarl|29/100 slp
|
|-heal|p2b: Milotic|100/100|[from] item: Leftovers
|-fieldend|move: Trick Room
|upkeep
|turn|16
|
|t:|1783331143
|move|p2a: Hydreigon|Flamethrower|p1b: Grimmsnarl
|-damage|p1b: Grimmsnarl|10/100 slp
|cant|p1a: Garchomp|slp
|move|p2b: Milotic|Muddy Water|p1a: Garchomp|[spread] p1a,p1b
|-damage|p1a: Garchomp|0 fnt
|-damage|p1b: Grimmsnarl|0 fnt
|faint|p1a: Garchomp
|faint|p1b: Grimmsnarl
|
|upkeep
|
|t:|1783331152
|switch|p1b: Metagross|Metagross-Mega, L50|21/100
|turn|17
|
|t:|1783331160
|switch|p2a: Volcarona|Volcarona, L50, M|69/100
|move|p1b: Metagross|Iron Head|p2a: Volcarona
|-resisted|p2a: Volcarona|1
|-damage|p2a: Volcarona|42/100
|-status|p1b: Metagross|brn|[from] ability: Flame Body|[of] p2a: Volcarona
|move|p2b: Milotic|Hypnosis||[still]
|-fail|p2b: Milotic
|
|-damage|p1b: Metagross|15/100 brn|[from] brn
|-sideend|p1: peparro|move: Light Screen
|upkeep
|turn|18
|c|☆eviovulpix|gg
|
|t:|1783331171
|switch|p2a: Hydreigon|Hydreigon, L50, M|100/100
|move|p1b: Metagross|Trailblaze|p2b: Milotic
|-supereffective|p2b: Milotic|1
|-damage|p2b: Milotic|89/100
|-boost|p1b: Metagross|spe|1
|move|p2b: Milotic|Coil|p2b: Milotic
|-boost|p2b: Milotic|atk|1
|-boost|p2b: Milotic|def|1
|-boost|p2b: Milotic|accuracy|1
|
|-heal|p2b: Milotic|95/100|[from] item: Leftovers
|-damage|p1b: Metagross|9/100 brn|[from] brn
|upkeep
|turn|19
|c|☆peparro|what a disgusting team
|
|t:|1783331191
|move|p2a: Hydreigon|Flamethrower|p2b: Milotic
|-resisted|p2b: Milotic|1
|-damage|p2b: Milotic|86/100
|move|p1b: Metagross|Trailblaze|p2b: Milotic
|-supereffective|p2b: Milotic|1
|-damage|p2b: Milotic|76/100
|-boost|p1b: Metagross|spe|1
|move|p2b: Milotic|Coil|p2b: Milotic
|-boost|p2b: Milotic|atk|1
|-boost|p2b: Milotic|def|1
|-boost|p2b: Milotic|accuracy|1
|
|-heal|p2b: Milotic|82/100|[from] item: Leftovers
|-damage|p1b: Metagross|4/100 brn|[from] brn
|upkeep
|turn|20
|c|☆eviovulpix|thanks
|
|t:|1783331207
|move|p1b: Metagross|Trailblaze|p2b: Milotic
|-supereffective|p2b: Milotic|1
|-damage|p2b: Milotic|74/100
|-boost|p1b: Metagross|spe|1
|move|p2a: Hydreigon|Flamethrower|p2b: Milotic
|-resisted|p2b: Milotic|1
|-damage|p2b: Milotic|65/100
|move|p2b: Milotic|Coil|p2b: Milotic
|-boost|p2b: Milotic|atk|1
|-boost|p2b: Milotic|def|1
|-boost|p2b: Milotic|accuracy|1
|
|-heal|p2b: Milotic|71/100|[from] item: Leftovers
|-damage|p1b: Metagross|0 fnt|[from] brn
|faint|p1b: Metagross
|
|win|eviovulpix
|raw|peparro's rating: 1161 → 1138(-23 for losing)
|raw|eviovulpix's rating: 1183 → 1206(+23 for winning)
|l|☆peparro
|player|p1|
