|j|☆Eagleknight
|j|☆Mumblin'Penguin
|html|EagleknightMumblin'Penguin    
|uhtml|bestof|Game 2 of a best-of-3
|t:|1757706459
|gametype|doubles
|player|p1|Eagleknight|hilbert|1141
|player|p2|Mumblin'Penguin|gambler|1232
|gen|9
|tier|[Gen 9] VGC 2025 Reg H (Bo3)
|rated|
|rule|Species Clause: Limit one of each Pokémon
|rule|Item Clause: Limit 1 of each item
|clearpoke
|poke|p1|Typhlosion-Hisui, L50, M|
|poke|p1|Whimsicott, L50, F|
|poke|p1|Rillaboom, L50, M|
|poke|p1|Sneasler, L50, F|
|poke|p1|Electabuzz, L50, M|
|poke|p1|Ursaluna-Bloodmoon, L50, M|
|poke|p2|Ursaluna-Bloodmoon, L50, M|
|poke|p2|Gholdengo, L50|
|poke|p2|Dragonite, L50, M|
|poke|p2|Sneasler, L50, M|
|poke|p2|Incineroar, L50, M|
|poke|p2|Amoonguss, L50, M|
|teampreview|4
|showteam|p1|Typhlosion-Hisui||Charcoal|Blaze|Eruption,Overheat,ShadowBall,Protect|||M|||50|,,,,,Fire]Whimsicott||CovertCloak|Prankster|Moonblast,SunnyDay,Tailwind,Encore|||F|||50|,,,,,Water]Rillaboom||AssaultVest|GrassySurge|WoodHammer,GrassyGlide,Uturn,FakeOut|||M|||50|,,,,,Fire]Sneasler||GrassySeed|Unburden|DireClaw,CloseCombat,ThroatChop,Protect|||F|||50|,,,,,Dark]Electabuzz||Eviolite|Static|Electroweb,FollowMe,Taunt,Protect|||M|||50|,,,,,Dragon]Ursaluna-Bloodmoon||LifeOrb|MindsEye|BloodMoon,HyperVoice,EarthPower,Protect|||M|||50|,,,,,Normal
|showteam|p2|Ursaluna-Bloodmoon||AssaultVest|MindsEye|BloodMoon,EarthPower,VacuumWave,HyperVoice|||M|||50|,,,,,Water]Gholdengo||LifeOrb|GoodasGold|Protect,MakeItRain,ShadowBall,NastyPlot||||||50|,,,,,Water]Dragonite||LoadedDice|Multiscale|ScaleShot,Tailwind,Haze,Protect|||M|||50|,,,,,Fairy]Sneasler||FocusSash|Unburden|Protect,DireClaw,CloseCombat,ThroatChop|||M|||50|,,,,,Stellar]Incineroar||SafetyGoggles|Intimidate|KnockOff,PartingShot,FlareBlitz,FakeOut|||M|||50|,,,,,Ghost]Amoonguss||SitrusBerry|Regenerator|RagePowder,Spore,PollenPuff,Protect|||M|||50|,,,,,Psychic
|
|t:|1757706486
|teamsize|p1|4
|teamsize|p2|4
|start
|switch|p1a: Sneasler|Sneasler, L50, F|100/100
|switch|p1b: Electabuzz|Electabuzz, L50, M|100/100
|switch|p2a: Dragonite|Dragonite, L50, M|100/100
|switch|p2b: Incineroar|Incineroar, L50, M|100/100
|-ability|p2b: Incineroar|Intimidate|boost
|-unboost|p1a: Sneasler|atk|1
|-unboost|p1b: Electabuzz|atk|1
|turn|1
|
|t:|1757706520
|move|p2b: Incineroar|Fake Out|p1a: Sneasler
|-damage|p1a: Sneasler|83/100
|cant|p1a: Sneasler|flinch
|move|p2a: Dragonite|Scale Shot|p1b: Electabuzz
|-damage|p1b: Electabuzz|88/100
|-crit|p1b: Electabuzz
|-damage|p1b: Electabuzz|73/100
|-crit|p1b: Electabuzz
|-damage|p1b: Electabuzz|57/100
|-damage|p1b: Electabuzz|46/100
|-damage|p1b: Electabuzz|35/100
|-hitcount|p1b: Electabuzz|5
|-unboost|p2a: Dragonite|def|1
|-boost|p2a: Dragonite|spe|1
|move|p1b: Electabuzz|Electroweb|p2a: Dragonite|[spread] p2a,p2b
|-damage|p2a: Dragonite|93/100
|-damage|p2b: Incineroar|87/100
|-unboost|p2a: Dragonite|spe|1
|-unboost|p2b: Incineroar|spe|1
|
|upkeep
|turn|2
|
|t:|1757706554
|move|p1b: Electabuzz|Follow Me|p1b: Electabuzz
|-singleturn|p1b: Electabuzz|move: Follow Me
|move|p1a: Sneasler|Dire Claw|p2a: Dragonite
|-damage|p2a: Dragonite|42/100
|-status|p2a: Dragonite|par
|move|p2b: Incineroar|Flare Blitz|p1b: Electabuzz
|-damage|p1b: Electabuzz|0 fnt
|-status|p2b: Incineroar|par|[from] ability: Static|[of] p1b: Electabuzz
|faint|p1b: Electabuzz
|-damage|p2b: Incineroar|77/100 par|[from] Recoil
|cant|p2a: Dragonite|par
|
|upkeep
|
|t:|1757706566
|switch|p1b: Ursaluna|Ursaluna-Bloodmoon, L50, M|100/100
|turn|3
|
|t:|1757706581
|switch|p1a: Rillaboom|Rillaboom, L50, M|100/100
|-fieldstart|move: Grassy Terrain|[from] ability: Grassy Surge|[of] p1a: Rillaboom
|-terastallize|p1b: Ursaluna|Normal
|move|p1b: Ursaluna|Hyper Voice|p2a: Dragonite|[spread] p2a,p2b
|-damage|p2a: Dragonite|0 fnt
|-damage|p2b: Incineroar|20/100 par
|faint|p2a: Dragonite
|-damage|p1b: Ursaluna|91/100|[from] item: Life Orb
|cant|p2b: Incineroar|par
|
|-heal|p1b: Ursaluna|97/100|[from] Grassy Terrain
|-heal|p2b: Incineroar|26/100 par|[from] Grassy Terrain
|upkeep
|
|t:|1757706599
|switch|p2a: Sneasler|Sneasler, L50, M|100/100
|turn|4
|
|t:|1757706630
|move|p2a: Sneasler|Protect|p2a: Sneasler
|-singleturn|p2a: Sneasler|Protect
|move|p1a: Rillaboom|Fake Out|p2a: Sneasler
|-activate|p2a: Sneasler|move: Protect
|move|p1b: Ursaluna|Hyper Voice|p2b: Incineroar|[spread] p2b
|-activate|p2a: Sneasler|move: Protect
|-damage|p2b: Incineroar|0 fnt
|faint|p2b: Incineroar
|-damage|p1b: Ursaluna|87/100|[from] item: Life Orb
|
|-heal|p1b: Ursaluna|93/100|[from] Grassy Terrain
|upkeep
|
|t:|1757706641
|switch|p2b: Ursaluna|Ursaluna-Bloodmoon, L50, M|100/100
|turn|5
|
|t:|1757706659
|-terastallize|p2a: Sneasler|Stellar
|move|p2a: Sneasler|Dire Claw|p1a: Rillaboom
|-supereffective|p1a: Rillaboom
|-damage|p1a: Rillaboom|1/100
|-status|p1a: Rillaboom|slp
|move|p1b: Ursaluna|Blood Moon|p2a: Sneasler
|-enditem|p2a: Sneasler|Focus Sash
|-damage|p2a: Sneasler|1/100
|-damage|p1b: Ursaluna|84/100|[from] item: Life Orb
|cant|p1a: Rillaboom|slp
|move|p2b: Ursaluna|Blood Moon|p1b: Ursaluna
|-damage|p1b: Ursaluna|0 fnt
|faint|p1b: Ursaluna
|
|-heal|p2a: Sneasler|7/100|[from] Grassy Terrain
|-heal|p1a: Rillaboom|7/100 slp|[from] Grassy Terrain
|upkeep
|
|t:|1757706677
|switch|p1b: Sneasler|Sneasler, L50, F|83/100
|-enditem|p1b: Sneasler|Grassy Seed
|-boost|p1b: Sneasler|def|1|[from] item: Grassy Seed
|turn|6
|
|t:|1757706691
|-curestatus|p1a: Rillaboom|slp|[msg]
|move|p1a: Rillaboom|Grassy Glide|p2a: Sneasler
|-resisted|p2a: Sneasler
|-damage|p2a: Sneasler|0 fnt
|faint|p2a: Sneasler
|move|p1b: Sneasler|Close Combat|p2b: Ursaluna
|-supereffective|p2b: Ursaluna
|-damage|p2b: Ursaluna|10/100
|-unboost|p1b: Sneasler|def|1
|-unboost|p1b: Sneasler|spd|1
|move|p2b: Ursaluna|Hyper Voice|p1a: Rillaboom|[spread] p1a,p1b
|-damage|p1a: Rillaboom|0 fnt
|-damage|p1b: Sneasler|22/100
|faint|p1a: Rillaboom
|
|-heal|p1b: Sneasler|28/100|[from] Grassy Terrain
|-heal|p2b: Ursaluna|15/100|[from] Grassy Terrain
|upkeep
|turn|7
|
|t:|1757706708
|move|p2b: Ursaluna|Vacuum Wave|p1b: Sneasler
|-resisted|p1b: Sneasler
|-damage|p1b: Sneasler|15/100
|move|p1b: Sneasler|Close Combat|p2b: Ursaluna
|-supereffective|p2b: Ursaluna
|-damage|p2b: Ursaluna|0 fnt
|-unboost|p1b: Sneasler|def|1
|-unboost|p1b: Sneasler|spd|1
|faint|p2b: Ursaluna
|
|win|Eagleknight
||Eagleknight is ready for game 3.
||Mumblin'Penguin is ready for game 3.
|uhtml|next|Next: Game 3 of 3
|l|☆Eagleknight
|player|p1|
