|j|☆WolfeyVGC Glazer
|j|☆eratakate
|html|WolfeyVGC Glazereratakate    
|uhtml|bestof|Game 3 of a best-of-3
|t:|1756309733
|gametype|doubles
|player|p1|WolfeyVGC Glazer|pokemonranger-gen4|1172
|player|p2|eratakate|169|1297
|gen|9
|tier|[Gen 9] VGC 2025 Reg H (Bo3)
|rated|
|rule|Species Clause: Limit one of each Pokémon
|rule|Item Clause: Limit 1 of each item
|clearpoke
|poke|p1|Amoonguss, L50, F|
|poke|p1|Incineroar, L50, F|
|poke|p1|Porygon2, L50|
|poke|p1|Ursaluna, L50, M|
|poke|p1|Gholdengo, L50|
|poke|p1|Sneasler, L50, M|
|poke|p2|Incineroar, L50, M|
|poke|p2|Amoonguss, L50, F|
|poke|p2|Ursaluna-Bloodmoon, L50, M|
|poke|p2|Sneasler, L50, M|
|poke|p2|Gholdengo, L50|
|poke|p2|Dragonite, L50, M|
|teampreview|4
|showteam|p1|Amoonguss||SitrusBerry|Regenerator|ClearSmog,PollenPuff,Spore,RagePowder|||F|||50|,,,,,Water]Incineroar||SafetyGoggles|Intimidate|FakeOut,KnockOff,FlareBlitz,PartingShot|||F|||50|,,,,,Ghost]Porygon2||Eviolite|Download|TeraBlast,IceBeam,Recover,TrickRoom||||||50|,,,,,Fighting]Ursaluna||FlameOrb|Guts|Facade,HeadlongRush,Earthquake,Protect|||M|||50|,,,,,Fairy]Gholdengo||LifeOrb|GoodasGold|MakeItRain,ShadowBall,NastyPlot,Protect||||||50|,,,,,Flying]Sneasler||FocusSash|Unburden|CloseCombat,DireClaw,Coaching,Protect|||M|||50|,,,,,Stellar
|showteam|p2|Incineroar||SafetyGoggles|Intimidate|FlareBlitz,KnockOff,PartingShot,FakeOut|||M|||50|,,,,,Ghost]Amoonguss||SitrusBerry|Regenerator|Spore,RagePowder,PollenPuff,Protect|||F|||50|,,,,,Psychic]Ursaluna-Bloodmoon||AssaultVest|MindsEye|HyperVoice,BloodMoon,EarthPower,VacuumWave|||M|||50|,,,,,Water]Sneasler||FocusSash|Unburden|CloseCombat,DireClaw,ThroatChop,Protect|||M|||50|,,,,,Stellar]Gholdengo||LifeOrb|GoodasGold|MakeItRain,ShadowBall,NastyPlot,Protect||||||50|,,,,,Water]Dragonite||LoadedDice|Multiscale|ScaleShot,Tailwind,Haze,Protect|||M|||50|,,,,,Fairy
|inactive|Battle timer is ON: inactive players will automatically lose when time's up. (requested by WolfeyVGC Glazer)
|inactive|eratakate has 60 seconds left.
|inactive|eratakate has 30 seconds left.
|
|t:|1756309817
|teamsize|p1|4
|teamsize|p2|4
|start
|switch|p1a: Bear Arms|Incineroar, L50, F|100/100
|switch|p1b: Bearier|Porygon2, L50|100/100
|switch|p2a: Incineroar|Incineroar, L50, M|100/100
|switch|p2b: Gholdengo|Gholdengo, L50|100/100
|-ability|p1a: Bear Arms|Intimidate|boost
|-unboost|p2a: Incineroar|atk|1
|-unboost|p2b: Gholdengo|atk|1
|-ability|p2a: Incineroar|Intimidate|boost
|-unboost|p1a: Bear Arms|atk|1
|-unboost|p1b: Bearier|atk|1
|-ability|p1b: Bearier|Download|boost
|-boost|p1b: Bearier|atk|1
|turn|1
|
|t:|1756309831
|move|p2a: Incineroar|Fake Out|p1b: Bearier
|-damage|p1b: Bearier|96/100
|move|p2b: Gholdengo|Nasty Plot|p2b: Gholdengo
|-boost|p2b: Gholdengo|spa|2
|move|p1a: Bear Arms|Knock Off|p2b: Gholdengo
|-supereffective|p2b: Gholdengo
|-damage|p2b: Gholdengo|49/100
|-enditem|p2b: Gholdengo|Life Orb|[from] move: Knock Off|[of] p1a: Bear Arms
|cant|p1b: Bearier|flinch
|
|upkeep
|turn|2
|
|t:|1756309851
|-terastallize|p2b: Gholdengo|Water
|move|p2b: Gholdengo|Make It Rain|p1a: Bear Arms|[spread] p1a,p1b
|-resisted|p1a: Bear Arms
|-damage|p1a: Bear Arms|60/100
|-damage|p1b: Bearier|33/100
|-unboost|p2b: Gholdengo|spa|1
|move|p1a: Bear Arms|Parting Shot|p2a: Incineroar
|-unboost|p2a: Incineroar|atk|1
|-unboost|p2a: Incineroar|spa|1
|
|t:|1756309865
|switch|p1a: Bearings|Amoonguss, L50, F|100/100|[from] Parting Shot
|move|p2a: Incineroar|Flare Blitz|p1b: Bearier
|-damage|p1b: Bearier|17/100
|-damage|p2a: Incineroar|96/100|[from] Recoil
|move|p1b: Bearier|Trick Room|p1b: Bearier
|-fieldstart|move: Trick Room|[of] p1b: Bearier
|
|upkeep
|turn|3
|inactive|eratakate has 30 seconds left.
|inactive|eratakate has 20 seconds left.
|inactive|eratakate has 15 seconds left.
|
|t:|1756309908
|switch|p1b: Bear?|Ursaluna, L50, M|100/100
|move|p1a: Bearings|Clear Smog|p2b: Gholdengo
|-damage|p2b: Gholdengo|33/100
|-clearboost|p2b: Gholdengo
|move|p2a: Incineroar|Knock Off|p1b: Bear?
|-damage|p1b: Bear?|85/100
|-enditem|p1b: Bear?|Flame Orb|[from] move: Knock Off|[of] p2a: Incineroar
|move|p2b: Gholdengo|Make It Rain|p1b: Bear?|[spread] p1a,p1b
|-damage|p1a: Bearings|60/100
|-damage|p1b: Bear?|47/100
|-unboost|p2b: Gholdengo|spa|1
|
|upkeep
|turn|4
|
|t:|1756309928
|switch|p2a: Amoonguss|Amoonguss, L50, F|100/100
|move|p2b: Gholdengo|Protect|p2b: Gholdengo
|-singleturn|p2b: Gholdengo|Protect
|move|p1a: Bearings|Pollen Puff|p1b: Bear?
|-heal|p1b: Bear?|97/100
|move|p1b: Bear?|Headlong Rush|p2a: Amoonguss
|-damage|p2a: Amoonguss|48/100
|-unboost|p1b: Bear?|def|1
|-unboost|p1b: Bear?|spd|1
|-enditem|p2a: Amoonguss|Sitrus Berry|[eat]
|-heal|p2a: Amoonguss|73/100|[from] item: Sitrus Berry
|
|upkeep
|turn|5
|inactive|WolfeyVGC Glazer has 30 seconds left.
|
|t:|1756309963
|switch|p1b: Bear Arms|Incineroar, L50, F|60/100
|-ability|p1b: Bear Arms|Intimidate|boost
|-unboost|p2a: Amoonguss|atk|1
|-unboost|p2b: Gholdengo|atk|1
|move|p1a: Bearings|Pollen Puff|p2b: Gholdengo
|-damage|p2b: Gholdengo|13/100
|move|p2a: Amoonguss|Spore|p1b: Bear Arms
|-activate|p1b: Bear Arms|item: Safety Goggles|Spore
|move|p2b: Gholdengo|Nasty Plot|p2b: Gholdengo
|-boost|p2b: Gholdengo|spa|2
|
|upkeep
|turn|6
|inactive|eratakate has 30 seconds left.
|inactive|eratakate has 20 seconds left.
|
|t:|1756309999
|switch|p2a: Incineroar|Incineroar, L50, M|96/100
|-ability|p2a: Incineroar|Intimidate|boost
|-unboost|p1a: Bearings|atk|1
|-unboost|p1b: Bear Arms|atk|1
|move|p2b: Gholdengo|Protect|p2b: Gholdengo
|-singleturn|p2b: Gholdengo|Protect
|move|p1a: Bearings|Pollen Puff|p1b: Bear Arms
|-heal|p1b: Bear Arms|100/100
|move|p1b: Bear Arms|Knock Off|p2a: Incineroar
|-resisted|p2a: Incineroar
|-damage|p2a: Incineroar|85/100
|-enditem|p2a: Incineroar|Safety Goggles|[from] move: Knock Off|[of] p1b: Bear Arms
|
|-fieldend|move: Trick Room
|upkeep
|turn|7
|inactive|eratakate has 30 seconds left.
|inactive|eratakate has 20 seconds left.
|inactive|eratakate has 15 seconds left.
|inactive|eratakate has 10 seconds left.
|inactive|eratakate has 5 seconds left.
|
|t:|1756310051
|-terastallize|p1a: Bearings|Water
|move|p2a: Incineroar|Fake Out|p1b: Bear Arms
|-damage|p1b: Bear Arms|89/100
|move|p2b: Gholdengo|Make It Rain|p1b: Bear Arms|[spread] p1a,p1b
|-resisted|p1a: Bearings
|-resisted|p1b: Bear Arms
|-damage|p1a: Bearings|28/100
|-damage|p1b: Bear Arms|54/100
|-unboost|p2b: Gholdengo|spa|1
|-enditem|p1a: Bearings|Sitrus Berry|[eat]
|-heal|p1a: Bearings|53/100|[from] item: Sitrus Berry
|cant|p1b: Bear Arms|flinch
|move|p1a: Bearings|Pollen Puff|p2b: Gholdengo
|-damage|p2b: Gholdengo|0 fnt
|faint|p2b: Gholdengo
|
|upkeep
|
|t:|1756310066
|switch|p2b: Amoonguss|Amoonguss, L50, F|100/100
|turn|8
|inactive|eratakate has 30 seconds left.
|
|t:|1756310099
|move|p1b: Bear Arms|Knock Off|p2a: Incineroar
|-resisted|p2a: Incineroar
|-damage|p2a: Incineroar|78/100
|move|p2a: Incineroar|Parting Shot|p1b: Bear Arms
|-unboost|p1b: Bear Arms|atk|1
|-unboost|p1b: Bear Arms|spa|1
|
|t:|1756310103
|switch|p2a: Ursaluna|Ursaluna-Bloodmoon, L50, M|100/100|[from] Parting Shot
|move|p2b: Amoonguss|Spore|p1a: Bearings
|-status|p1a: Bearings|slp|[from] move: Spore
|cant|p1a: Bearings|slp
|
|upkeep
|turn|9
|
|t:|1756310126
|switch|p1a: Bear?|Ursaluna, L50, M|97/100
|move|p1b: Bear Arms|Parting Shot|p2a: Ursaluna
|-unboost|p2a: Ursaluna|atk|1
|-unboost|p2a: Ursaluna|spa|1
|
|t:|1756310131
|switch|p1b: Bearings|Amoonguss, L50, F, tera:Water|86/100 slp|[from] Parting Shot
|move|p2a: Ursaluna|Blood Moon|p1a: Bear?
|-damage|p1a: Bear?|62/100
|move|p2b: Amoonguss|Spore|p1b: Bearings
|-fail|p1b: Bearings|slp
|
|upkeep
|turn|10
|
|t:|1756310146
|switch|p2b: Incineroar|Incineroar, L50, M|78/100
|-ability|p2b: Incineroar|Intimidate|boost
|-unboost|p1a: Bear?|atk|1
|-unboost|p1b: Bearings|atk|1
|move|p2a: Ursaluna|Hyper Voice|p1b: Bearings|[spread] p1a,p1b
|-damage|p1a: Bear?|45/100
|-damage|p1b: Bearings|65/100 slp
|move|p1a: Bear?|Headlong Rush|p2b: Incineroar
|-supereffective|p2b: Incineroar
|-damage|p2b: Incineroar|0 fnt
|-unboost|p1a: Bear?|def|1
|-unboost|p1a: Bear?|spd|1
|faint|p2b: Incineroar
|cant|p1b: Bearings|slp
|
|upkeep
|
|t:|1756310155
|switch|p2b: Amoonguss|Amoonguss, L50, F|100/100
|turn|11
|
|t:|1756310168
|switch|p1a: Bear Arms|Incineroar, L50, F|54/100
|-ability|p1a: Bear Arms|Intimidate|boost
|-unboost|p2a: Ursaluna|atk|1
|-unboost|p2b: Amoonguss|atk|1
|move|p2a: Ursaluna|Blood Moon|p1b: Bearings
|-damage|p1b: Bearings|24/100 slp
|move|p2b: Amoonguss|Pollen Puff|p1b: Bearings
|-damage|p1b: Bearings|10/100 slp
|-curestatus|p1b: Bearings|slp|[msg]
|move|p1b: Bearings|Pollen Puff|p1a: Bear Arms
|-heal|p1a: Bear Arms|100/100
|
|upkeep
|turn|12
|
|t:|1756310187
|switch|p1b: Bearier|Porygon2, L50|17/100
|-ability|p1b: Bearier|Download|boost
|-boost|p1b: Bearier|spa|1
|move|p1a: Bear Arms|Fake Out|p2a: Ursaluna
|-damage|p2a: Ursaluna|93/100
|cant|p2a: Ursaluna|flinch
|move|p2b: Amoonguss|Pollen Puff|p1b: Bearier
|-damage|p1b: Bearier|5/100
|
|upkeep
|turn|13
|
|t:|1756310203
|move|p1a: Bear Arms|Knock Off|p2a: Ursaluna
|-damage|p2a: Ursaluna|65/100
|-enditem|p2a: Ursaluna|Assault Vest|[from] move: Knock Off|[of] p1a: Bear Arms
|move|p2a: Ursaluna|Hyper Voice|p1a: Bear Arms|[spread] p1a,p1b
|-damage|p1a: Bear Arms|79/100
|-damage|p1b: Bearier|0 fnt
|faint|p1b: Bearier
|move|p2b: Amoonguss|Spore|p1a: Bear Arms
|-activate|p1a: Bear Arms|item: Safety Goggles|Spore
|
|upkeep
|
|t:|1756310219
|switch|p1b: Bear?|Ursaluna, L50, M|45/100
|turn|14
|
|t:|1756310228
|move|p1a: Bear Arms|Flare Blitz|p2b: Amoonguss
|-supereffective|p2b: Amoonguss
|-crit|p2b: Amoonguss
|-damage|p2b: Amoonguss|0 fnt
|faint|p2b: Amoonguss
|-damage|p1a: Bear Arms|43/100|[from] Recoil
|move|p2a: Ursaluna|Blood Moon|p1b: Bear?
|-damage|p1b: Bear?|9/100
|move|p1b: Bear?|Headlong Rush|p2a: Ursaluna
|-damage|p2a: Ursaluna|17/100
|-unboost|p1b: Bear?|def|1
|-unboost|p1b: Bear?|spd|1
|
|upkeep
|turn|15
|
|t:|1756310249
|switch|p1b: Bearings|Amoonguss, L50, F, tera:Water|43/100
|move|p1a: Bear Arms|Flare Blitz|p2a: Ursaluna
|-damage|p2a: Ursaluna|0 fnt
|faint|p2a: Ursaluna
|-damage|p1a: Bear Arms|38/100|[from] Recoil
|
|win|WolfeyVGC Glazer
|raw|WolfeyVGC Glazer's rating: 1172 → 1206(+34 for winning)
|raw|eratakate's rating: 1297 → 1263(-34 for losing)
