|j|☆wester7
|j|☆Welosethose!
|html|wester7Welosethose!    
|uhtml|bestof|Game 1 of a best-of-3
|t:|1756852190
|gametype|doubles
|player|p1|wester7|266|1150
|player|p2|Welosethose!|hilbert|1173
|gen|9
|tier|[Gen 9] VGC 2025 Reg H (Bo3)
|rated|
|rule|Species Clause: Limit one of each Pokémon
|rule|Item Clause: Limit 1 of each item
|clearpoke
|poke|p1|Orthworm, L50, M|
|poke|p1|Ursaluna, L50, F|
|poke|p1|Armarouge, L50, F|
|poke|p1|Dragonite, L50, F|
|poke|p1|Indeedee-F, L50, F|
|poke|p1|Overqwil, L50, F|
|poke|p2|Politoed, L50, F|
|poke|p2|Gothitelle, L50, F|
|poke|p2|Kingdra, L50, M|
|poke|p2|Archaludon, L50, M|
|poke|p2|Amoonguss, L50, F|
|poke|p2|Incineroar, L50, F|
|teampreview|4
|showteam|p1|Orthworm||SitrusBerry|EarthEater|HeavySlam,ShedTail,BodyPress,Protect|||M|||50|,,,,,Poison]Ursaluna||FlameOrb|Guts|Facade,Earthquake,HeadlongRush,Protect|||F|||50|,,,,,Ghost]Armarouge||LifeOrb|FlashFire|ArmorCannon,ExpandingForce,TrickRoom,WideGuard|||F|||50|,,,,,Grass]Dragonite||LoadedDice|Multiscale|ScaleShot,Tailwind,Haze,Protect|||F|||50|,,,,,Fairy]Indeedee-F||SafetyGoggles|PsychicSurge|Psychic,FollowMe,TrickRoom,Protect|||F|||50|,,,,,Fairy]Overqwil||AssaultVest|Intimidate|ThroatChop,PoisonJab,Liquidation,AquaJet|||F|||50|,,,,,Water
|showteam|p2|Politoed||Leftovers|Drizzle|WeatherBall,Encore,PerishSong,Protect|||F|||50|,,,,,Grass]Gothitelle||SitrusBerry|ShadowTag|FakeOut,Psychic,TrickRoom,Protect|||F|||50|,,,,,Dark]Kingdra||LifeOrb|SwiftSwim|WeatherBall,MuddyWater,DracoMeteor,Protect|||M|||50|,,,,,Stellar]Archaludon||PowerHerb|Sturdy|ElectroShot,FlashCannon,DragonPulse,Protect|||M|||50|,,,,,Electric]Amoonguss||EjectButton|Regenerator|PollenPuff,Spore,RagePowder,Protect|||F|||50|,,,,,Fairy]Incineroar||SafetyGoggles|Intimidate|FakeOut,KnockOff,PartingShot,Protect|||F|||50|,,,,,Ghost
|
|t:|1756852225
|teamsize|p1|4
|teamsize|p2|4
|start
|switch|p1a: Overqwil|Overqwil, L50, F|100/100
|switch|p1b: Orthworm|Orthworm, L50, M|100/100
|switch|p2a: Gothitelle|Gothitelle, L50, F|100/100
|switch|p2b: Politoed|Politoed, L50, F|100/100
|-ability|p1a: Overqwil|Intimidate|boost
|-unboost|p2a: Gothitelle|atk|1
|-unboost|p2b: Politoed|atk|1
|-weather|RainDance|[from] ability: Drizzle|[of] p2b: Politoed
|turn|1
|
|t:|1756852273
|-terastallize|p2a: Gothitelle|Dark
|move|p2a: Gothitelle|Fake Out|p1b: Orthworm
|-resisted|p1b: Orthworm
|-damage|p1b: Orthworm|99/100
|move|p1a: Overqwil|Throat Chop|p2b: Politoed
|-damage|p2b: Politoed|64/100
|-start|p2b: Politoed|Throat Chop|[silent]
|cant|p2b: Politoed|move: Throat Chop
|cant|p1b: Orthworm|flinch
|
|-weather|RainDance|[upkeep]
|-heal|p2b: Politoed|70/100|[from] item: Leftovers
|upkeep
|turn|2
|c|☆Welosethose!|man im trash
|
|t:|1756852312
|move|p1a: Overqwil|Poison Jab|p2b: Politoed
|-damage|p2b: Politoed|35/100
|-status|p2b: Politoed|psn
|move|p2b: Politoed|Weather Ball|p1a: Overqwil
|-damage|p1a: Overqwil|58/100
|move|p1b: Orthworm|Shed Tail|p1b: Orthworm
|-start|p1b: Orthworm|Substitute|[from] move: Shed Tail
|-damage|p1b: Orthworm|49/100
|-enditem|p1b: Orthworm|Sitrus Berry|[eat]
|-heal|p1b: Orthworm|74/100|[from] item: Sitrus Berry
|inactive|Battle timer is ON: inactive players will automatically lose when time's up. (requested by Welosethose!)
|
|t:|1756852346
|switch|p1b: Dragonite|Dragonite, L50, F|100/100|[from] Shed Tail
|move|p2a: Gothitelle|Trick Room|p2a: Gothitelle
|-fieldstart|move: Trick Room|[of] p2a: Gothitelle
|
|-weather|RainDance|[upkeep]
|-heal|p2b: Politoed|41/100 psn|[from] item: Leftovers
|-damage|p2b: Politoed|29/100 psn|[from] psn
|-end|p2b: Politoed|Throat Chop|[silent]
|upkeep
|turn|3
|inactive|wester7 has 30 seconds left.
|
|t:|1756852379
|switch|p2a: Amoonguss|Amoonguss, L50, F|100/100
|move|p2b: Politoed|Perish Song|p2b: Politoed
|-start|p1a: Overqwil|perish3|[silent]
|-start|p1b: Dragonite|perish3|[silent]
|-start|p2a: Amoonguss|perish3|[silent]
|-start|p2b: Politoed|perish3|[silent]
|-fieldactivate|move: Perish Song
|move|p1a: Overqwil|Liquidation|p2a: Amoonguss
|-resisted|p2a: Amoonguss
|-damage|p2a: Amoonguss|85/100
|-enditem|p2a: Amoonguss|Eject Button
|
|t:|1756852387
|switch|p2a: Gothitelle|Gothitelle, L50, F, tera:Dark|100/100
|move|p1b: Dragonite|Scale Shot|p2b: Politoed
|-crit|p2b: Politoed
|-damage|p2b: Politoed|6/100 psn
|-damage|p2b: Politoed|0 fnt
|faint|p2b: Politoed
|-hitcount|p2: Politoed|2
|-unboost|p1b: Dragonite|def|1
|-boost|p1b: Dragonite|spe|1
|
|-weather|RainDance|[upkeep]
|-start|p1a: Overqwil|perish3
|-start|p1b: Dragonite|perish3
|upkeep
|
|t:|1756852397
|switch|p2b: Incineroar|Incineroar, L50, F|100/100
|-ability|p2b: Incineroar|Intimidate|boost
|-unboost|p1a: Overqwil|atk|1
|-immune|p1b: Dragonite
|turn|4
|inactive|wester7 has 30 seconds left.
|
|t:|1756852425
|-terastallize|p1a: Overqwil|Water
|move|p2a: Gothitelle|Fake Out|p1a: Overqwil
|-damage|p1a: Overqwil|53/100
|move|p2b: Incineroar|Parting Shot|p1b: Dragonite
|-unboost|p1b: Dragonite|atk|1
|-unboost|p1b: Dragonite|spa|1
|
|t:|1756852431
|switch|p2b: Amoonguss|Amoonguss, L50, F|100/100|[from] Parting Shot
|cant|p1a: Overqwil|flinch
|move|p1b: Dragonite|Scale Shot|p2b: Amoonguss
|-damage|p2b: Amoonguss|92/100
|-damage|p2b: Amoonguss|84/100
|-damage|p2b: Amoonguss|76/100
|-damage|p2b: Amoonguss|67/100
|-damage|p2b: Amoonguss|60/100
|-hitcount|p2b: Amoonguss|5
|-unboost|p1b: Dragonite|def|1
|-boost|p1b: Dragonite|spe|1
|
|-weather|RainDance|[upkeep]
|-start|p1a: Overqwil|perish2
|-start|p1b: Dragonite|perish2
|upkeep
|turn|5
|inactive|Welosethose! has 30 seconds left.
|
|t:|1756852457
|move|p2a: Gothitelle|Protect|p2a: Gothitelle
|-singleturn|p2a: Gothitelle|Protect
|move|p2b: Amoonguss|Spore|p1a: Overqwil
|-status|p1a: Overqwil|slp|[from] move: Spore
|cant|p1a: Overqwil|slp
|move|p1b: Dragonite|Scale Shot|p2b: Amoonguss
|-damage|p2b: Amoonguss|53/100
|-crit|p2b: Amoonguss
|-damage|p2b: Amoonguss|34/100
|-damage|p2b: Amoonguss|26/100
|-damage|p2b: Amoonguss|19/100
|-damage|p2b: Amoonguss|12/100
|-hitcount|p2b: Amoonguss|5
|-unboost|p1b: Dragonite|def|1
|-boost|p1b: Dragonite|spe|1
|
|-weather|none
|-start|p1a: Overqwil|perish1
|-start|p1b: Dragonite|perish1
|upkeep
|turn|6
|inactive|wester7 has 30 seconds left.
|
|t:|1756852487
|switch|p2b: Incineroar|Incineroar, L50, F|100/100
|-ability|p2b: Incineroar|Intimidate|boost
|-unboost|p1a: Overqwil|atk|1
|-immune|p1b: Dragonite
|move|p2a: Gothitelle|Psychic|p1b: Dragonite
|-activate|p1b: Dragonite|move: Substitute|[damage]
|cant|p1a: Overqwil|slp
|move|p1b: Dragonite|Scale Shot|p2a: Gothitelle
|-damage|p2a: Gothitelle|91/100
|-damage|p2a: Gothitelle|81/100
|-damage|p2a: Gothitelle|71/100
|-damage|p2a: Gothitelle|61/100
|-hitcount|p2a: Gothitelle|4
|-unboost|p1b: Dragonite|def|1
|-boost|p1b: Dragonite|spe|1
|
|-start|p1a: Overqwil|perish0
|-start|p1b: Dragonite|perish0
|-fieldend|move: Trick Room
|upkeep
|faint|p1a: Overqwil
|faint|p1b: Dragonite
|
|t:|1756852505
|switch|p1b: Ursaluna|Ursaluna, L50, F|100/100
|switch|p1a: Orthworm|Orthworm, L50, M|74/100
|turn|7
|inactive|Welosethose! has 30 seconds left.
|inactive|Welosethose! has 20 seconds left.
|
|t:|1756852542
|move|p1a: Orthworm|Body Press|p2b: Incineroar
|-supereffective|p2b: Incineroar
|-damage|p2b: Incineroar|48/100
|move|p1b: Ursaluna|Earthquake|p2b: Incineroar|[spread] p2a,p2b
|-heal|p1a: Orthworm|99/100|[from] ability: Earth Eater|[of] p1b: Ursaluna
|-supereffective|p2b: Incineroar
|-damage|p2a: Gothitelle|18/100
|-damage|p2b: Incineroar|0 fnt
|-enditem|p2a: Gothitelle|Sitrus Berry|[eat]
|-heal|p2a: Gothitelle|43/100|[from] item: Sitrus Berry
|faint|p2b: Incineroar
|move|p2a: Gothitelle|Psychic|p1a: Orthworm
|-resisted|p1a: Orthworm
|-damage|p1a: Orthworm|82/100
|
|-status|p1b: Ursaluna|brn|[from] item: Flame Orb
|upkeep
|
|t:|1756852547
|switch|p2b: Amoonguss|Amoonguss, L50, F|45/100
|turn|8
|
|t:|1756852570
|move|p1a: Orthworm|Heavy Slam|p2b: Amoonguss
|-damage|p2b: Amoonguss|17/100
|move|p1b: Ursaluna|Earthquake|p2b: Amoonguss|[spread] p2a,p2b
|-heal|p1a: Orthworm|100/100|[from] ability: Earth Eater|[of] p1b: Ursaluna
|-damage|p2a: Gothitelle|0 fnt
|-damage|p2b: Amoonguss|0 fnt
|faint|p2a: Gothitelle
|faint|p2b: Amoonguss
|
|win|wester7
||Welosethose! is ready for game 2.
|inactive|wester7 has 30 seconds to confirm battle start!
||wester7 is ready for game 2.
|uhtml|next|Next: Game 2 of 3
