|j|☆subhamcheee
|j|☆d1mo22
|html|subhamcheeed1mo22    
|uhtml|bestof|Game 2 of a best-of-3
|t:|1784194601
|gametype|doubles
|player|p1|subhamcheee|cynthia|1252
|player|p2|d1mo22|skier|1206
|gen|9
|tier|[Gen 9 Champions] VGC 2026 Reg M-B (Bo3)
|rated|
|rule|Species Clause: Limit one of each Pokémon
|rule|Item Clause: Limit 1 of each item
|clearpoke
|poke|p1|Mawile, L50, F, shiny|
|poke|p1|Farigiraf, L50, M|
|poke|p1|Incineroar, L50, M|
|poke|p1|Torkoal, L50, M|
|poke|p1|Zoroark-Hisui, L50, F|
|poke|p1|Garchomp, L50, M|
|poke|p2|Raichu, L50, F|
|poke|p2|Gyarados, L50, M, shiny|
|poke|p2|Mamoswine, L50, M|
|poke|p2|Ceruledge, L50, F|
|poke|p2|Sinistcha, L50|
|poke|p2|Kingambit, L50, F, shiny|
|teampreview|4
|showteam|p1|Mawile||Mawilite|HyperCutter|PlayRough,SuckerPunch,IronHead,SwordsDance|Brave||F|||50|]Farigiraf||SitrusBerry|ArmorTail|Psychic,Thunderbolt,TrickRoom,HelpingHand|Calm||M|||50|]Incineroar||WhiteHerb|Intimidate|FakeOut,CloseCombat,DarkestLariat,FlareBlitz|Adamant||M|||50|]Torkoal||Charcoal|Drought|Protect,HelpingHand,WeatherBall,Eruption|Modest||M|||50|]Zoroark-Hisui||FocusSash|Illusion|Protect,NastyPlot,ShadowBall,HyperVoice|Timid||F|||50|]Garchomp||LifeOrb|RoughSkin|Protect,RockSlide,StompingTantrum,DragonClaw|Jolly||M|||50|
|showteam|p2|Raichu||RaichuniteY|LightningRod|FakeOut,Encore,ZapCannon,FocusBlast|Timid||F|||50|]Gyarados||Gyaradosite|Intimidate|LashOut,Waterfall,DragonDance,Protect|Adamant||M|||50|]Mamoswine||LifeOrb|Oblivious|Protect,IcicleCrash,IceShard,HighHorsepower|Jolly||M|||50|]Ceruledge||ColburBerry|FlashFire|BitterBlade,ShadowSneak,BulkUp,Protect|Adamant||F|||50|]Sinistcha||SitrusBerry|Hospitality|Protect,RagePowder,MatchaGotcha,LifeDew|Bold|||||50|]Kingambit||FocusSash|Defiant|Protect,SuckerPunch,KowtowCleave,IronHead|Adamant||F|||50|
|inactive|Battle timer is ON: inactive players will automatically lose when time's up. (requested by d1mo22)
|inactive|d1mo22 has 60 seconds left.
|
|t:|1784194660
|teamsize|p1|4
|teamsize|p2|4
|start
|switch|p1a: Farigiraf|Farigiraf, L50, M|100/100
|switch|p1b: Incineroar|Incineroar, L50, M|100/100
|switch|p2a: Kingambit|Kingambit, L50, F, shiny|100/100
|switch|p2b: Ceruledge|Ceruledge, L50, F|100/100
|-ability|p1b: Incineroar|Intimidate|boost
|-unboost|p2a: Kingambit|atk|1
|-ability|p2a: Kingambit|Defiant|boost
|-boost|p2a: Kingambit|atk|2
|-unboost|p2b: Ceruledge|atk|1
|turn|1
|
|t:|1784194676
|move|p1b: Incineroar|Fake Out|p2a: Kingambit
|-resisted|p2a: Kingambit|1
|-damage|p2a: Kingambit|93/100
|move|p1a: Farigiraf|Nasty Plot|p1a: Farigiraf
|-boost|p1a: Farigiraf|spa|2
|move|p2b: Ceruledge|Bulk Up|p2b: Ceruledge
|-boost|p2b: Ceruledge|atk|1
|-boost|p2b: Ceruledge|def|1
|cant|p2a: Kingambit|flinch
|
|upkeep
|turn|2
|inactive|d1mo22 has 30 seconds left.
|
|t:|1784194710
|move|p2a: Kingambit|Protect|p2a: Kingambit
|-singleturn|p2a: Kingambit|Protect
|move|p1a: Farigiraf|Nasty Plot|p1a: Farigiraf
|-boost|p1a: Farigiraf|spa|2
|move|p2b: Ceruledge|Bitter Blade|p1a: Farigiraf
|-damage|p1a: Farigiraf|4/100
|replace|p1a: Zoroark|Zoroark-Hisui, L50, F
|-end|p1a: Zoroark|Illusion
|move|p1b: Incineroar|Close Combat|p2a: Kingambit
|-activate|p2a: Kingambit|move: Protect
|
|upkeep
|turn|3
|inactive|d1mo22 has 30 seconds left.
|inactive|d1mo22 has 20 seconds left.
|
|t:|1784194748
|switch|p2a: Gyarados|Gyarados, L50, M, shiny|100/100
|-ability|p2a: Gyarados|Intimidate|boost
|-unboost|p1a: Zoroark|atk|1
|-unboost|p1b: Incineroar|atk|1
|-enditem|p1b: Incineroar|White Herb
|-clearnegativeboost|p1b: Incineroar|[silent]
|move|p1a: Zoroark|Protect|p1a: Zoroark
|-singleturn|p1a: Zoroark|Protect
|move|p2b: Ceruledge|Protect|p2b: Ceruledge
|-singleturn|p2b: Ceruledge|Protect
|move|p1b: Incineroar|Close Combat|p2a: Gyarados
|-resisted|p2a: Gyarados|1
|-damage|p2a: Gyarados|78/100
|-unboost|p1b: Incineroar|def|1
|-unboost|p1b: Incineroar|spd|1
|
|upkeep
|turn|4
|inactive|d1mo22 has 30 seconds left.
|inactive|d1mo22 has 20 seconds left.
|
|t:|1784194786
|switch|p2b: Kingambit|Kingambit, L50, F, shiny|93/100
|detailschange|p2a: Gyarados|Gyarados-Mega, L50, M, shiny
|-mega|p2a: Gyarados|Gyarados|Gyaradosite
|-ability|p2a: Gyarados|Mold Breaker
|move|p1a: Zoroark|Hyper Voice|p2b: Kingambit|[spread] p2a,p2b
|-resisted|p2b: Kingambit|1
|-damage|p2a: Gyarados|5/100
|-damage|p2b: Kingambit|38/100
|move|p2a: Gyarados|Dragon Dance|p2a: Gyarados
|-boost|p2a: Gyarados|atk|1
|-boost|p2a: Gyarados|spe|1
|move|p1b: Incineroar|Darkest Lariat|p2b: Kingambit
|-resisted|p2b: Kingambit|1
|-damage|p2b: Kingambit|20/100y
|
|upkeep
|turn|5
|inactive|subhamcheee has 30 seconds left.
|
|t:|1784194811
|switch|p1b: Farigiraf|Farigiraf, L50, M|100/100
|move|p2b: Kingambit|Sucker Punch||[still]
|cant|p1b: Farigiraf|ability: Armor Tail|Sucker Punch|[of] p2b: Kingambit
|move|p2a: Gyarados|Waterfall|p1b: Farigiraf
|-damage|p1b: Farigiraf|38/100
|-enditem|p1b: Farigiraf|Sitrus Berry|[eat]
|-heal|p1b: Farigiraf|63/100|[from] item: Sitrus Berry
|move|p1a: Zoroark|Hyper Voice|p2b: Kingambit|[spread] p2a,p2b
|-resisted|p2b: Kingambit|1
|-damage|p2a: Gyarados|0 fnt
|-damage|p2b: Kingambit|0 fnt
|faint|p2a: Gyarados
|faint|p2b: Kingambit
|
|upkeep
|
|t:|1784194824
|switch|p2a: Mamoswine|Mamoswine, L50, M|100/100
|switch|p2b: Ceruledge|Ceruledge, L50, F|100/100
|turn|6
|inactive|subhamcheee has 30 seconds left.
|inactive|subhamcheee has 20 seconds left.
|
|t:|1784194859
|move|p1a: Zoroark|Hyper Voice|p2b: Ceruledge|[spread] p2a
|-immune|p2b: Ceruledge
|-damage|p2a: Mamoswine|0 fnt
|faint|p2a: Mamoswine
|move|p2b: Ceruledge|Bulk Up|p2b: Ceruledge
|-boost|p2b: Ceruledge|atk|1
|-boost|p2b: Ceruledge|def|1
|move|p1b: Farigiraf|Trick Room|p1b: Farigiraf
|-fieldstart|move: Trick Room|[of] p1b: Farigiraf
|
|upkeep
|turn|7
|
|t:|1784194873
|switch|p1b: Incineroar|Incineroar, L50, M|100/100
|-ability|p1b: Incineroar|Intimidate|boost
|-unboost|p2b: Ceruledge|atk|1
|move|p2b: Ceruledge|Bitter Blade|p1a: Zoroark
|-damage|p1a: Zoroark|0 fnt
|faint|p1a: Zoroark
|
|upkeep
|
|t:|1784194886
|switch|p1a: Mawile|Mawile, L50, F, shiny|100/100
|turn|8
|
|t:|1784194894
|detailschange|p1a: Mawile|Mawile-Mega, L50, F, shiny
|-mega|p1a: Mawile|Mawile|Mawilite
|move|p1a: Mawile|Sucker Punch|p2b: Ceruledge
|-supereffective|p2b: Ceruledge|1
|-enditem|p2b: Ceruledge|Colbur Berry|[eat]
|-enditem|p2b: Ceruledge|Colbur Berry|[weaken]
|-damage|p2b: Ceruledge|61/100
|move|p1b: Incineroar|Darkest Lariat|p2b: Ceruledge
|-supereffective|p2b: Ceruledge|1
|-damage|p2b: Ceruledge|0 fnt
|faint|p2b: Ceruledge
|
|win|subhamcheee
