|j|☆KATEGARCIA
|j|☆Jasondddd
|html|KATEGARCIAJasondddd    
|uhtml|bestof|Game 2 of a best-of-3
|t:|1755119507
|gametype|doubles
|player|p1|KATEGARCIA|caitlin|1224
|player|p2|Jasondddd|2|1334
|gen|9
|tier|[Gen 9] VGC 2025 Reg H (Bo3)
|rated|
|rule|Species Clause: Limit one of each Pokémon
|rule|Item Clause: Limit 1 of each item
|clearpoke
|poke|p1|Sneasler, L50, M|
|poke|p1|Indeedee, L50, M|
|poke|p1|Volcarona, L50, F|
|poke|p1|Ursaluna-Bloodmoon, L50, M|
|poke|p1|Annihilape, L50, M|
|poke|p1|Tyranitar, L50, M|
|poke|p2|Volcarona, L50, F|
|poke|p2|Electabuzz, L50, M|
|poke|p2|Kingambit, L50, M|
|poke|p2|Sneasler, L50, F|
|poke|p2|Rillaboom, L50, M|
|poke|p2|Basculegion, L50, M|
|teampreview|4
|showteam|p1|Sneasler||PsychicSeed|Unburden|CloseCombat,DireClaw,ThroatChop,Protect|||M|||50|,,,,,Dark]Indeedee||ChoiceScarf|PsychicSurge|ExpandingForce,TeraBlast,Trick,Protect|||M|||50|,,,,,Psychic]Volcarona||SitrusBerry|FlameBody|Overheat,StruggleBug,RagePowder,Tailwind|||F|||50|,,,,,Grass]Ursaluna-Bloodmoon||LifeOrb|MindsEye|BloodMoon,HyperVoice,EarthPower,Protect|||M|||50|,,,,,Normal]Annihilape||SafetyGoggles|Defiant|CloseCombat,RageFist,Taunt,FinalGambit|||M|||50|,,,,,Fairy]Tyranitar||AssaultVest|SandStream|RockSlide,KnockOff,TeraBlast,LowKick|||M|||50|,,,,,Flying
|showteam|p2|Volcarona||CovertCloak|FlameBody|Protect,QuiverDance,HeatWave,TeraBlast|||F|||50|,,,,,Fairy]Electabuzz||Eviolite|VitalSpirit|Protect,Thunderbolt,Taunt,FollowMe|||M|||50|,,,,,Dragon]Kingambit||SafetyGoggles|Defiant|Protect,SwordsDance,SuckerPunch,KowtowCleave|||M|||50|,,,,,Dark]Sneasler||FocusSash|Unburden|FakeOut,DireClaw,Protect,CloseCombat|||F|||50|,,,,,Ghost]Rillaboom||AssaultVest|GrassySurge|FakeOut,GrassyGlide,WoodHammer,Uturn|||M|||50|,,,,,Fire]Basculegion||ChoiceScarf|Adaptability|FlipTurn,AquaJet,LastRespects,WaveCrash|||M|||50|,,,,,Fairy
|
|t:|1755119533
|teamsize|p1|4
|teamsize|p2|4
|start
|switch|p1a: Tyranitar|Tyranitar, L50, M|100/100
|switch|p1b: Annihilape|Annihilape, L50, M|100/100
|switch|p2a: Rillaboom|Rillaboom, L50, M|100/100
|switch|p2b: Volcarona|Volcarona, L50, F|100/100
|-fieldstart|move: Grassy Terrain|[from] ability: Grassy Surge|[of] p2a: Rillaboom
|-weather|Sandstorm|[from] ability: Sand Stream|[of] p1a: Tyranitar
|turn|1
|
|t:|1755119561
|-terastallize|p1a: Tyranitar|Flying
|move|p2b: Volcarona|Protect|p2b: Volcarona
|-singleturn|p2b: Volcarona|Protect
|move|p1b: Annihilape|Taunt|p2b: Volcarona
|-activate|p2b: Volcarona|move: Protect
|move|p2a: Rillaboom|U-turn|p1a: Tyranitar
|-resisted|p1a: Tyranitar
|-damage|p1a: Tyranitar|90/100
|
|t:|1755119570
|switch|p2a: Electabuzz|Electabuzz, L50, M|100/100|[from] U-turn
|move|p1a: Tyranitar|Rock Slide|p2a: Electabuzz|[spread] p2a
|-activate|p2b: Volcarona|move: Protect
|-damage|p2a: Electabuzz|71/100
|
|-weather|Sandstorm|[upkeep]
|-damage|p2a: Electabuzz|65/100|[from] Sandstorm
|-damage|p2b: Volcarona|95/100|[from] Sandstorm
|-damage|p1a: Tyranitar|84/100|[from] Sandstorm
|-heal|p2a: Electabuzz|71/100|[from] Grassy Terrain
|-heal|p2b: Volcarona|100/100|[from] Grassy Terrain
|upkeep
|turn|2
|
|t:|1755119588
|-terastallize|p2b: Volcarona|Fairy
|move|p2a: Electabuzz|Follow Me|p2a: Electabuzz
|-singleturn|p2a: Electabuzz|move: Follow Me
|move|p1b: Annihilape|Taunt|p2a: Electabuzz
|-start|p2a: Electabuzz|move: Taunt
|move|p2b: Volcarona|Quiver Dance|p2b: Volcarona
|-boost|p2b: Volcarona|spa|1
|-boost|p2b: Volcarona|spd|1
|-boost|p2b: Volcarona|spe|1
|move|p1a: Tyranitar|Rock Slide|p2b: Volcarona|[spread] p2a,p2b
|-damage|p2a: Electabuzz|44/100
|-damage|p2b: Volcarona|64/100
|
|-weather|Sandstorm|[upkeep]
|-damage|p2b: Volcarona|58/100|[from] Sandstorm
|-damage|p2a: Electabuzz|37/100|[from] Sandstorm
|-damage|p1a: Tyranitar|78/100|[from] Sandstorm
|-heal|p2b: Volcarona|64/100|[from] Grassy Terrain
|-heal|p2a: Electabuzz|44/100|[from] Grassy Terrain
|upkeep
|turn|3
|
|t:|1755119614
|move|p2b: Volcarona|Protect|p2b: Volcarona
|-singleturn|p2b: Volcarona|Protect
|move|p2a: Electabuzz|Thunderbolt|p1a: Tyranitar
|-supereffective|p1a: Tyranitar
|-damage|p1a: Tyranitar|37/100
|-status|p1a: Tyranitar|par
|move|p1b: Annihilape|Rage Fist|p2b: Volcarona
|-activate|p2b: Volcarona|move: Protect
|move|p1a: Tyranitar|Rock Slide|p2a: Electabuzz|[spread] p2a
|-activate|p2b: Volcarona|move: Protect
|-damage|p2a: Electabuzz|14/100
|
|-weather|Sandstorm|[upkeep]
|-damage|p2b: Volcarona|58/100|[from] Sandstorm
|-damage|p2a: Electabuzz|8/100|[from] Sandstorm
|-damage|p1a: Tyranitar|32/100 par|[from] Sandstorm
|-heal|p2b: Volcarona|64/100|[from] Grassy Terrain
|-heal|p2a: Electabuzz|14/100|[from] Grassy Terrain
|upkeep
|turn|4
|
|t:|1755119645
|move|p2b: Volcarona|Tera Blast|p1b: Annihilape|[anim] Tera Blast Fairy
|-supereffective|p1b: Annihilape
|-damage|p1b: Annihilape|0 fnt
|faint|p1b: Annihilape
|move|p2a: Electabuzz|Thunderbolt|p1a: Tyranitar
|-supereffective|p1a: Tyranitar
|-damage|p1a: Tyranitar|0 fnt
|faint|p1a: Tyranitar
|
|-weather|Sandstorm|[upkeep]
|-damage|p2b: Volcarona|58/100|[from] Sandstorm
|-damage|p2a: Electabuzz|8/100|[from] Sandstorm
|-heal|p2b: Volcarona|64/100|[from] Grassy Terrain
|-heal|p2a: Electabuzz|14/100|[from] Grassy Terrain
|upkeep
|
|t:|1755119651
|switch|p1b: Indeedee|Indeedee, L50, M|100/100
|switch|p1a: Sneasler|Sneasler, L50, M|100/100
|-fieldstart|move: Psychic Terrain|[from] ability: Psychic Surge|[of] p1b: Indeedee
|-enditem|p1a: Sneasler|Psychic Seed
|-boost|p1a: Sneasler|spd|1|[from] item: Psychic Seed
|turn|5
|
|t:|1755119674
|move|p2b: Volcarona|Protect|p2b: Volcarona
|-singleturn|p2b: Volcarona|Protect
|move|p1a: Sneasler|Dire Claw|p2a: Electabuzz
|-damage|p2a: Electabuzz|0 fnt
|faint|p2a: Electabuzz
|move|p1b: Indeedee|Expanding Force|p2b: Volcarona
|-activate|p2b: Volcarona|move: Protect
|
|-weather|none
|upkeep
|
|t:|1755119686
|switch|p2a: Rillaboom|Rillaboom, L50, M|100/100
|-fieldstart|move: Grassy Terrain|[from] ability: Grassy Surge|[of] p2a: Rillaboom
|turn|6
|
|t:|1755119694
|move|p1a: Sneasler|Protect|p1a: Sneasler
|-singleturn|p1a: Sneasler|Protect
|move|p2a: Rillaboom|Fake Out|p1a: Sneasler
|-activate|p1a: Sneasler|move: Protect
|move|p1b: Indeedee|Expanding Force|p2a: Rillaboom
|-damage|p2a: Rillaboom|74/100
|move|p2b: Volcarona|Tera Blast|p1b: Indeedee|[anim] Tera Blast Fairy
|-damage|p1b: Indeedee|12/100
|
|-heal|p1b: Indeedee|18/100|[from] Grassy Terrain
|-heal|p2b: Volcarona|70/100|[from] Grassy Terrain
|-heal|p2a: Rillaboom|80/100|[from] Grassy Terrain
|upkeep
|turn|7
|
|t:|1755119711
|move|p2a: Rillaboom|Grassy Glide|p1b: Indeedee
|-crit|p1b: Indeedee
|-damage|p1b: Indeedee|0 fnt
|faint|p1b: Indeedee
|move|p1a: Sneasler|Dire Claw|p2a: Rillaboom
|-supereffective|p2a: Rillaboom
|-damage|p2a: Rillaboom|0 fnt
|faint|p2a: Rillaboom
|move|p2b: Volcarona|Tera Blast|p1a: Sneasler|[anim] Tera Blast Fairy
|-crit|p1a: Sneasler
|-damage|p1a: Sneasler|0 fnt
|faint|p1a: Sneasler
|
|win|Jasondddd
|raw|KATEGARCIA's rating: 1224 → 1207(-17 for losing)
|raw|Jasondddd's rating: 1334 → 1348(+14 for winning)
|l|☆KATEGARCIA
|player|p1|
