|j|☆Voltage Gaming101
|j|☆bothriolepis34
|html|Voltage Gaming101bothriolepis34    
|uhtml|bestof|Game 1 of a best-of-3
|t:|1757112976
|gametype|doubles
|player|p1|Voltage Gaming101|red|1070
|player|p2|bothriolepis34|265|1000
|gen|9
|tier|[Gen 9] VGC 2025 Reg H (Bo3)
|rated|
|rule|Species Clause: Limit one of each Pokémon
|rule|Item Clause: Limit 1 of each item
|clearpoke
|poke|p1|Tyranitar, L50, F|
|poke|p1|Houndstone, L50, F|
|poke|p1|Gholdengo, L50|
|poke|p1|Garchomp, L50, M|
|poke|p1|Incineroar, L50, F|
|poke|p1|Amoonguss, L50, M|
|poke|p2|Incineroar, L50, M|
|poke|p2|Tsareena, L50, F|
|poke|p2|Amoonguss, L50, M|
|poke|p2|Torkoal, L50, F|
|poke|p2|Honchkrow, L50, M|
|poke|p2|Gothitelle, L50, F|
|teampreview|4
|showteam|p1|Tyranitar||AssaultVest|SandStream|RockSlide,KnockOff,LowKick,TeraBlast|||F|||50|,,,,,Flying]Houndstone||SpellTag|SandRush|LastRespects,ShadowSneak,PlayRough,FireFang|||F|||50|,,,,,Ghost]Gholdengo||LifeOrb|GoodasGold|MakeItRain,ShadowBall,NastyPlot,Protect||||||50|,,,,,Water]Garchomp||LoadedDice|RoughSkin|ScaleShot,Earthquake,SwordsDance,Protect|||M|||50|,,,,,Fire]Incineroar||SafetyGoggles|Intimidate|FakeOut,KnockOff,FlareBlitz,PartingShot|||F|||50|,,,,,Water]Amoonguss||SitrusBerry|Regenerator|Spore,RagePowder,PollenPuff,Protect|||M|||50|,,,,,Water
|showteam|p2|Incineroar||RockyHelmet|Intimidate|FlareBlitz,PartingShot,Protect,FakeOut|||M|||50|,,,,,Dragon]Tsareena||LifeOrb|QueenlyMajesty|SolarBlade,PlayRough,KnockOff,Protect|||F|||50|,,,,,Stellar]Amoonguss||MentalHerb|Regenerator|RagePowder,Protect,Spore,SludgeBomb|||M|||50|,,,,,Ground]Torkoal||Charcoal|Drought|Protect,HeatWave,Eruption,EarthPower|||F|||50|,,,,,Fire]Honchkrow||SitrusBerry|Insomnia|PerishSong,Tailwind,Protect,FoulPlay|||M|||50|,,,,,Normal]Gothitelle||Leftovers|ShadowTag|Protect,FakeOut,Psychic,TrickRoom|||F|||50|,,,,,Dark
|
|t:|1757113019
|teamsize|p1|4
|teamsize|p2|4
|start
|switch|p1a: Tyranitar|Tyranitar, L50, F, shiny|100/100
|switch|p1b: Incineroar|Incineroar, L50, F, shiny|100/100
|switch|p2a: Honchkrow|Honchkrow, L50, M|100/100
|switch|p2b: Incineroar|Incineroar, L50, M|100/100
|-weather|Sandstorm|[from] ability: Sand Stream|[of] p1a: Tyranitar
|-ability|p1b: Incineroar|Intimidate|boost
|-unboost|p2a: Honchkrow|atk|1
|-unboost|p2b: Incineroar|atk|1
|-ability|p2b: Incineroar|Intimidate|boost
|-unboost|p1a: Tyranitar|atk|1
|-unboost|p1b: Incineroar|atk|1
|turn|1
|
|t:|1757113058
|switch|p2a: Tsareena|Tsareena, L50, F|100/100
|move|p1b: Incineroar|Fake Out||[still]
|cant|p2a: Tsareena|ability: Queenly Majesty|Fake Out|[of] p1b: Incineroar
|move|p2b: Incineroar|Fake Out|p1a: Tyranitar
|-resisted|p1a: Tyranitar
|-damage|p1a: Tyranitar|98/100
|cant|p1a: Tyranitar|flinch
|
|-weather|Sandstorm|[upkeep]
|-damage|p2a: Tsareena|95/100|[from] Sandstorm
|-damage|p2b: Incineroar|94/100|[from] Sandstorm
|upkeep
|turn|2
|
|t:|1757113095
|-terastallize|p1a: Tyranitar|Flying
|move|p2a: Tsareena|Protect|p2a: Tsareena
|-singleturn|p2a: Tsareena|Protect
|move|p1b: Incineroar|Parting Shot|p2b: Incineroar
|-unboost|p2b: Incineroar|atk|1
|-unboost|p2b: Incineroar|spa|1
|
|t:|1757113116
|switch|p1b: Garchomp|Garchomp, L50, M, shiny|100/100|[from] Parting Shot
|move|p1a: Tyranitar|Tera Blast|p2a: Tsareena|[anim] Tera Blast Flying
|-activate|p2a: Tsareena|move: Protect
|move|p2b: Incineroar|Parting Shot|p1a: Tyranitar
|-unboost|p1a: Tyranitar|atk|1
|-unboost|p1a: Tyranitar|spa|1
|
|t:|1757113129
|switch|p2b: Torkoal|Torkoal, L50, F|100/100|[from] Parting Shot
|-weather|SunnyDay|[from] ability: Drought|[of] p2b: Torkoal
|
|-weather|SunnyDay|[upkeep]
|upkeep
|turn|3
|
|t:|1757113149
|switch|p2a: Incineroar|Incineroar, L50, M|94/100
|-ability|p2a: Incineroar|Intimidate|boost
|-unboost|p1a: Tyranitar|atk|1
|-unboost|p1b: Garchomp|atk|1
|move|p2b: Torkoal|Protect|p2b: Torkoal
|-singleturn|p2b: Torkoal|Protect
|move|p1b: Garchomp|Earthquake|p2b: Torkoal|[spread] p2a
|-activate|p2b: Torkoal|move: Protect
|-immune|p1a: Tyranitar
|-supereffective|p2a: Incineroar
|-damage|p2a: Incineroar|35/100
|move|p1a: Tyranitar|Rock Slide|p2a: Incineroar|[spread] p2a
|-activate|p2b: Torkoal|move: Protect
|-supereffective|p2a: Incineroar
|-damage|p2a: Incineroar|9/100
|
|-weather|SunnyDay|[upkeep]
|upkeep
|turn|4
|
|t:|1757113185
|move|p1b: Garchomp|Earthquake|p2b: Torkoal|[spread] p2a,p2b
|-immune|p1a: Tyranitar
|-supereffective|p2a: Incineroar
|-supereffective|p2b: Torkoal
|-damage|p2a: Incineroar|0 fnt
|-damage|p2b: Torkoal|62/100
|faint|p2a: Incineroar
|move|p1a: Tyranitar|Rock Slide|p2b: Torkoal
|-supereffective|p2b: Torkoal
|-damage|p2b: Torkoal|37/100
|move|p2b: Torkoal|Earth Power|p1a: Tyranitar
|-immune|p1a: Tyranitar
|
|-weather|SunnyDay|[upkeep]
|upkeep
|
|t:|1757113198
|switch|p2a: Tsareena|Tsareena, L50, F|95/100
|turn|5
|
|t:|1757113220
|move|p2b: Torkoal|Protect|p2b: Torkoal
|-singleturn|p2b: Torkoal|Protect
|move|p1b: Garchomp|Swords Dance|p1b: Garchomp
|-boost|p1b: Garchomp|atk|2
|move|p2a: Tsareena|Solar Blade||[still]
|-prepare|p2a: Tsareena|Solar Blade
|-anim|p2a: Tsareena|Solar Blade|p1b: Garchomp
|-damage|p1b: Garchomp|5/100
|-damage|p2a: Tsareena|82/100|[from] ability: Rough Skin|[of] p1b: Garchomp
|-damage|p2a: Tsareena|73/100|[from] item: Life Orb
|move|p1a: Tyranitar|Tera Blast|p2a: Tsareena|[anim] Tera Blast Flying
|-supereffective|p2a: Tsareena
|-damage|p2a: Tsareena|30/100
|
|-weather|SunnyDay|[upkeep]
|upkeep
|turn|6
|
|t:|1757113247
|switch|p2b: Honchkrow|Honchkrow, L50, M|100/100
|move|p1b: Garchomp|Earthquake|p2b: Honchkrow|[spread] p2a
|-immune|p1a: Tyranitar
|-immune|p2b: Honchkrow
|-resisted|p2a: Tsareena
|-damage|p2a: Tsareena|0 fnt
|faint|p2a: Tsareena
|move|p1a: Tyranitar|Tera Blast|p2b: Honchkrow|[anim] Tera Blast Flying
|-damage|p2b: Honchkrow|79/100
|
|-weather|none
|upkeep
|
|t:|1757113260
|switch|p2a: Torkoal|Torkoal, L50, F|37/100
|-weather|SunnyDay|[from] ability: Drought|[of] p2a: Torkoal
|turn|7
|
|t:|1757113275
|move|p1b: Garchomp|Protect|p1b: Garchomp
|-singleturn|p1b: Garchomp|Protect
|move|p2a: Torkoal|Protect|p2a: Torkoal
|-singleturn|p2a: Torkoal|Protect
|move|p2b: Honchkrow|Foul Play|p1b: Garchomp
|-activate|p1b: Garchomp|move: Protect
|move|p1a: Tyranitar|Rock Slide|p2a: Torkoal|[spread] p2b
|-activate|p2a: Torkoal|move: Protect
|-supereffective|p2b: Honchkrow
|-damage|p2b: Honchkrow|51/100
|
|-weather|SunnyDay|[upkeep]
|upkeep
|turn|8
|
|t:|1757113304
|move|p1b: Garchomp|Earthquake|p2b: Honchkrow|[spread] p2a
|-immune|p1a: Tyranitar
|-immune|p2b: Honchkrow
|-supereffective|p2a: Torkoal
|-damage|p2a: Torkoal|0 fnt
|faint|p2a: Torkoal
|move|p2b: Honchkrow|Foul Play|p1b: Garchomp
|-damage|p1b: Garchomp|0 fnt
|-damage|p2b: Honchkrow|39/100|[from] ability: Rough Skin|[of] p1b: Garchomp
|-enditem|p2b: Honchkrow|Sitrus Berry|[eat]
|-heal|p2b: Honchkrow|64/100|[from] item: Sitrus Berry
|faint|p1b: Garchomp
|move|p1a: Tyranitar|Rock Slide|p2b: Honchkrow
|-supereffective|p2b: Honchkrow
|-damage|p2b: Honchkrow|24/100
|
|-weather|SunnyDay|[upkeep]
|upkeep
|
|t:|1757113319
|switch|p1b: Incineroar|Incineroar, L50, F, shiny|100/100
|-ability|p1b: Incineroar|Intimidate|boost
|-unboost|p2b: Honchkrow|atk|1
|turn|9
|
|t:|1757113328
|move|p2b: Honchkrow|Protect|p2b: Honchkrow
|-singleturn|p2b: Honchkrow|Protect
|move|p1b: Incineroar|Fake Out|p2b: Honchkrow
|-activate|p2b: Honchkrow|move: Protect
|move|p1a: Tyranitar|Rock Slide|p2b: Honchkrow
|-activate|p2b: Honchkrow|move: Protect
|
|-weather|SunnyDay|[upkeep]
|upkeep
|turn|10
|
|t:|1757113341
|move|p2b: Honchkrow|Foul Play|p1b: Incineroar
|-resisted|p1b: Incineroar
|-damage|p1b: Incineroar|76/100
|move|p1b: Incineroar|Flare Blitz|p2b: Honchkrow
|-damage|p2b: Honchkrow|0 fnt
|faint|p2b: Honchkrow
|-damage|p1b: Incineroar|68/100|[from] Recoil
|
|win|Voltage Gaming101
