|j|☆JandyMiri
|j|☆Argentavis_Gaming
|html|JandyMiriArgentavis_Gaming    
|uhtml|bestof|Game 1 of a best-of-3
|t:|1757625182
|gametype|doubles
|player|p1|JandyMiri|2|1209
|player|p2|Argentavis_Gaming|unknown|1184
|gen|9
|tier|[Gen 9] VGC 2025 Reg H (Bo3)
|rated|
|rule|Species Clause: Limit one of each Pokémon
|rule|Item Clause: Limit 1 of each item
|clearpoke
|poke|p1|Incineroar, L50, F|
|poke|p1|Ninetales-Alola, L50, M|
|poke|p1|Rillaboom, L50, F|
|poke|p1|Dragonite, L50, M|
|poke|p1|Frosmoth, L50, F|
|poke|p1|Ursaluna, L50, F|
|poke|p2|Tyranitar, L50, M|
|poke|p2|Talonflame, L50, M|
|poke|p2|Garchomp, L50, M|
|poke|p2|Gholdengo, L50|
|poke|p2|Amoonguss, L50, M|
|poke|p2|Tauros-Paldea-Aqua, L50, M|
|teampreview|4
|showteam|p1|Incineroar||SafetyGoggles|Intimidate|FakeOut,KnockOff,FlareBlitz,PartingShot|||F|||50|,,,,,Ghost]Ninetales-Alola||LightClay|SnowWarning|AuroraVeil,Blizzard,Encore,Disable|||M|||50|,,,,,Ghost]Rillaboom||AssaultVest|GrassySurge|FakeOut,WoodHammer,GrassyGlide,HighHorsepower|||F|||50|,,,,,Water]Dragonite||LoadedDice|Multiscale|Haze,ScaleShot,Tailwind,Protect|||M|||50|,,,,,Steel]Frosmoth||Leftovers|IceScales|Blizzard,TeraBlast,QuiverDance,Protect|||F|||50|,,,,,Water]Ursaluna||FlameOrb|Guts|Facade,HeadlongRush,Earthquake,Protect|||F|||50|,,,,,Poison
|showteam|p2|Tyranitar||AssaultVest|SandStream|RockSlide,KnockOff,LowKick,TeraBlast|||M|||50|,,,,,Flying]Talonflame||SafetyGoggles|GaleWings|BraveBird,WillOWisp,Taunt,Tailwind|||M|||50|,,,,,Ghost]Garchomp||LifeOrb|SandVeil|StompingTantrum,Earthquake,DragonClaw,Protect|||M|||50|,,,,,Ground]Gholdengo||IronPlate|GoodasGold|MakeItRain,ShadowBall,NastyPlot,Protect||||||50|,,,,,Steel]Amoonguss||SitrusBerry|Regenerator|Spore,RagePowder,ClearSmog,PollenPuff|||M|||50|,,,,,Water]Tauros-Paldea-Aqua||ClearAmulet|Intimidate|CloseCombat,WaveCrash,Protect,AquaJet|||M|||50|,,,,,Grass
|inactive|Battle timer is ON: inactive players will automatically lose when time's up. (requested by JandyMiri)
|
|t:|1757625204
|teamsize|p1|4
|teamsize|p2|4
|start
|switch|p1a: Incineroar|Incineroar, L50, F|100/100
|switch|p1b: Dragonite|Dragonite, L50, M|100/100
|switch|p2a: Talonflame|Talonflame, L50, M|100/100
|switch|p2b: Tyranitar|Tyranitar, L50, M|100/100
|-weather|Sandstorm|[from] ability: Sand Stream|[of] p2b: Tyranitar
|-ability|p1a: Incineroar|Intimidate|boost
|-unboost|p2a: Talonflame|atk|1
|-unboost|p2b: Tyranitar|atk|1
|turn|1
|
|t:|1757625222
|switch|p2b: Tauros|Tauros-Paldea-Aqua, L50, M|100/100
|-ability|p2b: Tauros|Intimidate|boost
|-unboost|p1a: Incineroar|atk|1
|-unboost|p1b: Dragonite|atk|1
|-terastallize|p2a: Talonflame|Ghost
|move|p1a: Incineroar|Fake Out|p2b: Tauros
|-damage|p2b: Tauros|91/100
|move|p2a: Talonflame|Will-O-Wisp|p1b: Dragonite
|-status|p1b: Dragonite|brn
|move|p1b: Dragonite|Scale Shot|p2a: Talonflame
|-damage|p2a: Talonflame|94/100
|-damage|p2a: Talonflame|88/100
|-damage|p2a: Talonflame|81/100
|-damage|p2a: Talonflame|74/100
|-damage|p2a: Talonflame|68/100
|-hitcount|p2a: Talonflame|5
|-unboost|p1b: Dragonite|def|1
|-boost|p1b: Dragonite|spe|1
|
|-weather|Sandstorm|[upkeep]
|-damage|p1b: Dragonite|95/100 brn|[from] Sandstorm
|-damage|p2b: Tauros|85/100|[from] Sandstorm
|-damage|p1b: Dragonite|89/100 brn|[from] brn
|upkeep
|turn|2
|inactive|JandyMiri has 30 seconds left.
|
|t:|1757625248
|switch|p1a: Rillaboom|Rillaboom, L50, F|100/100
|-fieldstart|move: Grassy Terrain|[from] ability: Grassy Surge|[of] p1a: Rillaboom
|move|p1b: Dragonite|Scale Shot|p2a: Talonflame
|-damage|p2a: Talonflame|61/100
|-damage|p2a: Talonflame|55/100
|-damage|p2a: Talonflame|49/100
|-damage|p2a: Talonflame|41/100
|-hitcount|p2a: Talonflame|4
|-unboost|p1b: Dragonite|def|1
|-boost|p1b: Dragonite|spe|1
|move|p2a: Talonflame|Tailwind|p2a: Talonflame
|-sidestart|p2: Argentavis_Gaming|move: Tailwind
|move|p2b: Tauros|Wave Crash|p1a: Rillaboom
|-resisted|p1a: Rillaboom
|-damage|p1a: Rillaboom|76/100
|-damage|p2b: Tauros|74/100|[from] Recoil
|
|-weather|Sandstorm|[upkeep]
|-damage|p2b: Tauros|68/100|[from] Sandstorm
|-damage|p1b: Dragonite|83/100 brn|[from] Sandstorm
|-damage|p1a: Rillaboom|71/100|[from] Sandstorm
|-heal|p2a: Talonflame|47/100|[from] Grassy Terrain
|-heal|p2b: Tauros|74/100|[from] Grassy Terrain
|-heal|p1a: Rillaboom|76/100|[from] Grassy Terrain
|-damage|p1b: Dragonite|77/100 brn|[from] brn
|upkeep
|turn|3
|
|t:|1757625271
|move|p1a: Rillaboom|Grassy Glide|p2a: Talonflame
|-damage|p2a: Talonflame|6/100
|move|p2a: Talonflame|Will-O-Wisp|p1a: Rillaboom
|-status|p1a: Rillaboom|brn
|move|p2b: Tauros|Close Combat|p1a: Rillaboom
|-damage|p1a: Rillaboom|26/100 brn
|-unboost|p2b: Tauros|def|1
|-unboost|p2b: Tauros|spd|1
|move|p1b: Dragonite|Scale Shot|p2b: Tauros
|-damage|p2b: Tauros|65/100
|-damage|p2b: Tauros|56/100
|-damage|p2b: Tauros|47/100
|-damage|p2b: Tauros|38/100
|-hitcount|p2b: Tauros|4
|-unboost|p1b: Dragonite|def|1
|-boost|p1b: Dragonite|spe|1
|
|-weather|Sandstorm|[upkeep]
|-damage|p1b: Dragonite|71/100 brn|[from] Sandstorm
|-damage|p2b: Tauros|32/100|[from] Sandstorm
|-damage|p1a: Rillaboom|20/100 brn|[from] Sandstorm
|-heal|p2a: Talonflame|12/100|[from] Grassy Terrain
|-heal|p2b: Tauros|38/100|[from] Grassy Terrain
|-heal|p1a: Rillaboom|26/100 brn|[from] Grassy Terrain
|-damage|p1b: Dragonite|65/100 brn|[from] brn
|-damage|p1a: Rillaboom|20/100 brn|[from] brn
|upkeep
|turn|4
|
|t:|1757625288
|switch|p2a: Tyranitar|Tyranitar, L50, M|100/100
|move|p2b: Tauros|Aqua Jet|p1a: Rillaboom
|-resisted|p1a: Rillaboom
|-damage|p1a: Rillaboom|13/100 brn
|move|p1a: Rillaboom|Grassy Glide|p2b: Tauros
|-supereffective|p2b: Tauros
|-damage|p2b: Tauros|0 fnt
|faint|p2b: Tauros
|move|p1b: Dragonite|Scale Shot|p2a: Tyranitar
|-damage|p2a: Tyranitar|96/100
|-damage|p2a: Tyranitar|91/100
|-damage|p2a: Tyranitar|86/100
|-damage|p2a: Tyranitar|82/100
|-damage|p2a: Tyranitar|77/100
|-hitcount|p2a: Tyranitar|5
|-unboost|p1b: Dragonite|def|1
|-boost|p1b: Dragonite|spe|1
|
|-weather|Sandstorm|[upkeep]
|-damage|p1b: Dragonite|59/100 brn|[from] Sandstorm
|-damage|p1a: Rillaboom|7/100 brn|[from] Sandstorm
|-heal|p2a: Tyranitar|83/100|[from] Grassy Terrain
|-heal|p1a: Rillaboom|13/100 brn|[from] Grassy Terrain
|-damage|p1b: Dragonite|53/100 brn|[from] brn
|-damage|p1a: Rillaboom|7/100 brn|[from] brn
|upkeep
|
|t:|1757625295
|switch|p2b: Gholdengo|Gholdengo, L50|100/100
|turn|5
|
|t:|1757625315
|move|p1b: Dragonite|Tailwind|p1b: Dragonite
|-sidestart|p1: JandyMiri|move: Tailwind
|move|p2b: Gholdengo|Nasty Plot|p2b: Gholdengo
|-boost|p2b: Gholdengo|spa|2
|move|p2a: Tyranitar|Rock Slide|p1a: Rillaboom|[spread] p1a,p1b
|-supereffective|p1b: Dragonite
|-damage|p1a: Rillaboom|0 fnt
|-damage|p1b: Dragonite|0 fnt
|faint|p1a: Rillaboom
|faint|p1b: Dragonite
|
|-weather|none
|-heal|p2a: Tyranitar|88/100|[from] Grassy Terrain
|-sideend|p2: Argentavis_Gaming|move: Tailwind
|upkeep
|
|t:|1757625326
|switch|p1b: Ninetales|Ninetales-Alola, L50, M|100/100
|switch|p1a: Incineroar|Incineroar, L50, F|100/100
|-weather|Snowscape|[from] ability: Snow Warning|[of] p1b: Ninetales
|-ability|p1a: Incineroar|Intimidate|boost
|-unboost|p2a: Tyranitar|atk|1
|-unboost|p2b: Gholdengo|atk|1
|turn|6
|inactive|JandyMiri has 30 seconds left.
|
|t:|1757625355
|-terastallize|p1b: Ninetales|Ghost
|move|p1b: Ninetales|Blizzard|p2b: Gholdengo|[spread] p2a,p2b
|-resisted|p2b: Gholdengo
|-damage|p2a: Tyranitar|74/100
|-damage|p2b: Gholdengo|88/100
|-status|p2b: Gholdengo|frz
|move|p1a: Incineroar|Knock Off|p2a: Tyranitar
|-resisted|p2a: Tyranitar
|-damage|p2a: Tyranitar|55/100
|-enditem|p2a: Tyranitar|Assault Vest|[from] move: Knock Off|[of] p1a: Incineroar
|-curestatus|p2b: Gholdengo|frz|[msg]
|move|p2b: Gholdengo|Make It Rain|p1a: Incineroar|[spread] p1a,p1b
|-resisted|p1a: Incineroar
|-damage|p1a: Incineroar|53/100
|-damage|p1b: Ninetales|4/100
|-unboost|p2b: Gholdengo|spa|1
|move|p2a: Tyranitar|Rock Slide|p1b: Ninetales|[spread] p1b
|-miss|p2a: Tyranitar|p1a: Incineroar
|-damage|p1b: Ninetales|0 fnt
|faint|p1b: Ninetales
|
|-weather|Snowscape|[upkeep]
|-heal|p1a: Incineroar|59/100|[from] Grassy Terrain
|-heal|p2b: Gholdengo|94/100|[from] Grassy Terrain
|-heal|p2a: Tyranitar|61/100|[from] Grassy Terrain
|-fieldend|move: Grassy Terrain
|upkeep
|turn|7
|-message|JandyMiri forfeited.
|
|win|Argentavis_Gaming
||JandyMiri is ready for game 2.
||Argentavis_Gaming is ready for game 2.
|uhtml|next|Next: Game 2 of 3
|l|☆Argentavis_Gaming
|player|p2|
