|j|☆standardamerican
|j|☆ikarishun82
|html|standardamericanikarishun82    
|uhtml|bestof|Game 1 of a best-of-3
|t:|1784817418
|gametype|doubles
|player|p1|standardamerican|169|1183
|player|p2|ikarishun82|170|1118
|gen|9
|tier|[Gen 9 Champions] VGC 2026 Reg M-B (Bo3)
|rated|
|rule|Species Clause: Limit one of each Pokémon
|rule|Item Clause: Limit 1 of each item
|clearpoke
|poke|p1|Sinistcha, L50|
|poke|p1|Incineroar, L50, F|
|poke|p1|Milotic, L50, F|
|poke|p1|Raichu, L50, M|
|poke|p1|Gardevoir, L50, M|
|poke|p1|Ceruledge, L50, F|
|poke|p2|Staraptor, L50, F|
|poke|p2|Grimmsnarl, L50, M|
|poke|p2|Incineroar, L50, F|
|poke|p2|Farigiraf, L50, M|
|poke|p2|Pelipper, L50, M|
|poke|p2|Archaludon, L50, M|
|teampreview|4
|showteam|p1|Sinistcha||KasibBerry|Hospitality|MatchaGotcha,Imprison,RagePowder,Protect|Bold|||||50|]Incineroar||SitrusBerry|Intimidate|FlareBlitz,DarkestLariat,FakeOut,PartingShot|Careful||F|||50|]Milotic||Leftovers|Competitive|MuddyWater,Coil,Hypnosis,Protect|Calm||F|||50|]Raichu||RaichuniteY|LightningRod|ZapCannon,FocusBlast,FakeOut,Protect|Timid||M|||50|]Gardevoir||Gardevoirite|Trace|HyperVoice,Psyshock,TrickRoom,Protect|Modest||M|||50|]Ceruledge||ColburBerry|FlashFire|BitterBlade,ShadowSneak,BulkUp,Protect|Adamant||F|||50|
|showteam|p2|Staraptor||Staraptite|Intimidate|Protect,CloseCombat,BraveBird,Roost|Adamant||F|||50|]Grimmsnarl||RoseliBerry|Prankster|FakeOut,ScaryFace,SpiritBreak,PartingShot|Adamant||M|||50|]Incineroar||ChoiceScarf|Intimidate|PartingShot,FlareBlitz,CloseCombat,IronHead|Jolly||F|||50|]Farigiraf||ColburBerry|ArmorTail|RainDance,TwinBeam,HyperVoice,TrickRoom|Modest||M|||50|]Pelipper||FocusSash|Drizzle|Hurricane,WeatherBall,Tailwind,Protect|Modest||M|||50|]Archaludon||ExpertBelt|Stamina|ElectroShot,FlashCannon,DragonPulse,Protect|Timid||M|||50|
|
|t:|1784817453
|teamsize|p1|4
|teamsize|p2|4
|start
|switch|p1a: Milotic|Milotic, L50, F|100/100
|switch|p1b: Gardevoir|Gardevoir, L50, M|100/100
|switch|p2a: Farigiraf|Farigiraf, L50, M|100/100
|switch|p2b: Grimmsnarl|Grimmsnarl, L50, M|100/100
|-ability|p1b: Gardevoir|Armor Tail|Trace|[from] ability: Trace|[of] p2a: Farigiraf
|turn|1
|
|t:|1784817508
|move|p1a: Milotic|Coil|p1a: Milotic
|-boost|p1a: Milotic|atk|1
|-boost|p1a: Milotic|def|1
|-boost|p1a: Milotic|accuracy|1
|move|p1b: Gardevoir|Psyshock|p2a: Farigiraf
|-resisted|p2a: Farigiraf|1
|-damage|p2a: Farigiraf|78/100
|move|p2a: Farigiraf|Hyper Voice|p1b: Gardevoir|[spread] p1a,p1b
|-damage|p1a: Milotic|77/100
|-damage|p1b: Gardevoir|67/100
|move|p2b: Grimmsnarl|Spirit Break|p1b: Gardevoir
|-damage|p1b: Gardevoir|24/100
|-unboost|p1b: Gardevoir|spa|1
|
|-heal|p1a: Milotic|83/100|[from] item: Leftovers
|upkeep
|turn|2
|
|t:|1784817544
|switch|p1b: Sinistcha|Sinistcha, L50|100/100
|-heal|p1a: Milotic|100/100|[from] ability: Hospitality|[of] p1b: Sinistcha
|move|p1a: Milotic|Hypnosis|p2a: Farigiraf
|-status|p2a: Farigiraf|slp|[from] move: Hypnosis
|cant|p2a: Farigiraf|slp
|move|p2b: Grimmsnarl|Spirit Break|p1b: Sinistcha
|-damage|p1b: Sinistcha|69/100
|-unboost|p1b: Sinistcha|spa|1
|
|upkeep
|turn|3
|
|t:|1784817565
|switch|p1b: Incineroar|Incineroar, L50, F|100/100
|-ability|p1b: Incineroar|Intimidate|boost
|-unboost|p2a: Farigiraf|atk|1
|-unboost|p2b: Grimmsnarl|atk|1
|move|p1a: Milotic|Coil|p1a: Milotic
|-boost|p1a: Milotic|atk|1
|-boost|p1a: Milotic|def|1
|-boost|p1a: Milotic|accuracy|1
|cant|p2a: Farigiraf|slp
|move|p2b: Grimmsnarl|Spirit Break|p1b: Incineroar
|-damage|p1b: Incineroar|79/100
|-unboost|p1b: Incineroar|spa|1
|
|upkeep
|turn|4
|
|t:|1784817592
|move|p1a: Milotic|Muddy Water|p2b: Grimmsnarl|[spread] p2a,p2b
|-damage|p2a: Farigiraf|55/100 slp
|-damage|p2b: Grimmsnarl|73/100
|-unboost|p2b: Grimmsnarl|accuracy|1
|move|p1b: Incineroar|Flare Blitz|p2a: Farigiraf
|-damage|p2a: Farigiraf|6/100 slp
|-damage|p1b: Incineroar|63/100|[from] Recoil
|move|p2b: Grimmsnarl|Spirit Break|p1b: Incineroar
|-damage|p1b: Incineroar|41/100
|-unboost|p1b: Incineroar|spa|1
|-enditem|p1b: Incineroar|Sitrus Berry|[eat]
|-heal|p1b: Incineroar|65/100|[from] item: Sitrus Berry
|-curestatus|p2a: Farigiraf|slp|[msg]
|move|p2a: Farigiraf|Hyper Voice|p1b: Incineroar|[spread] p1a,p1b
|-damage|p1a: Milotic|77/100
|-damage|p1b: Incineroar|37/100
|
|-heal|p1a: Milotic|83/100|[from] item: Leftovers
|upkeep
|turn|5
|
|t:|1784817627
|switch|p2a: Archaludon|Archaludon, L50, M|100/100
|move|p1a: Milotic|Muddy Water|p2a: Archaludon|[spread] p2a,p2b
|-resisted|p2a: Archaludon|1
|-damage|p2a: Archaludon|90/100
|-damage|p2b: Grimmsnarl|51/100
|-ability|p2a: Archaludon|Stamina|boost
|-boost|p2a: Archaludon|def|1
|move|p1b: Incineroar|Flare Blitz|p2b: Grimmsnarl
|-damage|p2b: Grimmsnarl|1/100
|-status|p2b: Grimmsnarl|brn
|-damage|p1b: Incineroar|21/100|[from] Recoil
|move|p2b: Grimmsnarl|Spirit Break|p1b: Incineroar|[miss]
|-miss|p2b: Grimmsnarl|p1b: Incineroar
|
|-heal|p1a: Milotic|89/100|[from] item: Leftovers
|-damage|p2b: Grimmsnarl|0 fnt|[from] brn
|faint|p2b: Grimmsnarl
|upkeep
|
|t:|1784817649
|switch|p2b: Farigiraf|Farigiraf, L50, M|6/100
|turn|6
|
|t:|1784817663
|move|p2a: Archaludon|Protect|p2a: Archaludon
|-singleturn|p2a: Archaludon|Protect
|move|p1a: Milotic|Hypnosis|p2a: Archaludon
|-activate|p2a: Archaludon|move: Protect
|move|p1b: Incineroar|Darkest Lariat|p2b: Farigiraf
|-supereffective|p2b: Farigiraf|1
|-enditem|p2b: Farigiraf|Colbur Berry|[eat]
|-enditem|p2b: Farigiraf|Colbur Berry|[weaken]
|-damage|p2b: Farigiraf|0 fnt
|faint|p2b: Farigiraf
|
|-heal|p1a: Milotic|95/100|[from] item: Leftovers
|upkeep
|
|t:|1784817677
|switch|p2b: Staraptor|Staraptor, L50, F|100/100
|-ability|p2b: Staraptor|Intimidate|boost
|-unboost|p1a: Milotic|atk|1
|-ability|p1a: Milotic|Competitive|boost
|-boost|p1a: Milotic|spa|2
|-unboost|p1b: Incineroar|atk|1
|turn|7
|-message|ikarishun82 forfeited.
|raw|standardamerican's rating: 1183 → 1203(+20 for winning)
|raw|ikarishun82's rating: 1118 → 1098(-20 for losing)
|
|win|standardamerican
|l|☆ikarishun82
|player|p2|
