|j|☆rager88
|j|☆chatgptdraftduel
|html|rager88chatgptdraftduel    
|uhtml|bestof|Game 2 of a best-of-3
|t:|1785441310
|gametype|doubles
|player|p1|rager88|101|
|player|p2|chatgptdraftduel|1|
|gen|9
|tier|[Gen 9 Champions] VGC 2026 Reg M-B (Bo3)
|rule|Species Clause: Limit one of each Pokémon
|rule|Item Clause: Limit 1 of each item
|clearpoke
|poke|p1|Arcanine-Hisui, L50, F|
|poke|p1|Archaludon, L50, M|
|poke|p1|Sinistcha, L50|
|poke|p1|Sneasler, L50, M|
|poke|p1|Pelipper, L50, M|
|poke|p1|Dragonite, L50, F|
|poke|p2|Kangaskhan, L50, F|
|poke|p2|Farigiraf, L50, M|
|poke|p2|Gyarados, L50, F|
|poke|p2|Noivern, L50, F|
|poke|p2|Palafin, L50, F|
|poke|p2|Ninetales, L50, M|
|teampreview|4
|showteam|p1|Arcanine-Hisui||ChoiceScarf|Intimidate|RockSlide,ExtremeSpeed,HeadSmash,RagingFury|Adamant||F|||50|]Archaludon||Leftovers|Stamina|FlashCannon,DragonPulse,ElectroShot,Protect|Serious||M|||50|]Sinistcha||SitrusBerry|Hospitality|RagePowder,TrickRoom,MatchaGotcha,Protect|Bold|||||50|]Sneasler||WhiteHerb|Unburden|FakeOut,CloseCombat,DireClaw,Protect|Adamant||M|||50|]Pelipper||FocusSash|Drizzle|Hurricane,MuddyWater,Tailwind,Protect|Timid||M|||50|]Dragonite||Dragoninite|Multiscale|Thunder,DracoMeteor,Hurricane,Protect|Modest||F|||50|
|showteam|p2|Kangaskhan||Kangaskhanite|Scrappy|FakeOut,DoubleEdge,SuckerPunch,Protect|Adamant||F|||50|]Farigiraf||MentalHerb|ArmorTail|TrickRoom,HelpingHand,Psychic,Protect|Sassy||M|||50|]Gyarados||Leftovers|Intimidate|Waterfall,DragonDance,Taunt,Protect|Adamant||F|||50|]Noivern||FocusSash|Frisk|Tailwind,DracoMeteor,AirSlash,Uturn|Timid||F|||50|]Palafin||MysticWater|ZerotoHero|JetPunch,WaveCrash,FlipTurn,Protect|Adamant||F|||50|]Ninetales||HeatRock|Drought|HeatWave,SolarBeam,HelpingHand,Protect|Timid||M|||50|
|
|t:|1785441401
|teamsize|p1|4
|teamsize|p2|4
|start
|switch|p1a: Sneasler|Sneasler, L50, M|100/100
|switch|p1b: Dragonite|Dragonite, L50, F|100/100
|switch|p2a: Farigiraf|Farigiraf, L50, M|100/100
|switch|p2b: Noivern|Noivern, L50, F|100/100
|-item|p1a: Sneasler|White Herb|[from] ability: Frisk|[of] p2b: Noivern
|-item|p1b: Dragonite|Dragoninite|[from] ability: Frisk|[of] p2b: Noivern
|turn|1
|
|t:|1785441660
|detailschange|p1b: Dragonite|Dragonite-Mega, L50, F
|-mega|p1b: Dragonite|Dragonite|Dragoninite
|move|p1a: Sneasler|Protect|p1a: Sneasler
|-singleturn|p1a: Sneasler|Protect
|move|p2b: Noivern|Draco Meteor|p1b: Dragonite
|-supereffective|p1b: Dragonite|1
|-damage|p1b: Dragonite|55/100
|-unboost|p2b: Noivern|spa|2
|move|p1b: Dragonite|Draco Meteor|p2b: Noivern
|-supereffective|p2b: Noivern|1
|-enditem|p2b: Noivern|Focus Sash
|-damage|p2b: Noivern|1/100
|-unboost|p1b: Dragonite|spa|2
|move|p2a: Farigiraf|Trick Room|p2a: Farigiraf
|-fieldstart|move: Trick Room|[of] p2a: Farigiraf
|
|upkeep
|turn|2
|
|t:|1785441943
|switch|p1a: Sinistcha|Sinistcha, L50|100/100
|-heal|p1b: Dragonite|80/100|[from] ability: Hospitality|[of] p1a: Sinistcha
|move|p2a: Farigiraf|Psychic|p1a: Sinistcha
|-damage|p1a: Sinistcha|60/100
|move|p1b: Dragonite|Draco Meteor|p2b: Noivern
|-supereffective|p2b: Noivern|1
|-damage|p2b: Noivern|0 fnt
|-unboost|p1b: Dragonite|spa|2
|faint|p2b: Noivern
|
|upkeep
|
|t:|1785441994
|switch|p2b: Kangaskhan|Kangaskhan, L50, F|100/100
|turn|3
|
|t:|1785442157
|switch|p1b: Pelipper|Pelipper, L50, M|100/100
|-weather|RainDance|[from] ability: Drizzle|[of] p1b: Pelipper
|detailschange|p2b: Kangaskhan|Kangaskhan-Mega, L50, F
|-mega|p2b: Kangaskhan|Kangaskhan|Kangaskhanite
|move|p2a: Farigiraf|Psychic|p1a: Sinistcha
|-damage|p1a: Sinistcha|23/100
|-enditem|p1a: Sinistcha|Sitrus Berry|[eat]
|-heal|p1a: Sinistcha|47/100|[from] item: Sitrus Berry
|move|p1a: Sinistcha|Matcha Gotcha|p2a: Farigiraf|[spread] p2a,p2b
|-damage|p2a: Farigiraf|82/100
|-heal|p1a: Sinistcha|58/100|[from] drain|[of] p2a: Farigiraf
|-damage|p2b: Kangaskhan|80/100
|-heal|p1a: Sinistcha|70/100|[from] drain|[of] p2b: Kangaskhan
|move|p2b: Kangaskhan|Double-Edge|p1b: Pelipper
|-damage|p1b: Pelipper|12/100
|-damage|p1b: Pelipper|0 fnt
|faint|p1b: Pelipper
|-hitcount|p1: Pelipper|2
|-damage|p2b: Kangaskhan|58/100|[from] Recoil
|
|-weather|RainDance|[upkeep]
|upkeep
|
|t:|1785442183
|switch|p1b: Dragonite|Dragonite-Mega, L50, F|80/100
|turn|4
|
|t:|1785442269
|move|p1a: Sinistcha|Rage Powder|p1a: Sinistcha
|-singleturn|p1a: Sinistcha|move: Rage Powder
|move|p2a: Farigiraf|Psychic|p1a: Sinistcha
|-damage|p1a: Sinistcha|37/100
|move|p2b: Kangaskhan|Double-Edge|p1a: Sinistcha
|-immune|p1a: Sinistcha
|move|p1b: Dragonite|Hurricane|p2a: Farigiraf
|-damage|p2a: Farigiraf|37/100
|
|-weather|RainDance|[upkeep]
|upkeep
|turn|5
|
|t:|1785442368
|move|p1a: Sinistcha|Protect|p1a: Sinistcha
|-singleturn|p1a: Sinistcha|Protect
|move|p1b: Dragonite|Protect|p1b: Dragonite
|-singleturn|p1b: Dragonite|Protect
|move|p2b: Kangaskhan|Sucker Punch||[still]
|-fail|p2b: Kangaskhan
|move|p2a: Farigiraf|Psychic|p1a: Sinistcha
|-activate|p1a: Sinistcha|move: Protect
|
|-weather|RainDance|[upkeep]
|-fieldend|move: Trick Room
|upkeep
|turn|6
|
|t:|1785442454
|move|p1a: Sinistcha|Rage Powder|p1a: Sinistcha
|-singleturn|p1a: Sinistcha|move: Rage Powder
|move|p1b: Dragonite|Hurricane|p2a: Farigiraf
|-damage|p2a: Farigiraf|0 fnt
|faint|p2a: Farigiraf
|move|p2b: Kangaskhan|Double-Edge|p1a: Sinistcha
|-immune|p1a: Sinistcha
|
|-weather|RainDance|[upkeep]
|upkeep
|
|t:|1785442461
|switch|p2a: Gyarados|Gyarados, L50, F|100/100
|-ability|p2a: Gyarados|Intimidate|boost
|-unboost|p1a: Sinistcha|atk|1
|-unboost|p1b: Dragonite|atk|1
|turn|7
|
|t:|1785442570
|move|p2a: Gyarados|Protect|p2a: Gyarados
|-singleturn|p2a: Gyarados|Protect
|move|p2b: Kangaskhan|Sucker Punch|p1b: Dragonite
|-damage|p1b: Dragonite|58/100
|-damage|p1b: Dragonite|53/100
|-hitcount|p1b: Dragonite|2
|move|p1b: Dragonite|Draco Meteor|p2b: Kangaskhan
|-damage|p2b: Kangaskhan|0 fnt
|-unboost|p1b: Dragonite|spa|2
|faint|p2b: Kangaskhan
|move|p1a: Sinistcha|Matcha Gotcha|p2a: Gyarados
|-activate|p2a: Gyarados|move: Protect
|
|-weather|none
|upkeep
|turn|8
|
|t:|1785442671
|switch|p1b: Sneasler|Sneasler, L50, M|100/100
|move|p2a: Gyarados|Waterfall|p1b: Sneasler
|-damage|p1b: Sneasler|20/100y
|move|p1a: Sinistcha|Matcha Gotcha|p2a: Gyarados
|-damage|p2a: Gyarados|71/100
|-heal|p1a: Sinistcha|53/100|[from] drain|[of] p2a: Gyarados
|-status|p2a: Gyarados|brn
|
|-heal|p2a: Gyarados|77/100 brn|[from] item: Leftovers
|-damage|p2a: Gyarados|71/100 brn|[from] brn
|upkeep
|turn|9
|
|t:|1785442735
|switch|p1a: Dragonite|Dragonite-Mega, L50, F|53/100
|move|p1b: Sneasler|Fake Out|p2a: Gyarados
|-damage|p2a: Gyarados|55/100 brn
|cant|p2a: Gyarados|flinch
|
|-heal|p2a: Gyarados|61/100 brn|[from] item: Leftovers
|-damage|p2a: Gyarados|55/100 brn|[from] brn
|upkeep
|turn|10
|
|t:|1785442774
|switch|p1b: Sinistcha|Sinistcha, L50|53/100
|-heal|p1a: Dragonite|78/100|[from] ability: Hospitality|[of] p1b: Sinistcha
|move|p1a: Dragonite|Draco Meteor|p2a: Gyarados
|-damage|p2a: Gyarados|0 fnt
|-unboost|p1a: Dragonite|spa|2
|faint|p2a: Gyarados
|
|win|rager88
