|j|☆randomguy1114s
|j|☆Nikemada
|html|randomguy1114sNikemada    
|uhtml|bestof|Game 1 of a best-of-3
|t:|1756521634
|gametype|doubles
|player|p1|randomguy1114s|lillie-masters|1218
|player|p2|Nikemada|ethan|1124
|gen|9
|tier|[Gen 9] VGC 2025 Reg H (Bo3)
|rated|
|rule|Species Clause: Limit one of each Pokémon
|rule|Item Clause: Limit 1 of each item
|clearpoke
|poke|p1|Archaludon, L50, F|
|poke|p1|Pelipper, L50, M|
|poke|p1|Rillaboom, L50, F|
|poke|p1|Incineroar, L50, M|
|poke|p1|Gholdengo, L50|
|poke|p1|Sneasler, L50, M|
|poke|p2|Dondozo, L50, M|
|poke|p2|Tatsugiri, L50, M|
|poke|p2|Dragonite, L50, M|
|poke|p2|Ursaluna-Bloodmoon, L50, M|
|poke|p2|Gholdengo, L50|
|poke|p2|Comfey, L50, F|
|teampreview|4
|showteam|p1|Archaludon||PowerHerb|Sturdy|ElectroShot,DragonPulse,FlashCannon,Protect|||F|||50|,,,,,Electric]Pelipper||ChoiceScarf|Drizzle|Tailwind,MuddyWater,Hurricane,WeatherBall|||M|||50|,,,,,Ghost]Rillaboom||AssaultVest|GrassySurge|FakeOut,WoodHammer,GrassyGlide,Uturn|||F|||50|,,,,,Fire]Incineroar||SafetyGoggles|Intimidate|FakeOut,KnockOff,Taunt,PartingShot|||M|||50|,,,,,Ghost]Gholdengo||MetalCoat|GoodasGold|NastyPlot,MakeItRain,ShadowBall,Protect||||||50|,,,,,Dragon]Sneasler||GrassySeed|Unburden|CloseCombat,DireClaw,ThroatChop,Protect|||M|||50|,,,,,Dark
|showteam|p2|Dondozo||Leftovers|Unaware|WaveCrash,OrderUp,Earthquake,Protect|||M|||50|,,,,,Grass]Tatsugiri||ChoiceSpecs|Commander|DracoMeteor,MuddyWater,IcyWind,DragonPulse|||M|||50|,,,,,Ghost]Dragonite||AssaultVest|Multiscale|TeraBlast,IceSpinner,LowKick,ThunderPunch|||M|||50|,,,,,Flying]Ursaluna-Bloodmoon||SafetyGoggles|MindsEye|BloodMoon,HyperVoice,EarthPower,Protect|||M|||50|,,,,,Ghost]Gholdengo||LifeOrb|GoodasGold|MakeItRain,ShadowBall,NastyPlot,Protect||||||50|,,,,,Dark]Comfey||FocusSash|Triage|DrainingKiss,FloralHealing,TrickRoom,Protect|||F|||50|,,,,,Steel
|
|t:|1756521672
|teamsize|p1|4
|teamsize|p2|4
|start
|switch|p1a: Midcineroar|Incineroar, L50, M, shiny|100/100
|switch|p1b: cheese man|Gholdengo, L50, shiny|100/100
|switch|p2a: Ursaluna|Ursaluna-Bloodmoon, L50, M|100/100
|switch|p2b: Comfey|Comfey, L50, F|100/100
|-ability|p1a: Midcineroar|Intimidate|boost
|-unboost|p2a: Ursaluna|atk|1
|-unboost|p2b: Comfey|atk|1
|turn|1
|
|t:|1756521701
|move|p2b: Comfey|Draining Kiss|p1b: cheese man
|-resisted|p1b: cheese man
|-damage|p1b: cheese man|91/100
|move|p1a: Midcineroar|Fake Out|p2b: Comfey
|-damage|p2b: Comfey|87/100
|move|p1b: cheese man|Make It Rain|p2a: Ursaluna|[spread] p2a,p2b
|-supereffective|p2b: Comfey
|-damage|p2a: Ursaluna|52/100
|-damage|p2b: Comfey|0 fnt
|-unboost|p1b: cheese man|spa|1
|faint|p2b: Comfey
|move|p2a: Ursaluna|Hyper Voice|p1b: cheese man|[spread] p1a,p1b
|-resisted|p1b: cheese man
|-damage|p1a: Midcineroar|71/100
|-damage|p1b: cheese man|73/100
|
|upkeep
|
|t:|1756521715
|switch|p2b: Tatsugiri|Tatsugiri, L50, M|100/100
|turn|2
|
|t:|1756521727
|move|p1b: cheese man|Make It Rain|p2b: Tatsugiri|[spread] p2a,p2b
|-resisted|p2b: Tatsugiri
|-damage|p2a: Ursaluna|18/100
|-damage|p2b: Tatsugiri|83/100
|-unboost|p1b: cheese man|spa|1
|move|p1a: Midcineroar|Knock Off|p2a: Ursaluna
|-damage|p2a: Ursaluna|0 fnt
|-enditem|p2a: Ursaluna|Safety Goggles|[from] move: Knock Off|[of] p1a: Midcineroar
|faint|p2a: Ursaluna
|move|p2b: Tatsugiri|Muddy Water|p1b: cheese man|[spread] p1a,p1b
|-supereffective|p1a: Midcineroar
|-crit|p1a: Midcineroar
|-damage|p1a: Midcineroar|0 fnt
|-damage|p1b: cheese man|21/100
|faint|p1a: Midcineroar
|
|upkeep
|
|t:|1756521740
|switch|p1a: its my bridge!|Archaludon, L50, F, shiny|100/100
|switch|p2a: Dragonite|Dragonite, L50, M|100/100
|turn|3
|
|t:|1756521765
|switch|p1b: Pelicopter|Pelipper, L50, M, shiny|100/100
|-weather|RainDance|[from] ability: Drizzle|[of] p1b: Pelicopter
|-terastallize|p1a: its my bridge!|Electric
|move|p1a: its my bridge!|Electro Shot||[still]
|-prepare|p1a: its my bridge!|Electro Shot
|-boost|p1a: its my bridge!|spa|1
|-anim|p1a: its my bridge!|Electro Shot|p2b: Tatsugiri
|-damage|p2b: Tatsugiri|0 fnt
|faint|p2b: Tatsugiri
|move|p2a: Dragonite|Low Kick|p1a: its my bridge!
|-damage|p1a: its my bridge!|73/100
|
|-weather|RainDance|[upkeep]
|upkeep
|turn|4
|
|t:|1756521785
|move|p1b: Pelicopter|Hurricane|p2a: Dragonite
|-damage|p2a: Dragonite|86/100
|move|p1a: its my bridge!|Electro Shot||[still]
|-prepare|p1a: its my bridge!|Electro Shot
|-boost|p1a: its my bridge!|spa|1
|-anim|p1a: its my bridge!|Electro Shot|p2a: Dragonite
|-damage|p2a: Dragonite|12/100
|move|p2a: Dragonite|Thunder Punch|p1b: Pelicopter
|-supereffective|p1b: Pelicopter
|-crit|p1b: Pelicopter
|-damage|p1b: Pelicopter|0 fnt
|faint|p1b: Pelicopter
|
|-weather|RainDance|[upkeep]
|upkeep
|
|t:|1756521793
|switch|p1b: cheese man|Gholdengo, L50, shiny|21/100
|turn|5
|
|t:|1756521807
|move|p1a: its my bridge!|Protect|p1a: its my bridge!
|-singleturn|p1a: its my bridge!|Protect
|move|p1b: cheese man|Nasty Plot|p1b: cheese man
|-boost|p1b: cheese man|spa|2
|move|p2a: Dragonite|Thunder Punch|p1b: cheese man
|-damage|p1b: cheese man|0 fnt
|faint|p1b: cheese man
|
|-weather|RainDance|[upkeep]
|upkeep
|turn|6
|inactive|Battle timer is ON: inactive players will automatically lose when time's up. (requested by randomguy1114s)
|
|t:|1756521831
|move|p1a: its my bridge!|Dragon Pulse|p2a: Dragonite
|-supereffective|p2a: Dragonite
|-damage|p2a: Dragonite|0 fnt
|faint|p2a: Dragonite
|
|win|randomguy1114s
||Nikemada is ready for game 2.
