|j|☆Jakobtc
|j|☆Jeffrey E TCG
|html|JakobtcJeffrey E TCG    
|uhtml|bestof|Game 1 of a best-of-3
|t:|1757128333
|gametype|doubles
|player|p1|Jakobtc|riley|1129
|player|p2|Jeffrey E TCG|caitlin|1212
|gen|9
|tier|[Gen 9] VGC 2025 Reg H (Bo3)
|rated|
|rule|Species Clause: Limit one of each Pokémon
|rule|Item Clause: Limit 1 of each item
|clearpoke
|poke|p1|Gholdengo, L50|
|poke|p1|Incineroar, L50, F|
|poke|p1|Rillaboom, L50, F|
|poke|p1|Dragonite, L50, M|
|poke|p1|Sneasler, L50, M|
|poke|p1|Electabuzz, L50, M|
|poke|p2|Rillaboom, L50, M|
|poke|p2|Ursaluna-Bloodmoon, L50, M|
|poke|p2|Basculegion, L50, M|
|poke|p2|Murkrow, L50, M|
|poke|p2|Pelipper, L50, F|
|poke|p2|Archaludon, L50, M|
|teampreview|4
|showteam|p1|Gholdengo||LifeOrb|GoodasGold|MakeItRain,ShadowBall,NastyPlot,Protect||||||50|,,,,,Water]Incineroar||SafetyGoggles|Intimidate|FakeOut,FlareBlitz,KnockOff,PartingShot|||F|||50|,,,,,Bug]Rillaboom||AssaultVest|GrassySurge|FakeOut,GrassyGlide,WoodHammer,HighHorsepower|||F|||50|,,,,,Rock]Dragonite||LoadedDice|Multiscale|ScaleShot,TeraBlast,Tailwind,Protect|||M|||50|,,,,,Flying]Sneasler||FocusSash|Unburden|DireClaw,CloseCombat,Taunt,Protect|||M|||50|,,,,,Stellar]Electabuzz||Eviolite|VitalSpirit|FollowMe,Electroweb,VoltSwitch,Protect|||M|||50|,,,,,Fairy
|showteam|p2|Rillaboom||MiracleSeed|GrassySurge|WoodHammer,GrassyGlide,Taunt,FakeOut|||M|||50|,,,,,Fire]Ursaluna-Bloodmoon||LifeOrb|MindsEye|BloodMoon,EarthPower,HyperVoice,Protect|||M|||50|,,,,,Normal]Basculegion||ChoiceBand|SwiftSwim|FlipTurn,WaveCrash,AquaJet,LastRespects|||M|||50|,,,,,Grass]Murkrow||Eviolite|Prankster|Tailwind,Haze,FoulPlay,RainDance|||M|||50|,,,,,Ghost]Pelipper||FocusSash|Drizzle|Hurricane,WeatherBall,Protect,WideGuard|||F|||50|,,,,,Stellar]Archaludon||AssaultVest|Stamina|BodyPress,ElectroShot,FlashCannon,DragonPulse|||M|||50|,,,,,Bug
|inactive|Battle timer is ON: inactive players will automatically lose when time's up. (requested by Jeffrey E TCG)
|c|☆Jakobtc|glhf
|inactive|Jakobtc has 60 seconds left.
|
|t:|1757128364
|teamsize|p1|4
|teamsize|p2|4
|start
|switch|p1a: Sneasler|Sneasler, L50, M|100/100
|switch|p1b: Electabuzz|Electabuzz, L50, M|100/100
|switch|p2a: Kuma|Ursaluna-Bloodmoon, L50, M|100/100
|switch|p2b: Rocks|Murkrow, L50, M|100/100
|turn|1
|
|t:|1757128381
|move|p1a: Sneasler|Protect|p1a: Sneasler
|-singleturn|p1a: Sneasler|Protect
|move|p1b: Electabuzz|Volt Switch|p2b: Rocks
|-supereffective|p2b: Rocks
|-damage|p2b: Rocks|49/100
|
|t:|1757128388
|switch|p1b: Dragonite|Dragonite, L50, M|100/100|[from] Volt Switch
|move|p2a: Kuma|Hyper Voice|p1a: Sneasler|[spread] p1b
|-activate|p1a: Sneasler|move: Protect
|-damage|p1b: Dragonite|75/100
|-damage|p2a: Kuma|90/100|[from] item: Life Orb
|move|p2b: Rocks|Foul Play|p1a: Sneasler
|-activate|p1a: Sneasler|move: Protect
|
|upkeep
|turn|2
|
|t:|1757128404
|move|p2b: Rocks|Tailwind|p2b: Rocks
|-sidestart|p2: Jeffrey E TCG|move: Tailwind
|move|p2a: Kuma|Hyper Voice|p1a: Sneasler|[spread] p1a,p1b
|-damage|p1a: Sneasler|36/100
|-damage|p1b: Dragonite|21/100
|-damage|p2a: Kuma|80/100|[from] item: Life Orb
|move|p1a: Sneasler|Close Combat|p2a: Kuma
|-supereffective|p2a: Kuma
|-damage|p2a: Kuma|0 fnt
|-unboost|p1a: Sneasler|def|1
|-unboost|p1a: Sneasler|spd|1
|faint|p2a: Kuma
|move|p1b: Dragonite|Tailwind|p1b: Dragonite
|-sidestart|p1: Jakobtc|move: Tailwind
|
|upkeep
|
|t:|1757128416
|switch|p2a: Gendo|Archaludon, L50, M, shiny|100/100
|turn|3
|
|t:|1757128423
|switch|p1a: Electabuzz|Electabuzz, L50, M|100/100
|-terastallize|p2a: Gendo|Bug
|move|p1b: Dragonite|Scale Shot|p2b: Rocks
|-crit|p2b: Rocks
|-damage|p2b: Rocks|27/100
|-damage|p2b: Rocks|12/100
|-damage|p2b: Rocks|0 fnt
|faint|p2b: Rocks
|-hitcount|p2: Rocks|3
|-unboost|p1b: Dragonite|def|1
|-boost|p1b: Dragonite|spe|1
|move|p2a: Gendo|Dragon Pulse|p1b: Dragonite
|-supereffective|p1b: Dragonite
|-crit|p1b: Dragonite
|-damage|p1b: Dragonite|0 fnt
|faint|p1b: Dragonite
|
|upkeep
|
|t:|1757128440
|switch|p1b: Gholdengo|Gholdengo, L50|100/100
|switch|p2b: Davy Jones|Pelipper, L50, F, shiny|100/100
|-weather|RainDance|[from] ability: Drizzle|[of] p2b: Davy Jones
|turn|4
|
|t:|1757128448
|move|p1a: Electabuzz|Follow Me|p1a: Electabuzz
|-singleturn|p1a: Electabuzz|move: Follow Me
|move|p1b: Gholdengo|Nasty Plot|p1b: Gholdengo
|-boost|p1b: Gholdengo|spa|2
|move|p2b: Davy Jones|Weather Ball|p1a: Electabuzz
|-damage|p1a: Electabuzz|50/100
|move|p2a: Gendo|Electro Shot||[still]
|-prepare|p2a: Gendo|Electro Shot
|-boost|p2a: Gendo|spa|1
|-anim|p2a: Gendo|Electro Shot|p1a: Electabuzz
|-resisted|p1a: Electabuzz
|-damage|p1a: Electabuzz|26/100
|
|-weather|RainDance|[upkeep]
|upkeep
|turn|5
|
|t:|1757128469
|move|p1b: Gholdengo|Protect|p1b: Gholdengo
|-singleturn|p1b: Gholdengo|Protect
|move|p2b: Davy Jones|Wide Guard|p2b: Davy Jones
|-singleturn|p2b: Davy Jones|Wide Guard
|move|p1a: Electabuzz|Volt Switch|p2b: Davy Jones
|-supereffective|p2b: Davy Jones
|-enditem|p2b: Davy Jones|Focus Sash
|-damage|p2b: Davy Jones|1/100
|
|t:|1757128477
|switch|p1a: Sneasler|Sneasler, L50, M|36/100|[from] Volt Switch
|move|p2a: Gendo|Electro Shot||[still]
|-prepare|p2a: Gendo|Electro Shot
|-boost|p2a: Gendo|spa|1
|-anim|p2a: Gendo|Electro Shot|p1b: Gholdengo
|-activate|p1b: Gholdengo|move: Protect
|
|-weather|RainDance|[upkeep]
|-sideend|p2: Jeffrey E TCG|move: Tailwind
|-sideend|p1: Jakobtc|move: Tailwind
|upkeep
|turn|6
|
|t:|1757128499
|move|p2b: Davy Jones|Protect||[still]
|-fail|p2b: Davy Jones
|move|p1a: Sneasler|Dire Claw|p2b: Davy Jones
|-damage|p2b: Davy Jones|0 fnt
|faint|p2b: Davy Jones
|move|p1b: Gholdengo|Shadow Ball|p2a: Gendo
|-damage|p2a: Gendo|26/100
|-ability|p2a: Gendo|Stamina|boost
|-boost|p2a: Gendo|def|1
|-damage|p1b: Gholdengo|91/100|[from] item: Life Orb
|move|p2a: Gendo|Electro Shot||[still]
|-prepare|p2a: Gendo|Electro Shot
|-boost|p2a: Gendo|spa|1
|-anim|p2a: Gendo|Electro Shot|p1b: Gholdengo
|-damage|p1b: Gholdengo|0 fnt
|faint|p1b: Gholdengo
|
|-weather|RainDance|[upkeep]
|upkeep
|
|t:|1757128515
|switch|p1b: Electabuzz|Electabuzz, L50, M|26/100
|turn|7
|
|t:|1757128520
|-terastallize|p1a: Sneasler|Stellar
|move|p1b: Electabuzz|Follow Me|p1b: Electabuzz
|-singleturn|p1b: Electabuzz|move: Follow Me
|move|p1a: Sneasler|Close Combat|p2a: Gendo
|-resisted|p2a: Gendo
|-damage|p2a: Gendo|5/100
|-unboost|p1a: Sneasler|def|1
|-unboost|p1a: Sneasler|spd|1
|-ability|p2a: Gendo|Stamina|boost
|-boost|p2a: Gendo|def|1
|move|p2a: Gendo|Electro Shot||[still]
|-prepare|p2a: Gendo|Electro Shot
|-boost|p2a: Gendo|spa|1
|-anim|p2a: Gendo|Electro Shot|p1b: Electabuzz
|-resisted|p1b: Electabuzz
|-damage|p1b: Electabuzz|0 fnt
|faint|p1b: Electabuzz
|
|-weather|RainDance|[upkeep]
|upkeep
|turn|8
|
|t:|1757128536
|move|p1a: Sneasler|Dire Claw|p2a: Gendo
|-damage|p2a: Gendo|0 fnt
|faint|p2a: Gendo
|
|win|Jakobtc
||Jeffrey E TCG is ready for game 2.
