|j|☆entei enthusiast
|j|☆martharia
|html|entei enthusiastmartharia    
|uhtml|bestof|Game 1 of a best-of-3
|t:|1783025599
|gametype|doubles
|player|p1|entei enthusiast|kamado-armor|1085
|player|p2|martharia|101|1197
|gen|9
|tier|[Gen 9 Champions] VGC 2026 Reg M-B (Bo3)
|rated|
|rule|Species Clause: Limit one of each Pokémon
|rule|Item Clause: Limit 1 of each item
|clearpoke
|poke|p1|Gyarados, L50, F, shiny|
|poke|p1|Floette-Eternal, L50, F|
|poke|p1|Sneasler, L50, F|
|poke|p1|Sinistcha, L50|
|poke|p1|Garchomp, L50, F|
|poke|p1|Incineroar, L50, F|
|poke|p2|Delphox, L50, F, shiny|
|poke|p2|Meowscarada, L50, F|
|poke|p2|Quaquaval, L50, F|
|poke|p2|Talonflame, L50, F|
|poke|p2|Zoroark-Hisui, L50, F, shiny|
|poke|p2|Mawile, L50, F|
|teampreview|4
|showteam|p1|Gyarados||Gyaradosite|Intimidate|Waterfall,LashOut,DragonDance,Protect|Adamant||F|||50|]Floette-Eternal||Floettite|FlowerVeil|DrainingKiss,DazzlingGleam,CalmMind,Protect|Timid||F|||50|]Sneasler||FocusSash|PoisonTouch|CloseCombat,DireClaw,FakeOut,Coaching|Jolly||F|||50|]Sinistcha||SitrusBerry|Hospitality|MatchaGotcha,LifeDew,RagePowder,Protect|Calm|||||50|]Garchomp||LifeOrb|RoughSkin|DragonClaw,RockSlide,Earthquake,Protect|Jolly||F|||50|]Incineroar||PasshoBerry|Intimidate|FlareBlitz,FakeOut,PartingShot,Taunt|Careful||F|||50|
|showteam|p2|Delphox||Delphoxite|Blaze|HeatWave,Psychic,NastyPlot,Protect|Timid||F|||50|]Meowscarada||LifeOrb|Protean|FlowerTrick,ThroatChop,ThunderPunch,Protect|Jolly||F|||50|]Quaquaval||ExpertBelt|Moxie|AquaStep,CloseCombat,IceSpinner,Protect|Jolly||F|||50|]Talonflame||ChartiBerry|GaleWings|BraveBird,FeatherDance,Tailwind,QuickGuard|Jolly||F|||50|]Zoroark-Hisui||FocusSash|Illusion|BitterMalice,IcyWind,Roar,Protect|Timid||F|||50|]Mawile||Mawilite|HyperCutter|RockSlide,PlayRough,SuckerPunch,Protect|Adamant||F|||50|
|inactive|Battle timer is ON: inactive players will automatically lose when time's up. (requested by entei enthusiast)
|inactive|entei enthusiast has 60 seconds left.
|inactive|martharia has 60 seconds left.
|inactive|martharia has 30 seconds left.
|
|t:|1783025670
|teamsize|p1|4
|teamsize|p2|4
|start
|switch|p1a: Garchomp|Garchomp, L50, F|100/100
|switch|p1b: Incineroar|Incineroar, L50, F|100/100
|switch|p2a: Quaquaval|Quaquaval, L50, F|100/100
|switch|p2b: Talonflame|Talonflame, L50, F|100/100
|-ability|p1b: Incineroar|Intimidate|boost
|-unboost|p2a: Quaquaval|atk|1
|-unboost|p2b: Talonflame|atk|1
|turn|1
|inactive|entei enthusiast has 30 seconds left.
|
|t:|1783025701
|switch|p1a: Gyarados|Gyarados, L50, F, shiny|100/100
|-ability|p1a: Gyarados|Intimidate|boost
|-unboost|p2a: Quaquaval|atk|1
|-unboost|p2b: Talonflame|atk|1
|move|p2b: Talonflame|Quick Guard|p2b: Talonflame
|-singleturn|p2b: Talonflame|Quick Guard
|move|p2a: Quaquaval|Ice Spinner|p1a: Gyarados
|-damage|p1a: Gyarados|85/100
|move|p1b: Incineroar|Parting Shot|p2a: Quaquaval
|-unboost|p2a: Quaquaval|atk|1
|-unboost|p2a: Quaquaval|spa|1
|
|t:|1783025710
|switch|p1b: Garchomp|Garchomp, L50, F|100/100|[from] Parting Shot
|
|upkeep
|turn|2
|
|t:|1783025731
|switch|p2a: Mawile|Mawile, L50, F|100/100
|detailschange|p1a: Gyarados|Gyarados-Mega, L50, F, shiny
|-mega|p1a: Gyarados|Gyarados|Gyaradosite
|-ability|p1a: Gyarados|Mold Breaker
|move|p2b: Talonflame|Tailwind|p2b: Talonflame
|-sidestart|p2: martharia|move: Tailwind
|move|p1b: Garchomp|Rock Slide|p2b: Talonflame|[spread] p2a,p2b
|-supereffective|p2b: Talonflame|2
|-enditem|p2b: Talonflame|Charti Berry|[eat]
|-enditem|p2b: Talonflame|Charti Berry|[weaken]
|-damage|p2a: Mawile|53/100
|-damage|p2b: Talonflame|28/100
|replace|p2a: Zoroark|Zoroark-Hisui, L50, F, shiny
|-end|p2a: Zoroark|Illusion
|-damage|p1b: Garchomp|90/100|[from] item: Life Orb
|move|p1a: Gyarados|Dragon Dance|p1a: Gyarados
|-boost|p1a: Gyarados|atk|1
|-boost|p1a: Gyarados|spe|1
|
|upkeep
|turn|3
|
|t:|1783025753
|switch|p1b: Incineroar|Incineroar, L50, F|100/100
|-ability|p1b: Incineroar|Intimidate|boost
|-unboost|p2a: Zoroark|atk|1
|-unboost|p2b: Talonflame|atk|1
|move|p2b: Talonflame|Feather Dance|p1a: Gyarados
|-unboost|p1a: Gyarados|atk|2
|move|p2a: Zoroark|Icy Wind|p1b: Incineroar|[spread] p1b
|-miss|p2a: Zoroark|p1a: Gyarados
|-resisted|p1b: Incineroar|1
|-damage|p1b: Incineroar|94/100
|-unboost|p1b: Incineroar|spe|1
|move|p1a: Gyarados|Lash Out|p2a: Zoroark
|-supereffective|p2a: Zoroark|1
|-damage|p2a: Zoroark|0 fnt
|faint|p2a: Zoroark
|
|upkeep
|
|t:|1783025768
|switch|p2a: Mawile|Mawile, L50, F|100/100
|turn|4
|inactive|entei enthusiast has 30 seconds left.
|
|t:|1783025802
|detailschange|p2a: Mawile|Mawile-Mega, L50, F
|-mega|p2a: Mawile|Mawile|Mawilite
|move|p2b: Talonflame|Feather Dance|p1b: Incineroar
|-unboost|p1b: Incineroar|atk|2
|move|p1a: Gyarados|Waterfall|p2b: Talonflame
|-supereffective|p2b: Talonflame|1
|-damage|p2b: Talonflame|0 fnt
|faint|p2b: Talonflame
|move|p2a: Mawile|Rock Slide|p1a: Gyarados|[spread] p1a,p1b
|-supereffective|p1b: Incineroar|1
|-damage|p1a: Gyarados|52/100
|-damage|p1b: Incineroar|20/100y
|move|p1b: Incineroar|Flare Blitz|p2a: Mawile
|-supereffective|p2a: Mawile|1
|-damage|p2a: Mawile|52/100
|-damage|p1b: Incineroar|8/100|[from] Recoil
|
|upkeep
|
|t:|1783025814
|switch|p2b: Quaquaval|Quaquaval, L50, F|100/100
|turn|5
|inactive|entei enthusiast has 30 seconds left.
|
|t:|1783025841
|switch|p1b: Sneasler|Sneasler, L50, F|100/100
|move|p1a: Gyarados|Protect|p1a: Gyarados
|-singleturn|p1a: Gyarados|Protect
|move|p2b: Quaquaval|Aqua Step|p1b: Sneasler
|-damage|p1b: Sneasler|26/100
|-boost|p2b: Quaquaval|spe|1
|move|p2a: Mawile|Play Rough|p1a: Gyarados
|-activate|p1a: Gyarados|move: Protect
|
|-sideend|p2: martharia|move: Tailwind
|upkeep
|turn|6
|
|t:|1783025861
|move|p2b: Quaquaval|Close Combat|p1a: Gyarados
|-supereffective|p1a: Gyarados|1
|-crit|p1a: Gyarados
|-damage|p1a: Gyarados|0 fnt
|-unboost|p2b: Quaquaval|def|1
|-unboost|p2b: Quaquaval|spd|1
|faint|p1a: Gyarados
|-ability|p2b: Quaquaval|Moxie|boost
|-boost|p2b: Quaquaval|atk|1
|move|p1b: Sneasler|Coaching|p1: Gyarados|[notarget]
|-fail|p1b: Sneasler
|move|p2a: Mawile|Play Rough|p1b: Sneasler
|-damage|p1b: Sneasler|0 fnt
|faint|p1b: Sneasler
|
|upkeep
|
|t:|1783025865
|switch|p1b: Garchomp|Garchomp, L50, F|90/100
|switch|p1a: Incineroar|Incineroar, L50, F|8/100
|-ability|p1a: Incineroar|Intimidate|boost
|-unboost|p2a: Mawile|atk|1
|-unboost|p2b: Quaquaval|atk|1
|turn|7
|inactive|entei enthusiast has 30 seconds left.
|inactive|entei enthusiast has 20 seconds left.
|
|t:|1783025902
|move|p2b: Quaquaval|Protect|p2b: Quaquaval
|-singleturn|p2b: Quaquaval|Protect
|move|p2a: Mawile|Protect|p2a: Mawile
|-singleturn|p2a: Mawile|Protect
|move|p1a: Incineroar|Fake Out|p2b: Quaquaval
|-activate|p2b: Quaquaval|move: Protect
|move|p1b: Garchomp|Rock Slide|p2b: Quaquaval|[spread] 
|-activate|p2a: Mawile|move: Protect
|-activate|p2b: Quaquaval|move: Protect
|
|upkeep
|turn|8
|
|t:|1783025913
|move|p2a: Mawile|Sucker Punch|p1a: Incineroar
|-resisted|p1a: Incineroar|1
|-damage|p1a: Incineroar|0 fnt
|faint|p1a: Incineroar
|move|p2b: Quaquaval|Ice Spinner|p1b: Garchomp
|-supereffective|p1b: Garchomp|2
|-crit|p1b: Garchomp
|-damage|p1b: Garchomp|0 fnt
|-damage|p2b: Quaquaval|87/100|[from] ability: Rough Skin|[of] p1b: Garchomp
|faint|p1b: Garchomp
|
|win|martharia
||entei enthusiast is ready for game 2.
||martharia is ready for game 2.
|uhtml|next|Next: Game 2 of 3
|l|☆martharia
|player|p2|
