|j|☆KingNoahC17
|j|☆castoriceball
|html|KingNoahC17castoriceball    
|uhtml|bestof|Game 2 of a best-of-3
|t:|1785143043
|gametype|doubles
|player|p1|KingNoahC17|101|
|player|p2|castoriceball|miku-flying|
|gen|9
|tier|[Gen 9 Champions] VGC 2026 Reg M-B (Bo3)
|rule|Species Clause: Limit one of each Pokémon
|rule|Item Clause: Limit 1 of each item
|clearpoke
|poke|p1|Grimmsnarl, L50, M|
|poke|p1|Scovillain, L50, F|
|poke|p1|Kommo-o, L50, M|
|poke|p1|Metagross, L50|
|poke|p1|Milotic, L50, M|
|poke|p1|Hydreigon, L50, F|
|poke|p2|Glimmora, L50, M, shiny|
|poke|p2|Ninetales-Alola, L50, F, shiny|
|poke|p2|Talonflame, L50, F, shiny|
|poke|p2|Basculegion, L50, M, shiny|
|poke|p2|Kommo-o, L50, M, shiny|
|poke|p2|Kingambit, L50, M, shiny|
|teampreview|4
|showteam|p1|Grimmsnarl||LightClay|Prankster|Reflect,LightScreen,PartingShot,SpiritBreak|Careful||M|||50|]Scovillain||Scovillainite|Chlorophyll|RagePowder,Protect,Overheat,GigaDrain|Bold||F|||50|]Kommo-o||SitrusBerry|Soundproof|ClangingScales,Protect,ClangorousSoul,AuraSphere|Modest||M|||50|]Metagross||Metagrossite|ClearBody|Protect,PsychicFangs,IronHead,StompingTantrum|Jolly|||||50|]Milotic||Leftovers|Competitive|MuddyWater,Hypnosis,Coil,Recover|Calm||M|||50|]Hydreigon||ChoiceScarf|Levitate|DracoMeteor,DarkPulse,Snarl,EarthPower|Modest||F|||50|
|showteam|p2|Glimmora||Glimmoranite|ToxicDebris|PowerGem,SludgeBomb,EarthPower,SpikyShield|Modest||M|||50|]Ninetales-Alola||NeverMeltIce|SnowWarning|Blizzard,FreezeDry,Encore,Protect|Timid||F|||50|]Talonflame||SharpBeak|GaleWings|DualWingbeat,FlareBlitz,Tailwind,Protect|Jolly||F|||50|]Basculegion||ChoiceScarf|Adaptability|WaveCrash,AquaJet,FlipTurn,LastRespects|Jolly||M|||50|]Kommo-o||LifeOrb|Overcoat|ClangingScales,DracoMeteor,AuraSphere,Protect|Modest||M|||50|]Kingambit||FocusSash|Defiant|SuckerPunch,KowtowCleave,IronHead,LowKick|Adamant||M|||50|
|inactive|Battle timer is ON: inactive players will automatically lose when time's up. (requested by KingNoahC17)
|inactive|KingNoahC17 has 60 seconds left.
|inactive|castoriceball has 60 seconds left.
|
|t:|1785143089
|teamsize|p1|4
|teamsize|p2|4
|start
|switch|p1a: Grimmsnarl|Grimmsnarl, L50, M|100/100
|switch|p1b: Metagross|Metagross, L50|100/100
|switch|p2a: Nuke.|Glimmora, L50, M, shiny|100/100
|switch|p2b: ICE TALES|Ninetales-Alola, L50, F, shiny|100/100
|-weather|Snowscape|[from] ability: Snow Warning|[of] p2b: ICE TALES
|turn|1
|inactive|castoriceball has 30 seconds left.
|inactive|KingNoahC17 has 30 seconds left.
|inactive|castoriceball has 20 seconds left.
|inactive|KingNoahC17 has 20 seconds left.
|
|t:|1785143135
|detailschange|p2a: Nuke.|Glimmora-Mega, L50, M, shiny
|-mega|p2a: Nuke.|Glimmora|Glimmoranite
|detailschange|p1b: Metagross|Metagross-Mega, L50
|-mega|p1b: Metagross|Metagross|Metagrossite
|move|p1a: Grimmsnarl|Light Screen|p1a: Grimmsnarl
|-sidestart|p1: KingNoahC17|move: Light Screen
|move|p2b: ICE TALES|Encore||[still]
|-fail|p2b: ICE TALES
|move|p1b: Metagross|Stomping Tantrum|p2a: Nuke.
|-supereffective|p2a: Nuke.|2
|-damage|p2a: Nuke.|0 fnt
|faint|p2a: Nuke.
|
|-weather|Snowscape|[upkeep]
|upkeep
|
|t:|1785143146
|switch|p2a: Komm-OH-NOOO|Kommo-o, L50, M, shiny|100/100
|turn|2
|
|t:|1785143155
|move|p2b: ICE TALES|Encore|p1b: Metagross
|-start|p1b: Metagross|Encore
|move|p1b: Metagross|Stomping Tantrum|p2a: Komm-OH-NOOO
|-damage|p2a: Komm-OH-NOOO|62/100
|move|p2a: Komm-OH-NOOO|Aura Sphere|p1a: Grimmsnarl
|-damage|p1a: Grimmsnarl|72/100
|-damage|p2a: Komm-OH-NOOO|53/100|[from] item: Life Orb
|move|p1a: Grimmsnarl|Spirit Break|p2a: Komm-OH-NOOO
|-supereffective|p2a: Komm-OH-NOOO|2
|-damage|p2a: Komm-OH-NOOO|0 fnt
|faint|p2a: Komm-OH-NOOO
|
|-weather|Snowscape|[upkeep]
|upkeep
|
|t:|1785143166
|switch|p2a: Basculegend|Basculegion, L50, M, shiny|100/100
|turn|3
|
|t:|1785143175
|move|p1a: Grimmsnarl|Reflect|p1a: Grimmsnarl
|-sidestart|p1: KingNoahC17|Reflect
|move|p2a: Basculegend|Last Respects|p1b: Metagross
|-supereffective|p1b: Metagross|1
|-damage|p1b: Metagross|5/100
|move|p2b: ICE TALES|Blizzard|p1b: Metagross|[spread] p1a,p1b
|-resisted|p1b: Metagross|1
|-damage|p1a: Grimmsnarl|53/100
|-damage|p1b: Metagross|0 fnt
|faint|p1b: Metagross
|
|-weather|Snowscape|[upkeep]
|upkeep
|
|t:|1785143183
|switch|p1b: Hydreigon|Hydreigon, L50, F|100/100
|turn|4
|
|t:|1785143189
|move|p1a: Grimmsnarl|Parting Shot|p2b: ICE TALES
|-unboost|p2b: ICE TALES|atk|1
|-unboost|p2b: ICE TALES|spa|1
|
|t:|1785143192
|switch|p1a: Milotic|Milotic, L50, M|100/100|[from] Parting Shot
|move|p1b: Hydreigon|Dark Pulse|p2a: Basculegend
|-supereffective|p2a: Basculegend|1
|-damage|p2a: Basculegend|3/100
|move|p2a: Basculegend|Last Respects|p1b: Hydreigon
|-resisted|p1b: Hydreigon|1
|-damage|p1b: Hydreigon|64/100
|move|p2b: ICE TALES|Blizzard|p1a: Milotic|[spread] p1a,p1b
|-resisted|p1a: Milotic|1
|-supereffective|p1b: Hydreigon|1
|-damage|p1a: Milotic|95/100
|-damage|p1b: Hydreigon|32/100
|
|-weather|Snowscape|[upkeep]
|-heal|p1a: Milotic|100/100|[from] item: Leftovers
|upkeep
|turn|5
|
|t:|1785143207
|move|p1b: Hydreigon|Dark Pulse|p2a: Basculegend
|-supereffective|p2a: Basculegend|1
|-damage|p2a: Basculegend|0 fnt
|faint|p2a: Basculegend
|move|p2b: ICE TALES|Blizzard|p1a: Milotic|[spread] p1a,p1b
|-resisted|p1a: Milotic|1
|-supereffective|p1b: Hydreigon|1
|-damage|p1a: Milotic|95/100
|-damage|p1b: Hydreigon|1/100
|move|p1a: Milotic|Muddy Water|p2b: ICE TALES
|-damage|p2b: ICE TALES|64/100
|
|-weather|none
|-heal|p1a: Milotic|100/100|[from] item: Leftovers
|upkeep
|turn|6
|
|t:|1785143214
|move|p1b: Hydreigon|Dark Pulse|p2b: ICE TALES
|-resisted|p2b: ICE TALES|1
|-damage|p2b: ICE TALES|42/100
|move|p2b: ICE TALES|Blizzard|p1a: Milotic|[spread] p1b
|-miss|p2b: ICE TALES|p1a: Milotic
|-supereffective|p1b: Hydreigon|1
|-damage|p1b: Hydreigon|0 fnt
|faint|p1b: Hydreigon
|move|p1a: Milotic|Muddy Water|p2b: ICE TALES
|-damage|p2b: ICE TALES|8/100
|-unboost|p2b: ICE TALES|accuracy|1
|
|upkeep
|
|t:|1785143221
|switch|p1b: Grimmsnarl|Grimmsnarl, L50, M|53/100
|turn|7
|
|t:|1785143226
|move|p2b: ICE TALES|Encore|p1b: Grimmsnarl|[miss]
|-miss|p2b: ICE TALES|p1b: Grimmsnarl
|move|p1a: Milotic|Muddy Water|p2b: ICE TALES
|-damage|p2b: ICE TALES|0 fnt
|faint|p2b: ICE TALES
|
|win|KingNoahC17
||KingNoahC17 is ready for game 3.
