|j|☆gundnub
|j|☆AvosRuin
|html|gundnubAvosRuin    
|uhtml|bestof|Game 2 of a best-of-3
|t:|1783283625
|gametype|doubles
|player|p1|gundnub|pokemonranger-gen4|
|player|p2|AvosRuin|acetrainerf|
|gen|9
|tier|[Gen 9 Champions] VGC 2026 Reg M-B (Bo3)
|rule|Species Clause: Limit one of each Pokémon
|rule|Item Clause: Limit 1 of each item
|clearpoke
|poke|p1|Arcanine, L50, M|
|poke|p1|Lycanroc, L50, M|
|poke|p1|Hippowdon, L50, M|
|poke|p1|Skarmory, L50, M|
|poke|p1|Serperior, L50, F|
|poke|p1|Altaria, L50, M|
|poke|p2|Liepard, L50, M|
|poke|p2|Spiritomb, L50, F|
|poke|p2|Golurk, L50, shiny|
|poke|p2|Hydrapple, L50, F|
|poke|p2|Reuniclus, L50, M|
|poke|p2|Crabominable, L50, F|
|teampreview|4
|showteam|p1|Arcanine||SitrusBerry|Intimidate|Protect,FlareBlitz,ExtremeSpeed,WillOWisp|Careful||M|||50|]Lycanroc||FocusSash|SandRush|Protect,RockSlide,CloseCombat,Accelerock|Adamant||M|||50|]Hippowdon||Leftovers|SandStream|Protect,Earthquake,SandTomb,Yawn|Careful||M|||50|]Skarmory||Skarmorite|KeenEye|Protect,IronHead,BraveBird,SwordsDance|Adamant||M|||50|]Serperior||LightClay|Overgrow|LeafStorm,Reflect,LightScreen,Glare|Timid||F|||50|]Altaria||Altarianite|NaturalCure|Protect,HyperVoice,DragonPulse,Roost|Modest||M|||50|
|showteam|p2|Liepard||FocusSash|Prankster|FakeOut,Uturn,Encore,Taunt|Jolly||M|||50|]Spiritomb||RoseliBerry|Pressure|DarkPulse,Protect,ShadowBall,TrickRoom|Calm||F|||50|]Golurk||Golurkite|IronFist|HeadlongRush,Poltergeist,FirePunch,Protect|Brave|||||50|]Hydrapple||Leftovers|Regenerator|EnergyBall,DragonPulse,Protect,PollenPuff|Modest||F|||50|]Reuniclus||SitrusBerry|Regenerator|Psyshock,TrickRoom,FlashCannon,Protect|Modest||M|||50|]Crabominable||Crabominite|HyperCutter|IceHammer,DrainPunch,ThunderPunch,Protect|Brave||F|||50|
|inactive|Battle timer is ON: inactive players will automatically lose when time's up. (requested by gundnub)
|
|t:|1783283648
|teamsize|p1|4
|teamsize|p2|4
|start
|switch|p1a: Altaria|Altaria, L50, M|100/100
|switch|p1b: Serperior|Serperior, L50, F|100/100
|switch|p2a: Reuniclus|Reuniclus, L50, M|100/100
|switch|p2b: Liepard|Liepard, L50, M|100/100
|turn|1
|
|t:|1783283663
|detailschange|p1a: Altaria|Altaria-Mega, L50, M
|-mega|p1a: Altaria|Altaria|Altarianite
|move|p2b: Liepard|Fake Out|p1a: Altaria
|-damage|p1a: Altaria|88/100
|move|p1b: Serperior|Reflect|p1b: Serperior
|-sidestart|p1: gundnub|Reflect
|cant|p1a: Altaria|flinch
|move|p2a: Reuniclus|Trick Room|p2a: Reuniclus
|-fieldstart|move: Trick Room|[of] p2a: Reuniclus
|
|upkeep
|turn|2
|
|t:|1783283677
|move|p2a: Reuniclus|Flash Cannon|p1a: Altaria
|-supereffective|p1a: Altaria|1
|-damage|p1a: Altaria|24/100
|move|p1a: Altaria|Hyper Voice|p2a: Reuniclus|[spread] p2a,p2b
|-supereffective|p2b: Liepard|1
|-damage|p2a: Reuniclus|63/100
|-enditem|p2b: Liepard|Focus Sash
|-damage|p2b: Liepard|1/100
|move|p2b: Liepard|U-turn|p1b: Serperior
|-supereffective|p1b: Serperior|1
|-damage|p1b: Serperior|74/100
|
|t:|1783283689
|switch|p2b: Hydrapple|Hydrapple, L50, F|100/100|[from] U-turn
|move|p1b: Serperior|Light Screen|p1b: Serperior
|-sidestart|p1: gundnub|move: Light Screen
|
|upkeep
|turn|3
|inactive|gundnub has 30 seconds left.
|
|t:|1783283717
|switch|p1a: Arcanine|Arcanine, L50, M|100/100
|-ability|p1a: Arcanine|Intimidate|boost
|-unboost|p2a: Reuniclus|atk|1
|-unboost|p2b: Hydrapple|atk|1
|move|p2a: Reuniclus|Flash Cannon|p1a: Arcanine
|-resisted|p1a: Arcanine|1
|-damage|p1a: Arcanine|91/100
|move|p2b: Hydrapple|Pollen Puff|p1b: Serperior
|-supereffective|p1b: Serperior|1
|-damage|p1b: Serperior|27/100
|move|p1b: Serperior|Glare|p2a: Reuniclus
|-status|p2a: Reuniclus|par
|
|upkeep
|turn|4
|inactive|AvosRuin has 30 seconds left.
|
|t:|1783283746
|cant|p2a: Reuniclus|par
|move|p2b: Hydrapple|Dragon Pulse|p1b: Serperior
|-damage|p1b: Serperior|0 fnt
|faint|p1b: Serperior
|move|p1a: Arcanine|Flare Blitz|p2b: Hydrapple
|-damage|p2b: Hydrapple|60/100
|-damage|p1a: Arcanine|77/100|[from] Recoil
|
|-heal|p2b: Hydrapple|66/100|[from] item: Leftovers
|upkeep
|
|t:|1783283756
|switch|p1b: Altaria|Altaria-Mega, L50, M|24/100
|turn|5
|
|t:|1783283773
|move|p1b: Altaria|Protect|p1b: Altaria
|-singleturn|p1b: Altaria|Protect
|cant|p2a: Reuniclus|par
|move|p2b: Hydrapple|Pollen Puff|p2a: Reuniclus
|-heal|p2a: Reuniclus|100/100 par
|move|p1a: Arcanine|Flare Blitz|p2a: Reuniclus
|-damage|p2a: Reuniclus|55/100 par
|-damage|p1a: Arcanine|61/100|[from] Recoil
|
|-heal|p2b: Hydrapple|72/100|[from] item: Leftovers
|-fieldend|move: Trick Room
|upkeep
|turn|6
|inactive|AvosRuin has 30 seconds left.
|inactive|AvosRuin has 20 seconds left.
|inactive|AvosRuin has 15 seconds left.
|inactive|AvosRuin has 10 seconds left.
|
|t:|1783283823
|move|p2a: Reuniclus|Protect|p2a: Reuniclus
|-singleturn|p2a: Reuniclus|Protect
|move|p1a: Arcanine|Flare Blitz|p2a: Reuniclus
|-activate|p2a: Reuniclus|move: Protect
|move|p1b: Altaria|Hyper Voice|p2a: Reuniclus|[spread] p2b
|-activate|p2a: Reuniclus|move: Protect
|-supereffective|p2b: Hydrapple|1
|-damage|p2b: Hydrapple|0 fnt
|faint|p2b: Hydrapple
|
|upkeep
|
|t:|1783283832
|switch|p2b: Liepard|Liepard, L50, M|1/100
|turn|7
|inactive|gundnub has 30 seconds left.
|
|t:|1783283859
|move|p2b: Liepard|Fake Out|p1b: Altaria
|-damage|p1b: Altaria|16/100
|move|p1a: Arcanine|Flare Blitz|p2a: Reuniclus
|-crit|p2a: Reuniclus
|-damage|p2a: Reuniclus|0 fnt
|faint|p2a: Reuniclus
|-damage|p1a: Arcanine|43/100|[from] Recoil
|-enditem|p1a: Arcanine|Sitrus Berry|[eat]
|-heal|p1a: Arcanine|67/100|[from] item: Sitrus Berry
|cant|p1b: Altaria|flinch
|
|upkeep
|
|t:|1783283870
|switch|p2a: Golurk|Golurk, L50, shiny|100/100
|turn|8
|inactive|AvosRuin has 30 seconds left.
|
|t:|1783283903
|move|p2b: Liepard|U-turn|p1a: Arcanine
|-resisted|p1a: Arcanine|1
|-damage|p1a: Arcanine|61/100
|move|p1a: Arcanine|Will-O-Wisp|p2a: Golurk
|-status|p2a: Golurk|brn
|move|p1b: Altaria|Hyper Voice|p2a: Golurk|[spread] p2a,p2b
|-supereffective|p2b: Liepard|1
|-damage|p2a: Golurk|51/100 brn
|-damage|p2b: Liepard|0 fnt
|faint|p2b: Liepard
|move|p2a: Golurk|Poltergeist|p1b: Altaria
|-activate|p1b: Altaria|move: Poltergeist|Altarianite
|-damage|p1b: Altaria|0 fnt
|faint|p1b: Altaria
|
|-damage|p2a: Golurk|46/100 brn|[from] brn
|-sideend|p1: gundnub|Reflect
|upkeep
|
|t:|1783283916
|switch|p1b: Lycanroc|Lycanroc, L50, M|100/100
|turn|9
|
|t:|1783283930
|detailschange|p2a: Golurk|Golurk-Mega, L50, shiny
|-mega|p2a: Golurk|Golurk|Golurkite
|move|p1b: Lycanroc|Rock Slide|p2a: Golurk
|-resisted|p2a: Golurk|1
|-damage|p2a: Golurk|27/100 brn
|move|p1a: Arcanine|Flare Blitz|p2a: Golurk
|-damage|p2a: Golurk|0 fnt
|faint|p2a: Golurk
|-damage|p1a: Arcanine|52/100|[from] Recoil
|
|win|gundnub
