|j|☆itmaybetime
|j|☆cygneve
|html|itmaybetimecygneve    
|uhtml|bestof|Game 1 of a best-of-3
|t:|1782254674
|gametype|doubles
|player|p1|itmaybetime|101|1000
|player|p2|cygneve|waitress|1025
|gen|9
|tier|[Gen 9 Champions] VGC 2026 Reg M-B (Bo3)
|rated|
|rule|Species Clause: Limit one of each Pokémon
|rule|Item Clause: Limit 1 of each item
|clearpoke
|poke|p1|Gholdengo, L50|
|poke|p1|Incineroar, L50, F|
|poke|p1|Garchomp, L50, F|
|poke|p1|Charizard, L50, M|
|poke|p1|Basculegion, L50, M|
|poke|p1|Whimsicott, L50, F|
|poke|p2|Chimecho, L50, F|
|poke|p2|Garchomp, L50, M|
|poke|p2|Sylveon, L50, F|
|poke|p2|Whimsicott, L50, F|
|poke|p2|Kangaskhan, L50, F|
|poke|p2|Torkoal, L50, M|
|teampreview|4
|showteam|p1|Gholdengo||SpellTag|GoodasGold|MakeItRain,ShadowBall,NastyPlot,Protect|Modest|||||50|]Incineroar||SitrusBerry|Intimidate|PartingShot,FlareBlitz,ThroatChop,FakeOut|Impish||F|||50|]Garchomp||LifeOrb|RoughSkin|Earthquake,DragonClaw,RockSlide,Protect|Jolly||F|||50|]Charizard||CharizarditeY|Blaze|HeatWave,SolarBeam,WeatherBall,Protect|Modest||M|||50|]Basculegion||ChoiceScarf|Adaptability|WaveCrash,LastRespects,AquaJet,FlipTurn|Jolly||M|||50|]Whimsicott||FocusSash|Prankster|Tailwind,Encore,Moonblast,Protect|Timid||F|||50|
|showteam|p2|Chimecho||Chimechite|Levitate|AllySwitch,TrickRoom,Psychic,Protect|Modest||F|||50|]Garchomp||ChoiceScarf|SandVeil|DragonClaw,Earthquake,RockSlide,BrickBreak|Adamant||M|||50|]Sylveon||Leftovers|Pixilate|HyperVoice,Protect,QuickAttack,HelpingHand|Modest||F|||50|]Whimsicott||LifeOrb|Prankster|Tailwind,EnergyBall,Encore,LightScreen|Timid||F|||50|]Kangaskhan||Kangaskhanite|InnerFocus|FakeOut,SuckerPunch,DoubleEdge,Protect|Serious||F|||50|]Torkoal||FocusSash|Drought|Eruption,SludgeBomb,Protect,SolarBeam|Serious||M|||50|
|inactive|Battle timer is ON: inactive players will automatically lose when time's up. (requested by cygneve)
|
|t:|1782254767
|teamsize|p1|4
|teamsize|p2|4
|start
|switch|p1a: Gholdengo|Gholdengo, L50|100/100
|switch|p1b: Incineroar|Incineroar, L50, F|100/100
|switch|p2a: Chimecho|Chimecho, L50, F|100/100
|switch|p2b: Sylveon|Sylveon, L50, F|100/100
|-ability|p1b: Incineroar|Intimidate|boost
|-unboost|p2a: Chimecho|atk|1
|-unboost|p2b: Sylveon|atk|1
|turn|1
|
|t:|1782254787
|detailschange|p2a: Chimecho|Chimecho-Mega, L50, F
|-mega|p2a: Chimecho|Chimecho|Chimechite
|move|p2b: Sylveon|Protect|p2b: Sylveon
|-singleturn|p2b: Sylveon|Protect
|move|p1b: Incineroar|Fake Out|p2a: Chimecho
|-resisted|p2a: Chimecho|1
|-damage|p2a: Chimecho|95/100
|move|p1a: Gholdengo|Nasty Plot|p1a: Gholdengo
|-boost|p1a: Gholdengo|spa|2
|cant|p2a: Chimecho|flinch
|
|upkeep
|turn|2
|
|t:|1782254808
|move|p2a: Chimecho|Protect|p2a: Chimecho
|-singleturn|p2a: Chimecho|Protect
|move|p2b: Sylveon|Protect|p2b: Sylveon
|-singleturn|p2b: Sylveon|Protect
|move|p1a: Gholdengo|Shadow Ball|p2a: Chimecho
|-activate|p2a: Chimecho|move: Protect
|move|p1b: Incineroar|Parting Shot|p2b: Sylveon
|-activate|p2b: Sylveon|move: Protect
|
|upkeep
|turn|3
|inactive|itmaybetime has 30 seconds left.
|
|t:|1782254839
|move|p2a: Chimecho|Ally Switch|p2a: Chimecho
|swap|p2a: Chimecho|1|[from] move: Ally Switch
|move|p1a: Gholdengo|Make It Rain|p2b: Chimecho|[spread] p2a,p2b
|-supereffective|p2a: Sylveon|1
|-resisted|p2b: Chimecho|1
|-damage|p2a: Sylveon|0 fnt
|-damage|p2b: Chimecho|52/100
|-unboost|p1a: Gholdengo|spa|2
|faint|p2a: Sylveon
|move|p1b: Incineroar|Flare Blitz|p2b: Chimecho
|-supereffective|p2b: Chimecho|1
|-damage|p2b: Chimecho|0 fnt
|faint|p2b: Chimecho
|-damage|p1b: Incineroar|85/100|[from] Recoil
|
|upkeep
|
|t:|1782254850
|switch|p2b: Garchomp|Garchomp, L50, M|100/100
|switch|p2a: Kangaskhan|Kangaskhan, L50, F|100/100
|turn|4
|
|t:|1782254870
|switch|p1b: Whimsicott|Whimsicott, L50, F|100/100
|move|p2a: Kangaskhan|Fake Out|p1b: Whimsicott
|-damage|p1b: Whimsicott|75/100
|move|p2b: Garchomp|Earthquake|p1a: Gholdengo|[spread] p2a,p1a,p1b
|-supereffective|p1a: Gholdengo|1
|-resisted|p1b: Whimsicott|1
|-damage|p2a: Kangaskhan|58/100
|-damage|p1a: Gholdengo|10/100
|-damage|p1b: Whimsicott|46/100
|move|p1a: Gholdengo|Make It Rain|p2b: Garchomp|[spread] p2a,p2b
|-damage|p2a: Kangaskhan|12/100
|-damage|p2b: Garchomp|53/100
|-unboost|p1a: Gholdengo|spa|2
|
|upkeep
|turn|5
|inactive|itmaybetime has 30 seconds left.
|
|t:|1782254898
|move|p1b: Whimsicott|Encore|p2a: Kangaskhan
|-start|p2a: Kangaskhan|Encore
|move|p2a: Kangaskhan|Fake Out||[still]
|-hint|Fake Out only works on your first turn out.
|-fail|p2a: Kangaskhan
|move|p2b: Garchomp|Earthquake|p1a: Gholdengo|[spread] p2a,p1a,p1b
|-supereffective|p1a: Gholdengo|1
|-resisted|p1b: Whimsicott|1
|-damage|p2a: Kangaskhan|0 fnt
|-damage|p1a: Gholdengo|0 fnt
|-damage|p1b: Whimsicott|18/100
|faint|p2a: Kangaskhan
|faint|p1a: Gholdengo
|
|upkeep
|-message|cygneve forfeited.
|
|win|itmaybetime
|l|☆cygneve
|player|p2|
