|j|☆enrique132132
|j|☆ddx9000
|html|enrique132132ddx9000    
|uhtml|bestof|Game 2 of a best-of-3
|t:|1756790060
|gametype|doubles
|player|p1|enrique132132|265|1178
|player|p2|ddx9000|266|1156
|gen|9
|tier|[Gen 9] VGC 2025 Reg H (Bo3)
|rated|
|rule|Species Clause: Limit one of each Pokémon
|rule|Item Clause: Limit 1 of each item
|clearpoke
|poke|p1|Indeedee, L50, M|
|poke|p1|Excadrill, L50, F|
|poke|p1|Corviknight, L50, F|
|poke|p1|Tyranitar, L50, M|
|poke|p1|Sneasler, L50, F|
|poke|p1|Annihilape, L50, M|
|poke|p2|Incineroar, L50, M|
|poke|p2|Porygon2, L50|
|poke|p2|Amoonguss, L50, F|
|poke|p2|Hydreigon, L50, F|
|poke|p2|Ursaluna, L50, M|
|poke|p2|Gholdengo, L50|
|teampreview|4
|showteam|p1|Indeedee||ChoiceScarf|PsychicSurge|ExpandingForce,TeraBlast,Trick,Protect|||M|||50|,,,,,Psychic]Excadrill||FocusSash|SandRush|Earthquake,IronHead,SwordsDance,Protect|||F|||50|,,,,,Ground]Corviknight||Leftovers|MirrorArmor|BraveBird,Tailwind,BulkUp,Roost|||F|||50|,,,,,Water]Tyranitar||AssaultVest|SandStream|RockSlide,KnockOff,LowKick,TeraBlast|||M|||50|,,,,,Flying]Sneasler||PsychicSeed|Unburden|CloseCombat,DireClaw,ThroatChop,Protect|||F|||50|,,,,,Dark]Annihilape||LumBerry|Defiant|Coaching,RageFist,CloseCombat,Taunt|||M|||50|,,,,,Fire
|showteam|p2|Incineroar||AssaultVest|Intimidate|FakeOut,Uturn,FlareBlitz,KnockOff|||M|||50|,,,,,Ghost]Porygon2||Eviolite|Download|TeraBlast,IceBeam,Recover,TrickRoom||||||50|,,,,,Fighting]Amoonguss||RockyHelmet|Regenerator|Spore,Protect,RagePowder,PollenPuff|||F|||50|,,,,,Water]Hydreigon||SafetyGoggles|Levitate|Tailwind,Snarl,Protect,DracoMeteor|||F|||50|,,,,,Ghost]Ursaluna||FlameOrb|Guts|Protect,HeadlongRush,Earthquake,Facade|||M|||50|,,,,,Ghost]Gholdengo||LifeOrb|GoodasGold|Protect,NastyPlot,MakeItRain,ShadowBall||||||50|,,,,,Water
|
|t:|1756790080
|teamsize|p1|4
|teamsize|p2|4
|start
|switch|p1a: Corviknight|Corviknight, L50, F|100/100
|switch|p1b: Annihilape|Annihilape, L50, M, shiny|100/100
|switch|p2a: Amoonguss|Amoonguss, L50, F, shiny|100/100
|switch|p2b: Porygon2|Porygon2, L50|100/100
|-ability|p2b: Porygon2|Download|boost
|-boost|p2b: Porygon2|atk|1
|turn|1
|
|t:|1756790112
|move|p1b: Annihilape|Taunt|p2b: Porygon2
|-start|p2b: Porygon2|move: Taunt
|move|p1a: Corviknight|Bulk Up|p1a: Corviknight
|-boost|p1a: Corviknight|atk|1
|-boost|p1a: Corviknight|def|1
|move|p2b: Porygon2|Ice Beam|p1a: Corviknight
|-damage|p1a: Corviknight|77/100
|move|p2a: Amoonguss|Spore|p1a: Corviknight
|-status|p1a: Corviknight|slp|[from] move: Spore
|
|-heal|p1a: Corviknight|83/100 slp|[from] item: Leftovers
|upkeep
|turn|2
|
|t:|1756790139
|switch|p2b: Ursaluna|Ursaluna, L50, M|100/100
|move|p2a: Amoonguss|Protect|p2a: Amoonguss
|-singleturn|p2a: Amoonguss|Protect
|move|p1b: Annihilape|Coaching|p1a: Corviknight
|-boost|p1a: Corviknight|atk|1
|-boost|p1a: Corviknight|def|1
|cant|p1a: Corviknight|slp
|
|-heal|p1a: Corviknight|89/100 slp|[from] item: Leftovers
|-status|p2b: Ursaluna|brn|[from] item: Flame Orb
|upkeep
|turn|3
|
|t:|1756790178
|move|p2a: Amoonguss|Rage Powder|p2a: Amoonguss
|-singleturn|p2a: Amoonguss|move: Rage Powder
|move|p1b: Annihilape|Taunt|p2a: Amoonguss
|-start|p2a: Amoonguss|move: Taunt
|cant|p1a: Corviknight|slp
|move|p2b: Ursaluna|Headlong Rush|p1b: Annihilape
|-damage|p1b: Annihilape|0 fnt
|-unboost|p2b: Ursaluna|def|1
|-unboost|p2b: Ursaluna|spd|1
|faint|p1b: Annihilape
|
|-heal|p1a: Corviknight|95/100 slp|[from] item: Leftovers
|-damage|p2b: Ursaluna|95/100 brn|[from] brn
|upkeep
|
|t:|1756790188
|switch|p1b: Excadrill|Excadrill, L50, F|100/100
|turn|4
|
|t:|1756790201
|switch|p2b: Incineroar|Incineroar, L50, M, shiny|100/100
|-ability|p2b: Incineroar|Intimidate|boost
|-ability|p1a: Corviknight|Mirror Armor
|-unboost|p2b: Incineroar|atk|1
|-unboost|p1b: Excadrill|atk|1
|move|p1b: Excadrill|Swords Dance|p1b: Excadrill
|-boost|p1b: Excadrill|atk|2
|cant|p1a: Corviknight|slp
|move|p2a: Amoonguss|Pollen Puff|p1b: Excadrill
|-resisted|p1b: Excadrill
|-damage|p1b: Excadrill|89/100
|
|-heal|p1a: Corviknight|100/100 slp|[from] item: Leftovers
|upkeep
|turn|5
|
|t:|1756790233
|-terastallize|p2b: Incineroar|Ghost
|move|p1b: Excadrill|Earthquake|p2b: Incineroar|[spread] p2a,p2b
|-immune|p1a: Corviknight
|-damage|p2a: Amoonguss|43/100
|-damage|p2b: Incineroar|32/100
|move|p2b: Incineroar|Flare Blitz|p1b: Excadrill
|-supereffective|p1b: Excadrill
|-damage|p1b: Excadrill|0 fnt
|faint|p1b: Excadrill
|-damage|p2b: Incineroar|4/100|[from] Recoil
|-curestatus|p1a: Corviknight|slp|[msg]
|move|p1a: Corviknight|Brave Bird|p2a: Amoonguss
|-supereffective|p2a: Amoonguss
|-damage|p2a: Amoonguss|0 fnt
|-damage|p1a: Corviknight|84/100|[from] item: Rocky Helmet|[of] p2a: Amoonguss
|faint|p2a: Amoonguss
|-damage|p1a: Corviknight|69/100|[from] Recoil
|
|-heal|p1a: Corviknight|75/100|[from] item: Leftovers
|upkeep
|inactive|Battle timer is ON: inactive players will automatically lose when time's up. (requested by enrique132132)
|
|t:|1756790250
|switch|p1b: Tyranitar|Tyranitar, L50, M|100/100
|switch|p2a: Porygon2|Porygon2, L50|100/100
|-weather|Sandstorm|[from] ability: Sand Stream|[of] p1b: Tyranitar
|-ability|p2a: Porygon2|Download|boost
|-boost|p2a: Porygon2|spa|1
|turn|6
|
|t:|1756790267
|-terastallize|p1b: Tyranitar|Flying
|move|p2b: Incineroar|Flare Blitz|p1a: Corviknight
|-supereffective|p1a: Corviknight
|-damage|p1a: Corviknight|45/100
|-status|p1a: Corviknight|brn
|-damage|p2b: Incineroar|0 fnt|[from] Recoil
|faint|p2b: Incineroar
|move|p1a: Corviknight|Brave Bird|p2a: Porygon2
|-damage|p2a: Porygon2|73/100
|-damage|p1a: Corviknight|37/100 brn|[from] Recoil
|move|p1b: Tyranitar|Tera Blast|p2a: Porygon2|[anim] Tera Blast Flying
|-damage|p2a: Porygon2|43/100
|move|p2a: Porygon2|Ice Beam|p1a: Corviknight
|-damage|p1a: Corviknight|3/100 brn
|
|-weather|Sandstorm|[upkeep]
|-damage|p1b: Tyranitar|95/100|[from] Sandstorm
|-damage|p2a: Porygon2|37/100|[from] Sandstorm
|-heal|p1a: Corviknight|9/100 brn|[from] item: Leftovers
|-damage|p1a: Corviknight|3/100 brn|[from] brn
|upkeep
|
|t:|1756790282
|switch|p2b: Ursaluna|Ursaluna, L50, M|95/100 brn
|turn|7
|
|t:|1756790298
|move|p2b: Ursaluna|Protect|p2b: Ursaluna
|-singleturn|p2b: Ursaluna|Protect
|move|p1a: Corviknight|Brave Bird|p2b: Ursaluna
|-activate|p2b: Ursaluna|move: Protect
|move|p1b: Tyranitar|Low Kick|p2b: Ursaluna
|-activate|p2b: Ursaluna|move: Protect
|move|p2a: Porygon2|Recover|p2a: Porygon2
|-heal|p2a: Porygon2|87/100
|
|-weather|Sandstorm|[upkeep]
|-damage|p1b: Tyranitar|89/100|[from] Sandstorm
|-damage|p2a: Porygon2|81/100|[from] Sandstorm
|-heal|p1a: Corviknight|9/100 brn|[from] item: Leftovers
|-damage|p1a: Corviknight|3/100 brn|[from] brn
|-damage|p2b: Ursaluna|89/100 brn|[from] brn
|upkeep
|turn|8
|
|t:|1756790315
|move|p1a: Corviknight|Brave Bird|p2a: Porygon2
|-damage|p2a: Porygon2|53/100
|-damage|p1a: Corviknight|0 fnt|[from] Recoil
|faint|p1a: Corviknight
|move|p2b: Ursaluna|Facade|p1b: Tyranitar
|-damage|p1b: Tyranitar|0 fnt
|faint|p1b: Tyranitar
|
|win|ddx9000
||enrique132132 is ready for game 3.
|inactive|ddx9000 has 30 seconds to confirm battle start!
||ddx9000 is ready for game 3.
|uhtml|next|Next: Game 3 of 3
|l|☆ddx9000
|player|p2|
|l|☆enrique132132
|player|p1|
|j|☆enrique132132
|player|p1|enrique132132|265|
