|j|☆rangersxx30
|j|☆PiplupTommyT
|html|rangersxx30PiplupTommyT    
|uhtml|bestof|Game 1 of a best-of-3
|t:|1756511899
|gametype|doubles
|player|p1|rangersxx30|hanbei-conquest|
|player|p2|PiplupTommyT|265|
|gen|9
|tier|[Gen 9] VGC 2025 Reg H (Bo3)
|rule|Species Clause: Limit one of each Pokémon
|rule|Item Clause: Limit 1 of each item
|clearpoke
|poke|p1|Sneasler, L50, M|
|poke|p1|Dragapult, L50, F|
|poke|p1|Rillaboom, L50, M|
|poke|p1|Farigiraf, L50, F|
|poke|p1|Ursaluna-Bloodmoon, L50, M|
|poke|p1|Incineroar, L50, M|
|poke|p2|Electabuzz, L50, M|
|poke|p2|Flamigo, L50, M|
|poke|p2|Rillaboom, L50, M|
|poke|p2|Volcarona, L50, F|
|poke|p2|Dragonite, L50, M|
|poke|p2|Primarina, L50, F|
|teampreview|4
|showteam|p1|Sneasler||FocusSash|PoisonTouch|DireClaw,CloseCombat,ThroatChop,Protect|||M|||50|,,,,,Dark]Dragapult||ChoiceBand|ClearBody|Outrage,PhantomForce,DragonDarts,Uturn|||F|||50|,,,,,Dragon]Rillaboom||AssaultVest|GrassySurge|Uturn,GrassyGlide,FakeOut,WoodHammer|||M|||50|,,,,,Fire]Farigiraf||ThroatSpray|ArmorTail|HyperVoice,Psychic,TrickRoom,Protect|||F|||50|,,,,,Grass]Ursaluna-Bloodmoon||LifeOrb|MindsEye|BloodMoon,HyperVoice,EarthPower,Protect|||M|||50|,,,,,Normal]Incineroar||SafetyGoggles|Intimidate|FakeOut,KnockOff,FlareBlitz,PartingShot|||M|||50|,,,,,Ghost
|showteam|p2|Electabuzz||Eviolite|VitalSpirit|Electroweb,Taunt,FollowMe,HelpingHand|||M|||50|,,,,,Ghost]Flamigo||FocusSash|Scrappy|CloseCombat,DualWingbeat,WideGuard,Detect|||M|||50|,,,,,Fighting]Rillaboom||AssaultVest|GrassySurge|GrassyGlide,DrumBeating,HighHorsepower,FakeOut|||M|||50|,,,,,Ground]Volcarona||CovertCloak|FlameBody|HeatWave,GigaDrain,QuiverDance,Protect|||F|||50|,,,,,Dragon]Dragonite||LoadedDice|Multiscale|ScaleShot,Tailwind,Haze,Protect|||M|||50|,,,,,Fairy]Primarina||ThroatSpray|LiquidVoice|HyperVoice,Moonblast,Encore,Protect|||F|||50|,,,,,Poison
|c|☆rangersxx30|link sent
|c|☆rangersxx30|glhf :)
|c|☆PiplupTommyT|u2 :)
|j| sharkssss
|j| JohnathanKirk
|j| sh4rkb41tftw
|j| L1mun
|j| Sogerto
|c| JohnathanKirk|Ohh shit
|c| sharkssss|wooo go pip
|c| JohnathanKirk|huge matchup
|c| L1mun|strongest in history vs strongest of today
|c| L1mun|lets get it boys
|c| sh4rkb41tftw|Bury some bodies Pip
|j| doritodealer
|c| JohnathanKirk|Who is strongest of today?
|
|t:|1756511984
|teamsize|p1|4
|teamsize|p2|4
|start
|switch|p1a: Sneasler|Sneasler, L50, M|100/100
|switch|p1b: Incineroar|Incineroar, L50, M, shiny|100/100
|switch|p2a: 39 Buried 0 Found|Flamigo, L50, M|100/100
|switch|p2b: The Teaser|Electabuzz, L50, M|100/100
|-ability|p1b: Incineroar|Intimidate|boost
|-fail|p2a: 39 Buried 0 Found|unboost|Attack|[from] ability: Scrappy|[of] p2a: 39 Buried 0 Found
|-unboost|p2b: The Teaser|atk|1
|turn|1
|c| JohnathanKirk|i seem to remember Pip getting packed up by a certain CC
|j| Kekerzz
|j| Spud5You
|c| JohnathanKirk|(No pressure)
|
|t:|1756512032
|move|p2a: 39 Buried 0 Found|Detect|p2a: 39 Buried 0 Found
|-singleturn|p2a: 39 Buried 0 Found|Protect
|move|p1b: Incineroar|Fake Out|p2a: 39 Buried 0 Found
|-activate|p2a: 39 Buried 0 Found|move: Protect
|move|p1a: Sneasler|Close Combat|p2b: The Teaser
|-damage|p2b: The Teaser|42/100
|-unboost|p1a: Sneasler|def|1
|-unboost|p1a: Sneasler|spd|1
|move|p2b: The Teaser|Electroweb|p1a: Sneasler|[spread] p1a,p1b
|-damage|p1a: Sneasler|71/100
|-damage|p1b: Incineroar|89/100
|-unboost|p1a: Sneasler|spe|1
|-unboost|p1b: Incineroar|spe|1
|
|upkeep
|turn|2
|c| L1mun|that was the old him
|l| JohnathanKirk
|j| JohnathanKirk
|
|t:|1756512096
|move|p1a: Sneasler|Protect|p1a: Sneasler
|-singleturn|p1a: Sneasler|Protect
|move|p2b: The Teaser|Follow Me|p2b: The Teaser
|-singleturn|p2b: The Teaser|move: Follow Me
|move|p2a: 39 Buried 0 Found|Close Combat|p1b: Incineroar
|-supereffective|p1b: Incineroar
|-damage|p1b: Incineroar|0 fnt
|-unboost|p2a: 39 Buried 0 Found|def|1
|-unboost|p2a: 39 Buried 0 Found|spd|1
|faint|p1b: Incineroar
|
|upkeep
|
|t:|1756512105
|switch|p1b: Dragapult|Dragapult, L50, F|100/100
|turn|3
|
|t:|1756512138
|move|p2b: The Teaser|Follow Me|p2b: The Teaser
|-singleturn|p2b: The Teaser|move: Follow Me
|move|p1b: Dragapult|Dragon Darts|p2b: The Teaser
|-damage|p2b: The Teaser|7/100
|-anim|p1b: Dragapult|Dragon Darts|p2b: The Teaser
|-damage|p2b: The Teaser|0 fnt
|faint|p2b: The Teaser
|move|p2a: 39 Buried 0 Found|Dual Wingbeat|p1a: Sneasler
|-supereffective|p1a: Sneasler
|-damage|p1a: Sneasler|0 fnt
|faint|p1a: Sneasler
|-hitcount|p1: Sneasler|1
|
|upkeep
|
|t:|1756512156
|switch|p1a: Rillaboom|Rillaboom, L50, M|100/100
|switch|p2b: Bad Mega|Dragonite, L50, M, shiny|100/100
|-fieldstart|move: Grassy Terrain|[from] ability: Grassy Surge|[of] p1a: Rillaboom
|turn|4
|
|t:|1756512178
|-terastallize|p1a: Rillaboom|Fire
|move|p2a: 39 Buried 0 Found|Detect|p2a: 39 Buried 0 Found
|-singleturn|p2a: 39 Buried 0 Found|Protect
|move|p2b: Bad Mega|Protect|p2b: Bad Mega
|-singleturn|p2b: Bad Mega|Protect
|move|p1a: Rillaboom|Fake Out|p2b: Bad Mega
|-activate|p2b: Bad Mega|move: Protect
|move|p1b: Dragapult|Dragon Darts|p2a: 39 Buried 0 Found
|-activate|p2b: Bad Mega|move: Protect
|
|upkeep
|turn|5
|
|t:|1756512196
|-terastallize|p2b: Bad Mega|Fairy
|move|p1b: Dragapult|Dragon Darts|p2a: 39 Buried 0 Found
|-damage|p2a: 39 Buried 0 Found|18/100
|-anim|p1b: Dragapult|Dragon Darts|p2a: 39 Buried 0 Found
|-damage|p2a: 39 Buried 0 Found|0 fnt
|faint|p2a: 39 Buried 0 Found
|move|p2b: Bad Mega|Scale Shot|p1a: Rillaboom
|-damage|p1a: Rillaboom|85/100
|-damage|p1a: Rillaboom|69/100
|-damage|p1a: Rillaboom|55/100
|-damage|p1a: Rillaboom|40/100
|-hitcount|p1a: Rillaboom|4
|-unboost|p2b: Bad Mega|def|1
|-boost|p2b: Bad Mega|spe|1
|move|p1a: Rillaboom|Wood Hammer|p2b: Bad Mega
|-damage|p2b: Bad Mega|33/100
|-damage|p1a: Rillaboom|21/100|[from] Recoil
|
|-heal|p2b: Bad Mega|39/100|[from] Grassy Terrain
|-heal|p1a: Rillaboom|27/100|[from] Grassy Terrain
|upkeep
|
|t:|1756512215
|switch|p2a: Elijah|Rillaboom, L50, M|100/100
|turn|6
|
|t:|1756512231
|move|p2a: Elijah|Fake Out|p1a: Rillaboom
|-damage|p1a: Rillaboom|13/100
|cant|p1a: Rillaboom|flinch
|move|p2b: Bad Mega|Scale Shot|p1a: Rillaboom
|-damage|p1a: Rillaboom|0 fnt
|faint|p1a: Rillaboom
|-hitcount|p1: Rillaboom|1
|-unboost|p2b: Bad Mega|def|1
|-boost|p2b: Bad Mega|spe|1
|move|p1b: Dragapult|Dragon Darts|p2a: Elijah
|-crit|p2a: Elijah
|-damage|p2a: Elijah|45/100
|-anim|p1b: Dragapult|Dragon Darts|p2a: Elijah
|-damage|p2a: Elijah|9/100
|
|-heal|p2b: Bad Mega|45/100|[from] Grassy Terrain
|-heal|p2a: Elijah|15/100|[from] Grassy Terrain
|upkeep
|turn|7
|c| Spud5You|dude dragon darts doesnt direct if its a fairy type?
|c|☆rangersxx30|gg
|c| Spud5You|thats crazy dude
|l| JohnathanKirk
|c|☆rangersxx30|yeah its so broken
|
|t:|1756512252
|move|p2b: Bad Mega|Scale Shot|p1b: Dragapult
|-supereffective|p1b: Dragapult
|-damage|p1b: Dragapult|63/100
|-supereffective|p1b: Dragapult
|-damage|p1b: Dragapult|21/100
|-supereffective|p1b: Dragapult
|-damage|p1b: Dragapult|0 fnt
|faint|p1b: Dragapult
|-hitcount|p1: Dragapult|3
|
|win|PiplupTommyT
||rangersxx30 is ready for game 2.
||PiplupTommyT is ready for game 2.
|uhtml|next|Next: Game 2 of 3
|j| JohnathanKirk
|l| JohnathanKirk
|l| sharkssss
|l| L1mun
|l| sh4rkb41tftw
|j| ZeraSora
|j| SistasUnited
|l| Sogerto
|l| SistasUnited
|l| ZeraSora
|l| Kekerzz
|l| doritodealer
|j| When.What.How
|l| When.What.How
