|j|â˜†wizoarkvgc
|j|â˜†TailwindMakeItRain
|html|wizoarkvgcTailwindMakeItRain    
|uhtml|bestof|Game 3 of a best-of-3
|t:|1755530535
|gametype|doubles
|player|p1|wizoarkvgc|pokekid|1306
|player|p2|TailwindMakeItRain|iris|1448
|gen|9
|tier|[Gen 9] VGC 2025 Reg H (Bo3)
|rated|
|rule|Species Clause: Limit one of each PokÃ©mon
|rule|Item Clause: Limit 1 of each item
|clearpoke
|poke|p1|Excadrill, L50, F|
|poke|p1|Tyranitar, L50, M|
|poke|p1|Dragonite, L50, M|
|poke|p1|Primarina, L50, M|
|poke|p1|Rotom-Heat, L50|
|poke|p1|Sinistcha, L50|
|poke|p2|Gholdengo, L50|
|poke|p2|Incineroar, L50, M|
|poke|p2|Electabuzz, L50, F|
|poke|p2|Dragonite, L50, M|
|poke|p2|Sneasler, L50, F|
|poke|p2|Ursaluna-Bloodmoon, L50, M|
|teampreview|4
|showteam|p1|Excadrill||ClearAmulet|SandRush|Protect,HighHorsepower,IronHead,Earthquake|||F|||50|,,,,,Grass]Tyranitar||AssaultVest|SandStream|RockSlide,KnockOff,TeraBlast,LowKick|||M|||50|,,,,,Flying]Dragonite||ChoiceBand|InnerFocus|Outrage,ExtremeSpeed,IceSpinner,AerialAce|||M|||50|,,,,,Normal]Primarina||ThroatSpray|LiquidVoice|HyperVoice,Moonblast,Haze,Protect|||M|||50|,,,,,Grass]Rotom-Heat||SafetyGoggles|Levitate|Overheat,Thunderbolt,WillOWisp,Protect||||||50|,,,,,Electric]Sinistcha||SitrusBerry|Hospitality|MatchaGotcha,LifeDew,RagePowder,TrickRoom||||||50|,,,,,Fairy
|showteam|p2|Gholdengo||LifeOrb|GoodasGold|MakeItRain,ShadowBall,NastyPlot,Protect||||||50|,,,,,Water]Incineroar||MirrorHerb|Intimidate|PartingShot,FlareBlitz,KnockOff,FakeOut|||M|||50|,,,,,Ghost]Electabuzz||Eviolite|VitalSpirit|FollowMe,Electroweb,Taunt,Protect|||F|||50|,,,,,Fairy]Dragonite||LoadedDice|Multiscale|ScaleShot,Tailwind,Haze,Protect|||M|||50|,,,,,Fairy]Sneasler||FocusSash|Unburden|DireClaw,CloseCombat,ThroatChop,Protect|||F|||50|,,,,,Stellar]Ursaluna-Bloodmoon||AssaultVest|MindsEye|BloodMoon,EarthPower,HyperVoice,VacuumWave|||M|||50|,,,,,Normal
|inactive|Battle timer is ON: inactive players will automatically lose when time's up. (requested by TailwindMakeItRain)
|inactive|wizoarkvgc has 60 seconds left.
|
|t:|1755530581
|teamsize|p1|4
|teamsize|p2|4
|start
|switch|p1a: Tyranitar|Tyranitar, L50, M|100/100
|switch|p1b: Dragonite|Dragonite, L50, M|100/100
|switch|p2a: Sneasler|Sneasler, L50, F|100/100
|switch|p2b: Ursaluna|Ursaluna-Bloodmoon, L50, M|100/100
|-weather|Sandstorm|[from] ability: Sand Stream|[of] p1a: Tyranitar
|turn|1
|inactive|wizoarkvgc has 30 seconds left.
|inactive|wizoarkvgc has 20 seconds left.
|inactive|wizoarkvgc has 15 seconds left.
|inactive|wizoarkvgc has 10 seconds left.
|
|t:|1755530630
|switch|p2b: Gholdengo|Gholdengo, L50|100/100
|-terastallize|p1a: Tyranitar|Flying
|move|p2a: Sneasler|Dire Claw|p1a: Tyranitar
|-damage|p1a: Tyranitar|68/100
|-status|p1a: Tyranitar|par
|move|p1b: Dragonite|Outrage|p2a: Sneasler
|-enditem|p2a: Sneasler|Focus Sash
|-damage|p2a: Sneasler|1/100
|cant|p1a: Tyranitar|par
|
|-weather|Sandstorm|[upkeep]
|-damage|p2a: Sneasler|0 fnt|[from] Sandstorm
|-damage|p1b: Dragonite|95/100|[from] Sandstorm
|-damage|p1a: Tyranitar|62/100 par|[from] Sandstorm
|faint|p2a: Sneasler
|upkeep
|l|â˜†TailwindMakeItRain
|inactive|TailwindMakeItRain disconnected and has a minute to reconnect!
|player|p2|
|j|â˜†TailwindMakeItRain
|inactive|TailwindMakeItRain reconnected and has 50 seconds left.
|player|p2|TailwindMakeItRain|iris|
|
|t:|1755530643
|switch|p2a: Dragonite|Dragonite, L50, M|100/100
|turn|2
|inactive|TailwindMakeItRain has 30 seconds left.
|
|t:|1755530676
|-terastallize|p2a: Dragonite|Fairy
|move|p2b: Gholdengo|Protect|p2b: Gholdengo
|-singleturn|p2b: Gholdengo|Protect
|move|p2a: Dragonite|Scale Shot|p1a: Tyranitar
|-damage|p1a: Tyranitar|49/100 par
|-damage|p1a: Tyranitar|37/100 par
|-damage|p1a: Tyranitar|24/100 par
|-crit|p1a: Tyranitar
|-damage|p1a: Tyranitar|5/100 par
|-damage|p1a: Tyranitar|0 fnt
|faint|p1a: Tyranitar
|-hitcount|p1: Tyranitar|5
|-unboost|p2a: Dragonite|def|1
|-boost|p2a: Dragonite|spe|1
|move|p1b: Dragonite|Outrage|p2b: Gholdengo|[from] lockedmove
|-activate|p2b: Gholdengo|move: Protect
|
|-weather|Sandstorm|[upkeep]
|-damage|p2a: Dragonite|95/100|[from] Sandstorm
|-damage|p1b: Dragonite|89/100|[from] Sandstorm
|upkeep
|
|t:|1755530689
|switch|p1a: Excadrill|Excadrill, L50, F|100/100
|turn|3
|
|t:|1755530710
|switch|p2a: Ursaluna|Ursaluna-Bloodmoon, L50, M|100/100
|move|p1a: Excadrill|Earthquake|p2b: Gholdengo|[spread] p2a,p2b
|-immune|p1b: Dragonite
|-supereffective|p2b: Gholdengo
|-damage|p2a: Ursaluna|69/100
|-damage|p2b: Gholdengo|17/100
|move|p2b: Gholdengo|Shadow Ball|p1a: Excadrill
|-damage|p1a: Excadrill|30/100
|-damage|p2b: Gholdengo|7/100|[from] item: Life Orb
|move|p1b: Dragonite|Outrage|p2b: Gholdengo
|-resisted|p2b: Gholdengo
|-damage|p2b: Gholdengo|0 fnt
|faint|p2b: Gholdengo
|
|-weather|Sandstorm|[upkeep]
|-damage|p1b: Dragonite|83/100|[from] Sandstorm
|upkeep
|
|t:|1755530714
|switch|p2b: Dragonite|Dragonite, L50, M, tera:Fairy|95/100
|turn|4
|inactive|wizoarkvgc has 30 seconds left.
|l|â˜†TailwindMakeItRain
|inactive|TailwindMakeItRain disconnected and has a minute to reconnect!
|player|p2|
|inactive|wizoarkvgc has 20 seconds left.
|inactive|wizoarkvgc has 15 seconds left.
|inactive|wizoarkvgc has 10 seconds left.
|j|â˜†TailwindMakeItRain
|inactive|TailwindMakeItRain reconnected.
|player|p2|TailwindMakeItRain|iris|
|inactive|wizoarkvgc has 5 seconds left.
|
|t:|1755530766
|move|p2a: Ursaluna|Vacuum Wave|p1a: Excadrill
|-supereffective|p1a: Excadrill
|-damage|p1a: Excadrill|0 fnt
|faint|p1a: Excadrill
|move|p2b: Dragonite|Scale Shot|p1b: Dragonite
|-supereffective|p1b: Dragonite
|-damage|p1b: Dragonite|53/100
|-supereffective|p1b: Dragonite
|-crit|p1b: Dragonite
|-damage|p1b: Dragonite|11/100
|-supereffective|p1b: Dragonite
|-damage|p1b: Dragonite|0 fnt
|faint|p1b: Dragonite
|-hitcount|p1: Dragonite|3
|-unboost|p2b: Dragonite|def|1
|-boost|p2b: Dragonite|spe|1
|
|-weather|Sandstorm|[upkeep]
|-damage|p2b: Dragonite|89/100|[from] Sandstorm
|upkeep
|
|t:|1755530771
|switch|p1b: Primarina|Primarina, L50, M|100/100
|turn|5
|
|t:|1755530786
|move|p1b: Primarina|Protect|p1b: Primarina
|-singleturn|p1b: Primarina|Protect
|move|p2b: Dragonite|Tailwind|p2b: Dragonite
|-sidestart|p2: TailwindMakeItRain|move: Tailwind
|move|p2a: Ursaluna|Earth Power|p1b: Primarina
|-activate|p1b: Primarina|move: Protect
|
|-weather|none
|upkeep
|turn|6
|
|t:|1755530796
|move|p2b: Dragonite|Haze|p2b: Dragonite
|-clearallboost
|move|p2a: Ursaluna|Blood Moon|p1b: Primarina
|-damage|p1b: Primarina|25/100
|move|p1b: Primarina|Hyper Voice|p2a: Ursaluna|[spread] p2a,p2b
|-supereffective|p2a: Ursaluna
|-damage|p2a: Ursaluna|14/100
|-damage|p2b: Dragonite|47/100
|-enditem|p1b: Primarina|Throat Spray
|-boost|p1b: Primarina|spa|1|[from] item: Throat Spray
|
|upkeep
|turn|7
|
|t:|1755530811
|move|p2b: Dragonite|Tailwind||[still]
|-fail|p2b: Dragonite
|move|p2a: Ursaluna|Earth Power|p1b: Primarina
|-damage|p1b: Primarina|0 fnt
|faint|p1b: Primarina
|
|win|TailwindMakeItRain
|raw|wizoarkvgc's rating: 1306 → 1294(-12 for losing)
|raw|TailwindMakeItRain's rating: 1448 → 1460(+12 for winning)
