|j|☆bob8787
|j|‽Volcano0
|html|bob8787Volcano0    
|uhtml|bestof|Game 1 of a best-of-3
|t:|1784406820
|gametype|doubles
|player|p1|bob8787|170|1081
|player|p2|Volcano0|n|1001
|gen|9
|tier|[Gen 9 Champions] VGC 2026 Reg M-B (Bo3)
|rated|
|rule|Species Clause: Limit one of each Pokémon
|rule|Item Clause: Limit 1 of each item
|clearpoke
|poke|p1|Aggron, L50, F|
|poke|p1|Sinistcha, L50|
|poke|p1|Farigiraf, L50, M|
|poke|p1|Alakazam, L50, M|
|poke|p1|Meowstic, L50, M|
|poke|p1|Hatterene, L50, F|
|poke|p2|Blaziken, L50, F|
|poke|p2|Kingambit, L50, F|
|poke|p2|Sinistcha-Masterpiece, L50|
|poke|p2|Floette-Eternal, L50, F|
|poke|p2|Whimsicott, L50, M|
|poke|p2|Garchomp, L50, M|
|teampreview|4
|showteam|p1|Aggron||Aggronite|RockHead|BodyPress,HeavySlam,IronDefense,HeadSmash|Relaxed||F|||50|]Sinistcha||Leftovers|Hospitality|RagePowder,ShadowBall,TrickRoom,MatchaGotcha|Calm|||||50|]Farigiraf||MentalHerb|ArmorTail|HelpingHand,TrickRoom,ExpandingForce,Imprison|Sassy||M|||50|]Alakazam||Alakazite|Synchronize|SpeedSwap,ExpandingForce,DazzlingGleam,Substitute|Timid||M|||50|]Meowstic||FocusSash|Prankster|PsychicTerrain,ExpandingForce,TrickRoom,LightScreen|Modest||M|||50|]Hatterene||LifeOrb|MagicBounce|ExpandingForce,DazzlingGleam,MysticalFire,TrickRoom|Quiet||F|||50|
|showteam|p2|Blaziken||Blazikenite|SpeedBoost|FlareBlitz,CloseCombat,Detect,RockSlide|Adamant||F|||50|]Kingambit||BlackGlasses|Defiant|KowtowCleave,Protect,SuckerPunch,IronHead|Adamant||F|||50|]Sinistcha-Masterpiece||SitrusBerry|Hospitality|MatchaGotcha,TrickRoom,RagePowder,ShadowBall|Bold|||||50|]Floette-Eternal||Floettite|FlowerVeil|Moonblast,LightofRuin,DazzlingGleam,Protect|Timid||F|||50|]Whimsicott||FocusSash|Prankster|Moonblast,SunnyDay,Encore,Tailwind|Timid||M|||50|]Garchomp||LifeOrb|RoughSkin|StompingTantrum,RockSlide,DragonClaw,Protect|Jolly||M|||50|
|inactive|Battle timer is ON: inactive players will automatically lose when time's up. (requested by Volcano0)
|inactive|bob8787 has 60 seconds left.
|
|t:|1784406853
|teamsize|p1|4
|teamsize|p2|4
|start
|switch|p1a: Alakazam|Alakazam, L50, M|100/100
|switch|p1b: Meowstic|Meowstic, L50, M|100/100
|switch|p2a: Sinistcha|Sinistcha-Masterpiece, L50|100/100
|switch|p2b: Floette|Floette-Eternal, L50, F|100/100
|turn|1
|
|t:|1784406868
|detailschange|p1a: Alakazam|Alakazam-Mega, L50, M
|-mega|p1a: Alakazam|Alakazam|Alakazite
|-ability|p1a: Alakazam|Hospitality|Trace|[from] ability: Trace|[of] p2a: Sinistcha
|detailschange|p2b: Floette|Floette-Mega, L50, F
|-mega|p2b: Floette|Floette|Floettite
|-ability|p2b: Floette|Fairy Aura
|move|p1b: Meowstic|Psychic Terrain|p1b: Meowstic
|-fieldstart|move: Psychic Terrain
|move|p1a: Alakazam|Expanding Force|p2a: Sinistcha|[spread] p2a,p2b
|-damage|p2a: Sinistcha|25/100
|-damage|p2b: Floette|35/100
|-enditem|p2a: Sinistcha|Sitrus Berry|[eat]
|-heal|p2a: Sinistcha|50/100g|[from] item: Sitrus Berry
|move|p2b: Floette|Dazzling Gleam|p1a: Alakazam|[spread] p1a,p1b
|-damage|p1a: Alakazam|37/100
|-damage|p1b: Meowstic|37/100
|move|p2a: Sinistcha|Shadow Ball|p1a: Alakazam
|-supereffective|p1a: Alakazam|1
|-damage|p1a: Alakazam|0 fnt
|faint|p1a: Alakazam
|
|upkeep
|
|t:|1784406893
|switch|p1a: Aggron|Aggron, L50, F|100/100
|turn|2
|inactive|bob8787 has 30 seconds left.
|
|t:|1784406920
|move|p2b: Floette|Light of Ruin|p1a: Aggron
|-resisted|p1a: Aggron|1
|-damage|p1a: Aggron|30/100
|-damage|p2b: Floette|1/100|[from] Recoil
|move|p1b: Meowstic|Expanding Force|p2b: Floette|[spread] p2a,p2b
|-damage|p2a: Sinistcha|1/100
|-damage|p2b: Floette|0 fnt
|faint|p2b: Floette
|move|p2a: Sinistcha|Shadow Ball|p1a: Aggron
|-damage|p1a: Aggron|0 fnt
|faint|p1a: Aggron
|
|upkeep
|
|t:|1784406931
|switch|p2b: Garchomp|Garchomp, L50, M|100/100
|switch|p1a: Hatterene|Hatterene, L50, F|100/100
|turn|3
|
|t:|1784406945
|move|p1b: Meowstic|Light Screen|p1b: Meowstic
|-sidestart|p1: bob8787|move: Light Screen
|move|p2b: Garchomp|Stomping Tantrum|p1a: Hatterene
|-damage|p1a: Hatterene|45/100
|-damage|p2b: Garchomp|90/100|[from] item: Life Orb
|move|p2a: Sinistcha|Matcha Gotcha|p1b: Meowstic|[spread] p1a
|-miss|p2a: Sinistcha|p1b: Meowstic
|-damage|p1a: Hatterene|29/100
|-heal|p2a: Sinistcha|8/100|[from] drain|[of] p1a: Hatterene
|move|p1a: Hatterene|Dazzling Gleam|p2a: Sinistcha|[spread] p2a,p2b
|-supereffective|p2b: Garchomp|1
|-damage|p2a: Sinistcha|0 fnt
|-damage|p2b: Garchomp|0 fnt
|faint|p2a: Sinistcha
|faint|p2b: Garchomp
|-damage|p1a: Hatterene|19/100|[from] item: Life Orb
|
|upkeep
|
|t:|1784406958
|switch|p2a: Whimsicott|Whimsicott, L50, M|100/100
|turn|4
|
|t:|1784406965
|move|p2a: Whimsicott|Moonblast|p1a: Hatterene
|-damage|p1a: Hatterene|0 fnt
|faint|p1a: Hatterene
|move|p1b: Meowstic|Expanding Force|p2a: Whimsicott
|-enditem|p2a: Whimsicott|Focus Sash
|-damage|p2a: Whimsicott|1/100
|
|upkeep
|turn|5
|
|t:|1784406972
|move|p2a: Whimsicott|Moonblast|p1b: Meowstic
|-damage|p1b: Meowstic|5/100
|move|p1b: Meowstic|Expanding Force|p2a: Whimsicott
|-damage|p2a: Whimsicott|0 fnt
|faint|p2a: Whimsicott
|
|win|bob8787
