|j|☆Diglett1
|j|☆GuardianGamer101
|html|Diglett1GuardianGamer101    
|uhtml|bestof|Game 2 of a best-of-3
|t:|1783313695
|gametype|doubles
|player|p1|Diglett1|swimmer|
|player|p2|GuardianGamer101|lass-gen4dp|
|gen|9
|tier|[Gen 9 Champions] VGC 2026 Reg M-B (Bo3)
|rule|Species Clause: Limit one of each Pokémon
|rule|Item Clause: Limit 1 of each item
|clearpoke
|poke|p1|Meowstic, L50, M, shiny|
|poke|p1|Torkoal, L50, M|
|poke|p1|Kingambit, L50, F|
|poke|p1|Garchomp, L50, M, shiny|
|poke|p1|Delphox, L50, M, shiny|
|poke|p1|Farigiraf, L50, M, shiny|
|poke|p2|Scovillain, L50, F|
|poke|p2|Feraligatr, L50, F|
|poke|p2|Sylveon, L50, F|
|poke|p2|Kingambit, L50, M|
|poke|p2|Ceruledge, L50, M, shiny|
|poke|p2|Aerodactyl, L50, F|
|teampreview|4
|showteam|p1|Meowstic||FocusSash|Prankster|SkillSwap,FakeOut,PsychicTerrain,Protect|Sassy||M|||50|]Torkoal||HeatRock|Drought|Eruption,Flamethrower,Protect,StealthRock|Bold||M|||50|]Kingambit||LumBerry|SupremeOverlord|SuckerPunch,SwordsDance,KowtowCleave,IronHead|Adamant||F|||50|]Garchomp||ChoiceScarf|RoughSkin|RockSlide,Earthquake,IronHead,DragonClaw|Jolly||M|||50|]Delphox||Delphoxite|Blaze|Flamethrower,DazzlingGleam,ExpandingForce,Substitute|Timid||M|||50|]Farigiraf||Leftovers|ArmorTail|TrickRoom,Psychic,HyperVoice,Protect|Sassy||M|||50|
|showteam|p2|Scovillain||Scovillainite|Moody|Overheat,LeechSeed,RagePowder,Protect|Calm||F|||50|]Feraligatr||LifeOrb|SheerForce|Liquidation,RockSlide,DragonDance,Protect|Adamant||F|||50|]Sylveon||FairyFeather|Pixilate|HyperVoice,HyperBeam,QuickAttack,Detect|Modest||F|||50|]Kingambit||ChopleBerry|Defiant|SuckerPunch,KowtowCleave,IronHead,Protect|Adamant||M|||50|]Ceruledge||Charcoal|FlashFire|BitterBlade,ThroatChop,BulkUp,Protect|Adamant||M|||50|]Aerodactyl||FocusSash|Unnerve|RockSlide,DualWingbeat,Tailwind,WideGuard|Jolly||F|||50|
|inactive|Battle timer is ON: inactive players will automatically lose when time's up. (requested by GuardianGamer101)
|j| ShmebKing
|
|t:|1783313718
|teamsize|p1|4
|teamsize|p2|4
|start
|switch|p1a: Big Man|Torkoal, L50, M|100/100
|switch|p1b: Andy's whore wife|Delphox, L50, M, shiny|100/100
|switch|p2a: Basc at home|Feraligatr, L50, F|100/100
|switch|p2b: Aerodactyl|Aerodactyl, L50, F|100/100
|-ability|p2b: Aerodactyl|Unnerve
|-weather|SunnyDay|[from] ability: Drought|[of] p1a: Big Man
|turn|1
|
|t:|1783313734
|switch|p1b: Racist|Kingambit, L50, F|100/100
|move|p1a: Big Man|Protect|p1a: Big Man
|-singleturn|p1a: Big Man|Protect
|move|p2b: Aerodactyl|Rock Slide|p1a: Big Man|[spread] p1b
|-activate|p1a: Big Man|move: Protect
|-resisted|p1b: Racist|1
|-damage|p1b: Racist|89/100
|move|p2a: Basc at home|Rock Slide|p1b: Racist|[spread] p1b
|-activate|p1a: Big Man|move: Protect
|-resisted|p1b: Racist|1
|-damage|p1b: Racist|77/100
|
|-weather|SunnyDay|[upkeep]
|upkeep
|turn|2
|inactive|Diglett1 has 30 seconds left.
|inactive|Diglett1 has 20 seconds left.
|inactive|GuardianGamer101 has 30 seconds left.
|inactive|Diglett1 has 15 seconds left.
|inactive|GuardianGamer101 has 20 seconds left.
|inactive|GuardianGamer101 has 15 seconds left.
|
|t:|1783313785
|switch|p2a: Ceruledge|Ceruledge, L50, M, shiny|100/100
|move|p1a: Big Man|Protect|p1a: Big Man
|-singleturn|p1a: Big Man|Protect
|move|p2b: Aerodactyl|Tailwind|p2b: Aerodactyl
|-sidestart|p2: GuardianGamer101|move: Tailwind
|move|p1b: Racist|Kowtow Cleave|p2b: Aerodactyl
|-damage|p2b: Aerodactyl|21/100
|
|-weather|SunnyDay|[upkeep]
|upkeep
|turn|3
|
|t:|1783313803
|move|p1a: Big Man|Protect||[still]
|-fail|p1a: Big Man
|move|p1b: Racist|Sucker Punch||[still]
|-fail|p1b: Racist
|move|p2b: Aerodactyl|Rock Slide|p1b: Racist|[spread] p1a,p1b
|-supereffective|p1a: Big Man|1
|-resisted|p1b: Racist|1
|-damage|p1a: Big Man|69/100
|-damage|p1b: Racist|69/100
|move|p2a: Ceruledge|Bulk Up|p2a: Ceruledge
|-boost|p2a: Ceruledge|atk|1
|-boost|p2a: Ceruledge|def|1
|
|-weather|SunnyDay|[upkeep]
|upkeep
|turn|4
|inactive|GuardianGamer101 has 30 seconds left.
|
|t:|1783313828
|switch|p1a: Andy's whore wife|Delphox, L50, M, shiny|100/100
|move|p2b: Aerodactyl|Rock Slide|p1b: Racist|[spread] p1a,p1b
|-supereffective|p1a: Andy's whore wife|1
|-resisted|p1b: Racist|1
|-damage|p1a: Andy's whore wife|24/100
|-damage|p1b: Racist|60/100
|move|p2a: Ceruledge|Bitter Blade|p1b: Racist
|-supereffective|p1b: Racist|1
|-damage|p1b: Racist|0 fnt
|faint|p1b: Racist
|-end|p1b: Racist|fallenundefined|[silent]
|
|-weather|SunnyDay|[upkeep]
|upkeep
|
|t:|1783313832
|switch|p1b: Big Man|Torkoal, L50, M|69/100
|turn|5
|inactive|Diglett1 has 30 seconds left.
|
|t:|1783313866
|switch|p1b: Le Mon|Meowstic, L50, M, shiny|100/100
|detailschange|p1a: Andy's whore wife|Delphox-Mega, L50, M, shiny
|-mega|p1a: Andy's whore wife|Delphox|Delphoxite
|move|p2b: Aerodactyl|Rock Slide|p1a: Andy's whore wife|[spread] p1a
|-miss|p2b: Aerodactyl|p1b: Le Mon
|-supereffective|p1a: Andy's whore wife|1
|-damage|p1a: Andy's whore wife|0 fnt
|faint|p1a: Andy's whore wife
|move|p2a: Ceruledge|Bitter Blade|p1b: Le Mon
|-enditem|p1b: Le Mon|Focus Sash
|-damage|p1b: Le Mon|1/100
|
|-weather|SunnyDay|[upkeep]
|-sideend|p2: GuardianGamer101|move: Tailwind
|upkeep
|
|t:|1783313868
|switch|p1a: Big Man|Torkoal, L50, M|69/100
|turn|6
|inactive|GuardianGamer101 has 30 seconds left.
|inactive|GuardianGamer101 has 20 seconds left.
|
|t:|1783313906
|move|p1b: Le Mon|Psychic Terrain|p1b: Le Mon
|-fieldstart|move: Psychic Terrain
|move|p2b: Aerodactyl|Rock Slide|p1a: Big Man|[spread] p1b
|-miss|p2b: Aerodactyl|p1a: Big Man
|-damage|p1b: Le Mon|0 fnt
|faint|p1b: Le Mon
|move|p2a: Ceruledge|Bitter Blade|p1a: Big Man
|-resisted|p1a: Big Man|1
|-damage|p1a: Big Man|37/100
|move|p1a: Big Man|Flamethrower|p2a: Ceruledge
|-start|p2a: Ceruledge|ability: Flash Fire
|
|-weather|SunnyDay|[upkeep]
|upkeep
|turn|7
|inactive|Diglett1 has 30 seconds left.
|inactive|Diglett1 has 20 seconds left.
|inactive|Diglett1 has 15 seconds left.
|
|t:|1783313950
|move|p2b: Aerodactyl|Rock Slide|p1a: Big Man
|-supereffective|p1a: Big Man|1
|-damage|p1a: Big Man|0 fnt
|faint|p1a: Big Man
|
|win|GuardianGamer101
|l|☆Diglett1
|player|p1|
|l| ShmebKing
|j| ShmebKing
