|j|☆SeptemberCup
|j|☆Blitzball Ace
|html|SeptemberCupBlitzball Ace    
|uhtml|bestof|Game 1 of a best-of-3
|t:|1757211330
|gametype|doubles
|player|p1|SeptemberCup|colress|1198
|player|p2|Blitzball Ace|kamado-armor|1255
|gen|9
|tier|[Gen 9] VGC 2025 Reg H (Bo3)
|rated|
|rule|Species Clause: Limit one of each Pokémon
|rule|Item Clause: Limit 1 of each item
|clearpoke
|poke|p1|Spewpa, L50, F|
|poke|p1|Malamar, L50, F|
|poke|p1|Drifblim, L50, M|
|poke|p1|Indeedee, L50, M|
|poke|p1|Excadrill, L50, M|
|poke|p1|Tyranitar, L50, M|
|poke|p2|Porygon2, L50|
|poke|p2|Incineroar, L50, F|
|poke|p2|Ursaluna, L50, M|
|poke|p2|Amoonguss, L50, M|
|poke|p2|Gholdengo, L50|
|poke|p2|Dragonite, L50, F|
|teampreview|4
|showteam|p1|Spewpa||Eviolite|FriendGuard|RagePowder,StringShot,StruggleBug,Protect|||F|||50|,,,,,Water]Malamar||CovertCloak|Contrary|Superpower,KnockOff,TopsyTurvy,Protect|||F|||50|,,,,,Poison]Drifblim||PsychicSeed|Unburden|Minimize,BatonPass,ShadowBall,Tailwind|||M|||50|,,,,,Dark]Indeedee||ChoiceSpecs|PsychicSurge|ExpandingForce,DazzlingGleam,TeraBlast,Trick|||M|||50|,,,,,Fighting]Excadrill||FocusSash|SandRush|HighHorsepower,IronHead,Earthquake,Protect|||M|||50|,,,,,Stellar]Tyranitar||AssaultVest|SandStream|TeraBlast,RockSlide,KnockOff,LowKick|||M|||50|,,,,,Flying
|showteam|p2|Porygon2||Eviolite|Download|TeraBlast,IceBeam,Recover,TrickRoom||||||50|,,,,,Fighting]Incineroar||SafetyGoggles|Intimidate|FakeOut,KnockOff,FlareBlitz,PartingShot|||F|||50|,,,,,Ghost]Ursaluna||FlameOrb|Guts|HeadlongRush,Facade,Earthquake,Protect|||M|||50|,,,,,Ghost]Amoonguss||SitrusBerry|Regenerator|PollenPuff,Spore,RagePowder,Protect|||M|||50|,,,,,Water]Gholdengo||LifeOrb|GoodasGold|MakeItRain,ShadowBall,NastyPlot,Protect||||||50|,,,,,Dragon]Dragonite||LoadedDice|Multiscale|ScaleShot,Haze,Tailwind,Protect|||F|||50|,,,,,Steel
|inactive|Battle timer is ON: inactive players will automatically lose when time's up. (requested by SeptemberCup)
|
|t:|1757211398
|teamsize|p1|4
|teamsize|p2|4
|start
|switch|p1a: CONFETI!!!|Spewpa, L50, F, shiny|100/100
|switch|p1b: My frien :)|Malamar, L50, F|100/100
|switch|p2a: Porygon2|Porygon2, L50, shiny|100/100
|switch|p2b: Amoonguss|Amoonguss, L50, M, shiny|100/100
|-ability|p2a: Porygon2|Download|boost
|-boost|p2a: Porygon2|spa|1
|turn|1
|
|t:|1757211419
|-terastallize|p1b: My frien :)|Poison
|move|p1b: My frien :)|Superpower|p2a: Porygon2
|-supereffective|p2a: Porygon2
|-damage|p2a: Porygon2|62/100
|-boost|p1b: My frien :)|atk|1
|-boost|p1b: My frien :)|def|1
|move|p1a: CONFETI!!!|Struggle Bug|p2a: Porygon2|[spread] p2a,p2b
|-damage|p2a: Porygon2|59/100
|-damage|p2b: Amoonguss|96/100
|-unboost|p2a: Porygon2|spa|1
|-unboost|p2b: Amoonguss|spa|1
|move|p2b: Amoonguss|Spore|p1b: My frien :)
|-status|p1b: My frien :)|slp|[from] move: Spore
|move|p2a: Porygon2|Trick Room|p2a: Porygon2
|-fieldstart|move: Trick Room|[of] p2a: Porygon2
|
|upkeep
|turn|2
|
|t:|1757211437
|switch|p2a: Ursaluna|Ursaluna, L50, M|100/100
|move|p2b: Amoonguss|Spore|p1a: CONFETI!!!
|-status|p1a: CONFETI!!!|slp|[from] move: Spore
|cant|p1a: CONFETI!!!|slp
|cant|p1b: My frien :)|slp
|
|-status|p2a: Ursaluna|brn|[from] item: Flame Orb
|upkeep
|turn|3
|
|t:|1757211461
|switch|p2b: Porygon2|Porygon2, L50, shiny|59/100
|-ability|p2b: Porygon2|Download|boost
|-boost|p2b: Porygon2|spa|1
|cant|p1a: CONFETI!!!|slp
|move|p2a: Ursaluna|Headlong Rush|p1b: My frien :)
|-supereffective|p1b: My frien :)
|-crit|p1b: My frien :)
|-damage|p1b: My frien :)|0 fnt
|-unboost|p2a: Ursaluna|def|1
|-unboost|p2a: Ursaluna|spd|1
|faint|p1b: My frien :)
|
|-damage|p2a: Ursaluna|95/100 brn|[from] brn
|upkeep
|
|t:|1757211470
|switch|p1b: Malachite|Tyranitar, L50, M|100/100
|-weather|Sandstorm|[from] ability: Sand Stream|[of] p1b: Malachite
|turn|4
|
|t:|1757211493
|-curestatus|p1a: CONFETI!!!|slp|[msg]
|move|p1a: CONFETI!!!|Rage Powder|p1a: CONFETI!!!
|-singleturn|p1a: CONFETI!!!|move: Rage Powder
|move|p2b: Porygon2|Recover|p2b: Porygon2
|-heal|p2b: Porygon2|100/100
|move|p1b: Malachite|Low Kick|p2a: Ursaluna
|-supereffective|p2a: Ursaluna
|-damage|p2a: Ursaluna|0 fnt
|faint|p2a: Ursaluna
|
|-weather|Sandstorm|[upkeep]
|-damage|p1a: CONFETI!!!|94/100|[from] Sandstorm
|-damage|p2b: Porygon2|94/100|[from] Sandstorm
|upkeep
|
|t:|1757211506
|switch|p2a: Amoonguss|Amoonguss, L50, M, shiny|100/100
|turn|5
|
|t:|1757211519
|-terastallize|p2b: Porygon2|Fighting
|move|p2a: Amoonguss|Spore|p1b: Malachite
|-status|p1b: Malachite|slp|[from] move: Spore
|move|p1a: CONFETI!!!|Struggle Bug|p2a: Amoonguss|[spread] p2a,p2b
|-resisted|p2b: Porygon2
|-damage|p2a: Amoonguss|96/100
|-damage|p2b: Porygon2|93/100
|-unboost|p2a: Amoonguss|spa|1
|-unboost|p2b: Porygon2|spa|1
|cant|p1b: Malachite|slp
|move|p2b: Porygon2|Tera Blast|p1b: Malachite|[anim] Tera Blast Fighting
|-supereffective|p1b: Malachite
|-damage|p1b: Malachite|57/100 slp
|
|-weather|Sandstorm|[upkeep]
|-damage|p2a: Amoonguss|90/100|[from] Sandstorm
|-damage|p1a: CONFETI!!!|88/100|[from] Sandstorm
|-damage|p2b: Porygon2|86/100|[from] Sandstorm
|-fieldend|move: Trick Room
|upkeep
|turn|6
|
|t:|1757211538
|cant|p1b: Malachite|slp
|move|p2b: Porygon2|Tera Blast|p1b: Malachite|[anim] Tera Blast Fighting
|-supereffective|p1b: Malachite
|-damage|p1b: Malachite|15/100 slp
|move|p1a: CONFETI!!!|Struggle Bug|p2b: Porygon2|[spread] p2a,p2b
|-resisted|p2b: Porygon2
|-damage|p2a: Amoonguss|85/100
|-damage|p2b: Porygon2|85/100
|-unboost|p2a: Amoonguss|spa|1
|-unboost|p2b: Porygon2|spa|1
|move|p2a: Amoonguss|Spore|p1a: CONFETI!!!
|-status|p1a: CONFETI!!!|slp|[from] move: Spore
|
|-weather|Sandstorm|[upkeep]
|-damage|p2b: Porygon2|79/100|[from] Sandstorm
|-damage|p1a: CONFETI!!!|82/100 slp|[from] Sandstorm
|-damage|p2a: Amoonguss|80/100|[from] Sandstorm
|upkeep
|turn|7
|inactive|SeptemberCup has 30 seconds left.
|
|t:|1757211564
|cant|p1b: Malachite|slp
|cant|p1a: CONFETI!!!|slp
|move|p2a: Amoonguss|Pollen Puff|p2b: Porygon2
|-heal|p2b: Porygon2|100/100
|move|p2b: Porygon2|Trick Room|p2b: Porygon2
|-fieldstart|move: Trick Room|[of] p2b: Porygon2
|
|-weather|Sandstorm|[upkeep]
|-damage|p2a: Amoonguss|74/100|[from] Sandstorm
|-damage|p1a: CONFETI!!!|76/100 slp|[from] Sandstorm
|-damage|p2b: Porygon2|94/100|[from] Sandstorm
|upkeep
|turn|8
|
|t:|1757211581
|switch|p2b: Incineroar|Incineroar, L50, F, shiny|100/100
|-ability|p2b: Incineroar|Intimidate|boost
|-unboost|p1a: CONFETI!!!|atk|1
|-unboost|p1b: Malachite|atk|1
|-curestatus|p1a: CONFETI!!!|slp|[msg]
|move|p1a: CONFETI!!!|Rage Powder|p1a: CONFETI!!!
|-singleturn|p1a: CONFETI!!!|move: Rage Powder
|move|p2a: Amoonguss|Pollen Puff|p1b: Malachite
|-supereffective|p1b: Malachite
|-damage|p1b: Malachite|10/100 slp
|-curestatus|p1b: Malachite|slp|[msg]
|move|p1b: Malachite|Rock Slide|p2b: Incineroar|[spread] p2a,p2b
|-supereffective|p2b: Incineroar
|-crit|p2b: Incineroar
|-damage|p2a: Amoonguss|57/100
|-damage|p2b: Incineroar|0 fnt
|faint|p2b: Incineroar
|
|-weather|none
|upkeep
|
|t:|1757211595
|switch|p2b: Porygon2|Porygon2, L50, shiny, tera:Fighting|94/100
|-ability|p2b: Porygon2|Download|boost
|-boost|p2b: Porygon2|spa|1
|turn|9
|
|t:|1757211611
|switch|p1b: Kamina|Excadrill, L50, M|100/100
|move|p2a: Amoonguss|Spore|p1a: CONFETI!!!
|-status|p1a: CONFETI!!!|slp|[from] move: Spore
|cant|p1a: CONFETI!!!|slp
|move|p2b: Porygon2|Ice Beam|p1b: Kamina
|-damage|p1b: Kamina|56/100
|
|upkeep
|turn|10
|
|t:|1757211629
|move|p1b: Kamina|Protect|p1b: Kamina
|-singleturn|p1b: Kamina|Protect
|move|p2a: Amoonguss|Pollen Puff|p1a: CONFETI!!!
|-damage|p1a: CONFETI!!!|65/100 slp
|-curestatus|p1a: CONFETI!!!|slp|[msg]
|move|p1a: CONFETI!!!|Struggle Bug|p2b: Porygon2|[spread] p2a,p2b
|-resisted|p2b: Porygon2
|-damage|p2a: Amoonguss|52/100
|-damage|p2b: Porygon2|93/100
|-unboost|p2a: Amoonguss|spa|1
|-unboost|p2b: Porygon2|spa|1
|move|p2b: Porygon2|Tera Blast|p1b: Kamina|[anim] Tera Blast Fighting
|-activate|p1b: Kamina|move: Protect
|
|upkeep
|turn|11
|inactive|SeptemberCup has 30 seconds left.
|inactive|Blitzball Ace has 30 seconds left.
|
|t:|1757211656
|move|p1a: CONFETI!!!|Rage Powder|p1a: CONFETI!!!
|-singleturn|p1a: CONFETI!!!|move: Rage Powder
|move|p2a: Amoonguss|Spore|p1a: CONFETI!!!
|-status|p1a: CONFETI!!!|slp|[from] move: Spore
|move|p2b: Porygon2|Tera Blast|p1a: CONFETI!!!|[anim] Tera Blast Fighting
|-resisted|p1a: CONFETI!!!
|-damage|p1a: CONFETI!!!|43/100 slp
|move|p1b: Kamina|High Horsepower|p2a: Amoonguss
|-damage|p2a: Amoonguss|10/100
|-enditem|p2a: Amoonguss|Sitrus Berry|[eat]
|-heal|p2a: Amoonguss|35/100|[from] item: Sitrus Berry
|
|-fieldend|move: Trick Room
|upkeep
|turn|12
|
|t:|1757211677
|move|p2a: Amoonguss|Protect|p2a: Amoonguss
|-singleturn|p2a: Amoonguss|Protect
|move|p1b: Kamina|High Horsepower|p2a: Amoonguss
|-activate|p2a: Amoonguss|move: Protect
|cant|p1a: CONFETI!!!|slp
|move|p2b: Porygon2|Trick Room|p2b: Porygon2
|-fieldstart|move: Trick Room|[of] p2b: Porygon2
|
|upkeep
|turn|13
|
|t:|1757211685
|move|p1b: Kamina|Protect|p1b: Kamina
|-singleturn|p1b: Kamina|Protect
|move|p2a: Amoonguss|Pollen Puff|p1a: CONFETI!!!
|-damage|p1a: CONFETI!!!|34/100 slp
|cant|p1a: CONFETI!!!|slp
|move|p2b: Porygon2|Ice Beam|p1a: CONFETI!!!
|-damage|p1a: CONFETI!!!|0 fnt
|faint|p1a: CONFETI!!!
|
|upkeep
|
|t:|1757211693
|switch|p1a: Malachite|Tyranitar, L50, M|10/100
|-weather|Sandstorm|[from] ability: Sand Stream|[of] p1a: Malachite
|turn|14
|-message|SeptemberCup forfeited.
|
|win|Blitzball Ace
