|j|☆TrumpForPrez2028
|j|‽babysha
|html|TrumpForPrez2028babysha    
|uhtml|bestof|Game 3 of a best-of-3
|t:|1785618075
|gametype|doubles
|player|p1|TrumpForPrez2028|2|1141
|player|p2|babysha|266|1076
|gen|9
|tier|[Gen 9 Champions] VGC 2026 Reg M-B (Bo3)
|rated|
|rule|Species Clause: Limit one of each Pokémon
|rule|Item Clause: Limit 1 of each item
|clearpoke
|poke|p1|Basculegion, L50, M|
|poke|p1|Garchomp, L50, F|
|poke|p1|Charizard, L50, M|
|poke|p1|Farigiraf, L50, F|
|poke|p1|Whimsicott, L50, F|
|poke|p1|Kingambit, L50, M|
|poke|p2|Aerodactyl, L50, F|
|poke|p2|Kingambit, L50, F|
|poke|p2|Sinistcha, L50|
|poke|p2|Swampert, L50, F|
|poke|p2|Sneasler, L50, F|
|poke|p2|Pelipper, L50, M|
|teampreview|4
|showteam|p1|Basculegion||ChoiceScarf|Adaptability|AquaJet,LastRespects,WaveCrash,FlipTurn|Jolly||M|||50|]Garchomp||LifeOrb|RoughSkin|Earthquake,Protect,RockSlide,DragonClaw|Jolly||F|||50|]Charizard||CharizarditeY|Blaze|HeatWave,Protect,WeatherBall,SolarBeam|Modest||M|||50|]Farigiraf||ColburBerry|ArmorTail|TrickRoom,Imprison,HyperVoice,Thunderbolt|Modest||F|||50|]Whimsicott||FocusSash|Prankster|Tailwind,Protect,Moonblast,Encore|Timid||F|||50|]Kingambit||BlackGlasses|Defiant|SuckerPunch,KowtowCleave,Protect,IronHead|Adamant||M|||50|
|showteam|p2|Aerodactyl||FocusSash|Unnerve|Tailwind,DualWingbeat,RockSlide,Protect|Jolly||F|||50|]Kingambit||LifeOrb|Defiant|KowtowCleave,SuckerPunch,IronHead,Protect|Jolly||F|||50|]Sinistcha||SitrusBerry|Hospitality|RagePowder,MatchaGotcha,Imprison,TrickRoom|Bold|||||50|]Swampert||Swampertite|Torrent|WaveCrash,Earthquake,IcePunch,Protect|Adamant||F|||50|]Sneasler||WhiteHerb|Unburden|FakeOut,DireClaw,CloseCombat,Protect|Adamant||F|||50|]Pelipper||DampRock|Drizzle|Tailwind,Hurricane,WeatherBall,Protect|Timid||M|||50|
|inactive|Battle timer is ON: inactive players will automatically lose when time's up. (requested by babysha)
|
|t:|1785618085
|teamsize|p1|4
|teamsize|p2|4
|start
|switch|p1a: Garchomp|Garchomp, L50, F|100/100
|switch|p1b: Whimsicott|Whimsicott, L50, F|100/100
|switch|p2a: Aerodactyl|Aerodactyl, L50, F|100/100
|switch|p2b: Kingambit|Kingambit, L50, F|100/100
|-ability|p2a: Aerodactyl|Unnerve
|turn|1
|
|t:|1785618105
|move|p2b: Kingambit|Protect|p2b: Kingambit
|-singleturn|p2b: Kingambit|Protect
|move|p1b: Whimsicott|Tailwind|p1b: Whimsicott
|-sidestart|p1: TrumpForPrez2028|move: Tailwind
|move|p1a: Garchomp|Earthquake|p2a: Aerodactyl|[spread] p1b
|-activate|p2b: Kingambit|move: Protect
|-immune|p2a: Aerodactyl
|-resisted|p1b: Whimsicott|1
|-damage|p1b: Whimsicott|62/100
|-damage|p1a: Garchomp|90/100|[from] item: Life Orb
|move|p2a: Aerodactyl|Tailwind|p2a: Aerodactyl
|-sidestart|p2: babysha|move: Tailwind
|
|upkeep
|turn|2
|
|t:|1785618126
|switch|p2a: Pelipper|Pelipper, L50, M|100/100
|-weather|RainDance|[from] ability: Drizzle|[of] p2a: Pelipper
|switch|p2b: Swampert|Swampert, L50, F|100/100
|move|p1b: Whimsicott|Encore||[still]
|-fail|p1b: Whimsicott
|move|p1a: Garchomp|Earthquake|p2b: Swampert|[spread] p1b,p2b
|-immune|p2a: Pelipper
|-resisted|p1b: Whimsicott|1
|-damage|p1b: Whimsicott|24/100
|-damage|p2b: Swampert|42/100
|-damage|p1a: Garchomp|80/100|[from] item: Life Orb
|
|-weather|RainDance|[upkeep]
|upkeep
|turn|3
|
|t:|1785618149
|switch|p2a: Aerodactyl|Aerodactyl, L50, F|100/100
|-ability|p2a: Aerodactyl|Unnerve
|detailschange|p2b: Swampert|Swampert-Mega, L50, F
|-mega|p2b: Swampert|Swampert|Swampertite
|move|p2b: Swampert|Ice Punch|p1a: Garchomp
|-supereffective|p1a: Garchomp|2
|-damage|p1a: Garchomp|0 fnt
|-damage|p2b: Swampert|30/100|[from] ability: Rough Skin|[of] p1a: Garchomp
|faint|p1a: Garchomp
|move|p1b: Whimsicott|Moonblast|p2a: Aerodactyl
|-damage|p2a: Aerodactyl|49/100
|
|-weather|RainDance|[upkeep]
|upkeep
|
|t:|1785618163
|switch|p1a: Basculegion|Basculegion, L50, M|100/100
|turn|4
|
|t:|1785618185
|move|p1b: Whimsicott|Protect|p1b: Whimsicott
|-singleturn|p1b: Whimsicott|Protect
|move|p2b: Swampert|Earthquake|p1b: Whimsicott|[spread] p1a
|-activate|p1b: Whimsicott|move: Protect
|-immune|p2a: Aerodactyl
|-damage|p1a: Basculegion|40/100
|move|p1a: Basculegion|Wave Crash|p2b: Swampert
|-damage|p2b: Swampert|0 fnt
|faint|p2b: Swampert
|-damage|p1a: Basculegion|31/100|[from] Recoil
|move|p2a: Aerodactyl|Dual Wingbeat|p1a: Basculegion
|-damage|p1a: Basculegion|6/100
|-damage|p1a: Basculegion|0 fnt
|faint|p1a: Basculegion
|-hitcount|p1: Basculegion|2
|
|-weather|RainDance|[upkeep]
|-sideend|p2: babysha|move: Tailwind
|-sideend|p1: TrumpForPrez2028|move: Tailwind
|upkeep
|
|t:|1785618206
|switch|p1a: Charizard|Charizard, L50, M|100/100
|switch|p2b: Kingambit|Kingambit, L50, F|100/100
|turn|5
|
|t:|1785618217
|move|p2b: Kingambit|Protect|p2b: Kingambit
|-singleturn|p2b: Kingambit|Protect
|move|p1b: Whimsicott|Tailwind|p1b: Whimsicott
|-sidestart|p1: TrumpForPrez2028|move: Tailwind
|move|p1a: Charizard|Weather Ball|p2a: Aerodactyl
|-supereffective|p2a: Aerodactyl|1
|-damage|p2a: Aerodactyl|0 fnt
|faint|p2a: Aerodactyl
|
|-weather|RainDance|[upkeep]
|upkeep
|
|t:|1785618224
|switch|p2a: Pelipper|Pelipper, L50, M|100/100
|turn|6
|
|t:|1785618235
|detailschange|p1a: Charizard|Charizard-Mega-Y, L50, M
|-mega|p1a: Charizard|Charizard|Charizardite Y
|-weather|SunnyDay|[from] ability: Drought|[of] p1a: Charizard
|move|p2b: Kingambit|Sucker Punch|p1a: Charizard
|-damage|p1a: Charizard|30/100
|-damage|p2b: Kingambit|90/100|[from] item: Life Orb
|move|p1b: Whimsicott|Moonblast|p2a: Pelipper
|-damage|p2a: Pelipper|44/100
|move|p1a: Charizard|Heat Wave|p2a: Pelipper|[spread] p2a,p2b
|-resisted|p2a: Pelipper|1
|-supereffective|p2b: Kingambit|1
|-damage|p2a: Pelipper|0 fnt
|-damage|p2b: Kingambit|0 fnt
|faint|p2a: Pelipper
|faint|p2b: Kingambit
|
|win|TrumpForPrez2028
|raw|TrumpForPrez2028's rating: 1141 → 1161(+20 for winning)
|raw|babysha's rating: 1076 → 1059(-17 for losing)
|l|‽babysha
|player|p2|
|c|☆TrumpForPrez2028|What a comeback
