|j|☆eklyst
|j|☆boncuss
|html|eklystboncuss    
|uhtml|bestof|Game 1 of a best-of-3
|t:|1756791596
|gametype|doubles
|player|p1|eklyst|pokemaniac|1105
|player|p2|boncuss|wattson|1089
|gen|9
|tier|[Gen 9] VGC 2025 Reg H (Bo3)
|rated|
|rule|Species Clause: Limit one of each Pokémon
|rule|Item Clause: Limit 1 of each item
|clearpoke
|poke|p1|Ursaluna-Bloodmoon, L50, M|
|poke|p1|Incineroar, L50, M|
|poke|p1|Rillaboom, L50, F|
|poke|p1|Farigiraf, L50, F|
|poke|p1|Sneasler, L50, F|
|poke|p1|Volcarona, L50, F|
|poke|p2|Grimmsnarl, L50, M|
|poke|p2|Hawlucha, L50, M|
|poke|p2|Tinkaton, L50, F|
|poke|p2|Incineroar, L50, F|
|poke|p2|Pincurchin, L50, M|
|poke|p2|Ursaluna-Bloodmoon, L50, M|
|teampreview|4
|showteam|p1|Ursaluna-Bloodmoon||LifeOrb|MindsEye|HyperVoice,BloodMoon,EarthPower,Protect|||M|||50|,,,,,Normal]Incineroar||SitrusBerry|Intimidate|FakeOut,FlareBlitz,KnockOff,PartingShot|||M|||50|,,,,,Bug]Rillaboom||AssaultVest|GrassySurge|Uturn,WoodHammer,GrassyGlide,FakeOut|||F|||50|,,,,,Fire]Farigiraf||ThroatSpray|ArmorTail|HyperVoice,Protect,Psychic,TrickRoom|||F|||50|,,,,,Fairy]Sneasler||FocusSash|Unburden|CloseCombat,Protect,FakeOut,ThroatChop|||F|||50|,,,,,Dark]Volcarona||CovertCloak|FlameBody|HeatWave,Protect,StruggleBug,RagePowder|||F|||50|,,,,,Water
|showteam|p2|Grimmsnarl||WideLens|Prankster|ThunderWave,Swagger,LightScreen,SpiritBreak|||M|||50|,,,,,Ghost]Hawlucha||MirrorHerb|Unburden|Acrobatics,CloseCombat,ThroatChop,Protect|||M|||50|,,,,,Stellar]Tinkaton||AssaultVest|OwnTempo|GigatonHammer,FakeOut,KnockOff,PlayRough|||F|||50|,,,,,Water]Incineroar||SitrusBerry|Intimidate|FakeOut,PartingShot,FlareBlitz,KnockOff|||F|||50|,,,,,Ghost]Pincurchin||LifeOrb|ElectricSurge|Discharge,Thunderbolt,SuckerPunch,HydroPump|||M|||50|,,,,,Stellar]Ursaluna-Bloodmoon||ThroatSpray|MindsEye|HyperVoice,EarthPower,BloodMoon,Protect|||M|||50|,,,,,Normal
|inactive|Battle timer is ON: inactive players will automatically lose when time's up. (requested by boncuss)
|inactive|eklyst has 60 seconds left.
|inactive|eklyst has 30 seconds left.
|inactive|eklyst has 20 seconds left.
|inactive|eklyst has 15 seconds left.
|inactive|eklyst has 10 seconds left.
|inactive|eklyst has 5 seconds left.
|
|t:|1756791685
|teamsize|p1|4
|teamsize|p2|4
|start
|switch|p1a: Volcarona|Volcarona, L50, F|100/100
|switch|p1b: Sneasler|Sneasler, L50, F|100/100
|switch|p2a: Incineroar|Incineroar, L50, F|100/100
|switch|p2b: Ursaluna|Ursaluna-Bloodmoon, L50, M|100/100
|-ability|p2a: Incineroar|Intimidate|boost
|-unboost|p1a: Volcarona|atk|1
|-unboost|p1b: Sneasler|atk|1
|turn|1
|inactive|boncuss has 30 seconds left.
|inactive|boncuss has 20 seconds left.
|inactive|boncuss has 15 seconds left.
|
|t:|1756791726
|switch|p1b: Farigiraf|Farigiraf, L50, F|100/100
|move|p2a: Incineroar|Fake Out||[still]
|cant|p1b: Farigiraf|ability: Armor Tail|Fake Out|[of] p2a: Incineroar
|move|p1a: Volcarona|Struggle Bug|p2b: Ursaluna|[spread] p2a,p2b
|-damage|p2a: Incineroar|79/100
|-damage|p2b: Ursaluna|77/100
|-unboost|p2a: Incineroar|spa|1
|-unboost|p2b: Ursaluna|spa|1
|move|p2b: Ursaluna|Hyper Voice|p1b: Farigiraf|[spread] p1a,p1b
|-damage|p1a: Volcarona|74/100
|-damage|p1b: Farigiraf|77/100
|-enditem|p2b: Ursaluna|Throat Spray
|-boost|p2b: Ursaluna|spa|1|[from] item: Throat Spray
|
|upkeep
|turn|2
|inactive|boncuss has 30 seconds left.
|
|t:|1756791755
|move|p1b: Farigiraf|Protect|p1b: Farigiraf
|-singleturn|p1b: Farigiraf|Protect
|move|p1a: Volcarona|Struggle Bug|p2b: Ursaluna|[spread] p2a,p2b
|-damage|p2a: Incineroar|57/100
|-damage|p2b: Ursaluna|52/100
|-unboost|p2a: Incineroar|spa|1
|-unboost|p2b: Ursaluna|spa|1
|move|p2a: Incineroar|Flare Blitz|p1a: Volcarona
|-damage|p1a: Volcarona|0 fnt
|faint|p1a: Volcarona
|-damage|p2a: Incineroar|33/100|[from] Recoil
|-enditem|p2a: Incineroar|Sitrus Berry|[eat]
|-heal|p2a: Incineroar|57/100|[from] item: Sitrus Berry
|move|p2b: Ursaluna|Hyper Voice|p1b: Farigiraf
|-activate|p1b: Farigiraf|move: Protect
|
|upkeep
|
|t:|1756791770
|switch|p1a: Sneasler|Sneasler, L50, F|100/100
|turn|3
|inactive|boncuss has 30 seconds left.
|
|t:|1756791799
|switch|p2a: Grimmsnarl|Grimmsnarl, L50, M|100/100
|switch|p2b: Hawlucha|Hawlucha, L50, M|100/100
|move|p1a: Sneasler|Fake Out|p2a: Grimmsnarl
|-damage|p2a: Grimmsnarl|82/100
|move|p1b: Farigiraf|Hyper Voice|p2a: Grimmsnarl|[spread] p2a,p2b
|-damage|p2a: Grimmsnarl|48/100
|-damage|p2b: Hawlucha|58/100
|-enditem|p1b: Farigiraf|Throat Spray
|-boost|p1b: Farigiraf|spa|1|[from] item: Throat Spray
|-enditem|p2b: Hawlucha|Mirror Herb
|-boost|p2b: Hawlucha|spa|1|[from] item: Mirror Herb
|
|upkeep
|turn|4
|inactive|boncuss has 30 seconds left.
|
|t:|1756791826
|-terastallize|p2a: Grimmsnarl|Ghost
|move|p2b: Hawlucha|Protect|p2b: Hawlucha
|-singleturn|p2b: Hawlucha|Protect
|move|p1a: Sneasler|Protect|p1a: Sneasler
|-singleturn|p1a: Sneasler|Protect
|move|p2a: Grimmsnarl|Spirit Break|p1b: Farigiraf
|-damage|p1b: Farigiraf|35/100
|-unboost|p1b: Farigiraf|spa|1
|move|p1b: Farigiraf|Trick Room|p1b: Farigiraf
|-fieldstart|move: Trick Room|[of] p1b: Farigiraf
|
|upkeep
|turn|5
|
|t:|1756791844
|move|p1b: Farigiraf|Psychic|p2b: Hawlucha
|-supereffective|p2b: Hawlucha
|-damage|p2b: Hawlucha|0 fnt
|faint|p2b: Hawlucha
|move|p2a: Grimmsnarl|Spirit Break|p1a: Sneasler
|-damage|p1a: Sneasler|34/100
|-unboost|p1a: Sneasler|spa|1
|move|p1a: Sneasler|Throat Chop|p2a: Grimmsnarl
|-supereffective|p2a: Grimmsnarl
|-damage|p2a: Grimmsnarl|0 fnt
|faint|p2a: Grimmsnarl
|
|upkeep
|
|t:|1756791848
|switch|p2a: Incineroar|Incineroar, L50, F|57/100
|switch|p2b: Ursaluna|Ursaluna-Bloodmoon, L50, M|52/100
|-ability|p2a: Incineroar|Intimidate|boost
|-unboost|p1a: Sneasler|atk|1
|-unboost|p1b: Farigiraf|atk|1
|turn|6
|
|t:|1756791864
|move|p1a: Sneasler|Protect|p1a: Sneasler
|-singleturn|p1a: Sneasler|Protect
|move|p1b: Farigiraf|Hyper Voice|p2b: Ursaluna|[spread] p2a,p2b
|-damage|p2a: Incineroar|19/100
|-damage|p2b: Ursaluna|15/100
|move|p2b: Ursaluna|Hyper Voice|p1a: Sneasler|[spread] p1b
|-activate|p1a: Sneasler|move: Protect
|-damage|p1b: Farigiraf|0 fnt
|faint|p1b: Farigiraf
|move|p2a: Incineroar|Knock Off|p1a: Sneasler
|-activate|p1a: Sneasler|move: Protect
|
|upkeep
|
|t:|1756791876
|switch|p1b: Rillaboom|Rillaboom, L50, F|100/100
|-fieldstart|move: Grassy Terrain|[from] ability: Grassy Surge|[of] p1b: Rillaboom
|turn|7
|inactive|boncuss has 30 seconds left.
|
|t:|1756791905
|move|p1b: Rillaboom|Fake Out|p2a: Incineroar
|-damage|p2a: Incineroar|3/100
|move|p2b: Ursaluna|Hyper Voice|p1a: Sneasler|[spread] p1a,p1b
|-damage|p1a: Sneasler|0 fnt
|-damage|p1b: Rillaboom|75/100
|faint|p1a: Sneasler
|cant|p2a: Incineroar|flinch
|
|-heal|p2b: Ursaluna|21/100|[from] Grassy Terrain
|-heal|p1b: Rillaboom|81/100|[from] Grassy Terrain
|-heal|p2a: Incineroar|9/100|[from] Grassy Terrain
|upkeep
|turn|8
|
|t:|1756791916
|move|p1b: Rillaboom|Grassy Glide|p2a: Incineroar
|-resisted|p2a: Incineroar
|-damage|p2a: Incineroar|0 fnt
|faint|p2a: Incineroar
|move|p2b: Ursaluna|Blood Moon|p1b: Rillaboom
|-damage|p1b: Rillaboom|32/100
|
|-heal|p2b: Ursaluna|27/100|[from] Grassy Terrain
|-heal|p1b: Rillaboom|38/100|[from] Grassy Terrain
|-fieldend|move: Trick Room
|upkeep
|turn|9
|
|t:|1756791928
|move|p2b: Ursaluna|Protect|p2b: Ursaluna
|-singleturn|p2b: Ursaluna|Protect
|move|p1b: Rillaboom|Grassy Glide|p2b: Ursaluna
|-activate|p2b: Ursaluna|move: Protect
|
|-heal|p1b: Rillaboom|44/100|[from] Grassy Terrain
|-heal|p2b: Ursaluna|33/100|[from] Grassy Terrain
|upkeep
|turn|10
|
|t:|1756791950
|move|p1b: Rillaboom|Grassy Glide|p2b: Ursaluna
|-supereffective|p2b: Ursaluna
|-damage|p2b: Ursaluna|0 fnt
|faint|p2b: Ursaluna
|
|win|eklyst
||boncuss is ready for game 2.
||eklyst is ready for game 2.
|uhtml|next|Next: Game 2 of 3
|l|☆boncuss
|player|p2|
