|j|☆HEDPEHDEH
|j|☆mumu2
|html|HEDPEHDEHmumu2    
|uhtml|bestof|Game 1 of a best-of-3
|t:|1785036996
|gametype|doubles
|player|p1|HEDPEHDEH|2|1084
|player|p2|mumu2|cyclistf|1133
|gen|9
|tier|[Gen 9 Champions] VGC 2026 Reg M-B (Bo3)
|rated|
|rule|Species Clause: Limit one of each Pokémon
|rule|Item Clause: Limit 1 of each item
|clearpoke
|poke|p1|Vileplume, L50, F|
|poke|p1|Torkoal, L50, F|
|poke|p1|Delphox, L50, M|
|poke|p1|Farigiraf, L50, M|
|poke|p1|Garchomp, L50, M|
|poke|p1|Incineroar, L50, F|
|poke|p2|Charizard, L50, M|
|poke|p2|Venusaur, L50, F|
|poke|p2|Garchomp, L50, M|
|poke|p2|Annihilape, L50, F|
|poke|p2|Incineroar, L50, M|
|poke|p2|Toxapex, L50, M|
|teampreview|4
|showteam|p1|Vileplume||FocusSash|Chlorophyll|SleepPowder,Protect,AfterYou,SludgeBomb|Timid||F|||50|]Torkoal||Charcoal|Drought|Protect,Eruption,HelpingHand,HeatWave|Modest||F|||50|]Delphox||Delphoxite|Blaze|Protect,NastyPlot,HeatWave,Psychic|Timid||M|||50|]Farigiraf||SitrusBerry|ArmorTail|Protect,Thunderbolt,TrickRoom,Psychic|Sassy||M|||50|]Garchomp||LifeOrb|RoughSkin|Protect,RockSlide,Earthquake,DragonClaw|Jolly||M|||50|]Incineroar||ChopleBerry|Intimidate|FakeOut,FlareBlitz,CloseCombat,DarkestLariat|Adamant||F|||50|
|showteam|p2|Charizard||CharizarditeY|Blaze|HeatWave,WeatherBall,HelpingHand,Protect|Modest||M|||50|]Venusaur||LifeOrb|Chlorophyll|SludgeBomb,SolarBeam,EarthPower,Protect|Modest||F|||50|]Garchomp||ChoiceScarf|RoughSkin|DragonClaw,Earthquake,RockSlide,StompingTantrum|Adamant||M|||50|]Annihilape||FocusSash|Defiant|PhantomForce,CloseCombat,Protect,RockTomb|Jolly||F|||50|]Incineroar||SitrusBerry|Intimidate|FlareBlitz,ThroatChop,PartingShot,FakeOut|Impish||M|||50|]Toxapex||Leftovers|Regenerator|Toxic,Infestation,WideGuard,BanefulBunker|Bold||M|||50|
|
|t:|1785037069
|teamsize|p1|4
|teamsize|p2|4
|start
|switch|p1a: Delphox|Delphox, L50, M|100/100
|switch|p1b: Garchomp|Garchomp, L50, M|100/100
|switch|p2a: Toxapex|Toxapex, L50, M|100/100
|switch|p2b: Incineroar|Incineroar, L50, M|100/100
|-ability|p2b: Incineroar|Intimidate|boost
|-unboost|p1a: Delphox|atk|1
|-unboost|p1b: Garchomp|atk|1
|turn|1
|
|t:|1785037095
|switch|p1b: Farigiraf|Farigiraf, L50, M|100/100
|detailschange|p1a: Delphox|Delphox-Mega, L50, M
|-mega|p1a: Delphox|Delphox|Delphoxite
|move|p2b: Incineroar|Fake Out||[still]
|cant|p1b: Farigiraf|ability: Armor Tail|Fake Out|[of] p2b: Incineroar
|move|p1a: Delphox|Psychic|p2a: Toxapex
|-supereffective|p2a: Toxapex|1
|-damage|p2a: Toxapex|22/100
|move|p2a: Toxapex|Toxic|p1a: Delphox
|-status|p1a: Delphox|tox
|
|-heal|p2a: Toxapex|28/100|[from] item: Leftovers
|-damage|p1a: Delphox|94/100 tox|[from] psn
|upkeep
|turn|2
|
|t:|1785037119
|switch|p1a: Incineroar|Incineroar, L50, F|100/100
|-ability|p1a: Incineroar|Intimidate|boost
|-unboost|p2a: Toxapex|atk|1
|-unboost|p2b: Incineroar|atk|1
|move|p2a: Toxapex|Baneful Bunker|p2a: Toxapex
|-singleturn|p2a: Toxapex|move: Protect
|move|p2b: Incineroar|Throat Chop|p1a: Incineroar
|-resisted|p1a: Incineroar|1
|-damage|p1a: Incineroar|90/100
|-start|p1a: Incineroar|Throat Chop|[silent]
|move|p1b: Farigiraf|Psychic|p2a: Toxapex
|-activate|p2a: Toxapex|move: Protect
|
|-heal|p2a: Toxapex|33/100|[from] item: Leftovers
|upkeep
|turn|3
|
|t:|1785037134
|-heal|p2a: Toxapex|66/100|[from] ability: Regenerator|[silent]
|switch|p2a: Garchomp|Garchomp, L50, M|100/100
|move|p2b: Incineroar|Parting Shot|p1b: Farigiraf
|-unboost|p1b: Farigiraf|atk|1
|-unboost|p1b: Farigiraf|spa|1
|
|t:|1785037142
|switch|p2b: Toxapex|Toxapex, L50, M|66/100|[from] Parting Shot
|move|p1a: Incineroar|Close Combat|p2b: Toxapex
|-resisted|p2b: Toxapex|1
|-damage|p2b: Toxapex|52/100
|-unboost|p1a: Incineroar|def|1
|-unboost|p1a: Incineroar|spd|1
|move|p1b: Farigiraf|Psychic|p2a: Garchomp
|-damage|p2a: Garchomp|74/100
|
|-heal|p2b: Toxapex|57/100|[from] item: Leftovers
|-end|p1a: Incineroar|Throat Chop|[silent]
|upkeep
|turn|4
|
|t:|1785037177
|switch|p1a: Delphox|Delphox-Mega, L50, M|94/100 tox
|-heal|p2b: Toxapex|91/100|[from] ability: Regenerator|[silent]
|switch|p2b: Charizard|Charizard, L50, M|100/100
|move|p2a: Garchomp|Earthquake|p1a: Delphox|[spread] p1b
|-immune|p2b: Charizard
|-immune|p1a: Delphox|[from] ability: Levitate
|-damage|p1b: Farigiraf|55/100
|move|p1b: Farigiraf|Psychic|p2a: Garchomp
|-damage|p2a: Garchomp|49/100
|
|-damage|p1a: Delphox|88/100 tox|[from] psn
|upkeep
|turn|5
|
|t:|1785037205
|switch|p2a: Incineroar|Incineroar, L50, M|100/100
|-ability|p2a: Incineroar|Intimidate|boost
|-unboost|p1a: Delphox|atk|1
|-unboost|p1b: Farigiraf|atk|1
|switch|p1b: Garchomp|Garchomp, L50, M|100/100
|detailschange|p2b: Charizard|Charizard-Mega-Y, L50, M
|-mega|p2b: Charizard|Charizard|Charizardite Y
|-weather|SunnyDay|[from] ability: Drought|[of] p2b: Charizard
|move|p1a: Delphox|Nasty Plot|p1a: Delphox
|-boost|p1a: Delphox|spa|2
|move|p2b: Charizard|Weather Ball|p1b: Garchomp
|-resisted|p1b: Garchomp|1
|-damage|p1b: Garchomp|54/100
|
|-weather|SunnyDay|[upkeep]
|-damage|p1a: Delphox|76/100 tox|[from] psn
|upkeep
|turn|6
|
|t:|1785037225
|move|p1a: Delphox|Protect|p1a: Delphox
|-singleturn|p1a: Delphox|Protect
|move|p2a: Incineroar|Fake Out|p1b: Garchomp
|-damage|p1b: Garchomp|42/100
|-damage|p2a: Incineroar|87/100|[from] ability: Rough Skin|[of] p1b: Garchomp
|cant|p1b: Garchomp|flinch
|move|p2b: Charizard|Weather Ball|p1a: Delphox
|-activate|p1a: Delphox|move: Protect
|
|-weather|SunnyDay|[upkeep]
|-damage|p1a: Delphox|58/100 tox|[from] psn
|upkeep
|turn|7
|
|t:|1785037260
|switch|p2b: Garchomp|Garchomp, L50, M|49/100
|move|p1a: Delphox|Psychic|p2b: Garchomp
|-damage|p2b: Garchomp|0 fnt
|faint|p2b: Garchomp
|move|p1b: Garchomp|Earthquake|p2a: Incineroar|[spread] p2a
|-immune|p1a: Delphox|[from] ability: Levitate
|-supereffective|p2a: Incineroar|1
|-damage|p2a: Incineroar|12/100
|-enditem|p2a: Incineroar|Sitrus Berry|[eat]
|-heal|p2a: Incineroar|37/100|[from] item: Sitrus Berry
|-damage|p1b: Garchomp|32/100|[from] item: Life Orb
|move|p2a: Incineroar|Parting Shot|p1a: Delphox
|-unboost|p1a: Delphox|atk|1
|-unboost|p1a: Delphox|spa|1
|
|t:|1785037275
|switch|p2a: Charizard|Charizard-Mega-Y, L50, M|100/100|[from] Parting Shot
|
|-weather|SunnyDay|[upkeep]
|-damage|p1a: Delphox|34/100 tox|[from] psn
|upkeep
|
|t:|1785037281
|switch|p2b: Incineroar|Incineroar, L50, M|37/100
|-ability|p2b: Incineroar|Intimidate|boost
|-unboost|p1a: Delphox|atk|1
|-unboost|p1b: Garchomp|atk|1
|turn|8
|
|t:|1785037310
|switch|p1a: Farigiraf|Farigiraf, L50, M|55/100
|switch|p2b: Toxapex|Toxapex, L50, M|91/100
|move|p2a: Charizard|Protect|p2a: Charizard
|-singleturn|p2a: Charizard|Protect
|move|p1b: Garchomp|Rock Slide|p2a: Charizard|[spread] p2b
|-activate|p2a: Charizard|move: Protect
|-damage|p2b: Toxapex|79/100
|-damage|p1b: Garchomp|23/100|[from] item: Life Orb
|
|-weather|SunnyDay|[upkeep]
|-heal|p2b: Toxapex|85/100|[from] item: Leftovers
|upkeep
|turn|9
|
|t:|1785037327
|move|p2b: Toxapex|Wide Guard|p2b: Toxapex
|-singleturn|p2b: Toxapex|Wide Guard
|move|p1b: Garchomp|Rock Slide|p2b: Toxapex|[spread] 
|-activate|p2a: Charizard|move: Wide Guard
|-activate|p2b: Toxapex|move: Wide Guard
|move|p2a: Charizard|Heat Wave|p1b: Garchomp|[spread] p1a
|-miss|p2a: Charizard|p1b: Garchomp
|-damage|p1a: Farigiraf|15/100
|-enditem|p1a: Farigiraf|Sitrus Berry|[eat]
|-heal|p1a: Farigiraf|40/100|[from] item: Sitrus Berry
|move|p1a: Farigiraf|Psychic|p2b: Toxapex
|-supereffective|p2b: Toxapex|1
|-damage|p2b: Toxapex|30/100
|
|-weather|none
|-heal|p2b: Toxapex|36/100|[from] item: Leftovers
|upkeep
|turn|10
|
|t:|1785037350
|switch|p1b: Incineroar|Incineroar, L50, F|90/100
|-ability|p1b: Incineroar|Intimidate|boost
|-unboost|p2a: Charizard|atk|1
|-unboost|p2b: Toxapex|atk|1
|-heal|p2b: Toxapex|69/100|[from] ability: Regenerator|[silent]
|switch|p2b: Incineroar|Incineroar, L50, M|37/100
|-ability|p2b: Incineroar|Intimidate|boost
|-unboost|p1a: Farigiraf|atk|1
|-unboost|p1b: Incineroar|atk|1
|move|p2a: Charizard|Protect|p2a: Charizard
|-singleturn|p2a: Charizard|Protect
|move|p1a: Farigiraf|Thunderbolt|p2a: Charizard
|-activate|p2a: Charizard|move: Protect
|
|upkeep
|turn|11
|
|t:|1785037376
|switch|p2a: Toxapex|Toxapex, L50, M|69/100
|move|p2b: Incineroar|Parting Shot|p1a: Farigiraf
|-unboost|p1a: Farigiraf|atk|1
|-unboost|p1a: Farigiraf|spa|1
|
|t:|1785037381
|switch|p2b: Charizard|Charizard-Mega-Y, L50, M|100/100|[from] Parting Shot
|-weather|SunnyDay|[from] ability: Drought|[of] p2b: Charizard
|move|p1b: Incineroar|Darkest Lariat|p2a: Toxapex
|-damage|p2a: Toxapex|49/100
|move|p1a: Farigiraf|Thunderbolt|p2a: Toxapex
|-supereffective|p2a: Toxapex|1
|-damage|p2a: Toxapex|24/100
|-status|p2a: Toxapex|par
|
|-weather|SunnyDay|[upkeep]
|-heal|p2a: Toxapex|29/100 par|[from] item: Leftovers
|upkeep
|turn|12
|
|t:|1785037408
|-heal|p2a: Toxapex|63/100 par|[from] ability: Regenerator|[silent]
|switch|p2a: Incineroar|Incineroar, L50, M|37/100
|-ability|p2a: Incineroar|Intimidate|boost
|-unboost|p1a: Farigiraf|atk|1
|-unboost|p1b: Incineroar|atk|1
|move|p2b: Charizard|Weather Ball|p1a: Farigiraf
|-damage|p1a: Farigiraf|0 fnt
|faint|p1a: Farigiraf
|move|p1b: Incineroar|Darkest Lariat|p2b: Charizard
|-damage|p2b: Charizard|79/100
|
|-weather|SunnyDay|[upkeep]
|upkeep
|
|t:|1785037421
|switch|p1a: Garchomp|Garchomp, L50, M|23/100
|turn|13
|
|t:|1785037435
|switch|p2b: Toxapex|Toxapex, L50, M|63/100 par
|move|p1a: Garchomp|Protect|p1a: Garchomp
|-singleturn|p1a: Garchomp|Protect
|move|p2a: Incineroar|Fake Out|p1a: Garchomp
|-activate|p1a: Garchomp|move: Protect
|move|p1b: Incineroar|Close Combat|p2a: Incineroar
|-supereffective|p2a: Incineroar|1
|-damage|p2a: Incineroar|3/100
|-unboost|p1b: Incineroar|def|1
|-unboost|p1b: Incineroar|spd|1
|
|-weather|SunnyDay|[upkeep]
|-heal|p2b: Toxapex|68/100 par|[from] item: Leftovers
|upkeep
|turn|14
|
|t:|1785037454
|switch|p2a: Charizard|Charizard-Mega-Y, L50, M|79/100
|switch|p1b: Delphox|Delphox-Mega, L50, M|34/100 tox
|move|p2b: Toxapex|Wide Guard|p2b: Toxapex
|-singleturn|p2b: Toxapex|Wide Guard
|move|p1a: Garchomp|Dragon Claw|p2a: Charizard
|-damage|p2a: Charizard|23/100
|-damage|p1a: Garchomp|13/100|[from] item: Life Orb
|
|-weather|SunnyDay|[upkeep]
|-heal|p2b: Toxapex|74/100 par|[from] item: Leftovers
|-damage|p1b: Delphox|28/100 tox|[from] psn
|upkeep
|turn|15
|
|t:|1785037473
|-heal|p2b: Toxapex|100/100 par|[from] ability: Regenerator|[silent]
|switch|p2b: Incineroar|Incineroar, L50, M|3/100
|-ability|p2b: Incineroar|Intimidate|boost
|-unboost|p1a: Garchomp|atk|1
|-unboost|p1b: Delphox|atk|1
|move|p2a: Charizard|Protect|p2a: Charizard
|-singleturn|p2a: Charizard|Protect
|move|p1b: Delphox|Heat Wave|p2b: Incineroar|[spread] 
|-activate|p2a: Charizard|move: Protect
|-miss|p1b: Delphox|p2b: Incineroar
|move|p1a: Garchomp|Earthquake|p2b: Incineroar|[spread] p2b
|-activate|p2a: Charizard|move: Protect
|-immune|p1b: Delphox|[from] ability: Levitate
|-supereffective|p2b: Incineroar|1
|-damage|p2b: Incineroar|0 fnt
|faint|p2b: Incineroar
|-damage|p1a: Garchomp|3/100|[from] item: Life Orb
|
|-weather|none
|-damage|p1b: Delphox|17/100 tox|[from] psn
|upkeep
|
|t:|1785037488
|switch|p2b: Toxapex|Toxapex, L50, M|100/100 par
|turn|16
|
|t:|1785037511
|move|p2b: Toxapex|Wide Guard|p2b: Toxapex
|-singleturn|p2b: Toxapex|Wide Guard
|move|p1b: Delphox|Psychic|p2b: Toxapex
|-supereffective|p2b: Toxapex|1
|-crit|p2b: Toxapex
|-damage|p2b: Toxapex|0 fnt
|faint|p2b: Toxapex
|move|p1a: Garchomp|Dragon Claw|p2a: Charizard
|-damage|p2a: Charizard|0 fnt
|faint|p2a: Charizard
|-damage|p1a: Garchomp|0 fnt|[from] item: Life Orb
|faint|p1a: Garchomp
|
|win|HEDPEHDEH
||mumu2 is ready for game 2.
|inactive|HEDPEHDEH has 30 seconds to confirm battle start!
||HEDPEHDEH is ready for game 2.
|uhtml|next|Next: Game 2 of 3
