|j|☆SengarBlade
|j|☆jowemama
|html|SengarBladejowemama    
|uhtml|bestof|Game 3 of a best-of-3
|t:|1757859363
|gametype|doubles
|player|p1|SengarBlade|shadowtriad|
|player|p2|jowemama|scientistf|
|gen|9
|tier|[Gen 9] VGC 2025 Reg H (Bo3)
|rule|Species Clause: Limit one of each Pokémon
|rule|Item Clause: Limit 1 of each item
|clearpoke
|poke|p1|Murkrow, L50, F|
|poke|p1|Tyranitar, L50, M|
|poke|p1|Lycanroc, L50, F|
|poke|p1|Decidueye-Hisui, L50, F|
|poke|p1|Clefable, L50, M|
|poke|p1|Hydreigon, L50, M|
|poke|p2|Decidueye-Hisui, L50, M|
|poke|p2|Primarina, L50, F|
|poke|p2|Incineroar, L50, M|
|poke|p2|Dragapult, L50, M|
|poke|p2|Electabuzz, L50, M|
|poke|p2|Vivillon, L50, M|
|teampreview|4
|showteam|p1|Murkrow||Eviolite|Prankster|FoulPlay,Tailwind,Haze,Protect|||F|||50|,,,,,Steel]Tyranitar||ClearAmulet|SandStream|RockSlide,KnockOff,TeraBlast,Protect|||M|||50|,,,,,Flying]Lycanroc||FocusSash|SandRush|RockSlide,Accelerock,Endeavor,Endure|||F|||50|,,,,,Ghost]Decidueye-Hisui||LifeOrb|Scrappy|CloseCombat,LeafBlade,UpperHand,Protect|||F|||50|,,,,,Ghost]Clefable||SafetyGoggles|Unaware|Moonblast,FollowMe,HelpingHand,Protect|||M|||50|,,,,,Water]Hydreigon||AguavBerry|Levitate|DracoMeteor,DarkPulse,Snarl,Protect|||M|||50|,,,,,Poison
|showteam|p2|Decidueye-Hisui||ScopeLens|Scrappy|LeafBlade,TripleArrows,BraveBird,Protect|||M|||50|,,,,,Poison]Primarina||SitrusBerry|LiquidVoice|HyperVoice,Moonblast,Haze,Protect|||F|||50|,,,,,Poison]Incineroar||SafetyGoggles|Intimidate|KnockOff,WillOWisp,PartingShot,FakeOut|||M|||50|,,,,,Grass]Dragapult||ChoiceBand|ClearBody|DragonDarts,Outrage,PhantomForce,Uturn|||M|||50|,,,,,Dragon]Electabuzz||Eviolite|VitalSpirit|Thunderbolt,Electroweb,Taunt,FollowMe|||M|||50|,,,,,Ghost]Vivillon||FocusSash|CompoundEyes|Hurricane,SleepPowder,Tailwind,Protect|||M|||50|,,,,,Ghost
|inactive|Battle timer is ON: inactive players will automatically lose when time's up. (requested by jowemama)
|j| KyleTampy
|
|t:|1757859375
|teamsize|p1|4
|teamsize|p2|4
|start
|switch|p1a: Tyranitar|Tyranitar, L50, M|100/100
|switch|p1b: Lycanroc|Lycanroc, L50, F|100/100
|switch|p2a: Electabuzz|Electabuzz, L50, M|100/100
|switch|p2b: Dragapult|Dragapult, L50, M|100/100
|-weather|Sandstorm|[from] ability: Sand Stream|[of] p1a: Tyranitar
|turn|1
|j| Oldcow
|inactive|jowemama has 30 seconds left.
|inactive|jowemama has 20 seconds left.
|inactive|jowemama has 15 seconds left.
|inactive|jowemama has 10 seconds left.
|
|t:|1757859429
|move|p1b: Lycanroc|Rock Slide|p2b: Dragapult|[spread] p2a,p2b
|-damage|p2a: Electabuzz|79/100
|-damage|p2b: Dragapult|61/100
|move|p2b: Dragapult|U-turn|p1a: Tyranitar
|-supereffective|p1a: Tyranitar
|-damage|p1a: Tyranitar|39/100
|
|t:|1757859432
|switch|p2b: Primarina|Primarina, L50, F|100/100|[from] U-turn
|move|p2a: Electabuzz|Electroweb|p1b: Lycanroc|[spread] p1a,p1b
|-damage|p1a: Tyranitar|31/100
|-damage|p1b: Lycanroc|86/100
|-unboost|p1b: Lycanroc|spe|1
|move|p1a: Tyranitar|Knock Off|p2b: Primarina
|-resisted|p2b: Primarina
|-damage|p2b: Primarina|68/100
|-enditem|p2b: Primarina|Sitrus Berry|[from] move: Knock Off|[of] p1a: Tyranitar
|
|-weather|Sandstorm|[upkeep]
|-damage|p2a: Electabuzz|73/100|[from] Sandstorm
|-damage|p2b: Primarina|62/100|[from] Sandstorm
|upkeep
|turn|2
|
|t:|1757859454
|switch|p2a: Incineroar|Incineroar, L50, M|100/100
|-ability|p2a: Incineroar|Intimidate|boost
|-fail|p1a: Tyranitar|unboost|[from] item: Clear Amulet|[of] p1a: Tyranitar
|-unboost|p1b: Lycanroc|atk|1
|switch|p1a: Murkrow|Murkrow, L50, F|100/100
|move|p1b: Lycanroc|Rock Slide|p2a: Incineroar|[spread] p2a,p2b
|-supereffective|p2a: Incineroar
|-damage|p2a: Incineroar|62/100
|-damage|p2b: Primarina|41/100
|move|p2b: Primarina|Hyper Voice|p1b: Lycanroc|[spread] p1a,p1b
|-supereffective|p1b: Lycanroc
|-damage|p1a: Murkrow|75/100
|-damage|p1b: Lycanroc|16/100
|
|-weather|Sandstorm|[upkeep]
|-damage|p1a: Murkrow|69/100|[from] Sandstorm
|-damage|p2b: Primarina|35/100|[from] Sandstorm
|upkeep
|turn|3
|inactive|SengarBlade has 30 seconds left.
|
|t:|1757859484
|-terastallize|p1b: Lycanroc|Ghost
|move|p2a: Incineroar|Fake Out|p1a: Murkrow
|-damage|p1a: Murkrow|55/100
|cant|p1a: Murkrow|flinch
|move|p1b: Lycanroc|Rock Slide|p2a: Incineroar|[spread] p2a
|-miss|p1b: Lycanroc|p2b: Primarina
|-supereffective|p2a: Incineroar
|-damage|p2a: Incineroar|25/100
|move|p2b: Primarina|Moonblast|p1a: Murkrow
|-supereffective|p1a: Murkrow
|-damage|p1a: Murkrow|0 fnt
|faint|p1a: Murkrow
|
|-weather|Sandstorm|[upkeep]
|-damage|p2b: Primarina|29/100|[from] Sandstorm
|upkeep
|
|t:|1757859499
|switch|p1a: Decidueye|Decidueye-Hisui, L50, F|100/100
|turn|4
|
|t:|1757859523
|switch|p2a: Electabuzz|Electabuzz, L50, M|73/100
|move|p2b: Primarina|Protect|p2b: Primarina
|-singleturn|p2b: Primarina|Protect
|move|p1b: Lycanroc|Rock Slide|p2a: Electabuzz|[spread] p2a
|-activate|p2b: Primarina|move: Protect
|-damage|p2a: Electabuzz|57/100
|move|p1a: Decidueye|Leaf Blade|p2b: Primarina
|-activate|p2b: Primarina|move: Protect
|
|-weather|Sandstorm|[upkeep]
|-damage|p2a: Electabuzz|52/100|[from] Sandstorm
|-damage|p2b: Primarina|23/100|[from] Sandstorm
|-damage|p1a: Decidueye|94/100|[from] Sandstorm
|upkeep
|turn|5
|inactive|SengarBlade has 30 seconds left.
|inactive|SengarBlade has 20 seconds left.
|inactive|SengarBlade has 15 seconds left.
|
|t:|1757859565
|switch|p2b: Incineroar|Incineroar, L50, M|25/100
|-ability|p2b: Incineroar|Intimidate|boost
|-fail|p1a: Decidueye|unboost|Attack|[from] ability: Scrappy|[of] p1a: Decidueye
|-unboost|p1b: Lycanroc|atk|1
|move|p1b: Lycanroc|Rock Slide|p2b: Incineroar|[spread] p2a,p2b
|-supereffective|p2b: Incineroar
|-damage|p2a: Electabuzz|39/100
|-damage|p2b: Incineroar|0 fnt
|faint|p2b: Incineroar
|cant|p2a: Electabuzz|flinch
|move|p1a: Decidueye|Leaf Blade|p2a: Electabuzz
|-damage|p2a: Electabuzz|0 fnt
|faint|p2a: Electabuzz
|-damage|p1a: Decidueye|84/100|[from] item: Life Orb
|
|-weather|none
|upkeep
|
|t:|1757859586
|switch|p2a: Primarina|Primarina, L50, F|23/100
|switch|p2b: Dragapult|Dragapult, L50, M|61/100
|turn|6
|inactive|SengarBlade has 30 seconds left.
|inactive|jowemama has 30 seconds left.
|inactive|jowemama has 20 seconds left.
|inactive|jowemama has 15 seconds left.
|inactive|jowemama has 10 seconds left.
|
|t:|1757859634
|switch|p1a: Tyranitar|Tyranitar, L50, M|31/100
|-weather|Sandstorm|[from] ability: Sand Stream|[of] p1a: Tyranitar
|-terastallize|p2b: Dragapult|Dragon
|move|p1b: Lycanroc|Rock Slide|p2b: Dragapult|[spread] p2a,p2b
|-damage|p2a: Primarina|9/100
|-damage|p2b: Dragapult|41/100
|move|p2b: Dragapult|Dragon Darts|p1a: Tyranitar
|-damage|p1a: Tyranitar|0 fnt
|-anim|p2b: Dragapult|Dragon Darts|p1b: Lycanroc
|-damage|p1b: Lycanroc|0 fnt
|faint|p1a: Tyranitar
|faint|p1b: Lycanroc
|move|p2a: Primarina|Moonblast|p1: Tyranitar|[notarget]
|-fail|p2a: Primarina
|
|-weather|Sandstorm|[upkeep]
|-damage|p2b: Dragapult|35/100|[from] Sandstorm
|-damage|p2a: Primarina|3/100|[from] Sandstorm
|upkeep
|
|t:|1757859652
|switch|p1a: Decidueye|Decidueye-Hisui, L50, F|84/100
|turn|7
|
|t:|1757859657
|move|p1a: Decidueye|Protect|p1a: Decidueye
|-singleturn|p1a: Decidueye|Protect
|move|p2b: Dragapult|Dragon Darts|p1a: Decidueye
|-activate|p1a: Decidueye|move: Protect
|move|p2a: Primarina|Moonblast|p1a: Decidueye
|-activate|p1a: Decidueye|move: Protect
|
|-weather|Sandstorm|[upkeep]
|-damage|p2b: Dragapult|29/100|[from] Sandstorm
|-damage|p2a: Primarina|0 fnt|[from] Sandstorm
|-damage|p1a: Decidueye|78/100|[from] Sandstorm
|faint|p2a: Primarina
|upkeep
|turn|8
|
|t:|1757859673
|move|p2b: Dragapult|Dragon Darts|p1a: Decidueye
|-damage|p1a: Decidueye|20/100
|-anim|p2b: Dragapult|Dragon Darts|p1a: Decidueye
|-damage|p1a: Decidueye|0 fnt
|faint|p1a: Decidueye
|
|win|jowemama
|c| KyleTampy|Gg
|l| KyleTampy
|l|☆jowemama
|player|p2|
|l| Oldcow
