|j|☆tessa scarlet
|j|☆dialghite
|html|tessa scarletdialghite    
|uhtml|bestof|Game 2 of a best-of-3
|t:|1756455984
|gametype|doubles
|player|p1|tessa scarlet|102|1375
|player|p2|dialghite|volkner|1436
|gen|9
|tier|[Gen 9] VGC 2025 Reg H (Bo3)
|rated|
|rule|Species Clause: Limit one of each Pokémon
|rule|Item Clause: Limit 1 of each item
|clearpoke
|poke|p1|Gholdengo, L50|
|poke|p1|Sneasler, L50, M|
|poke|p1|Rillaboom, L50, M|
|poke|p1|Dragonite, L50, M|
|poke|p1|Ninetales-Alola, L50, M|
|poke|p1|Arcanine-Hisui, L50, M|
|poke|p2|Whimsicott, L50, M|
|poke|p2|Garchomp, L50, M|
|poke|p2|Indeedee, L50, M|
|poke|p2|Sneasler, L50, M|
|poke|p2|Ursaluna-Bloodmoon, L50, M|
|poke|p2|Archaludon, L50, M|
|teampreview|4
|showteam|p1|Gholdengo||GrassySeed|GoodasGold|NastyPlot,MakeItRain,ShadowBall,Protect||||||50|,,,,,Water]Sneasler||WhiteHerb|Unburden|CloseCombat,DireClaw,Coaching,Protect|||M|||50|,,,,,Ghost]Rillaboom||AssaultVest|GrassySurge|FakeOut,GrassyGlide,DrumBeating,HighHorsepower|||M|||50|,,,,,Fire]Dragonite||LoadedDice|Multiscale|ScaleShot,StompingTantrum,Tailwind,Protect|||M|||50|,,,,,Ground]Ninetales-Alola||FocusSash|SnowWarning|Blizzard,IcyWind,Encore,AuroraVeil|||M|||50|,,,,,Ghost]Arcanine-Hisui||ClearAmulet|Intimidate|RockSlide,FlareBlitz,ExtremeSpeed,Protect|||M|||50|,,,,,Water
|showteam|p2|Whimsicott||CovertCloak|Prankster|Moonblast,Taunt,Tailwind,FakeTears|||M|||50|,,,,,Water]Garchomp||LoadedDice|RoughSkin|ScaleShot,StompingTantrum,SwordsDance,Protect|||M|||50|,,,,,Steel]Indeedee||FocusSash|PsychicSurge|ExpandingForce,TeraBlast,Imprison,TrickRoom|||M|||50|,,,,,Psychic]Sneasler||PsychicSeed|Unburden|CloseCombat,DireClaw,ThroatChop,Protect|||M|||50|,,,,,Dark]Ursaluna-Bloodmoon||LifeOrb|MindsEye|HyperVoice,BloodMoon,EarthPower,Protect|||M|||50|,,,,,Normal]Archaludon||PowerHerb|Stalwart|ElectroShot,DragonPulse,Thunderbolt,Protect|||M|||50|,,,,,Electric
|
|t:|1756455999
|teamsize|p1|4
|teamsize|p2|4
|start
|switch|p1a: Ninetales|Ninetales-Alola, L50, M|100/100
|switch|p1b: Dragonite|Dragonite, L50, M|100/100
|switch|p2a: Sneasler|Sneasler, L50, M|100/100
|switch|p2b: Garchomp|Garchomp, L50, M|100/100
|-weather|Snowscape|[from] ability: Snow Warning|[of] p1a: Ninetales
|turn|1
|
|t:|1756456023
|-terastallize|p2b: Garchomp|Steel
|-terastallize|p1b: Dragonite|Ground
|move|p2a: Sneasler|Protect|p2a: Sneasler
|-singleturn|p2a: Sneasler|Protect
|move|p1a: Ninetales|Blizzard|p2a: Sneasler|[spread] p2b
|-activate|p2a: Sneasler|move: Protect
|-resisted|p2b: Garchomp
|-damage|p2b: Garchomp|84/100
|move|p2b: Garchomp|Scale Shot|p1b: Dragonite
|-damage|p1b: Dragonite|93/100
|-damage|p1b: Dragonite|79/100
|-damage|p1b: Dragonite|64/100
|-damage|p1b: Dragonite|49/100
|-hitcount|p1b: Dragonite|4
|-unboost|p2b: Garchomp|def|1
|-boost|p2b: Garchomp|spe|1
|move|p1b: Dragonite|Scale Shot|p2a: Sneasler
|-activate|p2a: Sneasler|move: Protect
|
|-weather|Snowscape|[upkeep]
|upkeep
|turn|2
|
|t:|1756456049
|move|p1b: Dragonite|Protect|p1b: Dragonite
|-singleturn|p1b: Dragonite|Protect
|move|p2b: Garchomp|Scale Shot|p1b: Dragonite
|-activate|p1b: Dragonite|move: Protect
|move|p1a: Ninetales|Encore|p2a: Sneasler
|-start|p2a: Sneasler|Encore
|move|p2a: Sneasler|Protect||[still]
|-fail|p2a: Sneasler
|
|-weather|Snowscape|[upkeep]
|upkeep
|turn|3
|
|t:|1756456066
|switch|p2a: Whimsicott|Whimsicott, L50, M|100/100
|switch|p1b: Rillaboom|Rillaboom, L50, M|100/100
|-fieldstart|move: Grassy Terrain|[from] ability: Grassy Surge|[of] p1b: Rillaboom
|move|p2b: Garchomp|Scale Shot|p1b: Rillaboom
|-damage|p1b: Rillaboom|86/100
|-damage|p1b: Rillaboom|71/100
|-damage|p1b: Rillaboom|57/100
|-damage|p1b: Rillaboom|43/100
|-hitcount|p1b: Rillaboom|4
|-unboost|p2b: Garchomp|def|1
|-boost|p2b: Garchomp|spe|1
|move|p1a: Ninetales|Aurora Veil|p1a: Ninetales
|-sidestart|p1: tessa scarlet|move: Aurora Veil
|
|-weather|Snowscape|[upkeep]
|-heal|p2b: Garchomp|90/100|[from] Grassy Terrain
|-heal|p1b: Rillaboom|49/100|[from] Grassy Terrain
|upkeep
|turn|4
|
|t:|1756456102
|move|p2a: Whimsicott|Taunt|p1a: Ninetales
|-start|p1a: Ninetales|move: Taunt
|move|p2b: Garchomp|Scale Shot|p1b: Rillaboom
|-damage|p1b: Rillaboom|40/100
|-damage|p1b: Rillaboom|30/100
|-damage|p1b: Rillaboom|21/100
|-damage|p1b: Rillaboom|11/100
|-damage|p1b: Rillaboom|2/100
|-hitcount|p1b: Rillaboom|5
|-unboost|p2b: Garchomp|def|1
|-boost|p2b: Garchomp|spe|1
|move|p1a: Ninetales|Blizzard|p2b: Garchomp|[spread] p2a,p2b
|-supereffective|p2a: Whimsicott
|-resisted|p2b: Garchomp
|-damage|p2a: Whimsicott|20/100
|-damage|p2b: Garchomp|72/100
|move|p1b: Rillaboom|High Horsepower|p2b: Garchomp
|-supereffective|p2b: Garchomp
|-crit|p2b: Garchomp
|-damage|p2b: Garchomp|0 fnt
|-damage|p1b: Rillaboom|0 fnt|[from] ability: Rough Skin|[of] p2b: Garchomp
|faint|p2b: Garchomp
|faint|p1b: Rillaboom
|
|-weather|Snowscape|[upkeep]
|-heal|p2a: Whimsicott|26/100|[from] Grassy Terrain
|upkeep
|
|t:|1756456125
|switch|p2b: Ursaluna|Ursaluna-Bloodmoon, L50, M|100/100
|switch|p1b: Sneasler|Sneasler, L50, M|100/100
|turn|5
|
|t:|1756456141
|move|p1b: Sneasler|Protect|p1b: Sneasler
|-singleturn|p1b: Sneasler|Protect
|move|p2a: Whimsicott|Tailwind|p2a: Whimsicott
|-sidestart|p2: dialghite|move: Tailwind
|move|p2b: Ursaluna|Blood Moon|p1b: Sneasler
|-activate|p1b: Sneasler|move: Protect
|move|p1a: Ninetales|Icy Wind|p2a: Whimsicott|[spread] p2a,p2b
|-supereffective|p2a: Whimsicott
|-supereffective|p2b: Ursaluna
|-damage|p2a: Whimsicott|0 fnt
|-damage|p2b: Ursaluna|58/100
|-unboost|p2b: Ursaluna|spe|1
|faint|p2a: Whimsicott
|
|-weather|none
|-heal|p2b: Ursaluna|64/100|[from] Grassy Terrain
|upkeep
|
|t:|1756456143
|switch|p2a: Sneasler|Sneasler, L50, M|100/100
|turn|6
|
|t:|1756456164
|switch|p1b: Dragonite|Dragonite, L50, M, tera:Ground|49/100
|move|p2b: Ursaluna|Protect|p2b: Ursaluna
|-singleturn|p2b: Ursaluna|Protect
|move|p2a: Sneasler|Dire Claw|p1a: Ninetales
|-supereffective|p1a: Ninetales
|-damage|p1a: Ninetales|9/100
|move|p1a: Ninetales|Icy Wind|p2a: Sneasler|[spread] p2a
|-activate|p2b: Ursaluna|move: Protect
|-damage|p2a: Sneasler|79/100
|-unboost|p2a: Sneasler|spe|1
|
|-heal|p2a: Sneasler|85/100|[from] Grassy Terrain
|-heal|p1a: Ninetales|15/100|[from] Grassy Terrain
|-heal|p2b: Ursaluna|70/100|[from] Grassy Terrain
|-heal|p1b: Dragonite|55/100|[from] Grassy Terrain
|-end|p1a: Ninetales|move: Taunt
|upkeep
|turn|7
|
|t:|1756456182
|move|p2a: Sneasler|Dire Claw|p1a: Ninetales
|-supereffective|p1a: Ninetales
|-damage|p1a: Ninetales|0 fnt
|faint|p1a: Ninetales
|move|p2b: Ursaluna|Blood Moon|p1b: Dragonite
|-damage|p1b: Dragonite|0 fnt
|faint|p1b: Dragonite
|-damage|p2b: Ursaluna|60/100|[from] item: Life Orb
|
|-heal|p2a: Sneasler|91/100|[from] Grassy Terrain
|-heal|p2b: Ursaluna|66/100|[from] Grassy Terrain
|-sideend|p1: tessa scarlet|move: Aurora Veil
|-fieldend|move: Grassy Terrain
|upkeep
|
|t:|1756456187
|switch|p1b: Sneasler|Sneasler, L50, M|100/100
|turn|8
|
|t:|1756456192
|move|p1b: Sneasler|Protect|p1b: Sneasler
|-singleturn|p1b: Sneasler|Protect
|move|p2a: Sneasler|Dire Claw|p1b: Sneasler
|-activate|p1b: Sneasler|move: Protect
|move|p2b: Ursaluna|Earth Power|p1b: Sneasler
|-activate|p1b: Sneasler|move: Protect
|
|-sideend|p2: dialghite|move: Tailwind
|upkeep
|turn|9
|
|t:|1756456202
|move|p1b: Sneasler|Close Combat|p2b: Ursaluna
|-supereffective|p2b: Ursaluna
|-damage|p2b: Ursaluna|0 fnt
|-unboost|p1b: Sneasler|def|1
|-unboost|p1b: Sneasler|spd|1
|faint|p2b: Ursaluna
|-enditem|p1b: Sneasler|White Herb
|-clearnegativeboost|p1b: Sneasler|[silent]
|move|p2a: Sneasler|Dire Claw|p1b: Sneasler
|-resisted|p1b: Sneasler
|-damage|p1b: Sneasler|70/100
|
|upkeep
|turn|10
|
|t:|1756456213
|move|p1b: Sneasler|Dire Claw|p2a: Sneasler
|-resisted|p2a: Sneasler
|-damage|p2a: Sneasler|62/100
|-status|p2a: Sneasler|slp
|cant|p2a: Sneasler|slp
|
|upkeep
|turn|11
|
|t:|1756456219
|move|p1b: Sneasler|Dire Claw|p2a: Sneasler
|-resisted|p2a: Sneasler
|-damage|p2a: Sneasler|33/100 slp
|cant|p2a: Sneasler|slp
|
|upkeep
|turn|12
|
|t:|1756456223
|move|p1b: Sneasler|Close Combat|p2a: Sneasler
|-resisted|p2a: Sneasler
|-damage|p2a: Sneasler|0 fnt
|-unboost|p1b: Sneasler|def|1
|-unboost|p1b: Sneasler|spd|1
|faint|p2a: Sneasler
|
|win|tessa scarlet
|raw|tessa scarlet's rating: 1375 → 1398(+23 for winning)
|raw|dialghite's rating: 1436 → 1413(-23 for losing)
