|j|☆chocokoala vgc
|j|☆mygreat
|html|chocokoala vgcmygreat    
|uhtml|bestof|Game 3 of a best-of-3
|t:|1784825158
|gametype|doubles
|player|p1|chocokoala vgc|benga|1266
|player|p2|mygreat|lance|1192
|gen|9
|tier|[Gen 9 Champions] VGC 2026 Reg M-B (Bo3)
|rated|
|rule|Species Clause: Limit one of each Pokémon
|rule|Item Clause: Limit 1 of each item
|clearpoke
|poke|p1|Slowbro, L50, M|
|poke|p1|Appletun, L50, M|
|poke|p1|Incineroar, L50, F|
|poke|p1|Conkeldurr, L50, F|
|poke|p1|Gholdengo, L50|
|poke|p1|Aerodactyl, L50, F|
|poke|p2|Whimsicott, L50, M|
|poke|p2|Tauros-Paldea-Aqua, L50, M|
|poke|p2|Gholdengo, L50|
|poke|p2|Charizard, L50, F|
|poke|p2|Hydreigon, L50, M|
|poke|p2|Mamoswine, L50, M|
|teampreview|4
|showteam|p1|Slowbro||Slowbronite|Regenerator|Psychic,Scald,Protect,TrickRoom|Modest||M|||50|]Appletun||Leftovers|ThickFat|AppleAcid,DragonPulse,Protect,LeechSeed|Sassy||M|||50|]Incineroar||SitrusBerry|Intimidate|FakeOut,PartingShot,FlareBlitz,DarkestLariat|Careful||F|||50|]Conkeldurr||LifeOrb|IronFist|MachPunch,DrainPunch,Protect,KnockOff|Brave||F|||50|]Gholdengo|||GoodasGold|MakeItRain,ShadowBall,Protect,NastyPlot|Modest|||||50|]Aerodactyl||Aerodactylite|Unnerve|RockSlide,DualWingbeat,Protect,Tailwind|Jolly||F|||50|
|showteam|p2|Whimsicott||FocusSash|Prankster|Moonblast,Encore,Protect,Tailwind|Timid||M|||50|]Tauros-Paldea-Aqua||MysticWater|Intimidate|AquaJet,WaveCrash,CloseCombat,Protect|Adamant||M|||50|]Gholdengo||LifeOrb|GoodasGold|MakeItRain,ShadowBall,PowerGem,Protect|Modest|||||50|]Charizard||CharizarditeY|Blaze|SolarBeam,WeatherBall,HeatWave,Protect|Modest||F|||50|]Hydreigon||ChoiceScarf|Levitate|Snarl,DarkPulse,EarthPower,DracoMeteor|Modest||M|||50|]Mamoswine||ExpertBelt|Oblivious|IceShard,HighHorsepower,Earthquake,Protect|Adamant||M|||50|
|inactive|Battle timer is ON: inactive players will automatically lose when time's up. (requested by mygreat)
|inactive|chocokoala vgc also wants the timer to be on.
|
|t:|1784825172
|teamsize|p1|4
|teamsize|p2|4
|start
|switch|p1a: Incineroar|Incineroar, L50, F|100/100
|switch|p1b: Slowbro|Slowbro, L50, M|100/100
|switch|p2a: Hydreigon|Hydreigon, L50, M|100/100
|switch|p2b: Mamoswine|Mamoswine, L50, M|100/100
|-ability|p1a: Incineroar|Intimidate|boost
|-unboost|p2a: Hydreigon|atk|1
|-fail|p2b: Mamoswine|unboost|Attack|[from] ability: Oblivious|[of] p2b: Mamoswine
|turn|1
|
|t:|1784825182
|move|p1a: Incineroar|Fake Out|p2a: Hydreigon
|-damage|p2a: Hydreigon|86/100
|cant|p2a: Hydreigon|flinch
|move|p2b: Mamoswine|Earthquake|p1a: Incineroar|[spread] p1a,p1b
|-immune|p2a: Hydreigon|[from] ability: Levitate
|-supereffective|p1a: Incineroar|1
|-damage|p1a: Incineroar|12/100
|-damage|p1b: Slowbro|67/100
|-enditem|p1a: Incineroar|Sitrus Berry|[eat]
|-heal|p1a: Incineroar|37/100|[from] item: Sitrus Berry
|move|p1b: Slowbro|Trick Room|p1b: Slowbro
|-fieldstart|move: Trick Room|[of] p1b: Slowbro
|
|upkeep
|turn|2
|
|t:|1784825196
|-heal|p1b: Slowbro|100/100|[from] ability: Regenerator|[silent]
|switch|p1b: Conkeldurr|Conkeldurr, L50, F|100/100
|move|p1a: Incineroar|Parting Shot|p2b: Mamoswine
|-unboost|p2b: Mamoswine|atk|1
|-unboost|p2b: Mamoswine|spa|1
|
|t:|1784825216
|switch|p1a: Appletun|Appletun, L50, M|100/100|[from] Parting Shot
|move|p2b: Mamoswine|Earthquake|p1a: Appletun|[spread] p1a,p1b
|-immune|p2a: Hydreigon|[from] ability: Levitate
|-resisted|p1a: Appletun|1
|-damage|p1a: Appletun|88/100
|-damage|p1b: Conkeldurr|73/100
|move|p2a: Hydreigon|Draco Meteor|p1b: Conkeldurr
|-damage|p1b: Conkeldurr|0 fnt
|-unboost|p2a: Hydreigon|spa|2
|faint|p1b: Conkeldurr
|
|-heal|p1a: Appletun|94/100|[from] item: Leftovers
|upkeep
|
|t:|1784825230
|switch|p1b: Incineroar|Incineroar, L50, F|37/100
|-ability|p1b: Incineroar|Intimidate|boost
|-unboost|p2a: Hydreigon|atk|1
|-fail|p2b: Mamoswine|unboost|Attack|[from] ability: Oblivious|[of] p2b: Mamoswine
|turn|3
|
|t:|1784825242
|switch|p2a: Gholdengo|Gholdengo, L50|100/100
|move|p2b: Mamoswine|Protect|p2b: Mamoswine
|-singleturn|p2b: Mamoswine|Protect
|move|p1a: Appletun|Dragon Pulse|p2a: Gholdengo
|-resisted|p2a: Gholdengo|1
|-damage|p2a: Gholdengo|85/100
|move|p1b: Incineroar|Flare Blitz|p2b: Mamoswine
|-activate|p2b: Mamoswine|move: Protect
|
|-heal|p1a: Appletun|100/100|[from] item: Leftovers
|upkeep
|turn|4
|
|t:|1784825260
|switch|p2b: Charizard|Charizard, L50, F|100/100
|move|p1a: Appletun|Apple Acid|p2b: Charizard
|-resisted|p2b: Charizard|2
|-damage|p2b: Charizard|91/100
|-unboost|p2b: Charizard|spd|1
|move|p1b: Incineroar|Flare Blitz|p2a: Gholdengo
|-supereffective|p2a: Gholdengo|1
|-damage|p2a: Gholdengo|0 fnt
|faint|p2a: Gholdengo
|-damage|p1b: Incineroar|12/100|[from] Recoil
|
|upkeep
|
|t:|1784825267
|switch|p2a: Mamoswine|Mamoswine, L50, M|100/100
|turn|5
|
|t:|1784825284
|switch|p1b: Slowbro|Slowbro, L50, M|100/100
|detailschange|p2b: Charizard|Charizard-Mega-Y, L50, F
|-mega|p2b: Charizard|Charizard|Charizardite Y
|-weather|SunnyDay|[from] ability: Drought|[of] p2b: Charizard
|move|p2a: Mamoswine|Protect|p2a: Mamoswine
|-singleturn|p2a: Mamoswine|Protect
|move|p1a: Appletun|Apple Acid|p2a: Mamoswine
|-activate|p2a: Mamoswine|move: Protect
|move|p2b: Charizard|Heat Wave|p1a: Appletun|[spread] p1a,p1b
|-resisted|p1b: Slowbro|1
|-damage|p1a: Appletun|76/100
|-damage|p1b: Slowbro|73/100
|
|-weather|SunnyDay|[upkeep]
|-heal|p1a: Appletun|82/100|[from] item: Leftovers
|-fieldend|move: Trick Room
|upkeep
|turn|6
|
|t:|1784825303
|move|p1b: Slowbro|Protect|p1b: Slowbro
|-singleturn|p1b: Slowbro|Protect
|move|p2a: Mamoswine|Earthquake|p1a: Appletun|[spread] p1a
|-activate|p1b: Slowbro|move: Protect
|-immune|p2b: Charizard
|-resisted|p1a: Appletun|1
|-damage|p1a: Appletun|64/100
|move|p2b: Charizard|Solar Beam||[still]
|-prepare|p2b: Charizard|Solar Beam
|-anim|p2b: Charizard|Solar Beam|p1b: Slowbro
|-activate|p1b: Slowbro|move: Protect
|move|p1a: Appletun|Apple Acid|p2a: Mamoswine
|-supereffective|p2a: Mamoswine|1
|-damage|p2a: Mamoswine|10/100
|-unboost|p2a: Mamoswine|spd|1
|
|-weather|SunnyDay|[upkeep]
|-heal|p1a: Appletun|70/100|[from] item: Leftovers
|upkeep
|turn|7
|inactive|chocokoala vgc has 30 seconds left.
|
|t:|1784825328
|-heal|p1b: Slowbro|100/100|[from] ability: Regenerator|[silent]
|switch|p1b: Incineroar|Incineroar, L50, F|12/100
|-ability|p1b: Incineroar|Intimidate|boost
|-fail|p2a: Mamoswine|unboost|Attack|[from] ability: Oblivious|[of] p2a: Mamoswine
|-unboost|p2b: Charizard|atk|1
|move|p2a: Mamoswine|Earthquake|p1b: Incineroar|[spread] p1a,p1b
|-immune|p2b: Charizard
|-resisted|p1a: Appletun|1
|-supereffective|p1b: Incineroar|1
|-damage|p1a: Appletun|52/100
|-damage|p1b: Incineroar|0 fnt
|faint|p1b: Incineroar
|move|p2b: Charizard|Solar Beam||[still]
|-prepare|p2b: Charizard|Solar Beam
|-anim|p2b: Charizard|Solar Beam|p1a: Appletun
|-resisted|p1a: Appletun|2
|-crit|p1a: Appletun
|-damage|p1a: Appletun|38/100
|move|p1a: Appletun|Dragon Pulse|p2a: Mamoswine
|-damage|p2a: Mamoswine|0 fnt
|faint|p2a: Mamoswine
|
|-weather|SunnyDay|[upkeep]
|-heal|p1a: Appletun|44/100|[from] item: Leftovers
|upkeep
|
|t:|1784825346
|switch|p2a: Hydreigon|Hydreigon, L50, M|86/100
|switch|p1b: Slowbro|Slowbro, L50, M|100/100
|turn|8
|
|t:|1784825353
|detailschange|p1b: Slowbro|Slowbro-Mega, L50, M
|-mega|p1b: Slowbro|Slowbro|Slowbronite
|move|p1a: Appletun|Protect|p1a: Appletun
|-singleturn|p1a: Appletun|Protect
|move|p2a: Hydreigon|Dark Pulse|p1a: Appletun
|-activate|p1a: Appletun|move: Protect
|move|p2b: Charizard|Solar Beam||[still]
|-prepare|p2b: Charizard|Solar Beam
|-anim|p2b: Charizard|Solar Beam|p1b: Slowbro
|-supereffective|p1b: Slowbro|1
|-damage|p1b: Slowbro|19/100
|move|p1b: Slowbro|Trick Room|p1b: Slowbro
|-fieldstart|move: Trick Room|[of] p1b: Slowbro
|
|-weather|SunnyDay|[upkeep]
|-heal|p1a: Appletun|50/100g|[from] item: Leftovers
|upkeep
|turn|9
|
|t:|1784825371
|move|p1a: Appletun|Dragon Pulse|p2a: Hydreigon
|-supereffective|p2a: Hydreigon|1
|-damage|p2a: Hydreigon|23/100
|move|p1b: Slowbro|Scald|p2a: Hydreigon
|-resisted|p2a: Hydreigon|1
|-damage|p2a: Hydreigon|12/100
|move|p2b: Charizard|Solar Beam||[still]
|-prepare|p2b: Charizard|Solar Beam
|-anim|p2b: Charizard|Solar Beam|p1b: Slowbro
|-supereffective|p1b: Slowbro|1
|-damage|p1b: Slowbro|0 fnt
|faint|p1b: Slowbro
|move|p2a: Hydreigon|Dark Pulse|p1a: Appletun
|-damage|p1a: Appletun|17/100
|
|-weather|none
|-heal|p1a: Appletun|23/100|[from] item: Leftovers
|upkeep
|turn|10
|
|t:|1784825387
|move|p1a: Appletun|Dragon Pulse|p2a: Hydreigon
|-supereffective|p2a: Hydreigon|1
|-damage|p2a: Hydreigon|0 fnt
|faint|p2a: Hydreigon
|move|p2b: Charizard|Heat Wave|p1a: Appletun
|-damage|p1a: Appletun|2/100
|
|-heal|p1a: Appletun|8/100|[from] item: Leftovers
|upkeep
|turn|11
|
|t:|1784825397
|move|p1a: Appletun|Protect|p1a: Appletun
|-singleturn|p1a: Appletun|Protect
|move|p2b: Charizard|Heat Wave|p1a: Appletun
|-activate|p1a: Appletun|move: Protect
|
|-heal|p1a: Appletun|14/100|[from] item: Leftovers
|upkeep
|turn|12
|
|t:|1784825404
|move|p1a: Appletun|Dragon Pulse|p2b: Charizard
|-damage|p2b: Charizard|53/100
|move|p2b: Charizard|Heat Wave|p1a: Appletun
|-damage|p1a: Appletun|0 fnt
|faint|p1a: Appletun
|
|win|mygreat
|raw|chocokoala vgc's rating: 1266 → 1236(-30 for losing)
|raw|mygreat's rating: 1192 → 1222(+30 for winning)
