|j|☆Fell Blue
|j|☆Beanybag
|html|Fell BlueBeanybag    
|uhtml|bestof|Game 1 of a best-of-3
|t:|1784342467
|gametype|doubles
|player|p1|Fell Blue|fantina|1242
|player|p2|Beanybag|101|1239
|gen|9
|tier|[Gen 9 Champions] VGC 2026 Reg M-B (Bo3)
|rated|
|rule|Species Clause: Limit one of each Pokémon
|rule|Item Clause: Limit 1 of each item
|clearpoke
|poke|p1|Mawile, L50, M|
|poke|p1|Liepard, L50, F|
|poke|p1|Annihilape, L50, F|
|poke|p1|Scolipede, L50, F|
|poke|p1|Sinistcha, L50|
|poke|p1|Incineroar, L50, F|
|poke|p2|Incineroar, L50, F, shiny|
|poke|p2|Scovillain, L50, F|
|poke|p2|Sinistcha, L50|
|poke|p2|Bellibolt, L50, M|
|poke|p2|Gengar, L50, M, shiny|
|poke|p2|Araquanid, L50, F, shiny|
|teampreview|4
|showteam|p1|Mawile||Mawilite|HyperCutter|PlayRough,SuckerPunch,Protect,IronDefense|Adamant||M|||50|]Liepard||FocusSash|Prankster|FakeOut,ThunderWave,FoulPlay,Encore|Timid||F|||50|]Annihilape||QuickClaw|Defiant|DrainPunch,Coaching,PhantomForce,Protect|Jolly||F|||50|]Scolipede||Scolipite|SpeedBoost|Protect,GunkShot,LeechLife,BatonPass|Jolly||F|||50|]Sinistcha||KasibBerry|Hospitality|MatchaGotcha,RagePowder,LifeDew,Protect|Bold|||||50|]Incineroar||SitrusBerry|Intimidate|FakeOut,PartingShot,ThroatChop,FlareBlitz|Adamant||F|||50|
|showteam|p2|Incineroar||SitrusBerry|Intimidate|FakeOut,PartingShot,ThroatChop,Protect|Relaxed||F|||50|]Scovillain||Scovillainite|Moody|GigaDrain,LeechSeed,RagePowder,Protect|Calm||F|||50|]Sinistcha||FocusSash|Hospitality|MatchaGotcha,RagePowder,Protect,TrickRoom|Quiet|||||50|]Bellibolt||ShucaBerry|Electromorphosis|Soak,VoltSwitch,ParabolicCharge,Protect|Relaxed||M|||50|]Gengar||Gengarite|CursedBody|GigaDrain,Substitute,PerishSong,Protect|Timid||M|||50|]Araquanid||Leftovers|WaterBubble|Soak,WideGuard,Infestation,Protect|Relaxed||F|||50|
|inactive|Battle timer is ON: inactive players will automatically lose when time's up. (requested by Fell Blue)
|
|t:|1784342555
|teamsize|p1|4
|teamsize|p2|4
|start
|switch|p1a: Annihilape|Annihilape, L50, F|100/100
|switch|p1b: Incineroar|Incineroar, L50, F|100/100
|switch|p2a: SP00KR|Gengar, L50, M, shiny|100/100
|switch|p2b: SQRTTTT|Bellibolt, L50, M|100/100
|-ability|p1b: Incineroar|Intimidate|boost
|-unboost|p2a: SP00KR|atk|1
|-unboost|p2b: SQRTTTT|atk|1
|turn|1
|
|t:|1784342568
|detailschange|p2a: SP00KR|Gengar-Mega, L50, M, shiny
|-mega|p2a: SP00KR|Gengar|Gengarite
|move|p1b: Incineroar|Fake Out|p2b: SQRTTTT
|-damage|p2b: SQRTTTT|91/100
|-start|p2b: SQRTTTT|Charge|Fake Out|[from] ability: Electromorphosis
|move|p2a: SP00KR|Substitute|p2a: SP00KR
|-start|p2a: SP00KR|Substitute
|-damage|p2a: SP00KR|75/100
|move|p1a: Annihilape|Coaching|p1b: Incineroar
|-boost|p1b: Incineroar|atk|1
|-boost|p1b: Incineroar|def|1
|cant|p2b: SQRTTTT|flinch
|
|upkeep
|turn|2
|
|t:|1784342589
|move|p2a: SP00KR|Protect|p2a: SP00KR
|-singleturn|p2a: SP00KR|Protect
|move|p1a: Annihilape|Phantom Force||[still]
|-prepare|p1a: Annihilape|Phantom Force
|move|p1b: Incineroar|Flare Blitz|p2b: SQRTTTT
|-damage|p2b: SQRTTTT|30/100
|-start|p2b: SQRTTTT|Charge|Flare Blitz|[from] ability: Electromorphosis
|-damage|p1b: Incineroar|78/100|[from] Recoil
|move|p2b: SQRTTTT|Soak|p1a: Annihilape|[miss]
|-miss|p2b: SQRTTTT|p1a: Annihilape
|
|upkeep
|turn|3
|inactive|Beanybag has 30 seconds left.
|inactive|Beanybag has 20 seconds left.
|
|t:|1784342626
|move|p2a: SP00KR|Perish Song|p2a: SP00KR
|-miss|p2a: SP00KR|p1a: Annihilape
|-start|p1b: Incineroar|perish3|[silent]
|-start|p2a: SP00KR|perish3|[silent]
|-start|p2b: SQRTTTT|perish3|[silent]
|-fieldactivate|move: Perish Song
|move|p1a: Annihilape|Phantom Force|p2a: SP00KR|[from] lockedmove
|-supereffective|p2a: SP00KR|1
|-end|p2a: SP00KR|Substitute
|move|p1b: Incineroar|Throat Chop|p2b: SQRTTTT
|-damage|p2b: SQRTTTT|0 fnt
|faint|p2b: SQRTTTT
|
|-start|p2a: SP00KR|perish3
|-start|p1b: Incineroar|perish3
|upkeep
|
|t:|1784342641
|switch|p2b: H3LL K1TTY|Incineroar, L50, F, shiny|100/100
|-ability|p2b: H3LL K1TTY|Intimidate|boost
|-unboost|p1a: Annihilape|atk|1
|-ability|p1a: Annihilape|Defiant|boost
|-boost|p1a: Annihilape|atk|2
|-unboost|p1b: Incineroar|atk|1
|turn|4
|-activate|p1a: Annihilape|item: Quick Claw
|
|t:|1784342659
|move|p2b: H3LL K1TTY|Fake Out|p1b: Incineroar
|-damage|p1b: Incineroar|72/100
|move|p1a: Annihilape|Drain Punch|p2b: H3LL K1TTY
|-supereffective|p2b: H3LL K1TTY|1
|-damage|p2b: H3LL K1TTY|10/100
|-enditem|p2b: H3LL K1TTY|Sitrus Berry|[eat]
|-heal|p2b: H3LL K1TTY|35/100|[from] item: Sitrus Berry
|move|p2a: SP00KR|Substitute|p2a: SP00KR
|-start|p2a: SP00KR|Substitute
|-damage|p2a: SP00KR|50/100g
|cant|p1b: Incineroar|flinch
|
|-start|p2a: SP00KR|perish2
|-start|p1b: Incineroar|perish2
|upkeep
|turn|5
|inactive|Beanybag has 30 seconds left.
|
|t:|1784342688
|move|p2a: SP00KR|Protect|p2a: SP00KR
|-singleturn|p2a: SP00KR|Protect
|move|p2b: H3LL K1TTY|Protect|p2b: H3LL K1TTY
|-singleturn|p2b: H3LL K1TTY|Protect
|move|p1a: Annihilape|Phantom Force||[still]
|-prepare|p1a: Annihilape|Phantom Force
|move|p1b: Incineroar|Parting Shot|p2b: H3LL K1TTY
|-activate|p2b: H3LL K1TTY|move: Protect
|
|-start|p2a: SP00KR|perish1
|-start|p1b: Incineroar|perish1
|upkeep
|turn|6
|
|t:|1784342706
|switch|p2a: SUPA SOOKA|Araquanid, L50, F, shiny|100/100
|move|p1a: Annihilape|Phantom Force|p2a: SUPA SOOKA|[from] lockedmove
|-damage|p2a: SUPA SOOKA|52/100
|move|p1b: Incineroar|Throat Chop|p2a: SUPA SOOKA
|-damage|p2a: SUPA SOOKA|24/100
|-start|p2a: SUPA SOOKA|Throat Chop|[silent]
|move|p2b: H3LL K1TTY|Parting Shot|p1b: Incineroar
|-unboost|p1b: Incineroar|atk|1
|-unboost|p1b: Incineroar|spa|1
|
|t:|1784342712
|switch|p2b: SP00KR|Gengar-Mega, L50, M, shiny|50/100g|[from] Parting Shot
|
|-heal|p2a: SUPA SOOKA|30/100|[from] item: Leftovers
|-start|p1b: Incineroar|perish0
|upkeep
|faint|p1b: Incineroar
|
|t:|1784342718
|switch|p1b: Mawile|Mawile, L50, M|100/100
|turn|7
|-message|Beanybag forfeited.
|
|win|Fell Blue
|l|☆Beanybag
|player|p2|
|j|☆Beanybag
|player|p2|Beanybag|101|
||Beanybag is ready for game 2.
