|j|☆MSS23
|j|☆spearow's nest
|html|MSS23spearow's nest    
|uhtml|bestof|Game 2 of a best-of-3
|t:|1755121372
|gametype|doubles
|player|p1|MSS23|ethan|1178
|player|p2|spearow's nest|lance|1202
|gen|9
|tier|[Gen 9] VGC 2025 Reg H (Bo3)
|rated|
|rule|Species Clause: Limit one of each Pokémon
|rule|Item Clause: Limit 1 of each item
|clearpoke
|poke|p1|Rillaboom, L50, F|
|poke|p1|Electabuzz, L50, F|
|poke|p1|Dragonite, L50, F|
|poke|p1|Kingambit, L50, F|
|poke|p1|Sneasler, L50, M|
|poke|p1|Volcarona, L50, F|
|poke|p2|Sneasler, L50, F|
|poke|p2|Rillaboom, L50, F|
|poke|p2|Kingambit, L50, M|
|poke|p2|Magmar, L50, F|
|poke|p2|Basculegion, L50, M|
|poke|p2|Ninetales-Alola, L50, F|
|teampreview|4
|showteam|p1|Rillaboom||AssaultVest|GrassySurge|FakeOut,WoodHammer,HighHorsepower,GrassyGlide|||F|||50|,,,,,Fire]Electabuzz||Eviolite|VitalSpirit|Thunderbolt,FollowMe,Taunt,Protect|||F|||50|,,,,,Fairy]Dragonite||LoadedDice|Multiscale|ExtremeSpeed,ScaleShot,Haze,Protect|||F|||50|,,,,,Fairy]Kingambit||BlackGlasses|Defiant|KowtowCleave,SuckerPunch,SwordsDance,Protect|||F|||50|,,,,,Dark]Sneasler||FocusSash|Unburden|CloseCombat,DireClaw,Coaching,FakeOut|||M|||50|,,,,,Stellar]Volcarona||CovertCloak|FlameBody|HeatWave,GigaDrain,QuiverDance,Protect|||F|||50|,,,,,Dragon
|showteam|p2|Sneasler||FocusSash|Unburden|CloseCombat,DireClaw,FakeOut,Protect|||F|||50|,,,,,Stellar]Rillaboom||AssaultVest|GrassySurge|WoodHammer,GrassyGlide,Uturn,FakeOut|||F|||50|,,,,,Ghost]Kingambit||BlackGlasses|Defiant|KowtowCleave,SuckerPunch,SwordsDance,Protect|||M|||50|,,,,,Ghost]Magmar||Eviolite|VitalSpirit|Overheat,Taunt,FollowMe,Protect|||F|||50|,,,,,Ghost]Basculegion||ChoiceScarf|Adaptability|WaveCrash,TeraBlast,FlipTurn,LastRespects|||M|||50|,,,,,Fighting]Ninetales-Alola||LifeOrb|SnowWarning|Blizzard,FreezeDry,Encore,Protect|||F|||50|,,,,,Ghost
|
|t:|1755121385
|teamsize|p1|4
|teamsize|p2|4
|start
|switch|p1a: Sneasler|Sneasler, L50, M|100/100
|switch|p1b: Rillaboom|Rillaboom, L50, F|100/100
|switch|p2a: Rillaboom|Rillaboom, L50, F|100/100
|switch|p2b: Kingambit|Kingambit, L50, M|100/100
|-fieldstart|move: Grassy Terrain|[from] ability: Grassy Surge|[of] p2a: Rillaboom
|turn|1
|
|t:|1755121441
|move|p2a: Rillaboom|Fake Out|p1a: Sneasler
|-damage|p1a: Sneasler|77/100
|cant|p1a: Sneasler|flinch
|move|p1b: Rillaboom|Wood Hammer|p2b: Kingambit
|-resisted|p2b: Kingambit
|-damage|p2b: Kingambit|68/100
|-damage|p1b: Rillaboom|90/100|[from] Recoil
|move|p2b: Kingambit|Swords Dance|p2b: Kingambit
|-boost|p2b: Kingambit|atk|2
|
|-heal|p1a: Sneasler|82/100|[from] Grassy Terrain
|-heal|p1b: Rillaboom|96/100|[from] Grassy Terrain
|-heal|p2b: Kingambit|74/100|[from] Grassy Terrain
|upkeep
|turn|2
|
|t:|1755121456
|-terastallize|p2b: Kingambit|Ghost
|move|p1a: Sneasler|Coaching|p1b: Rillaboom
|-boost|p1b: Rillaboom|atk|1
|-boost|p1b: Rillaboom|def|1
|move|p2a: Rillaboom|U-turn|p1b: Rillaboom
|-supereffective|p1b: Rillaboom
|-damage|p1b: Rillaboom|64/100
|
|t:|1755121463
|switch|p2a: Sneasler|Sneasler, L50, F|100/100|[from] U-turn
|move|p1b: Rillaboom|High Horsepower|p2b: Kingambit
|-damage|p2b: Kingambit|34/100
|move|p2b: Kingambit|Kowtow Cleave|p1b: Rillaboom
|-damage|p1b: Rillaboom|0 fnt
|faint|p1b: Rillaboom
|
|-heal|p1a: Sneasler|88/100|[from] Grassy Terrain
|-heal|p2b: Kingambit|40/100|[from] Grassy Terrain
|upkeep
|
|t:|1755121478
|switch|p1b: Volcarona|Volcarona, L50, F|100/100
|turn|3
|
|t:|1755121489
|move|p2a: Sneasler|Fake Out|p1a: Sneasler
|-damage|p1a: Sneasler|64/100
|cant|p1a: Sneasler|flinch
|move|p1b: Volcarona|Quiver Dance|p1b: Volcarona
|-boost|p1b: Volcarona|spa|1
|-boost|p1b: Volcarona|spd|1
|-boost|p1b: Volcarona|spe|1
|move|p2b: Kingambit|Kowtow Cleave|p1b: Volcarona
|-damage|p1b: Volcarona|0 fnt
|faint|p1b: Volcarona
|
|-heal|p1a: Sneasler|70/100|[from] Grassy Terrain
|-heal|p2b: Kingambit|46/100|[from] Grassy Terrain
|upkeep
|
|t:|1755121499
|switch|p1b: Kingambit|Kingambit, L50, F|100/100
|turn|4
|
|t:|1755121516
|-terastallize|p1b: Kingambit|Dark
|move|p2b: Kingambit|Sucker Punch|p1a: Sneasler
|-resisted|p1a: Sneasler
|-damage|p1a: Sneasler|0 fnt
|faint|p1a: Sneasler
|move|p1b: Kingambit|Sucker Punch||[still]
|-fail|p1b: Kingambit
|move|p2a: Sneasler|Close Combat|p1b: Kingambit
|-supereffective|p1b: Kingambit
|-damage|p1b: Kingambit|10/100
|-unboost|p2a: Sneasler|def|1
|-unboost|p2a: Sneasler|spd|1
|
|-heal|p2b: Kingambit|52/100|[from] Grassy Terrain
|-heal|p1b: Kingambit|16/100|[from] Grassy Terrain
|upkeep
|turn|5
|c|☆spearow's nest|gg
|-message|MSS23 forfeited.
|
|win|spearow's nest
|raw|MSS23's rating: 1178 → 1155(-23 for losing)
|raw|spearow's nest's rating: 1202 → 1225(+23 for winning)
