|j|☆none0279
|j|☆marriage4ever
|html|none0279marriage4ever    
|uhtml|bestof|Game 1 of a best-of-3
|t:|1783458761
|gametype|doubles
|player|p1|none0279|cynthia|1164
|player|p2|marriage4ever|backersf|1155
|gen|9
|tier|[Gen 9 Champions] VGC 2026 Reg M-B (Bo3)
|rated|
|rule|Species Clause: Limit one of each Pokémon
|rule|Item Clause: Limit 1 of each item
|clearpoke
|poke|p1|Gengar, L50, M|
|poke|p1|Hydreigon, L50, F|
|poke|p1|Sinistcha, L50|
|poke|p1|Grimmsnarl, L50, M|
|poke|p1|Rotom-Heat, L50|
|poke|p1|Sneasler, L50, M|
|poke|p2|Floette-Eternal, L50, F|
|poke|p2|Basculegion, L50, M|
|poke|p2|Kingambit, L50, M|
|poke|p2|Sinistcha, L50|
|poke|p2|Sneasler, L50, F|
|poke|p2|Ceruledge, L50, M|
|teampreview|4
|showteam|p1|Gengar||Gengarite|CursedBody|ShadowBall,SludgeBomb,Protect,Taunt|Modest||M|||50|]Hydreigon||ChoiceScarf|Levitate|DracoMeteor,DarkPulse,Snarl,EarthPower|Modest||F|||50|]Sinistcha||SitrusBerry|Hospitality|MatchaGotcha,RagePowder,LifeDew,StrengthSap|Bold|||||50|]Grimmsnarl||LightClay|Prankster|LightScreen,Reflect,SpiritBreak,FakeOut|Calm||M|||50|]Rotom-Heat||Magnet|Levitate|Overheat,Thunderbolt,Protect,VoltSwitch|Modest|||||50|]Sneasler||WhiteHerb|Unburden|DireClaw,CloseCombat,FakeOut,Protect|Adamant||M|||50|
|showteam|p2|Floette-Eternal||Floettite|FlowerVeil|Moonblast,CalmMind,Protect,DazzlingGleam|Modest||F|||50|]Basculegion||ChoiceScarf|Adaptability|WaveCrash,FlipTurn,AquaJet,LastRespects|Jolly||M|||50|]Kingambit||BlackGlasses|Defiant|KowtowCleave,IronHead,SuckerPunch,Protect|Adamant||M|||50|]Sinistcha||Leftovers|Hospitality|RagePowder,MatchaGotcha,TrickRoom,LifeDew|Bold|||||50|]Sneasler||WhiteHerb|Unburden|DireClaw,FakeOut,Coaching,CloseCombat|Jolly||F|||50|]Ceruledge||ColburBerry|FlashFire|BulkUp,BitterBlade,Protect,ShadowSneak|Adamant||M|||50|
|inactive|Battle timer is ON: inactive players will automatically lose when time's up. (requested by marriage4ever)
|inactive|none0279 also wants the timer to be on.
|inactive|none0279 has 60 seconds left.
|inactive|marriage4ever has 60 seconds left.
|inactive|marriage4ever has 30 seconds left.
|
|t:|1783458826
|teamsize|p1|4
|teamsize|p2|4
|start
|switch|p1a: Rotom|Rotom-Heat, L50|100/100
|switch|p1b: Grimmsnarl|Grimmsnarl, L50, M|100/100
|switch|p2a: Danny|Ceruledge, L50, M|100/100
|switch|p2b: Queen Ebony|Kingambit, L50, M|100/100
|turn|1
|inactive|none0279 has 30 seconds left.
|
|t:|1783458854
|move|p1b: Grimmsnarl|Reflect|p1b: Grimmsnarl
|-sidestart|p1: none0279|Reflect
|move|p1a: Rotom|Thunderbolt|p2a: Danny
|-damage|p2a: Danny|58/100
|move|p2a: Danny|Bulk Up|p2a: Danny
|-boost|p2a: Danny|atk|1
|-boost|p2a: Danny|def|1
|move|p2b: Queen Ebony|Iron Head|p1b: Grimmsnarl
|-supereffective|p1b: Grimmsnarl|1
|-damage|p1b: Grimmsnarl|30/100
|
|upkeep
|turn|2
|
|t:|1783458868
|move|p2a: Danny|Shadow Sneak|p1a: Rotom
|-damage|p1a: Rotom|80/100
|move|p1b: Grimmsnarl|Light Screen|p1b: Grimmsnarl
|-sidestart|p1: none0279|move: Light Screen
|move|p2b: Queen Ebony|Sucker Punch|p1a: Rotom
|-damage|p1a: Rotom|49/100
|move|p1a: Rotom|Overheat|p2b: Queen Ebony
|-supereffective|p2b: Queen Ebony|1
|-damage|p2b: Queen Ebony|1/100
|-unboost|p1a: Rotom|spa|2
|
|upkeep
|turn|3
|inactive|marriage4ever has 30 seconds left.
|
|t:|1783458893
|switch|p1a: Hydreigon|Hydreigon, L50, F|100/100
|switch|p2b: Breaker|Basculegion, L50, M|100/100
|move|p2a: Danny|Bitter Blade|p1b: Grimmsnarl
|-crit|p1b: Grimmsnarl
|-damage|p1b: Grimmsnarl|0 fnt
|-heal|p2a: Danny|75/100|[from] drain|[of] p1b: Grimmsnarl
|faint|p1b: Grimmsnarl
|
|upkeep
|
|t:|1783458906
|switch|p1b: Gengar|Gengar, L50, M|100/100
|turn|4
|
|t:|1783458914
|switch|p2b: Queen Ebony|Kingambit, L50, M|1/100
|detailschange|p1b: Gengar|Gengar-Mega, L50, M
|-mega|p1b: Gengar|Gengar|Gengarite
|move|p2a: Danny|Shadow Sneak|p1b: Gengar
|-supereffective|p1b: Gengar|1
|-damage|p1b: Gengar|44/100
|move|p1a: Hydreigon|Dark Pulse|p2b: Queen Ebony
|-resisted|p2b: Queen Ebony|1
|-crit|p2b: Queen Ebony
|-damage|p2b: Queen Ebony|0 fnt
|faint|p2b: Queen Ebony
|move|p1b: Gengar|Shadow Ball|p2a: Danny
|-supereffective|p2a: Danny|1
|-damage|p2a: Danny|0 fnt
|faint|p2a: Danny
|
|upkeep
|
|t:|1783458928
|switch|p2a: Iris|Floette-Eternal, L50, F|100/100
|switch|p2b: Breaker|Basculegion, L50, M|100/100
|turn|5
|
|t:|1783458935
|switch|p1b: Rotom|Rotom-Heat, L50|49/100
|detailschange|p2a: Iris|Floette-Mega, L50, F
|-mega|p2a: Iris|Floette|Floettite
|-ability|p2a: Iris|Fairy Aura
|move|p1a: Hydreigon|Dark Pulse|p2b: Breaker
|-supereffective|p2b: Breaker|1
|-damage|p2b: Breaker|2/100
|cant|p2b: Breaker|flinch
|move|p2a: Iris|Dazzling Gleam|p1a: Hydreigon|[spread] p1a,p1b
|-supereffective|p1a: Hydreigon|2
|-resisted|p1b: Rotom|1
|-damage|p1a: Hydreigon|0 fnt
|-damage|p1b: Rotom|31/100
|faint|p1a: Hydreigon
|
|upkeep
|
|t:|1783458947
|switch|p1a: Gengar|Gengar-Mega, L50, M|44/100
|turn|6
|
|t:|1783458951
|move|p1b: Rotom|Protect|p1b: Rotom
|-singleturn|p1b: Rotom|Protect
|move|p2b: Breaker|Last Respects|p1a: Gengar
|-supereffective|p1a: Gengar|1
|-damage|p1a: Gengar|0 fnt
|faint|p1a: Gengar
|move|p2a: Iris|Dazzling Gleam|p1b: Rotom
|-activate|p1b: Rotom|move: Protect
|
|upkeep
|turn|7
|-message|none0279 forfeited.
|
|win|marriage4ever
|l|☆none0279
|player|p1|
