|j|☆trevyah
|j|☆palle synchro
|html|trevyahpalle synchro    
|uhtml|bestof|Game 2 of a best-of-3
|t:|1785850501
|gametype|doubles
|player|p1|trevyah|trevor|1468
|player|p2|palle synchro|ethan|1415
|gen|9
|tier|[Gen 9 Champions] VGC 2026 Reg M-B (Bo3)
|rated|
|rule|Species Clause: Limit one of each Pokémon
|rule|Item Clause: Limit 1 of each item
|clearpoke
|poke|p1|Incineroar, L50, F|
|poke|p1|Toxapex, L50, M|
|poke|p1|Froslass, L50, F|
|poke|p1|Kingambit, L50, M|
|poke|p1|Dragonite, L50, M|
|poke|p1|Blaziken, L50, F|
|poke|p2|Whimsicott, L50, F|
|poke|p2|Basculegion, L50, M|
|poke|p2|Kingambit, L50, F|
|poke|p2|Floette-Eternal, L50, F|
|poke|p2|Garchomp, L50, M|
|poke|p2|Charizard, L50, F|
|teampreview|4
|showteam|p1|Incineroar||SitrusBerry|Intimidate|FlareBlitz,ThroatChop,PartingShot,FakeOut|Careful||F|||50|]Toxapex||Leftovers|Regenerator|Toxic,Infestation,WideGuard,BanefulBunker|Impish||M|||50|]Froslass||Froslassite|CursedBody|Blizzard,ShadowBall,AuroraVeil,Protect|Modest||F|||50|]Kingambit||FocusSash|Defiant|KowtowCleave,IronHead,SuckerPunch,Protect|Adamant||M|||50|]Dragonite||LifeOrb|InnerFocus|DragonClaw,ExtremeSpeed,Superpower,Protect|Adamant||M|||50|]Blaziken||Blazikenite|SpeedBoost|CloseCombat,FlareBlitz,RockSlide,Detect|Adamant||F|||50|
|showteam|p2|Whimsicott||FocusSash|Prankster|Protect,Moonblast,Tailwind,Encore|Timid||F|||50|]Basculegion||MysticWater|Adaptability|WaveCrash,Protect,LastRespects,AquaJet|Adamant||M|||50|]Kingambit||ChopleBerry|Defiant|KowtowCleave,LowKick,SuckerPunch,IronHead|Adamant||F|||50|]Floette-Eternal||Floettite|FlowerVeil|Moonblast,DazzlingGleam,LightofRuin,Protect|Modest||F|||50|]Garchomp||LifeOrb|RoughSkin|Protect,StompingTantrum,DragonClaw,RockSlide|Jolly||M|||50|]Charizard||CharizarditeY|Blaze|HeatWave,SolarBeam,WeatherBall,Protect|Modest||F|||50|
|inactive|Battle timer is ON: inactive players will automatically lose when time's up. (requested by palle synchro)
|
|t:|1785850532
|teamsize|p1|4
|teamsize|p2|4
|start
|switch|p1a: Incineroar|Incineroar, L50, F|100/100
|switch|p1b: Dragonite|Dragonite, L50, M|100/100
|switch|p2a: Charizard|Charizard, L50, F|100/100
|switch|p2b: Garchomp|Garchomp, L50, M|100/100
|-ability|p1a: Incineroar|Intimidate|boost
|-unboost|p2a: Charizard|atk|1
|-unboost|p2b: Garchomp|atk|1
|turn|1
|inactive|palle synchro has 30 seconds left.
|inactive|palle synchro has 20 seconds left.
|
|t:|1785850568
|switch|p2a: Kingambit|Kingambit, L50, F|100/100
|move|p2b: Garchomp|Protect|p2b: Garchomp
|-singleturn|p2b: Garchomp|Protect
|move|p1a: Incineroar|Fake Out|p2b: Garchomp
|-activate|p2b: Garchomp|move: Protect
|move|p1b: Dragonite|Dragon Claw|p2a: Kingambit
|-resisted|p2a: Kingambit|1
|-damage|p2a: Kingambit|76/100
|-damage|p1b: Dragonite|90/100|[from] item: Life Orb
|
|upkeep
|turn|2
|inactive|trevyah has 30 seconds left.
|
|t:|1785850594
|move|p1b: Dragonite|Protect|p1b: Dragonite
|-singleturn|p1b: Dragonite|Protect
|move|p2b: Garchomp|Rock Slide|p1a: Incineroar|[spread] p1a
|-activate|p1b: Dragonite|move: Protect
|-supereffective|p1a: Incineroar|1
|-damage|p1a: Incineroar|72/100
|-damage|p2b: Garchomp|90/100|[from] item: Life Orb
|cant|p1a: Incineroar|flinch
|move|p2a: Kingambit|Low Kick|p1a: Incineroar
|-supereffective|p1a: Incineroar|1
|-damage|p1a: Incineroar|23/100
|-enditem|p1a: Incineroar|Sitrus Berry|[eat]
|-heal|p1a: Incineroar|48/100|[from] item: Sitrus Berry
|
|upkeep
|turn|3
|
|t:|1785850614
|move|p1b: Dragonite|Protect|p1b: Dragonite
|-singleturn|p1b: Dragonite|Protect
|move|p2a: Kingambit|Sucker Punch||[still]
|-fail|p2a: Kingambit
|move|p2b: Garchomp|Stomping Tantrum|p1a: Incineroar
|-supereffective|p1a: Incineroar|1
|-damage|p1a: Incineroar|0 fnt
|faint|p1a: Incineroar
|-damage|p2b: Garchomp|80/100|[from] item: Life Orb
|
|upkeep
|
|t:|1785850626
|switch|p1a: Froslass|Froslass, L50, F|100/100
|turn|4
|
|t:|1785850636
|detailschange|p1a: Froslass|Froslass-Mega, L50, F
|-mega|p1a: Froslass|Froslass|Froslassite
|-weather|Snowscape|[from] ability: Snow Warning|[of] p1a: Froslass
|move|p2b: Garchomp|Protect|p2b: Garchomp
|-singleturn|p2b: Garchomp|Protect
|move|p2a: Kingambit|Sucker Punch|p1b: Dragonite
|-damage|p1b: Dragonite|48/100
|move|p1a: Froslass|Blizzard|p2b: Garchomp|[spread] p2a
|-activate|p2b: Garchomp|move: Protect
|-resisted|p2a: Kingambit|1
|-damage|p2a: Kingambit|58/100
|move|p1b: Dragonite|Superpower|p2a: Kingambit
|-supereffective|p2a: Kingambit|2
|-enditem|p2a: Kingambit|Chople Berry|[eat]
|-enditem|p2a: Kingambit|Chople Berry|[weaken]
|-damage|p2a: Kingambit|0 fnt
|-unboost|p1b: Dragonite|atk|1
|-unboost|p1b: Dragonite|def|1
|faint|p2a: Kingambit
|-damage|p1b: Dragonite|39/100|[from] item: Life Orb
|
|-weather|Snowscape|[upkeep]
|upkeep
|
|t:|1785850652
|switch|p2a: Charizard|Charizard, L50, F|100/100
|turn|5
|
|t:|1785850673
|switch|p1b: Toxapex|Toxapex, L50, M|100/100
|detailschange|p2a: Charizard|Charizard-Mega-Y, L50, F
|-mega|p2a: Charizard|Charizard|Charizardite Y
|-weather|SunnyDay|[from] ability: Drought|[of] p2a: Charizard
|move|p1a: Froslass|Protect|p1a: Froslass
|-singleturn|p1a: Froslass|Protect
|move|p2b: Garchomp|Dragon Claw|p1b: Toxapex
|-damage|p1b: Toxapex|75/100
|-damage|p2b: Garchomp|70/100|[from] item: Life Orb
|move|p2a: Charizard|Heat Wave|p1b: Toxapex|[spread] p1b
|-activate|p1a: Froslass|move: Protect
|-resisted|p1b: Toxapex|1
|-damage|p1b: Toxapex|51/100
|
|-weather|SunnyDay|[upkeep]
|-heal|p1b: Toxapex|57/100|[from] item: Leftovers
|upkeep
|turn|6
|inactive|trevyah has 30 seconds left.
|inactive|trevyah has 20 seconds left.
|
|t:|1785850711
|switch|p1a: Dragonite|Dragonite, L50, M|39/100
|switch|p2a: Basculegion|Basculegion, L50, M|100/100
|move|p2b: Garchomp|Dragon Claw|p1a: Dragonite
|-supereffective|p1a: Dragonite|1
|-damage|p1a: Dragonite|0 fnt
|faint|p1a: Dragonite
|-damage|p2b: Garchomp|61/100|[from] item: Life Orb
|move|p1b: Toxapex|Infestation|p2a: Basculegion
|-resisted|p2a: Basculegion|1
|-damage|p2a: Basculegion|98/100
|-activate|p2a: Basculegion|move: Infestation|[of] p1b: Toxapex
|
|-weather|SunnyDay|[upkeep]
|-heal|p1b: Toxapex|63/100|[from] item: Leftovers
|-damage|p2a: Basculegion|86/100|[from] move: Infestation|[partiallytrapped]
|upkeep
|
|t:|1785850719
|switch|p1a: Froslass|Froslass-Mega, L50, F|100/100
|-weather|Snowscape|[from] ability: Snow Warning|[of] p1a: Froslass
|turn|7
|
|t:|1785850731
|move|p1b: Toxapex|Baneful Bunker|p1b: Toxapex
|-singleturn|p1b: Toxapex|move: Protect
|move|p1a: Froslass|Shadow Ball|p2a: Basculegion
|-supereffective|p2a: Basculegion|1
|-damage|p2a: Basculegion|0 fnt
|faint|p2a: Basculegion
|move|p2b: Garchomp|Stomping Tantrum|p1b: Toxapex
|-activate|p1b: Toxapex|move: Protect
|-status|p2b: Garchomp|psn
|
|-weather|Snowscape|[upkeep]
|-heal|p1b: Toxapex|68/100|[from] item: Leftovers
|-damage|p2b: Garchomp|48/100 psn|[from] psn
|upkeep
|
|t:|1785850734
|switch|p2a: Charizard|Charizard-Mega-Y, L50, F|100/100
|-weather|SunnyDay|[from] ability: Drought|[of] p2a: Charizard
|turn|8
|
|t:|1785850750
|move|p1a: Froslass|Blizzard|p2b: Garchomp|[spread] 
|-miss|p1a: Froslass|p2a: Charizard
|-miss|p1a: Froslass|p2b: Garchomp
|move|p2b: Garchomp|Stomping Tantrum|p1b: Toxapex
|-supereffective|p1b: Toxapex|1
|-damage|p1b: Toxapex|24/100
|-damage|p2b: Garchomp|38/100 psn|[from] item: Life Orb
|move|p2a: Charizard|Weather Ball|p1a: Froslass
|-supereffective|p1a: Froslass|1
|-damage|p1a: Froslass|0 fnt
|faint|p1a: Froslass
|move|p1b: Toxapex|Toxic|p2a: Charizard
|-status|p2a: Charizard|tox
|
|-weather|SunnyDay|[upkeep]
|-heal|p1b: Toxapex|29/100|[from] item: Leftovers
|-damage|p2b: Garchomp|26/100 psn|[from] psn
|-damage|p2a: Charizard|94/100 tox|[from] psn
|upkeep
|turn|9
|j| harry maybourne
|
|t:|1785850768
|move|p1b: Toxapex|Baneful Bunker|p1b: Toxapex
|-singleturn|p1b: Toxapex|move: Protect
|move|p2b: Garchomp|Rock Slide|p1b: Toxapex
|-activate|p1b: Toxapex|move: Protect
|move|p2a: Charizard|Solar Beam||[still]
|-prepare|p2a: Charizard|Solar Beam
|-anim|p2a: Charizard|Solar Beam|p1b: Toxapex
|-activate|p1b: Toxapex|move: Protect
|
|-weather|SunnyDay|[upkeep]
|-heal|p1b: Toxapex|35/100|[from] item: Leftovers
|-damage|p2b: Garchomp|14/100 psn|[from] psn
|-damage|p2a: Charizard|82/100 tox|[from] psn
|upkeep
|turn|10
|l| harry maybourne
|inactive|trevyah has 30 seconds left.
|inactive|trevyah has 20 seconds left.
|inactive|trevyah has 15 seconds left.
|c|☆trevyah|Hi skill game olay
|inactive|trevyah has 10 seconds left.
|-message|trevyah forfeited.
|raw|trevyah's rating: 1468 → 1445(-23 for losing)
|raw|palle synchro's rating: 1415 → 1438(+23 for winning)
|
|win|palle synchro
