|j|☆ak47Akimbo
|j|☆AntonioCartana
|html|ak47AkimboAntonioCartana    
|uhtml|bestof|Game 3 of a best-of-3
|t:|1757175728
|gametype|doubles
|player|p1|ak47Akimbo|wattson|1016
|player|p2|AntonioCartana|bruno|1067
|gen|9
|tier|[Gen 9] VGC 2025 Reg H (Bo3)
|rated|
|rule|Species Clause: Limit one of each Pokémon
|rule|Item Clause: Limit 1 of each item
|clearpoke
|poke|p1|Torkoal, L50, M|
|poke|p1|Indeedee-F, L50, F|
|poke|p1|Typhlosion, L50, M|
|poke|p1|Armarouge, L50, M|
|poke|p1|Magmar, L50, F|
|poke|p1|Murkrow, L50, F|
|poke|p2|Ursaluna, L50, M|
|poke|p2|Gholdengo, L50|
|poke|p2|Porygon2, L50|
|poke|p2|Amoonguss, L50, M|
|poke|p2|Incineroar, L50, F|
|poke|p2|Dragonite, L50, F|
|teampreview|4
|showteam|p1|Torkoal||QuickClaw|Drought|Eruption,EarthPower,HeatWave,Protect|||M|||50|,,,,,Stellar]Indeedee-F||BrightPowder|PsychicSurge|TrickRoom,HelpingHand,Psychic,Protect|||F|||50|,,,,,Dark]Typhlosion||ChoiceScarf|FlashFire|LavaPlume,Eruption,ShadowBall,SolarBeam|||M|||50|,,,,,Grass]Armarouge||CovertCloak|FlashFire|TrickRoom,LavaPlume,Protect,ExpandingForce|||M|||50|,,,,,Grass]Magmar||Eviolite|VitalSpirit|LavaPlume,FollowMe,Taunt,HelpingHand|||F|||50|,,,,,Flying]Murkrow||FocusSash|Prankster|Tailwind,SunnyDay,BraveBird,FoulPlay|||F|||50|,,,,,Flying
|showteam|p2|Ursaluna||FlameOrb|Guts|Facade,Earthquake,HeadlongRush,Protect|||M|||50|,,,,,Ghost]Gholdengo||LifeOrb|GoodasGold|MakeItRain,ShadowBall,NastyPlot,Protect||||||50|,,,,,Water]Porygon2||Eviolite|Download|TeraBlast,IceBeam,Recover,TrickRoom||||||50|,,,,,Fighting]Amoonguss||CovertCloak|Regenerator|PollenPuff,ClearSmog,RagePowder,Spore|||M|||50|,,,,,Water]Incineroar||SitrusBerry|Intimidate|FakeOut,FlareBlitz,KnockOff,PartingShot|||F|||50|,,,,,Ghost]Dragonite||LoadedDice|Multiscale|ScaleShot,Tailwind,IceSpinner,Protect|||F|||50|,,,,,Fairy
|inactive|Battle timer is ON: inactive players will automatically lose when time's up. (requested by AntonioCartana)
|inactive|ak47Akimbo has 60 seconds left.
|
|t:|1757175781
|teamsize|p1|4
|teamsize|p2|4
|start
|switch|p1a: Murkrow|Murkrow, L50, F|100/100
|switch|p1b: Typhlosion|Typhlosion, L50, M|100/100
|switch|p2a: giuanni|Dragonite, L50, F|100/100
|switch|p2b: Ursaluna|Ursaluna, L50, M|100/100
|turn|1
|
|t:|1757175796
|move|p2b: Ursaluna|Protect|p2b: Ursaluna
|-singleturn|p2b: Ursaluna|Protect
|move|p1a: Murkrow|Sunny Day|p1a: Murkrow
|-weather|SunnyDay
|move|p1b: Typhlosion|Eruption|p2a: giuanni|[spread] p2a
|-activate|p2b: Ursaluna|move: Protect
|-resisted|p2a: giuanni
|-damage|p2a: giuanni|82/100
|move|p2a: giuanni|Tailwind|p2a: giuanni
|-sidestart|p2: AntonioCartana|move: Tailwind
|
|-weather|SunnyDay|[upkeep]
|-status|p2b: Ursaluna|brn|[from] item: Flame Orb
|upkeep
|turn|2
|
|t:|1757175811
|move|p1a: Murkrow|Tailwind|p1a: Murkrow
|-sidestart|p1: ak47Akimbo|move: Tailwind
|move|p1b: Typhlosion|Eruption|p2a: giuanni|[spread] p2a,p2b
|-resisted|p2a: giuanni
|-damage|p2a: giuanni|43/100
|-damage|p2b: Ursaluna|22/100 brn
|move|p2a: giuanni|Scale Shot|p1b: Typhlosion
|-damage|p1b: Typhlosion|81/100
|-damage|p1b: Typhlosion|63/100
|-damage|p1b: Typhlosion|42/100
|-damage|p1b: Typhlosion|22/100
|-hitcount|p1b: Typhlosion|4
|-unboost|p2a: giuanni|def|1
|-boost|p2a: giuanni|spe|1
|move|p2b: Ursaluna|Facade|p1b: Typhlosion
|-damage|p1b: Typhlosion|0 fnt
|faint|p1b: Typhlosion
|
|-weather|SunnyDay|[upkeep]
|-damage|p2b: Ursaluna|17/100 brn|[from] brn
|upkeep
|
|t:|1757175835
|switch|p1b: Armarouge|Armarouge, L50, M|100/100
|turn|3
|inactive|ak47Akimbo has 30 seconds left.
|
|t:|1757175861
|move|p1b: Armarouge|Protect|p1b: Armarouge
|-singleturn|p1b: Armarouge|Protect
|move|p2a: giuanni|Ice Spinner|p1a: Murkrow
|-supereffective|p1a: Murkrow
|-enditem|p1a: Murkrow|Focus Sash
|-damage|p1a: Murkrow|1/100
|move|p1a: Murkrow|Brave Bird|p2b: Ursaluna
|-damage|p2b: Ursaluna|0 fnt
|faint|p2b: Ursaluna
|-damage|p1a: Murkrow|0 fnt|[from] Recoil
|faint|p1a: Murkrow
|
|-weather|SunnyDay|[upkeep]
|upkeep
|
|t:|1757175870
|switch|p1a: Torkoal|Torkoal, L50, M|100/100
|switch|p2b: Gholdengo|Gholdengo, L50|100/100
|turn|4
|inactive|ak47Akimbo has 30 seconds left.
|
|t:|1757175902
|-terastallize|p2b: Gholdengo|Water
|-terastallize|p1b: Armarouge|Grass
|move|p1a: Torkoal|Protect|p1a: Torkoal
|-singleturn|p1a: Torkoal|Protect
|move|p2a: giuanni|Scale Shot|p1b: Armarouge
|-damage|p1b: Armarouge|86/100
|-damage|p1b: Armarouge|73/100
|-damage|p1b: Armarouge|60/100
|-damage|p1b: Armarouge|46/100
|-hitcount|p1b: Armarouge|4
|-unboost|p2a: giuanni|def|1
|-boost|p2a: giuanni|spe|1
|move|p2b: Gholdengo|Shadow Ball|p1b: Armarouge
|-damage|p1b: Armarouge|0 fnt
|faint|p1b: Armarouge
|-damage|p2b: Gholdengo|91/100|[from] item: Life Orb
|
|-weather|SunnyDay|[upkeep]
|-sideend|p2: AntonioCartana|move: Tailwind
|upkeep
|turn|5
|
|t:|1757175924
|move|p2a: giuanni|Scale Shot|p1a: Torkoal
|-damage|p1a: Torkoal|90/100
|-damage|p1a: Torkoal|79/100
|-damage|p1a: Torkoal|68/100
|-damage|p1a: Torkoal|56/100
|-damage|p1a: Torkoal|45/100
|-hitcount|p1a: Torkoal|5
|-unboost|p2a: giuanni|def|1
|-boost|p2a: giuanni|spe|1
|move|p2b: Gholdengo|Shadow Ball|p1a: Torkoal
|-damage|p1a: Torkoal|0 fnt
|faint|p1a: Torkoal
|-damage|p2b: Gholdengo|82/100|[from] item: Life Orb
|
|win|AntonioCartana
|raw|ak47Akimbo's rating: 1016 → 1005(-11 for losing)
|raw|AntonioCartana's rating: 1067 → 1093(+26 for winning)
