|j|☆lordtentacle69
|j|☆fdaza
|html|lordtentacle69fdaza    
|uhtml|bestof|Game 1 of a best-of-3
|t:|1757653312
|gametype|doubles
|player|p1|lordtentacle69|plasmagruntf|1241
|player|p2|fdaza|steven|1313
|gen|9
|tier|[Gen 9] VGC 2025 Reg H (Bo3)
|rated|
|rule|Species Clause: Limit one of each Pokémon
|rule|Item Clause: Limit 1 of each item
|clearpoke
|poke|p1|Garchomp, L50, F|
|poke|p1|Tyranitar, L50, M|
|poke|p1|Talonflame, L50, F|
|poke|p1|Sinistcha-Masterpiece, L50|
|poke|p1|Annihilape, L50, M|
|poke|p1|Ursaluna-Bloodmoon, L50, M|
|poke|p2|Gholdengo, L50|
|poke|p2|Sneasler, L50, M|
|poke|p2|Incineroar, L50, M|
|poke|p2|Weezing, L50, M|
|poke|p2|Toedscruel, L50, F|
|poke|p2|Slaking, L50, M|
|teampreview|4
|showteam|p1|Garchomp||LifeOrb|RoughSkin|DragonClaw,Protect,StompingTantrum,Earthquake|||F|||50|,,,,,Fire]Tyranitar||AssaultVest|SandStream|RockSlide,KnockOff,LowKick,TeraBlast|||M|||50|,,,,,Flying]Talonflame||CovertCloak|GaleWings|BraveBird,Tailwind,Taunt,WillOWisp|||F|||50|,,,,,Flying]Sinistcha-Masterpiece||SitrusBerry|Hospitality|MatchaGotcha,RagePowder,StrengthSap,LifeDew||||||50|,,,,,Water]Annihilape||SafetyGoggles|Defiant|CloseCombat,RageFist,Coaching,FinalGambit|||M|||50|,,,,,Fairy]Ursaluna-Bloodmoon||Leftovers|MindsEye|BloodMoon,EarthPower,CalmMind,Protect|||M|||50|,,,,,Water
|showteam|p2|Gholdengo||ChoiceSpecs|GoodasGold|MakeItRain,ShadowBall,Thunderbolt,PowerGem||||||50|,,,,,Water]Sneasler||FocusSash|PoisonTouch|ThroatChop,DireClaw,CloseCombat,Protect|||M|||50|,,,,,Stellar]Incineroar||AbilityShield|Intimidate|FakeOut,FlareBlitz,KnockOff,PartingShot|||M|||50|,,,,,Ghost]Weezing||Leftovers|NeutralizingGas|Haze,SludgeBomb,Protect,WillOWisp|||M|||50|,,,,,Flying]Toedscruel||CovertCloak|MyceliumMight|RagePowder,EarthPower,Taunt,Spore|||F|||50|,,,,,Water]Slaking||ChoiceBand|Truant|DoubleEdge,HighHorsepower,SuckerPunch,PlayRough|||M|||50|,,,,,Ghost
|
|t:|1757653364
|teamsize|p1|4
|teamsize|p2|4
|start
|switch|p1a: Talonflame|Talonflame, L50, F|100/100
|switch|p1b: Ursaluna|Ursaluna-Bloodmoon, L50, M|100/100
|switch|p2a: Weezing|Weezing, L50, M, shiny|100/100
|switch|p2b: Slaking|Slaking, L50, M, shiny|100/100
|-ability|p2a: Weezing|Neutralizing Gas
|turn|1
|
|t:|1757653386
|move|p2a: Weezing|Protect|p2a: Weezing
|-singleturn|p2a: Weezing|Protect
|move|p1a: Talonflame|Will-O-Wisp|p2b: Slaking
|-status|p2b: Slaking|brn
|move|p2b: Slaking|Double-Edge|p1a: Talonflame
|-damage|p1a: Talonflame|11/100
|-damage|p2b: Slaking|81/100 brn|[from] Recoil
|move|p1b: Ursaluna|Calm Mind|p1b: Ursaluna
|-boost|p1b: Ursaluna|spa|1
|-boost|p1b: Ursaluna|spd|1
|
|-damage|p2b: Slaking|75/100 brn|[from] brn
|upkeep
|turn|2
|
|t:|1757653409
|-terastallize|p2a: Weezing|Flying
|move|p1a: Talonflame|Tailwind|p1a: Talonflame
|-sidestart|p1: lordtentacle69|move: Tailwind
|move|p1b: Ursaluna|Earth Power|p2a: Weezing
|-immune|p2a: Weezing
|move|p2b: Slaking|Double-Edge|p1b: Ursaluna
|-damage|p1b: Ursaluna|60/100
|-damage|p2b: Slaking|62/100 brn|[from] Recoil
|move|p2a: Weezing|Haze|p2a: Weezing
|-clearallboost
|
|-heal|p1b: Ursaluna|65/100|[from] item: Leftovers
|-damage|p2b: Slaking|56/100 brn|[from] brn
|upkeep
|turn|3
|
|t:|1757653441
|switch|p1a: Sinistcha|Sinistcha-Masterpiece, L50|100/100
|move|p2a: Weezing|Protect|p2a: Weezing
|-singleturn|p2a: Weezing|Protect
|move|p1b: Ursaluna|Blood Moon|p2a: Weezing
|-activate|p2a: Weezing|move: Protect
|move|p2b: Slaking|Double-Edge|p1b: Ursaluna
|-damage|p1b: Ursaluna|27/100
|-damage|p2b: Slaking|44/100 brn|[from] Recoil
|
|-heal|p1b: Ursaluna|33/100|[from] item: Leftovers
|-damage|p2b: Slaking|38/100 brn|[from] brn
|upkeep
|turn|4
|
|t:|1757653461
|move|p1b: Ursaluna|Calm Mind|p1b: Ursaluna
|-boost|p1b: Ursaluna|spa|1
|-boost|p1b: Ursaluna|spd|1
|move|p1a: Sinistcha|Life Dew||[still]|[spread] p1a,p1b
|-fail|p1a: Sinistcha|heal
|-heal|p1b: Ursaluna|58/100
|move|p2b: Slaking|Double-Edge|p1b: Ursaluna
|-damage|p1b: Ursaluna|15/100
|-damage|p2b: Slaking|25/100 brn|[from] Recoil
|move|p2a: Weezing|Sludge Bomb|p1b: Ursaluna
|-resisted|p1b: Ursaluna
|-damage|p1b: Ursaluna|6/100
|
|-heal|p1b: Ursaluna|12/100|[from] item: Leftovers
|-damage|p2b: Slaking|19/100 brn|[from] brn
|upkeep
|turn|5
|
|t:|1757653494
|move|p2a: Weezing|Protect|p2a: Weezing
|-singleturn|p2a: Weezing|Protect
|move|p1a: Sinistcha|Rage Powder|p1a: Sinistcha
|-singleturn|p1a: Sinistcha|move: Rage Powder
|move|p1b: Ursaluna|Calm Mind|p1b: Ursaluna
|-boost|p1b: Ursaluna|spa|1
|-boost|p1b: Ursaluna|spd|1
|move|p2b: Slaking|Double-Edge|p1a: Sinistcha
|-immune|p1a: Sinistcha
|
|-heal|p1b: Ursaluna|18/100|[from] item: Leftovers
|-damage|p2b: Slaking|13/100 brn|[from] brn
|-sideend|p1: lordtentacle69|move: Tailwind
|upkeep
|turn|6
|
|t:|1757653513
|move|p1a: Sinistcha|Rage Powder|p1a: Sinistcha
|-singleturn|p1a: Sinistcha|move: Rage Powder
|move|p2b: Slaking|Double-Edge|p1a: Sinistcha
|-immune|p1a: Sinistcha
|move|p1b: Ursaluna|Blood Moon|p2a: Weezing
|-damage|p2a: Weezing|0 fnt
|faint|p2a: Weezing
|-end|p2a: Weezing|ability: Neutralizing Gas
|-heal|p1b: Ursaluna|43/100|[from] ability: Hospitality|[of] p1a: Sinistcha
|
|-heal|p1b: Ursaluna|49/100|[from] item: Leftovers
|-damage|p2b: Slaking|7/100 brn|[from] brn
|upkeep
|
|t:|1757653527
|switch|p2a: Incineroar|Incineroar, L50, M, shiny|100/100
|-ability|p2a: Incineroar|Intimidate|boost
|-unboost|p1a: Sinistcha|atk|1
|-unboost|p1b: Ursaluna|atk|1
|turn|7
|
|t:|1757653542
|move|p1a: Sinistcha|Rage Powder|p1a: Sinistcha
|-singleturn|p1a: Sinistcha|move: Rage Powder
|cant|p2b: Slaking|ability: Truant
|move|p1b: Ursaluna|Earth Power|p2a: Incineroar
|-supereffective|p2a: Incineroar
|-damage|p2a: Incineroar|0 fnt
|faint|p2a: Incineroar
|
|-heal|p1b: Ursaluna|55/100|[from] item: Leftovers
|-damage|p2b: Slaking|1/100 brn|[from] brn
|upkeep
|-message|fdaza forfeited.
|
|win|lordtentacle69
|l|☆fdaza
|player|p2|
||fdaza is ready for game 2.
||lordtentacle69 is ready for game 2.
|uhtml|next|Next: Game 2 of 3
|l|☆lordtentacle69
|player|p1|
