|j|â˜†bzzzzzzddddz
|j|â˜†that3canto
|html|bzzzzzzddddzthat3canto    
|uhtml|bestof|Game 1 of a best-of-3
|t:|1785126617
|gametype|doubles
|player|p1|bzzzzzzddddz|170|1211
|player|p2|that3canto|hugh|1049
|gen|9
|tier|[Gen 9 Champions] VGC 2026 Reg M-B (Bo3)
|rated|
|rule|Species Clause: Limit one of each PokÃ©mon
|rule|Item Clause: Limit 1 of each item
|clearpoke
|poke|p1|Pelipper, L50, F|
|poke|p1|Archaludon, L50, F|
|poke|p1|Scovillain, L50, F, shiny|
|poke|p1|Meganium, L50, F|
|poke|p1|Espathra, L50, M|
|poke|p1|Raichu, L50, M|
|poke|p2|Camerupt, L50, F|
|poke|p2|Blastoise, L50, M|
|poke|p2|Kingambit, L50, M|
|poke|p2|Vanilluxe, L50, M|
|poke|p2|Staraptor, L50, F|
|poke|p2|Farigiraf, L50, M|
|teampreview|4
|showteam|p1|Pelipper||SitrusBerry|Drizzle|WeatherBall,Hurricane,Tailwind,Uturn|Calm||F|||50|]Archaludon||Leftovers|Stamina|ElectroShot,DragonPulse,FlashCannon,Protect|Modest||F|||50|]Scovillain||Scovillainite|Moody|Flamethrower,LeechSeed,RagePowder,Protect|Bold||F|||50|]Meganium||Meganiumite|Overgrow|SolarBeam,WeatherBall,DazzlingGleam,Protect|Modest||F|||50|]Espathra||BrightPowder|SpeedBoost|LuminaCrash,CalmMind,BatonPass,Protect|Modest||M|||50|]Raichu||RaichuniteX|LightningRod|RisingVoltage,Encore,FakeOut,Protect|Timid||M|||50|
|showteam|p2|Camerupt||Cameruptite|SolidRock|HeatWave,EarthPower,Protect,AncientPower|Quiet||F|||50|]Blastoise||Blastoisinite|RainDish|FakeOut,WaterSpout,AuraSphere,DarkPulse|Quiet||M|||50|]Kingambit||LifeOrb|Defiant|KowtowCleave,IronHead,Protect,SuckerPunch|Brave||M|||50|]Vanilluxe||NeverMeltIce|SnowWarning|Blizzard,FreezeDry,Protect,IceShard|Quiet||M|||50|]Staraptor||ChoiceScarf|Intimidate|FinalGambit,BraveBird,CloseCombat,Uturn|Jolly||F|||50|]Farigiraf||SitrusBerry|ArmorTail|PsychicFangs,HyperVoice,HelpingHand,TrickRoom|Relaxed||M|||50|
|inactive|Battle timer is ON: inactive players will automatically lose when time's up. (requested by bzzzzzzddddz)
|inactive|that3canto has 60 seconds left.
|c|â˜†bzzzzzzddddz|final gambit in open team sheet
|c|â˜†bzzzzzzddddz|bruh
|
|t:|1785126673
|teamsize|p1|4
|teamsize|p2|4
|start
|switch|p1a: Espathra|Espathra, L50, M|100/100
|switch|p1b: Scovillain|Scovillain, L50, F, shiny|100/100
|switch|p2a: Blastoise|Blastoise, L50, M|100/100
|switch|p2b: Farigiraf|Farigiraf, L50, M|100/100
|turn|1
|inactive|bzzzzzzddddz has 30 seconds left.
|inactive|bzzzzzzddddz has 20 seconds left.
|inactive|bzzzzzzddddz has 15 seconds left.
|
|t:|1785126714
|detailschange|p1b: Scovillain|Scovillain-Mega, L50, F, shiny
|-mega|p1b: Scovillain|Scovillain|Scovillainite
|detailschange|p2a: Blastoise|Blastoise-Mega, L50, M
|-mega|p2a: Blastoise|Blastoise|Blastoisinite
|move|p2a: Blastoise|Fake Out|p1a: Espathra
|-damage|p1a: Espathra|89/100
|cant|p1a: Espathra|flinch
|move|p1b: Scovillain|Leech Seed|p2a: Blastoise
|-start|p2a: Blastoise|move: Leech Seed
|move|p2b: Farigiraf|Trick Room|p2b: Farigiraf
|-fieldstart|move: Trick Room|[of] p2b: Farigiraf
|
|-damage|p2a: Blastoise|87/100|[from] Leech Seed|[of] p1b: Scovillain
|-ability|p1a: Espathra|Speed Boost|boost
|-boost|p1a: Espathra|spe|1
|upkeep
|turn|2
|inactive|that3canto has 30 seconds left.
|
|t:|1785126747
|move|p1a: Espathra|Protect|p1a: Espathra
|-singleturn|p1a: Espathra|Protect
|move|p2b: Farigiraf|Hyper Voice|p1b: Scovillain|[spread] p1b
|-activate|p1a: Espathra|move: Protect
|-damage|p1b: Scovillain|75/100
|-status|p2b: Farigiraf|brn|[from] ability: Spicy Spray|[of] p1b: Scovillain
|move|p2a: Blastoise|Water Spout|p1a: Espathra|[spread] p1b
|-activate|p1a: Espathra|move: Protect
|-damage|p1b: Scovillain|19/100
|-status|p2a: Blastoise|brn|[from] ability: Spicy Spray|[of] p1b: Scovillain
|move|p1b: Scovillain|Leech Seed|p2b: Farigiraf
|-start|p2b: Farigiraf|move: Leech Seed
|
|-damage|p2b: Farigiraf|87/100 brn|[from] Leech Seed|[of] p1b: Scovillain
|-heal|p1b: Scovillain|36/100|[silent]
|-damage|p2a: Blastoise|75/100 brn|[from] Leech Seed|[of] p1b: Scovillain
|-heal|p1b: Scovillain|49/100|[silent]
|-damage|p2b: Farigiraf|81/100 brn|[from] brn
|-damage|p2a: Blastoise|69/100 brn|[from] brn
|-ability|p1a: Espathra|Speed Boost|boost
|-boost|p1a: Espathra|spe|1
|upkeep
|turn|3
|inactive|bzzzzzzddddz has 30 seconds left.
|inactive|that3canto has 30 seconds left.
|inactive|bzzzzzzddddz has 20 seconds left.
|inactive|bzzzzzzddddz has 15 seconds left.
|
|t:|1785126790
|switch|p2b: Vanilluxe|Vanilluxe, L50, M|100/100
|-weather|Snowscape|[from] ability: Snow Warning|[of] p2b: Vanilluxe
|switch|p1a: Archaludon|Archaludon, L50, F|100/100
|move|p1b: Scovillain|Protect|p1b: Scovillain
|-singleturn|p1b: Scovillain|Protect
|move|p2a: Blastoise|Dark Pulse|p1a: Archaludon
|-damage|p1a: Archaludon|49/100
|-ability|p1a: Archaludon|Stamina|boost
|-boost|p1a: Archaludon|def|1
|
|-weather|Snowscape|[upkeep]
|-heal|p1a: Archaludon|55/100|[from] item: Leftovers
|-damage|p2a: Blastoise|56/100 brn|[from] Leech Seed|[of] p1b: Scovillain
|-heal|p1b: Scovillain|62/100|[silent]
|-damage|p2a: Blastoise|51/100 brn|[from] brn
|upkeep
|turn|4
|inactive|that3canto has 30 seconds left.
|
|t:|1785126817
|move|p1a: Archaludon|Protect|p1a: Archaludon
|-singleturn|p1a: Archaludon|Protect
|move|p2a: Blastoise|Dark Pulse|p1a: Archaludon
|-activate|p1a: Archaludon|move: Protect
|move|p2b: Vanilluxe|Freeze-Dry|p1b: Scovillain
|-damage|p1b: Scovillain|15/100
|-status|p2b: Vanilluxe|brn|[from] ability: Spicy Spray|[of] p1b: Scovillain
|move|p1b: Scovillain|Flamethrower|p2b: Vanilluxe
|-supereffective|p2b: Vanilluxe|1
|-damage|p2b: Vanilluxe|15/100 brn
|
|-weather|Snowscape|[upkeep]
|-heal|p1a: Archaludon|61/100|[from] item: Leftovers
|-damage|p2a: Blastoise|38/100 brn|[from] Leech Seed|[of] p1b: Scovillain
|-heal|p1b: Scovillain|28/100|[silent]
|-damage|p2a: Blastoise|32/100 brn|[from] brn
|-damage|p2b: Vanilluxe|9/100 brn|[from] brn
|upkeep
|turn|5
|inactive|bzzzzzzddddz has 30 seconds left.
|inactive|that3canto has 30 seconds left.
|inactive|bzzzzzzddddz has 20 seconds left.
|inactive|bzzzzzzddddz has 15 seconds left.
|inactive|bzzzzzzddddz has 10 seconds left.
|
|t:|1785126865
|move|p2a: Blastoise|Dark Pulse|p1a: Archaludon
|-damage|p1a: Archaludon|9/100
|-ability|p1a: Archaludon|Stamina|boost
|-boost|p1a: Archaludon|def|1
|move|p2b: Vanilluxe|Blizzard|p1a: Archaludon|[spread] p1a,p1b
|-damage|p1a: Archaludon|0 fnt
|-damage|p1b: Scovillain|0 fnt
|faint|p1a: Archaludon
|faint|p1b: Scovillain
|
|-weather|Snowscape|[upkeep]
|-damage|p2a: Blastoise|26/100 brn|[from] brn
|-damage|p2b: Vanilluxe|3/100 brn|[from] brn
|-fieldend|move: Trick Room
|upkeep
|
|t:|1785126873
|switch|p1a: Espathra|Espathra, L50, M|89/100
|switch|p1b: Pelipper|Pelipper, L50, F|100/100
|-weather|RainDance|[from] ability: Drizzle|[of] p1b: Pelipper
|turn|6
|inactive|bzzzzzzddddz has 30 seconds left.
|inactive|that3canto has 30 seconds left.
|inactive|bzzzzzzddddz has 20 seconds left.
|inactive|bzzzzzzddddz has 15 seconds left.
|inactive|bzzzzzzddddz has 10 seconds left.
|
|t:|1785126922
|switch|p2a: Farigiraf|Farigiraf, L50, M|81/100 brn
|move|p2b: Vanilluxe|Ice Shard|p1b: Pelipper
|-damage|p1b: Pelipper|92/100
|move|p1a: Espathra|Lumina Crash|p2a: Farigiraf
|-resisted|p2a: Farigiraf|1
|-damage|p2a: Farigiraf|66/100 brn
|-unboost|p2a: Farigiraf|spd|2
|move|p1b: Pelipper|Hurricane|p2b: Vanilluxe
|-damage|p2b: Vanilluxe|0 fnt
|faint|p2b: Vanilluxe
|
|-weather|RainDance|[upkeep]
|-damage|p2a: Farigiraf|60/100 brn|[from] brn
|-ability|p1a: Espathra|Speed Boost|boost
|-boost|p1a: Espathra|spe|1
|upkeep
|
|t:|1785126934
|switch|p2b: Blastoise|Blastoise-Mega, L50, M|26/100 brn
|turn|7
|
|t:|1785126945
|move|p2b: Blastoise|Fake Out|p1b: Pelipper
|-damage|p1b: Pelipper|87/100
|move|p1a: Espathra|Lumina Crash|p2b: Blastoise
|-damage|p2b: Blastoise|2/100 brn
|-unboost|p2b: Blastoise|spd|2
|cant|p1b: Pelipper|flinch
|move|p2a: Farigiraf|Trick Room|p2a: Farigiraf
|-fieldstart|move: Trick Room|[of] p2a: Farigiraf
|
|-weather|RainDance|[upkeep]
|-damage|p2a: Farigiraf|54/100 brn|[from] brn
|-damage|p2b: Blastoise|0 fnt|[from] brn
|faint|p2b: Blastoise
|-ability|p1a: Espathra|Speed Boost|boost
|-boost|p1a: Espathra|spe|1
|upkeep
|
|t:|1785126954
|switch|p2b: Kingambit|Kingambit, L50, M|100/100
|turn|8
|
|t:|1785126971
|move|p2b: Kingambit|Kowtow Cleave|p1b: Pelipper
|-damage|p1b: Pelipper|14/100
|-enditem|p1b: Pelipper|Sitrus Berry|[eat]
|-heal|p1b: Pelipper|39/100|[from] item: Sitrus Berry
|-damage|p2b: Kingambit|90/100|[from] item: Life Orb
|move|p2a: Farigiraf|Psychic Fangs|p1b: Pelipper
|-damage|p1b: Pelipper|26/100
|move|p1b: Pelipper|Weather Ball|p2b: Kingambit
|-damage|p2b: Kingambit|39/100
|move|p1a: Espathra|Lumina Crash|p2a: Farigiraf
|-resisted|p2a: Farigiraf|1
|-damage|p2a: Farigiraf|26/100 brn
|-unboost|p2a: Farigiraf|spd|2
|-enditem|p2a: Farigiraf|Sitrus Berry|[eat]
|-heal|p2a: Farigiraf|51/100 brn|[from] item: Sitrus Berry
|
|-weather|RainDance|[upkeep]
|-damage|p2a: Farigiraf|45/100 brn|[from] brn
|-ability|p1a: Espathra|Speed Boost|boost
|-boost|p1a: Espathra|spe|1
|upkeep
|turn|9
|inactive|bzzzzzzddddz has 30 seconds left.
|inactive|that3canto has 30 seconds left.
|inactive|bzzzzzzddddz has 20 seconds left.
|inactive|bzzzzzzddddz has 15 seconds left.
|inactive|bzzzzzzddddz has 10 seconds left.
|inactive|that3canto has 20 seconds left.
|inactive|bzzzzzzddddz has 5 seconds left.
|
|t:|1785127024
|move|p2b: Kingambit|Kowtow Cleave|p1b: Pelipper
|-damage|p1b: Pelipper|0 fnt
|faint|p1b: Pelipper
|-damage|p2b: Kingambit|29/100|[from] item: Life Orb
|move|p2a: Farigiraf|Hyper Voice|p1a: Espathra|[miss]
|-miss|p2a: Farigiraf|p1a: Espathra
|move|p1a: Espathra|Lumina Crash|p2a: Farigiraf
|-resisted|p2a: Farigiraf|1
|-damage|p2a: Farigiraf|7/100 brn
|-unboost|p2a: Farigiraf|spd|2
|
|-weather|RainDance|[upkeep]
|-damage|p2a: Farigiraf|1/100 brn|[from] brn
|-ability|p1a: Espathra|Speed Boost|boost
|-boost|p1a: Espathra|spe|1
|upkeep
|turn|10
|
|t:|1785127038
|move|p2a: Farigiraf|Helping Hand|p2b: Kingambit
|-singleturn|p2b: Kingambit|Helping Hand|[of] p2a: Farigiraf
|move|p1a: Espathra|Protect|p1a: Espathra
|-singleturn|p1a: Espathra|Protect
|move|p2b: Kingambit|Kowtow Cleave|p1a: Espathra
|-activate|p1a: Espathra|move: Protect
|
|-weather|none
|-damage|p2a: Farigiraf|0 fnt|[from] brn
|faint|p2a: Farigiraf
|-ability|p1a: Espathra|Speed Boost|boost
|-boost|p1a: Espathra|spe|1
|upkeep
|turn|11
|
|t:|1785127047
|move|p2b: Kingambit|Kowtow Cleave|p1a: Espathra
|-supereffective|p1a: Espathra|1
|-damage|p1a: Espathra|0 fnt
|faint|p1a: Espathra
|-damage|p2b: Kingambit|19/100|[from] item: Life Orb
|
|win|that3canto
||bzzzzzzddddz is ready for game 2.
|inactive|that3canto has 30 seconds to confirm battle start!
||that3canto is ready for game 2.
|uhtml|next|Next: Game 2 of 3
|l|â˜†bzzzzzzddddz
|player|p1|
