|j|☆darthmorton
|j|☆fili53
|html|darthmortonfili53    
|uhtml|bestof|Game 2 of a best-of-3
|t:|1754309670
|gametype|doubles
|player|p1|darthmorton|ingo|1256
|player|p2|fili53|cress|1206
|gen|9
|tier|[Gen 9] VGC 2025 Reg H (Bo3)
|rated|
|rule|Species Clause: Limit one of each Pokémon
|rule|Item Clause: Limit 1 of each item
|clearpoke
|poke|p1|Kommo-o, L50, F|
|poke|p1|Rillaboom, L50, M|
|poke|p1|Clefairy, L50, F|
|poke|p1|Kingambit, L50, F|
|poke|p1|Sneasler, L50, M|
|poke|p1|Gyarados, L50, F|
|poke|p2|Inteleon, L50, M|
|poke|p2|Electabuzz, L50, F|
|poke|p2|Incineroar, L50, M|
|poke|p2|Annihilape, L50, F|
|poke|p2|Gholdengo, L50|
|poke|p2|Rillaboom, L50, F|
|teampreview|4
|showteam|p1|Kommo-o||ThroatSpray|Overcoat|ClangingScales,Flamethrower,ClangorousSoul,Protect|||F|||50|,,,,,Fire]Rillaboom||AssaultVest|GrassySurge|FakeOut,WoodHammer,GrassyGlide,Uturn|||M|||50|,,,,,Fire]Clefairy||Eviolite|FriendGuard|FollowMe,HelpingHand,Protect,LifeDew|||F|||50|,,,,,Grass]Kingambit||BlackGlasses|Defiant|KowtowCleave,SuckerPunch,IronHead,Protect|||F|||50|,,,,,Ghost]Sneasler||GrassySeed|Unburden|FakeOut,CloseCombat,DireClaw,Coaching|||M|||50|,,,,,Ghost]Gyarados||CovertCloak|Intimidate|Waterfall,Taunt,IronHead,ThunderWave|||F|||50|,,,,,Fairy
|showteam|p2|Inteleon||ScopeLens|Sniper|SnipeShot,Haze,IceBeam,Protect|||M|||50|,,,,,Water]Electabuzz||Eviolite|VitalSpirit|Thunderbolt,FollowMe,Taunt,Protect|||F|||50|,,,,,Ghost]Incineroar||SitrusBerry|Intimidate|FlareBlitz,KnockOff,FakeOut,PartingShot|||M|||50|,,,,,Grass]Annihilape||SafetyGoggles|Defiant|RageFist,DrainPunch,BulkUp,Protect|||F|||50|,,,,,Fire]Gholdengo||GrassySeed|GoodasGold|NastyPlot,Protect,MakeItRain,ShadowBall||||||50|,,,,,Dragon]Rillaboom||AssaultVest|GrassySurge|DrumBeating,FakeOut,GrassyGlide,Uturn|||F|||50|,,,,,Fire
|inactive|Battle timer is ON: inactive players will automatically lose when time's up. (requested by darthmorton)
|
|t:|1754309696
|teamsize|p1|4
|teamsize|p2|4
|start
|switch|p1a: Blake|Kommo-o, L50, F, shiny|100/100
|switch|p1b: Craig|Sneasler, L50, M, shiny|100/100
|switch|p2a: Inteleon|Inteleon, L50, M|100/100
|switch|p2b: Gholdengo|Gholdengo, L50|100/100
|turn|1
|
|t:|1754309718
|move|p2a: Inteleon|Protect|p2a: Inteleon
|-singleturn|p2a: Inteleon|Protect
|move|p1b: Craig|Fake Out|p2a: Inteleon
|-activate|p2a: Inteleon|move: Protect
|move|p1a: Blake|Clangorous Soul|p1a: Blake
|-boost|p1a: Blake|atk|1
|-boost|p1a: Blake|def|1
|-boost|p1a: Blake|spa|1
|-boost|p1a: Blake|spd|1
|-boost|p1a: Blake|spe|1
|-damage|p1a: Blake|68/100
|-enditem|p1a: Blake|Throat Spray
|-boost|p1a: Blake|spa|1|[from] item: Throat Spray
|move|p2b: Gholdengo|Nasty Plot|p2b: Gholdengo
|-boost|p2b: Gholdengo|spa|2
|
|upkeep
|turn|2
|inactive|fili53 has 30 seconds left.
|
|t:|1754309745
|move|p1a: Blake|Protect|p1a: Blake
|-singleturn|p1a: Blake|Protect
|move|p2a: Inteleon|Protect|p2a: Inteleon
|-singleturn|p2a: Inteleon|Protect
|move|p1b: Craig|Dire Claw|p2a: Inteleon
|-activate|p2a: Inteleon|move: Protect
|move|p2b: Gholdengo|Shadow Ball|p1a: Blake
|-activate|p1a: Blake|move: Protect
|
|upkeep
|turn|3
|inactive|darthmorton has 30 seconds left.
|
|t:|1754309772
|switch|p2a: Incineroar|Incineroar, L50, M|100/100
|-ability|p2a: Incineroar|Intimidate|boost
|-unboost|p1a: Blake|atk|1
|-unboost|p1b: Craig|atk|1
|switch|p1b: Seam|Clefairy, L50, F, shiny|100/100
|move|p1a: Blake|Clanging Scales|p2b: Gholdengo|[spread] p2a,p2b
|-resisted|p2b: Gholdengo
|-damage|p2a: Incineroar|51/100
|-damage|p2b: Gholdengo|62/100
|-unboost|p1a: Blake|def|1
|move|p2b: Gholdengo|Shadow Ball|p1a: Blake
|-damage|p1a: Blake|20/100
|
|upkeep
|turn|4
|inactive|fili53 has 30 seconds left.
|
|t:|1754309799
|switch|p1b: Jackson|Kingambit, L50, F, shiny|100/100
|move|p1a: Blake|Protect|p1a: Blake
|-singleturn|p1a: Blake|Protect
|move|p2a: Incineroar|Fake Out|p1a: Blake
|-activate|p1a: Blake|move: Protect
|move|p2b: Gholdengo|Make It Rain|p1a: Blake|[spread] p1b
|-activate|p1a: Blake|move: Protect
|-resisted|p1b: Jackson
|-damage|p1b: Jackson|52/100
|-unboost|p2b: Gholdengo|spa|1
|
|upkeep
|turn|5
|
|t:|1754309821
|move|p1b: Jackson|Sucker Punch|p2b: Gholdengo
|-supereffective|p2b: Gholdengo
|-damage|p2b: Gholdengo|0 fnt
|faint|p2b: Gholdengo
|move|p1a: Blake|Clanging Scales|p2a: Incineroar
|-damage|p2a: Incineroar|0 fnt
|faint|p2a: Incineroar
|-unboost|p1a: Blake|def|1
|
|upkeep
|
|t:|1754309826
|switch|p2b: Inteleon|Inteleon, L50, M|100/100
|switch|p2a: Annihilape|Annihilape, L50, F|100/100
|turn|6
|
|t:|1754309848
|-terastallize|p1b: Jackson|Ghost
|move|p2b: Inteleon|Protect|p2b: Inteleon
|-singleturn|p2b: Inteleon|Protect
|move|p1b: Jackson|Sucker Punch|p2a: Annihilape
|-damage|p2a: Annihilape|55/100
|move|p1a: Blake|Clanging Scales|p2a: Annihilape|[spread] p2a
|-activate|p2b: Inteleon|move: Protect
|-damage|p2a: Annihilape|0 fnt
|faint|p2a: Annihilape
|-unboost|p1a: Blake|def|1
|
|upkeep
|turn|7
|-message|fili53 forfeited.
|
|win|darthmorton
|raw|darthmorton's rating: 1256 → 1277(+21 for winning)
|raw|fili53's rating: 1206 → 1185(-21 for losing)
|l|☆fili53
|player|p2|
