|j|☆livy_mon
|j|☆Uncreative7452
|html|livy_monUncreative7452    
|uhtml|bestof|Game 2 of a best-of-3
|t:|1756525971
|gametype|doubles
|player|p1|livy_mon|lady|1000
|player|p2|Uncreative7452|tuber|1081
|gen|9
|tier|[Gen 9] VGC 2025 Reg H (Bo3)
|rated|
|rule|Species Clause: Limit one of each Pokémon
|rule|Item Clause: Limit 1 of each item
|clearpoke
|poke|p1|Dragonite, L50, F|
|poke|p1|Ursaluna-Bloodmoon, L50, M|
|poke|p1|Gholdengo, L50|
|poke|p1|Incineroar, L50, M|
|poke|p1|Whimsicott, L50, F|
|poke|p1|Primarina, L50, M|
|poke|p2|Porygon2, L50|
|poke|p2|Reuniclus, L50, F|
|poke|p2|Alcremie, L50, F|
|poke|p2|Chesnaught, L50, M|
|poke|p2|Kingambit, L50, F|
|poke|p2|Indeedee, L50, M|
|teampreview|4
|showteam|p1|Dragonite||LoadedDice|InnerFocus|ScaleShot,Haze,Protect,ExtremeSpeed|||F|||50|,,,,,Water]Ursaluna-Bloodmoon||LifeOrb|MindsEye|BloodMoon,EarthPower,Protect,Moonblast|||M|||50|,,,,,Fairy]Gholdengo||Leftovers|GoodasGold|Protect,ShadowBall,MakeItRain,NastyPlot||||||50|,,,,,Water]Incineroar||SafetyGoggles|Intimidate|FakeOut,WillOWisp,KnockOff,PartingShot|||M|||50|,,,,,Ghost]Whimsicott||CovertCloak|Prankster|Encore,Moonblast,Protect,Tailwind|||F|||50|,,,,,Ground]Primarina||ThroatSpray|LiquidVoice|HyperVoice,IcyWind,DazzlingGleam,Protect|||M|||50|,,,,,Water
|showteam|p2|Porygon2||Eviolite|Download|IceBeam,TeraBlast,TrickRoom,Recover||||||50|,,,,,Fighting]Reuniclus||CovertCloak|Overcoat|ExpandingForce,ShadowBall,TrickRoom,Protect|||F|||50|,,,,,Dark]Alcremie||RoomService|AromaVeil|AlluringVoice,Decorate,Protect,HelpingHand|||F|||50|,,,,,Steel]Chesnaught||PsychicSeed|Bulletproof|LeechSeed,WideGuard,BodyPress,SpikyShield|||M|||50|,,,,,Steel]Kingambit||AssaultVest|Defiant|IronHead,SuckerPunch,TeraBlast,KowtowCleave|||F|||50|,,,,,Flying]Indeedee||FocusSash|PsychicSurge|ExpandingForce,DazzlingGleam,Protect,TrickRoom|||M|||50|,,,,,Psychic
|inactive|Battle timer is ON: inactive players will automatically lose when time's up. (requested by livy_mon)
|
|t:|1756526000
|teamsize|p1|4
|teamsize|p2|4
|start
|switch|p1a: Incineroar|Incineroar, L50, M, shiny|100/100
|switch|p1b: Primarina|Primarina, L50, M|100/100
|switch|p2a: Indeedee|Indeedee, L50, M|100/100
|switch|p2b: Reuniclus|Reuniclus, L50, F|100/100
|-fieldstart|move: Psychic Terrain|[from] ability: Psychic Surge|[of] p2a: Indeedee
|-ability|p1a: Incineroar|Intimidate|boost
|-unboost|p2a: Indeedee|atk|1
|-unboost|p2b: Reuniclus|atk|1
|turn|1
|
|t:|1756526021
|-terastallize|p1b: Primarina|Water
|-terastallize|p2b: Reuniclus|Dark
|move|p2a: Indeedee|Protect|p2a: Indeedee
|-singleturn|p2a: Indeedee|Protect
|move|p1b: Primarina|Hyper Voice|p2a: Indeedee|[spread] p2b
|-activate|p2a: Indeedee|move: Protect
|-damage|p2b: Reuniclus|76/100
|-enditem|p1b: Primarina|Throat Spray
|-boost|p1b: Primarina|spa|1|[from] item: Throat Spray
|move|p1a: Incineroar|Knock Off|p2b: Reuniclus
|-resisted|p2b: Reuniclus
|-damage|p2b: Reuniclus|56/100
|-enditem|p2b: Reuniclus|Covert Cloak|[from] move: Knock Off|[of] p1a: Incineroar
|move|p2b: Reuniclus|Trick Room|p2b: Reuniclus
|-fieldstart|move: Trick Room|[of] p2b: Reuniclus
|
|upkeep
|turn|2
|inactive|livy_mon has 30 seconds left.
|inactive|livy_mon has 20 seconds left.
|inactive|livy_mon has 15 seconds left.
|
|t:|1756526063
|move|p1b: Primarina|Protect|p1b: Primarina
|-singleturn|p1b: Primarina|Protect
|move|p2b: Reuniclus|Expanding Force|p1b: Primarina|[spread] 
|-activate|p1b: Primarina|move: Protect
|-immune|p1a: Incineroar
|move|p1a: Incineroar|Parting Shot|p2a: Indeedee
|-unboost|p2a: Indeedee|atk|1
|-unboost|p2a: Indeedee|spa|1
|
|t:|1756526075
|switch|p1a: Ursaluna|Ursaluna-Bloodmoon, L50, M|100/100|[from] Parting Shot
|move|p2a: Indeedee|Dazzling Gleam|p1a: Ursaluna|[spread] p1a
|-activate|p1b: Primarina|move: Protect
|-crit|p1a: Ursaluna
|-damage|p1a: Ursaluna|75/100
|
|upkeep
|turn|3
|
|t:|1756526094
|move|p2b: Reuniclus|Expanding Force|p1b: Primarina|[spread] p1a,p1b
|-damage|p1a: Ursaluna|16/100
|-damage|p1b: Primarina|62/100
|move|p1a: Ursaluna|Blood Moon|p2a: Indeedee
|-damage|p2a: Indeedee|21/100
|-damage|p1a: Ursaluna|6/100|[from] item: Life Orb
|move|p2a: Indeedee|Expanding Force|p1b: Primarina|[spread] p1a,p1b
|-crit|p1a: Ursaluna
|-damage|p1a: Ursaluna|0 fnt
|-damage|p1b: Primarina|41/100
|faint|p1a: Ursaluna
|move|p1b: Primarina|Dazzling Gleam|p2a: Indeedee|[spread] p2a,p2b
|-supereffective|p2b: Reuniclus
|-damage|p2a: Indeedee|0 fnt
|-damage|p2b: Reuniclus|3/100
|faint|p2a: Indeedee
|
|upkeep
|
|t:|1756526109
|switch|p1a: Incineroar|Incineroar, L50, M, shiny|100/100
|switch|p2a: Kingambit|Kingambit, L50, F|100/100
|-ability|p1a: Incineroar|Intimidate|boost
|-unboost|p2a: Kingambit|atk|1
|-ability|p2a: Kingambit|Defiant|boost
|-boost|p2a: Kingambit|atk|2
|-unboost|p2b: Reuniclus|atk|1
|turn|4
|
|t:|1756526125
|move|p1b: Primarina|Protect|p1b: Primarina
|-singleturn|p1b: Primarina|Protect
|move|p2b: Reuniclus|Expanding Force|p1a: Incineroar|[spread] 
|-activate|p1b: Primarina|move: Protect
|-immune|p1a: Incineroar
|move|p2a: Kingambit|Iron Head|p1b: Primarina
|-activate|p1b: Primarina|move: Protect
|move|p1a: Incineroar|Will-O-Wisp|p2a: Kingambit
|-status|p2a: Kingambit|brn
|
|-damage|p2a: Kingambit|95/100 brn|[from] brn
|upkeep
|turn|5
|inactive|livy_mon has 30 seconds left.
|
|t:|1756526155
|move|p2b: Reuniclus|Expanding Force|p1a: Incineroar|[spread] p1b
|-immune|p1a: Incineroar
|-damage|p1b: Primarina|2/100
|move|p2a: Kingambit|Iron Head|p1b: Primarina
|-resisted|p1b: Primarina
|-damage|p1b: Primarina|0 fnt
|faint|p1b: Primarina
|move|p1a: Incineroar|Knock Off|p2a: Kingambit
|-resisted|p2a: Kingambit
|-damage|p2a: Kingambit|81/100 brn
|-enditem|p2a: Kingambit|Assault Vest|[from] move: Knock Off|[of] p1a: Incineroar
|
|-damage|p2a: Kingambit|75/100 brn|[from] brn
|-fieldend|move: Trick Room
|-fieldend|move: Psychic Terrain
|upkeep
|
|t:|1756526167
|switch|p1b: Whimsicott|Whimsicott, L50, F|100/100
|turn|6
|
|t:|1756526187
|move|p1b: Whimsicott|Moonblast|p2b: Reuniclus
|-supereffective|p2b: Reuniclus
|-damage|p2b: Reuniclus|0 fnt
|faint|p2b: Reuniclus
|move|p1a: Incineroar|Knock Off|p2a: Kingambit
|-resisted|p2a: Kingambit
|-damage|p2a: Kingambit|65/100 brn
|move|p2a: Kingambit|Iron Head|p1b: Whimsicott
|-supereffective|p1b: Whimsicott
|-damage|p1b: Whimsicott|39/100
|
|-damage|p2a: Kingambit|59/100 brn|[from] brn
|upkeep
|
|t:|1756526196
|switch|p2b: Chesnaught|Chesnaught, L50, M|100/100
|turn|7
|
|t:|1756526210
|move|p1b: Whimsicott|Protect|p1b: Whimsicott
|-singleturn|p1b: Whimsicott|Protect
|move|p2b: Chesnaught|Spiky Shield|p2b: Chesnaught
|-singleturn|p2b: Chesnaught|move: Protect
|move|p1a: Incineroar|Will-O-Wisp|p2b: Chesnaught
|-activate|p2b: Chesnaught|move: Protect
|move|p2a: Kingambit|Iron Head|p1b: Whimsicott
|-activate|p1b: Whimsicott|move: Protect
|
|-damage|p2a: Kingambit|54/100 brn|[from] brn
|upkeep
|turn|8
|
|t:|1756526233
|move|p1b: Whimsicott|Encore|p2b: Chesnaught
|-start|p2b: Chesnaught|Encore
|move|p2b: Chesnaught|Spiky Shield||[still]
|-fail|p2b: Chesnaught
|move|p1a: Incineroar|Will-O-Wisp|p2b: Chesnaught
|-status|p2b: Chesnaught|brn
|move|p2a: Kingambit|Iron Head|p1b: Whimsicott
|-supereffective|p1b: Whimsicott
|-damage|p1b: Whimsicott|0 fnt
|faint|p1b: Whimsicott
|
|-damage|p2b: Chesnaught|94/100 brn|[from] brn
|-damage|p2a: Kingambit|48/100 brn|[from] brn
|upkeep
|turn|9
|
|t:|1756526252
|move|p2b: Chesnaught|Spiky Shield|p2b: Chesnaught
|-singleturn|p2b: Chesnaught|move: Protect
|move|p1a: Incineroar|Parting Shot|p2b: Chesnaught
|-activate|p2b: Chesnaught|move: Protect
|move|p2a: Kingambit|Kowtow Cleave|p1a: Incineroar
|-resisted|p1a: Incineroar
|-damage|p1a: Incineroar|83/100
|
|-damage|p2b: Chesnaught|88/100 brn|[from] brn
|-damage|p2a: Kingambit|42/100 brn|[from] brn
|upkeep
|turn|10
|
|t:|1756526266
|move|p2b: Chesnaught|Spiky Shield|p2b: Chesnaught
|-singleturn|p2b: Chesnaught|move: Protect
|move|p1a: Incineroar|Knock Off|p2b: Chesnaught
|-activate|p2b: Chesnaught|move: Protect
|-damage|p1a: Incineroar|71/100|[from] Spiky Shield|[of] p2b: Chesnaught
|move|p2a: Kingambit|Kowtow Cleave|p1a: Incineroar
|-resisted|p1a: Incineroar
|-damage|p1a: Incineroar|53/100
|
|-damage|p2b: Chesnaught|82/100 brn|[from] brn
|-damage|p2a: Kingambit|36/100 brn|[from] brn
|-end|p2b: Chesnaught|Encore
|upkeep
|turn|11
|
|t:|1756526281
|move|p2b: Chesnaught|Body Press|p1a: Incineroar
|-supereffective|p1a: Incineroar
|-damage|p1a: Incineroar|14/100
|move|p1a: Incineroar|Knock Off|p2b: Chesnaught
|-resisted|p2b: Chesnaught
|-damage|p2b: Chesnaught|69/100 brn
|-enditem|p2b: Chesnaught|Psychic Seed|[from] move: Knock Off|[of] p1a: Incineroar
|move|p2a: Kingambit|Kowtow Cleave|p1a: Incineroar
|-resisted|p1a: Incineroar
|-damage|p1a: Incineroar|0 fnt
|faint|p1a: Incineroar
|
|win|Uncreative7452
|raw|livy_mon's rating: 1000 → 1000(+0 for losing)
|raw|Uncreative7452's rating: 1081 → 1102(+21 for winning)
