|j|☆belinvgc
|j|☆Raj Desexy
|html|belinvgcRaj Desexy    
|uhtml|bestof|Game 3 of a best-of-3
|t:|1754520524
|gametype|doubles
|player|p1|belinvgc|101|1181
|player|p2|Raj Desexy|waitress-gen4|1214
|gen|9
|tier|[Gen 9] VGC 2025 Reg H (Bo3)
|rated|
|rule|Species Clause: Limit one of each Pokémon
|rule|Item Clause: Limit 1 of each item
|clearpoke
|poke|p1|Amoonguss, L50, F|
|poke|p1|Incineroar, L50, M|
|poke|p1|Dragonite, L50, F|
|poke|p1|Gholdengo, L50|
|poke|p1|Sneasler, L50, F|
|poke|p1|Ursaluna-Bloodmoon, L50, M|
|poke|p2|Gholdengo, L50|
|poke|p2|Rillaboom, L50, M|
|poke|p2|Arcanine-Hisui, L50, F|
|poke|p2|Sneasler, L50, M|
|poke|p2|Dragonite, L50, F|
|poke|p2|Ninetales-Alola, L50, M|
|teampreview|4
|showteam|p1|Amoonguss||SitrusBerry|Regenerator|Spore,RagePowder,PollenPuff,Protect|||F|||50|,,,,,Psychic]Incineroar||SafetyGoggles|Intimidate|FlareBlitz,KnockOff,PartingShot,FakeOut|||M|||50|,,,,,Ghost]Dragonite||LoadedDice|Multiscale|ScaleShot,Tailwind,Haze,Protect|||F|||50|,,,,,Fairy]Gholdengo||LifeOrb|GoodasGold|MakeItRain,ShadowBall,NastyPlot,Protect||||||50|,,,,,Water]Sneasler||FocusSash|Unburden|CloseCombat,DireClaw,ThroatChop,Protect|||F|||50|,,,,,Stellar]Ursaluna-Bloodmoon||AssaultVest|MindsEye|BloodMoon,HyperVoice,EarthPower,VacuumWave|||M|||50|,,,,,Water
|showteam|p2|Gholdengo||GrassySeed|GoodasGold|MakeItRain,NastyPlot,ShadowBall,Protect||||||50|,,,,,Water]Rillaboom||AssaultVest|GrassySurge|FakeOut,GrassyGlide,WoodHammer,Uturn|||M|||50|,,,,,Fire]Arcanine-Hisui||ClearAmulet|Intimidate|RockSlide,FlareBlitz,ExtremeSpeed,Protect|||F|||50|,,,,,Water]Sneasler||FocusSash|Unburden|CloseCombat,DireClaw,Coaching,Protect|||M|||50|,,,,,Stellar]Dragonite||LoadedDice|Multiscale|ScaleShot,StompingTantrum,Protect,Tailwind|||F|||50|,,,,,Ground]Ninetales-Alola||CovertCloak|SnowWarning|Blizzard,IcyWind,AuroraVeil,Encore|||M|||50|,,,,,Ice
|
|t:|1754520554
|teamsize|p1|4
|teamsize|p2|4
|start
|switch|p1a: Gholdengo|Gholdengo, L50|100/100
|switch|p1b: Dragonite|Dragonite, L50, F|100/100
|switch|p2a: Dearg Doom|Arcanine-Hisui, L50, F|100/100
|switch|p2b: Linger|Ninetales-Alola, L50, M|100/100
|-weather|Snowscape|[from] ability: Snow Warning|[of] p2b: Linger
|-ability|p2a: Dearg Doom|Intimidate|boost
|-unboost|p1a: Gholdengo|atk|1
|-unboost|p1b: Dragonite|atk|1
|turn|1
|
|t:|1754520574
|-terastallize|p1a: Gholdengo|Water
|move|p2b: Linger|Icy Wind|p1a: Gholdengo|[spread] p1a,p1b
|-resisted|p1a: Gholdengo
|-supereffective|p1b: Dragonite
|-damage|p1a: Gholdengo|92/100
|-damage|p1b: Dragonite|71/100
|-unboost|p1a: Gholdengo|spe|1
|-unboost|p1b: Dragonite|spe|1
|move|p2a: Dearg Doom|Rock Slide|p1a: Gholdengo|[spread] p1b
|-miss|p2a: Dearg Doom|p1a: Gholdengo
|-supereffective|p1b: Dragonite
|-damage|p1b: Dragonite|15/100
|move|p1a: Gholdengo|Nasty Plot|p1a: Gholdengo
|-boost|p1a: Gholdengo|spa|2
|move|p1b: Dragonite|Tailwind|p1b: Dragonite
|-sidestart|p1: belinvgc|move: Tailwind
|
|-weather|Snowscape|[upkeep]
|upkeep
|turn|2
|
|t:|1754520607
|switch|p1b: Incineroar|Incineroar, L50, M|100/100
|-ability|p1b: Incineroar|Intimidate|boost
|-fail|p2a: Dearg Doom|unboost|[from] item: Clear Amulet|[of] p2a: Dearg Doom
|-unboost|p2b: Linger|atk|1
|-terastallize|p2a: Dearg Doom|Water
|move|p1a: Gholdengo|Make It Rain|p2a: Dearg Doom|[spread] p2a,p2b
|-resisted|p2a: Dearg Doom
|-supereffective|p2b: Linger
|-damage|p2a: Dearg Doom|23/100
|-damage|p2b: Linger|0 fnt
|-unboost|p1a: Gholdengo|spa|1
|faint|p2b: Linger
|-damage|p1a: Gholdengo|83/100|[from] item: Life Orb
|move|p2a: Dearg Doom|Rock Slide|p1a: Gholdengo|[spread] p1a,p1b
|-supereffective|p1b: Incineroar
|-damage|p1a: Gholdengo|56/100
|-damage|p1b: Incineroar|61/100
|
|-weather|Snowscape|[upkeep]
|upkeep
|
|t:|1754520609
|switch|p2b: N17|Rillaboom, L50, M|100/100
|-fieldstart|move: Grassy Terrain|[from] ability: Grassy Surge|[of] p2b: N17
|turn|3
|
|t:|1754520653
|move|p1a: Gholdengo|Protect|p1a: Gholdengo
|-singleturn|p1a: Gholdengo|Protect
|move|p2a: Dearg Doom|Protect|p2a: Dearg Doom
|-singleturn|p2a: Dearg Doom|Protect
|move|p2b: N17|Grassy Glide|p1a: Gholdengo
|-activate|p1a: Gholdengo|move: Protect
|move|p1b: Incineroar|Parting Shot|p2b: N17
|-unboost|p2b: N17|atk|1
|-unboost|p2b: N17|spa|1
|
|t:|1754520668
|switch|p1b: Dragonite|Dragonite, L50, F|15/100|[from] Parting Shot
|
|-weather|Snowscape|[upkeep]
|-heal|p1a: Gholdengo|61/100|[from] Grassy Terrain
|-heal|p2a: Dearg Doom|28/100|[from] Grassy Terrain
|upkeep
|turn|4
|
|t:|1754520672
|switch|p1b: Incineroar|Incineroar, L50, M|61/100
|-ability|p1b: Incineroar|Intimidate|boost
|-fail|p2a: Dearg Doom|unboost|[from] item: Clear Amulet|[of] p2a: Dearg Doom
|-unboost|p2b: N17|atk|1
|move|p2a: Dearg Doom|Extreme Speed|p1a: Gholdengo
|-damage|p1a: Gholdengo|35/100
|move|p2b: N17|Grassy Glide|p1a: Gholdengo
|-supereffective|p1a: Gholdengo
|-damage|p1a: Gholdengo|0 fnt
|faint|p1a: Gholdengo
|
|-weather|Snowscape|[upkeep]
|-heal|p1b: Incineroar|67/100|[from] Grassy Terrain
|-heal|p2a: Dearg Doom|34/100|[from] Grassy Terrain
|-sideend|p1: belinvgc|move: Tailwind
|upkeep
|
|t:|1754520687
|switch|p1a: Ursaluna|Ursaluna-Bloodmoon, L50, M|100/100
|turn|5
|
|t:|1754520701
|move|p2a: Dearg Doom|Rock Slide|p1b: Incineroar|[spread] p1a,p1b
|-resisted|p1a: Ursaluna
|-supereffective|p1b: Incineroar
|-damage|p1a: Ursaluna|92/100
|-damage|p1b: Incineroar|27/100
|move|p2b: N17|U-turn|p1b: Incineroar
|-damage|p1b: Incineroar|17/100
|
|t:|1754520703
|switch|p2b: Crazy World|Gholdengo, L50|100/100|[from] U-turn
|-enditem|p2b: Crazy World|Grassy Seed
|-boost|p2b: Crazy World|def|1|[from] item: Grassy Seed
|move|p1b: Incineroar|Flare Blitz|p2b: Crazy World
|-supereffective|p2b: Crazy World
|-damage|p2b: Crazy World|31/100
|-damage|p1b: Incineroar|0 fnt|[from] Recoil
|faint|p1b: Incineroar
|cant|p1a: Ursaluna|flinch
|
|-weather|none
|-heal|p2a: Dearg Doom|40/100|[from] Grassy Terrain
|-heal|p2b: Crazy World|37/100|[from] Grassy Terrain
|-heal|p1a: Ursaluna|98/100|[from] Grassy Terrain
|upkeep
|
|t:|1754520717
|switch|p1b: Dragonite|Dragonite, L50, F|15/100
|turn|6
|
|t:|1754520739
|move|p1b: Dragonite|Protect|p1b: Dragonite
|-singleturn|p1b: Dragonite|Protect
|move|p2b: Crazy World|Protect|p2b: Crazy World
|-singleturn|p2b: Crazy World|Protect
|move|p2a: Dearg Doom|Rock Slide|p1b: Dragonite|[spread] p1a
|-activate|p1b: Dragonite|move: Protect
|-resisted|p1a: Ursaluna
|-damage|p1a: Ursaluna|87/100
|move|p1a: Ursaluna|Hyper Voice|p2b: Crazy World|[spread] p2a
|-activate|p2b: Crazy World|move: Protect
|-damage|p2a: Dearg Doom|0 fnt
|faint|p2a: Dearg Doom
|
|-heal|p2b: Crazy World|44/100|[from] Grassy Terrain
|-heal|p1a: Ursaluna|93/100|[from] Grassy Terrain
|upkeep
|
|t:|1754520740
|switch|p2a: N17|Rillaboom, L50, M|100/100
|turn|7
|
|t:|1754520756
|move|p1b: Dragonite|Protect|p1b: Dragonite
|-singleturn|p1b: Dragonite|Protect
|move|p2a: N17|Fake Out|p1a: Ursaluna
|-damage|p1a: Ursaluna|83/100
|move|p2b: Crazy World|Make It Rain|p1a: Ursaluna|[spread] p1a
|-activate|p1b: Dragonite|move: Protect
|-damage|p1a: Ursaluna|46/100
|-unboost|p2b: Crazy World|spa|1
|cant|p1a: Ursaluna|flinch
|
|-heal|p2b: Crazy World|50/100|[from] Grassy Terrain
|-heal|p1a: Ursaluna|52/100|[from] Grassy Terrain
|-fieldend|move: Grassy Terrain
|upkeep
|turn|8
|
|t:|1754520772
|move|p1b: Dragonite|Protect||[still]
|-fail|p1b: Dragonite
|move|p2b: Crazy World|Make It Rain|p1a: Ursaluna|[spread] p1a,p1b
|-damage|p1a: Ursaluna|29/100
|-damage|p1b: Dragonite|0 fnt
|-unboost|p2b: Crazy World|spa|1
|faint|p1b: Dragonite
|move|p2a: N17|Wood Hammer|p1a: Ursaluna
|-supereffective|p1a: Ursaluna
|-damage|p1a: Ursaluna|0 fnt
|faint|p1a: Ursaluna
|-damage|p2a: N17|91/100|[from] Recoil
|
|win|Raj Desexy
|raw|belinvgc's rating: 1181 → 1158(-23 for losing)
|raw|Raj Desexy's rating: 1214 → 1237(+23 for winning)
|c|☆Raj Desexy|Gg
|l|☆belinvgc
|player|p1|
