|j|☆laufey#1fan
|j|☆techinsan3
|html|laufey#1fantechinsan3    
|uhtml|bestof|Game 1 of a best-of-3
|t:|1756528828
|gametype|doubles
|player|p1|laufey#1fan|lady|1175
|player|p2|techinsan3|ghetsis-gen5bw|1206
|gen|9
|tier|[Gen 9] VGC 2025 Reg H (Bo3)
|rated|
|rule|Species Clause: Limit one of each Pokémon
|rule|Item Clause: Limit 1 of each item
|clearpoke
|poke|p1|Gholdengo, L50|
|poke|p1|Ursaluna-Bloodmoon, L50, M|
|poke|p1|Incineroar, L50, F|
|poke|p1|Maushold-Four, L50|
|poke|p1|Annihilape, L50, M|
|poke|p1|Dragonite, L50, F|
|poke|p2|Volcarona, L50, M|
|poke|p2|Rillaboom, L50, F|
|poke|p2|Kingambit, L50, F|
|poke|p2|Electabuzz, L50, M|
|poke|p2|Sneasler, L50, M|
|poke|p2|Dragonite, L50, F|
|teampreview|4
|showteam|p1|Gholdengo||LifeOrb|GoodasGold|MakeItRain,NastyPlot,ShadowBall,Protect||||||50|,,,,,Water]Ursaluna-Bloodmoon||AssaultVest|MindsEye|BloodMoon,EarthPower,HyperVoice,VacuumWave|||M|||50|,,,,,Water]Incineroar||SafetyGoggles|Intimidate|FakeOut,FlareBlitz,PartingShot,KnockOff|||F|||50|,,,,,Ghost]Maushold-Four||FocusSash|FriendGuard|SuperFang,FollowMe,BeatUp,Protect||||||50|,,,,,Grass]Annihilape||SitrusBerry|Defiant|DrainPunch,BulkUp,RageFist,Protect|||M|||50|,,,,,Fire]Dragonite||LoadedDice|Multiscale|ScaleShot,ExtremeSpeed,Protect,Tailwind|||F|||50|,,,,,Fairy
|showteam|p2|Volcarona||CovertCloak|FlameBody|HeatWave,TeraBlast,QuiverDance,Protect|||M|||50|,,,,,Fairy]Rillaboom||AssaultVest|GrassySurge|WoodHammer,GrassyGlide,HighHorsepower,FakeOut|||F|||50|,,,,,Fire]Kingambit||SafetyGoggles|Defiant|KowtowCleave,SuckerPunch,SwordsDance,Protect|||F|||50|,,,,,Dark]Electabuzz||Eviolite|VitalSpirit|Thunderbolt,Taunt,FollowMe,Protect|||M|||50|,,,,,Ghost]Sneasler||FocusSash|Unburden|DireClaw,CloseCombat,Coaching,FakeOut|||M|||50|,,,,,Stellar]Dragonite||LoadedDice|Multiscale|ScaleShot,ExtremeSpeed,Haze,Protect|||F|||50|,,,,,Steel
|inactive|Battle timer is ON: inactive players will automatically lose when time's up. (requested by laufey#1fan)
|
|t:|1756528867
|teamsize|p1|4
|teamsize|p2|4
|start
|switch|p1a: Sabotage|Annihilape, L50, M, shiny|100/100
|switch|p1b: Carousel|Maushold-Four, L50|100/100
|switch|p2a: Volcarona|Volcarona, L50, M, shiny|100/100
|switch|p2b: Electabuzz|Electabuzz, L50, M, shiny|100/100
|turn|1
|inactive|laufey#1fan has 30 seconds left.
|inactive|laufey#1fan has 20 seconds left.
|inactive|laufey#1fan has 15 seconds left.
|inactive|laufey#1fan has 10 seconds left.
|inactive|techinsan3 has 30 seconds left.
|
|t:|1756528915
|-terastallize|p1a: Sabotage|Fire
|move|p1b: Carousel|Super Fang|p2a: Volcarona
|-damage|p2a: Volcarona|50/100
|-status|p1b: Carousel|brn|[from] ability: Flame Body|[of] p2a: Volcarona
|move|p1a: Sabotage|Bulk Up|p1a: Sabotage
|-boost|p1a: Sabotage|atk|1
|-boost|p1a: Sabotage|def|1
|move|p2b: Electabuzz|Taunt|p1a: Sabotage
|-start|p1a: Sabotage|move: Taunt
|move|p2a: Volcarona|Quiver Dance|p2a: Volcarona
|-boost|p2a: Volcarona|spa|1
|-boost|p2a: Volcarona|spd|1
|-boost|p2a: Volcarona|spe|1
|
|-damage|p1b: Carousel|94/100 brn|[from] brn
|upkeep
|turn|2
|
|t:|1756528935
|move|p2b: Electabuzz|Follow Me|p2b: Electabuzz
|-singleturn|p2b: Electabuzz|move: Follow Me
|move|p2a: Volcarona|Quiver Dance|p2a: Volcarona
|-boost|p2a: Volcarona|spa|1
|-boost|p2a: Volcarona|spd|1
|-boost|p2a: Volcarona|spe|1
|move|p1b: Carousel|Super Fang|p2b: Electabuzz
|-damage|p2b: Electabuzz|50/100
|move|p1a: Sabotage|Rage Fist|p2b: Electabuzz
|-damage|p2b: Electabuzz|28/100
|
|-damage|p1b: Carousel|88/100 brn|[from] brn
|upkeep
|turn|3
|
|t:|1756528955
|move|p1b: Carousel|Protect|p1b: Carousel
|-singleturn|p1b: Carousel|Protect
|move|p2b: Electabuzz|Follow Me|p2b: Electabuzz
|-singleturn|p2b: Electabuzz|move: Follow Me
|move|p2a: Volcarona|Quiver Dance|p2a: Volcarona
|-boost|p2a: Volcarona|spa|1
|-boost|p2a: Volcarona|spd|1
|-boost|p2a: Volcarona|spe|1
|move|p1a: Sabotage|Rage Fist|p2b: Electabuzz
|-damage|p2b: Electabuzz|6/100
|
|-damage|p1b: Carousel|82/100 brn|[from] brn
|upkeep
|turn|4
|
|t:|1756528965
|switch|p1b: Clear Air|Dragonite, L50, F|100/100
|move|p2b: Electabuzz|Follow Me|p2b: Electabuzz
|-singleturn|p2b: Electabuzz|move: Follow Me
|move|p2a: Volcarona|Quiver Dance|p2a: Volcarona
|-boost|p2a: Volcarona|spa|1
|-boost|p2a: Volcarona|spd|1
|-boost|p2a: Volcarona|spe|1
|move|p1a: Sabotage|Rage Fist|p2b: Electabuzz
|-damage|p2b: Electabuzz|0 fnt
|faint|p2b: Electabuzz
|
|-end|p1a: Sabotage|move: Taunt
|upkeep
|
|t:|1756528978
|switch|p2b: Rillaboom|Rillaboom, L50, F, shiny|100/100
|-fieldstart|move: Grassy Terrain|[from] ability: Grassy Surge|[of] p2b: Rillaboom
|turn|5
|inactive|techinsan3 has 30 seconds left.
|
|t:|1756529007
|move|p1a: Sabotage|Protect|p1a: Sabotage
|-singleturn|p1a: Sabotage|Protect
|move|p1b: Clear Air|Protect|p1b: Clear Air
|-singleturn|p1b: Clear Air|Protect
|move|p2b: Rillaboom|Fake Out|p1b: Clear Air
|-activate|p1b: Clear Air|move: Protect
|move|p2a: Volcarona|Tera Blast|p1b: Clear Air
|-activate|p1b: Clear Air|move: Protect
|
|-heal|p2a: Volcarona|57/100|[from] Grassy Terrain
|upkeep
|turn|6
|
|t:|1756529028
|-terastallize|p2a: Volcarona|Fairy
|move|p1b: Clear Air|Extreme Speed|p2a: Volcarona
|-damage|p2a: Volcarona|18/100
|-status|p1b: Clear Air|brn|[from] ability: Flame Body|[of] p2a: Volcarona
|move|p2b: Rillaboom|Grassy Glide|p1b: Clear Air
|-resisted|p1b: Clear Air
|-damage|p1b: Clear Air|95/100 brn
|move|p2a: Volcarona|Tera Blast|p1b: Clear Air|[anim] Tera Blast Fairy
|-supereffective|p1b: Clear Air
|-damage|p1b: Clear Air|0 fnt
|faint|p1b: Clear Air
|move|p1a: Sabotage|Rage Fist|p2b: Rillaboom
|-damage|p2b: Rillaboom|72/100
|
|-heal|p2a: Volcarona|24/100|[from] Grassy Terrain
|-heal|p2b: Rillaboom|78/100|[from] Grassy Terrain
|upkeep
|
|t:|1756529037
|switch|p1b: Carousel|Maushold-Four, L50|82/100 brn
|turn|7
|
|t:|1756529044
|move|p2a: Volcarona|Protect|p2a: Volcarona
|-singleturn|p2a: Volcarona|Protect
|move|p1b: Carousel|Beat Up|p1a: Sabotage
|-damage|p1a: Sabotage|99/100
|-damage|p1a: Sabotage|99/100
|-damage|p1a: Sabotage|99/100
|-hitcount|p1a: Sabotage|3
|move|p1a: Sabotage|Rage Fist|p2a: Volcarona
|-activate|p2a: Volcarona|move: Protect
|move|p2b: Rillaboom|Wood Hammer|p1b: Carousel
|-damage|p1b: Carousel|0 fnt
|faint|p1b: Carousel
|-damage|p2b: Rillaboom|55/100|[from] Recoil
|
|-heal|p2a: Volcarona|31/100|[from] Grassy Terrain
|-heal|p1a: Sabotage|100/100|[from] Grassy Terrain
|-heal|p2b: Rillaboom|60/100|[from] Grassy Terrain
|upkeep
|
|t:|1756529049
|switch|p1b: Mr.Eclectic|Ursaluna-Bloodmoon, L50, M|100/100
|turn|8
|
|t:|1756529059
|move|p2a: Volcarona|Heat Wave|p1a: Sabotage|[spread] p1a,p1b
|-resisted|p1a: Sabotage
|-damage|p1a: Sabotage|45/100
|-damage|p1b: Mr.Eclectic|17/100
|-enditem|p1a: Sabotage|Sitrus Berry|[eat]
|-heal|p1a: Sabotage|69/100|[from] item: Sitrus Berry
|move|p1a: Sabotage|Rage Fist|p2a: Volcarona
|-damage|p2a: Volcarona|0 fnt
|faint|p2a: Volcarona
|move|p2b: Rillaboom|High Horsepower|p1a: Sabotage
|-supereffective|p1a: Sabotage
|-damage|p1a: Sabotage|29/100
|move|p1b: Mr.Eclectic|Hyper Voice|p2b: Rillaboom
|-damage|p2b: Rillaboom|21/100
|
|-heal|p1a: Sabotage|35/100|[from] Grassy Terrain
|-heal|p2b: Rillaboom|27/100|[from] Grassy Terrain
|-heal|p1b: Mr.Eclectic|23/100|[from] Grassy Terrain
|upkeep
|
|t:|1756529067
|switch|p2a: Sneasler|Sneasler, L50, M, shiny|100/100
|turn|9
|
|t:|1756529077
|move|p1a: Sabotage|Protect|p1a: Sabotage
|-singleturn|p1a: Sabotage|Protect
|move|p2b: Rillaboom|Grassy Glide|p1b: Mr.Eclectic
|-supereffective|p1b: Mr.Eclectic
|-damage|p1b: Mr.Eclectic|0 fnt
|faint|p1b: Mr.Eclectic
|move|p2a: Sneasler|Close Combat|p1a: Sabotage
|-activate|p1a: Sabotage|move: Protect
|
|-heal|p1a: Sabotage|41/100|[from] Grassy Terrain
|-heal|p2b: Rillaboom|33/100|[from] Grassy Terrain
|-fieldend|move: Grassy Terrain
|upkeep
|turn|10
|
|t:|1756529084
|move|p2a: Sneasler|Close Combat|p1a: Sabotage
|-damage|p1a: Sabotage|0 fnt
|-unboost|p2a: Sneasler|def|1
|-unboost|p2a: Sneasler|spd|1
|faint|p1a: Sabotage
|
|win|techinsan3
||laufey#1fan is ready for game 2.
||techinsan3 is ready for game 2.
|uhtml|next|Next: Game 2 of 3
