|j|☆zardingit
|j|☆BVSelf
|html|zardingitBVSelf    
|uhtml|bestof|Game 1 of a best-of-3
|t:|1783850217
|gametype|doubles
|player|p1|zardingit|265|1315
|player|p2|BVSelf|juan|1427
|gen|9
|tier|[Gen 9 Champions] VGC 2026 Reg M-B (Bo3)
|rated|
|rule|Species Clause: Limit one of each Pokémon
|rule|Item Clause: Limit 1 of each item
|clearpoke
|poke|p1|Charizard, L50, M|
|poke|p1|Garchomp, L50, F|
|poke|p1|Venusaur, L50, F|
|poke|p1|Grimmsnarl, L50, M|
|poke|p1|Aegislash, L50, F|
|poke|p1|Farigiraf, L50, M|
|poke|p2|Delphox, L50, F|
|poke|p2|Incineroar, L50, F|
|poke|p2|Maushold-Four, L50|
|poke|p2|Sinistcha, L50|
|poke|p2|Sneasler, L50, M|
|poke|p2|Blastoise, L50, M|
|teampreview|4
|showteam|p1|Charizard||CharizarditeY|Blaze|WeatherBall,HeatWave,HelpingHand,Protect|Modest||M|||50|]Garchomp||ChoiceScarf|RoughSkin|Earthquake,RockSlide,DragonClaw,StompingTantrum|Adamant||F|||50|]Venusaur||LifeOrb|Chlorophyll|SludgeBomb,LeafStorm,SleepPowder,Protect|Timid||F|||50|]Grimmsnarl||LightClay|Prankster|Reflect,LightScreen,PartingShot,SpiritBreak|Careful||M|||50|]Aegislash||FocusSash|StanceChange|Poltergeist,ShadowSneak,CloseCombat,WideGuard|Adamant||F|||50|]Farigiraf||SitrusBerry|ArmorTail|TrickRoom,TwinBeam,Thunderbolt,Protect|Calm||M|||50|
|showteam|p2|Delphox||Delphoxite|Blaze|HeatWave,Psyshock,NastyPlot,Protect|Modest||F|||50|]Incineroar||SitrusBerry|Intimidate|FlareBlitz,FakeOut,ThroatChop,PartingShot|Impish||F|||50|]Maushold-Four||ChopleBerry|FriendGuard|Feint,HelpingHand,FollowMe,Protect|Impish|||||50|]Sinistcha||KasibBerry|Hospitality|Protect,MatchaGotcha,RagePowder,TrickRoom|Relaxed|||||50|]Sneasler||FocusSash|Unburden|CloseCombat,DireClaw,QuickGuard,FakeOut|Adamant||M|||50|]Blastoise||Blastoisinite|RainDish|Protect,ShellSmash,WaterSpout,DarkPulse|Modest||M|||50|
|inactive|Battle timer is ON: inactive players will automatically lose when time's up. (requested by zardingit)
|
|t:|1783850283
|teamsize|p1|4
|teamsize|p2|4
|start
|switch|p1a: Aegislash|Aegislash, L50, F|100/100
|switch|p1b: Charizard|Charizard, L50, M|100/100
|switch|p2a: Sneasler|Sneasler, L50, M|100/100
|switch|p2b: Blastoise|Blastoise, L50, M|100/100
|turn|1
|
|t:|1783850307
|switch|p2a: Incineroar|Incineroar, L50, F|100/100
|-ability|p2a: Incineroar|Intimidate|boost
|-unboost|p1a: Aegislash|atk|1
|-unboost|p1b: Charizard|atk|1
|switch|p1b: Farigiraf|Farigiraf, L50, M|100/100
|move|p2b: Blastoise|Protect|p2b: Blastoise
|-singleturn|p2b: Blastoise|Protect
|-formechange|p1a: Aegislash|Aegislash-Blade|
|move|p1a: Aegislash|Poltergeist|p2b: Blastoise
|-activate|p2b: Blastoise|move: Protect
|
|upkeep
|turn|2
|
|t:|1783850328
|switch|p2b: Sinistcha|Sinistcha, L50|100/100
|move|p1a: Aegislash|Close Combat|p2a: Incineroar
|-supereffective|p2a: Incineroar|1
|-damage|p2a: Incineroar|47/100
|-unboost|p1a: Aegislash|def|1
|-unboost|p1a: Aegislash|spd|1
|-enditem|p2a: Incineroar|Sitrus Berry|[eat]
|-heal|p2a: Incineroar|72/100|[from] item: Sitrus Berry
|move|p2a: Incineroar|Parting Shot|p1a: Aegislash
|-unboost|p1a: Aegislash|atk|1
|-unboost|p1a: Aegislash|spa|1
|
|t:|1783850338
|switch|p2a: Blastoise|Blastoise, L50, M|100/100|[from] Parting Shot
|move|p1b: Farigiraf|Thunderbolt|p2b: Sinistcha
|-resisted|p2b: Sinistcha|1
|-damage|p2b: Sinistcha|88/100
|
|upkeep
|turn|3
|
|t:|1783850354
|switch|p1a: Charizard|Charizard, L50, M|100/100
|move|p2a: Blastoise|Protect|p2a: Blastoise
|-singleturn|p2a: Blastoise|Protect
|move|p2b: Sinistcha|Matcha Gotcha|p1b: Farigiraf|[spread] p1a,p1b
|-resisted|p1a: Charizard|2
|-damage|p1a: Charizard|92/100
|-heal|p2b: Sinistcha|92/100|[from] drain|[of] p1a: Charizard
|-damage|p1b: Farigiraf|78/100
|-heal|p2b: Sinistcha|100/100|[from] drain|[of] p1b: Farigiraf
|-status|p1b: Farigiraf|brn
|move|p1b: Farigiraf|Trick Room|p1b: Farigiraf
|-fieldstart|move: Trick Room|[of] p1b: Farigiraf
|
|-damage|p1b: Farigiraf|72/100 brn|[from] brn
|upkeep
|turn|4
|inactive|BVSelf has 30 seconds left.
|
|t:|1783850388
|switch|p2a: Incineroar|Incineroar, L50, F|72/100
|-ability|p2a: Incineroar|Intimidate|boost
|-unboost|p1a: Charizard|atk|1
|-unboost|p1b: Farigiraf|atk|1
|detailschange|p1a: Charizard|Charizard-Mega-Y, L50, M
|-mega|p1a: Charizard|Charizard|Charizardite Y
|-weather|SunnyDay|[from] ability: Drought|[of] p1a: Charizard
|move|p2b: Sinistcha|Protect|p2b: Sinistcha
|-singleturn|p2b: Sinistcha|Protect
|move|p1b: Farigiraf|Thunderbolt|p2a: Incineroar
|-damage|p2a: Incineroar|50/100g
|move|p1a: Charizard|Heat Wave|p2b: Sinistcha|[spread] p2a
|-activate|p2b: Sinistcha|move: Protect
|-resisted|p2a: Incineroar|1
|-damage|p2a: Incineroar|14/100
|
|-weather|SunnyDay|[upkeep]
|-damage|p1b: Farigiraf|66/100 brn|[from] brn
|upkeep
|turn|5
|
|t:|1783850411
|move|p1b: Farigiraf|Thunderbolt|p2a: Incineroar
|-damage|p2a: Incineroar|0 fnt
|faint|p2a: Incineroar
|move|p2b: Sinistcha|Matcha Gotcha|p1b: Farigiraf|[spread] p1a,p1b
|-resisted|p1a: Charizard|2
|-damage|p1a: Charizard|87/100
|-damage|p1b: Farigiraf|47/100 brn
|-enditem|p1b: Farigiraf|Sitrus Berry|[eat]
|-heal|p1b: Farigiraf|72/100 brn|[from] item: Sitrus Berry
|move|p1a: Charizard|Heat Wave|p2b: Sinistcha
|-supereffective|p2b: Sinistcha|1
|-damage|p2b: Sinistcha|0 fnt
|faint|p2b: Sinistcha
|
|-weather|SunnyDay|[upkeep]
|-damage|p1b: Farigiraf|66/100 brn|[from] brn
|upkeep
|
|t:|1783850420
|switch|p2b: Sneasler|Sneasler, L50, M|100/100
|switch|p2a: Blastoise|Blastoise, L50, M|100/100
|turn|6
|
|t:|1783850435
|detailschange|p2a: Blastoise|Blastoise-Mega, L50, M
|-mega|p2a: Blastoise|Blastoise|Blastoisinite
|move|p1b: Farigiraf|Twin Beam|p2b: Sneasler
|-supereffective|p2b: Sneasler|2
|-damage|p2b: Sneasler|21/100
|-supereffective|p2b: Sneasler|2
|-damage|p2b: Sneasler|0 fnt
|faint|p2b: Sneasler
|-hitcount|p2: Sneasler|2
|move|p2a: Blastoise|Dark Pulse|p1a: Charizard
|-damage|p1a: Charizard|41/100
|cant|p1a: Charizard|flinch
|
|-weather|SunnyDay|[upkeep]
|-damage|p1b: Farigiraf|59/100 brn|[from] brn
|upkeep
|turn|7
|
|t:|1783850448
|move|p2a: Blastoise|Protect|p2a: Blastoise
|-singleturn|p2a: Blastoise|Protect
|move|p1a: Charizard|Protect|p1a: Charizard
|-singleturn|p1a: Charizard|Protect
|move|p1b: Farigiraf|Thunderbolt|p2a: Blastoise
|-activate|p2a: Blastoise|move: Protect
|
|-weather|SunnyDay|[upkeep]
|-damage|p1b: Farigiraf|53/100 brn|[from] brn
|-fieldend|move: Trick Room
|upkeep
|turn|8
|
|t:|1783850464
|move|p1a: Charizard|Weather Ball|p2a: Blastoise
|-resisted|p2a: Blastoise|1
|-damage|p2a: Blastoise|51/100
|move|p2a: Blastoise|Dark Pulse|p1b: Farigiraf
|-supereffective|p1b: Farigiraf|1
|-damage|p1b: Farigiraf|0 fnt
|faint|p1b: Farigiraf
|
|-weather|none
|upkeep
|
|t:|1783850469
|switch|p1b: Aegislash|Aegislash, L50, F|100/100
|turn|9
|
|t:|1783850475
|move|p1a: Charizard|Heat Wave|p2a: Blastoise
|-resisted|p2a: Blastoise|1
|-damage|p2a: Blastoise|23/100
|move|p2a: Blastoise|Dark Pulse|p1b: Aegislash
|-supereffective|p1b: Aegislash|1
|-damage|p1b: Aegislash|6/100
|cant|p1b: Aegislash|flinch
|
|upkeep
|turn|10
|
|t:|1783850484
|move|p1a: Charizard|Helping Hand|p1b: Aegislash
|-singleturn|p1b: Aegislash|Helping Hand|[of] p1a: Charizard
|-formechange|p1b: Aegislash|Aegislash-Blade|
|move|p1b: Aegislash|Shadow Sneak|p2a: Blastoise
|-damage|p2a: Blastoise|0 fnt
|faint|p2a: Blastoise
|
|win|zardingit
||zardingit is ready for game 2.
||BVSelf is ready for game 2.
|uhtml|next|Next: Game 2 of 3
|l|☆zardingit
|player|p1|
