|j|☆ladderingwithcalys
|j|☆colemarcusvgc
|html|ladderingwithcalyscolemarcusvgc    
|uhtml|bestof|Game 1 of a best-of-3
|t:|1756852039
|gametype|doubles
|player|p1|ladderingwithcalys|101|1238
|player|p2|colemarcusvgc|n|1140
|gen|9
|tier|[Gen 9] VGC 2025 Reg H (Bo3)
|rated|
|rule|Species Clause: Limit one of each Pokémon
|rule|Item Clause: Limit 1 of each item
|clearpoke
|poke|p1|Archaludon, L50, M|
|poke|p1|Pelipper, L50, F|
|poke|p1|Kingdra, L50, F|
|poke|p1|Toedscruel, L50, M|
|poke|p1|Comfey, L50, F|
|poke|p1|Weezing-Galar, L50, F|
|poke|p2|Indeedee-F, L50, F|
|poke|p2|Hatterene, L50, F|
|poke|p2|Gallade, L50, M|
|poke|p2|Ursaluna, L50, M|
|poke|p2|Lilligant-Hisui, L50, F|
|poke|p2|Torkoal, L50, M|
|teampreview|4
|showteam|p1|Archaludon||AssaultVest|Stamina|ElectroShot,BodyPress,FlashCannon,Snarl|||M|||50|,,,,,Grass]Pelipper||ChoiceScarf|Drizzle|Tailwind,Hurricane,WeatherBall,Uturn|||F|||50|,,,,,Ghost]Kingdra||LifeOrb|SwiftSwim|Protect,WeatherBall,DracoMeteor,Surf|||F|||50|,,,,,Stellar]Toedscruel||CovertCloak|MyceliumMight|Spore,EarthPower,BulletSeed,RagePowder|||M|||50|,,,,,Water]Comfey||SafetyGoggles|Triage|DrainingKiss,FloralHealing,LightScreen,Protect|||F|||50|,,,,,Steel]Weezing-Galar||ChoiceSpecs|NeutralizingGas|AromaticMist,SludgeBomb,ClearSmog,DazzlingGleam|||F|||50|,,,,,Ghost
|showteam|p2|Indeedee-F||PsychicSeed|PsychicSurge|TrickRoom,FollowMe,HelpingHand,DazzlingGleam|||F|||50|,,,,,Fire]Hatterene||LifeOrb|MagicBounce|ExpandingForce,TrickRoom,DazzlingGleam,Protect|||F|||50|,,,,,Psychic]Gallade||ClearAmulet|Sharpness|PsychoCut,TrickRoom,SacredSword,WideGuard|||M|||50|,,,,,Grass]Ursaluna||FlameOrb|Guts|HeadlongRush,Facade,SwordsDance,Protect|||M|||50|,,,,,Ghost]Lilligant-Hisui||FocusSash|Chlorophyll|SolarBlade,SleepPowder,CloseCombat,AfterYou|||F|||50|,,,,,Ghost]Torkoal||ChoiceSpecs|Drought|Eruption,HeatWave,WeatherBall,EarthPower|||M|||50|,,,,,Fire
|
|t:|1756852088
|teamsize|p1|4
|teamsize|p2|4
|start
|switch|p1a: Comfey|Comfey, L50, F|100/100
|switch|p1b: Kingdra|Kingdra, L50, F, shiny|100/100
|switch|p2a: Indeedee|Indeedee-F, L50, F|100/100
|switch|p2b: Hatterene|Hatterene, L50, F, shiny|100/100
|-fieldstart|move: Psychic Terrain|[from] ability: Psychic Surge|[of] p2a: Indeedee
|-enditem|p2a: Indeedee|Psychic Seed
|-boost|p2a: Indeedee|spd|1|[from] item: Psychic Seed
|turn|1
|
|t:|1756852142
|move|p2a: Indeedee|Follow Me|p2a: Indeedee
|-singleturn|p2a: Indeedee|move: Follow Me
|move|p1a: Comfey|Light Screen|p1a: Comfey
|-sidestart|p1: ladderingwithcalys|move: Light Screen
|move|p1b: Kingdra|Surf|p2a: Indeedee|[spread] p1a,p2a,p2b
|-damage|p1a: Comfey|74/100
|-damage|p2a: Indeedee|74/100
|-damage|p2b: Hatterene|59/100
|-damage|p1b: Kingdra|91/100|[from] item: Life Orb
|move|p2b: Hatterene|Trick Room|p2b: Hatterene
|-fieldstart|move: Trick Room|[of] p2b: Hatterene
|
|upkeep
|turn|2
|
|t:|1756852170
|switch|p2a: Torkoal|Torkoal, L50, M|100/100
|-weather|SunnyDay|[from] ability: Drought|[of] p2a: Torkoal
|switch|p1b: Archaludon|Archaludon, L50, M|100/100
|move|p1a: Comfey|Protect|p1a: Comfey
|-singleturn|p1a: Comfey|Protect
|move|p2b: Hatterene|Expanding Force|p1a: Comfey|[spread] p1b
|-activate|p1a: Comfey|move: Protect
|-resisted|p1b: Archaludon
|-damage|p1b: Archaludon|81/100
|-ability|p1b: Archaludon|Stamina|boost
|-boost|p1b: Archaludon|def|1
|-damage|p2b: Hatterene|50/100|[from] item: Life Orb
|
|-weather|SunnyDay|[upkeep]
|upkeep
|turn|3
|
|t:|1756852228
|switch|p1a: Pelipper|Pelipper, L50, F|100/100
|-weather|RainDance|[from] ability: Drizzle|[of] p1a: Pelipper
|move|p2a: Torkoal|Earth Power|p1b: Archaludon
|-supereffective|p1b: Archaludon
|-damage|p1b: Archaludon|48/100
|-ability|p1b: Archaludon|Stamina|boost
|-boost|p1b: Archaludon|def|1
|move|p2b: Hatterene|Dazzling Gleam|p1a: Pelipper|[spread] p1a,p1b
|-crit|p1a: Pelipper
|-damage|p1a: Pelipper|0 fnt
|-damage|p1b: Archaludon|29/100
|-ability|p1b: Archaludon|Stamina|boost
|-boost|p1b: Archaludon|def|1
|faint|p1a: Pelipper
|-damage|p2b: Hatterene|40/100|[from] item: Life Orb
|move|p1b: Archaludon|Snarl|p2b: Hatterene|[spread] p2a,p2b
|-damage|p2a: Torkoal|84/100
|-damage|p2b: Hatterene|26/100
|-unboost|p2a: Torkoal|spa|1
|-unboost|p2b: Hatterene|spa|1
|
|-weather|RainDance|[upkeep]
|upkeep
|
|t:|1756852237
|switch|p1a: Comfey|Comfey, L50, F|74/100
|turn|4
|
|t:|1756852258
|move|p1a: Comfey|Floral Healing|p1b: Archaludon
|-heal|p1b: Archaludon|79/100
|move|p2a: Torkoal|Earth Power|p1b: Archaludon
|-supereffective|p1b: Archaludon
|-damage|p1b: Archaludon|56/100
|-unboost|p1b: Archaludon|spd|1
|-ability|p1b: Archaludon|Stamina|boost
|-boost|p1b: Archaludon|def|1
|move|p2b: Hatterene|Dazzling Gleam|p1a: Comfey|[spread] p1a,p1b
|-damage|p1a: Comfey|57/100
|-damage|p1b: Archaludon|36/100
|-ability|p1b: Archaludon|Stamina|boost
|-boost|p1b: Archaludon|def|1
|-damage|p2b: Hatterene|17/100|[from] item: Life Orb
|move|p1b: Archaludon|Electro Shot||[still]
|-prepare|p1b: Archaludon|Electro Shot
|-boost|p1b: Archaludon|spa|1
|-anim|p1b: Archaludon|Electro Shot|p2b: Hatterene
|-crit|p2b: Hatterene
|-damage|p2b: Hatterene|0 fnt
|faint|p2b: Hatterene
|
|-weather|RainDance|[upkeep]
|upkeep
|
|t:|1756852279
|switch|p2b: Lilligant|Lilligant-Hisui, L50, F|100/100
|turn|5
|
|t:|1756852306
|switch|p2a: Indeedee|Indeedee-F, L50, F|74/100
|move|p1a: Comfey|Floral Healing|p1b: Archaludon
|-heal|p1b: Archaludon|86/100
|move|p1b: Archaludon|Electro Shot||[still]
|-prepare|p1b: Archaludon|Electro Shot
|-boost|p1b: Archaludon|spa|1
|-anim|p1b: Archaludon|Electro Shot|p2a: Indeedee
|-damage|p2a: Indeedee|3/100
|move|p2b: Lilligant|Sleep Powder|p1b: Archaludon
|-status|p1b: Archaludon|slp|[from] move: Sleep Powder
|
|-weather|RainDance|[upkeep]
|-sideend|p1: ladderingwithcalys|move: Light Screen
|-fieldend|move: Trick Room
|-fieldend|move: Psychic Terrain
|upkeep
|turn|6
|
|t:|1756852334
|switch|p2a: Torkoal|Torkoal, L50, M|84/100
|-weather|SunnyDay|[from] ability: Drought|[of] p2a: Torkoal
|move|p2b: Lilligant|Sleep Powder|p1a: Comfey
|-activate|p1a: Comfey|item: Safety Goggles|Sleep Powder
|move|p1a: Comfey|Light Screen|p1a: Comfey
|-sidestart|p1: ladderingwithcalys|move: Light Screen
|cant|p1b: Archaludon|slp
|
|-weather|SunnyDay|[upkeep]
|upkeep
|turn|7
|
|t:|1756852359
|-terastallize|p2a: Torkoal|Fire
|move|p1a: Comfey|Protect|p1a: Comfey
|-singleturn|p1a: Comfey|Protect
|move|p2b: Lilligant|Close Combat|p1b: Archaludon
|-supereffective|p1b: Archaludon
|-damage|p1b: Archaludon|62/100 slp
|-unboost|p2b: Lilligant|def|1
|-unboost|p2b: Lilligant|spd|1
|-ability|p1b: Archaludon|Stamina|boost
|-boost|p1b: Archaludon|def|1
|cant|p1b: Archaludon|slp
|move|p2a: Torkoal|Eruption|p1a: Comfey|[spread] p1b
|-activate|p1a: Comfey|move: Protect
|-damage|p1b: Archaludon|0 fnt
|faint|p1b: Archaludon
|
|-weather|SunnyDay|[upkeep]
|upkeep
|
|t:|1756852365
|switch|p1b: Kingdra|Kingdra, L50, F, shiny|91/100
|turn|8
|
|t:|1756852381
|switch|p2a: Indeedee|Indeedee-F, L50, F|3/100
|-fieldstart|move: Psychic Terrain|[from] ability: Psychic Surge|[of] p2a: Indeedee
|move|p1b: Kingdra|Protect|p1b: Kingdra
|-singleturn|p1b: Kingdra|Protect
|move|p1a: Comfey|Draining Kiss|p2b: Lilligant
|-activate|p2b: Lilligant|move: Psychic Terrain
|move|p2b: Lilligant|Solar Blade||[still]
|-prepare|p2b: Lilligant|Solar Blade
|-anim|p2b: Lilligant|Solar Blade|p1b: Kingdra
|-activate|p1b: Kingdra|move: Protect
|
|-weather|SunnyDay|[upkeep]
|upkeep
|turn|9
|
|t:|1756852400
|move|p1a: Comfey|Draining Kiss|p1b: Kingdra
|-supereffective|p1b: Kingdra
|-damage|p1b: Kingdra|67/100
|-heal|p1a: Comfey|76/100|[from] drain|[of] p1b: Kingdra
|move|p2a: Indeedee|Follow Me|p2a: Indeedee
|-singleturn|p2a: Indeedee|move: Follow Me
|move|p2b: Lilligant|Solar Blade||[still]
|-prepare|p2b: Lilligant|Solar Blade
|-anim|p2b: Lilligant|Solar Blade|p1b: Kingdra
|-damage|p1b: Kingdra|10/100
|move|p1b: Kingdra|Surf|p2b: Lilligant|[spread] p1a,p2a,p2b
|-resisted|p2b: Lilligant
|-damage|p1a: Comfey|66/100
|-damage|p2a: Indeedee|0 fnt
|-damage|p2b: Lilligant|79/100
|faint|p2a: Indeedee
|-damage|p1b: Kingdra|0 fnt|[from] item: Life Orb
|faint|p1b: Kingdra
|
|-weather|SunnyDay|[upkeep]
|upkeep
|-message|ladderingwithcalys forfeited.
|
|win|colemarcusvgc
||ladderingwithcalys is ready for game 2.
|inactive|colemarcusvgc has 30 seconds to confirm battle start!
