|j|☆tyspirit
|j|☆SHLOK101
|html|tyspiritSHLOK101    
|uhtml|bestof|Game 2 of a best-of-3
|t:|1785176827
|gametype|doubles
|player|p1|tyspirit|rosa|1208
|player|p2|SHLOK101|cynthia-gen4|1256
|gen|9
|tier|[Gen 9 Champions] VGC 2026 Reg M-B (Bo3)
|rated|
|rule|Species Clause: Limit one of each Pokémon
|rule|Item Clause: Limit 1 of each item
|clearpoke
|poke|p1|Kangaskhan, L50, F|
|poke|p1|Aerodactyl, L50, M|
|poke|p1|Arbok, L50, F|
|poke|p1|Charizard, L50, M|
|poke|p1|Venusaur, L50, F|
|poke|p1|Tauros-Paldea-Aqua, L50, M|
|poke|p2|Gengar, L50, F|
|poke|p2|Whimsicott, L50, M|
|poke|p2|Staraptor, L50, F|
|poke|p2|Ceruledge, L50, F|
|poke|p2|Kommo-o, L50, M|
|poke|p2|Samurott-Hisui, L50, F|
|teampreview|4
|showteam|p1|Kangaskhan||SilkScarf|Scrappy|FakeOut,LastResort|Jolly||F|||50|]Aerodactyl||FocusSash|RockHead|Tailwind,RockSlide,IceFang,WideGuard|Jolly||M|||50|]Arbok||Leftovers|Intimidate|Glare,KnockOff,BreakingSwipe,Snarl|Impish||F|||50|]Charizard||CharizarditeY|Blaze|Protect,WeatherBall,HeatWave,SolarBeam|Timid||M|||50|]Venusaur||Venusaurite|Chlorophyll|SludgeBomb,GigaDrain,EarthPower,SleepPowder|Modest||F|||50|]Tauros-Paldea-Aqua||LifeOrb|Intimidate|WaveCrash,AquaJet,CloseCombat,Protect|Jolly||M|||50|
|showteam|p2|Gengar||Gengarite|CursedBody|ShadowClaw,SludgeBomb,DestinyBond,Protect|Timid||F|||50|]Whimsicott||FocusSash|Prankster|Moonblast,Tailwind,Encore,Charm|Timid||M|||50|]Staraptor||Staraptite|Intimidate|CloseCombat,DualWingbeat,Roost,Protect|Jolly||F|||50|]Ceruledge||MentalHerb|FlashFire|BitterBlade,PhantomForce,BulkUp,Protect|Adamant||F|||50|]Kommo-o||Leftovers|Bulletproof|BodyPress,Coaching,IronDefense,Protect|Impish||M|||50|]Samurott-Hisui||LifeOrb|Sharpness|RazorShell,CeaselessEdge,SuckerPunch,Protect|Jolly||F|||50|
|
|t:|1785176864
|teamsize|p1|4
|teamsize|p2|4
|start
|switch|p1a: Kangaskhan|Kangaskhan, L50, F|100/100
|switch|p1b: Aerodactyl|Aerodactyl, L50, M|100/100
|switch|p2a: Kommo-o|Kommo-o, L50, M|100/100
|switch|p2b: Whimsicott|Whimsicott, L50, M|100/100
|turn|1
|
|t:|1785176892
|move|p1a: Kangaskhan|Fake Out|p2b: Whimsicott
|-damage|p2b: Whimsicott|71/100
|cant|p2b: Whimsicott|flinch
|move|p1b: Aerodactyl|Tailwind|p1b: Aerodactyl
|-sidestart|p1: tyspirit|move: Tailwind
|move|p2a: Kommo-o|Iron Defense|p2a: Kommo-o
|-boost|p2a: Kommo-o|def|2
|
|upkeep
|turn|2
|
|t:|1785176915
|move|p2b: Whimsicott|Encore|p1a: Kangaskhan
|-start|p1a: Kangaskhan|Encore
|move|p1a: Kangaskhan|Fake Out||[still]
|-hint|Fake Out only works on your first turn out.
|-fail|p1a: Kangaskhan
|move|p1b: Aerodactyl|Ice Fang|p2a: Kommo-o
|-supereffective|p2a: Kommo-o|1
|-damage|p2a: Kommo-o|84/100
|move|p2a: Kommo-o|Iron Defense|p2a: Kommo-o
|-boost|p2a: Kommo-o|def|2
|
|-heal|p2a: Kommo-o|90/100|[from] item: Leftovers
|upkeep
|turn|3
|
|t:|1785176929
|move|p2b: Whimsicott|Encore|p1b: Aerodactyl
|-start|p1b: Aerodactyl|Encore
|move|p1b: Aerodactyl|Ice Fang|p2a: Kommo-o
|-supereffective|p2a: Kommo-o|1
|-damage|p2a: Kommo-o|79/100
|-activate|p1a: Kangaskhan|move: Struggle
|move|p1a: Kangaskhan|Struggle|p2b: Whimsicott
|-damage|p2b: Whimsicott|47/100
|-damage|p1a: Kangaskhan|74/100|[from] recoil
|move|p2a: Kommo-o|Body Press|p1b: Aerodactyl
|-enditem|p1b: Aerodactyl|Focus Sash
|-damage|p1b: Aerodactyl|1/100
|
|-heal|p2a: Kommo-o|85/100|[from] item: Leftovers
|upkeep
|turn|4
|
|t:|1785176946
|move|p2b: Whimsicott|Tailwind|p2b: Whimsicott
|-sidestart|p2: SHLOK101|move: Tailwind
|move|p1b: Aerodactyl|Ice Fang|p2b: Whimsicott
|-supereffective|p2b: Whimsicott|1
|-damage|p2b: Whimsicott|0 fnt
|faint|p2b: Whimsicott
|-activate|p1a: Kangaskhan|move: Struggle
|move|p1a: Kangaskhan|Struggle|p2a: Kommo-o
|-damage|p2a: Kommo-o|81/100
|-damage|p1a: Kangaskhan|49/100|[from] recoil
|move|p2a: Kommo-o|Body Press|p1a: Kangaskhan
|-supereffective|p1a: Kangaskhan|1
|-damage|p1a: Kangaskhan|0 fnt
|faint|p1a: Kangaskhan
|
|-heal|p2a: Kommo-o|87/100|[from] item: Leftovers
|-sideend|p1: tyspirit|move: Tailwind
|upkeep
|
|t:|1785176958
|switch|p2b: Gengar|Gengar, L50, F|100/100
|switch|p1a: Venusaur|Venusaur, L50, F|100/100
|turn|5
|
|t:|1785176972
|detailschange|p2b: Gengar|Gengar-Mega, L50, F
|-mega|p2b: Gengar|Gengar|Gengarite
|detailschange|p1a: Venusaur|Venusaur-Mega, L50, F
|-mega|p1a: Venusaur|Venusaur|Venusaurite
|move|p2b: Gengar|Sludge Bomb|p1a: Venusaur
|-damage|p1a: Venusaur|51/100
|move|p2a: Kommo-o|Body Press|p1b: Aerodactyl
|-damage|p1b: Aerodactyl|0 fnt
|faint|p1b: Aerodactyl
|move|p1a: Venusaur|Sleep Powder|p2a: Kommo-o|[miss]
|-miss|p1a: Venusaur|p2a: Kommo-o
|
|-heal|p2a: Kommo-o|93/100|[from] item: Leftovers
|upkeep
|
|t:|1785176981
|switch|p1b: Tauros|Tauros-Paldea-Aqua, L50, M|100/100
|-ability|p1b: Tauros|Intimidate|boost
|-unboost|p2a: Kommo-o|atk|1
|-unboost|p2b: Gengar|atk|1
|turn|6
|
|t:|1785177003
|move|p1b: Tauros|Protect|p1b: Tauros
|-singleturn|p1b: Tauros|Protect
|move|p2b: Gengar|Sludge Bomb|p1a: Venusaur
|-damage|p1a: Venusaur|0 fnt
|faint|p1a: Venusaur
|move|p2a: Kommo-o|Body Press|p1b: Tauros
|-activate|p1b: Tauros|move: Protect
|
|-heal|p2a: Kommo-o|100/100|[from] item: Leftovers
|upkeep
|turn|7
|-message|tyspirit forfeited.
|
|win|SHLOK101
|raw|tyspirit's rating: 1208 → 1186(-22 for losing)
|raw|SHLOK101's rating: 1256 → 1278(+22 for winning)
|l|☆tyspirit
|player|p1|
|l|☆SHLOK101
|player|p2|
|j| tedidn
