|j|☆MSS23
|j|☆Thad Stevens
|html|MSS23Thad Stevens    
|uhtml|bestof|Game 2 of a best-of-3
|t:|1755789788
|gametype|doubles
|player|p1|MSS23|ethan|1256
|player|p2|Thad Stevens|pryce|1250
|gen|9
|tier|[Gen 9] VGC 2025 Reg H (Bo3)
|rated|
|rule|Species Clause: Limit one of each Pokémon
|rule|Item Clause: Limit 1 of each item
|clearpoke
|poke|p1|Rillaboom, L50, F|
|poke|p1|Kingambit, L50, F|
|poke|p1|Sneasler, L50, M|
|poke|p1|Volcarona, L50, F|
|poke|p1|Electabuzz, L50, M|
|poke|p1|Dragonite, L50, F|
|poke|p2|Kleavor, L50, M|
|poke|p2|Gholdengo, L50|
|poke|p2|Ninetales-Alola, L50, F|
|poke|p2|Sneasler, L50, M|
|poke|p2|Hydreigon, L50, M|
|poke|p2|Incineroar, L50, F|
|teampreview|4
|showteam|p1|Rillaboom||AssaultVest|GrassySurge|FakeOut,WoodHammer,HighHorsepower,GrassyGlide|||F|||50|,,,,,Fire]Kingambit||BlackGlasses|Defiant|KowtowCleave,SuckerPunch,SwordsDance,Protect|||F|||50|,,,,,Dark]Sneasler||FocusSash|Unburden|CloseCombat,DireClaw,Coaching,FakeOut|||M|||50|,,,,,Stellar]Volcarona||CovertCloak|FlameBody|HeatWave,GigaDrain,QuiverDance,Protect|||F|||50|,,,,,Dragon]Electabuzz||Eviolite|VitalSpirit|Thunderbolt,FollowMe,Taunt,Protect|||M|||50|,,,,,Fairy]Dragonite||LoadedDice|Multiscale|ExtremeSpeed,ScaleShot,Haze,Protect|||F|||50|,,,,,Fairy
|showteam|p2|Kleavor||AssaultVest|Sharpness|StoneAxe,XScissor,Feint,CloseCombat|||M|||50|,,,,,Water]Gholdengo||LifeOrb|GoodasGold|MakeItRain,ShadowBall,NastyPlot,Protect||||||50|,,,,,Water]Ninetales-Alola||FocusSash|SnowWarning|Blizzard,IcyWind,Encore,AuroraVeil|||F|||50|,,,,,Ghost]Sneasler||WhiteHerb|Unburden|DireClaw,CloseCombat,Coaching,Protect|||M|||50|,,,,,Stellar]Hydreigon||SafetyGoggles|Levitate|DracoMeteor,Snarl,Tailwind,Protect|||M|||50|,,,,,Ghost]Incineroar||SitrusBerry|Intimidate|KnockOff,FlareBlitz,FakeOut,PartingShot|||F|||50|,,,,,Grass
|inactive|Battle timer is ON: inactive players will automatically lose when time's up. (requested by Thad Stevens)
|inactive|Thad Stevens has 60 seconds left.
|
|t:|1755789839
|teamsize|p1|4
|teamsize|p2|4
|start
|switch|p1a: Sneasler|Sneasler, L50, M|100/100
|switch|p1b: Volcarona|Volcarona, L50, F|100/100
|switch|p2a: Kleavor|Kleavor, L50, M|100/100
|switch|p2b: Ninetales|Ninetales-Alola, L50, F|100/100
|-weather|Snowscape|[from] ability: Snow Warning|[of] p2b: Ninetales
|turn|1
|inactive|MSS23 has 30 seconds left.
|
|t:|1755789865
|-terastallize|p2b: Ninetales|Ghost
|move|p1a: Sneasler|Fake Out|p2a: Kleavor
|-resisted|p2a: Kleavor
|-damage|p2a: Kleavor|94/100
|move|p2b: Ninetales|Icy Wind|p1b: Volcarona|[spread] p1a
|-miss|p2b: Ninetales|p1b: Volcarona
|-damage|p1a: Sneasler|79/100
|-unboost|p1a: Sneasler|spe|1
|move|p1b: Volcarona|Quiver Dance|p1b: Volcarona
|-boost|p1b: Volcarona|spa|1
|-boost|p1b: Volcarona|spd|1
|-boost|p1b: Volcarona|spe|1
|cant|p2a: Kleavor|flinch
|
|-weather|Snowscape|[upkeep]
|upkeep
|turn|2
|
|t:|1755789887
|move|p1b: Volcarona|Protect|p1b: Volcarona
|-singleturn|p1b: Volcarona|Protect
|move|p2b: Ninetales|Encore|p1a: Sneasler
|-start|p1a: Sneasler|Encore
|move|p1a: Sneasler|Fake Out||[still]
|-hint|Fake Out only works on your first turn out.
|-fail|p1a: Sneasler
|move|p2a: Kleavor|Stone Axe|p1b: Volcarona
|-activate|p1b: Volcarona|move: Protect
|
|-weather|Snowscape|[upkeep]
|upkeep
|turn|3
|
|t:|1755789901
|switch|p1a: Kingambit|Kingambit, L50, F|100/100
|-terastallize|p1b: Volcarona|Dragon
|move|p1b: Volcarona|Heat Wave|p2a: Kleavor|[spread] p2b
|-miss|p1b: Volcarona|p2a: Kleavor
|-damage|p2b: Ninetales|42/100
|move|p2b: Ninetales|Blizzard|p1a: Kingambit|[spread] p1a,p1b
|-resisted|p1a: Kingambit
|-supereffective|p1b: Volcarona
|-damage|p1a: Kingambit|86/100
|-damage|p1b: Volcarona|59/100
|move|p2a: Kleavor|Stone Axe|p1b: Volcarona
|-damage|p1b: Volcarona|7/100
|-sidestart|p1: MSS23|move: Stealth Rock
|
|-weather|Snowscape|[upkeep]
|upkeep
|turn|4
|inactive|MSS23 has 30 seconds left.
|inactive|Thad Stevens has 30 seconds left.
|
|t:|1755789930
|move|p2a: Kleavor|Feint|p1b: Volcarona
|-damage|p1b: Volcarona|0 fnt
|faint|p1b: Volcarona
|move|p2b: Ninetales|Aurora Veil|p2b: Ninetales
|-sidestart|p2: Thad Stevens|move: Aurora Veil
|move|p1a: Kingambit|Kowtow Cleave|p2a: Kleavor
|-damage|p2a: Kleavor|55/100
|
|-weather|Snowscape|[upkeep]
|upkeep
|
|t:|1755789945
|switch|p1b: Sneasler|Sneasler, L50, M|79/100
|-damage|p1b: Sneasler|73/100|[from] Stealth Rock
|turn|5
|
|t:|1755789960
|move|p1a: Kingambit|Sucker Punch||[still]
|-fail|p1a: Kingambit
|move|p1b: Sneasler|Close Combat|p2a: Kleavor
|-damage|p2a: Kleavor|11/100
|-unboost|p1b: Sneasler|def|1
|-unboost|p1b: Sneasler|spd|1
|move|p2b: Ninetales|Encore|p1b: Sneasler
|-start|p1b: Sneasler|Encore
|move|p2a: Kleavor|Close Combat|p1a: Kingambit
|-supereffective|p1a: Kingambit
|-damage|p1a: Kingambit|0 fnt
|-unboost|p2a: Kleavor|def|1
|-unboost|p2a: Kleavor|spd|1
|faint|p1a: Kingambit
|
|-weather|none
|upkeep
|
|t:|1755789969
|switch|p1a: Rillaboom|Rillaboom, L50, F|100/100
|-damage|p1a: Rillaboom|88/100|[from] Stealth Rock
|-fieldstart|move: Grassy Terrain|[from] ability: Grassy Surge|[of] p1a: Rillaboom
|turn|6
|
|t:|1755789982
|switch|p2b: Incineroar|Incineroar, L50, F|100/100
|-ability|p2b: Incineroar|Intimidate|boost
|-unboost|p1a: Rillaboom|atk|1
|-unboost|p1b: Sneasler|atk|1
|move|p2a: Kleavor|Feint|p1b: Sneasler
|-damage|p1b: Sneasler|46/100
|move|p1a: Rillaboom|Grassy Glide|p2b: Incineroar
|-resisted|p2b: Incineroar
|-damage|p2b: Incineroar|93/100
|move|p1b: Sneasler|Close Combat|p2a: Kleavor
|-damage|p2a: Kleavor|0 fnt
|-unboost|p1b: Sneasler|def|1
|-unboost|p1b: Sneasler|spd|1
|faint|p2a: Kleavor
|
|-heal|p1b: Sneasler|52/100|[from] Grassy Terrain
|-heal|p1a: Rillaboom|94/100|[from] Grassy Terrain
|-heal|p2b: Incineroar|99/100|[from] Grassy Terrain
|upkeep
|l|☆Thad Stevens
|inactive|Thad Stevens disconnected and has a minute to reconnect!
|player|p2|
|j|☆Thad Stevens
|inactive|Thad Stevens reconnected and has 40 seconds left.
|player|p2|Thad Stevens|pryce|
|
|t:|1755790004
|switch|p2a: Ninetales|Ninetales-Alola, L50, F, tera:Ghost|42/100
|-weather|Snowscape|[from] ability: Snow Warning|[of] p2a: Ninetales
|turn|7
|
|t:|1755790016
|move|p2b: Incineroar|Fake Out|p1a: Rillaboom
|-damage|p1a: Rillaboom|83/100
|move|p1b: Sneasler|Close Combat|p2b: Incineroar
|-supereffective|p2b: Incineroar
|-damage|p2b: Incineroar|53/100
|-unboost|p1b: Sneasler|def|1
|-unboost|p1b: Sneasler|spd|1
|move|p2a: Ninetales|Blizzard|p1b: Sneasler|[spread] p1a,p1b
|-supereffective|p1a: Rillaboom
|-damage|p1a: Rillaboom|37/100
|-damage|p1b: Sneasler|0 fnt
|faint|p1b: Sneasler
|cant|p1a: Rillaboom|flinch
|
|-weather|Snowscape|[upkeep]
|-heal|p2a: Ninetales|48/100|[from] Grassy Terrain
|-heal|p1a: Rillaboom|43/100|[from] Grassy Terrain
|-heal|p2b: Incineroar|59/100|[from] Grassy Terrain
|upkeep
|turn|8
|
|t:|1755790025
|move|p2a: Ninetales|Blizzard|p1a: Rillaboom
|-supereffective|p1a: Rillaboom
|-damage|p1a: Rillaboom|0 fnt
|faint|p1a: Rillaboom
|
|win|Thad Stevens
|raw|MSS23's rating: 1256 → 1231(-25 for losing)
|raw|Thad Stevens's rating: 1250 → 1275(+25 for winning)
