|j|☆CretaceousDraconid
|j|☆PuppinMusic
|html|CretaceousDraconidPuppinMusic    
|uhtml|bestof|Game 2 of a best-of-3
|t:|1757832355
|gametype|doubles
|player|p1|CretaceousDraconid|zinnia-masters|1198
|player|p2|PuppinMusic|guitarist|1100
|gen|9
|tier|[Gen 9] VGC 2025 Reg H (Bo3)
|rated|
|rule|Species Clause: Limit one of each Pokémon
|rule|Item Clause: Limit 1 of each item
|clearpoke
|poke|p1|Whimsicott, L50, F|
|poke|p1|Incineroar, L50, M|
|poke|p1|Salamence, L50, M|
|poke|p1|Garchomp, L50, M|
|poke|p1|Sneasler, L50, F|
|poke|p1|Ninetales-Alola, L50, F|
|poke|p2|Annihilape, L50, F|
|poke|p2|Maushold, L50|
|poke|p2|Ninetales-Alola, L50, F|
|poke|p2|Sneasler, L50, M|
|poke|p2|Rillaboom, L50, M|
|poke|p2|Talonflame, L50, F|
|teampreview|4
|showteam|p1|Whimsicott||CovertCloak|Prankster|Tailwind,Moonblast,Encore,Taunt|||F|||50|,,,,,Water]Incineroar||SafetyGoggles|Intimidate|FakeOut,Taunt,PartingShot,KnockOff|||M|||50|,,,,,Ghost]Salamence||ChoiceSpecs|Intimidate|Hurricane,HeatWave,DracoMeteor,HydroPump|||M|||50|,,,,,Fire]Garchomp||LoadedDice|RoughSkin|StompingTantrum,Earthquake,ScaleShot,Protect|||M|||50|,,,,,Ghost]Sneasler||FocusSash|PoisonTouch|DireClaw,CloseCombat,Coaching,Protect|||F|||50|,,,,,Fairy]Ninetales-Alola||NeverMeltIce|SnowWarning|FreezeDry,Blizzard,AuroraVeil,Protect|||F|||50|,,,,,Ghost
|showteam|p2|Annihilape||Leftovers|Defiant|BulkUp,RageFist,DrainPunch,Protect|||F|||50|,,,,,Fire]Maushold||SafetyGoggles|FriendGuard|FollowMe,Encore,BeatUp,Protect||||||50|,,,,,Dark]Ninetales-Alola||LightClay|SnowWarning|AuroraVeil,Blizzard,IcyWind,Encore|||F|||50|,,,,,Ghost]Sneasler||GrassySeed|Unburden|FakeOut,DireClaw,CloseCombat,Protect|||M|||50|,,,,,Stellar]Rillaboom||AssaultVest|GrassySurge|FakeOut,GrassyGlide,WoodHammer,Uturn|||M|||50|,,,,,Fire]Talonflame||CovertCloak|GaleWings|Tailwind,DualWingbeat,Taunt,Protect|||F|||50|,,,,,Dark
|inactive|Battle timer is ON: inactive players will automatically lose when time's up. (requested by PuppinMusic)
|inactive|PuppinMusic has 60 seconds left.
|
|t:|1757832387
|teamsize|p1|4
|teamsize|p2|4
|start
|switch|p1a: Garchomp|Garchomp, L50, M|100/100
|switch|p1b: TheFuckYouGuy|Sneasler, L50, F|100/100
|switch|p2a: Sneasler|Sneasler, L50, M|100/100
|switch|p2b: Rillaboom|Rillaboom, L50, M|100/100
|-fieldstart|move: Grassy Terrain|[from] ability: Grassy Surge|[of] p2b: Rillaboom
|-enditem|p2a: Sneasler|Grassy Seed
|-boost|p2a: Sneasler|def|1|[from] item: Grassy Seed
|turn|1
|
|t:|1757832407
|move|p1b: TheFuckYouGuy|Protect|p1b: TheFuckYouGuy
|-singleturn|p1b: TheFuckYouGuy|Protect
|move|p1a: Garchomp|Protect|p1a: Garchomp
|-singleturn|p1a: Garchomp|Protect
|move|p2b: Rillaboom|Fake Out|p1b: TheFuckYouGuy
|-activate|p1b: TheFuckYouGuy|move: Protect
|move|p2a: Sneasler|Dire Claw|p1a: Garchomp
|-activate|p1a: Garchomp|move: Protect
|
|upkeep
|turn|2
|
|t:|1757832426
|move|p2a: Sneasler|Dire Claw|p1a: Garchomp
|-resisted|p1a: Garchomp
|-damage|p1a: Garchomp|79/100
|-damage|p2a: Sneasler|88/100|[from] ability: Rough Skin|[of] p1a: Garchomp
|move|p1b: TheFuckYouGuy|Dire Claw|p2b: Rillaboom
|-supereffective|p2b: Rillaboom
|-damage|p2b: Rillaboom|15/100
|-status|p2b: Rillaboom|psn
|move|p1a: Garchomp|Stomping Tantrum|p2a: Sneasler
|-supereffective|p2a: Sneasler
|-damage|p2a: Sneasler|0 fnt
|faint|p2a: Sneasler
|move|p2b: Rillaboom|U-turn|p1b: TheFuckYouGuy
|-resisted|p1b: TheFuckYouGuy
|-crit|p1b: TheFuckYouGuy
|-damage|p1b: TheFuckYouGuy|84/100
|
|t:|1757832441
|switch|p2b: Ninetales|Ninetales-Alola, L50, F|100/100|[from] U-turn
|-weather|Snowscape|[from] ability: Snow Warning|[of] p2b: Ninetales
|
|-weather|Snowscape|[upkeep]
|-heal|p1b: TheFuckYouGuy|90/100|[from] Grassy Terrain
|-heal|p1a: Garchomp|85/100|[from] Grassy Terrain
|upkeep
|
|t:|1757832444
|switch|p2a: Annihilape|Annihilape, L50, F, shiny|100/100
|turn|3
|
|t:|1757832464
|move|p1b: TheFuckYouGuy|Dire Claw|p2b: Ninetales
|-supereffective|p2b: Ninetales
|-damage|p2b: Ninetales|29/100
|move|p2b: Ninetales|Blizzard|p1b: TheFuckYouGuy|[spread] p1a,p1b
|-supereffective|p1a: Garchomp
|-damage|p1a: Garchomp|0 fnt
|-damage|p1b: TheFuckYouGuy|53/100
|faint|p1a: Garchomp
|move|p2a: Annihilape|Bulk Up|p2a: Annihilape
|-boost|p2a: Annihilape|atk|1
|-boost|p2a: Annihilape|def|1
|
|-weather|Snowscape|[upkeep]
|-heal|p1b: TheFuckYouGuy|59/100|[from] Grassy Terrain
|-heal|p2b: Ninetales|34/100|[from] Grassy Terrain
|upkeep
|
|t:|1757832469
|switch|p1a: Whimsicott|Whimsicott, L50, F|100/100
|turn|4
|
|t:|1757832487
|move|p1a: Whimsicott|Encore|p2a: Annihilape
|-start|p2a: Annihilape|Encore
|move|p1b: TheFuckYouGuy|Dire Claw|p2b: Ninetales
|-supereffective|p2b: Ninetales
|-damage|p2b: Ninetales|0 fnt
|faint|p2b: Ninetales
|move|p2a: Annihilape|Bulk Up|p2a: Annihilape
|-boost|p2a: Annihilape|atk|1
|-boost|p2a: Annihilape|def|1
|
|-weather|Snowscape|[upkeep]
|-heal|p1b: TheFuckYouGuy|65/100|[from] Grassy Terrain
|upkeep
|
|t:|1757832495
|switch|p2b: Rillaboom|Rillaboom, L50, M|15/100 psn
|turn|5
|
|t:|1757832500
|move|p1b: TheFuckYouGuy|Dire Claw|p2b: Rillaboom
|-supereffective|p2b: Rillaboom
|-damage|p2b: Rillaboom|0 fnt
|faint|p2b: Rillaboom
|move|p1a: Whimsicott|Moonblast|p2a: Annihilape
|-supereffective|p2a: Annihilape
|-crit|p2a: Annihilape
|-damage|p2a: Annihilape|22/100
|move|p2a: Annihilape|Bulk Up|p2a: Annihilape
|-boost|p2a: Annihilape|atk|1
|-boost|p2a: Annihilape|def|1
|
|-weather|Snowscape|[upkeep]
|-heal|p1b: TheFuckYouGuy|71/100|[from] Grassy Terrain
|-heal|p2a: Annihilape|28/100|[from] Grassy Terrain
|-heal|p2a: Annihilape|34/100|[from] item: Leftovers
|-fieldend|move: Grassy Terrain
|upkeep
|turn|6
|
|t:|1757832509
|move|p1b: TheFuckYouGuy|Dire Claw|p2a: Annihilape
|-resisted|p2a: Annihilape
|-crit|p2a: Annihilape
|-damage|p2a: Annihilape|4/100
|move|p1a: Whimsicott|Moonblast|p2a: Annihilape
|-supereffective|p2a: Annihilape
|-damage|p2a: Annihilape|0 fnt
|faint|p2a: Annihilape
|
|win|CretaceousDraconid
|raw|CretaceousDraconid's rating: 1198 → 1216(+18 for winning)
|raw|PuppinMusic's rating: 1100 → 1082(-18 for losing)
