|j|☆IndianCrackCoffee
|j|☆StealthHawkTuah
|html|IndianCrackCoffeeStealthHawkTuah    
|uhtml|bestof|Game 2 of a best-of-3
|t:|1756487548
|gametype|doubles
|player|p1|IndianCrackCoffee|brendan-masters|1035
|player|p2|StealthHawkTuah|cyrus|1000
|gen|9
|tier|[Gen 9] VGC 2025 Reg H (Bo3)
|rated|
|rule|Species Clause: Limit one of each Pokémon
|rule|Item Clause: Limit 1 of each item
|clearpoke
|poke|p1|Dragonite, L50, M|
|poke|p1|Ursaluna-Bloodmoon, L50, M|
|poke|p1|Archaludon, L50, F|
|poke|p1|Whimsicott, L50, F|
|poke|p1|Gholdengo, L50|
|poke|p1|Incineroar, L50, M|
|poke|p2|Milotic, L50, M|
|poke|p2|Tyranitar, L50, M|
|poke|p2|Talonflame, L50, F|
|poke|p2|Garchomp, L50, F|
|poke|p2|Amoonguss, L50, F|
|poke|p2|Gholdengo, L50|
|teampreview|4
|showteam|p1|Dragonite||LoadedDice|Multiscale|ScaleShot,ExtremeSpeed,IceSpinner,Protect|||M|||50|,,,,,Fairy]Ursaluna-Bloodmoon||AssaultVest|MindsEye|BloodMoon,HyperVoice,EarthPower,VacuumWave|||M|||50|,,,,,Water]Archaludon||PowerHerb|Sturdy|ElectroShot,FlashCannon,DracoMeteor,Protect|||F|||50|,,,,,Stellar]Whimsicott||CovertCloak|Prankster|FakeTears,Tailwind,Encore,Moonblast|||F|||50|,,,,,Poison]Gholdengo||ChoiceSpecs|GoodasGold|MakeItRain,ShadowBall,PowerGem,SteelBeam||||||50|,,,,,Steel]Incineroar||MirrorHerb|Intimidate|FakeOut,PartingShot,KnockOff,FlareBlitz|||M|||50|,,,,,Ghost
|showteam|p2|Milotic||SafetyGoggles|Competitive|Scald,IcyWind,Haze,Protect|||M|||50|,,,,,Dragon]Tyranitar||AssaultVest|SandStream|RockSlide,KnockOff,LowKick,TeraBlast|||M|||50|,,,,,Flying]Talonflame||CovertCloak|GaleWings|BraveBird,Tailwind,WillOWisp,Taunt|||F|||50|,,,,,Ghost]Garchomp||LifeOrb|RoughSkin|Protect,StompingTantrum,Earthquake,DragonClaw|||F|||50|,,,,,Steel]Amoonguss||SitrusBerry|Regenerator|Protect,RagePowder,Spore,PollenPuff|||F|||50|,,,,,Water]Gholdengo||ChoiceSpecs|GoodasGold|MakeItRain,ShadowBall,Thunderbolt,Trick||||||50|,,,,,Steel
|inactive|Battle timer is ON: inactive players will automatically lose when time's up. (requested by StealthHawkTuah)
|inactive|IndianCrackCoffee has 60 seconds left.
|
|t:|1756487598
|teamsize|p1|4
|teamsize|p2|4
|start
|switch|p1a: Archaludon|Archaludon, L50, F|100/100
|switch|p1b: Incineroar|Incineroar, L50, M|100/100
|switch|p2a: Milotic|Milotic, L50, M|100/100
|switch|p2b: Amoonguss|Amoonguss, L50, F|100/100
|-ability|p1b: Incineroar|Intimidate|boost
|-unboost|p2a: Milotic|atk|1
|-ability|p2a: Milotic|Competitive|boost
|-boost|p2a: Milotic|spa|2
|-unboost|p2b: Amoonguss|atk|1
|-enditem|p1b: Incineroar|Mirror Herb
|-boost|p1b: Incineroar|spa|2|[from] item: Mirror Herb
|turn|1
|inactive|IndianCrackCoffee has 30 seconds left.
|
|t:|1756487624
|switch|p1b: Whimsicott|Whimsicott, L50, F|100/100
|move|p1a: Archaludon|Protect|p1a: Archaludon
|-singleturn|p1a: Archaludon|Protect
|move|p2a: Milotic|Protect|p2a: Milotic
|-singleturn|p2a: Milotic|Protect
|move|p2b: Amoonguss|Spore|p1a: Archaludon
|-activate|p1a: Archaludon|move: Protect
|
|upkeep
|turn|2
|inactive|StealthHawkTuah has 30 seconds left.
|
|t:|1756487653
|switch|p1a: Gholdengo|Gholdengo, L50|100/100
|switch|p2a: Garchomp|Garchomp, L50, F|100/100
|move|p1b: Whimsicott|Encore||[still]
|-fail|p1b: Whimsicott
|move|p2b: Amoonguss|Spore|p1a: Gholdengo
|-immune|p1a: Gholdengo|[from] ability: Good as Gold
|
|upkeep
|turn|3
|inactive|IndianCrackCoffee has 30 seconds left.
|inactive|IndianCrackCoffee has 20 seconds left.
|inactive|IndianCrackCoffee has 15 seconds left.
|inactive|IndianCrackCoffee has 10 seconds left.
|inactive|IndianCrackCoffee has 5 seconds left.
|
|t:|1756487703
|switch|p2b: Talonflame|Talonflame, L50, F|100/100
|-terastallize|p2a: Garchomp|Steel
|-terastallize|p1a: Gholdengo|Steel
|move|p1b: Whimsicott|Tailwind|p1b: Whimsicott
|-sidestart|p1: IndianCrackCoffee|move: Tailwind
|move|p1a: Gholdengo|Make It Rain|p2b: Talonflame|[spread] p2a,p2b
|-resisted|p2a: Garchomp
|-resisted|p2b: Talonflame
|-damage|p2a: Garchomp|48/100
|-damage|p2b: Talonflame|24/100
|-unboost|p1a: Gholdengo|spa|1
|move|p2a: Garchomp|Earthquake|p1b: Whimsicott|[spread] p1a,p1b
|-immune|p2b: Talonflame
|-supereffective|p1a: Gholdengo
|-resisted|p1b: Whimsicott
|-damage|p1a: Gholdengo|0 fnt
|-damage|p1b: Whimsicott|67/100
|faint|p1a: Gholdengo
|-damage|p2a: Garchomp|38/100|[from] item: Life Orb
|
|upkeep
|inactive|IndianCrackCoffee has 30 seconds left.
|
|t:|1756487729
|switch|p1a: Archaludon|Archaludon, L50, F|100/100
|turn|4
|
|t:|1756487748
|switch|p2a: Amoonguss|Amoonguss, L50, F|100/100
|move|p1b: Whimsicott|Moonblast|p2b: Talonflame
|-resisted|p2b: Talonflame
|-damage|p2b: Talonflame|7/100
|move|p1a: Archaludon|Electro Shot||[still]
|-prepare|p1a: Archaludon|Electro Shot
|-boost|p1a: Archaludon|spa|1
|-enditem|p1a: Archaludon|Power Herb
|-anim|p1a: Archaludon|Electro Shot|p2a: Amoonguss
|-resisted|p2a: Amoonguss
|-damage|p2a: Amoonguss|71/100
|move|p2b: Talonflame|Tailwind|p2b: Talonflame
|-sidestart|p2: StealthHawkTuah|move: Tailwind
|
|upkeep
|turn|5
|
|t:|1756487769
|switch|p1b: Incineroar|Incineroar, L50, M|100/100
|-ability|p1b: Incineroar|Intimidate|boost
|-unboost|p2a: Amoonguss|atk|1
|-unboost|p2b: Talonflame|atk|1
|move|p2b: Talonflame|Brave Bird|p1b: Incineroar
|-damage|p1b: Incineroar|78/100
|-damage|p2b: Talonflame|0 fnt|[from] Recoil
|faint|p2b: Talonflame
|move|p1a: Archaludon|Draco Meteor|p2a: Amoonguss|[miss]
|-miss|p1a: Archaludon|p2a: Amoonguss
|move|p2a: Amoonguss|Spore|p1a: Archaludon
|-status|p1a: Archaludon|slp|[from] move: Spore
|
|upkeep
|
|t:|1756487781
|switch|p2b: Garchomp|Garchomp, L50, F, tera:Steel|38/100
|turn|6
|inactive|IndianCrackCoffee has 30 seconds left.
|
|t:|1756487811
|switch|p1b: Whimsicott|Whimsicott, L50, F|67/100
|move|p2b: Garchomp|Stomping Tantrum|p1b: Whimsicott
|-resisted|p1b: Whimsicott
|-damage|p1b: Whimsicott|36/100
|-damage|p2b: Garchomp|28/100|[from] item: Life Orb
|cant|p1a: Archaludon|slp
|move|p2a: Amoonguss|Pollen Puff|p2b: Garchomp
|-heal|p2b: Garchomp|78/100
|
|-sideend|p1: IndianCrackCoffee|move: Tailwind
|upkeep
|turn|7
|inactive|IndianCrackCoffee has 30 seconds left.
|inactive|StealthHawkTuah has 30 seconds left.
|inactive|IndianCrackCoffee has 20 seconds left.
|inactive|StealthHawkTuah has 20 seconds left.
|inactive|IndianCrackCoffee has 15 seconds left.
|inactive|StealthHawkTuah has 15 seconds left.
|inactive|StealthHawkTuah has 10 seconds left.
|
|t:|1756487865
|cant|p1a: Archaludon|slp
|move|p1b: Whimsicott|Tailwind|p1b: Whimsicott
|-sidestart|p1: IndianCrackCoffee|move: Tailwind
|move|p2b: Garchomp|Earthquake|p1a: Archaludon|[spread] p2a,p1a,p1b
|-supereffective|p1a: Archaludon
|-resisted|p1b: Whimsicott
|-damage|p2a: Amoonguss|28/100
|-damage|p1a: Archaludon|10/100 slp
|-damage|p1b: Whimsicott|7/100
|-enditem|p2a: Amoonguss|Sitrus Berry|[eat]
|-heal|p2a: Amoonguss|53/100|[from] item: Sitrus Berry
|-damage|p2b: Garchomp|68/100|[from] item: Life Orb
|move|p2a: Amoonguss|Pollen Puff|p1b: Whimsicott
|-damage|p1b: Whimsicott|0 fnt
|faint|p1b: Whimsicott
|
|-sideend|p2: StealthHawkTuah|move: Tailwind
|upkeep
|
|t:|1756487881
|switch|p1b: Incineroar|Incineroar, L50, M|78/100
|-ability|p1b: Incineroar|Intimidate|boost
|-unboost|p2a: Amoonguss|atk|1
|-unboost|p2b: Garchomp|atk|1
|turn|8
|
|t:|1756487897
|-curestatus|p1a: Archaludon|slp|[msg]
|move|p1a: Archaludon|Flash Cannon|p2a: Amoonguss
|-damage|p2a: Amoonguss|0 fnt
|faint|p2a: Amoonguss
|move|p1b: Incineroar|Flare Blitz|p2b: Garchomp
|-supereffective|p2b: Garchomp
|-damage|p2b: Garchomp|0 fnt
|-damage|p1b: Incineroar|66/100|[from] ability: Rough Skin|[of] p2b: Garchomp
|faint|p2b: Garchomp
|-damage|p1b: Incineroar|45/100|[from] Recoil
|
|upkeep
|-message|StealthHawkTuah forfeited.
|
|win|IndianCrackCoffee
|raw|IndianCrackCoffee's rating: 1035 → 1066(+31 for winning)
|raw|StealthHawkTuah's rating: 1000 → 1000(+0 for losing)
|l|☆StealthHawkTuah
|player|p2|
