|j|☆SnorlaxPikachu1
|j|☆dialghite
|html|SnorlaxPikachu1dialghite    
|uhtml|bestof|Game 3 of a best-of-3
|t:|1755861702
|gametype|doubles
|player|p1|SnorlaxPikachu1|palmer|1338
|player|p2|dialghite|volkner|1352
|gen|9
|tier|[Gen 9] VGC 2025 Reg H (Bo3)
|rated|
|rule|Species Clause: Limit one of each Pokémon
|rule|Item Clause: Limit 1 of each item
|clearpoke
|poke|p1|Indeedee-F, L50, F|
|poke|p1|Delphox, L50, M|
|poke|p1|Annihilape, L50, F|
|poke|p1|Weezing-Galar, L50, F|
|poke|p1|Whimsicott, L50, M|
|poke|p1|Dragapult, L50, F|
|poke|p2|Whimsicott, L50, M|
|poke|p2|Dragonite, L50, M|
|poke|p2|Indeedee, L50, M|
|poke|p2|Sneasler, L50, M|
|poke|p2|Ursaluna-Bloodmoon, L50, M|
|poke|p2|Archaludon, L50, M|
|teampreview|4
|showteam|p1|Indeedee-F||SitrusBerry|PsychicSurge|FollowMe,HelpingHand,Psychic,TrickRoom|||F|||50|,,,,,Fairy]Delphox||LifeOrb|Blaze|NastyPlot,HeatWave,ExpandingForce,Protect|||M|||50|,,,,,Psychic]Annihilape||PsychicSeed|Defiant|BulkUp,DrainPunch,RageFist,Protect|||F|||50|,,,,,Grass]Weezing-Galar||RockyHelmet|NeutralizingGas|Taunt,StrangeSteam,WillOWisp,Protect|||F|||50|,,,,,Water]Whimsicott||FocusSash|Prankster|Tailwind,BeatUp,Moonblast,LightScreen|||M|||50|,,,,,Ghost]Dragapult||ChoiceBand|ClearBody|DragonDarts,Outrage,PhantomForce,Uturn|||F|||50|,,,,,Dragon
|showteam|p2|Whimsicott||CovertCloak|Prankster|Moonblast,Taunt,Tailwind,FakeTears|||M|||50|,,,,,Water]Dragonite||LoadedDice|Multiscale|ScaleShot,StompingTantrum,Haze,Protect|||M|||50|,,,,,Steel]Indeedee||FocusSash|PsychicSurge|ExpandingForce,TeraBlast,Imprison,TrickRoom|||M|||50|,,,,,Psychic]Sneasler||PsychicSeed|Unburden|CloseCombat,DireClaw,ThroatChop,Protect|||M|||50|,,,,,Dark]Ursaluna-Bloodmoon||LifeOrb|MindsEye|HyperVoice,BloodMoon,EarthPower,Protect|||M|||50|,,,,,Normal]Archaludon||PowerHerb|Stalwart|ElectroShot,DragonPulse,Thunderbolt,Protect|||M|||50|,,,,,Electric
|inactive|Battle timer is ON: inactive players will automatically lose when time's up. (requested by dialghite)
|
|t:|1755861727
|teamsize|p1|4
|teamsize|p2|4
|start
|switch|p1a: Baby launcher|Dragapult, L50, F|100/100
|switch|p1b: :D|Whimsicott, L50, M|100/100
|switch|p2a: Dragonite|Dragonite, L50, M|100/100
|switch|p2b: Sneasler|Sneasler, L50, M|100/100
|turn|1
|
|t:|1755861743
|-terastallize|p2a: Dragonite|Steel
|move|p1b: :D|Tailwind|p1b: :D
|-sidestart|p1: SnorlaxPikachu1|move: Tailwind
|move|p1a: Baby launcher|U-turn|p2a: Dragonite
|-resisted|p2a: Dragonite
|-damage|p2a: Dragonite|90/100
|
|t:|1755861749
|switch|p1a: Nuh uh|Indeedee-F, L50, F|100/100|[from] U-turn
|-fieldstart|move: Psychic Terrain|[from] ability: Psychic Surge|[of] p1a: Nuh uh
|-enditem|p2b: Sneasler|Psychic Seed
|-boost|p2b: Sneasler|spd|1|[from] item: Psychic Seed
|move|p2b: Sneasler|Dire Claw|p1b: :D
|-supereffective|p1b: :D
|-enditem|p1b: :D|Focus Sash
|-damage|p1b: :D|1/100
|-status|p1b: :D|slp
|move|p2a: Dragonite|Scale Shot|p1a: Nuh uh
|-damage|p1a: Nuh uh|86/100
|-damage|p1a: Nuh uh|72/100
|-damage|p1a: Nuh uh|59/100
|-damage|p1a: Nuh uh|45/100
|-enditem|p1a: Nuh uh|Sitrus Berry|[eat]
|-heal|p1a: Nuh uh|70/100|[from] item: Sitrus Berry
|-damage|p1a: Nuh uh|55/100
|-hitcount|p1a: Nuh uh|5
|-unboost|p2a: Dragonite|def|1
|-boost|p2a: Dragonite|spe|1
|
|upkeep
|turn|2
|
|t:|1755861766
|switch|p1b: Megan Fox|Delphox, L50, M|100/100
|move|p1a: Nuh uh|Follow Me|p1a: Nuh uh
|-singleturn|p1a: Nuh uh|move: Follow Me
|move|p2b: Sneasler|Dire Claw|p1a: Nuh uh
|-damage|p1a: Nuh uh|12/100
|-status|p1a: Nuh uh|psn
|move|p2a: Dragonite|Scale Shot|p1a: Nuh uh|[miss]
|-miss|p2a: Dragonite|p1a: Nuh uh
|
|-damage|p1a: Nuh uh|0 fnt|[from] psn
|faint|p1a: Nuh uh
|upkeep
|
|t:|1755861775
|switch|p1a: Baby launcher|Dragapult, L50, F|100/100
|turn|3
|
|t:|1755861782
|-terastallize|p1a: Baby launcher|Dragon
|move|p2a: Dragonite|Protect|p2a: Dragonite
|-singleturn|p2a: Dragonite|Protect
|move|p1a: Baby launcher|Dragon Darts|p2b: Sneasler
|-damage|p2b: Sneasler|18/100
|-anim|p1a: Baby launcher|Dragon Darts|p2b: Sneasler
|-damage|p2b: Sneasler|0 fnt
|faint|p2b: Sneasler
|move|p1b: Megan Fox|Heat Wave|p2a: Dragonite
|-activate|p2a: Dragonite|move: Protect
|
|upkeep
|
|t:|1755861785
|switch|p2b: Whimsicott|Whimsicott, L50, M|100/100
|turn|4
|j| takaki kusata
|
|t:|1755861796
|move|p2b: Whimsicott|Tailwind|p2b: Whimsicott
|-sidestart|p2: dialghite|move: Tailwind
|move|p2a: Dragonite|Scale Shot|p1b: Megan Fox
|-damage|p1b: Megan Fox|75/100
|-damage|p1b: Megan Fox|51/100
|-crit|p1b: Megan Fox
|-damage|p1b: Megan Fox|13/100
|-damage|p1b: Megan Fox|0 fnt
|faint|p1b: Megan Fox
|-hitcount|p1: Megan Fox|4
|-unboost|p2a: Dragonite|def|1
|-boost|p2a: Dragonite|spe|1
|move|p1a: Baby launcher|Dragon Darts|p2a: Dragonite
|-resisted|p2a: Dragonite
|-damage|p2a: Dragonite|34/100
|-anim|p1a: Baby launcher|Dragon Darts|p2a: Dragonite
|-resisted|p2a: Dragonite
|-damage|p2a: Dragonite|0 fnt
|faint|p2a: Dragonite
|
|-sideend|p1: SnorlaxPikachu1|move: Tailwind
|upkeep
|
|t:|1755861805
|switch|p1b: :D|Whimsicott, L50, M|1/100 slp
|switch|p2a: Indeedee|Indeedee, L50, M|100/100
|turn|5
|
|t:|1755861812
|cant|p1b: :D|slp
|move|p2b: Whimsicott|Moonblast|p1b: :D
|-damage|p1b: :D|0 fnt
|faint|p1b: :D
|move|p2a: Indeedee|Expanding Force|p1a: Baby launcher
|-damage|p1a: Baby launcher|2/100
|move|p1a: Baby launcher|Dragon Darts|p2a: Indeedee
|-enditem|p2a: Indeedee|Focus Sash
|-damage|p2a: Indeedee|1/100
|-anim|p1a: Baby launcher|Dragon Darts|p2a: Indeedee
|-damage|p2a: Indeedee|0 fnt
|faint|p2a: Indeedee
|
|-fieldend|move: Psychic Terrain
|upkeep
|turn|6
|
|t:|1755861819
|move|p2b: Whimsicott|Moonblast|p1a: Baby launcher
|-supereffective|p1a: Baby launcher
|-damage|p1a: Baby launcher|0 fnt
|faint|p1a: Baby launcher
|
|win|dialghite
|raw|SnorlaxPikachu1's rating: 1338 → 1319(-19 for losing)
|raw|dialghite's rating: 1352 → 1371(+19 for winning)
|c|☆SnorlaxPikachu1|gg
