|j|☆ScoobyDrewPOKMN
|j|☆ghotamcity2.0
|html|ScoobyDrewPOKMNghotamcity2.0    
|uhtml|bestof|Game 2 of a best-of-3
|t:|1757920900
|gametype|doubles
|player|p1|ScoobyDrewPOKMN|ltsurge|1043
|player|p2|ghotamcity2.0|biker-gen4|1084
|gen|9
|tier|[Gen 9] VGC 2025 Reg H (Bo3)
|rated|
|rule|Species Clause: Limit one of each Pokémon
|rule|Item Clause: Limit 1 of each item
|clearpoke
|poke|p1|Slaking, L50, M|
|poke|p1|Rillaboom, L50, M|
|poke|p1|Weezing, L50, M|
|poke|p1|Gholdengo, L50|
|poke|p1|Dragonite, L50, M|
|poke|p1|Quaquaval, L50, M|
|poke|p2|Incineroar, L50, F|
|poke|p2|Kommo-o, L50, F|
|poke|p2|Rillaboom, L50, F|
|poke|p2|Farigiraf, L50, M|
|poke|p2|Ursaluna-Bloodmoon, L50, M|
|poke|p2|Amoonguss, L50, F|
|teampreview|4
|showteam|p1|Slaking||LifeOrb|Truant|Protect,DoubleEdge,SuckerPunch,HighHorsepower|||M|||50|,,,,,Ghost]Rillaboom||AssaultVest|GrassySurge|GrassyGlide,WoodHammer,HighHorsepower,FakeOut|||M|||50|,,,,,Fire]Weezing||SitrusBerry|NeutralizingGas|Protect,Taunt,WillOWisp,SludgeBomb|||M|||50|,,,,,Ghost]Gholdengo||ChoiceScarf|GoodasGold|MakeItRain,ShadowBall,PowerGem,Trick||||||50|,,,,,Steel]Dragonite||ChoiceBand|InnerFocus|ExtremeSpeed,DragonRush,RockSlide,StompingTantrum|||M|||50|,,,,,Normal]Quaquaval||FocusSash|Moxie|Protect,CloseCombat,AquaStep,AquaJet|||M|||50|,,,,,Stellar
|showteam|p2|Incineroar||SafetyGoggles|Intimidate|FakeOut,FlareBlitz,KnockOff,PartingShot|||F|||50|,,,,,Water]Kommo-o||Leftovers|Overcoat|Protect,IronDefense,BodyPress,Flamethrower|||F|||50|,,,,,Fire]Rillaboom||AssaultVest|GrassySurge|FakeOut,DrumBeating,Uturn,GrassyGlide|||F|||50|,,,,,Fire]Farigiraf||ThroatSpray|ArmorTail|HyperVoice,Psychic,Protect,TrickRoom|||M|||50|,,,,,Grass]Ursaluna-Bloodmoon||LifeOrb|MindsEye|Protect,BloodMoon,HyperVoice,EarthPower|||M|||50|,,,,,Normal]Amoonguss||SitrusBerry|Regenerator|Protect,RagePowder,Spore,PollenPuff|||F|||50|,,,,,Water
|inactive|Battle timer is ON: inactive players will automatically lose when time's up. (requested by ScoobyDrewPOKMN)
|
|t:|1757920918
|teamsize|p1|4
|teamsize|p2|4
|start
|switch|p1a: Banana|Gholdengo, L50, shiny|100/100
|switch|p1b: Diddy And Dixie|Weezing, L50, M, shiny|100/100
|switch|p2a: Farigiraf|Farigiraf, L50, M|100/100
|switch|p2b: Ursaluna|Ursaluna-Bloodmoon, L50, M|100/100
|-ability|p1b: Diddy And Dixie|Neutralizing Gas
|turn|1
|inactive|ScoobyDrewPOKMN has 30 seconds left.
|
|t:|1757920947
|move|p1a: Banana|Make It Rain|p2a: Farigiraf|[spread] p2a,p2b
|-damage|p2a: Farigiraf|62/100
|-damage|p2b: Ursaluna|37/100
|-unboost|p1a: Banana|spa|1
|move|p1b: Diddy And Dixie|Taunt|p2a: Farigiraf
|-start|p2a: Farigiraf|move: Taunt
|move|p2a: Farigiraf|Hyper Voice|p1a: Banana|[spread] p1b
|-immune|p1a: Banana
|-crit|p1b: Diddy And Dixie
|-damage|p1b: Diddy And Dixie|46/100
|-enditem|p1b: Diddy And Dixie|Sitrus Berry|[eat]
|-heal|p1b: Diddy And Dixie|71/100|[from] item: Sitrus Berry
|-enditem|p2a: Farigiraf|Throat Spray
|-boost|p2a: Farigiraf|spa|1|[from] item: Throat Spray
|move|p2b: Ursaluna|Earth Power|p1a: Banana
|-supereffective|p1a: Banana
|-damage|p1a: Banana|0 fnt
|faint|p1a: Banana
|-damage|p2b: Ursaluna|27/100|[from] item: Life Orb
|
|upkeep
|inactive|ScoobyDrewPOKMN has 30 seconds left.
|
|t:|1757920980
|switch|p1a: Chunky-Kong|Slaking, L50, M, shiny|100/100
|turn|2
|inactive|ScoobyDrewPOKMN has 30 seconds left.
|
|t:|1757921010
|move|p1b: Diddy And Dixie|Protect|p1b: Diddy And Dixie
|-singleturn|p1b: Diddy And Dixie|Protect
|move|p1a: Chunky-Kong|Double-Edge|p2a: Farigiraf
|-damage|p2a: Farigiraf|0 fnt
|faint|p2a: Farigiraf
|-damage|p1a: Chunky-Kong|80/100|[from] Recoil
|-damage|p1a: Chunky-Kong|70/100|[from] item: Life Orb
|move|p2b: Ursaluna|Earth Power|p1b: Diddy And Dixie
|-activate|p1b: Diddy And Dixie|move: Protect
|
|upkeep
|
|t:|1757921016
|switch|p2a: Incineroar|Incineroar, L50, F|100/100
|turn|3
|inactive|ScoobyDrewPOKMN has 30 seconds left.
|inactive|ScoobyDrewPOKMN has 20 seconds left.
|
|t:|1757921056
|-end|p1b: Diddy And Dixie|ability: Neutralizing Gas
|-ability|p2a: Incineroar|Intimidate|boost
|-unboost|p1a: Chunky-Kong|atk|1
|-unboost|p1b: Diddy And Dixie|atk|1
|switch|p1b: Dik-Dik|Quaquaval, L50, M, shiny|100/100
|move|p1a: Chunky-Kong|Protect|p1a: Chunky-Kong
|-singleturn|p1a: Chunky-Kong|Protect
|move|p2a: Incineroar|Fake Out|p1a: Chunky-Kong
|-activate|p1a: Chunky-Kong|move: Protect
|move|p2b: Ursaluna|Earth Power|p1b: Dik-Dik
|-damage|p1b: Dik-Dik|8/100
|-damage|p2b: Ursaluna|17/100|[from] item: Life Orb
|
|upkeep
|turn|4
|inactive|ScoobyDrewPOKMN has 30 seconds left.
|
|t:|1757921086
|switch|p1a: Diddy And Dixie|Weezing, L50, M, shiny|71/100
|-ability|p1a: Diddy And Dixie|Neutralizing Gas
|switch|p2b: Kommo-o|Kommo-o, L50, F|100/100
|-terastallize|p1b: Dik-Dik|Stellar
|-terastallize|p2a: Incineroar|Water
|move|p1b: Dik-Dik|Aqua Step|p2a: Incineroar
|-resisted|p2a: Incineroar
|-crit|p2a: Incineroar
|-damage|p2a: Incineroar|59/100
|-boost|p1b: Dik-Dik|spe|1
|move|p2a: Incineroar|Parting Shot|p1a: Diddy And Dixie
|-unboost|p1a: Diddy And Dixie|atk|1
|-unboost|p1a: Diddy And Dixie|spa|1
|
|t:|1757921104
|switch|p2a: Ursaluna|Ursaluna-Bloodmoon, L50, M|17/100|[from] Parting Shot
|
|upkeep
|turn|5
|inactive|ScoobyDrewPOKMN has 30 seconds left.
|
|t:|1757921130
|move|p1a: Diddy And Dixie|Protect|p1a: Diddy And Dixie
|-singleturn|p1a: Diddy And Dixie|Protect
|move|p1b: Dik-Dik|Close Combat|p2b: Kommo-o
|-damage|p2b: Kommo-o|35/100
|-unboost|p1b: Dik-Dik|def|1
|-unboost|p1b: Dik-Dik|spd|1
|move|p2b: Kommo-o|Iron Defense|p2b: Kommo-o
|-boost|p2b: Kommo-o|def|2
|move|p2a: Ursaluna|Earth Power|p1a: Diddy And Dixie
|-activate|p1a: Diddy And Dixie|move: Protect
|
|-heal|p2b: Kommo-o|41/100|[from] item: Leftovers
|upkeep
|turn|6
|
|t:|1757921155
|-end|p1a: Diddy And Dixie|ability: Neutralizing Gas
|switch|p1a: Chunky-Kong|Slaking, L50, M, shiny|70/100
|move|p2a: Ursaluna|Protect|p2a: Ursaluna
|-singleturn|p2a: Ursaluna|Protect
|move|p1b: Dik-Dik|Close Combat|p2b: Kommo-o
|-damage|p2b: Kommo-o|13/100
|-unboost|p1b: Dik-Dik|def|1
|-unboost|p1b: Dik-Dik|spd|1
|move|p2b: Kommo-o|Iron Defense|p2b: Kommo-o
|-boost|p2b: Kommo-o|def|2
|
|-heal|p2b: Kommo-o|19/100|[from] item: Leftovers
|upkeep
|turn|7
|inactive|ScoobyDrewPOKMN has 30 seconds left.
|
|t:|1757921189
|move|p2b: Kommo-o|Protect|p2b: Kommo-o
|-singleturn|p2b: Kommo-o|Protect
|move|p1a: Chunky-Kong|Sucker Punch|p2a: Ursaluna
|-damage|p2a: Ursaluna|0 fnt
|faint|p2a: Ursaluna
|-damage|p1a: Chunky-Kong|60/100|[from] item: Life Orb
|move|p1b: Dik-Dik|Close Combat|p2b: Kommo-o
|-activate|p2b: Kommo-o|move: Protect
|
|-heal|p2b: Kommo-o|25/100|[from] item: Leftovers
|upkeep
|
|t:|1757921199
|switch|p2a: Incineroar|Incineroar, L50, F, tera:Water|59/100
|-ability|p2a: Incineroar|Intimidate|boost
|-unboost|p1a: Chunky-Kong|atk|1
|-unboost|p1b: Dik-Dik|atk|1
|turn|8
|
|t:|1757921220
|switch|p1a: Diddy And Dixie|Weezing, L50, M, shiny|71/100
|-ability|p1a: Diddy And Dixie|Neutralizing Gas
|move|p2a: Incineroar|Fake Out|p1b: Dik-Dik
|-damage|p1b: Dik-Dik|0 fnt
|faint|p1b: Dik-Dik
|move|p2b: Kommo-o|Body Press|p1a: Diddy And Dixie
|-resisted|p1a: Diddy And Dixie
|-damage|p1a: Diddy And Dixie|24/100
|
|-heal|p2b: Kommo-o|31/100|[from] item: Leftovers
|upkeep
|
|t:|1757921227
|switch|p1b: Chunky-Kong|Slaking, L50, M, shiny|60/100
|turn|9
|inactiveoff|Battle timer is now OFF.
|inactive|Battle timer is ON: inactive players will automatically lose when time's up. (requested by ghotamcity2.0)
|
|t:|1757921272
|move|p2b: Kommo-o|Protect|p2b: Kommo-o
|-singleturn|p2b: Kommo-o|Protect
|move|p1b: Chunky-Kong|Double-Edge|p2a: Incineroar
|-damage|p2a: Incineroar|0 fnt
|faint|p2a: Incineroar
|-damage|p1b: Chunky-Kong|43/100|[from] Recoil
|-damage|p1b: Chunky-Kong|33/100|[from] item: Life Orb
|move|p1a: Diddy And Dixie|Sludge Bomb|p2b: Kommo-o
|-activate|p2b: Kommo-o|move: Protect
|
|-heal|p2b: Kommo-o|37/100|[from] item: Leftovers
|upkeep
|turn|10
|
|t:|1757921291
|move|p1b: Chunky-Kong|Double-Edge|p2b: Kommo-o
|-damage|p2b: Kommo-o|9/100
|-damage|p1b: Chunky-Kong|26/100|[from] Recoil
|-damage|p1b: Chunky-Kong|16/100|[from] item: Life Orb
|move|p1a: Diddy And Dixie|Sludge Bomb|p2b: Kommo-o
|-damage|p2b: Kommo-o|0 fnt
|faint|p2b: Kommo-o
|
|win|ScoobyDrewPOKMN
||ghotamcity2.0 is ready for game 3.
|inactive|ScoobyDrewPOKMN has 30 seconds to confirm battle start!
||ScoobyDrewPOKMN is ready for game 3.
|uhtml|next|Next: Game 3 of 3
