|j|☆chefo
|j|☆FOXING87
|html|chefoFOXING87    
|uhtml|bestof|Game 1 of a best-of-3
|t:|1784840027
|gametype|doubles
|player|p1|chefo|roxie|1044
|player|p2|FOXING87|steven|1000
|gen|9
|tier|[Gen 9 Champions] VGC 2026 Reg M-B (Bo3)
|rated|
|rule|Species Clause: Limit one of each Pokémon
|rule|Item Clause: Limit 1 of each item
|clearpoke
|poke|p1|Kingambit, L50, M|
|poke|p1|Basculegion, L50, M|
|poke|p1|Garchomp, L50, F|
|poke|p1|Charizard, L50, M|
|poke|p1|Whimsicott, L50, M|
|poke|p1|Floette-Eternal, L50, F|
|poke|p2|Raichu, L50, M, shiny|
|poke|p2|Incineroar, L50, M, shiny|
|poke|p2|Lucario, L50, M, shiny|
|poke|p2|Corviknight, L50, F, shiny|
|poke|p2|Farigiraf, L50, F, shiny|
|poke|p2|Runerigus, L50, M|
|teampreview|4
|showteam|p1|Kingambit||BlackGlasses|Defiant|SuckerPunch,KowtowCleave,Protect,IronHead|Adamant||M|||50|]Basculegion||MysticWater|Adaptability|LastRespects,AquaJet,WaveCrash,Protect|Adamant||M|||50|]Garchomp||LifeOrb|RoughSkin|DragonClaw,Earthquake,Protect,RockSlide|Jolly||F|||50|]Charizard||CharizarditeY|Blaze|Protect,HeatWave,WeatherBall,SolarBeam|Modest||M|||50|]Whimsicott||FocusSash|Prankster|Tailwind,Moonblast,Protect,Encore|Timid||M|||50|]Floette-Eternal||Floettite|FlowerVeil|DazzlingGleam,Moonblast,Protect,CalmMind|Timid||F|||50|
|showteam|p2|Raichu||RaichuniteY|Static|Protect,FakeOut,ZapCannon,DrainPunch|Lax||M|||50|]Incineroar||MuscleBand|Intimidate|Protect,FakeOut,FlareBlitz,DarkestLariat|Sassy||M|||50|]Lucario||Lucarionite|Steadfast|Protect,AuraSphere,FlashCannon,VacuumWave|Timid||M|||50|]Corviknight||Leftovers|Pressure|Roost,Protect,BodyPress,IronDefense|Bold||F|||50|]Farigiraf||SitrusBerry|ArmorTail|Protect,Psychic,HyperVoice,HelpingHand|Quiet||F|||50|]Runerigus||LifeOrb|WanderingSpirit|BodyPress,TrickRoom,Earthquake,ShadowClaw|Brave||M|||50|
|inactive|Battle timer is ON: inactive players will automatically lose when time's up. (requested by FOXING87)
|inactive|chefo has 60 seconds left.
|
|t:|1784840101
|teamsize|p1|4
|teamsize|p2|4
|start
|switch|p1a: Charizard|Charizard, L50, M|100/100
|switch|p1b: Whimsicott|Whimsicott, L50, M|100/100
|switch|p2a: Lucario|Lucario, L50, M, shiny|100/100
|switch|p2b: Farigiraf|Farigiraf, L50, F, shiny|100/100
|turn|1
|inactive|FOXING87 has 30 seconds left.
|
|t:|1784840129
|detailschange|p1a: Charizard|Charizard-Mega-Y, L50, M
|-mega|p1a: Charizard|Charizard|Charizardite Y
|-weather|SunnyDay|[from] ability: Drought|[of] p1a: Charizard
|move|p2a: Lucario|Protect|p2a: Lucario
|-singleturn|p2a: Lucario|Protect
|move|p1b: Whimsicott|Tailwind|p1b: Whimsicott
|-sidestart|p1: chefo|move: Tailwind
|move|p1a: Charizard|Heat Wave|p2a: Lucario|[spread] 
|-activate|p2a: Lucario|move: Protect
|-miss|p1a: Charizard|p2b: Farigiraf
|move|p2b: Farigiraf|Hyper Voice|p1a: Charizard|[spread] p1a,p1b
|-damage|p1a: Charizard|75/100
|-damage|p1b: Whimsicott|51/100
|
|-weather|SunnyDay|[upkeep]
|upkeep
|turn|2
|inactive|FOXING87 has 30 seconds left.
|
|t:|1784840156
|switch|p2a: Incineroar|Incineroar, L50, M, shiny|100/100
|-ability|p2a: Incineroar|Intimidate|boost
|-unboost|p1a: Charizard|atk|1
|-unboost|p1b: Whimsicott|atk|1
|move|p2b: Farigiraf|Protect|p2b: Farigiraf
|-singleturn|p2b: Farigiraf|Protect
|move|p1b: Whimsicott|Encore||[still]
|cant|p2b: Farigiraf|ability: Armor Tail|Encore|[of] p1b: Whimsicott
|move|p1a: Charizard|Heat Wave|p2b: Farigiraf|[spread] p2a
|-activate|p2b: Farigiraf|move: Protect
|-resisted|p2a: Incineroar|1
|-damage|p2a: Incineroar|77/100
|
|-weather|SunnyDay|[upkeep]
|upkeep
|turn|3
|inactive|chefo has 30 seconds left.
|
|t:|1784840185
|move|p1b: Whimsicott|Moonblast|p2a: Incineroar
|-damage|p2a: Incineroar|50/100g
|move|p1a: Charizard|Heat Wave|p2b: Farigiraf|[spread] p2a,p2b
|-resisted|p2a: Incineroar|1
|-damage|p2a: Incineroar|29/100
|-damage|p2b: Farigiraf|45/100
|-enditem|p2b: Farigiraf|Sitrus Berry|[eat]
|-heal|p2b: Farigiraf|70/100|[from] item: Sitrus Berry
|move|p2b: Farigiraf|Hyper Voice|p1a: Charizard|[spread] p1a,p1b
|-damage|p1a: Charizard|50/100g
|-damage|p1b: Whimsicott|0 fnt
|faint|p1b: Whimsicott
|move|p2a: Incineroar|Darkest Lariat|p1a: Charizard
|-damage|p1a: Charizard|15/100
|
|-weather|SunnyDay|[upkeep]
|upkeep
|
|t:|1784840205
|switch|p1b: Garchomp|Garchomp, L50, F|100/100
|turn|4
|
|t:|1784840225
|move|p1b: Garchomp|Earthquake|p2a: Incineroar|[spread] p2a,p2b
|-immune|p1a: Charizard
|-supereffective|p2a: Incineroar|1
|-damage|p2a: Incineroar|0 fnt
|-damage|p2b: Farigiraf|19/100
|faint|p2a: Incineroar
|-damage|p1b: Garchomp|90/100|[from] item: Life Orb
|move|p1a: Charizard|Weather Ball|p2b: Farigiraf
|-damage|p2b: Farigiraf|0 fnt
|faint|p2b: Farigiraf
|
|-weather|SunnyDay|[upkeep]
|-sideend|p1: chefo|move: Tailwind
|upkeep
|
|t:|1784840237
|switch|p2a: Lucario|Lucario, L50, M, shiny|100/100
|switch|p2b: Raichu|Raichu, L50, M, shiny|100/100
|turn|5
|inactive|FOXING87 has 30 seconds left.
|
|t:|1784840264
|detailschange|p2a: Lucario|Lucario-Mega, L50, M, shiny
|-mega|p2a: Lucario|Lucario|Lucarionite
|move|p1a: Charizard|Protect|p1a: Charizard
|-singleturn|p1a: Charizard|Protect
|move|p2b: Raichu|Fake Out|p1a: Charizard
|-activate|p1a: Charizard|move: Protect
|move|p1b: Garchomp|Earthquake|p2a: Lucario|[spread] p2a,p2b
|-activate|p1a: Charizard|move: Protect
|-supereffective|p2a: Lucario|1
|-supereffective|p2b: Raichu|1
|-crit|p2b: Raichu
|-damage|p2a: Lucario|0 fnt
|-damage|p2b: Raichu|0 fnt
|faint|p2a: Lucario
|faint|p2b: Raichu
|-damage|p1b: Garchomp|80/100|[from] item: Life Orb
|
|win|chefo
||FOXING87 is ready for game 2.
|inactive|chefo has 30 seconds to confirm battle start!
||chefo is ready for game 2.
|uhtml|next|Next: Game 2 of 3
|l|☆FOXING87
|player|p2|
