|j|☆Smoggy__
|j|☆viatles
|html|Smoggy__viatles    
|uhtml|bestof|Game 1 of a best-of-3
|t:|1756926721
|gametype|doubles
|player|p1|Smoggy__|wallace|1000
|player|p2|viatles|hiker|1054
|gen|9
|tier|[Gen 9] VGC 2025 Reg H (Bo3)
|rated|
|rule|Species Clause: Limit one of each Pokémon
|rule|Item Clause: Limit 1 of each item
|clearpoke
|poke|p1|Espathra, L50, M|
|poke|p1|Indeedee-F, L50, F|
|poke|p1|Sneasler, L50, F|
|poke|p1|Hydreigon, L50, F|
|poke|p1|Annihilape, L50, F|
|poke|p1|Arcanine-Hisui, L50, M|
|poke|p2|Oricorio-Sensu, L50, M|
|poke|p2|Volcarona, L50, M|
|poke|p2|Garchomp, L50, M|
|poke|p2|Scizor, L50, F|
|poke|p2|Mienshao, L50, M|
|poke|p2|Milotic, L50, F|
|teampreview|4
|showteam|p1|Espathra||LifeOrb|SpeedBoost|ExpandingForce,LuminaCrash,DazzlingGleam,Protect|||M|||50|,,,,,Fairy]Indeedee-F||RockyHelmet|PsychicSurge|Psychic,FollowMe,HelpingHand,Protect|||F|||50|,,,,,Fairy]Sneasler||PsychicSeed|Unburden|DireClaw,CloseCombat,ThroatChop,Protect|||F|||50|,,,,,Dark]Hydreigon||SafetyGoggles|Levitate|DracoMeteor,Snarl,Taunt,Protect|||F|||50|,,,,,Ghost]Annihilape||ChoiceScarf|Defiant|CloseCombat,FinalGambit,ShadowClaw,Uturn|||F|||50|,,,,,Grass]Arcanine-Hisui||MirrorHerb|Intimidate|FlareBlitz,RockSlide,CloseCombat,Protect|||M|||50|,,,,,Water
|showteam|p2|Oricorio-Sensu||FocusSash|Dancer|QuiverDance,BatonPass,RevelationDance,Protect|||M|||50|,,,,,Fighting]Volcarona||SitrusBerry|FlameBody|QuiverDance,GigaDrain,FieryDance,Protect|||M|||50|,,,,,Grass]Garchomp||ClearAmulet|RoughSkin|IronHead,DragonClaw,RockSlide,Earthquake|||M|||50|,,,,,Steel]Scizor||AssaultVest|Technician|BulletPunch,BugBite,DualWingbeat,Thief|||F|||50|,,,,,Stellar]Mienshao||SafetyGoggles|InnerFocus|FakeOut,CloseCombat,TripleAxel,WideGuard|||M|||50|,,,,,Fire]Milotic||Leftovers|Competitive|Scald,Protect,IcyWind,LifeDew|||F|||50|,,,,,Grass
|c|☆viatles|gl hf
|inactive|Battle timer is ON: inactive players will automatically lose when time's up. (requested by viatles)
|inactive|viatles has 60 seconds left.
|
|t:|1756926763
|teamsize|p1|4
|teamsize|p2|4
|start
|switch|p1a: Arcanine|Arcanine-Hisui, L50, M|100/100
|switch|p1b: Espathra|Espathra, L50, M|100/100
|switch|p2a: Milotic|Milotic, L50, F|100/100
|switch|p2b: Volcarona|Volcarona, L50, M|100/100
|-ability|p1a: Arcanine|Intimidate|boost
|-unboost|p2a: Milotic|atk|1
|-ability|p2a: Milotic|Competitive|boost
|-boost|p2a: Milotic|spa|2
|-unboost|p2b: Volcarona|atk|1
|-enditem|p1a: Arcanine|Mirror Herb
|-boost|p1a: Arcanine|spa|2|[from] item: Mirror Herb
|turn|1
|inactive|viatles has 30 seconds left.
|inactive|Smoggy__ has 30 seconds left.
|
|t:|1756926795
|-terastallize|p1a: Arcanine|Water
|move|p2b: Volcarona|Protect|p2b: Volcarona
|-singleturn|p2b: Volcarona|Protect
|move|p1b: Espathra|Lumina Crash|p2a: Milotic
|-crit|p2a: Milotic
|-damage|p2a: Milotic|51/100
|-unboost|p2a: Milotic|spd|2
|-ability|p2a: Milotic|Competitive|boost
|-boost|p2a: Milotic|spa|2
|-damage|p1b: Espathra|90/100|[from] item: Life Orb
|move|p1a: Arcanine|Rock Slide|p2a: Milotic|[spread] p2a
|-activate|p2b: Volcarona|move: Protect
|-damage|p2a: Milotic|29/100
|cant|p2a: Milotic|flinch
|
|-heal|p2a: Milotic|35/100|[from] item: Leftovers
|-ability|p1b: Espathra|Speed Boost|boost
|-boost|p1b: Espathra|spe|1
|upkeep
|turn|2
|inactive|viatles has 30 seconds left.
|inactive|Smoggy__ has 30 seconds left.
|
|t:|1756926835
|switch|p1a: Indeedee|Indeedee-F, L50, F|100/100
|-fieldstart|move: Psychic Terrain|[from] ability: Psychic Surge|[of] p1a: Indeedee
|-terastallize|p2b: Volcarona|Grass
|move|p2a: Milotic|Protect|p2a: Milotic
|-singleturn|p2a: Milotic|Protect
|move|p1b: Espathra|Expanding Force|p2a: Milotic|[spread] p2b
|-activate|p2a: Milotic|move: Protect
|-damage|p2b: Volcarona|35/100
|-enditem|p2b: Volcarona|Sitrus Berry|[eat]
|-heal|p2b: Volcarona|59/100|[from] item: Sitrus Berry
|-damage|p1b: Espathra|80/100|[from] item: Life Orb
|move|p2b: Volcarona|Quiver Dance|p2b: Volcarona
|-boost|p2b: Volcarona|spa|1
|-boost|p2b: Volcarona|spd|1
|-boost|p2b: Volcarona|spe|1
|
|-heal|p2a: Milotic|41/100|[from] item: Leftovers
|-ability|p1b: Espathra|Speed Boost|boost
|-boost|p1b: Espathra|spe|1
|upkeep
|turn|3
|
|t:|1756926860
|move|p1a: Indeedee|Helping Hand|p1b: Espathra
|-singleturn|p1b: Espathra|Helping Hand|[of] p1a: Indeedee
|move|p1b: Espathra|Expanding Force|p2b: Volcarona|[spread] p2a,p2b
|-damage|p2a: Milotic|0 fnt
|-damage|p2b: Volcarona|0 fnt
|faint|p2a: Milotic
|faint|p2b: Volcarona
|-damage|p1b: Espathra|70/100|[from] item: Life Orb
|
|-ability|p1b: Espathra|Speed Boost|boost
|-boost|p1b: Espathra|spe|1
|upkeep
|
|t:|1756926870
|switch|p2b: Mienshao|Mienshao, L50, M|100/100
|switch|p2a: Oricorio|Oricorio-Sensu, L50, M|100/100
|turn|4
|
|t:|1756926877
|move|p2b: Mienshao|Wide Guard|p2b: Mienshao
|-singleturn|p2b: Mienshao|Wide Guard
|move|p1a: Indeedee|Follow Me|p1a: Indeedee
|-singleturn|p1a: Indeedee|move: Follow Me
|move|p1b: Espathra|Expanding Force|p2a: Oricorio|[spread] 
|-activate|p2a: Oricorio|move: Wide Guard
|-activate|p2b: Mienshao|move: Wide Guard
|move|p2a: Oricorio|Quiver Dance|p2a: Oricorio
|-boost|p2a: Oricorio|spa|1
|-boost|p2a: Oricorio|spd|1
|-boost|p2a: Oricorio|spe|1
|
|-ability|p1b: Espathra|Speed Boost|boost
|-boost|p1b: Espathra|spe|1
|upkeep
|turn|5
|inactive|viatles has 30 seconds left.
|
|t:|1756926906
|move|p2a: Oricorio|Protect|p2a: Oricorio
|-singleturn|p2a: Oricorio|Protect
|move|p1a: Indeedee|Follow Me|p1a: Indeedee
|-singleturn|p1a: Indeedee|move: Follow Me
|move|p1b: Espathra|Lumina Crash|p2b: Mienshao
|-supereffective|p2b: Mienshao
|-damage|p2b: Mienshao|0 fnt
|faint|p2b: Mienshao
|-damage|p1b: Espathra|60/100|[from] item: Life Orb
|
|-ability|p1b: Espathra|Speed Boost|boost
|-boost|p1b: Espathra|spe|1
|upkeep
|turn|6
|
|t:|1756926917
|move|p1a: Indeedee|Follow Me|p1a: Indeedee
|-singleturn|p1a: Indeedee|move: Follow Me
|move|p1b: Espathra|Lumina Crash|p2a: Oricorio
|-damage|p2a: Oricorio|28/100
|-unboost|p2a: Oricorio|spd|2
|-damage|p1b: Espathra|50/100|[from] item: Life Orb
|move|p2a: Oricorio|Revelation Dance|p1a: Indeedee
|-immune|p1a: Indeedee
|
|-fieldend|move: Psychic Terrain
|-ability|p1b: Espathra|Speed Boost|boost
|-boost|p1b: Espathra|spe|1
|upkeep
|turn|7
|
|t:|1756926937
|move|p1a: Indeedee|Follow Me|p1a: Indeedee
|-singleturn|p1a: Indeedee|move: Follow Me
|move|p1b: Espathra|Lumina Crash|p2a: Oricorio
|-damage|p2a: Oricorio|0 fnt
|faint|p2a: Oricorio
|-damage|p1b: Espathra|40/100|[from] item: Life Orb
|
|win|Smoggy__
