|j|☆premier valiant
|j|‽345t34rf3
|html|premier valiant345t34rf3    
|uhtml|bestof|Game 1 of a best-of-3
|t:|1784649387
|gametype|doubles
|player|p1|premier valiant|archer|1072
|player|p2|345t34rf3|170|1138
|gen|9
|tier|[Gen 9 Champions] VGC 2026 Reg M-B (Bo3)
|rated|
|rule|Species Clause: Limit one of each Pokémon
|rule|Item Clause: Limit 1 of each item
|clearpoke
|poke|p1|Kingambit, L50, M|
|poke|p1|Delphox, L50, F|
|poke|p1|Sinistcha, L50|
|poke|p1|Sneasler, L50, F|
|poke|p1|Incineroar, L50, F|
|poke|p1|Blastoise, L50, F|
|poke|p2|Torkoal, L50, M|
|poke|p2|Farigiraf, L50, F|
|poke|p2|Staraptor, L50, F|
|poke|p2|Incineroar, L50, F|
|poke|p2|Whimsicott, L50, F|
|poke|p2|Charizard, L50, M|
|teampreview|4
|showteam|p1|Kingambit||BlackGlasses|Defiant|KowtowCleave,SuckerPunch,SwordsDance,Protect|Adamant||M|||50|]Delphox||Delphoxite|Blaze|HeatWave,NastyPlot,Psychic,Protect|Timid||F|||50|]Sinistcha||OccaBerry|Hospitality|MatchaGotcha,RagePowder,TrickRoom,Protect|Bold|||||50|]Sneasler||FocusSash|PoisonTouch|PoisonJab,CloseCombat,FakeOut,QuickGuard|Jolly||F|||50|]Incineroar||SitrusBerry|Intimidate|FlareBlitz,HelpingHand,PartingShot,FakeOut|Careful||F|||50|]Blastoise||Blastoisinite|RainDish|DarkPulse,WaterSpout,ShellSmash,Protect|Modest||F|||50|
|showteam|p2|Torkoal||Charcoal|Drought|Eruption,Protect,HelpingHand,EarthPower|Bold||M|||50|]Farigiraf||SitrusBerry|ArmorTail|Protect,Psychic,HelpingHand,TrickRoom|Serious||F|||50|]Staraptor||Staraptite|Intimidate|CloseCombat,Protect,BraveBird,Roost|Serious||F|||50|]Incineroar||ChopleBerry|Intimidate|PartingShot,FlareBlitz,FakeOut,ThroatChop|Serious||F|||50|]Whimsicott||FocusSash|Prankster|Tailwind,Moonblast,Charm,Protect|Timid||F|||50|]Charizard||CharizarditeY|SolarPower|Protect,HeatWave,WeatherBall,SolarBeam|Timid||M|||50|
|inactive|Battle timer is ON: inactive players will automatically lose when time's up. (requested by premier valiant)
|inactive|premier valiant has 60 seconds left.
|inactive|345t34rf3 has 60 seconds left.
|
|t:|1784649420
|teamsize|p1|4
|teamsize|p2|4
|start
|switch|p1a: Incineroar|Incineroar, L50, F|100/100
|switch|p1b: Delphox|Delphox, L50, F|100/100
|switch|p2a: Staraptor|Staraptor, L50, F|100/100
|switch|p2b: Whimsicott|Whimsicott, L50, F|100/100
|-ability|p2a: Staraptor|Intimidate|boost
|-unboost|p1a: Incineroar|atk|1
|-unboost|p1b: Delphox|atk|1
|-ability|p1a: Incineroar|Intimidate|boost
|-unboost|p2a: Staraptor|atk|1
|-unboost|p2b: Whimsicott|atk|1
|turn|1
|inactive|345t34rf3 has 30 seconds left.
|
|t:|1784649449
|switch|p2b: Farigiraf|Farigiraf, L50, F|100/100
|detailschange|p1b: Delphox|Delphox-Mega, L50, F
|-mega|p1b: Delphox|Delphox|Delphoxite
|detailschange|p2a: Staraptor|Staraptor-Mega, L50, F
|-mega|p2a: Staraptor|Staraptor|Staraptite
|move|p1a: Incineroar|Fake Out||[still]
|cant|p2b: Farigiraf|ability: Armor Tail|Fake Out|[of] p1a: Incineroar
|move|p1b: Delphox|Nasty Plot|p1b: Delphox
|-boost|p1b: Delphox|spa|2
|move|p2a: Staraptor|Close Combat|p1a: Incineroar
|-supereffective|p1a: Incineroar|1
|-damage|p1a: Incineroar|28/100
|-boost|p2a: Staraptor|def|1
|-boost|p2a: Staraptor|spd|1
|-enditem|p1a: Incineroar|Sitrus Berry|[eat]
|-heal|p1a: Incineroar|53/100|[from] item: Sitrus Berry
|
|upkeep
|turn|2
|inactive|premier valiant has 30 seconds left.
|inactive|345t34rf3 has 30 seconds left.
|inactive|345t34rf3 has 20 seconds left.
|inactive|345t34rf3 has 15 seconds left.
|
|t:|1784649491
|switch|p2b: Incineroar|Incineroar, L50, F|100/100
|-ability|p2b: Incineroar|Intimidate|boost
|-unboost|p1a: Incineroar|atk|1
|-unboost|p1b: Delphox|atk|1
|move|p1a: Incineroar|Helping Hand|p1b: Delphox
|-singleturn|p1b: Delphox|Helping Hand|[of] p1a: Incineroar
|move|p2a: Staraptor|Protect|p2a: Staraptor
|-singleturn|p2a: Staraptor|Protect
|move|p1b: Delphox|Heat Wave|p2a: Staraptor|[spread] p2b
|-activate|p2a: Staraptor|move: Protect
|-resisted|p2b: Incineroar|1
|-damage|p2b: Incineroar|44/100
|
|upkeep
|turn|3
|
|t:|1784649506
|switch|p1a: Sinistcha|Sinistcha, L50|100/100
|move|p1b: Delphox|Protect|p1b: Delphox
|-singleturn|p1b: Delphox|Protect
|move|p2b: Incineroar|Fake Out|p1b: Delphox
|-activate|p1b: Delphox|move: Protect
|move|p2a: Staraptor|Close Combat|p1a: Sinistcha
|-immune|p1a: Sinistcha
|
|upkeep
|turn|4
|
|t:|1784649522
|move|p2a: Staraptor|Protect|p2a: Staraptor
|-singleturn|p2a: Staraptor|Protect
|move|p1a: Sinistcha|Rage Powder|p1a: Sinistcha
|-singleturn|p1a: Sinistcha|move: Rage Powder
|move|p1b: Delphox|Psychic|p2a: Staraptor
|-activate|p2a: Staraptor|move: Protect
|move|p2b: Incineroar|Throat Chop|p1a: Sinistcha
|-supereffective|p1a: Sinistcha|1
|-damage|p1a: Sinistcha|49/100
|-start|p1a: Sinistcha|Throat Chop|[silent]
|
|upkeep
|turn|5
|
|t:|1784649544
|switch|p2a: Farigiraf|Farigiraf, L50, F|100/100
|move|p1a: Sinistcha|Rage Powder|p1a: Sinistcha
|-singleturn|p1a: Sinistcha|move: Rage Powder
|move|p1b: Delphox|Psychic|p2a: Farigiraf
|-resisted|p2a: Farigiraf|1
|-damage|p2a: Farigiraf|45/100
|-enditem|p2a: Farigiraf|Sitrus Berry|[eat]
|-heal|p2a: Farigiraf|70/100|[from] item: Sitrus Berry
|move|p2b: Incineroar|Throat Chop|p1a: Sinistcha
|-supereffective|p1a: Sinistcha|1
|-damage|p1a: Sinistcha|1/100
|
|-end|p1a: Sinistcha|Throat Chop|[silent]
|upkeep
|turn|6
|
|t:|1784649558
|move|p1b: Delphox|Heat Wave|p2a: Farigiraf|[spread] p2a,p2b
|-resisted|p2b: Incineroar|1
|-damage|p2a: Farigiraf|0 fnt
|-damage|p2b: Incineroar|8/100
|faint|p2a: Farigiraf
|move|p1a: Sinistcha|Matcha Gotcha|p2b: Incineroar
|-resisted|p2b: Incineroar|1
|-damage|p2b: Incineroar|0 fnt
|-heal|p1a: Sinistcha|6/100|[from] drain|[of] p2b: Incineroar
|faint|p2b: Incineroar
|
|upkeep
|
|t:|1784649562
|switch|p2a: Whimsicott|Whimsicott, L50, F|100/100
|switch|p2b: Staraptor|Staraptor-Mega, L50, F|100/100
|turn|7
|
|t:|1784649569
|move|p2b: Staraptor|Protect|p2b: Staraptor
|-singleturn|p2b: Staraptor|Protect
|move|p1a: Sinistcha|Rage Powder|p1a: Sinistcha
|-singleturn|p1a: Sinistcha|move: Rage Powder
|move|p1b: Delphox|Psychic|p2b: Staraptor
|-activate|p2b: Staraptor|move: Protect
|move|p2a: Whimsicott|Moonblast|p1a: Sinistcha
|-damage|p1a: Sinistcha|0 fnt
|faint|p1a: Sinistcha
|
|upkeep
|
|t:|1784649571
|switch|p1a: Sneasler|Sneasler, L50, F|100/100
|turn|8
|
|t:|1784649585
|move|p2b: Staraptor|Protect||[still]
|-fail|p2b: Staraptor
|move|p1a: Sneasler|Fake Out|p2a: Whimsicott
|-damage|p2a: Whimsicott|83/100
|cant|p2a: Whimsicott|flinch
|move|p1b: Delphox|Psychic|p2b: Staraptor
|-supereffective|p2b: Staraptor|1
|-damage|p2b: Staraptor|0 fnt
|faint|p2b: Staraptor
|
|upkeep
|turn|9
|-message|345t34rf3 forfeited.
|
|win|premier valiant
